timestamp,ltp,volume
2021-06-16 09:15:50,748.7,180839
2021-06-16 09:15:51,748.4,181960
2021-06-16 09:15:52,748.75,181963
2021-06-16 09:15:53,748.4,183665
2021-06-16 09:15:54,748.4,184032
2021-06-16 09:15:55,748.4,184032
2021-06-16 09:15:56,748.35,185426
2021-06-16 09:15:57,748.5,186676
2021-06-16 09:15:58,748.4,186797
2021-06-16 09:15:59,748.3,187348
2021-06-16 09:16:00,748.45,187387
2021-06-16 09:16:01,748.0,189631
2021-06-16 09:16:02,747.25,194908
2021-06-16 09:16:04,747.25,195912
2021-06-16 09:16:05,747.25,195912
2021-06-16 09:16:06,747.15,198229
2021-06-16 09:16:07,747.1,198924
2021-06-16 09:16:08,747.1,198924
2021-06-16 09:16:09,747.0,202259
2021-06-16 09:16:10,747.0,202444
2021-06-16 09:16:11,746.7,203604
2021-06-16 09:16:12,746.75,204364
2021-06-16 09:16:13,747.0,205474
2021-06-16 09:16:14,747.0,206845
2021-06-16 09:16:15,747.0,207525
2021-06-16 09:16:16,747.0,207525
2021-06-16 09:16:17,746.8,208185
2021-06-16 09:16:18,747.0,209168
2021-06-16 09:16:19,747.0,209220
2021-06-16 09:16:20,746.95,209237
2021-06-16 09:16:21,746.8,209958
2021-06-16 09:16:22,746.8,210916
2021-06-16 09:16:23,746.8,210916
2021-06-16 09:16:24,746.95,211120
2021-06-16 09:16:25,746.85,211320
2021-06-16 09:16:26,746.85,211479
2021-06-16 09:16:27,747.0,211612
2021-06-16 09:16:28,747.05,221706
2021-06-16 09:16:29,747.1,222116
2021-06-16 09:16:30,747.55,225015
2021-06-16 09:16:31,747.5,225785
2021-06-16 09:16:32,747.45,226779
2021-06-16 09:16:33,747.4,227254
2021-06-16 09:16:34,747.55,227349
2021-06-16 09:16:35,747.5,228071
2021-06-16 09:16:36,747.45,229268
2021-06-16 09:16:37,747.5,229365
2021-06-16 09:16:38,747.85,244807
2021-06-16 09:16:39,747.9,249592
2021-06-16 09:16:40,747.9,250317
2021-06-16 09:16:41,747.7,251001
2021-06-16 09:16:42,747.7,254631
2021-06-16 09:16:43,748.0,255437
2021-06-16 09:16:44,747.75,255889
2021-06-16 09:16:45,747.4,256635
2021-06-16 09:16:47,747.25,256967
2021-06-16 09:16:47,747.25,256967
2021-06-16 09:16:49,747.35,271661
2021-06-16 09:16:50,747.4,276152
2021-06-16 09:16:50,747.4,276027
2021-06-16 09:16:51,747.6,276762
2021-06-16 09:16:52,747.35,277737
2021-06-16 09:16:53,747.3,279796
2021-06-16 09:16:54,747.25,281373
2021-06-16 09:16:55,747.35,281743
2021-06-16 09:16:57,747.15,282776
2021-06-16 09:16:58,747.2,283319
2021-06-16 09:16:59,747.3,284584
2021-06-16 09:17:00,747.4,285624
2021-06-16 09:17:01,747.1,287758
2021-06-16 09:17:03,747.15,288954
2021-06-16 09:17:05,747.15,289056
2021-06-16 09:17:06,747.15,289206
2021-06-16 09:17:07,747.3,289431
2021-06-16 09:17:09,747.05,291533
2021-06-16 09:17:12,747.05,294583
2021-06-16 09:17:14,747.0,294709
2021-06-16 09:17:17,747.15,298093
2021-06-16 09:17:18,746.95,298646
2021-06-16 09:17:19,746.85,300661
2021-06-16 09:17:20,746.75,301430
2021-06-16 09:17:21,746.75,301489
2021-06-16 09:17:22,746.9,301542
2021-06-16 09:17:23,746.9,302042
2021-06-16 09:17:24,746.9,302092
2021-06-16 09:17:25,746.85,302464
2021-06-16 09:17:27,746.7,303916
2021-06-16 09:17:27,746.75,304060
2021-06-16 09:17:28,746.75,304796
2021-06-16 09:17:29,746.7,305856
2021-06-16 09:17:30,746.7,307417
2021-06-16 09:17:31,746.55,308610
2021-06-16 09:17:32,746.5,309993
2021-06-16 09:17:33,746.4,310544
2021-06-16 09:17:34,746.4,310544
2021-06-16 09:17:35,746.4,310605
2021-06-16 09:17:36,746.4,310715
2021-06-16 09:17:37,746.5,312882
2021-06-16 09:17:38,747.15,317712
2021-06-16 09:17:39,747.25,324962
2021-06-16 09:17:40,747.2,326556
2021-06-16 09:17:41,747.2,326664
2021-06-16 09:17:43,747.55,327800
2021-06-16 09:17:43,747.4,327965
2021-06-16 09:17:44,747.4,329120
2021-06-16 09:17:45,747.4,329185
2021-06-16 09:17:46,747.95,330183
2021-06-16 09:17:47,747.95,330183
2021-06-16 09:17:48,747.85,330602
2021-06-16 09:17:49,747.55,330830
2021-06-16 09:17:50,747.55,330881
2021-06-16 09:17:51,747.8,330993
2021-06-16 09:17:52,747.55,331016
2021-06-16 09:17:53,747.55,331098
2021-06-16 09:17:54,747.55,331398
2021-06-16 09:17:56,747.75,331658
2021-06-16 09:17:56,747.75,331658
2021-06-16 09:17:57,747.55,332109
2021-06-16 09:17:58,747.3,332986
2021-06-16 09:18:01,747.4,333995
2021-06-16 09:18:05,747.4,335793
2021-06-16 09:18:06,747.05,335831
2021-06-16 09:18:06,747.05,336002
2021-06-16 09:18:07,746.8,343761
2021-06-16 09:18:08,747.05,345911
2021-06-16 09:18:09,746.8,345914
2021-06-16 09:18:10,747.0,345994
2021-06-16 09:18:11,746.8,346303
2021-06-16 09:18:12,746.8,346493
2021-06-16 09:18:13,746.9,346610
2021-06-16 09:18:15,746.85,346639
2021-06-16 09:18:15,746.85,346860
2021-06-16 09:18:16,746.85,346921
2021-06-16 09:18:18,746.85,349197
2021-06-16 09:18:18,746.85,350398
2021-06-16 09:18:19,747.25,352568
2021-06-16 09:18:20,747.7,353210
2021-06-16 09:18:22,747.45,356437
2021-06-16 09:18:24,747.2,358905
2021-06-16 09:18:26,747.2,359060
2021-06-16 09:18:28,747.2,359369
2021-06-16 09:18:28,747.2,359369
2021-06-16 09:18:32,746.85,361974
2021-06-16 09:18:32,747.2,362628
2021-06-16 09:18:34,747.25,363278
2021-06-16 09:18:35,746.95,363478
2021-06-16 09:18:36,746.95,363478
2021-06-16 09:18:36,747.25,363518
2021-06-16 09:18:37,747.2,363695
2021-06-16 09:18:38,747.25,364000
2021-06-16 09:18:40,747.25,364031
2021-06-16 09:18:41,747.2,364032
2021-06-16 09:18:43,747.0,364129
2021-06-16 09:18:43,747.25,364693
2021-06-16 09:18:44,747.25,365564
2021-06-16 09:18:45,747.35,366819
2021-06-16 09:18:46,747.25,369889
2021-06-16 09:18:47,746.7,372235
2021-06-16 09:18:48,747.1,372695
2021-06-16 09:18:49,747.0,373903
2021-06-16 09:18:50,747.05,374301
2021-06-16 09:18:51,747.0,374446
2021-06-16 09:18:52,747.05,375830
2021-06-16 09:18:54,746.8,377372
2021-06-16 09:18:55,747.1,377853
2021-06-16 09:18:56,747.0,377906
2021-06-16 09:18:56,747.0,378017
2021-06-16 09:18:57,746.85,378167
2021-06-16 09:18:58,747.0,378267
2021-06-16 09:18:59,746.8,379029
2021-06-16 09:19:00,746.8,379282
2021-06-16 09:19:02,746.8,379483
2021-06-16 09:19:02,746.9,379492
2021-06-16 09:19:03,746.9,379592
2021-06-16 09:19:04,747.0,380022
2021-06-16 09:19:05,746.85,380457
2021-06-16 09:19:06,747.0,380557
2021-06-16 09:19:07,747.15,383233
2021-06-16 09:19:09,747.6,383976
2021-06-16 09:19:10,747.6,384224
2021-06-16 09:19:10,747.4,384252
2021-06-16 09:19:11,747.3,387430
2021-06-16 09:19:12,747.7,388290
2021-06-16 09:19:13,747.45,388931
2021-06-16 09:19:14,747.7,389298
2021-06-16 09:19:16,747.7,389311
2021-06-16 09:19:16,747.7,389311
2021-06-16 09:19:17,747.7,389311
2021-06-16 09:19:19,747.55,391636
2021-06-16 09:19:20,747.4,391721
2021-06-16 09:19:21,747.4,391775
2021-06-16 09:19:22,747.4,391784
2021-06-16 09:19:23,747.65,392080
2021-06-16 09:19:24,747.7,392591
2021-06-16 09:19:25,747.7,393041
2021-06-16 09:19:26,747.4,393612
2021-06-16 09:19:27,747.4,393612
2021-06-16 09:19:29,747.65,394127
2021-06-16 09:19:30,747.7,395409
2021-06-16 09:19:30,747.45,394409
2021-06-16 09:19:32,747.7,395691
2021-06-16 09:19:33,747.65,395695
2021-06-16 09:19:36,747.7,397196
2021-06-16 09:19:36,747.7,397146
2021-06-16 09:19:38,747.5,398724
2021-06-16 09:19:39,747.65,399316
2021-06-16 09:19:40,747.65,399406
2021-06-16 09:19:40,747.65,399406
2021-06-16 09:19:41,747.6,399486
2021-06-16 09:19:43,747.6,399726
2021-06-16 09:19:44,747.6,399948
2021-06-16 09:19:44,747.6,399948
2021-06-16 09:19:46,747.35,400057
2021-06-16 09:19:47,747.5,400464
2021-06-16 09:19:47,747.5,400464
2021-06-16 09:19:48,747.5,401128
2021-06-16 09:19:49,747.5,401431
2021-06-16 09:19:50,747.5,401776
2021-06-16 09:19:51,747.45,402189
2021-06-16 09:19:52,747.2,402216
2021-06-16 09:19:53,747.5,403647
2021-06-16 09:19:54,747.6,405343
2021-06-16 09:19:55,747.65,405791
2021-06-16 09:19:57,747.7,407609
2021-06-16 09:19:57,747.85,408079
2021-06-16 09:19:58,747.65,408164
2021-06-16 09:19:59,747.65,408218
2021-06-16 09:20:00,747.65,408756
2021-06-16 09:20:01,747.8,409306
2021-06-16 09:20:03,747.65,409315
2021-06-16 09:20:03,747.65,409315
2021-06-16 09:20:04,747.75,409964
2021-06-16 09:20:06,747.75,411671
2021-06-16 09:20:06,747.5,411279
2021-06-16 09:20:07,747.4,412168
2021-06-16 09:20:08,747.5,412478
2021-06-16 09:20:09,747.45,413915
2021-06-16 09:20:10,747.6,415211
2021-06-16 09:20:11,747.55,415264
2021-06-16 09:20:12,747.55,415465
2021-06-16 09:20:13,747.8,416362
2021-06-16 09:20:14,747.9,418162
2021-06-16 09:20:16,747.75,418166
2021-06-16 09:20:17,747.65,418337
2021-06-16 09:20:18,747.65,418367
2021-06-16 09:20:19,747.65,418687
2021-06-16 09:20:19,747.7,418697
2021-06-16 09:20:21,747.55,419231
2021-06-16 09:20:22,747.65,419394
2021-06-16 09:20:23,747.65,419411
2021-06-16 09:20:23,747.65,420008
2021-06-16 09:20:24,747.65,420578
2021-06-16 09:20:25,747.55,422000
2021-06-16 09:20:27,747.65,422125
2021-06-16 09:20:28,747.55,422184
2021-06-16 09:20:29,747.55,422184
2021-06-16 09:20:30,747.65,422279
2021-06-16 09:20:31,747.55,422280
2021-06-16 09:20:33,747.55,422280
2021-06-16 09:20:33,747.55,422280
2021-06-16 09:20:34,747.15,424034
2021-06-16 09:20:37,747.55,427005
2021-06-16 09:20:37,747.55,427155
2021-06-16 09:20:38,747.55,427155
2021-06-16 09:20:39,747.45,427218
2021-06-16 09:20:40,747.55,427940
2021-06-16 09:20:42,747.65,428109
2021-06-16 09:20:42,747.65,428219
2021-06-16 09:20:44,747.55,428345
2021-06-16 09:20:43,747.65,428344
2021-06-16 09:20:45,747.55,429450
2021-06-16 09:20:46,747.7,429552
2021-06-16 09:20:47,747.65,429603
2021-06-16 09:20:49,747.65,429704
2021-06-16 09:20:49,747.65,429734
2021-06-16 09:20:50,747.7,431806
2021-06-16 09:20:51,747.85,431807
2021-06-16 09:20:52,747.6,431917
2021-06-16 09:20:53,747.55,431967
2021-06-16 09:20:54,747.75,432184
2021-06-16 09:20:55,747.55,432227
2021-06-16 09:20:56,747.85,432327
2021-06-16 09:20:57,747.8,432378
2021-06-16 09:20:58,747.8,432378
2021-06-16 09:20:59,747.8,432378
2021-06-16 09:21:00,747.9,432721
2021-06-16 09:21:01,748.0,432926
2021-06-16 09:21:02,747.8,432994
2021-06-16 09:21:04,747.8,433744
2021-06-16 09:21:04,747.75,436484
2021-06-16 09:21:05,747.55,436535
2021-06-16 09:21:06,747.55,436582
2021-06-16 09:21:07,747.55,436627
2021-06-16 09:21:08,747.8,436947
2021-06-16 09:21:09,747.8,436949
2021-06-16 09:21:11,747.75,437004
2021-06-16 09:21:12,747.75,437111
2021-06-16 09:21:13,747.7,437255
2021-06-16 09:21:14,747.7,437255
2021-06-16 09:21:15,747.85,437481
2021-06-16 09:21:16,747.85,437925
2021-06-16 09:21:16,747.85,438037
2021-06-16 09:21:17,747.8,438364
2021-06-16 09:21:18,747.8,438364
2021-06-16 09:21:19,748.35,452612
2021-06-16 09:21:21,748.45,454294
2021-06-16 09:21:22,748.15,454295
2021-06-16 09:21:23,748.45,454495
2021-06-16 09:21:24,748.15,454502
2021-06-16 09:21:25,748.15,456037
2021-06-16 09:21:26,748.45,456137
2021-06-16 09:21:27,748.2,456152
2021-06-16 09:21:27,748.45,456149
2021-06-16 09:21:28,748.15,457023
2021-06-16 09:21:29,748.3,457066
2021-06-16 09:21:30,748.15,457856
2021-06-16 09:21:31,748.15,457911
2021-06-16 09:21:32,748.0,459510
2021-06-16 09:21:33,748.1,459820
2021-06-16 09:21:34,748.1,459945
2021-06-16 09:21:35,747.7,465905
2021-06-16 09:21:36,747.65,472896
2021-06-16 09:21:37,747.65,474912
2021-06-16 09:21:38,747.65,475164
2021-06-16 09:21:39,747.65,475264
2021-06-16 09:21:40,747.7,475368
2021-06-16 09:21:41,747.8,476072
2021-06-16 09:21:42,747.8,476575
2021-06-16 09:21:44,747.65,477197
2021-06-16 09:21:44,747.65,477202
2021-06-16 09:21:45,747.8,478289
2021-06-16 09:21:46,747.8,478289
2021-06-16 09:21:47,747.7,478295
2021-06-16 09:21:48,747.8,478403
2021-06-16 09:21:49,747.9,481114
2021-06-16 09:21:50,748.0,481239
2021-06-16 09:21:52,748.0,481239
2021-06-16 09:21:53,747.9,481364
2021-06-16 09:21:54,748.0,481479
2021-06-16 09:21:55,748.0,481499
2021-06-16 09:21:56,747.9,481859
2021-06-16 09:21:57,747.9,482459
2021-06-16 09:21:58,748.0,482559
2021-06-16 09:21:59,748.0,482568
2021-06-16 09:21:59,747.9,482578
2021-06-16 09:22:00,747.9,482674
2021-06-16 09:22:01,747.95,483124
2021-06-16 09:22:02,747.95,483124
2021-06-16 09:22:03,748.0,483498
2021-06-16 09:22:04,748.0,483887
2021-06-16 09:22:05,748.15,484380
2021-06-16 09:22:06,748.15,484380
2021-06-16 09:22:08,747.9,484580
2021-06-16 09:22:09,748.2,485580
2021-06-16 09:22:10,748.05,485603
2021-06-16 09:22:11,748.05,485603
2021-06-16 09:22:12,748.0,485747
2021-06-16 09:22:13,748.0,485888
2021-06-16 09:22:14,748.05,485898
2021-06-16 09:22:15,748.0,486455
2021-06-16 09:22:16,748.0,486455
2021-06-16 09:22:17,748.25,486565
2021-06-16 09:22:17,748.25,486577
2021-06-16 09:22:19,748.3,486851
2021-06-16 09:22:20,748.2,486852
2021-06-16 09:22:20,748.2,486927
2021-06-16 09:22:22,748.2,487019
2021-06-16 09:22:22,748.2,487019
2021-06-16 09:22:23,748.2,487148
2021-06-16 09:22:26,748.15,488007
2021-06-16 09:22:27,748.0,488151
2021-06-16 09:22:28,748.1,488161
2021-06-16 09:22:29,748.1,488429
2021-06-16 09:22:30,748.0,488582
2021-06-16 09:22:31,748.1,488792
2021-06-16 09:22:32,748.1,489442
2021-06-16 09:22:33,748.0,489755
2021-06-16 09:22:34,748.1,489906
2021-06-16 09:22:35,748.1,489906
2021-06-16 09:22:36,748.1,489906
2021-06-16 09:22:37,748.1,489906
2021-06-16 09:22:38,748.1,489949
2021-06-16 09:22:39,748.1,489984
2021-06-16 09:22:40,748.1,490766
2021-06-16 09:22:40,748.1,490766
2021-06-16 09:22:41,748.1,490864
2021-06-16 09:22:43,748.15,491150
2021-06-16 09:22:43,748.15,491150
2021-06-16 09:22:44,748.15,491533
2021-06-16 09:22:45,748.1,491638
2021-06-16 09:22:46,748.2,491755
2021-06-16 09:22:47,748.1,491790
2021-06-16 09:22:48,748.2,494812
2021-06-16 09:22:50,748.4,494922
2021-06-16 09:22:51,748.2,496928
2021-06-16 09:22:52,748.15,497067
2021-06-16 09:22:53,748.4,497606
2021-06-16 09:22:54,748.4,497606
2021-06-16 09:22:54,748.4,497606
2021-06-16 09:22:55,748.4,497606
2021-06-16 09:22:57,748.4,498167
2021-06-16 09:22:58,748.25,498497
2021-06-16 09:22:59,748.25,498736
2021-06-16 09:23:00,748.45,499751
2021-06-16 09:23:01,748.45,499751
2021-06-16 09:23:02,748.4,500590
2021-06-16 09:23:04,748.4,500605
2021-06-16 09:23:04,748.4,500605
2021-06-16 09:23:06,748.45,500756
2021-06-16 09:23:07,748.5,503902
2021-06-16 09:23:08,748.6,505462
2021-06-16 09:23:11,748.6,506043
2021-06-16 09:23:12,748.25,509323
2021-06-16 09:23:14,748.6,509432
2021-06-16 09:23:15,748.6,509532
2021-06-16 09:23:16,748.6,509532
2021-06-16 09:23:17,748.6,509557
2021-06-16 09:23:18,748.55,509577
2021-06-16 09:23:19,748.6,510046
2021-06-16 09:23:20,748.6,511030
2021-06-16 09:23:21,748.55,512271
2021-06-16 09:23:21,748.55,512271
2021-06-16 09:23:24,748.5,517560
2021-06-16 09:23:25,748.65,517657
2021-06-16 09:23:26,748.75,518451
2021-06-16 09:23:27,748.75,518451
2021-06-16 09:23:31,749.3,532225
2021-06-16 09:23:32,749.7,532238
2021-06-16 09:23:33,749.5,533235
2021-06-16 09:23:36,749.5,535692
2021-06-16 09:23:37,749.45,535800
2021-06-16 09:23:38,749.5,536086
2021-06-16 09:23:38,749.5,536086
2021-06-16 09:23:40,749.5,536571
2021-06-16 09:23:40,749.5,536571
2021-06-16 09:23:41,749.6,536581
2021-06-16 09:23:42,749.5,536683
2021-06-16 09:23:43,749.5,536699
2021-06-16 09:23:44,749.75,537781
2021-06-16 09:23:46,749.8,537928
2021-06-16 09:23:47,749.45,538676
2021-06-16 09:23:47,749.45,539199
2021-06-16 09:23:49,749.75,539234
2021-06-16 09:23:50,749.65,539876
2021-06-16 09:23:51,749.8,539937
2021-06-16 09:23:52,749.9,540094
2021-06-16 09:23:53,749.65,540424
2021-06-16 09:23:54,749.9,540659
2021-06-16 09:23:55,749.65,541276
2021-06-16 09:23:55,749.5,541952
2021-06-16 09:23:57,749.7,542636
2021-06-16 09:23:58,749.9,543497
2021-06-16 09:23:58,749.75,543498
2021-06-16 09:23:59,749.7,543708
2021-06-16 09:24:00,749.95,544819
2021-06-16 09:24:01,749.9,544919
2021-06-16 09:24:02,749.7,545140
2021-06-16 09:24:05,749.9,545585
2021-06-16 09:24:06,749.9,545605
2021-06-16 09:24:06,749.8,546363
2021-06-16 09:24:07,750.0,547005
2021-06-16 09:24:08,750.0,547005
2021-06-16 09:24:10,749.75,554801
2021-06-16 09:24:11,750.0,555427
2021-06-16 09:24:12,749.8,555467
2021-06-16 09:24:12,750.0,555791
2021-06-16 09:24:13,750.0,556545
2021-06-16 09:24:15,750.0,558413
2021-06-16 09:24:15,750.25,559338
2021-06-16 09:24:17,750.2,560054
2021-06-16 09:24:17,750.0,560154
2021-06-16 09:24:18,750.0,560525
2021-06-16 09:24:19,750.2,560755
2021-06-16 09:24:20,750.05,560855
2021-06-16 09:24:21,750.2,563457
2021-06-16 09:24:22,750.2,563607
2021-06-16 09:24:23,750.0,564527
2021-06-16 09:24:24,750.05,564550
2021-06-16 09:24:25,750.25,565004
2021-06-16 09:24:27,750.25,565037
2021-06-16 09:24:27,750.25,565037
2021-06-16 09:24:29,750.15,565410
2021-06-16 09:24:30,750.0,566825
2021-06-16 09:24:31,750.25,566975
2021-06-16 09:24:32,750.25,567051
2021-06-16 09:24:33,750.45,569559
2021-06-16 09:24:34,750.35,570329
2021-06-16 09:24:35,750.55,570453
2021-06-16 09:24:36,750.55,571211
2021-06-16 09:24:37,750.6,571864
2021-06-16 09:24:38,750.75,572746
2021-06-16 09:24:39,750.9,572926
2021-06-16 09:24:40,750.75,573154
2021-06-16 09:24:41,750.75,573744
2021-06-16 09:24:42,750.95,573895
2021-06-16 09:24:43,751.55,578567
2021-06-16 09:24:44,751.65,579876
2021-06-16 09:24:45,751.75,580127
2021-06-16 09:24:46,751.75,581357
2021-06-16 09:24:47,751.3,584998
2021-06-16 09:24:48,751.4,585788
2021-06-16 09:24:49,751.25,585798
2021-06-16 09:24:50,751.6,587309
2021-06-16 09:24:51,751.4,588140
2021-06-16 09:24:53,751.35,589521
2021-06-16 09:24:53,751.35,589646
2021-06-16 09:24:54,751.3,590605
2021-06-16 09:24:56,751.4,592474
2021-06-16 09:24:57,751.4,594704
2021-06-16 09:24:58,751.35,594962
2021-06-16 09:24:59,751.6,596176
2021-06-16 09:25:00,751.4,596475
2021-06-16 09:25:01,751.65,596598
2021-06-16 09:25:02,751.6,596888
2021-06-16 09:25:03,751.4,598038
2021-06-16 09:25:04,751.4,598773
2021-06-16 09:25:05,751.4,605789
2021-06-16 09:25:06,751.25,608259
2021-06-16 09:25:07,751.3,610371
2021-06-16 09:25:08,751.0,610598
2021-06-16 09:25:09,750.95,612146
2021-06-16 09:25:10,751.0,612852
2021-06-16 09:25:11,751.1,613772
2021-06-16 09:25:11,751.35,614727
2021-06-16 09:25:12,751.15,615307
2021-06-16 09:25:14,751.4,616505
2021-06-16 09:25:15,751.3,624259
2021-06-16 09:25:16,751.5,629284
2021-06-16 09:25:17,751.4,629576
2021-06-16 09:25:18,751.5,630456
2021-06-16 09:25:19,751.2,630681
2021-06-16 09:25:21,751.25,634615
2021-06-16 09:25:23,751.85,645724
2021-06-16 09:25:25,751.9,647798
2021-06-16 09:25:26,751.55,648010
2021-06-16 09:25:27,752.0,649327
2021-06-16 09:25:30,752.0,650742
2021-06-16 09:25:31,752.0,651505
2021-06-16 09:25:32,752.0,652121
2021-06-16 09:25:34,751.8,652795
2021-06-16 09:25:35,752.0,653023
2021-06-16 09:25:36,752.0,653103
2021-06-16 09:25:37,752.0,653332
2021-06-16 09:25:38,751.8,654066
2021-06-16 09:25:39,751.8,655799
2021-06-16 09:25:40,752.0,655903
2021-06-16 09:25:41,752.0,656053
2021-06-16 09:25:42,752.0,656053
2021-06-16 09:25:43,752.0,656108
2021-06-16 09:25:44,751.8,656608
2021-06-16 09:25:45,752.0,657208
2021-06-16 09:25:46,751.9,657515
2021-06-16 09:25:47,752.0,660333
2021-06-16 09:25:48,751.9,661976
2021-06-16 09:25:49,751.9,662093
2021-06-16 09:25:50,752.0,662270
2021-06-16 09:25:51,752.0,664436
2021-06-16 09:25:52,752.0,666146
2021-06-16 09:25:53,751.9,669730
2021-06-16 09:25:54,751.9,670565
2021-06-16 09:25:56,751.9,673725
2021-06-16 09:25:57,751.9,673875
2021-06-16 09:25:58,752.0,676504
2021-06-16 09:25:59,752.1,680706
2021-06-16 09:26:01,752.2,681726
2021-06-16 09:26:02,752.55,682333
2021-06-16 09:26:03,752.95,683479
2021-06-16 09:26:04,752.95,684072
2021-06-16 09:26:05,753.0,684816
2021-06-16 09:26:06,752.95,685219
2021-06-16 09:26:07,753.0,686548
2021-06-16 09:26:08,753.0,686726
2021-06-16 09:26:09,752.95,687080
2021-06-16 09:26:10,753.0,687684
2021-06-16 09:26:11,753.0,694225
2021-06-16 09:26:12,753.1,697093
2021-06-16 09:26:13,753.0,697313
2021-06-16 09:26:14,753.0,699884
2021-06-16 09:26:15,753.0,700173
2021-06-16 09:26:16,753.15,700996
2021-06-16 09:26:17,753.15,701596
2021-06-16 09:26:18,753.0,706593
2021-06-16 09:26:19,753.0,708096
2021-06-16 09:26:20,753.0,709340
2021-06-16 09:26:21,753.0,716467
2021-06-16 09:26:22,753.05,716836
2021-06-16 09:26:23,753.25,716957
2021-06-16 09:26:24,753.0,717393
2021-06-16 09:26:25,753.25,717527
2021-06-16 09:26:26,753.3,717783
2021-06-16 09:26:27,752.8,720533
2021-06-16 09:26:28,753.35,721152
2021-06-16 09:26:30,753.35,722535
2021-06-16 09:26:33,753.45,726267
2021-06-16 09:26:34,753.35,727094
2021-06-16 09:26:35,753.05,727607
2021-06-16 09:26:36,753.3,729674
2021-06-16 09:26:37,753.25,730093
2021-06-16 09:26:38,753.25,730529
2021-06-16 09:26:39,753.35,731286
2021-06-16 09:26:40,753.45,732245
2021-06-16 09:26:41,753.4,733525
2021-06-16 09:26:42,753.35,733688
2021-06-16 09:26:43,753.4,734045
2021-06-16 09:26:44,753.45,734819
2021-06-16 09:26:45,753.35,735059
2021-06-16 09:26:46,753.35,735453
2021-06-16 09:26:47,753.35,736046
2021-06-16 09:26:48,753.4,736665
2021-06-16 09:26:49,753.2,737635
2021-06-16 09:26:50,753.05,738330
2021-06-16 09:26:51,753.3,738643
2021-06-16 09:26:52,753.3,739493
2021-06-16 09:26:53,753.3,739723
2021-06-16 09:26:54,753.05,740103
2021-06-16 09:26:55,753.05,740838
2021-06-16 09:26:56,753.0,741343
2021-06-16 09:26:57,753.0,741761
2021-06-16 09:26:58,753.0,743036
2021-06-16 09:26:59,753.25,743120
2021-06-16 09:27:00,753.25,743225
2021-06-16 09:27:01,753.25,745808
2021-06-16 09:27:02,753.2,747988
2021-06-16 09:27:03,753.25,749109
2021-06-16 09:27:04,753.0,749379
2021-06-16 09:27:05,753.0,749504
2021-06-16 09:27:06,753.2,749888
2021-06-16 09:27:07,753.2,750043
2021-06-16 09:27:08,753.0,750748
2021-06-16 09:27:09,753.15,751037
2021-06-16 09:27:10,753.1,751429
2021-06-16 09:27:11,753.1,754375
2021-06-16 09:27:12,753.0,755358
2021-06-16 09:27:13,753.0,755612
2021-06-16 09:27:14,752.95,756017
2021-06-16 09:27:15,752.7,756194
2021-06-16 09:27:16,753.1,756649
2021-06-16 09:27:17,753.05,756728
2021-06-16 09:27:18,753.0,756858
2021-06-16 09:27:20,753.0,757544
2021-06-16 09:27:21,752.95,757702
2021-06-16 09:27:22,753.25,760937
2021-06-16 09:27:23,753.25,761975
2021-06-16 09:27:24,753.25,762642
2021-06-16 09:27:25,753.2,762871
2021-06-16 09:27:26,753.2,763397
2021-06-16 09:27:27,753.2,763549
2021-06-16 09:27:28,753.4,763624
2021-06-16 09:27:29,753.25,763752
2021-06-16 09:27:30,753.25,764775
2021-06-16 09:27:31,753.2,765041
2021-06-16 09:27:32,753.35,765800
2021-06-16 09:27:33,753.15,765862
2021-06-16 09:27:34,753.4,766163
2021-06-16 09:27:35,753.15,766579
2021-06-16 09:27:36,753.35,767114
2021-06-16 09:27:37,753.2,767316
2021-06-16 09:27:38,753.3,767611
2021-06-16 09:27:39,753.05,767621
2021-06-16 09:27:40,753.0,767986
2021-06-16 09:27:41,753.15,768751
2021-06-16 09:27:42,753.15,768980
2021-06-16 09:27:43,753.15,769158
2021-06-16 09:27:44,753.2,769873
2021-06-16 09:27:45,753.1,769930
2021-06-16 09:27:46,753.1,770631
2021-06-16 09:27:47,753.15,771120
2021-06-16 09:27:48,753.1,771149
2021-06-16 09:27:49,753.15,771150
2021-06-16 09:27:50,753.05,771528
2021-06-16 09:27:51,753.05,771643
2021-06-16 09:27:52,753.1,772020
2021-06-16 09:27:53,753.0,773659
2021-06-16 09:27:54,753.0,773934
2021-06-16 09:27:55,753.0,774165
2021-06-16 09:27:56,753.05,774575
2021-06-16 09:27:58,753.05,775276
2021-06-16 09:27:59,753.0,778046
2021-06-16 09:28:00,752.85,783961
2021-06-16 09:28:01,752.4,788880
2021-06-16 09:28:02,752.4,789310
2021-06-16 09:28:03,752.75,791748
2021-06-16 09:28:04,752.55,792112
2021-06-16 09:28:05,752.35,794633
2021-06-16 09:28:06,752.4,795168
2021-06-16 09:28:07,752.4,795179
2021-06-16 09:28:08,752.4,795179
2021-06-16 09:28:09,752.2,801675
2021-06-16 09:28:10,752.2,802608
2021-06-16 09:28:11,752.7,802738
2021-06-16 09:28:12,752.55,802838
2021-06-16 09:28:14,752.8,804099
2021-06-16 09:28:16,752.7,804535
2021-06-16 09:28:16,752.5,804651
2021-06-16 09:28:17,752.5,804656
2021-06-16 09:28:18,752.55,804881
2021-06-16 09:28:19,752.6,804951
2021-06-16 09:28:20,752.85,805197
2021-06-16 09:28:22,752.55,805511
2021-06-16 09:28:22,752.55,805548
2021-06-16 09:28:23,752.75,806003
2021-06-16 09:28:24,752.85,806540
2021-06-16 09:28:25,752.65,806740
2021-06-16 09:28:26,752.9,806886
2021-06-16 09:28:27,752.9,806909
2021-06-16 09:28:28,752.85,807014
2021-06-16 09:28:29,752.6,807264
2021-06-16 09:28:30,752.85,807782
2021-06-16 09:28:31,752.6,808479
2021-06-16 09:28:32,752.65,808746
2021-06-16 09:28:33,752.85,808751
2021-06-16 09:28:34,752.65,808807
2021-06-16 09:28:35,752.65,808838
2021-06-16 09:28:36,752.65,808863
2021-06-16 09:28:37,752.6,809540
2021-06-16 09:28:38,752.6,811301
2021-06-16 09:28:39,752.85,811797
2021-06-16 09:28:40,752.85,811869
2021-06-16 09:28:41,752.6,812069
2021-06-16 09:28:42,752.9,812309
2021-06-16 09:28:43,752.8,813435
2021-06-16 09:28:44,752.8,813435
2021-06-16 09:28:45,752.65,813550
2021-06-16 09:28:46,752.65,813605
2021-06-16 09:28:47,752.65,814254
2021-06-16 09:28:48,752.65,814432
2021-06-16 09:28:49,752.65,815124
2021-06-16 09:28:50,752.65,815362
2021-06-16 09:28:51,752.85,815545
2021-06-16 09:28:52,752.65,815840
2021-06-16 09:28:53,753.0,817396
2021-06-16 09:28:54,753.0,817606
2021-06-16 09:28:55,752.7,817873
2021-06-16 09:28:56,753.1,829479
2021-06-16 09:28:57,752.9,830044
2021-06-16 09:28:58,753.0,832083
2021-06-16 09:28:59,752.9,832336
2021-06-16 09:29:00,753.1,833645
2021-06-16 09:29:01,753.1,833700
2021-06-16 09:29:02,752.95,833792
2021-06-16 09:29:03,752.95,834675
2021-06-16 09:29:04,752.95,834938
2021-06-16 09:29:05,753.6,863726
2021-06-16 09:29:06,753.55,864104
2021-06-16 09:29:07,753.9,869958
2021-06-16 09:29:08,753.7,870443
2021-06-16 09:29:09,753.55,871034
2021-06-16 09:29:10,753.55,871273
2021-06-16 09:29:11,753.65,872200
2021-06-16 09:29:12,753.6,872388
2021-06-16 09:29:13,753.6,873076
2021-06-16 09:29:14,753.8,874269
2021-06-16 09:29:15,753.95,874727
2021-06-16 09:29:16,754.0,875197
2021-06-16 09:29:17,753.75,876021
2021-06-16 09:29:19,753.95,877130
2021-06-16 09:29:20,753.75,877400
2021-06-16 09:29:20,753.7,877910
2021-06-16 09:29:21,754.0,879025
2021-06-16 09:29:22,754.1,887451
2021-06-16 09:29:23,754.1,889985
2021-06-16 09:29:24,754.15,891091
2021-06-16 09:29:25,754.5,895104
2021-06-16 09:29:26,754.4,896182
2021-06-16 09:29:27,754.9,900874
2021-06-16 09:29:28,754.65,901312
2021-06-16 09:29:29,754.7,903731
2021-06-16 09:29:31,754.65,906459
2021-06-16 09:29:32,754.65,907228
2021-06-16 09:29:33,754.9,908235
2021-06-16 09:29:34,754.55,909139
2021-06-16 09:29:36,754.1,911911
2021-06-16 09:29:37,754.4,914592
2021-06-16 09:29:39,754.2,919560
2021-06-16 09:29:40,754.05,919630
2021-06-16 09:29:41,754.3,921108
2021-06-16 09:29:42,754.3,921462
2021-06-16 09:29:43,754.3,922132
2021-06-16 09:29:44,754.25,922771
2021-06-16 09:29:45,754.3,923110
2021-06-16 09:29:46,754.3,923859
2021-06-16 09:29:47,754.1,928281
2021-06-16 09:29:47,753.9,932109
2021-06-16 09:29:48,754.25,934096
2021-06-16 09:29:49,754.3,934864
2021-06-16 09:29:50,754.3,935061
2021-06-16 09:29:51,754.1,936168
2021-06-16 09:29:52,754.4,937003
2021-06-16 09:29:53,754.1,937139
2021-06-16 09:29:55,754.4,937470
2021-06-16 09:29:54,754.4,937264
2021-06-16 09:29:56,754.25,937562
2021-06-16 09:29:57,754.25,937736
2021-06-16 09:29:58,754.05,939551
2021-06-16 09:29:59,754.05,940429
2021-06-16 09:30:00,754.05,942801
2021-06-16 09:30:01,754.0,944966
2021-06-16 09:30:02,754.3,946037
2021-06-16 09:30:03,754.1,946235
2021-06-16 09:30:04,754.05,946866
2021-06-16 09:30:05,754.3,947327
2021-06-16 09:30:06,754.5,949524
2021-06-16 09:30:07,754.3,950550
2021-06-16 09:30:10,754.2,952983
2021-06-16 09:30:11,754.1,953342
2021-06-16 09:30:12,754.3,953645
2021-06-16 09:30:13,754.05,957285
2021-06-16 09:30:14,754.45,958789
2021-06-16 09:30:15,754.25,959459
2021-06-16 09:30:16,754.6,960224
2021-06-16 09:30:17,754.3,960374
2021-06-16 09:30:19,754.6,961240
2021-06-16 09:30:20,754.3,961393
2021-06-16 09:30:21,754.55,962099
2021-06-16 09:30:22,754.3,963048
2021-06-16 09:30:23,754.3,964928
2021-06-16 09:30:24,754.3,966135
2021-06-16 09:30:25,754.5,967245
2021-06-16 09:30:26,754.35,967500
2021-06-16 09:30:26,754.3,967444
2021-06-16 09:30:27,754.3,968066
2021-06-16 09:30:28,754.4,968368
2021-06-16 09:30:29,754.35,973954
2021-06-16 09:30:30,754.45,975480
2021-06-16 09:30:31,754.5,975877
2021-06-16 09:30:32,754.5,977022
2021-06-16 09:30:33,754.3,978014
2021-06-16 09:30:34,754.5,979819
2021-06-16 09:30:35,754.5,980702
2021-06-16 09:30:38,754.5,981926
2021-06-16 09:30:39,754.5,982427
2021-06-16 09:30:39,754.5,982526
2021-06-16 09:30:40,754.55,986314
2021-06-16 09:30:41,754.6,987417
2021-06-16 09:30:42,754.75,987774
2021-06-16 09:30:43,755.0,1017531
2021-06-16 09:30:44,755.45,1027254
2021-06-16 09:30:45,755.6,1030590
2021-06-16 09:30:46,755.55,1032555
2021-06-16 09:30:47,755.25,1033781
2021-06-16 09:30:48,755.2,1036224
2021-06-16 09:30:49,755.55,1037113
2021-06-16 09:30:50,755.2,1038517
2021-06-16 09:30:51,755.3,1040047
2021-06-16 09:30:53,755.3,1040536
2021-06-16 09:30:53,755.45,1040942
2021-06-16 09:30:55,755.4,1041701
2021-06-16 09:30:56,755.55,1043235
2021-06-16 09:30:57,755.15,1044029
2021-06-16 09:30:58,755.45,1046590
2021-06-16 09:30:59,755.45,1047416
2021-06-16 09:31:00,755.55,1048074
2021-06-16 09:31:00,755.6,1048791
2021-06-16 09:31:01,755.55,1049123
2021-06-16 09:31:02,755.55,1049888
2021-06-16 09:31:03,755.5,1050410
2021-06-16 09:31:04,755.5,1051253
2021-06-16 09:31:05,755.2,1055391
2021-06-16 09:31:07,755.15,1057774
2021-06-16 09:31:08,755.15,1058963
2021-06-16 09:31:09,755.15,1059511
2021-06-16 09:31:10,755.2,1060097
2021-06-16 09:31:11,754.6,1067545
2021-06-16 09:31:13,755.15,1079540
2021-06-16 09:31:14,755.15,1081593
2021-06-16 09:31:15,755.15,1081962
2021-06-16 09:31:15,755.0,1082432
2021-06-16 09:31:18,755.1,1086908
2021-06-16 09:31:20,754.95,1088734
2021-06-16 09:31:21,755.15,1089365
2021-06-16 09:31:22,755.15,1089643
2021-06-16 09:31:23,754.75,1091071
2021-06-16 09:31:24,755.0,1091657
2021-06-16 09:31:25,755.15,1092915
2021-06-16 09:31:26,755.0,1093795
2021-06-16 09:31:27,755.0,1095642
2021-06-16 09:31:28,754.95,1096387
2021-06-16 09:31:29,754.8,1105144
2021-06-16 09:31:30,754.8,1113769
2021-06-16 09:31:31,754.65,1125016
2021-06-16 09:31:32,754.65,1128901
2021-06-16 09:31:33,754.9,1130247
2021-06-16 09:31:34,755.0,1131286
2021-06-16 09:31:35,754.9,1131631
2021-06-16 09:31:36,754.9,1132140
2021-06-16 09:31:37,754.95,1133330
2021-06-16 09:31:38,754.7,1134386
2021-06-16 09:31:40,755.0,1135282
2021-06-16 09:31:41,754.95,1136602
2021-06-16 09:31:44,755.0,1140892
2021-06-16 09:31:45,754.8,1141263
2021-06-16 09:31:46,754.7,1141393
2021-06-16 09:31:47,755.0,1141568
2021-06-16 09:31:48,754.8,1141922
2021-06-16 09:31:49,755.0,1142803
2021-06-16 09:31:49,754.8,1143048
2021-06-16 09:31:50,755.0,1143269
2021-06-16 09:31:51,754.95,1143410
2021-06-16 09:31:52,754.95,1143767
2021-06-16 09:31:53,754.8,1144071
2021-06-16 09:31:54,754.8,1144465
2021-06-16 09:31:55,754.7,1145610
2021-06-16 09:31:57,755.0,1147074
2021-06-16 09:31:58,754.9,1147509
2021-06-16 09:31:59,754.75,1147696
2021-06-16 09:32:00,754.8,1148117
2021-06-16 09:32:01,754.8,1148242
2021-06-16 09:32:02,754.7,1149428
2021-06-16 09:32:03,754.8,1150871
2021-06-16 09:32:04,755.0,1151397
2021-06-16 09:32:05,755.0,1152429
2021-06-16 09:32:06,754.9,1152830
2021-06-16 09:32:07,755.0,1152958
2021-06-16 09:32:08,754.9,1153022
2021-06-16 09:32:09,754.9,1153151
2021-06-16 09:32:10,754.9,1153442
2021-06-16 09:32:11,754.9,1153589
2021-06-16 09:32:12,754.9,1153696
2021-06-16 09:32:12,755.0,1153740
2021-06-16 09:32:13,755.0,1153903
2021-06-16 09:32:14,755.0,1154319
2021-06-16 09:32:15,754.9,1154350
2021-06-16 09:32:16,754.9,1154582
2021-06-16 09:32:17,754.8,1159835
2021-06-16 09:32:19,755.0,1161449
2021-06-16 09:32:20,754.8,1161837
2021-06-16 09:32:21,755.0,1164005
2021-06-16 09:32:22,754.95,1164808
2021-06-16 09:32:23,754.8,1164846
2021-06-16 09:32:24,754.8,1165762
2021-06-16 09:32:25,754.8,1166000
2021-06-16 09:32:26,755.0,1167918
2021-06-16 09:32:26,755.0,1167918
2021-06-16 09:32:27,754.8,1168790
2021-06-16 09:32:28,754.95,1169189
2021-06-16 09:32:29,754.8,1169208
2021-06-16 09:32:30,754.8,1169539
2021-06-16 09:32:31,754.8,1170933
2021-06-16 09:32:32,754.75,1171199
2021-06-16 09:32:33,754.7,1171361
2021-06-16 09:32:34,754.8,1172137
2021-06-16 09:32:35,754.8,1173514
2021-06-16 09:32:36,754.9,1173943
2021-06-16 09:32:37,755.05,1178517
2021-06-16 09:32:39,755.05,1179474
2021-06-16 09:32:40,755.0,1181945
2021-06-16 09:32:41,755.05,1182740
2021-06-16 09:32:42,755.25,1183037
2021-06-16 09:32:43,755.3,1183368
2021-06-16 09:32:44,755.0,1183644
2021-06-16 09:32:45,754.9,1183841
2021-06-16 09:32:46,755.05,1184774
2021-06-16 09:32:47,755.0,1185288
2021-06-16 09:32:48,755.1,1185906
2021-06-16 09:32:49,755.1,1186077
2021-06-16 09:32:50,754.85,1187457
2021-06-16 09:32:51,754.85,1188923
2021-06-16 09:32:52,754.7,1189669
2021-06-16 09:32:53,755.0,1189922
2021-06-16 09:32:54,755.0,1190103
2021-06-16 09:32:55,754.8,1190127
2021-06-16 09:32:55,754.8,1190130
2021-06-16 09:32:56,754.8,1190257
2021-06-16 09:32:57,754.8,1190292
2021-06-16 09:32:58,754.75,1190326
2021-06-16 09:32:59,755.15,1191689
2021-06-16 09:33:00,755.05,1192196
2021-06-16 09:33:01,755.05,1192704
2021-06-16 09:33:03,755.2,1193089
2021-06-16 09:33:04,755.2,1193277
2021-06-16 09:33:06,754.95,1193816
2021-06-16 09:33:07,755.25,1194338
2021-06-16 09:33:08,755.25,1194623
2021-06-16 09:33:09,755.15,1194850
2021-06-16 09:33:10,755.0,1195908
2021-06-16 09:33:11,754.8,1196325
2021-06-16 09:33:12,755.0,1196452
2021-06-16 09:33:13,754.8,1196708
2021-06-16 09:33:14,754.95,1200627
2021-06-16 09:33:15,754.8,1204116
2021-06-16 09:33:16,754.8,1206411
2021-06-16 09:33:17,754.8,1207749
2021-06-16 09:33:18,754.8,1208228
2021-06-16 09:33:18,755.0,1208429
2021-06-16 09:33:19,754.8,1208843
2021-06-16 09:33:20,754.75,1209644
2021-06-16 09:33:21,754.95,1209938
2021-06-16 09:33:23,754.9,1211294
2021-06-16 09:33:24,755.0,1211786
2021-06-16 09:33:25,754.9,1212447
2021-06-16 09:33:26,754.9,1212753
2021-06-16 09:33:27,754.85,1212830
2021-06-16 09:33:28,754.95,1213508
2021-06-16 09:33:28,754.95,1213346
2021-06-16 09:33:29,754.95,1214428
2021-06-16 09:33:30,755.0,1214924
2021-06-16 09:33:32,755.2,1215317
2021-06-16 09:33:33,755.3,1215766
2021-06-16 09:33:34,755.2,1216081
2021-06-16 09:33:35,755.2,1216826
2021-06-16 09:33:36,755.2,1217210
2021-06-16 09:33:37,755.2,1217974
2021-06-16 09:33:39,755.35,1220101
2021-06-16 09:33:38,755.15,1218713
2021-06-16 09:33:40,755.45,1220796
2021-06-16 09:33:41,755.45,1221306
2021-06-16 09:33:42,755.45,1222285
2021-06-16 09:33:43,755.4,1223195
2021-06-16 09:33:44,755.4,1223444
2021-06-16 09:33:45,755.4,1223736
2021-06-16 09:33:46,755.2,1224316
2021-06-16 09:33:47,755.45,1224823
2021-06-16 09:33:47,755.4,1224734
2021-06-16 09:33:49,755.5,1225659
2021-06-16 09:33:50,755.5,1226947
2021-06-16 09:33:51,756.0,1238460
2021-06-16 09:33:52,756.0,1258112
2021-06-16 09:33:53,756.0,1260157
2021-06-16 09:33:54,756.0,1265416
2021-06-16 09:33:55,756.1,1267306
2021-06-16 09:33:56,756.05,1267670
2021-06-16 09:33:57,756.1,1270008
2021-06-16 09:33:58,756.0,1270948
2021-06-16 09:33:59,755.95,1273392
2021-06-16 09:34:01,755.6,1278016
2021-06-16 09:34:02,755.65,1279034
2021-06-16 09:34:03,755.65,1279836
2021-06-16 09:34:04,755.9,1280506
2021-06-16 09:34:04,755.9,1280557
2021-06-16 09:34:06,755.9,1280960
2021-06-16 09:34:07,755.65,1281372
2021-06-16 09:34:08,755.9,1283727
2021-06-16 09:34:09,755.9,1284508
2021-06-16 09:34:10,755.8,1284644
2021-06-16 09:34:11,755.8,1284746
2021-06-16 09:34:12,755.9,1285591
2021-06-16 09:34:13,755.8,1285735
2021-06-16 09:34:14,755.5,1291025
2021-06-16 09:34:15,755.4,1292267
2021-06-16 09:34:16,755.75,1294149
2021-06-16 09:34:17,755.7,1294544
2021-06-16 09:34:18,755.65,1294837
2021-06-16 09:34:19,755.75,1296416
2021-06-16 09:34:19,755.75,1296588
2021-06-16 09:34:21,755.75,1296906
2021-06-16 09:34:22,755.45,1308503
2021-06-16 09:34:23,755.45,1313958
2021-06-16 09:34:24,755.25,1315707
2021-06-16 09:34:25,755.25,1316704
2021-06-16 09:34:26,755.3,1317242
2021-06-16 09:34:27,755.25,1317999
2021-06-16 09:34:28,755.5,1319771
2021-06-16 09:34:29,755.5,1320175
2021-06-16 09:34:30,755.5,1320554
2021-06-16 09:34:31,755.5,1320822
2021-06-16 09:34:31,755.65,1320920
2021-06-16 09:34:33,755.45,1321496
2021-06-16 09:34:35,755.5,1322656
2021-06-16 09:34:36,755.5,1323182
2021-06-16 09:34:37,755.5,1324282
2021-06-16 09:34:38,755.5,1325284
2021-06-16 09:34:40,755.45,1325724
2021-06-16 09:34:41,755.5,1326746
2021-06-16 09:34:42,755.9,1330121
2021-06-16 09:34:43,756.0,1331752
2021-06-16 09:34:44,755.4,1342622
2021-06-16 09:34:45,755.8,1345730
2021-06-16 09:34:46,755.8,1346069
2021-06-16 09:34:46,755.8,1346092
2021-06-16 09:34:48,755.8,1351515
2021-06-16 09:34:49,756.0,1353171
2021-06-16 09:34:50,755.8,1355494
2021-06-16 09:34:51,756.0,1356265
2021-06-16 09:34:52,755.8,1356654
2021-06-16 09:34:53,755.8,1356946
2021-06-16 09:34:54,755.5,1358041
2021-06-16 09:34:55,755.55,1358872
2021-06-16 09:34:56,755.55,1359271
2021-06-16 09:34:57,756.0,1360948
2021-06-16 09:34:58,755.75,1361419
2021-06-16 09:34:59,755.65,1361608
2021-06-16 09:34:59,755.75,1362110
2021-06-16 09:35:00,755.6,1362249
2021-06-16 09:35:03,755.75,1363540
2021-06-16 09:35:04,756.0,1365251
2021-06-16 09:35:05,756.05,1374028
2021-06-16 09:35:06,756.05,1375639
2021-06-16 09:35:07,756.0,1380332
2021-06-16 09:35:08,756.0,1382610
2021-06-16 09:35:09,756.15,1383417
2021-06-16 09:35:10,756.05,1383969
2021-06-16 09:35:11,756.4,1385092
2021-06-16 09:35:12,756.15,1388479
2021-06-16 09:35:13,756.5,1389292
2021-06-16 09:35:14,756.15,1389873
2021-06-16 09:35:14,756.15,1390637
2021-06-16 09:35:16,756.5,1391391
2021-06-16 09:35:17,756.45,1391691
2021-06-16 09:35:18,756.45,1392425
2021-06-16 09:35:19,756.3,1392876
2021-06-16 09:35:20,756.1,1394660
2021-06-16 09:35:21,756.1,1396040
2021-06-16 09:35:22,756.2,1397173
2021-06-16 09:35:23,756.2,1397764
2021-06-16 09:35:24,755.95,1402487
2021-06-16 09:35:24,755.9,1403229
2021-06-16 09:35:26,756.0,1406271
2021-06-16 09:35:27,756.0,1407070
2021-06-16 09:35:28,756.0,1407678
2021-06-16 09:35:29,755.75,1409307
2021-06-16 09:35:30,755.9,1410468
2021-06-16 09:35:31,755.75,1411603
2021-06-16 09:35:32,755.75,1412119
2021-06-16 09:35:33,755.9,1412946
2021-06-16 09:35:34,755.9,1413917
2021-06-16 09:35:35,755.75,1414489
2021-06-16 09:35:36,755.9,1414965
2021-06-16 09:35:37,755.9,1415932
2021-06-16 09:35:38,755.9,1416637
2021-06-16 09:35:38,755.85,1417656
2021-06-16 09:35:40,755.8,1418401
2021-06-16 09:35:41,755.85,1419427
2021-06-16 09:35:42,755.8,1420182
2021-06-16 09:35:43,755.85,1426642
2021-06-16 09:35:44,756.0,1428982
2021-06-16 09:35:45,756.0,1430438
2021-06-16 09:35:46,755.95,1431443
2021-06-16 09:35:47,755.95,1432015
2021-06-16 09:35:48,755.95,1433454
2021-06-16 09:35:49,756.2,1434207
2021-06-16 09:35:50,756.0,1434477
2021-06-16 09:35:51,756.0,1436357
2021-06-16 09:35:54,756.1,1439675
2021-06-16 09:35:55,756.4,1439847
2021-06-16 09:35:58,756.35,1446521
2021-06-16 09:35:59,756.6,1448908
2021-06-16 09:36:00,756.3,1450725
2021-06-16 09:36:01,756.3,1451920
2021-06-16 09:36:03,756.7,1455333
2021-06-16 09:36:04,756.7,1455818
2021-06-16 09:36:05,756.5,1456126
2021-06-16 09:36:06,756.5,1456489
2021-06-16 09:36:07,756.5,1456760
2021-06-16 09:36:08,756.5,1457544
2021-06-16 09:36:09,756.6,1457848
2021-06-16 09:36:11,756.6,1458153
2021-06-16 09:36:10,756.6,1458124
2021-06-16 09:36:13,756.5,1459616
2021-06-16 09:36:14,756.5,1459835
2021-06-16 09:36:15,756.55,1460708
2021-06-16 09:36:16,756.55,1461744
2021-06-16 09:36:17,756.35,1462929
2021-06-16 09:36:18,756.6,1464920
2021-06-16 09:36:19,756.55,1465322
2021-06-16 09:36:20,756.5,1466688
2021-06-16 09:36:21,756.5,1467716
2021-06-16 09:36:22,756.6,1469107
2021-06-16 09:36:24,756.6,1470055
2021-06-16 09:36:25,756.7,1471012
2021-06-16 09:36:26,756.55,1471269
2021-06-16 09:36:27,756.7,1473079
2021-06-16 09:36:28,756.55,1473495
2021-06-16 09:36:29,756.55,1474506
2021-06-16 09:36:31,756.7,1475619
2021-06-16 09:36:32,756.55,1477122
2021-06-16 09:36:33,756.7,1481313
2021-06-16 09:36:34,756.7,1482380
2021-06-16 09:36:35,756.55,1483021
2021-06-16 09:36:36,756.6,1483406
2021-06-16 09:36:37,756.7,1484622
2021-06-16 09:36:38,756.6,1485114
2021-06-16 09:36:39,756.7,1486922
2021-06-16 09:36:42,756.15,1494588
2021-06-16 09:36:44,755.7,1506669
2021-06-16 09:36:45,756.1,1510038
2021-06-16 09:36:46,756.15,1511551
2021-06-16 09:36:47,756.15,1512107
2021-06-16 09:36:48,756.2,1512987
2021-06-16 09:36:49,756.2,1513629
2021-06-16 09:36:50,756.3,1514421
2021-06-16 09:36:51,756.5,1515979
2021-06-16 09:36:52,756.55,1517511
2021-06-16 09:36:53,756.55,1517773
2021-06-16 09:36:54,756.7,1519440
2021-06-16 09:36:55,756.65,1521316
2021-06-16 09:36:56,756.35,1526298
2021-06-16 09:36:57,756.4,1530453
2021-06-16 09:36:58,756.4,1531728
2021-06-16 09:36:59,756.35,1532373
2021-06-16 09:37:00,756.35,1532715
2021-06-16 09:37:01,756.5,1533690
2021-06-16 09:37:02,756.35,1534975
2021-06-16 09:37:03,756.5,1535795
2021-06-16 09:37:04,756.5,1537434
2021-06-16 09:37:05,756.35,1538419
2021-06-16 09:37:06,756.3,1539118
2021-06-16 09:37:07,756.55,1539860
2021-06-16 09:37:08,756.5,1540678
2021-06-16 09:37:09,756.25,1541511
2021-06-16 09:37:10,756.5,1542775
2021-06-16 09:37:12,756.25,1544638
2021-06-16 09:37:13,756.25,1544935
2021-06-16 09:37:14,756.25,1545219
2021-06-16 09:37:15,756.2,1546906
2021-06-16 09:37:16,756.0,1548621
2021-06-16 09:37:17,756.2,1554998
2021-06-16 09:37:18,756.25,1556855
2021-06-16 09:37:19,756.0,1559050
2021-06-16 09:37:20,755.85,1559960
2021-06-16 09:37:21,756.2,1561608
2021-06-16 09:37:22,756.15,1564056
2021-06-16 09:37:23,756.0,1565609
2021-06-16 09:37:24,756.3,1567273
2021-06-16 09:37:25,756.3,1567827
2021-06-16 09:37:26,755.95,1568598
2021-06-16 09:37:27,756.2,1570059
2021-06-16 09:37:28,756.0,1571572
2021-06-16 09:37:29,756.0,1572036
2021-06-16 09:37:30,756.0,1572951
2021-06-16 09:37:31,756.15,1575137
2021-06-16 09:37:32,756.0,1575703
2021-06-16 09:37:33,756.2,1576296
2021-06-16 09:37:34,755.95,1576445
2021-06-16 09:37:35,755.95,1576466
2021-06-16 09:37:36,756.0,1576694
2021-06-16 09:37:37,756.0,1577771
2021-06-16 09:37:38,756.0,1578443
2021-06-16 09:37:39,756.0,1579484
2021-06-16 09:37:41,755.9,1581332
2021-06-16 09:37:42,756.0,1583754
2021-06-16 09:37:43,756.0,1584811
2021-06-16 09:37:44,755.9,1584905
2021-06-16 09:37:45,755.95,1584925
2021-06-16 09:37:46,755.95,1585403
2021-06-16 09:37:47,756.0,1586241
2021-06-16 09:37:48,756.0,1586532
2021-06-16 09:37:49,756.15,1587882
2021-06-16 09:37:50,756.15,1588393
2021-06-16 09:37:51,756.1,1589924
2021-06-16 09:37:52,756.3,1590735
2021-06-16 09:37:54,756.05,1592740
2021-06-16 09:37:54,756.3,1593157
2021-06-16 09:37:55,756.3,1593560
2021-06-16 09:37:56,756.15,1594677
2021-06-16 09:37:57,756.25,1595279
2021-06-16 09:37:58,756.1,1595776
2021-06-16 09:38:00,756.4,1596022
2021-06-16 09:38:00,756.3,1596244
2021-06-16 09:38:01,756.1,1597027
2021-06-16 09:38:02,756.1,1597651
2021-06-16 09:38:03,756.2,1597857
2021-06-16 09:38:05,756.1,1598183
2021-06-16 09:38:05,756.25,1598582
2021-06-16 09:38:06,756.3,1598864
2021-06-16 09:38:07,756.4,1601298
2021-06-16 09:38:08,756.1,1602789
2021-06-16 09:38:10,756.05,1607536
2021-06-16 09:38:12,756.3,1608923
2021-06-16 09:38:12,756.25,1609223
2021-06-16 09:38:13,756.05,1609898
2021-06-16 09:38:14,756.05,1610604
2021-06-16 09:38:15,756.25,1611114
2021-06-16 09:38:16,756.0,1611314
2021-06-16 09:38:17,756.0,1617568
2021-06-16 09:38:18,755.95,1620694
2021-06-16 09:38:20,756.0,1621975
2021-06-16 09:38:21,756.0,1622411
2021-06-16 09:38:22,756.0,1622504
2021-06-16 09:38:23,756.0,1622738
2021-06-16 09:38:24,756.0,1624000
2021-06-16 09:38:25,755.8,1624977
2021-06-16 09:38:26,756.2,1628216
2021-06-16 09:38:27,756.0,1628511
2021-06-16 09:38:29,756.0,1628815
2021-06-16 09:38:29,756.2,1629007
2021-06-16 09:38:30,756.0,1629949
2021-06-16 09:38:31,756.25,1630617
2021-06-16 09:38:32,756.25,1631039
2021-06-16 09:38:34,756.25,1632725
2021-06-16 09:38:35,756.25,1633159
2021-06-16 09:38:36,756.3,1633418
2021-06-16 09:38:37,756.4,1634470
2021-06-16 09:38:38,756.35,1636174
2021-06-16 09:38:39,756.45,1636991
2021-06-16 09:38:41,756.35,1637519
2021-06-16 09:38:41,756.45,1637120
2021-06-16 09:38:42,756.25,1638740
2021-06-16 09:38:43,756.25,1643560
2021-06-16 09:38:44,756.4,1644738
2021-06-16 09:38:47,756.4,1646940
2021-06-16 09:38:47,756.15,1647160
2021-06-16 09:38:48,756.25,1647629
2021-06-16 09:38:49,756.25,1648667
2021-06-16 09:38:50,756.25,1649245
2021-06-16 09:38:51,756.25,1649952
2021-06-16 09:38:53,756.45,1651984
2021-06-16 09:38:54,756.45,1652405
2021-06-16 09:38:56,756.3,1652474
2021-06-16 09:38:57,756.25,1653294
2021-06-16 09:38:58,756.25,1654055
2021-06-16 09:38:59,756.45,1654605
2021-06-16 09:39:00,756.45,1654722
2021-06-16 09:39:01,756.5,1657193
2021-06-16 09:39:03,756.45,1658484
2021-06-16 09:39:03,756.45,1658485
2021-06-16 09:39:04,756.5,1658966
2021-06-16 09:39:05,756.5,1659129
2021-06-16 09:39:06,756.5,1659640
2021-06-16 09:39:07,756.65,1660031
2021-06-16 09:39:08,756.4,1660534
2021-06-16 09:39:09,756.25,1662149
2021-06-16 09:39:10,756.5,1663006
2021-06-16 09:39:11,756.45,1663034
2021-06-16 09:39:12,756.4,1663157
2021-06-16 09:39:14,756.4,1663256
2021-06-16 09:39:15,756.4,1663311
2021-06-16 09:39:16,756.35,1663612
2021-06-16 09:39:17,756.25,1664544
2021-06-16 09:39:18,756.25,1664854
2021-06-16 09:39:19,756.25,1665034
2021-06-16 09:39:20,756.25,1665676
2021-06-16 09:39:21,756.1,1666530
2021-06-16 09:39:22,755.9,1674749
2021-06-16 09:39:23,755.55,1675398
2021-06-16 09:39:24,755.9,1677469
2021-06-16 09:39:25,755.85,1677764
2021-06-16 09:39:27,755.55,1678341
2021-06-16 09:39:28,755.55,1680133
2021-06-16 09:39:29,755.55,1680763
2021-06-16 09:39:31,755.55,1682017
2021-06-16 09:39:33,755.7,1683580
2021-06-16 09:39:34,756.1,1684938
2021-06-16 09:39:36,755.9,1685774
2021-06-16 09:39:36,755.9,1685821
2021-06-16 09:39:37,756.05,1686317
2021-06-16 09:39:38,756.1,1687191
2021-06-16 09:39:39,755.85,1688995
2021-06-16 09:39:40,755.85,1690059
2021-06-16 09:39:42,755.95,1692160
2021-06-16 09:39:42,755.95,1692160
2021-06-16 09:39:43,755.95,1692250
2021-06-16 09:39:44,755.85,1692528
2021-06-16 09:39:45,755.9,1693886
2021-06-16 09:39:46,755.7,1693947
2021-06-16 09:39:47,755.55,1694352
2021-06-16 09:39:48,755.55,1695320
2021-06-16 09:39:50,755.55,1696330
2021-06-16 09:39:51,755.85,1697146
2021-06-16 09:39:52,755.85,1697463
2021-06-16 09:39:53,755.8,1698041
2021-06-16 09:39:54,755.8,1698510
2021-06-16 09:39:55,755.8,1698630
2021-06-16 09:39:57,755.85,1700562
2021-06-16 09:39:58,755.8,1700870
2021-06-16 09:39:59,755.65,1701238
2021-06-16 09:40:00,755.85,1702299
2021-06-16 09:40:01,755.55,1702388
2021-06-16 09:40:02,755.5,1703790
2021-06-16 09:40:03,755.55,1704482
2021-06-16 09:40:04,755.65,1704745
2021-06-16 09:40:05,755.5,1704988
2021-06-16 09:40:06,755.4,1705370
2021-06-16 09:40:07,755.3,1707369
2021-06-16 09:40:08,756.0,1710987
2021-06-16 09:40:09,756.0,1714059
2021-06-16 09:40:09,756.0,1714159
2021-06-16 09:40:10,756.0,1714299
2021-06-16 09:40:11,755.6,1714823
2021-06-16 09:40:12,755.7,1716081
2021-06-16 09:40:13,755.6,1716642
2021-06-16 09:40:14,755.6,1716971
2021-06-16 09:40:15,755.55,1717031
2021-06-16 09:40:16,755.7,1718135
2021-06-16 09:40:18,755.7,1718170
2021-06-16 09:40:19,755.7,1719387
2021-06-16 09:40:19,755.55,1719059
2021-06-16 09:40:21,755.5,1719889
2021-06-16 09:40:21,755.45,1720047
2021-06-16 09:40:23,755.7,1723688
2021-06-16 09:40:24,755.85,1725197
2021-06-16 09:40:25,755.65,1727007
2021-06-16 09:40:25,755.4,1728962
2021-06-16 09:40:27,755.5,1730438
2021-06-16 09:40:27,755.5,1730622
2021-06-16 09:40:29,755.5,1731480
2021-06-16 09:40:30,755.05,1738778
2021-06-16 09:40:31,755.0,1754225
2021-06-16 09:40:32,755.0,1756391
2021-06-16 09:40:33,755.0,1756777
2021-06-16 09:40:34,754.8,1757320
2021-06-16 09:40:35,755.0,1758618
2021-06-16 09:40:36,754.7,1759461
2021-06-16 09:40:37,754.8,1760805
2021-06-16 09:40:37,754.65,1761150
2021-06-16 09:40:39,754.6,1763535
2021-06-16 09:40:40,754.9,1766739
2021-06-16 09:40:42,754.75,1767543
2021-06-16 09:40:43,754.6,1767930
2021-06-16 09:40:44,754.75,1768091
2021-06-16 09:40:45,754.75,1768179
2021-06-16 09:40:46,755.05,1768678
2021-06-16 09:40:47,755.3,1769734
2021-06-16 09:40:48,755.3,1770566
2021-06-16 09:40:49,755.4,1771856
2021-06-16 09:40:50,755.0,1772063
2021-06-16 09:40:51,755.0,1772365
2021-06-16 09:40:54,755.0,1773834
2021-06-16 09:40:54,755.0,1773906
2021-06-16 09:40:55,754.95,1774477
2021-06-16 09:40:56,755.0,1774694
2021-06-16 09:40:59,755.0,1775757
2021-06-16 09:41:00,755.0,1776116
2021-06-16 09:41:01,755.0,1780278
2021-06-16 09:41:01,755.0,1781164
2021-06-16 09:41:02,755.3,1782054
2021-06-16 09:41:03,755.0,1782345
2021-06-16 09:41:04,755.3,1782464
2021-06-16 09:41:05,755.4,1783901
2021-06-16 09:41:06,755.3,1783944
2021-06-16 09:41:09,755.25,1785595
2021-06-16 09:41:10,755.3,1785998
2021-06-16 09:41:11,755.25,1786440
2021-06-16 09:41:12,755.2,1788770
2021-06-16 09:41:12,755.2,1788770
2021-06-16 09:41:14,755.4,1788932
2021-06-16 09:41:15,755.3,1788946
2021-06-16 09:41:15,755.3,1788946
2021-06-16 09:41:16,755.3,1789027
2021-06-16 09:41:17,755.25,1789212
2021-06-16 09:41:18,755.3,1789353
2021-06-16 09:41:20,755.35,1789570
2021-06-16 09:41:21,755.3,1789581
2021-06-16 09:41:22,755.25,1789883
2021-06-16 09:41:22,755.3,1789892
2021-06-16 09:41:23,755.3,1789989
2021-06-16 09:41:24,755.3,1790270
2021-06-16 09:41:25,755.35,1790800
2021-06-16 09:41:26,755.4,1790821
2021-06-16 09:41:28,755.5,1791891
2021-06-16 09:41:29,755.3,1792116
2021-06-16 09:41:30,755.3,1793556
2021-06-16 09:41:30,755.3,1793556
2021-06-16 09:41:31,755.3,1793786
2021-06-16 09:41:32,755.55,1794359
2021-06-16 09:41:33,755.5,1794586
2021-06-16 09:41:34,755.4,1794766
2021-06-16 09:41:35,755.4,1794929
2021-06-16 09:41:37,755.5,1794965
2021-06-16 09:41:38,755.65,1795265
2021-06-16 09:41:38,755.65,1795265
2021-06-16 09:41:39,755.7,1795797
2021-06-16 09:41:40,755.6,1796082
2021-06-16 09:41:41,755.4,1796132
2021-06-16 09:41:42,755.5,1796374
2021-06-16 09:41:43,755.5,1796391
2021-06-16 09:41:44,755.5,1796563
2021-06-16 09:41:45,755.5,1796778
2021-06-16 09:41:46,755.45,1797087
2021-06-16 09:41:47,755.6,1797749
2021-06-16 09:41:48,755.6,1797749
2021-06-16 09:41:49,755.4,1797783
2021-06-16 09:41:50,755.35,1798225
2021-06-16 09:41:52,755.5,1799785
2021-06-16 09:41:53,755.55,1799796
2021-06-16 09:41:54,755.5,1800996
2021-06-16 09:41:55,755.5,1801052
2021-06-16 09:41:55,755.5,1801053
2021-06-16 09:41:59,755.45,1801426
2021-06-16 09:42:00,755.45,1802339
2021-06-16 09:42:01,755.5,1802420
2021-06-16 09:42:02,755.5,1802588
2021-06-16 09:42:03,755.5,1802679
2021-06-16 09:42:03,755.5,1802682
2021-06-16 09:42:04,755.5,1802947
2021-06-16 09:42:05,755.3,1805413
2021-06-16 09:42:07,755.3,1806047
2021-06-16 09:42:09,755.45,1806289
2021-06-16 09:42:10,755.5,1806539
2021-06-16 09:42:10,755.55,1806939
2021-06-16 09:42:11,755.6,1807098
2021-06-16 09:42:12,755.55,1807599
2021-06-16 09:42:13,755.45,1808209
2021-06-16 09:42:14,755.5,1808421
2021-06-16 09:42:15,755.8,1808632
2021-06-16 09:42:16,755.65,1809332
2021-06-16 09:42:18,755.55,1810477
2021-06-16 09:42:19,756.0,1811193
2021-06-16 09:42:20,756.0,1811321
2021-06-16 09:42:20,756.0,1811322
2021-06-16 09:42:21,756.0,1812066
2021-06-16 09:42:23,755.95,1812382
2021-06-16 09:42:24,755.95,1812443
2021-06-16 09:42:25,755.8,1818604
2021-06-16 09:42:26,755.85,1819025
2021-06-16 09:42:27,756.0,1819110
2021-06-16 09:42:28,755.95,1819326
2021-06-16 09:42:29,755.8,1819520
2021-06-16 09:42:30,756.0,1820314
2021-06-16 09:42:31,755.8,1820459
2021-06-16 09:42:32,755.85,1820632
2021-06-16 09:42:33,755.85,1820737
2021-06-16 09:42:34,755.85,1820954
2021-06-16 09:42:36,755.8,1821094
2021-06-16 09:42:37,755.95,1821332
2021-06-16 09:42:38,756.0,1823670
2021-06-16 09:42:38,755.95,1821457
2021-06-16 09:42:39,755.9,1823894
2021-06-16 09:42:40,755.95,1823965
2021-06-16 09:42:42,755.95,1824603
2021-06-16 09:42:43,756.0,1824779
2021-06-16 09:42:44,756.0,1824995
2021-06-16 09:42:44,755.95,1824886
2021-06-16 09:42:45,755.95,1825010
2021-06-16 09:42:46,755.95,1825185
2021-06-16 09:42:47,756.0,1825639
2021-06-16 09:42:49,756.0,1825879
2021-06-16 09:42:50,755.85,1826652
2021-06-16 09:42:51,756.0,1826949
2021-06-16 09:42:52,756.0,1827139
2021-06-16 09:42:53,755.9,1828079
2021-06-16 09:42:54,755.9,1828079
2021-06-16 09:42:55,755.8,1828521
2021-06-16 09:42:56,755.5,1829031
2021-06-16 09:42:58,755.5,1829642
2021-06-16 09:42:58,755.7,1829647
2021-06-16 09:43:00,755.7,1830198
2021-06-16 09:43:00,755.7,1830198
2021-06-16 09:43:01,755.5,1830826
2021-06-16 09:43:02,755.5,1831079
2021-06-16 09:43:04,755.75,1832824
2021-06-16 09:43:05,755.8,1832995
2021-06-16 09:43:06,755.85,1833111
2021-06-16 09:43:06,755.65,1833153
2021-06-16 09:43:08,755.8,1834578
2021-06-16 09:43:09,756.0,1834698
2021-06-16 09:43:10,756.0,1834698
2021-06-16 09:43:12,755.75,1835000
2021-06-16 09:43:13,756.0,1835785
2021-06-16 09:43:14,756.0,1836033
2021-06-16 09:43:15,756.0,1836611
2021-06-16 09:43:16,756.0,1836681
2021-06-16 09:43:17,755.9,1836865
2021-06-16 09:43:17,755.85,1836841
2021-06-16 09:43:18,755.9,1836917
2021-06-16 09:43:20,755.95,1837348
2021-06-16 09:43:21,755.8,1837579
2021-06-16 09:43:23,755.9,1837794
2021-06-16 09:43:24,755.9,1838384
2021-06-16 09:43:25,755.8,1838397
2021-06-16 09:43:26,755.75,1838481
2021-06-16 09:43:27,755.9,1838774
2021-06-16 09:43:28,755.75,1839117
2021-06-16 09:43:29,755.75,1839776
2021-06-16 09:43:30,755.9,1839812
2021-06-16 09:43:32,755.8,1839963
2021-06-16 09:43:34,755.85,1845792
2021-06-16 09:43:35,755.9,1845829
2021-06-16 09:43:36,755.9,1845829
2021-06-16 09:43:37,755.65,1846329
2021-06-16 09:43:37,755.65,1846329
2021-06-16 09:43:38,756.0,1847250
2021-06-16 09:43:39,755.95,1847359
2021-06-16 09:43:40,755.9,1847691
2021-06-16 09:43:42,755.7,1847723
2021-06-16 09:43:43,755.75,1847732
2021-06-16 09:43:44,755.9,1848050
2021-06-16 09:43:45,755.75,1848271
2021-06-16 09:43:46,755.95,1848459
2021-06-16 09:43:47,755.9,1848663
2021-06-16 09:43:48,755.95,1848810
2021-06-16 09:43:49,755.95,1848810
2021-06-16 09:43:50,755.75,1849367
2021-06-16 09:43:53,755.75,1849846
2021-06-16 09:43:54,755.85,1850753
2021-06-16 09:43:55,755.9,1851653
2021-06-16 09:43:56,755.65,1851891
2021-06-16 09:43:58,755.65,1852683
2021-06-16 09:43:59,755.85,1852919
2021-06-16 09:44:00,755.65,1853573
2021-06-16 09:44:01,755.65,1853667
2021-06-16 09:44:01,755.65,1853667
2021-06-16 09:44:02,755.65,1853687
2021-06-16 09:44:03,755.75,1853887
2021-06-16 09:44:05,755.7,1854030
2021-06-16 09:44:06,755.7,1854659
2021-06-16 09:44:07,755.75,1855130
2021-06-16 09:44:07,755.75,1855143
2021-06-16 09:44:09,755.85,1855768
2021-06-16 09:44:10,755.9,1856018
2021-06-16 09:44:11,755.85,1856304
2021-06-16 09:44:12,755.9,1857429
2021-06-16 09:44:13,755.85,1857644
2021-06-16 09:44:15,755.9,1859957
2021-06-16 09:44:16,755.9,1860137
2021-06-16 09:44:17,755.65,1860245
2021-06-16 09:44:18,755.85,1860263
2021-06-16 09:44:19,755.9,1860782
2021-06-16 09:44:19,755.75,1860812
2021-06-16 09:44:21,755.9,1860952
2021-06-16 09:44:22,755.75,1861393
2021-06-16 09:44:23,755.85,1861581
2021-06-16 09:44:24,755.6,1862255
2021-06-16 09:44:24,755.85,1862260
2021-06-16 09:44:25,755.85,1862260
2021-06-16 09:44:26,755.85,1862458
2021-06-16 09:44:28,755.85,1862648
2021-06-16 09:44:29,755.55,1863158
2021-06-16 09:44:30,755.65,1863360
2021-06-16 09:44:31,755.55,1864440
2021-06-16 09:44:31,755.55,1864440
2021-06-16 09:44:33,755.5,1866100
2021-06-16 09:44:34,755.55,1866211
2021-06-16 09:44:35,755.65,1866363
2021-06-16 09:44:36,755.5,1866650
2021-06-16 09:44:37,755.5,1866850
2021-06-16 09:44:39,755.5,1867167
2021-06-16 09:44:40,755.5,1867602
2021-06-16 09:44:43,755.7,1868350
2021-06-16 09:44:44,755.65,1868460
2021-06-16 09:44:44,755.65,1868714
2021-06-16 09:44:45,755.55,1868899
2021-06-16 09:44:47,755.55,1868966
2021-06-16 09:44:48,755.5,1869441
2021-06-16 09:44:49,755.7,1869472
2021-06-16 09:44:50,755.5,1870213
2021-06-16 09:44:51,755.5,1870564
2021-06-16 09:44:53,755.5,1870884
2021-06-16 09:44:54,755.4,1870892
2021-06-16 09:44:54,755.4,1870901
2021-06-16 09:44:55,755.6,1871554
2021-06-16 09:44:57,755.6,1871559
2021-06-16 09:44:58,755.55,1871675
2021-06-16 09:44:59,755.55,1871790
2021-06-16 09:45:00,755.55,1872023
2021-06-16 09:45:01,755.6,1872378
2021-06-16 09:45:02,755.55,1872569
2021-06-16 09:45:03,755.55,1872702
2021-06-16 09:45:03,755.55,1872702
2021-06-16 09:45:05,755.55,1873036
2021-06-16 09:45:06,755.5,1873279
2021-06-16 09:45:07,755.5,1873675
2021-06-16 09:45:08,755.55,1873820
2021-06-16 09:45:09,755.5,1874916
2021-06-16 09:45:11,755.55,1876291
2021-06-16 09:45:12,755.5,1879091
2021-06-16 09:45:13,755.55,1879177
2021-06-16 09:45:14,755.75,1879321
2021-06-16 09:45:15,755.55,1879343
2021-06-16 09:45:17,755.6,1879506
2021-06-16 09:45:18,755.75,1879788
2021-06-16 09:45:19,755.55,1880208
2021-06-16 09:45:20,755.55,1880231
2021-06-16 09:45:20,755.55,1880338
2021-06-16 09:45:22,755.7,1880495
2021-06-16 09:45:23,755.55,1880701
2021-06-16 09:45:24,755.7,1881496
2021-06-16 09:45:26,756.0,1896288
2021-06-16 09:45:28,755.9,1896374
2021-06-16 09:45:29,756.05,1896426
2021-06-16 09:45:31,755.9,1897156
2021-06-16 09:45:32,756.0,1897728
2021-06-16 09:45:32,756.0,1897935
2021-06-16 09:45:34,756.0,1898085
2021-06-16 09:45:35,755.85,1898710
2021-06-16 09:45:36,755.9,1898814
2021-06-16 09:45:38,755.75,1899762
2021-06-16 09:45:39,755.55,1900024
2021-06-16 09:45:40,755.75,1900662
2021-06-16 09:45:41,755.75,1901004
2021-06-16 09:45:43,755.75,1901247
2021-06-16 09:45:44,755.75,1901258
2021-06-16 09:45:45,755.75,1901841
2021-06-16 09:45:46,755.6,1902149
2021-06-16 09:45:47,755.55,1902356
2021-06-16 09:45:48,755.6,1902482
2021-06-16 09:45:49,755.85,1902766
2021-06-16 09:45:50,755.6,1903059
2021-06-16 09:45:51,755.6,1903112
2021-06-16 09:45:51,755.65,1903269
2021-06-16 09:45:53,755.55,1903415
2021-06-16 09:45:54,755.75,1903487
2021-06-16 09:45:55,755.6,1903491
2021-06-16 09:45:56,755.6,1903646
2021-06-16 09:45:57,755.85,1904188
2021-06-16 09:45:57,755.85,1904188
2021-06-16 09:45:59,755.6,1904517
2021-06-16 09:46:00,755.85,1904638
2021-06-16 09:46:01,755.65,1904639
2021-06-16 09:46:02,755.6,1904737
2021-06-16 09:46:03,755.8,1904781
2021-06-16 09:46:04,755.6,1904901
2021-06-16 09:46:05,755.8,1905021
2021-06-16 09:46:07,755.6,1905257
2021-06-16 09:46:08,755.55,1905930
2021-06-16 09:46:10,755.65,1908173
2021-06-16 09:46:11,755.45,1911693
2021-06-16 09:46:12,755.5,1911731
2021-06-16 09:46:13,755.65,1911832
2021-06-16 09:46:14,755.5,1911883
2021-06-16 09:46:15,755.55,1911884
2021-06-16 09:46:16,755.55,1912160
2021-06-16 09:46:17,755.55,1913342
2021-06-16 09:46:18,755.5,1913598
2021-06-16 09:46:19,755.1,1919953
2021-06-16 09:46:20,755.15,1919978
2021-06-16 09:46:21,755.15,1920046
2021-06-16 09:46:23,755.1,1921547
2021-06-16 09:46:24,755.1,1921739
2021-06-16 09:46:25,755.2,1921749
2021-06-16 09:46:26,755.15,1922607
2021-06-16 09:46:27,755.2,1922717
2021-06-16 09:46:28,755.15,1922847
2021-06-16 09:46:30,755.15,1923266
2021-06-16 09:46:31,755.15,1923861
2021-06-16 09:46:32,755.15,1924286
2021-06-16 09:46:33,755.2,1924558
2021-06-16 09:46:34,755.1,1933061
2021-06-16 09:46:35,754.85,1934137
2021-06-16 09:46:36,755.15,1935000
2021-06-16 09:46:37,755.1,1935243
2021-06-16 09:46:38,755.15,1936553
2021-06-16 09:46:39,754.75,1937316
2021-06-16 09:46:40,754.75,1937316
2021-06-16 09:46:41,755.1,1938423
2021-06-16 09:46:42,754.8,1938865
2021-06-16 09:46:43,754.8,1939030
2021-06-16 09:46:45,754.9,1939660
2021-06-16 09:46:46,754.9,1939829
2021-06-16 09:46:47,754.9,1939829
2021-06-16 09:46:48,754.8,1940578
2021-06-16 09:46:49,754.8,1940633
2021-06-16 09:46:50,754.75,1940811
2021-06-16 09:46:51,754.9,1940921
2021-06-16 09:46:52,754.7,1941300
2021-06-16 09:46:53,754.8,1941771
2021-06-16 09:46:54,754.7,1942175
2021-06-16 09:46:57,754.6,1944789
2021-06-16 09:46:58,754.55,1945687
2021-06-16 09:46:59,754.7,1946208
2021-06-16 09:47:00,754.7,1946880
2021-06-16 09:47:01,754.65,1948584
2021-06-16 09:47:02,754.75,1949066
2021-06-16 09:47:04,754.65,1949370
2021-06-16 09:47:06,754.65,1950145
2021-06-16 09:47:05,754.6,1950135
2021-06-16 09:47:07,754.6,1950447
2021-06-16 09:47:08,754.6,1951136
2021-06-16 09:47:10,754.25,1954681
2021-06-16 09:47:11,754.3,1955549
2021-06-16 09:47:12,754.6,1956259
2021-06-16 09:47:13,754.3,1957846
2021-06-16 09:47:14,754.3,1958117
2021-06-16 09:47:15,754.3,1958127
2021-06-16 09:47:16,754.1,1959854
2021-06-16 09:47:17,754.15,1959858
2021-06-16 09:47:18,754.45,1960462
2021-06-16 09:47:19,754.2,1960961
2021-06-16 09:47:20,754.2,1960974
2021-06-16 09:47:22,754.4,1961737
2021-06-16 09:47:23,754.1,1962120
2021-06-16 09:47:24,754.1,1962849
2021-06-16 09:47:25,753.95,1974125
2021-06-16 09:47:26,753.95,1975946
2021-06-16 09:47:27,754.05,1980649
2021-06-16 09:47:28,753.95,1981052
2021-06-16 09:47:29,753.65,1981419
2021-06-16 09:47:31,753.8,1983173
2021-06-16 09:47:32,753.5,1983497
2021-06-16 09:47:33,753.6,1985389
2021-06-16 09:47:34,753.65,1985644
2021-06-16 09:47:35,753.85,1985928
2021-06-16 09:47:36,753.95,1987573
2021-06-16 09:47:38,753.95,1990467
2021-06-16 09:47:37,753.95,1990467
2021-06-16 09:47:39,753.65,1991624
2021-06-16 09:47:40,753.9,1991750
2021-06-16 09:47:41,753.65,1992233
2021-06-16 09:47:42,753.65,1992336
2021-06-16 09:47:43,754.15,1996768
2021-06-16 09:47:44,754.0,1996969
2021-06-16 09:47:45,753.95,1997119
2021-06-16 09:47:46,753.9,1998305
2021-06-16 09:47:47,753.95,1998746
2021-06-16 09:47:48,754.0,1999226
2021-06-16 09:47:49,754.2,2000338
2021-06-16 09:47:50,753.9,2000397
2021-06-16 09:47:51,753.7,2000478
2021-06-16 09:47:52,753.7,2000611
2021-06-16 09:47:53,754.0,2000686
2021-06-16 09:47:54,753.7,2000859
2021-06-16 09:47:58,753.7,2005621
2021-06-16 09:47:59,753.9,2005785
2021-06-16 09:48:00,753.9,2005794
2021-06-16 09:48:01,753.85,2006124
2021-06-16 09:48:02,754.0,2007374
2021-06-16 09:48:03,754.0,2007590
2021-06-16 09:48:04,753.75,2009200
2021-06-16 09:48:05,753.75,2010865
2021-06-16 09:48:06,753.75,2010865
2021-06-16 09:48:09,753.7,2013205
2021-06-16 09:48:09,753.8,2013362
2021-06-16 09:48:10,754.0,2016113
2021-06-16 09:48:11,753.85,2016378
2021-06-16 09:48:12,753.9,2020117
2021-06-16 09:48:13,753.9,2020200
2021-06-16 09:48:15,753.9,2020390
2021-06-16 09:48:16,753.9,2021516
2021-06-16 09:48:18,753.9,2022351
2021-06-16 09:48:19,753.9,2022375
2021-06-16 09:48:20,753.85,2022639
2021-06-16 09:48:22,753.85,2022837
2021-06-16 09:48:22,753.8,2023087
2021-06-16 09:48:23,753.8,2023087
2021-06-16 09:48:24,753.95,2023602
2021-06-16 09:48:25,753.8,2024533
2021-06-16 09:48:26,753.8,2025958
2021-06-16 09:48:27,753.8,2026185
2021-06-16 09:48:28,753.85,2027691
2021-06-16 09:48:29,753.65,2027833
2021-06-16 09:48:33,753.65,2028201
2021-06-16 09:48:34,753.85,2028865
2021-06-16 09:48:34,753.85,2028743
2021-06-16 09:48:35,753.65,2028922
2021-06-16 09:48:36,753.65,2029199
2021-06-16 09:48:38,753.8,2029282
2021-06-16 09:48:39,753.65,2029907
2021-06-16 09:48:40,753.65,2030435
2021-06-16 09:48:41,753.65,2030508
2021-06-16 09:48:42,753.8,2031033
2021-06-16 09:48:43,753.65,2031855
2021-06-16 09:48:44,753.6,2031950
2021-06-16 09:48:46,753.6,2031984
2021-06-16 09:48:47,753.65,2032145
2021-06-16 09:48:47,753.65,2032155
2021-06-16 09:48:48,753.5,2038778
2021-06-16 09:48:49,753.5,2040706
2021-06-16 09:48:50,753.5,2042118
2021-06-16 09:48:51,753.4,2042344
2021-06-16 09:48:52,753.5,2042358
2021-06-16 09:48:53,753.4,2042819
2021-06-16 09:48:54,753.65,2043275
2021-06-16 09:48:55,753.5,2045078
2021-06-16 09:48:56,753.7,2045175
2021-06-16 09:48:57,753.8,2045360
2021-06-16 09:48:58,753.55,2045370
2021-06-16 09:48:59,753.75,2046026
2021-06-16 09:49:00,753.8,2046178
2021-06-16 09:49:01,753.5,2047031
2021-06-16 09:49:03,753.8,2047347
2021-06-16 09:49:04,753.55,2047467
2021-06-16 09:49:05,753.5,2048329
2021-06-16 09:49:05,753.5,2049502
2021-06-16 09:49:06,753.75,2049721
2021-06-16 09:49:07,753.5,2051221
2021-06-16 09:49:08,753.4,2051408
2021-06-16 09:49:14,753.65,2052519
2021-06-16 09:49:15,753.4,2052766
2021-06-16 09:49:16,753.4,2052807
2021-06-16 09:49:17,753.7,2063386
2021-06-16 09:49:18,753.9,2065280
2021-06-16 09:49:19,753.65,2065341
2021-06-16 09:49:20,753.65,2066393
2021-06-16 09:49:22,753.65,2066779
2021-06-16 09:49:23,753.65,2067019
2021-06-16 09:49:24,753.7,2067218
2021-06-16 09:49:25,753.85,2076388
2021-06-16 09:49:26,753.55,2086495
2021-06-16 09:49:27,753.85,2087352
2021-06-16 09:49:28,753.9,2087505
2021-06-16 09:49:29,753.9,2087505
2021-06-16 09:49:30,753.9,2087685
2021-06-16 09:49:31,753.7,2087896
2021-06-16 09:49:32,754.0,2098211
2021-06-16 09:49:33,754.0,2098594
2021-06-16 09:49:35,754.05,2099730
2021-06-16 09:49:36,754.1,2099941
2021-06-16 09:49:37,754.1,2099997
2021-06-16 09:49:38,753.9,2100098
2021-06-16 09:49:39,753.75,2101498
2021-06-16 09:49:40,754.0,2101635
2021-06-16 09:49:41,753.8,2102154
2021-06-16 09:49:42,754.0,2102179
2021-06-16 09:49:43,753.8,2102803
2021-06-16 09:49:44,754.0,2103953
2021-06-16 09:49:45,753.8,2104007
2021-06-16 09:49:52,753.95,2105534
2021-06-16 09:49:53,753.8,2105784
2021-06-16 09:49:55,753.75,2107790
2021-06-16 09:49:56,753.8,2107796
2021-06-16 09:49:57,753.8,2107857
2021-06-16 09:49:58,753.8,2110229
2021-06-16 09:49:59,753.8,2110327
2021-06-16 09:50:01,753.55,2110860
2021-06-16 09:50:02,753.55,2111871
2021-06-16 09:50:03,753.8,2112163
2021-06-16 09:50:04,753.6,2112188
2021-06-16 09:50:05,753.6,2112263
2021-06-16 09:50:06,753.85,2112567
2021-06-16 09:50:08,753.75,2112647
2021-06-16 09:50:09,753.75,2112851
2021-06-16 09:50:10,753.75,2113237
2021-06-16 09:50:11,753.7,2113762
2021-06-16 09:50:13,754.0,2115141
2021-06-16 09:50:13,753.8,2115506
2021-06-16 09:50:14,753.8,2115574
2021-06-16 09:50:15,753.8,2118124
2021-06-16 09:50:16,753.8,2118269
2021-06-16 09:50:17,753.8,2118598
2021-06-16 09:50:18,754.2,2118909
2021-06-16 09:50:19,753.95,2119349
2021-06-16 09:50:20,754.2,2119410
2021-06-16 09:50:21,754.3,2120395
2021-06-16 09:50:22,754.3,2120395
2021-06-16 09:50:23,754.25,2120454
2021-06-16 09:50:26,754.0,2120641
2021-06-16 09:50:27,754.15,2120811
2021-06-16 09:50:28,754.2,2121601
2021-06-16 09:50:28,754.25,2121625
2021-06-16 09:50:30,754.2,2122212
2021-06-16 09:50:30,754.2,2122427
2021-06-16 09:50:31,754.2,2122577
2021-06-16 09:50:32,754.0,2124217
2021-06-16 09:50:33,754.0,2124224
2021-06-16 09:50:35,754.0,2124430
2021-06-16 09:50:36,754.0,2125450
2021-06-16 09:50:37,754.0,2125550
2021-06-16 09:50:38,754.0,2126493
2021-06-16 09:50:39,754.0,2127131
2021-06-16 09:50:40,754.0,2127345
2021-06-16 09:50:41,754.15,2128630
2021-06-16 09:50:42,753.85,2128680
2021-06-16 09:50:43,754.15,2128826
2021-06-16 09:50:44,754.2,2128863
2021-06-16 09:50:45,754.15,2128915
2021-06-16 09:50:46,754.2,2128918
2021-06-16 09:50:47,754.05,2129256
2021-06-16 09:50:48,754.15,2129258
2021-06-16 09:50:49,754.05,2129338
2021-06-16 09:50:50,754.05,2129488
2021-06-16 09:50:51,754.05,2129499
2021-06-16 09:50:52,754.3,2129669
2021-06-16 09:50:53,754.2,2129678
2021-06-16 09:50:54,754.05,2129718
2021-06-16 09:50:55,754.3,2129791
2021-06-16 09:50:56,754.15,2129799
2021-06-16 09:50:57,753.8,2136057
2021-06-16 09:50:58,753.9,2136068
2021-06-16 09:50:59,754.0,2138366
2021-06-16 09:51:00,754.0,2138753
2021-06-16 09:51:01,754.0,2138816
2021-06-16 09:51:02,754.0,2138860
2021-06-16 09:51:04,754.0,2139059
2021-06-16 09:51:06,753.9,2139077
2021-06-16 09:51:07,753.9,2139085
2021-06-16 09:51:08,753.9,2139427
2021-06-16 09:51:09,753.8,2141584
2021-06-16 09:51:09,754.0,2139453
2021-06-16 09:51:10,753.8,2141592
2021-06-16 09:51:11,753.8,2141606
2021-06-16 09:51:13,753.9,2141614
2021-06-16 09:51:14,753.9,2141787
2021-06-16 09:51:16,753.9,2142852
2021-06-16 09:51:17,753.8,2142972
2021-06-16 09:51:18,753.8,2143133
2021-06-16 09:51:19,754.0,2143457
2021-06-16 09:51:19,753.8,2143702
2021-06-16 09:51:20,754.0,2143753
2021-06-16 09:51:21,753.8,2144014
2021-06-16 09:51:22,753.95,2144439
2021-06-16 09:51:23,754.0,2145533
2021-06-16 09:51:25,753.8,2146624
2021-06-16 09:51:26,753.8,2146776
2021-06-16 09:51:28,754.0,2147225
2021-06-16 09:51:29,753.8,2147255
2021-06-16 09:51:30,754.0,2147282
2021-06-16 09:51:31,753.9,2147519
2021-06-16 09:51:31,754.0,2147362
2021-06-16 09:51:32,753.9,2147966
2021-06-16 09:51:34,754.0,2148269
2021-06-16 09:51:34,753.8,2148332
2021-06-16 09:51:35,753.8,2148332
2021-06-16 09:51:36,753.9,2148457
2021-06-16 09:51:37,753.8,2148747
2021-06-16 09:51:38,753.9,2148760
2021-06-16 09:51:39,753.8,2149585
2021-06-16 09:51:41,754.0,2149809
2021-06-16 09:51:42,753.8,2149848
2021-06-16 09:51:43,753.8,2149855
2021-06-16 09:51:44,753.8,2150056
2021-06-16 09:51:45,753.8,2150056
2021-06-16 09:51:46,753.8,2150169
2021-06-16 09:51:47,753.95,2150172
2021-06-16 09:51:48,753.9,2150252
2021-06-16 09:51:50,753.95,2150279
2021-06-16 09:51:51,753.9,2150280
2021-06-16 09:51:52,753.9,2150841
2021-06-16 09:51:52,753.9,2150992
2021-06-16 09:51:54,753.9,2150999
2021-06-16 09:51:55,754.0,2151180
2021-06-16 09:51:55,753.9,2151277
2021-06-16 09:51:56,753.9,2151291
2021-06-16 09:51:57,753.9,2151391
2021-06-16 09:51:58,753.9,2151467
2021-06-16 09:51:59,753.75,2153982
2021-06-16 09:52:01,753.8,2154059
2021-06-16 09:52:02,753.8,2154269
2021-06-16 09:52:02,753.75,2155514
2021-06-16 09:52:03,753.75,2155558
2021-06-16 09:52:04,753.75,2155901
2021-06-16 09:52:05,753.75,2155932
2021-06-16 09:52:06,753.7,2156207
2021-06-16 09:52:07,753.75,2156213
2021-06-16 09:52:08,753.7,2156601
2021-06-16 09:52:09,753.65,2156928
2021-06-16 09:52:10,753.6,2157288
2021-06-16 09:52:11,753.65,2157499
2021-06-16 09:52:12,753.75,2157831
2021-06-16 09:52:13,753.65,2158523
2021-06-16 09:52:14,753.65,2158729
2021-06-16 09:52:15,753.65,2158729
2021-06-16 09:52:16,753.65,2158729
2021-06-16 09:52:17,753.65,2158851
2021-06-16 09:52:19,753.65,2158851
2021-06-16 09:52:20,753.65,2159768
2021-06-16 09:52:21,753.6,2160606
2021-06-16 09:52:23,753.6,2161212
2021-06-16 09:52:23,753.6,2161436
2021-06-16 09:52:24,753.6,2161543
2021-06-16 09:52:25,753.6,2162034
2021-06-16 09:52:27,753.55,2162124
2021-06-16 09:52:28,753.65,2162132
2021-06-16 09:52:29,753.65,2162975
2021-06-16 09:52:30,753.65,2163000
2021-06-16 09:52:31,753.55,2163161
2021-06-16 09:52:32,753.55,2163254
2021-06-16 09:52:33,753.55,2163315
2021-06-16 09:52:34,753.55,2163322
2021-06-16 09:52:35,753.55,2163322
2021-06-16 09:52:35,753.55,2163422
2021-06-16 09:52:37,753.6,2163593
2021-06-16 09:52:38,753.6,2164163
2021-06-16 09:52:39,753.6,2164265
2021-06-16 09:52:39,753.55,2164531
2021-06-16 09:52:40,753.75,2166363
2021-06-16 09:52:42,753.7,2166441
2021-06-16 09:52:44,753.7,2166569
2021-06-16 09:52:46,753.8,2166587
2021-06-16 09:52:47,753.9,2170228
2021-06-16 09:52:48,753.9,2170228
2021-06-16 09:52:49,753.9,2170496
2021-06-16 09:52:51,753.95,2171189
2021-06-16 09:52:54,753.75,2171451
2021-06-16 09:52:55,753.8,2171504
2021-06-16 09:52:56,753.8,2171504
2021-06-16 09:52:58,753.9,2172574
2021-06-16 09:52:59,753.8,2172675
2021-06-16 09:53:00,753.9,2172880
2021-06-16 09:53:01,753.8,2172978
2021-06-16 09:53:02,754.0,2173167
2021-06-16 09:53:03,753.75,2173277
2021-06-16 09:53:04,753.95,2173345
2021-06-16 09:53:05,753.9,2173663
2021-06-16 09:53:05,753.95,2173662
2021-06-16 09:53:06,753.7,2174175
2021-06-16 09:53:08,753.8,2174177
2021-06-16 09:53:09,753.8,2174177
2021-06-16 09:53:10,753.95,2174612
2021-06-16 09:53:11,753.75,2174623
2021-06-16 09:53:12,753.9,2174645
2021-06-16 09:53:13,753.9,2174799
2021-06-16 09:53:14,753.7,2174874
2021-06-16 09:53:17,753.8,2178086
2021-06-16 09:53:17,753.8,2178086
2021-06-16 09:53:19,753.9,2179285
2021-06-16 09:53:20,753.8,2179400
2021-06-16 09:53:21,753.8,2179554
2021-06-16 09:53:22,754.15,2179707
2021-06-16 09:53:23,753.85,2179813
2021-06-16 09:53:24,754.2,2179985
2021-06-16 09:53:25,753.85,2180009
2021-06-16 09:53:26,754.05,2180112
2021-06-16 09:53:27,754.0,2180163
2021-06-16 09:53:28,754.0,2180263
2021-06-16 09:53:30,753.9,2180443
2021-06-16 09:53:31,754.0,2180532
2021-06-16 09:53:32,753.9,2181232
2021-06-16 09:53:33,753.9,2183975
2021-06-16 09:53:34,753.9,2184152
2021-06-16 09:53:35,754.05,2184295
2021-06-16 09:53:36,754.25,2184475
2021-06-16 09:53:37,754.05,2184620
2021-06-16 09:53:38,754.05,2184620
2021-06-16 09:53:39,754.15,2184645
2021-06-16 09:53:41,754.15,2184762
2021-06-16 09:53:42,753.9,2185653
2021-06-16 09:53:43,754.1,2185839
2021-06-16 09:53:44,753.9,2185845
2021-06-16 09:53:44,753.9,2185845
2021-06-16 09:53:45,754.1,2185901
2021-06-16 09:53:46,754.15,2186257
2021-06-16 09:53:47,754.15,2186362
2021-06-16 09:53:48,754.2,2186977
2021-06-16 09:53:49,753.9,2188284
2021-06-16 09:53:50,753.9,2188302
2021-06-16 09:53:51,754.2,2188313
2021-06-16 09:53:53,754.15,2188329
2021-06-16 09:53:54,754.15,2188378
2021-06-16 09:53:55,754.1,2190103
2021-06-16 09:53:56,754.05,2190148
2021-06-16 09:53:57,753.85,2194815
2021-06-16 09:53:58,753.8,2196608
2021-06-16 09:53:59,753.8,2197763
2021-06-16 09:54:00,754.1,2197768
2021-06-16 09:54:01,754.05,2197783
2021-06-16 09:54:02,754.0,2197799
2021-06-16 09:54:03,754.0,2197922
2021-06-16 09:54:04,753.9,2198722
2021-06-16 09:54:06,753.85,2199723
2021-06-16 09:54:06,753.85,2199939
2021-06-16 09:54:07,753.85,2199998
2021-06-16 09:54:09,754.05,2200258
2021-06-16 09:54:10,753.85,2200333
2021-06-16 09:54:11,754.05,2200534
2021-06-16 09:54:12,754.05,2200534
2021-06-16 09:54:13,753.9,2200642
2021-06-16 09:54:14,753.9,2200943
2021-06-16 09:54:15,753.9,2200970
2021-06-16 09:54:15,753.9,2200970
2021-06-16 09:54:17,753.9,2201909
2021-06-16 09:54:17,753.9,2201987
2021-06-16 09:54:19,753.85,2201991
2021-06-16 09:54:19,753.9,2202091
2021-06-16 09:54:20,753.9,2203334
2021-06-16 09:54:21,753.9,2203389
2021-06-16 09:54:23,753.95,2203995
2021-06-16 09:54:24,753.8,2204181
2021-06-16 09:54:25,754.0,2204201
2021-06-16 09:54:26,754.0,2204595
2021-06-16 09:54:27,753.8,2205066
2021-06-16 09:54:28,753.9,2206515
2021-06-16 09:54:29,753.9,2206590
2021-06-16 09:54:30,753.9,2206590
2021-06-16 09:54:31,753.8,2206700
2021-06-16 09:54:32,753.8,2206728
2021-06-16 09:54:33,753.8,2206730
2021-06-16 09:54:34,753.8,2206737
2021-06-16 09:54:35,753.85,2206757
2021-06-16 09:54:36,753.85,2207977
2021-06-16 09:54:38,753.85,2208144
2021-06-16 09:54:39,753.85,2208229
2021-06-16 09:54:40,753.85,2208374
2021-06-16 09:54:42,753.7,2209633
2021-06-16 09:54:43,753.8,2209948
2021-06-16 09:54:44,753.85,2210019
2021-06-16 09:54:45,753.85,2210019
2021-06-16 09:54:46,753.85,2210099
2021-06-16 09:54:47,753.8,2210109
2021-06-16 09:54:48,753.8,2210109
2021-06-16 09:54:49,753.8,2210109
2021-06-16 09:54:50,753.8,2210115
2021-06-16 09:54:51,753.85,2210273
2021-06-16 09:54:52,753.8,2210459
2021-06-16 09:54:53,753.9,2210959
2021-06-16 09:54:54,754.0,2211128
2021-06-16 09:54:55,754.0,2211144
2021-06-16 09:54:56,754.0,2211445
2021-06-16 09:54:57,754.0,2212377
2021-06-16 09:54:58,753.9,2212387
2021-06-16 09:54:59,753.9,2212388
2021-06-16 09:55:00,753.9,2212541
2021-06-16 09:55:00,753.9,2212541
2021-06-16 09:55:01,753.9,2212594
2021-06-16 09:55:03,754.0,2212637
2021-06-16 09:55:04,754.0,2213173
2021-06-16 09:55:04,754.0,2213173
2021-06-16 09:55:05,753.9,2213248
2021-06-16 09:55:06,754.0,2213253
2021-06-16 09:55:08,753.9,2213941
2021-06-16 09:55:09,754.0,2213987
2021-06-16 09:55:10,754.0,2214072
2021-06-16 09:55:11,754.0,2214242
2021-06-16 09:55:13,754.0,2214248
2021-06-16 09:55:14,753.95,2214255
2021-06-16 09:55:15,754.0,2214732
2021-06-16 09:55:16,754.0,2215576
2021-06-16 09:55:17,754.0,2215642
2021-06-16 09:55:18,754.0,2215802
2021-06-16 09:55:19,754.0,2215830
2021-06-16 09:55:20,754.15,2216088
2021-06-16 09:55:21,754.0,2216157
2021-06-16 09:55:22,754.15,2217031
2021-06-16 09:55:23,754.15,2217311
2021-06-16 09:55:24,754.05,2217319
2021-06-16 09:55:25,754.0,2218194
2021-06-16 09:55:25,754.0,2218194
2021-06-16 09:55:26,754.05,2218205
2021-06-16 09:55:27,754.1,2221855
2021-06-16 09:55:28,754.15,2221856
2021-06-16 09:55:29,754.15,2221866
2021-06-16 09:55:30,754.15,2221886
2021-06-16 09:55:32,754.0,2221992
2021-06-16 09:55:32,753.9,2222207
2021-06-16 09:55:33,754.15,2222443
2021-06-16 09:55:34,754.15,2222509
2021-06-16 09:55:36,753.9,2222641
2021-06-16 09:55:37,754.0,2222893
2021-06-16 09:55:38,754.0,2223001
2021-06-16 09:55:39,754.15,2223172
2021-06-16 09:55:40,754.4,2233707
2021-06-16 09:55:41,754.4,2233737
2021-06-16 09:55:42,754.05,2234257
2021-06-16 09:55:44,754.05,2234370
2021-06-16 09:55:45,754.1,2234471
2021-06-16 09:55:46,754.35,2234671
2021-06-16 09:55:47,754.05,2234869
2021-06-16 09:55:49,754.15,2234879
2021-06-16 09:55:50,754.15,2234879
2021-06-16 09:55:52,754.15,2235498
2021-06-16 09:55:53,754.25,2235503
2021-06-16 09:55:54,754.25,2235648
2021-06-16 09:55:54,754.25,2235648
2021-06-16 09:55:55,754.1,2235808
2021-06-16 09:55:57,754.4,2245835
2021-06-16 09:55:58,754.2,2247384
2021-06-16 09:55:59,754.25,2247844
2021-06-16 09:56:00,754.25,2247954
2021-06-16 09:56:01,754.25,2247954
2021-06-16 09:56:02,754.4,2248190
2021-06-16 09:56:03,754.3,2248392
2021-06-16 09:56:04,754.55,2249229
2021-06-16 09:56:05,754.5,2249379
2021-06-16 09:56:06,754.3,2249677
2021-06-16 09:56:06,754.5,2249678
2021-06-16 09:56:08,754.4,2250713
2021-06-16 09:56:09,754.45,2250758
2021-06-16 09:56:10,754.45,2250884
2021-06-16 09:56:11,754.5,2251208
2021-06-16 09:56:12,754.5,2251323
2021-06-16 09:56:13,754.6,2252170
2021-06-16 09:56:14,754.6,2252258
2021-06-16 09:56:15,754.65,2252683
2021-06-16 09:56:16,754.65,2252698
2021-06-16 09:56:17,754.6,2252956
2021-06-16 09:56:18,754.6,2252966
2021-06-16 09:56:19,754.6,2253690
2021-06-16 09:56:20,754.65,2254050
2021-06-16 09:56:21,754.65,2254119
2021-06-16 09:56:22,754.65,2254399
2021-06-16 09:56:23,754.65,2254592
2021-06-16 09:56:24,754.7,2254707
2021-06-16 09:56:25,754.7,2254715
2021-06-16 09:56:26,754.7,2254715
2021-06-16 09:56:27,754.7,2255117
2021-06-16 09:56:28,754.7,2255117
2021-06-16 09:56:31,754.65,2256002
2021-06-16 09:56:32,754.7,2256074
2021-06-16 09:56:33,754.7,2256338
2021-06-16 09:56:34,754.9,2257836
2021-06-16 09:56:35,754.9,2257936
2021-06-16 09:56:36,754.9,2257936
2021-06-16 09:56:37,754.8,2257981
2021-06-16 09:56:38,754.7,2258476
2021-06-16 09:56:39,754.75,2258487
2021-06-16 09:56:40,754.8,2258624
2021-06-16 09:56:42,754.8,2258885
2021-06-16 09:56:43,754.75,2258914
2021-06-16 09:56:44,754.75,2258998
2021-06-16 09:56:45,754.8,2259203
2021-06-16 09:56:46,754.8,2259813
2021-06-16 09:56:47,754.8,2259813
2021-06-16 09:56:48,754.9,2259864
2021-06-16 09:56:49,754.8,2259935
2021-06-16 09:56:50,754.8,2260685
2021-06-16 09:56:51,754.95,2260930
2021-06-16 09:56:52,754.75,2261100
2021-06-16 09:56:53,754.9,2261218
2021-06-16 09:56:54,754.8,2261318
2021-06-16 09:56:55,754.75,2261511
2021-06-16 09:56:56,754.75,2262280
2021-06-16 09:56:57,754.6,2263084
2021-06-16 09:56:58,754.6,2263215
2021-06-16 09:56:59,754.65,2263368
2021-06-16 09:57:00,754.75,2263471
2021-06-16 09:57:01,754.55,2263880
2021-06-16 09:57:03,754.6,2264886
2021-06-16 09:57:05,754.65,2265050
2021-06-16 09:57:06,754.65,2265071
2021-06-16 09:57:07,754.4,2265143
2021-06-16 09:57:09,754.65,2265398
2021-06-16 09:57:10,754.35,2265646
2021-06-16 09:57:11,754.6,2265801
2021-06-16 09:57:12,754.6,2265802
2021-06-16 09:57:13,754.35,2265916
2021-06-16 09:57:15,754.6,2266142
2021-06-16 09:57:17,754.6,2266142
2021-06-16 09:57:18,754.35,2266263
2021-06-16 09:57:19,754.6,2266467
2021-06-16 09:57:20,754.6,2266467
2021-06-16 09:57:21,754.6,2266467
2021-06-16 09:57:22,754.4,2266532
2021-06-16 09:57:23,754.4,2266868
2021-06-16 09:57:24,754.55,2267272
2021-06-16 09:57:25,754.35,2267480
2021-06-16 09:57:26,754.3,2268141
2021-06-16 09:57:27,754.2,2269495
2021-06-16 09:57:28,754.25,2269595
2021-06-16 09:57:29,754.15,2269676
2021-06-16 09:57:30,754.15,2269806
2021-06-16 09:57:31,754.15,2269844
2021-06-16 09:57:32,754.2,2269846
2021-06-16 09:57:33,754.15,2269853
2021-06-16 09:57:34,754.15,2269933
2021-06-16 09:57:35,754.2,2270344
2021-06-16 09:57:36,754.2,2270376
2021-06-16 09:57:37,754.15,2270381
2021-06-16 09:57:38,754.45,2270902
2021-06-16 09:57:39,754.45,2270911
2021-06-16 09:57:40,754.45,2270911
2021-06-16 09:57:41,754.15,2271111
2021-06-16 09:57:42,754.15,2271475
2021-06-16 09:57:43,754.15,2271565
2021-06-16 09:57:44,754.15,2271692
2021-06-16 09:57:45,754.1,2271943
2021-06-16 09:57:46,754.15,2271951
2021-06-16 09:57:47,754.1,2271953
2021-06-16 09:57:48,753.9,2275920
2021-06-16 09:57:49,753.7,2279647
2021-06-16 09:57:50,753.75,2279938
2021-06-16 09:57:52,753.75,2279978
2021-06-16 09:57:53,753.8,2280356
2021-06-16 09:57:54,753.8,2280356
2021-06-16 09:57:55,753.8,2280356
2021-06-16 09:57:56,753.7,2280680
2021-06-16 09:57:57,753.7,2280680
2021-06-16 09:57:58,753.75,2280692
2021-06-16 09:57:59,753.75,2280698
2021-06-16 09:58:00,754.0,2280803
2021-06-16 09:58:02,753.8,2280863
2021-06-16 09:58:03,753.8,2280863
2021-06-16 09:58:05,753.8,2281535
2021-06-16 09:58:07,753.95,2281847
2021-06-16 09:58:08,753.95,2281847
2021-06-16 09:58:09,753.7,2281877
2021-06-16 09:58:10,753.9,2282705
2021-06-16 09:58:11,753.9,2282705
2021-06-16 09:58:12,753.9,2282705
2021-06-16 09:58:13,753.65,2287755
2021-06-16 09:58:14,754.0,2288051
2021-06-16 09:58:15,753.9,2288396
2021-06-16 09:58:18,754.05,2290465
2021-06-16 09:58:19,754.15,2290555
2021-06-16 09:58:20,754.15,2290555
2021-06-16 09:58:21,754.15,2291003
2021-06-16 09:58:22,754.2,2291482
2021-06-16 09:58:23,754.0,2291856
2021-06-16 09:58:24,754.15,2292026
2021-06-16 09:58:25,754.15,2292061
2021-06-16 09:58:26,754.05,2292263
2021-06-16 09:58:29,754.05,2292864
2021-06-16 09:58:30,754.05,2292864
2021-06-16 09:58:31,754.05,2292972
2021-06-16 09:58:32,754.15,2293052
2021-06-16 09:58:33,754.05,2293260
2021-06-16 09:58:34,754.15,2293287
2021-06-16 09:58:37,754.3,2294098
2021-06-16 09:58:37,754.3,2294098
2021-06-16 09:58:38,754.3,2294148
2021-06-16 09:58:39,754.5,2294314
2021-06-16 09:58:40,754.5,2294314
2021-06-16 09:58:41,754.3,2296272
2021-06-16 09:58:43,754.3,2296372
2021-06-16 09:58:43,754.3,2296393
2021-06-16 09:58:45,754.15,2300364
2021-06-16 09:58:45,754.15,2300364
2021-06-16 09:58:46,754.3,2300370
2021-06-16 09:58:47,754.15,2300578
2021-06-16 09:58:48,754.35,2301078
2021-06-16 09:58:49,754.15,2301453
2021-06-16 09:58:50,754.3,2301511
2021-06-16 09:58:51,754.3,2301516
2021-06-16 09:58:52,754.3,2301516
2021-06-16 09:58:54,754.0,2306839
2021-06-16 09:58:54,754.0,2306839
2021-06-16 09:58:56,754.25,2306948
2021-06-16 09:58:56,754.25,2306948
2021-06-16 09:58:57,754.25,2306948
2021-06-16 09:58:58,754.2,2307048
2021-06-16 09:58:59,754.2,2307103
2021-06-16 09:59:00,754.25,2307651
2021-06-16 09:59:01,754.05,2307808
2021-06-16 09:59:02,754.0,2315365
2021-06-16 09:59:03,753.85,2315381
2021-06-16 09:59:05,754.0,2315587
2021-06-16 09:59:05,754.0,2315597
2021-06-16 09:59:06,753.9,2315680
2021-06-16 09:59:07,753.95,2317223
2021-06-16 09:59:08,753.95,2317223
2021-06-16 09:59:09,754.0,2317233
2021-06-16 09:59:11,754.0,2317428
2021-06-16 09:59:11,754.0,2317529
2021-06-16 09:59:12,754.0,2317559
2021-06-16 09:59:14,753.85,2317594
2021-06-16 09:59:15,753.9,2317940
2021-06-16 09:59:16,753.9,2317940
2021-06-16 09:59:18,753.9,2317940
2021-06-16 09:59:18,753.9,2317940
2021-06-16 09:59:19,753.9,2317940
2021-06-16 09:59:20,753.55,2318504
2021-06-16 09:59:22,753.55,2318600
2021-06-16 09:59:23,753.55,2318600
2021-06-16 09:59:23,753.7,2318604
2021-06-16 09:59:24,753.55,2319623
2021-06-16 09:59:26,753.55,2319761
2021-06-16 09:59:26,753.55,2319761
2021-06-16 09:59:28,753.8,2319976
2021-06-16 09:59:28,753.55,2320262
2021-06-16 09:59:29,753.55,2320382
2021-06-16 09:59:30,753.55,2320384
2021-06-16 09:59:31,753.75,2320684
2021-06-16 09:59:32,753.8,2320894
2021-06-16 09:59:33,753.65,2321009
2021-06-16 09:59:35,753.95,2321177
2021-06-16 09:59:36,753.65,2321730
2021-06-16 09:59:37,753.95,2321780
2021-06-16 09:59:38,753.95,2321782
2021-06-16 09:59:39,753.95,2321782
2021-06-16 09:59:40,753.65,2321985
2021-06-16 09:59:41,753.6,2322539
2021-06-16 09:59:42,753.55,2322651
2021-06-16 09:59:43,753.55,2322657
2021-06-16 09:59:45,753.65,2322816
2021-06-16 09:59:47,753.65,2322896
2021-06-16 09:59:49,753.65,2323096
2021-06-16 09:59:49,753.55,2324228
2021-06-16 09:59:50,753.75,2324266
2021-06-16 09:59:51,753.5,2324593
2021-06-16 09:59:53,753.55,2324665
2021-06-16 09:59:53,753.55,2325559
2021-06-16 09:59:54,753.5,2326892
2021-06-16 09:59:55,753.75,2327664
2021-06-16 09:59:56,753.7,2327764
2021-06-16 09:59:57,753.55,2327896
2021-06-16 09:59:58,753.7,2328366
2021-06-16 09:59:59,753.7,2328369
2021-06-16 10:00:00,753.55,2328417
2021-06-16 10:00:03,753.2,2335312
2021-06-16 10:00:03,753.7,2329246
2021-06-16 10:00:04,753.2,2335820
2021-06-16 10:00:05,753.45,2335972
2021-06-16 10:00:06,753.25,2335973
2021-06-16 10:00:08,753.2,2336296
2021-06-16 10:00:08,753.45,2336426
2021-06-16 10:00:09,753.45,2336435
2021-06-16 10:00:12,753.2,2336864
2021-06-16 10:00:12,753.45,2336904
2021-06-16 10:00:13,753.45,2337704
2021-06-16 10:00:14,753.4,2337947
2021-06-16 10:00:16,753.45,2339032
2021-06-16 10:00:15,753.35,2338007
2021-06-16 10:00:18,753.25,2339178
2021-06-16 10:00:19,753.4,2339213
2021-06-16 10:00:20,753.45,2339244
2021-06-16 10:00:21,753.35,2339274
2021-06-16 10:00:22,753.4,2339279
2021-06-16 10:00:23,753.25,2339526
2021-06-16 10:00:24,753.3,2339727
2021-06-16 10:00:27,753.6,2341388
2021-06-16 10:00:28,753.7,2341483
2021-06-16 10:00:29,753.7,2341998
2021-06-16 10:00:30,753.6,2342028
2021-06-16 10:00:31,753.65,2342030
2021-06-16 10:00:32,753.6,2342056
2021-06-16 10:00:33,753.55,2342226
2021-06-16 10:00:34,753.5,2342333
2021-06-16 10:00:35,753.5,2342539
2021-06-16 10:00:36,753.5,2342639
2021-06-16 10:00:37,753.6,2342754
2021-06-16 10:00:38,753.7,2343023
2021-06-16 10:00:39,753.7,2343103
2021-06-16 10:00:42,753.6,2343249
2021-06-16 10:00:43,753.6,2343249
2021-06-16 10:00:44,753.5,2343255
2021-06-16 10:00:45,753.45,2343475
2021-06-16 10:00:46,753.7,2343493
2021-06-16 10:00:46,753.75,2343993
2021-06-16 10:00:48,753.55,2344143
2021-06-16 10:00:49,753.55,2344144
2021-06-16 10:00:50,753.45,2344558
2021-06-16 10:00:50,753.6,2344575
2021-06-16 10:00:51,753.6,2344576
2021-06-16 10:00:52,753.45,2344796
2021-06-16 10:00:54,753.35,2344947
2021-06-16 10:00:56,753.55,2344962
2021-06-16 10:00:57,753.55,2344962
2021-06-16 10:00:58,753.35,2345012
2021-06-16 10:00:59,753.35,2345280
2021-06-16 10:00:59,753.55,2345303
2021-06-16 10:01:01,753.3,2345574
2021-06-16 10:01:02,753.5,2345651
2021-06-16 10:01:03,753.25,2345775
2021-06-16 10:01:04,753.25,2346081
2021-06-16 10:01:05,753.55,2346186
2021-06-16 10:01:06,753.55,2346186
2021-06-16 10:01:08,753.4,2346676
2021-06-16 10:01:09,753.4,2347089
2021-06-16 10:01:09,753.4,2347089
2021-06-16 10:01:10,753.4,2347794
2021-06-16 10:01:11,753.45,2347803
2021-06-16 10:01:12,753.35,2348305
2021-06-16 10:01:13,753.6,2348955
2021-06-16 10:01:14,753.5,2349065
2021-06-16 10:01:16,753.6,2349696
2021-06-16 10:01:17,753.6,2349696
2021-06-16 10:01:18,753.6,2349696
2021-06-16 10:01:19,753.5,2350152
2021-06-16 10:01:20,753.3,2350182
2021-06-16 10:01:21,753.3,2350236
2021-06-16 10:01:22,753.3,2350236
2021-06-16 10:01:23,753.3,2350266
2021-06-16 10:01:24,753.3,2350383
2021-06-16 10:01:25,753.45,2350413
2021-06-16 10:01:27,753.3,2350650
2021-06-16 10:01:29,753.3,2350712
2021-06-16 10:01:30,753.3,2350879
2021-06-16 10:01:31,753.25,2350906
2021-06-16 10:01:31,753.3,2350949
2021-06-16 10:01:33,753.25,2350952
2021-06-16 10:01:34,753.3,2351004
2021-06-16 10:01:35,753.25,2351028
2021-06-16 10:01:36,753.3,2351298
2021-06-16 10:01:37,753.3,2351410
2021-06-16 10:01:38,753.4,2351510
2021-06-16 10:01:39,753.4,2351538
2021-06-16 10:01:40,753.4,2351539
2021-06-16 10:01:41,753.35,2351700
2021-06-16 10:01:42,753.4,2351708
2021-06-16 10:01:43,753.3,2352099
2021-06-16 10:01:44,753.3,2352184
2021-06-16 10:01:45,753.3,2352184
2021-06-16 10:01:46,753.3,2352191
2021-06-16 10:01:47,753.35,2352893
2021-06-16 10:01:48,753.3,2352908
2021-06-16 10:01:50,753.4,2353344
2021-06-16 10:01:51,753.4,2353715
2021-06-16 10:01:52,753.3,2354609
2021-06-16 10:01:53,753.5,2354764
2021-06-16 10:01:54,753.3,2354771
2021-06-16 10:01:55,753.5,2354796
2021-06-16 10:01:55,753.35,2354806
2021-06-16 10:01:56,753.35,2354806
2021-06-16 10:01:57,753.35,2354806
2021-06-16 10:01:58,753.6,2362538
2021-06-16 10:01:59,753.4,2364017
2021-06-16 10:02:00,753.5,2364499
2021-06-16 10:02:02,753.55,2367359
2021-06-16 10:02:03,753.4,2367887
2021-06-16 10:02:05,753.55,2368107
2021-06-16 10:02:06,753.5,2368181
2021-06-16 10:02:08,753.5,2368376
2021-06-16 10:02:09,753.5,2368414
2021-06-16 10:02:10,753.6,2369174
2021-06-16 10:02:11,753.65,2369329
2021-06-16 10:02:12,753.65,2369331
2021-06-16 10:02:12,753.65,2369331
2021-06-16 10:02:14,753.65,2369365
2021-06-16 10:02:14,753.65,2369365
2021-06-16 10:02:15,753.65,2369379
2021-06-16 10:02:16,753.6,2369709
2021-06-16 10:02:17,753.6,2369749
2021-06-16 10:02:19,753.6,2369829
2021-06-16 10:02:20,753.75,2369874
2021-06-16 10:02:21,753.65,2369877
2021-06-16 10:02:22,753.6,2370148
2021-06-16 10:02:23,753.75,2370187
2021-06-16 10:02:24,753.65,2370193
2021-06-16 10:02:25,753.65,2370193
2021-06-16 10:02:25,753.75,2370194
2021-06-16 10:02:27,753.85,2370349
2021-06-16 10:02:28,753.65,2370364
2021-06-16 10:02:29,753.85,2370408
2021-06-16 10:02:29,753.85,2370508
2021-06-16 10:02:30,753.75,2370613
2021-06-16 10:02:31,753.65,2370902
2021-06-16 10:02:32,753.95,2371022
2021-06-16 10:02:33,753.8,2371091
2021-06-16 10:02:34,753.8,2371091
2021-06-16 10:02:35,753.85,2371364
2021-06-16 10:02:38,753.65,2371573
2021-06-16 10:02:38,753.45,2373637
2021-06-16 10:02:40,753.5,2373662
2021-06-16 10:02:41,753.8,2374028
2021-06-16 10:02:41,753.45,2374073
2021-06-16 10:02:43,753.35,2375113
2021-06-16 10:02:44,753.45,2375219
2021-06-16 10:02:45,753.7,2375220
2021-06-16 10:02:46,753.7,2375221
2021-06-16 10:02:47,753.4,2375784
2021-06-16 10:02:48,753.45,2375961
2021-06-16 10:02:49,753.5,2375963
2021-06-16 10:02:50,753.65,2375964
2021-06-16 10:02:51,753.6,2375990
2021-06-16 10:02:52,753.6,2376192
2021-06-16 10:02:52,753.65,2376242
2021-06-16 10:02:54,753.5,2376250
2021-06-16 10:02:54,753.5,2376321
2021-06-16 10:02:55,753.65,2376421
2021-06-16 10:02:56,753.65,2376424
2021-06-16 10:02:57,753.65,2376439
2021-06-16 10:02:58,753.55,2376443
2021-06-16 10:02:59,753.6,2377314
2021-06-16 10:03:01,753.5,2377957
2021-06-16 10:03:03,753.5,2377999
2021-06-16 10:03:04,753.45,2378006
2021-06-16 10:03:04,753.5,2378131
2021-06-16 10:03:05,753.5,2378150
2021-06-16 10:03:06,753.45,2378309
2021-06-16 10:03:08,753.5,2378516
2021-06-16 10:03:09,753.45,2378773
2021-06-16 10:03:10,753.6,2378793
2021-06-16 10:03:11,753.6,2378863
2021-06-16 10:03:12,753.45,2379481
2021-06-16 10:03:14,753.55,2380003
2021-06-16 10:03:18,753.6,2380656
2021-06-16 10:03:19,753.6,2380656
2021-06-16 10:03:19,753.6,2380656
2021-06-16 10:03:21,753.65,2380779
2021-06-16 10:03:22,753.6,2380850
2021-06-16 10:03:24,753.6,2380928
2021-06-16 10:03:26,753.5,2380994
2021-06-16 10:03:26,753.5,2381094
2021-06-16 10:03:27,753.6,2381095
2021-06-16 10:03:28,753.5,2381797
2021-06-16 10:03:30,753.6,2381820
2021-06-16 10:03:31,753.4,2383937
2021-06-16 10:03:32,753.6,2384202
2021-06-16 10:03:33,753.5,2384212
2021-06-16 10:03:34,753.6,2384252
2021-06-16 10:03:34,753.65,2384253
2021-06-16 10:03:35,753.5,2384440
2021-06-16 10:03:36,753.4,2384450
2021-06-16 10:03:37,753.4,2384450
2021-06-16 10:03:38,753.35,2384600
2021-06-16 10:03:39,753.65,2385244
2021-06-16 10:03:41,753.65,2385244
2021-06-16 10:03:41,753.65,2385244
2021-06-16 10:03:42,753.6,2385269
2021-06-16 10:03:44,753.4,2385275
2021-06-16 10:03:45,753.65,2386649
2021-06-16 10:03:46,753.65,2386649
2021-06-16 10:03:47,753.4,2386879
2021-06-16 10:03:48,753.6,2386884
2021-06-16 10:03:49,753.4,2386954
2021-06-16 10:03:51,753.6,2387012
2021-06-16 10:03:52,753.6,2387012
2021-06-16 10:03:53,753.4,2387272
2021-06-16 10:03:53,753.5,2388429
2021-06-16 10:03:55,753.45,2388988
2021-06-16 10:03:56,752.3,2415540
2021-06-16 10:03:57,752.8,2418255
2021-06-16 10:03:58,752.55,2418303
2021-06-16 10:03:59,752.4,2419003
2021-06-16 10:03:59,752.45,2420053
2021-06-16 10:04:01,752.45,2420201
2021-06-16 10:04:02,752.4,2420405
2021-06-16 10:04:03,752.4,2420663
2021-06-16 10:04:04,752.9,2421561
2021-06-16 10:04:05,752.85,2421585
2021-06-16 10:04:05,752.85,2421600
2021-06-16 10:04:06,752.9,2421706
2021-06-16 10:04:07,752.75,2421756
2021-06-16 10:04:08,752.9,2422283
2021-06-16 10:04:09,753.1,2422406
2021-06-16 10:04:10,753.1,2422431
2021-06-16 10:04:12,752.8,2422731
2021-06-16 10:04:13,752.8,2422761
2021-06-16 10:04:15,752.75,2422822
2021-06-16 10:04:15,752.75,2422826
2021-06-16 10:04:17,752.9,2422888
2021-06-16 10:04:18,752.85,2423385
2021-06-16 10:04:19,752.95,2423831
2021-06-16 10:04:19,752.75,2423796
2021-06-16 10:04:20,752.95,2423983
2021-06-16 10:04:21,752.75,2424041
2021-06-16 10:04:22,752.8,2424043
2021-06-16 10:04:23,752.8,2425574
2021-06-16 10:04:25,752.8,2425574
2021-06-16 10:04:26,752.75,2425634
2021-06-16 10:04:26,752.5,2425937
2021-06-16 10:04:28,752.75,2426677
2021-06-16 10:04:29,752.75,2426755
2021-06-16 10:04:30,752.75,2427087
2021-06-16 10:04:31,752.75,2427101
2021-06-16 10:04:32,752.75,2427101
2021-06-16 10:04:33,752.75,2427125
2021-06-16 10:04:34,752.8,2427173
2021-06-16 10:04:35,752.75,2427433
2021-06-16 10:04:35,752.7,2427448
2021-06-16 10:04:37,752.75,2427578
2021-06-16 10:04:38,752.75,2427632
2021-06-16 10:04:39,752.75,2427644
2021-06-16 10:04:40,752.6,2427972
2021-06-16 10:04:40,752.65,2428105
2021-06-16 10:04:41,752.55,2428431
2021-06-16 10:04:42,752.5,2430222
2021-06-16 10:04:43,752.4,2431908
2021-06-16 10:04:44,752.3,2432000
2021-06-16 10:04:46,752.3,2432407
2021-06-16 10:04:46,752.3,2432420
2021-06-16 10:04:47,752.3,2433304
2021-06-16 10:04:48,752.3,2433681
2021-06-16 10:04:50,752.4,2433793
2021-06-16 10:04:50,752.4,2433896
2021-06-16 10:04:51,752.3,2434360
2021-06-16 10:04:53,752.3,2434743
2021-06-16 10:04:54,752.25,2439047
2021-06-16 10:04:55,752.4,2442709
2021-06-16 10:04:57,752.25,2443492
2021-06-16 10:04:58,752.25,2444718
2021-06-16 10:04:59,752.4,2444824
2021-06-16 10:05:00,752.25,2444834
2021-06-16 10:05:01,752.2,2445921
2021-06-16 10:05:01,752.2,2446077
2021-06-16 10:05:03,752.3,2446208
2021-06-16 10:05:04,752.1,2448607
2021-06-16 10:05:05,752.05,2451547
2021-06-16 10:05:06,752.05,2456323
2021-06-16 10:05:07,752.05,2456459
2021-06-16 10:05:08,752.05,2456775
2021-06-16 10:05:09,752.05,2456822
2021-06-16 10:05:10,752.05,2457528
2021-06-16 10:05:11,752.05,2457686
2021-06-16 10:05:12,752.0,2458626
2021-06-16 10:05:13,752.2,2459214
2021-06-16 10:05:14,752.2,2460162
2021-06-16 10:05:15,752.05,2463289
2021-06-16 10:05:16,752.05,2464169
2021-06-16 10:05:18,752.05,2464304
2021-06-16 10:05:19,752.6,2464762
2021-06-16 10:05:20,752.55,2464888
2021-06-16 10:05:21,752.5,2465079
2021-06-16 10:05:23,753.0,2467001
2021-06-16 10:05:24,752.7,2467394
2021-06-16 10:05:25,752.6,2467544
2021-06-16 10:05:26,752.85,2467657
2021-06-16 10:05:27,752.9,2467759
2021-06-16 10:05:28,752.9,2467759
2021-06-16 10:05:29,753.0,2467821
2021-06-16 10:05:30,752.75,2467930
2021-06-16 10:05:31,753.0,2468189
2021-06-16 10:05:32,753.0,2468259
2021-06-16 10:05:33,753.0,2468274
2021-06-16 10:05:34,753.0,2468351
2021-06-16 10:05:35,753.0,2468352
2021-06-16 10:05:36,753.0,2468584
2021-06-16 10:05:37,752.95,2469094
2021-06-16 10:05:37,753.0,2469216
2021-06-16 10:05:39,753.0,2469437
2021-06-16 10:05:40,753.0,2469452
2021-06-16 10:05:41,752.6,2469763
2021-06-16 10:05:43,752.75,2469866
2021-06-16 10:05:44,752.8,2469890
2021-06-16 10:05:44,752.6,2470694
2021-06-16 10:05:46,752.55,2470723
2021-06-16 10:05:47,752.7,2470934
2021-06-16 10:05:48,752.5,2471250
2021-06-16 10:05:49,752.7,2471573
2021-06-16 10:05:50,752.5,2471749
2021-06-16 10:05:51,752.5,2471749
2021-06-16 10:05:52,752.5,2471793
2021-06-16 10:05:53,752.7,2471850
2021-06-16 10:05:54,752.5,2471855
2021-06-16 10:05:55,752.5,2471901
2021-06-16 10:05:56,752.7,2471926
2021-06-16 10:05:57,752.5,2472586
2021-06-16 10:05:58,752.7,2472686
2021-06-16 10:05:59,752.5,2473065
2021-06-16 10:06:00,752.7,2473133
2021-06-16 10:06:01,752.55,2473404
2021-06-16 10:06:02,752.55,2473404
2021-06-16 10:06:03,752.7,2473407
2021-06-16 10:06:04,752.7,2475929
2021-06-16 10:06:05,752.7,2475929
2021-06-16 10:06:06,752.65,2476039
2021-06-16 10:06:07,752.5,2476049
2021-06-16 10:06:08,752.65,2476069
2021-06-16 10:06:09,752.65,2476069
2021-06-16 10:06:10,752.5,2476071
2021-06-16 10:06:10,752.5,2476073
2021-06-16 10:06:12,752.5,2476336
2021-06-16 10:06:13,752.5,2476616
2021-06-16 10:06:14,752.5,2476632
2021-06-16 10:06:15,752.6,2476670
2021-06-16 10:06:16,752.6,2476787
2021-06-16 10:06:17,752.5,2476912
2021-06-16 10:06:18,752.5,2476962
2021-06-16 10:06:19,752.6,2477003
2021-06-16 10:06:20,752.55,2477073
2021-06-16 10:06:21,752.5,2477107
2021-06-16 10:06:22,752.5,2477174
2021-06-16 10:06:23,752.5,2477186
2021-06-16 10:06:23,752.5,2477206
2021-06-16 10:06:25,752.5,2478259
2021-06-16 10:06:26,752.65,2478281
2021-06-16 10:06:27,752.6,2478298
2021-06-16 10:06:28,752.55,2478398
2021-06-16 10:06:29,752.65,2479835
2021-06-16 10:06:30,752.65,2479835
2021-06-16 10:06:31,752.65,2479978
2021-06-16 10:06:32,752.6,2480502
2021-06-16 10:06:33,752.6,2480502
2021-06-16 10:06:34,752.65,2480621
2021-06-16 10:06:35,752.65,2481516
2021-06-16 10:06:36,752.75,2481623
2021-06-16 10:06:37,752.65,2481729
2021-06-16 10:06:38,752.65,2481729
2021-06-16 10:06:39,752.75,2482524
2021-06-16 10:06:40,752.55,2483149
2021-06-16 10:06:41,752.55,2483149
2021-06-16 10:06:42,752.55,2484169
2021-06-16 10:06:43,752.6,2484206
2021-06-16 10:06:43,752.5,2484208
2021-06-16 10:06:45,752.5,2484970
2021-06-16 10:06:46,752.5,2484981
2021-06-16 10:06:47,752.4,2485153
2021-06-16 10:06:48,752.4,2485223
2021-06-16 10:06:49,752.5,2485723
2021-06-16 10:06:50,752.4,2485754
2021-06-16 10:06:51,752.4,2485875
2021-06-16 10:06:52,752.25,2486005
2021-06-16 10:06:53,752.25,2486170
2021-06-16 10:06:54,752.45,2486220
2021-06-16 10:06:55,752.4,2488970
2021-06-16 10:06:56,752.15,2489133
2021-06-16 10:06:57,752.4,2489193
2021-06-16 10:06:58,752.4,2489193
2021-06-16 10:06:59,752.3,2489244
2021-06-16 10:07:00,752.15,2489464
2021-06-16 10:07:01,752.4,2489572
2021-06-16 10:07:02,752.15,2489586
2021-06-16 10:07:03,752.15,2489586
2021-06-16 10:07:04,752.25,2489651
2021-06-16 10:07:05,752.25,2489752
2021-06-16 10:07:08,752.3,2490660
2021-06-16 10:07:09,752.1,2490822
2021-06-16 10:07:10,752.2,2490873
2021-06-16 10:07:11,752.1,2491413
2021-06-16 10:07:12,752.2,2491477
2021-06-16 10:07:13,752.05,2492338
2021-06-16 10:07:14,752.05,2493333
2021-06-16 10:07:15,752.2,2493406
2021-06-16 10:07:16,752.2,2493516
2021-06-16 10:07:17,752.05,2494630
2021-06-16 10:07:18,752.0,2495378
2021-06-16 10:07:19,752.05,2495588
2021-06-16 10:07:21,752.15,2496304
2021-06-16 10:07:22,752.0,2496835
2021-06-16 10:07:23,752.05,2496885
2021-06-16 10:07:24,752.05,2496953
2021-06-16 10:07:25,752.05,2496961
2021-06-16 10:07:26,752.05,2497029
2021-06-16 10:07:27,752.15,2497204
2021-06-16 10:07:28,752.1,2497493
2021-06-16 10:07:29,752.0,2497716
2021-06-16 10:07:30,752.05,2497766
2021-06-16 10:07:31,752.2,2498852
2021-06-16 10:07:32,752.15,2498853
2021-06-16 10:07:33,752.15,2499876
2021-06-16 10:07:34,752.15,2500170
2021-06-16 10:07:35,752.15,2500195
2021-06-16 10:07:36,752.15,2500306
2021-06-16 10:07:37,752.3,2500344
2021-06-16 10:07:38,752.1,2501845
2021-06-16 10:07:39,752.3,2501846
2021-06-16 10:07:41,752.15,2502386
2021-06-16 10:07:40,752.15,2501970
2021-06-16 10:07:42,752.2,2502526
2021-06-16 10:07:43,752.15,2502535
2021-06-16 10:07:44,752.1,2502576
2021-06-16 10:07:45,752.0,2504647
2021-06-16 10:07:46,752.05,2504708
2021-06-16 10:07:47,752.05,2504714
2021-06-16 10:07:48,752.05,2504714
2021-06-16 10:07:49,752.15,2504740
2021-06-16 10:07:50,752.15,2504741
2021-06-16 10:07:51,752.05,2504931
2021-06-16 10:07:53,752.15,2505044
2021-06-16 10:07:52,752.15,2505041
2021-06-16 10:07:54,752.15,2505175
2021-06-16 10:07:56,752.0,2505446
2021-06-16 10:07:57,752.0,2505501
2021-06-16 10:07:58,752.15,2505534
2021-06-16 10:07:59,752.1,2505586
2021-06-16 10:08:01,752.15,2505799
2021-06-16 10:08:00,752.0,2505661
2021-06-16 10:08:02,752.1,2505928
2021-06-16 10:08:03,752.1,2505928
2021-06-16 10:08:04,752.1,2505993
2021-06-16 10:08:05,752.25,2506905
2021-06-16 10:08:06,752.15,2507145
2021-06-16 10:08:07,752.15,2507145
2021-06-16 10:08:08,752.15,2507145
2021-06-16 10:08:09,752.15,2507375
2021-06-16 10:08:10,752.5,2509175
2021-06-16 10:08:11,752.5,2509185
2021-06-16 10:08:12,752.4,2509301
2021-06-16 10:08:13,752.4,2509301
2021-06-16 10:08:14,752.55,2509711
2021-06-16 10:08:15,752.3,2510311
2021-06-16 10:08:16,752.25,2510600
2021-06-16 10:08:17,752.5,2511744
2021-06-16 10:08:18,752.6,2512014
2021-06-16 10:08:19,752.6,2512039
2021-06-16 10:08:20,752.25,2512054
2021-06-16 10:08:21,752.25,2512377
2021-06-16 10:08:22,752.4,2512638
2021-06-16 10:08:23,752.3,2512683
2021-06-16 10:08:24,752.4,2512756
2021-06-16 10:08:25,752.4,2513647
2021-06-16 10:08:26,752.35,2515319
2021-06-16 10:08:27,752.4,2516408
2021-06-16 10:08:28,752.65,2518703
2021-06-16 10:08:29,752.65,2518778
2021-06-16 10:08:30,752.65,2518778
2021-06-16 10:08:31,752.65,2518785
2021-06-16 10:08:32,752.6,2519028
2021-06-16 10:08:33,752.75,2519062
2021-06-16 10:08:34,752.6,2519411
2021-06-16 10:08:35,752.4,2520026
2021-06-16 10:08:36,752.6,2520036
