timestamp,ltp,volume
2021-06-16 09:15:45,4147.0,837
2021-06-16 09:15:51,4154.8,1360
2021-06-16 09:15:56,4154.9,1525
2021-06-16 09:16:01,4153.1,1687
2021-06-16 09:16:07,4152.5,2035
2021-06-16 09:16:12,4149.8,2061
2021-06-16 09:16:17,4147.05,2136
2021-06-16 09:16:22,4149.35,2431
2021-06-16 09:16:27,4153.0,3242
2021-06-16 09:16:32,4150.45,3520
2021-06-16 09:16:37,4145.9,5778
2021-06-16 09:16:43,4148.85,5851
2021-06-16 09:16:48,4148.4,6038
2021-06-16 09:16:54,4147.65,6149
2021-06-16 09:17:04,4140.6,6607
2021-06-16 09:17:09,4143.0,6848
2021-06-16 09:17:14,4143.0,6848
2021-06-16 09:17:19,4141.95,6850
2021-06-16 09:17:25,4144.65,6852
2021-06-16 09:17:30,4143.0,6857
2021-06-16 09:17:35,4144.35,6960
2021-06-16 09:17:40,4144.65,7084
2021-06-16 09:17:45,4141.95,7241
2021-06-16 09:17:50,4137.35,7550
2021-06-16 09:17:55,4137.1,7563
2021-06-16 09:18:00,4139.0,7664
2021-06-16 09:18:05,4139.0,7716
2021-06-16 09:18:10,4137.6,7767
2021-06-16 09:18:15,4137.4,7898
2021-06-16 09:18:20,4140.5,8025
2021-06-16 09:18:25,4140.15,8281
2021-06-16 09:18:35,4136.0,8399
2021-06-16 09:18:40,4131.05,9021
2021-06-16 09:18:45,4131.0,9151
2021-06-16 09:18:50,4127.6,9746
2021-06-16 09:18:55,4126.35,10241
2021-06-16 09:19:00,4120.4,10543
2021-06-16 09:19:05,4123.05,10731
2021-06-16 09:19:10,4127.0,10938
2021-06-16 09:19:15,4129.55,11197
2021-06-16 09:19:20,4133.3,11206
2021-06-16 09:19:25,4130.5,11266
2021-06-16 09:19:29,4129.85,11346
2021-06-16 09:19:34,4127.15,11352
2021-06-16 09:19:39,4127.0,11425
2021-06-16 09:19:44,4125.65,11475
2021-06-16 09:19:54,4126.0,11780
2021-06-16 09:19:59,4127.35,11980
2021-06-16 09:20:04,4123.2,12200
2021-06-16 09:20:09,4121.0,12218
2021-06-16 09:20:14,4121.25,12408
2021-06-16 09:20:19,4123.2,12856
2021-06-16 09:20:24,4122.8,12985
2021-06-16 09:20:28,4120.15,13025
2021-06-16 09:20:33,4114.1,13867
2021-06-16 09:20:38,4114.45,14016
2021-06-16 09:20:43,4114.5,14144
2021-06-16 09:20:48,4114.25,14249
2021-06-16 09:20:52,4115.0,14305
2021-06-16 09:21:02,4117.85,14899
2021-06-16 09:21:07,4117.4,14928
2021-06-16 09:21:12,4117.85,15191
2021-06-16 09:21:17,4117.95,15216
2021-06-16 09:21:21,4119.1,15331
2021-06-16 09:21:26,4119.1,15345
2021-06-16 09:21:35,4117.95,15508
2021-06-16 09:21:45,4121.5,15651
2021-06-16 09:21:49,4122.8,15757
2021-06-16 09:21:54,4122.8,15759
2021-06-16 09:21:59,4122.8,15759
2021-06-16 09:22:03,4124.0,15945
2021-06-16 09:22:08,4126.0,16045
2021-06-16 09:22:12,4123.4,16249
2021-06-16 09:22:17,4125.0,16294
2021-06-16 09:22:21,4124.5,16702
2021-06-16 09:22:26,4123.4,16742
2021-06-16 09:22:31,4124.5,16747
2021-06-16 09:22:35,4124.5,16748
2021-06-16 09:22:40,4124.5,16776
2021-06-16 09:22:45,4125.0,16783
2021-06-16 09:22:49,4123.35,16796
2021-06-16 09:22:54,4124.6,16929
2021-06-16 09:22:59,4125.0,17000
2021-06-16 09:23:08,4126.0,17086
2021-06-16 09:23:12,4127.0,17090
2021-06-16 09:23:17,4127.0,17106
2021-06-16 09:23:21,4126.9,17151
2021-06-16 09:23:26,4127.0,17153
2021-06-16 09:23:30,4124.9,17265
2021-06-16 09:23:35,4120.6,17577
2021-06-16 09:23:44,4121.8,17661
2021-06-16 09:23:49,4124.1,17681
2021-06-16 09:23:53,4127.0,17959
2021-06-16 09:23:58,4126.15,17990
2021-06-16 09:24:02,4126.2,18000
2021-06-16 09:24:05,4126.15,18019
2021-06-16 09:24:06,4126.15,18019
2021-06-16 09:24:07,4126.15,18019
2021-06-16 09:24:08,4126.15,18019
2021-06-16 09:24:10,4126.15,18019
2021-06-16 09:24:11,4125.0,18021
2021-06-16 09:24:12,4125.0,18021
2021-06-16 09:24:13,4125.0,18021
2021-06-16 09:24:14,4125.0,18021
2021-06-16 09:24:15,4125.95,18024
2021-06-16 09:24:16,4125.95,18024
2021-06-16 09:24:17,4125.95,18024
2021-06-16 09:24:18,4124.1,18124
2021-06-16 09:24:19,4122.3,18151
2021-06-16 09:24:20,4122.3,18151
2021-06-16 09:24:22,4122.0,18182
2021-06-16 09:24:22,4122.0,18182
2021-06-16 09:24:23,4121.9,18189
2021-06-16 09:24:24,4121.9,18189
2021-06-16 09:24:25,4121.95,18509
2021-06-16 09:24:27,4121.95,18509
2021-06-16 09:24:28,4121.95,18644
2021-06-16 09:24:29,4121.95,18644
2021-06-16 09:24:30,4123.7,18759
2021-06-16 09:24:31,4123.7,18759
2021-06-16 09:24:32,4124.0,18769
2021-06-16 09:24:33,4121.95,18792
2021-06-16 09:24:34,4121.95,18801
2021-06-16 09:24:35,4121.9,18826
2021-06-16 09:24:36,4121.9,18829
2021-06-16 09:24:37,4125.0,18868
2021-06-16 09:24:38,4123.8,18870
2021-06-16 09:24:39,4123.8,18870
2021-06-16 09:24:40,4123.8,18870
2021-06-16 09:24:41,4123.8,18870
2021-06-16 09:24:42,4123.8,18870
2021-06-16 09:24:43,4123.95,18872
2021-06-16 09:24:44,4124.0,18874
2021-06-16 09:24:45,4124.0,18874
2021-06-16 09:24:47,4124.1,18875
2021-06-16 09:24:48,4126.0,18894
2021-06-16 09:24:49,4125.0,18900
2021-06-16 09:24:50,4124.0,18934
2021-06-16 09:24:51,4126.2,19044
2021-06-16 09:24:53,4123.75,19065
2021-06-16 09:24:53,4123.75,19065
2021-06-16 09:24:55,4123.75,19065
2021-06-16 09:24:56,4123.75,19065
2021-06-16 09:24:57,4123.75,19065
2021-06-16 09:24:58,4123.75,19065
2021-06-16 09:24:59,4123.75,19065
2021-06-16 09:25:00,4123.75,19065
2021-06-16 09:25:02,4123.7,19078
2021-06-16 09:25:03,4123.7,19102
2021-06-16 09:25:04,4123.7,19102
2021-06-16 09:25:05,4123.7,19102
2021-06-16 09:25:06,4123.7,19102
2021-06-16 09:25:07,4123.7,19102
2021-06-16 09:25:08,4123.7,19102
2021-06-16 09:25:09,4123.7,19102
2021-06-16 09:25:09,4123.7,19102
2021-06-16 09:25:10,4123.7,19102
2021-06-16 09:25:11,4123.7,19102
2021-06-16 09:25:13,4123.7,19102
2021-06-16 09:25:14,4123.7,19102
2021-06-16 09:25:15,4124.0,19105
2021-06-16 09:25:16,4124.0,19105
2021-06-16 09:25:17,4123.0,19107
2021-06-16 09:25:18,4124.55,19168
2021-06-16 09:25:19,4124.55,19168
2021-06-16 09:25:20,4124.8,19170
2021-06-16 09:25:21,4124.8,19170
2021-06-16 09:25:22,4124.8,19170
2021-06-16 09:25:23,4124.8,19170
2021-06-16 09:25:24,4124.8,19170
2021-06-16 09:25:25,4124.8,19176
2021-06-16 09:25:26,4124.55,19178
2021-06-16 09:25:27,4124.8,19179
2021-06-16 09:25:28,4124.8,19179
2021-06-16 09:25:29,4124.8,19179
2021-06-16 09:25:31,4124.8,19179
2021-06-16 09:25:32,4124.8,19179
2021-06-16 09:25:33,4124.8,19179
2021-06-16 09:25:34,4124.55,19197
2021-06-16 09:25:35,4124.8,19198
2021-06-16 09:25:36,4124.8,19199
2021-06-16 09:25:37,4124.8,19199
2021-06-16 09:25:38,4124.8,19202
2021-06-16 09:25:39,4124.8,19204
2021-06-16 09:25:40,4124.8,19204
2021-06-16 09:25:41,4124.8,19218
2021-06-16 09:25:42,4124.8,19218
2021-06-16 09:25:43,4124.8,19218
2021-06-16 09:25:44,4124.8,19218
2021-06-16 09:25:46,4124.8,19219
2021-06-16 09:25:47,4124.8,19219
2021-06-16 09:25:48,4124.8,19219
2021-06-16 09:25:49,4124.8,19219
2021-06-16 09:25:50,4124.8,19234
2021-06-16 09:25:51,4124.55,19314
2021-06-16 09:25:52,4124.55,19443
2021-06-16 09:25:53,4124.55,19443
2021-06-16 09:25:55,4124.55,19443
2021-06-16 09:25:57,4124.8,19444
2021-06-16 09:25:58,4124.8,19444
2021-06-16 09:25:59,4124.8,19444
2021-06-16 09:26:00,4124.8,19445
2021-06-16 09:26:01,4124.8,19445
2021-06-16 09:26:02,4125.0,19504
2021-06-16 09:26:03,4125.0,19504
2021-06-16 09:26:04,4125.0,19504
2021-06-16 09:26:05,4125.0,19505
2021-06-16 09:26:06,4125.0,19511
2021-06-16 09:26:07,4125.0,19511
2021-06-16 09:26:08,4125.0,19511
2021-06-16 09:26:09,4125.0,19511
2021-06-16 09:26:10,4125.0,19513
2021-06-16 09:26:11,4125.0,19513
2021-06-16 09:26:12,4125.0,19524
2021-06-16 09:26:13,4125.0,19524
2021-06-16 09:26:15,4124.55,19578
2021-06-16 09:26:16,4124.55,19578
2021-06-16 09:26:17,4124.55,19578
2021-06-16 09:26:18,4124.55,19579
2021-06-16 09:26:19,4124.55,19631
2021-06-16 09:26:20,4124.1,19634
2021-06-16 09:26:21,4124.1,19634
2021-06-16 09:26:22,4124.1,19639
2021-06-16 09:26:23,4124.0,19683
2021-06-16 09:26:24,4124.1,19698
2021-06-16 09:26:25,4124.1,19703
2021-06-16 09:26:26,4124.1,19724
2021-06-16 09:26:27,4124.1,19726
2021-06-16 09:26:28,4123.0,19727
2021-06-16 09:26:29,4123.0,19780
2021-06-16 09:26:30,4123.0,19780
2021-06-16 09:26:31,4123.0,19780
2021-06-16 09:26:32,4122.0,19803
2021-06-16 09:26:33,4122.0,19803
2021-06-16 09:26:34,4122.0,19804
2021-06-16 09:26:35,4123.6,19805
2021-06-16 09:26:36,4123.6,19805
2021-06-16 09:26:37,4123.6,19805
2021-06-16 09:26:38,4123.6,19805
2021-06-16 09:26:40,4123.6,19805
2021-06-16 09:26:41,4123.6,19805
2021-06-16 09:26:42,4123.0,19806
2021-06-16 09:26:43,4123.6,19862
2021-06-16 09:26:44,4123.6,19862
2021-06-16 09:26:45,4123.6,19867
2021-06-16 09:26:46,4123.6,19891
2021-06-16 09:26:47,4123.6,19891
2021-06-16 09:26:48,4123.9,19893
2021-06-16 09:26:49,4123.85,19895
2021-06-16 09:26:50,4123.6,19915
2021-06-16 09:26:51,4124.55,19958
2021-06-16 09:26:52,4124.55,19958
2021-06-16 09:26:53,4124.55,19958
2021-06-16 09:26:54,4124.55,19958
2021-06-16 09:26:55,4124.55,19958
2021-06-16 09:26:56,4122.95,19978
2021-06-16 09:26:57,4122.95,19978
2021-06-16 09:26:58,4122.95,19978
2021-06-16 09:26:59,4120.0,20516
2021-06-16 09:27:00,4120.0,20671
2021-06-16 09:27:01,4120.7,20849
2021-06-16 09:27:02,4120.7,20849
2021-06-16 09:27:03,4120.7,20849
2021-06-16 09:27:04,4120.0,20851
2021-06-16 09:27:05,4118.0,20972
2021-06-16 09:27:06,4120.7,21005
2021-06-16 09:27:07,4120.7,21005
2021-06-16 09:27:08,4120.7,21053
2021-06-16 09:27:09,4120.7,21053
2021-06-16 09:27:10,4120.7,21071
2021-06-16 09:27:11,4121.1,21077
2021-06-16 09:27:12,4121.65,21476
2021-06-16 09:27:13,4121.65,21476
2021-06-16 09:27:14,4121.65,21476
2021-06-16 09:27:15,4121.65,21476
2021-06-16 09:27:16,4119.2,21889
2021-06-16 09:27:17,4120.0,21955
2021-06-16 09:27:18,4120.0,21955
2021-06-16 09:27:20,4120.6,21994
2021-06-16 09:27:21,4118.4,22019
2021-06-16 09:27:22,4120.4,22079
2021-06-16 09:27:23,4120.4,22079
2021-06-16 09:27:24,4120.0,22179
2021-06-16 09:27:26,4119.2,22280
2021-06-16 09:27:27,4121.2,22382
2021-06-16 09:27:28,4115.1,23092
2021-06-16 09:27:29,4115.0,23185
2021-06-16 09:27:31,4117.3,23230
2021-06-16 09:27:31,4117.3,23230
2021-06-16 09:27:32,4116.35,23250
2021-06-16 09:27:33,4117.35,23254
2021-06-16 09:27:34,4117.35,23254
2021-06-16 09:27:35,4117.5,23259
2021-06-16 09:27:36,4117.5,23259
2021-06-16 09:27:37,4117.5,23357
2021-06-16 09:27:38,4117.5,23362
2021-06-16 09:27:39,4117.0,23363
2021-06-16 09:27:41,4117.0,23363
2021-06-16 09:27:41,4117.0,23363
2021-06-16 09:27:42,4115.2,23463
2021-06-16 09:27:43,4114.75,24543
2021-06-16 09:27:44,4114.75,24543
2021-06-16 09:27:45,4111.9,24609
2021-06-16 09:27:46,4111.9,24621
2021-06-16 09:27:47,4111.9,24621
2021-06-16 09:27:48,4111.8,24645
2021-06-16 09:27:49,4113.15,24761
2021-06-16 09:27:50,4111.9,24771
2021-06-16 09:27:51,4111.9,24771
2021-06-16 09:27:52,4113.05,24772
2021-06-16 09:27:54,4113.05,24772
2021-06-16 09:27:54,4113.05,24772
2021-06-16 09:27:55,4113.05,24772
2021-06-16 09:27:56,4112.95,24773
2021-06-16 09:27:58,4112.95,24790
2021-06-16 09:27:59,4112.95,24790
2021-06-16 09:28:00,4113.2,24870
2021-06-16 09:28:01,4113.2,24870
2021-06-16 09:28:02,4113.2,24870
2021-06-16 09:28:03,4113.75,24971
2021-06-16 09:28:05,4113.75,24973
2021-06-16 09:28:06,4113.75,24991
2021-06-16 09:28:06,4113.75,24991
2021-06-16 09:28:07,4113.75,25041
2021-06-16 09:28:08,4113.75,25041
2021-06-16 09:28:09,4114.0,25091
2021-06-16 09:28:10,4114.0,25091
2021-06-16 09:28:11,4114.0,25091
2021-06-16 09:28:12,4113.9,25148
2021-06-16 09:28:14,4114.0,25258
2021-06-16 09:28:16,4114.0,25258
2021-06-16 09:28:17,4114.0,25258
2021-06-16 09:28:18,4114.05,25260
2021-06-16 09:28:19,4114.05,25298
2021-06-16 09:28:19,4114.05,25298
2021-06-16 09:28:21,4114.4,25409
2021-06-16 09:28:22,4114.4,25409
2021-06-16 09:28:23,4116.15,25522
2021-06-16 09:28:24,4116.15,25522
2021-06-16 09:28:26,4116.8,25524
2021-06-16 09:28:27,4116.8,25524
2021-06-16 09:28:27,4116.8,25524
2021-06-16 09:28:28,4116.15,25525
2021-06-16 09:28:29,4116.15,25525
2021-06-16 09:28:30,4116.8,25540
2021-06-16 09:28:31,4116.8,25540
2021-06-16 09:28:32,4116.8,25540
2021-06-16 09:28:33,4116.8,25540
2021-06-16 09:28:34,4116.8,25545
2021-06-16 09:28:35,4116.8,25546
2021-06-16 09:28:36,4116.8,25546
2021-06-16 09:28:37,4116.8,25546
2021-06-16 09:28:38,4116.8,25546
2021-06-16 09:28:39,4116.8,25546
2021-06-16 09:28:41,4116.05,25559
2021-06-16 09:28:41,4116.05,25559
2021-06-16 09:28:42,4116.05,25560
2021-06-16 09:28:43,4116.8,25594
2021-06-16 09:28:44,4116.8,25594
2021-06-16 09:28:45,4117.0,25595
2021-06-16 09:28:46,4116.0,25879
2021-06-16 09:28:48,4116.0,25890
2021-06-16 09:28:49,4116.0,25890
2021-06-16 09:28:49,4116.0,25890
2021-06-16 09:28:50,4116.0,25891
2021-06-16 09:28:51,4115.05,25901
2021-06-16 09:28:52,4115.05,25901
2021-06-16 09:28:53,4115.05,25901
2021-06-16 09:28:54,4115.05,25901
2021-06-16 09:28:55,4116.0,25915
2021-06-16 09:28:56,4116.0,25915
2021-06-16 09:28:57,4116.75,25916
2021-06-16 09:28:58,4116.75,25916
2021-06-16 09:28:59,4116.75,25916
2021-06-16 09:29:01,4116.75,25956
2021-06-16 09:29:02,4116.75,25956
2021-06-16 09:29:03,4116.75,25956
2021-06-16 09:29:04,4116.75,25975
2021-06-16 09:29:05,4116.0,25993
2021-06-16 09:29:06,4116.0,25993
2021-06-16 09:29:07,4116.0,25996
2021-06-16 09:29:08,4116.0,25996
2021-06-16 09:29:09,4116.0,25999
2021-06-16 09:29:11,4116.75,26000
2021-06-16 09:29:12,4116.75,26000
2021-06-16 09:29:13,4116.8,26050
2021-06-16 09:29:14,4116.8,26050
2021-06-16 09:29:15,4116.8,26050
2021-06-16 09:29:17,4116.8,26051
2021-06-16 09:29:18,4116.8,26051
2021-06-16 09:29:19,4116.0,26056
2021-06-16 09:29:20,4116.8,26135
2021-06-16 09:29:21,4116.8,26135
2021-06-16 09:29:23,4116.75,26280
2021-06-16 09:29:24,4116.75,26280
2021-06-16 09:29:25,4117.95,26290
2021-06-16 09:29:26,4118.75,26335
2021-06-16 09:29:27,4118.75,26335
2021-06-16 09:29:28,4118.75,26335
2021-06-16 09:29:29,4116.0,26443
2021-06-16 09:29:30,4116.0,26443
2021-06-16 09:29:31,4116.0,26443
2021-06-16 09:29:32,4118.7,26534
2021-06-16 09:29:32,4118.7,26584
2021-06-16 09:29:33,4118.7,26584
2021-06-16 09:29:34,4118.65,26618
2021-06-16 09:29:35,4119.1,26718
2021-06-16 09:29:36,4118.8,26720
2021-06-16 09:29:37,4118.95,26825
2021-06-16 09:29:38,4117.0,26827
2021-06-16 09:29:39,4117.0,26827
2021-06-16 09:29:40,4116.65,26842
2021-06-16 09:29:41,4118.6,26843
2021-06-16 09:29:43,4118.55,26853
2021-06-16 09:29:44,4118.55,26853
2021-06-16 09:29:45,4118.55,26853
2021-06-16 09:29:46,4116.65,26861
2021-06-16 09:29:48,4118.25,26878
2021-06-16 09:29:49,4118.25,26888
2021-06-16 09:29:50,4118.25,26888
2021-06-16 09:29:51,4117.0,26889
2021-06-16 09:29:52,4117.0,26889
2021-06-16 09:29:53,4117.0,26890
2021-06-16 09:29:54,4117.0,26890
2021-06-16 09:29:56,4118.0,26892
2021-06-16 09:29:57,4118.0,26892
2021-06-16 09:29:58,4118.0,26892
2021-06-16 09:29:59,4116.5,26992
2021-06-16 09:30:00,4116.25,27035
2021-06-16 09:30:01,4117.5,27089
2021-06-16 09:30:02,4117.9,27091
2021-06-16 09:30:03,4118.0,27182
2021-06-16 09:30:04,4117.05,27337
2021-06-16 09:30:05,4117.05,27337
2021-06-16 09:30:06,4118.0,27362
2021-06-16 09:30:07,4117.0,27367
2021-06-16 09:30:08,4118.35,27374
2021-06-16 09:30:09,4118.35,27374
2021-06-16 09:30:10,4118.35,27374
2021-06-16 09:30:11,4118.35,27374
2021-06-16 09:30:12,4118.35,27378
2021-06-16 09:30:13,4119.4,27398
2021-06-16 09:30:14,4119.4,27398
2021-06-16 09:30:15,4119.4,27398
2021-06-16 09:30:16,4119.4,27398
2021-06-16 09:30:17,4119.4,27398
2021-06-16 09:30:18,4118.0,27517
2021-06-16 09:30:19,4118.0,27517
2021-06-16 09:30:20,4118.0,27517
2021-06-16 09:30:21,4120.0,27521
2021-06-16 09:30:22,4120.0,27521
2021-06-16 09:30:23,4120.0,27521
2021-06-16 09:30:24,4120.0,27521
2021-06-16 09:30:25,4120.0,27521
2021-06-16 09:30:28,4120.0,27521
2021-06-16 09:30:29,4120.0,27521
2021-06-16 09:30:30,4117.75,27571
2021-06-16 09:30:31,4120.0,27609
2021-06-16 09:30:32,4118.0,27613
2021-06-16 09:30:33,4118.0,27613
2021-06-16 09:30:34,4118.0,27613
2021-06-16 09:30:35,4118.0,27613
2021-06-16 09:30:35,4118.0,27613
2021-06-16 09:30:36,4118.0,27613
2021-06-16 09:30:37,4118.0,27613
2021-06-16 09:30:38,4120.65,27623
2021-06-16 09:30:40,4120.65,27623
2021-06-16 09:30:41,4120.0,27625
2021-06-16 09:30:42,4120.0,27625
2021-06-16 09:30:43,4120.0,27631
2021-06-16 09:30:44,4120.0,27631
2021-06-16 09:30:45,4120.65,27637
2021-06-16 09:30:45,4120.65,27637
2021-06-16 09:30:46,4120.65,27637
2021-06-16 09:30:47,4120.65,27637
2021-06-16 09:30:48,4120.65,27637
2021-06-16 09:30:49,4120.65,27647
2021-06-16 09:30:50,4120.65,27647
2021-06-16 09:30:51,4120.65,27649
2021-06-16 09:30:52,4120.65,27649
2021-06-16 09:30:54,4120.65,27649
2021-06-16 09:30:55,4121.65,27682
2021-06-16 09:30:56,4121.65,27682
2021-06-16 09:30:57,4120.65,27727
2021-06-16 09:30:58,4120.65,27727
2021-06-16 09:30:59,4120.65,27813
2021-06-16 09:31:00,4120.65,27813
2021-06-16 09:31:01,4120.65,27813
2021-06-16 09:31:02,4120.65,27813
2021-06-16 09:31:03,4120.65,27813
2021-06-16 09:31:04,4123.6,28013
2021-06-16 09:31:05,4123.6,28013
2021-06-16 09:31:06,4121.55,28067
2021-06-16 09:31:08,4121.55,28067
2021-06-16 09:31:09,4124.1,28073
2021-06-16 09:31:10,4124.1,28073
2021-06-16 09:31:11,4124.1,28073
2021-06-16 09:31:12,4120.2,28088
2021-06-16 09:31:12,4120.2,28088
2021-06-16 09:31:13,4120.2,28088
2021-06-16 09:31:14,4122.7,28119
2021-06-16 09:31:15,4122.7,28119
2021-06-16 09:31:16,4120.35,28126
2021-06-16 09:31:19,4120.35,28126
2021-06-16 09:31:19,4122.7,28130
2021-06-16 09:31:20,4122.7,28130
2021-06-16 09:31:21,4122.7,28130
2021-06-16 09:31:22,4122.7,28130
2021-06-16 09:31:23,4121.1,28132
2021-06-16 09:31:24,4121.6,28162
2021-06-16 09:31:25,4121.6,28162
2021-06-16 09:31:26,4121.6,28162
2021-06-16 09:31:27,4121.45,28163
2021-06-16 09:31:28,4121.45,28163
2021-06-16 09:31:29,4121.45,28168
2021-06-16 09:31:30,4121.45,28173
2021-06-16 09:31:31,4121.45,28173
2021-06-16 09:31:32,4121.45,28173
2021-06-16 09:31:33,4120.35,28176
2021-06-16 09:31:34,4121.45,28186
2021-06-16 09:31:36,4121.45,28186
2021-06-16 09:31:37,4121.45,28186
2021-06-16 09:31:38,4121.45,28186
2021-06-16 09:31:39,4121.45,28201
2021-06-16 09:31:40,4121.45,28214
2021-06-16 09:31:42,4121.6,28226
2021-06-16 09:31:42,4121.6,28226
2021-06-16 09:31:43,4121.6,28226
2021-06-16 09:31:44,4122.7,28227
2021-06-16 09:31:45,4122.7,28227
2021-06-16 09:31:46,4122.7,28227
2021-06-16 09:31:47,4122.7,28227
2021-06-16 09:31:48,4122.95,28252
2021-06-16 09:31:50,4122.95,28261
2021-06-16 09:31:51,4122.95,28261
2021-06-16 09:31:52,4122.95,28261
2021-06-16 09:31:53,4122.95,28261
2021-06-16 09:31:54,4122.95,28262
2021-06-16 09:31:55,4122.95,28262
2021-06-16 09:31:56,4123.7,28276
2021-06-16 09:31:57,4123.7,28276
2021-06-16 09:31:58,4123.7,28276
2021-06-16 09:31:59,4123.7,28280
2021-06-16 09:32:00,4123.7,28280
2021-06-16 09:32:01,4123.7,28280
2021-06-16 09:32:02,4123.75,28305
2021-06-16 09:32:03,4123.75,28305
2021-06-16 09:32:04,4123.75,28305
2021-06-16 09:32:06,4123.75,28305
2021-06-16 09:32:07,4123.65,28311
2021-06-16 09:32:07,4123.0,28310
2021-06-16 09:32:08,4123.7,28312
2021-06-16 09:32:09,4123.75,28317
2021-06-16 09:32:12,4123.7,28327
2021-06-16 09:32:13,4123.7,28327
2021-06-16 09:32:14,4123.75,28357
2021-06-16 09:32:15,4123.0,28518
2021-06-16 09:32:16,4125.0,28618
2021-06-16 09:32:17,4124.85,28628
2021-06-16 09:32:18,4124.85,28628
2021-06-16 09:32:19,4124.55,28632
2021-06-16 09:32:19,4124.55,28632
2021-06-16 09:32:20,4124.55,28632
2021-06-16 09:32:21,4124.55,28804
2021-06-16 09:32:22,4124.55,28804
2021-06-16 09:32:23,4124.55,28810
2021-06-16 09:32:25,4124.55,28810
2021-06-16 09:32:26,4124.55,28810
2021-06-16 09:32:27,4124.55,28810
2021-06-16 09:32:28,4124.55,28810
2021-06-16 09:32:29,4124.55,28815
2021-06-16 09:32:30,4124.55,28820
2021-06-16 09:32:31,4124.55,28820
2021-06-16 09:32:32,4124.55,28820
2021-06-16 09:32:33,4124.55,28820
2021-06-16 09:32:34,4124.55,28820
2021-06-16 09:32:35,4124.55,28820
2021-06-16 09:32:37,4124.55,28820
2021-06-16 09:32:38,4124.55,28820
2021-06-16 09:32:39,4124.25,28834
2021-06-16 09:32:41,4124.25,28834
2021-06-16 09:32:42,4124.25,28834
2021-06-16 09:32:43,4124.25,28834
2021-06-16 09:32:44,4124.25,28834
2021-06-16 09:32:45,4124.0,28851
2021-06-16 09:32:46,4124.0,28851
2021-06-16 09:32:47,4124.0,28851
2021-06-16 09:32:48,4124.0,28851
2021-06-16 09:32:49,4124.25,28855
2021-06-16 09:32:50,4124.25,28855
2021-06-16 09:32:51,4124.0,28918
2021-06-16 09:32:52,4123.7,28939
2021-06-16 09:32:53,4124.0,28940
2021-06-16 09:32:54,4124.0,28940
2021-06-16 09:32:56,4124.0,28940
2021-06-16 09:32:57,4122.3,29040
2021-06-16 09:32:58,4122.3,29040
2021-06-16 09:32:59,4122.3,29040
2021-06-16 09:33:00,4122.3,29040
2021-06-16 09:33:01,4122.3,29040
2021-06-16 09:33:02,4122.3,29040
2021-06-16 09:33:03,4122.3,29040
2021-06-16 09:33:04,4122.3,29040
2021-06-16 09:33:04,4122.3,29040
2021-06-16 09:33:05,4122.3,29040
2021-06-16 09:33:06,4122.3,29040
2021-06-16 09:33:07,4122.3,29040
2021-06-16 09:33:08,4122.3,29040
2021-06-16 09:33:09,4124.0,29051
2021-06-16 09:33:10,4124.0,29051
2021-06-16 09:33:11,4124.0,29051
2021-06-16 09:33:13,4124.0,29051
2021-06-16 09:33:14,4124.0,29051
2021-06-16 09:33:15,4124.0,29051
2021-06-16 09:33:16,4124.0,29151
2021-06-16 09:33:16,4124.0,29151
2021-06-16 09:33:18,4124.0,29151
2021-06-16 09:33:19,4124.0,29155
2021-06-16 09:33:20,4124.0,29155
2021-06-16 09:33:21,4124.0,29155
2021-06-16 09:33:22,4124.0,29155
2021-06-16 09:33:23,4123.5,29156
2021-06-16 09:33:24,4123.5,29156
2021-06-16 09:33:25,4124.0,29206
2021-06-16 09:33:25,4123.5,29156
2021-06-16 09:33:26,4124.0,29206
2021-06-16 09:33:28,4124.0,29216
2021-06-16 09:33:29,4124.0,29228
2021-06-16 09:33:31,4124.0,29228
2021-06-16 09:33:35,4124.0,29228
2021-06-16 09:33:35,4124.0,29230
2021-06-16 09:33:37,4124.0,29230
2021-06-16 09:33:38,4124.0,29230
2021-06-16 09:33:39,4124.0,29234
2021-06-16 09:33:41,4124.0,29235
2021-06-16 09:33:41,4124.0,29235
2021-06-16 09:33:42,4124.0,29235
2021-06-16 09:33:44,4124.0,29235
2021-06-16 09:33:45,4124.0,29235
2021-06-16 09:33:46,4124.0,29235
2021-06-16 09:33:48,4124.0,29235
2021-06-16 09:33:49,4124.0,29241
2021-06-16 09:33:50,4124.0,29275
2021-06-16 09:33:51,4126.05,29567
2021-06-16 09:33:52,4126.05,29567
2021-06-16 09:33:54,4125.6,29569
2021-06-16 09:33:55,4125.6,29569
2021-06-16 09:33:57,4125.6,29569
2021-06-16 09:33:58,4125.6,29569
2021-06-16 09:34:00,4125.6,29978
2021-06-16 09:34:01,4125.6,29978
2021-06-16 09:34:02,4125.6,29978
2021-06-16 09:34:03,4128.25,29981
2021-06-16 09:34:04,4128.25,29981
2021-06-16 09:34:05,4128.25,29981
2021-06-16 09:34:06,4128.25,29981
2021-06-16 09:34:07,4128.25,29981
2021-06-16 09:34:08,4128.25,29981
2021-06-16 09:34:09,4126.25,30031
2021-06-16 09:34:10,4126.8,30032
2021-06-16 09:34:11,4126.8,30032
2021-06-16 09:34:12,4126.8,30032
2021-06-16 09:34:13,4126.8,30032
2021-06-16 09:34:14,4126.8,30032
2021-06-16 09:34:15,4129.2,30088
2021-06-16 09:34:16,4129.35,30098
2021-06-16 09:34:17,4129.35,30098
2021-06-16 09:34:18,4129.35,30098
2021-06-16 09:34:19,4129.35,30102
2021-06-16 09:34:20,4129.35,30102
2021-06-16 09:34:21,4129.35,30102
2021-06-16 09:34:22,4129.35,30102
2021-06-16 09:34:23,4129.35,30102
2021-06-16 09:34:25,4129.35,30102
2021-06-16 09:34:26,4129.35,30102
2021-06-16 09:34:27,4129.35,30102
2021-06-16 09:34:28,4129.7,30135
2021-06-16 09:34:29,4129.95,30136
2021-06-16 09:34:30,4129.95,30136
2021-06-16 09:34:31,4128.5,30179
2021-06-16 09:34:32,4130.0,30220
2021-06-16 09:34:33,4130.2,30235
2021-06-16 09:34:34,4130.0,30238
2021-06-16 09:34:36,4130.2,30288
2021-06-16 09:34:36,4130.0,30238
2021-06-16 09:34:37,4130.2,30288
2021-06-16 09:34:39,4130.0,30338
2021-06-16 09:34:40,4130.2,30352
2021-06-16 09:34:41,4130.2,30354
2021-06-16 09:34:42,4130.2,30366
2021-06-16 09:34:43,4130.2,30376
2021-06-16 09:34:44,4130.2,30376
2021-06-16 09:34:45,4130.2,30376
2021-06-16 09:34:46,4130.2,30376
2021-06-16 09:34:47,4130.2,30384
2021-06-16 09:34:48,4130.2,30436
2021-06-16 09:34:49,4130.2,30436
2021-06-16 09:34:50,4130.2,30442
2021-06-16 09:34:51,4130.0,30483
2021-06-16 09:34:52,4130.0,30483
2021-06-16 09:34:53,4129.95,30484
2021-06-16 09:34:54,4129.95,30544
2021-06-16 09:34:56,4130.0,30554
2021-06-16 09:34:57,4130.0,30555
2021-06-16 09:34:59,4130.0,30557
2021-06-16 09:35:00,4129.7,30602
2021-06-16 09:35:01,4129.95,30660
2021-06-16 09:35:02,4129.95,30686
2021-06-16 09:35:03,4129.95,30686
2021-06-16 09:35:04,4130.0,30691
2021-06-16 09:35:05,4130.0,30691
2021-06-16 09:35:06,4130.0,30704
2021-06-16 09:35:07,4130.0,30704
2021-06-16 09:35:07,4130.0,30704
2021-06-16 09:35:08,4130.0,30754
2021-06-16 09:35:09,4130.0,30759
2021-06-16 09:35:11,4130.0,30809
2021-06-16 09:35:12,4130.0,30809
2021-06-16 09:35:13,4130.0,30809
2021-06-16 09:35:14,4130.0,30810
2021-06-16 09:35:15,4127.3,31583
2021-06-16 09:35:18,4127.3,31583
2021-06-16 09:35:19,4127.4,31585
2021-06-16 09:35:20,4127.4,31600
2021-06-16 09:35:21,4127.4,31600
2021-06-16 09:35:22,4125.0,31736
2021-06-16 09:35:23,4125.0,31736
2021-06-16 09:35:24,4125.05,31795
2021-06-16 09:35:24,4125.05,31795
2021-06-16 09:35:25,4125.05,31799
2021-06-16 09:35:26,4125.05,31800
2021-06-16 09:35:27,4125.05,31800
2021-06-16 09:35:29,4125.0,32293
2021-06-16 09:35:30,4124.0,32321
2021-06-16 09:35:31,4122.0,32407
2021-06-16 09:35:32,4122.0,32407
2021-06-16 09:35:33,4122.0,32407
2021-06-16 09:35:34,4122.0,32407
2021-06-16 09:35:35,4122.0,32407
2021-06-16 09:35:36,4122.0,32407
2021-06-16 09:35:37,4122.0,32417
2021-06-16 09:35:38,4122.0,32467
2021-06-16 09:35:39,4122.05,32471
2021-06-16 09:35:40,4121.5,32472
2021-06-16 09:35:41,4122.25,32486
2021-06-16 09:35:42,4121.9,32763
2021-06-16 09:35:43,4121.45,32769
2021-06-16 09:35:44,4121.45,32769
2021-06-16 09:35:45,4121.7,32770
2021-06-16 09:35:46,4121.7,32770
2021-06-16 09:35:47,4121.7,32770
2021-06-16 09:35:48,4121.7,32770
2021-06-16 09:35:49,4120.15,32791
2021-06-16 09:35:50,4120.0,32793
2021-06-16 09:35:51,4120.0,32918
2021-06-16 09:35:52,4118.45,32965
2021-06-16 09:35:53,4120.1,32966
2021-06-16 09:35:54,4120.1,32966
2021-06-16 09:35:55,4120.05,32986
2021-06-16 09:35:56,4120.15,33649
2021-06-16 09:35:58,4120.15,33649
2021-06-16 09:35:59,4120.15,33649
2021-06-16 09:36:00,4120.15,33649
2021-06-16 09:36:01,4122.25,33650
2021-06-16 09:36:02,4120.25,33680
2021-06-16 09:36:03,4120.25,33680
2021-06-16 09:36:04,4120.4,33759
2021-06-16 09:36:05,4121.15,33766
2021-06-16 09:36:06,4121.15,33766
2021-06-16 09:36:07,4121.15,33766
2021-06-16 09:36:08,4120.15,33769
2021-06-16 09:36:09,4118.95,33816
2021-06-16 09:36:10,4118.95,33816
2021-06-16 09:36:11,4118.95,33816
2021-06-16 09:36:12,4118.95,33816
2021-06-16 09:36:13,4120.05,33827
2021-06-16 09:36:14,4120.05,33827
2021-06-16 09:36:15,4120.05,33827
2021-06-16 09:36:16,4120.3,33828
2021-06-16 09:36:17,4120.3,33828
2021-06-16 09:36:18,4120.15,33919
2021-06-16 09:36:19,4120.15,33919
2021-06-16 09:36:20,4120.15,33919
2021-06-16 09:36:21,4120.1,33923
2021-06-16 09:36:22,4120.1,33923
2021-06-16 09:36:23,4120.1,33923
2021-06-16 09:36:24,4120.2,33934
2021-06-16 09:36:25,4120.0,33942
2021-06-16 09:36:26,4120.0,33942
2021-06-16 09:36:27,4120.0,33942
2021-06-16 09:36:28,4120.0,33943
2021-06-16 09:36:29,4120.0,33949
2021-06-16 09:36:30,4120.0,33949
2021-06-16 09:36:31,4117.95,34155
2021-06-16 09:36:32,4117.95,34155
2021-06-16 09:36:33,4117.95,34155
2021-06-16 09:36:35,4118.45,34205
2021-06-16 09:36:34,4118.45,34205
2021-06-16 09:36:36,4116.0,35025
2021-06-16 09:36:37,4116.0,35025
2021-06-16 09:36:38,4116.0,35025
2021-06-16 09:36:39,4116.0,35025
2021-06-16 09:36:42,4116.45,35371
2021-06-16 09:36:44,4116.35,35373
2021-06-16 09:36:45,4116.35,35373
2021-06-16 09:36:46,4116.2,35375
2021-06-16 09:36:47,4116.2,35375
2021-06-16 09:36:48,4116.2,35375
2021-06-16 09:36:49,4118.3,35385
2021-06-16 09:36:50,4118.9,35435
2021-06-16 09:36:51,4118.9,35445
2021-06-16 09:36:53,4118.9,35445
2021-06-16 09:36:54,4118.9,35451
2021-06-16 09:36:55,4118.9,35451
2021-06-16 09:36:56,4118.9,35464
2021-06-16 09:36:57,4118.3,35517
2021-06-16 09:36:58,4118.3,35517
2021-06-16 09:36:59,4118.3,35517
2021-06-16 09:37:00,4118.3,35519
2021-06-16 09:37:01,4118.65,35521
2021-06-16 09:37:02,4118.65,35521
2021-06-16 09:37:03,4116.65,35527
2021-06-16 09:37:04,4116.65,35527
2021-06-16 09:37:05,4118.45,35530
2021-06-16 09:37:06,4118.45,35530
2021-06-16 09:37:07,4118.45,35530
2021-06-16 09:37:08,4118.45,35530
2021-06-16 09:37:09,4118.45,35540
2021-06-16 09:37:10,4118.45,35540
2021-06-16 09:37:11,4117.05,35544
2021-06-16 09:37:12,4117.05,35544
2021-06-16 09:37:13,4117.05,35544
2021-06-16 09:37:14,4118.4,35545
2021-06-16 09:37:15,4120.25,35648
2021-06-16 09:37:16,4120.25,35648
2021-06-16 09:37:17,4120.3,35653
2021-06-16 09:37:18,4120.3,35653
2021-06-16 09:37:19,4120.35,35657
2021-06-16 09:37:20,4120.35,35657
2021-06-16 09:37:21,4120.35,35657
2021-06-16 09:37:22,4120.35,35657
2021-06-16 09:37:23,4120.35,35657
2021-06-16 09:37:24,4118.45,35664
2021-06-16 09:37:25,4118.45,35664
2021-06-16 09:37:26,4118.45,35664
2021-06-16 09:37:27,4120.35,35669
2021-06-16 09:37:28,4120.35,35669
2021-06-16 09:37:29,4120.35,35674
2021-06-16 09:37:30,4120.35,35674
2021-06-16 09:37:32,4120.4,35694
2021-06-16 09:37:34,4120.4,35694
2021-06-16 09:37:37,4118.75,35696
2021-06-16 09:37:40,4121.2,35765
2021-06-16 09:37:41,4121.2,35765
2021-06-16 09:37:43,4120.85,35777
2021-06-16 09:37:44,4120.85,35777
2021-06-16 09:37:45,4118.95,35861
2021-06-16 09:37:46,4120.85,35941
2021-06-16 09:37:47,4120.85,35941
2021-06-16 09:37:48,4121.4,35942
2021-06-16 09:37:49,4121.4,35972
2021-06-16 09:37:50,4121.4,35972
2021-06-16 09:37:51,4121.4,35972
2021-06-16 09:37:52,4121.4,35972
2021-06-16 09:37:53,4121.4,35972
2021-06-16 09:37:54,4121.4,35972
2021-06-16 09:37:55,4121.4,35972
2021-06-16 09:37:56,4120.0,35979
2021-06-16 09:37:57,4120.0,35979
2021-06-16 09:37:59,4120.0,36011
2021-06-16 09:38:00,4120.0,36012
2021-06-16 09:38:00,4120.0,36012
2021-06-16 09:38:01,4120.0,36012
2021-06-16 09:38:02,4120.0,36012
2021-06-16 09:38:03,4120.0,36012
2021-06-16 09:38:04,4120.0,36012
2021-06-16 09:38:06,4120.0,36014
2021-06-16 09:38:06,4120.0,36014
2021-06-16 09:38:08,4120.0,36021
2021-06-16 09:38:09,4120.0,36021
2021-06-16 09:38:09,4120.0,36021
2021-06-16 09:38:10,4120.0,36024
2021-06-16 09:38:11,4120.0,36024
2021-06-16 09:38:12,4119.9,36026
2021-06-16 09:38:13,4119.9,36026
2021-06-16 09:38:14,4119.95,36036
2021-06-16 09:38:15,4119.95,36036
2021-06-16 09:38:16,4120.0,36037
2021-06-16 09:38:17,4120.0,36037
2021-06-16 09:38:18,4120.0,36037
2021-06-16 09:38:19,4120.0,36041
2021-06-16 09:38:21,4120.0,36041
2021-06-16 09:38:22,4120.0,36041
2021-06-16 09:38:23,4120.0,36041
2021-06-16 09:38:24,4119.0,36074
2021-06-16 09:38:25,4119.0,36074
2021-06-16 09:38:26,4120.6,36124
2021-06-16 09:38:27,4120.6,36124
2021-06-16 09:38:28,4120.6,36124
2021-06-16 09:38:29,4121.0,36129
2021-06-16 09:38:30,4120.0,36152
2021-06-16 09:38:31,4120.0,36152
2021-06-16 09:38:32,4120.0,36152
2021-06-16 09:38:34,4120.8,36163
2021-06-16 09:38:33,4120.8,36163
2021-06-16 09:38:35,4120.8,36163
2021-06-16 09:38:36,4120.8,36163
2021-06-16 09:38:38,4120.8,36163
2021-06-16 09:38:38,4120.8,36163
2021-06-16 09:38:39,4120.9,36167
2021-06-16 09:38:40,4120.9,36167
2021-06-16 09:38:41,4120.9,36167
2021-06-16 09:38:42,4120.9,36167
2021-06-16 09:38:44,4120.9,36167
2021-06-16 09:38:44,4120.9,36167
2021-06-16 09:38:45,4120.9,36167
2021-06-16 09:38:46,4120.9,36168
2021-06-16 09:38:47,4120.9,36168
2021-06-16 09:38:49,4120.9,36168
2021-06-16 09:38:50,4120.9,36174
2021-06-16 09:38:50,4120.9,36174
2021-06-16 09:38:51,4119.0,36274
2021-06-16 09:38:52,4118.75,36279
2021-06-16 09:38:53,4119.0,36280
2021-06-16 09:38:56,4119.0,36300
2021-06-16 09:38:57,4119.85,36306
2021-06-16 09:38:58,4119.85,36307
2021-06-16 09:38:59,4119.0,36347
2021-06-16 09:39:00,4119.0,36347
2021-06-16 09:39:01,4119.0,36347
2021-06-16 09:39:02,4119.0,36347
2021-06-16 09:39:03,4119.7,36349
2021-06-16 09:39:04,4119.7,36349
2021-06-16 09:39:05,4119.7,36349
2021-06-16 09:39:06,4119.7,36349
2021-06-16 09:39:07,4119.7,36349
2021-06-16 09:39:08,4119.75,36399
2021-06-16 09:39:09,4119.6,36404
2021-06-16 09:39:10,4119.6,36404
2021-06-16 09:39:13,4119.6,36404
2021-06-16 09:39:14,4119.6,36404
2021-06-16 09:39:16,4119.6,36404
2021-06-16 09:39:17,4119.6,36404
2021-06-16 09:39:17,4119.6,36404
2021-06-16 09:39:18,4119.6,36404
2021-06-16 09:39:19,4119.6,36408
2021-06-16 09:39:20,4119.6,36410
2021-06-16 09:39:21,4121.75,36505
2021-06-16 09:39:22,4121.75,36505
2021-06-16 09:39:23,4121.75,36505
2021-06-16 09:39:24,4121.75,36505
2021-06-16 09:39:25,4121.75,36505
2021-06-16 09:39:27,4121.75,36505
2021-06-16 09:39:28,4121.0,36509
2021-06-16 09:39:29,4120.9,36511
2021-06-16 09:39:31,4121.0,36525
2021-06-16 09:39:33,4121.65,37024
2021-06-16 09:39:34,4124.0,37034
2021-06-16 09:39:36,4124.0,37034
2021-06-16 09:39:37,4124.0,37034
2021-06-16 09:39:38,4124.0,37035
2021-06-16 09:39:39,4124.0,37044
2021-06-16 09:39:41,4124.0,37045
2021-06-16 09:39:43,4124.0,37113
2021-06-16 09:39:43,4124.0,37113
2021-06-16 09:39:44,4124.0,37113
2021-06-16 09:39:45,4124.0,37113
2021-06-16 09:39:46,4124.0,37113
2021-06-16 09:39:47,4124.0,37113
2021-06-16 09:39:48,4124.0,37113
2021-06-16 09:39:50,4124.9,37119
2021-06-16 09:39:51,4125.0,37146
2021-06-16 09:39:52,4125.0,37146
2021-06-16 09:39:53,4125.0,37146
2021-06-16 09:39:54,4125.0,37146
2021-06-16 09:39:56,4125.8,37246
2021-06-16 09:39:56,4125.8,37246
2021-06-16 09:39:57,4125.8,37246
2021-06-16 09:39:58,4125.8,37246
2021-06-16 09:39:59,4126.0,37296
2021-06-16 09:40:00,4126.2,37306
2021-06-16 09:40:01,4126.2,37306
2021-06-16 09:40:03,4127.0,37311
2021-06-16 09:40:04,4127.0,37316
2021-06-16 09:40:06,4127.0,37316
2021-06-16 09:40:07,4127.0,37316
2021-06-16 09:40:08,4127.0,37316
2021-06-16 09:40:09,4126.2,37317
2021-06-16 09:40:10,4126.25,37980
2021-06-16 09:40:11,4127.9,38043
2021-06-16 09:40:12,4127.9,38043
2021-06-16 09:40:13,4129.6,38048
2021-06-16 09:40:14,4129.6,38048
2021-06-16 09:40:15,4130.1,38521
2021-06-16 09:40:16,4130.1,38521
2021-06-16 09:40:18,4130.2,38523
2021-06-16 09:40:20,4130.2,38531
2021-06-16 09:40:21,4128.7,38556
2021-06-16 09:40:22,4128.0,38606
2021-06-16 09:40:23,4128.0,38606
2021-06-16 09:40:24,4128.0,38606
2021-06-16 09:40:26,4128.0,38606
2021-06-16 09:40:27,4128.0,38606
2021-06-16 09:40:28,4128.0,38606
2021-06-16 09:40:29,4129.0,38612
2021-06-16 09:40:30,4130.0,38747
2021-06-16 09:40:31,4130.0,38747
2021-06-16 09:40:32,4130.0,38747
2021-06-16 09:40:33,4126.6,39097
2021-06-16 09:40:34,4126.6,39097
2021-06-16 09:40:35,4126.6,39097
2021-06-16 09:40:36,4126.6,39097
2021-06-16 09:40:37,4126.6,39097
2021-06-16 09:40:38,4129.55,39100
2021-06-16 09:40:39,4129.2,39114
2021-06-16 09:40:41,4129.2,39114
2021-06-16 09:40:42,4129.2,39120
2021-06-16 09:40:43,4129.2,39120
2021-06-16 09:40:44,4129.2,39120
2021-06-16 09:40:45,4129.2,39120
2021-06-16 09:40:46,4129.2,39120
2021-06-16 09:40:47,4129.0,39121
2021-06-16 09:40:48,4129.0,39121
2021-06-16 09:40:49,4129.0,39127
2021-06-16 09:40:50,4129.0,39127
2021-06-16 09:40:51,4129.0,39127
2021-06-16 09:40:54,4129.0,39127
2021-06-16 09:40:55,4129.0,39127
2021-06-16 09:40:55,4129.0,39127
2021-06-16 09:40:56,4129.0,39127
2021-06-16 09:40:58,4127.15,39140
2021-06-16 09:40:59,4127.15,39140
2021-06-16 09:41:00,4127.15,39140
2021-06-16 09:41:01,4127.15,39140
2021-06-16 09:41:01,4127.15,39140
2021-06-16 09:41:02,4127.15,39140
2021-06-16 09:41:03,4127.15,39140
2021-06-16 09:41:04,4127.15,39140
2021-06-16 09:41:05,4127.15,39140
2021-06-16 09:41:06,4127.15,39140
2021-06-16 09:41:09,4127.15,39140
2021-06-16 09:41:10,4128.8,39150
2021-06-16 09:41:11,4128.8,39150
2021-06-16 09:41:13,4128.8,39150
2021-06-16 09:41:14,4128.8,39150
2021-06-16 09:41:15,4128.8,39153
2021-06-16 09:41:15,4128.8,39153
2021-06-16 09:41:16,4128.8,39153
2021-06-16 09:41:17,4128.8,39153
2021-06-16 09:41:19,4128.8,39253
2021-06-16 09:41:20,4128.9,39264
2021-06-16 09:41:21,4128.9,39264
2021-06-16 09:41:22,4127.0,39467
2021-06-16 09:41:23,4127.0,39467
2021-06-16 09:41:24,4127.6,39468
2021-06-16 09:41:26,4127.6,39468
2021-06-16 09:41:27,4127.6,39468
2021-06-16 09:41:28,4127.6,39468
2021-06-16 09:41:29,4128.95,39483
2021-06-16 09:41:30,4129.0,39485
2021-06-16 09:41:31,4129.0,39485
2021-06-16 09:41:32,4129.0,39485
2021-06-16 09:41:33,4129.0,39485
2021-06-16 09:41:36,4127.2,39510
2021-06-16 09:41:37,4127.2,39510
2021-06-16 09:41:38,4127.2,39510
2021-06-16 09:41:39,4127.2,39510
2021-06-16 09:41:40,4127.2,39510
2021-06-16 09:41:41,4127.2,39510
2021-06-16 09:41:42,4127.2,39510
2021-06-16 09:41:43,4127.2,39510
2021-06-16 09:41:44,4130.0,39743
2021-06-16 09:41:45,4131.0,39744
2021-06-16 09:41:46,4131.0,39744
2021-06-16 09:41:47,4129.7,39745
2021-06-16 09:41:48,4129.7,39757
2021-06-16 09:41:49,4131.0,39763
2021-06-16 09:41:50,4131.0,39763
2021-06-16 09:41:52,4131.0,39763
2021-06-16 09:41:53,4131.0,39763
2021-06-16 09:41:54,4131.0,39763
2021-06-16 09:41:55,4131.0,39763
2021-06-16 09:41:55,4129.1,39779
2021-06-16 09:41:59,4129.1,39779
2021-06-16 09:42:00,4129.1,39779
2021-06-16 09:42:01,4129.1,39779
2021-06-16 09:42:02,4129.7,39793
2021-06-16 09:42:03,4129.7,39793
2021-06-16 09:42:03,4129.7,39793
2021-06-16 09:42:04,4129.7,39793
2021-06-16 09:42:05,4129.7,39803
2021-06-16 09:42:07,4129.7,39803
2021-06-16 09:42:09,4129.7,39805
2021-06-16 09:42:10,4129.7,39805
2021-06-16 09:42:11,4129.7,39805
2021-06-16 09:42:12,4129.7,39805
2021-06-16 09:42:13,4129.7,39805
2021-06-16 09:42:14,4129.7,39805
2021-06-16 09:42:16,4129.7,39805
2021-06-16 09:42:16,4129.7,39805
2021-06-16 09:42:18,4129.7,39805
2021-06-16 09:42:19,4129.7,39805
2021-06-16 09:42:20,4129.65,39809
2021-06-16 09:42:20,4129.65,39809
2021-06-16 09:42:21,4129.65,39809
2021-06-16 09:42:23,4129.65,39809
2021-06-16 09:42:24,4129.65,39810
2021-06-16 09:42:25,4129.65,39831
2021-06-16 09:42:26,4129.65,39831
2021-06-16 09:42:27,4128.9,39851
2021-06-16 09:42:28,4128.9,39851
2021-06-16 09:42:29,4129.7,39866
2021-06-16 09:42:30,4128.9,39868
2021-06-16 09:42:31,4128.9,39868
2021-06-16 09:42:32,4128.9,39868
2021-06-16 09:42:33,4128.9,39868
2021-06-16 09:42:34,4128.9,39868
2021-06-16 09:42:36,4128.9,39868
2021-06-16 09:42:37,4128.9,39868
2021-06-16 09:42:38,4128.9,39868
2021-06-16 09:42:39,4129.65,39872
2021-06-16 09:42:40,4129.65,39872
2021-06-16 09:42:40,4129.65,39872
2021-06-16 09:42:42,4129.65,39872
2021-06-16 09:42:43,4129.65,39872
2021-06-16 09:42:44,4129.65,39872
2021-06-16 09:42:45,4129.65,39872
2021-06-16 09:42:46,4129.7,39892
2021-06-16 09:42:46,4129.65,39872
2021-06-16 09:42:47,4129.65,39894
2021-06-16 09:42:49,4129.65,39895
2021-06-16 09:42:50,4129.65,39901
2021-06-16 09:42:51,4129.65,39903
2021-06-16 09:42:52,4129.65,39903
2021-06-16 09:42:53,4129.65,39903
2021-06-16 09:42:54,4129.65,39903
2021-06-16 09:42:55,4129.65,39903
2021-06-16 09:42:56,4129.65,39903
2021-06-16 09:42:57,4129.65,39903
2021-06-16 09:42:58,4129.65,39903
2021-06-16 09:42:59,4129.5,39919
2021-06-16 09:43:00,4129.5,39919
2021-06-16 09:43:00,4129.5,39919
2021-06-16 09:43:01,4129.3,39920
2021-06-16 09:43:03,4129.3,39920
2021-06-16 09:43:04,4129.3,39920
2021-06-16 09:43:05,4129.3,39920
2021-06-16 09:43:05,4129.3,39920
2021-06-16 09:43:06,4129.3,39920
2021-06-16 09:43:08,4128.9,39936
2021-06-16 09:43:09,4129.3,39942
2021-06-16 09:43:10,4129.3,39942
2021-06-16 09:43:12,4129.3,39942
2021-06-16 09:43:13,4129.3,39942
2021-06-16 09:43:14,4129.2,39967
2021-06-16 09:43:15,4129.2,39967
2021-06-16 09:43:16,4129.2,39967
2021-06-16 09:43:16,4129.2,39967
2021-06-16 09:43:17,4129.2,39967
2021-06-16 09:43:18,4129.2,39969
2021-06-16 09:43:19,4129.2,39973
2021-06-16 09:43:20,4129.2,39973
2021-06-16 09:43:22,4129.2,39973
2021-06-16 09:43:23,4126.55,40038
2021-06-16 09:43:24,4126.55,40038
2021-06-16 09:43:25,4127.0,40070
2021-06-16 09:43:26,4127.0,40070
2021-06-16 09:43:27,4127.0,40072
2021-06-16 09:43:28,4125.2,40117
2021-06-16 09:43:28,4125.2,40117
2021-06-16 09:43:29,4125.2,40117
2021-06-16 09:43:31,4125.2,40117
2021-06-16 09:43:32,4125.2,40117
2021-06-16 09:43:34,4125.2,40117
2021-06-16 09:43:35,4125.2,40117
2021-06-16 09:43:36,4125.2,40117
2021-06-16 09:43:36,4125.2,40117
2021-06-16 09:43:37,4125.2,40117
2021-06-16 09:43:38,4125.2,40117
2021-06-16 09:43:40,4126.9,40121
2021-06-16 09:43:41,4126.9,40121
2021-06-16 09:43:42,4126.9,40121
2021-06-16 09:43:43,4126.9,40121
2021-06-16 09:43:44,4126.9,40122
2021-06-16 09:43:45,4126.9,40124
2021-06-16 09:43:46,4126.9,40124
2021-06-16 09:43:47,4126.0,40125
2021-06-16 09:43:48,4126.0,40125
2021-06-16 09:43:49,4126.9,40131
2021-06-16 09:43:50,4125.0,40694
2021-06-16 09:43:53,4125.0,40694
2021-06-16 09:43:54,4125.0,40694
2021-06-16 09:43:55,4125.45,40696
2021-06-16 09:43:57,4125.45,40696
2021-06-16 09:43:58,4125.45,40696
2021-06-16 09:43:59,4125.0,40706
2021-06-16 09:44:00,4121.1,41056
2021-06-16 09:44:02,4121.1,41056
2021-06-16 09:44:03,4121.1,41056
2021-06-16 09:44:04,4121.1,41056
2021-06-16 09:44:05,4121.1,41056
2021-06-16 09:44:05,4121.1,41056
2021-06-16 09:44:06,4121.1,41056
2021-06-16 09:44:08,4122.7,41058
2021-06-16 09:44:09,4122.7,41058
2021-06-16 09:44:10,4123.0,41252
2021-06-16 09:44:11,4123.0,41252
2021-06-16 09:44:12,4123.0,41252
2021-06-16 09:44:13,4123.0,41252
2021-06-16 09:44:15,4123.0,41252
2021-06-16 09:44:16,4123.0,41252
2021-06-16 09:44:17,4123.0,41252
2021-06-16 09:44:18,4123.0,41310
2021-06-16 09:44:19,4123.0,41310
2021-06-16 09:44:19,4123.0,41310
2021-06-16 09:44:21,4123.0,41310
2021-06-16 09:44:22,4123.0,41310
2021-06-16 09:44:23,4123.55,41318
2021-06-16 09:44:24,4123.55,41318
2021-06-16 09:44:25,4118.0,42773
2021-06-16 09:44:26,4118.0,42773
2021-06-16 09:44:27,4119.6,42837
2021-06-16 09:44:28,4119.6,42837
2021-06-16 09:44:29,4119.6,42837
2021-06-16 09:44:30,4119.6,42837
2021-06-16 09:44:31,4120.85,42847
2021-06-16 09:44:31,4120.85,42847
2021-06-16 09:44:33,4122.0,42862
2021-06-16 09:44:34,4120.25,42863
2021-06-16 09:44:35,4120.25,42863
2021-06-16 09:44:36,4120.25,42863
2021-06-16 09:44:36,4120.25,42863
2021-06-16 09:44:38,4120.25,42863
2021-06-16 09:44:39,4120.25,42863
2021-06-16 09:44:41,4122.7,42882
2021-06-16 09:44:42,4120.3,42932
2021-06-16 09:44:43,4120.3,42932
2021-06-16 09:44:44,4120.3,42932
2021-06-16 09:44:44,4123.55,42933
2021-06-16 09:44:45,4123.55,42933
2021-06-16 09:44:47,4123.55,42933
2021-06-16 09:44:48,4123.55,42933
2021-06-16 09:44:49,4123.45,42940
2021-06-16 09:44:50,4123.45,42940
2021-06-16 09:44:51,4123.45,42940
2021-06-16 09:44:53,4123.45,42940
2021-06-16 09:44:53,4123.45,42940
2021-06-16 09:44:55,4123.45,42940
2021-06-16 09:44:56,4122.7,42941
2021-06-16 09:44:57,4122.6,42943
2021-06-16 09:44:58,4122.6,42943
2021-06-16 09:44:59,4120.25,42953
2021-06-16 09:45:00,4120.25,42953
2021-06-16 09:45:01,4122.0,42978
2021-06-16 09:45:02,4122.0,42978
2021-06-16 09:45:03,4122.0,42978
2021-06-16 09:45:03,4122.0,42978
2021-06-16 09:45:05,4122.0,42978
2021-06-16 09:45:06,4121.0,42979
2021-06-16 09:45:07,4122.45,42989
2021-06-16 09:45:08,4122.6,42991
2021-06-16 09:45:09,4122.6,43064
2021-06-16 09:45:11,4120.5,43071
2021-06-16 09:45:12,4120.5,43071
2021-06-16 09:45:13,4120.5,43071
2021-06-16 09:45:15,4122.0,43073
2021-06-16 09:45:17,4122.0,43075
2021-06-16 09:45:18,4122.0,43075
2021-06-16 09:45:19,4122.0,43077
2021-06-16 09:45:19,4122.0,43077
2021-06-16 09:45:21,4122.0,43077
2021-06-16 09:45:22,4121.8,43096
2021-06-16 09:45:23,4121.8,43096
2021-06-16 09:45:24,4121.8,43096
2021-06-16 09:45:25,4121.8,43096
2021-06-16 09:45:27,4121.8,43096
2021-06-16 09:45:30,4122.95,43128
2021-06-16 09:45:31,4122.95,43128
2021-06-16 09:45:33,4123.5,43132
2021-06-16 09:45:34,4122.85,43168
2021-06-16 09:45:35,4122.8,43175
2021-06-16 09:45:36,4122.25,43202
2021-06-16 09:45:38,4122.25,43202
2021-06-16 09:45:39,4122.0,43232
2021-06-16 09:45:40,4120.05,43297
2021-06-16 09:45:42,4120.1,43298
2021-06-16 09:45:43,4120.1,43298
2021-06-16 09:45:44,4121.95,43315
2021-06-16 09:45:45,4121.95,43315
2021-06-16 09:45:46,4121.95,43319
2021-06-16 09:45:47,4121.95,43319
2021-06-16 09:45:48,4121.95,43319
2021-06-16 09:45:49,4121.95,43325
2021-06-16 09:45:50,4121.95,43325
2021-06-16 09:45:51,4122.0,43351
2021-06-16 09:45:51,4122.0,43351
2021-06-16 09:45:53,4122.0,43351
2021-06-16 09:45:54,4121.15,43352
2021-06-16 09:45:55,4121.65,43382
2021-06-16 09:45:56,4121.65,43382
2021-06-16 09:45:57,4121.65,43382
2021-06-16 09:45:57,4121.65,43382
2021-06-16 09:45:59,4120.05,43385
2021-06-16 09:46:00,4120.05,43385
2021-06-16 09:46:01,4120.05,43385
2021-06-16 09:46:02,4120.05,43394
2021-06-16 09:46:03,4120.05,43394
2021-06-16 09:46:04,4120.05,43413
2021-06-16 09:46:05,4120.05,43413
2021-06-16 09:46:07,4120.05,43413
2021-06-16 09:46:08,4120.5,43424
2021-06-16 09:46:10,4120.5,43425
2021-06-16 09:46:11,4120.0,43523
2021-06-16 09:46:12,4120.0,43523
2021-06-16 09:46:13,4120.0,43523
2021-06-16 09:46:14,4120.0,43523
2021-06-16 09:46:15,4120.0,43523
2021-06-16 09:46:16,4120.0,43523
2021-06-16 09:46:17,4120.0,43523
2021-06-16 09:46:18,4120.0,43523
2021-06-16 09:46:19,4120.65,43527
2021-06-16 09:46:20,4120.65,43527
2021-06-16 09:46:21,4120.65,43527
2021-06-16 09:46:22,4120.65,43527
2021-06-16 09:46:23,4120.6,43553
2021-06-16 09:46:24,4120.65,43580
2021-06-16 09:46:25,4120.65,43580
2021-06-16 09:46:26,4120.65,43580
2021-06-16 09:46:27,4120.65,43580
2021-06-16 09:46:28,4120.65,43580
2021-06-16 09:46:30,4120.65,43601
2021-06-16 09:46:31,4120.65,43601
2021-06-16 09:46:32,4120.65,43601
2021-06-16 09:46:33,4120.65,43601
2021-06-16 09:46:34,4120.65,43601
2021-06-16 09:46:35,4120.65,43601
2021-06-16 09:46:36,4120.65,43601
2021-06-16 09:46:37,4120.65,43603
2021-06-16 09:46:38,4120.65,43606
2021-06-16 09:46:39,4120.65,43610
2021-06-16 09:46:40,4120.65,43610
2021-06-16 09:46:41,4121.0,43742
2021-06-16 09:46:42,4121.0,43742
2021-06-16 09:46:43,4121.0,43742
2021-06-16 09:46:44,4121.0,43742
2021-06-16 09:46:45,4121.0,43742
2021-06-16 09:46:46,4121.0,43742
2021-06-16 09:46:47,4121.0,43742
2021-06-16 09:46:48,4121.05,43744
2021-06-16 09:46:49,4121.05,43747
2021-06-16 09:46:50,4121.8,43757
2021-06-16 09:46:51,4121.8,43757
2021-06-16 09:46:52,4122.1,43759
2021-06-16 09:46:53,4122.1,43759
2021-06-16 09:46:54,4122.1,43759
2021-06-16 09:46:57,4121.05,43769
2021-06-16 09:46:58,4121.05,43769
2021-06-16 09:46:59,4121.4,43773
2021-06-16 09:47:00,4121.0,43903
2021-06-16 09:47:01,4121.0,43903
2021-06-16 09:47:02,4121.0,43903
2021-06-16 09:47:04,4120.35,44013
2021-06-16 09:47:06,4120.35,44013
2021-06-16 09:47:05,4120.35,44013
2021-06-16 09:47:07,4120.35,44013
2021-06-16 09:47:08,4120.35,44013
2021-06-16 09:47:10,4116.2,44396
2021-06-16 09:47:11,4116.1,44549
2021-06-16 09:47:12,4116.5,44551
2021-06-16 09:47:13,4116.5,44551
2021-06-16 09:47:14,4116.5,44551
2021-06-16 09:47:15,4116.5,44551
2021-06-16 09:47:16,4116.5,44551
2021-06-16 09:47:17,4115.85,44651
2021-06-16 09:47:18,4115.85,44651
2021-06-16 09:47:19,4116.5,44652
2021-06-16 09:47:20,4116.5,44652
2021-06-16 09:47:22,4116.5,44773
2021-06-16 09:47:23,4116.35,44777
2021-06-16 09:47:24,4116.35,44777
2021-06-16 09:47:25,4117.2,44811
2021-06-16 09:47:26,4117.5,44911
2021-06-16 09:47:27,4116.4,44918
2021-06-16 09:47:28,4116.4,44920
2021-06-16 09:47:29,4116.4,44967
2021-06-16 09:47:30,4116.4,44973
2021-06-16 09:47:31,4116.4,44973
2021-06-16 09:47:32,4116.4,44973
2021-06-16 09:47:34,4116.4,44973
2021-06-16 09:47:35,4115.9,45179
2021-06-16 09:47:36,4115.9,45180
2021-06-16 09:47:38,4115.9,45180
2021-06-16 09:47:39,4115.9,45180
2021-06-16 09:47:40,4117.5,45181
2021-06-16 09:47:41,4117.5,45181
2021-06-16 09:47:42,4117.9,45207
2021-06-16 09:47:43,4117.95,45233
2021-06-16 09:47:44,4117.95,45233
2021-06-16 09:47:45,4117.95,45233
2021-06-16 09:47:46,4117.55,45334
2021-06-16 09:47:48,4117.55,45334
2021-06-16 09:47:50,4117.1,45429
2021-06-16 09:47:51,4117.4,45520
2021-06-16 09:47:52,4117.4,45520
2021-06-16 09:47:53,4117.4,45520
2021-06-16 09:47:54,4117.4,45520
2021-06-16 09:47:58,4117.45,45686
2021-06-16 09:47:59,4117.7,45689
2021-06-16 09:48:00,4117.7,45689
2021-06-16 09:48:01,4117.7,45689
2021-06-16 09:48:02,4117.7,45689
2021-06-16 09:48:03,4117.45,45739
2021-06-16 09:48:04,4117.45,45739
2021-06-16 09:48:05,4117.7,45762
2021-06-16 09:48:06,4117.45,45764
2021-06-16 09:48:09,4117.7,45765
2021-06-16 09:48:10,4117.7,45769
2021-06-16 09:48:11,4117.7,45769
2021-06-16 09:48:13,4115.95,45809
2021-06-16 09:48:14,4116.1,45820
2021-06-16 09:48:15,4116.1,45820
2021-06-16 09:48:16,4116.1,45820
2021-06-16 09:48:18,4117.0,45846
2021-06-16 09:48:19,4117.0,45852
2021-06-16 09:48:20,4117.0,45852
2021-06-16 09:48:22,4118.0,46052
2021-06-16 09:48:22,4118.0,46052
2021-06-16 09:48:23,4118.0,46052
2021-06-16 09:48:24,4118.0,46052
2021-06-16 09:48:25,4116.65,46062
2021-06-16 09:48:26,4116.65,46062
2021-06-16 09:48:29,4116.65,46083
2021-06-16 09:48:30,4119.5,46086
2021-06-16 09:48:30,4119.5,46086
2021-06-16 09:48:31,4119.4,46093
2021-06-16 09:48:32,4119.4,46093
2021-06-16 09:48:33,4119.4,46243
2021-06-16 09:48:34,4119.6,46268
2021-06-16 09:48:35,4119.6,46268
2021-06-16 09:48:36,4119.6,46268
2021-06-16 09:48:37,4119.6,46268
2021-06-16 09:48:38,4118.1,46270
2021-06-16 09:48:39,4119.7,46274
2021-06-16 09:48:40,4119.7,46274
2021-06-16 09:48:41,4119.7,46274
2021-06-16 09:48:42,4120.4,46304
2021-06-16 09:48:44,4121.7,46314
2021-06-16 09:48:45,4121.7,46314
2021-06-16 09:48:45,4121.7,46314
2021-06-16 09:48:46,4120.05,46323
2021-06-16 09:48:47,4120.05,46323
2021-06-16 09:48:48,4120.05,46323
2021-06-16 09:48:50,4121.9,46330
2021-06-16 09:48:53,4121.9,46330
2021-06-16 09:48:54,4121.9,46332
2021-06-16 09:48:56,4121.9,46334
2021-06-16 09:48:57,4122.5,46536
2021-06-16 09:48:58,4122.5,46536
2021-06-16 09:48:59,4120.0,46544
2021-06-16 09:49:00,4120.0,46548
2021-06-16 09:49:01,4120.0,46548
2021-06-16 09:49:02,4120.0,46548
2021-06-16 09:49:02,4120.0,46548
2021-06-16 09:49:03,4120.0,46548
2021-06-16 09:49:04,4120.0,46548
2021-06-16 09:49:06,4120.0,46549
2021-06-16 09:49:07,4120.0,46549
2021-06-16 09:49:08,4120.0,46599
2021-06-16 09:49:09,4120.0,46604
2021-06-16 09:49:10,4120.0,46604
2021-06-16 09:49:11,4120.0,46604
2021-06-16 09:49:12,4120.0,46604
2021-06-16 09:49:13,4119.25,46624
2021-06-16 09:49:14,4119.25,46624
2021-06-16 09:49:15,4119.25,46624
2021-06-16 09:49:16,4119.25,46624
2021-06-16 09:49:17,4115.9,47610
2021-06-16 09:49:19,4115.9,47682
2021-06-16 09:49:20,4115.9,47682
2021-06-16 09:49:21,4115.9,47682
2021-06-16 09:49:22,4115.9,47682
2021-06-16 09:49:24,4115.9,47682
2021-06-16 09:49:25,4115.9,47682
2021-06-16 09:49:26,4115.9,47682
2021-06-16 09:49:27,4115.95,47684
2021-06-16 09:49:28,4115.95,47751
2021-06-16 09:49:29,4115.95,47804
2021-06-16 09:49:30,4116.0,47807
2021-06-16 09:49:31,4116.0,47807
2021-06-16 09:49:32,4116.0,47807
2021-06-16 09:49:33,4116.0,47811
2021-06-16 09:49:34,4116.0,47811
2021-06-16 09:49:34,4116.0,47811
2021-06-16 09:49:35,4116.0,47813
2021-06-16 09:49:36,4116.0,47915
2021-06-16 09:49:37,4115.9,47930
2021-06-16 09:49:38,4115.9,47930
2021-06-16 09:49:39,4116.0,47934
2021-06-16 09:49:40,4116.0,47936
2021-06-16 09:49:41,4116.0,47936
2021-06-16 09:49:42,4116.0,47936
2021-06-16 09:49:44,4115.9,48051
2021-06-16 09:49:45,4115.9,48051
2021-06-16 09:49:46,4115.4,48230
2021-06-16 09:49:47,4112.7,48849
2021-06-16 09:49:48,4112.7,48849
2021-06-16 09:49:49,4112.25,48969
2021-06-16 09:49:50,4112.25,48969
2021-06-16 09:49:50,4112.25,48969
2021-06-16 09:49:51,4112.25,48969
2021-06-16 09:49:52,4112.05,48976
2021-06-16 09:49:53,4112.05,48976
2021-06-16 09:49:55,4112.0,49031
2021-06-16 09:49:56,4112.0,49031
2021-06-16 09:49:59,4112.0,49031
2021-06-16 09:49:59,4112.25,49035
2021-06-16 09:50:00,4112.0,49055
2021-06-16 09:50:02,4112.25,49097
2021-06-16 09:50:03,4112.25,49097
2021-06-16 09:50:04,4112.25,49098
2021-06-16 09:50:06,4114.0,49398
2021-06-16 09:50:06,4114.0,49398
2021-06-16 09:50:07,4113.65,49406
2021-06-16 09:50:08,4114.0,49457
2021-06-16 09:50:09,4114.0,49462
2021-06-16 09:50:10,4114.0,49462
2021-06-16 09:50:11,4113.65,49557
2021-06-16 09:50:12,4112.0,49719
2021-06-16 09:50:13,4112.0,49722
2021-06-16 09:50:14,4114.0,49822
2021-06-16 09:50:15,4113.95,49824
2021-06-16 09:50:16,4113.95,49824
2021-06-16 09:50:17,4113.95,49824
2021-06-16 09:50:18,4113.95,49833
2021-06-16 09:50:22,4112.3,49853
2021-06-16 09:50:23,4113.65,49856
2021-06-16 09:50:25,4113.0,49877
2021-06-16 09:50:26,4113.0,49877
2021-06-16 09:50:28,4113.0,49877
2021-06-16 09:50:29,4113.0,49878
2021-06-16 09:50:30,4113.0,50133
2021-06-16 09:50:31,4113.0,50133
2021-06-16 09:50:32,4113.0,50133
2021-06-16 09:50:34,4113.0,50159
2021-06-16 09:50:34,4113.0,50159
2021-06-16 09:50:35,4112.0,50179
2021-06-16 09:50:36,4112.0,50179
2021-06-16 09:50:37,4112.0,50179
2021-06-16 09:50:38,4112.0,50179
2021-06-16 09:50:39,4112.0,50179
2021-06-16 09:50:40,4112.05,50187
2021-06-16 09:50:41,4113.0,50197
2021-06-16 09:50:42,4112.05,50198
2021-06-16 09:50:43,4112.05,50198
2021-06-16 09:50:44,4112.05,50198
2021-06-16 09:50:46,4112.05,50198
2021-06-16 09:50:47,4112.05,50198
2021-06-16 09:50:48,4112.5,50210
2021-06-16 09:50:49,4112.5,50210
2021-06-16 09:50:50,4113.0,50216
2021-06-16 09:50:51,4113.0,50216
2021-06-16 09:50:52,4112.5,50217
2021-06-16 09:50:53,4112.5,50217
2021-06-16 09:50:54,4112.5,50219
2021-06-16 09:50:55,4112.55,50221
2021-06-16 09:50:57,4112.5,50322
2021-06-16 09:50:58,4113.0,50330
2021-06-16 09:50:59,4113.0,50330
2021-06-16 09:50:59,4113.0,50334
2021-06-16 09:51:00,4113.0,50334
2021-06-16 09:51:01,4113.0,50341
2021-06-16 09:51:03,4112.5,50344
2021-06-16 09:51:04,4112.5,50346
2021-06-16 09:51:05,4112.5,50346
2021-06-16 09:51:06,4112.55,50347
2021-06-16 09:51:06,4112.5,50346
2021-06-16 09:51:07,4112.55,50347
2021-06-16 09:51:08,4112.55,50347
2021-06-16 09:51:09,4113.0,50352
2021-06-16 09:51:10,4113.0,50480
2021-06-16 09:51:11,4112.5,50481
2021-06-16 09:51:12,4112.5,50481
2021-06-16 09:51:14,4112.5,50481
2021-06-16 09:51:15,4112.5,50481
2021-06-16 09:51:15,4112.5,50481
2021-06-16 09:51:16,4112.5,50481
2021-06-16 09:51:17,4112.5,50481
2021-06-16 09:51:18,4112.5,50481
2021-06-16 09:51:20,4113.0,50490
2021-06-16 09:51:21,4112.0,51174
2021-06-16 09:51:21,4112.0,51174
2021-06-16 09:51:23,4112.0,51174
2021-06-16 09:51:25,4112.0,51174
2021-06-16 09:51:26,4112.0,51174
2021-06-16 09:51:27,4112.0,51174
2021-06-16 09:51:28,4112.0,51194
2021-06-16 09:51:29,4112.95,51199
2021-06-16 09:51:30,4112.95,51199
2021-06-16 09:51:32,4112.95,51199
2021-06-16 09:51:33,4112.95,51209
2021-06-16 09:51:35,4112.95,51209
2021-06-16 09:51:36,4112.95,51209
2021-06-16 09:51:36,4112.95,51209
2021-06-16 09:51:39,4112.95,51318
2021-06-16 09:51:39,4112.95,51318
2021-06-16 09:51:40,4112.0,51328
2021-06-16 09:51:42,4112.0,51355
2021-06-16 09:51:42,4112.0,51358
2021-06-16 09:51:44,4112.0,51363
2021-06-16 09:51:45,4112.0,51363
2021-06-16 09:51:46,4112.0,51364
2021-06-16 09:51:47,4112.5,51365
2021-06-16 09:51:48,4112.5,51365
2021-06-16 09:51:49,4112.5,51365
2021-06-16 09:51:50,4112.5,51378
2021-06-16 09:51:51,4112.5,51378
2021-06-16 09:51:52,4112.5,51378
2021-06-16 09:51:53,4112.5,51467
2021-06-16 09:51:54,4111.45,51810
2021-06-16 09:51:54,4111.45,51810
2021-06-16 09:51:55,4112.0,51822
2021-06-16 09:51:57,4112.0,51897
2021-06-16 09:51:58,4112.0,51897
2021-06-16 09:51:59,4112.9,51914
2021-06-16 09:52:00,4113.0,51959
2021-06-16 09:52:01,4113.0,51959
2021-06-16 09:52:02,4113.0,51959
2021-06-16 09:52:03,4112.0,51964
2021-06-16 09:52:04,4113.0,51974
2021-06-16 09:52:05,4113.6,52124
2021-06-16 09:52:06,4113.6,52124
2021-06-16 09:52:07,4113.6,52124
2021-06-16 09:52:08,4113.6,52124
2021-06-16 09:52:09,4112.05,52127
2021-06-16 09:52:10,4112.05,52127
2021-06-16 09:52:12,4112.05,52127
2021-06-16 09:52:14,4113.8,52134
2021-06-16 09:52:16,4112.15,52136
2021-06-16 09:52:17,4111.6,52555
2021-06-16 09:52:17,4111.6,52555
2021-06-16 09:52:18,4112.6,52556
2021-06-16 09:52:20,4111.0,52719
2021-06-16 09:52:21,4111.0,52719
2021-06-16 09:52:22,4111.0,52719
2021-06-16 09:52:23,4113.0,52720
2021-06-16 09:52:24,4113.0,52736
2021-06-16 09:52:24,4113.0,52736
2021-06-16 09:52:25,4110.0,54201
2021-06-16 09:52:26,4108.15,54208
2021-06-16 09:52:28,4108.15,54208
2021-06-16 09:52:29,4110.0,54261
2021-06-16 09:52:30,4110.0,54262
2021-06-16 09:52:31,4110.0,54267
2021-06-16 09:52:32,4108.15,54307
2021-06-16 09:52:33,4108.0,54312
2021-06-16 09:52:34,4108.0,54312
2021-06-16 09:52:35,4109.85,54314
2021-06-16 09:52:36,4109.85,54314
2021-06-16 09:52:37,4109.85,54314
2021-06-16 09:52:38,4108.0,54364
2021-06-16 09:52:39,4109.5,54406
2021-06-16 09:52:40,4109.5,54406
2021-06-16 09:52:41,4109.5,54406
2021-06-16 09:52:42,4109.0,54411
2021-06-16 09:52:43,4108.05,54412
2021-06-16 09:52:44,4108.05,54412
2021-06-16 09:52:45,4108.05,54412
2021-06-16 09:52:45,4108.05,54412
2021-06-16 09:52:46,4109.0,54417
2021-06-16 09:52:47,4108.0,54501
2021-06-16 09:52:48,4108.05,54502
2021-06-16 09:52:49,4109.0,54507
2021-06-16 09:52:51,4108.05,54517
2021-06-16 09:52:52,4108.05,54517
2021-06-16 09:52:53,4108.05,54519
2021-06-16 09:52:53,4109.0,54535
2021-06-16 09:52:54,4109.0,54535
2021-06-16 09:52:56,4109.0,54550
2021-06-16 09:52:57,4108.05,54600
2021-06-16 09:52:58,4108.05,54600
2021-06-16 09:53:00,4108.05,54601
2021-06-16 09:53:02,4108.05,54601
2021-06-16 09:53:03,4108.05,54601
2021-06-16 09:53:04,4108.05,54601
2021-06-16 09:53:05,4109.0,54608
2021-06-16 09:53:06,4108.05,54628
2021-06-16 09:53:06,4108.05,54628
2021-06-16 09:53:07,4108.05,54628
2021-06-16 09:53:08,4108.05,54628
2021-06-16 09:53:09,4109.0,54636
2021-06-16 09:53:10,4109.0,54636
2021-06-16 09:53:12,4109.0,54636
2021-06-16 09:53:13,4109.0,54636
2021-06-16 09:53:14,4109.0,54636
2021-06-16 09:53:14,4109.0,54636
2021-06-16 09:53:16,4109.0,54636
2021-06-16 09:53:16,4109.0,54636
2021-06-16 09:53:18,4109.0,54640
2021-06-16 09:53:18,4109.0,54640
2021-06-16 09:53:19,4109.0,54644
2021-06-16 09:53:20,4109.0,54644
2021-06-16 09:53:21,4109.0,54649
2021-06-16 09:53:23,4112.25,55175
2021-06-16 09:53:24,4112.25,55175
2021-06-16 09:53:25,4108.8,55425
2021-06-16 09:53:26,4108.8,55425
2021-06-16 09:53:27,4110.05,55450
2021-06-16 09:53:28,4110.05,55450
2021-06-16 09:53:28,4110.05,55450
2021-06-16 09:53:29,4110.05,55450
2021-06-16 09:53:30,4110.05,55450
2021-06-16 09:53:31,4110.05,55450
2021-06-16 09:53:32,4110.35,55451
2021-06-16 09:53:33,4110.2,55455
2021-06-16 09:53:34,4112.05,55470
2021-06-16 09:53:35,4112.05,55470
2021-06-16 09:53:36,4112.05,55470
2021-06-16 09:53:37,4112.1,55583
2021-06-16 09:53:39,4112.4,55598
2021-06-16 09:53:41,4112.4,55605
2021-06-16 09:53:42,4110.6,55606
2021-06-16 09:53:43,4110.6,55606
2021-06-16 09:53:44,4110.6,55606
2021-06-16 09:53:45,4110.6,55606
2021-06-16 09:53:45,4110.6,55606
2021-06-16 09:53:46,4110.6,55606
2021-06-16 09:53:48,4112.4,55616
2021-06-16 09:53:49,4112.4,55622
2021-06-16 09:53:50,4112.4,55638
2021-06-16 09:53:51,4112.4,55638
2021-06-16 09:53:52,4112.4,55662
2021-06-16 09:53:53,4113.7,55732
2021-06-16 09:53:54,4111.4,55733
2021-06-16 09:53:54,4111.4,55733
2021-06-16 09:53:56,4113.2,56033
2021-06-16 09:53:58,4113.2,56033
2021-06-16 09:53:59,4113.2,56033
2021-06-16 09:53:59,4113.2,56033
2021-06-16 09:54:00,4113.2,56033
2021-06-16 09:54:01,4113.2,56033
2021-06-16 09:54:02,4113.2,56033
2021-06-16 09:54:03,4113.2,56033
2021-06-16 09:54:05,4113.2,56033
2021-06-16 09:54:05,4113.2,56033
2021-06-16 09:54:07,4113.75,56066
2021-06-16 09:54:08,4113.75,56066
2021-06-16 09:54:09,4113.9,56071
2021-06-16 09:54:11,4113.2,56081
2021-06-16 09:54:12,4113.2,56081
2021-06-16 09:54:13,4113.2,56081
2021-06-16 09:54:14,4113.2,56081
2021-06-16 09:54:15,4113.9,56082
2021-06-16 09:54:16,4114.0,56124
2021-06-16 09:54:17,4114.0,56338
2021-06-16 09:54:17,4114.0,56338
2021-06-16 09:54:18,4114.0,56396
2021-06-16 09:54:19,4114.0,56400
2021-06-16 09:54:20,4114.0,56433
2021-06-16 09:54:21,4114.0,56433
2021-06-16 09:54:22,4114.0,56447
2021-06-16 09:54:23,4114.0,56447
2021-06-16 09:54:24,4114.0,56462
2021-06-16 09:54:25,4114.0,56462
2021-06-16 09:54:26,4114.0,56462
2021-06-16 09:54:28,4113.95,56508
2021-06-16 09:54:27,4114.0,56502
2021-06-16 09:54:29,4114.0,56513
2021-06-16 09:54:30,4114.0,56513
2021-06-16 09:54:31,4114.0,56513
2021-06-16 09:54:32,4114.0,56513
2021-06-16 09:54:34,4114.0,56513
2021-06-16 09:54:35,4114.0,56513
2021-06-16 09:54:36,4114.0,56513
2021-06-16 09:54:38,4114.0,56514
2021-06-16 09:54:39,4114.0,56518
2021-06-16 09:54:40,4114.0,56519
2021-06-16 09:54:41,4114.0,56519
2021-06-16 09:54:43,4114.0,56519
2021-06-16 09:54:44,4114.0,56519
2021-06-16 09:54:45,4114.0,56844
2021-06-16 09:54:46,4114.0,56844
2021-06-16 09:54:47,4114.0,56844
2021-06-16 09:54:48,4114.0,56844
2021-06-16 09:54:49,4115.6,56910
2021-06-16 09:54:50,4116.4,56925
2021-06-16 09:54:51,4116.4,56925
2021-06-16 09:54:51,4116.4,56925
2021-06-16 09:54:52,4116.4,56925
2021-06-16 09:54:53,4116.4,56925
2021-06-16 09:54:55,4116.4,56925
2021-06-16 09:54:56,4117.0,56929
2021-06-16 09:54:57,4117.0,56929
2021-06-16 09:54:58,4117.0,56929
2021-06-16 09:54:59,4117.0,56933
2021-06-16 09:55:00,4117.0,56933
2021-06-16 09:55:00,4117.0,56933
2021-06-16 09:55:01,4117.0,56933
2021-06-16 09:55:02,4117.0,56933
2021-06-16 09:55:03,4115.65,56935
2021-06-16 09:55:05,4117.5,56938
2021-06-16 09:55:06,4115.6,56943
2021-06-16 09:55:07,4115.6,56943
2021-06-16 09:55:08,4115.4,57096
2021-06-16 09:55:09,4115.4,57096
2021-06-16 09:55:10,4115.5,57097
2021-06-16 09:55:11,4115.45,57100
2021-06-16 09:55:12,4115.45,57100
2021-06-16 09:55:15,4115.45,57100
2021-06-16 09:55:16,4115.4,57110
2021-06-16 09:55:17,4115.4,57110
2021-06-16 09:55:19,4115.4,57110
2021-06-16 09:55:20,4116.1,57137
2021-06-16 09:55:20,4116.1,57137
2021-06-16 09:55:23,4116.1,57145
2021-06-16 09:55:24,4117.0,57146
2021-06-16 09:55:25,4117.0,57146
2021-06-16 09:55:26,4117.0,57146
2021-06-16 09:55:27,4117.0,57146
2021-06-16 09:55:28,4117.0,57146
2021-06-16 09:55:29,4117.0,57151
2021-06-16 09:55:29,4117.0,57151
2021-06-16 09:55:31,4117.0,57151
2021-06-16 09:55:32,4117.0,57151
2021-06-16 09:55:33,4117.0,57151
2021-06-16 09:55:34,4117.0,57151
2021-06-16 09:55:35,4117.0,57151
2021-06-16 09:55:36,4117.0,57151
2021-06-16 09:55:37,4117.0,57151
2021-06-16 09:55:38,4117.0,57151
2021-06-16 09:55:39,4116.95,57155
2021-06-16 09:55:40,4116.95,57155
2021-06-16 09:55:41,4116.95,57155
2021-06-16 09:55:42,4115.5,57156
2021-06-16 09:55:43,4115.5,57156
2021-06-16 09:55:44,4115.5,57156
2021-06-16 09:55:45,4115.5,57156
2021-06-16 09:55:46,4115.5,57156
2021-06-16 09:55:47,4115.5,57156
2021-06-16 09:55:48,4115.5,57156
2021-06-16 09:55:49,4116.75,57162
2021-06-16 09:55:50,4116.75,57182
2021-06-16 09:55:51,4116.75,57183
2021-06-16 09:55:52,4116.75,57183
2021-06-16 09:55:52,4116.75,57183
2021-06-16 09:55:54,4116.75,57183
2021-06-16 09:55:56,4116.75,57188
2021-06-16 09:55:58,4116.75,57188
2021-06-16 09:55:59,4116.75,57192
2021-06-16 09:56:00,4116.75,57192
2021-06-16 09:56:01,4116.75,57192
2021-06-16 09:56:02,4116.75,57192
2021-06-16 09:56:03,4115.4,57193
2021-06-16 09:56:04,4115.4,57193
2021-06-16 09:56:05,4115.4,57193
2021-06-16 09:56:05,4115.4,57193
2021-06-16 09:56:06,4115.4,57193
2021-06-16 09:56:08,4115.4,57193
2021-06-16 09:56:09,4116.75,57197
2021-06-16 09:56:10,4116.75,57198
2021-06-16 09:56:11,4116.75,57198
2021-06-16 09:56:11,4116.9,57199
2021-06-16 09:56:12,4116.9,57199
2021-06-16 09:56:14,4116.9,57199
2021-06-16 09:56:15,4116.9,57199
2021-06-16 09:56:16,4116.9,57199
2021-06-16 09:56:17,4116.9,57199
2021-06-16 09:56:19,4116.9,57203
2021-06-16 09:56:20,4116.9,57203
2021-06-16 09:56:21,4116.9,57208
2021-06-16 09:56:22,4116.1,57233
2021-06-16 09:56:22,4116.9,57241
2021-06-16 09:56:23,4116.9,57241
2021-06-16 09:56:24,4116.9,57241
2021-06-16 09:56:26,4116.9,57241
2021-06-16 09:56:27,4116.9,57251
2021-06-16 09:56:28,4116.9,57251
2021-06-16 09:56:31,4116.9,57256
2021-06-16 09:56:32,4116.9,57256
2021-06-16 09:56:33,4116.9,57266
2021-06-16 09:56:35,4116.0,57267
2021-06-16 09:56:34,4116.9,57266
2021-06-16 09:56:36,4116.0,57267
2021-06-16 09:56:37,4116.9,57272
2021-06-16 09:56:38,4116.9,57272
2021-06-16 09:56:39,4116.9,57276
2021-06-16 09:56:40,4116.9,57276
2021-06-16 09:56:41,4116.9,57276
2021-06-16 09:56:42,4116.0,57278
2021-06-16 09:56:43,4116.0,57278
2021-06-16 09:56:44,4116.0,57278
2021-06-16 09:56:45,4116.9,57281
2021-06-16 09:56:46,4116.9,57281
2021-06-16 09:56:47,4116.9,57281
2021-06-16 09:56:48,4116.9,57282
2021-06-16 09:56:49,4116.9,57282
2021-06-16 09:56:50,4116.9,57288
2021-06-16 09:56:51,4116.9,57288
2021-06-16 09:56:52,4116.9,57288
2021-06-16 09:56:53,4116.9,57288
2021-06-16 09:56:54,4116.9,57288
2021-06-16 09:56:55,4113.9,58903
2021-06-16 09:56:56,4113.9,58903
2021-06-16 09:56:57,4113.9,58903
2021-06-16 09:56:59,4113.9,58903
2021-06-16 09:57:00,4113.9,58903
2021-06-16 09:57:01,4113.9,58903
2021-06-16 09:57:02,4113.9,58903
2021-06-16 09:57:03,4114.0,58906
2021-06-16 09:57:04,4112.2,58914
2021-06-16 09:57:06,4112.2,58914
2021-06-16 09:57:07,4112.2,58914
2021-06-16 09:57:09,4113.9,58915
2021-06-16 09:57:10,4114.0,58920
2021-06-16 09:57:11,4114.0,58920
2021-06-16 09:57:12,4114.0,58920
2021-06-16 09:57:13,4114.0,58920
2021-06-16 09:57:14,4114.0,58920
2021-06-16 09:57:15,4114.0,58920
2021-06-16 09:57:16,4114.0,58920
2021-06-16 09:57:18,4114.0,58920
2021-06-16 09:57:19,4114.0,58924
2021-06-16 09:57:20,4114.0,58924
2021-06-16 09:57:21,4114.0,58934
2021-06-16 09:57:22,4114.8,58985
2021-06-16 09:57:23,4114.8,58985
2021-06-16 09:57:24,4114.8,58985
2021-06-16 09:57:26,4114.8,58985
2021-06-16 09:57:27,4113.9,58988
2021-06-16 09:57:28,4113.9,58988
2021-06-16 09:57:29,4115.0,58993
2021-06-16 09:57:30,4115.0,58993
2021-06-16 09:57:31,4115.0,58993
2021-06-16 09:57:32,4115.0,58993
2021-06-16 09:57:33,4115.0,58993
2021-06-16 09:57:34,4115.0,58993
2021-06-16 09:57:35,4115.0,58993
2021-06-16 09:57:36,4115.0,58993
2021-06-16 09:57:37,4115.0,58993
2021-06-16 09:57:38,4116.4,59062
2021-06-16 09:57:39,4116.8,59066
2021-06-16 09:57:40,4116.8,59066
2021-06-16 09:57:41,4116.8,59067
2021-06-16 09:57:42,4116.8,59067
2021-06-16 09:57:43,4115.05,59068
2021-06-16 09:57:44,4115.05,59068
2021-06-16 09:57:46,4116.85,59080
2021-06-16 09:57:47,4116.85,59080
2021-06-16 09:57:48,4115.05,59085
2021-06-16 09:57:49,4115.6,59086
2021-06-16 09:57:50,4115.6,59086
2021-06-16 09:57:51,4115.6,59086
2021-06-16 09:57:52,4115.6,59086
2021-06-16 09:57:53,4115.6,59136
2021-06-16 09:57:54,4115.6,59136
2021-06-16 09:57:55,4115.6,59136
2021-06-16 09:57:56,4115.0,59138
2021-06-16 09:57:57,4115.0,59138
2021-06-16 09:57:58,4115.0,59138
2021-06-16 09:57:59,4116.4,59142
2021-06-16 09:58:00,4116.4,59142
2021-06-16 09:58:01,4116.4,59142
2021-06-16 09:58:02,4116.4,59142
2021-06-16 09:58:03,4116.4,59144
2021-06-16 09:58:04,4115.6,59145
2021-06-16 09:58:05,4115.6,59145
2021-06-16 09:58:06,4115.6,59145
2021-06-16 09:58:07,4115.6,59145
2021-06-16 09:58:08,4115.6,59145
2021-06-16 09:58:09,4116.4,59150
2021-06-16 09:58:11,4115.1,59155
2021-06-16 09:58:12,4115.1,59155
2021-06-16 09:58:13,4115.05,59156
2021-06-16 09:58:14,4115.05,59156
2021-06-16 09:58:15,4115.05,59156
2021-06-16 09:58:16,4115.05,59156
2021-06-16 09:58:17,4115.05,59156
2021-06-16 09:58:18,4115.05,59156
2021-06-16 09:58:19,4115.05,59156
2021-06-16 09:58:20,4114.55,59224
2021-06-16 09:58:21,4114.55,59224
2021-06-16 09:58:22,4114.55,59224
2021-06-16 09:58:23,4114.55,59224
2021-06-16 09:58:24,4115.1,59233
2021-06-16 09:58:25,4115.1,59233
2021-06-16 09:58:26,4115.1,59236
2021-06-16 09:58:27,4115.1,59236
2021-06-16 09:58:28,4115.1,59236
2021-06-16 09:58:29,4116.4,59241
2021-06-16 09:58:30,4115.1,59242
2021-06-16 09:58:31,4115.1,59242
2021-06-16 09:58:32,4115.1,59242
2021-06-16 09:58:33,4115.1,59242
2021-06-16 09:58:34,4115.1,59242
2021-06-16 09:58:36,4115.1,59242
2021-06-16 09:58:38,4115.1,59267
2021-06-16 09:58:39,4115.1,59267
2021-06-16 09:58:40,4115.1,59267
2021-06-16 09:58:41,4115.15,59269
2021-06-16 09:58:43,4117.2,59369
2021-06-16 09:58:43,4117.2,59369
2021-06-16 09:58:45,4117.2,59369
2021-06-16 09:58:46,4117.2,59369
2021-06-16 09:58:46,4117.2,59369
2021-06-16 09:58:47,4117.2,59369
2021-06-16 09:58:48,4117.2,59369
2021-06-16 09:58:49,4117.2,59376
2021-06-16 09:58:50,4117.2,59376
2021-06-16 09:58:51,4117.2,59376
2021-06-16 09:58:52,4116.7,59377
2021-06-16 09:58:53,4116.7,59378
2021-06-16 09:58:55,4116.0,59383
2021-06-16 09:58:56,4116.0,59383
2021-06-16 09:58:56,4116.0,59383
2021-06-16 09:58:58,4114.2,59412
2021-06-16 09:58:59,4114.2,59412
2021-06-16 09:59:00,4114.2,59412
2021-06-16 09:59:01,4115.1,59445
2021-06-16 09:59:02,4115.1,59445
2021-06-16 09:59:03,4115.15,59447
2021-06-16 09:59:04,4115.15,59447
2021-06-16 09:59:05,4114.25,59467
2021-06-16 09:59:06,4114.25,59467
2021-06-16 09:59:07,4114.25,59467
2021-06-16 09:59:08,4114.25,59467
2021-06-16 09:59:09,4116.0,59472
2021-06-16 09:59:10,4116.0,59472
2021-06-16 09:59:11,4116.0,59472
2021-06-16 09:59:12,4116.0,59472
2021-06-16 09:59:14,4116.0,59472
2021-06-16 09:59:15,4116.0,59472
2021-06-16 09:59:15,4116.0,59472
2021-06-16 09:59:16,4116.0,59472
2021-06-16 09:59:17,4116.0,59472
2021-06-16 09:59:18,4115.15,59473
2021-06-16 09:59:19,4116.0,59474
2021-06-16 09:59:21,4116.0,59474
2021-06-16 09:59:21,4117.0,59479
2021-06-16 09:59:22,4117.0,59496
2021-06-16 09:59:25,4117.15,59499
2021-06-16 09:59:25,4117.15,59499
2021-06-16 09:59:27,4117.15,59499
2021-06-16 09:59:27,4117.15,59499
2021-06-16 09:59:28,4117.15,59499
2021-06-16 09:59:29,4117.15,59502
2021-06-16 09:59:31,4117.15,59524
2021-06-16 09:59:32,4117.15,59524
2021-06-16 09:59:33,4117.15,59524
2021-06-16 09:59:34,4117.15,59524
2021-06-16 09:59:35,4117.15,59524
2021-06-16 09:59:36,4117.15,59524
2021-06-16 09:59:37,4117.15,59524
2021-06-16 09:59:39,4117.15,59528
2021-06-16 09:59:40,4117.15,59528
2021-06-16 09:59:41,4114.2,59629
2021-06-16 09:59:42,4116.6,59634
2021-06-16 09:59:43,4116.6,59634
2021-06-16 09:59:44,4116.6,59634
2021-06-16 09:59:45,4116.6,59634
2021-06-16 09:59:46,4116.6,59634
2021-06-16 09:59:47,4116.6,59634
2021-06-16 09:59:48,4116.6,59634
2021-06-16 09:59:49,4116.6,59650
2021-06-16 09:59:50,4116.6,59650
2021-06-16 09:59:52,4116.6,59650
2021-06-16 09:59:52,4116.6,59650
2021-06-16 09:59:53,4116.6,59650
2021-06-16 09:59:54,4116.6,59650
2021-06-16 09:59:55,4116.15,59651
2021-06-16 09:59:56,4116.15,59651
2021-06-16 09:59:57,4116.15,59651
2021-06-16 09:59:58,4116.15,59651
2021-06-16 09:59:59,4117.05,59655
2021-06-16 10:00:00,4115.95,59755
2021-06-16 10:00:01,4115.95,59770
2021-06-16 10:00:02,4115.95,59770
2021-06-16 10:00:04,4115.95,59770
2021-06-16 10:00:04,4115.95,59770
2021-06-16 10:00:05,4115.95,59770
2021-06-16 10:00:06,4115.95,59770
2021-06-16 10:00:07,4115.95,59770
2021-06-16 10:00:08,4115.95,59770
2021-06-16 10:00:09,4116.8,59775
2021-06-16 10:00:10,4116.8,59775
2021-06-16 10:00:11,4116.8,59775
2021-06-16 10:00:14,4116.8,59775
2021-06-16 10:00:15,4116.8,59785
2021-06-16 10:00:16,4116.8,59785
2021-06-16 10:00:17,4116.8,59789
2021-06-16 10:00:17,4116.8,59789
2021-06-16 10:00:18,4117.05,59799
2021-06-16 10:00:19,4117.05,59804
2021-06-16 10:00:20,4117.05,59804
2021-06-16 10:00:21,4117.05,59804
2021-06-16 10:00:22,4117.05,59808
2021-06-16 10:00:23,4117.05,59808
2021-06-16 10:00:24,4115.95,59809
2021-06-16 10:00:26,4115.95,59809
2021-06-16 10:00:27,4115.95,59809
2021-06-16 10:00:29,4115.95,59809
2021-06-16 10:00:30,4117.05,59810
2021-06-16 10:00:31,4117.05,59812
2021-06-16 10:00:32,4117.05,59812
2021-06-16 10:00:33,4117.05,59812
2021-06-16 10:00:34,4119.6,59889
2021-06-16 10:00:34,4119.55,59891
2021-06-16 10:00:35,4119.55,59891
2021-06-16 10:00:36,4119.55,59901
2021-06-16 10:00:37,4119.55,59901
2021-06-16 10:00:38,4119.55,59901
2021-06-16 10:00:40,4119.55,59905
2021-06-16 10:00:41,4119.55,59905
2021-06-16 10:00:42,4119.55,59905
2021-06-16 10:00:43,4119.55,59905
2021-06-16 10:00:44,4119.55,59905
2021-06-16 10:00:45,4119.55,59905
2021-06-16 10:00:46,4119.45,59906
2021-06-16 10:00:49,4118.15,59910
2021-06-16 10:00:50,4119.5,59915
2021-06-16 10:00:51,4119.55,59916
2021-06-16 10:00:52,4119.55,59916
2021-06-16 10:00:54,4119.55,59916
2021-06-16 10:00:54,4119.5,59920
2021-06-16 10:00:55,4119.5,59922
2021-06-16 10:00:57,4119.5,59922
2021-06-16 10:00:58,4118.15,59925
2021-06-16 10:00:59,4118.15,59925
2021-06-16 10:01:00,4118.15,59925
2021-06-16 10:01:02,4119.5,59942
2021-06-16 10:01:02,4119.5,59942
2021-06-16 10:01:03,4119.5,59952
2021-06-16 10:01:04,4119.5,59952
2021-06-16 10:01:05,4118.15,59953
2021-06-16 10:01:07,4118.15,59953
2021-06-16 10:01:08,4118.15,59953
2021-06-16 10:01:09,4118.15,59953
2021-06-16 10:01:09,4119.5,59958
2021-06-16 10:01:11,4118.15,59977
2021-06-16 10:01:12,4118.15,59977
2021-06-16 10:01:12,4118.15,59977
2021-06-16 10:01:13,4118.15,59977
2021-06-16 10:01:15,4118.15,59977
2021-06-16 10:01:15,4118.15,59977
2021-06-16 10:01:16,4119.0,60277
2021-06-16 10:01:18,4119.0,60277
2021-06-16 10:01:19,4119.0,60277
2021-06-16 10:01:19,4119.45,60281
2021-06-16 10:01:20,4119.45,60281
2021-06-16 10:01:23,4119.45,60281
2021-06-16 10:01:24,4119.45,60281
2021-06-16 10:01:26,4119.45,60303
2021-06-16 10:01:27,4119.45,60303
2021-06-16 10:01:28,4118.15,60304
2021-06-16 10:01:30,4119.5,60309
2021-06-16 10:01:33,4119.5,60310
2021-06-16 10:01:34,4119.5,60310
2021-06-16 10:01:34,4119.5,60310
2021-06-16 10:01:35,4119.5,60310
2021-06-16 10:01:36,4119.5,60336
2021-06-16 10:01:37,4119.5,60336
2021-06-16 10:01:38,4119.5,60336
2021-06-16 10:01:40,4119.5,60341
2021-06-16 10:01:41,4118.4,60346
2021-06-16 10:01:41,4118.4,60346
2021-06-16 10:01:42,4118.4,60346
2021-06-16 10:01:44,4118.15,60360
2021-06-16 10:01:45,4118.15,60360
2021-06-16 10:01:46,4118.15,60360
2021-06-16 10:01:46,4118.15,60360
2021-06-16 10:01:47,4118.15,60360
2021-06-16 10:01:49,4119.5,60366
2021-06-16 10:01:50,4119.5,60368
2021-06-16 10:01:53,4118.15,60369
2021-06-16 10:01:54,4118.15,60369
2021-06-16 10:01:54,4118.15,60369
2021-06-16 10:01:55,4118.15,60394
2021-06-16 10:01:56,4118.15,60434
2021-06-16 10:01:57,4118.15,60434
2021-06-16 10:01:59,4118.15,60441
2021-06-16 10:01:59,4119.3,60444
2021-06-16 10:02:00,4119.3,60444
2021-06-16 10:02:01,4119.3,60444
2021-06-16 10:02:02,4119.3,60444
2021-06-16 10:02:03,4119.3,60444
2021-06-16 10:02:05,4119.3,60444
2021-06-16 10:02:07,4119.3,60444
2021-06-16 10:02:08,4119.3,60444
2021-06-16 10:02:08,4119.3,60444
2021-06-16 10:02:09,4119.25,60449
2021-06-16 10:02:11,4118.5,60459
2021-06-16 10:02:12,4118.5,60459
2021-06-16 10:02:13,4118.5,60459
2021-06-16 10:02:14,4118.5,60459
2021-06-16 10:02:15,4118.5,60459
2021-06-16 10:02:17,4118.5,60459
2021-06-16 10:02:18,4118.5,60459
2021-06-16 10:02:20,4118.3,60463
2021-06-16 10:02:21,4118.3,60463
2021-06-16 10:02:21,4118.3,60483
2021-06-16 10:02:22,4118.3,60483
2021-06-16 10:02:23,4118.3,60483
2021-06-16 10:02:24,4118.3,60483
2021-06-16 10:02:25,4118.2,60503
2021-06-16 10:02:26,4118.3,60505
2021-06-16 10:02:29,4118.3,60510
2021-06-16 10:02:30,4118.3,60510
2021-06-16 10:02:31,4118.3,60510
2021-06-16 10:02:31,4118.3,60510
2021-06-16 10:02:32,4118.15,60511
2021-06-16 10:02:33,4118.15,60512
2021-06-16 10:02:34,4118.15,60512
2021-06-16 10:02:35,4118.15,60512
2021-06-16 10:02:36,4118.15,60512
2021-06-16 10:02:38,4118.15,60512
2021-06-16 10:02:41,4118.15,60530
2021-06-16 10:02:42,4118.15,60530
2021-06-16 10:02:43,4118.15,60530
2021-06-16 10:02:45,4118.15,60530
2021-06-16 10:02:47,4118.15,60530
2021-06-16 10:02:48,4117.95,60535
2021-06-16 10:02:49,4117.95,60535
2021-06-16 10:02:50,4117.95,60545
2021-06-16 10:02:51,4117.95,60545
2021-06-16 10:02:54,4117.95,60545
2021-06-16 10:02:55,4117.95,60545
2021-06-16 10:02:56,4117.95,60550
2021-06-16 10:02:56,4117.95,60550
2021-06-16 10:02:58,4117.95,60550
2021-06-16 10:02:59,4115.9,60557
2021-06-16 10:03:00,4115.9,60557
2021-06-16 10:03:02,4115.9,60557
2021-06-16 10:03:04,4115.9,60557
2021-06-16 10:03:05,4115.9,60557
2021-06-16 10:03:06,4117.0,60558
2021-06-16 10:03:06,4117.0,60558
2021-06-16 10:03:08,4117.0,60558
2021-06-16 10:03:09,4117.0,60558
2021-06-16 10:03:10,4117.5,60563
2021-06-16 10:03:11,4117.0,60582
2021-06-16 10:03:12,4117.0,60582
2021-06-16 10:03:13,4117.0,60582
2021-06-16 10:03:14,4117.0,60582
2021-06-16 10:03:15,4117.0,60582
2021-06-16 10:03:16,4117.0,60592
2021-06-16 10:03:17,4117.0,60592
2021-06-16 10:03:19,4117.0,60592
2021-06-16 10:03:20,4115.95,60593
2021-06-16 10:03:21,4115.95,60593
2021-06-16 10:03:23,4115.95,60593
2021-06-16 10:03:24,4116.85,60594
2021-06-16 10:03:27,4115.85,60614
2021-06-16 10:03:28,4115.85,60614
2021-06-16 10:03:28,4115.85,60614
2021-06-16 10:03:30,4115.85,60614
2021-06-16 10:03:31,4115.85,60614
2021-06-16 10:03:32,4116.0,60618
2021-06-16 10:03:33,4115.3,60643
2021-06-16 10:03:34,4115.3,60643
2021-06-16 10:03:35,4115.3,60643
2021-06-16 10:03:36,4115.85,60647
2021-06-16 10:03:37,4115.85,60647
2021-06-16 10:03:38,4115.85,60651
2021-06-16 10:03:39,4116.85,60655
2021-06-16 10:03:40,4115.3,60674
2021-06-16 10:03:41,4115.3,60674
2021-06-16 10:03:43,4115.3,60674
2021-06-16 10:03:45,4115.3,60674
2021-06-16 10:03:49,4115.35,60675
2021-06-16 10:03:50,4116.85,60681
2021-06-16 10:03:51,4116.85,60681
2021-06-16 10:03:52,4116.85,60681
2021-06-16 10:03:53,4117.2,60781
2021-06-16 10:03:54,4117.2,60781
2021-06-16 10:03:55,4117.2,60781
2021-06-16 10:03:56,4115.45,60801
2021-06-16 10:03:57,4115.4,60818
2021-06-16 10:03:59,4115.4,60820
2021-06-16 10:03:59,4115.3,60831
2021-06-16 10:04:01,4116.0,60835
2021-06-16 10:04:01,4116.0,60835
2021-06-16 10:04:02,4116.0,60835
2021-06-16 10:04:03,4116.0,60835
2021-06-16 10:04:04,4116.0,60835
2021-06-16 10:04:06,4116.0,60835
2021-06-16 10:04:07,4116.0,60835
2021-06-16 10:04:08,4116.0,60835
2021-06-16 10:04:09,4116.0,60835
2021-06-16 10:04:10,4116.0,60840
2021-06-16 10:04:11,4115.3,60859
2021-06-16 10:04:12,4115.3,60859
2021-06-16 10:04:13,4116.2,60884
2021-06-16 10:04:14,4116.2,60884
2021-06-16 10:04:15,4116.2,60884
2021-06-16 10:04:16,4116.2,60884
2021-06-16 10:04:17,4116.2,60884
2021-06-16 10:04:18,4116.2,60884
2021-06-16 10:04:20,4117.15,60888
2021-06-16 10:04:21,4117.15,60890
2021-06-16 10:04:22,4117.15,60891
2021-06-16 10:04:23,4117.15,60891
2021-06-16 10:04:24,4117.15,60891
2021-06-16 10:04:25,4117.15,60891
2021-06-16 10:04:25,4116.0,60897
2021-06-16 10:04:27,4115.8,60911
2021-06-16 10:04:27,4115.8,60911
2021-06-16 10:04:28,4115.8,60911
2021-06-16 10:04:29,4116.2,60914
2021-06-16 10:04:31,4116.2,60914
2021-06-16 10:04:32,4116.2,60914
2021-06-16 10:04:34,4116.2,60914
2021-06-16 10:04:37,4116.2,60914
2021-06-16 10:04:37,4116.2,60914
2021-06-16 10:04:39,4116.2,60918
2021-06-16 10:04:39,4116.2,60918
2021-06-16 10:04:41,4115.0,61014
2021-06-16 10:04:42,4115.0,61014
2021-06-16 10:04:43,4114.8,61155
2021-06-16 10:04:44,4114.2,61156
2021-06-16 10:04:45,4114.2,61156
2021-06-16 10:04:46,4114.2,61156
2021-06-16 10:04:47,4114.2,61156
2021-06-16 10:04:48,4114.2,61156
2021-06-16 10:04:49,4114.2,61156
2021-06-16 10:04:50,4114.8,61162
2021-06-16 10:04:51,4114.8,61162
2021-06-16 10:04:52,4114.8,61162
2021-06-16 10:04:55,4114.8,61162
2021-06-16 10:04:54,4114.8,61162
2021-06-16 10:04:56,4114.2,61182
2021-06-16 10:04:57,4114.8,61189
2021-06-16 10:04:58,4114.8,61189
2021-06-16 10:04:59,4115.3,61193
2021-06-16 10:05:00,4115.3,61193
2021-06-16 10:05:01,4114.8,61205
2021-06-16 10:05:02,4114.8,61205
2021-06-16 10:05:03,4114.8,61205
2021-06-16 10:05:04,4114.65,61206
2021-06-16 10:05:05,4114.65,61206
2021-06-16 10:05:06,4114.65,61216
2021-06-16 10:05:08,4114.65,61216
2021-06-16 10:05:09,4114.65,61221
2021-06-16 10:05:10,4114.65,61221
2021-06-16 10:05:11,4114.3,61240
2021-06-16 10:05:12,4114.2,61280
2021-06-16 10:05:14,4113.0,61292
2021-06-16 10:05:15,4113.0,61292
2021-06-16 10:05:16,4113.0,61292
2021-06-16 10:05:17,4113.0,61292
2021-06-16 10:05:18,4114.0,61295
2021-06-16 10:05:19,4114.25,61299
2021-06-16 10:05:20,4114.25,61299
2021-06-16 10:05:21,4113.0,61300
2021-06-16 10:05:21,4113.0,61300
2021-06-16 10:05:23,4113.0,61301
2021-06-16 10:05:24,4113.0,61301
2021-06-16 10:05:24,4113.0,61301
2021-06-16 10:05:25,4113.0,61331
2021-06-16 10:05:29,4114.25,61332
2021-06-16 10:05:30,4114.25,61332
2021-06-16 10:05:32,4113.0,61352
2021-06-16 10:05:33,4113.0,61352
2021-06-16 10:05:34,4113.0,61352
2021-06-16 10:05:35,4113.0,61358
2021-06-16 10:05:36,4113.0,61358
2021-06-16 10:05:37,4113.0,61358
2021-06-16 10:05:38,4113.0,61358
2021-06-16 10:05:38,4112.8,61368
2021-06-16 10:05:39,4113.0,61375
2021-06-16 10:05:40,4112.8,61393
2021-06-16 10:05:41,4112.8,61395
2021-06-16 10:05:42,4113.0,61396
2021-06-16 10:05:43,4113.0,61396
2021-06-16 10:05:45,4110.0,61622
2021-06-16 10:05:46,4110.0,61634
2021-06-16 10:05:47,4112.35,61689
2021-06-16 10:05:48,4110.55,61690
2021-06-16 10:05:49,4110.55,61690
2021-06-16 10:05:50,4110.55,61690
2021-06-16 10:05:51,4110.55,61690
2021-06-16 10:05:52,4110.55,61690
2021-06-16 10:05:53,4110.55,61690
2021-06-16 10:05:54,4110.55,61690
2021-06-16 10:05:55,4111.15,61710
2021-06-16 10:05:55,4111.15,61710
2021-06-16 10:05:56,4111.15,61710
2021-06-16 10:05:57,4111.15,61710
2021-06-16 10:05:59,4111.15,61710
2021-06-16 10:06:00,4111.15,61710
2021-06-16 10:06:00,4111.15,61710
2021-06-16 10:06:02,4111.15,61710
2021-06-16 10:06:03,4111.15,61710
2021-06-16 10:06:04,4111.15,61710
2021-06-16 10:06:06,4111.15,61710
2021-06-16 10:06:07,4111.15,61710
2021-06-16 10:06:08,4111.15,61710
2021-06-16 10:06:09,4112.4,61751
2021-06-16 10:06:10,4111.3,61772
2021-06-16 10:06:11,4111.3,61772
2021-06-16 10:06:12,4111.3,61772
2021-06-16 10:06:13,4111.3,61772
2021-06-16 10:06:14,4112.45,61773
2021-06-16 10:06:15,4112.45,61773
2021-06-16 10:06:17,4112.45,61773
2021-06-16 10:06:19,4112.95,61777
2021-06-16 10:06:20,4112.95,61777
2021-06-16 10:06:21,4112.95,61777
2021-06-16 10:06:22,4112.95,61777
2021-06-16 10:06:23,4112.95,61777
2021-06-16 10:06:24,4112.95,61777
2021-06-16 10:06:25,4112.0,61816
2021-06-16 10:06:26,4112.0,61823
2021-06-16 10:06:28,4112.0,61823
2021-06-16 10:06:29,4112.0,61823
2021-06-16 10:06:30,4112.0,61823
2021-06-16 10:06:31,4112.25,61837
2021-06-16 10:06:31,4112.25,61837
2021-06-16 10:06:33,4112.25,61843
2021-06-16 10:06:34,4112.25,61843
2021-06-16 10:06:35,4113.0,61882
2021-06-16 10:06:36,4112.0,61912
2021-06-16 10:06:36,4112.0,61912
2021-06-16 10:06:39,4113.85,61913
2021-06-16 10:06:40,4113.85,61916
2021-06-16 10:06:41,4113.85,61916
2021-06-16 10:06:43,4111.3,61930
2021-06-16 10:06:42,4113.85,61916
2021-06-16 10:06:44,4111.3,61930
2021-06-16 10:06:45,4111.3,61931
2021-06-16 10:06:46,4113.2,61933
2021-06-16 10:06:47,4113.2,61933
2021-06-16 10:06:48,4112.0,61939
2021-06-16 10:06:49,4114.0,62045
2021-06-16 10:06:49,4114.0,62045
2021-06-16 10:06:51,4114.3,62046
2021-06-16 10:06:53,4113.0,62049
2021-06-16 10:06:54,4113.0,62049
2021-06-16 10:06:55,4113.65,62069
2021-06-16 10:06:56,4113.65,62069
2021-06-16 10:06:58,4113.65,62070
2021-06-16 10:06:59,4113.65,62070
2021-06-16 10:07:00,4114.75,62073
2021-06-16 10:07:01,4114.75,62073
2021-06-16 10:07:03,4113.65,62079
2021-06-16 10:07:05,4113.65,62079
2021-06-16 10:07:06,4113.65,62079
2021-06-16 10:07:07,4114.75,62081
2021-06-16 10:07:09,4114.75,62088
2021-06-16 10:07:10,4113.65,62099
2021-06-16 10:07:11,4113.65,62099
2021-06-16 10:07:12,4113.65,62099
2021-06-16 10:07:13,4113.65,62099
2021-06-16 10:07:14,4113.65,62099
2021-06-16 10:07:15,4114.0,62120
2021-06-16 10:07:16,4114.2,62130
2021-06-16 10:07:17,4114.2,62130
2021-06-16 10:07:18,4112.4,62131
2021-06-16 10:07:19,4112.4,62131
2021-06-16 10:07:20,4114.75,62135
2021-06-16 10:07:21,4114.75,62135
2021-06-16 10:07:22,4114.75,62135
2021-06-16 10:07:23,4114.75,62135
2021-06-16 10:07:24,4114.75,62135
2021-06-16 10:07:25,4112.45,62155
2021-06-16 10:07:26,4112.45,62155
2021-06-16 10:07:27,4112.45,62155
2021-06-16 10:07:29,4114.2,62165
2021-06-16 10:07:30,4114.2,62170
2021-06-16 10:07:31,4112.05,62172
2021-06-16 10:07:32,4112.05,62172
2021-06-16 10:07:33,4112.05,62172
2021-06-16 10:07:36,4112.05,62172
2021-06-16 10:07:39,4113.95,62177
2021-06-16 10:07:40,4114.0,62181
2021-06-16 10:07:41,4112.45,62200
2021-06-16 10:07:42,4112.45,62200
2021-06-16 10:07:43,4112.45,62200
2021-06-16 10:07:44,4112.45,62200
2021-06-16 10:07:45,4112.45,62200
2021-06-16 10:07:46,4112.45,62200
2021-06-16 10:07:47,4114.0,62203
2021-06-16 10:07:48,4114.0,62207
2021-06-16 10:07:49,4114.0,62207
2021-06-16 10:07:50,4114.0,62213
2021-06-16 10:07:51,4114.0,62213
2021-06-16 10:07:52,4114.0,62213
2021-06-16 10:07:53,4114.0,62213
2021-06-16 10:07:54,4112.45,62214
2021-06-16 10:07:55,4112.4,62234
2021-06-16 10:07:56,4112.4,62234
2021-06-16 10:07:57,4113.55,62236
2021-06-16 10:07:58,4112.4,62246
2021-06-16 10:07:59,4112.4,62246
2021-06-16 10:08:00,4113.9,62250
2021-06-16 10:08:02,4113.9,62250
2021-06-16 10:08:01,4113.9,62250
2021-06-16 10:08:03,4112.4,62260
2021-06-16 10:08:04,4112.4,62260
2021-06-16 10:08:05,4112.0,62360
2021-06-16 10:08:06,4113.6,62375
2021-06-16 10:08:07,4113.6,62375
2021-06-16 10:08:08,4113.6,62375
2021-06-16 10:08:09,4113.6,62375
2021-06-16 10:08:10,4113.6,62375
2021-06-16 10:08:11,4113.55,62445
2021-06-16 10:08:12,4113.55,62445
2021-06-16 10:08:13,4113.55,62445
2021-06-16 10:08:14,4113.55,62445
2021-06-16 10:08:16,4114.0,62446
2021-06-16 10:08:17,4114.0,62446
2021-06-16 10:08:18,4114.0,62446
2021-06-16 10:08:19,4112.8,62451
2021-06-16 10:08:20,4114.0,62455
2021-06-16 10:08:21,4114.0,62455
2021-06-16 10:08:22,4114.0,62457
2021-06-16 10:08:23,4114.0,62457
2021-06-16 10:08:24,4114.0,62457
2021-06-16 10:08:25,4114.0,62527
2021-06-16 10:08:26,4114.0,62547
2021-06-16 10:08:27,4114.0,62547
2021-06-16 10:08:28,4115.05,62549
2021-06-16 10:08:29,4115.05,62554
2021-06-16 10:08:30,4115.05,62557
2021-06-16 10:08:31,4115.05,62557
2021-06-16 10:08:32,4115.05,62557
2021-06-16 10:08:33,4114.0,62577
2021-06-16 10:08:34,4114.0,62577
2021-06-16 10:08:35,4114.0,62577
2021-06-16 10:08:36,4114.0,62577
2021-06-16 10:08:37,4114.0,62578
2021-06-16 10:08:38,4115.15,62585
2021-06-16 10:08:39,4115.15,62588
2021-06-16 10:08:40,4115.15,62588
2021-06-16 10:08:41,4115.15,62589
2021-06-16 10:08:42,4114.0,62619
2021-06-16 10:08:43,4114.0,62619
2021-06-16 10:08:44,4114.0,62619
2021-06-16 10:08:45,4114.0,62619
2021-06-16 10:08:46,4114.0,62619
2021-06-16 10:08:47,4114.0,62619
2021-06-16 10:08:48,4114.0,62619
2021-06-16 10:08:49,4114.95,62626
2021-06-16 10:08:51,4114.95,62626
2021-06-16 10:08:52,4114.95,62626
2021-06-16 10:08:53,4114.95,62626
2021-06-16 10:08:54,4114.05,62627
2021-06-16 10:08:55,4114.05,62627
2021-06-16 10:08:56,4114.0,62647
2021-06-16 10:08:57,4114.0,62647
2021-06-16 10:08:58,4114.0,62647
2021-06-16 10:08:59,4114.0,62647
2021-06-16 10:09:00,4114.0,62647
2021-06-16 10:09:01,4114.0,62660
2021-06-16 10:09:02,4114.95,62663
2021-06-16 10:09:03,4114.95,62663
2021-06-16 10:09:04,4114.95,62663
2021-06-16 10:09:05,4114.0,62664
2021-06-16 10:09:06,4114.0,62664
2021-06-16 10:09:07,4114.95,62666
2021-06-16 10:09:08,4114.95,62666
2021-06-16 10:09:09,4114.9,62667
2021-06-16 10:09:10,4114.9,62667
2021-06-16 10:09:11,4114.9,62671
2021-06-16 10:09:12,4114.7,62673
2021-06-16 10:09:13,4114.7,62683
2021-06-16 10:09:14,4114.7,62683
2021-06-16 10:09:15,4114.7,62683
2021-06-16 10:09:19,4114.7,62684
2021-06-16 10:09:20,4114.95,62694
2021-06-16 10:09:22,4114.95,62694
2021-06-16 10:09:21,4114.95,62694
2021-06-16 10:09:22,4114.95,62694
2021-06-16 10:09:23,4115.0,62696
2021-06-16 10:09:24,4115.0,62700
2021-06-16 10:09:26,4114.7,62705
2021-06-16 10:09:26,4114.7,62705
2021-06-16 10:09:27,4114.7,62705
2021-06-16 10:09:28,4114.7,62705
2021-06-16 10:09:29,4114.7,62705
2021-06-16 10:09:30,4114.7,62705
2021-06-16 10:09:31,4114.7,62705
2021-06-16 10:09:33,4114.5,62708
2021-06-16 10:09:34,4114.5,62708
2021-06-16 10:09:35,4114.5,62708
2021-06-16 10:09:36,4114.5,62708
2021-06-16 10:09:38,4114.5,62708
2021-06-16 10:09:38,4114.5,62708
2021-06-16 10:09:39,4114.5,62712
2021-06-16 10:09:40,4114.5,62712
2021-06-16 10:09:41,4114.0,62731
2021-06-16 10:09:42,4114.0,62731
2021-06-16 10:09:44,4114.0,62731
2021-06-16 10:09:45,4114.0,62745
2021-06-16 10:09:46,4114.0,62745
2021-06-16 10:09:47,4114.0,62745
2021-06-16 10:09:48,4114.0,62745
2021-06-16 10:09:49,4114.7,62749
2021-06-16 10:09:51,4114.7,62749
2021-06-16 10:09:51,4114.7,62749
2021-06-16 10:09:52,4114.7,62749
2021-06-16 10:09:53,4114.7,62749
2021-06-16 10:09:54,4114.7,62752
2021-06-16 10:09:55,4114.7,62752
2021-06-16 10:09:56,4114.5,62767
2021-06-16 10:09:57,4114.0,62768
2021-06-16 10:09:58,4114.3,62769
2021-06-16 10:09:59,4114.3,62769
2021-06-16 10:10:01,4114.3,62769
2021-06-16 10:10:02,4114.3,62769
2021-06-16 10:10:04,4114.3,62769
2021-06-16 10:10:04,4114.3,62769
2021-06-16 10:10:05,4114.3,62769
2021-06-16 10:10:06,4114.3,62775
2021-06-16 10:10:07,4114.3,62780
2021-06-16 10:10:09,4114.3,62785
2021-06-16 10:10:10,4114.0,62807
2021-06-16 10:10:11,4114.0,62807
2021-06-16 10:10:12,4114.0,62807
2021-06-16 10:10:13,4114.0,62807
2021-06-16 10:10:14,4114.0,62807
2021-06-16 10:10:15,4114.0,62807
2021-06-16 10:10:16,4114.05,62810
2021-06-16 10:10:17,4114.3,62821
2021-06-16 10:10:18,4114.3,62821
2021-06-16 10:10:19,4114.3,62821
2021-06-16 10:10:20,4114.3,62825
2021-06-16 10:10:21,4114.3,62825
2021-06-16 10:10:22,4114.3,62825
2021-06-16 10:10:23,4114.3,62828
2021-06-16 10:10:24,4114.3,62830
2021-06-16 10:10:25,4114.3,62830
2021-06-16 10:10:26,4114.3,62851
2021-06-16 10:10:28,4114.3,62851
2021-06-16 10:10:29,4114.0,62857
2021-06-16 10:10:29,4114.3,62851
2021-06-16 10:10:30,4114.0,62857
2021-06-16 10:10:31,4114.0,62857
2021-06-16 10:10:33,4114.0,62857
2021-06-16 10:10:34,4114.0,62857
2021-06-16 10:10:36,4114.0,62857
2021-06-16 10:10:37,4114.0,62858
2021-06-16 10:10:38,4114.0,62858
2021-06-16 10:10:39,4114.3,62862
2021-06-16 10:10:41,4114.0,62881
2021-06-16 10:10:42,4114.8,62921
2021-06-16 10:10:45,4115.15,62926
2021-06-16 10:10:47,4115.15,62926
2021-06-16 10:10:48,4115.15,62926
2021-06-16 10:10:49,4115.15,62928
2021-06-16 10:10:51,4115.15,62928
2021-06-16 10:10:52,4115.15,62928
2021-06-16 10:10:53,4115.15,62928
2021-06-16 10:10:54,4115.25,62932
2021-06-16 10:10:55,4115.25,62932
2021-06-16 10:10:56,4114.95,62937
2021-06-16 10:10:57,4114.95,62937
2021-06-16 10:10:59,4114.95,62941
2021-06-16 10:11:00,4114.95,62941
2021-06-16 10:11:02,4114.0,62942
2021-06-16 10:11:03,4114.95,62945
2021-06-16 10:11:04,4114.95,62945
2021-06-16 10:11:06,4116.0,63146
2021-06-16 10:11:07,4116.0,63146
2021-06-16 10:11:08,4114.9,63147
2021-06-16 10:11:09,4115.55,63149
2021-06-16 10:11:10,4115.55,63149
2021-06-16 10:11:11,4115.55,63152
2021-06-16 10:11:12,4115.55,63152
2021-06-16 10:11:14,4115.55,63152
2021-06-16 10:11:17,4115.35,63153
2021-06-16 10:11:18,4115.35,63153
2021-06-16 10:11:19,4115.35,63157
2021-06-16 10:11:20,4115.35,63157
2021-06-16 10:11:21,4115.35,63157
2021-06-16 10:11:22,4115.35,63157
2021-06-16 10:11:23,4115.35,63157
2021-06-16 10:11:24,4115.35,63157
2021-06-16 10:11:25,4114.95,63163
2021-06-16 10:11:26,4114.95,63163
2021-06-16 10:11:27,4114.95,63163
2021-06-16 10:11:28,4114.95,63163
2021-06-16 10:11:29,4114.95,63223
2021-06-16 10:11:31,4114.0,63237
2021-06-16 10:11:31,4114.0,63237
2021-06-16 10:11:33,4114.0,63238
2021-06-16 10:11:37,4114.0,63241
2021-06-16 10:11:38,4114.0,63241
2021-06-16 10:11:38,4114.0,63241
2021-06-16 10:11:40,4115.35,63245
2021-06-16 10:11:41,4114.0,63264
2021-06-16 10:11:42,4114.0,63264
2021-06-16 10:11:44,4115.35,63265
2021-06-16 10:11:45,4115.35,63270
2021-06-16 10:11:46,4115.35,63270
2021-06-16 10:11:47,4115.35,63270
2021-06-16 10:11:48,4115.35,63270
2021-06-16 10:11:49,4115.35,63276
2021-06-16 10:11:51,4114.1,63277
2021-06-16 10:11:51,4114.1,63277
2021-06-16 10:11:52,4114.1,63277
2021-06-16 10:11:54,4114.1,63277
2021-06-16 10:11:53,4114.1,63277
2021-06-16 10:11:56,4115.35,63283
2021-06-16 10:11:57,4115.35,63283
2021-06-16 10:11:59,4115.35,63283
2021-06-16 10:12:00,4115.35,63283
2021-06-16 10:12:00,4115.35,63283
2021-06-16 10:12:01,4115.35,63283
2021-06-16 10:12:03,4115.15,63293
2021-06-16 10:12:04,4115.15,63293
2021-06-16 10:12:05,4114.0,63298
2021-06-16 10:12:06,4114.0,63298
2021-06-16 10:12:07,4114.0,63298
2021-06-16 10:12:08,4114.0,63298
2021-06-16 10:12:09,4115.15,63303
2021-06-16 10:12:10,4114.0,63322
2021-06-16 10:12:11,4114.0,63327
2021-06-16 10:12:12,4114.0,63332
2021-06-16 10:12:14,4114.0,63332
2021-06-16 10:12:14,4114.0,63332
2021-06-16 10:12:15,4114.0,63332
2021-06-16 10:12:16,4115.2,63359
2021-06-16 10:12:17,4115.2,63359
2021-06-16 10:12:18,4114.1,63361
2021-06-16 10:12:19,4115.2,63364
2021-06-16 10:12:20,4115.2,63364
2021-06-16 10:12:21,4115.2,63364
2021-06-16 10:12:22,4116.0,63367
2021-06-16 10:12:23,4116.0,63367
2021-06-16 10:12:24,4116.0,63368
2021-06-16 10:12:25,4115.2,63378
2021-06-16 10:12:27,4115.0,63479
2021-06-16 10:12:28,4115.0,63479
2021-06-16 10:12:30,4115.0,63479
2021-06-16 10:12:30,4115.0,63479
2021-06-16 10:12:31,4115.0,63479
2021-06-16 10:12:32,4115.0,63479
2021-06-16 10:12:34,4115.0,63479
2021-06-16 10:12:34,4115.0,63479
2021-06-16 10:12:35,4114.1,63487
2021-06-16 10:12:36,4114.1,63487
2021-06-16 10:12:38,4114.0,63488
2021-06-16 10:12:41,4114.0,63507
2021-06-16 10:12:42,4114.0,63508
2021-06-16 10:12:43,4114.0,63508
2021-06-16 10:12:44,4114.0,63508
2021-06-16 10:12:46,4114.0,63522
2021-06-16 10:12:47,4114.0,63522
2021-06-16 10:12:48,4114.0,63522
2021-06-16 10:12:49,4114.8,63528
2021-06-16 10:12:50,4114.7,63532
2021-06-16 10:12:51,4114.7,63532
2021-06-16 10:12:52,4114.7,63532
2021-06-16 10:12:54,4114.7,63532
2021-06-16 10:12:55,4114.7,63532
2021-06-16 10:12:56,4114.0,63552
2021-06-16 10:12:57,4113.85,63630
2021-06-16 10:12:57,4113.85,63630
2021-06-16 10:12:58,4113.85,63630
2021-06-16 10:12:59,4113.85,63630
2021-06-16 10:13:01,4113.85,63630
2021-06-16 10:13:02,4113.85,63630
2021-06-16 10:13:03,4113.0,63631
2021-06-16 10:13:04,4113.0,63631
2021-06-16 10:13:05,4114.45,63638
2021-06-16 10:13:05,4114.45,63638
2021-06-16 10:13:06,4114.45,63638
2021-06-16 10:13:07,4114.45,63638
2021-06-16 10:13:08,4114.45,63638
2021-06-16 10:13:09,4114.65,63643
2021-06-16 10:13:11,4113.0,63663
2021-06-16 10:13:12,4113.0,63663
2021-06-16 10:13:13,4113.0,63663
2021-06-16 10:13:15,4113.0,63663
2021-06-16 10:13:14,4113.0,63663
2021-06-16 10:13:16,4113.0,63663
2021-06-16 10:13:17,4113.0,63663
2021-06-16 10:13:18,4113.0,63663
2021-06-16 10:13:19,4114.35,63664
2021-06-16 10:13:19,4114.4,63668
2021-06-16 10:13:20,4114.4,63668
2021-06-16 10:13:21,4114.4,63668
2021-06-16 10:13:22,4114.5,63673
2021-06-16 10:13:23,4114.5,63673
2021-06-16 10:13:24,4114.5,63673
2021-06-16 10:13:25,4113.0,63703
2021-06-16 10:13:26,4113.0,63703
2021-06-16 10:13:28,4113.0,63703
2021-06-16 10:13:29,4113.0,63703
2021-06-16 10:13:29,4114.7,63708
2021-06-16 10:13:30,4114.7,63709
2021-06-16 10:13:31,4114.7,63709
2021-06-16 10:13:32,4114.7,63709
2021-06-16 10:13:33,4114.7,63709
2021-06-16 10:13:34,4114.7,63709
2021-06-16 10:13:37,4114.7,63718
2021-06-16 10:13:38,4114.7,63720
2021-06-16 10:13:39,4114.7,63721
2021-06-16 10:13:40,4114.7,63725
2021-06-16 10:13:41,4115.0,63832
2021-06-16 10:13:42,4115.75,63833
2021-06-16 10:13:43,4115.75,63833
2021-06-16 10:13:45,4118.0,63836
2021-06-16 10:13:46,4118.0,63836
2021-06-16 10:13:47,4118.0,63836
2021-06-16 10:13:48,4118.0,63836
2021-06-16 10:13:49,4118.0,63836
2021-06-16 10:13:50,4118.0,63842
2021-06-16 10:13:51,4118.0,63842
2021-06-16 10:13:52,4118.0,63842
2021-06-16 10:13:53,4118.0,63842
2021-06-16 10:13:54,4118.0,63842
2021-06-16 10:13:55,4118.0,63842
2021-06-16 10:13:56,4116.45,63864
2021-06-16 10:13:58,4116.45,63864
2021-06-16 10:13:58,4116.45,63864
2021-06-16 10:13:59,4118.0,63870
2021-06-16 10:14:00,4118.0,63870
2021-06-16 10:14:01,4118.0,63870
2021-06-16 10:14:02,4118.0,63870
2021-06-16 10:14:03,4118.0,63870
2021-06-16 10:14:04,4118.0,63870
2021-06-16 10:14:08,4118.0,63884
2021-06-16 10:14:11,4116.25,63908
2021-06-16 10:14:14,4117.95,63915
2021-06-16 10:14:18,4115.9,63916
2021-06-16 10:14:21,4117.95,63918
2021-06-16 10:14:25,4118.0,63925
2021-06-16 10:14:29,4117.9,63945
2021-06-16 10:14:32,4118.0,63950
2021-06-16 10:14:35,4117.9,63952
2021-06-16 10:14:39,4117.9,63958
2021-06-16 10:14:42,4116.45,63977
2021-06-16 10:14:45,4115.25,63978
2021-06-16 10:14:49,4117.2,63984
2021-06-16 10:14:52,4117.2,63984
2021-06-16 10:14:55,4117.2,63987
2021-06-16 10:15:01,4117.0,64006
2021-06-16 10:15:04,4116.45,64016
2021-06-16 10:15:08,4116.45,64016
2021-06-16 10:15:14,4117.0,64021
2021-06-16 10:15:21,4116.25,64035
2021-06-16 10:15:24,4117.0,64055
2021-06-16 10:15:27,4116.0,64075
2021-06-16 10:15:30,4117.2,64078
2021-06-16 10:15:33,4117.2,64078
2021-06-16 10:15:36,4117.9,64082
2021-06-16 10:15:43,4114.05,64446
2021-06-16 10:15:47,4117.2,64447
2021-06-16 10:15:50,4117.0,64459
2021-06-16 10:15:54,4116.9,64489
2021-06-16 10:15:57,4115.6,64509
2021-06-16 10:16:01,4115.55,64534
2021-06-16 10:16:04,4115.55,64534
2021-06-16 10:16:08,4115.55,64534
2021-06-16 10:16:10,4115.6,64568
2021-06-16 10:16:13,4117.0,64571
2021-06-16 10:16:17,4115.55,64596
2021-06-16 10:16:19,4115.55,64596
2021-06-16 10:16:25,4115.55,64605
2021-06-16 10:16:28,4116.4,64626
2021-06-16 10:16:31,4116.4,64630
2021-06-16 10:16:34,4116.4,64630
2021-06-16 10:16:37,4116.35,64640
2021-06-16 10:16:41,4115.35,64663
2021-06-16 10:16:47,4116.95,64728
2021-06-16 10:16:50,4116.95,64738
2021-06-16 10:16:53,4115.55,64756
2021-06-16 10:16:57,4115.35,64782
2021-06-16 10:17:00,4117.0,64807
2021-06-16 10:17:03,4117.0,64807
2021-06-16 10:17:06,4117.0,64807
2021-06-16 10:17:09,4117.0,64807
2021-06-16 10:17:12,4115.35,64827
2021-06-16 10:17:15,4115.35,64827
2021-06-16 10:17:19,4115.75,64837
2021-06-16 10:17:21,4115.35,64838
2021-06-16 10:17:24,4117.0,64841
2021-06-16 10:17:27,4115.15,64862
2021-06-16 10:17:30,4115.15,64862
2021-06-16 10:17:33,4115.15,64862
2021-06-16 10:17:36,4115.15,64862
2021-06-16 10:17:39,4117.0,64866
2021-06-16 10:17:43,4115.1,64885
2021-06-16 10:17:46,4114.05,65010
2021-06-16 10:17:49,4114.05,65010
2021-06-16 10:17:52,4114.05,65010
2021-06-16 10:17:55,4115.2,65036
2021-06-16 10:17:59,4115.2,65042
2021-06-16 10:18:02,4115.15,65044
2021-06-16 10:18:05,4115.15,65044
2021-06-16 10:18:08,4115.1,65045
2021-06-16 10:18:11,4115.1,65069
2021-06-16 10:18:15,4115.2,65074
2021-06-16 10:18:18,4115.2,65094
2021-06-16 10:18:22,4115.2,65100
2021-06-16 10:18:25,4115.1,65101
2021-06-16 10:18:28,4115.1,65121
2021-06-16 10:18:32,4115.2,65142
2021-06-16 10:18:35,4115.2,65142
2021-06-16 10:18:38,4115.2,65231
2021-06-16 10:18:41,4115.0,65244
2021-06-16 10:18:45,4114.9,65249
2021-06-16 10:18:48,4114.9,65257
2021-06-16 10:18:54,4114.9,65263
2021-06-16 10:18:57,4114.1,65283
2021-06-16 10:19:00,4114.9,65287
2021-06-16 10:19:03,4114.9,65293
2021-06-16 10:19:06,4114.9,65293
2021-06-16 10:19:08,4114.15,65294
2021-06-16 10:19:09,4114.85,65295
2021-06-16 10:19:10,4114.85,65295
2021-06-16 10:19:11,4114.65,65304
2021-06-16 10:19:13,4114.65,65304
2021-06-16 10:19:14,4114.65,65304
2021-06-16 10:19:16,4114.65,65306
2021-06-16 10:19:18,4114.65,65306
2021-06-16 10:19:19,4114.65,65306
2021-06-16 10:19:20,4114.65,65310
2021-06-16 10:19:21,4114.65,65314
2021-06-16 10:19:22,4114.65,65314
2021-06-16 10:19:23,4114.65,65319
2021-06-16 10:19:25,4114.65,65319
2021-06-16 10:19:26,4114.1,65339
2021-06-16 10:19:27,4114.1,65339
2021-06-16 10:19:28,4114.05,65664
2021-06-16 10:19:29,4114.65,65669
2021-06-16 10:19:30,4114.1,65674
2021-06-16 10:19:31,4114.1,65674
2021-06-16 10:19:33,4114.1,65674
2021-06-16 10:19:34,4113.3,65675
2021-06-16 10:19:35,4113.3,65675
2021-06-16 10:19:35,4113.3,65675
2021-06-16 10:19:38,4113.3,65675
2021-06-16 10:19:39,4114.65,65679
2021-06-16 10:19:40,4113.3,65695
2021-06-16 10:19:41,4113.3,65695
2021-06-16 10:19:42,4113.3,65695
2021-06-16 10:19:43,4113.3,65695
2021-06-16 10:19:44,4113.3,65695
2021-06-16 10:19:46,4113.1,65697
2021-06-16 10:19:48,4113.1,65697
2021-06-16 10:19:49,4113.1,65703
2021-06-16 10:19:50,4113.1,65703
2021-06-16 10:19:51,4113.1,65703
2021-06-16 10:19:52,4113.1,65703
2021-06-16 10:19:54,4113.1,65703
2021-06-16 10:19:56,4112.25,65755
2021-06-16 10:19:56,4112.25,65755
2021-06-16 10:19:58,4112.25,65755
2021-06-16 10:19:58,4112.25,65755
2021-06-16 10:19:59,4113.75,65759
2021-06-16 10:20:00,4113.75,65759
2021-06-16 10:20:01,4113.75,65759
2021-06-16 10:20:02,4113.75,65759
2021-06-16 10:20:03,4112.1,65764
2021-06-16 10:20:04,4112.1,65764
2021-06-16 10:20:05,4112.1,65765
2021-06-16 10:20:06,4112.1,65765
2021-06-16 10:20:07,4112.1,65765
2021-06-16 10:20:08,4112.1,65765
2021-06-16 10:20:09,4113.9,65790
2021-06-16 10:20:10,4113.9,65790
2021-06-16 10:20:11,4113.65,65795
2021-06-16 10:20:13,4113.65,65795
2021-06-16 10:20:14,4113.65,65795
2021-06-16 10:20:14,4113.65,65795
2021-06-16 10:20:15,4113.65,65795
2021-06-16 10:20:16,4113.65,65795
2021-06-16 10:20:17,4113.65,65795
2021-06-16 10:20:18,4113.65,65795
2021-06-16 10:20:19,4113.45,65814
2021-06-16 10:20:21,4113.45,65814
2021-06-16 10:20:22,4113.0,65815
2021-06-16 10:20:22,4113.0,65815
2021-06-16 10:20:23,4113.0,65815
2021-06-16 10:20:24,4113.0,65815
2021-06-16 10:20:25,4112.2,65835
2021-06-16 10:20:26,4112.2,65835
2021-06-16 10:20:27,4112.2,65835
2021-06-16 10:20:28,4112.2,65835
2021-06-16 10:20:29,4112.2,65835
2021-06-16 10:20:30,4113.45,65840
2021-06-16 10:20:32,4113.45,65840
2021-06-16 10:20:33,4113.45,65840
2021-06-16 10:20:34,4113.45,65840
2021-06-16 10:20:34,4113.45,65840
2021-06-16 10:20:35,4113.45,65840
2021-06-16 10:20:36,4112.15,65850
2021-06-16 10:20:37,4112.15,65850
2021-06-16 10:20:38,4112.15,65851
2021-06-16 10:20:39,4113.45,65854
2021-06-16 10:20:41,4113.45,65874
2021-06-16 10:20:41,4113.45,65874
2021-06-16 10:20:42,4113.45,65880
2021-06-16 10:20:43,4113.45,65880
2021-06-16 10:20:44,4114.6,65885
2021-06-16 10:20:45,4114.6,65885
2021-06-16 10:20:46,4114.6,65885
2021-06-16 10:20:47,4114.65,65887
2021-06-16 10:20:48,4114.65,65887
