timestamp,ltp,volume
2021-06-16 09:15:45,11833.65,2295
2021-06-16 09:15:51,11829.85,2501
2021-06-16 09:15:56,11833.0,2788
2021-06-16 09:16:01,11848.25,3196
2021-06-16 09:16:07,11858.75,3729
2021-06-16 09:16:12,11862.95,3856
2021-06-16 09:16:17,11862.0,4048
2021-06-16 09:16:22,11866.35,4340
2021-06-16 09:16:27,11870.0,4599
2021-06-16 09:16:32,11866.0,4692
2021-06-16 09:16:37,11863.6,4812
2021-06-16 09:16:43,11850.2,5155
2021-06-16 09:16:48,11855.0,5229
2021-06-16 09:16:54,11850.0,5895
2021-06-16 09:17:04,11858.35,6342
2021-06-16 09:17:09,11858.95,6518
2021-06-16 09:17:14,11860.0,6731
2021-06-16 09:17:19,11854.3,6920
2021-06-16 09:17:25,11860.0,7070
2021-06-16 09:17:30,11863.6,7135
2021-06-16 09:17:35,11863.6,7162
2021-06-16 09:17:40,11859.8,7276
2021-06-16 09:17:45,11860.0,7601
2021-06-16 09:17:50,11851.3,7711
2021-06-16 09:17:55,11851.85,7739
2021-06-16 09:18:00,11851.9,7882
2021-06-16 09:18:05,11853.15,8045
2021-06-16 09:18:10,11853.4,8066
2021-06-16 09:18:15,11840.65,8213
2021-06-16 09:18:20,11847.6,8340
2021-06-16 09:18:25,11835.0,8451
2021-06-16 09:18:35,11843.15,8984
2021-06-16 09:18:40,11843.5,8999
2021-06-16 09:18:45,11840.0,9113
2021-06-16 09:18:50,11843.05,9129
2021-06-16 09:18:55,11840.0,9187
2021-06-16 09:19:00,11843.1,9336
2021-06-16 09:19:05,11841.55,9455
2021-06-16 09:19:10,11845.7,9540
2021-06-16 09:19:15,11844.5,9633
2021-06-16 09:19:20,11845.7,9634
2021-06-16 09:19:25,11845.7,9634
2021-06-16 09:19:29,11850.0,9642
2021-06-16 09:19:34,11850.0,9761
2021-06-16 09:19:39,11848.35,9898
2021-06-16 09:19:44,11846.0,9920
2021-06-16 09:19:54,11845.0,10278
2021-06-16 09:19:59,11837.85,10313
2021-06-16 09:20:04,11843.0,10319
2021-06-16 09:20:09,11842.0,10342
2021-06-16 09:20:14,11840.0,10350
2021-06-16 09:20:19,11843.65,10413
2021-06-16 09:20:24,11842.0,10461
2021-06-16 09:20:28,11845.0,10529
2021-06-16 09:20:33,11838.0,10573
2021-06-16 09:20:38,11825.05,11126
2021-06-16 09:20:43,11826.45,11137
2021-06-16 09:20:48,11827.5,11144
2021-06-16 09:20:52,11833.9,11220
2021-06-16 09:21:02,11830.05,11345
2021-06-16 09:21:07,11833.1,11359
2021-06-16 09:21:12,11839.8,11362
2021-06-16 09:21:17,11844.7,11469
2021-06-16 09:21:21,11844.7,11469
2021-06-16 09:21:26,11842.95,11507
2021-06-16 09:21:35,11842.75,11710
2021-06-16 09:21:45,11840.2,11711
2021-06-16 09:21:49,11840.2,11711
2021-06-16 09:21:54,11840.05,11864
2021-06-16 09:21:59,11840.2,11865
2021-06-16 09:22:03,11844.0,11911
2021-06-16 09:22:08,11845.0,11920
2021-06-16 09:22:12,11845.05,12190
2021-06-16 09:22:17,11850.0,12225
2021-06-16 09:22:26,11845.65,12255
2021-06-16 09:22:31,11845.0,12298
2021-06-16 09:22:35,11845.0,12300
2021-06-16 09:22:40,11845.65,12359
2021-06-16 09:22:45,11849.0,12397
2021-06-16 09:22:49,11849.0,12408
2021-06-16 09:22:54,11849.0,12431
2021-06-16 09:22:59,11850.0,12448
2021-06-16 09:23:08,11850.0,12508
2021-06-16 09:23:12,11845.85,12529
2021-06-16 09:23:17,11849.95,12550
2021-06-16 09:23:21,11850.0,12564
2021-06-16 09:23:26,11850.0,12582
2021-06-16 09:23:30,11854.8,12926
2021-06-16 09:23:35,11853.7,13018
2021-06-16 09:23:44,11853.95,13039
2021-06-16 09:23:49,11858.0,13062
2021-06-16 09:23:53,11854.0,13110
2021-06-16 09:23:58,11853.95,13118
2021-06-16 09:24:02,11858.0,13328
2021-06-16 09:24:05,11858.0,13328
2021-06-16 09:24:06,11852.75,13802
2021-06-16 09:24:07,11852.75,13802
2021-06-16 09:24:08,11852.75,13802
2021-06-16 09:24:10,11852.75,13802
2021-06-16 09:24:11,11853.95,13817
2021-06-16 09:24:12,11853.95,13817
2021-06-16 09:24:13,11853.95,13817
2021-06-16 09:24:14,11853.95,13817
2021-06-16 09:24:15,11848.5,13818
2021-06-16 09:24:16,11854.25,13843
2021-06-16 09:24:17,11855.4,13847
2021-06-16 09:24:18,11855.4,13847
2021-06-16 09:24:18,11855.4,13847
2021-06-16 09:24:19,11850.9,13868
2021-06-16 09:24:20,11850.9,13868
2021-06-16 09:24:21,11856.3,13872
2021-06-16 09:24:22,11856.35,13882
2021-06-16 09:24:23,11852.55,13884
2021-06-16 09:24:24,11852.55,13884
2021-06-16 09:24:25,11852.55,13884
2021-06-16 09:24:27,11857.35,13885
2021-06-16 09:24:28,11857.35,13885
2021-06-16 09:24:29,11858.0,13887
2021-06-16 09:24:30,11858.0,13889
2021-06-16 09:24:31,11858.0,13889
2021-06-16 09:24:32,11858.0,13889
2021-06-16 09:24:33,11854.7,13896
2021-06-16 09:24:34,11854.7,13896
2021-06-16 09:24:35,11854.65,13906
2021-06-16 09:24:36,11858.0,13911
2021-06-16 09:24:37,11858.0,13938
2021-06-16 09:24:38,11855.1,13939
2021-06-16 09:24:39,11854.4,13970
2021-06-16 09:24:40,11858.0,14042
2021-06-16 09:24:41,11858.0,14042
2021-06-16 09:24:42,11858.0,14054
2021-06-16 09:24:43,11855.1,14055
2021-06-16 09:24:44,11858.0,14066
2021-06-16 09:24:45,11855.35,14076
2021-06-16 09:24:47,11855.1,14081
2021-06-16 09:24:48,11855.0,14091
2021-06-16 09:24:49,11858.0,14096
2021-06-16 09:24:50,11858.0,14096
2021-06-16 09:24:51,11858.0,14100
2021-06-16 09:24:52,11854.1,14101
2021-06-16 09:24:53,11854.1,14101
2021-06-16 09:24:54,11854.1,14103
2021-06-16 09:24:54,11854.1,14103
2021-06-16 09:24:56,11858.0,14174
2021-06-16 09:24:57,11858.0,14183
2021-06-16 09:24:58,11858.0,14183
2021-06-16 09:24:59,11859.0,14184
2021-06-16 09:25:00,11862.0,14304
2021-06-16 09:25:02,11847.3,14910
2021-06-16 09:25:03,11851.0,14960
2021-06-16 09:25:04,11851.3,14965
2021-06-16 09:25:05,11851.3,14965
2021-06-16 09:25:06,11851.3,14965
2021-06-16 09:25:07,11852.3,14984
2021-06-16 09:25:08,11852.0,14994
2021-06-16 09:25:09,11852.4,15016
2021-06-16 09:25:09,11852.4,15016
2021-06-16 09:25:10,11852.4,15016
2021-06-16 09:25:11,11852.4,15016
2021-06-16 09:25:13,11852.4,15017
2021-06-16 09:25:14,11852.4,15019
2021-06-16 09:25:15,11851.0,15023
2021-06-16 09:25:16,11849.4,15033
2021-06-16 09:25:17,11847.45,15362
2021-06-16 09:25:18,11847.45,15387
2021-06-16 09:25:19,11847.45,15387
2021-06-16 09:25:20,11843.4,15396
2021-06-16 09:25:21,11843.4,15396
2021-06-16 09:25:22,11843.4,15396
2021-06-16 09:25:23,11847.45,15416
2021-06-16 09:25:24,11847.45,15416
2021-06-16 09:25:25,11847.45,15419
2021-06-16 09:25:26,11843.0,15424
2021-06-16 09:25:27,11843.0,15425
2021-06-16 09:25:28,11843.0,15425
2021-06-16 09:25:29,11843.0,15425
2021-06-16 09:25:31,11846.6,15440
2021-06-16 09:25:32,11846.6,15440
2021-06-16 09:25:33,11846.6,15440
2021-06-16 09:25:34,11843.0,15441
2021-06-16 09:25:35,11843.0,15441
2021-06-16 09:25:37,11843.0,15448
2021-06-16 09:25:38,11843.0,15448
2021-06-16 09:25:39,11840.1,15450
2021-06-16 09:25:40,11843.0,15456
2021-06-16 09:25:41,11843.0,15481
2021-06-16 09:25:42,11843.0,15481
2021-06-16 09:25:44,11840.05,15486
2021-06-16 09:25:46,11842.95,15487
2021-06-16 09:25:47,11846.8,15587
2021-06-16 09:25:49,11840.0,16504
2021-06-16 09:25:52,11839.8,16524
2021-06-16 09:25:53,11839.8,16544
2021-06-16 09:25:54,11839.8,16544
2021-06-16 09:25:57,11839.8,16544
2021-06-16 09:25:58,11839.8,16544
2021-06-16 09:25:59,11832.6,16594
2021-06-16 09:26:00,11832.6,16594
2021-06-16 09:26:01,11839.65,16599
2021-06-16 09:26:02,11839.65,16599
2021-06-16 09:26:03,11839.65,16599
2021-06-16 09:26:04,11839.65,16599
2021-06-16 09:26:05,11839.65,16599
2021-06-16 09:26:07,11840.05,16605
2021-06-16 09:26:06,11840.05,16605
2021-06-16 09:26:08,11840.05,16607
2021-06-16 09:26:09,11840.05,16607
2021-06-16 09:26:10,11840.05,16607
2021-06-16 09:26:12,11840.05,16625
2021-06-16 09:26:13,11840.05,16627
2021-06-16 09:26:15,11840.05,16629
2021-06-16 09:26:16,11846.55,16630
2021-06-16 09:26:17,11840.2,16655
2021-06-16 09:26:18,11845.55,16864
2021-06-16 09:26:19,11845.55,16864
2021-06-16 09:26:20,11845.5,16865
2021-06-16 09:26:21,11845.5,16865
2021-06-16 09:26:22,11845.5,16871
2021-06-16 09:26:23,11850.0,16927
2021-06-16 09:26:24,11850.0,16927
2021-06-16 09:26:25,11845.65,16947
2021-06-16 09:26:26,11845.65,16947
2021-06-16 09:26:27,11850.0,16949
2021-06-16 09:26:28,11845.75,16951
2021-06-16 09:26:30,11850.0,16979
2021-06-16 09:26:31,11850.0,16979
2021-06-16 09:26:32,11850.0,16979
2021-06-16 09:26:33,11850.0,16979
2021-06-16 09:26:34,11850.0,16979
2021-06-16 09:26:35,11846.9,16991
2021-06-16 09:26:36,11846.9,16991
2021-06-16 09:26:37,11846.9,16991
2021-06-16 09:26:38,11847.95,16996
2021-06-16 09:26:39,11846.9,16997
2021-06-16 09:26:40,11846.9,16997
2021-06-16 09:26:41,11846.9,16997
2021-06-16 09:26:42,11846.9,16997
2021-06-16 09:26:43,11846.9,16997
2021-06-16 09:26:44,11846.9,16997
2021-06-16 09:26:45,11846.9,16997
2021-06-16 09:26:46,11846.9,17008
2021-06-16 09:26:47,11846.0,17039
2021-06-16 09:26:48,11846.0,17039
2021-06-16 09:26:49,11849.55,17044
2021-06-16 09:26:50,11849.55,17044
2021-06-16 09:26:51,11849.55,17044
2021-06-16 09:26:52,11850.0,17109
2021-06-16 09:26:53,11850.0,17119
2021-06-16 09:26:55,11850.0,17119
2021-06-16 09:26:54,11850.0,17119
2021-06-16 09:26:56,11850.0,17119
2021-06-16 09:26:57,11850.0,17119
2021-06-16 09:26:58,11846.0,17123
2021-06-16 09:26:59,11848.0,17124
2021-06-16 09:27:00,11849.25,17129
2021-06-16 09:27:01,11849.25,17129
2021-06-16 09:27:02,11846.0,17138
2021-06-16 09:27:03,11846.0,17138
2021-06-16 09:27:04,11846.0,17138
2021-06-16 09:27:05,11846.0,17138
2021-06-16 09:27:06,11849.95,17239
2021-06-16 09:27:07,11846.0,17248
2021-06-16 09:27:08,11846.0,17248
2021-06-16 09:27:09,11846.0,17248
2021-06-16 09:27:10,11836.4,17964
2021-06-16 09:27:11,11839.7,18064
2021-06-16 09:27:12,11840.4,18079
2021-06-16 09:27:13,11833.0,18081
2021-06-16 09:27:14,11833.0,18093
2021-06-16 09:27:15,11833.0,18101
2021-06-16 09:27:17,11833.0,18101
2021-06-16 09:27:18,11833.0,18101
2021-06-16 09:27:19,11833.0,18101
2021-06-16 09:27:20,11840.55,18112
2021-06-16 09:27:20,11840.55,18112
2021-06-16 09:27:21,11840.55,18112
2021-06-16 09:27:22,11840.55,18112
2021-06-16 09:27:23,11840.55,18112
2021-06-16 09:27:24,11840.55,18112
2021-06-16 09:27:25,11840.55,18112
2021-06-16 09:27:26,11840.55,18112
2021-06-16 09:27:27,11830.8,18237
2021-06-16 09:27:28,11830.8,18237
2021-06-16 09:27:29,11830.8,18237
2021-06-16 09:27:30,11837.0,18239
2021-06-16 09:27:32,11837.0,18239
2021-06-16 09:27:33,11840.65,18254
2021-06-16 09:27:33,11840.65,18254
2021-06-16 09:27:34,11840.65,18254
2021-06-16 09:27:35,11840.65,18254
2021-06-16 09:27:36,11838.85,18257
2021-06-16 09:27:37,11834.0,18258
2021-06-16 09:27:38,11834.0,18258
2021-06-16 09:27:39,11834.0,18258
2021-06-16 09:27:40,11834.0,18258
2021-06-16 09:27:43,11840.65,18259
2021-06-16 09:27:44,11840.65,18259
2021-06-16 09:27:45,11835.0,18262
2021-06-16 09:27:46,11831.0,18263
2021-06-16 09:27:47,11831.0,18263
2021-06-16 09:27:48,11830.0,18288
2021-06-16 09:27:49,11830.0,18288
2021-06-16 09:27:50,11830.0,18288
2021-06-16 09:27:51,11834.9,18290
2021-06-16 09:27:52,11834.0,18295
2021-06-16 09:27:54,11830.0,18353
2021-06-16 09:27:54,11830.0,18353
2021-06-16 09:27:55,11826.05,18388
2021-06-16 09:27:56,11830.0,18390
2021-06-16 09:27:58,11830.0,18390
2021-06-16 09:27:59,11833.4,18395
2021-06-16 09:28:00,11833.4,18395
2021-06-16 09:28:01,11833.4,18395
2021-06-16 09:28:02,11833.4,18395
2021-06-16 09:28:03,11833.4,18395
2021-06-16 09:28:05,11830.0,18398
2021-06-16 09:28:06,11830.0,18398
2021-06-16 09:28:07,11820.0,18852
2021-06-16 09:28:07,11820.0,18852
2021-06-16 09:28:08,11820.0,18852
2021-06-16 09:28:09,11816.2,18896
2021-06-16 09:28:12,11824.4,18906
2021-06-16 09:28:14,11818.1,18916
2021-06-16 09:28:15,11818.1,18916
2021-06-16 09:28:16,11818.1,18916
2021-06-16 09:28:17,11818.1,18916
2021-06-16 09:28:18,11825.0,18927
2021-06-16 09:28:20,11825.0,18927
2021-06-16 09:28:20,11825.0,18927
2021-06-16 09:28:21,11819.0,18962
2021-06-16 09:28:22,11824.4,18982
2021-06-16 09:28:23,11824.4,18982
2021-06-16 09:28:24,11824.4,18982
2021-06-16 09:28:25,11824.4,18982
2021-06-16 09:28:27,11824.4,18982
2021-06-16 09:28:27,11819.0,18998
2021-06-16 09:28:28,11819.0,18998
2021-06-16 09:28:29,11816.0,19062
2021-06-16 09:28:30,11810.05,19208
2021-06-16 09:28:31,11815.15,19218
2021-06-16 09:28:32,11810.05,19228
2021-06-16 09:28:33,11810.05,19228
2021-06-16 09:28:34,11810.05,19228
2021-06-16 09:28:35,11810.05,19228
2021-06-16 09:28:36,11810.05,19228
2021-06-16 09:28:37,11810.0,19237
2021-06-16 09:28:38,11814.8,19305
2021-06-16 09:28:39,11814.8,19305
2021-06-16 09:28:40,11820.15,19328
2021-06-16 09:28:42,11823.6,19329
2021-06-16 09:28:42,11823.6,19329
2021-06-16 09:28:43,11823.6,19329
2021-06-16 09:28:44,11824.35,19348
2021-06-16 09:28:45,11819.3,19351
2021-06-16 09:28:46,11819.3,19351
2021-06-16 09:28:47,11825.15,19381
2021-06-16 09:28:48,11825.15,19381
2021-06-16 09:28:50,11826.25,19382
2021-06-16 09:28:50,11826.25,19382
2021-06-16 09:28:51,11826.25,19382
2021-06-16 09:28:52,11820.0,19388
2021-06-16 09:28:53,11820.4,19412
2021-06-16 09:28:54,11820.4,19412
2021-06-16 09:28:55,11824.2,19421
2021-06-16 09:28:56,11824.2,19421
2021-06-16 09:28:57,11824.2,19421
2021-06-16 09:28:58,11824.2,19421
2021-06-16 09:28:59,11824.2,19421
2021-06-16 09:29:00,11824.2,19421
2021-06-16 09:29:01,11825.0,19427
2021-06-16 09:29:02,11824.35,19428
2021-06-16 09:29:04,11824.35,19428
2021-06-16 09:29:05,11823.4,19519
2021-06-16 09:29:06,11823.0,19531
2021-06-16 09:29:07,11823.0,19531
2021-06-16 09:29:08,11824.1,19549
2021-06-16 09:29:10,11828.95,19554
2021-06-16 09:29:11,11828.95,19556
2021-06-16 09:29:12,11828.95,19556
2021-06-16 09:29:13,11833.2,19656
2021-06-16 09:29:14,11833.2,19656
2021-06-16 09:29:15,11830.25,19671
2021-06-16 09:29:16,11835.0,19681
2021-06-16 09:29:17,11835.0,19681
2021-06-16 09:29:18,11835.0,19681
2021-06-16 09:29:19,11835.0,19701
2021-06-16 09:29:21,11835.0,19701
2021-06-16 09:29:22,11835.0,19701
2021-06-16 09:29:22,11835.0,19701
2021-06-16 09:29:23,11835.0,19831
2021-06-16 09:29:24,11833.0,19832
2021-06-16 09:29:25,11833.0,19832
2021-06-16 09:29:26,11833.0,19832
2021-06-16 09:29:27,11831.1,19852
2021-06-16 09:29:28,11831.1,19852
2021-06-16 09:29:29,11831.1,19852
2021-06-16 09:29:30,11831.1,19867
2021-06-16 09:29:31,11831.1,19867
2021-06-16 09:29:32,11831.1,19881
2021-06-16 09:29:33,11831.1,19881
2021-06-16 09:29:37,11830.1,19946
2021-06-16 09:29:39,11830.1,19946
2021-06-16 09:29:39,11830.1,19946
2021-06-16 09:29:40,11830.1,19946
2021-06-16 09:29:41,11825.0,19956
2021-06-16 09:29:42,11832.5,19957
2021-06-16 09:29:43,11832.5,19957
2021-06-16 09:29:44,11832.5,19957
2021-06-16 09:29:47,11833.0,19962
2021-06-16 09:29:48,11833.0,19962
2021-06-16 09:29:49,11833.0,19962
2021-06-16 09:29:50,11833.0,19962
2021-06-16 09:29:51,11833.0,19962
2021-06-16 09:29:52,11832.5,19967
2021-06-16 09:29:53,11832.5,19967
2021-06-16 09:29:54,11828.45,20052
2021-06-16 09:29:55,11828.45,20052
2021-06-16 09:29:56,11828.45,20052
2021-06-16 09:29:56,11828.45,20052
2021-06-16 09:29:57,11828.45,20052
2021-06-16 09:29:58,11828.45,20052
2021-06-16 09:29:59,11828.05,20136
2021-06-16 09:30:00,11828.05,20136
2021-06-16 09:30:01,11828.05,20136
2021-06-16 09:30:02,11828.05,20136
2021-06-16 09:30:03,11831.95,20137
2021-06-16 09:30:04,11831.95,20137
2021-06-16 09:30:05,11831.95,20137
2021-06-16 09:30:06,11831.95,20137
2021-06-16 09:30:07,11831.95,20147
2021-06-16 09:30:08,11831.95,20147
2021-06-16 09:30:09,11831.9,20160
2021-06-16 09:30:10,11831.9,20160
2021-06-16 09:30:11,11831.9,20160
2021-06-16 09:30:12,11831.95,20172
2021-06-16 09:30:13,11831.95,20173
2021-06-16 09:30:14,11831.95,20173
2021-06-16 09:30:15,11821.0,20432
2021-06-16 09:30:16,11825.85,20471
2021-06-16 09:30:17,11827.35,20478
2021-06-16 09:30:18,11825.0,20481
2021-06-16 09:30:19,11827.35,20482
2021-06-16 09:30:20,11825.0,20501
2021-06-16 09:30:21,11827.35,20504
2021-06-16 09:30:22,11820.55,20644
2021-06-16 09:30:24,11826.1,20666
2021-06-16 09:30:25,11826.2,20670
2021-06-16 09:30:26,11826.2,20670
2021-06-16 09:30:27,11826.2,20670
2021-06-16 09:30:28,11826.2,20670
2021-06-16 09:30:29,11826.2,20670
2021-06-16 09:30:30,11823.0,20671
2021-06-16 09:30:32,11828.85,20672
2021-06-16 09:30:33,11823.0,20673
2021-06-16 09:30:33,11823.0,20673
2021-06-16 09:30:34,11823.0,20673
2021-06-16 09:30:35,11823.0,20673
2021-06-16 09:30:36,11828.5,20677
2021-06-16 09:30:37,11823.75,20695
2021-06-16 09:30:39,11824.6,20768
2021-06-16 09:30:40,11831.3,20779
2021-06-16 09:30:41,11831.75,20781
2021-06-16 09:30:42,11831.75,20781
2021-06-16 09:30:43,11827.0,20786
2021-06-16 09:30:43,11830.85,20787
2021-06-16 09:30:44,11830.85,20787
2021-06-16 09:30:45,11830.85,20787
2021-06-16 09:30:46,11830.85,20787
2021-06-16 09:30:47,11830.85,20787
2021-06-16 09:30:48,11830.85,20787
2021-06-16 09:30:49,11830.85,20787
2021-06-16 09:30:50,11830.85,20787
2021-06-16 09:30:51,11826.25,20788
2021-06-16 09:30:52,11831.0,20789
2021-06-16 09:30:53,11831.0,20789
2021-06-16 09:30:54,11831.0,20799
2021-06-16 09:30:56,11831.0,20801
2021-06-16 09:30:57,11831.0,20807
2021-06-16 09:30:58,11831.0,20809
2021-06-16 09:30:59,11831.0,20809
2021-06-16 09:31:00,11830.85,20865
2021-06-16 09:31:01,11835.0,20894
2021-06-16 09:31:02,11835.95,20909
2021-06-16 09:31:03,11840.0,20912
2021-06-16 09:31:04,11840.0,20913
2021-06-16 09:31:05,11840.0,20917
2021-06-16 09:31:06,11840.0,20917
2021-06-16 09:31:07,11840.0,20917
2021-06-16 09:31:07,11840.95,20937
2021-06-16 09:31:08,11843.85,20942
2021-06-16 09:31:09,11843.85,20942
2021-06-16 09:31:10,11843.85,20942
2021-06-16 09:31:11,11843.85,20942
2021-06-16 09:31:12,11843.85,20942
2021-06-16 09:31:14,11843.85,20942
2021-06-16 09:31:15,11843.85,20942
2021-06-16 09:31:16,11843.85,20942
2021-06-16 09:31:17,11843.85,20942
2021-06-16 09:31:18,11842.0,20945
2021-06-16 09:31:18,11842.0,20951
2021-06-16 09:31:19,11842.0,20953
2021-06-16 09:31:20,11842.0,20953
2021-06-16 09:31:21,11842.0,20953
2021-06-16 09:31:22,11842.0,20953
2021-06-16 09:31:23,11842.0,20953
2021-06-16 09:31:24,11842.0,20958
2021-06-16 09:31:25,11845.0,20959
2021-06-16 09:31:26,11841.95,20969
2021-06-16 09:31:27,11844.25,20971
2021-06-16 09:31:28,11844.25,20971
2021-06-16 09:31:30,11844.25,20971
2021-06-16 09:31:31,11844.25,20972
2021-06-16 09:31:32,11847.25,21022
2021-06-16 09:31:33,11840.2,21031
2021-06-16 09:31:34,11846.0,21032
2021-06-16 09:31:35,11840.0,21061
2021-06-16 09:31:37,11839.0,21087
2021-06-16 09:31:38,11839.0,21088
2021-06-16 09:31:38,11839.0,21088
2021-06-16 09:31:41,11839.85,21113
2021-06-16 09:31:43,11831.0,21123
2021-06-16 09:31:44,11830.0,21138
2021-06-16 09:31:45,11831.6,21140
2021-06-16 09:31:47,11833.5,21151
2021-06-16 09:31:48,11833.75,21153
2021-06-16 09:31:49,11833.75,21153
2021-06-16 09:31:50,11833.75,21153
2021-06-16 09:31:50,11833.75,21153
2021-06-16 09:31:51,11833.75,21153
2021-06-16 09:31:52,11833.75,21153
2021-06-16 09:31:53,11833.75,21153
2021-06-16 09:31:54,11833.75,21153
2021-06-16 09:31:55,11834.0,21156
2021-06-16 09:31:56,11833.95,21158
2021-06-16 09:31:57,11833.95,21158
2021-06-16 09:31:58,11833.95,21159
2021-06-16 09:31:59,11833.95,21163
2021-06-16 09:32:00,11833.95,21164
2021-06-16 09:32:01,11840.0,21265
2021-06-16 09:32:02,11840.35,21280
2021-06-16 09:32:03,11842.9,21483
2021-06-16 09:32:04,11844.75,21513
2021-06-16 09:32:06,11845.0,21518
2021-06-16 09:32:06,11845.0,21526
2021-06-16 09:32:08,11845.0,21527
2021-06-16 09:32:09,11845.0,21527
2021-06-16 09:32:10,11845.0,21597
2021-06-16 09:32:11,11845.0,21608
2021-06-16 09:32:12,11845.0,21609
2021-06-16 09:32:13,11845.0,21612
2021-06-16 09:32:13,11839.65,21611
2021-06-16 09:32:14,11838.0,21628
2021-06-16 09:32:15,11845.0,21631
2021-06-16 09:32:16,11845.0,21631
2021-06-16 09:32:17,11845.0,21631
2021-06-16 09:32:18,11839.45,21756
2021-06-16 09:32:19,11842.9,21780
2021-06-16 09:32:20,11845.0,21800
2021-06-16 09:32:21,11845.0,21803
2021-06-16 09:32:22,11845.0,21804
2021-06-16 09:32:24,11845.0,21804
2021-06-16 09:32:25,11839.15,21814
2021-06-16 09:32:26,11844.5,21816
2021-06-16 09:32:27,11844.5,21816
2021-06-16 09:32:28,11845.0,21817
2021-06-16 09:32:29,11845.0,21817
2021-06-16 09:32:30,11845.0,21818
2021-06-16 09:32:31,11845.0,21818
2021-06-16 09:32:32,11845.0,21818
2021-06-16 09:32:33,11845.0,21818
2021-06-16 09:32:33,11845.0,21818
2021-06-16 09:32:34,11845.0,21818
2021-06-16 09:32:35,11842.25,21819
2021-06-16 09:32:36,11842.25,21819
2021-06-16 09:32:37,11842.25,21819
2021-06-16 09:32:38,11844.0,21832
2021-06-16 09:32:39,11844.0,21834
2021-06-16 09:32:40,11844.0,21835
2021-06-16 09:32:41,11845.0,21865
2021-06-16 09:32:42,11845.0,21889
2021-06-16 09:32:43,11845.0,21893
2021-06-16 09:32:44,11845.0,21894
2021-06-16 09:32:45,11845.0,21894
2021-06-16 09:32:46,11845.0,21894
2021-06-16 09:32:47,11845.0,21894
2021-06-16 09:32:48,11844.6,21897
2021-06-16 09:32:49,11844.6,21897
2021-06-16 09:32:50,11844.6,21897
2021-06-16 09:32:51,11844.6,21897
2021-06-16 09:32:53,11844.6,21897
2021-06-16 09:32:54,11844.6,21897
2021-06-16 09:32:55,11844.6,21897
2021-06-16 09:32:56,11844.6,21897
2021-06-16 09:32:56,11844.6,21897
2021-06-16 09:32:57,11844.6,21897
2021-06-16 09:32:58,11844.6,21922
2021-06-16 09:32:59,11844.6,22014
2021-06-16 09:33:00,11840.85,22078
2021-06-16 09:33:01,11848.4,22477
2021-06-16 09:33:02,11848.4,22536
2021-06-16 09:33:03,11848.4,22545
2021-06-16 09:33:04,11848.4,22547
2021-06-16 09:33:05,11848.4,22547
2021-06-16 09:33:07,11848.4,22547
2021-06-16 09:33:08,11849.0,22636
2021-06-16 09:33:09,11850.0,22659
2021-06-16 09:33:10,11850.0,22664
2021-06-16 09:33:11,11859.0,23002
2021-06-16 09:33:12,11860.0,23249
2021-06-16 09:33:13,11862.85,23343
2021-06-16 09:33:14,11862.85,23351
2021-06-16 09:33:15,11862.85,23353
2021-06-16 09:33:17,11862.85,23358
2021-06-16 09:33:18,11858.05,23364
2021-06-16 09:33:19,11865.0,23374
2021-06-16 09:33:20,11865.0,23376
2021-06-16 09:33:20,11865.0,23376
2021-06-16 09:33:21,11865.0,23376
2021-06-16 09:33:22,11860.5,23386
2021-06-16 09:33:23,11862.85,23387
2021-06-16 09:33:24,11862.85,23388
2021-06-16 09:33:26,11862.85,23388
2021-06-16 09:33:27,11862.85,23402
2021-06-16 09:33:28,11861.9,23416
2021-06-16 09:33:29,11865.0,23425
2021-06-16 09:33:29,11865.0,23426
2021-06-16 09:33:30,11865.0,23428
2021-06-16 09:33:31,11865.0,23428
2021-06-16 09:33:33,11865.0,23428
2021-06-16 09:33:34,11875.0,24125
2021-06-16 09:33:35,11874.15,24235
2021-06-16 09:33:36,11880.0,24318
2021-06-16 09:33:37,11880.0,24330
2021-06-16 09:33:38,11880.0,24332
2021-06-16 09:33:39,11875.5,24359
2021-06-16 09:33:40,11880.0,24400
2021-06-16 09:33:41,11880.45,24717
2021-06-16 09:33:42,11880.0,24799
2021-06-16 09:33:43,11881.25,24832
2021-06-16 09:33:44,11887.45,24837
2021-06-16 09:33:45,11887.45,24837
2021-06-16 09:33:46,11882.55,24869
2021-06-16 09:33:47,11882.6,24883
2021-06-16 09:33:48,11888.0,24886
2021-06-16 09:33:49,11888.0,24926
2021-06-16 09:33:50,11888.05,24946
2021-06-16 09:33:52,11884.15,24974
2021-06-16 09:33:53,11889.3,25028
2021-06-16 09:33:54,11883.7,25086
2021-06-16 09:33:55,11888.0,25101
2021-06-16 09:33:56,11889.5,25118
2021-06-16 09:33:57,11889.5,25120
2021-06-16 09:33:58,11884.2,25123
2021-06-16 09:33:59,11889.0,25157
2021-06-16 09:34:00,11884.2,25168
2021-06-16 09:34:01,11889.0,25170
2021-06-16 09:34:02,11889.0,25171
2021-06-16 09:34:03,11886.0,25180
2021-06-16 09:34:04,11889.0,25182
2021-06-16 09:34:05,11894.9,25459
2021-06-16 09:34:06,11894.95,25516
2021-06-16 09:34:07,11889.75,25581
2021-06-16 09:34:08,11889.75,25602
2021-06-16 09:34:09,11888.85,25654
2021-06-16 09:34:10,11889.0,25663
2021-06-16 09:34:12,11894.0,25700
2021-06-16 09:34:13,11894.0,25701
2021-06-16 09:34:15,11890.0,25951
2021-06-16 09:34:16,11896.0,25996
2021-06-16 09:34:17,11895.95,26005
2021-06-16 09:34:18,11890.1,26011
2021-06-16 09:34:19,11896.15,26053
2021-06-16 09:34:20,11898.0,26071
2021-06-16 09:34:21,11897.5,26076
2021-06-16 09:34:21,11897.95,26077
2021-06-16 09:34:22,11891.6,26108
2021-06-16 09:34:23,11898.0,26120
2021-06-16 09:34:25,11910.0,27429
2021-06-16 09:34:27,11915.7,27535
2021-06-16 09:34:27,11917.45,27568
2021-06-16 09:34:29,11917.0,27663
2021-06-16 09:34:30,11918.55,27694
2021-06-16 09:34:31,11915.7,27747
2021-06-16 09:34:32,11918.4,27787
2021-06-16 09:34:33,11918.8,27929
2021-06-16 09:34:34,11920.0,28084
2021-06-16 09:34:35,11919.95,28112
2021-06-16 09:34:37,11920.0,28237
2021-06-16 09:34:38,11915.7,28295
2021-06-16 09:34:39,11919.95,28342
2021-06-16 09:34:40,11917.85,28359
2021-06-16 09:34:40,11917.85,28367
2021-06-16 09:34:42,11914.0,28484
2021-06-16 09:34:43,11915.15,28503
2021-06-16 09:34:45,11920.0,28641
2021-06-16 09:34:46,11923.55,28672
2021-06-16 09:34:47,11920.0,28681
2021-06-16 09:34:48,11920.0,28694
2021-06-16 09:34:49,11924.0,28714
2021-06-16 09:34:50,11924.0,28773
2021-06-16 09:34:51,11923.95,28939
2021-06-16 09:34:52,11923.95,28951
2021-06-16 09:34:53,11902.0,29162
2021-06-16 09:34:55,11909.3,29276
2021-06-16 09:34:56,11908.95,29317
2021-06-16 09:34:57,11902.55,29324
2021-06-16 09:34:58,11908.95,29325
2021-06-16 09:34:59,11908.7,29326
2021-06-16 09:35:00,11902.55,29327
2021-06-16 09:35:01,11902.7,29329
2021-06-16 09:35:02,11903.05,29350
2021-06-16 09:35:02,11908.75,29353
2021-06-16 09:35:04,11908.45,29360
2021-06-16 09:35:05,11908.0,29362
2021-06-16 09:35:06,11908.45,29364
2021-06-16 09:35:07,11905.0,29535
2021-06-16 09:35:08,11905.0,29571
2021-06-16 09:35:09,11906.8,29616
2021-06-16 09:35:10,11910.1,29746
2021-06-16 09:35:11,11907.6,29783
2021-06-16 09:35:12,11904.1,29809
2021-06-16 09:35:13,11910.0,29813
2021-06-16 09:35:15,11901.2,29873
2021-06-16 09:35:16,11901.65,29969
2021-06-16 09:35:17,11901.65,29989
2021-06-16 09:35:17,11905.2,29992
2021-06-16 09:35:18,11900.0,30000
2021-06-16 09:35:19,11894.0,30136
2021-06-16 09:35:22,11894.8,30347
2021-06-16 09:35:24,11894.1,30681
2021-06-16 09:35:25,11890.0,30758
2021-06-16 09:35:26,11895.45,30800
2021-06-16 09:35:27,11896.2,30903
2021-06-16 09:35:28,11890.1,30918
2021-06-16 09:35:30,11889.85,30945
2021-06-16 09:35:30,11892.3,31119
2021-06-16 09:35:31,11898.3,31145
2021-06-16 09:35:32,11891.25,31152
2021-06-16 09:35:33,11891.25,31154
2021-06-16 09:35:34,11894.05,31157
2021-06-16 09:35:36,11887.15,31377
2021-06-16 09:35:37,11890.2,31553
2021-06-16 09:35:38,11894.8,31586
2021-06-16 09:35:39,11892.0,31594
2021-06-16 09:35:40,11894.8,31597
2021-06-16 09:35:41,11892.0,31629
2021-06-16 09:35:42,11890.0,31679
2021-06-16 09:35:43,11890.0,31695
2021-06-16 09:35:44,11890.0,31702
2021-06-16 09:35:46,11887.05,31710
2021-06-16 09:35:47,11893.5,31711
2021-06-16 09:35:48,11893.55,31712
2021-06-16 09:35:49,11887.75,31733
2021-06-16 09:35:51,11893.7,31886
2021-06-16 09:35:52,11893.65,31910
2021-06-16 09:35:53,11893.65,31914
2021-06-16 09:35:54,11887.2,31929
2021-06-16 09:35:55,11887.15,31958
2021-06-16 09:35:56,11893.4,32064
2021-06-16 09:35:57,11893.3,32082
2021-06-16 09:35:58,11893.2,32085
2021-06-16 09:35:59,11885.8,32135
2021-06-16 09:36:00,11893.0,32244
2021-06-16 09:36:01,11887.1,32365
2021-06-16 09:36:02,11891.7,32384
2021-06-16 09:36:03,11890.15,32396
2021-06-16 09:36:05,11890.1,32410
2021-06-16 09:36:04,11893.0,32406
2021-06-16 09:36:07,11890.1,32434
2021-06-16 09:36:08,11887.45,32459
2021-06-16 09:36:09,11890.05,32471
2021-06-16 09:36:10,11894.95,32475
2021-06-16 09:36:11,11890.0,32536
2021-06-16 09:36:12,11894.8,32545
2021-06-16 09:36:13,11894.8,32552
2021-06-16 09:36:14,11896.2,32556
2021-06-16 09:36:15,11897.4,32593
2021-06-16 09:36:16,11897.4,32617
2021-06-16 09:36:17,11900.0,32620
2021-06-16 09:36:18,11900.0,32722
2021-06-16 09:36:19,11893.45,32758
2021-06-16 09:36:20,11896.95,32766
2021-06-16 09:36:21,11896.95,32789
2021-06-16 09:36:22,11896.9,32802
2021-06-16 09:36:23,11891.95,32812
2021-06-16 09:36:24,11895.9,32819
2021-06-16 09:36:25,11895.9,32820
2021-06-16 09:36:26,11896.5,32822
2021-06-16 09:36:27,11896.5,32822
2021-06-16 09:36:28,11897.0,32882
2021-06-16 09:36:29,11895.9,32901
2021-06-16 09:36:30,11897.75,32939
2021-06-16 09:36:31,11897.75,32961
2021-06-16 09:36:32,11897.75,32964
2021-06-16 09:36:34,11900.0,33040
2021-06-16 09:36:35,11900.0,33042
2021-06-16 09:36:36,11900.0,33075
2021-06-16 09:36:38,11899.2,33165
2021-06-16 09:36:37,11896.5,33157
2021-06-16 09:36:39,11899.4,33181
2021-06-16 09:36:40,11899.4,33189
2021-06-16 09:36:41,11897.8,33201
2021-06-16 09:36:42,11900.0,33207
2021-06-16 09:36:43,11899.4,33235
2021-06-16 09:36:44,11900.0,33252
2021-06-16 09:36:45,11900.0,33255
2021-06-16 09:36:46,11900.0,33286
2021-06-16 09:36:47,11900.0,33311
2021-06-16 09:36:48,11900.0,33316
2021-06-16 09:36:50,11900.0,33363
2021-06-16 09:36:51,11897.0,33375
2021-06-16 09:36:52,11900.0,33377
2021-06-16 09:36:53,11900.0,33377
2021-06-16 09:36:54,11897.0,33396
2021-06-16 09:36:55,11900.0,33399
2021-06-16 09:36:56,11892.4,33449
2021-06-16 09:36:57,11896.0,33457
2021-06-16 09:36:58,11896.0,33458
2021-06-16 09:36:59,11895.0,33459
2021-06-16 09:37:00,11895.65,33465
2021-06-16 09:37:02,11898.95,33469
2021-06-16 09:37:03,11885.9,33520
2021-06-16 09:37:04,11892.85,33597
2021-06-16 09:37:05,11890.3,33611
2021-06-16 09:37:06,11885.8,33676
2021-06-16 09:37:09,11882.0,33893
2021-06-16 09:37:08,11889.0,33726
2021-06-16 09:37:10,11881.0,33928
2021-06-16 09:37:11,11882.35,33935
2021-06-16 09:37:12,11882.4,33946
2021-06-16 09:37:13,11886.6,33996
2021-06-16 09:37:14,11887.95,34074
2021-06-16 09:37:15,11888.95,34085
2021-06-16 09:37:16,11888.35,34088
2021-06-16 09:37:17,11882.5,34091
2021-06-16 09:37:18,11882.5,34091
2021-06-16 09:37:19,11888.4,34099
2021-06-16 09:37:20,11888.4,34100
2021-06-16 09:37:21,11887.95,34110
2021-06-16 09:37:22,11883.4,34164
2021-06-16 09:37:23,11883.4,34164
2021-06-16 09:37:24,11883.4,34164
2021-06-16 09:37:25,11888.95,34175
2021-06-16 09:37:26,11888.95,34177
2021-06-16 09:37:27,11892.05,34877
2021-06-16 09:37:28,11896.0,34907
2021-06-16 09:37:29,11899.8,34988
2021-06-16 09:37:30,11899.8,35004
2021-06-16 09:37:32,11896.55,35008
2021-06-16 09:37:34,11899.0,35009
2021-06-16 09:37:35,11896.55,35054
2021-06-16 09:37:36,11896.5,35061
2021-06-16 09:37:37,11896.45,35062
2021-06-16 09:37:38,11890.0,35063
2021-06-16 09:37:39,11890.0,35063
2021-06-16 09:37:40,11890.0,35063
2021-06-16 09:37:41,11890.0,35065
2021-06-16 09:37:43,11890.45,35089
2021-06-16 09:37:44,11891.0,35096
2021-06-16 09:37:45,11895.7,35101
2021-06-16 09:37:47,11890.45,35107
2021-06-16 09:37:48,11890.45,35108
2021-06-16 09:37:48,11890.0,35114
2021-06-16 09:37:49,11890.0,35120
2021-06-16 09:37:50,11894.9,35121
2021-06-16 09:37:51,11894.9,35124
2021-06-16 09:37:52,11894.9,35126
2021-06-16 09:37:53,11894.9,35126
2021-06-16 09:37:54,11888.4,35166
2021-06-16 09:37:56,11888.45,35182
2021-06-16 09:37:56,11893.8,35185
2021-06-16 09:37:57,11894.8,35267
2021-06-16 09:37:58,11890.0,35281
2021-06-16 09:37:59,11890.0,35294
2021-06-16 09:38:00,11894.55,35295
2021-06-16 09:38:01,11895.0,35316
2021-06-16 09:38:02,11895.0,35319
2021-06-16 09:38:03,11895.0,35324
2021-06-16 09:38:04,11895.7,35349
2021-06-16 09:38:05,11895.7,35353
2021-06-16 09:38:07,11890.8,35355
2021-06-16 09:38:08,11893.45,35356
2021-06-16 09:38:09,11872.2,35830
2021-06-16 09:38:09,11893.45,35366
2021-06-16 09:38:10,11885.55,35947
2021-06-16 09:38:11,11887.3,35992
2021-06-16 09:38:12,11885.3,35999
2021-06-16 09:38:14,11884.0,36020
2021-06-16 09:38:14,11884.0,36020
2021-06-16 09:38:15,11887.3,36027
2021-06-16 09:38:16,11894.05,36032
2021-06-16 09:38:18,11888.05,36034
2021-06-16 09:38:19,11888.05,36034
2021-06-16 09:38:20,11888.05,36034
2021-06-16 09:38:21,11895.0,36086
2021-06-16 09:38:22,11895.0,36096
2021-06-16 09:38:24,11893.15,36098
2021-06-16 09:38:24,11893.15,36098
2021-06-16 09:38:25,11893.15,36098
2021-06-16 09:38:26,11890.1,36122
2021-06-16 09:38:27,11884.4,36242
2021-06-16 09:38:28,11890.0,36243
2021-06-16 09:38:29,11890.0,36267
2021-06-16 09:38:31,11890.0,36270
2021-06-16 09:38:31,11890.0,36271
2021-06-16 09:38:32,11890.0,36271
2021-06-16 09:38:33,11890.0,36271
2021-06-16 09:38:34,11890.0,36292
2021-06-16 09:38:35,11890.0,36295
2021-06-16 09:38:37,11890.0,36304
2021-06-16 09:38:38,11890.0,36304
2021-06-16 09:38:39,11890.0,36304
2021-06-16 09:38:40,11890.0,36304
2021-06-16 09:38:41,11890.0,36305
2021-06-16 09:38:42,11890.0,36316
2021-06-16 09:38:44,11885.5,36319
2021-06-16 09:38:44,11885.5,36319
2021-06-16 09:38:45,11889.7,36423
2021-06-16 09:38:46,11889.7,36436
2021-06-16 09:38:47,11890.0,36442
2021-06-16 09:38:49,11885.05,36453
2021-06-16 09:38:50,11883.05,36480
2021-06-16 09:38:50,11883.05,36480
2021-06-16 09:38:51,11883.05,36480
2021-06-16 09:38:52,11888.95,36485
2021-06-16 09:38:53,11888.7,36486
2021-06-16 09:38:55,11883.05,36487
2021-06-16 09:38:56,11883.05,36487
2021-06-16 09:38:57,11889.9,36493
2021-06-16 09:38:59,11889.9,36494
2021-06-16 09:38:59,11889.9,36494
2021-06-16 09:39:00,11889.9,36494
2021-06-16 09:39:01,11889.9,36494
2021-06-16 09:39:02,11889.75,36499
2021-06-16 09:39:03,11889.75,36500
2021-06-16 09:39:04,11883.0,36603
2021-06-16 09:39:06,11883.0,36603
2021-06-16 09:39:07,11889.9,36657
2021-06-16 09:39:07,11889.6,36650
2021-06-16 09:39:08,11889.0,36661
2021-06-16 09:39:09,11888.6,36743
2021-06-16 09:39:10,11888.6,36754
2021-06-16 09:39:11,11888.6,36758
2021-06-16 09:39:12,11888.95,36759
2021-06-16 09:39:13,11883.0,36809
2021-06-16 09:39:14,11883.0,36809
2021-06-16 09:39:15,11889.0,36819
2021-06-16 09:39:16,11889.9,36834
2021-06-16 09:39:18,11888.6,36839
2021-06-16 09:39:19,11884.65,36885
2021-06-16 09:39:20,11889.85,36889
2021-06-16 09:39:21,11889.85,36889
2021-06-16 09:39:22,11889.85,36924
2021-06-16 09:39:23,11884.5,36925
2021-06-16 09:39:24,11889.9,36950
2021-06-16 09:39:25,11889.9,36954
2021-06-16 09:39:26,11884.35,36975
2021-06-16 09:39:27,11885.0,36977
2021-06-16 09:39:28,11889.7,36997
2021-06-16 09:39:29,11883.15,37012
2021-06-16 09:39:30,11885.0,37013
2021-06-16 09:39:31,11889.7,37018
2021-06-16 09:39:32,11889.7,37021
2021-06-16 09:39:33,11885.0,37023
2021-06-16 09:39:34,11883.35,37123
2021-06-16 09:39:35,11889.0,37137
2021-06-16 09:39:36,11885.0,37164
2021-06-16 09:39:38,11885.0,37165
2021-06-16 09:39:38,11885.0,37165
2021-06-16 09:39:39,11888.95,37169
2021-06-16 09:39:40,11888.95,37180
2021-06-16 09:39:41,11888.95,37181
2021-06-16 09:39:42,11889.0,37183
2021-06-16 09:39:44,11884.0,37184
2021-06-16 09:39:45,11884.0,37187
2021-06-16 09:39:46,11888.7,37205
2021-06-16 09:39:47,11888.7,37209
2021-06-16 09:39:48,11888.7,37209
2021-06-16 09:39:49,11884.0,37218
2021-06-16 09:39:50,11871.65,37579
2021-06-16 09:39:51,11872.35,37659
2021-06-16 09:39:52,11872.35,37675
2021-06-16 09:39:53,11872.0,37678
2021-06-16 09:39:54,11872.0,37679
2021-06-16 09:39:55,11872.0,37680
2021-06-16 09:39:57,11867.0,37690
2021-06-16 09:39:58,11871.95,37692
2021-06-16 09:39:59,11871.95,37695
2021-06-16 09:40:02,11866.95,37700
2021-06-16 09:40:03,11871.6,37801
2021-06-16 09:40:04,11871.95,37820
2021-06-16 09:40:05,11871.95,37824
2021-06-16 09:40:05,11871.9,37832
2021-06-16 09:40:06,11871.65,37833
2021-06-16 09:40:07,11865.9,37893
2021-06-16 09:40:08,11871.45,37906
2021-06-16 09:40:10,11865.65,37931
2021-06-16 09:40:11,11868.9,37936
2021-06-16 09:40:12,11867.95,38062
2021-06-16 09:40:12,11871.95,38063
2021-06-16 09:40:13,11871.95,38084
2021-06-16 09:40:14,11876.05,38094
2021-06-16 09:40:15,11876.05,38096
2021-06-16 09:40:16,11877.0,38100
2021-06-16 09:40:17,11872.05,38117
2021-06-16 09:40:18,11876.0,38122
2021-06-16 09:40:20,11876.0,38123
2021-06-16 09:40:20,11876.0,38123
2021-06-16 09:40:22,11876.0,38123
2021-06-16 09:40:22,11876.0,38123
2021-06-16 09:40:23,11876.0,38123
2021-06-16 09:40:26,11878.85,38126
2021-06-16 09:40:26,11878.4,38131
2021-06-16 09:40:28,11878.85,38132
2021-06-16 09:40:28,11880.0,38142
2021-06-16 09:40:29,11880.0,38144
2021-06-16 09:40:30,11880.0,38145
2021-06-16 09:40:31,11880.0,38155
2021-06-16 09:40:32,11880.0,38157
2021-06-16 09:40:33,11880.0,38157
2021-06-16 09:40:34,11880.0,38158
2021-06-16 09:40:35,11879.7,38159
2021-06-16 09:40:36,11879.7,38159
2021-06-16 09:40:38,11878.85,38170
2021-06-16 09:40:38,11878.85,38172
2021-06-16 09:40:39,11878.35,38173
2021-06-16 09:40:41,11878.35,38174
2021-06-16 09:40:41,11878.35,38174
2021-06-16 09:40:42,11876.0,38194
2021-06-16 09:40:43,11878.35,38199
2021-06-16 09:40:44,11878.85,38200
2021-06-16 09:40:45,11878.85,38200
2021-06-16 09:40:46,11876.2,38240
2021-06-16 09:40:48,11879.6,38254
2021-06-16 09:40:49,11879.6,38258
2021-06-16 09:40:50,11878.85,38264
2021-06-16 09:40:51,11880.0,38272
2021-06-16 09:40:52,11880.0,38274
2021-06-16 09:40:53,11880.0,38274
2021-06-16 09:40:55,11880.0,38284
2021-06-16 09:40:56,11880.0,38286
2021-06-16 09:40:56,11880.0,38287
2021-06-16 09:40:57,11880.0,38287
2021-06-16 09:40:58,11880.0,38287
2021-06-16 09:40:59,11880.0,38304
2021-06-16 09:41:00,11880.0,38307
2021-06-16 09:41:02,11880.0,38308
2021-06-16 09:41:04,11880.0,38368
2021-06-16 09:41:05,11879.6,38379
2021-06-16 09:41:06,11879.6,38382
2021-06-16 09:41:06,11879.6,38382
2021-06-16 09:41:07,11879.6,38382
2021-06-16 09:41:08,11877.0,38459
2021-06-16 09:41:09,11878.85,38463
2021-06-16 09:41:10,11878.85,38463
2021-06-16 09:41:13,11880.0,38478
2021-06-16 09:41:13,11877.0,38504
2021-06-16 09:41:14,11880.0,38510
2021-06-16 09:41:16,11879.8,38561
2021-06-16 09:41:17,11879.1,38598
2021-06-16 09:41:18,11879.8,38649
2021-06-16 09:41:19,11879.7,38657
2021-06-16 09:41:21,11879.7,38658
2021-06-16 09:41:22,11879.65,38659
2021-06-16 09:41:23,11879.65,38659
2021-06-16 09:41:23,11879.65,38659
2021-06-16 09:41:24,11879.65,38659
2021-06-16 09:41:25,11879.65,38659
2021-06-16 09:41:26,11875.0,38678
2021-06-16 09:41:27,11878.0,38682
2021-06-16 09:41:29,11875.0,38693
2021-06-16 09:41:30,11879.4,38709
2021-06-16 09:41:31,11879.4,38728
2021-06-16 09:41:31,11879.4,38732
2021-06-16 09:41:32,11879.4,38742
2021-06-16 09:41:33,11879.4,38744
2021-06-16 09:41:35,11879.4,38745
2021-06-16 09:41:36,11879.4,38745
2021-06-16 09:41:37,11879.4,38745
2021-06-16 09:41:39,11877.0,38765
2021-06-16 09:41:40,11879.4,38769
2021-06-16 09:41:41,11879.65,38770
2021-06-16 09:41:42,11875.45,38780
2021-06-16 09:41:42,11879.65,38782
2021-06-16 09:41:43,11879.65,38782
2021-06-16 09:41:45,11875.0,38792
2021-06-16 09:41:46,11875.05,38804
2021-06-16 09:41:47,11879.0,38807
2021-06-16 09:41:48,11880.0,38909
2021-06-16 09:41:49,11880.0,38930
2021-06-16 09:41:50,11879.4,38934
2021-06-16 09:41:50,11879.4,38935
2021-06-16 09:41:51,11882.6,39035
2021-06-16 09:41:52,11881.0,39055
2021-06-16 09:41:54,11882.35,39059
2021-06-16 09:41:55,11882.35,39065
2021-06-16 09:41:56,11882.35,39066
2021-06-16 09:41:57,11882.85,39114
2021-06-16 09:41:58,11883.0,39122
2021-06-16 09:41:58,11883.5,39124
2021-06-16 09:41:59,11883.5,39126
2021-06-16 09:42:01,11883.5,39126
2021-06-16 09:42:02,11876.4,39139
2021-06-16 09:42:03,11882.7,39142
2021-06-16 09:42:05,11882.35,39143
2021-06-16 09:42:06,11882.35,39153
2021-06-16 09:42:07,11882.35,39156
2021-06-16 09:42:08,11882.35,39156
2021-06-16 09:42:10,11880.7,39164
2021-06-16 09:42:12,11882.0,39175
2021-06-16 09:42:13,11882.0,39186
2021-06-16 09:42:14,11882.0,39189
2021-06-16 09:42:15,11873.55,39564
2021-06-16 09:42:16,11877.8,39601
2021-06-16 09:42:17,11882.95,39720
2021-06-16 09:42:17,11883.5,39773
2021-06-16 09:42:18,11886.45,40473
2021-06-16 09:42:20,11895.0,40565
2021-06-16 09:42:21,11895.0,40600
2021-06-16 09:42:22,11889.6,40646
2021-06-16 09:42:22,11895.0,40653
2021-06-16 09:42:23,11895.0,40654
2021-06-16 09:42:24,11899.0,40699
2021-06-16 09:42:25,11894.5,40821
2021-06-16 09:42:26,11894.9,40854
2021-06-16 09:42:27,11894.9,40867
2021-06-16 09:42:31,11892.85,40892
2021-06-16 09:42:33,11898.95,40894
2021-06-16 09:42:34,11898.95,40894
2021-06-16 09:42:35,11898.0,40950
2021-06-16 09:42:35,11890.9,40944
2021-06-16 09:42:36,11899.0,40956
2021-06-16 09:42:38,11899.0,40958
2021-06-16 09:42:39,11899.0,40960
2021-06-16 09:42:40,11899.0,40971
2021-06-16 09:42:41,11898.95,40975
2021-06-16 09:42:42,11893.95,40976
2021-06-16 09:42:44,11893.95,40976
2021-06-16 09:42:45,11898.95,40988
2021-06-16 09:42:46,11898.95,40990
2021-06-16 09:42:48,11890.25,41025
2021-06-16 09:42:48,11896.55,41027
2021-06-16 09:42:51,11895.5,41028
2021-06-16 09:42:52,11895.5,41028
2021-06-16 09:42:53,11890.0,41039
2021-06-16 09:42:54,11888.05,41062
2021-06-16 09:42:55,11891.2,41065
2021-06-16 09:42:56,11891.9,41066
2021-06-16 09:42:57,11888.4,41086
2021-06-16 09:42:58,11884.4,41089
2021-06-16 09:42:59,11884.4,41089
2021-06-16 09:43:00,11891.0,41090
2021-06-16 09:43:01,11883.65,41161
2021-06-16 09:43:02,11890.55,41163
2021-06-16 09:43:03,11890.55,41177
2021-06-16 09:43:03,11891.6,41279
2021-06-16 09:43:05,11893.9,41295
2021-06-16 09:43:06,11884.0,41314
2021-06-16 09:43:07,11884.0,41314
2021-06-16 09:43:08,11889.2,41323
2021-06-16 09:43:09,11889.15,41327
2021-06-16 09:43:11,11889.15,41327
2021-06-16 09:43:12,11889.15,41327
2021-06-16 09:43:14,11888.65,41349
2021-06-16 09:43:16,11888.7,41350
2021-06-16 09:43:17,11888.7,41351
2021-06-16 09:43:18,11888.7,41351
2021-06-16 09:43:19,11888.7,41351
2021-06-16 09:43:20,11880.55,41476
2021-06-16 09:43:21,11880.55,41476
2021-06-16 09:43:21,11889.55,41478
2021-06-16 09:43:22,11889.8,41504
2021-06-16 09:43:23,11889.0,41508
2021-06-16 09:43:24,11888.8,41509
2021-06-16 09:43:25,11888.8,41509
2021-06-16 09:43:28,11889.75,41542
2021-06-16 09:43:29,11883.15,41551
2021-06-16 09:43:30,11890.0,41556
2021-06-16 09:43:30,11890.0,41556
2021-06-16 09:43:31,11889.95,41559
2021-06-16 09:43:32,11889.95,41585
2021-06-16 09:43:33,11890.0,41589
2021-06-16 09:43:35,11882.4,41660
2021-06-16 09:43:36,11882.4,41660
2021-06-16 09:43:37,11888.8,41686
2021-06-16 09:43:38,11888.75,41693
2021-06-16 09:43:39,11888.65,41694
2021-06-16 09:43:39,11888.65,41694
2021-06-16 09:43:40,11888.65,41694
2021-06-16 09:43:41,11885.1,41696
2021-06-16 09:43:43,11890.0,41697
2021-06-16 09:43:46,11890.0,41715
2021-06-16 09:43:47,11890.0,41717
2021-06-16 09:43:48,11890.0,41717
2021-06-16 09:43:49,11885.1,41724
2021-06-16 09:43:50,11882.4,41727
2021-06-16 09:43:51,11885.05,41730
2021-06-16 09:43:52,11885.05,41731
2021-06-16 09:43:53,11885.05,41731
2021-06-16 09:43:54,11885.05,41731
2021-06-16 09:43:55,11885.05,41731
2021-06-16 09:43:56,11885.05,41731
2021-06-16 09:43:56,11885.05,41731
2021-06-16 09:43:57,11881.0,41756
2021-06-16 09:43:59,11884.8,41761
2021-06-16 09:44:00,11884.8,41761
2021-06-16 09:44:01,11885.1,41762
2021-06-16 09:44:02,11885.1,41762
2021-06-16 09:44:03,11885.1,41762
2021-06-16 09:44:04,11885.1,41762
2021-06-16 09:44:04,11885.1,41762
2021-06-16 09:44:06,11884.95,41763
2021-06-16 09:44:07,11883.0,41769
2021-06-16 09:44:09,11885.0,41770
2021-06-16 09:44:10,11885.0,41774
2021-06-16 09:44:11,11885.0,41775
2021-06-16 09:44:11,11885.0,41775
2021-06-16 09:44:12,11881.0,41785
2021-06-16 09:44:14,11881.0,41807
2021-06-16 09:44:14,11885.0,41812
2021-06-16 09:44:16,11885.0,41813
2021-06-16 09:44:17,11885.0,41813
2021-06-16 09:44:18,11886.9,41863
2021-06-16 09:44:19,11882.25,41895
2021-06-16 09:44:20,11882.25,41895
2021-06-16 09:44:21,11888.85,41901
2021-06-16 09:44:22,11882.35,41932
2021-06-16 09:44:22,11882.35,41932
2021-06-16 09:44:24,11882.35,41932
2021-06-16 09:44:25,11885.0,41942
2021-06-16 09:44:26,11885.0,41942
2021-06-16 09:44:28,11885.0,41950
2021-06-16 09:44:29,11885.0,41951
2021-06-16 09:44:29,11885.0,41951
2021-06-16 09:44:31,11881.25,41953
2021-06-16 09:44:32,11881.25,41953
2021-06-16 09:44:33,11881.25,41953
2021-06-16 09:44:34,11884.75,42013
2021-06-16 09:44:34,11881.0,42003
2021-06-16 09:44:35,11884.95,42015
2021-06-16 09:44:37,11881.0,42026
2021-06-16 09:44:38,11884.8,42028
2021-06-16 09:44:39,11877.15,42058
2021-06-16 09:44:40,11883.9,42071
2021-06-16 09:44:41,11883.9,42074
2021-06-16 09:44:42,11881.2,42075
2021-06-16 09:44:44,11885.0,42076
2021-06-16 09:44:43,11885.0,42076
2021-06-16 09:44:45,11885.0,42076
2021-06-16 09:44:46,11885.0,42076
2021-06-16 09:44:47,11885.0,42076
2021-06-16 09:44:48,11885.0,42126
2021-06-16 09:44:49,11885.0,42135
2021-06-16 09:44:49,11885.0,42135
2021-06-16 09:44:50,11877.6,42193
2021-06-16 09:44:51,11884.95,42205
2021-06-16 09:44:52,11887.6,42407
2021-06-16 09:44:54,11887.55,42438
2021-06-16 09:44:55,11887.4,42461
2021-06-16 09:44:56,11887.4,42465
2021-06-16 09:44:57,11885.0,42475
2021-06-16 09:44:58,11885.0,42475
2021-06-16 09:44:59,11882.4,42478
2021-06-16 09:45:00,11885.0,42479
2021-06-16 09:45:00,11885.0,42479
2021-06-16 09:45:01,11885.0,42479
2021-06-16 09:45:03,11885.0,42481
2021-06-16 09:45:04,11885.0,42481
2021-06-16 09:45:05,11885.0,42481
2021-06-16 09:45:06,11885.0,42486
2021-06-16 09:45:07,11885.0,42487
2021-06-16 09:45:07,11885.0,42488
2021-06-16 09:45:09,11885.1,42533
2021-06-16 09:45:10,11888.0,42560
2021-06-16 09:45:11,11887.65,42604
2021-06-16 09:45:12,11888.0,42611
2021-06-16 09:45:13,11887.0,42612
2021-06-16 09:45:14,11888.0,42613
2021-06-16 09:45:16,11888.0,42615
2021-06-16 09:45:17,11888.0,42616
2021-06-16 09:45:18,11888.0,42616
2021-06-16 09:45:18,11888.0,42616
2021-06-16 09:45:20,11885.0,42622
2021-06-16 09:45:21,11885.0,42622
2021-06-16 09:45:22,11888.0,42623
2021-06-16 09:45:23,11888.0,42623
2021-06-16 09:45:23,11888.0,42623
2021-06-16 09:45:25,11885.0,42625
2021-06-16 09:45:26,11885.0,42625
2021-06-16 09:45:29,11885.0,42625
2021-06-16 09:45:30,11888.0,42631
2021-06-16 09:45:32,11888.0,42631
2021-06-16 09:45:33,11885.0,42641
2021-06-16 09:45:34,11888.0,42651
2021-06-16 09:45:35,11888.0,42655
2021-06-16 09:45:37,11885.0,42698
2021-06-16 09:45:38,11885.0,42707
2021-06-16 09:45:40,11885.0,42708
2021-06-16 09:45:41,11885.0,42715
2021-06-16 09:45:43,11888.0,42719
2021-06-16 09:45:44,11888.0,42719
2021-06-16 09:45:44,11888.0,42719
2021-06-16 09:45:46,11888.0,42720
2021-06-16 09:45:47,11888.0,42721
2021-06-16 09:45:48,11888.0,42722
2021-06-16 09:45:49,11888.0,42722
2021-06-16 09:45:50,11888.0,42933
2021-06-16 09:45:51,11888.0,42964
2021-06-16 09:45:52,11888.0,42969
2021-06-16 09:45:53,11888.0,42970
2021-06-16 09:45:54,11888.0,42970
2021-06-16 09:45:55,11888.0,42970
2021-06-16 09:45:55,11888.0,42970
2021-06-16 09:45:57,11885.0,42973
2021-06-16 09:45:58,11885.0,42973
2021-06-16 09:45:59,11888.0,42974
2021-06-16 09:46:00,11875.85,43372
2021-06-16 09:46:01,11876.75,43473
2021-06-16 09:46:03,11873.35,43505
2021-06-16 09:46:04,11880.85,43512
2021-06-16 09:46:05,11880.65,43513
2021-06-16 09:46:06,11881.95,43516
2021-06-16 09:46:07,11881.85,43517
2021-06-16 09:46:08,11875.7,43519
2021-06-16 09:46:09,11875.7,43522
2021-06-16 09:46:10,11875.7,43522
2021-06-16 09:46:11,11875.75,43523
2021-06-16 09:46:13,11881.75,43533
2021-06-16 09:46:14,11880.0,43538
2021-06-16 09:46:15,11880.0,43541
2021-06-16 09:46:16,11885.0,43542
2021-06-16 09:46:17,11885.0,43542
2021-06-16 09:46:18,11885.0,43542
2021-06-16 09:46:19,11885.0,43542
2021-06-16 09:46:20,11885.0,43542
2021-06-16 09:46:21,11885.0,43542
2021-06-16 09:46:22,11885.0,43542
2021-06-16 09:46:23,11885.0,43542
2021-06-16 09:46:24,11880.05,43547
2021-06-16 09:46:25,11884.95,43549
2021-06-16 09:46:26,11884.35,43551
2021-06-16 09:46:27,11884.35,43552
2021-06-16 09:46:28,11884.95,43553
2021-06-16 09:46:29,11880.05,43578
2021-06-16 09:46:30,11880.0,43610
2021-06-16 09:46:31,11880.05,43634
2021-06-16 09:46:32,11880.05,43638
2021-06-16 09:46:33,11880.0,43644
2021-06-16 09:46:34,11880.0,43651
2021-06-16 09:46:35,11876.45,43658
2021-06-16 09:46:36,11880.0,43659
2021-06-16 09:46:37,11880.0,43660
2021-06-16 09:46:38,11880.0,43694
2021-06-16 09:46:39,11880.05,43696
2021-06-16 09:46:40,11880.0,43706
2021-06-16 09:46:41,11883.8,43708
2021-06-16 09:46:42,11883.8,43708
2021-06-16 09:46:43,11883.8,43708
2021-06-16 09:46:44,11883.8,43708
2021-06-16 09:46:45,11883.8,43708
2021-06-16 09:46:46,11883.8,43708
2021-06-16 09:46:47,11880.0,43751
2021-06-16 09:46:48,11883.95,43763
2021-06-16 09:46:51,11883.95,43906
2021-06-16 09:46:52,11883.95,43927
2021-06-16 09:46:53,11880.0,43932
2021-06-16 09:46:55,11883.0,43933
2021-06-16 09:46:56,11883.0,43934
2021-06-16 09:46:57,11883.0,43934
2021-06-16 09:46:58,11883.0,43934
2021-06-16 09:46:59,11883.0,43934
2021-06-16 09:47:00,11883.0,43934
2021-06-16 09:47:01,11883.0,43934
2021-06-16 09:47:02,11883.0,43934
2021-06-16 09:47:03,11883.0,43934
2021-06-16 09:47:04,11883.0,43934
2021-06-16 09:47:05,11883.0,43934
2021-06-16 09:47:06,11883.0,43934
2021-06-16 09:47:07,11883.0,43934
2021-06-16 09:47:08,11883.0,43969
2021-06-16 09:47:09,11882.9,43976
2021-06-16 09:47:10,11883.0,43978
2021-06-16 09:47:11,11872.4,44342
2021-06-16 09:47:12,11872.45,44436
2021-06-16 09:47:13,11870.55,44461
2021-06-16 09:47:14,11876.45,44491
2021-06-16 09:47:15,11876.4,44497
2021-06-16 09:47:16,11875.8,44498
2021-06-16 09:47:18,11875.0,44545
2021-06-16 09:47:19,11875.0,44545
2021-06-16 09:47:21,11876.65,44557
2021-06-16 09:47:22,11883.0,44587
2021-06-16 09:47:23,11883.0,44594
2021-06-16 09:47:24,11877.4,44610
2021-06-16 09:47:25,11882.5,44613
2021-06-16 09:47:26,11877.95,44629
2021-06-16 09:47:28,11879.85,44662
2021-06-16 09:47:27,11876.0,44660
2021-06-16 09:47:29,11881.35,44663
2021-06-16 09:47:30,11874.0,44793
2021-06-16 09:47:31,11878.95,44800
2021-06-16 09:47:32,11881.85,44820
2021-06-16 09:47:33,11882.0,44824
2021-06-16 09:47:35,11876.9,44825
2021-06-16 09:47:34,11876.9,44825
2021-06-16 09:47:36,11871.85,44827
2021-06-16 09:47:37,11878.0,44878
2021-06-16 09:47:38,11869.7,44899
2021-06-16 09:47:39,11876.4,45003
2021-06-16 09:47:40,11877.75,45024
2021-06-16 09:47:41,11878.9,45049
2021-06-16 09:47:42,11878.75,45057
2021-06-16 09:47:43,11872.8,45060
2021-06-16 09:47:44,11872.8,45060
2021-06-16 09:47:45,11878.6,45062
2021-06-16 09:47:46,11872.8,45064
2021-06-16 09:47:47,11872.8,45064
2021-06-16 09:47:48,11869.25,45090
2021-06-16 09:47:49,11875.25,45092
2021-06-16 09:47:50,11877.95,45093
2021-06-16 09:47:51,11873.85,45098
2021-06-16 09:47:52,11872.85,45109
2021-06-16 09:47:54,11878.0,45126
2021-06-16 09:47:53,11873.0,45123
2021-06-16 09:47:55,11877.95,45127
2021-06-16 09:47:56,11877.7,45135
2021-06-16 09:47:57,11872.8,45137
2021-06-16 09:47:58,11877.85,45142
2021-06-16 09:47:59,11877.85,45143
2021-06-16 09:48:00,11872.85,45157
2021-06-16 09:48:01,11877.9,45160
2021-06-16 09:48:02,11874.8,45439
2021-06-16 09:48:03,11875.45,45444
2021-06-16 09:48:06,11877.95,45556
2021-06-16 09:48:07,11878.6,45569
2021-06-16 09:48:08,11871.15,45586
2021-06-16 09:48:10,11877.0,45591
2021-06-16 09:48:11,11876.95,45594
2021-06-16 09:48:12,11876.95,45614
2021-06-16 09:48:13,11872.2,45629
2021-06-16 09:48:16,11878.55,45638
2021-06-16 09:48:17,11872.95,45644
2021-06-16 09:48:17,11878.25,45645
2021-06-16 09:48:18,11872.2,45646
2021-06-16 09:48:19,11877.8,45647
2021-06-16 09:48:20,11877.8,45647
2021-06-16 09:48:21,11877.8,45647
2021-06-16 09:48:22,11877.8,45647
2021-06-16 09:48:23,11877.8,45647
2021-06-16 09:48:24,11872.2,45648
2021-06-16 09:48:27,11870.15,45764
2021-06-16 09:48:27,11870.15,45764
2021-06-16 09:48:28,11874.75,45894
2021-06-16 09:48:29,11874.75,45894
2021-06-16 09:48:30,11864.95,46109
2021-06-16 09:48:31,11864.95,46109
2021-06-16 09:48:33,11862.85,46139
2021-06-16 09:48:34,11862.85,46149
2021-06-16 09:48:35,11870.25,46249
2021-06-16 09:48:36,11872.25,46252
2021-06-16 09:48:37,11860.0,46452
2021-06-16 09:48:38,11860.0,46452
2021-06-16 09:48:39,11860.15,46457
2021-06-16 09:48:40,11860.15,46457
2021-06-16 09:48:41,11863.35,46557
2021-06-16 09:48:43,11865.35,46563
2021-06-16 09:48:43,11865.35,46563
2021-06-16 09:48:44,11858.85,46566
2021-06-16 09:48:45,11862.55,46583
2021-06-16 09:48:46,11855.5,46587
2021-06-16 09:48:47,11859.95,46608
2021-06-16 09:48:48,11855.0,46735
2021-06-16 09:48:49,11852.0,46797
2021-06-16 09:48:50,11852.0,46797
2021-06-16 09:48:51,11858.65,46798
2021-06-16 09:48:52,11852.0,46828
2021-06-16 09:48:53,11858.65,46878
2021-06-16 09:48:55,11861.95,46880
2021-06-16 09:48:55,11861.95,46880
2021-06-16 09:48:56,11855.15,46883
2021-06-16 09:48:57,11852.65,46888
2021-06-16 09:48:58,11852.65,46888
2021-06-16 09:48:59,11859.95,46906
2021-06-16 09:49:00,11859.95,46906
2021-06-16 09:49:01,11860.0,46907
2021-06-16 09:49:02,11859.95,46914
2021-06-16 09:49:03,11853.0,46920
2021-06-16 09:49:04,11858.65,46921
2021-06-16 09:49:06,11852.0,46936
2021-06-16 09:49:08,11856.45,46942
2021-06-16 09:49:14,11851.0,47121
2021-06-16 09:49:15,11851.0,47121
2021-06-16 09:49:16,11850.0,47124
2021-06-16 09:49:17,11850.0,47154
2021-06-16 09:49:18,11850.0,47166
2021-06-16 09:49:19,11850.0,47168
2021-06-16 09:49:20,11850.0,47188
2021-06-16 09:49:21,11850.0,47188
2021-06-16 09:49:23,11850.0,47210
2021-06-16 09:49:24,11851.0,47212
2021-06-16 09:49:25,11851.0,47213
2021-06-16 09:49:27,11849.95,47356
2021-06-16 09:49:28,11842.0,47461
2021-06-16 09:49:29,11841.9,47466
2021-06-16 09:49:30,11850.0,47570
2021-06-16 09:49:31,11843.2,47579
2021-06-16 09:49:32,11849.0,47581
2021-06-16 09:49:33,11849.95,47606
2021-06-16 09:49:35,11843.35,47706
2021-06-16 09:49:36,11849.7,47708
2021-06-16 09:49:37,11849.7,47708
2021-06-16 09:49:38,11849.5,47709
2021-06-16 09:49:39,11842.45,47828
2021-06-16 09:49:41,11849.95,47932
2021-06-16 09:49:42,11849.95,47932
2021-06-16 09:49:43,11845.9,47933
2021-06-16 09:49:44,11845.7,47939
2021-06-16 09:49:47,11844.05,48090
2021-06-16 09:49:48,11844.05,48090
2021-06-16 09:49:49,11844.35,48091
2021-06-16 09:49:51,11849.0,48131
2021-06-16 09:49:52,11844.05,48141
2021-06-16 09:49:53,11844.05,48141
2021-06-16 09:49:54,11844.05,48141
2021-06-16 09:49:54,11844.05,48141
2021-06-16 09:49:55,11849.0,48143
2021-06-16 09:49:56,11849.0,48143
2021-06-16 09:49:57,11845.75,48432
2021-06-16 09:49:58,11848.0,48435
2021-06-16 09:49:59,11848.0,48435
2021-06-16 09:50:00,11844.05,48445
2021-06-16 09:50:01,11848.0,48451
2021-06-16 09:50:02,11842.05,48452
2021-06-16 09:50:03,11849.0,48552
2021-06-16 09:50:04,11849.0,48552
2021-06-16 09:50:05,11848.0,48561
2021-06-16 09:50:08,11848.0,48561
2021-06-16 09:50:09,11843.3,48581
2021-06-16 09:50:10,11843.3,48581
2021-06-16 09:50:11,11848.85,48587
2021-06-16 09:50:12,11848.9,48597
2021-06-16 09:50:12,11848.9,48597
2021-06-16 09:50:13,11844.3,48599
2021-06-16 09:50:14,11844.3,48599
2021-06-16 09:50:15,11848.85,48602
2021-06-16 09:50:16,11848.85,48602
2021-06-16 09:50:17,11848.85,48602
2021-06-16 09:50:18,11848.0,48605
2021-06-16 09:50:19,11848.0,48608
2021-06-16 09:50:20,11848.0,48610
2021-06-16 09:50:21,11844.3,48611
2021-06-16 09:50:22,11845.0,48615
2021-06-16 09:50:23,11845.0,48615
2021-06-16 09:50:24,11842.1,48657
2021-06-16 09:50:25,11842.1,48657
2021-06-16 09:50:26,11842.1,48657
2021-06-16 09:50:27,11846.3,48660
2021-06-16 09:50:28,11842.0,48810
2021-06-16 09:50:29,11842.0,48810
2021-06-16 09:50:30,11842.0,48810
2021-06-16 09:50:31,11841.4,48850
2021-06-16 09:50:34,11841.4,48850
2021-06-16 09:50:35,11841.4,48850
2021-06-16 09:50:36,11841.4,48850
2021-06-16 09:50:36,11841.4,48850
2021-06-16 09:50:38,11848.0,48882
2021-06-16 09:50:40,11848.0,48882
2021-06-16 09:50:41,11848.0,48882
2021-06-16 09:50:42,11848.0,48882
2021-06-16 09:50:43,11848.0,48882
2021-06-16 09:50:44,11844.65,48894
2021-06-16 09:50:45,11844.65,48894
2021-06-16 09:50:46,11844.65,48894
2021-06-16 09:50:47,11844.65,48894
2021-06-16 09:50:49,11845.4,48908
2021-06-16 09:50:50,11844.4,48918
2021-06-16 09:50:51,11844.4,48919
2021-06-16 09:50:52,11842.95,48920
2021-06-16 09:50:53,11842.95,48920
2021-06-16 09:50:54,11842.3,49020
2021-06-16 09:50:55,11842.3,49020
2021-06-16 09:50:56,11842.3,49020
2021-06-16 09:50:57,11842.3,49020
2021-06-16 09:50:59,11847.85,49070
2021-06-16 09:51:00,11847.85,49070
2021-06-16 09:51:00,11847.85,49070
2021-06-16 09:51:01,11842.05,49078
2021-06-16 09:51:02,11842.05,49078
2021-06-16 09:51:03,11841.2,49175
2021-06-16 09:51:04,11846.3,49177
2021-06-16 09:51:05,11846.3,49177
2021-06-16 09:51:07,11841.2,49178
2021-06-16 09:51:08,11841.2,49178
2021-06-16 09:51:09,11841.2,49178
2021-06-16 09:51:10,11847.0,49181
2021-06-16 09:51:11,11846.0,49291
2021-06-16 09:51:12,11845.2,49818
2021-06-16 09:51:12,11835.3,49791
2021-06-16 09:51:13,11845.2,49818
2021-06-16 09:51:16,11839.9,49835
2021-06-16 09:51:17,11845.95,49836
2021-06-16 09:51:17,11845.95,49836
2021-06-16 09:51:18,11845.95,49836
2021-06-16 09:51:19,11845.95,49836
2021-06-16 09:51:20,11847.6,49848
2021-06-16 09:51:22,11847.6,49848
2021-06-16 09:51:22,11847.6,49848
2021-06-16 09:51:23,11847.6,49848
2021-06-16 09:51:25,11847.6,49848
2021-06-16 09:51:26,11847.6,49848
2021-06-16 09:51:27,11847.6,49848
2021-06-16 09:51:28,11847.6,49848
2021-06-16 09:51:29,11847.6,49848
2021-06-16 09:51:31,11847.6,49868
2021-06-16 09:51:32,11847.6,49868
2021-06-16 09:51:33,11847.6,49868
2021-06-16 09:51:34,11847.6,49868
2021-06-16 09:51:35,11847.6,49868
2021-06-16 09:51:37,11847.0,49893
2021-06-16 09:51:37,11847.0,49893
2021-06-16 09:51:38,11847.0,49893
2021-06-16 09:51:40,11844.4,49894
2021-06-16 09:51:41,11847.0,49895
2021-06-16 09:51:42,11847.0,49896
2021-06-16 09:51:43,11847.0,49901
2021-06-16 09:51:44,11844.4,49902
2021-06-16 09:51:45,11844.4,49902
2021-06-16 09:51:46,11844.4,49902
2021-06-16 09:51:47,11844.4,49902
2021-06-16 09:51:48,11847.0,49922
2021-06-16 09:51:50,11847.0,49922
2021-06-16 09:51:51,11847.0,49922
2021-06-16 09:51:52,11845.8,49924
2021-06-16 09:51:53,11844.4,50114
2021-06-16 09:51:54,11844.4,50114
2021-06-16 09:51:55,11844.4,50134
2021-06-16 09:51:56,11844.4,50134
2021-06-16 09:51:57,11844.4,50134
2021-06-16 09:51:58,11842.95,50173
2021-06-16 09:51:59,11842.95,50173
2021-06-16 09:52:00,11842.95,50173
2021-06-16 09:52:01,11840.0,50240
2021-06-16 09:52:02,11838.45,50250
2021-06-16 09:52:03,11840.0,50300
2021-06-16 09:52:04,11840.45,50301
2021-06-16 09:52:04,11840.45,50301
2021-06-16 09:52:05,11846.0,50341
2021-06-16 09:52:06,11846.75,50342
2021-06-16 09:52:07,11846.75,50342
2021-06-16 09:52:08,11846.75,50342
2021-06-16 09:52:09,11846.75,50342
2021-06-16 09:52:10,11841.05,50343
2021-06-16 09:52:11,11844.4,50353
2021-06-16 09:52:12,11844.4,50353
2021-06-16 09:52:13,11844.4,50353
2021-06-16 09:52:15,11844.4,50353
2021-06-16 09:52:15,11844.4,50353
2021-06-16 09:52:17,11844.4,50353
2021-06-16 09:52:18,11844.4,50353
2021-06-16 09:52:18,11844.4,50353
2021-06-16 09:52:19,11844.4,50353
2021-06-16 09:52:21,11842.75,50383
2021-06-16 09:52:23,11842.75,50383
2021-06-16 09:52:24,11840.25,50387
2021-06-16 09:52:25,11844.0,50392
2021-06-16 09:52:26,11844.0,50392
2021-06-16 09:52:26,11844.0,50393
2021-06-16 09:52:27,11844.0,50431
2021-06-16 09:52:28,11844.0,50431
2021-06-16 09:52:29,11844.0,50431
2021-06-16 09:52:30,11844.0,50431
2021-06-16 09:52:31,11844.0,50431
2021-06-16 09:52:33,11843.25,50432
2021-06-16 09:52:34,11843.25,50433
2021-06-16 09:52:34,11843.25,50433
2021-06-16 09:52:36,11843.25,50433
2021-06-16 09:52:36,11843.25,50433
2021-06-16 09:52:38,11846.9,50477
2021-06-16 09:52:39,11846.9,50477
2021-06-16 09:52:40,11846.8,50481
2021-06-16 09:52:42,11842.15,50482
2021-06-16 09:52:43,11842.15,50482
2021-06-16 09:52:44,11847.0,50499
2021-06-16 09:52:45,11842.2,50503
2021-06-16 09:52:46,11842.2,50503
2021-06-16 09:52:47,11842.2,50503
2021-06-16 09:52:48,11846.75,50506
2021-06-16 09:52:49,11846.75,50506
2021-06-16 09:52:50,11846.75,50506
2021-06-16 09:52:52,11846.75,50506
2021-06-16 09:52:54,11845.0,50509
2021-06-16 09:52:55,11845.0,50509
2021-06-16 09:52:56,11845.0,50509
2021-06-16 09:52:57,11841.05,50514
2021-06-16 09:52:58,11841.05,50514
2021-06-16 09:52:59,11841.05,50514
2021-06-16 09:53:00,11845.0,50524
2021-06-16 09:53:01,11845.0,50525
2021-06-16 09:53:02,11842.0,50526
2021-06-16 09:53:03,11842.0,50526
2021-06-16 09:53:04,11842.0,50526
2021-06-16 09:53:05,11842.0,50526
2021-06-16 09:53:06,11842.0,50526
2021-06-16 09:53:07,11842.0,50526
2021-06-16 09:53:08,11842.0,50526
2021-06-16 09:53:09,11842.0,50526
2021-06-16 09:53:10,11842.0,50526
2021-06-16 09:53:11,11842.0,50532
2021-06-16 09:53:11,11842.0,50532
2021-06-16 09:53:12,11842.0,50536
2021-06-16 09:53:14,11842.0,50536
2021-06-16 09:53:17,11845.0,50539
2021-06-16 09:53:18,11845.0,50539
2021-06-16 09:53:19,11845.0,50539
2021-06-16 09:53:20,11845.0,50539
2021-06-16 09:53:21,11845.0,50555
2021-06-16 09:53:22,11845.0,50555
2021-06-16 09:53:22,11845.0,50555
2021-06-16 09:53:23,11842.15,50557
2021-06-16 09:53:24,11845.0,50558
2021-06-16 09:53:25,11845.0,50558
2021-06-16 09:53:26,11845.0,50558
2021-06-16 09:53:28,11845.0,50558
2021-06-16 09:53:29,11841.0,50608
2021-06-16 09:53:30,11844.35,50656
2021-06-16 09:53:31,11844.35,50656
2021-06-16 09:53:32,11844.35,50656
2021-06-16 09:53:33,11844.35,50656
2021-06-16 09:53:34,11844.35,50656
2021-06-16 09:53:35,11845.0,50658
2021-06-16 09:53:36,11845.0,50658
2021-06-16 09:53:36,11845.0,50658
2021-06-16 09:53:37,11845.0,50658
2021-06-16 09:53:38,11845.0,50658
2021-06-16 09:53:39,11845.0,50658
2021-06-16 09:53:40,11845.0,50666
2021-06-16 09:53:42,11845.0,50671
2021-06-16 09:53:43,11845.0,50671
2021-06-16 09:53:44,11844.35,50674
2021-06-16 09:53:45,11841.0,50724
2021-06-16 09:53:46,11845.0,50774
2021-06-16 09:53:47,11845.0,50775
2021-06-16 09:53:49,11845.0,50775
2021-06-16 09:53:50,11841.0,50819
2021-06-16 09:53:51,11841.0,50819
2021-06-16 09:53:52,11844.8,50820
2021-06-16 09:53:53,11844.8,50820
2021-06-16 09:53:54,11844.8,50820
2021-06-16 09:53:55,11844.8,50820
2021-06-16 09:53:56,11841.15,50822
2021-06-16 09:53:57,11841.15,50822
2021-06-16 09:53:58,11841.15,50822
2021-06-16 09:53:59,11841.15,50822
2021-06-16 09:54:00,11841.15,50822
2021-06-16 09:54:01,11841.15,50822
2021-06-16 09:54:02,11845.0,50826
2021-06-16 09:54:02,11845.0,50826
2021-06-16 09:54:03,11845.0,50826
2021-06-16 09:54:04,11845.0,50836
2021-06-16 09:54:06,11845.0,50836
2021-06-16 09:54:07,11841.15,50856
2021-06-16 09:54:08,11841.15,50856
2021-06-16 09:54:09,11841.15,50856
2021-06-16 09:54:10,11841.15,50856
2021-06-16 09:54:10,11841.15,50856
2021-06-16 09:54:11,11841.15,50856
2021-06-16 09:54:12,11841.15,50856
2021-06-16 09:54:13,11842.2,50857
2021-06-16 09:54:14,11845.0,50858
2021-06-16 09:54:16,11845.0,50858
2021-06-16 09:54:17,11845.0,50858
2021-06-16 09:54:18,11845.0,50876
2021-06-16 09:54:19,11845.0,50876
2021-06-16 09:54:20,11842.0,50878
2021-06-16 09:54:21,11842.0,50878
2021-06-16 09:54:22,11845.0,50893
2021-06-16 09:54:23,11843.0,50903
2021-06-16 09:54:24,11845.0,50923
2021-06-16 09:54:25,11845.0,50923
2021-06-16 09:54:26,11845.0,50925
2021-06-16 09:54:27,11842.0,50945
2021-06-16 09:54:29,11838.0,51289
2021-06-16 09:54:30,11838.0,51289
2021-06-16 09:54:31,11838.0,51289
2021-06-16 09:54:32,11838.0,51289
2021-06-16 09:54:33,11835.0,51290
2021-06-16 09:54:34,11838.0,51300
2021-06-16 09:54:34,11838.0,51300
2021-06-16 09:54:36,11838.0,51300
2021-06-16 09:54:37,11838.0,51300
2021-06-16 09:54:38,11838.0,51300
2021-06-16 09:54:39,11838.0,51300
2021-06-16 09:54:40,11838.0,51300
2021-06-16 09:54:41,11839.6,51351
2021-06-16 09:54:42,11831.85,51452
2021-06-16 09:54:42,11831.85,51452
2021-06-16 09:54:43,11838.0,51462
2021-06-16 09:54:44,11838.0,51462
2021-06-16 09:54:45,11838.0,51462
2021-06-16 09:54:47,11838.0,51462
2021-06-16 09:54:48,11835.0,51465
2021-06-16 09:54:49,11835.0,51466
2021-06-16 09:54:50,11835.0,51467
2021-06-16 09:54:51,11835.0,51467
2021-06-16 09:54:52,11835.0,51468
2021-06-16 09:54:53,11838.0,51469
2021-06-16 09:54:54,11838.0,51487
2021-06-16 09:54:56,11838.0,51487
2021-06-16 09:54:57,11838.0,51487
2021-06-16 09:54:59,11838.0,51489
2021-06-16 09:55:00,11838.0,51490
2021-06-16 09:55:01,11838.0,51490
2021-06-16 09:55:02,11838.0,51490
2021-06-16 09:55:03,11838.0,51490
2021-06-16 09:55:04,11835.0,51491
2021-06-16 09:55:05,11838.0,51492
2021-06-16 09:55:05,11838.0,51492
2021-06-16 09:55:07,11838.0,51492
2021-06-16 09:55:08,11838.0,51492
2021-06-16 09:55:09,11838.0,51492
2021-06-16 09:55:10,11838.0,51492
2021-06-16 09:55:11,11838.0,51492
2021-06-16 09:55:12,11838.0,51492
2021-06-16 09:55:13,11838.0,51492
2021-06-16 09:55:14,11838.0,51492
2021-06-16 09:55:15,11838.0,51495
2021-06-16 09:55:15,11835.0,51493
2021-06-16 09:55:18,11838.35,51503
2021-06-16 09:55:19,11838.35,51503
2021-06-16 09:55:20,11840.0,51529
2021-06-16 09:55:21,11840.0,51543
2021-06-16 09:55:22,11847.6,51730
2021-06-16 09:55:23,11843.1,51748
2021-06-16 09:55:24,11843.1,51748
2021-06-16 09:55:24,11843.1,51748
2021-06-16 09:55:26,11843.1,51748
2021-06-16 09:55:27,11843.35,51749
2021-06-16 09:55:28,11848.0,51769
2021-06-16 09:55:29,11848.0,51769
2021-06-16 09:55:30,11848.0,51769
2021-06-16 09:55:31,11848.0,51769
2021-06-16 09:55:31,11848.0,51769
2021-06-16 09:55:32,11848.0,51769
2021-06-16 09:55:33,11848.0,51769
2021-06-16 09:55:34,11847.0,51772
2021-06-16 09:55:35,11847.0,51772
2021-06-16 09:55:36,11847.0,51772
2021-06-16 09:55:38,11848.0,51802
2021-06-16 09:55:39,11848.9,51807
2021-06-16 09:55:40,11848.9,51821
2021-06-16 09:55:41,11848.9,51821
2021-06-16 09:55:41,11848.9,51821
2021-06-16 09:55:42,11848.9,51821
2021-06-16 09:55:44,11848.9,51821
2021-06-16 09:55:45,11852.4,51889
2021-06-16 09:55:45,11852.4,51889
2021-06-16 09:55:47,11852.45,51891
2021-06-16 09:55:48,11855.35,51911
2021-06-16 09:55:49,11855.35,51911
2021-06-16 09:55:50,11855.35,51911
2021-06-16 09:55:52,11855.0,51915
2021-06-16 09:55:53,11855.0,51919
2021-06-16 09:55:54,11849.95,51920
2021-06-16 09:55:55,11849.95,51920
2021-06-16 09:55:56,11849.95,51920
2021-06-16 09:55:57,11857.2,52047
2021-06-16 09:55:57,11857.2,52047
2021-06-16 09:55:59,11857.2,52047
2021-06-16 09:56:00,11855.5,52057
2021-06-16 09:56:01,11855.5,52076
2021-06-16 09:56:02,11855.5,52076
2021-06-16 09:56:03,11855.5,52076
2021-06-16 09:56:04,11859.5,52089
2021-06-16 09:56:05,11855.2,52092
2021-06-16 09:56:06,11855.0,52189
2021-06-16 09:56:07,11855.0,52189
2021-06-16 09:56:08,11858.7,52191
2021-06-16 09:56:09,11860.4,52231
2021-06-16 09:56:10,11860.4,52231
2021-06-16 09:56:11,11860.4,52231
2021-06-16 09:56:12,11859.5,52246
2021-06-16 09:56:13,11859.5,52246
2021-06-16 09:56:14,11859.75,52294
2021-06-16 09:56:14,11859.75,52294
2021-06-16 09:56:16,11866.0,52370
2021-06-16 09:56:17,11866.0,52370
2021-06-16 09:56:18,11866.0,52370
2021-06-16 09:56:20,11866.0,52370
2021-06-16 09:56:22,11867.05,52393
2021-06-16 09:56:24,11867.05,52393
2021-06-16 09:56:25,11867.05,52393
2021-06-16 09:56:27,11868.0,52442
2021-06-16 09:56:29,11868.0,52452
2021-06-16 09:56:30,11868.0,52452
2021-06-16 09:56:31,11868.0,52452
2021-06-16 09:56:32,11868.0,52452
2021-06-16 09:56:33,11868.05,52506
2021-06-16 09:56:34,11868.05,52507
2021-06-16 09:56:35,11873.15,52511
2021-06-16 09:56:36,11873.15,52511
2021-06-16 09:56:37,11868.05,52516
2021-06-16 09:56:38,11872.6,52526
2021-06-16 09:56:39,11868.0,52533
2021-06-16 09:56:40,11866.0,52587
2021-06-16 09:56:41,11866.0,52587
2021-06-16 09:56:42,11866.0,52587
2021-06-16 09:56:43,11864.65,52749
2021-06-16 09:56:44,11866.0,52750
2021-06-16 09:56:45,11866.0,52750
2021-06-16 09:56:46,11866.0,52750
2021-06-16 09:56:47,11863.0,52751
2021-06-16 09:56:48,11863.0,52751
2021-06-16 09:56:49,11862.95,52752
2021-06-16 09:56:50,11859.5,52753
2021-06-16 09:56:51,11861.95,52756
2021-06-16 09:56:52,11861.95,52756
2021-06-16 09:56:53,11855.15,52764
2021-06-16 09:56:54,11855.15,52764
2021-06-16 09:56:55,11855.15,52764
2021-06-16 09:56:57,11859.0,52774
2021-06-16 09:56:58,11859.0,52774
2021-06-16 09:56:59,11859.0,52774
2021-06-16 09:57:00,11859.0,52774
2021-06-16 09:57:01,11859.0,52774
2021-06-16 09:57:02,11859.0,52774
2021-06-16 09:57:03,11859.0,52774
2021-06-16 09:57:04,11859.0,52774
2021-06-16 09:57:05,11856.0,52784
2021-06-16 09:57:06,11856.0,52784
2021-06-16 09:57:07,11856.0,52784
2021-06-16 09:57:09,11856.0,52784
2021-06-16 09:57:10,11856.0,52785
2021-06-16 09:57:11,11856.0,52785
2021-06-16 09:57:12,11856.0,52785
2021-06-16 09:57:13,11855.0,52835
2021-06-16 09:57:14,11855.0,52835
2021-06-16 09:57:17,11855.0,52835
2021-06-16 09:57:18,11855.0,52835
2021-06-16 09:57:19,11855.0,52835
2021-06-16 09:57:20,11855.0,52835
2021-06-16 09:57:21,11855.0,52835
2021-06-16 09:57:22,11855.0,52835
2021-06-16 09:57:23,11855.0,52857
2021-06-16 09:57:24,11855.0,52857
2021-06-16 09:57:25,11855.0,52857
2021-06-16 09:57:26,11855.9,52858
2021-06-16 09:57:27,11855.9,52858
2021-06-16 09:57:28,11855.9,52858
2021-06-16 09:57:29,11855.9,52858
2021-06-16 09:57:30,11855.9,52861
2021-06-16 09:57:31,11855.9,52861
2021-06-16 09:57:32,11855.9,52866
2021-06-16 09:57:33,11850.95,52867
2021-06-16 09:57:34,11850.95,52867
2021-06-16 09:57:35,11850.95,52867
2021-06-16 09:57:36,11850.95,52867
2021-06-16 09:57:38,11851.0,52869
2021-06-16 09:57:39,11855.0,52897
2021-06-16 09:57:40,11855.0,52897
2021-06-16 09:57:41,11855.9,52898
2021-06-16 09:57:42,11855.9,52898
2021-06-16 09:57:43,11855.9,52898
2021-06-16 09:57:44,11855.0,52899
2021-06-16 09:57:45,11855.0,52899
2021-06-16 09:57:46,11855.0,52899
2021-06-16 09:57:47,11850.1,52906
2021-06-16 09:57:48,11850.1,52906
2021-06-16 09:57:49,11850.1,52906
2021-06-16 09:57:50,11850.1,52906
2021-06-16 09:57:51,11850.1,52906
2021-06-16 09:57:52,11850.1,52907
2021-06-16 09:57:53,11850.1,52907
2021-06-16 09:57:55,11854.7,52914
2021-06-16 09:57:56,11854.7,52914
2021-06-16 09:57:57,11854.7,52914
2021-06-16 09:57:58,11854.7,52914
2021-06-16 09:57:59,11854.7,52914
2021-06-16 09:58:00,11854.7,52914
2021-06-16 09:58:02,11850.0,52957
2021-06-16 09:58:03,11850.0,52957
2021-06-16 09:58:04,11850.0,52957
2021-06-16 09:58:05,11845.1,52987
2021-06-16 09:58:06,11845.1,52987
2021-06-16 09:58:07,11845.1,52987
2021-06-16 09:58:08,11845.1,52987
2021-06-16 09:58:09,11848.9,52988
2021-06-16 09:58:10,11848.9,52988
2021-06-16 09:58:11,11848.9,52991
2021-06-16 09:58:12,11848.9,52991
2021-06-16 09:58:13,11848.9,52991
2021-06-16 09:58:14,11848.9,52991
2021-06-16 09:58:15,11848.9,52991
2021-06-16 09:58:16,11848.9,52991
2021-06-16 09:58:17,11845.55,53000
2021-06-16 09:58:18,11845.55,53000
2021-06-16 09:58:19,11848.05,53014
2021-06-16 09:58:20,11848.05,53014
2021-06-16 09:58:21,11848.05,53014
2021-06-16 09:58:22,11854.55,53015
2021-06-16 09:58:23,11850.0,53016
2021-06-16 09:58:24,11850.0,53016
2021-06-16 09:58:25,11850.0,53016
2021-06-16 09:58:28,11854.15,53017
2021-06-16 09:58:29,11854.15,53017
2021-06-16 09:58:30,11854.15,53017
2021-06-16 09:58:31,11854.15,53017
2021-06-16 09:58:32,11850.05,53027
2021-06-16 09:58:33,11850.05,53027
2021-06-16 09:58:34,11855.95,53528
2021-06-16 09:58:35,11854.25,53568
2021-06-16 09:58:36,11854.25,53568
2021-06-16 09:58:37,11854.25,53568
2021-06-16 09:58:38,11854.25,53568
2021-06-16 09:58:39,11854.25,53568
2021-06-16 09:58:40,11854.25,53568
2021-06-16 09:58:41,11860.0,53618
2021-06-16 09:58:42,11860.0,53618
2021-06-16 09:58:43,11860.0,53618
2021-06-16 09:58:44,11860.0,53618
2021-06-16 09:58:45,11860.0,53618
2021-06-16 09:58:46,11860.0,53618
2021-06-16 09:58:47,11860.0,53628
2021-06-16 09:58:49,11860.0,53628
2021-06-16 09:58:49,11860.0,53628
2021-06-16 09:58:50,11860.0,53628
2021-06-16 09:58:51,11860.0,53628
2021-06-16 09:58:52,11856.0,53629
2021-06-16 09:58:53,11856.0,53629
2021-06-16 09:58:54,11856.0,53629
2021-06-16 09:58:55,11856.0,53629
2021-06-16 09:58:56,11856.0,53629
2021-06-16 09:58:58,11860.0,53649
2021-06-16 09:58:58,11860.0,53649
2021-06-16 09:58:59,11860.0,53649
2021-06-16 09:59:00,11860.0,53649
2021-06-16 09:59:02,11859.55,53685
2021-06-16 09:59:03,11859.55,53685
2021-06-16 09:59:05,11859.55,53685
2021-06-16 09:59:06,11859.55,53685
2021-06-16 09:59:07,11859.55,53685
2021-06-16 09:59:08,11859.55,53685
2021-06-16 09:59:09,11859.55,53685
2021-06-16 09:59:10,11859.55,53685
2021-06-16 09:59:11,11859.9,53686
2021-06-16 09:59:12,11859.9,53686
2021-06-16 09:59:13,11854.8,53696
2021-06-16 09:59:14,11854.8,53696
2021-06-16 09:59:15,11854.8,53696
2021-06-16 09:59:16,11855.0,53697
2021-06-16 09:59:17,11854.55,53707
2021-06-16 09:59:19,11854.55,53707
2021-06-16 09:59:20,11854.55,53707
2021-06-16 09:59:20,11854.55,53707
2021-06-16 09:59:21,11854.15,53708
2021-06-16 09:59:22,11854.15,53708
2021-06-16 09:59:23,11854.15,53708
2021-06-16 09:59:24,11854.15,53708
2021-06-16 09:59:25,11854.15,53708
2021-06-16 09:59:26,11854.15,53708
2021-06-16 09:59:27,11857.55,53733
2021-06-16 09:59:28,11857.55,53733
2021-06-16 09:59:29,11857.55,53733
2021-06-16 09:59:30,11857.55,53733
2021-06-16 09:59:31,11857.55,53733
2021-06-16 09:59:33,11857.55,53733
2021-06-16 09:59:34,11857.55,53733
2021-06-16 09:59:35,11857.0,53735
2021-06-16 09:59:36,11853.2,53783
2021-06-16 09:59:37,11853.2,53783
2021-06-16 09:59:39,11853.2,53783
2021-06-16 09:59:41,11856.9,53798
2021-06-16 09:59:41,11856.9,53798
2021-06-16 09:59:42,11856.9,53798
2021-06-16 09:59:45,11856.9,53798
2021-06-16 09:59:47,11856.9,53798
2021-06-16 09:59:49,11856.9,53798
2021-06-16 09:59:49,11856.9,53798
2021-06-16 09:59:50,11856.9,53798
2021-06-16 09:59:51,11856.9,53798
2021-06-16 09:59:52,11852.9,53799
2021-06-16 09:59:53,11852.9,53799
2021-06-16 09:59:54,11852.9,53799
2021-06-16 09:59:55,11855.85,53809
2021-06-16 09:59:56,11855.85,53809
2021-06-16 09:59:57,11855.85,53809
2021-06-16 09:59:59,11855.75,53810
2021-06-16 10:00:00,11855.75,53810
2021-06-16 10:00:02,11855.75,53810
2021-06-16 10:00:04,11850.55,53811
2021-06-16 10:00:04,11850.55,53811
2021-06-16 10:00:06,11850.55,53811
2021-06-16 10:00:07,11850.0,53812
2021-06-16 10:00:08,11850.0,53812
2021-06-16 10:00:09,11850.0,53812
2021-06-16 10:00:11,11850.0,53812
2021-06-16 10:00:14,11850.0,53812
2021-06-16 10:00:15,11859.6,53937
2021-06-16 10:00:16,11859.6,53937
2021-06-16 10:00:18,11859.6,53937
2021-06-16 10:00:19,11859.6,53937
2021-06-16 10:00:20,11859.6,53937
2021-06-16 10:00:21,11854.9,53942
2021-06-16 10:00:22,11854.9,53942
2021-06-16 10:00:22,11854.9,53942
2021-06-16 10:00:23,11854.9,53942
2021-06-16 10:00:24,11854.9,53942
2021-06-16 10:00:26,11854.9,53942
2021-06-16 10:00:27,11859.9,53943
2021-06-16 10:00:28,11859.9,53943
2021-06-16 10:00:29,11859.9,53943
2021-06-16 10:00:30,11859.9,53943
2021-06-16 10:00:32,11859.9,53943
2021-06-16 10:00:33,11856.0,53951
2021-06-16 10:00:34,11856.0,53951
2021-06-16 10:00:35,11856.0,53952
2021-06-16 10:00:36,11856.0,53952
2021-06-16 10:00:37,11855.0,53955
2021-06-16 10:00:37,11855.0,53955
2021-06-16 10:00:38,11855.0,53955
2021-06-16 10:00:42,11855.0,53955
2021-06-16 10:00:43,11855.0,53955
2021-06-16 10:00:44,11855.0,53955
2021-06-16 10:00:45,11855.0,53955
2021-06-16 10:00:46,11859.55,53956
2021-06-16 10:00:47,11854.1,53966
2021-06-16 10:00:48,11854.1,53966
2021-06-16 10:00:49,11854.15,53967
2021-06-16 10:00:50,11854.15,53967
2021-06-16 10:00:51,11854.15,53967
2021-06-16 10:00:54,11853.9,54071
2021-06-16 10:00:55,11853.9,54071
2021-06-16 10:00:56,11853.9,54071
2021-06-16 10:00:57,11853.9,54071
2021-06-16 10:00:58,11853.9,54071
2021-06-16 10:00:58,11853.9,54071
2021-06-16 10:00:59,11853.9,54071
2021-06-16 10:01:01,11857.0,54073
2021-06-16 10:01:02,11857.0,54073
2021-06-16 10:01:03,11857.0,54073
2021-06-16 10:01:04,11854.0,54074
2021-06-16 10:01:06,11854.0,54074
2021-06-16 10:01:08,11856.0,54125
2021-06-16 10:01:08,11856.0,54125
2021-06-16 10:01:09,11856.0,54125
2021-06-16 10:01:10,11856.0,54125
2021-06-16 10:01:11,11856.0,54125
2021-06-16 10:01:12,11856.0,54125
2021-06-16 10:01:13,11856.0,54125
2021-06-16 10:01:15,11856.65,54133
2021-06-16 10:01:16,11856.65,54133
2021-06-16 10:01:17,11856.65,54133
2021-06-16 10:01:18,11856.65,54133
2021-06-16 10:01:19,11856.65,54133
2021-06-16 10:01:20,11856.65,54133
2021-06-16 10:01:21,11857.0,54138
2021-06-16 10:01:22,11857.0,54138
2021-06-16 10:01:23,11857.0,54138
2021-06-16 10:01:25,11857.0,54138
2021-06-16 10:01:26,11857.0,54138
2021-06-16 10:01:27,11857.0,54138
2021-06-16 10:01:29,11856.0,54148
2021-06-16 10:01:30,11857.0,54150
2021-06-16 10:01:31,11857.0,54150
2021-06-16 10:01:33,11857.0,54151
2021-06-16 10:01:34,11857.0,54151
2021-06-16 10:01:35,11857.0,54151
2021-06-16 10:01:36,11856.0,54152
2021-06-16 10:01:37,11857.0,54153
2021-06-16 10:01:38,11857.0,54153
2021-06-16 10:01:40,11857.0,54153
2021-06-16 10:01:40,11857.0,54153
2021-06-16 10:01:41,11857.0,54153
2021-06-16 10:01:42,11858.7,54158
2021-06-16 10:01:44,11858.7,54159
2021-06-16 10:01:46,11858.7,54159
2021-06-16 10:01:47,11858.7,54159
2021-06-16 10:01:48,11858.7,54159
2021-06-16 10:01:50,11858.7,54159
2021-06-16 10:01:51,11858.7,54159
2021-06-16 10:01:51,11858.7,54159
2021-06-16 10:01:52,11858.7,54163
2021-06-16 10:01:53,11858.7,54163
2021-06-16 10:01:54,11858.7,54163
2021-06-16 10:01:56,11858.7,54163
2021-06-16 10:01:58,11858.7,54163
2021-06-16 10:01:59,11858.7,54163
2021-06-16 10:02:00,11858.7,54163
2021-06-16 10:02:01,11858.7,54163
2021-06-16 10:02:03,11858.7,54163
2021-06-16 10:02:04,11858.7,54163
2021-06-16 10:02:05,11858.7,54163
2021-06-16 10:02:07,11858.7,54163
2021-06-16 10:02:08,11862.05,54729
2021-06-16 10:02:09,11862.05,54729
2021-06-16 10:02:10,11862.05,54729
2021-06-16 10:02:11,11862.05,54729
2021-06-16 10:02:12,11862.05,54729
2021-06-16 10:02:12,11862.05,54729
2021-06-16 10:02:13,11866.8,54730
2021-06-16 10:02:14,11866.8,54730
2021-06-16 10:02:15,11866.8,54730
2021-06-16 10:02:16,11866.8,54730
2021-06-16 10:02:18,11866.8,54730
2021-06-16 10:02:19,11866.8,54730
2021-06-16 10:02:20,11866.8,54730
2021-06-16 10:02:20,11866.8,54730
2021-06-16 10:02:21,11866.8,54730
2021-06-16 10:02:22,11866.8,54730
2021-06-16 10:02:23,11866.8,54730
2021-06-16 10:02:24,11865.2,54745
2021-06-16 10:02:25,11865.2,54745
2021-06-16 10:02:26,11865.2,54745
2021-06-16 10:02:27,11865.2,54745
2021-06-16 10:02:28,11865.2,54745
2021-06-16 10:02:29,11865.2,54745
2021-06-16 10:02:31,11867.0,54757
2021-06-16 10:02:32,11867.0,54783
2021-06-16 10:02:33,11867.0,54783
2021-06-16 10:02:33,11867.0,54783
2021-06-16 10:02:34,11862.15,54784
2021-06-16 10:02:35,11867.0,54818
2021-06-16 10:02:36,11867.0,54819
2021-06-16 10:02:38,11867.0,54819
2021-06-16 10:02:40,11862.55,54825
2021-06-16 10:02:41,11862.55,54825
2021-06-16 10:02:42,11862.55,54825
2021-06-16 10:02:43,11862.55,54825
2021-06-16 10:02:44,11867.0,54831
2021-06-16 10:02:45,11867.0,54831
2021-06-16 10:02:46,11860.0,54835
2021-06-16 10:02:47,11860.0,54835
2021-06-16 10:02:48,11860.0,54835
2021-06-16 10:02:49,11860.0,54835
2021-06-16 10:02:49,11860.0,54835
2021-06-16 10:02:50,11860.4,54884
2021-06-16 10:02:51,11860.4,54884
2021-06-16 10:02:53,11866.1,54885
2021-06-16 10:02:54,11866.1,54885
2021-06-16 10:02:55,11866.1,54885
2021-06-16 10:02:56,11866.1,54885
2021-06-16 10:02:57,11866.1,54885
2021-06-16 10:02:58,11866.1,54885
2021-06-16 10:02:59,11866.1,54885
2021-06-16 10:03:02,11866.95,54894
2021-06-16 10:03:03,11866.95,54894
2021-06-16 10:03:03,11866.95,54894
2021-06-16 10:03:04,11866.95,54894
2021-06-16 10:03:05,11862.6,54895
2021-06-16 10:03:07,11862.6,54895
2021-06-16 10:03:08,11862.6,54895
2021-06-16 10:03:09,11862.6,54895
2021-06-16 10:03:10,11862.6,54895
2021-06-16 10:03:11,11862.6,54895
2021-06-16 10:03:12,11862.6,54895
2021-06-16 10:03:13,11862.6,54895
2021-06-16 10:03:14,11862.6,54895
2021-06-16 10:03:15,11867.0,54897
2021-06-16 10:03:16,11867.0,54897
2021-06-16 10:03:17,11867.0,54897
2021-06-16 10:03:17,11864.0,54917
2021-06-16 10:03:18,11864.0,54917
2021-06-16 10:03:19,11862.5,54922
2021-06-16 10:03:20,11862.5,54922
2021-06-16 10:03:22,11862.5,54922
2021-06-16 10:03:23,11862.5,54922
2021-06-16 10:03:24,11862.5,54923
2021-06-16 10:03:27,11862.5,54923
2021-06-16 10:03:27,11862.5,54923
2021-06-16 10:03:28,11862.5,54923
2021-06-16 10:03:30,11862.6,54924
2021-06-16 10:03:32,11866.75,54926
2021-06-16 10:03:33,11866.75,54926
2021-06-16 10:03:34,11866.75,54926
2021-06-16 10:03:35,11866.75,54926
2021-06-16 10:03:37,11862.5,54946
2021-06-16 10:03:38,11862.5,54946
2021-06-16 10:03:39,11867.0,54971
2021-06-16 10:03:39,11867.0,54971
2021-06-16 10:03:40,11867.0,54971
2021-06-16 10:03:41,11867.0,54972
2021-06-16 10:03:43,11867.0,54972
2021-06-16 10:03:43,11867.0,54972
2021-06-16 10:03:46,11867.0,54972
2021-06-16 10:03:47,11867.0,54972
2021-06-16 10:03:48,11867.0,54972
2021-06-16 10:03:49,11867.0,55002
2021-06-16 10:03:50,11867.0,55002
2021-06-16 10:03:51,11867.0,55002
2021-06-16 10:03:51,11863.0,55007
2021-06-16 10:03:53,11863.0,55007
2021-06-16 10:03:54,11863.0,55007
2021-06-16 10:03:55,11862.9,55026
2021-06-16 10:03:56,11862.0,55553
2021-06-16 10:03:57,11862.0,55553
2021-06-16 10:03:59,11860.0,55555
2021-06-16 10:04:02,11860.0,55555
2021-06-16 10:04:04,11860.0,55615
2021-06-16 10:04:07,11860.0,55615
2021-06-16 10:04:08,11860.0,55615
2021-06-16 10:04:09,11860.0,55615
2021-06-16 10:04:10,11860.0,55615
2021-06-16 10:04:11,11860.0,55615
2021-06-16 10:04:11,11864.6,55616
2021-06-16 10:04:13,11864.6,55616
2021-06-16 10:04:13,11860.0,55617
2021-06-16 10:04:14,11860.0,55617
2021-06-16 10:04:15,11860.0,55617
2021-06-16 10:04:16,11860.0,55617
2021-06-16 10:04:17,11860.0,55617
2021-06-16 10:04:19,11860.0,55617
2021-06-16 10:04:20,11860.0,55617
2021-06-16 10:04:21,11860.0,55617
2021-06-16 10:04:22,11860.0,55617
2021-06-16 10:04:22,11860.0,55617
2021-06-16 10:04:23,11864.55,55618
2021-06-16 10:04:24,11864.55,55618
2021-06-16 10:04:26,11860.0,55619
2021-06-16 10:04:27,11860.0,55619
2021-06-16 10:04:29,11860.0,55619
2021-06-16 10:04:30,11860.0,55619
2021-06-16 10:04:31,11864.55,55627
2021-06-16 10:04:32,11864.55,55627
2021-06-16 10:04:33,11864.55,55627
2021-06-16 10:04:34,11864.55,55627
2021-06-16 10:04:36,11864.55,55627
2021-06-16 10:04:37,11864.55,55627
2021-06-16 10:04:38,11864.55,55627
2021-06-16 10:04:39,11860.0,55628
2021-06-16 10:04:39,11860.0,55628
2021-06-16 10:04:40,11860.0,55628
2021-06-16 10:04:41,11860.0,55628
2021-06-16 10:04:42,11860.0,55628
2021-06-16 10:04:43,11860.0,55628
2021-06-16 10:04:44,11860.0,55628
2021-06-16 10:04:45,11860.0,55628
2021-06-16 10:04:46,11860.0,55628
2021-06-16 10:04:48,11860.0,55628
2021-06-16 10:04:49,11860.0,55628
2021-06-16 10:04:50,11860.0,55628
2021-06-16 10:04:51,11860.0,55634
2021-06-16 10:04:52,11860.0,55669
2021-06-16 10:04:53,11860.0,55669
2021-06-16 10:04:54,11862.0,55671
2021-06-16 10:04:55,11862.0,55671
2021-06-16 10:04:57,11862.0,55671
2021-06-16 10:04:58,11862.0,55671
2021-06-16 10:04:59,11862.0,55671
2021-06-16 10:05:00,11860.05,55676
2021-06-16 10:05:01,11860.05,55676
2021-06-16 10:05:02,11860.05,55676
2021-06-16 10:05:03,11860.05,55676
2021-06-16 10:05:04,11860.05,55677
2021-06-16 10:05:06,11858.0,55717
2021-06-16 10:05:08,11858.0,55717
2021-06-16 10:05:09,11858.0,55717
2021-06-16 10:05:10,11858.0,55717
2021-06-16 10:05:11,11858.0,55717
2021-06-16 10:05:12,11858.0,55717
2021-06-16 10:05:13,11858.0,55717
2021-06-16 10:05:14,11862.0,55718
2021-06-16 10:05:15,11862.0,55718
2021-06-16 10:05:16,11862.0,55718
2021-06-16 10:05:17,11862.0,55718
2021-06-16 10:05:18,11862.0,55718
2021-06-16 10:05:19,11862.0,55719
2021-06-16 10:05:19,11862.0,55719
2021-06-16 10:05:20,11862.0,55719
2021-06-16 10:05:22,11862.0,55719
2021-06-16 10:05:23,11862.0,55719
2021-06-16 10:05:24,11858.4,55720
2021-06-16 10:05:25,11858.35,55721
2021-06-16 10:05:26,11858.35,55721
2021-06-16 10:05:27,11862.0,55722
2021-06-16 10:05:28,11862.0,55722
2021-06-16 10:05:29,11862.0,55722
2021-06-16 10:05:31,11858.15,55740
2021-06-16 10:05:33,11858.15,55740
2021-06-16 10:05:34,11863.0,55748
2021-06-16 10:05:35,11863.0,55748
2021-06-16 10:05:36,11863.0,55748
2021-06-16 10:05:37,11863.0,55748
2021-06-16 10:05:38,11863.0,55748
2021-06-16 10:05:39,11862.0,55749
2021-06-16 10:05:40,11862.0,55749
2021-06-16 10:05:41,11862.0,55749
2021-06-16 10:05:43,11858.4,55750
2021-06-16 10:05:44,11858.4,55750
2021-06-16 10:05:45,11858.4,55750
2021-06-16 10:05:46,11858.4,55750
2021-06-16 10:05:47,11858.4,55750
2021-06-16 10:05:49,11858.4,55750
2021-06-16 10:05:52,11858.4,55750
2021-06-16 10:05:53,11858.4,55750
2021-06-16 10:05:54,11858.4,55755
2021-06-16 10:05:55,11863.0,55843
2021-06-16 10:05:56,11863.0,55843
2021-06-16 10:05:57,11863.0,55843
2021-06-16 10:05:58,11862.0,55853
2021-06-16 10:05:59,11862.0,55853
2021-06-16 10:05:59,11862.0,55853
2021-06-16 10:06:00,11862.0,55853
2021-06-16 10:06:01,11862.0,55853
2021-06-16 10:06:02,11862.0,55853
2021-06-16 10:06:03,11862.0,55878
2021-06-16 10:06:04,11862.0,55878
2021-06-16 10:06:06,11862.0,55931
2021-06-16 10:06:07,11858.4,55932
2021-06-16 10:06:08,11858.4,55932
2021-06-16 10:06:09,11858.4,55932
2021-06-16 10:06:12,11858.4,55932
2021-06-16 10:06:13,11858.4,55932
2021-06-16 10:06:14,11858.4,55932
2021-06-16 10:06:15,11858.4,55932
2021-06-16 10:06:17,11861.9,55933
2021-06-16 10:06:17,11858.4,55941
2021-06-16 10:06:19,11858.4,55941
2021-06-16 10:06:20,11858.4,55941
2021-06-16 10:06:21,11858.4,55941
2021-06-16 10:06:22,11858.4,55941
2021-06-16 10:06:23,11858.4,55941
2021-06-16 10:06:25,11856.4,56066
2021-06-16 10:06:26,11856.4,56066
2021-06-16 10:06:27,11856.4,56066
2021-06-16 10:06:28,11856.4,56066
2021-06-16 10:06:29,11856.4,56066
2021-06-16 10:06:29,11856.4,56066
2021-06-16 10:06:30,11856.4,56066
2021-06-16 10:06:32,11857.55,56067
2021-06-16 10:06:33,11857.55,56067
2021-06-16 10:06:34,11858.0,56072
2021-06-16 10:06:35,11858.0,56072
2021-06-16 10:06:36,11858.0,56072
2021-06-16 10:06:37,11858.0,56072
2021-06-16 10:06:38,11858.0,56072
2021-06-16 10:06:39,11857.8,56086
2021-06-16 10:06:39,11857.8,56086
2021-06-16 10:06:41,11857.8,56086
2021-06-16 10:06:42,11857.8,56086
2021-06-16 10:06:43,11857.8,56086
2021-06-16 10:06:44,11857.8,56086
2021-06-16 10:06:45,11857.8,56086
2021-06-16 10:06:46,11857.8,56086
2021-06-16 10:06:47,11857.8,56086
2021-06-16 10:06:47,11857.8,56086
2021-06-16 10:06:48,11857.8,56086
2021-06-16 10:06:49,11857.8,56086
2021-06-16 10:06:52,11857.8,56086
2021-06-16 10:06:53,11857.8,56086
2021-06-16 10:06:54,11857.8,56086
2021-06-16 10:06:55,11856.0,56101
2021-06-16 10:06:56,11857.55,56107
2021-06-16 10:06:57,11857.55,56107
2021-06-16 10:06:58,11857.55,56107
2021-06-16 10:07:00,11857.55,56107
2021-06-16 10:07:01,11857.55,56107
2021-06-16 10:07:02,11857.55,56107
2021-06-16 10:07:03,11857.55,56107
2021-06-16 10:07:05,11857.55,56107
2021-06-16 10:07:07,11857.55,56107
2021-06-16 10:07:08,11857.0,56108
2021-06-16 10:07:09,11857.0,56108
2021-06-16 10:07:10,11856.0,56118
2021-06-16 10:07:11,11856.0,56121
2021-06-16 10:07:12,11856.0,56121
2021-06-16 10:07:13,11856.0,56121
2021-06-16 10:07:14,11850.1,56244
2021-06-16 10:07:15,11850.1,56244
2021-06-16 10:07:16,11850.1,56244
2021-06-16 10:07:17,11856.05,56245
2021-06-16 10:07:18,11856.05,56245
2021-06-16 10:07:19,11853.0,56246
2021-06-16 10:07:20,11853.0,56246
2021-06-16 10:07:21,11853.0,56246
2021-06-16 10:07:22,11853.0,56248
2021-06-16 10:07:23,11853.0,56248
2021-06-16 10:07:24,11856.0,56250
2021-06-16 10:07:25,11853.0,56255
2021-06-16 10:07:26,11853.0,56255
2021-06-16 10:07:27,11853.0,56255
2021-06-16 10:07:28,11853.0,56255
2021-06-16 10:07:29,11850.35,56278
2021-06-16 10:07:30,11850.35,56278
2021-06-16 10:07:31,11850.35,56278
2021-06-16 10:07:32,11850.35,56278
2021-06-16 10:07:33,11850.35,56278
2021-06-16 10:07:34,11850.35,56278
2021-06-16 10:07:35,11850.35,56278
2021-06-16 10:07:36,11850.35,56282
2021-06-16 10:07:37,11850.15,56286
2021-06-16 10:07:38,11850.15,56286
2021-06-16 10:07:39,11850.15,56286
2021-06-16 10:07:40,11850.35,56329
2021-06-16 10:07:41,11850.35,56329
2021-06-16 10:07:42,11850.35,56329
2021-06-16 10:07:43,11850.35,56329
2021-06-16 10:07:44,11853.0,56341
2021-06-16 10:07:45,11850.7,56396
2021-06-16 10:07:46,11850.7,56396
2021-06-16 10:07:47,11850.7,56399
2021-06-16 10:07:48,11850.7,56399
2021-06-16 10:07:49,11850.7,56399
2021-06-16 10:07:50,11850.7,56399
2021-06-16 10:07:51,11850.7,56399
2021-06-16 10:07:52,11850.7,56399
2021-06-16 10:07:54,11850.7,56399
2021-06-16 10:07:53,11850.7,56399
2021-06-16 10:07:55,11850.7,56399
2021-06-16 10:07:56,11850.7,56399
2021-06-16 10:07:57,11850.7,56399
2021-06-16 10:07:58,11850.7,56399
2021-06-16 10:08:00,11850.65,56401
2021-06-16 10:07:59,11850.65,56401
2021-06-16 10:08:01,11852.0,56422
2021-06-16 10:08:02,11852.0,56423
2021-06-16 10:08:03,11852.0,56423
2021-06-16 10:08:04,11852.0,56423
2021-06-16 10:08:05,11852.0,56423
2021-06-16 10:08:06,11852.0,56423
2021-06-16 10:08:07,11852.0,56423
2021-06-16 10:08:08,11852.0,56423
2021-06-16 10:08:10,11852.0,56423
2021-06-16 10:08:09,11852.0,56423
2021-06-16 10:08:11,11854.0,56448
2021-06-16 10:08:12,11851.15,56449
2021-06-16 10:08:13,11851.15,56449
2021-06-16 10:08:14,11851.35,56454
2021-06-16 10:08:15,11851.35,56454
2021-06-16 10:08:16,11851.35,56454
2021-06-16 10:08:17,11851.35,56454
2021-06-16 10:08:18,11851.35,56454
2021-06-16 10:08:20,11851.25,56455
2021-06-16 10:08:19,11851.25,56455
2021-06-16 10:08:21,11860.4,56475
2021-06-16 10:08:23,11860.4,56475
2021-06-16 10:08:24,11859.9,56476
2021-06-16 10:08:25,11859.9,56479
2021-06-16 10:08:26,11859.9,56479
2021-06-16 10:08:27,11859.9,56479
2021-06-16 10:08:28,11859.9,56479
2021-06-16 10:08:29,11861.95,56480
2021-06-16 10:08:30,11861.95,56480
2021-06-16 10:08:31,11861.95,56480
2021-06-16 10:08:32,11861.95,56480
2021-06-16 10:08:33,11861.95,56480
2021-06-16 10:08:34,11861.95,56480
2021-06-16 10:08:35,11861.65,56485
2021-06-16 10:08:36,11861.65,56485
2021-06-16 10:08:37,11855.05,56486
2021-06-16 10:08:38,11855.05,56486
2021-06-16 10:08:39,11855.05,56486
2021-06-16 10:08:40,11855.05,56486
2021-06-16 10:08:44,11855.05,56486
2021-06-16 10:08:45,11855.05,56486
2021-06-16 10:08:46,11855.05,56486
2021-06-16 10:08:47,11855.05,56486
2021-06-16 10:08:48,11855.05,56486
2021-06-16 10:08:49,11855.05,56486
2021-06-16 10:08:50,11859.7,56496
2021-06-16 10:08:51,11859.7,56496
2021-06-16 10:08:52,11859.7,56496
2021-06-16 10:08:53,11859.7,56496
2021-06-16 10:08:54,11859.7,56496
2021-06-16 10:08:55,11859.7,56496
2021-06-16 10:08:56,11859.7,56496
2021-06-16 10:08:57,11859.7,56496
2021-06-16 10:08:58,11859.7,56496
2021-06-16 10:08:59,11859.7,56496
2021-06-16 10:09:00,11855.05,56501
2021-06-16 10:09:01,11855.05,56503
2021-06-16 10:09:02,11855.05,56505
2021-06-16 10:09:03,11855.05,56505
2021-06-16 10:09:04,11855.05,56505
2021-06-16 10:09:05,11855.05,56505
2021-06-16 10:09:06,11855.05,56506
2021-06-16 10:09:07,11855.05,56506
2021-06-16 10:09:08,11855.05,56506
2021-06-16 10:09:09,11855.05,56506
2021-06-16 10:09:11,11857.95,56509
2021-06-16 10:09:12,11857.95,56509
2021-06-16 10:09:14,11857.95,56509
2021-06-16 10:09:15,11858.7,56529
2021-06-16 10:09:15,11858.7,56529
2021-06-16 10:09:16,11858.7,56529
2021-06-16 10:09:17,11858.7,56529
2021-06-16 10:09:18,11858.7,56529
2021-06-16 10:09:19,11859.8,56539
2021-06-16 10:09:20,11855.05,56544
2021-06-16 10:09:21,11862.75,56559
2021-06-16 10:09:22,11862.75,56559
2021-06-16 10:09:24,11862.75,56559
2021-06-16 10:09:25,11852.25,56609
2021-06-16 10:09:26,11852.25,56609
2021-06-16 10:09:27,11852.35,56615
2021-06-16 10:09:28,11852.35,56615
2021-06-16 10:09:29,11852.35,56615
2021-06-16 10:09:30,11852.35,56615
2021-06-16 10:09:32,11852.35,56615
2021-06-16 10:09:32,11852.35,56615
2021-06-16 10:09:33,11859.5,56616
2021-06-16 10:09:34,11859.5,56616
2021-06-16 10:09:35,11859.5,56616
2021-06-16 10:09:36,11859.5,56616
2021-06-16 10:09:37,11859.5,56616
2021-06-16 10:09:38,11859.5,56616
2021-06-16 10:09:40,11859.9,56617
2021-06-16 10:09:40,11859.9,56617
2021-06-16 10:09:41,11859.9,56617
2021-06-16 10:09:43,11859.9,56617
2021-06-16 10:09:43,11859.9,56617
2021-06-16 10:09:44,11859.9,56617
2021-06-16 10:09:45,11859.9,56617
2021-06-16 10:09:46,11860.0,56618
2021-06-16 10:09:47,11860.0,56618
2021-06-16 10:09:48,11855.3,56620
2021-06-16 10:09:49,11855.3,56620
2021-06-16 10:09:50,11855.3,56620
2021-06-16 10:09:51,11855.0,56621
2021-06-16 10:09:52,11855.0,56621
2021-06-16 10:09:54,11855.0,56621
2021-06-16 10:09:55,11855.0,56621
2021-06-16 10:09:56,11855.0,56621
2021-06-16 10:09:56,11855.0,56621
2021-06-16 10:09:57,11855.0,56621
2021-06-16 10:09:58,11855.0,56621
2021-06-16 10:09:59,11857.65,56622
2021-06-16 10:10:00,11857.65,56622
2021-06-16 10:10:01,11857.65,56622
2021-06-16 10:10:03,11854.15,56626
2021-06-16 10:10:04,11857.0,56628
2021-06-16 10:10:05,11857.0,56628
2021-06-16 10:10:06,11857.0,56628
2021-06-16 10:10:07,11857.0,56628
2021-06-16 10:10:08,11857.0,56628
2021-06-16 10:10:10,11854.15,56629
2021-06-16 10:10:10,11854.15,56629
2021-06-16 10:10:11,11855.25,56632
2021-06-16 10:10:13,11857.0,56633
2021-06-16 10:10:14,11857.0,56633
2021-06-16 10:10:15,11859.2,56654
2021-06-16 10:10:16,11854.7,56655
2021-06-16 10:10:17,11854.7,56658
2021-06-16 10:10:18,11854.7,56658
2021-06-16 10:10:19,11854.7,56658
2021-06-16 10:10:21,11854.7,56658
2021-06-16 10:10:22,11854.7,56658
2021-06-16 10:10:23,11854.7,56658
2021-06-16 10:10:24,11854.7,56658
2021-06-16 10:10:27,11858.9,56763
2021-06-16 10:10:28,11858.9,56763
2021-06-16 10:10:30,11858.9,56763
2021-06-16 10:10:30,11858.9,56763
2021-06-16 10:10:31,11858.9,56763
2021-06-16 10:10:32,11858.9,56763
2021-06-16 10:10:33,11858.9,56763
2021-06-16 10:10:34,11858.9,56763
2021-06-16 10:10:35,11858.9,56763
2021-06-16 10:10:36,11858.9,56763
2021-06-16 10:10:38,11854.15,56765
2021-06-16 10:10:38,11854.15,56765
2021-06-16 10:10:39,11854.15,56765
2021-06-16 10:10:40,11858.6,56780
2021-06-16 10:10:42,11854.15,56781
2021-06-16 10:10:43,11854.15,56781
2021-06-16 10:10:43,11854.15,56781
2021-06-16 10:10:45,11854.15,56781
2021-06-16 10:10:46,11854.15,56781
2021-06-16 10:10:48,11854.15,56781
2021-06-16 10:10:49,11854.15,56781
2021-06-16 10:10:49,11858.6,56782
2021-06-16 10:10:50,11858.6,56782
2021-06-16 10:10:51,11858.6,56782
2021-06-16 10:10:52,11858.6,56782
2021-06-16 10:10:53,11858.6,56782
2021-06-16 10:10:54,11858.6,56782
2021-06-16 10:10:56,11858.6,56782
2021-06-16 10:10:58,11858.6,56782
2021-06-16 10:10:58,11858.6,56782
2021-06-16 10:10:59,11858.6,56782
2021-06-16 10:11:01,11858.6,56782
2021-06-16 10:11:02,11858.6,56782
2021-06-16 10:11:03,11858.6,56783
2021-06-16 10:11:04,11858.6,56783
2021-06-16 10:11:05,11854.0,56801
2021-06-16 10:11:06,11852.3,56802
2021-06-16 10:11:07,11852.3,56802
2021-06-16 10:11:09,11852.3,56802
2021-06-16 10:11:11,11852.3,56802
2021-06-16 10:11:12,11852.3,56802
2021-06-16 10:11:13,11852.3,56802
2021-06-16 10:11:13,11852.3,56802
2021-06-16 10:11:14,11852.3,56802
2021-06-16 10:11:15,11852.3,56802
2021-06-16 10:11:16,11852.3,56802
2021-06-16 10:11:17,11852.3,56802
2021-06-16 10:11:19,11852.3,56802
2021-06-16 10:11:21,11852.25,56804
2021-06-16 10:11:22,11852.25,56804
2021-06-16 10:11:23,11852.25,56804
2021-06-16 10:11:23,11852.25,56804
2021-06-16 10:11:25,11852.25,56804
2021-06-16 10:11:27,11852.25,56804
2021-06-16 10:11:28,11855.3,56805
2021-06-16 10:11:29,11856.05,56815
2021-06-16 10:11:30,11856.05,56815
2021-06-16 10:11:32,11852.0,56822
2021-06-16 10:11:33,11852.0,56822
2021-06-16 10:11:34,11854.9,56823
2021-06-16 10:11:34,11854.9,56823
2021-06-16 10:11:35,11854.9,56823
2021-06-16 10:11:36,11854.9,56823
2021-06-16 10:11:37,11854.9,56823
2021-06-16 10:11:38,11854.9,56823
2021-06-16 10:11:39,11854.9,56823
2021-06-16 10:11:40,11854.9,56823
2021-06-16 10:11:41,11853.65,56843
2021-06-16 10:11:42,11850.0,56845
2021-06-16 10:11:43,11838.95,57965
2021-06-16 10:11:44,11838.95,57965
2021-06-16 10:11:46,11838.95,57965
2021-06-16 10:11:47,11838.95,57965
2021-06-16 10:11:48,11838.95,57965
2021-06-16 10:11:49,11838.95,57965
2021-06-16 10:11:48,11838.95,57965
2021-06-16 10:11:50,11838.95,57965
2021-06-16 10:11:52,11838.75,57968
2021-06-16 10:11:53,11838.75,57968
2021-06-16 10:11:54,11838.75,57968
2021-06-16 10:11:54,11838.75,57968
2021-06-16 10:11:55,11838.75,57968
2021-06-16 10:11:56,11833.0,58028
2021-06-16 10:11:57,11833.0,58028
2021-06-16 10:11:59,11838.8,58056
2021-06-16 10:12:00,11838.8,58056
2021-06-16 10:12:02,11833.55,58078
2021-06-16 10:12:04,11838.25,58101
2021-06-16 10:12:05,11833.0,58102
2021-06-16 10:12:06,11833.0,58102
2021-06-16 10:12:07,11838.75,58106
2021-06-16 10:12:08,11839.5,58132
2021-06-16 10:12:09,11839.5,58132
2021-06-16 10:12:12,11839.5,58132
2021-06-16 10:12:13,11838.95,58134
2021-06-16 10:12:14,11838.95,58134
2021-06-16 10:12:15,11838.95,58134
2021-06-16 10:12:16,11844.3,58142
2021-06-16 10:12:17,11844.3,58142
2021-06-16 10:12:18,11844.3,58142
2021-06-16 10:12:19,11839.05,58143
2021-06-16 10:12:20,11839.05,58143
2021-06-16 10:12:21,11839.05,58143
2021-06-16 10:12:22,11842.8,58154
2021-06-16 10:12:23,11842.8,58154
2021-06-16 10:12:23,11842.8,58154
2021-06-16 10:12:25,11842.8,58154
2021-06-16 10:12:26,11842.8,58154
2021-06-16 10:12:26,11845.85,58155
2021-06-16 10:12:27,11839.2,58158
2021-06-16 10:12:28,11839.2,58158
2021-06-16 10:12:29,11839.2,58158
2021-06-16 10:12:31,11839.2,58158
2021-06-16 10:12:32,11839.2,58158
2021-06-16 10:12:33,11843.95,58159
2021-06-16 10:12:33,11843.95,58159
2021-06-16 10:12:35,11843.95,58188
2021-06-16 10:12:36,11843.95,58188
2021-06-16 10:12:37,11843.95,58188
2021-06-16 10:12:38,11840.0,58189
2021-06-16 10:12:40,11840.0,58189
2021-06-16 10:12:40,11840.0,58189
2021-06-16 10:12:41,11840.0,58191
2021-06-16 10:12:42,11840.0,58191
2021-06-16 10:12:43,11845.0,58292
2021-06-16 10:12:44,11845.0,58292
2021-06-16 10:12:45,11840.3,58297
2021-06-16 10:12:47,11840.3,58298
2021-06-16 10:12:49,11840.3,58298
2021-06-16 10:12:50,11840.3,58307
2021-06-16 10:12:51,11845.1,58309
2021-06-16 10:12:52,11845.1,58309
2021-06-16 10:12:53,11845.1,58309
2021-06-16 10:12:54,11845.1,58309
2021-06-16 10:12:54,11845.1,58309
2021-06-16 10:12:55,11845.1,58309
2021-06-16 10:12:56,11845.1,58309
2021-06-16 10:12:57,11840.65,58317
2021-06-16 10:12:59,11840.65,58317
2021-06-16 10:13:00,11840.65,58317
2021-06-16 10:13:00,11840.65,58317
2021-06-16 10:13:01,11841.35,58322
2021-06-16 10:13:02,11841.35,58324
2021-06-16 10:13:03,11841.35,58324
2021-06-16 10:13:04,11841.35,58332
2021-06-16 10:13:05,11844.9,58340
2021-06-16 10:13:06,11844.9,58341
2021-06-16 10:13:08,11844.9,58341
2021-06-16 10:13:09,11844.9,58345
2021-06-16 10:13:10,11844.9,58345
2021-06-16 10:13:11,11841.3,58347
2021-06-16 10:13:13,11841.3,58347
2021-06-16 10:13:14,11841.3,58347
2021-06-16 10:13:15,11841.3,58347
2021-06-16 10:13:16,11841.3,58348
2021-06-16 10:13:17,11841.3,58348
2021-06-16 10:13:18,11841.3,58352
2021-06-16 10:13:20,11841.3,58371
2021-06-16 10:13:21,11841.3,58371
2021-06-16 10:13:22,11845.0,58373
2021-06-16 10:13:24,11845.0,58492
2021-06-16 10:13:25,11845.0,58562
2021-06-16 10:13:27,11845.0,58578
2021-06-16 10:13:27,11845.0,58578
2021-06-16 10:13:29,11845.0,58578
2021-06-16 10:13:30,11845.0,58579
2021-06-16 10:13:32,11845.0,58579
2021-06-16 10:13:33,11845.0,58579
2021-06-16 10:13:34,11845.0,58579
2021-06-16 10:13:35,11845.0,58579
2021-06-16 10:13:36,11841.0,58580
2021-06-16 10:13:36,11841.0,58580
2021-06-16 10:13:37,11841.0,58580
2021-06-16 10:13:38,11844.95,58581
2021-06-16 10:13:40,11844.95,58581
2021-06-16 10:13:41,11844.95,58581
2021-06-16 10:13:42,11844.95,58581
2021-06-16 10:13:43,11844.95,58581
2021-06-16 10:13:43,11844.95,58581
2021-06-16 10:13:44,11844.95,58581
2021-06-16 10:13:45,11844.95,58582
2021-06-16 10:13:46,11844.95,58582
2021-06-16 10:13:47,11844.95,58582
2021-06-16 10:13:48,11844.95,58582
2021-06-16 10:13:50,11844.95,58582
2021-06-16 10:13:51,11844.95,58582
2021-06-16 10:13:53,11844.95,58582
2021-06-16 10:13:54,11844.95,58582
2021-06-16 10:13:55,11844.95,58582
2021-06-16 10:13:56,11844.95,58582
2021-06-16 10:13:57,11841.05,58584
2021-06-16 10:13:57,11841.05,58584
2021-06-16 10:13:59,11841.05,58584
2021-06-16 10:14:00,11845.1,58586
2021-06-16 10:14:02,11845.0,58587
2021-06-16 10:14:03,11845.0,58596
2021-06-16 10:14:04,11845.0,58596
2021-06-16 10:14:05,11846.0,58656
2021-06-16 10:14:06,11846.0,58656
2021-06-16 10:14:07,11850.8,58705
2021-06-16 10:14:06,11850.8,58705
2021-06-16 10:14:08,11847.05,58708
2021-06-16 10:14:09,11847.05,58708
2021-06-16 10:14:10,11847.05,58708
2021-06-16 10:14:11,11847.05,58708
2021-06-16 10:14:13,11847.05,58708
2021-06-16 10:14:15,11854.25,58724
2021-06-16 10:14:16,11854.25,58724
2021-06-16 10:14:17,11854.25,58724
2021-06-16 10:14:18,11854.25,58724
2021-06-16 10:14:19,11854.9,58748
2021-06-16 10:14:19,11854.9,58748
2021-06-16 10:14:21,11849.05,58764
2021-06-16 10:14:21,11849.05,58764
2021-06-16 10:14:23,11848.0,58765
2021-06-16 10:14:23,11848.0,58765
2021-06-16 10:14:24,11848.0,58767
2021-06-16 10:14:26,11846.0,58768
2021-06-16 10:14:26,11846.0,58768
2021-06-16 10:14:27,11848.85,58769
2021-06-16 10:14:28,11848.85,58769
2021-06-16 10:14:29,11848.85,58769
2021-06-16 10:14:32,11841.5,58778
2021-06-16 10:14:33,11841.5,58778
2021-06-16 10:14:34,11847.5,58780
2021-06-16 10:14:35,11847.5,58780
2021-06-16 10:14:35,11847.5,58780
2021-06-16 10:14:38,11841.5,58785
2021-06-16 10:14:38,11841.5,58785
2021-06-16 10:14:39,11841.5,58785
2021-06-16 10:14:40,11841.5,58785
2021-06-16 10:14:41,11841.5,58785
2021-06-16 10:14:43,11841.5,58785
2021-06-16 10:14:44,11841.5,58785
2021-06-16 10:14:45,11841.5,58785
2021-06-16 10:14:46,11841.5,58785
2021-06-16 10:14:46,11841.5,58785
2021-06-16 10:14:47,11841.5,58785
2021-06-16 10:14:48,11841.5,58785
2021-06-16 10:14:49,11841.5,58786
2021-06-16 10:14:50,11841.5,58786
2021-06-16 10:14:51,11841.5,58787
2021-06-16 10:14:52,11841.5,58787
2021-06-16 10:14:53,11841.5,58787
2021-06-16 10:14:55,11841.5,58787
2021-06-16 10:14:56,11841.5,58787
2021-06-16 10:14:57,11846.7,58810
2021-06-16 10:14:58,11846.7,58810
2021-06-16 10:14:59,11846.7,58810
2021-06-16 10:15:00,11846.7,58810
2021-06-16 10:15:00,11846.7,58810
2021-06-16 10:15:01,11846.7,58810
2021-06-16 10:15:02,11846.7,58810
2021-06-16 10:15:03,11846.7,58810
2021-06-16 10:15:04,11846.7,58810
2021-06-16 10:15:05,11846.7,58810
2021-06-16 10:15:07,11846.7,58810
2021-06-16 10:15:08,11847.1,58815
2021-06-16 10:15:08,11847.1,58815
2021-06-16 10:15:09,11847.1,58815
2021-06-16 10:15:10,11847.1,58815
2021-06-16 10:15:12,11847.1,58815
2021-06-16 10:15:14,11841.3,58837
2021-06-16 10:15:15,11841.25,59057
2021-06-16 10:15:15,11841.25,59057
2021-06-16 10:15:16,11841.05,59058
2021-06-16 10:15:18,11841.05,59058
2021-06-16 10:15:19,11841.05,59058
