timestamp,ltp,volume
2021-06-16 09:15:49,6135.1,22117
2021-06-16 09:15:50,6137.85,22180
2021-06-16 09:15:51,6135.1,22190
2021-06-16 09:15:52,6135.1,22280
2021-06-16 09:15:53,6135.1,22351
2021-06-16 09:15:54,6137.2,22375
2021-06-16 09:15:55,6135.1,22448
2021-06-16 09:15:56,6134.8,23025
2021-06-16 09:15:57,6142.7,24823
2021-06-16 09:15:58,6144.95,25203
2021-06-16 09:15:59,6141.6,25524
2021-06-16 09:16:00,6140.0,25719
2021-06-16 09:16:01,6142.3,25834
2021-06-16 09:16:02,6140.0,25884
2021-06-16 09:16:03,6140.6,25961
2021-06-16 09:16:04,6137.85,26748
2021-06-16 09:16:05,6136.75,27079
2021-06-16 09:16:06,6135.75,27131
2021-06-16 09:16:07,6141.3,27716
2021-06-16 09:16:08,6136.45,28370
2021-06-16 09:16:09,6139.85,29248
2021-06-16 09:16:11,6139.5,30636
2021-06-16 09:16:12,6139.5,30636
2021-06-16 09:16:13,6141.25,30880
2021-06-16 09:16:14,6142.0,30980
2021-06-16 09:16:15,6139.55,31093
2021-06-16 09:16:16,6141.0,31379
2021-06-16 09:16:17,6141.0,31444
2021-06-16 09:16:18,6141.3,31689
2021-06-16 09:16:19,6140.45,31838
2021-06-16 09:16:20,6142.0,32012
2021-06-16 09:16:21,6144.0,32054
2021-06-16 09:16:22,6142.0,32089
2021-06-16 09:16:23,6139.65,32624
2021-06-16 09:16:24,6141.0,32675
2021-06-16 09:16:25,6143.7,32930
2021-06-16 09:16:26,6141.05,32940
2021-06-16 09:16:27,6144.65,33178
2021-06-16 09:16:28,6144.35,33464
2021-06-16 09:16:29,6141.65,33492
2021-06-16 09:16:30,6141.55,33592
2021-06-16 09:16:31,6144.4,33834
2021-06-16 09:16:33,6143.95,33967
2021-06-16 09:16:34,6143.95,34018
2021-06-16 09:16:36,6146.0,34822
2021-06-16 09:16:38,6147.7,35161
2021-06-16 09:16:39,6147.7,35191
2021-06-16 09:16:41,6145.4,35291
2021-06-16 09:16:42,6147.7,35341
2021-06-16 09:16:44,6149.9,35959
2021-06-16 09:16:45,6149.9,36020
2021-06-16 09:16:46,6148.2,36093
2021-06-16 09:16:48,6149.95,36218
2021-06-16 09:16:48,6148.0,36336
2021-06-16 09:16:49,6147.7,36414
2021-06-16 09:16:51,6145.7,36859
2021-06-16 09:16:52,6150.0,37688
2021-06-16 09:16:53,6148.55,37908
2021-06-16 09:16:54,6147.35,38032
2021-06-16 09:16:55,6148.2,38230
2021-06-16 09:16:56,6148.0,38537
2021-06-16 09:16:58,6148.0,38804
2021-06-16 09:16:59,6148.55,38939
2021-06-16 09:17:00,6149.45,39231
2021-06-16 09:17:03,6149.3,41541
2021-06-16 09:17:05,6147.45,42072
2021-06-16 09:17:06,6144.15,42552
2021-06-16 09:17:07,6146.3,43027
2021-06-16 09:17:08,6146.2,43051
2021-06-16 09:17:09,6146.2,43346
2021-06-16 09:17:10,6146.2,43588
2021-06-16 09:17:11,6146.2,43596
2021-06-16 09:17:12,6146.2,43612
2021-06-16 09:17:13,6150.0,44325
2021-06-16 09:17:14,6147.55,44398
2021-06-16 09:17:15,6150.0,44751
2021-06-16 09:17:16,6149.0,44763
2021-06-16 09:17:18,6150.15,45281
2021-06-16 09:17:19,6153.85,45303
2021-06-16 09:17:21,6150.45,45354
2021-06-16 09:17:22,6150.5,46628
2021-06-16 09:17:23,6149.1,47964
2021-06-16 09:17:23,6152.8,47966
2021-06-16 09:17:24,6152.55,48089
2021-06-16 09:17:25,6152.7,48324
2021-06-16 09:17:26,6152.7,48388
2021-06-16 09:17:27,6150.5,48499
2021-06-16 09:17:28,6150.4,48548
2021-06-16 09:17:29,6150.4,48936
2021-06-16 09:17:31,6150.4,49047
2021-06-16 09:17:32,6147.45,49097
2021-06-16 09:17:33,6150.2,49104
2021-06-16 09:17:34,6150.2,49436
2021-06-16 09:17:35,6147.5,49524
2021-06-16 09:17:37,6150.05,49590
2021-06-16 09:17:38,6148.0,49636
2021-06-16 09:17:39,6150.0,49694
2021-06-16 09:17:39,6150.0,49694
2021-06-16 09:17:40,6150.0,49734
2021-06-16 09:17:41,6150.0,49769
2021-06-16 09:17:42,6150.0,49891
2021-06-16 09:17:43,6149.95,50290
2021-06-16 09:17:44,6149.95,50350
2021-06-16 09:17:45,6149.95,50439
2021-06-16 09:17:46,6149.95,50486
2021-06-16 09:17:47,6149.0,50526
2021-06-16 09:17:48,6150.0,51184
2021-06-16 09:17:49,6148.5,51978
2021-06-16 09:17:50,6145.35,52249
2021-06-16 09:17:51,6145.0,52573
2021-06-16 09:17:52,6144.3,53235
2021-06-16 09:17:53,6144.3,53235
2021-06-16 09:17:54,6143.65,53477
2021-06-16 09:17:55,6143.3,53679
2021-06-16 09:17:56,6143.65,54095
2021-06-16 09:17:57,6141.15,54142
2021-06-16 09:17:58,6143.25,54286
2021-06-16 09:17:59,6140.2,54386
2021-06-16 09:18:00,6143.05,54551
2021-06-16 09:18:01,6143.05,55849
2021-06-16 09:18:02,6140.35,55852
2021-06-16 09:18:03,6141.0,57016
2021-06-16 09:18:04,6138.75,57052
2021-06-16 09:18:05,6138.75,57090
2021-06-16 09:18:07,6140.7,57631
2021-06-16 09:18:07,6140.6,57870
2021-06-16 09:18:08,6140.5,58904
2021-06-16 09:18:10,6140.55,59992
2021-06-16 09:18:10,6140.1,60045
2021-06-16 09:18:11,6140.0,60073
2021-06-16 09:18:12,6140.05,60087
2021-06-16 09:18:13,6138.8,60113
2021-06-16 09:18:14,6140.0,60180
2021-06-16 09:18:15,6140.0,60207
2021-06-16 09:18:16,6139.9,60262
2021-06-16 09:18:17,6140.0,60397
2021-06-16 09:18:18,6139.85,60439
2021-06-16 09:18:19,6140.0,60444
2021-06-16 09:18:20,6136.9,60704
2021-06-16 09:18:22,6138.2,60948
2021-06-16 09:18:23,6139.85,60987
2021-06-16 09:18:23,6139.85,61027
2021-06-16 09:18:24,6138.0,61131
2021-06-16 09:18:25,6139.9,61246
2021-06-16 09:18:26,6138.8,61284
2021-06-16 09:18:28,6139.9,61496
2021-06-16 09:18:30,6139.9,61591
2021-06-16 09:18:32,6139.8,61658
2021-06-16 09:18:33,6140.15,62252
2021-06-16 09:18:35,6139.75,62668
2021-06-16 09:18:36,6140.05,62933
2021-06-16 09:18:38,6140.05,63188
2021-06-16 09:18:39,6141.6,63400
2021-06-16 09:18:40,6141.6,63500
2021-06-16 09:18:41,6141.0,63525
2021-06-16 09:18:42,6141.25,63593
2021-06-16 09:18:43,6143.7,63698
2021-06-16 09:18:44,6143.65,63700
2021-06-16 09:18:45,6141.35,63705
2021-06-16 09:18:46,6143.65,63714
2021-06-16 09:18:47,6142.0,63729
2021-06-16 09:18:48,6143.65,63769
2021-06-16 09:18:49,6143.65,63827
2021-06-16 09:18:50,6146.9,64024
2021-06-16 09:18:52,6144.5,64127
2021-06-16 09:18:53,6142.0,64632
2021-06-16 09:18:53,6142.0,64632
2021-06-16 09:18:54,6143.65,64650
2021-06-16 09:18:56,6144.65,64682
2021-06-16 09:18:57,6144.65,64686
2021-06-16 09:18:58,6143.65,64781
2021-06-16 09:18:59,6144.8,65522
2021-06-16 09:18:59,6144.8,65522
2021-06-16 09:19:00,6148.95,65557
2021-06-16 09:19:01,6146.25,65568
2021-06-16 09:19:02,6149.6,65966
2021-06-16 09:19:03,6151.55,67124
2021-06-16 09:19:04,6155.0,67865
2021-06-16 09:19:05,6154.95,67886
2021-06-16 09:19:08,6154.95,68395
2021-06-16 09:19:09,6154.7,68455
2021-06-16 09:19:10,6154.55,68464
2021-06-16 09:19:11,6151.95,68504
2021-06-16 09:19:11,6154.55,68499
2021-06-16 09:19:12,6154.25,68731
2021-06-16 09:19:13,6154.25,68750
2021-06-16 09:19:15,6153.05,68872
2021-06-16 09:19:16,6151.8,69063
2021-06-16 09:19:19,6153.9,69615
2021-06-16 09:19:20,6153.85,69665
2021-06-16 09:19:21,6154.8,69711
2021-06-16 09:19:22,6153.9,69765
2021-06-16 09:19:22,6153.9,69765
2021-06-16 09:19:23,6154.0,69826
2021-06-16 09:19:24,6153.9,70163
2021-06-16 09:19:25,6154.0,70224
2021-06-16 09:19:26,6153.9,70406
2021-06-16 09:19:28,6154.25,70484
2021-06-16 09:19:29,6152.15,70580
2021-06-16 09:19:29,6155.0,70524
2021-06-16 09:19:30,6155.0,70650
2021-06-16 09:19:31,6153.9,70755
2021-06-16 09:19:32,6153.0,70820
2021-06-16 09:19:34,6153.0,70830
2021-06-16 09:19:35,6153.0,70941
2021-06-16 09:19:36,6154.95,71246
2021-06-16 09:19:37,6152.3,71247
2021-06-16 09:19:38,6152.0,71379
2021-06-16 09:19:39,6152.8,71494
2021-06-16 09:19:40,6152.75,71564
2021-06-16 09:19:41,6147.45,71942
2021-06-16 09:19:42,6147.45,71942
2021-06-16 09:19:43,6147.25,72097
2021-06-16 09:19:44,6147.25,72236
2021-06-16 09:19:45,6146.35,72398
2021-06-16 09:19:46,6147.25,72453
2021-06-16 09:19:48,6145.25,72543
2021-06-16 09:19:50,6147.55,72649
2021-06-16 09:19:51,6145.0,72658
2021-06-16 09:19:52,6147.2,72685
2021-06-16 09:19:53,6147.2,72685
2021-06-16 09:19:54,6148.7,72770
2021-06-16 09:19:54,6148.7,72770
2021-06-16 09:19:55,6148.7,72770
2021-06-16 09:19:57,6147.25,72829
2021-06-16 09:19:58,6146.0,72866
2021-06-16 09:19:59,6146.0,72869
2021-06-16 09:20:00,6145.9,73007
2021-06-16 09:20:01,6142.55,73314
2021-06-16 09:20:02,6142.25,73445
2021-06-16 09:20:04,6144.75,73560
2021-06-16 09:20:05,6141.6,73641
2021-06-16 09:20:06,6141.6,73751
2021-06-16 09:20:06,6141.65,73752
2021-06-16 09:20:08,6144.15,73867
2021-06-16 09:20:09,6141.85,74104
2021-06-16 09:20:10,6144.15,74138
2021-06-16 09:20:11,6144.15,74314
2021-06-16 09:20:12,6142.35,74656
2021-06-16 09:20:13,6145.0,74794
2021-06-16 09:20:15,6144.75,74854
2021-06-16 09:20:16,6145.0,74867
2021-06-16 09:20:16,6144.75,75174
2021-06-16 09:20:17,6144.45,75184
2021-06-16 09:20:18,6144.35,75269
2021-06-16 09:20:19,6142.35,75562
2021-06-16 09:20:20,6144.75,75641
2021-06-16 09:20:21,6144.85,75662
2021-06-16 09:20:23,6144.0,75667
2021-06-16 09:20:24,6144.0,77001
2021-06-16 09:20:25,6144.0,77067
2021-06-16 09:20:26,6142.15,77152
2021-06-16 09:20:26,6142.15,77152
2021-06-16 09:20:27,6142.65,77290
2021-06-16 09:20:29,6142.65,77371
2021-06-16 09:20:31,6142.65,77508
2021-06-16 09:20:32,6142.65,77573
2021-06-16 09:20:34,6142.0,77733
2021-06-16 09:20:35,6139.5,80367
2021-06-16 09:20:35,6139.5,80413
2021-06-16 09:20:36,6139.75,80454
2021-06-16 09:20:37,6139.95,80542
2021-06-16 09:20:38,6137.5,80662
2021-06-16 09:20:40,6137.2,81713
2021-06-16 09:20:41,6137.25,82152
2021-06-16 09:20:42,6137.3,82407
2021-06-16 09:20:43,6137.25,82417
2021-06-16 09:20:44,6138.2,82673
2021-06-16 09:20:45,6137.1,83725
2021-06-16 09:20:45,6134.4,83735
2021-06-16 09:20:46,6135.0,83801
2021-06-16 09:20:47,6135.0,84034
2021-06-16 09:20:48,6135.0,84188
2021-06-16 09:20:49,6136.0,84265
2021-06-16 09:20:50,6136.3,84436
2021-06-16 09:20:52,6137.3,84463
2021-06-16 09:20:53,6135.15,84504
2021-06-16 09:20:54,6133.85,84780
2021-06-16 09:20:54,6133.85,84780
2021-06-16 09:20:55,6136.0,84796
2021-06-16 09:20:56,6136.8,84823
2021-06-16 09:20:58,6138.4,84847
2021-06-16 09:20:59,6136.6,84866
2021-06-16 09:21:00,6139.5,84959
2021-06-16 09:21:01,6140.0,85234
2021-06-16 09:21:01,6140.0,85234
2021-06-16 09:21:02,6140.8,85544
2021-06-16 09:21:03,6140.8,85544
2021-06-16 09:21:05,6145.0,85975
2021-06-16 09:21:06,6145.0,86221
2021-06-16 09:21:07,6144.6,86316
2021-06-16 09:21:07,6144.6,86316
2021-06-16 09:21:08,6145.0,86346
2021-06-16 09:21:09,6145.0,86399
2021-06-16 09:21:10,6144.05,86402
2021-06-16 09:21:11,6144.05,86465
2021-06-16 09:21:13,6141.95,86595
2021-06-16 09:21:14,6140.45,86644
2021-06-16 09:21:16,6143.2,86649
2021-06-16 09:21:17,6143.05,86664
2021-06-16 09:21:18,6140.95,86824
2021-06-16 09:21:18,6140.7,86825
2021-06-16 09:21:19,6143.05,86842
2021-06-16 09:21:20,6143.05,86858
2021-06-16 09:21:22,6140.5,86871
2021-06-16 09:21:23,6142.35,86913
2021-06-16 09:21:24,6140.0,86930
2021-06-16 09:21:25,6142.0,87024
2021-06-16 09:21:26,6140.0,87093
2021-06-16 09:21:27,6141.9,87135
2021-06-16 09:21:27,6141.9,87135
2021-06-16 09:21:28,6141.95,87221
2021-06-16 09:21:29,6141.9,87320
2021-06-16 09:21:31,6140.1,87571
2021-06-16 09:21:32,6140.4,87818
2021-06-16 09:21:34,6140.0,87933
2021-06-16 09:21:35,6138.6,87964
2021-06-16 09:21:35,6140.0,88247
2021-06-16 09:21:36,6140.0,88321
2021-06-16 09:21:37,6140.85,88411
2021-06-16 09:21:39,6140.85,88459
2021-06-16 09:21:40,6140.85,88462
2021-06-16 09:21:41,6141.85,88583
2021-06-16 09:21:42,6140.4,88598
2021-06-16 09:21:43,6141.95,88682
2021-06-16 09:21:44,6141.9,88768
2021-06-16 09:21:46,6141.9,88859
2021-06-16 09:21:47,6141.9,89031
2021-06-16 09:21:48,6141.0,89060
2021-06-16 09:21:49,6141.9,89143
2021-06-16 09:21:49,6141.9,89143
2021-06-16 09:21:50,6141.0,91316
2021-06-16 09:21:51,6141.85,91360
2021-06-16 09:21:53,6141.85,91534
2021-06-16 09:21:54,6141.0,91598
2021-06-16 09:21:55,6141.85,91634
2021-06-16 09:21:56,6141.85,91672
2021-06-16 09:21:57,6141.85,91929
2021-06-16 09:21:59,6141.55,92195
2021-06-16 09:22:00,6141.85,92504
2021-06-16 09:22:01,6141.0,92775
2021-06-16 09:22:02,6141.0,92829
2021-06-16 09:22:03,6141.0,93240
2021-06-16 09:22:05,6143.0,93321
2021-06-16 09:22:06,6143.0,93379
2021-06-16 09:22:07,6143.0,93428
2021-06-16 09:22:08,6141.95,93528
2021-06-16 09:22:08,6141.95,93528
2021-06-16 09:22:10,6143.0,93554
2021-06-16 09:22:12,6143.0,93624
2021-06-16 09:22:13,6142.4,94184
2021-06-16 09:22:14,6143.0,94289
2021-06-16 09:22:15,6143.0,94365
2021-06-16 09:22:16,6145.0,94404
2021-06-16 09:22:18,6144.9,94566
2021-06-16 09:22:18,6144.9,94566
2021-06-16 09:22:19,6144.9,94569
2021-06-16 09:22:21,6144.9,94674
2021-06-16 09:22:22,6142.65,94806
2021-06-16 09:22:23,6144.85,94829
2021-06-16 09:22:26,6142.65,95094
2021-06-16 09:22:27,6142.8,95098
2021-06-16 09:22:28,6144.85,95127
2021-06-16 09:22:30,6144.85,95194
2021-06-16 09:22:29,6144.85,95127
2021-06-16 09:22:31,6144.85,95260
2021-06-16 09:22:31,6144.85,95261
2021-06-16 09:22:32,6144.85,95380
2021-06-16 09:22:34,6142.85,95402
2021-06-16 09:22:35,6143.15,95422
2021-06-16 09:22:36,6144.85,95563
2021-06-16 09:22:37,6144.85,95566
2021-06-16 09:22:38,6144.85,95568
2021-06-16 09:22:39,6144.8,95710
2021-06-16 09:22:39,6144.8,95710
2021-06-16 09:22:40,6144.8,95710
2021-06-16 09:22:41,6144.8,95710
2021-06-16 09:22:43,6144.35,95715
2021-06-16 09:22:44,6143.15,95722
2021-06-16 09:22:45,6144.35,95752
2021-06-16 09:22:46,6144.35,95761
2021-06-16 09:22:47,6144.2,95915
2021-06-16 09:22:48,6144.35,95943
2021-06-16 09:22:49,6144.35,95945
2021-06-16 09:22:50,6144.8,95979
2021-06-16 09:22:51,6145.0,96328
2021-06-16 09:22:51,6143.05,96433
2021-06-16 09:22:52,6144.85,96493
2021-06-16 09:22:53,6143.0,96657
2021-06-16 09:22:55,6144.35,96932
2021-06-16 09:22:56,6144.35,96942
2021-06-16 09:22:57,6145.0,97067
2021-06-16 09:22:58,6143.0,97121
2021-06-16 09:22:59,6143.0,97151
2021-06-16 09:23:00,6143.0,97174
2021-06-16 09:23:01,6144.35,97208
2021-06-16 09:23:02,6143.0,97281
2021-06-16 09:23:03,6145.0,97336
2021-06-16 09:23:05,6143.95,97404
2021-06-16 09:23:06,6147.5,97567
2021-06-16 09:23:06,6147.5,97566
2021-06-16 09:23:08,6147.5,97655
2021-06-16 09:23:09,6147.5,97709
2021-06-16 09:23:10,6147.5,97725
2021-06-16 09:23:11,6145.6,97825
2021-06-16 09:23:12,6147.5,97971
2021-06-16 09:23:13,6147.5,97974
2021-06-16 09:23:15,6147.5,97974
2021-06-16 09:23:16,6147.5,97974
2021-06-16 09:23:17,6147.5,98024
2021-06-16 09:23:18,6147.5,98024
2021-06-16 09:23:19,6146.35,98044
2021-06-16 09:23:20,6145.2,98144
2021-06-16 09:23:21,6147.5,99174
2021-06-16 09:23:22,6145.2,99294
2021-06-16 09:23:23,6145.2,99353
2021-06-16 09:23:24,6145.2,99671
2021-06-16 09:23:25,6147.5,99697
2021-06-16 09:23:26,6145.65,99758
2021-06-16 09:23:26,6147.95,99970
2021-06-16 09:23:27,6148.0,99994
2021-06-16 09:23:28,6148.0,100000
2021-06-16 09:23:30,6152.65,101003
2021-06-16 09:23:31,6150.55,101068
2021-06-16 09:23:32,6152.65,101214
2021-06-16 09:23:33,6152.65,101307
2021-06-16 09:23:34,6152.65,101377
2021-06-16 09:23:35,6152.05,101462
2021-06-16 09:23:36,6152.35,101884
2021-06-16 09:23:37,6152.35,101936
2021-06-16 09:23:37,6152.35,101936
2021-06-16 09:23:38,6152.35,101957
2021-06-16 09:23:40,6152.35,102001
2021-06-16 09:23:42,6150.3,102312
2021-06-16 09:23:43,6152.35,102349
2021-06-16 09:23:44,6152.35,102355
2021-06-16 09:23:45,6150.95,102382
2021-06-16 09:23:46,6150.95,102419
2021-06-16 09:23:46,6150.95,102419
2021-06-16 09:23:47,6152.35,102539
2021-06-16 09:23:48,6150.0,102656
2021-06-16 09:23:50,6151.0,102781
2021-06-16 09:23:51,6153.85,102914
2021-06-16 09:23:52,6151.0,102965
2021-06-16 09:23:53,6152.35,102967
2021-06-16 09:23:54,6153.0,103019
2021-06-16 09:23:54,6153.0,103027
2021-06-16 09:23:55,6152.3,103047
2021-06-16 09:23:57,6152.3,103127
2021-06-16 09:23:58,6152.35,103187
2021-06-16 09:23:59,6153.65,103197
2021-06-16 09:24:00,6152.3,103216
2021-06-16 09:24:01,6153.9,103456
2021-06-16 09:24:02,6154.4,103726
2021-06-16 09:24:03,6154.35,103874
2021-06-16 09:24:04,6151.65,104003
2021-06-16 09:24:07,6155.0,104533
2021-06-16 09:24:09,6155.0,104711
2021-06-16 09:24:10,6155.0,104742
2021-06-16 09:24:10,6155.0,104747
2021-06-16 09:24:12,6152.8,104822
2021-06-16 09:24:13,6153.65,104925
2021-06-16 09:24:14,6153.65,104964
2021-06-16 09:24:15,6152.75,104969
2021-06-16 09:24:16,6153.65,104980
2021-06-16 09:24:17,6152.7,105041
2021-06-16 09:24:18,6152.0,105234
2021-06-16 09:24:19,6152.8,105277
2021-06-16 09:24:20,6152.8,105293
2021-06-16 09:24:21,6152.7,105326
2021-06-16 09:24:22,6152.7,105351
2021-06-16 09:24:24,6152.7,105440
2021-06-16 09:24:25,6152.7,105502
2021-06-16 09:24:26,6152.7,105547
2021-06-16 09:24:27,6151.0,105702
2021-06-16 09:24:28,6152.7,105703
2021-06-16 09:24:28,6152.7,105703
2021-06-16 09:24:30,6151.7,106042
2021-06-16 09:24:31,6151.7,106122
2021-06-16 09:24:32,6151.0,106224
2021-06-16 09:24:33,6151.0,106260
2021-06-16 09:24:34,6154.7,107121
2021-06-16 09:24:35,6153.0,107159
2021-06-16 09:24:36,6154.2,107183
2021-06-16 09:24:37,6153.0,107200
2021-06-16 09:24:38,6154.15,107310
2021-06-16 09:24:39,6152.2,107395
2021-06-16 09:24:40,6154.2,107406
2021-06-16 09:24:41,6154.2,107418
2021-06-16 09:24:42,6154.2,107439
2021-06-16 09:24:43,6154.2,107695
2021-06-16 09:24:44,6154.2,107721
2021-06-16 09:24:45,6154.2,107796
2021-06-16 09:24:46,6154.0,107860
2021-06-16 09:24:48,6154.0,107903
2021-06-16 09:24:49,6154.0,108040
2021-06-16 09:24:50,6154.0,108084
2021-06-16 09:24:51,6154.15,108227
2021-06-16 09:24:52,6154.0,108247
2021-06-16 09:24:53,6154.0,108508
2021-06-16 09:24:54,6154.0,108677
2021-06-16 09:24:55,6154.1,108682
2021-06-16 09:24:55,6154.1,108682
2021-06-16 09:24:56,6154.1,108866
2021-06-16 09:24:58,6154.1,108952
2021-06-16 09:24:59,6154.0,109113
2021-06-16 09:25:00,6152.65,109673
2021-06-16 09:25:01,6152.65,109751
2021-06-16 09:25:02,6152.65,109796
2021-06-16 09:25:03,6147.8,112303
2021-06-16 09:25:04,6147.85,112316
2021-06-16 09:25:05,6147.85,112336
2021-06-16 09:25:06,6147.85,112380
2021-06-16 09:25:07,6147.85,112404
2021-06-16 09:25:08,6147.85,112404
2021-06-16 09:25:09,6147.25,112598
2021-06-16 09:25:10,6147.25,112664
2021-06-16 09:25:11,6147.25,112722
2021-06-16 09:25:12,6145.2,112835
2021-06-16 09:25:13,6147.25,112902
2021-06-16 09:25:15,6145.4,112945
2021-06-16 09:25:17,6144.9,113025
2021-06-16 09:25:16,6144.9,113025
2021-06-16 09:25:18,6147.15,113026
2021-06-16 09:25:19,6147.1,113037
2021-06-16 09:25:20,6146.95,113091
2021-06-16 09:25:21,6147.25,113292
2021-06-16 09:25:22,6147.0,113402
2021-06-16 09:25:23,6146.95,113570
2021-06-16 09:25:25,6146.45,113604
2021-06-16 09:25:26,6146.95,113624
2021-06-16 09:25:27,6146.95,113624
2021-06-16 09:25:30,6146.95,113668
2021-06-16 09:25:31,6146.95,113734
2021-06-16 09:25:32,6146.0,113798
2021-06-16 09:25:33,6146.0,113798
2021-06-16 09:25:34,6146.9,114188
2021-06-16 09:25:35,6146.9,114211
2021-06-16 09:25:36,6146.9,114411
2021-06-16 09:25:37,6146.9,114412
2021-06-16 09:25:38,6146.9,114412
2021-06-16 09:25:39,6146.45,114672
2021-06-16 09:25:40,6146.45,114690
2021-06-16 09:25:41,6146.45,114691
2021-06-16 09:25:42,6146.45,114793
2021-06-16 09:25:43,6146.45,114797
2021-06-16 09:25:44,6146.0,114832
2021-06-16 09:25:45,6146.45,114873
2021-06-16 09:25:46,6146.45,114875
2021-06-16 09:25:47,6146.45,114875
2021-06-16 09:25:48,6146.0,115316
2021-06-16 09:25:49,6145.15,116049
2021-06-16 09:25:50,6142.15,116266
2021-06-16 09:25:51,6143.1,116272
2021-06-16 09:25:52,6143.1,116373
2021-06-16 09:25:53,6143.1,116453
2021-06-16 09:25:54,6143.1,116474
2021-06-16 09:25:55,6143.1,116474
2021-06-16 09:25:56,6143.1,116474
2021-06-16 09:25:58,6143.0,116597
2021-06-16 09:25:59,6142.0,116649
2021-06-16 09:26:00,6143.1,116664
2021-06-16 09:26:01,6142.0,116705
2021-06-16 09:26:02,6143.1,116725
2021-06-16 09:26:03,6141.85,116775
2021-06-16 09:26:04,6141.85,116776
2021-06-16 09:26:05,6141.65,116855
2021-06-16 09:26:06,6142.0,116870
2021-06-16 09:26:07,6142.0,117278
2021-06-16 09:26:08,6143.0,117340
2021-06-16 09:26:09,6143.05,117369
2021-06-16 09:26:10,6143.05,117369
2021-06-16 09:26:11,6143.0,117401
2021-06-16 09:26:12,6142.0,117411
2021-06-16 09:26:13,6143.0,117441
2021-06-16 09:26:14,6143.0,117506
2021-06-16 09:26:15,6143.0,117510
2021-06-16 09:26:16,6143.0,117516
2021-06-16 09:26:18,6142.95,117696
2021-06-16 09:26:19,6141.3,117757
2021-06-16 09:26:20,6141.3,117812
2021-06-16 09:26:21,6141.45,117822
2021-06-16 09:26:23,6140.0,118209
2021-06-16 09:26:24,6141.05,118251
2021-06-16 09:26:25,6141.05,118261
2021-06-16 09:26:26,6141.0,118283
2021-06-16 09:26:27,6141.0,118291
2021-06-16 09:26:28,6141.0,118342
2021-06-16 09:26:29,6140.0,118395
2021-06-16 09:26:31,6141.05,118716
2021-06-16 09:26:33,6140.15,118749
2021-06-16 09:26:34,6140.15,118749
2021-06-16 09:26:35,6141.05,118753
2021-06-16 09:26:36,6140.15,118760
2021-06-16 09:26:37,6141.05,118885
2021-06-16 09:26:38,6140.0,121453
2021-06-16 09:26:39,6138.65,121524
2021-06-16 09:26:41,6140.0,121634
2021-06-16 09:26:42,6140.0,121650
2021-06-16 09:26:43,6140.0,121843
2021-06-16 09:26:44,6140.0,122079
2021-06-16 09:26:46,6140.0,122257
2021-06-16 09:26:47,6140.0,122548
2021-06-16 09:26:48,6140.0,122584
2021-06-16 09:26:49,6140.0,122596
2021-06-16 09:26:50,6140.0,122884
2021-06-16 09:26:51,6137.3,123105
2021-06-16 09:26:52,6137.6,123251
2021-06-16 09:26:53,6139.85,123276
2021-06-16 09:26:54,6139.95,123337
2021-06-16 09:26:55,6140.0,123378
2021-06-16 09:26:56,6137.4,123433
2021-06-16 09:26:57,6137.6,123512
2021-06-16 09:26:58,6137.6,123512
2021-06-16 09:26:59,6137.6,123532
2021-06-16 09:27:00,6137.85,123549
2021-06-16 09:27:01,6137.85,123554
2021-06-16 09:27:02,6137.85,123554
2021-06-16 09:27:03,6137.6,123608
2021-06-16 09:27:04,6139.0,124239
2021-06-16 09:27:05,6139.0,124740
2021-06-16 09:27:06,6138.0,124752
2021-06-16 09:27:07,6137.85,124772
2021-06-16 09:27:08,6137.85,124772
2021-06-16 09:27:09,6138.0,124798
2021-06-16 09:27:11,6135.5,125463
2021-06-16 09:27:12,6137.6,125520
2021-06-16 09:27:13,6135.0,125771
2021-06-16 09:27:14,6136.55,126314
2021-06-16 09:27:16,6135.0,126368
2021-06-16 09:27:17,6135.0,126777
2021-06-16 09:27:18,6136.55,127709
2021-06-16 09:27:19,6137.6,127844
2021-06-16 09:27:21,6137.6,127990
2021-06-16 09:27:22,6137.6,128005
2021-06-16 09:27:22,6136.6,128006
2021-06-16 09:27:23,6136.55,128198
2021-06-16 09:27:24,6136.55,128523
2021-06-16 09:27:25,6135.85,128609
2021-06-16 09:27:26,6135.0,129009
2021-06-16 09:27:27,6137.0,129024
2021-06-16 09:27:28,6135.8,129087
2021-06-16 09:27:29,6137.0,129134
2021-06-16 09:27:30,6135.8,129366
2021-06-16 09:27:31,6137.9,129369
2021-06-16 09:27:32,6137.9,129369
2021-06-16 09:27:34,6137.0,129495
2021-06-16 09:27:34,6136.55,129515
2021-06-16 09:27:35,6137.0,129518
2021-06-16 09:27:36,6136.55,129522
2021-06-16 09:27:37,6137.0,129524
2021-06-16 09:27:38,6137.0,129592
2021-06-16 09:27:39,6137.0,129605
2021-06-16 09:27:40,6137.0,129614
2021-06-16 09:27:41,6137.55,129619
2021-06-16 09:27:43,6140.0,129805
2021-06-16 09:27:44,6140.0,129811
2021-06-16 09:27:44,6140.0,129811
2021-06-16 09:27:45,6138.0,130612
2021-06-16 09:27:46,6137.0,131739
2021-06-16 09:27:47,6139.3,131764
2021-06-16 09:27:48,6139.25,131846
2021-06-16 09:27:49,6137.0,131891
2021-06-16 09:27:50,6137.0,131911
2021-06-16 09:27:51,6139.3,131987
2021-06-16 09:27:52,6139.25,132046
2021-06-16 09:27:53,6139.25,132046
2021-06-16 09:27:54,6139.25,132152
2021-06-16 09:27:55,6138.8,132186
2021-06-16 09:27:56,6139.25,132192
2021-06-16 09:27:57,6139.25,132259
2021-06-16 09:27:59,6139.25,132280
2021-06-16 09:27:59,6139.25,132287
2021-06-16 09:28:01,6139.25,132319
2021-06-16 09:28:01,6139.25,132344
2021-06-16 09:28:02,6137.05,132445
2021-06-16 09:28:03,6138.0,132636
2021-06-16 09:28:04,6138.0,132648
2021-06-16 09:28:05,6137.05,132651
2021-06-16 09:28:06,6137.0,132711
2021-06-16 09:28:08,6137.0,132727
2021-06-16 09:28:09,6137.95,132734
2021-06-16 09:28:10,6137.0,132762
2021-06-16 09:28:11,6137.0,132814
2021-06-16 09:28:12,6137.0,132814
2021-06-16 09:28:13,6138.0,133021
2021-06-16 09:28:14,6137.0,133783
2021-06-16 09:28:15,6137.9,133789
2021-06-16 09:28:16,6137.9,133789
2021-06-16 09:28:17,6138.0,133797
2021-06-16 09:28:18,6137.0,133904
2021-06-16 09:28:19,6137.9,134016
2021-06-16 09:28:21,6138.0,134076
2021-06-16 09:28:22,6137.0,134097
2021-06-16 09:28:23,6138.0,134098
2021-06-16 09:28:24,6137.0,134204
2021-06-16 09:28:25,6135.6,134231
2021-06-16 09:28:26,6135.6,134233
2021-06-16 09:28:27,6135.6,134234
2021-06-16 09:28:28,6137.0,134248
2021-06-16 09:28:30,6135.0,134619
2021-06-16 09:28:31,6135.55,134648
2021-06-16 09:28:31,6135.55,134648
2021-06-16 09:28:32,6135.4,135764
2021-06-16 09:28:34,6135.55,135836
2021-06-16 09:28:35,6135.0,135851
2021-06-16 09:28:36,6136.85,135889
2021-06-16 09:28:37,6134.4,135914
2021-06-16 09:28:38,6134.4,135914
2021-06-16 09:28:39,6134.15,135954
2021-06-16 09:28:40,6136.0,135969
2021-06-16 09:28:41,6137.0,135989
2021-06-16 09:28:43,6137.0,136040
2021-06-16 09:28:44,6137.0,136047
2021-06-16 09:28:46,6136.0,136049
2021-06-16 09:28:46,6136.0,136117
2021-06-16 09:28:47,6135.55,136142
2021-06-16 09:28:48,6135.55,136162
2021-06-16 09:28:49,6136.0,136163
2021-06-16 09:28:50,6135.0,136382
2021-06-16 09:28:52,6134.3,136391
2021-06-16 09:28:52,6136.0,136441
2021-06-16 09:28:54,6136.0,136476
2021-06-16 09:28:55,6136.0,136577
2021-06-16 09:28:56,6137.0,137255
2021-06-16 09:28:57,6138.0,137256
2021-06-16 09:28:58,6138.0,137296
2021-06-16 09:28:59,6137.0,137321
2021-06-16 09:29:00,6137.0,137405
2021-06-16 09:29:02,6137.0,137477
2021-06-16 09:29:03,6137.0,137491
2021-06-16 09:29:04,6137.0,137858
2021-06-16 09:29:06,6137.0,138085
2021-06-16 09:29:06,6137.0,138091
2021-06-16 09:29:07,6137.0,138151
2021-06-16 09:29:08,6138.0,139297
2021-06-16 09:29:09,6136.75,139299
2021-06-16 09:29:10,6136.75,139299
2021-06-16 09:29:11,6138.0,139336
2021-06-16 09:29:12,6138.0,139369
2021-06-16 09:29:13,6136.65,139379
2021-06-16 09:29:15,6137.0,139399
2021-06-16 09:29:16,6138.0,139449
2021-06-16 09:29:18,6138.0,139499
2021-06-16 09:29:18,6138.0,139499
2021-06-16 09:29:20,6137.0,139528
2021-06-16 09:29:21,6138.0,139717
2021-06-16 09:29:24,6139.0,140140
2021-06-16 09:29:28,6140.9,142264
2021-06-16 09:29:29,6142.15,142306
2021-06-16 09:29:30,6139.4,142613
2021-06-16 09:29:32,6141.8,142653
2021-06-16 09:29:33,6141.75,142655
2021-06-16 09:29:34,6141.3,142670
2021-06-16 09:29:35,6140.4,142769
2021-06-16 09:29:36,6135.55,142918
2021-06-16 09:29:36,6138.25,142923
2021-06-16 09:29:37,6135.4,142930
2021-06-16 09:29:38,6135.55,143166
2021-06-16 09:29:39,6138.3,143177
2021-06-16 09:29:41,6137.0,143228
2021-06-16 09:29:42,6138.75,143233
2021-06-16 09:29:43,6139.05,143245
2021-06-16 09:29:44,6139.65,143246
2021-06-16 09:29:45,6139.75,143261
2021-06-16 09:29:46,6137.65,143368
2021-06-16 09:29:46,6137.65,143368
2021-06-16 09:29:47,6137.65,143368
2021-06-16 09:29:48,6138.3,143563
2021-06-16 09:29:49,6139.75,143627
2021-06-16 09:29:50,6138.0,143640
2021-06-16 09:29:52,6139.75,143706
2021-06-16 09:29:53,6139.75,143783
2021-06-16 09:29:54,6139.75,143783
2021-06-16 09:29:55,6139.75,143783
2021-06-16 09:29:57,6139.15,143801
2021-06-16 09:29:58,6139.0,143807
2021-06-16 09:29:59,6139.0,143808
2021-06-16 09:30:03,6139.0,144111
2021-06-16 09:30:04,6137.85,144167
2021-06-16 09:30:06,6140.0,144327
2021-06-16 09:30:07,6140.0,144360
2021-06-16 09:30:09,6140.0,144362
2021-06-16 09:30:11,6139.85,144460
2021-06-16 09:30:12,6139.85,144460
2021-06-16 09:30:13,6140.0,144501
2021-06-16 09:30:14,6138.9,144503
2021-06-16 09:30:15,6138.0,144547
2021-06-16 09:30:16,6137.4,145576
2021-06-16 09:30:17,6138.45,145632
2021-06-16 09:30:18,6138.0,145635
2021-06-16 09:30:19,6138.9,145711
2021-06-16 09:30:20,6139.6,146115
2021-06-16 09:30:21,6138.0,146125
2021-06-16 09:30:22,6140.0,146182
2021-06-16 09:30:23,6140.0,146182
2021-06-16 09:30:23,6140.0,146192
2021-06-16 09:30:24,6138.0,146292
2021-06-16 09:30:25,6140.0,146316
2021-06-16 09:30:26,6140.0,146567
2021-06-16 09:30:27,6140.0,147119
2021-06-16 09:30:28,6140.0,147119
2021-06-16 09:30:29,6139.85,147143
2021-06-16 09:30:30,6139.85,147336
2021-06-16 09:30:31,6139.6,147527
2021-06-16 09:30:32,6139.85,147554
2021-06-16 09:30:33,6139.85,147554
2021-06-16 09:30:36,6139.85,147605
2021-06-16 09:30:37,6139.8,147695
2021-06-16 09:30:38,6139.8,147728
2021-06-16 09:30:38,6139.8,147728
2021-06-16 09:30:39,6139.8,147873
2021-06-16 09:30:40,6139.8,148167
2021-06-16 09:30:41,6139.8,148313
2021-06-16 09:30:42,6140.0,148387
2021-06-16 09:30:43,6139.25,148410
2021-06-16 09:30:44,6140.0,148441
2021-06-16 09:30:46,6140.0,148458
2021-06-16 09:30:47,6140.0,148550
2021-06-16 09:30:48,6140.0,148550
2021-06-16 09:30:49,6140.0,148550
2021-06-16 09:30:50,6140.0,148554
2021-06-16 09:30:51,6140.0,148560
2021-06-16 09:30:52,6139.9,148564
2021-06-16 09:30:53,6140.0,148704
2021-06-16 09:30:54,6140.0,148741
2021-06-16 09:30:55,6140.0,148776
2021-06-16 09:30:55,6140.0,148854
2021-06-16 09:30:57,6140.0,149068
2021-06-16 09:30:58,6140.0,149078
2021-06-16 09:30:59,6139.9,150107
2021-06-16 09:31:01,6140.1,151324
2021-06-16 09:31:02,6139.9,151416
2021-06-16 09:31:03,6139.9,151416
2021-06-16 09:31:04,6140.65,151419
2021-06-16 09:31:05,6140.65,151522
2021-06-16 09:31:06,6138.05,151788
2021-06-16 09:31:07,6140.1,152035
2021-06-16 09:31:09,6140.1,152068
2021-06-16 09:31:10,6140.1,152104
2021-06-16 09:31:11,6138.0,152131
2021-06-16 09:31:12,6138.5,152188
2021-06-16 09:31:13,6140.1,152315
2021-06-16 09:31:13,6140.1,152318
2021-06-16 09:31:15,6140.1,152765
2021-06-16 09:31:16,6140.1,152770
2021-06-16 09:31:17,6137.95,152775
2021-06-16 09:31:18,6140.1,152776
2021-06-16 09:31:20,6140.0,152904
2021-06-16 09:31:21,6137.15,152914
2021-06-16 09:31:21,6137.15,152914
2021-06-16 09:31:23,6139.35,153572
2021-06-16 09:31:24,6139.15,153659
2021-06-16 09:31:25,6139.15,153673
2021-06-16 09:31:26,6138.0,153679
2021-06-16 09:31:27,6138.0,153694
2021-06-16 09:31:27,6136.75,153744
2021-06-16 09:31:29,6140.0,153749
2021-06-16 09:31:29,6140.0,153749
2021-06-16 09:31:31,6139.35,153859
2021-06-16 09:31:31,6138.5,153904
2021-06-16 09:31:32,6138.5,153909
2021-06-16 09:31:33,6138.5,153920
2021-06-16 09:31:34,6139.7,153941
2021-06-16 09:31:35,6133.4,155828
2021-06-16 09:31:36,6133.45,155859
2021-06-16 09:31:37,6138.0,155990
2021-06-16 09:31:39,6138.3,156109
2021-06-16 09:31:40,6137.25,156127
2021-06-16 09:31:41,6136.9,156263
2021-06-16 09:31:42,6136.9,156395
2021-06-16 09:31:43,6134.35,157135
2021-06-16 09:31:44,6132.1,157145
2021-06-16 09:31:45,6134.6,157651
2021-06-16 09:31:47,6135.75,157807
2021-06-16 09:31:47,6135.75,157834
2021-06-16 09:31:48,6135.7,157870
2021-06-16 09:31:49,6135.75,157883
2021-06-16 09:31:51,6135.6,157911
2021-06-16 09:31:52,6134.05,157958
2021-06-16 09:31:53,6134.15,158056
2021-06-16 09:31:54,6134.35,158096
2021-06-16 09:31:55,6135.0,158236
2021-06-16 09:31:56,6135.0,158266
2021-06-16 09:31:57,6138.85,158361
2021-06-16 09:31:59,6138.8,158400
2021-06-16 09:32:00,6137.45,158484
2021-06-16 09:32:01,6138.65,158486
2021-06-16 09:32:02,6138.65,158694
2021-06-16 09:32:03,6136.75,158704
2021-06-16 09:32:04,6138.65,158705
2021-06-16 09:32:05,6136.3,158755
2021-06-16 09:32:06,6138.5,158960
2021-06-16 09:32:07,6136.65,158975
2021-06-16 09:32:08,6136.9,159058
2021-06-16 09:32:09,6137.15,159087
2021-06-16 09:32:09,6136.2,159188
2021-06-16 09:32:10,6137.35,159219
2021-06-16 09:32:12,6137.8,159378
2021-06-16 09:32:14,6137.3,159404
2021-06-16 09:32:15,6134.85,159436
2021-06-16 09:32:17,6137.45,159778
2021-06-16 09:32:19,6137.8,159885
2021-06-16 09:32:20,6137.8,159953
2021-06-16 09:32:21,6137.8,160475
2021-06-16 09:32:22,6137.8,160475
2021-06-16 09:32:23,6138.5,160570
2021-06-16 09:32:24,6137.8,160595
2021-06-16 09:32:24,6137.8,160595
2021-06-16 09:32:25,6137.8,160599
2021-06-16 09:32:26,6137.8,160624
2021-06-16 09:32:27,6137.8,160624
2021-06-16 09:32:29,6138.0,160636
2021-06-16 09:32:29,6138.0,160752
2021-06-16 09:32:30,6138.0,160866
2021-06-16 09:32:31,6137.8,160908
2021-06-16 09:32:32,6138.05,161547
2021-06-16 09:32:34,6138.8,161595
2021-06-16 09:32:35,6138.8,161659
2021-06-16 09:32:36,6138.8,161659
2021-06-16 09:32:37,6138.55,161709
2021-06-16 09:32:38,6140.0,161754
2021-06-16 09:32:39,6140.0,161765
2021-06-16 09:32:40,6140.0,161770
2021-06-16 09:32:41,6140.0,161775
2021-06-16 09:32:42,6140.0,161811
2021-06-16 09:32:43,6138.8,161821
2021-06-16 09:32:44,6140.0,161829
2021-06-16 09:32:45,6140.0,161842
2021-06-16 09:32:47,6139.15,162287
2021-06-16 09:32:49,6140.0,162370
2021-06-16 09:32:50,6140.0,162481
2021-06-16 09:32:51,6140.0,162516
2021-06-16 09:32:53,6139.7,162755
2021-06-16 09:32:53,6139.7,162750
2021-06-16 09:32:54,6138.65,162848
2021-06-16 09:32:55,6138.65,162867
2021-06-16 09:32:57,6138.5,162929
2021-06-16 09:32:58,6138.5,162929
2021-06-16 09:32:59,6138.0,163212
2021-06-16 09:33:00,6140.0,163292
2021-06-16 09:33:01,6140.0,163361
2021-06-16 09:33:04,6140.0,163740
2021-06-16 09:33:05,6139.95,163783
2021-06-16 09:33:06,6137.65,163788
2021-06-16 09:33:07,6137.65,163815
2021-06-16 09:33:08,6139.5,163825
2021-06-16 09:33:09,6139.5,163837
2021-06-16 09:33:10,6139.5,163838
2021-06-16 09:33:11,6139.5,163870
2021-06-16 09:33:12,6138.5,163945
2021-06-16 09:33:12,6138.0,163948
2021-06-16 09:33:14,6138.5,163960
2021-06-16 09:33:15,6138.5,163973
2021-06-16 09:33:16,6138.5,164013
2021-06-16 09:33:17,6139.45,164040
2021-06-16 09:33:17,6139.45,164040
2021-06-16 09:33:18,6138.0,164041
2021-06-16 09:33:19,6139.45,164044
2021-06-16 09:33:21,6143.95,165296
2021-06-16 09:33:22,6141.35,165482
2021-06-16 09:33:23,6141.55,165705
2021-06-16 09:33:24,6141.55,165705
2021-06-16 09:33:25,6141.55,165705
2021-06-16 09:33:26,6143.95,165765
2021-06-16 09:33:26,6143.95,165765
2021-06-16 09:33:27,6143.95,165818
2021-06-16 09:33:28,6143.95,165946
2021-06-16 09:33:30,6143.95,166046
2021-06-16 09:33:31,6142.2,166049
2021-06-16 09:33:32,6141.2,166640
2021-06-16 09:33:33,6143.95,166715
2021-06-16 09:33:35,6142.3,166912
2021-06-16 09:33:34,6143.95,166756
2021-06-16 09:33:36,6145.05,167562
2021-06-16 09:33:37,6146.05,167595
2021-06-16 09:33:39,6145.55,168180
2021-06-16 09:33:40,6149.0,168251
2021-06-16 09:33:40,6149.0,168240
2021-06-16 09:33:42,6149.0,168412
2021-06-16 09:33:43,6149.8,168522
2021-06-16 09:33:44,6149.9,168573
2021-06-16 09:33:45,6150.0,168934
2021-06-16 09:33:46,6147.65,168952
2021-06-16 09:33:48,6149.0,169168
2021-06-16 09:33:49,6149.0,169179
2021-06-16 09:33:50,6149.0,169215
2021-06-16 09:33:51,6147.75,169336
2021-06-16 09:33:52,6149.0,169384
2021-06-16 09:33:53,6149.0,169612
2021-06-16 09:33:54,6149.0,169782
2021-06-16 09:33:55,6146.95,170045
2021-06-16 09:33:57,6149.0,170110
2021-06-16 09:33:58,6148.95,170113
2021-06-16 09:33:59,6147.2,170138
2021-06-16 09:34:00,6148.95,170151
2021-06-16 09:34:01,6148.95,170194
2021-06-16 09:34:02,6148.95,170229
2021-06-16 09:34:03,6148.95,170244
2021-06-16 09:34:03,6148.95,170244
2021-06-16 09:34:05,6148.95,170285
2021-06-16 09:34:05,6149.95,170336
2021-06-16 09:34:06,6150.0,170652
2021-06-16 09:34:08,6150.0,171335
2021-06-16 09:34:09,6150.0,171454
2021-06-16 09:34:10,6149.2,171715
2021-06-16 09:34:11,6154.0,172348
2021-06-16 09:34:12,6154.0,172417
2021-06-16 09:34:13,6154.95,172907
2021-06-16 09:34:14,6152.9,173150
2021-06-16 09:34:15,6155.1,176709
2021-06-16 09:34:16,6156.55,176791
2021-06-16 09:34:17,6157.5,176897
2021-06-16 09:34:18,6156.0,177192
2021-06-16 09:34:19,6157.5,177321
2021-06-16 09:34:20,6156.2,177927
2021-06-16 09:34:20,6157.5,177942
2021-06-16 09:34:22,6157.5,178022
2021-06-16 09:34:23,6155.25,178044
2021-06-16 09:34:24,6157.0,178552
2021-06-16 09:34:25,6156.0,178742
2021-06-16 09:34:26,6157.0,178865
2021-06-16 09:34:27,6159.0,179054
2021-06-16 09:34:28,6159.0,179074
2021-06-16 09:34:29,6158.75,179160
2021-06-16 09:34:30,6157.5,179392
2021-06-16 09:34:31,6157.55,179422
2021-06-16 09:34:32,6159.9,179460
2021-06-16 09:34:32,6158.0,179747
2021-06-16 09:34:34,6159.9,179796
2021-06-16 09:34:35,6159.95,180519
2021-06-16 09:34:36,6160.0,180676
2021-06-16 09:34:37,6159.95,180698
2021-06-16 09:34:38,6159.95,181060
2021-06-16 09:34:39,6160.0,181264
2021-06-16 09:34:39,6160.0,181264
2021-06-16 09:34:41,6159.15,181506
2021-06-16 09:34:42,6160.0,181687
2021-06-16 09:34:43,6159.4,181689
2021-06-16 09:34:44,6159.4,182051
2021-06-16 09:34:45,6159.4,182165
2021-06-16 09:34:46,6159.4,182321
2021-06-16 09:34:47,6159.15,182363
2021-06-16 09:34:47,6159.15,182465
2021-06-16 09:34:48,6159.8,182652
2021-06-16 09:34:49,6159.8,182813
2021-06-16 09:34:50,6159.8,182979
2021-06-16 09:34:52,6159.0,183102
2021-06-16 09:34:53,6159.0,183141
2021-06-16 09:34:54,6157.7,184441
2021-06-16 09:34:55,6157.1,184738
2021-06-16 09:34:56,6155.25,184813
2021-06-16 09:34:57,6154.55,186108
2021-06-16 09:34:58,6155.15,186314
2021-06-16 09:34:59,6153.25,186801
2021-06-16 09:35:00,6152.9,186890
2021-06-16 09:35:01,6153.3,186916
2021-06-16 09:35:01,6153.3,186922
2021-06-16 09:35:03,6153.3,187051
2021-06-16 09:35:04,6152.0,187184
2021-06-16 09:35:05,6152.0,187446
2021-06-16 09:35:06,6151.5,187508
2021-06-16 09:35:07,6152.0,187521
2021-06-16 09:35:08,6152.0,188034
2021-06-16 09:35:09,6152.0,188250
2021-06-16 09:35:10,6150.2,188353
2021-06-16 09:35:11,6151.95,188358
2021-06-16 09:35:12,6152.0,188391
2021-06-16 09:35:13,6152.05,188534
2021-06-16 09:35:14,6151.3,188684
2021-06-16 09:35:15,6154.0,188750
2021-06-16 09:35:15,6154.0,188697
2021-06-16 09:35:16,6154.1,188752
2021-06-16 09:35:18,6154.1,188777
2021-06-16 09:35:19,6154.1,188982
2021-06-16 09:35:20,6154.1,189094
2021-06-16 09:35:21,6154.0,189095
2021-06-16 09:35:22,6154.0,189504
2021-06-16 09:35:23,6153.2,191013
2021-06-16 09:35:24,6152.05,191015
2021-06-16 09:35:25,6153.2,191041
2021-06-16 09:35:25,6153.2,191041
2021-06-16 09:35:26,6153.2,191057
2021-06-16 09:35:28,6152.0,191105
2021-06-16 09:35:29,6153.2,191126
2021-06-16 09:35:30,6152.7,191901
2021-06-16 09:35:31,6151.0,191935
2021-06-16 09:35:32,6153.2,192577
2021-06-16 09:35:33,6151.6,193805
2021-06-16 09:35:34,6152.05,193831
2021-06-16 09:35:35,6151.55,193884
2021-06-16 09:35:36,6150.15,193885
2021-06-16 09:35:37,6151.0,194022
2021-06-16 09:35:38,6151.55,194024
2021-06-16 09:35:39,6151.0,194070
2021-06-16 09:35:40,6151.0,194130
2021-06-16 09:35:41,6149.2,194541
2021-06-16 09:35:42,6151.0,195548
2021-06-16 09:35:43,6151.0,195548
2021-06-16 09:35:45,6150.55,195616
2021-06-16 09:35:46,6149.0,195908
2021-06-16 09:35:47,6149.0,195908
2021-06-16 09:35:48,6150.05,196064
2021-06-16 09:35:49,6150.05,196084
2021-06-16 09:35:50,6150.0,196113
2021-06-16 09:35:51,6150.0,196121
2021-06-16 09:35:52,6150.0,196131
2021-06-16 09:35:53,6150.05,196643
2021-06-16 09:35:55,6149.0,196842
2021-06-16 09:35:56,6149.0,196842
2021-06-16 09:35:57,6150.0,196948
2021-06-16 09:35:58,6150.0,196955
2021-06-16 09:35:59,6150.0,196976
2021-06-16 09:36:01,6150.05,197093
2021-06-16 09:36:02,6150.0,197118
2021-06-16 09:36:03,6150.05,197194
2021-06-16 09:36:04,6150.05,197244
2021-06-16 09:36:05,6150.05,197272
2021-06-16 09:36:06,6150.05,197376
2021-06-16 09:36:07,6150.0,197406
2021-06-16 09:36:08,6150.05,197798
2021-06-16 09:36:09,6150.0,197808
2021-06-16 09:36:10,6150.05,199673
2021-06-16 09:36:11,6150.05,200124
2021-06-16 09:36:12,6150.05,200149
2021-06-16 09:36:13,6150.05,200174
2021-06-16 09:36:14,6150.05,200209
2021-06-16 09:36:15,6150.0,200240
2021-06-16 09:36:16,6150.05,200243
2021-06-16 09:36:17,6150.1,200645
2021-06-16 09:36:18,6150.0,200659
2021-06-16 09:36:19,6150.05,200703
2021-06-16 09:36:20,6150.05,201060
2021-06-16 09:36:21,6150.05,201071
2021-06-16 09:36:22,6150.05,201100
2021-06-16 09:36:23,6150.05,201105
2021-06-16 09:36:25,6150.05,201132
2021-06-16 09:36:24,6150.05,201132
2021-06-16 09:36:26,6150.0,201553
2021-06-16 09:36:27,6150.0,201673
2021-06-16 09:36:28,6150.0,201690
2021-06-16 09:36:29,6150.0,202445
2021-06-16 09:36:30,6150.0,202520
2021-06-16 09:36:31,6149.0,202555
2021-06-16 09:36:32,6149.0,202559
2021-06-16 09:36:33,6149.0,202575
2021-06-16 09:36:34,6150.0,202608
2021-06-16 09:36:35,6149.0,202610
2021-06-16 09:36:36,6150.0,202710
2021-06-16 09:36:38,6150.0,202722
2021-06-16 09:36:39,6150.0,202861
2021-06-16 09:36:40,6150.0,202872
2021-06-16 09:36:41,6149.0,202891
2021-06-16 09:36:42,6149.0,202976
2021-06-16 09:36:43,6149.0,203003
2021-06-16 09:36:44,6149.0,203003
2021-06-16 09:36:45,6149.0,203069
2021-06-16 09:36:46,6149.0,203078
2021-06-16 09:36:47,6149.0,203103
2021-06-16 09:36:48,6149.0,203882
2021-06-16 09:36:51,6149.95,203887
2021-06-16 09:36:53,6149.95,204231
2021-06-16 09:36:54,6149.0,204233
2021-06-16 09:36:55,6148.95,204244
2021-06-16 09:36:56,6148.95,204244
2021-06-16 09:36:57,6146.1,204411
2021-06-16 09:36:58,6148.55,204451
2021-06-16 09:36:59,6148.55,204451
2021-06-16 09:37:00,6148.35,204486
2021-06-16 09:37:01,6148.4,204599
2021-06-16 09:37:02,6144.35,205278
2021-06-16 09:37:03,6144.0,205303
2021-06-16 09:37:04,6145.0,205428
2021-06-16 09:37:05,6145.3,205581
2021-06-16 09:37:06,6145.2,205621
2021-06-16 09:37:07,6145.05,205770
2021-06-16 09:37:09,6145.05,205790
2021-06-16 09:37:10,6145.2,206371
2021-06-16 09:37:11,6145.2,206371
2021-06-16 09:37:12,6145.2,206379
2021-06-16 09:37:13,6145.05,206549
2021-06-16 09:37:14,6145.05,206558
2021-06-16 09:37:15,6145.2,206573
2021-06-16 09:37:16,6145.2,206604
2021-06-16 09:37:17,6145.15,206615
2021-06-16 09:37:18,6145.2,206617
2021-06-16 09:37:19,6145.2,206617
2021-06-16 09:37:20,6145.0,206627
2021-06-16 09:37:21,6145.0,206627
2021-06-16 09:37:22,6145.2,206659
2021-06-16 09:37:23,6145.0,206689
2021-06-16 09:37:24,6145.2,206770
2021-06-16 09:37:25,6145.0,206776
2021-06-16 09:37:26,6145.2,206777
2021-06-16 09:37:27,6145.25,207131
2021-06-16 09:37:28,6146.0,207136
2021-06-16 09:37:30,6145.45,208293
2021-06-16 09:37:29,6145.45,208293
2021-06-16 09:37:31,6146.1,208624
2021-06-16 09:37:32,6146.0,208655
2021-06-16 09:37:33,6146.0,208743
2021-06-16 09:37:34,6145.2,208950
2021-06-16 09:37:35,6145.2,209008
2021-06-16 09:37:36,6146.7,209045
2021-06-16 09:37:37,6146.7,209055
2021-06-16 09:37:40,6145.2,209165
2021-06-16 09:37:41,6146.5,209205
2021-06-16 09:37:42,6145.2,209347
2021-06-16 09:37:43,6145.0,210598
2021-06-16 09:37:44,6144.0,210793
2021-06-16 09:37:46,6144.8,211058
2021-06-16 09:37:46,6144.8,211058
2021-06-16 09:37:47,6142.2,211176
2021-06-16 09:37:48,6144.0,211186
2021-06-16 09:37:49,6140.25,211810
2021-06-16 09:37:50,6142.4,211835
2021-06-16 09:37:51,6140.25,211866
2021-06-16 09:37:52,6142.0,211901
2021-06-16 09:37:53,6140.2,211924
2021-06-16 09:37:55,6140.0,211942
2021-06-16 09:37:55,6140.0,211942
2021-06-16 09:37:56,6140.0,211955
2021-06-16 09:37:57,6140.2,211976
2021-06-16 09:37:58,6140.0,211980
2021-06-16 09:37:59,6140.2,213578
2021-06-16 09:38:00,6140.2,213602
2021-06-16 09:38:01,6140.2,213767
2021-06-16 09:38:02,6140.2,213771
2021-06-16 09:38:03,6140.0,214734
2021-06-16 09:38:04,6140.2,214739
2021-06-16 09:38:06,6140.0,214771
2021-06-16 09:38:06,6140.0,214771
2021-06-16 09:38:07,6140.0,215150
2021-06-16 09:38:08,6140.2,215168
2021-06-16 09:38:09,6139.5,216445
2021-06-16 09:38:10,6139.85,216500
2021-06-16 09:38:11,6139.85,216516
2021-06-16 09:38:13,6139.8,216545
2021-06-16 09:38:13,6139.8,216546
2021-06-16 09:38:14,6138.95,216552
2021-06-16 09:38:15,6140.0,216592
2021-06-16 09:38:16,6138.0,216694
2021-06-16 09:38:17,6140.0,216763
2021-06-16 09:38:18,6139.8,216777
2021-06-16 09:38:19,6139.8,217051
2021-06-16 09:38:20,6139.8,217103
2021-06-16 09:38:21,6138.0,217136
2021-06-16 09:38:23,6139.8,217156
2021-06-16 09:38:23,6139.8,217156
2021-06-16 09:38:24,6140.2,217596
2021-06-16 09:38:25,6140.2,217596
2021-06-16 09:38:26,6139.0,217622
2021-06-16 09:38:27,6139.05,217807
2021-06-16 09:38:28,6139.8,217850
2021-06-16 09:38:30,6139.0,217852
2021-06-16 09:38:30,6139.05,217855
2021-06-16 09:38:31,6139.05,217860
2021-06-16 09:38:32,6139.05,217920
2021-06-16 09:38:33,6139.05,218138
2021-06-16 09:38:34,6139.05,218367
2021-06-16 09:38:36,6138.6,218383
2021-06-16 09:38:36,6138.6,218385
2021-06-16 09:38:37,6138.6,218431
2021-06-16 09:38:38,6138.6,218444
2021-06-16 09:38:39,6137.55,219207
2021-06-16 09:38:41,6136.75,219453
2021-06-16 09:38:43,6136.95,219646
2021-06-16 09:38:43,6136.95,219646
2021-06-16 09:38:44,6139.0,219701
2021-06-16 09:38:45,6139.0,219722
2021-06-16 09:38:46,6139.05,219880
2021-06-16 09:38:48,6137.55,219957
2021-06-16 09:38:48,6136.95,219967
2021-06-16 09:38:49,6136.95,220015
2021-06-16 09:38:50,6137.2,220043
2021-06-16 09:38:51,6137.2,220298
2021-06-16 09:38:52,6136.6,220317
2021-06-16 09:38:53,6136.75,220773
2021-06-16 09:38:54,6139.5,220971
2021-06-16 09:38:55,6139.45,221049
2021-06-16 09:38:57,6139.45,221056
2021-06-16 09:38:58,6140.0,221346
2021-06-16 09:38:58,6140.0,221349
2021-06-16 09:38:59,6140.0,221403
2021-06-16 09:39:00,6144.85,221997
2021-06-16 09:39:01,6138.95,223960
2021-06-16 09:39:02,6137.55,224012
2021-06-16 09:39:04,6136.8,224160
2021-06-16 09:39:05,6136.8,224378
2021-06-16 09:39:06,6137.55,224382
2021-06-16 09:39:07,6138.4,224709
2021-06-16 09:39:08,6139.1,224763
2021-06-16 09:39:09,6139.3,225005
2021-06-16 09:39:10,6139.55,225216
2021-06-16 09:39:11,6137.0,225267
2021-06-16 09:39:12,6137.1,225349
2021-06-16 09:39:13,6139.3,225370
2021-06-16 09:39:14,6139.4,225385
2021-06-16 09:39:15,6139.4,225397
2021-06-16 09:39:17,6138.4,225412
2021-06-16 09:39:17,6138.4,225410
2021-06-16 09:39:18,6139.0,225417
2021-06-16 09:39:19,6139.0,225417
2021-06-16 09:39:20,6138.85,225495
2021-06-16 09:39:21,6138.4,225507
2021-06-16 09:39:23,6139.0,225552
2021-06-16 09:39:24,6139.0,225567
2021-06-16 09:39:25,6137.0,225897
2021-06-16 09:39:26,6136.8,225952
2021-06-16 09:39:27,6138.8,226011
2021-06-16 09:39:28,6137.6,226107
2021-06-16 09:39:29,6136.3,226110
2021-06-16 09:39:30,6136.0,226119
2021-06-16 09:39:31,6136.4,226166
2021-06-16 09:39:32,6136.0,226178
2021-06-16 09:39:33,6136.4,226199
2021-06-16 09:39:35,6134.8,232502
2021-06-16 09:39:34,6136.4,226213
2021-06-16 09:39:36,6135.2,232697
2021-06-16 09:39:38,6135.2,232815
2021-06-16 09:39:38,6133.15,232852
2021-06-16 09:39:39,6135.2,232872
2021-06-16 09:39:40,6135.2,232919
2021-06-16 09:39:41,6135.2,232938
2021-06-16 09:39:42,6135.2,233220
2021-06-16 09:39:44,6132.0,233622
2021-06-16 09:39:45,6133.95,233700
2021-06-16 09:39:46,6134.35,234040
2021-06-16 09:39:47,6134.0,234152
2021-06-16 09:39:48,6132.05,234166
2021-06-16 09:39:49,6134.55,234177
2021-06-16 09:39:50,6130.9,238022
2021-06-16 09:39:51,6128.15,238276
2021-06-16 09:39:52,6127.0,238379
2021-06-16 09:39:53,6127.0,238781
2021-06-16 09:39:54,6127.0,238889
2021-06-16 09:39:55,6126.5,239229
2021-06-16 09:39:57,6128.65,239850
2021-06-16 09:39:58,6131.0,241926
2021-06-16 09:39:59,6127.75,242431
2021-06-16 09:40:02,6125.3,244095
2021-06-16 09:40:03,6125.35,244102
2021-06-16 09:40:04,6126.0,244301
2021-06-16 09:40:05,6126.0,244347
2021-06-16 09:40:06,6125.35,244882
2021-06-16 09:40:07,6127.0,244898
2021-06-16 09:40:08,6128.75,245059
2021-06-16 09:40:09,6127.0,245190
2021-06-16 09:40:10,6127.75,245207
2021-06-16 09:40:11,6127.0,245308
2021-06-16 09:40:11,6126.6,245350
2021-06-16 09:40:12,6128.55,245389
2021-06-16 09:40:13,6127.7,246002
2021-06-16 09:40:14,6127.0,246073
2021-06-16 09:40:15,6125.35,246406
2021-06-16 09:40:16,6125.0,247062
2021-06-16 09:40:17,6125.0,247171
2021-06-16 09:40:19,6125.25,247547
2021-06-16 09:40:20,6125.0,247613
2021-06-16 09:40:21,6126.0,247727
2021-06-16 09:40:22,6126.2,247756
2021-06-16 09:40:23,6126.6,247779
2021-06-16 09:40:24,6126.5,247822
2021-06-16 09:40:25,6126.0,247868
2021-06-16 09:40:26,6126.55,247896
2021-06-16 09:40:27,6126.5,248440
2021-06-16 09:40:28,6126.0,248640
2021-06-16 09:40:29,6126.0,248667
2021-06-16 09:40:30,6126.0,248745
2021-06-16 09:40:31,6126.0,248875
2021-06-16 09:40:32,6127.0,248957
2021-06-16 09:40:33,6126.0,249079
2021-06-16 09:40:34,6126.0,249082
2021-06-16 09:40:35,6126.0,249148
2021-06-16 09:40:36,6126.0,249219
2021-06-16 09:40:37,6126.0,249281
2021-06-16 09:40:38,6126.0,250323
2021-06-16 09:40:39,6126.0,250326
2021-06-16 09:40:40,6126.0,250615
2021-06-16 09:40:41,6126.0,250978
2021-06-16 09:40:42,6125.0,251044
2021-06-16 09:40:43,6126.0,251078
2021-06-16 09:40:44,6126.0,251160
2021-06-16 09:40:45,6125.0,251266
2021-06-16 09:40:46,6126.0,251355
2021-06-16 09:40:47,6125.5,251383
2021-06-16 09:40:48,6126.0,251427
2021-06-16 09:40:49,6125.5,251450
2021-06-16 09:40:51,6125.45,251593
2021-06-16 09:40:52,6125.45,251622
2021-06-16 09:40:54,6125.0,252392
2021-06-16 09:40:55,6125.0,252411
2021-06-16 09:40:56,6125.0,252510
2021-06-16 09:40:56,6125.0,252528
2021-06-16 09:40:57,6125.4,252565
2021-06-16 09:40:58,6125.4,252610
2021-06-16 09:40:59,6124.0,253050
2021-06-16 09:41:01,6124.2,253061
2021-06-16 09:41:02,6124.2,253115
2021-06-16 09:41:03,6123.25,253236
2021-06-16 09:41:04,6125.0,253271
2021-06-16 09:41:06,6125.0,253337
2021-06-16 09:41:07,6125.0,253405
2021-06-16 09:41:08,6124.0,253422
2021-06-16 09:41:09,6125.0,253475
2021-06-16 09:41:10,6125.0,253476
2021-06-16 09:41:12,6122.3,254357
2021-06-16 09:41:13,6124.0,254638
2021-06-16 09:41:14,6124.4,254854
2021-06-16 09:41:15,6122.05,254970
2021-06-16 09:41:16,6124.5,254997
2021-06-16 09:41:17,6125.0,255221
2021-06-16 09:41:18,6124.75,255453
2021-06-16 09:41:19,6124.7,255509
2021-06-16 09:41:21,6123.0,255512
2021-06-16 09:41:22,6124.2,255811
2021-06-16 09:41:23,6123.0,255902
2021-06-16 09:41:23,6125.05,258128
2021-06-16 09:41:24,6124.2,258410
2021-06-16 09:41:25,6124.2,258423
2021-06-16 09:41:26,6124.3,258483
2021-06-16 09:41:27,6124.2,258502
2021-06-16 09:41:29,6124.3,258521
2021-06-16 09:41:30,6124.3,258537
2021-06-16 09:41:31,6124.3,258589
2021-06-16 09:41:31,6124.05,258595
2021-06-16 09:41:32,6126.0,258822
2021-06-16 09:41:33,6124.35,258848
2021-06-16 09:41:35,6124.85,259345
2021-06-16 09:41:36,6127.5,259428
2021-06-16 09:41:38,6127.5,259720
2021-06-16 09:41:39,6128.0,259923
2021-06-16 09:41:40,6127.95,259995
2021-06-16 09:41:40,6127.95,259998
2021-06-16 09:41:41,6127.95,260016
2021-06-16 09:41:42,6127.6,260056
2021-06-16 09:41:43,6126.7,260081
2021-06-16 09:41:44,6126.75,260100
2021-06-16 09:41:45,6127.6,260150
2021-06-16 09:41:46,6129.55,260191
2021-06-16 09:41:47,6128.4,260507
2021-06-16 09:41:48,6127.9,260511
2021-06-16 09:41:49,6126.8,260562
2021-06-16 09:41:50,6127.3,260608
2021-06-16 09:41:51,6127.3,260613
2021-06-16 09:41:53,6127.3,260720
2021-06-16 09:41:54,6127.3,260772
2021-06-16 09:41:55,6126.2,260832
2021-06-16 09:41:56,6127.3,261011
2021-06-16 09:41:56,6127.3,261011
2021-06-16 09:41:57,6127.3,261019
2021-06-16 09:41:58,6127.0,261105
2021-06-16 09:42:00,6128.8,261230
2021-06-16 09:42:02,6126.25,261290
2021-06-16 09:42:04,6127.2,261362
2021-06-16 09:42:05,6127.2,261433
2021-06-16 09:42:05,6127.2,261427
2021-06-16 09:42:06,6127.2,261434
2021-06-16 09:42:08,6127.2,261434
2021-06-16 09:42:09,6129.1,261534
2021-06-16 09:42:12,6128.1,261590
2021-06-16 09:42:13,6128.0,261595
2021-06-16 09:42:14,6128.0,261697
2021-06-16 09:42:15,6129.4,261764
2021-06-16 09:42:16,6129.8,262185
2021-06-16 09:42:16,6128.0,262188
2021-06-16 09:42:17,6128.0,262289
2021-06-16 09:42:19,6130.7,262419
2021-06-16 09:42:20,6130.9,262472
2021-06-16 09:42:21,6128.35,262661
2021-06-16 09:42:21,6130.0,262736
2021-06-16 09:42:22,6130.75,262958
2021-06-16 09:42:23,6131.0,263083
2021-06-16 09:42:24,6133.95,263159
2021-06-16 09:42:25,6133.3,263179
2021-06-16 09:42:26,6135.0,263668
2021-06-16 09:42:27,6134.65,263859
2021-06-16 09:42:31,6134.05,264075
2021-06-16 09:42:32,6135.0,264105
2021-06-16 09:42:34,6135.0,264109
2021-06-16 09:42:34,6135.0,264109
2021-06-16 09:42:35,6135.0,264258
2021-06-16 09:42:37,6139.0,264491
2021-06-16 09:42:38,6136.5,264507
2021-06-16 09:42:39,6139.0,264618
2021-06-16 09:42:40,6138.9,264633
2021-06-16 09:42:40,6138.9,264633
2021-06-16 09:42:43,6138.7,264702
2021-06-16 09:42:44,6135.2,264807
2021-06-16 09:42:45,6137.5,264843
2021-06-16 09:42:46,6135.2,264846
2021-06-16 09:42:46,6135.2,264846
2021-06-16 09:42:47,6137.75,265082
2021-06-16 09:42:48,6136.0,265113
2021-06-16 09:42:51,6135.0,265174
2021-06-16 09:42:52,6135.1,265186
2021-06-16 09:42:53,6134.95,265298
2021-06-16 09:42:54,6135.95,265355
2021-06-16 09:42:55,6134.45,265386
2021-06-16 09:42:56,6133.9,265512
2021-06-16 09:42:56,6133.9,265512
2021-06-16 09:42:58,6134.85,265696
2021-06-16 09:42:59,6134.8,265725
2021-06-16 09:43:00,6133.6,265827
2021-06-16 09:43:01,6134.7,265852
2021-06-16 09:43:01,6132.5,265854
2021-06-16 09:43:02,6131.65,265879
2021-06-16 09:43:03,6133.0,266003
2021-06-16 09:43:05,6133.0,266013
2021-06-16 09:43:06,6132.5,266017
2021-06-16 09:43:07,6134.0,266071
2021-06-16 09:43:08,6133.75,266079
2021-06-16 09:43:09,6133.1,266081
2021-06-16 09:43:10,6133.3,266133
2021-06-16 09:43:10,6133.35,266158
2021-06-16 09:43:11,6134.0,266416
2021-06-16 09:43:12,6134.1,266479
2021-06-16 09:43:13,6134.1,266511
2021-06-16 09:43:14,6132.0,266519
2021-06-16 09:43:16,6134.8,266527
2021-06-16 09:43:17,6134.1,266543
2021-06-16 09:43:18,6134.5,266697
2021-06-16 09:43:19,6133.0,266705
2021-06-16 09:43:20,6133.0,266706
2021-06-16 09:43:21,6133.0,266730
2021-06-16 09:43:21,6131.8,266735
2021-06-16 09:43:22,6133.0,266786
2021-06-16 09:43:23,6132.0,266817
2021-06-16 09:43:24,6133.0,266836
2021-06-16 09:43:25,6132.0,266839
2021-06-16 09:43:28,6130.75,266919
2021-06-16 09:43:29,6132.95,267018
2021-06-16 09:43:30,6132.95,267145
2021-06-16 09:43:30,6132.95,267145
2021-06-16 09:43:31,6132.0,267146
2021-06-16 09:43:32,6133.0,267167
2021-06-16 09:43:33,6133.0,267168
2021-06-16 09:43:35,6134.1,267220
2021-06-16 09:43:36,6132.0,267225
2021-06-16 09:43:37,6132.0,267231
2021-06-16 09:43:38,6134.4,267312
2021-06-16 09:43:39,6134.0,267335
2021-06-16 09:43:39,6131.45,267336
2021-06-16 09:43:40,6135.0,267345
2021-06-16 09:43:41,6133.05,267351
2021-06-16 09:43:43,6133.05,267388
2021-06-16 09:43:45,6133.05,267411
2021-06-16 09:43:46,6133.0,267493
2021-06-16 09:43:47,6133.0,267597
2021-06-16 09:43:48,6134.1,267618
2021-06-16 09:43:49,6133.0,267639
2021-06-16 09:43:50,6133.0,267733
2021-06-16 09:43:50,6133.7,267793
2021-06-16 09:43:51,6132.0,267799
2021-06-16 09:43:52,6132.0,267824
2021-06-16 09:43:53,6132.0,267890
2021-06-16 09:43:54,6134.0,267907
2021-06-16 09:43:55,6132.0,267966
2021-06-16 09:43:56,6132.0,267997
2021-06-16 09:43:57,6132.1,268132
2021-06-16 09:43:59,6134.1,268150
2021-06-16 09:44:00,6133.75,268157
2021-06-16 09:44:01,6133.75,268158
2021-06-16 09:44:02,6133.75,268158
2021-06-16 09:44:03,6134.1,268233
2021-06-16 09:44:04,6134.55,268392
2021-06-16 09:44:04,6134.55,268392
2021-06-16 09:44:05,6132.1,268409
2021-06-16 09:44:06,6132.25,268413
2021-06-16 09:44:08,6134.55,268416
2021-06-16 09:44:09,6134.0,268468
2021-06-16 09:44:10,6132.25,268503
2021-06-16 09:44:11,6135.0,268648
2021-06-16 09:44:12,6132.85,268663
2021-06-16 09:44:13,6132.85,268663
2021-06-16 09:44:14,6132.85,268663
2021-06-16 09:44:15,6135.0,268688
2021-06-16 09:44:15,6133.55,268692
2021-06-16 09:44:16,6135.0,268697
2021-06-16 09:44:17,6133.15,268701
2021-06-16 09:44:18,6135.0,268784
2021-06-16 09:44:20,6135.0,268813
2021-06-16 09:44:21,6133.05,268818
2021-06-16 09:44:22,6134.75,268828
2021-06-16 09:44:23,6134.0,268830
2021-06-16 09:44:24,6134.0,268830
2021-06-16 09:44:26,6133.15,268831
2021-06-16 09:44:27,6133.15,268846
2021-06-16 09:44:28,6133.15,268849
2021-06-16 09:44:29,6134.0,268965
2021-06-16 09:44:30,6134.0,268981
2021-06-16 09:44:30,6134.0,268981
2021-06-16 09:44:32,6134.0,268981
2021-06-16 09:44:33,6134.0,268981
2021-06-16 09:44:34,6134.0,268986
2021-06-16 09:44:35,6133.05,268993
2021-06-16 09:44:36,6133.05,269005
2021-06-16 09:44:36,6133.05,269003
2021-06-16 09:44:38,6133.05,269044
2021-06-16 09:44:39,6134.0,269100
2021-06-16 09:44:41,6133.05,269179
2021-06-16 09:44:42,6133.05,269192
2021-06-16 09:44:43,6133.05,269193
2021-06-16 09:44:43,6133.05,269198
2021-06-16 09:44:45,6133.05,269201
2021-06-16 09:44:46,6134.85,269226
2021-06-16 09:44:47,6133.05,269242
2021-06-16 09:44:48,6134.85,269244
2021-06-16 09:44:50,6133.05,269256
2021-06-16 09:44:50,6133.05,269256
2021-06-16 09:44:52,6133.05,269258
2021-06-16 09:44:52,6133.05,269345
2021-06-16 09:44:53,6134.6,269361
2021-06-16 09:44:55,6134.95,269363
2021-06-16 09:44:56,6133.0,269383
2021-06-16 09:44:57,6133.0,269436
2021-06-16 09:44:58,6133.0,269441
2021-06-16 09:44:59,6133.0,269441
2021-06-16 09:45:00,6133.05,269442
2021-06-16 09:45:01,6134.0,269459
2021-06-16 09:45:02,6133.05,269461
2021-06-16 09:45:02,6134.0,269462
2021-06-16 09:45:04,6134.0,269462
2021-06-16 09:45:05,6133.05,269516
2021-06-16 09:45:06,6133.05,269549
2021-06-16 09:45:07,6133.0,269568
2021-06-16 09:45:08,6134.0,269574
2021-06-16 09:45:08,6133.0,269573
2021-06-16 09:45:09,6134.05,269664
2021-06-16 09:45:10,6133.0,269742
2021-06-16 09:45:12,6133.0,269742
2021-06-16 09:45:13,6133.0,269754
2021-06-16 09:45:14,6133.0,269754
2021-06-16 09:45:15,6134.0,269759
2021-06-16 09:45:17,6134.0,269794
2021-06-16 09:45:18,6134.0,269807
2021-06-16 09:45:19,6133.3,269865
2021-06-16 09:45:19,6133.3,269858
2021-06-16 09:45:21,6133.0,269965
2021-06-16 09:45:22,6134.0,270000
2021-06-16 09:45:23,6134.0,270012
2021-06-16 09:45:24,6133.0,270104
2021-06-16 09:45:25,6133.0,270114
2021-06-16 09:45:27,6133.0,271000
2021-06-16 09:45:30,6134.0,271012
2021-06-16 09:45:31,6132.1,271018
2021-06-16 09:45:31,6132.1,271018
2021-06-16 09:45:33,6133.0,271040
2021-06-16 09:45:34,6132.1,271107
2021-06-16 09:45:35,6133.65,271123
2021-06-16 09:45:36,6132.1,271209
2021-06-16 09:45:37,6133.65,271229
2021-06-16 09:45:38,6133.65,271390
2021-06-16 09:45:39,6132.05,271419
2021-06-16 09:45:39,6132.05,271419
2021-06-16 09:45:41,6132.25,271546
2021-06-16 09:45:42,6132.05,271563
2021-06-16 09:45:43,6134.0,271615
2021-06-16 09:45:44,6134.0,271659
2021-06-16 09:45:45,6134.0,271667
2021-06-16 09:45:45,6134.0,271668
2021-06-16 09:45:46,6134.0,271674
2021-06-16 09:45:47,6132.2,271713
2021-06-16 09:45:48,6132.2,271718
2021-06-16 09:45:49,6134.0,271778
2021-06-16 09:45:50,6132.2,271785
2021-06-16 09:45:52,6133.05,271788
2021-06-16 09:45:53,6132.2,271850
2021-06-16 09:45:54,6132.2,271857
2021-06-16 09:45:55,6133.05,271883
2021-06-16 09:45:56,6132.2,271907
2021-06-16 09:45:56,6132.2,271907
2021-06-16 09:45:58,6131.75,272663
2021-06-16 09:45:59,6130.5,272719
2021-06-16 09:46:00,6128.35,274362
2021-06-16 09:46:01,6128.0,274655
2021-06-16 09:46:03,6128.05,274666
2021-06-16 09:46:05,6128.0,274729
2021-06-16 09:46:06,6128.0,274824
2021-06-16 09:46:08,6129.7,274880
2021-06-16 09:46:09,6130.0,274922
2021-06-16 09:46:10,6129.75,274930
2021-06-16 09:46:11,6128.0,274993
2021-06-16 09:46:12,6130.0,275021
2021-06-16 09:46:13,6130.0,275021
2021-06-16 09:46:14,6128.0,275024
2021-06-16 09:46:15,6130.0,275025
2021-06-16 09:46:16,6128.0,275046
2021-06-16 09:46:17,6128.1,275076
2021-06-16 09:46:18,6128.1,275084
2021-06-16 09:46:19,6128.0,275320
2021-06-16 09:46:20,6129.7,275350
2021-06-16 09:46:21,6129.95,275355
2021-06-16 09:46:22,6129.95,275376
2021-06-16 09:46:23,6129.0,275378
2021-06-16 09:46:24,6129.0,275378
2021-06-16 09:46:25,6130.0,275433
2021-06-16 09:46:26,6130.0,275452
2021-06-16 09:46:28,6129.0,275454
2021-06-16 09:46:29,6129.0,275475
2021-06-16 09:46:30,6128.35,275489
2021-06-16 09:46:31,6130.0,275564
2021-06-16 09:46:32,6129.0,275574
2021-06-16 09:46:33,6127.6,275856
2021-06-16 09:46:35,6128.3,275918
2021-06-16 09:46:36,6128.2,275926
2021-06-16 09:46:37,6128.4,275982
2021-06-16 09:46:38,6127.0,275993
2021-06-16 09:46:39,6127.05,275999
2021-06-16 09:46:40,6127.0,276002
2021-06-16 09:46:42,6128.0,276047
2021-06-16 09:46:43,6127.0,276051
2021-06-16 09:46:44,6127.0,276066
2021-06-16 09:46:45,6127.0,276092
2021-06-16 09:46:46,6126.5,276094
2021-06-16 09:46:47,6126.5,276115
2021-06-16 09:46:49,6127.0,276135
2021-06-16 09:46:50,6125.95,276437
2021-06-16 09:46:51,6125.65,276460
2021-06-16 09:46:52,6125.65,276479
2021-06-16 09:46:53,6125.65,276540
2021-06-16 09:46:54,6126.6,276679
2021-06-16 09:46:56,6126.5,276739
2021-06-16 09:46:57,6125.5,276824
2021-06-16 09:46:58,6126.0,276827
2021-06-16 09:46:59,6124.5,278508
2021-06-16 09:47:00,6124.5,278523
2021-06-16 09:47:01,6124.5,278786
2021-06-16 09:47:02,6124.3,278892
2021-06-16 09:47:03,6124.5,279293
2021-06-16 09:47:05,6123.0,279997
2021-06-16 09:47:04,6124.5,279931
2021-06-16 09:47:06,6124.3,280034
2021-06-16 09:47:07,6123.15,280088
2021-06-16 09:47:08,6123.55,281580
2021-06-16 09:47:09,6116.05,289626
2021-06-16 09:47:10,6114.65,290010
2021-06-16 09:47:11,6115.35,290205
2021-06-16 09:47:12,6113.2,291484
2021-06-16 09:47:13,6113.2,291484
2021-06-16 09:47:14,6112.7,291673
2021-06-16 09:47:15,6116.15,292100
2021-06-16 09:47:16,6113.7,292192
2021-06-16 09:47:17,6113.7,292377
2021-06-16 09:47:18,6117.7,292991
2021-06-16 09:47:19,6116.6,293275
2021-06-16 09:47:20,6117.4,293567
2021-06-16 09:47:21,6117.0,293600
2021-06-16 09:47:23,6117.0,293641
2021-06-16 09:47:25,6118.25,294820
2021-06-16 09:47:26,6116.3,294883
2021-06-16 09:47:27,6118.05,294935
2021-06-16 09:47:28,6118.0,295009
2021-06-16 09:47:29,6118.0,295023
2021-06-16 09:47:30,6118.65,295260
2021-06-16 09:47:31,6118.0,295271
2021-06-16 09:47:32,6119.0,295287
2021-06-16 09:47:34,6118.0,295508
2021-06-16 09:47:35,6120.3,295626
2021-06-16 09:47:37,6118.6,295704
2021-06-16 09:47:38,6118.0,295721
2021-06-16 09:47:39,6118.6,295847
2021-06-16 09:47:40,6118.0,295950
2021-06-16 09:47:41,6117.0,296033
2021-06-16 09:47:42,6116.3,296034
2021-06-16 09:47:43,6115.5,296319
2021-06-16 09:47:44,6117.0,296322
2021-06-16 09:47:45,6115.85,296398
2021-06-16 09:47:46,6119.45,296878
2021-06-16 09:47:48,6118.2,297026
2021-06-16 09:47:50,6120.0,297142
2021-06-16 09:47:51,6120.4,297264
2021-06-16 09:47:52,6120.4,297315
2021-06-16 09:47:53,6120.0,297320
2021-06-16 09:47:54,6120.0,297368
2021-06-16 09:47:55,6119.8,297883
2021-06-16 09:47:56,6119.95,297906
2021-06-16 09:47:57,6119.95,297914
2021-06-16 09:47:58,6119.95,297939
2021-06-16 09:47:59,6119.95,297939
2021-06-16 09:48:00,6119.0,298076
2021-06-16 09:48:01,6119.95,298127
2021-06-16 09:48:02,6119.8,298251
2021-06-16 09:48:03,6119.0,298277
2021-06-16 09:48:04,6119.0,298277
2021-06-16 09:48:05,6119.0,298358
2021-06-16 09:48:06,6118.65,298449
2021-06-16 09:48:07,6119.8,298500
2021-06-16 09:48:08,6119.0,298536
2021-06-16 09:48:09,6119.8,298565
2021-06-16 09:48:11,6118.6,298666
2021-06-16 09:48:13,6119.0,300223
2021-06-16 09:48:14,6119.0,300301
2021-06-16 09:48:15,6118.6,300455
2021-06-16 09:48:16,6118.6,300531
2021-06-16 09:48:20,6118.6,301132
2021-06-16 09:48:21,6118.6,301210
2021-06-16 09:48:21,6118.6,301210
2021-06-16 09:48:22,6118.6,301338
2021-06-16 09:48:23,6118.6,301339
2021-06-16 09:48:24,6118.0,301355
2021-06-16 09:48:25,6118.0,301390
2021-06-16 09:48:26,6118.0,301501
2021-06-16 09:48:29,6118.6,301544
2021-06-16 09:48:30,6118.0,301552
2021-06-16 09:48:30,6118.0,301552
2021-06-16 09:48:31,6117.4,301911
2021-06-16 09:48:32,6118.0,302141
2021-06-16 09:48:33,6118.0,302155
2021-06-16 09:48:34,6118.15,302303
2021-06-16 09:48:35,6118.2,302415
2021-06-16 09:48:36,6118.45,302452
2021-06-16 09:48:37,6116.2,302531
2021-06-16 09:48:38,6118.1,302572
2021-06-16 09:48:39,6118.0,302591
2021-06-16 09:48:40,6115.7,302753
2021-06-16 09:48:41,6116.0,302850
2021-06-16 09:48:42,6116.0,302921
2021-06-16 09:48:44,6115.45,303189
2021-06-16 09:48:45,6115.45,303389
2021-06-16 09:48:45,6116.0,303394
2021-06-16 09:48:46,6115.0,304039
2021-06-16 09:48:47,6115.0,304160
2021-06-16 09:48:48,6115.9,304359
2021-06-16 09:48:50,6115.45,304865
2021-06-16 09:48:53,6112.75,305841
2021-06-16 09:48:54,6114.75,305898
2021-06-16 09:48:56,6113.45,306051
2021-06-16 09:48:57,6115.0,306306
2021-06-16 09:48:58,6115.0,306461
2021-06-16 09:48:59,6115.0,306544
2021-06-16 09:49:00,6115.0,306723
2021-06-16 09:49:01,6115.0,306769
2021-06-16 09:49:02,6112.9,306830
2021-06-16 09:49:02,6113.0,306831
2021-06-16 09:49:03,6115.0,306846
2021-06-16 09:49:04,6113.0,306897
2021-06-16 09:49:06,6112.85,307199
2021-06-16 09:49:07,6112.9,307601
2021-06-16 09:49:08,6111.0,307781
2021-06-16 09:49:09,6112.9,308026
2021-06-16 09:49:10,6112.8,308077
2021-06-16 09:49:11,6111.45,308186
2021-06-16 09:49:12,6113.7,308318
2021-06-16 09:49:13,6113.3,308569
2021-06-16 09:49:14,6113.3,308692
2021-06-16 09:49:15,6113.65,309091
2021-06-16 09:49:16,6111.05,309135
2021-06-16 09:49:17,6111.1,309169
2021-06-16 09:49:19,6113.05,309709
2021-06-16 09:49:20,6115.0,309987
2021-06-16 09:49:21,6113.65,310055
2021-06-16 09:49:23,6112.05,310132
2021-06-16 09:49:24,6113.0,310281
2021-06-16 09:49:25,6113.0,310310
2021-06-16 09:49:26,6112.05,310321
2021-06-16 09:49:28,6113.0,310430
2021-06-16 09:49:29,6113.0,310484
2021-06-16 09:49:30,6112.05,310517
2021-06-16 09:49:31,6113.0,310781
2021-06-16 09:49:32,6112.05,310811
2021-06-16 09:49:32,6112.05,310811
2021-06-16 09:49:34,6112.0,311070
2021-06-16 09:49:34,6111.3,311099
2021-06-16 09:49:35,6112.0,311469
2021-06-16 09:49:36,6112.0,312031
2021-06-16 09:49:37,6111.0,312207
2021-06-16 09:49:38,6112.0,312528
2021-06-16 09:49:39,6112.0,312666
2021-06-16 09:49:40,6115.0,313782
2021-06-16 09:49:41,6113.0,314021
2021-06-16 09:49:42,6113.05,314113
2021-06-16 09:49:44,6112.8,314592
2021-06-16 09:49:45,6112.7,314654
2021-06-16 09:49:46,6115.0,315076
2021-06-16 09:49:47,6113.8,315120
2021-06-16 09:49:48,6113.75,315180
2021-06-16 09:49:49,6113.1,315268
2021-06-16 09:49:50,6113.9,315291
2021-06-16 09:49:50,6113.0,315295
2021-06-16 09:49:51,6113.9,315334
2021-06-16 09:49:52,6112.9,315373
2021-06-16 09:49:53,6112.0,315454
2021-06-16 09:49:55,6112.05,316228
2021-06-16 09:49:56,6112.05,316326
2021-06-16 09:49:59,6112.0,316685
2021-06-16 09:50:00,6113.1,317145
2021-06-16 09:50:02,6113.1,317224
2021-06-16 09:50:02,6113.1,317228
2021-06-16 09:50:04,6112.5,317752
2021-06-16 09:50:06,6112.5,317962
2021-06-16 09:50:06,6112.5,317971
2021-06-16 09:50:07,6111.45,318113
2021-06-16 09:50:08,6113.0,318197
2021-06-16 09:50:09,6113.0,318395
2021-06-16 09:50:10,6112.0,318415
2021-06-16 09:50:11,6113.0,318485
2021-06-16 09:50:12,6112.0,318952
2021-06-16 09:50:13,6112.45,319032
2021-06-16 09:50:14,6112.45,319084
2021-06-16 09:50:15,6111.05,319414
2021-06-16 09:50:16,6112.5,319650
2021-06-16 09:50:17,6112.45,319683
2021-06-16 09:50:18,6112.5,319952
2021-06-16 09:50:22,6111.0,320353
2021-06-16 09:50:23,6112.45,320492
2021-06-16 09:50:25,6112.0,320518
2021-06-16 09:50:26,6111.0,320693
2021-06-16 09:50:28,6112.0,320824
2021-06-16 09:50:29,6111.0,320848
2021-06-16 09:50:30,6112.0,320859
2021-06-16 09:50:31,6111.0,321083
2021-06-16 09:50:32,6112.45,321463
2021-06-16 09:50:34,6112.0,321816
2021-06-16 09:50:34,6112.45,321829
2021-06-16 09:50:35,6110.1,322102
2021-06-16 09:50:36,6112.0,322197
2021-06-16 09:50:37,6111.95,322316
2021-06-16 09:50:38,6112.0,322445
2021-06-16 09:50:39,6112.0,322545
2021-06-16 09:50:40,6111.0,322672
2021-06-16 09:50:41,6112.0,323160
2021-06-16 09:50:42,6111.0,323331
2021-06-16 09:50:43,6112.0,323351
2021-06-16 09:50:44,6112.0,323369
2021-06-16 09:50:45,6112.0,323374
2021-06-16 09:50:46,6111.0,323606
2021-06-16 09:50:48,6112.0,323666
2021-06-16 09:50:49,6112.0,323753
2021-06-16 09:50:50,6111.0,323797
2021-06-16 09:50:51,6111.45,323829
2021-06-16 09:50:52,6111.0,323876
2021-06-16 09:50:53,6111.0,324037
2021-06-16 09:50:54,6111.0,324237
2021-06-16 09:50:55,6112.0,324383
2021-06-16 09:50:57,6110.25,324618
2021-06-16 09:50:58,6110.25,324739
2021-06-16 09:50:59,6110.25,324798
2021-06-16 09:50:59,6110.1,324807
2021-06-16 09:51:00,6109.75,328153
2021-06-16 09:51:01,6108.15,328332
2021-06-16 09:51:02,6108.15,328569
2021-06-16 09:51:05,6108.0,329602
2021-06-16 09:51:06,6107.1,329845
2021-06-16 09:51:07,6107.0,330091
2021-06-16 09:51:07,6107.95,330061
2021-06-16 09:51:08,6106.0,330675
2021-06-16 09:51:09,6105.95,331069
2021-06-16 09:51:10,6109.55,331379
2021-06-16 09:51:11,6108.0,331511
2021-06-16 09:51:12,6108.85,331794
2021-06-16 09:51:13,6107.0,331940
2021-06-16 09:51:16,6107.0,332345
2021-06-16 09:51:16,6108.95,332273
2021-06-16 09:51:17,6107.0,332363
2021-06-16 09:51:18,6109.0,332618
2021-06-16 09:51:20,6108.0,333024
2021-06-16 09:51:21,6107.45,333101
2021-06-16 09:51:22,6107.05,333151
2021-06-16 09:51:23,6108.0,333161
2021-06-16 09:51:24,6109.0,333227
2021-06-16 09:51:26,6109.0,333838
2021-06-16 09:51:27,6109.0,334126
2021-06-16 09:51:28,6108.65,334289
2021-06-16 09:51:29,6108.65,334420
2021-06-16 09:51:30,6108.65,334447
2021-06-16 09:51:31,6109.0,334760
2021-06-16 09:51:32,6110.0,335583
2021-06-16 09:51:33,6110.0,335916
2021-06-16 09:51:34,6108.65,336042
2021-06-16 09:51:35,6108.65,336086
2021-06-16 09:51:36,6110.0,336472
2021-06-16 09:51:38,6109.0,336910
2021-06-16 09:51:39,6110.1,337085
2021-06-16 09:51:40,6110.1,337390
2021-06-16 09:51:40,6110.1,337390
2021-06-16 09:51:41,6109.3,337684
2021-06-16 09:51:42,6109.0,337811
2021-06-16 09:51:43,6109.0,337886
2021-06-16 09:51:45,6109.0,338107
2021-06-16 09:51:46,6109.25,338148
2021-06-16 09:51:47,6109.0,338267
2021-06-16 09:51:48,6109.25,338290
2021-06-16 09:51:49,6109.25,338292
2021-06-16 09:51:50,6109.05,338356
2021-06-16 09:51:51,6108.05,339324
2021-06-16 09:51:52,6108.95,339491
2021-06-16 09:51:53,6109.0,339531
2021-06-16 09:51:54,6109.0,339536
2021-06-16 09:51:54,6109.0,339536
2021-06-16 09:51:55,6109.0,339679
2021-06-16 09:51:57,6109.0,339809
2021-06-16 09:51:58,6109.0,340117
2021-06-16 09:51:59,6109.0,340277
2021-06-16 09:52:00,6109.0,340321
2021-06-16 09:52:01,6109.0,340330
2021-06-16 09:52:02,6109.0,340356
2021-06-16 09:52:04,6109.0,340637
2021-06-16 09:52:05,6108.05,340737
2021-06-16 09:52:06,6109.0,340861
2021-06-16 09:52:07,6109.25,340875
2021-06-16 09:52:08,6109.25,340879
2021-06-16 09:52:09,6109.0,341094
2021-06-16 09:52:10,6111.0,341278
2021-06-16 09:52:11,6109.2,341417
2021-06-16 09:52:13,6108.0,341460
2021-06-16 09:52:14,6109.25,341489
2021-06-16 09:52:15,6109.05,341834
2021-06-16 09:52:16,6109.0,341872
2021-06-16 09:52:17,6109.3,341909
2021-06-16 09:52:17,6109.3,341913
2021-06-16 09:52:18,6110.0,341938
2021-06-16 09:52:20,6109.0,341966
2021-06-16 09:52:21,6110.45,342034
2021-06-16 09:52:22,6109.0,342052
2021-06-16 09:52:23,6109.0,342066
2021-06-16 09:52:24,6109.0,342099
2021-06-16 09:52:25,6108.0,342112
2021-06-16 09:52:25,6108.05,342113
2021-06-16 09:52:26,6110.05,342263
2021-06-16 09:52:27,6112.0,342332
2021-06-16 09:52:29,6111.0,342583
2021-06-16 09:52:30,6111.0,342626
2021-06-16 09:52:31,6112.0,342643
2021-06-16 09:52:32,6112.25,342649
2021-06-16 09:52:33,6112.0,342670
2021-06-16 09:52:34,6112.25,342690
2021-06-16 09:52:35,6111.0,342723
2021-06-16 09:52:36,6111.0,342804
2021-06-16 09:52:37,6112.45,343092
2021-06-16 09:52:38,6111.05,343145
2021-06-16 09:52:39,6111.05,343163
2021-06-16 09:52:40,6111.05,343192
2021-06-16 09:52:41,6112.45,343236
2021-06-16 09:52:42,6112.6,343454
2021-06-16 09:52:43,6111.25,343648
2021-06-16 09:52:44,6111.35,343695
2021-06-16 09:52:45,6113.95,343784
2021-06-16 09:52:46,6112.0,343798
2021-06-16 09:52:47,6113.9,343806
2021-06-16 09:52:47,6113.9,343806
2021-06-16 09:52:48,6114.95,344060
2021-06-16 09:52:49,6114.8,344224
2021-06-16 09:52:52,6114.5,344703
2021-06-16 09:52:53,6114.45,344726
2021-06-16 09:52:54,6112.45,344754
2021-06-16 09:52:54,6114.45,344751
2021-06-16 09:52:56,6114.45,344795
2021-06-16 09:52:57,6114.45,344844
2021-06-16 09:52:58,6114.35,344974
2021-06-16 09:52:58,6114.35,344995
2021-06-16 09:52:59,6112.45,345071
2021-06-16 09:53:00,6114.35,345160
2021-06-16 09:53:02,6114.35,345286
2021-06-16 09:53:03,6114.0,345362
2021-06-16 09:53:04,6114.35,345448
2021-06-16 09:53:05,6112.4,345858
2021-06-16 09:53:06,6111.3,345895
2021-06-16 09:53:07,6111.3,345915
2021-06-16 09:53:07,6111.25,345917
2021-06-16 09:53:08,6111.3,346124
2021-06-16 09:53:09,6111.25,346169
2021-06-16 09:53:10,6111.05,346191
2021-06-16 09:53:11,6111.05,346217
2021-06-16 09:53:12,6111.1,346219
2021-06-16 09:53:14,6111.25,346229
2021-06-16 09:53:16,6113.9,346419
2021-06-16 09:53:17,6113.75,346457
2021-06-16 09:53:18,6111.45,346472
2021-06-16 09:53:20,6111.6,346497
2021-06-16 09:53:20,6113.85,346494
2021-06-16 09:53:21,6113.0,346515
2021-06-16 09:53:23,6113.85,346582
2021-06-16 09:53:25,6113.9,346716
2021-06-16 09:53:27,6113.0,346813
2021-06-16 09:53:28,6113.0,346844
2021-06-16 09:53:29,6114.35,346864
2021-06-16 09:53:30,6114.35,346876
2021-06-16 09:53:30,6113.0,346878
2021-06-16 09:53:31,6113.0,346879
2021-06-16 09:53:32,6115.0,347096
2021-06-16 09:53:33,6113.2,347313
2021-06-16 09:53:34,6115.0,347374
2021-06-16 09:53:35,6115.0,347430
2021-06-16 09:53:36,6114.7,347441
2021-06-16 09:53:37,6115.0,347646
2021-06-16 09:53:38,6113.65,347667
2021-06-16 09:53:39,6115.0,347768
2021-06-16 09:53:41,6113.6,347787
2021-06-16 09:53:42,6115.0,347860
2021-06-16 09:53:43,6113.3,347878
2021-06-16 09:53:44,6114.95,347894
2021-06-16 09:53:45,6113.3,347917
2021-06-16 09:53:45,6113.3,347923
2021-06-16 09:53:46,6113.3,347930
2021-06-16 09:53:48,6113.3,347942
2021-06-16 09:53:49,6113.25,347957
2021-06-16 09:53:50,6113.2,347983
2021-06-16 09:53:51,6113.0,347992
2021-06-16 09:53:52,6113.2,348065
2021-06-16 09:53:53,6113.0,348116
2021-06-16 09:53:54,6113.0,348122
2021-06-16 09:53:55,6113.25,348139
2021-06-16 09:53:56,6113.25,348172
2021-06-16 09:53:58,6113.3,348221
2021-06-16 09:53:57,6113.0,348200
2021-06-16 09:53:59,6114.95,348316
2021-06-16 09:54:00,6118.0,348721
2021-06-16 09:54:00,6116.2,348725
2021-06-16 09:54:01,6116.2,348764
2021-06-16 09:54:02,6116.05,348786
2021-06-16 09:54:03,6116.2,349040
2021-06-16 09:54:05,6116.0,349073
2021-06-16 09:54:06,6118.85,349300
2021-06-16 09:54:07,6116.2,349332
2021-06-16 09:54:07,6118.65,349344
2021-06-16 09:54:08,6118.0,349403
2021-06-16 09:54:09,6118.35,349487
2021-06-16 09:54:10,6116.6,349493
2021-06-16 09:54:11,6115.65,349496
2021-06-16 09:54:13,6115.65,349530
2021-06-16 09:54:14,6115.65,349558
2021-06-16 09:54:15,6115.65,349582
2021-06-16 09:54:16,6116.6,349742
2021-06-16 09:54:17,6115.65,349855
2021-06-16 09:54:18,6116.05,350023
2021-06-16 09:54:19,6113.65,350144
2021-06-16 09:54:19,6113.65,350145
2021-06-16 09:54:20,6115.0,350243
2021-06-16 09:54:23,6115.0,350406
2021-06-16 09:54:24,6115.65,350602
2021-06-16 09:54:25,6115.0,350727
2021-06-16 09:54:26,6114.5,350734
2021-06-16 09:54:27,6115.0,350862
2021-06-16 09:54:29,6111.25,351961
2021-06-16 09:54:30,6111.25,352167
2021-06-16 09:54:31,6112.15,352214
2021-06-16 09:54:32,6112.05,352217
2021-06-16 09:54:33,6111.0,352499
2021-06-16 09:54:33,6111.0,352499
2021-06-16 09:54:35,6112.05,352695
2021-06-16 09:54:36,6112.05,352734
2021-06-16 09:54:37,6112.05,352764
2021-06-16 09:54:38,6110.05,352872
2021-06-16 09:54:39,6112.05,353029
2021-06-16 09:54:40,6112.05,353046
2021-06-16 09:54:40,6112.05,353046
2021-06-16 09:54:41,6112.05,353057
2021-06-16 09:54:43,6111.05,353161
2021-06-16 09:54:44,6112.05,353164
2021-06-16 09:54:45,6112.0,353171
2021-06-16 09:54:46,6111.15,353223
2021-06-16 09:54:47,6111.0,353229
2021-06-16 09:54:48,6112.05,353243
2021-06-16 09:54:49,6112.05,353247
2021-06-16 09:54:50,6111.55,353276
2021-06-16 09:54:51,6111.55,353304
2021-06-16 09:54:52,6111.0,353307
2021-06-16 09:54:53,6111.55,353399
2021-06-16 09:54:53,6111.55,353399
2021-06-16 09:54:54,6110.3,353409
2021-06-16 09:54:55,6111.9,353513
2021-06-16 09:54:57,6113.3,353528
2021-06-16 09:54:58,6113.3,353533
2021-06-16 09:54:59,6113.3,353536
2021-06-16 09:55:00,6112.1,353603
2021-06-16 09:55:01,6112.1,353610
2021-06-16 09:55:01,6112.1,353610
2021-06-16 09:55:03,6111.6,353611
2021-06-16 09:55:03,6111.6,353611
2021-06-16 09:55:04,6113.3,353612
2021-06-16 09:55:06,6113.3,353722
2021-06-16 09:55:07,6113.2,353725
2021-06-16 09:55:10,6113.0,353791
2021-06-16 09:55:11,6113.0,353791
2021-06-16 09:55:12,6113.0,353828
2021-06-16 09:55:13,6114.8,354013
2021-06-16 09:55:16,6115.0,354177
2021-06-16 09:55:17,6114.65,354201
2021-06-16 09:55:18,6115.0,354205
2021-06-16 09:55:19,6115.0,354242
2021-06-16 09:55:20,6115.0,354253
2021-06-16 09:55:21,6115.0,354356
2021-06-16 09:55:23,6116.0,354503
2021-06-16 09:55:25,6115.0,354649
2021-06-16 09:55:26,6117.0,354665
2021-06-16 09:55:27,6117.0,354667
2021-06-16 09:55:28,6117.0,354673
2021-06-16 09:55:29,6117.0,354681
2021-06-16 09:55:30,6115.05,354682
2021-06-16 09:55:30,6115.05,354707
2021-06-16 09:55:32,6115.1,354747
2021-06-16 09:55:33,6117.0,354851
2021-06-16 09:55:34,6116.95,354852
2021-06-16 09:55:35,6116.95,354948
2021-06-16 09:55:36,6116.95,354996
2021-06-16 09:55:37,6116.0,355005
2021-06-16 09:55:38,6116.65,355008
2021-06-16 09:55:39,6116.65,355014
2021-06-16 09:55:40,6116.65,355014
2021-06-16 09:55:41,6116.65,355095
2021-06-16 09:55:42,6115.55,355224
2021-06-16 09:55:44,6116.0,355374
2021-06-16 09:55:45,6117.0,355793
2021-06-16 09:55:46,6116.95,355794
2021-06-16 09:55:47,6116.65,355864
2021-06-16 09:55:49,6116.95,355920
2021-06-16 09:55:50,6116.95,355921
2021-06-16 09:55:51,6116.65,355922
2021-06-16 09:55:52,6116.65,355922
2021-06-16 09:55:53,6116.4,355955
2021-06-16 09:55:53,6116.4,355955
2021-06-16 09:55:54,6116.4,355960
2021-06-16 09:55:56,6115.9,356011
2021-06-16 09:55:56,6115.75,356079
2021-06-16 09:55:58,6115.75,356186
2021-06-16 09:55:59,6115.75,356203
2021-06-16 09:56:00,6115.75,356269
2021-06-16 09:56:01,6115.0,356276
2021-06-16 09:56:02,6115.75,356378
2021-06-16 09:56:03,6115.75,356413
2021-06-16 09:56:04,6115.65,356418
2021-06-16 09:56:05,6115.65,356472
2021-06-16 09:56:06,6115.65,356507
2021-06-16 09:56:07,6115.65,356552
2021-06-16 09:56:07,6115.65,356552
2021-06-16 09:56:08,6115.65,356581
2021-06-16 09:56:10,6115.65,356607
2021-06-16 09:56:11,6115.0,356779
2021-06-16 09:56:12,6115.5,357056
2021-06-16 09:56:12,6116.0,357066
2021-06-16 09:56:13,6115.85,357096
2021-06-16 09:56:15,6116.1,357098
2021-06-16 09:56:16,6116.1,357099
2021-06-16 09:56:17,6118.35,357104
2021-06-16 09:56:18,6117.25,357116
2021-06-16 09:56:20,6118.2,357223
2021-06-16 09:56:21,6118.0,357324
2021-06-16 09:56:22,6118.0,357332
2021-06-16 09:56:23,6118.0,357447
2021-06-16 09:56:24,6117.5,357459
2021-06-16 09:56:25,6118.0,357460
2021-06-16 09:56:26,6118.0,357460
2021-06-16 09:56:27,6118.0,357460
2021-06-16 09:56:28,6118.0,357587
2021-06-16 09:56:29,6118.2,357606
2021-06-16 09:56:30,6118.3,357640
2021-06-16 09:56:31,6118.05,357643
2021-06-16 09:56:33,6118.0,357963
2021-06-16 09:56:34,6117.65,357997
2021-06-16 09:56:35,6118.0,358315
2021-06-16 09:56:36,6118.0,358315
2021-06-16 09:56:37,6116.1,358433
2021-06-16 09:56:38,6117.3,358555
2021-06-16 09:56:39,6117.3,358568
2021-06-16 09:56:40,6115.75,358586
2021-06-16 09:56:41,6117.25,358614
2021-06-16 09:56:43,6116.0,358891
2021-06-16 09:56:44,6118.15,359913
2021-06-16 09:56:45,6115.75,360001
2021-06-16 09:56:46,6115.75,360006
2021-06-16 09:56:47,6115.75,360181
2021-06-16 09:56:48,6114.8,360369
2021-06-16 09:56:49,6115.2,360370
2021-06-16 09:56:51,6114.75,360377
2021-06-16 09:56:50,6114.75,360377
2021-06-16 09:56:52,6114.75,360377
2021-06-16 09:56:53,6114.75,360438
2021-06-16 09:56:54,6115.0,360782
2021-06-16 09:56:55,6114.9,360868
2021-06-16 09:56:56,6114.8,360906
2021-06-16 09:56:57,6115.0,361184
2021-06-16 09:56:58,6114.75,361254
2021-06-16 09:56:59,6114.9,361255
2021-06-16 09:57:03,6115.0,361465
2021-06-16 09:57:04,6115.0,361469
2021-06-16 09:57:05,6115.0,361520
2021-06-16 09:57:06,6115.0,361640
2021-06-16 09:57:07,6114.15,361745
2021-06-16 09:57:08,6114.05,361765
2021-06-16 09:57:09,6114.05,361778
2021-06-16 09:57:11,6114.0,361827
2021-06-16 09:57:10,6114.0,361793
2021-06-16 09:57:12,6113.95,362366
2021-06-16 09:57:13,6112.1,362369
2021-06-16 09:57:15,6112.05,362400
2021-06-16 09:57:16,6112.0,362449
2021-06-16 09:57:17,6112.1,362549
2021-06-16 09:57:18,6113.8,362566
2021-06-16 09:57:19,6113.85,362569
2021-06-16 09:57:20,6113.95,362581
2021-06-16 09:57:21,6113.5,362631
2021-06-16 09:57:22,6113.35,362662
2021-06-16 09:57:23,6112.8,362748
2021-06-16 09:57:24,6113.1,362762
2021-06-16 09:57:25,6113.1,362763
2021-06-16 09:57:27,6112.55,362863
2021-06-16 09:57:28,6112.65,362902
2021-06-16 09:57:29,6114.0,362928
2021-06-16 09:57:30,6114.0,362932
2021-06-16 09:57:31,6113.65,362936
2021-06-16 09:57:32,6113.15,362956
2021-06-16 09:57:33,6113.25,362958
2021-06-16 09:57:34,6113.25,362958
2021-06-16 09:57:35,6113.25,362958
2021-06-16 09:57:36,6113.35,363086
2021-06-16 09:57:37,6113.95,363375
2021-06-16 09:57:38,6113.35,363486
2021-06-16 09:57:39,6112.8,363532
2021-06-16 09:57:40,6113.35,363617
2021-06-16 09:57:42,6113.05,363764
2021-06-16 09:57:43,6112.85,363799
2021-06-16 09:57:45,6113.3,363855
2021-06-16 09:57:46,6113.35,363925
2021-06-16 09:57:48,6113.1,364148
2021-06-16 09:57:49,6113.2,364252
2021-06-16 09:57:50,6113.0,364803
2021-06-16 09:57:51,6113.05,364887
2021-06-16 09:57:52,6112.7,364890
2021-06-16 09:57:53,6112.45,364946
2021-06-16 09:57:54,6112.0,364997
2021-06-16 09:57:55,6112.0,365042
2021-06-16 09:57:56,6112.0,365060
2021-06-16 09:57:57,6112.0,365066
2021-06-16 09:57:58,6112.0,365094
2021-06-16 09:57:59,6112.0,365097
2021-06-16 09:58:01,6112.25,365125
2021-06-16 09:58:00,6112.25,365122
2021-06-16 09:58:02,6112.25,365126
2021-06-16 09:58:03,6112.25,365126
2021-06-16 09:58:04,6112.25,365126
2021-06-16 09:58:05,6112.1,365134
2021-06-16 09:58:06,6112.0,365139
2021-06-16 09:58:07,6112.05,365140
2021-06-16 09:58:08,6112.0,365170
2021-06-16 09:58:09,6112.25,365179
2021-06-16 09:58:10,6112.3,365184
2021-06-16 09:58:11,6113.0,365196
2021-06-16 09:58:12,6112.25,365197
2021-06-16 09:58:13,6112.35,365214
2021-06-16 09:58:14,6112.35,365216
2021-06-16 09:58:15,6112.35,365216
2021-06-16 09:58:16,6112.5,365224
2021-06-16 09:58:17,6112.35,365234
2021-06-16 09:58:18,6113.0,365260
2021-06-16 09:58:19,6112.4,365262
2021-06-16 09:58:21,6112.5,365294
2021-06-16 09:58:23,6112.5,365312
2021-06-16 09:58:24,6112.5,365394
2021-06-16 09:58:26,6113.45,366945
2021-06-16 09:58:27,6112.85,366978
2021-06-16 09:58:28,6115.05,367103
2021-06-16 09:58:29,6114.8,367117
2021-06-16 09:58:31,6114.8,367117
2021-06-16 09:58:32,6115.0,367120
2021-06-16 09:58:33,6115.0,367120
2021-06-16 09:58:34,6113.45,367185
2021-06-16 09:58:35,6113.45,367204
2021-06-16 09:58:36,6115.0,367206
2021-06-16 09:58:37,6115.0,367216
2021-06-16 09:58:38,6113.15,367217
2021-06-16 09:58:39,6113.6,367227
2021-06-16 09:58:40,6113.55,367229
2021-06-16 09:58:42,6113.5,367238
2021-06-16 09:58:43,6115.0,367247
2021-06-16 09:58:44,6113.75,367249
2021-06-16 09:58:45,6113.65,367251
2021-06-16 09:58:47,6115.0,367274
2021-06-16 09:58:47,6115.0,367274
2021-06-16 09:58:48,6115.7,367352
2021-06-16 09:58:49,6114.95,367363
2021-06-16 09:58:50,6114.25,367388
2021-06-16 09:58:51,6114.25,367401
2021-06-16 09:58:52,6115.0,367448
2021-06-16 09:58:53,6113.7,367454
2021-06-16 09:58:54,6113.9,367460
2021-06-16 09:58:55,6113.9,367480
2021-06-16 09:58:57,6113.55,367583
2021-06-16 09:58:57,6113.6,367594
2021-06-16 09:58:58,6113.6,367594
2021-06-16 09:59:00,6113.7,367615
2021-06-16 09:59:01,6115.0,367618
2021-06-16 09:59:02,6115.0,367619
2021-06-16 09:59:04,6113.7,367629
2021-06-16 09:59:06,6115.0,367641
2021-06-16 09:59:06,6113.8,367645
2021-06-16 09:59:07,6114.0,367686
2021-06-16 09:59:09,6114.15,367756
2021-06-16 09:59:09,6114.15,367763
2021-06-16 09:59:10,6116.0,367764
2021-06-16 09:59:11,6115.85,367815
2021-06-16 09:59:12,6115.2,367831
2021-06-16 09:59:14,6115.2,367835
2021-06-16 09:59:15,6115.35,367866
2021-06-16 09:59:16,6116.0,367892
2021-06-16 09:59:17,6115.25,367895
2021-06-16 09:59:18,6116.0,367951
2021-06-16 09:59:19,6115.6,367958
2021-06-16 09:59:20,6115.6,367958
2021-06-16 09:59:21,6114.4,367973
2021-06-16 09:59:22,6115.0,367999
2021-06-16 09:59:24,6115.5,368005
2021-06-16 09:59:24,6115.2,368006
2021-06-16 09:59:25,6115.2,368006
2021-06-16 09:59:26,6115.5,368059
2021-06-16 09:59:27,6115.5,368065
2021-06-16 09:59:28,6115.2,368066
2021-06-16 09:59:29,6116.0,368141
2021-06-16 09:59:30,6116.0,368153
2021-06-16 09:59:31,6116.95,368185
2021-06-16 09:59:33,6116.95,368205
2021-06-16 09:59:34,6116.5,368234
2021-06-16 09:59:38,6116.2,368298
2021-06-16 09:59:38,6116.2,368299
2021-06-16 09:59:39,6116.95,368302
2021-06-16 09:59:40,6116.95,368306
2021-06-16 09:59:41,6116.95,368314
2021-06-16 09:59:42,6116.0,368340
2021-06-16 09:59:43,6116.0,368343
2021-06-16 09:59:44,6116.2,368373
2021-06-16 09:59:45,6116.0,368378
2021-06-16 09:59:46,6116.2,368380
2021-06-16 09:59:47,6116.0,368441
2021-06-16 09:59:48,6118.05,368565
2021-06-16 09:59:49,6116.0,368607
2021-06-16 09:59:50,6116.0,368610
2021-06-16 09:59:51,6115.15,368729
2021-06-16 09:59:52,6114.55,368933
2021-06-16 09:59:53,6114.95,369896
2021-06-16 09:59:54,6113.0,370027
2021-06-16 09:59:55,6113.0,370033
2021-06-16 09:59:56,6113.0,370140
2021-06-16 09:59:57,6113.75,370167
2021-06-16 09:59:58,6112.3,370253
2021-06-16 09:59:59,6112.1,370335
2021-06-16 10:00:00,6112.1,370363
2021-06-16 10:00:01,6112.1,370372
2021-06-16 10:00:02,6112.1,370728
2021-06-16 10:00:03,6110.65,370946
2021-06-16 10:00:04,6110.65,370964
2021-06-16 10:00:05,6110.25,371032
2021-06-16 10:00:07,6110.05,371524
2021-06-16 10:00:07,6110.25,371607
2021-06-16 10:00:08,6110.25,371607
2021-06-16 10:00:09,6110.25,371608
2021-06-16 10:00:10,6110.25,371702
2021-06-16 10:00:11,6110.75,371753
2021-06-16 10:00:12,6112.1,371768
2021-06-16 10:00:14,6113.2,371924
2021-06-16 10:00:15,6113.35,371932
2021-06-16 10:00:16,6111.35,371972
2021-06-16 10:00:17,6111.0,371977
2021-06-16 10:00:18,6111.4,371980
2021-06-16 10:00:19,6112.5,371982
2021-06-16 10:00:20,6112.5,372017
2021-06-16 10:00:21,6110.85,372053
2021-06-16 10:00:22,6112.15,372065
2021-06-16 10:00:24,6111.3,372076
2021-06-16 10:00:25,6110.05,372367
2021-06-16 10:00:25,6110.0,372338
2021-06-16 10:00:27,6110.05,372379
2021-06-16 10:00:28,6111.1,372409
2021-06-16 10:00:29,6112.0,372427
2021-06-16 10:00:30,6110.85,372433
2021-06-16 10:00:31,6111.35,372448
2021-06-16 10:00:34,6111.35,372563
2021-06-16 10:00:35,6110.0,372577
2021-06-16 10:00:36,6110.0,372586
2021-06-16 10:00:38,6111.35,372597
2021-06-16 10:00:40,6111.35,372679
2021-06-16 10:00:40,6110.0,372684
2021-06-16 10:00:41,6110.0,372828
2021-06-16 10:00:42,6110.05,372855
2021-06-16 10:00:43,6110.0,372856
2021-06-16 10:00:44,6110.0,372890
2021-06-16 10:00:45,6110.05,372896
2021-06-16 10:00:46,6112.5,373100
2021-06-16 10:00:47,6110.45,373152
2021-06-16 10:00:48,6110.45,373162
2021-06-16 10:00:50,6110.45,373163
2021-06-16 10:00:51,6111.45,373896
2021-06-16 10:00:52,6110.05,373899
2021-06-16 10:00:54,6111.5,374054
2021-06-16 10:00:55,6110.05,374064
2021-06-16 10:00:56,6110.05,374115
2021-06-16 10:00:57,6110.05,374117
2021-06-16 10:00:59,6111.0,375124
2021-06-16 10:01:00,6109.55,375383
2021-06-16 10:01:01,6109.5,375421
2021-06-16 10:01:01,6110.0,375646
2021-06-16 10:01:02,6110.0,375746
2021-06-16 10:01:03,6110.0,375862
2021-06-16 10:01:04,6110.0,375987
2021-06-16 10:01:05,6110.0,376009
2021-06-16 10:01:06,6110.0,376009
2021-06-16 10:01:07,6109.2,376012
2021-06-16 10:01:09,6109.05,376013
2021-06-16 10:01:10,6109.05,376067
2021-06-16 10:01:11,6109.5,376068
2021-06-16 10:01:12,6111.0,376095
2021-06-16 10:01:12,6111.0,376095
2021-06-16 10:01:13,6111.0,376229
2021-06-16 10:01:14,6109.0,376269
2021-06-16 10:01:15,6109.5,376274
2021-06-16 10:01:16,6108.8,376826
2021-06-16 10:01:17,6111.0,376836
2021-06-16 10:01:20,6110.0,376879
2021-06-16 10:01:21,6111.0,376894
2021-06-16 10:01:22,6111.0,376908
2021-06-16 10:01:23,6111.0,376918
2021-06-16 10:01:24,6111.0,376957
2021-06-16 10:01:25,6111.0,376973
2021-06-16 10:01:27,6110.0,377198
2021-06-16 10:01:28,6110.0,377335
2021-06-16 10:01:30,6110.0,377442
2021-06-16 10:01:31,6112.0,377602
2021-06-16 10:01:31,6112.0,377602
2021-06-16 10:01:32,6110.0,377702
2021-06-16 10:01:33,6110.0,377702
2021-06-16 10:01:34,6110.0,377814
2021-06-16 10:01:35,6111.0,377830
2021-06-16 10:01:36,6111.0,377940
2021-06-16 10:01:37,6111.0,377940
2021-06-16 10:01:38,6111.0,377941
2021-06-16 10:01:39,6110.0,377947
2021-06-16 10:01:41,6111.0,377948
2021-06-16 10:01:42,6110.0,377964
2021-06-16 10:01:42,6110.0,377964
2021-06-16 10:01:43,6110.0,377964
2021-06-16 10:01:44,6110.0,377964
2021-06-16 10:01:45,6110.15,378090
2021-06-16 10:01:46,6110.15,378410
2021-06-16 10:01:47,6112.05,378530
2021-06-16 10:01:48,6110.15,378540
2021-06-16 10:01:49,6111.05,378552
2021-06-16 10:01:50,6111.05,378658
2021-06-16 10:01:52,6111.05,378658
2021-06-16 10:01:53,6111.0,378659
2021-06-16 10:01:54,6111.05,378660
2021-06-16 10:01:54,6111.05,378660
2021-06-16 10:01:55,6111.05,378677
2021-06-16 10:01:56,6111.05,378678
2021-06-16 10:01:57,6112.0,378813
2021-06-16 10:01:59,6113.1,379153
2021-06-16 10:02:02,6113.1,379288
2021-06-16 10:02:02,6115.0,379291
2021-06-16 10:02:03,6115.0,379291
2021-06-16 10:02:05,6115.0,379609
2021-06-16 10:02:06,6115.0,379609
2021-06-16 10:02:07,6113.85,379660
2021-06-16 10:02:08,6113.85,379660
2021-06-16 10:02:09,6117.75,379726
2021-06-16 10:02:10,6117.75,379726
2021-06-16 10:02:11,6117.25,379734
2021-06-16 10:02:14,6117.25,379873
2021-06-16 10:02:15,6117.25,379873
2021-06-16 10:02:16,6119.0,380000
2021-06-16 10:02:16,6119.0,380000
2021-06-16 10:02:17,6117.2,380003
2021-06-16 10:02:18,6120.0,380476
2021-06-16 10:02:19,6120.0,380770
2021-06-16 10:02:21,6120.0,381756
2021-06-16 10:02:22,6119.05,381759
2021-06-16 10:02:23,6119.05,381876
2021-06-16 10:02:23,6118.3,381866
2021-06-16 10:02:25,6119.05,381885
2021-06-16 10:02:26,6119.05,382056
2021-06-16 10:02:27,6119.05,382239
2021-06-16 10:02:28,6119.05,382248
2021-06-16 10:02:28,6119.05,382248
2021-06-16 10:02:29,6119.05,382248
2021-06-16 10:02:30,6118.3,382303
2021-06-16 10:02:31,6118.3,382355
2021-06-16 10:02:32,6118.3,382443
2021-06-16 10:02:33,6117.25,382444
2021-06-16 10:02:35,6117.9,382449
2021-06-16 10:02:36,6118.3,382560
2021-06-16 10:02:37,6118.3,382850
2021-06-16 10:02:37,6118.3,382850
2021-06-16 10:02:38,6118.3,382850
2021-06-16 10:02:39,6118.3,382872
2021-06-16 10:02:40,6118.0,382877
2021-06-16 10:02:41,6117.0,383072
2021-06-16 10:02:42,6118.0,383137
2021-06-16 10:02:43,6118.0,383137
2021-06-16 10:02:44,6117.45,383142
2021-06-16 10:02:45,6117.45,383144
2021-06-16 10:02:47,6117.45,383180
2021-06-16 10:02:48,6117.45,383190
2021-06-16 10:02:49,6117.45,383217
2021-06-16 10:02:50,6115.45,383282
2021-06-16 10:02:51,6115.45,383443
2021-06-16 10:02:52,6115.45,383468
2021-06-16 10:02:52,6115.45,383468
2021-06-16 10:02:53,6115.0,383494
2021-06-16 10:02:55,6115.0,383494
2021-06-16 10:02:57,6114.3,383497
2021-06-16 10:02:58,6114.3,383497
2021-06-16 10:02:59,6114.3,383497
2021-06-16 10:03:00,6114.8,383498
2021-06-16 10:03:01,6114.8,383543
2021-06-16 10:03:03,6115.0,383544
2021-06-16 10:03:04,6115.0,383568
2021-06-16 10:03:05,6114.8,383569
2021-06-16 10:03:06,6115.45,384091
2021-06-16 10:03:06,6116.0,384110
2021-06-16 10:03:07,6117.45,384130
2021-06-16 10:03:08,6115.55,384203
2021-06-16 10:03:09,6117.4,384205
2021-06-16 10:03:10,6115.0,384242
2021-06-16 10:03:11,6115.0,384242
2021-06-16 10:03:13,6115.1,384245
2021-06-16 10:03:14,6115.95,384319
2021-06-16 10:03:15,6117.4,384337
2021-06-16 10:03:16,6115.6,384425
2021-06-16 10:03:17,6115.6,384560
2021-06-16 10:03:18,6115.0,384721
2021-06-16 10:03:19,6115.0,384770
2021-06-16 10:03:20,6115.0,384775
2021-06-16 10:03:21,6114.45,384795
2021-06-16 10:03:21,6114.45,384795
2021-06-16 10:03:22,6115.0,385111
2021-06-16 10:03:23,6115.0,385176
2021-06-16 10:03:24,6113.15,385177
2021-06-16 10:03:25,6113.1,385178
2021-06-16 10:03:27,6115.0,385308
2021-06-16 10:03:28,6114.9,385329
2021-06-16 10:03:29,6114.45,385330
2021-06-16 10:03:30,6113.1,385331
2021-06-16 10:03:31,6113.1,385337
2021-06-16 10:03:31,6113.1,385337
2021-06-16 10:03:32,6114.65,385346
2021-06-16 10:03:34,6114.65,385382
2021-06-16 10:03:34,6113.1,385421
2021-06-16 10:03:35,6114.65,385614
2021-06-16 10:03:36,6113.75,385635
2021-06-16 10:03:37,6114.45,385695
2021-06-16 10:03:39,6113.75,385703
2021-06-16 10:03:41,6115.0,385969
2021-06-16 10:03:42,6114.4,385970
2021-06-16 10:03:43,6115.0,386568
2021-06-16 10:03:44,6115.0,386628
2021-06-16 10:03:44,6115.0,386629
2021-06-16 10:03:45,6115.0,386634
2021-06-16 10:03:46,6118.9,387442
2021-06-16 10:03:47,6114.65,387537
2021-06-16 10:03:49,6115.0,387538
2021-06-16 10:03:50,6115.0,387538
2021-06-16 10:03:51,6114.45,387541
2021-06-16 10:03:52,6114.0,387543
2021-06-16 10:03:52,6114.0,387543
2021-06-16 10:03:53,6114.0,387548
2021-06-16 10:03:54,6113.75,387891
2021-06-16 10:03:55,6116.95,389514
2021-06-16 10:03:56,6113.3,389537
2021-06-16 10:03:59,6113.2,389598
2021-06-16 10:04:00,6112.0,389742
2021-06-16 10:04:01,6112.05,389743
2021-06-16 10:04:02,6113.3,389771
2021-06-16 10:04:03,6114.45,390214
2021-06-16 10:04:04,6112.15,390403
2021-06-16 10:04:04,6112.1,390417
2021-06-16 10:04:05,6114.4,390432
2021-06-16 10:04:06,6112.0,390447
2021-06-16 10:04:07,6112.1,390455
2021-06-16 10:04:08,6112.0,390468
2021-06-16 10:04:10,6112.1,390481
2021-06-16 10:04:11,6112.0,390483
2021-06-16 10:04:12,6112.1,390485
2021-06-16 10:04:13,6112.0,390720
2021-06-16 10:04:14,6112.0,390807
2021-06-16 10:04:14,6112.0,390807
2021-06-16 10:04:16,6112.1,390820
2021-06-16 10:04:17,6112.15,390823
2021-06-16 10:04:18,6112.1,390874
2021-06-16 10:04:18,6111.25,390880
2021-06-16 10:04:19,6111.25,390880
2021-06-16 10:04:20,6111.25,390920
2021-06-16 10:04:22,6111.25,390928
2021-06-16 10:04:23,6113.75,390934
2021-06-16 10:04:24,6113.75,390934
2021-06-16 10:04:25,6113.9,390935
2021-06-16 10:04:25,6113.9,390935
2021-06-16 10:04:26,6112.85,391143
2021-06-16 10:04:27,6113.65,391269
2021-06-16 10:04:28,6112.1,391281
2021-06-16 10:04:29,6112.1,391281
2021-06-16 10:04:30,6112.1,391282
2021-06-16 10:04:32,6112.1,391282
2021-06-16 10:04:33,6113.2,391336
2021-06-16 10:04:34,6113.2,391347
2021-06-16 10:04:35,6113.75,391369
2021-06-16 10:04:36,6112.1,391371
2021-06-16 10:04:38,6112.1,391376
2021-06-16 10:04:39,6113.55,391382
2021-06-16 10:04:40,6112.1,391383
2021-06-16 10:04:41,6114.0,391474
2021-06-16 10:04:42,6113.0,391485
2021-06-16 10:04:43,6114.05,391495
2021-06-16 10:04:44,6113.45,391497
2021-06-16 10:04:45,6113.95,391502
2021-06-16 10:04:46,6112.25,391503
2021-06-16 10:04:47,6112.25,391504
2021-06-16 10:04:48,6114.05,391554
2021-06-16 10:04:49,6114.9,391560
2021-06-16 10:04:50,6113.45,391571
2021-06-16 10:04:51,6113.95,391629
2021-06-16 10:04:52,6114.0,391637
2021-06-16 10:04:53,6113.95,391691
2021-06-16 10:04:55,6114.9,391790
2021-06-16 10:04:56,6115.05,392028
2021-06-16 10:04:57,6115.05,392030
2021-06-16 10:04:58,6115.0,392122
2021-06-16 10:05:00,6115.0,392130
2021-06-16 10:05:01,6115.0,392144
2021-06-16 10:05:02,6115.0,392151
2021-06-16 10:05:03,6113.8,392450
2021-06-16 10:05:04,6116.35,392913
2021-06-16 10:05:04,6113.55,392943
2021-06-16 10:05:05,6113.5,392955
2021-06-16 10:05:08,6113.3,392963
2021-06-16 10:05:09,6112.0,392969
2021-06-16 10:05:10,6111.05,392989
2021-06-16 10:05:11,6111.35,393021
2021-06-16 10:05:12,6111.05,393034
2021-06-16 10:05:13,6113.2,393035
2021-06-16 10:05:14,6111.05,393089
2021-06-16 10:05:14,6111.05,393089
2021-06-16 10:05:15,6111.0,393140
2021-06-16 10:05:16,6111.0,393215
2021-06-16 10:05:18,6113.25,393224
2021-06-16 10:05:19,6114.95,393374
2021-06-16 10:05:20,6111.3,393386
2021-06-16 10:05:22,6114.85,393518
2021-06-16 10:05:23,6111.7,393528
2021-06-16 10:05:23,6113.3,393529
2021-06-16 10:05:25,6114.95,393531
2021-06-16 10:05:26,6114.95,393531
2021-06-16 10:05:27,6114.95,393531
2021-06-16 10:05:29,6112.8,393638
2021-06-16 10:05:30,6113.25,393658
2021-06-16 10:05:31,6113.2,393669
2021-06-16 10:05:31,6113.2,393669
2021-06-16 10:05:33,6114.95,393719
2021-06-16 10:05:34,6114.95,393720
2021-06-16 10:05:35,6113.0,393733
2021-06-16 10:05:36,6114.85,393755
2021-06-16 10:05:37,6112.05,393758
2021-06-16 10:05:38,6114.95,393765
2021-06-16 10:05:39,6114.85,393767
2021-06-16 10:05:39,6112.05,393768
2021-06-16 10:05:41,6111.75,393789
2021-06-16 10:05:41,6111.75,393789
2021-06-16 10:05:43,6111.75,393791
2021-06-16 10:05:44,6111.1,393794
2021-06-16 10:05:45,6113.2,393803
2021-06-16 10:05:46,6111.1,393804
2021-06-16 10:05:47,6111.1,393804
2021-06-16 10:05:48,6111.05,393824
2021-06-16 10:05:49,6113.55,393857
2021-06-16 10:05:50,6112.3,393860
2021-06-16 10:05:51,6111.6,394020
2021-06-16 10:05:52,6112.0,394044
2021-06-16 10:05:52,6111.5,394064
2021-06-16 10:05:53,6111.5,394064
2021-06-16 10:05:55,6111.3,394067
2021-06-16 10:05:56,6112.0,394071
2021-06-16 10:05:57,6112.0,394083
2021-06-16 10:05:58,6112.0,394134
2021-06-16 10:05:59,6112.0,394143
2021-06-16 10:06:00,6111.15,394157
2021-06-16 10:06:01,6111.3,394158
2021-06-16 10:06:02,6111.3,394158
2021-06-16 10:06:03,6113.0,394278
2021-06-16 10:06:04,6113.0,394278
2021-06-16 10:06:05,6111.2,394301
2021-06-16 10:06:06,6112.3,394322
2021-06-16 10:06:06,6112.0,394324
2021-06-16 10:06:07,6111.1,394344
2021-06-16 10:06:09,6111.3,394348
2021-06-16 10:06:10,6111.3,394348
2021-06-16 10:06:11,6112.3,394373
2021-06-16 10:06:12,6112.0,394381
2021-06-16 10:06:13,6112.0,394381
2021-06-16 10:06:14,6112.15,394382
2021-06-16 10:06:14,6112.3,394414
2021-06-16 10:06:16,6112.0,394418
2021-06-16 10:06:17,6112.0,394419
2021-06-16 10:06:18,6112.0,394419
2021-06-16 10:06:19,6112.0,394419
2021-06-16 10:06:21,6112.0,394429
2021-06-16 10:06:22,6112.0,394441
2021-06-16 10:06:23,6112.0,394443
2021-06-16 10:06:24,6112.3,394452
2021-06-16 10:06:25,6112.3,394467
2021-06-16 10:06:25,6112.0,394468
2021-06-16 10:06:26,6112.0,394468
2021-06-16 10:06:28,6112.3,394480
2021-06-16 10:06:29,6112.3,394533
2021-06-16 10:06:30,6113.0,394548
2021-06-16 10:06:31,6113.05,394556
2021-06-16 10:06:32,6113.0,394557
2021-06-16 10:06:33,6115.0,394658
2021-06-16 10:06:33,6113.65,394669
2021-06-16 10:06:34,6113.65,394679
2021-06-16 10:06:36,6113.2,394701
2021-06-16 10:06:37,6113.2,394704
2021-06-16 10:06:38,6115.0,394705
2021-06-16 10:06:39,6113.25,394709
2021-06-16 10:06:40,6112.1,394755
2021-06-16 10:06:41,6112.05,394779
2021-06-16 10:06:42,6113.75,394872
2021-06-16 10:06:43,6112.05,394882
2021-06-16 10:06:45,6112.05,394882
2021-06-16 10:06:46,6112.05,394883
2021-06-16 10:06:47,6114.25,394921
2021-06-16 10:06:48,6112.05,394927
2021-06-16 10:06:49,6112.05,394927
2021-06-16 10:06:50,6113.35,394929
2021-06-16 10:06:51,6112.0,394980
2021-06-16 10:06:52,6112.0,394986
2021-06-16 10:06:53,6112.0,395045
2021-06-16 10:06:54,6112.05,395053
2021-06-16 10:06:55,6114.0,395058
2021-06-16 10:06:56,6114.0,395060
2021-06-16 10:06:57,6114.0,395060
2021-06-16 10:06:59,6112.15,395072
2021-06-16 10:07:00,6114.9,395129
2021-06-16 10:07:01,6114.0,395130
2021-06-16 10:07:02,6113.35,395136
2021-06-16 10:07:03,6115.0,395216
2021-06-16 10:07:04,6112.65,395226
2021-06-16 10:07:05,6112.55,395305
2021-06-16 10:07:06,6112.6,395314
2021-06-16 10:07:07,6115.0,395339
2021-06-16 10:07:08,6115.0,395339
2021-06-16 10:07:09,6115.0,395366
2021-06-16 10:07:10,6112.65,395369
2021-06-16 10:07:11,6112.65,395369
2021-06-16 10:07:12,6112.65,395371
2021-06-16 10:07:13,6112.65,395371
2021-06-16 10:07:15,6112.65,395371
2021-06-16 10:07:16,6112.05,395395
2021-06-16 10:07:17,6112.05,395397
2021-06-16 10:07:18,6113.1,395451
2021-06-16 10:07:19,6113.1,395456
2021-06-16 10:07:21,6112.85,395477
2021-06-16 10:07:22,6112.85,395478
2021-06-16 10:07:23,6112.85,395478
2021-06-16 10:07:24,6112.85,395478
2021-06-16 10:07:25,6112.85,395478
2021-06-16 10:07:26,6112.85,395478
2021-06-16 10:07:27,6114.9,395483
2021-06-16 10:07:28,6114.9,395483
2021-06-16 10:07:29,6114.9,395483
2021-06-16 10:07:30,6116.0,395730
2021-06-16 10:07:31,6115.05,395772
2021-06-16 10:07:32,6115.1,395777
2021-06-16 10:07:33,6115.1,395777
2021-06-16 10:07:34,6117.0,395902
2021-06-16 10:07:35,6115.1,395931
2021-06-16 10:07:36,6115.1,395933
2021-06-16 10:07:37,6115.0,395956
2021-06-16 10:07:38,6117.0,395969
2021-06-16 10:07:39,6115.1,395971
2021-06-16 10:07:40,6117.0,395994
2021-06-16 10:07:42,6117.0,396001
2021-06-16 10:07:41,6117.0,396001
2021-06-16 10:07:43,6117.0,396001
2021-06-16 10:07:44,6117.0,396001
2021-06-16 10:07:45,6119.0,396487
2021-06-16 10:07:46,6116.5,396514
2021-06-16 10:07:47,6116.5,396712
2021-06-16 10:07:49,6119.1,396832
2021-06-16 10:07:48,6119.1,396832
2021-06-16 10:07:50,6116.0,396989
2021-06-16 10:07:51,6117.45,397036
2021-06-16 10:07:52,6115.6,397039
2021-06-16 10:07:53,6115.35,397107
2021-06-16 10:07:54,6115.25,397115
2021-06-16 10:07:55,6116.0,397232
2021-06-16 10:07:56,6116.0,397267
2021-06-16 10:07:57,6116.5,397268
2021-06-16 10:07:58,6116.5,397350
2021-06-16 10:07:59,6116.5,397385
2021-06-16 10:08:00,6116.5,397398
2021-06-16 10:08:01,6116.0,397433
2021-06-16 10:08:02,6119.0,397560
2021-06-16 10:08:03,6116.0,397561
2021-06-16 10:08:04,6116.0,397562
2021-06-16 10:08:05,6115.9,397572
2021-06-16 10:08:06,6115.95,397671
2021-06-16 10:08:07,6118.0,397684
2021-06-16 10:08:08,6117.0,397694
2021-06-16 10:08:09,6118.0,397756
2021-06-16 10:08:10,6116.5,397763
2021-06-16 10:08:11,6115.9,397816
2021-06-16 10:08:12,6116.4,397821
2021-06-16 10:08:13,6117.0,397823
2021-06-16 10:08:14,6116.5,397824
2021-06-16 10:08:15,6117.05,397839
2021-06-16 10:08:16,6117.0,397858
2021-06-16 10:08:17,6117.0,397885
2021-06-16 10:08:18,6117.0,398033
2021-06-16 10:08:19,6117.0,398103
2021-06-16 10:08:20,6119.0,398111
2021-06-16 10:08:21,6117.1,398115
2021-06-16 10:08:22,6118.95,398179
2021-06-16 10:08:23,6117.05,398186
2021-06-16 10:08:24,6117.05,398186
2021-06-16 10:08:25,6119.0,398205
2021-06-16 10:08:26,6117.05,398229
2021-06-16 10:08:27,6117.05,398233
2021-06-16 10:08:28,6117.05,398233
2021-06-16 10:08:29,6119.0,398239
2021-06-16 10:08:30,6117.05,398274
2021-06-16 10:08:31,6117.05,398295
2021-06-16 10:08:32,6119.0,398318
2021-06-16 10:08:33,6119.0,398319
2021-06-16 10:08:34,6117.0,398400
2021-06-16 10:08:35,6117.9,398437
2021-06-16 10:08:37,6119.55,398833
