timestamp,ltp,volume
2021-06-16 09:15:39,156.7,216677
2021-06-16 09:15:46,156.85,246729
2021-06-16 09:15:51,157.0,290812
2021-06-16 09:15:57,157.05,297557
2021-06-16 09:16:02,156.95,301620
2021-06-16 09:16:07,156.95,319552
2021-06-16 09:16:12,156.95,332237
2021-06-16 09:16:18,156.9,349929
2021-06-16 09:16:23,156.8,364685
2021-06-16 09:16:28,156.9,370091
2021-06-16 09:16:33,157.0,385471
2021-06-16 09:16:44,157.0,411798
2021-06-16 09:16:49,157.05,417821
2021-06-16 09:16:54,157.05,423358
2021-06-16 09:17:00,157.0,428134
2021-06-16 09:17:05,156.85,436430
2021-06-16 09:17:10,156.9,444536
2021-06-16 09:17:15,156.9,452497
2021-06-16 09:17:20,156.8,467017
2021-06-16 09:17:25,156.8,471906
2021-06-16 09:17:30,156.8,481920
2021-06-16 09:17:36,156.95,484113
2021-06-16 09:17:41,156.9,486149
2021-06-16 09:17:46,156.8,496901
2021-06-16 09:17:51,156.9,498648
2021-06-16 09:17:56,156.8,505205
2021-06-16 09:18:01,156.9,507915
2021-06-16 09:18:06,156.8,510443
2021-06-16 09:18:11,156.85,515929
2021-06-16 09:18:15,156.85,517883
2021-06-16 09:18:21,156.85,521220
2021-06-16 09:18:25,156.85,526601
2021-06-16 09:18:30,156.9,529583
2021-06-16 09:18:36,156.85,531298
2021-06-16 09:18:41,156.85,536889
2021-06-16 09:18:46,156.85,545185
2021-06-16 09:18:51,156.8,583131
2021-06-16 09:18:56,156.75,593510
2021-06-16 09:19:01,156.75,597523
2021-06-16 09:19:11,156.75,608536
2021-06-16 09:19:16,156.8,614495
2021-06-16 09:19:21,156.8,618355
2021-06-16 09:19:25,156.65,622224
2021-06-16 09:19:30,156.8,624968
2021-06-16 09:19:40,156.75,633266
2021-06-16 09:19:45,156.8,636111
2021-06-16 09:19:50,156.7,641418
2021-06-16 09:19:55,156.65,644482
2021-06-16 09:20:00,156.65,651818
2021-06-16 09:20:05,156.65,658199
2021-06-16 09:20:09,156.6,675837
2021-06-16 09:20:15,156.7,678796
2021-06-16 09:20:20,156.65,696665
2021-06-16 09:20:24,156.75,706752
2021-06-16 09:20:29,156.9,720404
2021-06-16 09:20:34,157.0,757968
2021-06-16 09:20:39,157.15,760882
2021-06-16 09:20:44,157.2,767614
2021-06-16 09:20:48,157.15,769805
2021-06-16 09:20:53,157.2,774408
2021-06-16 09:20:58,157.2,777172
2021-06-16 09:21:03,157.2,780830
2021-06-16 09:21:08,157.3,786424
2021-06-16 09:21:12,157.35,797295
2021-06-16 09:21:17,157.45,806458
2021-06-16 09:21:26,157.4,817039
2021-06-16 09:21:31,157.6,837328
2021-06-16 09:21:36,157.7,847820
2021-06-16 09:21:41,157.75,855731
2021-06-16 09:21:46,157.7,864363
2021-06-16 09:21:55,157.7,888622
2021-06-16 09:21:59,157.85,891612
2021-06-16 09:22:04,157.8,900602
2021-06-16 09:22:09,157.85,905819
2021-06-16 09:22:13,157.95,912884
2021-06-16 09:22:17,157.95,919069
2021-06-16 09:22:22,157.85,932576
2021-06-16 09:22:26,157.8,950812
2021-06-16 09:22:31,157.8,970068
2021-06-16 09:22:36,157.75,978378
2021-06-16 09:22:41,157.8,984952
2021-06-16 09:22:45,157.85,991813
2021-06-16 09:22:50,157.9,1004739
2021-06-16 09:22:54,157.8,1009484
2021-06-16 09:22:59,157.85,1013888
2021-06-16 09:23:04,157.9,1015662
2021-06-16 09:23:08,157.9,1017417
2021-06-16 09:23:13,157.9,1019006
2021-06-16 09:23:17,157.9,1023564
2021-06-16 09:23:22,158.0,1048584
2021-06-16 09:23:26,158.05,1053447
2021-06-16 09:23:31,158.05,1063153
2021-06-16 09:23:36,157.9,1082592
2021-06-16 09:23:40,157.9,1094637
2021-06-16 09:23:45,157.9,1097428
2021-06-16 09:23:49,157.9,1100752
2021-06-16 09:23:54,157.95,1108717
2021-06-16 09:23:58,158.0,1111286
2021-06-16 09:24:03,157.95,1117955
2021-06-16 09:24:06,158.0,1122544
2021-06-16 09:24:06,157.9,1122844
2021-06-16 09:24:07,157.8,1131965
2021-06-16 09:24:08,157.9,1132026
2021-06-16 09:24:09,157.9,1132796
2021-06-16 09:24:10,157.9,1133172
2021-06-16 09:24:12,158.0,1134530
2021-06-16 09:24:12,158.0,1134752
2021-06-16 09:24:13,158.0,1134807
2021-06-16 09:24:14,157.95,1135172
2021-06-16 09:24:15,157.95,1135452
2021-06-16 09:24:16,157.9,1136752
2021-06-16 09:24:17,157.95,1138002
2021-06-16 09:24:18,157.95,1138367
2021-06-16 09:24:19,157.85,1139567
2021-06-16 09:24:20,157.9,1141230
2021-06-16 09:24:21,157.85,1141666
2021-06-16 09:24:22,157.85,1141702
2021-06-16 09:24:23,157.95,1143404
2021-06-16 09:24:24,157.9,1144629
2021-06-16 09:24:25,157.95,1145120
2021-06-16 09:24:26,157.95,1146240
2021-06-16 09:24:27,157.95,1150041
2021-06-16 09:24:28,157.9,1152911
2021-06-16 09:24:30,157.9,1153363
2021-06-16 09:24:32,157.95,1154366
2021-06-16 09:24:33,157.8,1154513
2021-06-16 09:24:34,157.95,1157086
2021-06-16 09:24:35,157.95,1157628
2021-06-16 09:24:36,157.95,1157633
2021-06-16 09:24:37,157.95,1157735
2021-06-16 09:24:38,157.95,1158426
2021-06-16 09:24:39,157.95,1158580
2021-06-16 09:24:40,157.9,1160205
2021-06-16 09:24:41,157.95,1162251
2021-06-16 09:24:42,158.0,1162808
2021-06-16 09:24:43,158.0,1162903
2021-06-16 09:24:44,157.95,1163285
2021-06-16 09:24:45,158.0,1163645
2021-06-16 09:24:46,158.0,1164045
2021-06-16 09:24:47,158.0,1164275
2021-06-16 09:24:48,157.95,1164905
2021-06-16 09:24:49,158.0,1167505
2021-06-16 09:24:50,158.0,1168833
2021-06-16 09:24:51,157.95,1169253
2021-06-16 09:24:53,158.0,1170591
2021-06-16 09:24:54,158.0,1170697
2021-06-16 09:24:54,158.0,1170596
2021-06-16 09:24:56,157.9,1174117
2021-06-16 09:24:57,157.95,1177434
2021-06-16 09:24:58,157.9,1177446
2021-06-16 09:24:59,157.85,1178411
2021-06-16 09:25:00,157.85,1194978
2021-06-16 09:25:01,157.85,1195033
2021-06-16 09:25:02,157.85,1196733
2021-06-16 09:25:03,157.75,1197926
2021-06-16 09:25:04,157.8,1203569
2021-06-16 09:25:05,157.8,1203697
2021-06-16 09:25:06,157.8,1204705
2021-06-16 09:25:07,157.75,1205164
2021-06-16 09:25:08,157.75,1215281
2021-06-16 09:25:09,157.85,1215289
2021-06-16 09:25:10,157.9,1216448
2021-06-16 09:25:11,157.75,1218203
2021-06-16 09:25:11,157.85,1218313
2021-06-16 09:25:12,157.75,1221449
2021-06-16 09:25:14,157.9,1222350
2021-06-16 09:25:15,157.7,1222978
2021-06-16 09:25:17,157.8,1227707
2021-06-16 09:25:18,157.8,1227858
2021-06-16 09:25:19,157.85,1231474
2021-06-16 09:25:21,157.8,1232863
2021-06-16 09:25:23,157.85,1233134
2021-06-16 09:25:25,157.8,1235153
2021-06-16 09:25:26,157.95,1235419
2021-06-16 09:25:27,157.75,1242199
2021-06-16 09:25:30,157.9,1242740
2021-06-16 09:25:31,157.75,1243440
2021-06-16 09:25:32,157.85,1244490
2021-06-16 09:25:33,157.95,1245141
2021-06-16 09:25:34,157.95,1245387
2021-06-16 09:25:35,157.95,1245712
2021-06-16 09:25:36,157.9,1246206
2021-06-16 09:25:37,158.0,1259721
2021-06-16 09:25:38,157.9,1260202
2021-06-16 09:25:39,157.9,1260520
2021-06-16 09:25:40,158.0,1260870
2021-06-16 09:25:41,158.0,1261130
2021-06-16 09:25:42,158.0,1261340
2021-06-16 09:25:43,158.0,1263374
2021-06-16 09:25:44,158.0,1264136
2021-06-16 09:25:46,158.0,1266361
2021-06-16 09:25:47,158.0,1266381
2021-06-16 09:25:48,158.0,1266381
2021-06-16 09:25:49,158.0,1266561
2021-06-16 09:25:50,157.9,1267057
2021-06-16 09:25:51,158.0,1267159
2021-06-16 09:25:52,157.95,1268270
2021-06-16 09:25:53,157.85,1268926
2021-06-16 09:25:54,157.9,1269282
2021-06-16 09:25:55,157.8,1269408
2021-06-16 09:25:57,158.0,1275223
2021-06-16 09:25:58,157.85,1277260
2021-06-16 09:25:59,157.9,1277276
2021-06-16 09:26:00,157.9,1277551
2021-06-16 09:26:01,157.9,1278098
2021-06-16 09:26:02,158.0,1278318
2021-06-16 09:26:03,158.0,1278881
2021-06-16 09:26:04,158.0,1279751
2021-06-16 09:26:05,158.0,1279751
2021-06-16 09:26:06,157.95,1280917
2021-06-16 09:26:07,157.95,1280977
2021-06-16 09:26:08,157.95,1281854
2021-06-16 09:26:09,157.95,1281855
2021-06-16 09:26:10,157.85,1282108
2021-06-16 09:26:11,157.95,1284108
2021-06-16 09:26:12,157.95,1284749
2021-06-16 09:26:13,157.9,1285445
2021-06-16 09:26:14,157.85,1286065
2021-06-16 09:26:15,157.95,1286166
2021-06-16 09:26:16,157.95,1287258
2021-06-16 09:26:17,157.95,1287530
2021-06-16 09:26:18,157.9,1288405
2021-06-16 09:26:19,157.9,1288405
2021-06-16 09:26:20,157.85,1293504
2021-06-16 09:26:21,157.9,1294127
2021-06-16 09:26:22,157.8,1296411
2021-06-16 09:26:23,157.75,1298217
2021-06-16 09:26:24,157.75,1299030
2021-06-16 09:26:25,157.75,1299294
2021-06-16 09:26:26,157.75,1299304
2021-06-16 09:26:28,157.85,1300674
2021-06-16 09:26:30,157.7,1309998
2021-06-16 09:26:33,157.75,1311445
2021-06-16 09:26:34,157.65,1326275
2021-06-16 09:26:36,157.65,1328005
2021-06-16 09:26:37,157.65,1329136
2021-06-16 09:26:38,157.55,1329712
2021-06-16 09:26:39,157.65,1329717
2021-06-16 09:26:40,157.6,1330117
2021-06-16 09:26:41,157.6,1331553
2021-06-16 09:26:42,157.6,1331693
2021-06-16 09:26:43,157.55,1333774
2021-06-16 09:26:44,157.5,1339216
2021-06-16 09:26:45,157.55,1339746
2021-06-16 09:26:46,157.5,1339783
2021-06-16 09:26:47,157.55,1340358
2021-06-16 09:26:48,157.55,1340458
2021-06-16 09:26:49,157.55,1341158
2021-06-16 09:26:50,157.55,1341623
2021-06-16 09:26:51,157.4,1351318
2021-06-16 09:26:52,157.4,1351318
2021-06-16 09:26:53,157.4,1351711
2021-06-16 09:26:54,157.35,1351717
2021-06-16 09:26:55,157.4,1351723
2021-06-16 09:26:56,157.4,1351723
2021-06-16 09:26:57,157.35,1352424
2021-06-16 09:26:58,157.3,1354881
2021-06-16 09:26:59,157.3,1355258
2021-06-16 09:27:00,157.35,1357815
2021-06-16 09:27:01,157.45,1365771
2021-06-16 09:27:03,157.5,1366558
2021-06-16 09:27:04,157.5,1366558
2021-06-16 09:27:05,157.5,1366754
2021-06-16 09:27:06,157.45,1367324
2021-06-16 09:27:07,157.5,1369024
2021-06-16 09:27:08,157.4,1370100
2021-06-16 09:27:09,157.5,1370200
2021-06-16 09:27:10,157.5,1371482
2021-06-16 09:27:11,157.55,1373766
2021-06-16 09:27:12,157.5,1374808
2021-06-16 09:27:13,157.45,1375013
2021-06-16 09:27:14,157.5,1376108
2021-06-16 09:27:15,157.55,1376333
2021-06-16 09:27:16,157.45,1376963
2021-06-16 09:27:17,157.55,1377169
2021-06-16 09:27:18,157.55,1377348
2021-06-16 09:27:20,157.55,1377851
2021-06-16 09:27:21,157.55,1377863
2021-06-16 09:27:22,157.5,1378017
2021-06-16 09:27:23,157.55,1379218
2021-06-16 09:27:24,157.5,1379318
2021-06-16 09:27:25,157.55,1382703
2021-06-16 09:27:26,157.65,1382813
2021-06-16 09:27:27,157.65,1382813
2021-06-16 09:27:28,157.65,1382869
2021-06-16 09:27:29,157.65,1382869
2021-06-16 09:27:30,157.55,1384388
2021-06-16 09:27:31,157.65,1384391
2021-06-16 09:27:32,157.6,1384939
2021-06-16 09:27:33,157.6,1385541
2021-06-16 09:27:34,157.6,1389541
2021-06-16 09:27:35,157.6,1389748
2021-06-16 09:27:36,157.55,1390753
2021-06-16 09:27:37,157.55,1390754
2021-06-16 09:27:38,157.6,1390844
2021-06-16 09:27:39,157.6,1390949
2021-06-16 09:27:40,157.6,1393681
2021-06-16 09:27:41,157.55,1393781
2021-06-16 09:27:42,157.55,1398148
2021-06-16 09:27:43,157.6,1398648
2021-06-16 09:27:44,157.6,1398678
2021-06-16 09:27:45,157.6,1399078
2021-06-16 09:27:46,157.55,1399083
2021-06-16 09:27:47,157.6,1400138
2021-06-16 09:27:48,157.65,1400582
2021-06-16 09:27:49,157.55,1400827
2021-06-16 09:27:50,157.45,1411137
2021-06-16 09:27:51,157.5,1411273
2021-06-16 09:27:52,157.4,1411958
2021-06-16 09:27:53,157.5,1412157
2021-06-16 09:27:54,157.4,1412757
2021-06-16 09:27:55,157.55,1413167
2021-06-16 09:27:56,157.55,1413168
2021-06-16 09:27:58,157.55,1413168
2021-06-16 09:27:59,157.45,1415038
2021-06-16 09:28:00,157.45,1415711
2021-06-16 09:28:01,157.5,1418776
2021-06-16 09:28:02,157.4,1419810
2021-06-16 09:28:03,157.45,1420026
2021-06-16 09:28:04,157.4,1424588
2021-06-16 09:28:05,157.4,1424588
2021-06-16 09:28:06,157.4,1424738
2021-06-16 09:28:07,157.4,1425539
2021-06-16 09:28:08,157.45,1425700
2021-06-16 09:28:09,157.4,1426240
2021-06-16 09:28:10,157.35,1426851
2021-06-16 09:28:12,157.4,1429714
2021-06-16 09:28:13,157.45,1430130
2021-06-16 09:28:14,157.45,1430169
2021-06-16 09:28:15,157.4,1430189
2021-06-16 09:28:16,157.4,1430406
2021-06-16 09:28:17,157.45,1433485
2021-06-16 09:28:18,157.45,1433880
2021-06-16 09:28:19,157.35,1433902
2021-06-16 09:28:20,157.35,1434130
2021-06-16 09:28:22,157.45,1434577
2021-06-16 09:28:22,157.35,1434679
2021-06-16 09:28:23,157.35,1437301
2021-06-16 09:28:24,157.4,1437321
2021-06-16 09:28:25,157.45,1437836
2021-06-16 09:28:26,157.4,1440310
2021-06-16 09:28:27,157.35,1441510
2021-06-16 09:28:28,157.4,1441596
2021-06-16 09:28:29,157.4,1441696
2021-06-16 09:28:30,157.3,1444018
2021-06-16 09:28:31,157.4,1444053
2021-06-16 09:28:32,157.35,1444186
2021-06-16 09:28:33,157.35,1444236
2021-06-16 09:28:34,157.4,1444476
2021-06-16 09:28:35,157.4,1444822
2021-06-16 09:28:36,157.4,1445222
2021-06-16 09:28:37,157.45,1445562
2021-06-16 09:28:38,157.45,1445565
2021-06-16 09:28:39,157.4,1447590
2021-06-16 09:28:40,157.4,1447668
2021-06-16 09:28:41,157.45,1448254
2021-06-16 09:28:42,157.45,1448329
2021-06-16 09:28:44,157.45,1448530
2021-06-16 09:28:43,157.4,1448529
2021-06-16 09:28:45,157.4,1448989
2021-06-16 09:28:46,157.45,1449189
2021-06-16 09:28:47,157.4,1449793
2021-06-16 09:28:48,157.45,1450893
2021-06-16 09:28:50,157.45,1451328
2021-06-16 09:28:51,157.45,1451585
2021-06-16 09:28:52,157.45,1451585
2021-06-16 09:28:53,157.4,1451889
2021-06-16 09:28:54,157.4,1452007
2021-06-16 09:28:55,157.45,1456985
2021-06-16 09:28:56,157.45,1461344
2021-06-16 09:28:57,157.45,1461746
2021-06-16 09:28:58,157.45,1461746
2021-06-16 09:28:59,157.5,1461782
2021-06-16 09:29:00,157.5,1461798
2021-06-16 09:29:01,157.5,1461798
2021-06-16 09:29:02,157.45,1462250
2021-06-16 09:29:03,157.45,1463053
2021-06-16 09:29:05,157.5,1464844
2021-06-16 09:29:06,157.45,1464873
2021-06-16 09:29:07,157.45,1465184
2021-06-16 09:29:08,157.45,1465186
2021-06-16 09:29:10,157.45,1466030
2021-06-16 09:29:12,157.5,1468760
2021-06-16 09:29:12,157.5,1469010
2021-06-16 09:29:13,157.45,1470260
2021-06-16 09:29:14,157.6,1474873
2021-06-16 09:29:15,157.55,1475123
2021-06-16 09:29:16,157.55,1476523
2021-06-16 09:29:17,157.6,1476543
2021-06-16 09:29:18,157.6,1476634
2021-06-16 09:29:20,157.6,1477654
2021-06-16 09:29:21,157.55,1477767
2021-06-16 09:29:22,157.55,1478557
2021-06-16 09:29:23,157.5,1480467
2021-06-16 09:29:24,157.6,1480677
2021-06-16 09:29:27,157.65,1481668
2021-06-16 09:29:28,157.65,1481668
2021-06-16 09:29:29,157.65,1481718
2021-06-16 09:29:31,157.6,1482837
2021-06-16 09:29:32,157.65,1482889
2021-06-16 09:29:33,157.65,1482989
2021-06-16 09:29:34,157.65,1483989
2021-06-16 09:29:36,157.45,1501770
2021-06-16 09:29:37,157.5,1501825
2021-06-16 09:29:38,157.5,1502580
2021-06-16 09:29:39,157.5,1502580
2021-06-16 09:29:40,157.55,1503233
2021-06-16 09:29:41,157.5,1503238
2021-06-16 09:29:42,157.55,1503338
2021-06-16 09:29:44,157.55,1503458
2021-06-16 09:29:45,157.55,1503458
2021-06-16 09:29:46,157.5,1503558
2021-06-16 09:29:46,157.5,1503558
2021-06-16 09:29:47,157.5,1504068
2021-06-16 09:29:49,157.5,1504502
2021-06-16 09:29:50,157.5,1504502
2021-06-16 09:29:51,157.5,1510365
2021-06-16 09:29:52,157.5,1510365
2021-06-16 09:29:52,157.5,1510415
2021-06-16 09:29:53,157.55,1511633
2021-06-16 09:29:54,157.5,1512008
2021-06-16 09:29:55,157.55,1512611
2021-06-16 09:29:57,157.45,1517091
2021-06-16 09:29:58,157.45,1518436
2021-06-16 09:29:59,157.45,1518446
2021-06-16 09:30:01,157.5,1520558
2021-06-16 09:30:00,157.5,1520558
2021-06-16 09:30:02,157.45,1520664
2021-06-16 09:30:03,157.45,1522759
2021-06-16 09:30:04,157.45,1522759
2021-06-16 09:30:05,157.45,1522919
2021-06-16 09:30:06,157.45,1522969
2021-06-16 09:30:07,157.4,1524371
2021-06-16 09:30:09,157.45,1526082
2021-06-16 09:30:10,157.45,1526433
2021-06-16 09:30:11,157.4,1526638
2021-06-16 09:30:12,157.45,1526658
2021-06-16 09:30:13,157.45,1526918
2021-06-16 09:30:14,157.3,1541669
2021-06-16 09:30:15,157.35,1542146
2021-06-16 09:30:16,157.3,1542289
2021-06-16 09:30:17,157.35,1542624
2021-06-16 09:30:19,157.4,1543124
2021-06-16 09:30:20,157.35,1543224
2021-06-16 09:30:21,157.35,1543428
2021-06-16 09:30:22,157.35,1543488
2021-06-16 09:30:23,157.35,1543489
2021-06-16 09:30:24,157.35,1545982
2021-06-16 09:30:24,157.35,1545982
2021-06-16 09:30:25,157.4,1546435
2021-06-16 09:30:27,157.4,1547386
2021-06-16 09:30:27,157.4,1547487
2021-06-16 09:30:29,157.4,1547512
2021-06-16 09:30:30,157.35,1548417
2021-06-16 09:30:31,157.35,1550167
2021-06-16 09:30:32,157.4,1550417
2021-06-16 09:30:33,157.5,1557110
2021-06-16 09:30:34,157.55,1557980
2021-06-16 09:30:35,157.45,1558024
2021-06-16 09:30:36,157.5,1561324
2021-06-16 09:30:37,157.45,1561432
2021-06-16 09:30:37,157.45,1561432
2021-06-16 09:30:38,157.5,1561737
2021-06-16 09:30:39,157.55,1562753
2021-06-16 09:30:40,157.55,1562753
2021-06-16 09:30:41,157.55,1563329
2021-06-16 09:30:42,157.55,1564159
2021-06-16 09:30:43,157.5,1564230
2021-06-16 09:30:44,157.5,1564230
2021-06-16 09:30:45,157.55,1564278
2021-06-16 09:30:46,157.5,1564432
2021-06-16 09:30:47,157.5,1564633
2021-06-16 09:30:48,157.55,1564933
2021-06-16 09:30:49,157.5,1564983
2021-06-16 09:30:50,157.55,1565123
2021-06-16 09:30:51,157.5,1565264
2021-06-16 09:30:52,157.5,1565284
2021-06-16 09:30:53,157.5,1565629
2021-06-16 09:30:54,157.55,1565817
2021-06-16 09:30:55,157.55,1565817
2021-06-16 09:30:56,157.5,1565852
2021-06-16 09:30:57,157.5,1565852
2021-06-16 09:30:58,157.55,1566188
2021-06-16 09:30:59,157.55,1566188
2021-06-16 09:31:01,157.45,1566498
2021-06-16 09:31:02,157.45,1566634
2021-06-16 09:31:03,157.55,1567734
2021-06-16 09:31:04,157.45,1567812
2021-06-16 09:31:05,157.45,1567812
2021-06-16 09:31:06,157.5,1567917
2021-06-16 09:31:07,157.55,1568452
2021-06-16 09:31:08,157.55,1569572
2021-06-16 09:31:10,157.45,1569863
2021-06-16 09:31:12,157.5,1569973
2021-06-16 09:31:13,157.5,1569973
2021-06-16 09:31:13,157.5,1570698
2021-06-16 09:31:15,157.45,1571068
2021-06-16 09:31:15,157.55,1572018
2021-06-16 09:31:18,157.55,1573541
2021-06-16 09:31:19,157.55,1573544
2021-06-16 09:31:20,157.55,1573557
2021-06-16 09:31:21,157.5,1573755
2021-06-16 09:31:22,157.5,1573755
2021-06-16 09:31:23,157.45,1575517
2021-06-16 09:31:24,157.45,1575517
2021-06-16 09:31:25,157.45,1575517
2021-06-16 09:31:26,157.5,1575662
2021-06-16 09:31:27,157.55,1575677
2021-06-16 09:31:29,157.45,1576342
2021-06-16 09:31:30,157.5,1576344
2021-06-16 09:31:31,157.45,1576388
2021-06-16 09:31:32,157.45,1576538
2021-06-16 09:31:33,157.55,1581543
2021-06-16 09:31:34,157.55,1581553
2021-06-16 09:31:35,157.5,1581667
2021-06-16 09:31:36,157.5,1582414
2021-06-16 09:31:37,157.55,1582773
2021-06-16 09:31:39,157.55,1583176
2021-06-16 09:31:40,157.55,1583191
2021-06-16 09:31:41,157.5,1583364
2021-06-16 09:31:43,157.55,1583470
2021-06-16 09:31:44,157.55,1583885
2021-06-16 09:31:45,157.55,1583985
2021-06-16 09:31:47,157.55,1583985
2021-06-16 09:31:48,157.5,1584005
2021-06-16 09:31:49,157.55,1584115
2021-06-16 09:31:50,157.55,1585124
2021-06-16 09:31:51,157.5,1585141
2021-06-16 09:31:52,157.55,1585142
2021-06-16 09:31:53,157.55,1585812
2021-06-16 09:31:54,157.55,1585812
2021-06-16 09:31:55,157.55,1585813
2021-06-16 09:31:56,157.55,1585813
2021-06-16 09:31:57,157.5,1585814
2021-06-16 09:31:58,157.5,1585945
2021-06-16 09:31:59,157.55,1585970
2021-06-16 09:31:59,157.55,1586471
2021-06-16 09:32:00,157.55,1587521
2021-06-16 09:32:01,157.55,1587521
2021-06-16 09:32:02,157.55,1588071
2021-06-16 09:32:03,157.55,1590426
2021-06-16 09:32:04,157.55,1590426
2021-06-16 09:32:05,157.55,1590427
2021-06-16 09:32:06,157.5,1591027
2021-06-16 09:32:07,157.55,1591196
2021-06-16 09:32:08,157.55,1591296
2021-06-16 09:32:09,157.55,1592087
2021-06-16 09:32:11,157.55,1613514
2021-06-16 09:32:13,157.55,1613625
2021-06-16 09:32:14,157.55,1613695
2021-06-16 09:32:15,157.6,1613872
2021-06-16 09:32:15,157.6,1621459
2021-06-16 09:32:16,157.6,1621459
2021-06-16 09:32:19,157.6,1624459
2021-06-16 09:32:20,157.6,1624980
2021-06-16 09:32:20,157.55,1628275
2021-06-16 09:32:21,157.55,1628340
2021-06-16 09:32:22,157.55,1628869
2021-06-16 09:32:24,157.6,1629119
2021-06-16 09:32:25,157.6,1629619
2021-06-16 09:32:26,157.6,1629629
2021-06-16 09:32:27,157.6,1629679
2021-06-16 09:32:28,157.55,1629870
2021-06-16 09:32:29,157.6,1629925
2021-06-16 09:32:30,157.6,1631035
2021-06-16 09:32:32,157.6,1631135
2021-06-16 09:32:34,157.6,1631524
2021-06-16 09:32:35,157.55,1631526
2021-06-16 09:32:36,157.55,1631526
2021-06-16 09:32:37,157.6,1631776
2021-06-16 09:32:38,157.6,1632138
2021-06-16 09:32:39,157.65,1633374
2021-06-16 09:32:40,157.7,1633930
2021-06-16 09:32:40,157.7,1633930
2021-06-16 09:32:41,157.7,1633934
2021-06-16 09:32:42,157.75,1637014
2021-06-16 09:32:43,157.75,1637314
2021-06-16 09:32:44,157.75,1638134
2021-06-16 09:32:45,157.65,1639284
2021-06-16 09:32:46,157.8,1640596
2021-06-16 09:32:47,157.8,1640596
2021-06-16 09:32:48,157.8,1645204
2021-06-16 09:32:49,157.9,1646204
2021-06-16 09:32:50,157.85,1646611
2021-06-16 09:32:52,157.9,1648133
2021-06-16 09:32:53,157.8,1648218
2021-06-16 09:32:53,157.8,1648218
2021-06-16 09:32:55,157.8,1648564
2021-06-16 09:32:55,157.9,1671069
2021-06-16 09:32:56,157.9,1673166
2021-06-16 09:32:58,157.9,1675291
2021-06-16 09:32:59,157.9,1675291
2021-06-16 09:33:00,158.0,1678537
2021-06-16 09:33:01,157.9,1678712
2021-06-16 09:33:04,158.0,1679173
2021-06-16 09:33:05,157.95,1679346
2021-06-16 09:33:06,157.9,1679347
2021-06-16 09:33:07,158.0,1689353
2021-06-16 09:33:08,158.0,1689954
2021-06-16 09:33:08,157.95,1690054
2021-06-16 09:33:10,158.0,1691104
2021-06-16 09:33:11,157.95,1691717
2021-06-16 09:33:11,157.95,1691717
2021-06-16 09:33:12,157.9,1691988
2021-06-16 09:33:13,157.95,1692700
2021-06-16 09:33:14,157.95,1694905
2021-06-16 09:33:16,157.95,1695925
2021-06-16 09:33:17,157.95,1696942
2021-06-16 09:33:18,157.9,1697012
2021-06-16 09:33:19,158.0,1700496
2021-06-16 09:33:20,158.0,1700663
2021-06-16 09:33:21,158.0,1700663
2021-06-16 09:33:22,158.0,1701877
2021-06-16 09:33:22,158.0,1701877
2021-06-16 09:33:23,157.95,1702635
2021-06-16 09:33:25,158.0,1704484
2021-06-16 09:33:27,158.0,1705004
2021-06-16 09:33:28,158.0,1705322
2021-06-16 09:33:29,158.0,1705887
2021-06-16 09:33:30,158.0,1706692
2021-06-16 09:33:31,158.2,1799906
2021-06-16 09:33:32,158.15,1803533
2021-06-16 09:33:33,158.1,1803534
2021-06-16 09:33:34,158.15,1805147
2021-06-16 09:33:35,158.15,1805277
2021-06-16 09:33:36,158.2,1805400
2021-06-16 09:33:39,158.35,1828806
2021-06-16 09:33:40,158.3,1831178
2021-06-16 09:33:41,158.3,1831278
2021-06-16 09:33:42,158.35,1831279
2021-06-16 09:33:43,158.35,1836200
2021-06-16 09:33:44,158.35,1836700
2021-06-16 09:33:45,158.3,1845130
2021-06-16 09:33:46,158.3,1845332
2021-06-16 09:33:47,158.25,1846907
2021-06-16 09:33:47,158.25,1847807
2021-06-16 09:33:49,158.4,1857268
2021-06-16 09:33:50,158.45,1858033
2021-06-16 09:33:51,158.4,1858343
2021-06-16 09:33:52,158.45,1860575
2021-06-16 09:33:53,158.45,1860575
2021-06-16 09:33:54,158.4,1885236
2021-06-16 09:33:55,158.5,1885352
2021-06-16 09:33:56,158.45,1911035
2021-06-16 09:33:57,158.45,1912485
2021-06-16 09:33:58,158.45,1933595
2021-06-16 09:33:59,158.35,1934900
2021-06-16 09:34:00,158.45,1936875
2021-06-16 09:34:00,158.4,1937000
2021-06-16 09:34:02,158.45,1937751
2021-06-16 09:34:02,158.45,1938051
2021-06-16 09:34:04,158.4,1938356
2021-06-16 09:34:05,158.4,1939430
2021-06-16 09:34:06,158.45,1939860
2021-06-16 09:34:06,158.45,1939860
2021-06-16 09:34:08,158.45,1941011
2021-06-16 09:34:09,158.4,1943062
2021-06-16 09:34:09,158.45,1943127
2021-06-16 09:34:10,158.45,1943401
2021-06-16 09:34:12,158.4,1944666
2021-06-16 09:34:13,158.4,1945097
2021-06-16 09:34:15,158.4,1945568
2021-06-16 09:34:15,158.4,1945677
2021-06-16 09:34:17,158.35,1946695
2021-06-16 09:34:18,158.4,1951408
2021-06-16 09:34:20,158.4,1954007
2021-06-16 09:34:21,158.35,1958336
2021-06-16 09:34:23,158.4,1959260
2021-06-16 09:34:23,158.4,1959410
2021-06-16 09:34:24,158.4,1959686
2021-06-16 09:34:25,158.45,1965719
2021-06-16 09:34:26,158.4,1966474
2021-06-16 09:34:27,158.4,1966546
2021-06-16 09:34:29,158.35,1967459
2021-06-16 09:34:29,158.3,1967689
2021-06-16 09:34:31,158.35,1968696
2021-06-16 09:34:32,158.3,1970106
2021-06-16 09:34:33,158.35,1973163
2021-06-16 09:34:34,158.5,1984248
2021-06-16 09:34:35,158.35,1985920
2021-06-16 09:34:36,158.35,1985955
2021-06-16 09:34:37,158.4,1989385
2021-06-16 09:34:38,158.4,1989920
2021-06-16 09:34:39,158.5,1992146
2021-06-16 09:34:39,158.45,1990646
2021-06-16 09:34:41,158.45,1993980
2021-06-16 09:34:41,158.45,1995490
2021-06-16 09:34:42,158.5,1995555
2021-06-16 09:34:43,158.45,1996965
2021-06-16 09:34:44,158.45,2004417
2021-06-16 09:34:45,158.5,2004594
2021-06-16 09:34:46,158.45,2004705
2021-06-16 09:34:47,158.5,2026669
2021-06-16 09:34:48,158.45,2027769
2021-06-16 09:34:49,158.5,2027977
2021-06-16 09:34:52,158.45,2029640
2021-06-16 09:34:53,158.45,2029745
2021-06-16 09:34:54,158.45,2030850
2021-06-16 09:34:55,158.5,2030902
2021-06-16 09:34:55,158.5,2030902
2021-06-16 09:34:57,158.4,2032483
2021-06-16 09:34:57,158.45,2032583
2021-06-16 09:34:58,158.5,2032893
2021-06-16 09:34:59,158.4,2032993
2021-06-16 09:35:00,158.45,2034208
2021-06-16 09:35:01,158.4,2036508
2021-06-16 09:35:03,158.5,2038242
2021-06-16 09:35:04,158.5,2038641
2021-06-16 09:35:04,158.45,2039751
2021-06-16 09:35:06,158.45,2040578
2021-06-16 09:35:07,158.45,2040758
2021-06-16 09:35:08,158.45,2041631
2021-06-16 09:35:09,158.4,2048180
2021-06-16 09:35:10,158.4,2048220
2021-06-16 09:35:10,158.4,2048225
2021-06-16 09:35:12,158.45,2052419
2021-06-16 09:35:13,158.45,2052428
2021-06-16 09:35:13,158.45,2052448
2021-06-16 09:35:14,158.35,2055848
2021-06-16 09:35:15,158.4,2055950
2021-06-16 09:35:16,158.45,2058741
2021-06-16 09:35:18,158.45,2059944
2021-06-16 09:35:18,158.4,2061833
2021-06-16 09:35:20,158.4,2064333
2021-06-16 09:35:21,158.45,2064408
2021-06-16 09:35:22,158.5,2064410
2021-06-16 09:35:24,158.5,2069618
2021-06-16 09:35:25,158.4,2069922
2021-06-16 09:35:26,158.5,2070775
2021-06-16 09:35:27,158.4,2071347
2021-06-16 09:35:28,158.5,2074472
2021-06-16 09:35:29,158.5,2077822
2021-06-16 09:35:29,158.5,2077822
2021-06-16 09:35:30,158.4,2078488
2021-06-16 09:35:31,158.5,2078725
2021-06-16 09:35:32,158.4,2078834
2021-06-16 09:35:33,158.45,2078892
2021-06-16 09:35:34,158.45,2079193
2021-06-16 09:35:35,158.4,2080034
2021-06-16 09:35:37,158.45,2080179
2021-06-16 09:35:37,158.5,2081669
2021-06-16 09:35:39,158.4,2082037
2021-06-16 09:35:39,158.45,2082472
2021-06-16 09:35:41,158.4,2083472
2021-06-16 09:35:42,158.45,2083565
2021-06-16 09:35:43,158.4,2083920
2021-06-16 09:35:44,158.4,2084115
2021-06-16 09:35:46,158.45,2084648
2021-06-16 09:35:47,158.5,2084768
2021-06-16 09:35:49,158.5,2085875
2021-06-16 09:35:51,158.4,2088607
2021-06-16 09:35:52,158.5,2088818
2021-06-16 09:35:53,158.5,2089148
2021-06-16 09:35:54,158.5,2090068
2021-06-16 09:35:55,158.4,2090203
2021-06-16 09:35:57,158.4,2095316
2021-06-16 09:35:58,158.4,2095316
2021-06-16 09:35:59,158.5,2096194
2021-06-16 09:36:00,158.5,2097510
2021-06-16 09:36:01,158.4,2098210
2021-06-16 09:36:03,158.45,2100850
2021-06-16 09:36:04,158.4,2100880
2021-06-16 09:36:05,158.4,2101079
2021-06-16 09:36:06,158.5,2101605
2021-06-16 09:36:07,158.4,2102296
2021-06-16 09:36:08,158.5,2102480
2021-06-16 09:36:09,158.4,2106780
2021-06-16 09:36:10,158.5,2107445
2021-06-16 09:36:11,158.5,2109190
2021-06-16 09:36:12,158.5,2109680
2021-06-16 09:36:13,158.4,2110120
2021-06-16 09:36:14,158.4,2110270
2021-06-16 09:36:15,158.5,2111635
2021-06-16 09:36:16,158.45,2111639
2021-06-16 09:36:17,158.4,2115641
2021-06-16 09:36:18,158.5,2121597
2021-06-16 09:36:19,158.5,2121697
2021-06-16 09:36:20,158.4,2121729
2021-06-16 09:36:21,158.5,2121783
2021-06-16 09:36:22,158.5,2122294
2021-06-16 09:36:23,158.5,2122307
2021-06-16 09:36:24,158.55,2146910
2021-06-16 09:36:25,158.55,2147189
2021-06-16 09:36:26,158.5,2147301
2021-06-16 09:36:27,158.55,2148468
2021-06-16 09:36:28,158.55,2148685
2021-06-16 09:36:29,158.5,2148837
2021-06-16 09:36:30,158.55,2148840
2021-06-16 09:36:31,158.55,2148873
2021-06-16 09:36:32,158.55,2149126
2021-06-16 09:36:33,158.55,2149679
2021-06-16 09:36:34,158.55,2150460
2021-06-16 09:36:35,158.5,2150974
2021-06-16 09:36:37,158.55,2151598
2021-06-16 09:36:36,158.55,2151397
2021-06-16 09:36:38,158.6,2153053
2021-06-16 09:36:39,158.6,2154561
2021-06-16 09:36:40,158.6,2155811
2021-06-16 09:36:41,158.6,2160455
2021-06-16 09:36:42,158.55,2160884
2021-06-16 09:36:43,158.55,2161829
2021-06-16 09:36:44,158.6,2162416
2021-06-16 09:36:45,158.55,2168952
2021-06-16 09:36:46,158.45,2174336
2021-06-16 09:36:49,158.55,2176805
2021-06-16 09:36:50,158.55,2177458
2021-06-16 09:36:51,158.55,2190716
2021-06-16 09:36:52,158.6,2193141
2021-06-16 09:36:53,158.55,2194264
2021-06-16 09:36:54,158.55,2194416
2021-06-16 09:36:55,158.55,2194859
2021-06-16 09:36:56,158.6,2197363
2021-06-16 09:36:57,158.6,2197571
2021-06-16 09:36:58,158.6,2198744
2021-06-16 09:36:59,158.6,2198782
2021-06-16 09:37:00,158.5,2205939
2021-06-16 09:37:01,158.45,2221759
2021-06-16 09:37:02,158.4,2224582
2021-06-16 09:37:03,158.45,2226543
2021-06-16 09:37:04,158.35,2227779
2021-06-16 09:37:05,158.4,2228494
2021-06-16 09:37:06,158.45,2229125
2021-06-16 09:37:08,158.5,2249936
2021-06-16 09:37:10,158.5,2267631
2021-06-16 09:37:09,158.5,2250089
2021-06-16 09:37:11,158.55,2267948
2021-06-16 09:37:12,158.45,2268242
2021-06-16 09:37:13,158.55,2268595
2021-06-16 09:37:14,158.5,2270848
2021-06-16 09:37:15,158.55,2276433
2021-06-16 09:37:16,158.5,2276979
2021-06-16 09:37:17,158.5,2277334
2021-06-16 09:37:18,158.5,2280136
2021-06-16 09:37:19,158.55,2280204
2021-06-16 09:37:20,158.55,2280368
2021-06-16 09:37:21,158.55,2281162
2021-06-16 09:37:22,158.55,2281203
2021-06-16 09:37:23,158.5,2281361
2021-06-16 09:37:24,158.45,2282373
2021-06-16 09:37:25,158.55,2283474
2021-06-16 09:37:26,158.5,2287845
2021-06-16 09:37:27,158.5,2287939
2021-06-16 09:37:28,158.5,2289609
2021-06-16 09:37:29,158.55,2289786
2021-06-16 09:37:30,158.55,2294387
2021-06-16 09:37:31,158.4,2295113
2021-06-16 09:37:32,158.55,2295115
2021-06-16 09:37:33,158.5,2295446
2021-06-16 09:37:34,158.45,2297009
2021-06-16 09:37:35,158.5,2297520
2021-06-16 09:37:36,158.5,2298235
2021-06-16 09:37:37,158.5,2299212
2021-06-16 09:37:38,158.5,2299212
2021-06-16 09:37:39,158.5,2299256
2021-06-16 09:37:40,158.5,2299469
2021-06-16 09:37:41,158.5,2302038
2021-06-16 09:37:42,158.5,2303332
2021-06-16 09:37:43,158.5,2305036
2021-06-16 09:37:44,158.5,2307733
2021-06-16 09:37:45,158.55,2308614
2021-06-16 09:37:46,158.55,2308693
2021-06-16 09:37:47,158.55,2308755
2021-06-16 09:37:48,158.5,2408989
2021-06-16 09:37:49,158.5,2410116
2021-06-16 09:37:50,158.5,2419361
2021-06-16 09:37:51,158.5,2419363
2021-06-16 09:37:52,158.5,2420016
2021-06-16 09:37:53,158.5,2420192
2021-06-16 09:37:54,158.5,2421100
2021-06-16 09:37:55,158.5,2421242
2021-06-16 09:37:56,158.45,2422376
2021-06-16 09:37:57,158.45,2422650
2021-06-16 09:37:58,158.5,2423438
2021-06-16 09:37:59,158.5,2424269
2021-06-16 09:38:00,158.5,2426313
2021-06-16 09:38:01,158.5,2426677
2021-06-16 09:38:02,158.5,2426790
2021-06-16 09:38:03,158.5,2426802
2021-06-16 09:38:04,158.45,2426965
2021-06-16 09:38:05,158.5,2427726
2021-06-16 09:38:06,158.45,2427867
2021-06-16 09:38:07,158.4,2429094
2021-06-16 09:38:09,158.5,2430710
2021-06-16 09:38:10,158.45,2431360
2021-06-16 09:38:12,158.45,2432723
2021-06-16 09:38:12,158.45,2433305
2021-06-16 09:38:13,158.5,2435439
2021-06-16 09:38:14,158.45,2435563
2021-06-16 09:38:15,158.45,2438764
2021-06-16 09:38:17,158.5,2540682
2021-06-16 09:38:18,158.6,2540833
2021-06-16 09:38:18,158.5,2542294
2021-06-16 09:38:19,158.5,2542412
2021-06-16 09:38:20,158.6,2543497
2021-06-16 09:38:22,158.5,2543911
2021-06-16 09:38:21,158.6,2543771
2021-06-16 09:38:24,158.55,2552488
2021-06-16 09:38:24,158.55,2552487
2021-06-16 09:38:25,158.55,2553140
2021-06-16 09:38:26,158.55,2553144
2021-06-16 09:38:27,158.5,2553823
2021-06-16 09:38:28,158.55,2553828
2021-06-16 09:38:29,158.6,2555155
2021-06-16 09:38:30,158.55,2555858
2021-06-16 09:38:31,158.6,2555909
2021-06-16 09:38:32,158.6,2556964
2021-06-16 09:38:33,158.6,2557222
2021-06-16 09:38:34,158.5,2559947
2021-06-16 09:38:35,158.55,2560209
2021-06-16 09:38:36,158.55,2560273
2021-06-16 09:38:37,158.5,2560483
2021-06-16 09:38:38,158.5,2560485
2021-06-16 09:38:39,158.5,2560767
2021-06-16 09:38:40,158.5,2560853
2021-06-16 09:38:41,158.5,2574881
2021-06-16 09:38:42,158.55,2574885
2021-06-16 09:38:43,158.55,2575803
2021-06-16 09:38:44,158.55,2575858
2021-06-16 09:38:47,158.55,2581025
2021-06-16 09:38:47,158.5,2581679
2021-06-16 09:38:48,158.45,2581818
2021-06-16 09:38:49,158.5,2584132
2021-06-16 09:38:50,158.5,2584499
2021-06-16 09:38:51,158.55,2588300
2021-06-16 09:38:53,158.55,2590963
2021-06-16 09:38:54,158.55,2591065
2021-06-16 09:38:54,158.55,2591067
2021-06-16 09:38:56,158.55,2592280
2021-06-16 09:38:57,158.55,2592746
2021-06-16 09:38:59,158.55,2592808
2021-06-16 09:38:59,158.55,2592869
2021-06-16 09:39:00,158.45,2592875
2021-06-16 09:39:01,158.55,2592954
2021-06-16 09:39:02,158.55,2593206
2021-06-16 09:39:03,158.55,2594117
2021-06-16 09:39:04,158.5,2594417
2021-06-16 09:39:05,158.45,2594627
2021-06-16 09:39:06,158.45,2594850
2021-06-16 09:39:07,158.5,2596243
2021-06-16 09:39:08,158.6,2621594
2021-06-16 09:39:09,158.6,2621876
2021-06-16 09:39:10,158.55,2622905
2021-06-16 09:39:11,158.6,2623320
2021-06-16 09:39:12,158.55,2624039
2021-06-16 09:39:13,158.55,2624206
2021-06-16 09:39:14,158.55,2624408
2021-06-16 09:39:15,158.6,2624450
2021-06-16 09:39:16,158.75,2684114
2021-06-16 09:39:17,158.75,2685641
2021-06-16 09:39:18,158.8,2687321
2021-06-16 09:39:19,158.65,2693100
2021-06-16 09:39:20,158.65,2693152
2021-06-16 09:39:21,158.75,2693789
2021-06-16 09:39:22,158.65,2693993
2021-06-16 09:39:23,158.75,2697001
2021-06-16 09:39:24,158.75,2697211
2021-06-16 09:39:25,158.8,2698335
2021-06-16 09:39:26,158.75,2698848
2021-06-16 09:39:27,158.7,2700019
2021-06-16 09:39:28,158.75,2703246
2021-06-16 09:39:29,158.75,2703848
2021-06-16 09:39:30,158.75,2704790
2021-06-16 09:39:31,158.75,2705167
2021-06-16 09:39:32,158.65,2710403
2021-06-16 09:39:33,158.75,2711431
2021-06-16 09:39:34,158.75,2711603
2021-06-16 09:39:35,158.75,2711740
2021-06-16 09:39:36,158.75,2712843
2021-06-16 09:39:37,158.75,2713191
2021-06-16 09:39:39,158.65,2713593
2021-06-16 09:39:39,158.75,2716594
2021-06-16 09:39:40,158.75,2716840
2021-06-16 09:39:41,158.75,2717125
2021-06-16 09:39:42,158.7,2717201
2021-06-16 09:39:43,158.75,2718936
2021-06-16 09:39:44,158.75,2719238
2021-06-16 09:39:45,158.75,2727801
2021-06-16 09:39:46,158.7,2727890
2021-06-16 09:39:47,158.75,2728815
2021-06-16 09:39:48,158.7,2729172
2021-06-16 09:39:49,158.7,2729430
2021-06-16 09:39:50,158.7,2729542
2021-06-16 09:39:52,158.65,2736537
2021-06-16 09:39:52,158.7,2748554
2021-06-16 09:39:53,158.7,2752040
2021-06-16 09:39:55,158.7,2752341
2021-06-16 09:39:55,158.7,2753296
2021-06-16 09:39:57,158.7,2753308
2021-06-16 09:39:58,158.65,2753422
2021-06-16 09:39:59,158.7,2754091
2021-06-16 09:40:02,158.65,2755481
2021-06-16 09:40:02,158.7,2756192
2021-06-16 09:40:03,158.75,2756248
2021-06-16 09:40:04,158.65,2756426
2021-06-16 09:40:05,158.7,2757056
2021-06-16 09:40:06,158.7,2758638
2021-06-16 09:40:07,158.65,2760933
2021-06-16 09:40:08,158.65,2762247
2021-06-16 09:40:10,158.65,2762249
2021-06-16 09:40:10,158.65,2765771
2021-06-16 09:40:11,158.7,2766188
2021-06-16 09:40:13,158.7,2767041
2021-06-16 09:40:14,158.7,2767403
2021-06-16 09:40:15,158.6,2767767
2021-06-16 09:40:16,158.65,2768505
2021-06-16 09:40:16,158.7,2769626
2021-06-16 09:40:18,158.65,2770426
2021-06-16 09:40:19,158.7,2772746
2021-06-16 09:40:19,158.65,2772747
2021-06-16 09:40:21,158.6,2773553
2021-06-16 09:40:22,158.6,2773690
2021-06-16 09:40:23,158.6,2773853
2021-06-16 09:40:24,158.65,2774011
2021-06-16 09:40:25,158.65,2774016
2021-06-16 09:40:26,158.7,2778995
2021-06-16 09:40:26,158.65,2780145
2021-06-16 09:40:28,158.65,2782058
2021-06-16 09:40:28,158.6,2782193
2021-06-16 09:40:29,158.65,2782293
2021-06-16 09:40:31,158.7,2784070
2021-06-16 09:40:32,158.7,2785486
2021-06-16 09:40:33,158.7,2785551
2021-06-16 09:40:34,158.7,2786422
2021-06-16 09:40:35,158.7,2786894
2021-06-16 09:40:36,158.65,2786915
2021-06-16 09:40:36,158.7,2786919
2021-06-16 09:40:38,158.7,2788484
2021-06-16 09:40:39,158.7,2789186
2021-06-16 09:40:40,158.7,2790819
2021-06-16 09:40:41,158.7,2791346
2021-06-16 09:40:42,158.7,2791448
2021-06-16 09:40:43,158.7,2815259
2021-06-16 09:40:43,158.65,2815261
2021-06-16 09:40:44,158.6,2815637
2021-06-16 09:40:46,158.65,2816546
2021-06-16 09:40:47,158.65,2816971
2021-06-16 09:40:49,158.7,2818478
2021-06-16 09:40:51,158.65,2831492
2021-06-16 09:40:51,158.6,2832506
2021-06-16 09:40:52,158.6,2832657
2021-06-16 09:40:54,158.65,2834304
2021-06-16 09:40:54,158.7,2834305
2021-06-16 09:40:56,158.7,2834510
2021-06-16 09:40:57,158.7,2834535
2021-06-16 09:40:58,158.7,2834931
2021-06-16 09:40:58,158.7,2835114
2021-06-16 09:40:59,158.7,2835166
2021-06-16 09:41:00,158.65,2835169
2021-06-16 09:41:02,158.65,2835185
2021-06-16 09:41:03,158.6,2877226
2021-06-16 09:41:03,158.55,2877361
2021-06-16 09:41:04,158.6,2877572
2021-06-16 09:41:05,158.55,2877786
2021-06-16 09:41:06,158.65,2882899
2021-06-16 09:41:07,158.65,2883810
2021-06-16 09:41:08,158.6,2884221
2021-06-16 09:41:09,158.7,2884223
2021-06-16 09:41:10,158.65,2884275
2021-06-16 09:41:12,158.65,2886406
2021-06-16 09:41:13,158.65,2887656
2021-06-16 09:41:14,158.7,2888759
2021-06-16 09:41:15,158.65,2889542
2021-06-16 09:41:17,158.65,2893555
2021-06-16 09:41:18,158.6,2893658
2021-06-16 09:41:19,158.65,2894842
2021-06-16 09:41:21,158.65,2895932
2021-06-16 09:41:23,158.65,2896506
2021-06-16 09:41:24,158.65,2901553
2021-06-16 09:41:25,158.65,2902350
2021-06-16 09:41:25,158.65,2902450
2021-06-16 09:41:26,158.7,2904094
2021-06-16 09:41:27,158.7,2904479
2021-06-16 09:41:28,158.65,2904868
2021-06-16 09:41:29,158.65,2921229
2021-06-16 09:41:30,158.7,2921255
2021-06-16 09:41:32,158.65,2922212
2021-06-16 09:41:33,158.65,2923364
2021-06-16 09:41:34,158.7,2923882
2021-06-16 09:41:35,158.65,2924982
2021-06-16 09:41:36,158.6,2925064
2021-06-16 09:41:37,158.6,2928749
2021-06-16 09:41:38,158.65,2928910
2021-06-16 09:41:40,158.6,2929440
2021-06-16 09:41:41,158.6,2929648
2021-06-16 09:41:42,158.65,2930213
2021-06-16 09:41:42,158.65,2929933
2021-06-16 09:41:44,158.65,2930382
2021-06-16 09:41:45,158.65,2930524
2021-06-16 09:41:45,158.65,2930839
2021-06-16 09:41:46,158.65,2931529
2021-06-16 09:41:48,158.55,2961853
2021-06-16 09:41:49,158.45,2962762
2021-06-16 09:41:51,158.55,2963667
2021-06-16 09:41:52,158.55,2964913
2021-06-16 09:41:52,158.55,2964934
2021-06-16 09:41:54,158.5,2965365
2021-06-16 09:41:55,158.55,2965403
2021-06-16 09:41:56,158.5,2965507
2021-06-16 09:41:57,158.5,2967821
2021-06-16 09:41:58,158.55,2968323
2021-06-16 09:42:00,158.45,2969842
2021-06-16 09:42:01,158.45,2970449
2021-06-16 09:42:02,158.3,2985655
2021-06-16 09:42:03,158.35,2986426
2021-06-16 09:42:05,158.45,2990981
2021-06-16 09:42:06,158.3,2991310
2021-06-16 09:42:07,158.4,2991313
2021-06-16 09:42:08,158.35,2991932
2021-06-16 09:42:09,158.35,2991973
2021-06-16 09:42:09,158.35,2991973
2021-06-16 09:42:10,158.35,2992972
2021-06-16 09:42:11,158.35,2994391
2021-06-16 09:42:13,158.35,2994409
2021-06-16 09:42:13,158.35,2996421
2021-06-16 09:42:14,158.25,2997608
2021-06-16 09:42:15,158.35,2997650
2021-06-16 09:42:17,158.35,2997656
2021-06-16 09:42:18,158.35,2998220
2021-06-16 09:42:19,158.35,2998232
2021-06-16 09:42:20,158.35,2998637
2021-06-16 09:42:21,158.3,2999493
2021-06-16 09:42:22,158.4,3001635
2021-06-16 09:42:23,158.35,3002368
2021-06-16 09:42:24,158.3,3002968
2021-06-16 09:42:25,158.35,3003651
2021-06-16 09:42:26,158.35,3004954
2021-06-16 09:42:27,158.35,3006618
2021-06-16 09:42:28,158.35,3009948
2021-06-16 09:42:29,158.35,3009953
2021-06-16 09:42:30,158.35,3015627
2021-06-16 09:42:31,158.35,3015928
2021-06-16 09:42:32,158.4,3016502
2021-06-16 09:42:33,158.4,3016624
2021-06-16 09:42:34,158.4,3016787
2021-06-16 09:42:35,158.4,3016943
2021-06-16 09:42:36,158.35,3018871
2021-06-16 09:42:37,158.35,3031496
2021-06-16 09:42:38,158.4,3033540
2021-06-16 09:42:39,158.45,3033692
2021-06-16 09:42:41,158.4,3034404
2021-06-16 09:42:42,158.45,3034506
2021-06-16 09:42:43,158.35,3035110
2021-06-16 09:42:44,158.45,3035648
2021-06-16 09:42:45,158.45,3035909
2021-06-16 09:42:46,158.45,3039093
2021-06-16 09:42:46,158.45,3039144
2021-06-16 09:42:47,158.45,3043306
2021-06-16 09:42:48,158.5,3047327
2021-06-16 09:42:51,158.5,3049358
2021-06-16 09:42:52,158.45,3049423
2021-06-16 09:42:53,158.45,3049497
2021-06-16 09:42:53,158.45,3049498
2021-06-16 09:42:55,158.5,3051604
2021-06-16 09:42:56,158.45,3051908
2021-06-16 09:42:57,158.45,3052477
2021-06-16 09:42:58,158.45,3053049
2021-06-16 09:42:59,158.45,3053487
2021-06-16 09:43:00,158.5,3055785
2021-06-16 09:43:01,158.5,3055787
2021-06-16 09:43:02,158.5,3055789
2021-06-16 09:43:03,158.45,3056193
2021-06-16 09:43:04,158.5,3057336
2021-06-16 09:43:05,158.5,3057338
2021-06-16 09:43:06,158.5,3057362
2021-06-16 09:43:09,158.5,3057720
2021-06-16 09:43:09,158.5,3057973
2021-06-16 09:43:11,158.5,3060436
2021-06-16 09:43:12,158.5,3060876
2021-06-16 09:43:14,158.5,3062966
2021-06-16 09:43:16,158.5,3063289
2021-06-16 09:43:16,158.5,3063289
2021-06-16 09:43:17,158.5,3063302
2021-06-16 09:43:19,158.5,3063561
2021-06-16 09:43:20,158.5,3063563
2021-06-16 09:43:20,158.5,3063574
2021-06-16 09:43:21,158.5,3063893
2021-06-16 09:43:22,158.5,3064896
2021-06-16 09:43:23,158.5,3065001
2021-06-16 09:43:25,158.5,3065504
2021-06-16 09:43:25,158.5,3065505
2021-06-16 09:43:26,158.5,3065604
2021-06-16 09:43:28,158.5,3066938
2021-06-16 09:43:29,158.5,3067896
2021-06-16 09:43:30,158.45,3072865
2021-06-16 09:43:30,158.45,3072865
2021-06-16 09:43:31,158.45,3073078
2021-06-16 09:43:34,158.35,3076078
2021-06-16 09:43:35,158.45,3077001
2021-06-16 09:43:36,158.5,3087554
2021-06-16 09:43:37,158.5,3087705
2021-06-16 09:43:38,158.5,3087749
2021-06-16 09:43:38,158.5,3087750
2021-06-16 09:43:39,158.45,3087852
2021-06-16 09:43:40,158.5,3088570
2021-06-16 09:43:41,158.5,3089853
2021-06-16 09:43:43,158.5,3091602
2021-06-16 09:43:43,158.5,3092203
2021-06-16 09:43:44,158.45,3093450
2021-06-16 09:43:45,158.5,3093952
2021-06-16 09:43:46,158.4,3094123
2021-06-16 09:43:48,158.45,3094786
2021-06-16 09:43:49,158.45,3094788
2021-06-16 09:43:50,158.4,3094846
2021-06-16 09:43:51,158.3,3102467
2021-06-16 09:43:52,158.25,3102920
2021-06-16 09:43:53,158.3,3103931
2021-06-16 09:43:54,158.25,3104637
2021-06-16 09:43:55,158.3,3105255
2021-06-16 09:43:56,158.3,3105334
2021-06-16 09:43:57,158.25,3105919
2021-06-16 09:43:58,158.3,3106123
2021-06-16 09:43:59,158.3,3106226
2021-06-16 09:44:00,158.3,3106277
2021-06-16 09:44:01,158.3,3107093
2021-06-16 09:44:01,158.3,3107096
2021-06-16 09:44:02,158.3,3107397
2021-06-16 09:44:03,158.35,3107399
2021-06-16 09:44:04,158.35,3108641
2021-06-16 09:44:06,158.3,3108644
2021-06-16 09:44:06,158.3,3108697
2021-06-16 09:44:07,158.3,3108829
2021-06-16 09:44:08,158.3,3108832
2021-06-16 09:44:10,158.35,3109383
2021-06-16 09:44:11,158.35,3109685
2021-06-16 09:44:12,158.35,3109709
2021-06-16 09:44:13,158.35,3109734
2021-06-16 09:44:14,158.3,3109766
2021-06-16 09:44:15,158.35,3110284
2021-06-16 09:44:16,158.4,3111206
2021-06-16 09:44:17,158.45,3111459
2021-06-16 09:44:20,158.3,3114418
2021-06-16 09:44:21,158.4,3115531
2021-06-16 09:44:22,158.4,3115580
2021-06-16 09:44:22,158.4,3115581
2021-06-16 09:44:25,158.4,3117919
2021-06-16 09:44:26,158.4,3118322
2021-06-16 09:44:26,158.3,3118522
2021-06-16 09:44:29,158.35,3119772
2021-06-16 09:44:30,158.3,3119806
2021-06-16 09:44:31,158.35,3120011
2021-06-16 09:44:32,158.35,3120015
2021-06-16 09:44:33,158.35,3120267
2021-06-16 09:44:34,158.35,3120273
2021-06-16 09:44:35,158.3,3126603
2021-06-16 09:44:36,158.3,3150560
2021-06-16 09:44:37,158.3,3152872
2021-06-16 09:44:38,158.25,3158869
2021-06-16 09:44:38,158.25,3158869
2021-06-16 09:44:39,158.25,3158969
2021-06-16 09:44:41,158.3,3160762
2021-06-16 09:44:43,158.2,3160855
2021-06-16 09:44:44,158.3,3161071
2021-06-16 09:44:45,158.3,3169579
2021-06-16 09:44:46,158.3,3170081
2021-06-16 09:44:47,158.25,3173169
2021-06-16 09:44:48,158.25,3173272
2021-06-16 09:44:49,158.25,3173974
2021-06-16 09:44:50,158.25,3174942
2021-06-16 09:44:51,158.25,3174983
2021-06-16 09:44:52,158.25,3175904
2021-06-16 09:44:53,158.25,3176074
2021-06-16 09:44:54,158.2,3176316
2021-06-16 09:44:55,158.25,3177295
2021-06-16 09:44:56,158.2,3177488
2021-06-16 09:44:57,158.2,3177491
2021-06-16 09:44:58,158.2,3177510
2021-06-16 09:45:00,158.25,3178070
2021-06-16 09:44:59,158.25,3177511
2021-06-16 09:45:01,158.25,3178111
2021-06-16 09:45:02,158.25,3178763
2021-06-16 09:45:03,158.25,3178870
2021-06-16 09:45:04,158.3,3187556
2021-06-16 09:45:05,158.25,3189964
2021-06-16 09:45:06,158.25,3190477
2021-06-16 09:45:07,158.25,3190669
2021-06-16 09:45:08,158.15,3191313
2021-06-16 09:45:09,158.25,3193283
2021-06-16 09:45:10,158.25,3193283
2021-06-16 09:45:11,158.15,3193521
2021-06-16 09:45:13,158.15,3194451
2021-06-16 09:45:12,158.15,3193831
2021-06-16 09:45:14,158.15,3195158
2021-06-16 09:45:16,158.1,3195931
2021-06-16 09:45:17,158.05,3225607
2021-06-16 09:45:18,158.1,3233663
2021-06-16 09:45:19,158.1,3233788
2021-06-16 09:45:20,158.1,3234316
2021-06-16 09:45:21,158.1,3237316
2021-06-16 09:45:22,158.2,3237471
2021-06-16 09:45:23,158.2,3237597
2021-06-16 09:45:24,158.15,3237797
2021-06-16 09:45:25,158.2,3238638
2021-06-16 09:45:26,158.15,3238649
2021-06-16 09:45:27,158.1,3240039
2021-06-16 09:45:28,158.15,3240243
2021-06-16 09:45:29,158.25,3261598
2021-06-16 09:45:30,158.3,3261668
2021-06-16 09:45:32,158.2,3264099
2021-06-16 09:45:33,158.15,3266180
2021-06-16 09:45:34,158.2,3266477
2021-06-16 09:45:35,158.3,3267297
2021-06-16 09:45:36,158.3,3267320
2021-06-16 09:45:37,158.25,3267615
2021-06-16 09:45:38,158.3,3272154
2021-06-16 09:45:41,158.4,3325669
2021-06-16 09:45:43,158.4,3325869
2021-06-16 09:45:44,158.35,3326294
2021-06-16 09:45:45,158.4,3326395
2021-06-16 09:45:46,158.4,3326598
2021-06-16 09:45:47,158.4,3327029
2021-06-16 09:45:48,158.35,3328037
2021-06-16 09:45:49,158.35,3328037
2021-06-16 09:45:49,158.35,3328363
2021-06-16 09:45:51,158.3,3329744
2021-06-16 09:45:52,158.25,3329837
2021-06-16 09:45:53,158.35,3334798
2021-06-16 09:45:54,158.35,3335893
2021-06-16 09:45:55,158.35,3336468
2021-06-16 09:45:56,158.25,3338781
2021-06-16 09:45:57,158.25,3338781
2021-06-16 09:45:58,158.35,3338789
2021-06-16 09:45:59,158.25,3338891
2021-06-16 09:46:00,158.3,3338992
2021-06-16 09:46:00,158.3,3338992
2021-06-16 09:46:03,158.2,3364055
2021-06-16 09:46:05,158.15,3368420
2021-06-16 09:46:07,158.25,3376545
2021-06-16 09:46:08,158.15,3376620
2021-06-16 09:46:09,158.2,3377220
2021-06-16 09:46:11,158.25,3377620
2021-06-16 09:46:10,158.25,3377620
2021-06-16 09:46:12,158.25,3377626
2021-06-16 09:46:13,158.25,3377741
2021-06-16 09:46:14,158.25,3378744
2021-06-16 09:46:15,158.25,3379774
2021-06-16 09:46:16,158.25,3379825
2021-06-16 09:46:17,158.2,3379887
2021-06-16 09:46:18,158.2,3380788
2021-06-16 09:46:19,158.2,3380788
2021-06-16 09:46:20,158.3,3380800
2021-06-16 09:46:21,158.2,3381609
2021-06-16 09:46:22,158.25,3383659
2021-06-16 09:46:23,158.3,3384213
2021-06-16 09:46:24,158.25,3384343
2021-06-16 09:46:25,158.3,3384378
2021-06-16 09:46:26,158.3,3384381
2021-06-16 09:46:27,158.3,3384431
2021-06-16 09:46:28,158.25,3384471
2021-06-16 09:46:29,158.3,3384552
2021-06-16 09:46:30,158.25,3384702
2021-06-16 09:46:31,158.2,3385926
2021-06-16 09:46:32,158.3,3386213
2021-06-16 09:46:33,158.3,3386620
2021-06-16 09:46:35,158.3,3386710
2021-06-16 09:46:36,158.2,3387110
2021-06-16 09:46:37,158.3,3387256
2021-06-16 09:46:38,158.2,3387861
2021-06-16 09:46:39,158.25,3387897
2021-06-16 09:46:40,158.25,3388563
2021-06-16 09:46:41,158.25,3389538
2021-06-16 09:46:42,158.25,3389538
2021-06-16 09:46:43,158.3,3393568
2021-06-16 09:46:45,158.15,3397400
2021-06-16 09:46:47,158.25,3399457
2021-06-16 09:46:48,158.25,3399593
2021-06-16 09:46:49,158.2,3400501
2021-06-16 09:46:51,158.3,3401048
2021-06-16 09:46:52,158.3,3401448
2021-06-16 09:46:53,158.2,3402278
2021-06-16 09:46:54,158.15,3409228
2021-06-16 09:46:56,158.15,3409982
2021-06-16 09:46:57,158.05,3459650
2021-06-16 09:46:58,158.1,3459666
2021-06-16 09:46:59,158.0,3460657
2021-06-16 09:47:00,158.0,3460657
2021-06-16 09:47:01,157.9,3466569
2021-06-16 09:47:02,157.9,3466569
2021-06-16 09:47:03,158.0,3467581
2021-06-16 09:47:04,157.9,3472086
2021-06-16 09:47:05,157.95,3472887
2021-06-16 09:47:06,157.85,3474038
2021-06-16 09:47:07,157.9,3475718
2021-06-16 09:47:08,157.85,3477104
2021-06-16 09:47:10,157.8,3478984
2021-06-16 09:47:11,157.85,3479222
2021-06-16 09:47:12,157.8,3481869
2021-06-16 09:47:13,157.8,3482370
2021-06-16 09:47:14,157.85,3504491
2021-06-16 09:47:15,157.75,3509114
2021-06-16 09:47:16,157.9,3540495
2021-06-16 09:47:17,157.95,3543161
2021-06-16 09:47:19,157.95,3545316
2021-06-16 09:47:20,158.0,3545747
2021-06-16 09:47:21,158.0,3545747
2021-06-16 09:47:22,157.9,3545954
2021-06-16 09:47:23,158.0,3546054
2021-06-16 09:47:24,157.9,3546074
2021-06-16 09:47:25,158.0,3548678
2021-06-16 09:47:26,157.9,3548930
2021-06-16 09:47:28,157.9,3549933
2021-06-16 09:47:27,157.9,3549931
2021-06-16 09:47:29,157.9,3550533
2021-06-16 09:47:31,157.85,3571111
2021-06-16 09:47:32,157.95,3574371
2021-06-16 09:47:33,157.95,3574522
2021-06-16 09:47:34,157.9,3575924
2021-06-16 09:47:35,157.9,3576424
2021-06-16 09:47:36,157.85,3576744
2021-06-16 09:47:37,157.9,3578450
2021-06-16 09:47:38,157.85,3578490
2021-06-16 09:47:40,157.85,3579043
2021-06-16 09:47:41,157.85,3579043
2021-06-16 09:47:43,157.9,3579237
2021-06-16 09:47:44,157.85,3579582
2021-06-16 09:47:45,157.9,3579802
2021-06-16 09:47:46,157.9,3579917
2021-06-16 09:47:47,157.8,3581270
2021-06-16 09:47:48,157.9,3582594
2021-06-16 09:47:49,157.9,3582595
2021-06-16 09:47:50,157.8,3582851
2021-06-16 09:47:51,157.9,3582935
2021-06-16 09:47:52,157.9,3583459
2021-06-16 09:47:53,157.8,3583490
2021-06-16 09:47:54,157.8,3583525
2021-06-16 09:47:55,157.8,3594610
2021-06-16 09:47:56,157.85,3594862
2021-06-16 09:47:57,157.75,3594939
2021-06-16 09:47:58,157.85,3594989
2021-06-16 09:47:59,157.8,3595002
2021-06-16 09:48:00,157.85,3600116
2021-06-16 09:48:01,157.85,3600116
2021-06-16 09:48:02,157.9,3600118
2021-06-16 09:48:03,157.85,3601028
2021-06-16 09:48:04,157.8,3602248
2021-06-16 09:48:05,157.85,3602399
2021-06-16 09:48:06,157.9,3602436
2021-06-16 09:48:07,157.85,3602493
2021-06-16 09:48:08,157.85,3602668
2021-06-16 09:48:09,157.9,3617737
2021-06-16 09:48:10,157.85,3617991
2021-06-16 09:48:11,157.8,3619884
2021-06-16 09:48:12,157.85,3620215
2021-06-16 09:48:13,157.85,3620439
2021-06-16 09:48:16,157.85,3621049
2021-06-16 09:48:16,157.85,3621057
2021-06-16 09:48:18,157.8,3621780
2021-06-16 09:48:19,157.85,3621878
2021-06-16 09:48:20,157.8,3622013
2021-06-16 09:48:21,157.85,3623672
2021-06-16 09:48:22,157.75,3633673
2021-06-16 09:48:23,157.8,3633675
2021-06-16 09:48:24,157.8,3634675
2021-06-16 09:48:25,157.8,3634991
2021-06-16 09:48:26,157.8,3634998
2021-06-16 09:48:29,157.8,3635886
2021-06-16 09:48:30,157.8,3635886
2021-06-16 09:48:30,157.8,3635886
2021-06-16 09:48:31,157.75,3636387
2021-06-16 09:48:33,157.75,3638477
2021-06-16 09:48:32,157.75,3636387
2021-06-16 09:48:34,157.75,3638662
2021-06-16 09:48:35,157.75,3638725
2021-06-16 09:48:36,157.8,3638830
2021-06-16 09:48:37,157.75,3639181
2021-06-16 09:48:39,157.8,3640531
2021-06-16 09:48:40,157.8,3640531
2021-06-16 09:48:41,157.7,3659520
2021-06-16 09:48:41,157.7,3659520
2021-06-16 09:48:42,157.75,3664181
2021-06-16 09:48:43,157.7,3664241
2021-06-16 09:48:44,157.75,3664515
2021-06-16 09:48:45,157.75,3664525
2021-06-16 09:48:46,157.75,3668456
2021-06-16 09:48:47,157.75,3668466
2021-06-16 09:48:48,157.75,3668466
2021-06-16 09:48:49,157.7,3668906
2021-06-16 09:48:50,157.7,3670443
2021-06-16 09:48:51,157.75,3670589
2021-06-16 09:48:52,157.75,3670589
2021-06-16 09:48:53,157.8,3680624
2021-06-16 09:48:54,157.8,3681075
2021-06-16 09:48:55,157.8,3683441
2021-06-16 09:48:56,157.8,3683837
2021-06-16 09:48:57,157.8,3683974
2021-06-16 09:48:58,157.8,3684756
2021-06-16 09:48:59,157.8,3684756
2021-06-16 09:49:01,157.8,3686036
2021-06-16 09:49:00,157.85,3685896
2021-06-16 09:49:02,157.9,3690111
2021-06-16 09:49:03,157.9,3691111
2021-06-16 09:49:04,157.9,3691111
2021-06-16 09:49:06,157.8,3691983
2021-06-16 09:49:08,157.8,3691983
2021-06-16 09:49:08,157.8,3691983
2021-06-16 09:49:09,157.8,3692048
2021-06-16 09:49:10,157.8,3692348
2021-06-16 09:49:11,157.8,3692648
2021-06-16 09:49:12,157.85,3693748
2021-06-16 09:49:13,157.7,3694148
2021-06-16 09:49:14,157.85,3694151
2021-06-16 09:49:15,157.85,3694151
2021-06-16 09:49:16,157.75,3695151
2021-06-16 09:49:18,157.75,3695651
2021-06-16 09:49:19,157.75,3695751
2021-06-16 09:49:20,157.75,3695751
2021-06-16 09:49:21,157.75,3695861
2021-06-16 09:49:23,157.75,3696310
2021-06-16 09:49:24,157.75,3696510
2021-06-16 09:49:25,157.7,3697361
2021-06-16 09:49:26,157.7,3698761
2021-06-16 09:49:27,157.75,3699261
2021-06-16 09:49:28,157.75,3699347
2021-06-16 09:49:29,157.7,3699552
2021-06-16 09:49:30,157.75,3699863
2021-06-16 09:49:31,157.8,3702843
2021-06-16 09:49:33,157.8,3703360
2021-06-16 09:49:33,157.8,3703360
2021-06-16 09:49:35,157.75,3703670
2021-06-16 09:49:36,157.8,3703758
2021-06-16 09:49:37,157.75,3704108
2021-06-16 09:49:38,157.75,3704228
2021-06-16 09:49:39,157.75,3705278
2021-06-16 09:49:41,157.8,3706308
2021-06-16 09:49:41,157.8,3706308
2021-06-16 09:49:42,157.8,3706315
2021-06-16 09:49:43,157.75,3708588
2021-06-16 09:49:44,157.8,3708597
2021-06-16 09:49:47,157.7,3709386
2021-06-16 09:49:48,157.8,3710207
2021-06-16 09:49:49,157.8,3710207
2021-06-16 09:49:51,157.8,3710882
2021-06-16 09:49:52,157.8,3712600
2021-06-16 09:49:52,157.7,3712780
2021-06-16 09:49:53,157.6,3715560
2021-06-16 09:49:54,157.65,3718651
2021-06-16 09:49:56,157.6,3720773
2021-06-16 09:49:56,157.6,3720828
2021-06-16 09:49:57,157.7,3720833
2021-06-16 09:49:58,157.6,3720934
2021-06-16 09:49:59,157.6,3721579
2021-06-16 09:50:01,157.6,3722582
2021-06-16 09:50:01,157.6,3722582
2021-06-16 09:50:02,157.6,3723584
2021-06-16 09:50:03,157.6,3723608
2021-06-16 09:50:04,157.6,3723924
2021-06-16 09:50:05,157.7,3723989
2021-06-16 09:50:06,157.65,3724144
2021-06-16 09:50:07,157.65,3724144
2021-06-16 09:50:08,157.7,3724170
2021-06-16 09:50:09,157.6,3724220
2021-06-16 09:50:10,157.6,3724320
2021-06-16 09:50:11,157.7,3725228
2021-06-16 09:50:12,157.65,3725263
2021-06-16 09:50:13,157.65,3725265
2021-06-16 09:50:15,157.7,3726145
2021-06-16 09:50:16,157.7,3726695
2021-06-16 09:50:17,157.7,3726695
2021-06-16 09:50:18,157.65,3726826
2021-06-16 09:50:19,157.75,3735624
2021-06-16 09:50:20,157.8,3735868
2021-06-16 09:50:21,157.7,3736095
2021-06-16 09:50:22,157.75,3736099
2021-06-16 09:50:23,157.65,3736328
2021-06-16 09:50:24,157.65,3736328
2021-06-16 09:50:24,157.75,3740328
2021-06-16 09:50:25,157.7,3740423
2021-06-16 09:50:26,157.7,3740448
2021-06-16 09:50:27,157.7,3740458
2021-06-16 09:50:29,157.7,3740758
2021-06-16 09:50:29,157.75,3740909
2021-06-16 09:50:32,157.75,3742750
2021-06-16 09:50:32,157.75,3743780
2021-06-16 09:50:34,157.75,3744220
2021-06-16 09:50:34,157.75,3744220
2021-06-16 09:50:36,157.7,3747784
2021-06-16 09:50:37,157.7,3749622
2021-06-16 09:50:38,157.7,3750030
2021-06-16 09:50:39,157.7,3750030
2021-06-16 09:50:40,157.7,3750456
2021-06-16 09:50:41,157.7,3750456
2021-06-16 09:50:42,157.7,3750506
2021-06-16 09:50:43,157.7,3751769
2021-06-16 09:50:44,157.7,3751829
2021-06-16 09:50:45,157.75,3751830
2021-06-16 09:50:46,157.65,3752040
2021-06-16 09:50:47,157.8,3752747
2021-06-16 09:50:48,157.8,3754381
2021-06-16 09:50:48,157.8,3754381
2021-06-16 09:50:49,157.8,3754521
2021-06-16 09:50:50,157.7,3754828
2021-06-16 09:50:52,157.8,3755164
2021-06-16 09:50:53,157.8,3759738
2021-06-16 09:50:54,157.8,3759798
2021-06-16 09:50:56,157.8,3759798
2021-06-16 09:50:57,157.8,3759838
2021-06-16 09:50:59,157.85,3759943
2021-06-16 09:51:01,157.85,3761082
2021-06-16 09:51:02,157.8,3771232
2021-06-16 09:51:02,157.8,3771232
2021-06-16 09:51:04,157.8,3771802
2021-06-16 09:51:05,157.8,3772397
2021-06-16 09:51:06,157.8,3772397
2021-06-16 09:51:07,157.8,3772397
2021-06-16 09:51:08,157.8,3772697
2021-06-16 09:51:10,157.8,3773231
2021-06-16 09:51:11,157.8,3773231
2021-06-16 09:51:11,157.8,3773231
2021-06-16 09:51:12,157.85,3773430
2021-06-16 09:51:13,157.8,3773445
2021-06-16 09:51:15,157.8,3773683
2021-06-16 09:51:14,157.8,3773546
2021-06-16 09:51:16,157.85,3773686
2021-06-16 09:51:17,157.85,3773715
2021-06-16 09:51:18,157.85,3773835
2021-06-16 09:51:19,157.8,3774036
2021-06-16 09:51:21,157.85,3774141
2021-06-16 09:51:22,157.85,3774271
2021-06-16 09:51:23,157.85,3774271
2021-06-16 09:51:23,157.85,3774621
2021-06-16 09:51:25,157.85,3775236
2021-06-16 09:51:24,157.85,3774631
2021-06-16 09:51:26,157.85,3775361
2021-06-16 09:51:27,157.85,3775622
2021-06-16 09:51:28,157.8,3775932
2021-06-16 09:51:29,157.8,3775932
2021-06-16 09:51:30,157.85,3777833
2021-06-16 09:51:31,157.85,3777833
2021-06-16 09:51:33,157.8,3777934
2021-06-16 09:51:33,157.8,3777834
2021-06-16 09:51:35,157.85,3778434
2021-06-16 09:51:36,157.85,3778962
2021-06-16 09:51:36,157.8,3778784
2021-06-16 09:51:37,157.85,3779600
2021-06-16 09:51:39,157.85,3780293
2021-06-16 09:51:40,157.85,3781278
2021-06-16 09:51:41,157.8,3781378
2021-06-16 09:51:42,157.8,3781498
2021-06-16 09:51:43,157.8,3785402
2021-06-16 09:51:43,157.85,3785427
2021-06-16 09:51:44,157.85,3785677
2021-06-16 09:51:46,157.8,3785707
2021-06-16 09:51:47,157.85,3785742
2021-06-16 09:51:48,157.8,3785750
2021-06-16 09:51:48,157.8,3785750
2021-06-16 09:51:49,157.8,3786500
2021-06-16 09:51:50,157.85,3787660
2021-06-16 09:51:51,157.85,3787765
2021-06-16 09:51:53,157.85,3788326
2021-06-16 09:51:53,157.85,3788327
2021-06-16 09:51:54,157.85,3788328
2021-06-16 09:51:56,157.85,3788590
2021-06-16 09:51:57,157.85,3788590
2021-06-16 09:51:58,157.85,3788741
2021-06-16 09:51:59,157.85,3788941
2021-06-16 09:52:00,157.85,3791120
2021-06-16 09:52:00,157.85,3791194
2021-06-16 09:52:01,157.85,3792194
2021-06-16 09:52:02,157.8,3792259
2021-06-16 09:52:04,157.85,3792305
2021-06-16 09:52:04,157.85,3792295
2021-06-16 09:52:06,157.75,3793665
2021-06-16 09:52:07,157.85,3793729
2021-06-16 09:52:08,157.75,3793804
2021-06-16 09:52:10,157.7,3797643
2021-06-16 09:52:11,157.8,3797783
2021-06-16 09:52:12,157.8,3802383
2021-06-16 09:52:12,157.8,3802383
2021-06-16 09:52:14,157.85,3802892
2021-06-16 09:52:15,157.85,3802892
2021-06-16 09:52:17,157.75,3802959
2021-06-16 09:52:18,157.85,3803019
2021-06-16 09:52:21,157.85,3804034
2021-06-16 09:52:22,157.8,3804442
2021-06-16 09:52:22,157.8,3804442
2021-06-16 09:52:24,157.85,3804712
2021-06-16 09:52:25,157.85,3804812
2021-06-16 09:52:26,157.85,3804902
2021-06-16 09:52:26,157.85,3804902
2021-06-16 09:52:27,157.85,3804927
2021-06-16 09:52:28,157.9,3807694
2021-06-16 09:52:29,157.9,3807694
2021-06-16 09:52:30,157.9,3807694
2021-06-16 09:52:31,157.85,3808351
2021-06-16 09:52:33,157.85,3808351
2021-06-16 09:52:34,157.9,3808811
2021-06-16 09:52:34,157.8,3808914
2021-06-16 09:52:36,157.9,3812614
2021-06-16 09:52:36,157.9,3809114
2021-06-16 09:52:37,157.9,3812629
2021-06-16 09:52:38,157.9,3813189
2021-06-16 09:52:40,157.9,3813468
2021-06-16 09:52:41,157.9,3813468
2021-06-16 09:52:42,157.9,3813468
2021-06-16 09:52:43,157.9,3815268
2021-06-16 09:52:44,157.8,3816047
2021-06-16 09:52:45,157.8,3816048
2021-06-16 09:52:46,157.75,3816949
2021-06-16 09:52:47,157.85,3816971
2021-06-16 09:52:48,157.8,3816994
2021-06-16 09:52:49,157.8,3816994
2021-06-16 09:52:50,157.8,3817019
2021-06-16 09:52:52,157.8,3821490
2021-06-16 09:52:53,157.8,3821626
2021-06-16 09:52:54,157.8,3821626
2021-06-16 09:52:55,157.8,3821717
2021-06-16 09:52:56,157.8,3821727
2021-06-16 09:52:57,157.75,3821757
2021-06-16 09:52:58,157.75,3821945
2021-06-16 09:52:58,157.75,3821945
2021-06-16 09:53:00,157.75,3823730
2021-06-16 09:53:00,157.8,3823727
2021-06-16 09:53:01,157.75,3823789
2021-06-16 09:53:02,157.75,3824565
2021-06-16 09:53:03,157.75,3824715
2021-06-16 09:53:04,157.75,3826415
2021-06-16 09:53:06,157.8,3829384
2021-06-16 09:53:07,157.8,3829564
2021-06-16 09:53:07,157.8,3829564
2021-06-16 09:53:08,157.8,3829564
2021-06-16 09:53:09,157.8,3829564
2021-06-16 09:53:10,157.8,3830344
2021-06-16 09:53:11,157.8,3830370
2021-06-16 09:53:12,157.8,3830572
2021-06-16 09:53:13,157.8,3831922
2021-06-16 09:53:14,157.7,3833295
2021-06-16 09:53:15,157.7,3833295
2021-06-16 09:53:16,157.8,3833296
2021-06-16 09:53:18,157.8,3839033
2021-06-16 09:53:18,157.8,3839033
2021-06-16 09:53:20,157.8,3839037
2021-06-16 09:53:21,157.75,3839057
2021-06-16 09:53:22,157.8,3839201
2021-06-16 09:53:23,157.8,3839502
2021-06-16 09:53:24,157.75,3839504
2021-06-16 09:53:25,157.75,3839504
2021-06-16 09:53:26,157.7,3840604
2021-06-16 09:53:27,157.75,3841204
2021-06-16 09:53:28,157.75,3841479
2021-06-16 09:53:29,157.7,3841512
2021-06-16 09:53:30,157.7,3841512
2021-06-16 09:53:32,157.75,3841801
2021-06-16 09:53:32,157.7,3841800
2021-06-16 09:53:33,157.8,3842158
2021-06-16 09:53:34,157.8,3842158
2021-06-16 09:53:35,157.75,3842766
2021-06-16 09:53:36,157.8,3843267
2021-06-16 09:53:37,157.8,3843267
2021-06-16 09:53:38,157.8,3843268
2021-06-16 09:53:40,157.8,3843268
2021-06-16 09:53:40,157.8,3843268
2021-06-16 09:53:41,157.8,3843288
2021-06-16 09:53:42,157.8,3843338
2021-06-16 09:53:43,157.75,3843367
2021-06-16 09:53:45,157.8,3844236
2021-06-16 09:53:46,157.8,3844236
2021-06-16 09:53:47,157.8,3844587
2021-06-16 09:53:48,157.85,3844588
2021-06-16 09:53:49,157.85,3844588
2021-06-16 09:53:50,157.85,3844588
2021-06-16 09:53:51,157.85,3844588
2021-06-16 09:53:52,157.85,3844588
2021-06-16 09:53:52,157.85,3844598
2021-06-16 09:53:53,157.8,3846700
2021-06-16 09:53:54,157.8,3848821
2021-06-16 09:53:56,157.8,3848822
2021-06-16 09:53:57,157.8,3849067
2021-06-16 09:53:58,157.8,3849067
2021-06-16 09:53:59,157.8,3849325
2021-06-16 09:54:00,157.85,3849327
2021-06-16 09:54:01,157.8,3849347
2021-06-16 09:54:05,157.8,3849733
2021-06-16 09:54:06,157.85,3849734
2021-06-16 09:54:09,157.9,3852428
2021-06-16 09:54:13,157.9,3852475
2021-06-16 09:54:17,157.95,3861187
2021-06-16 09:54:20,157.95,3863373
2021-06-16 09:54:24,158.0,3884944
2021-06-16 09:54:32,158.0,3886984
2021-06-16 09:54:36,158.0,3888356
2021-06-16 09:54:40,157.95,3897965
2021-06-16 09:54:43,157.95,3899186
2021-06-16 09:54:47,157.9,3899588
2021-06-16 09:54:51,158.0,3904390
2021-06-16 09:54:54,157.95,3904490
2021-06-16 09:54:58,157.95,3908746
2021-06-16 09:55:02,158.0,3909191
2021-06-16 09:55:06,158.0,3911218
2021-06-16 09:55:10,158.1,3937844
2021-06-16 09:55:17,158.0,3940548
2021-06-16 09:55:21,158.0,3942688
2021-06-16 09:55:25,158.05,3942831
2021-06-16 09:55:29,158.0,3945175
2021-06-16 09:55:32,158.05,3946651
2021-06-16 09:55:36,158.1,3947504
2021-06-16 09:55:39,158.05,3949172
2021-06-16 09:55:43,158.05,3952964
2021-06-16 09:55:47,158.05,3954193
2021-06-16 09:55:51,158.0,3955903
2021-06-16 09:55:55,158.05,3956335
2021-06-16 09:55:58,158.05,3962648
2021-06-16 09:56:02,158.0,3964137
2021-06-16 09:56:06,158.0,3964240
2021-06-16 09:56:10,158.05,3967236
2021-06-16 09:56:14,158.1,3968886
2021-06-16 09:56:17,158.05,3969813
2021-06-16 09:56:21,158.2,3972644
2021-06-16 09:56:25,158.1,3973510
2021-06-16 09:56:29,158.1,3974798
2021-06-16 09:56:32,158.1,3975127
2021-06-16 09:56:36,158.1,3975700
2021-06-16 09:56:39,158.15,3978316
2021-06-16 09:56:43,158.15,3984681
2021-06-16 09:56:47,158.1,3986782
2021-06-16 09:56:51,158.15,3989215
2021-06-16 09:56:54,158.3,3994876
2021-06-16 09:56:59,158.3,3998312
2021-06-16 09:57:03,158.3,4004336
2021-06-16 09:57:07,158.3,4008854
2021-06-16 09:57:11,158.25,4015655
2021-06-16 09:57:18,158.25,4018813
2021-06-16 09:57:22,158.35,4020024
2021-06-16 09:57:26,158.35,4020349
2021-06-16 09:57:30,158.2,4022239
2021-06-16 09:57:40,158.3,4024547
2021-06-16 09:57:47,158.2,4027350
2021-06-16 09:57:51,158.2,4033727
2021-06-16 09:57:55,158.3,4041995
2021-06-16 09:57:58,158.35,4063668
2021-06-16 09:58:02,158.35,4064445
2021-06-16 09:58:06,158.35,4066796
2021-06-16 09:58:09,158.35,4068401
2021-06-16 09:58:13,158.3,4069210
2021-06-16 09:58:17,158.3,4072153
2021-06-16 09:58:21,158.35,4072454
2021-06-16 09:58:28,158.25,4073934
2021-06-16 09:58:32,158.25,4078037
2021-06-16 09:58:35,158.3,4078580
2021-06-16 09:58:39,158.3,4078877
2021-06-16 09:58:43,158.3,4079664
2021-06-16 09:58:47,158.25,4079982
2021-06-16 09:58:50,158.2,4081607
2021-06-16 09:58:54,158.25,4083461
2021-06-16 09:58:58,158.3,4084126
2021-06-16 09:59:01,158.3,4084502
2021-06-16 09:59:05,158.3,4088107
2021-06-16 09:59:06,158.3,4088607
2021-06-16 09:59:07,158.3,4088717
2021-06-16 09:59:08,158.3,4088717
2021-06-16 09:59:09,158.3,4088941
2021-06-16 09:59:10,158.25,4088980
2021-06-16 09:59:11,158.3,4088982
2021-06-16 09:59:12,158.3,4090131
2021-06-16 09:59:14,158.15,4111898
2021-06-16 09:59:15,158.25,4111910
2021-06-16 09:59:16,158.25,4111915
2021-06-16 09:59:17,158.25,4111918
2021-06-16 09:59:18,158.2,4111988
2021-06-16 09:59:19,158.15,4112188
2021-06-16 09:59:20,158.2,4112688
2021-06-16 09:59:21,158.2,4113688
2021-06-16 09:59:22,158.2,4113688
2021-06-16 09:59:23,158.15,4113908
2021-06-16 09:59:24,158.15,4114609
2021-06-16 09:59:25,158.2,4114629
2021-06-16 09:59:26,158.2,4115480
2021-06-16 09:59:27,158.2,4115496
2021-06-16 09:59:28,158.2,4115507
2021-06-16 09:59:29,158.2,4115674
2021-06-16 09:59:31,158.15,4115822
2021-06-16 09:59:33,158.15,4115844
2021-06-16 09:59:35,158.2,4116209
2021-06-16 09:59:37,158.2,4116730
2021-06-16 09:59:38,158.1,4116798
2021-06-16 09:59:39,158.2,4116829
2021-06-16 09:59:40,158.2,4116879
2021-06-16 09:59:41,158.15,4117381
2021-06-16 09:59:42,158.1,4118354
2021-06-16 09:59:43,158.1,4119294
2021-06-16 09:59:44,158.15,4119354
2021-06-16 09:59:45,158.15,4119354
2021-06-16 09:59:46,158.1,4120605
2021-06-16 09:59:47,158.15,4120606
2021-06-16 09:59:48,158.05,4123670
2021-06-16 09:59:49,158.1,4124671
2021-06-16 09:59:50,158.1,4124671
2021-06-16 09:59:51,158.1,4125671
2021-06-16 09:59:53,158.05,4125677
2021-06-16 09:59:54,158.05,4125707
2021-06-16 09:59:55,158.05,4125807
2021-06-16 09:59:56,158.0,4126527
2021-06-16 09:59:57,158.0,4126527
2021-06-16 09:59:58,158.0,4126567
2021-06-16 09:59:59,158.1,4127113
2021-06-16 10:00:00,158.0,4127223
2021-06-16 10:00:01,158.0,4127248
2021-06-16 10:00:02,158.05,4127299
2021-06-16 10:00:03,158.0,4128299
2021-06-16 10:00:04,158.0,4128319
2021-06-16 10:00:05,158.0,4128319
2021-06-16 10:00:06,158.05,4128341
2021-06-16 10:00:07,157.95,4158622
2021-06-16 10:00:08,158.0,4158822
2021-06-16 10:00:09,158.05,4158910
2021-06-16 10:00:10,158.0,4159040
2021-06-16 10:00:11,158.0,4159140
2021-06-16 10:00:12,158.0,4159140
2021-06-16 10:00:13,158.05,4159307
2021-06-16 10:00:15,158.0,4159472
2021-06-16 10:00:16,158.05,4160037
2021-06-16 10:00:17,158.0,4160057
2021-06-16 10:00:19,158.0,4160357
2021-06-16 10:00:20,158.0,4160357
2021-06-16 10:00:21,158.05,4162707
2021-06-16 10:00:22,158.05,4163057
2021-06-16 10:00:23,157.95,4164457
2021-06-16 10:00:24,158.0,4164511
2021-06-16 10:00:25,158.05,4164637
2021-06-16 10:00:26,158.0,4164681
2021-06-16 10:00:28,158.0,4164681
2021-06-16 10:00:29,158.0,4165771
2021-06-16 10:00:30,158.0,4165811
2021-06-16 10:00:32,158.0,4166115
2021-06-16 10:00:32,158.0,4166165
2021-06-16 10:00:33,158.0,4166270
2021-06-16 10:00:35,158.0,4167502
2021-06-16 10:00:36,158.05,4169257
2021-06-16 10:00:36,158.0,4169757
2021-06-16 10:00:38,158.0,4169777
2021-06-16 10:00:38,158.05,4169787
2021-06-16 10:00:39,158.05,4177293
2021-06-16 10:00:40,158.0,4177547
2021-06-16 10:00:41,158.0,4177648
2021-06-16 10:00:42,158.0,4179021
2021-06-16 10:00:43,158.05,4179047
2021-06-16 10:00:45,158.0,4180048
2021-06-16 10:00:46,158.0,4180218
2021-06-16 10:00:47,158.05,4180368
2021-06-16 10:00:48,158.05,4180369
2021-06-16 10:00:49,158.0,4180372
2021-06-16 10:00:50,158.0,4180372
2021-06-16 10:00:51,158.0,4180372
2021-06-16 10:00:54,158.05,4180631
2021-06-16 10:00:55,158.0,4180656
2021-06-16 10:00:55,158.0,4180656
2021-06-16 10:00:56,158.05,4180657
2021-06-16 10:00:57,158.0,4180957
2021-06-16 10:00:58,158.05,4181243
2021-06-16 10:00:59,158.05,4181243
2021-06-16 10:01:00,158.05,4184243
2021-06-16 10:01:01,158.0,4184244
2021-06-16 10:01:02,158.0,4184244
2021-06-16 10:01:03,158.05,4184295
2021-06-16 10:01:04,158.05,4184325
2021-06-16 10:01:05,158.05,4184325
2021-06-16 10:01:06,158.05,4184455
2021-06-16 10:01:07,158.05,4184485
2021-06-16 10:01:08,158.05,4184488
2021-06-16 10:01:09,158.05,4184488
2021-06-16 10:01:10,158.05,4184505
2021-06-16 10:01:12,158.1,4189505
2021-06-16 10:01:13,158.1,4189635
2021-06-16 10:01:14,158.0,4190342
2021-06-16 10:01:15,158.0,4190412
2021-06-16 10:01:15,158.05,4190531
2021-06-16 10:01:16,158.0,4190566
2021-06-16 10:01:17,158.1,4190666
2021-06-16 10:01:19,158.1,4190676
2021-06-16 10:01:21,158.05,4190837
2021-06-16 10:01:22,158.1,4190844
2021-06-16 10:01:23,158.1,4190844
2021-06-16 10:01:24,158.1,4191844
2021-06-16 10:01:24,158.1,4191844
2021-06-16 10:01:26,158.1,4195394
2021-06-16 10:01:28,158.15,4196441
2021-06-16 10:01:29,158.15,4196441
2021-06-16 10:01:32,158.15,4196441
2021-06-16 10:01:33,158.15,4196441
2021-06-16 10:01:34,158.15,4196441
2021-06-16 10:01:35,158.15,4196621
2021-06-16 10:01:36,158.15,4196672
2021-06-16 10:01:37,158.15,4197505
2021-06-16 10:01:37,158.1,4197506
2021-06-16 10:01:38,158.1,4197506
2021-06-16 10:01:39,158.15,4199105
2021-06-16 10:01:41,158.15,4199205
2021-06-16 10:01:42,158.15,4199365
2021-06-16 10:01:43,158.05,4199415
2021-06-16 10:01:44,158.05,4200265
2021-06-16 10:01:45,158.15,4200266
2021-06-16 10:01:46,158.1,4200546
2021-06-16 10:01:46,158.1,4200558
2021-06-16 10:01:47,158.1,4200858
2021-06-16 10:01:48,158.1,4200858
2021-06-16 10:01:49,158.15,4201620
2021-06-16 10:01:50,158.1,4201720
2021-06-16 10:01:51,158.1,4204370
2021-06-16 10:01:52,158.05,4217437
2021-06-16 10:01:53,158.05,4217787
2021-06-16 10:01:54,158.0,4217863
2021-06-16 10:01:55,158.0,4217863
2021-06-16 10:01:56,158.0,4217923
2021-06-16 10:01:57,158.05,4217933
2021-06-16 10:01:59,158.0,4218371
2021-06-16 10:02:01,158.0,4223276
2021-06-16 10:02:01,158.0,4223326
2021-06-16 10:02:03,157.9,4226263
2021-06-16 10:02:04,157.95,4226618
2021-06-16 10:02:04,157.95,4226618
2021-06-16 10:02:06,157.95,4226678
2021-06-16 10:02:07,157.95,4226680
2021-06-16 10:02:07,158.0,4226960
2021-06-16 10:02:08,158.0,4226960
2021-06-16 10:02:10,157.9,4227760
2021-06-16 10:02:11,157.9,4227760
2021-06-16 10:02:13,157.9,4227987
2021-06-16 10:02:14,157.95,4227992
2021-06-16 10:02:15,157.95,4228007
2021-06-16 10:02:16,157.9,4228034
2021-06-16 10:02:17,157.95,4228278
2021-06-16 10:02:18,157.95,4228348
2021-06-16 10:02:19,157.9,4228374
2021-06-16 10:02:20,157.9,4228383
2021-06-16 10:02:21,157.9,4229683
2021-06-16 10:02:22,157.95,4229983
2021-06-16 10:02:23,157.95,4229993
2021-06-16 10:02:24,157.9,4230123
2021-06-16 10:02:25,157.9,4231801
2021-06-16 10:02:26,158.0,4233309
2021-06-16 10:02:27,157.85,4233829
2021-06-16 10:02:28,157.9,4233887
2021-06-16 10:02:30,157.95,4234394
2021-06-16 10:02:31,157.95,4234494
2021-06-16 10:02:32,157.95,4234544
2021-06-16 10:02:33,157.95,4235114
2021-06-16 10:02:33,157.85,4235116
2021-06-16 10:02:34,157.85,4235116
2021-06-16 10:02:35,157.95,4235367
2021-06-16 10:02:36,157.95,4235367
2021-06-16 10:02:37,157.95,4235596
2021-06-16 10:02:38,157.9,4235801
2021-06-16 10:02:39,157.9,4235801
2021-06-16 10:02:40,157.9,4235801
2021-06-16 10:02:41,157.95,4235862
2021-06-16 10:02:42,157.95,4236055
2021-06-16 10:02:43,157.95,4236057
2021-06-16 10:02:44,157.9,4236058
2021-06-16 10:02:45,157.9,4236058
2021-06-16 10:02:46,157.85,4236088
2021-06-16 10:02:47,157.85,4236188
2021-06-16 10:02:48,157.9,4236190
2021-06-16 10:02:49,157.9,4236255
2021-06-16 10:02:51,157.9,4236669
2021-06-16 10:02:51,157.85,4237042
2021-06-16 10:02:52,157.85,4237042
2021-06-16 10:02:53,157.85,4237242
2021-06-16 10:02:55,157.95,4255290
2021-06-16 10:02:56,157.95,4255295
2021-06-16 10:02:58,158.0,4256269
2021-06-16 10:02:59,157.9,4256760
2021-06-16 10:02:59,157.9,4256760
2021-06-16 10:03:00,157.9,4260810
2021-06-16 10:03:01,157.9,4261010
2021-06-16 10:03:02,157.9,4261535
2021-06-16 10:03:03,157.9,4262538
2021-06-16 10:03:05,157.9,4262797
2021-06-16 10:03:06,157.95,4262923
2021-06-16 10:03:07,158.0,4265154
2021-06-16 10:03:07,158.0,4265236
2021-06-16 10:03:09,158.0,4265236
2021-06-16 10:03:10,157.9,4265241
2021-06-16 10:03:10,157.9,4265241
2021-06-16 10:03:12,157.9,4265241
2021-06-16 10:03:13,157.9,4265241
2021-06-16 10:03:14,157.9,4265241
2021-06-16 10:03:14,158.0,4265741
2021-06-16 10:03:15,157.95,4266341
2021-06-16 10:03:16,157.95,4266341
2021-06-16 10:03:17,158.0,4267656
2021-06-16 10:03:18,157.95,4267667
2021-06-16 10:03:19,157.9,4267767
2021-06-16 10:03:21,157.9,4267767
2021-06-16 10:03:22,157.9,4269417
2021-06-16 10:03:23,157.9,4269796
2021-06-16 10:03:23,158.0,4270096
2021-06-16 10:03:25,158.0,4270197
2021-06-16 10:03:26,157.9,4270247
2021-06-16 10:03:27,157.9,4270446
2021-06-16 10:03:28,158.0,4270496
2021-06-16 10:03:29,158.0,4270697
2021-06-16 10:03:29,157.9,4270877
2021-06-16 10:03:30,158.0,4270907
2021-06-16 10:03:31,158.0,4270937
2021-06-16 10:03:32,158.0,4271038
2021-06-16 10:03:33,158.0,4271138
2021-06-16 10:03:35,158.0,4271228
2021-06-16 10:03:37,158.0,4271231
2021-06-16 10:03:38,158.0,4271269
2021-06-16 10:03:39,158.0,4271369
2021-06-16 10:03:40,158.0,4271369
2021-06-16 10:03:40,158.0,4271369
2021-06-16 10:03:42,158.0,4271379
2021-06-16 10:03:42,158.0,4271379
2021-06-16 10:03:43,157.95,4271429
2021-06-16 10:03:45,157.95,4271434
2021-06-16 10:03:45,157.9,4271494
2021-06-16 10:03:46,157.9,4271691
2021-06-16 10:03:47,157.9,4271701
2021-06-16 10:03:48,157.9,4271701
2021-06-16 10:03:49,157.9,4271755
2021-06-16 10:03:51,157.9,4271755
2021-06-16 10:03:52,157.9,4271755
2021-06-16 10:03:53,157.95,4271839
2021-06-16 10:03:54,157.95,4271839
2021-06-16 10:03:55,157.95,4271856
2021-06-16 10:03:56,157.9,4271857
2021-06-16 10:03:57,157.9,4271962
2021-06-16 10:03:58,157.95,4271972
2021-06-16 10:03:59,157.95,4273002
2021-06-16 10:04:00,157.9,4273012
2021-06-16 10:04:01,157.95,4273117
2021-06-16 10:04:02,157.95,4274371
2021-06-16 10:04:03,157.95,4274371
2021-06-16 10:04:04,157.95,4274371
2021-06-16 10:04:05,157.95,4274427
2021-06-16 10:04:07,157.9,4277722
2021-06-16 10:04:10,157.95,4278298
2021-06-16 10:04:14,157.95,4279519
2021-06-16 10:04:17,157.95,4280226
2021-06-16 10:04:21,157.9,4280481
2021-06-16 10:04:24,158.0,4284298
2021-06-16 10:04:28,157.9,4285509
2021-06-16 10:04:31,157.9,4287039
2021-06-16 10:04:34,157.95,4287085
2021-06-16 10:04:37,157.9,4287824
2021-06-16 10:04:41,157.9,4288101
2021-06-16 10:04:44,157.9,4288778
2021-06-16 10:04:48,157.95,4289486
2021-06-16 10:04:55,158.0,4293941
2021-06-16 10:04:59,158.0,4294027
2021-06-16 10:05:03,158.0,4294938
2021-06-16 10:05:06,158.1,4337991
2021-06-16 10:05:09,158.1,4338357
2021-06-16 10:05:13,158.0,4338360
2021-06-16 10:05:16,158.1,4338580
2021-06-16 10:05:19,158.0,4338780
2021-06-16 10:05:26,158.0,4339322
2021-06-16 10:05:29,158.1,4341024
2021-06-16 10:05:33,158.0,4341727
2021-06-16 10:05:37,158.1,4342073
2021-06-16 10:05:40,158.1,4342248
2021-06-16 10:05:43,158.0,4343280
2021-06-16 10:05:47,158.1,4343346
2021-06-16 10:05:51,158.1,4343365
2021-06-16 10:05:54,158.1,4343681
2021-06-16 10:05:58,158.1,4343746
2021-06-16 10:06:01,158.0,4344392
2021-06-16 10:06:04,158.1,4345132
2021-06-16 10:06:07,158.1,4345809
2021-06-16 10:06:10,158.05,4349317
2021-06-16 10:06:13,158.0,4350792
2021-06-16 10:06:16,158.05,4351110
2021-06-16 10:06:19,158.05,4351942
2021-06-16 10:06:22,158.0,4379302
2021-06-16 10:06:28,158.1,4386070
2021-06-16 10:06:31,158.1,4386847
2021-06-16 10:06:35,158.1,4387762
2021-06-16 10:06:38,158.05,4390319
2021-06-16 10:06:42,158.05,4391479
2021-06-16 10:06:46,158.05,4391601
2021-06-16 10:06:49,158.1,4434222
2021-06-16 10:06:52,158.05,4434507
2021-06-16 10:06:59,158.1,4435030
2021-06-16 10:07:06,158.05,4435688
2021-06-16 10:07:09,158.1,4437927
2021-06-16 10:07:12,158.05,4441674
2021-06-16 10:07:15,158.1,4441857
2021-06-16 10:07:19,158.1,4442014
2021-06-16 10:07:22,158.1,4442855
2021-06-16 10:07:26,158.05,4442957
2021-06-16 10:07:29,158.1,4443397
2021-06-16 10:07:32,158.1,4448452
2021-06-16 10:07:36,158.05,4448857
2021-06-16 10:07:39,158.05,4448907
2021-06-16 10:07:42,158.05,4449906
2021-06-16 10:07:46,158.05,4452609
2021-06-16 10:07:49,158.1,4453099
2021-06-16 10:07:52,158.0,4460420
2021-06-16 10:07:56,158.0,4460925
2021-06-16 10:08:00,157.95,4462077
2021-06-16 10:08:03,158.0,4462088
2021-06-16 10:08:06,157.95,4462178
2021-06-16 10:08:09,157.95,4463210
2021-06-16 10:08:12,158.0,4464085
2021-06-16 10:08:15,157.95,4464595
2021-06-16 10:08:19,158.0,4464796
2021-06-16 10:08:25,157.95,4465250
2021-06-16 10:08:28,158.0,4465386
2021-06-16 10:08:31,157.95,4465478
2021-06-16 10:08:35,157.95,4466175
2021-06-16 10:08:38,157.95,4466696
2021-06-16 10:08:42,158.0,4469432
2021-06-16 10:08:45,158.0,4470537
2021-06-16 10:08:48,158.0,4470775
2021-06-16 10:08:51,157.95,4471876
2021-06-16 10:08:54,158.0,4472115
2021-06-16 10:08:58,157.95,4487628
2021-06-16 10:09:01,157.95,4487643
2021-06-16 10:09:05,157.85,4488378
2021-06-16 10:09:09,157.85,4488717
2021-06-16 10:09:12,157.95,4488964
2021-06-16 10:09:15,157.95,4489101
2021-06-16 10:09:19,157.9,4489524
2021-06-16 10:09:22,157.95,4489544
2021-06-16 10:09:26,157.85,4490358
2021-06-16 10:09:29,157.85,4490703
2021-06-16 10:09:33,157.9,4503987
2021-06-16 10:09:36,158.0,4508027
2021-06-16 10:09:39,157.95,4517610
2021-06-16 10:09:42,158.1,4520071
2021-06-16 10:09:45,158.0,4520179
2021-06-16 10:09:48,158.0,4520889
2021-06-16 10:09:52,158.15,4563452
2021-06-16 10:09:55,158.2,4565717
2021-06-16 10:09:59,158.15,4566926
2021-06-16 10:10:02,158.05,4569714
2021-06-16 10:10:06,158.15,4569787
2021-06-16 10:10:09,158.05,4572851
2021-06-16 10:10:13,158.15,4573032
2021-06-16 10:10:16,158.1,4573037
2021-06-16 10:10:19,158.15,4573621
2021-06-16 10:10:22,158.05,4575001
2021-06-16 10:10:25,158.1,4575102
2021-06-16 10:10:29,158.1,4576256
2021-06-16 10:10:32,158.1,4576729
2021-06-16 10:10:34,158.15,4576849
2021-06-16 10:10:37,158.15,4577062
2021-06-16 10:10:40,158.1,4577162
2021-06-16 10:10:42,158.15,4577186
2021-06-16 10:10:45,158.15,4579092
2021-06-16 10:10:48,158.1,4581578
2021-06-16 10:10:51,158.1,4581899
2021-06-16 10:10:54,158.1,4582169
2021-06-16 10:10:57,158.2,4588970
2021-06-16 10:11:00,158.1,4589333
2021-06-16 10:11:03,158.25,4594793
2021-06-16 10:11:07,158.15,4596392
2021-06-16 10:11:11,158.15,4597393
2021-06-16 10:11:14,158.25,4597421
2021-06-16 10:11:17,158.25,4598354
2021-06-16 10:11:20,158.15,4598487
2021-06-16 10:11:24,158.2,4598753
2021-06-16 10:11:27,158.25,4601754
2021-06-16 10:11:31,158.15,4602238
2021-06-16 10:11:34,158.2,4603295
2021-06-16 10:11:38,158.1,4608821
2021-06-16 10:11:41,158.2,4611822
2021-06-16 10:11:45,158.2,4611945
2021-06-16 10:11:48,158.1,4612045
2021-06-16 10:11:51,158.15,4612257
2021-06-16 10:11:55,158.2,4612801
2021-06-16 10:12:02,158.2,4613607
2021-06-16 10:12:05,158.2,4615748
2021-06-16 10:12:08,158.2,4615897
2021-06-16 10:12:11,158.1,4616070
2021-06-16 10:12:15,158.2,4616520
2021-06-16 10:12:18,158.15,4616657
2021-06-16 10:12:25,158.15,4621751
2021-06-16 10:12:28,158.1,4622515
2021-06-16 10:12:34,158.15,4622837
2021-06-16 10:12:37,158.15,4623132
2021-06-16 10:12:40,158.15,4623282
2021-06-16 10:12:43,158.1,4623294
2021-06-16 10:12:46,158.1,4625407
2021-06-16 10:12:49,158.15,4625594
2021-06-16 10:12:53,158.15,4626772
2021-06-16 10:12:56,158.15,4626777
2021-06-16 10:13:00,158.15,4627235
2021-06-16 10:13:03,158.05,4630260
2021-06-16 10:13:07,158.15,4634320
2021-06-16 10:13:10,158.1,4634554
2021-06-16 10:13:13,158.05,4634918
2021-06-16 10:13:16,158.15,4635258
2021-06-16 10:13:20,158.15,4635308
2021-06-16 10:13:23,158.15,4640450
2021-06-16 10:13:27,158.15,4641302
2021-06-16 10:13:30,158.15,4643206
2021-06-16 10:13:33,158.15,4643308
2021-06-16 10:13:37,158.1,4643782
2021-06-16 10:13:40,158.15,4650302
2021-06-16 10:13:43,158.15,4651732
2021-06-16 10:13:46,158.2,4652443
2021-06-16 10:13:49,158.15,4653835
2021-06-16 10:13:56,158.2,4655208
2021-06-16 10:13:59,158.15,4656370
2021-06-16 10:14:02,158.15,4656866
2021-06-16 10:14:05,158.1,4658769
2021-06-16 10:14:09,158.1,4659493
2021-06-16 10:14:12,158.05,4660077
2021-06-16 10:14:15,158.1,4660689
2021-06-16 10:14:18,158.1,4662535
2021-06-16 10:14:22,158.1,4675704
2021-06-16 10:14:26,158.05,4682080
2021-06-16 10:14:29,158.05,4682481
2021-06-16 10:14:32,157.9,4701066
2021-06-16 10:14:36,157.95,4701071
2021-06-16 10:14:39,158.0,4701360
2021-06-16 10:14:43,157.9,4701795
2021-06-16 10:14:46,158.0,4702206
2021-06-16 10:14:49,157.95,4702226
2021-06-16 10:14:53,157.95,4704765
2021-06-16 10:14:55,158.0,4704865
2021-06-16 10:14:58,157.95,4705194
2021-06-16 10:15:01,158.0,4707643
2021-06-16 10:15:05,158.05,4707855
2021-06-16 10:15:08,158.1,4708396
2021-06-16 10:15:12,158.1,4708416
2021-06-16 10:15:15,158.0,4708524
2021-06-16 10:15:18,158.0,4709343
2021-06-16 10:15:21,158.05,4709469
2021-06-16 10:15:24,158.05,4709469
2021-06-16 10:15:27,158.0,4711119
2021-06-16 10:15:31,158.0,4712258
2021-06-16 10:15:34,158.0,4712480
2021-06-16 10:15:37,158.05,4714864
2021-06-16 10:15:40,157.9,4720816
2021-06-16 10:15:44,158.0,4720995
2021-06-16 10:15:47,158.0,4721850
2021-06-16 10:15:51,158.0,4721862
2021-06-16 10:15:54,158.0,4722637
2021-06-16 10:15:58,158.0,4723262
2021-06-16 10:16:02,157.95,4726578
2021-06-16 10:16:05,158.0,4726583
2021-06-16 10:16:08,157.95,4726838
2021-06-16 10:16:11,157.9,4726888
2021-06-16 10:16:14,157.95,4727308
2021-06-16 10:16:17,157.95,4727321
2021-06-16 10:16:20,157.95,4727598
2021-06-16 10:16:23,157.95,4728113
2021-06-16 10:16:26,157.95,4728134
2021-06-16 10:16:28,158.0,4728290
2021-06-16 10:16:31,157.95,4730421
2021-06-16 10:16:35,157.95,4732472
2021-06-16 10:16:38,158.0,4732552
2021-06-16 10:16:41,157.95,4732888
2021-06-16 10:16:44,158.0,4732988
2021-06-16 10:16:47,158.0,4733109
2021-06-16 10:16:50,157.95,4733571
2021-06-16 10:16:54,158.0,4734543
2021-06-16 10:16:57,157.95,4737423
2021-06-16 10:17:01,158.0,4738383
2021-06-16 10:17:04,158.0,4738796
2021-06-16 10:17:06,157.95,4738810
2021-06-16 10:17:09,158.0,4739137
2021-06-16 10:17:12,158.0,4739621
2021-06-16 10:17:16,158.0,4739648
2021-06-16 10:17:19,158.0,4739803
2021-06-16 10:17:22,157.95,4740653
2021-06-16 10:17:24,157.95,4740739
2021-06-16 10:17:27,157.95,4740810
2021-06-16 10:17:30,158.0,4741810
2021-06-16 10:17:33,157.95,4741946
2021-06-16 10:17:40,157.95,4750915
2021-06-16 10:17:43,157.9,4751011
2021-06-16 10:17:46,157.95,4751079
2021-06-16 10:17:49,157.9,4752141
2021-06-16 10:17:53,158.0,4752491
2021-06-16 10:17:56,157.95,4754773
2021-06-16 10:18:00,157.95,4754866
2021-06-16 10:18:03,157.95,4755009
2021-06-16 10:18:06,158.0,4773721
2021-06-16 10:18:09,158.05,4773846
2021-06-16 10:18:12,158.05,4775550
2021-06-16 10:18:15,158.0,4775838
2021-06-16 10:18:19,158.05,4775958
2021-06-16 10:18:23,158.0,4781335
2021-06-16 10:18:26,158.0,4781456
2021-06-16 10:18:29,157.95,4783316
2021-06-16 10:18:32,158.05,4785326
2021-06-16 10:18:35,158.0,4787261
2021-06-16 10:18:39,158.0,4787611
2021-06-16 10:18:42,157.95,4788027
2021-06-16 10:18:45,158.05,4788402
2021-06-16 10:18:52,158.0,4788893
2021-06-16 10:18:55,158.0,4790158
2021-06-16 10:18:57,158.05,4790412
2021-06-16 10:19:01,158.0,4792354
2021-06-16 10:19:04,158.0,4792354
2021-06-16 10:19:07,158.05,4792817
2021-06-16 10:19:10,158.05,4792817
2021-06-16 10:19:13,158.0,4793383
2021-06-16 10:19:16,158.0,4794095
2021-06-16 10:19:19,157.95,4794165
2021-06-16 10:19:22,158.05,4795517
2021-06-16 10:19:25,158.0,4796455
2021-06-16 10:19:29,158.05,4796890
2021-06-16 10:19:32,158.05,4797006
2021-06-16 10:19:36,158.0,4797416
2021-06-16 10:19:39,158.0,4797474
2021-06-16 10:19:42,158.0,4797511
2021-06-16 10:19:45,157.95,4802105
2021-06-16 10:19:48,158.0,4803230
2021-06-16 10:19:50,157.95,4803506
2021-06-16 10:19:53,157.95,4803781
2021-06-16 10:19:56,157.95,4803987
2021-06-16 10:19:59,157.95,4804347
2021-06-16 10:20:02,157.95,4807471
2021-06-16 10:20:05,158.0,4807926
2021-06-16 10:20:09,157.95,4807927
2021-06-16 10:20:12,158.0,4807957
2021-06-16 10:20:15,157.95,4810809
2021-06-16 10:20:18,157.95,4812614
2021-06-16 10:20:21,158.0,4812649
2021-06-16 10:20:24,157.95,4818845
2021-06-16 10:20:27,157.95,4818947
2021-06-16 10:20:30,157.95,4818947
2021-06-16 10:20:34,157.9,4837898
2021-06-16 10:20:37,157.95,4838930
2021-06-16 10:20:41,157.9,4839766
2021-06-16 10:20:44,157.95,4839911
2021-06-16 10:20:47,157.95,4840108
2021-06-16 10:20:49,157.9,4840358
2021-06-16 10:20:52,157.95,4840483
2021-06-16 10:20:55,157.85,4844183
2021-06-16 10:20:59,157.8,4845313
2021-06-16 10:21:02,157.85,4845672
2021-06-16 10:21:05,157.8,4848331
2021-06-16 10:21:08,157.8,4849536
2021-06-16 10:21:11,157.85,4851813
2021-06-16 10:21:14,157.8,4852516
2021-06-16 10:21:18,157.7,4882599
2021-06-16 10:21:21,157.8,4882708
2021-06-16 10:21:25,157.8,4885092
2021-06-16 10:21:29,157.75,4885343
2021-06-16 10:21:33,157.8,4885451
2021-06-16 10:21:37,157.7,4888123
2021-06-16 10:21:40,157.8,4888830
2021-06-16 10:21:44,157.7,4888928
2021-06-16 10:21:48,157.8,4889914
2021-06-16 10:21:51,157.7,4893354
2021-06-16 10:21:54,157.7,4893494
2021-06-16 10:21:58,157.75,4893894
2021-06-16 10:22:01,157.7,4907444
2021-06-16 10:22:05,157.7,4910525
2021-06-16 10:22:08,157.7,4916307
2021-06-16 10:22:11,157.65,4916560
2021-06-16 10:22:14,157.65,4917025
2021-06-16 10:22:18,157.65,4921828
2021-06-16 10:22:21,157.65,4923565
2021-06-16 10:22:25,157.65,4924525
2021-06-16 10:22:28,157.65,4925325
2021-06-16 10:22:31,157.6,4926614
2021-06-16 10:22:34,157.6,4929135
2021-06-16 10:22:37,157.5,4950293
2021-06-16 10:22:41,157.6,4950369
2021-06-16 10:22:44,157.55,4951679
2021-06-16 10:22:47,157.65,4951840
2021-06-16 10:37:35,156.6,6337787
2021-06-16 10:37:37,156.6,6337800
2021-06-16 10:37:38,156.6,6340008
2021-06-16 10:37:39,156.65,6340658
2021-06-16 10:37:40,156.6,6340661
2021-06-16 10:37:41,156.7,6348316
2021-06-16 10:37:42,156.65,6348838
2021-06-16 10:37:43,156.65,6348838
2021-06-16 10:37:44,156.55,6382705
2021-06-16 10:37:45,156.6,6382710
2021-06-16 10:37:46,156.55,6382760
2021-06-16 10:37:47,156.6,6385239
2021-06-16 10:37:48,156.6,6385289
2021-06-16 10:37:49,156.65,6385292
2021-06-16 10:37:50,156.6,6387073
2021-06-16 10:37:51,156.6,6387073
2021-06-16 10:37:52,156.55,6387398
2021-06-16 10:37:53,156.6,6387498
2021-06-16 10:37:54,156.55,6389993
2021-06-16 10:37:54,156.55,6390003
2021-06-16 10:37:55,156.6,6390489
2021-06-16 10:37:56,156.6,6390592
2021-06-16 10:37:57,156.6,6390820
2021-06-16 10:37:59,156.6,6390850
2021-06-16 10:37:59,156.55,6390875
2021-06-16 10:38:01,156.6,6391757
2021-06-16 10:38:02,156.65,6392412
2021-06-16 10:38:03,156.6,6392512
2021-06-16 10:38:04,156.65,6392513
2021-06-16 10:38:05,156.65,6392513
2021-06-16 10:38:06,156.65,6392514
2021-06-16 10:38:07,156.6,6392560
2021-06-16 10:38:08,156.6,6392585
2021-06-16 10:38:09,156.65,6396801
2021-06-16 10:38:10,156.65,6396801
2021-06-16 10:38:11,156.6,6396803
2021-06-16 10:38:13,156.65,6397161
2021-06-16 10:38:14,156.75,6399361
2021-06-16 10:38:15,156.65,6399372
2021-06-16 10:38:16,156.7,6399712
2021-06-16 10:38:17,156.75,6404196
2021-06-16 10:38:18,156.7,6404628
2021-06-16 10:38:19,156.7,6404735
2021-06-16 10:38:20,156.65,6409043
2021-06-16 10:38:21,156.7,6409058
2021-06-16 10:38:22,156.7,6409068
2021-06-16 10:38:23,156.7,6413756
2021-06-16 10:38:25,156.7,6413756
2021-06-16 10:38:26,156.7,6413756
2021-06-16 10:38:27,156.7,6413826
2021-06-16 10:38:28,156.65,6414001
2021-06-16 10:38:29,156.65,6414447
2021-06-16 10:38:30,156.7,6414449
2021-06-16 10:38:31,156.7,6414449
2021-06-16 10:38:32,156.7,6414449
2021-06-16 10:38:33,156.7,6414614
2021-06-16 10:38:34,156.7,6415064
2021-06-16 10:38:35,156.65,6415274
2021-06-16 10:38:36,156.7,6415280
2021-06-16 10:38:36,156.7,6415280
2021-06-16 10:38:38,156.7,6415981
2021-06-16 10:38:39,156.65,6415982
2021-06-16 10:38:40,156.65,6416132
2021-06-16 10:38:41,156.65,6416132
2021-06-16 10:38:42,156.65,6416162
2021-06-16 10:38:43,156.65,6416172
2021-06-16 10:38:44,156.7,6416182
2021-06-16 10:38:45,156.7,6416202
2021-06-16 10:38:46,156.65,6416238
2021-06-16 10:38:47,156.7,6416542
2021-06-16 10:38:48,156.65,6416747
2021-06-16 10:38:49,156.65,6416747
2021-06-16 10:38:50,156.65,6416762
2021-06-16 10:38:52,156.65,6419965
2021-06-16 10:38:51,156.65,6416862
2021-06-16 10:38:53,156.65,6421198
2021-06-16 10:38:54,156.6,6421399
2021-06-16 10:38:55,156.7,6421424
2021-06-16 10:38:56,156.7,6421424
2021-06-16 10:38:57,156.6,6421546
2021-06-16 10:38:58,156.7,6422346
2021-06-16 10:38:59,156.75,6422547
2021-06-16 10:39:00,156.75,6422547
2021-06-16 10:39:01,156.65,6425197
2021-06-16 10:39:02,156.75,6425198
2021-06-16 10:39:03,156.75,6425450
2021-06-16 10:39:04,156.7,6425567
2021-06-16 10:39:05,156.65,6425568
2021-06-16 10:39:06,156.7,6426568
2021-06-16 10:39:07,156.7,6426568
2021-06-16 10:39:08,156.7,6427583
2021-06-16 10:39:09,156.7,6427670
2021-06-16 10:39:10,156.7,6427690
2021-06-16 10:39:11,156.7,6427708
2021-06-16 10:39:12,156.7,6427748
2021-06-16 10:39:13,156.7,6427810
2021-06-16 10:39:14,156.7,6428655
2021-06-16 10:39:15,156.65,6430781
2021-06-16 10:39:16,156.7,6430861
2021-06-16 10:39:17,156.7,6430861
2021-06-16 10:39:18,156.65,6431211
2021-06-16 10:39:19,156.7,6431972
2021-06-16 10:39:20,156.6,6432210
2021-06-16 10:39:21,156.65,6432230
2021-06-16 10:39:22,156.65,6432270
2021-06-16 10:39:23,156.65,6432454
2021-06-16 10:39:24,156.65,6432504
2021-06-16 10:39:25,156.65,6432604
2021-06-16 10:39:26,156.6,6432704
2021-06-16 10:39:27,156.6,6432704
2021-06-16 10:39:28,156.6,6432739
2021-06-16 10:39:29,156.65,6432889
2021-06-16 10:39:30,156.45,6517931
2021-06-16 10:39:31,156.45,6517933
2021-06-16 10:39:32,156.55,6518266
2021-06-16 10:39:33,156.55,6518271
2021-06-16 10:39:34,156.55,6518271
2021-06-16 10:39:35,156.5,6522521
2021-06-16 10:39:36,156.6,6522571
2021-06-16 10:39:37,156.6,6522571
2021-06-16 10:39:38,156.6,6522621
2021-06-16 10:39:39,156.5,6524794
2021-06-16 10:39:40,156.5,6524794
2021-06-16 10:39:41,156.45,6525055
2021-06-16 10:39:42,156.45,6525055
2021-06-16 10:39:43,156.5,6525105
2021-06-16 10:39:44,156.5,6525105
2021-06-16 10:39:45,156.5,6525216
2021-06-16 10:39:46,156.5,6525836
2021-06-16 10:39:47,156.5,6525836
2021-06-16 10:39:48,156.5,6526936
2021-06-16 10:39:49,156.5,6526957
2021-06-16 10:39:50,156.5,6528568
2021-06-16 10:39:51,156.45,6528669
2021-06-16 10:39:52,156.55,6529669
2021-06-16 10:39:53,156.5,6533589
2021-06-16 10:39:54,156.4,6533715
2021-06-16 10:39:55,156.5,6533915
2021-06-16 10:39:56,156.4,6533990
2021-06-16 10:39:57,156.5,6534090
2021-06-16 10:39:58,156.5,6534258
2021-06-16 10:39:59,156.5,6534357
2021-06-16 10:40:00,156.4,6535306
2021-06-16 10:40:01,156.5,6535436
2021-06-16 10:40:02,156.5,6535586
2021-06-16 10:40:03,156.5,6535686
2021-06-16 10:40:04,156.45,6535689
2021-06-16 10:40:05,156.45,6535712
2021-06-16 10:40:06,156.5,6535742
2021-06-16 10:40:07,156.5,6535902
2021-06-16 10:40:08,156.5,6535902
2021-06-16 10:40:09,156.5,6536025
2021-06-16 10:40:10,156.45,6536077
2021-06-16 10:40:11,156.5,6536132
2021-06-16 10:40:12,156.5,6536172
2021-06-16 10:40:13,156.5,6536173
2021-06-16 10:40:14,156.5,6536173
2021-06-16 10:40:16,156.5,6536873
2021-06-16 10:40:17,156.45,6536889
2021-06-16 10:40:18,156.5,6536949
2021-06-16 10:40:20,156.45,6537104
2021-06-16 10:40:21,156.45,6537104
2021-06-16 10:40:22,156.5,6537954
2021-06-16 10:40:23,156.5,6537954
2021-06-16 10:40:25,156.5,6538969
2021-06-16 10:40:26,156.5,6539299
2021-06-16 10:40:27,156.45,6539400
2021-06-16 10:40:28,156.45,6539552
2021-06-16 10:40:29,156.45,6539937
2021-06-16 10:40:30,156.45,6539974
2021-06-16 10:40:31,156.5,6541084
2021-06-16 10:40:32,156.45,6541184
2021-06-16 10:40:33,156.45,6541185
2021-06-16 10:40:34,156.5,6545535
2021-06-16 10:40:35,156.5,6545535
2021-06-16 10:40:36,156.5,6545535
2021-06-16 10:40:37,156.45,6545536
2021-06-16 10:40:38,156.45,6545746
2021-06-16 10:40:39,156.45,6546558
2021-06-16 10:40:40,156.45,6546658
2021-06-16 10:40:41,156.4,6546975
2021-06-16 10:40:42,156.45,6547011
2021-06-16 10:40:43,156.45,6547161
2021-06-16 10:40:44,156.45,6554758
2021-06-16 10:40:45,156.45,6554758
2021-06-16 10:40:46,156.4,6554858
2021-06-16 10:40:47,156.45,6554983
2021-06-16 10:40:48,156.45,6554984
2021-06-16 10:40:49,156.45,6555109
2021-06-16 10:40:50,156.45,6555159
2021-06-16 10:40:51,156.5,6555219
2021-06-16 10:40:53,156.45,6555519
2021-06-16 10:40:54,156.4,6555621
2021-06-16 10:40:56,156.45,6555640
2021-06-16 10:40:57,156.45,6555640
2021-06-16 10:40:58,156.45,6555640
2021-06-16 10:41:00,156.45,6555820
2021-06-16 10:41:02,156.45,6555915
2021-06-16 10:41:02,156.4,6555880
2021-06-16 10:41:04,156.45,6556165
2021-06-16 10:41:04,156.45,6556165
2021-06-16 10:41:05,156.45,6556215
2021-06-16 10:41:06,156.45,6556287
2021-06-16 10:41:07,156.45,6556288
2021-06-16 10:41:08,156.45,6558393
2021-06-16 10:41:09,156.45,6558393
2021-06-16 10:41:10,156.45,6558435
2021-06-16 10:41:11,156.45,6558466
2021-06-16 10:41:12,156.45,6558866
2021-06-16 10:41:13,156.45,6558891
2021-06-16 10:41:14,156.6,6580562
2021-06-16 10:41:15,156.55,6580627
2021-06-16 10:41:17,156.55,6580629
2021-06-16 10:41:18,156.6,6581029
2021-06-16 10:41:19,156.55,6581079
2021-06-16 10:41:20,156.55,6581079
2021-06-16 10:41:21,156.6,6581179
2021-06-16 10:41:22,156.6,6581179
2021-06-16 10:41:23,156.6,6581193
2021-06-16 10:41:24,156.5,6581200
2021-06-16 10:41:25,156.5,6581200
2021-06-16 10:41:27,156.5,6581200
2021-06-16 10:41:27,156.5,6581200
2021-06-16 10:41:28,156.5,6581200
2021-06-16 10:41:29,156.6,6581202
2021-06-16 10:41:30,156.6,6581788
2021-06-16 10:41:31,156.55,6581813
2021-06-16 10:41:32,156.6,6582613
2021-06-16 10:41:33,156.6,6582966
2021-06-16 10:41:34,156.6,6583380
2021-06-16 10:41:35,156.65,6583480
2021-06-16 10:41:36,156.65,6583480
2021-06-16 10:41:38,156.65,6583581
2021-06-16 10:41:38,156.65,6583611
2021-06-16 10:41:39,156.6,6583632
2021-06-16 10:41:40,156.6,6583632
2021-06-16 10:41:42,156.6,6583632
2021-06-16 10:41:42,156.6,6583632
2021-06-16 10:41:43,156.6,6583632
2021-06-16 10:41:45,156.6,6583842
2021-06-16 10:41:46,156.6,6583922
2021-06-16 10:41:47,156.6,6584173
2021-06-16 10:41:48,156.65,6584174
2021-06-16 10:41:49,156.65,6584174
2021-06-16 10:41:50,156.65,6584174
2021-06-16 10:41:51,156.65,6584689
2021-06-16 10:41:52,156.6,6585689
2021-06-16 10:41:53,156.6,6585789
2021-06-16 10:41:55,156.6,6585789
2021-06-16 10:41:55,156.6,6586310
2021-06-16 10:41:56,156.65,6586320
2021-06-16 10:41:58,156.65,6587346
2021-06-16 10:41:59,156.65,6587346
2021-06-16 10:41:59,156.6,6587352
2021-06-16 10:42:00,156.6,6587432
2021-06-16 10:42:01,156.65,6588059
2021-06-16 10:42:02,156.65,6588069
2021-06-16 10:42:04,156.65,6588114
2021-06-16 10:42:05,156.6,6588214
2021-06-16 10:42:06,156.6,6588214
2021-06-16 10:42:08,156.65,6589037
2021-06-16 10:42:10,156.65,6589395
2021-06-16 10:42:10,156.65,6589470
2021-06-16 10:42:11,156.65,6589500
2021-06-16 10:42:12,156.65,6589528
2021-06-16 10:42:13,156.65,6589528
2021-06-16 10:42:14,156.65,6589528
2021-06-16 10:42:15,156.6,6589578
2021-06-16 10:42:16,156.6,6589588
2021-06-16 10:42:17,156.6,6589688
2021-06-16 10:42:18,156.65,6589708
2021-06-16 10:42:19,156.65,6589808
2021-06-16 10:42:20,156.6,6589838
2021-06-16 10:42:21,156.65,6590088
2021-06-16 10:42:22,156.6,6590099
2021-06-16 10:42:23,156.6,6590114
2021-06-16 10:42:24,156.6,6590190
2021-06-16 10:42:26,156.6,6590420
2021-06-16 10:42:27,156.6,6590420
2021-06-16 10:42:28,156.6,6590420
2021-06-16 10:42:29,156.65,6590438
2021-06-16 10:42:30,156.65,6590438
2021-06-16 10:42:31,156.6,6590439
2021-06-16 10:42:32,156.6,6590439
2021-06-16 10:42:34,156.6,6590439
2021-06-16 10:42:34,156.6,6590439
2021-06-16 10:42:35,156.65,6590500
2021-06-16 10:42:36,156.65,6590500
2021-06-16 10:42:38,156.65,6590500
2021-06-16 10:42:39,156.65,6590502
2021-06-16 10:42:40,156.65,6590512
2021-06-16 10:42:41,156.7,6594297
2021-06-16 10:42:42,156.65,6594327
2021-06-16 10:42:43,156.6,6594627
2021-06-16 10:42:44,156.7,6594629
2021-06-16 10:42:45,156.7,6594631
2021-06-16 10:42:46,156.65,6594831
2021-06-16 10:42:47,156.6,6594931
2021-06-16 10:42:48,156.65,6594942
2021-06-16 10:42:49,156.65,6594982
2021-06-16 10:42:50,156.65,6594988
2021-06-16 10:42:51,156.6,6594990
2021-06-16 10:42:52,156.6,6595190
2021-06-16 10:42:54,156.6,6602483
2021-06-16 10:42:56,156.6,6602483
2021-06-16 10:42:57,156.65,6602491
2021-06-16 10:42:57,156.65,6602491
2021-06-16 10:42:59,156.65,6602747
2021-06-16 10:43:00,156.7,6602748
2021-06-16 10:43:00,156.7,6602748
2021-06-16 10:43:02,156.7,6602750
2021-06-16 10:43:03,156.7,6602750
2021-06-16 10:43:04,156.7,6602798
2021-06-16 10:43:05,156.65,6602808
2021-06-16 10:43:05,156.65,6603708
2021-06-16 10:43:06,156.7,6603808
2021-06-16 10:43:07,156.7,6603808
2021-06-16 10:43:10,156.7,6604889
2021-06-16 10:43:11,156.7,6604889
2021-06-16 10:43:11,156.7,6604889
2021-06-16 10:43:12,156.7,6607020
2021-06-16 10:43:13,156.7,6607135
2021-06-16 10:43:14,156.7,6607145
2021-06-16 10:43:15,156.65,6607645
2021-06-16 10:43:16,156.7,6607647
2021-06-16 10:43:17,156.7,6608535
2021-06-16 10:43:18,156.65,6608536
2021-06-16 10:43:19,156.7,6608561
2021-06-16 10:43:20,156.7,6608561
2021-06-16 10:43:21,156.7,6609038
2021-06-16 10:43:23,156.7,6609230
2021-06-16 10:43:24,156.7,6609230
2021-06-16 10:43:26,156.65,6609232
2021-06-16 10:43:27,156.65,6609232
2021-06-16 10:43:27,156.65,6609232
2021-06-16 10:43:28,156.65,6609482
2021-06-16 10:43:30,156.7,6609582
2021-06-16 10:43:31,156.7,6609592
2021-06-16 10:43:33,156.7,6609746
2021-06-16 10:43:34,156.7,6609746
2021-06-16 10:43:35,156.7,6609746
2021-06-16 10:43:36,156.7,6609747
2021-06-16 10:43:37,156.75,6610777
2021-06-16 10:43:38,156.75,6610801
2021-06-16 10:43:39,156.75,6610801
2021-06-16 10:43:40,156.75,6610801
2021-06-16 10:43:41,156.75,6610803
2021-06-16 10:43:42,156.75,6610814
2021-06-16 10:43:44,156.75,6610945
2021-06-16 10:43:45,156.75,6610945
2021-06-16 10:43:46,156.65,6611080
2021-06-16 10:43:47,156.65,6611080
2021-06-16 10:43:47,156.65,6611080
2021-06-16 10:43:48,156.65,6611080
2021-06-16 10:43:49,156.65,6611080
2021-06-16 10:43:50,156.65,6611080
2021-06-16 10:43:51,156.75,6611195
2021-06-16 10:43:52,156.65,6611315
2021-06-16 10:43:53,156.75,6611716
2021-06-16 10:43:54,156.65,6611915
2021-06-16 10:43:55,156.65,6611939
2021-06-16 10:43:57,156.75,6612167
2021-06-16 10:43:58,156.75,6612167
2021-06-16 10:43:59,156.75,6612167
2021-06-16 10:43:59,156.75,6612167
2021-06-16 10:44:00,156.7,6618155
2021-06-16 10:44:01,156.7,6618155
2021-06-16 10:44:02,156.75,6618225
2021-06-16 10:44:03,156.75,6618225
2021-06-16 10:44:04,156.75,6619025
2021-06-16 10:44:05,156.7,6619107
2021-06-16 10:44:08,156.75,6624117
2021-06-16 10:44:10,156.75,6624759
2021-06-16 10:44:13,156.75,6625359
2021-06-16 10:44:16,156.7,6625363
2021-06-16 10:44:18,156.75,6626904
2021-06-16 10:44:21,156.75,6627411
2021-06-16 10:44:24,156.8,6632373
2021-06-16 10:44:29,156.7,6634567
2021-06-16 10:44:32,156.7,6634886
2021-06-16 10:44:35,156.7,6637043
2021-06-16 10:44:38,156.75,6638158
2021-06-16 10:44:40,156.7,6638563
2021-06-16 10:44:43,156.8,6639864
2021-06-16 10:44:46,156.8,6639889
2021-06-16 10:44:48,156.8,6639969
2021-06-16 10:44:51,156.8,6640890
2021-06-16 10:44:54,156.8,6641315
2021-06-16 10:44:57,156.75,6641318
2021-06-16 10:45:01,156.8,6644134
2021-06-16 10:45:04,156.8,6644219
2021-06-16 10:45:07,156.8,6644420
2021-06-16 10:45:09,156.8,6644523
2021-06-16 10:45:12,156.8,6644778
2021-06-16 10:45:15,156.8,6645559
2021-06-16 10:45:18,156.8,6646070
2021-06-16 10:45:21,156.8,6646445
2021-06-16 10:45:24,156.8,6646593
2021-06-16 10:45:26,156.8,6647007
2021-06-16 10:45:29,156.75,6648072
2021-06-16 11:03:09,156.2,7443403
2021-06-16 11:03:10,156.2,7443403
2021-06-16 11:03:11,156.25,7443503
2021-06-16 11:03:12,156.3,7445503
2021-06-16 11:03:13,156.3,7445705
2021-06-16 11:03:14,156.3,7445705
2021-06-16 11:03:16,156.35,7445716
2021-06-16 11:03:17,156.35,7445716
2021-06-16 11:03:17,156.3,7445723
2021-06-16 11:03:19,156.35,7448250
2021-06-16 11:03:19,156.4,7448571
2021-06-16 11:03:20,156.4,7448661
2021-06-16 11:03:21,156.4,7448661
2021-06-16 11:03:22,156.45,7449106
2021-06-16 11:03:23,156.45,7449106
2021-06-16 11:03:24,156.4,7449171
2021-06-16 11:03:25,156.4,7449183
2021-06-16 11:03:26,156.45,7450108
2021-06-16 11:03:27,156.45,7450173
2021-06-16 11:03:28,156.45,7450173
2021-06-16 11:03:29,156.45,7450173
2021-06-16 11:03:30,156.4,7450273
2021-06-16 11:03:33,156.45,7450275
2021-06-16 11:03:33,156.4,7450274
2021-06-16 11:03:34,156.5,7454168
2021-06-16 11:03:35,156.5,7454168
2021-06-16 11:03:36,156.5,7454221
2021-06-16 11:03:37,156.5,7454448
2021-06-16 11:03:39,156.5,7454651
2021-06-16 11:03:41,156.55,7483959
2021-06-16 11:03:42,156.55,7484022
2021-06-16 11:03:43,156.5,7484072
2021-06-16 11:03:44,156.5,7484072
2021-06-16 11:03:45,156.5,7484072
2021-06-16 11:03:46,156.5,7484122
2021-06-16 11:03:47,156.5,7484122
2021-06-16 11:03:48,156.5,7484222
2021-06-16 11:03:49,156.5,7484264
2021-06-16 11:03:50,156.6,7484285
2021-06-16 11:03:51,156.6,7484485
2021-06-16 11:03:53,156.6,7484605
2021-06-16 11:03:53,156.6,7484605
2021-06-16 11:03:54,156.5,7488749
2021-06-16 11:03:56,156.6,7491474
2021-06-16 11:03:57,156.6,7492064
2021-06-16 11:03:59,156.55,7492112
2021-06-16 11:04:00,156.5,7492412
