timestamp,ltp,volume
2021-06-16 09:15:50,2763.8,4890
2021-06-16 09:15:51,2764.1,4912
2021-06-16 09:15:51,2764.1,4912
2021-06-16 09:15:52,2764.1,4913
2021-06-16 09:15:54,2764.35,5073
2021-06-16 09:15:55,2764.35,5073
2021-06-16 09:15:56,2764.85,5180
2021-06-16 09:15:57,2764.85,5180
2021-06-16 09:15:58,2764.65,5218
2021-06-16 09:15:59,2764.95,5315
2021-06-16 09:16:00,2762.85,5380
2021-06-16 09:16:01,2762.9,5381
2021-06-16 09:16:02,2763.95,5411
2021-06-16 09:16:03,2762.95,5436
2021-06-16 09:16:04,2762.85,5444
2021-06-16 09:16:05,2764.0,5459
2021-06-16 09:16:06,2764.0,5459
2021-06-16 09:16:07,2764.0,5459
2021-06-16 09:16:08,2770.0,7289
2021-06-16 09:16:10,2767.2,7422
2021-06-16 09:16:11,2767.2,7613
2021-06-16 09:16:12,2768.85,7774
2021-06-16 09:16:14,2768.4,8007
2021-06-16 09:16:15,2769.0,8008
2021-06-16 09:16:16,2769.0,8008
2021-06-16 09:16:17,2769.0,8008
2021-06-16 09:16:17,2768.45,8013
2021-06-16 09:16:18,2769.55,8014
2021-06-16 09:16:19,2769.55,8014
2021-06-16 09:16:20,2769.55,8015
2021-06-16 09:16:22,2769.35,8078
2021-06-16 09:16:23,2769.55,8178
2021-06-16 09:16:24,2770.0,8287
2021-06-16 09:16:25,2770.0,8287
2021-06-16 09:16:26,2771.45,8894
2021-06-16 09:16:27,2771.45,8894
2021-06-16 09:16:28,2771.15,8895
2021-06-16 09:16:29,2771.15,8895
2021-06-16 09:16:30,2771.15,8895
2021-06-16 09:16:31,2771.15,8895
2021-06-16 09:16:32,2771.15,8905
2021-06-16 09:16:33,2771.15,8905
2021-06-16 09:16:34,2771.15,8905
2021-06-16 09:16:35,2771.15,8905
2021-06-16 09:16:36,2772.4,10069
2021-06-16 09:16:37,2772.45,10183
2021-06-16 09:16:38,2772.45,10183
2021-06-16 09:16:39,2773.4,10687
2021-06-16 09:16:41,2774.35,11026
2021-06-16 09:16:42,2773.1,11688
2021-06-16 09:16:44,2775.0,11954
2021-06-16 09:16:45,2774.45,12059
2021-06-16 09:16:46,2775.0,12128
2021-06-16 09:16:47,2774.7,12177
2021-06-16 09:16:49,2773.55,12271
2021-06-16 09:16:50,2773.55,12271
2021-06-16 09:16:51,2773.55,12271
2021-06-16 09:16:52,2773.55,12271
2021-06-16 09:16:54,2772.9,12282
2021-06-16 09:16:55,2772.9,12283
2021-06-16 09:16:56,2771.4,12303
2021-06-16 09:16:58,2770.15,12565
2021-06-16 09:17:00,2770.25,12663
2021-06-16 09:16:59,2770.15,12565
2021-06-16 09:17:02,2771.35,12720
2021-06-16 09:17:09,2770.7,13372
2021-06-16 09:17:12,2771.35,13413
2021-06-16 09:17:14,2771.8,13433
2021-06-16 09:17:15,2771.8,13433
2021-06-16 09:17:16,2772.0,13510
2021-06-16 09:17:19,2772.8,14179
2021-06-16 09:17:20,2772.8,14194
2021-06-16 09:17:21,2773.0,14798
2021-06-16 09:17:22,2774.5,14799
2021-06-16 09:17:23,2774.9,15071
2021-06-16 09:17:24,2774.9,15075
2021-06-16 09:17:25,2774.65,15152
2021-06-16 09:17:26,2774.95,15158
2021-06-16 09:17:27,2774.65,15216
2021-06-16 09:17:28,2774.95,15326
2021-06-16 09:17:29,2772.9,15606
2021-06-16 09:17:30,2774.15,15610
2021-06-16 09:17:31,2774.05,15611
2021-06-16 09:17:32,2773.9,15633
2021-06-16 09:17:33,2772.95,15638
2021-06-16 09:17:34,2773.35,15646
2021-06-16 09:17:35,2773.35,15646
2021-06-16 09:17:36,2773.35,15646
2021-06-16 09:17:38,2773.35,15650
2021-06-16 09:17:39,2773.35,15650
2021-06-16 09:17:40,2772.8,15710
2021-06-16 09:17:41,2773.0,15735
2021-06-16 09:17:42,2772.85,15755
2021-06-16 09:17:43,2772.85,15755
2021-06-16 09:17:44,2773.4,15756
2021-06-16 09:17:45,2773.4,15831
2021-06-16 09:17:46,2773.25,15851
2021-06-16 09:17:47,2773.25,16121
2021-06-16 09:17:48,2772.15,16123
2021-06-16 09:17:49,2773.4,16335
2021-06-16 09:17:50,2773.0,16390
2021-06-16 09:17:51,2772.25,16484
2021-06-16 09:17:52,2772.1,16591
2021-06-16 09:17:53,2773.0,16641
2021-06-16 09:17:54,2773.0,16641
2021-06-16 09:17:55,2773.0,16648
2021-06-16 09:17:56,2772.95,16656
2021-06-16 09:17:57,2772.0,16717
2021-06-16 09:17:58,2772.0,16717
2021-06-16 09:17:59,2771.75,16742
2021-06-16 09:18:00,2771.75,16742
2021-06-16 09:18:01,2771.75,16742
2021-06-16 09:18:02,2771.0,16864
2021-06-16 09:18:03,2771.6,16869
2021-06-16 09:18:04,2770.5,16919
2021-06-16 09:18:05,2770.0,16977
2021-06-16 09:18:06,2770.0,16987
2021-06-16 09:18:07,2771.05,16989
2021-06-16 09:18:08,2771.05,16989
2021-06-16 09:18:09,2770.05,16993
2021-06-16 09:18:10,2770.05,16993
2021-06-16 09:18:11,2769.6,17099
2021-06-16 09:18:12,2769.6,17099
2021-06-16 09:18:13,2770.15,17101
2021-06-16 09:18:15,2769.65,17118
2021-06-16 09:18:16,2770.1,17317
2021-06-16 09:18:17,2769.9,17318
2021-06-16 09:18:18,2770.15,17395
2021-06-16 09:18:19,2770.45,17426
2021-06-16 09:18:20,2770.45,17426
2021-06-16 09:18:22,2771.65,17427
2021-06-16 09:18:23,2771.85,17429
2021-06-16 09:18:24,2771.4,18456
2021-06-16 09:18:25,2771.6,18461
2021-06-16 09:18:26,2771.9,18520
2021-06-16 09:18:27,2771.9,18531
2021-06-16 09:18:28,2772.0,18542
2021-06-16 09:18:29,2772.0,18542
2021-06-16 09:18:31,2770.45,18743
2021-06-16 09:18:32,2770.45,18743
2021-06-16 09:18:33,2772.05,18809
2021-06-16 09:18:34,2770.45,18846
2021-06-16 09:18:35,2771.9,18888
2021-06-16 09:18:36,2771.9,18896
2021-06-16 09:18:37,2770.6,18900
2021-06-16 09:18:38,2770.6,18900
2021-06-16 09:18:39,2771.9,18968
2021-06-16 09:18:40,2771.9,18968
2021-06-16 09:18:41,2772.0,19005
2021-06-16 09:18:42,2773.05,19018
2021-06-16 09:18:43,2773.05,19018
2021-06-16 09:18:44,2773.05,19029
2021-06-16 09:18:45,2773.4,19030
2021-06-16 09:18:46,2773.5,19031
2021-06-16 09:18:48,2773.55,19041
2021-06-16 09:18:47,2773.4,19038
2021-06-16 09:18:50,2773.2,19195
2021-06-16 09:18:51,2773.25,19222
2021-06-16 09:18:52,2773.25,19222
2021-06-16 09:18:53,2771.95,19238
2021-06-16 09:18:54,2771.95,19238
2021-06-16 09:18:55,2773.0,19241
2021-06-16 09:18:56,2771.45,19281
2021-06-16 09:18:57,2772.0,19286
2021-06-16 09:18:58,2772.0,19286
2021-06-16 09:19:00,2771.95,19313
2021-06-16 09:19:01,2771.7,19332
2021-06-16 09:19:02,2771.7,19334
2021-06-16 09:19:03,2771.7,19371
2021-06-16 09:19:05,2771.7,19371
2021-06-16 09:19:06,2771.7,19377
2021-06-16 09:19:06,2772.2,19379
2021-06-16 09:19:07,2772.2,19383
2021-06-16 09:19:09,2773.05,19569
2021-06-16 09:19:09,2773.0,19568
2021-06-16 09:19:10,2773.75,19575
2021-06-16 09:19:11,2773.7,19577
2021-06-16 09:19:13,2773.05,23661
2021-06-16 09:19:12,2773.7,19615
2021-06-16 09:19:14,2773.85,23683
2021-06-16 09:19:15,2773.75,23852
2021-06-16 09:19:16,2773.75,23852
2021-06-16 09:19:17,2772.6,24602
2021-06-16 09:19:18,2772.6,24602
2021-06-16 09:19:19,2774.4,25027
2021-06-16 09:19:20,2774.4,25034
2021-06-16 09:19:21,2773.75,25080
2021-06-16 09:19:22,2773.85,25081
2021-06-16 09:19:23,2774.4,25277
2021-06-16 09:19:24,2774.4,25277
2021-06-16 09:19:25,2773.95,25638
2021-06-16 09:19:26,2774.45,25655
2021-06-16 09:19:27,2774.35,25942
2021-06-16 09:19:28,2771.05,26024
2021-06-16 09:19:29,2773.75,26315
2021-06-16 09:19:30,2772.8,26319
2021-06-16 09:19:31,2771.2,26586
2021-06-16 09:19:32,2771.2,26586
2021-06-16 09:19:33,2771.2,26586
2021-06-16 09:19:34,2771.5,26591
2021-06-16 09:19:35,2771.5,26591
2021-06-16 09:19:36,2771.5,26629
2021-06-16 09:19:37,2771.0,26821
2021-06-16 09:19:38,2771.0,26821
2021-06-16 09:19:39,2770.6,26839
2021-06-16 09:19:40,2768.5,26905
2021-06-16 09:19:41,2768.5,26905
2021-06-16 09:19:42,2770.0,26906
2021-06-16 09:19:43,2769.05,26907
2021-06-16 09:19:44,2769.05,26912
2021-06-16 09:19:45,2769.05,26912
2021-06-16 09:19:46,2769.85,26918
2021-06-16 09:19:47,2769.85,26918
2021-06-16 09:19:48,2769.85,26918
2021-06-16 09:19:51,2769.95,26920
2021-06-16 09:19:51,2769.95,26920
2021-06-16 09:19:52,2769.95,26920
2021-06-16 09:19:53,2769.95,26921
2021-06-16 09:19:54,2770.0,26922
2021-06-16 09:19:55,2770.0,26922
2021-06-16 09:19:57,2770.15,26930
2021-06-16 09:19:58,2770.15,26930
2021-06-16 09:19:59,2769.85,26933
2021-06-16 09:20:00,2769.85,26948
2021-06-16 09:20:02,2769.05,26952
2021-06-16 09:20:03,2769.05,26952
2021-06-16 09:20:04,2768.0,27102
2021-06-16 09:20:05,2768.0,27102
2021-06-16 09:20:06,2768.0,27167
2021-06-16 09:20:08,2767.15,27317
2021-06-16 09:20:09,2767.15,27317
2021-06-16 09:20:10,2769.1,27338
2021-06-16 09:20:11,2769.15,27388
2021-06-16 09:20:12,2768.1,27392
2021-06-16 09:20:13,2769.6,27412
2021-06-16 09:20:14,2769.25,27419
2021-06-16 09:20:15,2769.3,27426
2021-06-16 09:20:16,2768.0,27451
2021-06-16 09:20:17,2768.0,27451
2021-06-16 09:20:18,2768.0,27451
2021-06-16 09:20:19,2768.75,27452
2021-06-16 09:20:20,2769.55,27458
2021-06-16 09:20:21,2768.75,27459
2021-06-16 09:20:22,2768.25,27474
2021-06-16 09:20:23,2768.3,27478
2021-06-16 09:20:24,2768.25,27483
2021-06-16 09:20:26,2768.1,27488
2021-06-16 09:20:26,2768.1,27488
2021-06-16 09:20:28,2768.15,27640
2021-06-16 09:20:28,2768.15,27640
2021-06-16 09:20:30,2768.9,27651
2021-06-16 09:20:31,2768.9,27673
2021-06-16 09:20:32,2768.15,27674
2021-06-16 09:20:33,2768.15,27674
2021-06-16 09:20:34,2768.0,27701
2021-06-16 09:20:34,2767.55,27884
2021-06-16 09:20:35,2767.55,27884
2021-06-16 09:20:36,2768.2,27886
2021-06-16 09:20:37,2768.2,27886
2021-06-16 09:20:38,2766.75,28102
2021-06-16 09:20:39,2767.05,28104
2021-06-16 09:20:40,2766.5,28105
2021-06-16 09:20:41,2766.5,28105
2021-06-16 09:20:42,2767.55,28109
2021-06-16 09:20:43,2767.55,28109
2021-06-16 09:20:44,2767.55,28109
2021-06-16 09:20:45,2767.75,28278
2021-06-16 09:20:46,2767.75,28278
2021-06-16 09:20:48,2766.4,28380
2021-06-16 09:20:48,2766.4,28380
2021-06-16 09:20:50,2766.4,28380
2021-06-16 09:20:51,2766.35,28387
2021-06-16 09:20:51,2766.35,28406
2021-06-16 09:20:54,2766.85,28581
2021-06-16 09:20:57,2766.4,28587
2021-06-16 09:20:57,2766.4,28587
2021-06-16 09:21:00,2766.0,28681
2021-06-16 09:21:01,2767.15,29029
2021-06-16 09:21:02,2767.05,29225
2021-06-16 09:21:03,2767.05,29225
2021-06-16 09:21:04,2768.0,29231
2021-06-16 09:21:05,2768.0,29238
2021-06-16 09:21:06,2768.0,29238
2021-06-16 09:21:07,2766.8,29250
2021-06-16 09:21:08,2766.8,29250
2021-06-16 09:21:09,2766.8,29250
2021-06-16 09:21:11,2768.0,29261
2021-06-16 09:21:11,2768.0,29261
2021-06-16 09:21:13,2768.0,29345
2021-06-16 09:21:14,2768.0,29345
2021-06-16 09:21:14,2768.0,29345
2021-06-16 09:21:15,2766.65,29346
2021-06-16 09:21:16,2766.65,29346
2021-06-16 09:21:17,2766.65,29346
2021-06-16 09:21:18,2766.65,29346
2021-06-16 09:21:19,2768.0,29385
2021-06-16 09:21:20,2768.0,29385
2021-06-16 09:21:21,2768.0,29385
2021-06-16 09:21:22,2768.0,29385
2021-06-16 09:21:23,2768.0,29385
2021-06-16 09:21:24,2766.15,29745
2021-06-16 09:21:26,2768.0,29905
2021-06-16 09:21:27,2767.9,30283
2021-06-16 09:21:28,2767.9,30283
2021-06-16 09:21:29,2765.85,30910
2021-06-16 09:21:30,2765.85,30910
2021-06-16 09:21:31,2765.85,30917
2021-06-16 09:21:32,2765.85,30917
2021-06-16 09:21:33,2765.85,30918
2021-06-16 09:21:34,2765.5,30973
2021-06-16 09:21:34,2766.05,30976
2021-06-16 09:21:35,2766.05,30977
2021-06-16 09:21:36,2764.9,31615
2021-06-16 09:21:37,2764.9,31615
2021-06-16 09:21:38,2764.9,31615
2021-06-16 09:21:39,2764.9,31886
2021-06-16 09:21:40,2764.9,31886
2021-06-16 09:21:41,2764.9,31886
2021-06-16 09:21:42,2764.9,31886
2021-06-16 09:21:43,2764.9,31886
2021-06-16 09:21:44,2764.9,31886
2021-06-16 09:21:45,2764.75,31888
2021-06-16 09:21:46,2764.5,31970
2021-06-16 09:21:47,2764.5,31970
2021-06-16 09:21:48,2764.5,31970
2021-06-16 09:21:49,2765.0,31971
2021-06-16 09:21:50,2765.0,31976
2021-06-16 09:21:51,2764.4,31986
2021-06-16 09:21:52,2764.4,31986
2021-06-16 09:21:53,2764.4,31986
2021-06-16 09:21:54,2764.4,31986
2021-06-16 09:21:55,2764.45,32000
2021-06-16 09:21:56,2764.9,32001
2021-06-16 09:21:57,2764.55,32016
2021-06-16 09:21:58,2763.05,32169
2021-06-16 09:21:59,2763.05,32169
2021-06-16 09:22:00,2763.05,32169
2021-06-16 09:22:01,2763.1,32269
2021-06-16 09:22:02,2763.1,32269
2021-06-16 09:22:04,2763.1,32269
2021-06-16 09:22:05,2764.75,32360
2021-06-16 09:22:05,2763.15,32370
2021-06-16 09:22:06,2764.7,32371
2021-06-16 09:22:07,2764.7,32371
2021-06-16 09:22:08,2764.7,32371
2021-06-16 09:22:10,2764.7,32371
2021-06-16 09:22:10,2764.7,32371
2021-06-16 09:22:11,2764.7,32371
2021-06-16 09:22:12,2764.55,32373
2021-06-16 09:22:14,2764.65,32546
2021-06-16 09:22:14,2764.65,32546
2021-06-16 09:22:16,2764.75,32569
2021-06-16 09:22:17,2764.8,32589
2021-06-16 09:22:18,2764.8,32622
2021-06-16 09:22:19,2765.7,32623
2021-06-16 09:22:20,2765.7,32623
2021-06-16 09:22:20,2765.7,32623
2021-06-16 09:22:21,2765.7,32623
2021-06-16 09:22:22,2765.65,32624
2021-06-16 09:22:24,2766.95,32774
2021-06-16 09:22:24,2766.95,32774
2021-06-16 09:22:27,2765.7,32790
2021-06-16 09:22:28,2765.0,32820
2021-06-16 09:22:30,2764.4,32846
2021-06-16 09:22:31,2764.4,32846
2021-06-16 09:22:32,2764.4,32846
2021-06-16 09:22:33,2764.4,32846
2021-06-16 09:22:34,2764.4,32846
2021-06-16 09:22:35,2764.4,32846
2021-06-16 09:22:36,2763.15,32990
2021-06-16 09:22:36,2763.15,32990
2021-06-16 09:22:37,2763.05,33090
2021-06-16 09:22:38,2765.2,33091
2021-06-16 09:22:40,2763.6,33095
2021-06-16 09:22:40,2765.5,33105
2021-06-16 09:22:41,2765.5,33105
2021-06-16 09:22:42,2765.5,33155
2021-06-16 09:22:43,2765.5,33155
2021-06-16 09:22:44,2765.5,33155
2021-06-16 09:22:45,2766.15,33179
2021-06-16 09:22:46,2766.15,33179
2021-06-16 09:22:48,2766.15,33179
2021-06-16 09:22:49,2766.15,33179
2021-06-16 09:22:50,2766.7,33199
2021-06-16 09:22:50,2766.55,33200
2021-06-16 09:22:51,2766.55,33200
2021-06-16 09:22:52,2766.55,33200
2021-06-16 09:22:53,2766.85,33208
2021-06-16 09:22:55,2765.75,33217
2021-06-16 09:22:55,2765.8,33218
2021-06-16 09:22:58,2765.75,33220
2021-06-16 09:22:59,2765.75,33220
2021-06-16 09:23:00,2765.75,33220
2021-06-16 09:23:01,2765.75,33220
2021-06-16 09:23:02,2765.75,33220
2021-06-16 09:23:03,2765.75,33220
2021-06-16 09:23:03,2765.75,33220
2021-06-16 09:23:04,2765.75,33220
2021-06-16 09:23:05,2766.7,33225
2021-06-16 09:23:06,2766.7,33225
2021-06-16 09:23:07,2766.7,33225
2021-06-16 09:23:08,2766.7,33225
2021-06-16 09:23:09,2766.95,33326
2021-06-16 09:23:11,2765.05,33433
2021-06-16 09:23:12,2765.05,33433
2021-06-16 09:23:12,2765.05,33433
2021-06-16 09:23:14,2767.05,33503
2021-06-16 09:23:14,2767.05,33503
2021-06-16 09:23:16,2767.25,33509
2021-06-16 09:23:17,2767.25,33521
2021-06-16 09:23:18,2767.25,33537
2021-06-16 09:23:19,2767.25,33537
2021-06-16 09:23:20,2767.25,33537
2021-06-16 09:23:21,2767.25,33537
2021-06-16 09:23:22,2767.4,33541
2021-06-16 09:23:23,2767.35,33542
2021-06-16 09:23:23,2765.05,33692
2021-06-16 09:23:24,2765.05,33692
2021-06-16 09:23:26,2765.05,33692
2021-06-16 09:23:26,2767.4,33693
2021-06-16 09:23:27,2767.4,33693
2021-06-16 09:23:30,2767.1,33695
2021-06-16 09:23:31,2767.1,33695
2021-06-16 09:23:32,2765.6,33795
2021-06-16 09:23:33,2766.0,33799
2021-06-16 09:23:34,2766.0,33799
2021-06-16 09:23:34,2765.6,33801
2021-06-16 09:23:36,2764.4,34306
2021-06-16 09:23:37,2764.45,34312
2021-06-16 09:23:37,2764.45,34312
2021-06-16 09:23:38,2765.25,34373
2021-06-16 09:23:39,2765.25,34373
2021-06-16 09:23:40,2765.25,34373
2021-06-16 09:23:41,2765.05,34378
2021-06-16 09:23:42,2765.05,34378
2021-06-16 09:23:43,2765.05,34378
2021-06-16 09:23:44,2765.7,34412
2021-06-16 09:23:45,2765.6,34421
2021-06-16 09:23:46,2765.6,34442
2021-06-16 09:23:47,2765.5,34445
2021-06-16 09:23:48,2763.1,34810
2021-06-16 09:23:49,2763.1,34810
2021-06-16 09:23:50,2763.1,34810
2021-06-16 09:23:51,2763.1,34810
2021-06-16 09:23:52,2763.1,34810
2021-06-16 09:23:53,2763.1,34810
2021-06-16 09:23:54,2764.55,34825
2021-06-16 09:23:56,2764.65,34833
2021-06-16 09:23:57,2764.65,34833
2021-06-16 09:23:58,2764.65,34833
2021-06-16 09:23:59,2764.65,34833
2021-06-16 09:23:59,2766.35,34834
2021-06-16 09:24:01,2764.6,34915
2021-06-16 09:24:01,2764.6,34915
2021-06-16 09:24:03,2764.6,34915
2021-06-16 09:24:03,2764.6,34915
2021-06-16 09:24:05,2764.6,34915
2021-06-16 09:24:06,2764.6,34915
2021-06-16 09:24:08,2764.7,34924
2021-06-16 09:24:10,2766.25,34927
2021-06-16 09:24:11,2766.25,34927
2021-06-16 09:24:12,2764.55,34937
2021-06-16 09:24:13,2764.55,34937
2021-06-16 09:24:14,2764.55,34937
2021-06-16 09:24:15,2764.15,34998
2021-06-16 09:24:16,2764.15,34998
2021-06-16 09:24:17,2766.0,35098
2021-06-16 09:24:19,2766.0,35098
2021-06-16 09:24:20,2766.0,35098
2021-06-16 09:24:21,2766.05,35101
2021-06-16 09:24:22,2764.15,35186
2021-06-16 09:24:23,2765.9,35187
2021-06-16 09:24:24,2765.9,35187
2021-06-16 09:24:26,2767.0,35207
2021-06-16 09:24:27,2767.0,35207
2021-06-16 09:24:28,2767.0,35207
2021-06-16 09:24:29,2767.0,35207
2021-06-16 09:24:30,2767.0,35207
2021-06-16 09:24:31,2765.15,35247
2021-06-16 09:24:32,2765.15,35247
2021-06-16 09:24:33,2765.3,35252
2021-06-16 09:24:34,2766.0,35253
2021-06-16 09:24:35,2766.0,35253
2021-06-16 09:24:36,2766.0,35253
2021-06-16 09:24:37,2766.0,35253
2021-06-16 09:24:38,2766.1,35256
2021-06-16 09:24:39,2766.1,35256
2021-06-16 09:24:40,2766.1,35256
2021-06-16 09:24:41,2765.5,35259
2021-06-16 09:24:42,2765.5,35259
2021-06-16 09:24:44,2766.8,35272
2021-06-16 09:24:45,2766.8,35272
2021-06-16 09:24:47,2765.5,35402
2021-06-16 09:24:48,2765.5,35402
2021-06-16 09:24:49,2765.5,35402
2021-06-16 09:24:50,2765.5,35402
2021-06-16 09:24:51,2765.5,35402
2021-06-16 09:24:52,2765.5,35402
2021-06-16 09:24:53,2765.5,35402
2021-06-16 09:24:54,2766.45,35404
2021-06-16 09:24:55,2766.45,35404
2021-06-16 09:24:56,2766.85,35405
2021-06-16 09:24:56,2765.4,35505
2021-06-16 09:24:57,2767.05,35507
2021-06-16 09:24:59,2767.05,35507
2021-06-16 09:25:00,2767.15,35577
2021-06-16 09:25:01,2767.15,35577
2021-06-16 09:25:02,2765.75,35597
2021-06-16 09:25:03,2766.6,35709
2021-06-16 09:25:04,2766.6,35709
2021-06-16 09:25:05,2766.65,35712
2021-06-16 09:25:05,2766.65,35712
2021-06-16 09:25:06,2766.65,35712
2021-06-16 09:25:07,2765.2,35721
2021-06-16 09:25:08,2765.15,35726
2021-06-16 09:25:09,2765.2,35795
2021-06-16 09:25:10,2765.2,35795
2021-06-16 09:25:11,2765.2,35795
2021-06-16 09:25:12,2765.2,35848
2021-06-16 09:25:13,2765.2,35848
2021-06-16 09:25:14,2765.2,35848
2021-06-16 09:25:15,2765.0,35953
2021-06-16 09:25:16,2765.5,35955
2021-06-16 09:25:17,2766.8,35960
2021-06-16 09:25:18,2766.8,35960
2021-06-16 09:25:19,2766.8,35960
2021-06-16 09:25:20,2766.8,35961
2021-06-16 09:25:21,2766.2,35962
2021-06-16 09:25:22,2766.2,35962
2021-06-16 09:25:23,2766.2,35967
2021-06-16 09:25:24,2766.2,35967
2021-06-16 09:25:25,2766.2,35969
2021-06-16 09:25:26,2766.85,35976
2021-06-16 09:25:27,2766.85,35976
2021-06-16 09:25:28,2766.85,35979
2021-06-16 09:25:29,2766.85,35979
2021-06-16 09:25:30,2766.9,35989
2021-06-16 09:25:31,2766.9,35989
2021-06-16 09:25:32,2766.9,35989
2021-06-16 09:25:33,2765.65,36011
2021-06-16 09:25:34,2765.65,36011
2021-06-16 09:25:36,2765.65,36011
2021-06-16 09:25:37,2766.9,36020
2021-06-16 09:25:38,2766.9,36020
2021-06-16 09:25:39,2766.9,36020
2021-06-16 09:25:40,2766.9,36025
2021-06-16 09:25:42,2766.9,36025
2021-06-16 09:25:43,2766.9,36045
2021-06-16 09:25:44,2766.9,36045
2021-06-16 09:25:45,2766.9,36045
2021-06-16 09:25:46,2766.9,36045
2021-06-16 09:25:47,2766.9,36051
2021-06-16 09:25:48,2766.9,36053
2021-06-16 09:25:49,2766.7,36056
2021-06-16 09:25:50,2766.7,36056
2021-06-16 09:25:51,2766.7,36056
2021-06-16 09:25:52,2766.7,36056
2021-06-16 09:25:53,2766.7,36056
2021-06-16 09:25:54,2766.7,36056
2021-06-16 09:25:55,2766.7,36056
2021-06-16 09:25:56,2766.7,36056
2021-06-16 09:25:56,2765.75,36061
2021-06-16 09:25:57,2766.85,36066
2021-06-16 09:25:59,2765.8,36372
2021-06-16 09:26:00,2765.8,36372
2021-06-16 09:26:01,2765.8,36372
2021-06-16 09:26:02,2765.8,36372
2021-06-16 09:26:03,2767.0,36382
2021-06-16 09:26:04,2767.0,36382
2021-06-16 09:26:05,2767.0,36390
2021-06-16 09:26:06,2767.0,36390
2021-06-16 09:26:07,2767.0,36390
2021-06-16 09:26:08,2767.0,36390
2021-06-16 09:26:09,2766.65,36391
2021-06-16 09:26:10,2766.65,36391
2021-06-16 09:26:11,2766.95,36393
2021-06-16 09:26:12,2766.95,36395
2021-06-16 09:26:13,2768.1,37102
2021-06-16 09:26:14,2768.1,37102
2021-06-16 09:26:15,2768.3,37129
2021-06-16 09:26:16,2768.3,37129
2021-06-16 09:26:17,2768.3,37129
2021-06-16 09:26:18,2768.3,37129
2021-06-16 09:26:19,2769.1,37130
2021-06-16 09:26:20,2768.8,37132
2021-06-16 09:26:21,2768.85,37163
2021-06-16 09:26:22,2769.1,37236
2021-06-16 09:26:23,2769.1,37298
2021-06-16 09:26:24,2769.1,37310
2021-06-16 09:26:25,2769.0,37318
2021-06-16 09:26:26,2769.0,37318
2021-06-16 09:26:27,2768.3,37325
2021-06-16 09:26:28,2768.3,37325
2021-06-16 09:26:29,2767.2,37525
2021-06-16 09:26:30,2767.2,37525
2021-06-16 09:26:31,2767.2,37525
2021-06-16 09:26:32,2768.95,37526
2021-06-16 09:26:33,2768.95,37526
2021-06-16 09:26:34,2769.15,37606
2021-06-16 09:26:35,2769.15,37606
2021-06-16 09:26:36,2769.15,37606
2021-06-16 09:26:37,2769.3,37615
2021-06-16 09:26:38,2769.3,37615
2021-06-16 09:26:39,2767.65,37669
2021-06-16 09:26:40,2767.65,37669
2021-06-16 09:26:41,2767.65,37669
2021-06-16 09:26:42,2767.65,37669
2021-06-16 09:26:43,2769.25,37877
2021-06-16 09:26:44,2769.25,37877
2021-06-16 09:26:45,2767.7,37880
2021-06-16 09:26:46,2767.7,37880
2021-06-16 09:26:48,2767.7,37880
2021-06-16 09:26:49,2767.7,37880
2021-06-16 09:26:50,2767.7,37880
2021-06-16 09:26:51,2769.25,37898
2021-06-16 09:26:52,2768.5,37903
2021-06-16 09:26:53,2767.7,37947
2021-06-16 09:26:54,2767.7,37947
2021-06-16 09:26:55,2767.7,37947
2021-06-16 09:26:56,2767.7,37947
2021-06-16 09:26:57,2769.1,37974
2021-06-16 09:26:58,2767.7,37982
2021-06-16 09:27:01,2767.7,37982
2021-06-16 09:27:02,2767.7,37982
2021-06-16 09:27:03,2767.7,37982
2021-06-16 09:27:05,2767.7,37982
2021-06-16 09:27:08,2767.7,37982
2021-06-16 09:27:09,2767.8,38006
2021-06-16 09:27:10,2767.8,38006
2021-06-16 09:27:11,2769.25,38307
2021-06-16 09:27:12,2767.9,38357
2021-06-16 09:27:13,2767.95,38420
2021-06-16 09:27:14,2767.95,38420
2021-06-16 09:27:15,2768.95,38473
2021-06-16 09:27:16,2767.4,38863
2021-06-16 09:27:17,2767.3,38865
2021-06-16 09:27:18,2767.4,38867
2021-06-16 09:27:19,2766.65,38916
2021-06-16 09:27:20,2766.65,38916
2021-06-16 09:27:22,2766.65,38922
2021-06-16 09:27:23,2766.65,38922
2021-06-16 09:27:24,2766.0,38943
2021-06-16 09:27:25,2767.5,39043
2021-06-16 09:27:26,2767.5,39043
2021-06-16 09:27:27,2767.5,39043
2021-06-16 09:27:28,2765.25,39115
2021-06-16 09:27:29,2766.0,39175
2021-06-16 09:27:30,2765.15,39327
2021-06-16 09:27:31,2765.15,39327
2021-06-16 09:27:32,2765.15,39327
2021-06-16 09:27:33,2765.15,39327
2021-06-16 09:27:34,2765.2,39330
2021-06-16 09:27:35,2765.2,39330
2021-06-16 09:27:36,2765.2,39330
2021-06-16 09:27:37,2765.2,39330
2021-06-16 09:27:38,2765.2,39330
2021-06-16 09:27:39,2765.2,39330
2021-06-16 09:27:40,2766.3,39332
2021-06-16 09:27:41,2766.3,39341
2021-06-16 09:27:44,2765.2,39345
2021-06-16 09:27:45,2766.15,39355
2021-06-16 09:27:46,2766.15,39355
2021-06-16 09:27:47,2766.15,39355
2021-06-16 09:27:48,2766.15,39455
2021-06-16 09:27:49,2766.15,39457
2021-06-16 09:27:50,2765.3,39463
2021-06-16 09:27:51,2765.7,39464
2021-06-16 09:27:52,2765.95,39482
2021-06-16 09:27:53,2765.15,39603
2021-06-16 09:27:54,2765.15,39603
2021-06-16 09:27:55,2765.9,39614
2021-06-16 09:27:56,2765.9,39614
2021-06-16 09:27:57,2765.9,39614
2021-06-16 09:27:58,2765.55,39626
2021-06-16 09:27:59,2765.55,39626
2021-06-16 09:28:00,2762.2,40664
2021-06-16 09:28:01,2761.0,41042
2021-06-16 09:28:02,2761.0,41042
2021-06-16 09:28:03,2761.0,41042
2021-06-16 09:28:04,2761.0,41042
2021-06-16 09:28:05,2761.0,41042
2021-06-16 09:28:06,2761.95,41092
2021-06-16 09:28:07,2761.9,41148
2021-06-16 09:28:08,2760.8,41153
2021-06-16 09:28:09,2760.8,41153
2021-06-16 09:28:10,2761.15,41183
2021-06-16 09:28:11,2761.15,41183
2021-06-16 09:28:12,2762.05,41455
2021-06-16 09:28:13,2762.95,41456
2021-06-16 09:28:14,2762.95,41456
2021-06-16 09:28:15,2763.45,41506
2021-06-16 09:28:16,2763.45,41506
2021-06-16 09:28:17,2762.15,41517
2021-06-16 09:28:18,2762.15,41517
2021-06-16 09:28:19,2762.15,41517
2021-06-16 09:28:20,2763.65,41518
2021-06-16 09:28:22,2763.5,41538
2021-06-16 09:28:23,2763.5,41540
2021-06-16 09:28:24,2763.5,41540
2021-06-16 09:28:26,2763.65,41552
2021-06-16 09:28:27,2763.65,41567
2021-06-16 09:28:28,2762.4,41571
2021-06-16 09:28:29,2763.65,41572
2021-06-16 09:28:30,2763.65,41575
2021-06-16 09:28:31,2763.65,41575
2021-06-16 09:28:32,2763.65,41575
2021-06-16 09:28:33,2763.65,41575
2021-06-16 09:28:34,2762.35,41585
2021-06-16 09:28:35,2762.35,41585
2021-06-16 09:28:36,2762.35,41585
2021-06-16 09:28:37,2762.35,41585
2021-06-16 09:28:38,2762.35,41585
2021-06-16 09:28:39,2762.35,41585
2021-06-16 09:28:40,2762.35,41585
2021-06-16 09:28:41,2762.35,41585
2021-06-16 09:28:42,2762.35,41585
2021-06-16 09:28:43,2764.25,41635
2021-06-16 09:28:44,2763.3,41642
2021-06-16 09:28:45,2763.3,41642
2021-06-16 09:28:46,2763.3,41642
2021-06-16 09:28:47,2763.3,41642
2021-06-16 09:28:48,2764.95,41652
2021-06-16 09:28:51,2763.45,41667
2021-06-16 09:28:52,2763.45,41667
2021-06-16 09:28:53,2762.0,41727
2021-06-16 09:28:54,2764.2,41732
2021-06-16 09:28:55,2764.2,41732
2021-06-16 09:28:56,2764.0,41744
2021-06-16 09:28:57,2764.0,41744
2021-06-16 09:28:58,2763.2,41748
2021-06-16 09:29:00,2764.0,41756
2021-06-16 09:29:01,2764.0,41756
2021-06-16 09:29:02,2764.0,41756
2021-06-16 09:29:03,2765.05,42019
2021-06-16 09:29:04,2765.15,42021
2021-06-16 09:29:05,2764.1,42066
2021-06-16 09:29:06,2765.15,42069
2021-06-16 09:29:07,2765.15,42069
2021-06-16 09:29:08,2766.4,42147
2021-06-16 09:29:09,2765.15,42175
2021-06-16 09:29:10,2764.15,42181
2021-06-16 09:29:12,2764.15,42181
2021-06-16 09:29:13,2764.15,42181
2021-06-16 09:29:13,2765.15,42191
2021-06-16 09:29:14,2765.15,42191
2021-06-16 09:29:15,2764.7,42195
2021-06-16 09:29:16,2764.65,42204
2021-06-16 09:29:17,2764.65,42204
2021-06-16 09:29:18,2764.65,42204
2021-06-16 09:29:19,2764.7,42215
2021-06-16 09:29:20,2764.7,42215
2021-06-16 09:29:21,2762.75,42515
2021-06-16 09:29:22,2762.75,42515
2021-06-16 09:29:23,2762.75,42515
2021-06-16 09:29:24,2764.7,42617
2021-06-16 09:29:26,2764.7,42617
2021-06-16 09:29:26,2764.7,42617
2021-06-16 09:29:27,2764.7,42635
2021-06-16 09:29:28,2764.7,42635
2021-06-16 09:29:29,2764.7,42635
2021-06-16 09:29:30,2764.7,42635
2021-06-16 09:29:32,2764.7,42645
2021-06-16 09:29:33,2764.7,42648
2021-06-16 09:29:35,2764.7,42657
2021-06-16 09:29:36,2764.7,42657
2021-06-16 09:29:37,2764.7,42659
2021-06-16 09:29:38,2764.65,42668
2021-06-16 09:29:39,2764.65,42668
2021-06-16 09:29:40,2764.7,42670
2021-06-16 09:29:41,2764.7,42670
2021-06-16 09:29:44,2764.7,42670
2021-06-16 09:29:45,2765.15,42699
2021-06-16 09:29:46,2765.15,42699
2021-06-16 09:29:47,2764.2,42701
2021-06-16 09:29:48,2764.2,42708
2021-06-16 09:29:49,2764.2,42712
2021-06-16 09:29:51,2764.2,42712
2021-06-16 09:29:52,2765.1,42963
2021-06-16 09:29:53,2765.1,42963
2021-06-16 09:29:54,2765.1,42963
2021-06-16 09:29:55,2765.4,43018
2021-06-16 09:29:55,2765.4,43018
2021-06-16 09:29:57,2764.7,43019
2021-06-16 09:29:56,2764.7,43019
2021-06-16 09:29:58,2764.7,43020
2021-06-16 09:29:59,2764.25,43023
2021-06-16 09:30:00,2764.25,43023
2021-06-16 09:30:02,2765.4,43024
2021-06-16 09:30:01,2765.4,43024
2021-06-16 09:30:04,2765.15,43029
2021-06-16 09:30:03,2765.15,43029
2021-06-16 09:30:06,2765.3,43046
2021-06-16 09:30:06,2765.3,43046
2021-06-16 09:30:07,2765.15,43062
2021-06-16 09:30:08,2763.65,43072
2021-06-16 09:30:10,2765.0,43074
2021-06-16 09:30:09,2765.0,43074
2021-06-16 09:30:11,2766.0,43580
2021-06-16 09:30:12,2766.0,43580
2021-06-16 09:30:13,2765.9,43585
2021-06-16 09:30:14,2765.9,43585
2021-06-16 09:30:15,2765.9,43585
2021-06-16 09:30:16,2764.7,43626
2021-06-16 09:30:17,2764.95,43636
2021-06-16 09:30:18,2765.0,43728
2021-06-16 09:30:19,2765.0,43728
2021-06-16 09:30:20,2765.0,43728
2021-06-16 09:30:21,2765.0,43728
2021-06-16 09:30:22,2765.0,43728
2021-06-16 09:30:23,2765.05,43731
2021-06-16 09:30:24,2765.55,43732
2021-06-16 09:30:25,2765.55,43732
2021-06-16 09:30:26,2765.55,43732
2021-06-16 09:30:28,2765.55,43737
2021-06-16 09:30:28,2765.55,43737
2021-06-16 09:30:30,2765.55,43737
2021-06-16 09:30:32,2765.55,43737
2021-06-16 09:30:33,2765.55,43737
2021-06-16 09:30:34,2765.55,43737
2021-06-16 09:30:36,2765.0,43741
2021-06-16 09:30:35,2765.0,43741
2021-06-16 09:30:37,2765.0,43741
2021-06-16 09:30:38,2765.0,43776
2021-06-16 09:30:40,2765.7,43796
2021-06-16 09:30:41,2765.7,43796
2021-06-16 09:30:42,2765.9,43816
2021-06-16 09:30:43,2765.9,43816
2021-06-16 09:30:44,2765.9,43816
2021-06-16 09:30:45,2765.9,43824
2021-06-16 09:30:46,2765.9,43824
2021-06-16 09:30:47,2766.0,43860
2021-06-16 09:30:49,2765.9,43871
2021-06-16 09:30:50,2765.9,43871
2021-06-16 09:30:51,2765.9,43871
2021-06-16 09:30:51,2766.3,43873
2021-06-16 09:30:52,2766.3,43873
2021-06-16 09:30:53,2766.4,43874
2021-06-16 09:30:54,2767.0,43876
2021-06-16 09:30:55,2767.0,43876
2021-06-16 09:30:56,2767.0,43876
2021-06-16 09:30:57,2767.0,43877
2021-06-16 09:30:58,2766.75,43881
2021-06-16 09:30:59,2767.0,43928
2021-06-16 09:31:00,2767.7,43943
2021-06-16 09:31:01,2768.0,43976
2021-06-16 09:31:02,2768.0,43976
2021-06-16 09:31:03,2768.0,43976
2021-06-16 09:31:05,2768.95,44176
2021-06-16 09:31:05,2768.95,44176
2021-06-16 09:31:06,2768.95,44176
2021-06-16 09:31:07,2768.95,44176
2021-06-16 09:31:08,2768.8,44184
2021-06-16 09:31:09,2768.8,44184
2021-06-16 09:31:10,2768.0,44267
2021-06-16 09:31:11,2768.0,44505
2021-06-16 09:31:12,2767.7,44557
2021-06-16 09:31:13,2767.7,44557
2021-06-16 09:31:14,2767.7,44557
2021-06-16 09:31:15,2767.7,44557
2021-06-16 09:31:16,2767.85,44565
2021-06-16 09:31:17,2767.85,44565
2021-06-16 09:31:19,2767.85,44575
2021-06-16 09:31:19,2767.85,44575
2021-06-16 09:31:21,2767.85,44581
2021-06-16 09:31:22,2767.0,44606
2021-06-16 09:31:23,2765.9,44628
2021-06-16 09:31:24,2767.7,44639
2021-06-16 09:31:24,2767.7,44639
2021-06-16 09:31:26,2767.7,44639
2021-06-16 09:31:26,2767.7,44639
2021-06-16 09:31:27,2766.15,44649
2021-06-16 09:31:28,2766.45,44657
2021-06-16 09:31:29,2767.7,44685
2021-06-16 09:31:30,2767.7,44686
2021-06-16 09:31:31,2767.7,44886
2021-06-16 09:31:32,2767.7,44886
2021-06-16 09:31:33,2766.75,44892
2021-06-16 09:31:34,2766.75,44892
2021-06-16 09:31:35,2766.75,44892
2021-06-16 09:31:36,2767.45,44893
2021-06-16 09:31:38,2767.6,44895
2021-06-16 09:31:39,2767.65,44896
2021-06-16 09:31:40,2767.65,44897
2021-06-16 09:31:40,2767.65,44897
2021-06-16 09:31:41,2767.65,44897
2021-06-16 09:31:43,2767.65,44897
2021-06-16 09:31:44,2767.65,44899
2021-06-16 09:31:46,2767.95,44923
2021-06-16 09:31:48,2766.75,45073
2021-06-16 09:31:49,2766.75,45073
2021-06-16 09:31:50,2768.0,45079
2021-06-16 09:31:51,2768.0,45079
2021-06-16 09:31:52,2768.0,45079
2021-06-16 09:31:52,2768.0,45079
2021-06-16 09:31:53,2767.7,45083
2021-06-16 09:31:54,2767.7,45103
2021-06-16 09:31:55,2767.35,45105
2021-06-16 09:31:57,2767.0,45244
2021-06-16 09:31:58,2767.0,45244
2021-06-16 09:31:59,2767.0,45295
2021-06-16 09:32:00,2767.0,45295
2021-06-16 09:32:01,2767.0,45296
2021-06-16 09:32:02,2766.85,45298
2021-06-16 09:32:03,2767.0,45303
2021-06-16 09:32:04,2767.0,45303
2021-06-16 09:32:04,2767.1,45306
2021-06-16 09:32:05,2767.1,45306
2021-06-16 09:32:06,2767.0,45351
2021-06-16 09:32:07,2767.1,45354
2021-06-16 09:32:08,2767.1,45354
2021-06-16 09:32:10,2767.1,45354
2021-06-16 09:32:10,2767.1,45354
2021-06-16 09:32:11,2767.1,45363
2021-06-16 09:32:13,2767.7,45378
2021-06-16 09:32:14,2767.7,45378
2021-06-16 09:32:15,2768.0,45388
2021-06-16 09:32:15,2768.0,45388
2021-06-16 09:32:17,2767.05,45394
2021-06-16 09:32:18,2767.05,45395
2021-06-16 09:32:21,2767.05,45395
2021-06-16 09:32:21,2767.05,45395
2021-06-16 09:32:23,2767.05,45395
2021-06-16 09:32:25,2767.05,45395
2021-06-16 09:32:26,2767.05,45395
2021-06-16 09:32:27,2768.0,45406
2021-06-16 09:32:27,2768.0,45406
2021-06-16 09:32:28,2768.0,45406
2021-06-16 09:32:29,2767.1,45441
2021-06-16 09:32:33,2767.15,45449
2021-06-16 09:32:33,2767.15,45449
2021-06-16 09:32:35,2767.15,45449
2021-06-16 09:32:35,2768.0,45452
2021-06-16 09:32:36,2768.0,45452
2021-06-16 09:32:37,2768.0,45452
2021-06-16 09:32:38,2768.0,45452
2021-06-16 09:32:40,2768.0,45452
2021-06-16 09:32:41,2768.0,45452
2021-06-16 09:32:42,2768.0,45452
2021-06-16 09:32:42,2768.0,45452
2021-06-16 09:32:43,2768.0,45452
2021-06-16 09:32:44,2768.0,45462
2021-06-16 09:32:45,2768.0,45462
2021-06-16 09:32:46,2768.0,45462
2021-06-16 09:32:47,2768.0,45462
2021-06-16 09:32:48,2768.0,45462
2021-06-16 09:32:49,2767.1,45529
2021-06-16 09:32:50,2767.1,45529
2021-06-16 09:32:51,2767.1,45529
2021-06-16 09:32:52,2766.75,45650
2021-06-16 09:32:53,2767.3,45750
2021-06-16 09:32:54,2767.3,45750
2021-06-16 09:32:56,2767.3,45750
2021-06-16 09:32:57,2767.3,45750
2021-06-16 09:32:58,2767.2,45760
2021-06-16 09:32:59,2766.95,45767
2021-06-16 09:33:00,2766.95,45767
2021-06-16 09:33:01,2766.95,45767
2021-06-16 09:33:03,2765.7,45827
2021-06-16 09:33:05,2766.65,45977
2021-06-16 09:33:06,2766.65,45985
2021-06-16 09:33:07,2766.65,45990
2021-06-16 09:33:07,2766.65,45990
2021-06-16 09:33:08,2766.65,45990
2021-06-16 09:33:09,2766.65,45990
2021-06-16 09:33:10,2766.65,45990
2021-06-16 09:33:12,2766.65,45990
2021-06-16 09:33:13,2766.3,45992
2021-06-16 09:33:14,2766.3,46005
2021-06-16 09:33:14,2766.3,46005
2021-06-16 09:33:15,2766.5,46022
2021-06-16 09:33:16,2766.5,46026
2021-06-16 09:33:17,2766.5,46026
2021-06-16 09:33:18,2766.5,46026
2021-06-16 09:33:19,2766.5,46026
2021-06-16 09:33:20,2766.0,46028
2021-06-16 09:33:21,2766.0,46028
2021-06-16 09:33:22,2766.0,46028
2021-06-16 09:33:24,2765.9,46091
2021-06-16 09:33:25,2765.9,46091
2021-06-16 09:33:25,2765.9,46091
2021-06-16 09:33:27,2765.9,46116
2021-06-16 09:33:27,2765.9,46116
2021-06-16 09:33:28,2765.9,46116
2021-06-16 09:33:30,2765.2,46131
2021-06-16 09:33:31,2765.2,46131
2021-06-16 09:33:32,2765.6,46132
2021-06-16 09:33:32,2765.6,46132
2021-06-16 09:33:33,2766.45,46190
2021-06-16 09:33:35,2766.45,46190
2021-06-16 09:33:36,2765.25,46290
2021-06-16 09:33:37,2765.25,46290
2021-06-16 09:33:38,2765.25,46290
2021-06-16 09:33:39,2766.9,46293
2021-06-16 09:33:40,2764.55,46688
2021-06-16 09:33:40,2764.55,46688
2021-06-16 09:33:42,2764.55,46688
2021-06-16 09:33:43,2764.55,46688
2021-06-16 09:33:44,2764.55,46688
2021-06-16 09:33:45,2764.55,46688
2021-06-16 09:33:46,2765.55,46694
2021-06-16 09:33:46,2765.55,46694
2021-06-16 09:33:47,2765.55,46694
2021-06-16 09:33:48,2765.55,46694
2021-06-16 09:33:49,2765.6,46704
2021-06-16 09:33:51,2764.6,46749
2021-06-16 09:33:52,2765.3,46942
2021-06-16 09:33:53,2765.3,46942
2021-06-16 09:33:53,2765.3,46942
2021-06-16 09:33:55,2765.05,46951
2021-06-16 09:33:55,2765.05,46955
2021-06-16 09:33:57,2765.05,46955
2021-06-16 09:33:59,2765.0,46956
2021-06-16 09:34:00,2765.0,46956
2021-06-16 09:34:01,2765.0,47058
2021-06-16 09:34:02,2765.0,47066
2021-06-16 09:34:03,2765.0,47066
2021-06-16 09:34:03,2765.0,47066
2021-06-16 09:34:05,2765.0,47066
2021-06-16 09:34:07,2765.0,47080
2021-06-16 09:34:08,2765.0,47080
2021-06-16 09:34:09,2765.0,47080
2021-06-16 09:34:09,2765.0,47080
2021-06-16 09:34:10,2765.0,47080
2021-06-16 09:34:11,2765.0,47080
2021-06-16 09:34:12,2764.5,47081
2021-06-16 09:34:13,2764.5,47081
2021-06-16 09:34:14,2763.65,47181
2021-06-16 09:34:15,2764.55,47198
2021-06-16 09:34:16,2764.55,47198
2021-06-16 09:34:17,2763.65,47208
2021-06-16 09:34:18,2763.65,47246
2021-06-16 09:34:19,2763.05,47247
2021-06-16 09:34:20,2763.05,47247
2021-06-16 09:34:21,2763.05,47247
2021-06-16 09:34:23,2764.0,47585
2021-06-16 09:34:24,2763.4,47635
2021-06-16 09:34:25,2763.4,47635
2021-06-16 09:34:26,2763.4,47635
2021-06-16 09:34:27,2763.4,47635
2021-06-16 09:34:28,2763.4,47635
2021-06-16 09:34:29,2764.8,47640
2021-06-16 09:34:30,2764.2,47662
2021-06-16 09:34:31,2764.2,47662
2021-06-16 09:34:31,2764.2,47662
2021-06-16 09:34:32,2764.2,47662
2021-06-16 09:34:33,2764.0,47678
2021-06-16 09:34:34,2764.0,47678
2021-06-16 09:34:36,2764.0,47678
2021-06-16 09:34:36,2764.0,47678
2021-06-16 09:34:37,2764.0,47678
2021-06-16 09:34:39,2764.0,47678
2021-06-16 09:34:40,2764.0,47678
2021-06-16 09:34:41,2764.0,47678
2021-06-16 09:34:42,2764.0,47678
2021-06-16 09:34:43,2764.0,47678
2021-06-16 09:34:47,2762.85,47868
2021-06-16 09:34:48,2762.85,47868
2021-06-16 09:34:49,2762.85,47868
2021-06-16 09:34:49,2762.85,47868
2021-06-16 09:34:51,2762.85,47868
2021-06-16 09:34:52,2764.45,47930
2021-06-16 09:34:53,2764.45,47930
2021-06-16 09:34:54,2763.15,47950
2021-06-16 09:34:55,2763.2,47955
2021-06-16 09:34:56,2763.2,47966
2021-06-16 09:34:56,2763.2,47966
2021-06-16 09:34:57,2763.15,47981
2021-06-16 09:34:58,2763.15,47981
2021-06-16 09:34:59,2764.4,48030
2021-06-16 09:35:00,2764.4,48030
2021-06-16 09:35:01,2764.4,48030
2021-06-16 09:35:02,2764.4,48030
2021-06-16 09:35:03,2764.4,48030
2021-06-16 09:35:04,2764.4,48030
2021-06-16 09:35:05,2764.4,48033
2021-06-16 09:35:07,2764.4,48033
2021-06-16 09:35:08,2764.35,48039
2021-06-16 09:35:09,2762.95,48040
2021-06-16 09:35:10,2762.95,48040
2021-06-16 09:35:11,2762.95,48040
2021-06-16 09:35:12,2762.95,48040
2021-06-16 09:35:13,2763.0,48042
2021-06-16 09:35:14,2763.0,48042
2021-06-16 09:35:14,2763.0,48042
2021-06-16 09:35:15,2763.0,48042
2021-06-16 09:35:16,2763.0,48042
2021-06-16 09:35:17,2763.0,48042
2021-06-16 09:35:18,2762.85,48053
2021-06-16 09:35:19,2762.85,48149
2021-06-16 09:35:20,2762.85,48149
2021-06-16 09:35:21,2762.85,48159
2021-06-16 09:35:24,2762.85,48159
2021-06-16 09:35:25,2763.15,48165
2021-06-16 09:35:26,2763.15,48165
2021-06-16 09:35:27,2763.2,48167
2021-06-16 09:35:28,2763.2,48167
2021-06-16 09:35:29,2762.7,48177
2021-06-16 09:35:30,2762.7,48177
2021-06-16 09:35:31,2762.7,48181
2021-06-16 09:35:32,2762.7,48181
2021-06-16 09:35:33,2762.7,48181
2021-06-16 09:35:34,2762.7,48181
2021-06-16 09:35:35,2762.7,48181
2021-06-16 09:35:35,2762.7,48181
2021-06-16 09:35:36,2762.25,48183
2021-06-16 09:35:37,2763.4,48190
2021-06-16 09:35:39,2762.2,48200
2021-06-16 09:35:40,2762.2,48200
2021-06-16 09:35:41,2762.25,48202
2021-06-16 09:35:42,2762.25,48202
2021-06-16 09:35:43,2762.25,48202
2021-06-16 09:35:44,2762.25,48202
2021-06-16 09:35:44,2762.25,48202
2021-06-16 09:35:46,2762.25,48252
2021-06-16 09:35:47,2762.25,48252
2021-06-16 09:35:48,2762.25,48252
2021-06-16 09:35:49,2762.25,48253
2021-06-16 09:35:50,2762.25,48253
2021-06-16 09:35:51,2762.25,48253
2021-06-16 09:35:52,2762.25,48253
2021-06-16 09:35:53,2762.65,48254
2021-06-16 09:35:54,2762.65,48254
2021-06-16 09:35:55,2762.65,48254
2021-06-16 09:35:56,2762.15,48628
2021-06-16 09:35:57,2762.05,48629
2021-06-16 09:35:58,2762.05,48629
2021-06-16 09:36:00,2762.05,48629
2021-06-16 09:36:01,2762.1,48635
2021-06-16 09:36:03,2762.1,48663
2021-06-16 09:36:04,2762.1,48664
2021-06-16 09:36:05,2762.05,48669
2021-06-16 09:36:06,2763.0,48779
2021-06-16 09:36:07,2763.0,48779
2021-06-16 09:36:08,2763.0,48779
2021-06-16 09:36:09,2763.0,48779
2021-06-16 09:36:10,2763.0,48779
2021-06-16 09:36:10,2763.0,48779
2021-06-16 09:36:12,2763.0,48779
2021-06-16 09:36:13,2763.0,48779
2021-06-16 09:36:14,2762.9,48780
2021-06-16 09:36:15,2763.0,48781
2021-06-16 09:36:15,2763.0,48781
2021-06-16 09:36:16,2763.0,48788
2021-06-16 09:36:17,2763.0,48790
2021-06-16 09:36:19,2763.0,48890
2021-06-16 09:36:20,2763.0,48890
2021-06-16 09:36:21,2763.0,48892
2021-06-16 09:36:21,2763.0,48892
2021-06-16 09:36:23,2763.0,48892
2021-06-16 09:36:24,2762.9,48899
2021-06-16 09:36:26,2762.9,48899
2021-06-16 09:36:27,2762.9,48899
2021-06-16 09:36:28,2762.9,48899
2021-06-16 09:36:29,2762.9,48899
2021-06-16 09:36:30,2762.9,48899
2021-06-16 09:36:31,2762.85,48900
2021-06-16 09:36:32,2762.85,48900
2021-06-16 09:36:32,2762.85,48900
2021-06-16 09:36:35,2762.85,48900
2021-06-16 09:36:36,2762.0,49031
2021-06-16 09:36:37,2762.0,49031
2021-06-16 09:36:38,2762.8,49032
2021-06-16 09:36:39,2762.8,49032
2021-06-16 09:36:40,2761.0,49068
2021-06-16 09:36:41,2761.05,49077
2021-06-16 09:36:42,2761.05,49081
2021-06-16 09:36:43,2761.05,49084
2021-06-16 09:36:44,2761.05,49087
2021-06-16 09:36:45,2761.0,49219
2021-06-16 09:36:45,2761.0,49219
2021-06-16 09:36:47,2762.0,49319
2021-06-16 09:36:48,2761.95,49520
2021-06-16 09:36:48,2761.95,49520
2021-06-16 09:36:51,2762.6,49556
2021-06-16 09:36:53,2762.65,49567
2021-06-16 09:36:54,2762.35,49574
2021-06-16 09:36:55,2762.35,49600
2021-06-16 09:36:56,2760.5,49612
2021-06-16 09:36:57,2760.5,49612
2021-06-16 09:36:58,2760.5,49612
2021-06-16 09:37:00,2760.0,50249
2021-06-16 09:37:01,2760.0,50249
2021-06-16 09:37:02,2760.0,50249
2021-06-16 09:37:03,2760.0,50249
2021-06-16 09:37:04,2760.0,50249
2021-06-16 09:37:05,2760.0,50249
2021-06-16 09:37:05,2760.0,50249
2021-06-16 09:37:07,2761.9,50250
2021-06-16 09:37:07,2760.55,50405
2021-06-16 09:37:09,2760.55,50405
2021-06-16 09:37:09,2760.55,50405
2021-06-16 09:37:10,2760.55,50405
2021-06-16 09:37:12,2760.55,50405
2021-06-16 09:37:13,2760.55,50405
2021-06-16 09:37:13,2761.35,50406
2021-06-16 09:37:15,2761.35,50406
2021-06-16 09:37:15,2761.9,50413
2021-06-16 09:37:16,2761.9,50413
2021-06-16 09:37:18,2761.9,50413
2021-06-16 09:37:19,2761.9,50413
2021-06-16 09:37:19,2761.9,50413
2021-06-16 09:37:21,2761.9,50413
2021-06-16 09:37:22,2761.9,50413
2021-06-16 09:37:23,2761.9,50421
2021-06-16 09:37:24,2761.9,50421
2021-06-16 09:37:25,2761.9,50421
2021-06-16 09:37:25,2761.9,50421
2021-06-16 09:37:27,2761.9,50421
2021-06-16 09:37:29,2761.9,50421
2021-06-16 09:37:29,2761.85,50422
2021-06-16 09:37:30,2761.9,50619
2021-06-16 09:37:31,2761.9,50619
2021-06-16 09:37:32,2761.9,50619
2021-06-16 09:37:33,2761.9,50619
2021-06-16 09:37:34,2761.9,50619
2021-06-16 09:37:35,2760.95,50627
2021-06-16 09:37:36,2760.75,50654
2021-06-16 09:37:38,2760.95,50664
2021-06-16 09:37:38,2760.95,50783
2021-06-16 09:37:40,2760.95,50783
2021-06-16 09:37:41,2760.95,50788
2021-06-16 09:37:41,2760.95,50788
2021-06-16 09:37:42,2760.95,50788
2021-06-16 09:37:43,2760.95,50788
2021-06-16 09:37:45,2760.95,50788
2021-06-16 09:37:46,2761.85,50803
2021-06-16 09:37:47,2761.0,50828
2021-06-16 09:37:48,2761.0,50828
2021-06-16 09:37:49,2761.0,50828
2021-06-16 09:37:50,2761.0,50828
2021-06-16 09:37:51,2761.0,50829
2021-06-16 09:37:52,2761.0,50829
2021-06-16 09:37:53,2761.0,50833
2021-06-16 09:37:54,2761.0,50858
2021-06-16 09:37:55,2761.0,50858
2021-06-16 09:37:56,2762.0,50955
2021-06-16 09:37:57,2760.85,50995
2021-06-16 09:37:58,2760.9,50999
2021-06-16 09:37:59,2761.0,51011
2021-06-16 09:38:00,2761.0,51011
2021-06-16 09:38:01,2761.0,51011
2021-06-16 09:38:02,2761.0,51018
2021-06-16 09:38:03,2761.0,51021
2021-06-16 09:38:04,2761.0,51022
2021-06-16 09:38:05,2760.85,51038
2021-06-16 09:38:06,2760.0,51040
2021-06-16 09:38:07,2760.0,51040
2021-06-16 09:38:08,2760.0,51040
2021-06-16 09:38:09,2760.0,51424
2021-06-16 09:38:10,2760.0,51424
2021-06-16 09:38:11,2760.0,51424
2021-06-16 09:38:12,2760.0,51424
2021-06-16 09:38:13,2760.0,51424
2021-06-16 09:38:14,2760.0,51424
2021-06-16 09:38:15,2759.35,51457
2021-06-16 09:38:16,2759.35,51457
2021-06-16 09:38:18,2760.05,51459
2021-06-16 09:38:19,2760.05,51459
2021-06-16 09:38:20,2760.05,51459
2021-06-16 09:38:21,2759.6,51509
2021-06-16 09:38:22,2759.6,51509
2021-06-16 09:38:23,2759.6,51509
2021-06-16 09:38:24,2759.6,51509
2021-06-16 09:38:25,2759.7,51520
2021-06-16 09:38:26,2760.55,51526
2021-06-16 09:38:27,2760.55,51527
2021-06-16 09:38:28,2760.55,51527
2021-06-16 09:38:29,2759.75,51528
2021-06-16 09:38:30,2759.75,51528
2021-06-16 09:38:31,2758.4,51827
2021-06-16 09:38:33,2758.95,51851
2021-06-16 09:38:34,2758.95,51851
2021-06-16 09:38:36,2759.75,51853
2021-06-16 09:38:38,2759.75,51857
2021-06-16 09:38:40,2759.75,51857
2021-06-16 09:38:41,2758.7,51957
2021-06-16 09:38:42,2758.7,51957
2021-06-16 09:38:43,2758.7,51957
2021-06-16 09:38:44,2758.7,51957
2021-06-16 09:38:45,2758.7,51957
2021-06-16 09:38:46,2758.7,51957
2021-06-16 09:38:47,2760.0,52136
2021-06-16 09:38:48,2760.0,52136
2021-06-16 09:38:49,2760.0,52136
2021-06-16 09:38:50,2760.0,52136
2021-06-16 09:38:51,2760.0,52136
2021-06-16 09:38:52,2760.65,52146
2021-06-16 09:38:53,2760.65,52146
2021-06-16 09:38:54,2760.0,52229
2021-06-16 09:38:55,2760.0,52233
2021-06-16 09:38:56,2760.0,52240
2021-06-16 09:38:57,2760.0,52242
2021-06-16 09:38:58,2760.0,52243
2021-06-16 09:38:59,2760.0,52243
2021-06-16 09:39:00,2760.0,52243
2021-06-16 09:39:01,2760.0,52250
2021-06-16 09:39:02,2760.0,52255
2021-06-16 09:39:03,2760.0,52255
2021-06-16 09:39:06,2759.75,52257
2021-06-16 09:39:07,2759.75,52257
2021-06-16 09:39:08,2760.0,52267
2021-06-16 09:39:09,2760.0,52267
2021-06-16 09:39:10,2760.0,52267
2021-06-16 09:39:11,2760.0,52267
2021-06-16 09:39:12,2760.0,52304
2021-06-16 09:39:13,2760.0,52359
2021-06-16 09:39:14,2760.0,52363
2021-06-16 09:39:15,2760.0,52373
2021-06-16 09:39:16,2760.0,52393
2021-06-16 09:39:17,2762.0,52474
2021-06-16 09:39:18,2762.0,52474
2021-06-16 09:39:19,2762.0,52474
2021-06-16 09:39:21,2762.0,52475
2021-06-16 09:39:22,2762.0,52475
2021-06-16 09:39:23,2761.75,52481
2021-06-16 09:39:24,2761.4,52482
2021-06-16 09:39:25,2760.4,52542
2021-06-16 09:39:26,2761.8,52642
2021-06-16 09:39:27,2761.8,52642
2021-06-16 09:39:28,2761.8,52642
2021-06-16 09:39:29,2760.5,52643
2021-06-16 09:39:30,2760.5,52643
2021-06-16 09:39:31,2760.5,52643
2021-06-16 09:39:32,2760.5,52643
2021-06-16 09:39:33,2759.8,52994
2021-06-16 09:39:34,2761.25,52999
2021-06-16 09:39:36,2761.25,52999
2021-06-16 09:39:37,2760.0,53000
2021-06-16 09:39:38,2760.0,53000
2021-06-16 09:39:40,2760.0,53000
2021-06-16 09:39:41,2760.0,53000
2021-06-16 09:39:42,2760.0,53000
2021-06-16 09:39:43,2760.0,53090
2021-06-16 09:39:45,2760.0,53113
2021-06-16 09:39:46,2760.0,53113
2021-06-16 09:39:47,2760.0,53138
2021-06-16 09:39:48,2760.0,53138
2021-06-16 09:39:49,2760.0,53138
2021-06-16 09:39:50,2760.0,53138
2021-06-16 09:39:51,2760.0,53138
2021-06-16 09:39:52,2760.0,53138
2021-06-16 09:39:53,2759.45,53150
2021-06-16 09:39:54,2759.45,53150
2021-06-16 09:39:56,2760.7,53300
2021-06-16 09:39:58,2760.7,53300
2021-06-16 09:40:00,2760.7,53300
2021-06-16 09:40:01,2760.7,53300
2021-06-16 09:40:02,2759.25,53316
2021-06-16 09:40:03,2760.0,53365
2021-06-16 09:40:04,2758.7,53395
2021-06-16 09:40:06,2758.25,53493
2021-06-16 09:40:07,2758.25,53493
2021-06-16 09:40:07,2759.45,53513
2021-06-16 09:40:08,2759.7,53530
2021-06-16 09:40:09,2759.8,53535
2021-06-16 09:40:10,2760.05,53636
2021-06-16 09:40:11,2759.95,53644
2021-06-16 09:40:12,2759.35,53653
2021-06-16 09:40:13,2759.35,53653
2021-06-16 09:40:14,2759.35,53653
2021-06-16 09:40:15,2759.35,53653
2021-06-16 09:40:16,2759.35,53653
2021-06-16 09:40:18,2759.35,53655
2021-06-16 09:40:18,2759.35,53655
2021-06-16 09:40:20,2758.0,53802
2021-06-16 09:40:20,2758.0,53802
2021-06-16 09:40:21,2759.35,53803
2021-06-16 09:40:22,2759.35,53803
2021-06-16 09:40:23,2759.35,53822
2021-06-16 09:40:24,2759.35,53822
2021-06-16 09:40:25,2759.35,53822
2021-06-16 09:40:26,2759.35,53822
2021-06-16 09:40:27,2758.75,53827
2021-06-16 09:40:28,2757.65,54222
2021-06-16 09:40:29,2757.65,54229
2021-06-16 09:40:30,2757.65,54229
2021-06-16 09:40:31,2757.65,54229
2021-06-16 09:40:33,2757.65,54272
2021-06-16 09:40:33,2757.65,54272
2021-06-16 09:40:34,2757.65,54272
2021-06-16 09:40:35,2757.65,54272
2021-06-16 09:40:37,2757.65,54272
2021-06-16 09:40:39,2757.4,54274
2021-06-16 09:40:40,2756.3,54415
2021-06-16 09:40:41,2757.45,54434
2021-06-16 09:40:41,2757.45,54434
2021-06-16 09:40:42,2757.45,54434
2021-06-16 09:40:43,2757.45,54434
2021-06-16 09:40:44,2757.45,54434
2021-06-16 09:40:45,2756.9,54447
2021-06-16 09:40:46,2756.9,54447
2021-06-16 09:40:48,2756.9,54447
2021-06-16 09:40:50,2755.95,54660
2021-06-16 09:40:51,2755.7,54682
2021-06-16 09:40:52,2755.7,54682
2021-06-16 09:40:53,2755.7,54682
2021-06-16 09:40:54,2757.6,54869
2021-06-16 09:40:55,2757.6,54869
2021-06-16 09:40:56,2756.5,54871
2021-06-16 09:40:58,2756.75,54986
2021-06-16 09:40:59,2757.55,54988
2021-06-16 09:41:01,2758.15,55143
2021-06-16 09:41:01,2757.55,54997
2021-06-16 09:41:02,2758.15,55143
2021-06-16 09:41:03,2758.0,55153
2021-06-16 09:41:04,2758.0,55153
2021-06-16 09:41:06,2759.45,55171
2021-06-16 09:41:07,2760.0,55221
2021-06-16 09:41:08,2760.0,55279
2021-06-16 09:41:09,2761.0,55280
2021-06-16 09:41:10,2761.0,55280
2021-06-16 09:41:13,2760.75,55282
2021-06-16 09:41:13,2761.0,55284
2021-06-16 09:41:15,2761.0,55307
2021-06-16 09:41:16,2760.95,55394
2021-06-16 09:41:16,2760.95,55394
2021-06-16 09:41:17,2760.95,55394
2021-06-16 09:41:18,2760.95,55394
2021-06-16 09:41:19,2760.65,55398
2021-06-16 09:41:21,2759.85,55413
2021-06-16 09:41:22,2759.85,55413
2021-06-16 09:41:23,2759.7,55414
2021-06-16 09:41:24,2759.7,55414
2021-06-16 09:41:25,2759.7,55414
2021-06-16 09:41:26,2759.7,55414
2021-06-16 09:41:27,2760.15,55417
2021-06-16 09:41:28,2760.15,55417
2021-06-16 09:41:30,2758.55,55418
2021-06-16 09:41:30,2758.55,55418
2021-06-16 09:41:32,2758.55,55418
2021-06-16 09:41:33,2760.8,55419
2021-06-16 09:41:35,2760.55,55519
2021-06-16 09:41:36,2760.55,55519
2021-06-16 09:41:37,2760.7,55563
2021-06-16 09:41:38,2760.7,55563
2021-06-16 09:41:40,2759.3,55575
2021-06-16 09:41:39,2760.7,55563
2021-06-16 09:41:41,2759.3,55575
2021-06-16 09:41:42,2759.3,55575
2021-06-16 09:41:43,2760.55,55576
2021-06-16 09:41:44,2760.0,55701
2021-06-16 09:41:45,2760.1,55704
2021-06-16 09:41:47,2760.85,55721
2021-06-16 09:41:47,2760.85,55721
2021-06-16 09:41:48,2760.85,55721
2021-06-16 09:41:49,2760.5,55723
2021-06-16 09:41:50,2760.5,55733
2021-06-16 09:41:51,2760.55,55739
2021-06-16 09:41:52,2760.7,55791
2021-06-16 09:41:54,2760.7,55791
2021-06-16 09:41:55,2760.7,55791
2021-06-16 09:41:56,2760.7,55791
2021-06-16 09:41:57,2760.7,55791
2021-06-16 09:41:57,2760.7,55791
2021-06-16 09:41:58,2760.5,55796
2021-06-16 09:42:00,2759.35,55817
2021-06-16 09:42:00,2759.35,55817
2021-06-16 09:42:01,2759.35,55817
2021-06-16 09:42:02,2760.9,55867
2021-06-16 09:42:03,2760.9,55867
2021-06-16 09:42:04,2760.9,55867
2021-06-16 09:42:05,2760.9,55867
2021-06-16 09:42:06,2760.9,55867
2021-06-16 09:42:08,2760.9,55867
2021-06-16 09:42:09,2754.0,58987
2021-06-16 09:42:10,2754.9,58997
2021-06-16 09:42:10,2754.9,58997
2021-06-16 09:42:12,2753.5,59505
2021-06-16 09:42:13,2750.65,60399
2021-06-16 09:42:14,2750.85,60653
2021-06-16 09:42:15,2750.9,60665
2021-06-16 09:42:16,2752.65,60675
2021-06-16 09:42:17,2752.65,60690
2021-06-16 09:42:18,2753.5,60916
2021-06-16 09:42:20,2753.65,60957
2021-06-16 09:42:21,2751.45,61382
2021-06-16 09:42:21,2753.8,61377
2021-06-16 09:42:22,2751.45,61382
2021-06-16 09:42:23,2751.45,61382
2021-06-16 09:42:24,2753.6,61443
2021-06-16 09:42:25,2751.95,61465
2021-06-16 09:42:26,2752.85,61610
2021-06-16 09:42:27,2752.85,61610
2021-06-16 09:42:28,2752.9,61634
2021-06-16 09:42:29,2752.95,61635
2021-06-16 09:42:31,2752.9,61637
2021-06-16 09:42:32,2755.0,61858
2021-06-16 09:42:33,2755.0,61858
2021-06-16 09:42:34,2755.25,61965
2021-06-16 09:42:35,2755.25,61965
2021-06-16 09:42:36,2759.25,61996
2021-06-16 09:42:37,2759.25,61996
2021-06-16 09:42:38,2759.25,61996
2021-06-16 09:42:39,2759.25,61996
2021-06-16 09:42:40,2759.6,62079
2021-06-16 09:42:42,2760.3,62300
2021-06-16 09:42:43,2760.85,62370
2021-06-16 09:42:44,2760.85,62370
2021-06-16 09:42:45,2761.0,62478
2021-06-16 09:42:46,2760.45,62480
2021-06-16 09:42:48,2760.75,62531
2021-06-16 09:42:49,2760.45,62559
2021-06-16 09:42:50,2760.45,62559
2021-06-16 09:42:51,2760.85,62568
2021-06-16 09:42:52,2760.85,62568
2021-06-16 09:42:54,2760.85,62568
2021-06-16 09:42:55,2760.55,62569
2021-06-16 09:42:55,2759.85,62594
2021-06-16 09:42:56,2759.85,62594
2021-06-16 09:42:58,2759.5,62595
2021-06-16 09:42:59,2759.5,62596
2021-06-16 09:42:59,2759.5,62596
2021-06-16 09:43:01,2760.45,62603
2021-06-16 09:43:02,2759.55,62605
2021-06-16 09:43:03,2759.55,62605
2021-06-16 09:43:04,2759.1,62615
2021-06-16 09:43:06,2759.5,62616
2021-06-16 09:43:07,2759.5,62616
2021-06-16 09:43:08,2759.5,62616
2021-06-16 09:43:09,2759.5,62616
2021-06-16 09:43:10,2759.5,62616
2021-06-16 09:43:12,2757.85,62638
2021-06-16 09:43:12,2757.85,62638
2021-06-16 09:43:13,2757.85,62638
2021-06-16 09:43:14,2757.85,62646
2021-06-16 09:43:15,2757.85,62646
2021-06-16 09:43:16,2757.85,62646
2021-06-16 09:43:17,2757.5,62663
2021-06-16 09:43:18,2756.65,62665
2021-06-16 09:43:19,2756.65,62665
2021-06-16 09:43:20,2756.65,62665
2021-06-16 09:43:21,2756.65,62665
2021-06-16 09:43:22,2756.65,62665
2021-06-16 09:43:23,2756.65,62665
2021-06-16 09:43:24,2756.65,62665
2021-06-16 09:43:25,2754.4,62915
2021-06-16 09:43:26,2754.4,62915
2021-06-16 09:43:27,2753.8,62916
2021-06-16 09:43:28,2753.8,62916
2021-06-16 09:43:29,2752.95,62919
2021-06-16 09:43:30,2752.95,62919
2021-06-16 09:43:31,2752.95,62919
2021-06-16 09:43:33,2754.1,62972
2021-06-16 09:43:34,2754.1,62972
2021-06-16 09:43:35,2753.5,62977
2021-06-16 09:43:35,2753.5,62977
2021-06-16 09:43:36,2753.5,62977
2021-06-16 09:43:37,2754.25,62988
2021-06-16 09:43:38,2754.25,63019
2021-06-16 09:43:39,2753.8,63038
2021-06-16 09:43:40,2753.8,63045
2021-06-16 09:43:41,2753.8,63045
2021-06-16 09:43:42,2754.3,63145
2021-06-16 09:43:43,2754.3,63145
2021-06-16 09:43:44,2754.3,63145
2021-06-16 09:43:45,2754.05,63253
2021-06-16 09:43:46,2754.05,63253
2021-06-16 09:43:47,2754.05,63253
2021-06-16 09:43:48,2754.05,63253
2021-06-16 09:43:49,2754.05,63253
2021-06-16 09:43:50,2753.8,63263
2021-06-16 09:43:52,2753.0,63269
2021-06-16 09:43:53,2753.8,63370
2021-06-16 09:43:54,2753.8,63370
2021-06-16 09:43:55,2753.9,63371
2021-06-16 09:43:56,2753.9,63372
2021-06-16 09:43:57,2753.9,63372
2021-06-16 09:43:59,2753.9,63372
2021-06-16 09:44:00,2753.9,63372
2021-06-16 09:44:01,2753.9,63372
2021-06-16 09:44:02,2755.55,64722
2021-06-16 09:44:02,2755.55,64722
2021-06-16 09:44:05,2753.15,64727
2021-06-16 09:44:06,2753.9,64747
2021-06-16 09:44:07,2754.55,64748
2021-06-16 09:44:08,2754.55,64826
2021-06-16 09:44:08,2753.55,64876
2021-06-16 09:44:09,2754.55,64901
2021-06-16 09:44:10,2754.55,64901
2021-06-16 09:44:11,2754.55,64907
2021-06-16 09:44:12,2754.1,64908
2021-06-16 09:44:13,2753.6,64912
2021-06-16 09:44:14,2753.0,64913
2021-06-16 09:44:15,2753.0,65033
2021-06-16 09:44:16,2753.0,65043
2021-06-16 09:44:17,2753.0,65043
2021-06-16 09:44:18,2753.0,65045
2021-06-16 09:44:19,2753.0,65045
2021-06-16 09:44:21,2754.0,65095
2021-06-16 09:44:22,2754.5,65100
2021-06-16 09:44:24,2754.5,65100
2021-06-16 09:44:25,2752.8,65150
2021-06-16 09:44:26,2752.1,65192
2021-06-16 09:44:29,2753.75,65217
2021-06-16 09:44:30,2753.9,65227
2021-06-16 09:44:31,2753.9,65227
2021-06-16 09:44:32,2753.9,65227
2021-06-16 09:44:33,2751.85,65590
2021-06-16 09:44:34,2752.2,66393
2021-06-16 09:44:34,2752.2,66386
2021-06-16 09:44:35,2752.0,66397
2021-06-16 09:44:37,2752.2,66420
2021-06-16 09:44:38,2751.0,66421
2021-06-16 09:44:39,2751.0,66421
2021-06-16 09:44:40,2752.35,66441
2021-06-16 09:44:41,2752.6,66591
2021-06-16 09:44:42,2752.05,66604
2021-06-16 09:44:43,2752.05,66609
2021-06-16 09:44:45,2752.05,66609
2021-06-16 09:44:46,2752.05,66610
2021-06-16 09:44:47,2752.05,66610
2021-06-16 09:44:48,2752.05,66644
2021-06-16 09:44:49,2752.0,66673
2021-06-16 09:44:50,2752.0,66673
2021-06-16 09:44:51,2752.0,66683
2021-06-16 09:44:51,2750.55,66783
2021-06-16 09:44:52,2750.55,66783
2021-06-16 09:44:53,2752.05,66794
2021-06-16 09:44:54,2750.65,66905
2021-06-16 09:44:55,2750.65,66905
2021-06-16 09:44:56,2750.65,66905
2021-06-16 09:44:57,2752.05,66907
2021-06-16 09:44:58,2752.05,66908
2021-06-16 09:45:00,2752.05,66908
2021-06-16 09:45:01,2752.05,66908
2021-06-16 09:45:02,2752.05,66908
2021-06-16 09:45:03,2752.05,66908
2021-06-16 09:45:04,2751.85,66913
2021-06-16 09:45:05,2751.85,66913
2021-06-16 09:45:06,2751.85,66913
2021-06-16 09:45:06,2751.85,66913
2021-06-16 09:45:07,2748.5,68553
2021-06-16 09:45:08,2747.3,68991
2021-06-16 09:45:09,2746.8,69114
2021-06-16 09:45:11,2748.4,69628
2021-06-16 09:45:12,2747.35,69939
2021-06-16 09:45:13,2748.85,69954
2021-06-16 09:45:14,2749.15,69981
2021-06-16 09:45:14,2748.5,70081
2021-06-16 09:45:15,2750.65,70272
2021-06-16 09:45:16,2750.0,70274
2021-06-16 09:45:18,2749.45,70284
2021-06-16 09:45:19,2749.45,70284
2021-06-16 09:45:20,2749.75,70364
2021-06-16 09:45:21,2749.95,70484
2021-06-16 09:45:22,2749.95,70484
2021-06-16 09:45:23,2751.0,70485
2021-06-16 09:45:24,2751.0,70491
2021-06-16 09:45:25,2749.8,70503
2021-06-16 09:45:27,2750.8,70659
2021-06-16 09:45:28,2750.8,70659
2021-06-16 09:45:29,2750.8,70659
2021-06-16 09:45:31,2750.55,70694
2021-06-16 09:45:32,2752.0,70737
2021-06-16 09:45:34,2752.5,70741
2021-06-16 09:45:35,2751.0,70771
2021-06-16 09:45:36,2751.0,70774
2021-06-16 09:45:37,2751.0,70774
2021-06-16 09:45:38,2751.0,70774
2021-06-16 09:45:39,2751.0,70795
2021-06-16 09:45:39,2751.8,70800
2021-06-16 09:45:41,2750.65,70802
2021-06-16 09:45:42,2751.8,70803
2021-06-16 09:45:43,2751.8,70803
2021-06-16 09:45:44,2751.8,70803
2021-06-16 09:45:45,2751.7,70808
2021-06-16 09:45:45,2751.8,70810
2021-06-16 09:45:46,2751.8,70830
2021-06-16 09:45:47,2750.6,70834
2021-06-16 09:45:48,2750.6,70834
2021-06-16 09:45:50,2750.65,70835
2021-06-16 09:45:51,2750.7,70838
2021-06-16 09:45:52,2750.7,70839
2021-06-16 09:45:53,2751.8,70889
2021-06-16 09:45:54,2751.8,70889
2021-06-16 09:45:55,2751.8,70889
2021-06-16 09:45:56,2750.7,70893
2021-06-16 09:45:57,2752.75,70993
2021-06-16 09:45:57,2752.75,70993
2021-06-16 09:46:01,2751.0,71053
2021-06-16 09:46:03,2751.75,71056
2021-06-16 09:46:04,2751.4,71064
2021-06-16 09:46:06,2751.4,71064
2021-06-16 09:46:08,2751.55,71073
2021-06-16 09:46:10,2751.6,71074
2021-06-16 09:46:11,2750.6,71259
2021-06-16 09:46:12,2750.6,71259
2021-06-16 09:46:13,2750.95,71309
2021-06-16 09:46:14,2750.95,71309
2021-06-16 09:46:15,2749.8,71376
2021-06-16 09:46:16,2749.8,71376
2021-06-16 09:46:17,2749.55,71377
2021-06-16 09:46:17,2749.55,71377
2021-06-16 09:46:18,2749.55,71377
2021-06-16 09:46:19,2749.55,71377
2021-06-16 09:46:20,2750.0,71396
2021-06-16 09:46:21,2750.0,71396
2021-06-16 09:46:22,2750.0,71396
2021-06-16 09:46:23,2750.0,71396
2021-06-16 09:46:25,2750.0,71396
2021-06-16 09:46:26,2750.55,71398
2021-06-16 09:46:28,2751.35,71418
2021-06-16 09:46:29,2751.35,71418
2021-06-16 09:46:29,2751.0,71507
2021-06-16 09:46:30,2751.0,71507
2021-06-16 09:46:31,2749.5,71600
2021-06-16 09:46:32,2749.5,71600
2021-06-16 09:46:34,2750.0,71615
2021-06-16 09:46:35,2750.0,71625
2021-06-16 09:46:36,2751.05,71650
2021-06-16 09:46:38,2751.0,71652
2021-06-16 09:46:39,2751.0,71653
2021-06-16 09:46:40,2751.0,71653
2021-06-16 09:46:41,2751.0,71655
2021-06-16 09:46:42,2751.0,71657
2021-06-16 09:46:43,2749.6,71672
2021-06-16 09:46:45,2748.0,71733
2021-06-16 09:46:46,2747.0,71893
2021-06-16 09:46:47,2748.7,71941
2021-06-16 09:46:49,2748.6,71951
2021-06-16 09:46:51,2748.9,71953
2021-06-16 09:46:53,2748.9,71953
2021-06-16 09:46:52,2748.9,71953
2021-06-16 09:46:54,2748.9,71953
2021-06-16 09:46:55,2748.9,71953
2021-06-16 09:46:56,2748.9,71953
2021-06-16 09:46:57,2748.9,71953
2021-06-16 09:46:58,2748.85,71955
2021-06-16 09:46:59,2748.9,71966
2021-06-16 09:47:00,2748.7,71978
2021-06-16 09:47:01,2749.55,71994
2021-06-16 09:47:01,2749.55,71994
2021-06-16 09:47:03,2748.6,72001
2021-06-16 09:47:05,2747.05,72002
2021-06-16 09:47:06,2747.05,72002
2021-06-16 09:47:07,2747.05,72002
2021-06-16 09:47:08,2747.0,72102
2021-06-16 09:47:10,2747.0,72565
2021-06-16 09:47:11,2746.15,72586
2021-06-16 09:47:13,2746.9,72600
2021-06-16 09:47:14,2746.0,72650
2021-06-16 09:47:14,2746.0,72650
2021-06-16 09:47:16,2746.0,72650
2021-06-16 09:47:18,2746.05,72654
2021-06-16 09:47:19,2746.05,72654
2021-06-16 09:47:20,2746.05,72679
2021-06-16 09:47:21,2746.05,72679
2021-06-16 09:47:22,2746.05,72679
2021-06-16 09:47:24,2746.0,72684
2021-06-16 09:47:24,2746.0,72684
2021-06-16 09:47:26,2746.95,73284
2021-06-16 09:47:28,2745.4,73291
2021-06-16 09:47:29,2745.4,73291
2021-06-16 09:47:30,2745.4,73291
2021-06-16 09:47:31,2746.4,73313
2021-06-16 09:47:32,2746.4,73313
2021-06-16 09:47:33,2745.0,73428
2021-06-16 09:47:34,2745.0,73428
2021-06-16 09:47:35,2746.4,73478
2021-06-16 09:47:35,2745.05,73488
2021-06-16 09:47:37,2746.1,73686
2021-06-16 09:47:39,2743.4,74104
2021-06-16 09:47:40,2743.5,74135
2021-06-16 09:47:41,2743.5,74135
2021-06-16 09:47:42,2743.65,74210
2021-06-16 09:47:43,2743.75,74211
2021-06-16 09:47:44,2743.75,74211
2021-06-16 09:47:45,2743.75,74211
2021-06-16 09:47:45,2744.6,74221
2021-06-16 09:47:46,2744.0,74256
2021-06-16 09:47:47,2745.5,74268
2021-06-16 09:47:49,2745.85,74269
2021-06-16 09:47:50,2745.85,74269
2021-06-16 09:47:51,2745.85,74269
2021-06-16 09:47:52,2745.85,74269
2021-06-16 09:47:53,2745.85,74270
2021-06-16 09:47:55,2744.4,74328
2021-06-16 09:47:56,2744.45,74349
2021-06-16 09:47:57,2744.45,74349
2021-06-16 09:47:58,2744.5,74350
2021-06-16 09:47:59,2744.5,74350
2021-06-16 09:47:59,2744.5,74350
2021-06-16 09:48:01,2744.5,74350
2021-06-16 09:48:02,2744.5,74350
2021-06-16 09:48:03,2744.5,74350
2021-06-16 09:48:05,2745.75,74355
2021-06-16 09:48:06,2745.75,74356
2021-06-16 09:48:07,2745.65,74360
2021-06-16 09:48:08,2744.5,74391
2021-06-16 09:48:09,2744.0,74432
2021-06-16 09:48:10,2744.0,74432
2021-06-16 09:48:11,2744.0,74432
2021-06-16 09:48:11,2744.0,74432
2021-06-16 09:48:12,2744.0,74432
2021-06-16 09:48:13,2744.0,74432
2021-06-16 09:48:14,2745.3,74469
2021-06-16 09:48:15,2745.3,74469
2021-06-16 09:48:16,2745.3,74469
2021-06-16 09:48:18,2745.1,74479
2021-06-16 09:48:19,2744.5,74489
2021-06-16 09:48:19,2743.0,74968
2021-06-16 09:48:20,2743.0,74968
2021-06-16 09:48:22,2743.55,75018
2021-06-16 09:48:23,2743.55,75018
2021-06-16 09:48:24,2743.55,75018
2021-06-16 09:48:25,2743.55,75018
2021-06-16 09:48:26,2743.55,75030
2021-06-16 09:48:27,2743.55,75030
2021-06-16 09:48:28,2743.55,75030
2021-06-16 09:48:29,2742.25,75050
2021-06-16 09:48:30,2742.0,75251
2021-06-16 09:48:31,2742.25,75268
2021-06-16 09:48:32,2742.25,75273
2021-06-16 09:48:33,2742.35,75283
2021-06-16 09:48:34,2742.5,75293
2021-06-16 09:48:35,2742.5,75293
2021-06-16 09:48:36,2742.0,75353
2021-06-16 09:48:37,2741.95,75354
2021-06-16 09:48:38,2741.3,75844
2021-06-16 09:48:40,2741.3,75844
2021-06-16 09:48:39,2741.3,75844
2021-06-16 09:48:41,2741.8,75892
2021-06-16 09:48:42,2741.8,75892
2021-06-16 09:48:43,2741.0,75902
2021-06-16 09:48:45,2741.3,76166
2021-06-16 09:48:44,2741.0,76116
2021-06-16 09:48:47,2741.85,76183
2021-06-16 09:48:48,2741.55,76185
2021-06-16 09:48:49,2742.0,76188
2021-06-16 09:48:50,2742.0,76188
2021-06-16 09:48:51,2741.6,76194
2021-06-16 09:48:52,2741.6,76205
2021-06-16 09:48:53,2742.1,76292
2021-06-16 09:48:54,2743.8,76314
2021-06-16 09:48:55,2744.0,76318
2021-06-16 09:48:56,2742.3,76321
2021-06-16 09:48:58,2743.95,76324
2021-06-16 09:48:57,2743.95,76324
2021-06-16 09:48:59,2743.95,76324
2021-06-16 09:49:00,2743.95,76324
2021-06-16 09:49:03,2744.0,76414
2021-06-16 09:49:04,2744.0,76419
2021-06-16 09:49:06,2744.0,76459
2021-06-16 09:49:08,2743.7,76474
2021-06-16 09:49:09,2743.7,76474
2021-06-16 09:49:10,2743.7,76474
2021-06-16 09:49:12,2743.7,76474
2021-06-16 09:49:13,2744.0,76475
2021-06-16 09:49:14,2744.7,76758
2021-06-16 09:49:15,2744.3,77192
2021-06-16 09:49:16,2744.3,77192
2021-06-16 09:49:17,2744.3,77192
2021-06-16 09:49:18,2744.95,77413
2021-06-16 09:49:19,2744.95,77413
2021-06-16 09:49:20,2746.4,77416
2021-06-16 09:49:21,2746.4,77416
2021-06-16 09:49:23,2747.25,77419
2021-06-16 09:49:22,2746.4,77416
2021-06-16 09:49:24,2747.6,77441
2021-06-16 09:49:25,2747.6,77441
2021-06-16 09:49:26,2747.65,77476
2021-06-16 09:49:27,2747.65,77508
2021-06-16 09:49:28,2748.0,77580
2021-06-16 09:49:29,2748.05,77627
2021-06-16 09:49:30,2747.7,77629
2021-06-16 09:49:31,2747.65,77634
2021-06-16 09:49:32,2747.25,77662
2021-06-16 09:49:33,2747.65,77666
2021-06-16 09:49:35,2747.5,77669
2021-06-16 09:49:37,2746.0,77710
2021-06-16 09:49:38,2746.0,77710
2021-06-16 09:49:39,2746.0,77710
2021-06-16 09:49:40,2746.0,77710
2021-06-16 09:49:42,2746.0,77710
2021-06-16 09:49:43,2746.0,77834
2021-06-16 09:49:44,2746.0,77834
2021-06-16 09:49:47,2745.0,78013
2021-06-16 09:49:48,2744.55,78045
2021-06-16 09:49:49,2744.55,78045
2021-06-16 09:49:51,2744.55,78045
2021-06-16 09:49:52,2746.0,78046
2021-06-16 09:49:53,2746.0,78046
2021-06-16 09:49:54,2746.0,78046
2021-06-16 09:49:55,2746.0,78046
2021-06-16 09:49:56,2746.0,78047
2021-06-16 09:49:58,2747.85,78072
2021-06-16 09:49:59,2747.85,78072
2021-06-16 09:50:00,2747.85,78072
2021-06-16 09:50:01,2747.8,78073
2021-06-16 09:50:02,2747.8,78073
2021-06-16 09:50:03,2748.0,78075
2021-06-16 09:50:04,2748.0,78075
2021-06-16 09:50:05,2748.0,78075
2021-06-16 09:50:06,2748.0,78075
2021-06-16 09:50:07,2748.0,78075
2021-06-16 09:50:08,2748.0,78075
2021-06-16 09:50:09,2748.0,78075
2021-06-16 09:50:10,2748.0,78090
2021-06-16 09:50:11,2748.65,78098
2021-06-16 09:50:12,2749.0,78102
2021-06-16 09:50:13,2749.0,78102
2021-06-16 09:50:14,2749.0,78197
2021-06-16 09:50:15,2749.0,78197
2021-06-16 09:50:16,2749.0,78200
2021-06-16 09:50:17,2749.0,78200
2021-06-16 09:50:18,2749.0,78204
2021-06-16 09:50:19,2749.0,78213
2021-06-16 09:50:20,2749.0,78213
2021-06-16 09:50:21,2749.0,78238
2021-06-16 09:50:22,2749.0,78238
2021-06-16 09:50:23,2749.0,78238
2021-06-16 09:50:24,2749.0,78238
2021-06-16 09:50:25,2749.0,78238
2021-06-16 09:50:26,2749.0,78239
2021-06-16 09:50:27,2749.0,78241
2021-06-16 09:50:28,2748.9,78275
2021-06-16 09:50:30,2749.65,78592
2021-06-16 09:50:31,2749.65,78592
2021-06-16 09:50:32,2750.0,78594
2021-06-16 09:50:33,2749.6,78595
2021-06-16 09:50:34,2749.6,78597
2021-06-16 09:50:35,2749.6,78607
2021-06-16 09:50:36,2749.6,78607
2021-06-16 09:50:37,2749.6,78607
2021-06-16 09:50:38,2749.6,78617
2021-06-16 09:50:39,2749.6,78617
2021-06-16 09:50:41,2749.85,78643
2021-06-16 09:50:41,2749.85,78643
2021-06-16 09:50:42,2749.85,78643
2021-06-16 09:50:43,2750.0,78644
2021-06-16 09:50:44,2750.0,78654
2021-06-16 09:50:45,2749.05,78657
2021-06-16 09:50:46,2749.0,79142
2021-06-16 09:50:47,2749.0,79142
2021-06-16 09:50:48,2749.0,79142
2021-06-16 09:50:49,2747.9,79323
2021-06-16 09:50:50,2749.75,79330
2021-06-16 09:50:51,2748.05,79355
2021-06-16 09:50:52,2748.05,79355
2021-06-16 09:50:54,2749.95,79356
2021-06-16 09:50:55,2749.95,79356
2021-06-16 09:50:56,2749.55,79366
2021-06-16 09:50:57,2749.55,79366
2021-06-16 09:50:58,2749.55,79366
2021-06-16 09:50:59,2749.55,79366
2021-06-16 09:51:00,2749.95,79369
2021-06-16 09:51:01,2749.8,79376
2021-06-16 09:51:02,2750.0,79779
2021-06-16 09:51:04,2749.8,79804
2021-06-16 09:51:05,2749.8,79804
2021-06-16 09:51:06,2749.8,79804
2021-06-16 09:51:07,2748.25,79805
2021-06-16 09:51:09,2748.25,79805
2021-06-16 09:51:10,2748.25,79805
2021-06-16 09:51:11,2749.55,79820
2021-06-16 09:51:12,2749.55,79830
2021-06-16 09:51:13,2749.1,79858
2021-06-16 09:51:14,2749.3,79860
2021-06-16 09:51:15,2749.3,79860
2021-06-16 09:51:16,2749.3,79860
2021-06-16 09:51:17,2749.3,79860
2021-06-16 09:51:18,2748.25,79870
2021-06-16 09:51:19,2748.25,79870
2021-06-16 09:51:20,2748.25,79870
2021-06-16 09:51:21,2747.85,79880
2021-06-16 09:51:22,2747.85,79880
2021-06-16 09:51:23,2747.85,79880
2021-06-16 09:51:25,2748.25,79883
2021-06-16 09:51:26,2748.25,79885
2021-06-16 09:51:27,2748.3,79935
2021-06-16 09:51:28,2748.3,79935
2021-06-16 09:51:29,2748.3,79935
2021-06-16 09:51:30,2749.95,79964
2021-06-16 09:51:31,2749.95,79964
2021-06-16 09:51:33,2749.95,79964
2021-06-16 09:51:34,2750.0,79965
2021-06-16 09:51:35,2749.7,79968
2021-06-16 09:51:35,2749.7,79968
2021-06-16 09:51:36,2749.7,79968
2021-06-16 09:51:37,2749.7,79968
2021-06-16 09:51:38,2749.7,79968
2021-06-16 09:51:39,2749.7,79971
2021-06-16 09:51:41,2749.7,79974
2021-06-16 09:51:42,2749.7,79974
2021-06-16 09:51:43,2748.65,79975
2021-06-16 09:51:45,2748.65,79975
2021-06-16 09:51:45,2748.65,79975
2021-06-16 09:51:46,2748.65,79990
2021-06-16 09:51:47,2749.7,79991
2021-06-16 09:51:48,2749.7,79991
2021-06-16 09:51:49,2749.0,80006
2021-06-16 09:51:50,2748.0,80017
2021-06-16 09:51:51,2748.0,80017
2021-06-16 09:51:52,2748.0,80017
2021-06-16 09:51:54,2748.0,80017
2021-06-16 09:51:54,2748.0,80017
2021-06-16 09:51:55,2748.0,80017
2021-06-16 09:51:57,2748.0,80059
2021-06-16 09:51:58,2748.0,80059
2021-06-16 09:51:59,2748.0,80059
2021-06-16 09:52:02,2748.0,80059
2021-06-16 09:52:03,2748.0,80059
2021-06-16 09:52:04,2747.75,80060
2021-06-16 09:52:06,2746.8,80128
2021-06-16 09:52:06,2746.8,80128
2021-06-16 09:52:07,2746.8,80128
2021-06-16 09:52:08,2746.8,80128
2021-06-16 09:52:10,2746.95,80129
2021-06-16 09:52:11,2746.5,80133
2021-06-16 09:52:12,2746.5,80133
2021-06-16 09:52:13,2746.5,80133
2021-06-16 09:52:14,2746.5,80133
2021-06-16 09:52:15,2746.5,80133
2021-06-16 09:52:16,2745.05,80134
2021-06-16 09:52:17,2745.05,80134
2021-06-16 09:52:18,2745.15,80137
2021-06-16 09:52:19,2745.15,80137
2021-06-16 09:52:21,2746.45,80147
2021-06-16 09:52:22,2746.45,80147
2021-06-16 09:52:22,2746.45,80147
2021-06-16 09:52:24,2745.9,80148
2021-06-16 09:52:23,2746.45,80147
2021-06-16 09:52:25,2746.45,80150
2021-06-16 09:52:26,2746.45,80150
2021-06-16 09:52:27,2746.5,80181
2021-06-16 09:52:28,2746.5,80181
2021-06-16 09:52:29,2746.5,80181
2021-06-16 09:52:30,2746.5,80181
2021-06-16 09:52:31,2747.55,80182
2021-06-16 09:52:32,2747.55,80182
2021-06-16 09:52:33,2747.1,80220
2021-06-16 09:52:34,2747.1,80220
2021-06-16 09:52:35,2747.15,80221
2021-06-16 09:52:36,2747.15,80221
2021-06-16 09:52:37,2747.15,80221
2021-06-16 09:52:38,2747.3,80246
2021-06-16 09:52:39,2747.35,80264
2021-06-16 09:52:40,2747.45,80265
2021-06-16 09:52:41,2747.45,80265
2021-06-16 09:52:42,2746.6,80266
2021-06-16 09:52:43,2746.6,80266
2021-06-16 09:52:44,2746.45,80268
2021-06-16 09:52:45,2746.45,80268
2021-06-16 09:52:46,2747.95,80295
2021-06-16 09:52:47,2747.95,80295
2021-06-16 09:52:49,2747.95,80295
2021-06-16 09:52:50,2748.0,80300
2021-06-16 09:52:51,2748.0,80300
2021-06-16 09:52:52,2748.0,80303
2021-06-16 09:52:53,2748.0,80303
2021-06-16 09:52:54,2748.0,80303
2021-06-16 09:52:55,2748.0,80303
2021-06-16 09:52:56,2748.0,80303
2021-06-16 09:52:57,2749.1,80311
2021-06-16 09:53:00,2749.1,80311
2021-06-16 09:53:00,2749.1,80311
2021-06-16 09:53:02,2749.1,80313
2021-06-16 09:53:02,2749.1,80313
2021-06-16 09:53:03,2748.55,80314
2021-06-16 09:53:04,2748.55,80314
2021-06-16 09:53:05,2748.55,80314
2021-06-16 09:53:06,2749.35,80320
2021-06-16 09:53:07,2749.35,80320
2021-06-16 09:53:08,2749.35,80320
2021-06-16 09:53:10,2749.35,80320
2021-06-16 09:53:12,2749.35,80320
2021-06-16 09:53:13,2749.65,80340
2021-06-16 09:53:14,2749.65,80340
2021-06-16 09:53:16,2749.65,80341
2021-06-16 09:53:17,2749.65,80341
2021-06-16 09:53:18,2749.65,80344
2021-06-16 09:53:19,2749.7,80359
2021-06-16 09:53:20,2749.7,80609
2021-06-16 09:53:22,2749.7,80609
2021-06-16 09:53:23,2749.7,80609
2021-06-16 09:53:24,2749.8,80625
2021-06-16 09:53:25,2749.8,80625
2021-06-16 09:53:26,2749.55,80646
2021-06-16 09:53:26,2749.4,80661
2021-06-16 09:53:27,2749.0,80745
2021-06-16 09:53:28,2749.0,80760
2021-06-16 09:53:29,2749.0,80760
2021-06-16 09:53:31,2749.0,80761
2021-06-16 09:53:32,2749.0,80761
2021-06-16 09:53:32,2749.0,80761
2021-06-16 09:53:33,2749.75,80781
2021-06-16 09:53:34,2749.75,80781
2021-06-16 09:53:36,2749.75,80781
2021-06-16 09:53:36,2749.75,80781
2021-06-16 09:53:37,2749.75,80781
2021-06-16 09:53:38,2749.75,80781
2021-06-16 09:53:39,2749.0,80785
2021-06-16 09:53:40,2749.0,80785
2021-06-16 09:53:42,2748.65,80835
2021-06-16 09:53:43,2748.7,80861
2021-06-16 09:53:44,2749.45,80863
2021-06-16 09:53:45,2750.35,81110
2021-06-16 09:53:47,2749.75,81118
2021-06-16 09:53:48,2751.0,81128
2021-06-16 09:53:48,2751.0,81128
2021-06-16 09:53:50,2751.0,81128
2021-06-16 09:53:50,2751.0,81147
2021-06-16 09:53:51,2750.9,81149
2021-06-16 09:53:52,2751.0,81152
2021-06-16 09:53:53,2751.0,81156
2021-06-16 09:53:54,2751.0,81156
2021-06-16 09:53:55,2750.95,81157
2021-06-16 09:53:56,2750.9,81171
2021-06-16 09:53:57,2750.9,81171
2021-06-16 09:53:58,2750.95,81371
2021-06-16 09:53:59,2749.35,81375
2021-06-16 09:54:00,2750.65,81376
2021-06-16 09:54:01,2750.65,81478
2021-06-16 09:54:02,2750.65,81478
2021-06-16 09:54:03,2750.65,81478
2021-06-16 09:54:04,2750.55,81490
2021-06-16 09:54:05,2750.9,81520
2021-06-16 09:54:06,2750.9,81520
2021-06-16 09:54:07,2750.9,81520
2021-06-16 09:54:09,2750.75,81521
2021-06-16 09:54:10,2750.75,81531
2021-06-16 09:54:11,2750.75,81531
2021-06-16 09:54:13,2750.45,81542
2021-06-16 09:54:14,2750.45,81542
2021-06-16 09:54:15,2750.45,81553
2021-06-16 09:54:16,2750.45,81553
2021-06-16 09:54:15,2750.45,81553
2021-06-16 09:54:17,2750.45,81553
2021-06-16 09:54:19,2750.3,81554
2021-06-16 09:54:20,2750.35,81671
2021-06-16 09:54:21,2749.55,81672
2021-06-16 09:54:22,2749.95,81694
2021-06-16 09:54:22,2749.95,81694
2021-06-16 09:54:24,2749.15,81695
2021-06-16 09:54:25,2749.6,81705
2021-06-16 09:54:26,2748.55,81802
2021-06-16 09:54:26,2748.55,81802
2021-06-16 09:54:28,2748.55,81802
2021-06-16 09:54:29,2748.55,81802
2021-06-16 09:54:30,2748.55,81802
2021-06-16 09:54:31,2748.55,81802
2021-06-16 09:54:32,2748.45,81810
2021-06-16 09:54:33,2748.8,81815
2021-06-16 09:54:34,2748.8,81815
2021-06-16 09:54:36,2748.8,81815
2021-06-16 09:54:37,2748.8,81815
2021-06-16 09:54:37,2748.8,81815
2021-06-16 09:54:39,2748.8,81815
2021-06-16 09:54:40,2748.8,81815
2021-06-16 09:54:42,2748.8,81815
2021-06-16 09:54:43,2748.8,81815
2021-06-16 09:54:44,2747.9,81816
2021-06-16 09:54:45,2747.4,81826
2021-06-16 09:54:46,2748.95,81827
2021-06-16 09:54:47,2748.95,81827
2021-06-16 09:54:49,2748.95,81827
2021-06-16 09:54:49,2748.95,81827
2021-06-16 09:54:50,2747.4,81897
2021-06-16 09:54:51,2749.45,81905
2021-06-16 09:54:52,2747.9,81929
2021-06-16 09:54:53,2749.5,81930
2021-06-16 09:54:55,2749.5,81930
2021-06-16 09:54:55,2749.5,81930
2021-06-16 09:54:56,2749.5,81930
2021-06-16 09:54:57,2749.5,81930
2021-06-16 09:54:58,2749.5,81930
2021-06-16 09:54:59,2749.5,81930
2021-06-16 09:55:00,2749.5,81930
2021-06-16 09:55:02,2749.5,81930
2021-06-16 09:55:03,2749.5,81937
2021-06-16 09:55:04,2749.4,81938
2021-06-16 09:55:05,2749.4,81938
2021-06-16 09:55:05,2749.4,81938
2021-06-16 09:55:06,2749.5,81942
2021-06-16 09:55:08,2749.5,81943
2021-06-16 09:55:10,2750.0,81955
2021-06-16 09:55:11,2750.0,81955
2021-06-16 09:55:12,2749.75,81956
2021-06-16 09:55:13,2749.75,81956
2021-06-16 09:55:14,2749.75,81956
2021-06-16 09:55:16,2749.75,81956
2021-06-16 09:55:17,2749.75,81956
2021-06-16 09:55:18,2749.75,81956
2021-06-16 09:55:19,2749.75,81956
2021-06-16 09:55:20,2749.2,81957
2021-06-16 09:55:21,2749.2,81957
2021-06-16 09:55:22,2749.7,81960
2021-06-16 09:55:23,2749.7,81960
2021-06-16 09:55:24,2749.2,81961
2021-06-16 09:55:25,2749.2,81961
2021-06-16 09:55:26,2749.2,81961
2021-06-16 09:55:27,2749.85,81986
2021-06-16 09:55:28,2749.85,81986
2021-06-16 09:55:29,2749.2,82001
2021-06-16 09:55:30,2749.2,82028
2021-06-16 09:55:31,2749.2,82028
2021-06-16 09:55:32,2749.2,82028
2021-06-16 09:55:33,2749.2,82028
2021-06-16 09:55:34,2749.2,82028
2021-06-16 09:55:35,2749.2,82028
2021-06-16 09:55:36,2749.2,82028
2021-06-16 09:55:37,2749.2,82028
2021-06-16 09:55:38,2749.2,82028
2021-06-16 09:55:39,2748.45,82048
2021-06-16 09:55:40,2748.55,82053
2021-06-16 09:55:41,2748.55,82053
2021-06-16 09:55:42,2748.6,82087
2021-06-16 09:55:42,2748.6,82087
2021-06-16 09:55:43,2748.6,82087
2021-06-16 09:55:44,2748.65,82091
2021-06-16 09:55:45,2749.95,82096
2021-06-16 09:55:46,2749.95,82096
2021-06-16 09:55:47,2749.95,82096
2021-06-16 09:55:48,2749.95,82096
2021-06-16 09:55:50,2749.95,82096
2021-06-16 09:55:52,2749.7,82097
2021-06-16 09:55:54,2748.4,82177
2021-06-16 09:55:55,2748.4,82177
2021-06-16 09:55:56,2748.05,82182
2021-06-16 09:55:57,2748.05,82182
2021-06-16 09:55:57,2748.05,82182
2021-06-16 09:55:59,2748.05,82182
2021-06-16 09:55:59,2748.05,82182
2021-06-16 09:56:00,2748.05,82182
2021-06-16 09:56:01,2748.05,82182
2021-06-16 09:56:02,2749.2,82232
2021-06-16 09:56:03,2748.7,82233
2021-06-16 09:56:04,2748.7,82233
2021-06-16 09:56:05,2748.7,82233
2021-06-16 09:56:07,2748.7,82233
2021-06-16 09:56:08,2748.7,82233
2021-06-16 09:56:09,2749.7,82245
2021-06-16 09:56:09,2749.7,82245
2021-06-16 09:56:10,2749.7,82246
2021-06-16 09:56:11,2749.7,82246
2021-06-16 09:56:12,2749.7,82246
2021-06-16 09:56:14,2749.7,82247
2021-06-16 09:56:16,2749.65,82249
2021-06-16 09:56:17,2749.65,82250
2021-06-16 09:56:18,2749.65,82250
2021-06-16 09:56:20,2748.05,82300
2021-06-16 09:56:21,2748.05,82300
2021-06-16 09:56:22,2748.05,82300
2021-06-16 09:56:23,2748.15,82301
2021-06-16 09:56:24,2748.15,82303
2021-06-16 09:56:26,2749.55,82305
2021-06-16 09:56:28,2749.55,82305
2021-06-16 09:56:29,2749.55,82305
2021-06-16 09:56:31,2749.7,82308
2021-06-16 09:56:32,2749.7,82308
2021-06-16 09:56:33,2749.7,82308
2021-06-16 09:56:34,2749.7,82308
2021-06-16 09:56:34,2749.7,82308
2021-06-16 09:56:35,2749.7,82308
2021-06-16 09:56:36,2749.65,82312
2021-06-16 09:56:37,2749.65,82312
2021-06-16 09:56:39,2749.65,82312
2021-06-16 09:56:40,2749.65,82312
2021-06-16 09:56:41,2747.6,82702
2021-06-16 09:56:42,2749.6,82704
2021-06-16 09:56:42,2749.6,82704
2021-06-16 09:56:44,2747.9,82705
2021-06-16 09:56:45,2747.9,82705
2021-06-16 09:56:46,2747.9,82705
2021-06-16 09:56:47,2747.9,82705
2021-06-16 09:56:48,2747.9,82705
2021-06-16 09:56:49,2749.7,82757
2021-06-16 09:56:50,2749.7,82757
2021-06-16 09:56:51,2749.3,82758
2021-06-16 09:56:52,2749.55,82774
2021-06-16 09:56:53,2749.55,82774
2021-06-16 09:56:54,2749.55,82774
2021-06-16 09:56:54,2749.65,82777
2021-06-16 09:56:56,2749.55,82792
2021-06-16 09:56:57,2749.55,82792
2021-06-16 09:56:58,2749.25,82808
2021-06-16 09:57:00,2748.05,82809
2021-06-16 09:57:01,2748.05,82809
2021-06-16 09:57:03,2748.05,82809
2021-06-16 09:57:04,2748.0,82810
2021-06-16 09:57:05,2749.0,82815
2021-06-16 09:57:06,2748.95,82817
2021-06-16 09:57:07,2748.95,82817
2021-06-16 09:57:09,2748.95,82825
2021-06-16 09:57:08,2748.95,82820
2021-06-16 09:57:10,2748.0,82827
2021-06-16 09:57:11,2748.0,82827
2021-06-16 09:57:12,2748.0,82827
2021-06-16 09:57:12,2748.0,82827
2021-06-16 09:57:14,2748.0,82828
2021-06-16 09:57:15,2747.5,82838
2021-06-16 09:57:16,2747.5,82838
2021-06-16 09:57:18,2747.5,82838
2021-06-16 09:57:20,2747.5,82838
2021-06-16 09:57:19,2747.5,82838
2021-06-16 09:57:21,2747.5,82838
2021-06-16 09:57:22,2747.8,82840
2021-06-16 09:57:23,2747.8,82840
2021-06-16 09:57:24,2747.05,82962
2021-06-16 09:57:26,2747.05,82962
2021-06-16 09:57:27,2747.05,82962
2021-06-16 09:57:28,2747.05,82962
2021-06-16 09:57:29,2747.3,82963
2021-06-16 09:57:30,2747.3,82963
2021-06-16 09:57:31,2747.3,82963
2021-06-16 09:57:32,2747.3,82963
2021-06-16 09:57:33,2748.0,82978
2021-06-16 09:57:34,2748.0,82978
2021-06-16 09:57:35,2748.0,82981
2021-06-16 09:57:36,2748.35,82984
2021-06-16 09:57:37,2748.35,82984
2021-06-16 09:57:38,2748.35,82984
2021-06-16 09:57:39,2748.5,82988
2021-06-16 09:57:40,2748.5,82988
2021-06-16 09:57:41,2749.0,82991
2021-06-16 09:57:42,2749.5,83018
2021-06-16 09:57:45,2749.5,83027
2021-06-16 09:57:46,2749.5,83027
2021-06-16 09:57:47,2749.5,83027
2021-06-16 09:57:48,2749.5,83027
2021-06-16 09:57:49,2749.5,83028
2021-06-16 09:57:50,2749.45,83029
2021-06-16 09:57:51,2749.45,83029
2021-06-16 09:57:52,2749.45,83029
2021-06-16 09:57:53,2749.5,83032
2021-06-16 09:57:55,2749.5,83032
2021-06-16 09:57:56,2749.5,83032
2021-06-16 09:57:57,2749.5,83032
2021-06-16 09:57:58,2749.5,83032
2021-06-16 09:57:59,2749.5,83032
2021-06-16 09:58:00,2749.5,83032
2021-06-16 09:58:02,2749.45,83033
2021-06-16 09:58:03,2749.45,83033
2021-06-16 09:58:04,2749.45,83034
2021-06-16 09:58:08,2748.85,83085
2021-06-16 09:58:09,2748.85,83085
2021-06-16 09:58:10,2747.7,83208
2021-06-16 09:58:11,2749.2,83209
2021-06-16 09:58:12,2749.2,83209
2021-06-16 09:58:13,2749.2,83209
2021-06-16 09:58:14,2749.2,83209
2021-06-16 09:58:15,2749.2,83209
2021-06-16 09:58:16,2749.2,83209
2021-06-16 09:58:18,2748.95,83219
2021-06-16 09:58:19,2748.9,84308
2021-06-16 09:58:20,2747.4,84309
2021-06-16 09:58:21,2747.75,84313
2021-06-16 09:58:22,2747.75,84313
2021-06-16 09:58:23,2747.75,84313
2021-06-16 09:58:24,2747.75,84315
2021-06-16 09:58:25,2747.75,84315
2021-06-16 09:58:26,2747.75,84315
2021-06-16 09:58:27,2747.75,84315
2021-06-16 09:58:28,2749.2,84316
2021-06-16 09:58:29,2749.2,84316
2021-06-16 09:58:29,2749.2,84316
2021-06-16 09:58:31,2749.2,84316
2021-06-16 09:58:32,2748.9,84322
2021-06-16 09:58:32,2748.9,84322
2021-06-16 09:58:34,2749.2,84327
2021-06-16 09:58:34,2748.9,84322
2021-06-16 09:58:36,2749.2,84327
2021-06-16 09:58:36,2749.45,84328
2021-06-16 09:58:37,2749.5,84384
2021-06-16 09:58:39,2749.25,84434
2021-06-16 09:58:40,2749.5,84443
2021-06-16 09:58:41,2749.5,84443
2021-06-16 09:58:42,2749.5,84443
2021-06-16 09:58:43,2749.5,84443
2021-06-16 09:58:44,2749.55,84444
2021-06-16 09:58:45,2749.7,84460
2021-06-16 09:58:46,2749.7,84461
2021-06-16 09:58:48,2749.7,84461
2021-06-16 09:58:49,2749.7,84878
2021-06-16 09:58:50,2749.7,84878
2021-06-16 09:58:51,2749.7,84878
2021-06-16 09:58:51,2749.7,84878
2021-06-16 09:58:53,2749.7,84878
2021-06-16 09:58:54,2748.85,84909
2021-06-16 09:58:55,2748.85,84909
2021-06-16 09:58:56,2749.3,84910
2021-06-16 09:58:57,2748.15,84950
2021-06-16 09:58:58,2748.15,84950
2021-06-16 09:58:59,2749.8,85030
2021-06-16 09:59:00,2748.25,85032
2021-06-16 09:59:01,2750.0,85232
2021-06-16 09:59:01,2750.0,85232
2021-06-16 09:59:03,2749.7,85233
2021-06-16 09:59:04,2749.7,85233
2021-06-16 09:59:05,2749.7,85233
2021-06-16 09:59:07,2750.0,85251
2021-06-16 09:59:11,2749.95,85290
2021-06-16 09:59:14,2749.95,85290
2021-06-16 09:59:17,2749.3,85298
2021-06-16 09:59:20,2749.0,85299
2021-06-16 09:59:23,2748.75,85301
2021-06-16 09:59:27,2748.75,85301
2021-06-16 09:59:30,2748.75,85306
2021-06-16 09:59:33,2749.0,85326
2021-06-16 09:59:36,2749.0,85336
2021-06-16 09:59:39,2747.25,85448
2021-06-16 09:59:43,2748.0,85449
2021-06-16 09:59:46,2749.9,85533
2021-06-16 09:59:49,2748.0,85618
2021-06-16 09:59:51,2748.75,85619
2021-06-16 09:59:54,2748.0,85719
2021-06-16 09:59:57,2749.5,85819
2021-06-16 10:00:00,2748.85,85826
2021-06-16 10:00:07,2748.85,85834
2021-06-16 10:00:10,2747.65,85835
2021-06-16 10:00:13,2747.05,85836
2021-06-16 10:00:16,2749.6,85847
2021-06-16 10:00:20,2748.95,85849
2021-06-16 10:00:23,2748.95,85850
2021-06-16 10:00:26,2749.4,85851
2021-06-16 10:00:29,2749.25,85930
2021-06-16 10:00:33,2749.25,85930
2021-06-16 10:00:36,2749.25,85930
2021-06-16 10:00:39,2749.25,85930
2021-06-16 10:00:42,2749.5,86030
2021-06-16 10:00:45,2749.6,86031
2021-06-16 10:00:48,2750.45,86042
2021-06-16 10:00:51,2750.55,86063
2021-06-16 10:00:54,2750.95,86064
2021-06-16 10:00:57,2750.95,86064
2021-06-16 10:01:00,2750.95,86087
2021-06-16 10:01:02,2750.3,86128
2021-06-16 10:01:05,2750.5,86129
2021-06-16 10:01:09,2750.95,86133
2021-06-16 10:01:12,2750.95,86263
2021-06-16 10:01:15,2751.0,86277
2021-06-16 10:01:18,2750.95,86279
2021-06-16 10:01:20,2750.95,86279
2021-06-16 10:01:23,2750.55,86283
2021-06-16 10:01:29,2750.35,86308
2021-06-16 10:01:32,2750.35,86313
2021-06-16 10:01:36,2750.35,86330
2021-06-16 10:01:38,2750.35,86330
2021-06-16 10:01:41,2750.35,86337
2021-06-16 10:01:44,2750.05,86341
2021-06-16 10:01:47,2750.2,86371
2021-06-16 10:01:50,2750.4,86421
2021-06-16 10:01:53,2750.95,86427
2021-06-16 10:01:55,2750.2,86504
2021-06-16 10:01:58,2750.2,86514
2021-06-16 10:02:01,2750.65,86515
2021-06-16 10:02:04,2750.75,86532
2021-06-16 10:02:07,2749.25,86533
2021-06-16 10:02:10,2750.65,86534
2021-06-16 10:02:13,2750.0,86544
2021-06-16 10:02:15,2750.2,86561
2021-06-16 10:02:21,2751.0,86616
2021-06-16 10:02:24,2749.85,86618
2021-06-16 10:02:29,2749.85,86671
2021-06-16 10:02:32,2750.0,86675
2021-06-16 10:02:35,2750.0,86675
2021-06-16 10:02:38,2750.0,86675
2021-06-16 10:02:41,2749.15,86698
2021-06-16 10:02:44,2750.0,86710
2021-06-16 10:02:47,2750.0,86710
2021-06-16 10:02:50,2750.0,86732
2021-06-16 10:02:53,2750.0,86736
2021-06-16 10:02:56,2750.5,86863
2021-06-16 10:02:58,2750.7,86913
2021-06-16 10:03:01,2749.5,86914
2021-06-16 10:03:04,2750.0,86930
2021-06-16 10:03:07,2750.5,86970
2021-06-16 10:03:10,2750.5,86970
2021-06-16 10:03:13,2750.5,87016
2021-06-16 10:03:16,2750.5,87107
2021-06-16 10:03:19,2750.5,87107
2021-06-16 10:03:22,2750.65,87114
2021-06-16 10:03:25,2750.5,87172
2021-06-16 10:03:28,2750.65,87182
2021-06-16 10:03:34,2750.75,87237
2021-06-16 10:03:37,2750.75,87237
2021-06-16 10:03:43,2751.0,87339
2021-06-16 10:03:46,2751.05,87344
2021-06-16 10:03:49,2751.05,87349
2021-06-16 10:03:52,2750.5,87736
2021-06-16 10:03:55,2752.1,87737
2021-06-16 10:03:58,2751.05,87767
2021-06-16 10:04:02,2750.55,87768
2021-06-16 10:04:08,2751.05,87781
2021-06-16 10:04:11,2750.5,87807
2021-06-16 10:04:14,2750.5,87807
2021-06-16 10:04:17,2750.5,87807
2021-06-16 10:04:20,2750.5,87807
2021-06-16 10:04:23,2751.05,87815
2021-06-16 10:04:26,2751.0,87847
2021-06-16 10:04:29,2751.05,87855
2021-06-16 10:04:32,2750.5,88497
2021-06-16 10:04:34,2750.2,88512
2021-06-16 10:04:37,2750.5,88564
2021-06-16 10:04:40,2750.5,88943
2021-06-16 10:04:43,2751.05,88974
2021-06-16 10:04:46,2750.05,88975
2021-06-16 10:04:49,2750.05,88975
2021-06-16 10:04:52,2751.35,88984
2021-06-16 10:04:56,2751.25,88985
2021-06-16 10:04:59,2751.25,88985
2021-06-16 10:05:02,2751.25,88985
2021-06-16 10:05:05,2751.05,88988
2021-06-16 10:05:08,2750.3,89031
2021-06-16 10:05:11,2750.2,89100
2021-06-16 10:05:14,2751.05,89106
2021-06-16 10:05:17,2750.0,89118
2021-06-16 10:05:19,2750.55,89128
2021-06-16 10:05:22,2750.0,89189
2021-06-16 10:05:25,2751.0,89216
2021-06-16 10:05:28,2749.45,89243
2021-06-16 10:05:31,2750.3,89274
2021-06-16 10:05:34,2751.0,89275
2021-06-16 10:05:37,2751.0,89277
2021-06-16 10:05:40,2751.0,89278
2021-06-16 10:05:43,2750.9,89280
2021-06-16 10:05:46,2750.05,89282
2021-06-16 10:05:49,2750.05,89282
2021-06-16 10:05:52,2750.4,89283
2021-06-16 10:05:55,2750.1,89330
2021-06-16 10:05:58,2750.1,89330
2021-06-16 10:06:01,2750.1,89376
2021-06-16 10:06:04,2750.15,89379
2021-06-16 10:06:06,2750.15,89379
2021-06-16 10:06:09,2750.6,89382
2021-06-16 10:06:11,2750.7,89387
2021-06-16 10:06:14,2750.5,89388
2021-06-16 10:06:16,2750.1,89389
2021-06-16 10:06:19,2750.5,89394
2021-06-16 10:06:22,2750.4,89395
2021-06-16 10:06:24,2750.35,89396
2021-06-16 10:06:27,2750.1,89431
2021-06-16 10:06:30,2750.1,89434
2021-06-16 10:06:33,2750.1,89452
2021-06-16 10:06:36,2750.1,89473
2021-06-16 10:06:39,2750.15,89492
2021-06-16 10:06:42,2750.1,89536
2021-06-16 10:06:45,2750.1,89542
2021-06-16 10:06:51,2750.6,89543
2021-06-16 10:06:54,2750.6,89544
2021-06-16 10:07:00,2750.4,89568
2021-06-16 10:07:03,2751.05,89582
2021-06-16 10:07:06,2751.05,89582
2021-06-16 10:07:09,2751.05,89582
2021-06-16 10:07:12,2750.9,89584
2021-06-16 10:07:15,2750.6,89585
2021-06-16 10:07:18,2751.6,89635
2021-06-16 10:07:21,2750.95,89636
2021-06-16 10:07:24,2750.05,89877
2021-06-16 10:07:27,2751.25,89905
2021-06-16 10:07:30,2751.3,89907
2021-06-16 10:07:33,2750.0,89928
2021-06-16 10:07:36,2750.0,89928
2021-06-16 10:07:39,2750.0,89928
2021-06-16 10:07:42,2750.05,90219
2021-06-16 10:07:45,2750.05,90220
2021-06-16 10:07:48,2750.0,90343
2021-06-16 10:07:51,2749.65,90400
2021-06-16 10:07:54,2749.2,90404
2021-06-16 10:07:57,2750.1,90435
2021-06-16 10:08:00,2750.1,90435
2021-06-16 10:08:03,2749.25,90448
2021-06-16 10:08:06,2749.25,90449
2021-06-16 10:08:09,2749.25,90455
2021-06-16 10:08:11,2749.25,90547
2021-06-16 10:08:14,2749.25,90547
2021-06-16 10:08:17,2749.7,90553
2021-06-16 10:08:20,2749.7,90554
2021-06-16 10:08:23,2749.7,90572
2021-06-16 10:08:26,2748.8,90621
2021-06-16 10:08:29,2749.0,90649
2021-06-16 10:08:31,2748.65,90650
2021-06-16 10:08:34,2748.6,90709
2021-06-16 10:08:37,2748.2,90710
2021-06-16 10:08:40,2748.15,90731
2021-06-16 10:08:44,2747.45,90732
2021-06-16 10:08:47,2747.4,90757
2021-06-16 10:08:50,2747.4,90757
2021-06-16 10:08:53,2747.85,90764
2021-06-16 10:08:56,2747.7,90780
2021-06-16 10:08:58,2747.0,90917
2021-06-16 10:09:01,2746.35,90921
2021-06-16 10:09:04,2747.0,90928
2021-06-16 10:09:07,2747.1,90932
2021-06-16 10:09:10,2747.1,90940
2021-06-16 10:09:13,2747.0,90948
2021-06-16 10:09:16,2745.4,91038
2021-06-16 10:09:18,2745.6,91039
2021-06-16 10:09:22,2746.0,91040
2021-06-16 10:09:24,2746.0,91041
2021-06-16 10:09:27,2746.0,91060
2021-06-16 10:09:30,2745.05,91061
2021-06-16 10:09:32,2745.8,91082
2021-06-16 10:09:36,2745.8,91082
2021-06-16 10:09:38,2745.8,91082
2021-06-16 10:09:41,2745.9,91119
2021-06-16 10:09:44,2745.55,91120
2021-06-16 10:09:47,2745.7,91121
2021-06-16 10:09:50,2745.8,91125
2021-06-16 10:09:59,2745.05,91197
2021-06-16 10:10:02,2745.0,91299
2021-06-16 10:10:05,2745.5,91323
2021-06-16 10:10:08,2745.5,91323
2021-06-16 10:10:11,2745.0,91364
2021-06-16 10:10:14,2745.5,91368
2021-06-16 10:10:17,2745.5,91370
2021-06-16 10:10:19,2745.3,91372
2021-06-16 10:10:22,2745.45,91373
2021-06-16 10:10:24,2745.0,91401
2021-06-16 10:10:27,2745.45,91464
2021-06-16 10:10:30,2745.45,91464
2021-06-16 10:10:33,2745.45,91466
2021-06-16 10:10:35,2745.45,91466
2021-06-16 10:10:40,2745.0,91496
2021-06-16 10:10:43,2745.05,91497
2021-06-16 10:10:45,2744.5,91700
2021-06-16 10:10:48,2742.7,91837
2021-06-16 10:10:50,2743.35,91842
2021-06-16 10:10:53,2742.9,91845
2021-06-16 10:10:55,2743.3,91873
2021-06-16 10:10:58,2744.0,91893
2021-06-16 10:11:00,2744.0,91893
2021-06-16 10:11:03,2744.9,91995
2021-06-16 10:11:06,2744.0,92000
2021-06-16 10:11:10,2744.0,92024
2021-06-16 10:11:13,2743.0,92073
2021-06-16 10:11:15,2744.35,92079
2021-06-16 10:11:18,2744.35,92133
2021-06-16 10:11:21,2744.35,92135
2021-06-16 10:11:23,2744.15,92136
2021-06-16 10:11:26,2744.1,92208
2021-06-16 10:11:29,2743.4,92210
2021-06-16 10:11:32,2743.4,92212
2021-06-16 10:11:35,2743.75,92214
2021-06-16 10:11:38,2744.0,92219
2021-06-16 10:11:40,2743.0,92321
2021-06-16 10:11:43,2743.05,92323
2021-06-16 10:11:46,2743.15,92427
2021-06-16 10:11:49,2743.2,92436
2021-06-16 10:11:52,2743.6,92501
2021-06-16 10:11:55,2743.6,92501
2021-06-16 10:11:58,2743.6,92511
2021-06-16 10:12:01,2743.45,92515
2021-06-16 10:12:04,2743.0,92555
2021-06-16 10:12:07,2743.05,92556
2021-06-16 10:12:10,2743.05,92556
2021-06-16 10:12:12,2743.35,92558
2021-06-16 10:12:15,2743.35,92563
2021-06-16 10:12:18,2743.1,92566
2021-06-16 10:12:21,2743.1,92734
2021-06-16 10:12:24,2744.2,92777
2021-06-16 10:12:27,2743.1,92804
2021-06-16 10:12:29,2744.55,92824
2021-06-16 10:12:32,2743.25,92826
2021-06-16 10:12:35,2744.5,92831
2021-06-16 10:12:38,2744.6,92891
2021-06-16 10:12:41,2745.3,92919
2021-06-16 10:12:44,2744.65,92920
2021-06-16 10:12:46,2744.65,92920
2021-06-16 10:12:49,2745.45,92967
2021-06-16 10:12:52,2745.2,92988
2021-06-16 10:12:55,2745.2,93003
2021-06-16 10:12:58,2745.05,93004
2021-06-16 10:13:01,2744.6,93005
2021-06-16 10:13:04,2745.05,93007
2021-06-16 10:13:07,2744.25,93076
2021-06-16 10:13:09,2745.45,93081
2021-06-16 10:13:12,2744.45,93094
2021-06-16 10:13:15,2744.45,93094
2021-06-16 10:13:18,2744.25,93099
2021-06-16 10:13:20,2744.45,93102
2021-06-16 10:13:24,2744.45,93109
2021-06-16 10:13:27,2745.45,93175
2021-06-16 10:13:29,2744.4,93182
2021-06-16 10:13:32,2744.0,93213
2021-06-16 10:13:38,2745.45,93215
2021-06-16 10:13:41,2744.9,93217
2021-06-16 10:13:44,2744.25,93219
2021-06-16 10:13:47,2744.25,93223
2021-06-16 10:13:50,2744.7,93229
2021-06-16 10:13:55,2744.5,93315
2021-06-16 10:13:58,2744.5,93323
2021-06-16 10:14:01,2744.5,93324
2021-06-16 10:14:04,2745.0,93325
2021-06-16 10:14:06,2745.0,93325
2021-06-16 10:14:06,2745.45,93330
2021-06-16 10:14:07,2745.45,93330
2021-06-16 10:14:08,2745.45,93330
2021-06-16 10:14:09,2746.0,93399
2021-06-16 10:14:10,2745.5,93420
2021-06-16 10:14:11,2745.25,93422
2021-06-16 10:14:13,2745.3,93423
2021-06-16 10:14:13,2746.0,93428
2021-06-16 10:14:14,2746.0,93428
2021-06-16 10:14:15,2746.0,93428
2021-06-16 10:14:16,2745.25,93432
2021-06-16 10:14:17,2745.25,93432
2021-06-16 10:14:18,2745.25,93432
2021-06-16 10:14:19,2746.0,93435
2021-06-16 10:14:20,2746.0,93435
2021-06-16 10:14:22,2745.7,93436
2021-06-16 10:14:24,2746.3,93441
2021-06-16 10:14:24,2746.3,93441
2021-06-16 10:14:25,2745.65,93456
2021-06-16 10:14:27,2745.45,93464
2021-06-16 10:14:28,2745.45,93466
2021-06-16 10:14:29,2745.45,93466
2021-06-16 10:14:30,2745.45,93467
2021-06-16 10:14:31,2745.45,93467
2021-06-16 10:14:32,2746.65,94194
2021-06-16 10:14:32,2746.7,94200
2021-06-16 10:14:34,2746.75,94204
2021-06-16 10:14:35,2746.75,94204
2021-06-16 10:14:36,2748.3,94206
2021-06-16 10:14:37,2748.3,94206
2021-06-16 10:14:37,2747.4,94257
2021-06-16 10:14:38,2747.85,94258
2021-06-16 10:14:39,2747.35,94259
2021-06-16 10:14:40,2746.2,94287
2021-06-16 10:14:41,2746.2,94288
2021-06-16 10:14:43,2748.0,95260
2021-06-16 10:14:45,2748.0,95260
2021-06-16 10:14:44,2748.0,95260
2021-06-16 10:14:45,2748.05,95261
2021-06-16 10:14:46,2748.05,95261
2021-06-16 10:14:48,2748.05,95261
2021-06-16 10:14:49,2749.25,95271
2021-06-16 10:14:50,2748.7,95288
2021-06-16 10:14:51,2748.65,95362
2021-06-16 10:14:52,2748.65,95362
2021-06-16 10:14:53,2748.65,95362
2021-06-16 10:14:55,2748.65,95362
2021-06-16 10:14:55,2748.65,95362
2021-06-16 10:14:56,2750.0,96639
2021-06-16 10:14:57,2750.2,96649
2021-06-16 10:14:59,2751.45,96776
2021-06-16 10:15:00,2750.15,96813
2021-06-16 10:15:01,2750.3,96815
2021-06-16 10:15:02,2751.0,97020
2021-06-16 10:15:03,2751.25,97030
2021-06-16 10:15:04,2751.25,97030
2021-06-16 10:15:05,2751.25,97030
2021-06-16 10:15:06,2750.45,97041
2021-06-16 10:15:08,2751.1,97047
2021-06-16 10:15:08,2751.1,97047
2021-06-16 10:15:09,2751.1,97047
2021-06-16 10:15:11,2750.45,97061
2021-06-16 10:15:11,2750.35,97062
2021-06-16 10:15:13,2750.9,97063
2021-06-16 10:15:15,2750.9,97064
2021-06-16 10:15:15,2750.9,97064
2021-06-16 10:15:16,2752.0,97331
2021-06-16 10:15:17,2750.7,97345
2021-06-16 10:15:18,2750.7,97345
2021-06-16 10:15:19,2750.9,97411
2021-06-16 10:15:21,2750.9,97411
2021-06-16 10:15:22,2751.4,97430
2021-06-16 10:15:22,2751.4,97430
2021-06-16 10:15:23,2751.45,97431
2021-06-16 10:15:24,2751.4,97435
2021-06-16 10:15:25,2750.9,97441
2021-06-16 10:15:26,2750.9,97441
2021-06-16 10:15:27,2750.9,97441
2021-06-16 10:15:28,2750.9,97441
2021-06-16 10:15:29,2750.9,97441
2021-06-16 10:15:30,2750.9,97441
2021-06-16 10:15:31,2750.0,97457
2021-06-16 10:15:32,2750.0,97457
2021-06-16 10:15:34,2750.3,97467
2021-06-16 10:15:34,2750.3,97467
2021-06-16 10:15:36,2750.3,97467
2021-06-16 10:15:37,2749.0,97518
2021-06-16 10:15:38,2749.0,97518
2021-06-16 10:15:39,2749.75,97538
2021-06-16 10:15:40,2748.65,97922
2021-06-16 10:15:41,2748.6,97950
2021-06-16 10:15:42,2748.6,97950
2021-06-16 10:15:43,2748.6,97950
2021-06-16 10:15:44,2748.6,97950
2021-06-16 10:15:45,2749.0,97952
2021-06-16 10:15:46,2748.45,97962
2021-06-16 10:15:47,2748.45,97962
2021-06-16 10:15:48,2748.45,97962
2021-06-16 10:15:50,2748.05,97965
2021-06-16 10:15:51,2748.05,97966
2021-06-16 10:15:52,2748.05,97966
2021-06-16 10:15:54,2748.05,97966
2021-06-16 10:15:55,2748.45,97984
2021-06-16 10:15:56,2748.65,98011
2021-06-16 10:15:57,2748.7,98016
2021-06-16 10:15:57,2748.7,98017
2021-06-16 10:15:58,2748.7,98017
2021-06-16 10:15:59,2748.7,98017
2021-06-16 10:16:00,2749.75,98060
2021-06-16 10:16:01,2749.6,98061
2021-06-16 10:16:02,2749.6,98061
2021-06-16 10:16:05,2749.25,98074
2021-06-16 10:16:06,2749.25,98074
2021-06-16 10:16:07,2749.25,98074
2021-06-16 10:16:08,2748.1,98174
2021-06-16 10:16:08,2748.1,98174
2021-06-16 10:16:09,2746.85,98177
2021-06-16 10:16:10,2746.65,98204
2021-06-16 10:16:12,2746.2,98218
2021-06-16 10:16:11,2746.2,98218
2021-06-16 10:16:15,2746.9,98219
2021-06-16 10:16:16,2746.9,98219
2021-06-16 10:16:17,2746.9,98219
2021-06-16 10:16:18,2746.9,98219
2021-06-16 10:16:19,2746.9,98219
2021-06-16 10:16:20,2748.75,98231
2021-06-16 10:16:21,2748.75,98231
2021-06-16 10:16:22,2748.75,98234
2021-06-16 10:16:22,2748.75,98234
2021-06-16 10:16:23,2749.7,98244
2021-06-16 10:16:24,2749.7,98244
2021-06-16 10:16:25,2749.7,98244
2021-06-16 10:16:26,2747.5,98264
2021-06-16 10:16:27,2747.5,98264
2021-06-16 10:16:28,2747.5,98264
2021-06-16 10:16:29,2747.5,98264
2021-06-16 10:16:30,2747.5,98264
2021-06-16 10:16:31,2747.6,98268
2021-06-16 10:16:32,2747.6,98268
2021-06-16 10:16:34,2747.6,98268
2021-06-16 10:16:35,2747.6,98268
2021-06-16 10:16:36,2747.6,98268
2021-06-16 10:16:37,2747.6,98268
2021-06-16 10:16:38,2747.6,98268
2021-06-16 10:16:39,2747.6,98268
2021-06-16 10:16:40,2746.35,98297
2021-06-16 10:16:41,2746.1,98298
2021-06-16 10:16:43,2746.1,98298
2021-06-16 10:16:44,2746.1,98298
2021-06-16 10:16:45,2746.1,98298
2021-06-16 10:16:46,2746.05,98321
2021-06-16 10:16:46,2746.05,98321
2021-06-16 10:16:47,2746.05,98321
2021-06-16 10:16:48,2746.1,98322
2021-06-16 10:16:49,2746.1,98322
2021-06-16 10:16:50,2746.1,98322
2021-06-16 10:16:51,2746.65,98323
2021-06-16 10:16:52,2746.65,98323
2021-06-16 10:16:53,2746.4,98380
2021-06-16 10:16:54,2746.3,98381
2021-06-16 10:16:55,2746.1,98620
2021-06-16 10:16:56,2746.1,98620
2021-06-16 10:16:57,2746.1,98620
2021-06-16 10:16:58,2745.15,98676
2021-06-16 10:16:59,2745.15,98676
2021-06-16 10:17:01,2746.55,98719
2021-06-16 10:17:02,2745.2,98720
2021-06-16 10:17:02,2745.2,98720
2021-06-16 10:17:04,2745.2,98720
2021-06-16 10:17:05,2745.2,98720
2021-06-16 10:17:06,2745.2,98725
2021-06-16 10:17:07,2745.2,98725
2021-06-16 10:17:08,2745.9,98777
2021-06-16 10:17:09,2745.9,98777
2021-06-16 10:17:10,2745.9,98777
2021-06-16 10:17:12,2745.05,98805
2021-06-16 10:17:13,2745.05,98805
2021-06-16 10:17:14,2745.0,98810
2021-06-16 10:17:15,2743.1,99328
2021-06-16 10:17:16,2743.1,99328
2021-06-16 10:17:17,2743.1,99328
2021-06-16 10:17:18,2743.1,99328
2021-06-16 10:17:19,2743.1,99328
2021-06-16 10:17:19,2743.1,99328
2021-06-16 10:17:20,2743.1,99328
2021-06-16 10:17:21,2744.8,99329
2021-06-16 10:17:22,2744.8,99329
2021-06-16 10:17:23,2744.8,99330
2021-06-16 10:17:24,2744.8,99330
2021-06-16 10:17:26,2744.8,99358
2021-06-16 10:17:27,2745.0,99360
2021-06-16 10:17:28,2745.0,99360
2021-06-16 10:17:29,2745.0,99360
2021-06-16 10:17:29,2745.0,99360
2021-06-16 10:17:30,2745.0,99360
2021-06-16 10:17:31,2745.45,99371
2021-06-16 10:17:32,2745.45,99371
2021-06-16 10:17:34,2745.45,99371
2021-06-16 10:17:35,2745.45,99371
2021-06-16 10:17:36,2745.45,99371
2021-06-16 10:17:37,2745.45,99371
2021-06-16 10:17:38,2745.45,99371
2021-06-16 10:17:38,2745.45,99373
2021-06-16 10:17:39,2745.75,99374
2021-06-16 10:17:40,2744.85,99426
2021-06-16 10:17:41,2744.8,99427
2021-06-16 10:17:42,2744.8,99427
2021-06-16 10:17:43,2745.55,99432
2021-06-16 10:17:44,2745.55,99432
2021-06-16 10:17:45,2745.55,99432
2021-06-16 10:17:46,2745.55,99432
2021-06-16 10:17:48,2745.55,99432
2021-06-16 10:17:49,2745.55,99432
2021-06-16 10:17:49,2745.55,99449
2021-06-16 10:17:50,2745.55,99453
2021-06-16 10:17:51,2745.8,99456
2021-06-16 10:17:52,2745.8,99456
2021-06-16 10:17:53,2745.8,99456
2021-06-16 10:17:54,2745.8,99456
2021-06-16 10:17:56,2746.05,99459
2021-06-16 10:17:57,2745.95,99460
2021-06-16 10:17:59,2745.95,99460
2021-06-16 10:18:00,2745.55,99476
2021-06-16 10:18:01,2745.55,99476
2021-06-16 10:18:02,2744.85,99477
2021-06-16 10:18:03,2744.85,99477
2021-06-16 10:18:04,2744.85,99477
2021-06-16 10:18:05,2744.85,99477
2021-06-16 10:18:05,2744.85,99477
2021-06-16 10:18:06,2743.3,99699
2021-06-16 10:18:07,2743.3,99699
2021-06-16 10:18:08,2743.3,99699
2021-06-16 10:18:09,2743.3,99699
2021-06-16 10:18:10,2744.65,99726
2021-06-16 10:18:11,2744.7,99727
2021-06-16 10:18:12,2744.7,99727
2021-06-16 10:18:13,2745.35,99733
2021-06-16 10:18:14,2746.0,99738
2021-06-16 10:18:15,2745.35,99751
2021-06-16 10:18:16,2745.35,99751
2021-06-16 10:18:17,2745.25,99752
2021-06-16 10:18:18,2745.25,99752
2021-06-16 10:18:20,2745.25,99752
2021-06-16 10:18:21,2745.25,99752
2021-06-16 10:18:22,2744.6,99753
2021-06-16 10:18:23,2744.6,99753
2021-06-16 10:18:24,2744.6,99753
2021-06-16 10:18:25,2744.6,99753
2021-06-16 10:18:26,2745.25,99852
2021-06-16 10:18:27,2744.0,99857
2021-06-16 10:18:28,2744.0,99857
2021-06-16 10:18:30,2745.7,99861
2021-06-16 10:18:31,2744.35,99862
2021-06-16 10:18:32,2744.55,99863
2021-06-16 10:18:33,2744.55,99863
2021-06-16 10:18:34,2744.55,99863
2021-06-16 10:18:35,2744.55,99863
2021-06-16 10:18:36,2744.55,99863
2021-06-16 10:18:37,2744.55,99863
2021-06-16 10:18:38,2744.55,99863
2021-06-16 10:18:39,2744.55,99863
2021-06-16 10:18:40,2744.55,99863
2021-06-16 10:18:41,2744.8,99869
2021-06-16 10:18:42,2744.8,99869
2021-06-16 10:18:43,2744.8,99869
2021-06-16 10:18:44,2744.6,99879
2021-06-16 10:18:45,2744.6,99879
2021-06-16 10:18:45,2744.6,99879
2021-06-16 10:18:46,2744.1,99880
2021-06-16 10:18:48,2744.05,99882
2021-06-16 10:18:49,2745.0,99993
2021-06-16 10:18:50,2745.0,99993
2021-06-16 10:18:51,2745.0,99993
2021-06-16 10:18:52,2744.55,99994
2021-06-16 10:18:53,2745.0,99996
2021-06-16 10:18:54,2745.0,99996
2021-06-16 10:18:55,2745.0,99996
2021-06-16 10:18:56,2744.65,100023
2021-06-16 10:18:57,2744.65,100023
2021-06-16 10:18:58,2745.0,100049
2021-06-16 10:18:59,2744.75,100051
2021-06-16 10:19:00,2744.75,100051
2021-06-16 10:19:01,2744.75,100051
2021-06-16 10:19:02,2745.0,100069
2021-06-16 10:19:03,2745.0,100069
2021-06-16 10:19:04,2745.0,100069
2021-06-16 10:19:05,2745.0,100069
2021-06-16 10:19:06,2745.0,100069
2021-06-16 10:19:07,2744.95,100070
2021-06-16 10:19:08,2744.95,100070
2021-06-16 10:19:09,2745.0,100126
2021-06-16 10:19:11,2744.95,100331
2021-06-16 10:19:12,2744.15,100332
2021-06-16 10:19:13,2744.75,100333
2021-06-16 10:19:15,2744.75,100333
2021-06-16 10:19:15,2744.75,100333
2021-06-16 10:19:17,2744.75,100338
2021-06-16 10:19:18,2744.75,100359
2021-06-16 10:19:19,2744.8,100374
2021-06-16 10:19:20,2744.6,100375
2021-06-16 10:19:21,2745.65,100394
2021-06-16 10:19:21,2745.65,100394
2021-06-16 10:19:23,2744.9,100396
2021-06-16 10:19:24,2744.9,100396
2021-06-16 10:19:25,2744.9,100397
2021-06-16 10:19:26,2744.8,100403
2021-06-16 10:19:26,2744.8,100403
