timestamp,ltp,volume
2021-06-16 09:15:49,982.55,16727
2021-06-16 09:15:50,983.15,17089
2021-06-16 09:15:53,982.6,18138
2021-06-16 09:15:53,982.65,18177
2021-06-16 09:15:54,983.2,18831
2021-06-16 09:15:55,982.55,19045
2021-06-16 09:15:56,983.2,19295
2021-06-16 09:15:57,982.6,19333
2021-06-16 09:15:58,983.25,19416
2021-06-16 09:15:59,982.9,19486
2021-06-16 09:16:00,983.15,19623
2021-06-16 09:16:01,982.95,19948
2021-06-16 09:16:02,983.0,19973
2021-06-16 09:16:03,982.75,20370
2021-06-16 09:16:04,983.0,20400
2021-06-16 09:16:05,983.0,20563
2021-06-16 09:16:06,983.0,20592
2021-06-16 09:16:08,983.0,20645
2021-06-16 09:16:09,983.4,20650
2021-06-16 09:16:10,983.0,20692
2021-06-16 09:16:11,983.65,21019
2021-06-16 09:16:12,983.9,21028
2021-06-16 09:16:13,983.9,21114
2021-06-16 09:16:14,983.25,21156
2021-06-16 09:16:15,984.55,22447
2021-06-16 09:16:15,984.0,22594
2021-06-16 09:16:16,984.55,22609
2021-06-16 09:16:18,984.05,22828
2021-06-16 09:16:19,984.55,22888
2021-06-16 09:16:20,984.55,22888
2021-06-16 09:16:21,984.0,22948
2021-06-16 09:16:21,984.0,22948
2021-06-16 09:16:23,984.15,23152
2021-06-16 09:16:24,984.15,23178
2021-06-16 09:16:25,984.15,23178
2021-06-16 09:16:27,984.8,23529
2021-06-16 09:16:28,984.85,23582
2021-06-16 09:16:29,984.2,23613
2021-06-16 09:16:30,984.25,23745
2021-06-16 09:16:31,984.85,23839
2021-06-16 09:16:32,984.8,23910
2021-06-16 09:16:33,984.8,23927
2021-06-16 09:16:34,984.65,23947
2021-06-16 09:16:35,984.2,24057
2021-06-16 09:16:36,984.15,24061
2021-06-16 09:16:37,984.75,24131
2021-06-16 09:16:38,984.25,24150
2021-06-16 09:16:39,984.2,24187
2021-06-16 09:16:40,984.6,24218
2021-06-16 09:16:41,984.2,24241
2021-06-16 09:16:42,984.2,24320
2021-06-16 09:16:43,984.7,24330
2021-06-16 09:16:44,984.2,24347
2021-06-16 09:16:45,984.2,24347
2021-06-16 09:16:46,984.05,24401
2021-06-16 09:16:47,984.2,24520
2021-06-16 09:16:48,984.3,24952
2021-06-16 09:16:50,984.3,24982
2021-06-16 09:16:49,984.3,24979
2021-06-16 09:16:51,984.3,25319
2021-06-16 09:16:53,984.1,25388
2021-06-16 09:16:54,984.4,25492
2021-06-16 09:16:55,984.4,25502
2021-06-16 09:16:56,984.4,25502
2021-06-16 09:16:57,984.4,25617
2021-06-16 09:16:59,984.1,25717
2021-06-16 09:17:00,984.1,25783
2021-06-16 09:17:01,984.1,25822
2021-06-16 09:17:02,984.4,25876
2021-06-16 09:17:03,984.3,25882
2021-06-16 09:17:04,984.4,25945
2021-06-16 09:17:05,984.4,26252
2021-06-16 09:17:06,984.15,26288
2021-06-16 09:17:07,984.55,26338
2021-06-16 09:17:08,984.55,26368
2021-06-16 09:17:09,984.2,26430
2021-06-16 09:17:10,984.2,26451
2021-06-16 09:17:11,984.4,26576
2021-06-16 09:17:12,984.4,27614
2021-06-16 09:17:13,984.55,27811
2021-06-16 09:17:14,984.55,27833
2021-06-16 09:17:15,984.55,27884
2021-06-16 09:17:16,984.55,27914
2021-06-16 09:17:17,984.55,27914
2021-06-16 09:17:18,984.25,27919
2021-06-16 09:17:20,984.25,28227
2021-06-16 09:17:19,984.25,28227
2021-06-16 09:17:21,984.55,28230
2021-06-16 09:17:22,984.7,28405
2021-06-16 09:17:23,984.55,28735
2021-06-16 09:17:24,985.1,29996
2021-06-16 09:17:25,985.45,30119
2021-06-16 09:17:26,985.75,30650
2021-06-16 09:17:27,985.85,30784
2021-06-16 09:17:28,985.9,30948
2021-06-16 09:17:29,985.45,31032
2021-06-16 09:17:30,985.3,31482
2021-06-16 09:17:31,985.7,31585
2021-06-16 09:17:32,985.75,31897
2021-06-16 09:17:33,985.75,31897
2021-06-16 09:17:34,985.75,31897
2021-06-16 09:17:35,985.7,31967
2021-06-16 09:17:36,985.45,32167
2021-06-16 09:17:38,985.35,32305
2021-06-16 09:17:40,985.1,32306
2021-06-16 09:17:41,985.35,32444
2021-06-16 09:17:43,985.35,32465
2021-06-16 09:17:44,985.35,32568
2021-06-16 09:17:45,985.05,32577
2021-06-16 09:17:46,985.05,32762
2021-06-16 09:17:47,985.25,32773
2021-06-16 09:17:48,985.25,32793
2021-06-16 09:17:49,985.25,32793
2021-06-16 09:17:50,985.05,32855
2021-06-16 09:17:51,985.05,32855
2021-06-16 09:17:52,985.05,32867
2021-06-16 09:17:53,985.05,32867
2021-06-16 09:17:54,984.9,33217
2021-06-16 09:17:55,985.1,33238
2021-06-16 09:17:56,985.1,33430
2021-06-16 09:17:57,984.9,33563
2021-06-16 09:17:58,984.9,33563
2021-06-16 09:17:59,984.9,33563
2021-06-16 09:18:00,985.05,33565
2021-06-16 09:18:01,985.05,33587
2021-06-16 09:18:02,985.05,33613
2021-06-16 09:18:03,984.75,33663
2021-06-16 09:18:04,984.75,33683
2021-06-16 09:18:05,985.0,33684
2021-06-16 09:18:06,985.05,33794
2021-06-16 09:18:07,985.05,33794
2021-06-16 09:18:08,985.05,33794
2021-06-16 09:18:09,985.05,33794
2021-06-16 09:18:10,985.1,33894
2021-06-16 09:18:12,984.7,33961
2021-06-16 09:18:13,985.0,34471
2021-06-16 09:18:14,985.0,34532
2021-06-16 09:18:15,985.0,34532
2021-06-16 09:18:16,985.0,34532
2021-06-16 09:18:17,984.9,34533
2021-06-16 09:18:18,984.7,34574
2021-06-16 09:18:19,984.7,34596
2021-06-16 09:18:20,984.7,34674
2021-06-16 09:18:21,984.6,34687
2021-06-16 09:18:22,984.7,34712
2021-06-16 09:18:24,984.6,34831
2021-06-16 09:18:25,984.6,34971
2021-06-16 09:18:26,984.75,35025
2021-06-16 09:18:27,984.75,35025
2021-06-16 09:18:28,984.75,35125
2021-06-16 09:18:30,984.65,35253
2021-06-16 09:18:31,984.65,35335
2021-06-16 09:18:32,984.6,35338
2021-06-16 09:18:33,984.6,35358
2021-06-16 09:18:35,984.6,35460
2021-06-16 09:18:36,984.65,35462
2021-06-16 09:18:37,984.65,35462
2021-06-16 09:18:38,984.55,36122
2021-06-16 09:18:39,984.3,36210
2021-06-16 09:18:40,984.25,36297
2021-06-16 09:18:42,984.45,36317
2021-06-16 09:18:43,984.25,36373
2021-06-16 09:18:44,984.4,36473
2021-06-16 09:18:45,984.4,36473
2021-06-16 09:18:47,984.4,36578
2021-06-16 09:18:49,984.45,36618
2021-06-16 09:18:50,984.45,36874
2021-06-16 09:18:51,984.45,36874
2021-06-16 09:18:52,984.45,36935
2021-06-16 09:18:53,984.5,36955
2021-06-16 09:18:54,984.55,37016
2021-06-16 09:18:55,984.6,37061
2021-06-16 09:18:56,984.6,38484
2021-06-16 09:18:57,984.6,38683
2021-06-16 09:18:56,984.6,38683
2021-06-16 09:18:58,984.9,38684
2021-06-16 09:18:59,984.9,38684
2021-06-16 09:19:00,984.55,38734
2021-06-16 09:19:01,984.55,38744
2021-06-16 09:19:02,984.9,38799
2021-06-16 09:19:03,984.9,38809
2021-06-16 09:19:04,984.9,38809
2021-06-16 09:19:05,984.0,40069
2021-06-16 09:19:06,984.1,40408
2021-06-16 09:19:08,984.05,40525
2021-06-16 09:19:09,984.05,40530
2021-06-16 09:19:10,983.65,40630
2021-06-16 09:19:11,983.65,40630
2021-06-16 09:19:12,984.0,40710
2021-06-16 09:19:13,983.4,40843
2021-06-16 09:19:15,983.35,41048
2021-06-16 09:19:16,982.9,42537
2021-06-16 09:19:19,982.9,43462
2021-06-16 09:19:21,982.5,43501
2021-06-16 09:19:23,982.25,43617
2021-06-16 09:19:24,982.95,43793
2021-06-16 09:19:25,983.85,44382
2021-06-16 09:19:26,983.85,44382
2021-06-16 09:19:27,983.05,45332
2021-06-16 09:19:28,983.7,45342
2021-06-16 09:19:29,982.95,45610
2021-06-16 09:19:30,982.95,45624
2021-06-16 09:19:31,983.5,45675
2021-06-16 09:19:32,983.5,45675
2021-06-16 09:19:33,983.5,45675
2021-06-16 09:19:35,983.05,45690
2021-06-16 09:19:36,983.05,45690
2021-06-16 09:19:37,983.05,45690
2021-06-16 09:19:38,983.05,45690
2021-06-16 09:19:39,983.0,45710
2021-06-16 09:19:40,983.0,45710
2021-06-16 09:19:41,983.35,45791
2021-06-16 09:19:42,983.05,45878
2021-06-16 09:19:43,983.05,45878
2021-06-16 09:19:44,983.05,45903
2021-06-16 09:19:45,983.35,45913
2021-06-16 09:19:46,983.2,46015
2021-06-16 09:19:47,983.35,46016
2021-06-16 09:19:48,983.35,46096
2021-06-16 09:19:49,983.35,46096
2021-06-16 09:19:50,983.05,46106
2021-06-16 09:19:51,983.25,46133
2021-06-16 09:19:53,983.0,46643
2021-06-16 09:19:54,982.5,46735
2021-06-16 09:19:54,982.5,46745
2021-06-16 09:19:55,983.0,46750
2021-06-16 09:19:56,983.0,46807
2021-06-16 09:19:57,983.0,46807
2021-06-16 09:19:58,982.5,46912
2021-06-16 09:19:59,982.4,47001
2021-06-16 09:20:01,982.75,47076
2021-06-16 09:20:02,982.1,47274
2021-06-16 09:20:02,982.1,47274
2021-06-16 09:20:04,982.5,47397
2021-06-16 09:20:05,982.05,47478
2021-06-16 09:20:06,982.05,47478
2021-06-16 09:20:08,982.05,47516
2021-06-16 09:20:07,982.05,47516
2021-06-16 09:20:09,982.05,47518
2021-06-16 09:20:09,982.05,47518
2021-06-16 09:20:10,982.3,47530
2021-06-16 09:20:11,982.05,47645
2021-06-16 09:20:12,982.05,47706
2021-06-16 09:20:13,982.4,48076
2021-06-16 09:20:14,982.05,48129
2021-06-16 09:20:15,982.05,48160
2021-06-16 09:20:16,982.5,48669
2021-06-16 09:20:17,982.5,48669
2021-06-16 09:20:18,982.5,48669
2021-06-16 09:20:19,982.6,48671
2021-06-16 09:20:20,982.6,48703
2021-06-16 09:20:22,982.6,48805
2021-06-16 09:20:23,982.35,49217
2021-06-16 09:20:26,982.4,49232
2021-06-16 09:20:27,982.85,49470
2021-06-16 09:20:28,982.6,49496
2021-06-16 09:20:29,982.35,49511
2021-06-16 09:20:31,982.4,49564
2021-06-16 09:20:32,982.4,49564
2021-06-16 09:20:33,982.35,49733
2021-06-16 09:20:34,982.35,49733
2021-06-16 09:20:35,982.35,49753
2021-06-16 09:20:36,982.35,49814
2021-06-16 09:20:37,982.75,51815
2021-06-16 09:20:38,982.45,52177
2021-06-16 09:20:39,982.45,52203
2021-06-16 09:20:40,982.4,52323
2021-06-16 09:20:41,982.15,52359
2021-06-16 09:20:42,982.15,52359
2021-06-16 09:20:43,982.8,52629
2021-06-16 09:20:44,982.4,52639
2021-06-16 09:20:45,982.1,52789
2021-06-16 09:20:46,982.45,52892
2021-06-16 09:20:47,982.1,52895
2021-06-16 09:20:48,982.35,52995
2021-06-16 09:20:50,982.3,53177
2021-06-16 09:20:51,982.05,54370
2021-06-16 09:20:52,982.25,54706
2021-06-16 09:20:53,982.0,56115
2021-06-16 09:20:54,981.3,56603
2021-06-16 09:20:55,981.9,56673
2021-06-16 09:20:56,981.25,57018
2021-06-16 09:20:57,981.5,57081
2021-06-16 09:20:58,981.5,57143
2021-06-16 09:20:59,981.5,57198
2021-06-16 09:21:01,981.3,57276
2021-06-16 09:21:02,981.3,57280
2021-06-16 09:21:03,981.3,57433
2021-06-16 09:21:04,981.3,57442
2021-06-16 09:21:05,981.05,58917
2021-06-16 09:21:05,981.0,58896
2021-06-16 09:21:06,981.0,59301
2021-06-16 09:21:07,981.0,59409
2021-06-16 09:21:08,981.0,59549
2021-06-16 09:21:10,981.0,60018
2021-06-16 09:21:10,981.0,60048
2021-06-16 09:21:11,981.2,60063
2021-06-16 09:21:12,981.2,60363
2021-06-16 09:21:13,981.0,60678
2021-06-16 09:21:15,981.35,61126
2021-06-16 09:21:16,981.0,61432
2021-06-16 09:21:16,981.0,61455
2021-06-16 09:21:17,981.0,61538
2021-06-16 09:21:18,981.35,61768
2021-06-16 09:21:19,981.35,61969
2021-06-16 09:21:20,981.0,62283
2021-06-16 09:21:21,981.0,62520
2021-06-16 09:21:22,981.0,62550
2021-06-16 09:21:23,981.0,62602
2021-06-16 09:21:25,981.0,62802
2021-06-16 09:21:25,981.0,63155
2021-06-16 09:21:26,981.25,63164
2021-06-16 09:21:27,981.25,63165
2021-06-16 09:21:28,981.35,63665
2021-06-16 09:21:29,981.3,63795
2021-06-16 09:21:30,981.0,63796
2021-06-16 09:21:31,980.85,63929
2021-06-16 09:21:32,981.3,63950
2021-06-16 09:21:33,981.3,64549
2021-06-16 09:21:34,981.3,64549
2021-06-16 09:21:35,981.3,64829
2021-06-16 09:21:36,981.35,64929
2021-06-16 09:21:37,981.3,64954
2021-06-16 09:21:38,981.3,65028
2021-06-16 09:21:39,981.45,65068
2021-06-16 09:21:40,981.45,65068
2021-06-16 09:21:41,981.5,65195
2021-06-16 09:21:42,981.5,65195
2021-06-16 09:21:43,982.0,65365
2021-06-16 09:21:44,981.45,65377
2021-06-16 09:21:45,981.5,65414
2021-06-16 09:21:46,981.9,65535
2021-06-16 09:21:47,981.5,65560
2021-06-16 09:21:49,981.9,65597
2021-06-16 09:21:50,981.9,65614
2021-06-16 09:21:51,981.9,65614
2021-06-16 09:21:52,981.9,65614
2021-06-16 09:21:53,981.9,65614
2021-06-16 09:21:54,981.65,65622
2021-06-16 09:21:55,981.5,65657
2021-06-16 09:21:56,981.5,66177
2021-06-16 09:21:57,981.3,66283
2021-06-16 09:21:58,981.3,66293
2021-06-16 09:21:59,981.7,66318
2021-06-16 09:22:00,981.7,66339
2021-06-16 09:22:01,981.7,66358
2021-06-16 09:22:02,981.7,66358
2021-06-16 09:22:03,981.7,66358
2021-06-16 09:22:04,981.7,66358
2021-06-16 09:22:05,981.7,66475
2021-06-16 09:22:06,981.0,68759
2021-06-16 09:22:07,981.0,70195
2021-06-16 09:22:08,980.8,70205
2021-06-16 09:22:11,980.55,70615
2021-06-16 09:22:12,980.8,70784
2021-06-16 09:22:13,981.05,71239
2021-06-16 09:22:14,981.05,71269
2021-06-16 09:22:15,981.05,71269
2021-06-16 09:22:16,981.35,71377
2021-06-16 09:22:17,981.3,71400
2021-06-16 09:22:18,981.45,71570
2021-06-16 09:22:19,981.25,71573
2021-06-16 09:22:20,981.05,71614
2021-06-16 09:22:22,981.05,71614
2021-06-16 09:22:23,981.45,71639
2021-06-16 09:22:23,981.05,71854
2021-06-16 09:22:24,981.35,71894
2021-06-16 09:22:25,981.35,73005
2021-06-16 09:22:26,981.0,73688
2021-06-16 09:22:27,981.0,73688
2021-06-16 09:22:28,981.4,73770
2021-06-16 09:22:30,981.0,73827
2021-06-16 09:22:31,981.0,73827
2021-06-16 09:22:33,981.0,74037
2021-06-16 09:22:34,981.0,74098
2021-06-16 09:22:35,981.35,74215
2021-06-16 09:22:35,981.35,74216
2021-06-16 09:22:37,981.0,74531
2021-06-16 09:22:38,981.0,74531
2021-06-16 09:22:38,981.0,74531
2021-06-16 09:22:40,981.35,74823
2021-06-16 09:22:41,981.4,74827
2021-06-16 09:22:43,981.4,74827
2021-06-16 09:22:44,981.45,74845
2021-06-16 09:22:45,981.45,74845
2021-06-16 09:22:46,981.7,75630
2021-06-16 09:22:46,981.7,75630
2021-06-16 09:22:47,981.95,75669
2021-06-16 09:22:48,981.6,75684
2021-06-16 09:22:50,981.95,75704
2021-06-16 09:22:49,981.95,75686
2021-06-16 09:22:51,981.95,75705
2021-06-16 09:22:53,981.95,75812
2021-06-16 09:22:53,981.65,75811
2021-06-16 09:22:54,981.55,75818
2021-06-16 09:22:55,981.55,76024
2021-06-16 09:22:56,981.55,76075
2021-06-16 09:22:58,981.6,76077
2021-06-16 09:22:59,981.9,76158
2021-06-16 09:23:00,981.5,76202
2021-06-16 09:23:01,981.9,76265
2021-06-16 09:23:01,981.9,76265
2021-06-16 09:23:02,981.9,76351
2021-06-16 09:23:04,981.6,76781
2021-06-16 09:23:06,982.0,76798
2021-06-16 09:23:07,982.0,76798
2021-06-16 09:23:08,981.55,76801
2021-06-16 09:23:09,981.55,76801
2021-06-16 09:23:09,981.55,76801
2021-06-16 09:23:10,982.0,76816
2021-06-16 09:23:11,982.0,76834
2021-06-16 09:23:13,982.0,76942
2021-06-16 09:23:14,981.9,76944
2021-06-16 09:23:15,981.4,79181
2021-06-16 09:23:16,981.4,79482
2021-06-16 09:23:17,981.0,79614
2021-06-16 09:23:20,981.35,79620
2021-06-16 09:23:21,981.35,79983
2021-06-16 09:23:22,981.35,79988
2021-06-16 09:23:24,981.55,80349
2021-06-16 09:23:25,981.45,80351
2021-06-16 09:23:26,981.45,80352
2021-06-16 09:23:29,981.75,80615
2021-06-16 09:23:30,981.4,80661
2021-06-16 09:23:31,981.4,80682
2021-06-16 09:23:33,981.65,80732
2021-06-16 09:23:34,981.65,80733
2021-06-16 09:23:35,981.4,80827
2021-06-16 09:23:35,981.5,80877
2021-06-16 09:23:37,981.5,80877
2021-06-16 09:23:37,981.65,80886
2021-06-16 09:23:38,981.65,80886
2021-06-16 09:23:39,981.65,80886
2021-06-16 09:23:40,981.65,80911
2021-06-16 09:23:45,981.65,80924
2021-06-16 09:23:46,981.65,81218
2021-06-16 09:23:47,981.65,81218
2021-06-16 09:23:48,981.6,81413
2021-06-16 09:23:49,981.6,81416
2021-06-16 09:23:50,981.9,81447
2021-06-16 09:23:51,981.9,81535
2021-06-16 09:23:52,981.9,81535
2021-06-16 09:23:52,981.9,81537
2021-06-16 09:23:53,981.65,81557
2021-06-16 09:23:54,981.65,81557
2021-06-16 09:23:55,981.7,81625
2021-06-16 09:23:56,981.7,81626
2021-06-16 09:23:57,981.65,81656
2021-06-16 09:23:58,981.7,82058
2021-06-16 09:23:59,981.7,82058
2021-06-16 09:24:00,981.7,82058
2021-06-16 09:24:01,982.15,82169
2021-06-16 09:24:02,982.2,82367
2021-06-16 09:24:03,982.25,82407
2021-06-16 09:24:05,982.45,83431
2021-06-16 09:24:06,982.4,83478
2021-06-16 09:24:07,982.7,83978
2021-06-16 09:24:08,982.7,83978
2021-06-16 09:24:09,982.4,84149
2021-06-16 09:24:09,982.4,84149
2021-06-16 09:24:10,982.35,84154
2021-06-16 09:24:11,981.95,84320
2021-06-16 09:24:12,982.35,84339
2021-06-16 09:24:13,982.35,84339
2021-06-16 09:24:15,982.1,84363
2021-06-16 09:24:15,982.1,84363
2021-06-16 09:24:18,982.35,84597
2021-06-16 09:24:19,982.35,84597
2021-06-16 09:24:20,982.5,84614
2021-06-16 09:24:21,982.55,84648
2021-06-16 09:24:22,982.55,84649
2021-06-16 09:24:23,982.15,84759
2021-06-16 09:24:23,982.15,84759
2021-06-16 09:24:26,982.55,85275
2021-06-16 09:24:26,982.55,85275
2021-06-16 09:24:27,982.6,85292
2021-06-16 09:24:28,982.6,85405
2021-06-16 09:24:29,982.6,85405
2021-06-16 09:24:30,982.6,85405
2021-06-16 09:24:31,982.6,85440
2021-06-16 09:24:32,982.15,85514
2021-06-16 09:24:33,982.2,85551
2021-06-16 09:24:34,982.7,85798
2021-06-16 09:24:35,982.65,86818
2021-06-16 09:24:36,982.2,86820
2021-06-16 09:24:37,982.2,86820
2021-06-16 09:24:38,982.05,86865
2021-06-16 09:24:39,982.05,86865
2021-06-16 09:24:40,982.05,86866
2021-06-16 09:24:41,982.05,86876
2021-06-16 09:24:42,982.05,86876
2021-06-16 09:24:43,982.2,87376
2021-06-16 09:24:44,982.4,87411
2021-06-16 09:24:46,981.65,88015
2021-06-16 09:24:47,981.5,88249
2021-06-16 09:24:48,981.95,88254
2021-06-16 09:24:49,981.95,88256
2021-06-16 09:24:51,981.95,88263
2021-06-16 09:24:52,981.5,89774
2021-06-16 09:24:53,981.25,89960
2021-06-16 09:24:54,981.05,90040
2021-06-16 09:24:55,981.7,90264
2021-06-16 09:24:57,981.5,90341
2021-06-16 09:24:58,981.05,90533
2021-06-16 09:24:59,981.35,90657
2021-06-16 09:25:00,981.45,90670
2021-06-16 09:25:01,981.45,90670
2021-06-16 09:25:02,981.45,90670
2021-06-16 09:25:03,981.0,90696
2021-06-16 09:25:04,981.35,90697
2021-06-16 09:25:05,981.35,90812
2021-06-16 09:25:06,981.35,90948
2021-06-16 09:25:07,981.35,90992
2021-06-16 09:25:08,981.35,90995
2021-06-16 09:25:09,981.35,90995
2021-06-16 09:25:10,981.35,91076
2021-06-16 09:25:11,981.2,91102
2021-06-16 09:25:12,981.2,91102
2021-06-16 09:25:13,981.2,91207
2021-06-16 09:25:14,981.1,91317
2021-06-16 09:25:15,981.1,91320
2021-06-16 09:25:16,981.05,91338
2021-06-16 09:25:17,981.2,91458
2021-06-16 09:25:18,981.05,91484
2021-06-16 09:25:19,981.05,91484
2021-06-16 09:25:20,981.2,91538
2021-06-16 09:25:21,981.2,91538
2021-06-16 09:25:22,981.2,91547
2021-06-16 09:25:23,981.3,91677
2021-06-16 09:25:24,981.1,91692
2021-06-16 09:25:25,981.1,91749
2021-06-16 09:25:26,981.1,91873
2021-06-16 09:25:27,981.65,92004
2021-06-16 09:25:28,981.2,92014
2021-06-16 09:25:29,981.2,92014
2021-06-16 09:25:30,981.2,92068
2021-06-16 09:25:31,981.65,92283
2021-06-16 09:25:32,981.55,92521
2021-06-16 09:25:33,981.9,92560
2021-06-16 09:25:34,981.2,92698
2021-06-16 09:25:35,981.2,92698
2021-06-16 09:25:36,981.55,92786
2021-06-16 09:25:37,981.55,92786
2021-06-16 09:25:38,981.55,92786
2021-06-16 09:25:39,981.25,92788
2021-06-16 09:25:40,981.6,92793
2021-06-16 09:25:41,981.55,92799
2021-06-16 09:25:42,981.3,92800
2021-06-16 09:25:43,981.3,92800
2021-06-16 09:25:44,981.6,93000
2021-06-16 09:25:45,981.55,93010
2021-06-16 09:25:46,981.35,93031
2021-06-16 09:25:47,981.4,93291
2021-06-16 09:25:48,981.2,93431
2021-06-16 09:25:49,981.35,93433
2021-06-16 09:25:51,981.2,93584
2021-06-16 09:25:52,981.6,93590
2021-06-16 09:25:53,981.2,93989
2021-06-16 09:25:55,981.5,93990
2021-06-16 09:25:56,981.5,94010
2021-06-16 09:25:58,981.5,94069
2021-06-16 09:25:59,981.1,94095
2021-06-16 09:26:00,981.5,94105
2021-06-16 09:26:01,981.15,94464
2021-06-16 09:26:02,981.15,94464
2021-06-16 09:26:03,981.15,94464
2021-06-16 09:26:04,981.5,94870
2021-06-16 09:26:05,981.45,94875
2021-06-16 09:26:06,981.85,94949
2021-06-16 09:26:07,981.85,94949
2021-06-16 09:26:08,981.85,94949
2021-06-16 09:26:09,982.0,94952
2021-06-16 09:26:10,981.4,95891
2021-06-16 09:26:11,981.4,95891
2021-06-16 09:26:12,981.9,96079
2021-06-16 09:26:13,981.9,96111
2021-06-16 09:26:14,982.05,97111
2021-06-16 09:26:15,981.45,97361
2021-06-16 09:26:16,981.5,97465
2021-06-16 09:26:17,981.9,97466
2021-06-16 09:26:18,981.5,97619
2021-06-16 09:26:19,982.05,97996
2021-06-16 09:26:20,981.5,98072
2021-06-16 09:26:21,981.9,98147
2021-06-16 09:26:22,981.6,98166
2021-06-16 09:26:22,981.6,98166
2021-06-16 09:26:24,981.6,98235
2021-06-16 09:26:25,981.6,98235
2021-06-16 09:26:26,981.9,98236
2021-06-16 09:26:27,981.5,98741
2021-06-16 09:26:28,981.9,98941
2021-06-16 09:26:29,981.9,98941
2021-06-16 09:26:30,981.9,98941
2021-06-16 09:26:31,981.55,98951
2021-06-16 09:26:33,981.55,99268
2021-06-16 09:26:34,981.55,99270
2021-06-16 09:26:34,982.0,99275
2021-06-16 09:26:36,982.0,99275
2021-06-16 09:26:37,982.0,99335
2021-06-16 09:26:38,981.6,99370
2021-06-16 09:26:38,982.0,99345
2021-06-16 09:26:39,982.0,99373
2021-06-16 09:26:40,982.0,99413
2021-06-16 09:26:41,981.6,99414
2021-06-16 09:26:42,982.0,99524
2021-06-16 09:26:43,981.9,99587
2021-06-16 09:26:44,981.55,99682
2021-06-16 09:26:46,981.55,99703
2021-06-16 09:26:46,981.55,99705
2021-06-16 09:26:48,981.9,99910
2021-06-16 09:26:49,981.9,99971
2021-06-16 09:26:50,981.9,100006
2021-06-16 09:26:51,981.85,100011
2021-06-16 09:26:52,981.85,100011
2021-06-16 09:26:53,981.9,100111
2021-06-16 09:26:54,981.9,100111
2021-06-16 09:26:55,981.55,100131
2021-06-16 09:26:56,981.55,100131
2021-06-16 09:26:57,981.55,100131
2021-06-16 09:26:58,981.55,100131
2021-06-16 09:26:59,981.85,100265
2021-06-16 09:27:00,981.85,100285
2021-06-16 09:27:01,981.5,100405
2021-06-16 09:27:02,981.5,101796
2021-06-16 09:27:03,981.8,101846
2021-06-16 09:27:04,981.55,102075
2021-06-16 09:27:05,981.35,102185
2021-06-16 09:27:06,981.35,102401
2021-06-16 09:27:07,981.2,102501
2021-06-16 09:27:08,981.2,102501
2021-06-16 09:27:09,981.4,102505
2021-06-16 09:27:10,981.4,102607
2021-06-16 09:27:11,981.4,102626
2021-06-16 09:27:12,981.4,102626
2021-06-16 09:27:13,981.4,102985
2021-06-16 09:27:14,981.4,102986
2021-06-16 09:27:15,981.4,102986
2021-06-16 09:27:16,981.4,103041
2021-06-16 09:27:17,981.4,103041
2021-06-16 09:27:18,981.4,103092
2021-06-16 09:27:20,981.4,103196
2021-06-16 09:27:21,981.4,103517
2021-06-16 09:27:22,981.2,103521
2021-06-16 09:27:23,981.2,103537
2021-06-16 09:27:24,981.4,103562
2021-06-16 09:27:25,981.2,103707
2021-06-16 09:27:26,981.2,103707
2021-06-16 09:27:27,981.2,103707
2021-06-16 09:27:28,981.4,103708
2021-06-16 09:27:29,981.4,104308
2021-06-16 09:27:30,981.4,104476
2021-06-16 09:27:31,981.4,104479
2021-06-16 09:27:32,981.4,104479
2021-06-16 09:27:33,981.4,104479
2021-06-16 09:27:34,981.4,104479
2021-06-16 09:27:35,981.4,104529
2021-06-16 09:27:36,981.4,104546
2021-06-16 09:27:38,981.4,104566
2021-06-16 09:27:39,981.4,104570
2021-06-16 09:27:40,981.1,104644
2021-06-16 09:27:41,981.4,104651
2021-06-16 09:27:42,981.4,107670
2021-06-16 09:27:43,981.0,108050
2021-06-16 09:27:44,981.0,108148
2021-06-16 09:27:45,981.3,108251
2021-06-16 09:27:46,981.3,108251
2021-06-16 09:27:47,981.05,108253
2021-06-16 09:27:48,981.05,108253
2021-06-16 09:27:50,981.05,108253
2021-06-16 09:27:51,981.3,108270
2021-06-16 09:27:52,981.0,108549
2021-06-16 09:27:53,981.3,108574
2021-06-16 09:27:54,981.3,108574
2021-06-16 09:27:55,981.3,108676
2021-06-16 09:27:56,981.3,108676
2021-06-16 09:27:57,981.3,108676
2021-06-16 09:27:58,981.0,108686
2021-06-16 09:27:59,981.0,108686
2021-06-16 09:28:00,981.0,108686
2021-06-16 09:28:01,980.75,120526
2021-06-16 09:28:02,980.95,120562
2021-06-16 09:28:03,980.25,121166
2021-06-16 09:28:04,980.3,121170
2021-06-16 09:28:05,980.5,121438
2021-06-16 09:28:06,980.25,121488
2021-06-16 09:28:07,980.25,121498
2021-06-16 09:28:08,980.25,121553
2021-06-16 09:28:09,980.25,121578
2021-06-16 09:28:10,980.5,121951
2021-06-16 09:28:11,980.3,121998
2021-06-16 09:28:12,980.75,122448
2021-06-16 09:28:13,980.65,122463
2021-06-16 09:28:14,981.05,122579
2021-06-16 09:28:15,981.05,122579
2021-06-16 09:28:16,980.85,122599
2021-06-16 09:28:17,980.7,122601
2021-06-16 09:28:18,981.05,122748
2021-06-16 09:28:19,981.05,122758
2021-06-16 09:28:21,980.75,123090
2021-06-16 09:28:22,980.25,123371
2021-06-16 09:28:23,980.75,123392
2021-06-16 09:28:24,980.75,123592
2021-06-16 09:28:25,980.75,123676
2021-06-16 09:28:26,980.75,123677
2021-06-16 09:28:27,980.75,123847
2021-06-16 09:28:28,980.75,123847
2021-06-16 09:28:29,980.75,123872
2021-06-16 09:28:30,980.5,123893
2021-06-16 09:28:31,980.9,124068
2021-06-16 09:28:32,980.9,124069
2021-06-16 09:28:33,980.5,124072
2021-06-16 09:28:34,980.5,124072
2021-06-16 09:28:35,980.9,124296
2021-06-16 09:28:36,980.9,124326
2021-06-16 09:28:37,980.9,124331
2021-06-16 09:28:38,980.9,124624
2021-06-16 09:28:39,980.6,124634
2021-06-16 09:28:40,980.6,124656
2021-06-16 09:28:41,980.6,124656
2021-06-16 09:28:42,980.9,124692
2021-06-16 09:28:43,980.9,124982
2021-06-16 09:28:44,980.65,125181
2021-06-16 09:28:45,980.9,125231
2021-06-16 09:28:46,980.75,125234
2021-06-16 09:28:47,980.55,125257
2021-06-16 09:28:48,980.75,125258
2021-06-16 09:28:49,980.5,125458
2021-06-16 09:28:50,980.5,125660
2021-06-16 09:28:51,980.5,125660
2021-06-16 09:28:53,980.75,125789
2021-06-16 09:28:54,980.55,125929
2021-06-16 09:28:56,980.9,126124
2021-06-16 09:28:57,980.9,126124
2021-06-16 09:28:58,980.9,126124
2021-06-16 09:29:00,980.9,126124
2021-06-16 09:29:01,981.05,126504
2021-06-16 09:29:02,981.05,126504
2021-06-16 09:29:03,980.9,126625
2021-06-16 09:29:04,980.9,126625
2021-06-16 09:29:05,981.3,126922
2021-06-16 09:29:06,981.3,126922
2021-06-16 09:29:07,981.2,127039
2021-06-16 09:29:08,981.2,127039
2021-06-16 09:29:09,981.2,127039
2021-06-16 09:29:10,981.2,127039
2021-06-16 09:29:11,981.2,127039
2021-06-16 09:29:12,981.7,127099
2021-06-16 09:29:13,981.2,127124
2021-06-16 09:29:15,981.2,127184
2021-06-16 09:29:16,981.2,127238
2021-06-16 09:29:17,981.65,127287
2021-06-16 09:29:19,981.65,127289
2021-06-16 09:29:19,981.25,127561
2021-06-16 09:29:20,981.65,127578
2021-06-16 09:29:21,981.65,127578
2021-06-16 09:29:22,981.25,127581
2021-06-16 09:29:23,981.65,127582
2021-06-16 09:29:24,981.75,127732
2021-06-16 09:29:25,981.75,127732
2021-06-16 09:29:26,981.75,127732
2021-06-16 09:29:27,981.75,127732
2021-06-16 09:29:28,981.75,127732
2021-06-16 09:29:30,981.75,127837
2021-06-16 09:29:31,981.3,128041
2021-06-16 09:29:32,981.75,128093
2021-06-16 09:29:33,981.45,128118
2021-06-16 09:29:34,981.75,128178
2021-06-16 09:29:36,981.0,128333
2021-06-16 09:29:37,981.4,128335
2021-06-16 09:29:38,981.4,128441
2021-06-16 09:29:39,981.4,128441
2021-06-16 09:29:40,981.0,128466
2021-06-16 09:29:42,981.0,128874
2021-06-16 09:29:42,981.0,129003
2021-06-16 09:29:43,981.1,129022
2021-06-16 09:29:44,981.4,129284
2021-06-16 09:29:45,981.55,129285
2021-06-16 09:29:46,981.55,129320
2021-06-16 09:29:47,981.55,129320
2021-06-16 09:29:48,981.55,129320
2021-06-16 09:29:49,981.55,129322
2021-06-16 09:29:50,981.55,129352
2021-06-16 09:29:51,981.2,129357
2021-06-16 09:29:52,981.55,129454
2021-06-16 09:29:53,981.55,129455
2021-06-16 09:29:54,981.3,129758
2021-06-16 09:29:55,981.3,129758
2021-06-16 09:29:56,981.25,129790
2021-06-16 09:29:57,981.25,129840
2021-06-16 09:29:58,981.55,129841
2021-06-16 09:29:59,981.55,129850
2021-06-16 09:30:00,981.55,129850
2021-06-16 09:30:02,981.55,130007
2021-06-16 09:30:03,981.55,130018
2021-06-16 09:30:04,981.55,130025
2021-06-16 09:30:05,981.55,130026
2021-06-16 09:30:06,981.25,130036
2021-06-16 09:30:07,981.25,130056
2021-06-16 09:30:08,981.25,130056
2021-06-16 09:30:09,981.55,130171
2021-06-16 09:30:10,981.35,130176
2021-06-16 09:30:11,981.05,130309
2021-06-16 09:30:12,981.25,130420
2021-06-16 09:30:14,981.45,130481
2021-06-16 09:30:15,981.45,130481
2021-06-16 09:30:16,981.2,130501
2021-06-16 09:30:17,981.45,130551
2021-06-16 09:30:18,981.45,130668
2021-06-16 09:30:19,981.45,130695
2021-06-16 09:30:20,981.45,130695
2021-06-16 09:30:20,981.45,130695
2021-06-16 09:30:21,981.1,130715
2021-06-16 09:30:22,981.05,131819
2021-06-16 09:30:23,981.0,131946
2021-06-16 09:30:25,981.0,132011
2021-06-16 09:30:26,981.4,132016
2021-06-16 09:30:26,981.4,132016
2021-06-16 09:30:27,981.4,132116
2021-06-16 09:30:28,981.0,132121
2021-06-16 09:30:29,981.0,132146
2021-06-16 09:30:30,981.4,132147
2021-06-16 09:30:32,981.0,132350
2021-06-16 09:30:33,981.3,133005
2021-06-16 09:30:34,981.3,133005
2021-06-16 09:30:36,981.3,133110
2021-06-16 09:30:36,981.3,133110
2021-06-16 09:30:37,981.15,133114
2021-06-16 09:30:38,981.2,133134
2021-06-16 09:30:39,981.2,133134
2021-06-16 09:30:40,981.15,133258
2021-06-16 09:30:41,981.15,133258
2021-06-16 09:30:42,981.0,133304
2021-06-16 09:30:43,981.15,133334
2021-06-16 09:30:44,981.15,133334
2021-06-16 09:30:45,980.85,136333
2021-06-16 09:30:46,981.0,136832
2021-06-16 09:30:48,981.0,136932
2021-06-16 09:30:48,981.0,136932
2021-06-16 09:30:49,981.1,137032
2021-06-16 09:30:50,980.95,137132
2021-06-16 09:30:51,980.55,137150
2021-06-16 09:30:52,980.55,137226
2021-06-16 09:30:54,980.55,137387
2021-06-16 09:30:55,980.95,137487
2021-06-16 09:30:56,980.95,137487
2021-06-16 09:30:57,980.55,137507
2021-06-16 09:30:58,980.75,137510
2021-06-16 09:30:59,980.75,137510
2021-06-16 09:31:01,980.65,138109
2021-06-16 09:31:02,980.65,138109
2021-06-16 09:31:04,980.65,138135
2021-06-16 09:31:04,980.65,138135
2021-06-16 09:31:05,980.65,138157
2021-06-16 09:31:06,980.5,138183
2021-06-16 09:31:07,980.5,138281
2021-06-16 09:31:08,980.5,138384
2021-06-16 09:31:10,980.2,141499
2021-06-16 09:31:11,980.1,141542
2021-06-16 09:31:12,980.4,141951
2021-06-16 09:31:13,980.4,142104
2021-06-16 09:31:14,980.05,142115
2021-06-16 09:31:15,980.4,142119
2021-06-16 09:31:17,980.0,143401
2021-06-16 09:31:18,980.0,143950
2021-06-16 09:31:19,980.0,144011
2021-06-16 09:31:21,980.1,144056
2021-06-16 09:31:22,979.9,149789
2021-06-16 09:31:23,979.35,150574
2021-06-16 09:31:23,979.1,150639
2021-06-16 09:31:24,979.55,151174
2021-06-16 09:31:25,979.4,151791
2021-06-16 09:31:26,980.0,153133
2021-06-16 09:31:27,979.25,153145
2021-06-16 09:31:28,979.75,153348
2021-06-16 09:31:29,979.75,153520
2021-06-16 09:31:30,979.25,153552
2021-06-16 09:31:31,979.15,153592
2021-06-16 09:31:32,979.65,153672
2021-06-16 09:31:33,979.2,153685
2021-06-16 09:31:34,979.25,153746
2021-06-16 09:31:35,979.55,153747
2021-06-16 09:31:36,979.15,153772
2021-06-16 09:31:37,979.55,153821
2021-06-16 09:31:38,979.55,155009
2021-06-16 09:31:39,979.5,155198
2021-06-16 09:31:40,979.5,155509
2021-06-16 09:31:43,980.0,155687
2021-06-16 09:31:44,980.0,155703
2021-06-16 09:31:45,980.0,155703
2021-06-16 09:31:47,980.05,155724
2021-06-16 09:31:47,980.05,155724
2021-06-16 09:31:48,980.3,156432
2021-06-16 09:31:49,979.95,156448
2021-06-16 09:31:50,980.0,156598
2021-06-16 09:31:51,979.95,156688
2021-06-16 09:31:52,980.3,156768
2021-06-16 09:31:53,980.3,156780
2021-06-16 09:31:54,980.3,156780
2021-06-16 09:31:55,980.1,156810
2021-06-16 09:31:57,980.3,156818
2021-06-16 09:31:57,979.95,156843
2021-06-16 09:31:58,979.95,156843
2021-06-16 09:32:00,980.3,156844
2021-06-16 09:32:01,980.15,157000
2021-06-16 09:32:02,980.15,157015
2021-06-16 09:32:03,980.0,157040
2021-06-16 09:32:04,980.05,157167
2021-06-16 09:32:04,980.05,157167
2021-06-16 09:32:06,980.15,157205
2021-06-16 09:32:06,980.15,157205
2021-06-16 09:32:07,980.3,157285
2021-06-16 09:32:09,980.1,157366
2021-06-16 09:32:10,980.1,157366
2021-06-16 09:32:12,980.1,157366
2021-06-16 09:32:13,980.25,157367
2021-06-16 09:32:13,980.25,157367
2021-06-16 09:32:14,980.25,157367
2021-06-16 09:32:15,980.25,157367
2021-06-16 09:32:16,980.0,157369
2021-06-16 09:32:19,980.15,157500
2021-06-16 09:32:20,980.25,158575
2021-06-16 09:32:21,980.5,158697
2021-06-16 09:32:22,980.05,158834
2021-06-16 09:32:23,980.45,158934
2021-06-16 09:32:24,980.05,158987
2021-06-16 09:32:24,980.05,158987
2021-06-16 09:32:26,980.05,158987
2021-06-16 09:32:26,980.05,158987
2021-06-16 09:32:27,980.05,158987
2021-06-16 09:32:28,980.2,159185
2021-06-16 09:32:30,980.0,159393
2021-06-16 09:32:31,980.0,159393
2021-06-16 09:32:32,980.2,159394
2021-06-16 09:32:33,980.2,159395
2021-06-16 09:32:34,980.0,159398
2021-06-16 09:32:34,980.0,159398
2021-06-16 09:32:36,980.1,159419
2021-06-16 09:32:37,980.1,159849
2021-06-16 09:32:38,980.6,159901
2021-06-16 09:32:39,980.25,159921
2021-06-16 09:32:40,980.25,159927
2021-06-16 09:32:41,980.25,159947
2021-06-16 09:32:42,980.15,159973
2021-06-16 09:32:43,980.5,159993
2021-06-16 09:32:44,980.15,160044
2021-06-16 09:32:45,980.5,160059
2021-06-16 09:32:46,980.3,160163
2021-06-16 09:32:47,980.3,160163
2021-06-16 09:32:48,980.3,160163
2021-06-16 09:32:49,980.25,160164
2021-06-16 09:32:50,980.25,160180
2021-06-16 09:32:51,980.25,160289
2021-06-16 09:32:52,980.3,160290
2021-06-16 09:32:53,980.3,160312
2021-06-16 09:32:54,980.0,160372
2021-06-16 09:32:56,980.0,160850
2021-06-16 09:32:56,980.0,160850
2021-06-16 09:32:57,980.0,160970
2021-06-16 09:32:58,979.8,161049
2021-06-16 09:32:59,980.15,161051
2021-06-16 09:33:00,980.15,161051
2021-06-16 09:33:01,979.8,161061
2021-06-16 09:33:02,980.25,161311
2021-06-16 09:33:04,980.25,161311
2021-06-16 09:33:05,980.25,161311
2021-06-16 09:33:06,979.8,161314
2021-06-16 09:33:07,979.8,161314
2021-06-16 09:33:07,980.0,161364
2021-06-16 09:33:08,980.0,161365
2021-06-16 09:33:09,980.0,161365
2021-06-16 09:33:10,980.0,161390
2021-06-16 09:33:12,980.0,161440
2021-06-16 09:33:12,980.0,161440
2021-06-16 09:33:13,980.0,161447
2021-06-16 09:33:14,979.65,162127
2021-06-16 09:33:15,979.65,162127
2021-06-16 09:33:16,979.95,162131
2021-06-16 09:33:17,979.95,162141
2021-06-16 09:33:18,979.95,162391
2021-06-16 09:33:19,979.75,162544
2021-06-16 09:33:20,979.75,162649
2021-06-16 09:33:22,979.75,163664
2021-06-16 09:33:23,979.55,163840
2021-06-16 09:33:24,979.5,163895
2021-06-16 09:33:24,979.5,163895
2021-06-16 09:33:25,979.75,163915
2021-06-16 09:33:26,979.75,163925
2021-06-16 09:33:27,979.6,163930
2021-06-16 09:33:29,979.75,163939
2021-06-16 09:33:30,979.65,164871
2021-06-16 09:33:31,979.5,165058
2021-06-16 09:33:32,979.3,165159
2021-06-16 09:33:33,979.65,165170
2021-06-16 09:33:34,979.3,165420
2021-06-16 09:33:35,979.35,165462
2021-06-16 09:33:36,979.65,165523
2021-06-16 09:33:37,979.65,165523
2021-06-16 09:33:38,979.65,165523
2021-06-16 09:33:39,979.65,165523
2021-06-16 09:33:39,979.65,165523
2021-06-16 09:33:41,979.65,165650
2021-06-16 09:33:42,979.65,165682
2021-06-16 09:33:43,979.65,165687
2021-06-16 09:33:44,979.65,165687
2021-06-16 09:33:45,979.5,165739
2021-06-16 09:33:45,979.5,165739
2021-06-16 09:33:46,979.45,165962
2021-06-16 09:33:47,979.45,166075
2021-06-16 09:33:48,979.45,166075
2021-06-16 09:33:50,979.45,166075
2021-06-16 09:33:51,979.3,166085
2021-06-16 09:33:52,979.3,166117
2021-06-16 09:33:53,979.45,166118
2021-06-16 09:33:54,979.45,166319
2021-06-16 09:33:55,979.4,166544
2021-06-16 09:33:57,979.0,166858
2021-06-16 09:33:58,979.0,166883
2021-06-16 09:33:59,979.3,166903
2021-06-16 09:33:59,979.3,166903
2021-06-16 09:34:00,979.0,166910
2021-06-16 09:34:02,979.3,166990
2021-06-16 09:34:03,979.3,166990
2021-06-16 09:34:04,979.3,167065
2021-06-16 09:34:04,979.3,166990
2021-06-16 09:34:06,979.3,167120
2021-06-16 09:34:08,979.0,167235
2021-06-16 09:34:09,979.3,167252
2021-06-16 09:34:09,979.3,167252
2021-06-16 09:34:10,979.35,167964
2021-06-16 09:34:11,979.05,167974
2021-06-16 09:34:12,979.05,167974
2021-06-16 09:34:13,979.05,167974
2021-06-16 09:34:14,979.05,167974
2021-06-16 09:34:15,979.05,167974
2021-06-16 09:34:16,979.3,168074
2021-06-16 09:34:17,979.1,168335
2021-06-16 09:34:18,979.3,168385
2021-06-16 09:34:19,979.3,168411
2021-06-16 09:34:20,979.3,168748
2021-06-16 09:34:21,979.1,168753
2021-06-16 09:34:23,979.1,168977
2021-06-16 09:34:24,979.1,169040
2021-06-16 09:34:24,979.1,169050
2021-06-16 09:34:26,979.1,169050
2021-06-16 09:34:27,979.05,169180
2021-06-16 09:34:27,979.05,169180
2021-06-16 09:34:28,979.05,169180
2021-06-16 09:34:29,979.05,169230
2021-06-16 09:34:30,979.05,169790
2021-06-16 09:34:32,979.1,170445
2021-06-16 09:34:33,979.1,170542
2021-06-16 09:34:34,979.45,170543
2021-06-16 09:34:35,979.45,170563
2021-06-16 09:34:36,979.45,170563
2021-06-16 09:34:37,979.1,170566
2021-06-16 09:34:38,979.35,170638
2021-06-16 09:34:39,979.35,170838
2021-06-16 09:34:40,979.35,171002
2021-06-16 09:34:41,979.35,171002
2021-06-16 09:34:42,979.35,171002
2021-06-16 09:34:43,979.35,171117
2021-06-16 09:34:44,979.35,171117
2021-06-16 09:34:45,979.35,171133
2021-06-16 09:34:46,979.3,171255
2021-06-16 09:34:47,979.35,171566
2021-06-16 09:34:48,979.35,171566
2021-06-16 09:34:48,979.35,171566
2021-06-16 09:34:49,979.5,171596
2021-06-16 09:34:50,979.5,171596
2021-06-16 09:34:52,979.5,171802
2021-06-16 09:34:53,979.5,171802
2021-06-16 09:34:55,979.5,171803
2021-06-16 09:34:56,979.5,171803
2021-06-16 09:34:57,979.15,172003
2021-06-16 09:34:58,979.15,172018
2021-06-16 09:34:59,979.15,172097
2021-06-16 09:35:00,979.15,172206
2021-06-16 09:35:01,979.4,172331
2021-06-16 09:35:02,979.4,172458
2021-06-16 09:35:03,979.4,172531
2021-06-16 09:35:04,979.4,172541
2021-06-16 09:35:05,979.4,172541
2021-06-16 09:35:06,979.4,172541
2021-06-16 09:35:07,979.2,173556
2021-06-16 09:35:08,979.2,173717
2021-06-16 09:35:09,979.5,173721
2021-06-16 09:35:10,979.5,174028
2021-06-16 09:35:11,979.25,174128
2021-06-16 09:35:12,979.3,174178
2021-06-16 09:35:13,979.5,174278
2021-06-16 09:35:14,979.2,174309
2021-06-16 09:35:15,979.5,174310
2021-06-16 09:35:16,979.85,175039
2021-06-16 09:35:17,979.85,175652
2021-06-16 09:35:18,979.85,175652
2021-06-16 09:35:20,979.85,175662
2021-06-16 09:35:20,980.0,176742
2021-06-16 09:35:21,979.85,177035
2021-06-16 09:35:24,979.7,177219
2021-06-16 09:35:25,979.85,177478
2021-06-16 09:35:26,979.75,177480
2021-06-16 09:35:27,979.75,177505
2021-06-16 09:35:28,979.75,177700
2021-06-16 09:35:29,979.75,177756
2021-06-16 09:35:30,980.0,177812
2021-06-16 09:35:31,980.0,178857
2021-06-16 09:35:32,980.0,178862
2021-06-16 09:35:33,979.75,178972
2021-06-16 09:35:34,979.7,179072
2021-06-16 09:35:35,979.85,179077
2021-06-16 09:35:35,979.85,179077
2021-06-16 09:35:36,979.85,179100
2021-06-16 09:35:37,979.85,179100
2021-06-16 09:35:39,979.75,179116
2021-06-16 09:35:40,979.75,179234
2021-06-16 09:35:40,979.75,179234
2021-06-16 09:35:42,979.85,179272
2021-06-16 09:35:43,979.85,179272
2021-06-16 09:35:44,979.85,179272
2021-06-16 09:35:46,979.85,179272
2021-06-16 09:35:48,979.85,179272
2021-06-16 09:35:49,979.85,179332
2021-06-16 09:35:50,979.85,179397
2021-06-16 09:35:51,979.55,179813
2021-06-16 09:35:52,979.55,179813
2021-06-16 09:35:52,979.85,180338
2021-06-16 09:35:53,979.55,180349
2021-06-16 09:35:54,979.55,180349
2021-06-16 09:35:55,979.55,180349
2021-06-16 09:35:57,979.55,180349
2021-06-16 09:35:58,979.55,180349
2021-06-16 09:35:59,980.0,180449
2021-06-16 09:36:00,979.6,180489
2021-06-16 09:36:01,980.0,180494
2021-06-16 09:36:02,979.6,180526
2021-06-16 09:36:03,979.95,180652
2021-06-16 09:36:04,979.5,180692
2021-06-16 09:36:05,979.9,180915
2021-06-16 09:36:06,979.9,181015
2021-06-16 09:36:06,979.9,181017
2021-06-16 09:36:08,979.55,181517
2021-06-16 09:36:08,979.5,181617
2021-06-16 09:36:09,979.5,182725
2021-06-16 09:36:10,979.5,183030
2021-06-16 09:36:11,979.5,183267
2021-06-16 09:36:12,979.85,183272
2021-06-16 09:36:13,979.75,183458
2021-06-16 09:36:14,979.85,183463
2021-06-16 09:36:15,979.5,183470
2021-06-16 09:36:16,979.85,183551
2021-06-16 09:36:18,979.5,183607
2021-06-16 09:36:19,979.5,183607
2021-06-16 09:36:20,979.5,183705
2021-06-16 09:36:22,979.85,183975
2021-06-16 09:36:21,979.5,183705
2021-06-16 09:36:23,979.85,184679
2021-06-16 09:36:25,979.5,185084
2021-06-16 09:36:26,979.85,185099
2021-06-16 09:36:27,979.5,185149
2021-06-16 09:36:28,979.5,185149
2021-06-16 09:36:29,979.5,185159
2021-06-16 09:36:30,979.55,185216
2021-06-16 09:36:31,979.55,185216
2021-06-16 09:36:32,979.55,185216
2021-06-16 09:36:33,979.55,185216
2021-06-16 09:36:34,979.55,185216
2021-06-16 09:36:35,979.6,185296
2021-06-16 09:36:35,979.6,185296
2021-06-16 09:36:37,979.6,185500
2021-06-16 09:36:38,979.6,185510
2021-06-16 09:36:39,979.6,185510
2021-06-16 09:36:40,979.6,185520
2021-06-16 09:36:41,979.6,185594
2021-06-16 09:36:42,979.8,185692
2021-06-16 09:36:43,979.5,185710
2021-06-16 09:36:44,979.5,185729
2021-06-16 09:36:45,979.8,185859
2021-06-16 09:36:46,979.8,185889
2021-06-16 09:36:47,979.8,185889
2021-06-16 09:36:48,979.8,185889
2021-06-16 09:36:48,979.8,185889
2021-06-16 09:36:51,979.8,186140
2021-06-16 09:36:53,979.8,186327
2021-06-16 09:36:54,979.8,186328
2021-06-16 09:36:55,979.8,186328
2021-06-16 09:36:56,979.5,186465
2021-06-16 09:36:57,979.5,186465
2021-06-16 09:36:59,979.8,186567
2021-06-16 09:37:00,979.8,186597
2021-06-16 09:37:01,979.8,186598
2021-06-16 09:37:02,979.8,186598
2021-06-16 09:37:03,979.8,186698
2021-06-16 09:37:04,979.8,186792
2021-06-16 09:37:05,979.8,186793
2021-06-16 09:37:06,979.8,186797
2021-06-16 09:37:07,979.7,186857
2021-06-16 09:37:09,979.7,186859
2021-06-16 09:37:10,979.7,186859
2021-06-16 09:37:11,979.6,187380
2021-06-16 09:37:12,979.6,187380
2021-06-16 09:37:13,979.8,187397
2021-06-16 09:37:14,979.8,187422
2021-06-16 09:37:15,979.8,187422
2021-06-16 09:37:16,979.7,187442
2021-06-16 09:37:17,979.7,187456
2021-06-16 09:37:18,979.8,187556
2021-06-16 09:37:19,979.7,187558
2021-06-16 09:37:20,979.7,187558
2021-06-16 09:37:21,979.8,188638
2021-06-16 09:37:22,979.7,188671
2021-06-16 09:37:23,979.75,188684
2021-06-16 09:37:24,980.0,189105
2021-06-16 09:37:25,979.75,189107
2021-06-16 09:37:25,979.75,189107
2021-06-16 09:37:27,980.0,189128
2021-06-16 09:37:28,979.7,189139
2021-06-16 09:37:29,979.7,189139
2021-06-16 09:37:30,979.7,189139
2021-06-16 09:37:31,979.65,189144
2021-06-16 09:37:32,979.65,189144
2021-06-16 09:37:33,979.65,189144
2021-06-16 09:37:34,979.65,189404
2021-06-16 09:37:35,979.75,189414
2021-06-16 09:37:36,979.75,189852
2021-06-16 09:37:37,979.7,189866
2021-06-16 09:37:38,980.0,189868
2021-06-16 09:37:38,979.7,189902
2021-06-16 09:37:39,979.7,189902
2021-06-16 09:37:40,980.0,189916
2021-06-16 09:37:42,980.0,189916
2021-06-16 09:37:43,979.55,190916
2021-06-16 09:37:44,979.55,191113
2021-06-16 09:37:45,979.55,191113
2021-06-16 09:37:46,980.0,191114
2021-06-16 09:37:47,979.8,191423
2021-06-16 09:37:48,979.8,191423
2021-06-16 09:37:50,980.1,193762
2021-06-16 09:37:49,980.0,191455
2021-06-16 09:37:51,980.55,194282
2021-06-16 09:37:52,980.05,194482
2021-06-16 09:37:53,980.5,194602
2021-06-16 09:37:54,980.5,194603
2021-06-16 09:37:55,980.1,194633
2021-06-16 09:37:56,980.1,194789
2021-06-16 09:37:57,980.5,194849
2021-06-16 09:37:58,980.5,194849
2021-06-16 09:37:59,979.95,194896
2021-06-16 09:38:00,980.3,194901
2021-06-16 09:38:01,980.3,194951
2021-06-16 09:38:02,979.95,195013
2021-06-16 09:38:03,980.3,195213
2021-06-16 09:38:04,980.0,195247
2021-06-16 09:38:05,980.3,195357
2021-06-16 09:38:06,980.3,195357
2021-06-16 09:38:07,980.0,195385
2021-06-16 09:38:08,980.0,195415
2021-06-16 09:38:09,980.1,195416
2021-06-16 09:38:10,980.0,195417
2021-06-16 09:38:13,980.1,196126
2021-06-16 09:38:14,980.1,196152
2021-06-16 09:38:15,980.1,196152
2021-06-16 09:38:16,980.1,196152
2021-06-16 09:38:18,980.15,196214
2021-06-16 09:38:19,980.25,196269
2021-06-16 09:38:20,980.25,196269
2021-06-16 09:38:21,980.3,196282
2021-06-16 09:38:22,980.1,196542
2021-06-16 09:38:23,980.1,196542
2021-06-16 09:38:24,980.15,196792
2021-06-16 09:38:25,980.3,196808
2021-06-16 09:38:26,980.1,197070
2021-06-16 09:38:27,980.25,197075
2021-06-16 09:38:28,980.25,197075
2021-06-16 09:38:29,980.15,197085
2021-06-16 09:38:30,980.15,197512
2021-06-16 09:38:31,980.1,197540
2021-06-16 09:38:32,980.1,199044
2021-06-16 09:38:33,980.15,199081
2021-06-16 09:38:34,980.15,199085
2021-06-16 09:38:35,980.15,199321
2021-06-16 09:38:36,980.0,199433
2021-06-16 09:38:37,980.15,199438
2021-06-16 09:38:38,980.0,199463
2021-06-16 09:38:39,979.6,206806
2021-06-16 09:38:40,979.55,207877
2021-06-16 09:38:41,979.5,208597
2021-06-16 09:38:42,979.55,208609
2021-06-16 09:38:43,979.5,208613
2021-06-16 09:38:44,979.5,208829
2021-06-16 09:38:45,979.2,208975
2021-06-16 09:38:46,979.5,208976
2021-06-16 09:38:47,979.5,208997
2021-06-16 09:38:48,979.5,209005
2021-06-16 09:38:49,979.5,209441
2021-06-16 09:38:50,979.5,209441
2021-06-16 09:38:51,979.5,209491
2021-06-16 09:38:52,979.5,209495
2021-06-16 09:38:53,979.5,209515
2021-06-16 09:38:54,979.5,209615
2021-06-16 09:38:56,979.5,209704
2021-06-16 09:38:57,979.5,209768
2021-06-16 09:38:58,979.3,209815
2021-06-16 09:38:59,979.5,209865
2021-06-16 09:39:00,979.5,209866
2021-06-16 09:39:01,979.5,209867
2021-06-16 09:39:02,979.5,209872
2021-06-16 09:39:03,979.5,209953
2021-06-16 09:39:04,979.5,209953
2021-06-16 09:39:06,979.5,209983
2021-06-16 09:39:07,979.5,209983
2021-06-16 09:39:08,979.5,209983
2021-06-16 09:39:09,979.5,210010
2021-06-16 09:39:10,979.3,210016
2021-06-16 09:39:11,979.3,210016
2021-06-16 09:39:12,979.3,210016
2021-06-16 09:39:13,979.5,213199
2021-06-16 09:39:14,979.3,213502
2021-06-16 09:39:16,979.5,213757
2021-06-16 09:39:17,979.5,213757
2021-06-16 09:39:18,979.3,213793
2021-06-16 09:39:19,979.3,213794
2021-06-16 09:39:20,979.35,213808
2021-06-16 09:39:21,979.5,213811
2021-06-16 09:39:22,979.5,213937
2021-06-16 09:39:23,979.5,213978
2021-06-16 09:39:24,979.3,213988
2021-06-16 09:39:25,979.3,213988
2021-06-16 09:39:26,979.5,214032
2021-06-16 09:39:27,979.5,214032
2021-06-16 09:39:28,979.5,214241
2021-06-16 09:39:29,979.5,214243
2021-06-16 09:39:30,979.5,214360
2021-06-16 09:39:32,979.45,214430
2021-06-16 09:39:33,979.45,214430
2021-06-16 09:39:34,979.5,214510
2021-06-16 09:39:35,980.0,215320
2021-06-16 09:39:36,979.5,215788
2021-06-16 09:39:37,979.5,215788
2021-06-16 09:39:38,979.9,215789
2021-06-16 09:39:39,979.9,215789
2021-06-16 09:39:40,979.9,215789
2021-06-16 09:39:41,979.4,216336
2021-06-16 09:39:42,979.9,216361
2021-06-16 09:39:43,979.9,216361
2021-06-16 09:39:45,979.9,216371
2021-06-16 09:39:46,979.9,216371
2021-06-16 09:39:47,979.9,216382
2021-06-16 09:39:48,979.9,216382
2021-06-16 09:39:49,979.5,216432
2021-06-16 09:39:50,979.5,216432
2021-06-16 09:39:51,979.9,216442
2021-06-16 09:39:52,979.5,216506
2021-06-16 09:39:53,979.9,216507
2021-06-16 09:39:54,979.9,216519
2021-06-16 09:39:55,979.9,216519
2021-06-16 09:39:56,979.9,216526
2021-06-16 09:39:58,979.9,216534
2021-06-16 09:39:59,979.9,216534
2021-06-16 09:40:00,979.9,216534
2021-06-16 09:40:01,979.9,216544
2021-06-16 09:40:03,979.9,216625
2021-06-16 09:40:03,979.9,216625
2021-06-16 09:40:05,979.9,216650
2021-06-16 09:40:05,979.9,216660
2021-06-16 09:40:06,979.5,216661
2021-06-16 09:40:07,979.9,216671
2021-06-16 09:40:08,979.9,216721
2021-06-16 09:40:09,979.9,216869
2021-06-16 09:40:10,979.9,217465
2021-06-16 09:40:11,979.95,217479
2021-06-16 09:40:12,979.95,217606
2021-06-16 09:40:13,979.95,217608
2021-06-16 09:40:14,979.95,217733
2021-06-16 09:40:15,979.9,217750
2021-06-16 09:40:16,979.65,217872
2021-06-16 09:40:18,979.95,217875
2021-06-16 09:40:18,979.65,217891
2021-06-16 09:40:19,979.95,217941
2021-06-16 09:40:20,979.95,217941
2021-06-16 09:40:21,979.95,217941
2021-06-16 09:40:22,979.95,217942
2021-06-16 09:40:23,980.05,218474
2021-06-16 09:40:24,979.9,218479
2021-06-16 09:40:25,980.25,218482
2021-06-16 09:40:26,980.25,218983
2021-06-16 09:40:27,980.25,219023
2021-06-16 09:40:28,980.25,219043
2021-06-16 09:40:29,980.25,219043
2021-06-16 09:40:31,980.25,219293
2021-06-16 09:40:32,980.0,219305
2021-06-16 09:40:32,980.25,219293
2021-06-16 09:40:33,980.0,219309
2021-06-16 09:40:34,980.0,219309
2021-06-16 09:40:35,980.0,219409
2021-06-16 09:40:36,980.5,220209
2021-06-16 09:40:37,980.0,220310
2021-06-16 09:40:39,980.0,220350
2021-06-16 09:40:41,980.25,220375
2021-06-16 09:40:42,980.25,220475
2021-06-16 09:40:44,980.05,220477
2021-06-16 09:40:45,980.05,220477
2021-06-16 09:40:46,980.05,220477
2021-06-16 09:40:48,980.05,220479
2021-06-16 09:40:49,980.25,220629
2021-06-16 09:40:50,980.25,220649
2021-06-16 09:40:51,980.25,220649
2021-06-16 09:40:52,980.25,220649
2021-06-16 09:40:53,980.25,220659
2021-06-16 09:40:54,980.25,220660
2021-06-16 09:40:55,980.25,220735
2021-06-16 09:40:56,980.1,220860
2021-06-16 09:40:58,980.25,220964
2021-06-16 09:41:00,980.1,220971
2021-06-16 09:41:00,980.15,221114
2021-06-16 09:41:01,980.05,221115
2021-06-16 09:41:02,980.1,221119
2021-06-16 09:41:03,980.05,221166
2021-06-16 09:41:04,980.05,221166
2021-06-16 09:41:05,980.05,221467
2021-06-16 09:41:06,980.05,221467
2021-06-16 09:41:07,980.05,221494
2021-06-16 09:41:09,980.05,221494
2021-06-16 09:41:10,980.05,221495
2021-06-16 09:41:10,980.05,221495
2021-06-16 09:41:13,980.05,221529
2021-06-16 09:41:14,980.05,221729
2021-06-16 09:41:14,980.05,221729
2021-06-16 09:41:15,979.8,222838
2021-06-16 09:41:16,979.5,223166
2021-06-16 09:41:17,979.3,223283
2021-06-16 09:41:19,979.6,223293
2021-06-16 09:41:20,979.7,224203
2021-06-16 09:41:21,979.7,224203
2021-06-16 09:41:22,979.6,224223
2021-06-16 09:41:23,979.3,224247
2021-06-16 09:41:24,979.3,224247
2021-06-16 09:41:25,979.6,224267
2021-06-16 09:41:26,979.65,224717
2021-06-16 09:41:27,979.65,224717
2021-06-16 09:41:29,979.6,224750
2021-06-16 09:41:29,979.3,224751
2021-06-16 09:41:31,979.65,224753
2021-06-16 09:41:31,979.65,224753
2021-06-16 09:41:32,979.65,224753
2021-06-16 09:41:33,979.65,224753
2021-06-16 09:41:34,979.65,224843
2021-06-16 09:41:35,979.65,224843
2021-06-16 09:41:36,979.35,224846
2021-06-16 09:41:38,979.35,224898
2021-06-16 09:41:39,979.35,224898
2021-06-16 09:41:40,979.35,224898
2021-06-16 09:41:41,979.35,224898
2021-06-16 09:41:42,979.35,224898
2021-06-16 09:41:43,979.65,224903
2021-06-16 09:41:44,979.65,224918
2021-06-16 09:41:45,979.65,225018
2021-06-16 09:41:46,979.65,225020
2021-06-16 09:41:47,979.65,225022
2021-06-16 09:41:48,979.65,225023
2021-06-16 09:41:49,979.65,225023
2021-06-16 09:41:50,979.65,225025
2021-06-16 09:41:51,979.65,225025
2021-06-16 09:41:52,979.65,225046
2021-06-16 09:41:53,979.65,225046
2021-06-16 09:41:54,979.4,225146
2021-06-16 09:41:55,979.4,225146
2021-06-16 09:41:57,979.4,225146
2021-06-16 09:41:57,979.65,225171
2021-06-16 09:41:58,979.45,225225
2021-06-16 09:41:59,979.45,225225
2021-06-16 09:42:00,979.4,225241
2021-06-16 09:42:01,979.65,225525
2021-06-16 09:42:02,979.65,225526
2021-06-16 09:42:03,979.65,225527
2021-06-16 09:42:04,979.35,225636
2021-06-16 09:42:05,979.3,225797
2021-06-16 09:42:07,979.3,225798
2021-06-16 09:42:08,979.3,225798
2021-06-16 09:42:08,979.3,225798
2021-06-16 09:42:09,979.65,225828
2021-06-16 09:42:10,979.45,226031
2021-06-16 09:42:12,979.3,226050
2021-06-16 09:42:13,979.3,226050
2021-06-16 09:42:14,979.3,226060
2021-06-16 09:42:15,979.45,226075
2021-06-16 09:42:16,979.45,226175
2021-06-16 09:42:17,979.3,226199
2021-06-16 09:42:18,979.3,226199
2021-06-16 09:42:20,979.3,226260
2021-06-16 09:42:21,979.3,226260
2021-06-16 09:42:21,979.3,226260
2021-06-16 09:42:22,979.3,226277
2021-06-16 09:42:23,979.35,226383
2021-06-16 09:42:24,979.35,226393
2021-06-16 09:42:25,979.35,226398
2021-06-16 09:42:26,979.35,226398
2021-06-16 09:42:27,979.45,226501
2021-06-16 09:42:29,979.45,226501
2021-06-16 09:42:28,979.45,226501
2021-06-16 09:42:30,979.45,226590
2021-06-16 09:42:31,979.45,226610
2021-06-16 09:42:32,979.45,226611
2021-06-16 09:42:33,979.45,226612
2021-06-16 09:42:34,979.45,226913
2021-06-16 09:42:35,979.35,226958
2021-06-16 09:42:37,979.45,227075
2021-06-16 09:42:37,979.45,227200
2021-06-16 09:42:38,979.45,227351
2021-06-16 09:42:39,979.45,227351
2021-06-16 09:42:40,979.3,227398
2021-06-16 09:42:42,979.3,227436
2021-06-16 09:42:43,979.45,227437
2021-06-16 09:42:44,979.45,227444
2021-06-16 09:42:45,979.45,227449
2021-06-16 09:42:46,979.45,227604
2021-06-16 09:42:48,979.3,227645
2021-06-16 09:42:49,979.2,227665
2021-06-16 09:42:50,979.2,227665
2021-06-16 09:42:51,979.2,227695
2021-06-16 09:42:52,979.45,227747
2021-06-16 09:42:53,979.45,227747
2021-06-16 09:42:54,979.45,227747
2021-06-16 09:42:55,979.45,227747
2021-06-16 09:42:56,979.2,228247
2021-06-16 09:42:57,979.2,228247
2021-06-16 09:42:58,979.45,228398
2021-06-16 09:42:59,979.2,228441
2021-06-16 09:43:01,979.45,228608
2021-06-16 09:43:02,979.2,228626
2021-06-16 09:43:03,979.2,228626
2021-06-16 09:43:05,979.2,228659
2021-06-16 09:43:06,979.75,229659
2021-06-16 09:43:07,979.25,229783
2021-06-16 09:43:08,979.45,229804
2021-06-16 09:43:09,979.25,229819
2021-06-16 09:43:10,979.45,229834
2021-06-16 09:43:11,979.25,229922
2021-06-16 09:43:14,979.2,229951
2021-06-16 09:43:15,979.2,229951
2021-06-16 09:43:16,979.2,230837
2021-06-16 09:43:17,979.25,231037
2021-06-16 09:43:18,979.15,231072
2021-06-16 09:43:19,979.15,231073
2021-06-16 09:43:20,979.15,231073
2021-06-16 09:43:21,979.15,231159
2021-06-16 09:43:22,978.6,237194
2021-06-16 09:43:23,978.8,237294
2021-06-16 09:43:24,978.25,238299
2021-06-16 09:43:25,978.25,238715
2021-06-16 09:43:26,978.25,238717
2021-06-16 09:43:27,978.2,238946
2021-06-16 09:43:28,978.2,238947
2021-06-16 09:43:29,978.2,238967
2021-06-16 09:43:30,978.3,239222
2021-06-16 09:43:31,978.2,239239
2021-06-16 09:43:33,978.3,239451
2021-06-16 09:43:34,978.2,239477
2021-06-16 09:43:34,978.2,239477
2021-06-16 09:43:35,978.2,240847
2021-06-16 09:43:36,978.2,241328
2021-06-16 09:43:37,978.2,241556
2021-06-16 09:43:38,978.2,241675
2021-06-16 09:43:39,978.3,242231
2021-06-16 09:43:40,978.2,242835
2021-06-16 09:43:41,978.2,243050
2021-06-16 09:43:42,978.3,243356
2021-06-16 09:43:43,978.3,243356
2021-06-16 09:43:45,978.3,243603
2021-06-16 09:43:47,978.3,243609
2021-06-16 09:43:47,978.3,243609
2021-06-16 09:43:48,978.25,243647
2021-06-16 09:43:49,978.3,243763
2021-06-16 09:43:51,978.25,243778
2021-06-16 09:43:52,978.3,243783
2021-06-16 09:43:53,978.3,243835
2021-06-16 09:43:54,978.25,243845
2021-06-16 09:43:55,978.3,243964
2021-06-16 09:43:56,978.2,243992
2021-06-16 09:43:57,978.3,244097
2021-06-16 09:43:59,978.2,244102
2021-06-16 09:44:00,978.25,244167
2021-06-16 09:44:01,978.25,244167
2021-06-16 09:44:01,978.25,244317
2021-06-16 09:44:02,978.2,244392
2021-06-16 09:44:04,978.2,244451
2021-06-16 09:44:05,978.25,244453
2021-06-16 09:44:05,978.25,244453
2021-06-16 09:44:07,978.25,244455
2021-06-16 09:44:08,978.25,244462
2021-06-16 09:44:09,978.25,244488
2021-06-16 09:44:10,978.2,244590
2021-06-16 09:44:11,978.25,244600
2021-06-16 09:44:12,978.25,244600
2021-06-16 09:44:13,978.25,244883
2021-06-16 09:44:14,978.25,245068
2021-06-16 09:44:15,979.0,247051
2021-06-16 09:44:15,978.8,247468
2021-06-16 09:44:16,978.8,247945
2021-06-16 09:44:17,978.8,247945
2021-06-16 09:44:18,978.85,248061
2021-06-16 09:44:19,978.85,248061
2021-06-16 09:44:20,979.2,248076
2021-06-16 09:44:21,979.2,248103
2021-06-16 09:44:22,979.15,248335
2021-06-16 09:44:23,979.3,248355
2021-06-16 09:44:24,979.15,248457
2021-06-16 09:44:25,979.2,248460
2021-06-16 09:44:26,979.2,248470
2021-06-16 09:44:28,979.1,248477
2021-06-16 09:44:29,979.15,248478
2021-06-16 09:44:31,979.0,248481
2021-06-16 09:44:32,978.95,248580
2021-06-16 09:44:33,978.95,248580
2021-06-16 09:44:34,978.95,248646
2021-06-16 09:44:34,978.95,248646
2021-06-16 09:44:35,978.95,248646
2021-06-16 09:44:37,979.0,248736
2021-06-16 09:44:38,978.9,248813
2021-06-16 09:44:39,979.1,249043
2021-06-16 09:44:40,979.1,249048
2021-06-16 09:44:41,979.15,249311
2021-06-16 09:44:42,979.0,249373
2021-06-16 09:44:43,978.85,249393
2021-06-16 09:44:44,979.0,249438
2021-06-16 09:44:46,978.85,249458
2021-06-16 09:44:47,978.85,249458
2021-06-16 09:44:48,979.0,249596
2021-06-16 09:44:49,979.0,249596
2021-06-16 09:44:50,979.0,249596
2021-06-16 09:44:51,979.0,249596
2021-06-16 09:44:52,978.85,249700
2021-06-16 09:44:53,978.85,249700
2021-06-16 09:44:54,978.85,249700
2021-06-16 09:44:55,978.85,249700
2021-06-16 09:44:56,978.85,249700
2021-06-16 09:44:57,978.85,249730
2021-06-16 09:44:58,978.85,249760
2021-06-16 09:44:59,979.0,250230
2021-06-16 09:45:00,979.0,250280
2021-06-16 09:45:02,979.0,250283
2021-06-16 09:45:03,978.85,250293
2021-06-16 09:45:04,978.85,250293
2021-06-16 09:45:05,978.85,250367
2021-06-16 09:45:06,978.85,250372
2021-06-16 09:45:07,978.8,250382
2021-06-16 09:45:07,978.8,250442
2021-06-16 09:45:08,978.8,250610
2021-06-16 09:45:09,978.65,251120
2021-06-16 09:45:10,978.65,251120
2021-06-16 09:45:12,978.65,251183
2021-06-16 09:45:13,978.6,251309
2021-06-16 09:45:14,978.85,251310
2021-06-16 09:45:15,978.95,252475
2021-06-16 09:45:17,978.7,252526
2021-06-16 09:45:19,978.7,252526
2021-06-16 09:45:20,978.6,252571
2021-06-16 09:45:21,978.85,252673
2021-06-16 09:45:22,978.85,252674
2021-06-16 09:45:23,978.65,252715
2021-06-16 09:45:24,978.85,252727
2021-06-16 09:45:25,978.85,252727
2021-06-16 09:45:26,978.65,252728
2021-06-16 09:45:29,978.85,252765
2021-06-16 09:45:31,978.65,252776
2021-06-16 09:45:32,978.85,252777
2021-06-16 09:45:33,978.65,252782
2021-06-16 09:45:35,978.7,252788
2021-06-16 09:45:36,978.7,252788
2021-06-16 09:45:37,978.7,252834
2021-06-16 09:45:38,978.85,253048
2021-06-16 09:45:39,978.85,253079
2021-06-16 09:45:39,978.85,253079
2021-06-16 09:45:40,978.75,253099
2021-06-16 09:45:42,978.85,253173
2021-06-16 09:45:43,978.85,253173
2021-06-16 09:45:44,978.75,253180
2021-06-16 09:45:46,978.85,253358
2021-06-16 09:45:46,978.8,253377
2021-06-16 09:45:47,978.85,253378
2021-06-16 09:45:48,978.8,253390
2021-06-16 09:45:49,978.85,253454
2021-06-16 09:45:50,978.85,253457
2021-06-16 09:45:52,978.85,253507
2021-06-16 09:45:53,978.75,253509
2021-06-16 09:45:54,978.85,253510
2021-06-16 09:45:55,978.85,253613
2021-06-16 09:45:55,978.85,253613
2021-06-16 09:45:56,978.85,253638
2021-06-16 09:45:57,978.85,253640
2021-06-16 09:45:58,978.85,253650
2021-06-16 09:45:59,978.85,253650
2021-06-16 09:46:00,978.8,253674
2021-06-16 09:46:01,978.85,253684
2021-06-16 09:46:03,978.8,253728
2021-06-16 09:46:04,978.8,253728
2021-06-16 09:46:06,978.85,254024
2021-06-16 09:46:07,978.85,254024
2021-06-16 09:46:08,978.85,254060
2021-06-16 09:46:09,978.85,254161
2021-06-16 09:46:11,978.85,254161
2021-06-16 09:46:12,978.85,254276
2021-06-16 09:46:13,978.85,254276
2021-06-16 09:46:14,978.85,254351
2021-06-16 09:46:15,978.85,254352
2021-06-16 09:46:16,978.8,254388
2021-06-16 09:46:17,978.85,254398
2021-06-16 09:46:18,978.8,254603
2021-06-16 09:46:19,978.8,254603
2021-06-16 09:46:19,978.8,254603
2021-06-16 09:46:20,978.8,254603
2021-06-16 09:46:21,978.8,254603
2021-06-16 09:46:22,978.8,254603
2021-06-16 09:46:23,978.7,254628
2021-06-16 09:46:25,978.85,254710
2021-06-16 09:46:26,978.8,254783
2021-06-16 09:46:27,978.85,254790
2021-06-16 09:46:28,978.8,254821
2021-06-16 09:46:29,978.8,254821
2021-06-16 09:46:30,978.85,255028
2021-06-16 09:46:31,978.8,255044
2021-06-16 09:46:31,978.8,255044
2021-06-16 09:46:32,978.85,255068
2021-06-16 09:46:33,978.9,255155
2021-06-16 09:46:35,978.8,255163
2021-06-16 09:46:36,978.8,255263
2021-06-16 09:46:37,978.9,255286
2021-06-16 09:46:38,978.95,255417
2021-06-16 09:46:39,978.95,255417
2021-06-16 09:46:40,978.95,255417
2021-06-16 09:46:41,978.8,255532
2021-06-16 09:46:42,978.8,255532
2021-06-16 09:46:43,978.8,255532
2021-06-16 09:46:43,978.8,255532
2021-06-16 09:46:44,979.0,255542
2021-06-16 09:46:46,979.0,255542
2021-06-16 09:46:47,978.6,256057
2021-06-16 09:46:48,978.95,256195
2021-06-16 09:46:49,978.95,256597
2021-06-16 09:46:50,978.95,256597
2021-06-16 09:46:51,979.1,256615
2021-06-16 09:46:52,979.1,256625
2021-06-16 09:46:52,979.1,256625
2021-06-16 09:46:54,978.75,256675
2021-06-16 09:46:55,978.75,256675
2021-06-16 09:46:56,979.1,256927
2021-06-16 09:46:57,979.1,256927
2021-06-16 09:46:58,979.05,256963
2021-06-16 09:46:59,979.05,256963
2021-06-16 09:47:00,978.95,256971
2021-06-16 09:47:01,978.95,256971
2021-06-16 09:47:02,978.8,257015
2021-06-16 09:47:03,978.8,257015
2021-06-16 09:47:04,978.95,257044
2021-06-16 09:47:05,978.95,257144
2021-06-16 09:47:07,978.95,257146
2021-06-16 09:47:08,978.75,257149
2021-06-16 09:47:09,978.75,257149
2021-06-16 09:47:10,978.75,257149
2021-06-16 09:47:11,978.75,257199
2021-06-16 09:47:12,978.85,258161
2021-06-16 09:47:13,978.6,258315
2021-06-16 09:47:14,978.5,258544
2021-06-16 09:47:14,978.8,258546
2021-06-16 09:47:15,978.8,258548
2021-06-16 09:47:16,978.5,258683
2021-06-16 09:47:18,978.8,258709
2021-06-16 09:47:19,978.8,258775
2021-06-16 09:47:20,978.5,258800
2021-06-16 09:47:21,978.75,258804
2021-06-16 09:47:22,978.75,258854
2021-06-16 09:47:23,978.8,259357
2021-06-16 09:47:24,978.8,259357
2021-06-16 09:47:24,978.45,259420
2021-06-16 09:47:25,978.35,259630
2021-06-16 09:47:26,978.7,259631
2021-06-16 09:47:28,978.5,259636
2021-06-16 09:47:29,978.5,259636
2021-06-16 09:47:30,978.5,259636
2021-06-16 09:47:31,978.5,259636
2021-06-16 09:47:32,978.65,259637
2021-06-16 09:47:33,978.65,259639
2021-06-16 09:47:34,978.65,259639
2021-06-16 09:47:35,978.65,259639
2021-06-16 09:47:36,978.65,259742
2021-06-16 09:47:37,978.55,259794
2021-06-16 09:47:37,978.55,259794
2021-06-16 09:47:39,978.55,259872
2021-06-16 09:47:40,978.5,260355
2021-06-16 09:47:41,978.5,260469
2021-06-16 09:47:42,978.5,260735
2021-06-16 09:47:43,978.5,260755
2021-06-16 09:47:44,978.5,260784
2021-06-16 09:47:45,978.5,260884
2021-06-16 09:47:47,978.25,260924
2021-06-16 09:47:48,978.25,260924
2021-06-16 09:47:50,978.45,261101
2021-06-16 09:47:51,978.45,261101
2021-06-16 09:47:52,978.4,261189
2021-06-16 09:47:53,978.4,261197
2021-06-16 09:47:54,978.2,261427
2021-06-16 09:47:55,978.4,261577
2021-06-16 09:47:57,978.4,261777
2021-06-16 09:47:58,978.2,261783
2021-06-16 09:47:59,978.2,261798
2021-06-16 09:48:00,978.2,261798
2021-06-16 09:48:00,978.2,261798
2021-06-16 09:48:01,978.2,261798
2021-06-16 09:48:03,978.2,261798
2021-06-16 09:48:04,978.4,262211
2021-06-16 09:48:05,978.4,262223
2021-06-16 09:48:06,978.25,262254
2021-06-16 09:48:07,978.4,262255
2021-06-16 09:48:08,978.4,262255
2021-06-16 09:48:09,978.5,263863
2021-06-16 09:48:10,978.55,264980
2021-06-16 09:48:11,978.55,264980
2021-06-16 09:48:12,978.55,264980
2021-06-16 09:48:12,978.55,264980
2021-06-16 09:48:13,978.3,264991
2021-06-16 09:48:14,978.5,265014
2021-06-16 09:48:15,978.5,265014
2021-06-16 09:48:16,978.5,265014
2021-06-16 09:48:19,978.5,265154
2021-06-16 09:48:19,978.5,265175
2021-06-16 09:48:20,978.5,265185
2021-06-16 09:48:21,978.5,265185
2021-06-16 09:48:23,978.5,265185
2021-06-16 09:48:24,978.5,265185
2021-06-16 09:48:25,978.35,265190
2021-06-16 09:48:26,978.35,265190
2021-06-16 09:48:27,978.5,265193
2021-06-16 09:48:28,978.4,265225
2021-06-16 09:48:28,978.4,265255
2021-06-16 09:48:30,978.4,265255
2021-06-16 09:48:31,978.5,265331
2021-06-16 09:48:32,978.5,265331
2021-06-16 09:48:33,978.5,265331
2021-06-16 09:48:34,978.5,265331
2021-06-16 09:48:35,978.45,265336
2021-06-16 09:48:36,978.45,265336
2021-06-16 09:48:37,978.45,265347
2021-06-16 09:48:38,978.5,265616
2021-06-16 09:48:39,978.5,265807
2021-06-16 09:48:40,978.5,265807
2021-06-16 09:48:41,978.4,266008
2021-06-16 09:48:42,978.5,266013
2021-06-16 09:48:43,978.45,266064
2021-06-16 09:48:44,978.4,266069
2021-06-16 09:48:45,978.45,266074
2021-06-16 09:48:46,978.45,266074
2021-06-16 09:48:47,978.45,266240
2021-06-16 09:48:48,978.45,266337
2021-06-16 09:48:49,978.45,266337
2021-06-16 09:48:50,978.45,266478
2021-06-16 09:48:51,978.45,266603
2021-06-16 09:48:52,978.45,266809
2021-06-16 09:48:53,978.45,266820
2021-06-16 09:48:54,978.4,267062
2021-06-16 09:48:55,978.4,267227
2021-06-16 09:48:56,978.4,267242
2021-06-16 09:48:57,979.55,269014
2021-06-16 09:48:58,978.9,269485
2021-06-16 09:48:59,978.85,269563
2021-06-16 09:49:00,978.85,269563
2021-06-16 09:49:04,978.85,269686
2021-06-16 09:49:08,978.85,269687
2021-06-16 09:49:12,978.45,269868
2021-06-16 09:49:15,978.85,270077
2021-06-16 09:49:19,978.5,270125
2021-06-16 09:49:22,978.85,270152
2021-06-16 09:49:25,978.5,270542
2021-06-16 09:49:29,978.85,270682
2021-06-16 09:49:32,978.5,270980
2021-06-16 09:49:35,978.5,271136
2021-06-16 09:49:38,978.45,271280
2021-06-16 09:49:41,978.5,271523
2021-06-16 09:49:45,978.5,271554
2021-06-16 09:49:48,978.3,272992
2021-06-16 09:49:51,978.3,273140
2021-06-16 09:49:57,978.2,273641
2021-06-16 09:50:00,978.2,274152
2021-06-16 09:50:03,978.1,277182
2021-06-16 09:50:06,978.1,278683
2021-06-16 09:50:10,977.45,282358
2021-06-16 09:50:17,977.7,283931
2021-06-16 09:50:20,978.25,288074
2021-06-16 09:50:24,978.1,288691
2021-06-16 09:50:27,978.4,289445
2021-06-16 09:50:30,978.5,289989
2021-06-16 09:50:33,978.25,290126
2021-06-16 09:50:36,978.0,290426
2021-06-16 09:50:39,978.05,290428
2021-06-16 09:50:43,978.35,290542
2021-06-16 09:50:46,978.3,290680
2021-06-16 09:50:52,978.0,291284
2021-06-16 09:50:55,978.0,291397
2021-06-16 09:50:59,978.5,291806
2021-06-16 09:51:02,978.55,292445
2021-06-16 09:51:05,978.5,292677
2021-06-16 09:51:08,978.85,292787
2021-06-16 09:51:11,978.5,292903
2021-06-16 09:51:14,978.35,292954
2021-06-16 09:51:17,978.35,292999
2021-06-16 09:51:20,978.35,293260
2021-06-16 09:51:23,978.35,293311
2021-06-16 09:51:26,978.35,293371
2021-06-16 09:51:30,978.4,293421
2021-06-16 09:51:33,978.45,293528
2021-06-16 09:51:36,978.3,294497
2021-06-16 09:51:39,978.3,295065
2021-06-16 09:51:42,978.2,295305
2021-06-16 09:51:45,978.0,295688
2021-06-16 09:51:48,977.95,296804
2021-06-16 09:51:52,977.65,297303
2021-06-16 09:51:55,977.3,297345
2021-06-16 09:51:58,977.3,297396
2021-06-16 09:52:01,977.55,297404
2021-06-16 09:52:04,977.3,297571
2021-06-16 09:52:07,977.3,297683
2021-06-16 09:52:10,977.5,298175
2021-06-16 09:52:13,977.35,298324
2021-06-16 09:52:16,977.5,298386
2021-06-16 09:52:19,977.5,299170
2021-06-16 09:52:22,977.75,300424
2021-06-16 09:52:25,977.5,300653
2021-06-16 09:52:29,977.75,300742
2021-06-16 09:52:32,978.15,301176
2021-06-16 09:52:35,978.15,301176
2021-06-16 09:52:39,977.85,301183
2021-06-16 09:52:42,977.95,301303
2021-06-16 09:52:46,977.95,301697
2021-06-16 09:52:49,977.85,301707
2021-06-16 09:52:56,978.0,302256
2021-06-16 09:53:02,978.15,302646
2021-06-16 09:53:05,978.15,302905
2021-06-16 09:53:08,977.85,302966
2021-06-16 09:53:11,978.0,303293
2021-06-16 09:53:15,978.05,303365
2021-06-16 09:53:18,978.3,303406
2021-06-16 09:53:20,978.3,303507
2021-06-16 09:53:23,978.3,303518
2021-06-16 09:53:26,978.3,303674
2021-06-16 09:53:30,978.1,303714
2021-06-16 09:53:33,978.1,303714
2021-06-16 09:53:36,978.3,303918
2021-06-16 09:53:39,978.3,303988
2021-06-16 09:53:43,978.15,304596
2021-06-16 09:53:46,978.3,304617
2021-06-16 09:53:49,978.3,304718
2021-06-16 09:53:52,978.1,304762
2021-06-16 09:53:55,978.1,304814
2021-06-16 09:53:59,978.1,304855
2021-06-16 09:54:02,978.55,305996
2021-06-16 09:54:05,978.7,306209
2021-06-16 09:54:05,978.7,306209
2021-06-16 09:54:06,978.8,306488
2021-06-16 09:54:07,979.0,306618
2021-06-16 09:54:08,979.0,306643
2021-06-16 09:54:09,979.0,306980
2021-06-16 09:54:10,979.0,306980
2021-06-16 09:54:11,979.0,307189
2021-06-16 09:54:12,978.8,307201
2021-06-16 09:54:14,978.8,307243
2021-06-16 09:54:15,979.0,307263
2021-06-16 09:54:15,979.0,307263
2021-06-16 09:54:16,979.7,308160
2021-06-16 09:54:17,979.65,308211
2021-06-16 09:54:18,979.7,308317
2021-06-16 09:54:21,979.7,308317
2021-06-16 09:54:21,979.65,308537
2021-06-16 09:54:22,979.7,308637
2021-06-16 09:54:23,979.7,308638
2021-06-16 09:54:25,979.35,308641
2021-06-16 09:54:26,979.35,308641
2021-06-16 09:54:26,979.65,308656
2021-06-16 09:54:28,979.65,308781
2021-06-16 09:54:29,979.7,308782
2021-06-16 09:54:30,979.7,309301
2021-06-16 09:54:32,979.6,309610
2021-06-16 09:54:32,979.3,309724
2021-06-16 09:54:33,979.3,309724
2021-06-16 09:54:35,979.25,309755
2021-06-16 09:54:36,979.25,309755
2021-06-16 09:54:36,979.25,309755
2021-06-16 09:54:37,979.5,309758
2021-06-16 09:54:38,979.5,309838
2021-06-16 09:54:39,979.5,309843
2021-06-16 09:54:40,979.5,309968
2021-06-16 09:54:42,979.25,310040
2021-06-16 09:54:43,979.25,310045
2021-06-16 09:54:44,979.0,310129
2021-06-16 09:54:45,979.4,310155
2021-06-16 09:54:46,979.0,310240
2021-06-16 09:54:46,979.0,310225
2021-06-16 09:54:48,979.0,310260
2021-06-16 09:54:48,979.0,310260
2021-06-16 09:54:49,979.0,310280
2021-06-16 09:54:50,979.0,310282
2021-06-16 09:54:51,979.0,310601
2021-06-16 09:54:52,979.0,310986
2021-06-16 09:54:53,979.0,311086
2021-06-16 09:54:54,979.2,311165
2021-06-16 09:54:55,979.0,311218
2021-06-16 09:54:56,979.25,311355
2021-06-16 09:54:57,979.05,311555
2021-06-16 09:54:58,979.05,311555
2021-06-16 09:54:59,979.3,311629
2021-06-16 09:55:00,979.3,311632
2021-06-16 09:55:02,979.3,311632
2021-06-16 09:55:03,979.3,311632
2021-06-16 09:55:04,979.3,311632
2021-06-16 09:55:05,979.3,311632
2021-06-16 09:55:05,979.3,311633
2021-06-16 09:55:06,979.3,311678
2021-06-16 09:55:08,979.3,311704
2021-06-16 09:55:09,979.3,311754
2021-06-16 09:55:10,979.35,311763
2021-06-16 09:55:11,979.3,311773
2021-06-16 09:55:12,979.3,311785
2021-06-16 09:55:13,979.3,311785
2021-06-16 09:55:14,979.3,311785
2021-06-16 09:55:15,979.3,311819
2021-06-16 09:55:16,979.3,311925
2021-06-16 09:55:17,979.3,312045
2021-06-16 09:55:18,979.4,312136
2021-06-16 09:55:19,979.4,312136
2021-06-16 09:55:20,979.25,312163
2021-06-16 09:55:21,979.25,312163
2021-06-16 09:55:22,979.4,312169
2021-06-16 09:55:23,979.4,312169
2021-06-16 09:55:24,979.45,312374
2021-06-16 09:55:25,979.45,312400
2021-06-16 09:55:26,979.45,312400
2021-06-16 09:55:27,979.4,312401
2021-06-16 09:55:28,979.4,312401
2021-06-16 09:55:29,979.4,312401
2021-06-16 09:55:30,979.35,312718
2021-06-16 09:55:31,979.4,312876
2021-06-16 09:55:32,979.35,312976
2021-06-16 09:55:33,979.35,312986
2021-06-16 09:55:34,979.35,312986
2021-06-16 09:55:35,979.5,313086
2021-06-16 09:55:36,979.5,313116
2021-06-16 09:55:37,979.5,313116
2021-06-16 09:55:38,979.5,313122
2021-06-16 09:55:39,979.5,313122
2021-06-16 09:55:40,979.5,313123
2021-06-16 09:55:41,979.5,313123
2021-06-16 09:55:42,979.5,313532
2021-06-16 09:55:42,979.5,313555
2021-06-16 09:55:43,979.65,313575
2021-06-16 09:55:44,979.45,313600
2021-06-16 09:55:45,979.65,313677
2021-06-16 09:55:46,979.65,313731
2021-06-16 09:55:47,979.5,313781
2021-06-16 09:55:48,979.5,313781
2021-06-16 09:55:49,980.0,314390
2021-06-16 09:55:52,979.6,315133
2021-06-16 09:55:54,979.95,315134
2021-06-16 09:55:55,979.95,315144
2021-06-16 09:55:56,979.95,315144
2021-06-16 09:55:57,979.95,315144
2021-06-16 09:55:57,979.95,315144
2021-06-16 09:55:58,979.95,315144
2021-06-16 09:55:59,979.55,315353
2021-06-16 09:56:00,979.55,315363
2021-06-16 09:56:01,979.9,315380
2021-06-16 09:56:02,979.9,315380
2021-06-16 09:56:03,979.9,315380
2021-06-16 09:56:04,979.85,315385
2021-06-16 09:56:05,979.55,315389
2021-06-16 09:56:07,979.85,315431
2021-06-16 09:56:08,980.0,316166
2021-06-16 09:56:09,980.0,316245
2021-06-16 09:56:10,979.85,316470
2021-06-16 09:56:10,979.85,316470
2021-06-16 09:56:11,979.85,316521
2021-06-16 09:56:12,979.65,316524
2021-06-16 09:56:14,979.65,316588
2021-06-16 09:56:16,979.5,316901
2021-06-16 09:56:17,979.5,316901
2021-06-16 09:56:18,979.8,316947
2021-06-16 09:56:18,979.85,316951
2021-06-16 09:56:20,980.0,317713
2021-06-16 09:56:21,979.85,317723
2021-06-16 09:56:22,979.85,317769
2021-06-16 09:56:23,979.65,317900
2021-06-16 09:56:24,979.85,317901
2021-06-16 09:56:26,979.85,319645
2021-06-16 09:56:27,979.7,319905
2021-06-16 09:56:27,980.1,319865
2021-06-16 09:56:29,979.7,319905
2021-06-16 09:56:31,980.0,319966
2021-06-16 09:56:31,979.65,320016
2021-06-16 09:56:32,979.65,320016
2021-06-16 09:56:34,979.65,320017
2021-06-16 09:56:34,979.65,320017
2021-06-16 09:56:35,979.65,320017
2021-06-16 09:56:37,979.8,320120
2021-06-16 09:56:38,979.55,320153
2021-06-16 09:56:40,979.5,320401
2021-06-16 09:56:41,979.65,320793
2021-06-16 09:56:42,979.65,320803
2021-06-16 09:56:42,979.7,321009
2021-06-16 09:56:44,979.7,321014
2021-06-16 09:56:45,979.7,321014
2021-06-16 09:56:46,979.7,321014
2021-06-16 09:56:47,979.7,321015
2021-06-16 09:56:48,979.7,321015
2021-06-16 09:56:49,979.7,321035
2021-06-16 09:56:50,979.8,321120
2021-06-16 09:56:51,979.8,321122
2021-06-16 09:56:52,979.65,321142
2021-06-16 09:56:53,979.65,321142
2021-06-16 09:56:54,979.5,321493
2021-06-16 09:56:54,979.25,321548
2021-06-16 09:56:56,979.25,321548
2021-06-16 09:56:56,979.65,321550
2021-06-16 09:56:57,979.5,321580
2021-06-16 09:56:58,979.5,321580
2021-06-16 09:57:00,979.2,321587
2021-06-16 09:57:01,979.2,321648
2021-06-16 09:57:03,979.55,321684
2021-06-16 09:57:04,979.55,321684
2021-06-16 09:57:05,979.2,321699
2021-06-16 09:57:06,979.2,321699
2021-06-16 09:57:07,979.2,321699
2021-06-16 09:57:09,979.3,321714
2021-06-16 09:57:08,979.3,321714
2021-06-16 09:57:10,979.3,321714
2021-06-16 09:57:11,979.55,321978
2021-06-16 09:57:12,979.3,322132
2021-06-16 09:57:12,979.25,322137
2021-06-16 09:57:14,979.0,322238
2021-06-16 09:57:15,979.0,322238
2021-06-16 09:57:16,979.05,322338
2021-06-16 09:57:17,979.2,322378
2021-06-16 09:57:18,979.2,322380
2021-06-16 09:57:18,979.2,322430
2021-06-16 09:57:20,979.05,322456
2021-06-16 09:57:20,979.05,322456
2021-06-16 09:57:21,979.05,322494
2021-06-16 09:57:23,979.0,322595
2021-06-16 09:57:24,979.05,322596
2021-06-16 09:57:26,979.05,322622
2021-06-16 09:57:27,979.05,322622
2021-06-16 09:57:28,979.05,322632
2021-06-16 09:57:29,979.05,322632
2021-06-16 09:57:31,979.05,322970
2021-06-16 09:57:30,979.05,322920
2021-06-16 09:57:33,979.0,323072
2021-06-16 09:57:34,979.0,323138
2021-06-16 09:57:35,979.05,323148
2021-06-16 09:57:36,979.0,323179
2021-06-16 09:57:37,979.0,323179
2021-06-16 09:57:38,979.05,323180
2021-06-16 09:57:39,979.0,323480
2021-06-16 09:57:40,979.0,323685
2021-06-16 09:57:41,979.0,323742
2021-06-16 09:57:42,979.0,323742
2021-06-16 09:57:44,979.05,323772
2021-06-16 09:57:46,979.05,323772
2021-06-16 09:57:47,979.05,323772
2021-06-16 09:57:48,979.0,323812
2021-06-16 09:57:49,979.0,323812
2021-06-16 09:57:50,979.05,324312
2021-06-16 09:57:51,978.75,324532
2021-06-16 09:57:52,978.75,324534
2021-06-16 09:57:53,979.0,324550
2021-06-16 09:57:54,979.0,324550
2021-06-16 09:57:55,978.65,324700
2021-06-16 09:57:56,978.65,324700
2021-06-16 09:57:57,979.0,324701
2021-06-16 09:57:58,979.0,324709
2021-06-16 09:57:59,978.75,324754
2021-06-16 09:58:00,978.75,324754
2021-06-16 09:58:00,978.75,324754
2021-06-16 09:58:02,978.75,324807
2021-06-16 09:58:04,978.75,324816
2021-06-16 09:58:04,979.0,324897
2021-06-16 09:58:05,978.75,324906
2021-06-16 09:58:06,978.75,324906
2021-06-16 09:58:07,979.0,325411
2021-06-16 09:58:08,979.0,325616
2021-06-16 09:58:09,979.0,325616
2021-06-16 09:58:10,978.85,325626
2021-06-16 09:58:12,978.85,325626
2021-06-16 09:58:13,978.85,325626
2021-06-16 09:58:14,978.85,325626
2021-06-16 09:58:15,978.85,325774
2021-06-16 09:58:16,978.85,325774
2021-06-16 09:58:18,978.85,325775
2021-06-16 09:58:19,979.0,326887
2021-06-16 09:58:20,979.0,326887
2021-06-16 09:58:21,978.9,326987
2021-06-16 09:58:22,978.9,326987
2021-06-16 09:58:23,979.5,328074
2021-06-16 09:58:24,979.15,328079
2021-06-16 09:58:25,979.15,328079
2021-06-16 09:58:26,979.5,328184
2021-06-16 09:58:27,979.2,328303
2021-06-16 09:58:28,979.2,328307
2021-06-16 09:58:29,979.2,328307
2021-06-16 09:58:29,979.2,328307
2021-06-16 09:58:31,979.5,328314
2021-06-16 09:58:32,979.5,328319
2021-06-16 09:58:33,979.5,328319
2021-06-16 09:58:34,979.5,328320
2021-06-16 09:58:35,979.25,328325
2021-06-16 09:58:35,979.25,328325
2021-06-16 09:58:36,979.25,328325
2021-06-16 09:58:37,979.25,328325
2021-06-16 09:58:38,979.5,328327
2021-06-16 09:58:40,979.3,328398
2021-06-16 09:58:41,979.3,328446
2021-06-16 09:58:42,979.3,328507
2021-06-16 09:58:43,979.3,328827
2021-06-16 09:58:44,979.5,328836
2021-06-16 09:58:45,979.5,328836
2021-06-16 09:58:46,979.3,328881
2021-06-16 09:58:47,979.5,329078
2021-06-16 09:58:47,979.5,329078
2021-06-16 09:58:49,979.5,329138
2021-06-16 09:58:50,979.5,329138
2021-06-16 09:58:51,979.5,329138
2021-06-16 09:58:52,979.35,329188
2021-06-16 09:58:53,979.35,329188
2021-06-16 09:58:54,979.35,329188
2021-06-16 09:58:55,979.35,329188
2021-06-16 09:58:56,979.35,329188
2021-06-16 09:58:57,979.5,329200
2021-06-16 09:58:58,979.5,329605
2021-06-16 09:58:58,979.8,329801
2021-06-16 09:59:00,979.55,329823
2021-06-16 09:59:01,979.55,329871
2021-06-16 09:59:02,980.0,330321
2021-06-16 09:59:04,979.95,330332
2021-06-16 09:59:05,980.0,330577
2021-06-16 09:59:06,980.0,330657
2021-06-16 09:59:07,980.0,330657
2021-06-16 09:59:09,979.4,334231
2021-06-16 09:59:08,979.15,333724
2021-06-16 09:59:10,979.4,334406
2021-06-16 09:59:11,979.85,335192
2021-06-16 09:59:12,979.85,335354
2021-06-16 09:59:13,979.95,335592
2021-06-16 09:59:14,979.6,336025
2021-06-16 09:59:15,980.0,336155
2021-06-16 09:59:16,980.0,336255
2021-06-16 09:59:17,980.0,336367
2021-06-16 09:59:18,980.0,336461
2021-06-16 09:59:19,980.0,336495
2021-06-16 09:59:20,980.0,336523
2021-06-16 09:59:22,980.0,336647
2021-06-16 09:59:21,979.95,336624
2021-06-16 09:59:23,980.0,336835
2021-06-16 09:59:24,980.0,336881
2021-06-16 09:59:25,980.0,336881
2021-06-16 09:59:26,980.0,336881
2021-06-16 09:59:27,980.15,336902
2021-06-16 09:59:28,980.05,336904
2021-06-16 09:59:29,980.05,336904
2021-06-16 09:59:30,980.05,336904
2021-06-16 09:59:31,980.05,337004
2021-06-16 09:59:32,980.05,337009
2021-06-16 09:59:33,980.05,337034
2021-06-16 09:59:35,980.0,338098
2021-06-16 09:59:36,980.15,338237
2021-06-16 09:59:37,980.15,338237
2021-06-16 09:59:40,980.15,338312
2021-06-16 09:59:39,980.15,338312
2021-06-16 09:59:41,980.0,338320
2021-06-16 09:59:42,980.0,338320
2021-06-16 09:59:43,980.05,338420
2021-06-16 09:59:45,980.05,338469
2021-06-16 09:59:46,980.05,338469
2021-06-16 09:59:47,980.05,338520
2021-06-16 09:59:48,980.05,338520
2021-06-16 09:59:49,980.0,338641
2021-06-16 09:59:50,980.0,338683
2021-06-16 09:59:51,980.0,338683
2021-06-16 09:59:52,980.0,338683
2021-06-16 09:59:53,980.0,338683
2021-06-16 09:59:54,980.0,338709
2021-06-16 09:59:56,980.0,338709
2021-06-16 09:59:55,980.0,338709
2021-06-16 09:59:57,980.05,338803
2021-06-16 09:59:59,979.95,339182
2021-06-16 10:00:01,979.75,339278
2021-06-16 10:00:03,979.05,339358
2021-06-16 10:00:04,979.05,339358
2021-06-16 10:00:05,979.05,339358
2021-06-16 10:00:06,979.05,339358
2021-06-16 10:00:07,979.45,339368
2021-06-16 10:00:08,979.45,339368
2021-06-16 10:00:09,979.45,339368
2021-06-16 10:00:10,979.15,339422
2021-06-16 10:00:11,979.15,339422
2021-06-16 10:00:12,979.5,339566
2021-06-16 10:00:13,979.5,339566
2021-06-16 10:00:14,979.5,339566
2021-06-16 10:00:15,979.5,339566
2021-06-16 10:00:16,979.5,339566
2021-06-16 10:00:17,979.3,339756
2021-06-16 10:00:18,979.3,339809
2021-06-16 10:00:19,979.3,339809
2021-06-16 10:00:20,979.3,339809
2021-06-16 10:00:21,979.3,339809
2021-06-16 10:00:23,979.3,339809
2021-06-16 10:00:24,979.05,339969
2021-06-16 10:00:25,979.25,340156
2021-06-16 10:00:26,979.25,340237
2021-06-16 10:00:27,979.5,340351
2021-06-16 10:00:28,979.5,340383
2021-06-16 10:00:29,979.75,340589
2021-06-16 10:00:30,979.75,340603
2021-06-16 10:00:31,979.75,340665
2021-06-16 10:00:32,979.75,340665
2021-06-16 10:00:33,979.75,340701
2021-06-16 10:00:34,979.75,340712
2021-06-16 10:00:35,979.75,340712
2021-06-16 10:00:36,979.75,340712
2021-06-16 10:00:37,979.75,340712
2021-06-16 10:00:38,979.75,340712
2021-06-16 10:00:39,979.75,340712
2021-06-16 10:00:40,979.5,340747
2021-06-16 10:00:41,979.75,340750
2021-06-16 10:00:42,979.75,340768
2021-06-16 10:00:43,979.75,340779
2021-06-16 10:00:44,979.75,340800
2021-06-16 10:00:45,979.75,340800
2021-06-16 10:00:46,979.95,341334
2021-06-16 10:00:48,979.95,342109
2021-06-16 10:00:49,979.95,342109
2021-06-16 10:00:50,979.7,342232
2021-06-16 10:00:51,979.65,342244
2021-06-16 10:00:52,979.95,342255
2021-06-16 10:00:54,979.7,342469
2021-06-16 10:00:55,979.7,342479
2021-06-16 10:00:56,980.1,342669
2021-06-16 10:00:57,980.05,342679
2021-06-16 10:00:58,980.1,342697
2021-06-16 10:00:59,980.1,342697
2021-06-16 10:01:00,980.05,342702
2021-06-16 10:01:01,980.1,342756
2021-06-16 10:01:02,980.1,342756
2021-06-16 10:01:03,980.05,342774
2021-06-16 10:01:04,980.05,342774
2021-06-16 10:01:05,980.0,343517
2021-06-16 10:01:06,979.95,343730
2021-06-16 10:01:07,979.95,343811
2021-06-16 10:01:08,979.95,343846
2021-06-16 10:01:09,979.95,344168
2021-06-16 10:01:10,979.95,344181
2021-06-16 10:01:11,979.7,344375
2021-06-16 10:01:12,979.7,344451
2021-06-16 10:01:13,980.0,344563
2021-06-16 10:01:14,979.85,344627
2021-06-16 10:01:16,980.3,345258
2021-06-16 10:01:17,980.3,345258
2021-06-16 10:01:18,980.3,345258
2021-06-16 10:01:19,980.0,345263
2021-06-16 10:01:20,980.0,345263
2021-06-16 10:01:21,980.0,345263
2021-06-16 10:01:22,980.0,345263
2021-06-16 10:01:23,980.0,345414
2021-06-16 10:01:24,980.0,345414
2021-06-16 10:01:25,980.0,345414
2021-06-16 10:01:26,980.0,345414
2021-06-16 10:01:27,980.0,345414
2021-06-16 10:01:29,980.0,345435
2021-06-16 10:01:30,980.4,345940
2021-06-16 10:01:31,980.05,346026
2021-06-16 10:01:32,980.4,346231
2021-06-16 10:01:33,980.15,346452
2021-06-16 10:01:34,980.05,346529
2021-06-16 10:01:36,980.05,346529
2021-06-16 10:01:36,980.05,346529
2021-06-16 10:01:37,980.15,346530
2021-06-16 10:01:38,980.15,346538
2021-06-16 10:01:39,980.15,346538
2021-06-16 10:01:40,980.1,346847
2021-06-16 10:01:41,980.4,346897
2021-06-16 10:01:42,980.35,346902
2021-06-16 10:01:43,980.0,346907
2021-06-16 10:01:44,980.35,346919
2021-06-16 10:01:45,980.35,346919
2021-06-16 10:01:46,980.35,346919
2021-06-16 10:01:47,980.0,346924
2021-06-16 10:01:48,980.15,346947
2021-06-16 10:01:50,980.15,346947
2021-06-16 10:01:51,980.3,347007
2021-06-16 10:01:52,980.3,347007
2021-06-16 10:01:53,980.3,347038
2021-06-16 10:01:54,980.05,347104
2021-06-16 10:01:55,980.05,347104
2021-06-16 10:01:56,980.05,347130
2021-06-16 10:01:58,980.25,347155
2021-06-16 10:01:59,980.0,347255
2021-06-16 10:02:00,980.1,347265
2021-06-16 10:02:01,980.1,347265
2021-06-16 10:02:02,980.1,347265
2021-06-16 10:02:03,980.0,347296
2021-06-16 10:02:04,980.0,347296
2021-06-16 10:02:05,980.0,347298
2021-06-16 10:02:06,980.05,347342
2021-06-16 10:02:07,980.0,347443
2021-06-16 10:02:08,980.0,347464
2021-06-16 10:02:10,980.05,347678
2021-06-16 10:02:11,980.0,347778
2021-06-16 10:02:12,980.0,347778
2021-06-16 10:02:14,980.05,347939
2021-06-16 10:02:15,980.05,348100
2021-06-16 10:02:15,980.0,348150
2021-06-16 10:02:16,980.0,348151
2021-06-16 10:02:17,980.05,348236
2021-06-16 10:02:19,980.05,348338
2021-06-16 10:02:20,980.0,348385
2021-06-16 10:02:21,980.0,348385
2021-06-16 10:02:22,980.0,348385
2021-06-16 10:02:23,980.0,348398
2021-06-16 10:02:24,980.0,348398
2021-06-16 10:02:26,980.0,348398
2021-06-16 10:02:26,980.0,348398
2021-06-16 10:02:27,980.0,348398
2021-06-16 10:02:28,980.0,348422
2021-06-16 10:02:29,980.0,348425
2021-06-16 10:02:30,980.2,349435
2021-06-16 10:02:31,980.4,349457
2021-06-16 10:02:32,980.4,349521
2021-06-16 10:02:33,980.5,350242
2021-06-16 10:02:34,980.4,350262
2021-06-16 10:02:35,980.4,350403
2021-06-16 10:02:36,981.0,351977
2021-06-16 10:02:37,981.0,352167
2021-06-16 10:02:38,980.65,352409
2021-06-16 10:02:39,981.0,353008
2021-06-16 10:02:40,980.75,353717
2021-06-16 10:02:41,980.75,353950
2021-06-16 10:02:42,980.8,354014
2021-06-16 10:02:43,980.8,354014
2021-06-16 10:02:44,980.8,354124
2021-06-16 10:02:45,980.8,354129
2021-06-16 10:02:46,980.8,354129
2021-06-16 10:02:47,980.8,354129
2021-06-16 10:02:48,980.8,354129
2021-06-16 10:02:49,980.8,354129
2021-06-16 10:02:50,980.6,354275
2021-06-16 10:02:51,980.7,354325
2021-06-16 10:02:53,980.55,354330
2021-06-16 10:02:53,980.55,354330
2021-06-16 10:02:54,980.5,354370
2021-06-16 10:02:55,980.5,354370
2021-06-16 10:02:56,980.4,354386
2021-06-16 10:02:57,980.4,354386
2021-06-16 10:02:58,980.4,354386
2021-06-16 10:02:59,980.4,354386
2021-06-16 10:03:00,980.4,354546
2021-06-16 10:03:02,980.3,354673
2021-06-16 10:03:03,980.3,354673
2021-06-16 10:03:04,980.3,354673
2021-06-16 10:03:05,980.3,354673
2021-06-16 10:03:06,980.3,354673
2021-06-16 10:03:07,980.4,354753
2021-06-16 10:03:08,980.3,354774
2021-06-16 10:03:09,980.4,354784
2021-06-16 10:03:10,980.4,354784
2021-06-16 10:03:11,980.4,354784
2021-06-16 10:03:12,980.4,354834
2021-06-16 10:03:13,980.4,354837
2021-06-16 10:03:14,980.4,354837
2021-06-16 10:03:15,980.4,354840
2021-06-16 10:03:16,980.4,354860
2021-06-16 10:03:17,980.5,354885
2021-06-16 10:03:18,980.25,355041
2021-06-16 10:03:19,980.25,355041
2021-06-16 10:03:20,980.25,355041
2021-06-16 10:03:21,980.25,355394
2021-06-16 10:03:22,980.7,355894
2021-06-16 10:03:23,980.25,356241
2021-06-16 10:03:24,980.25,356241
2021-06-16 10:03:25,980.25,356241
2021-06-16 10:03:26,980.25,356241
2021-06-16 10:03:27,980.25,356241
2021-06-16 10:03:28,980.2,356243
2021-06-16 10:03:29,980.0,357330
2021-06-16 10:03:30,979.7,357658
2021-06-16 10:03:31,980.0,357798
2021-06-16 10:03:33,980.0,357799
2021-06-16 10:03:34,980.0,358015
2021-06-16 10:03:35,980.0,358078
2021-06-16 10:03:37,979.95,358124
2021-06-16 10:03:38,979.95,358124
2021-06-16 10:03:39,979.95,358134
2021-06-16 10:03:39,979.95,358134
2021-06-16 10:03:41,979.95,358134
2021-06-16 10:03:42,979.7,358160
2021-06-16 10:03:43,979.7,358212
2021-06-16 10:03:44,979.9,358253
2021-06-16 10:03:45,979.9,358286
2021-06-16 10:03:46,979.9,358286
2021-06-16 10:03:47,979.9,358286
2021-06-16 10:03:48,979.7,358346
2021-06-16 10:03:49,979.9,358363
2021-06-16 10:03:50,979.9,358363
2021-06-16 10:03:51,979.9,358363
2021-06-16 10:03:52,979.7,358366
2021-06-16 10:03:53,979.7,358366
2021-06-16 10:03:54,979.7,358366
2021-06-16 10:03:55,979.7,358366
2021-06-16 10:03:56,979.7,358366
2021-06-16 10:03:57,979.7,358366
2021-06-16 10:03:58,979.7,358366
2021-06-16 10:03:59,979.8,358464
2021-06-16 10:04:00,979.7,358633
2021-06-16 10:04:01,979.95,358930
2021-06-16 10:04:02,980.0,359368
2021-06-16 10:04:04,980.15,359569
2021-06-16 10:04:06,980.1,359597
2021-06-16 10:04:06,980.1,359597
2021-06-16 10:04:08,980.1,359597
2021-06-16 10:04:09,980.1,359597
2021-06-16 10:04:09,980.2,359606
2021-06-16 10:04:11,980.2,359616
2021-06-16 10:04:12,980.1,359719
2021-06-16 10:04:13,980.2,359796
2021-06-16 10:04:14,980.15,359856
2021-06-16 10:04:15,980.4,359956
2021-06-16 10:04:17,980.4,359956
2021-06-16 10:04:18,980.0,360056
2021-06-16 10:04:19,980.0,360056
2021-06-16 10:04:20,980.1,360116
2021-06-16 10:04:21,980.1,360116
2021-06-16 10:04:22,980.1,360116
2021-06-16 10:04:23,980.05,360134
2021-06-16 10:04:23,980.05,360154
2021-06-16 10:04:24,980.05,360200
2021-06-16 10:04:25,980.1,360266
2021-06-16 10:04:27,980.1,360266
2021-06-16 10:04:28,980.1,360266
2021-06-16 10:04:29,980.1,360266
2021-06-16 10:04:29,980.15,360281
2021-06-16 10:04:30,980.15,360383
2021-06-16 10:04:31,980.15,360401
2021-06-16 10:04:32,980.2,360425
2021-06-16 10:04:33,980.15,360435
2021-06-16 10:04:34,980.1,360838
2021-06-16 10:04:35,980.1,360887
2021-06-16 10:04:36,980.1,360887
2021-06-16 10:04:37,980.1,360887
2021-06-16 10:04:38,980.1,360887
2021-06-16 10:04:39,980.0,361737
2021-06-16 10:04:40,979.7,362041
2021-06-16 10:04:41,979.75,362128
2021-06-16 10:04:42,979.7,362274
2021-06-16 10:04:43,979.7,362274
2021-06-16 10:04:45,979.5,362294
2021-06-16 10:04:46,979.5,362294
2021-06-16 10:04:47,979.5,362294
2021-06-16 10:04:48,979.5,362319
2021-06-16 10:04:48,979.5,362319
2021-06-16 10:04:49,979.65,362423
2021-06-16 10:04:50,979.5,362449
2021-06-16 10:04:51,979.65,362474
2021-06-16 10:04:52,979.5,362529
2021-06-16 10:04:53,979.65,362629
2021-06-16 10:04:56,979.5,362885
2021-06-16 10:04:57,979.5,362885
2021-06-16 10:04:58,979.5,362918
2021-06-16 10:04:59,979.65,362938
2021-06-16 10:05:00,979.65,362973
2021-06-16 10:05:01,979.55,363026
2021-06-16 10:05:02,979.6,363156
2021-06-16 10:05:04,979.7,363758
2021-06-16 10:05:05,979.7,363758
2021-06-16 10:05:06,980.0,363962
2021-06-16 10:05:07,979.95,363967
2021-06-16 10:05:08,979.95,363967
2021-06-16 10:05:09,979.95,363967
2021-06-16 10:05:10,979.55,363969
2021-06-16 10:05:11,980.0,364469
2021-06-16 10:05:12,980.0,364509
2021-06-16 10:05:13,979.65,364748
2021-06-16 10:05:14,979.95,364904
2021-06-16 10:05:15,979.95,364953
2021-06-16 10:05:16,979.9,364964
2021-06-16 10:05:17,979.9,364965
2021-06-16 10:05:18,979.9,364965
2021-06-16 10:05:19,979.9,364965
2021-06-16 10:05:20,979.6,365005
2021-06-16 10:05:21,979.9,365006
2021-06-16 10:05:22,979.9,365006
2021-06-16 10:05:24,979.9,365006
2021-06-16 10:05:25,979.9,365056
2021-06-16 10:05:26,979.9,365056
2021-06-16 10:05:27,979.9,365061
2021-06-16 10:05:27,979.9,365061
2021-06-16 10:05:29,979.9,365188
2021-06-16 10:05:29,979.9,365223
2021-06-16 10:05:33,980.0,365760
2021-06-16 10:05:34,980.05,365770
2021-06-16 10:05:35,980.05,365817
2021-06-16 10:05:35,980.05,365817
2021-06-16 10:05:37,980.05,365826
2021-06-16 10:05:38,980.1,365986
2021-06-16 10:05:39,980.1,365986
2021-06-16 10:05:40,980.1,365991
2021-06-16 10:05:41,980.1,365991
2021-06-16 10:05:41,980.1,365991
2021-06-16 10:05:42,980.1,365991
2021-06-16 10:05:44,980.05,366008
2021-06-16 10:05:45,980.05,366008
2021-06-16 10:05:46,980.1,366021
2021-06-16 10:05:47,980.1,366021
2021-06-16 10:05:48,980.2,366052
2021-06-16 10:05:49,980.2,366052
2021-06-16 10:05:50,980.2,366052
2021-06-16 10:05:52,980.2,366052
2021-06-16 10:05:53,980.2,366052
2021-06-16 10:05:54,980.1,366054
2021-06-16 10:05:55,980.1,366054
2021-06-16 10:05:56,980.1,366138
2021-06-16 10:05:57,980.2,366141
2021-06-16 10:05:58,980.2,366144
2021-06-16 10:05:59,980.2,366246
2021-06-16 10:05:59,980.2,366144
2021-06-16 10:06:00,980.15,366251
2021-06-16 10:06:01,980.2,366263
2021-06-16 10:06:03,980.2,366263
2021-06-16 10:06:04,980.2,366266
2021-06-16 10:06:05,980.15,366276
2021-06-16 10:06:06,980.1,366296
2021-06-16 10:06:07,980.25,366328
2021-06-16 10:06:08,980.3,366528
2021-06-16 10:06:09,980.3,366528
2021-06-16 10:06:10,980.25,366576
2021-06-16 10:06:11,980.25,366576
2021-06-16 10:06:12,980.25,366576
2021-06-16 10:06:12,980.25,366576
2021-06-16 10:06:13,980.25,366636
2021-06-16 10:06:14,980.25,366636
2021-06-16 10:06:15,980.25,366638
2021-06-16 10:06:17,979.95,367461
2021-06-16 10:06:18,979.8,367683
2021-06-16 10:06:19,979.95,367891
2021-06-16 10:06:20,979.85,367945
2021-06-16 10:06:21,979.85,367945
2021-06-16 10:06:23,979.85,367945
2021-06-16 10:06:24,979.85,367945
2021-06-16 10:06:25,979.8,368029
2021-06-16 10:06:25,979.8,368029
2021-06-16 10:06:26,979.8,368029
2021-06-16 10:06:27,979.5,368529
2021-06-16 10:06:28,979.8,368658
2021-06-16 10:06:31,979.5,368959
2021-06-16 10:06:32,979.8,369092
2021-06-16 10:06:34,979.8,369167
2021-06-16 10:06:33,979.8,369167
2021-06-16 10:06:34,979.8,369167
2021-06-16 10:06:35,979.8,369229
2021-06-16 10:06:37,979.8,369229
2021-06-16 10:06:37,979.8,369229
2021-06-16 10:06:38,979.8,369229
2021-06-16 10:06:40,979.8,369369
2021-06-16 10:06:41,979.8,369369
2021-06-16 10:06:42,979.8,369399
2021-06-16 10:06:43,979.8,369555
2021-06-16 10:06:45,979.8,372340
2021-06-16 10:06:46,979.5,373450
2021-06-16 10:06:46,979.5,373450
2021-06-16 10:06:47,979.3,374145
2021-06-16 10:06:50,979.5,375240
2021-06-16 10:06:50,979.65,375412
2021-06-16 10:06:51,979.6,375445
2021-06-16 10:06:53,979.75,375727
2021-06-16 10:06:54,979.65,375748
2021-06-16 10:06:55,979.7,376289
2021-06-16 10:06:57,979.7,376539
2021-06-16 10:06:58,979.7,376539
2021-06-16 10:06:59,979.7,376539
2021-06-16 10:07:00,979.7,376539
2021-06-16 10:07:01,979.7,376580
2021-06-16 10:07:02,979.7,376580
2021-06-16 10:07:03,979.7,376580
2021-06-16 10:07:04,979.7,376580
2021-06-16 10:07:05,979.7,376580
2021-06-16 10:07:06,979.7,376580
2021-06-16 10:07:07,979.5,376680
2021-06-16 10:07:08,979.75,376681
2021-06-16 10:07:08,979.75,376681
2021-06-16 10:07:10,979.75,376681
2021-06-16 10:07:11,979.75,376681
2021-06-16 10:07:12,979.9,378481
2021-06-16 10:07:13,979.9,378503
2021-06-16 10:07:13,979.95,378903
2021-06-16 10:07:14,979.7,379171
2021-06-16 10:07:15,979.7,379171
2021-06-16 10:07:17,979.95,379172
2021-06-16 10:07:18,979.95,379172
2021-06-16 10:07:19,979.7,380097
2021-06-16 10:07:20,979.5,380284
2021-06-16 10:07:20,979.95,380527
2021-06-16 10:07:21,979.95,380527
2021-06-16 10:07:23,979.9,380566
2021-06-16 10:07:25,979.9,380566
2021-06-16 10:07:26,979.9,380566
2021-06-16 10:07:26,979.9,380566
2021-06-16 10:07:27,979.9,380566
2021-06-16 10:07:28,979.5,380630
2021-06-16 10:07:29,979.9,380650
2021-06-16 10:07:30,979.55,380816
2021-06-16 10:07:32,979.55,380846
2021-06-16 10:07:33,980.0,381453
2021-06-16 10:07:34,979.7,381708
2021-06-16 10:07:35,979.7,381708
2021-06-16 10:07:36,979.7,381708
2021-06-16 10:07:36,979.7,381708
2021-06-16 10:07:37,979.7,381708
2021-06-16 10:07:39,979.7,381708
2021-06-16 10:07:40,979.65,381863
2021-06-16 10:07:41,979.5,382385
2021-06-16 10:07:41,979.5,382385
2021-06-16 10:07:42,979.65,382386
2021-06-16 10:07:43,979.65,382386
2021-06-16 10:07:46,979.55,382401
2021-06-16 10:07:47,979.55,382401
2021-06-16 10:07:48,979.5,382452
2021-06-16 10:07:49,979.55,382475
2021-06-16 10:07:50,979.55,383133
2021-06-16 10:07:52,979.55,383344
2021-06-16 10:07:53,979.6,383359
2021-06-16 10:07:54,979.55,383467
2021-06-16 10:07:54,979.55,383467
2021-06-16 10:07:55,979.55,383595
2021-06-16 10:07:56,979.1,383665
2021-06-16 10:07:57,979.5,383666
2021-06-16 10:07:58,979.5,383666
2021-06-16 10:07:59,979.5,383666
2021-06-16 10:08:00,979.2,383706
2021-06-16 10:08:02,979.15,384094
2021-06-16 10:08:03,979.0,384095
2021-06-16 10:08:04,979.0,384095
2021-06-16 10:08:04,979.0,384095
2021-06-16 10:08:05,979.0,384095
2021-06-16 10:08:06,979.0,384125
2021-06-16 10:08:07,979.0,384125
2021-06-16 10:08:08,979.0,384132
2021-06-16 10:08:09,979.15,384137
2021-06-16 10:08:10,979.0,384337
2021-06-16 10:08:12,979.15,384777
2021-06-16 10:08:12,979.15,384627
2021-06-16 10:08:13,979.1,384814
2021-06-16 10:08:14,979.1,384814
2021-06-16 10:08:15,979.1,385011
2021-06-16 10:08:16,979.1,385012
2021-06-16 10:08:18,979.05,385077
2021-06-16 10:08:19,979.05,385127
2021-06-16 10:08:20,979.05,385248
2021-06-16 10:08:21,979.0,385278
2021-06-16 10:08:22,979.0,385279
2021-06-16 10:08:23,979.0,385281
2021-06-16 10:08:24,979.0,385281
2021-06-16 10:08:25,979.0,385347
2021-06-16 10:08:26,979.0,385347
2021-06-16 10:08:27,979.0,385347
2021-06-16 10:08:28,979.0,385347
2021-06-16 10:08:29,979.05,385556
2021-06-16 10:08:29,979.05,385556
2021-06-16 10:08:30,979.05,385693
2021-06-16 10:08:32,979.05,385723
2021-06-16 10:08:34,979.0,385872
2021-06-16 10:08:35,979.05,386021
2021-06-16 10:08:36,978.95,386052
2021-06-16 10:08:36,978.95,386052
2021-06-16 10:08:37,978.95,386052
2021-06-16 10:08:38,978.75,386065
2021-06-16 10:08:39,978.95,386119
2021-06-16 10:08:40,978.55,386410
2021-06-16 10:08:41,978.55,386410
2021-06-16 10:08:42,978.65,386413
2021-06-16 10:08:43,978.65,386413
2021-06-16 10:08:45,978.55,386418
2021-06-16 10:08:45,978.55,386418
2021-06-16 10:08:46,978.55,386418
2021-06-16 10:08:48,978.75,386419
2021-06-16 10:08:49,978.75,386433
2021-06-16 10:08:51,978.55,386438
2021-06-16 10:08:52,978.55,386528
2021-06-16 10:08:53,978.55,386528
2021-06-16 10:08:54,978.75,386529
2021-06-16 10:08:55,978.75,386529
2021-06-16 10:08:56,978.5,386554
2021-06-16 10:08:58,978.5,386584
2021-06-16 10:08:59,978.5,386645
2021-06-16 10:09:00,978.7,386649
2021-06-16 10:09:01,978.7,386649
2021-06-16 10:09:02,978.7,386649
2021-06-16 10:09:02,978.7,386649
2021-06-16 10:09:03,978.7,386649
2021-06-16 10:09:04,978.5,386664
2021-06-16 10:09:06,978.6,386714
2021-06-16 10:09:07,978.55,386785
2021-06-16 10:09:08,978.5,386829
2021-06-16 10:09:09,978.5,386829
2021-06-16 10:09:10,978.5,386955
2021-06-16 10:09:11,978.55,386993
2021-06-16 10:09:12,978.55,387057
2021-06-16 10:09:13,978.55,387057
2021-06-16 10:09:13,978.55,387057
2021-06-16 10:09:15,978.5,387076
2021-06-16 10:09:16,978.5,387103
2021-06-16 10:09:17,978.55,387116
2021-06-16 10:09:18,978.55,387821
2021-06-16 10:09:18,978.55,387803
2021-06-16 10:09:20,978.75,388060
2021-06-16 10:09:21,978.8,388261
2021-06-16 10:09:22,979.0,388350
2021-06-16 10:09:23,978.75,389249
2021-06-16 10:09:23,979.0,389378
2021-06-16 10:09:25,979.0,389659
2021-06-16 10:09:26,979.0,389659
2021-06-16 10:09:27,978.95,389703
2021-06-16 10:09:28,978.95,389703
2021-06-16 10:09:29,978.95,389708
2021-06-16 10:09:29,978.95,389708
2021-06-16 10:09:31,978.95,389991
2021-06-16 10:09:32,979.0,390027
2021-06-16 10:09:33,979.0,390103
2021-06-16 10:09:34,979.0,390103
2021-06-16 10:09:35,979.15,390361
2021-06-16 10:09:36,979.15,390361
2021-06-16 10:09:38,979.5,390953
2021-06-16 10:09:38,979.6,391057
2021-06-16 10:09:40,979.55,391100
2021-06-16 10:09:41,979.4,391145
2021-06-16 10:09:42,979.55,391150
2021-06-16 10:09:43,979.05,391554
2021-06-16 10:09:44,979.05,391608
2021-06-16 10:09:45,979.35,391796
2021-06-16 10:09:45,979.15,391797
2021-06-16 10:09:46,979.15,391797
2021-06-16 10:09:48,979.35,391848
2021-06-16 10:09:50,979.35,391848
2021-06-16 10:09:51,979.35,391848
2021-06-16 10:09:53,979.35,391901
2021-06-16 10:09:52,979.35,391878
2021-06-16 10:09:54,979.15,392001
2021-06-16 10:09:55,979.15,392011
2021-06-16 10:09:56,979.0,392128
2021-06-16 10:09:58,979.0,392278
2021-06-16 10:09:59,979.1,392392
2021-06-16 10:10:00,979.0,392428
2021-06-16 10:10:01,979.0,392892
2021-06-16 10:10:02,978.6,392936
2021-06-16 10:10:03,978.6,392993
2021-06-16 10:10:04,978.95,392996
2021-06-16 10:10:06,979.0,392998
2021-06-16 10:10:07,978.95,393000
2021-06-16 10:10:08,978.95,393000
2021-06-16 10:10:09,978.95,393000
2021-06-16 10:10:10,978.95,393000
2021-06-16 10:10:11,978.95,393135
2021-06-16 10:10:12,978.95,393136
2021-06-16 10:10:13,978.95,393236
2021-06-16 10:10:15,978.95,393315
2021-06-16 10:10:16,978.55,393400
2021-06-16 10:10:17,978.55,393400
2021-06-16 10:10:18,978.9,393444
2021-06-16 10:10:19,978.9,393444
2021-06-16 10:10:20,978.9,393444
2021-06-16 10:10:21,978.55,393487
2021-06-16 10:10:23,978.55,393487
2021-06-16 10:10:24,978.85,393488
2021-06-16 10:10:25,978.85,393488
2021-06-16 10:10:26,978.85,393488
2021-06-16 10:10:27,978.85,393488
2021-06-16 10:10:28,978.55,393498
2021-06-16 10:10:29,978.55,393498
2021-06-16 10:10:30,978.55,393498
2021-06-16 10:10:31,978.8,393548
2021-06-16 10:10:32,978.8,393578
2021-06-16 10:10:33,978.8,393688
2021-06-16 10:10:34,978.8,393688
2021-06-16 10:10:35,978.8,393688
2021-06-16 10:10:36,978.8,393693
2021-06-16 10:10:37,978.6,393698
2021-06-16 10:10:38,978.8,393712
2021-06-16 10:10:39,978.8,393712
2021-06-16 10:10:40,978.8,393712
2021-06-16 10:10:41,978.8,393712
2021-06-16 10:10:42,978.8,393712
2021-06-16 10:10:43,978.8,393712
2021-06-16 10:10:44,978.8,393712
2021-06-16 10:10:45,978.8,393712
2021-06-16 10:10:46,978.8,393912
2021-06-16 10:10:47,978.8,393912
2021-06-16 10:10:48,978.8,395228
2021-06-16 10:10:49,978.8,395345
2021-06-16 10:10:51,978.6,395837
2021-06-16 10:10:53,978.85,396121
2021-06-16 10:10:54,978.85,396121
2021-06-16 10:10:55,978.55,396290
2021-06-16 10:10:56,978.55,396290
2021-06-16 10:10:57,978.75,396292
2021-06-16 10:10:58,978.75,396292
2021-06-16 10:10:59,978.5,396297
2021-06-16 10:11:00,978.5,396297
2021-06-16 10:11:01,978.75,396301
2021-06-16 10:11:02,978.8,396446
2021-06-16 10:11:03,978.75,396740
2021-06-16 10:11:04,978.75,396746
2021-06-16 10:11:05,978.75,396746
2021-06-16 10:11:06,978.75,396746
2021-06-16 10:11:08,978.75,397618
2021-06-16 10:11:07,978.85,397505
2021-06-16 10:11:09,978.95,397741
2021-06-16 10:11:10,978.95,397750
2021-06-16 10:11:11,978.9,397829
2021-06-16 10:11:12,978.95,397880
2021-06-16 10:11:14,978.95,397880
2021-06-16 10:11:13,978.95,397880
2021-06-16 10:11:15,978.95,397880
2021-06-16 10:11:16,978.95,397880
2021-06-16 10:11:17,978.95,397895
2021-06-16 10:11:19,979.0,397900
2021-06-16 10:11:21,979.1,398929
2021-06-16 10:11:22,979.55,399321
2021-06-16 10:11:23,978.35,400715
2021-06-16 10:11:25,978.3,401165
2021-06-16 10:11:24,978.65,401115
2021-06-16 10:11:26,978.65,401273
2021-06-16 10:11:27,978.65,401273
2021-06-16 10:11:28,978.65,401273
2021-06-16 10:11:29,978.65,401283
2021-06-16 10:11:30,978.45,401319
2021-06-16 10:11:32,978.45,401319
2021-06-16 10:11:33,978.45,401319
2021-06-16 10:11:34,978.45,401319
2021-06-16 10:11:35,978.45,401319
2021-06-16 10:11:37,978.6,401329
2021-06-16 10:11:36,978.6,401329
2021-06-16 10:11:38,978.6,401329
2021-06-16 10:11:39,978.5,401379
2021-06-16 10:11:40,978.6,401385
2021-06-16 10:11:41,978.6,401395
2021-06-16 10:11:42,978.6,401395
2021-06-16 10:11:43,978.6,401395
2021-06-16 10:11:44,978.5,401397
2021-06-16 10:11:45,978.5,401427
2021-06-16 10:11:46,978.5,401427
2021-06-16 10:11:47,978.5,401427
2021-06-16 10:11:48,978.5,401427
2021-06-16 10:11:49,978.6,401429
2021-06-16 10:11:50,978.55,401490
2021-06-16 10:11:51,978.6,401827
2021-06-16 10:11:52,978.6,401883
2021-06-16 10:11:53,978.65,401921
2021-06-16 10:11:54,978.8,401937
2021-06-16 10:11:55,978.6,401962
2021-06-16 10:11:57,978.6,401962
2021-06-16 10:11:57,978.6,401962
2021-06-16 10:11:58,978.6,401962
2021-06-16 10:11:59,978.7,401963
2021-06-16 10:12:00,978.7,401983
2021-06-16 10:12:01,978.8,401990
2021-06-16 10:12:02,978.6,402144
2021-06-16 10:12:03,978.6,402144
2021-06-16 10:12:04,978.6,402215
2021-06-16 10:12:05,978.6,402215
2021-06-16 10:12:07,978.7,402327
2021-06-16 10:12:07,978.7,402327
2021-06-16 10:12:08,978.7,402327
2021-06-16 10:12:09,978.6,402328
2021-06-16 10:12:10,978.6,402387
2021-06-16 10:12:11,978.6,402387
2021-06-16 10:12:13,978.7,402408
2021-06-16 10:12:13,978.7,402408
2021-06-16 10:12:14,978.6,402416
2021-06-16 10:12:15,978.6,402419
2021-06-16 10:12:16,978.7,402523
2021-06-16 10:12:17,978.7,402523
2021-06-16 10:12:18,978.6,402524
2021-06-16 10:12:20,978.6,402524
2021-06-16 10:12:20,978.6,402524
2021-06-16 10:12:21,978.6,402524
2021-06-16 10:12:22,978.6,402524
2021-06-16 10:12:23,978.6,402525
2021-06-16 10:12:24,978.6,402598
2021-06-16 10:12:25,978.65,402654
2021-06-16 10:12:27,978.65,402862
2021-06-16 10:12:27,978.65,402862
2021-06-16 10:12:28,978.7,402993
2021-06-16 10:12:29,978.6,402994
2021-06-16 10:12:30,978.65,403240
2021-06-16 10:12:31,978.7,403265
2021-06-16 10:12:32,978.65,403314
2021-06-16 10:12:34,978.7,403320
2021-06-16 10:12:34,978.65,403321
2021-06-16 10:12:35,978.7,403324
2021-06-16 10:12:37,978.75,403362
2021-06-16 10:12:39,978.65,403462
2021-06-16 10:12:39,978.65,403462
2021-06-16 10:12:40,978.75,403476
2021-06-16 10:12:41,978.65,403601
2021-06-16 10:12:43,978.65,403686
2021-06-16 10:12:45,978.65,403698
2021-06-16 10:12:46,978.75,403739
2021-06-16 10:12:47,978.75,403740
