timestamp,ltp,volume
2021-06-16 09:15:50,694.65,75012
2021-06-16 09:15:51,695.0,77412
2021-06-16 09:15:52,695.2,77862
2021-06-16 09:15:53,695.0,77923
2021-06-16 09:15:54,695.0,79008
2021-06-16 09:15:55,694.9,79078
2021-06-16 09:15:56,694.0,81885
2021-06-16 09:15:57,694.65,82058
2021-06-16 09:15:58,694.65,84440
2021-06-16 09:15:59,694.65,84530
2021-06-16 09:16:00,694.5,84698
2021-06-16 09:16:01,694.65,84904
2021-06-16 09:16:02,694.6,85641
2021-06-16 09:16:03,694.65,85842
2021-06-16 09:16:04,694.6,86243
2021-06-16 09:16:05,694.6,87067
2021-06-16 09:16:06,694.75,87367
2021-06-16 09:16:07,694.8,87610
2021-06-16 09:16:08,694.5,88196
2021-06-16 09:16:09,694.5,88271
2021-06-16 09:16:10,694.5,89032
2021-06-16 09:16:11,694.75,89393
2021-06-16 09:16:12,694.75,89835
2021-06-16 09:16:13,694.75,90213
2021-06-16 09:16:14,694.95,93331
2021-06-16 09:16:16,695.35,99262
2021-06-16 09:16:17,695.35,99632
2021-06-16 09:16:18,695.5,99852
2021-06-16 09:16:19,695.75,100479
2021-06-16 09:16:20,695.2,102462
2021-06-16 09:16:21,695.3,102951
2021-06-16 09:16:22,694.85,104001
2021-06-16 09:16:23,694.85,104116
2021-06-16 09:16:24,695.15,106106
2021-06-16 09:16:25,695.05,107851
2021-06-16 09:16:26,694.7,108824
2021-06-16 09:16:27,695.35,109034
2021-06-16 09:16:28,695.35,109320
2021-06-16 09:16:29,695.05,109427
2021-06-16 09:16:30,695.55,109672
2021-06-16 09:16:31,695.65,109723
2021-06-16 09:16:32,695.2,110552
2021-06-16 09:16:33,695.2,110677
2021-06-16 09:16:34,695.6,110786
2021-06-16 09:16:36,695.15,112302
2021-06-16 09:16:38,695.05,113160
2021-06-16 09:16:39,695.0,113426
2021-06-16 09:16:40,695.05,113589
2021-06-16 09:16:44,695.0,115528
2021-06-16 09:16:47,695.35,116201
2021-06-16 09:16:48,694.95,121221
2021-06-16 09:16:49,695.0,121857
2021-06-16 09:16:50,695.0,121967
2021-06-16 09:16:51,695.2,122965
2021-06-16 09:16:52,695.2,123065
2021-06-16 09:16:53,695.2,123126
2021-06-16 09:16:54,695.2,123284
2021-06-16 09:16:55,695.0,123459
2021-06-16 09:16:56,695.0,123814
2021-06-16 09:16:57,694.8,123986
2021-06-16 09:16:58,695.0,124191
2021-06-16 09:16:59,694.3,129419
2021-06-16 09:17:00,694.45,129886
2021-06-16 09:17:01,694.6,131450
2021-06-16 09:17:02,694.6,131608
2021-06-16 09:17:03,694.15,132264
2021-06-16 09:17:04,694.35,132809
2021-06-16 09:17:05,694.8,133571
2021-06-16 09:17:06,694.75,134074
2021-06-16 09:17:07,695.05,134475
2021-06-16 09:17:08,695.2,134478
2021-06-16 09:17:09,695.25,134757
2021-06-16 09:17:10,694.85,135548
2021-06-16 09:17:11,694.85,135548
2021-06-16 09:17:12,695.3,135755
2021-06-16 09:17:13,695.35,136280
2021-06-16 09:17:14,695.4,136395
2021-06-16 09:17:17,695.5,137053
2021-06-16 09:17:18,695.25,137138
2021-06-16 09:17:19,695.3,137146
2021-06-16 09:17:20,695.4,138847
2021-06-16 09:17:21,695.4,138847
2021-06-16 09:17:22,695.3,138887
2021-06-16 09:17:23,695.35,140472
2021-06-16 09:17:24,695.1,141362
2021-06-16 09:17:25,695.5,141896
2021-06-16 09:17:26,695.4,143062
2021-06-16 09:17:27,695.4,143627
2021-06-16 09:17:28,695.4,143705
2021-06-16 09:17:29,695.4,143903
2021-06-16 09:17:30,695.45,144494
2021-06-16 09:17:31,695.45,145047
2021-06-16 09:17:32,695.45,145238
2021-06-16 09:17:33,695.45,145500
2021-06-16 09:17:34,695.4,146354
2021-06-16 09:17:36,695.45,146737
2021-06-16 09:17:37,695.4,146788
2021-06-16 09:17:38,695.65,147288
2021-06-16 09:17:39,695.5,147388
2021-06-16 09:17:40,695.65,147410
2021-06-16 09:17:41,695.6,151487
2021-06-16 09:17:42,695.4,151572
2021-06-16 09:17:43,695.4,151688
2021-06-16 09:17:44,695.55,152108
2021-06-16 09:17:45,695.75,154295
2021-06-16 09:17:46,695.8,154535
2021-06-16 09:17:47,695.5,154646
2021-06-16 09:17:48,695.7,155047
2021-06-16 09:17:49,695.7,155247
2021-06-16 09:17:50,695.7,155538
2021-06-16 09:17:51,695.7,155538
2021-06-16 09:17:52,695.8,155635
2021-06-16 09:17:53,695.8,155670
2021-06-16 09:17:54,695.8,155723
2021-06-16 09:17:55,695.7,155873
2021-06-16 09:17:56,695.7,156191
2021-06-16 09:17:58,695.5,156716
2021-06-16 09:17:59,695.85,159783
2021-06-16 09:18:00,695.9,159938
2021-06-16 09:18:01,695.55,159998
2021-06-16 09:18:03,695.8,161616
2021-06-16 09:18:04,695.9,161696
2021-06-16 09:18:05,695.9,162299
2021-06-16 09:18:06,695.9,162305
2021-06-16 09:18:07,695.9,162350
2021-06-16 09:18:08,695.5,163523
2021-06-16 09:18:09,695.7,163548
2021-06-16 09:18:10,695.8,169424
2021-06-16 09:18:11,695.8,169629
2021-06-16 09:18:12,696.0,169649
2021-06-16 09:18:13,696.0,169767
2021-06-16 09:18:15,696.15,180462
2021-06-16 09:18:17,696.5,182671
2021-06-16 09:18:18,696.85,182916
2021-06-16 09:18:19,696.75,183417
2021-06-16 09:18:20,696.9,183532
2021-06-16 09:18:21,696.95,183812
2021-06-16 09:18:22,696.75,192403
2021-06-16 09:18:23,697.0,193148
2021-06-16 09:18:24,697.0,194214
2021-06-16 09:18:25,697.0,195749
2021-06-16 09:18:26,696.8,196100
2021-06-16 09:18:27,697.0,197690
2021-06-16 09:18:29,696.7,200706
2021-06-16 09:18:28,697.2,199223
2021-06-16 09:18:31,696.95,203522
2021-06-16 09:18:32,696.95,203602
2021-06-16 09:18:33,697.1,203947
2021-06-16 09:18:34,697.15,206106
2021-06-16 09:18:35,697.3,206686
2021-06-16 09:18:36,696.95,206878
2021-06-16 09:18:37,697.35,207913
2021-06-16 09:18:38,697.4,208217
2021-06-16 09:18:39,696.7,211619
2021-06-16 09:18:40,696.2,212751
2021-06-16 09:18:41,696.8,220800
2021-06-16 09:18:42,696.4,221686
2021-06-16 09:18:43,697.1,222165
2021-06-16 09:18:44,696.95,222419
2021-06-16 09:18:45,697.0,222822
2021-06-16 09:18:46,696.65,223970
2021-06-16 09:18:47,697.0,225311
2021-06-16 09:18:48,697.25,226934
2021-06-16 09:18:49,697.0,227371
2021-06-16 09:18:50,697.3,228059
2021-06-16 09:18:51,697.0,228531
2021-06-16 09:18:52,697.15,229223
2021-06-16 09:18:53,696.85,230854
2021-06-16 09:18:54,697.0,230995
2021-06-16 09:18:55,696.8,231550
2021-06-16 09:18:56,697.15,232230
2021-06-16 09:18:57,696.95,235003
2021-06-16 09:18:58,696.9,236808
2021-06-16 09:18:59,696.95,237150
2021-06-16 09:19:00,697.0,237300
2021-06-16 09:19:01,696.9,237883
2021-06-16 09:19:02,696.9,238588
2021-06-16 09:19:04,697.25,240039
2021-06-16 09:19:05,697.4,240752
2021-06-16 09:19:06,697.05,241154
2021-06-16 09:19:07,697.45,242296
2021-06-16 09:19:08,697.45,242347
2021-06-16 09:19:09,697.05,242779
2021-06-16 09:19:10,697.0,245036
2021-06-16 09:19:11,697.35,245209
2021-06-16 09:19:13,697.0,246844
2021-06-16 09:19:13,697.45,247634
2021-06-16 09:19:14,697.35,247883
2021-06-16 09:19:15,697.45,249180
2021-06-16 09:19:16,697.05,249258
2021-06-16 09:19:17,697.45,250898
2021-06-16 09:19:18,697.5,252271
2021-06-16 09:19:20,697.5,252800
2021-06-16 09:19:20,697.5,252969
2021-06-16 09:19:22,697.2,253243
2021-06-16 09:19:22,697.5,253309
2021-06-16 09:19:23,697.2,253651
2021-06-16 09:19:24,697.45,255084
2021-06-16 09:19:25,697.45,256186
2021-06-16 09:19:26,697.5,256940
2021-06-16 09:19:28,697.45,257746
2021-06-16 09:19:30,696.95,268218
2021-06-16 09:19:31,697.0,268503
2021-06-16 09:19:32,697.15,269069
2021-06-16 09:19:33,697.5,271591
2021-06-16 09:19:33,697.45,271616
2021-06-16 09:19:35,696.9,272076
2021-06-16 09:19:36,697.35,272257
2021-06-16 09:19:37,697.0,272432
2021-06-16 09:19:37,697.0,272639
2021-06-16 09:19:38,696.65,275728
2021-06-16 09:19:39,696.9,276861
2021-06-16 09:19:40,696.8,277678
2021-06-16 09:19:42,696.4,280168
2021-06-16 09:19:42,696.45,280204
2021-06-16 09:19:43,696.55,281232
2021-06-16 09:19:44,696.35,281396
2021-06-16 09:19:45,696.85,281481
2021-06-16 09:19:46,696.65,281860
2021-06-16 09:19:50,696.5,284215
2021-06-16 09:19:51,696.8,285120
2021-06-16 09:19:57,696.8,286590
2021-06-16 09:19:59,696.65,289059
2021-06-16 09:20:00,696.65,289337
2021-06-16 09:20:01,696.65,289737
2021-06-16 09:20:02,696.5,289847
2021-06-16 09:20:03,696.7,292044
2021-06-16 09:20:04,696.5,293339
2021-06-16 09:20:05,696.5,293627
2021-06-16 09:20:06,696.65,294395
2021-06-16 09:20:07,696.75,295061
2021-06-16 09:20:08,696.7,295067
2021-06-16 09:20:10,696.7,295188
2021-06-16 09:20:11,696.7,295288
2021-06-16 09:20:12,696.65,296070
2021-06-16 09:20:13,696.5,296254
2021-06-16 09:20:14,696.65,297628
2021-06-16 09:20:14,696.65,297768
2021-06-16 09:20:15,696.35,298559
2021-06-16 09:20:17,696.35,298847
2021-06-16 09:20:18,696.65,299808
2021-06-16 09:20:18,696.3,301687
2021-06-16 09:20:19,696.35,301740
2021-06-16 09:20:21,696.3,302550
2021-06-16 09:20:21,696.3,302550
2021-06-16 09:20:23,696.2,303779
2021-06-16 09:20:23,696.2,303779
2021-06-16 09:20:24,696.05,304551
2021-06-16 09:20:25,696.0,304591
2021-06-16 09:20:27,696.0,307181
2021-06-16 09:20:28,696.3,307343
2021-06-16 09:20:29,696.05,307359
2021-06-16 09:20:30,696.3,307367
2021-06-16 09:20:31,696.3,307460
2021-06-16 09:20:32,695.85,320698
2021-06-16 09:20:33,695.5,322028
2021-06-16 09:20:34,695.95,322175
2021-06-16 09:20:36,695.5,323097
2021-06-16 09:20:37,695.5,323211
2021-06-16 09:20:39,695.55,323512
2021-06-16 09:20:40,695.5,324732
2021-06-16 09:20:41,695.75,325271
2021-06-16 09:20:42,695.9,325931
2021-06-16 09:20:43,695.9,326414
2021-06-16 09:20:44,695.9,326519
2021-06-16 09:20:45,695.55,326549
2021-06-16 09:20:46,695.85,326559
2021-06-16 09:20:47,695.55,326619
2021-06-16 09:20:48,695.55,327262
2021-06-16 09:20:49,695.4,331930
2021-06-16 09:20:50,695.25,331961
2021-06-16 09:20:51,695.15,332516
2021-06-16 09:20:52,695.4,332626
2021-06-16 09:20:53,695.4,332776
2021-06-16 09:20:54,695.05,332845
2021-06-16 09:20:55,695.15,332862
2021-06-16 09:20:56,695.4,333712
2021-06-16 09:20:57,695.0,335728
2021-06-16 09:20:57,695.0,336018
2021-06-16 09:20:59,695.4,336355
2021-06-16 09:21:00,695.05,336455
2021-06-16 09:21:00,695.0,338599
2021-06-16 09:21:01,695.0,338971
2021-06-16 09:21:02,695.1,339078
2021-06-16 09:21:03,695.05,339128
2021-06-16 09:21:04,695.3,339163
2021-06-16 09:21:05,695.35,339187
2021-06-16 09:21:06,695.1,339262
2021-06-16 09:21:07,695.4,339326
2021-06-16 09:21:09,695.1,339544
2021-06-16 09:21:09,695.1,339401
2021-06-16 09:21:11,695.3,340284
2021-06-16 09:21:12,695.1,340481
2021-06-16 09:21:13,695.1,340481
2021-06-16 09:21:13,695.35,340551
2021-06-16 09:21:14,695.1,340806
2021-06-16 09:21:15,695.1,341106
2021-06-16 09:21:17,695.35,341421
2021-06-16 09:21:18,695.1,341535
2021-06-16 09:21:18,695.35,341665
2021-06-16 09:21:20,695.35,341828
2021-06-16 09:21:20,695.4,341839
2021-06-16 09:21:21,695.4,341985
2021-06-16 09:21:23,695.35,343528
2021-06-16 09:21:23,695.5,343573
2021-06-16 09:21:24,695.55,343943
2021-06-16 09:21:26,695.4,344328
2021-06-16 09:21:28,695.7,344818
2021-06-16 09:21:30,695.4,345079
2021-06-16 09:21:32,695.4,345093
2021-06-16 09:21:33,695.4,345150
2021-06-16 09:21:34,695.4,346837
2021-06-16 09:21:36,695.2,348036
2021-06-16 09:21:36,695.4,348554
2021-06-16 09:21:37,695.5,349080
2021-06-16 09:21:38,695.5,349100
2021-06-16 09:21:40,695.15,349230
2021-06-16 09:21:40,695.15,349250
2021-06-16 09:21:41,695.2,349255
2021-06-16 09:21:42,695.4,349302
2021-06-16 09:21:43,695.4,349375
2021-06-16 09:21:44,695.5,349380
2021-06-16 09:21:45,695.35,349420
2021-06-16 09:21:46,695.4,350040
2021-06-16 09:21:48,695.75,350809
2021-06-16 09:21:49,695.75,351136
2021-06-16 09:21:50,695.8,352033
2021-06-16 09:21:51,695.8,352069
2021-06-16 09:21:52,695.9,352100
2021-06-16 09:21:53,695.95,352340
2021-06-16 09:21:54,695.95,352375
2021-06-16 09:21:55,695.65,353375
2021-06-16 09:21:56,695.65,354781
2021-06-16 09:21:57,695.7,355483
2021-06-16 09:21:58,695.7,355483
2021-06-16 09:22:00,696.0,355786
2021-06-16 09:22:01,696.1,357139
2021-06-16 09:22:02,696.2,357145
2021-06-16 09:22:03,696.3,357637
2021-06-16 09:22:04,696.3,358157
2021-06-16 09:22:05,696.05,358257
2021-06-16 09:22:06,696.0,359257
2021-06-16 09:22:07,696.3,359263
2021-06-16 09:22:08,696.3,359263
2021-06-16 09:22:09,696.3,359404
2021-06-16 09:22:10,696.2,359461
2021-06-16 09:22:10,696.3,359490
2021-06-16 09:22:12,696.3,359860
2021-06-16 09:22:13,696.2,359960
2021-06-16 09:22:14,696.3,360360
2021-06-16 09:22:14,696.3,360428
2021-06-16 09:22:15,696.3,360428
2021-06-16 09:22:18,696.3,364734
2021-06-16 09:22:19,696.1,364735
2021-06-16 09:22:20,696.05,364785
2021-06-16 09:22:20,696.05,364785
2021-06-16 09:22:21,696.05,364785
2021-06-16 09:22:22,696.05,364827
2021-06-16 09:22:24,696.2,366237
2021-06-16 09:22:25,696.2,366299
2021-06-16 09:22:26,696.05,366389
2021-06-16 09:22:27,696.2,367668
2021-06-16 09:22:29,696.05,367891
2021-06-16 09:22:30,696.05,368039
2021-06-16 09:22:30,696.05,368039
2021-06-16 09:22:31,696.0,369970
2021-06-16 09:22:33,695.95,370990
2021-06-16 09:22:32,696.3,370170
2021-06-16 09:22:35,696.0,371227
2021-06-16 09:22:34,696.05,371027
2021-06-16 09:22:37,696.0,371337
2021-06-16 09:22:39,696.0,372848
2021-06-16 09:22:40,695.9,373448
2021-06-16 09:22:41,695.9,373460
2021-06-16 09:22:41,695.9,373585
2021-06-16 09:22:42,695.7,374623
2021-06-16 09:22:43,695.7,375004
2021-06-16 09:22:44,695.7,375135
2021-06-16 09:22:45,695.9,375156
2021-06-16 09:22:47,695.9,375193
2021-06-16 09:22:48,696.0,375487
2021-06-16 09:22:49,696.0,375493
2021-06-16 09:22:50,695.7,375495
2021-06-16 09:22:51,695.9,375515
2021-06-16 09:22:52,695.9,375515
2021-06-16 09:22:52,696.0,375640
2021-06-16 09:22:54,696.0,375894
2021-06-16 09:22:55,696.0,376104
2021-06-16 09:22:56,696.0,376297
2021-06-16 09:22:57,696.0,376297
2021-06-16 09:22:57,695.9,376747
2021-06-16 09:22:58,696.0,376777
2021-06-16 09:22:59,696.0,376835
2021-06-16 09:23:00,695.95,377761
2021-06-16 09:23:02,695.75,377838
2021-06-16 09:23:02,695.75,377838
2021-06-16 09:23:04,695.75,378919
2021-06-16 09:23:05,695.75,378929
2021-06-16 09:23:05,695.75,379033
2021-06-16 09:23:06,696.0,379173
2021-06-16 09:23:07,695.6,379285
2021-06-16 09:23:08,695.75,379380
2021-06-16 09:23:10,695.6,379450
2021-06-16 09:23:11,696.0,380010
2021-06-16 09:23:12,695.65,380240
2021-06-16 09:23:14,695.7,380777
2021-06-16 09:23:15,695.7,380832
2021-06-16 09:23:17,695.75,380859
2021-06-16 09:23:18,695.75,382112
2021-06-16 09:23:18,695.75,382112
2021-06-16 09:23:19,696.0,382210
2021-06-16 09:23:20,696.05,383238
2021-06-16 09:23:21,695.85,383398
2021-06-16 09:23:24,696.05,383723
2021-06-16 09:23:25,696.05,384893
2021-06-16 09:23:27,696.3,384949
2021-06-16 09:23:26,696.2,384926
2021-06-16 09:23:28,696.1,385559
2021-06-16 09:23:31,696.25,386000
2021-06-16 09:23:31,696.25,386000
2021-06-16 09:23:32,696.5,386350
2021-06-16 09:23:33,696.5,386400
2021-06-16 09:23:34,696.5,386433
2021-06-16 09:23:36,696.5,386601
2021-06-16 09:23:36,696.5,386601
2021-06-16 09:23:38,696.5,386681
2021-06-16 09:23:39,696.5,386886
2021-06-16 09:23:40,696.5,387087
2021-06-16 09:23:41,696.25,389993
2021-06-16 09:23:41,696.25,390064
2021-06-16 09:23:42,696.15,390147
2021-06-16 09:23:43,696.5,390560
2021-06-16 09:23:44,696.45,390570
2021-06-16 09:23:45,696.45,390765
2021-06-16 09:23:46,696.15,391300
2021-06-16 09:23:48,696.15,391370
2021-06-16 09:23:48,696.45,391411
2021-06-16 09:23:50,696.5,391876
2021-06-16 09:23:51,696.5,392099
2021-06-16 09:23:53,696.95,400064
2021-06-16 09:23:54,696.95,400155
2021-06-16 09:23:55,696.6,400216
2021-06-16 09:23:56,696.6,400613
2021-06-16 09:23:57,696.95,400713
2021-06-16 09:23:58,696.6,400738
2021-06-16 09:23:59,696.95,400828
2021-06-16 09:24:00,696.95,400848
2021-06-16 09:24:01,696.6,400850
2021-06-16 09:24:02,696.95,401001
2021-06-16 09:24:03,697.0,402638
2021-06-16 09:24:04,697.0,403195
2021-06-16 09:24:05,697.15,406724
2021-06-16 09:24:06,697.05,406937
2021-06-16 09:24:07,697.05,406954
2021-06-16 09:24:08,697.05,407132
2021-06-16 09:24:10,697.0,408166
2021-06-16 09:24:11,697.25,408904
2021-06-16 09:24:12,697.5,409231
2021-06-16 09:24:13,697.1,409633
2021-06-16 09:24:14,697.1,409636
2021-06-16 09:24:14,697.1,409816
2021-06-16 09:24:16,697.05,410869
2021-06-16 09:24:16,697.05,411121
2021-06-16 09:24:17,697.05,411332
2021-06-16 09:24:18,697.45,411484
2021-06-16 09:24:19,697.5,411704
2021-06-16 09:24:20,697.45,413594
2021-06-16 09:24:21,697.5,414449
2021-06-16 09:24:22,697.5,414608
2021-06-16 09:24:23,697.5,415473
2021-06-16 09:24:24,697.5,416303
2021-06-16 09:24:25,697.5,416342
2021-06-16 09:24:27,697.5,416682
2021-06-16 09:24:28,697.5,416907
2021-06-16 09:24:29,697.5,417455
2021-06-16 09:24:30,697.5,417915
2021-06-16 09:24:31,697.4,421615
2021-06-16 09:24:32,697.5,421932
2021-06-16 09:24:33,697.5,421961
2021-06-16 09:24:34,697.5,422451
2021-06-16 09:24:35,697.8,422864
2021-06-16 09:24:36,697.5,423366
2021-06-16 09:24:37,697.8,423456
2021-06-16 09:24:39,697.9,424235
2021-06-16 09:24:40,698.0,424963
2021-06-16 09:24:41,697.55,428280
2021-06-16 09:24:42,697.9,428326
2021-06-16 09:24:43,697.8,428835
2021-06-16 09:24:44,698.0,432895
2021-06-16 09:24:45,698.0,433231
2021-06-16 09:24:46,698.0,433725
2021-06-16 09:24:47,697.8,436377
2021-06-16 09:24:48,697.85,439858
2021-06-16 09:24:49,697.8,441518
2021-06-16 09:24:50,698.0,443135
2021-06-16 09:24:51,698.0,444253
2021-06-16 09:24:52,698.0,444640
2021-06-16 09:24:53,698.0,444700
2021-06-16 09:24:54,698.0,445389
2021-06-16 09:24:55,697.75,446027
2021-06-16 09:24:56,698.1,447252
2021-06-16 09:24:57,698.1,447703
2021-06-16 09:24:57,698.1,447703
2021-06-16 09:25:00,697.9,449887
2021-06-16 09:25:01,697.95,450007
2021-06-16 09:25:02,698.0,450770
2021-06-16 09:25:03,697.85,453628
2021-06-16 09:25:04,697.85,453728
2021-06-16 09:25:05,697.85,454122
2021-06-16 09:25:06,697.9,454729
2021-06-16 09:25:07,697.9,454916
2021-06-16 09:25:08,697.75,456218
2021-06-16 09:25:09,697.35,464008
2021-06-16 09:25:10,697.0,464752
2021-06-16 09:25:11,697.4,464897
2021-06-16 09:25:11,697.4,464897
2021-06-16 09:25:13,697.5,465422
2021-06-16 09:25:15,697.5,466162
2021-06-16 09:25:16,697.5,466281
2021-06-16 09:25:17,697.55,466496
2021-06-16 09:25:18,697.55,466509
2021-06-16 09:25:18,697.55,466509
2021-06-16 09:25:20,697.35,467052
2021-06-16 09:25:21,697.35,467390
2021-06-16 09:25:23,697.35,467790
2021-06-16 09:25:24,697.2,468022
2021-06-16 09:25:25,697.55,469730
2021-06-16 09:25:26,697.5,470145
2021-06-16 09:25:27,697.55,470480
2021-06-16 09:25:28,697.35,470574
2021-06-16 09:25:29,697.55,471906
2021-06-16 09:25:31,697.55,472153
2021-06-16 09:25:32,697.25,472683
2021-06-16 09:25:33,697.5,472772
2021-06-16 09:25:34,697.55,472968
2021-06-16 09:25:35,697.35,472972
2021-06-16 09:25:36,697.35,473042
2021-06-16 09:25:37,697.4,473122
2021-06-16 09:25:38,697.4,473435
2021-06-16 09:25:39,697.4,473735
2021-06-16 09:25:40,697.4,473735
2021-06-16 09:25:41,697.35,474784
2021-06-16 09:25:42,697.35,475010
2021-06-16 09:25:43,697.3,475102
2021-06-16 09:25:44,697.3,475162
2021-06-16 09:25:45,697.35,475429
2021-06-16 09:25:46,697.25,475699
2021-06-16 09:25:47,697.2,475831
2021-06-16 09:25:48,697.35,475932
2021-06-16 09:25:49,697.35,475932
2021-06-16 09:25:50,697.35,475932
2021-06-16 09:25:51,697.2,476415
2021-06-16 09:25:52,697.2,476515
2021-06-16 09:25:53,697.2,477015
2021-06-16 09:25:54,697.2,477310
2021-06-16 09:25:56,697.2,477756
2021-06-16 09:25:57,697.35,477982
2021-06-16 09:25:58,697.2,478157
2021-06-16 09:25:58,697.35,477982
2021-06-16 09:26:00,697.35,478648
2021-06-16 09:26:01,697.35,478668
2021-06-16 09:26:02,697.35,479325
2021-06-16 09:26:03,697.25,479955
2021-06-16 09:26:04,697.4,479957
2021-06-16 09:26:05,697.4,479991
2021-06-16 09:26:06,697.4,480596
2021-06-16 09:26:07,697.4,481120
2021-06-16 09:26:08,697.4,481140
2021-06-16 09:26:09,697.25,482540
2021-06-16 09:26:10,697.25,483057
2021-06-16 09:26:11,697.15,483518
2021-06-16 09:26:12,697.25,483547
2021-06-16 09:26:13,697.25,484059
2021-06-16 09:26:14,697.25,484273
2021-06-16 09:26:15,697.25,484743
2021-06-16 09:26:16,697.25,484968
2021-06-16 09:26:17,697.4,485129
2021-06-16 09:26:18,697.25,486483
2021-06-16 09:26:19,697.2,487337
2021-06-16 09:26:20,697.15,487567
2021-06-16 09:26:21,697.25,487686
2021-06-16 09:26:22,697.25,487771
2021-06-16 09:26:23,697.25,487929
2021-06-16 09:26:24,697.25,490359
2021-06-16 09:26:25,697.25,490424
2021-06-16 09:26:26,697.25,490644
2021-06-16 09:26:27,697.25,490755
2021-06-16 09:26:30,697.4,492051
2021-06-16 09:26:33,697.25,493524
2021-06-16 09:26:34,697.05,493649
2021-06-16 09:26:35,697.4,493774
2021-06-16 09:26:36,697.45,493913
2021-06-16 09:26:37,697.2,494092
2021-06-16 09:26:38,697.5,494397
2021-06-16 09:26:39,697.25,494474
2021-06-16 09:26:40,697.4,496218
2021-06-16 09:26:41,697.0,496719
2021-06-16 09:26:42,697.35,496952
2021-06-16 09:26:43,697.15,496983
2021-06-16 09:26:44,697.0,497646
2021-06-16 09:26:45,697.3,497677
2021-06-16 09:26:46,697.3,497740
2021-06-16 09:26:47,697.0,497751
2021-06-16 09:26:48,697.3,498103
2021-06-16 09:26:49,697.25,498793
2021-06-16 09:26:50,697.25,498820
2021-06-16 09:26:51,697.25,498820
2021-06-16 09:26:52,697.1,498994
2021-06-16 09:26:53,697.25,500019
2021-06-16 09:26:54,697.2,500043
2021-06-16 09:26:55,697.25,500446
2021-06-16 09:26:56,697.25,500496
2021-06-16 09:26:57,697.1,500498
2021-06-16 09:26:58,697.25,500538
2021-06-16 09:26:59,697.25,500538
2021-06-16 09:27:00,697.25,500538
2021-06-16 09:27:01,697.2,500709
2021-06-16 09:27:02,697.2,500746
2021-06-16 09:27:03,697.15,503681
2021-06-16 09:27:04,697.15,503693
2021-06-16 09:27:05,697.25,504003
2021-06-16 09:27:06,697.05,504635
2021-06-16 09:27:07,697.05,504638
2021-06-16 09:27:08,697.05,504648
2021-06-16 09:27:09,697.1,504708
2021-06-16 09:27:10,697.1,504878
2021-06-16 09:27:11,696.7,526205
2021-06-16 09:27:12,696.75,526820
2021-06-16 09:27:13,696.75,526820
2021-06-16 09:27:14,696.75,526850
2021-06-16 09:27:15,696.85,527062
2021-06-16 09:27:16,696.8,527135
2021-06-16 09:27:17,696.75,527315
2021-06-16 09:27:18,696.8,527467
2021-06-16 09:27:19,696.9,527468
2021-06-16 09:27:20,696.9,527478
2021-06-16 09:27:21,696.8,527695
2021-06-16 09:27:22,696.75,527851
2021-06-16 09:27:23,696.5,528203
2021-06-16 09:27:24,696.5,528396
2021-06-16 09:27:25,696.7,528696
2021-06-16 09:27:26,696.75,528746
2021-06-16 09:27:27,696.75,528796
2021-06-16 09:27:28,696.65,530266
2021-06-16 09:27:29,696.7,530328
2021-06-16 09:27:30,696.7,530328
2021-06-16 09:27:31,696.65,530487
2021-06-16 09:27:32,696.7,531011
2021-06-16 09:27:33,696.7,531011
2021-06-16 09:27:34,696.7,531115
2021-06-16 09:27:35,696.7,531116
2021-06-16 09:27:36,696.55,531117
2021-06-16 09:27:37,696.65,531155
2021-06-16 09:27:38,696.65,532043
2021-06-16 09:27:39,696.3,534414
2021-06-16 09:27:40,696.6,534625
2021-06-16 09:27:41,696.55,534669
2021-06-16 09:27:43,696.25,534823
2021-06-16 09:27:44,696.25,534823
2021-06-16 09:27:45,696.6,534853
2021-06-16 09:27:46,696.25,534903
2021-06-16 09:27:47,696.25,535043
2021-06-16 09:27:48,696.5,535126
2021-06-16 09:27:49,696.5,535131
2021-06-16 09:27:50,696.5,535146
2021-06-16 09:27:51,696.5,535225
2021-06-16 09:27:52,696.5,536079
2021-06-16 09:27:53,696.55,536116
2021-06-16 09:27:54,696.65,536523
2021-06-16 09:27:55,696.65,536534
2021-06-16 09:27:56,696.5,536577
2021-06-16 09:27:57,696.5,536587
2021-06-16 09:27:58,696.5,536599
2021-06-16 09:27:59,696.3,537799
2021-06-16 09:28:00,696.35,537871
2021-06-16 09:28:01,696.5,538071
2021-06-16 09:28:02,696.4,539480
2021-06-16 09:28:03,696.6,539530
2021-06-16 09:28:04,696.5,539592
2021-06-16 09:28:05,696.5,539678
2021-06-16 09:28:06,696.5,539723
2021-06-16 09:28:07,696.25,540371
2021-06-16 09:28:08,696.1,541074
2021-06-16 09:28:09,696.2,541406
2021-06-16 09:28:10,696.45,541613
2021-06-16 09:28:11,696.5,543976
2021-06-16 09:28:12,696.5,544211
2021-06-16 09:28:13,696.5,544526
2021-06-16 09:28:14,696.45,544573
2021-06-16 09:28:15,696.45,544597
2021-06-16 09:28:17,696.45,545030
2021-06-16 09:28:18,696.0,547797
2021-06-16 09:28:19,696.45,547809
2021-06-16 09:28:21,696.35,547849
2021-06-16 09:28:20,696.45,547809
2021-06-16 09:28:22,696.2,548124
2021-06-16 09:28:23,696.35,548236
2021-06-16 09:28:24,696.05,548808
2021-06-16 09:28:25,696.0,549508
2021-06-16 09:28:26,696.0,549637
2021-06-16 09:28:27,696.25,549660
2021-06-16 09:28:28,696.0,549860
2021-06-16 09:28:29,696.15,550186
2021-06-16 09:28:30,695.7,566515
2021-06-16 09:28:31,695.6,567415
2021-06-16 09:28:32,695.6,567993
2021-06-16 09:28:33,695.6,567993
2021-06-16 09:28:34,695.6,568068
2021-06-16 09:28:35,695.9,568096
2021-06-16 09:28:36,695.9,568096
2021-06-16 09:28:38,695.85,568247
2021-06-16 09:28:37,695.85,568247
2021-06-16 09:28:39,695.65,568373
2021-06-16 09:28:40,695.65,568375
2021-06-16 09:28:41,695.65,569068
2021-06-16 09:28:42,695.85,569168
2021-06-16 09:28:43,695.8,569613
2021-06-16 09:28:44,696.0,570857
2021-06-16 09:28:45,696.0,570909
2021-06-16 09:28:46,696.0,571060
2021-06-16 09:28:47,696.0,571270
2021-06-16 09:28:48,695.95,571434
2021-06-16 09:28:49,695.7,571544
2021-06-16 09:28:50,696.0,571774
2021-06-16 09:28:51,696.0,571774
2021-06-16 09:28:52,695.9,571777
2021-06-16 09:28:53,696.0,571827
2021-06-16 09:28:54,696.0,574171
2021-06-16 09:28:55,696.25,574319
2021-06-16 09:28:56,696.15,574570
2021-06-16 09:28:57,696.25,574702
2021-06-16 09:28:58,696.25,574812
2021-06-16 09:28:59,696.0,575270
2021-06-16 09:29:00,696.25,575550
2021-06-16 09:29:01,696.25,575560
2021-06-16 09:29:02,696.0,575696
2021-06-16 09:29:03,696.0,575834
2021-06-16 09:29:05,696.0,576571
2021-06-16 09:29:06,696.2,577984
2021-06-16 09:29:07,696.25,578434
2021-06-16 09:29:08,696.25,578434
2021-06-16 09:29:09,696.45,578507
2021-06-16 09:29:10,696.15,578567
2021-06-16 09:29:11,696.45,578670
2021-06-16 09:29:12,696.25,578974
2021-06-16 09:29:13,696.25,578974
2021-06-16 09:29:14,696.45,579199
2021-06-16 09:29:15,696.45,579321
2021-06-16 09:29:16,696.45,579362
2021-06-16 09:29:17,696.4,579363
2021-06-16 09:29:18,696.45,579493
2021-06-16 09:29:19,696.45,579493
2021-06-16 09:29:20,696.3,579570
2021-06-16 09:29:21,696.35,579582
2021-06-16 09:29:23,696.5,579823
2021-06-16 09:29:24,696.4,579934
2021-06-16 09:29:24,696.25,579987
2021-06-16 09:29:25,696.4,580147
2021-06-16 09:29:26,696.15,580168
2021-06-16 09:29:27,696.45,580183
2021-06-16 09:29:28,696.45,580197
2021-06-16 09:29:29,696.25,580397
2021-06-16 09:29:30,696.4,580498
2021-06-16 09:29:31,696.0,580598
2021-06-16 09:29:33,696.0,581403
2021-06-16 09:29:34,696.1,581683
2021-06-16 09:29:34,696.45,581693
2021-06-16 09:29:35,696.45,581695
2021-06-16 09:29:36,696.3,581905
2021-06-16 09:29:37,696.5,582555
2021-06-16 09:29:39,696.45,583521
2021-06-16 09:29:40,696.5,583889
2021-06-16 09:29:41,696.5,583898
2021-06-16 09:29:43,696.3,585591
2021-06-16 09:29:43,696.3,585591
2021-06-16 09:29:44,696.4,585601
2021-06-16 09:29:45,696.4,585601
2021-06-16 09:29:46,696.1,585711
2021-06-16 09:29:47,696.3,586111
2021-06-16 09:29:48,696.1,586161
2021-06-16 09:29:49,696.3,586566
2021-06-16 09:29:50,696.05,586696
2021-06-16 09:29:51,696.05,586701
2021-06-16 09:29:52,696.15,586761
2021-06-16 09:29:53,696.05,586801
2021-06-16 09:29:54,696.1,588179
2021-06-16 09:29:56,696.05,588396
2021-06-16 09:29:57,696.15,588518
2021-06-16 09:29:58,696.0,588624
2021-06-16 09:29:59,696.15,588781
2021-06-16 09:30:00,696.15,588782
2021-06-16 09:30:01,696.0,591007
2021-06-16 09:30:03,696.0,592040
2021-06-16 09:30:05,696.05,592074
2021-06-16 09:30:07,696.05,592216
2021-06-16 09:30:09,696.1,593428
2021-06-16 09:30:11,696.0,594066
2021-06-16 09:30:11,696.0,594166
2021-06-16 09:30:12,696.0,594166
2021-06-16 09:30:13,696.1,594483
2021-06-16 09:30:14,696.1,594517
2021-06-16 09:30:15,696.1,594530
2021-06-16 09:30:16,696.1,595675
2021-06-16 09:30:17,696.05,596358
2021-06-16 09:30:18,696.35,596359
2021-06-16 09:30:19,696.4,596594
2021-06-16 09:30:20,696.5,598813
2021-06-16 09:30:21,696.35,599433
2021-06-16 09:30:22,696.35,599469
2021-06-16 09:30:23,696.35,599469
2021-06-16 09:30:24,696.45,599576
2021-06-16 09:30:25,696.45,599576
2021-06-16 09:30:26,696.45,599628
2021-06-16 09:30:27,696.35,600212
2021-06-16 09:30:28,696.35,600212
2021-06-16 09:30:29,696.35,600313
2021-06-16 09:30:30,696.5,600363
2021-06-16 09:30:31,696.45,600571
2021-06-16 09:30:32,696.45,600571
2021-06-16 09:30:33,696.5,600596
2021-06-16 09:30:34,696.5,600596
2021-06-16 09:30:35,696.5,601490
2021-06-16 09:30:37,697.0,604832
2021-06-16 09:30:37,697.0,604832
2021-06-16 09:30:38,696.65,604923
2021-06-16 09:30:40,697.0,604943
2021-06-16 09:30:41,697.0,606070
2021-06-16 09:30:42,696.65,606377
2021-06-16 09:30:43,697.0,607000
2021-06-16 09:30:44,696.95,607397
2021-06-16 09:30:45,696.95,607552
2021-06-16 09:30:46,697.1,610165
2021-06-16 09:30:47,697.25,610665
2021-06-16 09:30:48,697.25,611346
2021-06-16 09:30:49,697.25,611804
2021-06-16 09:30:50,697.25,612016
2021-06-16 09:30:51,696.9,613329
2021-06-16 09:30:52,697.15,614446
2021-06-16 09:30:53,697.2,614689
2021-06-16 09:30:54,697.0,614774
2021-06-16 09:30:55,697.0,614854
2021-06-16 09:30:57,697.0,615889
2021-06-16 09:30:58,697.25,616089
2021-06-16 09:30:59,697.25,616268
2021-06-16 09:31:00,697.25,616278
2021-06-16 09:31:00,697.25,616278
2021-06-16 09:31:01,697.25,616612
2021-06-16 09:31:02,697.25,617325
2021-06-16 09:31:03,697.25,617549
2021-06-16 09:31:04,697.2,617559
2021-06-16 09:31:05,697.25,617814
2021-06-16 09:31:06,697.25,617814
2021-06-16 09:31:07,697.0,618021
2021-06-16 09:31:08,697.35,619781
2021-06-16 09:31:09,697.45,620182
2021-06-16 09:31:10,697.45,620284
2021-06-16 09:31:11,697.45,620284
2021-06-16 09:31:12,697.45,621013
2021-06-16 09:31:13,697.0,621913
2021-06-16 09:31:14,697.0,622066
2021-06-16 09:31:15,697.0,622096
2021-06-16 09:31:18,697.4,622733
2021-06-16 09:31:19,697.25,622936
2021-06-16 09:31:20,697.0,623853
2021-06-16 09:31:21,697.3,623863
2021-06-16 09:31:22,697.2,623930
2021-06-16 09:31:23,697.2,624211
2021-06-16 09:31:24,697.2,624311
2021-06-16 09:31:25,697.15,625461
2021-06-16 09:31:27,697.2,626002
2021-06-16 09:31:27,697.2,626012
2021-06-16 09:31:30,697.2,626289
2021-06-16 09:31:31,697.3,626789
2021-06-16 09:31:32,697.3,626999
2021-06-16 09:31:33,697.1,627033
2021-06-16 09:31:34,697.0,627071
2021-06-16 09:31:35,697.3,627461
2021-06-16 09:31:36,697.3,627461
2021-06-16 09:31:37,697.05,627596
2021-06-16 09:31:37,697.05,627596
2021-06-16 09:31:38,697.0,627726
2021-06-16 09:31:41,697.0,627846
2021-06-16 09:31:41,697.0,627846
2021-06-16 09:31:42,697.0,628102
2021-06-16 09:31:43,697.05,628138
2021-06-16 09:31:44,697.3,628240
2021-06-16 09:31:45,697.4,628740
2021-06-16 09:31:48,697.35,628883
2021-06-16 09:31:49,697.35,628884
2021-06-16 09:31:50,697.4,628922
2021-06-16 09:31:51,697.4,628922
2021-06-16 09:31:52,697.45,629522
2021-06-16 09:31:53,697.35,629547
2021-06-16 09:31:55,697.5,630128
2021-06-16 09:31:56,697.35,630286
2021-06-16 09:31:56,697.35,630273
2021-06-16 09:31:57,697.35,630761
2021-06-16 09:31:58,697.35,631102
2021-06-16 09:31:59,697.35,631462
2021-06-16 09:32:00,697.35,631562
2021-06-16 09:32:01,697.2,631682
2021-06-16 09:32:02,697.35,631947
2021-06-16 09:32:03,697.2,631998
2021-06-16 09:32:05,697.35,632098
2021-06-16 09:32:05,697.2,632108
2021-06-16 09:32:07,697.2,632422
2021-06-16 09:32:07,697.2,632541
2021-06-16 09:32:08,697.2,633758
2021-06-16 09:32:09,697.25,634368
2021-06-16 09:32:10,697.25,634368
2021-06-16 09:32:11,697.0,635928
2021-06-16 09:32:12,697.2,636241
2021-06-16 09:32:13,697.2,636243
2021-06-16 09:32:14,697.0,636647
2021-06-16 09:32:15,696.95,636657
2021-06-16 09:32:16,697.0,637007
2021-06-16 09:32:17,697.15,637755
2021-06-16 09:32:18,697.15,637755
2021-06-16 09:32:20,697.15,637778
2021-06-16 09:32:21,697.25,638338
2021-06-16 09:32:22,696.85,638609
2021-06-16 09:32:24,697.0,638682
2021-06-16 09:32:25,697.0,638682
2021-06-16 09:32:26,697.25,638792
2021-06-16 09:32:27,697.25,638792
2021-06-16 09:32:28,697.25,638792
2021-06-16 09:32:29,697.25,638792
2021-06-16 09:32:30,697.1,638802
2021-06-16 09:32:31,696.9,639422
2021-06-16 09:32:32,697.0,639507
2021-06-16 09:32:33,697.0,639518
2021-06-16 09:32:34,696.9,639534
2021-06-16 09:32:35,697.15,639544
2021-06-16 09:32:37,697.0,639945
2021-06-16 09:32:38,696.95,639949
2021-06-16 09:32:39,697.0,640099
2021-06-16 09:32:40,696.95,640184
2021-06-16 09:32:41,697.0,640484
2021-06-16 09:32:42,697.0,640549
2021-06-16 09:32:44,696.95,640765
2021-06-16 09:32:44,696.95,640765
2021-06-16 09:32:46,696.95,640790
2021-06-16 09:32:47,696.95,641280
2021-06-16 09:32:47,696.95,641280
2021-06-16 09:32:49,696.9,641300
2021-06-16 09:32:50,696.75,642474
2021-06-16 09:32:51,696.9,642524
2021-06-16 09:32:52,696.9,642564
2021-06-16 09:32:53,696.9,642572
2021-06-16 09:32:55,696.75,642697
2021-06-16 09:32:56,696.85,642698
2021-06-16 09:32:57,696.75,642951
2021-06-16 09:32:58,696.7,643391
2021-06-16 09:32:59,696.75,643492
2021-06-16 09:33:01,696.7,643592
2021-06-16 09:33:01,696.9,643696
2021-06-16 09:33:02,696.7,643782
2021-06-16 09:33:03,696.9,643794
2021-06-16 09:33:04,696.75,644005
2021-06-16 09:33:05,696.75,644005
2021-06-16 09:33:06,696.9,644121
2021-06-16 09:33:08,696.9,644320
2021-06-16 09:33:09,696.9,644420
2021-06-16 09:33:10,696.9,644470
2021-06-16 09:33:11,696.5,645570
2021-06-16 09:33:11,696.7,645058
2021-06-16 09:33:12,696.5,645570
2021-06-16 09:33:13,696.7,645890
2021-06-16 09:33:14,696.7,645890
2021-06-16 09:33:15,696.5,645905
2021-06-16 09:33:17,696.7,646107
2021-06-16 09:33:18,696.7,646107
2021-06-16 09:33:19,696.75,646202
2021-06-16 09:33:20,696.8,646265
2021-06-16 09:33:21,696.9,646435
2021-06-16 09:33:21,696.9,646435
2021-06-16 09:33:22,696.9,646702
2021-06-16 09:33:23,696.9,646810
2021-06-16 09:33:24,696.9,646901
2021-06-16 09:33:26,696.9,646902
2021-06-16 09:33:27,697.0,647015
2021-06-16 09:33:27,697.0,647030
2021-06-16 09:33:28,697.0,647074
2021-06-16 09:33:29,697.0,647074
2021-06-16 09:33:30,696.9,647126
2021-06-16 09:33:31,697.0,647526
2021-06-16 09:33:33,697.0,648641
2021-06-16 09:33:34,696.95,648643
2021-06-16 09:33:35,696.9,648693
2021-06-16 09:33:36,696.95,648695
2021-06-16 09:33:37,697.0,649041
2021-06-16 09:33:38,697.0,649065
2021-06-16 09:33:40,696.9,649165
2021-06-16 09:33:41,696.75,650164
2021-06-16 09:33:41,696.75,650164
2021-06-16 09:33:42,697.0,650275
2021-06-16 09:33:44,696.75,650644
2021-06-16 09:33:46,696.95,650805
2021-06-16 09:33:47,696.95,650812
2021-06-16 09:33:48,696.85,650821
2021-06-16 09:33:49,696.9,650948
2021-06-16 09:33:50,696.7,651107
2021-06-16 09:33:50,696.95,651207
2021-06-16 09:33:51,696.95,651207
2021-06-16 09:33:52,696.9,651458
2021-06-16 09:33:54,696.85,651473
2021-06-16 09:33:56,696.95,652578
2021-06-16 09:33:57,696.95,652587
2021-06-16 09:33:58,696.7,653144
2021-06-16 09:34:00,696.95,655144
2021-06-16 09:34:01,696.95,655278
2021-06-16 09:34:01,696.95,655323
2021-06-16 09:34:02,696.85,655885
2021-06-16 09:34:04,696.85,655885
2021-06-16 09:34:04,696.85,655885
2021-06-16 09:34:06,696.9,655911
2021-06-16 09:34:08,696.9,655961
2021-06-16 09:34:09,696.9,655961
2021-06-16 09:34:09,696.9,655961
2021-06-16 09:34:10,696.9,656085
2021-06-16 09:34:11,696.9,656185
2021-06-16 09:34:12,696.85,656188
2021-06-16 09:34:13,696.9,657218
2021-06-16 09:34:14,697.0,657228
2021-06-16 09:34:15,696.95,657278
2021-06-16 09:34:16,697.0,658009
2021-06-16 09:34:17,696.6,660485
2021-06-16 09:34:18,696.9,660492
2021-06-16 09:34:19,696.9,660492
2021-06-16 09:34:20,696.95,661077
2021-06-16 09:34:21,697.0,661585
2021-06-16 09:34:23,696.65,661621
2021-06-16 09:34:24,696.9,661671
2021-06-16 09:34:25,696.9,661671
2021-06-16 09:34:26,696.95,661676
2021-06-16 09:34:27,696.95,661751
2021-06-16 09:34:27,696.95,661696
2021-06-16 09:34:28,696.95,661844
2021-06-16 09:34:29,696.95,661844
2021-06-16 09:34:30,696.9,661957
2021-06-16 09:34:32,696.9,661968
2021-06-16 09:34:33,696.8,662028
2021-06-16 09:34:34,696.9,662063
2021-06-16 09:34:35,696.5,664088
2021-06-16 09:34:37,696.6,664270
2021-06-16 09:34:36,696.6,664100
2021-06-16 09:34:38,696.6,664270
2021-06-16 09:34:39,696.8,664982
2021-06-16 09:34:40,696.8,664982
2021-06-16 09:34:41,696.8,665001
2021-06-16 09:34:42,696.65,665043
2021-06-16 09:34:43,696.5,665068
2021-06-16 09:34:44,696.5,665068
2021-06-16 09:34:45,696.5,665068
2021-06-16 09:34:46,696.6,665073
2021-06-16 09:34:47,696.75,665074
2021-06-16 09:34:48,696.75,665084
2021-06-16 09:34:49,696.5,665169
2021-06-16 09:34:49,696.5,665169
2021-06-16 09:34:50,696.5,665169
2021-06-16 09:34:52,696.5,665673
2021-06-16 09:34:53,696.5,665892
2021-06-16 09:34:55,696.5,665987
2021-06-16 09:34:56,696.75,666067
2021-06-16 09:34:57,696.6,666114
2021-06-16 09:34:58,696.6,666114
2021-06-16 09:34:59,696.75,666134
2021-06-16 09:35:00,696.8,666135
2021-06-16 09:35:01,696.8,666135
2021-06-16 09:35:02,696.85,666200
2021-06-16 09:35:03,696.9,666490
2021-06-16 09:35:04,696.75,666516
2021-06-16 09:35:05,696.9,666541
2021-06-16 09:35:06,696.85,666593
2021-06-16 09:35:07,696.8,666804
2021-06-16 09:35:08,696.8,666804
2021-06-16 09:35:09,696.85,666829
2021-06-16 09:35:10,696.85,666839
2021-06-16 09:35:11,696.8,667503
2021-06-16 09:35:12,696.8,667564
2021-06-16 09:35:13,696.75,667664
2021-06-16 09:35:14,696.8,668187
2021-06-16 09:35:15,696.8,668787
2021-06-16 09:35:16,696.85,669230
2021-06-16 09:35:17,696.75,669253
2021-06-16 09:35:18,696.75,669253
2021-06-16 09:35:20,696.7,669268
2021-06-16 09:35:20,696.75,669293
2021-06-16 09:35:21,696.75,669293
2021-06-16 09:35:24,696.7,669397
2021-06-16 09:35:25,696.55,669586
2021-06-16 09:35:26,696.55,669814
2021-06-16 09:35:27,696.75,669861
2021-06-16 09:35:28,696.75,670161
2021-06-16 09:35:29,696.75,670161
2021-06-16 09:35:30,696.75,670161
2021-06-16 09:35:31,696.55,675861
2021-06-16 09:35:32,696.65,676478
2021-06-16 09:35:33,696.6,676612
2021-06-16 09:35:34,696.6,676642
2021-06-16 09:35:35,696.6,676642
2021-06-16 09:35:35,696.55,676654
2021-06-16 09:35:36,696.55,676665
2021-06-16 09:35:37,696.35,676867
2021-06-16 09:35:39,696.4,677027
2021-06-16 09:35:40,696.4,677027
2021-06-16 09:35:41,696.25,677911
2021-06-16 09:35:42,696.2,677947
2021-06-16 09:35:44,696.25,678205
2021-06-16 09:35:44,696.25,678205
2021-06-16 09:35:46,696.25,678261
2021-06-16 09:35:48,696.15,678899
2021-06-16 09:35:48,696.1,679100
2021-06-16 09:35:49,696.15,679276
2021-06-16 09:35:50,696.05,679594
2021-06-16 09:35:51,696.15,679631
2021-06-16 09:35:52,696.15,679737
2021-06-16 09:35:53,696.1,679792
2021-06-16 09:35:54,696.15,679793
2021-06-16 09:35:55,696.15,679895
2021-06-16 09:35:57,696.15,679979
2021-06-16 09:35:57,696.15,679979
2021-06-16 09:35:59,696.1,680333
2021-06-16 09:36:00,696.1,680336
2021-06-16 09:36:01,696.15,680765
2021-06-16 09:36:02,696.1,680803
2021-06-16 09:36:03,696.1,680803
2021-06-16 09:36:04,696.1,681253
2021-06-16 09:36:05,696.05,681393
2021-06-16 09:36:06,696.4,681429
2021-06-16 09:36:07,696.15,681502
2021-06-16 09:36:08,696.4,681705
2021-06-16 09:36:09,696.15,681750
2021-06-16 09:36:10,696.4,681831
2021-06-16 09:36:11,696.4,681831
2021-06-16 09:36:12,696.1,681934
2021-06-16 09:36:13,696.1,681969
2021-06-16 09:36:14,696.1,682000
2021-06-16 09:36:15,696.45,682543
2021-06-16 09:36:15,696.45,682553
2021-06-16 09:36:16,696.1,682903
2021-06-16 09:36:18,696.1,683629
2021-06-16 09:36:19,696.2,683649
2021-06-16 09:36:20,696.1,683739
2021-06-16 09:36:21,696.4,683740
2021-06-16 09:36:21,696.4,683740
2021-06-16 09:36:23,696.1,683905
2021-06-16 09:36:25,696.4,683967
2021-06-16 09:36:26,696.1,683977
2021-06-16 09:36:27,696.15,683978
2021-06-16 09:36:28,696.1,684028
2021-06-16 09:36:29,696.1,684189
2021-06-16 09:36:30,696.4,684219
2021-06-16 09:36:31,696.4,684237
2021-06-16 09:36:32,696.4,684547
2021-06-16 09:36:32,696.4,684547
2021-06-16 09:36:35,696.4,684642
2021-06-16 09:36:36,696.25,684652
2021-06-16 09:36:37,696.35,684653
2021-06-16 09:36:38,696.4,684716
2021-06-16 09:36:39,696.35,684736
2021-06-16 09:36:40,696.25,685125
2021-06-16 09:36:41,696.15,685206
2021-06-16 09:36:42,696.15,686088
2021-06-16 09:36:43,696.15,686127
2021-06-16 09:36:44,696.15,686142
2021-06-16 09:36:45,696.15,686207
2021-06-16 09:36:45,696.15,686207
2021-06-16 09:36:47,696.25,686336
2021-06-16 09:36:47,696.25,686336
2021-06-16 09:36:48,696.25,686346
2021-06-16 09:36:51,696.25,686346
2021-06-16 09:36:53,696.25,686615
2021-06-16 09:36:54,696.4,686661
2021-06-16 09:36:55,696.3,687163
2021-06-16 09:36:56,696.4,687312
2021-06-16 09:36:57,696.4,687315
2021-06-16 09:36:59,696.4,687554
2021-06-16 09:37:00,696.4,687554
2021-06-16 09:37:01,696.4,687644
2021-06-16 09:37:02,696.3,688030
2021-06-16 09:37:03,696.3,688155
2021-06-16 09:37:04,696.3,688155
2021-06-16 09:37:05,696.4,688255
2021-06-16 09:37:05,696.4,688256
2021-06-16 09:37:07,696.4,688256
2021-06-16 09:37:07,696.3,688279
2021-06-16 09:37:09,696.4,688336
2021-06-16 09:37:09,696.4,688336
2021-06-16 09:37:10,696.4,688336
2021-06-16 09:37:12,696.5,688659
2021-06-16 09:37:13,696.4,688708
2021-06-16 09:37:13,696.4,688728
2021-06-16 09:37:15,696.4,688732
2021-06-16 09:37:16,696.4,688802
2021-06-16 09:37:16,696.4,688818
2021-06-16 09:37:18,696.5,688888
2021-06-16 09:37:19,696.5,688897
2021-06-16 09:37:19,696.4,688907
2021-06-16 09:37:21,696.5,689121
2021-06-16 09:37:22,696.4,689158
2021-06-16 09:37:23,696.4,689198
2021-06-16 09:37:24,696.5,689402
2021-06-16 09:37:25,696.5,689427
2021-06-16 09:37:25,696.5,689937
2021-06-16 09:37:27,696.5,690064
2021-06-16 09:37:28,696.4,690070
2021-06-16 09:37:29,696.55,690874
2021-06-16 09:37:29,696.4,691244
2021-06-16 09:37:30,696.4,691244
2021-06-16 09:37:31,696.4,691297
2021-06-16 09:37:32,696.5,691307
2021-06-16 09:37:33,696.4,691310
2021-06-16 09:37:34,696.5,691311
2021-06-16 09:37:35,696.5,691311
2021-06-16 09:37:37,696.25,692526
2021-06-16 09:37:38,696.45,692600
2021-06-16 09:37:38,696.45,692600
2021-06-16 09:37:39,696.4,692632
2021-06-16 09:37:40,696.4,692674
2021-06-16 09:37:42,696.3,692904
2021-06-16 09:37:42,696.3,692838
2021-06-16 09:37:44,696.4,693022
2021-06-16 09:37:45,696.35,693024
2021-06-16 09:37:46,696.35,693059
2021-06-16 09:37:47,696.35,693059
2021-06-16 09:37:48,696.3,693982
2021-06-16 09:37:49,696.3,694037
2021-06-16 09:37:50,696.55,694547
2021-06-16 09:37:51,696.4,694554
2021-06-16 09:37:52,696.35,694579
2021-06-16 09:37:53,696.4,694623
2021-06-16 09:37:54,696.5,694754
2021-06-16 09:37:55,696.35,694756
2021-06-16 09:37:56,696.35,694863
2021-06-16 09:37:57,696.3,694985
2021-06-16 09:37:58,696.3,695014
2021-06-16 09:37:59,696.35,695019
2021-06-16 09:38:00,696.35,695019
2021-06-16 09:38:01,696.35,695044
2021-06-16 09:38:02,696.35,695096
2021-06-16 09:38:03,696.35,695383
2021-06-16 09:38:04,696.35,695383
2021-06-16 09:38:05,696.35,695407
2021-06-16 09:38:07,696.5,697817
2021-06-16 09:38:06,696.25,696413
2021-06-16 09:38:08,696.5,697817
2021-06-16 09:38:09,696.2,698145
2021-06-16 09:38:10,696.45,698152
2021-06-16 09:38:11,696.35,698176
2021-06-16 09:38:12,696.25,698208
2021-06-16 09:38:13,696.45,698230
2021-06-16 09:38:14,696.25,698295
2021-06-16 09:38:15,696.45,698515
2021-06-16 09:38:16,696.45,698565
2021-06-16 09:38:18,696.35,698739
2021-06-16 09:38:19,696.35,698769
2021-06-16 09:38:20,696.35,698779
2021-06-16 09:38:21,696.2,699192
2021-06-16 09:38:22,696.15,699228
2021-06-16 09:38:23,696.15,699229
2021-06-16 09:38:24,696.15,699289
2021-06-16 09:38:25,696.35,699304
2021-06-16 09:38:26,696.35,699634
2021-06-16 09:38:27,696.35,699664
2021-06-16 09:38:28,696.15,700064
2021-06-16 09:38:29,696.15,700064
2021-06-16 09:38:30,696.45,700078
2021-06-16 09:38:31,696.45,700078
2021-06-16 09:38:32,696.15,700251
2021-06-16 09:38:33,696.25,700351
2021-06-16 09:38:34,696.05,703771
2021-06-16 09:38:36,696.2,703802
2021-06-16 09:38:38,696.15,703904
2021-06-16 09:38:39,696.2,703947
2021-06-16 09:38:40,696.2,704026
2021-06-16 09:38:41,696.2,704027
2021-06-16 09:38:42,696.0,704480
2021-06-16 09:38:43,696.0,704518
2021-06-16 09:38:44,696.15,704528
2021-06-16 09:38:45,696.15,704531
2021-06-16 09:38:46,696.15,704552
2021-06-16 09:38:47,696.0,704806
2021-06-16 09:38:48,696.0,704956
2021-06-16 09:38:49,696.2,705041
2021-06-16 09:38:50,696.0,706101
2021-06-16 09:38:51,696.1,709249
2021-06-16 09:38:52,696.1,709261
2021-06-16 09:38:53,696.1,709261
2021-06-16 09:38:54,696.2,709317
2021-06-16 09:38:55,696.2,709380
2021-06-16 09:38:56,696.1,709469
2021-06-16 09:38:57,696.0,709619
2021-06-16 09:38:58,696.2,709723
2021-06-16 09:38:59,696.0,710733
2021-06-16 09:39:00,696.2,710946
2021-06-16 09:39:01,696.15,710996
2021-06-16 09:39:02,696.1,711032
2021-06-16 09:39:03,696.0,711094
2021-06-16 09:39:04,696.0,711143
2021-06-16 09:39:06,695.75,721350
2021-06-16 09:39:07,695.5,721481
2021-06-16 09:39:08,695.5,721521
2021-06-16 09:39:09,695.5,721521
2021-06-16 09:39:10,695.5,722206
2021-06-16 09:39:11,695.5,722206
2021-06-16 09:39:12,695.5,722256
2021-06-16 09:39:13,695.5,722508
2021-06-16 09:39:14,695.5,722608
2021-06-16 09:39:16,695.7,723263
2021-06-16 09:39:17,695.75,723774
2021-06-16 09:39:18,695.75,723902
2021-06-16 09:39:19,695.5,724422
2021-06-16 09:39:20,695.5,724422
2021-06-16 09:39:22,695.7,724846
2021-06-16 09:39:23,695.75,724857
2021-06-16 09:39:24,695.8,725397
2021-06-16 09:39:25,695.8,725397
2021-06-16 09:39:27,695.8,725510
2021-06-16 09:39:26,695.8,725510
2021-06-16 09:39:28,695.6,728143
2021-06-16 09:39:29,695.25,728200
2021-06-16 09:39:30,695.3,728403
2021-06-16 09:39:31,695.25,729065
2021-06-16 09:39:33,695.35,729710
2021-06-16 09:39:34,695.35,729794
2021-06-16 09:39:35,695.35,729794
2021-06-16 09:39:36,695.35,729844
2021-06-16 09:39:37,695.55,730489
2021-06-16 09:39:38,695.25,730590
2021-06-16 09:39:39,695.25,730590
2021-06-16 09:39:40,695.35,730660
2021-06-16 09:39:41,695.3,730906
2021-06-16 09:39:42,695.3,730942
2021-06-16 09:39:43,695.3,731100
2021-06-16 09:39:44,695.25,731300
2021-06-16 09:39:45,695.25,731300
2021-06-16 09:39:46,695.2,731640
2021-06-16 09:39:47,695.2,731765
2021-06-16 09:39:48,695.35,731785
2021-06-16 09:39:49,695.15,731811
2021-06-16 09:39:50,695.2,731830
2021-06-16 09:39:51,695.25,731915
2021-06-16 09:39:52,695.05,732163
2021-06-16 09:39:53,695.15,732388
2021-06-16 09:39:54,695.0,740205
2021-06-16 09:39:55,695.0,740205
2021-06-16 09:39:56,694.65,743934
2021-06-16 09:39:57,695.0,744360
2021-06-16 09:39:58,695.15,745355
2021-06-16 09:39:59,695.1,746436
2021-06-16 09:40:00,695.0,747146
2021-06-16 09:40:01,695.0,747248
2021-06-16 09:40:03,694.75,747572
2021-06-16 09:40:04,694.95,748647
2021-06-16 09:40:04,694.95,748647
2021-06-16 09:40:05,694.9,748687
2021-06-16 09:40:06,694.7,748752
2021-06-16 09:40:07,694.7,748844
2021-06-16 09:40:08,694.75,749013
2021-06-16 09:40:09,694.7,749509
2021-06-16 09:40:10,695.25,750024
2021-06-16 09:40:11,694.8,750065
2021-06-16 09:40:13,694.8,750155
2021-06-16 09:40:13,694.8,750155
2021-06-16 09:40:14,695.0,750194
2021-06-16 09:40:15,695.0,750203
2021-06-16 09:40:17,695.0,750215
2021-06-16 09:40:17,695.0,750215
2021-06-16 09:40:18,694.65,752413
2021-06-16 09:40:19,694.65,752413
2021-06-16 09:40:20,694.6,752703
2021-06-16 09:40:21,694.95,752743
2021-06-16 09:40:22,694.95,752788
2021-06-16 09:40:23,694.8,752940
2021-06-16 09:40:24,694.85,753030
2021-06-16 09:40:25,695.05,754961
2021-06-16 09:40:27,695.05,754961
2021-06-16 09:40:27,695.0,755161
2021-06-16 09:40:28,695.0,755386
2021-06-16 09:40:30,695.0,755456
2021-06-16 09:40:30,695.0,755456
2021-06-16 09:40:31,695.0,755462
2021-06-16 09:40:32,695.05,755466
2021-06-16 09:40:33,695.15,755477
2021-06-16 09:40:34,695.05,755527
2021-06-16 09:40:35,695.25,755737
2021-06-16 09:40:36,695.05,755740
2021-06-16 09:40:37,695.05,755762
2021-06-16 09:40:38,695.05,755762
2021-06-16 09:40:39,695.35,755785
2021-06-16 09:40:40,695.35,755785
2021-06-16 09:40:41,695.2,755846
2021-06-16 09:40:42,695.1,755893
2021-06-16 09:40:44,695.15,755934
2021-06-16 09:40:46,695.35,755973
2021-06-16 09:40:47,695.3,756163
2021-06-16 09:40:48,695.35,756914
2021-06-16 09:40:49,695.35,757265
2021-06-16 09:40:50,695.15,757533
2021-06-16 09:40:51,695.15,757533
2021-06-16 09:40:52,695.45,757793
2021-06-16 09:40:53,695.35,757794
2021-06-16 09:40:54,695.3,757814
2021-06-16 09:40:55,695.3,757846
2021-06-16 09:40:56,695.45,757961
2021-06-16 09:40:58,695.35,758021
2021-06-16 09:40:59,695.45,758049
2021-06-16 09:40:59,695.35,758079
2021-06-16 09:41:00,695.35,758642
2021-06-16 09:41:01,695.6,758842
2021-06-16 09:41:02,695.3,758888
2021-06-16 09:41:03,695.3,758888
2021-06-16 09:41:05,695.3,759423
2021-06-16 09:41:06,695.25,759476
2021-06-16 09:41:09,695.25,759626
2021-06-16 09:41:10,695.25,759656
2021-06-16 09:41:11,695.2,759686
2021-06-16 09:41:12,695.3,760002
2021-06-16 09:41:12,695.3,760002
2021-06-16 09:41:13,695.15,760082
2021-06-16 09:41:14,695.3,760120
2021-06-16 09:41:15,695.3,760120
2021-06-16 09:41:16,695.15,760370
2021-06-16 09:41:19,695.1,761065
2021-06-16 09:41:20,695.1,761240
2021-06-16 09:41:21,695.05,761390
2021-06-16 09:41:22,695.25,761448
2021-06-16 09:41:23,695.05,761458
2021-06-16 09:41:24,695.05,761458
2021-06-16 09:41:25,695.05,761458
2021-06-16 09:41:26,695.0,761568
2021-06-16 09:41:27,695.05,761571
2021-06-16 09:41:28,695.0,761621
2021-06-16 09:41:29,695.05,761706
2021-06-16 09:41:30,695.25,761716
2021-06-16 09:41:31,695.25,761716
2021-06-16 09:41:32,695.05,761755
2021-06-16 09:41:33,695.05,761755
2021-06-16 09:41:34,695.15,761785
2021-06-16 09:41:35,695.25,761884
2021-06-16 09:41:37,695.4,762219
2021-06-16 09:41:36,695.25,762154
2021-06-16 09:41:38,695.25,762262
2021-06-16 09:41:39,695.2,762263
2021-06-16 09:41:40,695.4,762363
2021-06-16 09:41:41,695.4,762401
2021-06-16 09:41:42,695.05,763581
2021-06-16 09:41:43,695.05,763581
2021-06-16 09:41:45,695.05,763581
2021-06-16 09:41:46,695.05,763681
2021-06-16 09:41:47,695.05,763681
2021-06-16 09:41:47,695.3,763731
2021-06-16 09:41:48,695.3,763731
2021-06-16 09:41:49,695.05,763836
2021-06-16 09:41:50,695.15,763897
2021-06-16 09:41:51,695.05,763922
2021-06-16 09:41:52,695.05,763932
2021-06-16 09:41:53,695.05,764071
2021-06-16 09:41:54,695.2,764271
2021-06-16 09:41:55,695.2,764571
2021-06-16 09:41:56,695.2,764571
2021-06-16 09:41:58,695.5,769193
2021-06-16 09:41:59,695.5,769193
2021-06-16 09:42:00,695.45,769277
2021-06-16 09:42:01,695.8,769301
2021-06-16 09:42:02,695.45,769401
2021-06-16 09:42:03,695.65,769411
2021-06-16 09:42:05,695.75,769467
2021-06-16 09:42:06,695.75,769467
2021-06-16 09:42:07,695.75,769563
2021-06-16 09:42:07,695.8,770063
2021-06-16 09:42:08,695.8,770063
2021-06-16 09:42:09,695.8,770063
2021-06-16 09:42:10,695.65,770131
2021-06-16 09:42:11,695.65,770131
2021-06-16 09:42:12,695.65,770231
2021-06-16 09:42:13,695.65,770231
2021-06-16 09:42:15,695.5,770631
2021-06-16 09:42:15,695.8,770831
2021-06-16 09:42:16,695.8,770831
2021-06-16 09:42:17,695.5,770931
2021-06-16 09:42:19,695.65,770949
2021-06-16 09:42:20,695.6,771049
2021-06-16 09:42:21,695.65,771389
2021-06-16 09:42:22,695.65,771475
2021-06-16 09:42:23,695.65,771612
2021-06-16 09:42:24,695.65,771612
2021-06-16 09:42:25,695.6,771614
2021-06-16 09:42:27,695.8,772475
2021-06-16 09:42:27,695.45,772007
2021-06-16 09:42:28,695.75,772914
2021-06-16 09:42:29,695.8,773164
2021-06-16 09:42:30,695.8,773203
2021-06-16 09:42:31,695.6,773227
2021-06-16 09:42:32,695.65,773327
2021-06-16 09:42:33,695.65,773418
2021-06-16 09:42:35,695.6,773434
2021-06-16 09:42:36,695.65,773484
2021-06-16 09:42:37,695.65,773584
2021-06-16 09:42:37,695.65,773608
2021-06-16 09:42:38,695.65,773661
2021-06-16 09:42:40,695.6,773671
2021-06-16 09:42:40,695.6,773671
2021-06-16 09:42:41,695.65,773921
2021-06-16 09:42:42,695.6,774009
2021-06-16 09:42:44,695.6,774141
2021-06-16 09:42:45,695.6,774142
2021-06-16 09:42:46,695.6,774278
2021-06-16 09:42:47,695.55,774378
2021-06-16 09:42:48,695.55,774378
2021-06-16 09:42:49,695.75,774628
2021-06-16 09:42:50,695.6,774678
2021-06-16 09:42:51,695.6,774707
2021-06-16 09:42:52,695.75,774880
2021-06-16 09:42:53,695.55,774931
2021-06-16 09:42:55,695.5,775383
2021-06-16 09:42:56,695.25,775930
2021-06-16 09:42:57,695.25,775998
2021-06-16 09:42:58,695.2,776231
2021-06-16 09:42:59,695.1,776773
2021-06-16 09:43:00,695.05,777922
2021-06-16 09:43:02,695.0,781119
2021-06-16 09:43:03,694.85,781205
2021-06-16 09:43:04,695.1,781573
2021-06-16 09:43:05,694.85,781642
2021-06-16 09:43:05,695.25,782058
2021-06-16 09:43:06,695.0,782087
2021-06-16 09:43:07,694.7,782609
2021-06-16 09:43:08,694.75,782638
2021-06-16 09:43:09,694.7,782690
2021-06-16 09:43:10,694.85,782781
2021-06-16 09:43:13,694.85,784096
2021-06-16 09:43:14,694.85,784130
2021-06-16 09:43:16,694.9,784168
2021-06-16 09:43:16,694.9,784238
2021-06-16 09:43:17,694.9,784308
2021-06-16 09:43:18,694.85,784508
2021-06-16 09:43:21,694.85,784536
2021-06-16 09:43:22,694.8,784614
2021-06-16 09:43:23,694.7,784734
2021-06-16 09:43:24,694.7,784794
2021-06-16 09:43:25,695.0,785135
2021-06-16 09:43:26,695.25,785157
2021-06-16 09:43:27,695.25,786175
2021-06-16 09:43:28,695.05,786307
2021-06-16 09:43:29,695.0,786416
2021-06-16 09:43:30,695.0,786416
2021-06-16 09:43:31,695.0,786416
2021-06-16 09:43:32,695.4,786418
2021-06-16 09:43:33,695.4,786548
2021-06-16 09:43:34,695.35,786634
2021-06-16 09:43:35,695.4,786911
2021-06-16 09:43:36,695.15,787440
2021-06-16 09:43:37,695.4,787527
2021-06-16 09:43:38,695.45,787553
2021-06-16 09:43:40,695.45,787606
2021-06-16 09:43:41,695.45,787667
2021-06-16 09:43:41,695.45,787718
2021-06-16 09:43:42,695.45,787805
2021-06-16 09:43:43,695.05,788096
2021-06-16 09:43:45,695.35,788181
2021-06-16 09:43:46,695.2,788231
2021-06-16 09:43:47,695.05,788279
2021-06-16 09:43:47,695.0,788256
2021-06-16 09:43:48,695.15,788325
2021-06-16 09:43:50,695.15,788863
2021-06-16 09:43:51,695.15,788884
2021-06-16 09:43:52,695.15,788982
2021-06-16 09:43:53,694.95,790036
2021-06-16 09:43:54,694.9,790088
2021-06-16 09:43:55,695.05,790089
2021-06-16 09:43:55,695.05,790089
2021-06-16 09:43:56,694.85,790191
2021-06-16 09:43:57,694.85,790391
2021-06-16 09:43:58,695.2,790454
2021-06-16 09:43:59,695.0,790461
2021-06-16 09:44:00,695.0,790463
2021-06-16 09:44:01,695.15,790624
2021-06-16 09:44:02,694.8,790879
2021-06-16 09:44:03,694.65,790884
2021-06-16 09:44:04,694.8,790886
2021-06-16 09:44:06,694.65,791023
2021-06-16 09:44:05,694.8,790923
2021-06-16 09:44:07,694.65,791025
2021-06-16 09:44:08,694.85,791477
2021-06-16 09:44:09,694.6,791527
2021-06-16 09:44:10,694.75,791538
2021-06-16 09:44:11,694.5,791836
2021-06-16 09:44:12,694.9,792021
2021-06-16 09:44:13,694.5,792719
2021-06-16 09:44:14,694.85,792720
2021-06-16 09:44:15,694.85,792970
2021-06-16 09:44:16,694.7,793013
2021-06-16 09:44:17,694.6,793052
2021-06-16 09:44:18,694.8,793076
2021-06-16 09:44:19,694.5,793198
2021-06-16 09:44:21,694.55,796578
2021-06-16 09:44:23,694.35,796694
2021-06-16 09:44:24,694.35,796896
2021-06-16 09:44:25,694.35,796896
2021-06-16 09:44:26,694.35,797299
2021-06-16 09:44:29,694.3,797433
2021-06-16 09:44:30,694.5,797465
2021-06-16 09:44:31,694.45,797477
2021-06-16 09:44:32,694.35,797781
2021-06-16 09:44:33,694.25,798069
2021-06-16 09:44:33,694.25,798069
2021-06-16 09:44:34,694.2,798892
2021-06-16 09:44:35,694.2,799043
2021-06-16 09:44:36,694.25,799594
2021-06-16 09:44:37,694.25,799594
2021-06-16 09:44:38,694.05,799644
2021-06-16 09:44:39,694.05,799659
2021-06-16 09:44:40,694.05,799719
2021-06-16 09:44:41,693.5,811043
2021-06-16 09:44:42,693.25,812424
2021-06-16 09:44:43,693.25,813527
2021-06-16 09:44:45,693.2,813668
2021-06-16 09:44:46,693.45,814648
2021-06-16 09:44:47,693.5,814823
2021-06-16 09:44:48,693.1,814960
2021-06-16 09:44:49,693.1,816354
2021-06-16 09:44:50,693.2,816639
2021-06-16 09:44:51,693.05,816888
2021-06-16 09:44:51,693.05,816894
2021-06-16 09:44:52,693.5,817044
2021-06-16 09:44:53,693.5,817453
2021-06-16 09:44:54,693.5,817453
2021-06-16 09:44:55,693.5,817569
2021-06-16 09:44:56,693.5,817569
2021-06-16 09:44:57,693.5,817930
2021-06-16 09:44:59,693.45,818348
2021-06-16 09:45:00,693.45,818348
2021-06-16 09:45:01,693.45,818463
2021-06-16 09:45:02,693.45,818568
2021-06-16 09:45:03,693.45,818869
2021-06-16 09:45:04,693.2,818989
2021-06-16 09:45:05,693.4,819029
2021-06-16 09:45:06,693.2,819130
2021-06-16 09:45:07,693.2,819230
2021-06-16 09:45:07,693.2,819230
2021-06-16 09:45:08,693.2,819530
2021-06-16 09:45:10,693.4,819945
2021-06-16 09:45:11,692.95,827981
2021-06-16 09:45:12,692.85,830960
2021-06-16 09:45:13,692.9,832615
2021-06-16 09:45:14,693.25,832630
2021-06-16 09:45:14,692.9,832678
2021-06-16 09:45:15,693.2,834797
2021-06-16 09:45:16,693.2,834994
2021-06-16 09:45:18,693.45,835514
2021-06-16 09:45:19,693.1,837734
2021-06-16 09:45:20,693.1,838013
2021-06-16 09:45:21,693.3,838168
2021-06-16 09:45:22,693.15,838230
2021-06-16 09:45:23,693.05,838587
2021-06-16 09:45:24,693.4,838709
2021-06-16 09:45:25,693.4,838864
2021-06-16 09:45:26,693.4,838924
2021-06-16 09:45:27,693.1,838986
2021-06-16 09:45:28,693.1,839086
2021-06-16 09:45:29,693.1,839106
2021-06-16 09:45:30,693.35,839111
2021-06-16 09:45:31,693.45,847177
2021-06-16 09:45:33,693.9,847418
2021-06-16 09:45:34,693.45,847570
2021-06-16 09:45:35,694.0,849573
2021-06-16 09:45:36,694.25,849578
2021-06-16 09:45:37,694.5,851779
2021-06-16 09:45:37,694.5,852070
2021-06-16 09:45:38,694.6,852350
2021-06-16 09:45:39,694.95,852352
2021-06-16 09:45:41,695.0,852615
2021-06-16 09:45:43,695.0,853281
2021-06-16 09:45:44,695.0,853628
2021-06-16 09:45:45,694.95,854077
2021-06-16 09:45:45,695.0,854092
2021-06-16 09:45:46,695.0,854547
2021-06-16 09:45:47,694.95,854802
2021-06-16 09:45:48,694.9,854868
2021-06-16 09:45:50,694.8,855987
2021-06-16 09:45:51,694.8,856028
2021-06-16 09:45:52,694.8,856321
2021-06-16 09:45:53,694.6,856407
2021-06-16 09:45:54,694.8,856418
2021-06-16 09:45:54,694.65,856421
2021-06-16 09:45:55,694.8,856441
2021-06-16 09:45:56,694.7,856894
2021-06-16 09:45:57,694.55,857947
2021-06-16 09:46:01,694.55,860736
2021-06-16 09:46:03,694.6,861068
2021-06-16 09:46:05,694.1,861555
2021-06-16 09:46:06,694.1,861555
2021-06-16 09:46:08,694.6,861888
2021-06-16 09:46:10,694.1,862448
2021-06-16 09:46:11,694.4,862449
2021-06-16 09:46:12,694.25,865903
2021-06-16 09:46:13,694.35,866078
2021-06-16 09:46:14,694.4,866180
2021-06-16 09:46:15,694.1,867065
2021-06-16 09:46:16,694.1,867157
2021-06-16 09:46:17,694.3,867227
2021-06-16 09:46:17,694.2,867959
2021-06-16 09:46:18,694.25,867961
2021-06-16 09:46:19,694.25,867963
2021-06-16 09:46:20,694.0,868796
2021-06-16 09:46:21,694.0,869058
2021-06-16 09:46:22,694.0,869356
2021-06-16 09:46:23,693.9,869497
2021-06-16 09:46:25,693.8,869658
2021-06-16 09:46:26,693.85,870149
2021-06-16 09:46:28,693.75,870343
2021-06-16 09:46:29,693.5,870439
2021-06-16 09:46:29,693.5,870439
2021-06-16 09:46:30,693.3,870515
2021-06-16 09:46:31,693.65,870743
2021-06-16 09:46:33,693.45,871095
2021-06-16 09:46:34,693.25,871298
2021-06-16 09:46:35,693.25,871395
2021-06-16 09:46:38,693.0,876434
2021-06-16 09:46:39,692.75,876929
2021-06-16 09:46:40,693.0,876940
2021-06-16 09:46:41,692.9,877058
2021-06-16 09:46:42,692.8,877346
2021-06-16 09:46:44,693.0,877535
2021-06-16 09:46:45,692.9,877646
2021-06-16 09:46:46,693.7,888217
2021-06-16 09:46:47,693.2,889442
2021-06-16 09:46:51,693.7,891086
2021-06-16 09:46:51,693.2,891811
2021-06-16 09:46:53,693.3,891847
2021-06-16 09:46:54,693.1,892037
2021-06-16 09:46:55,693.4,892142
2021-06-16 09:46:56,693.4,892388
2021-06-16 09:46:57,693.0,893998
2021-06-16 09:46:58,693.35,894180
2021-06-16 09:46:59,693.3,895037
2021-06-16 09:47:00,693.3,895047
2021-06-16 09:47:01,693.0,896960
2021-06-16 09:47:01,693.0,897080
2021-06-16 09:47:03,693.0,897157
2021-06-16 09:47:04,693.0,897228
2021-06-16 09:47:05,692.75,897628
2021-06-16 09:47:06,692.8,897779
2021-06-16 09:47:07,693.0,898896
2021-06-16 09:47:08,693.2,898962
2021-06-16 09:47:11,693.1,900149
2021-06-16 09:47:13,692.85,900190
2021-06-16 09:47:13,692.8,900252
2021-06-16 09:47:14,693.0,900987
2021-06-16 09:47:16,692.95,901205
2021-06-16 09:47:17,692.95,901205
2021-06-16 09:47:18,692.9,901327
2021-06-16 09:47:19,692.95,901337
2021-06-16 09:47:20,693.0,901605
2021-06-16 09:47:21,692.95,901606
2021-06-16 09:47:22,692.95,902444
2021-06-16 09:47:23,693.1,902620
2021-06-16 09:47:24,693.1,902711
2021-06-16 09:47:24,693.1,902711
2021-06-16 09:47:26,693.05,903110
2021-06-16 09:47:28,693.05,903608
2021-06-16 09:47:29,693.1,903802
2021-06-16 09:47:30,693.0,904988
2021-06-16 09:47:31,693.4,906041
2021-06-16 09:47:32,693.0,906384
2021-06-16 09:47:33,693.0,906384
2021-06-16 09:47:34,693.2,906395
2021-06-16 09:47:34,693.0,906491
2021-06-16 09:47:35,693.1,906841
2021-06-16 09:47:38,693.4,906939
2021-06-16 09:47:39,693.4,907064
2021-06-16 09:47:40,693.35,907214
2021-06-16 09:47:41,693.35,907214
2021-06-16 09:47:42,693.1,907283
2021-06-16 09:47:43,693.1,907428
2021-06-16 09:47:44,693.0,907613
2021-06-16 09:47:45,693.1,908223
2021-06-16 09:47:46,693.1,908323
2021-06-16 09:47:47,693.2,908524
2021-06-16 09:47:49,693.0,908600
2021-06-16 09:47:50,692.9,909636
2021-06-16 09:47:51,693.0,909977
2021-06-16 09:47:52,693.0,909987
2021-06-16 09:47:53,693.0,909987
2021-06-16 09:47:55,693.0,910546
2021-06-16 09:47:56,692.8,910721
2021-06-16 09:47:58,692.8,911470
2021-06-16 09:47:58,692.95,911490
2021-06-16 09:47:59,692.95,911616
2021-06-16 09:48:01,692.95,911917
2021-06-16 09:48:02,693.0,913417
2021-06-16 09:48:03,693.0,913509
2021-06-16 09:48:05,692.9,914668
2021-06-16 09:48:06,692.75,914781
2021-06-16 09:48:07,692.75,914781
2021-06-16 09:48:08,692.8,914817
2021-06-16 09:48:09,692.8,914869
2021-06-16 09:48:10,692.75,915152
2021-06-16 09:48:10,692.8,915182
2021-06-16 09:48:11,692.8,915382
2021-06-16 09:48:12,692.8,915595
2021-06-16 09:48:13,692.7,915648
2021-06-16 09:48:14,692.7,915728
2021-06-16 09:48:15,692.7,915798
2021-06-16 09:48:17,692.75,915808
2021-06-16 09:48:18,692.6,916528
2021-06-16 09:48:19,692.7,917157
2021-06-16 09:48:19,692.7,917182
2021-06-16 09:48:21,692.65,918276
2021-06-16 09:48:22,692.7,918306
2021-06-16 09:48:23,692.5,918392
2021-06-16 09:48:24,692.5,918394
2021-06-16 09:48:25,692.5,918394
2021-06-16 09:48:26,692.6,925008
2021-06-16 09:48:27,692.55,925710
2021-06-16 09:48:28,692.5,925810
2021-06-16 09:48:29,692.5,925940
2021-06-16 09:48:30,692.5,926480
2021-06-16 09:48:31,692.5,926660
2021-06-16 09:48:32,692.6,926813
2021-06-16 09:48:33,692.6,926813
2021-06-16 09:48:34,692.5,927563
2021-06-16 09:48:35,692.4,928221
2021-06-16 09:48:36,692.35,928480
2021-06-16 09:48:37,692.5,928486
2021-06-16 09:48:39,692.5,928531
2021-06-16 09:48:38,692.5,928531
2021-06-16 09:48:40,692.5,928562
2021-06-16 09:48:41,692.5,928762
2021-06-16 09:48:42,692.35,928880
2021-06-16 09:48:43,692.35,928880
2021-06-16 09:48:44,692.35,928888
2021-06-16 09:48:45,692.35,928888
2021-06-16 09:48:48,692.4,929199
2021-06-16 09:48:47,692.35,929169
2021-06-16 09:48:49,692.4,929336
2021-06-16 09:48:50,692.25,930162
2021-06-16 09:48:51,692.35,930265
2021-06-16 09:48:52,692.0,932978
2021-06-16 09:48:53,692.0,933520
2021-06-16 09:48:54,692.35,933618
2021-06-16 09:48:55,692.0,934210
2021-06-16 09:48:56,692.05,934386
2021-06-16 09:48:58,692.0,934886
2021-06-16 09:48:57,692.3,934786
2021-06-16 09:48:59,692.0,935230
2021-06-16 09:49:00,692.15,935451
2021-06-16 09:49:02,692.15,936422
2021-06-16 09:49:03,692.1,937078
2021-06-16 09:49:04,692.0,937719
2021-06-16 09:49:06,692.25,938092
2021-06-16 09:49:08,692.25,938581
2021-06-16 09:49:09,691.8,939197
2021-06-16 09:49:10,692.0,939439
2021-06-16 09:49:12,691.95,940797
2021-06-16 09:49:13,692.0,941853
2021-06-16 09:49:14,692.25,941890
2021-06-16 09:49:15,691.8,942070
2021-06-16 09:49:16,691.85,942506
2021-06-16 09:49:17,691.8,942881
2021-06-16 09:49:18,691.8,943067
2021-06-16 09:49:19,692.2,943182
2021-06-16 09:49:20,692.0,943322
2021-06-16 09:49:21,692.0,943322
2021-06-16 09:49:23,692.0,944462
2021-06-16 09:49:22,692.0,943916
2021-06-16 09:49:24,692.25,944562
2021-06-16 09:49:25,692.15,944567
2021-06-16 09:49:26,691.75,946966
2021-06-16 09:49:27,692.2,947058
2021-06-16 09:49:28,691.85,947117
2021-06-16 09:49:29,692.0,947369
2021-06-16 09:49:30,692.45,949202
2021-06-16 09:49:31,692.65,949238
2021-06-16 09:49:32,692.3,949483
2021-06-16 09:49:33,692.65,949571
2021-06-16 09:49:34,692.35,949621
2021-06-16 09:49:35,692.6,949738
2021-06-16 09:49:36,692.65,949754
2021-06-16 09:49:37,692.6,949774
2021-06-16 09:49:38,692.6,949836
2021-06-16 09:49:39,692.55,949976
2021-06-16 09:49:40,692.65,950005
2021-06-16 09:49:42,692.35,950127
2021-06-16 09:49:43,692.6,950338
2021-06-16 09:49:44,692.05,952338
2021-06-16 09:49:47,692.4,952432
2021-06-16 09:49:48,692.4,952432
2021-06-16 09:49:49,692.35,952437
2021-06-16 09:49:50,692.1,952650
2021-06-16 09:49:51,692.35,952765
2021-06-16 09:49:52,692.35,952769
2021-06-16 09:49:53,692.35,952964
2021-06-16 09:49:54,692.1,953148
2021-06-16 09:49:56,692.35,953367
2021-06-16 09:49:59,692.1,953617
2021-06-16 09:50:00,692.35,953682
2021-06-16 09:50:01,692.35,953702
2021-06-16 09:50:02,692.35,953739
2021-06-16 09:50:03,692.35,953739
2021-06-16 09:50:04,692.5,953819
2021-06-16 09:50:05,692.5,954197
2021-06-16 09:50:06,692.4,954426
2021-06-16 09:50:07,692.4,954426
2021-06-16 09:50:08,692.1,955356
2021-06-16 09:50:09,692.1,955356
2021-06-16 09:50:10,692.15,955599
2021-06-16 09:50:11,692.55,956833
2021-06-16 09:50:12,692.45,956878
2021-06-16 09:50:13,692.5,956953
2021-06-16 09:50:14,692.5,956953
2021-06-16 09:50:15,692.5,956960
2021-06-16 09:50:16,692.55,957002
2021-06-16 09:50:17,692.9,957017
2021-06-16 09:50:18,692.9,957069
2021-06-16 09:50:19,692.65,957141
2021-06-16 09:50:20,692.65,957141
2021-06-16 09:50:21,692.95,957151
2021-06-16 09:50:22,692.65,957187
2021-06-16 09:50:23,692.95,957226
2021-06-16 09:50:24,692.95,957226
2021-06-16 09:50:25,692.95,957284
2021-06-16 09:50:26,692.95,957284
2021-06-16 09:50:27,692.95,957294
2021-06-16 09:50:28,692.95,957294
2021-06-16 09:50:30,692.7,958155
2021-06-16 09:50:31,692.8,958205
2021-06-16 09:50:32,693.2,959847
2021-06-16 09:50:33,692.95,959897
2021-06-16 09:50:34,692.95,959993
2021-06-16 09:50:35,692.95,960089
2021-06-16 09:50:36,693.2,960339
2021-06-16 09:50:37,693.2,960349
2021-06-16 09:50:38,692.95,960449
2021-06-16 09:50:39,693.15,960501
2021-06-16 09:50:41,693.15,960525
2021-06-16 09:50:41,693.15,960525
2021-06-16 09:50:42,693.2,960526
2021-06-16 09:50:43,693.1,960635
2021-06-16 09:50:44,693.1,960635
2021-06-16 09:50:45,693.1,960643
2021-06-16 09:50:46,693.1,960755
2021-06-16 09:50:47,693.15,960804
2021-06-16 09:50:48,693.1,960949
2021-06-16 09:50:49,693.1,960999
2021-06-16 09:50:50,692.85,962244
2021-06-16 09:50:51,693.1,962405
2021-06-16 09:50:52,692.8,962455
2021-06-16 09:50:54,693.15,962538
2021-06-16 09:50:55,693.15,962538
2021-06-16 09:50:56,693.15,962538
2021-06-16 09:50:57,693.15,962538
2021-06-16 09:50:58,692.75,962812
2021-06-16 09:50:59,693.15,962904
2021-06-16 09:51:00,693.15,962904
2021-06-16 09:51:01,693.1,962905
2021-06-16 09:51:02,692.85,963021
2021-06-16 09:51:03,693.05,963036
2021-06-16 09:51:04,693.0,963086
2021-06-16 09:51:05,693.15,963161
2021-06-16 09:51:06,693.15,963163
2021-06-16 09:51:07,693.0,963173
2021-06-16 09:51:09,693.0,963173
2021-06-16 09:51:09,693.0,963173
2021-06-16 09:51:11,693.2,963183
2021-06-16 09:51:12,693.2,963183
2021-06-16 09:51:13,693.15,963278
2021-06-16 09:51:14,693.15,963278
2021-06-16 09:51:15,693.15,963278
2021-06-16 09:51:16,693.2,963337
2021-06-16 09:51:17,693.15,963358
2021-06-16 09:51:18,693.2,963383
2021-06-16 09:51:19,693.15,963744
2021-06-16 09:51:20,693.2,963759
2021-06-16 09:51:21,693.2,963759
2021-06-16 09:51:22,693.2,964220
2021-06-16 09:51:23,693.1,964365
2021-06-16 09:51:25,693.0,964379
2021-06-16 09:51:26,693.0,964379
2021-06-16 09:51:27,693.6,967115
2021-06-16 09:51:28,693.25,967148
2021-06-16 09:51:29,693.25,967154
2021-06-16 09:51:30,693.45,967213
2021-06-16 09:51:31,693.45,967213
2021-06-16 09:51:33,693.45,967213
2021-06-16 09:51:33,693.45,967213
2021-06-16 09:51:34,693.55,967253
2021-06-16 09:51:35,693.3,967382
2021-06-16 09:51:36,693.6,967607
2021-06-16 09:51:37,693.7,968065
2021-06-16 09:51:38,693.45,969227
2021-06-16 09:51:39,693.3,969522
2021-06-16 09:51:41,693.25,969534
2021-06-16 09:51:42,693.15,969642
2021-06-16 09:51:43,693.2,969666
2021-06-16 09:51:45,693.2,969904
2021-06-16 09:51:45,693.2,969904
2021-06-16 09:51:46,693.05,970005
2021-06-16 09:51:47,693.05,970347
2021-06-16 09:51:48,693.4,970349
2021-06-16 09:51:49,693.4,970350
2021-06-16 09:51:50,693.1,970518
2021-06-16 09:51:51,693.25,970520
2021-06-16 09:51:52,693.0,970982
2021-06-16 09:51:54,693.1,971103
2021-06-16 09:51:54,693.4,971110
2021-06-16 09:51:55,693.4,971130
2021-06-16 09:51:56,693.4,971130
2021-06-16 09:51:57,693.4,971149
2021-06-16 09:51:58,693.4,971153
2021-06-16 09:51:59,693.4,971158
2021-06-16 09:52:02,693.4,971319
2021-06-16 09:52:03,693.4,971380
2021-06-16 09:52:03,693.4,971460
2021-06-16 09:52:04,693.25,971488
2021-06-16 09:52:05,693.4,971543
2021-06-16 09:52:07,693.4,971543
2021-06-16 09:52:08,693.35,971567
2021-06-16 09:52:08,693.35,971574
2021-06-16 09:52:10,693.4,971600
2021-06-16 09:52:11,693.35,971620
2021-06-16 09:52:12,693.4,971644
2021-06-16 09:52:13,693.35,971717
2021-06-16 09:52:14,693.35,971920
2021-06-16 09:52:15,693.4,972091
2021-06-16 09:52:16,693.4,972174
2021-06-16 09:52:17,693.35,972195
2021-06-16 09:52:18,693.4,972332
2021-06-16 09:52:19,693.35,972351
2021-06-16 09:52:21,692.65,977523
2021-06-16 09:52:22,692.1,978238
2021-06-16 09:52:22,692.15,978202
2021-06-16 09:52:23,692.55,978459
2021-06-16 09:52:24,692.5,978551
2021-06-16 09:52:25,692.7,979351
2021-06-16 09:52:26,692.55,979367
2021-06-16 09:52:27,692.5,979452
2021-06-16 09:52:28,692.7,979594
2021-06-16 09:52:29,692.45,979614
2021-06-16 09:52:30,692.9,980115
2021-06-16 09:52:31,692.5,980454
2021-06-16 09:52:32,692.7,980579
2021-06-16 09:52:33,692.7,980595
2021-06-16 09:52:34,692.5,980823
2021-06-16 09:52:35,692.6,980825
2021-06-16 09:52:36,692.8,980845
2021-06-16 09:52:37,692.8,980849
2021-06-16 09:52:38,692.8,980849
2021-06-16 09:52:39,692.95,980903
2021-06-16 09:52:40,692.9,980978
2021-06-16 09:52:41,693.3,982888
2021-06-16 09:52:42,693.3,983008
2021-06-16 09:52:43,693.3,983399
2021-06-16 09:52:44,693.25,983401
2021-06-16 09:52:45,693.25,983402
2021-06-16 09:52:46,693.3,983552
2021-06-16 09:52:47,693.1,983622
2021-06-16 09:52:48,693.3,983647
2021-06-16 09:52:50,693.25,983748
2021-06-16 09:52:50,693.25,983748
2021-06-16 09:52:51,693.3,983848
2021-06-16 09:52:52,693.55,984340
2021-06-16 09:52:53,693.35,984390
2021-06-16 09:52:54,693.6,984440
2021-06-16 09:52:55,693.4,984455
2021-06-16 09:52:56,693.65,984469
2021-06-16 09:52:57,693.65,984469
2021-06-16 09:52:58,693.4,984472
2021-06-16 09:52:59,693.65,984487
2021-06-16 09:53:00,693.8,984697
2021-06-16 09:53:01,693.9,985747
2021-06-16 09:53:02,693.65,985787
2021-06-16 09:53:03,693.65,985787
2021-06-16 09:53:04,693.85,985896
2021-06-16 09:53:05,693.85,986093
2021-06-16 09:53:06,693.8,986173
2021-06-16 09:53:07,693.8,986173
2021-06-16 09:53:08,693.6,986289
2021-06-16 09:53:10,693.8,986410
2021-06-16 09:53:12,693.95,986764
2021-06-16 09:53:13,693.8,986935
2021-06-16 09:53:14,693.85,987010
2021-06-16 09:53:15,693.95,987088
2021-06-16 09:53:16,693.95,987088
2021-06-16 09:53:17,693.9,988199
2021-06-16 09:53:18,693.9,988199
2021-06-16 09:53:19,693.9,988209
2021-06-16 09:53:21,693.9,988429
2021-06-16 09:53:23,693.9,988466
2021-06-16 09:53:24,694.0,988619
2021-06-16 09:53:25,694.2,988776
2021-06-16 09:53:26,694.2,988997
2021-06-16 09:53:26,694.2,988997
2021-06-16 09:53:27,694.25,989119
2021-06-16 09:53:28,694.0,989149
2021-06-16 09:53:29,694.25,989174
2021-06-16 09:53:31,694.25,989174
2021-06-16 09:53:32,694.0,989324
2021-06-16 09:53:32,694.0,989324
2021-06-16 09:53:33,694.0,989460
2021-06-16 09:53:34,694.35,989476
2021-06-16 09:53:36,694.25,989486
2021-06-16 09:53:36,694.25,989486
2021-06-16 09:53:37,694.05,989491
2021-06-16 09:53:38,694.25,989591
2021-06-16 09:53:39,694.25,989791
2021-06-16 09:53:40,694.15,990076
2021-06-16 09:53:42,694.15,990245
2021-06-16 09:53:43,694.3,990382
2021-06-16 09:53:44,694.3,990394
2021-06-16 09:53:45,694.3,990404
2021-06-16 09:53:46,694.4,990455
2021-06-16 09:53:47,694.35,990495
2021-06-16 09:53:48,694.35,990495
2021-06-16 09:53:50,694.2,990786
2021-06-16 09:53:50,694.35,990788
2021-06-16 09:53:51,694.1,991817
2021-06-16 09:53:52,694.4,992318
2021-06-16 09:53:53,694.2,992324
2021-06-16 09:53:54,694.2,992379
2021-06-16 09:53:56,694.4,992814
2021-06-16 09:53:57,694.7,993342
2021-06-16 09:53:58,694.4,993357
2021-06-16 09:53:59,694.35,994107
2021-06-16 09:54:00,694.35,994107
2021-06-16 09:54:01,694.35,994107
2021-06-16 09:54:02,694.35,994145
2021-06-16 09:54:03,694.4,994232
2021-06-16 09:54:04,694.4,994232
2021-06-16 09:54:05,694.5,994317
2021-06-16 09:54:06,694.8,994517
2021-06-16 09:54:07,694.5,994520
2021-06-16 09:54:08,694.8,994935
2021-06-16 09:54:10,694.8,994941
2021-06-16 09:54:10,694.75,994944
2021-06-16 09:54:12,694.75,995897
2021-06-16 09:54:13,694.75,995897
2021-06-16 09:54:14,694.55,996400
2021-06-16 09:54:15,694.5,996501
2021-06-16 09:54:16,694.75,996521
2021-06-16 09:54:15,694.5,996501
2021-06-16 09:54:17,694.75,996621
2021-06-16 09:54:19,694.75,997111
2021-06-16 09:54:20,694.75,997137
2021-06-16 09:54:21,694.8,997143
2021-06-16 09:54:22,694.75,997163
2021-06-16 09:54:23,694.75,997268
2021-06-16 09:54:23,694.75,997268
2021-06-16 09:54:24,694.6,997270
2021-06-16 09:54:26,694.75,997470
2021-06-16 09:54:27,694.6,997640
2021-06-16 09:54:28,694.75,997690
2021-06-16 09:54:29,694.7,997965
2021-06-16 09:54:30,694.7,997965
2021-06-16 09:54:31,694.75,997976
2021-06-16 09:54:32,694.7,998170
2021-06-16 09:54:33,694.6,998278
2021-06-16 09:54:34,694.5,998410
2021-06-16 09:54:35,694.6,998510
2021-06-16 09:54:36,694.6,998613
2021-06-16 09:54:37,694.6,998615
2021-06-16 09:54:38,694.6,998615
2021-06-16 09:54:39,694.6,998615
2021-06-16 09:54:40,694.6,999010
2021-06-16 09:54:42,694.4,1001579
2021-06-16 09:54:43,694.4,1002217
2021-06-16 09:54:44,694.0,1002220
2021-06-16 09:54:44,694.4,1002295
2021-06-16 09:54:45,694.4,1002325
2021-06-16 09:54:46,694.4,1002325
2021-06-16 09:54:47,694.1,1002349
2021-06-16 09:54:48,694.35,1002379
2021-06-16 09:54:49,694.4,1002730
2021-06-16 09:54:50,694.1,1002800
2021-06-16 09:54:51,694.0,1002943
2021-06-16 09:54:52,694.0,1003035
2021-06-16 09:54:53,694.0,1003065
2021-06-16 09:54:55,694.0,1003105
2021-06-16 09:54:55,694.0,1003130
2021-06-16 09:54:56,694.25,1003180
2021-06-16 09:54:58,694.35,1003195
2021-06-16 09:54:59,694.35,1003230
2021-06-16 09:55:00,694.35,1003230
2021-06-16 09:55:00,694.5,1005130
2021-06-16 09:55:02,694.5,1005130
2021-06-16 09:55:03,694.1,1005166
2021-06-16 09:55:04,694.1,1005168
2021-06-16 09:55:05,694.1,1005168
2021-06-16 09:55:05,694.5,1005469
2021-06-16 09:55:06,694.5,1005469
2021-06-16 09:55:08,694.45,1005475
2021-06-16 09:55:10,694.5,1005482
2021-06-16 09:55:11,694.5,1005500
2021-06-16 09:55:12,694.5,1005525
2021-06-16 09:55:13,694.5,1005828
2021-06-16 09:55:13,694.5,1005828
2021-06-16 09:55:16,694.5,1005931
2021-06-16 09:55:16,694.5,1005931
2021-06-16 09:55:18,694.4,1005998
2021-06-16 09:55:19,694.4,1005998
2021-06-16 09:55:20,694.5,1006498
2021-06-16 09:55:21,694.45,1006502
2021-06-16 09:55:22,694.65,1008903
2021-06-16 09:55:23,694.85,1009255
2021-06-16 09:55:24,694.55,1009457
2021-06-16 09:55:25,694.85,1009642
2021-06-16 09:55:26,694.85,1009648
2021-06-16 09:55:27,695.0,1010533
2021-06-16 09:55:28,694.7,1010540
2021-06-16 09:55:29,695.0,1010721
2021-06-16 09:55:30,694.85,1010823
2021-06-16 09:55:31,694.85,1010823
2021-06-16 09:55:32,694.85,1010823
2021-06-16 09:55:33,694.95,1011068
2021-06-16 09:55:34,694.85,1011513
2021-06-16 09:55:35,695.0,1012063
2021-06-16 09:55:36,694.85,1012073
2021-06-16 09:55:37,694.85,1012374
2021-06-16 09:55:38,695.0,1012448
2021-06-16 09:55:39,695.0,1012448
2021-06-16 09:55:39,695.0,1012448
2021-06-16 09:55:41,695.0,1012448
2021-06-16 09:55:41,695.0,1012541
2021-06-16 09:55:42,694.75,1012577
2021-06-16 09:55:43,694.8,1012579
2021-06-16 09:55:44,695.0,1012732
2021-06-16 09:55:45,695.0,1012732
2021-06-16 09:55:46,695.0,1021177
2021-06-16 09:55:47,695.4,1021426
2021-06-16 09:55:48,695.3,1021436
2021-06-16 09:55:50,695.35,1021449
2021-06-16 09:55:51,695.5,1022987
2021-06-16 09:55:52,695.5,1023247
2021-06-16 09:55:53,695.55,1023679
2021-06-16 09:55:54,695.55,1023685
2021-06-16 09:55:55,695.6,1023695
2021-06-16 09:55:55,695.6,1023695
2021-06-16 09:55:57,695.6,1023770
2021-06-16 09:55:57,695.65,1024180
2021-06-16 09:55:58,695.35,1024368
2021-06-16 09:55:59,695.65,1026878
2021-06-16 09:56:00,695.6,1026888
2021-06-16 09:56:01,695.7,1026898
2021-06-16 09:56:02,695.8,1028950
2021-06-16 09:56:03,695.8,1028997
2021-06-16 09:56:04,695.5,1029117
2021-06-16 09:56:05,695.8,1029149
2021-06-16 09:56:07,695.8,1029274
2021-06-16 09:56:08,695.8,1029284
2021-06-16 09:56:08,695.8,1029284
2021-06-16 09:56:09,695.7,1029424
2021-06-16 09:56:10,695.8,1029759
2021-06-16 09:56:11,695.75,1029793
2021-06-16 09:56:12,695.75,1029903
2021-06-16 09:56:13,695.5,1030040
2021-06-16 09:56:14,695.5,1030040
2021-06-16 09:56:16,695.75,1030041
2021-06-16 09:56:17,695.75,1030167
2021-06-16 09:56:18,695.75,1030167
2021-06-16 09:56:20,695.5,1030168
2021-06-16 09:56:21,695.5,1030258
2021-06-16 09:56:22,695.5,1030323
2021-06-16 09:56:23,695.7,1030742
2021-06-16 09:56:24,695.7,1031102
2021-06-16 09:56:26,695.7,1032522
2021-06-16 09:56:27,695.7,1032527
2021-06-16 09:56:28,695.7,1032638
2021-06-16 09:56:29,695.65,1032660
2021-06-16 09:56:31,695.65,1032934
2021-06-16 09:56:31,695.6,1032734
2021-06-16 09:56:32,695.65,1033344
2021-06-16 09:56:34,695.5,1033527
2021-06-16 09:56:34,695.7,1033537
2021-06-16 09:56:35,695.5,1033695
2021-06-16 09:56:36,695.5,1033776
2021-06-16 09:56:38,695.5,1033926
2021-06-16 09:56:39,695.5,1033937
2021-06-16 09:56:40,695.5,1033937
2021-06-16 09:56:41,695.5,1033940
2021-06-16 09:56:42,695.35,1034211
2021-06-16 09:56:42,695.35,1034211
2021-06-16 09:56:44,695.35,1034216
2021-06-16 09:56:45,695.45,1034270
2021-06-16 09:56:46,695.35,1034345
2021-06-16 09:56:47,695.2,1034510
2021-06-16 09:56:48,695.45,1034640
2021-06-16 09:56:49,695.2,1034790
2021-06-16 09:56:50,695.2,1034934
2021-06-16 09:56:51,695.2,1035072
2021-06-16 09:56:52,695.2,1035074
2021-06-16 09:56:53,695.35,1035536
2021-06-16 09:56:54,695.05,1035539
2021-06-16 09:56:54,695.05,1035539
2021-06-16 09:56:56,695.35,1035587
2021-06-16 09:56:57,695.2,1035965
2021-06-16 09:56:58,695.25,1035982
2021-06-16 09:57:00,695.25,1035982
2021-06-16 09:57:01,695.3,1035987
2021-06-16 09:57:02,695.25,1036231
2021-06-16 09:57:03,695.2,1036317
2021-06-16 09:57:04,695.2,1036320
2021-06-16 09:57:05,695.0,1036460
2021-06-16 09:57:06,695.0,1036585
2021-06-16 09:57:07,695.0,1036636
2021-06-16 09:57:08,695.0,1036636
2021-06-16 09:57:09,695.0,1036801
2021-06-16 09:57:10,695.3,1036876
2021-06-16 09:57:11,695.2,1036880
2021-06-16 09:57:12,695.2,1037022
2021-06-16 09:57:12,695.2,1037022
2021-06-16 09:57:14,695.1,1037076
2021-06-16 09:57:15,695.1,1037076
2021-06-16 09:57:17,695.2,1037315
2021-06-16 09:57:16,695.1,1037076
2021-06-16 09:57:18,695.3,1037646
2021-06-16 09:57:18,695.0,1037796
2021-06-16 09:57:20,695.25,1037808
2021-06-16 09:57:21,695.05,1037811
2021-06-16 09:57:22,695.05,1037811
2021-06-16 09:57:23,695.0,1037929
2021-06-16 09:57:24,695.0,1037932
2021-06-16 09:57:26,695.2,1038041
2021-06-16 09:57:27,695.25,1038165
2021-06-16 09:57:28,695.2,1038185
2021-06-16 09:57:29,695.2,1038185
2021-06-16 09:57:29,695.2,1038185
2021-06-16 09:57:31,695.2,1038235
2021-06-16 09:57:32,695.2,1038361
2021-06-16 09:57:33,695.25,1038386
2021-06-16 09:57:34,695.2,1038413
2021-06-16 09:57:35,695.2,1038413
2021-06-16 09:57:36,695.25,1038613
2021-06-16 09:57:37,695.25,1038613
2021-06-16 09:57:38,695.25,1038902
2021-06-16 09:57:39,695.25,1038984
2021-06-16 09:57:40,695.3,1039108
2021-06-16 09:57:41,695.25,1039731
2021-06-16 09:57:42,695.3,1039847
2021-06-16 09:57:45,695.3,1039988
2021-06-16 09:57:46,695.3,1040068
2021-06-16 09:57:47,695.35,1040178
2021-06-16 09:57:48,695.3,1040202
2021-06-16 09:57:49,695.3,1040222
2021-06-16 09:57:50,695.4,1040525
2021-06-16 09:57:51,695.25,1040530
2021-06-16 09:57:52,695.4,1040631
2021-06-16 09:57:53,695.4,1040636
2021-06-16 09:57:54,695.4,1040656
2021-06-16 09:57:55,695.3,1040851
2021-06-16 09:57:56,695.3,1041352
2021-06-16 09:57:57,695.5,1041362
2021-06-16 09:57:58,695.3,1041462
2021-06-16 09:57:58,695.5,1041554
2021-06-16 09:57:59,695.5,1041554
2021-06-16 09:58:00,695.5,1041554
2021-06-16 09:58:02,695.5,1041554
2021-06-16 09:58:03,695.3,1041741
2021-06-16 09:58:04,695.3,1041793
2021-06-16 09:58:08,695.3,1042013
2021-06-16 09:58:09,695.3,1042214
2021-06-16 09:58:10,695.3,1042214
2021-06-16 09:58:11,695.5,1042444
2021-06-16 09:58:12,695.3,1042494
2021-06-16 09:58:13,695.35,1042968
2021-06-16 09:58:14,695.45,1043161
2021-06-16 09:58:15,695.35,1043542
2021-06-16 09:58:16,695.4,1043572
2021-06-16 09:58:18,695.4,1043662
2021-06-16 09:58:19,695.4,1043662
2021-06-16 09:58:20,695.5,1043712
2021-06-16 09:58:21,695.45,1043883
2021-06-16 09:58:22,695.4,1044239
2021-06-16 09:58:23,695.4,1044266
2021-06-16 09:58:24,695.45,1044268
2021-06-16 09:58:25,695.5,1044508
2021-06-16 09:58:26,695.5,1044508
2021-06-16 09:58:27,695.5,1044508
2021-06-16 09:58:28,695.4,1044526
2021-06-16 09:58:29,695.45,1044550
2021-06-16 09:58:30,695.4,1044600
2021-06-16 09:58:31,695.4,1044602
2021-06-16 09:58:32,695.45,1044629
2021-06-16 09:58:33,695.4,1044633
2021-06-16 09:58:34,695.4,1044633
2021-06-16 09:58:34,695.4,1044633
2021-06-16 09:58:36,695.4,1044633
2021-06-16 09:58:36,695.4,1044638
2021-06-16 09:58:37,695.5,1044640
2021-06-16 09:58:39,695.45,1044644
2021-06-16 09:58:40,695.45,1044654
2021-06-16 09:58:41,695.45,1044764
2021-06-16 09:58:42,695.45,1044962
2021-06-16 09:58:43,695.45,1045138
2021-06-16 09:58:44,695.5,1045188
2021-06-16 09:58:45,695.5,1045265
2021-06-16 09:58:46,695.5,1045265
2021-06-16 09:58:46,695.5,1045281
2021-06-16 09:58:47,695.5,1045281
2021-06-16 09:58:48,695.5,1045320
2021-06-16 09:58:49,695.4,1045829
2021-06-16 09:58:50,695.5,1046204
2021-06-16 09:58:51,695.35,1046631
2021-06-16 09:58:53,695.35,1046784
2021-06-16 09:58:54,695.35,1046787
2021-06-16 09:58:55,695.5,1046825
2021-06-16 09:58:56,695.5,1047060
2021-06-16 09:58:57,695.4,1047226
2021-06-16 09:58:57,695.45,1047216
2021-06-16 09:58:58,695.35,1047536
2021-06-16 09:59:00,695.35,1047536
2021-06-16 09:59:01,695.35,1047574
2021-06-16 09:59:01,695.35,1047574
2021-06-16 09:59:03,695.35,1047638
2021-06-16 09:59:04,695.35,1047643
2021-06-16 09:59:05,695.35,1047680
2021-06-16 09:59:07,695.2,1049752
2021-06-16 09:59:11,695.3,1051132
2021-06-16 09:59:14,695.05,1051162
2021-06-16 09:59:17,695.05,1051547
2021-06-16 09:59:20,695.3,1051581
2021-06-16 09:59:23,695.0,1054020
2021-06-16 09:59:27,695.05,1054075
2021-06-16 09:59:30,695.25,1054096
2021-06-16 09:59:33,695.0,1054349
2021-06-16 09:59:36,695.05,1054353
2021-06-16 09:59:39,695.0,1055412
2021-06-16 09:59:43,695.0,1055481
2021-06-16 09:59:46,695.2,1055588
2021-06-16 09:59:49,695.15,1055613
2021-06-16 09:59:51,695.1,1055865
2021-06-16 09:59:54,695.15,1056157
2021-06-16 09:59:57,695.05,1056301
2021-06-16 10:00:00,695.2,1056706
2021-06-16 10:00:03,695.05,1056837
2021-06-16 10:00:07,695.2,1057853
2021-06-16 10:00:10,695.05,1057885
2021-06-16 10:00:13,695.0,1058033
2021-06-16 10:00:16,695.05,1058110
2021-06-16 10:00:20,695.1,1058190
2021-06-16 10:00:23,695.0,1058322
2021-06-16 10:00:26,695.05,1058354
2021-06-16 10:00:29,695.2,1059149
2021-06-16 10:00:32,695.3,1060285
2021-06-16 10:00:36,695.3,1060358
2021-06-16 10:00:42,695.0,1060587
2021-06-16 10:00:45,695.3,1060929
2021-06-16 10:00:48,695.15,1061203
2021-06-16 10:00:51,695.15,1062336
2021-06-16 10:00:54,695.15,1062340
2021-06-16 10:00:57,695.15,1062340
2021-06-16 10:00:59,695.3,1062387
2021-06-16 10:01:02,695.3,1062667
2021-06-16 10:01:05,695.3,1062721
2021-06-16 10:01:08,695.3,1062743
2021-06-16 10:01:12,695.25,1062880
2021-06-16 10:01:15,695.25,1062919
2021-06-16 10:01:17,695.25,1063077
2021-06-16 10:01:20,695.3,1063078
2021-06-16 10:01:23,695.3,1063165
2021-06-16 10:01:29,695.25,1063403
2021-06-16 10:01:32,695.25,1063843
2021-06-16 10:01:36,695.3,1063914
2021-06-16 10:01:38,695.45,1063959
2021-06-16 10:01:41,695.45,1064136
2021-06-16 10:01:44,695.25,1064204
2021-06-16 10:01:47,695.3,1064557
2021-06-16 10:01:50,695.3,1065195
2021-06-16 10:01:53,695.2,1065247
2021-06-16 10:01:55,695.3,1065365
2021-06-16 10:01:58,695.25,1065406
2021-06-16 10:02:01,695.25,1065502
2021-06-16 10:02:04,695.25,1066041
2021-06-16 10:02:07,695.15,1066042
2021-06-16 10:02:10,695.35,1066437
2021-06-16 10:02:13,695.05,1066714
2021-06-16 10:02:15,695.1,1066728
2021-06-16 10:02:18,695.25,1066774
2021-06-16 10:02:21,695.3,1066934
2021-06-16 10:02:24,695.1,1067177
2021-06-16 10:02:26,695.3,1067767
2021-06-16 10:02:29,695.25,1067794
2021-06-16 10:02:32,695.25,1067816
2021-06-16 10:02:35,695.3,1067819
2021-06-16 10:02:38,695.35,1067889
2021-06-16 10:02:41,695.5,1068306
2021-06-16 10:02:44,695.45,1068411
2021-06-16 10:02:47,695.45,1068424
2021-06-16 10:02:50,695.45,1068822
2021-06-16 10:02:53,695.45,1068855
2021-06-16 10:02:56,695.5,1068911
2021-06-16 10:02:58,695.5,1068934
2021-06-16 10:03:01,695.45,1069177
2021-06-16 10:03:04,695.45,1069439
2021-06-16 10:03:07,695.45,1069441
2021-06-16 10:03:10,695.4,1069931
2021-06-16 10:03:13,695.4,1070074
2021-06-16 10:03:16,695.4,1070127
2021-06-16 10:03:19,695.45,1070290
2021-06-16 10:03:22,695.35,1070387
2021-06-16 10:03:25,695.4,1070595
2021-06-16 10:03:28,695.35,1070658
2021-06-16 10:03:31,695.5,1070772
2021-06-16 10:03:34,695.5,1070786
2021-06-16 10:03:37,695.5,1070834
2021-06-16 10:03:40,695.5,1070845
2021-06-16 10:03:43,695.5,1071257
2021-06-16 10:03:46,695.5,1071406
2021-06-16 10:03:49,695.45,1071749
2021-06-16 10:03:52,695.45,1072071
2021-06-16 10:03:55,695.4,1072075
2021-06-16 10:03:58,695.35,1073718
2021-06-16 10:04:02,695.25,1073794
2021-06-16 10:04:08,695.0,1075172
2021-06-16 10:04:11,695.0,1075174
2021-06-16 10:04:17,695.05,1075325
2021-06-16 10:04:20,695.05,1075628
2021-06-16 10:04:23,695.0,1076150
2021-06-16 10:04:26,695.25,1077023
2021-06-16 10:04:29,695.0,1077525
2021-06-16 10:04:32,695.0,1078598
2021-06-16 10:04:34,695.0,1079069
2021-06-16 10:04:37,695.0,1079129
2021-06-16 10:04:40,695.0,1079416
2021-06-16 10:04:43,695.0,1079554
2021-06-16 10:04:46,695.0,1079616
2021-06-16 10:04:49,695.0,1079828
2021-06-16 10:04:52,695.0,1080051
2021-06-16 10:04:59,695.1,1080910
2021-06-16 10:05:02,695.15,1080988
2021-06-16 10:05:05,695.1,1081036
2021-06-16 10:05:08,695.0,1083419
2021-06-16 10:05:11,695.05,1083522
2021-06-16 10:05:14,695.05,1083602
2021-06-16 10:05:17,695.15,1083604
2021-06-16 10:05:19,695.0,1084012
2021-06-16 10:05:22,695.0,1084054
2021-06-16 10:05:25,695.0,1084180
2021-06-16 10:05:28,695.15,1084605
2021-06-16 10:05:31,695.15,1084887
2021-06-16 10:05:34,695.2,1084991
2021-06-16 10:05:37,695.15,1085037
2021-06-16 10:05:40,695.1,1085331
2021-06-16 10:05:46,695.0,1085680
2021-06-16 10:05:49,695.05,1085682
2021-06-16 10:05:52,695.1,1085880
2021-06-16 10:05:55,695.0,1086614
2021-06-16 10:05:58,695.0,1086657
2021-06-16 10:06:01,695.0,1087281
2021-06-16 10:06:03,695.0,1087419
2021-06-16 10:06:06,695.0,1087519
2021-06-16 10:06:09,695.15,1087587
2021-06-16 10:06:11,695.0,1087613
2021-06-16 10:06:14,695.0,1087741
2021-06-16 10:06:16,695.1,1088712
2021-06-16 10:06:19,695.05,1088741
2021-06-16 10:06:22,695.05,1088764
2021-06-16 10:06:24,695.0,1089363
2021-06-16 10:06:27,694.8,1095832
2021-06-16 10:06:30,694.5,1098396
2021-06-16 10:06:33,694.4,1098452
2021-06-16 10:06:36,694.65,1098977
2021-06-16 10:06:39,694.75,1100232
2021-06-16 10:06:42,694.25,1100305
2021-06-16 10:06:45,694.35,1100381
2021-06-16 10:06:48,694.2,1100773
2021-06-16 10:06:51,693.8,1102707
2021-06-16 10:06:54,693.5,1104164
2021-06-16 10:07:00,693.65,1104375
2021-06-16 10:07:03,693.65,1106459
2021-06-16 10:07:06,693.7,1106987
2021-06-16 10:07:09,693.5,1107115
2021-06-16 10:07:12,693.5,1108282
2021-06-16 10:07:15,693.55,1110420
2021-06-16 10:07:18,693.9,1114870
2021-06-16 10:07:21,694.2,1115204
2021-06-16 10:07:24,694.2,1116155
2021-06-16 10:07:27,693.95,1116409
2021-06-16 10:07:30,694.25,1116509
2021-06-16 10:07:33,694.25,1116538
2021-06-16 10:07:36,694.0,1116838
2021-06-16 10:07:39,694.2,1117027
2021-06-16 10:07:42,693.9,1117649
2021-06-16 10:07:45,693.65,1118249
2021-06-16 10:07:48,694.0,1118304
2021-06-16 10:07:51,693.7,1118649
2021-06-16 10:07:54,693.5,1119001
2021-06-16 10:07:57,693.75,1119087
2021-06-16 10:08:00,693.7,1119096
2021-06-16 10:08:03,693.75,1119228
2021-06-16 10:08:06,693.85,1119281
2021-06-16 10:08:09,693.65,1119325
2021-06-16 10:08:11,693.8,1119410
2021-06-16 10:08:14,693.9,1119662
2021-06-16 10:08:17,693.9,1119899
2021-06-16 10:08:20,693.9,1119924
2021-06-16 10:08:23,694.0,1120778
2021-06-16 10:08:26,694.15,1120995
2021-06-16 10:08:31,694.0,1121147
2021-06-16 10:08:34,693.95,1121223
2021-06-16 10:08:37,694.0,1121234
2021-06-16 10:08:40,693.95,1121273
2021-06-16 10:08:44,693.95,1122066
2021-06-16 10:08:47,693.9,1122266
2021-06-16 10:08:49,693.9,1122779
2021-06-16 10:08:53,693.95,1122865
2021-06-16 10:08:55,693.9,1122995
2021-06-16 10:08:58,693.9,1123871
2021-06-16 10:09:01,693.95,1123981
2021-06-16 10:09:04,694.0,1124019
2021-06-16 10:09:06,694.0,1124021
2021-06-16 10:09:07,693.95,1124060
2021-06-16 10:09:08,693.95,1124060
2021-06-16 10:09:09,693.95,1124060
2021-06-16 10:09:10,693.95,1124061
2021-06-16 10:09:11,693.9,1124066
2021-06-16 10:09:12,693.95,1124186
2021-06-16 10:09:13,693.95,1124186
2021-06-16 10:09:14,693.9,1124421
2021-06-16 10:09:14,693.9,1124421
2021-06-16 10:09:15,693.9,1124426
2021-06-16 10:09:16,693.8,1124486
2021-06-16 10:09:17,693.65,1126236
2021-06-16 10:09:18,693.65,1126271
2021-06-16 10:09:20,693.65,1126275
2021-06-16 10:09:21,693.65,1126349
2021-06-16 10:09:22,693.6,1126490
2021-06-16 10:09:23,693.5,1126528
2021-06-16 10:09:24,693.6,1126542
2021-06-16 10:09:25,693.5,1126746
2021-06-16 10:09:26,693.5,1128497
2021-06-16 10:09:27,693.5,1129488
2021-06-16 10:09:28,693.5,1129488
2021-06-16 10:09:29,693.6,1129516
2021-06-16 10:09:30,693.6,1129639
2021-06-16 10:09:30,693.6,1129639
2021-06-16 10:09:31,693.6,1129681
2021-06-16 10:09:32,693.6,1130919
2021-06-16 10:09:34,693.9,1131054
2021-06-16 10:09:35,693.65,1131101
2021-06-16 10:09:36,693.5,1131601
2021-06-16 10:09:37,693.65,1131684
2021-06-16 10:09:38,693.5,1131694
2021-06-16 10:09:39,693.5,1133072
2021-06-16 10:09:41,693.5,1133176
2021-06-16 10:09:42,693.5,1133236
2021-06-16 10:09:43,693.55,1133266
2021-06-16 10:09:44,693.55,1133278
2021-06-16 10:09:45,693.55,1133456
2021-06-16 10:09:46,693.5,1133521
2021-06-16 10:09:47,693.5,1133581
2021-06-16 10:09:48,693.5,1133581
2021-06-16 10:09:49,693.55,1133605
2021-06-16 10:09:50,693.5,1133685
2021-06-16 10:09:51,693.5,1133685
2021-06-16 10:09:52,693.5,1134002
2021-06-16 10:09:53,693.5,1135102
2021-06-16 10:09:54,693.65,1135103
2021-06-16 10:09:55,693.85,1135203
2021-06-16 10:09:56,693.6,1135214
2021-06-16 10:09:57,693.85,1135235
2021-06-16 10:09:58,693.85,1135267
2021-06-16 10:09:59,693.85,1135317
2021-06-16 10:10:00,693.85,1135317
2021-06-16 10:10:01,693.6,1135367
2021-06-16 10:10:02,693.6,1135373
2021-06-16 10:10:03,693.55,1135500
2021-06-16 10:10:04,693.8,1135505
2021-06-16 10:10:05,693.8,1135505
2021-06-16 10:10:06,693.8,1135505
2021-06-16 10:10:07,693.8,1135505
2021-06-16 10:10:08,693.55,1135520
2021-06-16 10:10:09,693.8,1135525
2021-06-16 10:10:10,693.6,1135731
2021-06-16 10:10:11,693.5,1136231
2021-06-16 10:10:12,693.75,1136307
2021-06-16 10:10:13,693.75,1136307
2021-06-16 10:10:14,693.75,1136408
2021-06-16 10:10:17,693.8,1136503
2021-06-16 10:10:18,693.8,1136504
2021-06-16 10:10:19,693.85,1137312
2021-06-16 10:10:20,693.85,1137328
2021-06-16 10:10:21,693.55,1137833
2021-06-16 10:10:22,693.8,1137987
2021-06-16 10:10:23,693.8,1138015
2021-06-16 10:10:24,693.85,1138115
2021-06-16 10:10:25,693.85,1138115
2021-06-16 10:10:26,693.85,1138140
2021-06-16 10:10:27,693.85,1138140
2021-06-16 10:10:28,693.7,1138240
2021-06-16 10:10:29,693.5,1138667
2021-06-16 10:10:30,693.75,1138673
2021-06-16 10:10:31,693.75,1138673
2021-06-16 10:10:32,693.5,1138789
2021-06-16 10:10:33,693.5,1138949
2021-06-16 10:10:34,693.5,1139013
2021-06-16 10:10:35,693.45,1140118
2021-06-16 10:10:36,693.4,1140421
2021-06-16 10:10:37,693.35,1140447
2021-06-16 10:10:38,693.35,1140472
2021-06-16 10:10:39,693.35,1140472
2021-06-16 10:10:40,693.5,1140521
2021-06-16 10:10:41,693.6,1140531
2021-06-16 10:10:42,693.5,1140732
2021-06-16 10:10:43,693.4,1140778
2021-06-16 10:10:44,693.15,1141300
2021-06-16 10:10:45,693.15,1141300
2021-06-16 10:10:46,693.1,1141428
2021-06-16 10:10:47,693.35,1141458
2021-06-16 10:10:48,693.1,1141528
2021-06-16 10:10:49,693.35,1141579
2021-06-16 10:10:50,693.35,1141601
2021-06-16 10:10:51,693.35,1141622
2021-06-16 10:10:52,693.35,1141629
2021-06-16 10:10:53,693.25,1141657
2021-06-16 10:10:54,693.25,1141667
2021-06-16 10:10:55,693.25,1141694
2021-06-16 10:10:56,693.25,1142105
2021-06-16 10:10:57,693.25,1142105
2021-06-16 10:10:58,693.25,1142205
2021-06-16 10:10:59,693.25,1142205
2021-06-16 10:11:00,693.1,1142355
2021-06-16 10:11:01,693.1,1142435
2021-06-16 10:11:02,693.3,1143229
2021-06-16 10:11:03,693.5,1143244
2021-06-16 10:11:04,693.3,1143269
2021-06-16 10:11:05,693.2,1143398
2021-06-16 10:11:06,693.5,1143399
2021-06-16 10:11:07,693.5,1143399
2021-06-16 10:11:08,693.4,1143408
2021-06-16 10:11:09,693.05,1143708
2021-06-16 10:11:10,693.05,1143708
2021-06-16 10:11:11,693.4,1143886
2021-06-16 10:11:12,693.4,1143886
2021-06-16 10:11:13,693.2,1143887
2021-06-16 10:11:14,693.1,1143914
2021-06-16 10:11:15,693.2,1143915
2021-06-16 10:11:16,693.1,1143992
2021-06-16 10:11:17,693.1,1143992
2021-06-16 10:11:18,693.1,1143993
2021-06-16 10:11:19,693.45,1144003
2021-06-16 10:11:20,693.45,1144029
2021-06-16 10:11:21,693.5,1144043
2021-06-16 10:11:22,693.45,1144090
2021-06-16 10:11:23,693.45,1144120
2021-06-16 10:11:24,693.45,1144170
2021-06-16 10:11:25,693.45,1144170
2021-06-16 10:11:26,693.45,1144345
2021-06-16 10:11:27,693.2,1144845
2021-06-16 10:11:28,693.15,1144935
2021-06-16 10:11:29,693.15,1144935
2021-06-16 10:11:30,693.15,1144935
2021-06-16 10:11:31,693.15,1144935
2021-06-16 10:11:32,693.45,1145347
2021-06-16 10:11:33,693.45,1145352
2021-06-16 10:11:34,693.15,1145412
2021-06-16 10:11:35,693.45,1145439
2021-06-16 10:11:36,693.45,1145439
2021-06-16 10:11:37,693.45,1145513
2021-06-16 10:11:38,693.15,1145514
2021-06-16 10:11:39,693.15,1145514
2021-06-16 10:11:40,693.45,1145564
2021-06-16 10:11:42,693.15,1145940
2021-06-16 10:11:41,693.45,1145904
2021-06-16 10:11:43,693.35,1145975
2021-06-16 10:11:44,693.35,1145977
2021-06-16 10:11:45,693.35,1145977
2021-06-16 10:11:46,693.35,1145987
2021-06-16 10:11:47,693.45,1146012
2021-06-16 10:11:48,693.2,1146062
2021-06-16 10:11:49,693.1,1146523
2021-06-16 10:11:50,693.1,1146533
2021-06-16 10:11:52,693.4,1146834
2021-06-16 10:11:51,693.4,1146834
2021-06-16 10:11:53,693.4,1146834
2021-06-16 10:11:54,693.2,1146984
2021-06-16 10:11:55,693.2,1146984
2021-06-16 10:11:56,693.1,1148695
2021-06-16 10:11:57,693.1,1148700
2021-06-16 10:11:58,693.45,1148702
2021-06-16 10:11:59,693.45,1148907
2021-06-16 10:12:00,693.45,1148972
2021-06-16 10:12:02,693.25,1149172
2021-06-16 10:12:01,693.25,1149162
2021-06-16 10:12:03,693.45,1149226
2021-06-16 10:12:04,693.2,1149227
2021-06-16 10:12:05,693.5,1150203
2021-06-16 10:12:06,693.5,1150213
2021-06-16 10:12:07,693.5,1150233
2021-06-16 10:12:08,693.75,1154140
2021-06-16 10:12:09,693.65,1154190
2021-06-16 10:12:10,693.6,1154191
2021-06-16 10:12:11,693.55,1154226
2021-06-16 10:12:12,693.85,1154236
2021-06-16 10:12:13,693.85,1154236
2021-06-16 10:12:14,693.7,1154253
2021-06-16 10:12:15,693.7,1154254
2021-06-16 10:12:17,693.7,1154254
2021-06-16 10:12:17,693.7,1154254
2021-06-16 10:12:18,693.7,1154254
2021-06-16 10:12:19,693.7,1154254
2021-06-16 10:12:20,693.65,1154407
2021-06-16 10:12:21,693.95,1154428
2021-06-16 10:12:22,693.7,1154496
2021-06-16 10:12:23,693.65,1154568
2021-06-16 10:12:24,693.65,1154568
2021-06-16 10:12:25,693.65,1154568
2021-06-16 10:12:26,693.85,1154703
2021-06-16 10:12:27,693.85,1154715
2021-06-16 10:12:28,693.85,1154765
2021-06-16 10:12:29,693.85,1154765
2021-06-16 10:12:30,693.85,1154765
2021-06-16 10:12:31,693.8,1154771
2021-06-16 10:12:32,693.8,1154806
2021-06-16 10:12:33,693.8,1154806
2021-06-16 10:12:34,693.85,1154826
2021-06-16 10:12:35,693.8,1154991
2021-06-16 10:12:37,693.85,1155020
2021-06-16 10:12:37,693.8,1155021
2021-06-16 10:12:38,693.85,1155028
2021-06-16 10:12:39,693.8,1155040
2021-06-16 10:12:40,693.8,1155065
2021-06-16 10:12:41,693.8,1155095
2021-06-16 10:12:42,693.8,1155160
2021-06-16 10:12:43,693.65,1155303
2021-06-16 10:12:44,693.65,1155303
2021-06-16 10:12:45,693.65,1155303
2021-06-16 10:12:46,693.65,1155303
2021-06-16 10:12:47,693.85,1155827
2021-06-16 10:12:48,693.85,1155827
2021-06-16 10:12:49,693.85,1155837
2021-06-16 10:12:50,693.7,1155927
2021-06-16 10:12:51,693.85,1156005
2021-06-16 10:12:52,693.9,1156136
2021-06-16 10:12:53,693.9,1156138
2021-06-16 10:12:54,693.9,1156138
2021-06-16 10:12:56,693.8,1156213
2021-06-16 10:12:57,693.8,1156213
2021-06-16 10:12:58,693.95,1156226
2021-06-16 10:13:00,693.85,1156326
2021-06-16 10:13:01,693.85,1156326
2021-06-16 10:13:01,693.85,1156326
2021-06-16 10:13:02,693.85,1156368
2021-06-16 10:13:03,693.85,1156368
2021-06-16 10:13:04,693.9,1156392
2021-06-16 10:13:05,693.9,1156437
2021-06-16 10:13:06,693.85,1156447
2021-06-16 10:13:09,693.9,1156452
2021-06-16 10:13:10,693.9,1156523
2021-06-16 10:13:11,693.85,1156538
2021-06-16 10:13:11,693.9,1156541
2021-06-16 10:13:12,693.85,1156640
2021-06-16 10:13:13,693.9,1156713
2021-06-16 10:13:14,693.85,1156842
2021-06-16 10:13:15,693.85,1156857
2021-06-16 10:13:16,693.85,1156935
2021-06-16 10:13:19,693.85,1156960
2021-06-16 10:13:19,693.85,1156960
2021-06-16 10:13:21,693.8,1156961
2021-06-16 10:13:21,693.85,1156999
2021-06-16 10:13:23,693.85,1157141
2021-06-16 10:13:22,693.85,1157141
2021-06-16 10:13:25,693.85,1157141
2021-06-16 10:13:26,693.85,1157165
2021-06-16 10:13:25,693.85,1157141
2021-06-16 10:13:27,693.85,1157165
2021-06-16 10:13:28,693.8,1157396
2021-06-16 10:13:29,693.7,1157445
2021-06-16 10:13:30,693.7,1157447
2021-06-16 10:13:31,693.7,1157453
2021-06-16 10:13:33,693.85,1157458
2021-06-16 10:13:33,693.85,1157461
2021-06-16 10:13:34,693.8,1157481
2021-06-16 10:13:35,693.85,1157485
2021-06-16 10:13:36,693.85,1157495
2021-06-16 10:13:37,693.85,1157526
2021-06-16 10:13:38,693.8,1158359
2021-06-16 10:13:39,693.7,1158362
2021-06-16 10:13:40,693.7,1158362
2021-06-16 10:13:41,693.75,1158371
2021-06-16 10:13:42,693.7,1158926
2021-06-16 10:13:43,693.75,1158927
2021-06-16 10:13:44,693.75,1158943
2021-06-16 10:13:45,693.9,1160323
2021-06-16 10:13:46,693.7,1160423
2021-06-16 10:13:48,693.9,1160558
2021-06-16 10:13:49,693.9,1160558
2021-06-16 10:13:50,693.95,1160566
2021-06-16 10:13:51,693.95,1160589
2021-06-16 10:13:52,693.95,1160695
2021-06-16 10:13:53,693.95,1160695
2021-06-16 10:13:54,693.95,1160695
2021-06-16 10:13:55,693.95,1160765
2021-06-16 10:13:56,693.95,1160765
2021-06-16 10:13:58,693.95,1160765
2021-06-16 10:13:58,693.95,1160765
2021-06-16 10:13:59,693.95,1160789
2021-06-16 10:14:00,694.15,1162427
2021-06-16 10:14:01,694.35,1162428
2021-06-16 10:14:02,694.1,1162472
2021-06-16 10:14:03,694.3,1162572
2021-06-16 10:14:04,694.3,1162572
2021-06-16 10:14:05,694.1,1162622
2021-06-16 10:14:06,694.3,1162664
2021-06-16 10:14:07,694.3,1162664
2021-06-16 10:14:09,694.3,1162664
2021-06-16 10:14:10,694.3,1162664
2021-06-16 10:14:11,694.25,1162675
2021-06-16 10:14:12,694.25,1162935
2021-06-16 10:14:12,694.3,1162952
2021-06-16 10:14:13,694.45,1163453
2021-06-16 10:14:15,694.3,1163579
2021-06-16 10:14:16,694.1,1163671
2021-06-16 10:14:17,694.1,1163671
2021-06-16 10:14:18,694.1,1163671
2021-06-16 10:14:19,694.1,1163671
2021-06-16 10:14:20,694.0,1164363
2021-06-16 10:14:21,694.0,1164363
2021-06-16 10:14:21,694.05,1164365
2021-06-16 10:14:22,693.85,1164409
2021-06-16 10:14:23,694.0,1164463
2021-06-16 10:14:25,694.05,1164601
2021-06-16 10:14:26,694.05,1164601
2021-06-16 10:14:27,694.1,1164607
2021-06-16 10:14:28,694.0,1164766
2021-06-16 10:14:29,693.7,1164767
2021-06-16 10:14:30,693.85,1164793
2021-06-16 10:14:31,693.85,1164798
2021-06-16 10:14:32,693.85,1164810
2021-06-16 10:14:33,693.85,1164827
2021-06-16 10:14:34,693.85,1164877
2021-06-16 10:14:35,693.85,1164877
2021-06-16 10:14:36,693.8,1164937
2021-06-16 10:14:37,693.85,1164991
2021-06-16 10:14:38,693.85,1164991
2021-06-16 10:14:39,694.1,1165264
2021-06-16 10:14:41,693.8,1165365
2021-06-16 10:14:42,693.8,1165370
2021-06-16 10:14:43,693.9,1165433
2021-06-16 10:14:44,693.9,1165433
2021-06-16 10:14:45,693.9,1165433
2021-06-16 10:14:46,693.9,1165433
2021-06-16 10:14:47,693.9,1165433
2021-06-16 10:14:47,693.9,1165433
2021-06-16 10:14:48,693.9,1165433
2021-06-16 10:14:49,693.9,1165433
2021-06-16 10:14:50,693.9,1165436
2021-06-16 10:14:51,693.85,1165442
2021-06-16 10:14:52,693.85,1165485
2021-06-16 10:14:53,693.85,1165485
2021-06-16 10:14:54,693.85,1165485
2021-06-16 10:14:55,694.25,1166543
2021-06-16 10:14:56,694.05,1166568
2021-06-16 10:14:57,694.2,1166592
2021-06-16 10:14:58,693.85,1167047
2021-06-16 10:15:00,694.2,1167057
2021-06-16 10:15:01,694.2,1167057
2021-06-16 10:15:02,694.2,1167068
2021-06-16 10:15:03,693.85,1167104
2021-06-16 10:15:04,693.85,1167104
2021-06-16 10:15:05,693.85,1167104
2021-06-16 10:15:05,693.85,1167104
2021-06-16 10:15:06,694.0,1167226
2021-06-16 10:15:07,694.0,1167226
2021-06-16 10:15:09,693.85,1167720
2021-06-16 10:15:09,693.85,1167720
