timestamp,ltp,volume
2021-06-16 09:15:49,3013.55,5047
2021-06-16 09:15:53,3013.4,5096
2021-06-16 09:15:58,3012.95,5279
2021-06-16 09:16:02,3011.55,5367
2021-06-16 09:16:07,3008.45,5953
2021-06-16 09:16:12,3010.3,6538
2021-06-16 09:16:16,3008.85,6882
2021-06-16 09:16:21,3010.25,6961
2021-06-16 09:16:26,3009.2,7619
2021-06-16 09:16:30,3009.05,7655
2021-06-16 09:16:35,3009.35,8310
2021-06-16 09:16:39,3007.25,8344
2021-06-16 09:16:44,3010.05,9931
2021-06-16 09:16:48,3009.65,10020
2021-06-16 09:16:53,3008.35,10232
2021-06-16 09:16:57,3008.25,10538
2021-06-16 09:17:02,3008.25,10858
2021-06-16 09:17:06,3008.25,10858
2021-06-16 09:17:15,3006.6,11193
2021-06-16 09:17:20,3006.05,11403
2021-06-16 09:17:24,3003.0,12216
2021-06-16 09:17:29,3004.9,12607
2021-06-16 09:17:38,3003.1,13006
2021-06-16 09:17:46,3004.75,13853
2021-06-16 09:17:51,3002.95,13947
2021-06-16 09:17:55,3002.0,14068
2021-06-16 09:17:59,3002.95,14445
2021-06-16 09:18:04,3002.95,14477
2021-06-16 09:18:08,3002.9,15345
2021-06-16 09:18:12,3002.9,15345
2021-06-16 09:18:16,3001.55,15520
2021-06-16 09:18:20,3004.0,15879
2021-06-16 09:18:25,3004.6,16215
2021-06-16 09:18:29,3004.85,16468
2021-06-16 09:18:33,3004.4,16927
2021-06-16 09:18:38,3005.85,17329
2021-06-16 09:18:42,3004.45,17410
2021-06-16 09:18:46,3004.45,17607
2021-06-16 09:18:50,3002.8,18117
2021-06-16 09:18:55,2997.0,20088
2021-06-16 09:18:59,2997.05,20601
2021-06-16 09:19:03,2996.25,21305
2021-06-16 09:19:08,3003.1,22379
2021-06-16 09:19:12,3000.25,22962
2021-06-16 09:19:16,3001.05,23069
2021-06-16 09:19:21,3000.7,23126
2021-06-16 09:19:25,3000.7,23215
2021-06-16 09:19:29,2997.0,23522
2021-06-16 09:19:33,2998.85,23741
2021-06-16 09:19:37,2998.65,23980
2021-06-16 09:19:42,2995.3,24223
2021-06-16 09:19:46,2995.05,25402
2021-06-16 09:19:54,2995.55,26849
2021-06-16 09:19:59,2996.1,26875
2021-06-16 09:20:03,2996.7,27180
2021-06-16 09:20:11,2996.0,27984
2021-06-16 09:20:16,2993.4,28339
2021-06-16 09:20:20,2992.2,28602
2021-06-16 09:20:24,2990.0,29503
2021-06-16 09:20:28,2989.0,29968
2021-06-16 09:20:33,2988.05,31724
2021-06-16 09:20:37,2986.4,32807
2021-06-16 09:20:42,2988.8,33877
2021-06-16 09:20:46,2991.05,35514
2021-06-16 09:20:50,2989.85,35744
2021-06-16 09:20:54,2991.05,35757
2021-06-16 09:20:58,2991.05,36496
2021-06-16 09:21:03,2991.05,38481
2021-06-16 09:21:07,2991.05,38765
2021-06-16 09:21:11,2992.8,41000
2021-06-16 09:21:15,2992.45,41571
2021-06-16 09:21:19,2993.35,41922
2021-06-16 09:21:23,2993.4,41944
2021-06-16 09:21:27,2993.4,42031
2021-06-16 09:21:32,2993.4,42037
2021-06-16 09:21:36,2993.35,42048
2021-06-16 09:21:40,2993.4,42299
2021-06-16 09:21:44,2993.75,42412
2021-06-16 09:21:48,2995.0,42476
2021-06-16 09:21:52,2995.95,42517
2021-06-16 09:21:56,2995.95,42551
2021-06-16 09:22:01,2995.95,42551
2021-06-16 09:22:05,2995.95,43130
2021-06-16 09:22:09,2995.9,43196
2021-06-16 09:22:13,2995.95,43330
2021-06-16 09:22:21,2995.95,43611
2021-06-16 09:22:25,2995.95,43711
2021-06-16 09:22:29,2995.9,43719
2021-06-16 09:22:33,2995.9,43888
2021-06-16 09:22:37,2995.9,43940
2021-06-16 09:22:41,2995.95,43941
2021-06-16 09:22:45,2995.95,44013
2021-06-16 09:22:49,2995.95,44469
2021-06-16 09:22:53,2995.9,44681
2021-06-16 09:22:57,2995.95,44711
2021-06-16 09:23:01,2995.95,44829
2021-06-16 09:23:05,2995.95,44847
2021-06-16 09:23:09,2996.1,46023
2021-06-16 09:23:16,2995.5,46597
2021-06-16 09:23:20,2995.5,46672
2021-06-16 09:23:24,2993.95,46835
2021-06-16 09:23:32,2995.5,47218
2021-06-16 09:23:36,2993.75,47275
2021-06-16 09:23:41,2993.95,47277
2021-06-16 09:23:45,2994.0,47283
2021-06-16 09:23:49,2993.75,47444
2021-06-16 09:23:52,2994.65,47463
2021-06-16 09:23:56,2993.95,47479
2021-06-16 09:24:00,2994.65,47524
2021-06-16 09:24:05,2994.65,47525
2021-06-16 09:24:06,2994.65,47525
2021-06-16 09:24:08,2994.65,47525
2021-06-16 09:24:10,2994.65,47532
2021-06-16 09:24:11,2994.65,47532
2021-06-16 09:24:12,2994.65,47535
2021-06-16 09:24:13,2994.65,47547
2021-06-16 09:24:14,2994.65,47559
2021-06-16 09:24:15,2994.45,47561
2021-06-16 09:24:16,2994.45,47561
2021-06-16 09:24:17,2994.45,47561
2021-06-16 09:24:19,2994.65,47594
2021-06-16 09:24:20,2994.65,47604
2021-06-16 09:24:21,2994.3,47616
2021-06-16 09:24:22,2994.65,47618
2021-06-16 09:24:23,2994.65,47618
2021-06-16 09:24:24,2994.65,47628
2021-06-16 09:24:26,2994.3,47631
2021-06-16 09:24:27,2994.3,47631
2021-06-16 09:24:28,2994.65,47645
2021-06-16 09:24:29,2994.3,47661
2021-06-16 09:24:30,2994.65,47713
2021-06-16 09:24:31,2994.65,47713
2021-06-16 09:24:32,2994.3,47746
2021-06-16 09:24:33,2994.3,47785
2021-06-16 09:24:34,2994.65,47790
2021-06-16 09:24:35,2994.65,47790
2021-06-16 09:24:36,2997.25,49039
2021-06-16 09:24:37,2997.25,49039
2021-06-16 09:24:38,2995.5,49041
2021-06-16 09:24:39,2995.5,49041
2021-06-16 09:24:40,2997.0,49136
2021-06-16 09:24:41,2997.25,49187
2021-06-16 09:24:42,2997.25,49187
2021-06-16 09:24:44,2995.8,49191
2021-06-16 09:24:45,2997.25,49192
2021-06-16 09:24:47,2997.25,49198
2021-06-16 09:24:48,2997.25,49198
2021-06-16 09:24:49,2997.9,49399
2021-06-16 09:24:50,2997.9,49399
2021-06-16 09:24:51,2997.9,49399
2021-06-16 09:24:52,2997.85,49559
2021-06-16 09:24:53,2997.85,49560
2021-06-16 09:24:54,2997.85,49560
2021-06-16 09:24:55,2997.85,49565
2021-06-16 09:24:56,2997.25,49568
2021-06-16 09:24:56,2997.85,49588
2021-06-16 09:24:57,2997.25,49590
2021-06-16 09:24:59,2997.25,49590
2021-06-16 09:25:00,2996.05,49644
2021-06-16 09:25:01,2996.05,49644
2021-06-16 09:25:02,2996.85,49694
2021-06-16 09:25:03,2996.85,49694
2021-06-16 09:25:04,2996.85,49694
2021-06-16 09:25:05,2995.0,50339
2021-06-16 09:25:05,2996.0,50341
2021-06-16 09:25:06,2996.0,50341
2021-06-16 09:25:07,2996.0,50341
2021-06-16 09:25:08,2996.0,50343
2021-06-16 09:25:09,2996.0,50354
2021-06-16 09:25:10,2995.0,50812
2021-06-16 09:25:11,2995.8,50817
2021-06-16 09:25:12,2995.0,51029
2021-06-16 09:25:13,2995.7,51030
2021-06-16 09:25:14,2992.8,51350
2021-06-16 09:25:15,2992.8,51350
2021-06-16 09:25:16,2992.8,51432
2021-06-16 09:25:17,2992.8,51435
2021-06-16 09:25:18,2992.8,51435
2021-06-16 09:25:19,2992.8,51435
2021-06-16 09:25:20,2992.8,51435
2021-06-16 09:25:21,2992.8,51435
2021-06-16 09:25:22,2992.8,51585
2021-06-16 09:25:23,2992.8,51688
2021-06-16 09:25:24,2992.8,51701
2021-06-16 09:25:25,2992.0,51703
2021-06-16 09:25:26,2992.0,51707
2021-06-16 09:25:27,2992.0,51707
2021-06-16 09:25:28,2992.8,51727
2021-06-16 09:25:29,2992.8,51729
2021-06-16 09:25:30,2992.8,51741
2021-06-16 09:25:31,2992.15,51848
2021-06-16 09:25:32,2992.15,51848
2021-06-16 09:25:33,2992.8,51913
2021-06-16 09:25:34,2993.85,51955
2021-06-16 09:25:35,2993.75,52011
2021-06-16 09:25:37,2993.75,52011
2021-06-16 09:25:38,2993.75,52011
2021-06-16 09:25:39,2993.75,52011
2021-06-16 09:25:40,2994.0,52016
2021-06-16 09:25:41,2996.1,52021
2021-06-16 09:25:42,2996.1,52021
2021-06-16 09:25:43,2996.1,52031
2021-06-16 09:25:44,2996.1,52031
2021-06-16 09:25:45,2996.1,52031
2021-06-16 09:25:46,2996.1,52031
2021-06-16 09:25:47,2996.1,52031
2021-06-16 09:25:48,2996.1,52031
2021-06-16 09:25:49,2996.1,52031
2021-06-16 09:25:50,2996.1,52031
2021-06-16 09:25:51,2996.1,52031
2021-06-16 09:25:52,2996.1,52031
2021-06-16 09:25:53,2996.1,52041
2021-06-16 09:25:55,2996.1,52063
2021-06-16 09:25:56,2994.35,52365
2021-06-16 09:25:56,2994.35,52365
2021-06-16 09:25:57,2994.35,52365
2021-06-16 09:25:58,2995.85,52389
2021-06-16 09:26:00,2996.1,52457
2021-06-16 09:26:01,2996.1,52457
2021-06-16 09:26:02,2996.1,52457
2021-06-16 09:26:03,2996.1,52457
2021-06-16 09:26:04,2995.65,52507
2021-06-16 09:26:05,2995.65,52507
2021-06-16 09:26:06,2995.65,52507
2021-06-16 09:26:07,2995.65,52507
2021-06-16 09:26:08,2995.65,52507
2021-06-16 09:26:09,2997.2,52561
2021-06-16 09:26:10,2996.1,52563
2021-06-16 09:26:11,2996.1,52563
2021-06-16 09:26:12,2997.25,52578
2021-06-16 09:26:13,2997.2,52579
2021-06-16 09:26:14,2998.45,52794
2021-06-16 09:26:15,2998.45,52794
2021-06-16 09:26:16,2998.45,52794
2021-06-16 09:26:17,2998.75,52851
2021-06-16 09:26:18,2997.2,52874
2021-06-16 09:26:19,2997.2,52874
2021-06-16 09:26:20,2997.2,52878
2021-06-16 09:26:21,2997.2,52878
2021-06-16 09:26:22,2997.2,52890
2021-06-16 09:26:23,2997.2,52890
2021-06-16 09:26:24,2997.2,52890
2021-06-16 09:26:25,2998.95,52900
2021-06-16 09:26:26,2999.0,52928
2021-06-16 09:26:27,2999.0,52928
2021-06-16 09:26:28,2999.0,52928
2021-06-16 09:26:29,2999.0,52928
2021-06-16 09:26:30,2997.8,53001
2021-06-16 09:26:31,2999.0,53002
2021-06-16 09:26:32,2999.0,53006
2021-06-16 09:26:33,2999.0,53046
2021-06-16 09:26:34,2999.0,53146
2021-06-16 09:26:35,2999.0,53146
2021-06-16 09:26:36,2998.1,53556
2021-06-16 09:26:37,2997.6,53571
2021-06-16 09:26:38,2997.8,53576
2021-06-16 09:26:39,2997.8,53576
2021-06-16 09:26:40,2997.8,53576
2021-06-16 09:26:41,2995.1,54663
2021-06-16 09:26:42,2994.15,54843
2021-06-16 09:26:43,2992.85,56392
2021-06-16 09:26:44,2995.3,57215
2021-06-16 09:26:45,2995.3,57229
2021-06-16 09:26:46,2997.0,57234
2021-06-16 09:26:47,2997.0,57234
2021-06-16 09:26:48,2997.0,57234
2021-06-16 09:26:49,2997.0,57235
2021-06-16 09:26:50,2997.0,57262
2021-06-16 09:26:51,2997.0,57298
2021-06-16 09:26:52,2997.0,57305
2021-06-16 09:26:53,2998.2,57315
2021-06-16 09:26:54,2998.75,57685
2021-06-16 09:26:55,2997.0,57686
2021-06-16 09:26:56,2998.3,57688
2021-06-16 09:26:57,2998.15,57696
2021-06-16 09:26:58,2998.3,57703
2021-06-16 09:27:01,2997.0,57758
2021-06-16 09:27:02,2998.2,57784
2021-06-16 09:27:03,2998.2,57784
2021-06-16 09:27:05,2998.2,57785
2021-06-16 09:27:08,2998.2,57785
2021-06-16 09:27:09,2998.2,57785
2021-06-16 09:27:10,2998.2,57815
2021-06-16 09:27:11,2997.3,57835
2021-06-16 09:27:12,2997.3,57835
2021-06-16 09:27:13,2998.2,57836
2021-06-16 09:27:14,2998.2,57845
2021-06-16 09:27:15,2998.2,57845
2021-06-16 09:27:16,2998.3,57887
2021-06-16 09:27:17,2998.3,57888
2021-06-16 09:27:18,2998.2,57893
2021-06-16 09:27:19,2998.2,57893
2021-06-16 09:27:20,2998.2,57893
2021-06-16 09:27:21,2998.2,57893
2021-06-16 09:27:22,2998.0,57895
2021-06-16 09:27:23,2998.0,57895
2021-06-16 09:27:24,2998.0,58045
2021-06-16 09:27:25,2998.0,58096
2021-06-16 09:27:26,2998.0,58096
2021-06-16 09:27:27,2997.2,58099
2021-06-16 09:27:28,2997.2,58099
2021-06-16 09:27:29,2998.0,58107
2021-06-16 09:27:30,2997.05,58138
2021-06-16 09:27:31,2996.4,58398
2021-06-16 09:27:32,2996.4,58398
2021-06-16 09:27:33,2996.4,58398
2021-06-16 09:27:34,2996.4,58398
2021-06-16 09:27:35,2996.4,58398
2021-06-16 09:27:36,2996.4,58398
2021-06-16 09:27:37,2996.4,58400
2021-06-16 09:27:38,2996.4,58400
2021-06-16 09:27:39,2995.05,58401
2021-06-16 09:27:40,2996.75,58451
2021-06-16 09:27:41,2996.75,58451
2021-06-16 09:27:44,2997.0,58616
2021-06-16 09:27:45,2997.0,58616
2021-06-16 09:27:46,2997.0,58616
2021-06-16 09:27:47,2997.0,58616
2021-06-16 09:27:48,2997.0,58616
2021-06-16 09:27:49,2995.3,58652
2021-06-16 09:27:50,2995.3,58652
2021-06-16 09:27:51,2996.95,58674
2021-06-16 09:27:52,2995.25,58804
2021-06-16 09:27:53,2996.75,58891
2021-06-16 09:27:54,2996.75,58907
2021-06-16 09:27:55,2996.75,58907
2021-06-16 09:27:56,2996.75,58907
2021-06-16 09:27:57,2996.75,58917
2021-06-16 09:27:58,2996.75,58917
2021-06-16 09:27:59,2996.75,58917
2021-06-16 09:28:00,2996.75,58917
2021-06-16 09:28:01,2998.1,59017
2021-06-16 09:28:02,2998.1,59017
2021-06-16 09:28:03,2998.1,59017
2021-06-16 09:28:04,2998.1,59017
2021-06-16 09:28:05,2998.1,59017
2021-06-16 09:28:06,2996.75,59027
2021-06-16 09:28:07,2996.75,59027
2021-06-16 09:28:08,2998.0,59031
2021-06-16 09:28:09,2998.0,59031
2021-06-16 09:28:10,2998.05,59082
2021-06-16 09:28:11,2998.05,59082
2021-06-16 09:28:12,2997.6,59092
2021-06-16 09:28:13,2997.6,59092
2021-06-16 09:28:14,2998.05,59103
2021-06-16 09:28:15,2998.05,59103
2021-06-16 09:28:16,2999.0,59153
2021-06-16 09:28:17,2999.0,59153
2021-06-16 09:28:18,2999.0,59153
2021-06-16 09:28:19,2999.0,59153
2021-06-16 09:28:20,2999.0,59153
2021-06-16 09:28:21,2999.0,59153
2021-06-16 09:28:22,2999.0,59153
2021-06-16 09:28:23,2999.0,59153
2021-06-16 09:28:24,2999.0,59153
2021-06-16 09:28:25,2998.95,59187
2021-06-16 09:28:26,2999.0,59190
2021-06-16 09:28:27,2999.0,59195
2021-06-16 09:28:28,2999.0,59195
2021-06-16 09:28:29,2999.0,59196
2021-06-16 09:28:30,2998.05,59208
2021-06-16 09:28:31,2999.0,59238
2021-06-16 09:28:32,2999.0,59238
2021-06-16 09:28:33,2999.0,59338
2021-06-16 09:28:34,2999.0,59338
2021-06-16 09:28:35,2998.9,59340
2021-06-16 09:28:36,2999.0,59533
2021-06-16 09:28:37,2999.0,59543
2021-06-16 09:28:38,2999.0,59543
2021-06-16 09:28:39,2999.0,59543
2021-06-16 09:28:40,2999.0,59543
2021-06-16 09:28:41,2999.0,59543
2021-06-16 09:28:42,2999.0,59543
2021-06-16 09:28:43,2998.9,59545
2021-06-16 09:28:44,2998.9,59545
2021-06-16 09:28:45,2998.9,59545
2021-06-16 09:28:46,2999.0,59639
2021-06-16 09:28:47,2999.0,59639
2021-06-16 09:28:48,2999.0,59639
2021-06-16 09:28:52,2999.0,59643
2021-06-16 09:28:53,2998.9,59673
2021-06-16 09:28:54,2998.9,59673
2021-06-16 09:28:55,2998.9,59673
2021-06-16 09:28:56,2998.9,59673
2021-06-16 09:28:57,3002.0,60113
2021-06-16 09:28:58,3002.0,60113
2021-06-16 09:29:00,3000.0,60215
2021-06-16 09:29:01,3002.05,60216
2021-06-16 09:29:02,3002.8,60227
2021-06-16 09:29:03,3002.8,60227
2021-06-16 09:29:04,3003.85,60260
2021-06-16 09:29:05,3004.85,60360
2021-06-16 09:29:06,3003.3,60410
2021-06-16 09:29:07,3004.9,60568
2021-06-16 09:29:08,3004.9,60568
2021-06-16 09:29:09,3004.8,60574
2021-06-16 09:29:10,3004.6,60631
2021-06-16 09:29:11,3004.6,60631
2021-06-16 09:29:13,3004.65,60687
2021-06-16 09:29:13,3004.65,60687
2021-06-16 09:29:14,3004.9,60765
2021-06-16 09:29:15,3004.0,60863
2021-06-16 09:29:16,3004.0,60863
2021-06-16 09:29:17,3004.2,60935
2021-06-16 09:29:18,3005.55,61045
2021-06-16 09:29:20,3005.65,61107
2021-06-16 09:29:21,3005.65,61120
2021-06-16 09:29:22,3004.65,61170
2021-06-16 09:29:23,3006.0,61201
2021-06-16 09:29:24,3004.9,61482
2021-06-16 09:29:27,3006.0,61699
2021-06-16 09:29:27,3006.0,61699
2021-06-16 09:29:29,3006.65,61976
2021-06-16 09:29:30,3006.0,61992
2021-06-16 09:29:31,3004.7,62323
2021-06-16 09:29:32,3003.0,62328
2021-06-16 09:29:31,3004.7,62323
2021-06-16 09:29:33,3004.7,62333
2021-06-16 09:29:34,3004.0,62367
2021-06-16 09:29:35,3004.65,62393
2021-06-16 09:29:36,3004.2,62408
2021-06-16 09:29:37,3004.2,62408
2021-06-16 09:29:38,3004.2,62409
2021-06-16 09:29:39,3004.2,62413
2021-06-16 09:29:40,3004.0,62423
2021-06-16 09:29:41,3004.2,62448
2021-06-16 09:29:42,3004.2,62448
2021-06-16 09:29:43,3004.2,62448
2021-06-16 09:29:44,3004.2,62449
2021-06-16 09:29:46,3004.2,62550
2021-06-16 09:29:47,3004.2,62550
2021-06-16 09:29:48,3002.6,62656
2021-06-16 09:29:49,3002.6,62656
2021-06-16 09:29:50,3004.0,62676
2021-06-16 09:29:51,3004.0,62676
2021-06-16 09:29:52,3004.0,62683
2021-06-16 09:29:53,3004.0,62688
2021-06-16 09:29:55,3004.0,62688
2021-06-16 09:29:54,3004.0,62688
2021-06-16 09:29:56,3004.0,62688
2021-06-16 09:29:57,3002.7,62698
2021-06-16 09:29:58,3004.2,62761
2021-06-16 09:29:59,3004.0,62805
2021-06-16 09:30:01,3003.25,62918
2021-06-16 09:30:02,3003.25,62918
2021-06-16 09:30:03,3003.25,62918
2021-06-16 09:30:04,3004.0,62929
2021-06-16 09:30:05,3004.05,63220
2021-06-16 09:30:06,3006.0,63270
2021-06-16 09:30:07,3003.9,63458
2021-06-16 09:30:08,3005.1,63628
2021-06-16 09:30:09,3005.6,63692
2021-06-16 09:30:10,3003.9,63711
2021-06-16 09:30:11,3003.9,63746
2021-06-16 09:30:12,3003.9,63776
2021-06-16 09:30:13,3005.0,63786
2021-06-16 09:30:14,3005.0,63786
2021-06-16 09:30:15,3005.45,63796
2021-06-16 09:30:16,3005.45,63796
2021-06-16 09:30:17,3005.45,63796
2021-06-16 09:30:18,3005.45,63796
2021-06-16 09:30:19,3005.45,63866
2021-06-16 09:30:20,3005.45,63866
2021-06-16 09:30:21,3005.45,63893
2021-06-16 09:30:22,3005.95,63998
2021-06-16 09:30:23,3004.4,63999
2021-06-16 09:30:24,3004.4,63999
2021-06-16 09:30:25,3004.4,63999
2021-06-16 09:30:26,3005.85,64009
2021-06-16 09:30:27,3005.85,64046
2021-06-16 09:30:28,3006.65,64384
2021-06-16 09:30:30,3007.15,64982
2021-06-16 09:30:31,3009.0,65530
2021-06-16 09:30:33,3007.85,65833
2021-06-16 09:30:32,3007.85,65833
2021-06-16 09:30:34,3009.6,65837
2021-06-16 09:30:35,3009.55,65915
2021-06-16 09:30:36,3009.55,65915
2021-06-16 09:30:37,3009.15,65969
2021-06-16 09:30:38,3009.05,66012
2021-06-16 09:30:39,3009.05,66012
2021-06-16 09:30:40,3007.55,66017
2021-06-16 09:30:41,3007.55,66017
2021-06-16 09:30:42,3007.55,66017
2021-06-16 09:30:43,3008.9,66027
2021-06-16 09:30:44,3008.9,66042
2021-06-16 09:30:45,3007.55,66242
2021-06-16 09:30:46,3010.0,66442
2021-06-16 09:30:47,3010.0,66442
2021-06-16 09:30:48,3008.2,66592
2021-06-16 09:30:49,3009.0,66594
2021-06-16 09:30:50,3009.0,66594
2021-06-16 09:30:51,3009.0,66948
2021-06-16 09:30:52,3009.0,66948
2021-06-16 09:30:54,3009.0,66948
2021-06-16 09:30:54,3009.0,66948
2021-06-16 09:30:55,3009.0,66948
2021-06-16 09:30:56,3009.0,66948
2021-06-16 09:30:57,3009.4,66978
2021-06-16 09:30:58,3009.55,66981
2021-06-16 09:30:59,3012.0,68343
2021-06-16 09:31:00,3012.85,68547
2021-06-16 09:31:01,3012.05,69314
2021-06-16 09:31:02,3012.05,69314
2021-06-16 09:31:03,3011.95,69444
2021-06-16 09:31:04,3010.75,69719
2021-06-16 09:31:05,3010.75,69879
2021-06-16 09:31:07,3010.75,69936
2021-06-16 09:31:07,3010.75,69936
2021-06-16 09:31:09,3010.65,70038
2021-06-16 09:31:10,3010.65,70038
2021-06-16 09:31:10,3010.2,70046
2021-06-16 09:31:11,3010.2,70046
2021-06-16 09:31:12,3010.25,70104
2021-06-16 09:31:13,3010.45,70105
2021-06-16 09:31:14,3010.45,70105
2021-06-16 09:31:15,3010.0,70119
2021-06-16 09:31:16,3010.45,70162
2021-06-16 09:31:17,3010.45,70162
2021-06-16 09:31:18,3010.45,70162
2021-06-16 09:31:19,3010.45,70162
2021-06-16 09:31:20,3009.95,70213
2021-06-16 09:31:21,3009.95,70213
2021-06-16 09:31:22,3010.5,70313
2021-06-16 09:31:23,3007.55,70649
2021-06-16 09:31:25,3008.95,70910
2021-06-16 09:31:25,3008.15,71074
2021-06-16 09:31:26,3008.15,71074
2021-06-16 09:31:28,3008.15,71074
2021-06-16 09:31:29,3008.15,71074
2021-06-16 09:31:30,3008.15,71074
2021-06-16 09:31:30,3008.15,71074
2021-06-16 09:31:31,3008.15,71074
2021-06-16 09:31:32,3008.0,71084
2021-06-16 09:31:33,3006.45,71158
2021-06-16 09:31:34,3006.3,71235
2021-06-16 09:31:35,3007.95,71349
2021-06-16 09:31:38,3008.0,71402
2021-06-16 09:31:39,3008.0,71402
2021-06-16 09:31:40,3009.3,71484
2021-06-16 09:31:41,3007.85,71494
2021-06-16 09:31:41,3007.85,71494
2021-06-16 09:31:42,3009.3,71504
2021-06-16 09:31:43,3009.3,71504
2021-06-16 09:31:44,3009.65,71591
2021-06-16 09:31:45,3009.65,71591
2021-06-16 09:31:46,3009.65,71591
2021-06-16 09:31:48,3008.45,71596
2021-06-16 09:31:48,3008.45,71596
2021-06-16 09:31:50,3008.45,71596
2021-06-16 09:31:50,3009.0,71599
2021-06-16 09:31:51,3009.0,71599
2021-06-16 09:31:53,3010.75,71969
2021-06-16 09:31:54,3011.9,72011
2021-06-16 09:31:54,3010.75,71969
2021-06-16 09:31:55,3010.0,72461
2021-06-16 09:31:56,3010.0,72461
2021-06-16 09:31:57,3011.9,72675
2021-06-16 09:31:58,3010.5,72682
2021-06-16 09:31:59,3010.5,72682
2021-06-16 09:32:00,3010.5,72682
2021-06-16 09:32:01,3011.85,72751
2021-06-16 09:32:02,3011.85,72764
2021-06-16 09:32:03,3010.8,72846
2021-06-16 09:32:04,3010.8,72846
2021-06-16 09:32:05,3010.6,72856
2021-06-16 09:32:06,3010.6,72856
2021-06-16 09:32:07,3010.6,72856
2021-06-16 09:32:08,3010.8,72862
2021-06-16 09:32:09,3011.0,72914
2021-06-16 09:32:10,3010.95,72925
2021-06-16 09:32:12,3010.6,72985
2021-06-16 09:32:13,3011.05,73028
2021-06-16 09:32:15,3011.05,73028
2021-06-16 09:32:17,3011.05,73028
2021-06-16 09:32:17,3010.0,73262
2021-06-16 09:32:18,3010.4,73273
2021-06-16 09:32:19,3010.4,73273
2021-06-16 09:32:20,3010.4,73273
2021-06-16 09:32:21,3010.4,73273
2021-06-16 09:32:22,3010.4,73273
2021-06-16 09:32:23,3010.4,73273
2021-06-16 09:32:25,3010.0,73282
2021-06-16 09:32:25,3010.4,73325
2021-06-16 09:32:26,3010.4,73325
2021-06-16 09:32:28,3010.0,73429
2021-06-16 09:32:27,3010.0,73429
2021-06-16 09:32:29,3010.0,73429
2021-06-16 09:32:30,3010.0,73457
2021-06-16 09:32:31,3010.0,73457
2021-06-16 09:32:32,3010.6,73549
2021-06-16 09:32:33,3010.6,73549
2021-06-16 09:32:34,3010.0,73599
2021-06-16 09:32:35,3010.0,73602
2021-06-16 09:32:36,3010.0,73602
2021-06-16 09:32:37,3010.6,73612
2021-06-16 09:32:38,3010.6,73612
2021-06-16 09:32:39,3010.6,73612
2021-06-16 09:32:40,3010.0,73617
2021-06-16 09:32:41,3010.0,73617
2021-06-16 09:32:43,3010.0,73667
2021-06-16 09:32:44,3010.0,73667
2021-06-16 09:32:45,3010.0,73667
2021-06-16 09:32:46,3010.0,73677
2021-06-16 09:32:47,3010.0,73682
2021-06-16 09:32:48,3010.0,73682
2021-06-16 09:32:49,3009.4,73782
2021-06-16 09:32:50,3009.4,73782
2021-06-16 09:32:52,3010.3,73825
2021-06-16 09:32:54,3008.05,74206
2021-06-16 09:32:55,3007.9,74226
2021-06-16 09:32:55,3007.9,74226
2021-06-16 09:32:56,3007.9,74226
2021-06-16 09:32:58,3007.9,74226
2021-06-16 09:32:59,3006.65,74228
2021-06-16 09:33:00,3006.65,74228
2021-06-16 09:33:02,3007.9,74230
2021-06-16 09:33:03,3007.9,74230
2021-06-16 09:33:04,3007.5,74320
2021-06-16 09:33:05,3007.5,74320
2021-06-16 09:33:06,3007.6,74582
2021-06-16 09:33:07,3007.6,74582
2021-06-16 09:33:08,3007.6,74582
2021-06-16 09:33:09,3007.6,74582
2021-06-16 09:33:10,3007.6,74724
2021-06-16 09:33:11,3007.6,74724
2021-06-16 09:33:12,3007.6,74724
2021-06-16 09:33:14,3007.6,74805
2021-06-16 09:33:15,3007.6,74805
2021-06-16 09:33:16,3007.6,74805
2021-06-16 09:33:17,3007.6,74805
2021-06-16 09:33:18,3007.0,74816
2021-06-16 09:33:18,3007.0,74816
2021-06-16 09:33:19,3007.0,74816
2021-06-16 09:33:20,3007.55,74831
2021-06-16 09:33:21,3006.05,74839
2021-06-16 09:33:22,3006.9,74850
2021-06-16 09:33:23,3006.9,74850
2021-06-16 09:33:24,3006.9,74850
2021-06-16 09:33:25,3006.9,74850
2021-06-16 09:33:26,3006.9,74850
2021-06-16 09:33:27,3006.9,74850
2021-06-16 09:33:28,3006.0,75137
2021-06-16 09:33:29,3006.0,75177
2021-06-16 09:33:30,3006.0,75189
2021-06-16 09:33:32,3006.0,75189
2021-06-16 09:33:34,3006.0,75189
2021-06-16 09:33:35,3006.0,75189
2021-06-16 09:33:37,3006.9,75209
2021-06-16 09:33:39,3006.9,75209
2021-06-16 09:33:40,3006.0,75221
2021-06-16 09:33:41,3006.8,75241
2021-06-16 09:33:42,3006.8,75247
2021-06-16 09:33:43,3006.8,75247
2021-06-16 09:33:45,3006.8,75247
2021-06-16 09:33:46,3006.8,75249
2021-06-16 09:33:47,3006.8,75249
2021-06-16 09:33:48,3006.8,75276
2021-06-16 09:33:49,3006.8,75276
2021-06-16 09:33:50,3006.8,75276
2021-06-16 09:33:49,3006.8,75276
2021-06-16 09:33:51,3006.8,75277
2021-06-16 09:33:52,3006.8,75277
2021-06-16 09:33:55,3006.8,75341
2021-06-16 09:33:57,3006.8,75341
2021-06-16 09:33:59,3006.8,75341
2021-06-16 09:34:00,3006.85,75379
2021-06-16 09:34:01,3006.95,75554
2021-06-16 09:34:02,3006.95,75554
2021-06-16 09:34:03,3006.95,75554
2021-06-16 09:34:03,3006.95,75554
2021-06-16 09:34:05,3007.1,75659
2021-06-16 09:34:05,3007.1,75659
2021-06-16 09:34:06,3007.1,75659
2021-06-16 09:34:08,3008.65,75730
2021-06-16 09:34:09,3008.65,75730
2021-06-16 09:34:09,3008.65,75730
2021-06-16 09:34:10,3008.65,75730
2021-06-16 09:34:12,3008.65,75730
2021-06-16 09:34:13,3007.5,75734
2021-06-16 09:34:14,3007.5,75734
2021-06-16 09:34:15,3007.5,75734
2021-06-16 09:34:17,3007.1,75806
2021-06-16 09:34:18,3007.1,75806
2021-06-16 09:34:20,3011.95,78034
2021-06-16 09:34:21,3008.7,78035
2021-06-16 09:34:22,3010.2,78066
2021-06-16 09:34:22,3010.2,78076
2021-06-16 09:34:23,3008.75,78096
2021-06-16 09:34:24,3008.7,78102
2021-06-16 09:34:25,3008.7,78102
2021-06-16 09:34:26,3010.2,78160
2021-06-16 09:34:27,3010.2,78160
2021-06-16 09:34:29,3009.95,78180
2021-06-16 09:34:30,3011.6,79180
2021-06-16 09:34:32,3011.6,79180
2021-06-16 09:34:33,3011.6,79180
2021-06-16 09:34:35,3010.8,79241
2021-06-16 09:34:36,3010.2,80741
2021-06-16 09:34:37,3010.2,80741
2021-06-16 09:34:38,3010.2,80741
2021-06-16 09:34:39,3010.2,80741
2021-06-16 09:34:40,3009.0,81587
2021-06-16 09:34:41,3009.0,81587
2021-06-16 09:34:42,3008.5,81646
2021-06-16 09:34:43,3008.5,81678
2021-06-16 09:34:44,3008.5,81678
2021-06-16 09:34:45,3009.15,81845
2021-06-16 09:34:46,3009.15,81845
2021-06-16 09:34:47,3009.15,81845
2021-06-16 09:34:47,3009.15,81845
2021-06-16 09:34:48,3009.15,81863
2021-06-16 09:34:49,3008.35,81877
2021-06-16 09:34:50,3009.15,81897
2021-06-16 09:34:51,3008.0,81898
2021-06-16 09:34:52,3008.0,81898
2021-06-16 09:34:53,3008.0,81898
2021-06-16 09:34:54,3008.5,81909
2021-06-16 09:34:55,3008.5,81918
2021-06-16 09:34:56,3009.0,82028
2021-06-16 09:34:57,3009.0,82028
2021-06-16 09:34:58,3008.35,82103
2021-06-16 09:34:59,3008.35,82103
2021-06-16 09:35:00,3008.05,82105
2021-06-16 09:35:01,3008.45,82130
2021-06-16 09:35:02,3008.45,82130
2021-06-16 09:35:03,3008.05,82132
2021-06-16 09:35:04,3008.45,82175
2021-06-16 09:35:05,3008.45,82175
2021-06-16 09:35:06,3008.45,82175
2021-06-16 09:35:07,3008.45,82175
2021-06-16 09:35:08,3008.5,82215
2021-06-16 09:35:09,3008.5,82215
2021-06-16 09:35:10,3008.0,82606
2021-06-16 09:35:11,3008.0,82606
2021-06-16 09:35:13,3008.5,82719
2021-06-16 09:35:15,3008.5,82724
2021-06-16 09:35:15,3008.5,82724
2021-06-16 09:35:16,3008.5,82724
2021-06-16 09:35:18,3008.5,82724
2021-06-16 09:35:19,3008.5,82724
2021-06-16 09:35:20,3008.5,82724
2021-06-16 09:35:22,3008.5,82724
2021-06-16 09:35:23,3008.25,82771
2021-06-16 09:35:24,3007.3,82964
2021-06-16 09:35:25,3006.0,84077
2021-06-16 09:35:25,3006.0,84077
2021-06-16 09:35:26,3006.0,84077
2021-06-16 09:35:28,3006.45,84103
2021-06-16 09:35:29,3005.1,84328
2021-06-16 09:35:30,3004.0,84387
2021-06-16 09:35:31,3004.0,84396
2021-06-16 09:35:32,3004.8,84436
2021-06-16 09:35:33,3004.8,84436
2021-06-16 09:35:34,3004.8,84486
2021-06-16 09:35:36,3004.8,84559
2021-06-16 09:35:37,3006.05,85520
2021-06-16 09:35:37,3006.4,85530
2021-06-16 09:35:38,3006.4,85530
2021-06-16 09:35:39,3006.4,85530
2021-06-16 09:35:40,3006.4,85530
2021-06-16 09:35:41,3006.4,85530
2021-06-16 09:35:42,3004.3,85872
2021-06-16 09:35:45,3006.1,85873
2021-06-16 09:35:46,3006.1,85874
2021-06-16 09:35:47,3006.1,85875
2021-06-16 09:35:48,3006.1,85975
2021-06-16 09:35:49,3006.1,85975
2021-06-16 09:35:51,3006.15,86035
2021-06-16 09:35:52,3006.15,86035
2021-06-16 09:35:53,3006.1,86048
2021-06-16 09:35:54,3006.5,86078
2021-06-16 09:35:55,3006.5,86078
2021-06-16 09:35:56,3006.4,86100
2021-06-16 09:35:58,3006.4,86100
2021-06-16 09:35:59,3006.2,86200
2021-06-16 09:36:00,3006.2,86200
2021-06-16 09:36:01,3007.15,86243
2021-06-16 09:36:02,3007.15,86258
2021-06-16 09:36:04,3006.35,86263
2021-06-16 09:36:05,3007.7,86293
2021-06-16 09:36:06,3007.7,86293
2021-06-16 09:36:07,3007.65,86343
2021-06-16 09:36:08,3007.65,86343
2021-06-16 09:36:10,3007.65,86353
2021-06-16 09:36:11,3007.65,86367
2021-06-16 09:36:12,3007.65,86367
2021-06-16 09:36:13,3007.1,86396
2021-06-16 09:36:14,3006.75,86397
2021-06-16 09:36:15,3006.75,86397
2021-06-16 09:36:16,3006.75,86397
2021-06-16 09:36:17,3006.95,86947
2021-06-16 09:36:18,3006.95,86947
2021-06-16 09:36:19,3006.8,87022
2021-06-16 09:36:20,3008.2,87064
2021-06-16 09:36:21,3008.2,87064
2021-06-16 09:36:22,3008.2,87064
2021-06-16 09:36:23,3006.95,87095
2021-06-16 09:36:24,3006.95,87115
2021-06-16 09:36:25,3006.95,87115
2021-06-16 09:36:26,3006.1,87271
2021-06-16 09:36:27,3005.95,87281
2021-06-16 09:36:28,3005.95,87281
2021-06-16 09:36:29,3005.95,87281
2021-06-16 09:36:30,3004.9,87379
2021-06-16 09:36:31,3004.2,87567
2021-06-16 09:36:32,3004.2,87567
2021-06-16 09:36:33,3004.2,87567
2021-06-16 09:36:34,3004.2,87567
2021-06-16 09:36:34,3002.15,87618
2021-06-16 09:36:35,3002.0,87733
2021-06-16 09:36:36,3001.75,87735
2021-06-16 09:36:37,3001.75,87735
2021-06-16 09:36:38,3000.1,88286
2021-06-16 09:36:42,3003.35,88670
2021-06-16 09:36:43,3003.35,88672
2021-06-16 09:36:44,3003.35,88672
2021-06-16 09:36:46,3003.35,88672
2021-06-16 09:36:46,3003.35,88672
2021-06-16 09:36:49,3003.35,88703
2021-06-16 09:36:50,3003.35,88713
2021-06-16 09:36:51,3003.35,88713
2021-06-16 09:36:52,3003.35,88788
2021-06-16 09:36:53,3003.35,88788
2021-06-16 09:36:54,3003.35,88788
2021-06-16 09:36:55,3003.35,88788
2021-06-16 09:36:56,3003.35,88788
2021-06-16 09:36:57,3003.3,88885
2021-06-16 09:36:58,3003.3,88885
2021-06-16 09:36:59,3003.3,88927
2021-06-16 09:37:00,3003.3,88927
2021-06-16 09:37:01,3003.3,88927
2021-06-16 09:37:02,3003.3,88927
2021-06-16 09:37:03,3004.7,89102
2021-06-16 09:37:04,3004.7,89102
2021-06-16 09:37:05,3004.7,89102
2021-06-16 09:37:06,3004.7,89102
2021-06-16 09:37:07,3004.7,89102
2021-06-16 09:37:08,3002.7,89251
2021-06-16 09:37:09,3002.7,89251
2021-06-16 09:37:10,3002.7,89251
2021-06-16 09:37:11,3002.7,89256
2021-06-16 09:37:12,3002.7,89256
2021-06-16 09:37:13,3002.7,89256
2021-06-16 09:37:14,3002.7,89256
2021-06-16 09:37:16,3002.7,89256
2021-06-16 09:37:17,3002.7,89299
2021-06-16 09:37:18,3002.7,89299
2021-06-16 09:37:19,3002.7,89301
2021-06-16 09:37:20,3002.7,89301
2021-06-16 09:37:21,3002.15,89316
2021-06-16 09:37:22,3002.15,89316
2021-06-16 09:37:23,3002.0,89413
2021-06-16 09:37:25,3002.0,89415
2021-06-16 09:37:26,3002.0,89415
2021-06-16 09:37:26,3002.0,89417
2021-06-16 09:37:27,3002.0,89417
2021-06-16 09:37:28,3002.0,89417
2021-06-16 09:37:31,3002.0,89417
2021-06-16 09:37:32,3002.0,89417
2021-06-16 09:37:34,3002.0,89420
2021-06-16 09:37:37,3001.9,89675
2021-06-16 09:37:39,3001.9,89675
2021-06-16 09:37:40,3001.8,89693
2021-06-16 09:37:41,3001.85,89740
2021-06-16 09:37:43,3002.0,89933
2021-06-16 09:37:44,3002.0,90093
2021-06-16 09:37:45,3002.0,90093
2021-06-16 09:37:46,3001.0,90125
2021-06-16 09:37:47,3001.0,90125
2021-06-16 09:37:48,3001.0,90125
2021-06-16 09:37:49,3001.0,90125
2021-06-16 09:37:50,3000.75,90129
2021-06-16 09:37:51,3000.75,90129
2021-06-16 09:37:52,3000.75,90129
2021-06-16 09:37:53,3000.75,90129
2021-06-16 09:37:54,3000.75,90129
2021-06-16 09:37:55,3001.45,90172
2021-06-16 09:37:56,3001.0,90179
2021-06-16 09:37:57,3001.0,90179
2021-06-16 09:37:58,3001.0,90179
2021-06-16 09:37:59,2999.95,90313
2021-06-16 09:38:00,2999.65,90413
2021-06-16 09:38:01,2999.85,90510
2021-06-16 09:38:02,2999.85,90510
2021-06-16 09:38:03,3003.15,90860
2021-06-16 09:38:04,3003.15,90860
2021-06-16 09:38:05,3003.15,90860
2021-06-16 09:38:07,3002.6,90863
2021-06-16 09:38:08,3001.3,90915
2021-06-16 09:38:09,3001.3,90915
2021-06-16 09:38:10,3001.3,90915
2021-06-16 09:38:11,3001.3,90915
2021-06-16 09:38:12,3002.45,90917
2021-06-16 09:38:13,3002.45,90917
2021-06-16 09:38:14,3002.45,90985
2021-06-16 09:38:15,3002.45,91035
2021-06-16 09:38:16,3002.6,91046
2021-06-16 09:38:18,3002.6,91046
2021-06-16 09:38:17,3002.6,91046
2021-06-16 09:38:19,3002.45,91146
2021-06-16 09:38:20,3002.45,91146
2021-06-16 09:38:21,3002.55,91198
2021-06-16 09:38:22,3002.6,91208
2021-06-16 09:38:24,3002.6,91208
2021-06-16 09:38:23,3002.6,91208
2021-06-16 09:38:25,3002.6,91208
2021-06-16 09:38:26,3002.6,91208
2021-06-16 09:38:27,3002.6,91210
2021-06-16 09:38:28,3002.6,91210
2021-06-16 09:38:29,3002.6,91210
2021-06-16 09:38:30,3001.45,91213
2021-06-16 09:38:31,3002.55,91233
2021-06-16 09:38:32,3002.55,91233
2021-06-16 09:38:34,3002.6,91255
2021-06-16 09:38:35,3001.5,91305
2021-06-16 09:38:36,3001.5,91305
2021-06-16 09:38:37,3001.5,91305
2021-06-16 09:38:38,3002.8,91315
2021-06-16 09:38:39,3002.8,91334
2021-06-16 09:38:40,3002.8,91334
2021-06-16 09:38:41,3002.8,91336
2021-06-16 09:38:42,3002.8,91336
2021-06-16 09:38:43,3002.8,91336
2021-06-16 09:38:44,3002.8,91336
2021-06-16 09:38:45,3002.8,91336
2021-06-16 09:38:46,3002.05,91436
2021-06-16 09:38:47,3002.05,91436
2021-06-16 09:38:48,3002.05,91436
2021-06-16 09:38:49,3000.4,92163
2021-06-16 09:38:50,2998.0,93012
2021-06-16 09:38:51,2996.25,93358
2021-06-16 09:38:52,2995.3,93449
2021-06-16 09:38:53,2994.1,94088
2021-06-16 09:38:54,2995.0,94307
2021-06-16 09:38:55,2995.2,95044
2021-06-16 09:38:56,2995.2,95044
2021-06-16 09:38:57,2995.2,95044
2021-06-16 09:38:58,2995.2,95044
2021-06-16 09:38:59,2992.65,95175
2021-06-16 09:39:00,2994.25,95342
2021-06-16 09:39:01,2994.25,95343
2021-06-16 09:39:02,2994.25,95343
2021-06-16 09:39:03,2994.15,95428
2021-06-16 09:39:04,2994.15,95434
2021-06-16 09:39:05,2992.85,95599
2021-06-16 09:39:06,2994.15,95652
2021-06-16 09:39:07,2994.25,95763
2021-06-16 09:39:08,2993.1,95774
2021-06-16 09:39:09,2993.0,95856
2021-06-16 09:39:10,2994.15,95909
2021-06-16 09:39:11,2994.15,95953
2021-06-16 09:39:12,2994.35,96090
2021-06-16 09:39:13,2996.95,96093
2021-06-16 09:39:14,2995.6,96130
2021-06-16 09:39:15,2995.6,96130
2021-06-16 09:39:16,2995.6,96130
2021-06-16 09:39:18,2996.25,96182
2021-06-16 09:39:20,2998.75,96197
2021-06-16 09:39:21,2998.75,96197
2021-06-16 09:39:22,2998.7,96338
2021-06-16 09:39:23,2997.4,96339
2021-06-16 09:39:24,2998.15,96389
2021-06-16 09:39:26,2998.15,96389
2021-06-16 09:39:27,2998.15,96389
2021-06-16 09:39:28,2998.15,96389
2021-06-16 09:39:29,2997.3,96411
2021-06-16 09:39:31,2996.2,96580
2021-06-16 09:39:32,2996.2,96580
2021-06-16 09:39:33,2997.55,96600
2021-06-16 09:39:34,2997.85,96604
2021-06-16 09:39:35,2997.85,96605
2021-06-16 09:39:36,2997.85,96605
2021-06-16 09:39:37,2996.2,96705
2021-06-16 09:39:38,2996.25,96762
2021-06-16 09:39:39,2998.2,96812
2021-06-16 09:39:40,2998.1,96817
2021-06-16 09:39:41,2998.1,96818
2021-06-16 09:39:42,2998.1,96818
2021-06-16 09:39:43,2997.8,96828
2021-06-16 09:39:44,2997.8,96828
2021-06-16 09:39:45,2997.8,96829
2021-06-16 09:39:46,2997.8,96829
2021-06-16 09:39:47,2997.8,96829
2021-06-16 09:39:48,2996.55,96969
2021-06-16 09:39:49,2996.55,97053
2021-06-16 09:39:50,2996.55,97053
2021-06-16 09:39:51,2996.55,97053
2021-06-16 09:39:52,2996.55,97053
2021-06-16 09:39:53,2996.55,97053
2021-06-16 09:39:54,2997.65,97061
2021-06-16 09:39:55,2997.65,97108
2021-06-16 09:39:56,2997.65,97108
2021-06-16 09:39:57,2997.65,97108
2021-06-16 09:39:58,2997.8,97109
2021-06-16 09:40:01,2997.65,97114
2021-06-16 09:40:02,2998.6,97266
2021-06-16 09:40:03,2998.6,97266
2021-06-16 09:40:04,2997.8,97268
2021-06-16 09:40:05,2997.8,97268
2021-06-16 09:40:07,2997.8,97292
2021-06-16 09:40:08,2997.75,97312
2021-06-16 09:40:09,2998.75,97334
2021-06-16 09:40:10,2998.75,97334
2021-06-16 09:40:12,2998.75,97334
2021-06-16 09:40:12,2998.75,97334
2021-06-16 09:40:14,2998.65,97344
2021-06-16 09:40:15,2998.65,97344
2021-06-16 09:40:16,2998.75,97403
2021-06-16 09:40:16,2998.75,97403
2021-06-16 09:40:17,2998.75,97405
2021-06-16 09:40:18,2998.75,97406
2021-06-16 09:40:19,2998.75,97407
2021-06-16 09:40:20,2998.75,97407
2021-06-16 09:40:21,2998.7,97408
2021-06-16 09:40:22,2998.7,97408
2021-06-16 09:40:23,2998.7,97408
2021-06-16 09:40:24,2998.7,97408
2021-06-16 09:40:26,2998.75,97413
2021-06-16 09:40:26,2998.75,97415
2021-06-16 09:40:28,2998.75,97439
2021-06-16 09:40:28,2998.75,97439
2021-06-16 09:40:29,2998.75,97439
2021-06-16 09:40:30,2998.75,97439
2021-06-16 09:40:31,2998.75,97439
2021-06-16 09:40:32,2998.75,97439
2021-06-16 09:40:33,2998.75,97439
2021-06-16 09:40:34,2999.7,97469
2021-06-16 09:40:38,2998.5,97486
2021-06-16 09:40:39,2998.5,97486
2021-06-16 09:40:42,2998.4,97611
2021-06-16 09:40:43,2998.4,97611
2021-06-16 09:40:44,2998.9,97616
2021-06-16 09:40:45,2998.9,97616
2021-06-16 09:40:46,2999.0,97651
2021-06-16 09:40:47,2999.0,97651
2021-06-16 09:40:48,2999.0,97682
2021-06-16 09:40:49,2999.0,97682
2021-06-16 09:40:51,2998.9,97726
2021-06-16 09:40:52,2997.65,97776
2021-06-16 09:40:54,2997.65,97776
2021-06-16 09:40:55,2997.65,97776
2021-06-16 09:40:56,2999.25,97876
2021-06-16 09:40:57,2999.25,97876
2021-06-16 09:40:58,2999.25,97876
2021-06-16 09:40:59,2998.2,97894
2021-06-16 09:41:00,2998.85,97904
2021-06-16 09:41:01,2998.0,97994
2021-06-16 09:41:02,2997.5,98074
2021-06-16 09:41:03,2997.5,98074
2021-06-16 09:41:05,2997.0,98104
2021-06-16 09:41:06,2997.65,98177
2021-06-16 09:41:07,2997.65,98177
2021-06-16 09:41:08,2998.7,98277
2021-06-16 09:41:09,2998.2,98286
2021-06-16 09:41:10,2998.2,98286
2021-06-16 09:41:11,2998.2,98286
2021-06-16 09:41:12,2998.2,98286
2021-06-16 09:41:13,2998.9,98306
2021-06-16 09:41:14,2998.9,98309
2021-06-16 09:41:15,2998.9,98309
2021-06-16 09:41:16,2998.9,98309
2021-06-16 09:41:17,2998.9,98314
2021-06-16 09:41:18,2998.9,98314
2021-06-16 09:41:19,2998.9,98314
2021-06-16 09:41:21,2998.9,98314
2021-06-16 09:41:21,2998.9,98314
2021-06-16 09:41:22,2998.9,98314
2021-06-16 09:41:23,2998.9,98314
2021-06-16 09:41:24,2998.9,98351
2021-06-16 09:41:25,2998.9,98351
2021-06-16 09:41:26,2998.9,98351
2021-06-16 09:41:27,2998.9,98351
2021-06-16 09:41:28,2998.9,98351
2021-06-16 09:41:29,2998.9,98351
2021-06-16 09:41:30,2998.9,98351
2021-06-16 09:41:31,2998.9,98351
2021-06-16 09:41:32,2998.9,98353
2021-06-16 09:41:33,2998.9,98353
2021-06-16 09:41:34,2998.9,98353
2021-06-16 09:41:35,2998.9,98363
2021-06-16 09:41:36,2998.9,98363
2021-06-16 09:41:39,2998.9,98363
2021-06-16 09:41:39,2998.9,98363
2021-06-16 09:41:40,2998.65,98373
2021-06-16 09:41:41,2998.65,98373
2021-06-16 09:41:43,2998.7,98392
2021-06-16 09:41:44,2998.7,98392
2021-06-16 09:41:45,2998.7,98392
2021-06-16 09:41:46,2998.7,98392
2021-06-16 09:41:48,2997.6,98892
2021-06-16 09:41:49,2997.6,98892
2021-06-16 09:41:50,2998.6,98946
2021-06-16 09:41:52,2998.6,98946
2021-06-16 09:41:57,2998.6,98946
2021-06-16 09:41:58,2998.6,98967
2021-06-16 09:41:59,2998.6,98967
2021-06-16 09:42:00,2998.6,98969
2021-06-16 09:42:01,2997.5,98970
2021-06-16 09:42:02,2998.7,99047
2021-06-16 09:42:04,2998.7,99047
2021-06-16 09:42:05,2998.7,99047
2021-06-16 09:42:06,2998.7,99047
2021-06-16 09:42:07,2998.7,99047
2021-06-16 09:42:07,2998.7,99047
2021-06-16 09:42:08,2998.7,99047
2021-06-16 09:42:09,2998.7,99047
2021-06-16 09:42:10,2998.7,99047
2021-06-16 09:42:11,2998.7,99047
2021-06-16 09:42:13,2998.7,99048
2021-06-16 09:42:14,2998.7,99048
2021-06-16 09:42:15,2998.7,99048
2021-06-16 09:42:15,2998.7,99048
2021-06-16 09:42:17,2998.7,99048
2021-06-16 09:42:18,2998.7,99048
2021-06-16 09:42:19,2998.7,99048
2021-06-16 09:42:19,2998.7,99048
2021-06-16 09:42:20,2998.7,99048
2021-06-16 09:42:21,2998.55,99060
2021-06-16 09:42:22,2998.55,99062
2021-06-16 09:42:24,2998.55,99133
2021-06-16 09:42:25,2998.55,99143
2021-06-16 09:42:26,2998.55,99143
2021-06-16 09:42:27,2998.55,99148
2021-06-16 09:42:27,2998.55,99148
2021-06-16 09:42:30,3000.8,100066
2021-06-16 09:42:31,2999.1,100119
2021-06-16 09:42:34,3000.3,100131
2021-06-16 09:42:35,3000.3,100131
2021-06-16 09:42:35,3000.3,100131
2021-06-16 09:42:36,3000.3,100131
2021-06-16 09:42:37,3000.3,100131
2021-06-16 09:42:39,3000.3,100163
2021-06-16 09:42:40,3000.3,100203
2021-06-16 09:42:41,3000.3,100207
2021-06-16 09:42:42,3000.95,100208
2021-06-16 09:42:43,2999.6,100249
2021-06-16 09:42:44,2999.6,100254
2021-06-16 09:42:45,3000.9,100299
2021-06-16 09:42:46,3000.9,100299
2021-06-16 09:42:47,3000.95,100350
2021-06-16 09:42:47,3000.95,100350
2021-06-16 09:42:48,3000.95,100350
2021-06-16 09:42:50,3000.95,100350
2021-06-16 09:42:51,3000.95,100350
2021-06-16 09:42:53,3000.95,100350
2021-06-16 09:42:53,3000.95,100350
2021-06-16 09:42:54,3000.55,100486
2021-06-16 09:42:55,3000.55,100486
2021-06-16 09:42:57,3000.55,100486
2021-06-16 09:42:57,3000.55,100486
2021-06-16 09:42:58,3000.55,100486
2021-06-16 09:42:59,3000.95,100528
2021-06-16 09:43:01,3001.8,100729
2021-06-16 09:43:02,3001.8,100729
2021-06-16 09:43:03,3001.8,100781
2021-06-16 09:43:04,3001.8,100781
2021-06-16 09:43:04,3001.8,100781
2021-06-16 09:43:05,3000.3,100832
2021-06-16 09:43:06,3000.3,100832
2021-06-16 09:43:07,3000.3,100895
2021-06-16 09:43:08,3000.3,100908
2021-06-16 09:43:09,3000.3,100917
2021-06-16 09:43:10,3000.3,100943
2021-06-16 09:43:11,3000.3,100943
2021-06-16 09:43:12,3000.3,100944
2021-06-16 09:43:14,3000.3,101091
2021-06-16 09:43:15,3000.3,101101
2021-06-16 09:43:16,3000.3,101212
2021-06-16 09:43:16,3000.3,101212
2021-06-16 09:43:17,2999.4,101358
2021-06-16 09:43:18,3000.45,101494
2021-06-16 09:43:19,3000.45,101494
2021-06-16 09:43:20,3000.45,101494
2021-06-16 09:43:21,3000.3,101528
2021-06-16 09:43:22,2999.15,101586
2021-06-16 09:43:23,2999.15,101586
2021-06-16 09:43:24,2999.15,101586
2021-06-16 09:43:25,2999.15,101586
2021-06-16 09:43:26,2999.15,101586
2021-06-16 09:43:27,2999.15,101586
2021-06-16 09:43:28,2999.4,101596
2021-06-16 09:43:30,2999.4,101596
2021-06-16 09:43:31,2999.4,101596
2021-06-16 09:43:31,2999.4,101596
2021-06-16 09:43:32,2999.4,101596
2021-06-16 09:43:33,2998.7,101646
2021-06-16 09:43:34,2998.7,101646
2021-06-16 09:43:35,2998.7,101646
2021-06-16 09:43:36,2998.7,101646
2021-06-16 09:43:38,2999.3,101689
2021-06-16 09:43:39,2999.3,101689
2021-06-16 09:43:40,2999.3,101689
2021-06-16 09:43:41,2999.3,101689
2021-06-16 09:43:42,2999.3,101740
2021-06-16 09:43:43,2999.3,101741
2021-06-16 09:43:44,2999.3,101741
2021-06-16 09:43:45,2999.3,101741
2021-06-16 09:43:45,2999.3,101741
2021-06-16 09:43:46,2999.3,101741
2021-06-16 09:43:49,2999.4,101746
2021-06-16 09:43:50,2999.3,101824
2021-06-16 09:43:50,2997.8,101874
2021-06-16 09:43:52,2997.0,101875
2021-06-16 09:43:53,2997.05,101900
2021-06-16 09:43:54,2996.0,101905
2021-06-16 09:43:55,2996.0,101905
2021-06-16 09:43:56,2996.0,101910
2021-06-16 09:43:57,2997.0,101931
2021-06-16 09:43:57,2997.55,101952
2021-06-16 09:43:58,2997.55,101952
2021-06-16 09:43:59,2997.5,102063
2021-06-16 09:44:00,2995.15,102388
2021-06-16 09:44:01,2995.15,102388
2021-06-16 09:44:02,2995.15,102388
2021-06-16 09:44:03,2995.25,102416
2021-06-16 09:44:04,2995.2,102436
2021-06-16 09:44:06,2995.2,102436
2021-06-16 09:44:07,2995.2,102436
2021-06-16 09:44:08,2995.2,102436
2021-06-16 09:44:09,2995.2,102436
2021-06-16 09:44:10,2995.0,102836
2021-06-16 09:44:12,2995.0,102836
2021-06-16 09:44:13,2995.7,102838
2021-06-16 09:44:14,2995.7,102838
2021-06-16 09:44:15,2995.0,102863
2021-06-16 09:44:17,2995.0,102906
2021-06-16 09:44:18,2995.7,103020
2021-06-16 09:44:19,2994.2,104740
2021-06-16 09:44:20,2994.2,104740
2021-06-16 09:44:21,2992.55,104749
2021-06-16 09:44:22,2993.7,104902
2021-06-16 09:44:23,2990.05,107112
2021-06-16 09:44:24,2990.05,107112
2021-06-16 09:44:25,2993.4,107117
2021-06-16 09:44:26,2993.4,107117
2021-06-16 09:44:27,2993.4,107117
2021-06-16 09:44:28,2991.65,107187
2021-06-16 09:44:29,2993.05,107266
2021-06-16 09:44:30,2993.05,107273
2021-06-16 09:44:30,2993.05,107273
2021-06-16 09:44:31,2991.65,107288
2021-06-16 09:44:32,2991.65,107315
2021-06-16 09:44:33,2991.65,107315
2021-06-16 09:44:34,2992.7,107357
2021-06-16 09:44:36,2992.7,107362
2021-06-16 09:44:37,2991.65,107412
2021-06-16 09:44:38,2991.65,107412
2021-06-16 09:44:39,2991.65,107412
2021-06-16 09:44:40,2991.65,107412
2021-06-16 09:44:42,2992.7,107431
2021-06-16 09:44:43,2991.65,107588
2021-06-16 09:44:44,2995.5,110932
2021-06-16 09:44:45,2995.0,110935
2021-06-16 09:44:46,2995.0,110935
2021-06-16 09:44:47,2995.0,110935
2021-06-16 09:44:48,2995.0,110936
2021-06-16 09:44:49,2995.0,110936
2021-06-16 09:44:50,2991.9,111107
2021-06-16 09:44:51,2991.8,111177
2021-06-16 09:44:53,2991.7,111193
2021-06-16 09:44:54,2993.1,111212
2021-06-16 09:44:55,2993.5,111222
2021-06-16 09:44:56,2993.5,111222
2021-06-16 09:44:57,2993.5,111222
2021-06-16 09:44:58,2993.5,111222
2021-06-16 09:44:59,2993.5,111222
2021-06-16 09:45:00,2994.5,111223
2021-06-16 09:45:01,2994.55,111227
2021-06-16 09:45:01,2994.55,111227
2021-06-16 09:45:02,2995.0,111228
2021-06-16 09:45:03,2995.0,111228
2021-06-16 09:45:04,2995.0,111237
2021-06-16 09:45:05,2995.0,111237
2021-06-16 09:45:06,2994.5,111238
2021-06-16 09:45:08,2993.7,111373
2021-06-16 09:45:09,2993.7,111417
2021-06-16 09:45:10,2994.0,111428
2021-06-16 09:45:11,2994.0,111428
2021-06-16 09:45:11,2994.0,111428
2021-06-16 09:45:12,2994.0,111478
2021-06-16 09:45:13,2994.0,111483
2021-06-16 09:45:14,2994.9,111510
2021-06-16 09:45:16,2994.95,111612
2021-06-16 09:45:17,2994.95,111642
2021-06-16 09:45:18,2994.95,111642
2021-06-16 09:45:19,2994.3,111647
2021-06-16 09:45:20,2994.9,111652
2021-06-16 09:45:22,2994.9,111797
2021-06-16 09:45:23,2994.95,111805
2021-06-16 09:45:24,2994.95,111805
2021-06-16 09:45:24,2994.95,111805
2021-06-16 09:45:26,2994.95,111805
2021-06-16 09:45:27,2994.95,111864
2021-06-16 09:45:28,2994.95,111864
2021-06-16 09:45:30,2994.85,111865
2021-06-16 09:45:31,2994.85,111866
2021-06-16 09:45:32,2995.0,111960
2021-06-16 09:45:33,2994.9,111975
2021-06-16 09:45:34,2994.9,111975
2021-06-16 09:45:34,2994.9,111975
2021-06-16 09:45:36,2994.9,111975
2021-06-16 09:45:37,2994.9,111975
2021-06-16 09:45:40,2994.5,112045
2021-06-16 09:45:41,2995.0,112115
2021-06-16 09:45:42,2995.0,112138
2021-06-16 09:45:42,2995.0,112138
2021-06-16 09:45:43,2995.0,112138
2021-06-16 09:45:44,2995.0,112138
2021-06-16 09:45:47,2994.9,112147
2021-06-16 09:45:48,2994.9,112147
2021-06-16 09:45:49,2994.9,112147
2021-06-16 09:45:50,2994.8,112189
2021-06-16 09:45:51,2994.5,112416
2021-06-16 09:45:51,2994.5,112416
2021-06-16 09:45:52,2994.5,112416
2021-06-16 09:45:53,2994.5,112416
2021-06-16 09:45:56,2994.5,112416
2021-06-16 09:45:57,2994.5,112416
2021-06-16 09:45:58,2992.55,112616
2021-06-16 09:45:59,2992.55,112616
2021-06-16 09:46:00,2992.55,112616
2021-06-16 09:46:01,2994.75,112816
2021-06-16 09:46:02,2994.75,112816
2021-06-16 09:46:03,2994.75,112816
2021-06-16 09:46:04,2994.2,112828
2021-06-16 09:46:05,2994.2,112829
2021-06-16 09:46:06,2994.2,112829
2021-06-16 09:46:07,2992.8,112832
2021-06-16 09:46:08,2992.8,112832
2021-06-16 09:46:09,2994.1,112876
2021-06-16 09:46:10,2994.1,112878
2021-06-16 09:46:11,2994.1,112878
2021-06-16 09:46:13,2994.1,112878
2021-06-16 09:46:15,2994.1,112893
2021-06-16 09:46:15,2994.1,112893
2021-06-16 09:46:16,2992.8,112896
2021-06-16 09:46:17,2992.8,112896
2021-06-16 09:46:19,2992.8,112896
2021-06-16 09:46:20,2993.7,112897
2021-06-16 09:46:21,2993.7,112912
2021-06-16 09:46:22,2993.7,112912
2021-06-16 09:46:23,2994.15,112987
2021-06-16 09:46:24,2993.0,112998
2021-06-16 09:46:25,2994.25,113001
2021-06-16 09:46:26,2993.7,113016
2021-06-16 09:46:26,2993.7,113016
2021-06-16 09:46:27,2993.7,113016
2021-06-16 09:46:29,2995.2,113052
2021-06-16 09:46:30,2995.0,113124
2021-06-16 09:46:31,2995.0,113139
2021-06-16 09:46:32,2995.0,113139
2021-06-16 09:46:34,2995.75,113149
2021-06-16 09:46:35,2995.75,113149
2021-06-16 09:46:36,2996.0,113150
2021-06-16 09:46:37,2996.0,113152
2021-06-16 09:46:38,2995.4,113172
2021-06-16 09:46:38,2995.4,113172
2021-06-16 09:46:39,2995.4,113172
2021-06-16 09:46:41,2995.95,113187
2021-06-16 09:46:41,2995.95,113187
2021-06-16 09:46:43,2995.95,113187
2021-06-16 09:46:44,2995.4,113197
2021-06-16 09:46:45,2995.95,113216
2021-06-16 09:46:46,2995.95,113216
2021-06-16 09:46:48,2995.95,113251
2021-06-16 09:46:48,2995.95,113251
2021-06-16 09:46:49,2995.95,113252
2021-06-16 09:46:50,2995.05,113254
2021-06-16 09:46:52,2995.95,113256
2021-06-16 09:46:53,2995.95,113256
2021-06-16 09:46:54,2994.15,113321
2021-06-16 09:46:55,2994.15,113321
2021-06-16 09:46:56,2993.8,113331
2021-06-16 09:46:57,2994.0,113333
2021-06-16 09:46:58,2994.0,113333
2021-06-16 09:46:59,2994.0,113333
2021-06-16 09:47:01,2994.0,113333
2021-06-16 09:47:02,2991.4,114495
2021-06-16 09:47:03,2988.55,116255
2021-06-16 09:47:04,2988.1,116530
2021-06-16 09:47:05,2988.0,116827
2021-06-16 09:47:06,2989.5,116896
2021-06-16 09:47:07,2989.5,116896
2021-06-16 09:47:08,2989.5,116896
2021-06-16 09:47:10,2988.4,116980
2021-06-16 09:47:11,2988.4,116980
2021-06-16 09:47:11,2989.8,116982
2021-06-16 09:47:13,2988.3,116994
2021-06-16 09:47:14,2989.8,116999
2021-06-16 09:47:15,2990.6,117032
2021-06-16 09:47:16,2990.6,117032
2021-06-16 09:47:17,2990.6,117032
2021-06-16 09:47:19,2990.6,117032
2021-06-16 09:47:20,2990.6,117032
2021-06-16 09:47:21,2990.6,117032
2021-06-16 09:47:22,2990.6,117032
2021-06-16 09:47:22,2990.6,117032
2021-06-16 09:47:23,2990.5,117100
2021-06-16 09:47:25,2990.7,117118
2021-06-16 09:47:26,2990.7,117118
2021-06-16 09:47:27,2990.0,117214
2021-06-16 09:47:28,2990.0,117214
2021-06-16 09:47:29,2990.0,117264
2021-06-16 09:47:30,2988.0,118089
2021-06-16 09:47:30,2988.0,118240
2021-06-16 09:47:31,2988.0,118523
2021-06-16 09:47:32,2986.65,118978
2021-06-16 09:47:35,2987.0,119064
2021-06-16 09:47:36,2988.0,119086
2021-06-16 09:47:37,2988.0,119086
2021-06-16 09:47:38,2988.0,119095
2021-06-16 09:47:39,2988.0,119115
2021-06-16 09:47:40,2988.05,119233
2021-06-16 09:47:41,2988.0,119363
2021-06-16 09:47:41,2988.0,119363
2021-06-16 09:47:42,2988.7,119373
2021-06-16 09:47:44,2988.7,119452
2021-06-16 09:47:45,2988.0,119512
2021-06-16 09:47:46,2988.0,119517
2021-06-16 09:47:47,2988.7,119530
2021-06-16 09:47:48,2988.5,119817
2021-06-16 09:47:49,2988.5,119817
2021-06-16 09:47:50,2988.5,119817
2021-06-16 09:47:51,2987.4,119844
2021-06-16 09:47:52,2987.35,119977
2021-06-16 09:47:53,2987.3,120081
2021-06-16 09:47:54,2986.0,120130
2021-06-16 09:47:54,2986.0,120130
2021-06-16 09:47:55,2986.0,120130
2021-06-16 09:47:56,2986.0,120130
2021-06-16 09:47:58,2987.25,120132
2021-06-16 09:47:59,2987.2,120252
2021-06-16 09:48:00,2987.2,120404
2021-06-16 09:48:01,2987.2,120404
2021-06-16 09:48:02,2987.2,120456
2021-06-16 09:48:03,2987.3,120536
2021-06-16 09:48:04,2985.0,121317
2021-06-16 09:48:04,2985.0,121387
2021-06-16 09:48:05,2986.4,121577
2021-06-16 09:48:06,2986.05,121710
2021-06-16 09:48:07,2986.05,121952
2021-06-16 09:48:08,2986.35,121972
2021-06-16 09:48:10,2986.75,122043
2021-06-16 09:48:11,2986.1,122049
2021-06-16 09:48:12,2986.05,122070
2021-06-16 09:48:13,2986.05,122070
2021-06-16 09:48:15,2986.05,122095
2021-06-16 09:48:16,2986.05,122095
2021-06-16 09:48:17,2986.05,122095
2021-06-16 09:48:18,2986.75,122204
2021-06-16 09:48:19,2986.05,122254
2021-06-16 09:48:20,2986.05,122262
2021-06-16 09:48:21,2986.05,122262
2021-06-16 09:48:22,2986.4,122343
2021-06-16 09:48:23,2986.75,122389
2021-06-16 09:48:24,2986.75,122394
2021-06-16 09:48:25,2986.5,122414
2021-06-16 09:48:26,2987.15,122520
2021-06-16 09:48:27,2987.15,122520
2021-06-16 09:48:29,2988.0,122531
2021-06-16 09:48:30,2988.0,122534
2021-06-16 09:48:31,2988.0,122547
2021-06-16 09:48:32,2987.75,122572
2021-06-16 09:48:33,2988.45,122577
2021-06-16 09:48:34,2987.65,122580
2021-06-16 09:48:35,2989.0,122638
2021-06-16 09:48:36,2989.0,122638
2021-06-16 09:48:37,2988.5,122684
2021-06-16 09:48:38,2989.7,122809
2021-06-16 09:48:39,2989.7,122809
2021-06-16 09:48:40,2989.7,122809
2021-06-16 09:48:41,2989.5,122862
2021-06-16 09:48:42,2988.9,122879
2021-06-16 09:48:43,2988.9,122879
2021-06-16 09:48:44,2988.9,122879
2021-06-16 09:48:45,2989.15,122890
2021-06-16 09:48:46,2989.15,122890
2021-06-16 09:48:47,2988.9,122898
2021-06-16 09:48:48,2988.9,122898
2021-06-16 09:48:49,2988.9,122898
2021-06-16 09:48:50,2988.9,122898
2021-06-16 09:48:52,2988.55,122948
2021-06-16 09:48:53,2988.55,122951
2021-06-16 09:48:54,2989.15,122953
2021-06-16 09:48:56,2987.1,123322
2021-06-16 09:48:55,2987.1,123322
2021-06-16 09:48:58,2988.4,123464
2021-06-16 09:48:59,2988.65,123626
2021-06-16 09:49:01,2987.4,123683
2021-06-16 09:49:02,2987.4,123683
2021-06-16 09:49:03,2987.4,123683
2021-06-16 09:49:04,2988.0,123685
2021-06-16 09:49:05,2988.0,123686
2021-06-16 09:49:07,2988.0,123706
2021-06-16 09:49:06,2988.0,123706
2021-06-16 09:49:08,2988.0,123707
2021-06-16 09:49:09,2988.0,123717
2021-06-16 09:49:10,2988.0,123753
2021-06-16 09:49:12,2987.45,123855
2021-06-16 09:49:13,2987.4,123865
2021-06-16 09:49:14,2987.45,123895
2021-06-16 09:49:15,2987.45,123897
2021-06-16 09:49:16,2987.45,123897
2021-06-16 09:49:17,2987.4,123899
2021-06-16 09:49:18,2987.45,123944
2021-06-16 09:49:19,2987.45,123963
2021-06-16 09:49:20,2988.85,124008
2021-06-16 09:49:21,2988.65,124031
2021-06-16 09:49:23,2987.45,124062
2021-06-16 09:49:24,2987.45,124062
2021-06-16 09:49:25,2987.45,124062
2021-06-16 09:49:26,2987.45,124062
2021-06-16 09:49:27,2987.45,124062
2021-06-16 09:49:28,2988.15,124067
2021-06-16 09:49:29,2988.15,124067
2021-06-16 09:49:30,2988.15,124075
2021-06-16 09:49:31,2988.15,124075
2021-06-16 09:49:32,2988.15,124196
2021-06-16 09:49:33,2988.15,124201
2021-06-16 09:49:35,2988.15,124215
2021-06-16 09:49:37,2988.15,124223
2021-06-16 09:49:38,2988.8,124315
2021-06-16 09:49:39,2987.45,124356
2021-06-16 09:49:40,2988.6,124361
2021-06-16 09:49:42,2988.6,124361
2021-06-16 09:49:43,2988.6,124361
2021-06-16 09:49:44,2988.6,124361
2021-06-16 09:49:47,2988.6,124367
2021-06-16 09:49:48,2988.6,124367
2021-06-16 09:49:49,2988.6,124367
2021-06-16 09:49:51,2986.2,124591
2021-06-16 09:49:52,2986.5,124606
2021-06-16 09:49:53,2986.5,124606
2021-06-16 09:49:54,2986.5,124606
2021-06-16 09:49:55,2986.5,124606
2021-06-16 09:49:56,2986.5,124606
2021-06-16 09:49:58,2986.45,124641
2021-06-16 09:49:59,2986.45,124641
2021-06-16 09:50:00,2986.5,124655
2021-06-16 09:50:01,2986.5,124655
2021-06-16 09:50:02,2986.0,124726
2021-06-16 09:50:03,2986.55,124727
2021-06-16 09:50:04,2986.05,124740
2021-06-16 09:50:05,2986.0,124840
2021-06-16 09:50:06,2986.0,124840
2021-06-16 09:50:07,2986.0,124840
2021-06-16 09:50:08,2986.0,124840
2021-06-16 09:50:09,2986.0,124890
2021-06-16 09:50:10,2986.55,124895
2021-06-16 09:50:11,2986.55,124899
2021-06-16 09:50:12,2986.55,124901
2021-06-16 09:50:13,2986.9,124964
2021-06-16 09:50:14,2986.9,124964
2021-06-16 09:50:15,2987.85,124967
2021-06-16 09:50:16,2987.85,125019
2021-06-16 09:50:17,2987.85,125022
2021-06-16 09:50:18,2987.85,125026
2021-06-16 09:50:19,2987.85,125026
2021-06-16 09:50:20,2988.5,125043
2021-06-16 09:50:21,2988.5,125043
2021-06-16 09:50:22,2988.5,125043
2021-06-16 09:50:24,2988.0,125053
2021-06-16 09:50:23,2988.0,125053
2021-06-16 09:50:25,2988.3,125054
2021-06-16 09:50:26,2988.3,125065
2021-06-16 09:50:27,2988.3,125066
2021-06-16 09:50:28,2987.85,125127
2021-06-16 09:50:29,2987.85,125127
2021-06-16 09:50:30,2987.85,125127
2021-06-16 09:50:31,2987.85,125127
2021-06-16 09:50:32,2987.85,125127
2021-06-16 09:50:33,2987.8,125167
2021-06-16 09:50:34,2987.85,125170
2021-06-16 09:50:35,2987.75,125267
2021-06-16 09:50:36,2987.75,125267
2021-06-16 09:50:37,2987.75,125267
2021-06-16 09:50:39,2987.85,125344
2021-06-16 09:50:38,2987.85,125344
2021-06-16 09:50:40,2987.85,125394
2021-06-16 09:50:41,2987.85,125394
2021-06-16 09:50:42,2987.85,125409
2021-06-16 09:50:43,2987.85,125409
2021-06-16 09:50:44,2988.0,125414
2021-06-16 09:50:45,2988.0,125414
2021-06-16 09:50:46,2987.85,125418
2021-06-16 09:50:47,2987.75,125539
2021-06-16 09:50:48,2987.75,125539
2021-06-16 09:50:50,2987.85,125543
2021-06-16 09:50:50,2987.85,125543
2021-06-16 09:50:51,2987.85,125543
2021-06-16 09:50:53,2988.0,125565
2021-06-16 09:50:53,2988.0,125565
2021-06-16 09:50:55,2988.0,125623
2021-06-16 09:50:55,2988.0,125623
2021-06-16 09:50:56,2987.85,125668
2021-06-16 09:50:57,2987.85,125668
2021-06-16 09:50:58,2988.0,125671
2021-06-16 09:50:59,2988.0,125671
2021-06-16 09:51:00,2988.0,125672
2021-06-16 09:51:01,2988.0,125687
2021-06-16 09:51:02,2988.0,125689
2021-06-16 09:51:04,2987.7,125924
2021-06-16 09:51:05,2988.0,125987
2021-06-16 09:51:06,2988.0,126007
2021-06-16 09:51:08,2988.0,126008
2021-06-16 09:51:09,2986.0,126123
2021-06-16 09:51:11,2986.0,126126
2021-06-16 09:51:12,2985.95,126185
2021-06-16 09:51:13,2985.95,126228
2021-06-16 09:51:14,2985.0,126596
2021-06-16 09:51:15,2985.0,126596
2021-06-16 09:51:16,2985.95,126728
2021-06-16 09:51:17,2986.75,126748
2021-06-16 09:51:18,2986.75,126748
2021-06-16 09:51:19,2986.75,126748
2021-06-16 09:51:20,2986.75,126748
2021-06-16 09:51:21,2986.75,126748
2021-06-16 09:51:22,2986.2,126750
2021-06-16 09:51:23,2986.2,126760
2021-06-16 09:51:25,2987.7,126810
2021-06-16 09:51:26,2987.7,126810
2021-06-16 09:51:27,2987.7,126810
2021-06-16 09:51:28,2987.5,126811
2021-06-16 09:51:29,2987.5,126854
2021-06-16 09:51:30,2987.5,126854
2021-06-16 09:51:32,2987.0,126855
2021-06-16 09:51:32,2987.5,126860
2021-06-16 09:51:33,2987.75,126898
2021-06-16 09:51:34,2987.75,126898
2021-06-16 09:51:35,2987.05,126903
2021-06-16 09:51:36,2987.05,126903
2021-06-16 09:51:37,2987.05,126903
2021-06-16 09:51:38,2987.65,126938
2021-06-16 09:51:39,2987.65,126949
2021-06-16 09:51:40,2987.65,126949
2021-06-16 09:51:41,2987.65,126961
2021-06-16 09:51:42,2987.65,126966
2021-06-16 09:51:44,2987.65,126966
2021-06-16 09:51:44,2987.65,126966
2021-06-16 09:51:45,2987.75,127238
2021-06-16 09:51:46,2987.75,127241
2021-06-16 09:51:47,2987.9,127266
2021-06-16 09:51:48,2987.75,127272
2021-06-16 09:51:49,2987.75,127272
2021-06-16 09:51:50,2987.8,127289
2021-06-16 09:51:51,2987.8,127332
2021-06-16 09:51:53,2986.75,127444
2021-06-16 09:51:53,2986.75,127444
2021-06-16 09:51:54,2986.75,127444
2021-06-16 09:51:55,2986.75,127444
2021-06-16 09:51:57,2987.0,127469
2021-06-16 09:51:58,2987.0,127469
2021-06-16 09:51:59,2986.75,127565
2021-06-16 09:52:01,2986.75,127604
2021-06-16 09:52:02,2986.75,127604
2021-06-16 09:52:03,2986.75,127604
2021-06-16 09:52:04,2986.9,127638
2021-06-16 09:52:05,2986.9,127638
2021-06-16 09:52:06,2987.0,127640
2021-06-16 09:52:06,2987.0,127640
2021-06-16 09:52:07,2986.9,127690
2021-06-16 09:52:08,2986.9,127690
2021-06-16 09:52:09,2987.0,127694
2021-06-16 09:52:10,2987.0,127703
2021-06-16 09:52:11,2987.0,127703
2021-06-16 09:52:12,2987.1,127736
2021-06-16 09:52:13,2987.1,127736
2021-06-16 09:52:14,2987.1,127736
2021-06-16 09:52:15,2986.8,128064
2021-06-16 09:52:16,2986.8,128064
2021-06-16 09:52:17,2986.8,128094
2021-06-16 09:52:18,2986.8,128099
2021-06-16 09:52:20,2986.8,128099
2021-06-16 09:52:20,2986.8,128099
2021-06-16 09:52:21,2986.8,128099
2021-06-16 09:52:22,2986.85,128130
2021-06-16 09:52:24,2986.5,128133
2021-06-16 09:52:23,2986.5,128132
2021-06-16 09:52:25,2986.7,128134
2021-06-16 09:52:26,2986.7,128154
2021-06-16 09:52:28,2986.7,128157
2021-06-16 09:52:29,2986.7,128200
2021-06-16 09:52:30,2986.7,128200
2021-06-16 09:52:31,2986.7,128201
2021-06-16 09:52:32,2986.7,128201
2021-06-16 09:52:33,2986.5,128211
2021-06-16 09:52:34,2986.5,128211
2021-06-16 09:52:35,2986.5,128211
2021-06-16 09:52:36,2986.5,128249
2021-06-16 09:52:37,2986.7,128254
2021-06-16 09:52:38,2986.7,128255
2021-06-16 09:52:39,2986.7,128268
2021-06-16 09:52:40,2986.7,128268
2021-06-16 09:52:42,2986.0,128322
2021-06-16 09:52:43,2986.7,128323
2021-06-16 09:52:44,2986.7,128323
2021-06-16 09:52:45,2986.7,128323
2021-06-16 09:52:46,2986.7,128323
2021-06-16 09:52:47,2986.7,128348
2021-06-16 09:52:48,2986.7,128376
2021-06-16 09:52:49,2986.7,128381
2021-06-16 09:52:50,2986.0,128382
2021-06-16 09:52:51,2987.1,128482
2021-06-16 09:52:52,2986.9,128485
2021-06-16 09:52:53,2986.9,128485
2021-06-16 09:52:54,2986.9,128485
2021-06-16 09:52:55,2986.9,128486
2021-06-16 09:52:56,2986.9,128486
2021-06-16 09:52:57,2986.9,128486
2021-06-16 09:52:58,2987.95,128551
2021-06-16 09:52:59,2987.95,128551
2021-06-16 09:53:00,2987.95,128551
2021-06-16 09:53:01,2987.95,128551
2021-06-16 09:53:02,2987.95,128551
2021-06-16 09:53:03,2987.95,128551
2021-06-16 09:53:04,2987.95,128551
2021-06-16 09:53:05,2987.7,128561
2021-06-16 09:53:06,2987.7,128561
2021-06-16 09:53:07,2987.75,128637
2021-06-16 09:53:08,2987.75,128637
2021-06-16 09:53:10,2987.75,128644
2021-06-16 09:53:12,2987.75,128644
2021-06-16 09:53:13,2986.7,128695
2021-06-16 09:53:14,2986.7,128695
2021-06-16 09:53:16,2988.1,128916
2021-06-16 09:53:17,2988.1,128916
2021-06-16 09:53:18,2988.1,128916
2021-06-16 09:53:19,2988.1,128916
2021-06-16 09:53:20,2988.0,128966
2021-06-16 09:53:22,2988.0,128966
2021-06-16 09:53:23,2988.0,128966
2021-06-16 09:53:23,2988.0,128966
2021-06-16 09:53:24,2987.95,128968
2021-06-16 09:53:25,2987.9,128973
2021-06-16 09:53:26,2987.9,129036
2021-06-16 09:53:27,2987.9,129038
2021-06-16 09:53:28,2987.9,129042
2021-06-16 09:53:30,2987.9,129047
2021-06-16 09:53:31,2987.9,129047
2021-06-16 09:53:32,2987.9,129047
2021-06-16 09:53:32,2987.9,129069
2021-06-16 09:53:33,2987.9,129069
2021-06-16 09:53:35,2987.9,129069
2021-06-16 09:53:36,2987.9,129069
2021-06-16 09:53:36,2987.9,129069
2021-06-16 09:53:37,2987.9,129069
2021-06-16 09:53:38,2987.9,129069
2021-06-16 09:53:39,2987.9,129069
2021-06-16 09:53:40,2987.9,129069
2021-06-16 09:53:42,2987.9,129069
2021-06-16 09:53:43,2987.9,129069
2021-06-16 09:53:44,2987.9,129069
2021-06-16 09:53:45,2987.9,129085
2021-06-16 09:53:47,2987.9,129096
2021-06-16 09:53:48,2987.9,129096
2021-06-16 09:53:48,2987.9,129096
2021-06-16 09:53:50,2987.9,129099
2021-06-16 09:53:50,2987.9,129099
2021-06-16 09:53:51,2987.9,129099
2021-06-16 09:53:52,2987.9,129099
2021-06-16 09:53:53,2987.9,129099
2021-06-16 09:53:54,2987.9,129099
2021-06-16 09:53:55,2987.9,129099
2021-06-16 09:53:56,2987.9,129099
2021-06-16 09:53:57,2988.65,129599
2021-06-16 09:53:58,2988.65,129599
2021-06-16 09:53:59,2988.65,129599
2021-06-16 09:54:00,2990.0,129657
2021-06-16 09:54:01,2990.0,129657
2021-06-16 09:54:02,2990.0,129657
2021-06-16 09:54:03,2990.0,129657
2021-06-16 09:54:04,2990.0,129743
2021-06-16 09:54:06,2990.0,129743
2021-06-16 09:54:07,2990.0,129751
2021-06-16 09:54:08,2990.0,129752
2021-06-16 09:54:09,2990.0,129752
2021-06-16 09:54:10,2990.0,129752
2021-06-16 09:54:11,2990.0,129752
2021-06-16 09:54:12,2990.0,129752
2021-06-16 09:54:13,2990.3,129787
2021-06-16 09:54:14,2990.3,129787
2021-06-16 09:54:16,2990.3,129787
2021-06-16 09:54:16,2990.35,129817
2021-06-16 09:54:19,2990.35,129817
2021-06-16 09:54:20,2991.25,129822
2021-06-16 09:54:20,2991.25,129822
2021-06-16 09:54:22,2991.25,129828
2021-06-16 09:54:23,2991.25,129828
2021-06-16 09:54:23,2991.25,129854
2021-06-16 09:54:24,2991.25,129854
2021-06-16 09:54:25,2991.4,130004
2021-06-16 09:54:27,2991.4,130004
2021-06-16 09:54:29,2991.4,130004
2021-06-16 09:54:31,2991.4,130014
2021-06-16 09:54:31,2991.4,130016
2021-06-16 09:54:33,2992.3,130197
2021-06-16 09:54:34,2992.3,130197
2021-06-16 09:54:35,2991.45,130199
2021-06-16 09:54:37,2991.45,130199
2021-06-16 09:54:38,2991.45,130199
2021-06-16 09:54:39,2991.45,130201
2021-06-16 09:54:40,2991.4,130264
2021-06-16 09:54:41,2991.4,130264
2021-06-16 09:54:42,2991.45,130303
2021-06-16 09:54:43,2991.45,130303
2021-06-16 09:54:43,2991.45,130303
2021-06-16 09:54:44,2992.2,130313
2021-06-16 09:54:45,2992.2,130344
2021-06-16 09:54:46,2992.2,130344
2021-06-16 09:54:47,2992.2,130344
2021-06-16 09:54:48,2992.2,130344
2021-06-16 09:54:49,2992.2,130344
2021-06-16 09:54:50,2992.2,130344
2021-06-16 09:54:53,2992.2,130344
2021-06-16 09:54:51,2992.2,130344
2021-06-16 09:54:54,2992.2,130344
2021-06-16 09:54:55,2992.2,130345
2021-06-16 09:54:56,2992.2,130345
2021-06-16 09:54:57,2992.2,130355
2021-06-16 09:54:58,2992.2,130355
2021-06-16 09:54:59,2992.2,130355
2021-06-16 09:55:00,2991.45,130401
2021-06-16 09:55:01,2992.3,130411
2021-06-16 09:55:03,2991.45,130556
2021-06-16 09:55:04,2992.3,130561
2021-06-16 09:55:05,2992.3,130570
2021-06-16 09:55:10,2992.3,130570
2021-06-16 09:55:10,2992.3,130570
2021-06-16 09:55:11,2992.3,130570
2021-06-16 09:55:12,2992.3,130570
2021-06-16 09:55:13,2992.1,130571
2021-06-16 09:55:15,2992.1,130571
2021-06-16 09:55:16,2992.1,130621
2021-06-16 09:55:18,2992.0,130624
2021-06-16 09:55:20,2991.5,130667
2021-06-16 09:55:20,2991.5,130667
2021-06-16 09:55:22,2991.5,130667
2021-06-16 09:55:22,2991.5,130667
2021-06-16 09:55:24,2991.05,130718
2021-06-16 09:55:25,2991.05,130718
2021-06-16 09:55:26,2991.5,130719
2021-06-16 09:55:27,2991.5,130719
2021-06-16 09:55:27,2991.5,130719
2021-06-16 09:55:29,2991.55,130725
2021-06-16 09:55:29,2991.55,130725
2021-06-16 09:55:30,2991.55,130725
2021-06-16 09:55:33,2991.55,130725
2021-06-16 09:55:34,2991.55,130725
2021-06-16 09:55:35,2991.55,130725
2021-06-16 09:55:37,2991.55,130725
2021-06-16 09:55:38,2991.55,130751
2021-06-16 09:55:39,2991.55,130771
2021-06-16 09:55:40,2991.55,130771
2021-06-16 09:55:41,2991.55,130771
2021-06-16 09:55:42,2991.55,130787
2021-06-16 09:55:42,2991.55,130787
2021-06-16 09:55:43,2991.55,130787
2021-06-16 09:55:45,2991.55,130807
2021-06-16 09:55:47,2991.0,130810
2021-06-16 09:55:48,2991.4,130820
2021-06-16 09:55:49,2991.4,130820
2021-06-16 09:55:50,2990.4,130821
2021-06-16 09:55:51,2990.4,130832
2021-06-16 09:55:52,2990.4,130832
2021-06-16 09:55:53,2990.4,130832
2021-06-16 09:55:54,2990.4,130832
2021-06-16 09:55:54,2990.4,130832
2021-06-16 09:55:55,2990.35,130863
2021-06-16 09:55:56,2990.35,130868
2021-06-16 09:55:58,2991.0,130924
2021-06-16 09:55:59,2991.0,130924
2021-06-16 09:56:01,2991.0,130924
2021-06-16 09:56:01,2991.0,130924
2021-06-16 09:56:02,2991.0,130924
2021-06-16 09:56:04,2991.0,130924
2021-06-16 09:56:05,2991.0,130924
2021-06-16 09:56:05,2991.0,130930
2021-06-16 09:56:07,2990.0,130931
2021-06-16 09:56:07,2990.0,130931
2021-06-16 09:56:08,2990.0,130931
2021-06-16 09:56:09,2991.0,130934
2021-06-16 09:56:10,2991.0,130944
2021-06-16 09:56:11,2991.0,130944
2021-06-16 09:56:13,2991.0,130944
2021-06-16 09:56:13,2991.0,130944
2021-06-16 09:56:15,2991.0,130944
2021-06-16 09:56:16,2989.75,131055
2021-06-16 09:56:17,2989.75,131086
2021-06-16 09:56:18,2989.75,131087
2021-06-16 09:56:18,2989.75,131087
2021-06-16 09:56:19,2988.5,131107
2021-06-16 09:56:21,2988.5,131107
2021-06-16 09:56:22,2988.5,131107
2021-06-16 09:56:23,2988.5,131107
2021-06-16 09:56:24,2988.5,131107
2021-06-16 09:56:25,2989.45,131115
2021-06-16 09:56:25,2988.0,131113
2021-06-16 09:56:27,2989.45,131115
2021-06-16 09:56:28,2989.45,131115
2021-06-16 09:56:29,2988.05,131119
2021-06-16 09:56:31,2988.5,131121
2021-06-16 09:56:32,2988.5,131121
2021-06-16 09:56:34,2988.5,131131
2021-06-16 09:56:35,2988.5,131131
2021-06-16 09:56:35,2988.5,131131
2021-06-16 09:56:37,2988.5,131149
2021-06-16 09:56:38,2988.0,131179
2021-06-16 09:56:39,2988.0,131179
2021-06-16 09:56:40,2988.5,131230
2021-06-16 09:56:41,2988.5,131232
2021-06-16 09:56:42,2988.5,131232
2021-06-16 09:56:43,2988.5,131233
2021-06-16 09:56:44,2988.5,131233
2021-06-16 09:56:45,2988.5,131233
2021-06-16 09:56:46,2988.5,131233
2021-06-16 09:56:46,2988.5,131233
2021-06-16 09:56:47,2988.0,131308
2021-06-16 09:56:49,2988.5,131309
2021-06-16 09:56:50,2988.5,131309
2021-06-16 09:56:51,2988.0,131317
2021-06-16 09:56:52,2988.0,131317
2021-06-16 09:56:53,2988.0,131317
2021-06-16 09:56:54,2988.0,131317
2021-06-16 09:56:54,2988.0,131317
2021-06-16 09:56:58,2988.0,131401
2021-06-16 09:56:57,2988.0,131401
2021-06-16 09:56:59,2988.0,131401
2021-06-16 09:57:00,2988.0,131401
2021-06-16 09:57:01,2988.0,131486
2021-06-16 09:57:02,2988.0,131486
2021-06-16 09:57:03,2988.0,131486
2021-06-16 09:57:04,2988.45,131502
2021-06-16 09:57:05,2988.45,131505
2021-06-16 09:57:06,2988.0,131517
2021-06-16 09:57:07,2988.45,131580
2021-06-16 09:57:08,2988.45,131580
2021-06-16 09:57:09,2988.45,131630
2021-06-16 09:57:10,2988.45,131630
2021-06-16 09:57:11,2988.5,131645
2021-06-16 09:57:12,2988.5,131645
2021-06-16 09:57:13,2988.5,131645
2021-06-16 09:57:14,2988.5,131660
2021-06-16 09:57:15,2988.55,131697
2021-06-16 09:57:15,2988.55,131697
2021-06-16 09:57:17,2988.55,131712
2021-06-16 09:57:18,2988.55,131712
2021-06-16 09:57:19,2988.55,131712
2021-06-16 09:57:20,2988.55,131712
2021-06-16 09:57:21,2988.55,131712
2021-06-16 09:57:22,2988.55,131712
2021-06-16 09:57:23,2988.55,131712
2021-06-16 09:57:24,2988.55,131718
2021-06-16 09:57:25,2988.55,131718
2021-06-16 09:57:26,2988.55,131718
2021-06-16 09:57:27,2988.55,131718
2021-06-16 09:57:28,2988.55,131718
2021-06-16 09:57:29,2988.55,131754
2021-06-16 09:57:30,2988.55,131756
2021-06-16 09:57:31,2989.9,131859
2021-06-16 09:57:32,2989.9,131859
2021-06-16 09:57:33,2989.65,131891
2021-06-16 09:57:34,2989.65,131891
2021-06-16 09:57:35,2989.65,131891
2021-06-16 09:57:35,2989.65,131891
2021-06-16 09:57:37,2989.65,131891
2021-06-16 09:57:38,2989.65,131891
2021-06-16 09:57:38,2989.65,131891
2021-06-16 09:57:39,2989.65,131891
2021-06-16 09:57:42,2989.65,131891
2021-06-16 09:57:43,2989.65,131891
2021-06-16 09:57:44,2989.65,131941
2021-06-16 09:57:45,2989.65,131941
2021-06-16 09:57:46,2989.65,131941
2021-06-16 09:57:47,2989.6,131969
2021-06-16 09:57:48,2989.1,132174
2021-06-16 09:57:49,2989.1,132177
2021-06-16 09:57:50,2989.1,132177
2021-06-16 09:57:51,2989.1,132197
2021-06-16 09:57:52,2989.1,132218
2021-06-16 09:57:53,2989.1,132224
2021-06-16 09:57:54,2989.95,132248
2021-06-16 09:57:55,2989.95,132248
2021-06-16 09:57:56,2989.95,132249
2021-06-16 09:57:56,2989.95,132250
2021-06-16 09:57:57,2990.3,132252
2021-06-16 09:57:58,2989.55,132302
2021-06-16 09:57:59,2989.55,132302
2021-06-16 09:58:01,2989.55,132302
2021-06-16 09:58:02,2989.3,132353
2021-06-16 09:58:03,2989.3,132353
2021-06-16 09:58:04,2989.3,132353
2021-06-16 09:58:05,2989.95,132355
2021-06-16 09:58:06,2989.95,132355
2021-06-16 09:58:07,2989.95,132355
2021-06-16 09:58:08,2989.95,132355
2021-06-16 09:58:09,2989.95,132355
2021-06-16 09:58:10,2989.95,132355
2021-06-16 09:58:11,2989.95,132378
2021-06-16 09:58:12,2989.95,132378
2021-06-16 09:58:13,2989.95,132378
2021-06-16 09:58:14,2990.4,132496
2021-06-16 09:58:15,2990.1,132497
2021-06-16 09:58:16,2990.1,132497
2021-06-16 09:58:17,2992.0,132517
2021-06-16 09:58:18,2992.0,132517
2021-06-16 09:58:18,2992.0,132517
2021-06-16 09:58:20,2990.4,132522
2021-06-16 09:58:21,2990.4,132522
2021-06-16 09:58:22,2990.4,132522
2021-06-16 09:58:23,2990.4,132522
2021-06-16 09:58:24,2990.4,132522
2021-06-16 09:58:24,2990.4,132522
2021-06-16 09:58:25,2990.4,132522
2021-06-16 09:58:26,2990.4,132522
2021-06-16 09:58:27,2990.4,132522
2021-06-16 09:58:28,2990.4,132522
2021-06-16 09:58:30,2990.4,132522
2021-06-16 09:58:30,2990.85,132547
2021-06-16 09:58:31,2990.85,132547
2021-06-16 09:58:32,2990.85,132547
2021-06-16 09:58:33,2990.85,132553
2021-06-16 09:58:35,2990.85,132553
2021-06-16 09:58:36,2990.85,132553
2021-06-16 09:58:37,2990.85,132553
2021-06-16 09:58:38,2990.85,132554
2021-06-16 09:58:39,2990.85,132554
2021-06-16 09:58:40,2990.85,132554
2021-06-16 09:58:41,2990.85,132554
2021-06-16 09:58:42,2990.85,132554
2021-06-16 09:58:43,2990.85,132554
2021-06-16 09:58:44,2990.85,132554
2021-06-16 09:58:45,2990.85,132554
2021-06-16 09:58:45,2990.45,132555
2021-06-16 09:58:46,2990.45,132555
2021-06-16 09:58:48,2990.45,132557
2021-06-16 09:58:48,2990.8,132568
2021-06-16 09:58:49,2990.8,132576
2021-06-16 09:58:50,2990.8,132576
2021-06-16 09:58:52,2990.8,132576
2021-06-16 09:58:53,2990.8,132576
2021-06-16 09:58:53,2990.8,132576
2021-06-16 09:58:54,2990.8,132576
2021-06-16 09:58:55,2990.8,132576
2021-06-16 09:58:57,2990.8,132576
2021-06-16 09:58:58,2990.8,132576
2021-06-16 09:58:59,2990.8,132591
2021-06-16 09:59:00,2990.45,132593
2021-06-16 09:59:00,2990.45,132594
2021-06-16 09:59:01,2990.45,132594
2021-06-16 09:59:02,2990.8,132595
2021-06-16 09:59:03,2990.8,132595
2021-06-16 09:59:04,2990.8,132595
2021-06-16 09:59:06,2990.8,132595
2021-06-16 09:59:07,2990.8,132595
2021-06-16 09:59:08,2990.8,132604
2021-06-16 09:59:09,2990.8,132604
2021-06-16 09:59:10,2990.8,132604
2021-06-16 09:59:11,2990.5,132605
2021-06-16 09:59:12,2990.0,132652
2021-06-16 09:59:14,2990.0,132652
2021-06-16 09:59:15,2990.0,132652
2021-06-16 09:59:16,2990.0,132652
2021-06-16 09:59:17,2990.0,132652
2021-06-16 09:59:18,2990.0,132652
2021-06-16 09:59:19,2990.0,132652
2021-06-16 09:59:20,2990.0,132652
2021-06-16 09:59:21,2990.8,132752
2021-06-16 09:59:22,2990.8,132752
2021-06-16 09:59:23,2990.1,132755
2021-06-16 09:59:24,2990.1,132755
2021-06-16 09:59:25,2990.1,132755
2021-06-16 09:59:26,2990.1,132755
2021-06-16 09:59:27,2990.7,132779
2021-06-16 09:59:28,2990.7,132779
2021-06-16 09:59:29,2990.8,132789
2021-06-16 09:59:30,2990.8,132789
2021-06-16 09:59:31,2990.8,132789
2021-06-16 09:59:32,2990.8,132789
2021-06-16 09:59:34,2990.8,132789
2021-06-16 09:59:35,2990.8,132789
2021-06-16 09:59:36,2990.3,132790
2021-06-16 09:59:37,2990.3,132791
2021-06-16 09:59:38,2990.8,132828
2021-06-16 09:59:39,2990.7,132829
2021-06-16 09:59:40,2990.7,132859
2021-06-16 09:59:41,2990.7,132859
2021-06-16 09:59:42,2990.3,132862
2021-06-16 09:59:43,2990.3,132862
2021-06-16 09:59:44,2990.3,132862
2021-06-16 09:59:45,2990.1,132874
2021-06-16 09:59:46,2990.3,132876
2021-06-16 09:59:47,2990.65,132887
2021-06-16 09:59:48,2990.65,132904
2021-06-16 09:59:49,2990.65,132919
2021-06-16 09:59:50,2990.65,132919
2021-06-16 09:59:51,2990.65,132919
2021-06-16 09:59:52,2990.65,132919
2021-06-16 09:59:53,2990.65,132919
2021-06-16 09:59:54,2990.65,132919
2021-06-16 09:59:55,2990.1,132944
2021-06-16 09:59:56,2990.1,132949
2021-06-16 09:59:57,2990.1,132949
2021-06-16 10:00:00,2990.1,132949
2021-06-16 09:59:59,2990.1,132949
2021-06-16 10:00:01,2990.1,132949
2021-06-16 10:00:02,2990.1,132949
2021-06-16 10:00:04,2990.7,132999
2021-06-16 10:00:05,2990.5,133019
2021-06-16 10:00:06,2990.5,133019
2021-06-16 10:00:07,2990.5,133019
2021-06-16 10:00:08,2990.5,133020
2021-06-16 10:00:09,2990.0,133263
2021-06-16 10:00:10,2990.0,133263
2021-06-16 10:00:11,2990.0,133263
2021-06-16 10:00:12,2990.0,133263
2021-06-16 10:00:14,2990.65,133293
2021-06-16 10:00:15,2990.65,133293
2021-06-16 10:00:16,2990.6,133294
2021-06-16 10:00:17,2990.6,133299
2021-06-16 10:00:18,2990.6,133299
2021-06-16 10:00:19,2990.6,133300
2021-06-16 10:00:20,2990.6,133330
2021-06-16 10:00:21,2990.6,133330
2021-06-16 10:00:22,2990.6,133330
2021-06-16 10:00:23,2990.6,133330
2021-06-16 10:00:24,2990.6,133365
2021-06-16 10:00:26,2990.6,133365
2021-06-16 10:00:27,2990.6,133365
2021-06-16 10:00:28,2990.4,133420
2021-06-16 10:00:29,2990.4,133420
2021-06-16 10:00:30,2990.4,133420
2021-06-16 10:00:31,2990.4,133420
2021-06-16 10:00:32,2990.4,133420
2021-06-16 10:00:33,2990.4,133420
2021-06-16 10:00:34,2990.4,133420
2021-06-16 10:00:35,2990.4,133421
2021-06-16 10:00:36,2990.4,133421
2021-06-16 10:00:37,2990.4,133422
2021-06-16 10:00:38,2990.4,133422
2021-06-16 10:00:39,2990.4,133529
2021-06-16 10:00:41,2990.4,133529
2021-06-16 10:00:42,2990.4,133529
2021-06-16 10:00:44,2990.7,133559
2021-06-16 10:00:45,2990.7,133559
2021-06-16 10:00:46,2990.1,133627
2021-06-16 10:00:47,2990.1,133627
2021-06-16 10:00:48,2990.1,133627
2021-06-16 10:00:50,2990.1,133642
2021-06-16 10:00:51,2990.1,133645
2021-06-16 10:00:54,2990.1,133645
2021-06-16 10:00:55,2990.1,133645
2021-06-16 10:00:56,2990.1,133645
2021-06-16 10:00:58,2990.1,133645
2021-06-16 10:00:59,2990.1,133645
2021-06-16 10:01:00,2990.1,133648
2021-06-16 10:01:01,2990.1,133648
2021-06-16 10:01:02,2990.6,133665
2021-06-16 10:01:04,2990.1,133666
2021-06-16 10:01:05,2990.1,133666
2021-06-16 10:01:06,2990.1,133666
2021-06-16 10:01:07,2990.1,133666
2021-06-16 10:01:08,2990.05,133966
2021-06-16 10:01:09,2990.05,133966
2021-06-16 10:01:10,2990.05,133984
2021-06-16 10:01:11,2990.05,133984
2021-06-16 10:01:13,2990.6,133989
2021-06-16 10:01:14,2990.6,133989
2021-06-16 10:01:15,2990.6,133989
2021-06-16 10:01:17,2990.45,133999
2021-06-16 10:01:18,2990.45,133999
2021-06-16 10:01:19,2990.45,133999
2021-06-16 10:01:21,2990.45,134051
2021-06-16 10:01:22,2990.45,134060
2021-06-16 10:01:23,2990.45,134060
2021-06-16 10:01:24,2990.45,134060
2021-06-16 10:01:26,2990.05,134079
2021-06-16 10:01:26,2990.05,134079
2021-06-16 10:01:28,2990.45,134129
2021-06-16 10:01:28,2990.45,134129
2021-06-16 10:01:31,2990.45,134129
2021-06-16 10:01:31,2990.45,134129
2021-06-16 10:01:32,2990.05,134166
2021-06-16 10:01:33,2990.45,134198
2021-06-16 10:01:35,2990.6,134201
2021-06-16 10:01:36,2990.6,134201
2021-06-16 10:01:37,2990.6,134201
2021-06-16 10:01:39,2990.6,134201
2021-06-16 10:01:39,2990.6,134201
2021-06-16 10:01:41,2990.45,134273
2021-06-16 10:01:41,2990.45,134273
2021-06-16 10:01:42,2990.45,134273
2021-06-16 10:01:43,2990.45,134273
2021-06-16 10:01:45,2990.45,134273
2021-06-16 10:01:45,2990.5,134373
2021-06-16 10:01:47,2990.5,134373
2021-06-16 10:01:47,2990.5,134373
2021-06-16 10:01:48,2990.5,134373
2021-06-16 10:01:49,2990.45,134375
2021-06-16 10:01:50,2990.45,134375
2021-06-16 10:01:52,2990.45,134375
2021-06-16 10:01:54,2990.45,134375
2021-06-16 10:01:55,2990.0,134394
2021-06-16 10:01:57,2990.0,134394
2021-06-16 10:01:58,2990.0,134394
2021-06-16 10:01:58,2990.0,134394
2021-06-16 10:01:59,2990.4,134423
2021-06-16 10:02:01,2990.4,134433
2021-06-16 10:02:01,2990.4,134433
2021-06-16 10:02:02,2990.4,134433
2021-06-16 10:02:03,2990.4,134433
2021-06-16 10:02:04,2990.0,134438
2021-06-16 10:02:05,2990.0,134438
2021-06-16 10:02:06,2990.0,134438
2021-06-16 10:02:07,2990.0,134438
2021-06-16 10:02:08,2990.0,134468
2021-06-16 10:02:09,2990.0,134468
2021-06-16 10:02:10,2990.5,134599
2021-06-16 10:02:11,2990.05,134617
2021-06-16 10:02:12,2990.05,134617
2021-06-16 10:02:13,2990.05,134617
2021-06-16 10:02:14,2990.05,134617
2021-06-16 10:02:15,2990.05,134617
2021-06-16 10:02:16,2990.05,134617
2021-06-16 10:02:18,2990.5,134669
2021-06-16 10:02:18,2990.5,134711
2021-06-16 10:02:19,2990.5,134746
2021-06-16 10:02:20,2990.5,134746
2021-06-16 10:02:22,2990.5,134748
2021-06-16 10:02:23,2990.5,134748
2021-06-16 10:02:24,2990.5,134748
2021-06-16 10:02:25,2990.5,134795
2021-06-16 10:02:27,2990.0,134816
2021-06-16 10:02:29,2990.0,134816
2021-06-16 10:02:31,2990.45,134817
2021-06-16 10:02:33,2990.0,134917
2021-06-16 10:02:33,2990.0,134917
2021-06-16 10:02:34,2990.0,134917
2021-06-16 10:02:36,2990.0,134917
2021-06-16 10:02:37,2990.0,134917
2021-06-16 10:02:37,2990.45,134958
2021-06-16 10:02:39,2990.45,134958
2021-06-16 10:02:40,2990.45,134958
2021-06-16 10:02:41,2990.05,134976
2021-06-16 10:02:41,2990.05,134976
2021-06-16 10:02:42,2990.05,134976
2021-06-16 10:02:43,2990.0,135029
2021-06-16 10:02:44,2990.0,135029
2021-06-16 10:02:45,2990.05,135034
2021-06-16 10:02:46,2990.05,135065
2021-06-16 10:02:47,2990.05,135110
2021-06-16 10:02:48,2990.5,135115
2021-06-16 10:02:50,2990.5,135140
2021-06-16 10:02:51,2990.5,135140
2021-06-16 10:02:52,2990.5,135140
2021-06-16 10:02:53,2990.5,135140
2021-06-16 10:02:54,2990.5,135140
2021-06-16 10:02:55,2990.05,135238
2021-06-16 10:02:56,2990.7,135262
2021-06-16 10:02:58,2990.8,135286
2021-06-16 10:02:58,2990.8,135286
2021-06-16 10:02:59,2990.8,135286
2021-06-16 10:03:00,2990.8,135286
2021-06-16 10:03:01,2990.8,135286
2021-06-16 10:03:02,2990.8,135286
2021-06-16 10:03:04,2993.85,137599
2021-06-16 10:03:04,2992.55,137656
2021-06-16 10:03:05,2992.55,137656
2021-06-16 10:03:06,2992.55,137656
2021-06-16 10:03:08,2992.55,137656
2021-06-16 10:03:09,2992.35,137688
2021-06-16 10:03:10,2992.35,137688
2021-06-16 10:03:11,2991.1,137758
2021-06-16 10:03:12,2991.1,137759
2021-06-16 10:03:13,2991.1,137759
2021-06-16 10:03:14,2991.1,137759
2021-06-16 10:03:15,2992.4,138124
2021-06-16 10:03:16,2992.45,138154
2021-06-16 10:03:17,2992.45,138154
2021-06-16 10:03:19,2992.45,138154
2021-06-16 10:03:20,2992.45,138154
2021-06-16 10:03:21,2992.35,138164
2021-06-16 10:03:21,2992.35,138164
2021-06-16 10:03:23,2992.35,138164
2021-06-16 10:03:24,2992.35,138164
2021-06-16 10:03:25,2992.35,138175
2021-06-16 10:03:25,2992.35,138175
2021-06-16 10:03:26,2992.45,138299
2021-06-16 10:03:29,2992.45,138379
2021-06-16 10:03:30,2992.45,138379
2021-06-16 10:03:31,2992.45,138405
2021-06-16 10:03:33,2992.45,138452
2021-06-16 10:03:33,2992.45,138422
2021-06-16 10:03:34,2992.45,138494
2021-06-16 10:03:35,2992.45,138494
2021-06-16 10:03:36,2992.45,138494
2021-06-16 10:03:37,2992.45,138494
2021-06-16 10:03:38,2992.45,138494
2021-06-16 10:03:40,2992.45,138494
2021-06-16 10:03:41,2992.35,138512
2021-06-16 10:03:42,2992.35,138554
2021-06-16 10:03:42,2992.35,138554
2021-06-16 10:03:44,2992.35,138554
2021-06-16 10:03:45,2992.35,138610
2021-06-16 10:03:46,2992.35,138625
2021-06-16 10:03:47,2992.35,138625
2021-06-16 10:03:48,2992.45,138665
2021-06-16 10:03:50,2992.35,138722
2021-06-16 10:03:51,2992.35,138722
2021-06-16 10:03:52,2992.35,139394
2021-06-16 10:03:53,2992.2,139437
2021-06-16 10:03:53,2992.2,139437
2021-06-16 10:03:54,2992.2,139437
2021-06-16 10:03:55,2992.2,139437
2021-06-16 10:03:57,2991.35,139457
2021-06-16 10:03:58,2991.35,139457
2021-06-16 10:03:58,2991.35,139457
2021-06-16 10:03:59,2991.35,139457
2021-06-16 10:04:01,2992.45,139466
2021-06-16 10:04:02,2992.45,139466
2021-06-16 10:04:03,2992.45,139466
2021-06-16 10:04:04,2992.45,139466
2021-06-16 10:04:05,2992.45,139466
2021-06-16 10:04:06,2992.45,139466
2021-06-16 10:04:07,2992.45,139466
2021-06-16 10:04:08,2992.45,139466
2021-06-16 10:04:09,2992.45,139466
2021-06-16 10:04:11,2992.1,139485
2021-06-16 10:04:12,2992.1,139512
2021-06-16 10:04:13,2992.1,139512
2021-06-16 10:04:14,2992.1,139512
2021-06-16 10:04:15,2992.1,139512
2021-06-16 10:04:16,2992.1,139512
2021-06-16 10:04:17,2992.1,139512
2021-06-16 10:04:18,2992.1,139512
2021-06-16 10:04:20,2992.1,139512
2021-06-16 10:04:22,2992.1,139512
2021-06-16 10:04:24,2992.0,139518
2021-06-16 10:04:25,2992.1,139558
2021-06-16 10:04:26,2991.35,139567
2021-06-16 10:04:27,2991.35,139567
2021-06-16 10:04:30,2991.35,139567
2021-06-16 10:04:31,2990.7,139575
2021-06-16 10:04:32,2991.15,139586
2021-06-16 10:04:33,2991.15,139586
2021-06-16 10:04:34,2991.95,139591
2021-06-16 10:04:35,2991.95,139591
2021-06-16 10:04:36,2991.95,139591
2021-06-16 10:04:36,2991.95,139591
2021-06-16 10:04:37,2991.95,139591
2021-06-16 10:04:38,2991.95,139591
2021-06-16 10:04:39,2991.95,139591
2021-06-16 10:04:40,2991.95,139591
2021-06-16 10:04:41,2991.15,139610
2021-06-16 10:04:42,2991.15,139610
2021-06-16 10:04:43,2991.15,139610
2021-06-16 10:04:44,2991.15,139610
2021-06-16 10:04:45,2991.15,139610
2021-06-16 10:04:46,2991.9,139618
2021-06-16 10:04:47,2991.15,139619
2021-06-16 10:04:49,2991.9,139621
2021-06-16 10:04:50,2991.5,139628
2021-06-16 10:04:52,2991.5,139628
2021-06-16 10:04:53,2990.65,139658
2021-06-16 10:04:54,2990.65,139658
2021-06-16 10:04:55,2990.65,139658
2021-06-16 10:04:56,2990.6,139677
2021-06-16 10:04:58,2990.6,139677
2021-06-16 10:04:58,2990.6,139677
2021-06-16 10:04:59,2990.6,139677
2021-06-16 10:05:00,2990.6,139677
2021-06-16 10:05:02,2990.6,139677
2021-06-16 10:05:04,2990.55,139692
2021-06-16 10:05:05,2991.5,139700
2021-06-16 10:05:06,2991.5,139700
2021-06-16 10:05:06,2991.5,139700
2021-06-16 10:05:07,2991.5,139700
2021-06-16 10:05:08,2991.5,139700
2021-06-16 10:05:09,2991.4,139740
2021-06-16 10:05:10,2991.4,139740
2021-06-16 10:05:11,2991.4,139778
2021-06-16 10:05:14,2991.4,139783
2021-06-16 10:05:15,2991.4,139799
2021-06-16 10:05:16,2991.4,139799
2021-06-16 10:05:17,2991.4,139799
2021-06-16 10:05:19,2990.55,139840
2021-06-16 10:05:20,2990.55,139840
2021-06-16 10:05:21,2990.55,139840
2021-06-16 10:05:22,2991.5,139842
2021-06-16 10:05:23,2991.4,139845
2021-06-16 10:05:24,2991.4,139845
2021-06-16 10:05:25,2991.4,139875
2021-06-16 10:05:27,2991.2,139876
2021-06-16 10:05:28,2991.2,139886
2021-06-16 10:05:31,2991.5,139904
2021-06-16 10:05:31,2991.5,139904
2021-06-16 10:05:32,2991.5,139904
2021-06-16 10:05:33,2991.5,139904
2021-06-16 10:05:35,2991.5,139908
2021-06-16 10:05:36,2991.5,139908
2021-06-16 10:05:37,2991.5,139908
2021-06-16 10:05:37,2991.5,139908
2021-06-16 10:05:38,2991.5,139908
2021-06-16 10:05:39,2991.5,139908
2021-06-16 10:05:41,2991.3,139909
2021-06-16 10:05:42,2991.3,139909
2021-06-16 10:05:43,2990.55,139910
2021-06-16 10:05:44,2990.55,139910
2021-06-16 10:05:45,2990.55,139910
2021-06-16 10:05:46,2990.55,139910
2021-06-16 10:05:47,2991.1,139915
2021-06-16 10:05:48,2990.55,139918
2021-06-16 10:05:48,2991.1,139915
2021-06-16 10:05:49,2990.55,139918
2021-06-16 10:05:50,2991.1,139928
2021-06-16 10:05:51,2991.5,139978
2021-06-16 10:05:52,2991.5,139978
2021-06-16 10:05:53,2991.5,139978
2021-06-16 10:05:54,2991.5,139979
2021-06-16 10:05:55,2990.7,139998
2021-06-16 10:05:57,2990.7,139998
2021-06-16 10:05:59,2990.7,139998
2021-06-16 10:06:00,2990.7,139998
2021-06-16 10:06:00,2990.7,139998
2021-06-16 10:06:01,2990.7,139998
2021-06-16 10:06:02,2990.7,139998
2021-06-16 10:06:03,2990.7,139998
2021-06-16 10:06:05,2990.7,139998
2021-06-16 10:06:06,2991.0,140011
2021-06-16 10:06:07,2992.3,140039
2021-06-16 10:06:08,2992.0,140051
2021-06-16 10:06:10,2992.7,140098
2021-06-16 10:06:11,2992.0,140155
2021-06-16 10:06:12,2992.7,140156
2021-06-16 10:06:13,2992.7,140156
2021-06-16 10:06:14,2992.7,140156
2021-06-16 10:06:15,2992.0,140189
2021-06-16 10:06:16,2992.0,140189
2021-06-16 10:06:17,2992.0,140553
2021-06-16 10:06:18,2992.0,140553
2021-06-16 10:06:19,2992.0,140553
2021-06-16 10:06:20,2992.0,140553
2021-06-16 10:06:21,2990.5,140919
2021-06-16 10:06:21,2990.5,140919
2021-06-16 10:06:22,2991.55,140929
2021-06-16 10:06:23,2991.55,140954
2021-06-16 10:06:25,2991.55,140954
2021-06-16 10:06:26,2991.55,141060
2021-06-16 10:06:27,2991.55,141060
2021-06-16 10:06:28,2991.8,141099
2021-06-16 10:06:29,2991.8,141099
2021-06-16 10:06:30,2990.25,141129
2021-06-16 10:06:30,2990.25,141129
2021-06-16 10:06:31,2990.25,141129
2021-06-16 10:06:32,2991.75,141155
2021-06-16 10:06:33,2991.75,141155
2021-06-16 10:06:35,2991.75,141155
2021-06-16 10:06:36,2991.75,141155
2021-06-16 10:06:37,2991.75,141155
2021-06-16 10:06:39,2990.4,141156
2021-06-16 10:06:40,2990.4,141156
2021-06-16 10:06:41,2991.8,141177
2021-06-16 10:06:42,2992.0,141288
2021-06-16 10:06:43,2992.0,141288
2021-06-16 10:06:43,2992.0,141288
2021-06-16 10:06:45,2992.75,141378
2021-06-16 10:06:46,2992.75,141378
2021-06-16 10:06:47,2992.0,141413
2021-06-16 10:06:48,2992.0,141413
2021-06-16 10:06:49,2992.0,141413
2021-06-16 10:06:50,2992.75,141415
2021-06-16 10:06:51,2992.0,141439
2021-06-16 10:06:52,2992.0,141439
2021-06-16 10:06:52,2992.0,141439
2021-06-16 10:06:53,2992.0,141439
2021-06-16 10:06:54,2992.0,141439
2021-06-16 10:06:57,2992.0,141490
2021-06-16 10:06:57,2992.0,141490
2021-06-16 10:06:58,2992.0,141490
2021-06-16 10:07:01,2992.0,141528
2021-06-16 10:07:02,2992.0,141528
2021-06-16 10:07:03,2992.0,141528
2021-06-16 10:07:05,2992.0,141583
2021-06-16 10:07:05,2992.0,141583
2021-06-16 10:07:07,2992.0,141683
2021-06-16 10:07:08,2992.0,141693
2021-06-16 10:07:09,2992.0,141693
2021-06-16 10:07:09,2992.0,141724
2021-06-16 10:07:10,2992.5,141756
2021-06-16 10:07:11,2992.0,141757
2021-06-16 10:07:13,2992.0,141757
2021-06-16 10:07:14,2992.45,141824
2021-06-16 10:07:14,2992.45,141824
2021-06-16 10:07:15,2992.45,141824
2021-06-16 10:07:16,2992.45,141824
2021-06-16 10:07:17,2992.45,141824
2021-06-16 10:07:20,2992.45,141824
2021-06-16 10:07:21,2992.45,141824
2021-06-16 10:07:22,2992.45,141878
2021-06-16 10:07:23,2988.2,146357
2021-06-16 10:07:23,2988.2,146357
2021-06-16 10:07:24,2988.2,146357
2021-06-16 10:07:25,2988.05,146376
2021-06-16 10:07:26,2988.05,146376
2021-06-16 10:07:27,2988.05,146376
2021-06-16 10:07:28,2988.05,146376
2021-06-16 10:07:29,2988.1,146416
2021-06-16 10:07:30,2988.1,146416
2021-06-16 10:07:31,2988.1,146416
2021-06-16 10:07:32,2989.65,146427
2021-06-16 10:07:33,2989.65,146427
2021-06-16 10:07:34,2989.5,146937
2021-06-16 10:07:36,2989.5,146937
2021-06-16 10:07:37,2988.1,146938
2021-06-16 10:07:38,2989.65,146948
2021-06-16 10:07:38,2989.65,146948
2021-06-16 10:07:40,2989.65,146948
2021-06-16 10:07:41,2989.6,146977
2021-06-16 10:07:42,2989.65,147059
2021-06-16 10:07:43,2989.65,147069
2021-06-16 10:07:44,2989.7,147169
2021-06-16 10:07:45,2989.65,147194
2021-06-16 10:07:46,2989.65,147194
2021-06-16 10:07:47,2989.65,147194
2021-06-16 10:07:48,2989.65,147194
2021-06-16 10:07:49,2989.65,147194
2021-06-16 10:07:50,2989.7,147195
2021-06-16 10:07:50,2989.7,147195
2021-06-16 10:07:51,2988.1,147205
2021-06-16 10:07:53,2988.1,147205
2021-06-16 10:07:54,2988.1,147205
2021-06-16 10:07:56,2988.1,147255
2021-06-16 10:07:57,2988.1,147255
2021-06-16 10:07:58,2988.65,147290
2021-06-16 10:07:59,2988.65,147290
2021-06-16 10:08:00,2988.8,147315
2021-06-16 10:08:01,2988.8,147315
2021-06-16 10:08:02,2988.8,147315
2021-06-16 10:08:02,2988.8,147315
2021-06-16 10:08:03,2988.95,147334
2021-06-16 10:08:05,2988.95,147334
2021-06-16 10:08:06,2988.95,147334
2021-06-16 10:08:07,2989.6,147336
2021-06-16 10:08:08,2989.6,147336
2021-06-16 10:08:09,2989.6,147336
2021-06-16 10:08:10,2989.6,147336
2021-06-16 10:08:11,2989.65,147337
2021-06-16 10:08:12,2989.45,147354
2021-06-16 10:08:13,2989.45,147354
2021-06-16 10:08:14,2989.1,147384
2021-06-16 10:08:15,2990.0,147409
2021-06-16 10:08:16,2990.0,147409
2021-06-16 10:08:17,2990.0,147409
2021-06-16 10:08:18,2990.3,147515
2021-06-16 10:08:18,2990.3,147515
2021-06-16 10:08:19,2991.1,147548
2021-06-16 10:08:21,2991.1,147548
2021-06-16 10:08:22,2991.1,147563
2021-06-16 10:08:22,2991.1,147548
2021-06-16 10:08:23,2991.1,147563
2021-06-16 10:08:24,2991.1,147565
2021-06-16 10:08:26,2990.2,147585
2021-06-16 10:08:27,2991.2,147595
2021-06-16 10:08:29,2991.65,147598
2021-06-16 10:08:32,2991.65,147640
2021-06-16 10:08:33,2991.65,147640
2021-06-16 10:08:35,2991.65,147640
2021-06-16 10:08:36,2991.65,147640
2021-06-16 10:08:37,2991.65,147640
2021-06-16 10:08:38,2991.65,147658
2021-06-16 10:08:39,2991.65,147658
2021-06-16 10:08:40,2992.0,147678
2021-06-16 10:08:41,2990.4,147696
2021-06-16 10:08:42,2991.8,147796
2021-06-16 10:08:43,2991.8,147796
2021-06-16 10:08:44,2991.8,147801
2021-06-16 10:08:45,2991.8,147801
2021-06-16 10:08:46,2991.8,147801
2021-06-16 10:08:47,2991.8,147801
2021-06-16 10:08:48,2991.8,147801
2021-06-16 10:08:49,2991.8,147801
2021-06-16 10:08:50,2991.8,147801
2021-06-16 10:08:51,2991.8,147801
2021-06-16 10:08:52,2992.0,148300
2021-06-16 10:08:54,2992.0,148300
2021-06-16 10:08:55,2992.0,148300
2021-06-16 10:08:56,2990.25,148319
2021-06-16 10:08:57,2991.5,148384
2021-06-16 10:08:58,2991.5,148384
2021-06-16 10:09:00,2991.5,148384
2021-06-16 10:09:01,2991.9,148395
2021-06-16 10:09:02,2991.9,148395
2021-06-16 10:09:03,2991.9,148395
2021-06-16 10:09:04,2991.9,148395
2021-06-16 10:09:05,2991.9,148395
2021-06-16 10:09:07,2991.6,148462
2021-06-16 10:09:10,2990.25,148481
2021-06-16 10:09:13,2990.25,148481
2021-06-16 10:09:16,2991.6,148498
2021-06-16 10:09:19,2992.0,148505
2021-06-16 10:09:22,2992.0,148505
2021-06-16 10:09:25,2990.6,148561
2021-06-16 10:09:28,2990.4,148631
2021-06-16 10:09:30,2992.0,148691
2021-06-16 10:09:33,2991.85,148694
2021-06-16 10:09:36,2991.85,148730
2021-06-16 10:09:39,2991.85,148730
2021-06-16 10:09:42,2990.45,148748
2021-06-16 10:09:44,2991.85,148749
2021-06-16 10:09:47,2991.85,148799
2021-06-16 10:09:50,2991.85,148799
2021-06-16 10:09:53,2990.5,148800
2021-06-16 10:09:56,2990.45,148874
2021-06-16 10:09:59,2991.8,148875
2021-06-16 10:10:02,2991.8,148895
2021-06-16 10:10:05,2991.6,148941
2021-06-16 10:10:08,2991.6,148941
2021-06-16 10:10:11,2991.6,148992
2021-06-16 10:10:14,2992.0,149052
2021-06-16 10:10:17,2991.6,149056
2021-06-16 10:10:20,2992.0,149066
2021-06-16 10:10:22,2992.0,149066
2021-06-16 10:10:25,2990.0,149167
2021-06-16 10:10:28,2991.75,149196
2021-06-16 10:10:31,2991.75,149196
2021-06-16 10:10:33,2991.5,149209
2021-06-16 10:10:35,2991.5,149209
2021-06-16 10:10:38,2992.0,149226
2021-06-16 10:10:41,2990.85,149245
2021-06-16 10:10:43,2990.85,149245
2021-06-16 10:10:45,2990.85,149245
2021-06-16 10:10:48,2990.85,149245
2021-06-16 10:10:51,2990.85,149245
2021-06-16 10:10:53,2992.0,149351
2021-06-16 10:10:56,2991.45,149370
2021-06-16 10:10:58,2991.45,149370
2021-06-16 10:11:01,2991.45,149413
2021-06-16 10:11:04,2992.05,149539
2021-06-16 10:11:07,2991.85,149583
2021-06-16 10:11:10,2992.5,149626
2021-06-16 10:11:13,2992.3,149642
2021-06-16 10:11:16,2992.3,149642
2021-06-16 10:11:21,2992.95,149648
2021-06-16 10:11:24,2992.95,149648
2021-06-16 10:11:26,2991.65,149669
2021-06-16 10:11:32,2991.45,149688
2021-06-16 10:11:35,2991.5,149690
2021-06-16 10:11:38,2991.3,149701
2021-06-16 10:11:41,2990.35,149719
2021-06-16 10:11:43,2990.35,149719
2021-06-16 10:11:46,2990.35,149719
2021-06-16 10:11:49,2991.0,149726
2021-06-16 10:11:52,2991.0,149726
2021-06-16 10:11:55,2991.0,149747
2021-06-16 10:11:58,2991.0,149747
2021-06-16 10:12:01,2991.0,149748
2021-06-16 10:12:04,2991.0,149749
2021-06-16 10:12:07,2991.0,149768
2021-06-16 10:12:10,2991.0,149768
2021-06-16 10:12:13,2991.0,149829
2021-06-16 10:12:16,2990.0,149830
2021-06-16 10:12:19,2990.0,149830
2021-06-16 10:12:21,2991.0,149831
2021-06-16 10:12:24,2991.0,149857
2021-06-16 10:12:27,2991.0,149892
2021-06-16 10:12:30,2991.0,149892
2021-06-16 10:12:33,2991.0,149917
2021-06-16 10:12:36,2991.0,149920
2021-06-16 10:12:39,2991.0,149920
2021-06-16 10:12:41,2990.0,149941
2021-06-16 10:12:44,2990.0,149941
2021-06-16 10:12:49,2990.95,149987
2021-06-16 10:12:52,2990.95,150045
2021-06-16 10:12:56,2989.15,150066
2021-06-16 10:12:59,2989.15,150066
2021-06-16 10:13:02,2989.3,150096
2021-06-16 10:13:05,2989.15,150219
2021-06-16 10:13:07,2990.1,150229
2021-06-16 10:13:10,2990.1,150229
2021-06-16 10:13:13,2989.25,150273
2021-06-16 10:13:18,2991.0,150300
2021-06-16 10:13:21,2990.1,150301
2021-06-16 10:13:24,2990.1,150356
2021-06-16 10:13:27,2990.1,150372
2021-06-16 10:13:30,2990.1,150372
2021-06-16 10:13:33,2989.9,150373
2021-06-16 10:13:36,2989.15,150374
2021-06-16 10:13:39,2989.9,150386
2021-06-16 10:13:41,2989.15,150405
2021-06-16 10:13:44,2990.35,150428
2021-06-16 10:13:47,2990.35,150428
2021-06-16 10:13:50,2990.65,150448
2021-06-16 10:13:53,2990.65,150448
2021-06-16 10:13:56,2989.25,150467
2021-06-16 10:13:59,2990.6,150468
2021-06-16 10:14:01,2990.6,150477
2021-06-16 10:14:04,2990.6,150477
2021-06-16 10:14:07,2989.5,150483
2021-06-16 10:14:10,2989.5,150483
2021-06-16 10:14:13,2989.5,150501
2021-06-16 10:14:16,2989.5,150501
2021-06-16 10:14:19,2990.2,150506
2021-06-16 10:14:22,2990.2,150516
2021-06-16 10:14:25,2988.3,150953
2021-06-16 10:14:28,2988.1,151000
2021-06-16 10:14:31,2988.1,151004
2021-06-16 10:14:34,2989.35,151024
2021-06-16 10:14:37,2989.35,151042
2021-06-16 10:14:41,2988.1,151141
2021-06-16 10:14:43,2989.2,151152
2021-06-16 10:14:47,2989.2,151152
2021-06-16 10:14:50,2988.8,151191
2021-06-16 10:14:53,2988.8,151191
2021-06-16 10:14:56,2989.0,151276
2021-06-16 10:15:01,2989.0,151357
2021-06-16 10:15:04,2989.0,151359
2021-06-16 10:15:07,2989.0,151398
2021-06-16 10:15:09,2989.0,151400
2021-06-16 10:15:13,2989.1,151737
2021-06-16 10:15:16,2989.1,151737
2021-06-16 10:15:18,2990.6,151792
2021-06-16 10:15:21,2991.0,151861
2021-06-16 10:15:24,2989.9,151871
2021-06-16 10:15:26,2991.0,151891
2021-06-16 10:15:32,2991.0,152066
2021-06-16 10:15:34,2991.0,152066
2021-06-16 10:15:37,2991.0,152194
2021-06-16 10:15:40,2989.05,152554
2021-06-16 10:15:43,2989.3,152572
2021-06-16 10:15:46,2990.7,152575
2021-06-16 10:15:49,2990.7,152576
2021-06-16 10:15:52,2990.7,152576
2021-06-16 10:15:55,2990.4,152699
2021-06-16 10:15:58,2990.2,152719
2021-06-16 10:16:01,2990.0,152720
2021-06-16 10:16:04,2990.0,152720
2021-06-16 10:16:07,2990.0,152760
2021-06-16 10:16:10,2990.0,152812
2021-06-16 10:16:12,2990.4,152831
2021-06-16 10:16:15,2990.2,152871
2021-06-16 10:16:18,2990.2,152871
2021-06-16 10:16:21,2990.2,152871
2021-06-16 10:16:23,2990.0,152873
2021-06-16 10:16:26,2989.35,152952
2021-06-16 10:16:28,2989.05,152976
2021-06-16 10:16:30,2989.05,152976
2021-06-16 10:16:33,2989.05,152976
2021-06-16 10:16:36,2989.05,152976
2021-06-16 10:16:39,2989.35,152979
2021-06-16 10:16:41,2989.0,152998
2021-06-16 10:16:44,2989.0,153038
2021-06-16 10:16:46,2989.0,153040
2021-06-16 10:16:49,2989.0,153062
2021-06-16 10:16:52,2989.0,153067
2021-06-16 10:16:54,2989.0,153104
2021-06-16 10:16:58,2989.0,153129
2021-06-16 10:17:01,2988.8,153160
2021-06-16 10:17:03,2989.7,153168
2021-06-16 10:17:06,2989.0,153485
2021-06-16 10:17:08,2989.65,153493
2021-06-16 10:17:11,2989.0,153511
2021-06-16 10:17:14,2989.65,153512
2021-06-16 10:17:17,2989.65,153513
2021-06-16 10:17:20,2989.65,153513
2021-06-16 10:17:23,2989.65,153513
2021-06-16 10:17:25,2991.1,153807
2021-06-16 10:17:28,2992.0,154030
2021-06-16 10:17:30,2992.0,154030
2021-06-16 10:17:32,2992.0,154030
2021-06-16 10:17:35,2992.5,154040
2021-06-16 10:17:37,2991.5,154042
2021-06-16 10:17:40,2991.4,154054
2021-06-16 10:17:43,2991.4,154072
2021-06-16 10:17:45,2991.4,154082
2021-06-16 10:17:48,2992.4,154088
2021-06-16 10:17:50,2992.4,154088
2021-06-16 10:17:53,2991.4,154089
2021-06-16 10:17:55,2991.4,154142
2021-06-16 10:18:01,2992.4,154143
2021-06-16 10:18:04,2992.4,154143
2021-06-16 10:18:06,2992.4,154143
2021-06-16 10:18:12,2991.2,154168
2021-06-16 10:18:14,2991.2,154173
2021-06-16 10:18:17,2991.2,154173
2021-06-16 10:18:20,2991.2,154173
2021-06-16 10:18:24,2991.2,154173
2021-06-16 10:18:26,2991.6,154200
2021-06-16 10:18:29,2991.6,154200
2021-06-16 10:18:32,2990.25,154208
2021-06-16 10:18:35,2991.2,154210
2021-06-16 10:18:38,2992.25,157492
2021-06-16 10:18:40,2993.0,157495
2021-06-16 10:18:43,2991.3,157513
2021-06-16 10:18:46,2992.75,157544
2021-06-16 10:18:48,2991.25,157556
2021-06-16 10:18:51,2992.2,157564
2021-06-16 10:18:54,2992.15,157565
2021-06-16 10:18:57,2991.25,157585
2021-06-16 10:18:59,2990.5,157630
2021-06-16 10:19:02,2990.5,157630
2021-06-16 10:19:05,2990.5,157650
2021-06-16 10:19:07,2990.5,157650
2021-06-16 10:19:12,2990.5,157669
2021-06-16 10:19:14,2990.5,157669
2021-06-16 10:19:17,2990.5,157669
2021-06-16 10:19:19,2990.5,157674
2021-06-16 10:19:22,2991.75,157688
2021-06-16 10:19:25,2991.75,157688
2021-06-16 10:19:27,2990.5,157707
2021-06-16 10:19:30,2991.75,157729
2021-06-16 10:19:33,2991.75,157729
2021-06-16 10:19:36,2991.75,157729
2021-06-16 10:19:39,2990.55,157733
2021-06-16 10:19:41,2990.55,157752
2021-06-16 10:19:44,2991.45,157761
2021-06-16 10:19:47,2991.35,157762
2021-06-16 10:19:50,2991.35,157762
2021-06-16 10:19:52,2989.25,158167
2021-06-16 10:19:55,2989.25,158167
2021-06-16 10:19:57,2989.25,158186
2021-06-16 10:20:00,2989.55,158206
2021-06-16 10:20:03,2989.55,158206
2021-06-16 10:20:06,2989.5,158210
2021-06-16 10:20:09,2989.5,158210
2021-06-16 10:20:11,2989.55,158244
2021-06-16 10:20:14,2990.6,158267
2021-06-16 10:20:17,2990.6,158267
2021-06-16 10:20:19,2990.6,158267
2021-06-16 10:20:22,2990.6,158267
2021-06-16 10:20:24,2990.35,158317
2021-06-16 10:20:27,2990.25,158338
2021-06-16 10:20:29,2990.25,158338
2021-06-16 10:20:32,2990.25,158338
2021-06-16 10:20:34,2990.25,158342
2021-06-16 10:20:37,2990.25,158342
2021-06-16 10:20:43,2990.05,158387
2021-06-16 10:20:45,2990.05,158392
2021-06-16 10:20:48,2990.05,158394
2021-06-16 10:20:50,2990.05,158444
2021-06-16 10:20:53,2990.05,158474
2021-06-16 10:20:55,2989.6,158562
2021-06-16 10:20:58,2989.6,158562
2021-06-16 10:21:01,2990.05,158571
2021-06-16 10:21:03,2990.05,158571
2021-06-16 10:21:06,2990.05,158571
2021-06-16 10:21:08,2990.05,158574
2021-06-16 10:21:11,2989.6,158593
2021-06-16 10:21:14,2990.0,158594
2021-06-16 10:21:17,2989.6,158747
2021-06-16 10:21:21,2989.6,158749
2021-06-16 10:21:24,2989.6,158749
2021-06-16 10:21:27,2989.95,158790
2021-06-16 10:21:30,2989.5,158885
2021-06-16 10:21:33,2989.5,158885
2021-06-16 10:21:36,2989.6,158894
2021-06-16 10:21:39,2989.5,158896
2021-06-16 10:21:43,2989.0,158915
2021-06-16 10:21:46,2989.0,158915
2021-06-16 10:21:49,2989.0,158915
2021-06-16 10:21:52,2989.5,158998
2021-06-16 10:21:54,2989.5,158998
2021-06-16 10:21:57,2989.0,159025
2021-06-16 10:22:00,2989.5,159043
2021-06-16 10:22:03,2989.5,159043
2021-06-16 10:22:05,2989.5,159043
2021-06-16 10:22:08,2989.0,159051
2021-06-16 10:22:11,2989.0,159069
2021-06-16 10:22:14,2988.8,159113
2021-06-16 10:22:17,2989.3,159115
2021-06-16 10:22:20,2989.25,159125
2021-06-16 10:22:23,2989.25,159137
2021-06-16 10:22:26,2988.8,159156
2021-06-16 10:22:29,2989.0,159538
2021-06-16 10:22:32,2989.0,159541
2021-06-16 10:22:35,2988.1,159552
2021-06-16 10:22:41,2988.0,159684
2021-06-16 10:22:44,2987.5,159841
2021-06-16 10:22:47,2987.5,159841
2021-06-16 10:22:49,2987.5,159841
2021-06-16 10:22:52,2987.4,159853
2021-06-16 10:37:44,2988.0,172836
2021-06-16 10:37:45,2988.0,172836
2021-06-16 10:37:46,2988.0,172836
2021-06-16 10:37:48,2988.0,172836
2021-06-16 10:37:49,2988.0,172839
2021-06-16 10:37:49,2988.0,172839
2021-06-16 10:37:50,2988.0,172841
2021-06-16 10:37:51,2988.0,172871
2021-06-16 10:37:52,2988.4,173037
2021-06-16 10:37:53,2988.4,173037
2021-06-16 10:37:55,2988.75,173071
2021-06-16 10:37:54,2988.4,173037
2021-06-16 10:37:56,2988.15,173090
2021-06-16 10:37:57,2988.15,173090
2021-06-16 10:37:58,2988.15,173090
2021-06-16 10:37:59,2988.15,173090
2021-06-16 10:38:00,2988.15,173090
2021-06-16 10:38:02,2988.4,173091
2021-06-16 10:38:03,2988.4,173091
2021-06-16 10:38:04,2988.4,173091
2021-06-16 10:38:05,2988.4,173091
2021-06-16 10:38:05,2988.75,173092
2021-06-16 10:38:06,2988.75,173092
2021-06-16 10:38:07,2988.75,173092
2021-06-16 10:38:08,2988.75,173092
2021-06-16 10:38:09,2988.75,173092
2021-06-16 10:38:10,2989.0,173735
2021-06-16 10:38:11,2989.5,173754
2021-06-16 10:38:12,2989.5,173754
2021-06-16 10:38:13,2989.5,173754
2021-06-16 10:38:15,2989.5,173787
2021-06-16 10:38:16,2989.5,173787
2021-06-16 10:38:16,2989.5,173787
2021-06-16 10:38:17,2989.5,173787
2021-06-16 10:38:18,2989.5,173787
2021-06-16 10:38:19,2989.5,173787
2021-06-16 10:38:20,2989.5,173787
2021-06-16 10:38:22,2989.0,173788
2021-06-16 10:38:22,2989.0,173788
2021-06-16 10:38:24,2989.0,173790
2021-06-16 10:38:25,2989.0,173790
2021-06-16 10:38:26,2989.0,173810
2021-06-16 10:38:27,2989.0,173810
2021-06-16 10:38:28,2989.0,173810
2021-06-16 10:38:30,2989.0,173810
2021-06-16 10:38:31,2989.5,173820
2021-06-16 10:38:32,2989.5,173820
2021-06-16 10:38:33,2989.5,173820
2021-06-16 10:38:34,2989.5,173854
2021-06-16 10:38:35,2989.5,173854
2021-06-16 10:38:36,2989.5,173854
2021-06-16 10:38:36,2989.5,173854
2021-06-16 10:38:37,2989.5,173854
2021-06-16 10:38:38,2989.5,173854
2021-06-16 10:38:39,2989.5,173854
2021-06-16 10:38:40,2989.45,173855
2021-06-16 10:38:41,2989.45,173874
2021-06-16 10:38:42,2989.45,173874
2021-06-16 10:38:43,2989.45,173874
2021-06-16 10:38:44,2989.45,173874
2021-06-16 10:38:45,2989.45,173874
2021-06-16 10:38:47,2989.45,173874
