timestamp,ltp,volume
2021-06-16 09:15:50,1026.55,68328
2021-06-16 09:15:51,1027.0,68552
2021-06-16 09:15:53,1025.05,71936
2021-06-16 09:15:54,1025.75,73075
2021-06-16 09:15:55,1025.75,74894
2021-06-16 09:15:56,1025.35,76770
2021-06-16 09:15:57,1025.35,77833
2021-06-16 09:15:58,1025.4,78191
2021-06-16 09:15:59,1025.6,78507
2021-06-16 09:16:00,1026.75,79940
2021-06-16 09:16:01,1026.95,80218
2021-06-16 09:16:02,1026.25,81111
2021-06-16 09:16:04,1025.75,85149
2021-06-16 09:16:04,1025.9,85159
2021-06-16 09:16:05,1026.5,86049
2021-06-16 09:16:06,1026.0,86661
2021-06-16 09:16:07,1025.1,87543
2021-06-16 09:16:09,1025.8,88029
2021-06-16 09:16:10,1026.0,89055
2021-06-16 09:16:11,1025.75,89508
2021-06-16 09:16:12,1026.0,89786
2021-06-16 09:16:13,1025.75,89978
2021-06-16 09:16:14,1026.0,91729
2021-06-16 09:16:15,1026.05,92034
2021-06-16 09:16:16,1025.9,92702
2021-06-16 09:16:18,1025.8,93060
2021-06-16 09:16:19,1026.25,93329
2021-06-16 09:16:20,1026.4,93926
2021-06-16 09:16:21,1025.6,95777
2021-06-16 09:16:22,1025.7,96122
2021-06-16 09:16:23,1025.7,96122
2021-06-16 09:16:24,1025.65,96444
2021-06-16 09:16:25,1026.3,96771
2021-06-16 09:16:26,1025.5,97971
2021-06-16 09:16:27,1025.5,98060
2021-06-16 09:16:28,1026.25,98148
2021-06-16 09:16:29,1026.25,98626
2021-06-16 09:16:30,1026.0,100121
2021-06-16 09:16:31,1025.95,100675
2021-06-16 09:16:32,1026.85,101047
2021-06-16 09:16:33,1026.3,101693
2021-06-16 09:16:34,1026.75,101958
2021-06-16 09:16:35,1026.35,101975
2021-06-16 09:16:36,1026.95,103179
2021-06-16 09:16:37,1026.4,103629
2021-06-16 09:16:38,1027.3,108891
2021-06-16 09:16:39,1027.0,108913
2021-06-16 09:16:40,1027.3,109034
2021-06-16 09:16:41,1027.75,109710
2021-06-16 09:16:42,1027.0,110084
2021-06-16 09:16:43,1027.4,110206
2021-06-16 09:16:44,1027.75,110462
2021-06-16 09:16:45,1027.75,110667
2021-06-16 09:16:46,1027.4,110746
2021-06-16 09:16:47,1027.8,110776
2021-06-16 09:16:48,1027.5,111283
2021-06-16 09:16:49,1027.4,111498
2021-06-16 09:16:50,1027.5,112019
2021-06-16 09:16:51,1028.0,112508
2021-06-16 09:16:52,1027.5,112859
2021-06-16 09:16:54,1027.35,113889
2021-06-16 09:16:53,1027.0,113869
2021-06-16 09:16:55,1027.05,115010
2021-06-16 09:16:56,1027.5,115173
2021-06-16 09:16:57,1027.5,115586
2021-06-16 09:16:58,1027.5,115784
2021-06-16 09:16:59,1027.65,115815
2021-06-16 09:17:00,1027.65,116410
2021-06-16 09:17:01,1027.25,116932
2021-06-16 09:17:02,1027.15,120112
2021-06-16 09:17:03,1027.0,120597
2021-06-16 09:17:04,1027.0,120732
2021-06-16 09:17:05,1026.9,121719
2021-06-16 09:17:06,1026.65,122032
2021-06-16 09:17:07,1026.65,122032
2021-06-16 09:17:08,1026.3,122184
2021-06-16 09:17:10,1026.2,122355
2021-06-16 09:17:11,1026.35,122799
2021-06-16 09:17:12,1026.4,122856
2021-06-16 09:17:13,1026.35,122986
2021-06-16 09:17:15,1026.95,124898
2021-06-16 09:17:16,1026.9,124971
2021-06-16 09:17:19,1026.55,125396
2021-06-16 09:17:20,1026.55,125454
2021-06-16 09:17:21,1026.15,125573
2021-06-16 09:17:22,1026.4,125947
2021-06-16 09:17:23,1026.4,126296
2021-06-16 09:17:24,1026.9,126306
2021-06-16 09:17:25,1026.9,126848
2021-06-16 09:17:26,1026.4,126869
2021-06-16 09:17:27,1027.0,127713
2021-06-16 09:17:29,1026.7,127956
2021-06-16 09:17:31,1026.15,128793
2021-06-16 09:17:30,1026.15,128793
2021-06-16 09:17:32,1026.65,129033
2021-06-16 09:17:33,1026.75,129135
2021-06-16 09:17:34,1025.95,130710
2021-06-16 09:17:35,1026.6,131740
2021-06-16 09:17:36,1025.75,132458
2021-06-16 09:17:39,1026.5,133477
2021-06-16 09:17:38,1026.5,133476
2021-06-16 09:17:40,1026.5,133479
2021-06-16 09:17:41,1026.8,133514
2021-06-16 09:17:42,1026.5,133614
2021-06-16 09:17:43,1027.0,133915
2021-06-16 09:17:44,1026.6,134184
2021-06-16 09:17:45,1027.0,134264
2021-06-16 09:17:46,1026.9,134379
2021-06-16 09:17:47,1027.0,134424
2021-06-16 09:17:48,1026.9,134440
2021-06-16 09:17:49,1026.95,134551
2021-06-16 09:17:50,1027.25,136222
2021-06-16 09:17:51,1026.8,136830
2021-06-16 09:17:52,1027.0,136901
2021-06-16 09:17:53,1027.25,137644
2021-06-16 09:17:54,1027.0,137704
2021-06-16 09:17:55,1027.35,137849
2021-06-16 09:17:56,1027.3,138222
2021-06-16 09:17:57,1027.15,138576
2021-06-16 09:17:58,1026.85,139129
2021-06-16 09:17:59,1026.65,139550
2021-06-16 09:18:00,1026.65,139572
2021-06-16 09:18:01,1026.9,139573
2021-06-16 09:18:04,1027.35,141975
2021-06-16 09:18:05,1027.0,142065
2021-06-16 09:18:06,1026.95,142229
2021-06-16 09:18:07,1026.9,142424
2021-06-16 09:18:08,1026.7,142660
2021-06-16 09:18:10,1026.6,142973
2021-06-16 09:18:12,1026.75,143952
2021-06-16 09:18:13,1026.75,143957
2021-06-16 09:18:15,1026.2,144209
2021-06-16 09:18:16,1026.25,144419
2021-06-16 09:18:17,1026.45,144448
2021-06-16 09:18:18,1026.45,144448
2021-06-16 09:18:19,1026.6,144451
2021-06-16 09:18:20,1026.7,144654
2021-06-16 09:18:21,1026.9,144700
2021-06-16 09:18:22,1026.95,146436
2021-06-16 09:18:23,1027.45,146487
2021-06-16 09:18:24,1027.25,146662
2021-06-16 09:18:25,1027.8,146937
2021-06-16 09:18:26,1027.85,148756
2021-06-16 09:18:27,1027.15,149446
2021-06-16 09:18:29,1027.15,149546
2021-06-16 09:18:31,1027.2,149751
2021-06-16 09:18:32,1027.05,150089
2021-06-16 09:18:33,1027.5,150094
2021-06-16 09:18:34,1027.6,150135
2021-06-16 09:18:35,1027.05,152178
2021-06-16 09:18:36,1027.25,153531
2021-06-16 09:18:37,1027.0,153836
2021-06-16 09:18:38,1027.65,153918
2021-06-16 09:18:39,1027.75,154169
2021-06-16 09:18:40,1027.75,154376
2021-06-16 09:18:41,1027.75,154511
2021-06-16 09:18:42,1027.15,154544
2021-06-16 09:18:43,1027.3,154551
2021-06-16 09:18:44,1027.05,154655
2021-06-16 09:18:45,1027.5,154870
2021-06-16 09:18:46,1027.0,154920
2021-06-16 09:18:47,1027.25,155278
2021-06-16 09:18:48,1027.25,155283
2021-06-16 09:18:49,1027.25,155334
2021-06-16 09:18:50,1027.25,155481
2021-06-16 09:18:51,1027.25,155731
2021-06-16 09:18:52,1027.25,156155
2021-06-16 09:18:53,1027.5,156505
2021-06-16 09:18:54,1027.5,156505
2021-06-16 09:18:55,1027.7,157339
2021-06-16 09:18:56,1027.9,162186
2021-06-16 09:18:57,1027.9,162388
2021-06-16 09:18:58,1028.0,162643
2021-06-16 09:18:59,1027.75,162653
2021-06-16 09:19:00,1027.75,162683
2021-06-16 09:19:01,1028.0,162761
2021-06-16 09:19:02,1028.0,162936
2021-06-16 09:19:03,1027.7,163249
2021-06-16 09:19:05,1027.6,163706
2021-06-16 09:19:05,1027.6,163817
2021-06-16 09:19:06,1028.0,164087
2021-06-16 09:19:08,1029.45,170066
2021-06-16 09:19:09,1029.85,170838
2021-06-16 09:19:10,1029.35,171192
2021-06-16 09:19:11,1029.4,173587
2021-06-16 09:19:12,1030.0,174790
2021-06-16 09:19:13,1030.0,180272
2021-06-16 09:19:14,1030.05,180397
2021-06-16 09:19:15,1030.0,182622
2021-06-16 09:19:16,1030.0,182650
2021-06-16 09:19:17,1030.0,182823
2021-06-16 09:19:18,1029.4,184783
2021-06-16 09:19:19,1029.85,184983
2021-06-16 09:19:20,1030.85,189374
2021-06-16 09:19:22,1029.85,190311
2021-06-16 09:19:23,1029.2,190395
2021-06-16 09:19:24,1029.7,192420
2021-06-16 09:19:25,1030.25,192722
2021-06-16 09:19:26,1030.75,192729
2021-06-16 09:19:27,1030.75,193032
2021-06-16 09:19:28,1030.05,193231
2021-06-16 09:19:29,1029.8,193962
2021-06-16 09:19:30,1030.5,194101
2021-06-16 09:19:31,1030.55,194566
2021-06-16 09:19:32,1030.5,195421
2021-06-16 09:19:33,1029.35,196948
2021-06-16 09:19:35,1029.75,197282
2021-06-16 09:19:36,1029.75,197345
2021-06-16 09:19:37,1029.05,199217
2021-06-16 09:19:37,1029.05,199217
2021-06-16 09:19:38,1029.05,199222
2021-06-16 09:19:39,1029.7,199303
2021-06-16 09:19:40,1029.75,199445
2021-06-16 09:19:41,1029.6,200082
2021-06-16 09:19:42,1029.95,201347
2021-06-16 09:19:43,1029.3,201952
2021-06-16 09:19:44,1029.85,201996
2021-06-16 09:19:45,1029.4,202090
2021-06-16 09:19:46,1029.4,202229
2021-06-16 09:19:47,1029.35,202279
2021-06-16 09:19:48,1029.35,202279
2021-06-16 09:19:49,1029.7,202419
2021-06-16 09:19:51,1029.75,202565
2021-06-16 09:19:52,1029.8,202718
2021-06-16 09:19:53,1028.55,209718
2021-06-16 09:19:55,1029.0,209957
2021-06-16 09:19:56,1028.45,210147
2021-06-16 09:19:57,1029.5,210929
2021-06-16 09:19:59,1029.05,210939
2021-06-16 09:20:00,1028.2,211321
2021-06-16 09:20:01,1028.45,211334
2021-06-16 09:20:02,1028.0,211484
2021-06-16 09:20:03,1028.3,213274
2021-06-16 09:20:04,1027.5,213901
2021-06-16 09:20:05,1027.65,214011
2021-06-16 09:20:06,1028.4,214563
2021-06-16 09:20:07,1028.4,214617
2021-06-16 09:20:08,1028.45,215042
2021-06-16 09:20:09,1029.5,216938
2021-06-16 09:20:10,1029.15,218038
2021-06-16 09:20:11,1029.4,219023
2021-06-16 09:20:12,1029.15,219123
2021-06-16 09:20:13,1029.4,219137
2021-06-16 09:20:14,1029.15,219367
2021-06-16 09:20:15,1029.0,219377
2021-06-16 09:20:17,1029.35,219627
2021-06-16 09:20:18,1029.4,219680
2021-06-16 09:20:19,1029.4,220097
2021-06-16 09:20:20,1029.4,220122
2021-06-16 09:20:21,1029.2,220443
2021-06-16 09:20:21,1029.3,220243
2021-06-16 09:20:22,1029.2,220942
2021-06-16 09:20:23,1029.15,220962
2021-06-16 09:20:24,1029.4,221012
2021-06-16 09:20:27,1029.15,221679
2021-06-16 09:20:28,1029.15,221864
2021-06-16 09:20:29,1029.3,221885
2021-06-16 09:20:30,1029.15,221928
2021-06-16 09:20:31,1029.15,221929
2021-06-16 09:20:32,1029.2,221954
2021-06-16 09:20:33,1028.8,223511
2021-06-16 09:20:34,1028.7,224342
2021-06-16 09:20:35,1028.05,224396
2021-06-16 09:20:36,1028.05,224396
2021-06-16 09:20:39,1028.9,224462
2021-06-16 09:20:40,1029.25,224621
2021-06-16 09:20:41,1029.9,228168
2021-06-16 09:20:42,1030.1,233505
2021-06-16 09:20:43,1029.9,233795
2021-06-16 09:20:44,1030.85,237222
2021-06-16 09:20:45,1031.0,237873
2021-06-16 09:20:46,1031.25,239048
2021-06-16 09:20:47,1031.75,239789
2021-06-16 09:20:47,1031.75,239789
2021-06-16 09:20:48,1031.75,239789
2021-06-16 09:20:50,1031.1,242059
2021-06-16 09:20:51,1031.3,242072
2021-06-16 09:20:52,1031.0,242343
2021-06-16 09:20:53,1030.55,242737
2021-06-16 09:20:54,1030.8,242918
2021-06-16 09:20:55,1031.0,243121
2021-06-16 09:20:56,1030.55,244096
2021-06-16 09:20:57,1030.25,244212
2021-06-16 09:20:58,1030.8,244812
2021-06-16 09:20:59,1030.35,245382
2021-06-16 09:21:02,1030.3,245805
2021-06-16 09:21:03,1030.6,246102
2021-06-16 09:21:04,1030.6,246116
2021-06-16 09:21:05,1030.35,246218
2021-06-16 09:21:06,1030.0,246647
2021-06-16 09:21:07,1030.05,246668
2021-06-16 09:21:08,1030.0,246794
2021-06-16 09:21:09,1029.4,248378
2021-06-16 09:21:10,1029.05,248578
2021-06-16 09:21:11,1028.85,248994
2021-06-16 09:21:12,1029.1,249004
2021-06-16 09:21:13,1029.4,249504
2021-06-16 09:21:14,1028.95,249569
2021-06-16 09:21:15,1029.25,249619
2021-06-16 09:21:16,1029.25,249619
2021-06-16 09:21:17,1029.25,249619
2021-06-16 09:21:18,1028.95,249754
2021-06-16 09:21:19,1028.95,249754
2021-06-16 09:21:21,1029.0,249779
2021-06-16 09:21:22,1029.05,250207
2021-06-16 09:21:23,1028.95,250209
2021-06-16 09:21:24,1029.3,250315
2021-06-16 09:21:25,1029.25,251024
2021-06-16 09:21:27,1029.8,251774
2021-06-16 09:21:28,1029.5,252105
2021-06-16 09:21:29,1029.8,252348
2021-06-16 09:21:30,1029.2,253193
2021-06-16 09:21:31,1029.65,253366
2021-06-16 09:21:32,1029.2,253406
2021-06-16 09:21:33,1029.2,253436
2021-06-16 09:21:34,1029.2,253436
2021-06-16 09:21:35,1029.0,253687
2021-06-16 09:21:36,1029.45,254124
2021-06-16 09:21:37,1029.05,254188
2021-06-16 09:21:38,1029.05,254188
2021-06-16 09:21:39,1029.3,254198
2021-06-16 09:21:40,1029.8,254720
2021-06-16 09:21:41,1029.45,254820
2021-06-16 09:21:42,1029.5,255055
2021-06-16 09:21:43,1029.5,255055
2021-06-16 09:21:44,1029.5,255056
2021-06-16 09:21:45,1029.35,255100
2021-06-16 09:21:46,1029.35,255100
2021-06-16 09:21:49,1029.5,255690
2021-06-16 09:21:50,1029.5,255690
2021-06-16 09:21:51,1029.0,255850
2021-06-16 09:21:52,1029.45,255867
2021-06-16 09:21:54,1029.45,256233
2021-06-16 09:21:55,1029.05,256458
2021-06-16 09:21:56,1029.2,256526
2021-06-16 09:21:57,1029.0,256553
2021-06-16 09:21:57,1029.0,256553
2021-06-16 09:21:58,1029.2,256586
2021-06-16 09:21:59,1029.0,256654
2021-06-16 09:22:00,1029.2,256789
2021-06-16 09:22:01,1029.85,257239
2021-06-16 09:22:02,1029.45,257266
2021-06-16 09:22:03,1029.45,257286
2021-06-16 09:22:04,1029.6,257340
2021-06-16 09:22:05,1029.95,257400
2021-06-16 09:22:06,1029.6,257602
2021-06-16 09:22:07,1029.6,257602
2021-06-16 09:22:09,1029.8,257612
2021-06-16 09:22:10,1030.0,257613
2021-06-16 09:22:11,1030.0,257693
2021-06-16 09:22:11,1030.0,257693
2021-06-16 09:22:12,1029.7,257742
2021-06-16 09:22:13,1029.7,257752
2021-06-16 09:22:14,1030.0,257871
2021-06-16 09:22:15,1030.0,257921
2021-06-16 09:22:16,1029.8,257928
2021-06-16 09:22:17,1029.8,258331
2021-06-16 09:22:19,1030.0,260370
2021-06-16 09:22:20,1030.55,260518
2021-06-16 09:22:21,1030.55,260568
2021-06-16 09:22:22,1030.55,260584
2021-06-16 09:22:23,1030.55,260584
2021-06-16 09:22:24,1030.35,260587
2021-06-16 09:22:25,1030.85,261649
2021-06-16 09:22:26,1030.25,261919
2021-06-16 09:22:27,1030.35,263713
2021-06-16 09:22:28,1030.55,263809
2021-06-16 09:22:29,1030.55,263950
2021-06-16 09:22:30,1030.35,264015
2021-06-16 09:22:31,1030.75,264065
2021-06-16 09:22:32,1030.8,264145
2021-06-16 09:22:33,1030.35,264252
2021-06-16 09:22:34,1030.75,264253
2021-06-16 09:22:35,1030.45,264309
2021-06-16 09:22:37,1030.45,264364
2021-06-16 09:22:38,1030.95,264414
2021-06-16 09:22:39,1030.95,264414
2021-06-16 09:22:39,1030.5,264914
2021-06-16 09:22:40,1030.9,264924
2021-06-16 09:22:41,1030.9,264946
2021-06-16 09:22:42,1030.9,264946
2021-06-16 09:22:43,1030.95,265182
2021-06-16 09:22:45,1030.7,265338
2021-06-16 09:22:46,1030.7,265400
2021-06-16 09:22:46,1031.0,265461
2021-06-16 09:22:47,1030.7,265546
2021-06-16 09:22:49,1031.0,265788
2021-06-16 09:22:50,1030.5,266543
2021-06-16 09:22:51,1030.5,266668
2021-06-16 09:22:53,1030.95,267020
2021-06-16 09:22:54,1031.0,267675
2021-06-16 09:22:55,1030.5,267802
2021-06-16 09:22:56,1030.5,267817
2021-06-16 09:22:57,1030.9,267837
2021-06-16 09:22:58,1030.5,267981
2021-06-16 09:22:58,1030.9,267931
2021-06-16 09:22:59,1031.0,268183
2021-06-16 09:23:01,1031.0,268271
2021-06-16 09:23:02,1030.75,268282
2021-06-16 09:23:03,1031.1,271251
2021-06-16 09:23:04,1031.0,271554
2021-06-16 09:23:05,1031.1,271660
2021-06-16 09:23:06,1031.1,272066
2021-06-16 09:23:07,1031.75,272222
2021-06-16 09:23:08,1031.65,272247
2021-06-16 09:23:09,1031.0,272555
2021-06-16 09:23:09,1031.0,272555
2021-06-16 09:23:10,1031.5,272655
2021-06-16 09:23:12,1031.5,272670
2021-06-16 09:23:14,1031.75,273702
2021-06-16 09:23:15,1031.5,273939
2021-06-16 09:23:17,1031.65,274042
2021-06-16 09:23:17,1031.65,274052
2021-06-16 09:23:18,1031.65,274207
2021-06-16 09:23:20,1032.0,278035
2021-06-16 09:23:21,1032.25,278202
2021-06-16 09:23:22,1032.15,278628
2021-06-16 09:23:23,1032.5,278681
2021-06-16 09:23:24,1032.5,279715
2021-06-16 09:23:25,1032.5,279804
2021-06-16 09:23:26,1032.5,279930
2021-06-16 09:23:27,1032.3,282515
2021-06-16 09:23:28,1033.4,283541
2021-06-16 09:23:29,1033.7,285535
2021-06-16 09:23:30,1034.1,286072
2021-06-16 09:23:32,1034.55,288116
2021-06-16 09:23:33,1034.8,294097
2021-06-16 09:23:34,1034.4,298017
2021-06-16 09:23:35,1033.0,299190
2021-06-16 09:23:35,1033.35,299362
2021-06-16 09:23:36,1034.2,299485
2021-06-16 09:23:37,1034.0,299650
2021-06-16 09:23:38,1033.8,299752
2021-06-16 09:23:39,1034.2,300047
2021-06-16 09:23:40,1033.9,300292
2021-06-16 09:23:41,1034.45,300697
2021-06-16 09:23:45,1034.25,301819
2021-06-16 09:23:46,1034.0,303448
2021-06-16 09:23:47,1034.25,303733
2021-06-16 09:23:48,1034.0,304365
2021-06-16 09:23:49,1034.0,304958
2021-06-16 09:23:49,1034.0,304958
2021-06-16 09:23:50,1034.0,305026
2021-06-16 09:23:51,1034.55,305413
2021-06-16 09:23:53,1034.55,306287
2021-06-16 09:23:54,1034.25,306580
2021-06-16 09:23:55,1034.75,306755
2021-06-16 09:23:56,1034.5,306895
2021-06-16 09:23:57,1034.75,307326
2021-06-16 09:23:58,1034.8,307403
2021-06-16 09:23:58,1034.8,307403
2021-06-16 09:23:59,1034.45,309861
2021-06-16 09:24:00,1035.05,310087
2021-06-16 09:24:01,1034.65,310331
2021-06-16 09:24:03,1034.65,310369
2021-06-16 09:24:04,1035.05,310529
2021-06-16 09:24:05,1035.05,310564
2021-06-16 09:24:06,1035.0,310603
2021-06-16 09:24:07,1035.0,310775
2021-06-16 09:24:08,1035.3,311375
2021-06-16 09:24:09,1035.35,311819
2021-06-16 09:24:10,1035.35,312370
2021-06-16 09:24:11,1034.75,316716
2021-06-16 09:24:12,1035.2,316909
2021-06-16 09:24:13,1035.0,316936
2021-06-16 09:24:14,1035.35,317846
2021-06-16 09:24:15,1035.15,317918
2021-06-16 09:24:16,1034.7,318024
2021-06-16 09:24:17,1034.95,318057
2021-06-16 09:24:18,1034.8,319970
2021-06-16 09:24:19,1034.4,320062
2021-06-16 09:24:20,1034.8,320152
2021-06-16 09:24:21,1034.85,320412
2021-06-16 09:24:22,1034.5,320543
2021-06-16 09:24:23,1035.0,320822
2021-06-16 09:24:24,1034.75,320861
2021-06-16 09:24:25,1034.8,321377
2021-06-16 09:24:27,1034.6,321481
2021-06-16 09:24:28,1034.9,321745
2021-06-16 09:24:30,1034.5,322546
2021-06-16 09:24:31,1034.8,322991
2021-06-16 09:24:32,1034.8,323180
2021-06-16 09:24:33,1034.95,324165
2021-06-16 09:24:34,1035.0,324688
2021-06-16 09:24:35,1035.1,328942
2021-06-16 09:24:36,1035.1,329012
2021-06-16 09:24:37,1035.3,329013
2021-06-16 09:24:38,1035.05,329544
2021-06-16 09:24:39,1034.75,330347
2021-06-16 09:24:40,1035.0,330409
2021-06-16 09:24:41,1035.0,330994
2021-06-16 09:24:42,1035.4,335203
2021-06-16 09:24:43,1035.35,335688
2021-06-16 09:24:44,1035.35,335920
2021-06-16 09:24:45,1035.8,336070
2021-06-16 09:24:46,1035.25,336170
2021-06-16 09:24:47,1035.45,336348
2021-06-16 09:24:48,1035.5,336908
2021-06-16 09:24:49,1035.9,337568
2021-06-16 09:24:49,1035.9,337770
2021-06-16 09:24:51,1036.9,342173
2021-06-16 09:24:53,1036.95,343687
2021-06-16 09:24:54,1037.8,344348
2021-06-16 09:24:55,1038.0,344723
2021-06-16 09:24:57,1037.55,345455
2021-06-16 09:24:58,1038.3,345881
2021-06-16 09:24:59,1037.75,346997
2021-06-16 09:25:00,1037.35,348661
2021-06-16 09:25:01,1037.65,348757
2021-06-16 09:25:02,1037.9,348831
2021-06-16 09:25:03,1036.55,349000
2021-06-16 09:25:04,1036.85,350864
2021-06-16 09:25:05,1036.6,351173
2021-06-16 09:25:06,1036.5,352170
2021-06-16 09:25:07,1035.9,352754
2021-06-16 09:25:08,1036.3,353200
2021-06-16 09:25:09,1036.2,353229
2021-06-16 09:25:10,1036.25,353280
2021-06-16 09:25:11,1036.3,353347
2021-06-16 09:25:12,1036.7,353974
2021-06-16 09:25:13,1036.2,354102
2021-06-16 09:25:15,1036.15,354751
2021-06-16 09:25:16,1036.5,355296
2021-06-16 09:25:17,1036.5,355457
2021-06-16 09:25:18,1037.0,355544
2021-06-16 09:25:18,1037.0,355544
2021-06-16 09:25:19,1036.5,355580
2021-06-16 09:25:20,1037.05,356164
2021-06-16 09:25:21,1036.5,356478
2021-06-16 09:25:22,1036.45,356479
2021-06-16 09:25:23,1036.9,356629
2021-06-16 09:25:24,1036.5,356779
2021-06-16 09:25:25,1036.9,357198
2021-06-16 09:25:26,1036.95,357317
2021-06-16 09:25:27,1037.0,358782
2021-06-16 09:25:28,1036.7,359101
2021-06-16 09:25:29,1036.7,359220
2021-06-16 09:25:30,1036.65,359240
2021-06-16 09:25:31,1036.65,359750
2021-06-16 09:25:32,1036.95,360512
2021-06-16 09:25:33,1036.75,360561
2021-06-16 09:25:34,1037.0,360575
2021-06-16 09:25:35,1036.8,360690
2021-06-16 09:25:36,1037.0,360985
2021-06-16 09:25:37,1036.8,361015
2021-06-16 09:25:38,1036.55,361685
2021-06-16 09:25:39,1036.75,361739
2021-06-16 09:25:41,1036.95,362894
2021-06-16 09:25:42,1036.5,363256
2021-06-16 09:25:43,1036.5,363267
2021-06-16 09:25:44,1036.7,363269
2021-06-16 09:25:45,1036.9,363370
2021-06-16 09:25:46,1036.85,363378
2021-06-16 09:25:47,1036.85,363388
2021-06-16 09:25:48,1036.1,366647
2021-06-16 09:25:49,1036.25,367547
2021-06-16 09:25:50,1035.9,367639
2021-06-16 09:25:51,1036.1,367684
2021-06-16 09:25:52,1036.15,368275
2021-06-16 09:25:53,1035.0,368538
2021-06-16 09:25:58,1035.65,369510
2021-06-16 09:25:59,1035.5,369613
2021-06-16 09:26:00,1035.2,369853
2021-06-16 09:26:01,1035.65,370471
2021-06-16 09:26:02,1035.75,370492
2021-06-16 09:26:03,1035.8,370511
2021-06-16 09:26:04,1036.35,370681
2021-06-16 09:26:05,1035.7,371032
2021-06-16 09:26:06,1036.0,371132
2021-06-16 09:26:07,1036.0,371642
2021-06-16 09:26:08,1036.0,372512
2021-06-16 09:26:09,1036.3,373631
2021-06-16 09:26:10,1035.55,373777
2021-06-16 09:26:11,1035.55,373777
2021-06-16 09:26:12,1036.0,373797
2021-06-16 09:26:13,1035.6,373798
2021-06-16 09:26:14,1036.0,373808
2021-06-16 09:26:15,1035.65,374031
2021-06-16 09:26:16,1035.65,374655
2021-06-16 09:26:17,1036.0,374955
2021-06-16 09:26:18,1035.8,375110
2021-06-16 09:26:19,1035.5,375241
2021-06-16 09:26:20,1035.75,375257
2021-06-16 09:26:21,1035.65,375421
2021-06-16 09:26:22,1035.65,375421
2021-06-16 09:26:23,1035.55,375556
2021-06-16 09:26:24,1035.5,376232
2021-06-16 09:26:25,1035.6,376355
2021-06-16 09:26:26,1035.55,376413
2021-06-16 09:26:27,1035.35,376414
2021-06-16 09:26:30,1035.75,376734
2021-06-16 09:26:33,1035.6,377072
2021-06-16 09:26:34,1035.9,377103
2021-06-16 09:26:36,1035.55,377555
2021-06-16 09:26:37,1035.75,377565
2021-06-16 09:26:38,1035.6,377589
2021-06-16 09:26:39,1035.65,377590
2021-06-16 09:26:39,1035.65,377590
2021-06-16 09:26:40,1035.7,377591
2021-06-16 09:26:41,1035.6,377654
2021-06-16 09:26:42,1035.75,377710
2021-06-16 09:26:43,1035.75,377710
2021-06-16 09:26:44,1035.9,378160
2021-06-16 09:26:46,1035.65,378170
2021-06-16 09:26:47,1035.85,378221
2021-06-16 09:26:48,1035.95,378421
2021-06-16 09:26:49,1036.0,378451
2021-06-16 09:26:50,1035.95,378671
2021-06-16 09:26:51,1035.6,379491
2021-06-16 09:26:52,1035.95,379502
2021-06-16 09:26:53,1035.85,379508
2021-06-16 09:26:54,1035.75,379577
2021-06-16 09:26:55,1035.55,379627
2021-06-16 09:26:56,1035.55,379696
2021-06-16 09:26:57,1035.9,380116
2021-06-16 09:26:58,1035.9,380116
2021-06-16 09:26:59,1036.0,380142
2021-06-16 09:27:00,1035.7,380171
2021-06-16 09:27:01,1035.95,380496
2021-06-16 09:27:02,1035.55,380526
2021-06-16 09:27:03,1035.95,380844
2021-06-16 09:27:04,1035.95,380844
2021-06-16 09:27:05,1035.6,381118
2021-06-16 09:27:06,1036.0,381128
2021-06-16 09:27:07,1035.55,381183
2021-06-16 09:27:08,1036.0,381303
2021-06-16 09:27:09,1036.0,381709
2021-06-16 09:27:10,1036.0,381749
2021-06-16 09:27:11,1035.95,381794
2021-06-16 09:27:12,1035.6,381844
2021-06-16 09:27:13,1035.55,382076
2021-06-16 09:27:14,1034.3,390220
2021-06-16 09:27:15,1034.85,390331
2021-06-16 09:27:16,1034.7,390449
2021-06-16 09:27:17,1034.8,390794
2021-06-16 09:27:18,1035.0,390804
2021-06-16 09:27:19,1035.0,390804
2021-06-16 09:27:20,1034.85,390964
2021-06-16 09:27:22,1034.95,391025
2021-06-16 09:27:23,1034.65,391349
2021-06-16 09:27:24,1035.0,391365
2021-06-16 09:27:25,1034.5,391400
2021-06-16 09:27:26,1034.5,391593
2021-06-16 09:27:27,1035.0,391653
2021-06-16 09:27:28,1034.45,392753
2021-06-16 09:27:29,1034.45,392753
2021-06-16 09:27:30,1034.55,393057
2021-06-16 09:27:31,1034.95,393100
2021-06-16 09:27:32,1034.85,394889
2021-06-16 09:27:33,1034.85,395399
2021-06-16 09:27:34,1035.0,395439
2021-06-16 09:27:35,1034.8,395440
2021-06-16 09:27:36,1034.8,395459
2021-06-16 09:27:37,1035.0,395512
2021-06-16 09:27:38,1034.65,395637
2021-06-16 09:27:39,1034.65,396841
2021-06-16 09:27:40,1034.0,398946
2021-06-16 09:27:41,1034.0,398946
2021-06-16 09:27:42,1034.5,398986
2021-06-16 09:27:43,1034.5,399311
2021-06-16 09:27:44,1034.0,399556
2021-06-16 09:27:45,1034.0,399561
2021-06-16 09:27:46,1033.75,400711
2021-06-16 09:27:47,1033.9,400894
2021-06-16 09:27:48,1033.0,401104
2021-06-16 09:27:49,1033.1,401105
2021-06-16 09:27:50,1033.45,401125
2021-06-16 09:27:51,1032.85,401625
2021-06-16 09:27:52,1033.0,402108
2021-06-16 09:27:53,1033.1,402765
2021-06-16 09:27:54,1033.45,403421
2021-06-16 09:27:55,1033.15,403551
2021-06-16 09:27:56,1033.15,403611
2021-06-16 09:27:57,1033.35,405818
2021-06-16 09:27:58,1033.35,405818
2021-06-16 09:27:59,1033.5,405963
2021-06-16 09:28:00,1033.15,406420
2021-06-16 09:28:01,1033.45,406519
2021-06-16 09:28:02,1033.0,406521
2021-06-16 09:28:03,1033.25,407041
2021-06-16 09:28:04,1033.0,407051
2021-06-16 09:28:05,1032.8,407101
2021-06-16 09:28:06,1033.0,407954
2021-06-16 09:28:07,1032.95,408228
2021-06-16 09:28:08,1033.3,408333
2021-06-16 09:28:09,1033.15,408368
2021-06-16 09:28:10,1033.65,409607
2021-06-16 09:28:11,1033.05,409707
2021-06-16 09:28:12,1033.05,409707
2021-06-16 09:28:13,1033.65,410706
2021-06-16 09:28:14,1033.65,410806
2021-06-16 09:28:15,1033.55,411094
2021-06-16 09:28:16,1034.0,412561
2021-06-16 09:28:17,1034.0,412561
2021-06-16 09:28:18,1034.0,412577
2021-06-16 09:28:19,1034.0,412580
2021-06-16 09:28:21,1033.75,413280
2021-06-16 09:28:22,1033.6,413430
2021-06-16 09:28:23,1033.6,413530
2021-06-16 09:28:24,1033.55,413537
2021-06-16 09:28:25,1033.55,413605
2021-06-16 09:28:26,1033.55,413633
2021-06-16 09:28:27,1033.75,413634
2021-06-16 09:28:28,1033.9,413714
2021-06-16 09:28:29,1033.75,413744
2021-06-16 09:28:30,1033.9,413844
2021-06-16 09:28:31,1033.9,414044
2021-06-16 09:28:32,1033.8,414058
2021-06-16 09:28:33,1033.7,414059
2021-06-16 09:28:34,1033.5,415227
2021-06-16 09:28:35,1034.0,416736
2021-06-16 09:28:36,1034.0,416836
2021-06-16 09:28:37,1034.05,416896
2021-06-16 09:28:39,1033.4,417028
2021-06-16 09:28:38,1033.8,416902
2021-06-16 09:28:40,1033.8,417522
2021-06-16 09:28:41,1033.8,417522
2021-06-16 09:28:42,1033.8,417522
2021-06-16 09:28:43,1034.25,417564
2021-06-16 09:28:44,1034.0,418562
2021-06-16 09:28:46,1034.15,418739
2021-06-16 09:28:47,1033.95,418830
2021-06-16 09:28:48,1033.95,418850
2021-06-16 09:28:49,1033.95,418850
2021-06-16 09:28:50,1034.0,419098
2021-06-16 09:28:51,1034.0,419173
2021-06-16 09:28:52,1034.0,419417
2021-06-16 09:28:53,1033.8,419854
2021-06-16 09:28:54,1033.9,420753
2021-06-16 09:28:55,1034.35,421203
2021-06-16 09:28:56,1034.35,421303
2021-06-16 09:28:57,1034.0,421404
2021-06-16 09:28:58,1034.4,421547
2021-06-16 09:28:59,1034.4,421655
2021-06-16 09:29:00,1033.95,423736
2021-06-16 09:29:01,1034.7,423786
2021-06-16 09:29:02,1034.7,423786
2021-06-16 09:29:03,1034.85,423892
2021-06-16 09:29:05,1034.9,424095
2021-06-16 09:29:06,1035.0,424421
2021-06-16 09:29:07,1034.7,424430
2021-06-16 09:29:08,1035.0,424483
2021-06-16 09:29:09,1034.75,424544
2021-06-16 09:29:10,1034.75,424544
2021-06-16 09:29:11,1034.95,427113
2021-06-16 09:29:12,1035.55,427214
2021-06-16 09:29:13,1035.95,428408
2021-06-16 09:29:14,1036.6,431625
2021-06-16 09:29:15,1036.6,431986
2021-06-16 09:29:16,1036.7,432001
2021-06-16 09:29:17,1036.8,432435
2021-06-16 09:29:19,1036.5,432776
2021-06-16 09:29:20,1036.8,432957
2021-06-16 09:29:20,1036.8,432957
2021-06-16 09:29:21,1036.8,432957
2021-06-16 09:29:22,1036.25,433857
2021-06-16 09:29:23,1036.8,434611
2021-06-16 09:29:24,1036.55,435557
2021-06-16 09:29:25,1036.6,435582
2021-06-16 09:29:26,1036.8,436597
2021-06-16 09:29:29,1037.2,438209
2021-06-16 09:29:30,1037.2,438229
2021-06-16 09:29:31,1036.8,438369
2021-06-16 09:29:32,1037.0,439841
2021-06-16 09:29:33,1037.15,440033
2021-06-16 09:29:34,1037.1,440158
2021-06-16 09:29:34,1037.1,440158
2021-06-16 09:29:35,1036.95,440323
2021-06-16 09:29:36,1036.0,440788
2021-06-16 09:29:37,1035.65,440939
2021-06-16 09:29:38,1035.65,441522
2021-06-16 09:29:39,1035.95,441842
2021-06-16 09:29:40,1036.05,442202
2021-06-16 09:29:41,1035.75,442207
2021-06-16 09:29:42,1036.1,442275
2021-06-16 09:29:43,1036.25,443061
2021-06-16 09:29:44,1036.35,443404
2021-06-16 09:29:46,1035.65,443806
2021-06-16 09:29:48,1036.0,443857
2021-06-16 09:29:49,1036.0,443857
2021-06-16 09:29:50,1036.25,443877
2021-06-16 09:29:50,1036.25,443877
2021-06-16 09:29:51,1035.85,443887
2021-06-16 09:29:52,1035.65,443997
2021-06-16 09:29:53,1035.65,443997
2021-06-16 09:29:54,1035.95,444026
2021-06-16 09:29:55,1035.85,444076
2021-06-16 09:29:56,1036.15,444077
2021-06-16 09:29:57,1035.95,444154
2021-06-16 09:29:58,1036.0,444170
2021-06-16 09:29:59,1035.95,444233
2021-06-16 09:30:00,1035.75,444535
2021-06-16 09:30:01,1035.75,444779
2021-06-16 09:30:02,1036.25,445279
2021-06-16 09:30:03,1036.5,445384
2021-06-16 09:30:04,1036.25,445613
2021-06-16 09:30:05,1036.85,445719
2021-06-16 09:30:06,1036.5,445769
2021-06-16 09:30:07,1036.65,446479
2021-06-16 09:30:08,1036.65,446525
2021-06-16 09:30:09,1036.65,446525
2021-06-16 09:30:10,1036.65,446525
2021-06-16 09:30:11,1036.35,446535
2021-06-16 09:30:12,1036.35,446535
2021-06-16 09:30:13,1036.35,446718
2021-06-16 09:30:14,1036.65,447085
2021-06-16 09:30:15,1036.6,447685
2021-06-16 09:30:16,1036.05,447695
2021-06-16 09:30:17,1036.05,447695
2021-06-16 09:30:18,1036.05,447997
2021-06-16 09:30:19,1036.35,447998
2021-06-16 09:30:20,1036.05,448016
2021-06-16 09:30:21,1036.35,448638
2021-06-16 09:30:23,1036.5,448697
2021-06-16 09:30:23,1036.35,448677
2021-06-16 09:30:24,1036.0,448797
2021-06-16 09:30:25,1036.45,448998
2021-06-16 09:30:26,1036.5,449008
2021-06-16 09:30:27,1036.5,449078
2021-06-16 09:30:29,1036.4,449128
2021-06-16 09:30:29,1036.4,449138
2021-06-16 09:30:30,1036.4,449258
2021-06-16 09:30:32,1036.65,450321
2021-06-16 09:30:33,1036.5,450524
2021-06-16 09:30:34,1036.4,450672
2021-06-16 09:30:35,1037.0,451297
2021-06-16 09:30:36,1037.1,452862
2021-06-16 09:30:39,1037.1,452977
2021-06-16 09:30:40,1037.7,453292
2021-06-16 09:30:41,1037.8,453922
2021-06-16 09:30:42,1037.8,455589
2021-06-16 09:30:43,1037.95,455725
2021-06-16 09:30:44,1037.7,456310
2021-06-16 09:30:45,1037.75,456313
2021-06-16 09:30:46,1037.75,456482
2021-06-16 09:30:47,1038.0,456657
2021-06-16 09:30:49,1037.65,458883
2021-06-16 09:30:50,1037.55,458993
2021-06-16 09:30:50,1037.7,459013
2021-06-16 09:30:51,1037.9,459302
2021-06-16 09:30:52,1037.85,459408
2021-06-16 09:30:53,1037.8,459422
2021-06-16 09:30:55,1038.0,459887
2021-06-16 09:30:55,1037.95,459987
2021-06-16 09:30:56,1037.45,460400
2021-06-16 09:30:57,1037.6,460745
2021-06-16 09:30:58,1037.6,460745
2021-06-16 09:30:59,1037.65,460838
2021-06-16 09:31:00,1037.95,460928
2021-06-16 09:31:02,1038.6,468469
2021-06-16 09:31:02,1038.6,468469
2021-06-16 09:31:03,1038.65,469270
2021-06-16 09:31:04,1038.65,469562
2021-06-16 09:31:05,1038.05,470244
2021-06-16 09:31:06,1038.35,470437
2021-06-16 09:31:07,1038.05,470663
2021-06-16 09:31:09,1038.3,472310
2021-06-16 09:31:10,1038.4,472364
2021-06-16 09:31:11,1038.35,472514
2021-06-16 09:31:12,1037.7,473318
2021-06-16 09:31:13,1037.9,473382
2021-06-16 09:31:14,1037.9,473728
2021-06-16 09:31:14,1037.65,473828
2021-06-16 09:31:15,1037.75,474063
2021-06-16 09:31:16,1037.55,474222
2021-06-16 09:31:17,1037.9,474331
2021-06-16 09:31:18,1037.9,474595
2021-06-16 09:31:19,1037.6,474728
2021-06-16 09:31:21,1038.05,474926
2021-06-16 09:31:22,1037.65,474933
2021-06-16 09:31:23,1037.9,475038
2021-06-16 09:31:24,1037.8,475429
2021-06-16 09:31:24,1037.4,475917
2021-06-16 09:31:25,1037.45,477286
2021-06-16 09:31:26,1037.35,477439
2021-06-16 09:31:27,1037.9,477792
2021-06-16 09:31:28,1037.95,477870
2021-06-16 09:31:29,1037.95,477995
2021-06-16 09:31:30,1037.3,479095
2021-06-16 09:31:31,1037.4,479119
2021-06-16 09:31:32,1037.9,479244
2021-06-16 09:31:35,1037.8,479514
2021-06-16 09:31:36,1037.4,479629
2021-06-16 09:31:37,1037.4,479988
2021-06-16 09:31:38,1037.75,480365
2021-06-16 09:31:38,1037.75,480365
2021-06-16 09:31:39,1037.75,480772
2021-06-16 09:31:41,1036.3,483576
2021-06-16 09:31:42,1036.3,483596
2021-06-16 09:31:43,1036.9,483904
2021-06-16 09:31:44,1036.9,483904
2021-06-16 09:31:46,1036.1,484839
2021-06-16 09:31:48,1036.6,484960
2021-06-16 09:31:50,1037.2,484994
2021-06-16 09:31:51,1036.75,486053
2021-06-16 09:31:52,1037.2,486153
2021-06-16 09:31:52,1037.2,486153
2021-06-16 09:31:53,1037.2,486280
2021-06-16 09:31:54,1037.0,486300
2021-06-16 09:31:55,1037.0,486318
2021-06-16 09:31:56,1036.65,486344
2021-06-16 09:31:57,1036.55,486345
2021-06-16 09:31:59,1036.55,486345
2021-06-16 09:32:00,1036.9,486745
2021-06-16 09:32:00,1036.55,486595
2021-06-16 09:32:01,1036.5,486965
2021-06-16 09:32:02,1036.95,486977
2021-06-16 09:32:03,1036.55,487107
2021-06-16 09:32:04,1036.55,487107
2021-06-16 09:32:05,1036.6,487157
2021-06-16 09:32:06,1037.0,487239
2021-06-16 09:32:08,1036.8,487264
2021-06-16 09:32:09,1037.0,487288
2021-06-16 09:32:10,1037.0,487388
2021-06-16 09:32:11,1036.9,487401
2021-06-16 09:32:11,1036.9,487401
2021-06-16 09:32:12,1036.65,487404
2021-06-16 09:32:13,1036.8,487601
2021-06-16 09:32:15,1036.8,487641
2021-06-16 09:32:16,1037.0,487821
2021-06-16 09:32:17,1036.4,488345
2021-06-16 09:32:18,1036.65,488395
2021-06-16 09:32:19,1036.65,488445
2021-06-16 09:32:21,1036.8,489480
2021-06-16 09:32:22,1036.8,489530
2021-06-16 09:32:23,1036.55,489550
2021-06-16 09:32:24,1036.85,489554
2021-06-16 09:32:24,1036.85,489554
2021-06-16 09:32:25,1036.8,489669
2021-06-16 09:32:26,1036.7,489671
2021-06-16 09:32:27,1036.85,489771
2021-06-16 09:32:28,1036.65,489937
2021-06-16 09:32:29,1037.0,490203
2021-06-16 09:32:33,1036.75,490304
2021-06-16 09:32:34,1037.0,490324
2021-06-16 09:32:35,1036.85,490541
2021-06-16 09:32:36,1037.3,493679
2021-06-16 09:32:37,1037.35,493779
2021-06-16 09:32:38,1037.3,493879
2021-06-16 09:32:39,1037.6,494089
2021-06-16 09:32:39,1037.3,493988
2021-06-16 09:32:40,1037.6,494093
2021-06-16 09:32:41,1037.3,494153
2021-06-16 09:32:43,1037.6,494161
2021-06-16 09:32:44,1037.1,495161
2021-06-16 09:32:45,1037.2,495196
2021-06-16 09:32:45,1037.2,495196
2021-06-16 09:32:46,1037.6,495241
2021-06-16 09:32:47,1037.55,495505
2021-06-16 09:32:48,1037.55,495505
2021-06-16 09:32:49,1037.55,495505
2021-06-16 09:32:50,1037.25,495575
2021-06-16 09:32:51,1037.25,495575
2021-06-16 09:32:53,1037.5,496030
2021-06-16 09:32:54,1037.5,496030
2021-06-16 09:32:55,1037.4,496035
2021-06-16 09:32:56,1036.95,496429
2021-06-16 09:32:56,1036.95,496429
2021-06-16 09:32:57,1037.1,496434
2021-06-16 09:32:58,1037.05,496494
2021-06-16 09:32:59,1037.05,496511
2021-06-16 09:33:01,1037.35,496534
2021-06-16 09:33:03,1037.0,496535
2021-06-16 09:33:04,1037.1,496554
2021-06-16 09:33:05,1037.1,496557
2021-06-16 09:33:05,1037.4,496657
2021-06-16 09:33:06,1036.95,496697
2021-06-16 09:33:07,1037.0,497012
2021-06-16 09:33:08,1036.85,497168
2021-06-16 09:33:09,1036.85,498346
2021-06-16 09:33:10,1037.2,498546
2021-06-16 09:33:11,1036.2,499512
2021-06-16 09:33:12,1036.25,499562
2021-06-16 09:33:14,1036.2,499858
2021-06-16 09:33:15,1036.2,499940
2021-06-16 09:33:15,1036.2,499865
2021-06-16 09:33:16,1036.2,499943
2021-06-16 09:33:17,1036.05,499950
2021-06-16 09:33:19,1036.05,499955
2021-06-16 09:33:20,1036.2,499985
2021-06-16 09:33:21,1036.2,500060
2021-06-16 09:33:22,1036.2,500061
2021-06-16 09:33:22,1036.3,500161
2021-06-16 09:33:23,1036.25,500177
2021-06-16 09:33:24,1036.75,500280
2021-06-16 09:33:25,1036.45,500330
2021-06-16 09:33:27,1036.35,500431
2021-06-16 09:33:28,1036.4,500682
2021-06-16 09:33:28,1036.8,500722
2021-06-16 09:33:29,1036.2,501422
2021-06-16 09:33:31,1036.3,501442
2021-06-16 09:33:32,1036.8,501695
2021-06-16 09:33:33,1036.5,501706
2021-06-16 09:33:34,1036.7,501742
2021-06-16 09:33:35,1036.5,502248
2021-06-16 09:33:35,1036.8,502258
2021-06-16 09:33:38,1036.5,502557
2021-06-16 09:33:39,1036.4,502558
2021-06-16 09:33:40,1036.5,502759
2021-06-16 09:33:41,1037.0,503121
2021-06-16 09:33:41,1037.0,503121
2021-06-16 09:33:42,1037.0,503154
2021-06-16 09:33:44,1036.9,503954
2021-06-16 09:33:45,1036.9,503984
2021-06-16 09:33:46,1037.0,504185
2021-06-16 09:33:46,1037.0,504185
2021-06-16 09:33:47,1036.8,504362
2021-06-16 09:33:48,1037.0,504464
2021-06-16 09:33:50,1036.8,504476
2021-06-16 09:33:51,1037.0,504527
2021-06-16 09:33:52,1037.05,504721
2021-06-16 09:33:53,1037.05,504721
2021-06-16 09:33:54,1036.8,504785
2021-06-16 09:33:55,1036.8,504823
2021-06-16 09:33:58,1036.8,504949
2021-06-16 09:33:59,1037.0,505050
2021-06-16 09:34:00,1036.8,505070
2021-06-16 09:34:00,1036.8,505070
2021-06-16 09:34:01,1037.0,505437
2021-06-16 09:34:02,1037.2,505831
2021-06-16 09:34:03,1036.85,505930
2021-06-16 09:34:04,1036.85,505930
2021-06-16 09:34:05,1036.85,505957
2021-06-16 09:34:06,1037.0,506026
2021-06-16 09:34:07,1037.0,506026
2021-06-16 09:34:08,1036.8,506051
2021-06-16 09:34:09,1036.8,506051
2021-06-16 09:34:10,1036.9,506145
2021-06-16 09:34:11,1037.2,506302
2021-06-16 09:34:12,1037.05,506309
2021-06-16 09:34:13,1037.2,506324
2021-06-16 09:34:14,1037.0,506330
2021-06-16 09:34:15,1037.2,506409
2021-06-16 09:34:16,1037.05,506447
2021-06-16 09:34:17,1037.05,506447
2021-06-16 09:34:18,1037.05,506447
2021-06-16 09:34:19,1037.0,506514
2021-06-16 09:34:20,1037.25,507073
2021-06-16 09:34:21,1037.0,507224
2021-06-16 09:34:22,1036.85,507295
2021-06-16 09:34:23,1036.95,507308
2021-06-16 09:34:25,1036.9,507313
2021-06-16 09:34:26,1036.9,507323
2021-06-16 09:34:27,1036.9,507323
2021-06-16 09:34:28,1036.9,507323
2021-06-16 09:34:29,1036.9,507373
2021-06-16 09:34:30,1037.0,507434
2021-06-16 09:34:31,1037.0,507438
2021-06-16 09:34:32,1037.0,507488
2021-06-16 09:34:33,1037.0,507489
2021-06-16 09:34:35,1037.05,507615
2021-06-16 09:34:36,1037.05,507615
2021-06-16 09:34:37,1036.9,507715
2021-06-16 09:34:38,1037.0,507725
2021-06-16 09:34:39,1037.0,507725
2021-06-16 09:34:40,1037.0,507725
2021-06-16 09:34:41,1037.25,507767
2021-06-16 09:34:42,1037.25,507802
2021-06-16 09:34:43,1037.0,507903
2021-06-16 09:34:44,1037.35,508053
2021-06-16 09:34:45,1037.35,508063
2021-06-16 09:34:46,1037.0,508066
2021-06-16 09:34:47,1036.9,508316
2021-06-16 09:34:49,1036.5,510316
2021-06-16 09:34:50,1037.3,510366
2021-06-16 09:34:52,1037.05,510408
2021-06-16 09:34:53,1036.65,510663
2021-06-16 09:34:54,1037.3,511063
2021-06-16 09:34:55,1036.75,511233
2021-06-16 09:34:56,1037.0,511335
2021-06-16 09:34:56,1037.25,511235
2021-06-16 09:34:57,1036.85,511373
2021-06-16 09:34:58,1036.85,511373
2021-06-16 09:34:59,1036.85,511373
2021-06-16 09:35:00,1036.95,511423
2021-06-16 09:35:01,1036.9,511478
2021-06-16 09:35:02,1036.9,511478
2021-06-16 09:35:03,1037.0,511511
2021-06-16 09:35:04,1037.15,511598
2021-06-16 09:35:05,1037.3,514043
2021-06-16 09:35:06,1037.3,514068
2021-06-16 09:35:07,1037.35,514119
2021-06-16 09:35:08,1037.35,514119
2021-06-16 09:35:09,1037.35,514119
2021-06-16 09:35:10,1037.35,514438
2021-06-16 09:35:11,1036.9,514968
2021-06-16 09:35:12,1037.3,514969
2021-06-16 09:35:13,1037.3,514989
2021-06-16 09:35:14,1037.3,514994
2021-06-16 09:35:15,1037.2,514996
2021-06-16 09:35:16,1037.15,515006
2021-06-16 09:35:18,1037.0,515056
2021-06-16 09:35:19,1037.0,515323
2021-06-16 09:35:20,1037.0,515323
2021-06-16 09:35:21,1037.0,515323
2021-06-16 09:35:22,1036.6,515468
2021-06-16 09:35:24,1036.6,515674
2021-06-16 09:35:25,1036.45,515858
2021-06-16 09:35:26,1036.4,516230
2021-06-16 09:35:27,1036.65,516260
2021-06-16 09:35:28,1036.5,516305
2021-06-16 09:35:29,1036.1,516995
2021-06-16 09:35:30,1036.05,517017
2021-06-16 09:35:31,1036.05,517036
2021-06-16 09:35:32,1036.4,517213
2021-06-16 09:35:33,1036.45,517514
2021-06-16 09:35:34,1036.4,517516
2021-06-16 09:35:35,1036.0,518141
2021-06-16 09:35:36,1035.9,518163
2021-06-16 09:35:37,1035.7,518325
2021-06-16 09:35:38,1035.8,518426
2021-06-16 09:35:39,1035.8,518442
2021-06-16 09:35:40,1035.5,518443
2021-06-16 09:35:41,1035.15,519731
2021-06-16 09:35:42,1035.15,519743
2021-06-16 09:35:43,1035.15,519743
2021-06-16 09:35:44,1035.8,521342
2021-06-16 09:35:44,1035.8,521342
2021-06-16 09:35:46,1035.8,521352
2021-06-16 09:35:48,1035.75,521362
2021-06-16 09:35:49,1035.3,521623
2021-06-16 09:35:50,1035.15,521709
2021-06-16 09:35:51,1035.6,522709
2021-06-16 09:35:52,1035.5,522798
2021-06-16 09:35:53,1035.1,522898
2021-06-16 09:35:54,1035.1,522898
2021-06-16 09:35:55,1035.05,523898
2021-06-16 09:35:56,1035.5,524092
2021-06-16 09:35:58,1035.4,524142
2021-06-16 09:35:59,1035.5,524243
2021-06-16 09:36:00,1035.5,524649
2021-06-16 09:36:01,1035.15,524679
2021-06-16 09:36:02,1035.4,524680
2021-06-16 09:36:03,1035.35,524735
2021-06-16 09:36:05,1035.35,524800
2021-06-16 09:36:06,1035.5,524900
2021-06-16 09:36:07,1035.5,524904
2021-06-16 09:36:08,1035.9,527092
2021-06-16 09:36:09,1035.9,527093
2021-06-16 09:36:09,1035.9,527093
2021-06-16 09:36:11,1036.6,527291
2021-06-16 09:36:13,1036.6,527485
2021-06-16 09:36:14,1036.4,527656
2021-06-16 09:36:15,1036.35,527721
2021-06-16 09:36:16,1035.9,527821
2021-06-16 09:36:17,1036.0,527866
2021-06-16 09:36:18,1035.15,530016
2021-06-16 09:36:19,1035.45,530105
2021-06-16 09:36:20,1035.15,530209
2021-06-16 09:36:20,1035.15,530199
2021-06-16 09:36:21,1035.45,531450
2021-06-16 09:36:22,1035.45,531550
2021-06-16 09:36:24,1035.45,531675
2021-06-16 09:36:25,1035.6,532095
2021-06-16 09:36:26,1036.0,532395
2021-06-16 09:36:27,1035.15,532678
2021-06-16 09:36:28,1035.4,532718
2021-06-16 09:36:29,1035.15,532764
2021-06-16 09:36:30,1035.15,533197
2021-06-16 09:36:31,1035.4,533198
2021-06-16 09:36:32,1035.35,533252
2021-06-16 09:36:33,1035.35,533252
2021-06-16 09:36:34,1035.1,533302
2021-06-16 09:36:35,1035.0,533391
2021-06-16 09:36:36,1035.1,533406
2021-06-16 09:36:37,1034.25,536341
2021-06-16 09:36:38,1034.3,536594
2021-06-16 09:36:39,1035.0,536696
2021-06-16 09:36:40,1035.2,537701
2021-06-16 09:36:41,1035.0,538129
2021-06-16 09:36:42,1034.2,538149
2021-06-16 09:36:43,1034.35,538418
2021-06-16 09:36:44,1034.0,538528
2021-06-16 09:36:45,1034.5,538628
2021-06-16 09:36:46,1034.5,538628
2021-06-16 09:36:47,1034.7,538733
2021-06-16 09:36:47,1034.7,538733
2021-06-16 09:36:49,1034.05,540433
2021-06-16 09:36:50,1034.1,540483
2021-06-16 09:36:51,1034.65,540583
2021-06-16 09:36:52,1034.9,540594
2021-06-16 09:36:53,1035.5,541520
2021-06-16 09:36:54,1035.4,541521
2021-06-16 09:36:55,1034.9,541672
2021-06-16 09:36:56,1034.45,541716
2021-06-16 09:36:57,1034.0,542133
2021-06-16 09:36:58,1034.1,542183
2021-06-16 09:36:59,1034.35,542995
2021-06-16 09:37:00,1034.15,543015
2021-06-16 09:37:01,1034.55,543221
2021-06-16 09:37:01,1034.55,543221
2021-06-16 09:37:02,1034.1,543321
2021-06-16 09:37:03,1033.6,545373
2021-06-16 09:37:04,1034.15,545431
2021-06-16 09:37:05,1033.6,545434
2021-06-16 09:37:07,1033.6,545540
2021-06-16 09:37:09,1034.1,545680
2021-06-16 09:37:10,1033.5,545919
2021-06-16 09:37:11,1033.5,545919
2021-06-16 09:37:12,1033.35,546133
2021-06-16 09:37:13,1033.9,546137
2021-06-16 09:37:14,1033.9,546391
2021-06-16 09:37:15,1033.9,546560
2021-06-16 09:37:16,1033.45,546600
2021-06-16 09:37:17,1033.5,546635
2021-06-16 09:37:17,1033.5,546635
2021-06-16 09:37:19,1033.5,546635
2021-06-16 09:37:20,1033.6,546695
2021-06-16 09:37:21,1033.6,546770
2021-06-16 09:37:22,1034.1,546980
2021-06-16 09:37:23,1034.1,546980
2021-06-16 09:37:24,1034.1,547090
2021-06-16 09:37:25,1034.1,547090
2021-06-16 09:37:26,1034.35,547105
2021-06-16 09:37:27,1034.35,547105
2021-06-16 09:37:28,1034.25,547155
2021-06-16 09:37:30,1034.25,547287
2021-06-16 09:37:31,1033.8,547447
2021-06-16 09:37:32,1033.95,547467
2021-06-16 09:37:34,1034.4,547747
2021-06-16 09:37:37,1034.05,547752
2021-06-16 09:37:38,1034.35,548354
2021-06-16 09:37:39,1034.05,548355
2021-06-16 09:37:40,1034.05,548419
2021-06-16 09:37:42,1034.0,548598
2021-06-16 09:37:43,1034.0,548598
2021-06-16 09:37:44,1034.05,548677
2021-06-16 09:37:45,1034.05,548677
2021-06-16 09:37:47,1034.55,550778
2021-06-16 09:37:48,1034.55,550779
2021-06-16 09:37:49,1034.4,550839
2021-06-16 09:37:50,1034.55,550860
2021-06-16 09:37:51,1034.4,551385
2021-06-16 09:37:52,1034.4,551385
2021-06-16 09:37:53,1034.4,551435
2021-06-16 09:37:54,1034.4,551435
2021-06-16 09:37:55,1034.4,551436
2021-06-16 09:37:56,1034.4,551465
2021-06-16 09:37:57,1034.75,551565
2021-06-16 09:37:58,1034.4,551579
2021-06-16 09:37:59,1034.4,551594
2021-06-16 09:38:00,1034.65,551632
2021-06-16 09:38:01,1034.55,551712
2021-06-16 09:38:02,1034.7,552031
2021-06-16 09:38:03,1034.4,552040
2021-06-16 09:38:04,1034.4,552040
2021-06-16 09:38:05,1034.4,552091
2021-06-16 09:38:06,1034.4,552744
2021-06-16 09:38:07,1034.4,552872
2021-06-16 09:38:08,1034.4,552872
2021-06-16 09:38:09,1034.4,552872
2021-06-16 09:38:10,1034.15,553022
2021-06-16 09:38:13,1034.4,553087
2021-06-16 09:38:14,1034.4,553088
2021-06-16 09:38:15,1034.15,553182
2021-06-16 09:38:16,1034.15,553182
2021-06-16 09:38:17,1034.4,553432
2021-06-16 09:38:18,1034.35,553628
2021-06-16 09:38:19,1034.4,553728
2021-06-16 09:38:20,1034.4,553728
2021-06-16 09:38:21,1034.4,553855
2021-06-16 09:38:22,1034.0,553862
2021-06-16 09:38:23,1034.0,553962
2021-06-16 09:38:24,1034.4,554312
2021-06-16 09:38:26,1034.4,554312
2021-06-16 09:38:25,1034.4,554312
2021-06-16 09:38:27,1034.4,554412
2021-06-16 09:38:28,1034.05,554432
2021-06-16 09:38:29,1034.05,554537
2021-06-16 09:38:30,1034.35,554558
2021-06-16 09:38:31,1034.0,554638
2021-06-16 09:38:32,1034.45,555038
2021-06-16 09:38:34,1034.45,555038
2021-06-16 09:38:36,1034.55,555058
2021-06-16 09:38:38,1034.55,555058
2021-06-16 09:38:39,1034.55,555058
2021-06-16 09:38:40,1034.05,556108
2021-06-16 09:38:41,1034.05,556129
2021-06-16 09:38:42,1034.05,556245
2021-06-16 09:38:43,1034.05,556245
2021-06-16 09:38:44,1034.2,556247
2021-06-16 09:38:45,1034.2,556247
2021-06-16 09:38:46,1034.55,556267
2021-06-16 09:38:47,1034.75,556317
2021-06-16 09:38:48,1034.5,556321
2021-06-16 09:38:49,1034.7,556334
2021-06-16 09:38:50,1034.55,556415
2021-06-16 09:38:51,1034.55,556649
2021-06-16 09:38:52,1034.4,556967
2021-06-16 09:38:53,1034.65,557067
2021-06-16 09:38:56,1034.75,557469
2021-06-16 09:38:57,1034.75,557469
2021-06-16 09:38:58,1034.55,557482
2021-06-16 09:38:59,1034.55,557482
2021-06-16 09:39:00,1034.5,557602
2021-06-16 09:39:01,1034.5,557602
2021-06-16 09:39:02,1034.5,557633
2021-06-16 09:39:03,1034.5,557633
2021-06-16 09:39:06,1034.4,557768
2021-06-16 09:39:07,1034.55,557803
2021-06-16 09:39:08,1034.55,557803
2021-06-16 09:39:09,1034.5,557813
2021-06-16 09:39:10,1034.5,557833
2021-06-16 09:39:11,1034.55,557933
2021-06-16 09:39:12,1034.55,557933
2021-06-16 09:39:13,1034.55,557953
2021-06-16 09:39:14,1034.55,557954
2021-06-16 09:39:16,1034.55,557958
2021-06-16 09:39:17,1034.4,558003
2021-06-16 09:39:18,1034.4,558072
2021-06-16 09:39:19,1034.4,558172
2021-06-16 09:39:21,1034.5,558300
2021-06-16 09:39:23,1034.25,558517
2021-06-16 09:39:25,1034.0,560377
2021-06-16 09:39:26,1034.05,560877
2021-06-16 09:39:27,1034.05,560877
2021-06-16 09:39:28,1034.15,560917
2021-06-16 09:39:29,1034.05,561094
2021-06-16 09:39:30,1033.55,561114
2021-06-16 09:39:31,1033.6,561124
2021-06-16 09:39:33,1034.1,561624
2021-06-16 09:39:34,1033.85,561889
2021-06-16 09:39:36,1033.7,561899
2021-06-16 09:39:37,1033.7,561919
2021-06-16 09:39:38,1033.7,561969
2021-06-16 09:39:40,1033.7,562010
2021-06-16 09:39:41,1033.7,562050
2021-06-16 09:39:42,1033.7,562050
2021-06-16 09:39:43,1033.7,562050
2021-06-16 09:39:44,1033.7,562050
2021-06-16 09:39:45,1034.0,562086
2021-06-16 09:39:46,1034.0,562086
2021-06-16 09:39:47,1034.0,562086
2021-06-16 09:39:48,1034.0,562286
2021-06-16 09:39:49,1033.6,562761
2021-06-16 09:39:50,1033.6,562761
2021-06-16 09:39:51,1033.55,562763
2021-06-16 09:39:52,1033.7,562783
2021-06-16 09:39:53,1033.45,564352
2021-06-16 09:39:54,1033.5,564702
2021-06-16 09:39:56,1033.7,564747
2021-06-16 09:39:57,1033.85,564757
2021-06-16 09:39:58,1033.6,564759
2021-06-16 09:39:59,1033.45,564833
2021-06-16 09:40:00,1033.45,564833
2021-06-16 09:40:01,1033.5,564936
2021-06-16 09:40:02,1033.5,564936
2021-06-16 09:40:03,1033.5,565072
2021-06-16 09:40:04,1033.45,565092
2021-06-16 09:40:05,1033.55,565093
2021-06-16 09:40:06,1033.15,565282
2021-06-16 09:40:08,1033.15,566315
2021-06-16 09:40:09,1033.55,566330
2021-06-16 09:40:10,1033.15,566340
2021-06-16 09:40:10,1033.15,566340
2021-06-16 09:40:11,1033.55,566357
2021-06-16 09:40:12,1033.55,566374
2021-06-16 09:40:13,1033.6,566574
2021-06-16 09:40:14,1033.6,566574
2021-06-16 09:40:15,1033.95,566584
2021-06-16 09:40:16,1033.3,567123
2021-06-16 09:40:18,1033.4,567430
2021-06-16 09:40:18,1033.4,567430
2021-06-16 09:40:19,1033.4,567430
2021-06-16 09:40:20,1033.45,567456
2021-06-16 09:40:21,1033.95,567457
2021-06-16 09:40:22,1033.95,567457
2021-06-16 09:40:24,1033.4,567460
2021-06-16 09:40:24,1033.4,567460
2021-06-16 09:40:25,1033.4,567461
2021-06-16 09:40:26,1033.7,567463
2021-06-16 09:40:27,1033.7,567463
2021-06-16 09:40:28,1033.7,567463
2021-06-16 09:40:29,1033.3,567579
2021-06-16 09:40:31,1033.15,567718
2021-06-16 09:40:32,1033.4,567933
2021-06-16 09:40:33,1033.1,568133
2021-06-16 09:40:33,1033.4,568175
2021-06-16 09:40:34,1033.4,568175
2021-06-16 09:40:38,1033.1,568497
2021-06-16 09:40:39,1033.35,568552
2021-06-16 09:40:41,1033.45,568617
2021-06-16 09:40:42,1033.0,569402
2021-06-16 09:40:44,1033.0,569402
2021-06-16 09:40:45,1033.2,569422
2021-06-16 09:40:46,1033.3,569424
2021-06-16 09:40:47,1033.55,569925
2021-06-16 09:40:48,1033.15,570185
2021-06-16 09:40:49,1033.15,570185
2021-06-16 09:40:50,1033.2,570265
2021-06-16 09:40:51,1033.1,570330
2021-06-16 09:40:52,1033.1,570330
2021-06-16 09:40:53,1033.15,570457
2021-06-16 09:40:54,1033.15,570457
2021-06-16 09:40:55,1033.15,570457
2021-06-16 09:40:56,1033.15,570507
2021-06-16 09:40:57,1033.2,570587
2021-06-16 09:40:58,1033.2,570618
2021-06-16 09:41:00,1033.15,570627
2021-06-16 09:41:00,1033.1,570897
2021-06-16 09:41:01,1033.1,570927
2021-06-16 09:41:02,1033.1,570927
2021-06-16 09:41:03,1033.1,571252
2021-06-16 09:41:05,1033.15,571340
2021-06-16 09:41:06,1033.1,572346
2021-06-16 09:41:07,1033.1,572351
2021-06-16 09:41:08,1033.1,572551
2021-06-16 09:41:09,1033.5,572611
2021-06-16 09:41:10,1033.5,572611
2021-06-16 09:41:12,1033.1,572721
2021-06-16 09:41:13,1033.25,573194
2021-06-16 09:41:14,1033.3,573199
2021-06-16 09:41:14,1033.3,573199
2021-06-16 09:41:15,1033.3,573199
2021-06-16 09:41:16,1033.4,573207
2021-06-16 09:41:17,1033.1,573217
2021-06-16 09:41:18,1033.4,573218
2021-06-16 09:41:19,1033.1,573261
2021-06-16 09:41:21,1033.1,573493
2021-06-16 09:41:21,1033.4,573499
2021-06-16 09:41:23,1033.1,573501
2021-06-16 09:41:23,1033.1,573501
2021-06-16 09:41:24,1033.1,573501
2021-06-16 09:41:25,1033.1,573502
2021-06-16 09:41:26,1033.1,573502
2021-06-16 09:41:27,1033.1,573502
2021-06-16 09:41:28,1033.4,573512
2021-06-16 09:41:29,1033.4,573512
2021-06-16 09:41:30,1033.1,573763
2021-06-16 09:41:31,1033.1,573763
2021-06-16 09:41:33,1033.25,573813
2021-06-16 09:41:34,1033.25,573813
2021-06-16 09:41:35,1033.25,573813
2021-06-16 09:41:36,1033.1,573848
2021-06-16 09:41:37,1033.1,573978
2021-06-16 09:41:38,1033.25,574042
2021-06-16 09:41:39,1033.25,574042
2021-06-16 09:41:40,1033.25,574141
2021-06-16 09:41:41,1033.1,574409
2021-06-16 09:41:42,1033.1,574410
2021-06-16 09:41:44,1033.2,574411
2021-06-16 09:41:44,1033.1,574611
2021-06-16 09:41:45,1033.1,574661
2021-06-16 09:41:46,1033.25,574781
2021-06-16 09:41:47,1033.2,574789
2021-06-16 09:41:48,1033.1,574791
2021-06-16 09:41:49,1033.1,574979
2021-06-16 09:41:51,1033.1,576117
2021-06-16 09:41:52,1033.0,576189
2021-06-16 09:41:53,1033.0,576189
2021-06-16 09:41:54,1033.0,576189
2021-06-16 09:41:54,1033.0,576189
2021-06-16 09:41:55,1033.0,576189
2021-06-16 09:41:56,1033.1,576199
2021-06-16 09:41:57,1033.1,576199
2021-06-16 09:41:58,1033.0,576220
2021-06-16 09:41:59,1033.0,576250
2021-06-16 09:42:00,1033.0,576270
2021-06-16 09:42:02,1033.1,576991
2021-06-16 09:42:03,1033.0,577003
2021-06-16 09:42:04,1033.0,577451
2021-06-16 09:42:05,1033.1,577461
2021-06-16 09:42:07,1033.0,577946
2021-06-16 09:42:08,1033.0,577946
2021-06-16 09:42:08,1033.0,577946
2021-06-16 09:42:09,1033.05,578092
2021-06-16 09:42:10,1033.05,578098
2021-06-16 09:42:11,1033.0,578162
2021-06-16 09:42:12,1033.0,578162
2021-06-16 09:42:14,1033.2,578207
2021-06-16 09:42:15,1033.2,578207
2021-06-16 09:42:16,1033.2,578227
2021-06-16 09:42:16,1033.2,578227
2021-06-16 09:42:17,1033.0,578232
2021-06-16 09:42:18,1033.0,578232
2021-06-16 09:42:19,1033.0,578682
2021-06-16 09:42:21,1033.0,579682
2021-06-16 09:42:22,1033.3,579732
2021-06-16 09:42:22,1033.3,579732
2021-06-16 09:42:23,1033.3,579753
2021-06-16 09:42:24,1033.25,579805
2021-06-16 09:42:26,1033.35,580547
2021-06-16 09:42:27,1033.4,580565
2021-06-16 09:42:28,1033.4,580708
2021-06-16 09:42:29,1033.15,580716
2021-06-16 09:42:31,1033.1,580863
2021-06-16 09:42:32,1033.25,580873
2021-06-16 09:42:34,1033.7,581443
2021-06-16 09:42:35,1033.75,581453
2021-06-16 09:42:37,1033.9,581476
2021-06-16 09:42:37,1033.9,581476
2021-06-16 09:42:39,1033.6,581749
2021-06-16 09:42:40,1034.0,581829
2021-06-16 09:42:41,1033.6,582010
2021-06-16 09:42:42,1033.9,582062
2021-06-16 09:42:42,1033.9,582062
2021-06-16 09:42:43,1033.9,582062
2021-06-16 09:42:44,1033.45,582109
2021-06-16 09:42:45,1033.9,582135
2021-06-16 09:42:46,1033.4,582145
2021-06-16 09:42:47,1033.4,582147
2021-06-16 09:42:48,1033.4,582147
2021-06-16 09:42:51,1033.4,582147
2021-06-16 09:42:52,1033.45,582150
2021-06-16 09:42:53,1033.45,582150
2021-06-16 09:42:54,1033.4,582598
2021-06-16 09:42:54,1033.35,582620
2021-06-16 09:42:55,1033.55,583180
2021-06-16 09:42:56,1033.45,583231
2021-06-16 09:42:57,1033.1,583494
2021-06-16 09:42:59,1033.35,583594
2021-06-16 09:43:00,1033.1,583624
2021-06-16 09:43:00,1033.1,583624
2021-06-16 09:43:01,1033.25,583634
2021-06-16 09:43:02,1033.1,583658
2021-06-16 09:43:03,1033.1,583684
2021-06-16 09:43:04,1033.25,583688
2021-06-16 09:43:05,1033.9,583830
2021-06-16 09:43:06,1033.9,583830
2021-06-16 09:43:07,1033.9,583830
2021-06-16 09:43:09,1033.9,583830
2021-06-16 09:43:10,1033.15,584383
2021-06-16 09:43:12,1033.45,584388
2021-06-16 09:43:14,1033.05,584798
2021-06-16 09:43:15,1033.05,584798
2021-06-16 09:43:15,1033.05,584798
2021-06-16 09:43:16,1033.2,584799
2021-06-16 09:43:17,1033.15,584801
2021-06-16 09:43:18,1033.05,585733
2021-06-16 09:43:19,1033.05,585733
2021-06-16 09:43:20,1033.05,585733
2021-06-16 09:43:21,1033.4,585983
2021-06-16 09:43:22,1033.4,585983
2021-06-16 09:43:23,1033.4,585983
2021-06-16 09:43:24,1033.1,586003
2021-06-16 09:43:25,1033.0,586005
2021-06-16 09:43:26,1033.0,586005
2021-06-16 09:43:27,1033.1,586126
2021-06-16 09:43:28,1033.1,586226
2021-06-16 09:43:29,1033.1,586226
2021-06-16 09:43:30,1033.1,586246
2021-06-16 09:43:31,1033.1,586246
2021-06-16 09:43:32,1033.1,586246
2021-06-16 09:43:33,1033.4,586251
2021-06-16 09:43:34,1033.4,586251
2021-06-16 09:43:36,1033.1,586286
2021-06-16 09:43:37,1033.1,586286
2021-06-16 09:43:37,1033.1,586288
2021-06-16 09:43:38,1033.1,586291
2021-06-16 09:43:39,1033.1,586291
2021-06-16 09:43:40,1033.1,586291
2021-06-16 09:43:41,1033.1,586291
2021-06-16 09:43:42,1033.3,586294
2021-06-16 09:43:43,1033.3,586295
2021-06-16 09:43:46,1033.4,586495
2021-06-16 09:43:47,1033.1,586507
2021-06-16 09:43:48,1033.3,587460
2021-06-16 09:43:49,1033.0,587661
2021-06-16 09:43:50,1032.5,595108
2021-06-16 09:43:51,1032.5,595178
2021-06-16 09:43:52,1032.75,595367
2021-06-16 09:43:53,1032.75,595367
2021-06-16 09:43:54,1032.5,595375
2021-06-16 09:43:55,1032.5,595375
2021-06-16 09:43:56,1032.5,595375
2021-06-16 09:43:57,1032.5,595405
2021-06-16 09:43:58,1032.9,595516
2021-06-16 09:43:59,1033.0,595622
2021-06-16 09:44:00,1032.65,595642
2021-06-16 09:44:01,1032.65,595642
2021-06-16 09:44:03,1032.55,595643
2021-06-16 09:44:05,1032.75,595747
2021-06-16 09:44:05,1032.75,595747
2021-06-16 09:44:07,1032.5,595827
2021-06-16 09:44:08,1032.5,595877
2021-06-16 09:44:08,1032.5,595877
2021-06-16 09:44:09,1032.5,595877
2021-06-16 09:44:10,1032.5,595877
2021-06-16 09:44:11,1032.5,595878
2021-06-16 09:44:12,1032.5,596507
2021-06-16 09:44:13,1032.5,596507
2021-06-16 09:44:14,1032.6,596538
2021-06-16 09:44:15,1032.5,596597
2021-06-16 09:44:16,1032.9,597098
2021-06-16 09:44:17,1032.95,597223
2021-06-16 09:44:18,1032.95,597423
2021-06-16 09:44:19,1032.95,597423
2021-06-16 09:44:21,1032.5,597448
2021-06-16 09:44:22,1032.5,597448
2021-06-16 09:44:24,1032.75,597532
2021-06-16 09:44:25,1032.5,597581
2021-06-16 09:44:26,1032.5,597693
2021-06-16 09:44:28,1032.5,597693
2021-06-16 09:44:31,1032.75,597756
2021-06-16 09:44:30,1032.5,597733
2021-06-16 09:44:32,1032.5,598477
2021-06-16 09:44:33,1032.4,598786
2021-06-16 09:44:34,1032.55,598991
2021-06-16 09:44:35,1032.5,599063
2021-06-16 09:44:37,1032.5,599191
2021-06-16 09:44:38,1032.25,599266
2021-06-16 09:44:39,1032.2,599301
2021-06-16 09:44:40,1032.05,599634
2021-06-16 09:44:41,1032.15,601664
2021-06-16 09:44:42,1032.1,601777
2021-06-16 09:44:43,1032.1,601802
2021-06-16 09:44:44,1032.15,602002
2021-06-16 09:44:46,1032.15,602002
2021-06-16 09:44:47,1032.15,602002
2021-06-16 09:44:48,1032.2,602004
2021-06-16 09:44:49,1031.85,602892
2021-06-16 09:44:50,1032.05,603142
2021-06-16 09:44:51,1031.25,604365
2021-06-16 09:44:52,1031.3,604565
2021-06-16 09:44:53,1031.3,604672
2021-06-16 09:44:54,1031.25,605154
2021-06-16 09:44:55,1031.25,605171
2021-06-16 09:44:56,1031.25,605480
2021-06-16 09:44:57,1031.7,605594
2021-06-16 09:44:58,1031.7,605594
2021-06-16 09:44:59,1031.55,605613
2021-06-16 09:45:01,1031.55,605633
2021-06-16 09:45:02,1031.55,605833
2021-06-16 09:45:03,1031.55,605841
2021-06-16 09:45:04,1031.7,605843
2021-06-16 09:45:05,1031.45,605940
2021-06-16 09:45:06,1031.25,606162
2021-06-16 09:45:07,1031.25,606695
2021-06-16 09:45:07,1031.25,606695
2021-06-16 09:45:08,1031.25,606804
2021-06-16 09:45:09,1031.7,607011
2021-06-16 09:45:11,1031.6,607125
2021-06-16 09:45:12,1031.5,607313
2021-06-16 09:45:13,1032.15,607514
2021-06-16 09:45:14,1031.65,607533
2021-06-16 09:45:15,1031.7,607545
2021-06-16 09:45:16,1031.9,607684
2021-06-16 09:45:17,1032.15,607685
2021-06-16 09:45:19,1032.0,608038
2021-06-16 09:45:20,1032.0,608046
2021-06-16 09:45:21,1032.0,608048
2021-06-16 09:45:22,1032.0,608048
2021-06-16 09:45:23,1032.0,608048
2021-06-16 09:45:24,1032.3,608300
2021-06-16 09:45:25,1032.1,608353
2021-06-16 09:45:28,1032.15,608438
2021-06-16 09:45:29,1032.15,608467
2021-06-16 09:45:31,1032.05,608514
2021-06-16 09:45:32,1032.05,608514
2021-06-16 09:45:34,1032.15,608614
2021-06-16 09:45:35,1032.05,608624
2021-06-16 09:45:36,1032.05,608843
2021-06-16 09:45:37,1032.3,608954
2021-06-16 09:45:38,1032.25,609159
2021-06-16 09:45:39,1032.2,609200
2021-06-16 09:45:39,1032.25,609159
2021-06-16 09:45:40,1032.3,609306
2021-06-16 09:45:42,1032.45,609570
2021-06-16 09:45:43,1032.0,609883
2021-06-16 09:45:44,1032.0,609883
2021-06-16 09:45:46,1032.35,609985
2021-06-16 09:45:46,1032.5,610004
2021-06-16 09:45:47,1032.15,610064
2021-06-16 09:45:48,1032.2,610279
2021-06-16 09:45:49,1032.5,610530
2021-06-16 09:45:51,1032.5,610530
2021-06-16 09:45:52,1031.85,610780
2021-06-16 09:45:53,1031.85,610780
2021-06-16 09:45:54,1032.25,610947
2021-06-16 09:45:55,1032.25,610947
2021-06-16 09:45:55,1032.25,610947
2021-06-16 09:45:56,1032.0,610970
2021-06-16 09:45:57,1032.0,610970
2021-06-16 09:45:59,1032.0,611080
2021-06-16 09:46:00,1032.05,611866
2021-06-16 09:46:01,1032.05,611866
2021-06-16 09:46:03,1031.8,611966
2021-06-16 09:46:04,1032.05,611976
2021-06-16 09:46:06,1032.0,612031
2021-06-16 09:46:07,1032.05,612592
2021-06-16 09:46:08,1032.05,612592
2021-06-16 09:46:10,1032.0,612621
2021-06-16 09:46:11,1032.0,612631
2021-06-16 09:46:12,1032.25,612691
2021-06-16 09:46:13,1032.0,612811
2021-06-16 09:46:14,1032.0,612821
2021-06-16 09:46:15,1031.85,613021
2021-06-16 09:46:16,1032.0,613045
2021-06-16 09:46:17,1032.0,613050
2021-06-16 09:46:18,1032.0,613050
2021-06-16 09:46:18,1032.0,613050
2021-06-16 09:46:19,1031.7,613715
2021-06-16 09:46:20,1031.55,613765
2021-06-16 09:46:21,1031.45,613766
2021-06-16 09:46:22,1031.45,613769
2021-06-16 09:46:23,1031.6,613819
2021-06-16 09:46:25,1031.5,613980
2021-06-16 09:46:26,1031.45,614162
2021-06-16 09:46:27,1031.4,614548
2021-06-16 09:46:28,1031.25,614771
2021-06-16 09:46:29,1031.25,614871
2021-06-16 09:46:30,1031.5,614951
2021-06-16 09:46:30,1031.5,614951
2021-06-16 09:46:31,1031.2,614972
2021-06-16 09:46:32,1031.2,615022
2021-06-16 09:46:33,1031.25,615122
2021-06-16 09:46:35,1031.4,615124
2021-06-16 09:46:36,1031.4,615195
2021-06-16 09:46:37,1031.4,615235
2021-06-16 09:46:38,1031.25,615338
2021-06-16 09:46:39,1031.25,615408
2021-06-16 09:46:40,1031.25,615499
2021-06-16 09:46:41,1031.25,615499
2021-06-16 09:46:42,1031.5,615519
2021-06-16 09:46:43,1030.95,618114
2021-06-16 09:46:45,1030.9,618134
2021-06-16 09:46:46,1030.9,618134
2021-06-16 09:46:47,1030.9,618134
2021-06-16 09:46:49,1031.6,618862
2021-06-16 09:46:51,1031.55,618875
2021-06-16 09:46:52,1031.1,618983
2021-06-16 09:46:53,1031.1,618983
2021-06-16 09:46:54,1031.0,619138
2021-06-16 09:46:55,1031.0,619141
2021-06-16 09:46:56,1030.9,619151
2021-06-16 09:46:57,1030.9,619151
2021-06-16 09:46:58,1030.7,619868
2021-06-16 09:46:59,1030.7,619880
2021-06-16 09:47:00,1030.55,620211
2021-06-16 09:47:01,1030.95,620255
2021-06-16 09:47:01,1030.95,620255
2021-06-16 09:47:03,1031.1,620580
2021-06-16 09:47:04,1030.8,620780
2021-06-16 09:47:06,1030.35,623443
2021-06-16 09:47:07,1030.3,623453
2021-06-16 09:47:08,1030.35,623523
2021-06-16 09:47:10,1030.5,623873
2021-06-16 09:47:11,1030.6,624071
2021-06-16 09:47:13,1030.3,624130
2021-06-16 09:47:14,1030.5,624175
2021-06-16 09:47:14,1030.5,624175
2021-06-16 09:47:15,1030.4,624219
2021-06-16 09:47:18,1030.6,624763
2021-06-16 09:47:19,1030.6,624763
2021-06-16 09:47:20,1030.4,624805
2021-06-16 09:47:21,1030.15,624896
2021-06-16 09:47:22,1030.5,625388
2021-06-16 09:47:23,1030.05,626039
2021-06-16 09:47:24,1030.05,626041
2021-06-16 09:47:24,1030.0,628971
2021-06-16 09:47:25,1030.0,629130
2021-06-16 09:47:28,1030.0,629334
2021-06-16 09:47:29,1030.35,629435
2021-06-16 09:47:30,1030.0,629585
2021-06-16 09:47:31,1030.05,629611
2021-06-16 09:47:32,1030.05,629719
2021-06-16 09:47:33,1030.1,629726
2021-06-16 09:47:34,1030.0,629919
2021-06-16 09:47:35,1030.0,629919
2021-06-16 09:47:36,1030.0,630039
2021-06-16 09:47:37,1030.15,630845
2021-06-16 09:47:39,1030.05,631216
2021-06-16 09:47:40,1030.0,631316
2021-06-16 09:47:41,1030.0,631626
2021-06-16 09:47:42,1030.0,631786
2021-06-16 09:47:43,1030.15,632299
2021-06-16 09:47:44,1030.05,632379
2021-06-16 09:47:45,1030.15,632559
2021-06-16 09:47:46,1030.0,633720
2021-06-16 09:47:47,1030.0,634320
2021-06-16 09:47:48,1030.0,634470
2021-06-16 09:47:50,1030.0,634920
2021-06-16 09:47:51,1029.85,635079
2021-06-16 09:47:52,1029.25,635860
2021-06-16 09:47:53,1029.35,636112
2021-06-16 09:47:55,1029.85,637012
2021-06-16 09:47:57,1029.7,637142
2021-06-16 09:47:58,1029.5,638290
2021-06-16 09:47:59,1029.95,638303
2021-06-16 09:47:59,1029.95,638303
2021-06-16 09:48:00,1029.6,638323
2021-06-16 09:48:02,1029.65,638550
2021-06-16 09:48:03,1029.7,638600
2021-06-16 09:48:05,1029.75,638698
2021-06-16 09:48:06,1029.65,638758
2021-06-16 09:48:07,1029.9,638830
2021-06-16 09:48:08,1029.9,638830
2021-06-16 09:48:09,1029.5,639095
2021-06-16 09:48:10,1029.85,639145
2021-06-16 09:48:11,1029.75,639275
2021-06-16 09:48:11,1029.75,639299
2021-06-16 09:48:12,1029.65,639841
2021-06-16 09:48:13,1029.65,639841
2021-06-16 09:48:14,1029.65,639841
2021-06-16 09:48:15,1029.65,639841
2021-06-16 09:48:16,1029.9,640026
2021-06-16 09:48:18,1029.9,642626
2021-06-16 09:48:19,1029.75,642704
2021-06-16 09:48:19,1029.75,643004
2021-06-16 09:48:20,1029.75,643009
2021-06-16 09:48:22,1029.7,643609
2021-06-16 09:48:23,1030.0,643730
2021-06-16 09:48:24,1030.2,643780
2021-06-16 09:48:25,1029.75,643789
2021-06-16 09:48:26,1029.75,643791
2021-06-16 09:48:27,1029.95,643802
2021-06-16 09:48:28,1029.75,643809
2021-06-16 09:48:29,1029.75,643809
2021-06-16 09:48:30,1029.9,643821
2021-06-16 09:48:31,1029.7,643841
2021-06-16 09:48:32,1029.75,643843
2021-06-16 09:48:33,1029.75,643843
2021-06-16 09:48:34,1029.75,643943
2021-06-16 09:48:35,1029.9,643968
2021-06-16 09:48:36,1029.9,643983
2021-06-16 09:48:37,1029.9,643983
2021-06-16 09:48:38,1030.0,644083
2021-06-16 09:48:39,1029.9,644145
2021-06-16 09:48:40,1029.9,644159
2021-06-16 09:48:41,1029.75,644389
2021-06-16 09:48:42,1029.85,644401
2021-06-16 09:48:43,1029.65,644724
2021-06-16 09:48:45,1029.9,645504
2021-06-16 09:48:44,1030.0,645494
2021-06-16 09:48:46,1029.75,645584
2021-06-16 09:48:47,1029.9,645684
2021-06-16 09:48:48,1029.9,645705
2021-06-16 09:48:49,1029.9,645705
2021-06-16 09:48:50,1029.75,645830
2021-06-16 09:48:51,1029.75,645897
2021-06-16 09:48:52,1029.75,645910
2021-06-16 09:48:53,1030.0,646279
2021-06-16 09:48:54,1029.65,646289
2021-06-16 09:48:55,1029.7,646426
2021-06-16 09:48:56,1029.6,646626
2021-06-16 09:48:57,1029.9,646640
2021-06-16 09:48:58,1029.6,646736
2021-06-16 09:48:59,1029.6,646736
2021-06-16 09:49:00,1029.55,646801
2021-06-16 09:49:04,1029.2,650084
2021-06-16 09:49:06,1029.0,652746
2021-06-16 09:49:07,1029.0,657236
2021-06-16 09:49:08,1028.65,657606
2021-06-16 09:49:09,1028.45,658436
2021-06-16 09:49:11,1029.4,659447
2021-06-16 09:49:10,1029.2,659297
2021-06-16 09:49:12,1029.4,659449
2021-06-16 09:49:13,1029.55,659499
2021-06-16 09:49:15,1028.85,659820
2021-06-16 09:49:16,1029.35,659897
2021-06-16 09:49:17,1029.35,659897
2021-06-16 09:49:19,1029.2,660196
2021-06-16 09:49:20,1029.0,660755
2021-06-16 09:49:21,1029.0,661205
2021-06-16 09:49:22,1029.0,661205
2021-06-16 09:49:24,1028.85,662423
2021-06-16 09:49:25,1028.95,662448
2021-06-16 09:49:27,1028.8,664087
2021-06-16 09:49:29,1029.0,664289
2021-06-16 09:49:28,1029.0,664288
2021-06-16 09:49:30,1028.8,664294
2021-06-16 09:49:32,1028.8,665252
2021-06-16 09:49:33,1029.0,665270
2021-06-16 09:49:34,1028.8,665375
2021-06-16 09:49:35,1029.0,665995
2021-06-16 09:49:36,1029.0,666396
2021-06-16 09:49:37,1029.0,666396
2021-06-16 09:49:38,1028.95,666563
2021-06-16 09:49:39,1028.8,666703
2021-06-16 09:49:41,1028.8,666838
2021-06-16 09:49:42,1029.0,666888
2021-06-16 09:49:43,1029.0,668020
2021-06-16 09:49:44,1029.0,668024
2021-06-16 09:49:48,1028.65,670062
2021-06-16 09:49:49,1029.0,670309
2021-06-16 09:49:50,1028.55,670487
2021-06-16 09:49:52,1028.9,670514
2021-06-16 09:49:53,1028.95,670746
2021-06-16 09:49:54,1028.65,670796
2021-06-16 09:49:55,1028.75,670801
2021-06-16 09:49:56,1029.0,670832
2021-06-16 09:49:57,1028.55,671168
2021-06-16 09:49:58,1028.55,671168
2021-06-16 09:49:59,1028.6,671267
2021-06-16 09:50:00,1028.55,671287
2021-06-16 09:50:01,1028.75,678474
2021-06-16 09:50:02,1028.5,678722
2021-06-16 09:50:03,1028.9,678732
2021-06-16 09:50:04,1028.95,678786
2021-06-16 09:50:05,1028.75,678829
2021-06-16 09:50:06,1028.7,679202
2021-06-16 09:50:07,1028.6,679267
2021-06-16 09:50:08,1028.6,679267
2021-06-16 09:50:09,1029.0,679318
2021-06-16 09:50:10,1028.65,680233
2021-06-16 09:50:12,1029.0,680296
2021-06-16 09:50:11,1029.0,680296
2021-06-16 09:50:13,1029.0,680714
2021-06-16 09:50:14,1028.95,680939
2021-06-16 09:50:15,1028.9,686979
2021-06-16 09:50:16,1029.0,687599
2021-06-16 09:50:17,1028.9,687609
2021-06-16 09:50:19,1029.3,690454
2021-06-16 09:50:20,1029.0,690482
2021-06-16 09:50:21,1029.0,690522
2021-06-16 09:50:22,1029.15,691028
2021-06-16 09:50:23,1029.15,691028
2021-06-16 09:50:24,1028.9,692840
2021-06-16 09:50:25,1028.9,692840
2021-06-16 09:50:26,1028.9,693242
2021-06-16 09:50:27,1029.2,693305
2021-06-16 09:50:28,1029.2,693320
2021-06-16 09:50:29,1029.15,693472
2021-06-16 09:50:30,1028.7,693543
2021-06-16 09:50:31,1029.1,693639
2021-06-16 09:50:33,1029.05,694031
2021-06-16 09:50:34,1028.9,694046
2021-06-16 09:50:35,1028.85,694222
2021-06-16 09:50:36,1028.85,694222
2021-06-16 09:50:37,1028.85,694222
2021-06-16 09:50:38,1028.7,696267
2021-06-16 09:50:40,1028.5,696553
2021-06-16 09:50:41,1028.5,696553
2021-06-16 09:50:42,1028.5,696628
2021-06-16 09:50:43,1028.5,696648
2021-06-16 09:50:44,1028.65,696664
2021-06-16 09:50:45,1028.65,696755
2021-06-16 09:50:47,1028.65,696844
2021-06-16 09:50:47,1028.65,696844
2021-06-16 09:50:48,1028.65,696844
2021-06-16 09:50:49,1028.65,696925
2021-06-16 09:50:50,1028.5,699043
2021-06-16 09:50:51,1028.3,699203
2021-06-16 09:50:52,1028.3,700027
2021-06-16 09:50:53,1028.5,700698
2021-06-16 09:50:54,1028.3,700863
2021-06-16 09:50:55,1028.15,700952
2021-06-16 09:50:57,1027.45,709372
2021-06-16 09:50:57,1027.85,709252
2021-06-16 09:50:58,1027.55,709662
2021-06-16 09:50:59,1027.05,709942
2021-06-16 09:51:01,1027.7,710083
2021-06-16 09:51:01,1027.7,710083
2021-06-16 09:51:02,1027.0,710678
2021-06-16 09:51:04,1027.0,711094
2021-06-16 09:51:04,1027.0,711064
2021-06-16 09:51:05,1027.5,711099
2021-06-16 09:51:06,1027.05,711226
2021-06-16 09:51:07,1027.05,711326
2021-06-16 09:51:08,1027.05,711328
2021-06-16 09:51:09,1027.05,711378
2021-06-16 09:51:10,1027.7,711723
2021-06-16 09:51:11,1027.55,711816
2021-06-16 09:51:12,1027.45,711986
2021-06-16 09:51:13,1027.4,712260
2021-06-16 09:51:15,1027.4,712260
2021-06-16 09:51:16,1027.95,712265
2021-06-16 09:51:17,1027.45,712766
2021-06-16 09:51:18,1027.45,712796
2021-06-16 09:51:19,1027.95,712831
2021-06-16 09:51:20,1027.55,713011
2021-06-16 09:51:22,1027.75,713046
2021-06-16 09:51:23,1027.75,713114
2021-06-16 09:51:25,1027.75,713449
2021-06-16 09:51:26,1027.95,713614
2021-06-16 09:51:27,1028.3,714575
2021-06-16 09:51:28,1028.05,714688
2021-06-16 09:51:29,1028.5,715348
2021-06-16 09:51:30,1028.2,716539
2021-06-16 09:51:31,1028.2,716569
2021-06-16 09:51:32,1028.65,716669
2021-06-16 09:51:34,1028.2,716840
2021-06-16 09:51:34,1028.2,716840
2021-06-16 09:51:35,1028.2,716919
2021-06-16 09:51:36,1028.65,717289
2021-06-16 09:51:37,1028.75,718189
2021-06-16 09:51:38,1028.7,718389
2021-06-16 09:51:39,1028.25,718399
2021-06-16 09:51:40,1028.2,718774
2021-06-16 09:51:41,1028.55,718784
2021-06-16 09:51:43,1028.6,718867
2021-06-16 09:51:43,1028.65,719343
2021-06-16 09:51:44,1028.5,719370
2021-06-16 09:51:45,1028.5,719617
2021-06-16 09:51:46,1028.85,719627
2021-06-16 09:51:47,1028.85,719725
2021-06-16 09:51:49,1028.85,719890
2021-06-16 09:51:49,1028.85,719890
2021-06-16 09:51:50,1028.5,720801
2021-06-16 09:51:51,1028.5,720801
2021-06-16 09:51:52,1028.5,720847
2021-06-16 09:51:53,1028.5,720847
2021-06-16 09:51:54,1028.5,720847
2021-06-16 09:51:55,1028.85,720879
2021-06-16 09:51:56,1029.0,720980
2021-06-16 09:51:57,1029.0,721141
2021-06-16 09:51:58,1029.0,721206
2021-06-16 09:51:59,1028.85,721212
2021-06-16 09:52:01,1027.95,724920
2021-06-16 09:52:01,1027.95,724920
2021-06-16 09:52:04,1027.15,737217
2021-06-16 09:52:05,1027.0,737317
2021-06-16 09:52:06,1027.0,737317
2021-06-16 09:52:07,1026.45,737539
2021-06-16 09:52:07,1026.5,737541
2021-06-16 09:52:08,1026.6,737737
2021-06-16 09:52:09,1027.05,738596
2021-06-16 09:52:10,1027.05,738596
2021-06-16 09:52:11,1026.9,739136
2021-06-16 09:52:12,1027.25,739425
2021-06-16 09:52:14,1026.75,739490
2021-06-16 09:52:14,1027.05,739497
2021-06-16 09:52:15,1026.8,739498
2021-06-16 09:52:16,1026.8,739498
2021-06-16 09:52:17,1026.9,739750
2021-06-16 09:52:18,1026.95,739911
2021-06-16 09:52:20,1026.7,739922
2021-06-16 09:52:21,1026.7,739922
2021-06-16 09:52:22,1026.95,739937
2021-06-16 09:52:22,1026.95,739937
2021-06-16 09:52:23,1026.35,742156
2021-06-16 09:52:24,1026.45,742307
2021-06-16 09:52:27,1027.0,746970
2021-06-16 09:52:27,1027.0,746970
2021-06-16 09:52:28,1026.7,747030
2021-06-16 09:52:29,1026.9,747374
2021-06-16 09:52:30,1026.95,747605
2021-06-16 09:52:31,1026.3,748451
2021-06-16 09:52:32,1026.4,748961
2021-06-16 09:52:33,1026.95,748963
2021-06-16 09:52:34,1026.95,748978
2021-06-16 09:52:35,1026.55,748998
2021-06-16 09:52:36,1026.55,749198
2021-06-16 09:52:37,1026.55,749299
2021-06-16 09:52:38,1026.6,749399
2021-06-16 09:52:40,1027.05,749569
2021-06-16 09:52:40,1028.05,750089
2021-06-16 09:52:42,1027.55,750254
2021-06-16 09:52:42,1027.6,750354
2021-06-16 09:52:44,1027.7,750365
2021-06-16 09:52:44,1027.7,750365
2021-06-16 09:52:45,1027.65,750396
2021-06-16 09:52:46,1027.7,750417
2021-06-16 09:52:47,1027.6,750470
2021-06-16 09:52:48,1027.7,750480
2021-06-16 09:52:49,1027.7,750480
2021-06-16 09:52:50,1027.4,750771
2021-06-16 09:52:51,1027.4,751125
2021-06-16 09:52:54,1027.55,752745
2021-06-16 09:52:55,1027.55,752746
2021-06-16 09:52:56,1027.0,753151
2021-06-16 09:52:57,1027.0,753151
2021-06-16 09:52:58,1027.05,753397
2021-06-16 09:52:58,1027.05,753397
2021-06-16 09:52:59,1027.25,753572
2021-06-16 09:53:00,1027.0,753592
2021-06-16 09:53:01,1027.2,755125
2021-06-16 09:53:04,1026.6,755266
2021-06-16 09:53:05,1026.6,755436
2021-06-16 09:53:06,1027.05,755961
2021-06-16 09:53:07,1027.05,755979
2021-06-16 09:53:08,1026.6,756010
2021-06-16 09:53:08,1026.65,756060
2021-06-16 09:53:09,1027.0,756120
2021-06-16 09:53:12,1027.0,756574
2021-06-16 09:53:13,1026.6,758386
2021-06-16 09:53:13,1026.6,758386
2021-06-16 09:53:14,1026.6,758449
2021-06-16 09:53:16,1027.0,758451
2021-06-16 09:53:17,1026.6,758627
2021-06-16 09:53:18,1027.0,758897
2021-06-16 09:53:19,1026.9,759474
2021-06-16 09:53:20,1026.95,759611
2021-06-16 09:53:21,1027.05,760500
2021-06-16 09:53:23,1026.85,760784
2021-06-16 09:53:24,1027.25,760868
2021-06-16 09:53:24,1027.25,760868
2021-06-16 09:53:25,1027.25,760868
2021-06-16 09:53:26,1027.0,760880
2021-06-16 09:53:27,1027.25,760911
2021-06-16 09:53:28,1027.05,760931
2021-06-16 09:53:29,1027.05,760931
2021-06-16 09:53:30,1027.4,761351
2021-06-16 09:53:32,1027.0,761382
2021-06-16 09:53:33,1027.55,761530
2021-06-16 09:53:34,1027.55,761574
2021-06-16 09:53:35,1027.55,761574
2021-06-16 09:53:36,1027.3,761778
2021-06-16 09:53:37,1027.4,761780
2021-06-16 09:53:38,1027.5,761848
2021-06-16 09:53:39,1027.85,761898
2021-06-16 09:53:40,1027.85,761898
2021-06-16 09:53:41,1027.4,762281
2021-06-16 09:53:42,1027.8,762291
2021-06-16 09:53:43,1027.4,762479
2021-06-16 09:53:44,1027.4,762480
2021-06-16 09:53:45,1027.4,762515
2021-06-16 09:53:46,1027.4,762515
2021-06-16 09:53:47,1027.0,764391
2021-06-16 09:53:48,1027.35,764511
2021-06-16 09:53:49,1026.7,765128
2021-06-16 09:53:50,1026.95,765182
2021-06-16 09:53:52,1026.95,765213
2021-06-16 09:53:53,1026.95,765425
2021-06-16 09:53:54,1027.1,765450
2021-06-16 09:53:55,1027.25,766397
2021-06-16 09:53:56,1027.1,766398
2021-06-16 09:53:57,1027.4,766711
2021-06-16 09:53:58,1027.4,766711
2021-06-16 09:53:59,1027.8,766716
2021-06-16 09:53:59,1027.4,766711
2021-06-16 09:54:00,1027.45,766866
2021-06-16 09:54:01,1027.45,766866
2021-06-16 09:54:02,1027.45,766866
2021-06-16 09:54:03,1027.45,766866
2021-06-16 09:54:04,1028.0,767111
2021-06-16 09:54:05,1028.0,767200
2021-06-16 09:54:06,1028.0,767244
2021-06-16 09:54:08,1027.9,767256
2021-06-16 09:54:09,1028.0,767606
2021-06-16 09:54:10,1027.7,768109
2021-06-16 09:54:10,1027.7,768109
2021-06-16 09:54:11,1027.95,768118
2021-06-16 09:54:12,1027.95,768258
2021-06-16 09:54:14,1027.95,768258
2021-06-16 09:54:15,1028.0,768358
2021-06-16 09:54:16,1028.0,768358
2021-06-16 09:54:17,1028.15,770165
2021-06-16 09:54:17,1028.15,770164
2021-06-16 09:54:18,1028.1,770408
2021-06-16 09:54:19,1028.35,770538
2021-06-16 09:54:20,1028.4,771058
2021-06-16 09:54:21,1028.4,771058
2021-06-16 09:54:22,1028.45,771073
2021-06-16 09:54:23,1028.45,771073
2021-06-16 09:54:24,1028.3,771673
2021-06-16 09:54:25,1028.35,771853
2021-06-16 09:54:26,1028.15,771918
2021-06-16 09:54:27,1028.0,772359
2021-06-16 09:54:29,1028.2,773494
2021-06-16 09:54:30,1028.75,773832
2021-06-16 09:54:31,1028.75,773832
2021-06-16 09:54:32,1028.35,773833
2021-06-16 09:54:32,1028.35,773833
2021-06-16 09:54:33,1028.75,773865
2021-06-16 09:54:34,1028.75,773890
2021-06-16 09:54:35,1028.1,774247
2021-06-16 09:54:37,1028.3,774347
2021-06-16 09:54:38,1028.45,774375
2021-06-16 09:54:38,1028.45,774375
2021-06-16 09:54:39,1028.05,775921
2021-06-16 09:54:40,1028.25,775975
2021-06-16 09:54:41,1028.25,775975
2021-06-16 09:54:42,1028.25,775975
2021-06-16 09:54:44,1028.0,776236
2021-06-16 09:54:45,1028.3,776260
2021-06-16 09:54:46,1028.35,776988
2021-06-16 09:54:47,1028.35,777005
2021-06-16 09:54:48,1028.35,777005
2021-06-16 09:54:48,1028.35,777005
2021-06-16 09:54:49,1028.15,778230
2021-06-16 09:54:50,1028.3,778532
2021-06-16 09:54:51,1028.65,778852
2021-06-16 09:54:52,1027.95,778892
2021-06-16 09:54:53,1028.45,779022
2021-06-16 09:54:55,1028.65,779181
2021-06-16 09:54:56,1028.65,779207
2021-06-16 09:54:57,1028.65,779213
2021-06-16 09:54:58,1028.65,780250
2021-06-16 09:54:58,1028.65,780250
2021-06-16 09:55:00,1028.65,780267
2021-06-16 09:55:01,1028.7,780287
2021-06-16 09:55:02,1029.0,780662
2021-06-16 09:55:03,1029.0,780662
2021-06-16 09:55:04,1029.0,780683
2021-06-16 09:55:06,1028.65,780906
2021-06-16 09:55:07,1028.7,781054
2021-06-16 09:55:08,1029.0,781134
2021-06-16 09:55:10,1028.65,781664
2021-06-16 09:55:11,1029.0,781684
2021-06-16 09:55:12,1029.0,781866
2021-06-16 09:55:13,1029.0,781868
2021-06-16 09:55:14,1028.7,781919
2021-06-16 09:55:15,1028.7,781919
2021-06-16 09:55:16,1029.0,781979
2021-06-16 09:55:17,1029.0,781979
2021-06-16 09:55:19,1029.0,781979
2021-06-16 09:55:19,1029.0,782147
2021-06-16 09:55:21,1029.0,782147
2021-06-16 09:55:21,1029.0,782152
2021-06-16 09:55:23,1029.65,785962
2021-06-16 09:55:23,1029.65,786180
2021-06-16 09:55:25,1029.7,786805
2021-06-16 09:55:26,1029.7,786882
2021-06-16 09:55:27,1030.2,788967
2021-06-16 09:55:28,1029.9,789327
2021-06-16 09:55:28,1030.0,789517
2021-06-16 09:55:30,1030.0,789522
2021-06-16 09:55:31,1029.85,789543
2021-06-16 09:55:32,1029.6,789547
2021-06-16 09:55:33,1029.85,789798
2021-06-16 09:55:34,1030.0,790008
2021-06-16 09:55:35,1029.95,790073
2021-06-16 09:55:36,1030.0,790403
2021-06-16 09:55:38,1030.0,791403
2021-06-16 09:55:39,1030.0,791520
2021-06-16 09:55:40,1030.0,791520
2021-06-16 09:55:41,1030.0,791520
2021-06-16 09:55:42,1030.0,791583
2021-06-16 09:55:42,1030.0,791583
2021-06-16 09:55:43,1029.9,791584
2021-06-16 09:55:45,1030.5,793804
2021-06-16 09:55:46,1030.6,795900
2021-06-16 09:55:47,1030.25,796012
2021-06-16 09:55:48,1030.05,796078
2021-06-16 09:55:49,1030.5,796108
2021-06-16 09:55:50,1030.15,796202
2021-06-16 09:55:50,1030.15,796202
2021-06-16 09:55:51,1030.5,796446
2021-06-16 09:55:52,1030.5,796486
2021-06-16 09:55:53,1030.45,796488
2021-06-16 09:55:56,1030.45,796916
2021-06-16 09:55:57,1030.45,796925
2021-06-16 09:55:58,1030.1,797057
2021-06-16 09:55:59,1030.1,797057
2021-06-16 09:56:00,1030.45,797089
2021-06-16 09:56:01,1030.1,797090
2021-06-16 09:56:01,1030.45,797099
2021-06-16 09:56:02,1030.35,797104
2021-06-16 09:56:03,1030.35,797383
2021-06-16 09:56:04,1030.45,797433
2021-06-16 09:56:05,1030.85,798943
2021-06-16 09:56:06,1030.25,799266
2021-06-16 09:56:08,1030.35,799431
2021-06-16 09:56:10,1030.45,799953
2021-06-16 09:56:11,1030.7,800063
2021-06-16 09:56:11,1030.75,800163
2021-06-16 09:56:12,1030.35,800267
2021-06-16 09:56:13,1030.25,800468
2021-06-16 09:56:14,1030.7,801025
2021-06-16 09:56:16,1030.9,801045
2021-06-16 09:56:17,1030.9,801145
2021-06-16 09:56:18,1030.85,801259
2021-06-16 09:56:20,1031.0,801624
2021-06-16 09:56:20,1030.5,801992
2021-06-16 09:56:22,1030.85,802082
2021-06-16 09:56:22,1030.7,802012
2021-06-16 09:56:24,1030.9,802426
2021-06-16 09:56:26,1031.0,803079
2021-06-16 09:56:27,1030.95,803099
2021-06-16 09:56:27,1030.95,803099
2021-06-16 09:56:28,1031.05,803399
2021-06-16 09:56:29,1031.05,803399
2021-06-16 09:56:30,1030.75,803419
2021-06-16 09:56:31,1030.8,805420
2021-06-16 09:56:32,1030.75,805905
2021-06-16 09:56:33,1030.8,805955
2021-06-16 09:56:34,1031.0,806095
2021-06-16 09:56:35,1031.0,806181
2021-06-16 09:56:36,1030.5,806981
2021-06-16 09:56:37,1031.0,807827
2021-06-16 09:56:39,1031.1,807942
2021-06-16 09:56:40,1031.2,808192
2021-06-16 09:56:41,1031.2,808238
2021-06-16 09:56:41,1031.2,808236
2021-06-16 09:56:42,1031.2,808278
2021-06-16 09:56:43,1030.95,808329
2021-06-16 09:56:44,1031.2,808540
2021-06-16 09:56:45,1031.2,808592
2021-06-16 09:56:47,1031.5,809162
2021-06-16 09:56:48,1030.75,809546
2021-06-16 09:56:49,1031.0,809646
2021-06-16 09:56:49,1030.8,809650
2021-06-16 09:56:50,1030.8,809675
2021-06-16 09:56:51,1030.8,809675
2021-06-16 09:56:53,1031.0,809707
2021-06-16 09:56:54,1031.0,809737
2021-06-16 09:56:55,1031.35,809739
2021-06-16 09:56:55,1031.0,809740
2021-06-16 09:56:56,1030.75,809825
2021-06-16 09:56:58,1030.9,810517
2021-06-16 09:57:00,1030.9,810517
2021-06-16 09:57:01,1030.5,810996
2021-06-16 09:57:02,1031.0,811096
2021-06-16 09:57:03,1030.55,811146
2021-06-16 09:57:04,1031.0,811247
2021-06-16 09:57:05,1030.5,811747
2021-06-16 09:57:07,1030.6,811787
2021-06-16 09:57:08,1030.9,811888
2021-06-16 09:57:09,1030.9,812035
2021-06-16 09:57:10,1030.9,812035
2021-06-16 09:57:11,1030.9,812035
2021-06-16 09:57:12,1030.7,812945
2021-06-16 09:57:13,1030.95,812980
2021-06-16 09:57:14,1030.7,812991
2021-06-16 09:57:15,1031.05,813296
2021-06-16 09:57:16,1031.05,813486
2021-06-16 09:57:17,1031.05,813486
2021-06-16 09:57:18,1031.1,813496
2021-06-16 09:57:19,1031.0,813620
2021-06-16 09:57:20,1030.75,813901
2021-06-16 09:57:21,1030.95,814181
2021-06-16 09:57:22,1031.05,815909
2021-06-16 09:57:23,1031.05,816086
2021-06-16 09:57:24,1031.0,816328
2021-06-16 09:57:25,1031.0,816333
2021-06-16 09:57:26,1031.0,816333
2021-06-16 09:57:26,1031.05,816383
2021-06-16 09:57:28,1030.9,816451
2021-06-16 09:57:29,1031.05,816705
2021-06-16 09:57:30,1031.0,817251
2021-06-16 09:57:31,1031.0,817384
2021-06-16 09:57:32,1031.0,817715
2021-06-16 09:57:33,1030.6,817815
2021-06-16 09:57:34,1030.6,817815
2021-06-16 09:57:35,1030.6,817815
2021-06-16 09:57:36,1030.6,817825
2021-06-16 09:57:37,1030.7,817855
2021-06-16 09:57:38,1030.7,817868
2021-06-16 09:57:39,1030.7,817868
2021-06-16 09:57:39,1030.5,818593
2021-06-16 09:57:41,1030.6,818830
2021-06-16 09:57:42,1030.85,819029
2021-06-16 09:57:43,1031.0,819515
2021-06-16 09:57:44,1030.8,819516
2021-06-16 09:57:45,1030.8,819516
2021-06-16 09:57:46,1030.85,819592
2021-06-16 09:57:47,1030.85,819612
2021-06-16 09:57:48,1030.85,819612
2021-06-16 09:57:48,1030.85,819612
2021-06-16 09:57:49,1030.65,819778
2021-06-16 09:57:51,1030.9,820165
2021-06-16 09:57:52,1030.9,820165
2021-06-16 09:57:53,1030.9,820286
2021-06-16 09:57:54,1031.0,820479
2021-06-16 09:57:55,1031.0,820479
2021-06-16 09:57:56,1030.7,820689
2021-06-16 09:57:57,1030.7,820689
2021-06-16 09:57:58,1030.7,820689
2021-06-16 09:57:59,1030.7,820689
2021-06-16 09:58:00,1030.5,820739
2021-06-16 09:58:02,1030.0,822675
2021-06-16 09:58:04,1030.4,822725
2021-06-16 09:58:05,1030.0,822735
2021-06-16 09:58:06,1030.4,822745
2021-06-16 09:58:07,1030.1,823466
2021-06-16 09:58:08,1030.2,823617
2021-06-16 09:58:09,1030.3,823725
2021-06-16 09:58:10,1030.4,823730
2021-06-16 09:58:12,1030.4,823730
2021-06-16 09:58:13,1030.25,823795
2021-06-16 09:58:14,1030.8,823884
2021-06-16 09:58:15,1030.35,824084
2021-06-16 09:58:18,1030.45,824138
2021-06-16 09:58:19,1030.55,824158
2021-06-16 09:58:20,1030.55,824179
2021-06-16 09:58:21,1030.55,824208
2021-06-16 09:58:22,1030.55,824208
2021-06-16 09:58:23,1030.45,824278
2021-06-16 09:58:24,1030.75,824323
2021-06-16 09:58:25,1030.45,824341
2021-06-16 09:58:26,1030.8,824346
2021-06-16 09:58:27,1030.75,824421
2021-06-16 09:58:28,1030.55,824426
2021-06-16 09:58:29,1030.8,824543
2021-06-16 09:58:29,1030.8,824543
2021-06-16 09:58:30,1030.8,824880
2021-06-16 09:58:31,1030.5,824901
2021-06-16 09:58:32,1030.5,824901
2021-06-16 09:58:33,1030.7,825002
2021-06-16 09:58:34,1030.7,825081
2021-06-16 09:58:36,1030.7,825135
2021-06-16 09:58:37,1030.5,825194
2021-06-16 09:58:38,1030.5,825194
2021-06-16 09:58:39,1030.5,825234
2021-06-16 09:58:40,1030.5,825334
2021-06-16 09:58:41,1030.8,825439
2021-06-16 09:58:42,1031.0,827899
2021-06-16 09:58:43,1030.9,827924
2021-06-16 09:58:44,1030.9,827925
2021-06-16 09:58:45,1031.0,828477
2021-06-16 09:58:47,1031.05,828488
2021-06-16 09:58:48,1031.0,828559
2021-06-16 09:58:49,1031.0,828559
2021-06-16 09:58:50,1030.9,828566
2021-06-16 09:58:51,1030.9,828566
2021-06-16 09:58:52,1031.0,828616
2021-06-16 09:58:53,1031.0,828629
2021-06-16 09:58:54,1031.0,828678
2021-06-16 09:58:55,1030.85,828679
2021-06-16 09:58:56,1031.05,828696
2021-06-16 09:58:57,1031.05,828845
2021-06-16 09:58:58,1031.05,828845
2021-06-16 09:58:59,1031.05,828845
2021-06-16 09:59:00,1030.75,829390
2021-06-16 09:59:01,1030.8,829624
2021-06-16 09:59:02,1030.6,829770
2021-06-16 09:59:03,1030.5,830300
2021-06-16 09:59:04,1030.5,830300
2021-06-16 09:59:05,1030.5,830361
2021-06-16 09:59:06,1030.3,830461
2021-06-16 09:59:07,1030.05,830476
2021-06-16 09:59:08,1030.05,830477
2021-06-16 09:59:09,1030.05,830477
2021-06-16 09:59:10,1030.05,830477
2021-06-16 09:59:11,1030.4,830789
2021-06-16 09:59:12,1030.7,830989
2021-06-16 09:59:13,1030.65,831224
2021-06-16 09:59:14,1030.65,831224
2021-06-16 09:59:15,1030.25,831269
2021-06-16 09:59:16,1030.4,831319
2021-06-16 09:59:17,1030.4,831320
2021-06-16 09:59:18,1030.4,831320
2021-06-16 09:59:19,1030.2,831337
2021-06-16 09:59:20,1030.2,831337
2021-06-16 09:59:21,1030.05,831340
2021-06-16 09:59:22,1030.05,831340
2021-06-16 09:59:23,1030.35,831548
2021-06-16 09:59:24,1030.35,831548
2021-06-16 09:59:25,1030.35,831548
2021-06-16 09:59:26,1030.35,831548
2021-06-16 09:59:27,1030.4,831554
2021-06-16 09:59:28,1030.4,831554
2021-06-16 09:59:29,1030.4,831554
2021-06-16 09:59:30,1030.05,831674
2021-06-16 09:59:31,1030.05,831675
2021-06-16 09:59:32,1030.05,831675
2021-06-16 09:59:33,1030.05,831769
2021-06-16 09:59:34,1030.05,831769
2021-06-16 09:59:35,1030.4,831796
2021-06-16 09:59:36,1030.1,832168
2021-06-16 09:59:37,1030.2,832638
2021-06-16 09:59:38,1030.75,833252
2021-06-16 09:59:39,1030.2,833312
2021-06-16 09:59:40,1030.7,833685
2021-06-16 09:59:41,1030.7,833685
2021-06-16 09:59:42,1030.05,834902
2021-06-16 09:59:43,1030.05,834902
2021-06-16 09:59:45,1030.0,835222
2021-06-16 09:59:46,1030.0,835222
2021-06-16 09:59:47,1030.1,835240
2021-06-16 09:59:48,1030.1,835240
2021-06-16 09:59:49,1030.1,835240
2021-06-16 09:59:50,1030.1,835240
2021-06-16 09:59:52,1030.65,835241
2021-06-16 09:59:51,1030.1,835240
2021-06-16 09:59:53,1030.1,835242
2021-06-16 09:59:54,1030.1,835242
2021-06-16 09:59:55,1030.55,835268
2021-06-16 09:59:56,1030.05,835519
2021-06-16 09:59:57,1030.55,835557
2021-06-16 09:59:58,1030.05,835657
2021-06-16 09:59:59,1030.05,835657
2021-06-16 10:00:00,1030.05,835657
2021-06-16 10:00:01,1030.25,835686
2021-06-16 10:00:03,1030.25,835806
2021-06-16 10:00:04,1030.0,835956
2021-06-16 10:00:05,1030.0,835956
2021-06-16 10:00:06,1030.0,835956
2021-06-16 10:00:07,1030.0,835986
2021-06-16 10:00:09,1030.0,835987
2021-06-16 10:00:10,1030.0,835987
2021-06-16 10:00:11,1030.0,836007
2021-06-16 10:00:12,1030.0,836007
2021-06-16 10:00:14,1030.4,836343
2021-06-16 10:00:15,1030.45,836594
2021-06-16 10:00:16,1030.45,836594
2021-06-16 10:00:18,1030.4,836869
2021-06-16 10:00:19,1030.8,836969
2021-06-16 10:00:20,1030.35,836970
2021-06-16 10:00:21,1030.35,836970
2021-06-16 10:00:22,1030.35,837020
2021-06-16 10:00:23,1030.35,837075
2021-06-16 10:00:24,1030.8,837119
2021-06-16 10:00:25,1030.7,837207
2021-06-16 10:00:26,1030.95,837295
2021-06-16 10:00:27,1031.0,837339
2021-06-16 10:00:28,1030.8,837389
2021-06-16 10:00:29,1030.8,837389
2021-06-16 10:00:30,1030.85,837409
2021-06-16 10:00:31,1030.85,837409
2021-06-16 10:00:32,1031.0,837416
2021-06-16 10:00:34,1031.0,837416
2021-06-16 10:00:33,1031.0,837416
2021-06-16 10:00:35,1031.0,837436
2021-06-16 10:00:36,1031.0,837461
2021-06-16 10:00:37,1031.0,837461
2021-06-16 10:00:38,1031.0,837661
2021-06-16 10:00:39,1031.0,837661
2021-06-16 10:00:40,1031.0,837681
2021-06-16 10:00:41,1031.0,837710
2021-06-16 10:00:42,1030.85,837713
2021-06-16 10:00:43,1030.85,837739
2021-06-16 10:00:44,1030.85,837739
2021-06-16 10:00:45,1030.85,837739
2021-06-16 10:00:46,1030.85,837739
2021-06-16 10:00:48,1031.0,837903
2021-06-16 10:00:49,1031.0,838086
2021-06-16 10:00:50,1031.0,838087
2021-06-16 10:00:51,1031.0,838087
2021-06-16 10:00:53,1031.25,838591
2021-06-16 10:00:54,1031.25,838591
2021-06-16 10:00:55,1031.0,838594
2021-06-16 10:00:56,1031.0,838595
2021-06-16 10:00:57,1030.85,839104
2021-06-16 10:00:58,1030.85,839105
2021-06-16 10:00:59,1030.7,839400
2021-06-16 10:01:00,1030.7,839420
2021-06-16 10:01:01,1030.7,839425
2021-06-16 10:01:02,1030.7,839425
2021-06-16 10:01:04,1030.7,839425
2021-06-16 10:01:05,1030.65,839839
2021-06-16 10:01:06,1030.9,839939
2021-06-16 10:01:07,1030.9,839939
2021-06-16 10:01:08,1030.9,840037
2021-06-16 10:01:09,1030.9,840037
2021-06-16 10:01:10,1030.9,840037
2021-06-16 10:01:11,1030.9,840037
2021-06-16 10:01:13,1030.85,840041
2021-06-16 10:01:14,1030.75,840357
2021-06-16 10:01:15,1030.75,840357
2021-06-16 10:01:17,1030.75,840368
2021-06-16 10:01:18,1031.45,842018
2021-06-16 10:01:19,1030.75,842022
2021-06-16 10:01:20,1030.7,842023
2021-06-16 10:01:21,1030.7,842023
2021-06-16 10:01:23,1030.7,842023
2021-06-16 10:01:23,1030.9,843250
2021-06-16 10:01:24,1030.65,843374
2021-06-16 10:01:25,1030.55,843444
2021-06-16 10:01:26,1030.55,843444
2021-06-16 10:01:27,1030.1,843941
2021-06-16 10:01:28,1030.1,843941
2021-06-16 10:01:29,1030.1,843941
2021-06-16 10:01:30,1030.2,843968
2021-06-16 10:01:32,1030.15,843983
2021-06-16 10:01:32,1030.15,843983
2021-06-16 10:01:33,1030.15,843983
2021-06-16 10:01:35,1030.2,844066
2021-06-16 10:01:37,1030.2,844066
2021-06-16 10:01:38,1030.2,844066
2021-06-16 10:01:39,1030.9,844786
2021-06-16 10:01:39,1030.9,844786
2021-06-16 10:01:40,1030.9,844786
2021-06-16 10:01:41,1030.9,844786
2021-06-16 10:01:42,1030.9,844786
2021-06-16 10:01:44,1030.35,844787
2021-06-16 10:01:45,1030.35,844797
2021-06-16 10:01:45,1030.7,844835
2021-06-16 10:01:47,1031.0,844915
2021-06-16 10:01:47,1031.0,844915
2021-06-16 10:01:48,1031.0,844915
2021-06-16 10:01:50,1031.0,844915
2021-06-16 10:01:54,1030.2,848426
2021-06-16 10:01:55,1030.45,848432
2021-06-16 10:01:57,1030.85,848632
2021-06-16 10:01:58,1030.85,848682
2021-06-16 10:01:58,1030.85,848632
2021-06-16 10:01:59,1030.85,848682
2021-06-16 10:02:00,1030.6,848702
2021-06-16 10:02:01,1030.6,848702
2021-06-16 10:02:02,1030.6,848702
2021-06-16 10:02:03,1030.9,848732
2021-06-16 10:02:04,1030.6,849039
2021-06-16 10:02:07,1030.6,849041
2021-06-16 10:02:07,1030.6,849041
2021-06-16 10:02:08,1030.9,849065
2021-06-16 10:02:09,1030.9,849065
2021-06-16 10:02:10,1031.0,849750
2021-06-16 10:02:11,1031.0,849750
2021-06-16 10:02:12,1031.0,849750
2021-06-16 10:02:13,1031.0,849750
2021-06-16 10:02:15,1031.0,849750
2021-06-16 10:02:15,1031.0,849750
2021-06-16 10:02:16,1031.3,849756
2021-06-16 10:02:17,1031.3,849756
2021-06-16 10:02:18,1031.5,849807
2021-06-16 10:02:19,1031.3,849823
2021-06-16 10:02:20,1031.3,849823
2021-06-16 10:02:22,1031.3,849823
2021-06-16 10:02:23,1031.5,849847
2021-06-16 10:02:23,1031.5,849847
2021-06-16 10:02:24,1031.5,849852
2021-06-16 10:02:25,1031.5,849852
2021-06-16 10:02:26,1031.5,849852
2021-06-16 10:02:27,1031.5,849852
2021-06-16 10:02:28,1032.0,850632
2021-06-16 10:02:30,1032.0,851106
2021-06-16 10:02:30,1032.0,851364
2021-06-16 10:02:32,1032.15,851544
2021-06-16 10:02:33,1032.15,851544
2021-06-16 10:02:34,1032.1,851632
2021-06-16 10:02:35,1032.5,851734
2021-06-16 10:02:36,1032.5,851734
2021-06-16 10:02:37,1032.45,851739
2021-06-16 10:02:39,1032.15,851849
2021-06-16 10:02:39,1032.1,852015
2021-06-16 10:02:40,1032.1,852015
2021-06-16 10:02:41,1032.1,852129
2021-06-16 10:02:42,1032.1,852129
2021-06-16 10:02:43,1032.0,852135
2021-06-16 10:02:45,1032.35,852235
2021-06-16 10:02:45,1032.35,852235
2021-06-16 10:02:46,1032.0,852338
2021-06-16 10:02:47,1032.0,852338
2021-06-16 10:02:48,1032.0,852398
2021-06-16 10:02:49,1032.0,852558
2021-06-16 10:02:50,1032.0,852573
2021-06-16 10:02:51,1032.0,852573
2021-06-16 10:02:53,1032.0,852583
2021-06-16 10:02:53,1032.0,852583
2021-06-16 10:02:54,1032.0,852583
2021-06-16 10:02:55,1031.95,852739
2021-06-16 10:02:56,1031.95,852740
2021-06-16 10:02:58,1031.95,852790
2021-06-16 10:02:58,1031.95,852790
2021-06-16 10:02:59,1031.95,852790
2021-06-16 10:03:00,1032.0,852990
2021-06-16 10:03:01,1032.0,852996
2021-06-16 10:03:02,1032.0,852996
2021-06-16 10:03:03,1032.0,852996
2021-06-16 10:03:05,1032.0,853111
2021-06-16 10:03:06,1032.4,853161
2021-06-16 10:03:08,1032.1,853177
2021-06-16 10:03:08,1032.1,853177
2021-06-16 10:03:09,1032.1,853190
2021-06-16 10:03:10,1032.45,853191
2021-06-16 10:03:11,1032.5,853196
2021-06-16 10:03:13,1032.1,853421
2021-06-16 10:03:13,1032.5,854329
2021-06-16 10:03:14,1032.5,854942
2021-06-16 10:03:15,1032.5,855042
2021-06-16 10:03:16,1032.5,855042
2021-06-16 10:03:17,1032.7,855312
2021-06-16 10:03:18,1032.75,855818
2021-06-16 10:03:19,1032.5,856899
2021-06-16 10:03:20,1032.9,857219
2021-06-16 10:03:21,1032.3,857269
2021-06-16 10:03:22,1032.6,857279
2021-06-16 10:03:23,1032.55,857299
2021-06-16 10:03:24,1032.5,857300
2021-06-16 10:03:26,1032.55,857376
2021-06-16 10:03:27,1032.7,859408
2021-06-16 10:03:28,1032.1,860408
2021-06-16 10:03:29,1032.5,860729
2021-06-16 10:03:30,1032.55,861349
2021-06-16 10:03:33,1032.1,861352
2021-06-16 10:03:34,1032.55,861588
2021-06-16 10:03:35,1032.55,861593
2021-06-16 10:03:35,1032.55,861593
2021-06-16 10:03:36,1032.55,861593
2021-06-16 10:03:37,1032.55,861596
2021-06-16 10:03:38,1032.55,861596
2021-06-16 10:03:40,1032.55,861604
2021-06-16 10:03:41,1032.55,861604
2021-06-16 10:03:42,1032.0,863489
2021-06-16 10:03:42,1032.0,863489
2021-06-16 10:03:44,1032.15,863496
2021-06-16 10:03:45,1032.0,864059
2021-06-16 10:03:46,1032.15,864091
2021-06-16 10:03:47,1032.15,864091
2021-06-16 10:03:49,1032.15,864091
2021-06-16 10:03:50,1032.15,864091
2021-06-16 10:03:50,1032.15,864091
2021-06-16 10:03:51,1032.15,864098
2021-06-16 10:03:52,1032.0,864123
2021-06-16 10:03:54,1032.0,864123
2021-06-16 10:03:55,1031.4,864535
2021-06-16 10:03:56,1030.9,864757
2021-06-16 10:03:57,1030.4,864829
2021-06-16 10:03:57,1030.4,864829
2021-06-16 10:03:58,1030.4,864829
2021-06-16 10:03:59,1030.85,864850
2021-06-16 10:04:02,1030.5,864871
2021-06-16 10:04:03,1030.6,865335
2021-06-16 10:04:04,1031.2,865356
2021-06-16 10:04:05,1031.2,865356
2021-06-16 10:04:06,1031.2,865356
2021-06-16 10:04:07,1030.75,865456
2021-06-16 10:04:07,1030.75,865456
2021-06-16 10:04:08,1030.8,865515
2021-06-16 10:04:09,1030.8,865515
2021-06-16 10:04:10,1031.0,865585
2021-06-16 10:04:11,1031.0,865585
2021-06-16 10:04:13,1031.35,866035
2021-06-16 10:04:14,1031.35,866035
2021-06-16 10:04:15,1030.5,866294
2021-06-16 10:04:16,1030.3,866394
2021-06-16 10:04:18,1030.3,866394
2021-06-16 10:04:19,1030.7,866404
2021-06-16 10:04:19,1030.75,866448
2021-06-16 10:04:21,1030.35,866457
2021-06-16 10:04:23,1030.75,866461
2021-06-16 10:04:24,1030.75,866461
2021-06-16 10:04:24,1030.75,866461
2021-06-16 10:04:25,1030.75,866461
2021-06-16 10:04:26,1030.75,866461
2021-06-16 10:04:27,1030.75,866461
2021-06-16 10:04:28,1030.45,866688
2021-06-16 10:04:30,1030.85,866701
2021-06-16 10:04:31,1030.35,866829
2021-06-16 10:04:32,1030.35,866830
2021-06-16 10:04:32,1030.35,866830
2021-06-16 10:04:33,1030.35,866830
2021-06-16 10:04:34,1030.35,866830
2021-06-16 10:04:37,1030.3,866931
2021-06-16 10:04:37,1030.3,866941
2021-06-16 10:04:38,1030.4,867041
2021-06-16 10:04:39,1030.45,867064
2021-06-16 10:04:41,1030.3,867705
2021-06-16 10:04:42,1030.2,867755
2021-06-16 10:04:43,1030.2,867755
2021-06-16 10:04:43,1030.2,867755
2021-06-16 10:04:44,1030.2,867756
2021-06-16 10:04:45,1030.2,867899
2021-06-16 10:04:47,1030.2,867899
2021-06-16 10:04:48,1030.2,867899
2021-06-16 10:04:48,1030.2,867899
2021-06-16 10:04:49,1030.0,868902
2021-06-16 10:04:50,1030.45,870038
2021-06-16 10:04:51,1030.45,870059
2021-06-16 10:04:53,1030.45,870129
2021-06-16 10:04:54,1030.0,871129
2021-06-16 10:04:55,1030.25,871130
2021-06-16 10:04:56,1030.25,871131
2021-06-16 10:04:57,1030.5,871153
2021-06-16 10:04:59,1030.3,871218
2021-06-16 10:05:00,1030.15,871374
2021-06-16 10:05:01,1030.1,871484
2021-06-16 10:05:02,1030.25,871584
2021-06-16 10:05:02,1030.25,871584
2021-06-16 10:05:03,1030.5,872064
2021-06-16 10:05:04,1030.05,872264
2021-06-16 10:05:05,1030.05,872264
2021-06-16 10:05:06,1030.0,872294
2021-06-16 10:05:09,1030.0,872395
2021-06-16 10:05:10,1030.0,872405
2021-06-16 10:05:11,1030.0,872405
2021-06-16 10:05:12,1030.0,872505
2021-06-16 10:05:12,1030.0,872545
2021-06-16 10:05:13,1030.0,872585
2021-06-16 10:05:14,1030.25,873623
2021-06-16 10:05:16,1030.0,873723
2021-06-16 10:05:17,1030.25,873788
2021-06-16 10:05:17,1030.25,873808
2021-06-16 10:05:18,1030.05,873958
2021-06-16 10:05:19,1030.25,874128
2021-06-16 10:05:20,1030.25,874130
2021-06-16 10:05:23,1030.25,875731
2021-06-16 10:05:24,1030.45,875928
2021-06-16 10:05:24,1030.25,876828
2021-06-16 10:05:25,1030.25,876829
2021-06-16 10:05:27,1030.5,878211
2021-06-16 10:05:28,1030.5,878211
2021-06-16 10:05:31,1030.85,878231
2021-06-16 10:05:32,1030.75,878252
2021-06-16 10:05:34,1030.75,878252
2021-06-16 10:05:35,1030.95,878260
2021-06-16 10:05:36,1030.95,878260
2021-06-16 10:05:36,1030.95,878260
2021-06-16 10:05:37,1031.0,878328
2021-06-16 10:05:39,1030.9,878528
2021-06-16 10:05:40,1030.9,878528
2021-06-16 10:05:41,1030.85,878588
2021-06-16 10:05:42,1030.85,878613
2021-06-16 10:05:42,1030.85,878613
2021-06-16 10:05:43,1030.85,878616
2021-06-16 10:05:45,1030.85,878616
2021-06-16 10:05:46,1030.75,878833
2021-06-16 10:05:47,1030.55,878834
2021-06-16 10:05:48,1030.55,878834
2021-06-16 10:05:49,1030.55,878834
2021-06-16 10:05:49,1030.55,878834
2021-06-16 10:05:50,1030.8,878837
2021-06-16 10:05:52,1030.55,878839
2021-06-16 10:05:53,1030.55,878839
2021-06-16 10:05:54,1030.5,878936
2021-06-16 10:05:55,1030.5,878936
2021-06-16 10:05:56,1030.5,878936
2021-06-16 10:05:56,1030.5,878936
2021-06-16 10:05:57,1030.6,878937
2021-06-16 10:05:59,1030.5,878939
2021-06-16 10:06:00,1030.5,878939
2021-06-16 10:06:01,1030.5,879009
2021-06-16 10:06:02,1030.5,879010
2021-06-16 10:06:02,1030.5,879010
2021-06-16 10:06:03,1030.5,879010
2021-06-16 10:06:05,1030.5,879012
2021-06-16 10:06:06,1030.6,879047
2021-06-16 10:06:07,1030.6,879047
2021-06-16 10:06:08,1030.5,879052
2021-06-16 10:06:08,1030.5,879052
2021-06-16 10:06:09,1030.5,879052
2021-06-16 10:06:11,1030.5,879052
2021-06-16 10:06:12,1030.6,879156
2021-06-16 10:06:13,1030.8,879175
2021-06-16 10:06:13,1030.8,879166
2021-06-16 10:06:14,1030.5,879454
2021-06-16 10:06:16,1030.5,879456
2021-06-16 10:06:17,1030.5,879506
2021-06-16 10:06:18,1030.5,879506
2021-06-16 10:06:19,1030.3,880100
2021-06-16 10:06:19,1030.3,880100
2021-06-16 10:06:20,1030.3,880201
2021-06-16 10:06:22,1030.5,880202
2021-06-16 10:06:23,1030.5,880202
2021-06-16 10:06:24,1030.5,880202
2021-06-16 10:06:25,1030.5,880202
2021-06-16 10:06:25,1030.7,880211
2021-06-16 10:06:27,1030.7,880218
2021-06-16 10:06:28,1030.7,880218
2021-06-16 10:06:29,1030.7,881282
2021-06-16 10:06:30,1030.35,881303
2021-06-16 10:06:31,1030.65,881325
2021-06-16 10:06:32,1030.65,881325
2021-06-16 10:06:35,1030.7,881330
2021-06-16 10:06:36,1030.4,881530
2021-06-16 10:06:37,1030.4,881530
2021-06-16 10:06:38,1030.4,881530
2021-06-16 10:06:39,1030.4,881530
2021-06-16 10:06:40,1030.4,881530
2021-06-16 10:06:42,1030.3,881531
2021-06-16 10:06:44,1030.6,881581
2021-06-16 10:06:45,1030.3,881881
2021-06-16 10:06:46,1030.3,881881
2021-06-16 10:06:46,1030.3,881881
2021-06-16 10:06:48,1030.6,881911
2021-06-16 10:06:49,1030.3,882461
2021-06-16 10:06:50,1030.3,882461
2021-06-16 10:06:51,1030.3,882917
2021-06-16 10:06:52,1030.3,882982
2021-06-16 10:06:54,1030.4,882983
2021-06-16 10:06:54,1030.4,882983
2021-06-16 10:06:57,1030.4,882983
2021-06-16 10:06:59,1030.0,883297
2021-06-16 10:07:00,1030.0,883497
2021-06-16 10:07:01,1030.0,883508
2021-06-16 10:07:02,1030.4,883509
2021-06-16 10:07:03,1030.05,885011
2021-06-16 10:07:04,1030.0,885061
2021-06-16 10:07:04,1030.0,885061
2021-06-16 10:07:05,1029.5,885435
2021-06-16 10:07:07,1029.85,885595
2021-06-16 10:07:08,1029.5,885639
2021-06-16 10:07:09,1029.5,885643
2021-06-16 10:07:10,1029.4,885811
2021-06-16 10:07:11,1029.1,885817
2021-06-16 10:07:11,1029.0,885849
2021-06-16 10:07:12,1029.0,885849
2021-06-16 10:07:13,1028.8,887159
2021-06-16 10:07:15,1029.05,887209
2021-06-16 10:07:16,1029.25,887264
2021-06-16 10:07:17,1029.25,887294
2021-06-16 10:07:18,1029.25,887294
2021-06-16 10:07:19,1029.25,887294
2021-06-16 10:07:20,1029.8,887344
2021-06-16 10:07:21,1029.7,887365
2021-06-16 10:07:21,1029.7,887365
2021-06-16 10:07:24,1029.95,887515
2021-06-16 10:07:25,1029.45,888565
2021-06-16 10:07:26,1029.45,888565
2021-06-16 10:07:27,1029.7,888579
2021-06-16 10:07:28,1029.55,888589
2021-06-16 10:07:28,1029.55,888589
2021-06-16 10:07:29,1029.65,888715
2021-06-16 10:07:30,1029.7,889696
2021-06-16 10:07:32,1029.65,889699
2021-06-16 10:07:33,1029.7,889709
2021-06-16 10:07:34,1029.7,889709
2021-06-16 10:07:34,1029.7,889709
2021-06-16 10:07:35,1029.7,889709
2021-06-16 10:07:37,1029.7,889709
2021-06-16 10:07:38,1029.4,889744
2021-06-16 10:07:39,1029.55,889805
2021-06-16 10:07:39,1029.55,889805
2021-06-16 10:07:40,1029.55,889805
2021-06-16 10:07:42,1029.45,889806
2021-06-16 10:07:43,1029.7,889898
2021-06-16 10:07:44,1029.5,890398
2021-06-16 10:07:44,1029.55,889998
2021-06-16 10:07:46,1029.45,890418
2021-06-16 10:07:48,1029.7,890463
2021-06-16 10:07:49,1029.7,890463
2021-06-16 10:07:49,1029.7,890463
2021-06-16 10:07:51,1029.7,890463
2021-06-16 10:07:52,1029.25,890465
2021-06-16 10:07:53,1029.25,890465
2021-06-16 10:07:54,1029.1,890715
2021-06-16 10:07:55,1029.45,890811
2021-06-16 10:07:57,1029.45,890811
2021-06-16 10:07:58,1029.0,890820
2021-06-16 10:07:59,1029.0,890820
2021-06-16 10:08:00,1029.0,890841
2021-06-16 10:08:00,1029.0,890841
2021-06-16 10:08:01,1029.1,891191
2021-06-16 10:08:02,1029.1,891291
2021-06-16 10:08:03,1029.15,891505
2021-06-16 10:08:04,1029.15,891505
2021-06-16 10:08:06,1029.2,891530
2021-06-16 10:08:07,1029.2,891530
2021-06-16 10:08:08,1029.2,891530
2021-06-16 10:08:09,1029.3,891690
2021-06-16 10:08:09,1029.3,891690
2021-06-16 10:08:11,1029.3,891695
2021-06-16 10:08:12,1029.25,892080
2021-06-16 10:08:13,1029.3,892130
