timestamp,ltp,volume
2021-06-16 09:15:50,1472.75,157315
2021-06-16 09:15:51,1472.1,157663
2021-06-16 09:15:53,1472.75,159109
2021-06-16 09:15:54,1472.25,164237
2021-06-16 09:15:55,1472.25,166337
2021-06-16 09:15:56,1472.25,166989
2021-06-16 09:15:57,1472.85,167846
2021-06-16 09:15:58,1472.25,169683
2021-06-16 09:15:59,1472.25,170108
2021-06-16 09:16:00,1472.7,171149
2021-06-16 09:16:01,1472.85,171913
2021-06-16 09:16:02,1473.15,173561
2021-06-16 09:16:04,1472.85,174999
2021-06-16 09:16:04,1472.85,174999
2021-06-16 09:16:05,1473.2,177005
2021-06-16 09:16:06,1473.7,177089
2021-06-16 09:16:07,1473.5,178182
2021-06-16 09:16:10,1473.75,178998
2021-06-16 09:16:11,1473.9,179399
2021-06-16 09:16:12,1474.0,180121
2021-06-16 09:16:13,1474.5,181450
2021-06-16 09:16:14,1474.55,184052
2021-06-16 09:16:15,1474.9,184132
2021-06-16 09:16:16,1474.9,185333
2021-06-16 09:16:18,1475.0,186377
2021-06-16 09:16:19,1474.9,187966
2021-06-16 09:16:20,1474.95,188565
2021-06-16 09:16:21,1474.8,189390
2021-06-16 09:16:22,1474.95,190047
2021-06-16 09:16:23,1475.0,190257
2021-06-16 09:16:24,1474.75,190391
2021-06-16 09:16:25,1474.9,190545
2021-06-16 09:16:26,1474.8,190638
2021-06-16 09:16:27,1475.0,194377
2021-06-16 09:16:28,1474.95,201973
2021-06-16 09:16:29,1475.0,202023
2021-06-16 09:16:30,1475.0,202205
2021-06-16 09:16:31,1475.55,202951
2021-06-16 09:16:32,1475.55,203492
2021-06-16 09:16:33,1474.95,213990
2021-06-16 09:16:34,1474.85,214135
2021-06-16 09:16:35,1474.8,215174
2021-06-16 09:16:36,1474.8,215390
2021-06-16 09:16:37,1474.9,216560
2021-06-16 09:16:38,1474.9,216701
2021-06-16 09:16:39,1475.2,217878
2021-06-16 09:16:40,1475.05,218005
2021-06-16 09:16:41,1474.55,218613
2021-06-16 09:16:42,1474.8,219000
2021-06-16 09:16:44,1474.95,219994
2021-06-16 09:16:45,1474.9,220160
2021-06-16 09:16:47,1474.9,220592
2021-06-16 09:16:46,1474.9,220526
2021-06-16 09:16:48,1475.1,222071
2021-06-16 09:16:49,1474.65,224811
2021-06-16 09:16:50,1474.45,226207
2021-06-16 09:16:51,1474.65,226507
2021-06-16 09:16:52,1474.8,227056
2021-06-16 09:16:54,1474.8,227498
2021-06-16 09:16:53,1474.8,227498
2021-06-16 09:16:55,1474.8,229937
2021-06-16 09:16:56,1474.75,230105
2021-06-16 09:16:57,1474.9,233130
2021-06-16 09:16:58,1474.65,233286
2021-06-16 09:16:59,1474.65,234462
2021-06-16 09:17:00,1474.8,235307
2021-06-16 09:17:01,1474.9,237209
2021-06-16 09:17:02,1475.5,237264
2021-06-16 09:17:03,1474.9,237763
2021-06-16 09:17:04,1475.1,237766
2021-06-16 09:17:05,1475.85,238258
2021-06-16 09:17:09,1475.25,239392
2021-06-16 09:17:12,1475.15,240469
2021-06-16 09:17:14,1475.95,242157
2021-06-16 09:17:17,1476.55,244994
2021-06-16 09:17:18,1477.0,248746
2021-06-16 09:17:19,1477.0,250487
2021-06-16 09:17:20,1477.25,251238
2021-06-16 09:17:21,1478.0,253554
2021-06-16 09:17:22,1477.95,254830
2021-06-16 09:17:23,1478.85,256958
2021-06-16 09:17:24,1478.5,257817
2021-06-16 09:17:25,1480.0,264822
2021-06-16 09:17:26,1479.15,266472
2021-06-16 09:17:27,1479.7,266853
2021-06-16 09:17:29,1480.0,268810
2021-06-16 09:17:31,1479.85,270594
2021-06-16 09:17:30,1479.95,270187
2021-06-16 09:17:32,1479.7,271307
2021-06-16 09:17:33,1479.95,272789
2021-06-16 09:17:34,1479.8,274239
2021-06-16 09:17:35,1478.95,277025
2021-06-16 09:17:36,1478.95,277913
2021-06-16 09:17:38,1479.0,278269
2021-06-16 09:17:39,1478.7,280905
2021-06-16 09:17:40,1479.0,281484
2021-06-16 09:17:41,1478.6,281866
2021-06-16 09:17:42,1478.95,282153
2021-06-16 09:17:43,1478.95,282392
2021-06-16 09:17:44,1478.85,283655
2021-06-16 09:17:45,1478.55,285867
2021-06-16 09:17:46,1478.5,287118
2021-06-16 09:17:47,1478.55,287286
2021-06-16 09:17:48,1478.3,289080
2021-06-16 09:17:49,1477.65,291469
2021-06-16 09:17:50,1478.5,292149
2021-06-16 09:17:51,1478.75,292678
2021-06-16 09:17:52,1478.55,292748
2021-06-16 09:17:53,1478.4,293315
2021-06-16 09:17:54,1478.5,293572
2021-06-16 09:17:55,1478.3,294391
2021-06-16 09:17:56,1478.3,294483
2021-06-16 09:17:57,1478.35,296066
2021-06-16 09:17:58,1478.5,296803
2021-06-16 09:17:59,1478.5,296955
2021-06-16 09:18:00,1478.5,297631
2021-06-16 09:18:01,1478.3,297756
2021-06-16 09:18:04,1478.75,300364
2021-06-16 09:18:05,1478.0,302528
2021-06-16 09:18:06,1478.7,303102
2021-06-16 09:18:07,1478.8,304257
2021-06-16 09:18:08,1478.25,304623
2021-06-16 09:18:10,1478.5,306831
2021-06-16 09:18:12,1478.7,307587
2021-06-16 09:18:13,1478.25,310229
2021-06-16 09:18:15,1478.65,311912
2021-06-16 09:18:17,1478.0,315947
2021-06-16 09:18:18,1477.6,316641
2021-06-16 09:18:19,1478.25,317655
2021-06-16 09:18:20,1477.35,318756
2021-06-16 09:18:21,1477.35,319476
2021-06-16 09:18:22,1477.0,320844
2021-06-16 09:18:23,1477.45,321113
2021-06-16 09:18:24,1477.4,321567
2021-06-16 09:18:25,1477.3,321832
2021-06-16 09:18:26,1477.0,323844
2021-06-16 09:18:27,1477.0,324586
2021-06-16 09:18:28,1477.05,324921
2021-06-16 09:18:29,1476.9,325109
2021-06-16 09:18:31,1477.0,326221
2021-06-16 09:18:32,1476.95,326393
2021-06-16 09:18:33,1477.0,326808
2021-06-16 09:18:34,1477.05,327878
2021-06-16 09:18:35,1477.0,328634
2021-06-16 09:18:36,1477.0,328914
2021-06-16 09:18:37,1477.05,330696
2021-06-16 09:18:38,1477.3,330963
2021-06-16 09:18:39,1477.0,331213
2021-06-16 09:18:40,1477.1,331790
2021-06-16 09:18:41,1477.4,332045
2021-06-16 09:18:42,1477.1,332873
2021-06-16 09:18:43,1477.0,334250
2021-06-16 09:18:44,1477.0,334429
2021-06-16 09:18:45,1477.45,335145
2021-06-16 09:18:46,1476.95,335785
2021-06-16 09:18:47,1477.4,336274
2021-06-16 09:18:48,1477.5,336701
2021-06-16 09:18:49,1478.0,336915
2021-06-16 09:18:50,1477.35,337072
2021-06-16 09:18:51,1477.65,337099
2021-06-16 09:18:52,1477.95,337364
2021-06-16 09:18:53,1477.8,337675
2021-06-16 09:18:54,1477.9,337706
2021-06-16 09:18:55,1477.8,339217
2021-06-16 09:18:56,1477.8,340104
2021-06-16 09:18:57,1477.8,340336
2021-06-16 09:18:58,1477.35,340457
2021-06-16 09:18:59,1477.35,342050
2021-06-16 09:19:00,1477.3,342988
2021-06-16 09:19:01,1477.15,343570
2021-06-16 09:19:04,1477.0,345906
2021-06-16 09:19:04,1477.25,344634
2021-06-16 09:19:05,1477.15,346753
2021-06-16 09:19:06,1476.7,352492
2021-06-16 09:19:07,1476.3,352770
2021-06-16 09:19:08,1476.1,353353
2021-06-16 09:19:09,1476.35,353718
2021-06-16 09:19:10,1476.1,353903
2021-06-16 09:19:11,1476.05,356033
2021-06-16 09:19:12,1476.3,356433
2021-06-16 09:19:13,1475.6,359224
2021-06-16 09:19:14,1475.25,359325
2021-06-16 09:19:15,1475.55,359521
2021-06-16 09:19:16,1475.55,359788
2021-06-16 09:19:17,1475.45,360208
2021-06-16 09:19:18,1475.35,360451
2021-06-16 09:19:19,1475.5,360812
2021-06-16 09:19:20,1475.5,360913
2021-06-16 09:19:22,1475.35,361184
2021-06-16 09:19:23,1475.35,361426
2021-06-16 09:19:24,1476.4,373437
2021-06-16 09:19:25,1477.0,373669
2021-06-16 09:19:26,1476.9,373706
2021-06-16 09:19:27,1476.7,374432
2021-06-16 09:19:28,1477.0,374896
2021-06-16 09:19:29,1477.15,375485
2021-06-16 09:19:30,1477.0,375579
2021-06-16 09:19:31,1477.0,377125
2021-06-16 09:19:32,1477.2,379437
2021-06-16 09:19:34,1477.0,381339
2021-06-16 09:19:34,1477.0,381039
2021-06-16 09:19:35,1477.1,382101
2021-06-16 09:19:36,1477.05,382329
2021-06-16 09:19:37,1476.7,384802
2021-06-16 09:19:38,1477.0,385243
2021-06-16 09:19:39,1476.65,385405
2021-06-16 09:19:40,1476.65,385473
2021-06-16 09:19:41,1476.55,385864
2021-06-16 09:19:42,1477.0,386132
2021-06-16 09:19:43,1476.6,386332
2021-06-16 09:19:44,1476.8,386346
2021-06-16 09:19:45,1477.0,386547
2021-06-16 09:19:46,1476.8,386597
2021-06-16 09:19:47,1476.7,386610
2021-06-16 09:19:48,1476.6,387330
2021-06-16 09:19:50,1476.7,388998
2021-06-16 09:19:50,1476.2,389058
2021-06-16 09:19:51,1476.1,389256
2021-06-16 09:19:52,1476.0,389573
2021-06-16 09:19:53,1476.0,390037
2021-06-16 09:19:54,1476.6,390196
2021-06-16 09:19:55,1476.3,390210
2021-06-16 09:19:57,1476.5,390360
2021-06-16 09:19:58,1476.4,390652
2021-06-16 09:19:59,1476.4,390784
2021-06-16 09:20:00,1476.3,391701
2021-06-16 09:20:01,1476.2,391983
2021-06-16 09:20:02,1475.85,397556
2021-06-16 09:20:03,1475.95,398195
2021-06-16 09:20:04,1475.85,400590
2021-06-16 09:20:05,1475.55,400813
2021-06-16 09:20:06,1476.0,401001
2021-06-16 09:20:07,1476.0,401183
2021-06-16 09:20:08,1475.9,402170
2021-06-16 09:20:09,1476.8,402500
2021-06-16 09:20:10,1476.65,403024
2021-06-16 09:20:11,1476.65,403122
2021-06-16 09:20:12,1476.65,403244
2021-06-16 09:20:13,1476.9,403412
2021-06-16 09:20:14,1476.75,404117
2021-06-16 09:20:15,1476.65,404554
2021-06-16 09:20:17,1476.65,405200
2021-06-16 09:20:18,1476.7,405236
2021-06-16 09:20:19,1476.65,405291
2021-06-16 09:20:20,1476.65,405371
2021-06-16 09:20:21,1476.65,405584
2021-06-16 09:20:21,1476.1,406242
2021-06-16 09:20:22,1476.7,406386
2021-06-16 09:20:23,1476.6,406609
2021-06-16 09:20:25,1476.7,406955
2021-06-16 09:20:26,1476.7,407132
2021-06-16 09:20:27,1476.55,407455
2021-06-16 09:20:29,1476.5,408388
2021-06-16 09:20:30,1476.5,409312
2021-06-16 09:20:31,1476.15,409635
2021-06-16 09:20:32,1476.7,410083
2021-06-16 09:20:33,1476.7,410204
2021-06-16 09:20:34,1476.2,410352
2021-06-16 09:20:35,1476.2,410620
2021-06-16 09:20:36,1476.2,410672
2021-06-16 09:20:37,1476.55,410887
2021-06-16 09:20:38,1476.3,410989
2021-06-16 09:20:38,1476.35,410994
2021-06-16 09:20:39,1476.2,411046
2021-06-16 09:20:40,1476.35,411146
2021-06-16 09:20:41,1476.35,411161
2021-06-16 09:20:42,1476.5,411173
2021-06-16 09:20:43,1476.35,411889
2021-06-16 09:20:44,1476.3,412409
2021-06-16 09:20:45,1476.25,412562
2021-06-16 09:20:46,1475.55,415958
2021-06-16 09:20:47,1475.3,416101
2021-06-16 09:20:48,1475.2,416119
2021-06-16 09:20:49,1475.7,416326
2021-06-16 09:20:50,1475.2,416415
2021-06-16 09:20:51,1475.2,416785
2021-06-16 09:20:54,1475.3,417435
2021-06-16 09:20:55,1474.0,421520
2021-06-16 09:20:57,1474.0,422529
2021-06-16 09:21:01,1474.25,423330
2021-06-16 09:21:02,1474.85,423572
2021-06-16 09:21:03,1474.4,423733
2021-06-16 09:21:04,1474.4,423869
2021-06-16 09:21:05,1474.4,424197
2021-06-16 09:21:06,1474.4,424497
2021-06-16 09:21:07,1474.4,424914
2021-06-16 09:21:08,1474.25,426728
2021-06-16 09:21:08,1474.25,426728
2021-06-16 09:21:09,1474.25,426951
2021-06-16 09:21:11,1473.65,430757
2021-06-16 09:21:12,1474.05,431205
2021-06-16 09:21:13,1474.15,431456
2021-06-16 09:21:13,1474.05,431466
2021-06-16 09:21:14,1473.5,431747
2021-06-16 09:21:15,1473.5,431802
2021-06-16 09:21:16,1474.05,431941
2021-06-16 09:21:17,1473.75,432180
2021-06-16 09:21:18,1474.1,432703
2021-06-16 09:21:19,1474.0,433061
2021-06-16 09:21:21,1473.5,433322
2021-06-16 09:21:22,1474.0,433748
2021-06-16 09:21:23,1473.6,434037
2021-06-16 09:21:24,1473.7,434381
2021-06-16 09:21:25,1474.0,434436
2021-06-16 09:21:27,1473.45,435284
2021-06-16 09:21:28,1473.5,435632
2021-06-16 09:21:29,1473.65,436391
2021-06-16 09:21:30,1473.6,437481
2021-06-16 09:21:31,1473.3,437777
2021-06-16 09:21:32,1473.25,437893
2021-06-16 09:21:33,1473.2,438105
2021-06-16 09:21:34,1473.2,438701
2021-06-16 09:21:35,1473.2,438804
2021-06-16 09:21:36,1473.05,438807
2021-06-16 09:21:37,1473.2,439159
2021-06-16 09:21:38,1473.2,440753
2021-06-16 09:21:39,1473.15,441086
2021-06-16 09:21:40,1473.2,441646
2021-06-16 09:21:41,1473.05,441902
2021-06-16 09:21:42,1473.0,442939
2021-06-16 09:21:43,1473.4,443151
2021-06-16 09:21:44,1473.05,443303
2021-06-16 09:21:45,1473.15,443840
2021-06-16 09:21:46,1473.2,443952
2021-06-16 09:21:49,1473.2,445425
2021-06-16 09:21:50,1473.6,446615
2021-06-16 09:21:51,1473.05,446715
2021-06-16 09:21:52,1473.45,446739
2021-06-16 09:21:54,1473.25,447045
2021-06-16 09:21:55,1473.6,447874
2021-06-16 09:21:56,1473.3,448275
2021-06-16 09:21:56,1473.3,448275
2021-06-16 09:21:57,1473.15,451394
2021-06-16 09:21:58,1473.0,452026
2021-06-16 09:21:59,1472.95,452114
2021-06-16 09:22:00,1473.1,452714
2021-06-16 09:22:01,1473.15,458841
2021-06-16 09:22:02,1473.2,460261
2021-06-16 09:22:04,1473.2,460995
2021-06-16 09:22:05,1473.2,460996
2021-06-16 09:22:06,1473.4,461143
2021-06-16 09:22:07,1473.1,463470
2021-06-16 09:22:08,1473.0,463675
2021-06-16 09:22:09,1472.7,464226
2021-06-16 09:22:09,1473.1,464296
2021-06-16 09:22:11,1472.55,465250
2021-06-16 09:22:12,1472.55,465467
2021-06-16 09:22:14,1472.85,465571
2021-06-16 09:22:15,1472.75,465609
2021-06-16 09:22:16,1472.75,466292
2021-06-16 09:22:17,1472.55,466342
2021-06-16 09:22:18,1472.55,466367
2021-06-16 09:22:19,1472.55,466490
2021-06-16 09:22:20,1472.75,466528
2021-06-16 09:22:21,1472.6,466631
2021-06-16 09:22:21,1472.75,466641
2021-06-16 09:22:22,1472.6,466666
2021-06-16 09:22:23,1472.6,467201
2021-06-16 09:22:24,1472.55,467321
2021-06-16 09:22:25,1472.75,467341
2021-06-16 09:22:26,1472.75,468467
2021-06-16 09:22:27,1472.9,468545
2021-06-16 09:22:28,1472.75,469093
2021-06-16 09:22:30,1472.7,470003
2021-06-16 09:22:31,1472.65,470428
2021-06-16 09:22:31,1472.65,470622
2021-06-16 09:22:32,1472.55,471483
2021-06-16 09:22:33,1472.5,473412
2021-06-16 09:22:34,1472.65,474197
2021-06-16 09:22:35,1472.65,474766
2021-06-16 09:22:37,1472.55,474867
2021-06-16 09:22:38,1472.5,476060
2021-06-16 09:22:39,1472.65,476255
2021-06-16 09:22:39,1472.65,476255
2021-06-16 09:22:40,1472.7,476403
2021-06-16 09:22:41,1472.65,476469
2021-06-16 09:22:42,1472.65,476721
2021-06-16 09:22:43,1472.65,476941
2021-06-16 09:22:45,1472.75,477173
2021-06-16 09:22:46,1473.2,479271
2021-06-16 09:22:46,1473.75,479281
2021-06-16 09:22:47,1473.35,479725
2021-06-16 09:22:49,1473.35,479825
2021-06-16 09:22:50,1473.55,479852
2021-06-16 09:22:51,1473.35,479953
2021-06-16 09:22:53,1473.75,480250
2021-06-16 09:22:54,1473.45,481532
2021-06-16 09:22:55,1473.85,481592
2021-06-16 09:22:56,1474.0,481666
2021-06-16 09:22:56,1474.0,481666
2021-06-16 09:22:57,1474.0,481771
2021-06-16 09:22:58,1474.0,482399
2021-06-16 09:23:00,1473.85,482406
2021-06-16 09:23:01,1473.75,482471
2021-06-16 09:23:02,1473.75,482530
2021-06-16 09:23:03,1473.85,482816
2021-06-16 09:23:04,1474.0,482835
2021-06-16 09:23:05,1474.0,482867
2021-06-16 09:23:06,1474.0,482899
2021-06-16 09:23:07,1474.0,483031
2021-06-16 09:23:08,1474.0,483419
2021-06-16 09:23:08,1474.0,483522
2021-06-16 09:23:09,1474.0,483572
2021-06-16 09:23:11,1473.85,483593
2021-06-16 09:23:12,1473.85,483633
2021-06-16 09:23:13,1474.0,483759
2021-06-16 09:23:14,1474.0,483781
2021-06-16 09:23:15,1472.7,490018
2021-06-16 09:23:15,1472.7,490018
2021-06-16 09:23:16,1472.65,491945
2021-06-16 09:23:17,1472.4,492542
2021-06-16 09:23:20,1472.4,493315
2021-06-16 09:23:21,1472.5,493732
2021-06-16 09:23:22,1473.5,494123
2021-06-16 09:23:23,1472.9,494513
2021-06-16 09:23:24,1472.9,494519
2021-06-16 09:23:25,1473.0,494659
2021-06-16 09:23:25,1473.5,494637
2021-06-16 09:23:27,1473.0,494697
2021-06-16 09:23:28,1473.85,495220
2021-06-16 09:23:29,1473.65,495344
2021-06-16 09:23:31,1473.45,495547
2021-06-16 09:23:32,1473.3,495553
2021-06-16 09:23:33,1473.65,495754
2021-06-16 09:23:34,1473.6,496114
2021-06-16 09:23:34,1473.35,496215
2021-06-16 09:23:35,1473.1,498072
2021-06-16 09:23:36,1473.35,498340
2021-06-16 09:23:37,1473.6,498468
2021-06-16 09:23:39,1473.4,498609
2021-06-16 09:23:41,1473.6,498746
2021-06-16 09:23:42,1473.75,499248
2021-06-16 09:23:45,1473.55,501269
2021-06-16 09:23:46,1473.55,501269
2021-06-16 09:23:47,1473.7,501474
2021-06-16 09:23:48,1473.65,502085
2021-06-16 09:23:49,1473.4,502682
2021-06-16 09:23:49,1473.55,502697
2021-06-16 09:23:50,1473.3,502714
2021-06-16 09:23:51,1473.3,502729
2021-06-16 09:23:53,1473.65,502987
2021-06-16 09:23:54,1473.1,503454
2021-06-16 09:23:55,1473.4,503768
2021-06-16 09:23:56,1473.0,503905
2021-06-16 09:23:57,1473.65,504005
2021-06-16 09:23:58,1473.15,504672
2021-06-16 09:23:58,1473.15,504672
2021-06-16 09:23:59,1473.15,504677
2021-06-16 09:24:00,1473.1,504700
2021-06-16 09:24:02,1473.35,506366
2021-06-16 09:24:03,1473.05,506469
2021-06-16 09:24:04,1473.2,506519
2021-06-16 09:24:05,1473.1,506662
2021-06-16 09:24:06,1473.05,507289
2021-06-16 09:24:07,1473.15,507986
2021-06-16 09:24:08,1473.0,509050
2021-06-16 09:24:09,1473.0,509292
2021-06-16 09:24:10,1473.05,509353
2021-06-16 09:24:11,1473.05,509403
2021-06-16 09:24:12,1473.1,509504
2021-06-16 09:24:13,1473.05,510081
2021-06-16 09:24:14,1473.25,510859
2021-06-16 09:24:15,1473.65,511025
2021-06-16 09:24:16,1473.7,511325
2021-06-16 09:24:17,1473.25,511643
2021-06-16 09:24:18,1473.25,511745
2021-06-16 09:24:19,1473.25,511761
2021-06-16 09:24:20,1473.4,511803
2021-06-16 09:24:21,1473.25,511898
2021-06-16 09:24:22,1473.65,511909
2021-06-16 09:24:23,1473.7,513184
2021-06-16 09:24:24,1473.35,513297
2021-06-16 09:24:25,1473.3,513605
2021-06-16 09:24:27,1473.4,513788
2021-06-16 09:24:28,1473.5,513904
2021-06-16 09:24:30,1473.7,514154
2021-06-16 09:24:31,1473.8,514285
2021-06-16 09:24:32,1473.7,514385
2021-06-16 09:24:33,1473.7,514888
2021-06-16 09:24:34,1473.65,515508
2021-06-16 09:24:35,1473.4,515793
2021-06-16 09:24:36,1473.45,515855
2021-06-16 09:24:37,1473.45,515870
2021-06-16 09:24:38,1473.65,516045
2021-06-16 09:24:39,1473.65,516296
2021-06-16 09:24:40,1473.6,516318
2021-06-16 09:24:41,1473.6,516318
2021-06-16 09:24:42,1473.7,516351
2021-06-16 09:24:43,1473.05,517748
2021-06-16 09:24:44,1472.7,522100
2021-06-16 09:24:45,1472.65,522120
2021-06-16 09:24:46,1472.7,522584
2021-06-16 09:24:47,1472.7,522887
2021-06-16 09:24:48,1472.7,522888
2021-06-16 09:24:49,1472.7,522940
2021-06-16 09:24:49,1472.55,523580
2021-06-16 09:24:51,1472.55,523741
2021-06-16 09:24:53,1472.6,524845
2021-06-16 09:24:54,1472.6,524917
2021-06-16 09:24:55,1473.0,524927
2021-06-16 09:24:57,1472.7,524935
2021-06-16 09:24:58,1472.85,524946
2021-06-16 09:24:59,1473.05,525253
2021-06-16 09:25:00,1472.7,526645
2021-06-16 09:25:01,1472.85,528687
2021-06-16 09:25:02,1472.7,528717
2021-06-16 09:25:03,1472.7,528869
2021-06-16 09:25:04,1472.7,528943
2021-06-16 09:25:05,1472.8,529588
2021-06-16 09:25:06,1472.7,529698
2021-06-16 09:25:07,1472.6,529889
2021-06-16 09:25:08,1472.8,530011
2021-06-16 09:25:09,1472.8,531356
2021-06-16 09:25:10,1472.8,531357
2021-06-16 09:25:11,1472.6,531600
2021-06-16 09:25:12,1472.75,531791
2021-06-16 09:25:13,1472.75,531794
2021-06-16 09:25:14,1472.7,531876
2021-06-16 09:25:15,1472.7,531891
2021-06-16 09:25:16,1472.6,532250
2021-06-16 09:25:17,1472.8,541435
2021-06-16 09:25:18,1472.8,541486
2021-06-16 09:25:19,1472.6,541553
2021-06-16 09:25:20,1472.7,541598
2021-06-16 09:25:21,1472.6,541906
2021-06-16 09:25:23,1472.6,542222
2021-06-16 09:25:24,1472.75,542272
2021-06-16 09:25:25,1472.7,542490
2021-06-16 09:25:26,1472.9,542797
2021-06-16 09:25:27,1473.0,542917
2021-06-16 09:25:28,1473.0,542986
2021-06-16 09:25:29,1472.7,543004
2021-06-16 09:25:31,1473.0,543015
2021-06-16 09:25:32,1473.0,543120
2021-06-16 09:25:33,1473.0,543131
2021-06-16 09:25:34,1473.0,543131
2021-06-16 09:25:35,1472.85,544899
2021-06-16 09:25:36,1472.85,544899
2021-06-16 09:25:37,1473.0,545365
2021-06-16 09:25:38,1473.0,545378
2021-06-16 09:25:39,1472.9,545394
2021-06-16 09:25:40,1472.95,545410
2021-06-16 09:25:42,1473.0,545583
2021-06-16 09:25:43,1472.95,545792
2021-06-16 09:25:44,1472.95,545802
2021-06-16 09:25:45,1472.85,545827
2021-06-16 09:25:46,1472.95,545860
2021-06-16 09:25:47,1473.0,545980
2021-06-16 09:25:48,1472.95,545996
2021-06-16 09:25:49,1472.95,546010
2021-06-16 09:25:50,1473.0,546066
2021-06-16 09:25:51,1473.0,546721
2021-06-16 09:25:52,1473.0,546775
2021-06-16 09:25:53,1472.95,546899
2021-06-16 09:25:54,1472.9,547592
2021-06-16 09:25:55,1473.0,547848
2021-06-16 09:25:56,1473.35,548223
2021-06-16 09:25:58,1473.45,549510
2021-06-16 09:25:59,1473.45,549525
2021-06-16 09:26:00,1473.25,549587
2021-06-16 09:26:01,1473.8,549939
2021-06-16 09:26:02,1473.75,549955
2021-06-16 09:26:03,1473.75,549955
2021-06-16 09:26:04,1473.75,549980
2021-06-16 09:26:05,1473.75,549980
2021-06-16 09:26:06,1473.05,550607
2021-06-16 09:26:07,1473.65,551429
2021-06-16 09:26:08,1473.65,551454
2021-06-16 09:26:09,1473.7,551521
2021-06-16 09:26:10,1473.65,551531
2021-06-16 09:26:11,1473.65,551584
2021-06-16 09:26:12,1473.45,551589
2021-06-16 09:26:13,1473.25,551618
2021-06-16 09:26:14,1473.25,551689
2021-06-16 09:26:15,1473.7,551709
2021-06-16 09:26:16,1473.3,551777
2021-06-16 09:26:17,1473.3,551777
2021-06-16 09:26:18,1473.35,551785
2021-06-16 09:26:19,1473.5,551870
2021-06-16 09:26:20,1473.7,552050
2021-06-16 09:26:21,1473.7,552142
2021-06-16 09:26:22,1473.8,552406
2021-06-16 09:26:23,1473.55,552479
2021-06-16 09:26:24,1473.8,552480
2021-06-16 09:26:25,1473.55,552500
2021-06-16 09:26:26,1473.8,552556
2021-06-16 09:26:27,1473.55,552731
2021-06-16 09:26:30,1473.7,553127
2021-06-16 09:26:33,1473.7,553283
2021-06-16 09:26:34,1473.7,553423
2021-06-16 09:26:36,1473.7,553710
2021-06-16 09:26:37,1473.75,553810
2021-06-16 09:26:38,1473.75,553823
2021-06-16 09:26:39,1473.7,553916
2021-06-16 09:26:41,1474.0,554193
2021-06-16 09:26:42,1473.9,554198
2021-06-16 09:26:43,1473.9,554198
2021-06-16 09:26:44,1473.85,554317
2021-06-16 09:26:46,1473.6,556731
2021-06-16 09:26:48,1473.6,556731
2021-06-16 09:26:49,1473.05,556736
2021-06-16 09:26:50,1473.2,556766
2021-06-16 09:26:51,1473.05,556874
2021-06-16 09:26:52,1473.35,556878
2021-06-16 09:26:53,1473.35,556878
2021-06-16 09:26:54,1473.35,556891
2021-06-16 09:26:55,1473.6,557180
2021-06-16 09:26:56,1473.6,557742
2021-06-16 09:26:57,1473.6,557862
2021-06-16 09:26:58,1473.35,557863
2021-06-16 09:26:59,1473.4,557892
2021-06-16 09:27:00,1473.5,558084
2021-06-16 09:27:01,1473.75,558159
2021-06-16 09:27:02,1473.75,558203
2021-06-16 09:27:03,1473.85,558220
2021-06-16 09:27:04,1473.85,558316
2021-06-16 09:27:05,1473.85,558667
2021-06-16 09:27:06,1473.85,558907
2021-06-16 09:27:07,1473.65,559010
2021-06-16 09:27:08,1473.65,559026
2021-06-16 09:27:09,1473.7,559049
2021-06-16 09:27:10,1473.75,559052
2021-06-16 09:27:11,1473.65,559107
2021-06-16 09:27:12,1473.65,560111
2021-06-16 09:27:13,1473.75,560161
2021-06-16 09:27:14,1473.65,560273
2021-06-16 09:27:15,1473.65,560285
2021-06-16 09:27:16,1473.65,560285
2021-06-16 09:27:17,1473.55,560335
2021-06-16 09:27:18,1473.65,560355
2021-06-16 09:27:19,1473.5,560460
2021-06-16 09:27:20,1473.65,560479
2021-06-16 09:27:21,1473.5,560714
2021-06-16 09:27:22,1473.55,560850
2021-06-16 09:27:23,1473.65,560905
2021-06-16 09:27:24,1473.65,560927
2021-06-16 09:27:25,1473.6,561138
2021-06-16 09:27:26,1473.65,561188
2021-06-16 09:27:27,1473.65,561212
2021-06-16 09:27:28,1473.65,561230
2021-06-16 09:27:29,1473.55,561378
2021-06-16 09:27:30,1473.6,561418
2021-06-16 09:27:31,1473.6,561420
2021-06-16 09:27:32,1473.55,561560
2021-06-16 09:27:33,1473.55,561623
2021-06-16 09:27:34,1473.55,561636
2021-06-16 09:27:35,1473.6,561667
2021-06-16 09:27:36,1473.55,562242
2021-06-16 09:27:37,1473.55,562244
2021-06-16 09:27:38,1473.55,562284
2021-06-16 09:27:39,1473.6,562334
2021-06-16 09:27:40,1473.55,562365
2021-06-16 09:27:41,1473.55,562373
2021-06-16 09:27:42,1473.55,563074
2021-06-16 09:27:43,1473.55,563148
2021-06-16 09:27:44,1473.5,563195
2021-06-16 09:27:45,1473.65,563259
2021-06-16 09:27:46,1473.65,563259
2021-06-16 09:27:47,1473.6,563263
2021-06-16 09:27:48,1473.65,563279
2021-06-16 09:27:49,1473.6,563375
2021-06-16 09:27:50,1473.6,563661
2021-06-16 09:27:51,1473.6,563910
2021-06-16 09:27:52,1473.6,563910
2021-06-16 09:27:53,1473.6,563925
2021-06-16 09:27:54,1473.65,563943
2021-06-16 09:27:55,1473.65,563945
2021-06-16 09:27:56,1473.65,563947
2021-06-16 09:27:57,1473.65,563975
2021-06-16 09:27:58,1473.65,563975
2021-06-16 09:27:59,1473.6,564027
2021-06-16 09:28:00,1473.6,564027
2021-06-16 09:28:01,1473.1,568127
2021-06-16 09:28:02,1473.15,568143
2021-06-16 09:28:03,1473.15,568176
2021-06-16 09:28:04,1473.2,568401
2021-06-16 09:28:05,1473.25,568921
2021-06-16 09:28:06,1473.15,568928
2021-06-16 09:28:07,1473.3,568987
2021-06-16 09:28:08,1473.15,569012
2021-06-16 09:28:09,1473.15,569202
2021-06-16 09:28:10,1473.45,569315
2021-06-16 09:28:11,1473.15,569395
2021-06-16 09:28:12,1473.25,569399
2021-06-16 09:28:13,1473.45,569631
2021-06-16 09:28:14,1473.15,569645
2021-06-16 09:28:15,1473.15,569714
2021-06-16 09:28:16,1473.15,570258
2021-06-16 09:28:17,1473.15,570294
2021-06-16 09:28:18,1473.25,570313
2021-06-16 09:28:19,1473.45,570516
2021-06-16 09:28:21,1473.15,570658
2021-06-16 09:28:22,1473.45,570693
2021-06-16 09:28:23,1473.45,570769
2021-06-16 09:28:24,1473.4,570778
2021-06-16 09:28:25,1473.45,570792
2021-06-16 09:28:26,1473.4,571184
2021-06-16 09:28:27,1473.4,571789
2021-06-16 09:28:28,1473.4,571833
2021-06-16 09:28:29,1473.4,571865
2021-06-16 09:28:30,1473.45,572164
2021-06-16 09:28:31,1473.45,572224
2021-06-16 09:28:32,1473.45,572275
2021-06-16 09:28:33,1473.55,572308
2021-06-16 09:28:34,1473.45,572398
2021-06-16 09:28:35,1473.55,572441
2021-06-16 09:28:36,1473.55,572722
2021-06-16 09:28:37,1473.55,572802
2021-06-16 09:28:38,1473.45,572836
2021-06-16 09:28:39,1473.55,572856
2021-06-16 09:28:40,1473.5,572899
2021-06-16 09:28:41,1473.5,572960
2021-06-16 09:28:42,1473.5,572961
2021-06-16 09:28:43,1473.5,572961
2021-06-16 09:28:44,1473.5,572982
2021-06-16 09:28:45,1473.5,573582
2021-06-16 09:28:46,1473.55,575449
2021-06-16 09:28:47,1473.45,575472
2021-06-16 09:28:48,1473.15,575930
2021-06-16 09:28:49,1473.45,576132
2021-06-16 09:28:50,1473.45,576133
2021-06-16 09:28:51,1473.15,576153
2021-06-16 09:28:53,1473.15,576175
2021-06-16 09:28:54,1473.45,576458
2021-06-16 09:28:56,1473.45,577558
2021-06-16 09:28:57,1473.25,577684
2021-06-16 09:28:58,1473.45,577804
2021-06-16 09:28:59,1473.2,577869
2021-06-16 09:29:00,1473.45,577924
2021-06-16 09:29:01,1473.45,579324
2021-06-16 09:29:02,1473.55,580061
2021-06-16 09:29:03,1473.3,580067
2021-06-16 09:29:05,1473.8,580447
2021-06-16 09:29:06,1473.9,580450
2021-06-16 09:29:07,1473.95,580666
2021-06-16 09:29:08,1473.95,580674
2021-06-16 09:29:09,1473.95,580674
2021-06-16 09:29:10,1473.45,580689
2021-06-16 09:29:12,1473.45,580705
2021-06-16 09:29:12,1473.45,580705
2021-06-16 09:29:13,1474.0,580955
2021-06-16 09:29:14,1474.0,580956
2021-06-16 09:29:15,1473.7,580969
2021-06-16 09:29:16,1474.0,581010
2021-06-16 09:29:17,1474.0,581059
2021-06-16 09:29:18,1473.95,581081
2021-06-16 09:29:19,1474.0,581109
2021-06-16 09:29:20,1474.0,581156
2021-06-16 09:29:21,1474.0,581190
2021-06-16 09:29:23,1473.95,581322
2021-06-16 09:29:23,1473.95,581328
2021-06-16 09:29:24,1473.95,582016
2021-06-16 09:29:25,1473.95,582027
2021-06-16 09:29:26,1474.0,583609
2021-06-16 09:29:27,1473.95,583612
2021-06-16 09:29:28,1473.8,583722
2021-06-16 09:29:29,1474.0,584285
2021-06-16 09:29:30,1473.95,584360
2021-06-16 09:29:31,1473.7,584382
2021-06-16 09:29:32,1474.0,584448
2021-06-16 09:29:33,1473.8,584460
2021-06-16 09:29:35,1473.95,584616
2021-06-16 09:29:36,1474.0,584664
2021-06-16 09:29:37,1474.0,584675
2021-06-16 09:29:37,1473.95,584673
2021-06-16 09:29:39,1473.95,584748
2021-06-16 09:29:40,1473.95,587402
2021-06-16 09:29:41,1474.0,587556
2021-06-16 09:29:43,1473.95,587799
2021-06-16 09:29:44,1474.0,588318
2021-06-16 09:29:45,1474.0,588363
2021-06-16 09:29:46,1474.15,588668
2021-06-16 09:29:47,1473.95,588894
2021-06-16 09:29:48,1473.95,588944
2021-06-16 09:29:49,1474.0,589014
2021-06-16 09:29:51,1474.0,589347
2021-06-16 09:29:52,1474.35,589384
2021-06-16 09:29:53,1474.15,589395
2021-06-16 09:29:54,1474.15,589400
2021-06-16 09:29:55,1474.5,589590
2021-06-16 09:29:56,1474.15,589820
2021-06-16 09:29:57,1474.15,589820
2021-06-16 09:29:58,1474.15,590320
2021-06-16 09:29:58,1474.7,590443
2021-06-16 09:30:00,1474.5,590493
2021-06-16 09:30:01,1474.5,590493
2021-06-16 09:30:03,1474.5,590791
2021-06-16 09:30:04,1474.45,590792
2021-06-16 09:30:05,1474.35,590807
2021-06-16 09:30:06,1474.45,591040
2021-06-16 09:30:07,1474.25,591446
2021-06-16 09:30:08,1474.35,591470
2021-06-16 09:30:09,1474.45,591911
2021-06-16 09:30:10,1474.35,591928
2021-06-16 09:30:11,1474.4,592016
2021-06-16 09:30:12,1474.35,592471
2021-06-16 09:30:13,1474.4,592567
2021-06-16 09:30:14,1474.4,592643
2021-06-16 09:30:15,1474.35,593252
2021-06-16 09:30:16,1474.0,594096
2021-06-16 09:30:17,1474.15,594346
2021-06-16 09:30:18,1474.15,594967
2021-06-16 09:30:19,1474.35,595875
2021-06-16 09:30:20,1474.3,595902
2021-06-16 09:30:21,1474.1,596713
2021-06-16 09:30:22,1474.3,597314
2021-06-16 09:30:23,1474.3,597423
2021-06-16 09:30:25,1474.15,597543
2021-06-16 09:30:26,1474.05,597563
2021-06-16 09:30:26,1474.05,597563
2021-06-16 09:30:27,1474.3,597626
2021-06-16 09:30:28,1474.3,597696
2021-06-16 09:30:29,1474.2,597698
2021-06-16 09:30:31,1474.1,598408
2021-06-16 09:30:33,1473.6,601870
2021-06-16 09:30:35,1473.0,604539
2021-06-16 09:30:35,1473.4,604564
2021-06-16 09:30:36,1473.2,606136
2021-06-16 09:30:37,1473.0,606232
2021-06-16 09:30:38,1473.5,606579
2021-06-16 09:30:39,1473.5,606592
2021-06-16 09:30:40,1473.0,608321
2021-06-16 09:30:42,1473.1,608856
2021-06-16 09:30:43,1472.85,614758
2021-06-16 09:30:44,1472.65,621541
2021-06-16 09:30:45,1472.1,629127
2021-06-16 09:30:46,1472.1,630378
2021-06-16 09:30:46,1472.05,630553
2021-06-16 09:30:47,1472.2,630555
2021-06-16 09:30:48,1472.05,631479
2021-06-16 09:30:49,1472.05,631509
2021-06-16 09:30:50,1472.1,632012
2021-06-16 09:30:52,1471.45,636936
2021-06-16 09:30:52,1471.7,637199
2021-06-16 09:30:54,1471.5,637503
2021-06-16 09:30:55,1471.45,637639
2021-06-16 09:30:57,1471.45,637704
2021-06-16 09:30:58,1471.5,637743
2021-06-16 09:30:59,1471.45,638339
2021-06-16 09:30:59,1471.45,638339
2021-06-16 09:31:00,1471.45,638403
2021-06-16 09:31:01,1471.5,638620
2021-06-16 09:31:02,1471.45,638665
2021-06-16 09:31:04,1472.05,643771
2021-06-16 09:31:04,1472.05,643771
2021-06-16 09:31:05,1471.55,644045
2021-06-16 09:31:06,1472.0,644160
2021-06-16 09:31:07,1471.55,644233
2021-06-16 09:31:08,1471.6,644586
2021-06-16 09:31:09,1471.55,644615
2021-06-16 09:31:10,1471.55,644623
2021-06-16 09:31:11,1471.6,644659
2021-06-16 09:31:12,1471.55,644750
2021-06-16 09:31:13,1471.75,645211
2021-06-16 09:31:15,1472.05,646036
2021-06-16 09:31:15,1472.05,646036
2021-06-16 09:31:16,1472.3,646551
2021-06-16 09:31:18,1471.75,646752
2021-06-16 09:31:19,1471.9,646754
2021-06-16 09:31:20,1471.6,647360
2021-06-16 09:31:21,1471.6,647370
2021-06-16 09:31:22,1471.9,647507
2021-06-16 09:31:24,1471.5,648282
2021-06-16 09:31:25,1471.5,649041
2021-06-16 09:31:26,1471.4,649181
2021-06-16 09:31:27,1471.45,649379
2021-06-16 09:31:28,1471.55,649477
2021-06-16 09:31:29,1471.4,649813
2021-06-16 09:31:29,1471.4,649813
2021-06-16 09:31:30,1471.5,649816
2021-06-16 09:31:31,1471.45,649819
2021-06-16 09:31:32,1471.4,649847
2021-06-16 09:31:33,1471.5,650441
2021-06-16 09:31:34,1471.5,650687
2021-06-16 09:31:35,1471.4,650712
2021-06-16 09:31:37,1471.45,651083
2021-06-16 09:31:38,1471.45,651106
2021-06-16 09:31:39,1471.45,651398
2021-06-16 09:31:39,1471.45,651398
2021-06-16 09:31:40,1471.45,651614
2021-06-16 09:31:41,1471.45,651714
2021-06-16 09:31:42,1471.35,651865
2021-06-16 09:31:43,1471.8,652944
2021-06-16 09:31:44,1471.5,653194
2021-06-16 09:31:45,1471.85,653254
2021-06-16 09:31:46,1472.4,653468
2021-06-16 09:31:47,1472.4,653468
2021-06-16 09:31:48,1472.45,653481
2021-06-16 09:31:49,1472.6,653977
2021-06-16 09:31:50,1472.6,653987
2021-06-16 09:31:52,1472.1,654075
2021-06-16 09:31:53,1472.1,654327
2021-06-16 09:31:53,1472.1,654327
2021-06-16 09:31:54,1472.3,654377
2021-06-16 09:31:55,1472.65,654641
2021-06-16 09:31:56,1472.65,654643
2021-06-16 09:31:57,1472.1,654692
2021-06-16 09:31:58,1472.1,654767
2021-06-16 09:31:59,1472.65,654775
2021-06-16 09:32:01,1472.55,654800
2021-06-16 09:32:02,1472.2,654864
2021-06-16 09:32:03,1472.2,654864
2021-06-16 09:32:04,1472.2,654886
2021-06-16 09:32:05,1472.2,654890
2021-06-16 09:32:05,1472.2,654890
2021-06-16 09:32:06,1472.55,654894
2021-06-16 09:32:07,1472.3,655515
2021-06-16 09:32:08,1472.55,656204
2021-06-16 09:32:10,1472.55,656204
2021-06-16 09:32:12,1472.2,656261
2021-06-16 09:32:12,1472.2,656261
2021-06-16 09:32:13,1472.2,656262
2021-06-16 09:32:14,1472.2,656262
2021-06-16 09:32:15,1472.0,656530
2021-06-16 09:32:17,1472.1,656533
2021-06-16 09:32:19,1472.1,656865
2021-06-16 09:32:19,1472.1,656866
2021-06-16 09:32:21,1472.0,657636
2021-06-16 09:32:22,1472.2,657656
2021-06-16 09:32:25,1472.1,657707
2021-06-16 09:32:26,1472.1,657737
2021-06-16 09:32:27,1472.0,658264
2021-06-16 09:32:27,1472.0,658264
2021-06-16 09:32:28,1472.05,658838
2021-06-16 09:32:29,1472.0,658939
2021-06-16 09:32:30,1471.5,659031
2021-06-16 09:32:31,1471.5,659031
2021-06-16 09:32:32,1471.45,659062
2021-06-16 09:32:33,1471.45,659364
2021-06-16 09:32:34,1471.5,659396
2021-06-16 09:32:35,1471.45,659421
2021-06-16 09:32:36,1471.45,659451
2021-06-16 09:32:37,1471.45,659451
2021-06-16 09:32:39,1471.45,659560
2021-06-16 09:32:40,1471.45,659591
2021-06-16 09:32:40,1471.45,659591
2021-06-16 09:32:42,1472.0,659909
2021-06-16 09:32:43,1472.3,660184
2021-06-16 09:32:44,1471.8,660211
2021-06-16 09:32:46,1472.25,660278
2021-06-16 09:32:47,1471.5,660419
2021-06-16 09:32:47,1471.5,660419
2021-06-16 09:32:48,1471.65,661418
2021-06-16 09:32:49,1471.55,661429
2021-06-16 09:32:50,1471.65,661526
2021-06-16 09:32:52,1471.5,662244
2021-06-16 09:32:53,1471.5,662244
2021-06-16 09:32:55,1471.5,662306
2021-06-16 09:32:57,1471.5,662366
2021-06-16 09:32:58,1471.65,663391
2021-06-16 09:32:59,1471.65,663442
2021-06-16 09:33:00,1471.95,663596
2021-06-16 09:33:01,1471.8,663599
2021-06-16 09:33:02,1471.7,663665
2021-06-16 09:33:03,1471.75,663924
2021-06-16 09:33:04,1471.75,664016
2021-06-16 09:33:06,1471.75,664039
2021-06-16 09:33:07,1471.75,664741
2021-06-16 09:33:08,1471.7,665171
2021-06-16 09:33:09,1472.0,665285
2021-06-16 09:33:10,1472.0,665405
2021-06-16 09:33:10,1472.0,665405
2021-06-16 09:33:11,1472.0,665460
2021-06-16 09:33:12,1471.75,665998
2021-06-16 09:33:13,1471.75,666023
2021-06-16 09:33:15,1471.75,666228
2021-06-16 09:33:16,1471.85,666243
2021-06-16 09:33:16,1471.85,666243
2021-06-16 09:33:17,1471.75,666255
2021-06-16 09:33:18,1471.75,666267
2021-06-16 09:33:19,1471.75,666280
2021-06-16 09:33:20,1471.75,666316
2021-06-16 09:33:22,1471.75,666368
2021-06-16 09:33:23,1471.75,666376
2021-06-16 09:33:23,1471.75,666376
2021-06-16 09:33:25,1472.0,667607
2021-06-16 09:33:26,1472.0,667637
2021-06-16 09:33:28,1471.85,667683
2021-06-16 09:33:29,1471.85,667708
2021-06-16 09:33:29,1471.85,667708
2021-06-16 09:33:30,1471.8,667830
2021-06-16 09:33:32,1471.85,668064
2021-06-16 09:33:33,1471.85,668128
2021-06-16 09:33:34,1471.75,668156
2021-06-16 09:33:35,1471.75,668161
2021-06-16 09:33:36,1472.0,668322
2021-06-16 09:33:36,1472.0,668322
2021-06-16 09:33:37,1471.85,668345
2021-06-16 09:33:39,1471.85,668345
2021-06-16 09:33:40,1471.9,668358
2021-06-16 09:33:41,1471.95,668368
2021-06-16 09:33:42,1471.95,668374
2021-06-16 09:33:42,1471.95,668374
2021-06-16 09:33:44,1471.85,671385
2021-06-16 09:33:46,1471.7,671421
2021-06-16 09:33:47,1471.6,671424
2021-06-16 09:33:48,1471.55,671805
2021-06-16 09:33:49,1471.6,671829
2021-06-16 09:33:50,1471.65,671875
2021-06-16 09:33:52,1471.8,672246
2021-06-16 09:33:53,1471.8,672246
2021-06-16 09:33:54,1471.2,673687
2021-06-16 09:33:55,1471.1,674101
2021-06-16 09:33:56,1471.05,680326
2021-06-16 09:33:57,1470.95,681042
2021-06-16 09:33:58,1470.85,681063
2021-06-16 09:34:00,1470.85,681169
2021-06-16 09:34:01,1470.8,681347
2021-06-16 09:34:02,1470.8,682977
2021-06-16 09:34:03,1470.5,683024
2021-06-16 09:34:04,1470.5,683378
2021-06-16 09:34:05,1470.5,683388
2021-06-16 09:34:06,1470.5,683663
2021-06-16 09:34:07,1470.5,683709
2021-06-16 09:34:08,1470.5,683712
2021-06-16 09:34:09,1470.5,683910
2021-06-16 09:34:10,1470.5,683910
2021-06-16 09:34:11,1470.65,684065
2021-06-16 09:34:12,1470.45,684175
2021-06-16 09:34:13,1471.0,684381
2021-06-16 09:34:14,1471.2,684425
2021-06-16 09:34:15,1471.2,684425
2021-06-16 09:34:16,1470.7,684438
2021-06-16 09:34:17,1471.0,684609
2021-06-16 09:34:18,1471.0,684825
2021-06-16 09:34:19,1471.0,684825
2021-06-16 09:34:20,1471.05,684862
2021-06-16 09:34:21,1471.0,684957
2021-06-16 09:34:22,1470.7,685285
2021-06-16 09:34:23,1470.65,685337
2021-06-16 09:34:24,1470.65,685337
2021-06-16 09:34:25,1470.65,685517
2021-06-16 09:34:26,1471.0,685575
2021-06-16 09:34:27,1471.0,685615
2021-06-16 09:34:27,1470.7,685640
2021-06-16 09:34:28,1470.95,685670
2021-06-16 09:34:29,1471.0,686192
2021-06-16 09:34:30,1471.0,686192
2021-06-16 09:34:31,1470.9,686361
2021-06-16 09:34:32,1471.0,686386
2021-06-16 09:34:34,1470.95,686423
2021-06-16 09:34:35,1471.0,686439
2021-06-16 09:34:36,1471.0,686551
2021-06-16 09:34:37,1470.95,686639
2021-06-16 09:34:39,1471.0,686661
2021-06-16 09:34:40,1470.95,686779
2021-06-16 09:34:41,1471.0,686823
2021-06-16 09:34:42,1470.95,686883
2021-06-16 09:34:43,1470.95,686904
2021-06-16 09:34:44,1470.95,687042
2021-06-16 09:34:45,1470.95,687090
2021-06-16 09:34:46,1470.95,687125
2021-06-16 09:34:47,1470.95,687353
2021-06-16 09:34:48,1470.95,687368
2021-06-16 09:34:49,1471.0,687694
2021-06-16 09:34:49,1471.0,687707
2021-06-16 09:34:50,1471.0,687775
2021-06-16 09:34:52,1471.0,688577
2021-06-16 09:34:53,1471.0,688602
2021-06-16 09:34:54,1471.15,689026
2021-06-16 09:34:55,1471.0,689300
2021-06-16 09:34:57,1471.0,689352
2021-06-16 09:34:59,1471.0,689458
2021-06-16 09:35:00,1471.0,689502
2021-06-16 09:35:01,1471.0,689562
2021-06-16 09:35:03,1471.0,689759
2021-06-16 09:35:04,1471.0,689790
2021-06-16 09:35:05,1471.0,689828
2021-06-16 09:35:06,1471.05,690062
2021-06-16 09:35:07,1471.0,690095
2021-06-16 09:35:08,1471.5,690506
2021-06-16 09:35:09,1471.7,690547
2021-06-16 09:35:10,1471.7,690547
2021-06-16 09:35:11,1471.65,690748
2021-06-16 09:35:12,1471.5,690840
2021-06-16 09:35:13,1471.7,690851
2021-06-16 09:35:14,1471.55,690988
2021-06-16 09:35:16,1471.6,691154
2021-06-16 09:35:18,1472.0,692164
2021-06-16 09:35:19,1472.0,692430
2021-06-16 09:35:19,1472.0,692430
2021-06-16 09:35:20,1472.0,692472
2021-06-16 09:35:21,1471.7,692478
2021-06-16 09:35:22,1472.0,692511
2021-06-16 09:35:23,1471.85,692612
2021-06-16 09:35:24,1471.85,692614
2021-06-16 09:35:25,1471.7,692742
2021-06-16 09:35:26,1471.7,692744
2021-06-16 09:35:27,1471.7,692748
2021-06-16 09:35:28,1471.75,692782
2021-06-16 09:35:29,1471.7,692806
2021-06-16 09:35:30,1471.95,693137
2021-06-16 09:35:31,1471.7,693201
2021-06-16 09:35:32,1471.7,693201
2021-06-16 09:35:33,1471.7,693377
2021-06-16 09:35:34,1471.75,693550
2021-06-16 09:35:35,1471.7,693610
2021-06-16 09:35:36,1471.75,693734
2021-06-16 09:35:37,1471.75,693746
2021-06-16 09:35:38,1471.75,693858
2021-06-16 09:35:39,1471.8,693888
2021-06-16 09:35:41,1472.0,693923
2021-06-16 09:35:41,1472.0,693925
2021-06-16 09:35:42,1472.0,693932
2021-06-16 09:35:45,1471.85,694026
2021-06-16 09:35:46,1471.9,694060
2021-06-16 09:35:47,1471.95,694223
2021-06-16 09:35:48,1471.95,694224
2021-06-16 09:35:49,1471.95,694250
2021-06-16 09:35:50,1471.9,694606
2021-06-16 09:35:51,1471.9,694628
2021-06-16 09:35:52,1471.95,694685
2021-06-16 09:35:53,1471.95,694789
2021-06-16 09:35:54,1471.9,694793
2021-06-16 09:35:55,1471.9,694808
2021-06-16 09:35:56,1471.95,695357
2021-06-16 09:35:58,1471.95,695426
2021-06-16 09:35:58,1471.95,695426
2021-06-16 09:36:00,1471.9,695538
2021-06-16 09:36:01,1471.95,695666
2021-06-16 09:36:03,1471.9,695679
2021-06-16 09:36:04,1471.9,695745
2021-06-16 09:36:05,1471.9,696059
2021-06-16 09:36:06,1471.95,696169
2021-06-16 09:36:06,1471.95,696169
2021-06-16 09:36:07,1471.95,696262
2021-06-16 09:36:09,1471.95,696279
2021-06-16 09:36:10,1471.9,696293
2021-06-16 09:36:11,1471.95,696315
2021-06-16 09:36:12,1472.0,696754
2021-06-16 09:36:13,1472.0,696777
2021-06-16 09:36:14,1472.0,696814
2021-06-16 09:36:15,1472.0,696814
2021-06-16 09:36:16,1471.9,696941
2021-06-16 09:36:17,1472.0,696965
2021-06-16 09:36:17,1472.0,696965
2021-06-16 09:36:18,1471.95,696966
2021-06-16 09:36:20,1471.9,696971
2021-06-16 09:36:21,1471.95,696995
2021-06-16 09:36:22,1471.95,697038
2021-06-16 09:36:23,1471.9,697064
2021-06-16 09:36:25,1472.0,697407
2021-06-16 09:36:26,1471.95,697428
2021-06-16 09:36:27,1471.95,697466
2021-06-16 09:36:28,1472.0,698124
2021-06-16 09:36:29,1472.0,698141
2021-06-16 09:36:30,1472.0,698206
2021-06-16 09:36:31,1471.95,698247
2021-06-16 09:36:31,1472.0,698237
2021-06-16 09:36:32,1472.0,698253
2021-06-16 09:36:34,1471.95,698500
2021-06-16 09:36:36,1472.0,699473
2021-06-16 09:36:37,1472.0,699481
2021-06-16 09:36:38,1471.95,699534
2021-06-16 09:36:39,1471.95,699959
2021-06-16 09:36:40,1471.95,699972
2021-06-16 09:36:41,1472.0,699995
2021-06-16 09:36:42,1471.95,700281
2021-06-16 09:36:44,1472.0,703315
2021-06-16 09:36:45,1471.95,703924
2021-06-16 09:36:46,1472.0,704088
2021-06-16 09:36:48,1472.1,705970
2021-06-16 09:36:49,1471.95,707180
2021-06-16 09:36:50,1472.0,707780
2021-06-16 09:36:51,1472.0,707872
2021-06-16 09:36:52,1471.95,708005
2021-06-16 09:36:53,1472.0,708028
2021-06-16 09:36:54,1472.0,708341
2021-06-16 09:36:55,1472.0,708383
2021-06-16 09:36:56,1471.95,708433
2021-06-16 09:36:57,1472.0,708616
2021-06-16 09:36:58,1471.95,708667
2021-06-16 09:36:59,1472.0,708726
2021-06-16 09:36:59,1471.95,708761
2021-06-16 09:37:02,1471.95,708909
2021-06-16 09:37:03,1472.0,709076
2021-06-16 09:37:04,1472.0,709102
2021-06-16 09:37:05,1472.0,709175
2021-06-16 09:37:06,1471.95,709176
2021-06-16 09:37:07,1472.15,710979
2021-06-16 09:37:08,1472.5,710992
2021-06-16 09:37:09,1472.5,711276
2021-06-16 09:37:10,1472.7,711309
2021-06-16 09:37:11,1472.45,711855
2021-06-16 09:37:12,1472.45,711869
2021-06-16 09:37:13,1472.55,711950
2021-06-16 09:37:15,1472.95,711975
2021-06-16 09:37:16,1472.95,711989
2021-06-16 09:37:17,1472.6,712494
2021-06-16 09:37:18,1472.6,712508
2021-06-16 09:37:19,1472.65,712558
2021-06-16 09:37:20,1472.65,712581
2021-06-16 09:37:21,1472.65,712678
2021-06-16 09:37:22,1472.6,712774
2021-06-16 09:37:23,1472.6,712809
2021-06-16 09:37:24,1472.65,712930
2021-06-16 09:37:25,1472.6,712933
2021-06-16 09:37:26,1472.65,713000
2021-06-16 09:37:27,1472.65,713043
2021-06-16 09:37:28,1472.6,713196
2021-06-16 09:37:29,1472.6,713211
2021-06-16 09:37:31,1472.65,713247
2021-06-16 09:37:30,1472.6,713219
2021-06-16 09:37:32,1472.65,713310
2021-06-16 09:37:33,1472.7,713422
2021-06-16 09:37:34,1472.6,713491
2021-06-16 09:37:35,1472.75,713506
2021-06-16 09:37:36,1472.6,713818
2021-06-16 09:37:36,1472.7,713822
2021-06-16 09:37:38,1472.7,713838
2021-06-16 09:37:39,1472.75,714122
2021-06-16 09:37:40,1473.3,714132
2021-06-16 09:37:41,1473.3,714155
2021-06-16 09:37:42,1472.75,714231
2021-06-16 09:37:43,1472.85,714245
2021-06-16 09:37:44,1472.85,714276
2021-06-16 09:37:44,1472.8,714331
2021-06-16 09:37:45,1472.8,714362
2021-06-16 09:37:47,1473.2,714558
2021-06-16 09:37:48,1473.2,714558
2021-06-16 09:37:49,1473.3,714572
2021-06-16 09:37:50,1473.0,714695
2021-06-16 09:37:51,1473.25,714705
2021-06-16 09:37:52,1473.05,714730
2021-06-16 09:37:53,1473.15,714732
2021-06-16 09:37:54,1473.15,714993
2021-06-16 09:37:55,1473.15,715005
2021-06-16 09:37:57,1473.1,715641
2021-06-16 09:37:56,1473.1,715435
2021-06-16 09:37:58,1473.1,715705
2021-06-16 09:37:59,1473.1,716459
2021-06-16 09:38:00,1473.1,716969
2021-06-16 09:38:01,1473.1,717100
2021-06-16 09:38:02,1473.15,717140
2021-06-16 09:38:03,1473.1,717166
2021-06-16 09:38:04,1473.3,718130
2021-06-16 09:38:05,1473.1,718190
2021-06-16 09:38:06,1473.15,718246
2021-06-16 09:38:07,1473.3,718676
2021-06-16 09:38:08,1473.3,718741
2021-06-16 09:38:09,1473.2,718798
2021-06-16 09:38:10,1473.25,718836
2021-06-16 09:38:11,1473.2,718849
2021-06-16 09:38:14,1473.3,719215
2021-06-16 09:38:15,1473.25,719219
2021-06-16 09:38:16,1473.25,719219
2021-06-16 09:38:17,1473.4,719231
2021-06-16 09:38:18,1473.4,719234
2021-06-16 09:38:19,1473.3,719239
2021-06-16 09:38:20,1473.3,719320
2021-06-16 09:38:21,1473.4,719324
2021-06-16 09:38:22,1473.4,719353
2021-06-16 09:38:23,1473.4,719369
2021-06-16 09:38:24,1473.3,719456
2021-06-16 09:38:25,1473.4,719477
2021-06-16 09:38:26,1473.4,719746
2021-06-16 09:38:27,1473.4,719746
2021-06-16 09:38:28,1473.35,719872
2021-06-16 09:38:29,1473.4,719897
2021-06-16 09:38:30,1473.4,719980
2021-06-16 09:38:31,1473.4,719999
2021-06-16 09:38:33,1473.4,720033
2021-06-16 09:38:34,1473.35,720134
2021-06-16 09:38:35,1473.35,720459
2021-06-16 09:38:36,1473.4,720564
2021-06-16 09:38:37,1473.6,720598
2021-06-16 09:38:38,1473.6,720613
2021-06-16 09:38:39,1473.5,720623
2021-06-16 09:38:40,1473.55,720648
2021-06-16 09:38:41,1473.55,720671
2021-06-16 09:38:43,1473.6,720730
2021-06-16 09:38:44,1473.6,721102
2021-06-16 09:38:45,1473.6,721167
2021-06-16 09:38:46,1473.6,721178
2021-06-16 09:38:47,1473.5,721190
2021-06-16 09:38:48,1473.6,721198
2021-06-16 09:38:49,1473.55,721449
2021-06-16 09:38:50,1473.6,721561
2021-06-16 09:38:51,1473.6,721562
2021-06-16 09:38:52,1473.55,721635
2021-06-16 09:38:53,1473.6,721646
2021-06-16 09:38:54,1473.6,721675
2021-06-16 09:38:55,1473.55,721679
2021-06-16 09:38:57,1473.55,721815
2021-06-16 09:38:58,1473.6,721924
2021-06-16 09:38:59,1473.55,721941
2021-06-16 09:39:00,1473.6,722286
2021-06-16 09:39:01,1473.55,722292
2021-06-16 09:39:02,1473.55,722596
2021-06-16 09:39:03,1473.55,722652
2021-06-16 09:39:04,1473.6,722952
2021-06-16 09:39:05,1473.6,722986
2021-06-16 09:39:06,1473.65,723046
2021-06-16 09:39:07,1473.65,723133
2021-06-16 09:39:08,1473.7,723197
2021-06-16 09:39:09,1473.7,723259
2021-06-16 09:39:10,1473.7,723424
2021-06-16 09:39:11,1473.7,723491
2021-06-16 09:39:12,1473.7,723600
2021-06-16 09:39:13,1473.75,723601
2021-06-16 09:39:14,1473.7,723660
2021-06-16 09:39:15,1473.75,723691
2021-06-16 09:39:16,1473.75,723809
2021-06-16 09:39:17,1473.7,723975
2021-06-16 09:39:18,1473.75,723993
2021-06-16 09:39:19,1473.7,724041
2021-06-16 09:39:20,1473.75,724125
2021-06-16 09:39:21,1473.75,724288
2021-06-16 09:39:22,1473.75,724421
2021-06-16 09:39:23,1473.75,724427
2021-06-16 09:39:24,1473.75,724443
2021-06-16 09:39:26,1473.7,724534
2021-06-16 09:39:27,1473.75,732732
2021-06-16 09:39:28,1473.7,732841
2021-06-16 09:39:29,1473.7,732841
2021-06-16 09:39:31,1473.75,732886
2021-06-16 09:39:33,1473.7,733710
2021-06-16 09:39:34,1473.75,733776
2021-06-16 09:39:35,1473.7,733836
2021-06-16 09:39:36,1473.75,733848
2021-06-16 09:39:37,1474.0,734449
2021-06-16 09:39:38,1473.85,734451
2021-06-16 09:39:39,1473.75,734456
2021-06-16 09:39:40,1474.0,734597
2021-06-16 09:39:41,1474.0,734607
2021-06-16 09:39:42,1473.75,734685
2021-06-16 09:39:43,1474.0,734704
2021-06-16 09:39:44,1473.8,734705
2021-06-16 09:39:45,1474.0,734710
2021-06-16 09:39:46,1474.0,734710
2021-06-16 09:39:47,1473.9,734721
2021-06-16 09:39:48,1473.8,734749
2021-06-16 09:39:49,1473.8,734992
2021-06-16 09:39:50,1473.9,735104
2021-06-16 09:39:51,1473.9,735104
2021-06-16 09:39:52,1473.9,735135
2021-06-16 09:39:53,1473.9,735216
2021-06-16 09:39:54,1473.95,735346
2021-06-16 09:39:55,1473.95,735360
2021-06-16 09:39:56,1473.95,735380
2021-06-16 09:39:57,1473.95,735390
2021-06-16 09:39:58,1474.0,735792
2021-06-16 09:40:00,1473.9,736075
2021-06-16 09:40:02,1473.95,736097
2021-06-16 09:40:02,1473.9,736107
2021-06-16 09:40:03,1473.9,736213
2021-06-16 09:40:04,1473.9,736261
2021-06-16 09:40:05,1473.9,737959
2021-06-16 09:40:07,1473.9,738468
2021-06-16 09:40:08,1473.9,738608
2021-06-16 09:40:09,1473.6,739718
2021-06-16 09:40:10,1473.6,739831
2021-06-16 09:40:12,1473.6,740223
2021-06-16 09:40:12,1473.55,740233
2021-06-16 09:40:14,1473.55,740349
2021-06-16 09:40:15,1473.55,740358
2021-06-16 09:40:15,1473.6,740363
2021-06-16 09:40:16,1473.5,740485
2021-06-16 09:40:17,1473.6,740583
2021-06-16 09:40:18,1473.55,740594
2021-06-16 09:40:19,1473.55,740606
2021-06-16 09:40:20,1473.4,740801
2021-06-16 09:40:21,1473.2,740902
2021-06-16 09:40:22,1473.3,740987
2021-06-16 09:40:23,1473.4,741010
2021-06-16 09:40:24,1473.0,741013
2021-06-16 09:40:26,1473.15,741465
2021-06-16 09:40:26,1473.0,741233
2021-06-16 09:40:28,1473.15,741566
2021-06-16 09:40:28,1473.15,741566
2021-06-16 09:40:29,1473.0,741771
2021-06-16 09:40:30,1473.0,741771
2021-06-16 09:40:31,1473.05,742086
2021-06-16 09:40:32,1473.35,742122
2021-06-16 09:40:33,1473.2,742137
2021-06-16 09:40:34,1473.2,742137
2021-06-16 09:40:38,1473.1,742597
2021-06-16 09:40:39,1473.4,742849
2021-06-16 09:40:40,1473.4,742871
2021-06-16 09:40:42,1473.4,743296
2021-06-16 09:40:43,1473.05,743651
2021-06-16 09:40:44,1473.15,743665
2021-06-16 09:40:45,1473.15,743676
2021-06-16 09:40:46,1473.2,743715
2021-06-16 09:40:47,1473.2,743830
2021-06-16 09:40:48,1473.2,743853
2021-06-16 09:40:49,1473.15,744020
2021-06-16 09:40:50,1473.2,744048
2021-06-16 09:40:51,1473.2,744133
2021-06-16 09:40:52,1473.2,744210
2021-06-16 09:40:53,1473.15,744288
2021-06-16 09:40:54,1473.15,744400
2021-06-16 09:40:55,1473.2,744420
2021-06-16 09:40:57,1473.05,745186
2021-06-16 09:40:57,1473.1,745206
2021-06-16 09:40:58,1473.05,745222
2021-06-16 09:40:59,1473.05,745398
2021-06-16 09:41:00,1473.1,745427
2021-06-16 09:41:01,1473.05,745436
2021-06-16 09:41:02,1473.05,745470
2021-06-16 09:41:03,1473.1,745728
2021-06-16 09:41:05,1473.1,745762
2021-06-16 09:41:07,1473.05,745891
2021-06-16 09:41:07,1473.0,746787
2021-06-16 09:41:08,1473.0,746787
2021-06-16 09:41:09,1472.6,747088
2021-06-16 09:41:10,1472.6,747088
2021-06-16 09:41:11,1472.75,747094
2021-06-16 09:41:12,1472.75,747094
2021-06-16 09:41:13,1472.65,747170
2021-06-16 09:41:14,1472.65,747182
2021-06-16 09:41:15,1472.65,747188
2021-06-16 09:41:16,1472.65,747278
2021-06-16 09:41:18,1472.65,747324
2021-06-16 09:41:19,1472.6,747359
2021-06-16 09:41:20,1472.65,747385
2021-06-16 09:41:21,1472.65,747423
2021-06-16 09:41:22,1472.6,747483
2021-06-16 09:41:23,1472.65,747535
2021-06-16 09:41:24,1472.6,747538
2021-06-16 09:41:25,1472.6,747642
2021-06-16 09:41:26,1472.6,747659
2021-06-16 09:41:27,1472.6,747840
2021-06-16 09:41:28,1472.6,747947
2021-06-16 09:41:29,1472.6,747947
2021-06-16 09:41:30,1472.6,748046
2021-06-16 09:41:31,1472.6,748046
2021-06-16 09:41:32,1472.55,748070
2021-06-16 09:41:33,1472.6,748341
2021-06-16 09:41:34,1472.55,748494
2021-06-16 09:41:35,1472.0,748555
2021-06-16 09:41:36,1472.05,748559
2021-06-16 09:41:37,1472.45,748561
2021-06-16 09:41:39,1472.25,748760
2021-06-16 09:41:39,1472.25,748760
2021-06-16 09:41:40,1472.25,748791
2021-06-16 09:41:41,1472.45,749401
2021-06-16 09:41:42,1472.1,749429
2021-06-16 09:41:44,1472.1,749604
2021-06-16 09:41:44,1472.1,749604
2021-06-16 09:41:45,1472.45,749664
2021-06-16 09:41:46,1472.45,749694
2021-06-16 09:41:48,1472.1,749915
2021-06-16 09:41:49,1472.2,749925
2021-06-16 09:41:50,1472.2,750159
2021-06-16 09:41:51,1472.3,750179
2021-06-16 09:41:52,1472.2,750189
2021-06-16 09:41:53,1472.25,750221
2021-06-16 09:41:58,1472.3,750734
2021-06-16 09:41:59,1472.25,750745
2021-06-16 09:42:00,1472.3,750803
2021-06-16 09:42:01,1472.3,750857
2021-06-16 09:42:02,1472.3,750857
2021-06-16 09:42:04,1472.3,751047
2021-06-16 09:42:05,1472.25,751151
2021-06-16 09:42:05,1472.25,751151
2021-06-16 09:42:06,1472.25,751161
2021-06-16 09:42:07,1472.2,751636
2021-06-16 09:42:08,1472.2,752010
2021-06-16 09:42:09,1472.15,752292
2021-06-16 09:42:10,1472.15,752982
2021-06-16 09:42:11,1472.1,753105
2021-06-16 09:42:12,1472.05,753223
2021-06-16 09:42:14,1472.0,753534
2021-06-16 09:42:15,1471.8,753909
2021-06-16 09:42:15,1471.8,753909
2021-06-16 09:42:16,1471.5,754335
2021-06-16 09:42:18,1471.45,754337
2021-06-16 09:42:19,1471.05,755193
2021-06-16 09:42:19,1471.45,755198
2021-06-16 09:42:20,1471.25,755224
2021-06-16 09:42:21,1471.1,755324
2021-06-16 09:42:22,1471.15,755923
2021-06-16 09:42:23,1471.5,756078
2021-06-16 09:42:25,1471.5,756147
2021-06-16 09:42:26,1471.45,756582
2021-06-16 09:42:27,1471.9,756621
2021-06-16 09:42:27,1471.35,756624
2021-06-16 09:42:30,1471.6,756691
2021-06-16 09:42:30,1471.7,756765
2021-06-16 09:42:32,1471.7,756770
2021-06-16 09:42:34,1471.2,757787
2021-06-16 09:42:35,1471.2,757821
2021-06-16 09:42:36,1471.55,758074
2021-06-16 09:42:36,1471.6,758075
2021-06-16 09:42:37,1471.6,758096
2021-06-16 09:42:39,1471.45,758106
2021-06-16 09:42:40,1471.35,758303
2021-06-16 09:42:40,1471.35,758340
2021-06-16 09:42:43,1471.1,758764
2021-06-16 09:42:44,1471.15,759182
2021-06-16 09:42:45,1471.15,759322
2021-06-16 09:42:47,1471.35,759422
2021-06-16 09:42:47,1471.7,759573
2021-06-16 09:42:48,1471.5,759575
2021-06-16 09:42:49,1471.5,759575
2021-06-16 09:42:50,1471.4,760223
2021-06-16 09:42:51,1471.15,761065
2021-06-16 09:42:53,1471.15,761118
2021-06-16 09:42:53,1471.35,761236
2021-06-16 09:42:54,1471.15,761287
2021-06-16 09:42:55,1471.25,761316
2021-06-16 09:42:56,1471.15,761371
2021-06-16 09:42:57,1471.15,761380
2021-06-16 09:42:58,1471.15,761501
2021-06-16 09:42:59,1471.15,761548
2021-06-16 09:43:01,1471.15,761628
2021-06-16 09:43:02,1471.15,761686
2021-06-16 09:43:03,1471.15,761730
2021-06-16 09:43:04,1471.15,761807
2021-06-16 09:43:04,1471.15,761807
2021-06-16 09:43:05,1471.2,761937
2021-06-16 09:43:06,1471.15,761941
2021-06-16 09:43:07,1471.15,762063
2021-06-16 09:43:08,1471.15,762063
2021-06-16 09:43:09,1471.2,763667
2021-06-16 09:43:10,1471.15,763746
2021-06-16 09:43:11,1471.15,763781
2021-06-16 09:43:12,1471.1,763911
2021-06-16 09:43:14,1471.05,763955
2021-06-16 09:43:15,1471.05,764079
2021-06-16 09:43:16,1471.05,764470
2021-06-16 09:43:16,1471.05,764470
2021-06-16 09:43:17,1471.15,764490
2021-06-16 09:43:18,1471.05,764569
2021-06-16 09:43:19,1471.05,764579
2021-06-16 09:43:20,1471.05,764622
2021-06-16 09:43:21,1471.0,764628
2021-06-16 09:43:22,1470.95,768188
2021-06-16 09:43:23,1470.9,768241
2021-06-16 09:43:24,1470.9,768250
2021-06-16 09:43:25,1470.5,768351
2021-06-16 09:43:26,1470.7,768402
2021-06-16 09:43:27,1470.6,768449
2021-06-16 09:43:28,1470.5,768480
2021-06-16 09:43:30,1470.5,768521
2021-06-16 09:43:30,1470.5,768600
2021-06-16 09:43:31,1470.5,768636
2021-06-16 09:43:32,1470.5,768765
2021-06-16 09:43:33,1470.5,768900
2021-06-16 09:43:34,1470.5,769170
2021-06-16 09:43:35,1470.5,769172
2021-06-16 09:43:36,1470.55,769235
2021-06-16 09:43:37,1470.5,769339
2021-06-16 09:43:39,1470.55,769373
2021-06-16 09:43:40,1470.55,769542
2021-06-16 09:43:41,1470.5,769543
2021-06-16 09:43:41,1470.95,769560
2021-06-16 09:43:43,1470.95,769827
2021-06-16 09:43:44,1470.6,769934
2021-06-16 09:43:45,1470.65,770016
2021-06-16 09:43:45,1470.65,770016
2021-06-16 09:43:46,1470.6,770029
2021-06-16 09:43:49,1470.6,770381
2021-06-16 09:43:50,1470.55,770425
2021-06-16 09:43:50,1470.6,771045
2021-06-16 09:43:52,1470.6,771109
2021-06-16 09:43:53,1470.6,771166
2021-06-16 09:43:54,1470.6,771182
2021-06-16 09:43:55,1470.6,771248
2021-06-16 09:43:55,1470.55,772088
2021-06-16 09:43:57,1470.65,772089
2021-06-16 09:43:57,1470.6,772512
2021-06-16 09:43:58,1471.0,772633
2021-06-16 09:43:59,1470.65,772658
2021-06-16 09:44:00,1470.65,772691
2021-06-16 09:44:01,1470.75,772731
2021-06-16 09:44:02,1470.7,772756
2021-06-16 09:44:03,1470.7,772768
2021-06-16 09:44:04,1470.75,772773
2021-06-16 09:44:05,1470.75,772830
2021-06-16 09:44:06,1470.75,772839
2021-06-16 09:44:07,1470.7,772961
2021-06-16 09:44:08,1470.7,773041
2021-06-16 09:44:09,1470.7,773077
2021-06-16 09:44:10,1470.75,773186
2021-06-16 09:44:12,1470.75,773213
2021-06-16 09:44:13,1470.7,773232
2021-06-16 09:44:14,1470.7,773594
2021-06-16 09:44:15,1471.0,773643
2021-06-16 09:44:15,1471.75,776818
2021-06-16 09:44:16,1471.7,777067
2021-06-16 09:44:18,1472.45,777579
2021-06-16 09:44:19,1472.45,777579
2021-06-16 09:44:20,1472.2,777584
2021-06-16 09:44:21,1472.2,777697
2021-06-16 09:44:22,1472.2,777747
2021-06-16 09:44:22,1472.2,777756
2021-06-16 09:44:23,1472.2,777837
2021-06-16 09:44:24,1472.3,777847
2021-06-16 09:44:25,1472.25,777874
2021-06-16 09:44:26,1472.3,777909
2021-06-16 09:44:30,1472.45,778712
2021-06-16 09:44:31,1472.3,779233
2021-06-16 09:44:32,1472.3,779243
2021-06-16 09:44:33,1472.3,779555
2021-06-16 09:44:33,1472.3,779555
2021-06-16 09:44:34,1472.35,779748
2021-06-16 09:44:35,1472.35,779788
2021-06-16 09:44:37,1472.35,779923
2021-06-16 09:44:38,1472.35,779931
2021-06-16 09:44:39,1472.35,779946
2021-06-16 09:44:40,1472.4,779958
2021-06-16 09:44:41,1472.4,779993
2021-06-16 09:44:42,1472.4,780924
2021-06-16 09:44:44,1472.4,780942
2021-06-16 09:44:45,1472.8,780974
2021-06-16 09:44:46,1472.65,781076
2021-06-16 09:44:46,1472.65,781076
2021-06-16 09:44:47,1472.65,781144
2021-06-16 09:44:48,1472.65,782283
2021-06-16 09:44:49,1472.7,782811
2021-06-16 09:44:52,1472.65,783151
2021-06-16 09:44:53,1472.3,783325
2021-06-16 09:44:53,1472.3,783325
2021-06-16 09:44:54,1472.35,783525
2021-06-16 09:44:55,1472.3,783526
2021-06-16 09:44:57,1472.3,783633
2021-06-16 09:44:58,1472.7,783659
2021-06-16 09:44:59,1472.7,783659
2021-06-16 09:44:59,1472.7,783659
2021-06-16 09:45:00,1472.4,783794
2021-06-16 09:45:01,1472.7,783914
2021-06-16 09:45:02,1472.45,783916
2021-06-16 09:45:04,1472.7,784189
2021-06-16 09:45:05,1472.4,784299
2021-06-16 09:45:06,1472.55,784996
2021-06-16 09:45:07,1472.7,787089
2021-06-16 09:45:07,1472.7,787089
2021-06-16 09:45:08,1472.4,787316
2021-06-16 09:45:09,1472.45,788654
2021-06-16 09:45:11,1472.9,788655
2021-06-16 09:45:12,1472.9,788665
2021-06-16 09:45:13,1472.55,788681
2021-06-16 09:45:13,1472.55,788681
2021-06-16 09:45:14,1473.0,788967
2021-06-16 09:45:15,1473.2,789007
2021-06-16 09:45:16,1473.45,789125
2021-06-16 09:45:18,1473.45,789149
2021-06-16 09:45:19,1473.45,789149
2021-06-16 09:45:20,1473.05,789174
2021-06-16 09:45:21,1473.15,789210
2021-06-16 09:45:21,1473.15,789212
2021-06-16 09:45:22,1473.15,789212
2021-06-16 09:45:24,1473.15,789425
2021-06-16 09:45:25,1473.45,789455
2021-06-16 09:45:27,1473.45,789572
2021-06-16 09:45:29,1473.2,789820
2021-06-16 09:45:29,1473.2,789820
2021-06-16 09:45:31,1473.2,789913
2021-06-16 09:45:33,1473.2,790131
2021-06-16 09:45:34,1473.2,790464
2021-06-16 09:45:35,1473.2,790522
2021-06-16 09:45:36,1473.2,790580
2021-06-16 09:45:38,1473.2,790817
2021-06-16 09:45:39,1473.2,791796
2021-06-16 09:45:40,1473.0,792518
2021-06-16 09:45:41,1473.0,792652
2021-06-16 09:45:43,1472.7,792726
2021-06-16 09:45:44,1472.95,792796
2021-06-16 09:45:45,1472.7,792948
2021-06-16 09:45:45,1472.95,793085
2021-06-16 09:45:46,1472.95,793111
2021-06-16 09:45:47,1472.95,793121
2021-06-16 09:45:49,1473.05,793775
2021-06-16 09:45:50,1472.55,794116
2021-06-16 09:45:51,1473.0,794167
2021-06-16 09:45:51,1473.0,794167
2021-06-16 09:45:53,1472.7,794184
2021-06-16 09:45:55,1472.7,794321
2021-06-16 09:45:56,1472.7,794365
2021-06-16 09:45:57,1472.7,794546
2021-06-16 09:45:57,1472.6,794621
2021-06-16 09:45:58,1472.6,794631
2021-06-16 09:45:59,1472.6,794649
2021-06-16 09:46:02,1472.7,794700
2021-06-16 09:46:03,1472.65,794763
2021-06-16 09:46:04,1472.65,795236
2021-06-16 09:46:04,1472.65,795236
2021-06-16 09:46:05,1472.65,795259
2021-06-16 09:46:06,1472.65,795259
2021-06-16 09:46:08,1472.95,796169
2021-06-16 09:46:09,1472.8,796289
2021-06-16 09:46:10,1472.1,796485
2021-06-16 09:46:10,1472.1,796485
2021-06-16 09:46:11,1472.3,796491
2021-06-16 09:46:12,1472.3,796491
2021-06-16 09:46:14,1472.35,796929
2021-06-16 09:46:15,1472.35,796980
2021-06-16 09:46:16,1472.9,797876
2021-06-16 09:46:16,1472.9,797876
2021-06-16 09:46:17,1472.9,797899
2021-06-16 09:46:18,1472.8,797916
2021-06-16 09:46:20,1472.85,797917
2021-06-16 09:46:22,1473.15,798086
2021-06-16 09:46:22,1473.15,798086
2021-06-16 09:46:23,1473.0,798588
2021-06-16 09:46:25,1473.05,798602
2021-06-16 09:46:26,1473.15,798647
2021-06-16 09:46:27,1472.85,798697
2021-06-16 09:46:28,1473.1,801004
2021-06-16 09:46:29,1472.9,801015
2021-06-16 09:46:29,1473.0,801021
2021-06-16 09:46:30,1473.0,801021
2021-06-16 09:46:32,1473.0,801052
2021-06-16 09:46:33,1472.9,801053
2021-06-16 09:46:34,1472.9,801054
2021-06-16 09:46:35,1472.9,801067
2021-06-16 09:46:36,1472.95,801095
2021-06-16 09:46:37,1472.9,801201
2021-06-16 09:46:37,1472.95,801202
2021-06-16 09:46:38,1472.95,801205
2021-06-16 09:46:40,1472.9,801210
2021-06-16 09:46:41,1472.95,801233
2021-06-16 09:46:42,1472.9,801242
2021-06-16 09:46:43,1472.95,801441
2021-06-16 09:46:43,1472.95,801441
2021-06-16 09:46:44,1473.0,801473
2021-06-16 09:46:46,1472.95,801773
2021-06-16 09:46:47,1472.95,801773
2021-06-16 09:46:50,1473.25,802908
2021-06-16 09:46:52,1473.45,803064
2021-06-16 09:46:52,1473.45,803064
2021-06-16 09:46:54,1473.45,803104
2021-06-16 09:46:55,1473.45,803152
2021-06-16 09:46:56,1473.45,803194
2021-06-16 09:46:57,1473.45,803228
2021-06-16 09:46:57,1473.45,803228
2021-06-16 09:46:59,1473.45,803228
2021-06-16 09:47:00,1473.2,803636
2021-06-16 09:47:01,1473.4,803722
2021-06-16 09:47:02,1473.2,803727
2021-06-16 09:47:03,1473.2,803977
2021-06-16 09:47:05,1473.2,804566
2021-06-16 09:47:06,1473.6,804670
2021-06-16 09:47:07,1473.6,804670
2021-06-16 09:47:08,1473.4,804982
2021-06-16 09:47:08,1473.2,805054
2021-06-16 09:47:09,1473.2,805565
2021-06-16 09:47:12,1473.2,807811
2021-06-16 09:47:13,1473.2,807839
2021-06-16 09:47:14,1473.2,807932
2021-06-16 09:47:14,1473.2,807932
2021-06-16 09:47:15,1473.0,808042
2021-06-16 09:47:17,1473.0,808056
2021-06-16 09:47:18,1473.0,808082
2021-06-16 09:47:19,1473.0,808085
2021-06-16 09:47:20,1473.0,808136
2021-06-16 09:47:20,1473.0,808136
2021-06-16 09:47:21,1473.0,808240
2021-06-16 09:47:23,1473.2,808547
2021-06-16 09:47:24,1473.2,808552
2021-06-16 09:47:25,1473.2,808579
2021-06-16 09:47:26,1472.95,808749
2021-06-16 09:47:27,1472.65,808750
2021-06-16 09:47:27,1472.65,808757
2021-06-16 09:47:29,1472.6,808812
2021-06-16 09:47:30,1472.6,808931
2021-06-16 09:47:31,1472.6,809229
2021-06-16 09:47:32,1472.7,809282
2021-06-16 09:47:32,1472.7,809282
2021-06-16 09:47:35,1472.5,809289
2021-06-16 09:47:36,1472.5,809316
2021-06-16 09:47:37,1472.5,809430
2021-06-16 09:47:38,1472.1,809475
2021-06-16 09:47:38,1472.1,809475
2021-06-16 09:47:40,1472.45,809505
2021-06-16 09:47:41,1472.5,809600
2021-06-16 09:47:42,1472.5,809600
2021-06-16 09:47:43,1472.45,809632
2021-06-16 09:47:44,1472.25,809965
2021-06-16 09:47:44,1472.3,810489
2021-06-16 09:47:45,1471.35,810707
2021-06-16 09:47:47,1471.35,811342
2021-06-16 09:47:48,1471.3,811562
2021-06-16 09:47:49,1471.9,811634
2021-06-16 09:47:50,1471.55,811702
2021-06-16 09:47:51,1471.35,811733
2021-06-16 09:47:52,1471.35,811733
2021-06-16 09:47:53,1471.35,811824
2021-06-16 09:47:53,1471.55,811829
2021-06-16 09:47:55,1471.55,811852
2021-06-16 09:47:56,1471.55,811897
2021-06-16 09:47:58,1471.35,812097
2021-06-16 09:47:59,1471.35,812134
2021-06-16 09:48:00,1471.95,812796
2021-06-16 09:48:00,1472.0,812801
2021-06-16 09:48:01,1472.45,813301
2021-06-16 09:48:03,1472.55,813360
2021-06-16 09:48:04,1472.55,813381
2021-06-16 09:48:05,1472.5,813404
2021-06-16 09:48:06,1472.5,813404
2021-06-16 09:48:07,1472.5,813450
2021-06-16 09:48:08,1472.3,813456
2021-06-16 09:48:08,1472.3,813456
2021-06-16 09:48:09,1471.7,813908
2021-06-16 09:48:11,1471.7,813910
2021-06-16 09:48:12,1471.7,813910
2021-06-16 09:48:13,1471.5,814000
2021-06-16 09:48:14,1471.5,814024
2021-06-16 09:48:15,1471.5,814105
2021-06-16 09:48:16,1471.65,814113
2021-06-16 09:48:16,1471.65,814113
2021-06-16 09:48:19,1471.65,814234
2021-06-16 09:48:19,1471.65,814249
2021-06-16 09:48:21,1471.65,814534
2021-06-16 09:48:22,1471.65,814534
2021-06-16 09:48:23,1472.0,814585
2021-06-16 09:48:24,1472.0,814585
2021-06-16 09:48:25,1472.0,814585
2021-06-16 09:48:25,1472.0,814585
2021-06-16 09:48:26,1472.0,814585
2021-06-16 09:48:28,1471.6,814700
2021-06-16 09:48:29,1471.6,815037
2021-06-16 09:48:30,1471.6,815134
2021-06-16 09:48:31,1471.6,815134
2021-06-16 09:48:32,1471.6,815187
2021-06-16 09:48:33,1471.6,815221
2021-06-16 09:48:34,1471.6,815221
2021-06-16 09:48:35,1471.75,815421
2021-06-16 09:48:36,1471.75,815421
2021-06-16 09:48:37,1471.75,815421
2021-06-16 09:48:38,1471.75,815424
2021-06-16 09:48:40,1471.65,815618
2021-06-16 09:48:39,1471.65,815568
2021-06-16 09:48:41,1471.75,815708
2021-06-16 09:48:42,1471.75,815977
2021-06-16 09:48:43,1471.75,815977
2021-06-16 09:48:44,1471.95,816114
2021-06-16 09:48:45,1471.7,816290
2021-06-16 09:48:46,1471.95,816505
2021-06-16 09:48:47,1471.7,816515
2021-06-16 09:48:48,1471.75,816695
2021-06-16 09:48:49,1471.75,816816
2021-06-16 09:48:50,1471.75,816816
2021-06-16 09:48:51,1471.8,816921
2021-06-16 09:48:52,1471.75,816933
2021-06-16 09:48:53,1471.95,817367
2021-06-16 09:48:54,1472.0,817474
2021-06-16 09:48:55,1471.7,817605
2021-06-16 09:48:56,1471.7,817605
2021-06-16 09:48:57,1472.3,817868
2021-06-16 09:48:58,1472.3,817868
2021-06-16 09:48:59,1472.45,817887
2021-06-16 09:49:01,1472.3,817925
2021-06-16 09:49:02,1472.3,817925
2021-06-16 09:49:03,1472.45,817930
2021-06-16 09:49:05,1472.3,818068
2021-06-16 09:49:04,1472.3,818068
2021-06-16 09:49:06,1472.3,818367
2021-06-16 09:49:07,1472.3,818380
2021-06-16 09:49:08,1472.3,818489
2021-06-16 09:49:10,1471.85,819050
2021-06-16 09:49:11,1471.85,819050
2021-06-16 09:49:12,1471.75,819051
2021-06-16 09:49:13,1472.0,819067
2021-06-16 09:49:14,1472.0,819071
2021-06-16 09:49:15,1471.75,819198
2021-06-16 09:49:16,1471.75,819198
2021-06-16 09:49:17,1472.0,819253
2021-06-16 09:49:18,1471.75,819336
2021-06-16 09:49:19,1472.0,819357
2021-06-16 09:49:20,1471.75,819362
2021-06-16 09:49:21,1471.8,819367
2021-06-16 09:49:22,1471.8,819392
2021-06-16 09:49:23,1471.95,819602
2021-06-16 09:49:24,1471.8,819603
2021-06-16 09:49:25,1471.8,819603
2021-06-16 09:49:26,1471.95,819605
2021-06-16 09:49:27,1471.9,819606
2021-06-16 09:49:28,1471.85,819871
2021-06-16 09:49:29,1471.8,819886
2021-06-16 09:49:30,1471.8,819894
2021-06-16 09:49:31,1471.85,819971
2021-06-16 09:49:32,1471.8,820039
2021-06-16 09:49:33,1471.8,820322
2021-06-16 09:49:34,1471.8,820516
2021-06-16 09:49:35,1471.8,820566
2021-06-16 09:49:36,1471.8,820844
2021-06-16 09:49:37,1471.85,820887
2021-06-16 09:49:38,1471.85,820923
2021-06-16 09:49:39,1471.8,820928
2021-06-16 09:49:41,1471.85,820970
2021-06-16 09:49:42,1471.85,821003
2021-06-16 09:49:43,1471.85,821064
2021-06-16 09:49:44,1471.8,821079
2021-06-16 09:49:45,1471.8,821117
2021-06-16 09:49:46,1471.8,821167
2021-06-16 09:49:47,1471.85,821287
2021-06-16 09:49:48,1471.85,821564
2021-06-16 09:49:49,1471.5,821872
2021-06-16 09:49:50,1471.8,822210
2021-06-16 09:49:52,1471.5,822230
2021-06-16 09:49:53,1471.8,822233
2021-06-16 09:49:54,1471.8,822233
2021-06-16 09:49:56,1471.8,822579
2021-06-16 09:49:57,1471.5,822732
2021-06-16 09:49:59,1471.5,822761
2021-06-16 09:50:00,1471.5,822894
2021-06-16 09:50:01,1471.8,822895
2021-06-16 09:50:02,1471.8,822946
2021-06-16 09:50:03,1471.75,823013
2021-06-16 09:50:04,1471.75,823013
2021-06-16 09:50:05,1471.55,823164
2021-06-16 09:50:06,1471.55,823665
2021-06-16 09:50:07,1471.55,823820
2021-06-16 09:50:08,1471.4,824767
2021-06-16 09:50:10,1471.5,824978
2021-06-16 09:50:11,1471.8,825179
2021-06-16 09:50:12,1471.8,825273
2021-06-16 09:50:13,1471.8,825273
2021-06-16 09:50:14,1471.6,825324
2021-06-16 09:50:15,1471.6,825374
2021-06-16 09:50:16,1472.1,830789
2021-06-16 09:50:17,1472.0,830964
2021-06-16 09:50:18,1472.9,831251
2021-06-16 09:50:19,1472.8,831544
2021-06-16 09:50:20,1472.7,831632
2021-06-16 09:50:21,1472.75,831862
2021-06-16 09:50:22,1472.75,831862
2021-06-16 09:50:23,1473.0,831954
2021-06-16 09:50:24,1473.0,831954
2021-06-16 09:50:25,1472.75,832004
2021-06-16 09:50:26,1472.85,832574
2021-06-16 09:50:27,1472.75,832584
2021-06-16 09:50:28,1472.75,832673
2021-06-16 09:50:30,1472.75,832792
2021-06-16 09:50:31,1472.75,832795
2021-06-16 09:50:32,1472.95,832828
2021-06-16 09:50:33,1472.85,832868
2021-06-16 09:50:34,1472.85,832951
2021-06-16 09:50:35,1472.85,833015
2021-06-16 09:50:36,1472.85,833030
2021-06-16 09:50:37,1472.85,833030
2021-06-16 09:50:38,1472.75,834506
2021-06-16 09:50:40,1472.95,834544
2021-06-16 09:50:42,1472.95,834548
2021-06-16 09:50:42,1472.95,834548
2021-06-16 09:50:43,1472.95,834564
2021-06-16 09:50:44,1472.3,835064
2021-06-16 09:50:45,1472.45,835084
2021-06-16 09:50:47,1472.5,835106
2021-06-16 09:50:48,1472.9,835119
2021-06-16 09:50:49,1472.9,835226
2021-06-16 09:50:50,1472.5,835384
2021-06-16 09:50:51,1472.5,835405
2021-06-16 09:50:52,1472.65,835436
2021-06-16 09:50:53,1472.45,835643
2021-06-16 09:50:54,1472.0,835674
2021-06-16 09:50:55,1472.0,835674
2021-06-16 09:50:56,1472.0,835700
2021-06-16 09:50:57,1472.4,835701
2021-06-16 09:50:58,1472.0,835792
2021-06-16 09:50:59,1472.0,835885
2021-06-16 09:51:00,1472.0,835895
2021-06-16 09:51:01,1472.0,835895
2021-06-16 09:51:02,1472.35,836012
2021-06-16 09:51:03,1472.35,836012
2021-06-16 09:51:04,1472.1,836035
2021-06-16 09:51:05,1472.1,836092
2021-06-16 09:51:06,1472.1,836297
2021-06-16 09:51:07,1472.1,836327
2021-06-16 09:51:08,1472.25,836551
2021-06-16 09:51:09,1472.25,836624
2021-06-16 09:51:10,1472.25,836624
2021-06-16 09:51:13,1472.25,836644
2021-06-16 09:51:13,1472.35,836657
2021-06-16 09:51:14,1472.25,836773
2021-06-16 09:51:15,1472.25,836778
2021-06-16 09:51:16,1472.25,836778
2021-06-16 09:51:17,1472.25,836778
2021-06-16 09:51:18,1472.65,837278
2021-06-16 09:51:19,1472.2,838032
2021-06-16 09:51:20,1472.25,838069
2021-06-16 09:51:21,1472.25,838069
2021-06-16 09:51:22,1472.35,838119
2021-06-16 09:51:23,1472.25,838427
2021-06-16 09:51:25,1472.35,838503
2021-06-16 09:51:26,1472.35,838513
2021-06-16 09:51:27,1472.3,838514
2021-06-16 09:51:28,1472.3,838515
2021-06-16 09:51:29,1472.25,838640
2021-06-16 09:51:30,1472.1,838851
2021-06-16 09:51:31,1472.25,838877
2021-06-16 09:51:32,1472.05,839202
2021-06-16 09:51:33,1472.3,839217
2021-06-16 09:51:35,1472.3,839225
2021-06-16 09:51:35,1472.3,839225
2021-06-16 09:51:36,1472.05,839240
2021-06-16 09:51:37,1472.05,839318
2021-06-16 09:51:38,1472.05,839318
2021-06-16 09:51:39,1472.3,839389
2021-06-16 09:51:41,1472.3,839441
2021-06-16 09:51:42,1472.3,839471
2021-06-16 09:51:43,1472.25,839496
2021-06-16 09:51:44,1472.3,839507
2021-06-16 09:51:45,1472.3,839507
2021-06-16 09:51:46,1472.3,839507
2021-06-16 09:51:47,1472.3,839527
2021-06-16 09:51:48,1472.25,839636
2021-06-16 09:51:49,1472.3,839651
2021-06-16 09:51:50,1472.3,839909
2021-06-16 09:51:51,1472.3,839909
2021-06-16 09:51:52,1472.3,840167
2021-06-16 09:51:55,1472.3,840218
2021-06-16 09:51:55,1472.25,840293
2021-06-16 09:51:56,1472.3,840347
2021-06-16 09:51:57,1472.3,840347
2021-06-16 09:51:58,1472.3,840496
2021-06-16 09:51:59,1472.25,840544
2021-06-16 09:52:01,1472.25,840680
2021-06-16 09:52:03,1472.25,841026
2021-06-16 09:52:04,1472.1,841047
2021-06-16 09:52:05,1471.8,842107
2021-06-16 09:52:07,1472.0,843134
2021-06-16 09:52:08,1472.0,843134
2021-06-16 09:52:08,1472.0,843134
2021-06-16 09:52:10,1471.55,843180
2021-06-16 09:52:11,1471.95,843360
2021-06-16 09:52:12,1471.6,843665
2021-06-16 09:52:13,1471.6,843665
2021-06-16 09:52:14,1471.6,843675
2021-06-16 09:52:15,1471.6,843725
2021-06-16 09:52:16,1471.6,843840
2021-06-16 09:52:17,1471.7,843871
2021-06-16 09:52:18,1471.6,843920
2021-06-16 09:52:19,1471.7,843947
2021-06-16 09:52:21,1471.95,845013
2021-06-16 09:52:21,1472.3,845263
2021-06-16 09:52:23,1472.3,845263
2021-06-16 09:52:23,1472.3,845263
2021-06-16 09:52:24,1472.1,845313
2021-06-16 09:52:25,1472.1,845353
2021-06-16 09:52:26,1472.1,845363
2021-06-16 09:52:28,1472.2,845379
2021-06-16 09:52:27,1472.25,845369
2021-06-16 09:52:29,1472.1,845395
2021-06-16 09:52:30,1472.2,845398
2021-06-16 09:52:31,1472.1,845408
2021-06-16 09:52:32,1472.1,845410
2021-06-16 09:52:33,1472.1,845496
2021-06-16 09:52:34,1472.2,845523
2021-06-16 09:52:35,1472.2,845533
2021-06-16 09:52:36,1472.2,845583
2021-06-16 09:52:37,1472.2,845583
2021-06-16 09:52:38,1472.2,845624
2021-06-16 09:52:39,1472.2,845726
2021-06-16 09:52:40,1472.1,845826
2021-06-16 09:52:42,1472.15,845841
2021-06-16 09:52:41,1472.15,845836
2021-06-16 09:52:43,1472.2,845843
2021-06-16 09:52:44,1472.2,845943
2021-06-16 09:52:45,1472.2,845982
2021-06-16 09:52:46,1472.2,845993
2021-06-16 09:52:47,1472.55,848037
2021-06-16 09:52:48,1473.0,848192
2021-06-16 09:52:50,1472.8,848336
2021-06-16 09:52:50,1473.0,848286
2021-06-16 09:52:51,1472.8,848336
2021-06-16 09:52:52,1472.75,848410
2021-06-16 09:52:53,1473.0,848479
2021-06-16 09:52:54,1472.75,848509
2021-06-16 09:52:55,1472.75,848509
2021-06-16 09:52:56,1473.0,848540
2021-06-16 09:52:57,1473.0,848540
2021-06-16 09:52:58,1473.0,849155
2021-06-16 09:52:59,1473.0,849222
2021-06-16 09:53:00,1473.2,849252
2021-06-16 09:53:01,1473.05,849255
2021-06-16 09:53:02,1473.2,849319
2021-06-16 09:53:03,1473.05,849320
2021-06-16 09:53:04,1473.2,849370
2021-06-16 09:53:06,1473.05,849547
2021-06-16 09:53:07,1473.05,849568
2021-06-16 09:53:08,1473.05,849658
2021-06-16 09:53:09,1473.2,849947
2021-06-16 09:53:10,1473.5,849997
2021-06-16 09:53:11,1473.1,850001
2021-06-16 09:53:12,1473.1,850106
2021-06-16 09:53:13,1473.5,850155
2021-06-16 09:53:14,1473.5,850173
2021-06-16 09:53:15,1473.5,850277
2021-06-16 09:53:16,1473.5,850281
2021-06-16 09:53:17,1473.5,850532
2021-06-16 09:53:18,1473.5,850535
2021-06-16 09:53:19,1473.5,850545
2021-06-16 09:53:21,1473.35,850707
2021-06-16 09:53:23,1473.5,850725
2021-06-16 09:53:24,1473.5,850729
2021-06-16 09:53:26,1473.35,850731
2021-06-16 09:53:25,1473.5,850729
2021-06-16 09:53:27,1473.35,850835
2021-06-16 09:53:27,1473.35,850835
2021-06-16 09:53:28,1473.4,850935
2021-06-16 09:53:29,1473.4,850964
2021-06-16 09:53:30,1473.35,851064
2021-06-16 09:53:32,1473.5,853585
2021-06-16 09:53:32,1473.5,853585
2021-06-16 09:53:33,1473.35,853615
2021-06-16 09:53:34,1473.5,853637
2021-06-16 09:53:35,1473.5,853637
2021-06-16 09:53:36,1473.5,853657
2021-06-16 09:53:37,1473.5,853658
2021-06-16 09:53:38,1473.5,853691
2021-06-16 09:53:39,1473.5,853739
2021-06-16 09:53:40,1473.5,853767
2021-06-16 09:53:41,1473.4,853769
2021-06-16 09:53:42,1473.5,854616
2021-06-16 09:53:44,1473.5,855001
2021-06-16 09:53:45,1473.5,855170
2021-06-16 09:53:46,1473.6,855570
2021-06-16 09:53:46,1473.7,856146
2021-06-16 09:53:47,1473.8,856248
2021-06-16 09:53:48,1473.6,856299
2021-06-16 09:53:49,1473.75,856597
2021-06-16 09:53:50,1473.8,856627
2021-06-16 09:53:51,1473.75,857117
2021-06-16 09:53:52,1473.8,857137
2021-06-16 09:53:53,1473.8,857193
2021-06-16 09:53:54,1473.95,858135
2021-06-16 09:53:56,1474.0,860065
2021-06-16 09:53:57,1474.5,860469
2021-06-16 09:53:58,1474.35,860881
2021-06-16 09:53:59,1474.7,861082
2021-06-16 09:54:00,1474.7,861104
2021-06-16 09:54:01,1474.7,861144
2021-06-16 09:54:02,1474.95,861309
2021-06-16 09:54:03,1475.2,867026
2021-06-16 09:54:04,1475.0,868528
2021-06-16 09:54:05,1475.05,869893
2021-06-16 09:54:06,1475.15,870189
2021-06-16 09:54:07,1475.25,872230
2021-06-16 09:54:08,1475.35,874138
2021-06-16 09:54:09,1475.3,874805
2021-06-16 09:54:10,1475.3,874832
2021-06-16 09:54:11,1475.3,874833
2021-06-16 09:54:12,1475.55,875080
2021-06-16 09:54:13,1475.75,876449
2021-06-16 09:54:14,1475.6,876784
2021-06-16 09:54:15,1475.6,877141
2021-06-16 09:54:17,1475.55,877217
2021-06-16 09:54:17,1475.55,877217
2021-06-16 09:54:18,1475.6,877269
2021-06-16 09:54:20,1475.75,878355
2021-06-16 09:54:21,1475.6,878460
2021-06-16 09:54:22,1476.0,878830
2021-06-16 09:54:24,1475.55,879265
2021-06-16 09:54:25,1475.55,879430
2021-06-16 09:54:25,1475.8,879530
2021-06-16 09:54:26,1475.3,879932
2021-06-16 09:54:27,1475.75,880202
2021-06-16 09:54:28,1475.3,880652
2021-06-16 09:54:29,1475.0,881047
2021-06-16 09:54:30,1475.0,881094
2021-06-16 09:54:32,1475.45,881349
2021-06-16 09:54:33,1475.0,881838
2021-06-16 09:54:34,1475.0,881848
2021-06-16 09:54:36,1475.25,881914
2021-06-16 09:54:35,1475.0,881898
2021-06-16 09:54:37,1475.25,881916
2021-06-16 09:54:38,1475.0,882228
2021-06-16 09:54:39,1475.0,882459
2021-06-16 09:54:40,1475.2,882543
2021-06-16 09:54:41,1475.0,882674
2021-06-16 09:54:42,1475.0,883030
2021-06-16 09:54:43,1475.2,883865
2021-06-16 09:54:45,1475.0,883996
2021-06-16 09:54:46,1475.0,884033
2021-06-16 09:54:47,1475.0,884072
2021-06-16 09:54:48,1475.0,884162
2021-06-16 09:54:49,1475.0,884376
2021-06-16 09:54:50,1475.55,885436
2021-06-16 09:54:50,1475.05,884436
2021-06-16 09:54:52,1475.0,885453
2021-06-16 09:54:52,1475.0,885453
2021-06-16 09:54:53,1475.2,885502
2021-06-16 09:54:54,1475.2,885617
2021-06-16 09:54:56,1475.6,886007
2021-06-16 09:54:56,1475.6,886007
2021-06-16 09:54:57,1475.05,886147
2021-06-16 09:54:58,1475.15,886161
2021-06-16 09:54:59,1475.7,886854
2021-06-16 09:55:00,1475.15,886959
2021-06-16 09:55:01,1475.7,887119
2021-06-16 09:55:02,1475.15,887129
2021-06-16 09:55:03,1475.2,887136
2021-06-16 09:55:04,1475.7,887252
2021-06-16 09:55:06,1475.2,887315
2021-06-16 09:55:07,1475.75,887353
2021-06-16 09:55:07,1475.7,887378
2021-06-16 09:55:08,1475.7,888133
2021-06-16 09:55:09,1475.45,888465
2021-06-16 09:55:11,1475.05,888491
2021-06-16 09:55:13,1475.2,888542
2021-06-16 09:55:14,1475.05,888751
2021-06-16 09:55:15,1475.05,888811
2021-06-16 09:55:16,1475.05,888811
2021-06-16 09:55:17,1474.6,891443
2021-06-16 09:55:18,1474.85,891629
2021-06-16 09:55:19,1474.0,892000
2021-06-16 09:55:20,1474.65,892130
2021-06-16 09:55:21,1474.0,892731
2021-06-16 09:55:21,1474.55,892733
2021-06-16 09:55:23,1474.5,892804
2021-06-16 09:55:23,1474.5,892808
2021-06-16 09:55:24,1473.95,892920
2021-06-16 09:55:25,1473.95,892928
2021-06-16 09:55:26,1474.75,894528
2021-06-16 09:55:28,1474.05,894635
2021-06-16 09:55:28,1474.05,894635
2021-06-16 09:55:30,1474.55,894647
2021-06-16 09:55:31,1474.35,894747
2021-06-16 09:55:31,1474.35,894751
2021-06-16 09:55:32,1474.35,894762
2021-06-16 09:55:33,1474.35,895044
2021-06-16 09:55:34,1474.35,895056
2021-06-16 09:55:35,1474.35,895056
2021-06-16 09:55:36,1474.35,895107
2021-06-16 09:55:38,1474.4,895127
2021-06-16 09:55:39,1474.4,895163
2021-06-16 09:55:40,1474.4,895181
2021-06-16 09:55:41,1474.4,895342
2021-06-16 09:55:42,1474.4,895505
2021-06-16 09:55:43,1474.4,895526
2021-06-16 09:55:44,1474.4,895751
2021-06-16 09:55:45,1474.5,895887
2021-06-16 09:55:46,1474.45,895912
2021-06-16 09:55:46,1474.4,895902
2021-06-16 09:55:47,1474.5,896297
2021-06-16 09:55:48,1474.5,897067
2021-06-16 09:55:49,1474.5,897088
2021-06-16 09:55:50,1474.5,897354
2021-06-16 09:55:51,1475.0,897562
2021-06-16 09:55:52,1475.0,897565
2021-06-16 09:55:54,1474.5,897595
2021-06-16 09:55:56,1474.5,897722
2021-06-16 09:55:57,1475.0,897728
2021-06-16 09:55:57,1475.0,897828
2021-06-16 09:55:59,1474.55,897843
2021-06-16 09:56:00,1475.0,897945
2021-06-16 09:56:00,1475.0,897945
2021-06-16 09:56:02,1474.55,898445
2021-06-16 09:56:03,1474.55,898706
2021-06-16 09:56:04,1474.95,898717
2021-06-16 09:56:05,1474.95,898717
2021-06-16 09:56:06,1474.9,898727
2021-06-16 09:56:06,1474.55,898739
2021-06-16 09:56:08,1474.85,898809
2021-06-16 09:56:10,1474.55,898833
2021-06-16 09:56:11,1474.55,898845
2021-06-16 09:56:12,1474.55,898901
2021-06-16 09:56:13,1474.55,899020
2021-06-16 09:56:14,1474.55,899055
2021-06-16 09:56:14,1474.55,899055
2021-06-16 09:56:15,1474.55,899130
2021-06-16 09:56:16,1474.55,899130
2021-06-16 09:56:17,1474.55,899330
2021-06-16 09:56:20,1474.55,899711
2021-06-16 09:56:20,1474.85,899751
2021-06-16 09:56:22,1474.85,899953
2021-06-16 09:56:22,1474.6,899965
2021-06-16 09:56:23,1474.6,900012
2021-06-16 09:56:24,1474.85,900122
2021-06-16 09:56:26,1474.85,900140
2021-06-16 09:56:27,1474.6,900146
2021-06-16 09:56:28,1474.6,900455
2021-06-16 09:56:29,1474.6,900455
2021-06-16 09:56:30,1474.9,900504
2021-06-16 09:56:30,1474.85,900490
2021-06-16 09:56:32,1474.9,900614
2021-06-16 09:56:33,1474.9,900621
2021-06-16 09:56:33,1474.9,900621
2021-06-16 09:56:36,1474.9,900649
2021-06-16 09:56:37,1474.9,900759
2021-06-16 09:56:37,1474.9,900759
2021-06-16 09:56:38,1474.85,900824
2021-06-16 09:56:39,1474.85,900835
2021-06-16 09:56:40,1474.85,901273
2021-06-16 09:56:41,1474.85,901274
2021-06-16 09:56:42,1474.85,901505
2021-06-16 09:56:43,1474.85,901506
2021-06-16 09:56:44,1474.65,901516
2021-06-16 09:56:45,1474.65,901611
2021-06-16 09:56:47,1474.65,901776
2021-06-16 09:56:48,1474.65,901795
2021-06-16 09:56:49,1474.8,902418
2021-06-16 09:56:50,1474.65,902499
2021-06-16 09:56:51,1474.65,902499
2021-06-16 09:56:52,1474.65,902526
2021-06-16 09:56:54,1474.65,902550
2021-06-16 09:56:55,1474.65,902550
2021-06-16 09:56:55,1474.8,902552
2021-06-16 09:56:56,1474.8,902576
2021-06-16 09:56:58,1474.65,902577
2021-06-16 09:56:59,1474.75,903589
2021-06-16 09:57:00,1475.0,903889
2021-06-16 09:57:01,1475.0,903889
2021-06-16 09:57:02,1475.0,904115
2021-06-16 09:57:03,1475.0,905130
2021-06-16 09:57:04,1474.85,905144
2021-06-16 09:57:06,1474.95,905146
2021-06-16 09:57:07,1474.85,905184
2021-06-16 09:57:08,1474.85,905279
2021-06-16 09:57:09,1474.85,905293
2021-06-16 09:57:10,1474.95,905320
2021-06-16 09:57:11,1474.95,905320
2021-06-16 09:57:12,1474.95,905420
2021-06-16 09:57:13,1474.85,905440
2021-06-16 09:57:14,1474.85,905575
2021-06-16 09:57:15,1474.95,905635
2021-06-16 09:57:16,1474.85,905655
2021-06-16 09:57:17,1474.85,905655
2021-06-16 09:57:18,1474.85,905695
2021-06-16 09:57:19,1474.9,905747
2021-06-16 09:57:20,1474.9,905747
2021-06-16 09:57:21,1474.9,905775
2021-06-16 09:57:22,1474.9,905947
2021-06-16 09:57:22,1474.95,905847
2021-06-16 09:57:23,1474.95,905983
2021-06-16 09:57:25,1474.9,906180
2021-06-16 09:57:26,1474.9,906360
2021-06-16 09:57:27,1474.95,906606
2021-06-16 09:57:28,1474.7,906902
2021-06-16 09:57:29,1474.7,906913
2021-06-16 09:57:30,1474.7,906968
2021-06-16 09:57:31,1475.0,907581
2021-06-16 09:57:32,1475.0,907581
2021-06-16 09:57:33,1474.6,907606
2021-06-16 09:57:34,1474.6,907606
2021-06-16 09:57:35,1475.0,907646
2021-06-16 09:57:36,1475.0,907756
2021-06-16 09:57:38,1475.0,907857
2021-06-16 09:57:39,1474.6,908094
2021-06-16 09:57:40,1475.0,908190
2021-06-16 09:57:42,1474.6,908310
2021-06-16 09:57:43,1474.6,908310
2021-06-16 09:57:44,1474.6,908361
2021-06-16 09:57:45,1474.6,908361
2021-06-16 09:57:45,1474.6,908361
2021-06-16 09:57:46,1475.0,908362
2021-06-16 09:57:47,1474.55,909092
2021-06-16 09:57:49,1475.0,909241
2021-06-16 09:57:50,1475.0,909254
2021-06-16 09:57:51,1474.7,909324
2021-06-16 09:57:52,1474.7,909324
2021-06-16 09:57:53,1474.55,909496
2021-06-16 09:57:54,1474.6,909764
2021-06-16 09:57:55,1474.55,909828
2021-06-16 09:57:57,1474.6,910046
2021-06-16 09:57:58,1474.6,910046
2021-06-16 09:57:59,1474.55,910062
2021-06-16 09:58:00,1475.0,910590
2021-06-16 09:58:01,1474.55,910592
2021-06-16 09:58:02,1475.0,911186
2021-06-16 09:58:03,1475.0,911586
2021-06-16 09:58:04,1475.0,911586
2021-06-16 09:58:05,1475.0,911698
2021-06-16 09:58:06,1475.0,911698
2021-06-16 09:58:07,1475.0,911698
2021-06-16 09:58:08,1475.0,911698
2021-06-16 09:58:09,1474.55,911730
2021-06-16 09:58:11,1474.95,912069
2021-06-16 09:58:11,1474.95,912069
2021-06-16 09:58:12,1474.6,912166
2021-06-16 09:58:13,1474.6,912183
2021-06-16 09:58:14,1474.6,912193
2021-06-16 09:58:16,1474.6,912420
2021-06-16 09:58:17,1474.6,912423
2021-06-16 09:58:19,1474.6,912435
2021-06-16 09:58:19,1474.9,912560
2021-06-16 09:58:20,1474.6,912669
2021-06-16 09:58:21,1474.9,912689
2021-06-16 09:58:22,1474.9,913525
2021-06-16 09:58:24,1474.6,913558
2021-06-16 09:58:25,1474.6,913558
2021-06-16 09:58:26,1474.9,913580
2021-06-16 09:58:27,1474.9,913580
2021-06-16 09:58:28,1474.9,913580
2021-06-16 09:58:29,1474.6,913591
2021-06-16 09:58:30,1474.6,913599
2021-06-16 09:58:31,1474.6,913599
2021-06-16 09:58:32,1474.6,913609
2021-06-16 09:58:33,1474.6,913727
2021-06-16 09:58:34,1474.6,913747
2021-06-16 09:58:35,1474.6,913762
2021-06-16 09:58:36,1474.6,913766
2021-06-16 09:58:37,1474.85,913776
2021-06-16 09:58:38,1474.85,913776
2021-06-16 09:58:38,1474.85,913806
2021-06-16 09:58:39,1474.7,913817
2021-06-16 09:58:40,1474.6,914054
2021-06-16 09:58:42,1474.85,914115
2021-06-16 09:58:43,1474.6,914145
2021-06-16 09:58:44,1474.6,914158
2021-06-16 09:58:45,1474.6,914198
2021-06-16 09:58:47,1474.8,914218
2021-06-16 09:58:48,1474.8,914218
2021-06-16 09:58:49,1474.75,914350
2021-06-16 09:58:50,1474.75,914551
2021-06-16 09:58:52,1474.6,914571
2021-06-16 09:58:53,1474.6,914593
2021-06-16 09:58:54,1474.75,914640
2021-06-16 09:58:55,1474.6,915090
2021-06-16 09:58:56,1474.75,915118
2021-06-16 09:58:57,1474.75,915136
2021-06-16 09:58:58,1474.6,915452
2021-06-16 09:58:59,1474.75,915474
2021-06-16 09:59:00,1474.75,915496
2021-06-16 09:59:01,1474.6,915658
2021-06-16 09:59:02,1474.6,915673
2021-06-16 09:59:03,1474.75,915674
2021-06-16 09:59:04,1474.75,915735
2021-06-16 09:59:05,1474.6,915737
2021-06-16 09:59:05,1474.6,915757
2021-06-16 09:59:06,1474.7,915768
2021-06-16 09:59:08,1474.7,915912
2021-06-16 09:59:09,1474.65,915940
2021-06-16 09:59:10,1474.65,916153
2021-06-16 09:59:11,1474.7,916295
2021-06-16 09:59:12,1474.65,916350
2021-06-16 09:59:13,1474.7,916360
2021-06-16 09:59:15,1474.7,916451
2021-06-16 09:59:16,1474.65,916501
2021-06-16 09:59:17,1474.7,917101
2021-06-16 09:59:18,1474.65,917136
2021-06-16 09:59:19,1474.65,917148
2021-06-16 09:59:20,1474.7,917172
2021-06-16 09:59:22,1474.65,917353
2021-06-16 09:59:23,1474.7,917383
2021-06-16 09:59:24,1474.65,917454
2021-06-16 09:59:25,1474.7,917524
2021-06-16 09:59:26,1474.65,917662
2021-06-16 09:59:27,1474.65,917662
2021-06-16 09:59:28,1474.7,917820
2021-06-16 09:59:29,1474.7,917820
2021-06-16 09:59:30,1474.7,917844
2021-06-16 09:59:31,1474.7,917844
2021-06-16 09:59:32,1474.7,917844
2021-06-16 09:59:33,1474.65,918074
2021-06-16 09:59:34,1474.65,918098
2021-06-16 09:59:36,1474.65,918114
2021-06-16 09:59:35,1474.65,918098
2021-06-16 09:59:37,1474.7,918254
2021-06-16 09:59:38,1474.7,918354
2021-06-16 09:59:40,1474.7,918381
2021-06-16 09:59:41,1474.7,918415
2021-06-16 09:59:42,1474.65,918450
2021-06-16 09:59:43,1474.65,918668
2021-06-16 09:59:44,1474.7,918705
2021-06-16 09:59:45,1474.7,918724
2021-06-16 09:59:46,1474.65,918773
2021-06-16 09:59:47,1474.7,918904
2021-06-16 09:59:48,1474.65,919043
2021-06-16 09:59:49,1474.65,919060
2021-06-16 09:59:50,1474.65,919286
2021-06-16 09:59:51,1474.7,919451
2021-06-16 09:59:52,1474.7,919451
2021-06-16 09:59:53,1474.7,919458
2021-06-16 09:59:54,1474.7,919484
2021-06-16 09:59:55,1474.65,919578
2021-06-16 09:59:56,1474.7,919687
2021-06-16 09:59:57,1474.65,919769
2021-06-16 09:59:58,1474.65,919800
2021-06-16 09:59:59,1474.65,919836
2021-06-16 10:00:00,1474.65,919961
2021-06-16 10:00:01,1474.65,920560
2021-06-16 10:00:02,1474.65,920590
2021-06-16 10:00:03,1474.7,920850
2021-06-16 10:00:04,1474.7,920850
2021-06-16 10:00:05,1474.65,920869
2021-06-16 10:00:07,1474.7,921029
2021-06-16 10:00:08,1474.7,921141
2021-06-16 10:00:09,1474.65,921169
2021-06-16 10:00:10,1474.65,921188
2021-06-16 10:00:11,1474.65,921563
2021-06-16 10:00:12,1474.6,921581
2021-06-16 10:00:13,1474.6,921581
2021-06-16 10:00:14,1474.6,921657
2021-06-16 10:00:15,1474.65,921658
2021-06-16 10:00:16,1474.35,922348
2021-06-16 10:00:18,1474.5,922460
2021-06-16 10:00:19,1474.45,922584
2021-06-16 10:00:20,1474.45,922601
2021-06-16 10:00:21,1474.45,922601
2021-06-16 10:00:22,1474.45,922657
2021-06-16 10:00:23,1474.05,922757
2021-06-16 10:00:24,1474.05,922767
2021-06-16 10:00:25,1474.45,922947
2021-06-16 10:00:26,1474.4,922971
2021-06-16 10:00:28,1474.45,923574
2021-06-16 10:00:29,1474.4,923836
2021-06-16 10:00:30,1474.4,924068
2021-06-16 10:00:31,1474.4,924079
2021-06-16 10:00:32,1474.4,924079
2021-06-16 10:00:33,1474.4,924158
2021-06-16 10:00:34,1474.5,924159
2021-06-16 10:00:35,1474.5,924927
2021-06-16 10:00:36,1474.5,924928
2021-06-16 10:00:37,1474.45,924931
2021-06-16 10:00:38,1474.45,925061
2021-06-16 10:00:41,1474.5,925228
2021-06-16 10:00:42,1474.5,925239
2021-06-16 10:00:43,1474.65,925339
2021-06-16 10:00:44,1474.45,925354
2021-06-16 10:00:45,1474.45,925375
2021-06-16 10:00:47,1474.45,925375
2021-06-16 10:00:46,1474.45,925375
2021-06-16 10:00:48,1474.5,925426
2021-06-16 10:00:49,1474.5,925462
2021-06-16 10:00:50,1474.5,926392
2021-06-16 10:00:51,1474.6,926479
2021-06-16 10:00:52,1474.5,926481
2021-06-16 10:00:54,1474.6,926522
2021-06-16 10:00:55,1474.6,926578
2021-06-16 10:00:56,1474.6,926677
2021-06-16 10:00:57,1474.6,926679
2021-06-16 10:00:58,1474.65,926705
2021-06-16 10:00:59,1474.6,926939
2021-06-16 10:01:00,1474.65,927035
2021-06-16 10:01:01,1474.7,927293
2021-06-16 10:01:02,1474.6,927295
2021-06-16 10:01:03,1474.7,927303
2021-06-16 10:01:04,1474.6,927852
2021-06-16 10:01:05,1474.6,927887
2021-06-16 10:01:06,1474.6,927893
2021-06-16 10:01:07,1474.6,927897
2021-06-16 10:01:08,1474.7,928006
2021-06-16 10:01:09,1474.6,928019
2021-06-16 10:01:10,1474.6,928019
2021-06-16 10:01:12,1474.7,928122
2021-06-16 10:01:13,1474.7,928978
2021-06-16 10:01:14,1474.45,929163
2021-06-16 10:01:15,1474.7,929165
2021-06-16 10:01:16,1474.7,929185
2021-06-16 10:01:17,1474.7,929195
2021-06-16 10:01:19,1474.7,929195
2021-06-16 10:01:19,1474.45,929207
2021-06-16 10:01:20,1474.7,929212
2021-06-16 10:01:21,1474.7,929212
2021-06-16 10:01:22,1474.7,929212
2021-06-16 10:01:23,1474.7,929231
2021-06-16 10:01:25,1474.7,929462
2021-06-16 10:01:27,1474.7,929497
2021-06-16 10:01:28,1474.5,929499
2021-06-16 10:01:29,1474.5,929524
2021-06-16 10:01:30,1474.6,929697
2021-06-16 10:01:31,1474.65,929885
2021-06-16 10:01:33,1474.85,930109
2021-06-16 10:01:33,1474.85,930109
2021-06-16 10:01:34,1474.7,930303
2021-06-16 10:01:35,1474.85,930307
2021-06-16 10:01:36,1474.7,930508
2021-06-16 10:01:37,1474.85,930518
2021-06-16 10:01:38,1474.85,930629
2021-06-16 10:01:40,1474.75,930786
2021-06-16 10:01:41,1474.7,930916
2021-06-16 10:01:42,1474.7,930950
2021-06-16 10:01:44,1474.7,931200
2021-06-16 10:01:44,1474.7,931208
2021-06-16 10:01:45,1474.7,931229
2021-06-16 10:01:46,1474.7,931230
2021-06-16 10:01:47,1474.5,931242
2021-06-16 10:01:48,1474.7,931333
2021-06-16 10:01:49,1474.7,931396
2021-06-16 10:01:50,1474.55,931456
2021-06-16 10:01:51,1474.5,931458
2021-06-16 10:01:52,1474.5,931458
2021-06-16 10:01:53,1474.55,931542
2021-06-16 10:01:54,1474.5,931553
2021-06-16 10:01:55,1474.15,932164
2021-06-16 10:01:56,1474.55,932181
2021-06-16 10:01:57,1474.55,932247
2021-06-16 10:01:58,1474.6,932248
2021-06-16 10:01:59,1474.6,932269
2021-06-16 10:02:00,1474.9,932498
2021-06-16 10:02:01,1474.9,932498
2021-06-16 10:02:03,1474.9,932498
2021-06-16 10:02:04,1474.6,932518
2021-06-16 10:02:06,1474.6,932559
2021-06-16 10:02:08,1474.9,932659
2021-06-16 10:02:09,1474.7,932692
2021-06-16 10:02:09,1474.7,932703
2021-06-16 10:02:10,1474.85,932763
2021-06-16 10:02:12,1474.85,932768
2021-06-16 10:02:12,1474.85,932768
2021-06-16 10:02:13,1474.75,932938
2021-06-16 10:02:14,1474.75,933033
2021-06-16 10:02:15,1474.75,933039
2021-06-16 10:02:16,1474.75,933107
2021-06-16 10:02:17,1474.85,933113
2021-06-16 10:02:18,1474.85,933114
2021-06-16 10:02:19,1474.75,933727
2021-06-16 10:02:20,1474.85,933763
2021-06-16 10:02:21,1474.85,933769
2021-06-16 10:02:22,1474.85,933771
2021-06-16 10:02:23,1474.85,933812
2021-06-16 10:02:25,1474.75,935075
2021-06-16 10:02:26,1474.75,935110
2021-06-16 10:02:27,1474.95,935400
2021-06-16 10:02:28,1475.0,935545
2021-06-16 10:02:29,1475.0,935571
2021-06-16 10:02:30,1475.5,937853
2021-06-16 10:02:31,1475.3,937874
2021-06-16 10:02:32,1475.45,937997
2021-06-16 10:02:33,1475.45,938002
2021-06-16 10:02:34,1475.4,938512
2021-06-16 10:02:35,1475.4,939132
2021-06-16 10:02:36,1475.5,939160
2021-06-16 10:02:37,1475.4,939165
2021-06-16 10:02:38,1475.5,939320
2021-06-16 10:02:39,1475.45,939333
2021-06-16 10:02:40,1475.5,939381
2021-06-16 10:02:41,1475.45,939676
2021-06-16 10:02:42,1475.5,939739
2021-06-16 10:02:43,1475.5,939739
2021-06-16 10:02:44,1475.45,940247
2021-06-16 10:02:45,1475.5,940287
2021-06-16 10:02:46,1475.5,940337
2021-06-16 10:02:48,1475.45,940427
2021-06-16 10:02:49,1475.45,940427
2021-06-16 10:02:49,1475.45,940673
2021-06-16 10:02:50,1475.5,940902
2021-06-16 10:02:51,1475.45,940967
2021-06-16 10:02:52,1475.5,940974
2021-06-16 10:02:53,1475.45,940979
2021-06-16 10:02:54,1475.5,940990
2021-06-16 10:02:55,1475.45,941100
2021-06-16 10:02:56,1475.5,941174
2021-06-16 10:02:57,1475.5,941209
2021-06-16 10:02:58,1475.45,941809
2021-06-16 10:02:59,1475.45,941898
2021-06-16 10:03:00,1475.5,942071
2021-06-16 10:03:01,1475.5,942101
2021-06-16 10:03:02,1475.5,942101
2021-06-16 10:03:03,1475.5,942170
2021-06-16 10:03:04,1475.45,942189
2021-06-16 10:03:05,1475.45,942193
2021-06-16 10:03:06,1475.4,943221
2021-06-16 10:03:08,1475.2,943815
2021-06-16 10:03:09,1475.0,943906
2021-06-16 10:03:10,1475.35,944107
2021-06-16 10:03:11,1475.35,944157
2021-06-16 10:03:12,1475.35,944157
2021-06-16 10:03:13,1475.35,944167
2021-06-16 10:03:15,1474.9,944191
2021-06-16 10:03:16,1474.8,944571
2021-06-16 10:03:18,1474.8,944621
2021-06-16 10:03:18,1475.2,944626
2021-06-16 10:03:19,1474.75,944744
2021-06-16 10:03:20,1474.8,944766
2021-06-16 10:03:21,1475.0,944923
2021-06-16 10:03:22,1475.0,945044
2021-06-16 10:03:23,1474.6,945159
2021-06-16 10:03:24,1474.55,945340
2021-06-16 10:03:25,1474.75,945497
2021-06-16 10:03:26,1474.75,945497
2021-06-16 10:03:28,1474.75,945497
2021-06-16 10:03:28,1474.7,945498
2021-06-16 10:03:29,1474.0,947309
2021-06-16 10:03:30,1474.25,947319
2021-06-16 10:03:32,1474.15,947341
2021-06-16 10:03:34,1474.15,947437
2021-06-16 10:03:35,1473.85,947682
2021-06-16 10:03:37,1473.5,948156
2021-06-16 10:03:39,1473.5,949257
2021-06-16 10:03:40,1473.75,949321
2021-06-16 10:03:42,1473.75,949439
2021-06-16 10:03:44,1473.75,949446
2021-06-16 10:03:44,1473.75,949459
2021-06-16 10:03:46,1473.75,949521
2021-06-16 10:03:47,1473.75,949627
2021-06-16 10:03:48,1473.75,949627
2021-06-16 10:03:49,1473.55,949755
2021-06-16 10:03:50,1473.65,949959
2021-06-16 10:03:50,1473.65,950009
2021-06-16 10:03:52,1473.6,950124
2021-06-16 10:03:52,1473.6,950124
2021-06-16 10:03:54,1473.6,950213
2021-06-16 10:03:55,1473.6,950614
2021-06-16 10:03:56,1473.6,950616
2021-06-16 10:03:56,1473.55,950619
2021-06-16 10:03:59,1473.7,951414
2021-06-16 10:04:00,1473.75,951480
2021-06-16 10:04:01,1473.55,951496
2021-06-16 10:04:02,1473.55,951496
2021-06-16 10:04:04,1473.7,951511
2021-06-16 10:04:07,1473.55,951653
2021-06-16 10:04:08,1473.2,951965
2021-06-16 10:04:09,1473.7,952076
2021-06-16 10:04:10,1473.3,952213
2021-06-16 10:04:11,1473.5,952223
2021-06-16 10:04:11,1473.5,952223
2021-06-16 10:04:12,1473.5,952223
2021-06-16 10:04:13,1473.7,952433
2021-06-16 10:04:15,1473.5,952458
2021-06-16 10:04:16,1473.5,952463
2021-06-16 10:04:17,1473.5,952498
2021-06-16 10:04:18,1473.5,952569
2021-06-16 10:04:19,1473.5,952835
2021-06-16 10:04:20,1473.5,952980
2021-06-16 10:04:20,1473.5,952980
2021-06-16 10:04:21,1473.5,953183
2021-06-16 10:04:22,1473.7,953225
2021-06-16 10:04:23,1473.7,953225
2021-06-16 10:04:25,1473.7,954123
2021-06-16 10:04:26,1473.5,954125
2021-06-16 10:04:27,1473.7,954171
2021-06-16 10:04:28,1473.65,954180
2021-06-16 10:04:29,1473.5,954338
2021-06-16 10:04:30,1473.5,954394
2021-06-16 10:04:31,1473.05,954994
2021-06-16 10:04:32,1473.5,955029
2021-06-16 10:04:33,1473.5,955034
2021-06-16 10:04:34,1473.1,955046
2021-06-16 10:04:35,1473.5,955047
2021-06-16 10:04:36,1473.5,955119
2021-06-16 10:04:37,1473.5,955301
2021-06-16 10:04:38,1473.0,955405
2021-06-16 10:04:39,1473.0,955416
2021-06-16 10:04:41,1473.0,955416
2021-06-16 10:04:42,1473.45,955431
2021-06-16 10:04:42,1473.45,955431
2021-06-16 10:04:44,1473.25,955736
2021-06-16 10:04:45,1473.05,955746
2021-06-16 10:04:46,1473.0,956007
2021-06-16 10:04:47,1473.2,956240
2021-06-16 10:04:47,1473.2,956240
2021-06-16 10:04:48,1473.05,956989
2021-06-16 10:04:49,1472.5,957150
2021-06-16 10:04:50,1472.7,957255
2021-06-16 10:04:51,1472.5,957259
2021-06-16 10:04:52,1472.5,957276
2021-06-16 10:04:57,1472.5,957635
2021-06-16 10:04:57,1472.65,957645
2021-06-16 10:04:58,1472.85,957647
2021-06-16 10:05:00,1472.5,957672
2021-06-16 10:05:00,1472.5,957709
2021-06-16 10:05:01,1472.85,957803
2021-06-16 10:05:02,1472.5,957843
2021-06-16 10:05:03,1472.85,957844
2021-06-16 10:05:04,1472.5,958060
2021-06-16 10:05:05,1472.85,958120
2021-06-16 10:05:06,1472.5,958121
2021-06-16 10:05:08,1472.8,958249
2021-06-16 10:05:10,1472.5,958318
2021-06-16 10:05:11,1472.5,958495
2021-06-16 10:05:12,1472.8,958516
2021-06-16 10:05:13,1472.8,958698
2021-06-16 10:05:14,1472.5,958762
2021-06-16 10:05:15,1472.8,958763
2021-06-16 10:05:16,1472.55,958768
2021-06-16 10:05:17,1472.8,958917
2021-06-16 10:05:18,1472.8,958918
2021-06-16 10:05:19,1472.55,958930
2021-06-16 10:05:20,1472.5,959138
2021-06-16 10:05:21,1472.5,959138
2021-06-16 10:05:23,1472.55,959196
2021-06-16 10:05:24,1472.25,959316
2021-06-16 10:05:24,1472.5,959299
2021-06-16 10:05:26,1472.45,959519
2021-06-16 10:05:27,1472.2,959602
2021-06-16 10:05:27,1472.2,959602
2021-06-16 10:05:28,1472.15,959691
2021-06-16 10:05:29,1472.25,959779
2021-06-16 10:05:32,1472.2,959792
2021-06-16 10:05:33,1472.4,961175
2021-06-16 10:05:34,1472.45,961185
2021-06-16 10:05:35,1472.45,961235
2021-06-16 10:05:37,1473.0,961583
2021-06-16 10:05:38,1472.8,961608
2021-06-16 10:05:39,1472.8,961608
2021-06-16 10:05:40,1472.9,961719
2021-06-16 10:05:41,1473.0,961727
2021-06-16 10:05:41,1472.95,961738
2021-06-16 10:05:42,1472.95,961738
2021-06-16 10:05:43,1472.95,961738
2021-06-16 10:05:44,1473.0,961798
2021-06-16 10:05:45,1473.45,962000
2021-06-16 10:05:46,1472.95,962100
2021-06-16 10:05:47,1472.95,962105
2021-06-16 10:05:48,1473.4,962195
2021-06-16 10:05:50,1472.95,962226
2021-06-16 10:05:51,1473.1,962296
2021-06-16 10:05:53,1472.95,962397
2021-06-16 10:05:52,1473.1,962309
2021-06-16 10:05:54,1473.0,962428
2021-06-16 10:05:55,1473.0,962469
2021-06-16 10:05:56,1473.0,962479
2021-06-16 10:05:57,1473.0,962555
2021-06-16 10:05:57,1473.0,962555
2021-06-16 10:05:59,1473.0,962568
2021-06-16 10:05:59,1473.0,962719
2021-06-16 10:06:01,1473.05,963441
2021-06-16 10:06:02,1473.05,963441
2021-06-16 10:06:03,1472.9,963681
2021-06-16 10:06:04,1472.9,963681
2021-06-16 10:06:05,1472.55,963691
2021-06-16 10:06:06,1472.95,963698
2021-06-16 10:06:07,1472.6,963804
2021-06-16 10:06:08,1472.55,963832
2021-06-16 10:06:09,1473.0,964127
2021-06-16 10:06:09,1473.0,964127
2021-06-16 10:06:10,1473.0,964127
2021-06-16 10:06:11,1472.85,964159
2021-06-16 10:06:12,1472.85,964159
2021-06-16 10:06:13,1472.85,964170
2021-06-16 10:06:14,1472.5,964180
2021-06-16 10:06:15,1472.8,964210
2021-06-16 10:06:17,1472.5,964229
2021-06-16 10:06:18,1472.5,964276
2021-06-16 10:06:19,1472.5,964313
2021-06-16 10:06:20,1472.5,964334
2021-06-16 10:06:22,1472.5,964342
2021-06-16 10:06:23,1472.2,964349
2021-06-16 10:06:24,1472.5,964361
2021-06-16 10:06:24,1472.5,964372
2021-06-16 10:06:25,1472.0,965197
2021-06-16 10:06:26,1472.0,965207
2021-06-16 10:06:27,1472.0,965303
2021-06-16 10:06:28,1472.0,965397
2021-06-16 10:06:29,1472.45,965732
2021-06-16 10:06:31,1472.0,965800
2021-06-16 10:06:32,1472.1,965801
2021-06-16 10:06:33,1472.05,965979
2021-06-16 10:06:34,1472.05,966034
2021-06-16 10:06:34,1472.05,966054
2021-06-16 10:06:35,1472.15,966139
2021-06-16 10:06:36,1472.45,966195
2021-06-16 10:06:37,1472.15,966348
2021-06-16 10:06:38,1472.15,966358
2021-06-16 10:06:40,1472.5,966750
2021-06-16 10:06:41,1472.0,967810
2021-06-16 10:06:42,1472.0,967812
2021-06-16 10:06:44,1472.0,967816
2021-06-16 10:06:44,1472.4,967876
2021-06-16 10:06:45,1472.4,967940
2021-06-16 10:06:46,1472.4,967940
2021-06-16 10:06:47,1472.4,967943
2021-06-16 10:06:48,1472.35,967992
2021-06-16 10:06:49,1472.35,968004
2021-06-16 10:06:50,1472.35,968204
2021-06-16 10:06:51,1472.3,968229
2021-06-16 10:06:54,1472.2,968341
2021-06-16 10:06:55,1472.2,968372
2021-06-16 10:06:56,1472.2,968404
2021-06-16 10:06:56,1472.15,968415
2021-06-16 10:06:58,1472.1,968599
2021-06-16 10:06:59,1472.15,968645
2021-06-16 10:06:59,1472.15,968647
2021-06-16 10:07:00,1472.2,968755
2021-06-16 10:07:01,1472.0,968765
2021-06-16 10:07:03,1472.2,969337
2021-06-16 10:07:04,1472.0,969362
2021-06-16 10:07:04,1472.0,969362
2021-06-16 10:07:05,1472.15,969367
2021-06-16 10:07:06,1472.0,969430
2021-06-16 10:07:07,1472.0,969430
2021-06-16 10:07:08,1472.0,970070
2021-06-16 10:07:10,1472.1,970189
2021-06-16 10:07:11,1472.1,970189
2021-06-16 10:07:12,1471.95,971421
2021-06-16 10:07:13,1471.95,971588
2021-06-16 10:07:14,1471.9,971628
2021-06-16 10:07:15,1471.95,971652
2021-06-16 10:07:16,1471.5,971662
2021-06-16 10:07:17,1471.5,971662
2021-06-16 10:07:18,1471.5,971662
2021-06-16 10:07:19,1471.5,971751
2021-06-16 10:07:19,1471.5,971751
2021-06-16 10:07:20,1471.85,971766
2021-06-16 10:07:21,1471.55,971776
2021-06-16 10:07:24,1471.55,971846
2021-06-16 10:07:25,1471.85,971966
2021-06-16 10:07:26,1471.8,972090
2021-06-16 10:07:27,1471.55,972095
2021-06-16 10:07:28,1471.8,972233
2021-06-16 10:07:29,1471.55,972332
2021-06-16 10:07:30,1471.55,972491
2021-06-16 10:07:31,1471.55,972637
2021-06-16 10:07:33,1471.6,972815
2021-06-16 10:07:34,1471.1,973306
2021-06-16 10:07:35,1471.3,973543
2021-06-16 10:07:35,1471.3,973543
2021-06-16 10:07:36,1471.05,974553
2021-06-16 10:07:37,1471.35,974563
2021-06-16 10:07:39,1471.05,974733
2021-06-16 10:07:40,1471.1,974743
2021-06-16 10:07:40,1471.1,974743
2021-06-16 10:07:41,1471.3,974845
2021-06-16 10:07:42,1471.1,974852
2021-06-16 10:07:44,1471.3,974884
2021-06-16 10:07:45,1471.1,974894
2021-06-16 10:07:48,1471.05,975323
2021-06-16 10:07:49,1471.0,975706
2021-06-16 10:07:50,1470.65,979178
2021-06-16 10:07:52,1470.65,980052
2021-06-16 10:07:52,1470.65,980061
2021-06-16 10:07:53,1470.3,980123
2021-06-16 10:07:54,1470.5,980601
2021-06-16 10:07:55,1470.65,980832
2021-06-16 10:07:56,1470.5,980942
2021-06-16 10:07:57,1470.3,981445
2021-06-16 10:07:58,1470.65,981521
