timestamp,ltp,volume
2021-06-16 09:15:39,116.2,110677
2021-06-16 09:15:44,115.9,117531
2021-06-16 09:15:49,116.05,119622
2021-06-16 09:15:54,116.05,133624
2021-06-16 09:15:58,115.95,137759
2021-06-16 09:16:03,115.9,139436
2021-06-16 09:16:08,115.9,144215
2021-06-16 09:16:12,115.95,148168
2021-06-16 09:16:17,115.95,153752
2021-06-16 09:16:22,116.0,167826
2021-06-16 09:16:26,115.95,169131
2021-06-16 09:16:31,116.0,173043
2021-06-16 09:16:35,116.0,209035
2021-06-16 09:16:40,116.05,236210
2021-06-16 09:16:44,116.1,243291
2021-06-16 09:16:49,116.15,247734
2021-06-16 09:16:53,116.1,251359
2021-06-16 09:17:02,116.1,253637
2021-06-16 09:17:06,115.95,264123
2021-06-16 09:17:11,116.1,267104
2021-06-16 09:17:20,116.0,268338
2021-06-16 09:17:25,116.1,283583
2021-06-16 09:17:29,116.0,285804
2021-06-16 09:17:33,116.0,288218
2021-06-16 09:17:42,116.1,292660
2021-06-16 09:17:47,116.05,292705
2021-06-16 09:17:51,116.1,295002
2021-06-16 09:17:55,116.05,299374
2021-06-16 09:18:00,116.05,302372
2021-06-16 09:18:04,116.05,304644
2021-06-16 09:18:08,116.05,310664
2021-06-16 09:18:12,116.15,312458
2021-06-16 09:18:16,116.1,312678
2021-06-16 09:18:21,116.1,388832
2021-06-16 09:18:25,116.1,390447
2021-06-16 09:18:34,116.1,391491
2021-06-16 09:18:38,116.1,401250
2021-06-16 09:18:42,116.1,406134
2021-06-16 09:18:47,116.05,409486
2021-06-16 09:18:51,116.05,411272
2021-06-16 09:18:55,116.15,411614
2021-06-16 09:18:59,116.1,419691
2021-06-16 09:19:04,116.15,420983
2021-06-16 09:19:08,116.25,457105
2021-06-16 09:19:12,116.3,464317
2021-06-16 09:19:16,116.35,474351
2021-06-16 09:19:25,116.3,476406
2021-06-16 09:19:29,116.2,478373
2021-06-16 09:19:33,116.3,481817
2021-06-16 09:19:38,116.2,483098
2021-06-16 09:19:42,116.25,495664
2021-06-16 09:19:46,116.2,498644
2021-06-16 09:19:50,116.2,500166
2021-06-16 09:19:55,116.2,501303
2021-06-16 09:19:59,116.1,508854
2021-06-16 09:20:03,116.1,567394
2021-06-16 09:20:07,116.1,568259
2021-06-16 09:20:12,116.15,572261
2021-06-16 09:20:16,116.1,573895
2021-06-16 09:20:20,116.2,578594
2021-06-16 09:20:24,116.4,640457
2021-06-16 09:20:29,116.4,643034
2021-06-16 09:20:33,116.35,652248
2021-06-16 09:20:37,116.45,666103
2021-06-16 09:20:42,116.6,705139
2021-06-16 09:20:46,116.6,708818
2021-06-16 09:20:50,116.5,710984
2021-06-16 09:20:55,116.6,714192
2021-06-16 09:20:59,116.5,730284
2021-06-16 09:21:03,116.5,732237
2021-06-16 09:21:07,116.45,740312
2021-06-16 09:21:11,116.7,767821
2021-06-16 09:21:15,116.65,774068
2021-06-16 09:21:20,116.75,780445
2021-06-16 09:21:24,116.8,809868
2021-06-16 09:21:28,116.75,814074
2021-06-16 09:21:32,116.8,823504
2021-06-16 09:21:36,116.75,824482
2021-06-16 09:21:40,116.85,838217
2021-06-16 09:21:44,116.8,852917
2021-06-16 09:21:48,116.8,855004
2021-06-16 09:21:57,116.75,871805
2021-06-16 09:22:01,116.8,875228
2021-06-16 09:22:05,116.75,879886
2021-06-16 09:22:13,116.85,941527
2021-06-16 09:22:17,116.85,945392
2021-06-16 09:22:21,116.85,947558
2021-06-16 09:22:25,116.7,951656
2021-06-16 09:22:33,116.75,970510
2021-06-16 09:22:37,116.7,972427
2021-06-16 09:22:41,116.7,972969
2021-06-16 09:22:45,116.7,973998
2021-06-16 09:22:49,116.6,974540
2021-06-16 09:22:53,116.65,981128
2021-06-16 09:22:57,116.7,983206
2021-06-16 09:23:01,116.6,984346
2021-06-16 09:23:05,116.65,1016458
2021-06-16 09:23:09,116.7,1018521
2021-06-16 09:23:13,116.7,1024511
2021-06-16 09:23:17,116.75,1027617
2021-06-16 09:23:21,116.75,1029454
2021-06-16 09:23:25,116.75,1031906
2021-06-16 09:23:33,116.75,1037084
2021-06-16 09:23:37,116.7,1039507
2021-06-16 09:23:41,116.65,1041771
2021-06-16 09:23:45,116.65,1049075
2021-06-16 09:23:49,116.65,1049864
2021-06-16 09:23:53,116.65,1054181
2021-06-16 09:23:57,116.65,1055938
2021-06-16 09:24:01,116.75,1061906
2021-06-16 09:24:05,116.7,1064071
2021-06-16 09:24:09,116.65,1064706
2021-06-16 09:24:13,116.7,1145543
2021-06-16 09:24:21,116.65,1149465
2021-06-16 09:24:25,116.6,1153696
2021-06-16 09:24:29,116.7,1158863
2021-06-16 09:24:33,116.6,1159940
2021-06-16 09:24:37,116.7,1161316
2021-06-16 09:24:41,116.6,1162933
2021-06-16 09:24:45,116.65,1163523
2021-06-16 09:24:49,116.7,1166321
2021-06-16 09:24:53,116.7,1166618
2021-06-16 09:24:57,116.7,1167653
2021-06-16 09:25:01,116.65,1168357
2021-06-16 09:25:05,116.55,1185977
2021-06-16 09:25:09,116.6,1186876
2021-06-16 09:25:13,116.55,1192586
2021-06-16 09:25:17,116.6,1196832
2021-06-16 09:25:21,116.55,1197481
2021-06-16 09:25:25,116.55,1197829
2021-06-16 09:25:29,116.55,1198017
2021-06-16 09:25:33,116.55,1202785
2021-06-16 09:25:37,116.55,1204296
2021-06-16 09:25:41,116.55,1204717
2021-06-16 09:25:45,116.55,1205746
2021-06-16 09:25:49,116.55,1208227
2021-06-16 09:25:53,116.6,1209650
2021-06-16 09:25:57,116.6,1212874
2021-06-16 09:26:01,116.7,1221351
2021-06-16 09:26:05,116.6,1221842
2021-06-16 09:26:09,116.6,1222046
2021-06-16 09:26:13,116.65,1223066
2021-06-16 09:26:17,116.6,1226420
2021-06-16 09:26:21,116.6,1231376
2021-06-16 09:26:24,116.6,1237897
2021-06-16 09:26:28,116.55,1238344
2021-06-16 09:26:32,116.5,1240537
2021-06-16 09:26:36,116.55,1240642
2021-06-16 09:26:40,116.55,1252039
2021-06-16 09:26:44,116.5,1252449
2021-06-16 09:26:47,116.4,1260634
2021-06-16 09:26:51,116.4,1261339
2021-06-16 09:26:55,116.35,1271450
2021-06-16 09:26:58,116.35,1271567
2021-06-16 09:27:02,116.5,1273337
2021-06-16 09:27:07,116.4,1273616
2021-06-16 09:27:11,116.4,1274339
2021-06-16 09:27:15,116.4,1277778
2021-06-16 09:27:18,116.5,1279754
2021-06-16 09:27:23,116.45,1283479
2021-06-16 09:27:27,116.55,1316144
2021-06-16 09:27:30,116.55,1324170
2021-06-16 09:27:35,116.55,1325685
2021-06-16 09:27:39,116.55,1331250
2021-06-16 09:27:46,116.55,1334071
2021-06-16 09:27:50,116.5,1335508
2021-06-16 09:27:54,116.4,1338118
2021-06-16 09:27:58,116.45,1339074
2021-06-16 09:28:02,116.5,1341647
2021-06-16 09:28:06,116.45,1342576
2021-06-16 09:28:09,116.5,1345982
2021-06-16 09:28:13,116.55,1350306
2021-06-16 09:28:17,116.6,1352851
2021-06-16 09:28:21,116.6,1355300
2021-06-16 09:28:25,116.5,1355780
2021-06-16 09:28:28,116.55,1357214
2021-06-16 09:28:32,116.5,1359045
2021-06-16 09:28:36,116.5,1359470
2021-06-16 09:28:39,116.45,1360521
2021-06-16 09:28:43,116.5,1362078
2021-06-16 09:28:47,116.45,1363734
2021-06-16 09:28:50,116.55,1364284
2021-06-16 09:28:54,116.55,1365405
2021-06-16 09:28:58,116.5,1376348
2021-06-16 09:29:05,116.55,1377404
2021-06-16 09:29:09,116.5,1379259
2021-06-16 09:29:12,116.5,1390341
2021-06-16 09:29:16,116.55,1390913
2021-06-16 09:29:20,116.55,1393559
2021-06-16 09:29:23,116.5,1394595
2021-06-16 09:29:27,116.55,1397304
2021-06-16 09:29:30,116.55,1401207
2021-06-16 09:29:38,116.55,1403474
2021-06-16 09:29:42,116.55,1408389
2021-06-16 09:29:49,116.4,1410651
2021-06-16 09:29:53,116.5,1410653
2021-06-16 09:30:03,116.35,1469305
2021-06-16 09:30:07,116.4,1469585
2021-06-16 09:30:11,116.4,1469668
2021-06-16 09:30:15,116.4,1470174
2021-06-16 09:30:18,116.4,1470287
2021-06-16 09:30:22,116.4,1473059
2021-06-16 09:30:26,116.4,1476637
2021-06-16 09:30:29,116.3,1477203
2021-06-16 09:30:33,116.4,1478418
2021-06-16 09:30:44,116.45,1489394
2021-06-16 09:30:47,116.4,1489484
2021-06-16 09:30:51,116.4,1489848
2021-06-16 09:30:55,116.4,1490112
2021-06-16 09:30:58,116.35,1494814
2021-06-16 09:31:02,116.35,1495383
2021-06-16 09:31:05,116.4,1495487
2021-06-16 09:31:13,116.45,1497391
2021-06-16 09:31:17,116.45,1497639
2021-06-16 09:31:20,116.45,1498766
2021-06-16 09:31:24,116.35,1512825
2021-06-16 09:31:28,116.4,1515812
2021-06-16 09:31:31,116.35,1516125
2021-06-16 09:31:35,116.3,1517580
2021-06-16 09:31:38,116.3,1519290
2021-06-16 09:31:41,116.3,1520315
2021-06-16 09:31:45,116.35,1520919
2021-06-16 09:31:49,116.3,1527206
2021-06-16 09:31:52,116.35,1527240
2021-06-16 09:31:56,116.35,1528965
2021-06-16 09:31:59,116.3,1532236
2021-06-16 09:32:02,116.35,1538997
2021-06-16 09:32:06,116.4,1543062
2021-06-16 09:32:09,116.35,1543246
2021-06-16 09:32:13,116.35,1547636
2021-06-16 09:32:19,116.4,1548142
2021-06-16 09:32:22,116.35,1548558
2021-06-16 09:32:25,116.45,1548659
2021-06-16 09:32:29,116.45,1549192
2021-06-16 09:32:32,116.45,1556084
2021-06-16 09:32:35,116.4,1557218
2021-06-16 09:32:39,116.4,1557294
2021-06-16 09:32:42,116.45,1557963
2021-06-16 09:32:46,116.5,1581449
2021-06-16 09:32:49,116.5,1581574
2021-06-16 09:32:52,116.5,1582111
2021-06-16 09:32:56,116.5,1608937
2021-06-16 09:32:59,116.55,1609768
2021-06-16 09:33:06,116.6,1622652
2021-06-16 09:33:10,116.6,1625403
2021-06-16 09:33:13,116.5,1625620
2021-06-16 09:33:16,116.6,1627359
2021-06-16 09:33:19,116.6,1627744
2021-06-16 09:33:23,116.6,1627862
2021-06-16 09:33:26,116.6,1628587
2021-06-16 09:33:29,116.6,1628638
2021-06-16 09:33:33,116.65,1654641
2021-06-16 09:33:36,116.6,1657941
2021-06-16 09:33:39,116.65,1660194
2021-06-16 09:33:43,116.6,1660694
2021-06-16 09:33:46,116.6,1663214
2021-06-16 09:33:49,116.65,1664021
2021-06-16 09:33:52,116.7,1667362
2021-06-16 09:33:56,116.6,1668121
2021-06-16 09:33:59,116.6,1673872
2021-06-16 09:34:03,116.7,1675178
2021-06-16 09:34:06,116.7,1676455
2021-06-16 09:34:09,116.65,1677618
2021-06-16 09:34:13,116.7,1678036
2021-06-16 09:34:20,116.65,1681273
2021-06-16 09:34:23,116.7,1681879
2021-06-16 09:34:27,116.65,1691361
2021-06-16 09:34:30,116.65,1693315
2021-06-16 09:34:34,116.65,1693681
2021-06-16 09:34:37,116.7,1693986
2021-06-16 09:34:40,116.65,1694084
2021-06-16 09:34:43,116.65,1697322
2021-06-16 09:34:47,116.7,1702059
2021-06-16 09:34:50,116.75,1714534
2021-06-16 09:34:53,116.7,1714623
2021-06-16 09:34:56,116.75,1715237
2021-06-16 09:35:00,116.75,1715393
2021-06-16 09:35:03,116.75,1724476
2021-06-16 09:35:07,116.75,1725117
2021-06-16 09:35:11,116.7,1727558
2021-06-16 09:35:14,116.7,1727588
2021-06-16 09:35:18,116.7,1728057
2021-06-16 09:35:21,116.7,1729250
2021-06-16 09:35:25,116.7,1729412
2021-06-16 09:35:28,116.75,1729611
2021-06-16 09:35:32,116.65,1731114
2021-06-16 09:35:36,116.7,1731418
2021-06-16 09:35:39,116.7,1771620
2021-06-16 09:35:42,116.75,1773027
2021-06-16 09:35:46,116.8,1807315
2021-06-16 09:35:49,116.75,1809436
2021-06-16 09:35:53,116.7,1826737
2021-06-16 09:35:56,116.75,1828397
2021-06-16 09:35:59,116.7,1829563
2021-06-16 09:36:03,116.75,1829654
2021-06-16 09:36:06,116.75,1830096
2021-06-16 09:36:10,116.75,1832763
2021-06-16 09:36:13,116.75,1834657
2021-06-16 09:36:16,116.7,1835299
2021-06-16 09:36:20,116.75,1837535
2021-06-16 09:36:23,116.75,1837609
2021-06-16 09:36:26,116.75,1838052
2021-06-16 09:36:29,116.75,1838082
2021-06-16 09:36:33,116.75,1838823
2021-06-16 09:36:36,116.75,1839486
2021-06-16 09:36:40,116.75,1840108
2021-06-16 09:36:43,116.75,1841165
2021-06-16 09:36:50,116.75,1848846
2021-06-16 09:36:54,116.75,1850950
2021-06-16 09:36:57,116.75,1853772
2021-06-16 09:37:01,116.7,1855157
2021-06-16 09:37:04,116.7,1864312
2021-06-16 09:37:07,116.65,1864898
2021-06-16 09:37:10,116.7,1864928
2021-06-16 09:37:13,116.65,1865040
2021-06-16 09:37:16,116.7,1866253
2021-06-16 09:37:19,116.7,1866398
2021-06-16 09:37:23,116.65,1867358
2021-06-16 09:37:26,116.7,1868135
2021-06-16 09:37:29,116.65,1868507
2021-06-16 09:37:33,116.65,1870477
2021-06-16 09:37:36,116.7,1882384
2021-06-16 09:37:39,116.7,1883445
2021-06-16 09:37:42,116.75,1883555
2021-06-16 09:37:45,116.7,1883975
2021-06-16 09:37:49,116.65,1884144
2021-06-16 09:37:52,116.7,1885184
2021-06-16 09:37:55,116.7,1887494
2021-06-16 09:37:58,116.65,1887834
2021-06-16 09:38:01,116.65,1888053
2021-06-16 09:38:04,116.7,1892751
2021-06-16 09:38:07,116.65,1892806
2021-06-16 09:38:11,116.65,1892866
2021-06-16 09:38:14,116.65,1893037
2021-06-16 09:38:18,116.65,1894239
2021-06-16 09:38:21,116.65,1894489
2021-06-16 09:38:24,116.6,1899166
2021-06-16 09:38:27,116.65,1900048
2021-06-16 09:38:31,116.65,1900050
2021-06-16 09:38:34,116.65,1901970
2021-06-16 09:38:37,116.65,1902090
2021-06-16 09:38:40,116.65,1902091
2021-06-16 09:38:44,116.6,1902496
2021-06-16 09:38:47,116.65,1902614
2021-06-16 09:38:50,116.6,1902619
2021-06-16 09:38:53,116.65,1903138
2021-06-16 09:38:56,116.65,1903258
2021-06-16 09:39:00,116.6,1905283
2021-06-16 09:39:03,116.6,1907084
2021-06-16 09:39:07,116.6,1907218
2021-06-16 09:39:10,116.6,1907684
2021-06-16 09:39:13,116.65,1907732
2021-06-16 09:39:16,116.65,1907905
2021-06-16 09:39:20,116.65,1907977
2021-06-16 09:39:23,116.6,1908242
2021-06-16 09:39:27,116.65,1909095
2021-06-16 09:39:30,116.65,1909259
2021-06-16 09:39:33,116.6,1909466
2021-06-16 09:39:37,116.65,1909616
2021-06-16 09:39:40,116.65,1909671
2021-06-16 09:39:43,116.6,1910019
2021-06-16 09:39:46,116.6,1910056
2021-06-16 09:39:49,116.6,1914560
2021-06-16 09:39:53,116.6,1919207
2021-06-16 09:39:56,116.6,1919643
2021-06-16 09:40:00,116.6,1920217
2021-06-16 09:40:03,116.6,1920328
2021-06-16 09:40:06,116.55,1920534
2021-06-16 09:40:10,116.6,1923196
2021-06-16 09:40:13,116.55,1923210
2021-06-16 09:40:16,116.55,1923311
2021-06-16 09:40:20,116.55,1928390
2021-06-16 09:40:23,116.6,1928944
2021-06-16 09:40:26,116.6,1929433
2021-06-16 09:40:29,116.6,1929991
2021-06-16 09:40:32,116.55,1930138
2021-06-16 09:40:36,116.55,1930202
2021-06-16 09:40:38,116.6,1930208
2021-06-16 09:40:42,116.55,1930670
2021-06-16 09:40:49,116.55,1931945
2021-06-16 09:40:52,116.55,1933164
2021-06-16 09:40:55,116.55,1934385
2021-06-16 09:40:58,116.6,1935431
2021-06-16 09:41:01,116.55,1935602
2021-06-16 09:41:04,116.55,1935656
2021-06-16 09:41:07,116.6,1937488
2021-06-16 09:41:10,116.5,1938064
2021-06-16 09:41:13,116.55,1938281
2021-06-16 09:41:16,116.5,1938603
2021-06-16 09:41:19,116.5,1938753
2021-06-16 09:41:22,116.5,1939253
2021-06-16 09:41:26,116.5,1940362
2021-06-16 09:41:29,116.6,1940798
2021-06-16 09:41:32,116.55,1941102
2021-06-16 09:41:35,116.5,1941255
2021-06-16 09:41:38,116.5,1941805
2021-06-16 09:41:41,116.55,1941806
2021-06-16 09:41:45,116.5,1941907
2021-06-16 09:41:48,116.5,1942111
2021-06-16 09:41:51,116.55,1943412
2021-06-16 09:41:55,116.5,1943468
2021-06-16 09:41:57,116.5,1945954
2021-06-16 09:42:00,116.55,1947366
2021-06-16 09:42:03,116.5,1955649
2021-06-16 09:42:09,116.5,1957111
2021-06-16 09:42:12,116.45,1965290
2021-06-16 09:42:15,116.45,1965957
2021-06-16 09:42:18,116.35,1967072
2021-06-16 09:42:21,116.45,1968784
2021-06-16 09:42:24,116.45,1968784
2021-06-16 09:42:27,116.45,1970394
2021-06-16 09:42:33,116.45,1972320
2021-06-16 09:42:36,116.4,1974378
2021-06-16 09:42:39,116.4,1974554
2021-06-16 09:42:42,116.5,1978332
2021-06-16 09:42:46,116.4,1979842
2021-06-16 09:42:49,116.4,1980092
2021-06-16 09:42:51,116.4,1980306
2021-06-16 09:42:55,116.45,1980310
2021-06-16 09:42:58,116.4,1980311
2021-06-16 09:43:01,116.45,1981530
2021-06-16 09:43:04,116.45,1981764
2021-06-16 09:43:07,116.45,1981771
2021-06-16 09:43:14,116.4,1987968
2021-06-16 09:43:17,116.4,1992386
2021-06-16 09:43:21,116.4,1992526
2021-06-16 09:43:24,116.4,1995306
2021-06-16 09:43:28,116.4,1995946
2021-06-16 09:43:31,116.4,1997977
2021-06-16 09:43:33,116.4,1998997
2021-06-16 09:43:36,116.4,1998997
2021-06-16 09:43:39,116.4,1999072
2021-06-16 09:43:42,116.4,1999122
2021-06-16 09:43:45,116.35,1999344
2021-06-16 09:43:48,116.35,2001918
2021-06-16 09:43:55,116.25,2032857
2021-06-16 09:43:58,116.2,2036077
2021-06-16 09:44:05,116.25,2036697
2021-06-16 09:44:09,116.25,2037197
2021-06-16 09:44:12,116.25,2039924
2021-06-16 09:44:15,116.3,2042134
2021-06-16 09:44:18,116.35,2044227
2021-06-16 09:44:22,116.3,2047729
2021-06-16 09:44:25,116.3,2049024
2021-06-16 09:44:28,116.4,2049210
2021-06-16 09:44:31,116.4,2049325
2021-06-16 09:44:35,116.35,2053547
2021-06-16 09:44:38,116.3,2054605
2021-06-16 09:44:41,116.3,2059639
2021-06-16 09:44:44,116.25,2060965
2021-06-16 09:44:47,116.3,2061266
2021-06-16 09:44:50,116.3,2062970
2021-06-16 09:44:53,116.3,2063486
2021-06-16 09:44:56,116.3,2063732
2021-06-16 09:45:00,116.3,2063738
2021-06-16 09:45:03,116.25,2063788
2021-06-16 09:45:06,116.25,2068437
2021-06-16 09:45:09,116.35,2069941
2021-06-16 09:45:12,116.25,2070779
2021-06-16 09:45:16,116.3,2071422
2021-06-16 09:45:19,116.3,2073624
2021-06-16 09:45:28,116.25,2076089
2021-06-16 09:45:31,116.3,2078834
2021-06-16 09:45:35,116.3,2079132
2021-06-16 09:45:38,116.25,2079182
2021-06-16 09:45:41,116.25,2080370
2021-06-16 09:45:48,116.3,2081717
2021-06-16 09:45:51,116.25,2082037
2021-06-16 09:45:55,116.3,2084407
2021-06-16 09:45:58,116.25,2084447
2021-06-16 09:46:01,116.25,2085798
2021-06-16 09:46:05,116.25,2096552
2021-06-16 09:46:08,116.25,2096622
2021-06-16 09:46:11,116.25,2097372
2021-06-16 09:46:14,116.2,2098377
2021-06-16 09:46:18,116.25,2098789
2021-06-16 09:46:24,116.25,2101402
2021-06-16 09:46:28,116.25,2101722
2021-06-16 09:46:31,116.25,2102288
2021-06-16 09:46:34,116.25,2102413
2021-06-16 09:46:37,116.3,2103422
2021-06-16 09:46:41,116.2,2107701
2021-06-16 09:46:44,116.25,2107705
2021-06-16 09:46:51,116.25,2134372
2021-06-16 09:46:55,116.25,2136315
2021-06-16 09:46:58,116.2,2137805
2021-06-16 09:47:01,116.25,2138184
2021-06-16 09:47:04,116.25,2138185
2021-06-16 09:47:07,116.25,2138478
2021-06-16 09:47:11,116.1,2143378
2021-06-16 09:47:14,116.0,2173909
2021-06-16 09:47:18,116.05,2174329
2021-06-16 09:47:21,116.1,2177133
2021-06-16 09:47:24,116.1,2178333
2021-06-16 09:47:27,116.2,2178334
2021-06-16 09:47:31,116.1,2179337
2021-06-16 09:47:34,116.2,2180131
2021-06-16 09:47:37,116.15,2182270
2021-06-16 09:47:41,116.15,2182331
2021-06-16 09:47:47,116.15,2183195
2021-06-16 09:47:50,116.1,2184330
2021-06-16 09:47:53,116.1,2184400
2021-06-16 09:47:57,116.1,2185391
2021-06-16 09:48:00,116.15,2186131
2021-06-16 09:48:03,116.1,2186495
2021-06-16 09:48:07,116.1,2186496
2021-06-16 09:48:10,116.15,2187699
2021-06-16 09:48:14,116.15,2188381
2021-06-16 09:48:18,116.1,2189090
2021-06-16 09:48:21,116.1,2191080
2021-06-16 09:48:24,116.05,2193811
2021-06-16 09:48:28,116.1,2198897
2021-06-16 09:48:35,116.0,2206403
2021-06-16 09:48:38,116.05,2208885
2021-06-16 09:48:42,116.0,2210695
2021-06-16 09:48:45,116.0,2212908
2021-06-16 09:48:48,116.1,2214053
2021-06-16 09:48:51,116.1,2214454
2021-06-16 09:48:54,116.05,2214802
2021-06-16 09:48:58,116.1,2214940
2021-06-16 09:49:04,116.05,2215948
2021-06-16 09:49:08,116.1,2216970
2021-06-16 09:49:11,116.05,2217174
2021-06-16 09:49:18,116.05,2220300
2021-06-16 09:49:21,116.1,2221335
2021-06-16 09:49:25,116.1,2223666
2021-06-16 09:49:28,116.1,2224820
2021-06-16 09:49:31,116.15,2225515
2021-06-16 09:49:35,116.15,2230497
2021-06-16 09:49:38,116.15,2232542
2021-06-16 09:49:41,116.2,2233170
2021-06-16 09:49:44,116.2,2234064
2021-06-16 09:49:50,116.15,2249549
2021-06-16 09:49:54,116.05,2255388
2021-06-16 09:49:56,116.05,2259707
2021-06-16 09:49:59,116.15,2261415
2021-06-16 09:50:03,116.05,2273688
2021-06-16 09:50:06,116.15,2280320
2021-06-16 09:50:09,116.2,2282960
2021-06-16 09:50:13,116.2,2284888
2021-06-16 09:50:16,116.2,2285585
2021-06-16 09:50:19,116.15,2287348
2021-06-16 09:50:23,116.15,2288144
2021-06-16 09:50:27,116.1,2288972
2021-06-16 09:50:30,116.2,2289233
2021-06-16 09:50:33,116.15,2289321
2021-06-16 09:50:36,116.15,2289882
2021-06-16 09:50:39,116.1,2290076
2021-06-16 09:50:42,116.1,2290336
2021-06-16 09:50:45,116.1,2290584
2021-06-16 09:50:48,116.2,2291490
2021-06-16 09:50:51,116.1,2291764
2021-06-16 09:50:54,116.15,2292250
2021-06-16 09:50:58,116.2,2293533
2021-06-16 09:51:01,116.2,2299933
2021-06-16 09:51:04,116.3,2308443
2021-06-16 09:51:07,116.25,2308543
2021-06-16 09:51:10,116.25,2315702
2021-06-16 09:51:13,116.35,2315735
2021-06-16 09:51:16,116.25,2317807
2021-06-16 09:51:20,116.4,2323873
2021-06-16 09:51:23,116.4,2326225
2021-06-16 09:51:26,116.4,2326776
2021-06-16 09:51:29,116.35,2327322
2021-06-16 09:51:32,116.3,2329725
2021-06-16 09:51:36,116.35,2330750
2021-06-16 09:51:38,116.4,2364650
2021-06-16 09:51:41,116.4,2364812
2021-06-16 09:51:44,116.4,2365511
2021-06-16 09:51:48,116.45,2365534
2021-06-16 09:51:51,116.6,2441002
2021-06-16 09:51:54,116.6,2450017
2021-06-16 09:51:57,116.55,2450567
2021-06-16 09:52:00,116.55,2450567
2021-06-16 09:52:03,116.55,2459977
2021-06-16 09:52:06,116.6,2463570
2021-06-16 09:52:09,116.6,2464563
2021-06-16 09:52:12,116.55,2474584
2021-06-16 09:52:15,116.55,2489582
2021-06-16 09:52:18,116.55,2492903
2021-06-16 09:52:22,116.7,2501277
2021-06-16 09:52:25,116.65,2501536
2021-06-16 09:52:28,116.7,2503225
2021-06-16 09:52:32,116.7,2517308
2021-06-16 09:52:35,116.7,2523022
2021-06-16 09:52:38,116.75,2525419
2021-06-16 09:52:41,116.7,2527762
2021-06-16 09:52:45,116.65,2533067
2021-06-16 09:52:49,116.65,2534931
2021-06-16 09:52:52,116.65,2536694
2021-06-16 09:52:55,116.65,2538144
2021-06-16 09:52:58,116.8,2584762
2021-06-16 09:53:01,116.75,2609564
2021-06-16 09:53:05,116.75,2616420
2021-06-16 09:53:08,116.8,2618913
2021-06-16 09:53:11,116.75,2624473
2021-06-16 09:53:14,116.85,2626407
2021-06-16 09:53:17,116.8,2627560
2021-06-16 09:53:20,116.85,2628263
2021-06-16 09:53:23,116.75,2628491
2021-06-16 09:53:26,116.75,2635176
2021-06-16 09:53:29,116.85,2637446
2021-06-16 09:53:32,116.85,2674703
2021-06-16 09:53:36,116.8,2676015
2021-06-16 09:53:39,116.8,2687247
2021-06-16 09:53:42,116.85,2728573
2021-06-16 09:53:45,116.85,2729494
2021-06-16 09:53:48,116.9,2754068
2021-06-16 09:53:52,116.95,2754786
2021-06-16 09:53:55,116.9,2760021
2021-06-16 09:53:58,116.85,2766785
2021-06-16 09:54:01,116.85,2769016
2021-06-16 09:54:04,116.9,2802785
2021-06-16 09:54:06,116.85,2804458
2021-06-16 09:54:07,116.85,2804520
2021-06-16 09:54:08,116.85,2805154
2021-06-16 09:54:09,116.8,2808660
2021-06-16 09:54:09,116.9,2808830
2021-06-16 09:54:11,116.85,2809655
2021-06-16 09:54:11,116.85,2809655
2021-06-16 09:54:14,116.85,2810947
2021-06-16 09:54:15,116.9,2811313
2021-06-16 09:54:18,116.85,2812944
2021-06-16 09:54:19,116.8,2813044
2021-06-16 09:54:20,116.85,2813094
2021-06-16 09:54:21,116.85,2813094
2021-06-16 09:54:23,116.9,2813908
2021-06-16 09:54:24,116.9,2816494
2021-06-16 09:54:25,116.8,2816694
2021-06-16 09:54:26,116.8,2816700
2021-06-16 09:54:27,116.85,2818152
2021-06-16 09:54:29,116.85,2829025
2021-06-16 09:54:31,116.8,2831763
2021-06-16 09:54:33,116.8,2835318
2021-06-16 09:54:34,116.75,2836221
2021-06-16 09:54:36,116.85,2836874
2021-06-16 09:54:38,116.8,2839551
2021-06-16 09:54:39,116.8,2841110
2021-06-16 09:54:40,116.75,2842596
2021-06-16 09:54:41,116.8,2845645
2021-06-16 09:54:42,116.8,2846674
2021-06-16 09:54:43,116.8,2852225
2021-06-16 09:54:44,116.85,2853990
2021-06-16 09:54:45,116.85,2854706
2021-06-16 09:54:46,116.8,2855121
2021-06-16 09:54:47,116.85,2855268
2021-06-16 09:54:49,116.85,2855338
2021-06-16 09:54:48,116.85,2855317
2021-06-16 09:54:51,116.85,2855446
2021-06-16 09:54:52,116.8,2865488
2021-06-16 09:54:53,116.8,2870300
2021-06-16 09:54:54,116.8,2871864
2021-06-16 09:54:55,116.8,2873391
2021-06-16 09:54:56,116.85,2875033
2021-06-16 09:54:57,116.95,2908550
2021-06-16 09:54:58,117.0,2938150
2021-06-16 09:55:00,117.0,3073092
2021-06-16 09:55:01,117.05,3074599
2021-06-16 09:55:02,117.05,3077620
2021-06-16 09:55:03,116.95,3077820
2021-06-16 09:55:04,117.05,3078148
2021-06-16 09:55:04,117.05,3078148
2021-06-16 09:55:06,117.0,3079872
2021-06-16 09:55:07,117.05,3080934
2021-06-16 09:55:07,116.95,3082026
2021-06-16 09:55:08,116.95,3082654
2021-06-16 09:55:09,116.9,3086435
2021-06-16 09:55:10,117.0,3093373
2021-06-16 09:55:11,116.95,3095713
2021-06-16 09:55:13,117.0,3097081
2021-06-16 09:55:15,116.95,3102783
2021-06-16 09:55:16,117.0,3103558
2021-06-16 09:55:17,116.95,3104058
2021-06-16 09:55:18,116.95,3104662
2021-06-16 09:55:19,116.85,3107712
2021-06-16 09:55:20,116.9,3114748
2021-06-16 09:55:21,116.95,3115358
2021-06-16 09:55:22,116.85,3115507
2021-06-16 09:55:23,116.9,3116757
2021-06-16 09:55:24,116.8,3127955
2021-06-16 09:55:25,116.8,3129967
2021-06-16 09:55:26,116.85,3130968
2021-06-16 09:55:27,116.8,3130969
2021-06-16 09:55:28,116.85,3130989
2021-06-16 09:55:29,116.8,3131186
2021-06-16 09:55:30,116.8,3131998
2021-06-16 09:55:31,116.8,3131998
2021-06-16 09:55:32,116.8,3131998
2021-06-16 09:55:33,116.9,3132017
2021-06-16 09:55:34,116.8,3135522
2021-06-16 09:55:35,116.8,3135522
2021-06-16 09:55:36,116.85,3135602
2021-06-16 09:55:37,116.85,3135673
2021-06-16 09:55:38,116.9,3135675
2021-06-16 09:55:39,116.9,3135675
2021-06-16 09:55:40,116.9,3135875
2021-06-16 09:55:41,116.85,3136425
2021-06-16 09:55:44,116.85,3136911
2021-06-16 09:55:45,116.9,3137005
2021-06-16 09:55:46,116.9,3137005
2021-06-16 09:55:47,116.95,3149841
2021-06-16 09:55:48,116.95,3149856
2021-06-16 09:55:49,117.0,3149957
2021-06-16 09:55:50,117.05,3197973
2021-06-16 09:55:51,116.95,3203391
2021-06-16 09:55:52,117.0,3208011
2021-06-16 09:55:53,117.1,3231960
2021-06-16 09:55:53,117.1,3231960
2021-06-16 09:55:54,117.1,3232659
2021-06-16 09:55:55,117.1,3236402
2021-06-16 09:55:56,117.0,3242856
2021-06-16 09:55:58,117.05,3244557
2021-06-16 09:55:59,117.05,3251372
2021-06-16 09:56:00,117.0,3251422
2021-06-16 09:56:01,117.1,3252654
2021-06-16 09:56:02,117.1,3253255
2021-06-16 09:56:03,117.0,3253455
2021-06-16 09:56:04,117.0,3253645
2021-06-16 09:56:05,117.0,3253900
2021-06-16 09:56:06,117.0,3253910
2021-06-16 09:56:06,117.1,3255160
2021-06-16 09:56:07,117.0,3255660
2021-06-16 09:56:08,117.0,3256329
2021-06-16 09:56:10,117.1,3257452
2021-06-16 09:56:11,117.1,3261463
2021-06-16 09:56:12,117.1,3261801
2021-06-16 09:56:13,117.0,3261806
2021-06-16 09:56:14,117.0,3262317
2021-06-16 09:56:15,117.1,3264353
2021-06-16 09:56:15,117.1,3264393
2021-06-16 09:56:17,117.05,3265529
2021-06-16 09:56:19,117.1,3266839
2021-06-16 09:56:19,117.1,3268589
2021-06-16 09:56:20,117.1,3269189
2021-06-16 09:56:21,117.1,3269324
2021-06-16 09:56:22,117.0,3275676
2021-06-16 09:56:23,117.1,3275876
2021-06-16 09:56:25,117.1,3276802
2021-06-16 09:56:26,117.1,3277804
2021-06-16 09:56:27,117.1,3277954
2021-06-16 09:56:28,117.05,3279492
2021-06-16 09:56:29,117.05,3279570
2021-06-16 09:56:30,117.1,3279943
2021-06-16 09:56:31,117.1,3282693
2021-06-16 09:56:33,117.1,3285045
2021-06-16 09:56:33,117.05,3285340
2021-06-16 09:56:35,117.1,3286741
2021-06-16 09:56:36,117.15,3288216
2021-06-16 09:56:37,117.05,3288218
2021-06-16 09:56:38,117.15,3294118
2021-06-16 09:56:39,117.05,3294241
2021-06-16 09:56:40,117.05,3301136
2021-06-16 09:56:40,117.05,3301136
2021-06-16 09:56:43,117.1,3302040
2021-06-16 09:56:43,117.05,3303140
2021-06-16 09:56:44,117.05,3304040
2021-06-16 09:56:45,117.05,3305352
2021-06-16 09:56:46,117.05,3305352
2021-06-16 09:56:47,117.05,3305484
2021-06-16 09:56:48,117.1,3305984
2021-06-16 09:56:49,117.05,3306014
2021-06-16 09:56:50,117.05,3306016
2021-06-16 09:56:51,117.1,3306107
2021-06-16 09:56:52,117.1,3306107
2021-06-16 09:56:53,117.05,3307451
2021-06-16 09:56:55,117.05,3308612
2021-06-16 09:56:55,117.1,3313962
2021-06-16 09:56:57,117.0,3315983
2021-06-16 09:56:58,117.05,3316433
2021-06-16 09:56:59,117.05,3316684
2021-06-16 09:57:00,117.05,3318434
2021-06-16 09:57:01,117.05,3318434
2021-06-16 09:57:02,117.05,3319335
2021-06-16 09:57:03,117.05,3327642
2021-06-16 09:57:04,117.05,3327672
2021-06-16 09:57:05,117.05,3327689
2021-06-16 09:57:06,117.0,3332840
2021-06-16 09:57:07,117.05,3332841
2021-06-16 09:57:07,117.05,3333343
2021-06-16 09:57:08,117.05,3333346
2021-06-16 09:57:09,117.05,3333938
2021-06-16 09:57:10,117.05,3334809
2021-06-16 09:57:11,117.05,3334809
2021-06-16 09:57:13,117.05,3335811
2021-06-16 09:57:13,117.0,3335816
2021-06-16 09:57:14,117.05,3336809
2021-06-16 09:57:16,117.05,3337688
2021-06-16 09:57:16,117.0,3337738
2021-06-16 09:57:17,117.05,3338588
2021-06-16 09:57:19,117.05,3338862
2021-06-16 09:57:19,117.0,3339962
2021-06-16 09:57:21,117.0,3340857
2021-06-16 09:57:22,117.0,3340877
2021-06-16 09:57:23,117.0,3342077
2021-06-16 09:57:24,117.0,3342293
2021-06-16 09:57:25,117.05,3342294
2021-06-16 09:57:26,117.0,3343489
2021-06-16 09:57:26,117.05,3343739
2021-06-16 09:57:27,116.95,3344439
2021-06-16 09:57:28,117.0,3345499
2021-06-16 09:57:30,117.05,3346602
2021-06-16 09:57:30,117.05,3357603
2021-06-16 09:57:31,117.0,3357838
2021-06-16 09:57:32,117.0,3357944
2021-06-16 09:57:33,117.0,3357944
2021-06-16 09:57:35,117.0,3358547
2021-06-16 09:57:36,116.95,3362448
2021-06-16 09:57:37,116.95,3362448
2021-06-16 09:57:38,116.95,3362567
2021-06-16 09:57:40,117.0,3363665
2021-06-16 09:57:41,116.95,3368397
2021-06-16 09:57:42,116.95,3368498
2021-06-16 09:57:43,116.95,3368499
2021-06-16 09:57:44,116.95,3368514
2021-06-16 09:57:45,116.95,3368514
2021-06-16 09:57:46,116.95,3368735
2021-06-16 09:57:47,116.9,3369735
2021-06-16 09:57:48,116.9,3369856
2021-06-16 09:57:49,116.9,3381068
2021-06-16 09:57:50,116.85,3381419
2021-06-16 09:57:51,116.85,3382087
2021-06-16 09:57:52,116.85,3382087
2021-06-16 09:57:53,116.8,3392188
2021-06-16 09:57:54,116.8,3397496
2021-06-16 09:57:54,116.9,3397546
2021-06-16 09:57:55,116.8,3400232
2021-06-16 09:57:57,116.95,3406382
2021-06-16 09:57:57,116.9,3407538
2021-06-16 09:57:59,116.9,3407538
2021-06-16 09:58:00,116.9,3407571
2021-06-16 09:58:01,116.9,3407672
2021-06-16 09:58:02,116.9,3408274
2021-06-16 09:58:03,116.9,3408344
2021-06-16 09:58:05,116.9,3409048
2021-06-16 09:58:06,116.85,3414148
2021-06-16 09:58:07,116.8,3418148
2021-06-16 09:58:08,116.9,3443545
2021-06-16 09:58:09,116.9,3443570
2021-06-16 09:58:11,116.8,3444270
2021-06-16 09:58:13,116.9,3444340
2021-06-16 09:58:14,116.9,3445351
2021-06-16 09:58:15,116.9,3445352
2021-06-16 09:58:15,116.9,3445852
2021-06-16 09:58:17,116.8,3446233
2021-06-16 09:58:18,116.9,3446802
2021-06-16 09:58:19,116.9,3446802
2021-06-16 09:58:20,116.9,3447010
2021-06-16 09:58:21,116.8,3447165
2021-06-16 09:58:22,116.9,3447186
2021-06-16 09:58:23,116.8,3447214
2021-06-16 09:58:23,116.8,3447214
2021-06-16 09:58:26,116.8,3447845
2021-06-16 09:58:27,116.85,3448845
2021-06-16 09:58:28,116.85,3449355
2021-06-16 09:58:29,116.8,3449365
2021-06-16 09:58:30,116.85,3463076
2021-06-16 09:58:31,116.8,3463196
2021-06-16 09:58:32,116.85,3464263
2021-06-16 09:58:33,116.8,3464314
2021-06-16 09:58:34,116.8,3464914
2021-06-16 09:58:35,116.85,3465916
2021-06-16 09:58:36,116.9,3469560
2021-06-16 09:58:37,116.9,3469560
2021-06-16 09:58:38,116.85,3469770
2021-06-16 09:58:39,116.9,3469894
2021-06-16 09:58:40,116.9,3471054
2021-06-16 09:58:41,116.9,3471355
2021-06-16 09:58:41,116.85,3474355
2021-06-16 09:58:42,116.85,3476285
2021-06-16 09:58:43,116.9,3477289
2021-06-16 09:58:44,116.9,3477289
2021-06-16 09:58:46,116.9,3477289
2021-06-16 09:58:47,116.9,3477441
2021-06-16 09:58:49,116.8,3479842
2021-06-16 09:58:50,116.9,3479892
2021-06-16 09:58:51,116.9,3479952
2021-06-16 09:58:52,116.9,3480970
2021-06-16 09:58:52,116.9,3480970
2021-06-16 09:58:54,116.9,3481155
2021-06-16 09:58:55,116.9,3481655
2021-06-16 09:58:56,116.9,3481841
2021-06-16 09:58:56,116.9,3481871
2021-06-16 09:58:58,116.9,3482871
2021-06-16 09:58:59,116.9,3483451
2021-06-16 09:58:59,116.85,3483501
2021-06-16 09:59:01,116.9,3483506
2021-06-16 09:59:02,116.9,3483985
2021-06-16 09:59:03,116.85,3483987
2021-06-16 09:59:04,116.9,3484408
2021-06-16 09:59:05,116.8,3484559
2021-06-16 09:59:06,116.9,3484659
2021-06-16 09:59:07,116.9,3484980
2021-06-16 09:59:08,116.9,3485380
2021-06-16 09:59:09,116.9,3485381
2021-06-16 09:59:10,116.9,3485626
2021-06-16 09:59:11,116.9,3486181
2021-06-16 09:59:12,116.9,3486181
2021-06-16 09:59:13,116.8,3486331
2021-06-16 09:59:14,116.9,3486333
2021-06-16 09:59:15,116.85,3486336
2021-06-16 09:59:16,116.85,3486336
2021-06-16 09:59:17,116.9,3486338
2021-06-16 09:59:18,116.85,3486555
2021-06-16 09:59:19,116.8,3486586
2021-06-16 09:59:20,116.85,3487031
2021-06-16 09:59:21,116.85,3487051
2021-06-16 09:59:22,116.8,3487585
2021-06-16 09:59:25,116.8,3487947
2021-06-16 09:59:26,116.8,3488147
2021-06-16 09:59:27,116.85,3488148
2021-06-16 09:59:28,116.85,3488148
2021-06-16 09:59:29,116.85,3488153
2021-06-16 09:59:30,116.8,3506621
2021-06-16 09:59:31,116.8,3506742
2021-06-16 09:59:32,116.8,3507986
2021-06-16 09:59:33,116.8,3511232
2021-06-16 09:59:34,116.8,3511262
2021-06-16 09:59:35,116.75,3511363
2021-06-16 09:59:36,116.75,3517686
2021-06-16 09:59:37,116.75,3517736
2021-06-16 09:59:38,116.75,3518889
2021-06-16 09:59:39,116.75,3518901
2021-06-16 09:59:40,116.75,3518903
2021-06-16 09:59:41,116.75,3518903
2021-06-16 09:59:42,116.75,3518915
2021-06-16 09:59:43,116.7,3518936
2021-06-16 09:59:44,116.75,3520221
2021-06-16 09:59:45,116.75,3520321
2021-06-16 09:59:47,116.75,3520431
2021-06-16 09:59:48,116.75,3520433
2021-06-16 09:59:49,116.75,3520533
2021-06-16 09:59:50,116.7,3520552
2021-06-16 09:59:51,116.75,3520852
2021-06-16 09:59:53,116.7,3529126
2021-06-16 09:59:54,116.7,3529456
2021-06-16 09:59:55,116.65,3529457
2021-06-16 09:59:56,116.7,3529593
2021-06-16 09:59:57,116.7,3529593
2021-06-16 09:59:59,116.7,3530625
2021-06-16 10:00:00,116.7,3530645
2021-06-16 10:00:01,116.65,3537055
2021-06-16 10:00:02,116.7,3537556
2021-06-16 10:00:03,116.65,3537657
2021-06-16 10:00:04,116.65,3537930
2021-06-16 10:00:05,116.65,3538580
2021-06-16 10:00:06,116.7,3539643
2021-06-16 10:00:07,116.7,3539693
2021-06-16 10:00:09,116.7,3539894
2021-06-16 10:00:10,116.6,3543972
2021-06-16 10:00:11,116.7,3544162
2021-06-16 10:00:12,116.7,3544162
2021-06-16 10:00:13,116.7,3544917
2021-06-16 10:00:14,116.65,3545525
2021-06-16 10:00:15,116.7,3546050
2021-06-16 10:00:16,116.7,3546101
2021-06-16 10:00:17,116.7,3546485
2021-06-16 10:00:18,116.7,3546588
2021-06-16 10:00:19,116.65,3547138
2021-06-16 10:00:20,116.7,3547147
2021-06-16 10:00:21,116.65,3547218
2021-06-16 10:00:22,116.65,3547518
2021-06-16 10:00:23,116.65,3547543
2021-06-16 10:00:24,116.65,3548442
2021-06-16 10:00:25,116.65,3548562
2021-06-16 10:00:26,116.7,3549062
2021-06-16 10:00:27,116.6,3549090
2021-06-16 10:00:28,116.6,3549702
2021-06-16 10:00:30,116.65,3551802
2021-06-16 10:00:29,116.65,3551802
2021-06-16 10:00:31,116.7,3552024
2021-06-16 10:00:32,116.7,3552132
2021-06-16 10:00:33,116.6,3552191
2021-06-16 10:00:34,116.7,3552412
2021-06-16 10:00:35,116.7,3552412
2021-06-16 10:00:36,116.65,3552420
2021-06-16 10:00:37,116.7,3552536
2021-06-16 10:00:39,116.65,3552676
2021-06-16 10:00:41,116.7,3552943
2021-06-16 10:00:42,116.65,3553003
2021-06-16 10:00:43,116.7,3571338
2021-06-16 10:00:44,116.7,3571440
2021-06-16 10:00:45,116.65,3572844
2021-06-16 10:00:46,116.7,3578236
2021-06-16 10:00:47,116.65,3578281
2021-06-16 10:00:48,116.7,3578393
2021-06-16 10:00:50,116.7,3579228
2021-06-16 10:00:54,116.65,3580254
2021-06-16 10:00:55,116.7,3580854
2021-06-16 10:00:56,116.65,3581154
2021-06-16 10:00:57,116.7,3581155
2021-06-16 10:00:58,116.7,3582178
2021-06-16 10:00:59,116.7,3583578
2021-06-16 10:01:00,116.7,3583601
2021-06-16 10:01:01,116.7,3583601
2021-06-16 10:01:02,116.7,3583601
2021-06-16 10:01:04,116.65,3591969
2021-06-16 10:01:05,116.65,3592016
2021-06-16 10:01:06,116.7,3592018
2021-06-16 10:01:07,116.65,3592167
2021-06-16 10:01:08,116.65,3592167
2021-06-16 10:01:09,116.65,3592294
2021-06-16 10:01:10,116.65,3592294
2021-06-16 10:01:11,116.7,3592495
2021-06-16 10:01:13,116.7,3593763
2021-06-16 10:01:14,116.7,3593883
2021-06-16 10:01:15,116.7,3593895
2021-06-16 10:01:17,116.7,3594064
2021-06-16 10:01:18,116.65,3594308
2021-06-16 10:01:19,116.65,3594825
2021-06-16 10:01:20,116.65,3594825
2021-06-16 10:01:21,116.65,3595075
2021-06-16 10:01:22,116.7,3595175
2021-06-16 10:01:23,116.65,3595275
2021-06-16 10:01:24,116.65,3595385
2021-06-16 10:01:25,116.7,3595889
2021-06-16 10:01:26,116.65,3595999
2021-06-16 10:01:27,116.65,3595999
2021-06-16 10:01:28,116.7,3596385
2021-06-16 10:01:29,116.7,3596400
2021-06-16 10:01:30,116.7,3597008
2021-06-16 10:01:31,116.7,3597509
2021-06-16 10:01:32,116.7,3597609
2021-06-16 10:01:33,116.7,3597609
2021-06-16 10:01:35,116.65,3598724
2021-06-16 10:01:36,116.7,3598932
2021-06-16 10:01:37,116.7,3599524
2021-06-16 10:01:38,116.7,3599528
2021-06-16 10:01:39,116.65,3599531
2021-06-16 10:01:40,116.65,3599531
2021-06-16 10:01:41,116.65,3599606
2021-06-16 10:01:42,116.7,3599699
2021-06-16 10:01:43,116.7,3599743
2021-06-16 10:01:44,116.7,3599743
2021-06-16 10:01:46,116.7,3600143
2021-06-16 10:01:46,116.7,3600143
2021-06-16 10:01:47,116.7,3600293
2021-06-16 10:01:48,116.65,3601993
2021-06-16 10:01:49,116.65,3602015
2021-06-16 10:01:50,116.65,3602115
2021-06-16 10:01:53,116.65,3604672
2021-06-16 10:01:54,116.7,3604943
2021-06-16 10:01:55,116.65,3604983
2021-06-16 10:01:57,116.7,3605083
2021-06-16 10:01:57,116.7,3605083
2021-06-16 10:01:58,116.7,3605138
2021-06-16 10:01:59,116.65,3605338
2021-06-16 10:02:01,116.75,3609149
2021-06-16 10:02:02,116.7,3609152
2021-06-16 10:02:03,116.7,3610654
2021-06-16 10:02:04,116.75,3610682
2021-06-16 10:02:05,116.75,3610989
2021-06-16 10:02:06,116.75,3610994
2021-06-16 10:02:07,116.7,3611019
2021-06-16 10:02:08,116.7,3611019
2021-06-16 10:02:09,116.7,3611019
2021-06-16 10:02:10,116.75,3611024
2021-06-16 10:02:11,116.75,3611064
2021-06-16 10:02:12,116.75,3611065
2021-06-16 10:02:13,116.7,3611066
2021-06-16 10:02:14,116.7,3611066
2021-06-16 10:02:15,116.7,3611066
2021-06-16 10:02:17,116.75,3611167
2021-06-16 10:02:17,116.75,3611167
2021-06-16 10:02:18,116.75,3611167
2021-06-16 10:02:19,116.7,3611248
2021-06-16 10:02:20,116.75,3612320
2021-06-16 10:02:22,116.75,3612580
2021-06-16 10:02:23,116.75,3612580
2021-06-16 10:02:24,116.75,3612582
2021-06-16 10:02:28,116.7,3613617
2021-06-16 10:02:28,116.7,3613617
2021-06-16 10:02:30,116.75,3614919
2021-06-16 10:02:32,116.75,3615364
2021-06-16 10:02:33,116.75,3617231
2021-06-16 10:02:34,116.75,3618884
2021-06-16 10:02:35,116.75,3618885
2021-06-16 10:02:36,116.8,3618887
2021-06-16 10:02:38,116.75,3618888
2021-06-16 10:02:39,116.75,3619689
2021-06-16 10:02:40,116.8,3619939
2021-06-16 10:02:41,116.75,3619961
2021-06-16 10:02:42,116.75,3619966
2021-06-16 10:02:43,116.75,3620084
2021-06-16 10:02:44,116.75,3620160
2021-06-16 10:02:45,116.75,3620230
2021-06-16 10:02:46,116.75,3620230
2021-06-16 10:02:47,116.8,3620328
2021-06-16 10:02:48,116.8,3620328
2021-06-16 10:02:49,116.75,3620329
2021-06-16 10:02:51,116.75,3620329
2021-06-16 10:02:51,116.75,3620329
2021-06-16 10:02:52,116.8,3620334
2021-06-16 10:02:53,116.8,3620349
2021-06-16 10:02:54,116.8,3620349
2021-06-16 10:02:55,116.8,3620369
2021-06-16 10:02:57,116.75,3620380
2021-06-16 10:02:58,116.75,3620380
2021-06-16 10:02:58,116.75,3620380
2021-06-16 10:02:59,116.8,3620391
2021-06-16 10:03:01,116.8,3621311
2021-06-16 10:03:02,116.8,3621561
2021-06-16 10:03:04,116.75,3621641
2021-06-16 10:03:04,116.8,3621642
2021-06-16 10:03:05,116.8,3621743
2021-06-16 10:03:06,116.8,3621758
2021-06-16 10:03:07,116.8,3621759
2021-06-16 10:03:08,116.75,3621959
2021-06-16 10:03:09,116.75,3622459
2021-06-16 10:03:10,116.8,3622483
2021-06-16 10:03:11,116.75,3622514
2021-06-16 10:03:12,116.75,3622514
2021-06-16 10:03:13,116.8,3623214
2021-06-16 10:03:14,116.75,3623238
2021-06-16 10:03:15,116.8,3627719
2021-06-16 10:03:16,116.85,3627879
2021-06-16 10:03:17,116.8,3628014
2021-06-16 10:03:18,116.85,3628114
2021-06-16 10:03:19,116.85,3628114
2021-06-16 10:03:20,116.8,3628984
2021-06-16 10:03:22,116.8,3629000
2021-06-16 10:03:22,116.8,3628996
2021-06-16 10:03:23,116.85,3629052
2021-06-16 10:03:24,116.8,3629080
2021-06-16 10:03:25,116.8,3629380
2021-06-16 10:03:26,116.8,3629380
2021-06-16 10:03:27,116.85,3629433
2021-06-16 10:03:28,116.8,3631233
2021-06-16 10:03:29,116.8,3631246
2021-06-16 10:03:30,116.85,3638495
2021-06-16 10:03:31,116.85,3638495
2021-06-16 10:03:33,116.9,3641496
2021-06-16 10:03:32,116.85,3638496
2021-06-16 10:03:34,116.9,3641746
2021-06-16 10:03:35,116.9,3641840
2021-06-16 10:03:36,116.9,3641840
2021-06-16 10:03:37,116.8,3645467
2021-06-16 10:03:39,116.8,3646229
2021-06-16 10:03:40,116.9,3646429
2021-06-16 10:03:41,116.9,3646429
2021-06-16 10:03:42,116.9,3646629
2021-06-16 10:03:42,116.9,3646629
2021-06-16 10:03:43,116.75,3672764
2021-06-16 10:03:44,116.75,3672764
2021-06-16 10:03:45,116.75,3672810
2021-06-16 10:03:46,116.75,3673011
2021-06-16 10:03:47,116.75,3673022
2021-06-16 10:03:48,116.8,3673531
2021-06-16 10:03:49,116.8,3673531
2021-06-16 10:03:50,116.8,3673551
2021-06-16 10:03:51,116.8,3673553
2021-06-16 10:03:52,116.8,3673553
2021-06-16 10:03:53,116.8,3673553
2021-06-16 10:03:54,116.8,3673603
2021-06-16 10:03:55,116.7,3674653
2021-06-16 10:03:57,116.75,3674755
2021-06-16 10:03:57,116.75,3674755
2021-06-16 10:03:58,116.75,3675282
2021-06-16 10:03:59,116.75,3675285
2021-06-16 10:04:01,116.75,3675398
2021-06-16 10:04:01,116.75,3675398
2021-06-16 10:04:02,116.75,3675419
2021-06-16 10:04:03,116.8,3678332
2021-06-16 10:04:05,116.75,3678344
2021-06-16 10:04:05,116.75,3678342
2021-06-16 10:04:08,116.7,3678927
2021-06-16 10:04:11,116.75,3679918
2021-06-16 10:04:14,116.75,3685268
2021-06-16 10:04:18,116.8,3698597
2021-06-16 10:04:21,116.8,3699812
2021-06-16 10:04:23,116.8,3699812
2021-06-16 10:04:27,116.8,3699953
2021-06-16 10:04:29,116.8,3700701
2021-06-16 10:04:32,116.75,3700962
2021-06-16 10:04:35,116.75,3701502
2021-06-16 10:04:38,116.75,3701502
2021-06-16 10:04:41,116.75,3701619
2021-06-16 10:04:44,116.75,3701802
2021-06-16 10:04:47,116.75,3704585
2021-06-16 10:04:50,116.75,3704606
2021-06-16 10:04:53,116.75,3704618
2021-06-16 10:04:56,116.75,3706307
2021-06-16 10:05:00,116.75,3706667
2021-06-16 10:05:03,116.8,3712462
2021-06-16 10:05:06,116.85,3712722
2021-06-16 10:05:09,116.85,3713343
2021-06-16 10:05:12,116.8,3716972
2021-06-16 10:05:15,116.85,3717451
2021-06-16 10:05:18,116.8,3717556
2021-06-16 10:05:20,116.85,3717757
2021-06-16 10:05:23,116.85,3718854
2021-06-16 10:05:26,116.85,3720055
2021-06-16 10:05:28,116.8,3721905
2021-06-16 10:05:32,116.8,3722834
2021-06-16 10:05:35,116.8,3724021
2021-06-16 10:05:38,116.9,3724889
2021-06-16 10:05:41,116.85,3725373
2021-06-16 10:05:44,116.85,3725918
2021-06-16 10:05:47,116.85,3726028
2021-06-16 10:05:50,116.9,3726704
2021-06-16 10:05:53,116.9,3726908
2021-06-16 10:05:56,116.8,3727168
2021-06-16 10:05:59,116.8,3728429
2021-06-16 10:06:02,116.85,3728715
2021-06-16 10:06:04,116.85,3728951
2021-06-16 10:06:07,116.85,3730193
2021-06-16 10:06:09,116.85,3730414
2021-06-16 10:06:12,116.8,3730939
2021-06-16 10:06:14,116.85,3730979
2021-06-16 10:06:17,116.8,3731011
2021-06-16 10:06:20,116.85,3731386
2021-06-16 10:06:22,116.85,3731612
2021-06-16 10:06:25,116.85,3733144
2021-06-16 10:06:28,116.85,3733706
2021-06-16 10:06:30,116.85,3734352
2021-06-16 10:06:37,116.85,3735146
2021-06-16 10:06:40,116.85,3749064
2021-06-16 10:06:43,116.8,3755952
2021-06-16 10:06:46,116.8,3756446
2021-06-16 10:06:49,116.8,3757485
2021-06-16 10:06:52,116.75,3757766
2021-06-16 10:06:55,116.8,3758223
2021-06-16 10:06:58,116.75,3758362
2021-06-16 10:07:01,116.8,3768771
2021-06-16 10:07:04,116.75,3768778
2021-06-16 10:07:07,116.75,3768927
2021-06-16 10:07:10,116.8,3769433
2021-06-16 10:07:13,116.8,3770784
2021-06-16 10:07:15,116.75,3779751
2021-06-16 10:07:19,116.75,3780060
2021-06-16 10:07:22,116.8,3781723
2021-06-16 10:07:25,116.8,3783284
2021-06-16 10:07:28,116.8,3783286
2021-06-16 10:07:31,116.8,3783312
2021-06-16 10:07:34,116.75,3783354
2021-06-16 10:07:37,116.75,3783421
2021-06-16 10:07:40,116.8,3783485
2021-06-16 10:07:42,116.7,3785598
2021-06-16 10:07:45,116.8,3786119
2021-06-16 10:07:48,116.75,3786123
2021-06-16 10:07:51,116.75,3786123
2021-06-16 10:07:55,116.7,3792408
2021-06-16 10:07:58,116.75,3793129
2021-06-16 10:08:01,116.75,3796246
2021-06-16 10:08:04,116.75,3796591
2021-06-16 10:08:07,116.7,3797392
2021-06-16 10:08:09,116.7,3799404
2021-06-16 10:08:12,116.75,3800048
2021-06-16 10:08:15,116.7,3800262
2021-06-16 10:08:18,116.7,3800452
2021-06-16 10:08:21,116.7,3802963
2021-06-16 10:08:24,116.7,3804119
2021-06-16 10:08:26,116.65,3804442
2021-06-16 10:08:29,116.65,3805163
2021-06-16 10:08:32,116.65,3805240
2021-06-16 10:08:35,116.7,3809444
2021-06-16 10:08:38,116.7,3809667
2021-06-16 10:08:41,116.7,3809697
2021-06-16 10:08:44,116.7,3813113
2021-06-16 10:08:47,116.7,3813733
2021-06-16 10:08:50,116.65,3813795
2021-06-16 10:08:53,116.75,3815076
2021-06-16 10:08:56,116.7,3815147
2021-06-16 10:08:59,116.7,3815348
2021-06-16 10:09:02,116.7,3815391
2021-06-16 10:09:05,116.7,3816552
2021-06-16 10:09:08,116.65,3818609
2021-06-16 10:09:11,116.7,3819311
2021-06-16 10:09:13,116.7,3820867
2021-06-16 10:09:16,116.65,3821066
2021-06-16 10:09:19,116.65,3821768
2021-06-16 10:09:22,116.7,3821878
2021-06-16 10:09:25,116.65,3822461
2021-06-16 10:09:28,116.65,3822669
2021-06-16 10:09:30,116.65,3823858
2021-06-16 10:09:33,116.7,3824016
2021-06-16 10:09:36,116.7,3837587
2021-06-16 10:09:39,116.75,3838067
2021-06-16 10:09:42,116.8,3849300
2021-06-16 10:09:45,116.75,3851350
2021-06-16 10:09:47,116.8,3851664
2021-06-16 10:09:50,116.75,3861716
2021-06-16 10:09:54,116.75,3862342
2021-06-16 10:09:57,116.75,3868918
2021-06-16 10:10:00,116.75,3869023
2021-06-16 10:10:03,116.7,3872303
2021-06-16 10:10:06,116.75,3873933
2021-06-16 10:10:08,116.75,3874027
2021-06-16 10:10:12,116.75,3874099
2021-06-16 10:10:14,116.75,3874199
2021-06-16 10:10:17,116.7,3875711
2021-06-16 10:10:20,116.7,3875743
2021-06-16 10:10:23,116.75,3876061
2021-06-16 10:10:25,116.7,3888521
2021-06-16 10:10:28,116.7,3893871
2021-06-16 10:10:31,116.7,3896066
2021-06-16 10:10:33,116.7,3896579
2021-06-16 10:10:36,116.7,3897152
2021-06-16 10:10:38,116.7,3898257
2021-06-16 10:10:41,116.65,3899862
2021-06-16 10:10:43,116.7,3903586
2021-06-16 10:10:46,116.7,3903737
2021-06-16 10:10:48,116.75,3903779
2021-06-16 10:10:51,116.7,3904104
2021-06-16 10:10:53,116.7,3904594
2021-06-16 10:10:56,116.7,3906114
2021-06-16 10:10:58,116.7,3907235
2021-06-16 10:11:01,116.7,3907355
2021-06-16 10:11:04,116.7,3907637
2021-06-16 10:11:07,116.7,3908258
2021-06-16 10:11:10,116.8,3908871
2021-06-16 10:11:13,116.8,3909052
2021-06-16 10:11:16,116.7,3920503
2021-06-16 10:11:19,116.7,3921104
2021-06-16 10:11:21,116.7,3921277
2021-06-16 10:11:24,116.8,3926428
2021-06-16 10:11:27,116.7,3931881
2021-06-16 10:11:29,116.7,3932104
2021-06-16 10:11:33,116.8,3932119
2021-06-16 10:11:35,116.75,3934377
2021-06-16 10:11:38,116.7,3934432
2021-06-16 10:11:41,116.75,3934486
2021-06-16 10:11:44,116.75,3934638
2021-06-16 10:11:47,116.75,3936861
2021-06-16 10:11:49,116.7,3937101
2021-06-16 10:11:52,116.7,3938859
2021-06-16 10:11:55,116.75,3938866
2021-06-16 10:11:59,116.7,3938876
2021-06-16 10:12:02,116.8,3945033
2021-06-16 10:12:05,116.8,3945072
2021-06-16 10:12:08,116.75,3945883
2021-06-16 10:12:10,116.75,3946385
2021-06-16 10:12:13,116.7,3946916
2021-06-16 10:12:16,116.7,3948373
2021-06-16 10:12:19,116.75,3948414
2021-06-16 10:12:22,116.75,3963514
2021-06-16 10:12:24,116.75,3963525
2021-06-16 10:12:27,116.9,3967853
2021-06-16 10:12:30,116.85,3969126
2021-06-16 10:12:33,116.85,3969240
2021-06-16 10:12:36,116.85,3969940
2021-06-16 10:12:39,116.85,3980142
2021-06-16 10:12:42,116.85,3980350
2021-06-16 10:12:44,116.9,3982000
2021-06-16 10:12:47,116.9,3983077
2021-06-16 10:12:50,116.9,3985592
2021-06-16 10:12:53,116.9,3985880
2021-06-16 10:12:56,116.9,3986181
2021-06-16 10:13:02,116.9,3990515
2021-06-16 10:13:05,116.9,3992716
2021-06-16 10:13:10,116.85,3993777
2021-06-16 10:13:13,116.85,3993808
2021-06-16 10:13:16,116.85,3993828
2021-06-16 10:13:18,116.8,3995901
2021-06-16 10:13:21,116.85,3996051
2021-06-16 10:13:24,116.85,3996336
2021-06-16 10:13:27,116.85,3996803
2021-06-16 10:13:30,116.9,3996806
2021-06-16 10:13:33,116.9,3996810
2021-06-16 10:13:36,116.9,3998811
2021-06-16 10:13:39,116.9,4000228
2021-06-16 10:13:42,116.9,4000240
2021-06-16 10:13:45,116.9,4000318
2021-06-16 10:13:48,116.9,4000649
2021-06-16 10:13:53,116.85,4004041
2021-06-16 10:13:56,116.9,4005662
2021-06-16 10:13:59,116.8,4006170
2021-06-16 10:14:02,116.85,4006282
2021-06-16 10:14:04,116.85,4009266
2021-06-16 10:14:07,116.85,4011633
2021-06-16 10:14:10,116.8,4011641
2021-06-16 10:14:13,116.85,4011842
2021-06-16 10:14:16,116.85,4011842
2021-06-16 10:14:19,116.8,4023375
2021-06-16 10:14:22,116.85,4028176
2021-06-16 10:14:26,116.85,4030628
2021-06-16 10:14:29,116.8,4031638
2021-06-16 10:14:31,116.8,4033115
2021-06-16 10:14:35,116.8,4039258
2021-06-16 10:14:38,116.75,4042402
2021-06-16 10:14:41,116.75,4043914
2021-06-16 10:14:44,116.8,4052046
2021-06-16 10:14:47,116.8,4052076
2021-06-16 10:14:50,116.75,4052285
2021-06-16 10:14:53,116.75,4055032
2021-06-16 10:14:56,116.75,4055232
2021-06-16 10:14:58,116.7,4055250
2021-06-16 10:15:01,116.75,4063080
2021-06-16 10:15:04,116.8,4063298
2021-06-16 10:15:07,116.8,4067598
2021-06-16 10:15:10,116.75,4067817
2021-06-16 10:15:16,116.75,4077817
2021-06-16 10:15:19,116.75,4077917
2021-06-16 10:15:21,116.8,4077934
2021-06-16 10:15:24,116.75,4078974
2021-06-16 10:15:27,116.8,4078993
2021-06-16 10:15:29,116.7,4081592
2021-06-16 10:15:32,116.75,4083048
2021-06-16 10:15:35,116.7,4083763
2021-06-16 10:15:37,116.7,4084025
2021-06-16 10:15:40,116.7,4091249
2021-06-16 10:15:43,116.7,4093932
2021-06-16 10:15:46,116.7,4097179
2021-06-16 10:15:49,116.7,4097964
2021-06-16 10:15:52,116.7,4098464
2021-06-16 10:15:55,116.75,4099781
2021-06-16 10:15:58,116.7,4100796
2021-06-16 10:16:01,116.7,4103297
2021-06-16 10:16:04,116.7,4103350
2021-06-16 10:16:07,116.75,4106569
2021-06-16 10:16:10,116.7,4107470
2021-06-16 10:16:13,116.7,4107519
2021-06-16 10:16:15,116.75,4107531
2021-06-16 10:16:18,116.75,4110070
2021-06-16 10:16:21,116.75,4110350
2021-06-16 10:16:23,116.75,4118164
2021-06-16 10:16:26,116.75,4119300
2021-06-16 10:16:28,116.75,4119602
2021-06-16 10:16:31,116.7,4120494
2021-06-16 10:16:33,116.7,4124936
2021-06-16 10:16:36,116.7,4124938
2021-06-16 10:16:39,116.7,4126044
2021-06-16 10:16:41,116.7,4126085
2021-06-16 10:16:44,116.75,4126615
2021-06-16 10:16:47,116.75,4126787
2021-06-16 10:16:49,116.7,4127195
2021-06-16 10:16:52,116.75,4127206
2021-06-16 10:16:55,116.7,4128363
2021-06-16 10:16:58,116.7,4131145
2021-06-16 10:17:01,116.7,4131146
2021-06-16 10:17:03,116.7,4131147
2021-06-16 10:17:06,116.65,4131148
2021-06-16 10:17:09,116.7,4131187
2021-06-16 10:17:11,116.7,4137842
2021-06-16 10:17:14,116.6,4141061
2021-06-16 10:17:17,116.6,4141412
2021-06-16 10:17:20,116.65,4141533
2021-06-16 10:17:23,116.65,4142703
2021-06-16 10:17:26,116.7,4142704
2021-06-16 10:17:28,116.65,4142954
2021-06-16 10:17:30,116.7,4143641
2021-06-16 10:17:32,116.7,4147255
2021-06-16 10:17:35,116.6,4148882
2021-06-16 10:17:38,116.65,4150287
2021-06-16 10:17:40,116.65,4150396
2021-06-16 10:17:43,116.65,4151396
2021-06-16 10:17:45,116.6,4151693
2021-06-16 10:17:48,116.65,4163422
2021-06-16 10:17:50,116.65,4163444
2021-06-16 10:17:53,116.7,4163561
2021-06-16 10:17:56,116.65,4163669
2021-06-16 10:17:59,116.65,4164255
2021-06-16 10:18:01,116.6,4169163
2021-06-16 10:18:04,116.65,4169173
2021-06-16 10:18:07,116.65,4169223
2021-06-16 10:18:09,116.6,4198691
2021-06-16 10:18:12,116.55,4202376
2021-06-16 10:18:15,116.65,4210437
2021-06-16 10:18:18,116.65,4210537
2021-06-16 10:18:21,116.65,4212495
2021-06-16 10:18:24,116.65,4213495
2021-06-16 10:18:27,116.65,4226061
2021-06-16 10:18:29,116.65,4227362
2021-06-16 10:18:32,116.7,4227364
2021-06-16 10:18:35,116.7,4227369
2021-06-16 10:18:38,116.7,4227369
2021-06-16 10:18:40,116.6,4227719
2021-06-16 10:18:43,116.6,4228119
2021-06-16 10:18:46,116.65,4240661
2021-06-16 10:18:49,116.65,4242214
2021-06-16 10:18:52,116.65,4251914
2021-06-16 10:18:54,116.6,4252449
2021-06-16 10:18:57,116.65,4252453
2021-06-16 10:18:59,116.6,4262454
2021-06-16 10:19:02,116.65,4262461
2021-06-16 10:19:08,116.65,4262642
2021-06-16 10:19:10,116.65,4263162
2021-06-16 10:19:12,116.6,4263188
2021-06-16 10:19:14,116.6,4263589
2021-06-16 10:19:17,116.65,4264691
2021-06-16 10:19:20,116.6,4265100
2021-06-16 10:19:22,116.6,4265746
2021-06-16 10:19:25,116.6,4267296
2021-06-16 10:19:27,116.6,4267316
2021-06-16 10:19:30,116.7,4268692
2021-06-16 10:19:33,116.7,4269608
2021-06-16 10:19:36,116.65,4269610
2021-06-16 10:19:39,116.6,4269725
2021-06-16 10:19:41,116.6,4269725
2021-06-16 10:19:44,116.7,4275907
2021-06-16 10:19:47,116.6,4275915
2021-06-16 10:19:50,116.6,4275915
2021-06-16 10:19:52,116.7,4276902
2021-06-16 10:19:55,116.7,4277112
2021-06-16 10:19:57,116.65,4277448
2021-06-16 10:20:00,116.7,4277625
2021-06-16 10:20:03,116.7,4277626
2021-06-16 10:20:06,116.7,4277830
2021-06-16 10:20:09,116.7,4277834
2021-06-16 10:20:12,116.6,4280734
2021-06-16 10:20:14,116.7,4281031
2021-06-16 10:20:17,116.6,4281942
2021-06-16 10:20:19,116.7,4283018
2021-06-16 10:20:22,116.6,4283602
2021-06-16 10:20:27,116.6,4284880
2021-06-16 10:20:29,116.6,4285080
2021-06-16 10:20:32,116.7,4285748
2021-06-16 10:20:35,116.7,4285761
2021-06-16 10:20:37,116.65,4286011
2021-06-16 10:20:40,116.6,4286154
2021-06-16 10:20:43,116.7,4286391
2021-06-16 10:20:46,116.6,4286838
2021-06-16 10:20:48,116.7,4287457
2021-06-16 10:20:51,116.7,4287655
2021-06-16 10:20:53,116.65,4287777
2021-06-16 10:20:56,116.65,4288020
2021-06-16 10:20:58,116.7,4289245
2021-06-16 10:21:01,116.7,4289368
2021-06-16 10:21:03,116.7,4290505
2021-06-16 10:21:06,116.65,4290730
2021-06-16 10:21:09,116.7,4290910
2021-06-16 10:21:11,116.7,4291731
2021-06-16 10:21:14,116.7,4291822
2021-06-16 10:21:18,116.65,4295473
2021-06-16 10:21:21,116.65,4295975
2021-06-16 10:21:24,116.7,4296479
2021-06-16 10:21:27,116.6,4296753
2021-06-16 10:21:30,116.65,4297336
2021-06-16 10:21:33,116.6,4298669
2021-06-16 10:21:36,116.65,4298779
2021-06-16 10:21:40,116.65,4298949
2021-06-16 10:21:43,116.6,4299059
2021-06-16 10:21:46,116.6,4299368
2021-06-16 10:21:49,116.6,4318929
2021-06-16 10:21:52,116.6,4321224
2021-06-16 10:21:55,116.6,4321224
2021-06-16 10:21:57,116.6,4322467
2021-06-16 10:22:00,116.6,4322573
2021-06-16 10:22:03,116.6,4322926
2021-06-16 10:22:11,116.6,4323948
2021-06-16 10:22:14,116.55,4325110
2021-06-16 10:22:17,116.55,4335267
2021-06-16 10:22:20,116.55,4335898
2021-06-16 10:22:24,116.5,4336171
2021-06-16 10:22:26,116.5,4336426
2021-06-16 10:22:29,116.55,4336994
2021-06-16 10:22:32,116.55,4337120
2021-06-16 10:22:35,116.5,4341124
2021-06-16 10:22:38,116.55,4342194
2021-06-16 10:22:41,116.5,4342696
2021-06-16 10:22:44,116.5,4343001
2021-06-16 10:22:47,116.55,4343002
2021-06-16 10:37:36,116.3,4947541
2021-06-16 10:37:39,116.3,4947544
2021-06-16 10:37:42,116.25,4947948
2021-06-16 10:37:45,116.3,4947968
2021-06-16 10:37:47,116.25,4948094
2021-06-16 10:37:50,116.3,4948304
2021-06-16 10:37:52,116.3,4949455
2021-06-16 10:37:54,116.3,4949585
2021-06-16 10:37:57,116.3,4950386
2021-06-16 10:37:59,116.3,4950867
2021-06-16 10:38:01,116.25,4950873
2021-06-16 10:38:04,116.25,4950873
2021-06-16 10:38:06,116.3,4951238
2021-06-16 10:38:08,116.3,4954138
2021-06-16 10:38:11,116.25,4954389
2021-06-16 10:38:13,116.3,4954990
2021-06-16 10:38:16,116.25,4955998
2021-06-16 10:38:18,116.3,4956489
2021-06-16 10:38:21,116.3,4956725
2021-06-16 10:38:24,116.3,4956725
2021-06-16 10:38:27,116.25,4957275
2021-06-16 10:38:29,116.25,4957380
2021-06-16 10:38:32,116.25,4963383
2021-06-16 10:38:34,116.3,4963936
2021-06-16 10:38:36,116.25,4964039
2021-06-16 10:38:38,116.25,4967739
2021-06-16 10:38:41,116.25,4967840
2021-06-16 10:38:43,116.3,4968994
2021-06-16 10:38:46,116.2,4971394
2021-06-16 10:38:51,116.3,4971577
2021-06-16 10:38:53,116.3,4981390
2021-06-16 10:38:55,116.3,4981431
2021-06-16 10:38:58,116.35,4984433
2021-06-16 10:39:00,116.3,4984434
2021-06-16 10:39:03,116.35,4984554
2021-06-16 10:39:05,116.35,4984581
2021-06-16 10:39:08,116.35,4986303
2021-06-16 10:39:10,116.35,4986489
2021-06-16 10:39:12,116.45,4989961
2021-06-16 10:39:15,116.35,4990073
2021-06-16 10:39:17,116.45,4990826
2021-06-16 10:39:19,116.45,4991346
2021-06-16 10:39:22,116.4,4991348
2021-06-16 10:39:25,116.35,4991376
2021-06-16 10:39:27,116.45,4991636
2021-06-16 10:39:30,116.3,4991641
2021-06-16 10:39:32,116.4,4993858
2021-06-16 10:39:34,116.4,4993860
2021-06-16 10:39:36,116.4,4993860
2021-06-16 10:39:38,116.4,4994411
2021-06-16 10:39:40,116.35,4994768
2021-06-16 10:39:42,116.4,4994823
2021-06-16 10:39:45,116.4,4994974
2021-06-16 10:39:47,116.4,4995582
2021-06-16 10:39:49,116.4,4995763
2021-06-16 10:39:52,116.4,4995799
2021-06-16 10:39:55,116.3,5000431
2021-06-16 10:39:58,116.3,5001039
2021-06-16 10:40:00,116.3,5002856
2021-06-16 10:40:04,116.3,5002892
2021-06-16 10:40:06,116.3,5004151
2021-06-16 10:40:09,116.25,5004672
2021-06-16 10:40:12,116.2,5006339
2021-06-16 10:40:15,116.3,5006499
2021-06-16 10:40:17,116.2,5007025
2021-06-16 10:40:20,116.3,5007028
2021-06-16 10:40:22,116.2,5007392
2021-06-16 10:40:25,116.2,5007397
2021-06-16 10:40:28,116.3,5008215
2021-06-16 10:40:30,116.3,5008215
2021-06-16 10:40:33,116.3,5008215
2021-06-16 10:40:35,116.3,5009915
2021-06-16 10:40:38,116.2,5010045
2021-06-16 10:40:40,116.3,5010089
2021-06-16 10:40:43,116.2,5010196
2021-06-16 10:40:46,116.3,5010402
2021-06-16 10:40:48,116.3,5011003
2021-06-16 10:40:50,116.3,5013114
2021-06-16 10:40:52,116.3,5023241
2021-06-16 10:40:55,116.3,5023241
2021-06-16 10:40:57,116.2,5023527
2021-06-16 10:40:59,116.3,5025329
2021-06-16 10:41:01,116.3,5025354
2021-06-16 10:41:03,116.3,5025355
2021-06-16 10:41:06,116.3,5026286
2021-06-16 10:41:08,116.35,5026294
2021-06-16 10:41:13,116.35,5027228
2021-06-16 10:41:16,116.3,5027324
2021-06-16 10:41:18,116.35,5027344
2021-06-16 10:41:21,116.3,5027652
2021-06-16 10:41:24,116.3,5027684
2021-06-16 10:41:27,116.35,5028008
2021-06-16 10:41:29,116.35,5028008
2021-06-16 10:41:32,116.3,5028188
2021-06-16 10:41:35,116.3,5034212
2021-06-16 10:41:37,116.35,5034219
2021-06-16 10:41:40,116.35,5034222
2021-06-16 10:41:42,116.35,5034308
2021-06-16 10:41:44,116.35,5034310
2021-06-16 10:41:47,116.35,5034395
2021-06-16 10:41:49,116.35,5034539
2021-06-16 10:41:52,116.35,5034656
2021-06-16 10:41:54,116.35,5034757
2021-06-16 10:41:57,116.35,5034758
2021-06-16 10:41:59,116.35,5034758
2021-06-16 10:42:02,116.35,5034827
2021-06-16 10:42:04,116.35,5035092
2021-06-16 10:42:06,116.35,5035095
2021-06-16 10:42:09,116.35,5035178
2021-06-16 10:42:11,116.3,5035199
2021-06-16 10:42:13,116.3,5035246
2021-06-16 10:42:16,116.35,5035250
2021-06-16 10:42:18,116.3,5035275
2021-06-16 10:42:21,116.3,5035426
2021-06-16 10:42:23,116.3,5036126
2021-06-16 10:42:26,116.35,5036215
2021-06-16 10:42:29,116.3,5036299
2021-06-16 10:42:31,116.3,5036328
2021-06-16 10:42:34,116.35,5037329
2021-06-16 10:42:36,116.35,5037430
2021-06-16 10:42:38,116.35,5037449
2021-06-16 10:42:40,116.35,5037451
2021-06-16 10:42:43,116.3,5037834
2021-06-16 10:42:46,116.35,5038334
2021-06-16 10:42:48,116.3,5038385
2021-06-16 10:42:52,116.35,5044120
2021-06-16 10:42:54,116.35,5046324
2021-06-16 10:42:57,116.35,5046324
2021-06-16 10:42:59,116.4,5047527
2021-06-16 10:43:02,116.35,5047532
2021-06-16 10:43:04,116.4,5047533
2021-06-16 10:43:06,116.4,5047533
2021-06-16 10:43:08,116.4,5047533
2021-06-16 10:43:11,116.4,5048534
2021-06-16 10:43:14,116.4,5048537
2021-06-16 10:43:17,116.4,5048787
2021-06-16 10:43:19,116.35,5051488
2021-06-16 10:43:22,116.4,5052408
2021-06-16 10:43:24,116.4,5052408
2021-06-16 10:43:27,116.35,5052434
2021-06-16 10:43:29,116.4,5052449
2021-06-16 10:43:31,116.4,5052499
2021-06-16 10:43:33,116.4,5052500
2021-06-16 10:43:35,116.35,5052507
2021-06-16 10:43:37,116.35,5052714
2021-06-16 10:43:39,116.35,5052816
2021-06-16 10:43:41,116.35,5052916
2021-06-16 10:43:45,116.4,5052922
2021-06-16 10:43:48,116.35,5052950
2021-06-16 10:43:50,116.35,5053800
2021-06-16 10:43:52,116.35,5053850
2021-06-16 10:43:54,116.4,5053851
2021-06-16 10:43:57,116.4,5054228
2021-06-16 10:43:59,116.4,5054291
2021-06-16 10:44:01,116.35,5055593
2021-06-16 10:44:06,116.35,5055931
2021-06-16 10:44:08,116.35,5055931
2021-06-16 10:44:10,116.35,5055931
2021-06-16 10:44:12,116.4,5055936
2021-06-16 10:44:14,116.4,5055942
2021-06-16 10:44:16,116.4,5055947
2021-06-16 10:44:18,116.35,5055956
2021-06-16 10:44:21,116.4,5056017
2021-06-16 10:44:23,116.4,5056042
2021-06-16 10:44:25,116.35,5063325
2021-06-16 10:44:29,116.3,5063349
2021-06-16 10:44:27,116.3,5063349
2021-06-16 10:44:31,116.3,5063649
2021-06-16 10:44:33,116.3,5063649
2021-06-16 10:44:35,116.3,5063675
2021-06-16 10:44:38,116.3,5063675
2021-06-16 10:44:42,116.3,5063675
2021-06-16 10:44:44,116.35,5063684
2021-06-16 10:44:46,116.35,5063737
2021-06-16 10:44:49,116.3,5063937
2021-06-16 10:44:51,116.3,5063972
2021-06-16 10:44:53,116.3,5064747
2021-06-16 10:44:56,116.4,5064757
2021-06-16 10:44:58,116.35,5068215
2021-06-16 10:45:00,116.3,5069215
2021-06-16 10:45:02,116.4,5069719
2021-06-16 10:45:05,116.4,5069719
2021-06-16 10:45:07,116.4,5069720
2021-06-16 10:45:09,116.3,5069750
2021-06-16 10:45:12,116.35,5069756
2021-06-16 10:45:14,116.35,5069756
2021-06-16 10:45:16,116.35,5069796
2021-06-16 10:45:18,116.35,5069891
2021-06-16 10:45:20,116.3,5071562
2021-06-16 10:45:23,116.3,5071562
2021-06-16 10:45:25,116.3,5071772
2021-06-16 10:45:27,116.3,5071838
2021-06-16 11:03:09,116.1,5395024
2021-06-16 11:03:11,116.1,5395028
2021-06-16 11:03:13,116.15,5395405
2021-06-16 11:03:16,116.1,5395497
2021-06-16 11:03:18,116.15,5395797
2021-06-16 11:03:21,116.2,5395798
2021-06-16 11:03:23,116.2,5395798
2021-06-16 11:03:26,116.2,5395865
2021-06-16 11:03:28,116.15,5395985
2021-06-16 11:03:30,116.15,5396035
2021-06-16 11:03:32,116.15,5396270
2021-06-16 11:03:34,116.2,5396324
2021-06-16 11:03:37,116.2,5396324
2021-06-16 11:03:39,116.2,5396458
2021-06-16 11:03:42,116.2,5396458
2021-06-16 11:03:44,116.2,5396463
2021-06-16 11:03:46,116.2,5398520
2021-06-16 11:03:47,116.15,5399120
2021-06-16 11:03:49,116.15,5399120
2021-06-16 11:03:51,116.15,5400085
2021-06-16 11:03:54,116.2,5401838
2021-06-16 11:03:56,116.2,5401838
2021-06-16 11:03:59,116.25,5401841
2021-06-16 11:04:01,116.15,5401941
2021-06-16 11:04:03,116.15,5401941
2021-06-16 11:04:05,116.15,5401941
2021-06-16 11:04:07,116.15,5401941
2021-06-16 11:04:09,116.15,5402000
2021-06-16 11:04:11,116.15,5403108
2021-06-16 11:04:14,116.15,5403108
2021-06-16 11:04:16,116.2,5403473
2021-06-16 11:04:18,116.25,5403500
2021-06-16 11:04:21,116.25,5403500
2021-06-16 11:04:23,116.2,5404270
2021-06-16 11:04:25,116.2,5404270
2021-06-16 11:04:28,116.25,5404272
2021-06-16 11:04:30,116.25,5404296
2021-06-16 11:04:32,116.25,5404299
2021-06-16 11:04:34,116.25,5404299
2021-06-16 11:04:37,116.25,5404299
2021-06-16 11:04:39,116.25,5404299
2021-06-16 11:04:42,116.25,5404299
2021-06-16 11:04:44,116.2,5404349
2021-06-16 11:04:48,116.2,5404375
2021-06-16 11:04:50,116.25,5404376
2021-06-16 11:04:52,116.2,5404652
2021-06-16 11:04:54,116.25,5405196
2021-06-16 11:04:56,116.25,5405236
2021-06-16 11:04:58,116.25,5405236
2021-06-16 11:05:00,116.25,5405236
2021-06-16 11:05:02,116.25,5408826
2021-06-16 11:05:04,116.25,5408826
2021-06-16 11:05:06,116.3,5410548
2021-06-16 11:05:08,116.25,5410708
2021-06-16 11:05:10,116.3,5411129
2021-06-16 11:05:13,116.3,5411131
2021-06-16 11:05:15,116.25,5411531
2021-06-16 11:05:17,116.25,5411531
2021-06-16 11:05:19,116.25,5411531
2021-06-16 11:05:22,116.3,5411583
2021-06-16 11:05:23,116.3,5411638
2021-06-16 11:05:25,116.3,5411710
2021-06-16 11:05:28,116.25,5412432
2021-06-16 11:05:30,116.25,5412432
2021-06-16 11:05:32,116.2,5413683
2021-06-16 11:05:34,116.3,5413778
2021-06-16 11:05:37,116.2,5413860
2021-06-16 11:05:39,116.2,5416426
2021-06-16 11:05:42,116.2,5416448
2021-06-16 11:05:44,116.2,5416549
2021-06-16 11:05:47,116.3,5416600
2021-06-16 11:05:49,116.25,5417673
2021-06-16 11:05:52,116.2,5418250
2021-06-16 11:05:55,116.2,5418500
2021-06-16 11:05:57,116.2,5419250
2021-06-16 11:05:59,116.2,5419250
2021-06-16 11:06:01,116.2,5419360
2021-06-16 11:06:03,116.25,5419361
2021-06-16 11:06:05,116.25,5419362
2021-06-16 11:06:07,116.2,5420408
2021-06-16 11:06:09,116.25,5420532
2021-06-16 11:06:11,116.25,5420574
2021-06-16 11:06:13,116.2,5420701
2021-06-16 11:06:17,116.2,5420902
2021-06-16 11:06:19,116.2,5420902
2021-06-16 11:06:21,116.2,5420904
2021-06-16 11:06:25,116.2,5421876
2021-06-16 11:06:27,116.25,5421877
2021-06-16 11:06:29,116.25,5421945
2021-06-16 11:06:32,116.25,5422245
2021-06-16 11:06:34,116.25,5422299
2021-06-16 11:06:39,116.2,5422968
2021-06-16 11:06:42,116.2,5423602
2021-06-16 11:06:44,116.2,5423969
2021-06-16 11:06:47,116.25,5424758
2021-06-16 11:06:49,116.2,5425087
2021-06-16 11:06:51,116.3,5425094
2021-06-16 11:06:53,116.25,5425099
2021-06-16 11:06:56,116.3,5425130
2021-06-16 11:06:58,116.3,5425135
2021-06-16 11:07:00,116.3,5425135
2021-06-16 11:07:05,116.3,5426249
2021-06-16 11:07:08,116.25,5426609
2021-06-16 11:07:10,116.3,5426784
2021-06-16 11:07:12,116.25,5426847
2021-06-16 11:07:15,116.25,5426847
2021-06-16 11:07:18,116.3,5426849
2021-06-16 11:07:20,116.3,5426899
2021-06-16 11:07:22,116.3,5427186
2021-06-16 11:07:25,116.3,5427238
2021-06-16 11:07:27,116.3,5427509
2021-06-16 11:07:30,116.3,5427632
2021-06-16 11:07:32,116.3,5427652
2021-06-16 11:07:34,116.3,5427683
2021-06-16 11:07:38,116.25,5428689
2021-06-16 11:07:41,116.25,5428689
2021-06-16 11:07:43,116.3,5428690
2021-06-16 11:07:44,116.3,5428721
2021-06-16 11:07:46,116.2,5428896
2021-06-16 11:07:48,116.3,5432356
2021-06-16 11:07:53,116.25,5432426
2021-06-16 11:07:54,116.25,5432426
2021-06-16 11:07:56,116.25,5432426
2021-06-16 11:07:58,116.3,5433381
2021-06-16 11:08:01,116.25,5433411
2021-06-16 11:08:03,116.25,5433411
2021-06-16 11:08:05,116.25,5433413
2021-06-16 11:08:07,116.3,5434524
2021-06-16 11:08:09,116.2,5435143
2021-06-16 11:08:11,116.25,5435253
2021-06-16 11:20:19,116.45,5671570
2021-06-16 11:20:22,116.5,5683202
2021-06-16 11:20:23,116.5,5685088
2021-06-16 11:38:53,116.85,6317617
2021-06-16 11:38:55,116.9,6317922
2021-06-16 11:38:57,116.85,6318825
2021-06-16 11:38:58,116.85,6319960
2021-06-16 11:39:02,116.85,6320371
2021-06-16 11:39:03,116.9,6320372
2021-06-16 11:39:05,116.85,6320397
2021-06-16 11:39:06,116.9,6320424
2021-06-16 11:39:08,116.85,6321036
2021-06-16 11:39:09,116.85,6321036
2021-06-16 11:39:11,116.85,6321771
2021-06-16 11:39:12,116.85,6321771
2021-06-16 11:39:14,116.9,6321872
2021-06-16 11:39:16,116.85,6321886
2021-06-16 11:39:17,116.9,6321988
2021-06-16 11:39:19,116.9,6321991
2021-06-16 11:39:20,116.9,6322062
2021-06-16 11:39:22,116.85,6322462
2021-06-16 11:39:23,116.9,6323724
2021-06-16 11:39:24,116.9,6323730
2021-06-16 11:39:26,116.85,6324505
2021-06-16 11:39:27,116.9,6329357
2021-06-16 11:39:28,116.9,6329639
2021-06-16 11:39:30,116.9,6329639
2021-06-16 11:39:31,116.85,6329824
2021-06-16 11:39:33,116.9,6330778
2021-06-16 11:39:36,116.9,6331031
2021-06-16 11:39:37,116.85,6331291
2021-06-16 11:39:39,116.85,6331292
2021-06-16 11:39:40,116.85,6331294
2021-06-16 11:39:42,116.9,6331399
2021-06-16 11:39:44,116.85,6331899
2021-06-16 11:39:45,116.9,6332199
2021-06-16 11:39:47,116.85,6333081
2021-06-16 11:39:49,116.8,6347149
2021-06-16 11:39:52,116.85,6350908
2021-06-16 11:39:53,116.8,6350910
2021-06-16 11:39:55,116.85,6351106
2021-06-16 11:39:56,116.85,6351109
2021-06-16 11:39:58,116.8,6351309
2021-06-16 11:39:59,116.8,6351424
2021-06-16 11:40:01,116.85,6354798
2021-06-16 11:40:02,116.8,6355935
2021-06-16 11:40:04,116.85,6356137
2021-06-16 11:40:05,116.85,6356337
2021-06-16 11:40:07,116.85,6356337
2021-06-16 11:40:09,116.8,6356342
2021-06-16 11:40:10,116.85,6358814
2021-06-16 11:40:12,116.8,6358815
2021-06-16 11:40:13,116.85,6359191
2021-06-16 11:40:15,116.85,6359340
2021-06-16 11:40:16,116.85,6359341
2021-06-16 11:40:18,116.85,6359357
2021-06-16 11:40:19,116.85,6359684
2021-06-16 11:40:21,116.85,6359784
2021-06-16 11:40:22,116.85,6359888
2021-06-16 11:40:24,116.8,6364565
2021-06-16 11:40:26,116.85,6365144
2021-06-16 11:40:27,116.8,6365147
2021-06-16 11:40:29,116.75,6365598
2021-06-16 11:40:30,116.75,6367983
2021-06-16 11:40:32,116.75,6367983
2021-06-16 11:40:34,116.75,6368006
2021-06-16 11:40:36,116.75,6370140
2021-06-16 11:40:38,116.85,6370196
2021-06-16 11:40:39,116.85,6370196
2021-06-16 11:40:41,116.8,6370197
2021-06-16 11:40:46,116.85,6374021
2021-06-16 11:40:48,116.85,6374404
2021-06-16 11:40:49,116.75,6374460
2021-06-16 11:40:51,116.75,6374536
2021-06-16 11:40:52,116.85,6375037
2021-06-16 11:40:56,116.8,6375125
2021-06-16 11:40:58,116.8,6375135
2021-06-16 11:41:00,116.8,6375135
2021-06-16 11:41:02,116.8,6375169
2021-06-16 11:41:03,116.8,6375169
2021-06-16 11:41:05,116.75,6376169
2021-06-16 11:41:06,116.75,6376169
2021-06-16 11:41:08,116.8,6378041
2021-06-16 11:41:10,116.8,6378404
2021-06-16 11:41:11,116.75,6378664
2021-06-16 11:41:13,116.75,6378664
2021-06-16 11:41:14,116.8,6378715
2021-06-16 11:41:16,116.75,6380715
2021-06-16 11:41:17,116.75,6380755
2021-06-16 11:41:19,116.75,6380971
2021-06-16 11:41:21,116.8,6382475
2021-06-16 11:41:22,116.8,6382505
2021-06-16 11:41:24,116.75,6383005
2021-06-16 11:41:25,116.75,6383728
2021-06-16 11:41:26,116.75,6383728
2021-06-16 11:41:28,116.8,6383729
2021-06-16 11:41:29,116.8,6383938
2021-06-16 11:41:30,116.8,6384028
2021-06-16 11:41:32,116.8,6387554
2021-06-16 11:41:34,116.8,6387605
2021-06-16 11:41:35,116.8,6387710
2021-06-16 11:41:37,116.8,6388651
2021-06-16 11:41:40,116.8,6388652
2021-06-16 11:41:41,116.75,6389402
2021-06-16 11:41:43,116.8,6389404
2021-06-16 11:41:44,116.75,6389605
2021-06-16 11:41:46,116.75,6390018
2021-06-16 11:41:48,116.75,6390029
2021-06-16 11:41:49,116.8,6390079
2021-06-16 11:41:51,116.8,6390079
2021-06-16 11:41:52,116.75,6390127
2021-06-16 11:41:53,116.8,6393853
2021-06-16 11:41:55,116.8,6393853
2021-06-16 11:41:56,116.8,6394888
2021-06-16 11:41:58,116.8,6396689
2021-06-16 11:41:59,116.85,6396793
2021-06-16 11:42:00,116.8,6396993
2021-06-16 11:42:02,116.8,6396993
2021-06-16 11:42:03,116.8,6397003
2021-06-16 11:42:05,116.8,6397753
2021-06-16 11:42:07,116.8,6397753
2021-06-16 11:42:08,116.85,6398779
2021-06-16 11:42:10,116.8,6398784
2021-06-16 11:42:12,116.8,6398814
2021-06-16 11:42:13,116.85,6398854
2021-06-16 11:42:15,116.85,6399963
2021-06-16 11:42:17,116.85,6399977
2021-06-16 11:42:18,116.8,6400107
2021-06-16 11:42:19,116.8,6401007
2021-06-16 11:42:21,116.8,6401732
2021-06-16 11:42:22,116.85,6401833
2021-06-16 11:42:25,116.85,6401835
2021-06-16 11:42:26,116.8,6401997
2021-06-16 11:42:28,116.8,6401997
2021-06-16 11:42:31,116.85,6402041
2021-06-16 11:42:33,116.8,6406799
2021-06-16 11:42:34,116.8,6406800
2021-06-16 11:42:37,116.8,6406808
2021-06-16 11:42:38,116.75,6408326
2021-06-16 11:42:40,116.8,6408426
2021-06-16 11:42:42,116.8,6408451
2021-06-16 11:42:43,116.8,6408452
2021-06-16 11:42:45,116.75,6409556
2021-06-16 11:42:47,116.75,6412634
2021-06-16 11:42:49,116.75,6412669
2021-06-16 11:42:51,116.75,6412669
2021-06-16 11:42:53,116.75,6412669
2021-06-16 11:42:54,116.8,6412670
2021-06-16 11:42:56,116.75,6412750
2021-06-16 11:42:58,116.8,6412810
2021-06-16 11:43:00,116.75,6413292
2021-06-16 11:43:02,116.8,6416981
2021-06-16 11:43:03,116.85,6417052
2021-06-16 11:43:06,116.8,6417318
2021-06-16 11:43:07,116.8,6417459
2021-06-16 11:43:09,116.85,6417514
2021-06-16 11:43:11,116.8,6417644
2021-06-16 11:43:13,116.8,6418580
2021-06-16 11:43:15,116.85,6418681
2021-06-16 11:43:16,116.8,6418683
2021-06-16 11:43:20,116.8,6419070
2021-06-16 11:43:22,116.8,6419100
2021-06-16 11:43:23,116.8,6419102
2021-06-16 11:43:24,116.8,6419102
2021-06-16 11:43:26,116.8,6419203
2021-06-16 11:43:27,116.8,6419204
2021-06-16 11:43:29,116.8,6419204
2021-06-16 11:43:30,116.8,6419204
2021-06-16 11:43:32,116.8,6421004
2021-06-16 11:43:34,116.8,6421011
2021-06-16 11:43:36,116.85,6421012
2021-06-16 11:43:38,116.8,6421407
2021-06-16 11:43:40,116.85,6421412
2021-06-16 11:43:42,116.85,6425109
2021-06-16 11:43:44,116.8,6427112
2021-06-16 11:43:47,116.75,6427352
2021-06-16 11:43:49,116.75,6427404
2021-06-16 11:43:50,116.75,6427701
2021-06-16 11:43:52,116.8,6428201
2021-06-16 11:43:55,116.75,6428221
2021-06-16 11:43:56,116.8,6428255
2021-06-16 11:43:58,116.75,6429034
2021-06-16 11:43:59,116.75,6429034
2021-06-16 11:44:00,116.75,6429034
2021-06-16 11:44:02,116.75,6429550
2021-06-16 11:44:04,116.75,6429750
2021-06-16 11:44:06,116.75,6430992
2021-06-16 11:44:07,116.75,6430992
2021-06-16 11:44:09,116.8,6431010
2021-06-16 11:44:11,116.8,6431980
2021-06-16 11:44:13,116.75,6432157
2021-06-16 11:44:14,116.75,6432177
2021-06-16 11:44:16,116.8,6432228
2021-06-16 11:44:18,116.75,6432234
2021-06-16 11:44:19,116.8,6432440
2021-06-16 11:44:21,116.8,6432491
2021-06-16 11:44:22,116.8,6432493
2021-06-16 11:44:24,116.75,6432494
2021-06-16 11:44:25,116.75,6433315
2021-06-16 11:44:27,116.75,6433328
2021-06-16 11:44:30,116.75,6435608
2021-06-16 11:44:32,116.75,6435608
2021-06-16 11:44:33,116.8,6435638
2021-06-16 11:44:34,116.75,6435649
2021-06-16 11:44:36,116.85,6439676
2021-06-16 11:44:37,116.75,6439686
2021-06-16 11:44:39,116.8,6439748
2021-06-16 11:44:40,116.75,6439948
2021-06-16 11:44:41,116.75,6439948
2021-06-16 11:44:43,116.8,6440048
2021-06-16 11:44:44,116.75,6440256
2021-06-16 11:44:46,116.8,6440257
2021-06-16 11:44:47,116.8,6440257
2021-06-16 11:44:49,116.8,6440287
2021-06-16 11:44:51,116.75,6440796
2021-06-16 11:44:53,116.75,6440798
2021-06-16 11:44:54,116.8,6441798
2021-06-16 11:44:56,116.75,6441799
2021-06-16 11:44:59,116.8,6442282
2021-06-16 11:45:01,116.8,6442282
2021-06-16 11:45:02,116.8,6444152
2021-06-16 11:45:04,116.8,6444152
2021-06-16 11:45:06,116.8,6444152
2021-06-16 11:45:07,116.75,6458204
2021-06-16 11:45:10,116.75,6460612
2021-06-16 11:45:14,116.75,6460716
2021-06-16 11:45:15,116.75,6460732
2021-06-16 11:45:17,116.75,6460734
2021-06-16 11:45:19,116.7,6461040
2021-06-16 11:45:21,116.7,6462043
2021-06-16 11:45:23,116.75,6462051
2021-06-16 11:45:25,116.75,6462062
2021-06-16 11:45:26,116.75,6462491
2021-06-16 11:45:28,116.75,6469365
2021-06-16 11:45:31,116.8,6469865
2021-06-16 11:45:33,116.8,6469865
2021-06-16 11:45:35,116.8,6469865
2021-06-16 11:45:36,116.75,6469883
2021-06-16 11:45:38,116.75,6469983
2021-06-16 11:45:40,116.8,6469991
2021-06-16 11:45:42,116.8,6470491
2021-06-16 11:45:44,116.8,6471508
2021-06-16 11:45:46,116.8,6471542
2021-06-16 11:45:48,116.8,6471542
2021-06-16 11:45:50,116.7,6473093
2021-06-16 11:45:51,116.7,6473216
2021-06-16 11:45:53,116.7,6473216
2021-06-16 11:45:55,116.7,6473327
2021-06-16 11:45:57,116.75,6473357
2021-06-16 11:45:59,116.75,6473808
2021-06-16 11:46:01,116.8,6473920
2021-06-16 11:46:03,116.8,6473920
2021-06-16 11:46:05,116.75,6474404
2021-06-16 11:46:07,116.75,6474404
2021-06-16 11:46:09,116.75,6474624
2021-06-16 11:46:11,116.75,6480124
2021-06-16 11:46:12,116.75,6480149
2021-06-16 11:46:14,116.75,6480149
2021-06-16 11:46:16,116.75,6480164
2021-06-16 11:46:18,116.75,6480264
2021-06-16 11:46:20,116.75,6480264
2021-06-16 11:46:22,116.75,6480274
2021-06-16 11:46:24,116.75,6480276
2021-06-16 11:46:25,116.75,6480276
2021-06-16 11:46:27,116.8,6480777
2021-06-16 11:46:29,116.8,6480793
2021-06-16 11:46:30,116.8,6480795
2021-06-16 11:46:32,116.75,6481805
2021-06-16 11:46:34,116.75,6482481
2021-06-16 11:46:35,116.75,6482482
2021-06-16 11:46:37,116.75,6482497
2021-06-16 11:46:38,116.75,6482924
2021-06-16 11:46:40,116.75,6482924
2021-06-16 11:46:41,116.75,6482924
2021-06-16 11:46:43,116.75,6482981
2021-06-16 11:46:45,116.75,6482989
2021-06-16 11:46:46,116.8,6482999
2021-06-16 11:46:50,116.8,6483112
2021-06-16 11:46:51,116.8,6483112
2021-06-16 11:46:53,116.8,6483112
2021-06-16 11:46:55,116.8,6483239
2021-06-16 11:46:57,116.75,6483540
2021-06-16 11:46:58,116.75,6483547
2021-06-16 11:47:00,116.75,6483547
2021-06-16 11:47:02,116.8,6483550
2021-06-16 11:47:04,116.75,6483653
2021-06-16 11:47:06,116.75,6483754
2021-06-16 11:47:07,116.75,6484004
2021-06-16 11:47:09,116.75,6484125
2021-06-16 11:47:11,116.75,6484235
2021-06-16 11:47:13,116.75,6484240
2021-06-16 11:47:14,116.8,6484275
2021-06-16 11:47:16,116.8,6484276
2021-06-16 11:47:17,116.8,6484276
2021-06-16 11:47:19,116.8,6485329
2021-06-16 11:47:21,116.8,6485329
2021-06-16 11:47:23,116.75,6485331
2021-06-16 11:47:25,116.75,6485340
2021-06-16 11:47:27,116.8,6485343
2021-06-16 11:47:29,116.8,6485614
2021-06-16 11:47:31,116.8,6486976
2021-06-16 11:47:33,116.8,6486976
2021-06-16 11:47:34,116.8,6486976
2021-06-16 11:47:36,116.75,6487176
2021-06-16 11:47:37,116.8,6490121
2021-06-16 11:47:39,116.75,6490122
2021-06-16 11:47:40,116.75,6490322
2021-06-16 11:47:42,116.8,6511877
2021-06-16 11:47:44,116.85,6518377
2021-06-16 11:47:46,116.85,6518377
2021-06-16 11:47:48,116.85,6519877
2021-06-16 11:47:49,116.9,6525704
2021-06-16 11:47:51,116.8,6527722
2021-06-16 11:47:53,116.9,6527972
2021-06-16 11:47:55,116.8,6528302
2021-06-16 11:47:57,116.9,6528502
2021-06-16 11:47:59,116.85,6528753
2021-06-16 11:48:00,116.9,6528757
2021-06-16 11:48:02,116.85,6528767
2021-06-16 11:48:04,116.85,6529274
2021-06-16 11:48:06,116.85,6529274
2021-06-16 11:48:08,116.85,6529274
2021-06-16 11:48:10,116.9,6529374
2021-06-16 11:48:12,116.9,6529467
2021-06-16 11:48:13,116.85,6529508
2021-06-16 11:48:15,116.85,6529516
2021-06-16 11:48:17,116.9,6529818
2021-06-16 11:48:19,116.85,6529938
2021-06-16 11:48:21,116.9,6529948
2021-06-16 11:48:23,116.9,6529969
2021-06-16 11:48:24,116.9,6529969
2021-06-16 11:48:26,116.9,6530069
2021-06-16 11:48:28,116.85,6530174
2021-06-16 11:48:29,116.85,6530174
2021-06-16 11:48:30,116.9,6534688
2021-06-16 11:48:32,116.9,6534738
2021-06-16 11:48:34,116.85,6534739
2021-06-16 11:48:35,116.85,6534743
2021-06-16 11:48:37,116.85,6534743
2021-06-16 11:48:38,116.85,6534743
2021-06-16 11:48:40,116.9,6534744
2021-06-16 11:48:42,116.9,6535779
2021-06-16 11:48:43,116.9,6535880
2021-06-16 11:48:45,116.9,6535880
2021-06-16 11:48:46,116.9,6536010
2021-06-16 11:48:47,116.9,6536010
2021-06-16 11:48:49,116.9,6536010
2021-06-16 11:48:51,116.85,6536026
2021-06-16 11:48:52,116.9,6536561
2021-06-16 11:48:54,116.9,6536735
2021-06-16 11:48:56,116.85,6537019
2021-06-16 11:48:57,116.85,6537019
2021-06-16 11:48:59,116.85,6539270
2021-06-16 11:49:01,116.9,6539272
2021-06-16 11:49:03,116.9,6539272
2021-06-16 11:49:04,116.9,6539289
2021-06-16 11:49:06,116.9,6539289
2021-06-16 11:49:08,116.85,6539476
2021-06-16 11:49:10,116.85,6539476
2021-06-16 11:49:11,116.9,6539777
2021-06-16 11:49:13,116.85,6541977
2021-06-16 11:49:15,116.9,6542978
2021-06-16 11:49:17,116.85,6542979
2021-06-16 11:49:18,116.85,6543979
2021-06-16 11:49:19,116.9,6545415
2021-06-16 11:49:21,116.9,6545467
2021-06-16 11:49:22,116.9,6545975
2021-06-16 11:49:24,116.85,6546025
2021-06-16 11:49:25,116.85,6546026
2021-06-16 11:49:26,116.85,6546028
2021-06-16 11:49:27,116.9,6546030
2021-06-16 11:49:28,116.85,6549775
2021-06-16 11:49:29,116.8,6549876
2021-06-16 11:49:31,116.8,6549984
2021-06-16 11:49:32,116.8,6549984
2021-06-16 11:49:33,116.8,6549984
2021-06-16 11:49:35,116.8,6549994
2021-06-16 11:49:36,116.85,6550062
2021-06-16 11:49:37,116.85,6550062
2021-06-16 11:49:39,116.85,6550065
2021-06-16 11:49:40,116.85,6550065
2021-06-16 11:49:41,116.85,6550150
2021-06-16 11:49:43,116.85,6550150
2021-06-16 11:49:44,116.85,6550153
2021-06-16 11:49:45,116.85,6550153
2021-06-16 11:49:47,116.85,6550673
2021-06-16 11:49:48,116.85,6550673
2021-06-16 11:49:49,116.85,6550673
2021-06-16 11:49:51,116.8,6550991
2021-06-16 11:49:52,116.8,6550992
2021-06-16 11:49:54,116.85,6551007
2021-06-16 11:49:54,116.85,6551007
2021-06-16 11:49:56,116.8,6551207
2021-06-16 11:49:56,116.8,6551207
2021-06-16 11:49:58,116.8,6551308
2021-06-16 11:49:59,116.85,6551311
2021-06-16 11:50:00,116.8,6551341
2021-06-16 11:49:58,116.8,6551308
2021-06-16 11:49:59,116.85,6551311
2021-06-16 11:50:00,116.8,6551341
2021-06-16 11:50:02,116.85,6552215
2021-06-16 11:50:02,116.85,6552215
2021-06-16 11:50:04,116.85,6552216
2021-06-16 11:50:04,116.85,6552216
2021-06-16 11:50:05,116.8,6552316
2021-06-16 11:50:05,116.8,6552316
2021-06-16 11:50:07,116.8,6552316
2021-06-16 11:50:07,116.8,6552316
2021-06-16 11:50:08,116.8,6552366
2021-06-16 11:50:08,116.8,6552366
2021-06-16 11:50:10,116.85,6552471
2021-06-16 11:50:10,116.85,6552471
2021-06-16 11:50:11,116.85,6552471
2021-06-16 11:50:11,116.85,6552471
2021-06-16 11:50:12,116.85,6552471
2021-06-16 11:50:12,116.85,6552471
2021-06-16 11:50:14,116.85,6553476
2021-06-16 11:50:14,116.85,6553476
2021-06-16 11:50:15,116.85,6553476
2021-06-16 11:50:15,116.85,6553476
2021-06-16 11:50:16,116.85,6553487
2021-06-16 11:50:16,116.85,6553487
2021-06-16 11:50:18,116.8,6557487
2021-06-16 11:50:18,116.8,6557487
2021-06-16 11:50:20,116.8,6557762
2021-06-16 11:50:20,116.8,6557762
2021-06-16 11:50:22,116.85,6557767
2021-06-16 11:50:22,116.85,6557767
2021-06-16 11:50:23,116.85,6557767
2021-06-16 11:50:23,116.85,6557767
2021-06-16 11:50:25,116.85,6557767
2021-06-16 11:50:25,116.85,6557767
2021-06-16 11:50:27,116.85,6557821
2021-06-16 11:50:27,116.85,6557821
2021-06-16 11:50:29,116.85,6558346
2021-06-16 11:50:29,116.85,6558346
2021-06-16 11:50:30,116.8,6558646
2021-06-16 11:50:30,116.8,6558646
2021-06-16 11:50:31,116.85,6558671
2021-06-16 11:50:33,116.8,6558697
2021-06-16 11:50:31,116.85,6558671
2021-06-16 11:50:34,116.85,6558719
2021-06-16 11:50:35,116.8,6558750
2021-06-16 11:50:36,116.8,6559750
2021-06-16 11:50:37,116.85,6559900
2021-06-16 11:50:33,116.8,6558697
2021-06-16 11:50:34,116.85,6558719
2021-06-16 11:50:35,116.8,6558750
2021-06-16 11:50:39,116.85,6559900
2021-06-16 11:50:36,116.8,6559750
2021-06-16 11:50:40,116.85,6559901
2021-06-16 11:50:41,116.8,6560118
2021-06-16 11:50:37,116.85,6559900
2021-06-16 11:50:42,116.85,6560162
2021-06-16 11:50:39,116.85,6559900
2021-06-16 11:50:40,116.85,6559901
2021-06-16 11:50:44,116.8,6560212
2021-06-16 11:50:41,116.8,6560118
2021-06-16 11:50:45,116.8,6560613
2021-06-16 11:50:42,116.85,6560162
2021-06-16 11:50:44,116.8,6560212
2021-06-16 11:50:47,116.8,6560622
2021-06-16 11:50:45,116.8,6560613
2021-06-16 11:50:48,116.85,6560632
2021-06-16 11:50:49,116.85,6560635
2021-06-16 11:50:47,116.8,6560622
2021-06-16 11:50:51,116.85,6560640
2021-06-16 11:50:48,116.85,6560632
2021-06-16 11:50:52,116.85,6560640
2021-06-16 11:50:49,116.85,6560635
2021-06-16 11:50:54,116.85,6560646
2021-06-16 11:50:55,116.85,6560647
2021-06-16 11:50:51,116.85,6560640
2021-06-16 11:50:56,116.85,6560804
2021-06-16 11:50:52,116.85,6560640
2021-06-16 11:50:58,116.85,6561331
2021-06-16 11:50:54,116.85,6560646
2021-06-16 11:50:59,116.85,6561332
2021-06-16 11:51:00,116.85,6561332
2021-06-16 11:50:55,116.85,6560647
2021-06-16 11:51:01,116.8,6561348
2021-06-16 11:50:56,116.85,6560804
2021-06-16 11:51:02,116.8,6561458
2021-06-16 11:50:58,116.85,6561331
2021-06-16 11:50:59,116.85,6561332
2021-06-16 11:51:00,116.85,6561332
2021-06-16 11:51:01,116.8,6561348
2021-06-16 11:51:04,116.85,6561558
2021-06-16 11:51:05,116.85,6561558
2021-06-16 11:51:07,116.8,6561789
2021-06-16 11:51:02,116.8,6561458
2021-06-16 11:51:04,116.85,6561558
2021-06-16 11:51:09,116.85,6562007
2021-06-16 11:51:05,116.85,6561558
2021-06-16 11:51:11,116.85,6562366
2021-06-16 11:51:13,116.85,6562369
2021-06-16 11:51:14,116.85,6565621
2021-06-16 11:51:07,116.8,6561789
2021-06-16 11:51:09,116.85,6562007
2021-06-16 11:51:16,116.85,6565641
2021-06-16 11:51:11,116.85,6562366
2021-06-16 11:51:13,116.85,6562369
2021-06-16 11:51:18,116.85,6579821
2021-06-16 11:51:14,116.85,6565621
2021-06-16 11:51:20,116.85,6580021
2021-06-16 11:51:16,116.85,6565641
2021-06-16 11:51:18,116.85,6579821
2021-06-16 11:51:21,116.85,6580022
2021-06-16 11:51:20,116.85,6580021
2021-06-16 11:51:21,116.85,6580022
2021-06-16 11:51:23,116.8,6580194
2021-06-16 11:51:23,116.8,6580194
2021-06-16 11:51:24,116.85,6580196
2021-06-16 11:51:24,116.85,6580196
2021-06-16 11:51:26,116.8,6580212
2021-06-16 11:51:26,116.8,6580212
2021-06-16 11:51:27,116.85,6580220
2021-06-16 11:51:27,116.85,6580220
2021-06-16 11:51:29,116.9,6580630
2021-06-16 11:51:29,116.9,6580630
2021-06-16 11:51:30,116.9,6580630
2021-06-16 11:51:30,116.9,6580630
2021-06-16 11:51:32,116.9,6580635
2021-06-16 11:51:33,116.9,6582302
2021-06-16 11:51:34,116.9,6582355
2021-06-16 11:51:32,116.9,6580635
2021-06-16 11:51:33,116.9,6582302
2021-06-16 11:51:34,116.9,6582355
2021-06-16 11:51:36,116.9,6582376
2021-06-16 11:51:36,116.9,6582376
2021-06-16 11:51:38,116.8,6582408
2021-06-16 11:51:38,116.8,6582408
2021-06-16 11:51:40,116.8,6582412
2021-06-16 11:51:40,116.8,6582412
2021-06-16 11:51:41,116.9,6582414
2021-06-16 11:51:41,116.9,6582414
2021-06-16 11:51:43,116.9,6582414
2021-06-16 11:51:43,116.9,6582414
2021-06-16 11:51:44,116.8,6582415
2021-06-16 11:51:45,116.9,6582473
2021-06-16 11:51:44,116.8,6582415
2021-06-16 11:51:45,116.9,6582473
2021-06-16 11:51:47,116.9,6582486
2021-06-16 11:51:47,116.9,6582486
2021-06-16 11:51:48,116.8,6582611
2021-06-16 11:51:48,116.8,6582611
2021-06-16 11:51:50,116.9,6582612
2021-06-16 11:51:50,116.9,6582612
2021-06-16 11:51:52,116.9,6585552
2021-06-16 11:51:54,116.8,6585802
2021-06-16 11:51:52,116.9,6585552
2021-06-16 11:51:55,116.8,6586484
2021-06-16 11:51:54,116.8,6585802
2021-06-16 11:51:57,116.8,6586484
2021-06-16 11:51:58,116.85,6586499
2021-06-16 11:51:55,116.8,6586484
2021-06-16 11:52:00,116.85,6587684
2021-06-16 11:51:57,116.8,6586484
2021-06-16 11:51:58,116.85,6586499
2021-06-16 11:52:00,116.85,6587684
2021-06-16 11:52:01,116.9,6588400
2021-06-16 11:52:01,116.9,6588400
2021-06-16 11:52:03,116.8,6589019
2021-06-16 11:52:03,116.8,6589019
2021-06-16 11:52:05,116.85,6589069
2021-06-16 11:52:05,116.85,6589069
2021-06-16 11:52:07,116.85,6589074
2021-06-16 11:52:07,116.85,6589074
2021-06-16 11:52:08,116.85,6589074
2021-06-16 11:52:08,116.85,6589074
2021-06-16 11:52:11,116.85,6589075
2021-06-16 11:52:11,116.85,6589075
2021-06-16 11:52:13,116.9,6589315
2021-06-16 11:52:13,116.9,6589315
2021-06-16 11:52:14,116.9,6589318
2021-06-16 11:52:14,116.9,6589318
2021-06-16 11:52:16,116.85,6589346
2021-06-16 11:52:16,116.85,6589346
2021-06-16 11:52:17,116.85,6592696
2021-06-16 11:52:17,116.85,6592696
2021-06-16 11:52:19,116.85,6592753
2021-06-16 11:52:19,116.85,6592753
2021-06-16 11:52:21,116.9,6593261
2021-06-16 11:52:23,116.9,6593261
2021-06-16 11:52:21,116.9,6593261
2021-06-16 11:52:24,116.9,6593261
2021-06-16 11:52:23,116.9,6593261
2021-06-16 11:52:26,116.9,6593261
2021-06-16 11:52:28,116.9,6593262
2021-06-16 11:52:24,116.9,6593261
2021-06-16 11:52:30,116.9,6593264
2021-06-16 11:52:26,116.9,6593261
2021-06-16 11:52:31,116.85,6593282
2021-06-16 11:52:34,116.9,6593612
2021-06-16 11:52:28,116.9,6593262
2021-06-16 11:52:36,116.9,6593612
2021-06-16 11:52:30,116.9,6593264
2021-06-16 11:52:37,116.85,6593617
2021-06-16 11:52:31,116.85,6593282
2021-06-16 11:52:39,116.9,6595122
2021-06-16 11:52:34,116.9,6593612
2021-06-16 11:52:40,116.9,6595122
2021-06-16 11:52:42,116.85,6595322
2021-06-16 11:52:36,116.9,6593612
2021-06-16 11:52:37,116.85,6593617
2021-06-16 11:52:39,116.9,6595122
2021-06-16 11:52:43,116.85,6595322
2021-06-16 11:52:40,116.9,6595122
2021-06-16 11:52:42,116.85,6595322
2021-06-16 11:52:45,116.9,6596574
2021-06-16 11:52:47,116.85,6597699
2021-06-16 11:52:43,116.85,6595322
2021-06-16 11:52:49,116.85,6597699
2021-06-16 11:52:51,116.85,6602753
2021-06-16 11:52:52,116.9,6602762
2021-06-16 11:52:54,116.9,6603262
2021-06-16 11:52:45,116.9,6596574
2021-06-16 11:52:55,116.85,6603404
2021-06-16 11:52:47,116.85,6597699
2021-06-16 11:52:57,116.85,6606454
2021-06-16 11:52:49,116.85,6597699
2021-06-16 11:52:51,116.85,6602753
2021-06-16 11:52:52,116.9,6602762
2021-06-16 11:52:59,116.85,6606454
2021-06-16 11:52:54,116.9,6603262
2021-06-16 11:53:00,116.9,6606456
2021-06-16 11:53:02,116.85,6606541
2021-06-16 11:52:55,116.85,6603404
2021-06-16 11:53:03,116.9,6606546
2021-06-16 11:52:57,116.85,6606454
2021-06-16 11:53:05,116.85,6607747
2021-06-16 11:52:59,116.85,6606454
2021-06-16 11:53:06,116.9,6607828
2021-06-16 11:53:00,116.9,6606456
2021-06-16 11:53:02,116.85,6606541
2021-06-16 11:53:08,116.9,6607828
2021-06-16 11:53:03,116.9,6606546
2021-06-16 11:53:09,116.9,6607838
2021-06-16 11:53:10,116.85,6608039
2021-06-16 11:53:05,116.85,6607747
2021-06-16 11:53:11,116.8,6612140
2021-06-16 11:53:13,116.85,6613463
2021-06-16 11:53:06,116.9,6607828
2021-06-16 11:53:15,116.85,6613468
2021-06-16 11:53:08,116.9,6607828
2021-06-16 11:53:16,116.85,6613468
2021-06-16 11:53:18,116.8,6613568
2021-06-16 11:53:09,116.9,6607838
2021-06-16 11:53:10,116.85,6608039
2021-06-16 11:53:11,116.8,6612140
2021-06-16 11:53:20,116.85,6613569
2021-06-16 11:53:13,116.85,6613463
2021-06-16 11:53:22,116.8,6613669
2021-06-16 11:53:15,116.85,6613468
2021-06-16 11:53:24,116.8,6613669
2021-06-16 11:53:16,116.85,6613468
2021-06-16 11:53:25,116.8,6615019
2021-06-16 11:53:18,116.8,6613568
2021-06-16 11:53:20,116.85,6613569
2021-06-16 11:53:27,116.85,6615032
2021-06-16 11:53:29,116.85,6617338
2021-06-16 11:53:22,116.8,6613669
2021-06-16 11:53:30,116.8,6617448
2021-06-16 11:53:32,116.8,6617949
2021-06-16 11:53:24,116.8,6613669
2021-06-16 11:53:25,116.8,6615019
2021-06-16 11:53:34,116.8,6617987
2021-06-16 11:53:27,116.85,6615032
2021-06-16 11:53:35,116.85,6618287
2021-06-16 11:53:37,116.8,6619288
2021-06-16 11:53:38,116.8,6619288
2021-06-16 11:53:29,116.85,6617338
2021-06-16 11:53:39,116.8,6619288
2021-06-16 11:53:30,116.8,6617448
2021-06-16 11:53:41,116.8,6619288
2021-06-16 11:53:32,116.8,6617949
2021-06-16 11:53:34,116.8,6617987
2021-06-16 11:53:42,116.8,6619288
2021-06-16 11:53:43,116.8,6619288
2021-06-16 11:53:35,116.85,6618287
2021-06-16 11:53:37,116.8,6619288
2021-06-16 11:53:44,116.8,6619432
2021-06-16 11:53:38,116.8,6619288
2021-06-16 11:53:45,116.85,6619442
2021-06-16 11:53:39,116.8,6619288
2021-06-16 11:53:47,116.85,6619442
2021-06-16 11:53:41,116.8,6619288
2021-06-16 11:53:48,116.85,6619442
2021-06-16 11:53:42,116.8,6619288
2021-06-16 11:53:43,116.8,6619288
2021-06-16 11:53:50,116.85,6619583
2021-06-16 11:53:44,116.8,6619432
2021-06-16 11:53:52,116.85,6619583
2021-06-16 11:53:45,116.85,6619442
2021-06-16 11:53:53,116.85,6619910
2021-06-16 11:53:55,116.85,6619938
2021-06-16 11:53:47,116.85,6619442
2021-06-16 11:53:56,116.85,6619938
2021-06-16 11:53:48,116.85,6619442
2021-06-16 11:53:58,116.85,6619963
2021-06-16 11:53:59,116.85,6619984
2021-06-16 11:53:50,116.85,6619583
2021-06-16 11:54:01,116.85,6620000
2021-06-16 11:53:52,116.85,6619583
2021-06-16 11:53:53,116.85,6619910
2021-06-16 11:53:55,116.85,6619938
2021-06-16 11:54:02,116.85,6620002
2021-06-16 11:53:56,116.85,6619938
2021-06-16 11:54:04,116.85,6620002
2021-06-16 11:54:05,116.85,6620002
2021-06-16 11:53:58,116.85,6619963
2021-06-16 11:53:59,116.85,6619984
2021-06-16 11:54:06,116.85,6620002
2021-06-16 11:54:08,116.85,6620012
2021-06-16 11:54:01,116.85,6620000
2021-06-16 11:54:09,116.85,6620012
2021-06-16 11:54:10,116.8,6620714
2021-06-16 11:54:02,116.85,6620002
2021-06-16 11:54:12,116.85,6620922
2021-06-16 11:54:04,116.85,6620002
2021-06-16 11:54:13,116.85,6620952
2021-06-16 11:54:05,116.85,6620002
2021-06-16 11:54:06,116.85,6620002
2021-06-16 11:54:15,116.85,6620958
2021-06-16 11:54:08,116.85,6620012
2021-06-16 11:54:17,116.85,6620958
2021-06-16 11:54:09,116.85,6620012
2021-06-16 11:54:18,116.85,6620958
2021-06-16 11:54:10,116.8,6620714
2021-06-16 11:54:12,116.85,6620922
2021-06-16 11:54:19,116.8,6621459
2021-06-16 11:54:13,116.85,6620952
2021-06-16 11:54:21,116.85,6621559
2021-06-16 11:54:23,116.8,6621560
2021-06-16 11:54:15,116.85,6620958
2021-06-16 11:54:24,116.8,6621560
2021-06-16 11:54:17,116.85,6620958
2021-06-16 11:54:26,116.85,6622100
2021-06-16 11:54:28,116.8,6622101
2021-06-16 11:54:18,116.85,6620958
2021-06-16 11:54:29,116.85,6623001
2021-06-16 11:54:19,116.8,6621459
2021-06-16 11:54:31,116.85,6623002
2021-06-16 11:54:21,116.85,6621559
2021-06-16 11:54:23,116.8,6621560
2021-06-16 11:54:33,116.8,6623007
2021-06-16 11:54:24,116.8,6621560
2021-06-16 11:54:26,116.85,6622100
2021-06-16 11:54:34,116.85,6623017
2021-06-16 11:54:28,116.8,6622101
2021-06-16 11:54:29,116.85,6623001
2021-06-16 11:54:36,116.85,6623021
2021-06-16 11:54:38,116.8,6624351
2021-06-16 11:54:31,116.85,6623002
2021-06-16 11:54:40,116.8,6624404
2021-06-16 11:54:33,116.8,6623007
2021-06-16 11:54:34,116.85,6623017
2021-06-16 11:54:42,116.8,6624504
2021-06-16 11:54:36,116.85,6623021
2021-06-16 11:54:43,116.85,6624505
2021-06-16 11:54:38,116.8,6624351
2021-06-16 11:54:45,116.8,6624655
2021-06-16 11:54:40,116.8,6624404
2021-06-16 11:54:47,116.8,6624655
2021-06-16 11:54:42,116.8,6624504
2021-06-16 11:54:43,116.85,6624505
2021-06-16 11:54:45,116.8,6624655
2021-06-16 11:54:49,116.8,6624655
2021-06-16 11:54:47,116.8,6624655
2021-06-16 11:54:50,116.8,6624855
2021-06-16 11:54:49,116.8,6624655
2021-06-16 11:54:52,116.8,6624868
2021-06-16 11:54:54,116.8,6624870
2021-06-16 11:54:50,116.8,6624855
2021-06-16 11:54:52,116.8,6624868
2021-06-16 11:54:54,116.8,6624870
2021-06-16 11:54:56,116.8,6625930
2021-06-16 11:54:56,116.8,6625930
2021-06-16 11:54:57,116.85,6625931
2021-06-16 11:54:57,116.85,6625931
2021-06-16 11:54:59,116.8,6626465
2021-06-16 11:54:59,116.8,6626465
2021-06-16 11:55:01,116.8,6626465
2021-06-16 11:55:01,116.8,6626465
2021-06-16 11:55:02,116.8,6626655
2021-06-16 11:55:02,116.8,6626655
2021-06-16 11:55:04,116.8,6626657
2021-06-16 11:55:06,116.8,6626657
2021-06-16 11:55:04,116.8,6626657
2021-06-16 11:55:06,116.8,6626657
2021-06-16 11:55:08,116.8,6626735
2021-06-16 11:55:08,116.8,6626735
2021-06-16 11:55:10,116.8,6626735
2021-06-16 11:55:11,116.8,6626760
2021-06-16 11:55:10,116.8,6626735
2021-06-16 11:55:13,116.8,6626760
2021-06-16 11:55:11,116.8,6626760
2021-06-16 11:55:14,116.8,6626760
2021-06-16 11:55:13,116.8,6626760
2021-06-16 11:55:14,116.8,6626760
2021-06-16 11:55:16,116.85,6627610
2021-06-16 11:55:17,116.8,6627810
2021-06-16 11:55:16,116.85,6627610
2021-06-16 11:55:17,116.8,6627810
2021-06-16 11:55:19,116.8,6628061
2021-06-16 11:55:19,116.8,6628061
2021-06-16 11:55:20,116.85,6628821
2021-06-16 11:55:20,116.85,6628821
2021-06-16 11:55:22,116.8,6630985
2021-06-16 11:55:22,116.8,6630985
2021-06-16 11:55:24,116.8,6631015
2021-06-16 11:55:26,116.85,6631019
2021-06-16 11:55:24,116.8,6631015
2021-06-16 11:55:29,116.85,6631075
2021-06-16 11:55:26,116.85,6631019
2021-06-16 11:55:30,116.85,6631080
2021-06-16 11:55:33,116.8,6631085
2021-06-16 11:55:29,116.85,6631075
2021-06-16 11:55:34,116.85,6632662
2021-06-16 11:55:30,116.85,6631080
2021-06-16 11:55:36,116.8,6632862
2021-06-16 11:55:38,116.8,6632862
2021-06-16 11:55:39,116.8,6632872
2021-06-16 11:55:33,116.8,6631085
2021-06-16 11:55:41,116.8,6632872
2021-06-16 11:55:34,116.85,6632662
2021-06-16 11:55:42,116.85,6634275
2021-06-16 11:55:36,116.8,6632862
2021-06-16 11:55:38,116.8,6632862
2021-06-16 11:55:44,116.8,6634375
2021-06-16 11:55:39,116.8,6632872
2021-06-16 11:55:46,116.85,6634381
2021-06-16 11:55:41,116.8,6632872
2021-06-16 11:55:47,116.8,6634483
2021-06-16 11:55:42,116.85,6634275
2021-06-16 11:55:44,116.8,6634375
2021-06-16 11:55:49,116.85,6634484
2021-06-16 11:55:46,116.85,6634381
2021-06-16 11:55:51,116.85,6634485
2021-06-16 11:55:47,116.8,6634483
2021-06-16 11:55:52,116.85,6634486
2021-06-16 11:55:49,116.85,6634484
2021-06-16 11:55:53,116.85,6634591
2021-06-16 11:55:51,116.85,6634485
2021-06-16 11:55:52,116.85,6634486
2021-06-16 11:55:53,116.85,6634591
2021-06-16 11:55:55,116.8,6636091
2021-06-16 11:55:57,116.85,6636192
2021-06-16 11:55:55,116.8,6636091
2021-06-16 11:55:57,116.85,6636192
2021-06-16 11:55:59,116.8,6636193
2021-06-16 11:55:59,116.8,6636193
2021-06-16 11:56:00,116.85,6636200
2021-06-16 11:56:00,116.85,6636200
2021-06-16 11:56:02,116.85,6636590
2021-06-16 11:56:02,116.85,6636590
2021-06-16 11:56:03,116.8,6637053
2021-06-16 11:56:03,116.8,6637053
2021-06-16 11:56:05,116.85,6638004
2021-06-16 11:56:05,116.85,6638004
2021-06-16 11:56:06,116.85,6638331
2021-06-16 11:56:06,116.85,6638331
2021-06-16 11:56:08,116.8,6639211
2021-06-16 11:56:08,116.8,6639211
2021-06-16 11:56:09,116.8,6639215
2021-06-16 11:56:11,116.8,6639427
2021-06-16 11:56:09,116.8,6639215
2021-06-16 11:56:11,116.8,6639427
2021-06-16 11:56:12,116.8,6639427
2021-06-16 11:56:12,116.8,6639427
2021-06-16 11:56:13,116.8,6639427
2021-06-16 11:56:13,116.8,6639427
2021-06-16 11:56:15,116.8,6639447
2021-06-16 11:56:15,116.8,6639447
2021-06-16 11:56:17,116.8,6639649
2021-06-16 11:56:18,116.8,6639649
2021-06-16 11:56:17,116.8,6639649
2021-06-16 11:56:18,116.8,6639649
2021-06-16 11:56:20,116.8,6639699
2021-06-16 11:56:20,116.8,6639699
2021-06-16 11:56:22,116.8,6640589
2021-06-16 11:56:22,116.8,6640589
2021-06-16 11:56:24,116.85,6640591
2021-06-16 11:56:24,116.85,6640591
2021-06-16 11:56:26,116.8,6641641
2021-06-16 11:56:26,116.8,6641641
2021-06-16 11:56:27,116.85,6641643
2021-06-16 11:56:27,116.85,6641643
2021-06-16 11:56:29,116.85,6641643
2021-06-16 11:56:29,116.85,6641643
2021-06-16 11:56:31,116.85,6641643
2021-06-16 11:56:31,116.85,6641643
2021-06-16 11:56:32,116.8,6641866
2021-06-16 11:56:32,116.8,6641866
2021-06-16 11:56:34,116.8,6641866
2021-06-16 11:56:34,116.8,6641866
2021-06-16 11:56:35,116.85,6642867
2021-06-16 11:56:35,116.85,6642867
2021-06-16 11:56:37,116.85,6642867
2021-06-16 11:56:38,116.85,6642867
2021-06-16 11:56:37,116.85,6642867
2021-06-16 11:56:38,116.85,6642867
2021-06-16 11:56:40,116.8,6643678
2021-06-16 11:56:40,116.8,6643678
2021-06-16 11:56:41,116.8,6643688
2021-06-16 11:56:43,116.85,6643697
2021-06-16 11:56:44,116.85,6643798
2021-06-16 11:56:41,116.8,6643688
2021-06-16 11:56:46,116.85,6643798
2021-06-16 11:56:43,116.85,6643697
2021-06-16 11:56:47,116.85,6643798
2021-06-16 11:56:49,116.85,6643798
2021-06-16 11:56:44,116.85,6643798
2021-06-16 11:56:50,116.8,6643808
2021-06-16 11:56:46,116.85,6643798
2021-06-16 11:56:47,116.85,6643798
2021-06-16 11:56:52,116.8,6643808
2021-06-16 11:56:49,116.85,6643798
2021-06-16 11:56:53,116.85,6643839
2021-06-16 11:56:55,116.8,6643853
2021-06-16 11:56:50,116.8,6643808
2021-06-16 11:56:56,116.8,6643853
2021-06-16 11:56:57,116.8,6643853
2021-06-16 11:56:52,116.8,6643808
2021-06-16 11:56:53,116.85,6643839
2021-06-16 11:56:55,116.8,6643853
2021-06-16 11:56:59,116.85,6643854
2021-06-16 11:57:00,116.8,6647354
2021-06-16 11:56:56,116.8,6643853
2021-06-16 11:56:57,116.8,6643853
2021-06-16 11:57:01,116.85,6647397
2021-06-16 11:57:03,116.8,6652447
2021-06-16 11:56:59,116.85,6643854
2021-06-16 11:57:04,116.8,6652451
2021-06-16 11:57:00,116.8,6647354
2021-06-16 11:57:06,116.85,6652501
2021-06-16 11:57:01,116.85,6647397
2021-06-16 11:57:07,116.8,6652631
2021-06-16 11:57:03,116.8,6652447
2021-06-16 11:57:09,116.8,6652631
2021-06-16 11:57:04,116.8,6652451
2021-06-16 11:57:11,116.8,6652631
2021-06-16 11:57:12,116.8,6652641
2021-06-16 11:57:06,116.85,6652501
2021-06-16 11:57:14,116.85,6652644
2021-06-16 11:57:07,116.8,6652631
2021-06-16 11:57:15,116.85,6652644
2021-06-16 11:57:09,116.8,6652631
2021-06-16 11:57:17,116.85,6652660
2021-06-16 11:57:18,116.85,6653378
2021-06-16 11:57:11,116.8,6652631
2021-06-16 11:57:12,116.8,6652641
2021-06-16 11:57:14,116.85,6652644
2021-06-16 11:57:20,116.85,6661620
2021-06-16 11:57:22,116.85,6661620
2021-06-16 11:57:23,116.9,6661623
2021-06-16 11:57:15,116.85,6652644
2021-06-16 11:57:17,116.85,6652660
2021-06-16 11:57:25,116.9,6661723
2021-06-16 11:57:18,116.85,6653378
2021-06-16 11:57:20,116.85,6661620
2021-06-16 11:57:22,116.85,6661620
2021-06-16 11:57:23,116.9,6661623
2021-06-16 11:57:27,116.85,6662023
2021-06-16 11:57:25,116.9,6661723
2021-06-16 11:57:28,116.85,6662024
2021-06-16 11:57:27,116.85,6662023
2021-06-16 11:57:29,116.9,6662049
2021-06-16 11:57:31,116.9,6662049
2021-06-16 11:57:32,116.85,6672796
2021-06-16 11:57:34,116.85,6672796
2021-06-16 11:57:28,116.85,6662024
2021-06-16 11:57:29,116.9,6662049
2021-06-16 11:57:35,116.85,6674514
2021-06-16 11:57:31,116.9,6662049
2021-06-16 11:57:37,116.85,6674514
2021-06-16 11:57:32,116.85,6672796
2021-06-16 11:57:34,116.85,6672796
2021-06-16 11:57:39,116.85,6674514
2021-06-16 11:57:35,116.85,6674514
2021-06-16 11:57:41,116.85,6674517
2021-06-16 11:57:37,116.85,6674514
2021-06-16 11:57:42,116.85,6674518
2021-06-16 11:57:39,116.85,6674514
2021-06-16 11:57:44,116.85,6674519
2021-06-16 11:57:45,116.85,6674550
2021-06-16 11:57:41,116.85,6674517
2021-06-16 11:57:47,116.85,6674580
2021-06-16 11:57:42,116.85,6674518
2021-06-16 11:57:48,116.85,6674580
2021-06-16 11:57:44,116.85,6674519
2021-06-16 11:57:49,116.9,6674581
2021-06-16 11:57:45,116.85,6674550
2021-06-16 11:57:51,116.9,6674582
2021-06-16 11:57:47,116.85,6674580
2021-06-16 11:57:48,116.85,6674580
2021-06-16 11:57:49,116.9,6674581
2021-06-16 11:57:53,116.85,6674592
2021-06-16 11:57:54,116.85,6674642
2021-06-16 11:57:51,116.9,6674582
2021-06-16 11:57:56,116.85,6674643
2021-06-16 11:57:53,116.85,6674592
2021-06-16 11:57:54,116.85,6674642
2021-06-16 11:57:57,116.85,6674643
2021-06-16 11:57:56,116.85,6674643
2021-06-16 11:57:57,116.85,6674643
2021-06-16 11:57:59,116.85,6674663
2021-06-16 11:58:01,116.85,6674663
2021-06-16 11:57:59,116.85,6674663
2021-06-16 11:58:01,116.85,6674663
2021-06-16 11:58:02,116.9,6674668
2021-06-16 11:58:04,116.9,6674668
2021-06-16 11:58:02,116.9,6674668
2021-06-16 11:58:04,116.9,6674668
2021-06-16 11:58:05,116.85,6674688
2021-06-16 11:58:06,116.85,6674690
2021-06-16 11:58:05,116.85,6674688
2021-06-16 11:58:06,116.85,6674690
2021-06-16 11:58:08,116.85,6674692
2021-06-16 11:58:08,116.85,6674692
2021-06-16 11:58:10,116.9,6674743
2021-06-16 11:58:12,116.9,6674743
2021-06-16 11:58:10,116.9,6674743
2021-06-16 11:58:13,116.9,6674743
2021-06-16 11:58:12,116.9,6674743
2021-06-16 11:58:15,116.9,6674867
2021-06-16 11:58:13,116.9,6674743
2021-06-16 11:58:15,116.9,6674867
2021-06-16 11:58:16,116.85,6674958
