timestamp,ltp,volume
2021-06-16 09:15:40,1508.3,26484
2021-06-16 09:15:41,1507.15,26790
2021-06-16 09:15:42,1508.7,27477
2021-06-16 09:15:43,1508.3,27487
2021-06-16 09:15:44,1508.7,27580
2021-06-16 09:15:45,1508.75,27620
2021-06-16 09:15:45,1508.75,27620
2021-06-16 09:15:46,1508.8,27659
2021-06-16 09:15:48,1508.8,27673
2021-06-16 09:15:49,1508.8,27684
2021-06-16 09:15:50,1508.8,27698
2021-06-16 09:15:51,1508.9,27742
2021-06-16 09:15:53,1509.0,27820
2021-06-16 09:15:54,1509.0,27846
2021-06-16 09:15:55,1509.45,28214
2021-06-16 09:15:56,1510.0,28338
2021-06-16 09:15:56,1510.0,28338
2021-06-16 09:15:58,1510.0,28427
2021-06-16 09:15:59,1510.0,28441
2021-06-16 09:16:00,1510.0,28571
2021-06-16 09:16:01,1509.4,28777
2021-06-16 09:16:01,1509.4,28777
2021-06-16 09:16:02,1510.0,29277
2021-06-16 09:16:04,1510.25,29377
2021-06-16 09:16:05,1510.45,29415
2021-06-16 09:16:06,1510.45,29415
2021-06-16 09:16:07,1509.45,29878
2021-06-16 09:16:08,1509.45,29878
2021-06-16 09:16:09,1509.3,29918
2021-06-16 09:16:10,1509.1,29978
2021-06-16 09:16:11,1509.0,30139
2021-06-16 09:16:12,1510.25,30493
2021-06-16 09:16:13,1510.3,30503
2021-06-16 09:16:14,1510.5,31014
2021-06-16 09:16:15,1509.35,31015
2021-06-16 09:16:16,1510.5,31209
2021-06-16 09:16:16,1510.5,31209
2021-06-16 09:16:17,1510.0,31254
2021-06-16 09:16:19,1509.4,31255
2021-06-16 09:16:20,1510.2,31688
2021-06-16 09:16:21,1510.75,31856
2021-06-16 09:16:22,1510.95,33049
2021-06-16 09:16:23,1509.8,33069
2021-06-16 09:16:24,1510.8,33102
2021-06-16 09:16:25,1511.0,33375
2021-06-16 09:16:26,1511.0,33375
2021-06-16 09:16:27,1510.8,33391
2021-06-16 09:16:28,1511.0,33396
2021-06-16 09:16:29,1511.55,33417
2021-06-16 09:16:30,1511.55,33417
2021-06-16 09:16:31,1510.75,33517
2021-06-16 09:16:32,1510.8,34639
2021-06-16 09:16:33,1510.8,34778
2021-06-16 09:16:34,1511.3,35353
2021-06-16 09:16:36,1511.3,35353
2021-06-16 09:16:38,1512.95,35678
2021-06-16 09:16:39,1511.95,35800
2021-06-16 09:16:40,1511.5,39012
2021-06-16 09:16:44,1511.55,39130
2021-06-16 09:16:45,1511.75,39886
2021-06-16 09:16:46,1511.75,39982
2021-06-16 09:16:47,1511.0,40363
2021-06-16 09:16:49,1511.0,40395
2021-06-16 09:16:50,1511.0,40395
2021-06-16 09:16:51,1510.8,40768
2021-06-16 09:16:52,1511.5,40972
2021-06-16 09:16:53,1511.8,41122
2021-06-16 09:16:54,1510.8,41337
2021-06-16 09:16:55,1511.45,41382
2021-06-16 09:16:56,1511.45,41383
2021-06-16 09:16:57,1511.75,41719
2021-06-16 09:16:58,1510.55,42063
2021-06-16 09:16:59,1511.45,42282
2021-06-16 09:17:00,1511.45,42285
2021-06-16 09:17:02,1511.0,42389
2021-06-16 09:17:03,1511.45,42431
2021-06-16 09:17:06,1510.85,42631
2021-06-16 09:17:09,1510.7,42709
2021-06-16 09:17:10,1511.25,43526
2021-06-16 09:17:11,1510.8,43527
2021-06-16 09:17:12,1511.0,43569
2021-06-16 09:17:13,1511.0,43569
2021-06-16 09:17:15,1511.0,43569
2021-06-16 09:17:17,1511.2,44124
2021-06-16 09:17:18,1511.2,44124
2021-06-16 09:17:19,1511.2,44124
2021-06-16 09:17:20,1510.6,44588
2021-06-16 09:17:21,1510.6,44610
2021-06-16 09:17:22,1510.4,44620
2021-06-16 09:17:23,1510.4,44620
2021-06-16 09:17:24,1510.7,44650
2021-06-16 09:17:25,1510.4,44748
2021-06-16 09:17:26,1510.4,44748
2021-06-16 09:17:27,1510.5,44770
2021-06-16 09:17:28,1510.5,44799
2021-06-16 09:17:29,1509.5,46046
2021-06-16 09:17:30,1510.05,46118
2021-06-16 09:17:31,1510.05,46118
2021-06-16 09:17:32,1509.45,47193
2021-06-16 09:17:33,1508.45,47272
2021-06-16 09:17:34,1508.45,47272
2021-06-16 09:17:36,1509.3,47427
2021-06-16 09:17:37,1508.25,47527
2021-06-16 09:17:40,1508.85,47653
2021-06-16 09:17:41,1508.85,47653
2021-06-16 09:17:42,1508.85,47653
2021-06-16 09:17:43,1508.25,47655
2021-06-16 09:17:44,1508.25,47655
2021-06-16 09:17:45,1508.65,47753
2021-06-16 09:17:46,1508.65,47753
2021-06-16 09:17:47,1508.65,47753
2021-06-16 09:17:48,1508.65,47753
2021-06-16 09:17:49,1508.65,47754
2021-06-16 09:17:50,1508.05,47771
2021-06-16 09:17:51,1508.0,47821
2021-06-16 09:17:52,1508.0,48021
2021-06-16 09:17:53,1508.35,48100
2021-06-16 09:17:54,1507.6,48189
2021-06-16 09:17:55,1507.6,48189
2021-06-16 09:17:56,1508.0,48214
2021-06-16 09:17:57,1508.0,48239
2021-06-16 09:17:58,1508.0,48239
2021-06-16 09:17:59,1507.6,48544
2021-06-16 09:18:00,1507.6,48554
2021-06-16 09:18:01,1507.6,48554
2021-06-16 09:18:02,1507.6,48558
2021-06-16 09:18:03,1507.6,48558
2021-06-16 09:18:04,1507.6,48558
2021-06-16 09:18:06,1507.6,48569
2021-06-16 09:18:07,1507.6,48569
2021-06-16 09:18:08,1507.6,48569
2021-06-16 09:18:09,1508.0,48690
2021-06-16 09:18:10,1508.4,49017
2021-06-16 09:18:11,1508.4,49017
2021-06-16 09:18:12,1508.4,49017
2021-06-16 09:18:13,1507.9,49018
2021-06-16 09:18:14,1508.55,49056
2021-06-16 09:18:15,1508.3,49254
2021-06-16 09:18:16,1508.55,49329
2021-06-16 09:18:17,1508.55,49329
2021-06-16 09:18:18,1508.65,49416
2021-06-16 09:18:19,1508.65,49416
2021-06-16 09:18:20,1508.65,49416
2021-06-16 09:18:21,1509.55,49432
2021-06-16 09:18:22,1509.75,49458
2021-06-16 09:18:23,1510.0,49703
2021-06-16 09:18:24,1510.0,49721
2021-06-16 09:18:25,1510.0,49721
2021-06-16 09:18:26,1510.0,49887
2021-06-16 09:18:29,1509.2,50110
2021-06-16 09:18:31,1509.2,50120
2021-06-16 09:18:31,1509.2,50120
2021-06-16 09:18:32,1509.75,50188
2021-06-16 09:18:33,1509.75,50188
2021-06-16 09:18:34,1509.45,50208
2021-06-16 09:18:35,1509.5,50308
2021-06-16 09:18:36,1509.5,50338
2021-06-16 09:18:38,1509.5,50388
2021-06-16 09:18:38,1509.5,50388
2021-06-16 09:18:39,1509.5,50388
2021-06-16 09:18:40,1509.4,50436
2021-06-16 09:18:41,1510.0,50447
2021-06-16 09:18:42,1510.0,50456
2021-06-16 09:18:43,1510.0,50466
2021-06-16 09:18:44,1510.0,50486
2021-06-16 09:18:45,1510.0,50486
2021-06-16 09:18:47,1509.45,50948
2021-06-16 09:18:49,1509.45,50948
2021-06-16 09:18:49,1509.45,50948
2021-06-16 09:18:50,1510.0,50958
2021-06-16 09:18:51,1510.0,51015
2021-06-16 09:18:52,1510.0,51052
2021-06-16 09:18:53,1510.0,51110
2021-06-16 09:18:54,1510.0,51110
2021-06-16 09:18:55,1510.75,51173
2021-06-16 09:18:57,1510.75,51313
2021-06-16 09:18:58,1510.75,51321
2021-06-16 09:18:58,1510.75,51321
2021-06-16 09:18:59,1510.75,51321
2021-06-16 09:19:00,1510.35,51327
2021-06-16 09:19:01,1510.75,51329
2021-06-16 09:19:02,1510.75,51329
2021-06-16 09:19:03,1510.85,51346
2021-06-16 09:19:04,1510.75,51387
2021-06-16 09:19:05,1510.75,51411
2021-06-16 09:19:08,1511.1,51511
2021-06-16 09:19:09,1510.75,51611
2021-06-16 09:19:10,1510.45,51636
2021-06-16 09:19:11,1510.35,51656
2021-06-16 09:19:12,1510.35,51656
2021-06-16 09:19:13,1510.35,51656
2021-06-16 09:19:14,1510.8,51691
2021-06-16 09:19:15,1510.8,51691
2021-06-16 09:19:16,1510.8,51695
2021-06-16 09:19:20,1510.9,51754
2021-06-16 09:19:21,1510.75,51870
2021-06-16 09:19:22,1510.75,51870
2021-06-16 09:19:23,1510.75,51912
2021-06-16 09:19:24,1510.55,51999
2021-06-16 09:19:25,1510.55,52025
2021-06-16 09:19:26,1510.55,52035
2021-06-16 09:19:28,1510.55,52035
2021-06-16 09:19:29,1510.35,52040
2021-06-16 09:19:30,1510.45,52080
2021-06-16 09:19:31,1510.45,52080
2021-06-16 09:19:32,1510.25,52130
2021-06-16 09:19:34,1510.25,52130
2021-06-16 09:19:34,1510.25,52130
2021-06-16 09:19:35,1510.25,52130
2021-06-16 09:19:36,1510.25,52130
2021-06-16 09:19:37,1510.65,52141
2021-06-16 09:19:39,1510.65,52141
2021-06-16 09:19:40,1511.0,53497
2021-06-16 09:19:41,1511.5,53540
2021-06-16 09:19:41,1511.5,53540
2021-06-16 09:19:42,1510.9,53992
2021-06-16 09:19:43,1510.9,53992
2021-06-16 09:19:44,1511.9,54060
2021-06-16 09:19:46,1511.9,54060
2021-06-16 09:19:46,1511.15,54261
2021-06-16 09:19:47,1511.15,54261
2021-06-16 09:19:52,1511.05,54577
2021-06-16 09:19:53,1510.95,54580
2021-06-16 09:19:54,1510.55,54585
2021-06-16 09:19:55,1510.95,54640
2021-06-16 09:19:56,1510.95,54650
2021-06-16 09:19:57,1511.15,54730
2021-06-16 09:19:58,1511.15,54730
2021-06-16 09:19:59,1511.15,54730
2021-06-16 09:20:00,1509.3,55029
2021-06-16 09:20:01,1509.15,55640
2021-06-16 09:20:02,1509.15,55640
2021-06-16 09:20:03,1508.6,55858
2021-06-16 09:20:05,1508.6,55864
2021-06-16 09:20:06,1509.45,55896
2021-06-16 09:20:08,1509.45,55896
2021-06-16 09:20:09,1509.85,55908
2021-06-16 09:20:10,1509.95,56408
2021-06-16 09:20:11,1509.3,56458
2021-06-16 09:20:12,1509.3,56458
2021-06-16 09:20:13,1510.05,56649
2021-06-16 09:20:14,1510.9,56650
2021-06-16 09:20:15,1511.0,56791
2021-06-16 09:20:16,1511.0,56791
2021-06-16 09:20:17,1510.65,56796
2021-06-16 09:20:18,1511.0,56878
2021-06-16 09:20:19,1511.0,56914
2021-06-16 09:20:21,1511.5,56932
2021-06-16 09:20:21,1511.5,56932
2021-06-16 09:20:22,1511.6,56937
2021-06-16 09:20:23,1511.0,56957
2021-06-16 09:20:26,1509.4,57498
2021-06-16 09:20:27,1510.0,57597
2021-06-16 09:20:28,1510.0,57617
2021-06-16 09:20:29,1510.0,57650
2021-06-16 09:20:31,1510.0,57674
2021-06-16 09:20:32,1510.0,58687
2021-06-16 09:20:32,1510.0,58689
2021-06-16 09:20:33,1510.0,58689
2021-06-16 09:20:34,1509.4,58843
2021-06-16 09:20:36,1508.85,59449
2021-06-16 09:20:37,1508.85,59559
2021-06-16 09:20:38,1508.85,59574
2021-06-16 09:20:39,1508.4,60242
2021-06-16 09:20:41,1509.3,60252
2021-06-16 09:20:42,1509.3,60252
2021-06-16 09:20:43,1509.25,60269
2021-06-16 09:20:43,1509.25,60269
2021-06-16 09:20:44,1509.25,60269
2021-06-16 09:20:45,1508.4,60378
2021-06-16 09:20:46,1508.4,60378
2021-06-16 09:20:48,1508.4,60523
2021-06-16 09:20:50,1508.4,60539
2021-06-16 09:20:51,1508.0,60625
2021-06-16 09:20:51,1508.8,60575
2021-06-16 09:20:52,1508.0,60625
2021-06-16 09:20:53,1508.4,60679
2021-06-16 09:20:54,1508.0,60767
2021-06-16 09:20:55,1508.5,60775
2021-06-16 09:20:56,1508.5,60821
2021-06-16 09:20:57,1508.5,60876
2021-06-16 09:20:58,1508.5,60900
2021-06-16 09:20:59,1508.5,60900
2021-06-16 09:21:00,1508.5,60900
2021-06-16 09:21:01,1509.0,61070
2021-06-16 09:21:02,1509.05,61114
2021-06-16 09:21:03,1508.5,61134
2021-06-16 09:21:04,1509.35,61177
2021-06-16 09:21:05,1509.25,61204
2021-06-16 09:21:07,1509.25,61204
2021-06-16 09:21:08,1509.25,61797
2021-06-16 09:21:08,1509.25,61809
2021-06-16 09:21:09,1509.25,61929
2021-06-16 09:21:11,1509.25,61929
2021-06-16 09:21:12,1509.25,61929
2021-06-16 09:21:13,1509.25,61929
2021-06-16 09:21:13,1509.25,61929
2021-06-16 09:21:14,1509.6,62108
2021-06-16 09:21:15,1509.6,62108
2021-06-16 09:21:16,1509.3,62118
2021-06-16 09:21:17,1509.85,62120
2021-06-16 09:21:18,1509.85,62120
2021-06-16 09:21:20,1510.0,62151
2021-06-16 09:21:21,1510.55,62305
2021-06-16 09:21:21,1510.55,62305
2021-06-16 09:21:23,1510.5,62355
2021-06-16 09:21:24,1510.55,62361
2021-06-16 09:21:26,1510.0,62466
2021-06-16 09:21:27,1509.85,62574
2021-06-16 09:21:31,1508.85,62646
2021-06-16 09:21:32,1508.85,62646
2021-06-16 09:21:34,1508.9,62687
2021-06-16 09:21:34,1508.9,62687
2021-06-16 09:21:35,1508.9,62687
2021-06-16 09:21:36,1508.9,62687
2021-06-16 09:21:37,1509.0,62692
2021-06-16 09:21:38,1509.3,62709
2021-06-16 09:21:39,1509.3,62709
2021-06-16 09:21:40,1509.0,62754
2021-06-16 09:21:41,1509.0,62754
2021-06-16 09:21:42,1509.0,62754
2021-06-16 09:21:44,1508.95,62764
2021-06-16 09:21:45,1508.95,62774
2021-06-16 09:21:46,1508.95,62774
2021-06-16 09:21:47,1508.95,62812
2021-06-16 09:21:48,1508.95,62865
2021-06-16 09:21:48,1508.95,62865
2021-06-16 09:21:49,1508.95,62915
2021-06-16 09:21:50,1508.65,63049
2021-06-16 09:21:51,1508.6,63069
2021-06-16 09:21:52,1508.65,63119
2021-06-16 09:21:53,1508.65,63119
2021-06-16 09:21:55,1508.8,63261
2021-06-16 09:21:56,1508.8,63261
2021-06-16 09:21:57,1508.95,63361
2021-06-16 09:21:57,1508.95,63361
2021-06-16 09:21:59,1508.6,63441
2021-06-16 09:22:00,1508.95,63502
2021-06-16 09:22:01,1509.0,63842
2021-06-16 09:22:02,1509.95,63925
2021-06-16 09:22:04,1509.95,63925
2021-06-16 09:22:05,1509.95,63947
2021-06-16 09:22:06,1509.95,63955
2021-06-16 09:22:07,1509.95,63955
2021-06-16 09:22:08,1509.95,63955
2021-06-16 09:22:09,1509.95,63955
2021-06-16 09:22:09,1509.95,63955
2021-06-16 09:22:10,1509.95,63955
2021-06-16 09:22:11,1509.9,63956
2021-06-16 09:22:12,1509.9,63956
2021-06-16 09:22:14,1509.9,63958
2021-06-16 09:22:15,1509.9,63958
2021-06-16 09:22:16,1509.95,64008
2021-06-16 09:22:18,1510.0,64058
2021-06-16 09:22:19,1509.3,64059
2021-06-16 09:22:20,1509.95,64061
2021-06-16 09:22:21,1509.95,64061
2021-06-16 09:22:22,1509.9,64111
2021-06-16 09:22:23,1509.0,64151
2021-06-16 09:22:24,1509.0,64151
2021-06-16 09:22:25,1509.0,64151
2021-06-16 09:22:26,1509.9,64180
2021-06-16 09:22:28,1509.4,64215
2021-06-16 09:22:29,1509.9,64220
2021-06-16 09:22:30,1510.0,64270
2021-06-16 09:22:31,1510.15,64434
2021-06-16 09:22:31,1510.15,64434
2021-06-16 09:22:32,1510.15,64434
2021-06-16 09:22:33,1510.15,64434
2021-06-16 09:22:34,1510.0,64485
2021-06-16 09:22:35,1509.9,64535
2021-06-16 09:22:36,1510.0,64536
2021-06-16 09:22:38,1509.6,64552
2021-06-16 09:22:39,1509.6,64552
2021-06-16 09:22:40,1509.6,64552
2021-06-16 09:22:40,1509.6,64552
2021-06-16 09:22:42,1510.0,64712
2021-06-16 09:22:44,1510.0,64712
2021-06-16 09:22:45,1510.0,64712
2021-06-16 09:22:46,1510.0,64736
2021-06-16 09:22:46,1509.9,64735
2021-06-16 09:22:47,1509.6,64749
2021-06-16 09:22:48,1509.6,64749
2021-06-16 09:22:50,1509.6,64749
2021-06-16 09:22:50,1509.9,65574
2021-06-16 09:22:52,1509.6,65604
2021-06-16 09:22:52,1510.0,65697
2021-06-16 09:22:54,1510.0,65698
2021-06-16 09:22:55,1510.0,65708
2021-06-16 09:22:56,1510.0,65710
2021-06-16 09:22:57,1510.0,65725
2021-06-16 09:22:57,1510.0,66229
2021-06-16 09:22:58,1510.0,66237
2021-06-16 09:23:01,1510.0,66383
2021-06-16 09:23:02,1509.5,66453
2021-06-16 09:23:03,1509.5,66456
2021-06-16 09:23:04,1510.2,66461
2021-06-16 09:23:06,1510.2,66474
2021-06-16 09:23:07,1510.0,66488
2021-06-16 09:23:08,1510.0,66518
2021-06-16 09:23:08,1510.0,66518
2021-06-16 09:23:09,1509.75,66538
2021-06-16 09:23:11,1509.75,66538
2021-06-16 09:23:12,1510.9,66547
2021-06-16 09:23:13,1511.0,66564
2021-06-16 09:23:14,1511.0,66564
2021-06-16 09:23:15,1511.0,66577
2021-06-16 09:23:15,1511.0,66566
2021-06-16 09:23:16,1511.5,66637
2021-06-16 09:23:18,1511.9,66738
2021-06-16 09:23:18,1511.9,66738
2021-06-16 09:23:19,1511.9,66752
2021-06-16 09:23:20,1511.9,66799
2021-06-16 09:23:22,1511.9,66849
2021-06-16 09:23:23,1511.9,66849
2021-06-16 09:23:24,1511.9,66889
2021-06-16 09:23:24,1511.9,66889
2021-06-16 09:23:25,1511.9,66894
2021-06-16 09:23:26,1511.9,66898
2021-06-16 09:23:28,1511.9,67042
2021-06-16 09:23:28,1512.4,67171
2021-06-16 09:23:29,1512.4,67171
2021-06-16 09:23:31,1512.75,67189
2021-06-16 09:23:32,1512.15,67254
2021-06-16 09:23:33,1512.15,67254
2021-06-16 09:23:34,1512.25,67284
2021-06-16 09:23:35,1512.25,67305
2021-06-16 09:23:36,1512.0,67325
2021-06-16 09:23:37,1512.25,67351
2021-06-16 09:23:37,1512.25,67351
2021-06-16 09:23:38,1512.7,67462
2021-06-16 09:23:39,1512.85,67471
2021-06-16 09:23:40,1513.0,68452
2021-06-16 09:23:41,1512.9,68477
2021-06-16 09:23:43,1512.95,68507
2021-06-16 09:23:44,1513.15,68616
2021-06-16 09:23:45,1513.45,68756
2021-06-16 09:23:45,1513.45,68762
2021-06-16 09:23:46,1513.45,68762
2021-06-16 09:23:47,1512.45,68809
2021-06-16 09:23:49,1513.5,68861
2021-06-16 09:23:50,1513.9,69961
2021-06-16 09:23:52,1513.2,70254
2021-06-16 09:23:52,1513.9,70354
2021-06-16 09:23:53,1513.05,70411
2021-06-16 09:23:54,1513.05,70411
2021-06-16 09:23:55,1513.05,70452
2021-06-16 09:23:56,1513.45,70475
2021-06-16 09:23:58,1513.45,70475
2021-06-16 09:23:59,1513.75,70686
2021-06-16 09:24:00,1513.9,71170
2021-06-16 09:24:01,1513.9,71170
2021-06-16 09:24:02,1513.95,71452
2021-06-16 09:24:02,1513.95,71452
2021-06-16 09:24:03,1513.95,71452
2021-06-16 09:24:06,1513.1,71498
2021-06-16 09:24:06,1513.15,71701
2021-06-16 09:24:08,1513.75,71711
2021-06-16 09:24:10,1513.0,72020
2021-06-16 09:24:11,1513.9,72035
2021-06-16 09:24:12,1513.9,72050
2021-06-16 09:24:13,1513.9,72079
2021-06-16 09:24:14,1513.9,72104
2021-06-16 09:24:15,1513.3,72159
2021-06-16 09:24:16,1513.9,72165
2021-06-16 09:24:18,1513.3,72220
2021-06-16 09:24:18,1513.3,72220
2021-06-16 09:24:19,1513.3,72220
2021-06-16 09:24:21,1512.85,72460
2021-06-16 09:24:22,1512.9,72560
2021-06-16 09:24:23,1513.5,72660
2021-06-16 09:24:24,1512.35,72661
2021-06-16 09:24:25,1512.35,72661
2021-06-16 09:24:25,1512.35,72661
2021-06-16 09:24:27,1513.0,73001
2021-06-16 09:24:28,1513.0,73001
2021-06-16 09:24:29,1513.0,73045
2021-06-16 09:24:29,1513.0,73045
2021-06-16 09:24:30,1513.0,73045
2021-06-16 09:24:32,1513.0,73059
2021-06-16 09:24:33,1513.0,73059
2021-06-16 09:24:33,1512.25,73100
2021-06-16 09:24:34,1512.25,73100
2021-06-16 09:24:36,1512.25,73100
2021-06-16 09:24:37,1513.0,73102
2021-06-16 09:24:38,1512.25,73123
2021-06-16 09:24:39,1513.0,73273
2021-06-16 09:24:40,1512.5,73288
2021-06-16 09:24:41,1512.5,73288
2021-06-16 09:24:42,1513.0,73289
2021-06-16 09:24:43,1512.3,73311
2021-06-16 09:24:44,1512.3,73379
2021-06-16 09:24:45,1513.05,73479
2021-06-16 09:24:46,1513.0,73495
2021-06-16 09:24:47,1513.0,73495
2021-06-16 09:24:48,1513.0,73526
2021-06-16 09:24:49,1513.0,73526
2021-06-16 09:24:50,1513.25,73530
2021-06-16 09:24:51,1512.75,73532
2021-06-16 09:24:52,1512.75,73547
2021-06-16 09:24:53,1512.75,73552
2021-06-16 09:24:54,1512.75,73552
2021-06-16 09:24:55,1512.3,73562
2021-06-16 09:24:56,1512.75,73567
2021-06-16 09:24:57,1512.3,73593
2021-06-16 09:24:58,1512.75,73623
2021-06-16 09:24:59,1512.75,73624
2021-06-16 09:25:00,1512.3,73884
2021-06-16 09:25:01,1512.3,73884
2021-06-16 09:25:02,1512.35,74394
2021-06-16 09:25:04,1512.85,74544
2021-06-16 09:25:06,1512.75,74549
2021-06-16 09:25:06,1513.0,74703
2021-06-16 09:25:07,1512.95,74705
2021-06-16 09:25:08,1513.0,74748
2021-06-16 09:25:10,1513.0,74748
2021-06-16 09:25:11,1513.0,74750
2021-06-16 09:25:12,1513.0,74760
2021-06-16 09:25:13,1513.0,74773
2021-06-16 09:25:14,1513.0,74779
2021-06-16 09:25:15,1513.0,74792
2021-06-16 09:25:16,1512.5,74891
2021-06-16 09:25:17,1512.75,74896
2021-06-16 09:25:18,1512.95,74901
2021-06-16 09:25:19,1512.95,74901
2021-06-16 09:25:20,1512.95,74901
2021-06-16 09:25:21,1513.0,74908
2021-06-16 09:25:22,1513.0,74918
2021-06-16 09:25:23,1513.0,74918
2021-06-16 09:25:25,1512.65,74989
2021-06-16 09:25:26,1512.65,74989
2021-06-16 09:25:27,1512.65,74989
2021-06-16 09:25:27,1512.65,74989
2021-06-16 09:25:28,1512.95,75011
2021-06-16 09:25:29,1512.95,75011
2021-06-16 09:25:31,1513.0,75046
2021-06-16 09:25:32,1513.0,75116
2021-06-16 09:25:33,1513.0,75131
2021-06-16 09:25:34,1513.0,75164
2021-06-16 09:25:35,1513.0,75237
2021-06-16 09:25:36,1513.0,75266
2021-06-16 09:25:37,1513.0,75266
2021-06-16 09:25:37,1513.5,75268
2021-06-16 09:25:38,1513.5,75286
2021-06-16 09:25:39,1513.5,75578
2021-06-16 09:25:41,1513.5,75582
2021-06-16 09:25:42,1513.5,75654
2021-06-16 09:25:44,1513.5,75832
2021-06-16 09:25:44,1514.4,77103
2021-06-16 09:25:46,1513.55,77380
2021-06-16 09:25:47,1513.55,77380
2021-06-16 09:25:48,1514.45,77744
2021-06-16 09:25:49,1514.45,77746
2021-06-16 09:25:50,1513.9,77758
2021-06-16 09:25:51,1514.25,77808
2021-06-16 09:25:52,1514.1,77879
2021-06-16 09:25:53,1514.1,78009
2021-06-16 09:25:55,1514.0,78122
2021-06-16 09:25:56,1513.6,78145
2021-06-16 09:25:57,1513.6,78145
2021-06-16 09:25:58,1514.25,78192
2021-06-16 09:25:58,1514.25,78192
2021-06-16 09:25:59,1514.2,78210
2021-06-16 09:26:00,1513.15,78525
2021-06-16 09:26:01,1514.0,78625
2021-06-16 09:26:02,1514.0,78625
2021-06-16 09:26:04,1514.1,78716
2021-06-16 09:26:04,1514.05,78758
2021-06-16 09:26:06,1513.85,79014
2021-06-16 09:26:07,1513.95,79024
2021-06-16 09:26:09,1513.3,79326
2021-06-16 09:26:10,1513.4,79336
2021-06-16 09:26:11,1513.85,79338
2021-06-16 09:26:12,1513.4,79339
2021-06-16 09:26:13,1513.95,79551
2021-06-16 09:26:14,1513.4,79571
2021-06-16 09:26:15,1513.95,79572
2021-06-16 09:26:16,1513.95,79672
2021-06-16 09:26:17,1513.9,79871
2021-06-16 09:26:18,1513.9,79871
2021-06-16 09:26:19,1514.25,80088
2021-06-16 09:26:20,1513.55,80367
2021-06-16 09:26:22,1513.65,80371
2021-06-16 09:26:23,1513.5,80787
2021-06-16 09:26:24,1513.6,80792
2021-06-16 09:26:25,1513.6,80792
2021-06-16 09:26:26,1513.4,80842
2021-06-16 09:26:27,1513.6,80872
2021-06-16 09:26:28,1513.6,80872
2021-06-16 09:26:29,1513.6,80872
2021-06-16 09:26:30,1513.5,80874
2021-06-16 09:26:31,1513.5,80874
2021-06-16 09:26:32,1513.5,80874
2021-06-16 09:26:33,1513.5,80884
2021-06-16 09:26:34,1513.6,80985
2021-06-16 09:26:35,1513.5,81081
2021-06-16 09:26:36,1513.5,81081
2021-06-16 09:26:36,1513.5,81081
2021-06-16 09:26:38,1513.55,81091
2021-06-16 09:26:39,1513.55,81125
2021-06-16 09:26:40,1513.6,81160
2021-06-16 09:26:41,1513.6,81160
2021-06-16 09:26:42,1514.0,81662
2021-06-16 09:26:43,1514.0,81680
2021-06-16 09:26:44,1513.95,81850
2021-06-16 09:26:45,1513.95,81850
2021-06-16 09:26:46,1513.95,81871
2021-06-16 09:26:47,1513.7,82001
2021-06-16 09:26:48,1514.4,82152
2021-06-16 09:26:49,1514.7,82290
2021-06-16 09:26:50,1514.85,82407
2021-06-16 09:26:51,1514.9,82422
2021-06-16 09:26:52,1514.9,82422
2021-06-16 09:26:53,1514.9,82422
2021-06-16 09:26:54,1514.6,82452
2021-06-16 09:26:55,1514.9,82506
2021-06-16 09:26:56,1515.0,83106
2021-06-16 09:26:57,1515.0,83226
2021-06-16 09:26:58,1515.0,83358
2021-06-16 09:26:59,1515.15,83407
2021-06-16 09:27:01,1515.45,83455
2021-06-16 09:27:00,1515.45,83455
2021-06-16 09:27:02,1516.0,83695
2021-06-16 09:27:03,1516.0,83695
2021-06-16 09:27:04,1515.65,83735
2021-06-16 09:27:05,1515.7,83845
2021-06-16 09:27:06,1515.8,83994
2021-06-16 09:27:07,1515.75,83999
2021-06-16 09:27:08,1515.75,83999
2021-06-16 09:27:10,1515.7,84044
2021-06-16 09:27:11,1515.7,84096
2021-06-16 09:27:13,1515.45,84229
2021-06-16 09:27:14,1514.55,84330
2021-06-16 09:27:15,1514.55,84358
2021-06-16 09:27:16,1514.55,84360
2021-06-16 09:27:18,1514.45,84412
2021-06-16 09:27:17,1514.45,84412
2021-06-16 09:27:19,1514.7,84413
2021-06-16 09:27:20,1514.7,84413
2021-06-16 09:27:21,1514.7,84413
2021-06-16 09:27:22,1514.7,84413
2021-06-16 09:27:23,1514.55,84463
2021-06-16 09:27:24,1514.55,84475
2021-06-16 09:27:25,1514.55,84475
2021-06-16 09:27:26,1514.55,84475
2021-06-16 09:27:27,1514.45,84775
2021-06-16 09:27:28,1514.5,84880
2021-06-16 09:27:29,1514.55,84980
2021-06-16 09:27:30,1514.55,84980
2021-06-16 09:27:31,1514.55,84980
2021-06-16 09:27:32,1514.35,85075
2021-06-16 09:27:33,1514.5,85100
2021-06-16 09:27:34,1514.5,85100
2021-06-16 09:27:35,1514.5,85100
2021-06-16 09:27:36,1514.45,85126
2021-06-16 09:27:37,1514.45,85126
2021-06-16 09:27:38,1514.45,85126
2021-06-16 09:27:39,1514.45,85176
2021-06-16 09:27:40,1514.45,85176
2021-06-16 09:27:41,1514.45,85176
2021-06-16 09:27:43,1514.45,85176
2021-06-16 09:27:44,1514.4,85252
2021-06-16 09:27:45,1514.4,85252
2021-06-16 09:27:46,1514.4,85253
2021-06-16 09:27:47,1514.4,85253
2021-06-16 09:27:49,1514.35,85324
2021-06-16 09:27:50,1514.35,85324
2021-06-16 09:27:51,1514.0,85329
2021-06-16 09:27:52,1513.2,85361
2021-06-16 09:27:53,1513.2,85361
2021-06-16 09:27:54,1514.4,85388
2021-06-16 09:27:55,1513.5,85413
2021-06-16 09:27:57,1514.35,85423
2021-06-16 09:27:56,1514.35,85423
2021-06-16 09:27:58,1514.35,85423
2021-06-16 09:27:59,1514.3,85433
2021-06-16 09:28:00,1514.35,85488
2021-06-16 09:28:01,1514.35,85488
2021-06-16 09:28:02,1514.35,85488
2021-06-16 09:28:03,1514.35,85488
2021-06-16 09:28:04,1514.35,85488
2021-06-16 09:28:05,1514.35,85488
2021-06-16 09:28:06,1513.45,85502
2021-06-16 09:28:07,1513.45,85502
2021-06-16 09:28:09,1514.0,85637
2021-06-16 09:28:10,1514.0,85640
2021-06-16 09:28:11,1514.0,85640
2021-06-16 09:28:12,1513.55,85650
2021-06-16 09:28:13,1514.0,85921
2021-06-16 09:28:14,1514.0,85921
2021-06-16 09:28:15,1514.0,85921
2021-06-16 09:28:16,1514.0,85927
2021-06-16 09:28:17,1514.0,85927
2021-06-16 09:28:19,1514.0,85927
2021-06-16 09:28:21,1513.7,85977
2021-06-16 09:28:20,1514.0,85927
2021-06-16 09:28:22,1513.7,85977
2021-06-16 09:28:23,1513.7,85977
2021-06-16 09:28:25,1513.7,85977
2021-06-16 09:28:26,1513.5,85987
2021-06-16 09:28:27,1513.5,85987
2021-06-16 09:28:28,1514.0,86087
2021-06-16 09:28:29,1514.0,86087
2021-06-16 09:28:30,1514.25,86387
2021-06-16 09:28:31,1513.5,86424
2021-06-16 09:28:32,1513.9,86439
2021-06-16 09:28:33,1513.9,86439
2021-06-16 09:28:34,1513.9,86439
2021-06-16 09:28:35,1513.9,86439
2021-06-16 09:28:36,1513.5,86456
2021-06-16 09:28:37,1513.85,86483
2021-06-16 09:28:38,1514.0,86584
2021-06-16 09:28:39,1514.0,86584
2021-06-16 09:28:40,1514.0,86584
2021-06-16 09:28:42,1514.0,86584
2021-06-16 09:28:41,1514.0,86584
2021-06-16 09:28:43,1514.0,86602
2021-06-16 09:28:44,1514.0,86902
2021-06-16 09:28:45,1514.0,86902
2021-06-16 09:28:46,1514.0,86912
2021-06-16 09:28:47,1513.3,86918
2021-06-16 09:28:48,1513.25,86955
2021-06-16 09:28:50,1513.95,86981
2021-06-16 09:28:51,1513.95,87018
2021-06-16 09:28:52,1513.95,87018
2021-06-16 09:28:53,1513.95,87018
2021-06-16 09:28:55,1513.25,87023
2021-06-16 09:28:56,1513.05,87025
2021-06-16 09:28:57,1513.05,87025
2021-06-16 09:28:58,1513.05,87025
2021-06-16 09:29:00,1513.9,87068
2021-06-16 09:29:02,1513.9,87071
2021-06-16 09:29:02,1513.9,87071
2021-06-16 09:29:04,1513.9,87071
2021-06-16 09:29:04,1513.9,87071
2021-06-16 09:29:05,1513.9,87071
2021-06-16 09:29:06,1513.9,87071
2021-06-16 09:29:07,1514.0,87091
2021-06-16 09:29:08,1514.0,87091
2021-06-16 09:29:10,1513.35,87101
2021-06-16 09:29:10,1513.35,87101
2021-06-16 09:29:11,1513.35,87127
2021-06-16 09:29:12,1513.35,87127
2021-06-16 09:29:13,1513.35,88137
2021-06-16 09:29:14,1513.35,88137
2021-06-16 09:29:15,1514.0,88157
2021-06-16 09:29:16,1514.0,88160
2021-06-16 09:29:17,1514.0,88375
2021-06-16 09:29:18,1514.0,88375
2021-06-16 09:29:19,1514.0,88375
2021-06-16 09:29:20,1514.0,88375
2021-06-16 09:29:21,1514.0,88395
2021-06-16 09:29:22,1514.0,89465
2021-06-16 09:29:23,1514.0,89465
2021-06-16 09:29:24,1514.0,89465
2021-06-16 09:29:26,1514.0,89465
2021-06-16 09:29:26,1514.0,89465
2021-06-16 09:29:27,1514.0,89465
2021-06-16 09:29:28,1514.0,89465
2021-06-16 09:29:29,1513.5,89485
2021-06-16 09:29:30,1513.25,89585
2021-06-16 09:29:31,1513.85,89605
2021-06-16 09:29:32,1513.85,89605
2021-06-16 09:29:33,1513.85,89605
2021-06-16 09:29:34,1513.8,89630
2021-06-16 09:29:35,1513.2,89646
2021-06-16 09:29:36,1513.7,89751
2021-06-16 09:29:37,1513.7,89771
2021-06-16 09:29:38,1513.25,89791
2021-06-16 09:29:39,1513.25,89791
2021-06-16 09:29:40,1513.25,89792
2021-06-16 09:29:41,1513.65,89904
2021-06-16 09:29:42,1513.65,89904
2021-06-16 09:29:44,1513.35,89924
2021-06-16 09:29:44,1513.35,89924
2021-06-16 09:29:45,1513.35,89924
2021-06-16 09:29:46,1513.35,89924
2021-06-16 09:29:47,1513.35,89924
2021-06-16 09:29:48,1513.25,89999
2021-06-16 09:29:49,1513.0,90000
2021-06-16 09:29:50,1513.0,90000
2021-06-16 09:29:51,1513.0,90000
2021-06-16 09:29:52,1513.0,90070
2021-06-16 09:29:54,1512.95,90320
2021-06-16 09:29:56,1512.95,90341
2021-06-16 09:29:57,1513.0,90515
2021-06-16 09:29:57,1513.0,90515
2021-06-16 09:29:58,1513.0,90529
2021-06-16 09:29:59,1512.5,90539
2021-06-16 09:30:02,1512.6,90571
2021-06-16 09:30:03,1512.6,90571
2021-06-16 09:30:04,1512.7,90595
2021-06-16 09:30:05,1512.7,90596
2021-06-16 09:30:06,1512.6,90650
2021-06-16 09:30:07,1512.7,90656
2021-06-16 09:30:10,1512.55,90668
2021-06-16 09:30:11,1512.55,90668
2021-06-16 09:30:13,1512.55,90668
2021-06-16 09:30:14,1512.5,90679
2021-06-16 09:30:16,1512.7,90742
2021-06-16 09:30:17,1512.7,90742
2021-06-16 09:30:18,1512.7,90842
2021-06-16 09:30:18,1512.7,90853
2021-06-16 09:30:19,1512.7,90854
2021-06-16 09:30:20,1512.7,90871
2021-06-16 09:30:21,1512.7,90871
2021-06-16 09:30:22,1512.7,90872
2021-06-16 09:30:23,1512.7,90872
2021-06-16 09:30:24,1512.7,90872
2021-06-16 09:30:25,1512.7,90880
2021-06-16 09:30:26,1512.7,90880
2021-06-16 09:30:27,1512.7,90880
2021-06-16 09:30:28,1512.95,90991
2021-06-16 09:30:29,1512.95,90991
2021-06-16 09:30:31,1512.95,91021
2021-06-16 09:30:33,1512.5,91106
2021-06-16 09:30:35,1513.25,91206
2021-06-16 09:30:35,1513.25,91206
2021-06-16 09:30:36,1512.5,91256
2021-06-16 09:30:37,1513.6,91846
2021-06-16 09:30:38,1513.8,91851
2021-06-16 09:30:39,1513.65,91871
2021-06-16 09:30:40,1513.65,91871
2021-06-16 09:30:41,1513.9,91921
2021-06-16 09:30:43,1513.55,92071
2021-06-16 09:30:44,1513.55,92071
2021-06-16 09:30:45,1513.95,92091
2021-06-16 09:30:46,1514.0,92180
2021-06-16 09:30:47,1513.5,92181
2021-06-16 09:30:47,1513.5,92181
2021-06-16 09:30:48,1513.65,92211
2021-06-16 09:30:49,1513.4,92227
2021-06-16 09:30:50,1513.4,92227
2021-06-16 09:30:51,1512.95,92297
2021-06-16 09:30:52,1512.95,92297
2021-06-16 09:30:54,1512.95,92297
2021-06-16 09:30:55,1512.95,92297
2021-06-16 09:30:56,1512.95,92297
2021-06-16 09:30:58,1513.7,92300
2021-06-16 09:30:59,1513.7,92300
2021-06-16 09:30:59,1513.7,92300
2021-06-16 09:31:00,1513.9,92302
2021-06-16 09:31:01,1513.9,92302
2021-06-16 09:31:02,1513.95,92305
2021-06-16 09:31:04,1513.95,92305
2021-06-16 09:31:05,1513.95,92305
2021-06-16 09:31:05,1513.95,92305
2021-06-16 09:31:06,1513.95,92305
2021-06-16 09:31:07,1513.95,92305
2021-06-16 09:31:08,1513.95,92330
2021-06-16 09:31:09,1514.0,92434
2021-06-16 09:31:10,1513.2,92784
2021-06-16 09:31:11,1513.8,92795
2021-06-16 09:31:12,1513.85,92822
2021-06-16 09:31:13,1513.85,92822
2021-06-16 09:31:14,1513.2,92823
2021-06-16 09:31:15,1513.2,92823
2021-06-16 09:31:16,1513.8,92828
2021-06-16 09:31:17,1513.95,92967
2021-06-16 09:31:19,1514.0,93073
2021-06-16 09:31:20,1514.0,93073
2021-06-16 09:31:21,1514.0,93074
2021-06-16 09:31:22,1514.0,93094
2021-06-16 09:31:23,1514.0,93104
2021-06-16 09:31:23,1514.0,93104
2021-06-16 09:31:24,1514.0,93104
2021-06-16 09:31:25,1514.0,93104
2021-06-16 09:31:26,1514.0,93604
2021-06-16 09:31:27,1514.0,93604
2021-06-16 09:31:28,1514.0,93694
2021-06-16 09:31:29,1514.0,93694
2021-06-16 09:31:30,1514.0,93694
2021-06-16 09:31:31,1513.25,93790
2021-06-16 09:31:32,1513.6,93793
2021-06-16 09:31:33,1513.65,93858
2021-06-16 09:31:34,1513.65,93858
2021-06-16 09:31:35,1513.65,93858
2021-06-16 09:31:36,1513.85,93859
2021-06-16 09:31:37,1513.6,93884
2021-06-16 09:31:38,1513.6,93884
2021-06-16 09:31:41,1513.6,93884
2021-06-16 09:31:43,1513.0,93894
2021-06-16 09:31:44,1513.1,93919
2021-06-16 09:31:45,1513.0,93920
2021-06-16 09:31:47,1513.8,93950
2021-06-16 09:31:48,1513.8,93950
2021-06-16 09:31:48,1513.8,93950
2021-06-16 09:31:49,1513.8,93950
2021-06-16 09:31:50,1513.1,93975
2021-06-16 09:31:51,1513.1,93975
2021-06-16 09:31:52,1513.75,93976
2021-06-16 09:31:53,1513.75,93976
2021-06-16 09:31:54,1513.75,93976
2021-06-16 09:31:56,1513.75,93976
2021-06-16 09:31:57,1513.1,93986
2021-06-16 09:31:58,1513.1,93986
2021-06-16 09:31:59,1513.1,93986
2021-06-16 09:32:00,1513.1,93986
2021-06-16 09:32:01,1513.1,93986
2021-06-16 09:32:02,1513.1,94002
2021-06-16 09:32:03,1513.1,94002
2021-06-16 09:32:04,1513.1,94005
2021-06-16 09:32:05,1513.1,94005
2021-06-16 09:32:06,1513.1,94015
2021-06-16 09:32:07,1512.35,95154
2021-06-16 09:32:08,1513.0,95184
2021-06-16 09:32:09,1513.05,95284
2021-06-16 09:32:10,1513.05,95284
2021-06-16 09:32:11,1513.05,95284
2021-06-16 09:32:11,1513.05,95284
2021-06-16 09:32:12,1513.05,95284
2021-06-16 09:32:13,1513.0,95287
2021-06-16 09:32:14,1513.0,95288
2021-06-16 09:32:15,1513.1,95347
2021-06-16 09:32:16,1513.1,95347
2021-06-16 09:32:17,1513.0,95358
2021-06-16 09:32:18,1513.1,95379
2021-06-16 09:32:19,1513.1,95379
2021-06-16 09:32:21,1513.1,95430
2021-06-16 09:32:22,1513.1,95443
2021-06-16 09:32:23,1513.1,95443
2021-06-16 09:32:23,1513.1,95443
2021-06-16 09:32:24,1513.1,95443
2021-06-16 09:32:25,1513.1,95459
2021-06-16 09:32:26,1513.75,95509
2021-06-16 09:32:27,1513.75,95509
2021-06-16 09:32:29,1513.75,95519
2021-06-16 09:32:30,1514.0,95624
2021-06-16 09:32:33,1513.2,95786
2021-06-16 09:32:34,1513.2,95786
2021-06-16 09:32:35,1513.2,95786
2021-06-16 09:32:36,1513.2,95786
2021-06-16 09:32:37,1513.8,95836
2021-06-16 09:32:38,1513.8,95836
2021-06-16 09:32:38,1513.8,95836
2021-06-16 09:32:39,1513.2,95838
2021-06-16 09:32:40,1513.2,95838
2021-06-16 09:32:42,1513.2,95838
2021-06-16 09:32:43,1513.2,95838
2021-06-16 09:32:45,1513.8,95843
2021-06-16 09:32:46,1513.3,95849
2021-06-16 09:32:47,1513.8,95850
2021-06-16 09:32:48,1513.8,95850
2021-06-16 09:32:49,1513.85,95928
2021-06-16 09:32:50,1513.85,96128
2021-06-16 09:32:51,1513.85,96128
2021-06-16 09:32:52,1513.8,96188
2021-06-16 09:32:53,1513.8,96218
2021-06-16 09:32:53,1513.8,96223
2021-06-16 09:32:54,1513.8,96255
2021-06-16 09:32:55,1513.8,96267
2021-06-16 09:32:57,1513.0,98526
2021-06-16 09:32:58,1513.0,98526
2021-06-16 09:32:59,1513.1,98547
2021-06-16 09:33:00,1513.1,98547
2021-06-16 09:33:01,1513.15,98764
2021-06-16 09:33:02,1513.15,98764
2021-06-16 09:33:03,1513.15,98772
2021-06-16 09:33:04,1513.0,98789
2021-06-16 09:33:05,1513.35,98889
2021-06-16 09:33:06,1513.15,98914
2021-06-16 09:33:07,1513.15,98914
2021-06-16 09:33:08,1513.15,98914
2021-06-16 09:33:09,1513.0,98917
2021-06-16 09:33:10,1512.4,98927
2021-06-16 09:33:11,1512.4,98927
2021-06-16 09:33:12,1512.4,98927
2021-06-16 09:33:13,1513.35,98937
2021-06-16 09:33:14,1513.35,98937
2021-06-16 09:33:16,1513.4,98982
2021-06-16 09:33:17,1513.4,98982
2021-06-16 09:33:18,1513.4,98982
2021-06-16 09:33:19,1513.4,98982
2021-06-16 09:33:20,1513.4,98982
2021-06-16 09:33:21,1513.4,98982
2021-06-16 09:33:22,1513.0,99083
2021-06-16 09:33:23,1513.0,99084
2021-06-16 09:33:24,1513.0,99088
2021-06-16 09:33:24,1513.0,99088
2021-06-16 09:33:25,1512.5,99111
2021-06-16 09:33:26,1512.5,99111
2021-06-16 09:33:27,1512.5,99111
2021-06-16 09:33:28,1512.5,99111
2021-06-16 09:33:29,1512.55,99121
2021-06-16 09:33:31,1512.55,99121
2021-06-16 09:33:31,1512.65,99129
2021-06-16 09:33:32,1512.65,99129
2021-06-16 09:33:34,1512.35,99149
2021-06-16 09:33:35,1512.35,99149
2021-06-16 09:33:37,1512.5,99170
2021-06-16 09:33:38,1512.5,99170
2021-06-16 09:33:39,1512.5,99253
2021-06-16 09:33:40,1512.5,99253
2021-06-16 09:33:41,1512.5,99297
2021-06-16 09:33:42,1512.5,99372
2021-06-16 09:33:43,1512.5,99384
2021-06-16 09:33:44,1512.55,99385
2021-06-16 09:33:45,1513.15,99487
2021-06-16 09:33:45,1513.15,99487
2021-06-16 09:33:46,1512.2,100300
2021-06-16 09:33:47,1512.2,100300
2021-06-16 09:33:49,1512.7,100400
2021-06-16 09:33:50,1512.8,100440
2021-06-16 09:33:51,1512.8,100440
2021-06-16 09:33:52,1512.85,100441
2021-06-16 09:33:52,1512.85,100441
2021-06-16 09:33:53,1512.85,100441
2021-06-16 09:33:55,1512.65,100451
2021-06-16 09:33:56,1512.65,100451
2021-06-16 09:33:57,1512.65,100451
2021-06-16 09:33:58,1512.2,100462
2021-06-16 09:33:59,1512.2,100462
2021-06-16 09:34:00,1512.2,100462
2021-06-16 09:34:01,1512.65,100464
2021-06-16 09:34:01,1512.65,100464
2021-06-16 09:34:02,1512.65,100464
2021-06-16 09:34:03,1512.65,100471
2021-06-16 09:34:04,1512.65,100471
2021-06-16 09:34:05,1512.65,100471
2021-06-16 09:34:06,1512.65,100471
2021-06-16 09:34:08,1512.55,100521
2021-06-16 09:34:08,1512.75,100621
2021-06-16 09:34:09,1512.75,100621
2021-06-16 09:34:10,1512.75,100635
2021-06-16 09:34:12,1512.75,100635
2021-06-16 09:34:12,1512.75,100635
2021-06-16 09:34:14,1512.85,100640
2021-06-16 09:34:14,1512.85,100640
2021-06-16 09:34:16,1513.05,100695
2021-06-16 09:34:17,1513.05,100695
2021-06-16 09:34:17,1513.05,100695
2021-06-16 09:34:18,1513.05,100695
2021-06-16 09:34:20,1513.05,100695
2021-06-16 09:34:20,1513.05,100695
2021-06-16 09:34:21,1513.05,100695
2021-06-16 09:34:22,1513.05,100695
2021-06-16 09:34:23,1513.05,100695
2021-06-16 09:34:26,1512.65,100709
2021-06-16 09:34:27,1512.65,100709
2021-06-16 09:34:28,1512.65,100772
2021-06-16 09:34:29,1512.35,100812
2021-06-16 09:34:30,1512.65,100837
2021-06-16 09:34:31,1512.65,100837
2021-06-16 09:34:32,1512.65,100849
2021-06-16 09:34:33,1512.65,100849
2021-06-16 09:34:34,1512.65,100849
2021-06-16 09:34:35,1512.55,100899
2021-06-16 09:34:35,1512.55,100902
2021-06-16 09:34:36,1512.9,100952
2021-06-16 09:34:37,1512.8,100955
2021-06-16 09:34:39,1512.8,100955
2021-06-16 09:34:39,1512.8,100955
2021-06-16 09:34:41,1512.8,100955
2021-06-16 09:34:42,1512.8,100955
2021-06-16 09:34:42,1512.8,100955
2021-06-16 09:34:44,1512.85,100970
2021-06-16 09:34:45,1512.85,100971
2021-06-16 09:34:47,1513.15,101134
2021-06-16 09:34:48,1512.45,101200
2021-06-16 09:34:49,1512.45,101200
2021-06-16 09:34:50,1512.45,101200
2021-06-16 09:34:52,1512.85,101262
2021-06-16 09:34:54,1512.6,101263
2021-06-16 09:34:54,1512.6,101263
2021-06-16 09:34:56,1512.6,101263
2021-06-16 09:34:57,1513.15,101373
2021-06-16 09:34:59,1513.15,101391
2021-06-16 09:35:00,1512.6,101392
2021-06-16 09:35:00,1512.45,101416
2021-06-16 09:35:01,1512.45,101416
2021-06-16 09:35:02,1512.45,101416
2021-06-16 09:35:03,1512.45,101421
2021-06-16 09:35:05,1512.6,101438
2021-06-16 09:35:06,1512.6,101438
2021-06-16 09:35:06,1512.6,101438
2021-06-16 09:35:07,1512.6,101438
2021-06-16 09:35:08,1512.6,101538
2021-06-16 09:35:09,1512.9,101553
2021-06-16 09:35:10,1512.9,101553
2021-06-16 09:35:12,1512.9,101553
2021-06-16 09:35:13,1513.0,101597
2021-06-16 09:35:14,1513.0,101597
2021-06-16 09:35:16,1513.0,101633
2021-06-16 09:35:17,1513.0,101633
2021-06-16 09:35:18,1513.0,101633
2021-06-16 09:35:19,1513.0,101633
2021-06-16 09:35:20,1512.7,101693
2021-06-16 09:35:21,1512.7,101693
2021-06-16 09:35:24,1512.9,101735
2021-06-16 09:35:24,1511.55,103914
2021-06-16 09:35:27,1511.5,104011
2021-06-16 09:35:28,1512.15,104054
2021-06-16 09:35:29,1511.8,104149
2021-06-16 09:35:30,1511.8,104149
2021-06-16 09:35:31,1511.5,104154
2021-06-16 09:35:32,1511.5,104156
2021-06-16 09:35:33,1512.05,104198
2021-06-16 09:35:34,1512.05,104258
2021-06-16 09:35:35,1512.05,104355
2021-06-16 09:35:36,1511.5,104361
2021-06-16 09:35:36,1511.5,104361
2021-06-16 09:35:37,1511.4,104427
2021-06-16 09:35:39,1511.4,104427
2021-06-16 09:35:40,1511.4,104427
2021-06-16 09:35:41,1511.15,104477
2021-06-16 09:35:42,1511.15,104477
2021-06-16 09:35:44,1511.8,104768
2021-06-16 09:35:45,1511.8,104768
2021-06-16 09:35:46,1511.75,104909
2021-06-16 09:35:46,1511.75,104909
2021-06-16 09:35:47,1511.75,104909
2021-06-16 09:35:48,1511.15,104910
2021-06-16 09:35:50,1511.15,104910
2021-06-16 09:35:51,1511.15,104970
2021-06-16 09:35:52,1511.15,104986
2021-06-16 09:35:53,1511.15,104996
2021-06-16 09:35:54,1511.15,104996
2021-06-16 09:35:55,1511.15,104996
2021-06-16 09:35:58,1511.1,105073
2021-06-16 09:35:59,1511.1,105073
2021-06-16 09:36:00,1511.15,105359
2021-06-16 09:36:01,1511.15,105359
2021-06-16 09:36:02,1511.25,105484
2021-06-16 09:36:02,1511.25,105484
2021-06-16 09:36:03,1511.9,105486
2021-06-16 09:36:04,1511.15,105528
2021-06-16 09:36:05,1511.95,105544
2021-06-16 09:36:07,1511.95,105549
2021-06-16 09:36:08,1511.25,105550
2021-06-16 09:36:09,1511.25,105550
2021-06-16 09:36:10,1511.25,105555
2021-06-16 09:36:11,1511.25,105565
2021-06-16 09:36:12,1511.75,105566
2021-06-16 09:36:13,1511.85,105568
2021-06-16 09:36:14,1511.85,105568
2021-06-16 09:36:15,1511.85,105568
2021-06-16 09:36:16,1511.85,105569
2021-06-16 09:36:17,1511.85,105572
2021-06-16 09:36:18,1511.85,105572
2021-06-16 09:36:18,1511.85,105572
2021-06-16 09:36:20,1511.85,105575
2021-06-16 09:36:21,1511.85,105575
2021-06-16 09:36:22,1511.85,105575
2021-06-16 09:36:22,1511.85,105575
2021-06-16 09:36:24,1511.85,105576
2021-06-16 09:36:26,1512.0,105644
2021-06-16 09:36:27,1512.0,105644
2021-06-16 09:36:28,1512.0,105644
2021-06-16 09:36:29,1512.0,105644
2021-06-16 09:36:30,1511.5,105851
2021-06-16 09:36:31,1512.3,105951
2021-06-16 09:36:32,1512.3,105961
2021-06-16 09:36:33,1512.3,105961
2021-06-16 09:36:34,1512.0,106088
2021-06-16 09:36:35,1511.5,106128
2021-06-16 09:36:35,1511.5,106128
2021-06-16 09:36:37,1511.5,106128
2021-06-16 09:36:38,1512.35,106133
2021-06-16 09:36:39,1512.35,106133
2021-06-16 09:36:40,1512.0,106143
2021-06-16 09:36:41,1512.0,106143
2021-06-16 09:36:42,1512.0,106226
2021-06-16 09:36:43,1511.5,106289
2021-06-16 09:36:44,1511.5,106311
2021-06-16 09:36:45,1511.85,106317
2021-06-16 09:36:45,1511.3,106367
2021-06-16 09:36:46,1511.85,106397
2021-06-16 09:36:48,1511.85,106457
2021-06-16 09:36:49,1512.45,106957
2021-06-16 09:36:50,1512.35,106958
2021-06-16 09:36:51,1512.35,106958
2021-06-16 09:36:52,1512.35,106958
2021-06-16 09:36:53,1511.65,106959
2021-06-16 09:36:54,1511.65,106959
2021-06-16 09:36:55,1512.25,106976
2021-06-16 09:36:56,1511.55,107017
2021-06-16 09:36:58,1511.55,107017
2021-06-16 09:36:59,1512.1,107022
2021-06-16 09:37:00,1512.15,107129
2021-06-16 09:37:02,1512.15,107134
2021-06-16 09:37:03,1512.15,107134
2021-06-16 09:37:04,1512.15,107134
2021-06-16 09:37:05,1512.35,107284
2021-06-16 09:37:06,1511.45,107314
2021-06-16 09:37:07,1511.45,107314
2021-06-16 09:37:09,1512.0,107315
2021-06-16 09:37:08,1512.0,107315
2021-06-16 09:37:10,1512.0,107475
2021-06-16 09:37:11,1512.0,107526
2021-06-16 09:37:12,1512.0,107546
2021-06-16 09:37:13,1512.0,107546
2021-06-16 09:37:14,1512.0,107546
2021-06-16 09:37:15,1512.0,107546
2021-06-16 09:37:16,1512.0,107546
2021-06-16 09:37:17,1512.25,108152
2021-06-16 09:37:18,1512.25,108152
2021-06-16 09:37:19,1512.0,108162
2021-06-16 09:37:20,1512.0,108162
2021-06-16 09:37:21,1512.0,108162
2021-06-16 09:37:22,1512.0,108162
2021-06-16 09:37:23,1512.0,108164
2021-06-16 09:37:24,1512.0,108266
2021-06-16 09:37:25,1512.2,108365
2021-06-16 09:37:26,1512.2,108365
2021-06-16 09:37:27,1512.2,108365
2021-06-16 09:37:28,1511.45,108375
2021-06-16 09:37:29,1511.45,108375
2021-06-16 09:37:30,1512.0,108425
2021-06-16 09:37:31,1512.0,108425
2021-06-16 09:37:32,1511.45,108426
2021-06-16 09:37:33,1511.45,108438
2021-06-16 09:37:34,1511.45,108438
2021-06-16 09:37:35,1512.0,108461
2021-06-16 09:37:36,1512.0,108461
2021-06-16 09:37:37,1512.25,108476
2021-06-16 09:37:38,1512.25,108476
2021-06-16 09:37:40,1512.2,108477
2021-06-16 09:37:41,1512.2,108477
2021-06-16 09:37:43,1512.0,108538
2021-06-16 09:37:44,1512.0,108538
2021-06-16 09:37:45,1511.5,108688
2021-06-16 09:37:46,1511.5,108688
2021-06-16 09:37:47,1511.5,108688
2021-06-16 09:37:48,1511.5,108688
2021-06-16 09:37:49,1512.05,108708
2021-06-16 09:37:50,1512.15,108718
2021-06-16 09:37:51,1512.15,108718
2021-06-16 09:37:52,1512.15,108719
2021-06-16 09:37:53,1512.0,108734
2021-06-16 09:37:54,1512.0,108739
2021-06-16 09:37:55,1512.0,108739
2021-06-16 09:37:56,1511.5,108801
2021-06-16 09:37:57,1511.5,108801
2021-06-16 09:37:58,1511.45,108822
2021-06-16 09:37:59,1511.5,108844
2021-06-16 09:38:00,1511.5,108844
2021-06-16 09:38:01,1511.5,108844
2021-06-16 09:38:02,1511.5,108844
2021-06-16 09:38:03,1511.5,108844
2021-06-16 09:38:04,1511.5,108844
2021-06-16 09:38:05,1511.5,108844
2021-06-16 09:38:06,1511.55,108986
2021-06-16 09:38:07,1511.95,109018
2021-06-16 09:38:08,1511.95,109018
2021-06-16 09:38:09,1511.95,109018
2021-06-16 09:38:11,1511.45,109025
2021-06-16 09:38:10,1511.45,109025
2021-06-16 09:38:12,1511.45,109025
2021-06-16 09:38:13,1511.9,109055
2021-06-16 09:38:14,1511.9,109055
2021-06-16 09:38:15,1511.9,109055
2021-06-16 09:38:16,1511.9,109055
2021-06-16 09:38:17,1511.9,109067
2021-06-16 09:38:18,1511.9,109077
2021-06-16 09:38:19,1511.45,109089
2021-06-16 09:38:20,1511.45,109089
2021-06-16 09:38:21,1511.55,109090
2021-06-16 09:38:22,1511.1,109105
2021-06-16 09:38:23,1511.1,109105
2021-06-16 09:38:24,1511.55,109130
2021-06-16 09:38:25,1511.55,109130
2021-06-16 09:38:26,1511.55,109130
2021-06-16 09:38:27,1511.55,109142
2021-06-16 09:38:28,1511.55,109142
2021-06-16 09:38:29,1511.1,109168
2021-06-16 09:38:31,1511.1,109168
2021-06-16 09:38:32,1511.1,109168
2021-06-16 09:38:33,1511.55,109268
2021-06-16 09:38:34,1511.1,109273
2021-06-16 09:38:35,1511.5,109293
2021-06-16 09:38:36,1511.5,109293
2021-06-16 09:38:38,1511.5,109305
2021-06-16 09:38:39,1511.55,109345
2021-06-16 09:38:41,1511.0,109962
2021-06-16 09:38:42,1511.0,109962
2021-06-16 09:38:43,1511.5,109992
2021-06-16 09:38:45,1511.45,110092
2021-06-16 09:38:44,1511.45,110092
2021-06-16 09:38:46,1511.45,110092
2021-06-16 09:38:47,1511.45,110093
2021-06-16 09:38:48,1511.45,110105
2021-06-16 09:38:49,1511.0,110115
2021-06-16 09:38:50,1511.0,110115
2021-06-16 09:38:51,1511.0,110115
2021-06-16 09:38:54,1511.0,110115
2021-06-16 09:38:56,1511.0,110115
2021-06-16 09:38:57,1511.45,110142
2021-06-16 09:38:58,1511.45,110142
2021-06-16 09:38:59,1511.0,110167
2021-06-16 09:39:00,1511.45,110177
2021-06-16 09:39:01,1511.5,110677
2021-06-16 09:39:02,1511.5,110677
2021-06-16 09:39:03,1511.5,110677
2021-06-16 09:39:04,1511.0,110782
2021-06-16 09:39:07,1510.35,112700
2021-06-16 09:39:12,1511.05,113171
2021-06-16 09:39:17,1511.1,113424
2021-06-16 09:39:22,1510.45,113481
2021-06-16 09:39:27,1510.4,113639
2021-06-16 09:39:31,1510.15,113640
2021-06-16 09:39:36,1510.45,113700
2021-06-16 09:39:41,1510.45,113702
2021-06-16 09:39:45,1510.35,113760
2021-06-16 09:39:50,1510.0,114696
2021-06-16 09:40:00,1508.4,116532
2021-06-16 09:40:04,1508.95,118342
2021-06-16 09:40:14,1508.85,119141
2021-06-16 09:40:18,1508.7,119551
2021-06-16 09:40:23,1509.4,119804
2021-06-16 09:40:27,1509.55,119817
2021-06-16 09:40:32,1509.2,119850
2021-06-16 09:40:36,1509.0,119852
2021-06-16 09:40:46,1509.25,120385
2021-06-16 09:40:51,1510.0,120737
2021-06-16 09:40:56,1510.15,121336
2021-06-16 09:41:00,1509.7,121403
2021-06-16 09:41:09,1510.15,121652
2021-06-16 09:41:14,1510.5,121852
2021-06-16 09:41:19,1510.55,122079
2021-06-16 09:41:23,1510.5,122189
2021-06-16 09:41:28,1510.5,122215
2021-06-16 09:41:37,1510.65,122280
2021-06-16 09:41:42,1510.7,122380
2021-06-16 09:41:47,1510.6,122513
2021-06-16 09:41:52,1510.7,122551
2021-06-16 09:41:56,1510.7,122742
2021-06-16 09:42:00,1510.7,122749
2021-06-16 09:42:05,1510.65,122873
2021-06-16 09:42:09,1510.6,123231
2021-06-16 09:42:13,1510.65,123256
2021-06-16 09:42:18,1510.6,123433
2021-06-16 09:42:22,1510.55,123594
2021-06-16 09:42:27,1510.55,123695
2021-06-16 09:42:36,1510.65,124464
2021-06-16 09:42:46,1510.45,124886
2021-06-16 09:42:50,1510.55,124909
2021-06-16 09:42:55,1509.8,125230
2021-06-16 09:43:00,1509.7,125335
2021-06-16 09:43:05,1509.5,125596
2021-06-16 09:43:09,1509.5,125876
2021-06-16 09:43:15,1509.5,126326
2021-06-16 09:43:19,1509.7,126558
2021-06-16 09:43:24,1509.5,126669
2021-06-16 09:43:34,1509.85,126997
2021-06-16 09:43:39,1509.85,126997
2021-06-16 09:43:43,1509.85,127164
2021-06-16 09:43:48,1509.0,127854
2021-06-16 09:43:53,1508.55,129110
2021-06-16 09:43:58,1508.05,129204
2021-06-16 09:44:03,1507.65,130074
2021-06-16 09:44:06,1507.9,130104
2021-06-16 09:44:07,1507.9,130124
2021-06-16 09:44:08,1507.65,130207
2021-06-16 09:44:09,1508.6,130217
2021-06-16 09:44:10,1508.65,130267
2021-06-16 09:44:11,1508.7,130268
2021-06-16 09:44:12,1508.7,130329
2021-06-16 09:44:13,1508.7,130329
2021-06-16 09:44:13,1508.7,130329
2021-06-16 09:44:15,1508.5,130599
2021-06-16 09:44:16,1509.1,130601
2021-06-16 09:44:17,1509.1,130601
2021-06-16 09:44:18,1509.1,130613
2021-06-16 09:44:19,1509.1,130613
2021-06-16 09:44:21,1509.0,130641
2021-06-16 09:44:22,1508.2,130788
2021-06-16 09:44:23,1508.2,130788
2021-06-16 09:44:26,1508.5,130796
2021-06-16 09:44:26,1508.5,130796
2021-06-16 09:44:27,1508.5,130808
2021-06-16 09:44:28,1508.5,130808
2021-06-16 09:44:29,1508.5,130808
2021-06-16 09:44:30,1508.5,130808
2021-06-16 09:44:32,1508.5,130809
2021-06-16 09:44:33,1508.5,130809
2021-06-16 09:44:34,1508.5,130809
2021-06-16 09:44:35,1508.15,130814
2021-06-16 09:44:36,1508.5,130830
2021-06-16 09:44:36,1508.5,130830
2021-06-16 09:44:37,1508.9,130838
2021-06-16 09:44:38,1508.9,130838
2021-06-16 09:44:40,1508.9,130874
2021-06-16 09:44:41,1508.9,130874
2021-06-16 09:44:42,1508.9,130874
2021-06-16 09:44:43,1508.2,131080
2021-06-16 09:44:44,1508.2,131080
2021-06-16 09:44:45,1508.25,131100
2021-06-16 09:44:46,1508.85,131201
2021-06-16 09:44:47,1508.85,131201
2021-06-16 09:44:48,1508.85,131201
2021-06-16 09:44:48,1508.85,131201
2021-06-16 09:44:49,1508.2,131223
2021-06-16 09:44:51,1508.85,131323
2021-06-16 09:44:52,1508.85,131323
2021-06-16 09:44:53,1508.85,131323
2021-06-16 09:44:54,1508.25,131424
2021-06-16 09:44:55,1508.9,131573
2021-06-16 09:44:56,1508.9,131573
2021-06-16 09:44:57,1508.9,131578
2021-06-16 09:44:58,1508.9,131590
2021-06-16 09:44:59,1508.9,131590
2021-06-16 09:45:00,1508.9,131590
2021-06-16 09:45:01,1508.4,131693
2021-06-16 09:45:02,1509.15,131743
2021-06-16 09:45:02,1509.15,131743
2021-06-16 09:45:03,1509.15,131743
2021-06-16 09:45:04,1509.15,131743
2021-06-16 09:45:05,1509.15,131743
2021-06-16 09:45:06,1508.55,131773
2021-06-16 09:45:07,1508.8,131775
2021-06-16 09:45:08,1509.35,131795
2021-06-16 09:45:09,1509.45,132206
2021-06-16 09:45:10,1508.85,132216
2021-06-16 09:45:11,1508.85,132216
2021-06-16 09:45:12,1509.5,132226
2021-06-16 09:45:14,1509.5,132226
2021-06-16 09:45:15,1509.35,132247
2021-06-16 09:45:16,1509.35,132269
2021-06-16 09:45:17,1509.3,132280
2021-06-16 09:45:19,1509.25,132290
2021-06-16 09:45:20,1509.25,132290
2021-06-16 09:45:21,1509.25,132290
2021-06-16 09:45:22,1508.85,132291
2021-06-16 09:45:23,1509.0,132301
2021-06-16 09:45:24,1509.0,132301
2021-06-16 09:45:25,1509.0,132301
2021-06-16 09:45:25,1509.0,132301
2021-06-16 09:45:26,1509.0,132302
2021-06-16 09:45:27,1509.0,132320
2021-06-16 09:45:28,1509.2,132390
2021-06-16 09:45:29,1509.2,132390
2021-06-16 09:45:30,1508.9,132394
2021-06-16 09:45:31,1508.9,132394
2021-06-16 09:45:32,1508.9,132394
2021-06-16 09:45:34,1508.9,132394
2021-06-16 09:45:35,1508.9,132419
2021-06-16 09:45:36,1509.15,132471
2021-06-16 09:45:37,1509.15,132477
2021-06-16 09:45:38,1509.15,132477
2021-06-16 09:45:39,1509.0,132481
2021-06-16 09:45:41,1508.9,132483
2021-06-16 09:45:43,1508.9,132483
2021-06-16 09:45:44,1508.9,132688
2021-06-16 09:45:45,1508.85,132734
2021-06-16 09:45:46,1508.9,132814
2021-06-16 09:45:47,1509.1,132925
2021-06-16 09:45:48,1509.2,132961
2021-06-16 09:45:49,1509.2,132961
2021-06-16 09:45:50,1509.2,132961
2021-06-16 09:45:51,1508.9,132962
2021-06-16 09:45:52,1508.85,132966
2021-06-16 09:45:53,1508.85,132966
2021-06-16 09:45:55,1509.15,133068
2021-06-16 09:45:56,1508.85,133081
2021-06-16 09:45:57,1508.85,133356
2021-06-16 09:45:58,1509.15,133460
2021-06-16 09:45:59,1509.0,133562
2021-06-16 09:46:00,1508.4,133565
2021-06-16 09:46:01,1508.0,133936
2021-06-16 09:46:01,1508.0,133936
2021-06-16 09:46:02,1507.6,133939
2021-06-16 09:46:03,1507.6,133945
2021-06-16 09:46:04,1507.6,133945
2021-06-16 09:46:05,1507.6,133945
2021-06-16 09:46:06,1507.95,133947
2021-06-16 09:46:07,1508.05,134038
2021-06-16 09:46:08,1508.05,134048
2021-06-16 09:46:09,1508.0,134060
2021-06-16 09:46:11,1507.6,134138
2021-06-16 09:46:12,1507.6,134138
2021-06-16 09:46:13,1507.6,134139
2021-06-16 09:46:14,1507.6,134139
2021-06-16 09:46:15,1507.95,134239
2021-06-16 09:46:16,1507.95,134239
2021-06-16 09:46:17,1507.4,134380
2021-06-16 09:46:17,1507.9,134280
2021-06-16 09:46:18,1508.1,134853
2021-06-16 09:46:19,1507.25,134878
2021-06-16 09:46:21,1507.25,134878
2021-06-16 09:46:22,1508.05,134880
2021-06-16 09:46:23,1508.05,134909
2021-06-16 09:46:24,1508.05,134909
2021-06-16 09:46:25,1507.25,134974
2021-06-16 09:46:26,1507.25,134974
2021-06-16 09:46:27,1507.25,134974
2021-06-16 09:46:28,1507.95,134975
2021-06-16 09:46:29,1507.95,134975
2021-06-16 09:46:30,1507.95,134975
2021-06-16 09:46:31,1507.55,134989
2021-06-16 09:46:32,1507.55,134989
2021-06-16 09:46:34,1507.55,134994
2021-06-16 09:46:35,1507.55,134994
2021-06-16 09:46:36,1507.95,135018
2021-06-16 09:46:37,1507.95,135113
2021-06-16 09:46:38,1507.95,135113
2021-06-16 09:46:40,1507.55,135114
2021-06-16 09:46:41,1507.5,135139
2021-06-16 09:46:42,1507.5,135139
2021-06-16 09:46:43,1507.5,135139
2021-06-16 09:46:44,1507.5,135139
2021-06-16 09:46:45,1506.1,141207
2021-06-16 09:46:46,1506.1,141207
2021-06-16 09:46:47,1507.05,141534
2021-06-16 09:46:48,1507.1,141810
2021-06-16 09:46:49,1507.1,141810
2021-06-16 09:46:50,1507.15,141859
2021-06-16 09:46:51,1507.35,142329
2021-06-16 09:46:52,1507.35,142329
2021-06-16 09:46:54,1507.35,142390
2021-06-16 09:46:55,1507.25,142552
2021-06-16 09:46:55,1507.0,142551
2021-06-16 09:46:57,1506.85,143327
2021-06-16 09:46:57,1507.25,143682
2021-06-16 09:46:59,1507.95,143773
2021-06-16 09:47:00,1507.95,143773
2021-06-16 09:47:01,1507.95,143773
2021-06-16 09:47:02,1507.85,144010
2021-06-16 09:47:03,1507.9,144022
2021-06-16 09:47:04,1507.9,144022
2021-06-16 09:47:05,1507.9,144199
2021-06-16 09:47:06,1507.25,144200
2021-06-16 09:47:07,1507.9,144211
2021-06-16 09:47:08,1507.95,144268
2021-06-16 09:47:08,1507.95,144268
2021-06-16 09:47:09,1507.95,144268
2021-06-16 09:47:11,1507.75,144273
2021-06-16 09:47:12,1507.0,144373
2021-06-16 09:47:13,1506.65,144645
2021-06-16 09:47:14,1506.6,144957
2021-06-16 09:47:15,1507.6,145068
2021-06-16 09:47:16,1507.6,145068
2021-06-16 09:47:17,1507.6,145069
2021-06-16 09:47:18,1507.6,145069
2021-06-16 09:47:19,1507.6,145169
2021-06-16 09:47:20,1507.6,145169
2021-06-16 09:47:21,1507.6,145169
2021-06-16 09:47:25,1507.5,145171
2021-06-16 09:47:26,1507.5,145172
2021-06-16 09:47:26,1506.85,145182
2021-06-16 09:47:27,1507.5,145192
2021-06-16 09:47:28,1507.5,145192
2021-06-16 09:47:29,1507.5,145192
2021-06-16 09:47:30,1507.5,145192
2021-06-16 09:47:32,1507.5,145192
2021-06-16 09:47:32,1507.45,145200
2021-06-16 09:47:34,1507.45,145215
2021-06-16 09:47:35,1507.45,145215
2021-06-16 09:47:36,1507.45,145221
2021-06-16 09:47:37,1506.55,145492
2021-06-16 09:47:38,1507.4,145495
2021-06-16 09:47:39,1507.55,145765
2021-06-16 09:47:40,1506.8,145770
2021-06-16 09:47:41,1507.35,145870
2021-06-16 09:47:42,1507.35,145870
2021-06-16 09:47:43,1507.35,145870
2021-06-16 09:47:43,1507.35,145870
2021-06-16 09:47:44,1507.25,145879
2021-06-16 09:47:45,1507.25,145879
2021-06-16 09:47:47,1507.2,146030
2021-06-16 09:47:48,1507.2,146030
2021-06-16 09:47:48,1507.2,146032
2021-06-16 09:47:49,1507.2,146032
2021-06-16 09:47:50,1507.15,146084
2021-06-16 09:47:51,1507.15,146084
2021-06-16 09:47:52,1507.15,146084
2021-06-16 09:47:53,1507.0,146106
2021-06-16 09:47:55,1507.0,146106
2021-06-16 09:47:56,1507.0,146106
2021-06-16 09:47:57,1507.0,146106
2021-06-16 09:47:58,1506.35,146219
2021-06-16 09:47:59,1506.3,146309
2021-06-16 09:48:00,1506.5,146318
2021-06-16 09:48:01,1507.0,146328
2021-06-16 09:48:02,1506.3,146378
2021-06-16 09:48:03,1506.3,146378
2021-06-16 09:48:04,1506.3,146383
2021-06-16 09:48:05,1506.3,146383
2021-06-16 09:48:06,1506.3,146383
2021-06-16 09:48:07,1507.0,146421
2021-06-16 09:48:08,1507.0,146431
2021-06-16 09:48:09,1507.0,146436
2021-06-16 09:48:11,1507.0,146475
2021-06-16 09:48:12,1507.0,146475
2021-06-16 09:48:13,1507.0,146475
2021-06-16 09:48:15,1507.35,147065
2021-06-16 09:48:16,1507.0,147090
2021-06-16 09:48:17,1507.5,147110
2021-06-16 09:48:18,1507.5,147110
2021-06-16 09:48:19,1507.5,147110
2021-06-16 09:48:20,1506.65,147260
2021-06-16 09:48:21,1506.65,147260
2021-06-16 09:48:22,1506.65,147260
2021-06-16 09:48:23,1507.4,147265
2021-06-16 09:48:24,1507.4,147300
2021-06-16 09:48:25,1507.4,147301
2021-06-16 09:48:26,1507.4,147302
2021-06-16 09:48:27,1507.4,147303
2021-06-16 09:48:29,1507.4,147537
2021-06-16 09:48:30,1507.4,147537
2021-06-16 09:48:31,1507.4,147537
2021-06-16 09:48:33,1507.45,147549
2021-06-16 09:48:34,1507.45,147549
2021-06-16 09:48:35,1507.45,147550
2021-06-16 09:48:36,1507.4,147616
2021-06-16 09:48:37,1507.35,147617
2021-06-16 09:48:39,1507.5,147817
2021-06-16 09:48:38,1507.35,147617
2021-06-16 09:48:40,1506.95,147895
2021-06-16 09:48:41,1506.95,147895
2021-06-16 09:48:42,1506.95,147895
2021-06-16 09:48:43,1507.4,148020
2021-06-16 09:48:44,1507.4,148020
2021-06-16 09:48:45,1506.9,148070
2021-06-16 09:48:46,1506.9,148070
2021-06-16 09:48:47,1506.9,148070
2021-06-16 09:48:48,1506.5,148792
2021-06-16 09:48:49,1506.5,148792
2021-06-16 09:48:50,1506.4,148817
2021-06-16 09:48:51,1506.9,148944
2021-06-16 09:48:52,1506.9,148944
2021-06-16 09:48:53,1506.9,148944
2021-06-16 09:48:54,1507.25,148964
2021-06-16 09:48:55,1507.2,149006
2021-06-16 09:48:56,1506.9,149007
2021-06-16 09:48:57,1507.2,149028
2021-06-16 09:48:58,1507.2,149028
2021-06-16 09:49:01,1506.95,149046
2021-06-16 09:49:02,1507.25,149146
2021-06-16 09:49:03,1507.25,149146
2021-06-16 09:49:04,1507.25,149146
2021-06-16 09:49:06,1507.05,149162
2021-06-16 09:49:08,1507.25,149174
2021-06-16 09:49:09,1507.25,149302
2021-06-16 09:49:10,1507.3,149313
2021-06-16 09:49:11,1507.3,149313
2021-06-16 09:49:12,1507.3,149313
2021-06-16 09:49:13,1507.3,149313
2021-06-16 09:49:15,1507.3,149313
2021-06-16 09:49:16,1507.35,149376
2021-06-16 09:49:17,1507.35,149376
2021-06-16 09:49:18,1507.35,149376
2021-06-16 09:49:19,1507.35,149378
2021-06-16 09:49:20,1507.35,149378
2021-06-16 09:49:21,1507.3,149428
2021-06-16 09:49:22,1507.3,149428
2021-06-16 09:49:23,1507.3,149428
2021-06-16 09:49:24,1507.5,149448
2021-06-16 09:49:25,1507.5,149448
2021-06-16 09:49:26,1507.5,149448
2021-06-16 09:49:27,1507.5,149460
2021-06-16 09:49:28,1507.5,149481
2021-06-16 09:49:29,1507.5,150099
2021-06-16 09:49:30,1507.5,150099
2021-06-16 09:49:32,1507.5,150139
2021-06-16 09:49:33,1507.35,150189
2021-06-16 09:49:35,1507.95,150210
2021-06-16 09:49:36,1507.95,150304
2021-06-16 09:49:37,1507.95,150304
2021-06-16 09:49:38,1507.95,150404
2021-06-16 09:49:39,1507.95,150404
2021-06-16 09:49:40,1507.5,150407
2021-06-16 09:49:41,1507.95,150427
2021-06-16 09:49:42,1507.95,150427
2021-06-16 09:49:43,1507.5,150607
2021-06-16 09:49:44,1508.1,150707
2021-06-16 09:49:45,1508.1,150707
2021-06-16 09:49:46,1506.35,153007
2021-06-16 09:49:47,1507.45,153022
2021-06-16 09:49:48,1507.55,153268
2021-06-16 09:49:49,1507.55,153268
2021-06-16 09:49:50,1507.55,153268
2021-06-16 09:49:52,1507.55,153268
2021-06-16 09:49:53,1507.55,153268
2021-06-16 09:49:55,1507.55,153268
2021-06-16 09:49:56,1507.55,153268
2021-06-16 09:49:57,1507.7,153280
2021-06-16 09:49:58,1507.7,153280
2021-06-16 09:49:59,1507.7,153280
2021-06-16 09:50:00,1507.0,153304
2021-06-16 09:50:01,1507.5,153401
2021-06-16 09:50:02,1507.0,153611
2021-06-16 09:50:03,1507.0,153611
2021-06-16 09:50:04,1507.65,153657
2021-06-16 09:50:05,1507.75,153774
2021-06-16 09:50:06,1507.75,153774
2021-06-16 09:50:07,1507.8,153786
2021-06-16 09:50:08,1507.8,153786
2021-06-16 09:50:09,1507.8,153786
2021-06-16 09:50:10,1507.95,153815
2021-06-16 09:50:11,1507.65,153886
2021-06-16 09:50:12,1507.65,153886
2021-06-16 09:50:13,1507.65,153886
2021-06-16 09:50:14,1507.55,153986
2021-06-16 09:50:15,1508.15,154007
2021-06-16 09:50:16,1508.15,154007
2021-06-16 09:50:17,1507.55,154057
2021-06-16 09:50:18,1508.2,154189
2021-06-16 09:50:19,1508.2,154230
2021-06-16 09:50:20,1508.2,154230
2021-06-16 09:50:21,1508.2,154230
2021-06-16 09:50:22,1508.2,154230
2021-06-16 09:50:23,1507.65,154231
2021-06-16 09:50:24,1507.65,154231
2021-06-16 09:50:25,1508.25,154232
2021-06-16 09:50:27,1508.6,154257
2021-06-16 09:50:28,1508.6,154261
2021-06-16 09:50:29,1508.6,154262
2021-06-16 09:50:30,1509.0,154278
2021-06-16 09:50:31,1508.6,154280
2021-06-16 09:50:32,1508.6,154295
2021-06-16 09:50:33,1508.6,154295
2021-06-16 09:50:35,1508.6,154295
2021-06-16 09:50:37,1508.5,154498
2021-06-16 09:50:37,1508.5,154498
2021-06-16 09:50:38,1508.5,154498
2021-06-16 09:50:39,1508.5,154498
2021-06-16 09:50:41,1508.5,154498
2021-06-16 09:50:41,1508.5,154498
2021-06-16 09:50:42,1508.5,154498
2021-06-16 09:50:43,1508.5,154498
2021-06-16 09:50:45,1508.4,154538
2021-06-16 09:50:45,1508.4,154538
2021-06-16 09:50:47,1508.5,154804
2021-06-16 09:50:47,1508.5,154804
2021-06-16 09:50:49,1508.5,154804
2021-06-16 09:50:49,1508.5,154804
2021-06-16 09:50:50,1508.5,154804
2021-06-16 09:50:53,1508.0,155025
2021-06-16 09:50:53,1508.0,155025
2021-06-16 09:50:54,1507.8,155029
2021-06-16 09:50:56,1508.95,155220
2021-06-16 09:50:57,1508.95,155220
2021-06-16 09:50:58,1508.5,155251
2021-06-16 09:50:59,1509.0,155301
2021-06-16 09:51:00,1508.5,155304
2021-06-16 09:51:01,1508.5,155304
2021-06-16 09:51:02,1508.5,155308
2021-06-16 09:51:03,1508.5,155333
2021-06-16 09:51:04,1508.5,155336
2021-06-16 09:51:05,1508.5,155340
2021-06-16 09:51:06,1509.05,155350
2021-06-16 09:51:07,1508.5,155390
2021-06-16 09:51:09,1508.5,155390
2021-06-16 09:51:10,1508.5,155394
2021-06-16 09:51:10,1508.5,155394
2021-06-16 09:51:11,1508.5,155398
2021-06-16 09:51:12,1508.5,155398
2021-06-16 09:51:13,1508.5,155402
2021-06-16 09:51:16,1508.5,155402
2021-06-16 09:51:17,1508.5,155402
2021-06-16 09:51:17,1508.5,155402
2021-06-16 09:51:18,1508.95,155414
2021-06-16 09:51:19,1508.95,155414
2021-06-16 09:51:20,1508.95,155415
2021-06-16 09:51:21,1508.5,155425
2021-06-16 09:51:22,1508.5,155425
2021-06-16 09:51:23,1508.95,155445
2021-06-16 09:51:25,1508.95,155445
2021-06-16 09:51:26,1508.95,155445
2021-06-16 09:51:27,1508.9,155457
2021-06-16 09:51:28,1508.9,155457
2021-06-16 09:51:29,1508.9,155457
2021-06-16 09:51:31,1508.5,155698
2021-06-16 09:51:32,1508.5,155698
2021-06-16 09:51:33,1508.5,155698
2021-06-16 09:51:34,1508.75,155848
2021-06-16 09:51:35,1508.75,155848
2021-06-16 09:51:36,1508.75,155900
2021-06-16 09:51:38,1508.5,155943
2021-06-16 09:51:38,1508.55,155918
2021-06-16 09:51:39,1508.5,155945
2021-06-16 09:51:41,1508.1,155965
2021-06-16 09:51:42,1508.1,155965
2021-06-16 09:51:44,1508.1,155979
2021-06-16 09:51:44,1508.1,155979
2021-06-16 09:51:46,1508.1,155979
2021-06-16 09:51:47,1508.1,155979
2021-06-16 09:51:48,1508.5,155993
2021-06-16 09:51:49,1508.5,155993
2021-06-16 09:51:50,1508.5,155993
2021-06-16 09:51:50,1507.85,156003
2021-06-16 09:51:51,1507.85,156003
2021-06-16 09:51:52,1507.85,156003
2021-06-16 09:51:53,1508.3,156005
2021-06-16 09:51:54,1508.5,156134
2021-06-16 09:51:55,1508.5,156134
2021-06-16 09:51:56,1508.5,156154
2021-06-16 09:51:57,1508.1,156171
2021-06-16 09:51:58,1508.1,156171
2021-06-16 09:51:59,1508.1,156191
2021-06-16 09:52:00,1508.1,156217
2021-06-16 09:52:01,1508.1,156217
2021-06-16 09:52:03,1508.45,156717
2021-06-16 09:52:04,1508.45,156722
2021-06-16 09:52:05,1508.45,156722
2021-06-16 09:52:06,1508.45,156722
2021-06-16 09:52:07,1508.45,156722
2021-06-16 09:52:07,1508.45,156722
2021-06-16 09:52:08,1508.45,156734
2021-06-16 09:52:09,1508.45,156859
2021-06-16 09:52:10,1508.45,156859
2021-06-16 09:52:11,1508.45,156859
2021-06-16 09:52:12,1508.1,156911
2021-06-16 09:52:13,1508.1,156911
2021-06-16 09:52:15,1508.45,157260
2021-06-16 09:52:15,1508.45,157260
2021-06-16 09:52:16,1508.4,157267
2021-06-16 09:52:17,1508.05,157285
2021-06-16 09:52:19,1508.4,157290
2021-06-16 09:52:19,1508.4,157290
2021-06-16 09:52:21,1508.4,157290
2021-06-16 09:52:21,1508.4,157290
2021-06-16 09:52:22,1508.4,157290
2021-06-16 09:52:23,1508.4,157290
2021-06-16 09:52:24,1508.0,157444
2021-06-16 09:52:25,1508.35,157454
2021-06-16 09:52:26,1508.35,157454
2021-06-16 09:52:27,1508.35,157454
2021-06-16 09:52:28,1508.35,157454
2021-06-16 09:52:29,1508.35,157454
2021-06-16 09:52:30,1508.35,157738
2021-06-16 09:52:31,1508.35,157746
2021-06-16 09:52:32,1508.35,157767
2021-06-16 09:52:33,1508.05,157771
2021-06-16 09:52:34,1508.05,157771
2021-06-16 09:52:36,1508.3,157821
2021-06-16 09:52:37,1508.3,157862
2021-06-16 09:52:37,1508.35,157870
2021-06-16 09:52:38,1508.55,158070
2021-06-16 09:52:39,1508.55,158107
2021-06-16 09:52:40,1508.4,158207
2021-06-16 09:52:41,1508.4,158207
2021-06-16 09:52:42,1508.35,158210
2021-06-16 09:52:43,1508.35,158210
2021-06-16 09:52:44,1508.35,158214
2021-06-16 09:52:46,1508.35,158216
2021-06-16 09:52:47,1508.35,158225
2021-06-16 09:52:48,1508.35,158225
2021-06-16 09:52:49,1508.35,158225
2021-06-16 09:52:50,1508.3,158251
2021-06-16 09:52:51,1508.3,158251
2021-06-16 09:52:52,1508.3,158251
2021-06-16 09:52:54,1508.0,158256
2021-06-16 09:52:55,1508.5,158316
2021-06-16 09:52:56,1508.5,158316
2021-06-16 09:52:57,1508.5,158316
2021-06-16 09:52:58,1508.5,158328
2021-06-16 09:52:59,1508.55,158353
2021-06-16 09:53:00,1508.55,158353
2021-06-16 09:53:02,1508.0,158378
2021-06-16 09:53:03,1508.0,158388
2021-06-16 09:53:04,1508.0,158392
2021-06-16 09:53:05,1508.0,158392
2021-06-16 09:53:06,1508.0,158392
2021-06-16 09:53:07,1508.5,158422
2021-06-16 09:53:08,1507.85,158463
2021-06-16 09:53:09,1508.4,158473
2021-06-16 09:53:09,1508.4,158474
2021-06-16 09:53:10,1508.4,158474
2021-06-16 09:53:11,1508.4,158474
2021-06-16 09:53:12,1508.4,158474
2021-06-16 09:53:13,1507.85,158478
2021-06-16 09:53:14,1507.85,158478
2021-06-16 09:53:15,1507.85,158478
2021-06-16 09:53:17,1508.4,158490
2021-06-16 09:53:18,1507.9,158492
2021-06-16 09:53:20,1508.5,158518
2021-06-16 09:53:21,1508.5,158518
2021-06-16 09:53:22,1508.7,158881
2021-06-16 09:53:22,1508.7,158881
2021-06-16 09:53:24,1508.7,159326
2021-06-16 09:53:24,1508.7,159326
2021-06-16 09:53:25,1508.7,159326
2021-06-16 09:53:26,1508.95,159331
2021-06-16 09:53:28,1509.0,159343
2021-06-16 09:53:29,1509.0,159343
2021-06-16 09:53:30,1508.6,159353
2021-06-16 09:53:30,1508.6,159353
2021-06-16 09:53:32,1508.6,159355
2021-06-16 09:53:33,1508.6,159360
2021-06-16 09:53:34,1508.6,159370
2021-06-16 09:53:35,1509.15,159544
2021-06-16 09:53:36,1509.9,159746
2021-06-16 09:53:38,1509.95,159758
2021-06-16 09:53:39,1509.6,159873
2021-06-16 09:53:40,1509.6,159873
2021-06-16 09:53:41,1510.0,159923
2021-06-16 09:53:42,1509.6,159928
2021-06-16 09:53:43,1509.15,160428
2021-06-16 09:53:44,1509.95,160506
2021-06-16 09:53:45,1510.0,160786
2021-06-16 09:53:45,1510.0,160786
2021-06-16 09:53:47,1510.0,160845
2021-06-16 09:53:48,1510.0,160845
2021-06-16 09:53:50,1509.85,160855
2021-06-16 09:53:51,1509.85,160855
2021-06-16 09:53:52,1509.85,160855
2021-06-16 09:53:53,1509.6,160864
2021-06-16 09:53:55,1509.1,160894
2021-06-16 09:53:57,1509.1,160894
2021-06-16 09:53:57,1509.1,160894
2021-06-16 09:53:59,1509.1,160894
2021-06-16 09:54:00,1509.25,160901
2021-06-16 09:54:01,1509.25,160901
2021-06-16 09:54:02,1509.9,160911
2021-06-16 09:54:02,1509.9,160911
2021-06-16 09:54:04,1509.25,160915
2021-06-16 09:54:05,1509.25,160915
2021-06-16 09:54:05,1509.25,160915
2021-06-16 09:54:07,1509.85,160927
2021-06-16 09:54:08,1509.85,160927
2021-06-16 09:54:09,1509.85,160927
2021-06-16 09:54:11,1509.85,160927
2021-06-16 09:54:11,1509.85,160927
2021-06-16 09:54:13,1509.85,160927
2021-06-16 09:54:13,1509.25,160932
2021-06-16 09:54:14,1509.25,160932
2021-06-16 09:54:16,1509.35,161012
2021-06-16 09:54:17,1509.35,161012
2021-06-16 09:54:17,1509.35,161020
2021-06-16 09:54:18,1509.35,161020
2021-06-16 09:54:19,1509.35,161020
2021-06-16 09:54:20,1509.25,161022
2021-06-16 09:54:22,1509.15,161072
2021-06-16 09:54:23,1509.0,161133
2021-06-16 09:54:24,1508.95,161148
2021-06-16 09:54:25,1508.0,161193
2021-06-16 09:54:26,1508.0,161193
2021-06-16 09:54:27,1508.0,161677
2021-06-16 09:54:29,1508.0,161687
2021-06-16 09:54:30,1507.75,161689
2021-06-16 09:54:31,1507.75,161689
2021-06-16 09:54:32,1507.75,161689
2021-06-16 09:54:33,1508.0,161693
2021-06-16 09:54:34,1508.0,161707
2021-06-16 09:54:35,1508.0,161740
2021-06-16 09:54:36,1508.0,161765
2021-06-16 09:54:37,1508.0,161819
2021-06-16 09:54:38,1508.0,161859
2021-06-16 09:54:39,1508.0,166370
2021-06-16 09:54:40,1508.3,169770
2021-06-16 09:54:41,1508.3,173670
2021-06-16 09:54:42,1508.85,175519
2021-06-16 09:54:43,1508.85,175519
2021-06-16 09:54:44,1509.05,175623
2021-06-16 09:54:45,1509.25,175633
2021-06-16 09:54:46,1509.25,175854
2021-06-16 09:54:47,1509.25,175854
2021-06-16 09:54:48,1509.25,176009
2021-06-16 09:54:49,1509.3,176069
2021-06-16 09:54:50,1508.85,176072
2021-06-16 09:54:51,1508.85,176345
2021-06-16 09:54:52,1508.85,176355
2021-06-16 09:54:53,1508.85,176355
2021-06-16 09:54:54,1509.35,176449
2021-06-16 09:54:54,1509.35,176449
2021-06-16 09:54:55,1509.35,176449
2021-06-16 09:54:56,1508.55,176676
2021-06-16 09:54:57,1509.4,176760
2021-06-16 09:54:58,1509.4,176760
2021-06-16 09:55:00,1509.05,176795
2021-06-16 09:55:04,1509.1,177051
2021-06-16 09:55:06,1509.7,177060
2021-06-16 09:55:06,1509.7,177060
2021-06-16 09:55:09,1509.95,177178
2021-06-16 09:55:10,1510.0,177208
2021-06-16 09:55:11,1509.75,177222
2021-06-16 09:55:12,1509.75,177261
2021-06-16 09:55:13,1509.75,177261
2021-06-16 09:55:15,1509.95,177456
2021-06-16 09:55:16,1509.95,177505
2021-06-16 09:55:17,1509.95,177550
2021-06-16 09:55:17,1509.85,177565
2021-06-16 09:55:19,1509.75,177571
2021-06-16 09:55:20,1509.35,177581
2021-06-16 09:55:21,1509.6,177691
2021-06-16 09:55:22,1509.6,177691
2021-06-16 09:55:23,1509.3,177734
2021-06-16 09:55:25,1509.4,177735
2021-06-16 09:55:26,1509.95,177780
2021-06-16 09:55:26,1509.7,177889
2021-06-16 09:55:27,1510.0,177911
2021-06-16 09:55:29,1510.0,177970
2021-06-16 09:55:30,1509.45,178089
2021-06-16 09:55:31,1509.45,178089
2021-06-16 09:55:32,1509.45,178089
2021-06-16 09:55:33,1509.85,178148
2021-06-16 09:55:33,1509.55,178154
2021-06-16 09:55:34,1509.85,178184
2021-06-16 09:55:36,1510.0,178262
2021-06-16 09:55:37,1510.0,178274
2021-06-16 09:55:38,1510.0,178331
2021-06-16 09:55:40,1510.0,178345
2021-06-16 09:55:40,1510.2,178371
2021-06-16 09:55:41,1510.2,178459
2021-06-16 09:55:42,1510.2,178459
2021-06-16 09:55:43,1510.2,178513
2021-06-16 09:55:44,1510.2,178534
2021-06-16 09:55:45,1510.2,178534
2021-06-16 09:55:46,1510.2,178594
2021-06-16 09:55:47,1510.6,178860
2021-06-16 09:55:49,1510.2,178912
2021-06-16 09:55:50,1510.3,178963
2021-06-16 09:55:51,1510.15,179128
2021-06-16 09:55:51,1510.15,179178
2021-06-16 09:55:52,1510.15,179235
2021-06-16 09:55:53,1510.0,179249
2021-06-16 09:55:54,1510.2,180076
2021-06-16 09:55:55,1510.2,180076
2021-06-16 09:55:56,1510.65,180409
2021-06-16 09:55:57,1510.8,180429
2021-06-16 09:55:58,1510.35,180942
2021-06-16 09:55:59,1510.35,180942
2021-06-16 09:56:00,1510.35,180942
2021-06-16 09:56:01,1510.9,180972
2021-06-16 09:56:02,1510.95,180973
2021-06-16 09:56:03,1510.45,180982
2021-06-16 09:56:04,1510.45,180987
2021-06-16 09:56:05,1510.45,181020
2021-06-16 09:56:06,1509.8,181653
2021-06-16 09:56:07,1509.85,181753
2021-06-16 09:56:08,1509.95,181779
2021-06-16 09:56:09,1509.95,181779
2021-06-16 09:56:11,1509.95,181779
2021-06-16 09:56:12,1509.95,181779
2021-06-16 09:56:13,1510.0,181812
2021-06-16 09:56:14,1510.0,181817
2021-06-16 09:56:15,1510.2,181872
2021-06-16 09:56:16,1510.05,181873
2021-06-16 09:56:16,1510.25,181874
2021-06-16 09:56:17,1510.25,181889
2021-06-16 09:56:18,1510.25,182257
2021-06-16 09:56:20,1509.6,182986
2021-06-16 09:56:21,1510.05,182987
2021-06-16 09:56:22,1510.0,183027
2021-06-16 09:56:22,1510.0,183028
2021-06-16 09:56:23,1509.5,183034
2021-06-16 09:56:25,1510.05,183284
2021-06-16 09:56:26,1510.0,183285
2021-06-16 09:56:27,1510.45,187335
2021-06-16 09:56:28,1510.45,187335
2021-06-16 09:56:29,1510.65,188062
2021-06-16 09:56:30,1510.65,188062
2021-06-16 09:56:32,1509.95,188534
2021-06-16 09:56:33,1509.95,188534
2021-06-16 09:56:34,1510.5,188543
2021-06-16 09:56:35,1510.05,188548
2021-06-16 09:56:36,1510.05,188551
2021-06-16 09:56:37,1510.5,188603
2021-06-16 09:56:38,1510.5,188615
2021-06-16 09:56:39,1510.7,188627
2021-06-16 09:56:41,1510.7,188627
2021-06-16 09:56:40,1510.7,188627
2021-06-16 09:56:42,1510.5,188628
2021-06-16 09:56:43,1510.5,188628
2021-06-16 09:56:44,1510.2,188659
2021-06-16 09:56:45,1510.0,188903
2021-06-16 09:56:46,1509.55,189440
2021-06-16 09:56:47,1509.5,189490
2021-06-16 09:56:48,1509.45,189658
2021-06-16 09:56:49,1508.95,189662
2021-06-16 09:56:50,1508.95,189671
2021-06-16 09:56:51,1509.1,189714
2021-06-16 09:56:52,1509.1,189714
2021-06-16 09:56:53,1509.1,189714
2021-06-16 09:56:54,1509.1,189793
2021-06-16 09:56:55,1509.1,189793
2021-06-16 09:56:56,1509.05,189824
2021-06-16 09:56:56,1509.4,189796
2021-06-16 09:56:58,1509.0,189915
2021-06-16 09:57:01,1508.75,189925
2021-06-16 09:57:02,1508.75,189925
2021-06-16 09:57:03,1508.75,189963
2021-06-16 09:57:04,1508.3,189968
2021-06-16 09:57:05,1508.3,189968
2021-06-16 09:57:06,1509.05,189986
2021-06-16 09:57:08,1508.6,190529
2021-06-16 09:57:09,1508.95,190559
2021-06-16 09:57:10,1508.95,190559
2021-06-16 09:57:12,1508.45,190572
2021-06-16 09:57:14,1508.35,190631
2021-06-16 09:57:15,1508.35,190631
2021-06-16 09:57:16,1508.95,190717
2021-06-16 09:57:17,1508.95,190717
2021-06-16 09:57:18,1508.7,190735
2021-06-16 09:57:19,1508.45,190772
2021-06-16 09:57:21,1508.65,190786
2021-06-16 09:57:22,1508.35,190817
2021-06-16 09:57:23,1508.35,190818
2021-06-16 09:57:24,1508.45,190822
2021-06-16 09:57:25,1508.95,190837
2021-06-16 09:57:27,1509.15,190959
2021-06-16 09:57:28,1509.15,190968
2021-06-16 09:57:29,1509.35,190984
2021-06-16 09:57:30,1509.35,190984
2021-06-16 09:57:31,1509.7,190991
2021-06-16 09:57:32,1509.05,191067
2021-06-16 09:57:34,1508.7,191072
2021-06-16 09:57:34,1509.4,191073
2021-06-16 09:57:35,1509.7,191076
2021-06-16 09:57:36,1509.7,191131
2021-06-16 09:57:37,1509.15,191211
2021-06-16 09:57:39,1509.8,191280
2021-06-16 09:57:40,1509.25,191350
2021-06-16 09:57:40,1509.3,191379
2021-06-16 09:57:41,1509.15,191529
2021-06-16 09:57:42,1509.1,191578
2021-06-16 09:57:44,1508.45,192014
2021-06-16 09:57:46,1508.3,192171
2021-06-16 09:57:48,1508.7,192214
2021-06-16 09:57:49,1508.65,192233
2021-06-16 09:57:50,1508.7,192239
2021-06-16 09:57:51,1508.7,192252
2021-06-16 09:57:52,1508.8,192255
2021-06-16 09:57:53,1508.8,192259
2021-06-16 09:57:54,1509.1,192260
2021-06-16 09:57:55,1509.1,192260
2021-06-16 09:57:55,1509.25,192267
2021-06-16 09:57:56,1509.25,192267
2021-06-16 09:57:57,1509.35,192279
2021-06-16 09:57:58,1509.05,192289
2021-06-16 09:57:59,1509.05,192298
2021-06-16 09:58:00,1509.35,192353
2021-06-16 09:58:02,1509.35,192434
2021-06-16 09:58:03,1509.2,192493
2021-06-16 09:58:04,1509.25,192531
2021-06-16 09:58:05,1509.25,192531
2021-06-16 09:58:06,1508.5,193306
2021-06-16 09:58:07,1508.65,193307
2021-06-16 09:58:08,1508.5,193308
2021-06-16 09:58:09,1508.5,193310
2021-06-16 09:58:10,1508.6,193311
2021-06-16 09:58:11,1508.5,193361
2021-06-16 09:58:12,1508.5,193361
2021-06-16 09:58:13,1509.1,193440
2021-06-16 09:58:13,1508.7,193445
2021-06-16 09:58:14,1508.7,193445
2021-06-16 09:58:17,1509.35,193491
2021-06-16 09:58:18,1509.4,193507
2021-06-16 09:58:19,1509.5,193560
2021-06-16 09:58:21,1509.5,193606
2021-06-16 09:58:22,1509.5,193616
2021-06-16 09:58:23,1509.5,193641
2021-06-16 09:58:24,1509.45,193696
2021-06-16 09:58:25,1509.45,193754
2021-06-16 09:58:26,1509.5,194117
2021-06-16 09:58:26,1509.5,194117
2021-06-16 09:58:27,1510.0,194123
2021-06-16 09:58:28,1510.0,194211
2021-06-16 09:58:29,1510.0,194212
2021-06-16 09:58:30,1510.0,194212
2021-06-16 09:58:31,1510.0,194212
2021-06-16 09:58:32,1510.0,194212
2021-06-16 09:58:34,1509.9,194217
2021-06-16 09:58:35,1510.0,194219
2021-06-16 09:58:36,1510.0,194240
2021-06-16 09:58:37,1510.9,196397
2021-06-16 09:58:38,1510.95,196402
2021-06-16 09:58:39,1511.0,196562
2021-06-16 09:58:40,1511.0,196562
2021-06-16 09:58:41,1511.0,196725
2021-06-16 09:58:42,1510.95,196755
2021-06-16 09:58:43,1511.0,196794
2021-06-16 09:58:44,1510.95,196804
2021-06-16 09:58:45,1510.95,196808
2021-06-16 09:58:46,1510.95,196810
2021-06-16 09:58:48,1510.4,196824
2021-06-16 09:58:49,1510.95,196875
2021-06-16 09:58:50,1510.4,196880
2021-06-16 09:58:51,1510.25,196892
2021-06-16 09:58:52,1510.25,196892
2021-06-16 09:58:53,1510.0,197541
2021-06-16 09:58:54,1510.0,197707
2021-06-16 09:58:55,1510.0,197707
2021-06-16 09:58:57,1510.0,197707
2021-06-16 09:58:59,1510.0,197753
2021-06-16 09:58:58,1510.0,197750
2021-06-16 09:59:00,1510.0,197753
2021-06-16 09:59:01,1510.0,197757
2021-06-16 09:59:02,1510.0,197758
2021-06-16 09:59:03,1510.0,197758
2021-06-16 09:59:04,1510.0,197762
2021-06-16 09:59:05,1510.0,197768
2021-06-16 09:59:06,1510.0,197768
2021-06-16 09:59:07,1510.0,197768
2021-06-16 09:59:08,1510.25,197780
2021-06-16 09:59:09,1510.0,197792
2021-06-16 09:59:10,1510.25,197793
2021-06-16 09:59:11,1510.25,197865
2021-06-16 09:59:12,1510.0,197885
2021-06-16 09:59:14,1510.0,197893
2021-06-16 09:59:15,1510.0,197895
2021-06-16 09:59:16,1510.0,197895
2021-06-16 09:59:17,1510.25,197922
2021-06-16 09:59:18,1510.7,197930
2021-06-16 09:59:19,1510.7,197930
2021-06-16 09:59:20,1510.7,197930
2021-06-16 09:59:21,1510.7,197930
2021-06-16 09:59:22,1510.0,197936
2021-06-16 09:59:23,1510.0,197946
2021-06-16 09:59:24,1510.0,197950
2021-06-16 09:59:25,1510.0,197950
2021-06-16 09:59:26,1510.0,198030
2021-06-16 09:59:27,1510.3,198042
2021-06-16 09:59:28,1510.3,198042
2021-06-16 09:59:29,1510.35,198049
2021-06-16 09:59:30,1510.0,198071
2021-06-16 09:59:31,1510.0,198073
2021-06-16 09:59:32,1510.0,198073
2021-06-16 09:59:33,1510.0,198073
2021-06-16 09:59:35,1510.55,198094
2021-06-16 09:59:36,1510.35,198160
2021-06-16 09:59:37,1510.35,198370
2021-06-16 09:59:39,1509.35,198974
2021-06-16 09:59:40,1509.35,198974
2021-06-16 09:59:41,1509.6,199003
2021-06-16 09:59:42,1510.0,199004
2021-06-16 09:59:44,1509.7,199009
2021-06-16 09:59:45,1510.15,199013
2021-06-16 09:59:46,1510.15,199013
2021-06-16 09:59:47,1510.15,199013
2021-06-16 09:59:48,1510.0,199043
2021-06-16 09:59:49,1510.0,199054
2021-06-16 09:59:50,1509.7,199241
2021-06-16 09:59:51,1510.0,199291
2021-06-16 09:59:52,1510.0,199391
2021-06-16 09:59:53,1510.0,199422
2021-06-16 09:59:54,1510.3,199423
2021-06-16 09:59:55,1509.9,199451
2021-06-16 09:59:56,1509.85,199523
2021-06-16 09:59:57,1510.35,199534
2021-06-16 09:59:58,1510.3,199569
2021-06-16 09:59:59,1510.35,199669
2021-06-16 10:00:00,1509.35,199693
2021-06-16 10:00:01,1510.0,199704
2021-06-16 10:00:02,1510.0,199736
2021-06-16 10:00:03,1509.55,199740
2021-06-16 10:00:04,1509.55,199740
2021-06-16 10:00:05,1509.55,199748
2021-06-16 10:00:06,1509.55,199748
2021-06-16 10:00:07,1510.0,199756
2021-06-16 10:00:08,1510.0,199756
2021-06-16 10:00:09,1510.4,199856
2021-06-16 10:00:10,1510.4,199856
2021-06-16 10:00:11,1510.45,199906
2021-06-16 10:00:12,1510.45,199910
2021-06-16 10:00:15,1510.2,199916
2021-06-16 10:00:16,1510.2,199916
2021-06-16 10:00:18,1510.6,199918
2021-06-16 10:00:19,1510.85,199924
2021-06-16 10:00:20,1510.95,199925
2021-06-16 10:00:21,1510.1,199955
2021-06-16 10:00:22,1510.1,199955
2021-06-16 10:00:23,1510.6,199958
2021-06-16 10:00:24,1510.8,199981
2021-06-16 10:00:26,1510.25,199982
2021-06-16 10:00:27,1510.85,199994
2021-06-16 10:00:28,1510.85,200063
2021-06-16 10:00:29,1510.2,200181
2021-06-16 10:00:30,1510.5,200183
2021-06-16 10:00:31,1510.85,200192
2021-06-16 10:00:32,1510.85,200196
2021-06-16 10:00:33,1510.5,200201
2021-06-16 10:00:34,1510.5,200201
2021-06-16 10:00:35,1510.85,200207
2021-06-16 10:00:36,1510.85,200265
2021-06-16 10:00:37,1510.85,200277
2021-06-16 10:00:38,1510.5,200279
2021-06-16 10:00:39,1510.5,200280
2021-06-16 10:00:41,1510.5,200280
2021-06-16 10:00:42,1510.5,200280
2021-06-16 10:00:43,1510.85,200281
2021-06-16 10:00:44,1510.5,200299
2021-06-16 10:00:45,1510.5,200309
2021-06-16 10:00:46,1510.85,200336
2021-06-16 10:00:47,1510.85,200339
2021-06-16 10:00:48,1510.85,200349
2021-06-16 10:00:48,1510.85,200349
2021-06-16 10:00:50,1510.85,200357
2021-06-16 10:00:52,1510.5,200368
2021-06-16 10:00:54,1510.8,200384
2021-06-16 10:00:55,1510.1,200389
2021-06-16 10:00:56,1511.0,200889
2021-06-16 10:00:57,1510.85,200902
2021-06-16 10:00:59,1510.85,200902
2021-06-16 10:00:59,1510.85,200902
2021-06-16 10:01:00,1510.85,200947
2021-06-16 10:01:01,1511.0,201015
2021-06-16 10:01:02,1511.5,201050
2021-06-16 10:01:03,1511.5,201137
2021-06-16 10:01:04,1510.85,201716
2021-06-16 10:01:05,1511.35,202348
2021-06-16 10:01:06,1510.85,202354
2021-06-16 10:01:08,1510.85,202442
2021-06-16 10:01:08,1510.85,202442
2021-06-16 10:01:09,1510.85,202442
2021-06-16 10:01:10,1510.85,202442
2021-06-16 10:01:11,1510.95,202497
2021-06-16 10:01:12,1510.85,202501
2021-06-16 10:01:13,1510.85,202505
2021-06-16 10:01:14,1510.85,202505
2021-06-16 10:01:15,1510.85,202506
2021-06-16 10:01:16,1510.85,202515
2021-06-16 10:01:17,1511.05,202525
2021-06-16 10:01:19,1511.05,202525
2021-06-16 10:01:21,1510.85,202528
2021-06-16 10:01:22,1510.25,202529
2021-06-16 10:01:23,1510.25,202529
2021-06-16 10:01:23,1510.3,202532
2021-06-16 10:01:24,1510.35,202536
2021-06-16 10:01:26,1510.35,202536
2021-06-16 10:01:27,1511.05,202637
2021-06-16 10:01:28,1511.05,202637
2021-06-16 10:01:29,1511.05,202717
2021-06-16 10:01:32,1511.3,202729
2021-06-16 10:01:33,1511.3,202738
2021-06-16 10:01:33,1511.3,202738
2021-06-16 10:01:34,1511.05,202752
2021-06-16 10:01:35,1511.05,202753
2021-06-16 10:01:36,1511.55,202829
2021-06-16 10:01:37,1511.55,202829
2021-06-16 10:01:38,1511.0,202843
2021-06-16 10:01:39,1511.0,202843
2021-06-16 10:01:40,1511.0,202843
2021-06-16 10:01:41,1511.0,202843
2021-06-16 10:01:42,1511.0,202843
2021-06-16 10:01:43,1511.05,202847
2021-06-16 10:01:44,1511.05,202847
2021-06-16 10:01:46,1511.55,202849
2021-06-16 10:01:46,1511.55,202849
2021-06-16 10:01:48,1511.05,202886
2021-06-16 10:01:48,1511.55,202861
2021-06-16 10:01:49,1511.5,202906
2021-06-16 10:01:50,1511.05,202913
2021-06-16 10:01:51,1511.05,202913
2021-06-16 10:01:52,1511.5,202914
2021-06-16 10:01:53,1511.05,202918
2021-06-16 10:01:55,1511.05,202918
2021-06-16 10:01:56,1511.5,202948
2021-06-16 10:01:57,1511.5,202948
2021-06-16 10:01:58,1511.3,202960
2021-06-16 10:01:58,1511.3,202960
2021-06-16 10:01:59,1511.3,202960
2021-06-16 10:02:00,1511.3,202963
2021-06-16 10:02:03,1511.05,203074
2021-06-16 10:02:05,1511.3,203090
2021-06-16 10:02:07,1511.05,203092
2021-06-16 10:02:07,1511.3,203104
2021-06-16 10:02:08,1511.3,203154
2021-06-16 10:02:10,1511.3,203154
2021-06-16 10:02:10,1511.3,203154
2021-06-16 10:02:12,1511.0,203162
2021-06-16 10:02:12,1511.0,203606
2021-06-16 10:02:13,1511.0,203606
2021-06-16 10:02:14,1511.25,203866
2021-06-16 10:02:15,1511.25,203866
2021-06-16 10:02:16,1510.95,204186
2021-06-16 10:02:17,1511.25,204187
2021-06-16 10:02:18,1511.3,204188
2021-06-16 10:02:19,1511.3,204241
2021-06-16 10:02:21,1511.3,204246
2021-06-16 10:02:22,1511.5,204251
2021-06-16 10:02:22,1511.5,204251
2021-06-16 10:02:23,1511.5,204251
2021-06-16 10:02:24,1511.3,204260
2021-06-16 10:02:25,1511.3,204260
2021-06-16 10:02:26,1511.3,204260
2021-06-16 10:02:27,1511.35,204272
2021-06-16 10:02:28,1511.3,204282
2021-06-16 10:02:30,1511.3,204282
2021-06-16 10:02:31,1511.25,204292
2021-06-16 10:02:31,1511.3,204294
2021-06-16 10:02:34,1511.3,204339
2021-06-16 10:02:35,1511.3,204355
2021-06-16 10:02:36,1511.35,204407
2021-06-16 10:02:37,1511.35,204415
2021-06-16 10:02:38,1511.35,204415
2021-06-16 10:02:40,1511.35,204533
2021-06-16 10:02:42,1511.3,204543
2021-06-16 10:02:44,1511.3,204547
2021-06-16 10:02:46,1511.3,204589
2021-06-16 10:02:47,1511.5,204642
2021-06-16 10:02:48,1511.5,204642
2021-06-16 10:02:49,1511.5,204642
2021-06-16 10:02:50,1511.5,204642
2021-06-16 10:02:52,1511.35,204647
2021-06-16 10:02:53,1511.35,204649
2021-06-16 10:02:54,1511.35,204654
2021-06-16 10:02:55,1511.35,204656
2021-06-16 10:02:56,1511.5,204657
2021-06-16 10:02:57,1511.5,204662
2021-06-16 10:02:58,1511.5,204663
2021-06-16 10:02:59,1511.5,204663
2021-06-16 10:03:00,1511.5,204667
2021-06-16 10:03:01,1511.5,204669
2021-06-16 10:03:02,1511.5,204669
2021-06-16 10:03:03,1511.7,204674
2021-06-16 10:03:04,1511.5,204678
2021-06-16 10:03:05,1511.5,204690
2021-06-16 10:03:06,1511.5,204700
2021-06-16 10:03:06,1511.5,204700
2021-06-16 10:03:07,1511.5,204700
2021-06-16 10:03:08,1511.35,204706
2021-06-16 10:03:10,1511.5,204767
2021-06-16 10:03:11,1511.5,204767
2021-06-16 10:03:13,1511.55,204768
2021-06-16 10:03:14,1511.55,204772
2021-06-16 10:03:15,1511.55,204773
2021-06-16 10:03:16,1511.55,204783
2021-06-16 10:03:17,1511.75,204845
2021-06-16 10:03:18,1511.75,204845
2021-06-16 10:03:19,1511.75,204845
2021-06-16 10:03:21,1511.55,204863
2021-06-16 10:03:23,1511.0,205492
2021-06-16 10:03:24,1511.0,205492
2021-06-16 10:03:25,1511.0,205745
2021-06-16 10:03:26,1511.0,205745
2021-06-16 10:03:27,1510.85,205747
2021-06-16 10:03:29,1511.05,205748
2021-06-16 10:03:30,1511.05,205750
2021-06-16 10:03:31,1511.05,205757
2021-06-16 10:03:32,1511.05,205757
2021-06-16 10:03:32,1511.05,205758
2021-06-16 10:03:33,1511.0,205773
2021-06-16 10:03:34,1511.0,205779
2021-06-16 10:03:35,1511.0,205786
2021-06-16 10:03:38,1511.05,205906
2021-06-16 10:03:39,1511.05,205916
2021-06-16 10:03:41,1511.05,205922
2021-06-16 10:03:42,1511.0,205923
2021-06-16 10:03:43,1511.0,205927
2021-06-16 10:03:44,1511.0,205927
2021-06-16 10:03:45,1511.0,205928
2021-06-16 10:03:46,1511.0,205928
2021-06-16 10:03:47,1511.05,205941
2021-06-16 10:03:49,1511.05,205941
2021-06-16 10:03:49,1511.05,205941
2021-06-16 10:03:50,1511.0,205944
2021-06-16 10:03:51,1511.05,205970
2021-06-16 10:03:52,1511.05,205970
2021-06-16 10:03:53,1511.0,205974
2021-06-16 10:03:55,1511.05,205984
2021-06-16 10:03:56,1511.0,205993
2021-06-16 10:03:57,1510.4,206069
2021-06-16 10:03:58,1510.4,206085
2021-06-16 10:03:59,1510.4,206085
2021-06-16 10:03:59,1510.4,206085
2021-06-16 10:04:00,1510.4,206088
2021-06-16 10:04:01,1510.4,206088
2021-06-16 10:04:02,1510.35,206089
2021-06-16 10:04:03,1510.1,206093
2021-06-16 10:04:04,1510.1,206100
2021-06-16 10:04:06,1510.7,206402
2021-06-16 10:04:07,1510.7,206402
2021-06-16 10:04:08,1510.55,206410
2021-06-16 10:04:09,1510.55,206410
2021-06-16 10:04:10,1510.35,206411
2021-06-16 10:04:11,1510.55,206413
2021-06-16 10:04:11,1510.55,206413
2021-06-16 10:04:12,1510.55,206413
2021-06-16 10:04:13,1510.1,206419
2021-06-16 10:04:14,1510.1,206419
2021-06-16 10:04:15,1511.0,206484
2021-06-16 10:04:16,1510.35,206584
2021-06-16 10:04:17,1510.0,206621
2021-06-16 10:04:19,1510.0,206621
2021-06-16 10:04:20,1510.55,206623
2021-06-16 10:04:20,1510.8,206634
2021-06-16 10:04:22,1510.0,206639
2021-06-16 10:04:22,1510.35,206649
2021-06-16 10:04:23,1510.0,206663
2021-06-16 10:04:24,1510.0,206663
2021-06-16 10:04:25,1510.0,206663
2021-06-16 10:04:26,1510.0,206663
2021-06-16 10:04:27,1510.35,206693
2021-06-16 10:04:28,1510.3,206698
2021-06-16 10:04:29,1510.3,206705
2021-06-16 10:04:30,1510.0,206740
2021-06-16 10:04:31,1510.0,206740
2021-06-16 10:04:32,1510.35,206762
2021-06-16 10:04:33,1509.0,207564
2021-06-16 10:04:34,1508.35,208140
2021-06-16 10:04:35,1508.3,208715
2021-06-16 10:04:36,1508.95,208778
2021-06-16 10:04:37,1508.95,208778
2021-06-16 10:04:38,1508.25,209504
2021-06-16 10:04:40,1508.8,209518
2021-06-16 10:04:41,1508.8,209518
2021-06-16 10:04:42,1508.8,209528
2021-06-16 10:04:43,1508.3,209533
2021-06-16 10:04:43,1508.3,209533
2021-06-16 10:04:44,1508.6,209773
2021-06-16 10:04:45,1508.6,209773
2021-06-16 10:04:46,1508.6,209774
2021-06-16 10:04:47,1508.8,209789
2021-06-16 10:04:48,1508.65,209795
2021-06-16 10:04:50,1508.6,209882
2021-06-16 10:04:51,1508.8,211307
2021-06-16 10:04:52,1509.0,211313
2021-06-16 10:04:54,1509.0,211318
2021-06-16 10:04:55,1509.0,211318
2021-06-16 10:04:55,1509.0,211318
2021-06-16 10:04:56,1509.0,211318
2021-06-16 10:04:57,1509.5,211383
2021-06-16 10:04:58,1509.5,211386
2021-06-16 10:04:59,1509.5,211387
2021-06-16 10:05:00,1509.3,211439
2021-06-16 10:05:01,1509.5,211464
2021-06-16 10:05:03,1509.75,211467
2021-06-16 10:05:03,1509.55,211471
2021-06-16 10:05:04,1510.0,211487
2021-06-16 10:05:05,1509.4,211636
2021-06-16 10:05:07,1509.5,211651
2021-06-16 10:05:09,1510.2,211656
2021-06-16 10:05:09,1509.7,211676
2021-06-16 10:05:10,1509.7,211676
2021-06-16 10:05:11,1509.7,211676
2021-06-16 10:05:12,1510.2,211728
2021-06-16 10:05:13,1509.95,211732
2021-06-16 10:05:14,1510.3,211733
2021-06-16 10:05:16,1510.3,211733
2021-06-16 10:05:16,1510.3,211734
2021-06-16 10:05:17,1510.35,211795
2021-06-16 10:05:18,1510.35,211836
2021-06-16 10:05:19,1510.2,211837
2021-06-16 10:05:20,1510.2,211846
2021-06-16 10:05:21,1510.0,211926
2021-06-16 10:05:22,1510.0,211956
2021-06-16 10:05:23,1510.0,211958
2021-06-16 10:05:24,1510.0,211962
2021-06-16 10:05:25,1510.0,211962
2021-06-16 10:05:27,1510.0,211962
2021-06-16 10:05:27,1510.55,211974
2021-06-16 10:05:28,1510.55,211974
2021-06-16 10:05:29,1510.65,211980
2021-06-16 10:05:32,1510.5,212007
2021-06-16 10:05:33,1510.0,212631
2021-06-16 10:05:34,1510.25,212637
2021-06-16 10:05:35,1510.35,212776
2021-06-16 10:05:36,1510.85,212933
2021-06-16 10:05:36,1510.85,212944
2021-06-16 10:05:38,1510.85,212956
2021-06-16 10:05:39,1510.85,212995
2021-06-16 10:05:40,1510.85,212995
2021-06-16 10:05:40,1510.5,212997
2021-06-16 10:05:41,1510.05,213007
2021-06-16 10:05:42,1510.05,213007
2021-06-16 10:05:44,1510.05,213007
2021-06-16 10:05:45,1510.05,213008
2021-06-16 10:05:46,1510.5,213011
2021-06-16 10:05:47,1510.05,213024
2021-06-16 10:05:48,1510.05,213024
2021-06-16 10:05:49,1510.5,213124
2021-06-16 10:05:50,1510.5,213132
2021-06-16 10:05:51,1510.15,213141
2021-06-16 10:05:52,1510.5,213159
2021-06-16 10:05:53,1510.15,213160
2021-06-16 10:05:54,1510.5,213161
2021-06-16 10:05:56,1510.15,213280
2021-06-16 10:05:57,1510.15,213280
2021-06-16 10:05:57,1510.15,213280
2021-06-16 10:05:59,1510.5,213293
2021-06-16 10:06:00,1510.5,213293
2021-06-16 10:06:01,1510.5,213305
2021-06-16 10:06:02,1510.0,213314
2021-06-16 10:06:03,1510.15,213315
2021-06-16 10:06:04,1510.15,213318
2021-06-16 10:06:05,1510.45,213329
2021-06-16 10:06:05,1510.15,213331
2021-06-16 10:06:06,1510.15,213331
2021-06-16 10:06:07,1510.45,213341
2021-06-16 10:06:08,1510.7,213424
2021-06-16 10:06:09,1510.85,213439
2021-06-16 10:06:11,1510.2,213472
2021-06-16 10:06:12,1510.2,213482
2021-06-16 10:06:13,1510.95,213614
2021-06-16 10:06:14,1510.95,213614
2021-06-16 10:06:15,1510.2,213622
2021-06-16 10:06:15,1510.95,213614
2021-06-16 10:06:16,1510.2,213622
2021-06-16 10:06:18,1510.85,213629
2021-06-16 10:06:19,1510.85,213629
2021-06-16 10:06:20,1510.35,213634
2021-06-16 10:06:22,1510.2,213656
2021-06-16 10:06:23,1510.2,213656
2021-06-16 10:06:23,1510.2,213656
2021-06-16 10:06:24,1510.2,213656
2021-06-16 10:06:25,1510.2,213656
2021-06-16 10:06:26,1510.2,213656
2021-06-16 10:06:27,1510.95,213767
2021-06-16 10:06:28,1510.95,213767
2021-06-16 10:06:29,1510.8,213768
2021-06-16 10:06:30,1511.0,213799
2021-06-16 10:06:32,1511.0,213817
2021-06-16 10:06:33,1511.0,213826
2021-06-16 10:06:33,1511.0,213826
2021-06-16 10:06:34,1511.0,213826
2021-06-16 10:06:35,1510.85,213899
2021-06-16 10:06:37,1510.95,213969
2021-06-16 10:06:37,1510.95,213977
2021-06-16 10:06:39,1510.85,214002
2021-06-16 10:06:40,1510.85,214002
2021-06-16 10:06:40,1510.85,214002
2021-06-16 10:06:41,1510.85,214010
2021-06-16 10:06:43,1511.0,214026
2021-06-16 10:06:43,1510.85,214028
2021-06-16 10:06:44,1510.85,214112
2021-06-16 10:06:45,1511.0,214162
2021-06-16 10:06:46,1511.0,214163
2021-06-16 10:06:48,1510.85,214169
2021-06-16 10:06:49,1510.85,214169
2021-06-16 10:06:50,1510.4,214244
2021-06-16 10:06:51,1510.4,214244
2021-06-16 10:06:52,1510.45,214264
2021-06-16 10:06:53,1510.45,214270
2021-06-16 10:06:54,1510.75,214370
2021-06-16 10:06:54,1510.75,214370
2021-06-16 10:06:56,1510.9,214470
2021-06-16 10:06:56,1510.9,214470
2021-06-16 10:06:57,1510.45,214503
2021-06-16 10:06:58,1510.95,214565
2021-06-16 10:07:00,1510.95,214589
2021-06-16 10:07:01,1510.45,214833
2021-06-16 10:07:02,1510.0,214930
2021-06-16 10:07:03,1510.0,215186
2021-06-16 10:07:04,1510.6,215187
2021-06-16 10:07:05,1510.2,215209
2021-06-16 10:07:05,1510.2,215209
2021-06-16 10:07:06,1510.05,215214
2021-06-16 10:07:08,1510.65,215222
2021-06-16 10:07:09,1510.85,215224
2021-06-16 10:07:10,1510.85,215224
2021-06-16 10:07:11,1510.65,215248
2021-06-16 10:07:11,1510.65,215249
2021-06-16 10:07:12,1510.95,215253
2021-06-16 10:07:13,1510.95,215253
2021-06-16 10:07:15,1510.95,215253
2021-06-16 10:07:15,1510.95,215259
2021-06-16 10:07:16,1510.95,215259
2021-06-16 10:07:18,1511.0,215262
2021-06-16 10:07:19,1511.0,215262
2021-06-16 10:07:20,1511.0,215262
2021-06-16 10:07:21,1510.95,215268
2021-06-16 10:07:22,1510.95,215366
2021-06-16 10:07:23,1511.0,215373
2021-06-16 10:07:23,1511.0,215392
2021-06-16 10:07:24,1511.0,215392
2021-06-16 10:07:25,1510.95,215397
2021-06-16 10:07:26,1511.0,215400
2021-06-16 10:07:27,1511.0,215411
2021-06-16 10:07:28,1511.0,215411
2021-06-16 10:07:30,1511.0,215416
2021-06-16 10:07:31,1511.0,215416
2021-06-16 10:07:32,1510.5,215427
2021-06-16 10:07:33,1510.5,215427
2021-06-16 10:07:35,1510.5,215439
2021-06-16 10:07:36,1510.5,215441
2021-06-16 10:07:37,1511.0,215493
2021-06-16 10:07:38,1511.0,215505
2021-06-16 10:07:39,1511.0,215525
2021-06-16 10:07:40,1510.55,215526
2021-06-16 10:07:41,1510.55,215526
2021-06-16 10:07:41,1511.0,215540
2021-06-16 10:07:43,1511.0,215560
2021-06-16 10:07:44,1510.95,215565
2021-06-16 10:07:44,1511.0,215562
2021-06-16 10:07:46,1510.55,215590
2021-06-16 10:07:46,1510.55,215590
2021-06-16 10:07:48,1510.55,215611
2021-06-16 10:07:49,1511.0,215663
2021-06-16 10:07:50,1510.95,215668
2021-06-16 10:07:51,1510.5,215683
2021-06-16 10:07:52,1510.9,215708
2021-06-16 10:07:53,1510.5,215709
2021-06-16 10:07:54,1510.5,215709
2021-06-16 10:07:55,1510.5,215709
2021-06-16 10:07:55,1510.5,215709
2021-06-16 10:07:56,1510.5,215709
2021-06-16 10:07:57,1510.8,215721
2021-06-16 10:07:59,1510.95,215722
2021-06-16 10:08:00,1510.95,215722
2021-06-16 10:08:01,1510.95,215722
2021-06-16 10:08:02,1510.55,215731
2021-06-16 10:08:03,1510.55,215731
2021-06-16 10:08:04,1510.95,215732
2021-06-16 10:08:05,1510.6,215738
2021-06-16 10:08:06,1510.95,215741
2021-06-16 10:08:07,1511.0,215754
2021-06-16 10:08:07,1510.95,215753
2021-06-16 10:08:08,1511.0,215760
2021-06-16 10:08:10,1511.0,215764
2021-06-16 10:08:10,1511.0,215864
2021-06-16 10:08:11,1511.0,215881
2021-06-16 10:08:12,1511.0,215881
2021-06-16 10:08:13,1511.0,215881
2021-06-16 10:08:15,1511.0,215881
2021-06-16 10:08:16,1510.95,215897
2021-06-16 10:08:17,1510.95,215900
2021-06-16 10:08:18,1510.95,215910
2021-06-16 10:08:19,1511.0,215975
2021-06-16 10:08:20,1511.0,215986
2021-06-16 10:08:20,1509.95,218483
2021-06-16 10:08:21,1509.25,218493
2021-06-16 10:08:23,1509.25,219161
2021-06-16 10:08:24,1508.95,220002
2021-06-16 10:08:25,1508.95,220023
2021-06-16 10:08:26,1508.05,220533
2021-06-16 10:08:27,1508.55,220564
2021-06-16 10:08:28,1508.7,220594
2021-06-16 10:08:29,1508.8,220615
2021-06-16 10:08:29,1508.85,220622
2021-06-16 10:08:30,1508.85,220624
2021-06-16 10:08:31,1508.85,220793
2021-06-16 10:08:32,1508.85,220793
2021-06-16 10:08:34,1509.3,220883
2021-06-16 10:08:34,1509.25,220971
2021-06-16 10:08:35,1509.25,221050
2021-06-16 10:08:36,1510.1,221103
2021-06-16 10:08:37,1510.2,221115
2021-06-16 10:08:39,1509.25,221237
2021-06-16 10:08:40,1509.4,221255
2021-06-16 10:08:41,1509.95,221284
2021-06-16 10:08:42,1510.1,221303
2021-06-16 10:08:42,1510.1,221303
2021-06-16 10:08:45,1510.15,221352
2021-06-16 10:08:46,1510.2,221383
2021-06-16 10:08:47,1510.25,221438
2021-06-16 10:08:48,1510.25,221450
2021-06-16 10:08:49,1509.3,221475
2021-06-16 10:08:51,1509.35,221505
2021-06-16 10:08:53,1509.35,221505
2021-06-16 10:08:54,1510.15,221506
2021-06-16 10:08:55,1509.85,221516
2021-06-16 10:08:55,1509.85,221516
2021-06-16 10:08:56,1509.35,221541
2021-06-16 10:08:58,1509.75,221583
2021-06-16 10:08:59,1509.75,221583
2021-06-16 10:09:00,1509.05,221833
2021-06-16 10:09:00,1509.1,221835
2021-06-16 10:09:01,1509.1,221874
2021-06-16 10:09:02,1509.1,221874
2021-06-16 10:09:04,1509.2,221875
2021-06-16 10:09:05,1509.75,221945
2021-06-16 10:09:06,1509.9,221951
2021-06-16 10:09:07,1510.2,221979
2021-06-16 10:09:08,1510.2,222017
2021-06-16 10:09:09,1509.75,222402
2021-06-16 10:09:10,1509.75,222402
2021-06-16 10:09:11,1509.7,222709
2021-06-16 10:09:12,1509.3,222761
2021-06-16 10:09:13,1509.45,222769
2021-06-16 10:09:14,1509.45,222769
2021-06-16 10:09:15,1509.8,222779
2021-06-16 10:09:16,1509.85,222780
2021-06-16 10:09:17,1509.85,222781
2021-06-16 10:09:18,1509.95,222794
2021-06-16 10:09:19,1510.25,222834
2021-06-16 10:09:20,1510.25,222834
2021-06-16 10:09:21,1510.0,222860
2021-06-16 10:09:22,1510.0,222868
2021-06-16 10:09:23,1510.0,222868
2021-06-16 10:09:24,1510.65,222885
2021-06-16 10:09:25,1510.0,222940
2021-06-16 10:09:27,1510.0,222952
2021-06-16 10:09:26,1510.0,222952
2021-06-16 10:09:29,1510.0,223042
2021-06-16 10:09:30,1510.5,223092
2021-06-16 10:09:31,1510.0,223203
2021-06-16 10:09:32,1509.65,223310
2021-06-16 10:09:33,1509.8,223350
2021-06-16 10:09:34,1509.8,223380
2021-06-16 10:09:35,1509.8,223380
2021-06-16 10:09:36,1509.85,223418
2021-06-16 10:09:37,1509.55,223482
2021-06-16 10:09:38,1509.9,223486
2021-06-16 10:09:39,1509.55,223656
2021-06-16 10:09:40,1509.55,223656
2021-06-16 10:09:41,1509.55,223656
2021-06-16 10:09:42,1509.1,223664
2021-06-16 10:09:43,1509.7,223704
2021-06-16 10:09:44,1509.7,223704
2021-06-16 10:09:45,1509.45,223705
2021-06-16 10:09:46,1509.45,223705
2021-06-16 10:09:48,1510.05,223710
2021-06-16 10:09:47,1509.7,223706
2021-06-16 10:09:49,1509.45,223825
2021-06-16 10:09:50,1509.45,223825
2021-06-16 10:09:51,1509.7,223829
2021-06-16 10:09:52,1509.85,223893
2021-06-16 10:09:53,1509.85,223894
2021-06-16 10:09:54,1509.85,223897
2021-06-16 10:09:55,1509.9,223947
2021-06-16 10:09:56,1509.9,223963
2021-06-16 10:09:57,1509.95,224035
2021-06-16 10:09:58,1510.1,224071
2021-06-16 10:09:59,1509.85,224140
2021-06-16 10:10:01,1509.45,224304
2021-06-16 10:10:02,1509.45,224954
2021-06-16 10:10:03,1509.45,224954
2021-06-16 10:10:04,1509.45,224954
2021-06-16 10:10:05,1509.45,224954
2021-06-16 10:10:06,1509.2,224970
2021-06-16 10:10:07,1509.45,224971
2021-06-16 10:10:08,1509.45,224985
2021-06-16 10:10:09,1509.45,224990
2021-06-16 10:10:10,1509.45,224992
2021-06-16 10:10:11,1509.45,225025
2021-06-16 10:10:13,1509.6,225026
2021-06-16 10:10:14,1509.6,225026
2021-06-16 10:10:15,1509.7,225027
2021-06-16 10:10:16,1509.7,225027
2021-06-16 10:10:17,1510.0,225077
2021-06-16 10:10:18,1510.0,225159
2021-06-16 10:10:19,1510.0,225186
2021-06-16 10:10:20,1510.0,225218
2021-06-16 10:10:21,1509.95,225248
2021-06-16 10:10:22,1510.0,225389
2021-06-16 10:10:23,1510.0,225389
2021-06-16 10:10:26,1510.05,226015
2021-06-16 10:10:25,1510.05,226015
2021-06-16 10:10:27,1510.05,226037
2021-06-16 10:10:28,1510.65,226125
2021-06-16 10:10:29,1510.75,226129
2021-06-16 10:10:30,1510.65,226139
2021-06-16 10:10:31,1510.75,226155
2021-06-16 10:10:32,1510.35,227031
2021-06-16 10:10:33,1510.95,227034
2021-06-16 10:10:34,1510.95,227034
2021-06-16 10:10:35,1510.5,227035
2021-06-16 10:10:36,1510.95,227166
2021-06-16 10:10:37,1510.95,227166
2021-06-16 10:10:38,1511.0,227203
2021-06-16 10:10:39,1510.65,227305
2021-06-16 10:10:40,1511.0,227307
2021-06-16 10:10:41,1510.65,227337
2021-06-16 10:10:42,1510.65,227337
2021-06-16 10:10:43,1511.0,227338
2021-06-16 10:10:45,1510.65,227582
2021-06-16 10:10:46,1511.0,227953
2021-06-16 10:10:47,1511.0,227953
2021-06-16 10:10:48,1511.0,227953
2021-06-16 10:10:49,1511.0,227953
2021-06-16 10:10:50,1510.85,227959
2021-06-16 10:10:51,1510.85,227969
2021-06-16 10:10:53,1510.95,227970
2021-06-16 10:10:54,1510.95,227970
2021-06-16 10:10:55,1511.0,228010
2021-06-16 10:10:56,1510.85,228011
2021-06-16 10:10:57,1511.0,228023
2021-06-16 10:10:59,1511.0,228023
2021-06-16 10:11:00,1511.0,228023
2021-06-16 10:11:04,1511.0,230575
2021-06-16 10:11:06,1510.8,230585
2021-06-16 10:11:07,1510.65,230876
2021-06-16 10:11:08,1510.55,230899
2021-06-16 10:11:09,1510.7,231418
2021-06-16 10:11:10,1510.65,231536
2021-06-16 10:11:11,1510.2,231545
2021-06-16 10:11:12,1510.95,231680
2021-06-16 10:11:13,1510.95,231687
2021-06-16 10:11:14,1510.95,231689
2021-06-16 10:11:15,1510.95,231690
2021-06-16 10:11:16,1510.95,231690
2021-06-16 10:11:17,1510.95,231702
2021-06-16 10:11:19,1510.95,231702
2021-06-16 10:11:20,1510.2,231708
2021-06-16 10:11:21,1510.95,231714
2021-06-16 10:11:22,1510.2,231723
2021-06-16 10:11:23,1510.8,231729
2021-06-16 10:11:24,1510.8,231737
2021-06-16 10:11:25,1510.8,231737
2021-06-16 10:11:26,1510.8,231738
2021-06-16 10:11:27,1510.8,231804
2021-06-16 10:11:29,1510.8,231804
2021-06-16 10:11:30,1510.8,231804
2021-06-16 10:11:30,1510.8,231804
2021-06-16 10:11:33,1510.5,231889
2021-06-16 10:11:33,1510.5,231889
2021-06-16 10:11:34,1510.5,231889
2021-06-16 10:11:35,1510.2,231897
2021-06-16 10:11:36,1510.5,231949
2021-06-16 10:11:37,1510.2,231962
2021-06-16 10:11:38,1510.2,231962
2021-06-16 10:11:39,1510.2,231962
2021-06-16 10:11:40,1510.2,231962
2021-06-16 10:11:41,1509.5,231970
2021-06-16 10:11:43,1509.75,231974
2021-06-16 10:11:44,1509.6,232109
2021-06-16 10:11:45,1509.6,232109
2021-06-16 10:11:45,1509.6,232109
2021-06-16 10:11:46,1509.7,232110
2021-06-16 10:11:47,1509.7,232212
2021-06-16 10:11:48,1509.7,232212
2021-06-16 10:11:49,1509.7,232212
2021-06-16 10:11:50,1509.8,232250
2021-06-16 10:11:51,1509.25,232313
2021-06-16 10:11:52,1509.75,232315
2021-06-16 10:11:53,1509.75,232315
2021-06-16 10:11:55,1509.7,232316
2021-06-16 10:11:55,1509.7,232319
2021-06-16 10:11:56,1509.7,232320
2021-06-16 10:11:57,1509.7,232321
2021-06-16 10:11:58,1509.7,232334
2021-06-16 10:11:59,1509.7,232338
2021-06-16 10:12:00,1509.7,232340
2021-06-16 10:12:01,1509.7,232342
2021-06-16 10:12:02,1509.65,232350
2021-06-16 10:12:03,1509.9,232352
2021-06-16 10:12:04,1509.45,232392
2021-06-16 10:12:05,1508.8,232399
2021-06-16 10:12:06,1508.8,232399
2021-06-16 10:12:07,1508.8,232399
2021-06-16 10:12:08,1508.8,232399
2021-06-16 10:12:09,1509.65,232403
2021-06-16 10:12:11,1510.05,232405
2021-06-16 10:12:11,1510.05,232405
2021-06-16 10:12:12,1509.55,232415
2021-06-16 10:12:13,1509.9,232419
2021-06-16 10:12:14,1509.55,232440
2021-06-16 10:12:15,1509.9,232443
2021-06-16 10:12:16,1509.8,232444
2021-06-16 10:12:18,1509.9,232445
2021-06-16 10:12:20,1509.85,232451
2021-06-16 10:12:21,1509.8,232465
2021-06-16 10:12:22,1509.65,232470
2021-06-16 10:12:23,1509.65,232470
2021-06-16 10:12:24,1509.65,232470
2021-06-16 10:12:25,1509.65,232470
2021-06-16 10:12:26,1509.95,232471
2021-06-16 10:12:27,1510.0,232485
2021-06-16 10:12:28,1509.95,232502
2021-06-16 10:12:29,1509.95,232517
