timestamp,ltp,volume
2021-06-16 09:15:50,17633.7,594
2021-06-16 09:15:51,17640.85,598
2021-06-16 09:15:52,17640.85,598
2021-06-16 09:15:53,17647.1,602
2021-06-16 09:15:54,17628.0,622
2021-06-16 09:15:55,17633.65,627
2021-06-16 09:15:56,17644.65,643
2021-06-16 09:15:57,17626.9,663
2021-06-16 09:15:58,17652.65,745
2021-06-16 09:15:59,17642.4,836
2021-06-16 09:16:00,17648.0,864
2021-06-16 09:16:01,17631.65,873
2021-06-16 09:16:02,17631.35,904
2021-06-16 09:16:03,17645.55,917
2021-06-16 09:16:04,17645.45,927
2021-06-16 09:16:05,17628.75,928
2021-06-16 09:16:06,17628.75,938
2021-06-16 09:16:07,17645.0,941
2021-06-16 09:16:08,17645.0,941
2021-06-16 09:16:09,17634.6,943
2021-06-16 09:16:10,17634.6,943
2021-06-16 09:16:11,17634.65,947
2021-06-16 09:16:12,17634.65,947
2021-06-16 09:16:13,17645.05,948
2021-06-16 09:16:14,17645.05,948
2021-06-16 09:16:15,17645.05,948
2021-06-16 09:16:16,17645.05,948
2021-06-16 09:16:17,17645.05,948
2021-06-16 09:16:18,17645.05,948
2021-06-16 09:16:19,17645.2,950
2021-06-16 09:16:20,17655.6,975
2021-06-16 09:16:21,17659.95,979
2021-06-16 09:16:22,17659.95,979
2021-06-16 09:16:23,17659.95,979
2021-06-16 09:16:24,17659.95,979
2021-06-16 09:16:25,17659.95,979
2021-06-16 09:16:26,17659.95,979
2021-06-16 09:16:27,17659.95,979
2021-06-16 09:16:28,17650.0,984
2021-06-16 09:16:29,17661.65,997
2021-06-16 09:16:30,17658.2,999
2021-06-16 09:16:31,17658.2,999
2021-06-16 09:16:32,17659.95,1001
2021-06-16 09:16:33,17659.95,1001
2021-06-16 09:16:34,17659.95,1001
2021-06-16 09:16:35,17660.25,1065
2021-06-16 09:16:36,17660.0,1099
2021-06-16 09:16:38,17656.3,1103
2021-06-16 09:16:40,17651.75,1109
2021-06-16 09:16:41,17654.3,1120
2021-06-16 09:16:42,17654.3,1120
2021-06-16 09:16:44,17676.95,1163
2021-06-16 09:16:46,17658.05,1174
2021-06-16 09:16:47,17658.05,1174
2021-06-16 09:16:48,17658.05,1174
2021-06-16 09:16:49,17658.05,1174
2021-06-16 09:16:50,17663.6,1178
2021-06-16 09:16:51,17663.6,1178
2021-06-16 09:16:52,17663.6,1178
2021-06-16 09:16:53,17663.6,1178
2021-06-16 09:16:54,17663.6,1178
2021-06-16 09:16:55,17669.4,1181
2021-06-16 09:16:57,17669.5,1185
2021-06-16 09:16:59,17669.5,1188
2021-06-16 09:17:00,17669.5,1188
2021-06-16 09:17:02,17671.95,1193
2021-06-16 09:17:03,17671.95,1193
2021-06-16 09:17:04,17674.0,1196
2021-06-16 09:17:05,17674.0,1199
2021-06-16 09:17:06,17674.0,1199
2021-06-16 09:17:08,17674.0,1199
2021-06-16 09:17:09,17674.0,1199
2021-06-16 09:17:10,17674.0,1199
2021-06-16 09:17:11,17674.0,1199
2021-06-16 09:17:12,17674.0,1199
2021-06-16 09:17:13,17674.0,1199
2021-06-16 09:17:15,17674.0,1199
2021-06-16 09:17:16,17674.0,1199
2021-06-16 09:17:19,17660.0,1204
2021-06-16 09:17:20,17660.0,1204
2021-06-16 09:17:21,17665.0,1224
2021-06-16 09:17:22,17665.0,1224
2021-06-16 09:17:23,17657.0,1229
2021-06-16 09:17:24,17657.0,1229
2021-06-16 09:17:25,17665.0,1232
2021-06-16 09:17:26,17665.0,1232
2021-06-16 09:17:27,17665.0,1232
2021-06-16 09:17:28,17665.0,1232
2021-06-16 09:17:29,17665.0,1232
2021-06-16 09:17:30,17665.0,1232
2021-06-16 09:17:31,17665.0,1232
2021-06-16 09:17:32,17665.0,1232
2021-06-16 09:17:33,17665.0,1232
2021-06-16 09:17:34,17665.0,1232
2021-06-16 09:17:36,17662.1,1251
2021-06-16 09:17:37,17662.1,1251
2021-06-16 09:17:38,17651.3,1256
2021-06-16 09:17:40,17651.25,1257
2021-06-16 09:17:41,17651.25,1257
2021-06-16 09:17:42,17651.25,1257
2021-06-16 09:17:43,17651.25,1257
2021-06-16 09:17:44,17651.25,1257
2021-06-16 09:17:45,17650.0,1258
2021-06-16 09:17:46,17650.0,1258
2021-06-16 09:17:47,17650.0,1258
2021-06-16 09:17:48,17650.1,1270
2021-06-16 09:17:49,17650.1,1281
2021-06-16 09:17:50,17650.1,1293
2021-06-16 09:17:51,17650.1,1293
2021-06-16 09:17:52,17650.1,1293
2021-06-16 09:17:53,17650.0,1294
2021-06-16 09:17:54,17650.0,1294
2021-06-16 09:17:55,17650.0,1294
2021-06-16 09:17:56,17650.1,1301
2021-06-16 09:17:57,17650.1,1301
2021-06-16 09:17:58,17650.3,1302
2021-06-16 09:17:59,17650.3,1302
2021-06-16 09:18:00,17651.25,1305
2021-06-16 09:18:01,17662.0,1307
2021-06-16 09:18:02,17662.0,1307
2021-06-16 09:18:03,17662.0,1307
2021-06-16 09:18:06,17650.35,1322
2021-06-16 09:18:07,17650.35,1322
2021-06-16 09:18:08,17650.35,1322
2021-06-16 09:18:09,17656.75,1324
2021-06-16 09:18:10,17662.0,1341
2021-06-16 09:18:12,17662.55,1343
2021-06-16 09:18:13,17662.55,1343
2021-06-16 09:18:15,17662.55,1345
2021-06-16 09:18:17,17662.55,1345
2021-06-16 09:18:18,17662.55,1345
2021-06-16 09:18:19,17662.55,1345
2021-06-16 09:18:20,17661.65,1350
2021-06-16 09:18:21,17667.95,1359
2021-06-16 09:18:22,17667.95,1359
2021-06-16 09:18:23,17667.95,1359
2021-06-16 09:18:24,17667.95,1359
2021-06-16 09:18:25,17666.9,1364
2021-06-16 09:18:26,17666.9,1364
2021-06-16 09:18:28,17666.9,1364
2021-06-16 09:18:30,17666.95,1365
2021-06-16 09:18:32,17666.95,1365
2021-06-16 09:18:33,17662.0,1367
2021-06-16 09:18:34,17662.0,1367
2021-06-16 09:18:35,17662.0,1367
2021-06-16 09:18:36,17668.3,1369
2021-06-16 09:18:37,17668.3,1369
2021-06-16 09:18:38,17668.3,1369
2021-06-16 09:18:39,17662.25,1374
2021-06-16 09:18:40,17662.2,1375
2021-06-16 09:18:41,17662.2,1375
2021-06-16 09:18:42,17662.2,1375
2021-06-16 09:18:43,17669.45,1378
2021-06-16 09:18:44,17669.45,1378
2021-06-16 09:18:46,17669.45,1378
2021-06-16 09:18:47,17667.65,1379
2021-06-16 09:18:48,17662.0,1389
2021-06-16 09:18:49,17662.0,1391
2021-06-16 09:18:50,17661.95,1394
2021-06-16 09:18:51,17661.95,1394
2021-06-16 09:18:52,17661.95,1395
2021-06-16 09:18:53,17661.95,1395
2021-06-16 09:18:54,17661.65,1397
2021-06-16 09:18:55,17661.95,1399
2021-06-16 09:18:56,17661.95,1399
2021-06-16 09:18:57,17661.95,1401
2021-06-16 09:18:58,17661.95,1401
2021-06-16 09:18:59,17661.0,1402
2021-06-16 09:19:00,17661.0,1403
2021-06-16 09:19:01,17661.9,1405
2021-06-16 09:19:02,17661.9,1405
2021-06-16 09:19:03,17661.9,1405
2021-06-16 09:19:05,17661.95,1409
2021-06-16 09:19:04,17661.9,1405
2021-06-16 09:19:06,17661.95,1409
2021-06-16 09:19:07,17661.95,1409
2021-06-16 09:19:08,17661.95,1409
2021-06-16 09:19:09,17661.95,1409
2021-06-16 09:19:10,17668.6,1411
2021-06-16 09:19:11,17668.55,1412
2021-06-16 09:19:12,17668.55,1412
2021-06-16 09:19:13,17668.55,1412
2021-06-16 09:19:14,17668.55,1412
2021-06-16 09:19:15,17668.55,1412
2021-06-16 09:19:16,17668.55,1412
2021-06-16 09:19:17,17668.55,1412
2021-06-16 09:19:18,17668.55,1412
2021-06-16 09:19:19,17668.55,1412
2021-06-16 09:19:20,17668.35,1416
2021-06-16 09:19:22,17668.35,1416
2021-06-16 09:19:23,17668.35,1416
2021-06-16 09:19:24,17668.35,1416
2021-06-16 09:19:25,17661.0,1418
2021-06-16 09:19:26,17668.35,1422
2021-06-16 09:19:27,17668.35,1424
2021-06-16 09:19:28,17668.35,1424
2021-06-16 09:19:29,17668.35,1424
2021-06-16 09:19:30,17668.35,1424
2021-06-16 09:19:31,17668.3,1446
2021-06-16 09:19:32,17668.3,1446
2021-06-16 09:19:33,17668.3,1446
2021-06-16 09:19:34,17668.3,1446
2021-06-16 09:19:35,17668.3,1446
2021-06-16 09:19:36,17660.0,1477
2021-06-16 09:19:37,17654.35,1482
2021-06-16 09:19:38,17652.1,1484
2021-06-16 09:19:39,17652.1,1484
2021-06-16 09:19:40,17657.05,1487
2021-06-16 09:19:41,17657.05,1488
2021-06-16 09:19:42,17650.3,1503
2021-06-16 09:19:43,17650.3,1511
2021-06-16 09:19:44,17650.3,1513
2021-06-16 09:19:46,17650.3,1513
2021-06-16 09:19:46,17650.3,1513
2021-06-16 09:19:47,17650.3,1513
2021-06-16 09:19:48,17650.3,1513
2021-06-16 09:19:49,17650.3,1513
2021-06-16 09:19:51,17656.5,1527
2021-06-16 09:19:51,17656.5,1531
2021-06-16 09:19:53,17656.5,1531
2021-06-16 09:19:54,17656.5,1531
2021-06-16 09:19:55,17656.5,1531
2021-06-16 09:19:57,17656.5,1531
2021-06-16 09:19:58,17656.5,1531
2021-06-16 09:19:59,17656.5,1531
2021-06-16 09:20:00,17656.5,1531
2021-06-16 09:20:01,17649.6,1758
2021-06-16 09:20:02,17645.75,1868
2021-06-16 09:20:03,17650.2,1886
2021-06-16 09:20:04,17644.0,1888
2021-06-16 09:20:05,17644.0,1906
2021-06-16 09:20:06,17646.4,1911
2021-06-16 09:20:07,17644.0,1920
2021-06-16 09:20:08,17644.0,1925
2021-06-16 09:20:09,17644.0,1926
2021-06-16 09:20:10,17644.0,1926
2021-06-16 09:20:11,17644.0,1926
2021-06-16 09:20:12,17644.0,1926
2021-06-16 09:20:13,17644.0,1927
2021-06-16 09:20:15,17644.0,1927
2021-06-16 09:20:15,17644.0,1927
2021-06-16 09:20:16,17644.0,1927
2021-06-16 09:20:17,17644.95,1939
2021-06-16 09:20:18,17644.95,1939
2021-06-16 09:20:19,17644.95,1939
2021-06-16 09:20:20,17645.0,1947
2021-06-16 09:20:21,17653.35,2033
2021-06-16 09:20:22,17653.35,2033
2021-06-16 09:20:24,17653.35,2033
2021-06-16 09:20:24,17653.35,2033
2021-06-16 09:20:25,17652.1,2056
2021-06-16 09:20:27,17651.35,2058
2021-06-16 09:20:28,17651.35,2058
2021-06-16 09:20:29,17656.5,2068
2021-06-16 09:20:31,17651.35,2120
2021-06-16 09:20:32,17651.3,2130
2021-06-16 09:20:33,17651.3,2137
2021-06-16 09:20:34,17651.3,2137
2021-06-16 09:20:35,17651.35,2149
2021-06-16 09:20:37,17651.35,2149
2021-06-16 09:20:38,17651.35,2149
2021-06-16 09:20:39,17651.35,2149
2021-06-16 09:20:40,17650.7,2156
2021-06-16 09:20:41,17650.7,2156
2021-06-16 09:20:42,17650.7,2156
2021-06-16 09:20:43,17644.0,2160
2021-06-16 09:20:43,17644.95,2158
2021-06-16 09:20:44,17644.0,2160
2021-06-16 09:20:45,17644.0,2162
2021-06-16 09:20:46,17644.0,2162
2021-06-16 09:20:47,17644.0,2162
2021-06-16 09:20:48,17644.0,2168
2021-06-16 09:20:49,17649.7,2169
2021-06-16 09:20:50,17649.7,2170
2021-06-16 09:20:51,17644.0,2205
2021-06-16 09:20:52,17644.0,2205
2021-06-16 09:20:53,17644.0,2205
2021-06-16 09:20:55,17649.65,2206
2021-06-16 09:20:56,17649.65,2206
2021-06-16 09:20:57,17649.65,2209
2021-06-16 09:21:00,17649.65,2209
2021-06-16 09:21:01,17649.65,2209
2021-06-16 09:21:03,17644.0,2224
2021-06-16 09:21:04,17644.0,2224
2021-06-16 09:21:05,17644.0,2239
2021-06-16 09:21:05,17649.55,2227
2021-06-16 09:21:06,17644.0,2239
2021-06-16 09:21:07,17644.0,2239
2021-06-16 09:21:08,17644.0,2239
2021-06-16 09:21:09,17644.0,2239
2021-06-16 09:21:10,17644.0,2240
2021-06-16 09:21:11,17644.0,2240
2021-06-16 09:21:13,17644.0,2240
2021-06-16 09:21:14,17644.0,2241
2021-06-16 09:21:15,17644.0,2241
2021-06-16 09:21:16,17644.0,2241
2021-06-16 09:21:16,17644.0,2241
2021-06-16 09:21:17,17644.0,2241
2021-06-16 09:21:18,17644.0,2245
2021-06-16 09:21:19,17649.75,2251
2021-06-16 09:21:20,17649.75,2257
2021-06-16 09:21:22,17649.75,2257
2021-06-16 09:21:22,17649.75,2257
2021-06-16 09:21:23,17649.75,2257
2021-06-16 09:21:25,17649.75,2262
2021-06-16 09:21:26,17649.7,2264
2021-06-16 09:21:26,17649.7,2264
2021-06-16 09:21:28,17644.0,2265
2021-06-16 09:21:30,17644.0,2265
2021-06-16 09:21:31,17644.0,2268
2021-06-16 09:21:32,17644.0,2268
2021-06-16 09:21:32,17644.0,2268
2021-06-16 09:21:33,17642.0,2294
2021-06-16 09:21:34,17642.0,2294
2021-06-16 09:21:35,17642.0,2294
2021-06-16 09:21:36,17644.8,2308
2021-06-16 09:21:37,17645.0,2310
2021-06-16 09:21:38,17645.0,2318
2021-06-16 09:21:40,17645.0,2318
2021-06-16 09:21:41,17645.0,2319
2021-06-16 09:21:42,17645.0,2319
2021-06-16 09:21:43,17645.0,2319
2021-06-16 09:21:44,17645.0,2319
2021-06-16 09:21:45,17645.0,2319
2021-06-16 09:21:46,17645.0,2319
2021-06-16 09:21:46,17645.0,2319
2021-06-16 09:21:47,17648.85,2320
2021-06-16 09:21:48,17648.85,2322
2021-06-16 09:21:49,17648.85,2322
2021-06-16 09:21:51,17648.95,2333
2021-06-16 09:21:54,17647.9,2334
2021-06-16 09:21:55,17647.9,2334
2021-06-16 09:21:56,17647.9,2334
2021-06-16 09:21:57,17647.9,2334
2021-06-16 09:21:57,17647.9,2334
2021-06-16 09:21:58,17647.9,2334
2021-06-16 09:21:59,17647.9,2334
2021-06-16 09:22:00,17647.9,2341
2021-06-16 09:22:01,17647.75,2344
2021-06-16 09:22:02,17647.75,2344
2021-06-16 09:22:04,17647.35,2476
2021-06-16 09:22:04,17643.25,2492
2021-06-16 09:22:05,17642.35,2495
2021-06-16 09:22:06,17642.35,2495
2021-06-16 09:22:07,17642.3,2500
2021-06-16 09:22:08,17642.05,2505
2021-06-16 09:22:09,17642.05,2505
2021-06-16 09:22:10,17642.05,2505
2021-06-16 09:22:12,17642.05,2505
2021-06-16 09:22:12,17642.05,2509
2021-06-16 09:22:13,17642.0,2547
2021-06-16 09:22:14,17642.0,2556
2021-06-16 09:22:15,17642.0,2556
2021-06-16 09:22:16,17642.0,2577
2021-06-16 09:22:17,17642.3,2578
2021-06-16 09:22:18,17642.3,2583
2021-06-16 09:22:19,17642.3,2583
2021-06-16 09:22:20,17642.4,2605
2021-06-16 09:22:21,17642.4,2605
2021-06-16 09:22:22,17642.4,2605
2021-06-16 09:22:23,17642.4,2606
2021-06-16 09:22:24,17642.4,2606
2021-06-16 09:22:25,17642.0,2639
2021-06-16 09:22:26,17647.6,2641
2021-06-16 09:22:27,17647.6,2641
2021-06-16 09:22:28,17647.6,2641
2021-06-16 09:22:30,17636.0,2912
2021-06-16 09:22:31,17636.0,2922
2021-06-16 09:22:32,17636.0,2931
2021-06-16 09:22:34,17636.0,2933
2021-06-16 09:22:34,17636.0,2944
2021-06-16 09:22:35,17637.95,3022
2021-06-16 09:22:39,17634.0,3031
2021-06-16 09:22:40,17634.0,3031
2021-06-16 09:22:41,17637.75,3046
2021-06-16 09:22:42,17637.75,3046
2021-06-16 09:22:43,17637.75,3046
2021-06-16 09:22:44,17637.75,3046
2021-06-16 09:22:44,17637.75,3046
2021-06-16 09:22:45,17637.85,3071
2021-06-16 09:22:46,17637.85,3071
2021-06-16 09:22:47,17637.85,3071
2021-06-16 09:22:48,17634.0,3074
2021-06-16 09:22:50,17634.0,3076
2021-06-16 09:22:50,17637.95,3103
2021-06-16 09:22:52,17637.95,3103
2021-06-16 09:22:52,17637.95,3103
2021-06-16 09:22:54,17637.95,3105
2021-06-16 09:22:55,17637.95,3105
2021-06-16 09:22:56,17642.8,3114
2021-06-16 09:22:57,17642.8,3114
2021-06-16 09:22:58,17642.8,3114
2021-06-16 09:22:58,17642.8,3114
2021-06-16 09:23:00,17642.8,3114
2021-06-16 09:23:01,17642.8,3114
2021-06-16 09:23:02,17642.8,3114
2021-06-16 09:23:03,17642.8,3114
2021-06-16 09:23:04,17641.2,3116
2021-06-16 09:23:05,17641.45,3122
2021-06-16 09:23:07,17641.45,3122
2021-06-16 09:23:08,17641.5,3123
2021-06-16 09:23:10,17641.5,3131
2021-06-16 09:23:11,17640.6,3133
2021-06-16 09:23:12,17640.7,3134
2021-06-16 09:23:14,17640.7,3134
2021-06-16 09:23:15,17640.7,3134
2021-06-16 09:23:17,17640.7,3134
2021-06-16 09:23:18,17640.7,3134
2021-06-16 09:23:19,17642.3,3135
2021-06-16 09:23:20,17642.3,3135
2021-06-16 09:23:21,17642.35,3137
2021-06-16 09:23:22,17642.35,3137
2021-06-16 09:23:23,17642.35,3137
2021-06-16 09:23:24,17642.35,3137
2021-06-16 09:23:25,17646.05,3138
2021-06-16 09:23:26,17645.75,3140
2021-06-16 09:23:27,17645.75,3140
2021-06-16 09:23:29,17645.75,3140
2021-06-16 09:23:28,17645.75,3140
2021-06-16 09:23:29,17645.75,3140
2021-06-16 09:23:31,17645.75,3140
2021-06-16 09:23:32,17645.75,3140
2021-06-16 09:23:33,17645.75,3140
2021-06-16 09:23:34,17645.75,3140
2021-06-16 09:23:34,17635.0,3141
2021-06-16 09:23:35,17634.0,3187
2021-06-16 09:23:36,17634.0,3187
2021-06-16 09:23:37,17634.0,3187
2021-06-16 09:23:39,17634.0,3187
2021-06-16 09:23:40,17634.0,3187
2021-06-16 09:23:41,17634.0,3189
2021-06-16 09:23:42,17634.0,3189
2021-06-16 09:23:45,17634.0,3189
2021-06-16 09:23:46,17634.0,3189
2021-06-16 09:23:47,17634.05,3191
2021-06-16 09:23:48,17634.0,3213
2021-06-16 09:23:48,17634.0,3202
2021-06-16 09:23:49,17634.0,3213
2021-06-16 09:23:50,17634.0,3251
2021-06-16 09:23:51,17632.0,3253
2021-06-16 09:23:52,17632.0,3253
2021-06-16 09:23:53,17633.95,3263
2021-06-16 09:23:54,17633.95,3263
2021-06-16 09:23:55,17632.0,3264
2021-06-16 09:23:56,17632.0,3264
2021-06-16 09:23:57,17632.0,3264
2021-06-16 09:23:58,17632.0,3264
2021-06-16 09:23:59,17632.0,3264
2021-06-16 09:24:01,17632.0,3265
2021-06-16 09:24:02,17632.0,3265
2021-06-16 09:24:03,17632.0,3267
2021-06-16 09:24:04,17632.0,3269
2021-06-16 09:24:05,17633.85,3305
2021-06-16 09:24:06,17632.0,3307
2021-06-16 09:24:07,17633.85,3308
2021-06-16 09:24:08,17632.0,3378
2021-06-16 09:24:09,17630.0,3483
2021-06-16 09:24:10,17628.0,3510
2021-06-16 09:24:10,17628.0,3510
2021-06-16 09:24:12,17628.0,3510
2021-06-16 09:24:12,17628.0,3516
2021-06-16 09:24:13,17628.0,3541
2021-06-16 09:24:14,17628.0,3552
2021-06-16 09:24:15,17628.0,3553
2021-06-16 09:24:16,17628.0,3553
2021-06-16 09:24:17,17628.0,3554
2021-06-16 09:24:19,17628.0,3554
2021-06-16 09:24:21,17629.95,3627
2021-06-16 09:24:21,17629.95,3627
2021-06-16 09:24:22,17629.95,3627
2021-06-16 09:24:24,17629.95,3627
2021-06-16 09:24:25,17633.7,3631
2021-06-16 09:24:26,17633.7,3631
2021-06-16 09:24:27,17633.7,3631
2021-06-16 09:24:28,17633.7,3631
2021-06-16 09:24:30,17633.7,3631
2021-06-16 09:24:30,17633.7,3631
2021-06-16 09:24:32,17633.7,3631
2021-06-16 09:24:33,17629.85,3637
2021-06-16 09:24:35,17633.7,3639
2021-06-16 09:24:36,17633.8,3640
2021-06-16 09:24:37,17633.8,3640
2021-06-16 09:24:37,17633.8,3640
2021-06-16 09:24:39,17633.8,3640
2021-06-16 09:24:40,17640.5,3645
2021-06-16 09:24:40,17640.5,3645
2021-06-16 09:24:41,17640.5,3647
2021-06-16 09:24:43,17640.5,3648
2021-06-16 09:24:43,17640.5,3648
2021-06-16 09:24:44,17640.5,3648
2021-06-16 09:24:46,17640.45,3659
2021-06-16 09:24:47,17640.45,3659
2021-06-16 09:24:48,17640.45,3659
2021-06-16 09:24:49,17640.45,3659
2021-06-16 09:24:50,17646.75,3661
2021-06-16 09:24:51,17646.75,3661
2021-06-16 09:24:52,17646.75,3661
2021-06-16 09:24:53,17646.75,3661
2021-06-16 09:24:53,17646.75,3661
2021-06-16 09:24:54,17646.75,3661
2021-06-16 09:24:56,17643.7,3663
2021-06-16 09:24:58,17643.7,3663
2021-06-16 09:25:00,17637.65,3665
2021-06-16 09:25:01,17637.65,3665
2021-06-16 09:25:02,17637.65,3665
2021-06-16 09:25:03,17637.65,3665
2021-06-16 09:25:04,17637.65,3665
2021-06-16 09:25:05,17637.65,3665
2021-06-16 09:25:06,17637.7,3668
2021-06-16 09:25:07,17643.5,3670
2021-06-16 09:25:08,17643.5,3670
2021-06-16 09:25:09,17643.5,3670
2021-06-16 09:25:10,17643.3,3672
2021-06-16 09:25:11,17643.3,3672
2021-06-16 09:25:11,17643.3,3672
2021-06-16 09:25:13,17643.3,3672
2021-06-16 09:25:15,17632.0,3682
2021-06-16 09:25:15,17632.0,3682
2021-06-16 09:25:16,17631.95,3683
2021-06-16 09:25:18,17629.85,3684
2021-06-16 09:25:19,17629.85,3684
2021-06-16 09:25:20,17629.85,3685
2021-06-16 09:25:20,17629.85,3685
2021-06-16 09:25:21,17629.85,3685
2021-06-16 09:25:23,17629.85,3686
2021-06-16 09:25:23,17629.85,3686
2021-06-16 09:25:25,17629.85,3686
2021-06-16 09:25:26,17636.35,3687
2021-06-16 09:25:29,17636.35,3687
2021-06-16 09:25:30,17636.4,3690
2021-06-16 09:25:31,17636.45,3691
2021-06-16 09:25:32,17636.45,3691
2021-06-16 09:25:33,17636.45,3691
2021-06-16 09:25:34,17636.45,3691
2021-06-16 09:25:35,17636.45,3691
2021-06-16 09:25:37,17636.35,3697
2021-06-16 09:25:38,17628.0,3745
2021-06-16 09:25:39,17628.0,3745
2021-06-16 09:25:40,17629.85,3764
2021-06-16 09:25:41,17629.85,3764
2021-06-16 09:25:42,17629.85,3764
2021-06-16 09:25:43,17629.85,3764
2021-06-16 09:25:44,17645.9,3769
2021-06-16 09:25:45,17645.9,3769
2021-06-16 09:25:46,17645.9,3769
2021-06-16 09:25:48,17645.9,3769
2021-06-16 09:25:49,17645.9,3769
2021-06-16 09:25:50,17635.0,3773
2021-06-16 09:25:51,17642.95,3774
2021-06-16 09:25:52,17642.95,3774
2021-06-16 09:25:53,17642.95,3774
2021-06-16 09:25:54,17642.95,3774
2021-06-16 09:25:56,17643.05,3786
2021-06-16 09:25:58,17635.1,3789
2021-06-16 09:25:59,17632.4,3790
2021-06-16 09:26:01,17632.35,3791
2021-06-16 09:26:04,17632.35,3791
2021-06-16 09:26:05,17632.35,3791
2021-06-16 09:26:06,17643.2,3794
2021-06-16 09:26:07,17643.25,3796
2021-06-16 09:26:09,17643.25,3796
2021-06-16 09:26:10,17643.25,3796
2021-06-16 09:26:11,17643.25,3796
2021-06-16 09:26:12,17643.25,3796
2021-06-16 09:26:14,17646.05,3797
2021-06-16 09:26:16,17646.05,3797
2021-06-16 09:26:17,17646.05,3797
2021-06-16 09:26:18,17646.05,3797
2021-06-16 09:26:19,17646.05,3797
2021-06-16 09:26:20,17635.65,3799
2021-06-16 09:26:21,17635.65,3799
2021-06-16 09:26:22,17635.1,3810
2021-06-16 09:26:23,17635.1,3810
2021-06-16 09:26:24,17635.1,3810
2021-06-16 09:26:25,17635.1,3810
2021-06-16 09:26:26,17635.1,3810
2021-06-16 09:26:27,17635.1,3810
2021-06-16 09:26:28,17636.0,3814
2021-06-16 09:26:28,17636.0,3814
2021-06-16 09:26:30,17643.7,3815
2021-06-16 09:26:33,17643.7,3815
2021-06-16 09:26:36,17646.1,3819
2021-06-16 09:26:37,17646.1,3819
2021-06-16 09:26:38,17646.1,3819
2021-06-16 09:26:39,17640.0,3820
2021-06-16 09:26:40,17639.95,3822
2021-06-16 09:26:41,17639.95,3822
2021-06-16 09:26:44,17639.95,3822
2021-06-16 09:26:46,17648.8,3834
2021-06-16 09:26:47,17650.95,3851
2021-06-16 09:26:48,17650.95,3851
2021-06-16 09:26:49,17650.5,3852
2021-06-16 09:26:50,17650.95,3856
2021-06-16 09:26:51,17650.95,3856
2021-06-16 09:26:51,17650.95,3856
2021-06-16 09:26:54,17650.0,3857
2021-06-16 09:26:55,17650.0,3857
2021-06-16 09:26:56,17650.0,3857
2021-06-16 09:26:58,17650.0,3857
2021-06-16 09:27:00,17650.0,3857
2021-06-16 09:27:01,17650.0,3857
2021-06-16 09:27:02,17650.0,3857
2021-06-16 09:27:03,17650.0,3857
2021-06-16 09:27:04,17650.0,3857
2021-06-16 09:27:05,17648.05,3867
2021-06-16 09:27:06,17648.05,3867
2021-06-16 09:27:07,17648.05,3867
2021-06-16 09:27:08,17648.05,3867
2021-06-16 09:27:09,17648.05,3867
2021-06-16 09:27:10,17648.05,3867
2021-06-16 09:27:11,17648.05,3867
2021-06-16 09:27:13,17648.05,3867
2021-06-16 09:27:14,17648.05,3867
2021-06-16 09:27:15,17648.05,3867
2021-06-16 09:27:16,17641.0,3870
2021-06-16 09:27:17,17641.0,3870
2021-06-16 09:27:18,17641.0,3874
2021-06-16 09:27:19,17641.0,3874
2021-06-16 09:27:20,17641.0,3874
2021-06-16 09:27:22,17650.8,3877
2021-06-16 09:27:23,17650.4,3878
2021-06-16 09:27:24,17650.4,3878
2021-06-16 09:27:25,17650.85,3879
2021-06-16 09:27:26,17650.85,3879
2021-06-16 09:27:28,17650.85,3879
2021-06-16 09:27:29,17650.85,3879
2021-06-16 09:27:30,17650.85,3879
2021-06-16 09:27:31,17650.85,3879
2021-06-16 09:27:32,17650.85,3879
2021-06-16 09:27:33,17650.85,3879
2021-06-16 09:27:34,17641.0,3882
2021-06-16 09:27:35,17650.9,3911
2021-06-16 09:27:36,17650.9,3911
2021-06-16 09:27:38,17650.9,3911
2021-06-16 09:27:40,17650.9,3911
2021-06-16 09:27:41,17650.95,3936
2021-06-16 09:27:42,17650.95,3936
2021-06-16 09:27:44,17650.95,3936
2021-06-16 09:27:45,17650.95,3936
2021-06-16 09:27:47,17650.95,3936
2021-06-16 09:27:48,17650.95,3936
2021-06-16 09:27:49,17650.95,3936
2021-06-16 09:27:50,17649.95,3948
2021-06-16 09:27:51,17649.95,3948
2021-06-16 09:27:54,17649.95,3948
2021-06-16 09:27:53,17649.95,3948
2021-06-16 09:27:56,17650.0,3950
2021-06-16 09:27:57,17650.0,3950
2021-06-16 09:27:58,17650.0,3950
2021-06-16 09:27:59,17650.0,3950
2021-06-16 09:28:00,17650.0,3950
2021-06-16 09:28:01,17650.0,3950
2021-06-16 09:28:03,17650.0,3950
2021-06-16 09:28:04,17650.0,3950
2021-06-16 09:28:05,17650.0,3954
2021-06-16 09:28:06,17649.9,3958
2021-06-16 09:28:07,17649.9,3958
2021-06-16 09:28:08,17641.0,3960
2021-06-16 09:28:09,17641.0,3960
2021-06-16 09:28:10,17636.85,3962
2021-06-16 09:28:12,17636.85,3962
2021-06-16 09:28:13,17649.9,3963
2021-06-16 09:28:14,17649.9,3963
2021-06-16 09:28:15,17649.9,3963
2021-06-16 09:28:16,17649.9,3963
2021-06-16 09:28:17,17649.85,3964
2021-06-16 09:28:19,17649.85,3964
2021-06-16 09:28:22,17649.75,3967
2021-06-16 09:28:24,17649.75,3967
2021-06-16 09:28:25,17638.45,3968
2021-06-16 09:28:26,17638.45,3968
2021-06-16 09:28:27,17638.45,3968
2021-06-16 09:28:28,17638.45,3968
2021-06-16 09:28:30,17649.1,3970
2021-06-16 09:28:31,17649.1,3970
2021-06-16 09:28:32,17645.6,4022
2021-06-16 09:28:33,17645.6,4022
2021-06-16 09:28:34,17645.6,4022
2021-06-16 09:28:35,17645.6,4022
2021-06-16 09:28:36,17648.0,4023
2021-06-16 09:28:37,17648.0,4023
2021-06-16 09:28:38,17648.0,4023
2021-06-16 09:28:39,17648.0,4023
2021-06-16 09:28:40,17648.0,4023
2021-06-16 09:28:41,17648.0,4023
2021-06-16 09:28:42,17648.0,4023
2021-06-16 09:28:43,17648.0,4023
2021-06-16 09:28:44,17648.0,4023
2021-06-16 09:28:45,17642.9,4024
2021-06-16 09:28:46,17642.9,4024
2021-06-16 09:28:47,17642.9,4024
2021-06-16 09:28:48,17642.9,4024
2021-06-16 09:28:49,17642.9,4024
2021-06-16 09:28:50,17648.0,4028
2021-06-16 09:28:51,17648.0,4028
2021-06-16 09:28:53,17648.0,4028
2021-06-16 09:28:55,17650.95,4034
2021-06-16 09:28:56,17650.95,4034
2021-06-16 09:28:57,17650.95,4034
2021-06-16 09:28:58,17650.95,4034
2021-06-16 09:29:00,17650.95,4034
2021-06-16 09:29:01,17661.15,4036
2021-06-16 09:29:02,17661.15,4036
2021-06-16 09:29:03,17649.9,4040
2021-06-16 09:29:04,17649.9,4040
2021-06-16 09:29:06,17649.9,4040
2021-06-16 09:29:07,17649.9,4040
2021-06-16 09:29:08,17649.6,4044
2021-06-16 09:29:10,17649.6,4044
2021-06-16 09:29:11,17660.35,4045
2021-06-16 09:29:12,17660.35,4045
2021-06-16 09:29:13,17660.35,4045
2021-06-16 09:29:14,17654.05,4046
2021-06-16 09:29:15,17654.05,4046
2021-06-16 09:29:16,17654.05,4046
2021-06-16 09:29:17,17654.05,4046
2021-06-16 09:29:18,17654.05,4046
2021-06-16 09:29:19,17667.25,4076
2021-06-16 09:29:20,17666.35,4079
2021-06-16 09:29:22,17666.35,4079
2021-06-16 09:29:25,17666.35,4079
2021-06-16 09:29:27,17659.2,4080
2021-06-16 09:29:29,17659.2,4080
2021-06-16 09:29:30,17659.2,4080
2021-06-16 09:29:29,17659.2,4080
2021-06-16 09:29:31,17659.2,4080
2021-06-16 09:29:32,17655.45,4081
2021-06-16 09:29:33,17655.45,4081
2021-06-16 09:29:34,17655.45,4081
2021-06-16 09:29:35,17667.05,4088
2021-06-16 09:29:36,17667.05,4090
2021-06-16 09:29:39,17667.05,4090
2021-06-16 09:29:39,17667.05,4090
2021-06-16 09:29:41,17653.9,4093
2021-06-16 09:29:41,17653.9,4093
2021-06-16 09:29:43,17653.9,4093
2021-06-16 09:29:43,17653.9,4093
2021-06-16 09:29:44,17653.9,4093
2021-06-16 09:29:46,17653.9,4093
2021-06-16 09:29:47,17653.9,4093
2021-06-16 09:29:47,17654.8,4094
2021-06-16 09:29:48,17654.8,4094
2021-06-16 09:29:49,17654.8,4094
2021-06-16 09:29:50,17666.0,4097
2021-06-16 09:29:51,17666.0,4097
2021-06-16 09:29:52,17655.25,4099
2021-06-16 09:29:56,17664.3,4100
2021-06-16 09:29:58,17653.25,4101
2021-06-16 09:29:58,17653.25,4101
2021-06-16 09:29:59,17653.25,4101
2021-06-16 09:30:01,17655.25,4102
2021-06-16 09:30:02,17655.25,4102
2021-06-16 09:30:03,17655.25,4102
2021-06-16 09:30:04,17655.25,4102
2021-06-16 09:30:05,17664.75,4104
2021-06-16 09:30:06,17664.75,4104
2021-06-16 09:30:07,17664.75,4104
2021-06-16 09:30:08,17664.75,4104
2021-06-16 09:30:09,17664.75,4104
2021-06-16 09:30:10,17664.75,4104
2021-06-16 09:30:11,17664.0,4110
2021-06-16 09:30:13,17654.8,4114
2021-06-16 09:30:12,17654.8,4114
2021-06-16 09:30:14,17654.8,4114
2021-06-16 09:30:15,17654.8,4114
2021-06-16 09:30:16,17667.85,4124
2021-06-16 09:30:17,17667.85,4124
2021-06-16 09:30:18,17667.85,4124
2021-06-16 09:30:19,17667.85,4124
2021-06-16 09:30:20,17668.0,4129
2021-06-16 09:30:21,17668.0,4129
2021-06-16 09:30:23,17668.0,4129
2021-06-16 09:30:23,17668.0,4129
2021-06-16 09:30:24,17668.0,4129
2021-06-16 09:30:25,17668.0,4129
2021-06-16 09:30:26,17668.0,4151
2021-06-16 09:30:27,17668.0,4151
2021-06-16 09:30:32,17658.05,4155
2021-06-16 09:30:32,17658.05,4155
2021-06-16 09:30:35,17667.15,4158
2021-06-16 09:30:35,17658.05,4155
2021-06-16 09:30:36,17667.15,4158
2021-06-16 09:30:38,17667.15,4158
2021-06-16 09:30:39,17667.15,4158
2021-06-16 09:30:41,17668.0,4163
2021-06-16 09:30:42,17668.0,4163
2021-06-16 09:30:42,17668.0,4163
2021-06-16 09:30:43,17668.0,4163
2021-06-16 09:30:46,17668.0,4164
2021-06-16 09:30:48,17668.0,4164
2021-06-16 09:30:48,17668.0,4164
2021-06-16 09:30:49,17668.0,4164
2021-06-16 09:30:51,17668.0,4166
2021-06-16 09:30:51,17675.0,4246
2021-06-16 09:30:52,17675.0,4246
2021-06-16 09:30:53,17675.0,4246
2021-06-16 09:30:54,17675.0,4246
2021-06-16 09:30:56,17675.0,4246
2021-06-16 09:30:58,17675.0,4246
2021-06-16 09:30:58,17675.0,4246
2021-06-16 09:30:59,17675.0,4246
2021-06-16 09:31:01,17677.25,4247
2021-06-16 09:31:01,17677.25,4247
2021-06-16 09:31:02,17677.25,4247
2021-06-16 09:31:03,17677.25,4247
2021-06-16 09:31:05,17677.25,4247
2021-06-16 09:31:06,17677.25,4247
2021-06-16 09:31:07,17677.25,4247
2021-06-16 09:31:08,17677.25,4247
2021-06-16 09:31:09,17684.0,4250
2021-06-16 09:31:10,17684.0,4250
2021-06-16 09:31:11,17684.0,4250
2021-06-16 09:31:13,17695.45,4277
2021-06-16 09:31:14,17696.1,4278
2021-06-16 09:31:15,17696.1,4278
2021-06-16 09:31:16,17685.65,4281
2021-06-16 09:31:17,17680.45,4282
2021-06-16 09:31:18,17680.45,4282
2021-06-16 09:31:19,17680.45,4282
2021-06-16 09:31:19,17680.45,4282
2021-06-16 09:31:21,17680.4,4283
2021-06-16 09:31:22,17680.4,4283
2021-06-16 09:31:23,17680.4,4283
2021-06-16 09:31:24,17680.4,4283
2021-06-16 09:31:25,17680.4,4283
2021-06-16 09:31:26,17680.4,4283
2021-06-16 09:31:27,17680.4,4283
2021-06-16 09:31:28,17680.4,4283
2021-06-16 09:31:28,17680.4,4283
2021-06-16 09:31:29,17680.4,4283
2021-06-16 09:31:30,17680.4,4283
2021-06-16 09:31:31,17668.8,4333
2021-06-16 09:31:32,17670.8,4337
2021-06-16 09:31:33,17670.8,4337
2021-06-16 09:31:34,17670.8,4337
2021-06-16 09:31:35,17681.8,4339
2021-06-16 09:31:38,17681.8,4339
2021-06-16 09:31:39,17681.8,4339
2021-06-16 09:31:40,17681.8,4339
2021-06-16 09:31:43,17681.8,4339
2021-06-16 09:31:44,17681.8,4339
2021-06-16 09:31:45,17670.85,4341
2021-06-16 09:31:47,17670.7,4342
2021-06-16 09:31:48,17670.7,4342
2021-06-16 09:31:48,17670.7,4342
2021-06-16 09:31:50,17670.7,4342
2021-06-16 09:31:50,17681.3,4367
2021-06-16 09:31:51,17681.3,4367
2021-06-16 09:31:54,17681.3,4376
2021-06-16 09:31:54,17681.3,4376
2021-06-16 09:31:55,17681.3,4376
2021-06-16 09:31:56,17681.35,4377
2021-06-16 09:31:58,17681.35,4377
2021-06-16 09:31:59,17681.35,4377
2021-06-16 09:32:00,17683.35,4403
2021-06-16 09:32:01,17681.3,4404
2021-06-16 09:32:02,17681.3,4404
2021-06-16 09:32:03,17681.3,4404
2021-06-16 09:32:04,17681.3,4404
2021-06-16 09:32:05,17686.6,4407
2021-06-16 09:32:06,17686.6,4407
2021-06-16 09:32:07,17686.6,4407
2021-06-16 09:32:08,17686.6,4407
2021-06-16 09:32:10,17690.0,4412
2021-06-16 09:32:12,17690.0,4416
2021-06-16 09:32:14,17690.0,4416
2021-06-16 09:32:15,17690.0,4416
2021-06-16 09:32:15,17690.0,4416
2021-06-16 09:32:17,17690.0,4416
2021-06-16 09:32:18,17690.0,4416
2021-06-16 09:32:19,17690.0,4416
2021-06-16 09:32:20,17689.95,4424
2021-06-16 09:32:21,17689.95,4424
2021-06-16 09:32:22,17689.95,4424
2021-06-16 09:32:23,17689.95,4424
2021-06-16 09:32:24,17686.6,4429
2021-06-16 09:32:25,17676.55,4430
2021-06-16 09:32:26,17676.55,4430
2021-06-16 09:32:28,17676.55,4430
2021-06-16 09:32:28,17676.55,4430
2021-06-16 09:32:29,17676.55,4430
2021-06-16 09:32:34,17676.5,4434
2021-06-16 09:32:35,17676.5,4434
2021-06-16 09:32:36,17684.75,4435
2021-06-16 09:32:37,17684.75,4435
2021-06-16 09:32:37,17684.75,4435
2021-06-16 09:32:38,17685.0,4457
2021-06-16 09:32:39,17685.0,4457
2021-06-16 09:32:40,17685.0,4457
2021-06-16 09:32:41,17684.95,4459
2021-06-16 09:32:42,17682.0,4461
2021-06-16 09:32:43,17682.0,4461
2021-06-16 09:32:45,17682.0,4461
2021-06-16 09:32:45,17682.0,4461
2021-06-16 09:32:46,17682.0,4461
2021-06-16 09:32:47,17682.0,4461
2021-06-16 09:32:48,17682.0,4461
2021-06-16 09:32:49,17682.0,4461
2021-06-16 09:32:50,17680.95,4469
2021-06-16 09:32:52,17680.95,4469
2021-06-16 09:32:53,17680.95,4469
2021-06-16 09:32:54,17685.0,4470
2021-06-16 09:32:55,17685.0,4470
2021-06-16 09:32:56,17685.0,4470
2021-06-16 09:32:57,17685.0,4477
2021-06-16 09:32:58,17685.0,4477
2021-06-16 09:32:59,17685.0,4477
2021-06-16 09:33:00,17685.0,4478
2021-06-16 09:33:01,17685.0,4478
2021-06-16 09:33:05,17690.0,4481
2021-06-16 09:33:06,17690.0,4482
2021-06-16 09:33:07,17690.0,4482
2021-06-16 09:33:08,17690.0,4482
2021-06-16 09:33:09,17690.0,4482
2021-06-16 09:33:10,17685.0,4484
2021-06-16 09:33:11,17680.75,4485
2021-06-16 09:33:12,17680.75,4485
2021-06-16 09:33:13,17680.75,4485
2021-06-16 09:33:13,17680.75,4485
2021-06-16 09:33:15,17680.75,4485
2021-06-16 09:33:17,17680.75,4485
2021-06-16 09:33:17,17680.75,4485
2021-06-16 09:33:18,17680.75,4485
2021-06-16 09:33:19,17680.75,4485
2021-06-16 09:33:20,17685.0,4492
2021-06-16 09:33:21,17685.0,4492
2021-06-16 09:33:22,17685.0,4492
2021-06-16 09:33:24,17685.0,4492
2021-06-16 09:33:25,17685.0,4493
2021-06-16 09:33:26,17685.0,4493
2021-06-16 09:33:27,17677.35,4498
2021-06-16 09:33:27,17677.35,4498
2021-06-16 09:33:29,17677.35,4498
2021-06-16 09:33:29,17677.35,4498
2021-06-16 09:33:30,17680.5,4501
2021-06-16 09:33:31,17684.0,4513
2021-06-16 09:33:33,17684.0,4513
2021-06-16 09:33:34,17684.0,4513
2021-06-16 09:33:35,17690.0,4515
2021-06-16 09:33:37,17690.0,4515
2021-06-16 09:33:38,17690.0,4515
2021-06-16 09:33:39,17690.0,4515
2021-06-16 09:33:40,17690.0,4515
2021-06-16 09:33:41,17689.95,4517
2021-06-16 09:33:42,17680.6,4522
2021-06-16 09:33:43,17680.6,4522
2021-06-16 09:33:44,17680.6,4522
2021-06-16 09:33:45,17680.6,4522
2021-06-16 09:33:46,17680.6,4522
2021-06-16 09:33:47,17680.6,4522
2021-06-16 09:33:48,17680.6,4522
2021-06-16 09:33:49,17680.6,4522
2021-06-16 09:33:50,17684.0,4527
2021-06-16 09:33:51,17684.0,4528
2021-06-16 09:33:51,17684.0,4529
2021-06-16 09:33:52,17684.0,4529
2021-06-16 09:33:55,17680.5,4530
2021-06-16 09:33:58,17680.5,4534
2021-06-16 09:33:59,17680.5,4534
2021-06-16 09:34:00,17680.5,4535
2021-06-16 09:34:00,17680.5,4535
2021-06-16 09:34:01,17680.5,4535
2021-06-16 09:34:02,17680.5,4535
2021-06-16 09:34:04,17680.5,4535
2021-06-16 09:34:04,17680.5,4535
2021-06-16 09:34:05,17684.0,4538
2021-06-16 09:34:07,17684.0,4538
2021-06-16 09:34:07,17684.0,4539
2021-06-16 09:34:09,17684.0,4539
2021-06-16 09:34:11,17684.0,4539
2021-06-16 09:34:12,17684.0,4539
2021-06-16 09:34:13,17684.0,4539
2021-06-16 09:34:13,17684.0,4539
2021-06-16 09:34:15,17680.5,4543
2021-06-16 09:34:15,17680.5,4543
2021-06-16 09:34:17,17684.0,4549
2021-06-16 09:34:19,17691.0,4791
2021-06-16 09:34:20,17690.95,4792
2021-06-16 09:34:21,17694.15,4793
2021-06-16 09:34:22,17694.15,4793
2021-06-16 09:34:23,17694.15,4793
2021-06-16 09:34:24,17694.15,4795
2021-06-16 09:34:25,17694.15,4795
2021-06-16 09:34:26,17684.85,4798
2021-06-16 09:34:27,17684.85,4798
2021-06-16 09:34:28,17684.85,4798
2021-06-16 09:34:28,17684.85,4798
2021-06-16 09:34:29,17684.85,4798
2021-06-16 09:34:30,17684.85,4798
2021-06-16 09:34:31,17684.85,4798
2021-06-16 09:34:33,17684.85,4798
2021-06-16 09:34:34,17684.85,4798
2021-06-16 09:34:35,17690.0,4804
2021-06-16 09:34:36,17690.0,4804
2021-06-16 09:34:37,17690.0,4804
2021-06-16 09:34:38,17690.0,4804
2021-06-16 09:34:39,17690.0,4804
2021-06-16 09:34:40,17695.0,4806
2021-06-16 09:34:41,17695.1,4816
2021-06-16 09:34:41,17695.1,4816
2021-06-16 09:34:43,17695.1,4816
2021-06-16 09:34:44,17695.1,4816
2021-06-16 09:34:45,17696.0,4817
2021-06-16 09:34:45,17696.0,4817
2021-06-16 09:34:46,17696.0,4817
2021-06-16 09:34:48,17696.1,4821
2021-06-16 09:34:49,17696.1,4821
2021-06-16 09:34:50,17696.1,4821
2021-06-16 09:34:52,17698.9,4826
2021-06-16 09:34:53,17698.9,4826
2021-06-16 09:34:54,17688.75,4832
2021-06-16 09:34:55,17688.75,4832
2021-06-16 09:34:57,17688.75,4832
2021-06-16 09:34:58,17688.75,4832
2021-06-16 09:34:59,17687.75,4842
2021-06-16 09:35:00,17687.75,4842
2021-06-16 09:35:01,17687.75,4842
2021-06-16 09:35:02,17687.7,4843
2021-06-16 09:35:03,17687.7,4843
2021-06-16 09:35:05,17687.7,4843
2021-06-16 09:35:05,17687.7,4843
2021-06-16 09:35:07,17687.7,4843
2021-06-16 09:35:08,17687.7,4843
2021-06-16 09:35:09,17687.7,4843
2021-06-16 09:35:10,17698.75,4878
2021-06-16 09:35:11,17686.05,4898
2021-06-16 09:35:11,17686.05,4898
2021-06-16 09:35:12,17686.05,4898
2021-06-16 09:35:13,17686.05,4898
2021-06-16 09:35:14,17686.05,4898
2021-06-16 09:35:15,17686.05,4898
2021-06-16 09:35:16,17687.55,4900
2021-06-16 09:35:17,17687.55,4901
2021-06-16 09:35:18,17687.55,4901
2021-06-16 09:35:19,17687.55,4901
2021-06-16 09:35:20,17695.6,4913
2021-06-16 09:35:21,17695.6,4913
2021-06-16 09:35:22,17695.6,4913
2021-06-16 09:35:25,17686.05,4914
2021-06-16 09:35:26,17686.05,4915
2021-06-16 09:35:26,17686.05,4915
2021-06-16 09:35:28,17694.35,4920
2021-06-16 09:35:28,17694.35,4920
2021-06-16 09:35:30,17694.35,4920
2021-06-16 09:35:31,17694.45,4922
2021-06-16 09:35:31,17694.45,4922
2021-06-16 09:35:32,17694.45,4922
2021-06-16 09:35:34,17697.95,5226
2021-06-16 09:35:35,17697.95,5229
2021-06-16 09:35:36,17697.95,5229
2021-06-16 09:35:37,17697.95,5229
2021-06-16 09:35:39,17689.05,5231
2021-06-16 09:35:40,17689.0,5233
2021-06-16 09:35:40,17689.0,5233
2021-06-16 09:35:41,17689.0,5233
2021-06-16 09:35:43,17689.0,5233
2021-06-16 09:35:44,17689.0,5233
2021-06-16 09:35:45,17686.85,5235
2021-06-16 09:35:46,17686.85,5235
2021-06-16 09:35:47,17686.85,5235
2021-06-16 09:35:48,17686.85,5235
2021-06-16 09:35:49,17686.85,5235
2021-06-16 09:35:50,17686.85,5235
2021-06-16 09:35:52,17695.0,5236
2021-06-16 09:35:53,17695.0,5236
2021-06-16 09:35:54,17695.0,5237
2021-06-16 09:35:55,17695.0,5240
2021-06-16 09:35:56,17690.0,5242
2021-06-16 09:35:58,17696.0,5244
2021-06-16 09:35:59,17696.0,5244
2021-06-16 09:36:01,17695.95,5245
2021-06-16 09:36:02,17695.95,5245
2021-06-16 09:36:03,17695.95,5245
2021-06-16 09:36:04,17695.95,5245
2021-06-16 09:36:05,17698.55,5248
2021-06-16 09:36:06,17698.55,5248
2021-06-16 09:36:07,17698.55,5248
2021-06-16 09:36:07,17698.55,5248
2021-06-16 09:36:08,17698.55,5248
2021-06-16 09:36:10,17698.55,5248
2021-06-16 09:36:11,17698.55,5248
2021-06-16 09:36:12,17698.55,5248
2021-06-16 09:36:13,17698.55,5248
2021-06-16 09:36:14,17699.1,5253
2021-06-16 09:36:15,17699.1,5253
2021-06-16 09:36:16,17699.1,5253
2021-06-16 09:36:16,17699.1,5253
2021-06-16 09:36:18,17699.1,5253
2021-06-16 09:36:19,17699.1,5253
2021-06-16 09:36:19,17699.1,5253
2021-06-16 09:36:22,17690.0,5258
2021-06-16 09:36:23,17690.0,5258
2021-06-16 09:36:24,17690.0,5258
2021-06-16 09:36:25,17689.95,5259
2021-06-16 09:36:26,17689.95,5259
2021-06-16 09:36:27,17689.95,5259
2021-06-16 09:36:28,17689.95,5260
2021-06-16 09:36:30,17689.45,5264
2021-06-16 09:36:32,17689.65,5266
2021-06-16 09:36:32,17689.65,5266
2021-06-16 09:36:35,17689.65,5266
2021-06-16 09:36:36,17689.65,5266
2021-06-16 09:36:38,17689.65,5266
2021-06-16 09:36:39,17689.65,5266
2021-06-16 09:36:40,17690.0,5267
2021-06-16 09:36:41,17690.0,5270
2021-06-16 09:36:42,17690.0,5272
2021-06-16 09:36:42,17690.0,5273
2021-06-16 09:36:43,17690.0,5273
2021-06-16 09:36:44,17690.0,5273
2021-06-16 09:36:46,17690.0,5273
2021-06-16 09:36:47,17690.0,5273
2021-06-16 09:36:47,17690.0,5273
2021-06-16 09:36:48,17690.0,5273
2021-06-16 09:36:50,17690.0,5273
2021-06-16 09:36:51,17690.0,5273
2021-06-16 09:36:52,17690.0,5273
2021-06-16 09:36:53,17690.0,5273
2021-06-16 09:36:54,17690.0,5277
2021-06-16 09:36:55,17690.0,5277
2021-06-16 09:36:56,17690.0,5277
2021-06-16 09:36:57,17690.05,5278
2021-06-16 09:36:58,17690.05,5278
2021-06-16 09:36:59,17690.05,5278
2021-06-16 09:37:00,17690.05,5279
2021-06-16 09:37:01,17690.05,5279
2021-06-16 09:37:02,17690.05,5279
2021-06-16 09:37:03,17690.05,5279
2021-06-16 09:37:04,17690.05,5279
2021-06-16 09:37:05,17690.05,5279
2021-06-16 09:37:06,17690.05,5279
2021-06-16 09:37:07,17690.05,5279
2021-06-16 09:37:08,17690.05,5279
2021-06-16 09:37:10,17690.05,5279
2021-06-16 09:37:12,17690.0,5283
2021-06-16 09:37:14,17690.0,5283
2021-06-16 09:37:15,17690.0,5283
2021-06-16 09:37:15,17690.0,5283
2021-06-16 09:37:16,17690.0,5283
2021-06-16 09:37:17,17690.0,5283
2021-06-16 09:37:20,17690.0,5283
2021-06-16 09:37:21,17697.6,5290
2021-06-16 09:37:22,17697.6,5290
2021-06-16 09:37:23,17697.6,5290
2021-06-16 09:37:26,17697.6,5290
2021-06-16 09:37:27,17697.6,5290
2021-06-16 09:37:29,17697.6,5290
2021-06-16 09:37:31,17697.6,5290
2021-06-16 09:37:32,17699.95,5295
2021-06-16 09:37:35,17699.95,5295
2021-06-16 09:37:36,17699.95,5295
2021-06-16 09:37:37,17699.95,5295
2021-06-16 09:37:38,17699.95,5295
2021-06-16 09:37:39,17699.95,5295
2021-06-16 09:37:40,17692.2,5299
2021-06-16 09:37:41,17692.2,5299
2021-06-16 09:37:42,17692.2,5299
2021-06-16 09:37:43,17692.2,5299
2021-06-16 09:37:44,17692.2,5299
2021-06-16 09:37:45,17692.2,5299
2021-06-16 09:37:46,17699.85,5300
2021-06-16 09:37:47,17699.85,5300
2021-06-16 09:37:48,17699.85,5300
2021-06-16 09:37:49,17699.85,5300
2021-06-16 09:37:50,17699.85,5301
2021-06-16 09:37:51,17699.85,5301
2021-06-16 09:37:52,17699.85,5301
2021-06-16 09:37:53,17699.85,5301
2021-06-16 09:37:54,17699.85,5301
2021-06-16 09:37:55,17690.5,5302
2021-06-16 09:37:56,17690.15,5306
2021-06-16 09:37:57,17698.9,5307
2021-06-16 09:37:58,17698.9,5307
2021-06-16 09:37:59,17690.15,5308
2021-06-16 09:38:00,17690.15,5309
2021-06-16 09:38:01,17690.15,5309
2021-06-16 09:38:02,17690.15,5309
2021-06-16 09:38:03,17690.15,5309
2021-06-16 09:38:04,17690.15,5309
2021-06-16 09:38:05,17690.15,5309
2021-06-16 09:38:06,17690.15,5309
2021-06-16 09:38:07,17690.15,5309
2021-06-16 09:38:08,17690.15,5309
2021-06-16 09:38:09,17690.15,5309
2021-06-16 09:38:10,17690.15,5309
2021-06-16 09:38:11,17690.15,5309
2021-06-16 09:38:12,17702.0,5409
2021-06-16 09:38:13,17702.0,5409
2021-06-16 09:38:14,17702.0,5409
2021-06-16 09:38:15,17702.0,5409
2021-06-16 09:38:16,17690.5,5426
2021-06-16 09:38:18,17699.85,5428
2021-06-16 09:38:19,17699.85,5428
2021-06-16 09:38:20,17690.25,5438
2021-06-16 09:38:22,17690.0,5462
2021-06-16 09:38:23,17690.0,5462
2021-06-16 09:38:24,17690.0,5462
2021-06-16 09:38:25,17690.0,5463
2021-06-16 09:38:26,17695.25,5464
2021-06-16 09:38:27,17690.0,5507
2021-06-16 09:38:28,17690.0,5507
2021-06-16 09:38:29,17690.0,5507
2021-06-16 09:38:30,17690.0,5507
2021-06-16 09:38:31,17690.0,5507
2021-06-16 09:38:34,17690.0,5507
2021-06-16 09:38:35,17690.0,5507
2021-06-16 09:38:36,17690.0,5507
2021-06-16 09:38:37,17690.0,5507
2021-06-16 09:38:38,17690.0,5512
2021-06-16 09:38:39,17690.0,5512
2021-06-16 09:38:40,17690.0,5521
2021-06-16 09:38:41,17690.0,5521
2021-06-16 09:38:42,17686.15,5522
2021-06-16 09:38:43,17686.15,5522
2021-06-16 09:38:44,17685.0,5525
2021-06-16 09:38:45,17685.0,5527
2021-06-16 09:38:46,17685.0,5527
2021-06-16 09:38:48,17671.45,5602
2021-06-16 09:38:49,17671.45,5602
2021-06-16 09:38:51,17671.45,5602
2021-06-16 09:38:50,17671.45,5602
2021-06-16 09:38:55,17687.2,5611
2021-06-16 09:38:57,17687.2,5611
2021-06-16 09:38:58,17691.4,5623
2021-06-16 09:38:59,17692.7,5653
2021-06-16 09:39:00,17692.7,5653
2021-06-16 09:39:01,17692.7,5653
2021-06-16 09:39:02,17692.7,5653
2021-06-16 09:39:04,17692.7,5653
2021-06-16 09:39:05,17685.65,5654
2021-06-16 09:39:06,17685.65,5654
2021-06-16 09:39:07,17690.0,5659
2021-06-16 09:39:08,17690.0,5659
2021-06-16 09:39:09,17690.0,5660
2021-06-16 09:39:10,17690.0,5660
2021-06-16 09:39:11,17690.0,5660
2021-06-16 09:39:12,17690.0,5660
2021-06-16 09:39:13,17690.0,5660
2021-06-16 09:39:14,17690.0,5661
2021-06-16 09:39:15,17690.0,5665
2021-06-16 09:39:16,17690.0,5672
2021-06-16 09:39:17,17690.0,5672
2021-06-16 09:39:18,17689.95,5673
2021-06-16 09:39:19,17690.0,5674
2021-06-16 09:39:20,17690.0,5674
2021-06-16 09:39:21,17690.0,5674
2021-06-16 09:39:23,17690.0,5674
2021-06-16 09:39:24,17690.0,5674
2021-06-16 09:39:25,17685.65,5675
2021-06-16 09:39:26,17685.65,5675
2021-06-16 09:39:27,17685.65,5675
2021-06-16 09:39:28,17685.65,5675
2021-06-16 09:39:29,17685.65,5675
2021-06-16 09:39:30,17685.65,5675
2021-06-16 09:39:31,17685.7,5676
2021-06-16 09:39:32,17685.65,5678
2021-06-16 09:39:33,17685.65,5678
2021-06-16 09:39:34,17685.65,5678
2021-06-16 09:39:35,17688.0,5681
2021-06-16 09:39:36,17685.65,5682
2021-06-16 09:39:38,17685.65,5684
2021-06-16 09:39:39,17685.65,5684
2021-06-16 09:39:40,17685.65,5686
2021-06-16 09:39:40,17685.65,5687
2021-06-16 09:39:42,17677.75,5692
2021-06-16 09:39:43,17677.75,5692
2021-06-16 09:39:45,17685.65,5693
2021-06-16 09:39:46,17685.65,5693
2021-06-16 09:39:46,17685.65,5693
2021-06-16 09:39:47,17685.65,5693
2021-06-16 09:39:49,17685.65,5693
2021-06-16 09:39:49,17685.65,5693
2021-06-16 09:39:50,17685.65,5697
2021-06-16 09:39:52,17685.65,5697
2021-06-16 09:39:52,17685.65,5697
2021-06-16 09:39:53,17685.65,5697
2021-06-16 09:39:54,17677.15,5700
2021-06-16 09:39:55,17677.15,5700
2021-06-16 09:39:56,17677.15,5700
2021-06-16 09:39:57,17677.15,5700
2021-06-16 09:39:58,17677.15,5700
2021-06-16 09:39:59,17677.15,5700
2021-06-16 09:40:00,17672.45,5701
2021-06-16 09:40:01,17677.1,5704
2021-06-16 09:40:02,17677.1,5704
2021-06-16 09:40:03,17677.1,5704
2021-06-16 09:40:04,17677.1,5704
2021-06-16 09:40:05,17677.1,5705
2021-06-16 09:40:06,17677.1,5705
2021-06-16 09:40:08,17677.1,5705
2021-06-16 09:40:10,17677.1,5705
2021-06-16 09:40:11,17677.1,5705
2021-06-16 09:40:12,17677.1,5705
2021-06-16 09:40:13,17677.1,5705
2021-06-16 09:40:14,17671.45,5709
2021-06-16 09:40:14,17671.45,5709
2021-06-16 09:40:15,17671.45,5709
2021-06-16 09:40:16,17671.45,5709
2021-06-16 09:40:17,17692.85,5813
2021-06-16 09:40:18,17692.85,5813
2021-06-16 09:40:19,17692.85,5813
2021-06-16 09:40:21,17687.95,5815
2021-06-16 09:40:22,17687.95,5815
2021-06-16 09:40:23,17687.95,5815
2021-06-16 09:40:23,17687.95,5815
2021-06-16 09:40:24,17687.95,5815
2021-06-16 09:40:25,17676.85,5816
2021-06-16 09:40:26,17676.85,5816
2021-06-16 09:40:27,17676.85,5821
2021-06-16 09:40:28,17676.85,5821
2021-06-16 09:40:29,17683.95,5824
2021-06-16 09:40:30,17683.95,5824
2021-06-16 09:40:31,17683.95,5824
2021-06-16 09:40:32,17683.95,5824
2021-06-16 09:40:33,17683.95,5824
2021-06-16 09:40:34,17683.95,5824
2021-06-16 09:40:36,17683.95,5827
2021-06-16 09:40:36,17683.95,5827
2021-06-16 09:40:38,17683.95,5827
2021-06-16 09:40:39,17683.95,5828
2021-06-16 09:40:39,17683.95,5827
2021-06-16 09:40:40,17683.95,5828
2021-06-16 09:40:41,17683.9,5830
2021-06-16 09:40:42,17673.65,5832
2021-06-16 09:40:43,17673.65,5832
2021-06-16 09:40:45,17673.65,5832
2021-06-16 09:40:46,17673.65,5832
2021-06-16 09:40:48,17673.65,5832
2021-06-16 09:40:49,17673.65,5832
2021-06-16 09:40:50,17686.4,5838
2021-06-16 09:40:52,17686.4,5838
2021-06-16 09:40:52,17686.4,5838
2021-06-16 09:40:54,17686.4,5838
2021-06-16 09:40:55,17686.4,5838
2021-06-16 09:40:56,17686.4,5838
2021-06-16 09:41:00,17686.4,5838
2021-06-16 09:41:01,17686.4,5838
2021-06-16 09:41:02,17676.8,5840
2021-06-16 09:41:03,17676.8,5840
2021-06-16 09:41:05,17674.5,5841
2021-06-16 09:41:06,17674.5,5841
2021-06-16 09:41:07,17674.5,5841
2021-06-16 09:41:08,17674.5,5841
2021-06-16 09:41:09,17674.5,5841
2021-06-16 09:41:10,17683.9,5842
2021-06-16 09:41:11,17683.9,5842
2021-06-16 09:41:12,17683.9,5842
2021-06-16 09:41:13,17683.9,5842
2021-06-16 09:41:14,17683.9,5842
2021-06-16 09:41:15,17683.9,5843
2021-06-16 09:41:16,17674.95,5853
2021-06-16 09:41:17,17674.95,5853
2021-06-16 09:41:18,17674.95,5853
2021-06-16 09:41:20,17683.9,5855
2021-06-16 09:41:21,17683.9,5858
2021-06-16 09:41:23,17683.9,5858
2021-06-16 09:41:23,17683.9,5858
2021-06-16 09:41:24,17683.9,5858
2021-06-16 09:41:25,17683.9,5858
2021-06-16 09:41:26,17683.9,5858
2021-06-16 09:41:28,17683.9,5858
2021-06-16 09:41:29,17688.85,5863
2021-06-16 09:41:30,17700.0,5933
2021-06-16 09:41:31,17700.0,5933
2021-06-16 09:41:32,17700.0,5933
2021-06-16 09:41:34,17700.0,5933
2021-06-16 09:41:35,17700.0,5933
2021-06-16 09:41:36,17700.0,5933
2021-06-16 09:41:37,17688.95,5942
2021-06-16 09:41:40,17688.95,5942
2021-06-16 09:41:40,17688.95,5944
2021-06-16 09:41:41,17688.95,5944
2021-06-16 09:41:42,17688.95,5944
2021-06-16 09:41:43,17688.95,5944
2021-06-16 09:41:45,17688.95,5944
2021-06-16 09:41:46,17688.95,5944
2021-06-16 09:41:47,17688.95,5944
2021-06-16 09:41:48,17688.95,5944
2021-06-16 09:41:49,17688.95,5944
2021-06-16 09:41:50,17688.95,5944
2021-06-16 09:41:51,17699.55,5959
2021-06-16 09:41:53,17699.55,5959
2021-06-16 09:41:54,17699.55,5959
2021-06-16 09:41:56,17699.85,5962
2021-06-16 09:41:58,17699.85,5962
2021-06-16 09:42:00,17699.85,5962
2021-06-16 09:42:00,17699.85,5962
2021-06-16 09:42:02,17699.85,5962
2021-06-16 09:42:03,17699.85,5962
2021-06-16 09:42:04,17699.85,5962
2021-06-16 09:42:05,17690.4,5963
2021-06-16 09:42:06,17690.4,5963
2021-06-16 09:42:08,17690.4,5963
2021-06-16 09:42:09,17690.4,5963
2021-06-16 09:42:10,17689.95,5973
2021-06-16 09:42:12,17689.95,5973
2021-06-16 09:42:12,17689.95,5973
2021-06-16 09:42:13,17689.95,5973
2021-06-16 09:42:14,17699.0,5976
2021-06-16 09:42:15,17699.0,5976
2021-06-16 09:42:16,17699.0,5976
2021-06-16 09:42:17,17699.0,5976
2021-06-16 09:42:18,17688.95,5986
2021-06-16 09:42:19,17688.95,5986
2021-06-16 09:42:20,17689.25,5989
2021-06-16 09:42:21,17689.25,5989
2021-06-16 09:42:22,17689.25,5989
2021-06-16 09:42:23,17689.25,5989
2021-06-16 09:42:24,17689.2,5992
2021-06-16 09:42:26,17689.2,5992
2021-06-16 09:42:27,17689.2,5992
2021-06-16 09:42:28,17689.2,5992
2021-06-16 09:42:29,17689.2,5992
2021-06-16 09:42:30,17689.2,5992
2021-06-16 09:42:30,17689.3,5993
2021-06-16 09:42:32,17689.25,5997
2021-06-16 09:42:33,17689.25,5997
2021-06-16 09:42:34,17689.25,5997
2021-06-16 09:42:36,17689.5,6001
2021-06-16 09:42:37,17689.5,6001
2021-06-16 09:42:38,17698.15,6002
2021-06-16 09:42:39,17698.15,6002
2021-06-16 09:42:40,17698.15,6002
2021-06-16 09:42:43,17698.15,6002
2021-06-16 09:42:43,17698.15,6002
2021-06-16 09:42:44,17698.15,6002
2021-06-16 09:42:46,17688.85,6003
2021-06-16 09:42:47,17688.85,6003
2021-06-16 09:42:48,17688.85,6003
2021-06-16 09:42:50,17688.85,6003
2021-06-16 09:42:50,17688.85,6003
2021-06-16 09:42:52,17689.5,6007
2021-06-16 09:42:55,17689.5,6007
2021-06-16 09:42:56,17689.5,6007
2021-06-16 09:42:57,17689.5,6007
2021-06-16 09:42:58,17690.4,6010
2021-06-16 09:43:00,17690.35,6011
2021-06-16 09:43:00,17690.4,6010
2021-06-16 09:43:01,17690.35,6011
2021-06-16 09:43:04,17690.35,6011
2021-06-16 09:43:05,17690.35,6011
2021-06-16 09:43:05,17690.35,6011
2021-06-16 09:43:06,17690.35,6011
2021-06-16 09:43:07,17690.35,6011
2021-06-16 09:43:08,17690.35,6011
2021-06-16 09:43:10,17690.35,6011
2021-06-16 09:43:10,17690.35,6011
2021-06-16 09:43:12,17690.35,6011
2021-06-16 09:43:12,17690.35,6011
2021-06-16 09:43:13,17690.35,6011
2021-06-16 09:43:15,17690.0,6012
2021-06-16 09:43:16,17688.0,6014
2021-06-16 09:43:17,17688.0,6014
2021-06-16 09:43:18,17688.0,6014
2021-06-16 09:43:19,17688.0,6014
2021-06-16 09:43:20,17688.0,6015
2021-06-16 09:43:21,17688.0,6015
2021-06-16 09:43:21,17688.0,6015
2021-06-16 09:43:22,17688.0,6015
2021-06-16 09:43:23,17688.0,6015
2021-06-16 09:43:24,17688.0,6015
2021-06-16 09:43:25,17688.0,6063
2021-06-16 09:43:26,17688.0,6063
2021-06-16 09:43:27,17688.0,6063
2021-06-16 09:43:30,17688.0,6063
2021-06-16 09:43:30,17688.0,6063
2021-06-16 09:43:31,17688.0,6063
2021-06-16 09:43:32,17688.0,6063
2021-06-16 09:43:33,17688.0,6063
2021-06-16 09:43:34,17685.0,6067
2021-06-16 09:43:35,17689.0,6078
2021-06-16 09:43:36,17689.0,6078
2021-06-16 09:43:37,17689.0,6078
2021-06-16 09:43:38,17689.0,6094
2021-06-16 09:43:39,17689.0,6094
2021-06-16 09:43:40,17689.0,6094
2021-06-16 09:43:43,17689.0,6094
2021-06-16 09:43:44,17689.0,6094
2021-06-16 09:43:45,17685.0,6095
2021-06-16 09:43:47,17685.0,6095
2021-06-16 09:43:47,17685.0,6095
2021-06-16 09:43:48,17685.0,6095
2021-06-16 09:43:51,17690.35,6100
2021-06-16 09:43:52,17690.35,6100
2021-06-16 09:43:53,17690.35,6100
2021-06-16 09:43:54,17690.35,6100
2021-06-16 09:43:55,17690.35,6100
2021-06-16 09:43:57,17690.35,6100
2021-06-16 09:43:59,17690.0,6105
2021-06-16 09:44:00,17690.0,6105
2021-06-16 09:44:00,17690.0,6106
2021-06-16 09:44:02,17690.0,6106
2021-06-16 09:44:03,17690.0,6106
2021-06-16 09:44:04,17690.0,6106
2021-06-16 09:44:05,17690.0,6106
2021-06-16 09:44:09,17689.0,6109
2021-06-16 09:44:19,17689.0,6112
2021-06-16 09:44:28,17688.95,6113
2021-06-16 09:44:33,17688.95,6113
2021-06-16 09:44:37,17685.1,6120
2021-06-16 09:44:41,17685.1,6120
2021-06-16 09:44:46,17690.0,6125
2021-06-16 09:44:50,17685.5,6130
2021-06-16 09:44:55,17690.0,6133
2021-06-16 09:45:00,17690.0,6133
2021-06-16 09:45:04,17690.0,6133
2021-06-16 09:45:09,17697.0,6146
2021-06-16 09:45:13,17697.0,6146
2021-06-16 09:45:18,17698.35,6147
2021-06-16 09:45:23,17698.35,6147
2021-06-16 09:45:27,17690.0,6148
2021-06-16 09:45:32,17690.0,6148
2021-06-16 09:45:36,17690.0,6152
2021-06-16 09:45:41,17685.5,6184
2021-06-16 09:45:46,17680.0,6251
2021-06-16 09:45:50,17680.05,6256
2021-06-16 09:45:55,17684.95,6311
2021-06-16 09:46:00,17681.2,6315
2021-06-16 09:46:10,17681.15,6316
2021-06-16 09:46:15,17681.15,6316
2021-06-16 09:46:19,17681.15,6319
2021-06-16 09:46:24,17681.1,6320
2021-06-16 09:46:29,17684.95,6321
2021-06-16 09:46:33,17684.95,6321
2021-06-16 09:46:38,17681.15,6331
2021-06-16 09:46:42,17684.95,6335
2021-06-16 09:46:47,17684.95,6335
2021-06-16 09:46:52,17680.05,6344
2021-06-16 09:46:57,17680.0,6347
2021-06-16 09:47:02,17688.35,6350
2021-06-16 09:47:06,17688.35,6350
2021-06-16 09:47:11,17688.35,6350
2021-06-16 09:47:16,17688.35,6350
2021-06-16 09:47:21,17688.35,6350
2021-06-16 09:47:25,17681.2,6388
2021-06-16 09:47:30,17681.2,6388
2021-06-16 09:47:35,17681.2,6392
2021-06-16 09:47:40,17681.2,6392
2021-06-16 09:47:44,17681.15,6393
2021-06-16 09:47:49,17680.15,6394
2021-06-16 09:47:53,17680.15,6394
2021-06-16 09:47:58,17688.0,6395
2021-06-16 09:48:03,17681.15,6399
2021-06-16 09:48:08,17681.2,6400
2021-06-16 09:48:13,17685.0,6411
2021-06-16 09:48:18,17685.0,6411
2021-06-16 09:48:23,17681.15,6415
2021-06-16 09:48:32,17681.15,6415
2021-06-16 09:48:37,17681.15,6415
2021-06-16 09:48:42,17681.1,6416
2021-06-16 09:48:47,17681.05,6420
2021-06-16 09:48:51,17681.05,6420
2021-06-16 09:48:56,17685.0,6422
2021-06-16 09:49:00,17685.0,6422
2021-06-16 09:49:10,17680.0,6444
2021-06-16 09:49:15,17680.0,6444
2021-06-16 09:49:20,17680.0,6450
2021-06-16 09:49:24,17680.0,6451
2021-06-16 09:49:29,17685.0,6452
2021-06-16 09:49:39,17680.0,6495
2021-06-16 09:49:43,17685.0,6497
2021-06-16 09:49:48,17685.0,6497
2021-06-16 09:49:53,17685.0,6502
2021-06-16 09:50:02,17685.0,6502
2021-06-16 09:50:06,17680.0,6503
2021-06-16 09:50:11,17684.95,6504
2021-06-16 09:50:16,17680.0,6506
2021-06-16 09:50:21,17684.95,6519
2021-06-16 09:50:26,17678.05,6521
2021-06-16 09:50:31,17678.05,6525
2021-06-16 09:50:36,17678.05,6525
2021-06-16 09:50:40,17680.0,6527
2021-06-16 09:50:45,17680.0,6527
2021-06-16 09:50:50,17680.0,6527
2021-06-16 09:50:54,17680.0,6532
2021-06-16 09:50:59,17685.0,6546
2021-06-16 09:51:09,17684.95,6550
2021-06-16 09:51:13,17684.95,6550
2021-06-16 09:51:18,17678.0,6552
2021-06-16 09:51:22,17678.0,6556
2021-06-16 09:51:26,17678.0,6556
2021-06-16 09:51:36,17678.05,6560
2021-06-16 09:51:49,17680.0,6567
2021-06-16 09:51:54,17684.95,6572
2021-06-16 09:51:59,17684.95,6572
2021-06-16 09:52:08,17684.8,6575
2021-06-16 09:52:12,17684.85,6578
2021-06-16 09:52:17,17684.9,6581
2021-06-16 09:52:22,17679.05,6584
2021-06-16 09:52:26,17678.05,6599
2021-06-16 09:52:31,17678.05,6599
2021-06-16 09:52:36,17688.35,6606
2021-06-16 09:52:46,17690.0,6641
2021-06-16 09:52:55,17684.45,6726
2021-06-16 09:53:00,17684.45,6726
2021-06-16 09:53:04,17684.8,6728
2021-06-16 09:53:09,17690.0,6748
2021-06-16 09:53:13,17682.5,6750
2021-06-16 09:53:17,17682.5,6750
2021-06-16 09:53:22,17690.0,6770
2021-06-16 09:53:26,17681.5,6771
2021-06-16 09:53:31,17681.5,6772
2021-06-16 09:53:36,17681.6,6777
2021-06-16 09:53:40,17681.6,6779
2021-06-16 09:53:45,17681.6,6779
2021-06-16 09:53:50,17681.6,6779
2021-06-16 09:53:55,17690.0,6804
2021-06-16 09:53:59,17682.55,6828
2021-06-16 09:54:04,17682.6,6829
2021-06-16 09:54:08,17682.75,6870
2021-06-16 09:54:13,17690.0,6883
2021-06-16 09:54:17,17690.0,6883
2021-06-16 09:54:22,17693.6,6902
2021-06-16 09:54:27,17683.85,6903
2021-06-16 09:54:32,17683.85,6903
2021-06-16 09:54:37,17690.05,6906
2021-06-16 09:54:41,17690.05,6907
2021-06-16 09:54:46,17690.05,6908
2021-06-16 09:54:50,17690.05,6908
2021-06-16 09:54:55,17690.05,6908
2021-06-16 09:55:00,17690.0,6912
2021-06-16 09:55:05,17690.0,6913
2021-06-16 09:55:09,17690.05,6923
2021-06-16 09:55:18,17690.0,6927
2021-06-16 09:55:22,17690.0,6929
2021-06-16 09:55:26,17690.0,6931
2021-06-16 09:55:31,17698.25,6951
2021-06-16 09:55:35,17698.25,6952
2021-06-16 09:55:39,17698.25,6952
2021-06-16 09:55:49,17690.0,6954
2021-06-16 09:55:53,17690.0,6954
2021-06-16 09:55:57,17690.0,6958
2021-06-16 09:56:01,17690.0,6959
2021-06-16 09:56:06,17690.0,6959
2021-06-16 09:56:10,17698.0,6964
2021-06-16 09:56:14,17698.0,6964
2021-06-16 09:56:18,17690.0,6968
2021-06-16 09:56:22,17690.05,7003
2021-06-16 09:56:27,17690.05,7003
2021-06-16 09:56:31,17690.05,7004
2021-06-16 09:56:36,17690.0,7007
2021-06-16 09:56:40,17690.0,7007
2021-06-16 09:56:44,17683.45,7017
2021-06-16 09:56:48,17683.05,7019
2021-06-16 09:56:52,17689.95,7022
2021-06-16 09:56:57,17680.0,7058
2021-06-16 09:57:02,17678.0,7063
2021-06-16 09:57:07,17685.95,7068
2021-06-16 09:57:11,17678.4,7093
2021-06-16 09:57:16,17678.45,7098
2021-06-16 09:57:20,17689.65,7103
2021-06-16 09:57:25,17688.1,7105
2021-06-16 09:57:29,17689.7,7110
2021-06-16 09:57:33,17689.7,7110
2021-06-16 09:57:37,17689.7,7114
2021-06-16 09:57:42,17681.2,7116
2021-06-16 09:57:46,17680.95,7123
2021-06-16 09:57:50,17689.7,7124
2021-06-16 09:57:54,17689.7,7124
2021-06-16 09:57:59,17689.7,7124
2021-06-16 09:58:03,17680.7,7126
2021-06-16 09:58:08,17689.7,7127
2021-06-16 09:58:12,17680.7,7129
2021-06-16 09:58:17,17680.55,7130
2021-06-16 09:58:21,17689.6,7133
2021-06-16 09:58:26,17682.15,7134
2021-06-16 09:58:30,17682.15,7134
2021-06-16 09:58:35,17688.85,7135
2021-06-16 09:58:40,17690.0,7140
2021-06-16 09:58:44,17690.0,7145
2021-06-16 09:58:49,17690.0,7146
2021-06-16 09:58:54,17690.0,7146
2021-06-16 09:58:58,17690.0,7146
2021-06-16 09:59:03,17690.0,7148
2021-06-16 09:59:06,17690.0,7149
2021-06-16 09:59:09,17690.0,7149
2021-06-16 09:59:11,17690.0,7149
2021-06-16 09:59:12,17690.0,7149
2021-06-16 09:59:13,17690.0,7149
2021-06-16 09:59:14,17690.0,7149
2021-06-16 09:59:15,17690.0,7149
2021-06-16 09:59:16,17690.0,7149
2021-06-16 09:59:17,17690.0,7149
2021-06-16 09:59:20,17690.0,7149
2021-06-16 09:59:21,17689.95,7156
2021-06-16 09:59:23,17689.95,7156
2021-06-16 09:59:24,17689.95,7156
2021-06-16 09:59:26,17683.8,7157
2021-06-16 09:59:25,17683.8,7157
2021-06-16 09:59:27,17683.8,7157
2021-06-16 09:59:28,17683.8,7157
2021-06-16 09:59:29,17683.8,7157
2021-06-16 09:59:31,17683.8,7157
2021-06-16 09:59:32,17683.8,7157
2021-06-16 09:59:33,17683.8,7157
2021-06-16 09:59:35,17683.8,7157
2021-06-16 09:59:34,17683.8,7157
2021-06-16 09:59:37,17688.95,7158
2021-06-16 09:59:38,17689.05,7159
2021-06-16 09:59:39,17689.05,7159
2021-06-16 09:59:40,17689.05,7159
2021-06-16 09:59:41,17684.45,7162
2021-06-16 09:59:42,17684.45,7162
2021-06-16 09:59:43,17684.45,7162
2021-06-16 09:59:44,17684.45,7162
2021-06-16 09:59:45,17680.1,7164
2021-06-16 09:59:46,17680.1,7165
2021-06-16 09:59:47,17680.1,7165
2021-06-16 09:59:48,17680.1,7165
2021-06-16 09:59:49,17680.1,7165
2021-06-16 09:59:50,17680.1,7165
2021-06-16 09:59:51,17680.1,7165
2021-06-16 09:59:52,17680.1,7165
2021-06-16 09:59:53,17680.1,7165
2021-06-16 09:59:54,17680.1,7165
2021-06-16 09:59:55,17690.0,7166
2021-06-16 09:59:56,17690.0,7166
2021-06-16 09:59:57,17690.0,7166
2021-06-16 09:59:59,17690.8,7167
2021-06-16 10:00:00,17690.8,7167
2021-06-16 10:00:01,17690.8,7167
2021-06-16 10:00:02,17690.8,7167
2021-06-16 10:00:03,17690.8,7167
2021-06-16 10:00:04,17690.8,7167
2021-06-16 10:00:06,17689.95,7169
2021-06-16 10:00:07,17680.65,7170
2021-06-16 10:00:08,17680.65,7170
2021-06-16 10:00:09,17692.05,7177
2021-06-16 10:00:10,17692.05,7177
2021-06-16 10:00:11,17692.05,7177
2021-06-16 10:00:13,17692.05,7177
2021-06-16 10:00:14,17692.05,7177
2021-06-16 10:00:15,17692.05,7177
2021-06-16 10:00:16,17692.05,7177
2021-06-16 10:00:17,17692.05,7177
2021-06-16 10:00:18,17692.05,7177
2021-06-16 10:00:19,17692.05,7177
2021-06-16 10:00:20,17692.05,7177
2021-06-16 10:00:22,17692.05,7177
2021-06-16 10:00:23,17692.05,7177
2021-06-16 10:00:24,17692.05,7177
2021-06-16 10:00:25,17692.05,7177
2021-06-16 10:00:27,17691.95,7179
2021-06-16 10:00:28,17691.95,7179
2021-06-16 10:00:29,17691.95,7179
2021-06-16 10:00:30,17691.95,7179
2021-06-16 10:00:31,17691.95,7179
2021-06-16 10:00:33,17691.95,7179
2021-06-16 10:00:34,17691.95,7179
2021-06-16 10:00:36,17691.95,7179
2021-06-16 10:00:35,17691.95,7179
2021-06-16 10:00:37,17691.95,7179
2021-06-16 10:00:39,17691.95,7179
2021-06-16 10:00:40,17691.95,7179
2021-06-16 10:00:41,17691.95,7179
2021-06-16 10:00:42,17691.95,7179
2021-06-16 10:00:43,17691.95,7179
2021-06-16 10:00:44,17691.95,7179
2021-06-16 10:00:45,17682.4,7180
2021-06-16 10:00:46,17682.4,7180
2021-06-16 10:00:47,17682.4,7180
2021-06-16 10:00:48,17683.2,7197
2021-06-16 10:00:49,17682.55,7201
2021-06-16 10:00:50,17682.55,7201
2021-06-16 10:00:51,17691.8,7211
2021-06-16 10:00:54,17691.8,7228
2021-06-16 10:00:55,17691.8,7228
2021-06-16 10:00:56,17691.8,7228
2021-06-16 10:00:56,17682.9,7230
2021-06-16 10:00:57,17683.45,7235
2021-06-16 10:00:58,17683.45,7235
2021-06-16 10:00:59,17691.8,7245
2021-06-16 10:01:00,17691.8,7245
2021-06-16 10:01:01,17691.8,7245
2021-06-16 10:01:03,17691.8,7245
2021-06-16 10:01:04,17691.8,7245
2021-06-16 10:01:05,17691.8,7245
2021-06-16 10:01:05,17691.8,7245
2021-06-16 10:01:06,17684.75,7271
2021-06-16 10:01:07,17683.45,7278
2021-06-16 10:01:08,17683.45,7280
2021-06-16 10:01:09,17683.45,7280
2021-06-16 10:01:10,17683.45,7280
2021-06-16 10:01:13,17684.5,7282
2021-06-16 10:01:15,17684.5,7282
2021-06-16 10:01:16,17684.5,7282
2021-06-16 10:01:17,17684.5,7282
2021-06-16 10:01:19,17684.5,7282
2021-06-16 10:01:20,17690.0,7286
2021-06-16 10:01:21,17690.0,7288
2021-06-16 10:01:22,17690.0,7291
2021-06-16 10:01:23,17684.5,7293
2021-06-16 10:01:27,17684.5,7293
2021-06-16 10:01:28,17684.5,7293
2021-06-16 10:01:29,17683.45,7294
2021-06-16 10:01:30,17683.45,7294
2021-06-16 10:01:30,17683.45,7294
2021-06-16 10:01:31,17686.6,7300
2021-06-16 10:01:32,17683.45,7301
2021-06-16 10:01:34,17683.45,7301
2021-06-16 10:01:35,17685.0,7302
2021-06-16 10:01:36,17685.0,7314
2021-06-16 10:01:37,17685.0,7317
2021-06-16 10:01:39,17685.0,7317
2021-06-16 10:01:40,17685.0,7317
2021-06-16 10:01:41,17685.0,7318
2021-06-16 10:01:43,17685.0,7318
2021-06-16 10:01:43,17685.0,7328
2021-06-16 10:01:44,17685.0,7329
2021-06-16 10:01:45,17685.0,7329
2021-06-16 10:01:46,17685.05,7331
2021-06-16 10:01:47,17685.0,7334
2021-06-16 10:01:48,17685.0,7336
2021-06-16 10:01:50,17685.0,7336
2021-06-16 10:01:51,17685.0,7336
2021-06-16 10:01:53,17685.0,7336
2021-06-16 10:01:54,17690.0,7338
2021-06-16 10:01:55,17690.0,7338
2021-06-16 10:01:56,17690.0,7338
2021-06-16 10:02:02,17690.0,7343
2021-06-16 10:02:02,17690.0,7343
2021-06-16 10:02:03,17690.0,7343
2021-06-16 10:02:04,17689.95,7344
2021-06-16 10:02:05,17690.0,7345
2021-06-16 10:02:06,17690.0,7345
2021-06-16 10:02:08,17690.0,7345
2021-06-16 10:02:09,17690.0,7345
2021-06-16 10:02:09,17690.0,7355
2021-06-16 10:02:10,17690.0,7355
2021-06-16 10:02:11,17690.0,7355
2021-06-16 10:02:12,17685.05,7356
2021-06-16 10:02:14,17685.0,7360
2021-06-16 10:02:15,17685.0,7361
2021-06-16 10:02:17,17685.0,7361
2021-06-16 10:02:18,17685.0,7361
2021-06-16 10:02:20,17685.0,7361
2021-06-16 10:02:20,17690.0,7365
2021-06-16 10:02:21,17690.0,7365
2021-06-16 10:02:22,17690.0,7365
2021-06-16 10:02:23,17685.0,7370
2021-06-16 10:02:25,17685.0,7370
2021-06-16 10:02:26,17685.0,7371
2021-06-16 10:02:28,17685.0,7372
2021-06-16 10:02:30,17685.0,7372
2021-06-16 10:02:31,17685.0,7372
2021-06-16 10:02:32,17685.0,7372
2021-06-16 10:02:35,17690.0,7374
2021-06-16 10:02:38,17690.0,7374
2021-06-16 10:02:39,17685.0,7375
2021-06-16 10:02:40,17685.0,7377
2021-06-16 10:02:43,17690.0,7378
2021-06-16 10:02:44,17690.0,7378
2021-06-16 10:02:45,17685.0,7380
2021-06-16 10:02:46,17685.0,7380
2021-06-16 10:02:49,17685.0,7380
2021-06-16 10:02:49,17685.0,7380
2021-06-16 10:02:50,17685.0,7380
2021-06-16 10:02:51,17685.0,7380
2021-06-16 10:02:52,17685.0,7380
2021-06-16 10:02:53,17685.0,7380
2021-06-16 10:02:54,17690.0,7381
2021-06-16 10:02:55,17690.0,7381
2021-06-16 10:02:56,17690.0,7382
2021-06-16 10:02:58,17690.0,7382
2021-06-16 10:02:59,17690.0,7383
2021-06-16 10:03:00,17690.0,7384
2021-06-16 10:03:01,17690.0,7384
2021-06-16 10:03:02,17690.0,7384
2021-06-16 10:03:03,17690.0,7384
2021-06-16 10:03:04,17690.0,7406
2021-06-16 10:03:05,17690.0,7407
2021-06-16 10:03:07,17690.0,7410
2021-06-16 10:03:08,17690.0,7410
2021-06-16 10:03:09,17685.0,7414
2021-06-16 10:03:10,17685.0,7414
2021-06-16 10:03:11,17685.0,7414
2021-06-16 10:03:12,17685.0,7414
2021-06-16 10:03:13,17685.0,7414
2021-06-16 10:03:14,17685.0,7414
2021-06-16 10:03:15,17685.0,7419
2021-06-16 10:03:16,17685.0,7424
2021-06-16 10:03:19,17685.0,7427
2021-06-16 10:03:20,17690.0,7428
2021-06-16 10:03:21,17689.95,7429
2021-06-16 10:03:23,17689.95,7429
2021-06-16 10:03:27,17689.95,7429
2021-06-16 10:03:26,17689.95,7429
2021-06-16 10:03:28,17689.95,7429
2021-06-16 10:03:30,17689.95,7429
2021-06-16 10:03:32,17689.95,7429
2021-06-16 10:03:35,17690.0,7430
2021-06-16 10:03:36,17690.0,7430
2021-06-16 10:03:37,17690.0,7430
2021-06-16 10:03:38,17690.0,7430
2021-06-16 10:03:39,17690.0,7430
2021-06-16 10:03:40,17690.0,7431
2021-06-16 10:03:42,17690.0,7431
2021-06-16 10:03:43,17690.0,7431
2021-06-16 10:03:45,17690.0,7431
2021-06-16 10:03:49,17690.0,7431
2021-06-16 10:03:51,17690.0,7431
2021-06-16 10:03:52,17690.0,7431
2021-06-16 10:03:54,17690.0,7432
2021-06-16 10:03:55,17690.0,7432
2021-06-16 10:03:56,17690.0,7432
2021-06-16 10:03:57,17690.0,7433
2021-06-16 10:03:58,17690.0,7433
2021-06-16 10:04:00,17689.95,7434
2021-06-16 10:04:01,17689.95,7434
2021-06-16 10:04:02,17689.95,7434
2021-06-16 10:04:04,17689.95,7434
2021-06-16 10:04:07,17688.95,7437
2021-06-16 10:04:11,17688.95,7437
2021-06-16 10:04:15,17688.95,7437
2021-06-16 10:04:20,17690.0,7438
2021-06-16 10:04:24,17694.45,7440
2021-06-16 10:04:28,17695.0,7447
2021-06-16 10:04:32,17695.0,7447
2021-06-16 10:04:36,17695.0,7455
2021-06-16 10:04:40,17695.0,7455
2021-06-16 10:04:45,17695.6,7458
2021-06-16 10:04:49,17695.6,7458
2021-06-16 10:04:54,17695.6,7458
2021-06-16 10:04:59,17684.4,7459
2021-06-16 10:05:07,17693.95,7461
2021-06-16 10:05:12,17693.95,7461
2021-06-16 10:05:16,17693.95,7461
2021-06-16 10:05:20,17693.95,7461
2021-06-16 10:05:24,17693.9,7462
2021-06-16 10:05:28,17696.55,7466
2021-06-16 10:05:32,17690.0,7467
2021-06-16 10:05:37,17690.0,7467
2021-06-16 10:05:41,17690.0,7470
2021-06-16 10:05:45,17690.0,7471
2021-06-16 10:05:50,17690.0,7471
2021-06-16 10:05:54,17690.8,7473
2021-06-16 10:05:59,17690.8,7473
2021-06-16 10:06:03,17690.75,7474
2021-06-16 10:06:07,17690.0,7475
2021-06-16 10:06:11,17690.0,7475
2021-06-16 10:06:15,17690.0,7475
2021-06-16 10:06:19,17690.0,7475
2021-06-16 10:06:23,17690.05,7476
2021-06-16 10:06:27,17690.05,7476
2021-06-16 10:06:31,17690.05,7531
2021-06-16 10:06:35,17690.05,7531
2021-06-16 10:06:40,17690.0,7542
2021-06-16 10:06:44,17683.55,7548
2021-06-16 10:06:48,17683.5,7549
2021-06-16 10:06:52,17683.55,7551
2021-06-16 10:06:57,17683.55,7551
2021-06-16 10:07:01,17690.0,7552
2021-06-16 10:07:05,17690.0,7552
2021-06-16 10:07:09,17690.0,7552
2021-06-16 10:07:13,17696.0,7554
2021-06-16 10:07:18,17687.6,7659
2021-06-16 10:07:22,17690.0,7667
2021-06-16 10:07:27,17683.75,7677
2021-06-16 10:07:31,17684.55,7678
2021-06-16 10:07:35,17684.55,7678
2021-06-16 10:07:39,17690.0,7680
2021-06-16 10:07:44,17690.0,7681
2021-06-16 10:07:48,17690.0,7681
2021-06-16 10:07:53,17690.0,7681
2021-06-16 10:07:57,17690.0,7691
2021-06-16 10:08:02,17690.0,7697
2021-06-16 10:08:06,17690.0,7697
2021-06-16 10:08:10,17690.0,7702
2021-06-16 10:08:14,17691.2,7704
2021-06-16 10:08:19,17691.2,7704
2021-06-16 10:08:23,17690.55,7708
2021-06-16 10:08:27,17700.0,7759
2021-06-16 10:08:32,17700.0,7769
2021-06-16 10:08:36,17700.0,7770
2021-06-16 10:08:41,17700.0,7770
2021-06-16 10:08:45,17692.55,7772
2021-06-16 10:08:49,17692.55,7772
2021-06-16 10:08:54,17692.55,7772
2021-06-16 10:08:58,17690.0,7773
2021-06-16 10:09:02,17697.15,7775
2021-06-16 10:09:07,17690.05,7776
2021-06-16 10:09:11,17690.05,7776
2021-06-16 10:09:16,17690.0,7777
2021-06-16 10:09:20,17690.0,7777
2021-06-16 10:09:24,17688.35,7779
2021-06-16 10:09:28,17688.35,7779
2021-06-16 10:09:32,17697.2,7780
2021-06-16 10:09:36,17688.05,7782
2021-06-16 10:09:40,17688.05,7783
2021-06-16 10:09:45,17688.05,7783
2021-06-16 10:09:53,17685.4,7784
2021-06-16 10:09:58,17685.4,7784
2021-06-16 10:10:02,17685.6,7785
2021-06-16 10:10:06,17685.6,7786
2021-06-16 10:10:11,17685.6,7786
2021-06-16 10:10:15,17685.6,7787
2021-06-16 10:10:19,17685.6,7787
2021-06-16 10:10:23,17694.95,7793
2021-06-16 10:10:27,17694.95,7793
2021-06-16 10:10:32,17694.95,7793
2021-06-16 10:10:36,17694.95,7793
2021-06-16 10:10:40,17694.95,7793
2021-06-16 10:10:44,17694.95,7793
2021-06-16 10:10:48,17685.75,7794
2021-06-16 10:10:51,17685.75,7794
2021-06-16 10:10:55,17685.75,7794
2021-06-16 10:10:59,17695.0,7833
2021-06-16 10:11:04,17693.3,7841
2021-06-16 10:11:09,17693.3,7841
2021-06-16 10:11:14,17693.25,7842
2021-06-16 10:11:18,17693.25,7842
2021-06-16 10:11:22,17692.0,7845
2021-06-16 10:11:26,17690.05,7846
2021-06-16 10:11:30,17690.05,7846
2021-06-16 10:11:35,17690.05,7847
2021-06-16 10:11:39,17690.05,7847
2021-06-16 10:11:43,17690.05,7849
2021-06-16 10:11:47,17690.05,7849
2021-06-16 10:11:51,17690.05,7849
2021-06-16 10:11:56,17690.0,7862
2021-06-16 10:12:00,17687.0,7866
2021-06-16 10:12:04,17686.05,7885
2021-06-16 10:12:08,17690.0,7887
2021-06-16 10:12:13,17686.05,7888
2021-06-16 10:12:17,17686.05,7888
2021-06-16 10:12:21,17686.05,7894
2021-06-16 10:12:25,17686.05,7894
2021-06-16 10:12:29,17686.05,7894
2021-06-16 10:12:33,17686.05,7894
2021-06-16 10:12:38,17685.45,7895
2021-06-16 10:12:42,17685.45,7896
2021-06-16 10:12:46,17685.45,7896
2021-06-16 10:12:49,17685.5,7909
2021-06-16 10:12:54,17685.5,7932
2021-06-16 10:12:58,17685.5,7932
2021-06-16 10:13:02,17683.45,7948
2021-06-16 10:13:06,17683.45,7957
2021-06-16 10:13:10,17683.45,7957
2021-06-16 10:13:14,17683.45,7957
2021-06-16 10:13:18,17683.45,7957
2021-06-16 10:13:22,17683.45,7962
2021-06-16 10:13:30,17682.8,7963
2021-06-16 10:13:34,17682.8,7963
2021-06-16 10:13:38,17682.8,7963
2021-06-16 10:13:43,17683.65,7965
2021-06-16 10:13:47,17683.65,7965
2021-06-16 10:13:55,17691.0,7973
2021-06-16 10:13:58,17691.0,7973
2021-06-16 10:14:02,17691.0,7974
2021-06-16 10:14:06,17691.0,7979
2021-06-16 10:14:11,17691.0,7980
2021-06-16 10:14:15,17691.0,7980
2021-06-16 10:14:19,17691.0,7981
2021-06-16 10:14:23,17691.0,7985
2021-06-16 10:14:27,17691.0,7987
2021-06-16 10:14:32,17691.0,7987
2021-06-16 10:14:35,17691.0,7987
2021-06-16 10:14:40,17691.0,7987
2021-06-16 10:14:44,17691.0,7988
2021-06-16 10:14:48,17691.0,7988
2021-06-16 10:14:52,17691.0,7988
2021-06-16 10:14:56,17691.0,7988
2021-06-16 10:15:00,17691.0,7988
2021-06-16 10:15:04,17691.0,7988
2021-06-16 10:15:08,17691.0,7988
2021-06-16 10:15:16,17691.0,7988
2021-06-16 10:15:20,17691.0,7988
2021-06-16 10:15:24,17691.0,7988
2021-06-16 10:15:28,17691.0,7989
2021-06-16 10:15:36,17691.0,8000
2021-06-16 10:15:40,17680.05,8096
2021-06-16 10:15:44,17680.05,8128
2021-06-16 10:15:48,17680.05,8128
2021-06-16 10:15:52,17688.75,8129
2021-06-16 10:15:56,17688.8,8143
2021-06-16 10:16:00,17689.75,8172
2021-06-16 10:16:05,17690.0,8182
2021-06-16 10:16:09,17689.75,8184
2021-06-16 10:16:12,17689.75,8190
2021-06-16 10:16:16,17689.75,8190
2021-06-16 10:16:20,17696.5,8191
2021-06-16 10:16:24,17690.0,8192
2021-06-16 10:16:27,17690.0,8192
2021-06-16 10:16:31,17690.0,8193
2021-06-16 10:16:35,17690.0,8193
2021-06-16 10:16:39,17690.0,8194
2021-06-16 10:16:43,17690.0,8194
2021-06-16 10:16:47,17690.0,8194
2021-06-16 10:16:51,17690.0,8194
2021-06-16 10:16:55,17690.0,8196
2021-06-16 10:17:00,17690.0,8196
2021-06-16 10:17:04,17690.0,8196
2021-06-16 10:17:08,17690.0,8196
2021-06-16 10:17:11,17690.0,8196
2021-06-16 10:17:16,17690.0,8196
2021-06-16 10:17:20,17690.0,8197
2021-06-16 10:17:23,17690.0,8198
2021-06-16 10:17:27,17690.0,8200
2021-06-16 10:17:30,17697.15,8201
2021-06-16 10:17:34,17690.0,8203
2021-06-16 10:17:38,17690.0,8203
2021-06-16 10:17:41,17690.0,8204
2021-06-16 10:17:45,17697.15,8205
2021-06-16 10:17:49,17697.15,8205
2021-06-16 10:17:53,17690.0,8221
2021-06-16 10:17:57,17690.0,8221
2021-06-16 10:18:01,17690.0,8222
2021-06-16 10:18:05,17690.0,8222
2021-06-16 10:18:08,17690.0,8222
2021-06-16 10:18:12,17690.0,8226
2021-06-16 10:18:16,17697.85,8227
2021-06-16 10:18:21,17697.85,8227
2021-06-16 10:18:25,17697.85,8227
2021-06-16 10:18:29,17697.85,8227
2021-06-16 10:18:33,17697.85,8227
2021-06-16 10:18:36,17690.0,8229
2021-06-16 10:18:40,17690.0,8229
2021-06-16 10:18:44,17690.0,8229
2021-06-16 10:18:48,17690.0,8229
2021-06-16 10:18:52,17690.0,8229
2021-06-16 10:18:56,17690.0,8229
2021-06-16 10:19:03,17690.0,8229
2021-06-16 10:19:06,17690.0,8230
2021-06-16 10:19:08,17690.0,8230
2021-06-16 10:19:12,17689.75,8260
2021-06-16 10:19:13,17689.75,8260
2021-06-16 10:19:14,17689.75,8260
2021-06-16 10:19:15,17689.75,8260
2021-06-16 10:19:16,17689.7,8261
2021-06-16 10:19:17,17689.7,8261
2021-06-16 10:19:18,17689.7,8261
2021-06-16 10:19:19,17689.7,8261
2021-06-16 10:19:20,17689.7,8261
2021-06-16 10:19:21,17680.6,8262
2021-06-16 10:19:22,17690.0,8263
2021-06-16 10:19:23,17690.0,8263
2021-06-16 10:19:23,17690.0,8263
2021-06-16 10:19:25,17690.0,8280
2021-06-16 10:19:29,17690.0,8281
2021-06-16 10:19:32,17690.0,8281
2021-06-16 10:19:33,17680.85,8283
2021-06-16 10:19:35,17680.85,8284
2021-06-16 10:19:36,17680.85,8284
2021-06-16 10:19:37,17680.85,8284
2021-06-16 10:19:39,17680.85,8286
2021-06-16 10:19:40,17690.0,8290
2021-06-16 10:19:41,17690.0,8290
2021-06-16 10:19:42,17690.0,8290
2021-06-16 10:19:44,17690.0,8290
2021-06-16 10:19:46,17681.2,8292
2021-06-16 10:19:47,17681.2,8292
2021-06-16 10:19:48,17681.2,8292
2021-06-16 10:19:49,17681.2,8292
2021-06-16 10:19:50,17681.2,8292
2021-06-16 10:19:51,17681.2,8292
2021-06-16 10:19:52,17688.75,8293
2021-06-16 10:19:54,17688.75,8293
2021-06-16 10:19:55,17688.65,8295
2021-06-16 10:19:57,17688.65,8295
2021-06-16 10:19:58,17688.65,8295
2021-06-16 10:19:59,17681.2,8296
2021-06-16 10:20:00,17681.2,8296
2021-06-16 10:20:01,17681.2,8296
2021-06-16 10:20:02,17681.2,8296
2021-06-16 10:20:04,17681.2,8296
2021-06-16 10:20:05,17681.2,8296
2021-06-16 10:20:06,17681.2,8296
2021-06-16 10:20:09,17681.2,8297
2021-06-16 10:20:10,17688.35,8298
2021-06-16 10:20:11,17688.35,8298
2021-06-16 10:20:12,17688.65,8303
2021-06-16 10:20:14,17688.65,8303
2021-06-16 10:20:15,17688.65,8303
2021-06-16 10:20:16,17688.65,8303
2021-06-16 10:20:17,17688.65,8303
2021-06-16 10:20:19,17688.65,8303
2021-06-16 10:20:21,17688.65,8303
2021-06-16 10:20:22,17688.65,8303
2021-06-16 10:20:24,17688.7,8304
2021-06-16 10:20:25,17688.7,8304
2021-06-16 10:20:28,17682.0,8305
2021-06-16 10:20:27,17682.0,8305
2021-06-16 10:20:29,17682.0,8306
2021-06-16 10:20:30,17682.0,8306
2021-06-16 10:20:31,17682.0,8306
2021-06-16 10:20:32,17682.0,8306
2021-06-16 10:20:33,17682.0,8307
2021-06-16 10:20:34,17682.0,8307
2021-06-16 10:20:36,17682.0,8311
2021-06-16 10:20:38,17682.0,8311
2021-06-16 10:20:39,17682.0,8311
2021-06-16 10:20:41,17688.0,8315
2021-06-16 10:20:43,17688.0,8316
2021-06-16 10:20:44,17688.0,8317
2021-06-16 10:20:45,17688.0,8317
2021-06-16 10:20:46,17687.0,8318
2021-06-16 10:20:49,17682.0,8319
2021-06-16 10:20:51,17682.0,8319
2021-06-16 10:20:52,17682.0,8319
2021-06-16 10:20:53,17687.0,8324
2021-06-16 10:20:54,17682.0,8325
2021-06-16 10:20:55,17687.0,8327
2021-06-16 10:20:58,17687.0,8327
2021-06-16 10:20:59,17687.0,8327
2021-06-16 10:21:01,17687.0,8327
2021-06-16 10:21:03,17687.0,8327
2021-06-16 10:21:04,17680.6,8345
2021-06-16 10:21:05,17680.6,8345
2021-06-16 10:21:06,17676.0,8539
2021-06-16 10:21:07,17676.0,8539
2021-06-16 10:21:08,17676.0,8539
2021-06-16 10:21:09,17676.0,8547
2021-06-16 10:21:10,17674.0,8606
2021-06-16 10:21:11,17674.0,8616
2021-06-16 10:21:12,17674.0,8617
2021-06-16 10:21:13,17675.75,8618
2021-06-16 10:21:14,17674.0,8640
2021-06-16 10:21:15,17674.0,8640
2021-06-16 10:21:16,17674.0,8640
2021-06-16 10:21:17,17674.0,8666
2021-06-16 10:21:18,17674.0,8668
2021-06-16 10:21:20,17674.0,8676
2021-06-16 10:21:21,17674.0,8676
2021-06-16 10:21:22,17674.0,8676
2021-06-16 10:21:23,17674.0,8676
2021-06-16 10:21:24,17674.0,8676
2021-06-16 10:21:25,17676.85,8695
2021-06-16 10:21:26,17677.0,8696
2021-06-16 10:21:27,17677.0,8702
2021-06-16 10:21:28,17677.0,8702
2021-06-16 10:21:29,17680.05,8722
2021-06-16 10:21:30,17680.1,8723
2021-06-16 10:21:31,17680.1,8723
2021-06-16 10:21:32,17680.1,8723
2021-06-16 10:21:33,17680.1,8723
2021-06-16 10:21:34,17681.8,8735
2021-06-16 10:21:35,17681.8,8735
2021-06-16 10:21:36,17681.8,8735
2021-06-16 10:21:37,17681.8,8735
2021-06-16 10:21:39,17686.4,8744
2021-06-16 10:21:40,17686.4,8745
2021-06-16 10:21:41,17686.4,8745
2021-06-16 10:21:42,17676.85,8746
2021-06-16 10:21:43,17676.85,8746
2021-06-16 10:21:44,17676.85,8746
2021-06-16 10:21:45,17676.85,8746
2021-06-16 10:21:46,17676.85,8746
2021-06-16 10:21:47,17676.85,8746
2021-06-16 10:21:48,17676.85,8746
2021-06-16 10:21:49,17676.85,8746
2021-06-16 10:21:51,17676.85,8746
2021-06-16 10:21:52,17676.85,8746
2021-06-16 10:21:53,17676.85,8746
2021-06-16 10:21:54,17674.8,8748
2021-06-16 10:21:55,17676.85,8750
2021-06-16 10:21:56,17676.85,8750
2021-06-16 10:21:57,17676.85,8750
2021-06-16 10:22:00,17683.3,8756
2021-06-16 10:22:00,17683.3,8756
2021-06-16 10:22:01,17683.3,8756
2021-06-16 10:22:03,17683.3,8756
2021-06-16 10:22:04,17683.9,8757
2021-06-16 10:22:05,17684.0,8765
2021-06-16 10:22:06,17684.0,8769
2021-06-16 10:22:07,17684.0,8771
2021-06-16 10:22:08,17683.25,8773
2021-06-16 10:22:09,17683.25,8773
2021-06-16 10:22:11,17683.25,8773
2021-06-16 10:22:11,17683.25,8773
2021-06-16 10:22:12,17683.25,8773
2021-06-16 10:22:13,17683.25,8773
2021-06-16 10:22:14,17683.25,8773
2021-06-16 10:22:15,17683.25,8773
2021-06-16 10:22:17,17683.25,8773
2021-06-16 10:22:17,17683.25,8773
2021-06-16 10:22:18,17683.25,8773
2021-06-16 10:22:20,17675.15,8777
2021-06-16 10:22:21,17675.15,8777
2021-06-16 10:22:22,17675.15,8777
2021-06-16 10:22:24,17675.15,8777
2021-06-16 10:22:25,17682.05,8781
2021-06-16 10:22:26,17682.05,8781
2021-06-16 10:22:27,17682.05,8781
2021-06-16 10:22:28,17682.05,8781
2021-06-16 10:22:29,17674.0,8782
2021-06-16 10:22:31,17674.0,8783
2021-06-16 10:22:31,17674.0,8783
2021-06-16 10:22:32,17675.0,8784
2021-06-16 10:22:33,17675.0,8784
2021-06-16 10:22:34,17674.0,8794
2021-06-16 10:22:36,17674.0,8794
2021-06-16 10:22:35,17674.0,8794
2021-06-16 10:22:37,17674.0,8794
2021-06-16 10:22:38,17674.0,8795
2021-06-16 10:22:39,17674.0,8800
2021-06-16 10:22:41,17674.0,8800
2021-06-16 10:22:42,17674.0,8800
2021-06-16 10:22:45,17672.55,8801
2021-06-16 10:22:45,17672.55,8801
2021-06-16 10:22:48,17672.55,8801
2021-06-16 10:22:48,17672.55,8801
2021-06-16 10:22:49,17672.55,8805
2021-06-16 10:22:50,17672.55,8805
2021-06-16 10:22:51,17672.55,8805
2021-06-16 10:22:52,17672.55,8805
2021-06-16 10:22:53,17672.55,8805
2021-06-16 10:37:40,17691.7,9711
2021-06-16 10:37:45,17693.55,9714
2021-06-16 10:37:49,17693.55,9717
2021-06-16 10:37:53,17693.55,9717
2021-06-16 10:37:56,17693.55,9717
2021-06-16 10:38:00,17694.0,9719
2021-06-16 10:38:03,17694.0,9720
2021-06-16 10:38:06,17694.0,9724
2021-06-16 10:38:10,17694.0,9724
2021-06-16 10:38:13,17685.4,9725
2021-06-16 10:38:17,17685.3,9726
2021-06-16 10:38:22,17685.3,9726
2021-06-16 10:38:26,17685.3,9726
2021-06-16 10:38:29,17685.35,9727
2021-06-16 10:38:33,17685.35,9727
2021-06-16 10:38:37,17685.35,9727
2021-06-16 10:38:40,17697.0,9751
2021-06-16 10:38:44,17688.7,9782
2021-06-16 10:38:48,17697.95,9818
2021-06-16 10:38:51,17698.0,9861
2021-06-16 10:38:55,17698.0,9927
2021-06-16 10:38:58,17698.0,9930
2021-06-16 10:39:02,17698.0,9930
2021-06-16 10:39:06,17691.15,9947
2021-06-16 10:39:10,17687.3,9961
2021-06-16 10:39:13,17687.3,9961
2021-06-16 10:39:17,17685.3,9963
2021-06-16 10:39:21,17685.3,9963
2021-06-16 10:39:25,17687.3,9966
2021-06-16 10:39:29,17687.3,9977
2021-06-16 10:39:32,17687.3,9977
2021-06-16 10:39:36,17693.9,9978
2021-06-16 10:39:40,17687.3,9980
2021-06-16 10:39:44,17687.3,9982
2021-06-16 10:39:47,17687.3,9982
2021-06-16 10:39:51,17687.3,9982
2021-06-16 10:39:56,17693.3,10001
2021-06-16 10:40:01,17690.95,10004
2021-06-16 10:40:05,17690.95,10004
2021-06-16 10:40:09,17680.1,10028
2021-06-16 10:40:13,17680.1,10033
2021-06-16 10:40:17,17680.05,10034
2021-06-16 10:40:21,17680.0,10200
2021-06-16 10:40:25,17680.0,10216
2021-06-16 10:40:29,17680.0,10220
2021-06-16 10:40:33,17680.0,10246
2021-06-16 10:40:37,17680.0,10270
2021-06-16 10:40:41,17688.95,10271
2021-06-16 10:40:49,17685.0,10282
2021-06-16 10:40:53,17685.0,10282
2021-06-16 10:40:56,17685.0,10285
2021-06-16 10:41:00,17685.0,10290
2021-06-16 10:41:04,17685.0,10293
2021-06-16 10:41:07,17685.0,10296
2021-06-16 10:41:11,17692.2,10401
2021-06-16 10:41:15,17731.15,11384
2021-06-16 10:41:20,17730.0,12070
2021-06-16 10:41:24,17707.5,12189
2021-06-16 10:41:28,17702.0,12273
2021-06-16 10:41:32,17685.0,12332
2021-06-16 10:41:36,17693.85,12340
2021-06-16 10:41:40,17693.15,12341
2021-06-16 10:41:47,17693.2,12343
2021-06-16 10:41:51,17693.2,12343
2021-06-16 10:41:55,17693.2,12343
2021-06-16 10:42:02,17703.05,12344
2021-06-16 10:42:06,17703.05,12344
2021-06-16 10:42:09,17703.05,12344
2021-06-16 10:42:13,17705.2,12347
2021-06-16 10:42:16,17708.9,12358
2021-06-16 10:42:24,17712.0,12360
2021-06-16 10:42:28,17705.0,12420
2021-06-16 10:42:32,17705.0,12420
2021-06-16 10:42:35,17702.0,12423
2021-06-16 10:42:39,17702.0,12423
2021-06-16 10:42:42,17711.95,12434
2021-06-16 10:42:45,17705.15,12437
2021-06-16 10:42:48,17705.15,12437
2021-06-16 10:42:51,17705.15,12437
2021-06-16 10:42:54,17711.1,12446
2021-06-16 10:42:58,17711.1,12446
2021-06-16 10:43:02,17712.1,12463
2021-06-16 10:43:06,17720.05,12471
2021-06-16 10:43:10,17722.95,12478
2021-06-16 10:43:14,17722.8,12481
2021-06-16 10:43:19,17724.45,12496
2021-06-16 10:43:23,17725.4,12500
2021-06-16 10:43:27,17715.1,12509
2021-06-16 10:43:31,17722.8,12510
2021-06-16 10:43:35,17711.95,12513
2021-06-16 10:43:38,17711.95,12513
2021-06-16 10:43:42,17725.0,12542
2021-06-16 10:43:45,17725.0,12546
2021-06-16 10:43:49,17725.0,12546
2021-06-16 10:43:52,17725.0,12546
2021-06-16 10:43:56,17724.55,12552
2021-06-16 10:43:59,17713.95,12579
2021-06-16 10:44:03,17712.0,12582
2021-06-16 10:44:06,17712.5,12585
2021-06-16 10:44:07,17712.5,12585
2021-06-16 10:44:08,17712.5,12585
2021-06-16 10:44:09,17722.35,12589
2021-06-16 10:44:10,17722.35,12589
2021-06-16 10:44:11,17722.35,12589
2021-06-16 10:44:12,17722.45,12590
2021-06-16 10:44:13,17725.0,12592
2021-06-16 10:44:15,17725.0,12593
2021-06-16 10:44:15,17725.0,12593
2021-06-16 10:44:16,17725.0,12593
2021-06-16 10:44:17,17725.0,12596
2021-06-16 10:44:18,17729.0,12601
2021-06-16 10:44:19,17729.0,12601
2021-06-16 10:44:20,17729.0,12601
2021-06-16 10:44:21,17725.0,12602
2021-06-16 10:44:22,17725.0,12602
2021-06-16 10:44:23,17727.55,12606
2021-06-16 10:44:25,17727.55,12606
2021-06-16 10:44:25,17727.55,12606
2021-06-16 10:44:29,17727.55,12606
2021-06-16 10:44:30,17727.55,12606
2021-06-16 10:44:30,17727.55,12606
2021-06-16 10:44:31,17727.55,12606
2021-06-16 10:44:32,17713.9,12609
2021-06-16 10:44:33,17713.9,12610
2021-06-16 10:44:34,17724.4,12613
2021-06-16 10:44:35,17724.4,12613
2021-06-16 10:44:37,17724.4,12613
2021-06-16 10:44:38,17724.4,12613
2021-06-16 10:44:39,17724.4,12613
2021-06-16 10:44:41,17714.85,12620
2021-06-16 10:44:42,17723.95,12625
2021-06-16 10:44:43,17724.0,12631
2021-06-16 10:44:44,17724.0,12631
2021-06-16 10:44:45,17724.0,12631
2021-06-16 10:44:46,17724.0,12631
2021-06-16 10:44:47,17724.0,12631
2021-06-16 10:44:48,17724.0,12631
2021-06-16 10:44:49,17724.0,12631
2021-06-16 10:44:50,17724.0,12631
2021-06-16 10:44:51,17714.85,12632
2021-06-16 10:44:52,17714.85,12632
2021-06-16 10:44:53,17714.85,12632
2021-06-16 10:44:54,17722.5,12634
2021-06-16 10:44:55,17723.1,12643
2021-06-16 10:44:56,17723.1,12643
2021-06-16 10:44:57,17723.1,12643
2021-06-16 10:44:58,17723.1,12643
2021-06-16 10:44:59,17714.5,12655
2021-06-16 10:45:00,17714.5,12655
2021-06-16 10:45:01,17722.6,12656
2021-06-16 10:45:02,17714.0,12664
2021-06-16 10:45:03,17722.6,12666
2021-06-16 10:45:05,17722.6,12666
2021-06-16 10:45:05,17722.6,12666
2021-06-16 10:45:06,17722.6,12666
2021-06-16 10:45:07,17715.0,12667
2021-06-16 10:45:08,17715.0,12667
2021-06-16 10:45:09,17715.0,12667
2021-06-16 10:45:10,17724.3,12673
2021-06-16 10:45:11,17724.3,12673
2021-06-16 10:45:12,17724.3,12674
2021-06-16 10:45:13,17724.3,12674
2021-06-16 10:45:14,17722.85,12680
2021-06-16 10:45:15,17722.85,12680
2021-06-16 10:45:16,17722.6,12681
2021-06-16 10:45:17,17722.6,12681
2021-06-16 10:45:18,17722.6,12681
2021-06-16 10:45:19,17722.6,12681
2021-06-16 10:45:20,17722.6,12681
2021-06-16 10:45:21,17715.0,12682
2021-06-16 10:45:22,17715.0,12682
2021-06-16 10:45:23,17715.0,12682
2021-06-16 10:45:24,17722.65,12687
2021-06-16 10:45:25,17722.65,12687
2021-06-16 10:45:28,17722.65,12687
2021-06-16 10:45:29,17722.6,12691
2021-06-16 10:45:30,17722.6,12692
2021-06-16 10:45:30,17722.6,12692
2021-06-16 10:45:31,17722.6,12692
2021-06-16 10:45:32,17722.6,12692
2021-06-16 10:45:33,17722.6,12692
2021-06-16 10:45:34,17722.6,12694
2021-06-16 10:45:36,17722.6,12694
2021-06-16 10:45:37,17722.6,12694
2021-06-16 10:45:38,17722.6,12694
2021-06-16 10:45:39,17722.6,12694
2021-06-16 10:45:41,17716.0,12697
2021-06-16 10:45:42,17716.0,12697
2021-06-16 10:45:43,17716.0,12697
2021-06-16 10:45:44,17722.6,12700
2021-06-16 10:45:46,17722.6,12700
2021-06-16 10:45:46,17722.6,12700
2021-06-16 10:45:47,17722.6,12709
2021-06-16 10:45:48,17722.6,12709
2021-06-16 10:45:49,17722.6,12709
2021-06-16 10:45:50,17722.6,12709
2021-06-16 10:45:51,17722.6,12709
2021-06-16 10:45:52,17722.6,12709
2021-06-16 10:45:53,17722.6,12709
2021-06-16 10:45:54,17723.0,12711
2021-06-16 10:45:55,17723.0,12714
2021-06-16 10:45:56,17723.0,12714
2021-06-16 10:45:57,17723.0,12714
2021-06-16 10:45:58,17723.0,12714
2021-06-16 10:46:00,17723.0,12714
2021-06-16 10:46:01,17723.0,12714
2021-06-16 10:46:03,17723.0,12714
2021-06-16 10:46:04,17722.9,12716
2021-06-16 10:46:05,17722.9,12717
2021-06-16 11:39:41,17790.45,24909
2021-06-16 11:39:44,17790.45,24909
2021-06-16 11:39:47,17790.45,24909
2021-06-16 11:39:50,17790.25,24910
2021-06-16 11:39:53,17790.05,24913
2021-06-16 11:39:56,17790.2,24914
2021-06-16 11:39:59,17790.2,24914
2021-06-16 11:40:02,17795.0,24916
2021-06-16 11:40:05,17795.0,24916
2021-06-16 11:40:08,17795.0,24916
2021-06-16 11:40:10,17790.0,24929
2021-06-16 11:40:13,17790.0,24929
2021-06-16 11:40:16,17790.0,24930
2021-06-16 11:40:21,17790.0,24931
2021-06-16 11:40:24,17790.0,24931
2021-06-16 11:40:26,17795.0,24932
2021-06-16 11:40:31,17795.0,24932
2021-06-16 11:40:34,17795.0,24932
2021-06-16 11:40:36,17790.0,24933
2021-06-16 11:40:39,17790.0,24935
2021-06-16 11:40:43,17790.0,24935
2021-06-16 11:40:46,17790.0,24935
2021-06-16 11:40:51,17790.0,24935
2021-06-16 11:40:54,17790.0,24936
2021-06-16 11:40:59,17790.0,24936
2021-06-16 11:41:02,17790.0,24936
2021-06-16 11:41:04,17790.0,24936
2021-06-16 11:41:09,17790.0,24937
2021-06-16 11:41:12,17790.0,24939
2021-06-16 11:41:14,17790.0,24939
2021-06-16 11:41:17,17790.0,24940
2021-06-16 11:41:19,17790.0,24940
2021-06-16 11:41:21,17790.0,24940
2021-06-16 11:41:24,17786.4,24951
2021-06-16 11:41:26,17786.4,24951
2021-06-16 11:41:30,17786.4,24951
2021-06-16 11:41:33,17786.4,24951
2021-06-16 11:41:35,17786.4,24951
2021-06-16 11:41:38,17786.4,24951
2021-06-16 11:41:41,17790.0,24953
2021-06-16 11:41:44,17785.0,24954
2021-06-16 11:41:46,17785.0,24954
2021-06-16 11:41:49,17784.95,24955
2021-06-16 11:41:51,17784.95,24955
2021-06-16 11:41:54,17784.95,24955
2021-06-16 11:41:56,17783.3,24956
2021-06-16 11:41:58,17783.3,24956
2021-06-16 11:42:00,17783.3,24956
2021-06-16 11:42:03,17783.0,24981
2021-06-16 11:42:05,17783.0,24981
2021-06-16 11:42:08,17790.0,24991
2021-06-16 11:42:10,17790.0,24991
2021-06-16 11:42:12,17781.9,24998
2021-06-16 11:42:14,17781.9,24998
2021-06-16 11:42:17,17781.9,24998
2021-06-16 11:42:19,17781.9,24998
2021-06-16 11:42:22,17781.9,24998
2021-06-16 11:42:25,17781.9,25000
2021-06-16 11:42:27,17781.9,25001
2021-06-16 11:42:30,17781.9,25001
2021-06-16 11:42:32,17781.9,25001
2021-06-16 11:42:35,17781.9,25001
2021-06-16 11:42:38,17790.0,25002
2021-06-16 11:42:40,17790.0,25002
2021-06-16 11:42:43,17790.0,25006
2021-06-16 11:42:46,17790.0,25006
2021-06-16 11:42:49,17790.0,25006
2021-06-16 11:42:52,17790.0,25007
2021-06-16 11:42:55,17790.0,25007
2021-06-16 11:42:57,17790.0,25007
2021-06-16 11:43:00,17790.0,25007
2021-06-16 11:43:03,17790.0,25007
2021-06-16 11:43:06,17790.0,25007
2021-06-16 11:43:09,17790.0,25007
2021-06-16 11:43:12,17782.0,25009
2021-06-16 11:43:15,17782.0,25009
2021-06-16 11:43:18,17782.0,25009
2021-06-16 11:43:20,17782.0,25009
2021-06-16 11:43:23,17782.0,25009
2021-06-16 11:43:25,17782.0,25009
2021-06-16 11:43:27,17782.0,25009
2021-06-16 11:43:30,17782.3,25011
2021-06-16 11:43:32,17782.3,25011
2021-06-16 11:43:35,17782.3,25011
2021-06-16 11:43:38,17782.3,25011
2021-06-16 11:43:41,17782.3,25011
2021-06-16 11:43:44,17782.3,25011
2021-06-16 11:43:46,17782.35,25012
2021-06-16 11:43:49,17782.35,25012
2021-06-16 11:43:51,17782.35,25012
2021-06-16 11:43:54,17782.35,25012
2021-06-16 11:43:57,17782.35,25012
2021-06-16 11:43:59,17782.35,25012
2021-06-16 11:44:05,17790.0,25014
2021-06-16 11:44:06,17790.0,25015
2021-06-16 11:44:07,17790.0,25015
2021-06-16 11:44:08,17790.0,25015
2021-06-16 11:44:09,17790.0,25015
2021-06-16 11:44:10,17790.0,25015
2021-06-16 11:44:11,17790.0,25015
2021-06-16 11:44:12,17790.0,25015
2021-06-16 11:44:14,17789.2,25016
2021-06-16 11:44:15,17789.2,25016
2021-06-16 11:44:16,17789.2,25016
2021-06-16 11:44:17,17789.2,25016
2021-06-16 11:44:18,17789.2,25016
2021-06-16 11:44:19,17789.2,25016
2021-06-16 11:44:20,17789.2,25016
2021-06-16 11:44:21,17789.2,25016
2021-06-16 11:44:22,17783.0,25028
2021-06-16 11:44:23,17783.0,25029
2021-06-16 11:44:24,17783.0,25029
2021-06-16 11:44:25,17783.0,25030
2021-06-16 11:44:26,17783.0,25030
2021-06-16 11:44:27,17789.05,25035
2021-06-16 11:44:28,17789.05,25035
2021-06-16 11:44:29,17789.05,25035
2021-06-16 11:44:30,17789.05,25035
2021-06-16 11:44:32,17789.05,25035
2021-06-16 11:44:37,17789.05,25035
2021-06-16 11:44:39,17789.05,25035
2021-06-16 11:44:40,17789.05,25035
2021-06-16 11:44:41,17789.05,25035
2021-06-16 11:44:42,17789.05,25035
2021-06-16 11:44:45,17789.05,25035
2021-06-16 11:44:46,17789.05,25035
2021-06-16 11:44:47,17789.05,25035
2021-06-16 11:44:51,17789.05,25035
2021-06-16 11:44:52,17789.05,25035
2021-06-16 11:44:54,17783.0,25036
2021-06-16 11:44:55,17783.0,25036
2021-06-16 11:44:57,17783.0,25036
2021-06-16 11:44:58,17783.0,25036
2021-06-16 11:44:59,17783.0,25036
2021-06-16 11:45:00,17783.0,25036
2021-06-16 11:45:03,17783.0,25037
2021-06-16 11:45:05,17783.0,25039
2021-06-16 11:45:08,17783.0,25040
2021-06-16 11:45:09,17783.0,25040
2021-06-16 11:45:10,17783.0,25040
2021-06-16 11:45:14,17783.0,25040
2021-06-16 11:45:17,17783.0,25040
2021-06-16 11:45:19,17783.0,25040
2021-06-16 11:45:20,17783.0,25040
2021-06-16 11:45:21,17783.0,25040
2021-06-16 11:45:22,17783.0,25040
2021-06-16 11:45:23,17775.0,25310
2021-06-16 11:45:24,17775.0,25310
2021-06-16 11:45:25,17775.0,25310
2021-06-16 11:45:26,17775.0,25310
2021-06-16 11:45:27,17775.0,25310
2021-06-16 11:45:28,17775.0,25310
2021-06-16 11:45:29,17775.0,25310
2021-06-16 11:45:30,17775.0,25311
2021-06-16 11:45:32,17775.0,25311
2021-06-16 11:45:33,17775.0,25311
2021-06-16 11:45:34,17775.0,25311
2021-06-16 11:45:35,17775.0,25311
2021-06-16 11:45:36,17775.0,25311
2021-06-16 11:45:37,17764.0,25908
2021-06-16 11:45:39,17770.0,25945
2021-06-16 11:45:40,17770.0,25945
2021-06-16 11:45:41,17770.0,25945
2021-06-16 11:45:42,17774.85,25947
2021-06-16 11:45:43,17774.85,25947
2021-06-16 11:45:44,17774.8,25978
2021-06-16 11:45:45,17774.8,25978
2021-06-16 11:45:46,17788.95,25988
2021-06-16 11:45:47,17788.95,25988
2021-06-16 11:45:48,17788.95,25988
2021-06-16 11:45:49,17789.0,25990
2021-06-16 11:45:52,17789.95,25991
2021-06-16 11:45:53,17789.95,25991
2021-06-16 11:45:54,17789.95,25991
2021-06-16 11:45:55,17789.95,25991
2021-06-16 11:45:57,17789.95,25991
2021-06-16 11:45:58,17789.95,25991
2021-06-16 11:45:59,17782.05,25997
2021-06-16 11:46:00,17782.05,25997
2021-06-16 11:46:01,17782.05,25997
2021-06-16 11:46:02,17782.05,25997
2021-06-16 11:46:03,17782.05,25997
2021-06-16 11:46:04,17782.5,25998
2021-06-16 11:46:07,17784.8,26022
2021-06-16 11:46:09,17784.8,26022
2021-06-16 11:46:13,17784.8,26022
2021-06-16 11:46:12,17784.8,26022
2021-06-16 11:46:14,17784.8,26022
2021-06-16 11:46:17,17784.8,26022
2021-06-16 11:46:18,17784.8,26022
2021-06-16 11:46:19,17784.8,26022
2021-06-16 11:46:20,17784.8,26022
2021-06-16 11:46:21,17784.75,26023
2021-06-16 11:46:22,17784.75,26023
2021-06-16 11:46:23,17784.75,26023
2021-06-16 11:46:24,17784.75,26023
2021-06-16 11:46:25,17784.5,26024
2021-06-16 11:46:31,17784.5,26024
2021-06-16 11:46:32,17784.5,26024
2021-06-16 11:46:33,17784.5,26024
2021-06-16 11:46:34,17784.5,26024
2021-06-16 11:46:35,17785.55,26034
2021-06-16 11:46:37,17785.55,26034
2021-06-16 11:46:38,17785.55,26034
2021-06-16 11:46:39,17785.55,26034
2021-06-16 11:46:40,17785.55,26034
2021-06-16 11:46:42,17785.55,26034
2021-06-16 11:46:43,17785.55,26034
2021-06-16 11:46:44,17785.55,26034
2021-06-16 11:46:45,17785.55,26034
2021-06-16 11:46:46,17785.55,26034
2021-06-16 11:46:47,17785.7,26044
2021-06-16 11:46:48,17785.7,26044
2021-06-16 11:46:49,17785.7,26044
2021-06-16 11:46:50,17785.7,26044
2021-06-16 11:46:51,17785.7,26044
2021-06-16 11:46:52,17785.7,26044
2021-06-16 11:46:53,17785.7,26044
2021-06-16 11:46:54,17785.7,26044
2021-06-16 11:46:56,17785.7,26044
2021-06-16 11:46:57,17785.7,26044
2021-06-16 11:46:58,17787.65,26045
2021-06-16 11:46:59,17787.65,26045
2021-06-16 11:47:01,17788.0,26046
2021-06-16 11:47:01,17788.0,26046
2021-06-16 11:47:02,17788.0,26046
2021-06-16 11:47:03,17795.0,26047
2021-06-16 11:47:04,17795.0,26047
2021-06-16 11:47:05,17795.0,26047
2021-06-16 11:47:06,17787.65,26048
2021-06-16 11:47:07,17787.65,26048
2021-06-16 11:47:08,17787.65,26048
2021-06-16 11:47:09,17787.65,26048
2021-06-16 11:47:10,17787.65,26048
2021-06-16 11:47:11,17787.65,26048
2021-06-16 11:47:12,17787.65,26048
2021-06-16 11:47:13,17787.65,26048
2021-06-16 11:47:15,17787.65,26048
2021-06-16 11:47:16,17787.65,26048
2021-06-16 11:47:17,17787.65,26048
2021-06-16 11:47:18,17787.65,26048
2021-06-16 11:47:18,17787.65,26048
2021-06-16 11:47:19,17787.65,26048
2021-06-16 11:47:20,17787.65,26048
2021-06-16 11:47:21,17787.65,26048
2021-06-16 11:47:22,17787.65,26048
2021-06-16 11:47:23,17787.65,26048
2021-06-16 11:47:24,17787.65,26048
2021-06-16 11:47:25,17787.65,26048
2021-06-16 11:47:27,17787.65,26048
2021-06-16 11:47:27,17787.65,26048
2021-06-16 11:47:28,17787.65,26048
2021-06-16 11:47:29,17787.65,26048
2021-06-16 11:47:30,17787.65,26048
2021-06-16 11:47:33,17786.8,26049
2021-06-16 11:47:33,17786.8,26049
2021-06-16 11:47:37,17786.8,26049
2021-06-16 11:47:38,17786.8,26049
2021-06-16 11:47:39,17788.0,26059
2021-06-16 11:47:40,17788.0,26060
2021-06-16 11:47:40,17788.0,26060
2021-06-16 11:47:42,17788.0,26060
2021-06-16 11:47:44,17788.0,26060
2021-06-16 11:47:44,17788.0,26060
2021-06-16 11:47:45,17788.0,26060
2021-06-16 11:47:46,17788.0,26060
2021-06-16 11:47:47,17788.0,26060
2021-06-16 11:47:48,17788.0,26060
2021-06-16 11:47:49,17788.0,26060
2021-06-16 11:47:50,17788.0,26060
2021-06-16 11:47:51,17788.0,26060
2021-06-16 11:47:52,17788.0,26060
2021-06-16 11:47:53,17788.0,26060
2021-06-16 11:47:54,17788.0,26060
2021-06-16 11:47:55,17788.0,26061
2021-06-16 11:47:56,17788.0,26061
2021-06-16 11:47:57,17788.0,26061
2021-06-16 11:47:58,17788.0,26061
2021-06-16 11:47:59,17788.0,26061
2021-06-16 11:48:02,17788.0,26061
2021-06-16 11:48:02,17788.0,26061
2021-06-16 11:48:03,17788.1,26062
2021-06-16 11:48:05,17788.1,26062
2021-06-16 11:48:06,17788.1,26062
2021-06-16 11:48:07,17794.7,26067
2021-06-16 11:48:07,17794.7,26067
2021-06-16 11:48:09,17794.7,26067
2021-06-16 11:48:10,17795.2,26079
2021-06-16 11:48:12,17795.2,26080
2021-06-16 11:48:13,17795.2,26080
2021-06-16 11:48:16,17795.2,26080
2021-06-16 11:48:16,17795.2,26080
2021-06-16 11:48:18,17795.2,26081
2021-06-16 11:48:18,17795.2,26080
2021-06-16 11:48:20,17795.2,26081
2021-06-16 11:48:21,17795.2,26081
2021-06-16 11:48:22,17795.2,26081
2021-06-16 11:48:23,17795.2,26081
2021-06-16 11:48:24,17797.7,26083
2021-06-16 11:48:30,17798.0,26085
2021-06-16 11:48:32,17798.0,26085
2021-06-16 11:48:33,17798.0,26085
2021-06-16 11:48:34,17799.0,26087
2021-06-16 11:48:36,17799.0,26087
2021-06-16 11:48:36,17799.0,26087
2021-06-16 11:48:38,17799.0,26087
2021-06-16 11:48:39,17799.0,26087
2021-06-16 11:48:40,17799.0,26087
2021-06-16 11:48:42,17799.0,26087
2021-06-16 11:48:43,17799.2,26215
2021-06-16 11:48:44,17799.2,26215
2021-06-16 11:48:46,17798.05,26216
2021-06-16 11:48:48,17798.05,26218
2021-06-16 11:48:49,17798.05,26218
2021-06-16 11:48:52,17798.05,26218
2021-06-16 11:48:52,17798.05,26218
2021-06-16 11:48:53,17798.05,26218
2021-06-16 11:48:54,17798.05,26218
2021-06-16 11:48:55,17798.05,26219
2021-06-16 11:48:56,17799.9,26229
2021-06-16 11:48:57,17799.9,26229
2021-06-16 11:48:59,17798.0,26230
2021-06-16 11:49:02,17798.0,26232
2021-06-16 11:49:03,17798.0,26232
2021-06-16 11:49:04,17798.0,26232
2021-06-16 11:49:07,17798.0,26232
2021-06-16 11:49:09,17800.0,26277
2021-06-16 11:49:11,17800.0,26277
2021-06-16 11:49:13,17800.0,26277
2021-06-16 11:49:14,17800.0,26277
2021-06-16 11:49:14,17801.0,26318
2021-06-16 11:49:16,17800.0,26327
2021-06-16 11:49:22,17800.0,26327
2021-06-16 11:49:24,17800.0,26327
2021-06-16 11:49:25,17800.0,26327
2021-06-16 11:49:27,17800.0,26327
2021-06-16 11:49:28,17791.35,26330
2021-06-16 11:49:29,17800.0,26340
2021-06-16 11:49:30,17800.0,26340
2021-06-16 11:49:33,17800.0,26340
2021-06-16 11:49:34,17800.0,26340
2021-06-16 11:49:35,17800.0,26340
2021-06-16 11:49:37,17800.0,26340
2021-06-16 11:49:38,17790.15,26360
2021-06-16 11:49:39,17790.15,26360
2021-06-16 11:49:40,17790.15,26360
2021-06-16 11:49:41,17790.15,26360
2021-06-16 11:49:42,17790.2,26361
2021-06-16 11:49:43,17790.2,26361
2021-06-16 11:49:44,17801.0,26407
2021-06-16 11:49:45,17801.0,26407
2021-06-16 11:49:48,17801.0,26407
2021-06-16 11:49:48,17790.2,26412
2021-06-16 11:49:50,17790.2,26412
2021-06-16 11:49:52,17800.95,26413
2021-06-16 11:49:53,17800.95,26413
2021-06-16 11:49:54,17800.95,26413
2021-06-16 11:49:56,17800.95,26413
2021-06-16 11:49:58,17800.95,26413
2021-06-16 11:49:59,17791.25,26420
2021-06-16 11:49:59,17791.25,26420
2021-06-16 11:50:00,17791.25,26420
2021-06-16 11:50:00,17791.25,26420
2021-06-16 11:50:02,17800.0,26421
2021-06-16 11:50:02,17800.0,26421
2021-06-16 11:50:04,17800.0,26421
2021-06-16 11:50:04,17800.0,26421
2021-06-16 11:50:05,17800.0,26421
2021-06-16 11:50:05,17800.0,26421
2021-06-16 11:50:06,17800.0,26421
2021-06-16 11:50:06,17800.0,26421
2021-06-16 11:50:07,17789.0,26438
2021-06-16 11:50:07,17789.0,26438
2021-06-16 11:50:08,17789.0,26438
2021-06-16 11:50:08,17789.0,26438
2021-06-16 11:50:09,17789.0,26438
2021-06-16 11:50:09,17789.0,26438
2021-06-16 11:50:10,17789.0,26438
2021-06-16 11:50:11,17789.0,26438
2021-06-16 11:50:10,17789.0,26438
2021-06-16 11:50:11,17789.0,26438
2021-06-16 11:50:14,17799.8,26443
2021-06-16 11:50:16,17789.2,26445
2021-06-16 11:50:14,17799.8,26443
2021-06-16 11:50:17,17789.2,26445
2021-06-16 11:50:16,17789.2,26445
2021-06-16 11:50:18,17789.2,26445
2021-06-16 11:50:17,17789.2,26445
2021-06-16 11:50:18,17789.2,26445
2021-06-16 11:50:20,17789.2,26445
2021-06-16 11:50:20,17789.2,26445
2021-06-16 11:50:22,17789.2,26447
2021-06-16 11:50:22,17789.2,26447
2021-06-16 11:50:22,17789.2,26447
2021-06-16 11:50:22,17789.2,26447
2021-06-16 11:50:24,17789.2,26447
2021-06-16 11:50:24,17789.2,26447
2021-06-16 11:50:25,17789.2,26447
2021-06-16 11:50:25,17789.2,26447
2021-06-16 11:50:26,17789.2,26477
2021-06-16 11:50:26,17789.2,26477
2021-06-16 11:50:27,17789.2,26477
2021-06-16 11:50:27,17789.2,26477
2021-06-16 11:50:28,17789.2,26477
2021-06-16 11:50:27,17789.2,26477
2021-06-16 11:50:27,17789.2,26477
2021-06-16 11:50:30,17799.2,26479
2021-06-16 11:50:30,17799.2,26479
2021-06-16 11:50:31,17789.65,26506
2021-06-16 11:50:28,17789.2,26477
2021-06-16 11:50:32,17789.65,26506
2021-06-16 11:50:30,17799.2,26479
2021-06-16 11:50:30,17799.2,26479
2021-06-16 11:50:37,17789.65,26506
2021-06-16 11:50:31,17789.65,26506
2021-06-16 11:50:38,17789.65,26506
2021-06-16 11:50:39,17789.65,26506
2021-06-16 11:50:32,17789.65,26506
2021-06-16 11:50:39,17789.65,26506
2021-06-16 11:50:40,17789.65,26506
2021-06-16 11:50:37,17789.65,26506
2021-06-16 11:50:42,17789.65,26506
2021-06-16 11:50:38,17789.65,26506
2021-06-16 11:50:39,17789.65,26506
2021-06-16 11:50:39,17789.65,26506
2021-06-16 11:50:40,17789.65,26506
2021-06-16 11:50:42,17789.65,26506
2021-06-16 11:50:44,17799.15,26508
2021-06-16 11:50:44,17799.15,26508
2021-06-16 11:50:47,17799.15,26508
2021-06-16 11:50:47,17799.15,26508
2021-06-16 11:50:48,17799.15,26508
2021-06-16 11:50:48,17799.15,26508
2021-06-16 11:50:49,17799.25,26518
2021-06-16 11:50:49,17799.25,26518
2021-06-16 11:50:49,17799.25,26518
2021-06-16 11:50:51,17799.25,26518
2021-06-16 11:50:49,17799.25,26518
2021-06-16 11:50:51,17799.25,26518
2021-06-16 11:50:54,17799.25,26518
2021-06-16 11:50:55,17799.25,26518
2021-06-16 11:50:56,17787.1,26523
2021-06-16 11:50:54,17799.25,26518
2021-06-16 11:50:58,17787.1,26523
2021-06-16 11:50:55,17799.25,26518
2021-06-16 11:50:59,17779.7,26525
2021-06-16 11:50:56,17787.1,26523
2021-06-16 11:50:58,17787.1,26523
2021-06-16 11:50:59,17779.7,26525
2021-06-16 11:51:28,17795.4,26555
2021-06-16 11:51:00,17779.7,26525
2021-06-16 11:51:29,17795.4,26555
2021-06-16 11:51:01,17779.7,26525
2021-06-16 11:51:02,17779.7,26525
2021-06-16 11:51:30,17795.25,26556
2021-06-16 11:51:03,17779.7,26525
2021-06-16 11:51:31,17795.25,26556
2021-06-16 11:51:05,17779.7,26525
2021-06-16 11:51:07,17779.7,26525
2021-06-16 11:51:08,17779.7,26525
2021-06-16 11:51:32,17795.25,26556
