timestamp,ltp,volume
2021-06-16 09:15:39,675.55,32517
2021-06-16 09:15:40,675.9,32872
2021-06-16 09:15:41,675.6,32922
2021-06-16 09:15:42,675.9,34078
2021-06-16 09:15:43,676.2,35178
2021-06-16 09:15:44,675.65,35399
2021-06-16 09:15:45,676.25,37247
2021-06-16 09:15:47,676.25,39810
2021-06-16 09:15:49,675.95,39978
2021-06-16 09:15:50,675.75,40509
2021-06-16 09:15:51,676.25,47649
2021-06-16 09:15:53,675.5,49117
2021-06-16 09:15:54,675.85,49137
2021-06-16 09:15:54,675.85,49137
2021-06-16 09:15:56,675.9,49836
2021-06-16 09:15:57,675.9,49884
2021-06-16 09:15:58,676.0,50481
2021-06-16 09:15:59,675.85,52684
2021-06-16 09:16:01,675.8,56801
2021-06-16 09:16:00,675.95,54954
2021-06-16 09:16:02,675.85,56960
2021-06-16 09:16:03,675.8,57190
2021-06-16 09:16:04,675.5,60174
2021-06-16 09:16:05,675.75,60459
2021-06-16 09:16:06,675.55,61922
2021-06-16 09:16:07,675.6,62675
2021-06-16 09:16:08,675.7,63813
2021-06-16 09:16:09,675.85,64466
2021-06-16 09:16:10,675.6,65013
2021-06-16 09:16:11,675.6,65423
2021-06-16 09:16:12,675.45,68090
2021-06-16 09:16:13,675.35,71138
2021-06-16 09:16:14,675.4,71199
2021-06-16 09:16:15,675.15,71351
2021-06-16 09:16:17,675.45,71984
2021-06-16 09:16:18,675.65,72784
2021-06-16 09:16:19,675.7,72853
2021-06-16 09:16:20,675.8,73273
2021-06-16 09:16:21,675.8,73273
2021-06-16 09:16:22,675.8,73450
2021-06-16 09:16:23,675.8,73450
2021-06-16 09:16:24,675.45,74150
2021-06-16 09:16:25,675.45,74150
2021-06-16 09:16:26,675.8,74801
2021-06-16 09:16:27,675.5,74838
2021-06-16 09:16:28,675.5,75408
2021-06-16 09:16:29,675.6,75920
2021-06-16 09:16:30,675.75,76139
2021-06-16 09:16:31,675.75,76240
2021-06-16 09:16:33,675.45,77804
2021-06-16 09:16:34,675.5,77817
2021-06-16 09:16:35,675.5,77817
2021-06-16 09:16:36,675.55,78148
2021-06-16 09:16:38,675.05,79924
2021-06-16 09:16:39,675.25,82024
2021-06-16 09:16:40,675.0,85164
2021-06-16 09:16:41,675.25,85576
2021-06-16 09:16:42,675.25,85576
2021-06-16 09:16:44,675.25,85576
2021-06-16 09:16:46,675.0,85637
2021-06-16 09:16:45,675.15,85600
2021-06-16 09:16:47,675.1,93802
2021-06-16 09:16:48,675.1,94112
2021-06-16 09:16:49,675.05,94232
2021-06-16 09:16:50,675.1,94640
2021-06-16 09:16:51,675.0,94765
2021-06-16 09:16:52,675.0,94765
2021-06-16 09:16:53,675.0,94885
2021-06-16 09:16:54,675.0,95025
2021-06-16 09:16:55,675.0,95144
2021-06-16 09:16:56,675.15,95245
2021-06-16 09:16:57,675.1,95366
2021-06-16 09:16:58,675.15,96466
2021-06-16 09:16:59,675.15,97256
2021-06-16 09:17:00,674.9,97529
2021-06-16 09:17:01,675.15,97864
2021-06-16 09:17:02,675.15,98149
2021-06-16 09:17:03,675.4,98961
2021-06-16 09:17:04,675.0,99106
2021-06-16 09:17:05,675.0,99621
2021-06-16 09:17:06,675.0,99765
2021-06-16 09:17:07,675.0,99904
2021-06-16 09:17:08,675.0,99907
2021-06-16 09:17:09,675.2,100079
2021-06-16 09:17:10,675.25,100369
2021-06-16 09:17:11,675.25,100369
2021-06-16 09:17:12,675.3,102235
2021-06-16 09:17:13,675.3,102247
2021-06-16 09:17:14,675.3,103694
2021-06-16 09:17:15,675.0,103749
2021-06-16 09:17:16,675.3,104849
2021-06-16 09:17:17,675.4,104939
2021-06-16 09:17:18,675.35,105194
2021-06-16 09:17:19,675.35,105194
2021-06-16 09:17:20,675.2,105518
2021-06-16 09:17:21,675.35,105638
2021-06-16 09:17:23,675.4,106230
2021-06-16 09:17:22,675.4,106230
2021-06-16 09:17:24,675.5,106367
2021-06-16 09:17:25,675.6,106377
2021-06-16 09:17:26,675.8,106592
2021-06-16 09:17:27,675.8,106612
2021-06-16 09:17:28,675.95,107118
2021-06-16 09:17:29,675.9,107272
2021-06-16 09:17:30,675.6,107550
2021-06-16 09:17:31,675.8,107600
2021-06-16 09:17:32,675.8,107630
2021-06-16 09:17:34,675.85,107970
2021-06-16 09:17:33,675.85,107970
2021-06-16 09:17:35,675.65,108053
2021-06-16 09:17:36,676.0,109053
2021-06-16 09:17:37,676.0,109088
2021-06-16 09:17:38,675.85,109271
2021-06-16 09:17:39,676.0,110475
2021-06-16 09:17:40,676.0,110675
2021-06-16 09:17:41,676.0,110715
2021-06-16 09:17:42,675.95,112325
2021-06-16 09:17:43,675.9,112565
2021-06-16 09:17:44,675.9,113665
2021-06-16 09:17:46,675.9,113766
2021-06-16 09:17:45,675.9,113766
2021-06-16 09:17:47,675.9,113866
2021-06-16 09:17:48,675.9,114041
2021-06-16 09:17:49,675.9,114430
2021-06-16 09:17:50,675.85,114436
2021-06-16 09:17:51,675.85,114528
2021-06-16 09:17:52,675.85,114573
2021-06-16 09:17:53,675.85,114573
2021-06-16 09:17:54,676.0,114584
2021-06-16 09:17:55,675.95,114596
2021-06-16 09:17:56,676.0,114656
2021-06-16 09:17:57,675.95,114666
2021-06-16 09:17:58,676.0,115027
2021-06-16 09:17:59,676.0,118589
2021-06-16 09:18:00,676.0,118669
2021-06-16 09:18:01,676.25,118722
2021-06-16 09:18:02,676.15,118752
2021-06-16 09:18:03,676.4,119088
2021-06-16 09:18:04,676.4,119088
2021-06-16 09:18:05,676.1,119093
2021-06-16 09:18:06,676.4,119498
2021-06-16 09:18:07,676.2,119551
2021-06-16 09:18:09,676.4,119560
2021-06-16 09:18:10,676.4,120069
2021-06-16 09:18:12,677.0,130358
2021-06-16 09:18:13,676.6,130593
2021-06-16 09:18:15,676.75,132684
2021-06-16 09:18:17,676.55,133324
2021-06-16 09:18:18,676.9,133358
2021-06-16 09:18:19,677.0,133917
2021-06-16 09:18:20,677.0,134026
2021-06-16 09:18:23,676.9,134258
2021-06-16 09:18:24,677.0,134768
2021-06-16 09:18:25,677.0,134768
2021-06-16 09:18:26,677.25,135787
2021-06-16 09:18:27,677.0,136037
2021-06-16 09:18:28,677.3,136057
2021-06-16 09:18:29,677.4,136088
2021-06-16 09:18:32,677.45,136583
2021-06-16 09:18:36,677.6,137368
2021-06-16 09:18:37,677.0,141084
2021-06-16 09:18:37,677.0,141084
2021-06-16 09:18:39,677.35,141342
2021-06-16 09:18:39,677.1,141399
2021-06-16 09:18:41,677.1,141574
2021-06-16 09:18:43,677.35,141812
2021-06-16 09:18:44,677.35,141855
2021-06-16 09:18:44,677.35,141865
2021-06-16 09:18:45,676.9,143771
2021-06-16 09:18:46,677.0,143970
2021-06-16 09:18:47,677.0,144022
2021-06-16 09:18:48,677.1,145150
2021-06-16 09:18:49,677.1,145233
2021-06-16 09:18:50,677.1,145258
2021-06-16 09:18:51,677.1,145258
2021-06-16 09:18:53,676.8,145803
2021-06-16 09:18:52,677.2,145510
2021-06-16 09:18:54,677.15,145883
2021-06-16 09:18:55,677.15,145941
2021-06-16 09:18:56,677.15,145941
2021-06-16 09:18:57,677.15,145953
2021-06-16 09:18:58,677.0,146021
2021-06-16 09:18:59,677.2,146091
2021-06-16 09:19:00,677.25,146261
2021-06-16 09:19:01,677.15,146262
2021-06-16 09:19:04,677.15,146362
2021-06-16 09:19:05,677.15,146383
2021-06-16 09:19:06,677.0,148246
2021-06-16 09:19:06,677.0,148246
2021-06-16 09:19:09,676.9,149513
2021-06-16 09:19:10,676.6,149593
2021-06-16 09:19:10,676.85,150093
2021-06-16 09:19:12,676.6,150111
2021-06-16 09:19:14,676.85,150561
2021-06-16 09:19:15,676.85,150561
2021-06-16 09:19:15,676.8,150661
2021-06-16 09:19:19,676.5,153096
2021-06-16 09:19:19,676.5,153096
2021-06-16 09:19:20,676.55,153256
2021-06-16 09:19:21,676.7,153592
2021-06-16 09:19:22,676.7,153592
2021-06-16 09:19:23,676.7,153592
2021-06-16 09:19:24,676.85,153602
2021-06-16 09:19:26,676.7,153742
2021-06-16 09:19:27,676.3,154467
2021-06-16 09:19:28,676.6,154586
2021-06-16 09:19:29,676.6,154587
2021-06-16 09:19:30,675.05,206143
2021-06-16 09:19:31,675.0,207092
2021-06-16 09:19:32,675.05,207169
2021-06-16 09:19:33,675.05,207192
2021-06-16 09:19:34,675.05,207294
2021-06-16 09:19:35,674.75,207683
2021-06-16 09:19:36,675.1,207973
2021-06-16 09:19:37,674.8,208038
2021-06-16 09:19:38,675.1,208083
2021-06-16 09:19:39,674.8,208465
2021-06-16 09:19:40,675.0,208795
2021-06-16 09:19:41,674.8,209043
2021-06-16 09:19:42,674.8,209043
2021-06-16 09:19:43,674.8,209043
2021-06-16 09:19:44,675.0,209193
2021-06-16 09:19:45,675.0,209363
2021-06-16 09:19:46,675.1,209376
2021-06-16 09:19:47,675.05,209526
2021-06-16 09:19:48,675.15,209668
2021-06-16 09:19:51,674.9,210828
2021-06-16 09:19:52,675.35,211835
2021-06-16 09:19:53,675.35,211835
2021-06-16 09:19:54,675.55,212541
2021-06-16 09:19:55,675.55,212561
2021-06-16 09:19:56,675.4,212828
2021-06-16 09:19:56,675.4,212828
2021-06-16 09:19:57,675.4,212828
2021-06-16 09:19:59,675.45,212847
2021-06-16 09:20:00,675.75,213068
2021-06-16 09:20:00,675.75,213168
2021-06-16 09:20:01,675.75,213283
2021-06-16 09:20:02,675.8,213363
2021-06-16 09:20:04,675.55,214201
2021-06-16 09:20:05,675.4,214406
2021-06-16 09:20:06,675.4,214406
2021-06-16 09:20:07,675.45,214606
2021-06-16 09:20:08,675.45,214662
2021-06-16 09:20:09,675.45,214827
2021-06-16 09:20:10,675.45,215609
2021-06-16 09:20:11,675.45,215836
2021-06-16 09:20:12,675.45,216046
2021-06-16 09:20:13,675.4,216054
2021-06-16 09:20:14,675.45,216059
2021-06-16 09:20:15,675.4,216070
2021-06-16 09:20:16,675.45,216170
2021-06-16 09:20:17,675.4,216180
2021-06-16 09:20:19,675.45,216191
2021-06-16 09:20:19,675.45,216197
2021-06-16 09:20:21,675.7,217349
2021-06-16 09:20:22,675.75,217774
2021-06-16 09:20:23,675.75,217774
2021-06-16 09:20:24,675.6,217810
2021-06-16 09:20:24,675.6,217810
2021-06-16 09:20:25,675.75,217920
2021-06-16 09:20:26,675.75,217961
2021-06-16 09:20:28,675.6,218019
2021-06-16 09:20:29,675.55,218022
2021-06-16 09:20:30,675.75,218122
2021-06-16 09:20:31,675.5,218672
2021-06-16 09:20:32,675.75,218703
2021-06-16 09:20:33,675.6,218829
2021-06-16 09:20:35,675.8,220998
2021-06-16 09:20:36,675.65,226165
2021-06-16 09:20:37,675.7,226185
2021-06-16 09:20:38,675.9,226225
2021-06-16 09:20:39,675.9,226245
2021-06-16 09:20:39,675.9,226306
2021-06-16 09:20:40,675.65,226361
2021-06-16 09:20:41,675.65,226540
2021-06-16 09:20:42,675.95,227269
2021-06-16 09:20:43,675.75,227469
2021-06-16 09:20:44,675.95,227582
2021-06-16 09:20:45,675.95,227605
2021-06-16 09:20:46,675.95,227640
2021-06-16 09:20:47,676.35,228965
2021-06-16 09:20:48,676.35,229166
2021-06-16 09:20:49,676.35,229168
2021-06-16 09:20:51,676.35,229168
2021-06-16 09:20:51,676.35,229173
2021-06-16 09:20:53,676.1,229195
2021-06-16 09:20:54,676.3,229203
2021-06-16 09:20:55,675.95,230298
2021-06-16 09:20:56,676.45,232151
2021-06-16 09:20:57,676.4,232222
2021-06-16 09:20:59,676.7,233882
2021-06-16 09:21:00,676.95,234289
2021-06-16 09:21:01,676.85,234294
2021-06-16 09:21:02,676.85,234394
2021-06-16 09:21:03,676.5,234772
2021-06-16 09:21:04,676.8,234826
2021-06-16 09:21:05,676.55,234850
2021-06-16 09:21:06,676.8,234857
2021-06-16 09:21:07,676.5,236118
2021-06-16 09:21:09,676.5,236442
2021-06-16 09:21:10,676.45,236475
2021-06-16 09:21:11,676.8,237591
2021-06-16 09:21:13,676.5,238151
2021-06-16 09:21:14,676.55,238216
2021-06-16 09:21:15,676.8,239677
2021-06-16 09:21:16,676.6,239681
2021-06-16 09:21:17,676.6,239692
2021-06-16 09:21:18,676.6,239692
2021-06-16 09:21:19,676.6,240075
2021-06-16 09:21:20,676.9,240112
2021-06-16 09:21:21,676.6,240138
2021-06-16 09:21:22,676.9,240299
2021-06-16 09:21:23,676.45,243426
2021-06-16 09:21:25,676.25,243428
2021-06-16 09:21:25,676.5,243528
2021-06-16 09:21:26,676.6,243659
2021-06-16 09:21:28,676.65,243685
2021-06-16 09:21:31,676.45,243887
2021-06-16 09:21:31,676.55,244088
2021-06-16 09:21:33,676.45,244226
2021-06-16 09:21:34,676.25,245512
2021-06-16 09:21:34,676.45,245514
2021-06-16 09:21:36,676.4,245659
2021-06-16 09:21:39,676.4,246332
2021-06-16 09:21:39,676.4,246382
2021-06-16 09:21:41,676.3,246463
2021-06-16 09:21:41,676.3,246479
2021-06-16 09:21:42,676.0,248715
2021-06-16 09:21:44,676.3,250690
2021-06-16 09:21:45,676.3,250740
2021-06-16 09:21:46,676.3,250740
2021-06-16 09:21:47,676.2,250842
2021-06-16 09:21:47,676.2,251036
2021-06-16 09:21:49,676.2,251235
2021-06-16 09:21:50,676.2,251249
2021-06-16 09:21:50,676.2,251263
2021-06-16 09:21:51,676.05,251471
2021-06-16 09:21:52,676.05,251471
2021-06-16 09:21:53,676.05,251516
2021-06-16 09:21:55,676.3,255138
2021-06-16 09:21:55,676.3,255153
2021-06-16 09:21:56,676.3,255403
2021-06-16 09:21:58,676.7,257554
2021-06-16 09:22:00,676.5,258165
2021-06-16 09:22:01,676.6,258196
2021-06-16 09:22:01,676.6,258196
2021-06-16 09:22:03,677.0,258498
2021-06-16 09:22:04,677.0,258706
2021-06-16 09:22:05,677.0,259027
2021-06-16 09:22:06,677.0,259027
2021-06-16 09:22:07,676.75,259817
2021-06-16 09:22:08,676.7,259827
2021-06-16 09:22:09,677.0,259852
2021-06-16 09:22:11,677.0,259966
2021-06-16 09:22:12,676.8,260062
2021-06-16 09:22:14,676.8,260756
2021-06-16 09:22:14,677.0,261063
2021-06-16 09:22:16,677.0,261073
2021-06-16 09:22:18,676.7,261295
2021-06-16 09:22:19,676.7,261300
2021-06-16 09:22:20,676.6,262700
2021-06-16 09:22:21,676.8,262870
2021-06-16 09:22:22,676.75,263470
2021-06-16 09:22:22,676.8,263621
2021-06-16 09:22:23,677.15,269541
2021-06-16 09:22:24,676.6,269960
2021-06-16 09:22:25,676.95,270060
2021-06-16 09:22:27,676.5,270750
2021-06-16 09:22:28,676.3,271014
2021-06-16 09:22:29,676.45,271044
2021-06-16 09:22:30,676.1,273104
2021-06-16 09:22:31,676.35,273134
2021-06-16 09:22:32,676.45,273159
2021-06-16 09:22:34,676.45,273159
2021-06-16 09:22:34,676.45,273559
2021-06-16 09:22:35,676.15,273963
2021-06-16 09:22:38,676.25,275163
2021-06-16 09:22:41,676.6,275667
2021-06-16 09:22:42,676.65,275768
2021-06-16 09:22:43,676.85,276541
2021-06-16 09:22:44,676.85,276541
2021-06-16 09:22:44,676.85,276541
2021-06-16 09:22:45,676.9,276596
2021-06-16 09:22:48,676.7,278054
2021-06-16 09:22:48,676.95,278636
2021-06-16 09:22:50,676.9,279087
2021-06-16 09:22:51,676.9,279098
2021-06-16 09:22:52,676.8,279210
2021-06-16 09:22:54,676.9,279810
2021-06-16 09:22:55,676.9,279897
2021-06-16 09:22:56,676.9,279908
2021-06-16 09:22:56,676.8,279909
2021-06-16 09:22:58,676.8,279909
2021-06-16 09:22:59,676.9,279915
2021-06-16 09:23:01,676.9,280095
2021-06-16 09:23:02,676.95,280585
2021-06-16 09:23:03,676.9,280586
2021-06-16 09:23:04,676.8,280607
2021-06-16 09:23:05,676.7,281098
2021-06-16 09:23:07,676.7,281206
2021-06-16 09:23:08,676.4,281736
2021-06-16 09:23:09,676.25,282617
2021-06-16 09:23:10,676.8,283319
2021-06-16 09:23:11,676.8,283319
2021-06-16 09:23:12,676.8,283319
2021-06-16 09:23:13,676.7,283324
2021-06-16 09:23:14,676.75,283375
2021-06-16 09:23:15,676.75,283375
2021-06-16 09:23:15,676.7,283395
2021-06-16 09:23:17,676.75,284004
2021-06-16 09:23:18,676.75,284051
2021-06-16 09:23:19,676.75,284052
2021-06-16 09:23:20,676.75,284052
2021-06-16 09:23:20,676.55,284053
2021-06-16 09:23:22,676.75,284205
2021-06-16 09:23:23,676.55,284282
2021-06-16 09:23:23,676.75,284283
2021-06-16 09:23:24,676.75,284403
2021-06-16 09:23:25,676.75,284403
2021-06-16 09:23:26,676.75,284403
2021-06-16 09:23:28,676.75,284484
2021-06-16 09:23:29,676.75,284485
2021-06-16 09:23:30,676.75,284565
2021-06-16 09:23:31,676.75,284745
2021-06-16 09:23:31,676.75,284775
2021-06-16 09:23:33,676.75,284852
2021-06-16 09:23:34,676.7,285021
2021-06-16 09:23:35,676.5,285068
2021-06-16 09:23:36,676.5,285068
2021-06-16 09:23:37,676.5,285068
2021-06-16 09:23:38,676.5,285270
2021-06-16 09:23:39,676.5,285280
2021-06-16 09:23:40,676.6,285584
2021-06-16 09:23:41,676.7,285604
2021-06-16 09:23:42,676.7,285654
2021-06-16 09:23:44,676.7,285664
2021-06-16 09:23:44,676.7,285664
2021-06-16 09:23:45,676.8,285814
2021-06-16 09:23:46,676.8,285814
2021-06-16 09:23:47,676.8,286059
2021-06-16 09:23:48,676.8,286109
2021-06-16 09:23:49,676.65,286209
2021-06-16 09:23:50,676.7,286213
2021-06-16 09:23:52,676.6,287034
2021-06-16 09:23:53,676.6,287035
2021-06-16 09:23:56,676.6,287673
2021-06-16 09:23:56,676.6,287673
2021-06-16 09:23:58,676.7,287683
2021-06-16 09:23:59,676.7,287683
2021-06-16 09:24:00,676.6,287994
2021-06-16 09:24:01,676.4,288076
2021-06-16 09:24:02,676.3,288096
2021-06-16 09:24:03,676.65,288176
2021-06-16 09:24:04,676.65,288376
2021-06-16 09:24:04,676.65,288376
2021-06-16 09:24:05,676.75,288750
2021-06-16 09:24:06,676.75,288750
2021-06-16 09:24:07,676.75,288850
2021-06-16 09:24:08,676.65,289625
2021-06-16 09:24:09,676.75,289665
2021-06-16 09:24:11,676.65,289708
2021-06-16 09:24:12,676.6,289718
2021-06-16 09:24:13,676.7,289728
2021-06-16 09:24:14,677.0,292176
2021-06-16 09:24:15,676.6,292200
2021-06-16 09:24:15,676.6,292200
2021-06-16 09:24:16,676.6,292200
2021-06-16 09:24:17,676.85,292549
2021-06-16 09:24:18,676.75,292600
2021-06-16 09:24:19,676.75,292600
2021-06-16 09:24:20,676.65,292619
2021-06-16 09:24:21,676.75,292648
2021-06-16 09:24:22,676.75,292648
2021-06-16 09:24:24,676.6,292782
2021-06-16 09:24:26,676.6,292782
2021-06-16 09:24:27,676.5,293647
2021-06-16 09:24:28,676.7,293667
2021-06-16 09:24:29,676.7,293667
2021-06-16 09:24:30,676.4,293717
2021-06-16 09:24:30,676.4,293717
2021-06-16 09:24:31,676.4,293717
2021-06-16 09:24:32,676.75,293724
2021-06-16 09:24:33,676.65,293777
2021-06-16 09:24:34,676.45,293787
2021-06-16 09:24:35,676.65,293792
2021-06-16 09:24:37,676.45,293794
2021-06-16 09:24:38,676.45,293813
2021-06-16 09:24:39,676.45,293813
2021-06-16 09:24:39,676.45,293813
2021-06-16 09:24:41,676.65,293924
2021-06-16 09:24:42,676.45,293974
2021-06-16 09:24:43,676.75,295993
2021-06-16 09:24:43,676.75,295993
2021-06-16 09:24:45,676.45,296025
2021-06-16 09:24:47,676.5,296066
2021-06-16 09:24:48,676.5,297358
2021-06-16 09:24:49,676.3,297918
2021-06-16 09:24:50,676.25,298416
2021-06-16 09:24:51,676.25,298416
2021-06-16 09:24:52,676.45,298459
2021-06-16 09:24:54,676.25,298710
2021-06-16 09:24:55,676.45,298760
2021-06-16 09:24:56,676.45,298760
2021-06-16 09:24:57,676.45,298760
2021-06-16 09:24:58,676.45,298772
2021-06-16 09:24:59,676.4,298798
2021-06-16 09:25:01,676.25,298858
2021-06-16 09:25:02,676.25,298869
2021-06-16 09:25:03,676.45,299369
2021-06-16 09:25:04,676.4,299377
2021-06-16 09:25:05,676.3,299682
2021-06-16 09:25:06,676.25,299688
2021-06-16 09:25:07,676.25,299688
2021-06-16 09:25:07,676.25,299688
2021-06-16 09:25:09,676.45,300148
2021-06-16 09:25:10,676.25,300248
2021-06-16 09:25:11,676.25,300248
2021-06-16 09:25:12,676.25,300398
2021-06-16 09:25:13,676.25,300400
2021-06-16 09:25:14,676.25,300400
2021-06-16 09:25:15,676.4,300540
2021-06-16 09:25:16,676.25,300558
2021-06-16 09:25:18,676.25,300652
2021-06-16 09:25:18,676.25,300652
2021-06-16 09:25:20,676.4,300658
2021-06-16 09:25:21,676.4,300659
2021-06-16 09:25:23,676.25,300709
2021-06-16 09:25:23,676.4,300729
2021-06-16 09:25:25,676.25,300766
2021-06-16 09:25:25,676.25,300784
2021-06-16 09:25:26,676.25,300784
2021-06-16 09:25:28,676.35,301135
2021-06-16 09:25:29,676.35,301135
2021-06-16 09:25:31,676.45,302187
2021-06-16 09:25:31,676.45,302187
2021-06-16 09:25:32,676.45,302187
2021-06-16 09:25:34,676.45,302332
2021-06-16 09:25:35,676.45,303436
2021-06-16 09:25:35,676.25,303486
2021-06-16 09:25:36,676.35,303536
2021-06-16 09:25:37,676.35,303546
2021-06-16 09:25:39,676.35,303618
2021-06-16 09:25:40,676.45,304069
2021-06-16 09:25:42,676.45,304069
2021-06-16 09:25:43,676.35,304169
2021-06-16 09:25:44,676.35,304169
2021-06-16 09:25:45,676.35,304483
2021-06-16 09:25:46,676.35,304483
2021-06-16 09:25:47,676.25,304583
2021-06-16 09:25:48,676.35,304647
2021-06-16 09:25:49,676.6,307647
2021-06-16 09:25:50,676.7,307862
2021-06-16 09:25:51,676.6,308026
2021-06-16 09:25:52,676.55,309004
2021-06-16 09:25:52,676.55,309054
2021-06-16 09:25:55,676.35,309168
2021-06-16 09:25:56,676.55,309208
2021-06-16 09:25:56,676.55,309208
2021-06-16 09:25:57,676.55,309208
2021-06-16 09:25:59,676.35,309318
2021-06-16 09:25:59,676.35,309318
2021-06-16 09:26:01,676.35,309318
2021-06-16 09:26:02,676.5,309373
2021-06-16 09:26:03,676.25,311199
2021-06-16 09:26:04,676.05,311225
2021-06-16 09:26:06,676.3,311231
2021-06-16 09:26:06,676.15,312127
2021-06-16 09:26:08,676.5,312148
2021-06-16 09:26:09,676.35,312153
2021-06-16 09:26:10,676.35,312153
2021-06-16 09:26:11,676.5,312388
2021-06-16 09:26:12,676.5,312449
2021-06-16 09:26:12,676.5,312449
2021-06-16 09:26:13,676.5,312849
2021-06-16 09:26:15,676.45,312977
2021-06-16 09:26:16,676.45,312977
2021-06-16 09:26:18,676.45,312985
2021-06-16 09:26:19,676.35,313014
2021-06-16 09:26:20,676.15,313408
2021-06-16 09:26:21,676.15,313408
2021-06-16 09:26:21,676.15,313408
2021-06-16 09:26:22,676.45,313527
2021-06-16 09:26:23,676.5,313927
2021-06-16 09:26:24,676.2,314046
2021-06-16 09:26:26,676.2,314456
2021-06-16 09:26:27,675.9,320413
2021-06-16 09:26:28,675.9,320433
2021-06-16 09:26:29,675.9,320439
2021-06-16 09:26:30,675.9,320439
2021-06-16 09:26:31,675.9,320439
2021-06-16 09:26:32,675.75,320540
2021-06-16 09:26:32,675.9,320539
2021-06-16 09:26:33,675.75,320540
2021-06-16 09:26:34,675.8,321584
2021-06-16 09:26:36,676.2,321585
2021-06-16 09:26:36,676.2,321585
2021-06-16 09:26:37,676.2,321685
2021-06-16 09:26:39,676.25,321725
2021-06-16 09:26:40,675.9,321772
2021-06-16 09:26:41,675.9,321877
2021-06-16 09:26:42,676.0,321882
2021-06-16 09:26:43,676.0,321882
2021-06-16 09:26:44,676.0,321882
2021-06-16 09:26:45,676.0,321926
2021-06-16 09:26:46,676.0,321926
2021-06-16 09:26:48,675.5,324541
2021-06-16 09:26:47,675.5,324541
2021-06-16 09:26:49,675.75,324556
2021-06-16 09:26:50,675.75,324556
2021-06-16 09:26:51,675.75,324606
2021-06-16 09:26:52,675.75,324606
2021-06-16 09:26:53,675.5,324626
2021-06-16 09:26:54,675.5,324726
2021-06-16 09:26:55,675.5,325444
2021-06-16 09:26:56,675.5,325444
2021-06-16 09:26:57,675.7,325555
2021-06-16 09:26:58,675.7,325555
2021-06-16 09:26:59,675.5,325572
2021-06-16 09:27:00,675.5,325582
2021-06-16 09:27:01,675.55,325594
2021-06-16 09:27:02,675.6,325604
2021-06-16 09:27:03,675.85,325606
2021-06-16 09:27:04,675.9,325841
2021-06-16 09:27:05,675.9,325895
2021-06-16 09:27:06,675.9,325895
2021-06-16 09:27:07,675.6,325996
2021-06-16 09:27:09,675.95,326001
2021-06-16 09:27:10,675.75,326003
2021-06-16 09:27:11,675.75,326003
2021-06-16 09:27:14,675.35,326499
2021-06-16 09:27:16,675.15,326962
2021-06-16 09:27:17,675.2,327136
2021-06-16 09:27:18,675.4,327183
2021-06-16 09:27:19,675.4,327188
2021-06-16 09:27:20,675.15,327338
2021-06-16 09:27:21,675.4,327412
2021-06-16 09:27:22,675.4,327412
2021-06-16 09:27:23,675.4,327412
2021-06-16 09:27:24,675.4,327412
2021-06-16 09:27:25,675.4,328882
2021-06-16 09:27:26,675.4,328882
2021-06-16 09:27:28,675.6,329082
2021-06-16 09:27:27,675.6,329082
2021-06-16 09:27:29,675.4,329102
2021-06-16 09:27:30,675.65,329202
2021-06-16 09:27:31,675.4,329252
2021-06-16 09:27:32,675.4,329252
2021-06-16 09:27:33,675.4,329252
2021-06-16 09:27:34,675.45,329462
2021-06-16 09:27:35,675.65,329667
2021-06-16 09:27:36,675.75,330730
2021-06-16 09:27:37,675.75,330741
2021-06-16 09:27:38,675.75,330741
2021-06-16 09:27:39,675.75,330741
2021-06-16 09:27:40,675.75,330750
2021-06-16 09:27:41,675.9,330925
2021-06-16 09:27:43,676.0,331492
2021-06-16 09:27:44,676.05,332301
2021-06-16 09:27:45,676.2,332311
2021-06-16 09:27:46,676.05,332411
2021-06-16 09:27:47,676.25,332415
2021-06-16 09:27:48,676.25,332416
2021-06-16 09:27:49,676.25,332416
2021-06-16 09:27:50,676.25,332456
2021-06-16 09:27:51,676.0,334779
2021-06-16 09:27:52,675.95,334889
2021-06-16 09:27:53,675.95,334889
2021-06-16 09:27:54,676.15,335289
2021-06-16 09:27:56,676.35,336289
2021-06-16 09:27:55,676.35,336289
2021-06-16 09:27:57,676.35,336293
2021-06-16 09:27:58,676.05,336338
2021-06-16 09:27:59,676.35,336408
2021-06-16 09:28:00,676.0,336808
2021-06-16 09:28:01,676.0,336884
2021-06-16 09:28:02,676.35,337184
2021-06-16 09:28:03,676.05,337275
2021-06-16 09:28:04,676.15,337385
2021-06-16 09:28:05,676.25,337389
2021-06-16 09:28:06,676.0,337394
2021-06-16 09:28:07,676.15,337397
2021-06-16 09:28:08,676.15,337397
2021-06-16 09:28:09,676.25,337491
2021-06-16 09:28:10,676.25,337491
2021-06-16 09:28:11,676.1,337492
2021-06-16 09:28:12,676.15,337517
2021-06-16 09:28:13,676.4,337860
2021-06-16 09:28:14,676.4,337860
2021-06-16 09:28:15,676.5,338074
2021-06-16 09:28:16,676.55,338578
2021-06-16 09:28:17,676.45,338588
2021-06-16 09:28:18,676.7,338606
2021-06-16 09:28:19,676.7,338621
2021-06-16 09:28:20,676.6,338641
2021-06-16 09:28:22,676.65,338749
2021-06-16 09:28:23,676.5,338852
2021-06-16 09:28:24,676.75,339327
2021-06-16 09:28:25,676.7,339353
2021-06-16 09:28:26,676.7,339353
2021-06-16 09:28:27,676.7,339353
2021-06-16 09:28:28,676.7,339353
2021-06-16 09:28:29,676.7,339353
2021-06-16 09:28:30,676.65,339403
2021-06-16 09:28:31,676.65,339403
2021-06-16 09:28:32,676.5,340175
2021-06-16 09:28:33,676.5,340275
2021-06-16 09:28:34,676.5,340275
2021-06-16 09:28:35,676.5,340300
2021-06-16 09:28:36,676.5,340300
2021-06-16 09:28:37,676.5,340350
2021-06-16 09:28:38,676.5,340350
2021-06-16 09:28:39,676.5,340350
2021-06-16 09:28:40,676.6,340360
2021-06-16 09:28:41,676.2,343791
2021-06-16 09:28:42,676.25,343801
2021-06-16 09:28:43,676.6,344001
2021-06-16 09:28:44,676.45,344444
2021-06-16 09:28:45,676.45,344444
2021-06-16 09:28:46,676.45,344468
2021-06-16 09:28:47,676.4,344543
2021-06-16 09:28:48,676.15,344844
2021-06-16 09:28:49,676.15,345043
2021-06-16 09:28:50,676.3,345047
2021-06-16 09:28:51,676.0,345480
2021-06-16 09:28:52,676.25,345850
2021-06-16 09:28:53,675.95,345884
2021-06-16 09:28:55,676.3,345984
2021-06-16 09:28:56,676.35,346087
2021-06-16 09:28:57,676.0,346207
2021-06-16 09:28:58,676.3,346358
2021-06-16 09:28:59,676.0,346508
2021-06-16 09:29:00,676.0,346508
2021-06-16 09:29:02,676.45,347058
2021-06-16 09:29:02,676.45,347058
2021-06-16 09:29:03,676.3,347261
2021-06-16 09:29:04,676.5,347286
2021-06-16 09:29:05,676.5,347300
2021-06-16 09:29:06,676.5,347300
2021-06-16 09:29:07,676.5,347315
2021-06-16 09:29:08,676.55,347615
2021-06-16 09:29:09,676.55,347615
2021-06-16 09:29:10,676.6,347815
2021-06-16 09:29:11,676.6,347815
2021-06-16 09:29:12,676.5,348488
2021-06-16 09:29:13,676.5,348488
2021-06-16 09:29:14,676.5,348621
2021-06-16 09:29:15,676.5,348621
2021-06-16 09:29:16,676.5,348621
2021-06-16 09:29:17,676.5,348621
2021-06-16 09:29:18,676.25,348719
2021-06-16 09:29:19,676.5,348729
2021-06-16 09:29:20,676.25,348759
2021-06-16 09:29:22,676.55,348859
2021-06-16 09:29:24,676.35,349425
2021-06-16 09:29:25,676.35,349425
2021-06-16 09:29:26,676.35,349425
2021-06-16 09:29:28,676.35,349425
2021-06-16 09:29:29,676.25,349428
2021-06-16 09:29:31,676.0,349687
2021-06-16 09:29:34,676.0,350016
2021-06-16 09:29:36,675.8,350253
2021-06-16 09:29:39,675.8,350283
2021-06-16 09:29:40,675.95,350423
2021-06-16 09:29:41,675.65,350469
2021-06-16 09:29:41,675.95,350678
2021-06-16 09:29:42,675.95,350682
2021-06-16 09:29:43,675.95,350782
2021-06-16 09:29:44,675.95,350782
2021-06-16 09:29:45,675.75,350790
2021-06-16 09:29:46,675.75,350823
2021-06-16 09:29:47,675.55,350854
2021-06-16 09:29:48,675.55,350865
2021-06-16 09:29:49,675.5,350890
2021-06-16 09:29:50,675.45,351100
2021-06-16 09:29:51,675.4,351110
2021-06-16 09:29:52,675.35,352040
2021-06-16 09:29:54,675.35,352073
2021-06-16 09:29:55,675.35,352073
2021-06-16 09:29:56,675.35,352083
2021-06-16 09:29:57,675.3,352184
2021-06-16 09:29:58,675.1,352347
2021-06-16 09:29:59,675.1,352592
2021-06-16 09:30:00,675.35,352703
2021-06-16 09:30:01,675.25,353522
2021-06-16 09:30:02,675.25,353749
2021-06-16 09:30:04,675.25,353784
2021-06-16 09:30:04,675.25,353786
2021-06-16 09:30:05,675.25,353786
2021-06-16 09:30:06,675.3,354336
2021-06-16 09:30:07,675.3,354339
2021-06-16 09:30:10,674.55,367800
2021-06-16 09:30:11,674.55,367823
2021-06-16 09:30:12,674.55,367934
2021-06-16 09:30:13,674.5,368464
2021-06-16 09:30:14,674.35,370513
2021-06-16 09:30:15,674.35,370643
2021-06-16 09:30:16,674.35,370643
2021-06-16 09:30:17,674.25,370706
2021-06-16 09:30:18,674.25,371239
2021-06-16 09:30:19,674.25,374209
2021-06-16 09:30:20,674.5,374949
2021-06-16 09:30:21,674.5,374949
2021-06-16 09:30:23,674.5,374949
2021-06-16 09:30:23,674.35,374952
2021-06-16 09:30:25,674.5,375329
2021-06-16 09:30:25,674.5,375330
2021-06-16 09:30:26,674.25,375463
2021-06-16 09:30:27,674.4,375541
2021-06-16 09:30:28,674.4,375541
2021-06-16 09:30:29,674.4,375676
2021-06-16 09:30:31,674.65,376422
2021-06-16 09:30:32,674.65,376453
2021-06-16 09:30:33,674.7,376673
2021-06-16 09:30:34,674.75,376873
2021-06-16 09:30:35,674.55,376888
2021-06-16 09:30:36,674.75,376894
2021-06-16 09:30:37,674.75,376944
2021-06-16 09:30:38,674.75,377249
2021-06-16 09:30:39,674.65,377659
2021-06-16 09:30:41,674.45,378862
2021-06-16 09:30:43,674.55,379501
2021-06-16 09:30:44,674.75,379641
2021-06-16 09:30:46,674.7,379902
2021-06-16 09:30:47,674.7,380114
2021-06-16 09:30:49,674.7,380587
2021-06-16 09:30:49,674.7,380682
2021-06-16 09:30:50,675.2,381402
2021-06-16 09:30:52,675.2,381720
2021-06-16 09:30:53,675.2,381820
2021-06-16 09:30:54,675.0,381881
2021-06-16 09:30:54,675.0,381893
2021-06-16 09:30:55,675.0,382055
2021-06-16 09:30:56,675.0,382138
2021-06-16 09:30:58,675.2,382480
2021-06-16 09:30:58,675.2,382501
2021-06-16 09:31:00,675.2,382501
2021-06-16 09:31:01,675.15,382560
2021-06-16 09:31:01,675.15,382561
2021-06-16 09:31:02,675.0,382569
2021-06-16 09:31:04,675.0,382685
2021-06-16 09:31:04,675.15,382777
2021-06-16 09:31:05,675.15,382817
2021-06-16 09:31:06,675.2,383131
2021-06-16 09:31:07,675.2,383131
2021-06-16 09:31:08,675.2,383146
2021-06-16 09:31:10,675.2,383147
2021-06-16 09:31:10,675.2,383467
2021-06-16 09:31:11,675.2,383467
2021-06-16 09:31:12,674.75,384013
2021-06-16 09:31:13,674.75,384122
2021-06-16 09:31:14,674.75,384126
2021-06-16 09:31:15,675.0,384166
2021-06-16 09:31:16,675.05,384524
2021-06-16 09:31:17,675.05,384524
2021-06-16 09:31:19,675.0,384574
2021-06-16 09:31:19,675.0,384649
2021-06-16 09:31:20,675.0,384799
2021-06-16 09:31:21,675.0,384799
2021-06-16 09:31:22,674.75,384906
2021-06-16 09:31:23,674.75,384972
2021-06-16 09:31:24,674.65,385081
2021-06-16 09:31:25,674.75,385119
2021-06-16 09:31:27,674.65,385149
2021-06-16 09:31:27,674.75,385246
2021-06-16 09:31:29,674.65,385266
2021-06-16 09:31:30,674.7,385274
2021-06-16 09:31:31,674.65,385681
2021-06-16 09:31:31,674.65,385681
2021-06-16 09:31:33,674.65,386000
2021-06-16 09:31:34,674.55,386057
2021-06-16 09:31:35,674.55,386309
2021-06-16 09:31:35,674.65,386709
2021-06-16 09:31:37,674.75,386859
2021-06-16 09:31:37,674.75,386859
2021-06-16 09:31:38,674.75,386860
2021-06-16 09:31:39,674.75,386912
2021-06-16 09:31:41,674.75,386912
2021-06-16 09:31:43,674.75,388488
2021-06-16 09:31:44,674.75,388488
2021-06-16 09:31:46,674.75,388511
2021-06-16 09:31:48,674.55,388594
2021-06-16 09:31:48,674.75,389027
2021-06-16 09:31:49,674.75,389307
2021-06-16 09:31:50,674.55,389389
2021-06-16 09:31:51,674.75,389416
2021-06-16 09:31:55,674.95,390111
2021-06-16 09:31:56,674.7,390283
2021-06-16 09:31:57,674.9,390682
2021-06-16 09:31:59,674.9,390699
2021-06-16 09:32:00,675.0,391200
2021-06-16 09:32:01,674.9,391413
2021-06-16 09:32:02,675.1,392060
2021-06-16 09:32:03,675.3,392816
2021-06-16 09:32:04,675.3,392816
2021-06-16 09:32:05,675.3,392833
2021-06-16 09:32:06,675.3,392857
2021-06-16 09:32:07,675.3,392862
2021-06-16 09:32:08,675.3,392986
2021-06-16 09:32:09,675.45,394024
2021-06-16 09:32:10,675.45,394036
2021-06-16 09:32:12,675.3,394140
2021-06-16 09:32:13,675.4,394195
2021-06-16 09:32:14,675.5,394419
2021-06-16 09:32:15,675.5,394422
2021-06-16 09:32:17,675.45,394496
2021-06-16 09:32:17,675.35,394518
2021-06-16 09:32:19,675.1,394644
2021-06-16 09:32:19,675.1,394585
2021-06-16 09:32:20,675.45,394661
2021-06-16 09:32:21,675.2,394665
2021-06-16 09:32:22,675.45,394691
2021-06-16 09:32:23,675.45,394691
2021-06-16 09:32:24,675.45,394711
2021-06-16 09:32:25,675.5,395130
2021-06-16 09:32:26,675.6,395289
2021-06-16 09:32:27,675.6,395292
2021-06-16 09:32:28,675.6,395293
2021-06-16 09:32:29,675.25,395693
2021-06-16 09:32:30,675.25,396076
2021-06-16 09:32:31,675.45,396233
2021-06-16 09:32:32,675.25,396235
2021-06-16 09:32:33,675.45,396357
2021-06-16 09:32:34,675.55,396384
2021-06-16 09:32:35,675.55,396385
2021-06-16 09:32:36,675.6,396452
2021-06-16 09:32:37,675.6,396452
2021-06-16 09:32:38,675.6,396452
2021-06-16 09:32:39,675.5,396742
2021-06-16 09:32:40,675.4,396744
2021-06-16 09:32:41,675.5,396807
2021-06-16 09:32:43,675.5,396807
2021-06-16 09:32:43,675.5,396807
2021-06-16 09:32:44,675.5,396807
2021-06-16 09:32:45,675.4,396837
2021-06-16 09:32:46,675.15,397267
2021-06-16 09:32:48,675.25,397367
2021-06-16 09:32:48,675.25,397381
2021-06-16 09:32:49,675.4,397494
2021-06-16 09:32:50,675.2,397496
2021-06-16 09:32:52,675.1,397738
2021-06-16 09:32:53,675.4,397899
2021-06-16 09:32:54,675.4,397899
2021-06-16 09:32:54,675.5,399545
2021-06-16 09:32:56,675.5,399595
2021-06-16 09:32:56,675.5,399595
2021-06-16 09:32:58,675.5,399595
2021-06-16 09:32:58,675.5,399595
2021-06-16 09:33:01,675.3,399937
2021-06-16 09:33:03,675.3,399957
2021-06-16 09:33:04,675.3,399957
2021-06-16 09:33:05,675.25,400003
2021-06-16 09:33:06,675.25,400025
2021-06-16 09:33:07,675.45,400077
2021-06-16 09:33:08,675.45,400097
2021-06-16 09:33:09,675.45,400097
2021-06-16 09:33:11,675.45,400334
2021-06-16 09:33:12,675.45,400334
2021-06-16 09:33:13,675.25,400337
2021-06-16 09:33:14,675.2,400340
2021-06-16 09:33:15,675.2,400340
2021-06-16 09:33:16,675.5,400620
2021-06-16 09:33:17,675.5,400620
2021-06-16 09:33:18,675.5,400821
2021-06-16 09:33:19,675.6,401355
2021-06-16 09:33:20,675.45,401360
2021-06-16 09:33:21,675.45,401360
2021-06-16 09:33:22,675.45,401400
2021-06-16 09:33:23,675.45,401400
2021-06-16 09:33:24,675.5,401500
2021-06-16 09:33:25,675.55,401728
2021-06-16 09:33:26,675.65,401928
2021-06-16 09:33:27,675.65,401928
2021-06-16 09:33:28,675.65,401928
2021-06-16 09:33:29,675.65,401928
2021-06-16 09:33:30,675.65,402362
2021-06-16 09:33:31,675.65,402447
2021-06-16 09:33:32,675.85,402908
2021-06-16 09:33:33,675.8,402921
2021-06-16 09:33:34,675.85,402951
2021-06-16 09:33:35,675.85,402951
2021-06-16 09:33:36,675.7,403001
2021-06-16 09:33:37,675.7,403001
2021-06-16 09:33:38,675.65,403121
2021-06-16 09:33:39,675.65,403121
2021-06-16 09:33:40,675.6,403202
2021-06-16 09:33:41,675.45,403213
2021-06-16 09:33:42,675.4,403233
2021-06-16 09:33:43,675.5,403263
2021-06-16 09:33:44,675.5,403474
2021-06-16 09:33:44,675.5,403491
2021-06-16 09:33:46,675.5,403511
2021-06-16 09:33:47,675.5,403511
2021-06-16 09:33:48,675.5,403511
2021-06-16 09:33:49,675.5,403530
2021-06-16 09:33:51,675.45,403835
2021-06-16 09:33:51,675.45,403885
2021-06-16 09:33:52,675.45,403888
2021-06-16 09:33:53,675.4,403898
2021-06-16 09:33:54,675.4,403920
2021-06-16 09:33:56,675.45,403934
2021-06-16 09:33:57,675.45,403965
2021-06-16 09:33:58,675.5,403973
2021-06-16 09:33:59,675.5,404051
2021-06-16 09:34:00,675.5,404069
2021-06-16 09:34:00,675.5,404066
2021-06-16 09:34:02,675.5,404073
2021-06-16 09:34:03,675.5,404074
2021-06-16 09:34:04,675.75,404234
2021-06-16 09:34:04,675.8,404434
2021-06-16 09:34:06,675.8,404436
2021-06-16 09:34:07,675.5,404750
2021-06-16 09:34:09,675.5,404905
2021-06-16 09:34:10,675.55,405076
2021-06-16 09:34:11,675.6,405110
2021-06-16 09:34:12,675.7,407113
2021-06-16 09:34:13,675.7,407114
2021-06-16 09:34:13,675.7,407114
2021-06-16 09:34:14,675.5,407124
2021-06-16 09:34:16,675.7,407151
2021-06-16 09:34:17,675.7,407181
2021-06-16 09:34:18,675.7,407581
2021-06-16 09:34:18,675.7,407581
2021-06-16 09:34:19,675.7,407581
2021-06-16 09:34:20,675.6,407717
2021-06-16 09:34:22,675.7,407832
2021-06-16 09:34:23,675.65,407931
2021-06-16 09:34:24,675.5,407941
2021-06-16 09:34:25,675.5,407965
2021-06-16 09:34:25,675.5,407965
2021-06-16 09:34:26,675.65,408045
2021-06-16 09:34:28,675.7,408287
2021-06-16 09:34:29,675.7,408292
2021-06-16 09:34:30,675.7,408292
2021-06-16 09:34:31,675.7,408307
2021-06-16 09:34:32,675.4,408596
2021-06-16 09:34:32,675.4,408596
2021-06-16 09:34:35,675.3,409369
2021-06-16 09:34:36,675.35,409522
2021-06-16 09:34:37,675.35,409628
2021-06-16 09:34:38,675.35,409718
2021-06-16 09:34:39,675.35,410286
2021-06-16 09:34:39,675.35,409736
2021-06-16 09:34:40,675.1,411053
2021-06-16 09:34:42,675.1,411453
2021-06-16 09:34:43,675.1,411453
2021-06-16 09:34:44,675.1,411453
2021-06-16 09:34:45,675.0,411563
2021-06-16 09:34:47,675.1,412540
2021-06-16 09:34:48,674.95,412664
2021-06-16 09:34:50,674.95,412714
2021-06-16 09:34:50,674.95,412714
2021-06-16 09:34:51,674.75,412824
2021-06-16 09:34:52,674.75,413131
2021-06-16 09:34:53,674.55,413141
2021-06-16 09:34:55,674.75,413596
2021-06-16 09:34:56,674.75,413596
2021-06-16 09:34:57,674.35,415651
2021-06-16 09:34:57,674.3,415807
2021-06-16 09:34:58,674.3,415816
2021-06-16 09:34:59,674.3,415816
2021-06-16 09:35:00,674.25,415907
2021-06-16 09:35:01,674.25,415926
2021-06-16 09:35:02,674.25,416208
2021-06-16 09:35:04,674.2,416433
2021-06-16 09:35:05,674.25,416716
2021-06-16 09:35:06,674.25,416780
2021-06-16 09:35:07,674.2,417285
2021-06-16 09:35:07,674.25,416980
2021-06-16 09:35:08,674.2,417579
2021-06-16 09:35:09,674.5,417709
2021-06-16 09:35:11,674.55,417889
2021-06-16 09:35:12,674.9,418075
2021-06-16 09:35:13,674.9,418075
2021-06-16 09:35:14,674.5,420475
2021-06-16 09:35:14,674.45,420075
2021-06-16 09:35:15,674.2,421745
2021-06-16 09:35:17,674.5,422010
2021-06-16 09:35:18,674.55,422099
2021-06-16 09:35:19,674.3,422109
2021-06-16 09:35:19,674.45,422111
2021-06-16 09:35:21,674.45,422111
2021-06-16 09:35:22,674.7,422141
2021-06-16 09:35:24,674.8,422581
2021-06-16 09:35:25,674.9,425119
2021-06-16 09:35:26,674.9,425119
2021-06-16 09:35:27,674.9,425219
2021-06-16 09:35:28,674.9,425219
2021-06-16 09:35:28,674.9,425219
2021-06-16 09:35:29,674.9,425219
2021-06-16 09:35:31,674.65,425444
2021-06-16 09:35:32,674.6,425512
2021-06-16 09:35:33,674.6,425556
2021-06-16 09:35:34,674.6,425568
2021-06-16 09:35:35,674.7,425808
2021-06-16 09:35:35,674.7,425856
2021-06-16 09:35:36,674.95,426181
2021-06-16 09:35:37,674.95,426181
2021-06-16 09:35:38,674.9,426184
2021-06-16 09:35:40,674.9,426184
2021-06-16 09:35:41,674.9,426234
2021-06-16 09:35:42,674.95,426513
2021-06-16 09:35:43,674.95,426513
2021-06-16 09:35:44,674.95,426515
2021-06-16 09:35:45,674.95,426515
2021-06-16 09:35:46,674.95,426515
2021-06-16 09:35:47,674.65,426572
2021-06-16 09:35:47,674.65,426583
2021-06-16 09:35:49,674.65,426605
2021-06-16 09:35:50,674.95,426635
2021-06-16 09:35:51,674.95,426735
2021-06-16 09:35:52,674.65,426855
2021-06-16 09:35:53,674.65,426880
2021-06-16 09:35:54,674.9,427000
2021-06-16 09:35:55,674.6,427004
2021-06-16 09:35:56,674.65,427027
2021-06-16 09:35:56,674.65,427031
2021-06-16 09:35:57,674.9,427036
2021-06-16 09:35:59,674.9,427066
2021-06-16 09:36:00,674.9,427082
2021-06-16 09:36:01,674.9,427141
2021-06-16 09:36:02,674.9,427153
2021-06-16 09:36:03,675.0,427275
2021-06-16 09:36:04,674.9,427327
2021-06-16 09:36:06,674.95,427372
2021-06-16 09:36:07,674.95,427386
2021-06-16 09:36:08,674.95,427412
2021-06-16 09:36:09,674.95,427523
2021-06-16 09:36:09,674.95,427523
2021-06-16 09:36:10,674.95,427524
2021-06-16 09:36:11,674.9,427529
2021-06-16 09:36:13,674.9,427529
2021-06-16 09:36:14,675.0,427631
2021-06-16 09:36:15,674.75,427736
2021-06-16 09:36:16,674.9,427784
2021-06-16 09:36:16,674.9,427784
2021-06-16 09:36:17,674.9,427885
2021-06-16 09:36:18,674.9,427885
2021-06-16 09:36:20,674.8,427906
2021-06-16 09:36:21,674.9,428036
2021-06-16 09:36:22,674.9,428183
2021-06-16 09:36:23,674.9,428362
2021-06-16 09:36:24,674.9,428424
2021-06-16 09:36:24,675.0,428536
2021-06-16 09:36:25,675.0,428536
2021-06-16 09:36:26,675.0,428561
2021-06-16 09:36:27,675.0,428561
2021-06-16 09:36:28,674.9,428562
2021-06-16 09:36:30,674.9,428585
2021-06-16 09:36:31,674.9,428590
2021-06-16 09:36:32,674.9,428601
2021-06-16 09:36:33,674.9,428613
2021-06-16 09:36:34,674.9,428613
2021-06-16 09:36:35,674.9,428613
2021-06-16 09:36:36,674.9,428613
2021-06-16 09:36:37,674.9,428613
2021-06-16 09:36:38,675.0,428843
2021-06-16 09:36:39,675.0,429053
2021-06-16 09:36:40,675.0,429053
2021-06-16 09:36:41,674.8,429128
2021-06-16 09:36:42,674.8,429441
2021-06-16 09:36:43,674.75,429586
2021-06-16 09:36:44,674.9,429663
2021-06-16 09:36:45,674.9,429723
2021-06-16 09:36:46,675.0,429755
2021-06-16 09:36:47,675.0,429756
2021-06-16 09:36:48,675.75,443584
2021-06-16 09:36:48,675.75,443584
2021-06-16 09:36:51,675.75,444186
2021-06-16 09:36:54,675.6,444711
2021-06-16 09:36:55,675.6,444711
2021-06-16 09:36:56,675.6,445187
2021-06-16 09:36:57,675.55,445469
2021-06-16 09:36:58,675.6,446008
2021-06-16 09:36:59,675.4,446667
2021-06-16 09:37:00,675.4,446677
2021-06-16 09:37:02,675.4,446767
2021-06-16 09:37:03,675.4,446767
2021-06-16 09:37:04,675.3,446875
2021-06-16 09:37:05,675.25,446921
2021-06-16 09:37:06,675.3,447136
2021-06-16 09:37:07,675.2,447154
2021-06-16 09:37:09,675.15,447612
2021-06-16 09:37:09,675.15,447600
2021-06-16 09:37:10,675.2,447625
2021-06-16 09:37:12,675.15,447668
2021-06-16 09:37:13,675.3,448077
2021-06-16 09:37:14,675.3,448159
2021-06-16 09:37:15,675.3,448175
2021-06-16 09:37:16,675.5,448259
2021-06-16 09:37:17,675.5,448524
2021-06-16 09:37:18,675.3,448829
2021-06-16 09:37:19,675.3,448890
2021-06-16 09:37:19,675.3,448902
2021-06-16 09:37:20,675.3,448904
2021-06-16 09:37:22,675.35,449107
2021-06-16 09:37:23,675.75,449664
2021-06-16 09:37:24,675.4,449682
2021-06-16 09:37:25,675.4,449685
2021-06-16 09:37:26,675.25,449697
2021-06-16 09:37:27,675.25,449699
2021-06-16 09:37:28,675.4,449992
2021-06-16 09:37:29,675.6,450075
2021-06-16 09:37:30,675.6,450078
2021-06-16 09:37:31,675.6,450078
2021-06-16 09:37:32,675.6,450078
2021-06-16 09:37:33,675.6,450078
2021-06-16 09:37:34,675.5,450095
2021-06-16 09:37:35,675.5,450099
2021-06-16 09:37:36,675.6,450122
2021-06-16 09:37:37,675.6,450126
2021-06-16 09:37:38,675.75,450227
2021-06-16 09:37:39,675.6,450419
2021-06-16 09:37:40,675.6,450421
2021-06-16 09:37:41,675.6,450481
2021-06-16 09:37:42,675.6,450481
2021-06-16 09:37:43,675.5,450501
2021-06-16 09:37:44,675.75,450605
2021-06-16 09:37:45,675.75,450729
2021-06-16 09:37:46,675.85,451029
2021-06-16 09:37:47,675.85,451039
2021-06-16 09:37:48,675.85,451039
2021-06-16 09:37:49,675.6,451044
2021-06-16 09:37:50,675.6,451045
2021-06-16 09:37:51,675.6,451202
2021-06-16 09:37:52,675.9,451372
2021-06-16 09:37:53,675.9,451372
2021-06-16 09:37:54,675.85,451475
2021-06-16 09:37:55,675.7,451939
2021-06-16 09:37:56,675.8,452087
2021-06-16 09:37:57,675.8,452171
2021-06-16 09:37:58,675.8,452187
2021-06-16 09:37:59,675.8,452249
2021-06-16 09:38:00,675.8,452282
2021-06-16 09:38:01,675.7,452307
2021-06-16 09:38:02,675.7,452312
2021-06-16 09:38:03,675.7,452313
2021-06-16 09:38:04,675.95,453313
2021-06-16 09:38:05,675.95,453313
2021-06-16 09:38:06,675.8,453406
2021-06-16 09:38:07,675.8,453424
2021-06-16 09:38:08,675.8,453424
2021-06-16 09:38:09,675.8,453425
2021-06-16 09:38:10,675.6,453607
2021-06-16 09:38:11,675.5,453625
2021-06-16 09:38:12,675.7,453848
2021-06-16 09:38:13,675.7,453856
2021-06-16 09:38:14,675.7,454120
2021-06-16 09:38:15,675.7,454120
2021-06-16 09:38:16,675.7,454120
2021-06-16 09:38:17,675.7,454120
2021-06-16 09:38:18,675.5,454133
2021-06-16 09:38:19,675.5,454136
2021-06-16 09:38:20,675.5,454189
2021-06-16 09:38:21,675.5,454400
2021-06-16 09:38:22,675.65,454445
2021-06-16 09:38:23,675.65,454446
2021-06-16 09:38:24,675.5,454506
2021-06-16 09:38:25,675.5,454518
2021-06-16 09:38:26,675.5,454521
2021-06-16 09:38:27,675.2,455678
2021-06-16 09:38:29,675.35,456429
2021-06-16 09:38:28,675.35,456429
2021-06-16 09:38:30,675.35,456429
2021-06-16 09:38:31,675.35,456431
2021-06-16 09:38:33,675.35,456878
2021-06-16 09:38:34,675.05,456959
2021-06-16 09:38:35,675.35,457100
2021-06-16 09:38:36,675.35,457100
2021-06-16 09:38:38,675.35,457100
2021-06-16 09:38:39,675.0,457520
2021-06-16 09:38:40,675.0,457614
2021-06-16 09:38:41,675.1,458726
2021-06-16 09:38:42,674.95,458773
2021-06-16 09:38:43,675.1,458811
2021-06-16 09:38:44,675.1,458822
2021-06-16 09:38:45,675.1,458855
2021-06-16 09:38:46,675.1,458975
2021-06-16 09:38:47,674.9,459144
2021-06-16 09:38:48,675.1,459231
2021-06-16 09:38:49,675.1,459231
2021-06-16 09:38:50,675.1,459231
2021-06-16 09:38:51,675.2,459362
2021-06-16 09:38:52,675.2,459680
2021-06-16 09:38:53,675.05,459718
2021-06-16 09:38:56,675.4,462735
2021-06-16 09:38:57,675.4,462735
2021-06-16 09:38:58,675.2,462750
2021-06-16 09:38:59,675.2,462750
2021-06-16 09:39:00,675.2,462750
2021-06-16 09:39:01,675.1,463025
2021-06-16 09:39:02,675.1,463025
2021-06-16 09:39:03,675.1,463275
2021-06-16 09:39:04,675.05,463278
2021-06-16 09:39:05,675.1,463379
2021-06-16 09:39:07,675.05,463419
2021-06-16 09:39:08,675.05,463421
2021-06-16 09:39:09,675.45,464201
2021-06-16 09:39:10,675.3,466205
2021-06-16 09:39:11,675.3,466419
2021-06-16 09:39:12,675.1,466420
2021-06-16 09:39:13,675.1,466420
2021-06-16 09:39:14,675.1,466454
2021-06-16 09:39:16,675.05,466615
2021-06-16 09:39:17,675.0,466651
2021-06-16 09:39:18,674.9,466851
2021-06-16 09:39:19,674.85,467000
2021-06-16 09:39:20,674.85,467035
2021-06-16 09:39:21,674.8,467070
2021-06-16 09:39:22,674.85,467235
2021-06-16 09:39:23,674.85,467235
2021-06-16 09:39:24,674.8,467326
2021-06-16 09:39:26,674.8,467352
2021-06-16 09:39:27,674.85,467488
2021-06-16 09:39:28,674.9,467515
2021-06-16 09:39:29,675.0,467532
2021-06-16 09:39:30,675.0,467569
2021-06-16 09:39:31,675.25,467597
2021-06-16 09:39:32,675.25,467597
2021-06-16 09:39:33,675.3,467799
2021-06-16 09:39:34,675.3,467818
2021-06-16 09:39:36,675.3,467895
2021-06-16 09:39:37,675.3,467895
2021-06-16 09:39:38,675.3,467895
2021-06-16 09:39:39,675.3,467895
2021-06-16 09:39:40,675.3,467895
2021-06-16 09:39:41,675.1,467909
2021-06-16 09:39:42,675.1,467912
2021-06-16 09:39:43,675.1,467912
2021-06-16 09:39:44,675.1,467912
2021-06-16 09:39:45,675.1,467912
2021-06-16 09:39:46,675.5,468157
2021-06-16 09:39:48,675.5,468199
2021-06-16 09:39:48,675.6,468821
2021-06-16 09:39:49,675.6,469134
2021-06-16 09:39:50,675.6,469134
2021-06-16 09:39:51,675.6,469156
2021-06-16 09:39:52,675.6,469156
2021-06-16 09:39:53,675.3,469180
2021-06-16 09:39:55,675.05,469264
2021-06-16 09:39:55,675.05,469264
2021-06-16 09:39:56,675.05,469264
2021-06-16 09:39:57,675.0,469275
2021-06-16 09:39:58,675.3,469463
2021-06-16 09:39:59,675.35,470387
2021-06-16 09:40:00,675.35,470387
2021-06-16 09:40:01,675.3,470397
2021-06-16 09:40:02,675.3,470447
2021-06-16 09:40:03,675.3,470447
2021-06-16 09:40:04,675.3,470447
2021-06-16 09:40:05,675.05,470646
2021-06-16 09:40:06,675.05,470688
2021-06-16 09:40:07,675.05,470712
2021-06-16 09:40:08,675.3,470801
2021-06-16 09:40:09,675.3,471476
2021-06-16 09:40:11,675.3,471796
2021-06-16 09:40:10,675.3,471476
2021-06-16 09:40:13,675.0,471798
2021-06-16 09:40:13,675.3,471847
2021-06-16 09:40:14,675.3,471847
2021-06-16 09:40:15,675.15,471934
2021-06-16 09:40:16,675.0,471998
2021-06-16 09:40:17,675.3,472112
2021-06-16 09:40:19,675.0,472127
2021-06-16 09:40:20,675.0,472128
2021-06-16 09:40:21,675.0,472129
2021-06-16 09:40:22,675.0,472129
2021-06-16 09:40:23,675.35,472154
2021-06-16 09:40:24,675.45,472224
2021-06-16 09:40:25,675.45,472224
2021-06-16 09:40:26,675.45,472228
2021-06-16 09:40:27,675.45,472435
2021-06-16 09:40:28,675.45,472442
2021-06-16 09:40:29,675.45,472442
2021-06-16 09:40:30,675.45,472442
2021-06-16 09:40:31,675.45,472442
2021-06-16 09:40:32,675.35,472480
2021-06-16 09:40:33,675.4,472510
2021-06-16 09:40:34,675.35,472603
2021-06-16 09:40:35,675.35,472605
2021-06-16 09:40:36,675.35,472605
2021-06-16 09:40:37,675.55,473605
2021-06-16 09:40:38,675.4,473609
2021-06-16 09:40:39,675.4,473609
2021-06-16 09:40:40,675.35,473709
2021-06-16 09:40:41,675.35,473729
2021-06-16 09:40:42,675.35,473820
2021-06-16 09:40:44,675.35,473820
2021-06-16 09:40:46,675.4,473962
2021-06-16 09:40:47,675.4,473962
2021-06-16 09:40:48,675.4,474177
2021-06-16 09:40:49,675.4,474177
2021-06-16 09:40:50,675.4,474177
2021-06-16 09:40:52,675.35,474310
2021-06-16 09:40:52,675.4,474437
2021-06-16 09:40:54,675.35,474607
2021-06-16 09:40:55,675.35,474632
2021-06-16 09:40:56,675.35,474684
2021-06-16 09:40:57,675.25,474704
2021-06-16 09:40:58,675.25,474704
2021-06-16 09:40:59,675.2,474707
2021-06-16 09:41:00,675.2,474707
2021-06-16 09:41:01,675.1,474712
2021-06-16 09:41:02,675.1,474758
2021-06-16 09:41:03,675.0,476773
2021-06-16 09:41:04,675.0,477176
2021-06-16 09:41:06,675.5,477354
2021-06-16 09:41:07,675.5,477354
2021-06-16 09:41:09,675.5,477359
2021-06-16 09:41:09,675.55,477500
2021-06-16 09:41:10,675.55,477500
2021-06-16 09:41:11,675.55,477500
2021-06-16 09:41:12,675.5,477506
2021-06-16 09:41:14,675.5,477531
2021-06-16 09:41:16,675.35,477611
2021-06-16 09:41:16,675.35,477611
2021-06-16 09:41:17,675.15,477812
2021-06-16 09:41:18,675.15,477902
2021-06-16 09:41:19,675.15,477920
2021-06-16 09:41:20,675.15,477920
2021-06-16 09:41:21,675.15,477920
2021-06-16 09:41:22,675.15,477920
2021-06-16 09:41:23,675.15,477920
2021-06-16 09:41:24,675.15,478020
2021-06-16 09:41:25,675.15,478040
2021-06-16 09:41:26,675.15,478044
2021-06-16 09:41:27,675.4,478064
2021-06-16 09:41:28,675.45,478074
2021-06-16 09:41:29,675.15,478094
2021-06-16 09:41:30,675.15,478098
2021-06-16 09:41:31,675.15,478102
2021-06-16 09:41:32,675.2,478103
2021-06-16 09:41:33,675.45,478105
2021-06-16 09:41:35,675.15,478155
2021-06-16 09:41:36,675.15,478165
2021-06-16 09:41:37,675.5,478172
2021-06-16 09:41:38,675.5,478172
2021-06-16 09:41:39,675.5,478172
2021-06-16 09:41:40,675.5,478182
2021-06-16 09:41:41,675.25,478187
2021-06-16 09:41:42,675.25,478208
2021-06-16 09:41:44,675.25,478280
2021-06-16 09:41:43,675.5,478270
2021-06-16 09:41:45,675.3,478297
2021-06-16 09:41:46,675.6,478580
2021-06-16 09:41:48,675.35,478588
2021-06-16 09:41:48,675.35,478590
2021-06-16 09:41:50,675.35,478708
2021-06-16 09:41:50,675.5,478751
2021-06-16 09:41:51,675.5,478757
2021-06-16 09:41:52,675.5,478820
2021-06-16 09:41:54,675.5,478870
2021-06-16 09:41:55,675.5,478871
2021-06-16 09:41:56,675.5,478951
2021-06-16 09:41:57,675.6,478986
2021-06-16 09:41:58,675.6,478986
2021-06-16 09:41:58,675.6,478986
2021-06-16 09:41:59,675.6,478986
2021-06-16 09:42:00,675.6,479032
2021-06-16 09:42:01,675.35,479048
2021-06-16 09:42:02,675.65,479207
2021-06-16 09:42:03,675.75,479487
2021-06-16 09:42:04,675.75,479517
2021-06-16 09:42:06,675.75,479517
2021-06-16 09:42:06,675.75,479517
2021-06-16 09:42:08,675.75,479517
2021-06-16 09:42:09,675.7,479522
2021-06-16 09:42:10,675.8,479635
2021-06-16 09:42:12,675.8,479635
2021-06-16 09:42:13,675.95,480435
2021-06-16 09:42:14,675.95,480435
2021-06-16 09:42:15,675.95,480435
2021-06-16 09:42:17,675.9,480542
2021-06-16 09:42:18,675.65,481693
2021-06-16 09:42:19,676.35,486693
2021-06-16 09:42:20,676.35,486769
2021-06-16 09:42:21,676.35,487130
2021-06-16 09:42:21,676.35,487395
2021-06-16 09:42:23,676.35,487875
2021-06-16 09:42:24,676.35,487875
2021-06-16 09:42:25,676.3,488083
2021-06-16 09:42:25,676.3,488283
2021-06-16 09:42:26,676.2,488332
2021-06-16 09:42:27,676.15,488379
2021-06-16 09:42:28,676.2,488490
2021-06-16 09:42:29,676.1,488539
2021-06-16 09:42:31,675.85,488603
2021-06-16 09:42:34,675.75,489070
2021-06-16 09:42:35,675.75,489088
2021-06-16 09:42:37,675.75,489218
2021-06-16 09:42:38,675.75,489282
2021-06-16 09:42:39,676.0,489300
2021-06-16 09:42:40,676.0,489393
2021-06-16 09:42:41,676.0,489434
2021-06-16 09:42:42,676.15,489765
2021-06-16 09:42:43,675.9,489850
2021-06-16 09:42:44,675.9,489858
2021-06-16 09:42:45,675.9,489868
2021-06-16 09:42:47,676.0,489902
2021-06-16 09:42:46,676.25,489901
2021-06-16 09:42:49,676.25,489932
2021-06-16 09:42:50,676.25,489932
2021-06-16 09:42:51,676.15,489934
2021-06-16 09:42:52,675.9,490039
2021-06-16 09:42:53,675.9,490039
2021-06-16 09:42:54,675.9,490090
2021-06-16 09:42:55,675.85,490093
2021-06-16 09:42:56,676.1,490243
2021-06-16 09:42:57,675.9,490266
2021-06-16 09:42:58,675.9,490271
2021-06-16 09:42:58,675.9,490272
2021-06-16 09:42:59,676.1,490479
2021-06-16 09:43:00,676.1,490479
2021-06-16 09:43:01,676.1,490479
2021-06-16 09:43:02,676.1,490479
2021-06-16 09:43:03,675.9,490489
2021-06-16 09:43:04,675.9,490530
2021-06-16 09:43:05,675.9,490535
2021-06-16 09:43:06,676.0,490660
2021-06-16 09:43:08,676.0,490677
2021-06-16 09:43:09,676.0,490727
2021-06-16 09:43:10,676.0,490727
2021-06-16 09:43:11,675.9,490747
2021-06-16 09:43:13,675.9,490784
2021-06-16 09:43:13,675.9,490785
2021-06-16 09:43:14,675.8,490804
2021-06-16 09:43:15,675.8,490833
2021-06-16 09:43:16,675.8,490890
2021-06-16 09:43:17,676.0,490921
2021-06-16 09:43:18,675.95,491027
2021-06-16 09:43:19,675.75,491107
2021-06-16 09:43:21,675.95,491161
2021-06-16 09:43:22,675.95,491161
2021-06-16 09:43:22,675.75,491176
2021-06-16 09:43:23,676.05,491685
2021-06-16 09:43:24,676.05,491692
2021-06-16 09:43:25,676.05,491727
2021-06-16 09:43:26,676.05,491737
2021-06-16 09:43:27,676.05,491737
2021-06-16 09:43:29,675.75,491884
2021-06-16 09:43:29,675.75,491913
2021-06-16 09:43:30,675.75,491948
2021-06-16 09:43:31,675.75,491962
2021-06-16 09:43:32,675.95,491987
2021-06-16 09:43:33,675.95,491987
2021-06-16 09:43:34,675.75,491988
2021-06-16 09:43:35,675.75,491988
2021-06-16 09:43:36,675.95,492017
2021-06-16 09:43:37,675.95,492201
2021-06-16 09:43:38,675.95,492213
2021-06-16 09:43:39,675.95,492216
2021-06-16 09:43:40,675.95,492231
2021-06-16 09:43:41,675.95,492231
2021-06-16 09:43:42,675.75,492241
2021-06-16 09:43:43,675.8,492243
2021-06-16 09:43:45,676.0,492493
2021-06-16 09:43:46,675.8,492533
2021-06-16 09:43:48,675.8,492541
2021-06-16 09:43:49,675.8,492553
2021-06-16 09:43:50,675.75,492627
2021-06-16 09:43:51,675.75,492644
2021-06-16 09:43:52,675.75,492644
2021-06-16 09:43:52,675.75,492669
2021-06-16 09:43:53,675.7,492689
2021-06-16 09:43:54,675.75,492696
2021-06-16 09:43:55,675.65,493469
2021-06-16 09:43:56,675.7,493728
2021-06-16 09:43:57,675.55,493733
2021-06-16 09:43:58,675.7,493756
2021-06-16 09:44:00,675.55,493758
2021-06-16 09:44:01,675.55,493758
2021-06-16 09:44:02,675.55,493760
2021-06-16 09:44:03,675.55,493760
2021-06-16 09:44:03,675.7,493860
2021-06-16 09:44:05,675.7,493914
2021-06-16 09:44:06,675.5,494046
2021-06-16 09:44:07,675.5,495360
2021-06-16 09:44:09,675.4,495434
2021-06-16 09:44:10,675.65,495934
2021-06-16 09:44:11,675.35,495967
2021-06-16 09:44:12,675.55,495974
2021-06-16 09:44:13,675.55,495994
2021-06-16 09:44:15,675.55,496100
2021-06-16 09:44:16,675.55,496121
2021-06-16 09:44:17,675.55,496125
2021-06-16 09:44:18,675.65,496216
2021-06-16 09:44:19,675.7,496269
2021-06-16 09:44:20,675.65,496271
2021-06-16 09:44:21,675.7,496400
2021-06-16 09:44:22,675.7,496400
2021-06-16 09:44:23,675.7,496400
2021-06-16 09:44:24,675.65,496417
2021-06-16 09:44:25,675.65,496450
2021-06-16 09:44:28,675.8,496754
2021-06-16 09:44:29,675.8,496754
2021-06-16 09:44:30,675.8,496754
2021-06-16 09:44:30,675.8,496754
2021-06-16 09:44:31,675.8,496754
2021-06-16 09:44:33,675.75,496804
2021-06-16 09:44:34,675.6,496954
2021-06-16 09:44:35,675.6,496954
2021-06-16 09:44:35,675.6,496954
2021-06-16 09:44:36,675.55,497026
2021-06-16 09:44:37,675.55,497040
2021-06-16 09:44:38,675.55,497066
2021-06-16 09:44:39,675.55,497151
2021-06-16 09:44:40,675.6,497189
2021-06-16 09:44:42,675.6,497273
2021-06-16 09:44:42,675.6,497273
2021-06-16 09:44:43,675.7,497873
2021-06-16 09:44:45,675.75,498006
2021-06-16 09:44:45,675.75,498006
2021-06-16 09:44:46,675.75,498006
2021-06-16 09:44:47,675.8,498056
2021-06-16 09:44:49,675.8,498056
2021-06-16 09:44:50,675.5,498248
2021-06-16 09:44:51,675.5,498286
2021-06-16 09:44:53,675.55,498324
2021-06-16 09:44:53,675.55,498329
2021-06-16 09:44:54,675.7,498545
2021-06-16 09:44:56,675.7,498652
2021-06-16 09:44:57,675.7,498652
2021-06-16 09:44:58,675.6,498852
2021-06-16 09:44:59,675.6,498852
2021-06-16 09:45:00,675.7,499047
2021-06-16 09:45:01,675.5,499069
2021-06-16 09:45:02,675.5,499161
2021-06-16 09:45:03,675.5,499180
2021-06-16 09:45:04,675.55,499183
2021-06-16 09:45:05,675.5,499388
2021-06-16 09:45:06,675.5,499457
2021-06-16 09:45:07,675.5,499457
2021-06-16 09:45:07,675.5,499457
2021-06-16 09:45:09,675.7,499840
2021-06-16 09:45:10,675.7,499840
2021-06-16 09:45:11,675.4,499861
2021-06-16 09:45:12,675.5,499896
2021-06-16 09:45:13,675.45,499920
2021-06-16 09:45:14,675.45,500000
2021-06-16 09:45:16,675.45,500167
2021-06-16 09:45:17,675.2,500178
2021-06-16 09:45:17,675.2,500180
2021-06-16 09:45:19,675.45,500446
2021-06-16 09:45:20,675.5,500646
2021-06-16 09:45:21,675.5,500646
2021-06-16 09:45:22,675.25,500647
2021-06-16 09:45:23,675.25,500647
2021-06-16 09:45:24,675.25,500647
2021-06-16 09:45:25,675.25,500647
2021-06-16 09:45:26,675.25,500687
2021-06-16 09:45:28,675.35,501015
2021-06-16 09:45:30,675.2,501032
2021-06-16 09:45:31,675.2,501344
2021-06-16 09:45:31,675.2,501344
2021-06-16 09:45:33,675.2,501344
2021-06-16 09:45:34,675.2,501438
2021-06-16 09:45:35,675.2,501479
2021-06-16 09:45:36,675.1,501502
2021-06-16 09:45:37,675.2,502025
2021-06-16 09:45:38,675.2,502129
2021-06-16 09:45:39,675.2,502150
2021-06-16 09:45:43,675.1,503055
2021-06-16 09:45:44,675.05,503195
2021-06-16 09:45:45,675.1,503233
2021-06-16 09:45:45,675.1,503251
2021-06-16 09:45:47,675.1,503287
2021-06-16 09:45:47,675.1,503287
2021-06-16 09:45:48,675.0,503546
2021-06-16 09:45:49,675.0,503673
2021-06-16 09:45:50,675.1,503987
2021-06-16 09:45:51,675.1,503987
2021-06-16 09:45:52,675.1,503987
2021-06-16 09:45:53,675.1,503997
2021-06-16 09:45:54,675.1,504001
2021-06-16 09:45:56,675.0,504054
2021-06-16 09:45:57,675.0,504065
2021-06-16 09:45:58,675.3,505305
2021-06-16 09:45:59,675.3,505305
2021-06-16 09:46:00,675.3,505305
2021-06-16 09:46:00,675.3,505305
2021-06-16 09:46:02,675.3,505305
2021-06-16 09:46:03,675.3,505305
2021-06-16 09:46:04,675.1,505456
2021-06-16 09:46:06,675.0,505756
2021-06-16 09:46:07,674.95,508575
2021-06-16 09:46:08,674.95,508632
2021-06-16 09:46:09,674.75,508848
2021-06-16 09:46:10,674.75,509183
2021-06-16 09:46:11,674.7,509502
2021-06-16 09:46:12,674.65,509527
2021-06-16 09:46:12,674.65,509527
2021-06-16 09:46:13,674.65,509631
2021-06-16 09:46:15,674.55,509783
2021-06-16 09:46:15,674.55,509872
2021-06-16 09:46:16,674.65,510074
2021-06-16 09:46:18,674.55,510253
2021-06-16 09:46:19,674.55,510272
2021-06-16 09:46:20,674.55,510272
2021-06-16 09:46:21,674.7,510727
2021-06-16 09:46:23,674.65,510916
2021-06-16 09:46:23,674.65,510916
2021-06-16 09:46:24,674.5,511117
2021-06-16 09:46:26,674.5,511348
2021-06-16 09:46:26,674.5,511575
2021-06-16 09:46:27,674.5,511631
2021-06-16 09:46:28,674.7,511676
2021-06-16 09:46:29,674.7,511685
2021-06-16 09:46:31,674.7,511698
2021-06-16 09:46:31,674.7,511720
2021-06-16 09:46:33,674.75,511907
2021-06-16 09:46:34,674.75,511907
2021-06-16 09:46:35,674.75,511907
2021-06-16 09:46:36,674.75,511907
2021-06-16 09:46:37,674.75,511925
2021-06-16 09:46:39,674.6,511960
2021-06-16 09:46:40,674.6,511979
2021-06-16 09:46:41,674.5,512086
2021-06-16 09:46:42,674.6,512121
2021-06-16 09:46:43,674.6,512127
2021-06-16 09:46:44,674.8,512244
2021-06-16 09:46:45,674.8,512244
2021-06-16 09:46:46,674.8,512244
2021-06-16 09:46:47,674.8,512339
2021-06-16 09:46:48,675.0,512648
2021-06-16 09:46:49,675.0,512652
2021-06-16 09:46:49,675.0,512648
2021-06-16 09:46:50,675.0,512652
2021-06-16 09:46:52,674.8,512861
2021-06-16 09:46:53,674.75,512876
2021-06-16 09:46:54,674.8,512954
2021-06-16 09:46:55,674.9,513013
2021-06-16 09:46:56,674.9,513013
2021-06-16 09:46:57,675.15,514156
2021-06-16 09:46:57,675.15,514156
2021-06-16 09:46:59,674.9,514161
2021-06-16 09:46:59,675.0,514562
2021-06-16 09:47:01,675.15,514659
2021-06-16 09:47:02,675.1,514733
2021-06-16 09:47:02,675.1,514748
2021-06-16 09:47:03,675.1,514808
2021-06-16 09:47:04,675.05,514833
2021-06-16 09:47:05,675.1,514908
2021-06-16 09:47:06,675.15,515067
2021-06-16 09:47:08,675.2,515150
2021-06-16 09:47:10,675.35,515318
2021-06-16 09:47:10,675.35,515318
2021-06-16 09:47:11,675.25,515346
2021-06-16 09:47:13,675.8,515619
2021-06-16 09:47:14,675.8,515634
2021-06-16 09:47:15,675.6,516511
2021-06-16 09:47:16,675.6,516601
2021-06-16 09:47:18,675.8,516847
2021-06-16 09:47:19,675.95,516971
2021-06-16 09:47:20,675.9,517509
2021-06-16 09:47:21,675.9,517923
2021-06-16 09:47:21,675.9,517923
2021-06-16 09:47:22,675.8,518135
2021-06-16 09:47:24,675.8,518235
2021-06-16 09:47:25,675.75,519145
2021-06-16 09:47:26,675.9,519687
2021-06-16 09:47:27,676.0,520037
2021-06-16 09:47:27,676.0,520037
2021-06-16 09:47:28,675.65,520287
2021-06-16 09:47:30,676.0,520550
2021-06-16 09:47:31,675.9,520770
2021-06-16 09:47:32,675.9,521399
2021-06-16 09:47:33,675.9,522485
2021-06-16 09:47:34,675.75,522741
2021-06-16 09:47:35,675.9,523596
2021-06-16 09:47:36,675.9,525338
2021-06-16 09:47:37,675.9,525438
2021-06-16 09:47:38,675.8,525638
2021-06-16 09:47:39,675.9,525695
2021-06-16 09:47:40,675.9,525981
2021-06-16 09:47:41,675.9,526309
2021-06-16 09:47:41,675.9,526334
2021-06-16 09:47:43,675.6,529439
2021-06-16 09:47:44,675.6,529843
2021-06-16 09:47:45,675.6,530139
2021-06-16 09:47:46,675.6,530179
2021-06-16 09:47:47,675.6,530454
2021-06-16 09:47:48,675.6,530698
2021-06-16 09:47:49,675.6,530823
2021-06-16 09:47:50,675.8,532018
2021-06-16 09:47:51,675.6,532395
2021-06-16 09:47:53,675.55,533240
2021-06-16 09:47:54,675.8,533535
2021-06-16 09:47:54,675.8,533535
2021-06-16 09:47:55,675.6,535751
2021-06-16 09:47:57,675.8,536487
2021-06-16 09:47:59,675.55,537166
2021-06-16 09:48:00,675.55,537286
2021-06-16 09:48:01,675.65,537432
2021-06-16 09:48:02,675.75,538302
2021-06-16 09:48:03,675.55,538840
2021-06-16 09:48:05,675.55,539945
2021-06-16 09:48:06,675.35,540094
2021-06-16 09:48:07,675.3,541089
2021-06-16 09:48:08,675.65,541725
2021-06-16 09:48:09,675.35,542206
2021-06-16 09:48:10,675.6,542948
2021-06-16 09:48:11,675.55,543258
2021-06-16 09:48:12,675.3,544004
2021-06-16 09:48:13,675.45,544584
2021-06-16 09:48:14,675.6,546118
2021-06-16 09:48:15,675.55,546283
2021-06-16 09:48:16,675.6,546660
2021-06-16 09:48:17,675.35,547525
2021-06-16 09:48:19,675.55,549508
2021-06-16 09:48:20,675.55,549665
2021-06-16 09:48:21,675.5,551710
2021-06-16 09:48:22,675.3,552449
2021-06-16 09:48:23,675.45,552759
2021-06-16 09:48:24,675.35,553836
2021-06-16 09:48:25,675.3,554229
2021-06-16 09:48:26,675.35,554486
2021-06-16 09:48:27,675.2,554776
2021-06-16 09:48:28,675.2,554844
2021-06-16 09:48:30,675.2,555307
2021-06-16 09:48:31,675.1,555882
2021-06-16 09:48:32,675.35,556025
2021-06-16 09:48:33,675.35,556075
2021-06-16 09:48:35,675.4,559074
2021-06-16 09:48:36,675.45,562103
2021-06-16 09:48:38,675.25,562492
2021-06-16 09:48:37,675.2,562420
2021-06-16 09:48:39,675.3,562539
2021-06-16 09:48:40,675.45,562793
2021-06-16 09:48:41,675.45,563863
2021-06-16 09:48:42,675.45,564013
2021-06-16 09:48:43,675.45,564088
2021-06-16 09:48:45,675.4,565276
2021-06-16 09:48:47,675.5,565544
2021-06-16 09:48:48,675.5,565851
2021-06-16 09:48:49,675.5,565851
2021-06-16 09:48:50,675.6,566680
2021-06-16 09:48:51,675.6,566717
2021-06-16 09:48:52,675.65,567734
2021-06-16 09:48:53,675.6,567823
2021-06-16 09:48:54,675.4,567877
2021-06-16 09:48:55,675.6,568066
2021-06-16 09:48:56,675.6,568186
2021-06-16 09:48:57,675.45,568353
2021-06-16 09:48:58,675.6,568856
2021-06-16 09:48:59,675.35,568881
2021-06-16 09:49:00,675.6,569966
2021-06-16 09:49:01,675.3,570297
2021-06-16 09:49:03,675.35,576447
2021-06-16 09:49:04,675.3,576740
2021-06-16 09:49:05,675.25,576846
2021-06-16 09:49:06,675.2,577465
2021-06-16 09:49:08,675.35,577641
2021-06-16 09:49:09,675.2,578111
2021-06-16 09:49:10,675.2,578113
2021-06-16 09:49:11,675.15,578473
2021-06-16 09:49:12,675.35,578570
2021-06-16 09:49:13,675.35,578872
2021-06-16 09:49:14,675.2,579047
2021-06-16 09:49:16,675.35,580187
2021-06-16 09:49:17,675.35,580670
2021-06-16 09:49:18,675.35,580770
2021-06-16 09:49:19,675.3,580997
2021-06-16 09:49:20,675.1,581072
2021-06-16 09:49:21,675.0,581280
2021-06-16 09:49:23,674.55,585970
2021-06-16 09:49:24,675.1,587217
2021-06-16 09:49:25,675.1,587966
2021-06-16 09:49:26,675.1,588160
2021-06-16 09:49:27,675.1,592266
2021-06-16 09:49:28,674.8,592351
2021-06-16 09:49:29,674.8,592371
2021-06-16 09:49:30,675.0,593380
2021-06-16 09:49:31,674.95,593530
2021-06-16 09:49:32,674.95,593587
2021-06-16 09:49:33,674.8,594441
2021-06-16 09:49:35,674.6,594758
2021-06-16 09:49:36,674.55,595050
2021-06-16 09:49:37,674.55,595108
2021-06-16 09:49:38,674.55,595245
2021-06-16 09:49:39,674.55,595394
2021-06-16 09:49:40,674.8,595674
2021-06-16 09:49:43,674.8,595789
2021-06-16 09:49:44,674.55,595882
2021-06-16 09:49:45,674.8,596051
2021-06-16 09:49:46,674.8,596051
2021-06-16 09:49:48,674.55,596102
2021-06-16 09:49:49,674.55,596163
2021-06-16 09:49:50,674.55,596208
2021-06-16 09:49:51,674.6,596328
2021-06-16 09:49:52,674.6,596338
2021-06-16 09:49:53,674.5,596397
2021-06-16 09:49:54,674.55,596418
2021-06-16 09:49:55,674.55,596545
2021-06-16 09:49:56,674.8,596811
2021-06-16 09:49:57,674.8,596987
2021-06-16 09:49:58,674.8,597026
2021-06-16 09:49:59,674.8,597041
2021-06-16 09:50:01,674.6,598121
2021-06-16 09:50:02,674.6,598135
2021-06-16 09:50:03,674.6,598255
2021-06-16 09:50:04,674.6,598255
2021-06-16 09:50:05,674.6,598380
2021-06-16 09:50:06,674.6,598394
2021-06-16 09:50:07,674.5,599480
2021-06-16 09:50:08,674.6,600175
2021-06-16 09:50:09,674.7,600471
2021-06-16 09:50:10,674.5,601143
2021-06-16 09:50:11,674.5,601249
2021-06-16 09:50:12,674.2,604388
2021-06-16 09:50:13,674.45,605061
2021-06-16 09:50:15,674.5,605736
2021-06-16 09:50:14,674.5,605736
2021-06-16 09:50:16,674.25,605863
2021-06-16 09:50:17,674.25,606931
2021-06-16 09:50:18,674.5,607738
2021-06-16 09:50:19,674.5,607853
2021-06-16 09:50:20,674.25,607968
2021-06-16 09:50:21,674.5,608111
2021-06-16 09:50:22,674.2,609012
2021-06-16 09:50:23,674.1,611123
2021-06-16 09:50:24,674.5,611597
2021-06-16 09:50:26,674.2,612218
2021-06-16 09:50:25,674.5,611968
2021-06-16 09:50:27,674.2,612245
2021-06-16 09:50:28,674.0,613704
2021-06-16 09:50:29,674.2,614097
2021-06-16 09:50:30,674.15,614201
2021-06-16 09:50:31,674.3,614323
2021-06-16 09:50:32,674.3,614323
2021-06-16 09:50:34,674.1,614504
2021-06-16 09:50:35,674.0,620297
2021-06-16 09:50:36,673.85,621160
2021-06-16 09:50:37,673.75,622845
2021-06-16 09:50:38,673.7,623209
2021-06-16 09:50:40,673.7,623820
2021-06-16 09:50:40,673.75,624725
2021-06-16 09:50:41,673.75,625955
2021-06-16 09:50:42,673.75,626187
2021-06-16 09:50:43,673.6,626545
2021-06-16 09:50:44,673.7,626617
2021-06-16 09:50:45,673.75,626838
2021-06-16 09:50:46,673.7,627149
2021-06-16 09:50:48,673.7,627270
2021-06-16 09:50:49,673.7,627335
2021-06-16 09:50:50,673.7,627562
2021-06-16 09:50:52,673.75,628771
2021-06-16 09:50:53,673.6,628784
2021-06-16 09:50:54,673.75,629050
2021-06-16 09:50:55,673.7,629404
2021-06-16 09:50:56,673.6,629466
2021-06-16 09:50:57,673.6,631026
2021-06-16 09:50:58,673.6,631376
2021-06-16 09:50:59,673.55,632490
2021-06-16 09:51:00,673.8,632724
2021-06-16 09:51:01,673.7,632792
2021-06-16 09:51:02,673.9,633810
2021-06-16 09:51:04,673.75,634466
2021-06-16 09:51:06,673.7,634689
2021-06-16 09:51:06,673.65,634763
2021-06-16 09:51:07,673.65,634992
2021-06-16 09:51:09,673.7,635249
2021-06-16 09:51:09,673.7,635306
2021-06-16 09:51:11,673.95,635426
2021-06-16 09:51:12,673.75,635449
2021-06-16 09:51:13,673.95,635778
2021-06-16 09:51:14,673.8,635890
2021-06-16 09:51:15,674.0,636312
2021-06-16 09:51:16,674.0,636312
2021-06-16 09:51:17,673.8,636314
2021-06-16 09:51:18,673.8,636314
2021-06-16 09:51:19,674.0,636465
2021-06-16 09:51:20,673.95,636767
2021-06-16 09:51:21,673.75,637048
2021-06-16 09:51:22,673.95,637116
2021-06-16 09:51:23,673.95,637116
2021-06-16 09:51:25,673.95,637653
2021-06-16 09:51:26,674.0,639291
2021-06-16 09:51:27,673.85,639491
2021-06-16 09:51:29,674.0,640568
2021-06-16 09:51:30,674.0,640706
2021-06-16 09:51:32,673.95,640977
2021-06-16 09:51:33,673.95,640982
2021-06-16 09:51:34,674.0,641356
2021-06-16 09:51:35,674.0,641487
2021-06-16 09:51:36,674.0,641487
2021-06-16 09:51:37,674.0,641697
2021-06-16 09:51:38,674.0,641699
2021-06-16 09:51:39,673.85,641784
2021-06-16 09:51:40,674.0,642717
2021-06-16 09:51:41,674.05,643300
2021-06-16 09:51:42,674.05,643416
2021-06-16 09:51:43,674.05,643445
2021-06-16 09:51:44,674.05,643451
2021-06-16 09:51:45,674.1,643652
2021-06-16 09:51:46,674.3,643752
2021-06-16 09:51:47,674.3,643752
2021-06-16 09:51:48,674.3,643752
2021-06-16 09:51:49,674.15,643782
2021-06-16 09:51:50,674.3,643888
2021-06-16 09:51:51,674.35,644181
2021-06-16 09:51:53,674.2,644292
2021-06-16 09:51:55,674.5,644355
2021-06-16 09:51:55,674.5,644355
2021-06-16 09:51:57,674.5,644355
2021-06-16 09:51:57,674.5,644355
2021-06-16 09:52:00,674.6,644910
2021-06-16 09:52:00,674.6,644914
2021-06-16 09:52:01,674.5,645164
2021-06-16 09:52:02,674.35,645201
2021-06-16 09:52:03,674.5,645217
2021-06-16 09:52:04,674.35,645763
2021-06-16 09:52:05,674.8,646683
2021-06-16 09:52:06,674.8,646944
2021-06-16 09:52:07,674.8,647046
2021-06-16 09:52:08,674.8,647066
2021-06-16 09:52:10,675.0,647082
2021-06-16 09:52:10,675.0,647296
2021-06-16 09:52:11,675.0,647528
2021-06-16 09:52:12,675.0,647528
2021-06-16 09:52:13,674.95,647835
2021-06-16 09:52:14,675.0,648147
2021-06-16 09:52:15,674.95,648155
2021-06-16 09:52:16,674.95,648178
2021-06-16 09:52:17,674.8,648186
2021-06-16 09:52:18,674.7,648188
2021-06-16 09:52:20,674.9,648331
2021-06-16 09:52:21,674.8,648413
2021-06-16 09:52:22,674.8,648433
2021-06-16 09:52:24,674.8,648494
2021-06-16 09:52:24,674.9,648644
2021-06-16 09:52:25,674.9,648645
2021-06-16 09:52:26,674.8,648669
2021-06-16 09:52:28,674.9,648695
2021-06-16 09:52:29,674.9,648916
2021-06-16 09:52:30,674.95,648979
2021-06-16 09:52:31,674.95,648983
2021-06-16 09:52:32,674.95,648999
2021-06-16 09:52:33,674.8,649152
2021-06-16 09:52:34,675.0,649256
2021-06-16 09:52:35,674.9,649352
2021-06-16 09:52:37,675.0,649379
2021-06-16 09:52:38,675.0,649882
2021-06-16 09:52:39,674.95,649883
2021-06-16 09:52:39,675.0,649945
2021-06-16 09:52:41,675.0,649990
2021-06-16 09:52:42,675.0,650030
2021-06-16 09:52:44,674.95,650724
2021-06-16 09:52:45,674.95,650839
2021-06-16 09:52:47,675.25,651963
2021-06-16 09:52:48,675.25,651963
2021-06-16 09:52:48,675.25,652177
2021-06-16 09:52:49,675.0,652237
2021-06-16 09:52:51,674.95,652454
2021-06-16 09:52:52,675.2,653101
2021-06-16 09:52:53,674.85,653288
2021-06-16 09:52:55,674.9,653368
2021-06-16 09:52:55,674.9,653384
2021-06-16 09:52:57,674.9,653387
2021-06-16 09:52:58,674.9,653430
2021-06-16 09:52:58,674.9,653413
2021-06-16 09:52:59,674.9,653430
2021-06-16 09:53:00,674.9,653435
2021-06-16 09:53:01,674.9,653765
2021-06-16 09:53:02,674.9,653775
2021-06-16 09:53:03,674.85,653781
2021-06-16 09:53:04,675.0,653852
2021-06-16 09:53:05,675.0,653887
2021-06-16 09:53:06,675.0,653994
2021-06-16 09:53:07,675.15,654024
2021-06-16 09:53:08,675.15,654075
2021-06-16 09:53:09,675.2,654282
2021-06-16 09:53:10,675.0,655234
2021-06-16 09:53:11,675.0,655234
2021-06-16 09:53:12,674.8,655362
2021-06-16 09:53:13,674.8,655395
2021-06-16 09:53:14,674.8,655593
2021-06-16 09:53:15,674.8,655821
2021-06-16 09:53:17,675.0,656021
2021-06-16 09:53:18,675.0,656031
2021-06-16 09:53:20,674.8,656238
2021-06-16 09:53:21,675.0,656343
2021-06-16 09:53:22,675.0,656393
2021-06-16 09:53:22,674.8,656463
2021-06-16 09:53:23,674.8,656491
2021-06-16 09:53:24,674.8,656746
2021-06-16 09:53:25,674.95,656997
2021-06-16 09:53:26,674.95,657167
2021-06-16 09:53:27,674.8,657322
2021-06-16 09:53:28,675.0,657513
2021-06-16 09:53:29,675.0,657513
2021-06-16 09:53:30,675.05,657813
2021-06-16 09:53:31,675.05,657833
2021-06-16 09:53:32,675.05,657833
2021-06-16 09:53:33,675.0,657841
2021-06-16 09:53:34,675.0,657842
2021-06-16 09:53:35,675.0,657844
2021-06-16 09:53:36,675.0,657934
2021-06-16 09:53:38,674.8,657938
2021-06-16 09:53:39,675.05,657983
2021-06-16 09:53:39,675.05,657983
2021-06-16 09:53:40,675.05,657983
2021-06-16 09:53:41,675.0,658053
2021-06-16 09:53:43,675.0,658067
2021-06-16 09:53:44,675.0,658076
2021-06-16 09:53:45,675.05,658716
2021-06-16 09:53:46,675.0,658793
2021-06-16 09:53:47,674.95,658893
2021-06-16 09:53:48,674.95,658903
2021-06-16 09:53:48,674.95,658903
2021-06-16 09:53:49,674.95,658920
2021-06-16 09:53:50,674.95,659046
2021-06-16 09:53:51,674.95,659105
2021-06-16 09:53:53,674.95,659117
2021-06-16 09:53:53,674.95,659136
2021-06-16 09:53:54,674.95,659139
2021-06-16 09:53:55,674.95,659418
2021-06-16 09:53:56,674.95,659470
2021-06-16 09:53:57,674.95,659470
2021-06-16 09:53:58,674.95,659470
2021-06-16 09:53:59,674.9,659490
2021-06-16 09:54:01,674.75,659940
2021-06-16 09:54:02,674.75,660040
2021-06-16 09:54:02,674.8,660100
2021-06-16 09:54:03,674.75,660106
2021-06-16 09:54:04,674.8,660343
2021-06-16 09:54:06,674.8,660374
2021-06-16 09:54:07,674.95,660414
2021-06-16 09:54:08,674.95,660414
2021-06-16 09:54:09,674.8,660425
2021-06-16 09:54:10,674.95,660487
2021-06-16 09:54:11,674.95,660487
2021-06-16 09:54:12,674.8,660495
2021-06-16 09:54:14,674.75,660619
2021-06-16 09:54:15,674.95,660684
2021-06-16 09:54:15,674.95,660664
2021-06-16 09:54:16,675.0,660972
2021-06-16 09:54:19,675.0,660972
2021-06-16 09:54:19,675.0,660994
2021-06-16 09:54:20,674.8,661006
2021-06-16 09:54:21,674.8,661008
2021-06-16 09:54:22,674.8,661196
2021-06-16 09:54:24,674.8,661255
2021-06-16 09:54:25,674.9,661271
2021-06-16 09:54:25,675.0,661399
2021-06-16 09:54:26,675.0,661424
2021-06-16 09:54:28,674.9,661480
2021-06-16 09:54:29,674.9,661483
2021-06-16 09:54:30,674.9,661483
2021-06-16 09:54:32,674.8,661592
2021-06-16 09:54:32,674.9,661700
2021-06-16 09:54:33,674.8,661708
2021-06-16 09:54:34,675.0,662709
2021-06-16 09:54:35,674.8,662714
2021-06-16 09:54:36,674.8,662715
2021-06-16 09:54:37,675.0,662746
2021-06-16 09:54:38,675.0,662751
2021-06-16 09:54:39,675.0,662751
2021-06-16 09:54:41,674.9,662849
2021-06-16 09:54:41,674.9,662972
2021-06-16 09:54:42,675.0,663255
2021-06-16 09:54:44,674.9,663369
2021-06-16 09:54:45,675.0,663442
2021-06-16 09:54:46,674.9,663447
2021-06-16 09:54:47,674.9,663448
2021-06-16 09:54:48,674.9,663505
2021-06-16 09:54:49,674.9,663564
2021-06-16 09:54:50,674.8,663578
2021-06-16 09:54:51,674.8,663588
2021-06-16 09:54:52,674.8,663590
2021-06-16 09:54:53,674.8,663614
2021-06-16 09:54:54,674.9,663754
2021-06-16 09:54:55,674.8,663825
2021-06-16 09:54:56,674.8,663839
2021-06-16 09:54:56,674.8,663842
2021-06-16 09:54:57,674.9,663853
2021-06-16 09:54:58,674.9,663853
2021-06-16 09:54:59,674.8,663878
2021-06-16 09:55:00,674.8,663883
2021-06-16 09:55:02,674.8,664038
2021-06-16 09:55:03,674.8,664100
2021-06-16 09:55:05,674.8,664113
2021-06-16 09:55:07,674.8,664181
2021-06-16 09:55:08,674.8,664338
2021-06-16 09:55:09,674.8,664352
2021-06-16 09:55:09,674.8,664352
2021-06-16 09:55:10,674.8,664497
2021-06-16 09:55:11,674.8,664772
2021-06-16 09:55:13,674.55,664819
2021-06-16 09:55:15,674.55,664868
2021-06-16 09:55:17,674.75,664933
2021-06-16 09:55:17,674.8,664957
2021-06-16 09:55:18,674.8,664957
2021-06-16 09:55:19,674.75,664979
2021-06-16 09:55:20,674.8,665068
2021-06-16 09:55:21,674.8,665091
2021-06-16 09:55:22,674.8,665207
2021-06-16 09:55:23,674.8,665236
2021-06-16 09:55:25,674.9,665274
2021-06-16 09:55:25,674.9,665324
2021-06-16 09:55:26,674.9,665324
2021-06-16 09:55:27,674.8,665329
2021-06-16 09:55:28,674.8,665364
2021-06-16 09:55:30,674.8,665364
2021-06-16 09:55:31,674.65,665493
2021-06-16 09:55:32,674.65,665493
2021-06-16 09:55:33,674.9,665569
2021-06-16 09:55:34,674.9,665592
2021-06-16 09:55:34,674.75,666268
2021-06-16 09:55:36,674.75,666403
2021-06-16 09:55:37,674.7,666404
2021-06-16 09:55:38,674.7,666409
2021-06-16 09:55:39,674.75,666446
2021-06-16 09:55:40,674.9,666456
2021-06-16 09:55:41,674.9,666456
2021-06-16 09:55:42,674.9,666521
2021-06-16 09:55:42,674.95,666534
2021-06-16 09:55:43,674.95,666562
2021-06-16 09:55:44,674.95,666645
2021-06-16 09:55:45,674.9,666655
2021-06-16 09:55:46,674.9,666655
2021-06-16 09:55:47,674.9,666755
2021-06-16 09:55:49,674.9,666855
2021-06-16 09:55:50,674.8,666871
2021-06-16 09:55:50,674.8,666876
2021-06-16 09:55:51,674.7,667389
2021-06-16 09:55:52,674.9,667625
2021-06-16 09:55:53,674.65,667753
2021-06-16 09:55:54,674.65,667785
2021-06-16 09:55:55,674.65,667785
2021-06-16 09:55:56,674.65,667785
2021-06-16 09:55:58,674.65,667855
2021-06-16 09:55:59,674.6,668139
2021-06-16 09:56:00,674.6,668196
2021-06-16 09:56:00,674.6,668208
2021-06-16 09:56:01,674.65,668213
2021-06-16 09:56:02,674.65,668214
2021-06-16 09:56:03,674.55,668220
2021-06-16 09:56:04,674.55,668221
2021-06-16 09:56:05,674.55,668280
2021-06-16 09:56:06,674.55,668298
2021-06-16 09:56:07,674.55,668301
2021-06-16 09:56:08,674.55,668303
2021-06-16 09:56:09,674.6,668377
2021-06-16 09:56:11,674.5,668838
2021-06-16 09:56:11,674.5,668930
2021-06-16 09:56:12,674.6,669048
2021-06-16 09:56:14,674.6,669223
2021-06-16 09:56:15,674.45,669239
2021-06-16 09:56:16,674.45,669244
2021-06-16 09:56:17,674.6,669302
2021-06-16 09:56:18,674.75,669500
2021-06-16 09:56:18,674.75,669500
2021-06-16 09:56:19,674.35,669546
2021-06-16 09:56:20,674.55,669555
2021-06-16 09:56:21,674.35,669586
2021-06-16 09:56:22,674.5,669592
2021-06-16 09:56:23,674.5,669642
2021-06-16 09:56:25,674.55,669825
2021-06-16 09:56:27,674.55,669871
2021-06-16 09:56:28,674.55,669873
2021-06-16 09:56:29,674.55,669875
2021-06-16 09:56:31,674.8,670025
2021-06-16 09:56:32,674.55,670035
2021-06-16 09:56:33,674.75,670047
2021-06-16 09:56:33,674.5,670171
2021-06-16 09:56:34,674.5,670195
2021-06-16 09:56:36,674.65,670216
2021-06-16 09:56:37,674.75,670274
2021-06-16 09:56:38,674.75,670286
2021-06-16 09:56:39,674.85,670400
2021-06-16 09:56:40,675.0,672960
2021-06-16 09:56:40,675.0,672960
2021-06-16 09:56:41,675.0,672960
2021-06-16 09:56:42,675.0,672960
2021-06-16 09:56:43,674.65,672967
2021-06-16 09:56:44,674.65,672991
2021-06-16 09:56:45,674.7,673507
2021-06-16 09:56:47,674.65,673733
2021-06-16 09:56:47,674.65,673733
2021-06-16 09:56:48,674.7,673783
2021-06-16 09:56:50,674.7,673826
2021-06-16 09:56:51,674.65,673831
2021-06-16 09:56:52,674.65,673834
2021-06-16 09:56:53,674.65,673835
2021-06-16 09:56:54,674.7,673928
2021-06-16 09:56:55,674.65,673988
2021-06-16 09:56:56,674.7,674022
2021-06-16 09:56:57,674.8,674039
2021-06-16 09:56:59,674.85,674211
2021-06-16 09:57:00,674.95,674403
2021-06-16 09:57:01,674.95,674423
2021-06-16 09:57:02,674.85,674424
2021-06-16 09:57:03,674.85,674435
2021-06-16 09:57:04,674.95,674446
2021-06-16 09:57:05,674.85,674477
2021-06-16 09:57:06,674.7,674662
2021-06-16 09:57:07,674.7,674701
2021-06-16 09:57:08,674.95,674758
2021-06-16 09:57:09,674.7,674759
2021-06-16 09:57:10,674.7,674770
2021-06-16 09:57:11,674.7,674772
2021-06-16 09:57:11,674.7,674773
2021-06-16 09:57:12,674.9,674893
2021-06-16 09:57:13,674.7,674907
2021-06-16 09:57:15,674.7,674932
2021-06-16 09:57:16,674.8,675092
2021-06-16 09:57:17,674.8,675094
2021-06-16 09:57:17,674.8,675094
2021-06-16 09:57:19,674.65,675119
2021-06-16 09:57:20,674.65,675124
2021-06-16 09:57:21,674.65,675230
2021-06-16 09:57:22,674.65,675283
2021-06-16 09:57:23,674.65,675294
2021-06-16 09:57:24,674.65,675302
2021-06-16 09:57:25,674.65,675304
2021-06-16 09:57:26,674.8,675312
2021-06-16 09:57:27,674.8,675312
2021-06-16 09:57:28,674.8,675343
2021-06-16 09:57:29,674.8,675343
2021-06-16 09:57:30,674.8,675443
2021-06-16 09:57:31,674.8,675443
2021-06-16 09:57:32,674.65,675445
2021-06-16 09:57:33,674.8,675645
2021-06-16 09:57:34,674.8,675762
2021-06-16 09:57:35,674.8,675762
2021-06-16 09:57:37,675.0,676145
2021-06-16 09:57:38,675.0,676145
2021-06-16 09:57:39,674.65,676175
2021-06-16 09:57:40,674.7,676206
2021-06-16 09:57:41,674.95,676215
2021-06-16 09:57:42,674.7,676296
2021-06-16 09:57:42,674.7,676334
2021-06-16 09:57:44,674.9,676353
2021-06-16 09:57:46,674.9,676353
2021-06-16 09:57:47,674.95,676653
2021-06-16 09:57:48,674.95,676653
2021-06-16 09:57:49,674.95,676653
2021-06-16 09:57:50,674.95,676653
2021-06-16 09:57:51,674.95,676663
2021-06-16 09:57:52,674.95,676663
2021-06-16 09:57:53,674.8,676842
2021-06-16 09:57:55,674.95,677244
2021-06-16 09:57:57,674.95,677244
2021-06-16 09:57:58,674.7,677261
2021-06-16 09:57:59,674.7,677266
2021-06-16 09:58:00,674.95,677296
2021-06-16 09:58:01,674.75,677367
2021-06-16 09:58:02,674.95,677431
2021-06-16 09:58:03,674.95,677431
2021-06-16 09:58:05,674.75,677438
2021-06-16 09:58:06,674.75,677476
2021-06-16 09:58:08,674.7,677481
2021-06-16 09:58:08,674.7,677481
2021-06-16 09:58:10,674.65,677542
2021-06-16 09:58:11,674.7,677573
2021-06-16 09:58:12,674.75,677714
2021-06-16 09:58:13,674.75,677724
2021-06-16 09:58:14,674.65,677731
2021-06-16 09:58:15,674.65,677733
2021-06-16 09:58:15,675.15,680252
2021-06-16 09:58:17,675.5,681523
2021-06-16 09:58:18,675.5,682923
2021-06-16 09:58:19,675.5,682944
2021-06-16 09:58:20,675.45,682945
2021-06-16 09:58:21,675.45,683015
2021-06-16 09:58:22,675.3,683215
2021-06-16 09:58:23,675.15,683599
2021-06-16 09:58:23,675.15,683600
2021-06-16 09:58:24,675.05,683604
2021-06-16 09:58:26,675.05,684030
2021-06-16 09:58:27,675.15,684144
2021-06-16 09:58:27,675.05,684291
2021-06-16 09:58:29,675.05,684444
2021-06-16 09:58:30,675.05,684475
2021-06-16 09:58:31,675.15,684504
2021-06-16 09:58:32,675.3,684534
2021-06-16 09:58:33,675.4,684575
2021-06-16 09:58:34,675.45,684602
2021-06-16 09:58:35,675.5,684622
2021-06-16 09:58:36,675.5,685022
2021-06-16 09:58:36,675.5,685022
2021-06-16 09:58:37,675.5,685022
2021-06-16 09:58:39,675.5,685022
2021-06-16 09:58:40,675.15,685062
2021-06-16 09:58:41,675.15,685107
2021-06-16 09:58:42,675.15,685183
2021-06-16 09:58:43,675.15,685183
2021-06-16 09:58:44,675.1,685190
2021-06-16 09:58:44,675.1,685196
2021-06-16 09:58:45,675.1,685196
2021-06-16 09:58:47,675.05,685260
2021-06-16 09:58:49,675.05,685354
2021-06-16 09:58:51,675.1,685406
2021-06-16 09:58:52,675.3,685525
2021-06-16 09:58:53,675.3,685525
2021-06-16 09:58:54,675.35,685704
2021-06-16 09:58:55,675.45,685793
2021-06-16 09:58:56,675.15,686043
2021-06-16 09:58:57,675.1,686048
2021-06-16 09:58:58,675.1,686049
2021-06-16 09:58:59,675.1,686053
2021-06-16 09:59:00,675.05,686055
2021-06-16 09:59:01,675.05,686183
2021-06-16 09:59:02,675.0,686240
2021-06-16 09:59:03,675.0,686352
2021-06-16 09:59:04,675.1,686461
2021-06-16 09:59:05,675.1,686497
2021-06-16 09:59:06,675.15,686504
2021-06-16 09:59:07,675.15,686510
2021-06-16 09:59:08,675.2,686584
2021-06-16 09:59:09,675.2,686759
2021-06-16 09:59:10,675.15,686760
2021-06-16 09:59:11,675.05,686861
2021-06-16 09:59:12,675.2,686972
2021-06-16 09:59:13,675.05,686994
2021-06-16 09:59:14,675.1,687033
2021-06-16 09:59:15,675.05,687121
2021-06-16 09:59:16,675.05,687142
2021-06-16 09:59:17,675.1,687259
2021-06-16 09:59:18,675.05,687281
2021-06-16 09:59:19,675.0,687896
2021-06-16 09:59:20,675.2,688191
2021-06-16 09:59:21,675.05,688296
2021-06-16 09:59:22,675.05,688307
2021-06-16 09:59:23,675.05,688309
2021-06-16 09:59:24,675.05,688575
2021-06-16 09:59:26,675.05,688659
2021-06-16 09:59:25,675.05,688628
2021-06-16 09:59:27,675.05,688665
2021-06-16 09:59:28,675.3,688753
2021-06-16 09:59:29,675.5,689271
2021-06-16 09:59:30,675.3,689441
2021-06-16 09:59:31,675.5,690475
2021-06-16 09:59:32,675.3,690560
2021-06-16 09:59:33,675.4,690577
2021-06-16 09:59:35,675.4,691086
2021-06-16 09:59:36,675.4,691142
2021-06-16 09:59:37,675.4,691175
2021-06-16 09:59:38,675.4,691175
2021-06-16 09:59:39,675.35,691281
2021-06-16 09:59:40,675.3,692044
2021-06-16 09:59:41,675.3,692166
2021-06-16 09:59:42,675.3,692173
2021-06-16 09:59:43,675.3,692173
2021-06-16 09:59:44,675.2,692179
2021-06-16 09:59:45,675.2,692183
2021-06-16 09:59:46,675.4,692640
2021-06-16 09:59:47,675.4,692640
2021-06-16 09:59:48,675.4,692854
2021-06-16 09:59:49,675.35,692856
2021-06-16 09:59:50,675.35,692856
2021-06-16 09:59:51,675.4,692866
2021-06-16 09:59:52,675.35,692880
2021-06-16 09:59:53,675.35,692880
2021-06-16 09:59:54,675.15,692923
2021-06-16 09:59:55,675.15,693027
2021-06-16 09:59:56,675.05,694098
2021-06-16 09:59:57,675.05,694312
2021-06-16 09:59:58,675.05,694358
2021-06-16 09:59:59,675.15,694405
2021-06-16 10:00:00,675.05,694409
2021-06-16 10:00:02,675.15,694516
2021-06-16 10:00:03,675.15,694516
2021-06-16 10:00:04,675.05,694555
2021-06-16 10:00:06,675.3,694655
2021-06-16 10:00:07,675.5,697070
2021-06-16 10:00:08,675.5,697070
2021-06-16 10:00:09,675.15,697090
2021-06-16 10:00:10,675.15,697100
2021-06-16 10:00:11,675.15,697102
2021-06-16 10:00:12,675.15,697102
2021-06-16 10:00:14,675.2,697602
2021-06-16 10:00:15,675.2,697602
2021-06-16 10:00:16,675.2,697602
2021-06-16 10:00:17,675.2,697612
2021-06-16 10:00:18,675.2,697613
2021-06-16 10:00:19,675.2,697837
2021-06-16 10:00:20,675.15,697948
2021-06-16 10:00:21,675.15,697970
2021-06-16 10:00:22,675.15,697975
2021-06-16 10:00:23,675.2,697976
2021-06-16 10:00:24,675.2,698005
2021-06-16 10:00:25,675.2,698013
2021-06-16 10:00:26,675.45,698038
2021-06-16 10:00:27,675.45,698915
2021-06-16 10:00:28,675.5,699933
2021-06-16 10:00:29,675.5,699933
2021-06-16 10:00:30,675.4,699996
2021-06-16 10:00:31,675.4,700012
2021-06-16 10:00:32,675.4,700015
2021-06-16 10:00:33,675.4,700279
2021-06-16 10:00:34,675.4,700612
2021-06-16 10:00:35,675.45,700778
2021-06-16 10:00:36,675.35,700849
2021-06-16 10:00:37,675.4,700864
2021-06-16 10:00:38,675.4,700864
2021-06-16 10:00:39,675.4,700871
2021-06-16 10:00:40,675.35,700873
2021-06-16 10:00:41,675.35,700903
2021-06-16 10:00:42,675.3,701675
2021-06-16 10:00:44,675.35,702051
2021-06-16 10:00:45,675.5,702356
2021-06-16 10:00:46,675.5,702406
2021-06-16 10:00:47,675.5,702406
2021-06-16 10:00:48,675.5,703406
2021-06-16 10:00:49,675.5,703506
2021-06-16 10:00:50,675.45,703547
2021-06-16 10:00:51,675.45,703619
2021-06-16 10:00:52,675.45,703649
2021-06-16 10:00:54,675.55,703929
2021-06-16 10:00:55,675.35,704213
2021-06-16 10:00:56,675.6,704315
2021-06-16 10:00:57,675.6,704315
2021-06-16 10:00:58,675.55,704515
2021-06-16 10:00:59,675.55,704536
2021-06-16 10:01:00,675.3,704537
2021-06-16 10:01:01,675.3,704539
2021-06-16 10:01:02,675.55,704774
2021-06-16 10:01:03,675.5,704803
2021-06-16 10:01:04,675.5,704913
2021-06-16 10:01:05,675.5,704933
2021-06-16 10:01:06,675.5,704934
2021-06-16 10:01:07,675.5,704961
2021-06-16 10:01:08,675.35,705038
2021-06-16 10:01:09,675.35,705063
2021-06-16 10:01:10,675.3,705077
2021-06-16 10:01:11,675.3,705083
2021-06-16 10:01:12,675.55,705134
2021-06-16 10:01:13,675.35,705529
2021-06-16 10:01:14,675.55,706628
2021-06-16 10:01:15,675.55,706630
2021-06-16 10:01:16,675.55,706630
2021-06-16 10:01:17,675.55,706630
2021-06-16 10:01:19,675.55,706666
2021-06-16 10:01:20,675.5,706852
2021-06-16 10:01:21,675.55,707008
2021-06-16 10:01:22,675.55,707039
2021-06-16 10:01:23,675.55,708095
2021-06-16 10:01:25,675.6,708360
2021-06-16 10:01:25,675.6,708360
2021-06-16 10:01:27,675.6,708370
2021-06-16 10:01:27,675.6,708371
2021-06-16 10:01:28,675.5,708425
2021-06-16 10:01:29,675.6,708486
2021-06-16 10:01:30,675.5,708493
2021-06-16 10:01:31,675.5,708499
2021-06-16 10:01:32,675.5,708505
2021-06-16 10:01:33,675.5,708514
2021-06-16 10:01:35,675.5,708550
2021-06-16 10:01:36,675.5,708562
2021-06-16 10:01:36,675.45,708764
2021-06-16 10:01:37,675.45,708805
2021-06-16 10:01:38,675.45,708819
2021-06-16 10:01:40,675.45,708925
2021-06-16 10:01:40,675.65,709054
2021-06-16 10:01:41,675.65,709105
2021-06-16 10:01:43,675.75,709163
2021-06-16 10:01:43,675.5,709251
2021-06-16 10:01:44,675.5,709251
2021-06-16 10:01:45,675.4,709262
2021-06-16 10:01:46,675.4,709264
2021-06-16 10:01:48,675.45,709280
2021-06-16 10:01:48,675.35,709300
2021-06-16 10:01:49,675.45,709480
2021-06-16 10:01:50,675.45,709908
2021-06-16 10:01:51,675.5,710024
2021-06-16 10:01:52,675.45,710044
2021-06-16 10:01:53,675.45,710055
2021-06-16 10:01:54,675.6,710082
2021-06-16 10:01:56,675.6,710082
2021-06-16 10:01:57,675.5,710142
2021-06-16 10:01:57,675.5,710154
2021-06-16 10:01:58,675.45,710628
2021-06-16 10:01:59,675.6,710859
2021-06-16 10:02:00,675.6,710892
2021-06-16 10:02:01,675.6,710892
2021-06-16 10:02:02,675.4,710913
2021-06-16 10:02:03,675.4,710924
2021-06-16 10:02:04,675.4,711000
2021-06-16 10:02:05,675.4,711116
2021-06-16 10:02:07,675.4,711146
2021-06-16 10:02:07,675.4,711152
2021-06-16 10:02:08,675.6,711157
2021-06-16 10:02:09,675.6,711158
2021-06-16 10:02:10,675.4,711291
2021-06-16 10:02:11,675.4,711303
2021-06-16 10:02:12,675.6,711353
2021-06-16 10:02:13,675.45,711361
2021-06-16 10:02:15,675.45,711366
2021-06-16 10:02:16,675.6,711867
2021-06-16 10:02:17,675.45,711886
2021-06-16 10:02:18,675.65,712101
2021-06-16 10:02:19,675.45,712140
2021-06-16 10:02:20,675.6,712192
2021-06-16 10:02:22,675.6,712193
2021-06-16 10:02:23,675.5,712204
2021-06-16 10:02:24,675.5,712224
2021-06-16 10:02:25,675.5,712228
2021-06-16 10:02:26,675.5,712233
2021-06-16 10:02:27,675.6,712249
2021-06-16 10:02:28,675.6,712249
2021-06-16 10:02:29,675.5,712250
2021-06-16 10:02:30,675.5,712251
2021-06-16 10:02:31,675.5,712372
2021-06-16 10:02:32,675.5,712396
2021-06-16 10:02:33,675.5,712404
2021-06-16 10:02:34,675.5,712538
2021-06-16 10:02:35,675.6,712570
2021-06-16 10:02:36,675.6,712640
2021-06-16 10:02:37,675.65,712661
2021-06-16 10:02:38,675.65,712665
2021-06-16 10:02:39,675.5,713172
2021-06-16 10:02:40,675.7,713499
2021-06-16 10:02:42,675.7,713506
2021-06-16 10:02:43,675.7,713567
2021-06-16 10:02:43,675.6,713573
2021-06-16 10:02:44,675.6,713574
2021-06-16 10:02:45,675.75,713601
2021-06-16 10:02:46,675.75,713627
2021-06-16 10:02:47,675.75,713652
2021-06-16 10:02:48,675.8,714395
2021-06-16 10:02:49,676.2,719453
2021-06-16 10:02:50,676.2,720249
2021-06-16 10:02:51,676.2,720279
2021-06-16 10:02:52,676.2,720279
2021-06-16 10:02:53,675.8,721056
2021-06-16 10:02:54,675.7,721551
2021-06-16 10:02:55,675.5,722022
2021-06-16 10:02:56,675.45,722932
2021-06-16 10:02:57,675.45,723010
2021-06-16 10:02:58,675.4,723217
2021-06-16 10:02:59,675.4,723625
2021-06-16 10:03:00,675.35,723814
2021-06-16 10:03:01,675.7,724075
2021-06-16 10:03:03,675.7,724075
2021-06-16 10:03:03,675.5,724081
2021-06-16 10:03:05,675.9,724776
2021-06-16 10:03:06,675.8,724826
2021-06-16 10:03:07,675.6,724951
2021-06-16 10:03:08,675.65,724976
2021-06-16 10:03:09,675.85,724997
2021-06-16 10:03:10,675.6,725003
2021-06-16 10:03:11,675.65,725124
2021-06-16 10:03:12,675.8,725151
2021-06-16 10:03:13,675.95,725664
2021-06-16 10:03:14,675.8,725674
2021-06-16 10:03:15,676.0,726102
2021-06-16 10:03:16,676.05,726260
2021-06-16 10:03:17,676.05,726277
2021-06-16 10:03:18,676.15,726328
2021-06-16 10:03:19,676.15,726536
2021-06-16 10:03:20,675.95,726801
2021-06-16 10:03:22,675.95,726854
2021-06-16 10:03:22,675.95,726865
2021-06-16 10:03:23,675.95,726873
2021-06-16 10:03:25,676.05,727210
2021-06-16 10:03:26,676.15,727577
2021-06-16 10:03:27,676.15,727650
2021-06-16 10:03:27,676.15,727666
2021-06-16 10:03:28,676.15,727669
2021-06-16 10:03:30,676.15,728127
2021-06-16 10:03:32,676.15,728207
2021-06-16 10:03:34,676.15,728359
2021-06-16 10:03:34,676.15,728399
2021-06-16 10:03:38,676.2,728642
2021-06-16 10:03:39,676.2,728742
2021-06-16 10:03:40,676.2,728843
2021-06-16 10:03:41,676.2,728856
2021-06-16 10:03:42,676.0,728857
2021-06-16 10:03:43,676.2,728905
2021-06-16 10:03:44,676.0,729012
2021-06-16 10:03:45,676.0,729104
2021-06-16 10:03:47,676.1,729373
2021-06-16 10:03:48,676.05,729632
2021-06-16 10:03:49,676.15,729701
2021-06-16 10:03:50,676.15,729717
2021-06-16 10:03:51,676.15,729721
2021-06-16 10:03:52,676.15,729721
2021-06-16 10:03:53,676.2,729825
2021-06-16 10:03:55,676.0,730502
2021-06-16 10:03:56,675.95,731507
2021-06-16 10:03:57,675.95,731507
2021-06-16 10:03:59,675.7,731657
2021-06-16 10:04:00,675.7,731725
2021-06-16 10:04:01,675.6,731817
2021-06-16 10:04:02,675.6,731817
2021-06-16 10:04:03,675.6,732050
2021-06-16 10:04:04,675.7,732104
2021-06-16 10:04:05,675.7,732104
2021-06-16 10:04:06,675.9,732318
2021-06-16 10:04:08,675.65,732333
2021-06-16 10:04:09,675.65,732336
2021-06-16 10:04:10,675.7,732449
2021-06-16 10:04:10,675.9,732482
2021-06-16 10:04:12,675.9,732664
2021-06-16 10:04:12,676.0,732752
2021-06-16 10:04:13,676.0,733057
2021-06-16 10:04:15,676.0,733077
2021-06-16 10:04:16,676.0,733177
2021-06-16 10:04:18,675.75,734302
2021-06-16 10:04:19,675.9,734607
2021-06-16 10:04:21,675.8,734681
2021-06-16 10:04:22,675.8,734714
2021-06-16 10:04:24,675.6,734894
2021-06-16 10:04:25,675.8,734974
2021-06-16 10:04:27,675.7,735013
2021-06-16 10:04:28,675.8,735109
2021-06-16 10:04:28,675.8,735121
2021-06-16 10:04:29,675.8,735121
2021-06-16 10:04:30,675.6,735125
2021-06-16 10:04:32,675.7,735272
2021-06-16 10:04:32,675.7,735308
2021-06-16 10:04:34,675.85,735365
2021-06-16 10:04:35,675.7,735566
2021-06-16 10:04:37,675.8,735706
2021-06-16 10:04:38,675.6,735771
2021-06-16 10:04:39,675.6,735984
2021-06-16 10:04:40,675.6,736699
2021-06-16 10:04:41,675.6,736717
2021-06-16 10:04:42,675.5,736732
2021-06-16 10:04:42,675.5,736735
2021-06-16 10:04:43,675.5,736742
2021-06-16 10:04:45,675.5,736743
2021-06-16 10:04:46,675.7,736878
2021-06-16 10:04:46,675.7,736878
2021-06-16 10:04:47,675.7,736878
2021-06-16 10:04:48,675.7,736878
2021-06-16 10:04:49,675.7,737580
2021-06-16 10:04:52,675.8,737876
2021-06-16 10:04:53,675.9,737976
2021-06-16 10:04:54,675.65,737983
2021-06-16 10:04:54,675.65,737985
2021-06-16 10:04:56,675.6,738033
2021-06-16 10:04:57,675.6,738113
2021-06-16 10:04:58,675.55,738131
2021-06-16 10:04:59,675.5,738132
2021-06-16 10:05:01,675.5,738138
2021-06-16 10:05:02,675.5,738157
2021-06-16 10:05:04,675.85,740235
2021-06-16 10:05:04,675.85,740276
2021-06-16 10:05:05,675.85,740501
2021-06-16 10:05:06,675.85,740546
2021-06-16 10:05:07,675.8,740605
2021-06-16 10:05:08,675.8,741088
2021-06-16 10:05:11,675.7,741346
2021-06-16 10:05:12,675.65,741371
2021-06-16 10:05:13,675.8,741428
2021-06-16 10:05:13,675.8,741428
2021-06-16 10:05:14,675.65,741756
2021-06-16 10:05:15,675.65,741821
2021-06-16 10:05:16,675.65,741821
2021-06-16 10:05:17,675.65,741821
2021-06-16 10:05:18,675.55,741853
2021-06-16 10:05:19,675.8,743324
2021-06-16 10:05:20,675.8,743324
2021-06-16 10:05:23,675.75,743330
2021-06-16 10:05:24,675.8,743470
2021-06-16 10:05:24,675.8,743469
2021-06-16 10:05:25,675.75,743499
2021-06-16 10:05:27,675.75,743499
2021-06-16 10:05:28,675.75,743637
2021-06-16 10:05:30,675.75,743693
2021-06-16 10:05:31,676.0,743725
2021-06-16 10:05:32,676.0,743725
2021-06-16 10:05:32,676.0,743725
2021-06-16 10:05:33,676.0,743725
2021-06-16 10:05:35,676.0,743725
2021-06-16 10:05:36,675.65,743757
2021-06-16 10:05:36,675.65,743793
2021-06-16 10:05:37,675.7,743831
2021-06-16 10:05:39,675.55,743835
2021-06-16 10:05:40,675.55,743924
2021-06-16 10:05:40,675.8,743954
2021-06-16 10:05:41,675.55,743972
2021-06-16 10:05:42,675.55,743985
2021-06-16 10:05:43,675.55,743988
2021-06-16 10:05:44,675.8,744049
2021-06-16 10:05:46,675.65,744051
2021-06-16 10:05:47,675.65,744051
2021-06-16 10:05:48,675.8,744116
2021-06-16 10:05:49,676.0,744154
2021-06-16 10:05:50,676.0,744159
2021-06-16 10:05:50,676.0,744159
2021-06-16 10:05:51,675.9,744178
2021-06-16 10:05:52,676.0,744185
2021-06-16 10:05:53,676.0,744185
2021-06-16 10:05:54,675.75,744193
2021-06-16 10:05:55,676.0,744210
2021-06-16 10:05:57,676.0,744210
2021-06-16 10:05:57,675.75,744211
2021-06-16 10:05:58,676.0,744271
2021-06-16 10:06:00,675.7,744277
2021-06-16 10:06:01,675.65,744433
2021-06-16 10:06:02,675.9,744479
2021-06-16 10:06:02,675.9,744479
2021-06-16 10:06:03,675.9,744479
2021-06-16 10:06:04,675.7,745521
2021-06-16 10:06:06,675.95,745849
2021-06-16 10:06:07,675.7,746130
2021-06-16 10:06:08,676.0,746211
2021-06-16 10:06:08,676.0,746211
2021-06-16 10:06:09,675.65,746212
2021-06-16 10:06:11,675.95,746278
2021-06-16 10:06:12,675.65,746292
2021-06-16 10:06:13,675.65,746311
2021-06-16 10:06:14,675.65,746328
2021-06-16 10:06:15,675.85,746386
2021-06-16 10:06:15,675.85,746386
2021-06-16 10:06:16,675.65,746589
2021-06-16 10:06:17,675.75,746720
2021-06-16 10:06:18,675.75,746745
2021-06-16 10:06:19,675.75,746766
2021-06-16 10:06:20,675.75,746766
2021-06-16 10:06:21,675.65,746784
2021-06-16 10:06:23,675.6,747020
2021-06-16 10:06:23,675.6,747067
2021-06-16 10:06:25,675.65,747081
2021-06-16 10:06:26,675.75,747083
2021-06-16 10:06:27,675.95,747104
2021-06-16 10:06:28,675.95,747286
2021-06-16 10:06:29,675.95,747286
2021-06-16 10:06:30,675.75,747288
2021-06-16 10:06:30,675.95,748425
2021-06-16 10:06:31,675.8,748440
2021-06-16 10:06:32,675.8,748446
2021-06-16 10:06:33,676.0,749484
2021-06-16 10:06:34,675.8,749500
2021-06-16 10:06:35,675.95,749511
2021-06-16 10:06:37,675.95,749513
2021-06-16 10:06:38,675.8,749618
2021-06-16 10:06:39,675.75,749847
2021-06-16 10:06:40,675.75,749923
2021-06-16 10:06:41,675.75,749939
2021-06-16 10:06:41,675.7,749959
2021-06-16 10:06:42,675.7,750068
2021-06-16 10:06:43,675.7,750090
2021-06-16 10:06:45,676.0,750430
2021-06-16 10:06:46,676.0,750430
2021-06-16 10:06:48,675.75,750470
2021-06-16 10:06:49,675.7,750678
2021-06-16 10:06:49,675.7,750721
2021-06-16 10:06:51,675.7,750805
2021-06-16 10:06:51,675.8,752336
2021-06-16 10:06:53,675.8,752666
2021-06-16 10:06:54,675.8,752666
2021-06-16 10:06:59,675.75,752985
2021-06-16 10:07:00,675.7,752988
2021-06-16 10:07:01,675.75,753214
2021-06-16 10:07:02,675.7,753279
2021-06-16 10:07:03,676.0,753492
2021-06-16 10:07:03,676.05,753507
2021-06-16 10:07:04,676.05,753507
2021-06-16 10:07:06,676.0,753519
2021-06-16 10:07:07,676.0,753519
2021-06-16 10:07:08,676.0,753519
2021-06-16 10:07:09,675.8,753548
2021-06-16 10:07:10,675.8,753605
2021-06-16 10:07:11,675.8,753619
2021-06-16 10:07:12,675.8,753661
2021-06-16 10:07:12,675.8,753669
2021-06-16 10:07:13,676.1,753871
2021-06-16 10:07:15,676.1,753871
2021-06-16 10:07:15,676.1,753871
2021-06-16 10:07:17,676.0,753881
2021-06-16 10:07:17,676.0,753881
2021-06-16 10:07:18,676.0,753927
2021-06-16 10:07:19,675.9,753970
2021-06-16 10:07:20,675.9,754081
2021-06-16 10:07:22,676.0,754260
2021-06-16 10:07:21,676.0,754186
2021-06-16 10:07:23,676.1,754318
2021-06-16 10:07:24,676.1,754373
2021-06-16 10:07:25,675.8,754628
2021-06-16 10:07:26,676.1,754689
2021-06-16 10:07:27,676.15,754789
2021-06-16 10:07:28,676.15,754789
2021-06-16 10:07:30,675.8,754966
2021-06-16 10:07:31,676.1,755099
2021-06-16 10:07:32,676.15,755164
2021-06-16 10:07:32,676.15,755164
2021-06-16 10:07:33,676.2,755279
2021-06-16 10:07:35,676.1,755294
2021-06-16 10:07:35,676.1,755297
2021-06-16 10:07:36,676.1,755309
2021-06-16 10:07:37,676.1,755312
2021-06-16 10:07:39,676.1,755319
2021-06-16 10:07:40,675.8,755320
2021-06-16 10:07:41,675.85,755355
2021-06-16 10:07:42,675.6,757866
2021-06-16 10:07:43,675.85,758469
2021-06-16 10:07:44,675.6,758495
2021-06-16 10:07:45,676.1,760503
2021-06-16 10:07:48,675.65,760799
2021-06-16 10:07:49,675.6,760823
2021-06-16 10:07:50,675.6,760865
2021-06-16 10:07:51,675.65,761384
2021-06-16 10:07:52,675.5,761385
2021-06-16 10:07:53,675.5,761946
2021-06-16 10:07:54,675.5,762077
2021-06-16 10:07:55,675.3,762178
2021-06-16 10:07:56,675.3,762260
2021-06-16 10:07:57,675.35,762401
2021-06-16 10:07:58,675.5,762537
2021-06-16 10:07:59,675.5,762675
2021-06-16 10:08:00,675.5,766191
2021-06-16 10:08:01,675.5,766917
2021-06-16 10:08:02,675.55,767126
2021-06-16 10:08:03,675.5,767146
2021-06-16 10:08:04,675.5,767152
2021-06-16 10:08:05,675.5,767156
2021-06-16 10:08:06,675.5,767159
2021-06-16 10:08:07,675.5,767374
2021-06-16 10:08:08,675.45,767989
2021-06-16 10:08:08,675.45,768022
2021-06-16 10:08:10,675.35,768134
2021-06-16 10:08:10,675.35,768161
2021-06-16 10:08:12,675.35,768210
2021-06-16 10:08:13,675.35,768226
2021-06-16 10:08:14,675.3,768353
2021-06-16 10:08:14,675.3,768331
2021-06-16 10:08:15,675.3,768392
2021-06-16 10:08:17,675.3,768400
2021-06-16 10:08:18,675.3,768402
2021-06-16 10:08:19,675.35,768404
2021-06-16 10:08:20,675.5,768492
2021-06-16 10:08:21,675.5,768530
2021-06-16 10:08:22,675.55,768700
2021-06-16 10:08:23,675.55,768736
2021-06-16 10:08:24,675.9,768762
2021-06-16 10:08:25,675.9,768767
2021-06-16 10:08:26,675.9,768769
2021-06-16 10:08:27,675.55,768869
2021-06-16 10:08:29,675.95,769181
2021-06-16 10:08:30,675.8,769182
2021-06-16 10:08:31,675.8,769184
2021-06-16 10:08:32,675.8,769201
2021-06-16 10:08:33,675.65,769208
2021-06-16 10:08:35,675.8,769229
2021-06-16 10:08:35,675.65,769226
2021-06-16 10:08:36,675.8,769240
2021-06-16 10:08:38,675.95,769472
2021-06-16 10:08:39,675.95,769635
2021-06-16 10:08:40,675.95,769666
2021-06-16 10:08:41,675.95,769666
2021-06-16 10:08:42,675.85,769685
2021-06-16 10:08:42,675.65,769715
2021-06-16 10:08:44,675.65,769724
2021-06-16 10:08:45,675.8,769763
2021-06-16 10:08:46,675.65,769923
2021-06-16 10:08:47,675.65,769955
2021-06-16 10:08:48,675.65,769973
2021-06-16 10:08:49,675.8,770035
2021-06-16 10:08:51,675.65,770047
2021-06-16 10:08:51,675.65,770063
2021-06-16 10:08:53,675.8,770076
2021-06-16 10:08:55,675.8,770089
2021-06-16 10:08:56,675.8,770089
2021-06-16 10:08:57,675.65,770195
2021-06-16 10:08:58,675.7,770219
2021-06-16 10:08:59,675.75,770224
2021-06-16 10:09:00,675.75,770227
2021-06-16 10:09:01,675.75,770379
2021-06-16 10:09:02,675.8,770400
2021-06-16 10:09:03,675.65,770500
2021-06-16 10:09:04,675.65,770500
2021-06-16 10:09:05,675.65,770500
2021-06-16 10:09:06,675.6,770566
2021-06-16 10:09:07,675.6,770583
2021-06-16 10:09:08,675.6,770692
2021-06-16 10:09:09,675.6,770725
2021-06-16 10:09:10,675.6,770736
2021-06-16 10:09:12,675.5,770750
2021-06-16 10:09:13,675.5,770762
2021-06-16 10:09:14,675.75,770944
2021-06-16 10:09:14,675.75,770944
2021-06-16 10:09:16,675.75,771080
2021-06-16 10:09:17,675.75,771110
2021-06-16 10:09:18,675.75,771116
2021-06-16 10:09:19,675.75,771128
2021-06-16 10:09:20,675.6,771152
2021-06-16 10:09:21,675.6,771157
2021-06-16 10:09:22,675.6,771172
2021-06-16 10:09:23,675.6,771180
2021-06-16 10:09:24,675.9,771733
2021-06-16 10:09:25,675.9,771733
2021-06-16 10:09:26,675.65,771793
2021-06-16 10:09:27,675.65,771793
2021-06-16 10:09:28,675.65,771805
2021-06-16 10:09:29,675.5,772305
2021-06-16 10:09:30,675.45,772446
2021-06-16 10:09:31,675.45,772593
2021-06-16 10:09:32,675.6,772781
2021-06-16 10:09:33,675.45,772783
2021-06-16 10:09:33,675.45,772783
