timestamp,ltp,volume
2021-06-16 09:15:50,349.85,704409
2021-06-16 09:15:51,349.75,707654
2021-06-16 09:15:52,349.85,708085
2021-06-16 09:15:53,349.8,724120
2021-06-16 09:15:54,350.0,742488
2021-06-16 09:15:55,350.1,743774
2021-06-16 09:15:56,349.95,748723
2021-06-16 09:15:57,350.1,751064
2021-06-16 09:15:58,349.8,772888
2021-06-16 09:15:59,349.8,781595
2021-06-16 09:16:00,349.95,788560
2021-06-16 09:16:01,349.8,816954
2021-06-16 09:16:02,349.7,823353
2021-06-16 09:16:04,349.45,840302
2021-06-16 09:16:05,349.7,842714
2021-06-16 09:16:06,349.45,844082
2021-06-16 09:16:07,349.7,854357
2021-06-16 09:16:08,349.95,859288
2021-06-16 09:16:09,350.0,880755
2021-06-16 09:16:10,350.0,882474
2021-06-16 09:16:11,350.0,883462
2021-06-16 09:16:12,349.75,893460
2021-06-16 09:16:13,349.95,896425
2021-06-16 09:16:14,349.95,899939
2021-06-16 09:16:15,349.85,905087
2021-06-16 09:16:16,349.7,907625
2021-06-16 09:16:17,349.95,912609
2021-06-16 09:16:18,349.8,924887
2021-06-16 09:16:19,349.9,927220
2021-06-16 09:16:20,349.7,929292
2021-06-16 09:16:21,349.9,932921
2021-06-16 09:16:22,350.05,936163
2021-06-16 09:16:23,350.0,937382
2021-06-16 09:16:24,349.95,943648
2021-06-16 09:16:25,350.1,947254
2021-06-16 09:16:26,350.2,950157
2021-06-16 09:16:27,350.4,956425
2021-06-16 09:16:28,350.35,960675
2021-06-16 09:16:29,350.5,963719
2021-06-16 09:16:30,350.4,966229
2021-06-16 09:16:31,350.2,971493
2021-06-16 09:16:32,350.25,984697
2021-06-16 09:16:33,350.2,985808
2021-06-16 09:16:34,350.3,991965
2021-06-16 09:16:35,350.25,992949
2021-06-16 09:16:36,350.3,994082
2021-06-16 09:16:37,350.35,1000775
2021-06-16 09:16:38,350.55,1008810
2021-06-16 09:16:39,350.5,1015757
2021-06-16 09:16:40,350.6,1021057
2021-06-16 09:16:41,350.65,1023779
2021-06-16 09:16:42,350.7,1026974
2021-06-16 09:16:43,350.55,1031922
2021-06-16 09:16:44,350.8,1035556
2021-06-16 09:16:45,350.9,1037447
2021-06-16 09:16:46,350.95,1069902
2021-06-16 09:16:47,350.95,1072069
2021-06-16 09:16:48,350.95,1076555
2021-06-16 09:16:49,351.0,1080217
2021-06-16 09:16:51,351.0,1089104
2021-06-16 09:16:52,351.0,1093314
2021-06-16 09:16:53,351.0,1096299
2021-06-16 09:16:54,350.85,1105409
2021-06-16 09:16:56,351.15,1111469
2021-06-16 09:16:55,350.8,1109911
2021-06-16 09:16:57,351.0,1123106
2021-06-16 09:16:58,350.95,1135535
2021-06-16 09:16:59,350.8,1146364
2021-06-16 09:17:00,350.9,1154725
2021-06-16 09:17:01,350.9,1173621
2021-06-16 09:17:02,350.9,1174059
2021-06-16 09:17:03,350.9,1175343
2021-06-16 09:17:06,350.9,1187471
2021-06-16 09:17:09,350.95,1198883
2021-06-16 09:17:12,351.0,1213613
2021-06-16 09:17:14,350.85,1217457
2021-06-16 09:17:17,351.0,1230736
2021-06-16 09:17:18,351.05,1232190
2021-06-16 09:17:19,351.2,1242929
2021-06-16 09:17:20,351.0,1243260
2021-06-16 09:17:21,351.2,1245622
2021-06-16 09:17:22,351.2,1252817
2021-06-16 09:17:23,351.15,1254720
2021-06-16 09:17:24,351.25,1258552
2021-06-16 09:17:25,351.2,1264913
2021-06-16 09:17:26,351.2,1265743
2021-06-16 09:17:27,351.2,1268321
2021-06-16 09:17:28,351.3,1271148
2021-06-16 09:17:29,351.3,1271900
2021-06-16 09:17:31,351.4,1277545
2021-06-16 09:17:32,351.5,1280600
2021-06-16 09:17:33,351.5,1281484
2021-06-16 09:17:35,351.45,1286265
2021-06-16 09:17:40,351.75,1312518
2021-06-16 09:17:42,351.7,1318247
2021-06-16 09:17:43,351.85,1328821
2021-06-16 09:17:44,351.95,1332837
2021-06-16 09:17:45,351.85,1340089
2021-06-16 09:17:46,351.95,1341646
2021-06-16 09:17:47,351.9,1349252
2021-06-16 09:17:48,351.9,1350016
2021-06-16 09:17:49,351.95,1353256
2021-06-16 09:17:50,351.75,1357770
2021-06-16 09:17:51,351.8,1366697
2021-06-16 09:17:52,351.65,1369170
2021-06-16 09:17:53,351.85,1375523
2021-06-16 09:17:54,351.9,1378115
2021-06-16 09:17:55,351.9,1383743
2021-06-16 09:17:56,351.95,1402142
2021-06-16 09:17:57,351.95,1404344
2021-06-16 09:17:58,352.0,1413450
2021-06-16 09:17:59,352.1,1418898
2021-06-16 09:18:00,351.95,1421364
2021-06-16 09:18:01,352.05,1423760
2021-06-16 09:18:02,352.1,1427001
2021-06-16 09:18:03,351.95,1429251
2021-06-16 09:18:04,352.0,1434565
2021-06-16 09:18:05,352.15,1442012
2021-06-16 09:18:06,352.1,1448275
2021-06-16 09:18:07,352.2,1451643
2021-06-16 09:18:08,352.1,1457655
2021-06-16 09:18:09,352.05,1461380
2021-06-16 09:18:10,352.0,1464721
2021-06-16 09:18:11,352.25,1469624
2021-06-16 09:18:12,352.1,1474254
2021-06-16 09:18:13,352.1,1483892
2021-06-16 09:18:14,352.1,1485099
2021-06-16 09:18:15,352.0,1488077
2021-06-16 09:18:16,352.0,1490087
2021-06-16 09:18:17,352.1,1491446
2021-06-16 09:18:18,352.1,1492574
2021-06-16 09:18:19,352.1,1495270
2021-06-16 09:18:20,352.1,1501864
2021-06-16 09:18:21,352.1,1510137
2021-06-16 09:18:22,352.15,1519468
2021-06-16 09:18:23,352.0,1521263
2021-06-16 09:18:24,352.1,1522247
2021-06-16 09:18:26,352.2,1527659
2021-06-16 09:18:27,352.1,1529675
2021-06-16 09:18:27,352.0,1529370
2021-06-16 09:18:29,352.15,1539478
2021-06-16 09:18:31,351.95,1552156
2021-06-16 09:18:32,351.95,1553173
2021-06-16 09:18:33,352.0,1556563
2021-06-16 09:18:34,352.0,1558426
2021-06-16 09:18:35,352.0,1561200
2021-06-16 09:18:36,352.0,1562624
2021-06-16 09:18:37,351.95,1566523
2021-06-16 09:18:38,351.75,1570517
2021-06-16 09:18:39,351.95,1573240
2021-06-16 09:18:40,352.0,1576085
2021-06-16 09:18:41,351.8,1577985
2021-06-16 09:18:42,351.75,1581603
2021-06-16 09:18:43,351.85,1588511
2021-06-16 09:18:44,351.8,1592671
2021-06-16 09:18:46,351.8,1599004
2021-06-16 09:18:46,351.8,1599695
2021-06-16 09:18:47,351.7,1601595
2021-06-16 09:18:48,351.8,1618871
2021-06-16 09:18:49,351.8,1626121
2021-06-16 09:18:51,351.8,1628876
2021-06-16 09:18:52,351.85,1629754
2021-06-16 09:18:52,351.9,1630269
2021-06-16 09:18:54,351.85,1632219
2021-06-16 09:18:54,351.85,1632236
2021-06-16 09:18:55,351.85,1632811
2021-06-16 09:18:56,351.9,1634558
2021-06-16 09:18:57,351.8,1635967
2021-06-16 09:18:58,351.85,1636749
2021-06-16 09:18:59,351.8,1638887
2021-06-16 09:19:00,351.85,1639057
2021-06-16 09:19:01,351.8,1641583
2021-06-16 09:19:02,352.0,1652411
2021-06-16 09:19:03,351.8,1653333
2021-06-16 09:19:04,351.8,1653715
2021-06-16 09:19:05,351.8,1654470
2021-06-16 09:19:06,351.9,1658572
2021-06-16 09:19:07,351.85,1659917
2021-06-16 09:19:08,351.85,1660471
2021-06-16 09:19:09,352.0,1662328
2021-06-16 09:19:10,351.85,1663454
2021-06-16 09:19:11,351.9,1665931
2021-06-16 09:19:12,351.9,1666173
2021-06-16 09:19:13,351.9,1666430
2021-06-16 09:19:14,351.9,1667858
2021-06-16 09:19:15,351.9,1670182
2021-06-16 09:19:16,351.8,1676366
2021-06-16 09:19:17,351.9,1677787
2021-06-16 09:19:18,351.9,1677936
2021-06-16 09:19:20,351.9,1679862
2021-06-16 09:19:21,351.9,1684097
2021-06-16 09:19:21,351.85,1684562
2021-06-16 09:19:23,351.85,1690347
2021-06-16 09:19:24,351.9,1693472
2021-06-16 09:19:25,351.85,1694746
2021-06-16 09:19:26,351.9,1695423
2021-06-16 09:19:27,351.85,1700152
2021-06-16 09:19:28,351.8,1705056
2021-06-16 09:19:29,351.8,1707325
2021-06-16 09:19:30,351.9,1707567
2021-06-16 09:19:31,351.75,1710440
2021-06-16 09:19:32,351.8,1711743
2021-06-16 09:19:35,351.6,1745695
2021-06-16 09:19:36,351.5,1746610
2021-06-16 09:19:37,351.3,1762791
2021-06-16 09:19:38,351.3,1763300
2021-06-16 09:19:39,351.3,1763960
2021-06-16 09:19:40,351.3,1765658
2021-06-16 09:19:41,351.2,1766807
2021-06-16 09:19:42,351.2,1768744
2021-06-16 09:19:43,351.25,1770081
2021-06-16 09:19:44,351.3,1770085
2021-06-16 09:19:45,351.25,1771108
2021-06-16 09:19:46,351.45,1773797
2021-06-16 09:19:47,351.3,1776811
2021-06-16 09:19:48,351.7,1780351
2021-06-16 09:19:49,351.55,1781307
2021-06-16 09:19:50,351.75,1782387
2021-06-16 09:19:51,351.75,1783136
2021-06-16 09:19:53,351.85,1790774
2021-06-16 09:19:56,351.75,1796536
2021-06-16 09:19:59,351.9,1799444
2021-06-16 09:20:00,351.75,1800514
2021-06-16 09:20:01,351.65,1803250
2021-06-16 09:20:03,351.75,1807716
2021-06-16 09:20:04,351.8,1808898
2021-06-16 09:20:05,351.8,1811071
2021-06-16 09:20:06,351.7,1816403
2021-06-16 09:20:07,351.75,1819090
2021-06-16 09:20:08,351.65,1820254
2021-06-16 09:20:09,351.75,1821051
2021-06-16 09:20:10,351.75,1821793
2021-06-16 09:20:11,351.7,1822466
2021-06-16 09:20:12,351.75,1823192
2021-06-16 09:20:13,351.75,1823786
2021-06-16 09:20:14,351.65,1825317
2021-06-16 09:20:15,351.55,1827824
2021-06-16 09:20:16,351.7,1828191
2021-06-16 09:20:18,351.6,1828758
2021-06-16 09:20:18,351.65,1829995
2021-06-16 09:20:19,351.7,1831678
2021-06-16 09:20:20,351.75,1834045
2021-06-16 09:20:21,351.75,1835554
2021-06-16 09:20:22,351.75,1836176
2021-06-16 09:20:23,351.6,1837124
2021-06-16 09:20:25,351.7,1838221
2021-06-16 09:20:26,351.65,1838893
2021-06-16 09:20:27,351.65,1844353
2021-06-16 09:20:28,351.65,1847779
2021-06-16 09:20:29,351.65,1861100
2021-06-16 09:20:31,351.55,1866317
2021-06-16 09:20:32,351.7,1889784
2021-06-16 09:20:33,351.7,1899742
2021-06-16 09:20:34,351.7,1900464
2021-06-16 09:20:35,351.65,1903395
2021-06-16 09:20:36,351.75,1904195
2021-06-16 09:20:37,351.65,1904510
2021-06-16 09:20:38,351.65,1907032
2021-06-16 09:20:40,351.8,1907732
2021-06-16 09:20:41,351.8,1910911
2021-06-16 09:20:42,351.8,1911288
2021-06-16 09:20:43,351.8,1918432
2021-06-16 09:20:44,351.8,1920623
2021-06-16 09:20:44,351.8,1920623
2021-06-16 09:20:45,351.9,1921984
2021-06-16 09:20:46,351.9,1922514
2021-06-16 09:20:47,351.9,1923164
2021-06-16 09:20:48,351.9,1923645
2021-06-16 09:20:49,351.9,1923951
2021-06-16 09:20:50,351.9,1926007
2021-06-16 09:20:52,351.9,1932326
2021-06-16 09:20:52,351.9,1932382
2021-06-16 09:20:53,351.85,1932533
2021-06-16 09:20:54,351.95,1934491
2021-06-16 09:20:55,351.9,1934601
2021-06-16 09:20:56,351.9,1936121
2021-06-16 09:20:57,351.9,1937188
2021-06-16 09:20:58,351.9,1939280
2021-06-16 09:20:59,351.95,1940053
2021-06-16 09:21:00,351.9,1940398
2021-06-16 09:21:01,351.9,1941918
2021-06-16 09:21:03,352.0,1945488
2021-06-16 09:21:03,352.0,1945488
2021-06-16 09:21:04,351.9,1946545
2021-06-16 09:21:05,352.0,1961079
2021-06-16 09:21:06,352.0,1965263
2021-06-16 09:21:07,352.15,1995181
2021-06-16 09:21:08,352.25,1998881
2021-06-16 09:21:09,352.2,1999504
2021-06-16 09:21:10,352.1,2011233
2021-06-16 09:21:11,352.2,2012963
2021-06-16 09:21:12,352.0,2017148
2021-06-16 09:21:13,352.2,2022227
2021-06-16 09:21:14,352.1,2024136
2021-06-16 09:21:15,352.15,2026612
2021-06-16 09:21:16,352.25,2030510
2021-06-16 09:21:17,352.25,2030574
2021-06-16 09:21:18,352.5,2035324
2021-06-16 09:21:19,352.5,2046299
2021-06-16 09:21:20,352.8,2061227
2021-06-16 09:21:21,352.85,2063547
2021-06-16 09:21:22,352.8,2064132
2021-06-16 09:21:23,352.85,2067221
2021-06-16 09:21:24,352.85,2069780
2021-06-16 09:21:25,352.85,2073944
2021-06-16 09:21:26,352.85,2076146
2021-06-16 09:21:27,352.85,2077721
2021-06-16 09:21:28,352.85,2081848
2021-06-16 09:21:29,352.8,2084407
2021-06-16 09:21:30,352.8,2086109
2021-06-16 09:21:31,352.85,2088690
2021-06-16 09:21:32,352.7,2090258
2021-06-16 09:21:33,352.8,2092177
2021-06-16 09:21:34,352.8,2096162
2021-06-16 09:21:35,352.75,2096357
2021-06-16 09:21:36,352.75,2098715
2021-06-16 09:21:37,352.75,2100161
2021-06-16 09:21:38,352.7,2103726
2021-06-16 09:21:40,352.75,2106858
2021-06-16 09:21:40,352.7,2107539
2021-06-16 09:21:42,352.75,2109237
2021-06-16 09:21:42,352.75,2109210
2021-06-16 09:21:43,352.75,2111499
2021-06-16 09:21:44,352.8,2118530
2021-06-16 09:21:45,352.8,2122777
2021-06-16 09:21:46,352.85,2125966
2021-06-16 09:21:47,352.85,2127899
2021-06-16 09:21:48,352.85,2129122
2021-06-16 09:21:49,352.85,2133892
2021-06-16 09:21:50,352.9,2137230
2021-06-16 09:21:51,352.9,2139367
2021-06-16 09:21:54,352.9,2140718
2021-06-16 09:21:54,352.9,2142383
2021-06-16 09:21:55,352.85,2144767
2021-06-16 09:21:56,352.9,2146129
2021-06-16 09:21:57,352.95,2153132
2021-06-16 09:21:58,353.0,2158453
2021-06-16 09:21:59,353.0,2160425
2021-06-16 09:22:00,353.2,2177169
2021-06-16 09:22:01,352.95,2183851
2021-06-16 09:22:02,352.95,2196709
2021-06-16 09:22:03,353.15,2203070
2021-06-16 09:22:04,353.2,2206217
2021-06-16 09:22:05,353.2,2210025
2021-06-16 09:22:06,353.15,2210423
2021-06-16 09:22:07,353.15,2211423
2021-06-16 09:22:08,353.2,2214283
2021-06-16 09:22:10,353.1,2216115
2021-06-16 09:22:11,353.15,2229474
2021-06-16 09:22:13,353.0,2248660
2021-06-16 09:22:12,353.05,2234245
2021-06-16 09:22:13,353.05,2249309
2021-06-16 09:22:15,353.0,2255932
2021-06-16 09:22:15,353.15,2256717
2021-06-16 09:22:16,353.1,2260171
2021-06-16 09:22:17,352.95,2263370
2021-06-16 09:22:18,353.0,2265875
2021-06-16 09:22:19,353.05,2268393
2021-06-16 09:22:20,353.05,2271693
2021-06-16 09:22:21,353.0,2275254
2021-06-16 09:22:23,353.1,2280748
2021-06-16 09:22:25,352.95,2291566
2021-06-16 09:22:25,353.05,2292841
2021-06-16 09:22:26,353.05,2298964
2021-06-16 09:22:27,352.9,2323066
2021-06-16 09:22:28,352.7,2334470
2021-06-16 09:22:30,352.9,2342085
2021-06-16 09:22:31,352.7,2347684
2021-06-16 09:22:32,352.85,2348684
2021-06-16 09:22:33,352.8,2351101
2021-06-16 09:22:33,352.65,2351151
2021-06-16 09:22:35,352.65,2355518
2021-06-16 09:22:36,352.8,2356216
2021-06-16 09:22:37,352.85,2357786
2021-06-16 09:22:38,352.65,2371698
2021-06-16 09:22:39,352.7,2372902
2021-06-16 09:22:40,352.7,2373452
2021-06-16 09:22:41,352.65,2376137
2021-06-16 09:22:42,352.65,2376820
2021-06-16 09:22:43,352.8,2377709
2021-06-16 09:22:44,352.7,2377969
2021-06-16 09:22:45,352.8,2379951
2021-06-16 09:22:46,352.95,2380685
2021-06-16 09:22:47,353.0,2382285
2021-06-16 09:22:47,353.0,2382627
2021-06-16 09:22:49,353.05,2394436
2021-06-16 09:22:50,353.0,2395117
2021-06-16 09:22:51,353.05,2395733
2021-06-16 09:22:52,353.0,2399570
2021-06-16 09:22:53,353.05,2401027
2021-06-16 09:22:53,352.95,2401346
2021-06-16 09:22:54,353.0,2402616
2021-06-16 09:22:55,353.05,2404553
2021-06-16 09:22:57,352.9,2407421
2021-06-16 09:22:57,353.0,2408745
2021-06-16 09:22:58,353.1,2410933
2021-06-16 09:22:59,353.1,2412279
2021-06-16 09:23:00,353.1,2413430
2021-06-16 09:23:01,353.05,2413655
2021-06-16 09:23:02,353.05,2414593
2021-06-16 09:23:03,353.05,2415405
2021-06-16 09:23:04,353.15,2437730
2021-06-16 09:23:05,353.15,2437977
2021-06-16 09:23:07,353.15,2455867
2021-06-16 09:23:07,353.15,2454767
2021-06-16 09:23:09,353.15,2459468
2021-06-16 09:23:10,353.3,2459806
2021-06-16 09:23:11,353.3,2459881
2021-06-16 09:23:12,353.3,2462381
2021-06-16 09:23:14,353.3,2463179
2021-06-16 09:23:14,353.3,2470405
2021-06-16 09:23:17,353.4,2473981
2021-06-16 09:23:17,353.4,2473981
2021-06-16 09:23:18,353.35,2476063
2021-06-16 09:23:19,353.4,2478510
2021-06-16 09:23:21,353.55,2494046
2021-06-16 09:23:21,353.55,2495176
2021-06-16 09:23:24,353.6,2507797
2021-06-16 09:23:25,353.65,2508475
2021-06-16 09:23:26,353.6,2509941
2021-06-16 09:23:27,353.7,2512720
2021-06-16 09:23:28,353.6,2537462
2021-06-16 09:23:28,353.6,2537925
2021-06-16 09:23:29,353.45,2543012
2021-06-16 09:23:30,353.65,2545987
2021-06-16 09:23:32,353.6,2548377
2021-06-16 09:23:33,353.65,2555238
2021-06-16 09:23:34,353.6,2559987
2021-06-16 09:23:35,353.1,2574289
2021-06-16 09:23:36,353.35,2576751
2021-06-16 09:23:37,353.5,2579080
2021-06-16 09:23:38,353.5,2583808
2021-06-16 09:23:39,353.3,2586367
2021-06-16 09:23:40,353.5,2587703
2021-06-16 09:23:41,353.5,2592074
2021-06-16 09:23:42,353.35,2593927
2021-06-16 09:23:44,353.2,2595805
2021-06-16 09:23:45,353.35,2599345
2021-06-16 09:23:46,353.3,2604963
2021-06-16 09:23:47,353.2,2607220
2021-06-16 09:23:48,353.0,2640356
2021-06-16 09:23:49,353.05,2641671
2021-06-16 09:23:51,352.95,2649056
2021-06-16 09:23:51,353.05,2649096
2021-06-16 09:23:52,352.8,2681970
2021-06-16 09:23:53,352.85,2684673
2021-06-16 09:23:54,352.9,2686018
2021-06-16 09:23:56,352.9,2686446
2021-06-16 09:23:57,352.95,2689238
2021-06-16 09:23:57,352.95,2689646
2021-06-16 09:23:58,352.95,2695244
2021-06-16 09:23:59,353.0,2696613
2021-06-16 09:24:01,353.0,2697705
2021-06-16 09:24:01,353.15,2738906
2021-06-16 09:24:03,353.05,2739372
2021-06-16 09:24:04,353.2,2739637
2021-06-16 09:24:05,353.2,2742126
2021-06-16 09:24:06,353.0,2755624
2021-06-16 09:24:07,352.9,2756800
2021-06-16 09:24:08,353.2,2767800
2021-06-16 09:24:09,353.15,2779004
2021-06-16 09:24:10,353.2,2780219
2021-06-16 09:24:11,353.1,2782923
2021-06-16 09:24:11,353.1,2782923
2021-06-16 09:24:12,353.15,2783591
2021-06-16 09:24:14,353.05,2785058
2021-06-16 09:24:15,353.15,2786256
2021-06-16 09:24:16,353.1,2787095
2021-06-16 09:24:16,353.1,2787905
2021-06-16 09:24:17,353.2,2790539
2021-06-16 09:24:19,353.15,2793363
2021-06-16 09:24:20,353.0,2799240
2021-06-16 09:24:21,353.0,2811336
2021-06-16 09:24:21,353.1,2811363
2021-06-16 09:24:22,353.1,2812047
2021-06-16 09:24:23,353.15,2813353
2021-06-16 09:24:24,352.95,2818480
2021-06-16 09:24:25,353.0,2821547
2021-06-16 09:24:27,353.1,2825105
2021-06-16 09:24:28,353.1,2825646
2021-06-16 09:24:29,353.15,2825969
2021-06-16 09:24:30,353.0,2826547
2021-06-16 09:24:31,353.05,2828656
2021-06-16 09:24:31,353.05,2828656
2021-06-16 09:24:32,353.05,2831854
2021-06-16 09:24:34,353.05,2832704
2021-06-16 09:24:35,352.95,2839250
2021-06-16 09:24:36,353.1,2839775
2021-06-16 09:24:37,353.0,2840981
2021-06-16 09:24:38,353.15,2841757
2021-06-16 09:24:39,353.15,2842732
2021-06-16 09:24:40,353.2,2842875
2021-06-16 09:24:41,353.2,2845288
2021-06-16 09:24:42,353.25,2852635
2021-06-16 09:24:43,353.15,2853841
2021-06-16 09:24:43,353.15,2853841
2021-06-16 09:24:44,353.25,2854058
2021-06-16 09:24:46,353.25,2856507
2021-06-16 09:24:47,353.2,2857966
2021-06-16 09:24:48,353.3,2858225
2021-06-16 09:24:49,353.35,2858415
2021-06-16 09:24:50,353.2,2859097
2021-06-16 09:24:51,353.3,2861288
2021-06-16 09:24:52,353.3,2862418
2021-06-16 09:24:53,353.4,2864080
2021-06-16 09:24:54,353.4,2864757
2021-06-16 09:24:54,353.4,2864793
2021-06-16 09:24:57,353.25,2866517
2021-06-16 09:24:58,353.4,2867808
2021-06-16 09:24:59,353.35,2868954
2021-06-16 09:25:00,353.3,2870258
2021-06-16 09:25:01,353.25,2877829
2021-06-16 09:25:03,352.95,2914459
2021-06-16 09:25:04,352.75,2921817
2021-06-16 09:25:05,352.85,2923860
2021-06-16 09:25:06,352.9,2924431
2021-06-16 09:25:07,352.95,2925986
2021-06-16 09:25:08,352.95,2926438
2021-06-16 09:25:09,352.85,2930924
2021-06-16 09:25:10,352.95,2931492
2021-06-16 09:25:10,352.95,2931492
2021-06-16 09:25:11,352.95,2931751
2021-06-16 09:25:12,353.0,2932554
2021-06-16 09:25:13,352.9,2934618
2021-06-16 09:25:15,352.95,2936459
2021-06-16 09:25:16,352.8,2938049
2021-06-16 09:25:17,352.85,2943766
2021-06-16 09:25:18,352.85,2946967
2021-06-16 09:25:19,352.85,2947490
2021-06-16 09:25:20,352.9,2949895
2021-06-16 09:25:20,352.95,2950155
2021-06-16 09:25:21,352.75,2951059
2021-06-16 09:25:22,352.9,2951291
2021-06-16 09:25:23,352.95,2951487
2021-06-16 09:25:24,352.85,2952050
2021-06-16 09:25:26,352.95,2953619
2021-06-16 09:25:29,353.0,2958673
2021-06-16 09:25:30,353.2,2962194
2021-06-16 09:25:31,353.0,2962456
2021-06-16 09:25:32,352.95,2970989
2021-06-16 09:25:33,352.85,2971350
2021-06-16 09:25:33,352.85,2971350
2021-06-16 09:25:35,352.95,2976476
2021-06-16 09:25:37,353.0,2978320
2021-06-16 09:25:38,353.15,2978832
2021-06-16 09:25:39,353.0,2979306
2021-06-16 09:25:39,353.2,2979406
2021-06-16 09:25:41,353.2,2986285
2021-06-16 09:25:42,353.2,2986726
2021-06-16 09:25:43,353.15,2991225
2021-06-16 09:25:44,353.15,2991359
2021-06-16 09:25:44,353.25,2991585
2021-06-16 09:25:46,353.25,2993493
2021-06-16 09:25:47,353.05,2993814
2021-06-16 09:25:48,353.25,2995065
2021-06-16 09:25:49,353.25,2995239
2021-06-16 09:25:50,353.1,3002703
2021-06-16 09:25:50,353.1,3002703
2021-06-16 09:25:51,353.15,3003386
2021-06-16 09:25:53,353.15,3004848
2021-06-16 09:25:55,353.15,3006250
2021-06-16 09:25:56,353.15,3006587
2021-06-16 09:25:57,353.15,3007871
2021-06-16 09:25:57,353.2,3007956
2021-06-16 09:25:58,353.2,3008636
2021-06-16 09:26:00,353.2,3010169
2021-06-16 09:26:01,353.15,3010875
2021-06-16 09:26:02,353.2,3011132
2021-06-16 09:26:03,353.1,3014500
2021-06-16 09:26:04,353.15,3014708
2021-06-16 09:26:06,353.15,3018184
2021-06-16 09:26:06,353.2,3018209
2021-06-16 09:26:07,353.15,3018279
2021-06-16 09:26:08,353.25,3019171
2021-06-16 09:26:09,353.25,3019356
2021-06-16 09:26:10,353.2,3019921
2021-06-16 09:26:11,353.3,3022796
2021-06-16 09:26:13,353.25,3023176
2021-06-16 09:26:14,353.3,3023986
2021-06-16 09:26:15,353.2,3024388
2021-06-16 09:26:16,353.25,3024429
2021-06-16 09:26:17,353.25,3025112
2021-06-16 09:26:18,353.35,3029204
2021-06-16 09:26:19,353.4,3032179
2021-06-16 09:26:20,353.25,3034703
2021-06-16 09:26:21,353.25,3036373
2021-06-16 09:26:22,353.2,3036701
2021-06-16 09:26:23,353.3,3037799
2021-06-16 09:26:23,353.35,3038115
2021-06-16 09:26:25,353.1,3051524
2021-06-16 09:26:26,353.15,3053012
2021-06-16 09:26:27,352.95,3065545
2021-06-16 09:26:28,353.0,3071597
2021-06-16 09:26:28,353.0,3071597
2021-06-16 09:26:30,352.95,3099750
2021-06-16 09:26:31,352.95,3105927
2021-06-16 09:26:32,352.95,3108708
2021-06-16 09:26:33,352.85,3109453
2021-06-16 09:26:34,353.0,3110764
2021-06-16 09:26:34,353.0,3110764
2021-06-16 09:26:35,352.9,3111938
2021-06-16 09:26:37,352.95,3113245
2021-06-16 09:26:38,353.0,3115284
2021-06-16 09:26:39,353.2,3117572
2021-06-16 09:26:41,353.0,3119013
2021-06-16 09:26:42,353.2,3119912
2021-06-16 09:26:43,353.2,3119912
2021-06-16 09:26:44,353.15,3120607
2021-06-16 09:26:45,353.05,3123299
2021-06-16 09:26:46,353.05,3124504
2021-06-16 09:26:47,353.1,3125392
2021-06-16 09:26:48,353.1,3125936
2021-06-16 09:26:49,353.1,3126447
2021-06-16 09:26:50,353.1,3126891
2021-06-16 09:26:51,353.2,3129906
2021-06-16 09:26:52,353.2,3131705
2021-06-16 09:26:53,353.25,3132055
2021-06-16 09:26:54,353.25,3133859
2021-06-16 09:26:55,353.2,3136103
2021-06-16 09:26:56,353.2,3136206
2021-06-16 09:26:57,353.2,3136816
2021-06-16 09:26:58,353.2,3138166
2021-06-16 09:26:59,353.2,3140978
2021-06-16 09:27:00,353.3,3141086
2021-06-16 09:27:01,353.2,3142627
2021-06-16 09:27:02,353.1,3143857
2021-06-16 09:27:03,353.2,3144909
2021-06-16 09:27:04,353.25,3145241
2021-06-16 09:27:06,353.1,3147786
2021-06-16 09:27:07,353.05,3148275
2021-06-16 09:27:08,353.2,3150911
2021-06-16 09:27:09,353.2,3153027
2021-06-16 09:27:10,353.15,3154464
2021-06-16 09:27:11,353.0,3154567
2021-06-16 09:27:12,353.2,3155437
2021-06-16 09:27:13,353.2,3157258
2021-06-16 09:27:14,353.15,3159331
2021-06-16 09:27:15,353.05,3159848
2021-06-16 09:27:16,352.8,3170373
2021-06-16 09:27:18,352.8,3172051
2021-06-16 09:27:19,353.0,3172715
2021-06-16 09:27:20,352.8,3173432
2021-06-16 09:27:21,352.8,3175190
2021-06-16 09:27:22,352.8,3176110
2021-06-16 09:27:23,353.0,3177773
2021-06-16 09:27:24,353.0,3179649
2021-06-16 09:27:25,353.05,3180304
2021-06-16 09:27:26,352.95,3181661
2021-06-16 09:27:27,352.85,3182076
2021-06-16 09:27:28,353.0,3182781
2021-06-16 09:27:30,352.85,3183342
2021-06-16 09:27:29,353.0,3183303
2021-06-16 09:27:31,353.0,3183611
2021-06-16 09:27:32,352.8,3185932
2021-06-16 09:27:33,352.85,3188345
2021-06-16 09:27:34,352.85,3192228
2021-06-16 09:27:35,353.0,3192260
2021-06-16 09:27:36,352.85,3192270
2021-06-16 09:27:37,352.85,3192867
2021-06-16 09:27:38,353.0,3193482
2021-06-16 09:27:39,353.0,3194085
2021-06-16 09:27:40,352.85,3195120
2021-06-16 09:27:41,353.0,3199198
2021-06-16 09:27:43,352.85,3199912
2021-06-16 09:27:44,352.95,3201056
2021-06-16 09:27:45,352.95,3201441
2021-06-16 09:27:46,352.9,3201747
2021-06-16 09:27:47,352.85,3201868
2021-06-16 09:27:49,352.9,3202493
2021-06-16 09:27:50,352.85,3208336
2021-06-16 09:27:51,352.8,3209225
2021-06-16 09:27:52,352.9,3211085
2021-06-16 09:27:53,352.85,3211749
2021-06-16 09:27:54,353.0,3220148
2021-06-16 09:27:55,352.9,3220648
2021-06-16 09:27:56,352.85,3221421
2021-06-16 09:27:57,352.8,3223200
2021-06-16 09:27:58,352.85,3223970
2021-06-16 09:27:59,352.85,3224434
2021-06-16 09:28:00,352.85,3224434
2021-06-16 09:28:01,352.9,3225537
2021-06-16 09:28:02,352.9,3226625
2021-06-16 09:28:03,352.95,3226921
2021-06-16 09:28:04,352.9,3227236
2021-06-16 09:28:05,352.75,3236573
2021-06-16 09:28:06,352.85,3236639
2021-06-16 09:28:07,352.85,3236639
2021-06-16 09:28:08,352.9,3236696
2021-06-16 09:28:09,352.8,3237822
2021-06-16 09:28:10,352.9,3238321
2021-06-16 09:28:11,352.9,3238601
2021-06-16 09:28:12,352.85,3242895
2021-06-16 09:28:13,352.7,3243791
2021-06-16 09:28:14,352.7,3243791
2021-06-16 09:28:16,352.8,3250317
2021-06-16 09:28:17,352.85,3251008
2021-06-16 09:28:18,352.85,3258391
2021-06-16 09:28:19,352.8,3258958
2021-06-16 09:28:20,352.8,3259385
2021-06-16 09:28:21,352.8,3259535
2021-06-16 09:28:22,352.8,3260697
2021-06-16 09:28:23,352.8,3261382
2021-06-16 09:28:24,352.9,3261907
2021-06-16 09:28:25,352.8,3264587
2021-06-16 09:28:26,352.8,3264587
2021-06-16 09:28:27,352.8,3264789
2021-06-16 09:28:28,352.8,3267140
2021-06-16 09:28:29,352.8,3267206
2021-06-16 09:28:30,352.8,3267503
2021-06-16 09:28:31,352.8,3267505
2021-06-16 09:28:32,352.75,3269818
2021-06-16 09:28:33,352.75,3272173
2021-06-16 09:28:34,352.8,3273541
2021-06-16 09:28:35,352.8,3273541
2021-06-16 09:28:36,352.75,3273628
2021-06-16 09:28:37,352.8,3274090
2021-06-16 09:28:38,352.8,3276192
2021-06-16 09:28:39,352.8,3277181
2021-06-16 09:28:40,352.9,3279998
2021-06-16 09:28:41,352.8,3280474
2021-06-16 09:28:43,352.8,3281465
2021-06-16 09:28:44,352.8,3281465
2021-06-16 09:28:45,353.0,3291682
2021-06-16 09:28:46,352.85,3292209
2021-06-16 09:28:47,352.75,3296269
2021-06-16 09:28:48,352.75,3298499
2021-06-16 09:28:49,352.75,3298499
2021-06-16 09:28:50,352.9,3298733
2021-06-16 09:28:51,352.95,3298978
2021-06-16 09:28:52,352.8,3299646
2021-06-16 09:28:54,353.0,3301189
2021-06-16 09:28:55,352.85,3301371
2021-06-16 09:28:56,353.0,3303206
2021-06-16 09:28:57,352.95,3303452
2021-06-16 09:28:58,352.95,3303590
2021-06-16 09:28:59,352.8,3305265
2021-06-16 09:29:01,352.95,3307195
2021-06-16 09:29:01,353.05,3331565
2021-06-16 09:29:02,353.05,3337549
2021-06-16 09:29:03,353.05,3339153
2021-06-16 09:29:04,352.95,3340562
2021-06-16 09:29:05,353.0,3340632
2021-06-16 09:29:06,353.05,3340983
2021-06-16 09:29:07,353.05,3340993
2021-06-16 09:29:08,353.15,3341023
2021-06-16 09:29:09,353.15,3341248
2021-06-16 09:29:12,353.2,3354012
2021-06-16 09:29:12,353.35,3366975
2021-06-16 09:29:13,353.3,3367337
2021-06-16 09:29:14,353.25,3368360
2021-06-16 09:29:15,353.25,3369450
2021-06-16 09:29:16,353.25,3370376
2021-06-16 09:29:17,353.4,3370434
2021-06-16 09:29:18,353.4,3370839
2021-06-16 09:29:19,353.25,3371089
2021-06-16 09:29:20,353.25,3371309
2021-06-16 09:29:21,353.35,3374734
2021-06-16 09:29:22,353.4,3383989
2021-06-16 09:29:25,353.4,3387441
2021-06-16 09:29:26,353.4,3388451
2021-06-16 09:29:27,353.35,3388473
2021-06-16 09:29:27,353.35,3388473
2021-06-16 09:29:28,353.35,3389024
2021-06-16 09:29:30,353.3,3392636
2021-06-16 09:29:31,353.4,3394797
2021-06-16 09:29:32,353.4,3395527
2021-06-16 09:29:33,353.45,3396039
2021-06-16 09:29:35,353.35,3402185
2021-06-16 09:29:36,353.4,3403438
2021-06-16 09:29:37,353.25,3410363
2021-06-16 09:29:38,353.2,3411032
2021-06-16 09:29:39,353.35,3416394
2021-06-16 09:29:40,353.4,3417047
2021-06-16 09:29:41,353.4,3417214
2021-06-16 09:29:42,353.25,3418119
2021-06-16 09:29:43,353.4,3418138
2021-06-16 09:29:44,353.4,3419264
2021-06-16 09:29:45,353.35,3419367
2021-06-16 09:29:46,353.25,3420192
2021-06-16 09:29:47,353.2,3423366
2021-06-16 09:29:48,353.35,3424817
2021-06-16 09:29:49,353.4,3425512
2021-06-16 09:29:50,353.35,3426062
2021-06-16 09:29:51,353.4,3426432
2021-06-16 09:29:52,353.4,3427536
2021-06-16 09:29:54,353.4,3428388
2021-06-16 09:29:55,353.4,3434711
2021-06-16 09:29:56,353.45,3436166
2021-06-16 09:29:57,353.35,3436263
2021-06-16 09:29:58,353.4,3442245
2021-06-16 09:29:59,353.25,3443957
2021-06-16 09:29:59,353.35,3443958
2021-06-16 09:30:00,353.3,3444395
2021-06-16 09:30:01,353.35,3449142
2021-06-16 09:30:02,353.4,3451151
2021-06-16 09:30:03,353.4,3451435
2021-06-16 09:30:05,353.3,3452589
2021-06-16 09:30:05,353.3,3453714
2021-06-16 09:30:06,353.3,3455792
2021-06-16 09:30:07,353.2,3465833
2021-06-16 09:30:08,353.2,3466156
2021-06-16 09:30:09,353.2,3467392
2021-06-16 09:30:10,353.25,3469704
2021-06-16 09:30:11,353.15,3473663
2021-06-16 09:30:12,353.2,3474202
2021-06-16 09:30:13,353.3,3474730
2021-06-16 09:30:14,353.3,3477215
2021-06-16 09:30:15,353.3,3477403
2021-06-16 09:30:16,353.15,3480218
2021-06-16 09:30:17,353.3,3480453
2021-06-16 09:30:18,353.25,3481485
2021-06-16 09:30:19,353.25,3482680
2021-06-16 09:30:21,353.2,3485070
2021-06-16 09:30:23,353.15,3487254
2021-06-16 09:30:22,353.2,3485454
2021-06-16 09:30:24,353.25,3487279
2021-06-16 09:30:25,353.25,3487395
2021-06-16 09:30:26,353.2,3487406
2021-06-16 09:30:27,353.15,3487724
2021-06-16 09:30:29,353.2,3489138
2021-06-16 09:30:32,353.2,3491344
2021-06-16 09:30:33,353.15,3491381
2021-06-16 09:30:34,353.15,3491835
2021-06-16 09:30:35,353.2,3492675
2021-06-16 09:30:36,353.25,3493177
2021-06-16 09:30:37,353.2,3494017
2021-06-16 09:30:38,353.15,3494772
2021-06-16 09:30:39,353.25,3494833
2021-06-16 09:30:41,353.25,3497005
2021-06-16 09:30:43,353.25,3499120
2021-06-16 09:30:44,353.2,3499296
2021-06-16 09:30:45,353.2,3499610
2021-06-16 09:30:46,353.2,3499838
2021-06-16 09:30:48,353.3,3502344
2021-06-16 09:30:48,353.3,3502344
2021-06-16 09:30:49,353.3,3502445
2021-06-16 09:30:50,353.3,3502720
2021-06-16 09:30:51,353.25,3502752
2021-06-16 09:30:52,353.3,3505694
2021-06-16 09:30:53,353.25,3505929
2021-06-16 09:30:54,353.25,3507070
2021-06-16 09:30:55,353.2,3508340
2021-06-16 09:30:56,353.3,3509192
2021-06-16 09:30:57,353.3,3509259
2021-06-16 09:30:58,353.2,3509265
2021-06-16 09:30:59,353.3,3509290
2021-06-16 09:31:00,353.25,3511104
2021-06-16 09:31:01,353.25,3511914
2021-06-16 09:31:02,353.3,3512306
2021-06-16 09:31:04,353.25,3513780
2021-06-16 09:31:05,353.25,3514687
2021-06-16 09:31:06,353.3,3516183
2021-06-16 09:31:07,353.3,3518787
2021-06-16 09:31:07,353.3,3518887
2021-06-16 09:31:08,353.25,3519138
2021-06-16 09:31:10,353.25,3520276
2021-06-16 09:31:11,353.25,3521097
2021-06-16 09:31:12,353.25,3521515
2021-06-16 09:31:13,353.3,3521960
2021-06-16 09:31:14,353.3,3522745
2021-06-16 09:31:15,353.3,3523269
2021-06-16 09:31:16,353.3,3523980
2021-06-16 09:31:17,353.3,3524207
2021-06-16 09:31:19,353.3,3524445
2021-06-16 09:31:20,353.3,3524745
2021-06-16 09:31:21,353.25,3525835
2021-06-16 09:31:22,353.3,3526023
2021-06-16 09:31:23,353.3,3527081
2021-06-16 09:31:24,353.1,3568524
2021-06-16 09:31:25,353.0,3569203
2021-06-16 09:31:26,353.1,3569613
2021-06-16 09:31:26,353.1,3569614
2021-06-16 09:31:27,353.1,3569814
2021-06-16 09:31:28,353.15,3569848
2021-06-16 09:31:29,353.05,3571758
2021-06-16 09:31:31,353.15,3571822
2021-06-16 09:31:32,353.2,3573887
2021-06-16 09:31:33,353.2,3574041
2021-06-16 09:31:34,353.2,3574183
2021-06-16 09:31:35,353.0,3575453
2021-06-16 09:31:36,353.15,3575454
2021-06-16 09:31:37,353.15,3576465
2021-06-16 09:31:38,353.0,3578071
2021-06-16 09:31:39,353.0,3579402
2021-06-16 09:31:40,353.1,3580160
2021-06-16 09:31:41,353.0,3580582
2021-06-16 09:31:43,353.1,3585955
2021-06-16 09:31:44,353.2,3589386
2021-06-16 09:31:46,353.0,3589627
2021-06-16 09:31:48,353.2,3590163
2021-06-16 09:31:49,353.05,3591069
2021-06-16 09:31:50,353.05,3592035
2021-06-16 09:31:51,353.05,3592360
2021-06-16 09:31:52,353.2,3593876
2021-06-16 09:31:53,353.15,3594841
2021-06-16 09:31:54,353.2,3596212
2021-06-16 09:31:55,353.1,3597389
2021-06-16 09:31:55,353.1,3597137
2021-06-16 09:31:56,353.1,3598452
2021-06-16 09:31:57,353.2,3598467
2021-06-16 09:31:58,353.05,3599449
2021-06-16 09:31:59,353.15,3599454
2021-06-16 09:32:00,353.15,3599573
2021-06-16 09:32:01,353.2,3603733
2021-06-16 09:32:02,353.2,3603733
2021-06-16 09:32:03,353.2,3604283
2021-06-16 09:32:04,353.1,3604798
2021-06-16 09:32:05,353.1,3605499
2021-06-16 09:32:06,353.2,3607666
2021-06-16 09:32:07,353.15,3608366
2021-06-16 09:32:08,353.2,3610852
2021-06-16 09:32:09,353.25,3611121
2021-06-16 09:32:10,353.25,3612168
2021-06-16 09:32:11,353.2,3612581
2021-06-16 09:32:12,353.2,3612817
2021-06-16 09:32:14,353.2,3618235
2021-06-16 09:32:15,353.2,3618364
2021-06-16 09:32:16,353.3,3618655
2021-06-16 09:32:17,353.3,3618855
2021-06-16 09:32:19,353.25,3620486
2021-06-16 09:32:20,353.3,3620635
2021-06-16 09:32:21,353.25,3621095
2021-06-16 09:32:22,353.3,3623236
2021-06-16 09:32:23,353.3,3623516
2021-06-16 09:32:24,353.3,3623767
2021-06-16 09:32:24,353.25,3623865
2021-06-16 09:32:25,353.2,3625294
2021-06-16 09:32:26,353.25,3627729
2021-06-16 09:32:27,353.25,3627847
2021-06-16 09:32:28,353.2,3628627
2021-06-16 09:32:29,353.25,3629678
2021-06-16 09:32:30,353.25,3629816
2021-06-16 09:32:31,353.2,3630140
2021-06-16 09:32:32,353.2,3630170
2021-06-16 09:32:33,353.2,3630436
2021-06-16 09:32:35,353.2,3630690
2021-06-16 09:32:36,353.2,3631280
2021-06-16 09:32:38,353.3,3631409
2021-06-16 09:32:39,353.3,3631521
2021-06-16 09:32:40,353.25,3631877
2021-06-16 09:32:41,353.3,3632151
2021-06-16 09:32:42,353.2,3632652
2021-06-16 09:32:42,353.2,3632720
2021-06-16 09:32:43,353.2,3632820
2021-06-16 09:32:44,353.25,3632942
2021-06-16 09:32:45,353.25,3633108
2021-06-16 09:32:46,353.2,3634172
2021-06-16 09:32:47,353.2,3634172
2021-06-16 09:32:48,353.2,3634172
2021-06-16 09:32:49,353.25,3634182
2021-06-16 09:32:50,353.2,3634635
2021-06-16 09:32:51,353.2,3634727
2021-06-16 09:32:52,353.25,3635794
2021-06-16 09:32:53,353.2,3635844
2021-06-16 09:32:54,353.2,3636176
2021-06-16 09:32:55,353.25,3636703
2021-06-16 09:32:56,353.2,3638469
2021-06-16 09:32:57,353.2,3639005
2021-06-16 09:32:58,353.15,3639168
2021-06-16 09:32:59,353.15,3640909
2021-06-16 09:33:00,353.2,3641287
2021-06-16 09:33:02,353.2,3641512
2021-06-16 09:33:03,353.25,3641563
2021-06-16 09:33:04,353.25,3642372
2021-06-16 09:33:05,353.3,3642513
2021-06-16 09:33:07,353.25,3642978
2021-06-16 09:33:08,353.3,3644099
2021-06-16 09:33:08,353.2,3643819
2021-06-16 09:33:10,353.25,3644692
2021-06-16 09:33:11,353.2,3645067
2021-06-16 09:33:13,353.25,3645184
2021-06-16 09:33:14,353.25,3647292
2021-06-16 09:33:15,353.25,3647383
2021-06-16 09:33:16,353.1,3649963
2021-06-16 09:33:16,353.1,3649933
2021-06-16 09:33:17,353.2,3650570
2021-06-16 09:33:19,353.0,3657764
2021-06-16 09:33:20,353.15,3658034
2021-06-16 09:33:21,353.15,3660627
2021-06-16 09:33:22,353.2,3661065
2021-06-16 09:33:22,353.2,3660877
2021-06-16 09:33:23,353.1,3661320
2021-06-16 09:33:24,353.1,3661667
2021-06-16 09:33:25,353.1,3662620
2021-06-16 09:33:26,353.2,3663527
2021-06-16 09:33:27,353.25,3664534
2021-06-16 09:33:28,353.25,3664554
2021-06-16 09:33:29,353.25,3665261
2021-06-16 09:33:30,353.2,3665663
2021-06-16 09:33:31,353.25,3666046
2021-06-16 09:33:32,353.25,3666396
2021-06-16 09:33:33,353.25,3667502
2021-06-16 09:33:34,353.3,3667903
2021-06-16 09:33:35,353.3,3668830
2021-06-16 09:33:36,353.3,3668975
2021-06-16 09:33:37,353.3,3669056
2021-06-16 09:33:39,353.25,3670137
2021-06-16 09:33:40,353.3,3678793
2021-06-16 09:33:41,353.35,3678985
2021-06-16 09:33:42,353.3,3679807
2021-06-16 09:33:43,353.35,3680411
2021-06-16 09:33:44,353.3,3682727
2021-06-16 09:33:45,353.4,3682758
2021-06-16 09:33:46,353.4,3683414
2021-06-16 09:33:48,353.35,3684410
2021-06-16 09:33:49,353.4,3684883
2021-06-16 09:33:50,353.4,3685010
2021-06-16 09:33:50,353.4,3685010
2021-06-16 09:33:51,353.3,3685102
2021-06-16 09:33:52,353.4,3689404
2021-06-16 09:33:54,353.4,3689543
2021-06-16 09:33:55,353.45,3690006
2021-06-16 09:33:56,353.45,3690292
2021-06-16 09:33:57,353.4,3690295
2021-06-16 09:33:59,353.4,3690352
2021-06-16 09:34:00,353.45,3690512
2021-06-16 09:34:01,353.45,3691404
2021-06-16 09:34:02,353.65,3725994
2021-06-16 09:34:03,353.6,3726104
2021-06-16 09:34:04,353.7,3729006
2021-06-16 09:34:04,353.7,3729056
2021-06-16 09:34:05,353.6,3746000
2021-06-16 09:34:07,353.5,3747436
2021-06-16 09:34:08,353.6,3748333
2021-06-16 09:34:09,353.65,3750068
2021-06-16 09:34:10,353.65,3750464
2021-06-16 09:34:11,353.6,3751213
2021-06-16 09:34:12,353.65,3753143
2021-06-16 09:34:15,353.7,3764260
2021-06-16 09:34:16,353.8,3788935
2021-06-16 09:34:17,353.85,3792049
2021-06-16 09:34:18,353.85,3792966
2021-06-16 09:34:19,353.95,3813887
2021-06-16 09:34:19,353.85,3814058
2021-06-16 09:34:21,353.95,3826733
2021-06-16 09:34:22,353.8,3832424
2021-06-16 09:34:23,353.9,3836790
2021-06-16 09:34:24,353.9,3844453
2021-06-16 09:34:25,353.95,3846865
2021-06-16 09:34:26,353.85,3848310
2021-06-16 09:34:26,353.95,3848307
2021-06-16 09:34:27,353.95,3850258
2021-06-16 09:34:29,353.85,3852444
2021-06-16 09:34:30,353.9,3854881
2021-06-16 09:34:31,353.95,3855844
2021-06-16 09:34:32,354.0,3857132
2021-06-16 09:34:34,354.0,3859468
2021-06-16 09:34:35,354.0,3860787
2021-06-16 09:34:36,353.95,3861608
2021-06-16 09:34:37,353.95,3864111
2021-06-16 09:34:38,354.0,3865225
2021-06-16 09:34:38,353.95,3868671
2021-06-16 09:34:39,354.0,3869351
2021-06-16 09:34:40,353.9,3871465
2021-06-16 09:34:41,354.0,3873118
2021-06-16 09:34:42,354.0,3874341
2021-06-16 09:34:44,354.0,3880299
2021-06-16 09:34:45,353.95,3883713
2021-06-16 09:34:45,353.95,3883660
2021-06-16 09:34:47,354.0,3884531
2021-06-16 09:34:48,353.95,3887265
2021-06-16 09:34:49,354.0,3888543
2021-06-16 09:34:50,354.0,3890050
2021-06-16 09:34:50,354.0,3890117
2021-06-16 09:34:52,354.0,3901396
2021-06-16 09:34:54,354.0,3903691
2021-06-16 09:34:55,354.0,3905054
2021-06-16 09:34:56,354.0,3905470
2021-06-16 09:34:57,354.0,3907601
2021-06-16 09:34:58,354.0,3907930
2021-06-16 09:34:59,354.0,3908266
2021-06-16 09:35:00,354.0,3925603
2021-06-16 09:35:01,353.9,3933463
2021-06-16 09:35:03,353.95,3936148
2021-06-16 09:35:04,353.9,3939188
2021-06-16 09:35:04,353.8,3939474
2021-06-16 09:35:05,353.8,3941959
2021-06-16 09:35:06,353.8,3946642
2021-06-16 09:35:07,353.75,3947231
2021-06-16 09:35:09,353.7,3949710
2021-06-16 09:35:09,353.7,3949738
2021-06-16 09:35:10,353.7,3951302
2021-06-16 09:35:11,353.6,3952812
2021-06-16 09:35:13,353.65,3955743
2021-06-16 09:35:15,353.6,3955866
2021-06-16 09:35:16,353.6,3956442
2021-06-16 09:35:17,353.7,3956675
2021-06-16 09:35:18,353.7,3957326
2021-06-16 09:35:19,353.5,3958868
2021-06-16 09:35:19,353.5,3958868
2021-06-16 09:35:20,353.65,3959139
2021-06-16 09:35:22,353.65,3960436
2021-06-16 09:35:23,353.7,3963873
2021-06-16 09:35:23,353.6,3964048
2021-06-16 09:35:24,353.6,3965548
2021-06-16 09:35:25,353.55,3975961
2021-06-16 09:35:26,353.4,3977549
2021-06-16 09:35:28,353.5,3980973
2021-06-16 09:35:29,353.4,3985611
2021-06-16 09:35:31,353.4,3988237
2021-06-16 09:35:32,353.4,3988662
2021-06-16 09:35:33,353.35,3989252
2021-06-16 09:35:34,353.4,3990078
2021-06-16 09:35:35,353.4,3991223
2021-06-16 09:35:36,353.45,3991723
2021-06-16 09:35:36,353.3,3993194
2021-06-16 09:35:38,353.4,4007231
2021-06-16 09:35:39,353.4,4010016
2021-06-16 09:35:39,353.4,4009891
2021-06-16 09:35:40,353.3,4010071
2021-06-16 09:35:42,353.15,4013833
2021-06-16 09:35:43,353.3,4014963
2021-06-16 09:35:45,353.4,4017766
2021-06-16 09:35:46,353.45,4017981
2021-06-16 09:35:47,353.45,4018122
2021-06-16 09:35:48,353.45,4018122
2021-06-16 09:35:49,353.45,4018472
2021-06-16 09:35:49,353.45,4023057
2021-06-16 09:35:50,353.3,4023096
2021-06-16 09:35:51,353.45,4023494
2021-06-16 09:35:52,353.5,4024292
2021-06-16 09:35:53,353.5,4027378
2021-06-16 09:35:55,353.5,4035102
2021-06-16 09:35:56,353.55,4035490
2021-06-16 09:35:58,353.6,4035740
2021-06-16 09:35:59,353.5,4036536
2021-06-16 09:35:59,353.65,4036551
2021-06-16 09:36:00,353.6,4037189
2021-06-16 09:36:01,353.45,4038081
2021-06-16 09:36:03,353.6,4040244
2021-06-16 09:36:04,353.55,4040308
2021-06-16 09:36:05,353.55,4041737
2021-06-16 09:36:06,353.6,4042361
2021-06-16 09:36:08,353.7,4042921
2021-06-16 09:36:09,353.55,4043241
2021-06-16 09:36:10,353.65,4043792
2021-06-16 09:36:11,353.6,4044285
2021-06-16 09:36:11,353.6,4044285
2021-06-16 09:36:12,353.8,4050287
2021-06-16 09:36:14,353.8,4051489
2021-06-16 09:36:15,353.75,4052042
2021-06-16 09:36:16,353.6,4054664
2021-06-16 09:36:17,353.7,4054755
2021-06-16 09:36:18,353.6,4056082
2021-06-16 09:36:19,353.8,4056288
2021-06-16 09:36:20,353.8,4058730
2021-06-16 09:36:20,353.8,4058730
2021-06-16 09:36:23,353.7,4059357
2021-06-16 09:36:24,353.7,4059443
2021-06-16 09:36:25,353.8,4060047
2021-06-16 09:36:26,353.85,4060417
2021-06-16 09:36:27,353.8,4060524
2021-06-16 09:36:28,353.9,4062084
2021-06-16 09:36:28,353.9,4062484
2021-06-16 09:36:29,353.7,4062886
2021-06-16 09:36:30,353.8,4063486
2021-06-16 09:36:32,353.8,4064095
2021-06-16 09:36:34,353.75,4064801
2021-06-16 09:36:35,353.8,4066205
2021-06-16 09:36:36,353.55,4087278
2021-06-16 09:36:38,353.6,4088929
2021-06-16 09:36:39,353.5,4089449
2021-06-16 09:36:40,353.55,4090706
2021-06-16 09:36:41,353.65,4090845
2021-06-16 09:36:42,353.55,4091035
2021-06-16 09:36:43,353.55,4091348
2021-06-16 09:36:44,353.5,4095775
2021-06-16 09:36:45,353.5,4097109
2021-06-16 09:36:46,353.5,4099408
2021-06-16 09:36:47,353.5,4101038
2021-06-16 09:36:48,353.4,4101083
2021-06-16 09:36:49,353.35,4101995
2021-06-16 09:36:51,353.5,4104420
2021-06-16 09:36:52,353.4,4104581
2021-06-16 09:36:53,353.4,4105031
2021-06-16 09:36:53,353.4,4105031
2021-06-16 09:36:54,353.5,4105171
2021-06-16 09:36:55,353.4,4106704
2021-06-16 09:36:57,353.55,4106916
2021-06-16 09:36:58,353.45,4107100
2021-06-16 09:37:00,353.4,4107302
2021-06-16 09:36:59,353.45,4107200
2021-06-16 09:37:01,353.55,4108153
2021-06-16 09:37:02,353.5,4108300
2021-06-16 09:37:03,353.5,4108360
2021-06-16 09:37:04,353.5,4108484
2021-06-16 09:37:05,353.55,4108508
2021-06-16 09:37:06,353.55,4108967
2021-06-16 09:37:07,353.5,4109433
2021-06-16 09:37:08,353.55,4110159
2021-06-16 09:37:08,353.55,4110169
2021-06-16 09:37:10,353.6,4111549
2021-06-16 09:37:12,353.55,4111799
2021-06-16 09:37:13,353.4,4116141
2021-06-16 09:37:15,353.5,4121673
2021-06-16 09:37:16,353.45,4121910
2021-06-16 09:37:17,353.55,4122110
2021-06-16 09:37:18,353.55,4123184
2021-06-16 09:37:19,353.55,4123334
2021-06-16 09:37:20,353.55,4124286
2021-06-16 09:37:21,353.55,4124387
2021-06-16 09:37:22,353.45,4124950
2021-06-16 09:37:23,353.55,4125531
2021-06-16 09:37:23,353.55,4125431
2021-06-16 09:37:24,353.55,4125937
2021-06-16 09:37:25,353.5,4126082
2021-06-16 09:37:27,353.5,4128195
2021-06-16 09:37:28,353.55,4129331
2021-06-16 09:37:29,353.5,4129479
2021-06-16 09:37:30,353.5,4130229
2021-06-16 09:37:31,353.5,4130280
2021-06-16 09:37:32,353.55,4130798
2021-06-16 09:37:33,353.45,4133309
2021-06-16 09:37:34,353.45,4133309
2021-06-16 09:37:35,353.5,4133841
2021-06-16 09:37:36,353.5,4136625
2021-06-16 09:37:37,353.4,4136690
2021-06-16 09:37:39,353.55,4140519
2021-06-16 09:37:40,353.55,4140633
2021-06-16 09:37:41,353.6,4141234
2021-06-16 09:37:42,353.55,4141890
2021-06-16 09:37:43,353.6,4142685
2021-06-16 09:37:44,353.65,4144100
2021-06-16 09:37:45,353.65,4144100
2021-06-16 09:37:48,353.7,4146262
2021-06-16 09:37:47,353.7,4146262
2021-06-16 09:37:49,353.7,4146461
2021-06-16 09:37:50,353.65,4149593
2021-06-16 09:37:51,353.55,4150104
2021-06-16 09:37:52,353.65,4150815
2021-06-16 09:37:53,353.55,4150857
2021-06-16 09:37:54,353.65,4151482
2021-06-16 09:37:55,353.65,4151548
2021-06-16 09:37:56,353.55,4151830
2021-06-16 09:37:57,353.55,4151871
2021-06-16 09:37:58,353.65,4152064
2021-06-16 09:37:59,353.55,4160799
2021-06-16 09:38:00,353.55,4162074
2021-06-16 09:38:01,353.55,4162120
2021-06-16 09:38:02,353.55,4162415
2021-06-16 09:38:03,353.5,4162947
2021-06-16 09:38:04,353.5,4164149
2021-06-16 09:38:05,353.55,4164452
2021-06-16 09:38:06,353.3,4200565
2021-06-16 09:38:07,353.35,4201258
2021-06-16 09:38:08,353.25,4211292
2021-06-16 09:38:09,353.25,4211565
2021-06-16 09:38:10,353.25,4217111
2021-06-16 09:38:11,353.15,4217620
2021-06-16 09:38:12,353.25,4218285
2021-06-16 09:38:13,353.15,4221192
2021-06-16 09:38:14,353.25,4221352
2021-06-16 09:38:15,353.3,4222393
2021-06-16 09:38:16,353.25,4222404
2021-06-16 09:38:17,353.2,4222536
2021-06-16 09:38:18,353.15,4225041
2021-06-16 09:38:19,353.25,4225343
2021-06-16 09:38:20,353.25,4225343
2021-06-16 09:38:21,353.15,4226212
2021-06-16 09:38:22,353.3,4228214
2021-06-16 09:38:23,353.2,4228364
2021-06-16 09:38:24,353.15,4229384
2021-06-16 09:38:25,353.2,4229471
2021-06-16 09:38:26,353.3,4229530
2021-06-16 09:38:27,353.15,4231181
2021-06-16 09:38:28,353.3,4231756
2021-06-16 09:38:29,353.3,4231856
2021-06-16 09:38:30,353.05,4262829
2021-06-16 09:38:31,353.2,4263239
2021-06-16 09:38:32,353.15,4264926
2021-06-16 09:38:33,353.05,4265392
2021-06-16 09:38:34,353.1,4276146
2021-06-16 09:38:35,353.05,4277281
2021-06-16 09:38:36,353.1,4277538
2021-06-16 09:38:37,353.1,4278836
2021-06-16 09:38:38,353.1,4279462
2021-06-16 09:38:39,353.1,4279762
2021-06-16 09:38:41,353.0,4281343
2021-06-16 09:38:42,353.05,4281361
2021-06-16 09:38:43,353.05,4281453
2021-06-16 09:38:44,353.0,4285740
2021-06-16 09:38:45,353.0,4286891
2021-06-16 09:38:46,353.05,4287548
2021-06-16 09:38:47,353.0,4288348
2021-06-16 09:38:48,353.0,4288438
2021-06-16 09:38:49,353.0,4288787
2021-06-16 09:38:50,353.0,4289643
2021-06-16 09:38:51,353.0,4291343
2021-06-16 09:38:52,353.0,4291998
2021-06-16 09:38:55,353.0,4292554
2021-06-16 09:38:56,353.1,4292935
2021-06-16 09:38:57,353.0,4293689
2021-06-16 09:38:58,353.1,4293709
2021-06-16 09:38:59,353.1,4293883
2021-06-16 09:39:00,352.7,4480987
2021-06-16 09:39:01,352.8,4481231
2021-06-16 09:39:02,352.8,4483623
2021-06-16 09:39:03,352.7,4484870
2021-06-16 09:39:04,352.85,4484890
2021-06-16 09:39:05,352.85,4486599
2021-06-16 09:39:06,352.7,4488851
2021-06-16 09:39:07,352.85,4489293
2021-06-16 09:39:08,352.85,4489384
2021-06-16 09:39:09,352.85,4490475
2021-06-16 09:39:10,352.8,4492554
2021-06-16 09:39:11,352.85,4492556
2021-06-16 09:39:12,352.85,4492632
2021-06-16 09:39:13,352.75,4493837
2021-06-16 09:39:14,352.75,4493958
2021-06-16 09:39:15,352.85,4494202
2021-06-16 09:39:17,353.1,4497865
2021-06-16 09:39:16,352.9,4494779
2021-06-16 09:39:18,352.95,4499088
2021-06-16 09:39:19,353.0,4501058
2021-06-16 09:39:20,353.1,4501408
2021-06-16 09:39:21,353.1,4501669
2021-06-16 09:39:22,353.0,4501804
2021-06-16 09:39:23,352.85,4502148
2021-06-16 09:39:24,352.85,4504703
2021-06-16 09:39:25,352.85,4504716
2021-06-16 09:39:26,352.85,4506157
2021-06-16 09:39:27,352.85,4506217
2021-06-16 09:39:28,352.85,4506283
2021-06-16 09:39:29,353.0,4507283
2021-06-16 09:39:31,352.85,4511235
2021-06-16 09:39:32,352.85,4512764
2021-06-16 09:39:33,352.85,4513044
2021-06-16 09:39:35,352.85,4514875
2021-06-16 09:39:37,352.85,4515449
2021-06-16 09:39:36,352.85,4515107
2021-06-16 09:39:38,352.85,4515959
2021-06-16 09:39:38,352.85,4515939
2021-06-16 09:39:39,352.85,4516222
2021-06-16 09:39:40,352.95,4518724
2021-06-16 09:39:42,352.85,4520847
2021-06-16 09:39:44,352.85,4522595
2021-06-16 09:39:44,352.9,4522648
2021-06-16 09:39:46,352.85,4527230
2021-06-16 09:39:46,352.85,4527230
2021-06-16 09:39:47,352.95,4527330
2021-06-16 09:39:48,353.05,4528330
2021-06-16 09:39:49,353.0,4529045
2021-06-16 09:39:50,352.9,4532925
2021-06-16 09:39:51,352.95,4533695
2021-06-16 09:39:52,352.9,4537343
2021-06-16 09:39:53,352.85,4538020
2021-06-16 09:39:54,352.85,4538296
2021-06-16 09:39:55,352.8,4538596
2021-06-16 09:39:56,352.85,4538694
2021-06-16 09:39:57,352.95,4538784
2021-06-16 09:39:58,352.95,4538936
2021-06-16 09:40:00,352.95,4539115
2021-06-16 09:40:01,352.85,4539894
2021-06-16 09:40:02,352.8,4540301
2021-06-16 09:40:02,352.85,4540331
2021-06-16 09:40:03,352.8,4540491
2021-06-16 09:40:04,352.85,4540813
2021-06-16 09:40:05,352.7,4552345
2021-06-16 09:40:06,352.8,4552687
2021-06-16 09:40:08,352.8,4553878
2021-06-16 09:40:09,352.75,4554138
2021-06-16 09:40:10,352.8,4554288
2021-06-16 09:40:11,352.75,4554470
2021-06-16 09:40:12,352.75,4554550
2021-06-16 09:40:14,352.8,4555175
2021-06-16 09:40:16,352.9,4561150
2021-06-16 09:40:16,352.8,4561330
2021-06-16 09:40:17,352.8,4561565
2021-06-16 09:40:18,352.8,4561615
2021-06-16 09:40:19,352.8,4561802
2021-06-16 09:40:20,352.8,4561969
2021-06-16 09:40:21,352.75,4562519
2021-06-16 09:40:22,352.8,4562589
2021-06-16 09:40:23,352.7,4563299
2021-06-16 09:40:25,352.7,4563459
2021-06-16 09:40:25,352.7,4563419
2021-06-16 09:40:26,352.75,4563775
2021-06-16 09:40:27,352.7,4564343
2021-06-16 09:40:28,352.75,4564354
2021-06-16 09:40:29,352.75,4564625
2021-06-16 09:40:30,352.75,4566262
2021-06-16 09:40:31,352.75,4566322
2021-06-16 09:40:32,352.75,4566400
2021-06-16 09:40:33,352.7,4566955
2021-06-16 09:40:34,352.7,4567336
2021-06-16 09:40:36,352.6,4586014
2021-06-16 09:40:36,352.6,4586000
2021-06-16 09:40:37,352.45,4587395
2021-06-16 09:40:38,352.5,4587801
2021-06-16 09:40:40,352.6,4593008
2021-06-16 09:40:42,352.45,4594186
2021-06-16 09:40:42,352.5,4594286
2021-06-16 09:40:43,352.4,4596743
2021-06-16 09:40:44,352.4,4597309
2021-06-16 09:40:45,352.35,4598484
2021-06-16 09:40:46,352.45,4599943
2021-06-16 09:40:47,352.45,4601980
2021-06-16 09:40:49,352.45,4601980
2021-06-16 09:40:50,352.6,4604782
2021-06-16 09:40:51,352.5,4604988
2021-06-16 09:40:52,352.6,4605183
2021-06-16 09:40:53,352.5,4606041
2021-06-16 09:40:54,352.4,4606981
2021-06-16 09:40:55,352.6,4607990
2021-06-16 09:40:56,352.35,4611385
2021-06-16 09:40:59,352.5,4612789
2021-06-16 09:40:59,352.5,4612789
2021-06-16 09:41:00,352.3,4613471
2021-06-16 09:41:01,352.3,4613839
2021-06-16 09:41:02,352.45,4616824
2021-06-16 09:41:03,352.3,4617452
2021-06-16 09:41:04,352.3,4618075
2021-06-16 09:41:05,352.25,4621738
2021-06-16 09:41:06,352.35,4622900
2021-06-16 09:41:07,352.25,4627007
2021-06-16 09:41:09,352.25,4628587
2021-06-16 09:41:09,352.25,4628586
2021-06-16 09:41:10,352.4,4629247
2021-06-16 09:41:12,352.4,4630137
2021-06-16 09:41:12,352.2,4632148
2021-06-16 09:41:13,352.25,4632550
2021-06-16 09:41:14,352.3,4633008
2021-06-16 09:41:16,352.35,4633634
2021-06-16 09:41:16,352.35,4633634
2021-06-16 09:41:17,352.3,4633674
2021-06-16 09:41:18,352.25,4634301
2021-06-16 09:41:19,352.25,4635251
2021-06-16 09:41:20,352.2,4637576
2021-06-16 09:41:21,352.2,4637692
2021-06-16 09:41:23,352.3,4649895
2021-06-16 09:41:24,352.35,4651902
2021-06-16 09:41:25,352.35,4653611
2021-06-16 09:41:25,352.3,4653898
2021-06-16 09:41:26,352.35,4654559
2021-06-16 09:41:27,352.25,4654982
2021-06-16 09:41:28,352.2,4655671
2021-06-16 09:41:29,352.3,4657328
2021-06-16 09:41:30,352.35,4658738
2021-06-16 09:41:31,352.35,4659619
2021-06-16 09:41:32,352.25,4660098
2021-06-16 09:41:33,352.25,4660766
2021-06-16 09:41:35,352.3,4661484
2021-06-16 09:41:36,352.2,4663084
2021-06-16 09:41:38,352.2,4663634
2021-06-16 09:41:38,352.2,4663734
2021-06-16 09:41:39,352.4,4666276
2021-06-16 09:41:40,352.25,4666605
2021-06-16 09:41:41,352.45,4673691
2021-06-16 09:41:42,352.25,4673757
2021-06-16 09:41:43,352.4,4673938
2021-06-16 09:41:44,352.4,4674395
2021-06-16 09:41:46,352.4,4675668
2021-06-16 09:41:47,352.4,4676110
2021-06-16 09:41:48,352.4,4676516
2021-06-16 09:41:49,352.4,4676916
2021-06-16 09:41:50,352.4,4677316
2021-06-16 09:41:51,352.35,4677578
2021-06-16 09:41:51,352.3,4677588
2021-06-16 09:41:52,352.35,4677600
2021-06-16 09:41:53,352.25,4681251
2021-06-16 09:41:58,352.3,4690574
2021-06-16 09:42:00,352.3,4691241
2021-06-16 09:42:01,352.3,4691825
2021-06-16 09:42:02,352.3,4692110
2021-06-16 09:42:02,352.4,4691910
2021-06-16 09:42:03,352.3,4692454
2021-06-16 09:42:04,352.3,4692927
2021-06-16 09:42:06,352.35,4693031
2021-06-16 09:42:07,352.3,4694431
2021-06-16 09:42:08,352.4,4694870
2021-06-16 09:42:09,352.4,4695032
2021-06-16 09:42:10,352.3,4695084
2021-06-16 09:42:12,352.4,4697836
2021-06-16 09:42:13,352.3,4697936
2021-06-16 09:42:14,352.3,4698084
2021-06-16 09:42:16,352.3,4698130
2021-06-16 09:42:17,352.3,4698310
2021-06-16 09:42:18,352.4,4698367
2021-06-16 09:42:19,352.4,4698547
2021-06-16 09:42:21,352.4,4701830
2021-06-16 09:42:22,352.3,4701884
2021-06-16 09:42:23,352.3,4706282
2021-06-16 09:42:23,352.3,4706282
2021-06-16 09:42:24,352.3,4708619
2021-06-16 09:42:26,352.3,4714400
2021-06-16 09:42:25,352.3,4710229
2021-06-16 09:42:27,352.3,4717900
2021-06-16 09:42:29,352.3,4718147
2021-06-16 09:42:30,352.4,4744000
2021-06-16 09:42:31,352.3,4744600
2021-06-16 09:42:33,352.4,4746259
2021-06-16 09:42:33,352.25,4746639
2021-06-16 09:42:34,352.25,4746871
2021-06-16 09:42:35,352.3,4746919
2021-06-16 09:42:37,352.4,4747423
2021-06-16 09:42:38,352.4,4747423
2021-06-16 09:42:39,352.35,4748374
2021-06-16 09:42:40,352.3,4749803
2021-06-16 09:42:43,352.3,4750299
2021-06-16 09:42:44,352.3,4750652
2021-06-16 09:42:44,352.4,4751515
2021-06-16 09:42:45,352.3,4751636
2021-06-16 09:42:46,352.25,4751661
2021-06-16 09:42:47,352.3,4752255
2021-06-16 09:42:49,352.35,4752370
2021-06-16 09:42:50,352.3,4752643
2021-06-16 09:42:51,352.3,4752663
2021-06-16 09:42:52,352.3,4753474
2021-06-16 09:42:52,352.3,4753474
2021-06-16 09:42:53,352.35,4753649
2021-06-16 09:42:56,352.3,4754654
2021-06-16 09:42:57,352.35,4755276
2021-06-16 09:42:58,352.3,4756296
2021-06-16 09:42:59,352.35,4756306
2021-06-16 09:43:00,352.3,4756531
2021-06-16 09:43:01,352.35,4757547
2021-06-16 09:43:01,352.35,4757547
2021-06-16 09:43:03,352.3,4758878
2021-06-16 09:43:04,352.3,4758878
2021-06-16 09:43:04,352.0,4865124
2021-06-16 09:43:05,352.0,4866022
2021-06-16 09:43:06,352.15,4870967
2021-06-16 09:43:08,352.05,4871439
2021-06-16 09:43:09,352.05,4871511
2021-06-16 09:43:10,352.0,4874012
2021-06-16 09:43:12,351.85,4883303
2021-06-16 09:43:14,351.85,4883369
2021-06-16 09:43:15,351.8,4885956
2021-06-16 09:43:15,351.8,4885956
2021-06-16 09:43:17,351.8,4888483
2021-06-16 09:43:18,351.7,4898269
2021-06-16 09:43:18,351.8,4897927
2021-06-16 09:43:19,351.7,4899370
2021-06-16 09:43:20,351.8,4900310
2021-06-16 09:43:21,351.75,4900493
2021-06-16 09:43:22,351.8,4901993
2021-06-16 09:43:23,351.95,4904358
2021-06-16 09:43:25,351.8,4905252
2021-06-16 09:43:26,351.8,4906642
2021-06-16 09:43:27,352.0,4908791
2021-06-16 09:43:27,351.95,4908588
2021-06-16 09:43:29,352.0,4909431
2021-06-16 09:43:30,351.85,4909784
2021-06-16 09:43:31,351.95,4909900
2021-06-16 09:43:32,351.85,4912777
2021-06-16 09:43:33,351.95,4914716
2021-06-16 09:43:33,351.95,4914716
2021-06-16 09:43:34,351.9,4915628
2021-06-16 09:43:35,351.95,4915814
2021-06-16 09:43:37,351.95,4916717
2021-06-16 09:43:38,351.95,4916846
2021-06-16 09:43:39,351.85,4917943
2021-06-16 09:43:39,351.85,4918491
2021-06-16 09:43:40,351.8,4918660
2021-06-16 09:43:41,351.95,4928597
2021-06-16 09:43:43,352.0,4929397
2021-06-16 09:43:44,352.0,4929991
2021-06-16 09:43:45,352.0,4930075
2021-06-16 09:43:45,351.95,4930071
2021-06-16 09:43:46,352.0,4932918
2021-06-16 09:43:49,351.95,4934484
2021-06-16 09:43:50,351.95,4934963
2021-06-16 09:43:51,351.9,4937876
2021-06-16 09:43:52,351.8,4938741
2021-06-16 09:43:52,351.85,4938762
2021-06-16 09:43:53,351.9,4942282
2021-06-16 09:43:55,351.9,4942678
2021-06-16 09:43:56,351.9,4946518
2021-06-16 09:43:57,351.95,4947009
2021-06-16 09:43:58,352.0,4947984
2021-06-16 09:43:59,351.95,4948114
2021-06-16 09:43:59,351.95,4948115
2021-06-16 09:44:00,351.95,4948215
2021-06-16 09:44:02,351.9,4948549
2021-06-16 09:44:03,351.95,4948918
2021-06-16 09:44:05,351.9,4949678
2021-06-16 09:44:06,351.9,4949678
2021-06-16 09:44:06,351.9,4950035
2021-06-16 09:44:07,351.9,4950452
2021-06-16 09:44:08,351.9,4950612
2021-06-16 09:44:09,351.95,4951977
2021-06-16 09:44:10,351.9,4953005
2021-06-16 09:44:11,351.85,4953105
2021-06-16 09:44:12,351.9,4954122
2021-06-16 09:44:13,351.85,4954322
2021-06-16 09:44:14,351.9,4954942
2021-06-16 09:44:15,351.75,4964654
2021-06-16 09:44:17,351.7,4965997
2021-06-16 09:44:18,351.6,4967706
2021-06-16 09:44:19,351.6,4968243
2021-06-16 09:44:21,351.6,4971668
2021-06-16 09:44:22,351.65,4972136
2021-06-16 09:44:25,351.6,4976648
2021-06-16 09:44:26,351.6,4976883
2021-06-16 09:44:26,351.75,4977083
2021-06-16 09:44:27,351.75,4977337
2021-06-16 09:44:28,351.6,4978110
2021-06-16 09:44:29,351.6,4985892
2021-06-16 09:44:31,351.6,4988933
2021-06-16 09:44:32,351.55,4990074
2021-06-16 09:44:32,351.5,4989184
2021-06-16 09:44:33,351.55,4991490
2021-06-16 09:44:34,351.3,5009476
2021-06-16 09:44:36,351.35,5014039
2021-06-16 09:44:37,351.3,5015071
2021-06-16 09:44:38,351.35,5019782
2021-06-16 09:44:39,351.3,5019832
2021-06-16 09:44:40,351.35,5021408
2021-06-16 09:44:41,351.4,5022905
2021-06-16 09:44:41,351.35,5027238
2021-06-16 09:44:43,351.5,5027926
2021-06-16 09:44:44,351.45,5030822
2021-06-16 09:44:45,351.5,5032148
2021-06-16 09:44:46,351.55,5032725
2021-06-16 09:44:47,351.4,5039977
2021-06-16 09:44:48,351.4,5041314
2021-06-16 09:44:49,351.35,5041425
2021-06-16 09:44:50,351.5,5043033
2021-06-16 09:44:51,351.45,5043235
2021-06-16 09:44:52,351.4,5043986
2021-06-16 09:44:53,351.4,5044608
2021-06-16 09:44:54,351.35,5045200
2021-06-16 09:44:55,351.4,5045629
2021-06-16 09:44:55,351.4,5045762
2021-06-16 09:44:56,351.4,5046685
2021-06-16 09:44:57,351.35,5047257
2021-06-16 09:44:58,351.3,5049615
2021-06-16 09:44:59,351.3,5050293
2021-06-16 09:45:00,351.3,5051093
2021-06-16 09:45:01,351.3,5051960
2021-06-16 09:45:02,351.3,5052275
2021-06-16 09:45:03,351.3,5054616
2021-06-16 09:45:04,351.35,5056095
2021-06-16 09:45:05,351.35,5057785
2021-06-16 09:45:06,351.35,5061124
2021-06-16 09:45:08,351.4,5061904
2021-06-16 09:45:09,351.45,5067458
2021-06-16 09:45:09,351.35,5071182
2021-06-16 09:45:11,351.35,5072480
2021-06-16 09:45:12,351.3,5074236
2021-06-16 09:45:13,351.35,5075073
2021-06-16 09:45:14,351.4,5075737
2021-06-16 09:45:15,351.45,5079441
2021-06-16 09:45:16,351.5,5080398
2021-06-16 09:45:18,351.5,5080874
2021-06-16 09:45:18,351.4,5081199
2021-06-16 09:45:19,351.4,5081926
2021-06-16 09:45:20,351.4,5082423
2021-06-16 09:45:21,351.5,5082959
2021-06-16 09:45:22,351.45,5084408
2021-06-16 09:45:23,351.45,5084896
2021-06-16 09:45:24,351.45,5085070
2021-06-16 09:45:26,351.4,5086577
2021-06-16 09:45:27,351.5,5086952
2021-06-16 09:45:29,351.5,5086952
2021-06-16 09:45:30,351.4,5091505
2021-06-16 09:45:31,351.5,5091856
2021-06-16 09:45:32,351.5,5092015
2021-06-16 09:45:33,351.5,5097648
2021-06-16 09:45:34,351.6,5098255
2021-06-16 09:45:35,351.5,5098332
2021-06-16 09:45:36,351.6,5098539
2021-06-16 09:45:37,351.6,5099383
2021-06-16 09:45:38,351.5,5099723
2021-06-16 09:45:40,351.55,5100819
2021-06-16 09:45:41,351.6,5101001
2021-06-16 09:45:41,351.65,5102765
2021-06-16 09:45:42,351.6,5104049
2021-06-16 09:45:43,351.65,5105433
2021-06-16 09:45:46,351.55,5123887
2021-06-16 09:45:47,351.55,5124809
2021-06-16 09:45:48,351.5,5126368
2021-06-16 09:45:49,351.6,5127442
2021-06-16 09:45:50,351.6,5128065
2021-06-16 09:45:51,351.6,5128427
2021-06-16 09:45:52,351.5,5129292
2021-06-16 09:45:53,351.5,5130196
2021-06-16 09:45:54,351.6,5131424
2021-06-16 09:45:55,351.6,5132229
2021-06-16 09:45:56,351.6,5132533
2021-06-16 09:45:57,351.65,5132752
2021-06-16 09:45:57,351.5,5147642
2021-06-16 09:45:58,351.55,5148069
2021-06-16 09:45:59,351.5,5149093
2021-06-16 09:46:01,351.55,5150725
2021-06-16 09:46:01,351.5,5150996
2021-06-16 09:46:03,351.5,5151660
2021-06-16 09:46:03,351.5,5152279
2021-06-16 09:46:04,351.3,5171317
2021-06-16 09:46:05,351.15,5189595
2021-06-16 09:46:06,351.15,5189773
2021-06-16 09:46:07,351.15,5194755
2021-06-16 09:46:08,351.1,5197792
2021-06-16 09:46:09,351.1,5198410
2021-06-16 09:46:10,351.15,5200424
2021-06-16 09:46:12,351.15,5204567
2021-06-16 09:46:13,351.1,5205471
2021-06-16 09:46:14,351.05,5207636
2021-06-16 09:46:15,351.0,5250240
2021-06-16 09:46:16,351.05,5253652
2021-06-16 09:46:17,351.0,5263520
2021-06-16 09:46:18,351.05,5267345
2021-06-16 09:46:19,350.85,5275397
2021-06-16 09:46:20,350.85,5279584
2021-06-16 09:46:21,350.95,5280706
2021-06-16 09:46:22,350.9,5281333
2021-06-16 09:46:23,350.95,5284648
2021-06-16 09:46:24,350.8,5296615
2021-06-16 09:46:25,350.8,5296977
2021-06-16 09:46:26,350.8,5298237
2021-06-16 09:46:27,350.95,5298791
2021-06-16 09:46:28,350.9,5298968
2021-06-16 09:46:29,350.8,5299700
2021-06-16 09:46:30,350.8,5300115
2021-06-16 09:46:31,350.9,5302637
2021-06-16 09:46:32,350.8,5303780
2021-06-16 09:46:33,350.8,5305000
2021-06-16 09:46:34,350.9,5305933
2021-06-16 09:46:35,350.9,5306231
2021-06-16 09:46:37,350.95,5309175
2021-06-16 09:46:37,350.9,5309947
2021-06-16 09:46:39,351.0,5322507
2021-06-16 09:46:39,351.05,5334987
2021-06-16 09:46:41,351.1,5336497
2021-06-16 09:46:42,351.0,5337139
2021-06-16 09:46:44,351.1,5338730
2021-06-16 09:46:45,351.0,5341929
2021-06-16 09:46:46,351.0,5341998
2021-06-16 09:46:47,351.0,5342393
2021-06-16 09:46:49,351.35,5349916
2021-06-16 09:46:50,351.25,5354984
2021-06-16 09:46:51,351.4,5355084
2021-06-16 09:46:52,351.1,5355823
2021-06-16 09:46:53,351.15,5356012
2021-06-16 09:46:54,351.0,5358362
2021-06-16 09:46:55,351.1,5358403
2021-06-16 09:46:57,351.1,5362085
2021-06-16 09:46:58,351.05,5365785
2021-06-16 09:46:59,351.0,5378349
2021-06-16 09:47:00,350.95,5380511
2021-06-16 09:47:01,350.8,5381066
2021-06-16 09:47:02,350.8,5384002
2021-06-16 09:47:03,350.85,5386074
2021-06-16 09:47:04,350.75,5389245
2021-06-16 09:47:05,350.75,5391189
2021-06-16 09:47:06,350.8,5391410
2021-06-16 09:47:07,350.75,5392567
2021-06-16 09:47:08,350.75,5394601
2021-06-16 09:47:09,350.8,5397960
2021-06-16 09:47:10,350.65,5399272
2021-06-16 09:47:11,350.75,5401878
2021-06-16 09:47:12,350.7,5402088
2021-06-16 09:47:13,350.7,5403864
2021-06-16 09:47:14,350.65,5405154
2021-06-16 09:47:14,350.6,5405946
2021-06-16 09:47:15,350.7,5407323
2021-06-16 09:47:16,350.55,5407804
2021-06-16 09:47:19,350.75,5412877
2021-06-16 09:47:19,350.65,5412977
2021-06-16 09:47:21,350.7,5414328
2021-06-16 09:47:22,350.65,5416429
2021-06-16 09:47:23,350.65,5417072
2021-06-16 09:47:25,350.65,5419977
2021-06-16 09:47:26,350.7,5421522
2021-06-16 09:47:27,350.75,5423956
2021-06-16 09:47:28,350.8,5424491
2021-06-16 09:47:29,350.65,5425992
2021-06-16 09:47:29,350.8,5426275
2021-06-16 09:47:31,350.65,5430340
2021-06-16 09:47:32,350.65,5430388
2021-06-16 09:47:32,350.65,5431680
2021-06-16 09:47:34,350.85,5434659
2021-06-16 09:47:35,350.7,5435254
2021-06-16 09:47:36,350.8,5435720
2021-06-16 09:47:37,350.8,5436283
2021-06-16 09:47:38,350.75,5436600
2021-06-16 09:47:39,350.75,5437257
2021-06-16 09:47:40,350.85,5440310
2021-06-16 09:47:41,350.9,5440706
2021-06-16 09:47:42,350.75,5441509
2021-06-16 09:47:43,350.75,5441921
2021-06-16 09:47:44,350.8,5442574
2021-06-16 09:47:44,350.8,5442599
2021-06-16 09:47:45,350.85,5443393
2021-06-16 09:47:46,350.8,5444118
2021-06-16 09:47:47,350.8,5445074
2021-06-16 09:47:49,350.7,5447653
2021-06-16 09:47:50,350.8,5448328
2021-06-16 09:47:51,350.65,5459686
2021-06-16 09:47:52,350.7,5463029
2021-06-16 09:47:53,350.6,5464267
2021-06-16 09:47:54,350.7,5468063
2021-06-16 09:47:55,350.65,5469437
2021-06-16 09:47:56,350.65,5471357
2021-06-16 09:47:57,350.6,5472253
2021-06-16 09:47:58,350.65,5475086
2021-06-16 09:47:58,350.6,5475562
2021-06-16 09:48:00,350.7,5475960
2021-06-16 09:48:01,350.7,5478063
2021-06-16 09:48:02,350.8,5478668
2021-06-16 09:48:03,350.8,5478868
2021-06-16 09:48:03,350.75,5478893
2021-06-16 09:48:04,350.85,5480566
2021-06-16 09:48:06,350.8,5481185
2021-06-16 09:48:07,350.9,5483016
2021-06-16 09:48:08,350.8,5483450
2021-06-16 09:48:09,350.9,5484368
2021-06-16 09:48:10,350.8,5484451
2021-06-16 09:48:11,350.9,5484563
2021-06-16 09:48:12,350.85,5485424
2021-06-16 09:48:13,350.9,5486702
2021-06-16 09:48:14,350.9,5486873
2021-06-16 09:48:15,350.85,5492163
2021-06-16 09:48:16,350.9,5494117
2021-06-16 09:48:17,350.9,5495625
2021-06-16 09:48:18,351.0,5496182
2021-06-16 09:48:19,351.0,5497289
2021-06-16 09:48:20,350.9,5497318
2021-06-16 09:48:21,350.9,5498682
2021-06-16 09:48:22,350.9,5498979
2021-06-16 09:48:23,350.9,5500819
2021-06-16 09:48:24,350.9,5500866
2021-06-16 09:48:26,350.85,5512240
2021-06-16 09:48:27,350.65,5512511
2021-06-16 09:48:28,350.8,5513276
2021-06-16 09:48:29,350.85,5517368
2021-06-16 09:48:30,350.85,5519067
2021-06-16 09:48:31,350.7,5519624
2021-06-16 09:48:33,350.7,5522552
2021-06-16 09:48:34,350.75,5523381
2021-06-16 09:48:35,350.8,5523891
2021-06-16 09:48:36,350.8,5524247
2021-06-16 09:48:37,350.7,5524635
2021-06-16 09:48:38,350.7,5524738
2021-06-16 09:48:40,350.7,5526514
2021-06-16 09:48:41,350.85,5526810
2021-06-16 09:48:42,350.75,5526910
2021-06-16 09:48:43,350.85,5527347
2021-06-16 09:48:44,350.75,5528962
2021-06-16 09:48:45,350.9,5529353
2021-06-16 09:48:46,350.9,5531124
2021-06-16 09:48:48,350.8,5532175
2021-06-16 09:48:47,350.8,5532175
2021-06-16 09:48:49,350.9,5532198
2021-06-16 09:48:50,350.9,5532295
2021-06-16 09:48:51,350.95,5534427
2021-06-16 09:48:52,350.95,5534527
2021-06-16 09:48:53,350.95,5534552
2021-06-16 09:48:54,350.95,5535346
2021-06-16 09:48:55,351.0,5538878
2021-06-16 09:48:56,351.1,5550996
2021-06-16 09:48:57,351.05,5551078
2021-06-16 09:48:58,351.1,5551860
2021-06-16 09:49:01,351.3,5556092
2021-06-16 09:49:04,351.25,5558514
2021-06-16 09:49:05,351.3,5560869
2021-06-16 09:49:06,351.3,5560910
2021-06-16 09:49:07,351.15,5562081
2021-06-16 09:49:08,351.3,5562381
2021-06-16 09:49:09,351.3,5563922
2021-06-16 09:49:11,351.3,5564332
2021-06-16 09:49:12,351.25,5565304
2021-06-16 09:49:13,351.15,5565955
2021-06-16 09:49:15,351.25,5566233
2021-06-16 09:49:16,351.1,5566895
2021-06-16 09:49:17,351.15,5567198
2021-06-16 09:49:18,351.2,5569228
2021-06-16 09:49:19,351.2,5569683
2021-06-16 09:49:20,351.2,5569830
2021-06-16 09:49:21,351.15,5570779
2021-06-16 09:49:24,351.1,5572785
2021-06-16 09:49:25,351.2,5573205
2021-06-16 09:49:26,351.05,5573981
2021-06-16 09:49:27,351.1,5574056
2021-06-16 09:49:28,351.1,5575101
2021-06-16 09:49:29,351.0,5575401
2021-06-16 09:49:30,351.1,5576351
2021-06-16 09:49:31,351.1,5577648
2021-06-16 09:49:32,351.0,5578038
2021-06-16 09:49:33,351.0,5578477
2021-06-16 09:49:35,351.1,5580880
2021-06-16 09:49:36,351.1,5580911
2021-06-16 09:49:37,351.0,5581213
2021-06-16 09:49:38,351.15,5584864
2021-06-16 09:49:39,351.0,5585411
2021-06-16 09:49:41,350.9,5592176
2021-06-16 09:49:42,350.9,5592477
2021-06-16 09:49:43,350.8,5593378
2021-06-16 09:49:44,350.9,5594798
2021-06-16 09:49:45,350.95,5595161
2021-06-16 09:49:48,350.8,5603672
2021-06-16 09:49:49,350.8,5604598
2021-06-16 09:49:50,350.7,5604820
2021-06-16 09:49:52,350.75,5604901
2021-06-16 09:49:53,350.75,5607997
2021-06-16 09:49:55,350.75,5609450
2021-06-16 09:49:54,350.75,5609450
2021-06-16 09:49:56,350.75,5609500
2021-06-16 09:49:57,350.75,5610132
2021-06-16 09:49:58,350.7,5610440
2021-06-16 09:49:59,350.75,5610447
2021-06-16 09:50:00,350.7,5610861
2021-06-16 09:50:01,350.7,5613907
2021-06-16 09:50:03,350.55,5636514
2021-06-16 09:50:04,350.6,5638150
2021-06-16 09:50:05,350.5,5639516
2021-06-16 09:50:06,350.6,5641558
2021-06-16 09:50:07,350.5,5641681
2021-06-16 09:50:08,350.6,5644766
2021-06-16 09:50:09,350.5,5645956
2021-06-16 09:50:10,350.5,5647487
2021-06-16 09:50:11,350.5,5648508
2021-06-16 09:50:12,350.65,5650185
2021-06-16 09:50:13,350.5,5651636
2021-06-16 09:50:14,350.6,5652399
2021-06-16 09:50:15,350.5,5653968
2021-06-16 09:50:17,350.6,5654512
2021-06-16 09:50:18,350.5,5654582
2021-06-16 09:50:20,350.6,5655343
2021-06-16 09:50:21,350.5,5655571
2021-06-16 09:50:22,350.6,5655664
2021-06-16 09:50:23,350.6,5655855
2021-06-16 09:50:24,350.6,5658583
2021-06-16 09:50:25,350.6,5661234
2021-06-16 09:50:26,350.6,5663010
2021-06-16 09:50:27,350.5,5664314
2021-06-16 09:50:28,350.55,5665360
2021-06-16 09:50:29,350.6,5666257
2021-06-16 09:50:30,350.6,5668258
2021-06-16 09:50:32,350.55,5668376
2021-06-16 09:50:34,350.65,5676935
2021-06-16 09:50:34,350.6,5677288
2021-06-16 09:50:35,350.7,5679391
2021-06-16 09:50:36,350.65,5680052
2021-06-16 09:50:37,350.85,5682073
2021-06-16 09:50:38,350.95,5685442
2021-06-16 09:50:41,350.7,5686265
2021-06-16 09:50:41,350.7,5686335
2021-06-16 09:50:42,350.85,5691156
2021-06-16 09:50:43,350.85,5691308
2021-06-16 09:50:44,350.7,5691560
2021-06-16 09:50:45,350.6,5697849
2021-06-16 09:50:46,350.85,5699260
2021-06-16 09:50:47,350.7,5699372
2021-06-16 09:50:48,350.8,5700593
2021-06-16 09:50:49,350.8,5700920
2021-06-16 09:50:51,350.85,5701102
2021-06-16 09:50:52,350.7,5701703
2021-06-16 09:50:55,350.65,5729378
2021-06-16 09:50:55,350.65,5729378
2021-06-16 09:50:56,350.65,5730947
2021-06-16 09:50:57,350.7,5731877
2021-06-16 09:50:58,350.65,5732481
2021-06-16 09:51:00,350.7,5738764
2021-06-16 09:51:01,350.65,5746117
2021-06-16 09:51:02,350.6,5747603
2021-06-16 09:51:03,350.65,5750169
2021-06-16 09:51:04,350.65,5751609
2021-06-16 09:51:05,350.55,5763387
2021-06-16 09:51:06,350.65,5763438
2021-06-16 09:51:07,350.65,5764740
2021-06-16 09:51:08,350.6,5765083
2021-06-16 09:51:10,350.65,5773145
2021-06-16 09:51:11,350.55,5773515
2021-06-16 09:51:12,350.6,5773832
2021-06-16 09:51:13,350.65,5774349
2021-06-16 09:51:16,350.6,5775881
2021-06-16 09:51:16,350.6,5775885
2021-06-16 09:51:17,350.55,5775928
2021-06-16 09:51:18,350.6,5776161
2021-06-16 09:51:19,350.55,5777930
2021-06-16 09:51:20,350.6,5778256
2021-06-16 09:51:22,350.6,5780677
2021-06-16 09:51:22,350.6,5780677
2021-06-16 09:51:23,350.6,5781310
2021-06-16 09:51:24,350.6,5782034
2021-06-16 09:51:25,350.65,5782156
2021-06-16 09:51:26,350.6,5782713
2021-06-16 09:51:27,350.55,5783155
2021-06-16 09:51:28,350.6,5783369
2021-06-16 09:51:29,350.55,5784357
2021-06-16 09:51:30,350.55,5785412
2021-06-16 09:51:32,350.55,5786490
2021-06-16 09:51:34,350.65,5787139
2021-06-16 09:51:35,350.55,5787209
2021-06-16 09:51:36,350.55,5801046
2021-06-16 09:51:37,350.55,5801132
2021-06-16 09:51:38,350.5,5802211
2021-06-16 09:51:39,350.65,5803307
2021-06-16 09:51:41,350.6,5804161
2021-06-16 09:51:42,350.6,5804675
2021-06-16 09:51:43,350.55,5805815
2021-06-16 09:51:44,350.65,5805895
2021-06-16 09:51:45,350.6,5806009
2021-06-16 09:51:46,350.45,5857008
2021-06-16 09:51:47,350.55,5857996
2021-06-16 09:51:48,350.3,5860845
2021-06-16 09:51:50,350.3,5865451
2021-06-16 09:51:50,350.35,5865551
2021-06-16 09:51:51,350.45,5867470
2021-06-16 09:51:52,350.55,5867722
2021-06-16 09:51:53,350.45,5868112
2021-06-16 09:51:54,350.6,5868645
2021-06-16 09:51:55,350.65,5870836
2021-06-16 09:51:56,350.65,5870961
2021-06-16 09:51:57,350.5,5871164
2021-06-16 09:52:00,350.55,5872687
2021-06-16 09:52:01,350.55,5872781
2021-06-16 09:52:01,350.45,5874821
2021-06-16 09:52:02,350.55,5875460
2021-06-16 09:52:03,350.55,5875621
2021-06-16 09:52:04,350.6,5876459
2021-06-16 09:52:05,350.55,5877486
2021-06-16 09:52:07,350.55,5877736
2021-06-16 09:52:07,350.55,5877736
2021-06-16 09:52:08,350.55,5878258
2021-06-16 09:52:09,350.6,5878425
2021-06-16 09:52:10,350.55,5879673
2021-06-16 09:52:11,350.6,5879740
2021-06-16 09:52:12,350.65,5881140
2021-06-16 09:52:13,350.55,5881957
2021-06-16 09:52:14,350.6,5883262
2021-06-16 09:52:16,350.65,5885144
2021-06-16 09:52:16,350.6,5885154
2021-06-16 09:52:18,350.6,5886390
2021-06-16 09:52:18,350.6,5886390
2021-06-16 09:52:21,350.7,5892914
2021-06-16 09:52:22,350.7,5894395
2021-06-16 09:52:24,350.65,5894751
2021-06-16 09:52:25,350.7,5895624
2021-06-16 09:52:26,350.65,5897811
2021-06-16 09:52:27,351.0,5912695
2021-06-16 09:52:27,351.05,5912746
2021-06-16 09:52:28,351.05,5918699
2021-06-16 09:52:29,351.0,5919549
2021-06-16 09:52:30,351.05,5920620
2021-06-16 09:52:32,350.9,5920909
2021-06-16 09:52:33,351.0,5920982
2021-06-16 09:52:35,350.85,5922738
2021-06-16 09:52:36,350.85,5922869
2021-06-16 09:52:37,350.95,5923900
2021-06-16 09:52:37,350.9,5924056
2021-06-16 09:52:38,351.0,5925336
2021-06-16 09:52:39,351.0,5925594
2021-06-16 09:52:40,351.0,5925612
2021-06-16 09:52:41,351.1,5926187
2021-06-16 09:52:42,351.0,5928792
2021-06-16 09:52:44,351.0,5930086
2021-06-16 09:52:45,351.15,5930411
2021-06-16 09:52:47,351.15,5930782
2021-06-16 09:52:48,351.2,5931996
2021-06-16 09:52:49,351.25,5947306
2021-06-16 09:52:49,351.2,5947308
2021-06-16 09:52:50,351.1,5948223
2021-06-16 09:52:51,351.15,5949328
2021-06-16 09:52:52,351.25,5950461
2021-06-16 09:52:54,351.25,5951031
2021-06-16 09:52:55,351.2,5951853
2021-06-16 09:52:55,351.2,5951903
2021-06-16 09:52:56,351.3,5952748
2021-06-16 09:52:57,351.2,5953387
2021-06-16 09:52:58,351.3,5955737
2021-06-16 09:53:00,351.2,5955964
2021-06-16 09:53:02,351.2,5956655
2021-06-16 09:53:03,351.2,5957267
2021-06-16 09:53:03,351.25,5957367
2021-06-16 09:53:04,351.3,5957827
2021-06-16 09:53:05,351.35,5960203
2021-06-16 09:53:07,351.4,5961820
2021-06-16 09:53:08,351.4,5962700
2021-06-16 09:53:08,351.4,5962700
2021-06-16 09:53:09,351.4,5964054
2021-06-16 09:53:10,351.4,5968929
2021-06-16 09:53:11,351.4,5969749
2021-06-16 09:53:12,351.4,5971239
2021-06-16 09:53:14,351.4,5971704
2021-06-16 09:53:15,351.4,5971814
2021-06-16 09:53:16,351.3,5972204
2021-06-16 09:53:17,351.35,5972990
2021-06-16 09:53:20,351.3,5974958
2021-06-16 09:53:18,351.35,5974654
2021-06-16 09:53:21,351.3,5977219
2021-06-16 09:53:21,351.3,5977219
2021-06-16 09:53:22,351.4,5977908
2021-06-16 09:53:23,351.3,5978212
2021-06-16 09:53:24,351.3,5978557
2021-06-16 09:53:25,351.35,5979166
2021-06-16 09:53:26,351.25,5979738
2021-06-16 09:53:27,351.25,5981376
2021-06-16 09:53:28,351.25,5981922
2021-06-16 09:53:29,351.25,5982239
2021-06-16 09:53:31,351.2,5984755
2021-06-16 09:53:32,351.2,5985068
2021-06-16 09:53:33,351.25,5988184
2021-06-16 09:53:34,351.25,5988370
2021-06-16 09:53:35,351.1,5989100
2021-06-16 09:53:36,351.3,5991000
2021-06-16 09:53:38,351.3,5992744
2021-06-16 09:53:39,351.25,5993360
2021-06-16 09:53:40,351.25,5993377
2021-06-16 09:53:40,351.3,5993382
2021-06-16 09:53:41,351.25,5994352
2021-06-16 09:53:42,351.35,5995176
2021-06-16 09:53:43,351.25,5996568
2021-06-16 09:53:44,351.25,5997546
2021-06-16 09:53:45,351.3,5998436
2021-06-16 09:53:46,351.3,5999645
2021-06-16 09:53:48,351.25,5999945
2021-06-16 09:53:49,351.3,6000146
2021-06-16 09:53:50,351.3,6000738
2021-06-16 09:53:51,351.3,6001456
2021-06-16 09:53:52,351.3,6002551
2021-06-16 09:53:53,351.3,6003229
2021-06-16 09:53:54,351.3,6010007
2021-06-16 09:53:54,351.3,6010077
2021-06-16 09:53:56,351.3,6011856
2021-06-16 09:53:57,351.4,6012781
2021-06-16 09:53:58,351.4,6014099
2021-06-16 09:54:00,351.4,6016081
2021-06-16 09:54:01,351.3,6016084
2021-06-16 09:54:03,351.35,6017041
2021-06-16 09:54:03,351.3,6016585
2021-06-16 09:54:04,351.35,6017933
2021-06-16 09:54:05,351.25,6019060
2021-06-16 09:54:06,351.25,6027163
2021-06-16 09:54:07,351.05,6054941
2021-06-16 09:54:08,351.05,6055269
2021-06-16 09:54:09,350.9,6068116
2021-06-16 09:54:10,350.95,6068383
2021-06-16 09:54:11,350.95,6069144
2021-06-16 09:54:12,350.95,6069945
2021-06-16 09:54:13,350.75,6069976
2021-06-16 09:54:15,350.95,6070167
2021-06-16 09:54:16,350.9,6071808
2021-06-16 09:54:16,350.9,6071818
2021-06-16 09:54:18,350.85,6072176
2021-06-16 09:54:19,350.75,6072232
2021-06-16 09:54:20,350.9,6072403
2021-06-16 09:54:21,350.9,6072809
2021-06-16 09:54:22,350.9,6073191
2021-06-16 09:54:23,350.75,6075059
2021-06-16 09:54:25,350.85,6075468
2021-06-16 09:54:25,350.85,6075204
2021-06-16 09:54:26,350.7,6075857
2021-06-16 09:54:27,350.75,6076085
2021-06-16 09:54:28,350.75,6076185
2021-06-16 09:54:29,350.8,6077235
2021-06-16 09:54:30,350.75,6077287
2021-06-16 09:54:31,350.8,6077332
2021-06-16 09:54:32,350.75,6077543
2021-06-16 09:54:33,350.8,6077824
2021-06-16 09:54:34,350.7,6078213
2021-06-16 09:54:35,350.7,6078218
2021-06-16 09:54:36,350.8,6081075
2021-06-16 09:54:37,350.7,6081874
2021-06-16 09:54:38,350.8,6081921
2021-06-16 09:54:39,350.8,6081922
2021-06-16 09:54:40,350.75,6082175
2021-06-16 09:54:41,350.8,6082269
2021-06-16 09:54:42,350.7,6082314
2021-06-16 09:54:44,350.7,6084755
2021-06-16 09:54:44,350.75,6085296
2021-06-16 09:54:46,350.85,6085856
2021-06-16 09:54:46,350.75,6086093
2021-06-16 09:54:48,350.85,6086173
2021-06-16 09:54:49,350.9,6086864
2021-06-16 09:54:50,350.9,6087035
2021-06-16 09:54:51,350.9,6087235
2021-06-16 09:54:51,350.8,6087135
2021-06-16 09:54:53,350.85,6087888
2021-06-16 09:54:54,350.9,6088047
2021-06-16 09:54:55,350.85,6088187
2021-06-16 09:54:56,350.85,6089269
2021-06-16 09:54:57,350.9,6089615
2021-06-16 09:54:58,350.9,6090423
2021-06-16 09:54:58,350.9,6090473
2021-06-16 09:54:59,350.95,6090545
2021-06-16 09:55:00,350.95,6090545
2021-06-16 09:55:02,350.85,6091183
2021-06-16 09:55:03,350.85,6091307
2021-06-16 09:55:04,350.95,6091405
2021-06-16 09:55:07,351.0,6094821
2021-06-16 09:55:08,351.15,6095022
2021-06-16 09:55:09,351.0,6095422
2021-06-16 09:55:10,351.0,6095858
2021-06-16 09:55:11,351.1,6096450
2021-06-16 09:55:12,351.1,6096592
2021-06-16 09:55:13,351.1,6097177
2021-06-16 09:55:15,351.1,6097844
2021-06-16 09:55:15,351.1,6097880
2021-06-16 09:55:17,351.1,6098176
2021-06-16 09:55:19,351.1,6125671
2021-06-16 09:55:19,350.95,6125672
2021-06-16 09:55:21,351.1,6127938
2021-06-16 09:55:21,351.1,6127938
2021-06-16 09:55:22,351.25,6130454
2021-06-16 09:55:24,351.3,6131328
2021-06-16 09:55:24,351.15,6131539
2021-06-16 09:55:26,351.35,6132138
2021-06-16 09:55:27,351.35,6132366
2021-06-16 09:55:27,351.35,6132366
2021-06-16 09:55:28,351.4,6132642
2021-06-16 09:55:29,351.25,6133111
2021-06-16 09:55:30,351.35,6133277
2021-06-16 09:55:31,351.25,6134128
2021-06-16 09:55:32,351.15,6135398
2021-06-16 09:55:33,351.1,6135926
2021-06-16 09:55:34,351.1,6137099
2021-06-16 09:55:35,351.15,6137439
2021-06-16 09:55:36,351.15,6137441
2021-06-16 09:55:38,351.15,6137662
2021-06-16 09:55:39,351.1,6138165
2021-06-16 09:55:40,351.1,6138165
2021-06-16 09:55:41,351.2,6138417
2021-06-16 09:55:42,351.1,6138434
2021-06-16 09:55:43,351.1,6138638
2021-06-16 09:55:44,351.2,6139767
2021-06-16 09:55:45,351.1,6139842
2021-06-16 09:55:46,351.1,6141321
2021-06-16 09:55:47,351.2,6144360
2021-06-16 09:55:48,351.2,6144472
2021-06-16 09:55:49,351.1,6144488
2021-06-16 09:55:50,351.2,6144859
2021-06-16 09:55:51,351.2,6144910
2021-06-16 09:55:52,351.1,6145553
2021-06-16 09:55:53,351.1,6145574
2021-06-16 09:55:54,351.1,6145984
2021-06-16 09:55:55,351.1,6146684
2021-06-16 09:55:56,351.05,6146969
2021-06-16 09:55:58,351.1,6147474
2021-06-16 09:55:59,351.1,6147959
2021-06-16 09:56:00,351.0,6148332
2021-06-16 09:56:01,351.05,6173410
2021-06-16 09:56:02,351.3,6185915
2021-06-16 09:56:02,351.2,6185935
2021-06-16 09:56:03,351.1,6186143
2021-06-16 09:56:04,351.2,6186663
2021-06-16 09:56:05,351.1,6186946
2021-06-16 09:56:06,351.2,6187786
2021-06-16 09:56:08,351.15,6187969
2021-06-16 09:56:09,351.1,6187979
2021-06-16 09:56:10,351.25,6200599
2021-06-16 09:56:10,351.25,6200849
2021-06-16 09:56:12,351.25,6201359
2021-06-16 09:56:12,351.25,6201359
2021-06-16 09:56:14,351.2,6202068
2021-06-16 09:56:14,351.25,6202124
2021-06-16 09:56:16,351.2,6202138
2021-06-16 09:56:17,351.2,6202981
2021-06-16 09:56:18,351.1,6203582
2021-06-16 09:56:19,351.25,6203718
2021-06-16 09:56:20,351.3,6204169
2021-06-16 09:56:22,351.1,6205169
2021-06-16 09:56:22,351.1,6205169
2021-06-16 09:56:23,351.1,6207236
2021-06-16 09:56:25,351.1,6208319
2021-06-16 09:56:27,351.25,6208390
2021-06-16 09:56:28,351.25,6208414
2021-06-16 09:56:29,351.25,6208539
2021-06-16 09:56:30,351.3,6208656
2021-06-16 09:56:31,351.25,6208681
2021-06-16 09:56:32,351.25,6209001
2021-06-16 09:56:33,351.15,6209528
2021-06-16 09:56:34,351.15,6209593
2021-06-16 09:56:35,351.25,6209735
2021-06-16 09:56:36,351.3,6209748
2021-06-16 09:56:38,351.15,6210005
2021-06-16 09:56:39,351.3,6211863
2021-06-16 09:56:40,351.3,6211993
2021-06-16 09:56:41,351.2,6212823
2021-06-16 09:56:42,351.15,6213097
2021-06-16 09:56:43,351.2,6213571
2021-06-16 09:56:44,351.3,6217672
2021-06-16 09:56:45,351.3,6217957
2021-06-16 09:56:46,351.2,6218335
2021-06-16 09:56:47,351.3,6218646
2021-06-16 09:56:48,351.3,6220376
2021-06-16 09:56:49,351.25,6220624
2021-06-16 09:56:51,351.25,6220727
2021-06-16 09:56:52,351.25,6220732
2021-06-16 09:56:53,351.3,6220934
2021-06-16 09:56:54,351.25,6221295
2021-06-16 09:56:55,351.3,6223336
2021-06-16 09:56:56,351.3,6223417
2021-06-16 09:56:57,351.25,6223657
2021-06-16 09:56:59,351.2,6224305
2021-06-16 09:57:00,351.1,6225905
2021-06-16 09:57:01,351.2,6227417
2021-06-16 09:57:03,351.1,6229254
2021-06-16 09:57:04,351.0,6229778
2021-06-16 09:57:05,351.15,6229888
2021-06-16 09:57:06,351.15,6230409
2021-06-16 09:57:07,351.0,6230658
2021-06-16 09:57:09,351.2,6231853
2021-06-16 09:57:10,351.1,6232400
2021-06-16 09:57:11,351.1,6232900
2021-06-16 09:57:12,351.1,6234251
2021-06-16 09:57:13,351.2,6235618
2021-06-16 09:57:14,351.1,6235875
2021-06-16 09:57:16,351.2,6236007
2021-06-16 09:57:17,351.2,6236217
2021-06-16 09:57:17,351.2,6236249
2021-06-16 09:57:18,351.2,6236360
2021-06-16 09:57:20,351.1,6236511
2021-06-16 09:57:21,351.1,6236861
2021-06-16 09:57:22,351.15,6237014
2021-06-16 09:57:23,351.3,6245750
2021-06-16 09:57:24,351.3,6246264
2021-06-16 09:57:25,351.2,6246561
2021-06-16 09:57:26,351.2,6246661
2021-06-16 09:57:26,351.2,6246661
2021-06-16 09:57:28,351.2,6246844
2021-06-16 09:57:28,351.2,6247025
2021-06-16 09:57:29,351.25,6247112
2021-06-16 09:57:31,351.25,6247162
2021-06-16 09:57:32,351.25,6247163
2021-06-16 09:57:33,351.3,6247220
2021-06-16 09:57:34,351.25,6247489
2021-06-16 09:57:35,351.25,6247701
2021-06-16 09:57:36,351.25,6248708
2021-06-16 09:57:37,351.25,6249046
2021-06-16 09:57:38,351.2,6249166
2021-06-16 09:57:39,351.25,6249221
2021-06-16 09:57:40,351.2,6251066
2021-06-16 09:57:41,351.2,6251068
2021-06-16 09:57:42,351.25,6251117
2021-06-16 09:57:43,351.2,6255116
2021-06-16 09:57:44,351.2,6255432
2021-06-16 09:57:45,351.2,6255934
2021-06-16 09:57:46,351.25,6256231
2021-06-16 09:57:48,351.15,6260610
2021-06-16 09:57:49,351.15,6262250
2021-06-16 09:57:50,351.15,6262250
2021-06-16 09:57:51,351.15,6262352
2021-06-16 09:57:52,351.15,6262352
2021-06-16 09:57:53,351.2,6262789
2021-06-16 09:57:55,351.2,6263113
2021-06-16 09:57:57,351.15,6263573
2021-06-16 09:57:57,351.2,6263676
2021-06-16 09:57:58,351.15,6264263
2021-06-16 09:57:59,351.3,6276784
2021-06-16 09:58:01,351.3,6277784
2021-06-16 09:58:02,351.35,6277884
2021-06-16 09:58:02,351.35,6278531
2021-06-16 09:58:04,351.3,6280224
2021-06-16 09:58:05,351.3,6280796
2021-06-16 09:58:06,351.3,6280797
2021-06-16 09:58:07,351.15,6280816
2021-06-16 09:58:08,351.3,6280830
2021-06-16 09:58:09,351.4,6281205
2021-06-16 09:58:11,351.4,6281209
2021-06-16 09:58:12,351.4,6281209
2021-06-16 09:58:13,351.4,6281333
2021-06-16 09:58:14,351.3,6281758
2021-06-16 09:58:15,351.3,6282831
2021-06-16 09:58:16,351.4,6284291
2021-06-16 09:58:18,351.45,6284566
2021-06-16 09:58:19,351.45,6284763
2021-06-16 09:58:20,351.35,6285592
2021-06-16 09:58:21,351.35,6286050
2021-06-16 09:58:22,351.3,6286432
2021-06-16 09:58:23,351.45,6286557
2021-06-16 09:58:24,351.45,6286687
2021-06-16 09:58:24,351.45,6286737
2021-06-16 09:58:25,351.35,6287757
2021-06-16 09:58:26,351.45,6287807
2021-06-16 09:58:27,351.35,6288544
2021-06-16 09:58:28,351.35,6288664
2021-06-16 09:58:29,351.45,6289717
2021-06-16 09:58:31,351.45,6289984
2021-06-16 09:58:32,351.35,6290065
2021-06-16 09:58:33,351.5,6293290
2021-06-16 09:58:34,351.65,6302488
2021-06-16 09:58:35,351.65,6303134
2021-06-16 09:58:36,351.8,6315685
2021-06-16 09:58:37,351.7,6316175
2021-06-16 09:58:38,351.85,6317426
2021-06-16 09:58:38,351.9,6319253
2021-06-16 09:58:40,351.9,6319620
2021-06-16 09:58:41,351.95,6326633
2021-06-16 09:58:42,352.0,6329858
2021-06-16 09:58:43,351.85,6332232
2021-06-16 09:58:44,352.0,6334365
2021-06-16 09:58:45,351.85,6334925
2021-06-16 09:58:46,351.9,6336188
2021-06-16 09:58:47,351.9,6336338
2021-06-16 09:58:48,351.9,6337361
2021-06-16 09:58:48,351.85,6338303
2021-06-16 09:58:50,351.85,6338856
2021-06-16 09:58:51,352.0,6342029
2021-06-16 09:58:52,351.95,6342187
2021-06-16 09:58:53,352.0,6343439
2021-06-16 09:58:55,351.95,6343860
2021-06-16 09:58:58,351.8,6344907
2021-06-16 09:58:59,351.9,6348265
2021-06-16 09:59:00,351.8,6350322
2021-06-16 09:59:01,351.8,6350674
2021-06-16 09:59:02,351.95,6351111
2021-06-16 09:59:03,351.95,6351144
2021-06-16 09:59:04,351.95,6353257
2021-06-16 09:59:05,351.95,6353518
2021-06-16 09:59:06,351.95,6358838
2021-06-16 09:59:07,351.95,6359629
2021-06-16 09:59:08,351.95,6359769
2021-06-16 09:59:09,351.95,6359898
2021-06-16 09:59:10,351.8,6360112
2021-06-16 09:59:11,351.8,6360184
2021-06-16 09:59:12,351.9,6360282
2021-06-16 09:59:13,351.8,6360503
2021-06-16 09:59:14,351.8,6360600
2021-06-16 09:59:15,351.8,6361215
2021-06-16 09:59:16,351.8,6363503
2021-06-16 09:59:17,351.9,6363699
2021-06-16 09:59:18,351.8,6363836
2021-06-16 09:59:19,351.8,6364328
2021-06-16 09:59:20,351.8,6364355
2021-06-16 09:59:21,351.8,6365580
2021-06-16 09:59:22,351.9,6366692
2021-06-16 09:59:23,351.95,6366794
2021-06-16 09:59:24,351.95,6367026
2021-06-16 09:59:25,351.95,6367165
2021-06-16 09:59:26,351.95,6367575
2021-06-16 09:59:27,351.8,6367796
2021-06-16 09:59:28,351.95,6367798
2021-06-16 09:59:29,351.9,6367871
2021-06-16 09:59:30,351.8,6368141
2021-06-16 09:59:31,351.95,6369391
2021-06-16 09:59:32,351.8,6370037
2021-06-16 09:59:34,351.9,6376720
2021-06-16 09:59:35,351.9,6377634
2021-06-16 09:59:36,351.95,6378728
2021-06-16 09:59:37,351.95,6380121
2021-06-16 09:59:38,351.95,6380121
2021-06-16 09:59:40,351.9,6380594
2021-06-16 09:59:41,351.9,6380644
2021-06-16 09:59:42,351.95,6380851
2021-06-16 09:59:44,351.85,6381191
2021-06-16 09:59:45,351.9,6381296
2021-06-16 09:59:47,351.85,6381682
2021-06-16 09:59:48,351.95,6384456
2021-06-16 09:59:49,351.9,6384966
2021-06-16 09:59:50,351.9,6385058
2021-06-16 09:59:51,351.9,6385586
2021-06-16 09:59:52,351.85,6387315
2021-06-16 09:59:53,351.85,6387522
2021-06-16 09:59:54,351.85,6388433
2021-06-16 09:59:56,351.85,6389144
2021-06-16 09:59:55,351.85,6389144
2021-06-16 09:59:57,351.85,6389208
2021-06-16 10:00:00,351.75,6391654
2021-06-16 09:59:59,351.8,6390348
2021-06-16 10:00:01,351.8,6392165
2021-06-16 10:00:02,351.8,6392917
2021-06-16 10:00:03,351.75,6393531
2021-06-16 10:00:04,351.75,6393537
2021-06-16 10:00:05,351.8,6394368
2021-06-16 10:00:06,351.8,6394806
2021-06-16 10:00:07,351.7,6396832
2021-06-16 10:00:08,351.7,6397055
2021-06-16 10:00:09,351.75,6397496
2021-06-16 10:00:10,351.7,6397516
2021-06-16 10:00:11,351.65,6397721
2021-06-16 10:00:12,351.7,6398151
2021-06-16 10:00:13,351.7,6398189
2021-06-16 10:00:14,351.75,6398366
2021-06-16 10:00:15,351.6,6398851
2021-06-16 10:00:16,351.6,6399928
2021-06-16 10:00:17,351.65,6399932
2021-06-16 10:00:18,351.7,6401122
2021-06-16 10:00:19,351.75,6401370
2021-06-16 10:00:20,351.75,6401932
2021-06-16 10:00:21,351.65,6402145
2021-06-16 10:00:22,351.65,6402205
2021-06-16 10:00:23,351.7,6402330
2021-06-16 10:00:24,351.75,6403394
2021-06-16 10:00:25,351.75,6403521
2021-06-16 10:00:26,351.6,6403821
2021-06-16 10:00:27,351.7,6408439
2021-06-16 10:00:28,351.75,6408531
2021-06-16 10:00:29,351.75,6409062
2021-06-16 10:00:30,351.75,6409889
2021-06-16 10:00:31,351.75,6409889
2021-06-16 10:00:32,351.75,6409991
2021-06-16 10:00:33,351.7,6410054
2021-06-16 10:00:34,351.6,6410071
2021-06-16 10:00:35,351.6,6410107
2021-06-16 10:00:36,351.65,6410186
2021-06-16 10:00:37,351.75,6411178
2021-06-16 10:00:38,351.7,6411641
2021-06-16 10:00:41,351.5,6415820
2021-06-16 10:00:42,351.65,6415952
2021-06-16 10:00:43,351.6,6416341
2021-06-16 10:00:44,351.6,6417639
2021-06-16 10:00:45,351.6,6417649
2021-06-16 10:00:46,351.6,6417807
2021-06-16 10:00:47,351.7,6421807
2021-06-16 10:00:48,351.7,6422398
2021-06-16 10:00:49,351.7,6426504
2021-06-16 10:00:50,351.65,6426516
2021-06-16 10:00:53,351.65,6432346
2021-06-16 10:00:54,351.55,6433501
2021-06-16 10:00:55,351.7,6435002
2021-06-16 10:00:56,351.55,6435013
2021-06-16 10:00:57,351.6,6436063
2021-06-16 10:00:58,351.7,6437799
2021-06-16 10:00:59,351.7,6439399
2021-06-16 10:01:00,351.6,6439719
2021-06-16 10:01:01,351.55,6440149
2021-06-16 10:01:02,351.65,6440374
2021-06-16 10:01:03,351.55,6440755
2021-06-16 10:01:04,351.55,6440911
2021-06-16 10:01:05,351.65,6441418
2021-06-16 10:01:06,351.65,6441419
2021-06-16 10:01:07,351.65,6441434
2021-06-16 10:01:08,351.55,6441460
2021-06-16 10:01:09,351.65,6442061
2021-06-16 10:01:10,351.55,6443176
2021-06-16 10:01:11,351.6,6443457
2021-06-16 10:01:12,351.6,6443824
2021-06-16 10:01:14,351.6,6444100
2021-06-16 10:01:15,351.65,6444794
2021-06-16 10:01:16,351.65,6444999
2021-06-16 10:01:18,351.65,6445158
2021-06-16 10:01:20,351.7,6446762
2021-06-16 10:01:20,351.7,6446762
2021-06-16 10:01:21,351.75,6446765
2021-06-16 10:01:22,351.7,6447487
2021-06-16 10:01:23,351.75,6447595
2021-06-16 10:01:24,351.7,6447701
2021-06-16 10:01:25,351.7,6448801
2021-06-16 10:01:26,351.75,6448803
2021-06-16 10:01:29,351.75,6451349
2021-06-16 10:01:30,351.7,6452024
2021-06-16 10:01:31,351.8,6452134
2021-06-16 10:01:32,351.75,6452135
2021-06-16 10:01:33,351.75,6452525
2021-06-16 10:01:34,351.8,6452811
2021-06-16 10:01:35,351.75,6453398
2021-06-16 10:01:36,351.85,6455300
2021-06-16 10:01:38,351.95,6457798
2021-06-16 10:01:38,351.95,6457798
2021-06-16 10:01:39,351.95,6457808
2021-06-16 10:01:40,351.95,6458010
2021-06-16 10:01:41,351.95,6458410
2021-06-16 10:01:42,351.95,6458490
2021-06-16 10:01:43,351.8,6459115
2021-06-16 10:01:44,352.0,6461635
2021-06-16 10:01:45,351.9,6461895
2021-06-16 10:01:46,351.9,6463664
2021-06-16 10:01:47,352.0,6464275
2021-06-16 10:01:48,352.0,6464285
2021-06-16 10:01:49,351.9,6464763
2021-06-16 10:01:50,352.0,6466363
2021-06-16 10:01:51,351.9,6466476
2021-06-16 10:01:52,351.9,6468691
2021-06-16 10:01:53,352.0,6468953
2021-06-16 10:01:54,351.9,6469095
2021-06-16 10:01:55,352.0,6469135
2021-06-16 10:01:56,352.0,6469285
2021-06-16 10:01:57,351.9,6469347
2021-06-16 10:01:58,352.0,6469572
2021-06-16 10:01:59,351.95,6469613
2021-06-16 10:02:00,351.9,6470384
2021-06-16 10:02:01,352.0,6473128
2021-06-16 10:02:04,352.0,6475239
2021-06-16 10:02:04,352.0,6475239
2021-06-16 10:02:06,351.9,6476474
2021-06-16 10:02:07,351.9,6477213
2021-06-16 10:02:08,351.9,6477213
2021-06-16 10:02:09,352.0,6477742
2021-06-16 10:02:10,352.1,6511589
2021-06-16 10:02:11,352.25,6513529
2021-06-16 10:02:12,352.25,6513660
2021-06-16 10:02:13,352.05,6513842
2021-06-16 10:02:14,352.25,6514264
2021-06-16 10:02:15,352.25,6515294
2021-06-16 10:02:16,352.05,6524521
2021-06-16 10:02:17,352.0,6526715
2021-06-16 10:02:18,352.2,6527319
2021-06-16 10:02:19,352.2,6528920
2021-06-16 10:02:20,352.25,6530730
2021-06-16 10:02:21,352.15,6531371
2021-06-16 10:02:22,352.25,6531372
2021-06-16 10:02:24,352.25,6531753
2021-06-16 10:02:24,352.2,6534373
2021-06-16 10:02:25,352.2,6534373
2021-06-16 10:02:26,352.05,6534838
2021-06-16 10:02:27,352.25,6539298
2021-06-16 10:02:29,352.1,6541846
2021-06-16 10:02:30,352.3,6542571
2021-06-16 10:02:31,352.3,6543336
2021-06-16 10:02:32,352.1,6543341
2021-06-16 10:02:33,352.15,6543419
2021-06-16 10:02:34,352.2,6543857
2021-06-16 10:02:35,352.2,6544098
2021-06-16 10:02:36,352.25,6544894
2021-06-16 10:02:37,352.2,6545190
2021-06-16 10:02:39,352.15,6549891
2021-06-16 10:02:39,352.15,6549991
2021-06-16 10:02:40,352.3,6550961
2021-06-16 10:02:41,352.15,6553936
2021-06-16 10:02:42,352.3,6557216
2021-06-16 10:02:44,352.1,6557798
2021-06-16 10:02:44,352.2,6557933
2021-06-16 10:02:45,352.2,6558149
2021-06-16 10:02:46,352.2,6558499
2021-06-16 10:02:47,352.15,6560035
2021-06-16 10:02:48,352.1,6560564
2021-06-16 10:02:49,352.15,6561167
2021-06-16 10:02:50,352.05,6562623
2021-06-16 10:02:51,352.15,6562848
2021-06-16 10:02:52,352.25,6564977
2021-06-16 10:02:53,352.1,6566005
2021-06-16 10:02:54,352.15,6566136
2021-06-16 10:02:56,352.15,6567891
2021-06-16 10:02:57,352.1,6568027
2021-06-16 10:02:57,352.15,6568047
2021-06-16 10:02:58,352.1,6568448
2021-06-16 10:02:59,352.2,6568966
2021-06-16 10:03:01,352.15,6569661
2021-06-16 10:03:01,352.15,6569661
2021-06-16 10:03:02,352.15,6571380
2021-06-16 10:03:03,352.2,6571777
2021-06-16 10:03:05,352.2,6572012
2021-06-16 10:03:06,352.15,6572024
2021-06-16 10:03:07,352.2,6572212
2021-06-16 10:03:07,352.15,6572219
2021-06-16 10:03:09,352.1,6581417
2021-06-16 10:03:10,352.1,6582046
2021-06-16 10:03:11,352.15,6582056
2021-06-16 10:03:12,352.1,6583228
2021-06-16 10:03:14,352.1,6583458
2021-06-16 10:03:17,352.1,6584342
2021-06-16 10:03:18,352.1,6584343
2021-06-16 10:03:19,352.1,6584372
2021-06-16 10:03:20,352.0,6587192
2021-06-16 10:03:21,352.1,6587272
2021-06-16 10:03:21,352.1,6587272
2021-06-16 10:03:23,352.1,6587415
2021-06-16 10:03:24,352.1,6587441
2021-06-16 10:03:24,352.1,6587441
2021-06-16 10:03:25,352.0,6587655
2021-06-16 10:03:26,352.0,6587892
2021-06-16 10:03:27,352.0,6589143
2021-06-16 10:03:28,352.05,6589794
2021-06-16 10:03:29,352.1,6589877
2021-06-16 10:03:31,352.05,6589975
2021-06-16 10:03:32,352.1,6590305
2021-06-16 10:03:33,352.1,6590626
2021-06-16 10:03:34,352.1,6590672
2021-06-16 10:03:35,352.05,6590870
2021-06-16 10:03:36,352.05,6590915
2021-06-16 10:03:36,352.05,6590925
2021-06-16 10:03:37,352.1,6591103
2021-06-16 10:03:39,352.1,6591356
2021-06-16 10:03:41,352.0,6602145
2021-06-16 10:03:42,351.95,6602174
2021-06-16 10:03:45,352.05,6603860
2021-06-16 10:03:44,351.9,6603659
2021-06-16 10:03:46,352.0,6603935
2021-06-16 10:03:47,352.05,6604458
2021-06-16 10:03:48,352.0,6604470
2021-06-16 10:03:49,352.05,6604766
2021-06-16 10:03:51,352.0,6605478
2021-06-16 10:03:52,352.0,6605585
2021-06-16 10:03:53,352.05,6605679
2021-06-16 10:03:55,352.05,6605693
2021-06-16 10:03:56,351.9,6606632
2021-06-16 10:03:56,352.0,6606663
2021-06-16 10:03:59,352.0,6607525
2021-06-16 10:04:00,351.9,6607841
2021-06-16 10:04:01,352.0,6609354
2021-06-16 10:04:02,351.9,6609559
2021-06-16 10:04:03,351.9,6609632
2021-06-16 10:04:04,351.95,6610644
2021-06-16 10:04:05,351.95,6612385
2021-06-16 10:04:06,351.85,6614017
2021-06-16 10:04:06,351.8,6617230
2021-06-16 10:04:07,351.95,6617330
2021-06-16 10:04:08,351.8,6618332
2021-06-16 10:04:09,351.8,6618435
2021-06-16 10:04:10,351.8,6618909
2021-06-16 10:04:11,351.8,6618909
2021-06-16 10:04:12,351.75,6620167
2021-06-16 10:04:13,351.8,6620606
2021-06-16 10:04:14,351.9,6620747
2021-06-16 10:04:15,351.9,6620798
2021-06-16 10:04:16,351.75,6620998
2021-06-16 10:04:18,351.75,6621248
2021-06-16 10:04:18,351.9,6621498
2021-06-16 10:04:19,351.8,6622019
2021-06-16 10:04:20,351.8,6622388
2021-06-16 10:04:21,351.8,6622609
2021-06-16 10:04:22,351.9,6622654
2021-06-16 10:04:23,351.8,6623104
2021-06-16 10:04:24,351.8,6623154
2021-06-16 10:04:25,351.85,6623214
2021-06-16 10:04:26,351.8,6623217
2021-06-16 10:04:27,351.8,6623483
2021-06-16 10:04:28,351.8,6625105
2021-06-16 10:04:29,351.8,6625368
2021-06-16 10:04:30,351.8,6626788
2021-06-16 10:04:31,351.9,6626789
2021-06-16 10:04:32,351.9,6626815
2021-06-16 10:04:33,351.8,6627325
2021-06-16 10:04:34,351.8,6627440
2021-06-16 10:04:35,351.8,6627454
2021-06-16 10:04:36,351.85,6627481
2021-06-16 10:04:37,351.8,6627620
2021-06-16 10:04:38,351.8,6628158
2021-06-16 10:04:39,351.8,6629081
2021-06-16 10:04:40,351.75,6629300
2021-06-16 10:04:41,351.8,6629472
2021-06-16 10:04:42,351.75,6629684
2021-06-16 10:04:43,351.7,6630067
2021-06-16 10:04:44,351.8,6630249
2021-06-16 10:04:45,351.8,6630740
2021-06-16 10:04:46,351.8,6630977
2021-06-16 10:04:48,351.7,6631068
2021-06-16 10:04:49,351.8,6631268
2021-06-16 10:04:50,351.7,6631674
2021-06-16 10:04:50,351.7,6631674
2021-06-16 10:04:51,351.8,6631682
2021-06-16 10:04:53,351.75,6632290
2021-06-16 10:04:55,351.75,6632612
2021-06-16 10:04:56,351.75,6632627
2021-06-16 10:04:57,351.7,6632687
2021-06-16 10:04:59,351.65,6632993
2021-06-16 10:05:00,351.7,6634611
2021-06-16 10:05:00,351.7,6634611
2021-06-16 10:05:01,351.7,6639550
2021-06-16 10:05:02,351.55,6639657
2021-06-16 10:05:03,351.55,6639719
2021-06-16 10:05:04,351.55,6639766
2021-06-16 10:05:05,351.55,6640027
2021-06-16 10:05:06,351.55,6641358
2021-06-16 10:05:07,351.5,6645505
2021-06-16 10:05:08,351.5,6645761
2021-06-16 10:05:09,351.5,6646784
2021-06-16 10:05:10,351.55,6646799
2021-06-16 10:05:11,351.5,6646891
2021-06-16 10:05:12,351.5,6647293
2021-06-16 10:05:13,351.6,6648522
2021-06-16 10:05:14,351.5,6649134
2021-06-16 10:05:16,351.65,6650131
2021-06-16 10:05:16,351.55,6650211
2021-06-16 10:05:17,351.55,6650312
2021-06-16 10:05:19,351.55,6651989
2021-06-16 10:05:20,351.55,6652197
2021-06-16 10:05:21,351.55,6654014
2021-06-16 10:05:21,351.55,6654007
2021-06-16 10:05:22,351.5,6654303
2021-06-16 10:05:23,351.7,6657896
2021-06-16 10:05:25,351.7,6658183
2021-06-16 10:05:26,351.75,6658685
2021-06-16 10:05:27,351.7,6658915
2021-06-16 10:05:28,351.8,6660598
2021-06-16 10:05:29,352.0,6665105
2021-06-16 10:05:30,351.9,6665361
2021-06-16 10:05:31,352.0,6666480
2021-06-16 10:05:33,351.9,6667055
2021-06-16 10:05:34,352.0,6667080
2021-06-16 10:05:35,351.75,6677639
2021-06-16 10:05:36,351.75,6677639
2021-06-16 10:05:37,351.7,6677684
2021-06-16 10:05:38,351.85,6677689
2021-06-16 10:05:39,351.85,6679027
2021-06-16 10:05:40,351.7,6679189
2021-06-16 10:05:41,351.7,6679239
2021-06-16 10:05:42,351.7,6679467
2021-06-16 10:05:43,351.8,6679512
2021-06-16 10:05:44,351.7,6679553
2021-06-16 10:05:45,351.7,6679794
2021-06-16 10:05:46,351.65,6680246
2021-06-16 10:05:47,351.8,6680446
2021-06-16 10:05:48,351.7,6685473
2021-06-16 10:05:49,351.7,6685483
2021-06-16 10:05:49,351.65,6685487
2021-06-16 10:05:51,351.65,6687121
2021-06-16 10:05:52,351.6,6687139
2021-06-16 10:05:53,351.6,6692575
2021-06-16 10:05:54,351.8,6697887
2021-06-16 10:05:55,351.8,6698204
2021-06-16 10:05:56,351.65,6700682
2021-06-16 10:05:57,351.8,6700695
2021-06-16 10:05:58,351.65,6700879
2021-06-16 10:05:59,351.7,6701049
2021-06-16 10:05:59,351.8,6701034
2021-06-16 10:06:00,351.8,6701099
2021-06-16 10:06:01,351.7,6701344
2021-06-16 10:06:02,351.8,6701444
2021-06-16 10:06:04,351.6,6702444
2021-06-16 10:06:05,351.75,6702668
2021-06-16 10:06:06,351.65,6702778
2021-06-16 10:06:07,351.7,6702813
2021-06-16 10:06:09,351.7,6706868
2021-06-16 10:06:10,351.6,6706980
2021-06-16 10:06:11,351.7,6707221
2021-06-16 10:06:12,351.6,6707224
2021-06-16 10:06:13,351.7,6707233
2021-06-16 10:06:14,351.6,6707331
2021-06-16 10:06:15,351.7,6707448
2021-06-16 10:06:17,351.7,6707516
2021-06-16 10:06:18,351.7,6708004
2021-06-16 10:06:19,351.6,6708325
2021-06-16 10:06:20,351.75,6708428
2021-06-16 10:06:21,351.7,6708475
2021-06-16 10:06:22,351.6,6709844
2021-06-16 10:06:23,351.6,6711260
2021-06-16 10:06:24,351.75,6711271
2021-06-16 10:06:24,351.75,6711911
2021-06-16 10:06:25,351.7,6712022
2021-06-16 10:06:26,351.7,6712193
2021-06-16 10:06:28,351.65,6712453
2021-06-16 10:06:28,351.65,6712953
2021-06-16 10:06:30,351.6,6713147
2021-06-16 10:06:31,351.65,6713329
2021-06-16 10:06:31,351.6,6713395
2021-06-16 10:06:33,351.6,6713399
2021-06-16 10:06:34,351.65,6713574
2021-06-16 10:06:35,351.6,6713624
2021-06-16 10:06:36,351.6,6714072
2021-06-16 10:06:37,351.6,6714072
2021-06-16 10:06:38,351.75,6715878
2021-06-16 10:06:39,351.8,6715898
2021-06-16 10:06:39,351.8,6715898
2021-06-16 10:06:40,351.7,6716623
2021-06-16 10:06:42,351.7,6716797
2021-06-16 10:06:44,351.7,6717512
2021-06-16 10:06:44,351.7,6717512
2021-06-16 10:06:46,351.7,6722499
2021-06-16 10:06:46,351.7,6722099
2021-06-16 10:06:47,351.75,6722891
2021-06-16 10:06:48,351.7,6722961
2021-06-16 10:06:49,351.75,6722964
2021-06-16 10:06:50,351.75,6722964
2021-06-16 10:06:52,351.7,6725691
2021-06-16 10:06:52,351.75,6725991
2021-06-16 10:06:53,351.6,6726151
2021-06-16 10:06:55,351.7,6728638
2021-06-16 10:06:56,351.7,6729338
2021-06-16 10:06:56,351.6,6729439
2021-06-16 10:06:58,351.7,6729517
2021-06-16 10:06:58,351.7,6729523
2021-06-16 10:06:59,351.7,6729679
2021-06-16 10:07:00,351.7,6730283
2021-06-16 10:07:01,351.6,6730384
2021-06-16 10:07:02,351.7,6731115
2021-06-16 10:07:04,351.6,6737319
2021-06-16 10:07:06,351.6,6737509
2021-06-16 10:07:06,351.6,6737440
2021-06-16 10:07:07,351.6,6738269
2021-06-16 10:07:08,351.7,6739030
2021-06-16 10:07:09,351.6,6739090
2021-06-16 10:07:10,351.6,6741940
2021-06-16 10:07:11,351.7,6742010
2021-06-16 10:07:12,351.7,6742961
2021-06-16 10:07:14,351.75,6748590
2021-06-16 10:07:14,351.7,6749201
2021-06-16 10:07:15,351.6,6749502
2021-06-16 10:07:16,351.6,6749552
2021-06-16 10:07:18,351.7,6749555
2021-06-16 10:07:19,351.7,6750066
2021-06-16 10:07:20,351.7,6750636
2021-06-16 10:07:21,351.75,6750777
2021-06-16 10:07:22,351.7,6751106
2021-06-16 10:07:23,351.75,6751330
2021-06-16 10:07:24,351.7,6751745
2021-06-16 10:07:25,351.75,6751785
2021-06-16 10:07:26,351.75,6752285
2021-06-16 10:07:27,351.75,6752900
2021-06-16 10:07:28,351.7,6753103
2021-06-16 10:07:29,351.75,6753129
2021-06-16 10:07:29,351.7,6753130
2021-06-16 10:07:30,351.7,6754381
2021-06-16 10:07:31,351.7,6754398
2021-06-16 10:07:32,351.75,6754499
2021-06-16 10:07:33,351.7,6754614
2021-06-16 10:07:34,351.7,6754714
2021-06-16 10:07:35,351.75,6755412
2021-06-16 10:07:37,351.7,6755568
2021-06-16 10:07:38,351.7,6756527
2021-06-16 10:07:39,351.75,6756601
2021-06-16 10:07:40,351.75,6756601
2021-06-16 10:07:41,351.7,6756855
2021-06-16 10:07:41,351.7,6756892
2021-06-16 10:07:43,351.7,6757299
2021-06-16 10:07:43,351.7,6757299
2021-06-16 10:07:44,351.75,6757324
2021-06-16 10:07:46,351.7,6757735
2021-06-16 10:07:46,351.7,6757387
2021-06-16 10:07:47,351.6,6757745
2021-06-16 10:07:49,351.65,6761773
2021-06-16 10:07:50,351.65,6762786
2021-06-16 10:07:51,351.55,6764563
2021-06-16 10:07:52,351.55,6764787
2021-06-16 10:07:53,351.55,6764994
2021-06-16 10:07:54,351.6,6766650
2021-06-16 10:07:55,351.5,6768002
2021-06-16 10:07:56,351.6,6768655
2021-06-16 10:07:57,351.5,6770766
2021-06-16 10:07:58,351.5,6771866
2021-06-16 10:07:59,351.5,6774009
2021-06-16 10:08:00,351.45,6774109
2021-06-16 10:08:01,351.3,6777310
2021-06-16 10:08:02,351.3,6777617
