timestamp,ltp,volume
2021-06-16 09:15:50,1066.05,18448
2021-06-16 09:15:51,1066.0,18451
2021-06-16 09:15:52,1065.85,18523
2021-06-16 09:15:53,1066.7,18545
2021-06-16 09:15:54,1066.7,18545
2021-06-16 09:15:55,1066.65,18620
2021-06-16 09:15:56,1066.65,18620
2021-06-16 09:15:57,1065.8,19220
2021-06-16 09:15:58,1066.55,19404
2021-06-16 09:15:59,1065.75,19636
2021-06-16 09:16:00,1066.5,19953
2021-06-16 09:16:01,1067.05,20031
2021-06-16 09:16:02,1066.5,20083
2021-06-16 09:16:04,1066.45,20109
2021-06-16 09:16:03,1066.45,20109
2021-06-16 09:16:05,1066.9,20141
2021-06-16 09:16:06,1066.9,20141
2021-06-16 09:16:07,1067.45,20310
2021-06-16 09:16:08,1066.95,20316
2021-06-16 09:16:09,1066.95,20439
2021-06-16 09:16:10,1066.95,20439
2021-06-16 09:16:11,1067.25,20521
2021-06-16 09:16:12,1067.25,20521
2021-06-16 09:16:13,1067.8,20535
2021-06-16 09:16:14,1067.8,20535
2021-06-16 09:16:15,1066.95,21642
2021-06-16 09:16:16,1066.95,21642
2021-06-16 09:16:17,1066.85,21755
2021-06-16 09:16:18,1067.25,21812
2021-06-16 09:16:19,1067.25,21869
2021-06-16 09:16:20,1067.25,21922
2021-06-16 09:16:21,1067.6,21940
2021-06-16 09:16:22,1067.75,23075
2021-06-16 09:16:23,1067.75,23075
2021-06-16 09:16:24,1068.15,23235
2021-06-16 09:16:25,1068.15,23235
2021-06-16 09:16:26,1068.15,23235
2021-06-16 09:16:27,1067.55,23545
2021-06-16 09:16:28,1068.25,23762
2021-06-16 09:16:29,1068.45,23867
2021-06-16 09:16:30,1068.45,23919
2021-06-16 09:16:31,1067.8,23940
2021-06-16 09:16:32,1068.0,23981
2021-06-16 09:16:33,1068.0,24198
2021-06-16 09:16:34,1068.0,24198
2021-06-16 09:16:35,1068.0,24313
2021-06-16 09:16:36,1068.0,24313
2021-06-16 09:16:37,1068.15,24650
2021-06-16 09:16:38,1068.2,24686
2021-06-16 09:16:39,1067.55,26738
2021-06-16 09:16:40,1067.75,28240
2021-06-16 09:16:41,1067.75,28240
2021-06-16 09:16:42,1067.75,28240
2021-06-16 09:16:43,1067.75,28240
2021-06-16 09:16:44,1066.5,28820
2021-06-16 09:16:45,1067.4,28821
2021-06-16 09:16:46,1066.7,28982
2021-06-16 09:16:47,1067.3,28984
2021-06-16 09:16:48,1067.3,28984
2021-06-16 09:16:49,1066.55,29149
2021-06-16 09:16:50,1066.55,29149
2021-06-16 09:16:51,1067.75,29349
2021-06-16 09:16:52,1067.45,29408
2021-06-16 09:16:53,1067.45,29408
2021-06-16 09:16:54,1066.5,29542
2021-06-16 09:16:56,1066.5,29542
2021-06-16 09:16:55,1066.5,29542
2021-06-16 09:16:57,1067.3,30078
2021-06-16 09:16:58,1066.55,30211
2021-06-16 09:16:59,1066.55,30211
2021-06-16 09:17:00,1067.3,30671
2021-06-16 09:17:02,1067.45,31274
2021-06-16 09:17:03,1067.45,31274
2021-06-16 09:17:06,1068.5,31279
2021-06-16 09:17:09,1068.4,31496
2021-06-16 09:17:12,1068.2,31583
2021-06-16 09:17:14,1068.5,32128
2021-06-16 09:17:17,1068.5,32197
2021-06-16 09:17:18,1068.65,32397
2021-06-16 09:17:19,1068.65,32397
2021-06-16 09:17:20,1069.45,32724
2021-06-16 09:17:21,1069.4,32747
2021-06-16 09:17:22,1068.9,32748
2021-06-16 09:17:23,1069.4,33033
2021-06-16 09:17:24,1069.8,33196
2021-06-16 09:17:25,1069.8,33243
2021-06-16 09:17:26,1069.8,33264
2021-06-16 09:17:27,1069.8,33264
2021-06-16 09:17:28,1069.65,34239
2021-06-16 09:17:29,1070.55,34423
2021-06-16 09:17:31,1070.65,34567
2021-06-16 09:17:32,1070.65,34567
2021-06-16 09:17:33,1070.65,34567
2021-06-16 09:17:35,1070.65,35066
2021-06-16 09:17:40,1069.95,35413
2021-06-16 09:17:42,1069.6,35706
2021-06-16 09:17:43,1070.2,35904
2021-06-16 09:17:44,1069.65,35914
2021-06-16 09:17:45,1070.1,35924
2021-06-16 09:17:46,1070.0,37340
2021-06-16 09:17:47,1070.8,37828
2021-06-16 09:17:48,1069.75,37897
2021-06-16 09:17:49,1070.0,38133
2021-06-16 09:17:50,1070.3,38724
2021-06-16 09:17:51,1069.7,39112
2021-06-16 09:17:52,1070.0,39157
2021-06-16 09:17:53,1069.4,39371
2021-06-16 09:17:54,1069.2,41741
2021-06-16 09:17:55,1069.05,41856
2021-06-16 09:17:56,1069.05,41857
2021-06-16 09:17:57,1068.55,41948
2021-06-16 09:17:58,1068.55,41948
2021-06-16 09:17:59,1068.55,41948
2021-06-16 09:18:00,1069.05,42133
2021-06-16 09:18:01,1069.95,42487
2021-06-16 09:18:02,1069.35,42597
2021-06-16 09:18:03,1069.35,42598
2021-06-16 09:18:04,1069.35,42598
2021-06-16 09:18:05,1069.35,42598
2021-06-16 09:18:06,1069.3,42600
2021-06-16 09:18:07,1069.35,42649
2021-06-16 09:18:08,1069.8,42817
2021-06-16 09:18:09,1069.75,42818
2021-06-16 09:18:10,1069.75,42818
2021-06-16 09:18:11,1069.75,42818
2021-06-16 09:18:12,1069.75,42868
2021-06-16 09:18:13,1069.75,42876
2021-06-16 09:18:14,1070.05,43693
2021-06-16 09:18:15,1070.05,43693
2021-06-16 09:18:16,1070.55,43784
2021-06-16 09:18:17,1070.55,43784
2021-06-16 09:18:18,1070.55,43784
2021-06-16 09:18:19,1070.55,43784
2021-06-16 09:18:20,1070.0,43843
2021-06-16 09:18:21,1070.55,43853
2021-06-16 09:18:22,1070.55,43853
2021-06-16 09:18:23,1070.0,43949
2021-06-16 09:18:24,1069.75,44101
2021-06-16 09:18:25,1070.35,44216
2021-06-16 09:18:26,1070.35,44220
2021-06-16 09:18:28,1069.8,44225
2021-06-16 09:18:28,1070.35,44229
2021-06-16 09:18:31,1070.45,44459
2021-06-16 09:18:32,1069.85,44477
2021-06-16 09:18:33,1069.85,44477
2021-06-16 09:18:34,1069.85,44477
2021-06-16 09:18:35,1070.05,44574
2021-06-16 09:18:36,1070.05,44583
2021-06-16 09:18:37,1070.05,44583
2021-06-16 09:18:38,1070.05,44584
2021-06-16 09:18:39,1070.05,44634
2021-06-16 09:18:40,1070.05,44735
2021-06-16 09:18:41,1069.8,44842
2021-06-16 09:18:42,1069.8,44868
2021-06-16 09:18:43,1070.25,44972
2021-06-16 09:18:44,1070.5,45186
2021-06-16 09:18:46,1070.0,45187
2021-06-16 09:18:46,1070.0,45187
2021-06-16 09:18:47,1070.4,45201
2021-06-16 09:18:48,1070.4,45218
2021-06-16 09:18:49,1070.4,45218
2021-06-16 09:18:51,1070.65,45820
2021-06-16 09:18:52,1070.65,45820
2021-06-16 09:18:52,1070.65,45820
2021-06-16 09:18:54,1070.45,45834
2021-06-16 09:18:54,1070.45,46916
2021-06-16 09:18:55,1070.3,46960
2021-06-16 09:18:56,1070.9,46989
2021-06-16 09:18:57,1070.9,46989
2021-06-16 09:18:58,1070.4,47436
2021-06-16 09:18:59,1070.4,47534
2021-06-16 09:19:00,1070.35,47542
2021-06-16 09:19:01,1070.45,47843
2021-06-16 09:19:02,1069.8,47893
2021-06-16 09:19:03,1070.05,47904
2021-06-16 09:19:04,1070.05,47904
2021-06-16 09:19:05,1069.5,48432
2021-06-16 09:19:06,1070.05,48675
2021-06-16 09:19:07,1070.05,48675
2021-06-16 09:19:08,1070.05,48675
2021-06-16 09:19:09,1070.0,48735
2021-06-16 09:19:10,1069.3,48990
2021-06-16 09:19:11,1069.2,49510
2021-06-16 09:19:12,1069.0,51262
2021-06-16 09:19:13,1068.3,51504
2021-06-16 09:19:14,1068.0,51648
2021-06-16 09:19:15,1068.4,51802
2021-06-16 09:19:16,1068.0,51823
2021-06-16 09:19:17,1068.0,51823
2021-06-16 09:19:18,1068.0,51823
2021-06-16 09:19:20,1068.4,51923
2021-06-16 09:19:21,1068.0,51924
2021-06-16 09:19:22,1068.5,52024
2021-06-16 09:19:23,1068.5,52323
2021-06-16 09:19:24,1068.1,52373
2021-06-16 09:19:25,1068.75,52376
2021-06-16 09:19:26,1068.9,52396
2021-06-16 09:19:27,1068.9,52664
2021-06-16 09:19:28,1068.8,52666
2021-06-16 09:19:29,1069.2,53116
2021-06-16 09:19:30,1069.2,53116
2021-06-16 09:19:31,1068.5,53126
2021-06-16 09:19:32,1068.5,53134
2021-06-16 09:19:35,1069.1,53142
2021-06-16 09:19:36,1069.15,53292
2021-06-16 09:19:37,1068.55,53317
2021-06-16 09:19:38,1068.55,53319
2021-06-16 09:19:39,1069.15,53324
2021-06-16 09:19:40,1069.25,53424
2021-06-16 09:19:41,1069.25,53424
2021-06-16 09:19:42,1068.55,53481
2021-06-16 09:19:43,1068.55,53481
2021-06-16 09:19:44,1068.55,53481
2021-06-16 09:19:45,1068.55,53481
2021-06-16 09:19:46,1068.55,53481
2021-06-16 09:19:47,1068.55,53531
2021-06-16 09:19:48,1068.55,53531
2021-06-16 09:19:49,1068.55,53531
2021-06-16 09:19:50,1069.0,53719
2021-06-16 09:19:51,1069.0,53719
2021-06-16 09:19:53,1068.5,53765
2021-06-16 09:19:56,1068.85,53914
2021-06-16 09:19:57,1068.85,53914
2021-06-16 09:19:59,1068.85,53914
2021-06-16 09:20:00,1068.85,53914
2021-06-16 09:20:01,1068.85,53914
2021-06-16 09:20:03,1068.85,53914
2021-06-16 09:20:04,1068.85,54114
2021-06-16 09:20:05,1067.35,55392
2021-06-16 09:20:06,1067.35,55425
2021-06-16 09:20:07,1067.35,55425
2021-06-16 09:20:08,1067.35,55460
2021-06-16 09:20:09,1068.05,55510
2021-06-16 09:20:10,1068.2,55653
2021-06-16 09:20:11,1068.2,55653
2021-06-16 09:20:12,1068.05,55654
2021-06-16 09:20:13,1068.35,55659
2021-06-16 09:20:14,1068.2,55975
2021-06-16 09:20:15,1068.25,55976
2021-06-16 09:20:16,1068.25,55976
2021-06-16 09:20:18,1068.25,55976
2021-06-16 09:20:18,1068.0,55996
2021-06-16 09:20:19,1068.0,55996
2021-06-16 09:20:20,1068.0,55996
2021-06-16 09:20:21,1068.25,56016
2021-06-16 09:20:22,1068.25,56016
2021-06-16 09:20:23,1068.0,56136
2021-06-16 09:20:25,1068.4,56171
2021-06-16 09:20:27,1068.0,56188
2021-06-16 09:20:28,1068.0,56188
2021-06-16 09:20:29,1068.0,56188
2021-06-16 09:20:31,1068.0,56331
2021-06-16 09:20:33,1068.0,56331
2021-06-16 09:20:34,1068.25,56341
2021-06-16 09:20:34,1068.35,56364
2021-06-16 09:20:35,1068.35,56374
2021-06-16 09:20:36,1067.5,56678
2021-06-16 09:20:37,1067.0,57278
2021-06-16 09:20:38,1067.45,57389
2021-06-16 09:20:40,1067.45,57389
2021-06-16 09:20:41,1067.05,57672
2021-06-16 09:20:42,1067.05,57672
2021-06-16 09:20:43,1067.35,57673
2021-06-16 09:20:44,1067.35,57673
2021-06-16 09:20:44,1067.35,57673
2021-06-16 09:20:45,1067.0,57705
2021-06-16 09:20:46,1066.55,58294
2021-06-16 09:20:47,1066.55,58295
2021-06-16 09:20:48,1066.05,58413
2021-06-16 09:20:49,1066.85,58513
2021-06-16 09:20:50,1066.05,59013
2021-06-16 09:20:52,1066.5,59058
2021-06-16 09:20:52,1066.6,59162
2021-06-16 09:20:53,1066.6,59162
2021-06-16 09:20:54,1066.0,59184
2021-06-16 09:20:55,1066.5,59218
2021-06-16 09:20:56,1066.65,59428
2021-06-16 09:20:57,1066.6,59478
2021-06-16 09:20:58,1066.6,59488
2021-06-16 09:20:59,1066.6,59488
2021-06-16 09:21:00,1066.05,59511
2021-06-16 09:21:01,1066.8,59616
2021-06-16 09:21:04,1066.0,60116
2021-06-16 09:21:04,1066.0,60116
2021-06-16 09:21:05,1066.05,60152
2021-06-16 09:21:06,1066.05,60287
2021-06-16 09:21:07,1066.55,60322
2021-06-16 09:21:08,1066.6,60357
2021-06-16 09:21:09,1066.5,60498
2021-06-16 09:21:10,1066.0,60605
2021-06-16 09:21:11,1065.85,60981
2021-06-16 09:21:12,1065.85,60981
2021-06-16 09:21:13,1065.85,60981
2021-06-16 09:21:14,1066.3,61081
2021-06-16 09:21:15,1065.85,61141
2021-06-16 09:21:16,1066.2,61155
2021-06-16 09:21:17,1066.2,61155
2021-06-16 09:21:18,1066.2,61155
2021-06-16 09:21:19,1066.2,61155
2021-06-16 09:21:20,1066.0,61171
2021-06-16 09:21:21,1066.0,61171
2021-06-16 09:21:22,1066.0,61171
2021-06-16 09:21:23,1066.0,61171
2021-06-16 09:21:24,1066.0,61176
2021-06-16 09:21:25,1065.85,61226
2021-06-16 09:21:26,1065.85,61226
2021-06-16 09:21:27,1065.85,61226
2021-06-16 09:21:28,1066.0,61228
2021-06-16 09:21:29,1066.0,61228
2021-06-16 09:21:30,1066.0,61228
2021-06-16 09:21:31,1065.75,62247
2021-06-16 09:21:32,1065.75,62247
2021-06-16 09:21:33,1065.75,62247
2021-06-16 09:21:34,1066.25,62528
2021-06-16 09:21:35,1066.25,62528
2021-06-16 09:21:36,1066.0,62543
2021-06-16 09:21:37,1065.95,62613
2021-06-16 09:21:38,1065.95,62613
2021-06-16 09:21:40,1066.0,62733
2021-06-16 09:21:40,1066.0,62733
2021-06-16 09:21:42,1066.0,62733
2021-06-16 09:21:42,1066.0,62733
2021-06-16 09:21:43,1066.0,62733
2021-06-16 09:21:44,1066.0,62826
2021-06-16 09:21:45,1066.0,62826
2021-06-16 09:21:46,1066.25,62852
2021-06-16 09:21:47,1066.25,62858
2021-06-16 09:21:48,1066.25,62858
2021-06-16 09:21:49,1066.0,62890
2021-06-16 09:21:50,1065.75,63099
2021-06-16 09:21:51,1065.75,63199
2021-06-16 09:21:52,1065.75,63199
2021-06-16 09:21:54,1065.75,63199
2021-06-16 09:21:55,1065.75,63199
2021-06-16 09:21:56,1066.25,63354
2021-06-16 09:21:57,1066.1,63627
2021-06-16 09:21:57,1066.1,63627
2021-06-16 09:21:58,1065.55,63632
2021-06-16 09:21:59,1065.55,63632
2021-06-16 09:22:00,1065.55,63632
2021-06-16 09:22:01,1065.55,63632
2021-06-16 09:22:02,1066.0,63638
2021-06-16 09:22:03,1066.1,63652
2021-06-16 09:22:04,1066.1,63652
2021-06-16 09:22:05,1066.0,63664
2021-06-16 09:22:06,1065.5,64227
2021-06-16 09:22:07,1065.3,64627
2021-06-16 09:22:08,1066.0,64644
2021-06-16 09:22:10,1066.0,64644
2021-06-16 09:22:11,1066.0,64644
2021-06-16 09:22:12,1066.0,64719
2021-06-16 09:22:13,1066.0,64719
2021-06-16 09:22:13,1066.0,64719
2021-06-16 09:22:15,1066.15,64729
2021-06-16 09:22:15,1066.15,64729
2021-06-16 09:22:16,1066.55,64828
2021-06-16 09:22:17,1066.5,64829
2021-06-16 09:22:18,1066.5,64829
2021-06-16 09:22:19,1066.5,64829
2021-06-16 09:22:20,1066.5,64842
2021-06-16 09:22:21,1066.5,64842
2021-06-16 09:22:23,1066.5,65042
2021-06-16 09:22:24,1066.5,65042
2021-06-16 09:22:25,1066.4,65092
2021-06-16 09:22:26,1066.15,65097
2021-06-16 09:22:27,1065.8,65197
2021-06-16 09:22:28,1065.8,65197
2021-06-16 09:22:30,1065.8,65197
2021-06-16 09:22:31,1065.8,65197
2021-06-16 09:22:32,1065.8,65197
2021-06-16 09:22:33,1065.85,65402
2021-06-16 09:22:33,1065.8,65404
2021-06-16 09:22:35,1066.3,65414
2021-06-16 09:22:36,1066.3,65414
2021-06-16 09:22:37,1066.3,65414
2021-06-16 09:22:38,1066.3,65414
2021-06-16 09:22:39,1066.3,65414
2021-06-16 09:22:40,1066.3,65414
2021-06-16 09:22:41,1066.3,65414
2021-06-16 09:22:42,1066.4,65416
2021-06-16 09:22:43,1066.3,65436
2021-06-16 09:22:44,1066.3,65436
2021-06-16 09:22:45,1066.3,65436
2021-06-16 09:22:46,1066.75,66115
2021-06-16 09:22:47,1066.9,66193
2021-06-16 09:22:47,1066.9,66193
2021-06-16 09:22:49,1066.9,66193
2021-06-16 09:22:50,1067.45,66393
2021-06-16 09:22:51,1067.45,66393
2021-06-16 09:22:52,1067.45,66393
2021-06-16 09:22:53,1067.25,67627
2021-06-16 09:22:53,1067.25,67627
2021-06-16 09:22:54,1067.1,67636
2021-06-16 09:22:55,1067.05,67659
2021-06-16 09:22:57,1067.35,67850
2021-06-16 09:22:57,1067.35,67850
2021-06-16 09:22:58,1067.7,67855
2021-06-16 09:22:59,1067.7,67857
2021-06-16 09:23:00,1067.75,68057
2021-06-16 09:23:01,1067.3,68060
2021-06-16 09:23:02,1067.3,68060
2021-06-16 09:23:03,1067.2,68117
2021-06-16 09:23:04,1067.2,68117
2021-06-16 09:23:05,1067.5,68129
2021-06-16 09:23:06,1067.5,68129
2021-06-16 09:23:07,1067.45,68130
2021-06-16 09:23:08,1067.4,68140
2021-06-16 09:23:09,1067.2,68165
2021-06-16 09:23:10,1067.2,68165
2021-06-16 09:23:11,1067.2,68165
2021-06-16 09:23:12,1067.4,68166
2021-06-16 09:23:13,1067.4,68166
2021-06-16 09:23:14,1066.65,68386
2021-06-16 09:23:17,1065.75,68653
2021-06-16 09:23:17,1065.75,68653
2021-06-16 09:23:18,1065.2,68753
2021-06-16 09:23:19,1065.9,68754
2021-06-16 09:23:21,1065.9,68759
2021-06-16 09:23:21,1065.9,68759
2021-06-16 09:23:24,1066.3,68769
2021-06-16 09:23:25,1066.3,68772
2021-06-16 09:23:26,1066.3,68772
2021-06-16 09:23:27,1066.3,68773
2021-06-16 09:23:27,1066.3,68773
2021-06-16 09:23:28,1066.3,68773
2021-06-16 09:23:29,1066.3,68820
2021-06-16 09:23:30,1066.45,68840
2021-06-16 09:23:32,1066.05,68890
2021-06-16 09:23:33,1066.8,69074
2021-06-16 09:23:34,1066.8,69074
2021-06-16 09:23:35,1066.25,69085
2021-06-16 09:23:35,1066.7,69313
2021-06-16 09:23:36,1066.7,69313
2021-06-16 09:23:37,1066.75,69418
2021-06-16 09:23:39,1066.15,69475
2021-06-16 09:23:40,1066.15,69475
2021-06-16 09:23:41,1066.1,69495
2021-06-16 09:23:42,1066.0,69695
2021-06-16 09:23:44,1066.4,69711
2021-06-16 09:23:45,1066.4,69711
2021-06-16 09:23:47,1066.25,69911
2021-06-16 09:23:48,1066.25,69911
2021-06-16 09:23:51,1066.0,69912
2021-06-16 09:23:51,1066.0,69912
2021-06-16 09:23:52,1066.0,69912
2021-06-16 09:23:53,1066.0,69912
2021-06-16 09:23:54,1066.0,69912
2021-06-16 09:23:56,1066.5,69987
2021-06-16 09:23:57,1066.5,69987
2021-06-16 09:23:57,1066.5,69987
2021-06-16 09:23:58,1066.1,69992
2021-06-16 09:23:59,1066.1,69992
2021-06-16 09:24:00,1066.1,69992
2021-06-16 09:24:01,1066.1,69992
2021-06-16 09:24:03,1066.1,70012
2021-06-16 09:24:03,1066.45,70032
2021-06-16 09:24:05,1066.45,70044
2021-06-16 09:24:06,1066.45,70044
2021-06-16 09:24:07,1066.1,70047
2021-06-16 09:24:07,1066.1,70047
2021-06-16 09:24:09,1066.1,70047
2021-06-16 09:24:10,1066.1,70047
2021-06-16 09:24:11,1066.1,70047
2021-06-16 09:24:12,1066.1,70047
2021-06-16 09:24:13,1066.1,70047
2021-06-16 09:24:14,1066.45,70048
2021-06-16 09:24:14,1066.05,70059
2021-06-16 09:24:15,1066.45,70073
2021-06-16 09:24:17,1066.45,70073
2021-06-16 09:24:19,1066.5,70083
2021-06-16 09:24:21,1066.5,70106
2021-06-16 09:24:22,1066.5,70106
2021-06-16 09:24:23,1066.5,70140
2021-06-16 09:24:24,1066.5,70140
2021-06-16 09:24:26,1066.5,70140
2021-06-16 09:24:26,1066.5,70140
2021-06-16 09:24:27,1067.1,70145
2021-06-16 09:24:28,1067.1,70145
2021-06-16 09:24:29,1067.1,70145
2021-06-16 09:24:30,1067.2,70250
2021-06-16 09:24:31,1067.2,70250
2021-06-16 09:24:32,1067.2,70250
2021-06-16 09:24:34,1067.1,70271
2021-06-16 09:24:35,1067.4,70286
2021-06-16 09:24:36,1067.4,70286
2021-06-16 09:24:37,1067.0,70287
2021-06-16 09:24:38,1067.0,70287
2021-06-16 09:24:39,1067.15,70299
2021-06-16 09:24:40,1067.15,70299
2021-06-16 09:24:41,1067.15,70299
2021-06-16 09:24:42,1067.7,70303
2021-06-16 09:24:43,1067.7,70303
2021-06-16 09:24:44,1068.0,70419
2021-06-16 09:24:44,1067.4,70430
2021-06-16 09:24:45,1067.4,70430
2021-06-16 09:24:47,1067.4,70474
2021-06-16 09:24:48,1067.35,70563
2021-06-16 09:24:49,1067.35,70563
2021-06-16 09:24:50,1067.35,70563
2021-06-16 09:24:52,1067.85,70575
2021-06-16 09:24:53,1067.85,70575
2021-06-16 09:24:54,1067.85,70575
2021-06-16 09:24:55,1067.85,70617
2021-06-16 09:24:56,1067.85,70617
2021-06-16 09:24:58,1067.5,70680
2021-06-16 09:24:59,1067.4,70695
2021-06-16 09:25:00,1067.5,70700
2021-06-16 09:25:01,1067.7,70715
2021-06-16 09:25:02,1067.85,70725
2021-06-16 09:25:03,1067.25,70825
2021-06-16 09:25:05,1067.25,70825
2021-06-16 09:25:06,1067.85,70837
2021-06-16 09:25:07,1067.85,70837
2021-06-16 09:25:08,1067.85,70837
2021-06-16 09:25:09,1067.85,70837
2021-06-16 09:25:09,1067.85,70839
2021-06-16 09:25:11,1067.85,70839
2021-06-16 09:25:12,1067.85,70839
2021-06-16 09:25:13,1067.75,70889
2021-06-16 09:25:14,1067.75,70889
2021-06-16 09:25:15,1067.85,70989
2021-06-16 09:25:17,1067.6,71002
2021-06-16 09:25:18,1067.6,71002
2021-06-16 09:25:19,1067.6,71002
2021-06-16 09:25:20,1067.6,71002
2021-06-16 09:25:21,1067.9,71016
2021-06-16 09:25:22,1067.95,71031
2021-06-16 09:25:23,1068.0,71044
2021-06-16 09:25:24,1067.65,71074
2021-06-16 09:25:25,1067.65,71095
2021-06-16 09:25:26,1067.5,71105
2021-06-16 09:25:27,1068.1,71237
2021-06-16 09:25:29,1068.1,71237
2021-06-16 09:25:30,1067.8,72004
2021-06-16 09:25:31,1067.8,72004
2021-06-16 09:25:32,1067.7,72087
2021-06-16 09:25:33,1067.85,72102
2021-06-16 09:25:34,1067.85,72170
2021-06-16 09:25:35,1067.85,72170
2021-06-16 09:25:36,1067.85,72170
2021-06-16 09:25:37,1067.85,72170
2021-06-16 09:25:38,1067.85,72170
2021-06-16 09:25:39,1067.85,72170
2021-06-16 09:25:40,1067.85,72170
2021-06-16 09:25:41,1067.5,72270
2021-06-16 09:25:42,1067.5,72270
2021-06-16 09:25:43,1067.5,72270
2021-06-16 09:25:44,1068.0,73967
2021-06-16 09:25:45,1067.95,74012
2021-06-16 09:25:46,1067.95,74012
2021-06-16 09:25:47,1067.95,74012
2021-06-16 09:25:48,1067.9,74040
2021-06-16 09:25:48,1067.5,74045
2021-06-16 09:25:49,1067.5,74045
2021-06-16 09:25:51,1067.85,74057
2021-06-16 09:25:52,1067.9,74067
2021-06-16 09:25:53,1067.9,74067
2021-06-16 09:25:56,1067.65,74292
2021-06-16 09:25:57,1067.65,74292
2021-06-16 09:25:58,1067.65,74292
2021-06-16 09:25:59,1067.65,74292
2021-06-16 09:26:00,1067.65,74292
2021-06-16 09:26:01,1067.35,74360
2021-06-16 09:26:02,1067.35,74360
2021-06-16 09:26:04,1067.35,74360
2021-06-16 09:26:04,1067.85,74361
2021-06-16 09:26:06,1067.9,74473
2021-06-16 09:26:07,1067.9,74473
2021-06-16 09:26:08,1067.9,74473
2021-06-16 09:26:09,1067.9,74473
2021-06-16 09:26:10,1067.9,74473
2021-06-16 09:26:11,1067.9,74473
2021-06-16 09:26:12,1067.7,74483
2021-06-16 09:26:13,1067.7,74483
2021-06-16 09:26:14,1067.7,74483
2021-06-16 09:26:15,1067.7,74483
2021-06-16 09:26:16,1067.7,74483
2021-06-16 09:26:18,1067.7,74483
2021-06-16 09:26:17,1067.7,74483
2021-06-16 09:26:19,1067.7,74483
2021-06-16 09:26:20,1067.9,74506
2021-06-16 09:26:21,1067.25,75106
2021-06-16 09:26:22,1067.6,75201
2021-06-16 09:26:23,1067.7,75262
2021-06-16 09:26:24,1067.7,75262
2021-06-16 09:26:25,1067.7,75282
2021-06-16 09:26:26,1067.55,75734
2021-06-16 09:26:27,1067.55,75734
2021-06-16 09:26:28,1067.55,76735
2021-06-16 09:26:29,1067.55,76795
2021-06-16 09:26:29,1067.55,76799
2021-06-16 09:26:30,1066.55,77413
2021-06-16 09:26:32,1067.2,77463
2021-06-16 09:26:33,1067.65,78488
2021-06-16 09:26:34,1067.65,78488
2021-06-16 09:26:35,1067.0,78517
2021-06-16 09:26:36,1067.0,78517
2021-06-16 09:26:37,1067.0,78517
2021-06-16 09:26:38,1067.0,78517
2021-06-16 09:26:39,1067.0,78517
2021-06-16 09:26:41,1067.0,78517
2021-06-16 09:26:43,1067.65,79167
2021-06-16 09:26:44,1067.7,79178
2021-06-16 09:26:45,1067.7,79178
2021-06-16 09:26:46,1067.55,79228
2021-06-16 09:26:47,1067.55,79228
2021-06-16 09:26:48,1067.55,79228
2021-06-16 09:26:49,1067.55,79453
2021-06-16 09:26:50,1067.7,79466
2021-06-16 09:26:51,1067.7,79471
2021-06-16 09:26:52,1067.7,79521
2021-06-16 09:26:53,1067.55,79522
2021-06-16 09:26:54,1067.6,79523
2021-06-16 09:26:55,1067.6,79523
2021-06-16 09:26:56,1067.4,79533
2021-06-16 09:26:57,1066.7,79853
2021-06-16 09:26:58,1067.35,79908
2021-06-16 09:27:00,1067.55,80169
2021-06-16 09:27:01,1066.55,80819
2021-06-16 09:27:02,1066.55,80819
2021-06-16 09:27:03,1067.55,81069
2021-06-16 09:27:04,1067.55,81069
2021-06-16 09:27:06,1066.9,81070
2021-06-16 09:27:07,1067.5,81095
2021-06-16 09:27:08,1066.9,81096
2021-06-16 09:27:09,1066.9,82027
2021-06-16 09:27:10,1066.9,82027
2021-06-16 09:27:11,1066.85,82044
2021-06-16 09:27:12,1066.3,83520
2021-06-16 09:27:13,1066.3,83520
2021-06-16 09:27:14,1066.3,83544
2021-06-16 09:27:15,1066.3,83544
2021-06-16 09:27:16,1066.3,83544
2021-06-16 09:27:17,1066.3,83544
2021-06-16 09:27:18,1066.3,83544
2021-06-16 09:27:19,1066.3,83544
2021-06-16 09:27:20,1066.4,83556
2021-06-16 09:27:21,1066.45,83596
2021-06-16 09:27:22,1066.45,83596
2021-06-16 09:27:23,1066.45,83596
2021-06-16 09:27:24,1066.45,83596
2021-06-16 09:27:25,1066.45,83696
2021-06-16 09:27:26,1066.45,83698
2021-06-16 09:27:27,1065.8,83935
2021-06-16 09:27:28,1066.05,83990
2021-06-16 09:27:29,1066.05,83990
2021-06-16 09:27:31,1066.05,83991
2021-06-16 09:27:32,1066.3,84005
2021-06-16 09:27:33,1066.3,84005
2021-06-16 09:27:34,1066.6,85005
2021-06-16 09:27:35,1066.65,85017
2021-06-16 09:27:36,1066.65,85017
2021-06-16 09:27:37,1066.65,85017
2021-06-16 09:27:38,1066.65,85035
2021-06-16 09:27:39,1066.05,85045
2021-06-16 09:27:40,1066.65,85090
2021-06-16 09:27:41,1066.65,85092
2021-06-16 09:27:42,1066.65,85092
2021-06-16 09:27:43,1066.65,85092
2021-06-16 09:27:44,1066.65,85092
2021-06-16 09:27:45,1066.05,85093
2021-06-16 09:27:47,1066.4,85135
2021-06-16 09:27:46,1066.4,85135
2021-06-16 09:27:49,1066.4,85235
2021-06-16 09:27:50,1065.75,85346
2021-06-16 09:27:51,1065.75,85346
2021-06-16 09:27:52,1066.25,85351
2021-06-16 09:27:53,1066.25,85351
2021-06-16 09:27:54,1066.25,85351
2021-06-16 09:27:55,1066.25,85361
2021-06-16 09:27:56,1066.0,85362
2021-06-16 09:27:57,1066.0,85364
2021-06-16 09:27:58,1066.0,85364
2021-06-16 09:27:59,1066.0,85364
2021-06-16 09:28:00,1065.7,86943
2021-06-16 09:28:01,1065.7,86943
2021-06-16 09:28:02,1065.85,87175
2021-06-16 09:28:03,1065.1,87275
2021-06-16 09:28:04,1065.0,88377
2021-06-16 09:28:05,1065.0,88377
2021-06-16 09:28:06,1065.0,88377
2021-06-16 09:28:07,1065.7,88418
2021-06-16 09:28:08,1065.7,88418
2021-06-16 09:28:09,1065.7,88468
2021-06-16 09:28:10,1065.25,88641
2021-06-16 09:28:11,1065.25,88666
2021-06-16 09:28:12,1065.95,89171
2021-06-16 09:28:13,1065.9,89183
2021-06-16 09:28:14,1065.9,89189
2021-06-16 09:28:16,1066.0,89284
2021-06-16 09:28:17,1065.65,89384
2021-06-16 09:28:18,1065.95,89385
2021-06-16 09:28:21,1066.05,89468
2021-06-16 09:28:22,1065.0,90368
2021-06-16 09:28:23,1065.65,90382
2021-06-16 09:28:24,1065.75,90432
2021-06-16 09:28:25,1065.8,90532
2021-06-16 09:28:26,1065.8,90532
2021-06-16 09:28:27,1065.4,90535
2021-06-16 09:28:28,1065.4,90535
2021-06-16 09:28:29,1065.7,90551
2021-06-16 09:28:31,1065.7,90551
2021-06-16 09:28:32,1065.7,90551
2021-06-16 09:28:33,1065.85,90706
2021-06-16 09:28:34,1065.8,90707
2021-06-16 09:28:35,1065.95,90708
2021-06-16 09:28:36,1065.8,90723
2021-06-16 09:28:37,1065.8,90723
2021-06-16 09:28:38,1065.8,90723
2021-06-16 09:28:39,1065.8,90725
2021-06-16 09:28:40,1065.8,90725
2021-06-16 09:28:41,1065.8,90725
2021-06-16 09:28:43,1065.8,90842
2021-06-16 09:28:45,1065.75,91462
2021-06-16 09:28:44,1065.8,90842
2021-06-16 09:28:46,1065.75,91462
2021-06-16 09:28:47,1065.75,91462
2021-06-16 09:28:48,1065.75,91462
2021-06-16 09:28:49,1065.75,91577
2021-06-16 09:28:50,1065.75,91577
2021-06-16 09:28:51,1065.75,91607
2021-06-16 09:28:52,1065.55,91615
2021-06-16 09:28:54,1065.55,91615
2021-06-16 09:28:54,1065.55,91615
2021-06-16 09:28:55,1065.75,91618
2021-06-16 09:28:56,1065.35,91668
2021-06-16 09:28:57,1065.35,91668
2021-06-16 09:28:59,1065.75,91669
2021-06-16 09:28:59,1065.75,91670
2021-06-16 09:29:00,1065.75,91670
2021-06-16 09:29:01,1065.75,91720
2021-06-16 09:29:02,1065.75,91725
2021-06-16 09:29:03,1065.95,91917
2021-06-16 09:29:04,1065.75,91927
2021-06-16 09:29:05,1065.75,91928
2021-06-16 09:29:07,1065.5,92028
2021-06-16 09:29:07,1065.5,92028
2021-06-16 09:29:08,1065.5,92028
2021-06-16 09:29:09,1065.5,92028
2021-06-16 09:29:10,1065.5,92028
2021-06-16 09:29:11,1065.5,92028
2021-06-16 09:29:12,1065.55,92029
2021-06-16 09:29:13,1066.0,92052
2021-06-16 09:29:14,1066.0,92097
2021-06-16 09:29:15,1066.0,92097
2021-06-16 09:29:16,1066.0,92102
2021-06-16 09:29:17,1065.65,92105
2021-06-16 09:29:18,1065.65,92106
2021-06-16 09:29:19,1065.65,92106
2021-06-16 09:29:20,1066.05,92119
2021-06-16 09:29:21,1066.05,92119
2021-06-16 09:29:22,1066.0,92142
2021-06-16 09:29:23,1066.0,92142
2021-06-16 09:29:24,1066.0,92143
2021-06-16 09:29:26,1066.0,92143
2021-06-16 09:29:27,1066.0,92143
2021-06-16 09:29:29,1066.0,92143
2021-06-16 09:29:30,1066.0,92143
2021-06-16 09:29:31,1066.0,92243
2021-06-16 09:29:33,1066.0,92243
2021-06-16 09:29:34,1066.0,92243
2021-06-16 09:29:35,1066.0,92243
2021-06-16 09:29:36,1066.0,92255
2021-06-16 09:29:37,1066.0,92255
2021-06-16 09:29:39,1066.0,92263
2021-06-16 09:29:40,1066.0,92263
2021-06-16 09:29:41,1066.0,92263
2021-06-16 09:29:42,1066.0,92272
2021-06-16 09:29:43,1066.0,92272
2021-06-16 09:29:44,1066.0,92531
2021-06-16 09:29:46,1066.0,92531
2021-06-16 09:29:47,1066.0,92531
2021-06-16 09:29:48,1065.65,92544
2021-06-16 09:29:49,1065.65,92663
2021-06-16 09:29:51,1065.65,92663
2021-06-16 09:29:52,1065.65,92663
2021-06-16 09:29:53,1065.65,92663
2021-06-16 09:29:53,1065.65,92664
2021-06-16 09:29:54,1065.65,92664
2021-06-16 09:29:55,1066.0,92666
2021-06-16 09:29:57,1065.65,93108
2021-06-16 09:29:58,1065.65,93108
2021-06-16 09:29:58,1065.65,93109
2021-06-16 09:30:00,1065.65,93109
2021-06-16 09:30:00,1066.0,93159
2021-06-16 09:30:02,1065.5,93189
2021-06-16 09:30:02,1065.5,93189
2021-06-16 09:30:03,1065.5,93189
2021-06-16 09:30:04,1065.95,93204
2021-06-16 09:30:05,1065.95,93204
2021-06-16 09:30:06,1065.95,93204
2021-06-16 09:30:08,1065.95,93207
2021-06-16 09:30:10,1066.0,93710
2021-06-16 09:30:11,1066.1,93715
2021-06-16 09:30:13,1065.95,93723
2021-06-16 09:30:14,1066.1,93724
2021-06-16 09:30:15,1066.15,93754
2021-06-16 09:30:16,1066.25,93758
2021-06-16 09:30:17,1066.25,93758
2021-06-16 09:30:18,1066.25,93758
2021-06-16 09:30:19,1066.25,93758
2021-06-16 09:30:20,1066.25,93758
2021-06-16 09:30:21,1066.25,93758
2021-06-16 09:30:22,1066.15,93803
2021-06-16 09:30:23,1066.15,93803
2021-06-16 09:30:24,1066.15,93803
2021-06-16 09:30:25,1066.2,93837
2021-06-16 09:30:26,1066.25,93888
2021-06-16 09:30:27,1066.25,93888
2021-06-16 09:30:29,1066.25,93913
2021-06-16 09:30:29,1066.25,93913
2021-06-16 09:30:32,1066.25,93923
2021-06-16 09:30:33,1066.1,94073
2021-06-16 09:30:34,1066.1,94073
2021-06-16 09:30:36,1066.1,94073
2021-06-16 09:30:37,1066.2,94093
2021-06-16 09:30:39,1066.2,94095
2021-06-16 09:30:40,1066.2,94095
2021-06-16 09:30:41,1066.25,94287
2021-06-16 09:30:41,1066.0,94342
2021-06-16 09:30:42,1066.0,94342
2021-06-16 09:30:43,1066.0,94342
2021-06-16 09:30:45,1065.95,94368
2021-06-16 09:30:46,1066.0,94393
2021-06-16 09:30:47,1066.0,94393
2021-06-16 09:30:48,1066.0,94393
2021-06-16 09:30:49,1066.0,94394
2021-06-16 09:30:50,1066.0,94394
2021-06-16 09:30:51,1065.8,94404
2021-06-16 09:30:52,1065.8,94404
2021-06-16 09:30:53,1066.0,94408
2021-06-16 09:30:54,1066.0,94408
2021-06-16 09:30:55,1066.0,94443
2021-06-16 09:30:56,1066.0,94463
2021-06-16 09:30:57,1065.8,94600
2021-06-16 09:30:59,1065.8,94600
2021-06-16 09:30:59,1065.8,94600
2021-06-16 09:31:00,1065.8,94600
2021-06-16 09:31:02,1065.8,94600
2021-06-16 09:31:03,1065.8,94600
2021-06-16 09:31:03,1065.8,94600
2021-06-16 09:31:05,1065.8,94600
2021-06-16 09:31:06,1065.8,94600
2021-06-16 09:31:06,1065.8,94605
2021-06-16 09:31:08,1065.8,94605
2021-06-16 09:31:09,1066.0,94615
2021-06-16 09:31:09,1066.0,94615
2021-06-16 09:31:11,1065.65,95824
2021-06-16 09:31:12,1065.65,95824
2021-06-16 09:31:13,1065.65,95824
2021-06-16 09:31:14,1065.65,95824
2021-06-16 09:31:15,1065.65,95834
2021-06-16 09:31:15,1065.65,95834
2021-06-16 09:31:17,1065.65,95837
2021-06-16 09:31:18,1065.25,95926
2021-06-16 09:31:19,1065.25,95926
2021-06-16 09:31:20,1065.25,95926
2021-06-16 09:31:21,1065.6,95928
2021-06-16 09:31:22,1065.05,96226
2021-06-16 09:31:23,1064.8,98194
2021-06-16 09:31:24,1064.1,98352
2021-06-16 09:31:25,1064.05,98372
2021-06-16 09:31:26,1064.2,98520
2021-06-16 09:31:26,1064.2,98520
2021-06-16 09:31:28,1064.0,98845
2021-06-16 09:31:29,1064.0,98845
2021-06-16 09:31:29,1064.0,98845
2021-06-16 09:31:30,1064.0,98845
2021-06-16 09:31:31,1064.0,98961
2021-06-16 09:31:32,1064.4,99301
2021-06-16 09:31:33,1064.0,99326
2021-06-16 09:31:34,1064.0,99326
2021-06-16 09:31:36,1064.0,99496
2021-06-16 09:31:38,1064.0,99497
2021-06-16 09:31:39,1064.5,99505
2021-06-16 09:31:40,1064.5,99505
2021-06-16 09:31:40,1064.5,99505
2021-06-16 09:31:41,1064.5,99505
2021-06-16 09:31:44,1064.4,99597
2021-06-16 09:31:45,1064.4,99597
2021-06-16 09:31:46,1064.15,99692
2021-06-16 09:31:47,1064.15,99692
2021-06-16 09:31:48,1065.45,101273
2021-06-16 09:31:49,1065.2,101274
2021-06-16 09:31:50,1065.2,101375
2021-06-16 09:31:51,1065.2,101395
2021-06-16 09:31:52,1065.2,101395
2021-06-16 09:31:53,1065.2,101395
2021-06-16 09:31:54,1065.2,101395
2021-06-16 09:31:55,1065.2,101415
2021-06-16 09:31:55,1065.2,101415
2021-06-16 09:31:56,1065.2,101415
2021-06-16 09:31:57,1065.6,101465
2021-06-16 09:31:58,1065.6,101470
2021-06-16 09:31:59,1065.6,101470
2021-06-16 09:32:00,1065.6,101470
2021-06-16 09:32:01,1065.6,101470
2021-06-16 09:32:02,1065.6,101470
2021-06-16 09:32:03,1065.8,101471
2021-06-16 09:32:04,1065.8,101473
2021-06-16 09:32:05,1065.8,101473
2021-06-16 09:32:06,1065.6,101588
2021-06-16 09:32:07,1065.9,101618
2021-06-16 09:32:08,1065.9,101618
2021-06-16 09:32:09,1065.9,101618
2021-06-16 09:32:10,1065.8,101728
2021-06-16 09:32:11,1065.8,101729
2021-06-16 09:32:12,1065.8,101732
2021-06-16 09:32:13,1065.6,101737
2021-06-16 09:32:14,1065.6,101737
2021-06-16 09:32:15,1065.6,101737
2021-06-16 09:32:18,1065.6,101737
2021-06-16 09:32:19,1065.6,101737
2021-06-16 09:32:21,1065.6,101737
2021-06-16 09:32:22,1065.95,101757
2021-06-16 09:32:24,1065.95,101830
2021-06-16 09:32:25,1065.95,101830
2021-06-16 09:32:26,1065.95,102099
2021-06-16 09:32:27,1065.6,102171
2021-06-16 09:32:28,1065.6,102171
2021-06-16 09:32:30,1065.6,102171
2021-06-16 09:32:30,1065.6,102171
2021-06-16 09:32:31,1065.6,102171
2021-06-16 09:32:32,1066.0,102188
2021-06-16 09:32:33,1066.0,102188
2021-06-16 09:32:35,1066.0,102207
2021-06-16 09:32:36,1066.0,102207
2021-06-16 09:32:38,1066.0,102207
2021-06-16 09:32:39,1066.2,102227
2021-06-16 09:32:40,1066.0,102238
2021-06-16 09:32:41,1066.0,102296
2021-06-16 09:32:42,1065.9,102330
2021-06-16 09:32:42,1065.9,102396
2021-06-16 09:32:44,1066.0,102406
2021-06-16 09:32:45,1066.0,102406
2021-06-16 09:32:46,1065.75,102414
2021-06-16 09:32:47,1065.75,102414
2021-06-16 09:32:48,1065.75,102414
2021-06-16 09:32:49,1065.75,102414
2021-06-16 09:32:50,1066.0,102419
2021-06-16 09:32:51,1066.0,102419
2021-06-16 09:32:52,1066.0,102419
2021-06-16 09:32:55,1065.75,102428
2021-06-16 09:32:56,1065.75,102428
2021-06-16 09:32:57,1065.75,102428
2021-06-16 09:32:57,1065.75,102428
2021-06-16 09:32:59,1066.0,102490
2021-06-16 09:33:00,1066.0,102499
2021-06-16 09:33:01,1065.75,102500
2021-06-16 09:33:02,1065.75,102500
2021-06-16 09:33:03,1066.5,103400
2021-06-16 09:33:04,1066.5,103400
2021-06-16 09:33:05,1066.5,103400
2021-06-16 09:33:06,1066.25,103401
2021-06-16 09:33:08,1066.45,103454
2021-06-16 09:33:09,1066.45,103454
2021-06-16 09:33:10,1066.0,103459
2021-06-16 09:33:11,1065.85,103565
2021-06-16 09:33:12,1065.85,103565
2021-06-16 09:33:13,1066.0,103566
2021-06-16 09:33:13,1066.0,103566
2021-06-16 09:33:15,1066.0,103566
2021-06-16 09:33:16,1066.0,103566
2021-06-16 09:33:16,1066.0,103566
2021-06-16 09:33:17,1066.0,103566
2021-06-16 09:33:18,1066.0,103576
2021-06-16 09:33:20,1066.0,103576
2021-06-16 09:33:21,1066.0,103576
2021-06-16 09:33:21,1066.0,103576
2021-06-16 09:33:22,1066.0,103581
2021-06-16 09:33:23,1066.0,103581
2021-06-16 09:33:25,1066.0,104597
2021-06-16 09:33:26,1066.0,104597
2021-06-16 09:33:27,1066.0,104597
2021-06-16 09:33:28,1066.0,104597
2021-06-16 09:33:29,1066.0,104597
2021-06-16 09:33:30,1066.0,104597
2021-06-16 09:33:31,1066.0,104597
2021-06-16 09:33:32,1066.5,104606
2021-06-16 09:33:33,1066.5,104606
2021-06-16 09:33:34,1066.4,104985
2021-06-16 09:33:35,1066.4,104985
2021-06-16 09:33:36,1066.4,104985
2021-06-16 09:33:37,1066.4,104985
2021-06-16 09:33:38,1066.4,104985
2021-06-16 09:33:39,1066.4,104985
2021-06-16 09:33:39,1066.4,104985
2021-06-16 09:33:40,1066.4,104985
2021-06-16 09:33:41,1066.4,104985
2021-06-16 09:33:42,1066.0,104995
2021-06-16 09:33:44,1066.0,104995
2021-06-16 09:33:46,1066.0,104995
2021-06-16 09:33:47,1066.4,104996
2021-06-16 09:33:48,1066.4,104996
2021-06-16 09:33:49,1064.55,105965
2021-06-16 09:33:50,1064.55,105965
2021-06-16 09:33:51,1064.55,105965
2021-06-16 09:33:52,1064.55,105965
2021-06-16 09:33:54,1064.55,105965
2021-06-16 09:33:55,1064.55,105965
2021-06-16 09:33:56,1065.0,106045
2021-06-16 09:33:57,1064.55,106065
2021-06-16 09:33:58,1064.55,106077
2021-06-16 09:33:58,1064.95,106152
2021-06-16 09:33:59,1064.95,106152
2021-06-16 09:34:00,1064.95,106205
2021-06-16 09:34:01,1064.95,106205
2021-06-16 09:34:02,1064.95,106205
2021-06-16 09:34:03,1064.95,106205
2021-06-16 09:34:05,1064.95,106225
2021-06-16 09:34:05,1064.95,106225
2021-06-16 09:34:07,1064.95,106240
2021-06-16 09:34:08,1064.95,106240
2021-06-16 09:34:09,1064.95,106240
2021-06-16 09:34:10,1065.0,106241
2021-06-16 09:34:11,1065.0,106241
2021-06-16 09:34:12,1065.05,106282
2021-06-16 09:34:12,1065.05,106282
2021-06-16 09:34:13,1065.05,106282
2021-06-16 09:34:14,1065.05,106282
2021-06-16 09:34:15,1065.05,106282
2021-06-16 09:34:18,1065.05,106282
2021-06-16 09:34:19,1065.0,106285
2021-06-16 09:34:20,1065.0,106285
2021-06-16 09:34:20,1065.0,106285
2021-06-16 09:34:22,1065.0,106285
2021-06-16 09:34:22,1065.0,106332
2021-06-16 09:34:24,1065.0,106387
2021-06-16 09:34:25,1064.6,106392
2021-06-16 09:34:26,1064.6,106392
2021-06-16 09:34:27,1065.0,106398
2021-06-16 09:34:28,1064.9,106408
2021-06-16 09:34:28,1064.9,106408
2021-06-16 09:34:30,1064.9,106408
2021-06-16 09:34:31,1064.9,106408
2021-06-16 09:34:32,1064.9,106418
2021-06-16 09:34:32,1064.9,106423
2021-06-16 09:34:34,1064.9,106423
2021-06-16 09:34:35,1064.9,106423
2021-06-16 09:34:37,1064.9,106423
2021-06-16 09:34:37,1064.9,106423
2021-06-16 09:34:39,1064.9,106525
2021-06-16 09:34:40,1064.9,106525
2021-06-16 09:34:40,1064.9,106525
2021-06-16 09:34:41,1064.4,106540
2021-06-16 09:34:43,1064.9,106541
2021-06-16 09:34:45,1064.9,106542
2021-06-16 09:34:46,1064.45,106543
2021-06-16 09:34:46,1064.45,106543
2021-06-16 09:34:47,1064.85,106568
2021-06-16 09:34:48,1064.85,106568
2021-06-16 09:34:50,1064.85,106569
2021-06-16 09:34:52,1064.4,106649
2021-06-16 09:34:53,1064.4,106649
2021-06-16 09:34:53,1064.4,106649
2021-06-16 09:34:54,1064.8,106724
2021-06-16 09:34:55,1064.8,106724
2021-06-16 09:34:56,1064.8,106726
2021-06-16 09:34:59,1064.8,106726
2021-06-16 09:35:00,1064.8,106726
2021-06-16 09:35:01,1064.8,106726
2021-06-16 09:35:01,1064.4,106728
2021-06-16 09:35:02,1064.4,106728
2021-06-16 09:35:04,1064.4,106728
2021-06-16 09:35:05,1064.7,106740
2021-06-16 09:35:06,1064.7,106740
2021-06-16 09:35:07,1064.7,106740
2021-06-16 09:35:08,1064.65,106760
2021-06-16 09:35:09,1064.65,106760
2021-06-16 09:35:10,1064.65,106760
2021-06-16 09:35:11,1064.65,106760
2021-06-16 09:35:12,1064.65,106760
2021-06-16 09:35:12,1064.65,106760
2021-06-16 09:35:13,1064.65,106760
2021-06-16 09:35:14,1064.65,106760
2021-06-16 09:35:15,1064.65,106760
2021-06-16 09:35:17,1064.65,106843
2021-06-16 09:35:18,1064.65,106843
2021-06-16 09:35:19,1064.65,106843
2021-06-16 09:35:20,1064.55,106943
2021-06-16 09:35:21,1064.55,106943
2021-06-16 09:35:21,1064.55,106943
2021-06-16 09:35:22,1064.55,106943
2021-06-16 09:35:24,1064.55,106943
2021-06-16 09:35:25,1064.65,106965
2021-06-16 09:35:26,1064.65,106965
2021-06-16 09:35:26,1064.75,106966
2021-06-16 09:35:28,1064.75,106990
2021-06-16 09:35:28,1064.75,106990
2021-06-16 09:35:30,1064.75,106990
2021-06-16 09:35:30,1064.65,107011
2021-06-16 09:35:31,1064.65,107011
2021-06-16 09:35:32,1064.65,107011
2021-06-16 09:35:34,1064.8,107012
2021-06-16 09:35:35,1064.8,107012
2021-06-16 09:35:36,1064.8,107012
2021-06-16 09:35:37,1064.8,107062
2021-06-16 09:35:38,1064.8,107062
2021-06-16 09:35:39,1064.8,107097
2021-06-16 09:35:40,1064.8,107097
2021-06-16 09:35:41,1064.8,107097
2021-06-16 09:35:42,1064.8,107097
2021-06-16 09:35:43,1064.8,107097
2021-06-16 09:35:44,1064.8,107097
2021-06-16 09:35:46,1064.8,107097
2021-06-16 09:35:45,1064.8,107097
2021-06-16 09:35:47,1064.8,107097
2021-06-16 09:35:48,1064.8,107097
2021-06-16 09:35:49,1064.8,107098
2021-06-16 09:35:50,1064.8,107098
2021-06-16 09:35:51,1064.8,107103
2021-06-16 09:35:52,1064.8,107103
2021-06-16 09:35:53,1064.8,107106
2021-06-16 09:35:54,1064.8,107106
2021-06-16 09:35:55,1064.8,107116
2021-06-16 09:35:58,1064.65,107138
2021-06-16 09:35:59,1064.65,107138
2021-06-16 09:36:00,1064.65,107257
2021-06-16 09:36:01,1064.8,107457
2021-06-16 09:36:02,1064.65,107585
2021-06-16 09:36:03,1064.65,107590
2021-06-16 09:36:04,1064.65,107590
2021-06-16 09:36:05,1064.8,107861
2021-06-16 09:36:06,1064.95,107871
2021-06-16 09:36:07,1064.5,107896
2021-06-16 09:36:07,1064.5,107896
2021-06-16 09:36:08,1064.5,107896
2021-06-16 09:36:10,1064.5,107896
2021-06-16 09:36:11,1064.5,107896
2021-06-16 09:36:12,1065.0,108556
2021-06-16 09:36:13,1065.0,108556
2021-06-16 09:36:14,1065.15,108557
2021-06-16 09:36:15,1065.15,108557
2021-06-16 09:36:15,1065.15,108557
2021-06-16 09:36:16,1065.15,108558
2021-06-16 09:36:17,1065.15,108558
2021-06-16 09:36:18,1065.15,108558
2021-06-16 09:36:20,1065.15,108578
2021-06-16 09:36:21,1065.15,108584
2021-06-16 09:36:22,1065.25,108754
2021-06-16 09:36:22,1065.25,108754
2021-06-16 09:36:25,1065.4,109076
2021-06-16 09:36:25,1065.4,109076
2021-06-16 09:36:27,1065.4,109076
2021-06-16 09:36:28,1064.75,109206
2021-06-16 09:36:29,1064.75,109215
2021-06-16 09:36:30,1064.1,110738
2021-06-16 09:36:31,1064.1,110738
2021-06-16 09:36:32,1064.1,110738
2021-06-16 09:36:33,1065.0,110743
2021-06-16 09:36:35,1065.0,110743
2021-06-16 09:36:36,1065.0,110743
2021-06-16 09:36:37,1065.0,110743
2021-06-16 09:36:38,1065.0,110743
2021-06-16 09:36:39,1065.0,110743
2021-06-16 09:36:40,1064.75,110744
2021-06-16 09:36:41,1064.75,110754
2021-06-16 09:36:43,1064.4,110829
2021-06-16 09:36:44,1064.4,110840
2021-06-16 09:36:45,1064.4,110840
2021-06-16 09:36:46,1064.4,110845
2021-06-16 09:36:49,1064.75,110846
2021-06-16 09:36:50,1065.05,113859
2021-06-16 09:36:51,1065.05,113859
2021-06-16 09:36:52,1065.15,114036
2021-06-16 09:36:53,1065.15,114036
2021-06-16 09:36:54,1065.15,114036
2021-06-16 09:36:55,1065.5,114051
2021-06-16 09:36:56,1065.5,114051
2021-06-16 09:36:57,1065.25,114072
2021-06-16 09:36:58,1065.25,114072
2021-06-16 09:36:59,1065.25,114072
2021-06-16 09:37:00,1065.25,114072
2021-06-16 09:37:01,1065.25,114072
2021-06-16 09:37:02,1065.25,114080
2021-06-16 09:37:03,1065.65,114085
2021-06-16 09:37:03,1065.65,114085
2021-06-16 09:37:05,1065.65,114085
2021-06-16 09:37:06,1065.7,114135
2021-06-16 09:37:07,1065.7,114135
2021-06-16 09:37:09,1065.7,114135
2021-06-16 09:37:09,1065.7,114135
2021-06-16 09:37:11,1065.7,114135
2021-06-16 09:37:12,1065.7,114135
2021-06-16 09:37:14,1065.9,114137
2021-06-16 09:37:15,1065.9,114137
2021-06-16 09:37:16,1065.9,114137
2021-06-16 09:37:17,1065.9,114137
2021-06-16 09:37:18,1065.9,114137
2021-06-16 09:37:20,1065.9,114187
2021-06-16 09:37:21,1065.95,114688
2021-06-16 09:37:22,1065.95,114688
2021-06-16 09:37:23,1065.95,114688
2021-06-16 09:37:25,1065.95,114688
2021-06-16 09:37:26,1065.95,114688
2021-06-16 09:37:27,1065.95,114688
2021-06-16 09:37:28,1065.95,114688
2021-06-16 09:37:29,1065.95,114688
2021-06-16 09:37:30,1065.95,115218
2021-06-16 09:37:31,1066.2,115219
2021-06-16 09:37:32,1066.2,115219
2021-06-16 09:37:33,1066.2,115219
2021-06-16 09:37:34,1066.2,115219
2021-06-16 09:37:35,1066.2,115219
2021-06-16 09:37:36,1065.95,115318
2021-06-16 09:37:38,1065.95,115318
2021-06-16 09:37:39,1065.95,115514
2021-06-16 09:37:41,1066.0,115527
2021-06-16 09:37:43,1066.0,115550
2021-06-16 09:37:44,1066.0,115550
2021-06-16 09:37:45,1066.2,115560
2021-06-16 09:37:46,1066.2,115580
2021-06-16 09:37:47,1066.2,115580
2021-06-16 09:37:48,1066.0,115591
2021-06-16 09:37:49,1066.0,115611
2021-06-16 09:37:50,1066.0,115611
2021-06-16 09:37:51,1066.0,115611
2021-06-16 09:37:52,1066.0,115611
2021-06-16 09:37:53,1066.2,115618
2021-06-16 09:37:54,1066.2,115618
2021-06-16 09:37:55,1066.2,115618
2021-06-16 09:37:56,1066.0,115659
2021-06-16 09:37:57,1066.0,115659
2021-06-16 09:37:58,1066.0,115680
2021-06-16 09:37:59,1066.0,115680
2021-06-16 09:38:00,1066.0,115680
2021-06-16 09:38:01,1066.35,115692
2021-06-16 09:38:02,1066.35,115692
2021-06-16 09:38:04,1066.35,115692
2021-06-16 09:38:05,1066.2,115696
2021-06-16 09:38:06,1066.2,115696
2021-06-16 09:38:07,1066.2,115706
2021-06-16 09:38:08,1066.2,115706
2021-06-16 09:38:09,1066.2,115707
2021-06-16 09:38:10,1066.35,115717
2021-06-16 09:38:11,1066.2,115747
2021-06-16 09:38:12,1066.2,115747
2021-06-16 09:38:15,1066.2,115747
2021-06-16 09:38:14,1066.2,115747
2021-06-16 09:38:16,1066.2,115748
2021-06-16 09:38:17,1066.2,115748
2021-06-16 09:38:18,1066.2,115748
2021-06-16 09:38:20,1066.2,115748
2021-06-16 09:38:22,1066.35,115770
2021-06-16 09:38:21,1066.35,115770
2021-06-16 09:38:23,1066.35,115770
2021-06-16 09:38:24,1066.35,115770
2021-06-16 09:38:25,1066.35,115770
2021-06-16 09:38:26,1066.35,115770
2021-06-16 09:38:27,1066.35,115770
2021-06-16 09:38:28,1066.35,115770
2021-06-16 09:38:29,1066.35,115770
2021-06-16 09:38:30,1066.5,115802
2021-06-16 09:38:31,1066.5,115802
2021-06-16 09:38:32,1066.35,115842
2021-06-16 09:38:33,1066.35,115842
2021-06-16 09:38:34,1066.35,115842
2021-06-16 09:38:35,1066.35,115842
2021-06-16 09:38:36,1066.35,115842
2021-06-16 09:38:37,1066.35,115922
2021-06-16 09:38:38,1066.35,115968
2021-06-16 09:38:39,1066.5,115973
2021-06-16 09:38:42,1066.2,116023
2021-06-16 09:38:44,1066.2,116023
2021-06-16 09:38:46,1066.2,116023
2021-06-16 09:38:45,1066.2,116023
2021-06-16 09:38:47,1066.2,116023
2021-06-16 09:38:48,1065.95,116250
2021-06-16 09:38:49,1065.95,116250
2021-06-16 09:38:50,1065.95,116250
2021-06-16 09:38:51,1066.35,116850
2021-06-16 09:38:52,1065.55,116857
2021-06-16 09:38:53,1065.55,116857
2021-06-16 09:38:54,1065.55,116857
2021-06-16 09:38:56,1065.85,116884
2021-06-16 09:38:57,1065.85,116884
2021-06-16 09:38:58,1065.85,116884
2021-06-16 09:38:59,1065.85,116884
2021-06-16 09:39:00,1065.85,116946
2021-06-16 09:39:01,1065.85,116946
2021-06-16 09:39:02,1065.85,116946
2021-06-16 09:39:03,1065.5,116976
2021-06-16 09:39:04,1065.5,117304
2021-06-16 09:39:05,1065.5,117304
2021-06-16 09:39:06,1065.5,117305
2021-06-16 09:39:07,1065.5,117305
2021-06-16 09:39:08,1065.5,117305
2021-06-16 09:39:09,1065.4,117440
2021-06-16 09:39:10,1065.4,117440
2021-06-16 09:39:11,1065.4,117440
2021-06-16 09:39:12,1065.4,117440
2021-06-16 09:39:13,1065.4,117440
2021-06-16 09:39:14,1065.4,117440
2021-06-16 09:39:15,1065.4,117440
2021-06-16 09:39:16,1065.4,117440
2021-06-16 09:39:17,1065.25,117450
2021-06-16 09:39:18,1065.5,117452
2021-06-16 09:39:19,1065.4,117475
2021-06-16 09:39:20,1065.4,117475
2021-06-16 09:39:21,1065.25,117525
2021-06-16 09:39:22,1065.25,117525
2021-06-16 09:39:23,1065.25,117525
2021-06-16 09:39:24,1065.5,117530
2021-06-16 09:39:25,1065.5,117530
2021-06-16 09:39:26,1065.5,117530
2021-06-16 09:39:27,1065.5,117530
2021-06-16 09:39:28,1065.5,117530
2021-06-16 09:39:29,1065.5,117530
2021-06-16 09:39:30,1065.5,117530
2021-06-16 09:39:31,1065.5,117530
2021-06-16 09:39:32,1065.5,117530
2021-06-16 09:39:33,1065.5,117530
2021-06-16 09:39:35,1065.05,117695
2021-06-16 09:39:35,1065.5,117530
2021-06-16 09:39:36,1065.05,117695
2021-06-16 09:39:37,1065.05,117695
2021-06-16 09:39:38,1065.05,117695
2021-06-16 09:39:39,1065.05,117695
2021-06-16 09:39:40,1065.05,117695
2021-06-16 09:39:42,1065.05,117695
2021-06-16 09:39:42,1065.05,117695
2021-06-16 09:39:43,1065.05,117695
2021-06-16 09:39:44,1065.05,117695
2021-06-16 09:39:45,1065.05,117695
2021-06-16 09:39:46,1065.05,117695
2021-06-16 09:39:48,1065.05,117695
2021-06-16 09:39:49,1065.15,117795
2021-06-16 09:39:49,1065.15,117795
2021-06-16 09:39:50,1065.2,117815
2021-06-16 09:39:51,1065.3,117915
2021-06-16 09:39:52,1065.3,117918
2021-06-16 09:39:53,1065.05,118017
2021-06-16 09:39:54,1065.05,118017
2021-06-16 09:39:56,1065.0,118067
2021-06-16 09:39:57,1065.3,118083
2021-06-16 09:39:59,1065.3,118083
2021-06-16 09:40:00,1065.3,118083
2021-06-16 09:40:01,1065.3,118083
2021-06-16 09:40:01,1065.3,118083
2021-06-16 09:40:03,1065.3,118083
2021-06-16 09:40:03,1065.3,118083
2021-06-16 09:40:04,1065.3,118099
2021-06-16 09:40:06,1065.2,118102
2021-06-16 09:40:08,1065.55,118245
2021-06-16 09:40:08,1065.55,118245
2021-06-16 09:40:10,1065.55,118245
2021-06-16 09:40:09,1065.55,118245
2021-06-16 09:40:11,1066.05,118345
2021-06-16 09:40:13,1065.3,118369
2021-06-16 09:40:14,1065.3,118369
2021-06-16 09:40:15,1065.3,118374
2021-06-16 09:40:16,1065.3,118374
2021-06-16 09:40:17,1065.9,118440
2021-06-16 09:40:18,1065.9,118440
2021-06-16 09:40:19,1065.9,118440
2021-06-16 09:40:21,1065.9,118440
2021-06-16 09:40:22,1065.9,118442
2021-06-16 09:40:23,1066.05,118742
2021-06-16 09:40:24,1066.05,118742
2021-06-16 09:40:26,1065.5,118747
2021-06-16 09:40:27,1065.5,118747
2021-06-16 09:40:28,1065.95,118963
2021-06-16 09:40:29,1066.0,119062
2021-06-16 09:40:29,1066.0,119062
2021-06-16 09:40:31,1066.0,119062
2021-06-16 09:40:31,1065.95,119063
2021-06-16 09:40:32,1065.95,119063
2021-06-16 09:40:33,1065.95,119063
2021-06-16 09:40:35,1065.9,119113
2021-06-16 09:40:35,1065.9,119113
2021-06-16 09:40:36,1065.9,119113
2021-06-16 09:40:37,1065.9,119113
2021-06-16 09:40:38,1065.9,119113
2021-06-16 09:40:39,1065.9,119113
2021-06-16 09:40:41,1065.95,119163
2021-06-16 09:40:43,1065.9,119183
2021-06-16 09:40:44,1065.9,119183
2021-06-16 09:40:45,1065.9,119183
2021-06-16 09:40:46,1065.9,119183
2021-06-16 09:40:46,1065.5,119193
2021-06-16 09:40:47,1065.5,119193
2021-06-16 09:40:51,1065.5,119193
2021-06-16 09:40:52,1065.5,119193
2021-06-16 09:40:54,1065.8,119400
2021-06-16 09:40:55,1065.8,119400
2021-06-16 09:40:56,1065.8,119400
2021-06-16 09:40:58,1065.8,119400
2021-06-16 09:41:00,1065.8,119400
2021-06-16 09:41:00,1065.8,119400
2021-06-16 09:41:01,1065.8,119400
2021-06-16 09:41:02,1065.8,119400
2021-06-16 09:41:03,1065.8,119400
2021-06-16 09:41:04,1065.8,119400
2021-06-16 09:41:06,1065.9,119410
2021-06-16 09:41:07,1065.35,119435
2021-06-16 09:41:08,1065.85,119470
2021-06-16 09:41:09,1065.85,119470
2021-06-16 09:41:10,1065.3,119471
2021-06-16 09:41:11,1065.3,119471
2021-06-16 09:41:12,1065.3,119545
2021-06-16 09:41:13,1065.3,119545
2021-06-16 09:41:14,1065.0,120777
2021-06-16 09:41:15,1065.0,120821
2021-06-16 09:41:16,1065.0,120846
2021-06-16 09:41:17,1064.35,121147
2021-06-16 09:41:18,1064.35,121147
2021-06-16 09:41:19,1064.35,121147
2021-06-16 09:41:21,1064.35,121147
2021-06-16 09:41:21,1064.35,121147
2021-06-16 09:41:22,1064.4,121292
2021-06-16 09:41:23,1064.8,121307
2021-06-16 09:41:24,1064.8,121307
2021-06-16 09:41:25,1064.8,121307
2021-06-16 09:41:26,1065.3,121472
2021-06-16 09:41:27,1065.3,121472
2021-06-16 09:41:28,1064.55,121474
2021-06-16 09:41:30,1064.55,121474
2021-06-16 09:41:31,1065.15,121475
2021-06-16 09:41:32,1065.15,121475
2021-06-16 09:41:34,1065.15,121475
2021-06-16 09:41:35,1065.15,121475
2021-06-16 09:41:36,1065.15,121475
2021-06-16 09:41:38,1065.15,121475
2021-06-16 09:41:38,1065.15,121475
2021-06-16 09:41:39,1065.15,121475
2021-06-16 09:41:40,1065.0,121476
2021-06-16 09:41:41,1065.0,121476
2021-06-16 09:41:44,1065.1,121966
2021-06-16 09:41:44,1064.7,122002
2021-06-16 09:41:46,1064.7,122002
2021-06-16 09:41:47,1064.7,122002
2021-06-16 09:41:47,1064.7,122002
2021-06-16 09:41:48,1064.7,122002
2021-06-16 09:41:49,1064.7,122002
2021-06-16 09:41:50,1065.25,122011
2021-06-16 09:41:51,1065.05,122013
2021-06-16 09:41:52,1065.05,122013
2021-06-16 09:41:53,1065.0,122550
2021-06-16 09:41:54,1064.35,123550
2021-06-16 09:41:55,1064.35,123550
2021-06-16 09:41:56,1064.35,123670
2021-06-16 09:41:57,1064.9,123719
2021-06-16 09:41:58,1064.9,123719
2021-06-16 09:42:00,1064.45,123735
2021-06-16 09:42:02,1064.9,123750
2021-06-16 09:42:03,1064.9,123750
2021-06-16 09:42:05,1064.4,123850
2021-06-16 09:42:05,1064.4,123850
2021-06-16 09:42:06,1064.4,123850
2021-06-16 09:42:07,1064.4,123850
2021-06-16 09:42:08,1064.9,123890
2021-06-16 09:42:09,1064.3,124945
2021-06-16 09:42:10,1064.3,124945
2021-06-16 09:42:11,1064.85,125035
2021-06-16 09:42:12,1064.85,125035
2021-06-16 09:42:14,1064.9,125335
2021-06-16 09:42:15,1064.9,125335
2021-06-16 09:42:16,1064.9,125335
2021-06-16 09:42:16,1064.9,125335
2021-06-16 09:42:18,1064.9,125335
2021-06-16 09:42:19,1064.9,125335
2021-06-16 09:42:20,1064.45,125337
2021-06-16 09:42:21,1064.45,125337
2021-06-16 09:42:22,1064.45,125337
2021-06-16 09:42:23,1064.4,125347
2021-06-16 09:42:24,1064.45,125375
2021-06-16 09:42:26,1064.6,125496
2021-06-16 09:42:27,1064.6,125496
2021-06-16 09:42:28,1064.65,125498
2021-06-16 09:42:29,1064.4,125512
2021-06-16 09:42:30,1064.4,125533
2021-06-16 09:42:32,1064.4,125533
2021-06-16 09:42:33,1064.4,125533
2021-06-16 09:42:34,1064.6,126192
2021-06-16 09:42:35,1064.6,126192
2021-06-16 09:42:36,1064.6,126192
2021-06-16 09:42:37,1064.95,126247
2021-06-16 09:42:38,1064.95,126247
2021-06-16 09:42:39,1064.95,126247
2021-06-16 09:42:40,1064.95,126247
2021-06-16 09:42:42,1064.95,126247
2021-06-16 09:42:42,1064.95,126247
2021-06-16 09:42:43,1064.95,126247
2021-06-16 09:42:45,1064.95,126247
2021-06-16 09:42:46,1064.95,126247
2021-06-16 09:42:47,1064.95,126247
2021-06-16 09:42:48,1064.95,126247
2021-06-16 09:42:48,1064.95,126247
2021-06-16 09:42:49,1064.95,126247
2021-06-16 09:42:50,1064.4,126971
2021-06-16 09:42:51,1064.4,126991
2021-06-16 09:42:52,1064.4,126991
2021-06-16 09:42:53,1064.4,127142
2021-06-16 09:42:54,1064.4,127143
2021-06-16 09:42:55,1064.7,127208
2021-06-16 09:42:56,1064.7,127208
2021-06-16 09:42:57,1064.65,127213
2021-06-16 09:42:58,1064.4,127263
2021-06-16 09:42:59,1064.15,127355
2021-06-16 09:43:00,1064.15,127355
2021-06-16 09:43:02,1064.05,127822
2021-06-16 09:43:02,1064.05,127822
2021-06-16 09:43:04,1064.05,127822
2021-06-16 09:43:05,1064.05,127822
2021-06-16 09:43:06,1064.05,127822
2021-06-16 09:43:07,1064.05,127822
2021-06-16 09:43:07,1064.05,127822
2021-06-16 09:43:08,1064.05,127822
2021-06-16 09:43:09,1064.05,127822
2021-06-16 09:43:10,1064.0,128522
2021-06-16 09:43:11,1063.5,129179
2021-06-16 09:43:13,1063.5,129179
2021-06-16 09:43:14,1063.95,129199
2021-06-16 09:43:16,1063.95,129199
2021-06-16 09:43:16,1063.95,129199
2021-06-16 09:43:18,1063.95,129199
2021-06-16 09:43:19,1062.95,131172
2021-06-16 09:43:20,1062.25,131584
2021-06-16 09:43:20,1062.3,131589
2021-06-16 09:43:21,1061.6,134340
2021-06-16 09:43:22,1061.65,134351
2021-06-16 09:43:23,1061.65,134351
2021-06-16 09:43:24,1061.5,134406
2021-06-16 09:43:25,1062.0,134407
2021-06-16 09:43:26,1061.8,134650
2021-06-16 09:43:27,1062.0,134656
2021-06-16 09:43:28,1062.0,134656
2021-06-16 09:43:29,1061.75,135378
2021-06-16 09:43:30,1062.45,135958
2021-06-16 09:43:31,1062.85,135959
2021-06-16 09:43:32,1062.85,135959
2021-06-16 09:43:33,1061.9,136859
2021-06-16 09:43:34,1061.9,136859
2021-06-16 09:43:35,1061.9,136859
2021-06-16 09:43:36,1062.0,137025
2021-06-16 09:43:37,1061.9,137027
2021-06-16 09:43:39,1062.0,137402
2021-06-16 09:43:39,1062.0,137402
2021-06-16 09:43:41,1061.95,137403
2021-06-16 09:43:42,1061.95,137403
2021-06-16 09:43:43,1062.15,137413
2021-06-16 09:43:44,1061.9,137415
2021-06-16 09:43:45,1062.2,137417
2021-06-16 09:43:45,1062.2,137417
2021-06-16 09:43:46,1062.35,138017
2021-06-16 09:43:47,1062.35,138017
2021-06-16 09:43:48,1061.75,138140
2021-06-16 09:43:49,1061.75,138140
2021-06-16 09:43:50,1061.75,138175
2021-06-16 09:43:51,1061.8,138376
2021-06-16 09:43:52,1061.8,138376
2021-06-16 09:43:54,1061.75,138477
2021-06-16 09:43:55,1061.75,138477
2021-06-16 09:43:56,1062.3,138497
2021-06-16 09:43:57,1062.3,138497
2021-06-16 09:43:58,1061.95,138597
2021-06-16 09:43:59,1061.95,138597
2021-06-16 09:44:00,1062.35,138682
2021-06-16 09:44:00,1061.95,138597
2021-06-16 09:44:01,1062.35,138794
2021-06-16 09:44:02,1062.75,138808
2021-06-16 09:44:04,1062.75,138842
2021-06-16 09:44:05,1062.75,138910
2021-06-16 09:44:08,1062.95,139030
2021-06-16 09:44:09,1063.55,139053
2021-06-16 09:44:10,1063.0,139126
2021-06-16 09:44:11,1062.95,139132
2021-06-16 09:44:12,1063.4,139162
2021-06-16 09:44:13,1063.4,139162
2021-06-16 09:44:15,1063.4,139162
2021-06-16 09:44:16,1063.4,139162
2021-06-16 09:44:17,1063.4,139162
2021-06-16 09:44:18,1063.4,139162
2021-06-16 09:44:19,1063.35,139167
2021-06-16 09:44:20,1064.0,139267
2021-06-16 09:44:21,1064.0,139267
2021-06-16 09:44:22,1064.0,139267
2021-06-16 09:44:23,1064.0,139267
2021-06-16 09:44:24,1064.0,139267
2021-06-16 09:44:25,1064.0,139267
2021-06-16 09:44:26,1064.0,139267
2021-06-16 09:44:28,1063.65,139295
2021-06-16 09:44:29,1063.65,139295
2021-06-16 09:44:30,1063.65,139295
2021-06-16 09:44:30,1063.65,139545
2021-06-16 09:44:31,1063.65,139545
2021-06-16 09:44:33,1063.65,139545
2021-06-16 09:44:34,1063.65,139545
2021-06-16 09:44:34,1063.65,139545
2021-06-16 09:44:35,1063.65,139545
2021-06-16 09:44:36,1063.65,139545
2021-06-16 09:44:38,1063.6,139645
2021-06-16 09:44:39,1063.6,139645
2021-06-16 09:44:41,1063.6,139645
2021-06-16 09:44:41,1064.0,139691
2021-06-16 09:44:42,1063.85,139697
2021-06-16 09:44:43,1063.85,139697
2021-06-16 09:44:44,1064.7,139788
2021-06-16 09:44:45,1064.25,139800
2021-06-16 09:44:46,1064.25,139800
2021-06-16 09:44:47,1064.25,139800
2021-06-16 09:44:49,1064.25,139800
2021-06-16 09:44:50,1064.2,140086
2021-06-16 09:44:51,1064.2,140086
2021-06-16 09:44:51,1064.2,140086
2021-06-16 09:44:52,1064.2,140086
2021-06-16 09:44:53,1063.95,140237
2021-06-16 09:44:54,1063.95,140237
2021-06-16 09:44:56,1063.95,140237
2021-06-16 09:44:57,1064.45,140252
2021-06-16 09:44:58,1064.5,140254
2021-06-16 09:44:59,1064.5,140254
2021-06-16 09:45:00,1064.5,140254
2021-06-16 09:45:01,1064.5,140254
2021-06-16 09:45:02,1064.05,140269
2021-06-16 09:45:03,1064.05,140269
2021-06-16 09:45:04,1064.05,140269
2021-06-16 09:45:05,1064.05,140269
2021-06-16 09:45:05,1064.05,140269
2021-06-16 09:45:06,1064.0,140294
2021-06-16 09:45:07,1063.4,142294
2021-06-16 09:45:08,1064.05,142304
2021-06-16 09:45:09,1064.1,142512
2021-06-16 09:45:11,1064.0,142517
2021-06-16 09:45:12,1064.0,142517
2021-06-16 09:45:14,1064.2,142528
2021-06-16 09:45:16,1063.75,142586
2021-06-16 09:45:17,1063.75,142789
2021-06-16 09:45:19,1063.7,142845
2021-06-16 09:45:20,1063.55,142950
2021-06-16 09:45:20,1063.55,142950
2021-06-16 09:45:22,1063.55,142950
2021-06-16 09:45:23,1063.55,142950
2021-06-16 09:45:24,1063.55,142950
2021-06-16 09:45:25,1063.55,143050
2021-06-16 09:45:26,1063.55,143050
2021-06-16 09:45:28,1063.45,143063
2021-06-16 09:45:29,1063.8,143093
2021-06-16 09:45:31,1063.75,143097
2021-06-16 09:45:32,1063.75,143097
2021-06-16 09:45:33,1062.9,144097
2021-06-16 09:45:34,1063.5,144197
2021-06-16 09:45:36,1063.0,144198
2021-06-16 09:45:37,1063.0,144198
2021-06-16 09:45:39,1062.95,144248
2021-06-16 09:45:43,1063.45,144252
2021-06-16 09:45:44,1063.45,144252
2021-06-16 09:45:44,1062.85,144302
2021-06-16 09:45:45,1063.35,144313
2021-06-16 09:45:46,1063.35,144324
2021-06-16 09:45:47,1063.35,144324
2021-06-16 09:45:48,1063.35,144324
2021-06-16 09:45:49,1063.0,144356
2021-06-16 09:45:50,1063.0,144356
2021-06-16 09:45:51,1063.0,144558
2021-06-16 09:45:53,1063.25,144750
2021-06-16 09:45:54,1063.2,144800
2021-06-16 09:45:55,1063.2,144800
2021-06-16 09:45:55,1063.2,144800
2021-06-16 09:45:56,1063.2,144800
2021-06-16 09:45:57,1063.2,144800
2021-06-16 09:45:59,1063.2,144813
2021-06-16 09:46:00,1063.2,144816
2021-06-16 09:46:00,1063.2,144816
2021-06-16 09:46:02,1062.9,144836
2021-06-16 09:46:03,1063.15,144862
2021-06-16 09:46:04,1063.15,144862
2021-06-16 09:46:06,1063.15,144882
2021-06-16 09:46:07,1063.15,144882
2021-06-16 09:46:08,1063.15,144882
2021-06-16 09:46:09,1062.9,144927
2021-06-16 09:46:10,1062.9,144927
2021-06-16 09:46:11,1062.85,144955
2021-06-16 09:46:11,1062.85,144955
2021-06-16 09:46:13,1062.8,145102
2021-06-16 09:46:14,1062.8,145155
2021-06-16 09:46:15,1062.45,145204
2021-06-16 09:46:15,1062.45,145184
2021-06-16 09:46:17,1062.45,145311
2021-06-16 09:46:18,1062.35,145448
2021-06-16 09:46:18,1062.3,145473
2021-06-16 09:46:20,1062.45,145488
2021-06-16 09:46:20,1062.45,145488
2021-06-16 09:46:21,1062.45,145488
2021-06-16 09:46:22,1062.3,145489
2021-06-16 09:46:23,1062.3,145489
2021-06-16 09:46:25,1062.25,145574
2021-06-16 09:46:26,1062.4,145674
2021-06-16 09:46:26,1062.0,145784
2021-06-16 09:46:27,1062.0,146763
2021-06-16 09:46:29,1061.8,146778
2021-06-16 09:46:29,1061.75,146796
2021-06-16 09:46:30,1061.75,146796
2021-06-16 09:46:31,1061.75,146803
2021-06-16 09:46:32,1061.75,146803
2021-06-16 09:46:33,1061.7,146903
2021-06-16 09:46:34,1061.7,146903
2021-06-16 09:46:35,1061.0,149648
2021-06-16 09:46:36,1060.65,149914
2021-06-16 09:46:38,1060.8,150000
2021-06-16 09:46:39,1060.5,150512
2021-06-16 09:46:40,1061.0,150517
2021-06-16 09:46:41,1060.55,150814
2021-06-16 09:46:41,1060.55,150814
2021-06-16 09:46:42,1061.0,151136
2021-06-16 09:46:43,1060.9,151251
2021-06-16 09:46:45,1060.9,151251
2021-06-16 09:46:45,1060.9,151251
2021-06-16 09:46:47,1061.3,151296
2021-06-16 09:46:47,1061.3,151296
2021-06-16 09:46:48,1061.35,151307
2021-06-16 09:46:49,1061.0,151503
2021-06-16 09:46:51,1061.35,151684
2021-06-16 09:46:52,1061.4,151994
2021-06-16 09:46:53,1061.5,152094
2021-06-16 09:46:54,1061.4,153320
2021-06-16 09:46:54,1061.4,153320
2021-06-16 09:46:55,1061.0,153382
2021-06-16 09:46:58,1060.7,154132
2021-06-16 09:47:00,1061.25,154432
2021-06-16 09:47:00,1061.25,154432
2021-06-16 09:47:01,1061.25,154433
2021-06-16 09:47:02,1061.25,154433
2021-06-16 09:47:04,1060.8,154766
2021-06-16 09:47:05,1060.8,154819
2021-06-16 09:47:05,1060.8,154870
2021-06-16 09:47:07,1061.0,155058
2021-06-16 09:47:08,1060.8,155740
2021-06-16 09:47:09,1061.2,155788
2021-06-16 09:47:10,1061.2,155788
2021-06-16 09:47:12,1060.7,156001
2021-06-16 09:47:13,1060.0,157458
2021-06-16 09:47:14,1060.5,157536
2021-06-16 09:47:16,1060.0,158051
2021-06-16 09:47:18,1060.55,158185
2021-06-16 09:47:19,1060.05,158187
2021-06-16 09:47:20,1060.55,158232
2021-06-16 09:47:21,1060.05,158243
2021-06-16 09:47:23,1060.05,158244
2021-06-16 09:47:24,1060.05,158279
2021-06-16 09:47:25,1060.5,158291
2021-06-16 09:47:26,1060.0,158918
2021-06-16 09:47:26,1060.0,158918
2021-06-16 09:47:27,1060.5,158933
2021-06-16 09:47:29,1060.0,159043
2021-06-16 09:47:30,1060.45,159148
2021-06-16 09:47:31,1060.0,159222
2021-06-16 09:47:32,1060.0,159225
2021-06-16 09:47:34,1060.0,159245
2021-06-16 09:47:35,1060.45,159246
2021-06-16 09:47:35,1060.45,159246
2021-06-16 09:47:38,1060.45,159272
2021-06-16 09:47:40,1060.4,159275
2021-06-16 09:47:41,1060.0,159361
2021-06-16 09:47:41,1060.0,159361
2021-06-16 09:47:43,1060.0,159461
2021-06-16 09:47:44,1060.0,159481
2021-06-16 09:47:45,1060.0,160123
2021-06-16 09:47:47,1060.25,160126
2021-06-16 09:47:48,1060.25,160126
2021-06-16 09:47:49,1060.05,160166
2021-06-16 09:47:50,1060.0,160271
2021-06-16 09:47:51,1060.0,160271
2021-06-16 09:47:52,1060.0,160271
2021-06-16 09:47:53,1060.0,160422
2021-06-16 09:47:53,1060.0,160422
2021-06-16 09:47:55,1060.05,160485
2021-06-16 09:47:56,1060.05,160544
2021-06-16 09:47:56,1060.05,160544
2021-06-16 09:47:58,1060.0,160645
2021-06-16 09:47:59,1060.2,160815
2021-06-16 09:48:00,1060.5,161018
2021-06-16 09:48:01,1060.45,161026
2021-06-16 09:48:02,1060.6,161072
2021-06-16 09:48:03,1060.5,161172
2021-06-16 09:48:04,1060.95,161189
2021-06-16 09:48:05,1060.95,161189
2021-06-16 09:48:06,1060.95,161189
2021-06-16 09:48:07,1061.0,161191
2021-06-16 09:48:09,1060.6,161196
2021-06-16 09:48:10,1060.6,161196
2021-06-16 09:48:11,1060.6,161196
2021-06-16 09:48:12,1060.9,161201
2021-06-16 09:48:13,1060.65,161307
2021-06-16 09:48:14,1060.65,161307
2021-06-16 09:48:16,1060.65,161307
2021-06-16 09:48:15,1060.65,161307
2021-06-16 09:48:17,1060.95,161310
2021-06-16 09:48:18,1060.6,161410
2021-06-16 09:48:20,1060.9,161521
2021-06-16 09:48:21,1060.9,161521
2021-06-16 09:48:22,1060.9,161521
2021-06-16 09:48:23,1060.6,161571
2021-06-16 09:48:24,1060.6,161571
2021-06-16 09:48:25,1060.6,161571
2021-06-16 09:48:26,1060.6,161571
2021-06-16 09:48:27,1060.6,161571
2021-06-16 09:48:29,1060.95,161596
2021-06-16 09:48:30,1060.95,161596
2021-06-16 09:48:32,1060.6,161973
2021-06-16 09:48:33,1060.6,161993
2021-06-16 09:48:34,1060.6,161993
2021-06-16 09:48:35,1060.55,162053
2021-06-16 09:48:37,1060.55,162130
2021-06-16 09:48:36,1060.55,162053
2021-06-16 09:48:38,1060.55,162130
2021-06-16 09:48:39,1060.55,162130
2021-06-16 09:48:40,1060.7,162131
2021-06-16 09:48:41,1060.05,162315
2021-06-16 09:48:42,1060.05,162326
2021-06-16 09:48:43,1059.75,168383
2021-06-16 09:48:44,1059.95,168587
2021-06-16 09:48:45,1059.55,169072
2021-06-16 09:48:46,1059.55,169072
2021-06-16 09:48:47,1059.8,169172
2021-06-16 09:48:48,1059.8,169222
2021-06-16 09:48:49,1059.8,169222
2021-06-16 09:48:50,1060.25,169449
2021-06-16 09:48:52,1060.1,169801
2021-06-16 09:48:51,1060.1,169801
2021-06-16 09:48:53,1060.0,170001
2021-06-16 09:48:54,1060.55,170012
2021-06-16 09:48:55,1060.55,170083
2021-06-16 09:48:56,1060.1,170168
2021-06-16 09:48:57,1060.75,170296
2021-06-16 09:48:58,1060.75,170296
2021-06-16 09:48:59,1060.75,170296
2021-06-16 09:49:00,1060.95,170347
2021-06-16 09:49:01,1060.5,170377
2021-06-16 09:49:03,1060.0,171048
2021-06-16 09:49:15,1060.1,171862
2021-06-16 09:49:20,1060.0,171903
2021-06-16 09:49:25,1060.25,172098
2021-06-16 09:49:30,1060.0,172354
2021-06-16 09:49:36,1059.9,176530
2021-06-16 09:49:41,1058.5,178141
2021-06-16 09:49:52,1059.3,180841
2021-06-16 09:49:57,1059.55,180997
2021-06-16 09:50:02,1058.4,181874
2021-06-16 09:50:07,1058.2,182168
2021-06-16 09:50:12,1058.75,182555
2021-06-16 09:50:18,1059.75,183140
2021-06-16 09:50:23,1060.65,184241
2021-06-16 09:50:34,1059.65,185119
2021-06-16 09:50:39,1059.0,185455
2021-06-16 09:50:44,1059.35,185699
2021-06-16 09:50:48,1059.85,186070
2021-06-16 09:50:53,1058.75,187044
2021-06-16 09:50:58,1059.15,187632
2021-06-16 09:51:03,1059.65,187805
2021-06-16 09:51:08,1059.3,188085
2021-06-16 09:51:13,1059.3,188239
2021-06-16 09:51:17,1059.2,188299
2021-06-16 09:51:22,1059.55,191437
2021-06-16 09:51:27,1059.9,191458
2021-06-16 09:51:32,1059.9,191586
2021-06-16 09:51:37,1059.9,191644
2021-06-16 09:51:41,1059.9,191654
2021-06-16 09:51:47,1059.9,191955
2021-06-16 09:51:52,1059.35,192941
2021-06-16 09:51:57,1059.3,193106
2021-06-16 09:52:02,1059.7,193184
2021-06-16 09:52:06,1059.2,193204
2021-06-16 09:52:11,1060.25,193450
2021-06-16 09:52:16,1060.5,193451
2021-06-16 09:52:21,1060.25,193565
2021-06-16 09:52:26,1060.7,194255
2021-06-16 09:52:31,1060.6,194345
2021-06-16 09:52:36,1060.5,194367
2021-06-16 09:52:41,1060.6,194625
2021-06-16 09:52:46,1060.65,194677
2021-06-16 09:52:51,1061.0,195655
2021-06-16 09:52:56,1062.0,196667
2021-06-16 09:53:05,1062.05,196833
2021-06-16 09:53:10,1062.3,196855
2021-06-16 09:53:19,1063.0,197835
2021-06-16 09:53:24,1063.15,198552
2021-06-16 09:53:29,1064.0,198609
2021-06-16 09:53:33,1063.35,199876
2021-06-16 09:53:38,1063.9,200178
2021-06-16 09:53:43,1063.85,200799
2021-06-16 09:53:48,1063.85,200919
2021-06-16 09:53:53,1063.75,201096
2021-06-16 09:53:58,1064.0,202172
2021-06-16 09:54:03,1063.9,202468
2021-06-16 09:54:06,1064.0,202524
2021-06-16 09:54:07,1064.0,202525
2021-06-16 09:54:07,1064.0,202715
2021-06-16 09:54:08,1064.3,202859
2021-06-16 09:54:09,1064.3,202859
2021-06-16 09:54:10,1064.05,202883
2021-06-16 09:54:11,1064.05,202883
2021-06-16 09:54:12,1064.25,202912
2021-06-16 09:54:13,1064.25,202912
2021-06-16 09:54:14,1064.25,202917
2021-06-16 09:54:16,1064.35,203418
2021-06-16 09:54:16,1064.25,203417
2021-06-16 09:54:17,1064.1,203419
2021-06-16 09:54:18,1064.1,203419
2021-06-16 09:54:20,1064.1,203419
2021-06-16 09:54:22,1064.25,203420
2021-06-16 09:54:22,1064.25,203420
2021-06-16 09:54:23,1064.25,203420
2021-06-16 09:54:25,1064.25,203420
2021-06-16 09:54:26,1064.45,203455
2021-06-16 09:54:27,1064.25,203508
2021-06-16 09:54:28,1064.25,203658
2021-06-16 09:54:29,1064.25,203659
2021-06-16 09:54:30,1064.25,203685
2021-06-16 09:54:31,1064.25,203705
2021-06-16 09:54:32,1064.25,203708
2021-06-16 09:54:33,1064.25,203710
2021-06-16 09:54:36,1064.1,203763
2021-06-16 09:54:38,1064.1,203763
2021-06-16 09:54:39,1064.1,203806
2021-06-16 09:54:39,1064.1,203763
2021-06-16 09:54:40,1064.1,203806
2021-06-16 09:54:41,1064.25,203817
2021-06-16 09:54:42,1064.25,203817
2021-06-16 09:54:43,1064.1,204626
2021-06-16 09:54:45,1064.0,204654
2021-06-16 09:54:45,1064.0,204654
2021-06-16 09:54:46,1064.0,204654
2021-06-16 09:54:47,1064.25,204681
2021-06-16 09:54:48,1064.25,204681
2021-06-16 09:54:50,1064.25,204681
2021-06-16 09:54:51,1064.25,204681
2021-06-16 09:54:51,1064.25,204681
2021-06-16 09:54:52,1064.0,204726
2021-06-16 09:54:55,1064.1,205015
2021-06-16 09:54:56,1064.5,206202
2021-06-16 09:54:57,1065.0,206778
2021-06-16 09:54:58,1064.9,207703
2021-06-16 09:54:59,1065.0,207704
2021-06-16 09:54:59,1065.0,207734
2021-06-16 09:55:00,1064.6,207834
2021-06-16 09:55:01,1065.0,207884
2021-06-16 09:55:02,1065.0,207931
2021-06-16 09:55:03,1065.0,207931
2021-06-16 09:55:04,1065.0,207931
2021-06-16 09:55:05,1065.0,207935
2021-06-16 09:55:07,1065.0,207935
2021-06-16 09:55:07,1065.0,207935
2021-06-16 09:55:08,1065.0,207935
2021-06-16 09:55:10,1065.0,207935
2021-06-16 09:55:11,1065.0,208035
2021-06-16 09:55:11,1065.0,208035
2021-06-16 09:55:12,1064.6,208131
2021-06-16 09:55:13,1065.0,208197
2021-06-16 09:55:15,1065.0,208200
2021-06-16 09:55:15,1064.6,208250
2021-06-16 09:55:18,1065.0,208256
2021-06-16 09:55:19,1065.0,208256
2021-06-16 09:55:20,1065.0,209656
2021-06-16 09:55:21,1065.0,209972
2021-06-16 09:55:21,1065.0,209972
2021-06-16 09:55:23,1064.6,210068
2021-06-16 09:55:24,1064.7,210113
2021-06-16 09:55:24,1064.7,210113
2021-06-16 09:55:26,1064.55,210292
2021-06-16 09:55:27,1064.55,210292
2021-06-16 09:55:28,1064.55,210295
2021-06-16 09:55:28,1064.55,210295
2021-06-16 09:55:29,1064.55,210295
2021-06-16 09:55:30,1064.55,210380
2021-06-16 09:55:31,1064.55,210380
2021-06-16 09:55:32,1064.55,210381
2021-06-16 09:55:33,1064.55,210408
2021-06-16 09:55:34,1064.55,210408
2021-06-16 09:55:35,1064.55,210408
2021-06-16 09:55:36,1064.55,210409
2021-06-16 09:55:37,1064.3,210423
2021-06-16 09:55:39,1064.3,210423
2021-06-16 09:55:40,1064.55,210484
2021-06-16 09:55:41,1064.6,210693
2021-06-16 09:55:42,1064.45,210753
2021-06-16 09:55:43,1064.45,210753
2021-06-16 09:55:44,1065.0,210756
2021-06-16 09:55:45,1064.4,210757
2021-06-16 09:55:46,1064.85,211028
2021-06-16 09:55:47,1064.85,211028
2021-06-16 09:55:48,1064.85,211028
2021-06-16 09:55:49,1064.6,211031
2021-06-16 09:55:51,1064.35,211043
2021-06-16 09:55:52,1064.35,211043
2021-06-16 09:55:53,1064.3,211192
2021-06-16 09:55:54,1064.3,211192
2021-06-16 09:55:54,1064.3,211192
2021-06-16 09:55:55,1064.9,211194
2021-06-16 09:55:56,1064.9,211194
2021-06-16 09:55:58,1064.9,211195
2021-06-16 09:56:00,1064.9,211201
2021-06-16 09:56:01,1064.9,211201
2021-06-16 09:56:02,1064.9,211201
2021-06-16 09:56:03,1064.75,211208
2021-06-16 09:56:03,1064.75,211208
2021-06-16 09:56:04,1064.75,211208
2021-06-16 09:56:05,1064.75,211208
2021-06-16 09:56:06,1064.65,211209
2021-06-16 09:56:08,1064.65,211209
2021-06-16 09:56:09,1064.65,211209
2021-06-16 09:56:10,1064.1,211404
2021-06-16 09:56:10,1064.0,211434
2021-06-16 09:56:12,1063.95,211486
2021-06-16 09:56:13,1064.0,212235
2021-06-16 09:56:13,1064.0,212235
2021-06-16 09:56:14,1063.6,212257
2021-06-16 09:56:16,1063.95,212309
2021-06-16 09:56:17,1063.85,213443
2021-06-16 09:56:18,1063.95,213679
2021-06-16 09:56:20,1064.0,214325
2021-06-16 09:56:21,1064.0,214343
2021-06-16 09:56:22,1064.0,214360
2021-06-16 09:56:23,1064.0,214384
2021-06-16 09:56:25,1064.2,214409
2021-06-16 09:56:26,1064.0,214515
2021-06-16 09:56:27,1064.0,214666
2021-06-16 09:56:27,1064.0,214668
2021-06-16 09:56:28,1064.0,214700
2021-06-16 09:56:29,1063.55,214900
2021-06-16 09:56:30,1063.55,214900
2021-06-16 09:56:31,1063.55,214900
2021-06-16 09:56:32,1063.55,214900
2021-06-16 09:56:33,1063.55,214900
2021-06-16 09:56:34,1063.55,214900
2021-06-16 09:56:35,1063.6,214970
2021-06-16 09:56:36,1063.75,215066
2021-06-16 09:56:37,1063.75,215129
2021-06-16 09:56:39,1064.1,215179
2021-06-16 09:56:40,1063.6,215229
2021-06-16 09:56:41,1064.05,215235
2021-06-16 09:56:42,1064.05,215235
2021-06-16 09:56:44,1064.05,215235
2021-06-16 09:56:44,1064.05,215235
2021-06-16 09:56:45,1064.1,216363
2021-06-16 09:56:46,1064.1,216363
2021-06-16 09:56:47,1064.65,216827
2021-06-16 09:56:49,1064.65,216827
2021-06-16 09:56:50,1064.65,216827
2021-06-16 09:56:50,1064.65,216827
2021-06-16 09:56:51,1064.65,216827
2021-06-16 09:56:52,1064.25,216834
2021-06-16 09:56:53,1064.1,216985
2021-06-16 09:56:54,1064.1,216985
2021-06-16 09:56:55,1064.1,216985
2021-06-16 09:56:56,1064.65,217052
2021-06-16 09:56:57,1064.65,217052
2021-06-16 09:56:58,1065.0,218811
2021-06-16 09:57:00,1064.65,218871
2021-06-16 09:57:00,1064.65,218931
2021-06-16 09:57:01,1064.65,218931
2021-06-16 09:57:03,1065.1,218932
2021-06-16 09:57:04,1065.1,218957
2021-06-16 09:57:05,1065.1,218957
2021-06-16 09:57:06,1065.5,219368
2021-06-16 09:57:07,1065.5,219404
2021-06-16 09:57:09,1064.85,220488
2021-06-16 09:57:10,1064.7,222005
2021-06-16 09:57:11,1065.45,223663
2021-06-16 09:57:12,1065.0,223664
2021-06-16 09:57:13,1065.0,223816
2021-06-16 09:57:14,1065.0,223867
2021-06-16 09:57:16,1065.5,224867
2021-06-16 09:57:17,1065.3,224892
2021-06-16 09:57:18,1065.3,224892
2021-06-16 09:57:19,1065.3,224917
2021-06-16 09:57:19,1065.3,224917
2021-06-16 09:57:20,1065.3,224917
2021-06-16 09:57:22,1065.3,224918
2021-06-16 09:57:23,1065.3,224918
2021-06-16 09:57:24,1065.3,224918
2021-06-16 09:57:26,1065.3,224918
2021-06-16 09:57:26,1065.3,224918
2021-06-16 09:57:28,1065.3,224918
2021-06-16 09:57:29,1065.0,224922
2021-06-16 09:57:30,1065.0,224922
2021-06-16 09:57:30,1065.3,224972
2021-06-16 09:57:31,1065.3,224972
2021-06-16 09:57:32,1065.3,224973
2021-06-16 09:57:33,1065.3,224973
2021-06-16 09:57:34,1065.3,224973
2021-06-16 09:57:35,1065.0,225573
2021-06-16 09:57:38,1065.0,225712
2021-06-16 09:57:38,1064.85,225768
2021-06-16 09:57:39,1064.85,225768
2021-06-16 09:57:41,1065.3,225784
2021-06-16 09:57:42,1065.3,225784
2021-06-16 09:57:43,1065.3,225784
2021-06-16 09:57:44,1065.3,225789
2021-06-16 09:57:45,1065.3,225824
2021-06-16 09:57:46,1065.3,225825
2021-06-16 09:57:46,1065.3,225824
2021-06-16 09:57:47,1065.3,225825
2021-06-16 09:57:48,1065.3,225825
2021-06-16 09:57:49,1065.0,225850
2021-06-16 09:57:50,1065.0,225870
2021-06-16 09:57:51,1065.0,225871
2021-06-16 09:57:52,1064.9,225980
2021-06-16 09:57:54,1064.75,226012
2021-06-16 09:57:55,1065.0,226121
2021-06-16 09:57:55,1065.25,226123
2021-06-16 09:57:57,1065.25,226123
2021-06-16 09:57:58,1064.7,226135
2021-06-16 09:57:58,1064.7,226135
2021-06-16 09:57:59,1065.2,226139
2021-06-16 09:58:00,1065.2,226139
2021-06-16 09:58:03,1064.95,226465
2021-06-16 09:58:04,1065.0,226583
2021-06-16 09:58:04,1065.0,226583
2021-06-16 09:58:05,1064.5,226625
2021-06-16 09:58:06,1065.0,226773
2021-06-16 09:58:07,1065.0,226861
2021-06-16 09:58:09,1065.0,226944
2021-06-16 09:58:09,1065.0,227021
2021-06-16 09:58:10,1065.0,227211
2021-06-16 09:58:11,1065.0,227379
2021-06-16 09:58:13,1065.0,227390
2021-06-16 09:58:14,1065.25,227634
2021-06-16 09:58:15,1065.25,227634
2021-06-16 09:58:16,1065.0,227635
2021-06-16 09:58:18,1065.3,227636
2021-06-16 09:58:19,1065.3,227655
2021-06-16 09:58:21,1065.3,228547
2021-06-16 09:58:22,1065.5,228603
2021-06-16 09:58:23,1065.05,228628
2021-06-16 09:58:24,1065.05,228668
2021-06-16 09:58:25,1065.5,228683
2021-06-16 09:58:25,1065.5,228683
2021-06-16 09:58:26,1065.5,228683
2021-06-16 09:58:28,1065.5,228683
2021-06-16 09:58:29,1065.5,228683
2021-06-16 09:58:29,1065.5,228683
2021-06-16 09:58:30,1065.5,228683
2021-06-16 09:58:31,1065.5,228699
2021-06-16 09:58:33,1065.5,228699
2021-06-16 09:58:34,1065.5,228699
2021-06-16 09:58:35,1065.5,228699
2021-06-16 09:58:36,1065.3,228722
2021-06-16 09:58:37,1065.3,228722
2021-06-16 09:58:38,1065.3,228722
2021-06-16 09:58:39,1065.5,228763
2021-06-16 09:58:39,1065.5,228763
2021-06-16 09:58:41,1065.5,228804
2021-06-16 09:58:42,1065.5,228804
2021-06-16 09:58:43,1065.5,228824
2021-06-16 09:58:44,1065.5,228839
2021-06-16 09:58:45,1065.5,228839
2021-06-16 09:58:46,1065.5,228869
2021-06-16 09:58:47,1065.5,228869
2021-06-16 09:58:48,1065.5,228869
2021-06-16 09:58:49,1065.35,228901
2021-06-16 09:58:49,1065.35,228973
2021-06-16 09:58:50,1065.35,228994
2021-06-16 09:58:52,1065.35,228994
2021-06-16 09:58:53,1065.25,229094
2021-06-16 09:58:55,1065.25,229094
2021-06-16 09:58:56,1065.35,229095
2021-06-16 09:58:57,1065.35,229095
2021-06-16 09:58:58,1065.35,229095
2021-06-16 09:59:00,1065.35,229096
2021-06-16 09:59:01,1065.35,229111
2021-06-16 09:59:02,1065.2,229118
2021-06-16 09:59:03,1065.35,229119
2021-06-16 09:59:04,1065.35,229119
2021-06-16 09:59:05,1065.35,229137
2021-06-16 09:59:07,1065.35,229187
2021-06-16 09:59:08,1065.35,229193
2021-06-16 09:59:10,1065.35,229193
2021-06-16 09:59:11,1065.35,229193
2021-06-16 09:59:12,1065.35,229193
2021-06-16 09:59:14,1065.5,233347
2021-06-16 09:59:15,1065.65,233348
2021-06-16 09:59:16,1065.65,233348
2021-06-16 09:59:17,1065.35,233388
2021-06-16 09:59:18,1065.65,233438
2021-06-16 09:59:19,1065.65,233487
2021-06-16 09:59:20,1065.65,233487
2021-06-16 09:59:21,1065.65,233487
2021-06-16 09:59:22,1066.0,233574
2021-06-16 09:59:23,1066.0,233574
2021-06-16 09:59:24,1066.0,233574
2021-06-16 09:59:25,1065.65,233575
2021-06-16 09:59:26,1065.95,233587
2021-06-16 09:59:27,1065.95,233612
2021-06-16 09:59:29,1065.95,233614
2021-06-16 09:59:28,1065.65,233613
2021-06-16 09:59:30,1065.95,233614
2021-06-16 09:59:31,1065.95,233644
2021-06-16 09:59:32,1065.95,233646
2021-06-16 09:59:33,1065.95,233646
2021-06-16 09:59:34,1065.9,233847
2021-06-16 09:59:35,1065.9,233847
2021-06-16 09:59:36,1065.9,233847
2021-06-16 09:59:37,1065.9,233847
2021-06-16 09:59:38,1065.9,233847
2021-06-16 09:59:39,1065.95,233872
2021-06-16 09:59:40,1065.95,233875
2021-06-16 09:59:41,1065.95,233925
2021-06-16 09:59:42,1065.95,233943
2021-06-16 09:59:43,1065.95,233943
2021-06-16 09:59:44,1065.95,233943
2021-06-16 09:59:45,1065.95,233943
2021-06-16 09:59:46,1065.95,233943
2021-06-16 09:59:47,1065.95,233943
2021-06-16 09:59:48,1065.95,233943
2021-06-16 09:59:49,1065.95,233943
2021-06-16 09:59:50,1065.95,233943
2021-06-16 09:59:51,1065.95,233943
2021-06-16 09:59:52,1065.95,233943
2021-06-16 09:59:53,1065.25,234095
2021-06-16 09:59:54,1065.6,234122
2021-06-16 09:59:55,1065.6,234172
2021-06-16 09:59:56,1065.6,234172
2021-06-16 09:59:57,1065.6,234172
2021-06-16 09:59:59,1065.25,234182
2021-06-16 10:00:01,1065.25,234182
2021-06-16 10:00:03,1065.35,234425
2021-06-16 10:00:04,1065.4,234827
2021-06-16 10:00:05,1065.4,234827
2021-06-16 10:00:07,1065.4,234827
2021-06-16 10:00:08,1065.4,234827
2021-06-16 10:00:11,1065.4,234827
2021-06-16 10:00:13,1065.55,234847
2021-06-16 10:00:14,1065.45,234848
2021-06-16 10:00:15,1065.55,234898
2021-06-16 10:00:16,1065.55,234898
2021-06-16 10:00:17,1065.4,234899
2021-06-16 10:00:18,1065.4,234900
2021-06-16 10:00:19,1065.4,234900
2021-06-16 10:00:20,1065.4,235190
2021-06-16 10:00:21,1065.4,235190
2021-06-16 10:00:23,1065.45,235195
2021-06-16 10:00:24,1065.45,235195
2021-06-16 10:00:25,1065.45,235195
2021-06-16 10:00:26,1065.45,235195
2021-06-16 10:00:27,1065.45,235220
2021-06-16 10:00:28,1065.65,235270
2021-06-16 10:00:29,1065.65,235270
2021-06-16 10:00:30,1065.65,235270
2021-06-16 10:00:31,1065.65,235270
2021-06-16 10:00:32,1065.65,235270
2021-06-16 10:00:33,1065.65,235270
2021-06-16 10:00:34,1065.65,235270
2021-06-16 10:00:35,1065.65,235320
2021-06-16 10:00:36,1065.65,235320
2021-06-16 10:00:37,1065.65,235320
2021-06-16 10:00:38,1065.65,235320
2021-06-16 10:00:39,1065.9,235330
2021-06-16 10:00:40,1065.9,235330
2021-06-16 10:00:41,1065.65,235331
2021-06-16 10:00:42,1065.9,235376
2021-06-16 10:00:43,1065.9,235376
2021-06-16 10:00:44,1065.9,235386
2021-06-16 10:00:45,1065.95,235397
2021-06-16 10:00:46,1065.7,235442
2021-06-16 10:00:48,1065.95,235443
2021-06-16 10:00:50,1065.7,235479
2021-06-16 10:00:51,1065.7,235479
2021-06-16 10:00:54,1065.95,235631
2021-06-16 10:00:55,1065.6,235642
2021-06-16 10:00:56,1065.6,235646
2021-06-16 10:00:57,1065.4,235656
2021-06-16 10:00:58,1065.6,235687
2021-06-16 10:00:59,1065.6,235738
2021-06-16 10:01:00,1065.6,235738
2021-06-16 10:01:01,1065.6,235807
2021-06-16 10:01:02,1065.6,235807
2021-06-16 10:01:03,1065.6,235807
2021-06-16 10:01:04,1065.6,235809
2021-06-16 10:01:05,1065.6,235809
2021-06-16 10:01:06,1065.6,235809
2021-06-16 10:01:07,1065.6,235809
2021-06-16 10:01:08,1065.6,235809
2021-06-16 10:01:09,1065.6,235809
2021-06-16 10:01:10,1065.4,235885
2021-06-16 10:01:11,1065.4,235885
2021-06-16 10:01:12,1065.4,236005
2021-06-16 10:01:13,1065.4,236005
2021-06-16 10:01:14,1065.4,236005
2021-06-16 10:01:15,1065.4,236007
2021-06-16 10:01:16,1065.4,236007
2021-06-16 10:01:17,1065.4,236008
2021-06-16 10:01:18,1065.4,236008
2021-06-16 10:01:19,1065.4,236008
2021-06-16 10:01:21,1065.4,236108
2021-06-16 10:01:22,1065.4,236109
2021-06-16 10:01:23,1065.4,236109
2021-06-16 10:01:24,1065.4,236119
2021-06-16 10:01:26,1065.4,236119
2021-06-16 10:01:27,1065.4,236120
2021-06-16 10:01:28,1065.4,236120
2021-06-16 10:01:29,1065.4,236121
2021-06-16 10:01:31,1065.4,236121
2021-06-16 10:01:31,1065.4,236126
2021-06-16 10:01:32,1065.4,236126
2021-06-16 10:01:33,1065.4,236127
2021-06-16 10:01:35,1065.2,236159
2021-06-16 10:01:36,1065.2,236160
2021-06-16 10:01:37,1065.2,236164
2021-06-16 10:01:39,1065.4,236242
2021-06-16 10:01:40,1065.2,236243
2021-06-16 10:01:41,1065.2,236243
2021-06-16 10:01:42,1065.2,236326
2021-06-16 10:01:43,1065.2,236326
2021-06-16 10:01:44,1065.4,236327
2021-06-16 10:01:46,1065.4,236327
2021-06-16 10:01:46,1065.45,236527
2021-06-16 10:01:47,1065.45,236527
2021-06-16 10:01:49,1065.25,236683
2021-06-16 10:01:50,1065.25,236683
2021-06-16 10:01:51,1065.25,236683
2021-06-16 10:01:52,1065.4,236685
2021-06-16 10:01:53,1065.4,236685
2021-06-16 10:01:54,1065.4,236685
2021-06-16 10:01:55,1065.45,236719
2021-06-16 10:01:56,1065.45,236719
2021-06-16 10:01:57,1065.45,236720
2021-06-16 10:01:59,1065.45,236720
2021-06-16 10:02:00,1065.45,236852
2021-06-16 10:02:01,1065.45,236879
2021-06-16 10:02:02,1065.45,236879
2021-06-16 10:02:03,1065.45,236880
2021-06-16 10:02:04,1065.45,236880
2021-06-16 10:02:05,1065.45,236880
2021-06-16 10:02:06,1065.45,236880
2021-06-16 10:02:07,1065.45,236881
2021-06-16 10:02:08,1065.45,236881
2021-06-16 10:02:09,1065.45,236881
2021-06-16 10:02:10,1065.45,236881
2021-06-16 10:02:12,1065.15,236926
2021-06-16 10:02:13,1065.15,236926
2021-06-16 10:02:14,1065.15,236927
2021-06-16 10:02:15,1065.15,236927
2021-06-16 10:02:16,1064.85,237583
2021-06-16 10:02:17,1065.15,237597
2021-06-16 10:02:19,1065.45,237948
2021-06-16 10:02:20,1065.15,238180
2021-06-16 10:02:21,1064.75,238388
2021-06-16 10:02:22,1064.75,238388
2021-06-16 10:02:23,1064.75,238388
2021-06-16 10:02:25,1065.45,238395
2021-06-16 10:02:26,1065.45,238395
2021-06-16 10:02:27,1065.45,238395
2021-06-16 10:02:28,1065.45,238395
2021-06-16 10:02:31,1065.4,239681
2021-06-16 10:02:33,1065.35,239682
2021-06-16 10:02:33,1064.95,239785
2021-06-16 10:02:34,1064.95,239785
2021-06-16 10:02:36,1065.35,239789
2021-06-16 10:02:36,1065.35,239789
2021-06-16 10:02:37,1065.4,239961
2021-06-16 10:02:38,1065.4,239982
2021-06-16 10:02:39,1065.4,239982
2021-06-16 10:02:40,1065.4,239982
2021-06-16 10:02:41,1065.4,239982
2021-06-16 10:02:42,1065.35,239985
2021-06-16 10:02:43,1065.35,239985
2021-06-16 10:02:44,1065.05,239986
2021-06-16 10:02:45,1065.35,240036
2021-06-16 10:02:46,1065.35,240036
2021-06-16 10:02:48,1065.35,240036
2021-06-16 10:02:48,1065.35,240037
2021-06-16 10:02:50,1065.35,240037
2021-06-16 10:02:51,1065.35,240037
2021-06-16 10:02:52,1065.35,240037
2021-06-16 10:02:53,1064.8,240188
2021-06-16 10:02:53,1064.8,240188
2021-06-16 10:02:54,1065.15,240191
2021-06-16 10:02:55,1065.15,240191
2021-06-16 10:02:56,1065.15,240191
2021-06-16 10:02:57,1065.15,240191
2021-06-16 10:02:58,1065.15,240191
2021-06-16 10:02:59,1065.15,240191
2021-06-16 10:03:00,1065.15,240191
2021-06-16 10:03:02,1065.05,240211
2021-06-16 10:03:03,1065.05,240211
2021-06-16 10:03:04,1064.85,240216
2021-06-16 10:03:05,1064.85,240216
2021-06-16 10:03:06,1064.85,240216
2021-06-16 10:03:07,1064.85,240216
2021-06-16 10:03:08,1064.85,240216
2021-06-16 10:03:10,1064.85,240216
2021-06-16 10:03:11,1065.05,240219
2021-06-16 10:03:12,1065.05,240219
2021-06-16 10:03:13,1065.05,240224
2021-06-16 10:03:14,1065.05,240225
2021-06-16 10:03:15,1065.05,240225
2021-06-16 10:03:16,1065.05,240225
2021-06-16 10:03:17,1065.05,240225
2021-06-16 10:03:18,1065.05,240225
2021-06-16 10:03:19,1065.05,240225
2021-06-16 10:03:20,1065.05,240225
2021-06-16 10:03:21,1064.95,240252
2021-06-16 10:03:22,1064.95,240254
2021-06-16 10:03:23,1065.0,240656
2021-06-16 10:03:24,1065.0,240656
2021-06-16 10:03:25,1065.05,240662
2021-06-16 10:03:26,1065.05,240662
2021-06-16 10:03:29,1065.0,240688
2021-06-16 10:03:30,1065.0,240904
2021-06-16 10:03:30,1065.0,240984
2021-06-16 10:03:31,1065.0,241086
2021-06-16 10:03:32,1065.0,241147
2021-06-16 10:03:33,1065.0,241147
2021-06-16 10:03:34,1065.0,241285
2021-06-16 10:03:35,1065.0,243501
2021-06-16 10:03:36,1065.0,243837
2021-06-16 10:03:37,1065.0,244357
2021-06-16 10:03:38,1065.0,244915
2021-06-16 10:03:39,1064.95,245095
2021-06-16 10:03:40,1065.0,245369
2021-06-16 10:03:41,1065.0,245543
2021-06-16 10:03:42,1065.0,245569
2021-06-16 10:03:43,1065.0,245827
2021-06-16 10:03:44,1065.0,246003
2021-06-16 10:03:46,1065.0,246003
2021-06-16 10:03:47,1065.0,246003
2021-06-16 10:03:48,1065.0,246003
2021-06-16 10:03:49,1065.05,246006
2021-06-16 10:03:50,1064.6,246007
2021-06-16 10:03:50,1064.75,246023
2021-06-16 10:03:51,1064.75,246055
2021-06-16 10:03:52,1064.75,246087
2021-06-16 10:03:53,1064.9,246177
2021-06-16 10:03:54,1064.75,246239
2021-06-16 10:03:55,1064.75,246443
2021-06-16 10:03:57,1064.75,246714
2021-06-16 10:03:57,1065.0,247265
2021-06-16 10:03:58,1065.0,247628
2021-06-16 10:03:59,1064.55,248001
2021-06-16 10:04:00,1065.0,248113
2021-06-16 10:04:01,1065.0,248113
2021-06-16 10:04:02,1065.0,248199
2021-06-16 10:04:04,1065.05,248444
2021-06-16 10:04:07,1064.95,248507
2021-06-16 10:04:12,1065.0,249531
2021-06-16 10:04:16,1064.95,249549
2021-06-16 10:04:21,1065.0,251184
2021-06-16 10:04:30,1065.6,252069
2021-06-16 10:04:34,1064.65,252184
2021-06-16 10:04:39,1065.0,253968
2021-06-16 10:04:43,1065.0,253968
2021-06-16 10:04:48,1064.45,254028
2021-06-16 10:04:53,1065.0,254194
2021-06-16 10:04:58,1064.5,254516
2021-06-16 10:05:07,1064.2,254717
2021-06-16 10:05:12,1064.2,254717
2021-06-16 10:05:17,1064.9,254882
2021-06-16 10:05:21,1064.45,254892
2021-06-16 10:05:25,1064.45,254892
2021-06-16 10:05:30,1064.5,255049
2021-06-16 10:05:35,1064.5,255059
2021-06-16 10:05:39,1064.45,255119
2021-06-16 10:05:44,1065.3,256120
2021-06-16 10:05:48,1065.3,256120
2021-06-16 10:05:53,1064.9,256711
2021-06-16 10:05:57,1064.5,257073
2021-06-16 10:06:01,1064.5,257073
2021-06-16 10:06:06,1064.1,257106
2021-06-16 10:06:10,1063.8,257507
2021-06-16 10:06:14,1063.8,257507
2021-06-16 10:06:18,1064.35,257537
2021-06-16 10:06:22,1063.7,257588
2021-06-16 10:06:26,1063.65,261024
2021-06-16 10:06:31,1064.0,265765
2021-06-16 10:06:36,1063.05,266335
2021-06-16 10:06:40,1063.55,266337
2021-06-16 10:06:45,1063.1,266421
2021-06-16 10:06:49,1063.35,266757
2021-06-16 10:06:54,1063.85,268731
2021-06-16 10:06:59,1064.0,269551
2021-06-16 10:07:03,1064.0,269595
2021-06-16 10:07:08,1064.0,270301
2021-06-16 10:07:12,1064.0,271759
2021-06-16 10:07:17,1064.3,271774
2021-06-16 10:07:22,1064.15,271942
2021-06-16 10:07:26,1064.4,271996
2021-06-16 10:07:31,1064.4,271998
2021-06-16 10:07:35,1064.0,272256
2021-06-16 10:07:40,1064.0,272586
2021-06-16 10:07:44,1064.0,272586
2021-06-16 10:07:53,1062.45,284686
2021-06-16 10:07:58,1063.85,286146
2021-06-16 10:08:02,1063.75,287605
2021-06-16 10:08:07,1063.6,292199
2021-06-16 10:08:11,1063.75,292232
2021-06-16 10:08:15,1063.7,292525
2021-06-16 10:08:19,1063.1,292639
2021-06-16 10:08:27,1063.3,292760
2021-06-16 10:08:32,1062.65,292826
2021-06-16 10:08:37,1062.7,292846
2021-06-16 10:08:41,1062.7,292851
2021-06-16 10:08:46,1062.95,292873
2021-06-16 10:08:54,1062.0,292888
2021-06-16 10:08:59,1061.75,293263
2021-06-16 10:09:03,1061.6,293362
2021-06-16 10:09:06,1061.65,293423
2021-06-16 10:09:07,1061.75,294423
2021-06-16 10:09:08,1061.75,294423
2021-06-16 10:09:09,1061.25,294693
2021-06-16 10:09:10,1061.25,294693
2021-06-16 10:09:11,1061.25,294693
2021-06-16 10:09:12,1061.25,294772
2021-06-16 10:09:12,1061.2,294801
2021-06-16 10:09:13,1061.0,297729
2021-06-16 10:09:15,1061.0,297729
2021-06-16 10:09:16,1061.4,297733
2021-06-16 10:09:17,1060.85,297838
2021-06-16 10:09:18,1061.0,297938
2021-06-16 10:09:19,1061.3,297951
2021-06-16 10:09:20,1061.3,297951
2021-06-16 10:09:21,1061.3,297951
2021-06-16 10:09:22,1060.9,298094
2021-06-16 10:09:23,1060.9,298094
2021-06-16 10:09:24,1060.9,298094
2021-06-16 10:09:25,1060.9,298094
2021-06-16 10:09:26,1061.0,298194
2021-06-16 10:09:27,1061.0,298195
2021-06-16 10:09:27,1061.0,298195
2021-06-16 10:09:29,1060.9,298266
2021-06-16 10:09:30,1060.9,298266
2021-06-16 10:09:31,1060.9,298266
2021-06-16 10:09:32,1060.65,298366
2021-06-16 10:09:33,1061.0,298376
2021-06-16 10:09:34,1061.0,298376
2021-06-16 10:09:35,1060.65,298377
2021-06-16 10:09:36,1060.65,298377
2021-06-16 10:09:37,1060.65,298377
2021-06-16 10:09:38,1060.65,298377
2021-06-16 10:09:39,1060.65,298377
2021-06-16 10:09:40,1061.0,298427
2021-06-16 10:09:41,1061.0,298427
2021-06-16 10:09:41,1061.0,298427
2021-06-16 10:09:42,1061.0,298427
2021-06-16 10:09:44,1061.0,298427
2021-06-16 10:09:45,1061.0,298427
2021-06-16 10:09:46,1060.9,298444
2021-06-16 10:09:47,1061.0,298455
2021-06-16 10:09:48,1060.7,298505
2021-06-16 10:09:49,1060.7,298505
2021-06-16 10:09:50,1061.0,298515
2021-06-16 10:09:51,1061.0,298515
2021-06-16 10:09:53,1061.0,298515
2021-06-16 10:09:52,1061.0,298515
2021-06-16 10:09:54,1061.0,298515
2021-06-16 10:09:55,1060.6,298615
2021-06-16 10:09:57,1060.25,298739
2021-06-16 10:09:58,1060.65,298754
2021-06-16 10:09:59,1060.65,298854
2021-06-16 10:10:00,1060.65,298886
2021-06-16 10:10:01,1060.65,298891
2021-06-16 10:10:02,1060.65,298891
2021-06-16 10:10:03,1060.25,298927
2021-06-16 10:10:04,1060.25,298927
2021-06-16 10:10:05,1060.25,298927
2021-06-16 10:10:06,1060.6,298993
2021-06-16 10:10:07,1060.6,298994
2021-06-16 10:10:08,1060.6,298994
2021-06-16 10:10:09,1060.65,299010
2021-06-16 10:10:10,1060.65,299010
2021-06-16 10:10:11,1060.65,299010
2021-06-16 10:10:12,1060.6,299049
2021-06-16 10:10:13,1060.6,299067
2021-06-16 10:10:15,1060.25,299077
2021-06-16 10:10:16,1060.25,299077
2021-06-16 10:10:17,1060.25,299077
2021-06-16 10:10:19,1060.8,299197
2021-06-16 10:10:20,1060.8,299197
2021-06-16 10:10:21,1061.25,300297
2021-06-16 10:10:22,1061.25,300297
2021-06-16 10:10:24,1061.25,300297
2021-06-16 10:10:25,1061.15,300397
2021-06-16 10:10:26,1061.15,300397
2021-06-16 10:10:27,1061.15,300397
2021-06-16 10:10:28,1061.15,300397
2021-06-16 10:10:29,1061.15,300397
2021-06-16 10:10:30,1061.15,300397
2021-06-16 10:10:31,1061.15,300407
2021-06-16 10:10:32,1061.15,300407
2021-06-16 10:10:33,1060.7,300648
2021-06-16 10:10:34,1060.7,300648
2021-06-16 10:10:35,1060.7,300648
2021-06-16 10:10:36,1060.7,300648
2021-06-16 10:10:37,1060.7,300648
2021-06-16 10:10:38,1060.7,300648
2021-06-16 10:10:39,1060.7,300648
2021-06-16 10:10:40,1060.65,300767
2021-06-16 10:10:41,1060.65,300767
2021-06-16 10:10:42,1060.65,300767
2021-06-16 10:10:43,1060.65,300767
2021-06-16 10:10:45,1060.65,300767
2021-06-16 10:10:46,1060.65,300767
2021-06-16 10:10:47,1060.65,300767
2021-06-16 10:10:48,1060.65,300767
2021-06-16 10:10:49,1060.65,300767
2021-06-16 10:10:50,1060.65,300767
2021-06-16 10:10:51,1060.65,300767
2021-06-16 10:10:52,1060.65,300767
2021-06-16 10:10:53,1060.65,300767
2021-06-16 10:10:54,1060.65,300767
2021-06-16 10:10:55,1060.65,300767
2021-06-16 10:10:56,1061.15,300781
2021-06-16 10:10:57,1061.15,300781
2021-06-16 10:10:58,1061.15,300781
2021-06-16 10:10:59,1061.15,300781
2021-06-16 10:11:00,1061.15,300784
2021-06-16 10:11:01,1061.15,300788
2021-06-16 10:11:02,1061.15,300838
2021-06-16 10:11:03,1061.85,301396
2021-06-16 10:11:04,1061.85,301396
2021-06-16 10:11:05,1061.85,301396
2021-06-16 10:11:07,1061.85,301396
2021-06-16 10:11:06,1061.85,301396
2021-06-16 10:11:08,1061.85,301396
2021-06-16 10:11:09,1061.25,301523
2021-06-16 10:11:10,1061.25,301523
2021-06-16 10:11:11,1061.25,301523
2021-06-16 10:11:12,1061.25,301523
2021-06-16 10:11:13,1061.25,301523
2021-06-16 10:11:14,1061.25,301523
2021-06-16 10:11:15,1061.25,301523
2021-06-16 10:11:16,1061.25,301523
2021-06-16 10:11:17,1061.25,301523
2021-06-16 10:11:19,1061.25,301523
2021-06-16 10:11:20,1061.25,301523
2021-06-16 10:11:21,1061.25,301523
2021-06-16 10:11:22,1061.3,302616
2021-06-16 10:11:23,1061.7,302633
2021-06-16 10:11:24,1061.7,302633
2021-06-16 10:11:25,1061.7,302633
2021-06-16 10:11:26,1061.8,303052
2021-06-16 10:11:28,1061.25,303053
2021-06-16 10:11:29,1061.75,303060
2021-06-16 10:11:30,1061.75,303060
2021-06-16 10:11:32,1061.1,303202
2021-06-16 10:11:33,1061.1,303205
2021-06-16 10:11:34,1061.0,303215
2021-06-16 10:11:35,1060.7,303217
2021-06-16 10:11:36,1061.0,303237
2021-06-16 10:11:37,1061.0,303237
2021-06-16 10:11:38,1061.0,303273
2021-06-16 10:11:39,1061.0,303273
2021-06-16 10:11:40,1061.0,303273
2021-06-16 10:11:41,1060.65,303275
2021-06-16 10:11:42,1060.65,303275
2021-06-16 10:11:43,1060.65,303275
2021-06-16 10:11:45,1060.65,303275
2021-06-16 10:11:44,1060.65,303275
2021-06-16 10:11:46,1060.65,303275
2021-06-16 10:11:47,1060.65,303275
2021-06-16 10:11:48,1060.65,303275
2021-06-16 10:11:49,1060.65,303275
2021-06-16 10:11:50,1060.65,303451
2021-06-16 10:11:51,1060.7,303454
2021-06-16 10:11:52,1060.7,303634
2021-06-16 10:11:53,1060.7,303634
2021-06-16 10:11:54,1060.7,303634
2021-06-16 10:11:55,1060.7,303634
2021-06-16 10:11:56,1060.7,303634
2021-06-16 10:11:57,1060.7,303637
2021-06-16 10:11:58,1060.65,303737
2021-06-16 10:11:59,1060.65,303737
2021-06-16 10:12:00,1060.65,303737
2021-06-16 10:12:01,1060.65,303737
2021-06-16 10:12:03,1060.65,303737
2021-06-16 10:12:04,1060.7,303739
2021-06-16 10:12:04,1060.7,303739
2021-06-16 10:12:05,1061.05,304249
2021-06-16 10:12:06,1061.05,304257
2021-06-16 10:12:07,1061.05,304257
2021-06-16 10:12:09,1061.05,304257
2021-06-16 10:12:09,1061.05,304257
2021-06-16 10:12:10,1061.05,304257
2021-06-16 10:12:12,1060.95,304468
2021-06-16 10:12:13,1061.15,304473
2021-06-16 10:12:14,1061.15,304473
2021-06-16 10:12:16,1060.95,305093
2021-06-16 10:12:17,1060.95,305093
2021-06-16 10:12:18,1061.15,305383
2021-06-16 10:12:18,1061.15,305383
2021-06-16 10:12:19,1061.15,305383
2021-06-16 10:12:20,1061.15,305384
2021-06-16 10:12:21,1061.15,305384
2021-06-16 10:12:22,1061.15,305384
2021-06-16 10:12:23,1061.15,305384
2021-06-16 10:12:24,1060.65,305391
2021-06-16 10:12:25,1061.0,305399
2021-06-16 10:12:26,1061.0,305599
2021-06-16 10:12:27,1061.0,305599
2021-06-16 10:12:29,1061.0,305639
2021-06-16 10:12:30,1061.0,305642
2021-06-16 10:12:31,1061.0,305642
2021-06-16 10:12:34,1061.0,305642
2021-06-16 10:12:34,1061.0,305642
2021-06-16 10:12:35,1060.8,305673
2021-06-16 10:12:36,1060.65,306413
2021-06-16 10:12:37,1060.65,306413
2021-06-16 10:12:38,1060.65,306413
2021-06-16 10:12:39,1060.65,306413
2021-06-16 10:12:40,1060.65,306413
2021-06-16 10:12:41,1060.65,306413
2021-06-16 10:12:42,1060.65,306413
2021-06-16 10:12:43,1061.0,306414
2021-06-16 10:12:44,1061.0,306414
2021-06-16 10:12:46,1061.0,306435
2021-06-16 10:12:47,1061.0,306435
2021-06-16 10:12:47,1061.0,306441
2021-06-16 10:12:48,1061.0,306441
2021-06-16 10:12:49,1061.0,306441
2021-06-16 10:12:51,1061.0,306462
2021-06-16 10:12:52,1061.0,306462
2021-06-16 10:12:52,1061.0,306462
2021-06-16 10:12:54,1060.65,306547
2021-06-16 10:12:55,1061.0,306548
2021-06-16 10:12:56,1061.0,306548
2021-06-16 10:12:58,1061.2,306695
2021-06-16 10:12:58,1061.2,306695
2021-06-16 10:13:00,1061.2,306695
2021-06-16 10:13:01,1061.2,306695
2021-06-16 10:13:02,1061.4,306699
2021-06-16 10:13:03,1061.4,306700
2021-06-16 10:13:04,1061.25,306725
2021-06-16 10:13:05,1061.4,306813
2021-06-16 10:13:06,1061.15,306935
2021-06-16 10:13:07,1061.15,306935
2021-06-16 10:13:08,1061.4,306943
2021-06-16 10:13:09,1061.4,306943
2021-06-16 10:13:11,1062.0,307133
2021-06-16 10:13:11,1062.3,307933
2021-06-16 10:13:13,1061.25,307963
2021-06-16 10:13:15,1061.7,308009
2021-06-16 10:13:16,1061.8,308073
2021-06-16 10:13:18,1061.4,308091
2021-06-16 10:13:19,1061.95,308095
2021-06-16 10:13:20,1061.95,308095
2021-06-16 10:13:20,1061.95,308095
2021-06-16 10:13:21,1061.95,308095
2021-06-16 10:13:22,1061.95,308095
2021-06-16 10:13:23,1061.65,308133
2021-06-16 10:13:24,1061.65,308133
2021-06-16 10:13:26,1062.1,308358
2021-06-16 10:13:26,1062.1,308358
2021-06-16 10:13:27,1061.45,308363
2021-06-16 10:13:28,1061.45,308363
2021-06-16 10:13:29,1061.45,308363
2021-06-16 10:13:30,1061.5,308388
2021-06-16 10:13:31,1061.5,308388
2021-06-16 10:13:32,1061.95,308389
2021-06-16 10:13:33,1061.95,308389
2021-06-16 10:13:34,1061.75,308423
2021-06-16 10:13:36,1062.0,308647
2021-06-16 10:13:36,1062.0,308647
2021-06-16 10:13:37,1062.0,308647
2021-06-16 10:13:38,1062.0,308647
2021-06-16 10:13:39,1062.0,308647
2021-06-16 10:13:40,1062.0,308647
2021-06-16 10:13:42,1062.2,308997
2021-06-16 10:13:42,1062.2,308997
2021-06-16 10:13:44,1061.95,309003
2021-06-16 10:13:45,1061.95,309003
2021-06-16 10:13:45,1061.95,309003
2021-06-16 10:13:46,1061.95,309013
2021-06-16 10:13:47,1061.95,309013
2021-06-16 10:13:48,1061.8,309049
2021-06-16 10:13:49,1061.95,309050
2021-06-16 10:13:50,1061.95,309050
2021-06-16 10:13:52,1061.95,309100
2021-06-16 10:13:53,1061.95,309100
2021-06-16 10:13:55,1061.55,309155
2021-06-16 10:13:56,1061.55,309155
2021-06-16 10:13:57,1061.55,309155
2021-06-16 10:13:59,1061.55,309155
2021-06-16 10:13:59,1061.55,309155
2021-06-16 10:14:00,1061.55,309155
2021-06-16 10:14:01,1061.55,309155
2021-06-16 10:14:02,1061.55,309155
2021-06-16 10:14:03,1061.55,309155
2021-06-16 10:14:04,1061.55,309155
2021-06-16 10:14:05,1061.55,309155
2021-06-16 10:14:06,1061.7,309205
2021-06-16 10:14:07,1061.7,309205
2021-06-16 10:14:09,1061.7,309205
2021-06-16 10:14:11,1061.7,309205
2021-06-16 10:14:13,1061.7,309205
2021-06-16 10:14:14,1061.55,309210
2021-06-16 10:14:15,1061.55,309210
2021-06-16 10:14:16,1061.55,309210
2021-06-16 10:14:17,1061.55,309210
2021-06-16 10:14:19,1061.7,309247
2021-06-16 10:14:20,1061.7,309247
2021-06-16 10:14:20,1061.7,309247
2021-06-16 10:14:21,1061.35,309459
2021-06-16 10:14:22,1061.35,309459
2021-06-16 10:14:23,1061.35,309459
2021-06-16 10:14:24,1061.35,309459
2021-06-16 10:14:25,1061.35,309459
2021-06-16 10:14:27,1061.7,309559
2021-06-16 10:14:28,1061.7,309559
2021-06-16 10:14:29,1061.75,309576
2021-06-16 10:14:30,1062.05,309776
2021-06-16 10:14:31,1062.1,309801
2021-06-16 10:14:32,1062.1,309801
2021-06-16 10:14:34,1061.35,310101
2021-06-16 10:14:35,1061.35,310144
2021-06-16 10:14:36,1061.35,310144
2021-06-16 10:14:37,1061.55,310150
2021-06-16 10:14:38,1061.55,310150
2021-06-16 10:14:40,1061.3,310170
2021-06-16 10:14:40,1061.3,310170
2021-06-16 10:14:41,1061.3,310170
2021-06-16 10:14:43,1061.3,310170
2021-06-16 10:14:44,1061.3,310170
2021-06-16 10:14:44,1061.5,310178
2021-06-16 10:14:45,1061.5,310178
2021-06-16 10:14:46,1061.5,310178
2021-06-16 10:14:47,1061.5,310178
2021-06-16 10:14:49,1061.5,310178
2021-06-16 10:14:50,1061.5,310178
2021-06-16 10:14:51,1061.0,310308
2021-06-16 10:14:52,1061.5,310310
2021-06-16 10:14:53,1061.5,310310
2021-06-16 10:14:54,1061.5,310310
2021-06-16 10:14:55,1061.5,310310
2021-06-16 10:14:56,1061.5,310310
2021-06-16 10:14:57,1061.0,310331
2021-06-16 10:14:58,1061.2,310357
2021-06-16 10:14:59,1061.5,310374
2021-06-16 10:15:00,1061.5,310374
2021-06-16 10:15:01,1061.5,310464
2021-06-16 10:15:02,1061.5,310464
2021-06-16 10:15:04,1061.15,310565
2021-06-16 10:15:05,1061.2,310570
2021-06-16 10:15:06,1061.2,310570
2021-06-16 10:15:08,1061.2,310570
2021-06-16 10:15:09,1061.2,310570
2021-06-16 10:15:10,1061.2,310572
2021-06-16 10:15:11,1061.15,310628
2021-06-16 10:15:12,1061.0,310648
2021-06-16 10:15:13,1061.2,310698
2021-06-16 10:15:14,1061.15,310699
2021-06-16 10:15:15,1061.15,310699
2021-06-16 10:15:16,1061.15,310718
2021-06-16 10:15:18,1061.15,310718
2021-06-16 10:15:19,1061.15,310718
2021-06-16 10:15:20,1061.15,310719
2021-06-16 10:15:21,1061.15,310719
2021-06-16 10:15:23,1061.15,310740
2021-06-16 10:15:23,1061.15,310740
2021-06-16 10:15:24,1061.15,310740
2021-06-16 10:15:25,1061.15,310740
2021-06-16 10:15:26,1061.4,310747
2021-06-16 10:15:28,1061.4,310747
2021-06-16 10:15:29,1061.4,310747
2021-06-16 10:15:30,1061.4,310747
2021-06-16 10:15:31,1061.05,310756
2021-06-16 10:15:32,1061.0,310775
2021-06-16 10:15:32,1061.0,310776
2021-06-16 10:15:33,1061.0,310777
2021-06-16 10:15:34,1061.05,310778
2021-06-16 10:15:36,1061.05,310778
2021-06-16 10:15:37,1061.05,310796
2021-06-16 10:15:38,1061.05,310800
2021-06-16 10:15:39,1061.05,310812
2021-06-16 10:15:39,1061.05,310812
2021-06-16 10:15:41,1061.05,312614
2021-06-16 10:15:42,1061.15,312633
2021-06-16 10:15:42,1061.15,312633
2021-06-16 10:15:44,1061.15,312633
2021-06-16 10:15:44,1061.15,312633
2021-06-16 10:15:46,1061.15,312633
2021-06-16 10:15:47,1060.65,312641
2021-06-16 10:15:48,1061.0,312657
2021-06-16 10:15:50,1060.8,312682
2021-06-16 10:15:52,1060.8,312682
2021-06-16 10:15:53,1061.0,312696
2021-06-16 10:15:54,1061.0,312696
2021-06-16 10:15:54,1061.0,312698
2021-06-16 10:15:55,1061.0,312698
2021-06-16 10:15:56,1061.0,312698
2021-06-16 10:15:57,1061.0,312798
2021-06-16 10:15:58,1061.0,312800
2021-06-16 10:15:59,1061.0,312801
2021-06-16 10:16:00,1061.0,312801
2021-06-16 10:16:01,1061.0,312801
2021-06-16 10:16:04,1061.0,312999
2021-06-16 10:16:05,1061.3,313001
2021-06-16 10:16:07,1061.3,313001
2021-06-16 10:16:07,1061.3,313034
2021-06-16 10:16:09,1061.7,313047
2021-06-16 10:16:10,1061.7,313048
2021-06-16 10:16:10,1061.7,313048
2021-06-16 10:16:12,1061.7,313048
2021-06-16 10:16:13,1061.7,313048
2021-06-16 10:16:14,1061.7,313048
2021-06-16 10:16:14,1061.7,313048
2021-06-16 10:16:15,1061.7,313048
2021-06-16 10:16:16,1061.8,313064
2021-06-16 10:16:17,1061.8,313064
2021-06-16 10:16:18,1061.25,313074
2021-06-16 10:16:20,1061.85,313087
2021-06-16 10:16:21,1061.85,313087
2021-06-16 10:16:22,1061.6,313107
2021-06-16 10:16:22,1061.6,313107
2021-06-16 10:16:23,1062.0,313158
2021-06-16 10:16:24,1062.0,313163
2021-06-16 10:16:25,1062.0,313163
2021-06-16 10:16:26,1062.0,313163
2021-06-16 10:16:27,1062.0,313163
2021-06-16 10:16:28,1062.0,313163
2021-06-16 10:16:29,1062.0,313163
2021-06-16 10:16:31,1062.25,313266
2021-06-16 10:16:32,1062.25,313266
2021-06-16 10:16:33,1062.15,313267
2021-06-16 10:16:34,1062.25,313268
2021-06-16 10:16:35,1062.25,313268
2021-06-16 10:16:36,1062.15,313269
2021-06-16 10:16:37,1062.5,313274
2021-06-16 10:16:38,1062.3,313384
2021-06-16 10:16:39,1062.8,313386
2021-06-16 10:16:40,1062.8,313406
2021-06-16 10:16:41,1062.8,313406
2021-06-16 10:16:42,1062.15,313412
2021-06-16 10:16:43,1062.15,313412
2021-06-16 10:16:44,1062.15,313412
2021-06-16 10:16:45,1062.5,313512
2021-06-16 10:16:45,1062.15,313412
2021-06-16 10:16:46,1062.5,313524
