timestamp,ltp,volume
2021-06-16 09:15:49,1725.8,9730
2021-06-16 09:15:50,1725.8,9913
2021-06-16 09:15:51,1726.95,9914
2021-06-16 09:15:52,1726.8,9943
2021-06-16 09:15:54,1726.35,10488
2021-06-16 09:15:55,1724.95,10638
2021-06-16 09:15:56,1724.95,10767
2021-06-16 09:15:57,1724.85,10791
2021-06-16 09:15:58,1724.05,10792
2021-06-16 09:15:59,1724.05,10792
2021-06-16 09:16:00,1724.05,10798
2021-06-16 09:16:01,1725.95,10893
2021-06-16 09:16:02,1724.0,11001
2021-06-16 09:16:03,1723.45,11006
2021-06-16 09:16:04,1724.0,11057
2021-06-16 09:16:05,1724.0,11224
2021-06-16 09:16:06,1724.0,11228
2021-06-16 09:16:07,1723.45,11293
2021-06-16 09:16:08,1723.45,11293
2021-06-16 09:16:09,1723.45,11293
2021-06-16 09:16:10,1723.9,11427
2021-06-16 09:16:11,1722.85,11434
2021-06-16 09:16:12,1723.0,11436
2021-06-16 09:16:13,1724.8,11757
2021-06-16 09:16:14,1724.0,11781
2021-06-16 09:16:15,1724.0,12281
2021-06-16 09:16:16,1724.1,12498
2021-06-16 09:16:17,1723.45,12524
2021-06-16 09:16:18,1722.9,12557
2021-06-16 09:16:19,1723.45,12634
2021-06-16 09:16:20,1723.45,12849
2021-06-16 09:16:21,1722.85,12984
2021-06-16 09:16:24,1721.9,13345
2021-06-16 09:16:25,1722.5,13363
2021-06-16 09:16:26,1721.6,13497
2021-06-16 09:16:27,1721.5,13808
2021-06-16 09:16:28,1721.7,13889
2021-06-16 09:16:29,1721.4,14166
2021-06-16 09:16:30,1721.45,14565
2021-06-16 09:16:31,1722.45,14720
2021-06-16 09:16:32,1722.4,14794
2021-06-16 09:16:33,1721.65,14798
2021-06-16 09:16:34,1721.55,14909
2021-06-16 09:16:35,1721.3,15184
2021-06-16 09:16:36,1722.0,15371
2021-06-16 09:16:37,1721.4,15864
2021-06-16 09:16:38,1722.35,16091
2021-06-16 09:16:39,1721.45,16122
2021-06-16 09:16:40,1721.6,16140
2021-06-16 09:16:41,1721.5,16145
2021-06-16 09:16:42,1721.5,16147
2021-06-16 09:16:43,1721.5,16152
2021-06-16 09:16:44,1722.25,16197
2021-06-16 09:16:45,1721.5,16199
2021-06-16 09:16:46,1721.6,16220
2021-06-16 09:16:47,1721.6,16226
2021-06-16 09:16:48,1721.5,16390
2021-06-16 09:16:49,1720.8,17068
2021-06-16 09:16:50,1720.55,17116
2021-06-16 09:16:51,1720.55,17127
2021-06-16 09:16:52,1720.8,17232
2021-06-16 09:16:53,1720.55,17236
2021-06-16 09:16:54,1720.55,17244
2021-06-16 09:16:55,1720.55,17439
2021-06-16 09:16:56,1720.55,17596
2021-06-16 09:16:57,1720.2,17633
2021-06-16 09:16:58,1720.2,17720
2021-06-16 09:16:59,1719.75,18213
2021-06-16 09:17:00,1718.0,18966
2021-06-16 09:17:02,1718.05,20180
2021-06-16 09:17:03,1718.1,20338
2021-06-16 09:17:06,1718.65,20846
2021-06-16 09:17:09,1717.4,20995
2021-06-16 09:17:12,1718.3,21242
2021-06-16 09:17:14,1717.45,21265
2021-06-16 09:17:17,1717.65,21478
2021-06-16 09:17:18,1717.45,21626
2021-06-16 09:17:19,1718.25,21802
2021-06-16 09:17:20,1718.2,21824
2021-06-16 09:17:21,1717.25,21860
2021-06-16 09:17:22,1717.25,21871
2021-06-16 09:17:23,1718.1,21932
2021-06-16 09:17:25,1718.1,22120
2021-06-16 09:17:26,1717.3,22136
2021-06-16 09:17:27,1717.3,22201
2021-06-16 09:17:28,1717.3,22245
2021-06-16 09:17:29,1717.3,22257
2021-06-16 09:17:30,1717.3,22260
2021-06-16 09:17:31,1718.0,22385
2021-06-16 09:17:32,1717.85,22444
2021-06-16 09:17:33,1717.3,22447
2021-06-16 09:17:35,1717.85,22523
2021-06-16 09:17:40,1718.95,24481
2021-06-16 09:17:42,1718.85,25919
2021-06-16 09:17:43,1718.05,25942
2021-06-16 09:17:44,1718.95,26201
2021-06-16 09:17:45,1718.4,26220
2021-06-16 09:17:46,1717.15,26432
2021-06-16 09:17:47,1718.35,26680
2021-06-16 09:17:48,1718.0,26744
2021-06-16 09:17:49,1718.0,26881
2021-06-16 09:17:50,1718.35,26950
2021-06-16 09:17:51,1718.0,27025
2021-06-16 09:17:52,1717.15,28327
2021-06-16 09:17:53,1716.95,28442
2021-06-16 09:17:54,1716.05,28447
2021-06-16 09:17:55,1716.8,28462
2021-06-16 09:17:56,1716.0,28593
2021-06-16 09:17:57,1716.0,28816
2021-06-16 09:17:58,1715.4,29374
2021-06-16 09:17:59,1715.0,29502
2021-06-16 09:18:00,1715.0,30406
2021-06-16 09:18:01,1715.35,31216
2021-06-16 09:18:02,1714.35,31447
2021-06-16 09:18:03,1714.5,32146
2021-06-16 09:18:04,1715.0,32726
2021-06-16 09:18:05,1715.2,33139
2021-06-16 09:18:06,1714.75,34310
2021-06-16 09:18:07,1713.75,34776
2021-06-16 09:18:08,1714.2,34989
2021-06-16 09:18:09,1714.2,35050
2021-06-16 09:18:10,1713.4,35198
2021-06-16 09:18:11,1713.5,35338
2021-06-16 09:18:12,1713.85,35560
2021-06-16 09:18:13,1713.85,35608
2021-06-16 09:18:14,1714.75,35734
2021-06-16 09:18:15,1713.85,35748
2021-06-16 09:18:17,1714.4,35942
2021-06-16 09:18:18,1713.75,35947
2021-06-16 09:18:19,1714.95,36230
2021-06-16 09:18:20,1714.95,36357
2021-06-16 09:18:21,1714.75,36370
2021-06-16 09:18:22,1715.4,36698
2021-06-16 09:18:23,1715.2,36764
2021-06-16 09:18:24,1715.4,36912
2021-06-16 09:18:25,1712.85,38038
2021-06-16 09:18:26,1714.85,38389
2021-06-16 09:18:28,1714.8,38533
2021-06-16 09:18:28,1715.0,38747
2021-06-16 09:18:31,1714.85,39064
2021-06-16 09:18:32,1714.4,39077
2021-06-16 09:18:33,1714.15,39241
2021-06-16 09:18:34,1714.2,39296
2021-06-16 09:18:35,1714.75,39726
2021-06-16 09:18:36,1714.7,39752
2021-06-16 09:18:37,1714.55,39756
2021-06-16 09:18:38,1714.0,39778
2021-06-16 09:18:39,1714.0,39863
2021-06-16 09:18:40,1713.5,39869
2021-06-16 09:18:41,1713.3,39995
2021-06-16 09:18:42,1713.15,40737
2021-06-16 09:18:43,1712.45,40783
2021-06-16 09:18:44,1713.05,40798
2021-06-16 09:18:46,1713.5,41201
2021-06-16 09:18:46,1712.6,41231
2021-06-16 09:18:47,1713.5,41257
2021-06-16 09:18:48,1713.0,41335
2021-06-16 09:18:49,1713.8,41535
2021-06-16 09:18:51,1713.75,41566
2021-06-16 09:18:52,1713.9,41765
2021-06-16 09:18:52,1713.1,41774
2021-06-16 09:18:54,1713.9,41805
2021-06-16 09:18:54,1713.85,41841
2021-06-16 09:18:55,1713.0,42151
2021-06-16 09:18:56,1713.8,42222
2021-06-16 09:18:57,1712.95,42285
2021-06-16 09:18:58,1713.85,42489
2021-06-16 09:18:59,1713.55,42728
2021-06-16 09:19:00,1712.7,42743
2021-06-16 09:19:01,1713.45,42764
2021-06-16 09:19:02,1712.55,42787
2021-06-16 09:19:03,1712.2,42971
2021-06-16 09:19:04,1712.15,43640
2021-06-16 09:19:05,1713.05,44034
2021-06-16 09:19:06,1713.05,44185
2021-06-16 09:19:07,1712.0,45088
2021-06-16 09:19:08,1713.05,45470
2021-06-16 09:19:09,1711.95,46044
2021-06-16 09:19:10,1712.85,46235
2021-06-16 09:19:11,1711.85,46521
2021-06-16 09:19:12,1712.7,46751
2021-06-16 09:19:13,1712.55,46785
2021-06-16 09:19:14,1712.55,46824
2021-06-16 09:19:15,1711.8,46825
2021-06-16 09:19:16,1712.0,46900
2021-06-16 09:19:17,1712.25,46963
2021-06-16 09:19:18,1711.9,47030
2021-06-16 09:19:20,1712.55,47062
2021-06-16 09:19:20,1711.6,47162
2021-06-16 09:19:22,1712.75,47279
2021-06-16 09:19:23,1711.7,47376
2021-06-16 09:19:24,1712.55,47512
2021-06-16 09:19:25,1711.85,47546
2021-06-16 09:19:26,1712.05,47602
2021-06-16 09:19:27,1712.05,47687
2021-06-16 09:19:28,1712.05,47687
2021-06-16 09:19:29,1712.75,47717
2021-06-16 09:19:30,1712.75,47717
2021-06-16 09:19:31,1711.95,47843
2021-06-16 09:19:32,1711.55,48009
2021-06-16 09:19:35,1711.0,48717
2021-06-16 09:19:36,1711.0,48779
2021-06-16 09:19:37,1711.3,49221
2021-06-16 09:19:38,1711.3,49243
2021-06-16 09:19:39,1711.0,49245
2021-06-16 09:19:40,1710.9,49368
2021-06-16 09:19:41,1711.65,49980
2021-06-16 09:19:42,1710.55,50127
2021-06-16 09:19:43,1711.0,50211
2021-06-16 09:19:44,1711.0,50232
2021-06-16 09:19:45,1711.15,50275
2021-06-16 09:19:46,1711.0,50277
2021-06-16 09:19:47,1711.0,51372
2021-06-16 09:19:48,1711.0,51483
2021-06-16 09:19:50,1711.0,51753
2021-06-16 09:19:51,1711.0,51910
2021-06-16 09:19:56,1711.5,52469
2021-06-16 09:19:57,1710.8,54007
2021-06-16 09:19:59,1711.0,54487
2021-06-16 09:20:00,1710.5,54687
2021-06-16 09:20:01,1710.5,54713
2021-06-16 09:20:02,1710.1,54953
2021-06-16 09:20:03,1710.05,54965
2021-06-16 09:20:04,1711.0,54991
2021-06-16 09:20:05,1710.6,55442
2021-06-16 09:20:06,1710.9,55467
2021-06-16 09:20:08,1711.0,55689
2021-06-16 09:20:10,1711.05,55701
2021-06-16 09:20:11,1711.05,55706
2021-06-16 09:20:12,1710.05,56069
2021-06-16 09:20:13,1710.05,56094
2021-06-16 09:20:14,1710.0,56275
2021-06-16 09:20:15,1710.9,56542
2021-06-16 09:20:16,1710.0,56640
2021-06-16 09:20:17,1710.1,56684
2021-06-16 09:20:18,1712.9,57395
2021-06-16 09:20:19,1711.6,57454
2021-06-16 09:20:20,1711.6,57454
2021-06-16 09:20:21,1711.55,57476
2021-06-16 09:20:22,1711.2,57531
2021-06-16 09:20:23,1712.1,57619
2021-06-16 09:20:25,1711.95,57843
2021-06-16 09:20:27,1711.55,58863
2021-06-16 09:20:28,1711.55,58911
2021-06-16 09:20:29,1712.6,58915
2021-06-16 09:20:30,1712.75,59014
2021-06-16 09:20:31,1712.4,59031
2021-06-16 09:20:32,1713.0,59764
2021-06-16 09:20:34,1712.15,59786
2021-06-16 09:20:34,1711.8,59822
2021-06-16 09:20:35,1711.8,59823
2021-06-16 09:20:36,1711.8,59825
2021-06-16 09:20:38,1713.35,60021
2021-06-16 09:20:37,1713.7,59999
2021-06-16 09:20:40,1713.25,60058
2021-06-16 09:20:41,1713.25,60079
2021-06-16 09:20:42,1713.0,60103
2021-06-16 09:20:43,1713.0,60104
2021-06-16 09:20:44,1712.7,60198
2021-06-16 09:20:44,1712.7,60202
2021-06-16 09:20:45,1712.7,60212
2021-06-16 09:20:46,1712.65,60279
2021-06-16 09:20:47,1712.65,60316
2021-06-16 09:20:48,1712.35,60446
2021-06-16 09:20:49,1712.2,60453
2021-06-16 09:20:50,1713.0,60481
2021-06-16 09:20:52,1712.25,60551
2021-06-16 09:20:52,1712.9,60565
2021-06-16 09:20:53,1712.75,60577
2021-06-16 09:20:54,1712.0,60659
2021-06-16 09:20:55,1712.15,60682
2021-06-16 09:20:56,1712.15,60683
2021-06-16 09:20:57,1712.8,60687
2021-06-16 09:20:58,1712.0,60745
2021-06-16 09:20:59,1712.75,60878
2021-06-16 09:21:00,1712.8,60935
2021-06-16 09:21:01,1712.45,60945
2021-06-16 09:21:04,1712.6,61004
2021-06-16 09:21:04,1712.6,61004
2021-06-16 09:21:05,1713.2,61117
2021-06-16 09:21:06,1713.05,61225
2021-06-16 09:21:07,1713.5,61316
2021-06-16 09:21:08,1714.25,61335
2021-06-16 09:21:09,1713.5,61347
2021-06-16 09:21:10,1713.5,61348
2021-06-16 09:21:11,1713.4,61396
2021-06-16 09:21:12,1713.05,61408
2021-06-16 09:21:13,1714.0,61410
2021-06-16 09:21:14,1713.05,61530
2021-06-16 09:21:15,1713.05,61559
2021-06-16 09:21:16,1713.05,61665
2021-06-16 09:21:17,1713.05,61673
2021-06-16 09:21:18,1713.7,61789
2021-06-16 09:21:19,1713.65,61806
2021-06-16 09:21:20,1713.8,61907
2021-06-16 09:21:21,1713.05,61912
2021-06-16 09:21:22,1713.05,61981
2021-06-16 09:21:23,1713.0,62030
2021-06-16 09:21:24,1713.0,62038
2021-06-16 09:21:25,1712.85,62065
2021-06-16 09:21:26,1712.95,62077
2021-06-16 09:21:27,1712.95,62095
2021-06-16 09:21:28,1712.15,62096
2021-06-16 09:21:29,1712.95,62122
2021-06-16 09:21:30,1712.15,62123
2021-06-16 09:21:31,1712.15,62126
2021-06-16 09:21:32,1712.85,62151
2021-06-16 09:21:33,1712.85,62183
2021-06-16 09:21:34,1712.15,62201
2021-06-16 09:21:35,1712.9,62229
2021-06-16 09:21:36,1712.15,62296
2021-06-16 09:21:37,1712.85,62319
2021-06-16 09:21:38,1712.05,62487
2021-06-16 09:21:40,1712.05,62496
2021-06-16 09:21:40,1712.05,62496
2021-06-16 09:21:42,1712.05,62509
2021-06-16 09:21:43,1712.05,62510
2021-06-16 09:21:43,1712.05,62510
2021-06-16 09:21:44,1712.05,62670
2021-06-16 09:21:45,1712.8,62740
2021-06-16 09:21:46,1712.0,62752
2021-06-16 09:21:47,1712.05,62778
2021-06-16 09:21:48,1712.0,62792
2021-06-16 09:21:49,1712.0,62793
2021-06-16 09:21:50,1712.05,62807
2021-06-16 09:21:51,1712.15,63223
2021-06-16 09:21:52,1712.85,63300
2021-06-16 09:21:54,1712.85,63303
2021-06-16 09:21:54,1712.85,63304
2021-06-16 09:21:56,1712.85,63304
2021-06-16 09:21:57,1713.0,63314
2021-06-16 09:21:57,1712.85,63315
2021-06-16 09:21:58,1712.85,63328
2021-06-16 09:21:59,1712.5,63329
2021-06-16 09:22:00,1713.05,63382
2021-06-16 09:22:01,1712.5,63384
2021-06-16 09:22:05,1712.3,63428
2021-06-16 09:22:06,1712.55,63541
2021-06-16 09:22:07,1714.25,63878
2021-06-16 09:22:08,1714.25,63903
2021-06-16 09:22:09,1715.15,63915
2021-06-16 09:22:10,1714.3,63917
2021-06-16 09:22:12,1714.3,63926
2021-06-16 09:22:13,1714.3,63935
2021-06-16 09:22:13,1714.3,63936
2021-06-16 09:22:15,1714.05,63948
2021-06-16 09:22:15,1714.0,64049
2021-06-16 09:22:16,1714.05,64059
2021-06-16 09:22:17,1714.9,64069
2021-06-16 09:22:18,1714.0,64070
2021-06-16 09:22:19,1715.15,64170
2021-06-16 09:22:20,1714.75,64171
2021-06-16 09:22:21,1714.2,64182
2021-06-16 09:22:23,1715.15,64203
2021-06-16 09:22:24,1714.35,64235
2021-06-16 09:22:25,1714.4,64236
2021-06-16 09:22:26,1715.2,64750
2021-06-16 09:22:27,1714.5,64776
2021-06-16 09:22:28,1715.35,64778
2021-06-16 09:22:30,1715.35,64778
2021-06-16 09:22:31,1715.35,64790
2021-06-16 09:22:32,1715.5,64890
2021-06-16 09:22:33,1715.35,64895
2021-06-16 09:22:34,1715.35,65290
2021-06-16 09:22:35,1715.15,65392
2021-06-16 09:22:36,1715.3,65527
2021-06-16 09:22:37,1715.2,65534
2021-06-16 09:22:38,1715.0,65644
2021-06-16 09:22:39,1715.65,66187
2021-06-16 09:22:40,1715.6,66220
2021-06-16 09:22:40,1715.85,66321
2021-06-16 09:22:42,1715.6,66352
2021-06-16 09:22:43,1715.95,66832
2021-06-16 09:22:45,1715.2,66856
2021-06-16 09:22:46,1715.5,66857
2021-06-16 09:22:47,1715.95,66860
2021-06-16 09:22:47,1715.95,66860
2021-06-16 09:22:49,1715.9,66870
2021-06-16 09:22:50,1715.5,66871
2021-06-16 09:22:51,1716.0,66971
2021-06-16 09:22:52,1716.05,67035
2021-06-16 09:22:53,1716.2,68093
2021-06-16 09:22:54,1716.2,68235
2021-06-16 09:22:55,1717.0,68264
2021-06-16 09:22:56,1716.2,68273
2021-06-16 09:22:57,1716.55,68288
2021-06-16 09:22:57,1716.55,68309
2021-06-16 09:22:58,1716.55,68310
2021-06-16 09:22:59,1717.0,68328
2021-06-16 09:23:01,1716.5,68342
2021-06-16 09:23:02,1716.5,68365
2021-06-16 09:23:03,1716.65,68592
2021-06-16 09:23:04,1716.65,68592
2021-06-16 09:23:05,1717.85,68604
2021-06-16 09:23:06,1717.0,68616
2021-06-16 09:23:07,1717.0,68616
2021-06-16 09:23:08,1717.0,68616
2021-06-16 09:23:09,1717.8,68617
2021-06-16 09:23:10,1718.3,69648
2021-06-16 09:23:11,1718.6,69709
2021-06-16 09:23:12,1718.65,69712
2021-06-16 09:23:13,1720.35,70211
2021-06-16 09:23:14,1720.3,70212
2021-06-16 09:23:17,1719.05,70620
2021-06-16 09:23:18,1719.55,70650
2021-06-16 09:23:18,1719.5,70652
2021-06-16 09:23:19,1719.5,70652
2021-06-16 09:23:21,1719.25,70678
2021-06-16 09:23:21,1719.25,70666
2021-06-16 09:23:22,1720.3,70799
2021-06-16 09:23:24,1719.25,70856
2021-06-16 09:23:25,1720.3,70898
2021-06-16 09:23:26,1719.3,70910
2021-06-16 09:23:27,1720.3,71027
2021-06-16 09:23:27,1720.3,71042
2021-06-16 09:23:28,1720.7,71063
2021-06-16 09:23:29,1719.55,71136
2021-06-16 09:23:30,1719.55,71139
2021-06-16 09:23:32,1720.65,71169
2021-06-16 09:23:32,1720.8,71382
2021-06-16 09:23:33,1722.25,72431
2021-06-16 09:23:35,1720.3,72594
2021-06-16 09:23:35,1720.35,72740
2021-06-16 09:23:36,1719.6,72747
2021-06-16 09:23:37,1719.55,72768
2021-06-16 09:23:39,1720.3,72888
2021-06-16 09:23:40,1721.0,72900
2021-06-16 09:23:41,1720.15,72926
2021-06-16 09:23:42,1720.9,72928
2021-06-16 09:23:43,1720.2,72937
2021-06-16 09:23:45,1720.35,73070
2021-06-16 09:23:47,1720.45,73098
2021-06-16 09:23:48,1720.45,73098
2021-06-16 09:23:52,1719.5,73396
2021-06-16 09:23:52,1719.5,73396
2021-06-16 09:23:53,1720.4,73415
2021-06-16 09:23:54,1719.65,73427
2021-06-16 09:23:55,1719.65,73535
2021-06-16 09:23:57,1719.5,73540
2021-06-16 09:23:57,1720.2,73570
2021-06-16 09:23:58,1719.5,73592
2021-06-16 09:23:59,1719.5,73593
2021-06-16 09:24:00,1719.1,73615
2021-06-16 09:24:01,1719.9,73626
2021-06-16 09:24:02,1719.2,73627
2021-06-16 09:24:03,1719.2,73668
2021-06-16 09:24:05,1719.2,73673
2021-06-16 09:24:06,1719.2,73678
2021-06-16 09:24:07,1719.2,73678
2021-06-16 09:24:08,1719.2,73680
2021-06-16 09:24:09,1719.1,73689
2021-06-16 09:24:10,1719.9,73773
2021-06-16 09:24:11,1719.0,73786
2021-06-16 09:24:11,1719.0,73786
2021-06-16 09:24:12,1719.8,73986
2021-06-16 09:24:13,1719.0,73994
2021-06-16 09:24:14,1719.1,74037
2021-06-16 09:24:16,1719.5,74202
2021-06-16 09:24:17,1718.55,74220
2021-06-16 09:24:18,1718.55,74221
2021-06-16 09:24:19,1718.55,74231
2021-06-16 09:24:21,1719.25,74284
2021-06-16 09:24:23,1717.45,74507
2021-06-16 09:24:23,1717.45,74507
2021-06-16 09:24:24,1717.45,74507
2021-06-16 09:24:25,1717.1,74508
2021-06-16 09:24:27,1717.1,74546
2021-06-16 09:24:28,1716.5,74947
2021-06-16 09:24:29,1716.95,74979
2021-06-16 09:24:31,1716.95,75001
2021-06-16 09:24:32,1717.35,75003
2021-06-16 09:24:33,1716.4,75013
2021-06-16 09:24:34,1718.25,75161
2021-06-16 09:24:35,1717.35,75235
2021-06-16 09:24:36,1717.35,75239
2021-06-16 09:24:37,1717.4,75276
2021-06-16 09:24:38,1717.4,75288
2021-06-16 09:24:39,1717.4,75306
2021-06-16 09:24:40,1717.3,75321
2021-06-16 09:24:41,1717.3,75321
2021-06-16 09:24:42,1717.2,75355
2021-06-16 09:24:43,1718.65,75424
2021-06-16 09:24:44,1718.5,75444
2021-06-16 09:24:45,1718.5,75466
2021-06-16 09:24:46,1718.2,75485
2021-06-16 09:24:47,1718.2,75496
2021-06-16 09:24:48,1718.1,75510
2021-06-16 09:24:48,1718.15,75525
2021-06-16 09:24:49,1717.25,75527
2021-06-16 09:24:51,1717.1,75548
2021-06-16 09:24:52,1717.0,75663
2021-06-16 09:24:53,1717.05,75669
2021-06-16 09:24:54,1717.05,75680
2021-06-16 09:24:55,1717.05,75693
2021-06-16 09:24:56,1716.9,75700
2021-06-16 09:24:57,1716.85,75738
2021-06-16 09:24:58,1717.0,75760
2021-06-16 09:24:59,1716.95,75761
2021-06-16 09:25:00,1718.5,76061
2021-06-16 09:25:01,1717.05,76176
2021-06-16 09:25:02,1716.85,76225
2021-06-16 09:25:02,1716.8,76228
2021-06-16 09:25:04,1717.0,76252
2021-06-16 09:25:05,1717.0,76275
2021-06-16 09:25:06,1717.0,76275
2021-06-16 09:25:07,1717.0,76321
2021-06-16 09:25:08,1717.0,76352
2021-06-16 09:25:09,1717.0,76365
2021-06-16 09:25:10,1717.0,76505
2021-06-16 09:25:11,1717.0,76522
2021-06-16 09:25:12,1717.0,76522
2021-06-16 09:25:13,1717.0,76562
2021-06-16 09:25:14,1717.05,76575
2021-06-16 09:25:15,1717.05,76597
2021-06-16 09:25:16,1717.1,76605
2021-06-16 09:25:17,1717.1,76617
2021-06-16 09:25:18,1717.1,76617
2021-06-16 09:25:19,1717.1,76626
2021-06-16 09:25:20,1717.1,76653
2021-06-16 09:25:21,1717.1,76764
2021-06-16 09:25:22,1717.0,76898
2021-06-16 09:25:23,1717.0,76939
2021-06-16 09:25:24,1717.0,76941
2021-06-16 09:25:25,1717.0,76990
2021-06-16 09:25:26,1717.0,77050
2021-06-16 09:25:27,1717.65,77055
2021-06-16 09:25:28,1716.8,77129
2021-06-16 09:25:29,1716.8,77133
2021-06-16 09:25:30,1716.9,77172
2021-06-16 09:25:31,1716.1,77194
2021-06-16 09:25:32,1716.0,77385
2021-06-16 09:25:33,1716.0,77401
2021-06-16 09:25:34,1716.0,77401
2021-06-16 09:25:35,1716.0,77424
2021-06-16 09:25:36,1716.0,77446
2021-06-16 09:25:37,1716.0,77465
2021-06-16 09:25:38,1715.7,77488
2021-06-16 09:25:39,1715.5,77489
2021-06-16 09:25:40,1716.3,77492
2021-06-16 09:25:41,1716.3,77504
2021-06-16 09:25:42,1715.65,77518
2021-06-16 09:25:43,1715.75,77592
2021-06-16 09:25:43,1716.55,77580
2021-06-16 09:25:44,1715.75,77614
2021-06-16 09:25:45,1715.55,77731
2021-06-16 09:25:47,1715.5,77772
2021-06-16 09:25:48,1716.1,77779
2021-06-16 09:25:49,1715.3,77911
2021-06-16 09:25:50,1715.0,77929
2021-06-16 09:25:51,1715.1,77948
2021-06-16 09:25:52,1715.0,78079
2021-06-16 09:25:53,1715.0,78085
2021-06-16 09:25:54,1715.0,78086
2021-06-16 09:25:55,1715.0,78120
2021-06-16 09:25:56,1715.0,78120
2021-06-16 09:25:58,1715.0,78177
2021-06-16 09:25:59,1715.0,78178
2021-06-16 09:26:01,1715.0,78178
2021-06-16 09:26:02,1715.15,78215
2021-06-16 09:26:03,1715.15,78217
2021-06-16 09:26:04,1715.15,78227
2021-06-16 09:26:05,1715.2,78256
2021-06-16 09:26:06,1715.2,78298
2021-06-16 09:26:07,1715.2,78309
2021-06-16 09:26:09,1715.35,78363
2021-06-16 09:26:10,1716.1,78387
2021-06-16 09:26:11,1715.3,78406
2021-06-16 09:26:12,1715.75,78407
2021-06-16 09:26:13,1715.9,78435
2021-06-16 09:26:14,1715.9,78436
2021-06-16 09:26:15,1715.45,78463
2021-06-16 09:26:16,1715.45,78479
2021-06-16 09:26:17,1715.9,78582
2021-06-16 09:26:18,1715.5,78609
2021-06-16 09:26:19,1716.1,78611
2021-06-16 09:26:21,1715.5,78656
2021-06-16 09:26:20,1715.45,78627
2021-06-16 09:26:22,1715.5,78664
2021-06-16 09:26:23,1715.4,78719
2021-06-16 09:26:24,1715.25,78821
2021-06-16 09:26:25,1715.7,78954
2021-06-16 09:26:26,1715.0,79670
2021-06-16 09:26:27,1714.95,79682
2021-06-16 09:26:27,1716.1,79816
2021-06-16 09:26:28,1714.95,79832
2021-06-16 09:26:30,1714.95,79853
2021-06-16 09:26:31,1715.1,79855
2021-06-16 09:26:32,1715.1,79855
2021-06-16 09:26:33,1715.1,79873
2021-06-16 09:26:34,1715.05,79910
2021-06-16 09:26:35,1715.95,79932
2021-06-16 09:26:36,1715.1,79933
2021-06-16 09:26:37,1715.1,79934
2021-06-16 09:26:38,1715.95,79976
2021-06-16 09:26:39,1716.1,79978
2021-06-16 09:26:41,1716.15,80015
2021-06-16 09:26:42,1716.15,80025
2021-06-16 09:26:43,1716.1,80034
2021-06-16 09:26:44,1716.1,80046
2021-06-16 09:26:45,1716.1,80069
2021-06-16 09:26:46,1716.1,80122
2021-06-16 09:26:47,1716.1,80128
2021-06-16 09:26:48,1715.4,80136
2021-06-16 09:26:49,1716.1,80137
2021-06-16 09:26:50,1716.1,80140
2021-06-16 09:26:52,1716.1,80157
2021-06-16 09:26:51,1716.1,80157
2021-06-16 09:26:53,1716.2,80258
2021-06-16 09:26:54,1715.35,80287
2021-06-16 09:26:55,1715.35,80357
2021-06-16 09:26:56,1715.35,80360
2021-06-16 09:26:57,1715.2,80416
2021-06-16 09:26:58,1715.25,80419
2021-06-16 09:26:59,1715.8,80447
2021-06-16 09:27:00,1715.2,80469
2021-06-16 09:27:01,1715.2,80470
2021-06-16 09:27:02,1715.8,80480
2021-06-16 09:27:03,1715.35,80489
2021-06-16 09:27:04,1715.3,80490
2021-06-16 09:27:05,1715.3,80507
2021-06-16 09:27:06,1716.0,80693
2021-06-16 09:27:07,1715.15,80716
2021-06-16 09:27:08,1715.25,80776
2021-06-16 09:27:09,1715.2,80832
2021-06-16 09:27:10,1715.15,80865
2021-06-16 09:27:11,1715.1,80900
2021-06-16 09:27:12,1715.2,81022
2021-06-16 09:27:14,1715.1,81059
2021-06-16 09:27:13,1715.15,81048
2021-06-16 09:27:15,1715.7,81079
2021-06-16 09:27:16,1715.1,81106
2021-06-16 09:27:17,1715.1,81108
2021-06-16 09:27:18,1715.1,81146
2021-06-16 09:27:19,1715.1,81148
2021-06-16 09:27:20,1715.1,81148
2021-06-16 09:27:21,1715.05,81161
2021-06-16 09:27:22,1715.1,81181
2021-06-16 09:27:23,1715.1,81181
2021-06-16 09:27:24,1715.1,81194
2021-06-16 09:27:25,1715.1,81203
2021-06-16 09:27:26,1715.1,81204
2021-06-16 09:27:27,1715.1,81223
2021-06-16 09:27:28,1715.85,81332
2021-06-16 09:27:29,1715.85,81336
2021-06-16 09:27:30,1715.85,81344
2021-06-16 09:27:31,1715.85,81345
2021-06-16 09:27:32,1716.2,81445
2021-06-16 09:27:33,1715.85,81451
2021-06-16 09:27:34,1715.85,81475
2021-06-16 09:27:35,1715.85,81484
2021-06-16 09:27:36,1715.85,81514
2021-06-16 09:27:38,1715.85,81529
2021-06-16 09:27:39,1716.2,81649
2021-06-16 09:27:40,1715.85,81653
2021-06-16 09:27:41,1715.2,81728
2021-06-16 09:27:42,1715.2,81732
2021-06-16 09:27:43,1715.2,81732
2021-06-16 09:27:44,1715.4,81754
2021-06-16 09:27:45,1715.35,81755
2021-06-16 09:27:47,1715.3,81769
2021-06-16 09:27:48,1715.3,81787
2021-06-16 09:27:49,1715.85,81798
2021-06-16 09:27:50,1715.85,81799
2021-06-16 09:27:51,1715.95,81801
2021-06-16 09:27:52,1716.0,81802
2021-06-16 09:27:53,1715.95,81877
2021-06-16 09:27:54,1715.95,81881
2021-06-16 09:27:55,1715.95,81905
2021-06-16 09:27:56,1715.5,81962
2021-06-16 09:27:57,1715.5,81973
2021-06-16 09:27:58,1715.5,81984
2021-06-16 09:27:59,1715.5,81985
2021-06-16 09:28:00,1716.0,82036
2021-06-16 09:28:01,1715.5,82050
2021-06-16 09:28:02,1715.5,82070
2021-06-16 09:28:03,1715.4,82582
2021-06-16 09:28:04,1715.4,82582
2021-06-16 09:28:05,1715.4,82639
2021-06-16 09:28:06,1715.2,82671
2021-06-16 09:28:07,1715.95,82695
2021-06-16 09:28:08,1715.95,82697
2021-06-16 09:28:09,1715.2,82710
2021-06-16 09:28:10,1715.2,82711
2021-06-16 09:28:12,1715.2,82726
2021-06-16 09:28:13,1715.2,82826
2021-06-16 09:28:14,1715.2,82831
2021-06-16 09:28:15,1715.15,82862
2021-06-16 09:28:16,1715.5,82864
2021-06-16 09:28:17,1715.1,82897
2021-06-16 09:28:18,1715.1,82898
2021-06-16 09:28:19,1715.1,82908
2021-06-16 09:28:21,1715.15,83024
2021-06-16 09:28:22,1715.15,83039
2021-06-16 09:28:23,1715.15,83039
2021-06-16 09:28:24,1715.95,83062
2021-06-16 09:28:26,1715.2,83086
2021-06-16 09:28:27,1715.2,83087
2021-06-16 09:28:28,1715.15,83105
2021-06-16 09:28:29,1715.15,83125
2021-06-16 09:28:31,1715.15,83135
2021-06-16 09:28:32,1715.15,83171
2021-06-16 09:28:33,1715.1,83193
2021-06-16 09:28:34,1715.5,83194
2021-06-16 09:28:35,1715.2,83215
2021-06-16 09:28:36,1715.2,83226
2021-06-16 09:28:37,1715.2,83244
2021-06-16 09:28:38,1715.1,83275
2021-06-16 09:28:39,1715.15,83340
2021-06-16 09:28:40,1715.15,83369
2021-06-16 09:28:41,1715.95,83439
2021-06-16 09:28:43,1715.35,83506
2021-06-16 09:28:44,1715.25,83507
2021-06-16 09:28:45,1715.3,83542
2021-06-16 09:28:46,1715.3,83543
2021-06-16 09:28:47,1716.0,83545
2021-06-16 09:28:48,1715.3,83558
2021-06-16 09:28:49,1715.35,83580
2021-06-16 09:28:50,1715.15,83581
2021-06-16 09:28:51,1715.15,83581
2021-06-16 09:28:52,1715.9,83591
2021-06-16 09:28:53,1715.5,83592
2021-06-16 09:28:54,1715.9,83593
2021-06-16 09:28:55,1715.5,83649
2021-06-16 09:28:56,1715.5,83652
2021-06-16 09:28:58,1715.5,83662
2021-06-16 09:28:59,1715.5,83673
2021-06-16 09:28:59,1715.5,83674
2021-06-16 09:29:00,1715.5,83685
2021-06-16 09:29:02,1715.5,83713
2021-06-16 09:29:03,1715.5,83734
2021-06-16 09:29:05,1716.0,83788
2021-06-16 09:29:06,1716.55,83806
2021-06-16 09:29:06,1716.55,83807
2021-06-16 09:29:08,1716.5,83816
2021-06-16 09:29:09,1716.7,83822
2021-06-16 09:29:10,1716.45,83874
2021-06-16 09:29:11,1716.45,83875
2021-06-16 09:29:12,1716.45,83875
2021-06-16 09:29:13,1716.45,83875
2021-06-16 09:29:14,1716.45,83885
2021-06-16 09:29:15,1716.45,83938
2021-06-16 09:29:16,1716.4,84005
2021-06-16 09:29:17,1716.4,84022
2021-06-16 09:29:18,1716.4,84022
2021-06-16 09:29:19,1716.45,84051
2021-06-16 09:29:20,1717.45,84080
2021-06-16 09:29:22,1717.45,84082
2021-06-16 09:29:24,1716.75,84095
2021-06-16 09:29:25,1716.8,84096
2021-06-16 09:29:26,1717.25,84110
2021-06-16 09:29:27,1717.15,84121
2021-06-16 09:29:28,1717.15,84121
2021-06-16 09:29:29,1717.15,84121
2021-06-16 09:29:31,1717.45,84126
2021-06-16 09:29:32,1716.9,84148
2021-06-16 09:29:33,1717.55,84164
2021-06-16 09:29:35,1718.05,84473
2021-06-16 09:29:36,1717.1,84487
2021-06-16 09:29:37,1716.95,84499
2021-06-16 09:29:38,1716.95,84499
2021-06-16 09:29:39,1716.95,84510
2021-06-16 09:29:40,1717.05,84511
2021-06-16 09:29:41,1717.05,84511
2021-06-16 09:29:42,1717.05,84529
2021-06-16 09:29:43,1717.95,84605
2021-06-16 09:29:44,1717.2,84634
2021-06-16 09:29:45,1717.1,84636
2021-06-16 09:29:46,1717.1,84636
2021-06-16 09:29:47,1717.1,84643
2021-06-16 09:29:48,1717.0,84644
2021-06-16 09:29:49,1716.9,84664
2021-06-16 09:29:50,1716.9,84672
2021-06-16 09:29:51,1716.8,84697
2021-06-16 09:29:52,1716.25,84723
2021-06-16 09:29:54,1716.25,84737
2021-06-16 09:29:55,1716.25,84737
2021-06-16 09:29:56,1716.35,84752
2021-06-16 09:29:57,1716.85,84764
2021-06-16 09:29:58,1716.2,84796
2021-06-16 09:29:59,1716.2,84798
2021-06-16 09:30:00,1716.2,84811
2021-06-16 09:30:01,1716.85,84895
2021-06-16 09:30:02,1716.2,84915
2021-06-16 09:30:03,1716.2,84915
2021-06-16 09:30:05,1716.2,84925
2021-06-16 09:30:05,1716.4,84926
2021-06-16 09:30:06,1716.4,84926
2021-06-16 09:30:07,1716.25,84941
2021-06-16 09:30:08,1716.25,84941
2021-06-16 09:30:09,1716.2,84957
2021-06-16 09:30:10,1716.0,84975
2021-06-16 09:30:11,1716.2,85076
2021-06-16 09:30:12,1716.15,85081
2021-06-16 09:30:13,1716.15,85081
2021-06-16 09:30:14,1716.15,85081
2021-06-16 09:30:15,1716.15,85102
2021-06-16 09:30:16,1717.0,85115
2021-06-16 09:30:17,1716.2,85116
2021-06-16 09:30:18,1716.75,85118
2021-06-16 09:30:19,1716.75,85118
2021-06-16 09:30:20,1716.75,85118
2021-06-16 09:30:21,1716.75,85118
2021-06-16 09:30:22,1716.75,85118
2021-06-16 09:30:23,1716.75,85118
2021-06-16 09:30:24,1716.0,85178
2021-06-16 09:30:25,1716.0,85191
2021-06-16 09:30:26,1716.15,85193
2021-06-16 09:30:27,1716.15,85193
2021-06-16 09:30:28,1716.15,85193
2021-06-16 09:30:29,1716.9,85369
2021-06-16 09:30:31,1716.0,85409
2021-06-16 09:30:30,1716.0,85407
2021-06-16 09:30:32,1716.0,85409
2021-06-16 09:30:33,1716.75,85419
2021-06-16 09:30:34,1716.85,85429
2021-06-16 09:30:35,1716.15,85430
2021-06-16 09:30:36,1716.15,85430
2021-06-16 09:30:37,1716.15,85430
2021-06-16 09:30:38,1716.15,85430
2021-06-16 09:30:39,1716.15,85430
2021-06-16 09:30:40,1716.95,85476
2021-06-16 09:30:41,1717.4,85479
2021-06-16 09:30:43,1717.4,85480
2021-06-16 09:30:45,1716.8,85483
2021-06-16 09:30:46,1716.85,85484
2021-06-16 09:30:46,1716.85,85484
2021-06-16 09:30:47,1716.85,85484
2021-06-16 09:30:49,1716.85,85488
2021-06-16 09:30:49,1716.85,85488
2021-06-16 09:30:50,1717.3,85503
2021-06-16 09:30:52,1717.45,85611
2021-06-16 09:30:53,1716.75,85616
2021-06-16 09:30:53,1716.75,85635
2021-06-16 09:30:54,1717.4,85641
2021-06-16 09:30:55,1717.4,85641
2021-06-16 09:30:56,1716.65,85691
2021-06-16 09:30:57,1717.3,85696
2021-06-16 09:30:58,1717.3,85696
2021-06-16 09:30:59,1717.15,85713
2021-06-16 09:31:01,1717.45,85726
2021-06-16 09:31:01,1718.2,85852
2021-06-16 09:31:02,1718.5,85866
2021-06-16 09:31:03,1718.45,85935
2021-06-16 09:31:04,1718.45,85938
2021-06-16 09:31:05,1717.7,86046
2021-06-16 09:31:06,1716.75,86052
2021-06-16 09:31:07,1716.75,86052
2021-06-16 09:31:08,1716.75,86052
2021-06-16 09:31:09,1716.95,86072
2021-06-16 09:31:10,1716.1,86081
2021-06-16 09:31:11,1716.25,86093
2021-06-16 09:31:12,1716.0,86128
2021-06-16 09:31:13,1716.0,86130
2021-06-16 09:31:14,1717.15,86160
2021-06-16 09:31:15,1715.9,86188
2021-06-16 09:31:16,1715.9,86247
2021-06-16 09:31:17,1716.25,86307
2021-06-16 09:31:18,1716.25,86318
2021-06-16 09:31:19,1716.9,86322
2021-06-16 09:31:20,1716.8,86345
2021-06-16 09:31:21,1716.1,86356
2021-06-16 09:31:22,1715.9,86375
2021-06-16 09:31:23,1715.9,86376
2021-06-16 09:31:24,1715.5,86390
2021-06-16 09:31:25,1715.5,86391
2021-06-16 09:31:26,1716.0,86405
2021-06-16 09:31:27,1715.5,86406
2021-06-16 09:31:28,1715.5,86409
2021-06-16 09:31:30,1715.5,86418
2021-06-16 09:31:31,1716.0,86437
2021-06-16 09:31:32,1715.55,86438
2021-06-16 09:31:33,1715.55,86438
2021-06-16 09:31:34,1715.5,86448
2021-06-16 09:31:35,1715.5,86461
2021-06-16 09:31:35,1716.0,86466
2021-06-16 09:31:36,1715.5,86467
2021-06-16 09:31:37,1715.5,86510
2021-06-16 09:31:38,1715.5,86598
2021-06-16 09:31:39,1715.95,86617
2021-06-16 09:31:41,1715.5,86630
2021-06-16 09:31:41,1715.5,86630
2021-06-16 09:31:43,1715.95,86692
2021-06-16 09:31:44,1715.5,86703
2021-06-16 09:31:46,1715.65,86723
2021-06-16 09:31:47,1715.95,86757
2021-06-16 09:31:48,1715.65,86856
2021-06-16 09:31:49,1715.6,86861
2021-06-16 09:31:50,1715.6,86861
2021-06-16 09:31:51,1716.15,86871
2021-06-16 09:31:53,1716.15,86920
2021-06-16 09:31:54,1716.15,86950
2021-06-16 09:31:56,1715.9,87016
2021-06-16 09:31:57,1715.95,87029
2021-06-16 09:31:59,1716.1,87664
2021-06-16 09:32:00,1715.95,87695
2021-06-16 09:32:01,1716.85,87701
2021-06-16 09:32:02,1716.2,87712
2021-06-16 09:32:03,1716.05,87713
2021-06-16 09:32:04,1715.95,87724
2021-06-16 09:32:05,1716.15,87738
2021-06-16 09:32:06,1716.15,87862
2021-06-16 09:32:07,1716.05,87929
2021-06-16 09:32:08,1716.05,87933
2021-06-16 09:32:09,1716.15,88046
2021-06-16 09:32:10,1717.1,88101
2021-06-16 09:32:12,1717.05,88184
2021-06-16 09:32:13,1717.05,88187
2021-06-16 09:32:14,1716.9,88193
2021-06-16 09:32:15,1717.4,88213
2021-06-16 09:32:17,1716.9,88214
2021-06-16 09:32:17,1717.35,88215
2021-06-16 09:32:19,1716.9,88226
2021-06-16 09:32:20,1716.9,88236
2021-06-16 09:32:21,1716.9,88236
2021-06-16 09:32:22,1716.8,88245
2021-06-16 09:32:23,1717.25,88247
2021-06-16 09:32:24,1716.4,88264
2021-06-16 09:32:24,1716.4,88265
2021-06-16 09:32:25,1716.4,88278
2021-06-16 09:32:26,1716.4,88288
2021-06-16 09:32:27,1716.4,88290
2021-06-16 09:32:28,1716.4,88300
2021-06-16 09:32:29,1716.4,88300
2021-06-16 09:32:30,1716.4,88300
2021-06-16 09:32:31,1716.55,88311
2021-06-16 09:32:32,1716.6,88330
2021-06-16 09:32:33,1716.6,88331
2021-06-16 09:32:34,1716.6,88343
2021-06-16 09:32:35,1717.45,88406
2021-06-16 09:32:36,1717.15,88418
2021-06-16 09:32:37,1716.4,88421
2021-06-16 09:32:38,1716.4,88421
2021-06-16 09:32:39,1717.1,88521
2021-06-16 09:32:40,1716.4,88525
2021-06-16 09:32:41,1717.15,88601
2021-06-16 09:32:42,1717.15,88604
2021-06-16 09:32:43,1717.15,88656
2021-06-16 09:32:44,1717.05,88667
2021-06-16 09:32:45,1717.05,88851
2021-06-16 09:32:46,1717.8,88966
2021-06-16 09:32:47,1717.15,88972
2021-06-16 09:32:48,1717.15,88973
2021-06-16 09:32:49,1717.1,88987
2021-06-16 09:32:50,1717.05,88988
2021-06-16 09:32:52,1717.0,89001
2021-06-16 09:32:53,1717.7,89027
2021-06-16 09:32:53,1717.0,89029
2021-06-16 09:32:54,1717.0,89042
2021-06-16 09:32:55,1717.0,89103
2021-06-16 09:32:56,1717.0,89107
2021-06-16 09:32:57,1717.0,89115
2021-06-16 09:32:58,1717.0,89121
2021-06-16 09:32:59,1717.15,89156
2021-06-16 09:33:00,1717.15,89167
2021-06-16 09:33:03,1717.15,89221
2021-06-16 09:33:05,1716.4,89280
2021-06-16 09:33:06,1716.45,89299
2021-06-16 09:33:06,1716.45,89299
2021-06-16 09:33:07,1716.4,89319
2021-06-16 09:33:08,1716.4,89320
2021-06-16 09:33:09,1716.4,89320
2021-06-16 09:33:11,1716.4,89380
2021-06-16 09:33:12,1716.45,89390
2021-06-16 09:33:13,1716.45,89401
2021-06-16 09:33:14,1717.2,89408
2021-06-16 09:33:14,1716.4,89433
2021-06-16 09:33:16,1717.4,89484
2021-06-16 09:33:17,1716.4,89515
2021-06-16 09:33:18,1716.4,89516
2021-06-16 09:33:19,1716.4,89526
2021-06-16 09:33:20,1716.4,89527
2021-06-16 09:33:21,1717.05,89529
2021-06-16 09:33:22,1717.05,89529
2021-06-16 09:33:23,1716.4,89543
2021-06-16 09:33:24,1716.4,89553
2021-06-16 09:33:25,1716.4,89574
2021-06-16 09:33:26,1716.4,89587
2021-06-16 09:33:27,1716.35,89603
2021-06-16 09:33:28,1716.5,89622
2021-06-16 09:33:29,1716.5,89642
2021-06-16 09:33:30,1716.5,89643
2021-06-16 09:33:31,1716.5,89653
2021-06-16 09:33:32,1716.5,89653
2021-06-16 09:33:33,1717.4,89727
2021-06-16 09:33:34,1716.65,89731
2021-06-16 09:33:35,1716.65,89743
2021-06-16 09:33:36,1716.55,89744
2021-06-16 09:33:37,1717.0,89750
2021-06-16 09:33:38,1717.0,89750
2021-06-16 09:33:39,1717.0,89750
2021-06-16 09:33:40,1717.0,89750
2021-06-16 09:33:41,1717.0,89750
2021-06-16 09:33:42,1717.0,89750
2021-06-16 09:33:43,1717.05,89760
2021-06-16 09:33:44,1717.2,89762
2021-06-16 09:33:45,1717.05,89764
2021-06-16 09:33:46,1717.0,89765
2021-06-16 09:33:47,1717.0,89765
2021-06-16 09:33:48,1717.0,89765
2021-06-16 09:33:49,1717.0,89765
2021-06-16 09:33:51,1716.6,89784
2021-06-16 09:33:52,1716.5,89828
2021-06-16 09:33:52,1716.5,89828
2021-06-16 09:33:54,1716.5,89879
2021-06-16 09:33:55,1716.35,89880
2021-06-16 09:33:57,1716.35,89890
2021-06-16 09:33:58,1716.35,89891
2021-06-16 09:33:59,1716.35,89911
2021-06-16 09:34:00,1716.95,89929
2021-06-16 09:34:01,1716.45,89939
2021-06-16 09:34:02,1716.45,89939
2021-06-16 09:34:03,1716.45,89939
2021-06-16 09:34:04,1716.35,89948
2021-06-16 09:34:04,1716.35,89977
2021-06-16 09:34:06,1716.35,89978
2021-06-16 09:34:06,1716.95,89979
2021-06-16 09:34:07,1716.95,89979
2021-06-16 09:34:08,1716.95,89979
2021-06-16 09:34:09,1716.95,89979
2021-06-16 09:34:10,1716.95,89984
2021-06-16 09:34:13,1717.2,90234
2021-06-16 09:34:15,1716.75,90258
2021-06-16 09:34:16,1716.75,90258
2021-06-16 09:34:17,1716.75,90258
2021-06-16 09:34:18,1717.2,90598
2021-06-16 09:34:18,1717.2,90610
2021-06-16 09:34:19,1717.0,90701
2021-06-16 09:34:21,1717.85,90720
2021-06-16 09:34:22,1717.25,90735
2021-06-16 09:34:23,1717.0,90747
2021-06-16 09:34:23,1717.0,90748
2021-06-16 09:34:24,1717.0,90762
2021-06-16 09:34:25,1717.0,90775
2021-06-16 09:34:26,1717.75,90800
2021-06-16 09:34:27,1717.75,90802
2021-06-16 09:34:29,1717.75,90802
2021-06-16 09:34:29,1717.2,90852
2021-06-16 09:34:30,1717.65,90865
2021-06-16 09:34:32,1717.2,90866
2021-06-16 09:34:33,1717.2,90885
2021-06-16 09:34:35,1717.2,90962
2021-06-16 09:34:36,1717.2,90963
2021-06-16 09:34:36,1717.2,90964
2021-06-16 09:34:38,1717.65,90983
2021-06-16 09:34:38,1717.65,90983
2021-06-16 09:34:39,1717.65,90983
2021-06-16 09:34:40,1717.85,91047
2021-06-16 09:34:42,1717.65,91060
2021-06-16 09:34:43,1717.65,91085
2021-06-16 09:34:44,1717.85,91142
2021-06-16 09:34:45,1717.75,91154
2021-06-16 09:34:45,1717.75,91155
2021-06-16 09:34:48,1717.8,91176
2021-06-16 09:34:49,1717.8,91176
2021-06-16 09:34:49,1717.8,91186
2021-06-16 09:34:50,1717.7,91197
2021-06-16 09:34:51,1717.7,91197
2021-06-16 09:34:52,1717.7,91197
2021-06-16 09:34:54,1717.9,91516
2021-06-16 09:34:55,1717.9,91527
2021-06-16 09:34:56,1718.15,91531
2021-06-16 09:34:57,1718.15,91531
2021-06-16 09:34:58,1718.75,91573
2021-06-16 09:34:59,1718.2,91575
2021-06-16 09:35:00,1719.05,91618
2021-06-16 09:35:01,1718.2,91620
2021-06-16 09:35:02,1718.2,91620
2021-06-16 09:35:03,1718.2,91620
2021-06-16 09:35:04,1718.15,91663
2021-06-16 09:35:04,1718.2,91651
2021-06-16 09:35:05,1718.15,91722
2021-06-16 09:35:06,1719.5,92005
2021-06-16 09:35:07,1719.45,92152
2021-06-16 09:35:08,1719.8,92264
2021-06-16 09:35:09,1718.8,92282
2021-06-16 09:35:10,1719.15,92417
2021-06-16 09:35:11,1720.0,92459
2021-06-16 09:35:13,1720.0,92510
2021-06-16 09:35:14,1719.15,92657
2021-06-16 09:35:16,1718.65,92775
2021-06-16 09:35:17,1719.4,92881
2021-06-16 09:35:18,1719.95,93219
2021-06-16 09:35:18,1719.25,93242
2021-06-16 09:35:20,1719.0,93304
2021-06-16 09:35:21,1718.2,93339
2021-06-16 09:35:22,1718.2,93344
2021-06-16 09:35:23,1718.1,93364
2021-06-16 09:35:25,1717.35,93442
2021-06-16 09:35:26,1717.25,93468
2021-06-16 09:35:27,1718.0,93488
2021-06-16 09:35:28,1717.1,93503
2021-06-16 09:35:29,1717.9,93505
2021-06-16 09:35:30,1717.9,93505
2021-06-16 09:35:31,1717.5,93515
2021-06-16 09:35:32,1717.5,93515
2021-06-16 09:35:33,1717.5,93576
2021-06-16 09:35:34,1717.0,93618
2021-06-16 09:35:35,1718.6,93852
2021-06-16 09:35:36,1718.55,93875
2021-06-16 09:35:37,1717.55,93876
2021-06-16 09:35:37,1717.55,93887
2021-06-16 09:35:38,1717.6,93889
2021-06-16 09:35:39,1717.0,93899
2021-06-16 09:35:41,1717.0,93916
2021-06-16 09:35:41,1717.0,93942
2021-06-16 09:35:42,1717.0,93954
2021-06-16 09:35:45,1717.0,94028
2021-06-16 09:35:46,1717.0,94051
2021-06-16 09:35:47,1717.0,94070
2021-06-16 09:35:48,1717.65,94072
2021-06-16 09:35:49,1716.8,94113
2021-06-16 09:35:50,1716.8,94124
2021-06-16 09:35:51,1716.35,94141
2021-06-16 09:35:52,1716.55,94154
2021-06-16 09:35:53,1716.55,94165
2021-06-16 09:35:54,1716.55,94166
2021-06-16 09:35:55,1716.85,94311
2021-06-16 09:35:56,1717.8,94317
2021-06-16 09:35:57,1717.8,94328
2021-06-16 09:35:58,1716.9,94408
2021-06-16 09:35:59,1716.9,94424
2021-06-16 09:36:01,1717.2,94538
2021-06-16 09:36:02,1717.7,94544
2021-06-16 09:36:02,1716.95,94568
2021-06-16 09:36:03,1717.0,94570
2021-06-16 09:36:05,1716.85,94608
2021-06-16 09:36:06,1716.85,94632
2021-06-16 09:36:07,1716.6,94660
2021-06-16 09:36:08,1717.7,94786
2021-06-16 09:36:09,1716.95,94807
2021-06-16 09:36:10,1716.95,94837
2021-06-16 09:36:10,1716.95,94838
2021-06-16 09:36:11,1716.95,94838
2021-06-16 09:36:13,1716.95,94838
2021-06-16 09:36:14,1716.95,94838
2021-06-16 09:36:15,1716.55,94872
2021-06-16 09:36:16,1716.55,94883
2021-06-16 09:36:17,1717.0,94886
2021-06-16 09:36:18,1716.55,94900
2021-06-16 09:36:19,1717.0,94931
2021-06-16 09:36:20,1716.55,94942
2021-06-16 09:36:21,1716.55,94942
2021-06-16 09:36:22,1717.0,94976
2021-06-16 09:36:23,1717.0,95012
2021-06-16 09:36:24,1716.95,95014
2021-06-16 09:36:25,1716.55,95036
2021-06-16 09:36:26,1716.95,95046
2021-06-16 09:36:27,1716.6,95091
2021-06-16 09:36:29,1716.55,95153
2021-06-16 09:36:28,1716.6,95143
2021-06-16 09:36:30,1716.95,95166
2021-06-16 09:36:31,1716.25,96169
2021-06-16 09:36:32,1717.15,96233
2021-06-16 09:36:33,1718.0,96612
2021-06-16 09:36:34,1716.7,96649
2021-06-16 09:36:35,1716.7,96657
2021-06-16 09:36:35,1716.75,96671
2021-06-16 09:36:38,1716.6,96748
2021-06-16 09:36:39,1716.6,96800
2021-06-16 09:36:40,1716.6,96834
2021-06-16 09:36:41,1716.6,96915
2021-06-16 09:36:42,1716.6,96948
2021-06-16 09:36:43,1716.6,96978
2021-06-16 09:36:44,1716.6,97003
2021-06-16 09:36:45,1716.6,97025
2021-06-16 09:36:46,1716.6,97540
2021-06-16 09:36:47,1716.6,97565
2021-06-16 09:36:48,1716.6,97578
2021-06-16 09:36:50,1716.6,97586
2021-06-16 09:36:49,1716.6,97578
2021-06-16 09:36:51,1716.6,97587
2021-06-16 09:36:53,1716.6,97635
2021-06-16 09:36:55,1716.35,97816
2021-06-16 09:36:56,1716.35,97837
2021-06-16 09:36:57,1716.0,97924
2021-06-16 09:36:58,1716.0,97940
2021-06-16 09:36:58,1716.0,97945
2021-06-16 09:37:00,1716.0,97986
2021-06-16 09:37:01,1716.0,98010
2021-06-16 09:37:01,1716.0,98010
2021-06-16 09:37:02,1716.0,98011
2021-06-16 09:37:04,1716.0,98011
2021-06-16 09:37:05,1716.0,98023
2021-06-16 09:37:06,1716.0,98024
2021-06-16 09:37:07,1716.0,98039
2021-06-16 09:37:08,1716.0,98039
2021-06-16 09:37:09,1716.0,98089
2021-06-16 09:37:10,1716.25,98092
2021-06-16 09:37:11,1716.5,98119
2021-06-16 09:37:12,1716.4,98130
2021-06-16 09:37:13,1716.4,98154
2021-06-16 09:37:14,1716.35,98155
2021-06-16 09:37:15,1716.35,98190
2021-06-16 09:37:16,1716.5,98223
2021-06-16 09:37:17,1716.5,98225
2021-06-16 09:37:19,1716.6,98237
2021-06-16 09:37:18,1716.5,98225
2021-06-16 09:37:20,1717.35,98277
2021-06-16 09:37:20,1718.6,98284
2021-06-16 09:37:21,1717.5,98298
2021-06-16 09:37:22,1717.35,98323
2021-06-16 09:37:24,1718.1,98412
2021-06-16 09:37:25,1717.2,98452
2021-06-16 09:37:26,1717.2,98454
2021-06-16 09:37:27,1717.2,98465
2021-06-16 09:37:28,1717.15,98475
2021-06-16 09:37:29,1717.15,98486
2021-06-16 09:37:30,1717.15,98487
2021-06-16 09:37:31,1717.15,99510
2021-06-16 09:37:32,1717.75,99604
2021-06-16 09:37:33,1717.2,99698
2021-06-16 09:37:34,1717.15,99711
2021-06-16 09:37:36,1717.15,99733
2021-06-16 09:37:37,1717.3,99746
2021-06-16 09:37:38,1717.3,99747
2021-06-16 09:37:39,1717.3,99798
2021-06-16 09:37:40,1717.3,99800
2021-06-16 09:37:41,1717.3,99820
2021-06-16 09:37:42,1717.45,99842
2021-06-16 09:37:43,1717.45,99856
2021-06-16 09:37:44,1717.45,99857
2021-06-16 09:37:45,1717.7,99919
2021-06-16 09:37:46,1717.95,99923
2021-06-16 09:37:47,1717.6,99944
2021-06-16 09:37:48,1717.6,99959
2021-06-16 09:37:49,1717.6,99959
2021-06-16 09:37:50,1717.6,99994
2021-06-16 09:37:51,1717.6,99996
2021-06-16 09:37:53,1717.7,100001
2021-06-16 09:37:52,1717.6,99996
2021-06-16 09:37:55,1717.6,100031
2021-06-16 09:37:54,1717.7,100029
2021-06-16 09:37:56,1717.6,100052
2021-06-16 09:37:57,1717.6,100053
2021-06-16 09:37:58,1717.7,100059
2021-06-16 09:37:59,1717.6,100086
2021-06-16 09:38:00,1717.6,100129
2021-06-16 09:38:01,1716.9,100131
2021-06-16 09:38:02,1717.05,100188
2021-06-16 09:38:03,1716.5,100209
2021-06-16 09:38:04,1716.5,100222
2021-06-16 09:38:05,1716.2,100242
2021-06-16 09:38:06,1716.1,100259
2021-06-16 09:38:07,1716.1,100274
2021-06-16 09:38:08,1716.1,100275
2021-06-16 09:38:09,1716.1,100277
2021-06-16 09:38:10,1716.1,100277
2021-06-16 09:38:11,1716.1,100287
2021-06-16 09:38:12,1716.1,100288
2021-06-16 09:38:13,1716.35,100325
2021-06-16 09:38:14,1716.1,100335
2021-06-16 09:38:15,1716.1,100385
2021-06-16 09:38:16,1716.1,100388
2021-06-16 09:38:17,1716.1,100388
2021-06-16 09:38:18,1716.75,100416
2021-06-16 09:38:19,1716.0,100433
2021-06-16 09:38:20,1716.0,100455
2021-06-16 09:38:21,1716.55,100479
2021-06-16 09:38:22,1716.05,100480
2021-06-16 09:38:23,1716.05,100480
2021-06-16 09:38:24,1716.05,100490
2021-06-16 09:38:25,1717.95,101013
2021-06-16 09:38:26,1716.5,101038
2021-06-16 09:38:27,1716.15,101049
2021-06-16 09:38:28,1716.15,101050
2021-06-16 09:38:29,1716.15,101050
2021-06-16 09:38:30,1716.15,101050
2021-06-16 09:38:31,1716.05,101064
2021-06-16 09:38:32,1716.0,101076
2021-06-16 09:38:33,1716.0,101089
2021-06-16 09:38:34,1716.0,101102
2021-06-16 09:38:36,1716.0,101102
2021-06-16 09:38:38,1716.0,101115
2021-06-16 09:38:39,1716.0,101127
2021-06-16 09:38:40,1716.2,101131
2021-06-16 09:38:41,1716.1,101140
2021-06-16 09:38:42,1716.1,101150
2021-06-16 09:38:43,1716.9,101213
2021-06-16 09:38:44,1716.75,101270
2021-06-16 09:38:45,1716.05,101284
2021-06-16 09:38:46,1716.05,101310
2021-06-16 09:38:47,1716.1,101320
2021-06-16 09:38:48,1716.8,101321
2021-06-16 09:38:49,1716.8,101321
2021-06-16 09:38:50,1716.8,101321
2021-06-16 09:38:53,1716.0,101436
2021-06-16 09:38:54,1716.0,101436
2021-06-16 09:38:55,1716.25,101449
2021-06-16 09:38:56,1716.5,101530
2021-06-16 09:38:57,1717.3,101546
2021-06-16 09:38:59,1716.5,101547
2021-06-16 09:38:58,1716.5,101547
2021-06-16 09:39:00,1716.5,101547
2021-06-16 09:39:01,1717.3,101559
2021-06-16 09:39:02,1716.45,101609
2021-06-16 09:39:03,1716.5,101633
2021-06-16 09:39:04,1716.5,101643
2021-06-16 09:39:05,1716.35,101674
2021-06-16 09:39:06,1716.3,101713
2021-06-16 09:39:07,1716.3,101726
2021-06-16 09:39:08,1716.0,101729
2021-06-16 09:39:09,1716.0,101738
2021-06-16 09:39:10,1716.05,101760
2021-06-16 09:39:11,1716.05,101781
2021-06-16 09:39:12,1716.05,101795
2021-06-16 09:39:13,1716.0,101826
2021-06-16 09:39:14,1716.0,101840
2021-06-16 09:39:15,1716.0,101853
2021-06-16 09:39:16,1716.0,101853
2021-06-16 09:39:17,1716.0,101876
2021-06-16 09:39:18,1716.05,101886
2021-06-16 09:39:19,1716.05,101915
2021-06-16 09:39:20,1716.05,101936
2021-06-16 09:39:21,1716.85,101967
2021-06-16 09:39:22,1716.05,101999
2021-06-16 09:39:23,1716.05,102000
2021-06-16 09:39:25,1716.05,102037
2021-06-16 09:39:26,1716.15,102038
2021-06-16 09:39:28,1716.15,102064
2021-06-16 09:39:29,1716.85,102066
2021-06-16 09:39:31,1716.0,102381
2021-06-16 09:39:33,1716.0,102403
2021-06-16 09:39:36,1716.1,102435
2021-06-16 09:39:37,1716.05,102440
2021-06-16 09:39:38,1716.85,102472
2021-06-16 09:39:39,1716.1,102473
2021-06-16 09:39:40,1716.1,102482
2021-06-16 09:39:41,1716.1,102482
2021-06-16 09:39:42,1716.1,102482
2021-06-16 09:39:43,1716.8,102512
2021-06-16 09:39:45,1716.1,102535
2021-06-16 09:39:46,1716.1,102541
2021-06-16 09:39:47,1716.1,102541
2021-06-16 09:39:48,1716.8,102551
2021-06-16 09:39:49,1716.2,102553
2021-06-16 09:39:50,1716.1,102608
2021-06-16 09:39:51,1716.1,102646
2021-06-16 09:39:52,1716.1,102648
2021-06-16 09:39:53,1716.1,102734
2021-06-16 09:39:54,1716.1,102761
2021-06-16 09:39:55,1716.1,102762
2021-06-16 09:39:56,1716.1,102771
2021-06-16 09:39:57,1716.1,102772
2021-06-16 09:39:58,1716.65,102844
2021-06-16 09:39:59,1716.1,102848
2021-06-16 09:40:00,1716.1,102848
2021-06-16 09:40:01,1716.1,102859
2021-06-16 09:40:02,1716.65,102894
2021-06-16 09:40:03,1716.1,102895
2021-06-16 09:40:04,1716.2,102916
2021-06-16 09:40:05,1716.45,102918
2021-06-16 09:40:06,1716.45,102918
2021-06-16 09:40:08,1716.9,103005
2021-06-16 09:40:07,1716.5,102923
2021-06-16 09:40:09,1716.5,103009
2021-06-16 09:40:10,1716.8,103012
2021-06-16 09:40:11,1716.8,103012
2021-06-16 09:40:12,1716.8,103012
2021-06-16 09:40:14,1716.8,103012
2021-06-16 09:40:16,1716.8,103030
2021-06-16 09:40:16,1716.8,103030
2021-06-16 09:40:17,1716.8,103030
2021-06-16 09:40:18,1716.8,103030
2021-06-16 09:40:19,1716.8,103030
2021-06-16 09:40:20,1716.45,103039
2021-06-16 09:40:21,1716.45,103039
2021-06-16 09:40:22,1716.45,103047
2021-06-16 09:40:23,1716.45,103050
2021-06-16 09:40:24,1716.45,103050
2021-06-16 09:40:25,1716.45,103063
2021-06-16 09:40:26,1716.45,103074
2021-06-16 09:40:27,1716.45,103074
2021-06-16 09:40:28,1716.15,103099
2021-06-16 09:40:29,1716.75,103124
2021-06-16 09:40:30,1716.15,103126
2021-06-16 09:40:31,1716.9,103262
2021-06-16 09:40:32,1716.2,103267
2021-06-16 09:40:33,1716.2,103268
2021-06-16 09:40:34,1716.2,103268
2021-06-16 09:40:35,1716.2,103268
2021-06-16 09:40:36,1716.2,103268
2021-06-16 09:40:37,1716.2,103268
2021-06-16 09:40:38,1716.2,103268
2021-06-16 09:40:39,1716.2,103268
2021-06-16 09:40:40,1716.2,103268
2021-06-16 09:40:41,1716.2,103268
2021-06-16 09:40:42,1716.2,103268
2021-06-16 09:40:44,1716.15,103286
2021-06-16 09:40:46,1716.15,103426
2021-06-16 09:40:47,1716.25,103438
2021-06-16 09:40:48,1717.5,103990
2021-06-16 09:40:49,1717.2,104018
2021-06-16 09:40:50,1716.95,104019
2021-06-16 09:40:51,1716.95,104019
2021-06-16 09:40:53,1716.95,104019
2021-06-16 09:40:54,1716.95,104019
2021-06-16 09:40:55,1716.7,104037
2021-06-16 09:40:55,1716.2,104038
2021-06-16 09:40:56,1716.1,104125
2021-06-16 09:40:57,1716.1,104130
2021-06-16 09:40:58,1716.95,104175
2021-06-16 09:40:59,1716.2,104177
2021-06-16 09:41:00,1716.2,104177
2021-06-16 09:41:01,1716.2,104177
2021-06-16 09:41:02,1716.2,104177
2021-06-16 09:41:03,1716.95,104178
2021-06-16 09:41:04,1716.85,104183
2021-06-16 09:41:05,1716.7,104185
2021-06-16 09:41:06,1716.85,104216
2021-06-16 09:41:07,1716.7,104217
2021-06-16 09:41:10,1716.45,104262
2021-06-16 09:41:10,1716.25,104263
2021-06-16 09:41:11,1716.3,104264
2021-06-16 09:41:12,1716.3,104264
2021-06-16 09:41:13,1716.3,104264
2021-06-16 09:41:15,1716.25,104296
2021-06-16 09:41:15,1716.25,104296
2021-06-16 09:41:16,1716.3,104297
2021-06-16 09:41:17,1716.3,104297
2021-06-16 09:41:18,1716.3,104307
2021-06-16 09:41:19,1716.25,104313
2021-06-16 09:41:20,1716.25,104327
2021-06-16 09:41:21,1716.25,104328
2021-06-16 09:41:22,1716.25,104358
2021-06-16 09:41:23,1716.85,104371
2021-06-16 09:41:24,1716.3,104388
2021-06-16 09:41:25,1716.25,104432
2021-06-16 09:41:26,1716.1,104445
2021-06-16 09:41:27,1716.8,104496
2021-06-16 09:41:28,1716.15,104511
2021-06-16 09:41:29,1716.15,104520
2021-06-16 09:41:30,1716.1,104530
2021-06-16 09:41:31,1716.15,104548
2021-06-16 09:41:32,1716.1,104558
2021-06-16 09:41:35,1716.0,104582
2021-06-16 09:41:36,1716.1,104583
2021-06-16 09:41:37,1716.1,104593
2021-06-16 09:41:38,1716.1,104599
2021-06-16 09:41:39,1716.1,104599
2021-06-16 09:41:40,1716.1,104599
2021-06-16 09:41:41,1716.1,104611
2021-06-16 09:41:42,1716.0,104628
2021-06-16 09:41:43,1716.0,104644
2021-06-16 09:41:44,1716.0,104773
2021-06-16 09:41:45,1716.0,104791
2021-06-16 09:41:46,1716.0,104792
2021-06-16 09:41:47,1716.0,104802
2021-06-16 09:41:48,1716.0,104813
2021-06-16 09:41:50,1716.0,104863
2021-06-16 09:41:50,1716.0,104907
2021-06-16 09:41:51,1716.2,104915
2021-06-16 09:41:52,1716.05,104923
2021-06-16 09:41:55,1716.1,105015
2021-06-16 09:41:56,1716.0,105019
2021-06-16 09:41:57,1716.0,105019
2021-06-16 09:41:58,1716.0,105019
2021-06-16 09:41:59,1716.0,105019
2021-06-16 09:42:00,1716.0,105035
2021-06-16 09:42:01,1716.0,105045
2021-06-16 09:42:02,1716.0,105046
2021-06-16 09:42:03,1716.0,105046
2021-06-16 09:42:04,1716.0,105058
2021-06-16 09:42:05,1715.85,105104
2021-06-16 09:42:06,1715.85,105107
2021-06-16 09:42:07,1715.85,105107
2021-06-16 09:42:09,1715.85,105127
2021-06-16 09:42:09,1715.55,105140
2021-06-16 09:42:10,1715.55,105141
2021-06-16 09:42:12,1715.5,105262
2021-06-16 09:42:13,1715.55,105276
2021-06-16 09:42:14,1715.55,105288
2021-06-16 09:42:15,1715.55,105289
2021-06-16 09:42:16,1715.55,105289
2021-06-16 09:42:17,1715.95,105313
2021-06-16 09:42:19,1716.15,105316
2021-06-16 09:42:20,1715.5,105329
2021-06-16 09:42:20,1715.5,105353
2021-06-16 09:42:21,1715.5,105354
2021-06-16 09:42:23,1715.5,105354
2021-06-16 09:42:24,1715.5,105378
2021-06-16 09:42:26,1715.0,105946
2021-06-16 09:42:27,1715.0,105992
2021-06-16 09:42:27,1715.05,105982
2021-06-16 09:42:28,1715.0,106017
2021-06-16 09:42:29,1715.0,106031
2021-06-16 09:42:30,1715.0,106041
2021-06-16 09:42:31,1715.0,106041
2021-06-16 09:42:34,1715.0,106041
2021-06-16 09:42:35,1715.05,106053
2021-06-16 09:42:36,1715.05,106054
2021-06-16 09:42:37,1715.05,106074
2021-06-16 09:42:38,1715.2,106083
2021-06-16 09:42:39,1715.2,106097
2021-06-16 09:42:39,1715.2,106098
2021-06-16 09:42:40,1715.2,106098
2021-06-16 09:42:42,1715.0,106184
2021-06-16 09:42:43,1715.0,106222
2021-06-16 09:42:44,1715.0,106223
2021-06-16 09:42:45,1715.0,106236
2021-06-16 09:42:46,1715.2,106262
2021-06-16 09:42:47,1715.95,106283
2021-06-16 09:42:48,1715.0,106514
2021-06-16 09:42:51,1715.0,106631
2021-06-16 09:42:51,1715.0,106652
2021-06-16 09:42:52,1714.85,106753
2021-06-16 09:42:53,1714.75,106763
2021-06-16 09:42:55,1714.55,107052
2021-06-16 09:42:56,1714.55,107075
2021-06-16 09:42:57,1714.55,107076
2021-06-16 09:42:58,1714.55,107076
2021-06-16 09:42:59,1714.45,107094
2021-06-16 09:42:59,1714.45,107094
2021-06-16 09:43:00,1714.45,107107
2021-06-16 09:43:01,1714.5,107108
2021-06-16 09:43:02,1714.5,107116
2021-06-16 09:43:03,1714.55,107119
2021-06-16 09:43:04,1714.65,107132
2021-06-16 09:43:05,1715.45,107134
2021-06-16 09:43:06,1715.45,107134
2021-06-16 09:43:07,1715.3,107167
2021-06-16 09:43:09,1714.9,107176
2021-06-16 09:43:10,1714.5,107196
2021-06-16 09:43:11,1714.5,107209
2021-06-16 09:43:13,1714.35,107225
2021-06-16 09:43:14,1714.35,107250
2021-06-16 09:43:14,1714.35,107251
2021-06-16 09:43:15,1714.3,107273
2021-06-16 09:43:16,1715.25,107279
2021-06-16 09:43:17,1715.25,107279
2021-06-16 09:43:18,1714.25,107289
2021-06-16 09:43:19,1714.25,107317
2021-06-16 09:43:20,1714.25,107318
2021-06-16 09:43:22,1714.25,107328
2021-06-16 09:43:22,1714.25,107329
2021-06-16 09:43:23,1715.0,107339
2021-06-16 09:43:25,1714.25,107360
2021-06-16 09:43:26,1714.25,107361
2021-06-16 09:43:26,1714.25,107361
2021-06-16 09:43:27,1714.25,107375
2021-06-16 09:43:29,1714.25,107387
2021-06-16 09:43:30,1714.25,107397
2021-06-16 09:43:31,1714.25,107407
2021-06-16 09:43:31,1714.25,107407
2021-06-16 09:43:32,1715.0,107485
2021-06-16 09:43:33,1715.25,107490
2021-06-16 09:43:34,1715.25,107490
2021-06-16 09:43:35,1715.0,107518
2021-06-16 09:43:36,1715.05,107519
2021-06-16 09:43:37,1714.65,107555
2021-06-16 09:43:38,1714.25,107590
2021-06-16 09:43:39,1714.25,107598
2021-06-16 09:43:40,1715.0,107633
2021-06-16 09:43:41,1715.0,107657
2021-06-16 09:43:42,1715.0,107716
2021-06-16 09:43:43,1714.3,107844
2021-06-16 09:43:44,1715.0,107870
2021-06-16 09:43:45,1714.25,107881
2021-06-16 09:43:46,1714.25,107881
2021-06-16 09:43:48,1715.0,107926
2021-06-16 09:43:48,1714.25,107929
2021-06-16 09:43:50,1714.95,107940
2021-06-16 09:43:51,1714.95,107940
2021-06-16 09:43:52,1714.95,107940
2021-06-16 09:43:53,1714.25,108043
2021-06-16 09:43:53,1714.2,108049
2021-06-16 09:43:54,1714.2,108054
2021-06-16 09:43:55,1714.1,108204
2021-06-16 09:43:56,1714.0,108502
2021-06-16 09:43:57,1714.0,108536
2021-06-16 09:43:58,1714.0,108588
2021-06-16 09:43:59,1714.0,108612
2021-06-16 09:44:01,1714.0,108638
2021-06-16 09:44:02,1714.0,108649
2021-06-16 09:44:03,1714.15,108653
2021-06-16 09:44:03,1714.0,108669
2021-06-16 09:44:05,1714.0,108701
2021-06-16 09:44:06,1714.0,108708
2021-06-16 09:44:07,1714.0,108735
2021-06-16 09:44:07,1714.0,108740
2021-06-16 09:44:08,1714.0,108751
2021-06-16 09:44:09,1714.0,108900
2021-06-16 09:44:10,1713.5,109137
2021-06-16 09:44:11,1713.5,109157
2021-06-16 09:44:12,1713.5,109158
2021-06-16 09:44:13,1714.1,109159
2021-06-16 09:44:14,1713.25,109173
2021-06-16 09:44:15,1713.25,109174
2021-06-16 09:44:16,1713.6,109413
2021-06-16 09:44:17,1713.6,109459
2021-06-16 09:44:18,1713.6,109474
2021-06-16 09:44:19,1713.25,109475
2021-06-16 09:44:21,1714.0,109497
2021-06-16 09:44:22,1713.4,109500
2021-06-16 09:44:26,1713.4,109530
2021-06-16 09:44:26,1713.4,109530
2021-06-16 09:44:27,1714.0,109531
2021-06-16 09:44:28,1714.0,109531
2021-06-16 09:44:29,1713.8,109540
2021-06-16 09:44:30,1713.8,109540
2021-06-16 09:44:32,1713.8,109540
2021-06-16 09:44:32,1713.5,109546
2021-06-16 09:44:33,1713.5,109547
2021-06-16 09:44:34,1713.5,109559
2021-06-16 09:44:35,1713.5,109591
2021-06-16 09:44:37,1713.4,109602
2021-06-16 09:44:38,1713.5,109612
2021-06-16 09:44:39,1713.4,109629
2021-06-16 09:44:40,1713.4,109630
2021-06-16 09:44:41,1713.25,109670
2021-06-16 09:44:41,1713.25,109670
2021-06-16 09:44:42,1713.25,109672
2021-06-16 09:44:44,1713.25,109672
2021-06-16 09:44:44,1713.95,109734
2021-06-16 09:44:46,1713.35,109736
2021-06-16 09:44:47,1713.45,109958
2021-06-16 09:44:48,1713.4,109988
2021-06-16 09:44:49,1713.4,109990
2021-06-16 09:44:50,1713.25,110000
2021-06-16 09:44:51,1713.65,110091
2021-06-16 09:44:51,1713.4,110146
2021-06-16 09:44:52,1713.25,110149
2021-06-16 09:44:54,1713.25,110184
2021-06-16 09:44:55,1713.25,110238
2021-06-16 09:44:55,1713.1,110249
2021-06-16 09:44:56,1713.8,110280
2021-06-16 09:44:57,1713.1,110281
2021-06-16 09:44:58,1713.1,110281
2021-06-16 09:44:59,1713.1,110281
2021-06-16 09:45:00,1713.25,110286
2021-06-16 09:45:01,1713.15,110412
2021-06-16 09:45:02,1713.15,110428
2021-06-16 09:45:03,1713.15,110451
2021-06-16 09:45:04,1713.35,110564
2021-06-16 09:45:05,1713.35,110569
2021-06-16 09:45:06,1713.9,110578
2021-06-16 09:45:08,1714.15,110639
2021-06-16 09:45:08,1713.3,110683
2021-06-16 09:45:09,1714.15,110826
2021-06-16 09:45:11,1713.5,110857
2021-06-16 09:45:12,1713.5,110857
2021-06-16 09:45:13,1713.5,110857
2021-06-16 09:45:14,1713.7,110886
2021-06-16 09:45:15,1713.7,110888
2021-06-16 09:45:16,1714.0,110895
2021-06-16 09:45:18,1713.65,110909
2021-06-16 09:45:18,1713.65,110930
2021-06-16 09:45:19,1713.65,110931
2021-06-16 09:45:20,1713.6,110944
2021-06-16 09:45:21,1714.0,111061
2021-06-16 09:45:22,1713.75,111167
2021-06-16 09:45:23,1714.55,111183
2021-06-16 09:45:24,1713.75,111209
2021-06-16 09:45:26,1713.5,111222
2021-06-16 09:45:27,1713.5,111250
2021-06-16 09:45:29,1713.5,111252
2021-06-16 09:45:29,1713.65,111281
2021-06-16 09:45:30,1713.75,111475
2021-06-16 09:45:32,1713.25,111484
2021-06-16 09:45:32,1713.15,111499
2021-06-16 09:45:33,1713.6,111506
2021-06-16 09:45:34,1713.2,111534
2021-06-16 09:45:36,1713.2,111547
2021-06-16 09:45:37,1713.2,111556
2021-06-16 09:45:38,1713.2,111566
2021-06-16 09:45:40,1713.9,111570
2021-06-16 09:45:41,1713.2,111596
2021-06-16 09:45:41,1713.85,111600
2021-06-16 09:45:43,1713.85,111658
2021-06-16 09:45:44,1713.2,111672
2021-06-16 09:45:46,1713.2,111703
2021-06-16 09:45:46,1713.8,111712
2021-06-16 09:45:48,1713.8,111727
2021-06-16 09:45:49,1713.2,111728
2021-06-16 09:45:50,1713.2,111802
2021-06-16 09:45:51,1713.2,111814
2021-06-16 09:45:52,1713.0,112616
2021-06-16 09:45:54,1712.6,112695
2021-06-16 09:45:55,1712.6,112701
2021-06-16 09:45:55,1712.6,112701
2021-06-16 09:45:56,1712.6,112753
2021-06-16 09:45:57,1712.6,112768
2021-06-16 09:45:58,1712.5,112880
2021-06-16 09:45:59,1712.5,112896
2021-06-16 09:46:01,1712.85,112987
2021-06-16 09:46:01,1712.25,112992
2021-06-16 09:46:02,1712.5,113006
2021-06-16 09:46:03,1712.5,113007
2021-06-16 09:46:04,1712.5,113007
2021-06-16 09:46:05,1712.5,113059
2021-06-16 09:46:06,1712.5,113105
2021-06-16 09:46:07,1712.5,113108
2021-06-16 09:46:08,1712.5,113118
2021-06-16 09:46:09,1712.5,113143
2021-06-16 09:46:10,1712.5,113215
2021-06-16 09:46:13,1712.0,113631
2021-06-16 09:46:14,1712.0,113641
2021-06-16 09:46:15,1712.0,113676
2021-06-16 09:46:16,1712.0,113688
2021-06-16 09:46:17,1712.0,113689
2021-06-16 09:46:18,1712.0,113689
2021-06-16 09:46:19,1712.0,113711
2021-06-16 09:46:20,1712.0,113733
2021-06-16 09:46:21,1712.0,113743
2021-06-16 09:46:22,1712.0,113833
2021-06-16 09:46:23,1712.0,113837
2021-06-16 09:46:24,1712.0,113869
2021-06-16 09:46:25,1712.0,113884
2021-06-16 09:46:26,1711.9,113894
2021-06-16 09:46:27,1711.9,114099
2021-06-16 09:46:28,1712.45,114108
2021-06-16 09:46:30,1711.9,114152
2021-06-16 09:46:31,1712.0,114174
2021-06-16 09:46:32,1711.55,114195
2021-06-16 09:46:33,1711.55,114195
2021-06-16 09:46:34,1711.55,114217
2021-06-16 09:46:35,1711.55,114268
2021-06-16 09:46:36,1711.55,114281
2021-06-16 09:46:37,1711.55,114314
2021-06-16 09:46:37,1712.0,114335
2021-06-16 09:46:38,1711.55,114336
2021-06-16 09:46:39,1711.55,114366
2021-06-16 09:46:41,1712.0,114394
2021-06-16 09:46:42,1711.4,114688
2021-06-16 09:46:43,1711.5,114744
2021-06-16 09:46:44,1712.0,114754
2021-06-16 09:46:45,1711.5,114808
2021-06-16 09:46:46,1711.5,114808
2021-06-16 09:46:46,1711.5,114837
2021-06-16 09:46:48,1712.0,114863
2021-06-16 09:46:49,1711.5,114891
2021-06-16 09:46:50,1711.5,114901
2021-06-16 09:46:51,1711.5,114974
2021-06-16 09:46:52,1711.5,114985
2021-06-16 09:46:53,1711.5,115011
2021-06-16 09:46:54,1711.55,115017
2021-06-16 09:46:55,1711.5,115050
2021-06-16 09:46:56,1712.0,115102
2021-06-16 09:46:57,1712.0,115118
2021-06-16 09:46:58,1711.5,115119
2021-06-16 09:46:59,1711.5,115129
2021-06-16 09:47:00,1712.5,115640
2021-06-16 09:47:01,1713.25,116010
2021-06-16 09:47:02,1712.7,116164
2021-06-16 09:47:03,1712.5,116240
2021-06-16 09:47:04,1712.5,116248
2021-06-16 09:47:05,1712.6,116249
2021-06-16 09:47:06,1712.6,116249
2021-06-16 09:47:07,1712.45,116269
2021-06-16 09:47:08,1712.5,116318
2021-06-16 09:47:09,1712.4,116422
2021-06-16 09:47:10,1712.25,116445
2021-06-16 09:47:11,1712.0,116461
2021-06-16 09:47:12,1713.0,116486
2021-06-16 09:47:13,1712.45,116497
2021-06-16 09:47:14,1712.2,116525
2021-06-16 09:47:15,1712.65,116539
2021-06-16 09:47:16,1712.65,116539
2021-06-16 09:47:16,1712.65,116539
2021-06-16 09:47:19,1712.95,116573
2021-06-16 09:47:20,1712.6,116599
2021-06-16 09:47:22,1712.95,116916
2021-06-16 09:47:23,1712.85,116935
2021-06-16 09:47:24,1712.7,116978
2021-06-16 09:47:25,1712.7,116978
2021-06-16 09:47:27,1713.7,117028
2021-06-16 09:47:28,1712.8,117033
2021-06-16 09:47:29,1713.7,117034
2021-06-16 09:47:29,1713.7,117034
2021-06-16 09:47:31,1712.75,117049
2021-06-16 09:47:31,1712.75,117049
2021-06-16 09:47:32,1712.55,117224
2021-06-16 09:47:34,1712.8,117264
2021-06-16 09:47:36,1713.5,117276
2021-06-16 09:47:37,1712.7,117286
2021-06-16 09:47:38,1712.8,117311
2021-06-16 09:47:39,1713.5,117325
2021-06-16 09:47:40,1712.6,117326
2021-06-16 09:47:41,1712.7,117347
2021-06-16 09:47:42,1713.5,117349
2021-06-16 09:47:43,1712.5,117395
2021-06-16 09:47:44,1713.0,117407
2021-06-16 09:47:45,1712.45,117429
2021-06-16 09:47:45,1713.3,117529
2021-06-16 09:47:46,1712.45,117586
2021-06-16 09:47:47,1712.9,117755
2021-06-16 09:47:48,1712.0,117782
2021-06-16 09:47:50,1712.35,117883
2021-06-16 09:47:51,1712.0,118126
2021-06-16 09:47:52,1712.0,118172
2021-06-16 09:47:53,1712.75,118185
2021-06-16 09:47:54,1712.0,118195
2021-06-16 09:47:55,1712.0,118227
2021-06-16 09:47:56,1712.0,118242
2021-06-16 09:47:57,1712.0,118242
2021-06-16 09:47:58,1712.0,118283
2021-06-16 09:47:58,1712.0,118306
2021-06-16 09:47:59,1712.0,118342
2021-06-16 09:48:01,1712.05,118366
2021-06-16 09:48:02,1712.7,118386
2021-06-16 09:48:03,1712.15,118490
2021-06-16 09:48:03,1712.1,118495
2021-06-16 09:48:04,1713.25,118545
2021-06-16 09:48:06,1712.6,118617
2021-06-16 09:48:06,1713.1,118603
2021-06-16 09:48:08,1712.6,118617
2021-06-16 09:48:10,1712.9,118733
2021-06-16 09:48:11,1712.7,118745
2021-06-16 09:48:12,1712.65,118746
2021-06-16 09:48:13,1712.65,118746
2021-06-16 09:48:14,1712.75,118905
2021-06-16 09:48:15,1712.75,118924
2021-06-16 09:48:16,1712.6,118925
2021-06-16 09:48:17,1712.6,118925
2021-06-16 09:48:18,1712.45,118949
2021-06-16 09:48:19,1712.75,118952
2021-06-16 09:48:20,1712.45,118959
2021-06-16 09:48:21,1712.45,118970
2021-06-16 09:48:22,1712.4,118978
2021-06-16 09:48:23,1712.4,118978
2021-06-16 09:48:24,1712.75,118984
2021-06-16 09:48:26,1712.75,119082
2021-06-16 09:48:27,1712.8,119085
2021-06-16 09:48:28,1713.75,119298
2021-06-16 09:48:29,1712.85,119306
2021-06-16 09:48:30,1712.85,119320
2021-06-16 09:48:31,1712.85,119521
2021-06-16 09:48:33,1712.85,119547
2021-06-16 09:48:34,1713.7,119558
2021-06-16 09:48:35,1713.0,119563
2021-06-16 09:48:36,1713.0,119564
2021-06-16 09:48:38,1713.05,119566
2021-06-16 09:48:40,1713.05,119603
2021-06-16 09:48:41,1713.0,119613
2021-06-16 09:48:42,1713.0,119613
2021-06-16 09:48:43,1713.7,119629
2021-06-16 09:48:44,1713.7,119629
2021-06-16 09:48:45,1713.0,119672
2021-06-16 09:48:46,1713.0,119674
2021-06-16 09:48:48,1713.0,119674
2021-06-16 09:48:47,1713.0,119674
2021-06-16 09:48:49,1713.0,119674
2021-06-16 09:48:50,1713.0,119691
2021-06-16 09:48:51,1713.0,119707
2021-06-16 09:48:52,1713.0,119708
2021-06-16 09:48:53,1713.0,119799
2021-06-16 09:48:54,1713.0,119803
2021-06-16 09:48:55,1713.25,119861
2021-06-16 09:48:56,1713.0,119863
2021-06-16 09:48:57,1713.0,119894
2021-06-16 09:48:58,1712.85,119914
2021-06-16 09:49:01,1712.85,119921
2021-06-16 09:49:04,1712.85,119999
2021-06-16 09:49:06,1712.8,120011
2021-06-16 09:49:08,1712.5,120035
2021-06-16 09:49:07,1712.45,120024
2021-06-16 09:49:09,1712.5,120035
2021-06-16 09:49:12,1712.4,120058
2021-06-16 09:49:13,1712.4,120402
2021-06-16 09:49:15,1712.05,120430
2021-06-16 09:49:16,1712.1,120463
2021-06-16 09:49:17,1712.05,120475
2021-06-16 09:49:18,1712.0,120495
2021-06-16 09:49:19,1712.05,120526
2021-06-16 09:49:20,1712.05,120553
2021-06-16 09:49:21,1712.1,120582
2021-06-16 09:49:22,1712.2,120593
2021-06-16 09:49:23,1712.25,120604
2021-06-16 09:49:24,1712.25,120605
2021-06-16 09:49:25,1712.4,120645
2021-06-16 09:49:26,1712.4,120656
2021-06-16 09:49:27,1712.4,120701
2021-06-16 09:49:28,1712.5,120708
2021-06-16 09:49:29,1712.15,120711
2021-06-16 09:49:30,1712.15,120719
2021-06-16 09:49:31,1712.15,120719
2021-06-16 09:49:32,1712.15,120725
2021-06-16 09:49:33,1712.2,120761
2021-06-16 09:49:34,1712.2,120772
2021-06-16 09:49:35,1712.95,120809
2021-06-16 09:49:36,1712.8,120821
2021-06-16 09:49:37,1712.15,120831
2021-06-16 09:49:38,1712.75,120836
2021-06-16 09:49:39,1712.75,120848
2021-06-16 09:49:40,1712.25,120870
2021-06-16 09:49:41,1712.25,120871
2021-06-16 09:49:42,1712.25,120871
2021-06-16 09:49:43,1712.15,120942
2021-06-16 09:49:44,1712.15,120944
2021-06-16 09:49:46,1712.95,120950
2021-06-16 09:49:47,1712.95,120950
2021-06-16 09:49:48,1712.15,120962
2021-06-16 09:49:49,1712.05,120977
2021-06-16 09:49:50,1712.05,120986
2021-06-16 09:49:51,1712.05,120998
2021-06-16 09:49:52,1712.35,121069
2021-06-16 09:49:53,1712.05,121113
2021-06-16 09:49:54,1712.05,121113
2021-06-16 09:49:55,1712.05,121128
2021-06-16 09:49:56,1712.05,121148
2021-06-16 09:49:57,1712.65,121207
2021-06-16 09:49:58,1712.2,121280
2021-06-16 09:49:59,1712.2,121294
2021-06-16 09:50:00,1712.0,121334
2021-06-16 09:50:01,1712.0,121362
2021-06-16 09:50:02,1712.0,121363
2021-06-16 09:50:03,1712.0,121364
2021-06-16 09:50:04,1712.0,121379
2021-06-16 09:50:05,1712.0,121396
2021-06-16 09:50:06,1712.0,121404
2021-06-16 09:50:07,1711.6,121425
2021-06-16 09:50:08,1712.05,121437
2021-06-16 09:50:09,1711.5,121537
2021-06-16 09:50:10,1711.5,121551
2021-06-16 09:50:11,1712.0,121573
2021-06-16 09:50:12,1711.5,121574
2021-06-16 09:50:13,1711.5,121574
2021-06-16 09:50:14,1711.65,121612
2021-06-16 09:50:15,1712.0,121640
2021-06-16 09:50:17,1712.0,121857
2021-06-16 09:50:18,1712.0,121862
2021-06-16 09:50:19,1712.05,121884
2021-06-16 09:50:20,1712.0,122134
2021-06-16 09:50:21,1711.7,122158
2021-06-16 09:50:22,1711.65,122167
2021-06-16 09:50:23,1711.65,122168
2021-06-16 09:50:24,1711.75,122178
2021-06-16 09:50:25,1711.75,122178
2021-06-16 09:50:27,1711.75,122220
2021-06-16 09:50:27,1711.75,122222
2021-06-16 09:50:29,1712.0,122237
2021-06-16 09:50:30,1711.75,122249
2021-06-16 09:50:31,1711.75,122280
2021-06-16 09:50:32,1711.8,122281
2021-06-16 09:50:33,1711.8,122281
2021-06-16 09:50:36,1711.6,122830
2021-06-16 09:50:36,1711.55,122828
2021-06-16 09:50:37,1711.55,122839
2021-06-16 09:50:38,1711.55,122848
2021-06-16 09:50:40,1711.95,122861
2021-06-16 09:50:41,1711.55,122869
2021-06-16 09:50:43,1711.6,122883
2021-06-16 09:50:43,1711.6,122885
2021-06-16 09:50:45,1711.95,122908
2021-06-16 09:50:46,1711.6,122909
2021-06-16 09:50:47,1711.55,122934
2021-06-16 09:50:48,1711.55,122935
2021-06-16 09:50:49,1711.55,122935
2021-06-16 09:50:50,1711.55,122935
2021-06-16 09:50:51,1711.7,122958
2021-06-16 09:50:52,1711.5,122972
2021-06-16 09:50:53,1711.7,123063
2021-06-16 09:50:54,1711.3,123187
2021-06-16 09:50:56,1712.0,123259
2021-06-16 09:50:57,1711.3,123261
2021-06-16 09:50:58,1711.3,123273
2021-06-16 09:50:59,1711.3,123281
2021-06-16 09:51:00,1711.3,123281
2021-06-16 09:51:01,1711.55,123358
2021-06-16 09:51:02,1711.55,123364
2021-06-16 09:51:03,1711.55,123365
2021-06-16 09:51:04,1711.55,123366
2021-06-16 09:51:05,1711.55,123389
2021-06-16 09:51:06,1711.55,123390
2021-06-16 09:51:07,1712.0,123403
2021-06-16 09:51:08,1711.55,123404
2021-06-16 09:51:09,1712.0,123516
2021-06-16 09:51:10,1711.55,123521
2021-06-16 09:51:11,1711.55,123522
2021-06-16 09:51:13,1711.55,123523
2021-06-16 09:51:14,1711.55,123526
2021-06-16 09:51:14,1711.55,123526
2021-06-16 09:51:15,1711.55,123538
2021-06-16 09:51:16,1711.55,123538
2021-06-16 09:51:17,1711.55,123538
2021-06-16 09:51:18,1711.55,123538
2021-06-16 09:51:19,1711.55,123538
2021-06-16 09:51:20,1712.0,123565
2021-06-16 09:51:21,1711.55,123567
2021-06-16 09:51:22,1711.55,123567
2021-06-16 09:51:23,1711.55,123567
2021-06-16 09:51:24,1711.55,123567
2021-06-16 09:51:25,1711.7,123581
2021-06-16 09:51:26,1711.7,123581
2021-06-16 09:51:27,1711.7,123591
2021-06-16 09:51:29,1711.7,123592
2021-06-16 09:51:29,1711.7,123592
2021-06-16 09:51:31,1712.0,123595
2021-06-16 09:51:32,1712.0,123595
2021-06-16 09:51:34,1712.0,123634
2021-06-16 09:51:35,1712.95,123836
2021-06-16 09:51:36,1712.1,123851
2021-06-16 09:51:37,1712.1,123852
2021-06-16 09:51:38,1712.1,123852
2021-06-16 09:51:39,1712.1,123852
2021-06-16 09:51:41,1712.0,123867
2021-06-16 09:51:42,1712.0,123868
2021-06-16 09:51:43,1712.0,123876
2021-06-16 09:51:44,1712.0,123877
2021-06-16 09:51:45,1712.75,123915
2021-06-16 09:51:46,1712.1,123917
2021-06-16 09:51:47,1712.1,123917
2021-06-16 09:51:48,1712.1,123917
2021-06-16 09:51:49,1712.1,123917
2021-06-16 09:51:50,1712.1,123917
2021-06-16 09:51:51,1712.1,123917
2021-06-16 09:51:52,1712.0,124008
2021-06-16 09:51:53,1712.1,124015
2021-06-16 09:51:54,1712.1,124018
2021-06-16 09:51:55,1712.1,124020
2021-06-16 09:51:57,1712.0,124245
2021-06-16 09:51:58,1712.1,124267
2021-06-16 09:51:59,1712.0,124279
2021-06-16 09:52:01,1712.0,124279
2021-06-16 09:52:01,1712.0,124279
2021-06-16 09:52:02,1712.1,124289
2021-06-16 09:52:04,1712.1,124334
2021-06-16 09:52:05,1712.25,124422
2021-06-16 09:52:06,1712.2,124440
2021-06-16 09:52:07,1712.1,124461
2021-06-16 09:52:08,1712.1,124462
2021-06-16 09:52:09,1712.1,124462
2021-06-16 09:52:10,1712.0,124485
2021-06-16 09:52:11,1712.0,124487
2021-06-16 09:52:12,1712.0,124487
2021-06-16 09:52:13,1712.65,124499
2021-06-16 09:52:14,1712.0,124501
2021-06-16 09:52:15,1712.0,124513
2021-06-16 09:52:16,1712.0,124523
2021-06-16 09:52:17,1712.0,124524
2021-06-16 09:52:19,1712.0,124544
2021-06-16 09:52:19,1712.0,124544
2021-06-16 09:52:21,1712.0,124680
2021-06-16 09:52:22,1712.0,124681
2021-06-16 09:52:23,1712.05,124683
2021-06-16 09:52:24,1712.05,124684
2021-06-16 09:52:25,1712.05,124708
2021-06-16 09:52:26,1712.05,124728
2021-06-16 09:52:28,1712.05,124747
2021-06-16 09:52:29,1712.05,124748
2021-06-16 09:52:31,1712.05,124748
2021-06-16 09:52:32,1712.05,124756
2021-06-16 09:52:33,1712.05,124756
2021-06-16 09:52:34,1712.65,124761
2021-06-16 09:52:36,1712.05,124773
2021-06-16 09:52:36,1712.05,124773
2021-06-16 09:52:37,1712.05,124773
2021-06-16 09:52:39,1712.05,124779
2021-06-16 09:52:40,1712.0,125018
2021-06-16 09:52:41,1712.05,125116
2021-06-16 09:52:42,1712.05,125119
2021-06-16 09:52:44,1712.05,125131
2021-06-16 09:52:45,1712.05,125145
2021-06-16 09:52:45,1712.05,125144
2021-06-16 09:52:47,1712.05,125155
2021-06-16 09:52:49,1712.05,125155
2021-06-16 09:52:50,1712.05,125164
2021-06-16 09:52:51,1712.05,125165
2021-06-16 09:52:52,1712.4,125206
2021-06-16 09:52:53,1712.1,125301
2021-06-16 09:52:54,1712.05,125326
2021-06-16 09:52:55,1712.0,125328
2021-06-16 09:52:56,1713.0,126092
2021-06-16 09:52:57,1713.3,126149
2021-06-16 09:52:58,1712.4,126402
2021-06-16 09:52:59,1713.1,126493
2021-06-16 09:53:01,1712.1,126530
2021-06-16 09:53:02,1712.1,126532
2021-06-16 09:53:03,1712.1,126532
2021-06-16 09:53:03,1712.1,126532
2021-06-16 09:53:04,1712.85,126535
2021-06-16 09:53:05,1712.85,126574
2021-06-16 09:53:06,1712.4,126588
2021-06-16 09:53:07,1712.25,126589
2021-06-16 09:53:08,1712.85,126606
2021-06-16 09:53:09,1712.2,126615
2021-06-16 09:53:10,1712.2,126624
2021-06-16 09:53:11,1712.5,126658
2021-06-16 09:53:12,1712.25,126688
2021-06-16 09:53:13,1712.15,126692
2021-06-16 09:53:14,1712.15,126697
2021-06-16 09:53:15,1712.85,126707
2021-06-16 09:53:17,1712.15,126719
2021-06-16 09:53:16,1712.15,126708
2021-06-16 09:53:19,1712.15,126719
2021-06-16 09:53:18,1712.15,126719
2021-06-16 09:53:21,1712.15,126746
2021-06-16 09:53:22,1712.2,126748
2021-06-16 09:53:23,1712.2,126748
2021-06-16 09:53:24,1712.15,126749
2021-06-16 09:53:25,1712.15,126775
2021-06-16 09:53:26,1712.15,126780
2021-06-16 09:53:27,1712.15,126784
2021-06-16 09:53:28,1712.15,126785
2021-06-16 09:53:29,1712.15,126785
2021-06-16 09:53:30,1712.9,126885
2021-06-16 09:53:31,1712.2,126905
2021-06-16 09:53:32,1712.2,126966
2021-06-16 09:53:33,1712.15,126979
2021-06-16 09:53:34,1712.15,126981
2021-06-16 09:53:35,1712.2,126999
2021-06-16 09:53:36,1712.15,127003
2021-06-16 09:53:37,1712.15,127020
2021-06-16 09:53:38,1712.15,127023
2021-06-16 09:53:39,1712.15,127025
2021-06-16 09:53:40,1712.15,127025
2021-06-16 09:53:41,1712.65,127055
2021-06-16 09:53:42,1712.15,127061
2021-06-16 09:53:43,1712.15,127088
2021-06-16 09:53:45,1712.15,127112
2021-06-16 09:53:46,1712.6,127149
2021-06-16 09:53:47,1712.1,127156
2021-06-16 09:53:48,1712.15,127157
2021-06-16 09:53:48,1712.15,127158
2021-06-16 09:53:50,1712.15,127158
2021-06-16 09:53:51,1712.15,127158
2021-06-16 09:53:51,1712.15,127158
2021-06-16 09:53:52,1712.15,127253
2021-06-16 09:53:53,1712.15,127272
2021-06-16 09:53:54,1712.05,127275
2021-06-16 09:53:56,1712.1,127284
2021-06-16 09:53:57,1712.15,127317
2021-06-16 09:53:58,1712.1,127324
2021-06-16 09:53:59,1712.6,127336
2021-06-16 09:54:00,1712.15,127351
2021-06-16 09:54:01,1712.1,127363
2021-06-16 09:54:02,1712.1,127366
2021-06-16 09:54:03,1712.1,127369
2021-06-16 09:54:04,1712.1,127376
2021-06-16 09:54:05,1711.55,128469
2021-06-16 09:54:07,1711.5,128688
2021-06-16 09:54:08,1711.5,128721
2021-06-16 09:54:09,1711.5,128860
2021-06-16 09:54:10,1711.1,128873
2021-06-16 09:54:11,1711.1,128889
2021-06-16 09:54:12,1711.3,128895
2021-06-16 09:54:13,1711.0,129560
2021-06-16 09:54:14,1709.45,132913
2021-06-16 09:54:15,1708.45,133497
2021-06-16 09:54:17,1708.4,133867
2021-06-16 09:54:17,1708.1,134022
2021-06-16 09:54:18,1708.1,134054
2021-06-16 09:54:20,1708.15,134920
2021-06-16 09:54:21,1708.9,135219
2021-06-16 09:54:22,1708.05,135333
2021-06-16 09:54:23,1708.05,135359
2021-06-16 09:54:24,1708.05,135395
2021-06-16 09:54:26,1708.0,135538
2021-06-16 09:54:26,1708.0,135566
2021-06-16 09:54:30,1708.5,135656
2021-06-16 09:54:30,1708.5,135627
2021-06-16 09:54:31,1708.1,135660
2021-06-16 09:54:33,1708.0,135686
2021-06-16 09:54:34,1708.05,135694
2021-06-16 09:54:35,1708.85,136021
2021-06-16 09:54:36,1708.0,136108
2021-06-16 09:54:36,1708.0,136121
2021-06-16 09:54:39,1708.05,136219
2021-06-16 09:54:39,1708.0,136227
2021-06-16 09:54:40,1708.0,136234
2021-06-16 09:54:42,1708.95,136326
2021-06-16 09:54:43,1708.9,136346
2021-06-16 09:54:43,1708.15,136370
2021-06-16 09:54:45,1708.05,136413
2021-06-16 09:54:45,1708.05,136438
2021-06-16 09:54:47,1708.05,136443
2021-06-16 09:54:47,1708.0,136445
2021-06-16 09:54:48,1708.0,136445
2021-06-16 09:54:49,1708.0,136454
2021-06-16 09:54:50,1707.9,136750
2021-06-16 09:54:52,1708.0,136841
2021-06-16 09:54:52,1708.0,136901
2021-06-16 09:54:53,1707.7,136927
2021-06-16 09:54:54,1707.5,136950
2021-06-16 09:54:55,1707.5,136987
2021-06-16 09:54:57,1707.35,137268
2021-06-16 09:54:58,1707.35,137327
2021-06-16 09:54:59,1707.75,137344
2021-06-16 09:55:00,1707.35,137356
2021-06-16 09:55:01,1707.35,137820
2021-06-16 09:55:03,1707.35,137993
2021-06-16 09:55:04,1707.35,138005
2021-06-16 09:55:06,1707.35,138108
2021-06-16 09:55:07,1707.35,138141
2021-06-16 09:55:07,1707.35,138147
2021-06-16 09:55:08,1707.8,138249
2021-06-16 09:55:10,1707.35,138269
2021-06-16 09:55:11,1708.25,139604
2021-06-16 09:55:12,1708.1,139670
2021-06-16 09:55:13,1708.1,139807
2021-06-16 09:55:16,1707.95,139974
2021-06-16 09:55:17,1707.8,139994
2021-06-16 09:55:18,1707.75,140014
2021-06-16 09:55:19,1707.45,140018
2021-06-16 09:55:20,1708.45,140057
2021-06-16 09:55:21,1707.75,140060
2021-06-16 09:55:22,1707.5,140077
2021-06-16 09:55:23,1708.55,140087
2021-06-16 09:55:24,1707.75,140093
2021-06-16 09:55:25,1708.0,140110
2021-06-16 09:55:26,1707.6,141178
2021-06-16 09:55:27,1707.5,141391
2021-06-16 09:55:28,1707.55,141434
2021-06-16 09:55:29,1707.55,141461
2021-06-16 09:55:30,1708.3,141576
2021-06-16 09:55:30,1707.7,141593
2021-06-16 09:55:31,1707.7,141616
2021-06-16 09:55:32,1707.75,141620
2021-06-16 09:55:33,1707.75,141621
2021-06-16 09:55:35,1707.9,141782
2021-06-16 09:55:36,1707.85,141833
2021-06-16 09:55:37,1707.85,141835
2021-06-16 09:55:38,1707.85,141835
2021-06-16 09:55:39,1707.85,141850
2021-06-16 09:55:40,1708.4,141858
2021-06-16 09:55:41,1707.85,141860
2021-06-16 09:55:42,1707.65,141864
2021-06-16 09:55:44,1707.85,141888
2021-06-16 09:55:45,1707.5,141892
2021-06-16 09:55:46,1707.5,141978
2021-06-16 09:55:47,1708.4,142030
2021-06-16 09:55:48,1708.4,142070
2021-06-16 09:55:49,1708.8,142176
2021-06-16 09:55:49,1707.9,142194
2021-06-16 09:55:52,1707.5,142221
2021-06-16 09:55:53,1708.15,142417
2021-06-16 09:55:54,1707.5,142499
2021-06-16 09:55:55,1707.5,142528
2021-06-16 09:55:56,1708.0,142538
2021-06-16 09:55:57,1707.35,142700
2021-06-16 09:55:57,1707.4,142793
2021-06-16 09:55:58,1708.0,142835
2021-06-16 09:56:01,1708.0,142981
2021-06-16 09:56:02,1707.5,143006
2021-06-16 09:56:04,1708.0,143035
2021-06-16 09:56:05,1707.5,143067
2021-06-16 09:56:06,1707.5,143092
2021-06-16 09:56:07,1708.3,143108
2021-06-16 09:56:08,1708.3,143115
2021-06-16 09:56:10,1707.5,143117
2021-06-16 09:56:11,1708.3,143236
2021-06-16 09:56:12,1707.5,143260
2021-06-16 09:56:13,1707.5,143294
2021-06-16 09:56:14,1707.5,143325
2021-06-16 09:56:16,1707.5,143386
2021-06-16 09:56:17,1707.55,143397
2021-06-16 09:56:19,1707.5,143399
2021-06-16 09:56:20,1707.55,143401
2021-06-16 09:56:21,1707.5,143493
2021-06-16 09:56:22,1708.35,143667
2021-06-16 09:56:23,1708.4,143699
2021-06-16 09:56:24,1707.5,143715
2021-06-16 09:56:25,1707.5,144217
2021-06-16 09:56:26,1707.4,144273
2021-06-16 09:56:27,1708.5,144458
2021-06-16 09:56:28,1707.55,144469
2021-06-16 09:56:29,1707.35,144485
2021-06-16 09:56:31,1707.35,144503
2021-06-16 09:56:31,1707.35,144505
2021-06-16 09:56:33,1708.0,144537
2021-06-16 09:56:34,1708.0,144575
2021-06-16 09:56:35,1707.35,144598
2021-06-16 09:56:36,1707.35,144605
2021-06-16 09:56:36,1707.35,144603
2021-06-16 09:56:37,1707.35,144605
2021-06-16 09:56:38,1707.4,144606
2021-06-16 09:56:39,1708.0,144667
2021-06-16 09:56:41,1707.8,144889
2021-06-16 09:56:42,1707.85,144931
2021-06-16 09:56:43,1707.75,144961
2021-06-16 09:56:44,1707.8,144964
2021-06-16 09:56:45,1707.4,144971
2021-06-16 09:56:46,1707.4,144982
2021-06-16 09:56:47,1707.8,144985
2021-06-16 09:56:49,1707.4,145015
2021-06-16 09:56:48,1707.4,145000
2021-06-16 09:56:50,1707.4,145019
2021-06-16 09:56:51,1708.5,145820
2021-06-16 09:56:52,1708.05,146426
2021-06-16 09:56:53,1707.2,146884
2021-06-16 09:56:53,1707.2,147042
2021-06-16 09:56:55,1707.15,147231
2021-06-16 09:56:56,1707.15,147306
2021-06-16 09:56:57,1707.15,147362
2021-06-16 09:56:58,1707.15,147382
2021-06-16 09:56:59,1707.15,147391
2021-06-16 09:56:59,1707.15,147389
2021-06-16 09:57:01,1707.15,147402
2021-06-16 09:57:02,1707.15,147417
2021-06-16 09:57:03,1707.2,147443
2021-06-16 09:57:04,1707.0,148569
2021-06-16 09:57:05,1707.05,148792
2021-06-16 09:57:06,1707.0,149007
2021-06-16 09:57:07,1707.4,149053
2021-06-16 09:57:08,1707.05,149568
2021-06-16 09:57:10,1707.05,149686
2021-06-16 09:57:11,1707.05,149818
2021-06-16 09:57:12,1707.1,149848
2021-06-16 09:57:13,1707.05,150762
2021-06-16 09:57:14,1707.05,151009
2021-06-16 09:57:15,1706.8,151265
2021-06-16 09:57:15,1707.75,151305
2021-06-16 09:57:16,1706.8,151311
2021-06-16 09:57:18,1707.0,151312
2021-06-16 09:57:19,1707.0,151331
2021-06-16 09:57:20,1707.1,151345
2021-06-16 09:57:21,1707.1,151370
2021-06-16 09:57:21,1707.1,151374
2021-06-16 09:57:22,1707.35,151447
2021-06-16 09:57:23,1707.35,151483
2021-06-16 09:57:24,1707.35,151539
2021-06-16 09:57:26,1707.4,151566
2021-06-16 09:57:27,1707.25,151721
2021-06-16 09:57:27,1707.45,151744
2021-06-16 09:57:29,1707.1,151846
2021-06-16 09:57:30,1707.15,151861
2021-06-16 09:57:31,1707.35,151865
2021-06-16 09:57:32,1708.0,151896
2021-06-16 09:57:33,1707.9,152036
2021-06-16 09:57:34,1707.35,152074
2021-06-16 09:57:35,1707.4,152168
2021-06-16 09:57:36,1707.55,152183
2021-06-16 09:57:39,1708.0,152211
2021-06-16 09:57:40,1707.55,152247
2021-06-16 09:57:41,1707.55,152253
2021-06-16 09:57:43,1707.55,152253
2021-06-16 09:57:44,1707.85,152273
2021-06-16 09:57:45,1707.5,152299
2021-06-16 09:57:46,1707.5,152313
2021-06-16 09:57:47,1707.25,152516
2021-06-16 09:57:48,1707.25,152546
2021-06-16 09:57:48,1707.85,152651
2021-06-16 09:57:50,1707.25,152714
2021-06-16 09:57:51,1707.25,152741
2021-06-16 09:57:52,1707.25,152808
2021-06-16 09:57:53,1707.65,152910
2021-06-16 09:57:53,1707.25,152915
2021-06-16 09:57:54,1707.0,152936
2021-06-16 09:57:56,1707.0,152955
2021-06-16 09:57:57,1707.0,152964
2021-06-16 09:57:58,1707.0,152978
2021-06-16 09:57:59,1707.0,153017
2021-06-16 09:58:00,1707.85,153118
2021-06-16 09:58:02,1707.7,153185
2021-06-16 09:58:03,1707.2,153304
2021-06-16 09:58:04,1707.35,153323
2021-06-16 09:58:05,1707.85,153392
2021-06-16 09:58:06,1707.3,153430
2021-06-16 09:58:07,1707.3,153454
2021-06-16 09:58:08,1707.3,153483
2021-06-16 09:58:09,1707.3,153507
2021-06-16 09:58:11,1707.85,153858
2021-06-16 09:58:11,1707.2,154003
2021-06-16 09:58:12,1707.0,154017
2021-06-16 09:58:13,1707.0,154033
2021-06-16 09:58:15,1707.2,154040
2021-06-16 09:58:16,1707.0,154086
2021-06-16 09:58:17,1706.95,154159
2021-06-16 09:58:17,1706.95,154184
2021-06-16 09:58:19,1706.95,154200
2021-06-16 09:58:19,1706.95,154227
2021-06-16 09:58:20,1707.0,154237
2021-06-16 09:58:21,1706.95,154241
2021-06-16 09:58:23,1707.0,154242
2021-06-16 09:58:24,1707.4,154253
2021-06-16 09:58:25,1707.0,154264
2021-06-16 09:58:26,1707.0,154268
2021-06-16 09:58:27,1707.05,154270
2021-06-16 09:58:28,1707.05,154290
2021-06-16 09:58:29,1707.4,154409
2021-06-16 09:58:30,1709.1,155738
2021-06-16 09:58:31,1709.1,155965
2021-06-16 09:58:32,1708.5,156076
2021-06-16 09:58:32,1708.3,156100
2021-06-16 09:58:33,1707.95,156145
2021-06-16 09:58:35,1707.95,156162
2021-06-16 09:58:36,1707.95,156492
2021-06-16 09:58:37,1707.85,156598
2021-06-16 09:58:38,1708.3,156749
2021-06-16 09:58:39,1708.6,156815
2021-06-16 09:58:40,1708.7,157226
2021-06-16 09:58:41,1708.7,157462
2021-06-16 09:58:41,1708.7,157510
2021-06-16 09:58:43,1708.55,157519
2021-06-16 09:58:44,1708.75,157576
2021-06-16 09:58:45,1708.5,157600
2021-06-16 09:58:46,1708.65,157661
2021-06-16 09:58:47,1708.5,157675
2021-06-16 09:58:48,1709.2,157730
2021-06-16 09:58:49,1708.25,158157
2021-06-16 09:58:50,1708.85,158409
2021-06-16 09:58:51,1708.2,158458
2021-06-16 09:58:52,1708.2,158470
2021-06-16 09:58:52,1708.25,158468
2021-06-16 09:58:53,1708.15,158594
2021-06-16 09:58:55,1707.95,159083
2021-06-16 09:58:56,1708.2,159535
2021-06-16 09:58:57,1708.05,159603
2021-06-16 09:58:58,1708.05,159617
2021-06-16 09:58:59,1707.4,159631
2021-06-16 09:59:00,1707.4,159638
2021-06-16 09:59:01,1708.0,159661
2021-06-16 09:59:02,1707.45,159676
2021-06-16 09:59:03,1707.45,159685
2021-06-16 09:59:04,1707.3,159688
2021-06-16 09:59:05,1707.3,159690
2021-06-16 09:59:06,1708.2,159886
2021-06-16 09:59:07,1707.3,159915
2021-06-16 09:59:08,1707.3,159930
2021-06-16 09:59:09,1708.15,159961
2021-06-16 09:59:10,1707.55,159976
2021-06-16 09:59:11,1708.2,160077
2021-06-16 09:59:12,1708.2,160137
2021-06-16 09:59:14,1707.85,160256
2021-06-16 09:59:15,1707.85,160266
2021-06-16 09:59:16,1707.4,160552
2021-06-16 09:59:17,1708.3,160716
2021-06-16 09:59:18,1707.75,160770
2021-06-16 09:59:19,1707.8,160820
2021-06-16 09:59:20,1708.3,160900
2021-06-16 09:59:22,1707.45,161171
2021-06-16 09:59:23,1707.45,161194
2021-06-16 09:59:24,1707.55,161203
2021-06-16 09:59:25,1707.55,161206
2021-06-16 09:59:26,1707.55,161256
2021-06-16 09:59:27,1707.55,161293
2021-06-16 09:59:28,1707.55,161336
2021-06-16 09:59:29,1707.55,161362
2021-06-16 09:59:30,1707.55,161371
2021-06-16 09:59:31,1707.55,161390
2021-06-16 09:59:32,1708.35,161401
2021-06-16 09:59:33,1708.35,161406
2021-06-16 09:59:35,1707.6,161426
2021-06-16 09:59:36,1707.6,161432
2021-06-16 09:59:37,1707.55,161437
2021-06-16 09:59:38,1707.55,161439
2021-06-16 09:59:40,1707.85,161456
2021-06-16 09:59:41,1707.55,161482
2021-06-16 09:59:42,1707.85,161492
2021-06-16 09:59:43,1707.85,161496
2021-06-16 09:59:45,1707.85,161532
2021-06-16 09:59:46,1707.55,161540
2021-06-16 09:59:47,1707.55,161547
2021-06-16 09:59:48,1707.55,161550
2021-06-16 09:59:49,1707.55,161551
2021-06-16 09:59:50,1707.55,161576
2021-06-16 09:59:51,1707.55,161584
2021-06-16 09:59:52,1707.55,161588
2021-06-16 09:59:53,1707.3,161680
2021-06-16 09:59:54,1707.65,161720
2021-06-16 09:59:55,1707.3,161726
2021-06-16 09:59:56,1707.3,161728
2021-06-16 09:59:57,1707.3,161748
2021-06-16 09:59:58,1707.3,161755
2021-06-16 09:59:59,1707.3,161790
2021-06-16 10:00:00,1707.75,161806
2021-06-16 10:00:01,1707.3,161808
2021-06-16 10:00:02,1707.3,161809
2021-06-16 10:00:03,1707.3,161813
2021-06-16 10:00:04,1707.3,161837
2021-06-16 10:00:05,1707.3,161871
2021-06-16 10:00:06,1708.5,162142
2021-06-16 10:00:07,1708.05,162172
2021-06-16 10:00:08,1708.05,162186
2021-06-16 10:00:09,1707.85,162187
2021-06-16 10:00:10,1708.0,162290
2021-06-16 10:00:11,1707.8,162362
2021-06-16 10:00:12,1707.95,162403
2021-06-16 10:00:14,1708.15,162472
2021-06-16 10:00:15,1708.15,162484
2021-06-16 10:00:17,1708.2,162509
2021-06-16 10:00:16,1708.15,162488
2021-06-16 10:00:18,1708.2,162517
2021-06-16 10:00:19,1708.2,162530
2021-06-16 10:00:20,1708.9,162541
2021-06-16 10:00:21,1708.2,162543
2021-06-16 10:00:22,1708.2,162547
2021-06-16 10:00:23,1708.3,162572
2021-06-16 10:00:24,1708.3,162577
2021-06-16 10:00:25,1708.3,162645
2021-06-16 10:00:26,1708.05,162652
2021-06-16 10:00:27,1708.3,162659
2021-06-16 10:00:28,1708.0,162660
2021-06-16 10:00:29,1708.0,162661
2021-06-16 10:00:30,1708.0,162675
2021-06-16 10:00:31,1708.0,162681
2021-06-16 10:00:32,1708.0,162685
2021-06-16 10:00:33,1708.0,162687
2021-06-16 10:00:34,1708.0,162692
2021-06-16 10:00:35,1708.0,162695
2021-06-16 10:00:36,1708.0,162695
2021-06-16 10:00:37,1708.0,162795
2021-06-16 10:00:38,1708.6,163153
2021-06-16 10:00:39,1707.6,163172
2021-06-16 10:00:40,1707.6,163179
2021-06-16 10:00:41,1707.6,163181
2021-06-16 10:00:42,1707.6,163181
2021-06-16 10:00:43,1707.65,163310
2021-06-16 10:00:44,1707.65,163355
2021-06-16 10:00:45,1707.65,163391
2021-06-16 10:00:46,1707.65,163405
2021-06-16 10:00:48,1707.65,163442
2021-06-16 10:00:50,1707.95,163491
2021-06-16 10:00:51,1707.65,163498
2021-06-16 10:00:54,1707.5,163576
2021-06-16 10:00:55,1707.5,163622
2021-06-16 10:00:56,1707.5,163639
2021-06-16 10:00:57,1707.5,163644
2021-06-16 10:00:58,1709.5,163854
2021-06-16 10:00:59,1709.35,163888
2021-06-16 10:01:00,1709.35,164004
2021-06-16 10:01:01,1708.5,164021
2021-06-16 10:01:02,1708.5,164025
2021-06-16 10:01:03,1708.4,164027
2021-06-16 10:01:04,1708.4,164073
2021-06-16 10:01:05,1708.4,164114
2021-06-16 10:01:06,1708.4,164158
2021-06-16 10:01:07,1708.4,164174
2021-06-16 10:01:08,1708.95,164225
2021-06-16 10:01:10,1709.6,164397
2021-06-16 10:01:11,1708.95,164430
2021-06-16 10:01:12,1708.95,164617
2021-06-16 10:01:13,1709.25,164701
2021-06-16 10:01:13,1708.45,164713
2021-06-16 10:01:15,1709.25,164739
2021-06-16 10:01:16,1708.45,164743
2021-06-16 10:01:17,1708.5,164751
2021-06-16 10:01:17,1708.5,164754
2021-06-16 10:01:18,1708.55,164777
2021-06-16 10:01:19,1709.25,164791
2021-06-16 10:01:20,1709.45,164838
2021-06-16 10:01:21,1708.55,164847
2021-06-16 10:01:23,1708.55,164873
2021-06-16 10:01:23,1708.55,164882
2021-06-16 10:01:24,1709.25,165139
2021-06-16 10:01:25,1709.6,165316
2021-06-16 10:01:26,1708.7,165348
2021-06-16 10:01:28,1709.5,165399
2021-06-16 10:01:29,1708.7,165404
2021-06-16 10:01:31,1708.65,165425
2021-06-16 10:01:32,1708.5,165428
2021-06-16 10:01:33,1708.6,165483
2021-06-16 10:01:33,1708.65,165502
2021-06-16 10:01:34,1708.7,165526
2021-06-16 10:01:35,1708.65,165533
2021-06-16 10:01:36,1708.65,165547
2021-06-16 10:01:37,1709.6,165567
2021-06-16 10:01:38,1708.5,165622
2021-06-16 10:01:40,1708.5,165661
2021-06-16 10:01:41,1708.5,165695
2021-06-16 10:01:42,1708.5,165711
2021-06-16 10:01:43,1708.5,165722
2021-06-16 10:01:44,1708.55,165727
2021-06-16 10:01:45,1708.55,165729
2021-06-16 10:01:47,1709.1,165859
2021-06-16 10:01:47,1708.55,165878
2021-06-16 10:01:48,1709.25,165960
2021-06-16 10:01:49,1708.55,165973
2021-06-16 10:01:50,1708.55,165978
2021-06-16 10:01:51,1708.55,165979
2021-06-16 10:01:53,1708.55,166089
2021-06-16 10:01:54,1708.55,166119
2021-06-16 10:01:56,1708.5,166123
2021-06-16 10:01:57,1708.0,166207
2021-06-16 10:01:57,1708.0,166237
2021-06-16 10:01:58,1708.0,166248
2021-06-16 10:01:59,1708.0,166263
2021-06-16 10:02:00,1708.55,166279
2021-06-16 10:02:01,1708.55,166302
2021-06-16 10:02:03,1708.0,166318
2021-06-16 10:02:03,1708.0,166325
2021-06-16 10:02:04,1708.0,166328
2021-06-16 10:02:05,1708.0,166330
2021-06-16 10:02:06,1708.0,166333
2021-06-16 10:02:07,1708.55,166341
2021-06-16 10:02:08,1708.0,166342
2021-06-16 10:02:10,1708.0,166346
2021-06-16 10:02:11,1708.0,166346
2021-06-16 10:02:12,1707.9,166372
2021-06-16 10:02:13,1708.55,166392
2021-06-16 10:02:14,1708.55,166401
2021-06-16 10:02:15,1708.55,166404
2021-06-16 10:02:16,1709.0,166410
2021-06-16 10:02:17,1708.55,166412
2021-06-16 10:02:18,1708.55,166413
2021-06-16 10:02:19,1708.55,166415
2021-06-16 10:02:20,1708.55,166416
2021-06-16 10:02:21,1708.55,166526
2021-06-16 10:02:22,1708.55,166585
2021-06-16 10:02:23,1708.55,166587
2021-06-16 10:02:24,1708.2,166621
2021-06-16 10:02:26,1708.2,166627
2021-06-16 10:02:27,1708.95,166677
2021-06-16 10:02:30,1708.55,166726
2021-06-16 10:02:31,1708.55,166736
2021-06-16 10:02:32,1708.55,166738
2021-06-16 10:02:33,1708.55,166747
2021-06-16 10:02:34,1708.55,166771
2021-06-16 10:02:35,1708.55,166783
2021-06-16 10:02:36,1709.0,166786
2021-06-16 10:02:37,1709.0,166786
2021-06-16 10:02:38,1709.0,166786
2021-06-16 10:02:39,1709.0,166836
2021-06-16 10:02:41,1709.0,166839
2021-06-16 10:02:41,1709.0,166839
2021-06-16 10:02:42,1708.6,166841
2021-06-16 10:02:43,1709.75,167266
2021-06-16 10:02:44,1709.75,167283
2021-06-16 10:02:45,1709.75,167285
2021-06-16 10:02:46,1709.35,167290
2021-06-16 10:02:47,1709.35,167291
2021-06-16 10:02:48,1709.15,167359
2021-06-16 10:02:49,1709.15,167376
2021-06-16 10:02:50,1709.0,167378
2021-06-16 10:02:51,1709.0,167378
2021-06-16 10:02:52,1709.0,167378
2021-06-16 10:02:53,1708.75,167469
2021-06-16 10:02:55,1708.55,167472
2021-06-16 10:02:55,1708.55,167472
2021-06-16 10:02:56,1709.4,167519
2021-06-16 10:02:57,1709.4,167519
2021-06-16 10:02:58,1709.4,167519
2021-06-16 10:02:59,1709.35,167570
2021-06-16 10:03:00,1709.35,167580
2021-06-16 10:03:02,1709.35,167594
2021-06-16 10:03:03,1709.35,167597
2021-06-16 10:03:05,1709.35,167599
2021-06-16 10:03:06,1709.35,167599
2021-06-16 10:03:08,1709.35,167599
2021-06-16 10:03:10,1709.9,167819
2021-06-16 10:03:11,1709.9,167819
2021-06-16 10:03:12,1709.9,167829
2021-06-16 10:03:13,1709.45,167832
2021-06-16 10:03:14,1709.4,167854
2021-06-16 10:03:15,1709.35,167859
2021-06-16 10:03:17,1709.35,167860
2021-06-16 10:03:18,1709.35,167865
2021-06-16 10:03:19,1709.35,167867
2021-06-16 10:03:19,1709.35,167869
2021-06-16 10:03:21,1710.0,167956
2021-06-16 10:03:21,1709.0,167970
2021-06-16 10:03:22,1709.0,167975
2021-06-16 10:03:23,1709.0,167982
2021-06-16 10:03:24,1709.0,167988
2021-06-16 10:03:25,1709.0,167989
2021-06-16 10:03:26,1708.8,167994
2021-06-16 10:03:27,1708.8,167999
2021-06-16 10:03:28,1708.75,168003
2021-06-16 10:03:30,1709.4,168033
2021-06-16 10:03:31,1709.4,168121
2021-06-16 10:03:31,1709.4,168151
2021-06-16 10:03:33,1708.85,168217
2021-06-16 10:03:34,1708.85,168226
2021-06-16 10:03:37,1708.85,168233
2021-06-16 10:03:39,1709.0,168335
2021-06-16 10:03:40,1709.1,168373
2021-06-16 10:03:41,1709.1,168381
2021-06-16 10:03:42,1708.7,168392
2021-06-16 10:03:43,1708.65,168398
2021-06-16 10:03:44,1708.55,168403
2021-06-16 10:03:45,1709.0,168404
2021-06-16 10:03:47,1709.0,168404
2021-06-16 10:03:48,1709.0,168411
2021-06-16 10:03:49,1709.1,168413
2021-06-16 10:03:51,1709.1,168416
2021-06-16 10:03:52,1709.1,168416
2021-06-16 10:03:52,1709.1,168416
2021-06-16 10:03:53,1709.0,168506
2021-06-16 10:03:54,1709.0,168528
2021-06-16 10:03:55,1709.3,168553
2021-06-16 10:03:56,1708.55,168557
2021-06-16 10:03:57,1709.0,168569
2021-06-16 10:03:59,1708.55,168600
2021-06-16 10:04:00,1709.25,168641
2021-06-16 10:04:01,1708.6,168651
2021-06-16 10:04:02,1708.6,168655
2021-06-16 10:04:03,1708.6,168656
2021-06-16 10:04:04,1708.6,168658
2021-06-16 10:04:06,1709.1,168722
2021-06-16 10:04:08,1709.0,168739
2021-06-16 10:04:09,1709.1,168748
2021-06-16 10:04:09,1709.0,168749
2021-06-16 10:04:10,1709.0,168750
2021-06-16 10:04:11,1709.0,168774
2021-06-16 10:04:12,1709.0,168835
2021-06-16 10:04:13,1709.0,168856
2021-06-16 10:04:14,1709.0,168865
2021-06-16 10:04:15,1709.0,168869
2021-06-16 10:04:16,1709.0,168870
2021-06-16 10:04:17,1709.0,168871
2021-06-16 10:04:18,1709.0,168947
2021-06-16 10:04:19,1709.0,168976
2021-06-16 10:04:21,1709.0,168997
2021-06-16 10:04:22,1709.0,168999
2021-06-16 10:04:24,1709.1,169000
2021-06-16 10:04:25,1709.1,169001
2021-06-16 10:04:26,1709.1,169002
2021-06-16 10:04:27,1709.1,169002
2021-06-16 10:04:28,1709.75,169022
2021-06-16 10:04:28,1709.1,169025
2021-06-16 10:04:29,1709.75,169027
2021-06-16 10:04:30,1709.1,169028
2021-06-16 10:04:32,1709.75,169029
2021-06-16 10:04:33,1709.1,169030
2021-06-16 10:04:34,1709.1,169036
2021-06-16 10:04:35,1709.9,169140
2021-06-16 10:04:37,1709.9,169188
2021-06-16 10:04:38,1709.4,169194
2021-06-16 10:04:38,1709.4,169192
2021-06-16 10:04:39,1709.4,169194
2021-06-16 10:04:40,1709.4,169215
2021-06-16 10:04:41,1709.9,169227
2021-06-16 10:04:42,1709.45,169234
2021-06-16 10:04:44,1709.4,169238
2021-06-16 10:04:45,1709.4,169239
2021-06-16 10:04:46,1709.4,169241
2021-06-16 10:04:46,1710.75,169385
2021-06-16 10:04:47,1710.75,169426
2021-06-16 10:04:48,1710.0,169432
2021-06-16 10:04:49,1710.75,169439
2021-06-16 10:04:52,1709.8,169482
2021-06-16 10:04:53,1709.55,169574
2021-06-16 10:04:54,1710.05,169629
2021-06-16 10:04:55,1710.05,169651
2021-06-16 10:04:56,1710.05,169674
2021-06-16 10:04:57,1710.05,169679
2021-06-16 10:04:58,1710.7,169745
2021-06-16 10:04:59,1709.65,169755
2021-06-16 10:05:00,1709.65,169767
2021-06-16 10:05:01,1709.75,169772
2021-06-16 10:05:02,1709.75,169774
2021-06-16 10:05:03,1710.5,169867
2021-06-16 10:05:04,1709.55,169942
2021-06-16 10:05:05,1710.45,170015
2021-06-16 10:05:06,1709.6,170026
2021-06-16 10:05:07,1709.6,170030
2021-06-16 10:05:09,1710.45,170051
2021-06-16 10:05:11,1709.75,170075
2021-06-16 10:05:12,1709.75,170078
2021-06-16 10:05:13,1709.75,170078
2021-06-16 10:05:14,1709.45,170131
2021-06-16 10:05:15,1709.45,170134
2021-06-16 10:05:16,1709.5,170263
2021-06-16 10:05:17,1709.45,170299
2021-06-16 10:05:19,1709.45,170311
2021-06-16 10:05:21,1709.45,170319
2021-06-16 10:05:23,1709.55,170388
2021-06-16 10:05:23,1709.1,170389
2021-06-16 10:05:24,1709.65,170393
2021-06-16 10:05:25,1710.2,170439
2021-06-16 10:05:26,1710.15,170461
2021-06-16 10:05:27,1709.5,170477
2021-06-16 10:05:28,1709.5,170482
2021-06-16 10:05:31,1709.55,170511
2021-06-16 10:05:32,1709.55,170513
2021-06-16 10:05:34,1709.5,170519
2021-06-16 10:05:35,1709.55,170522
2021-06-16 10:05:36,1709.55,170536
2021-06-16 10:05:37,1709.55,170539
2021-06-16 10:05:38,1710.3,170545
2021-06-16 10:05:39,1710.4,170556
2021-06-16 10:05:40,1709.6,170559
2021-06-16 10:05:40,1710.4,170560
2021-06-16 10:05:41,1709.6,170569
2021-06-16 10:05:42,1709.6,170573
2021-06-16 10:05:44,1709.6,170573
2021-06-16 10:05:45,1710.35,170580
2021-06-16 10:05:46,1709.55,170582
2021-06-16 10:05:47,1709.6,170660
2021-06-16 10:05:48,1709.6,170687
2021-06-16 10:05:49,1709.6,170694
2021-06-16 10:05:50,1709.55,170790
2021-06-16 10:05:50,1709.6,170827
2021-06-16 10:05:51,1709.55,170838
2021-06-16 10:05:52,1709.55,170842
2021-06-16 10:05:53,1710.3,170852
2021-06-16 10:05:54,1710.3,170869
2021-06-16 10:05:56,1709.55,170873
2021-06-16 10:05:57,1710.35,170914
2021-06-16 10:05:58,1710.35,170928
2021-06-16 10:05:59,1710.0,170940
2021-06-16 10:06:00,1710.0,170945
2021-06-16 10:06:00,1710.0,170947
2021-06-16 10:06:01,1710.0,170950
2021-06-16 10:06:02,1710.0,170956
2021-06-16 10:06:03,1710.05,170961
2021-06-16 10:06:04,1710.05,170962
2021-06-16 10:06:06,1710.4,170968
2021-06-16 10:06:07,1710.05,170969
2021-06-16 10:06:08,1710.05,170971
2021-06-16 10:06:08,1710.05,170972
2021-06-16 10:06:09,1710.05,170984
2021-06-16 10:06:10,1710.05,171001
2021-06-16 10:06:11,1710.05,171013
2021-06-16 10:06:12,1710.4,171021
2021-06-16 10:06:13,1710.05,171022
2021-06-16 10:06:15,1710.05,171022
2021-06-16 10:06:15,1710.05,171024
2021-06-16 10:06:17,1710.05,171036
2021-06-16 10:06:18,1710.05,171041
2021-06-16 10:06:19,1710.05,171044
2021-06-16 10:06:21,1710.05,171046
2021-06-16 10:06:22,1710.05,171052
2021-06-16 10:06:23,1710.4,171058
2021-06-16 10:06:23,1710.05,171059
2021-06-16 10:06:25,1710.05,171060
2021-06-16 10:06:26,1710.4,171111
2021-06-16 10:06:26,1710.05,171118
2021-06-16 10:06:28,1710.05,171120
2021-06-16 10:06:29,1710.05,171133
2021-06-16 10:06:30,1710.05,171149
2021-06-16 10:06:31,1710.05,171154
2021-06-16 10:06:31,1710.05,171171
2021-06-16 10:06:32,1710.05,171177
2021-06-16 10:06:33,1710.05,171179
2021-06-16 10:06:35,1710.05,171180
2021-06-16 10:06:36,1710.05,171191
2021-06-16 10:06:37,1710.1,171196
2021-06-16 10:06:38,1710.1,171198
2021-06-16 10:06:39,1710.5,171230
2021-06-16 10:06:40,1710.5,171255
2021-06-16 10:06:41,1710.3,171259
2021-06-16 10:06:41,1710.1,171262
2021-06-16 10:06:43,1710.1,171264
2021-06-16 10:06:44,1710.5,171274
2021-06-16 10:06:44,1710.5,171278
2021-06-16 10:06:46,1710.9,171396
2021-06-16 10:06:47,1710.4,171400
2021-06-16 10:06:48,1710.9,171439
2021-06-16 10:06:49,1710.15,171448
2021-06-16 10:06:51,1710.45,171454
2021-06-16 10:06:51,1710.4,171483
2021-06-16 10:06:53,1710.2,172002
2021-06-16 10:06:54,1710.15,172007
2021-06-16 10:06:58,1710.25,172031
2021-06-16 10:06:59,1710.1,172116
2021-06-16 10:07:00,1710.1,172147
2021-06-16 10:07:01,1711.0,173360
2021-06-16 10:07:02,1710.2,173370
2021-06-16 10:07:03,1710.2,173421
2021-06-16 10:07:03,1710.1,173429
2021-06-16 10:07:04,1710.2,173442
2021-06-16 10:07:06,1710.1,173446
2021-06-16 10:07:07,1710.2,173823
2021-06-16 10:07:08,1710.2,173829
2021-06-16 10:07:09,1710.2,173880
2021-06-16 10:07:10,1710.2,173898
2021-06-16 10:07:11,1710.1,173904
2021-06-16 10:07:11,1710.1,173906
2021-06-16 10:07:12,1710.2,173989
2021-06-16 10:07:13,1710.2,174055
2021-06-16 10:07:14,1710.25,174078
2021-06-16 10:07:15,1710.2,174171
2021-06-16 10:07:16,1710.2,174204
2021-06-16 10:07:17,1711.2,174303
2021-06-16 10:07:19,1711.4,174543
2021-06-16 10:07:20,1712.0,174599
2021-06-16 10:07:21,1711.2,174611
2021-06-16 10:07:24,1712.0,174620
2021-06-16 10:07:25,1711.2,174621
2021-06-16 10:07:26,1711.2,174632
2021-06-16 10:07:27,1711.2,174635
2021-06-16 10:07:28,1711.4,174637
2021-06-16 10:07:30,1711.4,174655
2021-06-16 10:07:31,1711.3,174765
2021-06-16 10:07:31,1711.3,174803
2021-06-16 10:07:32,1711.3,174817
2021-06-16 10:07:33,1711.2,174824
2021-06-16 10:07:34,1712.0,174828
2021-06-16 10:07:35,1712.0,174832
2021-06-16 10:07:36,1711.25,174891
2021-06-16 10:07:37,1711.25,174912
2021-06-16 10:07:39,1711.3,174950
2021-06-16 10:07:40,1711.3,174965
2021-06-16 10:07:41,1711.25,174971
2021-06-16 10:07:43,1711.25,174982
2021-06-16 10:07:42,1711.95,174981
2021-06-16 10:07:44,1712.0,175149
2021-06-16 10:07:45,1711.3,175174
2021-06-16 10:07:46,1711.4,175183
2021-06-16 10:07:47,1711.4,175186
2021-06-16 10:07:48,1711.3,175188
2021-06-16 10:07:49,1711.3,175188
2021-06-16 10:07:50,1711.35,175223
2021-06-16 10:07:51,1711.3,175232
2021-06-16 10:07:52,1711.3,175236
2021-06-16 10:07:53,1711.3,175434
2021-06-16 10:07:54,1711.3,175510
2021-06-16 10:07:55,1711.3,175523
2021-06-16 10:07:56,1711.25,175531
2021-06-16 10:07:57,1711.25,175588
2021-06-16 10:07:58,1711.9,175682
2021-06-16 10:07:58,1711.25,175696
2021-06-16 10:07:59,1711.25,175701
2021-06-16 10:08:01,1711.25,175706
2021-06-16 10:08:02,1711.9,175709
2021-06-16 10:08:03,1711.9,175709
2021-06-16 10:08:04,1711.25,175747
2021-06-16 10:08:05,1711.25,175761
2021-06-16 10:08:05,1711.25,175766
2021-06-16 10:08:06,1711.3,175770
2021-06-16 10:08:07,1712.0,175871
2021-06-16 10:08:08,1711.45,175887
2021-06-16 10:08:10,1711.35,175967
2021-06-16 10:08:11,1712.0,175996
2021-06-16 10:08:12,1711.35,176046
2021-06-16 10:08:13,1711.4,176223
2021-06-16 10:08:13,1712.0,176200
2021-06-16 10:08:14,1711.4,176231
2021-06-16 10:08:16,1711.5,176235
2021-06-16 10:08:17,1712.0,176255
2021-06-16 10:08:18,1712.0,176278
2021-06-16 10:08:19,1711.5,176311
2021-06-16 10:08:20,1711.35,176322
2021-06-16 10:08:21,1711.35,176326
2021-06-16 10:08:22,1712.35,176531
2021-06-16 10:08:23,1711.45,176562
2021-06-16 10:08:24,1712.25,176580
2021-06-16 10:08:25,1712.35,176628
2021-06-16 10:08:27,1711.55,176708
2021-06-16 10:08:26,1711.55,176687
2021-06-16 10:08:28,1711.6,176748
2021-06-16 10:08:29,1712.25,176763
2021-06-16 10:08:30,1711.5,176880
2021-06-16 10:08:31,1711.55,176914
2021-06-16 10:08:32,1711.55,176946
2021-06-16 10:08:33,1712.25,176959
2021-06-16 10:08:34,1711.65,176962
2021-06-16 10:08:34,1711.65,176964
2021-06-16 10:08:35,1711.65,176966
2021-06-16 10:08:37,1712.5,176977
2021-06-16 10:08:38,1712.5,176980
2021-06-16 10:08:39,1712.65,176982
2021-06-16 10:08:40,1712.65,176982
2021-06-16 10:08:41,1712.65,176982
2021-06-16 10:08:42,1712.6,176985
2021-06-16 10:08:43,1712.6,176986
2021-06-16 10:08:44,1712.6,176987
2021-06-16 10:08:45,1712.6,176987
2021-06-16 10:08:46,1712.65,176988
