timestamp,ltp,volume
2021-06-16 09:15:50,558.5,181586
2021-06-16 09:15:51,558.75,182371
2021-06-16 09:15:53,559.0,184036
2021-06-16 09:15:54,559.15,189458
2021-06-16 09:15:55,558.75,191642
2021-06-16 09:15:56,558.75,194226
2021-06-16 09:15:57,558.9,194425
2021-06-16 09:15:58,559.2,195270
2021-06-16 09:15:59,559.45,197261
2021-06-16 09:16:00,559.4,200253
2021-06-16 09:16:01,559.6,200939
2021-06-16 09:16:02,559.3,201356
2021-06-16 09:16:03,559.1,203844
2021-06-16 09:16:04,559.5,205126
2021-06-16 09:16:05,559.15,205476
2021-06-16 09:16:06,559.4,213559
2021-06-16 09:16:07,559.4,215722
2021-06-16 09:16:08,559.5,216137
2021-06-16 09:16:09,559.5,217947
2021-06-16 09:16:11,559.65,219118
2021-06-16 09:16:12,559.65,219655
2021-06-16 09:16:13,559.85,220228
2021-06-16 09:16:14,559.65,222570
2021-06-16 09:16:15,560.35,224644
2021-06-16 09:16:17,560.6,228727
2021-06-16 09:16:18,560.6,229564
2021-06-16 09:16:19,560.35,230496
2021-06-16 09:16:20,560.7,232053
2021-06-16 09:16:21,560.75,233094
2021-06-16 09:16:22,560.35,233767
2021-06-16 09:16:23,560.8,235281
2021-06-16 09:16:24,560.45,236331
2021-06-16 09:16:25,560.85,237144
2021-06-16 09:16:26,560.55,238516
2021-06-16 09:16:27,561.0,240467
2021-06-16 09:16:28,561.25,244400
2021-06-16 09:16:29,561.2,247399
2021-06-16 09:16:30,561.2,247604
2021-06-16 09:16:31,561.0,248042
2021-06-16 09:16:32,560.9,250374
2021-06-16 09:16:33,560.95,258351
2021-06-16 09:16:34,560.6,259486
2021-06-16 09:16:35,560.9,259597
2021-06-16 09:16:36,560.85,261939
2021-06-16 09:16:37,561.0,265146
2021-06-16 09:16:38,560.7,266623
2021-06-16 09:16:39,560.95,266898
2021-06-16 09:16:40,560.55,270605
2021-06-16 09:16:41,560.5,274591
2021-06-16 09:16:42,560.4,278062
2021-06-16 09:16:43,560.55,278864
2021-06-16 09:16:44,560.4,284958
2021-06-16 09:16:45,560.4,285120
2021-06-16 09:16:47,560.7,286781
2021-06-16 09:16:51,560.8,291838
2021-06-16 09:16:54,560.6,309109
2021-06-16 09:16:55,560.55,310178
2021-06-16 09:16:56,560.2,313776
2021-06-16 09:16:57,560.2,316128
2021-06-16 09:16:58,560.2,317794
2021-06-16 09:16:59,560.6,319278
2021-06-16 09:17:00,560.65,319618
2021-06-16 09:17:01,560.6,320778
2021-06-16 09:17:02,560.85,321503
2021-06-16 09:17:03,560.8,321588
2021-06-16 09:17:04,560.85,324118
2021-06-16 09:17:05,560.95,324863
2021-06-16 09:17:06,560.9,325296
2021-06-16 09:17:07,560.85,328572
2021-06-16 09:17:08,560.95,329115
2021-06-16 09:17:09,560.8,329820
2021-06-16 09:17:10,560.9,330196
2021-06-16 09:17:11,560.95,330565
2021-06-16 09:17:12,561.0,332841
2021-06-16 09:17:13,560.75,333244
2021-06-16 09:17:14,561.0,335423
2021-06-16 09:17:15,560.8,336715
2021-06-16 09:17:16,561.0,338379
2021-06-16 09:17:18,561.1,339749
2021-06-16 09:17:19,561.15,340065
2021-06-16 09:17:20,561.0,341216
2021-06-16 09:17:21,561.25,342281
2021-06-16 09:17:22,561.25,344144
2021-06-16 09:17:23,561.25,344833
2021-06-16 09:17:24,561.3,345094
2021-06-16 09:17:25,561.35,345657
2021-06-16 09:17:26,561.4,345740
2021-06-16 09:17:27,561.4,346429
2021-06-16 09:17:28,561.55,348918
2021-06-16 09:17:29,561.6,349249
2021-06-16 09:17:30,561.4,351962
2021-06-16 09:17:31,561.75,352253
2021-06-16 09:17:32,561.6,353041
2021-06-16 09:17:33,561.8,353612
2021-06-16 09:17:34,561.85,355198
2021-06-16 09:17:35,561.75,357946
2021-06-16 09:17:36,561.8,359184
2021-06-16 09:17:38,561.8,361470
2021-06-16 09:17:40,561.8,380617
2021-06-16 09:17:41,562.05,383270
2021-06-16 09:17:42,562.1,384046
2021-06-16 09:17:43,562.1,385552
2021-06-16 09:17:44,561.95,387168
2021-06-16 09:17:45,562.25,388627
2021-06-16 09:17:46,561.95,388792
2021-06-16 09:17:47,562.05,394343
2021-06-16 09:17:48,562.2,396268
2021-06-16 09:17:49,562.0,396846
2021-06-16 09:17:50,562.2,400507
2021-06-16 09:17:51,562.3,402201
2021-06-16 09:17:52,561.9,406128
2021-06-16 09:17:53,562.1,409836
2021-06-16 09:17:54,562.1,412181
2021-06-16 09:17:55,562.0,412858
2021-06-16 09:17:56,562.2,413972
2021-06-16 09:17:57,562.4,418260
2021-06-16 09:17:58,562.0,419896
2021-06-16 09:17:59,562.0,422123
2021-06-16 09:18:00,562.15,422455
2021-06-16 09:18:01,562.0,424048
2021-06-16 09:18:03,561.95,427027
2021-06-16 09:18:04,561.9,428041
2021-06-16 09:18:05,561.9,429691
2021-06-16 09:18:06,561.85,432498
2021-06-16 09:18:07,561.75,432911
2021-06-16 09:18:09,561.6,434456
2021-06-16 09:18:12,561.9,436304
2021-06-16 09:18:13,561.95,436833
2021-06-16 09:18:15,562.0,439039
2021-06-16 09:18:17,561.95,440568
2021-06-16 09:18:18,562.0,440707
2021-06-16 09:18:19,561.75,444003
2021-06-16 09:18:20,561.75,444613
2021-06-16 09:18:22,561.75,447076
2021-06-16 09:18:24,561.85,448704
2021-06-16 09:18:25,561.6,448896
2021-06-16 09:18:26,561.7,449219
2021-06-16 09:18:27,561.8,450097
2021-06-16 09:18:28,561.9,450317
2021-06-16 09:18:29,561.9,450753
2021-06-16 09:18:30,561.9,451225
2021-06-16 09:18:31,561.85,451827
2021-06-16 09:18:32,561.85,452274
2021-06-16 09:18:33,562.0,453509
2021-06-16 09:18:35,561.95,455932
2021-06-16 09:18:36,561.7,456064
2021-06-16 09:18:38,561.75,456693
2021-06-16 09:18:38,561.7,457143
2021-06-16 09:18:39,562.0,457698
2021-06-16 09:18:41,561.75,460012
2021-06-16 09:18:43,561.85,461448
2021-06-16 09:18:43,561.85,461732
2021-06-16 09:18:44,561.9,462431
2021-06-16 09:18:45,561.7,463591
2021-06-16 09:18:46,561.95,465151
2021-06-16 09:18:47,562.0,465291
2021-06-16 09:18:48,562.0,466404
2021-06-16 09:18:49,562.0,467584
2021-06-16 09:18:50,562.0,468377
2021-06-16 09:18:51,562.0,468618
2021-06-16 09:18:52,561.95,469353
2021-06-16 09:18:53,561.75,469668
2021-06-16 09:18:54,561.75,471500
2021-06-16 09:18:55,561.95,472118
2021-06-16 09:18:56,561.95,472684
2021-06-16 09:18:57,561.95,473121
2021-06-16 09:18:58,561.95,473689
2021-06-16 09:18:59,561.95,474500
2021-06-16 09:19:00,561.7,475037
2021-06-16 09:19:01,561.95,475534
2021-06-16 09:19:02,562.0,475994
2021-06-16 09:19:03,561.5,484219
2021-06-16 09:19:04,561.7,488077
2021-06-16 09:19:05,561.6,488756
2021-06-16 09:19:08,561.4,493003
2021-06-16 09:19:09,561.5,493605
2021-06-16 09:19:10,561.4,494453
2021-06-16 09:19:11,561.4,494608
2021-06-16 09:19:13,561.3,497093
2021-06-16 09:19:13,560.75,503530
2021-06-16 09:19:14,560.75,503762
2021-06-16 09:19:15,560.35,504669
2021-06-16 09:19:19,560.85,509729
2021-06-16 09:19:19,560.5,509870
2021-06-16 09:19:20,560.5,510655
2021-06-16 09:19:21,560.55,510887
2021-06-16 09:19:22,560.75,511277
2021-06-16 09:19:23,560.6,511701
2021-06-16 09:19:24,560.9,512292
2021-06-16 09:19:25,560.95,512519
2021-06-16 09:19:26,561.2,517675
2021-06-16 09:19:27,561.15,517886
2021-06-16 09:19:28,561.15,518056
2021-06-16 09:19:29,561.3,518641
2021-06-16 09:19:30,561.3,518741
2021-06-16 09:19:31,561.25,519900
2021-06-16 09:19:32,561.0,521052
2021-06-16 09:19:33,561.0,521474
2021-06-16 09:19:34,561.0,521731
2021-06-16 09:19:35,561.0,522482
2021-06-16 09:19:36,561.0,522714
2021-06-16 09:19:37,561.25,524078
2021-06-16 09:19:38,561.25,524229
2021-06-16 09:19:39,561.25,524242
2021-06-16 09:19:40,561.2,524599
2021-06-16 09:19:41,561.3,526725
2021-06-16 09:19:42,561.0,526840
2021-06-16 09:19:43,561.25,528322
2021-06-16 09:19:44,561.25,528342
2021-06-16 09:19:45,561.0,529052
2021-06-16 09:19:46,561.25,529577
2021-06-16 09:19:47,561.25,529760
2021-06-16 09:19:48,561.0,530111
2021-06-16 09:19:50,561.0,530125
2021-06-16 09:19:50,561.0,531144
2021-06-16 09:19:51,561.25,531215
2021-06-16 09:19:52,560.95,535940
2021-06-16 09:19:53,561.05,536041
2021-06-16 09:19:54,560.75,537315
2021-06-16 09:19:55,560.8,538216
2021-06-16 09:19:56,560.8,538529
2021-06-16 09:19:57,561.0,539041
2021-06-16 09:19:58,560.8,540120
2021-06-16 09:19:59,560.85,542130
2021-06-16 09:20:01,560.75,542731
2021-06-16 09:20:01,560.75,542731
2021-06-16 09:20:02,560.9,542958
2021-06-16 09:20:03,560.5,544275
2021-06-16 09:20:04,560.9,544486
2021-06-16 09:20:05,560.85,544957
2021-06-16 09:20:06,560.6,546324
2021-06-16 09:20:08,560.9,546606
2021-06-16 09:20:08,560.75,547986
2021-06-16 09:20:09,560.8,548214
2021-06-16 09:20:10,560.8,548576
2021-06-16 09:20:11,560.8,549571
2021-06-16 09:20:12,560.8,550440
2021-06-16 09:20:13,560.55,550798
2021-06-16 09:20:14,560.8,551539
2021-06-16 09:20:15,560.8,551846
2021-06-16 09:20:16,560.8,551893
2021-06-16 09:20:17,560.6,552437
2021-06-16 09:20:18,560.7,552568
2021-06-16 09:20:20,560.75,552938
2021-06-16 09:20:21,560.8,553379
2021-06-16 09:20:22,560.85,554002
2021-06-16 09:20:23,560.85,554401
2021-06-16 09:20:24,560.6,555598
2021-06-16 09:20:25,560.6,555906
2021-06-16 09:20:26,560.9,557026
2021-06-16 09:20:27,560.9,557329
2021-06-16 09:20:28,560.5,559072
2021-06-16 09:20:29,560.85,559798
2021-06-16 09:20:30,560.85,559823
2021-06-16 09:20:31,560.85,560068
2021-06-16 09:20:32,561.0,561609
2021-06-16 09:20:32,561.0,561609
2021-06-16 09:20:33,561.0,561769
2021-06-16 09:20:35,561.0,562546
2021-06-16 09:20:37,561.0,562954
2021-06-16 09:20:38,561.0,563214
2021-06-16 09:20:39,561.0,563531
2021-06-16 09:20:38,560.85,563454
2021-06-16 09:20:40,561.0,563816
2021-06-16 09:20:41,561.0,563982
2021-06-16 09:20:42,560.75,564640
2021-06-16 09:20:43,561.0,564879
2021-06-16 09:20:44,560.95,565113
2021-06-16 09:20:45,560.95,565284
2021-06-16 09:20:46,560.95,567807
2021-06-16 09:20:47,560.75,567898
2021-06-16 09:20:48,560.9,568631
2021-06-16 09:20:49,560.9,570574
2021-06-16 09:20:50,560.6,571357
2021-06-16 09:20:51,560.9,572075
2021-06-16 09:20:53,560.65,573020
2021-06-16 09:20:54,560.9,574092
2021-06-16 09:20:55,560.45,578846
2021-06-16 09:20:56,560.3,579581
2021-06-16 09:20:57,560.45,580144
2021-06-16 09:21:02,560.45,585036
2021-06-16 09:21:03,560.45,585455
2021-06-16 09:21:04,560.75,585565
2021-06-16 09:21:05,560.6,586741
2021-06-16 09:21:06,560.8,586742
2021-06-16 09:21:07,560.5,587243
2021-06-16 09:21:09,560.5,587443
2021-06-16 09:21:10,560.5,588308
2021-06-16 09:21:11,560.5,588418
2021-06-16 09:21:12,560.5,588434
2021-06-16 09:21:13,560.45,589717
2021-06-16 09:21:14,560.45,590067
2021-06-16 09:21:15,560.45,590352
2021-06-16 09:21:16,560.25,590452
2021-06-16 09:21:17,560.5,590669
2021-06-16 09:21:18,560.5,591314
2021-06-16 09:21:19,560.5,591437
2021-06-16 09:21:20,560.5,591795
2021-06-16 09:21:21,560.3,592154
2021-06-16 09:21:21,560.4,593504
2021-06-16 09:21:23,560.35,594086
2021-06-16 09:21:24,560.35,594316
2021-06-16 09:21:25,560.1,595339
2021-06-16 09:21:26,560.3,598545
2021-06-16 09:21:27,560.25,599398
2021-06-16 09:21:28,560.25,599627
2021-06-16 09:21:29,560.25,600132
2021-06-16 09:21:30,560.05,600143
2021-06-16 09:21:31,560.3,600295
2021-06-16 09:21:32,560.3,600400
2021-06-16 09:21:33,560.2,600701
2021-06-16 09:21:34,560.35,600861
2021-06-16 09:21:35,560.2,603555
2021-06-16 09:21:36,560.0,603595
2021-06-16 09:21:37,560.3,603897
2021-06-16 09:21:38,560.4,604074
2021-06-16 09:21:39,560.05,604637
2021-06-16 09:21:39,560.05,604637
2021-06-16 09:21:41,560.45,604781
2021-06-16 09:21:41,560.3,604876
2021-06-16 09:21:42,560.3,604901
2021-06-16 09:21:44,560.35,605070
2021-06-16 09:21:45,560.8,606437
2021-06-16 09:21:46,560.75,608577
2021-06-16 09:21:47,560.75,608780
2021-06-16 09:21:48,560.75,608895
2021-06-16 09:21:50,560.75,609141
2021-06-16 09:21:51,560.4,609397
2021-06-16 09:21:52,560.65,609982
2021-06-16 09:21:52,560.65,609982
2021-06-16 09:21:53,560.4,610106
2021-06-16 09:21:54,560.65,610198
2021-06-16 09:21:55,560.65,610198
2021-06-16 09:21:56,560.4,610358
2021-06-16 09:21:58,560.6,610658
2021-06-16 09:22:00,560.65,611010
2021-06-16 09:22:01,560.65,611059
2021-06-16 09:22:02,560.4,611095
2021-06-16 09:22:03,560.65,611595
2021-06-16 09:22:04,560.75,611900
2021-06-16 09:22:04,560.75,611968
2021-06-16 09:22:06,560.5,612132
2021-06-16 09:22:08,560.75,612371
2021-06-16 09:22:07,560.75,612243
2021-06-16 09:22:09,560.4,614084
2021-06-16 09:22:09,560.4,614084
2021-06-16 09:22:14,560.35,617180
2021-06-16 09:22:14,560.5,618584
2021-06-16 09:22:16,560.5,620312
2021-06-16 09:22:17,560.5,620652
2021-06-16 09:22:18,560.5,621446
2021-06-16 09:22:19,560.65,621867
2021-06-16 09:22:20,560.65,621868
2021-06-16 09:22:21,560.65,621878
2021-06-16 09:22:22,560.5,622010
2021-06-16 09:22:22,560.6,622033
2021-06-16 09:22:23,560.6,622468
2021-06-16 09:22:24,560.75,622968
2021-06-16 09:22:25,560.65,623473
2021-06-16 09:22:26,560.75,623930
2021-06-16 09:22:27,560.75,624140
2021-06-16 09:22:29,560.75,624455
2021-06-16 09:22:30,560.75,624670
2021-06-16 09:22:31,560.65,624682
2021-06-16 09:22:32,560.75,624688
2021-06-16 09:22:33,560.65,624758
2021-06-16 09:22:34,560.7,625070
2021-06-16 09:22:35,560.7,625274
2021-06-16 09:22:38,560.75,626405
2021-06-16 09:22:39,560.65,627569
2021-06-16 09:22:41,560.55,628397
2021-06-16 09:22:42,560.55,628528
2021-06-16 09:22:43,560.55,628544
2021-06-16 09:22:44,560.55,628686
2021-06-16 09:22:45,560.55,628941
2021-06-16 09:22:45,560.55,628941
2021-06-16 09:22:48,560.5,629665
2021-06-16 09:22:48,560.5,631337
2021-06-16 09:22:49,560.35,637469
2021-06-16 09:22:50,560.4,637580
2021-06-16 09:22:51,560.4,637815
2021-06-16 09:22:52,560.4,637921
2021-06-16 09:22:54,560.4,638038
2021-06-16 09:22:55,560.3,639510
2021-06-16 09:22:55,560.3,639610
2021-06-16 09:22:56,560.4,639711
2021-06-16 09:22:58,560.55,640222
2021-06-16 09:22:59,560.75,641428
2021-06-16 09:23:01,560.5,642600
2021-06-16 09:23:02,560.55,643307
2021-06-16 09:23:03,560.55,643307
2021-06-16 09:23:04,560.75,643315
2021-06-16 09:23:05,560.65,643483
2021-06-16 09:23:07,560.7,644264
2021-06-16 09:23:08,560.65,644346
2021-06-16 09:23:09,560.65,644398
2021-06-16 09:23:10,560.55,645744
2021-06-16 09:23:11,560.75,645810
2021-06-16 09:23:12,560.75,646021
2021-06-16 09:23:13,560.7,646082
2021-06-16 09:23:14,560.7,646093
2021-06-16 09:23:15,560.4,648988
2021-06-16 09:23:15,560.4,648488
2021-06-16 09:23:16,560.55,649923
2021-06-16 09:23:18,560.65,650456
2021-06-16 09:23:20,560.65,650510
2021-06-16 09:23:20,560.65,650512
2021-06-16 09:23:22,560.65,650630
2021-06-16 09:23:23,560.65,650630
2021-06-16 09:23:24,560.65,650871
2021-06-16 09:23:25,560.65,650882
2021-06-16 09:23:30,560.7,651814
2021-06-16 09:23:31,560.55,652014
2021-06-16 09:23:32,560.8,652249
2021-06-16 09:23:33,560.65,652300
2021-06-16 09:23:34,560.55,652337
2021-06-16 09:23:34,560.55,652337
2021-06-16 09:23:36,560.9,653969
2021-06-16 09:23:37,560.6,654329
2021-06-16 09:23:38,560.8,654491
2021-06-16 09:23:39,560.8,654691
2021-06-16 09:23:40,560.85,654713
2021-06-16 09:23:41,560.85,654783
2021-06-16 09:23:42,560.85,654814
2021-06-16 09:23:44,560.8,655032
2021-06-16 09:23:44,560.9,655033
2021-06-16 09:23:45,560.95,655148
2021-06-16 09:23:46,561.0,655848
2021-06-16 09:23:47,560.9,655874
2021-06-16 09:23:48,561.0,655883
2021-06-16 09:23:49,561.0,656290
2021-06-16 09:23:50,560.9,656923
2021-06-16 09:23:53,561.0,657663
2021-06-16 09:23:55,561.0,657847
2021-06-16 09:23:56,560.65,658189
2021-06-16 09:23:56,560.65,658189
2021-06-16 09:23:58,561.0,658506
2021-06-16 09:23:59,561.0,658621
2021-06-16 09:24:00,561.0,659100
2021-06-16 09:24:01,561.05,659602
2021-06-16 09:24:02,560.7,659802
2021-06-16 09:24:03,561.0,660268
2021-06-16 09:24:04,561.0,660378
2021-06-16 09:24:05,560.9,660538
2021-06-16 09:24:07,561.0,660634
2021-06-16 09:24:08,561.05,661578
2021-06-16 09:24:09,561.1,661794
2021-06-16 09:24:10,561.0,662449
2021-06-16 09:24:11,561.15,662586
2021-06-16 09:24:12,561.15,664287
2021-06-16 09:24:12,561.15,664487
2021-06-16 09:24:13,561.0,666156
2021-06-16 09:24:14,561.15,666708
2021-06-16 09:24:16,561.2,666965
2021-06-16 09:24:17,561.2,668576
2021-06-16 09:24:19,560.9,673192
2021-06-16 09:24:21,560.7,673979
2021-06-16 09:24:23,560.7,674564
2021-06-16 09:24:24,561.0,674633
2021-06-16 09:24:25,560.95,674636
2021-06-16 09:24:26,560.95,674636
2021-06-16 09:24:27,560.95,674636
2021-06-16 09:24:28,560.95,674650
2021-06-16 09:24:29,560.95,674671
2021-06-16 09:24:30,560.95,674968
2021-06-16 09:24:31,560.95,674969
2021-06-16 09:24:33,560.95,675126
2021-06-16 09:24:34,561.0,676206
2021-06-16 09:24:35,561.0,676535
2021-06-16 09:24:36,561.0,677185
2021-06-16 09:24:37,560.7,677190
2021-06-16 09:24:38,561.0,677200
2021-06-16 09:24:39,561.0,678560
2021-06-16 09:24:40,561.0,680082
2021-06-16 09:24:41,561.0,680087
2021-06-16 09:24:42,561.0,680148
2021-06-16 09:24:43,561.0,680418
2021-06-16 09:24:44,561.0,680648
2021-06-16 09:24:44,561.0,680676
2021-06-16 09:24:45,560.95,680781
2021-06-16 09:24:47,560.7,681331
2021-06-16 09:24:47,561.0,681427
2021-06-16 09:24:48,560.8,689275
2021-06-16 09:24:49,560.75,690385
2021-06-16 09:24:51,560.8,691050
2021-06-16 09:24:52,560.8,691050
2021-06-16 09:24:53,560.85,691205
2021-06-16 09:24:53,560.85,691245
2021-06-16 09:24:54,560.8,691265
2021-06-16 09:24:56,560.8,691358
2021-06-16 09:24:58,560.4,697687
2021-06-16 09:24:59,560.65,698174
2021-06-16 09:25:00,560.65,698215
2021-06-16 09:25:01,560.65,698267
2021-06-16 09:25:02,560.7,698546
2021-06-16 09:25:02,560.7,698547
2021-06-16 09:25:05,560.7,698686
2021-06-16 09:25:06,560.7,698738
2021-06-16 09:25:07,560.65,699691
2021-06-16 09:25:08,560.75,699750
2021-06-16 09:25:09,560.75,699842
2021-06-16 09:25:10,560.75,700143
2021-06-16 09:25:11,560.65,700209
2021-06-16 09:25:12,560.75,700232
2021-06-16 09:25:13,560.5,700272
2021-06-16 09:25:14,560.45,700481
2021-06-16 09:25:15,560.7,700676
2021-06-16 09:25:17,560.65,702188
2021-06-16 09:25:18,560.65,702198
2021-06-16 09:25:19,560.6,702211
2021-06-16 09:25:20,560.7,702347
2021-06-16 09:25:21,560.7,702472
2021-06-16 09:25:22,560.55,702473
2021-06-16 09:25:23,560.55,702473
2021-06-16 09:25:24,560.65,702877
2021-06-16 09:25:25,560.7,703433
2021-06-16 09:25:26,560.7,703474
2021-06-16 09:25:27,560.75,703950
2021-06-16 09:25:29,560.65,704251
2021-06-16 09:25:30,560.55,704999
2021-06-16 09:25:31,560.55,705064
2021-06-16 09:25:32,560.6,707291
2021-06-16 09:25:33,560.35,707541
2021-06-16 09:25:34,560.6,707673
2021-06-16 09:25:35,560.6,707768
2021-06-16 09:25:36,560.35,708100
2021-06-16 09:25:37,560.35,708100
2021-06-16 09:25:38,560.35,708188
2021-06-16 09:25:39,560.35,708490
2021-06-16 09:25:40,560.35,708610
2021-06-16 09:25:41,560.75,713826
2021-06-16 09:25:42,560.4,713926
2021-06-16 09:25:43,560.35,714175
2021-06-16 09:25:43,560.35,714175
2021-06-16 09:25:44,560.6,714310
2021-06-16 09:25:45,560.6,714312
2021-06-16 09:25:46,560.6,714412
2021-06-16 09:25:47,560.6,714665
2021-06-16 09:25:49,560.35,714725
2021-06-16 09:25:50,560.6,714760
2021-06-16 09:25:51,560.35,715022
2021-06-16 09:25:52,560.35,715061
2021-06-16 09:25:53,560.45,715541
2021-06-16 09:25:55,560.55,715666
2021-06-16 09:25:56,560.55,715666
2021-06-16 09:25:58,560.6,716207
2021-06-16 09:25:59,560.6,716311
2021-06-16 09:26:00,560.25,719417
2021-06-16 09:26:01,560.6,719476
2021-06-16 09:26:03,560.35,720005
2021-06-16 09:26:04,560.35,720005
2021-06-16 09:26:04,560.55,720043
2021-06-16 09:26:06,560.35,720047
2021-06-16 09:26:07,560.5,720639
2021-06-16 09:26:08,560.5,720702
2021-06-16 09:26:09,560.5,720903
2021-06-16 09:26:10,560.4,721811
2021-06-16 09:26:11,560.5,721893
2021-06-16 09:26:12,560.5,721903
2021-06-16 09:26:13,560.3,722103
2021-06-16 09:26:14,560.5,722104
2021-06-16 09:26:15,560.45,722304
2021-06-16 09:26:16,560.45,722309
2021-06-16 09:26:17,560.45,722748
2021-06-16 09:26:18,560.45,722748
2021-06-16 09:26:19,560.45,722804
2021-06-16 09:26:20,560.4,722853
2021-06-16 09:26:21,560.45,723004
2021-06-16 09:26:22,560.3,723225
2021-06-16 09:26:23,560.45,723500
2021-06-16 09:26:24,560.45,724472
2021-06-16 09:26:25,560.5,724594
2021-06-16 09:26:26,560.45,724833
2021-06-16 09:26:27,560.45,724997
2021-06-16 09:26:28,560.6,726217
2021-06-16 09:26:28,560.6,726217
2021-06-16 09:26:29,560.7,726645
2021-06-16 09:26:30,560.6,726653
2021-06-16 09:26:32,560.7,726956
2021-06-16 09:26:33,560.55,726961
2021-06-16 09:26:34,560.7,727086
2021-06-16 09:26:35,560.7,727338
2021-06-16 09:26:36,560.85,728337
2021-06-16 09:26:37,560.85,728350
2021-06-16 09:26:38,560.85,728350
2021-06-16 09:26:39,560.6,728538
2021-06-16 09:26:42,560.6,729039
2021-06-16 09:26:43,560.8,729139
2021-06-16 09:26:44,560.8,729139
2021-06-16 09:26:45,560.8,729139
2021-06-16 09:26:46,560.55,729638
2021-06-16 09:26:47,560.7,730555
2021-06-16 09:26:48,560.75,730971
2021-06-16 09:26:49,560.8,731117
2021-06-16 09:26:50,560.75,731268
2021-06-16 09:26:51,560.8,731356
2021-06-16 09:26:52,560.4,733056
2021-06-16 09:26:53,560.4,733056
2021-06-16 09:26:54,560.7,733356
2021-06-16 09:26:55,560.4,733409
2021-06-16 09:26:56,560.65,733587
2021-06-16 09:26:57,560.4,733637
2021-06-16 09:26:59,560.45,734454
2021-06-16 09:26:58,560.45,734454
2021-06-16 09:27:00,560.6,735080
2021-06-16 09:27:01,560.45,735241
2021-06-16 09:27:02,560.6,735298
2021-06-16 09:27:03,560.6,735348
2021-06-16 09:27:04,560.6,735353
2021-06-16 09:27:06,560.6,735485
2021-06-16 09:27:07,560.6,735485
2021-06-16 09:27:08,560.6,736240
2021-06-16 09:27:09,560.5,736650
2021-06-16 09:27:10,560.6,736693
2021-06-16 09:27:11,560.6,737014
2021-06-16 09:27:12,560.6,737080
2021-06-16 09:27:13,560.6,738080
2021-06-16 09:27:14,560.5,738085
2021-06-16 09:27:15,560.55,738185
2021-06-16 09:27:16,560.55,738228
2021-06-16 09:27:17,560.55,738232
2021-06-16 09:27:18,560.65,739472
2021-06-16 09:27:19,560.65,740436
2021-06-16 09:27:20,560.9,741087
2021-06-16 09:27:21,560.9,741301
2021-06-16 09:27:22,560.95,741501
2021-06-16 09:27:23,560.65,741507
2021-06-16 09:27:24,560.65,741744
2021-06-16 09:27:25,560.85,742048
2021-06-16 09:27:26,560.8,742049
2021-06-16 09:27:27,560.8,742049
2021-06-16 09:27:28,560.65,742193
2021-06-16 09:27:29,560.65,742215
2021-06-16 09:27:30,560.65,742591
2021-06-16 09:27:31,560.7,742701
2021-06-16 09:27:32,560.75,742909
2021-06-16 09:27:33,560.75,742989
2021-06-16 09:27:34,560.8,743124
2021-06-16 09:27:35,560.75,745708
2021-06-16 09:27:36,560.85,746039
2021-06-16 09:27:37,560.85,746039
2021-06-16 09:27:38,560.65,746359
2021-06-16 09:27:39,560.75,746407
2021-06-16 09:27:40,560.85,746415
2021-06-16 09:27:41,560.8,746485
2021-06-16 09:27:42,560.8,746549
2021-06-16 09:27:43,560.8,746710
2021-06-16 09:27:44,560.8,746852
2021-06-16 09:27:45,560.85,746964
2021-06-16 09:27:47,560.85,747068
2021-06-16 09:27:46,560.85,747066
2021-06-16 09:27:49,560.8,747510
2021-06-16 09:27:50,560.7,748874
2021-06-16 09:27:51,560.7,749233
2021-06-16 09:27:52,560.7,749441
2021-06-16 09:27:53,560.7,749471
2021-06-16 09:27:54,560.6,749601
2021-06-16 09:27:55,560.6,749654
2021-06-16 09:27:56,560.7,749815
2021-06-16 09:27:57,560.7,750197
2021-06-16 09:27:58,560.7,750198
2021-06-16 09:27:59,560.6,750298
2021-06-16 09:28:00,560.25,754853
2021-06-16 09:28:01,560.3,755873
2021-06-16 09:28:02,560.3,756447
2021-06-16 09:28:03,560.3,756478
2021-06-16 09:28:04,560.3,756478
2021-06-16 09:28:05,560.2,756786
2021-06-16 09:28:06,560.25,757357
2021-06-16 09:28:07,560.5,757367
2021-06-16 09:28:08,560.25,757716
2021-06-16 09:28:09,560.5,757722
2021-06-16 09:28:10,560.45,757748
2021-06-16 09:28:11,560.45,758140
2021-06-16 09:28:12,560.2,758987
2021-06-16 09:28:13,560.45,758989
2021-06-16 09:28:14,560.45,759104
2021-06-16 09:28:16,560.45,759331
2021-06-16 09:28:17,560.45,759441
2021-06-16 09:28:18,560.45,761541
2021-06-16 09:28:21,560.4,761859
2021-06-16 09:28:22,560.45,761980
2021-06-16 09:28:23,560.45,762111
2021-06-16 09:28:24,560.45,762161
2021-06-16 09:28:25,560.45,762244
2021-06-16 09:28:26,560.45,762424
2021-06-16 09:28:27,560.45,762447
2021-06-16 09:28:28,560.45,762471
2021-06-16 09:28:29,560.2,763781
2021-06-16 09:28:31,560.3,764934
2021-06-16 09:28:32,560.45,764985
2021-06-16 09:28:33,560.45,765685
2021-06-16 09:28:34,560.45,765736
2021-06-16 09:28:35,560.5,765757
2021-06-16 09:28:36,560.5,766027
2021-06-16 09:28:37,560.5,766035
2021-06-16 09:28:38,560.5,766035
2021-06-16 09:28:39,560.5,766210
2021-06-16 09:28:40,560.5,766210
2021-06-16 09:28:41,560.55,766963
2021-06-16 09:28:43,560.6,767543
2021-06-16 09:28:45,560.45,767998
2021-06-16 09:28:44,560.6,767893
2021-06-16 09:28:46,560.5,768107
2021-06-16 09:28:47,560.5,768108
2021-06-16 09:28:48,560.4,768219
2021-06-16 09:28:49,560.4,768323
2021-06-16 09:28:50,560.2,768447
2021-06-16 09:28:51,560.45,769508
2021-06-16 09:28:52,560.4,769608
2021-06-16 09:28:54,560.35,769609
2021-06-16 09:28:54,560.4,769619
2021-06-16 09:28:55,560.3,771967
2021-06-16 09:28:56,560.1,771968
2021-06-16 09:28:57,560.3,772168
2021-06-16 09:28:59,560.4,772324
2021-06-16 09:28:59,560.4,772499
2021-06-16 09:29:00,560.4,772514
2021-06-16 09:29:01,560.05,773119
2021-06-16 09:29:02,560.4,773141
2021-06-16 09:29:03,560.15,773290
2021-06-16 09:29:05,560.15,773343
2021-06-16 09:29:05,560.4,773368
2021-06-16 09:29:06,560.4,773444
2021-06-16 09:29:07,560.4,773452
2021-06-16 09:29:08,560.4,773644
2021-06-16 09:29:10,560.4,773644
2021-06-16 09:29:10,560.4,773644
2021-06-16 09:29:11,560.45,773894
2021-06-16 09:29:12,560.4,774056
2021-06-16 09:29:13,560.25,774077
2021-06-16 09:29:14,560.25,774301
2021-06-16 09:29:15,560.25,774485
2021-06-16 09:29:16,560.4,774586
2021-06-16 09:29:17,560.4,774637
2021-06-16 09:29:18,560.4,774642
2021-06-16 09:29:19,560.4,774736
2021-06-16 09:29:20,560.4,775881
2021-06-16 09:29:21,560.25,775889
2021-06-16 09:29:22,560.45,776279
2021-06-16 09:29:23,560.25,776366
2021-06-16 09:29:24,560.35,776372
2021-06-16 09:29:25,560.25,776583
2021-06-16 09:29:26,560.25,776583
2021-06-16 09:29:27,560.5,776633
2021-06-16 09:29:28,560.25,776638
2021-06-16 09:29:30,560.25,776680
2021-06-16 09:29:31,560.4,776781
2021-06-16 09:29:33,560.5,777086
2021-06-16 09:29:34,560.5,777180
2021-06-16 09:29:35,560.5,777208
2021-06-16 09:29:36,560.45,777209
2021-06-16 09:29:37,560.5,777231
2021-06-16 09:29:38,560.5,777246
2021-06-16 09:29:39,560.5,777306
2021-06-16 09:29:40,560.5,777306
2021-06-16 09:29:41,560.45,777338
2021-06-16 09:29:42,560.25,777538
2021-06-16 09:29:43,560.25,777596
2021-06-16 09:29:44,560.5,778233
2021-06-16 09:29:45,560.25,778239
2021-06-16 09:29:46,560.5,778375
2021-06-16 09:29:47,560.5,778375
2021-06-16 09:29:48,560.45,778391
2021-06-16 09:29:49,560.45,780391
2021-06-16 09:29:50,560.5,780592
2021-06-16 09:29:51,560.5,780732
2021-06-16 09:29:52,560.5,780734
2021-06-16 09:29:53,560.25,780776
2021-06-16 09:29:54,560.25,784182
2021-06-16 09:29:55,560.25,784682
2021-06-16 09:29:56,560.25,784715
2021-06-16 09:29:57,560.25,784860
2021-06-16 09:29:58,560.2,784875
2021-06-16 09:29:59,560.25,784980
2021-06-16 09:30:00,560.25,784981
2021-06-16 09:30:01,560.25,785059
2021-06-16 09:30:02,560.35,786352
2021-06-16 09:30:04,560.35,786545
2021-06-16 09:30:06,560.35,786546
2021-06-16 09:30:05,560.35,786545
2021-06-16 09:30:07,560.25,786622
2021-06-16 09:30:09,560.4,787132
2021-06-16 09:30:08,560.35,786822
2021-06-16 09:30:10,560.35,787139
2021-06-16 09:30:11,560.35,787224
2021-06-16 09:30:12,560.35,787224
2021-06-16 09:30:13,560.4,787409
2021-06-16 09:30:14,560.25,787509
2021-06-16 09:30:15,560.4,787610
2021-06-16 09:30:16,560.4,787726
2021-06-16 09:30:17,560.4,788176
2021-06-16 09:30:18,560.4,788480
2021-06-16 09:30:19,560.4,788584
2021-06-16 09:30:20,560.1,789622
2021-06-16 09:30:21,560.4,789709
2021-06-16 09:30:22,560.45,789739
2021-06-16 09:30:23,560.45,789739
2021-06-16 09:30:24,560.4,789876
2021-06-16 09:30:25,560.35,790089
2021-06-16 09:30:27,560.1,790739
2021-06-16 09:30:26,560.1,790739
2021-06-16 09:30:28,560.4,790841
2021-06-16 09:30:29,560.05,791316
2021-06-16 09:30:30,560.4,791749
2021-06-16 09:30:31,560.35,791757
2021-06-16 09:30:32,560.35,791777
2021-06-16 09:30:33,560.35,792213
2021-06-16 09:30:34,560.35,792217
2021-06-16 09:30:35,560.35,792217
2021-06-16 09:30:36,560.1,792269
2021-06-16 09:30:37,560.35,792279
2021-06-16 09:30:38,560.3,792305
2021-06-16 09:30:39,560.3,792305
2021-06-16 09:30:40,560.1,792554
2021-06-16 09:30:41,560.3,792589
2021-06-16 09:30:43,560.3,792597
2021-06-16 09:30:42,560.3,792589
2021-06-16 09:30:44,560.2,793035
2021-06-16 09:30:45,560.3,793167
2021-06-16 09:30:46,560.3,793167
2021-06-16 09:30:47,560.3,793300
2021-06-16 09:30:48,560.15,793448
2021-06-16 09:30:49,560.25,793590
2021-06-16 09:30:50,560.1,793606
2021-06-16 09:30:51,560.1,793881
2021-06-16 09:30:52,560.0,796210
2021-06-16 09:30:53,560.25,796341
2021-06-16 09:30:54,560.25,796342
2021-06-16 09:30:55,560.25,796359
2021-06-16 09:30:56,560.25,796977
2021-06-16 09:30:57,560.25,797057
2021-06-16 09:30:58,560.0,797087
2021-06-16 09:30:59,560.25,797177
2021-06-16 09:31:00,560.25,797177
2021-06-16 09:31:01,560.25,797227
2021-06-16 09:31:02,560.25,797236
2021-06-16 09:31:03,560.25,797236
2021-06-16 09:31:04,560.0,797572
2021-06-16 09:31:05,560.2,797747
2021-06-16 09:31:06,560.0,797847
2021-06-16 09:31:07,560.05,797888
2021-06-16 09:31:08,560.05,798118
2021-06-16 09:31:10,560.0,798529
2021-06-16 09:31:11,560.2,798539
2021-06-16 09:31:12,560.2,798543
2021-06-16 09:31:13,559.75,826838
2021-06-16 09:31:14,559.65,827070
2021-06-16 09:31:15,560.0,832152
2021-06-16 09:31:16,560.15,832614
2021-06-16 09:31:18,560.15,834236
2021-06-16 09:31:19,560.15,835812
2021-06-16 09:31:20,560.25,835822
2021-06-16 09:31:22,560.2,836700
2021-06-16 09:31:23,560.2,836742
2021-06-16 09:31:24,560.15,837199
2021-06-16 09:31:25,560.2,837324
2021-06-16 09:31:26,560.2,837324
2021-06-16 09:31:27,560.2,837324
2021-06-16 09:31:28,560.2,837341
2021-06-16 09:31:29,560.2,837341
2021-06-16 09:31:30,559.8,839223
2021-06-16 09:31:32,560.05,839389
2021-06-16 09:31:33,559.9,839400
2021-06-16 09:31:34,560.0,839592
2021-06-16 09:31:35,560.0,839602
2021-06-16 09:31:36,559.9,839709
2021-06-16 09:31:37,559.95,839783
2021-06-16 09:31:38,559.95,839891
2021-06-16 09:31:39,559.65,841897
2021-06-16 09:31:40,559.95,842246
2021-06-16 09:31:41,559.95,842246
2021-06-16 09:31:42,559.95,842251
2021-06-16 09:31:43,559.7,842254
2021-06-16 09:31:44,560.0,846409
2021-06-16 09:31:45,560.0,846433
2021-06-16 09:31:46,560.2,846600
2021-06-16 09:31:47,560.25,847951
2021-06-16 09:31:48,560.0,848425
2021-06-16 09:31:49,560.0,848678
2021-06-16 09:31:51,560.2,849596
2021-06-16 09:31:52,560.2,849606
2021-06-16 09:31:53,560.2,849617
2021-06-16 09:31:54,560.25,849618
2021-06-16 09:31:55,560.2,849725
2021-06-16 09:31:56,559.9,850417
2021-06-16 09:31:57,560.15,850437
2021-06-16 09:31:58,559.9,850567
2021-06-16 09:31:59,559.9,850606
2021-06-16 09:32:00,560.15,850608
2021-06-16 09:32:01,559.9,850722
2021-06-16 09:32:02,559.9,850747
2021-06-16 09:32:03,559.9,850747
2021-06-16 09:32:04,559.95,850853
2021-06-16 09:32:05,560.15,850978
2021-06-16 09:32:06,560.15,851078
2021-06-16 09:32:07,560.0,851611
2021-06-16 09:32:08,560.2,851621
2021-06-16 09:32:09,560.2,851642
2021-06-16 09:32:10,560.2,851662
2021-06-16 09:32:11,560.2,851716
2021-06-16 09:32:12,559.95,851770
2021-06-16 09:32:13,560.15,851834
2021-06-16 09:32:14,560.15,851839
2021-06-16 09:32:15,560.15,851893
2021-06-16 09:32:16,560.0,851920
2021-06-16 09:32:17,560.2,851986
2021-06-16 09:32:18,560.2,852222
2021-06-16 09:32:20,560.2,852407
2021-06-16 09:32:21,560.05,852462
2021-06-16 09:32:22,560.15,852515
2021-06-16 09:32:23,560.15,852625
2021-06-16 09:32:25,560.15,852941
2021-06-16 09:32:26,560.15,852956
2021-06-16 09:32:27,560.15,853181
2021-06-16 09:32:27,560.15,853181
2021-06-16 09:32:29,560.15,853181
2021-06-16 09:32:30,560.05,853282
2021-06-16 09:32:31,560.15,853543
2021-06-16 09:32:32,560.0,854156
2021-06-16 09:32:33,560.15,854460
2021-06-16 09:32:34,560.15,854571
2021-06-16 09:32:34,560.15,854571
2021-06-16 09:32:35,560.1,854790
2021-06-16 09:32:37,560.05,854805
2021-06-16 09:32:38,560.05,854960
2021-06-16 09:32:39,560.0,855453
2021-06-16 09:32:40,559.95,856329
2021-06-16 09:32:41,560.0,856749
2021-06-16 09:32:42,560.0,856919
2021-06-16 09:32:43,560.0,857264
2021-06-16 09:32:44,559.95,857314
2021-06-16 09:32:45,560.0,857465
2021-06-16 09:32:46,560.0,857472
2021-06-16 09:32:47,559.95,857522
2021-06-16 09:32:48,559.95,857522
2021-06-16 09:32:49,560.0,857655
2021-06-16 09:32:50,559.95,857955
2021-06-16 09:32:51,560.0,858334
2021-06-16 09:32:52,560.05,858788
2021-06-16 09:32:53,560.0,858789
2021-06-16 09:32:54,560.0,858791
2021-06-16 09:32:55,560.15,860891
2021-06-16 09:32:56,559.95,861223
2021-06-16 09:32:57,560.2,861619
2021-06-16 09:32:58,559.95,861624
2021-06-16 09:32:59,559.95,861674
2021-06-16 09:33:00,560.0,861684
2021-06-16 09:33:01,560.1,861784
2021-06-16 09:33:02,560.1,861809
2021-06-16 09:33:04,560.0,861812
2021-06-16 09:33:05,559.95,862012
2021-06-16 09:33:06,560.0,862020
2021-06-16 09:33:07,560.1,862245
2021-06-16 09:33:07,560.1,862246
2021-06-16 09:33:08,560.15,863587
2021-06-16 09:33:09,560.15,863587
2021-06-16 09:33:10,560.0,863747
2021-06-16 09:33:11,560.05,863821
2021-06-16 09:33:12,560.05,863821
2021-06-16 09:33:13,559.95,864075
2021-06-16 09:33:14,560.1,864417
2021-06-16 09:33:15,560.1,864538
2021-06-16 09:33:16,560.05,864588
2021-06-16 09:33:17,560.05,864794
2021-06-16 09:33:19,560.05,864794
2021-06-16 09:33:19,560.1,864898
2021-06-16 09:33:20,560.05,864998
2021-06-16 09:33:22,559.95,865998
2021-06-16 09:33:23,559.95,866480
2021-06-16 09:33:23,559.8,867035
2021-06-16 09:33:24,559.9,867229
2021-06-16 09:33:25,560.0,868314
2021-06-16 09:33:26,559.8,868331
2021-06-16 09:33:27,560.0,868350
2021-06-16 09:33:28,559.8,868374
2021-06-16 09:33:29,560.0,868393
2021-06-16 09:33:30,560.0,868398
2021-06-16 09:33:31,560.0,869498
2021-06-16 09:33:32,560.0,869717
2021-06-16 09:33:33,560.0,869926
2021-06-16 09:33:34,559.8,869987
2021-06-16 09:33:35,559.95,870017
2021-06-16 09:33:36,559.95,870028
2021-06-16 09:33:37,559.85,870039
2021-06-16 09:33:39,559.85,870079
2021-06-16 09:33:41,560.0,870289
2021-06-16 09:33:42,560.0,870408
2021-06-16 09:33:43,560.0,870508
2021-06-16 09:33:44,559.8,870528
2021-06-16 09:33:45,559.8,870718
2021-06-16 09:33:45,559.95,870963
2021-06-16 09:33:46,559.95,870963
2021-06-16 09:33:47,559.95,872015
2021-06-16 09:33:48,559.9,872017
2021-06-16 09:33:50,559.8,872167
2021-06-16 09:33:51,559.95,872187
2021-06-16 09:33:52,559.8,872238
2021-06-16 09:33:53,559.95,872240
2021-06-16 09:33:54,559.8,872319
2021-06-16 09:33:55,559.95,872334
2021-06-16 09:33:55,559.95,872334
2021-06-16 09:33:57,559.95,872336
2021-06-16 09:33:59,560.0,872421
2021-06-16 09:34:00,560.0,872421
2021-06-16 09:34:01,559.8,873567
2021-06-16 09:34:02,559.8,873567
2021-06-16 09:34:03,559.9,874499
2021-06-16 09:34:04,559.85,875082
2021-06-16 09:34:04,559.85,875082
2021-06-16 09:34:06,559.8,875137
2021-06-16 09:34:07,559.8,875137
2021-06-16 09:34:08,559.95,875338
2021-06-16 09:34:09,560.0,875757
2021-06-16 09:34:10,560.0,875757
2021-06-16 09:34:11,559.95,875809
2021-06-16 09:34:12,559.95,875849
2021-06-16 09:34:12,559.95,875859
2021-06-16 09:34:13,559.95,876001
2021-06-16 09:34:14,559.8,876501
2021-06-16 09:34:15,560.0,876631
2021-06-16 09:34:17,559.95,876732
2021-06-16 09:34:19,559.85,876763
2021-06-16 09:34:20,559.8,876864
2021-06-16 09:34:20,559.95,876916
2021-06-16 09:34:22,559.85,877105
2021-06-16 09:34:23,559.95,877175
2021-06-16 09:34:25,559.95,877178
2021-06-16 09:34:26,559.8,899810
2021-06-16 09:34:27,559.8,903615
2021-06-16 09:34:28,559.85,905104
2021-06-16 09:34:28,559.85,905036
2021-06-16 09:34:30,559.85,905433
2021-06-16 09:34:31,559.75,905566
2021-06-16 09:34:31,559.75,905566
2021-06-16 09:34:32,559.85,906870
2021-06-16 09:34:34,559.95,911733
2021-06-16 09:34:35,560.0,911779
2021-06-16 09:34:37,560.0,911834
2021-06-16 09:34:37,560.0,911859
2021-06-16 09:34:39,560.15,912895
2021-06-16 09:34:40,560.15,912983
2021-06-16 09:34:41,560.0,914231
2021-06-16 09:34:41,560.0,914244
2021-06-16 09:34:43,560.35,917721
2021-06-16 09:34:44,560.35,918556
2021-06-16 09:34:46,560.55,919718
2021-06-16 09:34:46,560.5,919738
2021-06-16 09:34:47,560.6,920218
2021-06-16 09:34:48,560.6,920375
2021-06-16 09:34:50,560.55,920625
2021-06-16 09:34:52,560.7,921049
2021-06-16 09:34:53,560.55,921053
2021-06-16 09:34:53,560.75,921085
2021-06-16 09:34:54,560.55,921190
2021-06-16 09:34:55,560.75,921556
2021-06-16 09:34:56,560.75,921700
2021-06-16 09:34:58,560.7,921881
2021-06-16 09:34:59,560.7,921906
2021-06-16 09:35:00,560.7,922037
2021-06-16 09:35:01,560.7,922052
2021-06-16 09:35:02,560.6,922057
2021-06-16 09:35:03,560.7,922161
2021-06-16 09:35:05,560.7,922191
2021-06-16 09:35:06,560.8,923872
2021-06-16 09:35:07,561.0,924396
2021-06-16 09:35:08,561.0,924396
2021-06-16 09:35:09,561.0,924922
2021-06-16 09:35:10,561.0,925364
2021-06-16 09:35:11,561.0,925557
2021-06-16 09:35:12,561.0,925897
2021-06-16 09:35:12,561.0,925897
2021-06-16 09:35:13,561.0,925897
2021-06-16 09:35:14,561.0,925997
2021-06-16 09:35:15,560.95,926298
2021-06-16 09:35:16,561.0,926863
2021-06-16 09:35:18,561.0,927090
2021-06-16 09:35:19,561.0,927281
2021-06-16 09:35:20,560.9,927306
2021-06-16 09:35:21,561.05,929753
2021-06-16 09:35:22,561.25,930501
2021-06-16 09:35:22,561.3,931159
2021-06-16 09:35:24,561.0,931257
2021-06-16 09:35:25,561.3,931638
2021-06-16 09:35:26,561.45,931772
2021-06-16 09:35:27,561.25,932836
2021-06-16 09:35:28,561.25,934026
2021-06-16 09:35:29,561.25,934076
2021-06-16 09:35:30,561.25,934357
2021-06-16 09:35:31,561.3,935207
2021-06-16 09:35:31,561.3,935433
2021-06-16 09:35:32,561.3,935437
2021-06-16 09:35:33,561.3,935861
2021-06-16 09:35:35,561.5,939904
2021-06-16 09:35:36,561.7,940488
2021-06-16 09:35:37,561.5,941908
2021-06-16 09:35:38,561.4,942132
2021-06-16 09:35:39,561.7,942601
2021-06-16 09:35:40,561.65,942657
2021-06-16 09:35:41,561.7,942876
2021-06-16 09:35:42,561.5,943025
2021-06-16 09:35:43,561.5,944299
2021-06-16 09:35:44,561.6,944715
2021-06-16 09:35:46,561.55,944857
2021-06-16 09:35:47,561.5,945110
2021-06-16 09:35:48,560.9,948865
2021-06-16 09:35:50,561.0,949973
2021-06-16 09:35:51,561.3,950206
2021-06-16 09:35:52,561.3,950359
2021-06-16 09:35:53,561.35,950382
2021-06-16 09:35:54,561.0,950752
2021-06-16 09:35:55,561.3,950757
2021-06-16 09:35:58,561.2,951096
2021-06-16 09:35:59,561.2,951151
2021-06-16 09:36:00,561.2,951172
2021-06-16 09:36:01,561.2,951427
2021-06-16 09:36:02,561.2,951477
2021-06-16 09:36:03,561.25,951528
2021-06-16 09:36:04,561.25,951528
2021-06-16 09:36:05,561.25,953857
2021-06-16 09:36:06,561.5,953962
2021-06-16 09:36:07,561.5,956487
2021-06-16 09:36:08,561.6,956737
2021-06-16 09:36:08,561.7,957232
2021-06-16 09:36:09,561.7,958002
2021-06-16 09:36:11,561.7,958434
2021-06-16 09:36:12,561.6,958611
2021-06-16 09:36:13,561.45,958961
2021-06-16 09:36:14,561.4,959936
2021-06-16 09:36:14,561.45,959436
2021-06-16 09:36:15,561.4,960221
2021-06-16 09:36:16,561.45,960238
2021-06-16 09:36:17,561.45,960250
2021-06-16 09:36:18,561.45,960347
2021-06-16 09:36:20,561.45,960554
2021-06-16 09:36:21,561.45,960748
2021-06-16 09:36:22,561.45,962669
2021-06-16 09:36:23,561.75,962912
2021-06-16 09:36:25,561.55,963000
2021-06-16 09:36:25,561.8,963164
2021-06-16 09:36:27,561.5,963514
2021-06-16 09:36:28,561.8,963620
2021-06-16 09:36:29,561.7,963885
2021-06-16 09:36:29,561.75,963835
2021-06-16 09:36:31,561.75,964409
2021-06-16 09:36:32,561.7,964447
2021-06-16 09:36:33,561.65,964707
2021-06-16 09:36:34,561.45,964717
2021-06-16 09:36:35,561.65,964925
2021-06-16 09:36:36,561.65,964931
2021-06-16 09:36:37,561.45,965036
2021-06-16 09:36:38,561.7,965199
2021-06-16 09:36:39,561.5,965234
2021-06-16 09:36:40,561.45,965338
2021-06-16 09:36:41,561.6,965359
2021-06-16 09:36:42,561.45,965449
2021-06-16 09:36:44,561.5,966285
2021-06-16 09:36:45,561.55,966335
2021-06-16 09:36:46,561.6,967661
2021-06-16 09:36:49,561.7,967874
2021-06-16 09:36:51,561.55,968063
2021-06-16 09:36:50,561.6,967880
2021-06-16 09:36:52,561.7,968096
2021-06-16 09:36:53,561.45,968722
2021-06-16 09:36:54,561.7,968828
2021-06-16 09:36:55,561.7,968868
2021-06-16 09:36:56,561.7,969117
2021-06-16 09:36:58,561.7,969250
2021-06-16 09:36:59,561.7,969473
2021-06-16 09:37:00,561.7,969659
2021-06-16 09:37:01,561.7,969927
2021-06-16 09:37:02,561.6,970337
2021-06-16 09:37:03,561.7,970364
2021-06-16 09:37:03,561.7,970364
2021-06-16 09:37:04,561.6,970422
2021-06-16 09:37:06,561.7,970532
2021-06-16 09:37:07,561.7,971075
2021-06-16 09:37:07,561.7,971080
2021-06-16 09:37:09,561.85,980097
2021-06-16 09:37:09,561.85,980097
2021-06-16 09:37:11,561.95,982197
2021-06-16 09:37:12,561.85,983130
2021-06-16 09:37:12,561.95,983161
2021-06-16 09:37:14,562.0,985163
2021-06-16 09:37:15,562.0,985780
2021-06-16 09:37:17,562.0,986139
2021-06-16 09:37:18,562.0,987243
2021-06-16 09:37:20,562.0,988007
2021-06-16 09:37:21,562.0,988625
2021-06-16 09:37:22,562.15,997456
2021-06-16 09:37:23,562.0,998123
2021-06-16 09:37:24,562.25,998458
2021-06-16 09:37:25,562.25,1000623
2021-06-16 09:37:26,562.25,1001121
2021-06-16 09:37:27,562.25,1001241
2021-06-16 09:37:28,562.3,1001442
2021-06-16 09:37:29,562.05,1001992
2021-06-16 09:37:30,562.3,1002483
2021-06-16 09:37:31,562.05,1002903
2021-06-16 09:37:32,562.3,1003077
2021-06-16 09:37:33,562.3,1003077
2021-06-16 09:37:34,562.45,1004629
2021-06-16 09:37:35,562.45,1008317
2021-06-16 09:37:36,562.45,1008324
2021-06-16 09:37:37,562.5,1008478
2021-06-16 09:37:38,562.55,1010204
2021-06-16 09:37:39,562.3,1011920
2021-06-16 09:37:40,562.3,1012146
2021-06-16 09:37:41,562.3,1012258
2021-06-16 09:37:42,562.5,1013520
2021-06-16 09:37:43,562.5,1013775
2021-06-16 09:37:44,562.5,1014948
2021-06-16 09:37:45,562.5,1015958
2021-06-16 09:37:46,562.5,1016070
2021-06-16 09:37:47,562.5,1016236
2021-06-16 09:37:48,562.3,1016582
2021-06-16 09:37:49,562.3,1017113
2021-06-16 09:37:50,562.4,1017329
2021-06-16 09:37:51,562.4,1017623
2021-06-16 09:37:52,562.4,1017633
2021-06-16 09:37:53,562.5,1018890
2021-06-16 09:37:54,562.5,1019108
2021-06-16 09:37:55,562.3,1019631
2021-06-16 09:37:56,562.35,1020049
2021-06-16 09:37:57,562.3,1020649
2021-06-16 09:37:58,562.35,1020722
2021-06-16 09:37:59,562.35,1022855
2021-06-16 09:38:00,562.2,1023489
2021-06-16 09:38:01,562.3,1023959
2021-06-16 09:38:02,562.35,1024154
2021-06-16 09:38:03,562.35,1024154
2021-06-16 09:38:04,562.15,1025127
2021-06-16 09:38:05,562.4,1025260
2021-06-16 09:38:06,562.4,1027579
2021-06-16 09:38:07,562.4,1028679
2021-06-16 09:38:08,562.2,1028939
2021-06-16 09:38:09,562.3,1028966
2021-06-16 09:38:10,562.3,1029068
2021-06-16 09:38:11,562.15,1029254
2021-06-16 09:38:12,562.3,1029333
2021-06-16 09:38:13,562.3,1029706
2021-06-16 09:38:14,562.3,1029728
2021-06-16 09:38:15,562.3,1030142
2021-06-16 09:38:16,562.35,1030787
2021-06-16 09:38:17,561.95,1033445
2021-06-16 09:38:18,562.15,1033510
2021-06-16 09:38:20,562.15,1033906
2021-06-16 09:38:23,562.0,1035089
2021-06-16 09:38:22,562.0,1035079
2021-06-16 09:38:24,562.0,1035208
2021-06-16 09:38:25,561.95,1035268
2021-06-16 09:38:26,562.0,1036037
2021-06-16 09:38:27,562.0,1037518
2021-06-16 09:38:28,562.15,1037773
2021-06-16 09:38:29,562.0,1038549
2021-06-16 09:38:30,562.05,1038725
2021-06-16 09:38:31,562.25,1038875
2021-06-16 09:38:33,562.0,1040847
2021-06-16 09:38:34,562.05,1052276
2021-06-16 09:38:35,562.1,1052297
2021-06-16 09:38:36,562.1,1052344
2021-06-16 09:38:37,562.15,1052604
2021-06-16 09:38:38,562.05,1052723
2021-06-16 09:38:39,562.15,1053123
2021-06-16 09:38:40,562.0,1054670
2021-06-16 09:38:41,562.0,1054695
2021-06-16 09:38:42,562.15,1054980
2021-06-16 09:38:43,562.15,1055523
2021-06-16 09:38:44,562.0,1055744
2021-06-16 09:38:45,562.15,1056319
2021-06-16 09:38:46,562.0,1056665
2021-06-16 09:38:47,562.15,1056686
2021-06-16 09:38:48,562.15,1056805
2021-06-16 09:38:49,562.0,1057405
2021-06-16 09:38:50,562.15,1058179
2021-06-16 09:38:51,562.25,1059029
2021-06-16 09:38:52,562.15,1060406
2021-06-16 09:38:53,562.0,1060577
2021-06-16 09:38:56,562.15,1060997
2021-06-16 09:38:57,562.15,1061230
2021-06-16 09:38:58,562.15,1061280
2021-06-16 09:38:59,562.15,1061296
2021-06-16 09:39:00,562.15,1061402
2021-06-16 09:39:01,562.15,1061669
2021-06-16 09:39:02,562.15,1061769
2021-06-16 09:39:03,562.0,1061814
2021-06-16 09:39:04,562.0,1061814
2021-06-16 09:39:05,562.1,1061841
2021-06-16 09:39:06,562.0,1061956
2021-06-16 09:39:07,562.15,1061976
2021-06-16 09:39:08,562.15,1062001
2021-06-16 09:39:09,562.0,1062511
2021-06-16 09:39:10,562.15,1062651
2021-06-16 09:39:11,562.15,1062711
2021-06-16 09:39:12,562.15,1062711
2021-06-16 09:39:13,562.15,1062726
2021-06-16 09:39:14,562.05,1062785
2021-06-16 09:39:16,562.15,1063142
2021-06-16 09:39:17,562.15,1063142
2021-06-16 09:39:18,562.0,1063431
2021-06-16 09:39:19,562.0,1063559
2021-06-16 09:39:20,562.15,1063565
2021-06-16 09:39:21,562.15,1063565
2021-06-16 09:39:23,562.0,1063844
2021-06-16 09:39:26,562.1,1064696
2021-06-16 09:39:27,562.1,1064698
2021-06-16 09:39:28,562.1,1064705
2021-06-16 09:39:29,562.1,1064709
2021-06-16 09:39:30,562.1,1064924
2021-06-16 09:39:31,562.1,1065081
2021-06-16 09:39:32,562.1,1065191
2021-06-16 09:39:33,562.1,1065259
2021-06-16 09:39:34,562.1,1065474
2021-06-16 09:39:35,562.1,1065499
2021-06-16 09:39:36,562.0,1065754
2021-06-16 09:39:37,562.1,1065916
2021-06-16 09:39:38,562.1,1065989
2021-06-16 09:39:39,562.0,1066904
2021-06-16 09:39:40,562.0,1067146
2021-06-16 09:39:41,562.0,1067507
2021-06-16 09:39:42,562.0,1068770
2021-06-16 09:39:44,562.1,1069369
2021-06-16 09:39:44,562.15,1069330
2021-06-16 09:39:45,562.1,1069370
2021-06-16 09:39:46,562.0,1070113
2021-06-16 09:39:47,562.1,1070158
2021-06-16 09:39:48,562.15,1070166
2021-06-16 09:39:49,562.15,1070266
2021-06-16 09:39:50,562.15,1070477
2021-06-16 09:39:51,562.0,1070549
2021-06-16 09:39:52,562.15,1070678
2021-06-16 09:39:53,562.0,1071199
2021-06-16 09:39:55,562.0,1072000
2021-06-16 09:39:55,562.0,1072030
2021-06-16 09:39:56,562.15,1072118
2021-06-16 09:39:57,562.0,1073744
2021-06-16 09:39:58,562.15,1073946
2021-06-16 09:39:59,562.0,1073998
2021-06-16 09:40:00,562.15,1074145
2021-06-16 09:40:01,562.1,1074146
2021-06-16 09:40:02,562.0,1074588
2021-06-16 09:40:03,562.0,1074629
2021-06-16 09:40:04,562.1,1074639
2021-06-16 09:40:05,562.1,1074739
2021-06-16 09:40:06,561.85,1075899
2021-06-16 09:40:10,561.75,1077939
2021-06-16 09:40:11,561.75,1077994
2021-06-16 09:40:13,561.6,1079044
2021-06-16 09:40:14,561.6,1079044
2021-06-16 09:40:14,561.6,1079044
2021-06-16 09:40:15,561.75,1079120
2021-06-16 09:40:16,561.75,1079330
2021-06-16 09:40:17,561.7,1079412
2021-06-16 09:40:19,561.95,1079789
2021-06-16 09:40:20,561.9,1079845
2021-06-16 09:40:21,561.75,1079902
2021-06-16 09:40:22,561.9,1079909
2021-06-16 09:40:23,561.75,1080011
2021-06-16 09:40:24,561.9,1080036
2021-06-16 09:40:25,561.9,1080088
2021-06-16 09:40:26,561.75,1080109
2021-06-16 09:40:27,561.9,1080125
2021-06-16 09:40:28,561.9,1080174
2021-06-16 09:40:29,561.9,1080174
2021-06-16 09:40:30,561.85,1080175
2021-06-16 09:40:31,561.75,1080301
2021-06-16 09:40:32,561.85,1080500
2021-06-16 09:40:33,561.85,1080500
2021-06-16 09:40:34,561.9,1080555
2021-06-16 09:40:35,561.9,1081124
2021-06-16 09:40:36,561.9,1081239
2021-06-16 09:40:37,561.9,1081429
2021-06-16 09:40:38,561.85,1081460
2021-06-16 09:40:39,561.6,1081663
2021-06-16 09:40:42,561.75,1082433
2021-06-16 09:40:43,561.75,1082921
2021-06-16 09:40:44,561.75,1083193
2021-06-16 09:40:46,561.75,1083340
2021-06-16 09:40:47,561.75,1083571
2021-06-16 09:40:49,561.75,1083579
2021-06-16 09:40:50,561.75,1083984
2021-06-16 09:40:51,561.55,1084063
2021-06-16 09:40:52,561.75,1084207
2021-06-16 09:40:54,561.55,1084661
2021-06-16 09:40:55,561.55,1084661
2021-06-16 09:40:56,561.55,1096907
2021-06-16 09:40:57,561.6,1100009
2021-06-16 09:40:58,561.6,1100982
2021-06-16 09:40:59,561.6,1101379
2021-06-16 09:41:00,561.65,1104682
2021-06-16 09:41:01,561.4,1105060
2021-06-16 09:41:03,561.3,1124889
2021-06-16 09:41:03,561.45,1128450
2021-06-16 09:41:04,561.4,1129910
2021-06-16 09:41:06,561.5,1130571
2021-06-16 09:41:09,561.65,1133832
2021-06-16 09:41:09,561.65,1133832
2021-06-16 09:41:10,561.4,1135178
2021-06-16 09:41:11,561.6,1135504
2021-06-16 09:41:12,561.65,1135586
2021-06-16 09:41:13,561.65,1135611
2021-06-16 09:41:14,561.7,1135787
2021-06-16 09:41:15,561.25,1139063
2021-06-16 09:41:16,561.55,1139073
2021-06-16 09:41:17,561.25,1139143
2021-06-16 09:41:18,561.25,1139143
2021-06-16 09:41:19,561.25,1139143
2021-06-16 09:41:20,561.4,1139217
2021-06-16 09:41:21,561.4,1139237
2021-06-16 09:41:22,561.3,1140140
2021-06-16 09:41:23,561.35,1140190
2021-06-16 09:41:24,561.35,1140761
2021-06-16 09:41:25,561.3,1141549
2021-06-16 09:41:26,561.25,1141859
2021-06-16 09:41:27,561.3,1141981
2021-06-16 09:41:28,561.3,1141982
2021-06-16 09:41:29,561.35,1141983
2021-06-16 09:41:30,561.25,1141986
2021-06-16 09:41:31,561.35,1142318
2021-06-16 09:41:32,561.1,1142395
2021-06-16 09:41:33,561.4,1142410
2021-06-16 09:41:34,561.1,1142460
2021-06-16 09:41:35,561.4,1142760
2021-06-16 09:41:36,561.4,1142860
2021-06-16 09:41:37,561.4,1142875
2021-06-16 09:41:38,561.4,1142985
2021-06-16 09:41:39,561.4,1143998
2021-06-16 09:41:40,561.4,1144001
2021-06-16 09:41:41,561.45,1144152
2021-06-16 09:41:42,561.45,1144152
2021-06-16 09:41:43,561.15,1144181
2021-06-16 09:41:44,561.3,1144437
2021-06-16 09:41:45,561.3,1144512
2021-06-16 09:41:46,561.3,1144522
2021-06-16 09:41:48,561.3,1144667
2021-06-16 09:41:49,561.3,1144667
2021-06-16 09:41:50,561.1,1144809
2021-06-16 09:41:51,561.0,1144959
2021-06-16 09:41:52,561.25,1145569
2021-06-16 09:41:53,561.25,1145639
2021-06-16 09:41:54,561.25,1146148
2021-06-16 09:41:55,561.2,1146304
2021-06-16 09:41:55,561.0,1146606
2021-06-16 09:41:56,561.1,1146618
2021-06-16 09:41:57,561.2,1146800
2021-06-16 09:41:58,561.25,1146830
2021-06-16 09:41:59,561.1,1146946
2021-06-16 09:42:00,561.25,1146996
2021-06-16 09:42:01,561.0,1147303
2021-06-16 09:42:02,561.0,1147504
2021-06-16 09:42:03,561.25,1147662
2021-06-16 09:42:05,561.25,1147665
2021-06-16 09:42:06,561.1,1147722
2021-06-16 09:42:07,561.1,1147732
2021-06-16 09:42:08,561.1,1147883
2021-06-16 09:42:09,561.25,1148047
2021-06-16 09:42:10,561.25,1148055
2021-06-16 09:42:11,561.2,1148247
2021-06-16 09:42:11,561.2,1148249
2021-06-16 09:42:12,561.2,1148371
2021-06-16 09:42:13,561.2,1148371
2021-06-16 09:42:14,561.25,1148373
2021-06-16 09:42:16,561.1,1148423
2021-06-16 09:42:17,561.25,1148524
2021-06-16 09:42:18,561.1,1149024
2021-06-16 09:42:19,561.25,1149031
2021-06-16 09:42:20,561.1,1149061
2021-06-16 09:42:21,561.1,1149303
2021-06-16 09:42:22,561.3,1149542
2021-06-16 09:42:23,561.3,1149625
2021-06-16 09:42:24,561.35,1150264
2021-06-16 09:42:24,561.35,1150264
2021-06-16 09:42:25,561.35,1150373
2021-06-16 09:42:26,561.25,1150478
2021-06-16 09:42:27,561.25,1150573
2021-06-16 09:42:28,561.3,1150591
2021-06-16 09:42:29,561.25,1150811
2021-06-16 09:42:31,561.35,1151026
2021-06-16 09:42:33,561.35,1151254
2021-06-16 09:42:33,561.35,1151254
2021-06-16 09:42:34,561.3,1151954
2021-06-16 09:42:35,561.25,1151973
2021-06-16 09:42:37,561.3,1152490
2021-06-16 09:42:38,561.25,1152594
2021-06-16 09:42:39,561.25,1152594
2021-06-16 09:42:40,561.3,1152724
2021-06-16 09:42:41,561.3,1152867
2021-06-16 09:42:42,561.3,1152867
2021-06-16 09:42:43,561.3,1152867
2021-06-16 09:42:44,561.3,1152900
2021-06-16 09:42:45,561.3,1152905
2021-06-16 09:42:46,561.3,1152916
2021-06-16 09:42:48,561.25,1153068
2021-06-16 09:42:49,561.25,1153068
2021-06-16 09:42:50,561.25,1153124
2021-06-16 09:42:51,561.15,1154061
2021-06-16 09:42:52,561.15,1154150
2021-06-16 09:42:53,561.15,1154410
2021-06-16 09:42:54,560.7,1159407
2021-06-16 09:42:55,560.9,1159547
2021-06-16 09:42:55,560.9,1159547
2021-06-16 09:42:56,560.75,1159584
2021-06-16 09:42:57,560.9,1159607
2021-06-16 09:42:58,560.9,1159917
2021-06-16 09:42:59,560.9,1160037
2021-06-16 09:43:00,560.75,1160137
2021-06-16 09:43:01,560.75,1160217
2021-06-16 09:43:02,560.9,1160220
2021-06-16 09:43:03,560.75,1160270
2021-06-16 09:43:04,560.9,1160471
2021-06-16 09:43:05,560.9,1160521
2021-06-16 09:43:07,560.9,1160593
2021-06-16 09:43:08,560.9,1160593
2021-06-16 09:43:09,560.85,1160603
2021-06-16 09:43:09,560.85,1160603
2021-06-16 09:43:10,560.85,1160964
2021-06-16 09:43:12,560.85,1161087
2021-06-16 09:43:13,560.9,1161109
2021-06-16 09:43:14,560.9,1161129
2021-06-16 09:43:15,560.9,1161139
2021-06-16 09:43:16,560.9,1161149
2021-06-16 09:43:17,560.9,1161699
2021-06-16 09:43:18,560.9,1161699
2021-06-16 09:43:20,560.9,1161728
2021-06-16 09:43:21,560.7,1161778
2021-06-16 09:43:22,560.7,1162120
2021-06-16 09:43:22,560.7,1162960
2021-06-16 09:43:23,560.75,1162968
2021-06-16 09:43:24,560.75,1162968
2021-06-16 09:43:25,560.75,1162968
2021-06-16 09:43:26,560.8,1163093
2021-06-16 09:43:27,560.7,1163128
2021-06-16 09:43:28,560.8,1163148
2021-06-16 09:43:29,560.8,1163157
2021-06-16 09:43:30,560.8,1163163
2021-06-16 09:43:31,560.8,1163163
2021-06-16 09:43:32,560.8,1163273
2021-06-16 09:43:33,560.8,1163343
2021-06-16 09:43:34,560.9,1163444
2021-06-16 09:43:35,560.75,1164044
2021-06-16 09:43:36,560.9,1164148
2021-06-16 09:43:37,560.7,1164927
2021-06-16 09:43:38,560.75,1164930
2021-06-16 09:43:39,560.75,1164966
2021-06-16 09:43:40,560.75,1165105
2021-06-16 09:43:41,560.75,1166767
2021-06-16 09:43:43,560.9,1167106
2021-06-16 09:43:45,560.7,1167458
2021-06-16 09:43:47,560.85,1168060
2021-06-16 09:43:49,560.8,1168176
2021-06-16 09:43:50,560.8,1168176
2021-06-16 09:43:51,560.7,1168674
2021-06-16 09:43:51,560.7,1168674
2021-06-16 09:43:52,560.6,1168876
2021-06-16 09:43:53,560.55,1169189
2021-06-16 09:43:54,560.6,1169390
2021-06-16 09:43:55,560.6,1169490
2021-06-16 09:43:56,560.6,1169490
2021-06-16 09:43:57,560.55,1169501
2021-06-16 09:43:59,560.45,1171809
2021-06-16 09:44:00,560.6,1171905
2021-06-16 09:44:01,560.6,1172542
2021-06-16 09:44:02,560.6,1172594
2021-06-16 09:44:03,560.5,1172694
2021-06-16 09:44:04,560.6,1172732
2021-06-16 09:44:03,560.6,1172707
2021-06-16 09:44:05,560.5,1172821
2021-06-16 09:44:08,560.45,1173192
2021-06-16 09:44:09,560.6,1173307
2021-06-16 09:44:10,560.6,1173337
2021-06-16 09:44:11,560.6,1173337
2021-06-16 09:44:12,560.5,1173367
2021-06-16 09:44:13,560.55,1173380
2021-06-16 09:44:14,560.6,1173706
2021-06-16 09:44:14,560.6,1174218
2021-06-16 09:44:15,560.8,1175670
2021-06-16 09:44:16,561.0,1176173
2021-06-16 09:44:17,560.9,1176483
2021-06-16 09:44:18,561.0,1177284
2021-06-16 09:44:19,561.0,1177303
2021-06-16 09:44:20,561.0,1177303
2021-06-16 09:44:21,561.0,1177303
2021-06-16 09:44:22,560.9,1177364
2021-06-16 09:44:25,561.05,1177917
2021-06-16 09:44:26,561.05,1177917
2021-06-16 09:44:27,561.0,1179051
2021-06-16 09:44:28,560.9,1179121
2021-06-16 09:44:28,560.9,1179122
2021-06-16 09:44:30,560.9,1179233
2021-06-16 09:44:30,560.9,1179318
2021-06-16 09:44:31,560.95,1179623
2021-06-16 09:44:33,560.7,1179743
2021-06-16 09:44:33,560.95,1180882
2021-06-16 09:44:34,560.95,1180882
2021-06-16 09:44:35,561.05,1181512
2021-06-16 09:44:36,561.05,1181676
2021-06-16 09:44:39,561.0,1181795
2021-06-16 09:44:41,561.0,1181922
2021-06-16 09:44:41,561.0,1181798
2021-06-16 09:44:42,561.0,1182183
2021-06-16 09:44:43,561.0,1182519
2021-06-16 09:44:44,561.0,1182519
2021-06-16 09:44:45,560.9,1182717
2021-06-16 09:44:46,560.9,1182824
2021-06-16 09:44:48,560.9,1182994
2021-06-16 09:44:49,560.9,1183111
2021-06-16 09:44:51,560.9,1183136
2021-06-16 09:44:50,560.9,1183136
2021-06-16 09:44:51,560.85,1183176
2021-06-16 09:44:52,560.9,1183177
2021-06-16 09:44:53,560.9,1183299
2021-06-16 09:44:54,560.9,1183299
2021-06-16 09:44:56,560.65,1187350
2021-06-16 09:44:57,560.65,1187350
2021-06-16 09:44:58,560.85,1187527
2021-06-16 09:44:59,560.85,1187577
2021-06-16 09:45:00,560.8,1187642
2021-06-16 09:45:00,560.8,1187642
2021-06-16 09:45:02,560.8,1188062
2021-06-16 09:45:03,560.85,1188268
2021-06-16 09:45:03,560.75,1188283
2021-06-16 09:45:04,560.75,1188365
2021-06-16 09:45:05,560.85,1188515
2021-06-16 09:45:06,560.7,1188540
2021-06-16 09:45:07,560.7,1188544
2021-06-16 09:45:08,560.6,1188601
2021-06-16 09:45:09,560.9,1189099
2021-06-16 09:45:11,560.8,1189147
2021-06-16 09:45:12,560.8,1189222
2021-06-16 09:45:13,560.95,1190764
2021-06-16 09:45:14,560.95,1190800
2021-06-16 09:45:16,560.75,1190912
2021-06-16 09:45:17,560.75,1190912
2021-06-16 09:45:18,560.9,1190932
2021-06-16 09:45:19,560.85,1190945
2021-06-16 09:45:20,560.75,1191024
2021-06-16 09:45:20,560.75,1191024
2021-06-16 09:45:22,560.7,1191029
2021-06-16 09:45:23,560.7,1191029
2021-06-16 09:45:24,560.7,1191229
2021-06-16 09:45:25,560.75,1191233
2021-06-16 09:45:26,560.8,1191365
2021-06-16 09:45:28,560.75,1191467
2021-06-16 09:45:29,560.7,1191561
2021-06-16 09:45:31,560.7,1191591
2021-06-16 09:45:32,560.75,1191660
2021-06-16 09:45:33,560.8,1191693
2021-06-16 09:45:34,560.95,1192470
2021-06-16 09:45:35,560.9,1192560
2021-06-16 09:45:36,560.85,1192650
2021-06-16 09:45:37,560.95,1192666
2021-06-16 09:45:39,560.75,1193730
2021-06-16 09:45:40,560.95,1194030
2021-06-16 09:45:43,560.85,1194176
2021-06-16 09:45:43,560.85,1194176
2021-06-16 09:45:44,560.85,1194396
2021-06-16 09:45:45,560.85,1194459
2021-06-16 09:45:46,560.85,1194514
2021-06-16 09:45:47,560.8,1194515
2021-06-16 09:45:48,560.9,1194643
2021-06-16 09:45:49,561.0,1194793
2021-06-16 09:45:50,561.0,1194793
2021-06-16 09:45:51,560.85,1194801
2021-06-16 09:45:53,560.95,1194821
2021-06-16 09:45:54,560.85,1194844
2021-06-16 09:45:55,560.95,1194845
2021-06-16 09:45:55,560.95,1194845
2021-06-16 09:45:56,560.95,1194870
2021-06-16 09:45:57,560.95,1194870
2021-06-16 09:45:59,560.95,1195014
2021-06-16 09:46:00,560.9,1195111
2021-06-16 09:46:00,560.85,1195112
2021-06-16 09:46:02,560.9,1195183
2021-06-16 09:46:03,560.85,1195810
2021-06-16 09:46:04,560.9,1195815
2021-06-16 09:46:06,560.9,1196049
2021-06-16 09:46:07,560.9,1196049
2021-06-16 09:46:08,560.9,1196050
2021-06-16 09:46:09,560.9,1196613
2021-06-16 09:46:10,560.95,1196637
2021-06-16 09:46:11,561.0,1196765
2021-06-16 09:46:11,560.95,1196659
2021-06-16 09:46:13,561.0,1196765
2021-06-16 09:46:14,561.0,1196855
2021-06-16 09:46:15,561.0,1196956
2021-06-16 09:46:16,561.0,1197083
2021-06-16 09:46:17,561.0,1197243
2021-06-16 09:46:18,561.05,1198375
2021-06-16 09:46:18,561.1,1198570
2021-06-16 09:46:20,561.1,1198570
2021-06-16 09:46:20,561.1,1198686
2021-06-16 09:46:21,561.05,1198918
2021-06-16 09:46:22,561.05,1198918
2021-06-16 09:46:24,561.4,1200450
2021-06-16 09:46:25,561.3,1200745
2021-06-16 09:46:26,561.3,1200879
2021-06-16 09:46:28,561.3,1201015
2021-06-16 09:46:29,561.3,1201042
2021-06-16 09:46:29,561.25,1201117
2021-06-16 09:46:30,561.1,1201127
2021-06-16 09:46:31,561.3,1201277
2021-06-16 09:46:32,561.3,1201301
2021-06-16 09:46:33,561.3,1201301
2021-06-16 09:46:34,561.1,1201402
2021-06-16 09:46:35,561.25,1201408
2021-06-16 09:46:36,561.25,1201458
2021-06-16 09:46:38,561.3,1201483
2021-06-16 09:46:39,561.3,1201563
2021-06-16 09:46:40,561.2,1201767
2021-06-16 09:46:40,561.05,1201917
2021-06-16 09:46:41,561.2,1202088
2021-06-16 09:46:42,561.2,1202128
2021-06-16 09:46:43,561.3,1202879
2021-06-16 09:46:45,561.4,1203638
2021-06-16 09:46:47,561.15,1203887
2021-06-16 09:46:47,561.15,1203887
2021-06-16 09:46:48,561.45,1204095
2021-06-16 09:46:50,561.35,1204183
2021-06-16 09:46:51,561.45,1204188
2021-06-16 09:46:52,561.3,1204286
2021-06-16 09:46:53,561.35,1204535
2021-06-16 09:46:54,561.2,1204704
2021-06-16 09:46:54,561.2,1204644
2021-06-16 09:46:55,561.1,1204860
2021-06-16 09:46:58,561.3,1205165
2021-06-16 09:47:00,561.1,1205175
2021-06-16 09:47:00,561.1,1205182
2021-06-16 09:47:01,561.15,1205296
2021-06-16 09:47:03,561.15,1205461
2021-06-16 09:47:04,561.15,1205461
2021-06-16 09:47:05,561.15,1205462
2021-06-16 09:47:06,561.05,1205587
2021-06-16 09:47:07,561.0,1208889
2021-06-16 09:47:08,561.0,1209145
2021-06-16 09:47:09,560.95,1209294
2021-06-16 09:47:11,561.0,1209375
2021-06-16 09:47:12,561.0,1213295
2021-06-16 09:47:13,561.0,1213433
2021-06-16 09:47:14,561.0,1213730
2021-06-16 09:47:16,561.0,1214182
2021-06-16 09:47:17,561.15,1214272
2021-06-16 09:47:18,561.0,1214277
2021-06-16 09:47:19,561.15,1214676
2021-06-16 09:47:20,561.15,1215180
2021-06-16 09:47:22,561.15,1215188
2021-06-16 09:47:23,561.15,1215238
2021-06-16 09:47:24,561.1,1215296
2021-06-16 09:47:25,561.1,1215475
2021-06-16 09:47:26,560.95,1216767
2021-06-16 09:47:26,560.95,1216767
2021-06-16 09:47:27,560.95,1217687
2021-06-16 09:47:29,560.95,1217692
2021-06-16 09:47:30,560.95,1217800
2021-06-16 09:47:31,560.95,1217800
2021-06-16 09:47:32,560.8,1217894
2021-06-16 09:47:34,560.95,1218941
2021-06-16 09:47:35,560.95,1219069
2021-06-16 09:47:35,560.95,1219069
2021-06-16 09:47:37,560.9,1219194
2021-06-16 09:47:38,560.9,1219218
2021-06-16 09:47:39,560.85,1224905
2021-06-16 09:47:40,560.85,1224905
2021-06-16 09:47:43,560.85,1225178
2021-06-16 09:47:44,560.2,1237685
2021-06-16 09:47:45,560.5,1239736
2021-06-16 09:47:47,560.45,1239825
2021-06-16 09:47:48,560.25,1240168
2021-06-16 09:47:49,560.25,1240831
2021-06-16 09:47:50,560.2,1240934
2021-06-16 09:47:51,560.45,1241015
2021-06-16 09:47:52,560.45,1241092
2021-06-16 09:47:53,560.2,1241254
2021-06-16 09:47:55,560.2,1241254
2021-06-16 09:47:56,560.2,1241254
2021-06-16 09:47:56,560.2,1241305
2021-06-16 09:47:58,560.4,1241326
2021-06-16 09:47:59,560.4,1241377
2021-06-16 09:48:00,560.4,1241529
2021-06-16 09:48:01,560.25,1241892
2021-06-16 09:48:03,560.25,1241927
2021-06-16 09:48:04,560.5,1242010
2021-06-16 09:48:05,560.5,1242436
2021-06-16 09:48:06,560.5,1242437
2021-06-16 09:48:07,560.3,1242541
2021-06-16 09:48:08,560.4,1242546
2021-06-16 09:48:10,560.45,1243020
2021-06-16 09:48:11,560.45,1243375
2021-06-16 09:48:12,560.45,1243375
2021-06-16 09:48:13,560.2,1243525
2021-06-16 09:48:15,560.2,1244152
2021-06-16 09:48:16,560.35,1244310
2021-06-16 09:48:17,560.35,1244310
2021-06-16 09:48:18,560.4,1244435
2021-06-16 09:48:20,560.4,1244539
2021-06-16 09:48:21,560.4,1244540
2021-06-16 09:48:22,560.2,1244738
2021-06-16 09:48:23,560.2,1245062
2021-06-16 09:48:24,560.3,1245327
2021-06-16 09:48:25,560.2,1245497
2021-06-16 09:48:26,560.25,1245608
2021-06-16 09:48:27,560.2,1245759
2021-06-16 09:48:29,560.1,1246795
2021-06-16 09:48:30,560.1,1246895
2021-06-16 09:48:32,560.35,1247126
2021-06-16 09:48:33,560.0,1256210
2021-06-16 09:48:34,560.15,1257446
2021-06-16 09:48:35,560.3,1258972
2021-06-16 09:48:37,560.4,1259332
2021-06-16 09:48:36,560.4,1259332
2021-06-16 09:48:38,560.55,1259901
2021-06-16 09:48:39,560.35,1259970
2021-06-16 09:48:40,560.55,1260662
2021-06-16 09:48:41,560.55,1260800
2021-06-16 09:48:42,560.3,1260810
2021-06-16 09:48:43,560.45,1261008
2021-06-16 09:48:44,560.3,1261026
2021-06-16 09:48:45,560.15,1262462
2021-06-16 09:48:46,560.45,1262515
2021-06-16 09:48:47,560.45,1262847
2021-06-16 09:48:49,560.2,1262976
2021-06-16 09:48:48,560.2,1262976
2021-06-16 09:48:50,560.2,1262976
2021-06-16 09:48:52,560.45,1263161
2021-06-16 09:48:53,560.35,1263312
2021-06-16 09:48:54,560.35,1263522
2021-06-16 09:48:55,560.45,1263573
2021-06-16 09:48:56,560.45,1263573
2021-06-16 09:48:57,560.45,1263664
2021-06-16 09:48:58,560.75,1269257
2021-06-16 09:48:59,560.7,1270879
2021-06-16 09:49:00,560.9,1271301
2021-06-16 09:49:01,560.9,1271836
2021-06-16 09:49:02,560.9,1272081
2021-06-16 09:49:03,560.75,1272321
2021-06-16 09:49:08,560.2,1275552
2021-06-16 09:49:09,560.45,1275639
2021-06-16 09:49:12,560.55,1275654
2021-06-16 09:49:11,560.55,1275654
2021-06-16 09:49:13,560.5,1275752
2021-06-16 09:49:14,560.2,1275763
2021-06-16 09:49:15,560.2,1275763
2021-06-16 09:49:16,560.2,1275763
2021-06-16 09:49:17,560.45,1275773
2021-06-16 09:49:18,560.45,1275773
2021-06-16 09:49:19,560.25,1275894
2021-06-16 09:49:20,560.25,1275894
2021-06-16 09:49:21,560.45,1275909
2021-06-16 09:49:22,560.3,1275956
2021-06-16 09:49:24,560.4,1276810
2021-06-16 09:49:25,560.4,1276936
2021-06-16 09:49:26,560.45,1277099
2021-06-16 09:49:27,560.45,1277099
2021-06-16 09:49:28,560.2,1277113
2021-06-16 09:49:29,560.45,1277155
2021-06-16 09:49:30,560.2,1277160
2021-06-16 09:49:32,560.3,1277210
2021-06-16 09:49:33,560.2,1277737
2021-06-16 09:49:34,560.3,1278348
2021-06-16 09:49:35,560.2,1278549
2021-06-16 09:49:36,560.45,1278610
2021-06-16 09:49:37,560.45,1278610
2021-06-16 09:49:38,560.4,1278616
2021-06-16 09:49:39,560.4,1278666
2021-06-16 09:49:41,560.4,1279484
2021-06-16 09:49:42,560.4,1279484
2021-06-16 09:49:43,560.3,1279508
2021-06-16 09:49:45,560.5,1280289
2021-06-16 09:49:48,560.35,1283419
2021-06-16 09:49:49,560.6,1283422
2021-06-16 09:49:50,560.6,1283422
2021-06-16 09:49:52,560.3,1283592
2021-06-16 09:49:53,560.45,1283593
2021-06-16 09:49:55,560.5,1284013
2021-06-16 09:49:56,560.35,1284044
2021-06-16 09:49:57,560.3,1284045
2021-06-16 09:49:58,560.35,1284046
2021-06-16 09:49:59,560.35,1284049
2021-06-16 09:50:00,560.2,1284388
2021-06-16 09:50:01,560.2,1285855
2021-06-16 09:50:02,560.25,1286071
2021-06-16 09:50:04,560.25,1286171
2021-06-16 09:50:05,560.1,1286172
2021-06-16 09:50:06,560.2,1286213
2021-06-16 09:50:07,560.3,1286424
2021-06-16 09:50:08,560.35,1286590
2021-06-16 09:50:09,560.35,1286630
2021-06-16 09:50:10,560.2,1286730
2021-06-16 09:50:11,560.35,1286782
2021-06-16 09:50:12,560.35,1286787
2021-06-16 09:50:13,560.35,1286787
2021-06-16 09:50:14,560.2,1286937
2021-06-16 09:50:15,560.2,1287069
2021-06-16 09:50:16,560.55,1287404
2021-06-16 09:50:17,560.5,1287506
2021-06-16 09:50:18,560.5,1288610
2021-06-16 09:50:21,560.55,1289296
2021-06-16 09:50:23,560.55,1289296
2021-06-16 09:50:25,560.45,1289329
2021-06-16 09:50:26,560.45,1289394
2021-06-16 09:50:27,560.45,1289438
2021-06-16 09:50:28,560.45,1289442
2021-06-16 09:50:29,560.45,1289452
2021-06-16 09:50:31,560.45,1289452
2021-06-16 09:50:32,560.35,1289462
2021-06-16 09:50:33,560.35,1289462
2021-06-16 09:50:34,560.35,1289462
2021-06-16 09:50:35,560.4,1290583
2021-06-16 09:50:36,560.3,1291597
2021-06-16 09:50:38,560.3,1291620
2021-06-16 09:50:37,560.3,1291619
2021-06-16 09:50:39,560.35,1292087
2021-06-16 09:50:40,560.2,1292137
2021-06-16 09:50:41,560.3,1292249
2021-06-16 09:50:42,560.35,1292275
2021-06-16 09:50:43,560.35,1292425
2021-06-16 09:50:44,560.35,1292441
2021-06-16 09:50:46,560.35,1292449
2021-06-16 09:50:46,560.2,1292500
2021-06-16 09:50:47,560.3,1292536
2021-06-16 09:50:48,560.3,1292536
2021-06-16 09:50:49,560.3,1292536
2021-06-16 09:50:50,560.15,1292807
2021-06-16 09:50:51,560.25,1296614
2021-06-16 09:50:52,560.25,1296614
2021-06-16 09:50:53,560.0,1296795
2021-06-16 09:50:54,560.25,1296919
2021-06-16 09:50:55,560.25,1296945
2021-06-16 09:50:56,560.2,1297687
2021-06-16 09:50:58,560.0,1298209
2021-06-16 09:50:59,560.0,1298269
2021-06-16 09:51:00,560.0,1298292
2021-06-16 09:51:01,560.0,1298322
2021-06-16 09:51:02,560.2,1298326
2021-06-16 09:51:03,560.2,1298389
2021-06-16 09:51:04,560.2,1298469
2021-06-16 09:51:05,560.2,1298476
2021-06-16 09:51:06,560.05,1298626
2021-06-16 09:51:07,560.05,1298636
2021-06-16 09:51:08,560.25,1298828
2021-06-16 09:51:09,560.25,1298833
2021-06-16 09:51:10,560.2,1298895
2021-06-16 09:51:11,560.2,1299017
2021-06-16 09:51:12,560.1,1299028
2021-06-16 09:51:13,560.2,1302772
2021-06-16 09:51:15,560.2,1302848
2021-06-16 09:51:16,560.2,1302908
2021-06-16 09:51:17,560.2,1304779
2021-06-16 09:51:18,560.2,1305239
2021-06-16 09:51:19,560.2,1305954
2021-06-16 09:51:20,560.2,1305954
2021-06-16 09:51:21,560.2,1305954
2021-06-16 09:51:23,560.2,1305959
2021-06-16 09:51:23,559.9,1311628
2021-06-16 09:51:25,560.0,1312045
2021-06-16 09:51:26,560.0,1312215
2021-06-16 09:51:27,559.85,1312745
2021-06-16 09:51:28,559.85,1312745
2021-06-16 09:51:29,559.95,1312766
2021-06-16 09:51:30,559.7,1312769
2021-06-16 09:51:32,559.65,1314339
2021-06-16 09:51:33,559.65,1314511
2021-06-16 09:51:34,559.95,1314951
2021-06-16 09:51:35,559.7,1315008
2021-06-16 09:51:36,559.7,1315074
2021-06-16 09:51:38,559.6,1315419
2021-06-16 09:51:39,559.65,1315454
2021-06-16 09:51:40,559.65,1315470
2021-06-16 09:51:42,559.7,1315621
2021-06-16 09:51:43,559.7,1315656
2021-06-16 09:51:45,559.7,1316649
2021-06-16 09:51:46,559.6,1316733
2021-06-16 09:51:46,559.6,1316733
2021-06-16 09:51:47,559.7,1316784
2021-06-16 09:51:48,559.65,1319562
2021-06-16 09:51:50,559.6,1319722
2021-06-16 09:51:50,559.6,1319722
2021-06-16 09:51:51,559.6,1320074
2021-06-16 09:51:52,559.65,1320100
2021-06-16 09:51:53,559.65,1320232
2021-06-16 09:51:54,559.65,1320462
2021-06-16 09:51:55,559.7,1320592
2021-06-16 09:51:56,559.6,1320644
2021-06-16 09:51:57,559.7,1320695
2021-06-16 09:51:58,559.65,1320998
2021-06-16 09:51:59,559.65,1320998
2021-06-16 09:52:01,559.7,1321113
2021-06-16 09:52:03,559.7,1321377
2021-06-16 09:52:03,559.7,1321587
2021-06-16 09:52:05,559.7,1321605
2021-06-16 09:52:06,559.55,1322570
2021-06-16 09:52:06,559.55,1322570
2021-06-16 09:52:07,559.8,1322770
2021-06-16 09:52:08,559.8,1322770
2021-06-16 09:52:10,559.65,1323214
2021-06-16 09:52:12,559.7,1323803
2021-06-16 09:52:12,559.8,1323903
2021-06-16 09:52:13,559.8,1323903
2021-06-16 09:52:14,559.6,1323996
2021-06-16 09:52:16,559.8,1324241
2021-06-16 09:52:17,559.8,1324308
2021-06-16 09:52:18,559.65,1324338
2021-06-16 09:52:19,559.65,1325389
2021-06-16 09:52:20,559.65,1325389
2021-06-16 09:52:21,559.7,1325424
2021-06-16 09:52:22,559.7,1325434
2021-06-16 09:52:23,559.7,1325535
2021-06-16 09:52:25,559.75,1325599
2021-06-16 09:52:26,559.65,1325819
2021-06-16 09:52:27,559.75,1325867
2021-06-16 09:52:27,559.75,1325867
2021-06-16 09:52:28,559.8,1325869
2021-06-16 09:52:29,559.8,1325899
2021-06-16 09:52:30,559.85,1326395
2021-06-16 09:52:31,559.8,1326473
2021-06-16 09:52:32,559.8,1326503
2021-06-16 09:52:33,559.7,1327055
2021-06-16 09:52:35,559.85,1327076
2021-06-16 09:52:35,559.9,1327276
2021-06-16 09:52:36,559.8,1327306
2021-06-16 09:52:37,559.9,1327307
2021-06-16 09:52:38,559.9,1327307
2021-06-16 09:52:40,559.8,1327517
2021-06-16 09:52:39,559.9,1327462
2021-06-16 09:52:42,559.9,1328878
2021-06-16 09:52:43,560.0,1328959
2021-06-16 09:52:44,560.0,1329273
2021-06-16 09:52:44,560.0,1329442
2021-06-16 09:52:46,560.0,1329445
2021-06-16 09:52:46,560.0,1329445
2021-06-16 09:52:47,560.05,1341806
2021-06-16 09:52:49,560.1,1341807
2021-06-16 09:52:52,560.1,1342041
2021-06-16 09:52:53,560.1,1342043
2021-06-16 09:52:53,560.15,1342249
2021-06-16 09:52:54,560.2,1342259
2021-06-16 09:52:55,560.2,1342298
2021-06-16 09:52:56,560.2,1342313
2021-06-16 09:52:57,560.1,1342427
2021-06-16 09:52:59,560.2,1342447
2021-06-16 09:53:00,560.2,1342449
2021-06-16 09:53:00,560.2,1343615
2021-06-16 09:53:01,560.2,1343615
2021-06-16 09:53:02,560.2,1343615
2021-06-16 09:53:03,560.25,1343660
2021-06-16 09:53:05,560.25,1344065
2021-06-16 09:53:07,560.5,1344965
2021-06-16 09:53:07,560.5,1344965
2021-06-16 09:53:09,560.35,1344993
2021-06-16 09:53:10,560.5,1345068
2021-06-16 09:53:11,560.5,1345068
2021-06-16 09:53:12,560.5,1345096
2021-06-16 09:53:13,560.5,1345096
2021-06-16 09:53:14,560.3,1345138
2021-06-16 09:53:16,560.2,1345479
2021-06-16 09:53:17,560.35,1345525
2021-06-16 09:53:18,560.2,1345595
2021-06-16 09:53:21,560.35,1346187
2021-06-16 09:53:23,560.35,1346188
2021-06-16 09:53:24,560.35,1346263
2021-06-16 09:53:25,560.35,1346267
2021-06-16 09:53:26,560.2,1346535
2021-06-16 09:53:26,560.2,1346535
2021-06-16 09:53:28,560.2,1346535
2021-06-16 09:53:29,560.2,1346535
2021-06-16 09:53:30,560.3,1346538
2021-06-16 09:53:31,560.3,1346540
2021-06-16 09:53:32,560.3,1346669
2021-06-16 09:53:33,560.3,1346687
2021-06-16 09:53:34,560.25,1346692
2021-06-16 09:53:35,560.25,1346692
2021-06-16 09:53:36,560.3,1346713
2021-06-16 09:53:37,560.25,1346796
2021-06-16 09:53:37,560.3,1346896
2021-06-16 09:53:38,560.25,1347099
2021-06-16 09:53:40,560.35,1347219
2021-06-16 09:53:41,560.2,1347321
2021-06-16 09:53:42,560.35,1347325
2021-06-16 09:53:42,560.3,1347341
2021-06-16 09:53:43,560.2,1347491
2021-06-16 09:53:44,560.35,1347495
2021-06-16 09:53:45,560.35,1347583
2021-06-16 09:53:46,560.3,1347640
2021-06-16 09:53:49,560.35,1347880
2021-06-16 09:53:49,560.35,1348380
2021-06-16 09:53:50,560.3,1348480
2021-06-16 09:53:52,560.35,1348781
2021-06-16 09:53:52,560.35,1348782
2021-06-16 09:53:54,560.35,1348815
2021-06-16 09:53:55,560.35,1348819
2021-06-16 09:53:56,560.3,1348908
2021-06-16 09:53:57,560.4,1350343
2021-06-16 09:53:58,560.4,1351022
2021-06-16 09:53:59,560.4,1351102
2021-06-16 09:54:00,560.5,1353398
2021-06-16 09:54:01,560.5,1353398
2021-06-16 09:54:03,560.5,1353547
2021-06-16 09:54:05,560.7,1353665
2021-06-16 09:54:05,560.7,1353665
2021-06-16 09:54:06,560.55,1353715
2021-06-16 09:54:07,560.6,1353725
2021-06-16 09:54:08,560.75,1354592
2021-06-16 09:54:09,560.85,1354692
2021-06-16 09:54:10,560.85,1354692
2021-06-16 09:54:11,560.6,1354768
2021-06-16 09:54:13,560.55,1354871
2021-06-16 09:54:14,560.9,1355774
2021-06-16 09:54:15,560.65,1355839
2021-06-16 09:54:15,560.65,1355839
2021-06-16 09:54:16,560.9,1356053
2021-06-16 09:54:19,560.85,1356181
2021-06-16 09:54:20,560.7,1356342
2021-06-16 09:54:21,560.85,1356534
2021-06-16 09:54:22,560.85,1357467
2021-06-16 09:54:24,560.7,1357568
2021-06-16 09:54:25,560.7,1357674
2021-06-16 09:54:25,560.7,1357674
2021-06-16 09:54:26,560.7,1359294
2021-06-16 09:54:28,560.6,1360406
2021-06-16 09:54:29,560.75,1360407
2021-06-16 09:54:31,560.75,1360506
2021-06-16 09:54:32,560.75,1360509
2021-06-16 09:54:32,560.75,1360517
2021-06-16 09:54:33,560.75,1360560
2021-06-16 09:54:34,560.7,1360580
2021-06-16 09:54:35,560.6,1361686
2021-06-16 09:54:36,560.55,1362187
2021-06-16 09:54:38,560.55,1362211
2021-06-16 09:54:38,560.65,1362195
2021-06-16 09:54:39,560.55,1362275
2021-06-16 09:54:41,560.55,1362278
2021-06-16 09:54:42,560.55,1362278
2021-06-16 09:54:43,560.55,1362279
2021-06-16 09:54:44,560.55,1362317
2021-06-16 09:54:45,560.6,1362337
2021-06-16 09:54:46,560.55,1362716
2021-06-16 09:54:47,560.55,1362716
2021-06-16 09:54:48,560.55,1362716
2021-06-16 09:54:49,560.55,1362721
2021-06-16 09:54:50,560.5,1362863
2021-06-16 09:54:51,560.6,1362965
2021-06-16 09:54:52,560.6,1362965
2021-06-16 09:54:53,560.55,1363239
2021-06-16 09:54:54,560.55,1363241
2021-06-16 09:54:55,560.5,1363276
2021-06-16 09:54:56,560.5,1363634
2021-06-16 09:54:56,560.5,1363639
2021-06-16 09:54:57,560.45,1363850
2021-06-16 09:54:58,560.6,1363866
2021-06-16 09:54:59,560.5,1363867
2021-06-16 09:55:00,560.6,1363869
2021-06-16 09:55:02,560.5,1363898
2021-06-16 09:55:03,560.5,1363898
2021-06-16 09:55:04,560.5,1363903
2021-06-16 09:55:05,560.4,1363913
2021-06-16 09:55:06,560.4,1363917
2021-06-16 09:55:07,560.5,1363995
2021-06-16 09:55:08,560.5,1364063
2021-06-16 09:55:09,560.5,1364063
2021-06-16 09:55:09,560.4,1364066
2021-06-16 09:55:10,560.4,1364066
2021-06-16 09:55:11,560.4,1364254
2021-06-16 09:55:14,560.45,1364386
2021-06-16 09:55:16,560.3,1365044
2021-06-16 09:55:17,560.2,1365087
2021-06-16 09:55:17,560.05,1365106
2021-06-16 09:55:18,560.2,1365226
2021-06-16 09:55:19,560.2,1365232
2021-06-16 09:55:20,560.2,1365233
2021-06-16 09:55:21,560.05,1365245
2021-06-16 09:55:22,560.2,1365260
2021-06-16 09:55:23,560.2,1365260
2021-06-16 09:55:25,560.05,1365261
2021-06-16 09:55:25,560.2,1365272
2021-06-16 09:55:26,560.05,1365405
2021-06-16 09:55:27,560.05,1366561
2021-06-16 09:55:28,560.05,1366561
2021-06-16 09:55:30,560.2,1366661
2021-06-16 09:55:31,560.2,1366662
2021-06-16 09:55:32,560.1,1366664
2021-06-16 09:55:33,560.1,1366671
2021-06-16 09:55:34,560.0,1367023
2021-06-16 09:55:35,560.1,1367053
2021-06-16 09:55:36,560.2,1367183
2021-06-16 09:55:37,560.25,1367352
2021-06-16 09:55:38,560.0,1368569
2021-06-16 09:55:39,560.0,1368602
2021-06-16 09:55:40,560.0,1368610
2021-06-16 09:55:41,560.15,1368817
2021-06-16 09:55:41,560.0,1368819
2021-06-16 09:55:42,560.15,1368825
2021-06-16 09:55:43,560.25,1369439
2021-06-16 09:55:44,560.15,1369462
2021-06-16 09:55:45,560.2,1369584
2021-06-16 09:55:47,560.2,1369585
2021-06-16 09:55:48,560.15,1369611
2021-06-16 09:55:49,560.15,1369635
2021-06-16 09:55:50,560.25,1369781
2021-06-16 09:55:50,560.25,1369783
2021-06-16 09:55:51,560.25,1370029
2021-06-16 09:55:52,560.15,1370030
2021-06-16 09:55:53,560.3,1370983
2021-06-16 09:55:54,560.3,1371083
2021-06-16 09:55:55,560.3,1371083
2021-06-16 09:55:56,560.15,1371128
2021-06-16 09:55:58,560.25,1371229
2021-06-16 09:55:59,560.15,1371231
2021-06-16 09:55:59,560.15,1371231
2021-06-16 09:56:00,560.05,1371320
2021-06-16 09:56:01,560.25,1371356
2021-06-16 09:56:02,560.25,1371360
2021-06-16 09:56:03,560.3,1371725
2021-06-16 09:56:04,560.3,1371743
2021-06-16 09:56:05,560.3,1371743
2021-06-16 09:56:06,560.3,1371822
2021-06-16 09:56:07,560.15,1371924
2021-06-16 09:56:08,560.3,1371934
2021-06-16 09:56:09,560.3,1371934
2021-06-16 09:56:11,560.3,1371937
2021-06-16 09:56:11,560.3,1371968
2021-06-16 09:56:12,560.15,1372073
2021-06-16 09:56:14,560.15,1372075
2021-06-16 09:56:15,560.15,1372075
2021-06-16 09:56:16,560.25,1372160
2021-06-16 09:56:17,560.25,1372975
2021-06-16 09:56:18,560.25,1372975
2021-06-16 09:56:19,560.3,1373075
2021-06-16 09:56:20,559.95,1379272
2021-06-16 09:56:21,559.85,1379529
2021-06-16 09:56:22,559.85,1379542
2021-06-16 09:56:23,560.1,1379546
2021-06-16 09:56:24,560.1,1379657
2021-06-16 09:56:25,560.1,1379657
2021-06-16 09:56:27,560.1,1379782
2021-06-16 09:56:28,560.0,1379831
2021-06-16 09:56:30,560.0,1379864
2021-06-16 09:56:31,560.15,1379964
2021-06-16 09:56:32,560.0,1380034
2021-06-16 09:56:33,560.15,1380037
2021-06-16 09:56:34,560.0,1380055
2021-06-16 09:56:34,560.15,1380056
2021-06-16 09:56:36,560.25,1380373
2021-06-16 09:56:37,560.25,1380373
2021-06-16 09:56:38,560.25,1380374
2021-06-16 09:56:39,560.25,1380554
2021-06-16 09:56:39,560.25,1380554
2021-06-16 09:56:40,560.25,1380554
2021-06-16 09:56:41,560.25,1380586
2021-06-16 09:56:42,560.25,1380586
2021-06-16 09:56:43,560.25,1380586
2021-06-16 09:56:44,560.25,1380586
2021-06-16 09:56:45,560.25,1380586
2021-06-16 09:56:47,560.15,1380709
2021-06-16 09:56:48,560.25,1380830
2021-06-16 09:56:48,560.25,1380830
2021-06-16 09:56:50,560.25,1380880
2021-06-16 09:56:51,560.2,1380884
2021-06-16 09:56:52,560.15,1380920
2021-06-16 09:56:53,560.2,1380921
2021-06-16 09:56:54,560.2,1380952
2021-06-16 09:56:55,560.2,1380952
2021-06-16 09:56:56,560.1,1381052
2021-06-16 09:56:57,560.1,1381052
2021-06-16 09:56:58,560.25,1381540
2021-06-16 09:56:59,560.2,1381550
2021-06-16 09:57:00,560.2,1381561
2021-06-16 09:57:01,560.25,1381562
2021-06-16 09:57:02,560.25,1381562
2021-06-16 09:57:03,560.4,1382041
2021-06-16 09:57:04,560.4,1382138
2021-06-16 09:57:05,560.4,1382142
2021-06-16 09:57:06,560.3,1382152
2021-06-16 09:57:07,560.4,1382153
2021-06-16 09:57:08,560.4,1382158
2021-06-16 09:57:09,560.4,1382158
2021-06-16 09:57:10,560.4,1382178
2021-06-16 09:57:11,560.4,1382219
2021-06-16 09:57:12,560.4,1382337
2021-06-16 09:57:12,560.4,1382337
2021-06-16 09:57:13,560.3,1382351
2021-06-16 09:57:15,560.45,1382484
2021-06-16 09:57:16,560.4,1382605
2021-06-16 09:57:17,560.35,1382607
2021-06-16 09:57:18,560.3,1382707
2021-06-16 09:57:19,560.4,1382712
2021-06-16 09:57:20,560.4,1382712
2021-06-16 09:57:21,560.4,1382721
2021-06-16 09:57:22,560.3,1382736
2021-06-16 09:57:23,560.4,1382836
2021-06-16 09:57:24,560.45,1383156
2021-06-16 09:57:25,560.4,1383976
2021-06-16 09:57:26,560.3,1383991
2021-06-16 09:57:27,560.3,1383991
2021-06-16 09:57:28,560.3,1384669
2021-06-16 09:57:29,560.3,1384669
2021-06-16 09:57:30,560.4,1384675
2021-06-16 09:57:31,560.4,1384676
2021-06-16 09:57:34,560.4,1384742
2021-06-16 09:57:35,560.4,1384757
2021-06-16 09:57:37,560.35,1385378
2021-06-16 09:57:38,560.15,1385628
2021-06-16 09:57:39,560.15,1385628
2021-06-16 09:57:40,560.4,1385636
2021-06-16 09:57:41,560.4,1385638
2021-06-16 09:57:42,560.4,1385639
2021-06-16 09:57:42,560.4,1385663
2021-06-16 09:57:45,560.4,1385699
2021-06-16 09:57:46,560.15,1387295
2021-06-16 09:57:47,560.4,1387589
2021-06-16 09:57:48,560.4,1387614
2021-06-16 09:57:49,560.4,1387622
2021-06-16 09:57:50,560.4,1387627
2021-06-16 09:57:51,560.2,1389741
2021-06-16 09:57:52,560.2,1389745
2021-06-16 09:57:53,560.0,1389762
2021-06-16 09:57:54,560.0,1389762
2021-06-16 09:57:55,560.1,1389769
2021-06-16 09:57:56,560.1,1389828
2021-06-16 09:57:57,560.05,1389888
2021-06-16 09:57:58,560.05,1389888
2021-06-16 09:57:59,560.2,1389985
2021-06-16 09:58:00,560.0,1390076
2021-06-16 09:58:01,560.05,1390176
2021-06-16 09:58:02,560.2,1390181
2021-06-16 09:58:03,560.2,1390183
2021-06-16 09:58:04,560.1,1390198
2021-06-16 09:58:05,560.1,1390198
2021-06-16 09:58:06,560.05,1390297
2021-06-16 09:58:08,560.1,1390512
2021-06-16 09:58:09,560.4,1390515
2021-06-16 09:58:10,560.5,1391376
2021-06-16 09:58:11,560.3,1391391
2021-06-16 09:58:12,560.5,1391516
2021-06-16 09:58:13,560.3,1391524
2021-06-16 09:58:14,560.3,1391576
2021-06-16 09:58:15,560.5,1391637
2021-06-16 09:58:15,560.5,1391637
2021-06-16 09:58:17,560.2,1391657
2021-06-16 09:58:18,560.25,1391692
2021-06-16 09:58:19,560.25,1391692
2021-06-16 09:58:20,560.25,1391698
2021-06-16 09:58:21,560.2,1391741
2021-06-16 09:58:22,560.25,1391841
2021-06-16 09:58:23,560.25,1391891
2021-06-16 09:58:23,560.2,1391892
2021-06-16 09:58:26,560.3,1391907
2021-06-16 09:58:27,560.1,1393913
2021-06-16 09:58:28,560.2,1393922
2021-06-16 09:58:29,560.05,1393923
2021-06-16 09:58:30,560.2,1393925
2021-06-16 09:58:31,560.2,1393926
2021-06-16 09:58:32,560.2,1394064
2021-06-16 09:58:33,560.2,1394065
2021-06-16 09:58:34,560.0,1394070
2021-06-16 09:58:35,560.0,1394070
2021-06-16 09:58:35,560.0,1394070
2021-06-16 09:58:36,560.05,1394130
2021-06-16 09:58:37,560.05,1394139
2021-06-16 09:58:39,560.2,1394175
2021-06-16 09:58:40,560.2,1394177
2021-06-16 09:58:41,560.2,1394177
2021-06-16 09:58:42,560.1,1394219
2021-06-16 09:58:43,560.1,1394219
2021-06-16 09:58:44,560.15,1394228
2021-06-16 09:58:44,560.15,1394228
2021-06-16 09:58:45,560.15,1394228
2021-06-16 09:58:47,560.15,1394291
2021-06-16 09:58:49,560.15,1394477
2021-06-16 09:58:51,560.0,1394601
2021-06-16 09:58:52,560.15,1394614
2021-06-16 09:58:53,560.0,1394723
2021-06-16 09:58:54,560.0,1394723
2021-06-16 09:58:55,560.0,1394836
2021-06-16 09:58:56,560.05,1395482
2021-06-16 09:58:57,560.05,1395482
2021-06-16 09:58:58,560.2,1395995
2021-06-16 09:58:59,560.2,1396025
2021-06-16 09:59:00,560.3,1396322
2021-06-16 09:59:01,560.55,1398914
2021-06-16 09:59:02,560.6,1399374
2021-06-16 09:59:03,560.6,1399392
2021-06-16 09:59:04,560.45,1402333
2021-06-16 09:59:05,560.7,1402334
2021-06-16 09:59:06,560.7,1402336
2021-06-16 09:59:07,560.7,1402336
2021-06-16 09:59:08,560.6,1402366
2021-06-16 09:59:09,560.7,1402620
2021-06-16 09:59:10,560.7,1402620
2021-06-16 09:59:11,560.7,1402655
2021-06-16 09:59:12,560.55,1402673
2021-06-16 09:59:13,560.55,1402676
2021-06-16 09:59:14,560.8,1403562
2021-06-16 09:59:15,560.8,1403562
2021-06-16 09:59:16,560.8,1403562
2021-06-16 09:59:17,560.55,1403572
2021-06-16 09:59:18,560.9,1404528
2021-06-16 09:59:19,560.9,1404528
2021-06-16 09:59:20,560.9,1405115
2021-06-16 09:59:21,560.9,1405126
2021-06-16 09:59:22,560.9,1405292
2021-06-16 09:59:23,560.8,1405443
2021-06-16 09:59:24,560.9,1405643
2021-06-16 09:59:25,560.9,1405643
2021-06-16 09:59:27,561.0,1406008
2021-06-16 09:59:26,561.0,1406008
2021-06-16 09:59:28,561.0,1406008
2021-06-16 09:59:29,560.75,1406218
2021-06-16 09:59:31,560.75,1406498
2021-06-16 09:59:30,560.75,1406498
2021-06-16 09:59:32,561.0,1406648
2021-06-16 09:59:33,561.0,1406658
2021-06-16 09:59:34,560.65,1406769
2021-06-16 09:59:35,560.65,1406769
2021-06-16 09:59:36,561.0,1407337
2021-06-16 09:59:37,560.7,1407403
2021-06-16 09:59:38,560.7,1407403
2021-06-16 09:59:39,560.95,1407411
2021-06-16 09:59:40,561.0,1409411
2021-06-16 09:59:41,560.95,1409820
2021-06-16 09:59:42,560.95,1409871
2021-06-16 09:59:43,560.95,1409891
2021-06-16 09:59:44,560.95,1409891
2021-06-16 09:59:45,560.8,1410350
2021-06-16 09:59:46,560.8,1410350
2021-06-16 09:59:47,560.7,1410455
2021-06-16 09:59:48,560.85,1410475
2021-06-16 09:59:49,560.85,1410475
2021-06-16 09:59:50,560.85,1410475
2021-06-16 09:59:51,560.8,1410746
2021-06-16 09:59:52,560.8,1410746
2021-06-16 09:59:53,560.6,1410947
2021-06-16 09:59:54,560.6,1410947
2021-06-16 09:59:55,560.6,1410947
2021-06-16 09:59:56,560.5,1412144
2021-06-16 09:59:57,560.5,1412144
2021-06-16 09:59:58,560.75,1412792
2021-06-16 09:59:59,560.5,1412793
2021-06-16 10:00:00,560.7,1412810
2021-06-16 10:00:01,560.7,1412829
2021-06-16 10:00:02,560.5,1412890
2021-06-16 10:00:03,560.7,1412909
2021-06-16 10:00:04,560.7,1412909
2021-06-16 10:00:05,560.7,1412945
2021-06-16 10:00:06,560.7,1412973
2021-06-16 10:00:07,560.65,1413518
2021-06-16 10:00:08,560.5,1413618
2021-06-16 10:00:09,560.65,1413635
2021-06-16 10:00:10,560.5,1413647
2021-06-16 10:00:11,560.6,1424333
2021-06-16 10:00:12,560.65,1424354
2021-06-16 10:00:14,560.8,1424611
2021-06-16 10:00:15,560.8,1424611
2021-06-16 10:00:16,560.8,1424612
2021-06-16 10:00:18,560.8,1424712
2021-06-16 10:00:17,560.8,1424712
2021-06-16 10:00:19,560.5,1424766
2021-06-16 10:00:20,560.5,1424766
2021-06-16 10:00:21,560.75,1424817
2021-06-16 10:00:22,560.75,1424837
2021-06-16 10:00:23,560.8,1425692
2021-06-16 10:00:25,560.8,1425692
2021-06-16 10:00:24,560.8,1425692
2021-06-16 10:00:26,560.6,1425714
2021-06-16 10:00:27,560.6,1425714
2021-06-16 10:00:28,560.75,1425766
2021-06-16 10:00:29,560.7,1425876
2021-06-16 10:00:30,560.75,1425887
2021-06-16 10:00:31,560.65,1426307
2021-06-16 10:00:32,560.75,1426322
2021-06-16 10:00:33,560.75,1426449
2021-06-16 10:00:34,560.7,1426450
2021-06-16 10:00:35,560.7,1426451
2021-06-16 10:00:36,560.8,1426552
2021-06-16 10:00:37,560.8,1426552
2021-06-16 10:00:38,560.8,1426753
2021-06-16 10:00:39,560.8,1426785
2021-06-16 10:00:40,560.8,1426811
2021-06-16 10:00:41,560.65,1427011
2021-06-16 10:00:42,560.8,1427026
2021-06-16 10:00:43,560.8,1427330
2021-06-16 10:00:44,561.0,1428723
2021-06-16 10:00:45,561.0,1428826
2021-06-16 10:00:46,561.0,1428874
2021-06-16 10:00:47,561.0,1428900
2021-06-16 10:00:48,560.85,1428993
2021-06-16 10:00:49,561.0,1428996
2021-06-16 10:00:50,561.0,1428997
2021-06-16 10:00:51,561.0,1429003
2021-06-16 10:00:52,561.0,1429515
2021-06-16 10:00:54,561.0,1429527
2021-06-16 10:00:55,561.0,1429527
2021-06-16 10:00:56,561.0,1429586
2021-06-16 10:00:57,561.0,1429611
2021-06-16 10:00:58,561.0,1429622
2021-06-16 10:00:59,561.0,1429622
2021-06-16 10:01:00,561.0,1429634
2021-06-16 10:01:01,561.0,1430137
2021-06-16 10:01:02,561.0,1430738
2021-06-16 10:01:04,560.95,1430950
2021-06-16 10:01:05,560.9,1431150
2021-06-16 10:01:06,560.9,1431252
2021-06-16 10:01:07,560.9,1431263
2021-06-16 10:01:08,560.85,1431350
2021-06-16 10:01:09,561.0,1431377
2021-06-16 10:01:10,561.0,1431377
2021-06-16 10:01:11,561.0,1431433
2021-06-16 10:01:12,561.0,1431434
2021-06-16 10:01:13,561.0,1431437
2021-06-16 10:01:14,561.0,1431437
2021-06-16 10:01:15,561.0,1431537
2021-06-16 10:01:16,560.95,1431596
2021-06-16 10:01:17,560.95,1431690
2021-06-16 10:01:19,561.0,1431910
2021-06-16 10:01:20,561.0,1431910
2021-06-16 10:01:21,560.95,1432230
2021-06-16 10:01:22,560.95,1432395
2021-06-16 10:01:23,560.95,1432710
2021-06-16 10:01:26,561.15,1437482
2021-06-16 10:01:28,561.25,1437750
2021-06-16 10:01:28,561.25,1437750
2021-06-16 10:01:29,561.4,1438164
2021-06-16 10:01:30,561.25,1438269
2021-06-16 10:01:32,561.25,1438357
2021-06-16 10:01:32,561.4,1438388
2021-06-16 10:01:33,561.4,1438395
2021-06-16 10:01:35,561.2,1439853
2021-06-16 10:01:35,561.4,1439913
2021-06-16 10:01:36,561.2,1439936
2021-06-16 10:01:37,561.4,1440148
2021-06-16 10:01:38,561.4,1440170
2021-06-16 10:01:39,561.45,1440285
2021-06-16 10:01:40,561.45,1440385
2021-06-16 10:01:41,561.45,1440385
2021-06-16 10:01:42,561.35,1440503
2021-06-16 10:01:43,561.35,1440519
2021-06-16 10:01:44,561.35,1440519
2021-06-16 10:01:45,561.35,1440544
2021-06-16 10:01:46,561.45,1441045
2021-06-16 10:01:47,561.45,1441045
2021-06-16 10:01:48,561.5,1441398
2021-06-16 10:01:50,561.35,1441411
2021-06-16 10:01:50,561.35,1441415
2021-06-16 10:01:51,561.25,1441435
2021-06-16 10:01:52,561.25,1441435
2021-06-16 10:01:53,561.3,1441470
2021-06-16 10:01:54,561.25,1441770
2021-06-16 10:01:56,561.25,1442838
2021-06-16 10:01:57,561.25,1442839
2021-06-16 10:01:57,561.25,1442839
2021-06-16 10:01:58,561.3,1442989
2021-06-16 10:01:59,561.4,1443199
2021-06-16 10:02:00,561.45,1443211
2021-06-16 10:02:01,561.5,1443251
2021-06-16 10:02:02,561.5,1443251
2021-06-16 10:02:03,561.45,1443277
2021-06-16 10:02:04,561.5,1443382
2021-06-16 10:02:05,561.5,1445466
2021-06-16 10:02:06,561.5,1445466
2021-06-16 10:02:08,561.45,1446442
2021-06-16 10:02:09,561.4,1446502
2021-06-16 10:02:10,561.5,1446836
2021-06-16 10:02:11,561.5,1446836
2021-06-16 10:02:12,561.5,1446841
2021-06-16 10:02:13,561.55,1447218
2021-06-16 10:02:15,561.45,1447450
2021-06-16 10:02:16,561.35,1447734
2021-06-16 10:02:17,561.25,1447759
2021-06-16 10:02:18,561.5,1447901
2021-06-16 10:02:19,561.55,1447996
2021-06-16 10:02:20,561.55,1447996
2021-06-16 10:02:22,561.45,1447998
2021-06-16 10:02:23,561.45,1448006
2021-06-16 10:02:24,561.45,1448207
2021-06-16 10:02:26,561.6,1449233
2021-06-16 10:02:26,561.45,1449243
2021-06-16 10:02:27,561.3,1449720
2021-06-16 10:02:28,561.3,1449720
2021-06-16 10:02:29,561.3,1449720
2021-06-16 10:02:30,561.55,1449721
2021-06-16 10:02:31,561.55,1449759
2021-06-16 10:02:32,561.55,1449939
2021-06-16 10:02:33,561.4,1449984
2021-06-16 10:02:34,561.35,1450197
2021-06-16 10:02:35,561.55,1450201
2021-06-16 10:02:36,561.35,1450309
2021-06-16 10:02:37,561.35,1450420
2021-06-16 10:02:38,561.55,1450453
2021-06-16 10:02:39,561.5,1450553
2021-06-16 10:02:40,561.3,1450715
2021-06-16 10:02:42,561.3,1450715
2021-06-16 10:02:42,561.3,1450715
2021-06-16 10:02:43,561.5,1450915
2021-06-16 10:02:45,561.4,1451989
2021-06-16 10:02:45,561.5,1452021
2021-06-16 10:02:46,561.35,1452058
2021-06-16 10:02:47,561.35,1452176
2021-06-16 10:02:48,561.35,1452650
2021-06-16 10:02:49,561.25,1452651
2021-06-16 10:02:50,561.4,1452653
2021-06-16 10:02:51,561.35,1452685
2021-06-16 10:02:52,561.3,1453360
2021-06-16 10:02:53,561.45,1453515
2021-06-16 10:02:54,561.45,1453523
2021-06-16 10:02:55,561.4,1454234
2021-06-16 10:02:56,561.4,1454234
2021-06-16 10:02:57,561.45,1454884
2021-06-16 10:02:58,561.2,1455155
2021-06-16 10:02:59,561.45,1455315
2021-06-16 10:03:00,561.5,1455365
2021-06-16 10:03:01,561.45,1455459
2021-06-16 10:03:02,561.45,1455569
2021-06-16 10:03:03,561.45,1455569
2021-06-16 10:03:04,561.45,1455669
2021-06-16 10:03:05,561.45,1455669
2021-06-16 10:03:06,561.25,1455727
2021-06-16 10:03:08,561.45,1455783
2021-06-16 10:03:09,561.45,1455783
2021-06-16 10:03:10,561.35,1455786
2021-06-16 10:03:11,561.45,1455789
2021-06-16 10:03:12,561.3,1455976
2021-06-16 10:03:13,561.25,1456056
2021-06-16 10:03:14,561.4,1456060
2021-06-16 10:03:15,561.35,1456080
2021-06-16 10:03:16,561.2,1456756
2021-06-16 10:03:17,561.2,1456756
2021-06-16 10:03:18,561.25,1456759
2021-06-16 10:03:19,561.2,1457294
2021-06-16 10:03:20,561.0,1457334
2021-06-16 10:03:22,561.2,1457372
2021-06-16 10:03:22,561.0,1457629
2021-06-16 10:03:23,561.0,1457649
2021-06-16 10:03:25,561.25,1457749
2021-06-16 10:03:26,561.2,1457759
2021-06-16 10:03:27,561.25,1457800
2021-06-16 10:03:28,561.25,1457836
2021-06-16 10:03:29,561.0,1457952
2021-06-16 10:03:30,561.0,1457957
2021-06-16 10:03:32,561.15,1458254
2021-06-16 10:03:33,561.15,1458268
2021-06-16 10:03:34,560.9,1463204
2021-06-16 10:03:35,560.9,1463284
2021-06-16 10:03:38,560.55,1463386
2021-06-16 10:03:39,560.85,1463394
2021-06-16 10:03:40,560.85,1463394
2021-06-16 10:03:41,560.8,1463429
2021-06-16 10:03:42,560.75,1463459
2021-06-16 10:03:42,560.75,1463459
2021-06-16 10:03:44,560.8,1463507
2021-06-16 10:03:45,560.55,1463527
2021-06-16 10:03:46,560.55,1463527
2021-06-16 10:03:47,560.6,1463529
2021-06-16 10:03:48,560.7,1463579
2021-06-16 10:03:49,560.65,1463680
2021-06-16 10:03:50,560.6,1463810
2021-06-16 10:03:51,560.6,1463845
2021-06-16 10:03:52,560.6,1463846
2021-06-16 10:03:53,560.6,1463880
2021-06-16 10:03:54,560.6,1463892
2021-06-16 10:03:55,560.65,1464190
2021-06-16 10:03:57,560.65,1464202
2021-06-16 10:03:57,560.65,1464202
2021-06-16 10:03:59,560.55,1464302
2021-06-16 10:04:00,560.55,1464302
2021-06-16 10:04:01,560.7,1464332
2021-06-16 10:04:02,560.7,1464333
2021-06-16 10:04:03,560.55,1464381
2021-06-16 10:04:04,560.8,1465004
2021-06-16 10:04:05,560.75,1465013
2021-06-16 10:04:06,560.75,1465013
2021-06-16 10:04:07,560.7,1465021
2021-06-16 10:04:08,560.7,1465021
2021-06-16 10:04:09,560.55,1465022
2021-06-16 10:04:11,560.7,1465039
2021-06-16 10:04:11,560.7,1465342
2021-06-16 10:04:12,560.7,1465391
2021-06-16 10:04:15,560.65,1465530
2021-06-16 10:04:16,560.6,1465691
2021-06-16 10:04:16,560.6,1465688
2021-06-16 10:04:17,560.6,1465692
2021-06-16 10:04:19,560.6,1465692
2021-06-16 10:04:20,560.5,1465823
2021-06-16 10:04:21,560.7,1466173
2021-06-16 10:04:22,560.7,1466173
2021-06-16 10:04:22,560.7,1466174
2021-06-16 10:04:23,560.7,1466185
2021-06-16 10:04:24,560.7,1466197
2021-06-16 10:04:25,560.6,1466268
2021-06-16 10:04:26,560.6,1466298
2021-06-16 10:04:28,560.6,1466302
2021-06-16 10:04:29,560.65,1466303
2021-06-16 10:04:30,560.6,1466581
2021-06-16 10:04:31,560.6,1466581
2021-06-16 10:04:31,560.45,1470556
2021-06-16 10:04:32,560.45,1470656
2021-06-16 10:04:33,560.15,1470657
2021-06-16 10:04:35,560.15,1471771
2021-06-16 10:04:36,560.15,1471880
2021-06-16 10:04:37,560.15,1471990
2021-06-16 10:04:38,560.15,1472190
2021-06-16 10:04:41,560.25,1472227
2021-06-16 10:04:42,560.25,1472372
2021-06-16 10:04:43,560.25,1472378
2021-06-16 10:04:43,560.2,1472578
2021-06-16 10:04:44,560.15,1472616
2021-06-16 10:04:45,560.15,1472654
2021-06-16 10:04:47,560.25,1472931
2021-06-16 10:04:47,560.25,1472931
2021-06-16 10:04:48,560.15,1472970
2021-06-16 10:04:49,560.1,1473309
2021-06-16 10:04:50,560.0,1474948
2021-06-16 10:04:51,560.0,1475213
2021-06-16 10:04:52,560.0,1475299
2021-06-16 10:04:55,559.6,1505944
2021-06-16 10:04:56,559.6,1506002
2021-06-16 10:04:57,559.55,1506006
2021-06-16 10:04:58,559.35,1506408
2021-06-16 10:04:59,559.55,1506592
2021-06-16 10:05:00,559.6,1506691
2021-06-16 10:05:01,559.6,1506701
2021-06-16 10:05:02,559.6,1506751
2021-06-16 10:05:04,559.35,1506757
2021-06-16 10:05:06,559.55,1507133
2021-06-16 10:05:07,559.65,1507182
2021-06-16 10:05:08,559.55,1507197
2021-06-16 10:05:09,559.6,1507202
2021-06-16 10:05:10,559.6,1507252
2021-06-16 10:05:11,559.65,1507499
2021-06-16 10:05:12,559.65,1507628
2021-06-16 10:05:13,559.6,1507641
2021-06-16 10:05:15,559.6,1507772
2021-06-16 10:05:15,559.6,1507818
2021-06-16 10:05:17,559.55,1508090
2021-06-16 10:05:18,559.6,1508093
2021-06-16 10:05:18,559.6,1508157
2021-06-16 10:05:19,559.6,1508167
2021-06-16 10:05:20,559.6,1508167
2021-06-16 10:05:21,559.6,1508167
2021-06-16 10:05:22,559.6,1508188
2021-06-16 10:05:24,559.8,1518469
2021-06-16 10:05:23,559.8,1518469
2021-06-16 10:05:25,559.8,1530157
2021-06-16 10:05:26,559.9,1530202
2021-06-16 10:05:27,559.9,1530204
2021-06-16 10:05:28,560.0,1530411
2021-06-16 10:05:29,559.75,1530657
2021-06-16 10:05:31,560.15,1530937
2021-06-16 10:05:33,559.9,1532399
2021-06-16 10:05:33,559.9,1532399
2021-06-16 10:05:34,559.9,1532399
2021-06-16 10:05:35,560.2,1532705
2021-06-16 10:05:36,560.15,1532868
2021-06-16 10:05:37,560.0,1533011
2021-06-16 10:05:38,560.05,1533021
2021-06-16 10:05:39,559.75,1533221
2021-06-16 10:05:41,560.0,1533432
2021-06-16 10:05:42,560.0,1533432
2021-06-16 10:05:42,560.0,1533533
2021-06-16 10:05:44,560.0,1533534
2021-06-16 10:05:45,559.8,1533552
2021-06-16 10:05:46,560.0,1533714
2021-06-16 10:05:47,560.05,1533723
2021-06-16 10:05:48,560.05,1533723
2021-06-16 10:05:49,560.0,1533743
2021-06-16 10:05:50,559.7,1533758
2021-06-16 10:05:53,560.0,1534504
2021-06-16 10:05:54,560.0,1534524
2021-06-16 10:05:54,559.9,1534534
2021-06-16 10:05:55,559.9,1534537
2021-06-16 10:05:56,559.6,1536833
2021-06-16 10:05:57,559.7,1536846
2021-06-16 10:05:58,559.55,1536854
2021-06-16 10:05:59,559.65,1537040
2021-06-16 10:06:01,559.55,1537143
2021-06-16 10:06:02,559.45,1538597
2021-06-16 10:06:03,559.6,1538637
2021-06-16 10:06:04,559.6,1538637
2021-06-16 10:06:05,559.55,1538842
2021-06-16 10:06:05,559.55,1538852
2021-06-16 10:06:07,559.6,1538899
2021-06-16 10:06:08,559.4,1538920
2021-06-16 10:06:09,559.6,1538960
2021-06-16 10:06:10,559.55,1539060
2021-06-16 10:06:11,559.4,1539763
2021-06-16 10:06:12,559.4,1539769
2021-06-16 10:06:13,559.55,1539770
2021-06-16 10:06:14,559.4,1539900
2021-06-16 10:06:15,559.55,1540001
2021-06-16 10:06:16,559.55,1540428
2021-06-16 10:06:17,559.6,1541367
2021-06-16 10:06:18,559.4,1541768
2021-06-16 10:06:19,559.5,1541783
2021-06-16 10:06:20,559.3,1542026
2021-06-16 10:06:20,559.4,1542027
2021-06-16 10:06:21,559.5,1542147
2021-06-16 10:06:22,559.3,1542167
2021-06-16 10:06:23,559.3,1542245
2021-06-16 10:06:24,559.4,1542295
2021-06-16 10:06:26,559.15,1545393
2021-06-16 10:06:27,559.15,1545596
2021-06-16 10:06:27,559.0,1550371
2021-06-16 10:06:28,559.0,1551431
2021-06-16 10:06:30,559.1,1551701
2021-06-16 10:06:32,559.0,1552361
2021-06-16 10:06:33,559.3,1552464
2021-06-16 10:06:33,559.0,1552474
2021-06-16 10:06:34,559.0,1552665
2021-06-16 10:06:35,559.0,1552665
2021-06-16 10:06:36,559.15,1552735
2021-06-16 10:06:37,559.15,1553908
2021-06-16 10:06:38,559.25,1553952
2021-06-16 10:06:39,559.1,1553953
2021-06-16 10:06:40,559.0,1553983
2021-06-16 10:06:42,559.0,1554564
2021-06-16 10:06:42,559.0,1554564
2021-06-16 10:06:43,559.2,1554917
2021-06-16 10:06:45,559.0,1556421
2021-06-16 10:06:45,559.0,1564472
2021-06-16 10:06:46,558.9,1564496
2021-06-16 10:06:48,559.0,1564559
2021-06-16 10:06:49,558.9,1564666
2021-06-16 10:06:50,558.95,1564725
2021-06-16 10:06:50,558.15,1583152
2021-06-16 10:06:52,558.15,1584279
2021-06-16 10:06:52,558.4,1584344
2021-06-16 10:06:54,558.4,1586930
2021-06-16 10:06:55,558.3,1587522
2021-06-16 10:06:55,558.25,1587656
2021-06-16 10:06:56,558.6,1587717
2021-06-16 10:06:57,558.55,1588317
2021-06-16 10:06:59,558.6,1588452
2021-06-16 10:07:01,558.5,1589183
2021-06-16 10:07:02,558.5,1590202
2021-06-16 10:07:02,558.65,1590257
2021-06-16 10:07:04,558.5,1590343
2021-06-16 10:07:05,558.65,1590354
2021-06-16 10:07:05,558.65,1590459
2021-06-16 10:07:06,558.5,1590470
2021-06-16 10:07:08,558.5,1590975
2021-06-16 10:07:09,558.5,1591019
2021-06-16 10:07:10,558.5,1591070
2021-06-16 10:07:11,558.5,1591121
2021-06-16 10:07:12,558.5,1591163
2021-06-16 10:07:13,558.5,1591228
2021-06-16 10:07:14,558.5,1591381
2021-06-16 10:07:15,558.3,1591671
2021-06-16 10:07:16,558.55,1592428
2021-06-16 10:07:17,558.25,1592684
2021-06-16 10:07:18,558.25,1592710
2021-06-16 10:07:19,558.3,1593196
2021-06-16 10:07:20,558.0,1602879
2021-06-16 10:07:21,558.2,1603381
2021-06-16 10:07:22,558.2,1603401
2021-06-16 10:07:23,558.2,1603401
2021-06-16 10:07:24,558.0,1603524
2021-06-16 10:07:25,558.0,1603624
2021-06-16 10:07:26,558.25,1604277
2021-06-16 10:07:27,558.0,1607200
2021-06-16 10:07:28,558.05,1607303
2021-06-16 10:07:29,558.35,1607666
2021-06-16 10:07:29,558.35,1607666
2021-06-16 10:07:31,558.35,1607666
2021-06-16 10:07:32,558.15,1617812
2021-06-16 10:07:33,558.0,1625900
2021-06-16 10:07:34,557.3,1634713
2021-06-16 10:07:35,557.3,1635442
2021-06-16 10:07:36,557.6,1643431
2021-06-16 10:07:37,557.6,1643973
2021-06-16 10:07:38,557.6,1644466
2021-06-16 10:07:38,557.6,1644229
2021-06-16 10:07:39,557.5,1645166
2021-06-16 10:07:40,557.7,1645600
2021-06-16 10:07:42,557.55,1646069
2021-06-16 10:07:42,557.4,1646698
2021-06-16 10:07:44,557.7,1646904
2021-06-16 10:07:45,557.7,1647211
2021-06-16 10:07:46,557.7,1647806
2021-06-16 10:07:47,557.6,1649420
2021-06-16 10:07:48,557.55,1649764
2021-06-16 10:07:49,557.5,1649765
2021-06-16 10:07:50,557.15,1650612
2021-06-16 10:07:51,557.0,1661327
2021-06-16 10:07:52,557.05,1661921
2021-06-16 10:07:53,557.2,1662353
2021-06-16 10:07:54,557.1,1663014
2021-06-16 10:07:56,557.1,1664379
2021-06-16 10:07:57,557.05,1680973
2021-06-16 10:07:58,557.05,1681099
2021-06-16 10:07:59,557.3,1682896
2021-06-16 10:08:00,557.35,1684711
2021-06-16 10:08:01,556.95,1685866
2021-06-16 10:08:02,557.0,1686973
2021-06-16 10:08:04,557.0,1688760
2021-06-16 10:08:03,557.05,1688315
2021-06-16 10:08:05,557.25,1689399
2021-06-16 10:08:06,557.0,1690116
2021-06-16 10:08:07,557.05,1690136
2021-06-16 10:08:08,557.25,1690471
2021-06-16 10:08:09,557.25,1690501
2021-06-16 10:08:10,557.1,1692133
2021-06-16 10:08:11,557.35,1692339
2021-06-16 10:08:13,557.25,1692541
2021-06-16 10:08:14,557.35,1692542
2021-06-16 10:08:15,557.5,1693813
2021-06-16 10:08:16,557.5,1693818
2021-06-16 10:08:17,557.65,1694130
2021-06-16 10:08:17,557.65,1694130
2021-06-16 10:08:18,557.6,1695140
2021-06-16 10:08:19,557.35,1695244
2021-06-16 10:08:20,557.6,1695321
2021-06-16 10:08:21,557.5,1695436
2021-06-16 10:08:23,557.45,1695456
2021-06-16 10:08:24,557.25,1696521
2021-06-16 10:08:25,557.1,1696636
2021-06-16 10:08:26,557.1,1696695
2021-06-16 10:08:26,557.15,1696800
2021-06-16 10:08:27,557.15,1697100
2021-06-16 10:08:29,557.2,1699125
2021-06-16 10:08:30,557.1,1699637
2021-06-16 10:08:32,557.15,1699704
2021-06-16 10:08:33,557.0,1700707
2021-06-16 10:08:34,557.35,1702513
2021-06-16 10:08:35,557.35,1702661
2021-06-16 10:08:37,557.45,1702980
2021-06-16 10:08:38,557.4,1703267
2021-06-16 10:08:39,557.4,1703273
2021-06-16 10:08:39,557.4,1703276
2021-06-16 10:08:40,557.2,1703333
2021-06-16 10:08:42,557.4,1703523
2021-06-16 10:08:43,557.2,1703753
2021-06-16 10:08:43,557.2,1703753
2021-06-16 10:08:44,557.25,1703817
2021-06-16 10:08:45,557.3,1704183
2021-06-16 10:08:46,557.35,1704395
2021-06-16 10:08:47,557.35,1704499
2021-06-16 10:08:49,557.1,1706271
2021-06-16 10:08:50,557.0,1706522
2021-06-16 10:08:51,557.15,1706745
2021-06-16 10:08:52,557.15,1707681
2021-06-16 10:08:53,557.15,1710008
