timestamp,ltp,volume
2021-06-17 09:20:32,3037.75,106399
2021-06-17 09:20:37,3036.3,107425
2021-06-17 09:20:42,3036.3,109444
2021-06-17 09:20:46,3029.25,113027
2021-06-17 09:20:51,3029.7,114233
2021-06-17 09:20:56,3028.45,118276
2021-06-17 09:21:01,3029.0,119577
2021-06-17 09:21:06,3030.0,120021
2021-06-17 09:21:11,3031.0,120322
2021-06-17 09:21:15,3032.4,120881
2021-06-17 09:21:20,3033.35,121733
2021-06-17 09:21:25,3033.0,123128
2021-06-17 09:21:30,3034.0,123460
2021-06-17 09:21:39,3034.2,125338
2021-06-17 09:21:42,3034.2,125807
2021-06-17 09:21:43,3034.95,126072
2021-06-17 09:21:44,3035.7,126216
2021-06-17 09:21:45,3036.3,126648
2021-06-17 09:21:46,3036.55,126962
2021-06-17 09:21:47,3035.05,127039
2021-06-17 09:21:48,3035.05,127128
2021-06-17 09:21:49,3036.6,127233
2021-06-17 09:21:50,3036.85,127806
2021-06-17 09:21:50,3036.95,127863
2021-06-17 09:21:52,3035.7,128063
2021-06-17 09:21:53,3035.9,128582
2021-06-17 09:21:54,3036.15,128736
2021-06-17 09:21:55,3038.0,129274
2021-06-17 09:21:57,3039.45,131044
2021-06-17 09:21:58,3039.55,131425
2021-06-17 09:21:59,3038.8,131707
2021-06-17 09:22:00,3038.85,132291
2021-06-17 09:22:01,3039.5,134697
2021-06-17 09:22:02,3039.8,135224
2021-06-17 09:22:03,3041.7,136019
2021-06-17 09:22:04,3042.1,136108
2021-06-17 09:22:05,3039.9,136749
2021-06-17 09:22:06,3041.6,136869
2021-06-17 09:22:07,3040.0,137415
2021-06-17 09:22:08,3040.0,137623
2021-06-17 09:22:09,3038.8,138676
2021-06-17 09:22:10,3040.45,138729
2021-06-17 09:22:11,3040.05,138805
2021-06-17 09:22:12,3041.55,139132
2021-06-17 09:22:13,3041.0,139482
2021-06-17 09:22:14,3041.9,140009
2021-06-17 09:22:15,3041.6,140122
2021-06-17 09:22:16,3040.6,140976
2021-06-17 09:22:17,3042.65,141178
2021-06-17 09:22:18,3041.0,141231
2021-06-17 09:22:19,3040.9,141386
2021-06-17 09:22:20,3041.4,141705
2021-06-17 09:22:21,3040.95,141742
2021-06-17 09:22:22,3040.9,143594
2021-06-17 09:22:23,3041.9,143979
2021-06-17 09:22:24,3041.0,144233
2021-06-17 09:22:25,3040.8,146616
2021-06-17 09:22:26,3042.4,146917
2021-06-17 09:22:27,3042.35,146969
2021-06-17 09:22:28,3042.65,147534
2021-06-17 09:22:29,3042.0,147655
2021-06-17 09:22:30,3042.0,148017
2021-06-17 09:22:31,3042.1,148268
2021-06-17 09:22:32,3042.1,148943
2021-06-17 09:22:33,3042.2,149092
2021-06-17 09:22:34,3044.1,149225
2021-06-17 09:22:35,3042.2,149642
2021-06-17 09:22:36,3043.0,149791
2021-06-17 09:22:37,3044.0,149836
2021-06-17 09:22:38,3044.0,150056
2021-06-17 09:22:39,3042.55,150430
2021-06-17 09:22:40,3044.0,150839
2021-06-17 09:22:41,3044.0,151603
2021-06-17 09:22:42,3042.3,152223
2021-06-17 09:22:43,3044.0,152288
2021-06-17 09:22:44,3044.0,152954
2021-06-17 09:22:45,3044.9,153279
2021-06-17 09:22:46,3043.25,153490
2021-06-17 09:22:47,3044.3,154487
2021-06-17 09:22:48,3045.0,154900
2021-06-17 09:22:49,3044.0,155394
2021-06-17 09:22:50,3044.05,156005
2021-06-17 09:22:51,3043.9,156383
2021-06-17 09:22:52,3043.9,156509
2021-06-17 09:22:53,3045.0,156756
2021-06-17 09:22:54,3045.0,156816
2021-06-17 09:22:55,3044.0,157077
2021-06-17 09:22:56,3045.0,157240
2021-06-17 09:22:57,3043.8,157508
2021-06-17 09:22:58,3043.6,157618
2021-06-17 09:22:59,3042.3,158153
2021-06-17 09:23:00,3043.8,158371
2021-06-17 09:23:01,3043.6,158389
2021-06-17 09:23:02,3043.6,158394
2021-06-17 09:23:03,3042.15,158614
2021-06-17 09:23:04,3043.0,159017
2021-06-17 09:23:05,3042.25,159092
2021-06-17 09:23:06,3043.5,159180
2021-06-17 09:23:07,3043.0,159387
2021-06-17 09:23:08,3044.0,159753
2021-06-17 09:23:09,3043.9,159815
2021-06-17 09:23:11,3043.2,160244
2021-06-17 09:23:12,3042.35,160258
2021-06-17 09:23:13,3042.35,160268
2021-06-17 09:23:14,3044.0,160473
2021-06-17 09:23:18,3044.55,162839
2021-06-17 09:23:19,3046.6,163342
2021-06-17 09:23:20,3044.2,164485
2021-06-17 09:23:21,3042.6,164712
2021-06-17 09:23:22,3042.8,165566
2021-06-17 09:23:23,3043.8,165770
2021-06-17 09:23:24,3045.8,165835
2021-06-17 09:23:25,3043.85,166006
2021-06-17 09:23:26,3046.45,166156
2021-06-17 09:23:27,3046.0,166212
2021-06-17 09:23:29,3046.7,166419
2021-06-17 09:23:30,3046.0,166451
2021-06-17 09:23:31,3046.0,166479
2021-06-17 09:23:32,3046.7,166602
2021-06-17 09:23:33,3046.5,167980
2021-06-17 09:23:34,3046.6,168133
2021-06-17 09:23:35,3046.9,168437
2021-06-17 09:23:36,3046.95,168611
2021-06-17 09:23:37,3045.8,168639
2021-06-17 09:23:38,3045.95,168996
2021-06-17 09:23:39,3047.5,169200
2021-06-17 09:23:40,3046.0,169471
2021-06-17 09:23:41,3045.95,169509
2021-06-17 09:23:42,3046.95,170062
2021-06-17 09:23:44,3047.35,170492
2021-06-17 09:23:45,3046.0,170657
2021-06-17 09:23:46,3047.0,170750
2021-06-17 09:23:47,3045.55,170932
2021-06-17 09:23:48,3047.4,170945
2021-06-17 09:23:49,3047.0,171190
2021-06-17 09:23:50,3047.0,171191
2021-06-17 09:23:54,3046.15,172715
2021-06-17 09:23:55,3046.0,172777
2021-06-17 09:23:56,3046.0,172829
2021-06-17 09:23:57,3046.0,173021
2021-06-17 09:23:58,3046.0,173074
2021-06-17 09:23:59,3046.45,173180
2021-06-17 09:24:00,3046.45,173310
2021-06-17 09:24:01,3046.95,173367
2021-06-17 09:24:02,3046.0,173797
2021-06-17 09:24:03,3046.5,174109
2021-06-17 09:24:06,3046.45,175062
2021-06-17 09:24:08,3046.0,175131
2021-06-17 09:24:08,3046.0,175131
2021-06-17 09:24:09,3046.0,175207
2021-06-17 09:24:10,3046.5,175349
2021-06-17 09:24:11,3045.3,175523
2021-06-17 09:24:12,3046.35,175598
2021-06-17 09:24:13,3046.0,175599
2021-06-17 09:24:14,3046.05,175976
2021-06-17 09:24:16,3046.0,176340
2021-06-17 09:24:16,3045.0,176381
2021-06-17 09:24:17,3046.5,176478
2021-06-17 09:24:19,3046.8,177035
2021-06-17 09:24:20,3046.0,177071
2021-06-17 09:24:21,3046.0,177123
2021-06-17 09:24:22,3046.0,177141
2021-06-17 09:24:24,3046.8,177672
2021-06-17 09:24:26,3045.95,177697
2021-06-17 09:24:27,3045.2,177873
2021-06-17 09:24:28,3045.25,177893
2021-06-17 09:24:29,3045.25,177993
2021-06-17 09:24:29,3045.25,177993
2021-06-17 09:24:30,3045.25,178107
2021-06-17 09:24:31,3045.05,178524
2021-06-17 09:24:32,3045.15,178595
2021-06-17 09:24:33,3044.0,179228
2021-06-17 09:24:34,3043.8,180429
2021-06-17 09:24:35,3043.5,180701
2021-06-17 09:24:36,3043.85,180729
2021-06-17 09:24:37,3042.6,181030
2021-06-17 09:24:38,3042.0,181584
2021-06-17 09:24:39,3042.0,181584
2021-06-17 09:24:42,3044.0,181832
2021-06-17 09:24:43,3044.2,181859
2021-06-17 09:24:44,3044.2,181859
2021-06-17 09:24:44,3044.2,181867
2021-06-17 09:24:45,3043.55,181922
2021-06-17 09:24:46,3043.15,182089
2021-06-17 09:24:47,3045.0,182400
2021-06-17 09:24:48,3042.0,182496
2021-06-17 09:24:49,3043.15,182509
2021-06-17 09:24:50,3043.15,182511
2021-06-17 09:24:51,3042.6,182977
2021-06-17 09:24:52,3042.3,183379
2021-06-17 09:24:53,3043.15,183556
2021-06-17 09:24:54,3045.0,184192
2021-06-17 09:24:55,3044.0,185275
2021-06-17 09:24:56,3043.8,185310
2021-06-17 09:24:58,3044.3,185538
2021-06-17 09:24:59,3044.5,185888
2021-06-17 09:25:00,3044.5,185923
2021-06-17 09:25:01,3046.0,187439
2021-06-17 09:25:02,3045.4,187682
2021-06-17 09:25:03,3045.0,187751
2021-06-17 09:25:04,3045.0,187787
2021-06-17 09:25:05,3045.0,187860
2021-06-17 09:25:07,3045.0,187885
2021-06-17 09:25:08,3045.9,187927
2021-06-17 09:25:08,3045.9,187938
2021-06-17 09:25:09,3045.9,187960
2021-06-17 09:25:12,3043.4,188910
2021-06-17 09:25:13,3045.0,188942
2021-06-17 09:25:14,3046.0,189098
2021-06-17 09:25:15,3045.0,189306
2021-06-17 09:25:16,3046.0,189335
2021-06-17 09:25:17,3046.5,189687
2021-06-17 09:25:18,3046.5,189687
2021-06-17 09:25:19,3046.0,189735
2021-06-17 09:25:20,3046.0,189856
2021-06-17 09:25:21,3044.8,189861
2021-06-17 09:25:22,3046.0,189912
2021-06-17 09:25:23,3046.5,190053
2021-06-17 09:25:25,3044.9,190098
2021-06-17 09:25:26,3045.95,190108
2021-06-17 09:25:27,3046.0,190158
2021-06-17 09:25:29,3045.0,190299
2021-06-17 09:25:30,3046.0,190500
2021-06-17 09:25:31,3046.0,190548
2021-06-17 09:25:32,3046.0,190675
2021-06-17 09:25:33,3046.25,190786
2021-06-17 09:25:34,3046.4,190893
2021-06-17 09:25:39,3046.5,191371
2021-06-17 09:25:40,3045.5,191481
2021-06-17 09:25:42,3046.0,191888
2021-06-17 09:25:42,3046.0,192000
2021-06-17 09:25:44,3047.5,192843
2021-06-17 09:25:45,3047.8,193002
2021-06-17 09:25:46,3047.95,193070
2021-06-17 09:25:47,3046.5,193123
2021-06-17 09:25:48,3049.25,195966
2021-06-17 09:25:49,3049.5,196260
2021-06-17 09:25:50,3048.0,196373
2021-06-17 09:25:51,3048.0,196653
2021-06-17 09:25:52,3049.45,196790
2021-06-17 09:25:52,3048.0,196823
2021-06-17 09:25:53,3049.5,196953
2021-06-17 09:25:54,3049.45,197280
2021-06-17 09:25:55,3049.2,197366
2021-06-17 09:25:56,3049.8,197634
2021-06-17 09:25:57,3049.85,198081
2021-06-17 09:25:58,3049.9,198135
2021-06-17 09:25:59,3049.5,198202
2021-06-17 09:26:00,3049.95,198364
2021-06-17 09:26:01,3049.35,199625
2021-06-17 09:26:02,3049.4,199864
2021-06-17 09:26:03,3049.35,199954
2021-06-17 09:26:04,3049.4,200140
2021-06-17 09:26:05,3049.85,200428
2021-06-17 09:26:06,3049.85,200530
2021-06-17 09:26:08,3049.9,200691
2021-06-17 09:26:09,3049.7,201042
2021-06-17 09:26:10,3049.7,201438
2021-06-17 09:26:11,3049.25,201487
2021-06-17 09:26:12,3049.9,201551
2021-06-17 09:26:14,3049.9,201890
2021-06-17 09:26:15,3050.0,201998
2021-06-17 09:26:16,3049.55,202371
2021-06-17 09:26:17,3049.55,204204
2021-06-17 09:26:17,3049.95,204544
2021-06-17 09:26:18,3049.55,204580
2021-06-17 09:26:19,3049.5,205271
2021-06-17 09:26:21,3049.9,205478
2021-06-17 09:26:22,3049.9,205534
2021-06-17 09:26:23,3049.9,205738
2021-06-17 09:26:23,3049.9,205738
2021-06-17 09:26:24,3049.9,206493
2021-06-17 09:26:25,3048.0,206837
2021-06-17 09:26:26,3048.3,206879
2021-06-17 09:26:27,3049.9,206964
2021-06-17 09:26:29,3048.55,207101
2021-06-17 09:26:30,3048.55,207117
2021-06-17 09:26:30,3048.55,207117
2021-06-17 09:26:31,3048.0,207309
2021-06-17 09:26:32,3048.6,207543
2021-06-17 09:26:33,3048.85,207604
2021-06-17 09:26:34,3048.9,207760
2021-06-17 09:26:36,3049.8,207816
2021-06-17 09:26:37,3049.0,208041
2021-06-17 09:26:38,3048.6,208145
2021-06-17 09:26:39,3048.6,208233
2021-06-17 09:26:40,3049.0,208583
2021-06-17 09:26:42,3048.55,208844
2021-06-17 09:26:42,3049.0,208811
2021-06-17 09:26:44,3048.55,208947
2021-06-17 09:26:46,3048.95,208949
2021-06-17 09:26:47,3048.3,209674
2021-06-17 09:26:48,3048.3,210153
2021-06-17 09:26:49,3048.75,210174
2021-06-17 09:26:50,3047.05,210273
2021-06-17 09:26:52,3049.0,210531
2021-06-17 09:26:53,3047.05,210596
2021-06-17 09:26:54,3048.35,210688
2021-06-17 09:26:55,3047.25,210729
2021-06-17 09:26:56,3047.25,210852
2021-06-17 09:26:57,3046.6,210905
2021-06-17 09:26:58,3046.6,210905
2021-06-17 09:26:59,3048.2,210906
2021-06-17 09:27:00,3048.0,211121
2021-06-17 09:27:03,3048.6,211694
2021-06-17 09:27:04,3047.25,211737
2021-06-17 09:27:05,3046.75,211740
2021-06-17 09:27:06,3047.25,211789
2021-06-17 09:27:07,3047.95,211799
2021-06-17 09:27:08,3046.75,211809
2021-06-17 09:27:09,3048.0,212145
2021-06-17 09:27:09,3048.3,212044
2021-06-17 09:27:10,3047.0,212183
2021-06-17 09:27:11,3048.0,212200
2021-06-17 09:27:12,3047.75,212291
2021-06-17 09:27:13,3048.0,212350
2021-06-17 09:27:14,3048.0,212637
2021-06-17 09:27:15,3047.75,212674
2021-06-17 09:27:16,3047.75,212674
2021-06-17 09:27:17,3048.0,212722
2021-06-17 09:27:18,3047.8,212733
2021-06-17 09:27:19,3047.75,212974
2021-06-17 09:27:21,3048.0,213010
2021-06-17 09:27:22,3048.0,213298
2021-06-17 09:27:23,3048.0,213299
2021-06-17 09:27:24,3047.95,213367
2021-06-17 09:27:24,3047.95,213367
2021-06-17 09:27:25,3048.0,213440
2021-06-17 09:27:26,3047.5,213578
2021-06-17 09:27:27,3047.8,213592
2021-06-17 09:27:28,3047.8,213592
2021-06-17 09:27:29,3048.0,214118
2021-06-17 09:27:30,3048.0,214180
2021-06-17 09:27:31,3048.0,214186
2021-06-17 09:27:32,3047.5,214237
2021-06-17 09:27:33,3048.0,214816
2021-06-17 09:27:34,3047.5,214901
2021-06-17 09:27:35,3047.5,214901
2021-06-17 09:27:36,3048.0,215006
2021-06-17 09:27:37,3047.9,215016
2021-06-17 09:27:38,3048.0,215121
2021-06-17 09:27:39,3047.9,215139
2021-06-17 09:27:40,3046.3,215719
2021-06-17 09:27:41,3046.3,215819
2021-06-17 09:27:42,3047.75,215825
2021-06-17 09:27:43,3047.4,216026
2021-06-17 09:27:44,3047.4,216026
2021-06-17 09:27:45,3047.5,216066
2021-06-17 09:27:47,3046.35,216121
2021-06-17 09:27:48,3046.3,216531
2021-06-17 09:27:49,3047.7,216702
2021-06-17 09:27:51,3046.3,216737
2021-06-17 09:27:52,3046.4,216769
2021-06-17 09:27:53,3047.4,216979
2021-06-17 09:27:54,3047.0,217045
2021-06-17 09:27:55,3047.2,217052
2021-06-17 09:27:56,3047.0,217074
2021-06-17 09:27:57,3046.55,217092
2021-06-17 09:27:58,3046.55,217146
2021-06-17 09:27:59,3047.5,217346
2021-06-17 09:28:00,3047.55,217543
2021-06-17 09:28:01,3046.95,217599
2021-06-17 09:28:02,3047.0,217662
2021-06-17 09:28:03,3046.95,217678
2021-06-17 09:28:04,3046.55,217801
2021-06-17 09:28:05,3046.55,217913
2021-06-17 09:28:06,3046.55,218830
2021-06-17 09:28:07,3046.55,218830
2021-06-17 09:28:08,3046.95,218839
2021-06-17 09:28:09,3046.4,219340
2021-06-17 09:28:10,3046.4,219340
2021-06-17 09:28:11,3047.0,219529
2021-06-17 09:28:12,3046.35,220260
2021-06-17 09:28:13,3046.3,220332
2021-06-17 09:28:15,3047.0,220336
2021-06-17 09:28:16,3047.0,221433
2021-06-17 09:28:17,3046.1,221536
2021-06-17 09:28:18,3047.0,221546
2021-06-17 09:28:19,3046.4,221662
2021-06-17 09:28:20,3041.3,225186
2021-06-17 09:28:21,3041.75,225277
2021-06-17 09:28:21,3041.75,225277
2021-06-17 09:28:22,3041.65,225377
2021-06-17 09:28:23,3043.35,225737
2021-06-17 09:28:24,3041.15,225874
2021-06-17 09:28:25,3041.15,225874
2021-06-17 09:28:27,3041.75,226066
2021-06-17 09:28:28,3043.6,226208
2021-06-17 09:28:29,3042.9,226213
2021-06-17 09:28:30,3041.85,226233
2021-06-17 09:28:31,3041.75,226377
2021-06-17 09:28:32,3042.55,226567
2021-06-17 09:28:33,3042.6,226590
2021-06-17 09:28:34,3041.75,226592
2021-06-17 09:28:35,3042.3,226598
2021-06-17 09:28:36,3043.05,226628
2021-06-17 09:28:37,3043.05,226678
2021-06-17 09:28:38,3041.85,226778
2021-06-17 09:28:39,3043.0,226793
2021-06-17 09:28:40,3041.85,226803
2021-06-17 09:28:41,3041.85,226825
2021-06-17 09:28:42,3043.0,226902
2021-06-17 09:28:43,3043.0,227005
2021-06-17 09:28:44,3043.0,227016
2021-06-17 09:28:46,3043.0,227021
2021-06-17 09:28:47,3042.35,227054
2021-06-17 09:28:47,3043.0,227055
2021-06-17 09:28:48,3043.0,227086
2021-06-17 09:28:49,3043.0,227094
2021-06-17 09:28:50,3042.3,227291
2021-06-17 09:28:51,3042.35,227462
2021-06-17 09:28:52,3043.0,227472
2021-06-17 09:28:53,3042.35,227573
2021-06-17 09:28:54,3042.35,227577
2021-06-17 09:28:55,3043.0,227607
2021-06-17 09:28:56,3042.35,227612
2021-06-17 09:28:57,3042.35,227699
2021-06-17 09:28:58,3043.0,227731
2021-06-17 09:28:59,3042.35,228050
2021-06-17 09:29:00,3042.35,228106
2021-06-17 09:29:01,3042.35,228106
2021-06-17 09:29:03,3042.35,228106
2021-06-17 09:29:04,3042.5,228166
2021-06-17 09:29:05,3043.0,228364
2021-06-17 09:29:05,3042.5,228378
2021-06-17 09:29:06,3043.0,228410
2021-06-17 09:29:07,3043.0,228522
2021-06-17 09:29:08,3043.0,228529
2021-06-17 09:29:09,3043.0,228549
2021-06-17 09:29:10,3043.0,228549
2021-06-17 09:29:11,3043.0,228658
2021-06-17 09:29:13,3043.0,228660
2021-06-17 09:29:14,3042.5,229378
2021-06-17 09:29:15,3043.75,230104
2021-06-17 09:29:16,3044.25,230435
2021-06-17 09:29:17,3042.6,230450
2021-06-17 09:29:18,3044.45,230555
2021-06-17 09:29:19,3043.05,230605
2021-06-17 09:29:20,3043.05,230605
2021-06-17 09:29:21,3044.5,230615
2021-06-17 09:29:22,3044.95,230718
2021-06-17 09:29:23,3043.5,231162
2021-06-17 09:29:24,3043.85,231477
2021-06-17 09:29:25,3043.85,231502
2021-06-17 09:29:26,3043.85,231503
2021-06-17 09:29:27,3045.0,231616
2021-06-17 09:29:28,3043.9,231630
2021-06-17 09:29:29,3044.5,231686
2021-06-17 09:29:29,3044.5,231686
2021-06-17 09:29:30,3045.8,231841
2021-06-17 09:29:31,3045.0,231852
2021-06-17 09:29:32,3045.95,232552
2021-06-17 09:29:34,3045.75,232862
2021-06-17 09:29:35,3045.95,233065
2021-06-17 09:29:36,3045.75,233116
2021-06-17 09:29:37,3045.0,233565
2021-06-17 09:29:38,3045.85,233587
2021-06-17 09:29:39,3045.95,233637
2021-06-17 09:29:40,3045.8,233643
2021-06-17 09:29:41,3045.8,233735
2021-06-17 09:29:42,3045.0,233800
2021-06-17 09:29:43,3045.0,234100
2021-06-17 09:29:44,3045.9,234162
2021-06-17 09:29:45,3045.9,234247
2021-06-17 09:29:47,3045.9,234259
2021-06-17 09:29:48,3045.6,234311
2021-06-17 09:29:49,3045.8,234321
2021-06-17 09:29:50,3045.9,234349
2021-06-17 09:29:51,3045.95,234445
2021-06-17 09:29:52,3045.95,234445
2021-06-17 09:29:53,3045.5,234571
2021-06-17 09:29:55,3045.5,236551
2021-06-17 09:29:58,3045.95,236783
2021-06-17 09:29:59,3045.95,236793
2021-06-17 09:30:00,3045.95,237096
2021-06-17 09:30:01,3046.25,237110
2021-06-17 09:30:02,3045.1,237327
2021-06-17 09:30:03,3046.25,237330
2021-06-17 09:30:04,3045.45,237343
2021-06-17 09:30:05,3046.4,237358
2021-06-17 09:30:06,3046.4,237604
2021-06-17 09:30:07,3046.4,237604
2021-06-17 09:30:08,3046.25,237732
2021-06-17 09:30:09,3046.0,237782
2021-06-17 09:30:10,3046.0,238067
2021-06-17 09:30:11,3046.95,238079
2021-06-17 09:30:12,3045.6,238667
2021-06-17 09:30:13,3047.85,238794
2021-06-17 09:30:14,3047.85,238794
2021-06-17 09:30:16,3048.0,239248
2021-06-17 09:30:17,3047.85,239249
2021-06-17 09:30:18,3047.85,239287
2021-06-17 09:30:20,3047.2,239311
2021-06-17 09:30:22,3048.55,239883
2021-06-17 09:30:23,3048.75,239889
2021-06-17 09:30:24,3048.4,240463
2021-06-17 09:30:25,3048.85,240484
2021-06-17 09:30:26,3047.35,240507
2021-06-17 09:30:27,3048.8,240520
2021-06-17 09:30:28,3048.9,241126
2021-06-17 09:30:29,3052.65,249987
2021-06-17 09:30:30,3052.7,250059
2021-06-17 09:30:31,3053.7,250237
2021-06-17 09:30:32,3053.35,250663
2021-06-17 09:30:33,3053.45,250797
2021-06-17 09:30:34,3053.4,250845
2021-06-17 09:30:35,3051.75,255977
2021-06-17 09:30:36,3051.6,257206
2021-06-17 09:30:37,3052.5,257372
2021-06-17 09:30:38,3052.2,257379
2021-06-17 09:30:39,3052.7,257674
2021-06-17 09:30:40,3052.1,257708
2021-06-17 09:30:41,3052.6,258190
2021-06-17 09:30:42,3051.95,258951
2021-06-17 09:30:43,3053.0,259173
2021-06-17 09:30:44,3052.05,259322
2021-06-17 09:30:44,3052.05,259322
2021-06-17 09:30:45,3054.0,259510
2021-06-17 09:30:46,3054.4,259998
2021-06-17 09:30:48,3056.0,264320
2021-06-17 09:30:49,3057.0,264563
2021-06-17 09:30:50,3056.0,265165
2021-06-17 09:30:51,3055.7,265470
2021-06-17 09:30:52,3056.8,265629
2021-06-17 09:30:53,3056.35,265828
2021-06-17 09:30:54,3055.25,266610
2021-06-17 09:30:56,3055.4,267061
2021-06-17 09:30:57,3056.45,267269
2021-06-17 09:30:58,3055.35,267797
2021-06-17 09:30:59,3057.0,268120
2021-06-17 09:31:00,3057.65,268697
2021-06-17 09:31:01,3056.4,269479
2021-06-17 09:31:02,3056.5,269601
2021-06-17 09:31:03,3056.7,269779
2021-06-17 09:31:04,3057.0,270885
2021-06-17 09:31:05,3057.0,271107
2021-06-17 09:31:06,3057.0,271411
2021-06-17 09:31:07,3057.0,271567
2021-06-17 09:31:08,3055.5,271853
2021-06-17 09:31:08,3055.5,271853
2021-06-17 09:31:09,3056.0,272079
2021-06-17 09:31:10,3057.0,272165
2021-06-17 09:31:11,3056.0,272311
2021-06-17 09:31:12,3056.05,272343
2021-06-17 09:31:13,3056.0,272501
2021-06-17 09:31:14,3056.0,272557
2021-06-17 09:31:15,3055.55,272902
2021-06-17 09:31:17,3056.9,273181
2021-06-17 09:31:18,3056.35,273191
2021-06-17 09:31:19,3056.0,273622
2021-06-17 09:31:20,3055.5,273905
2021-06-17 09:31:21,3056.95,274026
2021-06-17 09:31:23,3056.95,274597
2021-06-17 09:31:24,3056.0,274719
2021-06-17 09:31:25,3056.95,274923
2021-06-17 09:31:26,3056.0,275045
2021-06-17 09:31:27,3055.3,275884
2021-06-17 09:31:28,3056.0,276266
2021-06-17 09:31:29,3056.0,277069
2021-06-17 09:31:29,3056.0,277069
2021-06-17 09:31:30,3055.05,277149
2021-06-17 09:31:33,3056.0,277643
2021-06-17 09:31:34,3055.05,277725
2021-06-17 09:31:35,3056.45,277861
2021-06-17 09:31:36,3055.3,278421
2021-06-17 09:31:36,3056.55,278665
2021-06-17 09:31:37,3056.0,278692
2021-06-17 09:31:38,3056.5,279116
2021-06-17 09:31:39,3055.25,279680
2021-06-17 09:31:41,3055.05,279900
2021-06-17 09:31:42,3055.05,280147
2021-06-17 09:31:43,3056.45,280167
2021-06-17 09:31:44,3056.0,280217
2021-06-17 09:31:45,3055.05,280287
2021-06-17 09:31:46,3055.0,280413
2021-06-17 09:31:48,3055.0,280559
2021-06-17 09:31:49,3054.6,280727
2021-06-17 09:31:50,3054.6,280738
2021-06-17 09:31:51,3054.95,281164
2021-06-17 09:31:52,3053.7,281169
2021-06-17 09:31:53,3054.6,281189
2021-06-17 09:31:54,3054.6,281258
2021-06-17 09:31:55,3053.45,281441
2021-06-17 09:31:55,3053.95,281451
2021-06-17 09:31:57,3053.0,281956
2021-06-17 09:31:58,3052.55,282007
2021-06-17 09:31:58,3053.0,282044
2021-06-17 09:32:00,3052.0,282191
2021-06-17 09:32:00,3053.0,282201
2021-06-17 09:32:02,3053.0,282281
2021-06-17 09:32:03,3053.5,282556
2021-06-17 09:32:04,3052.0,282800
2021-06-17 09:32:04,3051.3,283470
2021-06-17 09:32:05,3051.85,283619
2021-06-17 09:32:06,3051.7,283645
2021-06-17 09:32:08,3052.0,283668
2021-06-17 09:32:09,3050.6,283850
2021-06-17 09:32:10,3051.7,283897
2021-06-17 09:32:11,3052.0,284009
2021-06-17 09:32:12,3051.0,284259
2021-06-17 09:32:13,3050.6,284326
2021-06-17 09:32:14,3052.0,284376
2021-06-17 09:32:15,3051.0,284490
2021-06-17 09:32:16,3051.0,284495
2021-06-17 09:32:17,3051.95,284551
2021-06-17 09:32:18,3050.8,284984
2021-06-17 09:32:19,3052.4,285008
2021-06-17 09:32:20,3053.4,285243
2021-06-17 09:32:21,3053.5,285287
2021-06-17 09:32:22,3052.05,285709
2021-06-17 09:32:23,3052.3,285805
2021-06-17 09:32:25,3052.45,285950
2021-06-17 09:32:26,3052.65,286241
2021-06-17 09:32:27,3054.6,286342
2021-06-17 09:32:28,3052.9,286402
2021-06-17 09:32:29,3054.25,286506
2021-06-17 09:32:30,3053.7,286681
2021-06-17 09:32:30,3053.7,286679
2021-06-17 09:32:31,3053.7,286706
2021-06-17 09:32:33,3054.5,286782
2021-06-17 09:32:34,3054.5,286782
2021-06-17 09:32:35,3053.65,286783
2021-06-17 09:32:36,3053.65,286785
2021-06-17 09:32:37,3054.45,286870
2021-06-17 09:32:38,3054.5,286989
2021-06-17 09:32:39,3054.0,287014
2021-06-17 09:32:40,3054.0,287124
2021-06-17 09:32:41,3054.5,287278
2021-06-17 09:32:42,3054.5,287291
2021-06-17 09:32:44,3054.5,287396
2021-06-17 09:32:45,3054.5,287494
2021-06-17 09:32:46,3054.7,287725
2021-06-17 09:32:47,3055.0,287918
2021-06-17 09:32:48,3055.0,288035
2021-06-17 09:32:49,3054.5,288203
2021-06-17 09:32:50,3054.5,289308
2021-06-17 09:32:51,3054.5,289352
2021-06-17 09:32:52,3054.5,289435
2021-06-17 09:32:53,3054.5,289475
2021-06-17 09:32:54,3055.0,289525
2021-06-17 09:32:57,3054.5,289687
2021-06-17 09:32:56,3055.0,289667
2021-06-17 09:32:58,3054.9,289902
2021-06-17 09:32:59,3054.5,289926
2021-06-17 09:33:00,3054.85,289951
2021-06-17 09:33:01,3054.1,289983
2021-06-17 09:33:02,3054.1,289983
2021-06-17 09:33:03,3054.35,289990
2021-06-17 09:33:04,3054.1,290095
2021-06-17 09:33:06,3054.45,290308
2021-06-17 09:33:08,3054.1,290578
2021-06-17 09:33:09,3054.1,290719
2021-06-17 09:33:10,3055.0,292248
2021-06-17 09:33:11,3054.85,292286
2021-06-17 09:33:12,3055.0,292322
2021-06-17 09:33:13,3055.0,292322
2021-06-17 09:33:14,3054.95,292624
2021-06-17 09:33:15,3054.95,292627
2021-06-17 09:33:16,3054.1,292950
2021-06-17 09:33:17,3054.5,292969
2021-06-17 09:33:19,3055.0,293134
2021-06-17 09:33:18,3055.0,293134
2021-06-17 09:33:22,3054.95,293346
2021-06-17 09:33:21,3054.95,293346
2021-06-17 09:33:23,3054.85,293372
2021-06-17 09:33:24,3054.85,293372
2021-06-17 09:33:25,3054.85,293378
2021-06-17 09:33:26,3054.2,293669
2021-06-17 09:33:27,3054.1,293769
2021-06-17 09:33:28,3054.5,293829
2021-06-17 09:33:29,3054.35,293830
2021-06-17 09:33:30,3053.85,294199
2021-06-17 09:33:32,3053.95,294419
2021-06-17 09:33:33,3052.65,294570
2021-06-17 09:33:34,3054.3,294670
2021-06-17 09:33:35,3052.65,294765
2021-06-17 09:33:37,3051.0,295382
2021-06-17 09:33:38,3051.0,295414
2021-06-17 09:33:39,3051.0,295545
2021-06-17 09:33:40,3052.3,295559
2021-06-17 09:33:41,3051.05,295839
2021-06-17 09:33:42,3051.15,296061
2021-06-17 09:33:43,3052.35,296094
2021-06-17 09:33:44,3052.35,296423
2021-06-17 09:33:46,3052.45,296584
2021-06-17 09:33:45,3053.45,296458
2021-06-17 09:33:47,3053.85,296649
2021-06-17 09:33:48,3053.85,296649
2021-06-17 09:33:50,3053.9,296686
2021-06-17 09:33:51,3052.55,296786
2021-06-17 09:33:52,3052.35,296941
2021-06-17 09:33:53,3053.8,296949
2021-06-17 09:33:54,3053.6,297009
2021-06-17 09:33:55,3053.55,297015
2021-06-17 09:33:56,3053.6,297035
2021-06-17 09:33:57,3052.65,297148
2021-06-17 09:33:58,3053.8,297405
2021-06-17 09:33:59,3053.7,297414
2021-06-17 09:34:00,3052.35,297445
2021-06-17 09:34:01,3052.35,297445
2021-06-17 09:34:02,3053.6,297509
2021-06-17 09:34:03,3051.45,298437
2021-06-17 09:34:04,3053.3,298640
2021-06-17 09:34:05,3051.9,298665
2021-06-17 09:34:06,3052.35,298707
2021-06-17 09:34:07,3053.2,298971
2021-06-17 09:34:09,3052.0,298974
2021-06-17 09:34:11,3051.05,299306
2021-06-17 09:34:10,3051.25,299275
2021-06-17 09:34:12,3052.4,299424
2021-06-17 09:34:13,3052.3,299576
2021-06-17 09:34:14,3051.8,299675
2021-06-17 09:34:15,3051.8,299817
2021-06-17 09:34:16,3052.35,299931
2021-06-17 09:34:17,3052.3,299933
2021-06-17 09:34:18,3052.3,299965
2021-06-17 09:34:19,3051.3,299987
2021-06-17 09:34:20,3052.0,300290
2021-06-17 09:34:21,3052.35,300443
2021-06-17 09:34:22,3051.9,300455
2021-06-17 09:34:23,3053.0,300478
2021-06-17 09:34:24,3052.3,300488
2021-06-17 09:34:25,3051.9,300544
2021-06-17 09:34:26,3049.3,304506
2021-06-17 09:34:27,3049.3,304506
2021-06-17 09:34:28,3049.25,304562
2021-06-17 09:34:29,3049.25,304562
2021-06-17 09:34:30,3049.4,304718
2021-06-17 09:34:31,3048.9,305541
2021-06-17 09:34:33,3049.1,306038
2021-06-17 09:34:34,3047.7,306086
2021-06-17 09:34:35,3048.45,306246
2021-06-17 09:34:37,3048.6,306828
2021-06-17 09:34:39,3046.8,307488
2021-06-17 09:34:40,3046.0,308772
2021-06-17 09:34:43,3046.5,310255
2021-06-17 09:34:42,3045.1,310230
2021-06-17 09:34:44,3046.0,310300
2021-06-17 09:34:46,3041.75,312500
2021-06-17 09:34:47,3041.8,313064
2021-06-17 09:34:47,3041.65,312715
2021-06-17 09:34:48,3037.9,317218
2021-06-17 09:34:49,3036.1,317989
2021-06-17 09:34:50,3036.3,318350
2021-06-17 09:34:51,3038.45,318565
2021-06-17 09:34:52,3035.85,318771
2021-06-17 09:34:53,3036.1,319148
2021-06-17 09:34:54,3036.8,319237
2021-06-17 09:34:55,3037.8,319744
2021-06-17 09:34:56,3037.95,320503
2021-06-17 09:34:57,3039.8,321194
2021-06-17 09:34:58,3038.45,321283
2021-06-17 09:34:59,3036.3,321745
2021-06-17 09:35:01,3037.0,321992
2021-06-17 09:35:02,3038.6,322292
2021-06-17 09:35:03,3038.4,322625
2021-06-17 09:35:05,3038.5,322888
2021-06-17 09:35:06,3038.25,322949
2021-06-17 09:35:07,3039.95,323097
2021-06-17 09:35:08,3039.9,323235
2021-06-17 09:35:09,3040.3,323289
2021-06-17 09:35:10,3040.45,323304
2021-06-17 09:35:12,3040.7,323694
2021-06-17 09:35:13,3040.35,323767
2021-06-17 09:35:14,3039.8,323912
2021-06-17 09:35:15,3040.35,323957
2021-06-17 09:35:16,3042.0,324302
2021-06-17 09:35:17,3040.8,324305
2021-06-17 09:35:19,3042.0,324664
2021-06-17 09:35:20,3041.15,324690
2021-06-17 09:35:21,3042.0,324787
2021-06-17 09:35:22,3041.95,324813
2021-06-17 09:35:23,3041.95,324814
2021-06-17 09:35:24,3042.9,325077
2021-06-17 09:35:25,3042.0,325354
2021-06-17 09:35:26,3042.4,325752
2021-06-17 09:35:27,3043.75,325867
2021-06-17 09:35:28,3042.15,325955
2021-06-17 09:35:30,3043.7,326415
2021-06-17 09:35:31,3043.95,326498
2021-06-17 09:35:32,3043.95,326498
2021-06-17 09:35:33,3043.95,327168
2021-06-17 09:35:33,3043.95,327171
2021-06-17 09:35:34,3044.85,327385
2021-06-17 09:35:35,3045.0,327574
2021-06-17 09:35:36,3047.0,328190
2021-06-17 09:35:37,3047.55,328214
2021-06-17 09:35:39,3047.65,328464
2021-06-17 09:35:39,3048.0,328466
2021-06-17 09:35:40,3047.7,328577
2021-06-17 09:35:43,3045.05,328980
2021-06-17 09:35:44,3046.6,328982
2021-06-17 09:35:47,3046.75,329224
2021-06-17 09:35:47,3046.75,329234
2021-06-17 09:35:49,3047.9,329378
2021-06-17 09:35:49,3047.9,329378
2021-06-17 09:35:51,3047.15,329468
2021-06-17 09:35:52,3047.35,329629
2021-06-17 09:35:52,3047.4,329644
2021-06-17 09:35:53,3048.0,329716
2021-06-17 09:35:55,3047.4,329814
2021-06-17 09:35:56,3047.5,329907
2021-06-17 09:35:57,3047.5,329907
2021-06-17 09:35:57,3047.5,329907
2021-06-17 09:35:58,3047.15,329916
2021-06-17 09:35:59,3045.35,330540
2021-06-17 09:36:00,3046.6,330785
2021-06-17 09:36:01,3045.0,331108
2021-06-17 09:36:04,3046.5,331301
2021-06-17 09:36:05,3045.4,331420
2021-06-17 09:36:05,3045.4,331420
2021-06-17 09:36:07,3046.5,331575
2021-06-17 09:36:08,3046.5,331591
2021-06-17 09:36:09,3045.55,331595
2021-06-17 09:36:10,3045.0,331719
2021-06-17 09:36:10,3045.0,331719
2021-06-17 09:36:12,3045.4,331865
2021-06-17 09:36:12,3046.9,332365
2021-06-17 09:36:14,3045.5,332658
2021-06-17 09:36:14,3046.5,332703
2021-06-17 09:36:15,3046.5,332703
2021-06-17 09:36:16,3046.5,332705
2021-06-17 09:36:18,3046.45,332763
2021-06-17 09:36:19,3047.0,332840
2021-06-17 09:36:20,3046.45,332842
2021-06-17 09:36:20,3046.45,332843
2021-06-17 09:36:21,3046.45,332843
2021-06-17 09:36:22,3045.6,333149
2021-06-17 09:36:23,3046.7,333174
2021-06-17 09:36:25,3045.4,333175
2021-06-17 09:36:25,3045.4,333175
2021-06-17 09:36:26,3046.0,333191
2021-06-17 09:36:27,3045.45,333279
2021-06-17 09:36:29,3046.8,333352
2021-06-17 09:36:30,3045.45,333359
2021-06-17 09:36:30,3046.8,333352
2021-06-17 09:36:31,3046.5,333518
2021-06-17 09:36:32,3046.0,333899
2021-06-17 09:36:33,3046.0,333899
2021-06-17 09:36:34,3046.0,333913
2021-06-17 09:36:35,3046.0,334314
2021-06-17 09:36:36,3046.0,334540
2021-06-17 09:36:37,3046.05,334542
2021-06-17 09:36:38,3046.0,334570
2021-06-17 09:36:39,3046.0,334585
2021-06-17 09:36:41,3046.0,334714
2021-06-17 09:36:42,3047.0,334754
2021-06-17 09:36:42,3046.0,334767
2021-06-17 09:36:43,3045.2,334867
2021-06-17 09:36:44,3045.15,334883
2021-06-17 09:36:45,3045.2,335001
2021-06-17 09:36:46,3046.2,335012
2021-06-17 09:36:47,3046.7,335067
2021-06-17 09:36:48,3047.15,335185
2021-06-17 09:36:50,3045.25,335310
2021-06-17 09:36:50,3045.45,335295
2021-06-17 09:36:51,3045.3,335561
2021-06-17 09:36:52,3045.45,335663
2021-06-17 09:36:54,3045.3,335695
2021-06-17 09:36:55,3045.95,335882
2021-06-17 09:36:56,3046.3,335903
2021-06-17 09:36:56,3046.45,335902
2021-06-17 09:36:57,3045.4,336006
2021-06-17 09:36:58,3045.3,336011
2021-06-17 09:36:59,3045.3,336011
2021-06-17 09:37:00,3045.0,336026
2021-06-17 09:37:01,3045.55,336077
2021-06-17 09:37:02,3045.7,336087
2021-06-17 09:37:03,3046.0,336387
2021-06-17 09:37:04,3045.05,336437
2021-06-17 09:37:06,3045.75,336460
2021-06-17 09:37:07,3045.7,336543
2021-06-17 09:37:08,3045.2,336552
2021-06-17 09:37:09,3045.1,336611
2021-06-17 09:37:10,3045.1,336714
2021-06-17 09:37:11,3045.1,336714
2021-06-17 09:37:12,3045.1,336719
2021-06-17 09:37:13,3045.7,336869
2021-06-17 09:37:14,3045.1,336936
2021-06-17 09:37:15,3045.7,336988
2021-06-17 09:37:15,3045.7,337082
2021-06-17 09:37:16,3045.7,337082
2021-06-17 09:37:17,3045.1,337104
2021-06-17 09:37:18,3045.1,337104
2021-06-17 09:37:19,3045.0,337259
2021-06-17 09:37:20,3045.0,337259
2021-06-17 09:37:21,3045.55,337306
2021-06-17 09:37:22,3045.7,337466
2021-06-17 09:37:23,3045.0,337470
2021-06-17 09:37:24,3045.0,337744
2021-06-17 09:37:25,3046.0,337844
2021-06-17 09:37:27,3046.7,337856
2021-06-17 09:37:28,3046.65,337996
2021-06-17 09:37:29,3046.65,337996
2021-06-17 09:37:29,3047.0,338143
2021-06-17 09:37:30,3045.85,338148
2021-06-17 09:37:32,3045.65,338378
2021-06-17 09:37:33,3046.95,338386
2021-06-17 09:37:34,3045.8,338400
2021-06-17 09:37:35,3045.8,338501
2021-06-17 09:37:36,3046.85,338530
2021-06-17 09:37:37,3046.0,338638
2021-06-17 09:37:38,3046.0,338657
2021-06-17 09:37:39,3047.0,338824
2021-06-17 09:37:40,3047.0,338825
2021-06-17 09:37:41,3046.0,338834
2021-06-17 09:37:42,3047.0,338969
2021-06-17 09:37:43,3047.0,338969
2021-06-17 09:37:45,3047.0,338974
2021-06-17 09:37:46,3046.0,339300
2021-06-17 09:37:46,3046.0,339300
2021-06-17 09:37:48,3046.0,339301
2021-06-17 09:37:49,3046.85,339302
2021-06-17 09:37:50,3046.85,339326
2021-06-17 09:37:51,3046.0,339503
2021-06-17 09:37:52,3046.9,339805
2021-06-17 09:37:54,3046.75,339846
2021-06-17 09:37:55,3046.0,339901
2021-06-17 09:37:56,3046.0,339975
2021-06-17 09:37:57,3046.0,340087
2021-06-17 09:37:58,3046.0,340108
2021-06-17 09:37:59,3045.0,340268
2021-06-17 09:38:00,3045.0,340268
2021-06-17 09:38:00,3045.0,340333
2021-06-17 09:38:01,3045.95,340353
2021-06-17 09:38:02,3045.95,340354
2021-06-17 09:38:03,3045.75,340384
2021-06-17 09:38:05,3045.7,340417
2021-06-17 09:38:06,3045.0,340467
2021-06-17 09:38:07,3045.7,340595
2021-06-17 09:38:07,3045.7,340595
2021-06-17 09:38:08,3045.0,340760
2021-06-17 09:38:09,3045.9,340761
2021-06-17 09:38:11,3046.0,340897
2021-06-17 09:38:12,3045.75,341110
2021-06-17 09:38:13,3045.05,341270
2021-06-17 09:38:15,3046.0,341412
2021-06-17 09:38:16,3045.05,341767
2021-06-17 09:38:18,3045.05,341857
2021-06-17 09:38:19,3045.05,341857
2021-06-17 09:38:20,3045.85,341878
2021-06-17 09:38:21,3045.85,341881
2021-06-17 09:38:22,3044.95,342205
2021-06-17 09:38:23,3044.2,342305
2021-06-17 09:38:24,3045.0,342418
2021-06-17 09:38:25,3044.95,342478
2021-06-17 09:38:26,3044.0,342491
2021-06-17 09:38:26,3044.0,342491
2021-06-17 09:38:27,3044.0,342820
2021-06-17 09:38:28,3043.05,342827
2021-06-17 09:38:29,3043.05,342835
2021-06-17 09:38:30,3042.35,342900
2021-06-17 09:38:33,3043.05,343111
2021-06-17 09:38:33,3042.3,343251
2021-06-17 09:38:35,3043.0,343260
2021-06-17 09:38:36,3043.0,343363
2021-06-17 09:38:36,3042.15,343388
2021-06-17 09:38:37,3042.15,343488
2021-06-17 09:38:38,3042.15,343488
2021-06-17 09:38:39,3042.1,343523
2021-06-17 09:38:40,3043.0,343851
2021-06-17 09:38:41,3042.1,343853
2021-06-17 09:38:42,3041.8,343958
2021-06-17 09:38:43,3041.45,344058
2021-06-17 09:38:46,3042.0,344281
2021-06-17 09:38:48,3041.05,344834
2021-06-17 09:38:49,3042.0,344922
2021-06-17 09:38:50,3042.0,344962
2021-06-17 09:38:50,3042.0,344962
2021-06-17 09:38:52,3042.0,345248
2021-06-17 09:38:52,3042.0,345248
2021-06-17 09:38:53,3041.05,345253
2021-06-17 09:38:54,3040.95,345293
2021-06-17 09:38:55,3040.9,345372
2021-06-17 09:38:56,3041.0,345656
2021-06-17 09:38:57,3041.0,345656
2021-06-17 09:38:59,3042.15,345909
2021-06-17 09:39:00,3042.05,345928
2021-06-17 09:39:01,3042.05,345957
2021-06-17 09:39:03,3042.05,346273
2021-06-17 09:39:04,3042.05,346273
2021-06-17 09:39:05,3042.3,346427
2021-06-17 09:39:05,3042.3,346427
2021-06-17 09:39:06,3042.0,346564
2021-06-17 09:39:07,3042.95,347159
2021-06-17 09:39:08,3042.95,347203
2021-06-17 09:39:10,3043.05,347478
2021-06-17 09:39:10,3043.05,347478
2021-06-17 09:39:11,3043.0,347530
2021-06-17 09:39:12,3042.35,347534
2021-06-17 09:39:15,3042.35,347534
2021-06-17 09:39:16,3043.0,347546
2021-06-17 09:39:17,3043.05,347584
2021-06-17 09:39:17,3043.3,347671
2021-06-17 09:39:18,3042.95,347672
2021-06-17 09:39:19,3043.0,347699
2021-06-17 09:39:20,3042.95,347759
2021-06-17 09:39:23,3042.8,347938
2021-06-17 09:39:24,3043.0,347962
2021-06-17 09:39:25,3043.0,348026
2021-06-17 09:39:26,3042.65,348076
2021-06-17 09:39:28,3042.0,348223
2021-06-17 09:39:28,3042.0,348223
2021-06-17 09:39:29,3042.95,348278
2021-06-17 09:39:30,3041.25,348468
2021-06-17 09:39:32,3041.25,348468
2021-06-17 09:39:33,3042.7,348480
2021-06-17 09:39:34,3043.0,348481
2021-06-17 09:39:35,3043.0,348558
2021-06-17 09:39:36,3042.55,348669
2021-06-17 09:39:36,3043.0,348559
2021-06-17 09:39:37,3042.55,348674
2021-06-17 09:39:38,3043.0,348868
2021-06-17 09:39:40,3044.2,348897
2021-06-17 09:39:41,3045.1,349993
2021-06-17 09:39:42,3045.1,349993
2021-06-17 09:39:43,3045.1,349993
2021-06-17 09:39:44,3045.9,349994
2021-06-17 09:39:44,3045.65,350094
2021-06-17 09:39:45,3045.0,350248
2021-06-17 09:39:46,3045.5,350306
2021-06-17 09:39:48,3045.0,350337
2021-06-17 09:39:49,3043.6,350523
2021-06-17 09:39:50,3043.7,350545
2021-06-17 09:39:51,3043.0,350556
2021-06-17 09:39:52,3043.4,350620
2021-06-17 09:39:53,3042.5,350629
2021-06-17 09:39:54,3043.25,350919
2021-06-17 09:39:55,3043.0,350939
2021-06-17 09:39:56,3044.55,350954
2021-06-17 09:39:57,3044.55,350954
2021-06-17 09:39:58,3044.55,350954
2021-06-17 09:39:59,3043.15,350956
2021-06-17 09:40:00,3044.6,350966
2021-06-17 09:40:01,3044.75,350976
2021-06-17 09:40:02,3043.15,350987
2021-06-17 09:40:03,3044.85,351514
2021-06-17 09:40:04,3046.5,351561
2021-06-17 09:40:04,3046.5,351561
2021-06-17 09:40:06,3045.05,351596
2021-06-17 09:40:07,3045.1,351621
2021-06-17 09:40:08,3046.3,351623
2021-06-17 09:40:09,3045.8,351703
2021-06-17 09:40:10,3045.85,351713
2021-06-17 09:40:11,3045.1,351771
2021-06-17 09:40:12,3046.05,351796
2021-06-17 09:40:13,3045.1,351805
2021-06-17 09:40:14,3045.85,351912
2021-06-17 09:40:14,3045.85,351912
2021-06-17 09:40:15,3045.85,351927
2021-06-17 09:40:16,3045.35,352115
2021-06-17 09:40:17,3046.9,352129
2021-06-17 09:40:18,3045.85,352251
2021-06-17 09:40:19,3045.85,352252
2021-06-17 09:40:20,3047.0,352402
2021-06-17 09:40:22,3047.0,352514
2021-06-17 09:40:23,3046.85,352515
2021-06-17 09:40:24,3045.85,352517
2021-06-17 09:40:25,3045.85,352517
2021-06-17 09:40:26,3045.85,352524
2021-06-17 09:40:27,3047.0,352544
2021-06-17 09:40:28,3045.85,352592
2021-06-17 09:40:29,3047.0,352992
2021-06-17 09:40:30,3046.95,353101
2021-06-17 09:40:31,3045.55,353401
2021-06-17 09:40:32,3046.5,353563
2021-06-17 09:40:33,3046.5,353563
2021-06-17 09:40:34,3047.0,353614
2021-06-17 09:40:36,3047.0,353614
2021-06-17 09:40:37,3046.85,353640
2021-06-17 09:40:38,3046.85,353640
2021-06-17 09:40:39,3045.9,353757
2021-06-17 09:40:40,3045.9,353757
2021-06-17 09:40:41,3045.9,353757
2021-06-17 09:40:42,3045.9,353762
2021-06-17 09:40:43,3045.9,353792
2021-06-17 09:40:44,3045.9,353792
2021-06-17 09:40:45,3045.45,353800
2021-06-17 09:40:46,3045.45,353912
2021-06-17 09:40:47,3045.45,353949
2021-06-17 09:40:48,3045.45,354020
2021-06-17 09:40:49,3045.0,354209
2021-06-17 09:40:50,3045.55,354230
2021-06-17 09:40:51,3045.0,354231
2021-06-17 09:40:52,3045.0,354233
2021-06-17 09:40:54,3045.2,354367
2021-06-17 09:40:55,3045.0,354368
2021-06-17 09:40:56,3045.45,354556
2021-06-17 09:40:57,3045.45,354559
2021-06-17 09:40:58,3045.45,354565
2021-06-17 09:41:00,3045.0,355399
2021-06-17 09:41:01,3045.8,355409
2021-06-17 09:41:02,3045.8,355409
2021-06-17 09:41:02,3045.8,355409
2021-06-17 09:41:03,3045.2,355525
2021-06-17 09:41:04,3045.9,355601
2021-06-17 09:41:05,3045.0,355861
2021-06-17 09:41:06,3045.5,355882
2021-06-17 09:41:08,3044.8,355913
2021-06-17 09:41:09,3044.8,355913
2021-06-17 09:41:10,3045.45,355916
2021-06-17 09:41:11,3045.9,355966
2021-06-17 09:41:11,3045.9,355966
2021-06-17 09:41:13,3045.9,355992
2021-06-17 09:41:13,3045.9,355992
2021-06-17 09:41:14,3045.9,356007
2021-06-17 09:41:15,3045.2,356013
2021-06-17 09:41:17,3045.65,356366
2021-06-17 09:41:19,3043.6,356666
2021-06-17 09:41:20,3043.6,356666
2021-06-17 09:41:21,3045.1,356691
2021-06-17 09:41:22,3044.0,356692
2021-06-17 09:41:23,3044.0,356692
2021-06-17 09:41:24,3044.0,356692
2021-06-17 09:41:25,3044.0,356693
2021-06-17 09:41:26,3044.0,356709
2021-06-17 09:41:27,3044.0,356710
2021-06-17 09:41:28,3043.3,356767
2021-06-17 09:41:29,3043.3,356787
2021-06-17 09:41:30,3043.3,356787
2021-06-17 09:41:31,3043.3,356787
2021-06-17 09:41:32,3043.95,356788
2021-06-17 09:41:33,3043.4,356838
2021-06-17 09:41:34,3043.95,356893
2021-06-17 09:41:34,3043.95,356893
2021-06-17 09:41:36,3043.5,356903
2021-06-17 09:41:36,3043.5,356903
2021-06-17 09:41:37,3044.0,356941
2021-06-17 09:41:38,3043.5,356994
2021-06-17 09:41:40,3043.5,357143
2021-06-17 09:41:41,3043.5,357194
2021-06-17 09:41:42,3043.5,357196
2021-06-17 09:41:43,3044.65,357197
2021-06-17 09:41:44,3044.75,357212
2021-06-17 09:41:45,3045.0,357407
2021-06-17 09:41:46,3043.9,357422
2021-06-17 09:41:47,3043.9,357422
2021-06-17 09:41:48,3044.05,357442
2021-06-17 09:41:49,3044.05,357442
2021-06-17 09:41:50,3044.05,357442
2021-06-17 09:41:51,3044.45,357516
2021-06-17 09:41:52,3044.35,357770
2021-06-17 09:41:53,3045.75,357780
2021-06-17 09:41:54,3045.9,357841
2021-06-17 09:41:55,3044.55,357843
2021-06-17 09:41:56,3046.0,358213
2021-06-17 09:41:57,3045.85,358275
2021-06-17 09:41:58,3045.7,358325
2021-06-17 09:41:59,3045.75,358347
2021-06-17 09:42:00,3046.85,358351
2021-06-17 09:42:01,3047.0,358599
2021-06-17 09:42:02,3047.0,358972
2021-06-17 09:42:03,3047.0,358972
2021-06-17 09:42:05,3047.25,359145
2021-06-17 09:42:06,3047.9,359186
2021-06-17 09:42:07,3048.0,359410
2021-06-17 09:42:08,3048.0,359512
2021-06-17 09:42:09,3048.0,359512
2021-06-17 09:42:09,3048.0,359532
2021-06-17 09:42:10,3047.15,359551
2021-06-17 09:42:11,3048.0,359555
2021-06-17 09:42:13,3048.0,359555
2021-06-17 09:42:14,3048.0,359558
2021-06-17 09:42:15,3048.0,359630
2021-06-17 09:42:17,3048.0,359671
2021-06-17 09:42:18,3047.2,359784
2021-06-17 09:42:18,3047.2,359784
2021-06-17 09:42:20,3048.6,359949
2021-06-17 09:42:20,3047.3,360066
2021-06-17 09:42:21,3048.95,360157
2021-06-17 09:42:22,3048.0,360168
2021-06-17 09:42:23,3049.45,360496
2021-06-17 09:42:25,3049.35,360542
2021-06-17 09:42:26,3048.0,360551
2021-06-17 09:42:27,3048.0,360551
2021-06-17 09:42:29,3049.3,360892
2021-06-17 09:42:30,3048.15,360903
2021-06-17 09:42:31,3048.15,360903
2021-06-17 09:42:32,3048.15,360903
2021-06-17 09:42:33,3049.35,361020
2021-06-17 09:42:34,3049.5,361131
2021-06-17 09:42:34,3049.5,361131
2021-06-17 09:42:35,3049.5,361138
2021-06-17 09:42:36,3049.0,361355
2021-06-17 09:42:38,3048.05,361370
2021-06-17 09:42:39,3048.05,361370
2021-06-17 09:42:40,3048.0,361371
2021-06-17 09:42:41,3049.8,361617
2021-06-17 09:42:42,3049.85,361648
2021-06-17 09:42:43,3048.5,361673
2021-06-17 09:42:44,3048.5,361673
2021-06-17 09:42:45,3049.85,361776
2021-06-17 09:42:46,3048.55,361777
2021-06-17 09:42:47,3048.55,361879
2021-06-17 09:42:47,3048.55,361879
2021-06-17 09:42:49,3048.95,361903
2021-06-17 09:42:50,3048.95,361903
2021-06-17 09:42:51,3048.95,361903
2021-06-17 09:42:52,3049.95,361955
2021-06-17 09:42:53,3049.95,361960
2021-06-17 09:42:54,3049.9,362030
2021-06-17 09:42:55,3049.9,362030
2021-06-17 09:42:55,3049.9,362030
2021-06-17 09:42:57,3048.9,362031
2021-06-17 09:42:58,3049.95,362051
2021-06-17 09:42:59,3048.95,362537
2021-06-17 09:43:00,3048.85,362556
2021-06-17 09:43:01,3050.0,362666
2021-06-17 09:43:02,3049.95,362913
2021-06-17 09:43:03,3049.0,362955
2021-06-17 09:43:04,3049.95,362983
2021-06-17 09:43:05,3049.95,362983
2021-06-17 09:43:06,3049.0,363116
2021-06-17 09:43:07,3049.0,363139
2021-06-17 09:43:07,3049.95,363209
2021-06-17 09:43:09,3050.55,364850
2021-06-17 09:43:10,3052.0,364858
2021-06-17 09:43:11,3052.0,364922
2021-06-17 09:43:12,3052.0,364922
2021-06-17 09:43:13,3051.9,364959
2021-06-17 09:43:14,3053.2,366009
2021-06-17 09:43:15,3050.05,366739
2021-06-17 09:43:16,3050.3,367298
2021-06-17 09:43:16,3050.3,367301
2021-06-17 09:43:18,3050.3,367389
2021-06-17 09:43:19,3050.3,367389
2021-06-17 09:43:20,3050.3,367464
2021-06-17 09:43:21,3049.35,367519
2021-06-17 09:43:22,3050.3,367539
2021-06-17 09:43:23,3049.35,367593
2021-06-17 09:43:24,3049.35,367593
2021-06-17 09:43:25,3050.3,367793
2021-06-17 09:43:26,3050.3,367846
2021-06-17 09:43:27,3051.0,367897
2021-06-17 09:43:28,3051.0,367915
2021-06-17 09:43:29,3050.7,367953
2021-06-17 09:43:30,3052.0,367971
2021-06-17 09:43:31,3052.0,368055
2021-06-17 09:43:32,3050.85,368083
2021-06-17 09:43:33,3052.4,368120
2021-06-17 09:43:35,3052.45,368176
2021-06-17 09:43:36,3052.0,368489
2021-06-17 09:43:37,3052.0,368489
2021-06-17 09:43:38,3052.1,368492
2021-06-17 09:43:39,3050.75,368529
2021-06-17 09:43:40,3049.8,369079
2021-06-17 09:43:41,3050.0,369107
2021-06-17 09:43:42,3050.9,369266
2021-06-17 09:43:43,3051.0,369270
2021-06-17 09:43:44,3052.45,369370
2021-06-17 09:43:45,3052.45,369390
2021-06-17 09:43:46,3051.25,369424
2021-06-17 09:43:47,3052.5,369513
2021-06-17 09:43:48,3051.25,369569
2021-06-17 09:43:49,3051.25,369589
2021-06-17 09:43:50,3052.9,369819
2021-06-17 09:43:51,3051.3,369853
2021-06-17 09:43:52,3052.45,369893
2021-06-17 09:43:53,3051.3,369912
2021-06-17 09:43:54,3050.9,370324
2021-06-17 09:43:55,3051.05,370375
2021-06-17 09:43:57,3052.85,370897
2021-06-17 09:43:58,3052.0,370947
2021-06-17 09:43:59,3051.0,371167
2021-06-17 09:44:00,3052.0,371217
2021-06-17 09:44:01,3052.0,371231
2021-06-17 09:44:02,3051.0,371636
2021-06-17 09:44:03,3052.0,371714
2021-06-17 09:44:04,3052.0,371738
2021-06-17 09:44:05,3052.0,371738
2021-06-17 09:44:07,3051.55,372142
2021-06-17 09:44:08,3051.0,372176
2021-06-17 09:44:09,3051.0,372201
2021-06-17 09:44:10,3050.15,372401
2021-06-17 09:44:12,3051.0,372446
2021-06-17 09:44:13,3050.0,372656
2021-06-17 09:44:14,3051.0,372657
2021-06-17 09:44:15,3050.15,372718
2021-06-17 09:44:16,3050.95,372724
2021-06-17 09:44:17,3051.0,372756
2021-06-17 09:44:18,3051.0,372760
2021-06-17 09:44:19,3050.0,372768
2021-06-17 09:44:20,3051.0,372809
2021-06-17 09:44:21,3050.0,372819
2021-06-17 09:44:22,3050.0,372819
2021-06-17 09:44:23,3051.0,372829
2021-06-17 09:44:24,3050.0,372929
2021-06-17 09:44:25,3051.0,373762
2021-06-17 09:44:26,3051.0,373763
2021-06-17 09:44:27,3051.0,374001
2021-06-17 09:44:28,3050.45,374006
2021-06-17 09:44:29,3051.0,374099
2021-06-17 09:44:30,3051.0,374101
2021-06-17 09:44:31,3051.0,374102
2021-06-17 09:44:32,3051.0,374162
2021-06-17 09:44:33,3051.0,374500
2021-06-17 09:44:34,3051.0,374500
2021-06-17 09:44:35,3050.9,374512
2021-06-17 09:44:36,3050.15,374563
2021-06-17 09:44:39,3051.0,374819
2021-06-17 09:44:40,3051.0,374934
2021-06-17 09:44:41,3050.3,374935
2021-06-17 09:44:42,3051.0,374946
2021-06-17 09:44:43,3051.0,374954
2021-06-17 09:44:44,3051.0,374954
2021-06-17 09:44:45,3051.0,375307
2021-06-17 09:44:46,3051.0,375307
2021-06-17 09:44:47,3050.85,375316
2021-06-17 09:44:48,3051.9,375327
2021-06-17 09:44:49,3050.5,375387
2021-06-17 09:44:50,3050.5,375395
2021-06-17 09:44:51,3050.5,375395
2021-06-17 09:44:52,3051.75,375436
2021-06-17 09:44:53,3050.5,375502
2021-06-17 09:44:54,3050.5,375514
2021-06-17 09:44:55,3051.75,375617
2021-06-17 09:44:56,3051.75,375617
2021-06-17 09:44:57,3051.1,375625
2021-06-17 09:44:58,3051.1,375634
2021-06-17 09:44:59,3051.1,375634
2021-06-17 09:45:00,3051.1,375651
2021-06-17 09:45:01,3051.75,375743
2021-06-17 09:45:02,3051.8,375752
2021-06-17 09:45:04,3051.95,375877
2021-06-17 09:45:05,3051.9,376097
2021-06-17 09:45:06,3051.5,376114
2021-06-17 09:45:09,3052.0,376340
2021-06-17 09:45:10,3052.0,376640
2021-06-17 09:45:12,3051.95,376651
2021-06-17 09:45:11,3051.95,376651
2021-06-17 09:45:13,3051.9,376660
2021-06-17 09:45:14,3052.0,376818
2021-06-17 09:45:15,3052.0,376853
2021-06-17 09:45:16,3051.95,376985
2021-06-17 09:45:17,3051.95,376993
2021-06-17 09:45:18,3051.9,377229
2021-06-17 09:45:19,3051.0,377555
2021-06-17 09:45:20,3051.0,377555
2021-06-17 09:45:21,3052.0,377609
2021-06-17 09:45:22,3052.0,377611
2021-06-17 09:45:23,3052.0,377821
2021-06-17 09:45:24,3051.9,377825
2021-06-17 09:45:25,3051.9,377825
2021-06-17 09:45:26,3051.9,377938
2021-06-17 09:45:28,3052.0,378487
2021-06-17 09:45:29,3052.0,378488
2021-06-17 09:45:30,3052.0,378497
2021-06-17 09:45:31,3052.0,378576
2021-06-17 09:45:32,3052.0,378603
2021-06-17 09:45:33,3052.0,378633
2021-06-17 09:45:34,3051.8,380185
2021-06-17 09:45:36,3051.6,380197
2021-06-17 09:45:36,3051.6,380197
2021-06-17 09:45:37,3051.6,380215
2021-06-17 09:45:38,3052.5,380315
2021-06-17 09:45:39,3052.35,380338
2021-06-17 09:45:40,3052.75,380473
2021-06-17 09:45:41,3052.35,380474
2021-06-17 09:45:42,3052.35,380520
2021-06-17 09:45:43,3052.85,380552
2021-06-17 09:45:44,3052.85,380686
2021-06-17 09:45:45,3052.85,380686
2021-06-17 09:45:46,3052.35,380699
2021-06-17 09:45:47,3052.85,380709
2021-06-17 09:45:48,3052.85,380709
2021-06-17 09:45:49,3052.85,380709
2021-06-17 09:45:50,3052.35,380718
2021-06-17 09:45:52,3052.5,380838
2021-06-17 09:45:51,3052.5,380793
2021-06-17 09:45:53,3052.85,380966
2021-06-17 09:45:54,3052.9,381019
2021-06-17 09:45:55,3052.9,381019
2021-06-17 09:45:56,3052.9,381040
2021-06-17 09:45:57,3052.85,381274
2021-06-17 09:45:58,3053.0,381310
2021-06-17 09:46:00,3052.9,381320
2021-06-17 09:46:01,3052.6,381453
2021-06-17 09:46:01,3052.6,381463
2021-06-17 09:46:03,3052.0,381717
2021-06-17 09:46:04,3052.0,381757
2021-06-17 09:46:05,3052.0,381853
2021-06-17 09:46:06,3052.0,381924
2021-06-17 09:46:07,3052.0,381985
2021-06-17 09:46:08,3052.0,382005
2021-06-17 09:46:10,3052.0,382005
2021-06-17 09:46:10,3053.2,382959
2021-06-17 09:46:11,3052.6,382976
2021-06-17 09:46:12,3053.2,382978
2021-06-17 09:46:13,3054.0,383818
2021-06-17 09:46:14,3052.4,384228
2021-06-17 09:46:15,3052.95,384244
2021-06-17 09:46:16,3052.95,384244
2021-06-17 09:46:17,3052.9,384246
2021-06-17 09:46:18,3052.9,384511
2021-06-17 09:46:19,3053.2,385178
2021-06-17 09:46:20,3054.95,385290
2021-06-17 09:46:21,3054.75,385445
2021-06-17 09:46:22,3054.6,385479
2021-06-17 09:46:23,3054.8,385705
2021-06-17 09:46:25,3054.9,385712
2021-06-17 09:46:25,3054.95,385713
2021-06-17 09:46:26,3054.7,386005
2021-06-17 09:46:27,3053.3,386388
2021-06-17 09:46:28,3054.8,386391
2021-06-17 09:46:29,3054.9,386441
2021-06-17 09:46:31,3053.5,386700
2021-06-17 09:46:32,3054.9,386705
2021-06-17 09:46:33,3054.75,386719
2021-06-17 09:46:35,3054.9,387530
2021-06-17 09:46:37,3055.0,387649
2021-06-17 09:46:37,3054.0,387659
2021-06-17 09:46:38,3055.0,387717
2021-06-17 09:46:39,3054.0,388385
2021-06-17 09:46:40,3055.0,388661
2021-06-17 09:46:41,3055.0,388662
2021-06-17 09:46:42,3054.9,388986
2021-06-17 09:46:43,3054.9,389092
2021-06-17 09:46:44,3055.0,389212
2021-06-17 09:46:45,3054.95,389250
2021-06-17 09:46:46,3054.95,389279
2021-06-17 09:46:47,3053.55,389760
2021-06-17 09:46:48,3054.95,389802
2021-06-17 09:46:49,3054.9,390065
2021-06-17 09:46:50,3053.5,390068
2021-06-17 09:46:51,3054.5,390206
2021-06-17 09:46:52,3054.5,390210
2021-06-17 09:46:53,3054.0,390251
2021-06-17 09:46:54,3054.45,390259
2021-06-17 09:46:55,3054.0,390478
2021-06-17 09:46:56,3055.0,390598
2021-06-17 09:46:57,3055.05,393810
2021-06-17 09:46:58,3056.0,394208
2021-06-17 09:46:59,3055.5,394226
2021-06-17 09:47:00,3056.4,394584
2021-06-17 09:47:01,3055.5,394615
2021-06-17 09:47:03,3054.7,395165
2021-06-17 09:47:04,3055.0,395334
2021-06-17 09:47:05,3055.0,395550
2021-06-17 09:47:06,3056.25,396005
2021-06-17 09:47:07,3056.3,396056
2021-06-17 09:47:09,3056.0,396086
2021-06-17 09:47:10,3055.45,396285
2021-06-17 09:47:11,3055.0,396919
2021-06-17 09:47:12,3056.55,397200
2021-06-17 09:47:13,3055.45,397228
2021-06-17 09:47:14,3056.6,397229
2021-06-17 09:47:15,3055.8,397317
2021-06-17 09:47:16,3055.8,397477
2021-06-17 09:47:18,3055.1,397683
2021-06-17 09:47:19,3054.0,398480
2021-06-17 09:47:20,3056.0,398526
2021-06-17 09:47:22,3056.0,398690
2021-06-17 09:47:23,3056.0,398732
2021-06-17 09:47:23,3055.35,398819
2021-06-17 09:47:26,3056.0,398970
2021-06-17 09:47:28,3056.0,399041
2021-06-17 09:47:29,3056.0,399103
2021-06-17 09:47:30,3056.55,399395
2021-06-17 09:47:30,3056.6,399445
2021-06-17 09:47:31,3056.6,399600
2021-06-17 09:47:32,3056.65,399749
2021-06-17 09:47:33,3055.8,399885
2021-06-17 09:47:34,3056.6,399901
2021-06-17 09:47:35,3056.9,400132
2021-06-17 09:47:36,3056.65,400255
2021-06-17 09:47:37,3056.0,400315
2021-06-17 09:47:38,3055.1,400485
2021-06-17 09:47:40,3055.1,400719
2021-06-17 09:47:41,3054.85,403333
2021-06-17 09:47:42,3055.0,403437
2021-06-17 09:47:43,3055.9,403457
2021-06-17 09:47:44,3055.1,403479
2021-06-17 09:47:44,3055.1,403479
2021-06-17 09:47:45,3055.1,403543
2021-06-17 09:47:46,3055.0,403544
2021-06-17 09:47:47,3054.0,403760
2021-06-17 09:47:48,3055.0,403815
2021-06-17 09:47:49,3054.0,403982
2021-06-17 09:47:50,3055.0,403987
2021-06-17 09:47:51,3055.0,404027
2021-06-17 09:47:52,3054.0,404107
2021-06-17 09:47:53,3054.45,404578
2021-06-17 09:47:54,3054.0,404589
2021-06-17 09:47:55,3054.0,404601
2021-06-17 09:47:56,3054.3,404764
2021-06-17 09:47:57,3054.3,404764
2021-06-17 09:47:58,3054.3,404845
2021-06-17 09:48:00,3054.35,404887
2021-06-17 09:48:01,3054.0,405038
2021-06-17 09:48:02,3054.0,405260
2021-06-17 09:48:03,3054.0,405260
2021-06-17 09:48:04,3053.0,405303
2021-06-17 09:48:05,3054.45,405420
2021-06-17 09:48:06,3053.0,405634
2021-06-17 09:48:08,3053.0,406335
2021-06-17 09:48:09,3051.3,406791
2021-06-17 09:48:10,3051.15,406935
2021-06-17 09:48:11,3053.0,406970
2021-06-17 09:48:12,3053.2,406995
2021-06-17 09:48:12,3053.2,406995
2021-06-17 09:48:13,3053.2,407095
2021-06-17 09:48:14,3053.0,407172
2021-06-17 09:48:15,3053.0,407196
2021-06-17 09:48:16,3053.0,407326
2021-06-17 09:48:17,3051.7,407396
2021-06-17 09:48:19,3053.0,407431
2021-06-17 09:48:20,3053.0,407431
2021-06-17 09:48:20,3052.6,407499
2021-06-17 09:48:22,3053.0,407533
2021-06-17 09:48:23,3053.0,407546
2021-06-17 09:48:24,3051.35,407604
2021-06-17 09:48:25,3053.0,407619
2021-06-17 09:48:25,3053.0,407619
2021-06-17 09:48:26,3053.0,407619
2021-06-17 09:48:27,3051.65,407734
2021-06-17 09:48:28,3051.65,407751
2021-06-17 09:48:32,3051.65,407924
2021-06-17 09:48:33,3051.65,407940
2021-06-17 09:48:34,3051.6,407991
2021-06-17 09:48:34,3051.6,407991
2021-06-17 09:48:35,3051.15,408010
2021-06-17 09:48:36,3051.6,408103
2021-06-17 09:48:37,3051.25,408258
2021-06-17 09:48:38,3052.8,408400
2021-06-17 09:48:39,3052.8,408400
2021-06-17 09:48:40,3052.8,408422
2021-06-17 09:48:41,3052.9,408450
2021-06-17 09:48:42,3052.75,408591
2021-06-17 09:48:43,3052.9,408592
2021-06-17 09:48:45,3052.9,408592
2021-06-17 09:48:46,3052.9,408597
2021-06-17 09:48:46,3052.9,408605
2021-06-17 09:48:47,3052.9,408605
2021-06-17 09:48:48,3051.15,408660
2021-06-17 09:48:49,3051.15,408660
2021-06-17 09:48:50,3052.9,408675
2021-06-17 09:48:51,3052.8,408780
2021-06-17 09:48:52,3052.0,408787
2021-06-17 09:48:54,3051.65,409055
2021-06-17 09:48:55,3052.75,409086
2021-06-17 09:48:56,3052.75,409086
2021-06-17 09:48:57,3052.75,409096
2021-06-17 09:48:58,3052.0,409170
2021-06-17 09:49:00,3052.0,409225
2021-06-17 09:49:00,3051.6,409256
2021-06-17 09:49:02,3051.6,409266
2021-06-17 09:49:03,3052.0,409274
2021-06-17 09:49:04,3052.0,409355
2021-06-17 09:49:04,3051.6,409350
2021-06-17 09:49:05,3052.0,409362
2021-06-17 09:49:06,3052.0,409362
2021-06-17 09:49:07,3052.0,409383
2021-06-17 09:49:08,3052.0,409383
2021-06-17 09:49:09,3051.6,409451
2021-06-17 09:49:10,3052.4,409472
2021-06-17 09:49:11,3052.0,409474
2021-06-17 09:49:12,3052.0,409516
2021-06-17 09:49:13,3052.0,409516
2021-06-17 09:49:14,3052.7,409607
2021-06-17 09:49:15,3052.15,409759
2021-06-17 09:49:16,3053.0,409885
2021-06-17 09:49:17,3053.0,409885
2021-06-17 09:49:18,3053.0,409885
2021-06-17 09:49:20,3053.0,409885
2021-06-17 09:49:21,3053.0,409915
2021-06-17 09:49:22,3052.35,409916
2021-06-17 09:49:23,3053.0,409924
2021-06-17 09:49:24,3052.35,409929
2021-06-17 09:49:25,3052.7,409989
2021-06-17 09:49:26,3053.0,410069
2021-06-17 09:49:26,3052.7,410079
2021-06-17 09:49:27,3052.7,410330
2021-06-17 09:49:29,3052.35,410481
2021-06-17 09:49:30,3052.35,410498
2021-06-17 09:49:31,3053.0,410508
2021-06-17 09:49:32,3053.0,410537
2021-06-17 09:49:34,3052.0,411223
2021-06-17 09:49:35,3052.0,411233
2021-06-17 09:49:36,3053.0,411359
2021-06-17 09:49:37,3053.0,411525
2021-06-17 09:49:38,3053.0,411550
2021-06-17 09:49:38,3053.0,411553
2021-06-17 09:49:39,3053.0,411565
2021-06-17 09:49:40,3052.05,411567
2021-06-17 09:49:41,3053.0,411629
2021-06-17 09:49:43,3052.0,411929
2021-06-17 09:49:44,3052.0,411929
2021-06-17 09:49:45,3053.0,411949
2021-06-17 09:49:46,3052.95,411976
2021-06-17 09:49:47,3052.95,412035
2021-06-17 09:49:47,3052.95,412035
2021-06-17 09:49:48,3050.75,414452
2021-06-17 09:49:49,3050.75,414452
2021-06-17 09:49:50,3050.0,414470
2021-06-17 09:49:51,3050.0,414495
2021-06-17 09:49:53,3049.6,414818
2021-06-17 09:49:54,3048.7,414974
2021-06-17 09:49:55,3048.05,415025
2021-06-17 09:49:56,3048.05,415025
2021-06-17 09:49:58,3047.8,415295
2021-06-17 09:49:59,3047.8,415314
2021-06-17 09:50:01,3049.2,415963
2021-06-17 09:50:02,3047.85,415964
2021-06-17 09:50:02,3049.65,415978
2021-06-17 09:50:03,3049.75,416000
2021-06-17 09:50:04,3049.75,416000
2021-06-17 09:50:05,3049.75,416000
2021-06-17 09:50:06,3049.8,416049
2021-06-17 09:50:07,3051.25,416059
2021-06-17 09:50:08,3048.55,416274
2021-06-17 09:50:09,3049.75,416294
2021-06-17 09:50:10,3049.25,416296
2021-06-17 09:50:12,3047.6,416600
2021-06-17 09:50:13,3048.0,416957
2021-06-17 09:50:14,3048.0,416975
2021-06-17 09:50:15,3048.3,417228
2021-06-17 09:50:16,3046.75,417311
2021-06-17 09:50:16,3046.75,417311
2021-06-17 09:50:17,3048.4,417315
2021-06-17 09:50:19,3048.45,417317
2021-06-17 09:50:20,3048.55,417358
2021-06-17 09:50:21,3047.0,417390
2021-06-17 09:50:22,3047.0,417420
2021-06-17 09:50:23,3049.0,417766
2021-06-17 09:50:24,3049.0,417781
2021-06-17 09:50:25,3047.8,417782
2021-06-17 09:50:26,3048.5,417783
2021-06-17 09:50:27,3048.5,417783
2021-06-17 09:50:29,3048.75,417985
2021-06-17 09:50:30,3047.4,417994
2021-06-17 09:50:31,3047.4,417994
2021-06-17 09:50:32,3048.8,418044
2021-06-17 09:50:33,3047.4,418047
2021-06-17 09:50:33,3047.4,418047
2021-06-17 09:50:34,3048.0,418057
2021-06-17 09:50:35,3047.45,418072
2021-06-17 09:50:36,3049.9,418232
2021-06-17 09:50:37,3049.6,418296
2021-06-17 09:50:39,3049.9,418349
2021-06-17 09:50:41,3048.65,418449
2021-06-17 09:50:42,3048.15,418614
2021-06-17 09:50:43,3049.6,418625
2021-06-17 09:50:43,3049.6,418625
2021-06-17 09:50:44,3049.6,418635
2021-06-17 09:50:45,3049.6,418635
2021-06-17 09:50:48,3048.8,418848
2021-06-17 09:50:49,3048.4,418860
2021-06-17 09:50:49,3048.8,418861
2021-06-17 09:50:51,3048.4,418914
2021-06-17 09:50:52,3048.0,418927
2021-06-17 09:50:52,3048.0,418927
2021-06-17 09:50:53,3048.0,418959
2021-06-17 09:50:54,3047.5,419153
2021-06-17 09:50:55,3047.5,419153
2021-06-17 09:50:56,3048.4,419179
2021-06-17 09:50:57,3048.4,419185
2021-06-17 09:50:58,3047.55,419200
2021-06-17 09:51:00,3048.4,419525
2021-06-17 09:51:01,3048.0,419527
2021-06-17 09:51:02,3048.4,419536
2021-06-17 09:51:03,3048.4,419571
2021-06-17 09:51:03,3048.4,419571
2021-06-17 09:51:04,3048.4,419676
2021-06-17 09:51:05,3048.4,419700
2021-06-17 09:51:06,3048.4,419700
2021-06-17 09:51:07,3048.8,419733
2021-06-17 09:51:08,3048.8,419733
2021-06-17 09:51:10,3048.35,419773
2021-06-17 09:51:11,3048.35,419777
2021-06-17 09:51:12,3048.8,419791
2021-06-17 09:51:16,3048.35,419887
2021-06-17 09:51:18,3048.0,419922
2021-06-17 09:51:20,3048.0,419996
2021-06-17 09:51:21,3048.45,420081
2021-06-17 09:51:22,3048.45,420082
2021-06-17 09:51:23,3048.0,420123
2021-06-17 09:51:23,3048.0,420123
2021-06-17 09:51:24,3048.45,420175
2021-06-17 09:51:26,3048.0,420195
2021-06-17 09:51:27,3048.0,420215
2021-06-17 09:51:28,3048.0,420277
2021-06-17 09:51:28,3048.0,420277
2021-06-17 09:51:29,3048.0,420287
2021-06-17 09:51:30,3048.0,420290
2021-06-17 09:51:31,3048.0,420290
2021-06-17 09:51:33,3048.0,420290
2021-06-17 09:51:34,3047.7,420739
2021-06-17 09:51:35,3047.6,420742
2021-06-17 09:51:36,3048.5,420852
2021-06-17 09:51:37,3047.6,420866
2021-06-17 09:51:38,3047.1,420986
2021-06-17 09:51:38,3047.1,420986
2021-06-17 09:51:39,3047.6,421073
2021-06-17 09:51:41,3048.0,421123
2021-06-17 09:51:42,3048.0,421123
2021-06-17 09:51:46,3048.45,421709
2021-06-17 09:51:47,3048.5,421738
2021-06-17 09:51:48,3048.55,421937
2021-06-17 09:51:51,3047.3,421983
2021-06-17 09:51:52,3048.0,421988
2021-06-17 09:51:53,3047.35,422000
2021-06-17 09:51:55,3047.35,422037
2021-06-17 09:51:56,3048.0,422142
2021-06-17 09:51:57,3048.0,422150
2021-06-17 09:51:58,3048.0,422150
2021-06-17 09:51:59,3048.0,422150
2021-06-17 09:52:00,3048.0,422197
2021-06-17 09:52:01,3048.5,422363
2021-06-17 09:52:02,3049.0,422612
2021-06-17 09:52:02,3049.0,422612
2021-06-17 09:52:03,3049.0,422612
2021-06-17 09:52:04,3048.9,422614
2021-06-17 09:52:05,3048.9,422615
2021-06-17 09:52:06,3048.9,422615
2021-06-17 09:52:07,3048.9,422615
2021-06-17 09:52:09,3048.85,422620
2021-06-17 09:52:10,3048.0,422625
2021-06-17 09:52:11,3048.0,422625
2021-06-17 09:52:13,3048.2,423113
2021-06-17 09:52:14,3048.0,423196
2021-06-17 09:52:15,3047.0,423217
2021-06-17 09:52:15,3047.0,423236
2021-06-17 09:52:16,3047.9,423454
2021-06-17 09:52:17,3047.2,423469
2021-06-17 09:52:19,3047.4,423677
2021-06-17 09:52:20,3047.35,423682
2021-06-17 09:52:21,3047.35,423682
2021-06-17 09:52:22,3048.65,423715
2021-06-17 09:52:23,3047.3,423731
2021-06-17 09:52:24,3048.0,423756
2021-06-17 09:52:25,3048.0,423756
2021-06-17 09:52:26,3048.0,423756
2021-06-17 09:52:27,3047.25,423770
2021-06-17 09:52:29,3048.0,423858
2021-06-17 09:52:30,3048.0,423858
2021-06-17 09:52:31,3047.95,423869
2021-06-17 09:52:32,3047.85,423901
2021-06-17 09:52:33,3047.85,423903
2021-06-17 09:52:34,3047.25,423906
2021-06-17 09:52:35,3047.25,423956
2021-06-17 09:52:36,3047.0,424462
2021-06-17 09:52:37,3047.0,424490
2021-06-17 09:52:38,3047.9,424500
2021-06-17 09:52:39,3047.9,424500
2021-06-17 09:52:40,3047.9,424500
2021-06-17 09:52:41,3047.0,424800
2021-06-17 09:52:42,3047.85,424845
2021-06-17 09:52:43,3047.85,424845
2021-06-17 09:52:44,3047.85,424845
2021-06-17 09:52:45,3047.25,425638
2021-06-17 09:52:45,3046.0,425803
2021-06-17 09:52:46,3046.0,425869
2021-06-17 09:52:47,3047.0,425925
2021-06-17 09:52:48,3047.0,425925
2021-06-17 09:52:49,3046.0,425929
2021-06-17 09:52:50,3046.0,425937
2021-06-17 09:52:51,3047.0,426059
2021-06-17 09:52:52,3047.0,426064
2021-06-17 09:52:54,3047.0,426066
2021-06-17 09:52:55,3046.95,426115
2021-06-17 09:52:56,3046.0,426143
2021-06-17 09:52:58,3046.95,426163
2021-06-17 09:52:59,3046.95,426215
2021-06-17 09:52:59,3046.05,426217
2021-06-17 09:53:01,3046.0,426333
2021-06-17 09:53:02,3046.0,426368
2021-06-17 09:53:03,3046.0,426423
2021-06-17 09:53:05,3046.0,426539
2021-06-17 09:53:08,3046.0,426674
2021-06-17 09:53:09,3046.0,426674
2021-06-17 09:53:10,3047.0,426802
2021-06-17 09:53:11,3046.0,426853
2021-06-17 09:53:12,3046.0,426853
2021-06-17 09:53:13,3047.0,426863
2021-06-17 09:53:14,3046.0,427376
2021-06-17 09:53:15,3046.7,427397
2021-06-17 09:53:16,3047.0,427923
2021-06-17 09:53:16,3047.0,427923
2021-06-17 09:53:18,3046.0,427973
2021-06-17 09:53:19,3046.0,427973
2021-06-17 09:53:20,3046.0,427973
2021-06-17 09:53:22,3046.0,427987
2021-06-17 09:53:23,3046.9,427989
2021-06-17 09:53:24,3046.9,427990
2021-06-17 09:53:25,3047.0,428092
2021-06-17 09:53:25,3047.0,428102
2021-06-17 09:53:27,3046.05,428302
2021-06-17 09:53:28,3046.05,428313
2021-06-17 09:53:29,3046.5,428381
2021-06-17 09:53:30,3046.5,428387
2021-06-17 09:53:31,3046.05,428392
2021-06-17 09:53:33,3046.05,428504
2021-06-17 09:53:34,3046.5,428531
2021-06-17 09:53:35,3046.5,428531
2021-06-17 09:53:36,3046.0,429052
2021-06-17 09:53:37,3046.0,429052
2021-06-17 09:53:38,3046.0,429052
2021-06-17 09:53:41,3047.0,429507
2021-06-17 09:53:42,3047.0,429507
2021-06-17 09:53:43,3046.1,429627
2021-06-17 09:53:44,3046.0,430006
2021-06-17 09:53:45,3045.75,430563
2021-06-17 09:53:46,3045.35,430773
2021-06-17 09:53:47,3045.35,430787
2021-06-17 09:53:47,3045.35,430787
2021-06-17 09:53:48,3045.35,430789
2021-06-17 09:53:50,3046.0,430810
2021-06-17 09:53:51,3046.15,431067
2021-06-17 09:53:52,3046.15,431067
2021-06-17 09:53:53,3045.1,431082
2021-06-17 09:53:54,3045.1,431082
2021-06-17 09:53:55,3045.1,431082
2021-06-17 09:53:57,3045.35,431114
2021-06-17 09:53:58,3045.35,431140
2021-06-17 09:53:59,3045.35,431140
2021-06-17 09:54:00,3045.35,431140
2021-06-17 09:54:01,3046.1,431190
2021-06-17 09:54:02,3046.1,431190
2021-06-17 09:54:03,3045.35,431226
2021-06-17 09:54:04,3045.5,431230
2021-06-17 09:54:05,3046.1,431242
2021-06-17 09:54:07,3046.1,431252
2021-06-17 09:54:06,3046.1,431252
2021-06-17 09:54:08,3045.35,431283
2021-06-17 09:54:09,3045.95,431360
2021-06-17 09:54:10,3045.05,431363
2021-06-17 09:54:11,3045.05,431363
2021-06-17 09:54:12,3045.15,431372
2021-06-17 09:54:13,3045.15,431372
2021-06-17 09:54:14,3045.85,431442
2021-06-17 09:54:16,3046.5,431927
2021-06-17 09:54:17,3045.85,431963
2021-06-17 09:54:18,3045.85,431963
2021-06-17 09:54:19,3045.85,432014
2021-06-17 09:54:20,3045.05,432337
2021-06-17 09:54:21,3045.85,432937
2021-06-17 09:54:22,3046.05,433257
2021-06-17 09:54:23,3046.05,433257
2021-06-17 09:54:25,3045.35,433272
2021-06-17 09:54:26,3045.45,433275
2021-06-17 09:54:27,3045.45,433276
2021-06-17 09:54:28,3045.45,433286
2021-06-17 09:54:29,3045.45,433286
2021-06-17 09:54:31,3046.0,433495
2021-06-17 09:54:32,3045.45,433802
2021-06-17 09:54:33,3045.45,433802
2021-06-17 09:54:34,3045.45,434211
2021-06-17 09:54:35,3045.95,434222
2021-06-17 09:54:36,3045.95,434223
2021-06-17 09:54:38,3045.5,434257
2021-06-17 09:54:37,3045.5,434257
2021-06-17 09:54:39,3045.5,434312
2021-06-17 09:54:40,3045.5,434378
2021-06-17 09:54:41,3045.5,434406
2021-06-17 09:54:42,3045.5,434426
2021-06-17 09:54:43,3045.5,434439
2021-06-17 09:54:44,3045.0,434589
2021-06-17 09:54:45,3045.55,434622
2021-06-17 09:54:46,3045.0,434642
2021-06-17 09:54:48,3046.0,434734
2021-06-17 09:54:49,3046.0,434739
2021-06-17 09:54:50,3046.0,434739
2021-06-17 09:54:51,3045.55,434740
2021-06-17 09:54:52,3045.0,434759
2021-06-17 09:54:53,3045.0,434759
2021-06-17 09:54:54,3045.0,434800
2021-06-17 09:54:55,3045.55,434815
2021-06-17 09:54:56,3046.0,434840
2021-06-17 09:54:57,3046.0,434840
2021-06-17 09:54:58,3046.0,434846
2021-06-17 09:54:59,3046.0,434876
2021-06-17 09:55:00,3045.05,434892
2021-06-17 09:55:01,3045.0,435458
2021-06-17 09:55:02,3046.0,435459
2021-06-17 09:55:03,3046.0,435459
2021-06-17 09:55:04,3046.0,435459
2021-06-17 09:55:05,3045.0,435463
2021-06-17 09:55:06,3046.0,435572
2021-06-17 09:55:07,3045.0,435577
2021-06-17 09:55:08,3045.0,435577
2021-06-17 09:55:09,3045.2,435580
2021-06-17 09:55:10,3045.2,435580
2021-06-17 09:55:11,3046.0,435598
2021-06-17 09:55:12,3046.0,435898
2021-06-17 09:55:13,3045.0,436917
2021-06-17 09:55:14,3045.0,436984
2021-06-17 09:55:15,3045.0,436984
2021-06-17 09:55:16,3046.0,437004
2021-06-17 09:55:18,3045.2,437024
2021-06-17 09:55:17,3045.2,437024
2021-06-17 09:55:19,3045.2,437032
2021-06-17 09:55:20,3045.2,437200
2021-06-17 09:55:21,3045.0,437235
2021-06-17 09:55:22,3045.0,437238
2021-06-17 09:55:23,3044.5,438184
2021-06-17 09:55:24,3045.45,438191
2021-06-17 09:55:25,3045.45,438191
2021-06-17 09:55:26,3045.0,438795
2021-06-17 09:55:27,3045.0,438813
2021-06-17 09:55:28,3044.0,438821
2021-06-17 09:55:29,3045.0,438847
2021-06-17 09:55:30,3044.0,438957
2021-06-17 09:55:31,3044.1,438962
2021-06-17 09:55:32,3045.0,439012
2021-06-17 09:55:33,3045.0,439019
2021-06-17 09:55:34,3044.0,439049
2021-06-17 09:55:35,3044.1,439050
2021-06-17 09:55:36,3044.1,439050
2021-06-17 09:55:37,3045.0,439130
2021-06-17 09:55:38,3045.0,439828
2021-06-17 09:55:39,3044.0,440139
2021-06-17 09:55:40,3044.05,440240
2021-06-17 09:55:41,3044.1,440250
2021-06-17 09:55:42,3044.1,440250
2021-06-17 09:55:43,3044.95,440264
2021-06-17 09:55:44,3045.0,440370
2021-06-17 09:55:45,3044.05,440400
2021-06-17 09:55:46,3045.0,440432
2021-06-17 09:55:47,3044.05,440452
2021-06-17 09:55:48,3045.0,440468
2021-06-17 09:55:49,3045.0,440523
2021-06-17 09:55:50,3044.05,440628
2021-06-17 09:55:51,3044.1,440648
2021-06-17 09:55:52,3044.1,440668
2021-06-17 09:55:53,3045.0,440671
2021-06-17 09:55:54,3044.0,441021
2021-06-17 09:55:55,3044.0,441121
2021-06-17 09:55:56,3044.0,441121
2021-06-17 09:55:57,3045.0,441122
2021-06-17 09:55:58,3045.0,441134
2021-06-17 09:55:59,3045.0,441139
2021-06-17 09:56:00,3044.05,441201
2021-06-17 09:56:01,3044.05,441213
2021-06-17 09:56:02,3044.05,441213
2021-06-17 09:56:03,3045.0,441222
2021-06-17 09:56:04,3044.15,441261
2021-06-17 09:56:05,3045.0,441281
2021-06-17 09:56:06,3044.95,441343
2021-06-17 09:56:07,3044.95,441390
2021-06-17 09:56:08,3044.95,441390
2021-06-17 09:56:09,3044.95,441390
2021-06-17 09:56:11,3044.1,441394
2021-06-17 09:56:12,3044.0,441795
2021-06-17 09:56:12,3044.0,441795
2021-06-17 09:56:13,3043.75,442046
2021-06-17 09:56:14,3043.95,442162
2021-06-17 09:56:15,3043.7,442576
2021-06-17 09:56:16,3043.5,442634
2021-06-17 09:56:17,3043.5,442649
2021-06-17 09:56:18,3043.5,442994
2021-06-17 09:56:20,3043.5,442998
2021-06-17 09:56:21,3043.5,442998
2021-06-17 09:56:21,3043.5,443013
2021-06-17 09:56:23,3043.7,443018
2021-06-17 09:56:23,3043.7,443018
2021-06-17 09:56:24,3042.2,443586
2021-06-17 09:56:25,3042.2,443586
2021-06-17 09:56:26,3043.05,443689
2021-06-17 09:56:27,3042.2,443702
2021-06-17 09:56:28,3042.2,443840
2021-06-17 09:56:29,3043.15,443858
2021-06-17 09:56:30,3042.2,444078
2021-06-17 09:56:32,3042.2,444082
2021-06-17 09:56:34,3042.3,444232
2021-06-17 09:56:35,3042.3,444252
2021-06-17 09:56:35,3042.3,444456
2021-06-17 09:56:37,3042.3,444511
2021-06-17 09:56:38,3042.3,444611
2021-06-17 09:56:38,3043.0,444677
2021-06-17 09:56:39,3043.0,444677
2021-06-17 09:56:40,3043.0,444677
2021-06-17 09:56:41,3043.0,444769
2021-06-17 09:56:42,3042.0,444772
2021-06-17 09:56:43,3042.0,444982
2021-06-17 09:56:44,3043.2,444992
2021-06-17 09:56:45,3043.0,445193
2021-06-17 09:56:46,3043.5,446474
2021-06-17 09:56:47,3043.0,446477
2021-06-17 09:56:48,3042.55,446526
2021-06-17 09:56:49,3042.55,446526
2021-06-17 09:56:50,3042.4,446576
2021-06-17 09:56:51,3043.0,446645
2021-06-17 09:56:52,3043.0,446655
2021-06-17 09:56:53,3043.5,446658
2021-06-17 09:56:54,3043.5,446693
2021-06-17 09:56:55,3043.5,446693
2021-06-17 09:56:56,3043.0,446757
2021-06-17 09:56:57,3043.5,447175
2021-06-17 09:56:58,3044.95,447185
2021-06-17 09:56:59,3044.95,447187
2021-06-17 09:57:00,3044.95,447204
2021-06-17 09:57:01,3044.95,447204
2021-06-17 09:57:02,3045.0,447334
2021-06-17 09:57:03,3045.0,447334
2021-06-17 09:57:04,3043.75,447456
2021-06-17 09:57:05,3045.0,447556
2021-06-17 09:57:07,3045.0,447557
2021-06-17 09:57:07,3045.0,447557
2021-06-17 09:57:08,3043.75,447594
2021-06-17 09:57:09,3043.75,447594
2021-06-17 09:57:10,3043.75,447739
2021-06-17 09:57:11,3045.0,447755
2021-06-17 09:57:12,3043.8,447762
2021-06-17 09:57:13,3043.8,447829
2021-06-17 09:57:14,3045.0,447855
2021-06-17 09:57:15,3044.0,447856
2021-06-17 09:57:16,3044.05,447877
2021-06-17 09:57:18,3045.0,447878
2021-06-17 09:57:19,3045.0,447878
2021-06-17 09:57:20,3044.1,447901
2021-06-17 09:57:21,3044.05,447951
2021-06-17 09:57:22,3045.0,447952
2021-06-17 09:57:23,3045.0,447953
2021-06-17 09:57:25,3045.0,448379
2021-06-17 09:57:26,3045.0,448380
2021-06-17 09:57:27,3045.95,448425
2021-06-17 09:57:28,3047.0,448709
2021-06-17 09:57:29,3046.0,448744
2021-06-17 09:57:30,3047.0,448765
2021-06-17 09:57:31,3047.0,448765
2021-06-17 09:57:32,3046.0,448775
2021-06-17 09:57:33,3046.0,448809
2021-06-17 09:57:34,3046.0,448834
2021-06-17 09:57:35,3047.0,449038
2021-06-17 09:57:36,3047.0,449038
2021-06-17 09:57:38,3047.0,449145
2021-06-17 09:57:39,3047.0,449145
2021-06-17 09:57:40,3047.0,449176
2021-06-17 09:57:41,3047.0,449191
2021-06-17 09:57:42,3046.05,449195
2021-06-17 09:57:43,3047.0,449196
2021-06-17 09:57:44,3047.0,449196
2021-06-17 09:57:45,3046.9,449472
2021-06-17 09:57:47,3047.0,449615
2021-06-17 09:57:48,3047.0,449650
2021-06-17 09:57:50,3046.1,449654
2021-06-17 09:57:50,3047.0,449659
2021-06-17 09:57:51,3047.0,449662
2021-06-17 09:57:53,3047.0,449666
2021-06-17 09:57:52,3047.0,449662
2021-06-17 09:57:54,3048.2,450522
2021-06-17 09:57:55,3048.5,450526
2021-06-17 09:57:56,3047.05,450666
2021-06-17 09:57:57,3047.05,450666
2021-06-17 09:57:58,3047.1,450985
2021-06-17 09:57:59,3048.15,451006
2021-06-17 09:58:00,3048.6,451075
2021-06-17 09:58:01,3048.6,451075
2021-06-17 09:58:02,3048.65,451125
2021-06-17 09:58:03,3048.8,451225
2021-06-17 09:58:04,3048.8,451245
2021-06-17 09:58:07,3047.55,451428
2021-06-17 09:58:08,3048.95,451453
2021-06-17 09:58:09,3047.65,451473
2021-06-17 09:58:10,3049.2,451646
2021-06-17 09:58:12,3049.0,451996
2021-06-17 09:58:14,3047.85,452012
2021-06-17 09:58:14,3047.85,452012
2021-06-17 09:58:15,3047.85,452012
2021-06-17 09:58:16,3047.5,452428
2021-06-17 09:58:17,3048.6,452431
2021-06-17 09:58:19,3048.75,452485
2021-06-17 09:58:19,3048.95,452580
2021-06-17 09:58:20,3047.5,452638
2021-06-17 09:58:21,3048.85,452723
2021-06-17 09:58:23,3049.0,452774
2021-06-17 09:58:23,3048.4,452775
2021-06-17 09:58:24,3048.4,452775
2021-06-17 09:58:25,3049.2,452826
2021-06-17 09:58:26,3049.2,452850
2021-06-17 09:58:28,3049.2,452861
2021-06-17 09:58:30,3048.4,452884
2021-06-17 09:58:30,3049.0,452893
2021-06-17 09:58:31,3048.95,452900
2021-06-17 09:58:33,3049.0,452941
2021-06-17 09:58:33,3048.4,452931
2021-06-17 09:58:34,3048.4,452971
2021-06-17 09:58:35,3048.4,452982
2021-06-17 09:58:36,3046.5,453655
2021-06-17 09:58:38,3046.5,453655
2021-06-17 09:58:38,3046.5,453655
2021-06-17 09:58:39,3045.15,453686
2021-06-17 09:58:40,3045.15,453749
2021-06-17 09:58:42,3046.5,453759
2021-06-17 09:58:42,3046.45,453779
2021-06-17 09:58:43,3046.45,453779
2021-06-17 09:58:44,3046.5,453805
2021-06-17 09:58:45,3046.5,453805
2021-06-17 09:58:46,3045.25,453822
2021-06-17 09:58:47,3046.4,453833
2021-06-17 09:58:48,3046.4,453833
2021-06-17 09:58:50,3045.3,453838
2021-06-17 09:58:51,3046.0,453848
2021-06-17 09:58:52,3046.0,453848
2021-06-17 09:58:52,3046.0,453848
2021-06-17 09:58:53,3046.0,453881
2021-06-17 09:58:54,3046.0,453886
2021-06-17 09:58:55,3046.0,453887
2021-06-17 09:58:56,3046.0,453887
2021-06-17 09:58:57,3046.0,454042
2021-06-17 09:58:58,3046.0,454063
2021-06-17 09:59:00,3045.3,454081
2021-06-17 09:59:00,3045.3,454081
2021-06-17 09:59:01,3045.3,454081
2021-06-17 09:59:04,3046.0,454181
2021-06-17 09:59:03,3045.3,454081
2021-06-17 09:59:05,3046.0,454531
2021-06-17 09:59:06,3045.3,454532
2021-06-17 09:59:07,3045.3,454532
2021-06-17 09:59:08,3046.0,454559
2021-06-17 09:59:08,3046.0,454559
2021-06-17 09:59:10,3045.3,454560
2021-06-17 09:59:11,3046.0,454562
2021-06-17 09:59:11,3046.0,454562
2021-06-17 09:59:12,3045.15,454962
2021-06-17 09:59:13,3045.15,454962
2021-06-17 09:59:14,3046.0,455006
2021-06-17 09:59:15,3046.0,455037
2021-06-17 09:59:16,3046.0,455054
2021-06-17 09:59:18,3046.0,455094
2021-06-17 09:59:19,3045.5,455107
2021-06-17 09:59:20,3045.5,455110
2021-06-17 09:59:21,3045.5,455124
2021-06-17 09:59:22,3046.0,455184
2021-06-17 09:59:23,3045.5,455238
2021-06-17 09:59:24,3046.0,455300
2021-06-17 09:59:25,3046.0,455302
2021-06-17 09:59:26,3045.05,455318
2021-06-17 09:59:27,3045.05,455338
2021-06-17 09:59:28,3046.0,455389
2021-06-17 09:59:29,3045.2,456187
2021-06-17 09:59:29,3045.2,456187
2021-06-17 09:59:30,3046.55,456293
2021-06-17 09:59:31,3045.15,456335
2021-06-17 09:59:32,3045.15,456335
2021-06-17 09:59:33,3045.15,456335
2021-06-17 09:59:34,3045.15,456335
2021-06-17 09:59:35,3046.0,456549
2021-06-17 09:59:36,3046.0,456549
2021-06-17 09:59:37,3046.0,456554
2021-06-17 09:59:38,3046.0,456556
2021-06-17 09:59:39,3045.3,456561
2021-06-17 09:59:40,3045.3,456562
2021-06-17 09:59:41,3045.3,456612
2021-06-17 09:59:42,3045.3,456612
2021-06-17 09:59:43,3046.0,456621
2021-06-17 09:59:44,3045.35,456646
2021-06-17 09:59:45,3045.35,456646
2021-06-17 09:59:46,3045.35,456891
2021-06-17 09:59:47,3045.35,456894
2021-06-17 09:59:48,3045.35,456894
2021-06-17 09:59:49,3045.35,456894
2021-06-17 09:59:50,3045.35,456898
2021-06-17 09:59:51,3045.35,456919
2021-06-17 09:59:52,3045.35,456919
2021-06-17 09:59:53,3045.35,456982
2021-06-17 09:59:54,3045.35,456982
2021-06-17 09:59:55,3045.5,457068
2021-06-17 09:59:56,3045.5,457068
2021-06-17 09:59:58,3045.5,457068
2021-06-17 09:59:58,3045.5,457068
2021-06-17 10:00:00,3046.0,457206
2021-06-17 10:00:01,3045.5,457315
2021-06-17 10:00:02,3045.5,457315
2021-06-17 10:00:03,3045.4,457366
2021-06-17 10:00:05,3045.4,457366
2021-06-17 10:00:05,3045.4,457397
2021-06-17 10:00:07,3044.4,460012
2021-06-17 10:00:08,3044.4,460050
2021-06-17 10:00:10,3045.0,460581
2021-06-17 10:00:09,3044.4,460050
2021-06-17 10:00:11,3045.0,460595
2021-06-17 10:00:12,3045.0,460600
2021-06-17 10:00:13,3045.4,460610
2021-06-17 10:00:14,3045.0,460816
2021-06-17 10:00:15,3045.0,460866
2021-06-17 10:00:16,3045.0,460866
2021-06-17 10:00:17,3045.4,460867
2021-06-17 10:00:18,3045.4,460867
2021-06-17 10:00:19,3045.0,460877
2021-06-17 10:00:22,3045.95,460879
2021-06-17 10:00:23,3045.95,460879
2021-06-17 10:00:24,3046.0,460889
2021-06-17 10:00:24,3046.0,460889
2021-06-17 10:00:25,3046.0,460889
2021-06-17 10:00:26,3045.9,460920
2021-06-17 10:00:27,3045.3,460926
2021-06-17 10:00:28,3045.35,460929
2021-06-17 10:00:29,3045.35,460929
2021-06-17 10:00:30,3045.35,460929
2021-06-17 10:00:31,3046.0,460964
2021-06-17 10:00:33,3046.0,460964
2021-06-17 10:00:33,3046.0,460964
2021-06-17 10:00:35,3045.4,461209
2021-06-17 10:00:36,3046.0,461260
2021-06-17 10:00:36,3046.0,461460
2021-06-17 10:00:38,3046.0,461465
2021-06-17 10:00:39,3046.0,461475
2021-06-17 10:00:40,3045.4,461515
2021-06-17 10:00:41,3046.0,461533
2021-06-17 10:00:42,3046.0,461538
2021-06-17 10:00:44,3045.3,461687
2021-06-17 10:00:45,3045.9,461707
2021-06-17 10:00:46,3044.95,461966
2021-06-17 10:00:47,3044.9,462001
2021-06-17 10:00:48,3045.0,462006
2021-06-17 10:00:49,3044.9,462037
2021-06-17 10:00:50,3045.0,462102
2021-06-17 10:00:51,3044.85,462402
2021-06-17 10:00:52,3043.25,462436
2021-06-17 10:00:52,3043.25,462436
2021-06-17 10:00:53,3043.25,462436
2021-06-17 10:00:55,3043.25,462436
2021-06-17 10:00:56,3044.75,462463
2021-06-17 10:00:57,3043.3,462480
2021-06-17 10:00:58,3043.0,462766
2021-06-17 10:00:58,3043.0,462766
2021-06-17 10:00:59,3042.0,464449
2021-06-17 10:01:00,3042.65,464525
2021-06-17 10:01:01,3043.0,464555
2021-06-17 10:01:02,3042.25,465992
2021-06-17 10:01:03,3042.0,466064
2021-06-17 10:01:05,3042.0,466068
2021-06-17 10:01:07,3043.6,466094
2021-06-17 10:01:08,3042.05,466119
2021-06-17 10:01:09,3043.5,466137
2021-06-17 10:01:10,3043.5,466137
2021-06-17 10:01:11,3043.5,466137
2021-06-17 10:01:12,3043.5,466137
2021-06-17 10:01:13,3043.15,466138
2021-06-17 10:01:13,3042.0,466288
2021-06-17 10:01:15,3043.35,466388
2021-06-17 10:01:16,3042.0,466405
2021-06-17 10:01:17,3042.0,466420
2021-06-17 10:01:19,3045.0,466556
2021-06-17 10:01:18,3044.45,466550
2021-06-17 10:01:20,3045.0,466556
2021-06-17 10:01:21,3045.0,466556
2021-06-17 10:01:22,3044.05,466626
2021-06-17 10:01:23,3044.15,466644
2021-06-17 10:01:23,3044.15,466644
2021-06-17 10:01:25,3044.15,466650
2021-06-17 10:01:26,3044.15,466650
2021-06-17 10:01:28,3044.25,466733
2021-06-17 10:01:29,3044.25,466793
2021-06-17 10:01:30,3044.15,466851
2021-06-17 10:01:31,3044.05,466896
2021-06-17 10:01:32,3044.85,466931
2021-06-17 10:01:33,3044.9,466951
2021-06-17 10:01:33,3044.2,466953
2021-06-17 10:01:35,3044.0,467038
2021-06-17 10:01:36,3044.95,467058
2021-06-17 10:01:37,3044.95,467058
2021-06-17 10:01:38,3045.0,467080
2021-06-17 10:01:39,3044.0,467087
2021-06-17 10:01:39,3045.0,467088
2021-06-17 10:01:40,3045.0,467088
2021-06-17 10:01:41,3044.0,467119
2021-06-17 10:01:43,3044.15,467131
2021-06-17 10:01:44,3044.15,467131
2021-06-17 10:01:45,3045.0,467175
2021-06-17 10:01:46,3044.15,467191
2021-06-17 10:01:47,3043.95,467491
2021-06-17 10:01:48,3043.95,467499
2021-06-17 10:01:48,3043.95,467499
2021-06-17 10:01:49,3043.9,467509
2021-06-17 10:01:50,3043.9,467517
2021-06-17 10:01:51,3043.9,467527
2021-06-17 10:01:53,3043.9,467553
2021-06-17 10:01:54,3043.9,467561
2021-06-17 10:01:55,3043.9,467561
2021-06-17 10:01:56,3043.9,467571
2021-06-17 10:01:57,3044.0,467577
2021-06-17 10:01:59,3043.9,467601
2021-06-17 10:02:00,3043.95,467602
2021-06-17 10:02:00,3043.95,467602
2021-06-17 10:02:01,3043.5,467728
2021-06-17 10:02:02,3042.0,468126
2021-06-17 10:02:03,3043.45,468179
2021-06-17 10:02:04,3042.0,468317
2021-06-17 10:02:05,3042.0,468317
2021-06-17 10:02:07,3042.0,468317
2021-06-17 10:02:08,3043.0,468647
2021-06-17 10:02:09,3043.0,468658
2021-06-17 10:02:10,3043.0,468661
2021-06-17 10:02:11,3042.0,468693
2021-06-17 10:02:12,3043.0,468694
2021-06-17 10:02:13,3042.0,468724
2021-06-17 10:02:14,3042.0,468731
2021-06-17 10:02:15,3042.0,468831
2021-06-17 10:02:16,3042.0,468848
2021-06-17 10:02:16,3042.0,468848
2021-06-17 10:02:17,3042.0,468848
2021-06-17 10:02:18,3042.95,469653
2021-06-17 10:02:19,3043.0,469809
2021-06-17 10:02:20,3042.1,469875
2021-06-17 10:02:22,3042.2,469919
2021-06-17 10:02:23,3043.0,469929
2021-06-17 10:02:24,3043.9,469960
2021-06-17 10:02:25,3043.15,469962
2021-06-17 10:02:26,3042.6,469968
2021-06-17 10:02:27,3042.6,469968
2021-06-17 10:02:27,3043.95,469969
2021-06-17 10:02:28,3043.95,469969
2021-06-17 10:02:29,3043.95,469970
2021-06-17 10:02:30,3042.4,470171
2021-06-17 10:02:31,3042.4,470171
2021-06-17 10:02:34,3042.6,470207
2021-06-17 10:02:35,3042.5,470252
2021-06-17 10:02:36,3043.3,470260
2021-06-17 10:02:37,3043.3,470260
2021-06-17 10:02:38,3043.3,470260
2021-06-17 10:02:39,3043.0,470271
2021-06-17 10:02:40,3043.25,470304
2021-06-17 10:02:41,3043.7,470334
2021-06-17 10:02:42,3043.7,470347
2021-06-17 10:02:43,3042.5,470357
2021-06-17 10:02:44,3042.5,470449
2021-06-17 10:02:44,3042.35,470447
2021-06-17 10:02:45,3042.5,470449
2021-06-17 10:02:47,3042.5,470465
2021-06-17 10:02:48,3042.55,470500
2021-06-17 10:02:49,3043.65,470503
2021-06-17 10:02:50,3043.65,470503
2021-06-17 10:02:51,3043.65,470524
2021-06-17 10:02:52,3043.65,470597
2021-06-17 10:02:53,3043.65,470628
2021-06-17 10:02:54,3043.65,470628
2021-06-17 10:02:55,3042.2,471043
2021-06-17 10:02:56,3042.2,471043
2021-06-17 10:02:57,3043.75,471073
2021-06-17 10:02:58,3042.35,471091
2021-06-17 10:02:59,3043.7,471096
2021-06-17 10:03:00,3043.7,471116
2021-06-17 10:03:01,3043.7,471116
2021-06-17 10:03:02,3043.7,471116
2021-06-17 10:03:03,3043.6,471118
2021-06-17 10:03:04,3043.5,471241
2021-06-17 10:03:05,3043.5,471241
2021-06-17 10:03:06,3043.5,471241
2021-06-17 10:03:06,3043.5,471241
2021-06-17 10:03:07,3043.5,471241
2021-06-17 10:03:08,3042.6,471242
2021-06-17 10:03:10,3042.6,471243
2021-06-17 10:03:11,3042.6,471243
2021-06-17 10:03:12,3042.6,471368
2021-06-17 10:03:13,3042.5,471389
2021-06-17 10:03:14,3042.5,471469
2021-06-17 10:03:15,3043.0,471483
2021-06-17 10:03:16,3042.2,471533
2021-06-17 10:03:17,3042.2,471565
2021-06-17 10:03:18,3042.2,471565
2021-06-17 10:03:19,3043.0,471585
2021-06-17 10:03:20,3043.65,471596
2021-06-17 10:03:21,3044.15,471996
2021-06-17 10:03:22,3044.15,471996
2021-06-17 10:03:23,3042.7,472036
2021-06-17 10:03:24,3042.7,472062
2021-06-17 10:03:25,3042.7,472062
2021-06-17 10:03:26,3042.7,472163
2021-06-17 10:03:27,3043.4,472167
2021-06-17 10:03:28,3042.7,472206
2021-06-17 10:03:29,3042.7,472227
2021-06-17 10:03:30,3042.7,472317
2021-06-17 10:03:31,3042.7,472317
2021-06-17 10:03:32,3042.7,472327
2021-06-17 10:03:33,3042.7,472428
2021-06-17 10:03:34,3042.7,472428
2021-06-17 10:03:35,3042.7,472478
2021-06-17 10:03:36,3043.9,472479
2021-06-17 10:03:37,3043.9,472479
2021-06-17 10:03:38,3043.0,472500
2021-06-17 10:03:39,3043.9,472606
2021-06-17 10:03:40,3043.9,472606
2021-06-17 10:03:41,3043.9,472608
2021-06-17 10:03:42,3043.9,472608
2021-06-17 10:03:43,3043.9,472610
2021-06-17 10:03:44,3043.9,472610
2021-06-17 10:03:45,3043.9,472757
2021-06-17 10:03:47,3043.9,472804
2021-06-17 10:03:48,3043.9,472804
2021-06-17 10:03:49,3043.2,472819
2021-06-17 10:03:50,3043.2,472828
2021-06-17 10:03:51,3043.2,472832
2021-06-17 10:03:52,3043.9,472852
2021-06-17 10:03:53,3043.9,472863
2021-06-17 10:03:54,3043.9,472863
2021-06-17 10:03:55,3043.9,472863
2021-06-17 10:03:56,3043.9,472863
2021-06-17 10:03:57,3043.9,472867
2021-06-17 10:03:58,3043.8,472976
2021-06-17 10:03:59,3043.8,472976
2021-06-17 10:04:00,3043.8,473124
2021-06-17 10:04:01,3043.8,473124
2021-06-17 10:04:03,3043.25,473159
2021-06-17 10:04:04,3043.25,473159
2021-06-17 10:04:05,3043.25,473159
2021-06-17 10:04:06,3043.25,473159
2021-06-17 10:04:07,3043.25,473159
2021-06-17 10:04:08,3043.25,473262
2021-06-17 10:04:09,3043.25,473262
2021-06-17 10:04:10,3043.25,473313
2021-06-17 10:04:12,3043.8,473319
2021-06-17 10:04:11,3043.25,473314
2021-06-17 10:04:13,3042.5,473978
2021-06-17 10:04:14,3043.0,473979
2021-06-17 10:04:15,3043.25,473981
2021-06-17 10:04:16,3042.5,473998
2021-06-17 10:04:17,3043.25,473999
2021-06-17 10:04:18,3043.25,474036
2021-06-17 10:04:18,3043.25,474036
2021-06-17 10:04:19,3043.25,474036
2021-06-17 10:04:22,3042.2,474390
2021-06-17 10:04:23,3042.95,474398
2021-06-17 10:04:24,3042.95,474398
2021-06-17 10:04:26,3043.2,474413
2021-06-17 10:04:25,3042.95,474398
2021-06-17 10:04:27,3043.2,474413
2021-06-17 10:04:28,3043.2,474413
2021-06-17 10:04:29,3043.2,474413
2021-06-17 10:04:30,3042.5,474416
2021-06-17 10:04:31,3042.5,474416
2021-06-17 10:04:32,3042.5,474416
2021-06-17 10:04:33,3043.0,474448
2021-06-17 10:04:34,3043.0,474464
2021-06-17 10:04:35,3043.0,474464
2021-06-17 10:04:36,3043.0,474603
2021-06-17 10:04:37,3043.2,474646
2021-06-17 10:04:39,3043.25,474652
2021-06-17 10:04:38,3043.25,474651
2021-06-17 10:04:40,3043.5,474902
2021-06-17 10:04:41,3043.5,474907
2021-06-17 10:04:43,3043.5,474908
2021-06-17 10:04:44,3043.5,474920
2021-06-17 10:04:46,3043.05,474938
2021-06-17 10:04:47,3043.05,474939
2021-06-17 10:04:48,3043.05,474939
2021-06-17 10:04:49,3043.25,474991
2021-06-17 10:04:50,3043.05,475002
2021-06-17 10:04:51,3043.25,475006
2021-06-17 10:04:52,3043.25,475006
2021-06-17 10:04:53,3043.25,475006
2021-06-17 10:04:54,3043.25,475044
2021-06-17 10:04:55,3043.5,475069
2021-06-17 10:04:56,3043.75,475151
2021-06-17 10:04:57,3043.05,475162
2021-06-17 10:04:58,3043.75,475172
2021-06-17 10:04:59,3043.5,475182
2021-06-17 10:05:00,3043.05,475198
2021-06-17 10:05:01,3043.5,475358
2021-06-17 10:05:02,3043.5,475358
2021-06-17 10:05:03,3043.5,475358
2021-06-17 10:05:04,3043.8,475558
2021-06-17 10:05:05,3043.8,475558
2021-06-17 10:05:06,3043.8,475558
2021-06-17 10:05:07,3043.8,475558
2021-06-17 10:05:08,3043.8,475558
2021-06-17 10:05:09,3043.8,475558
2021-06-17 10:05:10,3043.8,475631
2021-06-17 10:05:11,3043.8,475636
2021-06-17 10:05:12,3043.8,475732
2021-06-17 10:05:13,3043.8,475734
2021-06-17 10:05:14,3043.8,475741
2021-06-17 10:05:15,3044.15,476235
2021-06-17 10:05:16,3044.5,476261
2021-06-17 10:05:17,3044.5,476262
2021-06-17 10:05:18,3044.5,476262
2021-06-17 10:05:19,3044.5,476297
2021-06-17 10:05:20,3044.5,476351
2021-06-17 10:05:21,3045.0,476353
2021-06-17 10:05:22,3045.0,476371
2021-06-17 10:05:23,3045.0,476371
2021-06-17 10:05:24,3045.0,476466
2021-06-17 10:05:25,3044.1,476516
2021-06-17 10:05:26,3044.1,476516
2021-06-17 10:05:27,3045.0,476521
2021-06-17 10:05:28,3044.1,476522
2021-06-17 10:05:29,3044.15,476681
2021-06-17 10:05:30,3044.15,476707
2021-06-17 10:05:31,3045.7,476739
2021-06-17 10:05:32,3045.7,476739
2021-06-17 10:05:33,3045.7,476739
2021-06-17 10:05:34,3045.5,476741
2021-06-17 10:05:35,3044.2,476746
2021-06-17 10:05:36,3044.2,476746
2021-06-17 10:05:37,3044.2,476746
2021-06-17 10:05:38,3044.95,476747
2021-06-17 10:05:39,3044.2,476760
2021-06-17 10:05:40,3044.95,476768
2021-06-17 10:05:41,3044.25,476786
2021-06-17 10:05:42,3044.25,476786
2021-06-17 10:05:43,3044.25,476799
2021-06-17 10:05:44,3044.25,476807
2021-06-17 10:05:45,3044.25,476807
2021-06-17 10:05:46,3045.35,476875
2021-06-17 10:05:47,3045.3,476882
2021-06-17 10:05:48,3044.25,476965
2021-06-17 10:05:49,3044.25,477026
2021-06-17 10:05:50,3044.3,477056
2021-06-17 10:05:51,3045.55,477057
2021-06-17 10:05:53,3044.3,477127
2021-06-17 10:05:54,3044.3,477127
2021-06-17 10:05:55,3045.5,477165
2021-06-17 10:05:56,3045.0,477167
2021-06-17 10:05:57,3044.35,477182
2021-06-17 10:05:59,3044.35,477251
2021-06-17 10:06:00,3044.55,477257
2021-06-17 10:06:01,3044.55,477257
2021-06-17 10:06:02,3044.55,477292
2021-06-17 10:06:03,3044.55,477292
2021-06-17 10:06:04,3045.5,477304
2021-06-17 10:06:05,3045.7,477343
2021-06-17 10:06:06,3045.85,477434
2021-06-17 10:06:07,3045.85,477434
2021-06-17 10:06:08,3044.55,477435
2021-06-17 10:06:09,3044.55,477436
2021-06-17 10:06:10,3044.55,477438
2021-06-17 10:06:11,3045.9,477460
2021-06-17 10:06:12,3045.9,477460
2021-06-17 10:06:14,3044.55,477461
2021-06-17 10:06:16,3045.95,477520
2021-06-17 10:06:15,3045.95,477520
2021-06-17 10:06:17,3045.95,477551
2021-06-17 10:06:18,3046.0,477574
2021-06-17 10:06:19,3044.8,477595
2021-06-17 10:06:21,3045.8,477596
2021-06-17 10:06:22,3046.0,478291
2021-06-17 10:06:23,3046.7,478351
2021-06-17 10:06:24,3046.7,478465
2021-06-17 10:06:25,3045.8,478474
2021-06-17 10:06:26,3046.7,478491
2021-06-17 10:06:27,3046.7,478491
2021-06-17 10:06:28,3046.7,478498
2021-06-17 10:06:29,3046.7,478559
2021-06-17 10:06:30,3046.7,478559
2021-06-17 10:06:31,3046.7,478567
2021-06-17 10:06:32,3046.7,478568
2021-06-17 10:06:33,3045.8,478660
2021-06-17 10:06:34,3047.0,478779
2021-06-17 10:06:35,3047.3,478781
2021-06-17 10:06:36,3047.9,478985
2021-06-17 10:06:37,3047.9,479090
2021-06-17 10:06:38,3047.9,479090
2021-06-17 10:06:39,3047.9,479090
2021-06-17 10:06:40,3048.0,479271
2021-06-17 10:06:41,3048.0,479321
2021-06-17 10:06:43,3048.0,479524
2021-06-17 10:06:45,3047.05,479584
2021-06-17 10:06:46,3048.0,479614
2021-06-17 10:06:47,3048.0,479659
2021-06-17 10:06:48,3048.0,479664
2021-06-17 10:06:49,3048.0,479778
2021-06-17 10:06:50,3047.95,479780
2021-06-17 10:06:51,3048.0,479995
2021-06-17 10:06:52,3047.95,480020
2021-06-17 10:06:53,3048.0,480042
2021-06-17 10:06:54,3048.0,480043
2021-06-17 10:06:55,3048.0,480193
2021-06-17 10:06:56,3048.0,480193
2021-06-17 10:06:57,3048.0,480229
2021-06-17 10:06:59,3048.0,480443
2021-06-17 10:06:59,3048.0,480443
2021-06-17 10:07:00,3048.0,480612
2021-06-17 10:07:01,3047.9,480627
2021-06-17 10:07:02,3048.0,480632
2021-06-17 10:07:03,3046.95,480967
2021-06-17 10:07:04,3046.95,480967
2021-06-17 10:07:05,3047.15,481147
2021-06-17 10:07:06,3047.15,481147
2021-06-17 10:07:07,3047.15,481147
2021-06-17 10:07:08,3047.15,481147
2021-06-17 10:07:09,3047.15,481257
2021-06-17 10:07:10,3047.15,481257
2021-06-17 10:07:11,3047.15,481261
2021-06-17 10:07:12,3047.15,481261
2021-06-17 10:07:13,3047.0,481267
2021-06-17 10:07:15,3047.0,481302
2021-06-17 10:07:15,3047.0,481376
2021-06-17 10:07:17,3046.2,481437
2021-06-17 10:07:17,3046.2,481437
2021-06-17 10:07:19,3046.2,481493
2021-06-17 10:07:20,3046.2,481493
2021-06-17 10:07:21,3046.95,481494
2021-06-17 10:07:22,3046.95,481494
2021-06-17 10:07:23,3046.4,481496
2021-06-17 10:07:25,3047.4,481610
2021-06-17 10:07:26,3047.85,481611
2021-06-17 10:07:28,3047.95,481625
2021-06-17 10:07:28,3047.95,481625
2021-06-17 10:07:29,3047.0,481630
2021-06-17 10:07:30,3047.0,481630
2021-06-17 10:07:32,3047.65,481632
2021-06-17 10:07:32,3047.0,481636
2021-06-17 10:07:33,3047.0,481636
2021-06-17 10:07:34,3047.65,481640
2021-06-17 10:07:35,3047.1,481829
2021-06-17 10:07:36,3047.65,481834
2021-06-17 10:07:37,3047.65,481864
2021-06-17 10:07:38,3048.0,481965
2021-06-17 10:07:39,3048.0,481971
2021-06-17 10:07:40,3047.65,481973
2021-06-17 10:07:41,3047.65,481973
2021-06-17 10:07:43,3048.0,482455
2021-06-17 10:07:44,3048.0,482555
2021-06-17 10:07:46,3047.65,482646
2021-06-17 10:07:47,3047.65,482646
2021-06-17 10:07:49,3047.65,482646
2021-06-17 10:07:50,3047.65,482646
2021-06-17 10:07:51,3048.0,482768
2021-06-17 10:07:52,3048.0,482768
2021-06-17 10:07:53,3047.65,482775
2021-06-17 10:07:54,3047.65,482775
2021-06-17 10:07:55,3047.65,482775
2021-06-17 10:07:56,3048.0,482830
2021-06-17 10:07:57,3048.0,482830
2021-06-17 10:07:58,3047.65,482850
2021-06-17 10:07:59,3047.85,482851
2021-06-17 10:08:00,3047.65,482856
2021-06-17 10:08:01,3047.65,482856
2021-06-17 10:08:02,3048.0,482857
2021-06-17 10:08:03,3048.0,482927
2021-06-17 10:08:04,3048.0,482927
2021-06-17 10:08:05,3048.0,482929
2021-06-17 10:08:06,3048.0,482979
2021-06-17 10:08:07,3047.7,483079
2021-06-17 10:08:08,3047.7,483087
2021-06-17 10:08:09,3047.7,483097
2021-06-17 10:08:10,3048.0,483177
2021-06-17 10:08:11,3048.0,483229
2021-06-17 10:08:12,3048.0,483229
2021-06-17 10:08:13,3048.0,483229
2021-06-17 10:08:14,3048.0,483229
2021-06-17 10:08:15,3048.0,483229
2021-06-17 10:08:16,3047.7,483246
2021-06-17 10:08:17,3047.1,483552
2021-06-17 10:08:19,3047.0,483583
2021-06-17 10:08:20,3047.0,483583
2021-06-17 10:08:21,3047.0,483583
2021-06-17 10:08:22,3047.0,483583
2021-06-17 10:08:24,3047.0,483583
2021-06-17 10:08:25,3047.0,483588
2021-06-17 10:08:26,3047.0,483588
2021-06-17 10:08:27,3047.0,483588
2021-06-17 10:08:28,3047.0,483588
2021-06-17 10:08:29,3047.0,483588
2021-06-17 10:08:30,3047.0,483943
2021-06-17 10:08:31,3048.0,483973
2021-06-17 10:08:32,3047.0,483974
2021-06-17 10:08:33,3047.0,483974
2021-06-17 10:08:35,3047.0,483974
2021-06-17 10:08:35,3047.0,483974
2021-06-17 10:08:36,3047.0,483974
2021-06-17 10:08:37,3047.0,484414
2021-06-17 10:08:38,3047.0,484414
2021-06-17 10:08:39,3047.9,484420
2021-06-17 10:08:40,3047.05,484421
2021-06-17 10:08:41,3047.05,484421
2021-06-17 10:08:42,3047.05,484421
2021-06-17 10:08:43,3047.05,484421
2021-06-17 10:08:44,3047.9,484445
2021-06-17 10:08:45,3047.9,484445
2021-06-17 10:08:46,3047.9,484461
2021-06-17 10:08:48,3047.9,484461
2021-06-17 10:08:47,3047.9,484461
2021-06-17 10:08:49,3047.9,484461
2021-06-17 10:08:50,3047.9,484461
2021-06-17 10:08:51,3049.75,484792
2021-06-17 10:08:52,3049.75,484792
2021-06-17 10:08:53,3049.75,484793
2021-06-17 10:08:54,3048.55,484900
2021-06-17 10:08:55,3048.55,484937
2021-06-17 10:08:56,3048.55,484953
2021-06-17 10:08:57,3048.55,484953
2021-06-17 10:08:58,3049.75,484954
2021-06-17 10:08:59,3049.9,485010
2021-06-17 10:09:00,3049.9,485026
2021-06-17 10:09:01,3049.9,485026
2021-06-17 10:09:02,3048.65,485032
2021-06-17 10:09:03,3049.9,485101
2021-06-17 10:09:04,3048.65,485291
2021-06-17 10:09:07,3049.0,485304
2021-06-17 10:09:07,3049.0,485308
2021-06-17 10:09:10,3050.0,485379
2021-06-17 10:09:12,3050.0,485573
2021-06-17 10:09:11,3050.0,485413
2021-06-17 10:09:13,3050.0,485586
2021-06-17 10:09:14,3049.0,485609
2021-06-17 10:09:15,3050.0,485610
2021-06-17 10:09:15,3049.0,485652
2021-06-17 10:09:16,3049.0,486275
2021-06-17 10:09:17,3049.0,486289
2021-06-17 10:09:18,3049.0,486319
2021-06-17 10:09:19,3049.0,486319
2021-06-17 10:09:20,3048.6,486474
2021-06-17 10:09:21,3049.3,486494
2021-06-17 10:09:22,3049.1,486558
2021-06-17 10:09:23,3048.6,486755
2021-06-17 10:09:24,3048.8,486851
2021-06-17 10:09:25,3048.75,486857
2021-06-17 10:09:27,3048.75,486857
2021-06-17 10:09:27,3048.85,486903
2021-06-17 10:09:28,3048.85,486903
2021-06-17 10:09:29,3049.1,486915
2021-06-17 10:09:30,3049.05,486925
2021-06-17 10:09:32,3049.05,486925
2021-06-17 10:09:33,3049.1,486926
2021-06-17 10:09:33,3049.1,486926
2021-06-17 10:09:34,3048.0,486936
2021-06-17 10:09:35,3048.0,486936
2021-06-17 10:09:36,3048.0,486971
2021-06-17 10:09:37,3048.0,486977
2021-06-17 10:09:38,3048.0,486977
2021-06-17 10:09:39,3049.05,486978
2021-06-17 10:09:40,3048.0,486983
2021-06-17 10:09:41,3049.0,487014
2021-06-17 10:09:42,3049.0,487044
2021-06-17 10:09:43,3049.0,487044
2021-06-17 10:09:44,3049.45,487094
2021-06-17 10:09:45,3048.2,487229
2021-06-17 10:09:46,3048.05,487352
2021-06-17 10:09:47,3048.0,487353
2021-06-17 10:09:48,3048.05,487354
2021-06-17 10:09:49,3048.05,487354
2021-06-17 10:09:50,3048.05,487476
2021-06-17 10:09:52,3047.0,487500
2021-06-17 10:09:52,3047.0,487500
2021-06-17 10:09:53,3047.0,487500
2021-06-17 10:09:54,3048.05,487502
2021-06-17 10:09:55,3048.05,487502
2021-06-17 10:09:56,3048.05,487502
2021-06-17 10:09:57,3048.05,487502
2021-06-17 10:09:58,3048.05,487502
2021-06-17 10:09:59,3048.0,487503
2021-06-17 10:10:00,3047.25,487518
2021-06-17 10:10:01,3048.0,487519
2021-06-17 10:10:02,3048.0,487519
2021-06-17 10:10:04,3048.05,487527
2021-06-17 10:10:05,3049.2,487566
2021-06-17 10:10:06,3047.8,487652
2021-06-17 10:10:07,3047.8,487652
2021-06-17 10:10:08,3048.1,487653
2021-06-17 10:10:08,3048.1,487653
2021-06-17 10:10:09,3048.1,487653
2021-06-17 10:10:12,3048.1,487695
2021-06-17 10:10:13,3048.95,487705
2021-06-17 10:10:14,3048.95,487705
2021-06-17 10:10:14,3048.95,487705
2021-06-17 10:10:15,3048.7,487825
2021-06-17 10:10:16,3047.8,487862
2021-06-17 10:10:17,3047.8,487862
2021-06-17 10:10:19,3048.9,487920
2021-06-17 10:10:20,3049.0,488036
2021-06-17 10:10:21,3049.0,488036
2021-06-17 10:10:22,3049.25,488048
2021-06-17 10:10:23,3049.25,488048
2021-06-17 10:10:24,3049.25,488048
2021-06-17 10:10:25,3049.25,488048
2021-06-17 10:10:26,3049.25,488049
2021-06-17 10:10:27,3049.5,488100
2021-06-17 10:10:29,3048.2,488127
2021-06-17 10:10:31,3049.0,488133
2021-06-17 10:10:31,3049.45,488132
2021-06-17 10:10:32,3048.1,488263
2021-06-17 10:10:33,3048.25,488269
2021-06-17 10:10:34,3048.25,488270
2021-06-17 10:10:35,3048.25,488316
2021-06-17 10:10:37,3048.25,488316
2021-06-17 10:10:38,3049.0,488330
2021-06-17 10:10:40,3049.45,488404
2021-06-17 10:10:41,3049.45,488425
2021-06-17 10:10:41,3049.45,488425
2021-06-17 10:10:42,3049.45,488431
2021-06-17 10:10:43,3048.35,488432
2021-06-17 10:10:44,3049.4,488434
2021-06-17 10:10:45,3049.5,488575
2021-06-17 10:10:46,3048.35,488592
2021-06-17 10:10:47,3048.35,488662
2021-06-17 10:10:48,3048.35,488687
2021-06-17 10:10:49,3048.35,488687
2021-06-17 10:10:50,3048.35,488687
2021-06-17 10:10:52,3048.35,488687
2021-06-17 10:10:53,3048.75,488707
2021-06-17 10:10:53,3049.5,488725
2021-06-17 10:10:54,3049.5,488740
2021-06-17 10:10:55,3049.0,488741
2021-06-17 10:10:56,3049.75,488841
2021-06-17 10:10:57,3049.75,488841
2021-06-17 10:10:58,3049.75,488841
2021-06-17 10:10:59,3048.9,488844
2021-06-17 10:11:00,3049.9,488931
2021-06-17 10:11:01,3049.9,488931
2021-06-17 10:11:02,3049.9,488931
2021-06-17 10:11:03,3049.75,488957
2021-06-17 10:11:04,3049.75,488957
2021-06-17 10:11:05,3049.75,488957
2021-06-17 10:11:06,3049.0,488960
2021-06-17 10:11:07,3048.85,488965
2021-06-17 10:11:08,3048.85,488990
2021-06-17 10:11:09,3049.75,488992
2021-06-17 10:11:10,3049.75,488992
2021-06-17 10:11:11,3049.0,489002
2021-06-17 10:11:12,3049.9,489188
2021-06-17 10:11:13,3049.9,489190
2021-06-17 10:11:14,3049.9,489202
2021-06-17 10:11:15,3049.0,489203
2021-06-17 10:11:16,3049.0,489219
2021-06-17 10:11:18,3049.7,489225
2021-06-17 10:11:19,3049.0,489226
2021-06-17 10:11:20,3049.7,489235
2021-06-17 10:11:21,3049.7,489235
2021-06-17 10:11:22,3049.7,489255
2021-06-17 10:11:23,3049.7,489305
2021-06-17 10:11:24,3049.7,489305
2021-06-17 10:11:25,3049.05,489358
2021-06-17 10:11:26,3049.7,489372
2021-06-17 10:11:28,3049.7,489375
2021-06-17 10:11:29,3049.7,489376
2021-06-17 10:11:31,3049.7,489460
2021-06-17 10:11:33,3049.9,489622
2021-06-17 10:11:34,3049.9,489637
2021-06-17 10:11:35,3049.1,489888
2021-06-17 10:11:36,3050.0,489988
2021-06-17 10:11:37,3050.0,489988
2021-06-17 10:11:38,3050.0,489991
2021-06-17 10:11:38,3050.0,489991
2021-06-17 10:11:39,3050.0,489991
2021-06-17 10:11:40,3049.5,489996
2021-06-17 10:11:41,3050.0,490017
2021-06-17 10:11:43,3049.0,490703
2021-06-17 10:11:44,3050.0,490705
2021-06-17 10:11:46,3048.75,490721
2021-06-17 10:11:47,3049.75,490723
2021-06-17 10:11:48,3048.8,490737
2021-06-17 10:11:49,3050.0,490738
2021-06-17 10:11:50,3050.3,491479
2021-06-17 10:11:51,3050.0,491487
2021-06-17 10:11:53,3051.35,491954
2021-06-17 10:11:54,3049.9,491969
2021-06-17 10:11:54,3051.4,492029
2021-06-17 10:11:55,3051.4,492029
2021-06-17 10:11:56,3051.45,492087
2021-06-17 10:11:57,3051.45,492087
2021-06-17 10:11:58,3050.1,492088
2021-06-17 10:11:59,3051.45,492089
2021-06-17 10:12:00,3051.45,492142
2021-06-17 10:12:01,3050.15,492162
2021-06-17 10:12:03,3050.15,492162
2021-06-17 10:12:04,3050.2,492167
2021-06-17 10:12:05,3050.2,492176
2021-06-17 10:12:06,3050.0,492430
2021-06-17 10:12:07,3051.95,492850
2021-06-17 10:12:08,3051.8,492851
2021-06-17 10:12:09,3051.8,492851
2021-06-17 10:12:10,3051.8,492851
2021-06-17 10:12:11,3051.4,492861
2021-06-17 10:12:12,3051.9,492886
2021-06-17 10:12:13,3051.9,492903
2021-06-17 10:12:13,3051.9,492903
2021-06-17 10:12:14,3050.5,492923
2021-06-17 10:12:15,3050.5,492925
2021-06-17 10:12:16,3050.45,492962
2021-06-17 10:12:17,3050.0,493062
2021-06-17 10:12:19,3050.5,493098
2021-06-17 10:12:20,3050.5,493118
2021-06-17 10:12:21,3050.5,493118
2021-06-17 10:12:22,3050.0,493151
2021-06-17 10:12:23,3051.1,493251
2021-06-17 10:12:24,3050.05,493306
2021-06-17 10:12:25,3051.15,493356
2021-06-17 10:12:25,3051.15,493356
2021-06-17 10:12:26,3050.05,493361
2021-06-17 10:12:27,3050.05,493361
2021-06-17 10:12:28,3050.1,493433
2021-06-17 10:12:29,3050.85,493464
2021-06-17 10:12:30,3051.45,493773
2021-06-17 10:12:31,3050.85,493786
2021-06-17 10:12:33,3051.45,493824
2021-06-17 10:12:34,3051.7,493924
2021-06-17 10:12:35,3051.7,494084
2021-06-17 10:12:36,3051.65,494106
2021-06-17 10:12:37,3051.65,494137
2021-06-17 10:12:38,3050.85,494144
2021-06-17 10:12:39,3050.85,494153
2021-06-17 10:12:41,3050.85,494229
2021-06-17 10:12:42,3051.0,494255
2021-06-17 10:12:43,3050.5,494515
2021-06-17 10:12:44,3050.5,494883
2021-06-17 10:12:46,3050.5,494930
2021-06-17 10:12:47,3051.5,494954
2021-06-17 10:12:48,3051.2,495024
2021-06-17 10:12:49,3051.2,495036
2021-06-17 10:12:50,3051.2,495041
2021-06-17 10:12:51,3051.2,495042
2021-06-17 10:12:52,3051.2,495044
2021-06-17 10:12:53,3051.25,495126
2021-06-17 10:12:55,3050.4,495596
2021-06-17 10:12:55,3050.0,495598
2021-06-17 10:12:57,3050.85,495599
2021-06-17 10:12:57,3050.85,495599
2021-06-17 10:12:58,3051.2,495644
2021-06-17 10:12:59,3051.55,495650
2021-06-17 10:13:00,3050.4,495677
2021-06-17 10:13:01,3050.4,495677
2021-06-17 10:13:02,3050.45,495882
2021-06-17 10:13:03,3050.45,495882
2021-06-17 10:13:04,3050.45,495882
2021-06-17 10:13:05,3050.85,495893
2021-06-17 10:13:06,3051.45,495896
2021-06-17 10:13:08,3051.45,495896
2021-06-17 10:13:09,3050.9,495953
2021-06-17 10:13:10,3050.85,495962
2021-06-17 10:13:11,3050.95,495995
