timestamp,ltp,volume
2021-06-17 09:20:36,741.4,466892
2021-06-17 09:20:37,741.4,467354
2021-06-17 09:20:38,741.4,467945
2021-06-17 09:20:39,741.4,468437
2021-06-17 09:20:40,741.4,469283
2021-06-17 09:20:40,741.4,469513
2021-06-17 09:20:43,741.15,469665
2021-06-17 09:20:43,741.0,470175
2021-06-17 09:20:45,741.0,471484
2021-06-17 09:20:46,741.2,471672
2021-06-17 09:20:47,741.05,472349
2021-06-17 09:20:48,741.0,472825
2021-06-17 09:20:49,741.05,472863
2021-06-17 09:20:50,741.05,473117
2021-06-17 09:20:51,740.8,473167
2021-06-17 09:20:52,741.05,473227
2021-06-17 09:20:53,741.15,473558
2021-06-17 09:20:54,741.05,473884
2021-06-17 09:20:55,741.05,473894
2021-06-17 09:20:56,741.0,474281
2021-06-17 09:20:57,741.0,474530
2021-06-17 09:20:58,741.0,475066
2021-06-17 09:20:59,741.0,475480
2021-06-17 09:21:00,740.8,475983
2021-06-17 09:21:01,741.05,476079
2021-06-17 09:21:02,740.8,476209
2021-06-17 09:21:03,741.0,476274
2021-06-17 09:21:04,741.0,476377
2021-06-17 09:21:05,741.05,476474
2021-06-17 09:21:07,740.8,477885
2021-06-17 09:21:08,741.05,478190
2021-06-17 09:21:09,741.05,478889
2021-06-17 09:21:10,740.8,479167
2021-06-17 09:21:11,741.0,479447
2021-06-17 09:21:12,740.9,480067
2021-06-17 09:21:13,740.8,481131
2021-06-17 09:21:14,740.9,482413
2021-06-17 09:21:15,740.95,482626
2021-06-17 09:21:16,741.0,482940
2021-06-17 09:21:17,740.95,485776
2021-06-17 09:21:18,741.0,486113
2021-06-17 09:21:19,741.0,486235
2021-06-17 09:21:20,740.7,486685
2021-06-17 09:21:21,740.65,488453
2021-06-17 09:21:21,740.95,488568
2021-06-17 09:21:23,740.75,488864
2021-06-17 09:21:24,740.95,488956
2021-06-17 09:21:25,740.85,492520
2021-06-17 09:21:26,740.5,493058
2021-06-17 09:21:27,740.85,493841
2021-06-17 09:21:28,740.75,493953
2021-06-17 09:21:29,740.65,494293
2021-06-17 09:21:30,740.7,495756
2021-06-17 09:21:31,740.5,497372
2021-06-17 09:21:32,740.45,498037
2021-06-17 09:21:34,740.5,501901
2021-06-17 09:21:35,740.4,502086
2021-06-17 09:21:36,740.35,502258
2021-06-17 09:21:37,740.25,502622
2021-06-17 09:21:38,740.6,503232
2021-06-17 09:21:39,740.45,504187
2021-06-17 09:21:40,740.6,504351
2021-06-17 09:21:41,740.4,504946
2021-06-17 09:21:42,740.3,506046
2021-06-17 09:21:43,740.35,506352
2021-06-17 09:21:44,740.35,508168
2021-06-17 09:21:45,740.3,509286
2021-06-17 09:21:47,740.35,509471
2021-06-17 09:21:49,740.4,510579
2021-06-17 09:21:50,740.2,514821
2021-06-17 09:21:51,740.2,516074
2021-06-17 09:21:52,740.55,516244
2021-06-17 09:21:53,740.55,516379
2021-06-17 09:21:54,740.35,516780
2021-06-17 09:21:55,740.45,516887
2021-06-17 09:21:56,740.4,517734
2021-06-17 09:21:57,740.4,518242
2021-06-17 09:21:59,740.55,518674
2021-06-17 09:22:00,740.25,519437
2021-06-17 09:22:01,740.15,522797
2021-06-17 09:22:03,740.55,525396
2021-06-17 09:22:04,740.25,525622
2021-06-17 09:22:05,740.15,525784
2021-06-17 09:22:06,740.3,525796
2021-06-17 09:22:08,740.15,526809
2021-06-17 09:22:09,740.15,527432
2021-06-17 09:22:10,740.15,527517
2021-06-17 09:22:11,740.15,529651
2021-06-17 09:22:12,740.25,529958
2021-06-17 09:22:13,740.25,530386
2021-06-17 09:22:14,740.25,530500
2021-06-17 09:22:15,740.05,531396
2021-06-17 09:22:16,740.05,532099
2021-06-17 09:22:17,740.2,532785
2021-06-17 09:22:18,740.2,533763
2021-06-17 09:22:19,740.15,539668
2021-06-17 09:22:20,740.1,540086
2021-06-17 09:22:21,740.0,541160
2021-06-17 09:22:22,740.0,542235
2021-06-17 09:22:23,740.15,543845
2021-06-17 09:22:24,740.15,545111
2021-06-17 09:22:25,740.2,545627
2021-06-17 09:22:26,740.2,547923
2021-06-17 09:22:27,740.0,548308
2021-06-17 09:22:28,740.2,552001
2021-06-17 09:22:29,740.25,552529
2021-06-17 09:22:30,740.25,552571
2021-06-17 09:22:31,740.2,552572
2021-06-17 09:22:32,740.2,552702
2021-06-17 09:22:33,740.3,554081
2021-06-17 09:22:34,740.3,554214
2021-06-17 09:22:35,740.3,554275
2021-06-17 09:22:36,740.3,555350
2021-06-17 09:22:37,740.1,556445
2021-06-17 09:22:39,740.2,556569
2021-06-17 09:22:40,740.1,556929
2021-06-17 09:22:42,740.0,565959
2021-06-17 09:22:43,740.0,566581
2021-06-17 09:22:44,740.1,567670
2021-06-17 09:22:45,740.15,567998
2021-06-17 09:22:46,740.15,569424
2021-06-17 09:22:47,740.05,570655
2021-06-17 09:22:48,740.15,570711
2021-06-17 09:22:49,740.15,572118
2021-06-17 09:22:50,740.2,572364
2021-06-17 09:22:51,740.2,575035
2021-06-17 09:22:52,740.2,575228
2021-06-17 09:22:53,740.2,576199
2021-06-17 09:22:54,740.5,581033
2021-06-17 09:22:55,740.4,581756
2021-06-17 09:22:56,740.35,581954
2021-06-17 09:22:57,740.35,581962
2021-06-17 09:22:58,740.3,582482
2021-06-17 09:22:59,740.6,582483
2021-06-17 09:23:00,740.3,582502
2021-06-17 09:23:01,740.35,583290
2021-06-17 09:23:02,740.35,583334
2021-06-17 09:23:03,740.3,583335
2021-06-17 09:23:04,740.35,583999
2021-06-17 09:23:05,740.35,585113
2021-06-17 09:23:06,740.35,585196
2021-06-17 09:23:07,740.35,585370
2021-06-17 09:23:08,740.35,585474
2021-06-17 09:23:09,740.35,585533
2021-06-17 09:23:10,740.3,585810
2021-06-17 09:23:11,740.35,586587
2021-06-17 09:23:12,740.35,586693
2021-06-17 09:23:13,740.35,587817
2021-06-17 09:23:15,740.35,588309
2021-06-17 09:23:14,740.3,588148
2021-06-17 09:23:16,740.35,588379
2021-06-17 09:23:17,740.35,591250
2021-06-17 09:23:18,740.3,591668
2021-06-17 09:23:19,740.35,592033
2021-06-17 09:23:20,740.3,592360
2021-06-17 09:23:21,740.35,594160
2021-06-17 09:23:22,740.35,594396
2021-06-17 09:23:23,740.3,594603
2021-06-17 09:23:24,740.35,594608
2021-06-17 09:23:25,740.35,597392
2021-06-17 09:23:26,740.45,597780
2021-06-17 09:23:27,740.35,597790
2021-06-17 09:23:28,740.45,598005
2021-06-17 09:23:29,740.45,598582
2021-06-17 09:23:30,740.45,598806
2021-06-17 09:23:32,740.45,599170
2021-06-17 09:23:31,740.45,599135
2021-06-17 09:23:33,740.45,600458
2021-06-17 09:23:34,740.5,601667
2021-06-17 09:23:35,740.6,603064
2021-06-17 09:23:36,740.5,603181
2021-06-17 09:23:37,740.6,603687
2021-06-17 09:23:38,740.6,604051
2021-06-17 09:23:39,740.7,605101
2021-06-17 09:23:40,740.7,605214
2021-06-17 09:23:41,740.7,605267
2021-06-17 09:23:42,740.7,605567
2021-06-17 09:23:43,740.7,605772
2021-06-17 09:23:44,740.7,605977
2021-06-17 09:23:45,740.7,607325
2021-06-17 09:23:46,740.8,609425
2021-06-17 09:23:47,740.7,610218
2021-06-17 09:23:48,741.4,617391
2021-06-17 09:23:49,741.4,618502
2021-06-17 09:23:50,741.4,618643
2021-06-17 09:23:52,741.5,620370
2021-06-17 09:23:51,741.4,618870
2021-06-17 09:23:53,741.4,620535
2021-06-17 09:23:54,741.5,622675
2021-06-17 09:23:56,741.5,624156
2021-06-17 09:23:57,741.6,624848
2021-06-17 09:23:58,741.6,624957
2021-06-17 09:23:59,741.5,625835
2021-06-17 09:24:00,741.5,625913
2021-06-17 09:24:02,741.5,626104
2021-06-17 09:24:01,741.5,626031
2021-06-17 09:24:03,741.5,627138
2021-06-17 09:24:04,741.65,627342
2021-06-17 09:24:05,741.35,628973
2021-06-17 09:24:06,741.6,629120
2021-06-17 09:24:07,741.7,629671
2021-06-17 09:24:09,741.65,631025
2021-06-17 09:24:09,741.7,631526
2021-06-17 09:24:10,741.65,633064
2021-06-17 09:24:12,741.85,634883
2021-06-17 09:24:13,741.7,635074
2021-06-17 09:24:14,741.8,635498
2021-06-17 09:24:15,741.95,637259
2021-06-17 09:24:16,741.85,637437
2021-06-17 09:24:17,741.9,637460
2021-06-17 09:24:19,741.85,637931
2021-06-17 09:24:20,741.9,638233
2021-06-17 09:24:21,742.0,640967
2021-06-17 09:24:22,741.9,641336
2021-06-17 09:24:24,742.25,645371
2021-06-17 09:24:26,742.25,646232
2021-06-17 09:24:26,742.4,647300
2021-06-17 09:24:27,742.4,648283
2021-06-17 09:24:29,742.3,649944
2021-06-17 09:24:29,742.2,650219
2021-06-17 09:24:30,742.5,650567
2021-06-17 09:24:31,742.35,657028
2021-06-17 09:24:32,742.4,658385
2021-06-17 09:24:33,742.6,658559
2021-06-17 09:24:35,742.25,660564
2021-06-17 09:24:35,742.5,660871
2021-06-17 09:24:36,742.45,661351
2021-06-17 09:24:37,742.25,661959
2021-06-17 09:24:38,742.25,662168
2021-06-17 09:24:39,742.35,662333
2021-06-17 09:24:40,742.35,662474
2021-06-17 09:24:41,742.35,662835
2021-06-17 09:24:43,742.45,663184
2021-06-17 09:24:44,742.5,663873
2021-06-17 09:24:45,742.55,667285
2021-06-17 09:24:46,742.65,668396
2021-06-17 09:24:48,742.65,669399
2021-06-17 09:24:49,742.45,669558
2021-06-17 09:24:50,742.8,670153
2021-06-17 09:24:51,742.55,671074
2021-06-17 09:24:52,742.65,672277
2021-06-17 09:24:53,742.75,672374
2021-06-17 09:24:54,742.65,673337
2021-06-17 09:24:55,742.8,673953
2021-06-17 09:24:56,742.65,674722
2021-06-17 09:24:56,742.65,674722
2021-06-17 09:24:57,743.0,676812
2021-06-17 09:24:59,743.0,678038
2021-06-17 09:24:59,743.15,678336
2021-06-17 09:25:00,743.0,679573
2021-06-17 09:25:02,743.0,680734
2021-06-17 09:25:03,742.5,683081
2021-06-17 09:25:04,742.7,685631
2021-06-17 09:25:05,742.15,689684
2021-06-17 09:25:06,742.6,690120
2021-06-17 09:25:06,742.6,690120
2021-06-17 09:25:07,742.6,690270
2021-06-17 09:25:08,742.6,690508
2021-06-17 09:25:09,742.3,690608
2021-06-17 09:25:11,742.6,692741
2021-06-17 09:25:12,742.8,692943
2021-06-17 09:25:13,742.65,693075
2021-06-17 09:25:14,742.65,693436
2021-06-17 09:25:15,742.8,693878
2021-06-17 09:25:15,742.65,693971
2021-06-17 09:25:16,742.8,694041
2021-06-17 09:25:17,742.65,694280
2021-06-17 09:25:18,742.8,695293
2021-06-17 09:25:19,742.8,696142
2021-06-17 09:25:20,742.8,696301
2021-06-17 09:25:21,742.8,697587
2021-06-17 09:25:22,742.8,697896
2021-06-17 09:25:23,742.8,699171
2021-06-17 09:25:25,742.85,699292
2021-06-17 09:25:25,742.85,699399
2021-06-17 09:25:26,742.85,699400
2021-06-17 09:25:27,742.75,699638
2021-06-17 09:25:28,742.85,701515
2021-06-17 09:25:29,742.7,701708
2021-06-17 09:25:30,742.6,701836
2021-06-17 09:25:31,742.9,709132
2021-06-17 09:25:32,742.85,710854
2021-06-17 09:25:33,743.0,712367
2021-06-17 09:25:34,742.75,714328
2021-06-17 09:25:39,742.9,716900
2021-06-17 09:25:39,742.9,717386
2021-06-17 09:25:41,742.6,719860
2021-06-17 09:25:41,742.6,720076
2021-06-17 09:25:43,742.9,720546
2021-06-17 09:25:43,742.55,722293
2021-06-17 09:25:45,742.75,726937
2021-06-17 09:25:45,742.7,726998
2021-06-17 09:25:46,742.75,727390
2021-06-17 09:25:47,742.6,727534
2021-06-17 09:25:48,742.5,727663
2021-06-17 09:25:49,742.5,727914
2021-06-17 09:25:50,742.5,728135
2021-06-17 09:25:51,742.5,728208
2021-06-17 09:25:53,742.25,729842
2021-06-17 09:25:53,742.5,729977
2021-06-17 09:25:54,742.45,730125
2021-06-17 09:25:55,742.25,730305
2021-06-17 09:25:56,742.25,730500
2021-06-17 09:25:57,742.25,730518
2021-06-17 09:25:58,742.25,730688
2021-06-17 09:25:59,742.25,730788
2021-06-17 09:26:00,742.15,733546
2021-06-17 09:26:01,742.25,733813
2021-06-17 09:26:02,742.25,733922
2021-06-17 09:26:03,742.25,734932
2021-06-17 09:26:04,742.25,735143
2021-06-17 09:26:06,742.2,735743
2021-06-17 09:26:06,742.25,736813
2021-06-17 09:26:07,742.05,737170
2021-06-17 09:26:08,742.35,737678
2021-06-17 09:26:09,742.35,737777
2021-06-17 09:26:10,742.35,737886
2021-06-17 09:26:12,742.35,738130
2021-06-17 09:26:13,742.1,738230
2021-06-17 09:26:15,742.3,739527
2021-06-17 09:26:15,742.3,739777
2021-06-17 09:26:17,742.15,740572
2021-06-17 09:26:18,742.15,740834
2021-06-17 09:26:18,742.3,740884
2021-06-17 09:26:20,742.3,740884
2021-06-17 09:26:21,742.3,740905
2021-06-17 09:26:22,742.05,740955
2021-06-17 09:26:23,742.0,747992
2021-06-17 09:26:24,741.9,749092
2021-06-17 09:26:25,741.85,749596
2021-06-17 09:26:26,742.15,750215
2021-06-17 09:26:26,742.15,750863
2021-06-17 09:26:28,742.15,751489
2021-06-17 09:26:29,742.25,751842
2021-06-17 09:26:29,742.25,751842
2021-06-17 09:26:30,742.25,751842
2021-06-17 09:26:31,742.35,754230
2021-06-17 09:26:34,742.4,755782
2021-06-17 09:26:35,742.35,756018
2021-06-17 09:26:36,742.5,756090
2021-06-17 09:26:37,742.6,756316
2021-06-17 09:26:37,742.4,756335
2021-06-17 09:26:39,742.4,757162
2021-06-17 09:26:40,742.4,757423
2021-06-17 09:26:41,742.6,758030
2021-06-17 09:26:42,742.6,758511
2021-06-17 09:26:44,742.65,758985
2021-06-17 09:26:44,742.35,759085
2021-06-17 09:26:45,742.35,759085
2021-06-17 09:26:46,742.1,759724
2021-06-17 09:26:47,742.45,759882
2021-06-17 09:26:48,742.5,759915
2021-06-17 09:26:49,742.25,759966
2021-06-17 09:26:50,742.25,759966
2021-06-17 09:26:52,742.25,760130
2021-06-17 09:26:53,742.1,760443
2021-06-17 09:26:54,742.5,760540
2021-06-17 09:26:55,742.5,760678
2021-06-17 09:26:56,742.35,760727
2021-06-17 09:26:57,742.5,760888
2021-06-17 09:26:58,742.5,761074
2021-06-17 09:26:59,742.4,761322
2021-06-17 09:27:00,742.5,761464
2021-06-17 09:27:01,742.4,761506
2021-06-17 09:27:02,742.6,761728
2021-06-17 09:27:03,742.4,761800
2021-06-17 09:27:04,742.4,761801
2021-06-17 09:27:05,742.5,761857
2021-06-17 09:27:06,742.5,761857
2021-06-17 09:27:07,742.5,761980
2021-06-17 09:27:08,742.6,762000
2021-06-17 09:27:09,742.5,762153
2021-06-17 09:27:10,742.5,762153
2021-06-17 09:27:11,742.5,762403
2021-06-17 09:27:12,742.5,763022
2021-06-17 09:27:13,742.7,763448
2021-06-17 09:27:14,742.45,763878
2021-06-17 09:27:15,742.6,764476
2021-06-17 09:27:16,742.6,765045
2021-06-17 09:27:17,742.6,765221
2021-06-17 09:27:18,742.6,765221
2021-06-17 09:27:19,742.75,766106
2021-06-17 09:27:20,742.45,766203
2021-06-17 09:27:21,742.6,766213
2021-06-17 09:27:22,742.7,766313
2021-06-17 09:27:23,742.5,766721
2021-06-17 09:27:24,742.5,766796
2021-06-17 09:27:25,742.6,767047
2021-06-17 09:27:26,742.8,767145
2021-06-17 09:27:27,742.8,767645
2021-06-17 09:27:28,742.8,767803
2021-06-17 09:27:29,742.8,767910
2021-06-17 09:27:30,742.8,767913
2021-06-17 09:27:31,742.8,767923
2021-06-17 09:27:32,742.8,768028
2021-06-17 09:27:33,742.7,768036
2021-06-17 09:27:34,742.8,768141
2021-06-17 09:27:35,742.7,769424
2021-06-17 09:27:36,742.9,769776
2021-06-17 09:27:37,742.9,770026
2021-06-17 09:27:38,742.9,770124
2021-06-17 09:27:39,742.9,770142
2021-06-17 09:27:41,742.9,770670
2021-06-17 09:27:41,742.9,770718
2021-06-17 09:27:42,743.0,771020
2021-06-17 09:27:43,742.9,771021
2021-06-17 09:27:44,743.0,771230
2021-06-17 09:27:45,743.0,771290
2021-06-17 09:27:46,742.9,771568
2021-06-17 09:27:47,743.0,771768
2021-06-17 09:27:48,743.35,779726
2021-06-17 09:27:49,743.3,780433
2021-06-17 09:27:50,743.45,781111
2021-06-17 09:27:51,743.4,782330
2021-06-17 09:27:52,743.45,782828
2021-06-17 09:27:53,743.2,782918
2021-06-17 09:27:54,743.45,782956
2021-06-17 09:27:55,743.4,782970
2021-06-17 09:27:56,743.2,783131
2021-06-17 09:27:57,743.2,783262
2021-06-17 09:27:58,743.45,784308
2021-06-17 09:27:59,743.5,784900
2021-06-17 09:28:01,743.25,785050
2021-06-17 09:28:00,743.25,785030
2021-06-17 09:28:02,743.2,785270
2021-06-17 09:28:03,743.25,785290
2021-06-17 09:28:04,743.35,785754
2021-06-17 09:28:05,743.15,786158
2021-06-17 09:28:06,743.15,786188
2021-06-17 09:28:07,743.05,786215
2021-06-17 09:28:08,743.1,786250
2021-06-17 09:28:09,743.05,786330
2021-06-17 09:28:10,743.05,786330
2021-06-17 09:28:12,743.05,787646
2021-06-17 09:28:13,743.15,788015
2021-06-17 09:28:13,743.15,788044
2021-06-17 09:28:14,743.2,788510
2021-06-17 09:28:16,742.9,789407
2021-06-17 09:28:17,743.0,790313
2021-06-17 09:28:18,743.0,790472
2021-06-17 09:28:19,742.95,790489
2021-06-17 09:28:19,743.0,790530
2021-06-17 09:28:21,742.85,790705
2021-06-17 09:28:22,742.7,790816
2021-06-17 09:28:23,742.7,790819
2021-06-17 09:28:24,742.95,790978
2021-06-17 09:28:25,743.0,791034
2021-06-17 09:28:26,742.7,791035
2021-06-17 09:28:28,742.6,791274
2021-06-17 09:28:28,742.6,791274
2021-06-17 09:28:30,742.7,792420
2021-06-17 09:28:31,742.9,792641
2021-06-17 09:28:33,742.9,792803
2021-06-17 09:28:34,742.9,792953
2021-06-17 09:28:35,742.9,792966
2021-06-17 09:28:36,743.0,795566
2021-06-17 09:28:37,742.9,795792
2021-06-17 09:28:38,742.7,795942
2021-06-17 09:28:39,742.7,796413
2021-06-17 09:28:40,742.9,796483
2021-06-17 09:28:41,742.7,797623
2021-06-17 09:28:42,742.75,798030
2021-06-17 09:28:43,742.7,799140
2021-06-17 09:28:44,742.7,799427
2021-06-17 09:28:45,742.8,799556
2021-06-17 09:28:46,742.8,799557
2021-06-17 09:28:47,742.8,799561
2021-06-17 09:28:48,742.8,799581
2021-06-17 09:28:49,742.7,799674
2021-06-17 09:28:50,742.8,799684
2021-06-17 09:28:51,742.8,799704
2021-06-17 09:28:52,742.8,799754
2021-06-17 09:28:54,742.8,799886
2021-06-17 09:28:53,742.8,799819
2021-06-17 09:28:55,742.8,799887
2021-06-17 09:28:56,742.8,800023
2021-06-17 09:28:57,742.9,800390
2021-06-17 09:28:57,742.9,800431
2021-06-17 09:28:58,742.7,800432
2021-06-17 09:28:59,742.8,800487
2021-06-17 09:29:00,742.8,800487
2021-06-17 09:29:01,742.8,800847
2021-06-17 09:29:02,742.7,800852
2021-06-17 09:29:03,742.7,800911
2021-06-17 09:29:04,742.9,801015
2021-06-17 09:29:05,742.8,801036
2021-06-17 09:29:06,742.8,801086
2021-06-17 09:29:07,742.9,801225
2021-06-17 09:29:08,742.8,801246
2021-06-17 09:29:09,742.7,801491
2021-06-17 09:29:10,742.8,801543
2021-06-17 09:29:11,742.8,801543
2021-06-17 09:29:12,742.8,801749
2021-06-17 09:29:14,742.9,801770
2021-06-17 09:29:15,742.9,801780
2021-06-17 09:29:16,742.8,801784
2021-06-17 09:29:17,742.85,801997
2021-06-17 09:29:18,742.95,802113
2021-06-17 09:29:19,742.95,802113
2021-06-17 09:29:20,742.95,802123
2021-06-17 09:29:20,743.0,802323
2021-06-17 09:29:21,743.0,802465
2021-06-17 09:29:22,742.9,802467
2021-06-17 09:29:23,743.0,802492
2021-06-17 09:29:24,742.9,803666
2021-06-17 09:29:25,743.0,803852
2021-06-17 09:29:26,742.95,804548
2021-06-17 09:29:27,742.95,804618
2021-06-17 09:29:28,742.95,804689
2021-06-17 09:29:30,743.0,804704
2021-06-17 09:29:30,743.1,807462
2021-06-17 09:29:32,743.05,808117
2021-06-17 09:29:33,743.3,808161
2021-06-17 09:29:34,743.4,808319
2021-06-17 09:29:35,743.4,808319
2021-06-17 09:29:36,743.35,808320
2021-06-17 09:29:37,743.3,808343
2021-06-17 09:29:38,743.35,808385
2021-06-17 09:29:39,743.35,808385
2021-06-17 09:29:40,743.45,808693
2021-06-17 09:29:42,743.35,808750
2021-06-17 09:29:42,743.35,808750
2021-06-17 09:29:43,743.45,808875
2021-06-17 09:29:44,743.5,808876
2021-06-17 09:29:45,743.5,809396
2021-06-17 09:29:46,743.4,809474
2021-06-17 09:29:47,743.5,810024
2021-06-17 09:29:48,743.5,810300
2021-06-17 09:29:49,743.5,810300
2021-06-17 09:29:50,743.5,810845
2021-06-17 09:29:51,743.5,811013
2021-06-17 09:29:52,743.5,811334
2021-06-17 09:29:54,743.5,815049
2021-06-17 09:29:54,743.6,815970
2021-06-17 09:29:55,743.5,816177
2021-06-17 09:29:56,743.45,816315
2021-06-17 09:29:57,743.5,816348
2021-06-17 09:29:58,743.5,816348
2021-06-17 09:29:59,743.5,816348
2021-06-17 09:30:00,743.5,816487
2021-06-17 09:30:01,743.75,819586
2021-06-17 09:30:02,743.6,821227
2021-06-17 09:30:03,743.9,823082
2021-06-17 09:30:04,743.9,824040
2021-06-17 09:30:05,743.9,824548
2021-06-17 09:30:06,743.9,824679
2021-06-17 09:30:07,743.6,824749
2021-06-17 09:30:08,743.6,824749
2021-06-17 09:30:09,743.7,824909
2021-06-17 09:30:10,743.65,827499
2021-06-17 09:30:11,743.9,827927
2021-06-17 09:30:13,743.9,827947
2021-06-17 09:30:14,743.9,828794
2021-06-17 09:30:15,743.95,832144
2021-06-17 09:30:16,744.45,842398
2021-06-17 09:30:18,744.45,843971
2021-06-17 09:30:18,744.5,844347
2021-06-17 09:30:19,744.2,844839
2021-06-17 09:30:20,744.2,845191
2021-06-17 09:30:21,744.2,845466
2021-06-17 09:30:22,743.9,846025
2021-06-17 09:30:23,743.95,846269
2021-06-17 09:30:24,744.05,847003
2021-06-17 09:30:25,743.8,847158
2021-06-17 09:30:26,744.15,847257
2021-06-17 09:30:27,744.15,847562
2021-06-17 09:30:28,744.05,847951
2021-06-17 09:30:30,744.0,848006
2021-06-17 09:30:31,744.05,848829
2021-06-17 09:30:32,743.85,849278
2021-06-17 09:30:32,744.05,849604
2021-06-17 09:30:33,744.05,849614
2021-06-17 09:30:34,744.05,850051
2021-06-17 09:30:35,744.1,850213
2021-06-17 09:30:36,744.0,850742
2021-06-17 09:30:37,744.1,850807
2021-06-17 09:30:38,743.9,851462
2021-06-17 09:30:39,743.9,851747
2021-06-17 09:30:40,743.9,851750
2021-06-17 09:30:41,743.85,852837
2021-06-17 09:30:42,743.75,853127
2021-06-17 09:30:43,743.75,853127
2021-06-17 09:30:45,743.75,853127
2021-06-17 09:30:46,743.7,853263
2021-06-17 09:30:47,743.85,853389
2021-06-17 09:30:48,743.8,853916
2021-06-17 09:30:49,743.9,855201
2021-06-17 09:30:50,743.75,855626
2021-06-17 09:30:51,743.7,855632
2021-06-17 09:30:52,743.75,855662
2021-06-17 09:30:53,743.6,856249
2021-06-17 09:30:54,743.55,856846
2021-06-17 09:30:55,743.65,856894
2021-06-17 09:30:56,743.55,857424
2021-06-17 09:30:57,743.6,857500
2021-06-17 09:30:58,743.6,857575
2021-06-17 09:30:59,743.55,858885
2021-06-17 09:31:00,743.4,859010
2021-06-17 09:31:01,743.4,859010
2021-06-17 09:31:02,743.65,859120
2021-06-17 09:31:03,743.65,859420
2021-06-17 09:31:04,743.4,859520
2021-06-17 09:31:05,743.55,859561
2021-06-17 09:31:06,743.4,859906
2021-06-17 09:31:07,743.5,860429
2021-06-17 09:31:08,743.6,860501
2021-06-17 09:31:10,743.4,860651
2021-06-17 09:31:09,743.4,860651
2021-06-17 09:31:10,743.5,860663
2021-06-17 09:31:12,743.55,860879
2021-06-17 09:31:13,743.4,861129
2021-06-17 09:31:14,743.4,861435
2021-06-17 09:31:15,743.55,861685
2021-06-17 09:31:16,743.4,861731
2021-06-17 09:31:17,743.4,861983
2021-06-17 09:31:18,743.2,867175
2021-06-17 09:31:19,743.3,867729
2021-06-17 09:31:21,743.3,870739
2021-06-17 09:31:23,743.3,870961
2021-06-17 09:31:24,743.05,871204
2021-06-17 09:31:25,743.3,871227
2021-06-17 09:31:26,743.3,871227
2021-06-17 09:31:27,743.05,871350
2021-06-17 09:31:28,743.05,876262
2021-06-17 09:31:29,743.05,876688
2021-06-17 09:31:30,742.75,877122
2021-06-17 09:31:32,742.7,877255
2021-06-17 09:31:31,743.0,877192
2021-06-17 09:31:33,742.9,877307
2021-06-17 09:31:34,742.9,877500
2021-06-17 09:31:35,742.7,877636
2021-06-17 09:31:36,742.9,877677
2021-06-17 09:31:36,742.9,877697
2021-06-17 09:31:37,742.9,877703
2021-06-17 09:31:38,742.7,879063
2021-06-17 09:31:39,742.65,879197
2021-06-17 09:31:40,742.65,879198
2021-06-17 09:31:41,742.6,879373
2021-06-17 09:31:43,742.9,879473
2021-06-17 09:31:44,742.8,879652
2021-06-17 09:31:45,742.7,880392
2021-06-17 09:31:46,742.8,880451
2021-06-17 09:31:47,742.85,880633
2021-06-17 09:31:49,742.9,880668
2021-06-17 09:31:50,742.9,882090
2021-06-17 09:31:52,742.95,885522
2021-06-17 09:31:53,742.95,885901
2021-06-17 09:31:55,742.95,885975
2021-06-17 09:31:56,743.0,886030
2021-06-17 09:31:56,743.0,886049
2021-06-17 09:31:57,743.0,886049
2021-06-17 09:31:59,742.95,886811
2021-06-17 09:32:00,742.95,886811
2021-06-17 09:32:01,742.95,886811
2021-06-17 09:32:02,742.95,886811
2021-06-17 09:32:03,742.95,886908
2021-06-17 09:32:04,742.95,887248
2021-06-17 09:32:05,742.95,887456
2021-06-17 09:32:06,742.95,887513
2021-06-17 09:32:07,742.9,888325
2021-06-17 09:32:08,742.65,888926
2021-06-17 09:32:09,743.0,888936
2021-06-17 09:32:10,743.0,889103
2021-06-17 09:32:11,743.0,889103
2021-06-17 09:32:12,742.95,889492
2021-06-17 09:32:13,743.0,889678
2021-06-17 09:32:14,743.1,889693
2021-06-17 09:32:15,743.0,890158
2021-06-17 09:32:16,742.8,890331
2021-06-17 09:32:17,743.0,890385
2021-06-17 09:32:18,742.9,890397
2021-06-17 09:32:19,742.9,890474
2021-06-17 09:32:20,742.9,890633
2021-06-17 09:32:21,742.9,890824
2021-06-17 09:32:22,742.9,890958
2021-06-17 09:32:23,743.1,890994
2021-06-17 09:32:24,742.9,891117
2021-06-17 09:32:25,743.1,891386
2021-06-17 09:32:26,743.1,891391
2021-06-17 09:32:27,743.1,891391
2021-06-17 09:32:28,743.1,891391
2021-06-17 09:32:29,743.15,892003
2021-06-17 09:32:30,743.3,892075
2021-06-17 09:32:31,743.3,892075
2021-06-17 09:32:32,743.4,892740
2021-06-17 09:32:33,743.3,893439
2021-06-17 09:32:34,743.6,893995
2021-06-17 09:32:35,743.3,894240
2021-06-17 09:32:36,743.3,894329
2021-06-17 09:32:37,743.4,894385
2021-06-17 09:32:38,743.45,895404
2021-06-17 09:32:39,743.55,895739
2021-06-17 09:32:40,743.55,895739
2021-06-17 09:32:41,743.3,895889
2021-06-17 09:32:43,743.45,896089
2021-06-17 09:32:44,743.5,896280
2021-06-17 09:32:45,743.3,896410
2021-06-17 09:32:46,743.45,896415
2021-06-17 09:32:47,743.3,896496
2021-06-17 09:32:48,743.3,896546
2021-06-17 09:32:50,743.35,897734
2021-06-17 09:32:49,743.3,897675
2021-06-17 09:32:51,743.35,897735
2021-06-17 09:32:52,743.4,897747
2021-06-17 09:32:53,743.4,897747
2021-06-17 09:32:54,743.35,898492
2021-06-17 09:32:55,743.4,898557
2021-06-17 09:32:56,743.4,898899
2021-06-17 09:32:57,743.4,898929
2021-06-17 09:32:58,743.3,899460
2021-06-17 09:32:59,743.15,899600
2021-06-17 09:33:00,743.45,902086
2021-06-17 09:33:01,743.45,902340
2021-06-17 09:33:02,743.45,902340
2021-06-17 09:33:04,743.4,902485
2021-06-17 09:33:03,743.4,902485
2021-06-17 09:33:05,743.4,902607
2021-06-17 09:33:06,743.35,902853
2021-06-17 09:33:07,742.95,903695
2021-06-17 09:33:08,743.25,903763
2021-06-17 09:33:09,743.25,903763
2021-06-17 09:33:10,743.25,903766
2021-06-17 09:33:11,743.2,903771
2021-06-17 09:33:12,743.3,905072
2021-06-17 09:33:13,743.3,905197
2021-06-17 09:33:14,743.1,905207
2021-06-17 09:33:15,743.1,905207
2021-06-17 09:33:16,743.3,905253
2021-06-17 09:33:17,743.25,905774
2021-06-17 09:33:18,743.25,906260
2021-06-17 09:33:19,743.3,906535
2021-06-17 09:33:20,743.3,906585
2021-06-17 09:33:21,743.3,906635
2021-06-17 09:33:22,743.3,906635
2021-06-17 09:33:23,743.3,906635
2021-06-17 09:33:24,743.45,906971
2021-06-17 09:33:25,743.3,907063
2021-06-17 09:33:26,743.4,907165
2021-06-17 09:33:27,743.45,907166
2021-06-17 09:33:28,743.45,907166
2021-06-17 09:33:29,743.45,907267
2021-06-17 09:33:30,743.45,907267
2021-06-17 09:33:31,743.45,907679
2021-06-17 09:33:32,743.45,907679
2021-06-17 09:33:33,743.45,907965
2021-06-17 09:33:34,743.4,908323
2021-06-17 09:33:35,743.45,908418
2021-06-17 09:33:36,743.5,909390
2021-06-17 09:33:37,743.4,909485
2021-06-17 09:33:38,743.2,910668
2021-06-17 09:33:40,743.25,911251
2021-06-17 09:33:41,743.25,911251
2021-06-17 09:33:42,743.15,911409
2021-06-17 09:33:43,743.3,911483
2021-06-17 09:33:45,743.25,911695
2021-06-17 09:33:46,743.25,912866
2021-06-17 09:33:47,743.3,912985
2021-06-17 09:33:48,743.3,913095
2021-06-17 09:33:49,743.1,913289
2021-06-17 09:33:50,743.35,913685
2021-06-17 09:33:51,743.4,913732
2021-06-17 09:33:52,743.4,913837
2021-06-17 09:33:53,743.25,914039
2021-06-17 09:33:54,743.3,914092
2021-06-17 09:33:55,743.3,914249
2021-06-17 09:33:56,743.35,914266
2021-06-17 09:33:57,743.3,914287
2021-06-17 09:33:58,743.4,914763
2021-06-17 09:33:59,743.25,915044
2021-06-17 09:34:02,743.35,915626
2021-06-17 09:34:03,743.35,915676
2021-06-17 09:34:04,743.3,915726
2021-06-17 09:34:05,743.35,915776
2021-06-17 09:34:07,743.35,916206
2021-06-17 09:34:09,743.4,916466
2021-06-17 09:34:10,743.3,916471
2021-06-17 09:34:11,743.5,916867
2021-06-17 09:34:12,743.5,916906
2021-06-17 09:34:13,743.45,918229
2021-06-17 09:34:14,743.35,918273
2021-06-17 09:34:15,743.35,918273
2021-06-17 09:34:16,743.35,918346
2021-06-17 09:34:18,743.45,918353
2021-06-17 09:34:19,743.45,918354
2021-06-17 09:34:20,743.5,918429
2021-06-17 09:34:21,743.5,919791
2021-06-17 09:34:22,743.5,919916
2021-06-17 09:34:23,743.4,920091
2021-06-17 09:34:24,743.5,920120
2021-06-17 09:34:25,743.4,920220
2021-06-17 09:34:26,743.45,921688
2021-06-17 09:34:27,743.5,921815
2021-06-17 09:34:28,743.5,922695
2021-06-17 09:34:29,743.55,923060
2021-06-17 09:34:30,743.45,923065
2021-06-17 09:34:31,743.55,923094
2021-06-17 09:34:32,743.55,923119
2021-06-17 09:34:33,743.55,923121
2021-06-17 09:34:35,743.55,923173
2021-06-17 09:34:34,743.5,923122
2021-06-17 09:34:36,743.5,923221
2021-06-17 09:34:37,743.5,923239
2021-06-17 09:34:38,743.55,923483
2021-06-17 09:34:39,743.55,924435
2021-06-17 09:34:40,743.5,924658
2021-06-17 09:34:42,743.6,924908
2021-06-17 09:34:43,743.6,924914
2021-06-17 09:34:45,743.6,926591
2021-06-17 09:34:44,743.5,925966
2021-06-17 09:34:46,743.55,926710
2021-06-17 09:34:48,743.6,926725
2021-06-17 09:34:48,743.55,926728
2021-06-17 09:34:49,743.55,926731
2021-06-17 09:34:50,743.55,927098
2021-06-17 09:34:51,743.6,927203
2021-06-17 09:34:52,743.55,927313
2021-06-17 09:34:53,743.65,927324
2021-06-17 09:34:54,743.55,927336
2021-06-17 09:34:55,743.55,927600
2021-06-17 09:34:56,743.65,927666
2021-06-17 09:34:57,743.55,927828
2021-06-17 09:34:58,743.6,927844
2021-06-17 09:34:59,743.6,927947
2021-06-17 09:35:00,743.55,928295
2021-06-17 09:35:01,743.55,928390
2021-06-17 09:35:02,743.6,928400
2021-06-17 09:35:03,743.65,929020
2021-06-17 09:35:04,743.55,929210
2021-06-17 09:35:05,743.65,929229
2021-06-17 09:35:06,743.55,929241
2021-06-17 09:35:07,743.55,929244
2021-06-17 09:35:08,743.55,929535
2021-06-17 09:35:10,743.75,932565
2021-06-17 09:35:11,743.85,932759
2021-06-17 09:35:12,743.8,932830
2021-06-17 09:35:13,743.95,933014
2021-06-17 09:35:14,743.85,933142
2021-06-17 09:35:15,743.9,933183
2021-06-17 09:35:16,744.0,933493
2021-06-17 09:35:17,743.9,934152
2021-06-17 09:35:18,743.95,934336
2021-06-17 09:35:19,744.0,939297
2021-06-17 09:35:20,744.05,940204
2021-06-17 09:35:22,743.9,940320
2021-06-17 09:35:23,743.9,940320
2021-06-17 09:35:24,743.95,940475
2021-06-17 09:35:25,743.95,941780
2021-06-17 09:35:26,743.95,942100
2021-06-17 09:35:27,743.95,942396
2021-06-17 09:35:28,744.0,942508
2021-06-17 09:35:29,744.0,942551
2021-06-17 09:35:29,744.0,942547
2021-06-17 09:35:30,744.0,942552
2021-06-17 09:35:31,743.95,942593
2021-06-17 09:35:32,743.95,943287
2021-06-17 09:35:34,744.0,943454
2021-06-17 09:35:35,744.05,943518
2021-06-17 09:35:36,744.05,943524
2021-06-17 09:35:37,744.05,943574
2021-06-17 09:35:38,744.05,943574
2021-06-17 09:35:39,744.0,943646
2021-06-17 09:35:40,744.1,944394
2021-06-17 09:35:41,744.1,944483
2021-06-17 09:35:42,744.1,944483
2021-06-17 09:35:43,744.0,944700
2021-06-17 09:35:45,744.15,945093
2021-06-17 09:35:45,744.15,945093
2021-06-17 09:35:47,744.05,945147
2021-06-17 09:35:48,744.15,945224
2021-06-17 09:35:49,744.15,945224
2021-06-17 09:35:50,744.15,945600
2021-06-17 09:35:51,744.2,945642
2021-06-17 09:35:52,744.1,945695
2021-06-17 09:35:53,744.1,945695
2021-06-17 09:35:54,744.2,946854
2021-06-17 09:35:55,744.1,947633
2021-06-17 09:35:56,744.15,947699
2021-06-17 09:35:57,744.2,947704
2021-06-17 09:35:58,744.1,947714
2021-06-17 09:35:59,744.1,947868
2021-06-17 09:36:00,743.9,950818
2021-06-17 09:36:01,743.95,951505
2021-06-17 09:36:02,744.1,952708
2021-06-17 09:36:03,744.15,952805
2021-06-17 09:36:04,744.15,952805
2021-06-17 09:36:05,744.15,952805
2021-06-17 09:36:06,744.0,953068
2021-06-17 09:36:07,743.9,953099
2021-06-17 09:36:08,743.95,954967
2021-06-17 09:36:09,744.1,955413
2021-06-17 09:36:10,744.1,956003
2021-06-17 09:36:11,744.25,956193
2021-06-17 09:36:12,744.1,956609
2021-06-17 09:36:13,744.1,956621
2021-06-17 09:36:14,744.45,959373
2021-06-17 09:36:15,744.35,960415
2021-06-17 09:36:16,744.4,960510
2021-06-17 09:36:17,744.4,960580
2021-06-17 09:36:18,744.1,963590
2021-06-17 09:36:19,744.1,963863
2021-06-17 09:36:20,744.35,963888
2021-06-17 09:36:21,744.35,963889
2021-06-17 09:36:23,744.35,963904
2021-06-17 09:36:23,744.35,964002
2021-06-17 09:36:24,744.3,964055
2021-06-17 09:36:25,744.1,964169
2021-06-17 09:36:26,744.3,964195
2021-06-17 09:36:27,744.35,964632
2021-06-17 09:36:28,744.35,964669
2021-06-17 09:36:29,744.1,964816
2021-06-17 09:36:30,744.3,964870
2021-06-17 09:36:32,744.1,965024
2021-06-17 09:36:31,744.1,964964
2021-06-17 09:36:33,744.1,965024
2021-06-17 09:36:34,744.15,965320
2021-06-17 09:36:35,744.15,965562
2021-06-17 09:36:36,744.15,965647
2021-06-17 09:36:37,744.15,965867
2021-06-17 09:36:38,744.25,965872
2021-06-17 09:36:39,744.15,965993
2021-06-17 09:36:40,744.15,965993
2021-06-17 09:36:41,744.2,965995
2021-06-17 09:36:43,744.2,965995
2021-06-17 09:36:44,744.2,966133
2021-06-17 09:36:44,744.2,966133
2021-06-17 09:36:45,744.1,967966
2021-06-17 09:36:46,743.9,969047
2021-06-17 09:36:47,743.9,969139
2021-06-17 09:36:49,743.6,969144
2021-06-17 09:36:50,743.6,969154
2021-06-17 09:36:50,743.6,969154
2021-06-17 09:36:51,743.8,969211
2021-06-17 09:36:52,743.8,969212
2021-06-17 09:36:54,743.65,970505
2021-06-17 09:36:54,743.45,970502
2021-06-17 09:36:55,743.7,970620
2021-06-17 09:36:57,743.6,970623
2021-06-17 09:36:58,743.4,970631
2021-06-17 09:36:58,743.35,970680
2021-06-17 09:37:00,743.5,971105
2021-06-17 09:37:01,743.5,971156
2021-06-17 09:37:02,743.25,971157
2021-06-17 09:37:03,743.2,971265
2021-06-17 09:37:04,743.15,971568
2021-06-17 09:37:05,743.45,971868
2021-06-17 09:37:06,743.35,972563
2021-06-17 09:37:07,743.35,972744
2021-06-17 09:37:08,743.35,972744
2021-06-17 09:37:09,743.35,972764
2021-06-17 09:37:11,743.35,972774
2021-06-17 09:37:12,743.35,972775
2021-06-17 09:37:13,743.55,973781
2021-06-17 09:37:13,743.4,973879
2021-06-17 09:37:15,743.4,973879
2021-06-17 09:37:16,743.4,973879
2021-06-17 09:37:16,743.4,973879
2021-06-17 09:37:17,743.45,974040
2021-06-17 09:37:18,743.45,974040
2021-06-17 09:37:19,743.5,974541
2021-06-17 09:37:20,743.5,974602
2021-06-17 09:37:21,743.45,974603
2021-06-17 09:37:22,743.5,974625
2021-06-17 09:37:23,743.45,974796
2021-06-17 09:37:24,743.5,975006
2021-06-17 09:37:25,743.75,975044
2021-06-17 09:37:26,743.75,975044
2021-06-17 09:37:27,743.85,975101
2021-06-17 09:37:28,743.85,975109
2021-06-17 09:37:29,743.8,975117
2021-06-17 09:37:32,743.6,975347
2021-06-17 09:37:33,743.85,975499
2021-06-17 09:37:34,743.6,975569
2021-06-17 09:37:34,743.6,975569
2021-06-17 09:37:35,743.6,976192
2021-06-17 09:37:36,743.6,976352
2021-06-17 09:37:37,743.6,976352
2021-06-17 09:37:38,743.6,976436
2021-06-17 09:37:39,743.6,976436
2021-06-17 09:37:40,743.6,976436
2021-06-17 09:37:41,743.65,976456
2021-06-17 09:37:42,743.75,976479
2021-06-17 09:37:43,743.7,976480
2021-06-17 09:37:44,743.7,976482
2021-06-17 09:37:45,743.65,976483
2021-06-17 09:37:47,743.65,976483
2021-06-17 09:37:48,743.65,976689
2021-06-17 09:37:49,743.65,977080
2021-06-17 09:37:50,743.75,977131
2021-06-17 09:37:51,743.65,977134
2021-06-17 09:37:53,743.7,977204
2021-06-17 09:37:54,743.7,977288
2021-06-17 09:37:55,743.7,977368
2021-06-17 09:37:56,743.65,977516
2021-06-17 09:37:57,743.65,977716
2021-06-17 09:37:58,743.8,978761
2021-06-17 09:38:00,743.8,978873
2021-06-17 09:38:01,743.8,979927
2021-06-17 09:38:02,743.75,980287
2021-06-17 09:38:04,744.2,984566
2021-06-17 09:38:05,743.95,984694
2021-06-17 09:38:06,743.95,984868
2021-06-17 09:38:07,743.95,984919
2021-06-17 09:38:08,743.95,985488
2021-06-17 09:38:09,744.05,985558
2021-06-17 09:38:10,743.8,987068
2021-06-17 09:38:11,743.65,987195
2021-06-17 09:38:13,743.65,987195
2021-06-17 09:38:14,743.65,987195
2021-06-17 09:38:15,743.65,987220
2021-06-17 09:38:16,743.65,987220
2021-06-17 09:38:17,743.8,987286
2021-06-17 09:38:19,743.8,987476
2021-06-17 09:38:20,743.8,987507
2021-06-17 09:38:21,743.8,987507
2021-06-17 09:38:21,743.8,987507
2021-06-17 09:38:23,743.9,987596
2021-06-17 09:38:23,743.9,987596
2021-06-17 09:38:25,743.9,987596
2021-06-17 09:38:26,743.8,989095
2021-06-17 09:38:27,743.5,989950
2021-06-17 09:38:27,743.75,990118
2021-06-17 09:38:29,743.5,990415
2021-06-17 09:38:30,743.65,990552
2021-06-17 09:38:30,743.65,990552
2021-06-17 09:38:32,743.65,990652
2021-06-17 09:38:34,743.65,990791
2021-06-17 09:38:35,743.5,990821
2021-06-17 09:38:37,743.5,990835
2021-06-17 09:38:38,743.5,990838
2021-06-17 09:38:39,743.65,991090
2021-06-17 09:38:39,743.5,991246
2021-06-17 09:38:41,743.75,991759
2021-06-17 09:38:40,743.65,991258
2021-06-17 09:38:42,743.7,991813
2021-06-17 09:38:44,743.5,992653
2021-06-17 09:38:45,743.5,992820
2021-06-17 09:38:46,743.5,993198
2021-06-17 09:38:47,743.5,993293
2021-06-17 09:38:48,743.65,993393
2021-06-17 09:38:49,743.65,993393
2021-06-17 09:38:49,743.65,993393
2021-06-17 09:38:50,743.65,993549
2021-06-17 09:38:52,743.65,993551
2021-06-17 09:38:53,743.75,994064
2021-06-17 09:38:53,743.75,993999
2021-06-17 09:38:54,743.75,994208
2021-06-17 09:38:55,743.8,994551
2021-06-17 09:38:56,743.8,995223
2021-06-17 09:38:57,743.75,995278
2021-06-17 09:38:58,743.85,995523
2021-06-17 09:38:59,743.8,995683
2021-06-17 09:39:00,743.85,995798
2021-06-17 09:39:01,743.85,996241
2021-06-17 09:39:02,744.0,996391
2021-06-17 09:39:03,743.95,996392
2021-06-17 09:39:04,743.85,996436
2021-06-17 09:39:06,743.9,996439
2021-06-17 09:39:07,743.95,996453
2021-06-17 09:39:08,743.85,996545
2021-06-17 09:39:09,743.9,996996
2021-06-17 09:39:10,743.9,997517
2021-06-17 09:39:11,743.85,997561
2021-06-17 09:39:12,743.75,997617
2021-06-17 09:39:12,743.75,997617
2021-06-17 09:39:13,743.75,997619
2021-06-17 09:39:14,743.95,998119
2021-06-17 09:39:15,743.7,1000265
2021-06-17 09:39:17,743.8,1000445
2021-06-17 09:39:18,743.75,1000892
2021-06-17 09:39:19,743.5,1000913
2021-06-17 09:39:20,743.75,1000966
2021-06-17 09:39:21,743.5,1001038
2021-06-17 09:39:22,743.5,1001392
2021-06-17 09:39:23,743.5,1001475
2021-06-17 09:39:24,743.6,1001636
2021-06-17 09:39:25,743.6,1001650
2021-06-17 09:39:26,743.6,1001667
2021-06-17 09:39:27,743.55,1001671
2021-06-17 09:39:28,743.5,1001722
2021-06-17 09:39:29,743.75,1002023
2021-06-17 09:39:30,743.75,1002026
2021-06-17 09:39:31,743.75,1002027
2021-06-17 09:39:32,743.6,1002028
2021-06-17 09:39:33,743.6,1002028
2021-06-17 09:39:34,743.6,1002028
2021-06-17 09:39:35,743.55,1002060
2021-06-17 09:39:37,743.55,1002404
2021-06-17 09:39:38,743.75,1002468
2021-06-17 09:39:39,743.85,1002968
2021-06-17 09:39:40,743.75,1003016
2021-06-17 09:39:41,743.6,1003017
2021-06-17 09:39:42,743.85,1003191
2021-06-17 09:39:42,743.6,1003080
2021-06-17 09:39:43,743.85,1003468
2021-06-17 09:39:44,743.65,1003515
2021-06-17 09:39:45,743.65,1003558
2021-06-17 09:39:46,743.65,1003594
2021-06-17 09:39:47,743.65,1003594
2021-06-17 09:39:48,743.65,1004565
2021-06-17 09:39:49,743.8,1005675
2021-06-17 09:39:50,743.75,1005767
2021-06-17 09:39:51,743.7,1005860
2021-06-17 09:39:52,743.65,1005863
2021-06-17 09:39:53,743.75,1005864
2021-06-17 09:39:55,743.65,1006080
2021-06-17 09:39:57,743.5,1006098
2021-06-17 09:39:57,743.5,1006098
2021-06-17 09:39:58,743.5,1006100
2021-06-17 09:39:59,743.5,1006100
2021-06-17 09:40:01,743.5,1006192
2021-06-17 09:40:02,743.5,1006196
2021-06-17 09:40:03,743.6,1006201
2021-06-17 09:40:04,743.5,1006202
2021-06-17 09:40:05,743.5,1006493
2021-06-17 09:40:06,743.55,1006871
2021-06-17 09:40:07,743.5,1007025
2021-06-17 09:40:08,743.55,1007039
2021-06-17 09:40:09,743.5,1007046
2021-06-17 09:40:10,743.5,1007150
2021-06-17 09:40:10,743.5,1007179
2021-06-17 09:40:12,743.5,1009255
2021-06-17 09:40:13,743.3,1009480
2021-06-17 09:40:14,743.1,1010198
2021-06-17 09:40:15,743.05,1010608
2021-06-17 09:40:16,743.05,1010630
2021-06-17 09:40:17,743.3,1010676
2021-06-17 09:40:18,743.3,1010921
2021-06-17 09:40:19,743.3,1010921
2021-06-17 09:40:19,743.05,1011015
2021-06-17 09:40:20,743.0,1011081
2021-06-17 09:40:21,743.05,1011265
2021-06-17 09:40:22,743.05,1011330
2021-06-17 09:40:23,743.0,1011361
2021-06-17 09:40:24,743.3,1011572
2021-06-17 09:40:26,743.15,1011613
2021-06-17 09:40:27,743.15,1011814
2021-06-17 09:40:28,743.2,1012044
2021-06-17 09:40:28,743.2,1012046
2021-06-17 09:40:30,743.2,1012363
2021-06-17 09:40:31,743.3,1012427
2021-06-17 09:40:32,743.3,1012427
2021-06-17 09:40:34,743.2,1012432
2021-06-17 09:40:36,743.3,1012435
2021-06-17 09:40:37,743.2,1012617
2021-06-17 09:40:38,743.2,1012617
2021-06-17 09:40:39,743.2,1012617
2021-06-17 09:40:41,743.3,1012848
2021-06-17 09:40:42,743.25,1013179
2021-06-17 09:40:43,743.4,1013205
2021-06-17 09:40:44,743.25,1013462
2021-06-17 09:40:45,743.25,1013871
2021-06-17 09:40:46,743.3,1013959
2021-06-17 09:40:47,743.3,1014660
2021-06-17 09:40:48,743.3,1015336
2021-06-17 09:40:49,743.4,1015420
2021-06-17 09:40:50,743.4,1015420
2021-06-17 09:40:51,743.4,1015420
2021-06-17 09:40:52,743.4,1015420
2021-06-17 09:40:53,743.4,1015420
2021-06-17 09:40:54,743.35,1015441
2021-06-17 09:40:54,743.35,1015441
2021-06-17 09:40:55,743.35,1015441
2021-06-17 09:40:56,743.35,1015441
2021-06-17 09:40:58,743.45,1016422
2021-06-17 09:40:59,743.9,1016704
2021-06-17 09:41:00,743.55,1016753
2021-06-17 09:41:01,743.55,1016753
2021-06-17 09:41:02,743.55,1016753
2021-06-17 09:41:03,743.85,1016852
2021-06-17 09:41:04,743.65,1016939
2021-06-17 09:41:06,743.65,1017328
2021-06-17 09:41:07,743.75,1017382
2021-06-17 09:41:07,743.75,1017382
2021-06-17 09:41:08,743.75,1017442
2021-06-17 09:41:10,743.75,1017494
2021-06-17 09:41:11,743.8,1017508
2021-06-17 09:41:11,743.8,1017508
2021-06-17 09:41:12,743.8,1017510
2021-06-17 09:41:13,743.7,1017943
2021-06-17 09:41:14,743.7,1017944
2021-06-17 09:41:15,743.7,1017944
2021-06-17 09:41:16,743.7,1017944
2021-06-17 09:41:17,743.85,1017949
2021-06-17 09:41:18,743.85,1018359
2021-06-17 09:41:19,743.85,1019817
2021-06-17 09:41:20,743.85,1020174
2021-06-17 09:41:21,743.9,1020768
2021-06-17 09:41:22,743.75,1020816
2021-06-17 09:41:23,743.85,1022393
2021-06-17 09:41:24,744.1,1028952
2021-06-17 09:41:25,744.2,1029477
2021-06-17 09:41:26,744.0,1029520
2021-06-17 09:41:27,744.2,1029567
2021-06-17 09:41:29,744.2,1030028
2021-06-17 09:41:29,744.2,1030035
2021-06-17 09:41:30,744.3,1030073
2021-06-17 09:41:31,744.3,1030316
2021-06-17 09:41:32,744.2,1030366
2021-06-17 09:41:33,744.3,1030499
2021-06-17 09:41:34,744.3,1030626
2021-06-17 09:41:36,744.2,1031232
2021-06-17 09:41:36,744.3,1031291
2021-06-17 09:41:37,744.3,1031391
2021-06-17 09:41:39,744.25,1031528
2021-06-17 09:41:40,744.2,1031902
2021-06-17 09:41:42,744.3,1031932
2021-06-17 09:41:41,744.3,1031932
2021-06-17 09:41:43,744.3,1031932
2021-06-17 09:41:44,744.3,1031932
2021-06-17 09:41:45,744.25,1031934
2021-06-17 09:41:46,744.25,1031973
2021-06-17 09:41:47,744.3,1031988
2021-06-17 09:41:48,744.3,1032728
2021-06-17 09:41:49,744.25,1032851
2021-06-17 09:41:50,744.4,1038375
2021-06-17 09:41:51,744.7,1039027
2021-06-17 09:41:53,744.65,1040176
2021-06-17 09:41:54,744.5,1040346
2021-06-17 09:41:55,744.5,1040346
2021-06-17 09:41:55,744.6,1040396
2021-06-17 09:41:57,744.75,1040397
2021-06-17 09:41:58,744.8,1041753
2021-06-17 09:41:59,744.7,1042646
2021-06-17 09:42:00,744.7,1044173
2021-06-17 09:42:01,744.65,1045110
2021-06-17 09:42:02,744.85,1045210
2021-06-17 09:42:03,744.65,1045316
2021-06-17 09:42:04,744.65,1045321
2021-06-17 09:42:05,744.45,1045625
2021-06-17 09:42:06,744.75,1046436
2021-06-17 09:42:07,744.75,1046586
2021-06-17 09:42:07,744.75,1046586
2021-06-17 09:42:08,744.7,1046638
2021-06-17 09:42:09,744.75,1046740
2021-06-17 09:42:10,744.65,1046741
2021-06-17 09:42:12,744.6,1047773
2021-06-17 09:42:13,744.7,1047930
2021-06-17 09:42:14,744.6,1048034
2021-06-17 09:42:15,744.65,1048209
2021-06-17 09:42:16,744.65,1048509
2021-06-17 09:42:17,744.65,1048520
2021-06-17 09:42:18,744.65,1048548
2021-06-17 09:42:19,744.85,1049109
2021-06-17 09:42:20,744.9,1051782
2021-06-17 09:42:21,744.95,1051995
2021-06-17 09:42:22,745.2,1063320
2021-06-17 09:42:22,745.0,1062429
2021-06-17 09:42:23,745.1,1063839
2021-06-17 09:42:25,745.1,1064133
2021-06-17 09:42:25,745.2,1064155
2021-06-17 09:42:26,745.2,1064237
2021-06-17 09:42:28,745.2,1064387
2021-06-17 09:42:29,745.2,1064860
2021-06-17 09:42:30,745.05,1064900
2021-06-17 09:42:31,745.05,1064900
2021-06-17 09:42:32,744.9,1064902
2021-06-17 09:42:33,745.1,1065080
2021-06-17 09:42:34,745.1,1065084
2021-06-17 09:42:35,744.9,1065091
2021-06-17 09:42:36,745.0,1065392
2021-06-17 09:42:37,745.0,1065447
2021-06-17 09:42:37,745.2,1065669
2021-06-17 09:42:39,745.2,1066219
2021-06-17 09:42:40,745.2,1066556
2021-06-17 09:42:41,745.1,1066656
2021-06-17 09:42:42,745.2,1066911
2021-06-17 09:42:43,745.1,1067286
2021-06-17 09:42:44,745.2,1067331
2021-06-17 09:42:45,745.15,1067976
2021-06-17 09:42:47,745.2,1068078
2021-06-17 09:42:48,745.2,1068178
2021-06-17 09:42:49,745.2,1068207
2021-06-17 09:42:50,745.2,1068408
2021-06-17 09:42:51,745.15,1069109
2021-06-17 09:42:52,745.2,1069335
2021-06-17 09:42:53,745.2,1069353
2021-06-17 09:42:54,745.15,1069406
2021-06-17 09:42:55,745.1,1069509
2021-06-17 09:42:56,745.2,1069574
2021-06-17 09:42:57,745.2,1069644
2021-06-17 09:42:58,745.2,1069784
2021-06-17 09:42:58,745.2,1069784
2021-06-17 09:42:59,745.2,1069805
2021-06-17 09:43:01,745.1,1069935
2021-06-17 09:43:02,745.2,1070536
2021-06-17 09:43:03,745.2,1074346
2021-06-17 09:43:04,745.15,1074679
2021-06-17 09:43:04,745.15,1074733
2021-06-17 09:43:05,745.1,1075126
2021-06-17 09:43:07,745.1,1075327
2021-06-17 09:43:08,745.15,1075360
2021-06-17 09:43:09,745.1,1075479
2021-06-17 09:43:10,745.15,1075579
2021-06-17 09:43:11,745.15,1075813
2021-06-17 09:43:12,745.1,1075844
2021-06-17 09:43:13,745.1,1076134
2021-06-17 09:43:14,745.15,1076311
2021-06-17 09:43:15,745.2,1076451
2021-06-17 09:43:17,745.05,1076660
2021-06-17 09:43:16,745.2,1076451
2021-06-17 09:43:17,745.2,1076664
2021-06-17 09:43:18,745.1,1076715
2021-06-17 09:43:21,745.1,1077102
2021-06-17 09:43:22,745.0,1077270
2021-06-17 09:43:24,744.7,1079085
2021-06-17 09:43:25,744.8,1079372
2021-06-17 09:43:26,744.8,1079425
2021-06-17 09:43:27,744.6,1080655
2021-06-17 09:43:28,744.9,1081155
2021-06-17 09:43:29,744.6,1081495
2021-06-17 09:43:31,744.6,1081718
2021-06-17 09:43:30,744.6,1081718
2021-06-17 09:43:32,744.9,1082032
2021-06-17 09:43:33,744.85,1082309
2021-06-17 09:43:34,744.85,1082309
2021-06-17 09:43:35,744.8,1082352
2021-06-17 09:43:36,744.95,1082362
2021-06-17 09:43:37,744.95,1082379
2021-06-17 09:43:38,744.8,1082419
2021-06-17 09:43:39,744.8,1082424
2021-06-17 09:43:40,744.95,1082524
2021-06-17 09:43:41,744.95,1082536
2021-06-17 09:43:42,744.9,1083170
2021-06-17 09:43:46,744.95,1085603
2021-06-17 09:43:47,745.0,1086052
2021-06-17 09:43:48,745.1,1086564
2021-06-17 09:43:49,745.1,1086610
2021-06-17 09:43:50,745.1,1086620
2021-06-17 09:43:51,745.2,1088043
2021-06-17 09:43:52,745.1,1088443
2021-06-17 09:43:53,745.2,1088847
2021-06-17 09:43:54,745.1,1089112
2021-06-17 09:43:55,745.05,1089262
2021-06-17 09:43:56,745.15,1089591
2021-06-17 09:43:57,745.2,1089629
2021-06-17 09:43:58,745.15,1089630
2021-06-17 09:43:59,745.1,1089708
2021-06-17 09:44:00,745.2,1090169
2021-06-17 09:44:01,745.25,1090235
2021-06-17 09:44:02,745.1,1090636
2021-06-17 09:44:03,745.1,1090668
2021-06-17 09:44:04,745.1,1090718
2021-06-17 09:44:05,745.1,1090756
2021-06-17 09:44:06,745.0,1090905
2021-06-17 09:44:07,745.05,1091007
2021-06-17 09:44:08,745.25,1091042
2021-06-17 09:44:10,745.1,1091235
2021-06-17 09:44:12,745.2,1091503
2021-06-17 09:44:13,745.15,1092002
2021-06-17 09:44:14,745.25,1092144
2021-06-17 09:44:15,745.2,1092558
2021-06-17 09:44:16,745.2,1093801
2021-06-17 09:44:17,745.25,1094026
2021-06-17 09:44:18,745.2,1094076
2021-06-17 09:44:19,745.2,1094318
2021-06-17 09:44:20,745.2,1095378
2021-06-17 09:44:21,745.25,1095464
2021-06-17 09:44:22,745.25,1095479
2021-06-17 09:44:23,745.2,1095482
2021-06-17 09:44:24,745.2,1095558
2021-06-17 09:44:25,745.2,1095564
2021-06-17 09:44:26,745.1,1095565
2021-06-17 09:44:27,745.1,1095565
2021-06-17 09:44:28,745.1,1095566
2021-06-17 09:44:29,745.15,1096067
2021-06-17 09:44:30,745.1,1096144
2021-06-17 09:44:31,745.0,1096538
2021-06-17 09:44:33,745.1,1096584
2021-06-17 09:44:34,745.1,1096584
2021-06-17 09:44:35,745.1,1096624
2021-06-17 09:44:37,745.1,1097003
2021-06-17 09:44:38,745.15,1097157
2021-06-17 09:44:39,745.15,1097159
2021-06-17 09:44:40,745.0,1097160
2021-06-17 09:44:42,745.15,1097336
2021-06-17 09:44:43,745.0,1097423
2021-06-17 09:44:44,745.15,1098082
2021-06-17 09:44:45,745.2,1098220
2021-06-17 09:44:46,745.2,1098220
2021-06-17 09:44:47,745.1,1098247
2021-06-17 09:44:48,745.15,1098250
2021-06-17 09:44:49,745.2,1098685
2021-06-17 09:44:51,745.15,1098952
2021-06-17 09:44:52,745.1,1099012
2021-06-17 09:44:53,745.1,1099017
2021-06-17 09:44:54,745.1,1099017
2021-06-17 09:44:55,745.1,1099017
2021-06-17 09:44:56,745.15,1099190
2021-06-17 09:44:57,745.1,1099430
2021-06-17 09:44:58,745.15,1099480
2021-06-17 09:44:59,745.15,1099485
2021-06-17 09:45:00,745.1,1099486
2021-06-17 09:45:02,745.1,1099561
2021-06-17 09:45:03,745.15,1099857
2021-06-17 09:45:04,745.05,1101117
2021-06-17 09:45:05,745.15,1101219
2021-06-17 09:45:06,745.05,1101510
2021-06-17 09:45:07,745.1,1102812
2021-06-17 09:45:08,745.1,1102948
2021-06-17 09:45:09,745.05,1103194
2021-06-17 09:45:10,745.05,1103568
2021-06-17 09:45:11,745.1,1103900
2021-06-17 09:45:12,745.35,1112315
2021-06-17 09:45:13,745.35,1113065
2021-06-17 09:45:14,745.35,1113125
2021-06-17 09:45:15,745.35,1113125
2021-06-17 09:45:16,745.3,1113556
2021-06-17 09:45:17,745.1,1114008
2021-06-17 09:45:18,745.0,1117886
2021-06-17 09:45:19,745.1,1118340
2021-06-17 09:45:20,745.1,1118630
2021-06-17 09:45:21,745.0,1118861
2021-06-17 09:45:22,745.1,1118862
2021-06-17 09:45:23,744.95,1118983
2021-06-17 09:45:24,745.05,1119083
2021-06-17 09:45:27,744.5,1120355
2021-06-17 09:45:26,744.8,1119862
2021-06-17 09:45:28,744.95,1120756
2021-06-17 09:45:29,744.6,1121608
2021-06-17 09:45:30,744.5,1122109
2021-06-17 09:45:31,744.5,1122159
2021-06-17 09:45:32,744.5,1122278
2021-06-17 09:45:33,744.5,1122278
2021-06-17 09:45:34,744.5,1122816
2021-06-17 09:45:35,744.7,1122871
2021-06-17 09:45:36,744.55,1122883
2021-06-17 09:45:37,744.5,1123155
2021-06-17 09:45:38,744.4,1123495
2021-06-17 09:45:39,744.5,1123900
2021-06-17 09:45:40,744.45,1124398
2021-06-17 09:45:41,744.45,1125004
2021-06-17 09:45:43,744.45,1125169
2021-06-17 09:45:45,744.5,1125175
2021-06-17 09:45:45,744.45,1125266
2021-06-17 09:45:46,744.45,1125270
2021-06-17 09:45:47,744.5,1125313
2021-06-17 09:45:48,744.5,1125313
2021-06-17 09:45:49,744.5,1125313
2021-06-17 09:45:50,744.5,1125314
2021-06-17 09:45:51,744.45,1125428
2021-06-17 09:45:52,744.45,1126371
2021-06-17 09:45:53,744.45,1126428
2021-06-17 09:45:55,744.45,1126928
2021-06-17 09:45:56,744.4,1126978
2021-06-17 09:45:56,744.4,1126978
2021-06-17 09:45:57,744.45,1127018
2021-06-17 09:45:58,744.4,1127568
2021-06-17 09:45:59,744.45,1127619
2021-06-17 09:46:00,744.45,1127721
2021-06-17 09:46:01,744.4,1127731
2021-06-17 09:46:03,744.45,1128961
2021-06-17 09:46:04,744.4,1128964
2021-06-17 09:46:05,744.35,1128970
2021-06-17 09:46:06,744.35,1129009
2021-06-17 09:46:07,744.4,1130063
2021-06-17 09:46:08,744.45,1130171
2021-06-17 09:46:09,744.4,1130261
2021-06-17 09:46:10,744.4,1130261
2021-06-17 09:46:11,744.4,1130714
2021-06-17 09:46:13,744.4,1130759
2021-06-17 09:46:13,744.4,1130759
2021-06-17 09:46:14,744.4,1130759
2021-06-17 09:46:15,744.35,1130763
2021-06-17 09:46:16,744.35,1131090
2021-06-17 09:46:17,744.4,1131130
2021-06-17 09:46:18,744.4,1131132
2021-06-17 09:46:20,744.4,1131132
2021-06-17 09:46:22,744.35,1131157
2021-06-17 09:46:22,744.35,1131157
2021-06-17 09:46:24,744.4,1131473
2021-06-17 09:46:25,744.4,1131473
2021-06-17 09:46:26,744.4,1131473
2021-06-17 09:46:27,744.35,1131666
2021-06-17 09:46:28,744.4,1131710
2021-06-17 09:46:30,744.4,1131710
2021-06-17 09:46:32,744.4,1132097
2021-06-17 09:46:33,744.35,1132197
2021-06-17 09:46:35,744.4,1132289
2021-06-17 09:46:36,744.4,1132289
2021-06-17 09:46:37,744.4,1132299
2021-06-17 09:46:38,744.4,1132299
2021-06-17 09:46:39,744.4,1132299
2021-06-17 09:46:40,744.4,1132401
2021-06-17 09:46:41,744.35,1133223
2021-06-17 09:46:42,744.4,1133305
2021-06-17 09:46:43,744.6,1135710
2021-06-17 09:46:44,744.8,1135717
2021-06-17 09:46:45,744.6,1135911
2021-06-17 09:46:47,744.8,1136042
2021-06-17 09:46:47,744.8,1136042
2021-06-17 09:46:48,744.65,1136045
2021-06-17 09:46:49,744.65,1136048
2021-06-17 09:46:50,744.65,1136551
2021-06-17 09:46:53,744.7,1137296
2021-06-17 09:46:54,744.8,1137396
2021-06-17 09:46:55,744.7,1137518
2021-06-17 09:46:56,744.7,1137675
2021-06-17 09:46:57,744.8,1137892
2021-06-17 09:46:58,744.7,1137999
2021-06-17 09:47:00,744.7,1138094
2021-06-17 09:47:01,744.7,1138124
2021-06-17 09:47:02,744.7,1138134
2021-06-17 09:47:03,744.7,1138271
2021-06-17 09:47:05,744.8,1138384
2021-06-17 09:47:04,744.7,1138381
2021-06-17 09:47:05,744.7,1138422
2021-06-17 09:47:07,744.65,1138542
2021-06-17 09:47:08,744.75,1138551
2021-06-17 09:47:09,744.75,1138651
2021-06-17 09:47:10,744.75,1138651
2021-06-17 09:47:11,744.7,1138656
2021-06-17 09:47:12,744.6,1138946
2021-06-17 09:47:13,744.75,1139175
2021-06-17 09:47:13,744.75,1139225
2021-06-17 09:47:15,744.7,1139248
2021-06-17 09:47:16,744.7,1139251
2021-06-17 09:47:17,744.7,1139322
2021-06-17 09:47:17,744.7,1139322
2021-06-17 09:47:18,744.7,1139322
2021-06-17 09:47:19,744.7,1139322
2021-06-17 09:47:20,744.7,1139322
2021-06-17 09:47:21,744.75,1139344
2021-06-17 09:47:22,744.75,1139344
2021-06-17 09:47:23,744.75,1139344
2021-06-17 09:47:27,744.75,1139389
2021-06-17 09:47:28,744.75,1139574
2021-06-17 09:47:29,744.75,1139594
2021-06-17 09:47:30,744.75,1139594
2021-06-17 09:47:31,744.75,1139619
2021-06-17 09:47:32,744.8,1141954
2021-06-17 09:47:33,744.8,1143099
2021-06-17 09:47:34,744.8,1143439
2021-06-17 09:47:35,744.75,1144031
2021-06-17 09:47:37,744.85,1144265
2021-06-17 09:47:37,744.75,1144549
2021-06-17 09:47:39,744.85,1144592
2021-06-17 09:47:39,744.85,1144944
2021-06-17 09:47:41,744.75,1145709
2021-06-17 09:47:42,744.85,1147182
2021-06-17 09:47:43,744.75,1147448
2021-06-17 09:47:44,744.85,1147469
2021-06-17 09:47:45,744.85,1147469
2021-06-17 09:47:45,744.85,1147469
2021-06-17 09:47:46,744.85,1147469
2021-06-17 09:47:47,744.75,1147721
2021-06-17 09:47:48,744.8,1149659
2021-06-17 09:47:49,744.5,1149973
2021-06-17 09:47:51,744.6,1149993
2021-06-17 09:47:52,744.5,1150245
2021-06-17 09:47:53,744.6,1150442
2021-06-17 09:47:54,744.6,1150442
2021-06-17 09:47:55,744.6,1150550
2021-06-17 09:47:56,744.6,1150575
2021-06-17 09:47:57,744.75,1150980
2021-06-17 09:47:58,744.45,1151213
2021-06-17 09:47:58,744.45,1151213
2021-06-17 09:47:59,744.5,1151700
2021-06-17 09:48:00,744.7,1152076
2021-06-17 09:48:02,744.7,1152076
2021-06-17 09:48:02,744.7,1152076
2021-06-17 09:48:03,744.7,1152076
2021-06-17 09:48:04,744.7,1152077
2021-06-17 09:48:05,744.7,1152458
2021-06-17 09:48:07,744.6,1152817
2021-06-17 09:48:08,744.6,1152817
2021-06-17 09:48:09,744.2,1154214
2021-06-17 09:48:10,744.4,1154355
2021-06-17 09:48:11,744.4,1154355
2021-06-17 09:48:12,744.2,1154410
2021-06-17 09:48:13,744.2,1154932
2021-06-17 09:48:14,744.4,1154990
2021-06-17 09:48:15,744.35,1155660
2021-06-17 09:48:16,744.15,1156053
2021-06-17 09:48:17,744.35,1156121
2021-06-17 09:48:18,744.2,1156235
2021-06-17 09:48:20,744.35,1156260
2021-06-17 09:48:20,744.35,1156260
2021-06-17 09:48:21,744.35,1156260
2021-06-17 09:48:22,744.35,1156260
2021-06-17 09:48:23,744.4,1157434
2021-06-17 09:48:24,744.4,1157543
2021-06-17 09:48:25,744.25,1157668
2021-06-17 09:48:26,744.3,1158163
2021-06-17 09:48:27,744.25,1158422
2021-06-17 09:48:29,744.2,1158711
2021-06-17 09:48:30,744.4,1158899
2021-06-17 09:48:30,744.4,1158909
2021-06-17 09:48:32,744.3,1159171
2021-06-17 09:48:33,744.35,1159192
2021-06-17 09:48:34,744.35,1159192
2021-06-17 09:48:35,744.2,1159193
2021-06-17 09:48:36,744.3,1159357
2021-06-17 09:48:37,744.2,1159861
2021-06-17 09:48:38,744.2,1160405
2021-06-17 09:48:39,744.2,1160508
2021-06-17 09:48:40,744.2,1160619
2021-06-17 09:48:41,744.3,1161113
2021-06-17 09:48:42,744.3,1161452
2021-06-17 09:48:43,744.1,1161980
2021-06-17 09:48:44,744.3,1162072
2021-06-17 09:48:46,744.2,1162081
2021-06-17 09:48:47,744.2,1162081
2021-06-17 09:48:48,744.15,1162084
2021-06-17 09:48:48,744.15,1162497
2021-06-17 09:48:49,744.3,1162539
2021-06-17 09:48:53,744.3,1163113
2021-06-17 09:48:54,744.3,1163255
2021-06-17 09:48:54,744.3,1163261
2021-06-17 09:48:55,744.3,1163547
2021-06-17 09:48:56,744.2,1163589
2021-06-17 09:48:57,744.2,1163589
2021-06-17 09:48:58,744.2,1163882
2021-06-17 09:48:59,744.2,1163940
2021-06-17 09:49:00,744.2,1164015
2021-06-17 09:49:01,744.2,1164015
2021-06-17 09:49:02,744.2,1164513
2021-06-17 09:49:03,744.2,1164567
2021-06-17 09:49:04,744.15,1164651
2021-06-17 09:49:06,744.0,1164693
2021-06-17 09:49:07,744.25,1164853
2021-06-17 09:49:09,744.25,1164853
2021-06-17 09:49:10,744.0,1164884
2021-06-17 09:49:11,744.0,1165215
2021-06-17 09:49:12,744.15,1165398
2021-06-17 09:49:14,743.8,1172064
2021-06-17 09:49:15,743.8,1172419
2021-06-17 09:49:16,743.7,1172621
2021-06-17 09:49:17,743.95,1173621
2021-06-17 09:49:17,743.95,1173717
2021-06-17 09:49:18,743.7,1173737
2021-06-17 09:49:19,743.7,1173754
2021-06-17 09:49:21,743.65,1173970
2021-06-17 09:49:22,743.65,1174020
2021-06-17 09:49:22,743.6,1174021
2021-06-17 09:49:23,743.6,1174707
2021-06-17 09:49:24,743.6,1174963
2021-06-17 09:49:25,743.65,1175542
2021-06-17 09:49:26,743.65,1176029
2021-06-17 09:49:28,743.65,1176501
2021-06-17 09:49:29,743.75,1176811
2021-06-17 09:49:30,743.75,1176811
2021-06-17 09:49:31,743.75,1176811
2021-06-17 09:49:32,743.7,1176857
2021-06-17 09:49:33,743.6,1177714
2021-06-17 09:49:34,743.75,1178070
2021-06-17 09:49:35,743.6,1179109
2021-06-17 09:49:36,743.7,1179221
2021-06-17 09:49:37,743.5,1179381
2021-06-17 09:49:38,743.65,1179969
2021-06-17 09:49:39,743.65,1180042
2021-06-17 09:49:40,743.45,1180061
2021-06-17 09:49:41,743.65,1180066
2021-06-17 09:49:41,743.65,1180066
2021-06-17 09:49:42,743.45,1180187
2021-06-17 09:49:43,743.65,1180658
2021-06-17 09:49:44,743.65,1180713
2021-06-17 09:49:46,743.45,1180837
2021-06-17 09:49:46,743.6,1180998
2021-06-17 09:49:48,743.65,1181275
2021-06-17 09:49:49,743.65,1182160
2021-06-17 09:49:50,743.45,1182300
2021-06-17 09:49:51,743.65,1182561
2021-06-17 09:49:51,743.65,1182561
2021-06-17 09:49:53,743.45,1183276
2021-06-17 09:49:54,743.65,1183366
2021-06-17 09:49:55,743.65,1184597
2021-06-17 09:49:56,743.5,1184778
2021-06-17 09:49:56,743.5,1184778
2021-06-17 09:49:58,743.45,1184855
2021-06-17 09:50:01,743.6,1185277
2021-06-17 09:50:02,743.65,1185393
2021-06-17 09:50:02,743.45,1185438
2021-06-17 09:50:03,743.45,1185710
2021-06-17 09:50:04,743.6,1185876
2021-06-17 09:50:05,743.6,1185926
2021-06-17 09:50:06,743.6,1186011
2021-06-17 09:50:07,743.6,1186011
2021-06-17 09:50:08,743.5,1186055
2021-06-17 09:50:09,743.5,1186414
2021-06-17 09:50:11,743.6,1187088
2021-06-17 09:50:12,743.55,1187404
2021-06-17 09:50:13,743.5,1187610
2021-06-17 09:50:13,743.5,1187610
2021-06-17 09:50:14,743.7,1187653
2021-06-17 09:50:15,743.65,1187703
2021-06-17 09:50:17,743.7,1187990
2021-06-17 09:50:18,743.7,1187990
2021-06-17 09:50:18,743.7,1187991
2021-06-17 09:50:20,743.7,1188554
2021-06-17 09:50:21,743.7,1188629
2021-06-17 09:50:22,743.7,1188629
2021-06-17 09:50:22,743.7,1188629
2021-06-17 09:50:23,743.7,1188817
2021-06-17 09:50:24,743.7,1189490
2021-06-17 09:50:25,743.7,1189801
2021-06-17 09:50:26,743.7,1190171
2021-06-17 09:50:27,743.65,1190315
2021-06-17 09:50:28,743.65,1191121
2021-06-17 09:50:30,743.7,1191513
2021-06-17 09:50:32,743.6,1191780
2021-06-17 09:50:32,743.6,1191994
2021-06-17 09:50:33,743.65,1192188
2021-06-17 09:50:34,743.6,1192228
2021-06-17 09:50:35,743.6,1192336
2021-06-17 09:50:36,743.65,1192427
2021-06-17 09:50:37,743.65,1192427
2021-06-17 09:50:38,743.65,1192427
2021-06-17 09:50:39,743.6,1192891
2021-06-17 09:50:40,743.6,1193007
2021-06-17 09:50:41,743.6,1193246
2021-06-17 09:50:42,743.6,1193399
2021-06-17 09:50:43,743.6,1193443
2021-06-17 09:50:44,743.5,1193483
2021-06-17 09:50:45,743.5,1193483
2021-06-17 09:50:46,743.5,1193483
2021-06-17 09:50:47,743.6,1193833
2021-06-17 09:50:48,743.6,1193843
2021-06-17 09:50:49,743.55,1194119
2021-06-17 09:50:51,743.55,1194405
2021-06-17 09:50:52,743.45,1194598
2021-06-17 09:50:53,743.45,1194808
2021-06-17 09:50:54,743.45,1195036
2021-06-17 09:50:54,743.5,1195087
2021-06-17 09:50:55,743.55,1195331
2021-06-17 09:50:57,743.4,1195658
2021-06-17 09:50:58,743.5,1196069
2021-06-17 09:50:59,743.25,1196178
2021-06-17 09:51:00,743.3,1196593
2021-06-17 09:51:01,743.25,1196734
2021-06-17 09:51:02,743.15,1196809
2021-06-17 09:51:03,743.15,1196834
2021-06-17 09:51:04,743.15,1196875
2021-06-17 09:51:04,743.15,1196910
2021-06-17 09:51:06,743.15,1196935
2021-06-17 09:51:07,743.3,1196936
2021-06-17 09:51:09,743.2,1197003
2021-06-17 09:51:10,743.3,1197039
2021-06-17 09:51:10,743.3,1197039
2021-06-17 09:51:11,743.3,1197039
2021-06-17 09:51:12,743.3,1197139
2021-06-17 09:51:14,743.3,1197402
2021-06-17 09:51:15,743.25,1197659
2021-06-17 09:51:16,743.0,1200521
2021-06-17 09:51:17,743.0,1203161
2021-06-17 09:51:18,743.05,1203537
2021-06-17 09:51:19,742.9,1204785
2021-06-17 09:51:20,742.9,1205618
2021-06-17 09:51:21,743.05,1205676
2021-06-17 09:51:22,743.05,1205776
2021-06-17 09:51:24,743.0,1206077
2021-06-17 09:51:25,742.95,1206201
2021-06-17 09:51:26,743.0,1206409
2021-06-17 09:51:27,743.0,1206457
2021-06-17 09:51:28,742.9,1206663
2021-06-17 09:51:29,742.65,1207124
2021-06-17 09:51:30,742.9,1207249
2021-06-17 09:51:30,742.9,1207249
2021-06-17 09:51:32,742.65,1207463
2021-06-17 09:51:32,742.65,1207463
2021-06-17 09:51:33,742.8,1207860
2021-06-17 09:51:34,742.8,1208047
2021-06-17 09:51:35,742.65,1208221
2021-06-17 09:51:36,742.7,1208343
2021-06-17 09:51:37,742.7,1208514
2021-06-17 09:51:38,742.7,1208813
2021-06-17 09:51:39,742.65,1208882
2021-06-17 09:51:40,742.7,1208983
2021-06-17 09:51:41,742.7,1209135
2021-06-17 09:51:42,742.7,1209585
2021-06-17 09:51:43,742.8,1210372
2021-06-17 09:51:44,742.65,1211407
2021-06-17 09:51:45,742.65,1216184
2021-06-17 09:51:46,742.8,1216738
2021-06-17 09:51:48,742.8,1217027
2021-06-17 09:51:51,742.8,1218796
2021-06-17 09:51:52,742.75,1218821
2021-06-17 09:51:54,742.7,1218850
2021-06-17 09:51:55,742.8,1219027
2021-06-17 09:51:55,742.8,1219027
2021-06-17 09:51:56,742.7,1219085
2021-06-17 09:51:57,742.7,1219197
2021-06-17 09:51:58,742.8,1219210
2021-06-17 09:52:00,742.75,1219260
2021-06-17 09:52:00,742.75,1219260
2021-06-17 09:52:01,742.75,1219284
2021-06-17 09:52:02,742.8,1219679
2021-06-17 09:52:03,742.8,1219679
2021-06-17 09:52:04,742.8,1221437
2021-06-17 09:52:05,742.75,1221809
2021-06-17 09:52:07,742.8,1221920
2021-06-17 09:52:08,742.8,1221931
2021-06-17 09:52:09,742.75,1222031
2021-06-17 09:52:10,742.75,1222042
2021-06-17 09:52:11,742.8,1222192
2021-06-17 09:52:13,742.65,1223367
2021-06-17 09:52:13,742.8,1223548
2021-06-17 09:52:14,742.75,1223626
2021-06-17 09:52:16,742.7,1223914
2021-06-17 09:52:16,742.7,1223914
2021-06-17 09:52:17,742.7,1223987
2021-06-17 09:52:19,742.75,1224394
2021-06-17 09:52:20,742.65,1224431
2021-06-17 09:52:21,742.7,1224507
2021-06-17 09:52:22,742.7,1224511
2021-06-17 09:52:23,742.65,1224522
2021-06-17 09:52:24,742.7,1226910
2021-06-17 09:52:25,742.75,1226948
2021-06-17 09:52:26,742.75,1227080
2021-06-17 09:52:27,742.8,1227280
2021-06-17 09:52:28,742.75,1228097
2021-06-17 09:52:29,742.75,1228261
2021-06-17 09:52:30,742.75,1228276
2021-06-17 09:52:30,742.75,1228276
2021-06-17 09:52:31,742.8,1228277
2021-06-17 09:52:33,742.7,1228654
2021-06-17 09:52:34,742.8,1229332
2021-06-17 09:52:35,742.75,1229342
2021-06-17 09:52:36,742.8,1229956
2021-06-17 09:52:37,742.75,1230007
2021-06-17 09:52:38,742.8,1230822
2021-06-17 09:52:39,742.75,1230929
2021-06-17 09:52:40,742.7,1231009
2021-06-17 09:52:41,742.75,1231276
2021-06-17 09:52:42,742.75,1231286
2021-06-17 09:52:43,742.75,1231286
2021-06-17 09:52:44,742.7,1231298
2021-06-17 09:52:44,742.7,1231287
2021-06-17 09:52:45,742.75,1231307
2021-06-17 09:52:47,742.75,1231607
2021-06-17 09:52:49,742.75,1232194
2021-06-17 09:52:50,742.75,1232480
2021-06-17 09:52:51,742.7,1232606
2021-06-17 09:52:51,742.7,1232606
2021-06-17 09:52:52,742.7,1232606
2021-06-17 09:52:54,742.8,1232941
2021-06-17 09:52:55,743.15,1243480
2021-06-17 09:52:56,743.15,1245750
2021-06-17 09:52:58,743.15,1245921
2021-06-17 09:52:59,743.35,1245923
2021-06-17 09:53:00,743.3,1246154
2021-06-17 09:53:01,743.3,1246194
2021-06-17 09:53:02,743.2,1246287
2021-06-17 09:53:03,743.3,1246334
2021-06-17 09:53:04,743.15,1246443
2021-06-17 09:53:05,743.15,1246443
2021-06-17 09:53:06,743.15,1246443
2021-06-17 09:53:07,743.1,1246721
2021-06-17 09:53:08,743.1,1246875
2021-06-17 09:53:09,743.2,1246966
2021-06-17 09:53:10,743.15,1246967
2021-06-17 09:53:11,743.2,1247141
2021-06-17 09:53:12,743.15,1247178
2021-06-17 09:53:13,743.15,1247187
2021-06-17 09:53:14,743.2,1247312
2021-06-17 09:53:15,743.2,1247365
2021-06-17 09:53:16,743.1,1247469
2021-06-17 09:53:17,743.2,1247575
2021-06-17 09:53:18,743.1,1247792
2021-06-17 09:53:19,743.15,1247841
2021-06-17 09:53:20,743.1,1247880
2021-06-17 09:53:22,743.15,1248058
2021-06-17 09:53:23,743.15,1248108
2021-06-17 09:53:24,743.15,1248267
2021-06-17 09:53:25,743.05,1249106
2021-06-17 09:53:26,743.05,1249197
2021-06-17 09:53:27,743.1,1249266
2021-06-17 09:53:27,743.1,1249266
2021-06-17 09:53:29,743.05,1249504
2021-06-17 09:53:30,743.05,1249702
2021-06-17 09:53:31,743.1,1249805
2021-06-17 09:53:32,743.1,1249815
2021-06-17 09:53:34,743.1,1249955
2021-06-17 09:53:34,743.1,1250074
2021-06-17 09:53:35,743.1,1250074
2021-06-17 09:53:37,743.0,1250496
2021-06-17 09:53:38,743.0,1250496
2021-06-17 09:53:38,743.0,1250566
2021-06-17 09:53:40,743.0,1250575
2021-06-17 09:53:42,743.1,1250763
2021-06-17 09:53:43,743.0,1251013
2021-06-17 09:53:44,743.0,1251050
2021-06-17 09:53:45,743.0,1251050
2021-06-17 09:53:46,743.0,1251300
2021-06-17 09:53:47,743.1,1251301
2021-06-17 09:53:48,743.1,1251545
2021-06-17 09:53:49,743.1,1251695
2021-06-17 09:53:50,743.15,1251729
2021-06-17 09:53:51,743.15,1252037
2021-06-17 09:53:51,743.15,1252037
2021-06-17 09:53:53,743.15,1252108
2021-06-17 09:53:54,743.15,1252115
2021-06-17 09:53:55,743.15,1252128
2021-06-17 09:53:55,743.15,1252128
2021-06-17 09:53:57,743.15,1252731
2021-06-17 09:53:58,743.25,1253123
2021-06-17 09:53:59,743.25,1253500
2021-06-17 09:54:00,743.25,1253500
2021-06-17 09:54:01,743.25,1253572
2021-06-17 09:54:01,743.25,1253573
2021-06-17 09:54:03,743.25,1253582
2021-06-17 09:54:04,743.25,1253582
2021-06-17 09:54:05,743.25,1253636
2021-06-17 09:54:06,743.25,1253641
2021-06-17 09:54:07,743.2,1254078
2021-06-17 09:54:08,743.2,1254148
2021-06-17 09:54:10,743.1,1255585
2021-06-17 09:54:11,743.25,1255673
2021-06-17 09:54:12,743.25,1255873
2021-06-17 09:54:13,743.25,1255873
2021-06-17 09:54:14,743.2,1255882
2021-06-17 09:54:15,743.2,1255882
2021-06-17 09:54:16,743.25,1255888
2021-06-17 09:54:17,743.15,1256784
2021-06-17 09:54:18,743.15,1258180
2021-06-17 09:54:19,743.15,1258380
2021-06-17 09:54:20,742.75,1263636
2021-06-17 09:54:21,742.75,1264219
2021-06-17 09:54:22,743.0,1264363
2021-06-17 09:54:23,743.05,1264789
2021-06-17 09:54:24,743.05,1264799
2021-06-17 09:54:25,743.05,1265421
2021-06-17 09:54:26,742.8,1265536
2021-06-17 09:54:27,742.8,1265536
2021-06-17 09:54:28,743.0,1265636
2021-06-17 09:54:29,743.0,1265636
2021-06-17 09:54:30,742.8,1265646
2021-06-17 09:54:31,742.8,1266589
2021-06-17 09:54:32,742.9,1266609
2021-06-17 09:54:33,742.9,1266647
2021-06-17 09:54:34,742.7,1267785
2021-06-17 09:54:35,742.7,1269507
2021-06-17 09:54:36,742.85,1269517
2021-06-17 09:54:37,742.85,1269687
2021-06-17 09:54:38,742.85,1269701
2021-06-17 09:54:39,742.65,1270014
2021-06-17 09:54:40,742.8,1270125
2021-06-17 09:54:42,742.85,1270325
2021-06-17 09:54:41,742.65,1270275
2021-06-17 09:54:43,742.85,1270346
2021-06-17 09:54:44,742.75,1270519
2021-06-17 09:54:45,742.75,1271144
2021-06-17 09:54:46,742.75,1271281
2021-06-17 09:54:47,742.65,1271370
2021-06-17 09:54:48,742.7,1271543
2021-06-17 09:54:49,742.7,1271554
2021-06-17 09:54:50,742.75,1272725
2021-06-17 09:54:51,742.8,1276063
2021-06-17 09:54:52,742.8,1276089
2021-06-17 09:54:53,742.8,1276375
2021-06-17 09:54:54,742.85,1277164
2021-06-17 09:54:55,742.8,1277810
2021-06-17 09:54:56,742.85,1278430
2021-06-17 09:54:57,742.9,1278905
2021-06-17 09:54:58,742.9,1279242
2021-06-17 09:54:59,742.85,1280040
2021-06-17 09:55:00,743.0,1280218
2021-06-17 09:55:02,743.05,1281682
2021-06-17 09:55:01,742.9,1280803
2021-06-17 09:55:03,743.05,1281695
2021-06-17 09:55:05,742.8,1282687
2021-06-17 09:55:06,742.7,1283097
2021-06-17 09:55:07,742.7,1283584
2021-06-17 09:55:08,742.75,1283607
2021-06-17 09:55:09,742.75,1283607
2021-06-17 09:55:10,742.75,1283668
2021-06-17 09:55:11,742.9,1283674
2021-06-17 09:55:12,742.7,1284122
2021-06-17 09:55:13,742.7,1284122
2021-06-17 09:55:14,742.9,1284219
2021-06-17 09:55:16,742.75,1285000
2021-06-17 09:55:17,742.85,1285102
2021-06-17 09:55:18,742.85,1285102
2021-06-17 09:55:19,742.75,1285146
2021-06-17 09:55:20,742.75,1285161
2021-06-17 09:55:21,742.75,1285276
2021-06-17 09:55:22,742.75,1285276
2021-06-17 09:55:23,742.75,1285276
2021-06-17 09:55:24,742.8,1285566
2021-06-17 09:55:25,742.8,1285609
2021-06-17 09:55:27,742.8,1285936
2021-06-17 09:55:28,742.8,1286046
2021-06-17 09:55:29,742.8,1286230
2021-06-17 09:55:30,742.75,1286346
2021-06-17 09:55:31,742.75,1286446
2021-06-17 09:55:32,742.75,1286610
2021-06-17 09:55:33,742.8,1286661
2021-06-17 09:55:34,742.8,1286704
2021-06-17 09:55:35,742.8,1286843
2021-06-17 09:55:36,742.75,1287206
2021-06-17 09:55:37,742.8,1287538
2021-06-17 09:55:38,742.8,1288560
2021-06-17 09:55:39,742.8,1288673
2021-06-17 09:55:41,742.8,1288673
2021-06-17 09:55:42,742.75,1288675
2021-06-17 09:55:43,742.7,1288788
2021-06-17 09:55:44,742.75,1288941
2021-06-17 09:55:45,742.75,1289082
2021-06-17 09:55:46,742.7,1289181
2021-06-17 09:55:47,742.75,1289450
2021-06-17 09:55:48,742.75,1289520
2021-06-17 09:55:49,742.75,1289522
2021-06-17 09:55:50,742.8,1289537
2021-06-17 09:55:51,742.8,1289637
2021-06-17 09:55:52,742.8,1289642
2021-06-17 09:55:55,742.8,1290282
2021-06-17 09:55:56,742.8,1290282
2021-06-17 09:55:57,742.8,1290332
2021-06-17 09:55:58,742.8,1290474
2021-06-17 09:55:59,742.9,1290608
2021-06-17 09:56:00,742.8,1290758
2021-06-17 09:56:01,742.9,1291106
2021-06-17 09:56:02,742.9,1291106
2021-06-17 09:56:03,742.85,1291115
2021-06-17 09:56:04,742.85,1291213
2021-06-17 09:56:05,742.85,1291327
2021-06-17 09:56:06,742.8,1291476
2021-06-17 09:56:07,742.8,1291563
2021-06-17 09:56:08,742.85,1291583
2021-06-17 09:56:09,742.8,1291587
2021-06-17 09:56:10,742.8,1291625
2021-06-17 09:56:11,742.85,1291633
2021-06-17 09:56:12,742.85,1291636
2021-06-17 09:56:13,742.85,1291832
2021-06-17 09:56:14,742.85,1291832
2021-06-17 09:56:15,742.85,1291833
2021-06-17 09:56:16,742.85,1291989
2021-06-17 09:56:17,742.85,1291991
2021-06-17 09:56:18,742.85,1292000
2021-06-17 09:56:20,742.85,1292382
2021-06-17 09:56:21,742.85,1292740
2021-06-17 09:56:22,742.85,1292740
2021-06-17 09:56:23,742.85,1292780
2021-06-17 09:56:25,742.9,1293344
2021-06-17 09:56:26,742.8,1294173
2021-06-17 09:56:27,742.8,1294173
2021-06-17 09:56:28,742.9,1294243
2021-06-17 09:56:30,742.85,1294269
2021-06-17 09:56:29,742.8,1294268
2021-06-17 09:56:31,742.85,1294284
2021-06-17 09:56:32,742.8,1294300
2021-06-17 09:56:33,742.8,1294350
2021-06-17 09:56:34,742.8,1294350
2021-06-17 09:56:35,742.8,1294430
2021-06-17 09:56:36,742.85,1295428
2021-06-17 09:56:37,742.85,1296457
2021-06-17 09:56:39,742.8,1296681
2021-06-17 09:56:39,742.8,1296681
2021-06-17 09:56:40,742.8,1296687
2021-06-17 09:56:41,742.85,1296707
2021-06-17 09:56:42,742.8,1297009
2021-06-17 09:56:43,742.7,1299618
2021-06-17 09:56:44,742.8,1299851
2021-06-17 09:56:45,742.8,1299851
2021-06-17 09:56:46,742.85,1300161
2021-06-17 09:56:47,742.85,1300519
2021-06-17 09:56:48,742.85,1300591
2021-06-17 09:56:49,742.85,1301278
2021-06-17 09:56:50,742.65,1301450
2021-06-17 09:56:51,742.65,1301514
2021-06-17 09:56:52,742.65,1301616
2021-06-17 09:56:53,742.7,1301670
2021-06-17 09:56:54,742.85,1301790
2021-06-17 09:56:55,742.85,1301790
2021-06-17 09:56:56,742.85,1301944
2021-06-17 09:56:57,742.85,1301953
2021-06-17 09:56:58,742.85,1302093
2021-06-17 09:56:59,742.85,1302093
2021-06-17 09:57:00,742.8,1302204
2021-06-17 09:57:01,742.8,1302225
2021-06-17 09:57:02,742.85,1302273
2021-06-17 09:57:03,742.85,1302773
2021-06-17 09:57:04,742.85,1302823
2021-06-17 09:57:05,742.85,1302943
2021-06-17 09:57:07,742.85,1303349
2021-06-17 09:57:07,742.8,1303278
2021-06-17 09:57:08,742.85,1303363
2021-06-17 09:57:09,742.85,1303363
2021-06-17 09:57:10,742.8,1303375
2021-06-17 09:57:11,742.8,1303375
2021-06-17 09:57:12,742.8,1303475
2021-06-17 09:57:13,742.85,1304486
2021-06-17 09:57:14,742.85,1304810
2021-06-17 09:57:15,742.85,1304915
2021-06-17 09:57:16,742.85,1304964
2021-06-17 09:57:18,742.85,1306049
2021-06-17 09:57:19,742.85,1306049
2021-06-17 09:57:20,742.75,1306061
2021-06-17 09:57:21,742.75,1306061
2021-06-17 09:57:22,742.8,1306071
2021-06-17 09:57:23,742.75,1306096
2021-06-17 09:57:25,742.8,1306450
2021-06-17 09:57:26,742.8,1306492
2021-06-17 09:57:27,742.8,1306493
2021-06-17 09:57:28,742.8,1306522
2021-06-17 09:57:29,742.75,1306686
2021-06-17 09:57:30,742.8,1307191
2021-06-17 09:57:31,742.8,1307274
2021-06-17 09:57:32,742.8,1307333
2021-06-17 09:57:33,742.8,1307336
2021-06-17 09:57:34,742.8,1307336
2021-06-17 09:57:35,742.75,1308519
2021-06-17 09:57:36,742.8,1308741
2021-06-17 09:57:38,742.75,1308772
2021-06-17 09:57:39,742.8,1308882
2021-06-17 09:57:40,742.75,1308942
2021-06-17 09:57:41,742.8,1308980
2021-06-17 09:57:42,742.8,1309279
2021-06-17 09:57:43,742.8,1309279
2021-06-17 09:57:44,742.8,1309284
2021-06-17 09:57:45,742.8,1309284
2021-06-17 09:57:47,742.8,1309299
2021-06-17 09:57:48,742.75,1309310
2021-06-17 09:57:50,742.75,1309357
2021-06-17 09:57:50,742.8,1309399
2021-06-17 09:57:51,742.8,1309499
2021-06-17 09:57:52,742.8,1309499
2021-06-17 09:57:53,742.8,1309510
2021-06-17 09:57:54,742.8,1309532
2021-06-17 09:57:55,742.8,1309618
2021-06-17 09:57:56,742.85,1310690
2021-06-17 09:57:57,742.85,1310812
2021-06-17 09:57:58,742.85,1310812
2021-06-17 09:57:59,742.85,1312076
2021-06-17 09:58:00,742.8,1313155
2021-06-17 09:58:01,742.85,1313264
2021-06-17 09:58:02,742.85,1315798
2021-06-17 09:58:03,742.85,1316036
2021-06-17 09:58:04,742.85,1316146
2021-06-17 09:58:07,742.9,1317816
2021-06-17 09:58:08,742.85,1317826
2021-06-17 09:58:09,742.9,1317862
2021-06-17 09:58:10,742.9,1318665
2021-06-17 09:58:12,742.9,1318757
2021-06-17 09:58:12,742.9,1318757
2021-06-17 09:58:13,742.85,1318766
2021-06-17 09:58:14,742.8,1318854
2021-06-17 09:58:15,742.85,1319109
2021-06-17 09:58:16,742.85,1319890
2021-06-17 09:58:17,742.9,1319959
2021-06-17 09:58:19,742.9,1320008
2021-06-17 09:58:19,742.85,1320034
2021-06-17 09:58:20,742.85,1321006
2021-06-17 09:58:21,742.9,1323823
2021-06-17 09:58:23,742.8,1324091
2021-06-17 09:58:23,742.8,1324101
2021-06-17 09:58:24,742.8,1324112
2021-06-17 09:58:25,742.75,1324211
2021-06-17 09:58:26,742.75,1324211
2021-06-17 09:58:28,742.7,1324264
2021-06-17 09:58:29,742.7,1324624
2021-06-17 09:58:30,742.9,1325632
2021-06-17 09:58:30,742.9,1325632
2021-06-17 09:58:31,742.8,1325754
2021-06-17 09:58:33,742.7,1326000
2021-06-17 09:58:33,742.7,1326000
2021-06-17 09:58:34,742.7,1326174
2021-06-17 09:58:36,742.7,1326276
2021-06-17 09:58:37,742.8,1326326
2021-06-17 09:58:38,742.75,1326349
2021-06-17 09:58:38,742.75,1326584
2021-06-17 09:58:39,742.75,1326721
2021-06-17 09:58:41,742.75,1326966
2021-06-17 09:58:42,742.75,1326966
2021-06-17 09:58:43,742.8,1327000
2021-06-17 09:58:43,742.75,1327233
2021-06-17 09:58:44,742.8,1327287
2021-06-17 09:58:45,742.8,1327287
2021-06-17 09:58:46,742.8,1327291
2021-06-17 09:58:47,742.8,1327300
2021-06-17 09:58:48,742.8,1327554
2021-06-17 09:58:50,742.75,1327566
2021-06-17 09:58:51,742.55,1331274
2021-06-17 09:58:52,742.75,1331643
2021-06-17 09:58:52,742.75,1331643
2021-06-17 09:58:53,742.75,1331726
2021-06-17 09:58:54,742.75,1332034
2021-06-17 09:58:56,742.75,1332035
2021-06-17 09:58:56,742.75,1332035
2021-06-17 09:58:57,742.75,1332035
2021-06-17 09:58:59,742.75,1332372
2021-06-17 09:59:00,742.65,1332572
2021-06-17 09:59:00,742.65,1332572
2021-06-17 09:59:01,742.7,1332577
2021-06-17 09:59:04,742.7,1332965
2021-06-17 09:59:03,742.7,1332915
2021-06-17 09:59:05,742.7,1332965
2021-06-17 09:59:06,742.65,1333255
2021-06-17 09:59:07,742.65,1333255
2021-06-17 09:59:08,742.7,1333266
2021-06-17 09:59:08,742.7,1333266
2021-06-17 09:59:10,742.65,1333288
2021-06-17 09:59:11,742.7,1333330
2021-06-17 09:59:12,742.7,1333368
2021-06-17 09:59:12,742.65,1334106
2021-06-17 09:59:13,742.75,1334175
2021-06-17 09:59:14,742.65,1334430
2021-06-17 09:59:15,742.65,1334430
2021-06-17 09:59:16,742.65,1334922
2021-06-17 09:59:18,742.7,1335003
2021-06-17 09:59:19,742.7,1335053
2021-06-17 09:59:20,742.65,1335065
2021-06-17 09:59:21,742.65,1335065
2021-06-17 09:59:22,742.65,1335068
2021-06-17 09:59:23,742.65,1335252
2021-06-17 09:59:24,742.65,1336527
2021-06-17 09:59:25,742.7,1336732
2021-06-17 09:59:26,742.65,1336921
2021-06-17 09:59:27,742.5,1340333
2021-06-17 09:59:28,742.75,1340667
2021-06-17 09:59:29,742.65,1340717
2021-06-17 09:59:30,742.6,1340718
2021-06-17 09:59:30,742.5,1340724
2021-06-17 09:59:31,742.5,1340875
2021-06-17 09:59:32,742.5,1349181
2021-06-17 09:59:33,742.55,1349323
2021-06-17 09:59:34,742.55,1349365
2021-06-17 09:59:35,742.4,1352742
2021-06-17 09:59:36,742.1,1353121
2021-06-17 09:59:37,742.35,1353212
2021-06-17 09:59:38,742.35,1353272
2021-06-17 09:59:39,742.15,1353293
2021-06-17 09:59:40,742.35,1353319
2021-06-17 09:59:42,742.35,1354239
2021-06-17 09:59:43,742.35,1354252
2021-06-17 09:59:44,742.35,1354302
2021-06-17 09:59:45,742.35,1354322
2021-06-17 09:59:46,742.3,1354376
2021-06-17 09:59:47,742.35,1354400
2021-06-17 09:59:48,742.3,1354450
2021-06-17 09:59:49,742.35,1354525
2021-06-17 09:59:50,742.35,1354737
2021-06-17 09:59:51,742.3,1354837
2021-06-17 09:59:52,742.35,1354888
2021-06-17 09:59:53,742.35,1356768
2021-06-17 09:59:54,742.35,1356768
2021-06-17 09:59:55,742.3,1357531
2021-06-17 09:59:56,742.3,1357631
2021-06-17 09:59:58,742.3,1357706
2021-06-17 09:59:58,742.35,1358157
2021-06-17 10:00:00,742.35,1358778
2021-06-17 10:00:01,742.35,1358881
2021-06-17 10:00:02,742.35,1358900
2021-06-17 10:00:03,742.35,1359405
2021-06-17 10:00:04,742.4,1360193
2021-06-17 10:00:05,742.4,1360247
2021-06-17 10:00:08,742.4,1361519
2021-06-17 10:00:08,742.4,1361625
2021-06-17 10:00:09,742.4,1361630
2021-06-17 10:00:10,742.35,1362526
2021-06-17 10:00:11,742.45,1363193
2021-06-17 10:00:12,742.4,1363312
2021-06-17 10:00:13,742.45,1363395
2021-06-17 10:00:14,742.4,1364045
2021-06-17 10:00:15,742.45,1364106
2021-06-17 10:00:16,742.45,1365109
2021-06-17 10:00:17,742.45,1365221
2021-06-17 10:00:18,742.45,1365556
2021-06-17 10:00:19,742.5,1365832
2021-06-17 10:00:22,742.45,1365840
2021-06-17 10:00:23,742.45,1366962
2021-06-17 10:00:24,742.5,1367082
2021-06-17 10:00:24,742.5,1367082
2021-06-17 10:00:25,742.5,1367082
2021-06-17 10:00:26,742.55,1368589
2021-06-17 10:00:27,742.6,1368828
2021-06-17 10:00:29,742.5,1369050
2021-06-17 10:00:29,742.65,1369774
2021-06-17 10:00:31,742.65,1369774
2021-06-17 10:00:32,742.65,1370338
2021-06-17 10:00:33,742.75,1370388
2021-06-17 10:00:33,742.75,1370428
2021-06-17 10:00:35,742.75,1370818
2021-06-17 10:00:36,742.9,1372074
2021-06-17 10:00:36,742.9,1372264
2021-06-17 10:00:38,742.75,1372291
2021-06-17 10:00:39,742.9,1372362
2021-06-17 10:00:40,742.95,1372624
2021-06-17 10:00:41,742.9,1372882
2021-06-17 10:00:42,743.0,1372933
2021-06-17 10:00:44,742.95,1373339
2021-06-17 10:00:45,742.9,1373420
2021-06-17 10:00:46,742.9,1373811
2021-06-17 10:00:47,742.9,1374046
2021-06-17 10:00:48,743.0,1376353
2021-06-17 10:00:49,743.1,1376637
2021-06-17 10:00:50,743.0,1376948
2021-06-17 10:00:51,743.1,1377032
2021-06-17 10:00:52,743.05,1377206
2021-06-17 10:00:53,743.1,1377642
2021-06-17 10:00:54,743.0,1377814
2021-06-17 10:00:55,743.0,1377854
2021-06-17 10:00:56,743.1,1378011
2021-06-17 10:00:57,743.1,1378102
2021-06-17 10:00:58,743.05,1378142
2021-06-17 10:00:58,743.05,1378142
2021-06-17 10:00:59,743.1,1378192
2021-06-17 10:01:00,743.1,1378419
2021-06-17 10:01:01,743.05,1378644
2021-06-17 10:01:02,743.1,1378898
2021-06-17 10:01:03,743.05,1379641
2021-06-17 10:01:05,743.05,1379906
2021-06-17 10:01:07,743.0,1380011
2021-06-17 10:01:08,743.0,1380108
2021-06-17 10:01:09,743.0,1380183
2021-06-17 10:01:10,743.0,1380183
2021-06-17 10:01:11,743.05,1380403
2021-06-17 10:01:12,743.05,1380403
2021-06-17 10:01:13,743.0,1380414
2021-06-17 10:01:13,743.05,1380434
2021-06-17 10:01:15,743.05,1380449
2021-06-17 10:01:16,743.0,1380549
2021-06-17 10:01:17,743.0,1381145
2021-06-17 10:01:18,743.15,1381155
2021-06-17 10:01:19,743.05,1381233
2021-06-17 10:01:20,743.2,1383060
2021-06-17 10:01:21,743.3,1383811
2021-06-17 10:01:22,743.1,1383931
2021-06-17 10:01:23,743.35,1385171
2021-06-17 10:01:23,743.35,1385171
2021-06-17 10:01:25,743.4,1385293
2021-06-17 10:01:26,743.4,1385293
2021-06-17 10:01:28,743.4,1385560
2021-06-17 10:01:29,743.35,1386089
2021-06-17 10:01:30,743.55,1386917
2021-06-17 10:01:31,743.75,1391340
2021-06-17 10:01:32,743.75,1391340
2021-06-17 10:01:33,743.5,1394622
2021-06-17 10:01:33,743.5,1394622
2021-06-17 10:01:35,743.45,1395968
2021-06-17 10:01:36,743.4,1395969
2021-06-17 10:01:37,743.6,1396626
2021-06-17 10:01:38,743.6,1396626
2021-06-17 10:01:39,743.7,1396702
2021-06-17 10:01:40,743.6,1396737
2021-06-17 10:01:41,743.65,1396880
2021-06-17 10:01:41,743.8,1397380
2021-06-17 10:01:42,743.85,1399144
2021-06-17 10:01:43,743.75,1399163
2021-06-17 10:01:45,743.9,1399677
2021-06-17 10:01:46,743.9,1399778
2021-06-17 10:01:47,743.9,1400126
2021-06-17 10:01:48,743.95,1400195
2021-06-17 10:01:49,743.95,1400649
2021-06-17 10:01:50,743.85,1400697
2021-06-17 10:01:51,743.95,1400842
2021-06-17 10:01:52,744.0,1401825
2021-06-17 10:01:53,743.95,1402071
2021-06-17 10:01:53,743.95,1402071
2021-06-17 10:01:54,744.0,1403378
2021-06-17 10:01:55,744.1,1403516
2021-06-17 10:01:56,744.1,1403516
2021-06-17 10:01:57,744.1,1403532
2021-06-17 10:01:58,744.1,1404892
2021-06-17 10:01:59,744.1,1405682
2021-06-17 10:02:00,744.3,1405958
2021-06-17 10:02:01,744.3,1406303
2021-06-17 10:02:03,744.1,1406744
2021-06-17 10:02:04,744.25,1406872
2021-06-17 10:02:05,744.25,1406943
2021-06-17 10:02:06,744.25,1406943
2021-06-17 10:02:06,744.25,1406943
2021-06-17 10:02:08,744.25,1407691
2021-06-17 10:02:09,744.25,1407765
2021-06-17 10:02:11,744.2,1408453
2021-06-17 10:02:11,744.2,1408522
2021-06-17 10:02:12,744.2,1408731
2021-06-17 10:02:14,743.8,1413664
2021-06-17 10:02:15,743.7,1414396
2021-06-17 10:02:16,743.4,1414604
2021-06-17 10:02:17,743.75,1414840
2021-06-17 10:02:18,743.75,1414840
2021-06-17 10:02:19,743.75,1414845
2021-06-17 10:02:20,743.75,1414868
2021-06-17 10:02:21,743.7,1414892
2021-06-17 10:02:22,743.7,1414949
2021-06-17 10:02:23,743.7,1415039
2021-06-17 10:02:25,743.55,1415839
2021-06-17 10:02:26,743.7,1415955
2021-06-17 10:02:26,743.7,1415955
2021-06-17 10:02:28,743.7,1415964
2021-06-17 10:02:29,743.7,1416097
2021-06-17 10:02:30,743.7,1416437
2021-06-17 10:02:30,743.7,1416491
2021-06-17 10:02:31,743.65,1416492
2021-06-17 10:02:32,743.7,1416723
2021-06-17 10:02:34,743.7,1416723
2021-06-17 10:02:36,743.75,1417686
2021-06-17 10:02:37,743.8,1417758
2021-06-17 10:02:38,743.8,1417758
2021-06-17 10:02:39,743.75,1417891
2021-06-17 10:02:40,743.75,1417905
2021-06-17 10:02:40,743.8,1418155
2021-06-17 10:02:42,743.75,1418637
2021-06-17 10:02:43,743.75,1418637
2021-06-17 10:02:45,743.75,1418637
2021-06-17 10:02:46,743.95,1418787
2021-06-17 10:02:48,743.9,1419466
2021-06-17 10:02:49,743.9,1419670
2021-06-17 10:02:50,743.85,1419671
2021-06-17 10:02:51,743.9,1419763
2021-06-17 10:02:52,743.7,1420164
2021-06-17 10:02:53,743.9,1420319
2021-06-17 10:02:53,743.9,1420319
2021-06-17 10:02:55,743.6,1422050
2021-06-17 10:02:56,743.7,1422058
2021-06-17 10:02:57,743.7,1422113
2021-06-17 10:02:58,743.7,1422138
2021-06-17 10:02:59,743.65,1422147
2021-06-17 10:03:00,743.7,1422267
2021-06-17 10:03:01,743.65,1422314
2021-06-17 10:03:03,743.65,1422325
2021-06-17 10:03:04,743.65,1422675
2021-06-17 10:03:05,743.8,1422705
2021-06-17 10:03:06,743.7,1424361
2021-06-17 10:03:07,743.75,1424518
2021-06-17 10:03:08,743.75,1424518
2021-06-17 10:03:09,743.75,1424518
2021-06-17 10:03:10,743.8,1424618
2021-06-17 10:03:11,743.85,1424649
2021-06-17 10:03:12,743.85,1424649
2021-06-17 10:03:13,743.8,1424658
2021-06-17 10:03:14,743.8,1424712
2021-06-17 10:03:14,743.8,1424712
2021-06-17 10:03:15,743.8,1424782
2021-06-17 10:03:16,743.85,1425386
2021-06-17 10:03:17,743.9,1425579
2021-06-17 10:03:19,743.85,1425589
2021-06-17 10:03:20,743.8,1425610
2021-06-17 10:03:21,743.8,1425820
2021-06-17 10:03:22,743.9,1427918
2021-06-17 10:03:23,743.95,1428766
2021-06-17 10:03:24,744.0,1428776
2021-06-17 10:03:25,744.0,1430337
2021-06-17 10:03:26,743.5,1430543
2021-06-17 10:03:27,743.8,1430771
2021-06-17 10:03:28,743.8,1430952
2021-06-17 10:03:28,743.8,1430952
2021-06-17 10:03:30,743.7,1431106
2021-06-17 10:03:31,743.7,1431106
2021-06-17 10:03:32,743.7,1431106
2021-06-17 10:03:32,743.9,1431115
2021-06-17 10:03:33,743.9,1431115
2021-06-17 10:03:35,743.9,1431362
2021-06-17 10:03:36,744.15,1431414
2021-06-17 10:03:37,744.15,1432383
2021-06-17 10:03:38,744.0,1432786
2021-06-17 10:03:40,744.15,1433069
2021-06-17 10:03:41,744.05,1433071
2021-06-17 10:03:42,744.05,1433186
2021-06-17 10:03:43,744.05,1433201
2021-06-17 10:03:43,744.1,1433206
2021-06-17 10:03:44,744.0,1433883
2021-06-17 10:03:48,744.2,1434000
2021-06-17 10:03:49,744.2,1434000
2021-06-17 10:03:50,744.15,1434119
2021-06-17 10:03:51,744.15,1434119
2021-06-17 10:03:52,744.2,1437405
2021-06-17 10:03:52,744.25,1437730
2021-06-17 10:03:53,744.15,1437831
2021-06-17 10:03:55,744.25,1437868
2021-06-17 10:03:56,743.95,1439005
2021-06-17 10:03:55,744.0,1438269
2021-06-17 10:03:57,744.25,1439084
2021-06-17 10:03:59,744.25,1439724
2021-06-17 10:04:00,744.2,1439807
2021-06-17 10:04:01,744.2,1439807
2021-06-17 10:04:02,744.2,1439807
2021-06-17 10:04:03,744.2,1439807
2021-06-17 10:04:04,744.1,1439812
2021-06-17 10:04:05,744.2,1439932
2021-06-17 10:04:06,744.2,1439932
2021-06-17 10:04:08,744.25,1441143
2021-06-17 10:04:10,744.25,1441292
2021-06-17 10:04:11,744.2,1441380
2021-06-17 10:04:12,744.25,1441410
2021-06-17 10:04:13,743.95,1441719
2021-06-17 10:04:17,744.15,1441775
2021-06-17 10:04:17,744.15,1441785
2021-06-17 10:04:18,744.1,1442268
2021-06-17 10:04:19,744.1,1442472
2021-06-17 10:04:21,744.1,1442583
2021-06-17 10:04:21,744.2,1442614
2021-06-17 10:04:22,744.2,1442614
2021-06-17 10:04:24,744.25,1442668
2021-06-17 10:04:25,744.25,1442944
2021-06-17 10:04:26,744.3,1442947
2021-06-17 10:04:27,744.3,1442954
2021-06-17 10:04:28,744.35,1443415
2021-06-17 10:04:29,744.35,1443489
2021-06-17 10:04:30,744.3,1443524
2021-06-17 10:04:31,744.35,1443629
2021-06-17 10:04:32,744.35,1443629
2021-06-17 10:04:33,744.35,1443774
2021-06-17 10:04:34,744.35,1443774
2021-06-17 10:04:35,744.3,1444692
2021-06-17 10:04:35,744.3,1444692
2021-06-17 10:04:37,744.25,1449179
2021-06-17 10:04:38,744.6,1450035
2021-06-17 10:04:39,744.3,1450160
2021-06-17 10:04:39,744.6,1450207
2021-06-17 10:04:40,744.6,1450319
2021-06-17 10:04:43,744.7,1450718
2021-06-17 10:04:44,744.65,1450727
2021-06-17 10:04:46,744.65,1450946
2021-06-17 10:04:47,744.45,1451566
2021-06-17 10:04:48,744.2,1451841
2021-06-17 10:04:49,744.2,1451841
2021-06-17 10:04:50,744.2,1451841
2021-06-17 10:04:51,744.45,1451885
2021-06-17 10:04:52,744.45,1451885
2021-06-17 10:04:53,744.45,1451885
2021-06-17 10:04:54,744.4,1452025
2021-06-17 10:04:56,744.5,1453233
2021-06-17 10:04:57,744.4,1453476
2021-06-17 10:04:58,744.5,1453501
2021-06-17 10:04:59,744.5,1453694
2021-06-17 10:05:00,744.45,1454144
2021-06-17 10:05:01,744.2,1454146
2021-06-17 10:05:02,744.5,1454184
2021-06-17 10:05:03,744.5,1454184
2021-06-17 10:05:04,744.65,1454287
2021-06-17 10:05:05,744.65,1454507
2021-06-17 10:05:06,744.35,1454618
2021-06-17 10:05:07,744.6,1454717
2021-06-17 10:05:08,744.6,1454737
2021-06-17 10:05:09,744.25,1455252
2021-06-17 10:05:10,744.55,1455302
2021-06-17 10:05:12,744.45,1455508
2021-06-17 10:05:13,744.45,1455508
2021-06-17 10:05:14,744.45,1455508
2021-06-17 10:05:15,744.65,1455637
2021-06-17 10:05:16,744.65,1455637
2021-06-17 10:05:17,744.65,1455647
2021-06-17 10:05:18,744.6,1456351
2021-06-17 10:05:19,744.6,1456808
2021-06-17 10:05:20,744.65,1456921
2021-06-17 10:05:21,744.55,1457813
2021-06-17 10:05:22,744.55,1457853
2021-06-17 10:05:23,744.55,1457867
2021-06-17 10:05:24,744.55,1457867
2021-06-17 10:05:25,744.0,1707880
2021-06-17 10:05:26,744.55,1707890
2021-06-17 10:05:27,744.55,1707890
2021-06-17 10:05:28,744.55,1707900
2021-06-17 10:05:29,744.55,1707986
2021-06-17 10:05:30,744.55,1708003
2021-06-17 10:05:31,744.55,1708003
2021-06-17 10:05:32,744.6,1708177
2021-06-17 10:05:33,744.6,1708177
2021-06-17 10:05:34,744.65,1709130
2021-06-17 10:05:35,744.7,1709239
2021-06-17 10:05:36,744.6,1709391
2021-06-17 10:05:37,744.7,1709422
2021-06-17 10:05:38,744.65,1709437
2021-06-17 10:05:39,744.7,1709447
2021-06-17 10:05:40,744.65,1709547
2021-06-17 10:05:41,744.8,1709847
2021-06-17 10:05:42,744.7,1709903
2021-06-17 10:05:43,744.65,1710178
2021-06-17 10:05:44,744.65,1710303
2021-06-17 10:05:45,744.75,1710794
2021-06-17 10:05:46,744.75,1710794
2021-06-17 10:05:47,744.6,1711339
2021-06-17 10:05:48,744.4,1711473
2021-06-17 10:05:49,744.3,1711907
2021-06-17 10:05:50,744.4,1712059
2021-06-17 10:05:51,744.2,1712559
2021-06-17 10:05:52,744.45,1712622
2021-06-17 10:05:53,744.45,1712627
2021-06-17 10:05:54,744.2,1712861
2021-06-17 10:05:55,744.0,1713036
2021-06-17 10:05:56,744.2,1713079
2021-06-17 10:05:57,743.8,1713812
2021-06-17 10:05:59,743.8,1714449
2021-06-17 10:06:00,743.85,1714518
2021-06-17 10:06:01,743.85,1714518
2021-06-17 10:06:02,744.15,1714587
2021-06-17 10:06:03,744.15,1714618
2021-06-17 10:06:04,744.15,1714618
2021-06-17 10:06:05,744.15,1714698
2021-06-17 10:06:06,744.3,1714738
2021-06-17 10:06:07,744.35,1714758
2021-06-17 10:06:08,744.35,1714858
2021-06-17 10:06:09,744.35,1715069
2021-06-17 10:06:10,744.35,1715184
2021-06-17 10:06:11,744.25,1715236
2021-06-17 10:06:12,744.3,1715242
2021-06-17 10:06:13,744.35,1715251
2021-06-17 10:06:14,744.45,1715337
2021-06-17 10:06:16,744.45,1715337
2021-06-17 10:06:17,744.4,1716476
2021-06-17 10:06:18,744.45,1716594
2021-06-17 10:06:20,744.45,1717093
2021-06-17 10:06:19,744.45,1717093
2021-06-17 10:06:21,744.4,1717163
2021-06-17 10:06:22,744.45,1717189
2021-06-17 10:06:23,744.45,1717343
2021-06-17 10:06:24,744.6,1717376
2021-06-17 10:06:25,744.6,1717378
2021-06-17 10:06:26,744.6,1717388
2021-06-17 10:06:27,744.55,1717638
2021-06-17 10:06:28,744.6,1717696
2021-06-17 10:06:29,744.6,1717707
2021-06-17 10:06:30,744.6,1717708
2021-06-17 10:06:31,744.6,1717708
2021-06-17 10:06:32,744.6,1717717
2021-06-17 10:06:33,744.5,1718717
2021-06-17 10:06:34,744.55,1718910
2021-06-17 10:06:35,744.5,1718925
2021-06-17 10:06:36,744.5,1718981
2021-06-17 10:06:37,744.55,1719036
2021-06-17 10:06:38,744.55,1719036
2021-06-17 10:06:39,744.6,1719679
2021-06-17 10:06:40,744.7,1719783
2021-06-17 10:06:41,744.7,1719783
2021-06-17 10:06:42,744.7,1719783
2021-06-17 10:06:43,744.65,1719893
2021-06-17 10:06:44,744.7,1719897
2021-06-17 10:06:45,744.7,1719912
2021-06-17 10:06:46,744.7,1719925
2021-06-17 10:06:47,744.7,1719964
2021-06-17 10:06:48,744.7,1719973
2021-06-17 10:06:49,744.65,1719974
2021-06-17 10:06:50,744.7,1719994
2021-06-17 10:06:51,744.7,1720014
2021-06-17 10:06:52,744.65,1720415
2021-06-17 10:06:53,744.6,1720681
2021-06-17 10:06:54,744.7,1720683
2021-06-17 10:06:55,744.7,1720783
2021-06-17 10:06:56,744.7,1720786
2021-06-17 10:06:57,744.6,1720889
2021-06-17 10:06:58,744.6,1721031
2021-06-17 10:06:59,744.6,1721031
2021-06-17 10:07:01,744.7,1721357
2021-06-17 10:07:01,744.6,1721317
2021-06-17 10:07:02,744.7,1721357
2021-06-17 10:07:03,744.65,1721366
2021-06-17 10:07:04,744.65,1721366
2021-06-17 10:07:05,744.6,1721755
2021-06-17 10:07:06,744.7,1721797
2021-06-17 10:07:07,744.7,1721798
2021-06-17 10:07:08,744.65,1721808
2021-06-17 10:07:09,744.65,1721812
2021-06-17 10:07:11,744.6,1722142
2021-06-17 10:07:11,744.6,1722142
2021-06-17 10:07:12,744.6,1722142
2021-06-17 10:07:13,744.6,1722151
2021-06-17 10:07:14,744.6,1722188
2021-06-17 10:07:15,744.6,1722200
2021-06-17 10:07:16,744.6,1722706
2021-06-17 10:07:17,744.6,1722812
2021-06-17 10:07:18,744.6,1722821
2021-06-17 10:07:19,744.55,1724232
2021-06-17 10:07:20,744.5,1724714
2021-06-17 10:07:21,744.6,1724771
2021-06-17 10:07:22,744.5,1725248
2021-06-17 10:07:23,744.5,1725499
2021-06-17 10:07:25,744.15,1726998
2021-06-17 10:07:25,744.15,1727163
2021-06-17 10:07:26,744.15,1727163
2021-06-17 10:07:27,744.0,1727280
2021-06-17 10:07:28,744.2,1727307
2021-06-17 10:07:29,744.05,1727820
2021-06-17 10:07:30,744.3,1727871
2021-06-17 10:07:32,744.3,1727871
2021-06-17 10:07:32,744.3,1727871
2021-06-17 10:07:33,744.3,1728224
2021-06-17 10:07:34,744.35,1728262
2021-06-17 10:07:35,744.1,1728283
2021-06-17 10:07:36,744.4,1728363
2021-06-17 10:07:37,744.4,1728363
2021-06-17 10:07:38,744.4,1728363
2021-06-17 10:07:39,744.4,1728375
2021-06-17 10:07:40,744.35,1728380
2021-06-17 10:07:41,744.2,1729032
2021-06-17 10:07:43,744.35,1729122
2021-06-17 10:07:45,744.35,1729122
2021-06-17 10:07:45,744.35,1729122
2021-06-17 10:07:46,744.3,1729172
2021-06-17 10:07:47,744.35,1729197
2021-06-17 10:07:48,744.3,1729213
2021-06-17 10:07:49,744.15,1729416
2021-06-17 10:07:50,744.35,1729486
2021-06-17 10:07:51,744.35,1729486
2021-06-17 10:07:52,744.15,1729598
2021-06-17 10:07:53,744.25,1729636
2021-06-17 10:07:55,744.15,1729638
2021-06-17 10:07:56,744.15,1729638
2021-06-17 10:07:56,744.25,1729653
2021-06-17 10:07:57,744.25,1729653
2021-06-17 10:07:58,744.25,1729662
2021-06-17 10:07:59,744.25,1729719
2021-06-17 10:08:00,744.2,1729726
2021-06-17 10:08:01,744.25,1729727
2021-06-17 10:08:02,744.25,1729736
2021-06-17 10:08:03,744.2,1729817
2021-06-17 10:08:04,744.2,1729817
2021-06-17 10:08:05,744.1,1730065
2021-06-17 10:08:06,744.25,1730122
2021-06-17 10:08:07,744.25,1730122
2021-06-17 10:08:09,744.3,1730384
2021-06-17 10:08:10,744.3,1730384
2021-06-17 10:08:11,744.3,1730384
2021-06-17 10:08:12,744.3,1730491
2021-06-17 10:08:13,744.25,1730550
2021-06-17 10:08:14,744.2,1731124
2021-06-17 10:08:15,744.25,1731183
2021-06-17 10:08:16,744.25,1731189
2021-06-17 10:08:17,744.1,1731199
2021-06-17 10:08:18,744.1,1731295
2021-06-17 10:08:20,744.0,1731386
2021-06-17 10:08:20,744.0,1731386
2021-06-17 10:08:21,744.1,1731504
2021-06-17 10:08:22,744.1,1731504
2021-06-17 10:08:24,744.2,1731533
2021-06-17 10:08:25,744.2,1731543
2021-06-17 10:08:26,744.2,1731582
2021-06-17 10:08:27,744.2,1731582
2021-06-17 10:08:28,744.2,1731685
2021-06-17 10:08:29,744.2,1731685
2021-06-17 10:08:30,744.1,1731782
2021-06-17 10:08:31,744.2,1732306
2021-06-17 10:08:32,744.2,1732354
2021-06-17 10:08:33,744.2,1732354
2021-06-17 10:08:34,744.2,1732469
2021-06-17 10:08:35,744.15,1732482
2021-06-17 10:08:37,744.15,1732501
2021-06-17 10:08:37,744.15,1732501
2021-06-17 10:08:38,744.2,1732884
2021-06-17 10:08:39,744.15,1733119
2021-06-17 10:08:40,744.15,1733119
2021-06-17 10:08:41,744.15,1733119
2021-06-17 10:08:42,744.15,1733122
2021-06-17 10:08:43,744.1,1733231
2021-06-17 10:08:44,744.1,1733231
2021-06-17 10:08:45,744.1,1733231
2021-06-17 10:08:46,744.15,1733323
2021-06-17 10:08:47,744.15,1733409
2021-06-17 10:08:48,744.15,1733559
2021-06-17 10:08:49,744.15,1733561
2021-06-17 10:08:51,744.15,1735669
2021-06-17 10:08:53,744.25,1735706
2021-06-17 10:08:53,744.25,1735706
2021-06-17 10:08:54,744.25,1735706
2021-06-17 10:08:55,744.2,1735814
2021-06-17 10:08:56,744.2,1735870
2021-06-17 10:08:57,744.25,1735879
2021-06-17 10:08:58,744.25,1736312
2021-06-17 10:08:59,744.3,1736405
2021-06-17 10:09:00,744.2,1736410
2021-06-17 10:09:01,744.2,1736410
2021-06-17 10:09:02,744.2,1736410
2021-06-17 10:09:04,744.2,1736410
2021-06-17 10:09:05,744.1,1736723
2021-06-17 10:09:06,744.25,1736725
2021-06-17 10:09:06,744.25,1736725
2021-06-17 10:09:08,744.3,1737446
2021-06-17 10:09:10,744.25,1737652
2021-06-17 10:09:10,744.25,1737652
2021-06-17 10:09:11,744.3,1737808
2021-06-17 10:09:12,744.3,1737823
2021-06-17 10:09:13,744.25,1737833
2021-06-17 10:09:14,744.25,1737889
2021-06-17 10:09:15,744.25,1737889
2021-06-17 10:09:16,744.25,1737889
2021-06-17 10:09:17,744.25,1737892
2021-06-17 10:09:18,744.25,1737892
2021-06-17 10:09:19,744.25,1737968
2021-06-17 10:09:20,744.2,1738087
2021-06-17 10:09:21,744.25,1738108
2021-06-17 10:09:22,744.25,1738240
2021-06-17 10:09:23,744.25,1738250
2021-06-17 10:09:24,744.25,1738350
2021-06-17 10:09:25,744.25,1738350
2021-06-17 10:09:26,744.2,1738355
2021-06-17 10:09:27,744.25,1738380
2021-06-17 10:09:28,744.25,1738516
2021-06-17 10:09:29,744.3,1738630
2021-06-17 10:09:30,744.3,1738744
2021-06-17 10:09:31,744.25,1738847
2021-06-17 10:09:32,744.25,1738867
2021-06-17 10:09:33,744.25,1738876
2021-06-17 10:09:34,744.25,1738966
2021-06-17 10:09:35,744.25,1739005
2021-06-17 10:09:36,744.25,1739699
2021-06-17 10:09:37,744.25,1739847
2021-06-17 10:09:38,744.25,1739864
2021-06-17 10:09:39,744.2,1739908
2021-06-17 10:09:40,744.25,1739927
2021-06-17 10:09:42,744.35,1742910
2021-06-17 10:09:43,744.3,1743361
2021-06-17 10:09:44,744.3,1744238
2021-06-17 10:09:45,744.4,1744366
2021-06-17 10:09:46,744.4,1744366
2021-06-17 10:09:47,744.4,1744410
2021-06-17 10:09:48,744.35,1744419
2021-06-17 10:09:49,744.3,1744538
2021-06-17 10:09:50,744.2,1745375
2021-06-17 10:09:52,744.2,1745622
2021-06-17 10:09:53,744.2,1745622
2021-06-17 10:09:54,744.2,1745647
2021-06-17 10:09:56,744.2,1745657
2021-06-17 10:09:57,744.2,1745707
2021-06-17 10:09:57,744.2,1745707
2021-06-17 10:09:58,744.1,1745717
2021-06-17 10:09:59,744.15,1745737
2021-06-17 10:10:00,744.2,1745780
2021-06-17 10:10:02,743.95,1746659
2021-06-17 10:10:04,744.0,1746734
2021-06-17 10:10:05,744.1,1746737
2021-06-17 10:10:06,744.0,1746738
2021-06-17 10:10:07,744.1,1746743
2021-06-17 10:10:08,744.05,1746753
2021-06-17 10:10:08,744.05,1746753
2021-06-17 10:10:09,744.1,1746773
2021-06-17 10:10:11,743.85,1746902
2021-06-17 10:10:12,744.0,1747015
2021-06-17 10:10:14,743.9,1747024
2021-06-17 10:10:15,743.9,1747024
2021-06-17 10:10:15,743.9,1747024
2021-06-17 10:10:16,743.9,1747040
2021-06-17 10:10:18,743.3,1748411
2021-06-17 10:10:19,743.3,1748411
2021-06-17 10:10:20,743.3,1748473
2021-06-17 10:10:21,743.3,1748473
2021-06-17 10:10:22,743.3,1748692
2021-06-17 10:10:23,743.3,1748692
2021-06-17 10:10:24,743.3,1748702
2021-06-17 10:10:25,743.3,1748717
2021-06-17 10:10:26,743.3,1748717
2021-06-17 10:10:27,743.15,1749076
2021-06-17 10:10:28,743.45,1749257
2021-06-17 10:10:29,743.45,1749257
2021-06-17 10:10:30,743.4,1749308
2021-06-17 10:10:31,743.25,1749364
2021-06-17 10:10:32,743.4,1749369
2021-06-17 10:10:33,743.25,1749569
2021-06-17 10:10:34,743.4,1749769
2021-06-17 10:10:37,743.4,1749911
2021-06-17 10:10:38,743.35,1749931
2021-06-17 10:10:40,743.35,1749961
2021-06-17 10:10:41,743.4,1750066
2021-06-17 10:10:42,743.25,1750402
2021-06-17 10:10:42,743.35,1750102
2021-06-17 10:10:43,743.35,1750461
2021-06-17 10:10:44,743.4,1750748
2021-06-17 10:10:45,743.4,1750841
2021-06-17 10:10:46,743.3,1751452
2021-06-17 10:10:47,743.4,1751553
2021-06-17 10:10:48,743.4,1751653
2021-06-17 10:10:49,743.4,1751653
2021-06-17 10:10:50,743.4,1751653
2021-06-17 10:10:51,743.4,1751653
2021-06-17 10:10:52,743.6,1751710
2021-06-17 10:10:53,743.6,1751720
2021-06-17 10:10:54,743.6,1751743
2021-06-17 10:10:55,743.5,1751744
2021-06-17 10:10:56,743.5,1751744
2021-06-17 10:10:57,743.7,1751769
2021-06-17 10:10:58,743.7,1751769
2021-06-17 10:10:59,743.55,1751794
2021-06-17 10:11:00,743.55,1751806
2021-06-17 10:11:01,743.65,1751812
2021-06-17 10:11:02,743.7,1752581
2021-06-17 10:11:03,743.85,1752711
2021-06-17 10:11:04,743.95,1753236
2021-06-17 10:11:05,743.9,1753305
2021-06-17 10:11:06,743.9,1753482
2021-06-17 10:11:07,743.9,1753482
2021-06-17 10:11:08,743.9,1753558
2021-06-17 10:11:09,743.95,1753701
2021-06-17 10:11:10,744.0,1753905
2021-06-17 10:11:11,744.0,1753907
2021-06-17 10:11:12,744.0,1753918
2021-06-17 10:11:14,744.0,1754018
2021-06-17 10:11:14,744.0,1754018
2021-06-17 10:11:15,743.95,1754028
2021-06-17 10:11:16,744.0,1754108
2021-06-17 10:11:18,743.95,1754389
2021-06-17 10:11:19,743.85,1754505
2021-06-17 10:11:20,743.7,1754533
2021-06-17 10:11:21,743.7,1754533
2021-06-17 10:11:22,743.7,1754538
2021-06-17 10:11:23,743.7,1754538
2021-06-17 10:11:24,743.7,1754538
2021-06-17 10:11:25,743.7,1754577
2021-06-17 10:11:26,743.7,1754587
2021-06-17 10:11:28,743.7,1754670
2021-06-17 10:11:29,743.95,1754713
2021-06-17 10:11:30,743.95,1754714
2021-06-17 10:11:31,743.95,1754723
2021-06-17 10:11:32,743.95,1754723
2021-06-17 10:11:33,743.95,1754723
2021-06-17 10:11:33,743.95,1754818
2021-06-17 10:11:34,743.9,1754858
2021-06-17 10:11:35,743.95,1754869
2021-06-17 10:11:36,743.95,1754869
2021-06-17 10:11:38,743.95,1754890
2021-06-17 10:11:38,743.95,1754940
2021-06-17 10:11:39,743.95,1754940
2021-06-17 10:11:40,743.95,1754958
2021-06-17 10:11:41,743.9,1755029
2021-06-17 10:11:43,743.95,1755141
2021-06-17 10:11:43,743.95,1755391
2021-06-17 10:11:44,743.8,1755554
2021-06-17 10:11:45,744.0,1755556
2021-06-17 10:11:46,744.0,1755556
2021-06-17 10:11:48,743.9,1755568
2021-06-17 10:11:48,743.9,1756324
2021-06-17 10:11:50,743.85,1757131
2021-06-17 10:11:50,743.85,1757131
2021-06-17 10:11:51,744.0,1757207
2021-06-17 10:11:53,743.9,1757452
2021-06-17 10:11:54,744.0,1757483
2021-06-17 10:11:54,744.0,1757483
2021-06-17 10:11:55,743.95,1757693
2021-06-17 10:11:57,743.95,1757694
2021-06-17 10:11:57,743.9,1757837
2021-06-17 10:11:59,743.9,1757837
2021-06-17 10:12:00,743.85,1758006
2021-06-17 10:12:01,743.5,1759431
2021-06-17 10:12:02,743.4,1760292
2021-06-17 10:12:02,743.55,1760308
2021-06-17 10:12:03,743.6,1760529
2021-06-17 10:12:04,743.45,1760659
2021-06-17 10:12:05,743.45,1760659
2021-06-17 10:12:06,743.55,1760708
2021-06-17 10:12:07,743.65,1760997
2021-06-17 10:12:09,743.6,1761141
2021-06-17 10:12:10,743.6,1761184
2021-06-17 10:12:11,743.65,1761736
2021-06-17 10:12:12,743.95,1761793
2021-06-17 10:12:13,743.95,1761972
2021-06-17 10:12:14,743.8,1762037
