timestamp,ltp,volume
2021-06-17 09:20:35,11785.85,11810
2021-06-17 09:20:36,11785.85,11810
2021-06-17 09:20:37,11790.0,11811
2021-06-17 09:20:38,11787.75,11864
2021-06-17 09:20:39,11787.75,11864
2021-06-17 09:20:40,11788.55,11899
2021-06-17 09:20:41,11786.85,11900
2021-06-17 09:20:42,11786.85,11900
2021-06-17 09:20:42,11786.85,11900
2021-06-17 09:20:43,11790.0,12037
2021-06-17 09:20:44,11789.0,12038
2021-06-17 09:20:45,11790.0,12043
2021-06-17 09:20:46,11790.0,12043
2021-06-17 09:20:47,11790.0,12043
2021-06-17 09:20:48,11790.0,12043
2021-06-17 09:20:50,11789.0,12070
2021-06-17 09:20:51,11789.0,12070
2021-06-17 09:20:52,11794.0,12078
2021-06-17 09:20:53,11794.0,12078
2021-06-17 09:20:54,11793.0,12079
2021-06-17 09:20:55,11793.0,12079
2021-06-17 09:20:56,11793.0,12079
2021-06-17 09:20:56,11793.0,12079
2021-06-17 09:20:58,11792.85,12094
2021-06-17 09:20:59,11792.85,12094
2021-06-17 09:21:00,11792.95,12145
2021-06-17 09:21:01,11792.95,12145
2021-06-17 09:21:02,11792.95,12145
2021-06-17 09:21:03,11792.95,12145
2021-06-17 09:21:04,11792.95,12145
2021-06-17 09:21:05,11792.95,12145
2021-06-17 09:21:06,11787.0,12146
2021-06-17 09:21:07,11792.95,12151
2021-06-17 09:21:08,11793.0,12171
2021-06-17 09:21:09,11793.0,12171
2021-06-17 09:21:10,11793.0,12172
2021-06-17 09:21:11,11793.0,12172
2021-06-17 09:21:12,11793.0,12172
2021-06-17 09:21:13,11793.0,12180
2021-06-17 09:21:14,11789.6,12190
2021-06-17 09:21:15,11794.0,12200
2021-06-17 09:21:16,11790.0,12220
2021-06-17 09:21:17,11794.0,12223
2021-06-17 09:21:18,11794.0,12231
2021-06-17 09:21:19,11794.0,12231
2021-06-17 09:21:20,11787.45,12258
2021-06-17 09:21:21,11791.0,12289
2021-06-17 09:21:22,11791.0,12289
2021-06-17 09:21:23,11791.0,12294
2021-06-17 09:21:24,11795.8,12295
2021-06-17 09:21:25,11795.8,12295
2021-06-17 09:21:26,11795.8,12295
2021-06-17 09:21:27,11795.8,12295
2021-06-17 09:21:27,11795.8,12295
2021-06-17 09:21:28,11795.8,12295
2021-06-17 09:21:30,11798.0,12300
2021-06-17 09:21:31,11792.55,12328
2021-06-17 09:21:32,11792.55,12328
2021-06-17 09:21:33,11792.55,12328
2021-06-17 09:21:34,11800.0,12402
2021-06-17 09:21:35,11795.8,12405
2021-06-17 09:21:36,11795.8,12405
2021-06-17 09:21:37,11793.4,12420
2021-06-17 09:21:38,11793.4,12420
2021-06-17 09:21:39,11798.0,12435
2021-06-17 09:21:40,11799.0,12505
2021-06-17 09:21:41,11793.05,12516
2021-06-17 09:21:42,11793.05,12516
2021-06-17 09:21:43,11793.05,12516
2021-06-17 09:21:44,11793.05,12516
2021-06-17 09:21:46,11799.0,12537
2021-06-17 09:21:47,11799.0,12662
2021-06-17 09:21:48,11793.5,12687
2021-06-17 09:21:49,11793.5,12693
2021-06-17 09:21:50,11793.5,12694
2021-06-17 09:21:51,11793.5,12694
2021-06-17 09:21:52,11793.5,12694
2021-06-17 09:21:53,11793.5,12694
2021-06-17 09:21:54,11793.05,12709
2021-06-17 09:21:55,11798.0,12727
2021-06-17 09:21:56,11798.0,12727
2021-06-17 09:21:57,11798.0,12727
2021-06-17 09:21:58,11798.0,12727
2021-06-17 09:21:59,11798.0,12727
2021-06-17 09:22:00,11798.0,12728
2021-06-17 09:22:01,11788.95,12835
2021-06-17 09:22:02,11788.95,12835
2021-06-17 09:22:03,11793.2,12836
2021-06-17 09:22:04,11793.2,12836
2021-06-17 09:22:05,11789.4,12839
2021-06-17 09:22:06,11789.4,12839
2021-06-17 09:22:07,11789.4,12839
2021-06-17 09:22:08,11789.4,12839
2021-06-17 09:22:09,11800.0,12915
2021-06-17 09:22:10,11800.0,12915
2021-06-17 09:22:11,11800.0,12915
2021-06-17 09:22:12,11799.95,12916
2021-06-17 09:22:13,11799.95,12916
2021-06-17 09:22:14,11799.95,12916
2021-06-17 09:22:15,11799.95,12916
2021-06-17 09:22:16,11799.95,12916
2021-06-17 09:22:17,11800.0,12941
2021-06-17 09:22:18,11800.0,12986
2021-06-17 09:22:19,11800.0,13001
2021-06-17 09:22:20,11798.5,13009
2021-06-17 09:22:21,11799.95,13010
2021-06-17 09:22:23,11802.0,13403
2021-06-17 09:22:24,11802.0,13403
2021-06-17 09:22:25,11805.0,13444
2021-06-17 09:22:26,11805.0,13458
2021-06-17 09:22:27,11805.0,13458
2021-06-17 09:22:28,11805.0,13467
2021-06-17 09:22:29,11805.0,13467
2021-06-17 09:22:30,11805.0,13467
2021-06-17 09:22:31,11805.0,13467
2021-06-17 09:22:32,11805.0,13467
2021-06-17 09:22:33,11805.0,13467
2021-06-17 09:22:34,11805.0,13467
2021-06-17 09:22:35,11799.0,13814
2021-06-17 09:22:36,11801.3,14157
2021-06-17 09:22:37,11798.4,14194
2021-06-17 09:22:39,11798.4,14278
2021-06-17 09:22:42,11797.45,14335
2021-06-17 09:22:44,11798.25,14336
2021-06-17 09:22:45,11798.25,14336
2021-06-17 09:22:46,11805.0,14341
2021-06-17 09:22:47,11805.0,14341
2021-06-17 09:22:48,11805.0,14341
2021-06-17 09:22:49,11805.0,14341
2021-06-17 09:22:50,11812.25,14513
2021-06-17 09:22:51,11812.25,14513
2021-06-17 09:22:52,11812.25,14513
2021-06-17 09:22:53,11818.7,14639
2021-06-17 09:22:54,11813.1,14653
2021-06-17 09:22:55,11813.85,14760
2021-06-17 09:22:56,11813.85,14760
2021-06-17 09:22:57,11819.4,14778
2021-06-17 09:22:58,11819.4,14790
2021-06-17 09:22:59,11812.0,14832
2021-06-17 09:23:00,11813.85,14835
2021-06-17 09:23:01,11813.85,14835
2021-06-17 09:23:02,11813.85,14838
2021-06-17 09:23:03,11813.85,14843
2021-06-17 09:23:04,11819.0,14893
2021-06-17 09:23:05,11817.0,14895
2021-06-17 09:23:06,11810.8,14902
2021-06-17 09:23:07,11810.8,14902
2021-06-17 09:23:08,11810.8,14902
2021-06-17 09:23:09,11813.0,14927
2021-06-17 09:23:10,11813.0,14927
2021-06-17 09:23:11,11813.0,14929
2021-06-17 09:23:12,11816.85,14996
2021-06-17 09:23:13,11817.0,14997
2021-06-17 09:23:14,11812.0,15002
2021-06-17 09:23:15,11812.2,15007
2021-06-17 09:23:16,11812.0,15017
2021-06-17 09:23:17,11818.75,15019
2021-06-17 09:23:18,11818.75,15019
2021-06-17 09:23:19,11810.85,15026
2021-06-17 09:23:20,11812.0,15027
2021-06-17 09:23:21,11812.0,15037
2021-06-17 09:23:22,11812.0,15037
2021-06-17 09:23:23,11810.55,15053
2021-06-17 09:23:24,11812.0,15057
2021-06-17 09:23:25,11812.0,15057
2021-06-17 09:23:26,11812.0,15057
2021-06-17 09:23:27,11812.0,15057
2021-06-17 09:23:29,11814.25,15142
2021-06-17 09:23:30,11808.35,15162
2021-06-17 09:23:31,11808.35,15162
2021-06-17 09:23:32,11808.35,15162
2021-06-17 09:23:33,11808.35,15162
2021-06-17 09:23:34,11814.0,15212
2021-06-17 09:23:36,11814.0,15212
2021-06-17 09:23:35,11814.0,15212
2021-06-17 09:23:37,11808.8,15213
2021-06-17 09:23:38,11808.8,15214
2021-06-17 09:23:39,11807.25,15236
2021-06-17 09:23:40,11807.3,15239
2021-06-17 09:23:41,11807.3,15239
2021-06-17 09:23:42,11807.25,15243
2021-06-17 09:23:43,11807.25,15243
2021-06-17 09:23:44,11807.25,15243
2021-06-17 09:23:45,11814.0,15340
2021-06-17 09:23:46,11814.0,15341
2021-06-17 09:23:47,11808.2,15374
2021-06-17 09:23:48,11808.2,15374
2021-06-17 09:23:49,11809.0,15384
2021-06-17 09:23:50,11808.0,15395
2021-06-17 09:23:51,11813.8,15397
2021-06-17 09:23:52,11807.65,15402
2021-06-17 09:23:53,11807.7,15416
2021-06-17 09:23:54,11807.7,15416
2021-06-17 09:23:56,11807.7,15416
2021-06-17 09:23:57,11810.0,15417
2021-06-17 09:23:58,11808.0,15418
2021-06-17 09:23:59,11808.0,15418
2021-06-17 09:24:00,11808.0,15418
2021-06-17 09:24:02,11810.0,15430
2021-06-17 09:24:03,11806.1,15438
2021-06-17 09:24:04,11807.7,15441
2021-06-17 09:24:05,11810.0,15446
2021-06-17 09:24:05,11810.0,15446
2021-06-17 09:24:06,11806.0,15495
2021-06-17 09:24:07,11806.0,15495
2021-06-17 09:24:08,11806.0,15495
2021-06-17 09:24:11,11807.7,15497
2021-06-17 09:24:11,11807.7,15512
2021-06-17 09:24:12,11806.0,15535
2021-06-17 09:24:13,11810.0,15556
2021-06-17 09:24:14,11810.0,15556
2021-06-17 09:24:15,11810.0,15556
2021-06-17 09:24:16,11807.5,15581
2021-06-17 09:24:17,11807.5,15601
2021-06-17 09:24:19,11807.5,15601
2021-06-17 09:24:19,11807.5,15601
2021-06-17 09:24:20,11807.5,15601
2021-06-17 09:24:21,11807.5,15601
2021-06-17 09:24:22,11807.5,15601
2021-06-17 09:24:23,11807.5,15601
2021-06-17 09:24:24,11806.1,15621
2021-06-17 09:24:25,11813.0,15629
2021-06-17 09:24:26,11809.95,15631
2021-06-17 09:24:27,11807.0,15633
2021-06-17 09:24:28,11816.3,15761
2021-06-17 09:24:29,11816.3,15761
2021-06-17 09:24:30,11807.55,15811
2021-06-17 09:24:31,11813.0,15821
2021-06-17 09:24:33,11813.0,15844
2021-06-17 09:24:33,11813.0,15844
2021-06-17 09:24:34,11813.0,15848
2021-06-17 09:24:35,11813.0,15850
2021-06-17 09:24:36,11813.0,15853
2021-06-17 09:24:37,11813.0,15853
2021-06-17 09:24:38,11813.0,15862
2021-06-17 09:24:39,11813.0,15862
2021-06-17 09:24:40,11813.0,15899
2021-06-17 09:24:41,11819.0,15927
2021-06-17 09:24:43,11823.0,16121
2021-06-17 09:24:44,11820.15,16220
2021-06-17 09:24:45,11820.15,16220
2021-06-17 09:24:46,11827.0,16327
2021-06-17 09:24:48,11827.0,16327
2021-06-17 09:24:49,11828.0,16356
2021-06-17 09:24:50,11828.0,16356
2021-06-17 09:24:51,11828.0,16356
2021-06-17 09:24:52,11828.0,16356
2021-06-17 09:24:53,11828.0,16356
2021-06-17 09:24:54,11828.0,16379
2021-06-17 09:24:55,11830.0,16453
2021-06-17 09:24:56,11828.0,16514
2021-06-17 09:24:56,11828.0,16514
2021-06-17 09:24:57,11826.1,16521
2021-06-17 09:24:58,11826.1,16521
2021-06-17 09:24:59,11830.0,16525
2021-06-17 09:25:00,11825.6,16612
2021-06-17 09:25:01,11828.0,16618
2021-06-17 09:25:02,11828.0,16632
2021-06-17 09:25:03,11825.1,16743
2021-06-17 09:25:04,11825.7,16816
2021-06-17 09:25:05,11826.0,16843
2021-06-17 09:25:06,11832.0,16846
2021-06-17 09:25:07,11832.0,16846
2021-06-17 09:25:08,11830.0,16860
2021-06-17 09:25:10,11827.25,16994
2021-06-17 09:25:11,11827.2,17014
2021-06-17 09:25:12,11827.2,17014
2021-06-17 09:25:13,11834.65,17034
2021-06-17 09:25:14,11825.65,17039
2021-06-17 09:25:15,11825.65,17039
2021-06-17 09:25:16,11825.65,17039
2021-06-17 09:25:17,11825.65,17039
2021-06-17 09:25:18,11829.0,17089
2021-06-17 09:25:19,11831.25,17142
2021-06-17 09:25:20,11826.0,17154
2021-06-17 09:25:21,11826.0,17154
2021-06-17 09:25:22,11830.95,17295
2021-06-17 09:25:23,11830.95,17295
2021-06-17 09:25:24,11830.95,17295
2021-06-17 09:25:25,11830.8,17305
2021-06-17 09:25:26,11832.95,17321
2021-06-17 09:25:27,11829.0,17375
2021-06-17 09:25:28,11829.0,17421
2021-06-17 09:25:29,11826.0,17426
2021-06-17 09:25:30,11826.0,17426
2021-06-17 09:25:33,11826.0,17426
2021-06-17 09:25:34,11830.8,17437
2021-06-17 09:25:35,11830.8,17437
2021-06-17 09:25:35,11830.8,17437
2021-06-17 09:25:36,11830.8,17442
2021-06-17 09:25:37,11826.0,17449
2021-06-17 09:25:38,11826.0,17449
2021-06-17 09:25:39,11826.0,17463
2021-06-17 09:25:40,11826.0,17464
2021-06-17 09:25:41,11830.0,17474
2021-06-17 09:25:42,11830.0,17474
2021-06-17 09:25:43,11829.0,17505
2021-06-17 09:25:44,11830.8,17545
2021-06-17 09:25:45,11830.8,17545
2021-06-17 09:25:46,11829.3,17546
2021-06-17 09:25:47,11825.0,17552
2021-06-17 09:25:48,11825.0,17572
2021-06-17 09:25:49,11825.0,17572
2021-06-17 09:25:50,11825.0,17573
2021-06-17 09:25:51,11829.2,17575
2021-06-17 09:25:52,11829.15,17578
2021-06-17 09:25:53,11829.2,17583
2021-06-17 09:25:54,11825.0,17585
2021-06-17 09:25:55,11825.0,17585
2021-06-17 09:25:56,11825.0,17586
2021-06-17 09:25:58,11825.0,17636
2021-06-17 09:25:59,11825.0,17636
2021-06-17 09:26:00,11825.0,17636
2021-06-17 09:26:01,11825.0,17636
2021-06-17 09:26:02,11825.1,17637
2021-06-17 09:26:02,11825.0,17636
2021-06-17 09:26:03,11829.2,17657
2021-06-17 09:26:05,11831.0,17805
2021-06-17 09:26:06,11831.0,17805
2021-06-17 09:26:07,11825.2,17807
2021-06-17 09:26:08,11825.0,17810
2021-06-17 09:26:10,11825.0,17810
2021-06-17 09:26:12,11825.15,17865
2021-06-17 09:26:12,11825.15,17865
2021-06-17 09:26:13,11825.0,17890
2021-06-17 09:26:14,11825.0,17890
2021-06-17 09:26:15,11825.0,17890
2021-06-17 09:26:18,11825.05,17897
2021-06-17 09:26:19,11829.0,17898
2021-06-17 09:26:19,11829.0,17898
2021-06-17 09:26:20,11829.0,17909
2021-06-17 09:26:21,11829.0,17909
2021-06-17 09:26:22,11829.0,17909
2021-06-17 09:26:24,11825.05,17911
2021-06-17 09:26:25,11825.05,17911
2021-06-17 09:26:25,11825.05,17911
2021-06-17 09:26:26,11825.05,17911
2021-06-17 09:26:27,11825.05,17911
2021-06-17 09:26:28,11825.05,17927
2021-06-17 09:26:31,11825.1,17933
2021-06-17 09:26:32,11825.1,17933
2021-06-17 09:26:33,11835.0,18019
2021-06-17 09:26:34,11835.1,18029
2021-06-17 09:26:34,11835.1,18029
2021-06-17 09:26:35,11835.0,18032
2021-06-17 09:26:36,11838.0,18045
2021-06-17 09:26:37,11838.0,18045
2021-06-17 09:26:39,11844.45,18050
2021-06-17 09:26:40,11840.0,18053
2021-06-17 09:26:40,11840.0,18053
2021-06-17 09:26:42,11840.0,18062
2021-06-17 09:26:44,11840.0,18065
2021-06-17 09:26:45,11840.0,18085
2021-06-17 09:26:46,11844.35,18096
2021-06-17 09:26:46,11844.35,18096
2021-06-17 09:26:47,11844.9,18136
2021-06-17 09:26:48,11844.7,18139
2021-06-17 09:26:49,11840.0,18140
2021-06-17 09:26:50,11840.0,18140
2021-06-17 09:26:52,11840.0,18166
2021-06-17 09:26:53,11840.0,18173
2021-06-17 09:26:54,11840.0,18176
2021-06-17 09:26:55,11836.65,18260
2021-06-17 09:26:56,11836.9,18271
2021-06-17 09:26:57,11831.0,18272
2021-06-17 09:26:58,11831.35,18309
2021-06-17 09:26:59,11831.35,18309
2021-06-17 09:27:01,11832.0,18316
2021-06-17 09:27:02,11838.85,18332
2021-06-17 09:27:03,11838.6,18342
2021-06-17 09:27:03,11838.6,18342
2021-06-17 09:27:04,11838.6,18342
2021-06-17 09:27:05,11831.6,18345
2021-06-17 09:27:06,11831.0,18346
2021-06-17 09:27:07,11831.0,18346
2021-06-17 09:27:08,11831.0,18346
2021-06-17 09:27:09,11831.0,18346
2021-06-17 09:27:10,11837.0,18368
2021-06-17 09:27:11,11837.0,18368
2021-06-17 09:27:12,11837.0,18369
2021-06-17 09:27:13,11831.65,18374
2021-06-17 09:27:14,11831.65,18374
2021-06-17 09:27:15,11831.0,18402
2021-06-17 09:27:16,11831.0,18402
2021-06-17 09:27:17,11831.0,18466
2021-06-17 09:27:18,11831.0,18466
2021-06-17 09:27:19,11829.05,18483
2021-06-17 09:27:21,11832.2,18543
2021-06-17 09:27:22,11832.2,18545
2021-06-17 09:27:23,11837.95,18554
2021-06-17 09:27:24,11837.95,18558
2021-06-17 09:27:24,11837.95,18558
2021-06-17 09:27:25,11837.95,18558
2021-06-17 09:27:26,11836.95,18563
2021-06-17 09:27:27,11832.7,18566
2021-06-17 09:27:28,11836.95,18567
2021-06-17 09:27:29,11832.0,18627
2021-06-17 09:27:30,11832.0,18627
2021-06-17 09:27:31,11832.0,18627
2021-06-17 09:27:32,11836.0,18647
2021-06-17 09:27:33,11836.0,18647
2021-06-17 09:27:34,11832.0,18652
2021-06-17 09:27:35,11832.0,18652
2021-06-17 09:27:36,11832.0,18652
2021-06-17 09:27:37,11832.0,18652
2021-06-17 09:27:39,11832.0,18652
2021-06-17 09:27:39,11832.0,18652
2021-06-17 09:27:40,11830.0,18659
2021-06-17 09:27:41,11830.0,18659
2021-06-17 09:27:42,11833.15,18660
2021-06-17 09:27:43,11833.15,18660
2021-06-17 09:27:44,11835.8,18675
2021-06-17 09:27:45,11835.8,18675
2021-06-17 09:27:47,11839.55,19216
2021-06-17 09:27:48,11843.05,19220
2021-06-17 09:27:49,11843.05,19220
2021-06-17 09:27:51,11847.8,19229
2021-06-17 09:27:52,11847.8,19229
2021-06-17 09:27:53,11847.8,19229
2021-06-17 09:27:54,11849.0,19279
2021-06-17 09:27:55,11843.25,19289
2021-06-17 09:27:56,11842.8,19299
2021-06-17 09:27:57,11847.7,19304
2021-06-17 09:27:58,11846.4,19305
2021-06-17 09:27:59,11842.85,19320
2021-06-17 09:27:59,11842.8,19329
2021-06-17 09:28:01,11847.65,19330
2021-06-17 09:28:02,11847.65,19330
2021-06-17 09:28:03,11847.65,19330
2021-06-17 09:28:05,11842.8,19342
2021-06-17 09:28:06,11842.8,19342
2021-06-17 09:28:07,11842.8,19342
2021-06-17 09:28:08,11847.65,19347
2021-06-17 09:28:10,11847.65,19359
2021-06-17 09:28:11,11847.8,19394
2021-06-17 09:28:12,11844.4,19395
2021-06-17 09:28:13,11844.4,19395
2021-06-17 09:28:14,11843.95,19413
2021-06-17 09:28:15,11840.95,19423
2021-06-17 09:28:17,11842.8,19435
2021-06-17 09:28:18,11842.8,19435
2021-06-17 09:28:19,11843.9,19436
2021-06-17 09:28:20,11843.9,19440
2021-06-17 09:28:20,11843.9,19438
2021-06-17 09:28:21,11844.0,19441
2021-06-17 09:28:22,11844.0,19441
2021-06-17 09:28:23,11844.0,19446
2021-06-17 09:28:24,11844.0,19446
2021-06-17 09:28:25,11843.9,19450
2021-06-17 09:28:26,11843.9,19463
2021-06-17 09:28:27,11843.9,19463
2021-06-17 09:28:28,11842.8,19473
2021-06-17 09:28:29,11842.8,19473
2021-06-17 09:28:30,11842.95,19474
2021-06-17 09:28:31,11842.95,19474
2021-06-17 09:28:33,11838.0,19543
2021-06-17 09:28:34,11838.0,19543
2021-06-17 09:28:35,11842.1,19544
2021-06-17 09:28:36,11842.1,19545
2021-06-17 09:28:37,11838.0,19546
2021-06-17 09:28:38,11837.2,19550
2021-06-17 09:28:39,11837.2,19557
2021-06-17 09:28:40,11837.2,19565
2021-06-17 09:28:41,11837.2,19565
2021-06-17 09:28:42,11837.2,19565
2021-06-17 09:28:43,11837.2,19565
2021-06-17 09:28:45,11837.2,19566
2021-06-17 09:28:47,11841.95,19612
2021-06-17 09:28:46,11841.95,19612
2021-06-17 09:28:47,11837.25,19642
2021-06-17 09:28:48,11837.25,19642
2021-06-17 09:28:49,11837.25,19642
2021-06-17 09:28:50,11837.25,19642
2021-06-17 09:28:51,11835.8,19647
2021-06-17 09:28:53,11835.8,19647
2021-06-17 09:28:54,11835.8,19647
2021-06-17 09:28:55,11837.05,19751
2021-06-17 09:28:56,11837.05,19751
2021-06-17 09:28:57,11837.05,19751
2021-06-17 09:28:58,11837.05,19751
2021-06-17 09:28:59,11837.05,19751
2021-06-17 09:29:00,11840.75,19753
2021-06-17 09:29:01,11838.8,19760
2021-06-17 09:29:02,11838.8,19760
2021-06-17 09:29:03,11838.8,19760
2021-06-17 09:29:04,11838.8,19760
2021-06-17 09:29:05,11838.8,19760
2021-06-17 09:29:05,11838.8,19760
2021-06-17 09:29:06,11838.8,19760
2021-06-17 09:29:08,11840.0,19765
2021-06-17 09:29:08,11840.0,19766
2021-06-17 09:29:09,11840.0,19766
2021-06-17 09:29:10,11840.0,19766
2021-06-17 09:29:11,11840.0,19768
2021-06-17 09:29:13,11837.0,19783
2021-06-17 09:29:14,11839.9,19795
2021-06-17 09:29:15,11839.9,19795
2021-06-17 09:29:16,11839.9,19795
2021-06-17 09:29:17,11839.9,19795
2021-06-17 09:29:18,11843.0,19844
2021-06-17 09:29:19,11838.0,19854
2021-06-17 09:29:20,11838.0,19854
2021-06-17 09:29:21,11838.0,19854
2021-06-17 09:29:22,11838.0,19854
2021-06-17 09:29:23,11838.0,19854
2021-06-17 09:29:24,11836.55,19861
2021-06-17 09:29:25,11836.4,19862
2021-06-17 09:29:26,11836.4,19862
2021-06-17 09:29:27,11837.0,20064
2021-06-17 09:29:28,11837.0,20064
2021-06-17 09:29:29,11839.9,20074
2021-06-17 09:29:29,11839.9,20074
2021-06-17 09:29:30,11839.9,20074
2021-06-17 09:29:31,11849.0,20500
2021-06-17 09:29:32,11845.3,20510
2021-06-17 09:29:34,11845.3,20512
2021-06-17 09:29:35,11845.3,20512
2021-06-17 09:29:36,11850.0,20667
2021-06-17 09:29:37,11848.45,20677
2021-06-17 09:29:38,11848.45,20677
2021-06-17 09:29:39,11848.45,20677
2021-06-17 09:29:40,11849.8,20680
2021-06-17 09:29:41,11851.35,20715
2021-06-17 09:29:42,11851.35,20715
2021-06-17 09:29:43,11851.35,20715
2021-06-17 09:29:44,11851.35,20715
2021-06-17 09:29:45,11851.35,20715
2021-06-17 09:29:47,11851.35,20715
2021-06-17 09:29:47,11851.35,20715
2021-06-17 09:29:48,11851.35,20715
2021-06-17 09:29:49,11851.35,20715
2021-06-17 09:29:50,11851.35,20715
2021-06-17 09:29:51,11845.35,20723
2021-06-17 09:29:52,11847.6,20874
2021-06-17 09:29:54,11847.6,20874
2021-06-17 09:29:55,11847.6,20874
2021-06-17 09:29:56,11854.0,20875
2021-06-17 09:29:58,11854.95,20880
2021-06-17 09:29:59,11854.95,20880
2021-06-17 09:30:00,11864.0,21332
2021-06-17 09:30:01,11867.85,21397
2021-06-17 09:30:02,11867.5,21413
2021-06-17 09:30:03,11854.05,21551
2021-06-17 09:30:04,11858.55,21571
2021-06-17 09:30:05,11862.9,21892
2021-06-17 09:30:06,11863.45,21905
2021-06-17 09:30:07,11870.0,21930
2021-06-17 09:30:08,11870.8,22098
2021-06-17 09:30:09,11874.95,22134
2021-06-17 09:30:10,11876.0,22184
2021-06-17 09:30:11,11875.05,22438
2021-06-17 09:30:12,11875.05,22438
2021-06-17 09:30:13,11880.0,22439
2021-06-17 09:30:14,11878.7,22463
2021-06-17 09:30:16,11884.0,22483
2021-06-17 09:30:17,11880.25,22498
2021-06-17 09:30:18,11884.1,22506
2021-06-17 09:30:20,11885.0,22511
2021-06-17 09:30:22,11883.9,22599
2021-06-17 09:30:23,11878.8,22634
2021-06-17 09:30:24,11877.1,22719
2021-06-17 09:30:25,11877.1,22719
2021-06-17 09:30:26,11877.1,22719
2021-06-17 09:30:27,11877.1,22719
2021-06-17 09:30:28,11884.95,22744
2021-06-17 09:30:29,11882.85,22864
2021-06-17 09:30:30,11886.65,22910
2021-06-17 09:30:31,11883.95,22911
2021-06-17 09:30:33,11880.0,22929
2021-06-17 09:30:34,11882.85,22958
2021-06-17 09:30:35,11882.85,22966
2021-06-17 09:30:37,11885.0,23007
2021-06-17 09:30:39,11877.1,23133
2021-06-17 09:30:40,11877.7,23144
2021-06-17 09:30:41,11884.4,23649
2021-06-17 09:30:42,11880.0,23659
2021-06-17 09:30:43,11880.4,23663
2021-06-17 09:30:43,11883.4,23683
2021-06-17 09:30:44,11878.0,23713
2021-06-17 09:30:46,11877.25,23724
2021-06-17 09:30:46,11877.25,23724
2021-06-17 09:30:48,11877.0,23746
2021-06-17 09:30:49,11873.0,23828
2021-06-17 09:30:50,11873.0,23828
2021-06-17 09:30:51,11871.6,23838
2021-06-17 09:30:52,11871.6,23892
2021-06-17 09:30:53,11870.0,23904
2021-06-17 09:30:54,11870.05,23918
2021-06-17 09:30:56,11870.0,24018
2021-06-17 09:30:57,11874.9,24020
2021-06-17 09:30:58,11869.25,24065
2021-06-17 09:30:59,11875.45,24127
2021-06-17 09:31:00,11877.2,24223
2021-06-17 09:31:01,11870.35,24224
2021-06-17 09:31:02,11875.45,24229
2021-06-17 09:31:02,11875.45,24229
2021-06-17 09:31:03,11873.45,24232
2021-06-17 09:31:04,11873.45,24233
2021-06-17 09:31:05,11876.75,24289
2021-06-17 09:31:06,11876.75,24290
2021-06-17 09:31:07,11870.0,24297
2021-06-17 09:31:09,11870.0,24297
2021-06-17 09:31:10,11870.0,24297
2021-06-17 09:31:11,11867.5,24413
2021-06-17 09:31:12,11867.5,24413
2021-06-17 09:31:13,11863.75,24416
2021-06-17 09:31:13,11869.9,24425
2021-06-17 09:31:15,11861.55,24479
2021-06-17 09:31:15,11861.55,24479
2021-06-17 09:31:17,11858.55,24481
2021-06-17 09:31:18,11862.3,24485
2021-06-17 09:31:19,11858.55,24497
2021-06-17 09:31:20,11856.7,24527
2021-06-17 09:31:21,11861.45,24549
2021-06-17 09:31:23,11854.95,24571
2021-06-17 09:31:24,11858.5,24583
2021-06-17 09:31:25,11858.55,24584
2021-06-17 09:31:26,11858.55,24584
2021-06-17 09:31:27,11854.95,24596
2021-06-17 09:31:27,11858.55,24584
2021-06-17 09:31:28,11850.0,24617
2021-06-17 09:31:29,11850.0,24617
2021-06-17 09:31:30,11851.0,24641
2021-06-17 09:31:33,11854.75,24645
2021-06-17 09:31:34,11854.9,24650
2021-06-17 09:31:35,11850.25,24672
2021-06-17 09:31:36,11850.25,24672
2021-06-17 09:31:36,11854.95,24693
2021-06-17 09:31:37,11854.95,24693
2021-06-17 09:31:38,11854.95,24696
2021-06-17 09:31:40,11853.4,24730
2021-06-17 09:31:41,11857.4,24739
2021-06-17 09:31:42,11857.4,24739
2021-06-17 09:31:43,11854.95,24740
2021-06-17 09:31:43,11854.95,24740
2021-06-17 09:31:44,11851.05,24750
2021-06-17 09:31:45,11858.4,24752
2021-06-17 09:31:48,11858.0,24851
2021-06-17 09:31:49,11855.0,24869
2021-06-17 09:31:50,11855.0,24869
2021-06-17 09:31:51,11855.0,24869
2021-06-17 09:31:53,11855.0,24879
2021-06-17 09:31:54,11855.05,24890
2021-06-17 09:31:55,11855.05,24890
2021-06-17 09:31:56,11855.05,24890
2021-06-17 09:31:57,11855.05,24890
2021-06-17 09:31:58,11855.05,24896
2021-06-17 09:31:59,11855.0,24945
2021-06-17 09:32:00,11855.0,24945
2021-06-17 09:32:01,11855.0,24960
2021-06-17 09:32:02,11857.95,24967
2021-06-17 09:32:02,11857.95,24967
2021-06-17 09:32:04,11863.8,25028
2021-06-17 09:32:04,11863.8,25028
2021-06-17 09:32:05,11863.8,25028
2021-06-17 09:32:07,11863.8,25028
2021-06-17 09:32:07,11863.8,25028
2021-06-17 09:32:08,11855.55,25033
2021-06-17 09:32:09,11862.65,25049
2021-06-17 09:32:10,11862.65,25049
2021-06-17 09:32:12,11862.7,25062
2021-06-17 09:32:12,11862.95,25063
2021-06-17 09:32:13,11856.2,25173
2021-06-17 09:32:15,11856.2,25173
2021-06-17 09:32:17,11862.95,25174
2021-06-17 09:32:19,11867.8,25246
2021-06-17 09:32:21,11867.8,25246
2021-06-17 09:32:27,11867.8,25282
2021-06-17 09:32:28,11869.9,25289
2021-06-17 09:32:29,11869.9,25289
2021-06-17 09:32:31,11870.0,25290
2021-06-17 09:32:31,11876.4,25420
2021-06-17 09:32:32,11869.15,25459
2021-06-17 09:32:34,11870.1,25484
2021-06-17 09:32:36,11876.1,25485
2021-06-17 09:32:35,11876.1,25485
2021-06-17 09:32:37,11876.1,25485
2021-06-17 09:32:38,11876.1,25485
2021-06-17 09:32:39,11870.1,25486
2021-06-17 09:32:40,11876.75,25502
2021-06-17 09:32:41,11869.9,25518
2021-06-17 09:32:42,11874.8,25519
2021-06-17 09:32:44,11869.9,25559
2021-06-17 09:32:46,11864.65,25641
2021-06-17 09:32:45,11869.9,25567
2021-06-17 09:32:47,11864.65,25642
2021-06-17 09:32:49,11867.65,25663
2021-06-17 09:32:50,11867.65,25663
2021-06-17 09:32:52,11867.6,25666
2021-06-17 09:32:51,11867.65,25663
2021-06-17 09:32:53,11867.6,25666
2021-06-17 09:32:54,11865.95,25669
2021-06-17 09:32:56,11867.4,25773
2021-06-17 09:32:55,11865.95,25716
2021-06-17 09:32:58,11867.4,25773
2021-06-17 09:33:01,11862.3,25777
2021-06-17 09:33:02,11867.0,25800
2021-06-17 09:33:04,11862.25,25805
2021-06-17 09:33:06,11860.4,25830
2021-06-17 09:33:07,11862.25,25832
2021-06-17 09:33:08,11860.0,25855
2021-06-17 09:33:09,11860.0,25855
2021-06-17 09:33:10,11868.1,25905
2021-06-17 09:33:11,11868.1,25905
2021-06-17 09:33:12,11868.1,25905
2021-06-17 09:33:13,11868.1,25905
2021-06-17 09:33:14,11868.1,25905
2021-06-17 09:33:15,11865.0,25929
2021-06-17 09:33:16,11865.0,25929
2021-06-17 09:33:17,11865.0,25929
2021-06-17 09:33:18,11865.0,25929
2021-06-17 09:33:19,11864.0,25939
2021-06-17 09:33:21,11867.95,25957
2021-06-17 09:33:22,11867.95,25957
2021-06-17 09:33:23,11862.1,25967
2021-06-17 09:33:24,11862.1,25967
2021-06-17 09:33:25,11862.1,25967
2021-06-17 09:33:26,11867.45,25994
2021-06-17 09:33:27,11861.15,25996
2021-06-17 09:33:28,11861.05,25998
2021-06-17 09:33:29,11861.05,26003
2021-06-17 09:33:30,11867.8,26018
2021-06-17 09:33:31,11867.8,26018
2021-06-17 09:33:33,11867.8,26018
2021-06-17 09:33:34,11860.0,26164
2021-06-17 09:33:35,11864.3,26184
2021-06-17 09:33:36,11860.1,26187
2021-06-17 09:33:37,11860.0,26295
2021-06-17 09:33:38,11857.95,26304
2021-06-17 09:33:39,11857.95,26304
2021-06-17 09:33:41,11862.1,26309
2021-06-17 09:33:42,11862.1,26310
2021-06-17 09:33:43,11862.1,26310
2021-06-17 09:33:44,11862.1,26310
2021-06-17 09:33:45,11862.1,26310
2021-06-17 09:33:46,11862.1,26310
2021-06-17 09:33:47,11862.05,26317
2021-06-17 09:33:48,11862.1,26342
2021-06-17 09:33:49,11862.1,26342
2021-06-17 09:33:50,11862.1,26346
2021-06-17 09:33:51,11862.1,26348
2021-06-17 09:33:52,11861.2,26463
2021-06-17 09:33:53,11861.2,26463
2021-06-17 09:33:54,11861.2,26463
2021-06-17 09:33:55,11860.1,26488
2021-06-17 09:33:56,11863.35,26490
2021-06-17 09:33:57,11865.6,26510
2021-06-17 09:33:58,11865.6,26510
2021-06-17 09:33:59,11861.0,26512
2021-06-17 09:34:00,11861.0,26512
2021-06-17 09:34:01,11861.0,26512
2021-06-17 09:34:02,11857.95,26615
2021-06-17 09:34:03,11857.95,26615
2021-06-17 09:34:04,11857.95,26615
2021-06-17 09:34:05,11862.95,26625
2021-06-17 09:34:06,11862.95,26625
2021-06-17 09:34:07,11861.0,26626
2021-06-17 09:34:08,11862.6,26627
2021-06-17 09:34:09,11862.6,26627
2021-06-17 09:34:10,11860.0,26628
2021-06-17 09:34:11,11860.0,26644
2021-06-17 09:34:12,11860.0,26647
2021-06-17 09:34:13,11860.0,26647
2021-06-17 09:34:14,11860.0,26649
2021-06-17 09:34:15,11861.25,26690
2021-06-17 09:34:16,11857.95,26697
2021-06-17 09:34:17,11857.95,26697
2021-06-17 09:34:18,11857.95,26702
2021-06-17 09:34:19,11857.95,26702
2021-06-17 09:34:20,11857.95,26702
2021-06-17 09:34:21,11857.95,26718
2021-06-17 09:34:22,11857.95,26721
2021-06-17 09:34:23,11857.95,26721
2021-06-17 09:34:24,11857.95,26721
2021-06-17 09:34:25,11861.0,26724
2021-06-17 09:34:26,11861.0,26724
2021-06-17 09:34:27,11861.0,26724
2021-06-17 09:34:28,11861.0,26734
2021-06-17 09:34:29,11860.95,26736
2021-06-17 09:34:30,11860.95,26749
2021-06-17 09:34:32,11857.95,26772
2021-06-17 09:34:31,11857.95,26751
2021-06-17 09:34:33,11857.95,26772
2021-06-17 09:34:34,11857.95,26772
2021-06-17 09:34:35,11855.0,26830
2021-06-17 09:34:36,11855.0,26844
2021-06-17 09:34:37,11855.0,26845
2021-06-17 09:34:38,11855.0,26845
2021-06-17 09:34:39,11855.0,26856
2021-06-17 09:34:40,11855.35,26889
2021-06-17 09:34:41,11855.35,26889
2021-06-17 09:34:42,11852.0,26896
2021-06-17 09:34:43,11855.35,26897
2021-06-17 09:34:44,11852.0,26911
2021-06-17 09:34:46,11855.25,26945
2021-06-17 09:34:45,11855.25,26945
2021-06-17 09:34:47,11850.0,26965
2021-06-17 09:34:48,11850.0,26965
2021-06-17 09:34:49,11850.0,26965
2021-06-17 09:34:50,11850.0,26965
2021-06-17 09:34:51,11850.0,27040
2021-06-17 09:34:52,11850.0,27058
2021-06-17 09:34:53,11850.0,27259
2021-06-17 09:34:54,11842.0,27260
2021-06-17 09:34:55,11842.0,27262
2021-06-17 09:34:56,11841.9,27273
2021-06-17 09:34:57,11842.9,27297
2021-06-17 09:34:58,11842.9,27297
2021-06-17 09:34:59,11832.2,27354
2021-06-17 09:35:00,11837.9,27355
2021-06-17 09:35:01,11826.0,27422
2021-06-17 09:35:03,11825.6,27437
2021-06-17 09:35:03,11834.2,27524
2021-06-17 09:35:05,11834.9,27543
2021-06-17 09:35:06,11835.5,27551
2021-06-17 09:35:08,11835.0,27553
2021-06-17 09:35:09,11830.6,27587
2021-06-17 09:35:10,11831.0,27594
2021-06-17 09:35:11,11831.0,27595
2021-06-17 09:35:12,11831.0,27595
2021-06-17 09:35:13,11831.0,27595
2021-06-17 09:35:13,11831.0,27595
2021-06-17 09:35:14,11831.0,27595
2021-06-17 09:35:15,11830.5,27666
2021-06-17 09:35:16,11826.25,27683
2021-06-17 09:35:18,11830.0,27687
2021-06-17 09:35:18,11830.0,27707
2021-06-17 09:35:19,11830.0,27712
2021-06-17 09:35:20,11830.0,27720
2021-06-17 09:35:21,11830.0,27722
2021-06-17 09:35:22,11830.3,27732
2021-06-17 09:35:23,11830.0,27743
2021-06-17 09:35:24,11830.0,27743
2021-06-17 09:35:25,11822.4,27799
2021-06-17 09:35:26,11822.4,27850
2021-06-17 09:35:27,11822.4,27857
2021-06-17 09:35:28,11821.0,27867
2021-06-17 09:35:29,11821.0,27879
2021-06-17 09:35:30,11821.0,27881
2021-06-17 09:35:31,11828.4,27981
2021-06-17 09:35:32,11820.0,28052
2021-06-17 09:35:33,11820.0,28061
2021-06-17 09:35:34,11820.6,28093
2021-06-17 09:35:35,11818.05,28138
2021-06-17 09:35:36,11825.3,28185
2021-06-17 09:35:37,11827.25,28196
2021-06-17 09:35:39,11821.0,28202
2021-06-17 09:35:39,11821.0,28202
2021-06-17 09:35:40,11821.0,28211
2021-06-17 09:35:41,11819.55,28221
2021-06-17 09:35:42,11820.6,28222
2021-06-17 09:35:43,11816.6,28256
2021-06-17 09:35:44,11816.6,28256
2021-06-17 09:35:46,11810.0,28287
2021-06-17 09:35:47,11810.0,28287
2021-06-17 09:35:48,11810.2,28302
2021-06-17 09:35:50,11816.7,28311
2021-06-17 09:35:50,11816.0,28315
2021-06-17 09:35:51,11816.65,28319
2021-06-17 09:35:52,11816.65,28319
2021-06-17 09:35:53,11816.0,28335
2021-06-17 09:35:54,11811.85,28354
2021-06-17 09:35:56,11812.0,28356
2021-06-17 09:35:56,11811.85,28386
2021-06-17 09:35:57,11811.85,28386
2021-06-17 09:35:58,11810.15,28387
2021-06-17 09:36:00,11810.0,28414
2021-06-17 09:36:02,11810.05,28423
2021-06-17 09:36:04,11816.05,28633
2021-06-17 09:36:04,11816.05,28633
2021-06-17 09:36:06,11815.95,28634
2021-06-17 09:36:06,11815.95,28634
2021-06-17 09:36:08,11818.05,28668
2021-06-17 09:36:10,11815.05,28688
2021-06-17 09:36:11,11815.05,28688
2021-06-17 09:36:12,11815.05,28688
2021-06-17 09:36:13,11821.55,28689
2021-06-17 09:36:14,11821.55,28689
2021-06-17 09:36:15,11821.55,28689
2021-06-17 09:36:16,11822.55,28710
2021-06-17 09:36:18,11822.55,28710
2021-06-17 09:36:18,11822.55,28710
2021-06-17 09:36:19,11822.55,28710
2021-06-17 09:36:20,11816.05,28723
2021-06-17 09:36:21,11816.05,28723
2021-06-17 09:36:22,11816.05,28723
2021-06-17 09:36:24,11823.25,28738
2021-06-17 09:36:25,11816.35,28739
2021-06-17 09:36:26,11816.35,28739
2021-06-17 09:36:28,11821.55,28752
2021-06-17 09:36:28,11821.55,28752
2021-06-17 09:36:29,11821.55,28752
2021-06-17 09:36:31,11821.55,28754
2021-06-17 09:36:32,11820.0,28755
2021-06-17 09:36:32,11820.0,28757
2021-06-17 09:36:33,11821.55,28766
2021-06-17 09:36:34,11821.55,28767
2021-06-17 09:36:35,11826.0,28868
2021-06-17 09:36:36,11819.15,28869
2021-06-17 09:36:37,11819.15,28869
2021-06-17 09:36:38,11819.15,28869
2021-06-17 09:36:39,11819.2,28871
2021-06-17 09:36:40,11819.15,28881
2021-06-17 09:36:41,11819.15,28881
2021-06-17 09:36:42,11818.35,28904
2021-06-17 09:36:43,11818.35,28904
2021-06-17 09:36:44,11826.0,28968
2021-06-17 09:36:45,11820.1,28971
2021-06-17 09:36:46,11820.0,29046
2021-06-17 09:36:47,11822.3,29047
2021-06-17 09:36:48,11820.0,29049
2021-06-17 09:36:49,11822.65,29064
2021-06-17 09:36:50,11822.65,29064
2021-06-17 09:36:51,11823.65,29066
2021-06-17 09:36:52,11823.65,29066
2021-06-17 09:36:53,11823.65,29066
2021-06-17 09:36:54,11823.65,29066
2021-06-17 09:36:55,11826.0,29091
2021-06-17 09:36:56,11826.0,29091
2021-06-17 09:36:57,11826.0,29091
2021-06-17 09:36:58,11826.0,29091
2021-06-17 09:37:01,11830.0,29097
2021-06-17 09:37:02,11830.0,29097
2021-06-17 09:37:03,11830.0,29117
2021-06-17 09:37:04,11824.1,29147
2021-06-17 09:37:05,11824.1,29147
2021-06-17 09:37:06,11830.75,29172
2021-06-17 09:37:07,11830.75,29172
2021-06-17 09:37:08,11830.75,29172
2021-06-17 09:37:10,11830.75,29172
2021-06-17 09:37:09,11830.75,29172
2021-06-17 09:37:11,11825.65,29177
2021-06-17 09:37:12,11825.65,29177
2021-06-17 09:37:13,11830.75,29207
2021-06-17 09:37:14,11830.75,29207
2021-06-17 09:37:15,11830.75,29207
2021-06-17 09:37:16,11830.75,29207
2021-06-17 09:37:18,11830.75,29207
2021-06-17 09:37:19,11830.75,29207
2021-06-17 09:37:20,11830.75,29207
2021-06-17 09:37:21,11830.75,29207
2021-06-17 09:37:22,11830.75,29207
2021-06-17 09:37:23,11830.75,29207
2021-06-17 09:37:24,11830.75,29207
2021-06-17 09:37:25,11830.75,29207
2021-06-17 09:37:25,11834.8,29407
2021-06-17 09:37:26,11834.8,29407
2021-06-17 09:37:28,11834.8,29407
2021-06-17 09:37:29,11834.8,29407
2021-06-17 09:37:30,11834.8,29407
2021-06-17 09:37:30,11834.8,29407
2021-06-17 09:37:31,11834.8,29407
2021-06-17 09:37:32,11834.8,29407
2021-06-17 09:37:33,11834.8,29407
2021-06-17 09:37:34,11820.0,29507
2021-06-17 09:37:37,11820.0,29511
2021-06-17 09:37:36,11820.0,29511
2021-06-17 09:37:38,11820.0,29512
2021-06-17 09:37:39,11820.0,29514
2021-06-17 09:37:40,11820.0,29514
2021-06-17 09:37:41,11827.15,29569
2021-06-17 09:37:42,11827.15,29569
2021-06-17 09:37:43,11826.0,29583
2021-06-17 09:37:43,11826.0,29583
2021-06-17 09:37:45,11826.0,29583
2021-06-17 09:37:46,11823.7,29584
2021-06-17 09:37:46,11823.7,29584
2021-06-17 09:37:47,11823.7,29584
2021-06-17 09:37:48,11823.7,29584
2021-06-17 09:37:49,11823.7,29584
2021-06-17 09:37:51,11823.7,29594
2021-06-17 09:37:52,11823.7,29594
2021-06-17 09:37:52,11823.7,29594
2021-06-17 09:37:53,11823.7,29594
2021-06-17 09:37:54,11824.75,29606
2021-06-17 09:37:55,11824.6,29609
2021-06-17 09:37:56,11824.6,29609
2021-06-17 09:37:57,11823.05,29614
2021-06-17 09:37:58,11823.05,29614
2021-06-17 09:37:59,11823.7,29625
2021-06-17 09:38:01,11823.7,29625
2021-06-17 09:38:03,11830.0,29631
2021-06-17 09:38:04,11830.0,29631
2021-06-17 09:38:05,11830.0,29631
2021-06-17 09:38:06,11822.8,29637
2021-06-17 09:38:07,11822.6,29638
2021-06-17 09:38:08,11821.25,29641
2021-06-17 09:38:09,11826.95,29643
2021-06-17 09:38:10,11826.95,29643
2021-06-17 09:38:11,11826.95,29643
2021-06-17 09:38:11,11826.95,29643
2021-06-17 09:38:12,11826.95,29643
2021-06-17 09:38:13,11822.05,29655
2021-06-17 09:38:14,11822.05,29655
2021-06-17 09:38:15,11822.05,29655
2021-06-17 09:38:16,11822.05,29655
2021-06-17 09:38:18,11826.05,29657
2021-06-17 09:38:18,11826.05,29657
2021-06-17 09:38:19,11824.05,29667
2021-06-17 09:38:20,11824.05,29667
2021-06-17 09:38:21,11824.05,29667
2021-06-17 09:38:22,11824.05,29667
2021-06-17 09:38:23,11824.05,29667
2021-06-17 09:38:25,11824.05,29667
2021-06-17 09:38:26,11828.9,29672
2021-06-17 09:38:27,11828.9,29672
2021-06-17 09:38:28,11824.05,29673
2021-06-17 09:38:29,11824.0,29674
2021-06-17 09:38:30,11824.0,29674
2021-06-17 09:38:32,11824.0,29674
2021-06-17 09:38:33,11824.0,29674
2021-06-17 09:38:34,11824.0,29674
2021-06-17 09:38:35,11824.0,29674
2021-06-17 09:38:36,11822.5,29675
2021-06-17 09:38:37,11825.0,29700
2021-06-17 09:38:38,11822.5,29701
2021-06-17 09:38:40,11824.9,29709
2021-06-17 09:38:40,11824.9,29714
2021-06-17 09:38:42,11824.9,29714
2021-06-17 09:38:42,11824.9,29736
2021-06-17 09:38:43,11820.0,29840
2021-06-17 09:38:44,11820.0,29840
2021-06-17 09:38:45,11820.0,29840
2021-06-17 09:38:46,11815.0,29940
2021-06-17 09:38:47,11815.0,29940
2021-06-17 09:38:48,11815.0,29940
2021-06-17 09:38:49,11815.0,29940
2021-06-17 09:38:50,11814.0,29970
2021-06-17 09:38:51,11814.0,29970
2021-06-17 09:38:52,11814.2,29975
2021-06-17 09:38:53,11818.0,29985
2021-06-17 09:38:54,11818.0,29985
2021-06-17 09:38:55,11818.0,29985
2021-06-17 09:38:57,11818.0,29985
2021-06-17 09:38:58,11818.95,29995
2021-06-17 09:38:59,11818.95,29995
2021-06-17 09:39:00,11818.95,30000
2021-06-17 09:39:02,11815.0,30002
2021-06-17 09:39:03,11815.0,30002
2021-06-17 09:39:03,11815.0,30002
2021-06-17 09:39:05,11815.05,30003
2021-06-17 09:39:05,11815.05,30004
2021-06-17 09:39:06,11815.05,30005
2021-06-17 09:39:07,11815.05,30005
2021-06-17 09:39:08,11814.0,30008
2021-06-17 09:39:09,11818.85,30108
2021-06-17 09:39:10,11818.85,30108
2021-06-17 09:39:11,11818.85,30108
2021-06-17 09:39:13,11818.85,30108
2021-06-17 09:39:14,11818.85,30108
2021-06-17 09:39:15,11818.85,30108
2021-06-17 09:39:16,11818.85,30108
2021-06-17 09:39:16,11818.85,30108
2021-06-17 09:39:18,11818.85,30108
2021-06-17 09:39:19,11818.85,30108
2021-06-17 09:39:20,11821.25,30123
2021-06-17 09:39:22,11821.25,30123
2021-06-17 09:39:23,11821.25,30123
2021-06-17 09:39:24,11823.6,30219
2021-06-17 09:39:25,11819.9,30234
2021-06-17 09:39:26,11819.9,30234
2021-06-17 09:39:28,11819.9,30234
2021-06-17 09:39:29,11819.9,30234
2021-06-17 09:39:30,11819.9,30234
2021-06-17 09:39:31,11819.9,30234
2021-06-17 09:39:32,11819.9,30234
2021-06-17 09:39:33,11825.0,30245
2021-06-17 09:39:34,11825.0,30245
2021-06-17 09:39:35,11824.15,30246
2021-06-17 09:39:36,11822.0,30271
2021-06-17 09:39:36,11822.0,30271
2021-06-17 09:39:37,11822.0,30271
2021-06-17 09:39:38,11822.0,30271
2021-06-17 09:39:39,11822.0,30271
2021-06-17 09:39:40,11822.0,30271
2021-06-17 09:39:42,11822.0,30271
2021-06-17 09:39:43,11822.0,30271
2021-06-17 09:39:44,11822.0,30271
2021-06-17 09:39:45,11819.9,30273
2021-06-17 09:39:46,11815.65,30275
2021-06-17 09:39:47,11815.65,30275
2021-06-17 09:39:48,11815.65,30275
2021-06-17 09:39:50,11815.0,30283
2021-06-17 09:39:49,11815.0,30283
2021-06-17 09:39:51,11815.0,30283
2021-06-17 09:39:52,11818.95,30284
2021-06-17 09:39:54,11818.95,30284
2021-06-17 09:39:55,11815.1,30290
2021-06-17 09:39:55,11815.1,30290
2021-06-17 09:39:58,11819.9,30312
2021-06-17 09:39:59,11815.65,30313
2021-06-17 09:40:00,11815.65,30313
2021-06-17 09:40:00,11815.65,30313
2021-06-17 09:40:01,11815.65,30313
2021-06-17 09:40:02,11815.65,30313
2021-06-17 09:40:03,11815.65,30313
2021-06-17 09:40:04,11815.65,30313
2021-06-17 09:40:05,11815.65,30313
2021-06-17 09:40:06,11816.0,30319
2021-06-17 09:40:07,11819.9,30322
2021-06-17 09:40:08,11821.1,30327
2021-06-17 09:40:10,11821.15,30328
2021-06-17 09:40:11,11821.1,30331
2021-06-17 09:40:11,11821.1,30331
2021-06-17 09:40:12,11821.1,30331
2021-06-17 09:40:13,11816.0,30332
2021-06-17 09:40:14,11818.9,30333
2021-06-17 09:40:15,11818.9,30333
2021-06-17 09:40:17,11816.0,30334
2021-06-17 09:40:20,11815.25,30339
2021-06-17 09:40:21,11815.25,30339
2021-06-17 09:40:22,11815.05,30341
2021-06-17 09:40:23,11819.5,30342
2021-06-17 09:40:24,11819.5,30342
2021-06-17 09:40:25,11819.5,30342
2021-06-17 09:40:25,11819.5,30342
2021-06-17 09:40:27,11819.5,30342
2021-06-17 09:40:27,11819.5,30342
2021-06-17 09:40:29,11819.5,30342
2021-06-17 09:40:29,11819.5,30342
2021-06-17 09:40:30,11818.95,30343
2021-06-17 09:40:32,11821.0,30353
2021-06-17 09:40:33,11821.0,30353
2021-06-17 09:40:34,11821.25,30358
2021-06-17 09:40:35,11821.25,30358
2021-06-17 09:40:36,11821.25,30358
2021-06-17 09:40:37,11821.25,30358
2021-06-17 09:40:38,11818.95,30366
2021-06-17 09:40:39,11818.95,30366
2021-06-17 09:40:40,11818.95,30366
2021-06-17 09:40:42,11818.95,30366
2021-06-17 09:40:43,11820.25,30367
2021-06-17 09:40:44,11820.25,30367
2021-06-17 09:40:45,11816.0,30388
2021-06-17 09:40:46,11815.1,30391
2021-06-17 09:40:47,11815.1,30393
2021-06-17 09:40:48,11815.1,30399
2021-06-17 09:40:49,11815.1,30404
2021-06-17 09:40:50,11814.0,30690
2021-06-17 09:40:51,11817.85,30691
2021-06-17 09:40:52,11817.75,30712
2021-06-17 09:40:54,11813.0,30721
2021-06-17 09:40:55,11815.1,30754
2021-06-17 09:40:56,11815.1,30754
2021-06-17 09:40:57,11815.1,30754
2021-06-17 09:40:57,11817.7,30756
2021-06-17 09:40:59,11817.7,30756
2021-06-17 09:41:00,11815.1,30757
2021-06-17 09:41:01,11815.1,30768
2021-06-17 09:41:02,11815.1,30770
2021-06-17 09:41:04,11815.1,30773
2021-06-17 09:41:05,11815.1,30779
2021-06-17 09:41:06,11815.1,30804
2021-06-17 09:41:05,11815.1,30781
2021-06-17 09:41:08,11815.0,30806
2021-06-17 09:41:09,11815.0,30806
2021-06-17 09:41:11,11813.0,30819
2021-06-17 09:41:12,11816.45,30821
2021-06-17 09:41:13,11811.0,30862
2021-06-17 09:41:14,11812.05,30863
2021-06-17 09:41:16,11812.05,30872
2021-06-17 09:41:17,11810.0,30987
2021-06-17 09:41:18,11810.0,30987
2021-06-17 09:41:19,11810.0,30987
2021-06-17 09:41:20,11810.0,30987
2021-06-17 09:41:21,11810.0,30987
2021-06-17 09:41:22,11810.9,30988
2021-06-17 09:41:23,11810.9,30988
2021-06-17 09:41:24,11810.0,30994
2021-06-17 09:41:25,11810.0,30994
2021-06-17 09:41:26,11810.0,30995
2021-06-17 09:41:27,11811.25,31121
2021-06-17 09:41:28,11811.25,31121
2021-06-17 09:41:29,11810.85,31151
2021-06-17 09:41:30,11810.85,31151
2021-06-17 09:41:31,11810.85,31151
2021-06-17 09:41:32,11810.85,31151
2021-06-17 09:41:33,11810.1,31152
2021-06-17 09:41:34,11817.9,31158
2021-06-17 09:41:35,11817.9,31158
2021-06-17 09:41:36,11817.9,31158
2021-06-17 09:41:37,11817.95,31159
2021-06-17 09:41:38,11817.95,31159
2021-06-17 09:41:39,11812.15,31162
2021-06-17 09:41:40,11812.15,31162
2021-06-17 09:41:41,11812.15,31162
2021-06-17 09:41:42,11817.65,31172
2021-06-17 09:41:43,11817.65,31172
2021-06-17 09:41:44,11817.65,31172
2021-06-17 09:41:45,11817.65,31172
2021-06-17 09:41:46,11817.65,31172
2021-06-17 09:41:47,11817.65,31172
2021-06-17 09:41:48,11817.65,31172
2021-06-17 09:41:49,11817.65,31172
2021-06-17 09:41:51,11817.65,31172
2021-06-17 09:41:53,11817.7,31173
2021-06-17 09:41:54,11818.0,31203
2021-06-17 09:41:55,11818.0,31203
2021-06-17 09:41:56,11818.0,31203
2021-06-17 09:41:57,11818.0,31203
2021-06-17 09:41:58,11818.0,31223
2021-06-17 09:41:59,11814.7,31224
2021-06-17 09:42:00,11814.7,31224
2021-06-17 09:42:01,11817.65,31249
2021-06-17 09:42:02,11814.65,31278
2021-06-17 09:42:03,11814.65,31278
2021-06-17 09:42:05,11818.0,31282
2021-06-17 09:42:07,11818.0,31282
2021-06-17 09:42:08,11818.0,31282
2021-06-17 09:42:09,11818.0,31283
2021-06-17 09:42:10,11819.65,31284
2021-06-17 09:42:11,11817.7,31385
2021-06-17 09:42:12,11820.85,31430
2021-06-17 09:42:13,11815.35,31435
2021-06-17 09:42:14,11815.35,31435
2021-06-17 09:42:15,11821.8,31445
2021-06-17 09:42:17,11820.85,31448
2021-06-17 09:42:18,11820.85,31448
2021-06-17 09:42:19,11820.85,31448
2021-06-17 09:42:19,11820.85,31448
2021-06-17 09:42:20,11815.95,31455
2021-06-17 09:42:21,11815.95,31455
2021-06-17 09:42:23,11825.0,31490
2021-06-17 09:42:24,11825.0,31490
2021-06-17 09:42:25,11825.0,31490
2021-06-17 09:42:26,11825.0,31490
2021-06-17 09:42:27,11822.8,31525
2021-06-17 09:42:28,11826.0,31527
2021-06-17 09:42:28,11826.0,31527
2021-06-17 09:42:30,11826.0,31528
2021-06-17 09:42:31,11826.0,31528
2021-06-17 09:42:32,11826.0,31528
2021-06-17 09:42:33,11825.0,31529
2021-06-17 09:42:34,11826.0,31530
2021-06-17 09:42:35,11826.0,31537
2021-06-17 09:42:36,11826.0,31537
2021-06-17 09:42:37,11826.0,31537
2021-06-17 09:42:38,11826.0,31537
2021-06-17 09:42:39,11826.0,31537
2021-06-17 09:42:40,11826.0,31537
2021-06-17 09:42:41,11827.55,31566
2021-06-17 09:42:42,11827.55,31566
2021-06-17 09:42:43,11827.55,31566
2021-06-17 09:42:44,11827.55,31566
2021-06-17 09:42:45,11827.55,31566
2021-06-17 09:42:46,11826.0,31576
2021-06-17 09:42:47,11826.0,31576
2021-06-17 09:42:48,11826.0,31581
2021-06-17 09:42:49,11826.0,31581
2021-06-17 09:42:50,11826.0,31581
2021-06-17 09:42:51,11826.0,31581
2021-06-17 09:42:52,11826.0,31581
2021-06-17 09:42:53,11826.0,31589
2021-06-17 09:42:54,11826.0,31595
2021-06-17 09:42:55,11826.0,31597
2021-06-17 09:42:56,11825.85,31610
2021-06-17 09:42:57,11825.85,31610
2021-06-17 09:42:58,11825.85,31610
2021-06-17 09:42:59,11825.85,31610
2021-06-17 09:43:00,11825.9,31616
2021-06-17 09:43:01,11820.55,31637
2021-06-17 09:43:02,11818.0,31640
2021-06-17 09:43:03,11818.0,31640
2021-06-17 09:43:04,11818.0,31640
2021-06-17 09:43:05,11818.0,31640
2021-06-17 09:43:06,11818.0,31640
2021-06-17 09:43:07,11818.0,31640
2021-06-17 09:43:08,11818.0,31640
2021-06-17 09:43:09,11818.0,31640
2021-06-17 09:43:10,11818.0,31640
2021-06-17 09:43:11,11818.0,31640
2021-06-17 09:43:12,11826.0,31660
2021-06-17 09:43:13,11819.15,31664
2021-06-17 09:43:14,11819.15,31664
2021-06-17 09:43:15,11819.15,31664
2021-06-17 09:43:16,11819.1,31666
2021-06-17 09:43:17,11818.0,31670
2021-06-17 09:43:18,11818.0,31672
2021-06-17 09:43:19,11819.15,31683
2021-06-17 09:43:20,11818.0,31685
2021-06-17 09:43:21,11818.0,31685
2021-06-17 09:43:22,11818.0,31689
2021-06-17 09:43:23,11819.0,31701
2021-06-17 09:43:24,11819.25,31728
2021-06-17 09:43:25,11819.1,31731
2021-06-17 09:43:26,11819.1,31731
2021-06-17 09:43:27,11819.1,31731
2021-06-17 09:43:28,11819.1,31733
2021-06-17 09:43:29,11819.1,31733
2021-06-17 09:43:30,11824.85,31758
2021-06-17 09:43:31,11824.85,31758
2021-06-17 09:43:32,11818.0,31759
2021-06-17 09:43:33,11818.0,31759
2021-06-17 09:43:34,11820.0,31779
2021-06-17 09:43:35,11820.0,31779
2021-06-17 09:43:36,11820.0,31779
2021-06-17 09:43:37,11820.0,31779
2021-06-17 09:43:38,11821.65,31786
2021-06-17 09:43:39,11822.0,31789
2021-06-17 09:43:40,11820.0,31790
2021-06-17 09:43:41,11820.0,31790
2021-06-17 09:43:42,11818.0,31792
2021-06-17 09:43:43,11818.0,31792
2021-06-17 09:43:44,11818.0,31792
2021-06-17 09:43:47,11818.0,31792
2021-06-17 09:43:46,11818.0,31792
2021-06-17 09:43:48,11818.0,31792
2021-06-17 09:43:49,11818.0,31792
2021-06-17 09:43:50,11818.0,31792
2021-06-17 09:43:51,11818.0,31792
2021-06-17 09:43:52,11818.5,31793
2021-06-17 09:43:53,11818.5,31793
2021-06-17 09:43:54,11818.5,31793
2021-06-17 09:43:55,11818.5,31793
2021-06-17 09:43:56,11818.5,31793
2021-06-17 09:43:57,11818.5,31793
2021-06-17 09:43:58,11818.5,31793
2021-06-17 09:43:59,11818.5,31793
2021-06-17 09:44:00,11818.5,31793
2021-06-17 09:44:01,11818.5,31793
2021-06-17 09:44:02,11818.5,31793
2021-06-17 09:44:03,11818.5,31793
2021-06-17 09:44:04,11818.5,31793
2021-06-17 09:44:05,11818.5,31793
2021-06-17 09:44:06,11818.5,31793
2021-06-17 09:44:07,11818.5,31793
2021-06-17 09:44:08,11818.5,31793
2021-06-17 09:44:09,11818.5,31793
2021-06-17 09:44:10,11818.5,31793
2021-06-17 09:44:12,11818.5,31793
2021-06-17 09:44:13,11818.5,31793
2021-06-17 09:44:14,11818.5,31793
2021-06-17 09:44:15,11818.0,31799
2021-06-17 09:44:16,11818.0,31799
2021-06-17 09:44:17,11818.0,31799
2021-06-17 09:44:18,11818.0,31799
2021-06-17 09:44:19,11818.0,31800
2021-06-17 09:44:20,11813.0,31852
2021-06-17 09:44:21,11813.0,31852
2021-06-17 09:44:22,11813.0,31852
2021-06-17 09:44:23,11813.0,31852
2021-06-17 09:44:24,11813.0,31852
2021-06-17 09:44:25,11813.0,31852
2021-06-17 09:44:26,11813.0,31852
2021-06-17 09:44:27,11813.0,31852
2021-06-17 09:44:28,11813.0,31852
2021-06-17 09:44:29,11813.0,31852
2021-06-17 09:44:30,11817.0,31867
2021-06-17 09:44:31,11816.95,31868
2021-06-17 09:44:32,11816.95,31868
2021-06-17 09:44:33,11816.95,31868
2021-06-17 09:44:34,11816.95,31868
2021-06-17 09:44:36,11816.95,31868
2021-06-17 09:44:38,11816.95,31868
2021-06-17 09:44:39,11816.95,31869
2021-06-17 09:44:40,11816.95,31869
2021-06-17 09:44:41,11816.95,31869
2021-06-17 09:44:42,11816.95,31869
2021-06-17 09:44:43,11816.95,31869
2021-06-17 09:44:44,11816.95,31869
2021-06-17 09:44:45,11821.2,31969
2021-06-17 09:44:49,11821.2,31969
2021-06-17 09:44:50,11814.45,31970
2021-06-17 09:44:51,11814.45,31970
2021-06-17 09:44:52,11814.45,31970
2021-06-17 09:44:54,11821.95,31982
2021-06-17 09:44:55,11821.95,31982
2021-06-17 09:44:56,11821.95,31982
2021-06-17 09:44:57,11821.95,31982
2021-06-17 09:44:58,11821.95,31982
2021-06-17 09:44:59,11821.95,31982
2021-06-17 09:45:00,11821.95,31982
2021-06-17 09:45:01,11821.95,31982
2021-06-17 09:45:02,11821.95,31982
2021-06-17 09:45:04,11815.15,31985
2021-06-17 09:45:05,11815.15,31985
2021-06-17 09:45:06,11815.15,31985
2021-06-17 09:45:08,11815.15,31985
2021-06-17 09:45:09,11813.0,32113
2021-06-17 09:45:12,11813.05,32162
2021-06-17 09:45:13,11813.05,32164
2021-06-17 09:45:14,11810.1,32166
2021-06-17 09:45:15,11810.1,32166
2021-06-17 09:45:16,11810.1,32166
2021-06-17 09:45:17,11810.1,32166
2021-06-17 09:45:18,11810.0,32169
2021-06-17 09:45:19,11810.0,32169
2021-06-17 09:45:20,11810.0,32169
2021-06-17 09:45:21,11810.0,32169
2021-06-17 09:45:22,11810.0,32169
2021-06-17 09:45:23,11813.0,32170
2021-06-17 09:45:24,11813.0,32170
2021-06-17 09:45:25,11813.0,32170
2021-06-17 09:45:26,11810.0,32196
2021-06-17 09:45:27,11810.0,32262
2021-06-17 09:45:28,11802.15,32421
2021-06-17 09:45:29,11800.05,32595
2021-06-17 09:45:30,11800.05,32596
2021-06-17 09:45:31,11800.2,33311
2021-06-17 09:45:32,11795.25,33316
2021-06-17 09:45:33,11795.25,33316
2021-06-17 09:45:34,11795.25,33316
2021-06-17 09:45:35,11794.0,33320
2021-06-17 09:45:36,11799.6,33427
2021-06-17 09:45:37,11801.95,33430
2021-06-17 09:45:38,11795.4,33431
2021-06-17 09:45:39,11795.0,33466
2021-06-17 09:45:40,11801.2,33471
2021-06-17 09:45:42,11801.2,33471
2021-06-17 09:45:42,11801.2,33471
2021-06-17 09:45:43,11801.2,33471
2021-06-17 09:45:44,11795.1,33476
2021-06-17 09:45:45,11794.45,33496
2021-06-17 09:45:46,11794.45,33496
2021-06-17 09:45:47,11796.0,33507
2021-06-17 09:45:48,11796.0,33507
2021-06-17 09:45:49,11796.0,33507
2021-06-17 09:45:50,11800.0,33510
2021-06-17 09:45:52,11800.0,33520
2021-06-17 09:45:51,11800.0,33510
2021-06-17 09:45:53,11799.0,33521
2021-06-17 09:45:54,11800.0,33536
2021-06-17 09:45:55,11800.0,33536
2021-06-17 09:45:56,11800.0,33536
2021-06-17 09:45:57,11800.0,33536
2021-06-17 09:45:58,11795.25,33641
2021-06-17 09:45:59,11795.25,33641
2021-06-17 09:46:00,11795.25,33641
2021-06-17 09:46:01,11802.8,33668
2021-06-17 09:46:02,11802.8,33668
2021-06-17 09:46:03,11797.0,33674
2021-06-17 09:46:04,11800.0,33675
2021-06-17 09:46:06,11800.0,33679
2021-06-17 09:46:06,11800.0,33679
2021-06-17 09:46:07,11796.7,33699
2021-06-17 09:46:09,11796.85,33759
2021-06-17 09:46:09,11796.85,33759
2021-06-17 09:46:10,11796.85,33759
2021-06-17 09:46:11,11796.85,33759
2021-06-17 09:46:12,11796.85,33759
2021-06-17 09:46:13,11796.85,33759
2021-06-17 09:46:14,11796.85,33759
2021-06-17 09:46:16,11796.85,33759
2021-06-17 09:46:16,11796.85,33759
2021-06-17 09:46:17,11796.85,33759
2021-06-17 09:46:18,11796.85,33761
2021-06-17 09:46:19,11796.85,33761
2021-06-17 09:46:20,11802.5,33766
2021-06-17 09:46:21,11802.15,33767
2021-06-17 09:46:22,11802.15,33767
2021-06-17 09:46:23,11795.0,33768
2021-06-17 09:46:24,11795.0,33768
2021-06-17 09:46:25,11795.0,33768
2021-06-17 09:46:26,11795.0,33768
2021-06-17 09:46:27,11795.0,33768
2021-06-17 09:46:28,11800.0,33769
2021-06-17 09:46:29,11800.0,33777
2021-06-17 09:46:30,11800.0,33777
2021-06-17 09:46:31,11800.0,33777
2021-06-17 09:46:32,11803.65,33828
2021-06-17 09:46:33,11806.0,33928
2021-06-17 09:46:34,11806.0,33928
2021-06-17 09:46:35,11798.15,33931
2021-06-17 09:46:36,11798.15,33931
2021-06-17 09:46:37,11798.15,33931
2021-06-17 09:46:38,11798.15,33931
2021-06-17 09:46:39,11798.15,33931
2021-06-17 09:46:40,11798.15,33931
2021-06-17 09:46:42,11802.3,33933
2021-06-17 09:46:42,11802.3,33933
2021-06-17 09:46:43,11804.5,33963
2021-06-17 09:46:44,11804.5,33963
2021-06-17 09:46:45,11804.5,33963
2021-06-17 09:46:46,11810.0,33968
2021-06-17 09:46:47,11810.0,33968
2021-06-17 09:46:48,11810.0,33968
2021-06-17 09:46:49,11810.0,33968
2021-06-17 09:46:50,11810.0,33968
2021-06-17 09:46:53,11810.0,33968
2021-06-17 09:46:54,11810.0,33968
2021-06-17 09:46:55,11809.9,33983
2021-06-17 09:46:55,11809.9,33983
2021-06-17 09:46:56,11810.0,34083
2021-06-17 09:46:57,11810.0,34083
2021-06-17 09:46:58,11807.45,34113
2021-06-17 09:46:59,11807.45,34113
2021-06-17 09:47:00,11809.15,34138
2021-06-17 09:47:01,11809.15,34153
2021-06-17 09:47:02,11809.15,34153
2021-06-17 09:47:03,11809.15,34153
2021-06-17 09:47:04,11809.15,34153
2021-06-17 09:47:05,11809.15,34153
2021-06-17 09:47:06,11809.15,34153
2021-06-17 09:47:07,11809.15,34153
2021-06-17 09:47:08,11809.15,34153
2021-06-17 09:47:10,11810.95,34253
2021-06-17 09:47:11,11810.95,34253
2021-06-17 09:47:12,11810.95,34253
2021-06-17 09:47:13,11820.55,34273
2021-06-17 09:47:14,11825.0,34303
2021-06-17 09:47:15,11825.0,34303
2021-06-17 09:47:16,11825.0,34303
2021-06-17 09:47:17,11825.0,34303
2021-06-17 09:47:19,11825.0,34303
2021-06-17 09:47:19,11825.0,34303
2021-06-17 09:47:20,11818.7,34304
2021-06-17 09:47:21,11818.7,34304
2021-06-17 09:47:22,11825.0,34305
2021-06-17 09:47:23,11825.0,34305
2021-06-17 09:47:25,11821.0,34323
2021-06-17 09:47:27,11820.2,34433
2021-06-17 09:47:28,11820.2,34433
2021-06-17 09:47:29,11820.2,34433
2021-06-17 09:47:31,11825.0,34473
2021-06-17 09:47:33,11821.0,34477
2021-06-17 09:47:34,11821.0,34477
2021-06-17 09:47:35,11821.0,34477
2021-06-17 09:47:35,11820.7,34479
2021-06-17 09:47:36,11820.7,34479
2021-06-17 09:47:37,11820.0,34483
2021-06-17 09:47:38,11820.0,34483
2021-06-17 09:47:39,11820.0,34483
2021-06-17 09:47:42,11820.0,34495
2021-06-17 09:47:42,11820.0,34497
2021-06-17 09:47:44,11820.0,34497
2021-06-17 09:47:45,11816.55,34507
2021-06-17 09:47:46,11816.55,34507
2021-06-17 09:47:47,11816.55,34507
2021-06-17 09:47:48,11820.05,34514
2021-06-17 09:47:50,11816.85,34518
2021-06-17 09:47:51,11822.75,34530
2021-06-17 09:47:52,11822.75,34530
2021-06-17 09:47:53,11823.85,34539
2021-06-17 09:47:54,11823.85,34539
2021-06-17 09:47:55,11823.85,34539
2021-06-17 09:47:56,11823.85,34539
2021-06-17 09:47:57,11823.85,34539
2021-06-17 09:47:58,11818.6,34543
2021-06-17 09:47:58,11818.6,34543
2021-06-17 09:47:59,11822.75,34553
2021-06-17 09:48:00,11822.75,34553
2021-06-17 09:48:01,11822.75,34553
2021-06-17 09:48:02,11822.75,34553
2021-06-17 09:48:04,11822.75,34553
2021-06-17 09:48:05,11817.45,34557
2021-06-17 09:48:05,11817.45,34557
2021-06-17 09:48:06,11817.45,34557
2021-06-17 09:48:07,11817.45,34557
2021-06-17 09:48:10,11817.0,34560
2021-06-17 09:48:10,11817.0,34560
2021-06-17 09:48:11,11817.0,34560
2021-06-17 09:48:12,11817.0,34560
2021-06-17 09:48:13,11820.0,34570
2021-06-17 09:48:14,11820.0,34570
2021-06-17 09:48:15,11820.0,34570
2021-06-17 09:48:16,11820.0,34570
2021-06-17 09:48:17,11820.0,34570
2021-06-17 09:48:18,11820.0,34570
2021-06-17 09:48:19,11820.0,34570
2021-06-17 09:48:20,11820.0,34570
2021-06-17 09:48:21,11820.0,34570
2021-06-17 09:48:22,11822.85,34571
2021-06-17 09:48:23,11820.0,34575
2021-06-17 09:48:24,11820.0,34575
2021-06-17 09:48:25,11823.0,34585
2021-06-17 09:48:27,11820.0,34590
2021-06-17 09:48:28,11820.0,34594
2021-06-17 09:48:28,11820.0,34594
2021-06-17 09:48:30,11820.0,34594
2021-06-17 09:48:31,11820.0,34594
2021-06-17 09:48:32,11820.0,34594
2021-06-17 09:48:32,11820.0,34594
2021-06-17 09:48:33,11820.0,34594
2021-06-17 09:48:34,11820.0,34594
2021-06-17 09:48:35,11820.0,34595
2021-06-17 09:48:36,11820.0,34597
2021-06-17 09:48:37,11820.0,34597
2021-06-17 09:48:38,11820.0,34597
2021-06-17 09:48:39,11820.0,34597
2021-06-17 09:48:40,11820.0,34597
2021-06-17 09:48:41,11820.0,34597
2021-06-17 09:48:42,11820.0,34597
2021-06-17 09:48:43,11820.0,34597
2021-06-17 09:48:44,11820.0,34597
2021-06-17 09:48:45,11820.0,34597
2021-06-17 09:48:46,11819.95,34598
2021-06-17 09:48:47,11817.0,34603
2021-06-17 09:48:48,11813.85,34612
2021-06-17 09:48:49,11819.85,34614
2021-06-17 09:48:52,11819.85,34614
2021-06-17 09:48:53,11819.85,34614
2021-06-17 09:48:54,11819.85,34614
2021-06-17 09:48:55,11811.95,34619
2021-06-17 09:48:56,11811.95,34619
2021-06-17 09:48:56,11811.95,34619
2021-06-17 09:48:57,11811.95,34619
2021-06-17 09:48:58,11813.85,34624
2021-06-17 09:48:59,11813.85,34624
2021-06-17 09:49:00,11813.85,34624
2021-06-17 09:49:01,11813.85,34629
2021-06-17 09:49:02,11813.85,34629
2021-06-17 09:49:03,11813.85,34629
2021-06-17 09:49:04,11813.85,34632
2021-06-17 09:49:07,11813.85,34632
2021-06-17 09:49:08,11813.85,34636
2021-06-17 09:49:09,11813.85,34636
2021-06-17 09:49:10,11813.85,34646
2021-06-17 09:49:11,11813.85,34646
2021-06-17 09:49:13,11802.3,35344
2021-06-17 09:49:13,11795.4,35353
2021-06-17 09:49:14,11802.55,35354
2021-06-17 09:49:15,11801.2,35404
2021-06-17 09:49:16,11795.65,35405
2021-06-17 09:49:17,11795.65,35405
2021-06-17 09:49:18,11795.15,35411
2021-06-17 09:49:19,11801.4,35413
2021-06-17 09:49:20,11801.4,35413
2021-06-17 09:49:21,11801.4,35413
2021-06-17 09:49:22,11801.4,35413
2021-06-17 09:49:23,11801.4,35413
2021-06-17 09:49:24,11801.2,35455
2021-06-17 09:49:25,11801.2,35455
2021-06-17 09:49:26,11801.2,35455
2021-06-17 09:49:27,11801.2,35455
2021-06-17 09:49:28,11801.2,35455
2021-06-17 09:49:29,11801.2,35555
2021-06-17 09:49:30,11801.2,35555
2021-06-17 09:49:32,11801.4,35556
2021-06-17 09:49:33,11796.0,35558
2021-06-17 09:49:34,11796.0,35565
2021-06-17 09:49:34,11796.0,35565
2021-06-17 09:49:35,11800.9,35568
2021-06-17 09:49:37,11800.9,35568
2021-06-17 09:49:38,11800.9,35568
2021-06-17 09:49:39,11800.0,35588
2021-06-17 09:49:40,11800.0,35593
2021-06-17 09:49:41,11795.85,35598
2021-06-17 09:49:42,11795.85,35598
2021-06-17 09:49:42,11795.05,35628
2021-06-17 09:49:43,11799.95,35629
2021-06-17 09:49:44,11799.95,35629
2021-06-17 09:49:45,11799.95,35632
2021-06-17 09:49:46,11795.0,35647
2021-06-17 09:49:47,11795.0,35647
2021-06-17 09:49:49,11795.0,35647
2021-06-17 09:49:50,11795.0,35647
2021-06-17 09:49:51,11795.0,35647
2021-06-17 09:49:53,11795.0,35654
2021-06-17 09:49:54,11800.0,35690
2021-06-17 09:49:55,11799.9,35706
2021-06-17 09:49:56,11799.9,35706
2021-06-17 09:49:57,11795.0,35721
2021-06-17 09:49:57,11795.0,35721
2021-06-17 09:49:58,11795.0,35721
2021-06-17 09:50:01,11799.9,35723
2021-06-17 09:50:02,11799.55,35743
2021-06-17 09:50:03,11800.0,35768
2021-06-17 09:50:04,11800.0,35768
2021-06-17 09:50:05,11800.0,35768
2021-06-17 09:50:06,11800.0,35768
2021-06-17 09:50:08,11795.05,35773
2021-06-17 09:50:09,11800.0,35825
2021-06-17 09:50:09,11800.0,35825
2021-06-17 09:50:11,11800.0,35825
2021-06-17 09:50:12,11800.0,35825
2021-06-17 09:50:13,11800.0,35825
2021-06-17 09:50:14,11796.0,35828
2021-06-17 09:50:15,11801.2,35928
2021-06-17 09:50:15,11801.2,35928
2021-06-17 09:50:16,11796.35,35930
2021-06-17 09:50:17,11803.35,35960
2021-06-17 09:50:18,11803.4,35970
2021-06-17 09:50:20,11803.4,35970
2021-06-17 09:50:21,11803.4,35970
2021-06-17 09:50:22,11803.4,35970
2021-06-17 09:50:23,11803.4,35970
2021-06-17 09:50:24,11803.4,35970
2021-06-17 09:50:25,11799.65,35971
2021-06-17 09:50:25,11799.65,35971
2021-06-17 09:50:27,11797.15,35972
2021-06-17 09:50:28,11797.15,35981
2021-06-17 09:50:28,11797.15,35981
2021-06-17 09:50:29,11800.0,35983
2021-06-17 09:50:31,11800.5,35995
2021-06-17 09:50:32,11800.5,35995
2021-06-17 09:50:33,11800.15,36001
2021-06-17 09:50:34,11800.0,36002
2021-06-17 09:50:35,11800.0,36002
2021-06-17 09:50:35,11800.0,36002
2021-06-17 09:50:36,11800.0,36002
2021-06-17 09:50:38,11800.0,36002
2021-06-17 09:50:38,11800.0,36002
2021-06-17 09:50:40,11800.0,36002
2021-06-17 09:50:41,11800.0,36002
2021-06-17 09:50:42,11805.0,36009
2021-06-17 09:50:43,11805.0,36009
2021-06-17 09:50:45,11805.0,36009
2021-06-17 09:50:45,11805.0,36009
2021-06-17 09:50:46,11805.0,36009
2021-06-17 09:50:47,11796.9,36014
2021-06-17 09:50:48,11800.0,36024
2021-06-17 09:50:49,11796.3,36048
2021-06-17 09:50:51,11796.3,36048
2021-06-17 09:50:52,11796.15,36049
2021-06-17 09:50:53,11802.9,36171
2021-06-17 09:50:54,11796.35,36194
2021-06-17 09:50:54,11796.35,36195
2021-06-17 09:50:55,11796.35,36195
2021-06-17 09:50:56,11796.35,36195
2021-06-17 09:50:57,11796.35,36195
2021-06-17 09:50:59,11803.6,36196
2021-06-17 09:51:00,11803.6,36196
2021-06-17 09:51:01,11803.6,36196
2021-06-17 09:51:02,11803.6,36196
2021-06-17 09:51:03,11796.75,36217
2021-06-17 09:51:04,11796.75,36217
2021-06-17 09:51:05,11804.9,36218
2021-06-17 09:51:07,11805.0,36259
2021-06-17 09:51:08,11805.0,36259
2021-06-17 09:51:09,11798.05,36262
2021-06-17 09:51:10,11797.3,36263
2021-06-17 09:51:11,11797.05,36273
2021-06-17 09:51:11,11797.05,36273
2021-06-17 09:51:12,11797.05,36273
2021-06-17 09:51:14,11797.05,36275
2021-06-17 09:51:14,11797.05,36275
2021-06-17 09:51:15,11797.05,36275
2021-06-17 09:51:17,11797.05,36275
2021-06-17 09:51:17,11797.05,36275
2021-06-17 09:51:18,11797.05,36275
2021-06-17 09:51:19,11797.05,36275
2021-06-17 09:51:20,11797.05,36275
2021-06-17 09:51:21,11797.05,36275
2021-06-17 09:51:22,11804.6,36276
2021-06-17 09:51:23,11804.6,36276
2021-06-17 09:51:24,11804.6,36276
2021-06-17 09:51:25,11798.45,36290
2021-06-17 09:51:27,11798.45,36290
2021-06-17 09:51:28,11798.3,36300
2021-06-17 09:51:29,11804.8,36302
2021-06-17 09:51:30,11804.8,36302
2021-06-17 09:51:31,11804.8,36302
2021-06-17 09:51:32,11804.8,36302
2021-06-17 09:51:33,11797.1,36312
2021-06-17 09:51:33,11797.1,36312
2021-06-17 09:51:35,11803.55,36317
2021-06-17 09:51:35,11803.55,36317
2021-06-17 09:51:37,11789.9,37650
2021-06-17 09:51:37,11786.65,37645
2021-06-17 09:51:38,11785.0,37651
2021-06-17 09:51:39,11785.0,37651
2021-06-17 09:51:40,11789.35,37679
2021-06-17 09:51:41,11789.35,37679
2021-06-17 09:51:42,11785.0,37698
2021-06-17 09:51:43,11782.85,37718
2021-06-17 09:51:44,11783.0,37719
2021-06-17 09:51:46,11783.0,37719
2021-06-17 09:51:47,11783.0,37719
2021-06-17 09:51:48,11783.05,37722
2021-06-17 09:51:49,11788.4,37742
2021-06-17 09:51:50,11788.4,37742
2021-06-17 09:51:51,11790.0,37757
2021-06-17 09:51:52,11790.0,37757
2021-06-17 09:51:53,11790.0,37757
2021-06-17 09:51:54,11790.0,37757
2021-06-17 09:51:56,11790.65,37760
2021-06-17 09:51:57,11790.65,37760
2021-06-17 09:51:58,11785.5,37791
2021-06-17 09:51:59,11785.5,37791
2021-06-17 09:52:00,11785.5,37791
2021-06-17 09:52:01,11786.8,37792
2021-06-17 09:52:02,11786.8,37792
2021-06-17 09:52:03,11782.15,37843
2021-06-17 09:52:04,11781.65,37873
2021-06-17 09:52:05,11781.65,37873
2021-06-17 09:52:05,11781.65,37873
2021-06-17 09:52:07,11787.45,37875
2021-06-17 09:52:07,11787.45,37875
2021-06-17 09:52:08,11787.45,37885
2021-06-17 09:52:09,11787.45,37885
2021-06-17 09:52:11,11787.45,37885
2021-06-17 09:52:13,11781.4,37891
2021-06-17 09:52:12,11781.4,37891
2021-06-17 09:52:14,11781.4,37891
2021-06-17 09:52:15,11786.75,37892
2021-06-17 09:52:16,11786.75,37894
2021-06-17 09:52:17,11789.2,37922
2021-06-17 09:52:18,11789.2,37922
2021-06-17 09:52:18,11789.2,37922
2021-06-17 09:52:19,11788.3,37923
2021-06-17 09:52:20,11783.1,37943
2021-06-17 09:52:22,11784.0,37960
2021-06-17 09:52:23,11784.0,37960
2021-06-17 09:52:24,11790.8,37963
2021-06-17 09:52:26,11790.8,37963
2021-06-17 09:52:27,11790.8,37963
2021-06-17 09:52:28,11789.9,37976
2021-06-17 09:52:28,11789.9,37976
2021-06-17 09:52:30,11789.9,37986
2021-06-17 09:52:31,11784.1,37988
2021-06-17 09:52:32,11784.1,37988
2021-06-17 09:52:33,11784.1,37988
2021-06-17 09:52:34,11784.35,38008
2021-06-17 09:52:35,11784.35,38008
2021-06-17 09:52:36,11784.35,38008
2021-06-17 09:52:37,11784.35,38008
2021-06-17 09:52:38,11788.9,38009
2021-06-17 09:52:38,11788.9,38009
2021-06-17 09:52:39,11788.9,38009
2021-06-17 09:52:41,11788.9,38009
2021-06-17 09:52:42,11788.9,38009
2021-06-17 09:52:43,11788.9,38009
2021-06-17 09:52:44,11788.0,38021
2021-06-17 09:52:45,11788.0,38021
2021-06-17 09:52:46,11788.0,38021
2021-06-17 09:52:47,11786.85,38023
2021-06-17 09:52:49,11786.85,38023
2021-06-17 09:52:50,11786.85,38023
2021-06-17 09:52:51,11792.35,38024
2021-06-17 09:52:52,11790.8,38025
2021-06-17 09:52:53,11790.8,38025
2021-06-17 09:52:53,11790.8,38025
2021-06-17 09:52:54,11787.5,38026
2021-06-17 09:52:56,11791.6,38041
2021-06-17 09:52:57,11791.6,38041
2021-06-17 09:52:58,11787.55,38042
2021-06-17 09:52:59,11787.55,38042
2021-06-17 09:53:00,11787.55,38042
2021-06-17 09:53:01,11787.55,38042
2021-06-17 09:53:02,11791.5,38055
2021-06-17 09:53:03,11785.0,38167
2021-06-17 09:53:04,11785.0,38167
2021-06-17 09:53:05,11785.0,38167
2021-06-17 09:53:08,11785.75,38174
2021-06-17 09:53:09,11790.75,38180
2021-06-17 09:53:10,11790.75,38180
2021-06-17 09:53:11,11790.75,38180
2021-06-17 09:53:12,11790.75,38180
2021-06-17 09:53:13,11790.75,38180
2021-06-17 09:53:14,11790.75,38180
2021-06-17 09:53:15,11790.75,38180
2021-06-17 09:53:16,11790.75,38180
2021-06-17 09:53:17,11790.75,38180
2021-06-17 09:53:17,11790.75,38180
2021-06-17 09:53:18,11789.95,38181
2021-06-17 09:53:20,11789.95,38181
2021-06-17 09:53:21,11789.95,38193
2021-06-17 09:53:22,11791.35,38203
2021-06-17 09:53:23,11791.35,38203
2021-06-17 09:53:24,11791.35,38203
2021-06-17 09:53:25,11791.35,38203
2021-06-17 09:53:26,11791.35,38203
2021-06-17 09:53:26,11791.35,38203
2021-06-17 09:53:28,11791.35,38203
2021-06-17 09:53:29,11791.35,38203
2021-06-17 09:53:30,11791.35,38203
2021-06-17 09:53:31,11791.35,38203
2021-06-17 09:53:32,11791.35,38203
2021-06-17 09:53:33,11794.55,38204
2021-06-17 09:53:34,11794.55,38204
2021-06-17 09:53:35,11791.35,38229
2021-06-17 09:53:36,11791.35,38230
2021-06-17 09:53:37,11794.0,38265
2021-06-17 09:53:38,11794.0,38265
2021-06-17 09:53:39,11794.0,38265
2021-06-17 09:53:40,11794.0,38265
2021-06-17 09:53:40,11794.0,38265
2021-06-17 09:53:41,11794.0,38265
2021-06-17 09:53:42,11794.0,38265
2021-06-17 09:53:44,11794.0,38265
2021-06-17 09:53:45,11794.0,38265
2021-06-17 09:53:46,11794.0,38265
2021-06-17 09:53:47,11794.0,38265
2021-06-17 09:53:48,11794.0,38265
2021-06-17 09:53:48,11794.0,38265
2021-06-17 09:53:49,11794.0,38265
2021-06-17 09:53:50,11794.0,38265
2021-06-17 09:53:52,11794.0,38265
2021-06-17 09:53:53,11794.0,38265
2021-06-17 09:53:54,11794.0,38265
2021-06-17 09:53:55,11794.0,38265
2021-06-17 09:53:56,11794.0,38265
2021-06-17 09:53:57,11800.4,38339
2021-06-17 09:53:58,11796.45,38344
2021-06-17 09:53:59,11796.85,38345
2021-06-17 09:54:00,11796.85,38345
2021-06-17 09:54:01,11796.85,38346
2021-06-17 09:54:02,11796.85,38346
2021-06-17 09:54:03,11796.85,38346
2021-06-17 09:54:04,11796.85,38347
2021-06-17 09:54:05,11796.85,38347
2021-06-17 09:54:08,11801.2,38361
2021-06-17 09:54:07,11801.2,38361
2021-06-17 09:54:10,11803.75,38399
2021-06-17 09:54:11,11803.75,38399
2021-06-17 09:54:13,11803.75,38399
2021-06-17 09:54:14,11794.6,38400
2021-06-17 09:54:15,11794.6,38400
2021-06-17 09:54:17,11795.15,38404
2021-06-17 09:54:18,11795.15,38404
2021-06-17 09:54:19,11800.2,38405
2021-06-17 09:54:20,11795.2,38407
2021-06-17 09:54:21,11795.3,38411
2021-06-17 09:54:22,11795.3,38411
2021-06-17 09:54:23,11795.3,38411
2021-06-17 09:54:24,11795.3,38411
2021-06-17 09:54:25,11804.0,38422
2021-06-17 09:54:26,11804.0,38422
2021-06-17 09:54:27,11804.0,38422
2021-06-17 09:54:28,11804.0,38424
2021-06-17 09:54:29,11804.0,38424
2021-06-17 09:54:30,11804.0,38424
2021-06-17 09:54:31,11805.0,38474
2021-06-17 09:54:32,11805.0,38474
2021-06-17 09:54:33,11804.0,38475
2021-06-17 09:54:34,11804.0,38475
2021-06-17 09:54:35,11804.0,38475
2021-06-17 09:54:36,11804.0,38475
2021-06-17 09:54:37,11800.85,38478
2021-06-17 09:54:38,11800.65,38485
2021-06-17 09:54:39,11804.9,38486
2021-06-17 09:54:40,11804.9,38486
2021-06-17 09:54:41,11804.9,38486
2021-06-17 09:54:42,11804.95,38490
2021-06-17 09:54:43,11800.25,38491
2021-06-17 09:54:44,11800.2,38492
2021-06-17 09:54:45,11800.2,38492
2021-06-17 09:54:46,11800.2,38492
2021-06-17 09:54:47,11800.2,38492
2021-06-17 09:54:48,11800.2,38492
2021-06-17 09:54:49,11804.7,38493
2021-06-17 09:54:50,11805.0,38494
2021-06-17 09:54:51,11805.0,38494
2021-06-17 09:54:52,11805.0,38494
2021-06-17 09:54:53,11804.7,38495
2021-06-17 09:54:54,11804.7,38495
2021-06-17 09:54:55,11804.7,38495
2021-06-17 09:54:56,11804.7,38495
2021-06-17 09:54:57,11804.7,38495
2021-06-17 09:54:58,11800.3,38499
2021-06-17 09:54:59,11804.6,38509
2021-06-17 09:55:00,11804.6,38509
2021-06-17 09:55:01,11804.6,38509
2021-06-17 09:55:02,11804.6,38509
2021-06-17 09:55:03,11804.6,38509
2021-06-17 09:55:04,11804.6,38509
2021-06-17 09:55:05,11804.6,38509
2021-06-17 09:55:06,11804.6,38509
2021-06-17 09:55:07,11805.0,38529
2021-06-17 09:55:08,11805.0,38549
2021-06-17 09:55:09,11805.0,38549
2021-06-17 09:55:10,11801.0,38579
2021-06-17 09:55:11,11801.0,38579
2021-06-17 09:55:12,11801.0,38579
2021-06-17 09:55:13,11801.0,38579
2021-06-17 09:55:14,11800.05,38581
2021-06-17 09:55:16,11800.05,38581
2021-06-17 09:55:17,11803.6,38686
2021-06-17 09:55:18,11800.0,38687
2021-06-17 09:55:19,11800.0,38687
2021-06-17 09:55:20,11800.0,38687
2021-06-17 09:55:21,11800.0,38712
2021-06-17 09:55:22,11804.25,38713
2021-06-17 09:55:23,11804.4,38743
2021-06-17 09:55:24,11804.4,38743
2021-06-17 09:55:25,11805.0,38760
2021-06-17 09:55:27,11800.2,38762
2021-06-17 09:55:28,11800.0,38777
2021-06-17 09:55:30,11800.0,38777
2021-06-17 09:55:31,11800.0,38777
2021-06-17 09:55:32,11800.0,38777
2021-06-17 09:55:33,11800.0,38777
2021-06-17 09:55:34,11804.0,38781
2021-06-17 09:55:35,11804.0,38781
2021-06-17 09:55:36,11800.0,38788
2021-06-17 09:55:37,11800.0,38788
2021-06-17 09:55:38,11804.0,38790
2021-06-17 09:55:39,11804.0,38790
2021-06-17 09:55:40,11804.0,38790
2021-06-17 09:55:41,11804.0,38790
2021-06-17 09:55:42,11800.0,38902
2021-06-17 09:55:43,11800.0,38902
2021-06-17 09:55:44,11800.0,38902
2021-06-17 09:55:45,11800.0,38902
2021-06-17 09:55:46,11800.0,38902
2021-06-17 09:55:47,11800.0,38902
2021-06-17 09:55:48,11800.0,38902
2021-06-17 09:55:49,11800.0,38902
2021-06-17 09:55:50,11798.5,38910
2021-06-17 09:55:51,11798.45,38929
2021-06-17 09:55:52,11798.45,38929
2021-06-17 09:55:53,11798.45,38929
2021-06-17 09:55:54,11798.45,38929
2021-06-17 09:55:55,11798.45,38929
2021-06-17 09:55:57,11795.0,38939
2021-06-17 09:55:58,11795.0,38939
2021-06-17 09:55:59,11795.0,38939
2021-06-17 09:56:02,11799.1,38940
2021-06-17 09:56:03,11799.1,38940
2021-06-17 09:56:04,11795.0,38950
2021-06-17 09:56:05,11795.0,38950
2021-06-17 09:56:06,11795.0,38951
2021-06-17 09:56:07,11798.5,38964
2021-06-17 09:56:08,11799.1,38966
2021-06-17 09:56:09,11799.1,38967
2021-06-17 09:56:10,11799.1,38967
2021-06-17 09:56:11,11799.1,38967
2021-06-17 09:56:13,11795.0,39017
2021-06-17 09:56:14,11799.1,39018
2021-06-17 09:56:14,11795.0,39017
2021-06-17 09:56:15,11799.1,39018
2021-06-17 09:56:16,11799.1,39018
2021-06-17 09:56:17,11799.1,39018
2021-06-17 09:56:18,11795.05,39019
2021-06-17 09:56:19,11799.1,39024
2021-06-17 09:56:20,11801.2,39045
2021-06-17 09:56:21,11795.0,39145
2021-06-17 09:56:22,11795.0,39145
2021-06-17 09:56:24,11800.15,39147
2021-06-17 09:56:24,11800.15,39147
2021-06-17 09:56:26,11800.15,39147
2021-06-17 09:56:26,11800.15,39147
2021-06-17 09:56:27,11796.0,39148
2021-06-17 09:56:28,11796.0,39148
2021-06-17 09:56:29,11796.0,39148
2021-06-17 09:56:30,11800.75,39164
2021-06-17 09:56:31,11800.75,39164
2021-06-17 09:56:32,11800.75,39164
2021-06-17 09:56:33,11800.75,39164
2021-06-17 09:56:34,11800.75,39164
2021-06-17 09:56:35,11801.55,39169
2021-06-17 09:56:36,11801.55,39169
2021-06-17 09:56:37,11801.55,39169
2021-06-17 09:56:39,11801.55,39169
2021-06-17 09:56:39,11801.55,39169
2021-06-17 09:56:40,11801.55,39169
2021-06-17 09:56:41,11801.55,39169
2021-06-17 09:56:42,11801.55,39169
2021-06-17 09:56:43,11801.55,39169
2021-06-17 09:56:45,11801.25,39174
2021-06-17 09:56:46,11801.25,39174
2021-06-17 09:56:48,11790.0,39691
2021-06-17 09:56:48,11787.55,39696
2021-06-17 09:56:49,11788.65,39699
2021-06-17 09:56:50,11788.65,39699
2021-06-17 09:56:51,11788.65,39699
2021-06-17 09:56:52,11788.65,39699
2021-06-17 09:56:53,11788.65,39699
2021-06-17 09:56:54,11788.65,39699
2021-06-17 09:56:55,11785.55,39709
2021-06-17 09:56:56,11785.55,39714
2021-06-17 09:56:58,11785.55,39714
2021-06-17 09:56:58,11785.55,39714
2021-06-17 09:56:59,11788.0,39739
2021-06-17 09:57:00,11788.0,39739
2021-06-17 09:57:01,11790.0,39830
2021-06-17 09:57:02,11790.0,39830
2021-06-17 09:57:03,11790.0,39830
2021-06-17 09:57:04,11790.0,39830
2021-06-17 09:57:05,11790.0,39830
2021-06-17 09:57:07,11791.05,39924
2021-06-17 09:57:08,11791.05,39924
2021-06-17 09:57:08,11791.05,39924
2021-06-17 09:57:09,11791.05,39924
2021-06-17 09:57:10,11790.3,39969
2021-06-17 09:57:11,11790.3,39969
2021-06-17 09:57:12,11790.3,39969
2021-06-17 09:57:13,11788.45,40094
2021-06-17 09:57:14,11788.45,40094
2021-06-17 09:57:16,11788.45,40094
2021-06-17 09:57:17,11794.8,40110
2021-06-17 09:57:17,11789.05,40111
2021-06-17 09:57:18,11789.05,40111
2021-06-17 09:57:19,11789.05,40111
2021-06-17 09:57:20,11789.05,40111
2021-06-17 09:57:21,11789.05,40111
2021-06-17 09:57:22,11789.05,40111
2021-06-17 09:57:23,11789.05,40111
2021-06-17 09:57:24,11789.05,40111
2021-06-17 09:57:25,11789.05,40111
2021-06-17 09:57:26,11789.05,40111
2021-06-17 09:57:27,11789.05,40111
2021-06-17 09:57:28,11789.05,40111
2021-06-17 09:57:29,11794.75,40113
2021-06-17 09:57:30,11788.5,40119
2021-06-17 09:57:31,11788.5,40119
2021-06-17 09:57:32,11793.6,40229
2021-06-17 09:57:33,11793.6,40229
2021-06-17 09:57:35,11793.6,40229
2021-06-17 09:57:35,11793.6,40229
2021-06-17 09:57:36,11793.9,40234
2021-06-17 09:57:37,11793.9,40234
2021-06-17 09:57:38,11793.9,40234
2021-06-17 09:57:40,11793.9,40234
2021-06-17 09:57:42,11790.0,40235
2021-06-17 09:57:43,11790.0,40235
2021-06-17 09:57:44,11790.0,40235
2021-06-17 09:57:45,11794.8,40245
2021-06-17 09:57:46,11794.8,40245
2021-06-17 09:57:47,11794.8,40245
2021-06-17 09:57:48,11795.6,40257
2021-06-17 09:57:49,11795.6,40257
2021-06-17 09:57:50,11795.6,40257
2021-06-17 09:57:52,11797.2,40259
2021-06-17 09:57:53,11797.2,40259
2021-06-17 09:57:54,11797.2,40259
2021-06-17 09:57:55,11797.2,40259
2021-06-17 09:57:56,11797.2,40259
2021-06-17 09:57:57,11795.6,40264
2021-06-17 09:57:58,11795.6,40264
2021-06-17 09:57:59,11795.6,40279
2021-06-17 09:58:00,11795.6,40279
2021-06-17 09:58:02,11795.6,40280
2021-06-17 09:58:01,11795.6,40279
2021-06-17 09:58:03,11795.6,40280
2021-06-17 09:58:04,11795.6,40280
2021-06-17 09:58:05,11795.6,40280
2021-06-17 09:58:06,11791.35,40284
2021-06-17 09:58:07,11795.6,40324
2021-06-17 09:58:09,11798.0,40328
2021-06-17 09:58:08,11795.6,40324
2021-06-17 09:58:10,11790.0,40342
2021-06-17 09:58:11,11788.45,40343
2021-06-17 09:58:12,11794.15,40344
2021-06-17 09:58:13,11788.1,40345
2021-06-17 09:58:15,11788.0,40346
2021-06-17 09:58:16,11791.8,40347
2021-06-17 09:58:17,11791.8,40347
2021-06-17 09:58:18,11791.8,40347
2021-06-17 09:58:19,11792.25,40360
2021-06-17 09:58:20,11788.0,40361
2021-06-17 09:58:21,11788.0,40372
2021-06-17 09:58:21,11788.0,40372
2021-06-17 09:58:22,11788.0,40372
2021-06-17 09:58:23,11788.0,40372
2021-06-17 09:58:24,11793.85,40377
2021-06-17 09:58:25,11793.85,40377
2021-06-17 09:58:26,11793.85,40377
2021-06-17 09:58:27,11792.7,40387
2021-06-17 09:58:28,11792.7,40389
2021-06-17 09:58:30,11792.7,40389
2021-06-17 09:58:31,11794.0,40489
2021-06-17 09:58:32,11790.0,40491
2021-06-17 09:58:33,11788.6,40493
2021-06-17 09:58:34,11788.0,40498
2021-06-17 09:58:36,11792.85,40499
2021-06-17 09:58:37,11792.85,40499
2021-06-17 09:58:37,11792.85,40499
2021-06-17 09:58:38,11786.85,40534
2021-06-17 09:58:39,11786.85,40534
2021-06-17 09:58:40,11786.85,40534
2021-06-17 09:58:42,11789.0,40543
2021-06-17 09:58:43,11789.0,40543
2021-06-17 09:58:44,11790.0,40547
2021-06-17 09:58:45,11790.0,40571
2021-06-17 09:58:46,11790.0,40572
2021-06-17 09:58:46,11790.0,40572
2021-06-17 09:58:47,11790.0,40572
2021-06-17 09:58:49,11790.0,40572
2021-06-17 09:58:51,11786.0,40578
2021-06-17 09:58:51,11786.0,40578
2021-06-17 09:58:52,11785.65,40628
2021-06-17 09:58:53,11785.65,40628
2021-06-17 09:58:55,11788.0,40633
2021-06-17 09:58:56,11788.0,40633
2021-06-17 09:58:57,11788.0,40633
2021-06-17 09:58:59,11788.0,40633
2021-06-17 09:59:00,11788.0,40634
2021-06-17 09:59:00,11788.0,40634
2021-06-17 09:59:01,11788.0,40634
2021-06-17 09:59:02,11789.95,40646
2021-06-17 09:59:03,11789.95,40646
2021-06-17 09:59:04,11789.95,40646
2021-06-17 09:59:06,11789.95,40646
2021-06-17 09:59:07,11789.95,40646
2021-06-17 09:59:08,11789.95,40646
2021-06-17 09:59:09,11789.95,40646
2021-06-17 09:59:10,11790.0,40648
2021-06-17 09:59:11,11790.0,40648
2021-06-17 09:59:12,11790.0,40648
2021-06-17 09:59:13,11790.0,40653
2021-06-17 09:59:14,11789.95,40654
2021-06-17 09:59:15,11788.0,40669
2021-06-17 09:59:16,11788.0,40669
2021-06-17 09:59:17,11790.0,40671
2021-06-17 09:59:18,11786.0,40672
2021-06-17 09:59:19,11789.0,40673
2021-06-17 09:59:20,11789.0,40673
2021-06-17 09:59:22,11789.0,40673
2021-06-17 09:59:23,11786.0,40677
2021-06-17 09:59:24,11786.0,40677
2021-06-17 09:59:24,11786.0,40677
2021-06-17 09:59:25,11786.0,40679
2021-06-17 09:59:27,11791.4,40714
2021-06-17 09:59:28,11786.05,40718
2021-06-17 09:59:29,11786.05,40718
2021-06-17 09:59:30,11791.35,40719
2021-06-17 09:59:31,11783.0,41054
2021-06-17 09:59:31,11783.0,41054
2021-06-17 09:59:33,11782.0,41115
2021-06-17 09:59:34,11782.0,41115
2021-06-17 09:59:35,11782.0,41141
2021-06-17 09:59:36,11784.05,41151
2021-06-17 09:59:37,11784.05,41151
2021-06-17 09:59:38,11784.05,41151
2021-06-17 09:59:38,11784.05,41151
2021-06-17 09:59:39,11784.05,41151
2021-06-17 09:59:40,11784.05,41151
2021-06-17 09:59:41,11784.05,41151
2021-06-17 09:59:42,11782.0,41159
2021-06-17 09:59:43,11782.0,41159
2021-06-17 09:59:44,11784.05,41160
2021-06-17 09:59:45,11784.05,41160
2021-06-17 09:59:46,11782.0,41161
2021-06-17 09:59:47,11785.0,41175
2021-06-17 09:59:48,11785.0,41175
2021-06-17 09:59:49,11784.05,41188
2021-06-17 09:59:51,11784.05,41188
2021-06-17 09:59:52,11784.05,41188
2021-06-17 09:59:53,11784.05,41188
2021-06-17 09:59:54,11785.6,41248
2021-06-17 09:59:55,11785.6,41248
2021-06-17 09:59:56,11785.6,41248
2021-06-17 09:59:57,11782.05,41249
2021-06-17 09:59:58,11783.9,41250
2021-06-17 09:59:59,11783.9,41250
2021-06-17 10:00:00,11783.9,41250
2021-06-17 10:00:02,11783.9,41250
2021-06-17 10:00:02,11783.9,41250
2021-06-17 10:00:03,11783.9,41250
2021-06-17 10:00:05,11785.0,41270
2021-06-17 10:00:05,11785.0,41270
2021-06-17 10:00:07,11785.0,41270
2021-06-17 10:00:08,11785.0,41342
2021-06-17 10:00:09,11785.0,41342
2021-06-17 10:00:11,11785.0,41342
2021-06-17 10:00:12,11785.0,41342
2021-06-17 10:00:13,11789.9,41355
2021-06-17 10:00:14,11789.9,41355
2021-06-17 10:00:14,11789.9,41355
2021-06-17 10:00:15,11783.0,41653
2021-06-17 10:00:16,11790.0,41655
2021-06-17 10:00:19,11790.0,41655
2021-06-17 10:00:20,11790.0,41655
2021-06-17 10:00:22,11790.0,41656
2021-06-17 10:00:22,11790.0,41656
2021-06-17 10:00:23,11790.0,41656
2021-06-17 10:00:25,11790.0,41656
2021-06-17 10:00:27,11790.0,41656
2021-06-17 10:00:27,11790.0,41656
2021-06-17 10:00:28,11790.0,41656
2021-06-17 10:00:29,11790.0,41656
2021-06-17 10:00:30,11785.0,41662
2021-06-17 10:00:31,11791.2,41762
2021-06-17 10:00:33,11792.25,41823
2021-06-17 10:00:34,11791.85,41833
2021-06-17 10:00:35,11791.85,41833
2021-06-17 10:00:36,11791.85,41833
2021-06-17 10:00:36,11791.85,41833
2021-06-17 10:00:37,11791.85,41833
2021-06-17 10:00:38,11791.85,41833
2021-06-17 10:00:40,11785.45,41834
2021-06-17 10:00:41,11785.6,41835
2021-06-17 10:00:42,11791.5,41839
2021-06-17 10:00:43,11785.55,41843
2021-06-17 10:00:44,11785.65,41845
2021-06-17 10:00:45,11785.3,41846
2021-06-17 10:00:46,11785.25,41847
2021-06-17 10:00:47,11785.25,41847
2021-06-17 10:00:48,11790.8,41848
2021-06-17 10:00:49,11785.0,41861
2021-06-17 10:00:50,11785.0,41861
2021-06-17 10:00:52,11785.1,41878
2021-06-17 10:00:52,11785.1,41878
2021-06-17 10:00:53,11785.1,41878
2021-06-17 10:00:54,11785.1,41878
2021-06-17 10:00:55,11790.15,41880
2021-06-17 10:00:56,11791.25,41890
2021-06-17 10:00:57,11791.2,41900
2021-06-17 10:00:58,11791.2,41900
2021-06-17 10:01:00,11791.2,41900
2021-06-17 10:01:01,11785.5,41902
2021-06-17 10:01:02,11785.5,41902
2021-06-17 10:01:03,11785.25,41913
2021-06-17 10:01:04,11791.2,41916
2021-06-17 10:01:05,11786.0,41917
2021-06-17 10:01:05,11786.0,41917
2021-06-17 10:01:06,11790.4,41918
2021-06-17 10:01:07,11790.4,41918
2021-06-17 10:01:08,11786.0,41920
2021-06-17 10:01:09,11786.0,41920
2021-06-17 10:01:10,11786.0,41920
2021-06-17 10:01:11,11790.4,41922
2021-06-17 10:01:12,11790.4,41922
2021-06-17 10:01:14,11789.0,41923
2021-06-17 10:01:15,11789.0,41924
2021-06-17 10:01:16,11789.0,41924
2021-06-17 10:01:17,11789.0,41924
2021-06-17 10:01:19,11789.0,41924
2021-06-17 10:01:20,11789.0,41924
2021-06-17 10:01:21,11789.0,41924
2021-06-17 10:01:22,11789.0,41924
2021-06-17 10:01:23,11789.0,41924
2021-06-17 10:01:23,11789.0,41924
2021-06-17 10:01:25,11789.0,41924
2021-06-17 10:01:27,11788.0,41925
2021-06-17 10:01:28,11791.7,41928
2021-06-17 10:01:28,11788.0,41930
2021-06-17 10:01:29,11786.7,41935
2021-06-17 10:01:31,11791.7,41936
2021-06-17 10:01:32,11791.7,41936
2021-06-17 10:01:33,11791.7,41936
2021-06-17 10:01:34,11791.7,41936
2021-06-17 10:01:35,11786.7,41943
2021-06-17 10:01:36,11791.55,41944
2021-06-17 10:01:36,11791.55,41944
2021-06-17 10:01:37,11791.55,41944
2021-06-17 10:01:38,11791.15,41947
2021-06-17 10:01:39,11791.15,41948
2021-06-17 10:01:40,11791.15,41948
2021-06-17 10:01:43,11789.9,41949
2021-06-17 10:01:43,11789.9,41949
2021-06-17 10:01:45,11789.9,41949
2021-06-17 10:01:46,11790.65,41959
2021-06-17 10:01:46,11789.0,41966
2021-06-17 10:01:47,11790.65,41968
2021-06-17 10:01:49,11790.65,41969
2021-06-17 10:01:50,11786.5,41970
2021-06-17 10:01:51,11790.45,41974
2021-06-17 10:01:52,11790.45,41975
2021-06-17 10:01:53,11790.45,41975
2021-06-17 10:01:54,11786.5,41983
2021-06-17 10:01:54,11789.95,41984
2021-06-17 10:01:55,11789.95,41985
2021-06-17 10:01:56,11789.95,41985
2021-06-17 10:01:58,11785.2,41993
2021-06-17 10:01:59,11785.25,41994
2021-06-17 10:02:00,11789.95,42000
2021-06-17 10:02:01,11785.0,42007
2021-06-17 10:02:03,11785.0,42076
2021-06-17 10:02:04,11789.1,42098
2021-06-17 10:02:05,11783.45,42125
2021-06-17 10:02:06,11788.8,42130
2021-06-17 10:02:08,11789.7,42131
2021-06-17 10:02:09,11790.0,42231
2021-06-17 10:02:11,11783.1,42258
2021-06-17 10:02:12,11785.0,42259
2021-06-17 10:02:13,11787.95,42264
2021-06-17 10:02:13,11787.9,42265
2021-06-17 10:02:14,11787.8,42267
2021-06-17 10:02:15,11787.85,42273
2021-06-17 10:02:16,11787.85,42274
2021-06-17 10:02:17,11787.85,42274
2021-06-17 10:02:19,11787.85,42294
2021-06-17 10:02:20,11787.85,42297
2021-06-17 10:02:21,11787.85,42328
2021-06-17 10:02:22,11788.5,42334
2021-06-17 10:02:23,11788.95,42340
2021-06-17 10:02:24,11782.05,42366
2021-06-17 10:02:24,11787.65,42370
2021-06-17 10:02:25,11787.65,42371
2021-06-17 10:02:26,11787.65,42371
2021-06-17 10:02:27,11787.65,42371
2021-06-17 10:02:28,11787.6,42376
2021-06-17 10:02:29,11787.3,42379
2021-06-17 10:02:31,11787.4,42380
2021-06-17 10:02:32,11787.4,42380
2021-06-17 10:02:33,11787.4,42380
2021-06-17 10:02:34,11787.4,42380
2021-06-17 10:02:35,11784.0,42381
2021-06-17 10:02:36,11784.0,42381
2021-06-17 10:02:37,11784.0,42381
2021-06-17 10:02:38,11784.0,42381
2021-06-17 10:02:39,11786.95,42382
2021-06-17 10:02:40,11784.0,42383
2021-06-17 10:02:42,11786.95,42409
2021-06-17 10:02:42,11782.05,42406
2021-06-17 10:02:44,11786.95,42409
2021-06-17 10:02:45,11786.95,42409
2021-06-17 10:02:46,11786.95,42409
2021-06-17 10:02:48,11786.95,42409
2021-06-17 10:02:49,11786.95,42409
2021-06-17 10:02:50,11786.95,42409
2021-06-17 10:02:50,11784.0,42430
2021-06-17 10:02:51,11789.8,42435
2021-06-17 10:02:53,11782.4,42442
2021-06-17 10:02:54,11785.55,42443
2021-06-17 10:02:55,11782.1,42445
2021-06-17 10:02:56,11787.0,42446
2021-06-17 10:02:58,11786.95,42447
2021-06-17 10:02:58,11786.95,42447
2021-06-17 10:02:59,11786.95,42447
2021-06-17 10:03:00,11786.95,42447
2021-06-17 10:03:02,11786.95,42447
2021-06-17 10:03:02,11790.0,42992
2021-06-17 10:03:05,11790.0,42992
2021-06-17 10:03:06,11782.75,43006
2021-06-17 10:03:07,11788.85,43008
2021-06-17 10:03:08,11788.85,43009
2021-06-17 10:03:09,11788.85,43042
2021-06-17 10:03:10,11790.6,43048
2021-06-17 10:03:11,11790.6,43049
2021-06-17 10:03:12,11790.6,43049
2021-06-17 10:03:13,11783.75,43050
2021-06-17 10:03:14,11783.75,43050
2021-06-17 10:03:15,11783.75,43050
2021-06-17 10:03:16,11783.75,43050
2021-06-17 10:03:17,11789.0,43052
2021-06-17 10:03:18,11789.0,43053
2021-06-17 10:03:19,11788.95,43054
2021-06-17 10:03:20,11788.95,43054
2021-06-17 10:03:21,11788.95,43054
2021-06-17 10:03:22,11788.95,43054
2021-06-17 10:03:23,11788.8,43061
2021-06-17 10:03:24,11789.0,43066
2021-06-17 10:03:25,11789.0,43067
2021-06-17 10:03:26,11782.05,43077
2021-06-17 10:03:27,11782.05,43083
2021-06-17 10:03:28,11782.15,43085
2021-06-17 10:03:29,11787.95,43086
2021-06-17 10:03:30,11782.25,43128
2021-06-17 10:03:31,11787.95,43135
2021-06-17 10:03:32,11789.0,43140
2021-06-17 10:03:33,11789.0,43140
2021-06-17 10:03:34,11782.8,43155
2021-06-17 10:03:35,11789.0,43165
2021-06-17 10:03:36,11790.0,43227
2021-06-17 10:03:37,11790.0,43232
2021-06-17 10:03:38,11790.0,43241
2021-06-17 10:03:39,11790.0,43241
2021-06-17 10:03:41,11790.0,43241
2021-06-17 10:03:40,11790.0,43241
2021-06-17 10:03:42,11790.0,43241
2021-06-17 10:03:44,11790.0,43241
2021-06-17 10:03:45,11791.0,43261
2021-06-17 10:03:46,11791.0,43261
2021-06-17 10:03:47,11791.0,43261
2021-06-17 10:03:48,11791.0,43261
2021-06-17 10:03:49,11791.0,43261
2021-06-17 10:03:50,11791.0,43261
2021-06-17 10:03:51,11790.0,43266
2021-06-17 10:03:52,11790.0,43268
2021-06-17 10:03:52,11790.0,43268
2021-06-17 10:03:53,11791.4,43288
2021-06-17 10:03:54,11791.4,43288
2021-06-17 10:03:55,11791.4,43288
2021-06-17 10:03:56,11791.4,43288
2021-06-17 10:03:58,11791.4,43288
2021-06-17 10:03:59,11791.4,43288
2021-06-17 10:04:00,11791.4,43288
2021-06-17 10:04:01,11791.4,43288
2021-06-17 10:04:02,11791.4,43288
2021-06-17 10:04:03,11791.4,43288
2021-06-17 10:04:04,11791.4,43288
2021-06-17 10:04:04,11791.4,43288
2021-06-17 10:04:05,11791.4,43288
2021-06-17 10:04:06,11790.0,43289
2021-06-17 10:04:07,11790.0,43323
2021-06-17 10:04:08,11790.0,43341
2021-06-17 10:04:09,11790.0,43341
2021-06-17 10:04:10,11791.4,43346
2021-06-17 10:04:12,11791.4,43347
2021-06-17 10:04:13,11791.4,43347
2021-06-17 10:04:14,11791.4,43357
2021-06-17 10:04:17,11790.0,43366
2021-06-17 10:04:18,11790.0,43366
2021-06-17 10:04:20,11790.0,43366
2021-06-17 10:04:21,11790.0,43398
2021-06-17 10:04:22,11790.0,43420
2021-06-17 10:04:23,11790.0,43422
2021-06-17 10:04:24,11790.8,43423
2021-06-17 10:04:25,11790.8,43423
2021-06-17 10:04:26,11790.8,43423
2021-06-17 10:04:27,11790.8,43423
2021-06-17 10:04:28,11791.35,43428
2021-06-17 10:04:29,11791.35,43428
2021-06-17 10:04:30,11790.0,43435
2021-06-17 10:04:31,11790.05,43437
2021-06-17 10:04:32,11790.05,43437
2021-06-17 10:04:33,11790.05,43437
2021-06-17 10:04:34,11790.05,43437
2021-06-17 10:04:35,11790.05,43437
2021-06-17 10:04:35,11790.05,43437
2021-06-17 10:04:36,11790.05,43437
2021-06-17 10:04:37,11790.05,43437
2021-06-17 10:04:39,11790.05,43437
2021-06-17 10:04:40,11790.05,43437
2021-06-17 10:04:40,11790.05,43437
2021-06-17 10:04:41,11790.05,43437
2021-06-17 10:04:43,11790.05,43437
2021-06-17 10:04:44,11790.05,43437
2021-06-17 10:04:45,11790.05,43437
2021-06-17 10:04:46,11790.05,43437
2021-06-17 10:04:47,11790.0,43438
2021-06-17 10:04:48,11790.0,43438
2021-06-17 10:04:49,11790.0,43438
2021-06-17 10:04:51,11790.0,43438
2021-06-17 10:04:50,11790.0,43438
2021-06-17 10:04:52,11790.0,43438
2021-06-17 10:04:53,11790.05,43447
2021-06-17 10:04:54,11790.05,43448
2021-06-17 10:04:55,11790.0,43490
2021-06-17 10:04:56,11790.0,43509
2021-06-17 10:04:57,11790.0,43509
2021-06-17 10:04:58,11790.0,43509
2021-06-17 10:04:59,11790.0,43509
2021-06-17 10:05:00,11790.0,43509
2021-06-17 10:05:01,11790.0,43509
2021-06-17 10:05:02,11790.0,43509
2021-06-17 10:05:03,11790.0,43510
2021-06-17 10:05:04,11790.0,43516
2021-06-17 10:05:05,11790.0,43516
2021-06-17 10:05:06,11790.0,43516
2021-06-17 10:05:07,11791.4,43526
2021-06-17 10:05:08,11790.5,43530
2021-06-17 10:05:09,11790.0,43535
2021-06-17 10:05:10,11790.0,43540
2021-06-17 10:05:12,11790.0,43540
2021-06-17 10:05:14,11790.0,43540
2021-06-17 10:05:15,11790.0,43540
2021-06-17 10:05:16,11791.4,43542
2021-06-17 10:05:17,11791.4,43542
2021-06-17 10:05:18,11791.4,43542
2021-06-17 10:05:19,11791.4,43542
2021-06-17 10:05:20,11791.4,43542
2021-06-17 10:05:21,11791.4,43554
2021-06-17 10:05:22,11790.0,43564
2021-06-17 10:05:23,11790.0,43564
2021-06-17 10:05:24,11790.0,43564
2021-06-17 10:05:25,11790.0,43564
2021-06-17 10:05:28,11790.0,43564
2021-06-17 10:05:29,11790.0,43564
2021-06-17 10:05:30,11793.85,43583
2021-06-17 10:05:31,11793.45,43604
2021-06-17 10:05:32,11790.0,43609
2021-06-17 10:05:33,11790.0,43609
2021-06-17 10:05:34,11790.0,43609
2021-06-17 10:05:35,11790.0,43609
2021-06-17 10:05:36,11790.0,43609
2021-06-17 10:05:37,11790.0,43609
2021-06-17 10:05:38,11790.0,43609
2021-06-17 10:05:39,11793.25,43659
2021-06-17 10:05:40,11790.0,43688
2021-06-17 10:05:41,11790.0,43688
2021-06-17 10:05:42,11793.15,43698
2021-06-17 10:05:43,11790.0,43710
2021-06-17 10:05:44,11790.0,43710
2021-06-17 10:05:45,11790.0,43710
2021-06-17 10:05:46,11790.0,43710
2021-06-17 10:05:47,11790.0,43710
2021-06-17 10:05:49,11790.0,43715
2021-06-17 10:05:48,11790.0,43710
2021-06-17 10:05:50,11790.0,43824
2021-06-17 10:05:51,11790.0,43874
2021-06-17 10:05:52,11790.0,43874
2021-06-17 10:05:53,11790.0,43874
2021-06-17 10:05:54,11790.0,43874
2021-06-17 10:05:55,11790.0,43878
2021-06-17 10:05:56,11790.0,43884
2021-06-17 10:05:57,11790.0,43886
2021-06-17 10:05:58,11792.2,43887
2021-06-17 10:05:59,11790.0,43889
2021-06-17 10:06:00,11790.0,43894
2021-06-17 10:06:01,11790.0,43894
2021-06-17 10:06:02,11793.35,43896
2021-06-17 10:06:03,11792.95,43897
2021-06-17 10:06:04,11792.95,43897
2021-06-17 10:06:05,11792.95,43897
2021-06-17 10:06:06,11792.95,43897
2021-06-17 10:06:07,11792.95,43897
2021-06-17 10:06:08,11792.95,43897
2021-06-17 10:06:09,11792.95,43897
2021-06-17 10:06:10,11792.95,43897
2021-06-17 10:06:11,11795.1,43966
2021-06-17 10:06:12,11790.0,44012
2021-06-17 10:06:13,11790.0,44017
2021-06-17 10:06:14,11790.0,44017
2021-06-17 10:06:15,11790.0,44017
2021-06-17 10:06:17,11790.0,44017
2021-06-17 10:06:18,11790.0,44017
2021-06-17 10:06:19,11790.0,44017
2021-06-17 10:06:20,11790.0,44017
2021-06-17 10:06:21,11790.0,44017
2021-06-17 10:06:22,11790.0,44017
2021-06-17 10:06:23,11790.0,44017
2021-06-17 10:06:24,11790.0,44017
2021-06-17 10:06:26,11790.0,44017
2021-06-17 10:06:27,11790.0,44017
2021-06-17 10:06:28,11795.3,44029
2021-06-17 10:06:29,11791.3,44035
2021-06-17 10:06:30,11791.3,44035
2021-06-17 10:06:31,11791.3,44035
2021-06-17 10:06:32,11791.3,44035
2021-06-17 10:06:34,11791.3,44035
2021-06-17 10:06:35,11795.35,44045
2021-06-17 10:06:36,11791.85,44051
2021-06-17 10:06:37,11791.85,44051
2021-06-17 10:06:38,11791.85,44051
2021-06-17 10:06:39,11791.85,44051
2021-06-17 10:06:40,11791.85,44051
2021-06-17 10:06:41,11791.85,44051
2021-06-17 10:06:42,11791.85,44051
2021-06-17 10:06:43,11791.85,44051
2021-06-17 10:06:44,11791.85,44051
2021-06-17 10:06:46,11791.85,44051
2021-06-17 10:06:47,11791.85,44051
2021-06-17 10:06:48,11791.85,44051
2021-06-17 10:06:49,11791.85,44051
2021-06-17 10:06:51,11791.85,44051
2021-06-17 10:06:53,11791.85,44052
2021-06-17 10:06:52,11791.85,44051
2021-06-17 10:06:54,11798.75,44079
2021-06-17 10:06:56,11791.95,44094
2021-06-17 10:06:57,11791.95,44094
2021-06-17 10:06:58,11791.95,44106
2021-06-17 10:06:58,11791.95,44106
2021-06-17 10:06:59,11791.95,44106
2021-06-17 10:07:00,11790.95,44232
2021-06-17 10:07:02,11790.95,44373
2021-06-17 10:07:03,11790.05,44386
2021-06-17 10:07:04,11786.05,44889
2021-06-17 10:07:05,11786.05,44990
2021-06-17 10:07:06,11789.45,45000
2021-06-17 10:07:08,11792.05,45380
2021-06-17 10:07:08,11792.05,45380
2021-06-17 10:07:09,11792.05,45380
2021-06-17 10:07:10,11790.0,45483
2021-06-17 10:07:11,11790.0,45524
2021-06-17 10:07:12,11790.0,45524
2021-06-17 10:07:13,11790.0,45524
2021-06-17 10:07:14,11790.0,45524
2021-06-17 10:07:15,11790.0,45524
2021-06-17 10:07:16,11790.0,45524
2021-06-17 10:07:17,11790.0,45524
2021-06-17 10:07:18,11790.0,45524
2021-06-17 10:07:19,11790.0,45531
2021-06-17 10:07:21,11790.0,45533
2021-06-17 10:07:21,11790.0,45533
2021-06-17 10:07:22,11790.0,45533
2021-06-17 10:07:23,11790.0,45534
2021-06-17 10:07:24,11790.0,45534
2021-06-17 10:07:25,11790.0,45544
2021-06-17 10:07:26,11790.0,45544
2021-06-17 10:07:27,11790.0,45550
2021-06-17 10:07:29,11790.0,45560
2021-06-17 10:07:30,11790.0,45574
2021-06-17 10:07:31,11790.0,45574
2021-06-17 10:07:32,11790.0,45574
2021-06-17 10:07:33,11790.0,45574
2021-06-17 10:07:34,11790.0,45574
2021-06-17 10:07:35,11790.0,45700
2021-06-17 10:07:36,11790.0,45700
2021-06-17 10:07:37,11790.0,45700
2021-06-17 10:07:38,11790.0,45700
2021-06-17 10:07:39,11790.0,45700
2021-06-17 10:07:40,11790.0,45700
2021-06-17 10:07:41,11790.0,45700
2021-06-17 10:07:43,11790.0,45700
2021-06-17 10:07:43,11790.0,45700
2021-06-17 10:07:44,11790.0,45700
2021-06-17 10:07:45,11790.0,45710
2021-06-17 10:07:46,11790.0,45710
2021-06-17 10:07:47,11790.0,45710
2021-06-17 10:07:49,11790.0,45710
2021-06-17 10:07:50,11790.0,45710
2021-06-17 10:07:51,11790.0,45710
2021-06-17 10:07:53,11790.0,45710
2021-06-17 10:07:53,11790.0,45710
2021-06-17 10:07:54,11790.0,45710
2021-06-17 10:07:55,11790.0,45710
2021-06-17 10:07:56,11790.85,45719
2021-06-17 10:07:57,11790.85,45719
2021-06-17 10:07:58,11790.85,45719
2021-06-17 10:07:59,11790.85,45719
2021-06-17 10:08:00,11790.85,45719
2021-06-17 10:08:01,11790.85,45719
2021-06-17 10:08:02,11790.0,45731
2021-06-17 10:08:03,11792.65,45781
2021-06-17 10:08:04,11792.65,45781
2021-06-17 10:08:05,11792.65,45781
2021-06-17 10:08:06,11792.65,45781
2021-06-17 10:08:07,11792.65,45781
2021-06-17 10:08:08,11792.65,45785
2021-06-17 10:08:09,11791.0,45786
2021-06-17 10:08:10,11791.0,45787
2021-06-17 10:08:11,11791.0,45788
2021-06-17 10:08:12,11790.0,45913
2021-06-17 10:08:13,11790.0,45913
2021-06-17 10:08:14,11790.0,45913
2021-06-17 10:08:16,11790.0,45913
2021-06-17 10:08:17,11790.0,45913
2021-06-17 10:08:17,11790.0,45913
2021-06-17 10:08:18,11790.0,46160
2021-06-17 10:08:19,11792.65,46176
2021-06-17 10:08:20,11792.65,46196
2021-06-17 10:08:21,11792.65,46196
2021-06-17 10:08:22,11792.65,46196
2021-06-17 10:08:23,11792.65,46196
2021-06-17 10:08:24,11792.65,46196
2021-06-17 10:08:25,11792.65,46196
2021-06-17 10:08:26,11792.65,46196
2021-06-17 10:08:27,11792.65,46196
2021-06-17 10:08:28,11791.1,46197
2021-06-17 10:08:29,11791.1,46197
2021-06-17 10:08:31,11790.0,46322
2021-06-17 10:08:33,11790.0,46322
2021-06-17 10:08:34,11795.7,46326
2021-06-17 10:08:35,11795.7,46326
2021-06-17 10:08:36,11795.7,46326
2021-06-17 10:08:36,11795.7,46326
2021-06-17 10:08:37,11795.7,46326
2021-06-17 10:08:38,11795.7,46326
2021-06-17 10:08:39,11795.7,46326
2021-06-17 10:08:40,11795.7,46326
2021-06-17 10:08:41,11795.7,46326
2021-06-17 10:08:42,11795.7,46326
2021-06-17 10:08:43,11795.7,46326
2021-06-17 10:08:44,11795.7,46326
2021-06-17 10:08:46,11795.7,46326
2021-06-17 10:08:47,11795.7,46326
2021-06-17 10:08:48,11795.7,46326
2021-06-17 10:08:48,11795.7,46326
2021-06-17 10:08:50,11794.0,46331
2021-06-17 10:08:50,11794.0,46331
2021-06-17 10:08:51,11794.0,46331
2021-06-17 10:08:52,11794.0,46331
2021-06-17 10:08:53,11794.0,46331
2021-06-17 10:08:54,11794.0,46332
2021-06-17 10:08:55,11794.0,46332
2021-06-17 10:08:57,11794.0,46333
2021-06-17 10:08:58,11799.0,46334
2021-06-17 10:09:00,11799.0,46334
2021-06-17 10:09:01,11799.0,46334
2021-06-17 10:09:01,11799.0,46334
2021-06-17 10:09:02,11799.0,46334
2021-06-17 10:09:03,11798.95,46335
2021-06-17 10:09:04,11798.0,46347
2021-06-17 10:09:05,11798.0,46347
2021-06-17 10:09:06,11798.0,46347
2021-06-17 10:09:07,11798.0,46347
2021-06-17 10:09:08,11793.5,46353
2021-06-17 10:09:09,11793.5,46353
2021-06-17 10:09:10,11793.5,46353
2021-06-17 10:09:12,11793.5,46353
2021-06-17 10:09:13,11793.5,46353
2021-06-17 10:09:14,11793.5,46353
2021-06-17 10:09:15,11798.7,46368
2021-06-17 10:09:16,11798.7,46368
2021-06-17 10:09:17,11798.7,46368
2021-06-17 10:09:18,11798.7,46368
2021-06-17 10:09:19,11798.7,46368
2021-06-17 10:09:20,11798.7,46368
2021-06-17 10:09:22,11798.7,46368
2021-06-17 10:09:23,11797.0,46373
2021-06-17 10:09:24,11799.0,46398
2021-06-17 10:09:25,11799.0,46398
2021-06-17 10:09:26,11799.0,46398
2021-06-17 10:09:26,11799.0,46398
2021-06-17 10:09:28,11799.0,46398
2021-06-17 10:09:29,11799.0,46398
2021-06-17 10:09:30,11799.0,46398
2021-06-17 10:09:30,11799.0,46398
2021-06-17 10:09:31,11799.0,46398
2021-06-17 10:09:32,11799.0,46398
2021-06-17 10:09:34,11799.0,46398
2021-06-17 10:09:35,11799.0,46407
2021-06-17 10:09:36,11799.0,46407
2021-06-17 10:09:37,11799.0,46407
2021-06-17 10:09:37,11799.0,46407
2021-06-17 10:09:38,11795.45,46408
2021-06-17 10:09:39,11795.45,46408
2021-06-17 10:09:40,11803.35,46547
2021-06-17 10:09:42,11803.35,46547
2021-06-17 10:09:43,11803.35,46547
2021-06-17 10:09:44,11804.0,46550
2021-06-17 10:09:45,11804.0,46550
2021-06-17 10:09:47,11798.65,46559
2021-06-17 10:09:48,11804.35,46562
2021-06-17 10:09:49,11804.35,46562
2021-06-17 10:09:51,11794.55,46572
2021-06-17 10:09:52,11794.6,46576
2021-06-17 10:09:53,11803.2,46579
2021-06-17 10:09:54,11803.2,46583
2021-06-17 10:09:55,11803.2,46583
2021-06-17 10:09:55,11803.2,46583
2021-06-17 10:09:56,11804.8,46593
2021-06-17 10:09:57,11804.8,46593
2021-06-17 10:09:58,11804.8,46593
2021-06-17 10:09:59,11804.8,46593
2021-06-17 10:10:00,11804.8,46593
2021-06-17 10:10:02,11804.8,46593
2021-06-17 10:10:03,11804.8,46593
2021-06-17 10:10:04,11804.8,46593
2021-06-17 10:10:04,11804.8,46593
2021-06-17 10:10:05,11804.8,46593
2021-06-17 10:10:06,11804.9,46603
2021-06-17 10:10:07,11804.9,46603
2021-06-17 10:10:08,11804.9,46603
2021-06-17 10:10:10,11801.5,46604
2021-06-17 10:10:12,11801.5,46604
2021-06-17 10:10:13,11801.5,46604
2021-06-17 10:10:13,11801.5,46604
2021-06-17 10:10:14,11801.5,46604
2021-06-17 10:10:15,11801.5,46604
2021-06-17 10:10:16,11804.8,46614
2021-06-17 10:10:18,11804.8,46614
2021-06-17 10:10:19,11804.8,46614
2021-06-17 10:10:20,11804.8,46614
2021-06-17 10:10:20,11804.8,46614
2021-06-17 10:10:22,11804.8,46614
2021-06-17 10:10:23,11804.8,46615
2021-06-17 10:10:24,11804.8,46615
2021-06-17 10:10:25,11800.25,46617
2021-06-17 10:10:27,11800.25,46617
2021-06-17 10:10:28,11800.25,46617
2021-06-17 10:10:29,11800.25,46617
2021-06-17 10:10:31,11800.25,46617
2021-06-17 10:10:33,11800.0,46642
2021-06-17 10:10:34,11804.8,46645
2021-06-17 10:10:34,11804.8,46645
2021-06-17 10:10:35,11804.8,46645
2021-06-17 10:10:36,11804.8,46645
2021-06-17 10:10:37,11804.8,46645
2021-06-17 10:10:38,11804.8,46645
2021-06-17 10:10:39,11804.8,46645
2021-06-17 10:10:40,11804.4,46646
2021-06-17 10:10:41,11804.4,46646
2021-06-17 10:10:42,11804.4,46646
2021-06-17 10:10:43,11804.4,46646
2021-06-17 10:10:44,11804.4,46646
2021-06-17 10:10:45,11804.4,46646
2021-06-17 10:10:46,11804.4,46646
2021-06-17 10:10:47,11804.4,46646
2021-06-17 10:10:48,11804.4,46646
2021-06-17 10:10:49,11804.4,46646
2021-06-17 10:10:51,11804.4,46646
2021-06-17 10:10:52,11804.6,46656
2021-06-17 10:10:53,11804.6,46656
2021-06-17 10:10:54,11804.6,46656
2021-06-17 10:10:55,11804.6,46656
2021-06-17 10:10:55,11804.6,46656
2021-06-17 10:10:56,11804.6,46656
2021-06-17 10:10:57,11804.6,46656
2021-06-17 10:10:58,11804.6,46656
2021-06-17 10:10:59,11804.6,46656
2021-06-17 10:11:00,11804.6,46656
2021-06-17 10:11:01,11809.2,46752
2021-06-17 10:11:02,11809.2,46752
2021-06-17 10:11:03,11809.2,46752
2021-06-17 10:11:04,11804.65,46779
2021-06-17 10:11:06,11804.65,46779
2021-06-17 10:11:07,11804.65,46779
2021-06-17 10:11:08,11805.9,46800
2021-06-17 10:11:09,11805.9,46800
2021-06-17 10:11:10,11805.9,46800
2021-06-17 10:11:11,11805.9,46800
2021-06-17 10:11:12,11812.4,46903
2021-06-17 10:11:13,11812.4,46903
2021-06-17 10:11:14,11812.4,46903
2021-06-17 10:11:15,11812.4,46903
2021-06-17 10:11:16,11812.4,46903
2021-06-17 10:11:17,11812.4,46903
2021-06-17 10:11:18,11812.4,46903
2021-06-17 10:11:19,11812.5,46908
2021-06-17 10:11:20,11806.1,46909
2021-06-17 10:11:20,11806.1,46909
2021-06-17 10:11:21,11806.1,46909
2021-06-17 10:11:22,11806.1,46909
2021-06-17 10:11:23,11808.95,46914
2021-06-17 10:11:24,11808.95,46914
2021-06-17 10:11:25,11808.95,46914
2021-06-17 10:11:26,11808.95,46914
2021-06-17 10:11:27,11808.95,46914
2021-06-17 10:11:28,11812.75,46916
2021-06-17 10:11:29,11812.85,46921
2021-06-17 10:11:30,11812.85,46957
2021-06-17 10:11:31,11812.4,46988
2021-06-17 10:11:32,11812.85,46994
2021-06-17 10:11:34,11812.85,46995
2021-06-17 10:11:35,11812.85,46995
2021-06-17 10:11:36,11812.95,47005
2021-06-17 10:11:37,11812.95,47007
2021-06-17 10:11:38,11812.5,47012
2021-06-17 10:11:39,11813.0,47013
2021-06-17 10:11:40,11813.0,47013
2021-06-17 10:11:41,11812.95,47014
2021-06-17 10:11:42,11812.95,47014
2021-06-17 10:11:42,11813.0,47017
2021-06-17 10:11:43,11815.0,47045
2021-06-17 10:11:44,11815.0,47050
2021-06-17 10:11:45,11819.8,47129
2021-06-17 10:11:46,11814.3,47145
2021-06-17 10:11:47,11819.55,47169
2021-06-17 10:11:48,11819.55,47173
2021-06-17 10:11:50,11819.55,47181
2021-06-17 10:11:51,11820.0,47195
2021-06-17 10:11:52,11821.95,47198
2021-06-17 10:11:53,11821.95,47198
2021-06-17 10:11:54,11821.95,47198
2021-06-17 10:11:55,11817.05,47200
2021-06-17 10:11:56,11821.95,47201
2021-06-17 10:11:57,11821.95,47201
2021-06-17 10:11:58,11821.95,47201
2021-06-17 10:11:59,11820.0,47209
2021-06-17 10:12:00,11820.0,47234
2021-06-17 10:12:00,11821.95,47238
2021-06-17 10:12:01,11821.95,47239
2021-06-17 10:12:02,11821.95,47239
2021-06-17 10:12:03,11824.9,47249
2021-06-17 10:12:04,11824.6,47251
2021-06-17 10:12:05,11824.6,47251
