timestamp,ltp,volume
2021-06-17 09:20:36,6007.7,182869
2021-06-17 09:20:37,6007.4,182934
2021-06-17 09:20:38,6007.05,182945
2021-06-17 09:20:39,6009.0,182953
2021-06-17 09:20:40,6007.6,184067
2021-06-17 09:20:41,6005.15,184089
2021-06-17 09:20:42,6007.05,184152
2021-06-17 09:20:43,6005.15,184802
2021-06-17 09:20:44,6005.1,184858
2021-06-17 09:20:45,6002.9,185051
2021-06-17 09:20:46,6002.7,185418
2021-06-17 09:20:47,6005.5,185443
2021-06-17 09:20:48,6002.35,185803
2021-06-17 09:20:49,6005.1,185812
2021-06-17 09:20:50,6003.95,186029
2021-06-17 09:20:51,6005.95,186324
2021-06-17 09:20:53,6006.3,186376
2021-06-17 09:20:54,6003.5,186603
2021-06-17 09:20:55,6003.95,186619
2021-06-17 09:20:56,6003.95,186639
2021-06-17 09:20:58,6003.95,187075
2021-06-17 09:20:59,6003.0,187117
2021-06-17 09:21:00,6002.8,187385
2021-06-17 09:21:01,6002.95,187576
2021-06-17 09:21:02,6002.95,187635
2021-06-17 09:21:04,6006.0,188017
2021-06-17 09:21:05,6003.7,188029
2021-06-17 09:21:06,6003.95,188072
2021-06-17 09:21:07,6003.85,188105
2021-06-17 09:21:08,6004.25,188156
2021-06-17 09:21:09,6005.45,188284
2021-06-17 09:21:10,6006.5,188334
2021-06-17 09:21:10,6006.5,188334
2021-06-17 09:21:12,6006.5,188389
2021-06-17 09:21:13,6006.45,188431
2021-06-17 09:21:14,6006.85,188529
2021-06-17 09:21:15,6007.05,188631
2021-06-17 09:21:16,6006.0,188677
2021-06-17 09:21:17,6007.85,188690
2021-06-17 09:21:18,6005.2,188748
2021-06-17 09:21:19,6006.1,188793
2021-06-17 09:21:20,6005.1,188895
2021-06-17 09:21:21,6007.05,188921
2021-06-17 09:21:22,6007.9,190281
2021-06-17 09:21:23,6007.9,190407
2021-06-17 09:21:24,6007.85,190417
2021-06-17 09:21:25,6007.85,190417
2021-06-17 09:21:26,6007.85,190545
2021-06-17 09:21:27,6006.0,190602
2021-06-17 09:21:28,6006.0,190602
2021-06-17 09:21:29,6007.85,190733
2021-06-17 09:21:30,6006.6,191285
2021-06-17 09:21:31,6007.85,191314
2021-06-17 09:21:32,6007.9,192970
2021-06-17 09:21:32,6007.9,192970
2021-06-17 09:21:36,6007.9,193242
2021-06-17 09:21:39,6007.8,194141
2021-06-17 09:21:40,6005.4,194176
2021-06-17 09:21:41,6007.8,194226
2021-06-17 09:21:42,6006.0,194237
2021-06-17 09:21:43,6007.75,194325
2021-06-17 09:21:44,6007.75,195824
2021-06-17 09:21:45,6007.0,195826
2021-06-17 09:21:46,6006.95,196157
2021-06-17 09:21:47,6005.95,196234
2021-06-17 09:21:48,6006.95,196309
2021-06-17 09:21:49,6005.6,196316
2021-06-17 09:21:50,6006.95,196330
2021-06-17 09:21:50,6007.0,196329
2021-06-17 09:21:52,6006.95,196397
2021-06-17 09:21:53,6007.0,196456
2021-06-17 09:21:54,6007.0,196460
2021-06-17 09:21:55,6007.0,196470
2021-06-17 09:21:57,6006.75,196580
2021-06-17 09:21:58,6006.75,196607
2021-06-17 09:21:59,6006.75,196618
2021-06-17 09:22:00,6006.75,196636
2021-06-17 09:22:01,6006.75,196641
2021-06-17 09:22:02,6006.7,196888
2021-06-17 09:22:03,6006.7,196891
2021-06-17 09:22:04,6006.65,197063
2021-06-17 09:22:05,6006.65,197092
2021-06-17 09:22:06,6005.9,197113
2021-06-17 09:22:07,6005.9,197502
2021-06-17 09:22:08,6006.95,197728
2021-06-17 09:22:09,6006.95,197730
2021-06-17 09:22:10,6006.95,197730
2021-06-17 09:22:11,6006.0,197842
2021-06-17 09:22:12,6006.0,197919
2021-06-17 09:22:13,6006.0,198054
2021-06-17 09:22:14,6006.0,198420
2021-06-17 09:22:15,6006.0,198422
2021-06-17 09:22:16,6005.1,198496
2021-06-17 09:22:17,6005.1,198500
2021-06-17 09:22:18,6006.0,198530
2021-06-17 09:22:19,6006.0,198641
2021-06-17 09:22:20,6006.0,198715
2021-06-17 09:22:21,6005.1,198718
2021-06-17 09:22:22,6006.0,198743
2021-06-17 09:22:23,6005.1,198898
2021-06-17 09:22:24,6006.0,198934
2021-06-17 09:22:25,6006.1,199815
2021-06-17 09:22:26,6007.9,199843
2021-06-17 09:22:27,6006.2,199848
2021-06-17 09:22:28,6007.9,199852
2021-06-17 09:22:29,6007.9,200068
2021-06-17 09:22:30,6007.9,203350
2021-06-17 09:22:31,6007.9,203545
2021-06-17 09:22:32,6007.9,203622
2021-06-17 09:22:33,6006.0,203674
2021-06-17 09:22:34,6006.95,203678
2021-06-17 09:22:35,6007.9,205055
2021-06-17 09:22:36,6007.9,205071
2021-06-17 09:22:37,6006.95,205094
2021-06-17 09:22:38,6006.95,205253
2021-06-17 09:22:39,6007.9,206221
2021-06-17 09:22:40,6007.9,206329
2021-06-17 09:22:41,6007.9,206397
2021-06-17 09:22:42,6007.9,206419
2021-06-17 09:22:43,6007.9,206545
2021-06-17 09:22:44,6007.9,206554
2021-06-17 09:22:45,6007.9,206590
2021-06-17 09:22:46,6006.55,208725
2021-06-17 09:22:47,6006.3,208881
2021-06-17 09:22:48,6010.85,224693
2021-06-17 09:22:49,6010.85,224700
2021-06-17 09:22:50,6010.85,224800
2021-06-17 09:22:51,6010.85,224847
2021-06-17 09:22:52,6010.85,224851
2021-06-17 09:22:53,6010.8,224879
2021-06-17 09:22:54,6010.85,225223
2021-06-17 09:22:55,6010.85,225512
2021-06-17 09:22:56,6010.85,228619
2021-06-17 09:22:57,6010.85,228919
2021-06-17 09:22:58,6010.85,229080
2021-06-17 09:22:59,6010.85,229109
2021-06-17 09:23:00,6010.85,229145
2021-06-17 09:23:01,6014.75,238190
2021-06-17 09:23:02,6013.0,238463
2021-06-17 09:23:03,6014.7,238626
2021-06-17 09:23:04,6013.0,238706
2021-06-17 09:23:05,6014.65,238718
2021-06-17 09:23:06,6014.7,238883
2021-06-17 09:23:07,6014.7,239034
2021-06-17 09:23:08,6013.0,239414
2021-06-17 09:23:09,6014.7,239650
2021-06-17 09:23:11,6014.7,239843
2021-06-17 09:23:12,6014.0,239877
2021-06-17 09:23:13,6014.6,240023
2021-06-17 09:23:14,6014.6,240045
2021-06-17 09:23:18,6014.0,241072
2021-06-17 09:23:19,6013.9,241250
2021-06-17 09:23:20,6013.9,241306
2021-06-17 09:23:21,6013.9,241528
2021-06-17 09:23:22,6014.0,241678
2021-06-17 09:23:23,6014.0,241739
2021-06-17 09:23:24,6012.35,241840
2021-06-17 09:23:25,6013.9,243429
2021-06-17 09:23:26,6014.0,243433
2021-06-17 09:23:27,6014.0,243449
2021-06-17 09:23:29,6014.0,243748
2021-06-17 09:23:30,6014.0,244012
2021-06-17 09:23:31,6014.0,244058
2021-06-17 09:23:32,6014.0,244864
2021-06-17 09:23:33,6014.0,244894
2021-06-17 09:23:34,6014.0,244914
2021-06-17 09:23:35,6014.0,245170
2021-06-17 09:23:36,6014.7,247922
2021-06-17 09:23:37,6014.75,249124
2021-06-17 09:23:38,6014.7,250417
2021-06-17 09:23:39,6014.7,250502
2021-06-17 09:23:40,6014.75,250534
2021-06-17 09:23:41,6014.75,250844
2021-06-17 09:23:42,6014.75,251475
2021-06-17 09:23:44,6014.75,252274
2021-06-17 09:23:45,6014.75,252315
2021-06-17 09:23:46,6014.7,252972
2021-06-17 09:23:47,6014.75,253333
2021-06-17 09:23:48,6014.7,253768
2021-06-17 09:23:49,6014.7,253886
2021-06-17 09:23:50,6014.7,254337
2021-06-17 09:23:54,6014.75,256083
2021-06-17 09:23:55,6014.75,256886
2021-06-17 09:23:56,6014.75,256946
2021-06-17 09:23:57,6014.7,258453
2021-06-17 09:23:58,6014.7,258453
2021-06-17 09:23:59,6014.75,260344
2021-06-17 09:24:00,6014.75,260970
2021-06-17 09:24:01,6014.75,261374
2021-06-17 09:24:02,6014.75,261602
2021-06-17 09:24:03,6020.0,265864
2021-06-17 09:24:06,6020.0,266926
2021-06-17 09:24:08,6021.95,267088
2021-06-17 09:24:08,6021.95,267088
2021-06-17 09:24:09,6021.95,267483
2021-06-17 09:24:10,6020.1,267613
2021-06-17 09:24:11,6024.05,268863
2021-06-17 09:24:12,6021.9,269009
2021-06-17 09:24:13,6021.9,269089
2021-06-17 09:24:14,6024.0,269379
2021-06-17 09:24:15,6024.0,269562
2021-06-17 09:24:17,6024.9,270058
2021-06-17 09:24:17,6024.9,270058
2021-06-17 09:24:18,6025.0,270227
2021-06-17 09:24:19,6025.0,270604
2021-06-17 09:24:20,6028.15,272170
2021-06-17 09:24:21,6025.25,272558
2021-06-17 09:24:22,6027.8,272755
2021-06-17 09:24:24,6027.8,273086
2021-06-17 09:24:26,6026.0,273518
2021-06-17 09:24:27,6028.25,273563
2021-06-17 09:24:28,6025.75,273603
2021-06-17 09:24:29,6027.8,273688
2021-06-17 09:24:29,6028.4,273793
2021-06-17 09:24:30,6028.65,274101
2021-06-17 09:24:31,6028.95,274477
2021-06-17 09:24:32,6029.55,274692
2021-06-17 09:24:33,6029.55,274975
2021-06-17 09:24:34,6028.4,275101
2021-06-17 09:24:35,6030.0,275653
2021-06-17 09:24:36,6030.35,277442
2021-06-17 09:24:37,6030.0,277535
2021-06-17 09:24:38,6029.55,278832
2021-06-17 09:24:39,6032.65,279564
2021-06-17 09:24:42,6030.85,279782
2021-06-17 09:24:43,6034.55,280121
2021-06-17 09:24:44,6031.9,280314
2021-06-17 09:24:44,6032.0,280345
2021-06-17 09:24:45,6034.7,280533
2021-06-17 09:24:46,6032.2,280998
2021-06-17 09:24:47,6034.6,281169
2021-06-17 09:24:48,6034.85,281364
2021-06-17 09:24:49,6032.95,282224
2021-06-17 09:24:50,6034.9,282671
2021-06-17 09:24:51,6035.0,283406
2021-06-17 09:24:52,6034.55,283791
2021-06-17 09:24:53,6034.0,284124
2021-06-17 09:24:54,6035.8,284701
2021-06-17 09:24:55,6033.4,285260
2021-06-17 09:24:56,6037.8,285978
2021-06-17 09:24:58,6036.0,286707
2021-06-17 09:24:59,6039.25,287174
2021-06-17 09:25:00,6039.5,287354
2021-06-17 09:25:01,6039.75,287535
2021-06-17 09:25:02,6037.05,287826
2021-06-17 09:25:03,6037.3,287915
2021-06-17 09:25:04,6038.65,288171
2021-06-17 09:25:05,6038.8,288270
2021-06-17 09:25:07,6038.65,288527
2021-06-17 09:25:08,6038.0,288686
2021-06-17 09:25:08,6037.05,288713
2021-06-17 09:25:09,6038.35,288803
2021-06-17 09:25:12,6037.3,289363
2021-06-17 09:25:13,6036.05,290558
2021-06-17 09:25:14,6038.65,290713
2021-06-17 09:25:15,6034.0,291815
2021-06-17 09:25:16,6034.0,292352
2021-06-17 09:25:17,6033.0,292613
2021-06-17 09:25:18,6031.05,292853
2021-06-17 09:25:19,6032.0,294623
2021-06-17 09:25:20,6032.35,294884
2021-06-17 09:25:21,6037.25,297308
2021-06-17 09:25:22,6034.45,297723
2021-06-17 09:25:23,6033.35,297834
2021-06-17 09:25:25,6034.1,297914
2021-06-17 09:25:26,6033.95,298108
2021-06-17 09:25:27,6035.95,298552
2021-06-17 09:25:29,6032.0,298675
2021-06-17 09:25:30,6032.0,298721
2021-06-17 09:25:31,6034.1,298817
2021-06-17 09:25:32,6032.15,298850
2021-06-17 09:25:33,6032.05,298938
2021-06-17 09:25:34,6032.15,298958
2021-06-17 09:25:35,6034.0,299003
2021-06-17 09:25:36,6032.05,299162
2021-06-17 09:25:37,6033.45,299261
2021-06-17 09:25:38,6032.05,299273
2021-06-17 09:25:39,6032.1,299365
2021-06-17 09:25:40,6031.8,300856
2021-06-17 09:25:41,6029.6,301007
2021-06-17 09:25:42,6029.5,301101
2021-06-17 09:25:44,6032.05,301326
2021-06-17 09:25:45,6030.0,301439
2021-06-17 09:25:46,6028.65,301798
2021-06-17 09:25:47,6029.0,301871
2021-06-17 09:25:48,6030.0,301898
2021-06-17 09:25:49,6028.55,301985
2021-06-17 09:25:50,6031.6,302201
2021-06-17 09:25:51,6031.25,302278
2021-06-17 09:25:52,6031.35,302568
2021-06-17 09:25:52,6031.35,302568
2021-06-17 09:25:53,6030.65,302826
2021-06-17 09:25:54,6030.65,302838
2021-06-17 09:25:55,6031.2,303218
2021-06-17 09:25:56,6031.2,303326
2021-06-17 09:25:57,6029.25,303384
2021-06-17 09:25:58,6030.0,303397
2021-06-17 09:25:59,6031.15,303421
2021-06-17 09:26:00,6030.05,303581
2021-06-17 09:26:01,6031.15,303638
2021-06-17 09:26:02,6031.15,303691
2021-06-17 09:26:03,6031.35,304045
2021-06-17 09:26:04,6030.15,304741
2021-06-17 09:26:05,6031.0,304817
2021-06-17 09:26:06,6030.0,304881
2021-06-17 09:26:08,6030.0,304905
2021-06-17 09:26:09,6031.15,304956
2021-06-17 09:26:10,6031.2,305255
2021-06-17 09:26:11,6031.2,305291
2021-06-17 09:26:12,6031.25,305441
2021-06-17 09:26:14,6031.25,305517
2021-06-17 09:26:15,6033.8,305775
2021-06-17 09:26:16,6033.8,305803
2021-06-17 09:26:17,6033.8,305921
2021-06-17 09:26:17,6032.0,305846
2021-06-17 09:26:18,6032.0,305948
2021-06-17 09:26:19,6033.9,305966
2021-06-17 09:26:21,6033.9,306097
2021-06-17 09:26:22,6034.1,306441
2021-06-17 09:26:23,6034.1,306790
2021-06-17 09:26:23,6034.1,306790
2021-06-17 09:26:24,6035.0,306964
2021-06-17 09:26:25,6035.1,307172
2021-06-17 09:26:26,6037.25,307450
2021-06-17 09:26:27,6037.15,307552
2021-06-17 09:26:29,6037.2,307752
2021-06-17 09:26:30,6037.1,307759
2021-06-17 09:26:30,6037.1,307759
2021-06-17 09:26:31,6036.9,308051
2021-06-17 09:26:32,6035.55,308061
2021-06-17 09:26:33,6035.85,308758
2021-06-17 09:26:34,6037.1,308808
2021-06-17 09:26:36,6036.9,308957
2021-06-17 09:26:37,6037.95,309003
2021-06-17 09:26:38,6037.7,309606
2021-06-17 09:26:39,6037.0,309910
2021-06-17 09:26:40,6036.0,309958
2021-06-17 09:26:41,6035.15,310117
2021-06-17 09:26:43,6037.0,310317
2021-06-17 09:26:44,6035.0,310515
2021-06-17 09:26:45,6036.8,310548
2021-06-17 09:26:45,6035.0,310679
2021-06-17 09:26:46,6035.0,311322
2021-06-17 09:26:47,6035.0,311444
2021-06-17 09:26:48,6035.0,312126
2021-06-17 09:26:49,6037.0,312156
2021-06-17 09:26:50,6036.65,312218
2021-06-17 09:26:51,6034.25,312253
2021-06-17 09:26:52,6036.0,312419
2021-06-17 09:26:53,6036.4,312557
2021-06-17 09:26:54,6037.0,312620
2021-06-17 09:26:55,6035.25,313636
2021-06-17 09:26:57,6037.5,313733
2021-06-17 09:26:58,6037.5,314268
2021-06-17 09:26:59,6037.5,314277
2021-06-17 09:27:00,6037.5,314384
2021-06-17 09:27:01,6037.5,314571
2021-06-17 09:27:02,6035.2,314705
2021-06-17 09:27:02,6035.2,314706
2021-06-17 09:27:03,6036.4,314763
2021-06-17 09:27:04,6035.15,314820
2021-06-17 09:27:05,6035.0,315609
2021-06-17 09:27:06,6034.95,316543
2021-06-17 09:27:07,6034.95,316705
2021-06-17 09:27:08,6035.2,316743
2021-06-17 09:27:09,6035.2,316819
2021-06-17 09:27:11,6035.0,317021
2021-06-17 09:27:12,6035.0,317128
2021-06-17 09:27:13,6033.35,317194
2021-06-17 09:27:14,6033.0,317297
2021-06-17 09:27:15,6034.0,317514
2021-06-17 09:27:16,6033.0,317548
2021-06-17 09:27:17,6034.0,317552
2021-06-17 09:27:18,6034.0,317552
2021-06-17 09:27:19,6032.45,317802
2021-06-17 09:27:20,6034.0,318314
2021-06-17 09:27:20,6034.0,318339
2021-06-17 09:27:21,6034.0,318506
2021-06-17 09:27:22,6034.0,318544
2021-06-17 09:27:23,6034.0,318585
2021-06-17 09:27:24,6034.0,318737
2021-06-17 09:27:25,6033.95,318878
2021-06-17 09:27:26,6032.6,318988
2021-06-17 09:27:27,6033.95,318990
2021-06-17 09:27:28,6033.9,318991
2021-06-17 09:27:29,6031.6,319421
2021-06-17 09:27:30,6031.4,319459
2021-06-17 09:27:32,6033.9,319827
2021-06-17 09:27:33,6033.9,319882
2021-06-17 09:27:34,6033.75,320135
2021-06-17 09:27:35,6034.0,320265
2021-06-17 09:27:36,6034.7,320566
2021-06-17 09:27:37,6034.45,320630
2021-06-17 09:27:38,6033.0,320652
2021-06-17 09:27:38,6033.0,320652
2021-06-17 09:27:39,6033.75,320721
2021-06-17 09:27:41,6035.35,321416
2021-06-17 09:27:42,6037.7,321745
2021-06-17 09:27:43,6037.7,321745
2021-06-17 09:27:44,6035.65,321781
2021-06-17 09:27:45,6039.8,322272
2021-06-17 09:27:46,6037.95,322397
2021-06-17 09:27:48,6040.0,322657
2021-06-17 09:27:49,6038.6,323660
2021-06-17 09:27:50,6040.0,323729
2021-06-17 09:27:50,6038.15,323731
2021-06-17 09:27:51,6042.0,326829
2021-06-17 09:27:52,6042.0,327102
2021-06-17 09:27:53,6042.45,327224
2021-06-17 09:27:54,6042.5,327295
2021-06-17 09:27:55,6044.9,328245
2021-06-17 09:27:56,6042.45,328286
2021-06-17 09:27:57,6047.55,329292
2021-06-17 09:27:58,6045.0,329309
2021-06-17 09:27:59,6048.0,329433
2021-06-17 09:28:00,6048.0,329647
2021-06-17 09:28:01,6048.0,329777
2021-06-17 09:28:02,6047.95,329841
2021-06-17 09:28:04,6046.5,330055
2021-06-17 09:28:05,6047.95,330158
2021-06-17 09:28:06,6047.95,330164
2021-06-17 09:28:07,6045.35,330661
2021-06-17 09:28:08,6047.4,330970
2021-06-17 09:28:09,6047.2,331086
2021-06-17 09:28:10,6043.85,331241
2021-06-17 09:28:11,6046.05,331490
2021-06-17 09:28:12,6046.15,331523
2021-06-17 09:28:13,6046.1,331539
2021-06-17 09:28:14,6045.2,331801
2021-06-17 09:28:15,6048.0,331959
2021-06-17 09:28:15,6048.0,331959
2021-06-17 09:28:16,6048.0,332001
2021-06-17 09:28:17,6048.0,332258
2021-06-17 09:28:18,6047.95,332286
2021-06-17 09:28:19,6048.0,332458
2021-06-17 09:28:20,6048.0,332626
2021-06-17 09:28:22,6047.5,332895
2021-06-17 09:28:23,6047.95,333056
2021-06-17 09:28:24,6048.0,333192
2021-06-17 09:28:25,6046.35,333224
2021-06-17 09:28:26,6047.2,333639
2021-06-17 09:28:27,6049.0,333711
2021-06-17 09:28:28,6048.05,333780
2021-06-17 09:28:29,6049.8,334145
2021-06-17 09:28:30,6047.0,334292
2021-06-17 09:28:31,6048.35,334987
2021-06-17 09:28:32,6049.35,335119
2021-06-17 09:28:33,6048.75,335315
2021-06-17 09:28:34,6047.5,335381
2021-06-17 09:28:35,6047.5,335474
2021-06-17 09:28:36,6047.5,335513
2021-06-17 09:28:37,6046.45,335571
2021-06-17 09:28:38,6046.55,335707
2021-06-17 09:28:39,6046.5,335797
2021-06-17 09:28:40,6046.9,336021
2021-06-17 09:28:41,6046.5,336085
2021-06-17 09:28:42,6045.35,336933
2021-06-17 09:28:43,6045.85,337078
2021-06-17 09:28:44,6045.25,337093
2021-06-17 09:28:45,6043.5,337183
2021-06-17 09:28:46,6043.4,337398
2021-06-17 09:28:47,6045.25,337767
2021-06-17 09:28:48,6042.55,337878
2021-06-17 09:28:49,6045.0,337938
2021-06-17 09:28:50,6043.45,338049
2021-06-17 09:28:51,6043.45,338082
2021-06-17 09:28:52,6043.45,338089
2021-06-17 09:28:53,6044.05,338136
2021-06-17 09:28:54,6042.0,338252
2021-06-17 09:28:55,6044.7,338258
2021-06-17 09:28:56,6043.0,338311
2021-06-17 09:28:57,6041.95,338383
2021-06-17 09:28:58,6041.95,338383
2021-06-17 09:28:59,6043.4,338422
2021-06-17 09:29:00,6043.45,338524
2021-06-17 09:29:01,6042.0,338649
2021-06-17 09:29:02,6043.0,338655
2021-06-17 09:29:03,6043.0,339008
2021-06-17 09:29:04,6043.0,339198
2021-06-17 09:29:05,6043.0,339228
2021-06-17 09:29:06,6041.2,339728
2021-06-17 09:29:07,6040.0,340174
2021-06-17 09:29:08,6043.0,340324
2021-06-17 09:29:09,6043.45,340808
2021-06-17 09:29:10,6043.45,340840
2021-06-17 09:29:11,6045.25,340895
2021-06-17 09:29:12,6045.25,340911
2021-06-17 09:29:13,6044.95,340912
2021-06-17 09:29:13,6044.95,340912
2021-06-17 09:29:14,6045.0,340978
2021-06-17 09:29:15,6043.0,341014
2021-06-17 09:29:16,6047.55,342631
2021-06-17 09:29:17,6047.0,342763
2021-06-17 09:29:18,6048.95,342938
2021-06-17 09:29:19,6048.55,343501
2021-06-17 09:29:20,6048.1,343634
2021-06-17 09:29:21,6048.1,343634
2021-06-17 09:29:22,6050.0,343756
2021-06-17 09:29:23,6049.65,343772
2021-06-17 09:29:24,6053.75,349250
2021-06-17 09:29:25,6053.75,349426
2021-06-17 09:29:26,6051.7,349571
2021-06-17 09:29:27,6051.0,349690
2021-06-17 09:29:28,6051.0,349785
2021-06-17 09:29:30,6051.0,350206
2021-06-17 09:29:31,6051.0,350309
2021-06-17 09:29:32,6052.9,350490
2021-06-17 09:29:33,6052.95,350500
2021-06-17 09:29:34,6052.9,350533
2021-06-17 09:29:35,6052.9,350549
2021-06-17 09:29:36,6053.0,350629
2021-06-17 09:29:38,6053.1,350938
2021-06-17 09:29:39,6053.05,351020
2021-06-17 09:29:40,6051.6,351060
2021-06-17 09:29:41,6053.7,351201
2021-06-17 09:29:42,6053.8,351211
2021-06-17 09:29:43,6051.6,351279
2021-06-17 09:29:44,6053.0,351382
2021-06-17 09:29:45,6053.0,351448
2021-06-17 09:29:46,6052.0,351459
2021-06-17 09:29:47,6053.0,351841
2021-06-17 09:29:48,6052.95,351891
2021-06-17 09:29:49,6053.05,351958
2021-06-17 09:29:50,6053.0,351966
2021-06-17 09:29:52,6053.1,352994
2021-06-17 09:29:53,6053.05,353859
2021-06-17 09:29:54,6053.0,354179
2021-06-17 09:29:55,6055.55,354736
2021-06-17 09:29:56,6055.7,355581
2021-06-17 09:29:57,6058.6,356727
2021-06-17 09:29:58,6058.4,356878
2021-06-17 09:29:59,6058.35,357006
2021-06-17 09:30:01,6061.05,363221
2021-06-17 09:30:02,6061.55,363495
2021-06-17 09:30:03,6060.0,363988
2021-06-17 09:30:04,6059.95,364342
2021-06-17 09:30:05,6057.9,366702
2021-06-17 09:30:06,6064.75,367883
2021-06-17 09:30:07,6061.0,368021
2021-06-17 09:30:09,6060.65,368756
2021-06-17 09:30:10,6067.8,371451
2021-06-17 09:30:11,6066.9,372196
2021-06-17 09:30:12,6066.3,372772
2021-06-17 09:30:13,6068.05,373866
2021-06-17 09:30:14,6065.55,373978
2021-06-17 09:30:15,6065.4,374386
2021-06-17 09:30:16,6066.95,374516
2021-06-17 09:30:17,6068.2,375027
2021-06-17 09:30:18,6067.95,375289
2021-06-17 09:30:19,6069.0,375712
2021-06-17 09:30:21,6068.0,376117
2021-06-17 09:30:23,6067.0,376441
2021-06-17 09:30:24,6069.0,377045
2021-06-17 09:30:25,6068.0,377117
2021-06-17 09:30:27,6069.0,377202
2021-06-17 09:30:28,6069.0,377709
2021-06-17 09:30:29,6070.0,377856
2021-06-17 09:30:30,6069.0,378143
2021-06-17 09:30:31,6067.45,378343
2021-06-17 09:30:32,6069.0,378455
2021-06-17 09:30:33,6069.65,378800
2021-06-17 09:30:34,6067.1,379164
2021-06-17 09:30:35,6066.0,379532
2021-06-17 09:30:36,6065.85,380005
2021-06-17 09:30:37,6062.85,380226
2021-06-17 09:30:38,6062.75,380413
2021-06-17 09:30:39,6065.9,380530
2021-06-17 09:30:40,6064.95,380579
2021-06-17 09:30:40,6064.95,380581
2021-06-17 09:30:41,6061.7,380907
2021-06-17 09:30:42,6062.0,381294
2021-06-17 09:30:44,6061.4,381430
2021-06-17 09:30:45,6061.0,381609
2021-06-17 09:30:46,6061.9,381659
2021-06-17 09:30:49,6062.0,382286
2021-06-17 09:30:51,6062.0,382843
2021-06-17 09:30:52,6061.9,383113
2021-06-17 09:30:54,6061.35,383707
2021-06-17 09:30:55,6062.0,383824
2021-06-17 09:30:56,6062.0,384092
2021-06-17 09:30:57,6062.9,384125
2021-06-17 09:30:58,6067.0,385786
2021-06-17 09:30:58,6065.65,385789
2021-06-17 09:30:59,6066.0,385969
2021-06-17 09:31:01,6065.05,386032
2021-06-17 09:31:03,6065.5,386427
2021-06-17 09:31:02,6065.25,386218
2021-06-17 09:31:04,6065.0,386845
2021-06-17 09:31:05,6065.7,386875
2021-06-17 09:31:06,6065.7,386875
2021-06-17 09:31:07,6065.9,387795
2021-06-17 09:31:08,6065.0,387921
2021-06-17 09:31:09,6065.0,387975
2021-06-17 09:31:10,6065.55,388056
2021-06-17 09:31:11,6064.55,389047
2021-06-17 09:31:12,6064.95,389256
2021-06-17 09:31:13,6064.7,389368
2021-06-17 09:31:14,6062.05,389560
2021-06-17 09:31:15,6064.05,389793
2021-06-17 09:31:16,6062.2,389905
2021-06-17 09:31:17,6064.0,390100
2021-06-17 09:31:20,6063.05,390968
2021-06-17 09:31:20,6062.65,390918
2021-06-17 09:31:21,6062.4,391247
2021-06-17 09:31:23,6059.0,392255
2021-06-17 09:31:24,6058.1,392347
2021-06-17 09:31:25,6058.1,392358
2021-06-17 09:31:26,6058.1,392488
2021-06-17 09:31:27,6058.1,392601
2021-06-17 09:31:28,6057.35,392670
2021-06-17 09:31:29,6058.1,392711
2021-06-17 09:31:30,6057.0,392756
2021-06-17 09:31:31,6058.05,393569
2021-06-17 09:31:32,6058.05,393673
2021-06-17 09:31:33,6053.15,394136
2021-06-17 09:31:34,6056.4,394225
2021-06-17 09:31:35,6053.25,394511
2021-06-17 09:31:37,6053.15,394915
2021-06-17 09:31:36,6053.35,394694
2021-06-17 09:31:38,6053.2,394983
2021-06-17 09:31:39,6053.25,395217
2021-06-17 09:31:40,6053.45,396029
2021-06-17 09:31:41,6051.6,396339
2021-06-17 09:31:42,6054.0,396683
2021-06-17 09:31:42,6051.65,396693
2021-06-17 09:31:43,6051.0,396833
2021-06-17 09:31:44,6054.0,397121
2021-06-17 09:31:45,6051.3,397292
2021-06-17 09:31:47,6055.15,398326
2021-06-17 09:31:48,6056.35,398494
2021-06-17 09:31:49,6055.1,398529
2021-06-17 09:31:50,6055.1,398570
2021-06-17 09:31:51,6055.1,399063
2021-06-17 09:31:53,6056.25,399109
2021-06-17 09:31:55,6055.9,399698
2021-06-17 09:31:56,6058.0,401001
2021-06-17 09:31:57,6057.9,401072
2021-06-17 09:31:58,6056.25,401093
2021-06-17 09:31:59,6056.25,401207
2021-06-17 09:32:00,6057.0,401510
2021-06-17 09:32:01,6057.2,401756
2021-06-17 09:32:02,6057.1,402124
2021-06-17 09:32:03,6059.5,402139
2021-06-17 09:32:04,6057.9,402228
2021-06-17 09:32:05,6057.2,402321
2021-06-17 09:32:06,6057.0,402355
2021-06-17 09:32:07,6057.2,402426
2021-06-17 09:32:08,6057.2,402645
2021-06-17 09:32:09,6055.6,402886
2021-06-17 09:32:10,6055.85,403396
2021-06-17 09:32:11,6057.2,403429
2021-06-17 09:32:12,6060.0,404025
2021-06-17 09:32:11,6057.0,403449
2021-06-17 09:32:14,6058.75,404031
2021-06-17 09:32:15,6057.3,404158
2021-06-17 09:32:15,6057.0,404058
2021-06-17 09:32:17,6060.0,404703
2021-06-17 09:32:19,6062.4,405621
2021-06-17 09:32:20,6064.35,405875
2021-06-17 09:32:21,6063.95,406101
2021-06-17 09:32:22,6061.65,406240
2021-06-17 09:32:23,6064.65,406356
2021-06-17 09:32:24,6064.75,406470
2021-06-17 09:32:25,6064.65,406513
2021-06-17 09:32:26,6064.35,406663
2021-06-17 09:32:27,6065.15,406738
2021-06-17 09:32:28,6065.05,406758
2021-06-17 09:32:29,6064.0,406978
2021-06-17 09:32:30,6063.35,407095
2021-06-17 09:32:31,6061.7,407320
2021-06-17 09:32:32,6062.25,407440
2021-06-17 09:32:33,6064.0,407476
2021-06-17 09:32:34,6062.6,407928
2021-06-17 09:32:35,6064.0,407980
2021-06-17 09:32:36,6064.0,408036
2021-06-17 09:32:37,6064.0,408276
2021-06-17 09:32:38,6062.35,408298
2021-06-17 09:32:39,6063.95,408305
2021-06-17 09:32:40,6063.95,408475
2021-06-17 09:32:41,6063.05,408982
2021-06-17 09:32:43,6064.85,409191
2021-06-17 09:32:44,6062.05,409201
2021-06-17 09:32:45,6065.0,409258
2021-06-17 09:32:46,6062.3,409597
2021-06-17 09:32:47,6061.0,409659
2021-06-17 09:32:48,6062.5,409741
2021-06-17 09:32:49,6060.1,409900
2021-06-17 09:32:50,6063.8,409965
2021-06-17 09:32:51,6062.7,410081
2021-06-17 09:32:52,6060.4,410102
2021-06-17 09:32:53,6062.7,410262
2021-06-17 09:32:54,6060.2,410335
2021-06-17 09:32:55,6060.0,410424
2021-06-17 09:32:56,6061.25,410510
2021-06-17 09:32:58,6059.9,411876
2021-06-17 09:32:59,6060.4,411895
2021-06-17 09:33:00,6060.4,412144
2021-06-17 09:33:01,6062.7,412203
2021-06-17 09:33:03,6062.7,412256
2021-06-17 09:33:05,6063.0,412729
2021-06-17 09:33:04,6063.4,412711
2021-06-17 09:33:06,6064.5,412814
2021-06-17 09:33:07,6063.5,412834
2021-06-17 09:33:08,6060.0,413005
2021-06-17 09:33:09,6062.95,413505
2021-06-17 09:33:10,6060.4,413518
2021-06-17 09:33:11,6060.0,413528
2021-06-17 09:33:12,6062.55,413550
2021-06-17 09:33:13,6062.5,413602
2021-06-17 09:33:14,6062.55,413612
2021-06-17 09:33:15,6062.2,413825
2021-06-17 09:33:16,6061.1,414134
2021-06-17 09:33:17,6060.0,414493
2021-06-17 09:33:18,6062.05,414605
2021-06-17 09:33:19,6060.0,414610
2021-06-17 09:33:21,6060.0,414698
2021-06-17 09:33:22,6061.95,414769
2021-06-17 09:33:23,6061.95,414886
2021-06-17 09:33:24,6061.85,414892
2021-06-17 09:33:26,6061.0,415678
2021-06-17 09:33:25,6061.0,415678
2021-06-17 09:33:27,6060.0,415793
2021-06-17 09:33:28,6060.0,415899
2021-06-17 09:33:29,6060.0,415969
2021-06-17 09:33:30,6060.05,416044
2021-06-17 09:33:31,6057.75,416280
2021-06-17 09:33:32,6060.2,416353
2021-06-17 09:33:33,6057.8,416461
2021-06-17 09:33:34,6058.8,416532
2021-06-17 09:33:35,6059.85,416760
2021-06-17 09:33:36,6058.05,416804
2021-06-17 09:33:37,6057.0,416939
2021-06-17 09:33:38,6056.35,417064
2021-06-17 09:33:40,6058.0,417584
2021-06-17 09:33:41,6055.3,417809
2021-06-17 09:33:42,6058.4,418354
2021-06-17 09:33:43,6060.15,418934
2021-06-17 09:33:45,6060.1,419120
2021-06-17 09:33:46,6060.5,419136
2021-06-17 09:33:47,6059.95,419152
2021-06-17 09:33:48,6060.5,419356
2021-06-17 09:33:49,6059.95,419716
2021-06-17 09:33:50,6059.95,419744
2021-06-17 09:33:51,6058.05,419775
2021-06-17 09:33:52,6059.95,419786
2021-06-17 09:33:53,6059.95,419844
2021-06-17 09:33:54,6059.95,419844
2021-06-17 09:33:55,6059.9,419860
2021-06-17 09:33:56,6057.95,419981
2021-06-17 09:33:57,6057.8,420041
2021-06-17 09:33:58,6055.3,420116
2021-06-17 09:33:59,6057.35,420151
2021-06-17 09:34:00,6057.35,420176
2021-06-17 09:34:01,6056.4,420608
2021-06-17 09:34:02,6058.0,420693
2021-06-17 09:34:03,6056.1,420712
2021-06-17 09:34:04,6058.0,420863
2021-06-17 09:34:05,6056.2,420869
2021-06-17 09:34:06,6058.0,420934
2021-06-17 09:34:07,6056.95,420968
2021-06-17 09:34:08,6055.1,421748
2021-06-17 09:34:09,6057.15,421943
2021-06-17 09:34:10,6055.15,421962
2021-06-17 09:34:11,6055.1,422053
2021-06-17 09:34:12,6055.1,422124
2021-06-17 09:34:13,6055.7,422130
2021-06-17 09:34:14,6055.4,424995
2021-06-17 09:34:15,6054.9,425015
2021-06-17 09:34:16,6054.9,425015
2021-06-17 09:34:17,6053.0,425127
2021-06-17 09:34:18,6054.25,425281
2021-06-17 09:34:19,6054.3,425301
2021-06-17 09:34:20,6052.0,425323
2021-06-17 09:34:21,6052.65,425381
2021-06-17 09:34:22,6052.65,425381
2021-06-17 09:34:23,6052.0,425458
2021-06-17 09:34:24,6054.8,425824
2021-06-17 09:34:25,6052.0,425912
2021-06-17 09:34:26,6054.3,425978
2021-06-17 09:34:27,6053.5,425987
2021-06-17 09:34:28,6054.3,426194
2021-06-17 09:34:29,6054.25,426229
2021-06-17 09:34:30,6052.0,426246
2021-06-17 09:34:31,6054.3,426880
2021-06-17 09:34:32,6052.0,426881
2021-06-17 09:34:33,6054.15,426898
2021-06-17 09:34:34,6051.5,427178
2021-06-17 09:34:35,6052.45,427180
2021-06-17 09:34:36,6052.0,427190
2021-06-17 09:34:37,6051.0,427458
2021-06-17 09:34:38,6051.0,427508
2021-06-17 09:34:39,6050.55,427693
2021-06-17 09:34:40,6050.55,427703
2021-06-17 09:34:41,6049.1,430240
2021-06-17 09:34:42,6049.5,430280
2021-06-17 09:34:43,6047.3,430297
2021-06-17 09:34:44,6045.9,430455
2021-06-17 09:34:45,6048.65,430472
2021-06-17 09:34:46,6049.35,430527
2021-06-17 09:34:47,6046.55,430688
2021-06-17 09:34:48,6049.1,430737
2021-06-17 09:34:49,6043.1,432715
2021-06-17 09:34:51,6046.0,432931
2021-06-17 09:34:51,6046.0,432931
2021-06-17 09:34:52,6046.0,433468
2021-06-17 09:34:53,6046.0,433698
2021-06-17 09:34:54,6043.45,434629
2021-06-17 09:34:55,6045.55,434642
2021-06-17 09:34:56,6045.95,434762
2021-06-17 09:34:58,6044.25,434960
2021-06-17 09:34:59,6043.7,435103
2021-06-17 09:35:00,6044.6,435171
2021-06-17 09:35:01,6042.0,435538
2021-06-17 09:35:02,6043.85,436020
2021-06-17 09:35:03,6040.65,436137
2021-06-17 09:35:04,6040.0,436392
2021-06-17 09:35:05,6040.0,436782
2021-06-17 09:35:06,6040.65,436945
2021-06-17 09:35:07,6041.3,437237
2021-06-17 09:35:08,6041.3,437238
2021-06-17 09:35:10,6041.3,437646
2021-06-17 09:35:11,6041.3,438074
2021-06-17 09:35:12,6041.0,438087
2021-06-17 09:35:13,6040.85,438280
2021-06-17 09:35:14,6042.1,439203
2021-06-17 09:35:15,6041.75,439974
2021-06-17 09:35:16,6041.65,440838
2021-06-17 09:35:17,6042.1,441269
2021-06-17 09:35:18,6041.1,441432
2021-06-17 09:35:20,6041.5,441729
2021-06-17 09:35:21,6040.15,441775
2021-06-17 09:35:21,6040.0,441780
2021-06-17 09:35:22,6041.35,441802
2021-06-17 09:35:23,6041.15,441885
2021-06-17 09:35:24,6040.0,441915
2021-06-17 09:35:25,6038.3,444150
2021-06-17 09:35:27,6036.55,444547
2021-06-17 09:35:28,6039.45,444658
2021-06-17 09:35:29,6037.5,445202
2021-06-17 09:35:30,6035.85,445319
2021-06-17 09:35:32,6035.45,445565
2021-06-17 09:35:34,6035.75,446188
2021-06-17 09:35:35,6035.55,446343
2021-06-17 09:35:36,6035.0,446549
2021-06-17 09:35:37,6035.75,447049
2021-06-17 09:35:38,6035.0,447426
2021-06-17 09:35:39,6035.85,447850
2021-06-17 09:35:40,6035.0,447966
2021-06-17 09:35:41,6035.0,448015
2021-06-17 09:35:42,6033.9,448035
2021-06-17 09:35:43,6035.0,448116
2021-06-17 09:35:44,6034.0,448220
2021-06-17 09:35:45,6034.0,448254
2021-06-17 09:35:46,6033.25,448425
2021-06-17 09:35:47,6034.95,448426
2021-06-17 09:35:48,6035.05,451747
2021-06-17 09:35:49,6036.55,451769
2021-06-17 09:35:50,6036.0,451793
2021-06-17 09:35:51,6035.0,451855
2021-06-17 09:35:52,6037.1,451877
2021-06-17 09:35:53,6035.85,451912
2021-06-17 09:35:54,6037.35,451975
2021-06-17 09:35:55,6035.05,452003
2021-06-17 09:35:56,6037.3,452034
2021-06-17 09:35:57,6037.35,452069
2021-06-17 09:35:58,6036.95,452115
2021-06-17 09:36:00,6035.75,452264
2021-06-17 09:36:00,6035.05,452598
2021-06-17 09:36:01,6034.0,453036
2021-06-17 09:36:02,6036.5,453227
2021-06-17 09:36:03,6036.6,453289
2021-06-17 09:36:04,6035.0,453300
2021-06-17 09:36:05,6035.0,453318
2021-06-17 09:36:06,6034.95,453368
2021-06-17 09:36:07,6034.95,453504
2021-06-17 09:36:08,6034.95,453533
2021-06-17 09:36:09,6033.1,453565
2021-06-17 09:36:10,6034.0,453582
2021-06-17 09:36:11,6034.0,453637
2021-06-17 09:36:12,6034.0,453657
2021-06-17 09:36:13,6034.0,453780
2021-06-17 09:36:14,6034.0,453822
2021-06-17 09:36:15,6034.0,453846
2021-06-17 09:36:16,6033.0,454391
2021-06-17 09:36:17,6034.0,455000
2021-06-17 09:36:18,6032.4,455166
2021-06-17 09:36:19,6034.0,455453
2021-06-17 09:36:20,6034.0,455454
2021-06-17 09:36:21,6033.3,455498
2021-06-17 09:36:22,6034.0,455635
2021-06-17 09:36:23,6033.0,455892
2021-06-17 09:36:24,6033.0,455903
2021-06-17 09:36:25,6033.0,455979
2021-06-17 09:36:26,6034.0,456036
2021-06-17 09:36:27,6034.0,456090
2021-06-17 09:36:28,6033.0,456110
2021-06-17 09:36:29,6033.1,456126
2021-06-17 09:36:30,6033.05,456191
2021-06-17 09:36:32,6033.95,456236
2021-06-17 09:36:33,6034.95,456321
2021-06-17 09:36:33,6034.95,456498
2021-06-17 09:36:35,6033.0,456563
2021-06-17 09:36:35,6033.0,456563
2021-06-17 09:36:36,6034.9,456690
2021-06-17 09:36:37,6034.95,456866
2021-06-17 09:36:38,6034.95,456882
2021-06-17 09:36:39,6034.95,456987
2021-06-17 09:36:40,6034.9,457211
2021-06-17 09:36:41,6034.9,457213
2021-06-17 09:36:42,6034.95,457245
2021-06-17 09:36:43,6034.95,457316
2021-06-17 09:36:44,6034.9,457320
2021-06-17 09:36:45,6034.0,457358
2021-06-17 09:36:46,6033.9,457466
2021-06-17 09:36:47,6033.9,457470
2021-06-17 09:36:48,6034.65,457902
2021-06-17 09:36:49,6034.6,458005
2021-06-17 09:36:51,6033.0,458045
2021-06-17 09:36:51,6033.0,458045
2021-06-17 09:36:52,6034.6,458307
2021-06-17 09:36:53,6034.6,458335
2021-06-17 09:36:54,6034.5,458636
2021-06-17 09:36:55,6033.0,458659
2021-06-17 09:36:57,6034.5,459241
2021-06-17 09:36:58,6033.0,459534
2021-06-17 09:36:59,6034.0,459646
2021-06-17 09:37:00,6034.5,459654
2021-06-17 09:37:01,6033.3,459659
2021-06-17 09:37:02,6034.0,459660
2021-06-17 09:37:03,6033.0,459753
2021-06-17 09:37:04,6033.0,459783
2021-06-17 09:37:05,6033.0,459994
2021-06-17 09:37:06,6033.8,460073
2021-06-17 09:37:07,6033.8,460094
2021-06-17 09:37:08,6033.0,460246
2021-06-17 09:37:10,6033.8,460991
2021-06-17 09:37:10,6033.8,460991
2021-06-17 09:37:11,6033.0,461050
2021-06-17 09:37:12,6033.0,461631
2021-06-17 09:37:13,6034.95,461681
2021-06-17 09:37:14,6033.5,461772
2021-06-17 09:37:16,6032.45,461987
2021-06-17 09:37:17,6033.0,462020
2021-06-17 09:37:17,6033.0,462020
2021-06-17 09:37:18,6033.0,462054
2021-06-17 09:37:19,6031.8,462538
2021-06-17 09:37:20,6032.95,462544
2021-06-17 09:37:21,6033.0,462552
2021-06-17 09:37:22,6031.7,462623
2021-06-17 09:37:23,6033.0,462723
2021-06-17 09:37:24,6031.5,463038
2021-06-17 09:37:25,6031.35,463197
2021-06-17 09:37:26,6032.9,463209
2021-06-17 09:37:27,6031.4,463230
2021-06-17 09:37:28,6031.3,463378
2021-06-17 09:37:30,6032.3,464310
2021-06-17 09:37:31,6030.05,464337
2021-06-17 09:37:31,6032.25,464354
2021-06-17 09:37:33,6030.05,464484
2021-06-17 09:37:33,6027.85,465926
2021-06-17 09:37:35,6026.35,465989
2021-06-17 09:37:36,6026.25,466046
2021-06-17 09:37:37,6026.25,466077
2021-06-17 09:37:37,6026.25,466072
2021-06-17 09:37:38,6026.25,466105
2021-06-17 09:37:39,6027.35,466144
2021-06-17 09:37:41,6026.0,466245
2021-06-17 09:37:42,6027.0,466430
2021-06-17 09:37:43,6027.35,466431
2021-06-17 09:37:44,6027.35,466881
2021-06-17 09:37:45,6027.35,467104
2021-06-17 09:37:46,6027.35,467154
2021-06-17 09:37:47,6027.35,467261
2021-06-17 09:37:48,6027.35,467325
2021-06-17 09:37:50,6027.85,467491
2021-06-17 09:37:51,6028.65,467549
2021-06-17 09:37:52,6027.8,467555
2021-06-17 09:37:53,6027.8,467633
2021-06-17 09:37:53,6027.35,467805
2021-06-17 09:37:56,6027.8,468389
2021-06-17 09:37:57,6027.8,468470
2021-06-17 09:37:59,6027.0,468541
2021-06-17 09:38:00,6027.35,469076
2021-06-17 09:38:01,6028.9,469345
2021-06-17 09:38:02,6030.0,469508
2021-06-17 09:38:02,6030.0,469497
2021-06-17 09:38:03,6029.4,469579
2021-06-17 09:38:04,6030.0,469662
2021-06-17 09:38:05,6027.8,469790
2021-06-17 09:38:06,6030.0,469954
2021-06-17 09:38:08,6030.2,470311
2021-06-17 09:38:09,6032.7,470376
2021-06-17 09:38:09,6032.7,470376
2021-06-17 09:38:10,6032.75,470385
2021-06-17 09:38:11,6032.2,470615
2021-06-17 09:38:12,6032.15,470618
2021-06-17 09:38:13,6032.6,470663
2021-06-17 09:38:14,6032.6,470758
2021-06-17 09:38:15,6033.0,470945
2021-06-17 09:38:16,6033.0,471167
2021-06-17 09:38:17,6032.15,471251
2021-06-17 09:38:18,6033.0,471253
2021-06-17 09:38:19,6033.0,471539
2021-06-17 09:38:20,6033.0,471688
2021-06-17 09:38:22,6033.0,471946
2021-06-17 09:38:23,6032.6,471961
2021-06-17 09:38:24,6033.1,472276
2021-06-17 09:38:25,6033.1,472287
2021-06-17 09:38:27,6033.0,472452
2021-06-17 09:38:28,6033.0,472582
2021-06-17 09:38:29,6032.6,472715
2021-06-17 09:38:30,6032.9,472730
2021-06-17 09:38:31,6032.95,472805
2021-06-17 09:38:32,6032.95,472872
2021-06-17 09:38:32,6032.95,472872
2021-06-17 09:38:34,6031.0,474097
2021-06-17 09:38:34,6030.95,474147
2021-06-17 09:38:35,6030.75,474298
2021-06-17 09:38:37,6028.3,474364
2021-06-17 09:38:38,6030.75,474485
2021-06-17 09:38:39,6031.35,475045
2021-06-17 09:38:39,6031.35,475045
2021-06-17 09:38:40,6030.75,475144
2021-06-17 09:38:41,6030.75,475154
2021-06-17 09:38:42,6030.0,475165
2021-06-17 09:38:44,6029.0,475200
2021-06-17 09:38:45,6027.0,475969
2021-06-17 09:38:46,6029.0,476006
2021-06-17 09:38:47,6029.0,476041
2021-06-17 09:38:48,6028.0,476075
2021-06-17 09:38:49,6027.05,476182
2021-06-17 09:38:51,6026.75,476431
2021-06-17 09:38:51,6026.7,476433
2021-06-17 09:38:53,6027.45,476463
2021-06-17 09:38:54,6028.5,476484
2021-06-17 09:38:55,6027.85,476523
2021-06-17 09:38:55,6026.75,477404
2021-06-17 09:38:56,6028.4,477454
2021-06-17 09:38:57,6027.0,477460
2021-06-17 09:38:58,6026.5,477511
2021-06-17 09:38:59,6028.4,477521
2021-06-17 09:39:00,6027.1,477539
2021-06-17 09:39:01,6028.35,477576
2021-06-17 09:39:02,6028.0,477715
2021-06-17 09:39:04,6027.1,477799
2021-06-17 09:39:05,6028.0,477932
2021-06-17 09:39:06,6028.0,478029
2021-06-17 09:39:07,6028.25,478034
2021-06-17 09:39:08,6027.85,478222
2021-06-17 09:39:08,6026.05,478228
2021-06-17 09:39:11,6027.0,478315
2021-06-17 09:39:12,6026.0,478431
2021-06-17 09:39:12,6026.0,478431
2021-06-17 09:39:13,6026.0,478582
2021-06-17 09:39:14,6025.65,478588
2021-06-17 09:39:16,6026.0,478874
2021-06-17 09:39:17,6026.0,479735
2021-06-17 09:39:19,6025.0,479825
2021-06-17 09:39:20,6026.0,479839
2021-06-17 09:39:22,6025.9,479963
2021-06-17 09:39:23,6026.05,479969
2021-06-17 09:39:24,6025.9,479985
2021-06-17 09:39:25,6025.9,480067
2021-06-17 09:39:26,6026.0,480097
2021-06-17 09:39:26,6026.05,480396
2021-06-17 09:39:28,6026.1,480514
2021-06-17 09:39:29,6030.0,480989
2021-06-17 09:39:30,6029.95,481190
2021-06-17 09:39:31,6027.8,481191
2021-06-17 09:39:31,6027.8,481191
2021-06-17 09:39:32,6030.0,481396
2021-06-17 09:39:33,6030.75,481885
2021-06-17 09:39:34,6030.75,482033
2021-06-17 09:39:36,6030.75,482034
2021-06-17 09:39:37,6030.7,482065
2021-06-17 09:39:38,6030.75,482105
2021-06-17 09:39:38,6030.75,482090
2021-06-17 09:39:39,6030.75,482131
2021-06-17 09:39:40,6030.75,482474
2021-06-17 09:39:42,6030.0,482515
2021-06-17 09:39:43,6030.0,482515
2021-06-17 09:39:44,6030.55,482557
2021-06-17 09:39:45,6030.55,482625
2021-06-17 09:39:46,6028.7,483011
2021-06-17 09:39:46,6028.7,482961
2021-06-17 09:39:47,6029.1,484355
2021-06-17 09:39:48,6028.0,485252
2021-06-17 09:39:49,6025.65,486160
2021-06-17 09:39:50,6025.0,486290
2021-06-17 09:39:51,6026.65,486320
2021-06-17 09:39:52,6025.9,486471
2021-06-17 09:39:53,6027.55,486473
2021-06-17 09:39:55,6027.55,486731
2021-06-17 09:39:56,6026.25,486747
2021-06-17 09:39:57,6026.05,486776
2021-06-17 09:39:59,6026.05,486776
2021-06-17 09:39:59,6027.45,486815
2021-06-17 09:40:01,6026.6,486822
2021-06-17 09:40:01,6026.0,486999
2021-06-17 09:40:03,6026.0,487077
2021-06-17 09:40:04,6027.55,487231
2021-06-17 09:40:05,6027.55,487287
2021-06-17 09:40:06,6027.55,487287
2021-06-17 09:40:06,6025.65,487317
2021-06-17 09:40:07,6025.65,487317
2021-06-17 09:40:08,6027.4,487344
2021-06-17 09:40:09,6027.4,487453
2021-06-17 09:40:11,6027.35,487468
2021-06-17 09:40:11,6027.35,487489
2021-06-17 09:40:13,6026.0,487693
2021-06-17 09:40:14,6027.0,487796
2021-06-17 09:40:15,6025.2,488248
2021-06-17 09:40:16,6026.95,488249
2021-06-17 09:40:17,6027.15,488312
2021-06-17 09:40:18,6027.15,488312
2021-06-17 09:40:19,6025.55,488313
2021-06-17 09:40:20,6027.15,488328
2021-06-17 09:40:20,6027.15,488329
2021-06-17 09:40:21,6026.55,488846
2021-06-17 09:40:22,6027.4,489001
2021-06-17 09:40:23,6027.0,489046
2021-06-17 09:40:24,6027.0,489058
2021-06-17 09:40:25,6027.0,489069
2021-06-17 09:40:27,6027.0,489087
2021-06-17 09:40:28,6027.0,489087
2021-06-17 09:40:29,6026.65,489093
2021-06-17 09:40:29,6026.65,489114
2021-06-17 09:40:31,6026.65,489245
2021-06-17 09:40:32,6026.0,489255
2021-06-17 09:40:33,6026.0,489280
2021-06-17 09:40:34,6025.0,489294
2021-06-17 09:40:35,6025.0,489354
2021-06-17 09:40:35,6025.5,489371
2021-06-17 09:40:36,6025.5,489446
2021-06-17 09:40:37,6026.0,490129
2021-06-17 09:40:38,6025.35,490531
2021-06-17 09:40:39,6026.0,490671
2021-06-17 09:40:40,6026.0,493816
2021-06-17 09:40:41,6025.65,493963
2021-06-17 09:40:43,6026.0,494482
2021-06-17 09:40:44,6026.0,494627
2021-06-17 09:40:45,6026.0,494657
2021-06-17 09:40:46,6026.0,494746
2021-06-17 09:40:47,6026.0,495383
2021-06-17 09:40:48,6026.9,495530
2021-06-17 09:40:49,6025.0,495585
2021-06-17 09:40:50,6026.8,495588
2021-06-17 09:40:51,6026.8,495591
2021-06-17 09:40:52,6026.0,495653
2021-06-17 09:40:53,6025.5,495672
2021-06-17 09:40:54,6026.85,495679
2021-06-17 09:40:56,6030.0,496192
2021-06-17 09:40:57,6030.0,496368
2021-06-17 09:40:58,6030.75,496844
2021-06-17 09:40:59,6030.0,497046
2021-06-17 09:41:00,6030.75,497072
2021-06-17 09:41:01,6030.0,497073
2021-06-17 09:41:02,6030.75,497204
2021-06-17 09:41:04,6030.75,497298
2021-06-17 09:41:05,6030.05,497320
2021-06-17 09:41:06,6030.75,497371
2021-06-17 09:41:06,6030.75,497380
2021-06-17 09:41:07,6030.0,497386
2021-06-17 09:41:09,6030.75,497441
2021-06-17 09:41:11,6029.45,498287
2021-06-17 09:41:12,6029.25,498353
2021-06-17 09:41:13,6028.3,498365
2021-06-17 09:41:14,6029.25,498501
2021-06-17 09:41:16,6029.1,498525
2021-06-17 09:41:17,6029.2,498535
2021-06-17 09:41:18,6029.2,498553
2021-06-17 09:41:19,6029.2,498563
2021-06-17 09:41:20,6029.2,498577
2021-06-17 09:41:21,6027.7,498730
2021-06-17 09:41:23,6030.75,498937
2021-06-17 09:41:24,6030.75,498939
2021-06-17 09:41:25,6028.85,499023
2021-06-17 09:41:26,6030.75,499238
2021-06-17 09:41:27,6030.75,499438
2021-06-17 09:41:28,6030.0,499457
2021-06-17 09:41:29,6030.75,499467
2021-06-17 09:41:30,6030.75,499468
2021-06-17 09:41:31,6030.75,499489
2021-06-17 09:41:33,6030.0,499563
2021-06-17 09:41:34,6030.0,499582
2021-06-17 09:41:35,6030.7,500787
2021-06-17 09:41:36,6030.7,500787
2021-06-17 09:41:37,6030.75,501020
2021-06-17 09:41:38,6029.2,501188
2021-06-17 09:41:39,6031.35,501654
2021-06-17 09:41:40,6031.35,501654
2021-06-17 09:41:41,6031.35,501654
2021-06-17 09:41:42,6031.35,501987
2021-06-17 09:41:43,6030.75,502007
2021-06-17 09:41:43,6032.45,502207
2021-06-17 09:41:44,6032.25,502212
2021-06-17 09:41:46,6033.0,502234
2021-06-17 09:41:47,6033.1,502265
2021-06-17 09:41:48,6031.1,502367
2021-06-17 09:41:49,6034.75,502645
2021-06-17 09:41:49,6034.95,502858
2021-06-17 09:41:50,6034.95,503358
2021-06-17 09:41:51,6034.95,503426
2021-06-17 09:41:52,6034.85,503528
2021-06-17 09:41:53,6034.95,503548
2021-06-17 09:41:54,6033.6,503685
2021-06-17 09:41:55,6034.95,504055
2021-06-17 09:41:56,6034.95,504108
2021-06-17 09:41:57,6034.95,504113
2021-06-17 09:41:58,6033.6,504140
2021-06-17 09:41:59,6034.95,504224
2021-06-17 09:42:00,6034.95,504269
2021-06-17 09:42:01,6034.95,504396
2021-06-17 09:42:02,6034.95,504540
2021-06-17 09:42:03,6034.95,504582
2021-06-17 09:42:04,6032.5,504792
2021-06-17 09:42:07,6034.0,504910
2021-06-17 09:42:08,6034.95,505117
2021-06-17 09:42:09,6034.95,505157
2021-06-17 09:42:10,6034.95,505163
2021-06-17 09:42:11,6036.1,505595
2021-06-17 09:42:12,6036.7,505687
2021-06-17 09:42:13,6037.0,505694
2021-06-17 09:42:14,6037.0,505853
2021-06-17 09:42:15,6036.7,505896
2021-06-17 09:42:15,6036.7,505896
2021-06-17 09:42:17,6037.0,505900
2021-06-17 09:42:18,6037.45,506220
2021-06-17 09:42:19,6037.45,506266
2021-06-17 09:42:20,6037.45,506331
2021-06-17 09:42:21,6037.45,506449
2021-06-17 09:42:22,6037.45,506456
2021-06-17 09:42:23,6037.45,506481
2021-06-17 09:42:24,6037.45,506582
2021-06-17 09:42:25,6035.6,506620
2021-06-17 09:42:26,6035.6,506620
2021-06-17 09:42:27,6037.0,506623
2021-06-17 09:42:28,6037.45,506633
2021-06-17 09:42:29,6037.45,506647
2021-06-17 09:42:30,6037.0,506748
2021-06-17 09:42:31,6037.0,506754
2021-06-17 09:42:32,6037.0,506754
2021-06-17 09:42:33,6037.0,506789
2021-06-17 09:42:34,6036.0,506816
2021-06-17 09:42:35,6037.45,507035
2021-06-17 09:42:36,6037.45,507038
2021-06-17 09:42:37,6037.45,507244
2021-06-17 09:42:37,6037.45,507398
2021-06-17 09:42:38,6037.45,507563
2021-06-17 09:42:39,6037.45,507696
2021-06-17 09:42:41,6037.4,508193
2021-06-17 09:42:41,6039.85,508431
2021-06-17 09:42:42,6041.15,509167
2021-06-17 09:42:44,6042.05,509558
2021-06-17 09:42:45,6042.05,509560
2021-06-17 09:42:46,6042.05,509562
2021-06-17 09:42:47,6042.05,509611
2021-06-17 09:42:48,6042.05,509623
2021-06-17 09:42:49,6044.0,509845
2021-06-17 09:42:50,6044.0,509866
2021-06-17 09:42:50,6044.0,509866
2021-06-17 09:42:51,6044.95,509977
2021-06-17 09:42:52,6044.0,509983
2021-06-17 09:42:54,6042.3,510118
2021-06-17 09:42:55,6043.65,510427
2021-06-17 09:42:56,6042.5,510894
2021-06-17 09:42:56,6042.5,510924
2021-06-17 09:42:58,6042.5,510967
2021-06-17 09:42:59,6042.5,511232
2021-06-17 09:43:00,6042.5,511344
2021-06-17 09:43:00,6042.05,511351
2021-06-17 09:43:01,6042.5,511428
2021-06-17 09:43:03,6042.5,511479
2021-06-17 09:43:04,6042.0,511662
2021-06-17 09:43:05,6042.5,511676
2021-06-17 09:43:06,6043.0,511784
2021-06-17 09:43:07,6043.9,511874
2021-06-17 09:43:08,6042.9,511904
2021-06-17 09:43:09,6042.9,511951
2021-06-17 09:43:10,6043.0,511959
2021-06-17 09:43:10,6043.0,512008
2021-06-17 09:43:11,6043.0,512238
2021-06-17 09:43:12,6043.0,512272
2021-06-17 09:43:13,6043.2,512545
2021-06-17 09:43:15,6042.5,512606
2021-06-17 09:43:16,6042.5,512637
2021-06-17 09:43:17,6042.5,512759
2021-06-17 09:43:17,6041.0,512819
2021-06-17 09:43:19,6042.55,512831
2021-06-17 09:43:21,6042.0,512852
2021-06-17 09:43:22,6041.5,512880
2021-06-17 09:43:24,6041.2,512932
2021-06-17 09:43:25,6042.0,512954
2021-06-17 09:43:26,6042.0,512988
2021-06-17 09:43:27,6042.0,512993
2021-06-17 09:43:28,6042.0,513133
2021-06-17 09:43:29,6042.5,513183
2021-06-17 09:43:30,6041.0,513263
2021-06-17 09:43:31,6041.0,513263
2021-06-17 09:43:32,6041.05,513286
2021-06-17 09:43:33,6041.0,513347
2021-06-17 09:43:34,6041.2,513349
2021-06-17 09:43:35,6041.0,513618
2021-06-17 09:43:36,6041.0,514096
2021-06-17 09:43:37,6041.0,514124
2021-06-17 09:43:38,6039.45,514481
2021-06-17 09:43:39,6040.65,514551
2021-06-17 09:43:40,6038.2,514657
2021-06-17 09:43:41,6038.2,514657
2021-06-17 09:43:44,6041.0,514944
2021-06-17 09:43:46,6038.65,514959
2021-06-17 09:43:45,6041.0,514948
2021-06-17 09:43:47,6038.65,514985
2021-06-17 09:43:48,6038.65,514985
2021-06-17 09:43:49,6038.65,514985
2021-06-17 09:43:50,6038.7,514992
2021-06-17 09:43:51,6040.95,515009
2021-06-17 09:43:52,6038.7,515042
2021-06-17 09:43:54,6038.7,515087
2021-06-17 09:43:55,6041.0,515096
2021-06-17 09:43:56,6041.0,515096
2021-06-17 09:43:57,6041.0,515115
2021-06-17 09:43:58,6038.7,515165
2021-06-17 09:43:59,6040.0,515178
2021-06-17 09:44:00,6040.0,515225
2021-06-17 09:44:01,6040.95,515301
2021-06-17 09:44:02,6041.0,515343
2021-06-17 09:44:03,6040.05,515355
2021-06-17 09:44:04,6040.0,515412
2021-06-17 09:44:05,6040.0,515412
2021-06-17 09:44:06,6040.0,515422
2021-06-17 09:44:07,6040.95,515427
2021-06-17 09:44:08,6040.95,515482
2021-06-17 09:44:09,6040.95,515498
2021-06-17 09:44:10,6039.2,515699
2021-06-17 09:44:11,6040.9,515712
2021-06-17 09:44:12,6040.9,515712
2021-06-17 09:44:13,6040.9,515712
2021-06-17 09:44:14,6038.65,515733
2021-06-17 09:44:15,6039.95,515837
2021-06-17 09:44:16,6040.45,515937
2021-06-17 09:44:17,6039.95,515976
2021-06-17 09:44:18,6039.95,515976
2021-06-17 09:44:19,6038.0,515983
2021-06-17 09:44:20,6038.0,515983
2021-06-17 09:44:21,6039.95,515995
2021-06-17 09:44:22,6039.95,515995
2021-06-17 09:44:23,6038.0,516005
2021-06-17 09:44:24,6038.0,516005
2021-06-17 09:44:25,6039.95,516020
2021-06-17 09:44:26,6039.95,516024
2021-06-17 09:44:27,6039.95,516136
2021-06-17 09:44:28,6039.95,516184
2021-06-17 09:44:29,6039.95,516189
2021-06-17 09:44:30,6038.0,516311
2021-06-17 09:44:31,6037.1,516869
2021-06-17 09:44:32,6037.15,516984
2021-06-17 09:44:33,6035.0,517016
2021-06-17 09:44:34,6035.0,517016
2021-06-17 09:44:35,6035.0,517016
2021-06-17 09:44:36,6035.0,517296
2021-06-17 09:44:37,6035.0,517296
2021-06-17 09:44:38,6035.0,517296
2021-06-17 09:44:39,6035.0,517312
2021-06-17 09:44:40,6035.0,517312
2021-06-17 09:44:43,6037.05,517443
2021-06-17 09:44:44,6037.05,517443
2021-06-17 09:44:45,6037.05,517443
2021-06-17 09:44:46,6037.05,517444
2021-06-17 09:44:47,6037.0,517476
2021-06-17 09:44:48,6037.05,517486
2021-06-17 09:44:49,6037.05,517488
2021-06-17 09:44:50,6037.0,517537
2021-06-17 09:44:51,6036.9,517587
2021-06-17 09:44:52,6037.0,517589
2021-06-17 09:44:53,6036.9,517679
2021-06-17 09:44:55,6036.9,517777
2021-06-17 09:44:56,6036.9,517777
2021-06-17 09:44:57,6036.9,517789
2021-06-17 09:44:58,6036.9,517789
2021-06-17 09:44:59,6036.9,517789
2021-06-17 09:45:00,6037.0,517797
2021-06-17 09:45:01,6036.9,517816
2021-06-17 09:45:02,6037.0,517818
2021-06-17 09:45:03,6036.9,517867
2021-06-17 09:45:04,6037.0,517977
2021-06-17 09:45:05,6036.9,518022
2021-06-17 09:45:06,6036.9,518062
2021-06-17 09:45:07,6036.9,518062
2021-06-17 09:45:08,6036.8,518072
2021-06-17 09:45:09,6036.85,518075
2021-06-17 09:45:11,6036.85,518085
2021-06-17 09:45:14,6036.85,518101
2021-06-17 09:45:16,6036.8,518286
2021-06-17 09:45:15,6036.8,518286
2021-06-17 09:45:17,6036.85,518297
2021-06-17 09:45:18,6036.8,518312
2021-06-17 09:45:19,6036.0,518429
2021-06-17 09:45:21,6036.5,518435
2021-06-17 09:45:22,6036.5,518550
2021-06-17 09:45:23,6037.0,518730
2021-06-17 09:45:24,6035.6,518738
2021-06-17 09:45:26,6035.6,518800
2021-06-17 09:45:28,6032.4,519377
2021-06-17 09:45:30,6032.65,519416
2021-06-17 09:45:32,6034.55,519428
2021-06-17 09:45:33,6032.3,519433
2021-06-17 09:45:33,6032.3,519433
2021-06-17 09:45:34,6031.65,519723
2021-06-17 09:45:35,6031.65,519723
2021-06-17 09:45:36,6031.35,520278
2021-06-17 09:45:37,6032.3,520308
2021-06-17 09:45:38,6032.3,520310
2021-06-17 09:45:39,6034.15,520460
2021-06-17 09:45:40,6031.4,520470
2021-06-17 09:45:42,6031.4,520470
2021-06-17 09:45:42,6031.4,520470
2021-06-17 09:45:43,6031.4,520470
2021-06-17 09:45:44,6032.0,520496
2021-06-17 09:45:45,6032.15,520536
2021-06-17 09:45:46,6032.15,520546
2021-06-17 09:45:47,6031.35,520601
2021-06-17 09:45:48,6032.65,520647
2021-06-17 09:45:49,6032.15,520648
2021-06-17 09:45:50,6032.15,520981
2021-06-17 09:45:51,6032.15,520981
2021-06-17 09:45:52,6032.0,520985
2021-06-17 09:45:53,6030.2,520993
2021-06-17 09:45:54,6030.2,520993
2021-06-17 09:45:55,6032.0,521003
2021-06-17 09:45:56,6030.55,521155
2021-06-17 09:45:57,6031.3,521187
2021-06-17 09:45:58,6031.3,521262
2021-06-17 09:45:59,6032.0,521312
2021-06-17 09:46:00,6030.5,521313
2021-06-17 09:46:01,6030.4,521335
2021-06-17 09:46:02,6032.0,521336
2021-06-17 09:46:04,6030.45,521382
2021-06-17 09:46:05,6030.45,521382
2021-06-17 09:46:06,6030.45,521389
2021-06-17 09:46:07,6030.45,521396
2021-06-17 09:46:07,6030.45,521396
2021-06-17 09:46:08,6032.0,521397
2021-06-17 09:46:09,6032.0,521427
2021-06-17 09:46:10,6032.0,521427
2021-06-17 09:46:11,6031.95,521429
2021-06-17 09:46:12,6031.85,521451
2021-06-17 09:46:13,6031.85,521586
2021-06-17 09:46:14,6031.85,521586
2021-06-17 09:46:15,6031.85,521586
2021-06-17 09:46:16,6031.95,521790
2021-06-17 09:46:17,6031.95,521791
2021-06-17 09:46:18,6031.85,521816
2021-06-17 09:46:19,6030.2,522037
2021-06-17 09:46:20,6031.95,522038
2021-06-17 09:46:21,6032.0,522060
2021-06-17 09:46:22,6032.0,522060
2021-06-17 09:46:23,6032.0,522140
2021-06-17 09:46:24,6031.6,522363
2021-06-17 09:46:25,6031.95,522373
2021-06-17 09:46:26,6031.3,522409
2021-06-17 09:46:27,6033.75,522419
2021-06-17 09:46:28,6033.75,522419
2021-06-17 09:46:29,6033.75,522452
2021-06-17 09:46:30,6033.65,522460
2021-06-17 09:46:32,6031.4,522482
2021-06-17 09:46:32,6031.4,522482
2021-06-17 09:46:33,6031.35,522510
2021-06-17 09:46:36,6031.5,522554
2021-06-17 09:46:37,6031.95,522555
2021-06-17 09:46:38,6031.5,522562
2021-06-17 09:46:40,6031.95,522563
2021-06-17 09:46:40,6031.5,522564
2021-06-17 09:46:41,6031.95,522582
2021-06-17 09:46:42,6031.95,522585
2021-06-17 09:46:43,6031.95,522590
2021-06-17 09:46:44,6031.95,522590
2021-06-17 09:46:45,6031.9,522603
2021-06-17 09:46:46,6034.8,523250
2021-06-17 09:46:47,6034.8,523250
2021-06-17 09:46:48,6032.5,523255
2021-06-17 09:46:50,6032.4,523258
2021-06-17 09:46:52,6034.6,523259
2021-06-17 09:46:53,6034.6,523259
2021-06-17 09:46:54,6034.6,523259
2021-06-17 09:46:55,6034.6,523259
2021-06-17 09:46:56,6032.4,523260
2021-06-17 09:46:57,6032.0,523316
2021-06-17 09:46:58,6032.0,523316
2021-06-17 09:46:59,6033.9,523337
2021-06-17 09:47:01,6032.4,523374
2021-06-17 09:47:02,6032.4,523384
2021-06-17 09:47:03,6032.5,523512
2021-06-17 09:47:06,6035.0,523555
2021-06-17 09:47:08,6032.7,523580
2021-06-17 09:47:10,6034.6,523622
2021-06-17 09:47:11,6034.6,523622
2021-06-17 09:47:12,6033.0,523633
2021-06-17 09:47:14,6034.5,523635
2021-06-17 09:47:14,6034.5,523635
2021-06-17 09:47:15,6034.5,523636
2021-06-17 09:47:16,6034.5,523648
2021-06-17 09:47:18,6036.5,523930
2021-06-17 09:47:19,6036.5,523947
2021-06-17 09:47:20,6036.5,523970
2021-06-17 09:47:21,6037.0,524093
2021-06-17 09:47:24,6037.45,524119
2021-06-17 09:47:24,6037.45,524119
2021-06-17 09:47:25,6040.0,524273
2021-06-17 09:47:27,6041.05,524520
2021-06-17 09:47:28,6041.05,524527
2021-06-17 09:47:29,6041.7,524572
2021-06-17 09:47:30,6041.7,524572
2021-06-17 09:47:32,6041.9,524602
2021-06-17 09:47:33,6042.0,524607
2021-06-17 09:47:34,6042.0,524739
2021-06-17 09:47:35,6042.0,524739
2021-06-17 09:47:36,6042.0,524759
2021-06-17 09:47:37,6040.05,524765
2021-06-17 09:47:38,6041.0,524793
2021-06-17 09:47:39,6042.0,525016
2021-06-17 09:47:39,6040.95,525017
2021-06-17 09:47:40,6040.95,525019
2021-06-17 09:47:41,6040.95,525019
2021-06-17 09:47:42,6042.0,525025
2021-06-17 09:47:43,6040.95,525088
2021-06-17 09:47:45,6040.55,525221
2021-06-17 09:47:46,6040.95,525257
2021-06-17 09:47:46,6040.95,525257
2021-06-17 09:47:47,6040.85,525263
2021-06-17 09:47:48,6040.85,525291
2021-06-17 09:47:50,6040.4,525591
2021-06-17 09:47:52,6040.95,525616
2021-06-17 09:47:53,6040.95,525616
2021-06-17 09:47:54,6040.95,525616
2021-06-17 09:47:54,6040.95,525616
2021-06-17 09:47:55,6038.15,525642
2021-06-17 09:47:56,6038.15,525642
2021-06-17 09:47:57,6040.4,525663
2021-06-17 09:47:58,6040.4,525782
2021-06-17 09:47:59,6040.45,525795
2021-06-17 09:48:00,6038.15,525799
2021-06-17 09:48:02,6037.35,526019
2021-06-17 09:48:02,6037.35,526019
2021-06-17 09:48:04,6037.7,526034
2021-06-17 09:48:04,6037.7,526032
2021-06-17 09:48:05,6037.7,526053
2021-06-17 09:48:06,6037.7,526053
2021-06-17 09:48:07,6037.7,526053
2021-06-17 09:48:09,6038.35,526249
2021-06-17 09:48:10,6038.35,526249
2021-06-17 09:48:11,6038.35,526270
2021-06-17 09:48:14,6038.35,526292
2021-06-17 09:48:14,6038.35,526292
2021-06-17 09:48:15,6038.35,526305
2021-06-17 09:48:16,6038.35,526327
2021-06-17 09:48:17,6038.35,526333
2021-06-17 09:48:18,6038.0,526341
2021-06-17 09:48:19,6038.0,526341
2021-06-17 09:48:20,6038.0,526412
2021-06-17 09:48:21,6038.0,526412
2021-06-17 09:48:22,6038.0,526417
2021-06-17 09:48:23,6038.0,526442
2021-06-17 09:48:24,6038.35,526573
2021-06-17 09:48:26,6038.35,526588
2021-06-17 09:48:27,6038.35,526612
2021-06-17 09:48:27,6038.0,526621
2021-06-17 09:48:28,6039.3,526745
2021-06-17 09:48:29,6039.3,526755
2021-06-17 09:48:30,6038.0,526771
2021-06-17 09:48:31,6038.3,526791
2021-06-17 09:48:35,6038.3,526934
2021-06-17 09:48:36,6038.0,526955
2021-06-17 09:48:36,6038.0,526955
2021-06-17 09:48:37,6038.3,526975
2021-06-17 09:48:38,6038.25,526976
2021-06-17 09:48:39,6038.25,526976
2021-06-17 09:48:40,6038.25,526976
2021-06-17 09:48:42,6038.1,527315
2021-06-17 09:48:42,6040.0,527415
2021-06-17 09:48:43,6040.0,527425
2021-06-17 09:48:44,6039.95,527426
2021-06-17 09:48:45,6038.3,527432
2021-06-17 09:48:46,6038.3,527432
2021-06-17 09:48:48,6038.3,527432
2021-06-17 09:48:49,6039.05,527464
2021-06-17 09:48:50,6039.95,527466
2021-06-17 09:48:51,6039.95,527469
2021-06-17 09:48:52,6039.95,527535
2021-06-17 09:48:53,6039.95,527538
2021-06-17 09:48:54,6039.95,527749
2021-06-17 09:48:55,6039.95,527776
2021-06-17 09:48:56,6039.95,527786
2021-06-17 09:48:57,6039.95,527787
2021-06-17 09:48:58,6039.05,527805
2021-06-17 09:48:59,6040.0,527913
2021-06-17 09:49:00,6040.0,527921
2021-06-17 09:49:01,6039.05,527939
2021-06-17 09:49:02,6040.0,528058
2021-06-17 09:49:03,6039.05,528085
2021-06-17 09:49:05,6040.0,528087
2021-06-17 09:49:06,6040.0,528087
2021-06-17 09:49:06,6040.0,528087
2021-06-17 09:49:07,6040.0,528140
2021-06-17 09:49:09,6039.05,528151
2021-06-17 09:49:10,6039.05,528152
2021-06-17 09:49:12,6037.0,528639
2021-06-17 09:49:13,6037.75,528739
2021-06-17 09:49:14,6037.6,528756
2021-06-17 09:49:14,6037.6,528756
2021-06-17 09:49:15,6037.6,528757
2021-06-17 09:49:16,6035.6,528778
2021-06-17 09:49:17,6036.85,528828
2021-06-17 09:49:18,6036.85,528828
2021-06-17 09:49:19,6036.8,528830
2021-06-17 09:49:20,6035.05,528832
2021-06-17 09:49:21,6038.2,529111
2021-06-17 09:49:22,6038.6,529130
2021-06-17 09:49:23,6037.8,529131
2021-06-17 09:49:25,6037.8,529132
2021-06-17 09:49:26,6037.8,529132
2021-06-17 09:49:27,6037.45,529134
2021-06-17 09:49:27,6037.45,529134
2021-06-17 09:49:28,6036.15,529154
2021-06-17 09:49:29,6036.15,529154
2021-06-17 09:49:30,6035.5,529156
2021-06-17 09:49:31,6035.5,529165
2021-06-17 09:49:32,6037.5,529181
2021-06-17 09:49:33,6035.35,529249
2021-06-17 09:49:34,6037.5,529314
2021-06-17 09:49:36,6037.75,529339
2021-06-17 09:49:37,6037.75,529339
2021-06-17 09:49:38,6037.75,529339
2021-06-17 09:49:39,6037.75,529339
2021-06-17 09:49:39,6035.15,529362
2021-06-17 09:49:40,6035.15,529364
2021-06-17 09:49:41,6035.15,529394
2021-06-17 09:49:42,6035.15,529394
2021-06-17 09:49:44,6037.5,529419
2021-06-17 09:49:45,6037.75,529423
2021-06-17 09:49:46,6035.5,529454
2021-06-17 09:49:47,6037.3,529479
2021-06-17 09:49:48,6037.3,529480
2021-06-17 09:49:49,6037.3,529485
2021-06-17 09:49:50,6035.5,529489
2021-06-17 09:49:50,6035.5,529489
2021-06-17 09:49:52,6037.3,529506
2021-06-17 09:49:52,6037.3,529506
2021-06-17 09:49:54,6037.0,529555
2021-06-17 09:49:54,6037.0,529555
2021-06-17 09:49:55,6037.0,529615
2021-06-17 09:49:56,6036.95,529625
2021-06-17 09:49:58,6036.95,529625
2021-06-17 09:49:59,6036.95,529625
2021-06-17 09:50:00,6036.95,529625
2021-06-17 09:50:01,6035.05,529631
2021-06-17 09:50:02,6036.85,529632
2021-06-17 09:50:03,6035.0,529699
2021-06-17 09:50:03,6035.0,529699
2021-06-17 09:50:04,6037.0,529702
2021-06-17 09:50:06,6037.0,529727
2021-06-17 09:50:07,6037.0,529727
2021-06-17 09:50:08,6035.25,529735
2021-06-17 09:50:08,6035.25,529735
2021-06-17 09:50:09,6035.25,529738
2021-06-17 09:50:10,6036.15,529740
2021-06-17 09:50:11,6036.95,529743
2021-06-17 09:50:12,6036.95,529753
2021-06-17 09:50:14,6036.95,529768
2021-06-17 09:50:15,6036.95,529768
2021-06-17 09:50:16,6035.15,529777
2021-06-17 09:50:17,6035.15,529793
2021-06-17 09:50:18,6035.15,529793
2021-06-17 09:50:18,6035.15,529793
2021-06-17 09:50:19,6035.2,529799
2021-06-17 09:50:20,6035.2,529804
2021-06-17 09:50:22,6035.2,529804
2021-06-17 09:50:23,6035.2,530110
2021-06-17 09:50:24,6035.2,530110
2021-06-17 09:50:24,6035.2,530110
2021-06-17 09:50:25,6035.15,530324
2021-06-17 09:50:26,6036.5,530397
2021-06-17 09:50:28,6035.2,530425
2021-06-17 09:50:29,6036.65,530454
2021-06-17 09:50:32,6038.2,530602
2021-06-17 09:50:34,6037.35,530754
2021-06-17 09:50:35,6037.35,530754
2021-06-17 09:50:36,6039.85,530756
2021-06-17 09:50:36,6039.85,530771
2021-06-17 09:50:37,6037.15,530781
2021-06-17 09:50:38,6037.15,530781
2021-06-17 09:50:39,6037.3,530782
2021-06-17 09:50:43,6038.9,531225
2021-06-17 09:50:44,6036.75,531227
2021-06-17 09:50:44,6036.75,531227
2021-06-17 09:50:45,6038.8,531232
2021-06-17 09:50:46,6037.15,531303
2021-06-17 09:50:47,6038.8,531304
2021-06-17 09:50:50,6036.5,531395
2021-06-17 09:50:51,6036.5,531395
2021-06-17 09:50:52,6036.5,531449
2021-06-17 09:50:53,6036.4,531587
2021-06-17 09:50:54,6036.3,531873
2021-06-17 09:50:54,6036.3,531873
2021-06-17 09:50:55,6035.0,531993
2021-06-17 09:50:57,6035.0,532003
2021-06-17 09:50:58,6035.0,532003
2021-06-17 09:50:58,6035.0,532003
2021-06-17 09:50:59,6035.0,532003
2021-06-17 09:51:00,6035.0,532013
2021-06-17 09:51:01,6035.0,532133
2021-06-17 09:51:03,6036.35,532150
2021-06-17 09:51:04,6035.0,532299
2021-06-17 09:51:05,6034.6,532311
2021-06-17 09:51:06,6034.6,532316
2021-06-17 09:51:07,6034.6,532333
2021-06-17 09:51:08,6033.3,532346
2021-06-17 09:51:09,6034.55,532347
2021-06-17 09:51:09,6034.55,532347
2021-06-17 09:51:10,6033.0,532360
2021-06-17 09:51:11,6033.0,532419
2021-06-17 09:51:13,6032.4,532435
2021-06-17 09:51:13,6032.4,532435
2021-06-17 09:51:14,6032.4,532462
2021-06-17 09:51:16,6032.35,532486
2021-06-17 09:51:16,6032.0,532539
2021-06-17 09:51:18,6032.95,532548
2021-06-17 09:51:18,6032.95,532657
2021-06-17 09:51:19,6032.95,532731
2021-06-17 09:51:21,6032.55,532756
2021-06-17 09:51:22,6030.25,533690
2021-06-17 09:51:24,6030.05,533729
2021-06-17 09:51:24,6030.05,533729
2021-06-17 09:51:25,6030.8,533731
2021-06-17 09:51:27,6030.3,537450
2021-06-17 09:51:28,6030.35,537454
2021-06-17 09:51:29,6030.0,537464
2021-06-17 09:51:30,6029.2,537485
2021-06-17 09:51:31,6029.2,537495
2021-06-17 09:51:32,6027.0,537843
2021-06-17 09:51:32,6026.8,537849
2021-06-17 09:51:34,6027.3,537947
2021-06-17 09:51:35,6030.35,537960
2021-06-17 09:51:36,6028.45,537961
2021-06-17 09:51:38,6029.0,537975
2021-06-17 09:51:39,6026.05,538022
2021-06-17 09:51:40,6026.0,538051
2021-06-17 09:51:40,6026.0,538051
2021-06-17 09:51:41,6027.5,538104
2021-06-17 09:51:42,6027.5,538104
2021-06-17 09:51:43,6026.0,538197
2021-06-17 09:51:44,6026.0,538267
2021-06-17 09:51:46,6026.55,538343
2021-06-17 09:51:47,6027.95,538354
2021-06-17 09:51:48,6027.95,538465
2021-06-17 09:51:49,6026.55,538549
2021-06-17 09:51:50,6026.65,538551
2021-06-17 09:51:51,6026.0,538763
2021-06-17 09:51:52,6026.0,538763
2021-06-17 09:51:53,6028.7,538794
2021-06-17 09:51:54,6028.45,538799
2021-06-17 09:51:56,6028.35,538850
2021-06-17 09:51:57,6028.35,538850
2021-06-17 09:51:58,6027.45,539054
2021-06-17 09:51:59,6027.45,539056
2021-06-17 09:52:00,6026.0,539057
2021-06-17 09:52:01,6026.0,539057
2021-06-17 09:52:02,6027.3,539058
2021-06-17 09:52:03,6026.0,539108
2021-06-17 09:52:04,6026.0,539196
2021-06-17 09:52:05,6026.0,539204
2021-06-17 09:52:06,6027.3,539435
2021-06-17 09:52:07,6027.3,539455
2021-06-17 09:52:08,6027.3,539455
2021-06-17 09:52:08,6027.3,539456
2021-06-17 09:52:09,6027.3,539456
2021-06-17 09:52:11,6027.3,539456
2021-06-17 09:52:13,6026.7,539528
2021-06-17 09:52:12,6027.3,539456
2021-06-17 09:52:14,6026.05,539543
2021-06-17 09:52:15,6026.05,539615
2021-06-17 09:52:17,6026.7,539827
2021-06-17 09:52:18,6026.7,539932
2021-06-17 09:52:18,6026.25,539907
2021-06-17 09:52:19,6027.75,540916
2021-06-17 09:52:20,6030.0,541074
2021-06-17 09:52:22,6030.0,541160
2021-06-17 09:52:23,6030.45,541460
2021-06-17 09:52:24,6031.45,541491
2021-06-17 09:52:26,6031.95,541515
2021-06-17 09:52:27,6031.95,541515
2021-06-17 09:52:28,6031.95,541578
2021-06-17 09:52:29,6031.45,541620
2021-06-17 09:52:31,6030.35,541681
2021-06-17 09:52:32,6031.45,541731
2021-06-17 09:52:33,6031.45,541805
2021-06-17 09:52:34,6031.45,541808
2021-06-17 09:52:35,6031.45,541917
2021-06-17 09:52:36,6031.45,541971
2021-06-17 09:52:37,6030.75,541981
2021-06-17 09:52:38,6030.75,541981
2021-06-17 09:52:39,6031.95,541987
2021-06-17 09:52:40,6030.75,541988
2021-06-17 09:52:40,6030.75,541988
2021-06-17 09:52:42,6030.25,541993
2021-06-17 09:52:43,6031.9,542010
2021-06-17 09:52:44,6031.9,542011
2021-06-17 09:52:45,6031.9,542011
2021-06-17 09:52:46,6030.25,542053
2021-06-17 09:52:47,6031.8,542067
2021-06-17 09:52:48,6031.8,542097
2021-06-17 09:52:49,6031.8,542097
2021-06-17 09:52:50,6030.75,542100
2021-06-17 09:52:51,6030.75,542100
2021-06-17 09:52:52,6030.25,542163
2021-06-17 09:52:53,6030.25,542163
2021-06-17 09:52:54,6030.25,542163
2021-06-17 09:52:54,6030.25,542163
2021-06-17 09:52:55,6031.75,542173
2021-06-17 09:52:57,6030.75,542299
2021-06-17 09:52:58,6031.95,543276
2021-06-17 09:52:59,6031.95,543276
2021-06-17 09:53:00,6031.95,543284
2021-06-17 09:53:01,6031.95,543300
2021-06-17 09:53:02,6031.95,543300
2021-06-17 09:53:03,6031.95,543313
2021-06-17 09:53:04,6031.95,543313
2021-06-17 09:53:05,6031.95,543313
2021-06-17 09:53:08,6030.9,543366
2021-06-17 09:53:09,6030.9,543366
2021-06-17 09:53:10,6030.65,543598
2021-06-17 09:53:11,6030.65,543598
2021-06-17 09:53:12,6030.65,543598
2021-06-17 09:53:13,6030.9,543608
2021-06-17 09:53:14,6030.0,543654
2021-06-17 09:53:15,6030.9,543769
2021-06-17 09:53:16,6030.65,543780
2021-06-17 09:53:17,6030.9,543823
2021-06-17 09:53:18,6030.9,543823
2021-06-17 09:53:19,6030.9,543836
2021-06-17 09:53:19,6030.9,543836
2021-06-17 09:53:21,6030.0,544317
2021-06-17 09:53:22,6030.0,544317
2021-06-17 09:53:23,6030.75,544462
2021-06-17 09:53:24,6030.75,544463
2021-06-17 09:53:25,6030.75,544463
2021-06-17 09:53:26,6030.75,544466
2021-06-17 09:53:27,6030.75,544471
2021-06-17 09:53:27,6030.75,544471
2021-06-17 09:53:29,6030.0,544575
2021-06-17 09:53:30,6030.2,544605
2021-06-17 09:53:31,6030.2,544609
2021-06-17 09:53:32,6029.0,544664
2021-06-17 09:53:33,6029.0,544689
2021-06-17 09:53:34,6028.85,544730
2021-06-17 09:53:35,6029.0,544742
2021-06-17 09:53:36,6029.3,544743
2021-06-17 09:53:37,6029.3,544743
2021-06-17 09:53:38,6030.0,544817
2021-06-17 09:53:39,6030.0,545693
2021-06-17 09:53:40,6029.45,546088
2021-06-17 09:53:40,6030.45,546099
2021-06-17 09:53:41,6027.65,546100
2021-06-17 09:53:42,6029.95,546101
2021-06-17 09:53:44,6029.95,546111
2021-06-17 09:53:45,6029.8,546170
2021-06-17 09:53:46,6027.3,546190
2021-06-17 09:53:47,6030.6,546315
2021-06-17 09:53:48,6030.6,546317
2021-06-17 09:53:49,6030.6,546336
2021-06-17 09:53:50,6030.6,546337
2021-06-17 09:53:51,6030.0,546342
2021-06-17 09:53:52,6030.6,546557
2021-06-17 09:53:54,6033.45,547148
2021-06-17 09:53:55,6035.5,547674
2021-06-17 09:53:56,6033.55,547776
2021-06-17 09:53:57,6035.65,547777
2021-06-17 09:53:58,6037.0,547833
2021-06-17 09:53:59,6035.65,548074
2021-06-17 09:54:00,6035.65,548074
2021-06-17 09:54:01,6035.65,548074
2021-06-17 09:54:02,6036.1,548282
2021-06-17 09:54:03,6035.6,548571
2021-06-17 09:54:04,6036.95,548631
2021-06-17 09:54:05,6036.95,548631
2021-06-17 09:54:08,6038.55,548722
2021-06-17 09:54:07,6038.55,548719
2021-06-17 09:54:10,6039.2,548989
2021-06-17 09:54:11,6037.95,548990
2021-06-17 09:54:12,6037.95,548991
2021-06-17 09:54:13,6038.1,549121
2021-06-17 09:54:14,6038.3,549123
2021-06-17 09:54:15,6040.0,549483
2021-06-17 09:54:17,6039.75,549578
2021-06-17 09:54:18,6039.75,549578
2021-06-17 09:54:19,6039.75,549578
2021-06-17 09:54:20,6038.0,549698
2021-06-17 09:54:21,6036.9,549728
2021-06-17 09:54:22,6036.9,549728
2021-06-17 09:54:23,6039.5,549749
2021-06-17 09:54:24,6039.5,549753
2021-06-17 09:54:25,6039.0,549858
2021-06-17 09:54:26,6037.2,549908
2021-06-17 09:54:27,6039.4,549930
2021-06-17 09:54:28,6037.2,550260
2021-06-17 09:54:29,6040.0,550261
2021-06-17 09:54:30,6039.95,550263
2021-06-17 09:54:31,6038.3,550290
2021-06-17 09:54:32,6038.3,550290
2021-06-17 09:54:33,6040.0,550296
2021-06-17 09:54:34,6037.85,550328
2021-06-17 09:54:35,6039.95,550367
2021-06-17 09:54:36,6040.0,550404
2021-06-17 09:54:37,6040.0,550471
2021-06-17 09:54:38,6039.95,550484
2021-06-17 09:54:39,6039.3,550526
2021-06-17 09:54:40,6039.3,550681
2021-06-17 09:54:41,6039.3,550681
2021-06-17 09:54:42,6039.95,550684
2021-06-17 09:54:43,6039.95,550716
2021-06-17 09:54:44,6039.3,550718
2021-06-17 09:54:45,6039.3,550718
2021-06-17 09:54:46,6039.2,550807
2021-06-17 09:54:47,6039.2,550807
2021-06-17 09:54:48,6039.2,551069
2021-06-17 09:54:49,6039.3,551129
2021-06-17 09:54:50,6039.3,551134
2021-06-17 09:54:51,6039.3,551149
2021-06-17 09:54:52,6039.3,551156
2021-06-17 09:54:53,6038.0,551206
2021-06-17 09:54:54,6038.0,551206
2021-06-17 09:54:55,6039.3,551226
2021-06-17 09:54:56,6039.3,551292
2021-06-17 09:54:57,6037.85,551297
2021-06-17 09:54:58,6037.85,551303
2021-06-17 09:54:59,6037.85,551303
2021-06-17 09:55:00,6036.9,551317
2021-06-17 09:55:01,6036.9,551317
2021-06-17 09:55:02,6035.9,551406
2021-06-17 09:55:03,6035.9,551433
2021-06-17 09:55:04,6035.05,551445
2021-06-17 09:55:05,6035.05,551445
2021-06-17 09:55:06,6035.15,551642
2021-06-17 09:55:07,6035.15,551642
2021-06-17 09:55:08,6036.9,551643
2021-06-17 09:55:09,6036.9,551643
2021-06-17 09:55:10,6036.65,551708
2021-06-17 09:55:11,6036.9,551713
2021-06-17 09:55:12,6036.9,551713
2021-06-17 09:55:14,6036.6,551772
2021-06-17 09:55:15,6035.85,551780
2021-06-17 09:55:16,6035.0,551840
2021-06-17 09:55:17,6035.0,551840
2021-06-17 09:55:18,6035.8,551849
2021-06-17 09:55:20,6035.0,551852
2021-06-17 09:55:19,6035.0,551852
2021-06-17 09:55:22,6035.0,551859
2021-06-17 09:55:23,6036.9,552090
2021-06-17 09:55:25,6034.2,552345
2021-06-17 09:55:27,6036.75,552408
2021-06-17 09:55:28,6036.9,552719
2021-06-17 09:55:29,6036.9,552721
2021-06-17 09:55:30,6036.75,552723
2021-06-17 09:55:31,6036.75,552723
2021-06-17 09:55:32,6036.75,552723
2021-06-17 09:55:33,6034.5,552752
2021-06-17 09:55:34,6036.9,552792
2021-06-17 09:55:35,6036.9,552830
2021-06-17 09:55:36,6035.05,552863
2021-06-17 09:55:37,6036.9,553118
2021-06-17 09:55:38,6036.9,553118
2021-06-17 09:55:39,6036.9,553121
2021-06-17 09:55:41,6036.0,553209
2021-06-17 09:55:42,6034.85,553384
2021-06-17 09:55:43,6034.55,553387
2021-06-17 09:55:44,6034.55,553387
2021-06-17 09:55:45,6034.55,553387
2021-06-17 09:55:46,6034.55,553568
2021-06-17 09:55:47,6036.9,554193
2021-06-17 09:55:48,6036.9,554193
2021-06-17 09:55:49,6035.35,554243
2021-06-17 09:55:50,6036.9,554244
2021-06-17 09:55:51,6036.9,554244
2021-06-17 09:55:52,6036.9,554262
2021-06-17 09:55:53,6035.75,554276
2021-06-17 09:55:54,6036.9,554401
2021-06-17 09:55:55,6035.2,554426
2021-06-17 09:55:57,6037.0,554737
2021-06-17 09:55:58,6037.0,554738
2021-06-17 09:55:59,6035.95,554739
2021-06-17 09:56:00,6037.0,554878
2021-06-17 09:56:01,6037.0,554918
2021-06-17 09:56:02,6037.0,554929
2021-06-17 09:56:03,6035.6,554957
2021-06-17 09:56:04,6035.6,554957
2021-06-17 09:56:05,6037.0,554979
2021-06-17 09:56:06,6035.4,554984
2021-06-17 09:56:07,6035.3,554997
2021-06-17 09:56:08,6035.3,554997
2021-06-17 09:56:09,6037.0,555248
2021-06-17 09:56:10,6037.0,555248
2021-06-17 09:56:11,6037.0,555363
2021-06-17 09:56:12,6039.8,555972
2021-06-17 09:56:14,6036.75,556200
2021-06-17 09:56:14,6036.7,556175
2021-06-17 09:56:15,6036.75,556200
2021-06-17 09:56:16,6036.75,556211
2021-06-17 09:56:17,6036.75,556211
2021-06-17 09:56:18,6036.85,556227
2021-06-17 09:56:19,6038.0,556262
2021-06-17 09:56:20,6039.4,556266
2021-06-17 09:56:21,6037.1,556270
2021-06-17 09:56:22,6037.1,556270
2021-06-17 09:56:23,6037.1,556270
2021-06-17 09:56:25,6038.0,556272
2021-06-17 09:56:25,6038.0,556272
2021-06-17 09:56:27,6038.0,556286
2021-06-17 09:56:27,6038.0,556286
2021-06-17 09:56:29,6038.0,556295
2021-06-17 09:56:30,6038.0,556452
2021-06-17 09:56:31,6040.0,556652
2021-06-17 09:56:32,6040.0,556652
2021-06-17 09:56:33,6039.05,556653
2021-06-17 09:56:34,6039.05,556653
2021-06-17 09:56:35,6039.0,556654
2021-06-17 09:56:36,6039.0,556675
2021-06-17 09:56:37,6039.0,556675
2021-06-17 09:56:38,6039.0,556815
2021-06-17 09:56:40,6038.6,556817
2021-06-17 09:56:40,6038.2,556831
2021-06-17 09:56:41,6039.0,556849
2021-06-17 09:56:43,6038.25,556867
2021-06-17 09:56:44,6038.25,556867
2021-06-17 09:56:45,6038.25,556867
2021-06-17 09:56:46,6038.2,556877
2021-06-17 09:56:46,6038.2,556877
2021-06-17 09:56:47,6038.2,556877
2021-06-17 09:56:49,6038.6,556898
2021-06-17 09:56:49,6038.6,556898
2021-06-17 09:56:50,6038.6,556929
2021-06-17 09:56:51,6038.6,556931
2021-06-17 09:56:52,6038.6,556931
2021-06-17 09:56:53,6038.6,556931
2021-06-17 09:56:54,6038.25,557595
2021-06-17 09:56:55,6038.25,557615
2021-06-17 09:56:56,6039.0,557915
2021-06-17 09:56:57,6039.0,557915
2021-06-17 09:56:59,6039.0,557915
2021-06-17 09:57:00,6038.95,557916
2021-06-17 09:57:00,6038.95,557916
2021-06-17 09:57:01,6038.95,557931
2021-06-17 09:57:02,6038.95,557931
2021-06-17 09:57:03,6038.3,557942
2021-06-17 09:57:04,6038.95,557992
2021-06-17 09:57:05,6038.5,558017
2021-06-17 09:57:07,6038.5,558104
2021-06-17 09:57:07,6038.5,558124
2021-06-17 09:57:08,6038.5,558141
2021-06-17 09:57:09,6038.5,558162
2021-06-17 09:57:10,6039.0,558973
2021-06-17 09:57:11,6038.95,559445
2021-06-17 09:57:12,6038.95,559445
2021-06-17 09:57:13,6038.2,559504
2021-06-17 09:57:14,6040.0,559560
2021-06-17 09:57:15,6040.0,559561
2021-06-17 09:57:17,6038.95,559562
2021-06-17 09:57:18,6038.9,559572
2021-06-17 09:57:19,6038.9,559572
2021-06-17 09:57:20,6039.0,559574
2021-06-17 09:57:21,6039.0,559574
2021-06-17 09:57:21,6039.0,559574
2021-06-17 09:57:22,6039.0,559574
2021-06-17 09:57:23,6039.0,559601
2021-06-17 09:57:25,6037.95,559861
2021-06-17 09:57:26,6037.95,559861
2021-06-17 09:57:27,6039.95,559886
2021-06-17 09:57:28,6039.0,559940
2021-06-17 09:57:29,6037.9,559942
2021-06-17 09:57:30,6039.95,560039
2021-06-17 09:57:31,6039.95,560039
2021-06-17 09:57:32,6039.95,560039
2021-06-17 09:57:33,6037.65,560066
2021-06-17 09:57:34,6039.95,560117
2021-06-17 09:57:36,6039.95,560367
2021-06-17 09:57:36,6039.95,560367
2021-06-17 09:57:37,6039.95,560368
2021-06-17 09:57:38,6039.95,560368
2021-06-17 09:57:40,6040.0,560383
2021-06-17 09:57:41,6040.0,560383
2021-06-17 09:57:42,6040.0,560383
2021-06-17 09:57:44,6040.0,560383
2021-06-17 09:57:44,6040.0,560383
2021-06-17 09:57:45,6040.0,560383
2021-06-17 09:57:46,6040.0,560650
2021-06-17 09:57:47,6039.55,560655
2021-06-17 09:57:48,6040.0,560657
2021-06-17 09:57:49,6039.55,560666
2021-06-17 09:57:50,6040.0,560673
2021-06-17 09:57:51,6040.0,560819
2021-06-17 09:57:52,6040.0,560827
2021-06-17 09:57:53,6040.0,560827
2021-06-17 09:57:54,6040.0,560903
2021-06-17 09:57:55,6040.0,560903
2021-06-17 09:57:56,6040.0,560931
2021-06-17 09:57:57,6043.0,561175
2021-06-17 09:57:58,6041.15,561283
2021-06-17 09:57:59,6043.2,561353
2021-06-17 09:58:00,6044.95,561392
2021-06-17 09:58:01,6042.45,561464
2021-06-17 09:58:02,6048.0,562746
2021-06-17 09:58:03,6047.0,562867
2021-06-17 09:58:05,6049.55,563044
2021-06-17 09:58:06,6047.9,563543
2021-06-17 09:58:07,6050.0,563611
2021-06-17 09:58:09,6049.2,565042
2021-06-17 09:58:08,6047.65,563631
2021-06-17 09:58:10,6049.15,565061
2021-06-17 09:58:11,6049.65,565072
2021-06-17 09:58:12,6051.9,565141
2021-06-17 09:58:13,6049.25,565345
2021-06-17 09:58:14,6049.75,565446
2021-06-17 09:58:15,6049.9,565753
2021-06-17 09:58:16,6047.9,565784
2021-06-17 09:58:18,6049.8,565822
2021-06-17 09:58:19,6049.7,565823
2021-06-17 09:58:20,6049.95,566207
2021-06-17 09:58:21,6049.85,566312
2021-06-17 09:58:21,6049.85,566312
2021-06-17 09:58:22,6047.45,566325
2021-06-17 09:58:23,6047.45,566325
2021-06-17 09:58:24,6049.7,566407
2021-06-17 09:58:25,6049.7,566439
2021-06-17 09:58:26,6047.45,566481
2021-06-17 09:58:27,6049.75,566575
2021-06-17 09:58:28,6049.75,566610
2021-06-17 09:58:29,6047.45,566611
2021-06-17 09:58:30,6049.2,567187
2021-06-17 09:58:31,6049.2,567187
2021-06-17 09:58:32,6047.6,567222
2021-06-17 09:58:33,6047.45,567258
2021-06-17 09:58:34,6047.45,567324
2021-06-17 09:58:36,6047.45,567542
2021-06-17 09:58:37,6047.45,567542
2021-06-17 09:58:38,6049.0,567607
2021-06-17 09:58:39,6048.8,567613
2021-06-17 09:58:39,6048.8,567615
2021-06-17 09:58:40,6049.0,567687
2021-06-17 09:58:41,6049.75,568136
2021-06-17 09:58:43,6048.0,568404
2021-06-17 09:58:44,6047.45,568518
2021-06-17 09:58:45,6047.45,568518
2021-06-17 09:58:46,6047.45,568530
2021-06-17 09:58:47,6049.0,568655
2021-06-17 09:58:48,6048.0,568690
2021-06-17 09:58:49,6049.0,568694
2021-06-17 09:58:50,6049.0,568699
2021-06-17 09:58:51,6049.0,568699
2021-06-17 09:58:52,6049.9,568795
2021-06-17 09:58:53,6049.9,568850
2021-06-17 09:58:55,6049.0,568868
2021-06-17 09:58:56,6049.0,568916
2021-06-17 09:58:57,6049.0,568945
2021-06-17 09:58:58,6049.0,568945
2021-06-17 09:58:59,6049.6,568947
2021-06-17 09:59:00,6049.0,568960
2021-06-17 09:59:01,6048.05,568974
2021-06-17 09:59:03,6048.05,569140
2021-06-17 09:59:04,6047.95,569352
2021-06-17 09:59:05,6048.9,570102
2021-06-17 09:59:06,6048.9,570125
2021-06-17 09:59:09,6046.7,570220
2021-06-17 09:59:10,6046.75,570221
2021-06-17 09:59:11,6046.7,570269
2021-06-17 09:59:12,6046.7,570269
2021-06-17 09:59:13,6046.0,570285
2021-06-17 09:59:13,6046.0,570285
2021-06-17 09:59:14,6046.0,570333
2021-06-17 09:59:15,6046.0,570333
2021-06-17 09:59:16,6045.9,570338
2021-06-17 09:59:17,6045.05,570340
2021-06-17 09:59:18,6045.0,570363
2021-06-17 09:59:19,6045.9,570491
2021-06-17 09:59:20,6045.05,570503
2021-06-17 09:59:21,6045.05,570521
2021-06-17 09:59:22,6045.05,570530
2021-06-17 09:59:23,6043.7,571202
2021-06-17 09:59:24,6043.7,571202
2021-06-17 09:59:25,6043.7,571211
2021-06-17 09:59:27,6043.45,571337
2021-06-17 09:59:28,6045.05,571519
2021-06-17 09:59:29,6044.9,571576
2021-06-17 09:59:30,6042.1,571658
2021-06-17 09:59:31,6042.15,571773
2021-06-17 09:59:32,6041.75,571904
2021-06-17 09:59:33,6041.75,571904
2021-06-17 09:59:34,6040.4,572238
2021-06-17 09:59:35,6040.4,572238
2021-06-17 09:59:36,6044.0,572239
2021-06-17 09:59:37,6042.2,572255
2021-06-17 09:59:38,6045.0,572270
2021-06-17 09:59:38,6045.0,572270
2021-06-17 09:59:39,6045.0,572271
2021-06-17 09:59:40,6045.0,572337
2021-06-17 09:59:41,6045.0,572337
2021-06-17 09:59:42,6045.0,572337
2021-06-17 09:59:43,6045.0,572347
2021-06-17 09:59:44,6044.15,572372
2021-06-17 09:59:45,6043.0,572483
2021-06-17 09:59:46,6043.0,572493
2021-06-17 09:59:47,6043.0,572498
2021-06-17 09:59:48,6043.05,572549
2021-06-17 09:59:49,6044.0,572553
2021-06-17 09:59:50,6044.0,572553
2021-06-17 09:59:52,6044.0,572608
2021-06-17 09:59:53,6044.0,572625
2021-06-17 09:59:53,6044.0,572625
2021-06-17 09:59:54,6043.55,574018
2021-06-17 09:59:55,6043.55,574018
2021-06-17 09:59:56,6044.0,574124
2021-06-17 09:59:57,6045.0,574270
2021-06-17 09:59:58,6045.0,574320
2021-06-17 09:59:59,6045.0,574340
2021-06-17 10:00:00,6044.95,574548
2021-06-17 10:00:02,6044.95,574548
2021-06-17 10:00:01,6044.95,574548
2021-06-17 10:00:03,6043.95,574662
2021-06-17 10:00:04,6042.55,574763
2021-06-17 10:00:05,6042.55,574764
2021-06-17 10:00:07,6043.95,574770
2021-06-17 10:00:08,6043.95,574880
2021-06-17 10:00:09,6044.95,574981
2021-06-17 10:00:09,6042.55,575088
2021-06-17 10:00:11,6045.0,575103
2021-06-17 10:00:12,6043.95,575240
2021-06-17 10:00:12,6045.0,575220
2021-06-17 10:00:14,6043.95,575240
2021-06-17 10:00:15,6045.05,575320
2021-06-17 10:00:15,6043.1,575319
2021-06-17 10:00:16,6043.1,575331
2021-06-17 10:00:18,6045.0,575341
2021-06-17 10:00:19,6045.0,575360
2021-06-17 10:00:20,6045.05,575382
2021-06-17 10:00:22,6044.0,575383
2021-06-17 10:00:22,6044.0,575383
2021-06-17 10:00:23,6044.0,575383
2021-06-17 10:00:24,6045.0,575535
2021-06-17 10:00:27,6045.0,575854
2021-06-17 10:00:28,6045.0,575861
2021-06-17 10:00:28,6045.0,575857
2021-06-17 10:00:29,6045.0,576024
2021-06-17 10:00:30,6044.0,576042
2021-06-17 10:00:31,6045.05,576057
2021-06-17 10:00:32,6046.05,576350
2021-06-17 10:00:33,6046.05,576506
2021-06-17 10:00:35,6045.0,576603
2021-06-17 10:00:36,6045.0,576683
2021-06-17 10:00:36,6045.0,576683
2021-06-17 10:00:37,6045.0,576700
2021-06-17 10:00:38,6045.0,576768
2021-06-17 10:00:39,6044.95,576774
2021-06-17 10:00:41,6044.9,576788
2021-06-17 10:00:42,6047.0,576808
2021-06-17 10:00:43,6045.1,576826
2021-06-17 10:00:44,6045.1,576835
2021-06-17 10:00:45,6045.0,576935
2021-06-17 10:00:46,6045.0,576995
2021-06-17 10:00:46,6045.0,576990
2021-06-17 10:00:47,6046.0,576996
2021-06-17 10:00:48,6046.95,577026
2021-06-17 10:00:49,6045.0,577059
2021-06-17 10:00:50,6046.0,577094
2021-06-17 10:00:51,6045.1,577138
2021-06-17 10:00:52,6044.95,577196
2021-06-17 10:00:53,6044.9,577483
2021-06-17 10:00:54,6045.0,577584
2021-06-17 10:00:55,6045.0,577661
2021-06-17 10:00:56,6044.95,577708
2021-06-17 10:00:57,6044.95,577713
2021-06-17 10:00:58,6046.4,577839
2021-06-17 10:00:59,6046.4,577839
2021-06-17 10:01:01,6044.9,577975
2021-06-17 10:01:02,6044.9,577975
2021-06-17 10:01:03,6044.9,578200
2021-06-17 10:01:04,6044.9,578200
2021-06-17 10:01:05,6044.2,578212
2021-06-17 10:01:06,6044.9,578215
2021-06-17 10:01:07,6044.9,578217
2021-06-17 10:01:08,6043.5,578710
2021-06-17 10:01:08,6043.5,578710
2021-06-17 10:01:09,6044.9,578750
2021-06-17 10:01:10,6044.3,578751
2021-06-17 10:01:11,6045.85,579252
2021-06-17 10:01:12,6045.0,579253
2021-06-17 10:01:14,6045.0,579287
2021-06-17 10:01:14,6044.9,579303
2021-06-17 10:01:16,6043.5,579331
2021-06-17 10:01:17,6046.25,579396
2021-06-17 10:01:19,6044.9,579497
2021-06-17 10:01:20,6044.9,579497
2021-06-17 10:01:21,6044.9,579497
2021-06-17 10:01:22,6044.9,579497
2021-06-17 10:01:23,6044.9,579497
2021-06-17 10:01:24,6044.9,579497
2021-06-17 10:01:25,6046.4,579597
2021-06-17 10:01:26,6046.4,579615
2021-06-17 10:01:28,6044.7,579622
2021-06-17 10:01:29,6044.7,579645
2021-06-17 10:01:29,6044.7,579649
2021-06-17 10:01:30,6045.05,579655
2021-06-17 10:01:31,6045.05,579655
2021-06-17 10:01:33,6045.05,579660
2021-06-17 10:01:34,6044.7,579714
2021-06-17 10:01:35,6045.05,579788
2021-06-17 10:01:36,6044.7,579823
2021-06-17 10:01:37,6045.05,579875
2021-06-17 10:01:37,6043.5,579899
2021-06-17 10:01:38,6045.05,579901
2021-06-17 10:01:39,6045.05,579912
2021-06-17 10:01:40,6043.5,579950
2021-06-17 10:01:43,6044.95,579978
2021-06-17 10:01:44,6044.95,579978
2021-06-17 10:01:45,6043.5,580023
2021-06-17 10:01:46,6044.95,580043
2021-06-17 10:01:47,6044.9,580050
2021-06-17 10:01:47,6043.25,580052
2021-06-17 10:01:48,6043.5,580086
2021-06-17 10:01:49,6043.45,580092
2021-06-17 10:01:51,6043.5,580211
2021-06-17 10:01:52,6043.0,580275
2021-06-17 10:01:53,6043.0,580301
2021-06-17 10:01:54,6042.9,580309
2021-06-17 10:01:55,6042.9,580309
2021-06-17 10:01:55,6042.9,580309
2021-06-17 10:01:56,6042.9,580605
2021-06-17 10:01:57,6042.9,580605
2021-06-17 10:01:58,6040.85,580834
2021-06-17 10:01:59,6040.85,580834
2021-06-17 10:02:00,6042.6,580836
2021-06-17 10:02:01,6041.0,580855
2021-06-17 10:02:02,6042.6,580872
2021-06-17 10:02:03,6042.6,580910
2021-06-17 10:02:05,6042.6,581020
2021-06-17 10:02:06,6040.85,581046
2021-06-17 10:02:08,6042.6,581216
2021-06-17 10:02:09,6041.05,581217
2021-06-17 10:02:11,6042.9,581299
2021-06-17 10:02:12,6042.75,581316
2021-06-17 10:02:13,6042.75,581316
2021-06-17 10:02:14,6040.85,581334
2021-06-17 10:02:15,6040.85,581334
2021-06-17 10:02:15,6041.0,581359
2021-06-17 10:02:16,6041.0,581385
2021-06-17 10:02:17,6042.75,581387
2021-06-17 10:02:18,6042.75,581387
2021-06-17 10:02:20,6042.75,581387
2021-06-17 10:02:21,6042.75,581429
2021-06-17 10:02:22,6041.0,581439
2021-06-17 10:02:23,6041.0,581439
2021-06-17 10:02:24,6041.0,581439
2021-06-17 10:02:25,6041.0,581459
2021-06-17 10:02:25,6041.0,581459
2021-06-17 10:02:26,6041.0,581459
2021-06-17 10:02:27,6042.6,581476
2021-06-17 10:02:28,6042.6,581479
2021-06-17 10:02:29,6042.6,581526
2021-06-17 10:02:30,6041.0,581531
2021-06-17 10:02:32,6042.6,581608
2021-06-17 10:02:33,6041.0,581636
2021-06-17 10:02:34,6041.0,581659
2021-06-17 10:02:35,6041.0,581659
2021-06-17 10:02:36,6041.0,581659
2021-06-17 10:02:37,6041.0,581659
2021-06-17 10:02:38,6040.6,581701
2021-06-17 10:02:39,6040.6,581707
2021-06-17 10:02:40,6040.05,581783
2021-06-17 10:02:42,6040.05,582300
2021-06-17 10:02:42,6040.05,582300
2021-06-17 10:02:43,6039.8,582597
2021-06-17 10:02:45,6040.0,582602
2021-06-17 10:02:46,6039.8,582612
2021-06-17 10:02:48,6039.8,582633
2021-06-17 10:02:49,6040.0,582635
2021-06-17 10:02:50,6040.0,582653
2021-06-17 10:02:51,6039.8,582658
2021-06-17 10:02:52,6039.8,582671
2021-06-17 10:02:53,6039.8,582973
2021-06-17 10:02:54,6039.8,583111
2021-06-17 10:02:55,6039.8,583231
2021-06-17 10:02:56,6039.8,583231
2021-06-17 10:02:58,6040.0,583955
2021-06-17 10:02:59,6040.0,584010
2021-06-17 10:03:00,6045.45,588644
2021-06-17 10:03:03,6043.05,589071
2021-06-17 10:03:04,6043.05,589071
2021-06-17 10:03:05,6042.75,589102
2021-06-17 10:03:07,6042.75,589102
2021-06-17 10:03:08,6040.5,589127
2021-06-17 10:03:09,6040.5,589127
2021-06-17 10:03:10,6040.5,589127
2021-06-17 10:03:11,6042.8,589143
2021-06-17 10:03:12,6042.8,589143
2021-06-17 10:03:13,6041.95,589145
2021-06-17 10:03:14,6042.8,589151
2021-06-17 10:03:15,6042.8,589151
2021-06-17 10:03:16,6041.95,589159
2021-06-17 10:03:17,6041.9,589200
2021-06-17 10:03:18,6041.55,589242
2021-06-17 10:03:19,6041.55,589242
2021-06-17 10:03:20,6041.85,589252
2021-06-17 10:03:21,6041.9,589353
2021-06-17 10:03:22,6040.3,589370
2021-06-17 10:03:23,6041.9,589397
2021-06-17 10:03:24,6041.75,589401
2021-06-17 10:03:25,6041.75,589401
2021-06-17 10:03:26,6038.9,589708
2021-06-17 10:03:27,6038.8,589730
2021-06-17 10:03:28,6040.35,589890
2021-06-17 10:03:29,6040.35,589890
2021-06-17 10:03:30,6040.35,589890
2021-06-17 10:03:31,6038.8,589990
2021-06-17 10:03:32,6040.55,590000
2021-06-17 10:03:33,6038.75,590048
2021-06-17 10:03:34,6038.6,590080
2021-06-17 10:03:35,6039.25,590105
2021-06-17 10:03:36,6039.25,590105
2021-06-17 10:03:37,6040.5,590124
2021-06-17 10:03:38,6040.5,590124
2021-06-17 10:03:39,6040.5,590124
2021-06-17 10:03:40,6040.5,590124
2021-06-17 10:03:41,6040.5,590128
2021-06-17 10:03:42,6039.45,590133
2021-06-17 10:03:43,6039.45,590133
2021-06-17 10:03:44,6040.5,590134
2021-06-17 10:03:45,6038.35,590136
2021-06-17 10:03:46,6038.1,590251
2021-06-17 10:03:47,6038.6,590280
2021-06-17 10:03:48,6038.6,590306
2021-06-17 10:03:49,6038.6,590306
2021-06-17 10:03:50,6040.45,590507
2021-06-17 10:03:51,6040.45,590507
2021-06-17 10:03:52,6040.45,590507
2021-06-17 10:03:53,6040.45,590507
2021-06-17 10:03:53,6040.45,590507
2021-06-17 10:03:54,6040.45,590507
2021-06-17 10:03:55,6038.0,590537
2021-06-17 10:03:56,6038.0,590547
2021-06-17 10:03:57,6038.05,590565
2021-06-17 10:04:00,6039.85,590623
2021-06-17 10:04:01,6038.0,590633
2021-06-17 10:04:02,6038.0,590633
2021-06-17 10:04:03,6038.0,590660
2021-06-17 10:04:04,6039.1,590664
2021-06-17 10:04:05,6038.0,590679
2021-06-17 10:04:06,6039.1,590837
2021-06-17 10:04:07,6039.1,590837
2021-06-17 10:04:07,6039.1,590837
2021-06-17 10:04:08,6039.1,590868
2021-06-17 10:04:09,6040.1,590993
2021-06-17 10:04:10,6039.7,590995
2021-06-17 10:04:12,6041.0,591246
2021-06-17 10:04:13,6041.0,591252
2021-06-17 10:04:14,6041.0,591252
2021-06-17 10:04:15,6041.0,591252
2021-06-17 10:04:16,6039.35,591254
2021-06-17 10:04:17,6039.9,591268
2021-06-17 10:04:20,6039.9,591271
2021-06-17 10:04:21,6039.0,591285
2021-06-17 10:04:22,6039.0,591285
2021-06-17 10:04:24,6041.0,591420
2021-06-17 10:04:25,6041.0,591456
2021-06-17 10:04:26,6041.0,591456
2021-06-17 10:04:27,6040.15,591459
2021-06-17 10:04:28,6041.0,591461
2021-06-17 10:04:29,6040.0,591473
2021-06-17 10:04:30,6040.0,591478
2021-06-17 10:04:32,6040.0,591478
2021-06-17 10:04:33,6039.95,591506
2021-06-17 10:04:34,6041.0,591507
2021-06-17 10:04:35,6041.0,591518
2021-06-17 10:04:36,6041.0,591518
2021-06-17 10:04:36,6041.0,591518
2021-06-17 10:04:37,6041.0,591518
2021-06-17 10:04:40,6040.0,591667
2021-06-17 10:04:41,6040.95,591686
2021-06-17 10:04:42,6040.95,591686
2021-06-17 10:04:43,6040.95,591686
2021-06-17 10:04:44,6040.0,591899
2021-06-17 10:04:45,6040.0,591900
2021-06-17 10:04:46,6038.5,591902
2021-06-17 10:04:47,6038.25,591931
2021-06-17 10:04:48,6040.0,591937
2021-06-17 10:04:49,6040.0,591937
2021-06-17 10:04:50,6039.4,592062
2021-06-17 10:04:51,6039.4,592062
2021-06-17 10:04:52,6038.5,592130
2021-06-17 10:04:53,6038.5,592130
2021-06-17 10:04:54,6038.5,592130
2021-06-17 10:04:56,6039.0,592310
2021-06-17 10:04:57,6039.0,592310
2021-06-17 10:04:58,6039.4,592471
2021-06-17 10:04:59,6039.4,593069
2021-06-17 10:05:00,6039.4,593071
2021-06-17 10:05:02,6039.4,593071
2021-06-17 10:05:01,6039.4,593071
2021-06-17 10:05:03,6039.0,593107
2021-06-17 10:05:04,6039.15,593136
2021-06-17 10:05:05,6039.15,593136
2021-06-17 10:05:06,6039.0,593137
2021-06-17 10:05:07,6039.0,593137
2021-06-17 10:05:08,6039.0,593354
2021-06-17 10:05:09,6040.0,593358
2021-06-17 10:05:10,6041.0,593414
2021-06-17 10:05:11,6039.6,593417
2021-06-17 10:05:12,6039.55,593439
2021-06-17 10:05:13,6039.55,593439
2021-06-17 10:05:14,6039.0,593514
2021-06-17 10:05:15,6039.5,593549
2021-06-17 10:05:17,6039.0,593561
2021-06-17 10:05:18,6039.1,593562
2021-06-17 10:05:19,6039.15,593563
2021-06-17 10:05:20,6039.15,593563
2021-06-17 10:05:21,6039.15,593563
2021-06-17 10:05:22,6039.15,593563
2021-06-17 10:05:23,6039.15,593580
2021-06-17 10:05:24,6039.15,593630
2021-06-17 10:05:25,6039.15,593630
2021-06-17 10:05:26,6039.15,593630
2021-06-17 10:05:28,6039.15,593630
2021-06-17 10:05:29,6039.15,593630
2021-06-17 10:05:30,6039.1,593634
2021-06-17 10:05:31,6039.1,593634
2021-06-17 10:05:32,6039.0,593934
2021-06-17 10:05:34,6038.0,593961
2021-06-17 10:05:35,6038.0,593961
2021-06-17 10:05:36,6038.95,593964
2021-06-17 10:05:37,6038.0,593976
2021-06-17 10:05:38,6038.6,593988
2021-06-17 10:05:39,6038.6,594003
2021-06-17 10:05:40,6038.0,594014
2021-06-17 10:05:41,6038.6,594088
2021-06-17 10:05:42,6038.6,594098
2021-06-17 10:05:43,6038.0,594114
2021-06-17 10:05:45,6036.2,594833
2021-06-17 10:05:46,6036.9,594876
2021-06-17 10:05:47,6036.9,594976
2021-06-17 10:05:48,6035.0,595165
2021-06-17 10:05:49,6035.0,595235
2021-06-17 10:05:50,6035.0,595236
2021-06-17 10:05:51,6035.0,595236
2021-06-17 10:05:52,6035.95,595265
2021-06-17 10:05:53,6035.95,595265
2021-06-17 10:05:54,6035.0,595383
2021-06-17 10:05:55,6035.0,595401
2021-06-17 10:05:56,6035.0,595529
2021-06-17 10:05:57,6034.55,595588
2021-06-17 10:05:58,6035.6,595608
2021-06-17 10:05:59,6034.1,595617
2021-06-17 10:06:00,6035.0,595888
2021-06-17 10:06:01,6035.0,596090
2021-06-17 10:06:02,6035.0,596250
2021-06-17 10:06:03,6032.5,596278
2021-06-17 10:06:04,6034.55,596338
2021-06-17 10:06:05,6035.0,596349
2021-06-17 10:06:06,6033.85,596431
2021-06-17 10:06:07,6033.85,596480
2021-06-17 10:06:09,6032.45,596536
2021-06-17 10:06:10,6032.45,596541
2021-06-17 10:06:11,6032.45,596543
2021-06-17 10:06:14,6033.25,596662
2021-06-17 10:06:13,6033.25,596662
2021-06-17 10:06:15,6033.15,596723
2021-06-17 10:06:17,6033.15,596798
2021-06-17 10:06:18,6033.0,596833
2021-06-17 10:06:19,6034.55,596850
2021-06-17 10:06:21,6034.0,596911
2021-06-17 10:06:22,6033.15,596921
2021-06-17 10:06:23,6033.15,596921
2021-06-17 10:06:24,6034.0,596939
2021-06-17 10:06:27,6034.0,597139
2021-06-17 10:06:26,6033.15,597014
2021-06-17 10:06:28,6033.15,597259
2021-06-17 10:06:30,6032.75,597334
2021-06-17 10:06:29,6032.75,597334
2021-06-17 10:06:31,6032.9,597433
2021-06-17 10:06:32,6032.9,597433
2021-06-17 10:06:34,6032.15,597558
2021-06-17 10:06:35,6032.15,597558
2021-06-17 10:06:36,6032.1,597606
2021-06-17 10:06:37,6033.3,598102
2021-06-17 10:06:38,6035.0,598120
2021-06-17 10:06:39,6035.0,598120
2021-06-17 10:06:40,6034.0,598128
2021-06-17 10:06:41,6035.0,598138
2021-06-17 10:06:43,6032.7,598292
2021-06-17 10:06:44,6032.6,598293
2021-06-17 10:06:45,6035.0,598294
2021-06-17 10:06:46,6034.9,598322
2021-06-17 10:06:47,6034.9,598334
2021-06-17 10:06:48,6032.85,598366
2021-06-17 10:06:49,6032.45,598703
2021-06-17 10:06:50,6033.0,598757
2021-06-17 10:06:51,6033.0,598757
2021-06-17 10:06:53,6033.0,598768
2021-06-17 10:06:54,6032.4,598817
2021-06-17 10:06:55,6033.0,598837
2021-06-17 10:06:56,6033.0,598837
2021-06-17 10:06:57,6033.8,598869
2021-06-17 10:06:59,6033.8,598869
2021-06-17 10:06:59,6033.8,598869
2021-06-17 10:07:00,6033.8,598869
2021-06-17 10:07:01,6033.0,598971
2021-06-17 10:07:03,6032.1,599008
2021-06-17 10:07:04,6032.95,599063
2021-06-17 10:07:05,6032.0,599131
2021-06-17 10:07:06,6032.0,599136
2021-06-17 10:07:07,6032.0,599136
2021-06-17 10:07:08,6032.0,599136
2021-06-17 10:07:09,6032.95,599188
2021-06-17 10:07:10,6032.95,599191
2021-06-17 10:07:11,6032.05,599211
2021-06-17 10:07:12,6032.05,599338
2021-06-17 10:07:13,6032.9,599348
2021-06-17 10:07:14,6032.9,599348
2021-06-17 10:07:15,6032.9,599348
2021-06-17 10:07:16,6032.9,599463
2021-06-17 10:07:17,6033.0,599503
2021-06-17 10:07:18,6032.9,599504
2021-06-17 10:07:19,6033.0,599596
2021-06-17 10:07:20,6033.0,599601
2021-06-17 10:07:22,6033.0,599601
2021-06-17 10:07:22,6033.0,599601
2021-06-17 10:07:23,6033.0,599601
2021-06-17 10:07:24,6033.0,599651
2021-06-17 10:07:25,6032.9,599681
2021-06-17 10:07:26,6032.9,599681
2021-06-17 10:07:27,6032.9,599681
2021-06-17 10:07:30,6032.9,599830
2021-06-17 10:07:30,6032.9,599830
2021-06-17 10:07:31,6032.9,599831
2021-06-17 10:07:32,6032.9,599833
2021-06-17 10:07:33,6032.2,599900
2021-06-17 10:07:34,6032.9,599903
2021-06-17 10:07:35,6032.9,599924
2021-06-17 10:07:36,6032.9,599924
2021-06-17 10:07:37,6032.9,599932
2021-06-17 10:07:39,6032.9,599944
2021-06-17 10:07:40,6032.9,599999
2021-06-17 10:07:41,6032.9,599999
2021-06-17 10:07:44,6032.9,600030
2021-06-17 10:07:44,6032.9,600030
2021-06-17 10:07:45,6032.9,600053
2021-06-17 10:07:47,6032.9,600077
2021-06-17 10:07:48,6032.9,600077
2021-06-17 10:07:49,6032.9,600082
2021-06-17 10:07:50,6032.9,600085
2021-06-17 10:07:51,6032.75,600117
2021-06-17 10:07:52,6032.4,600257
2021-06-17 10:07:54,6032.4,600267
2021-06-17 10:07:54,6032.75,600277
2021-06-17 10:07:55,6032.1,600409
2021-06-17 10:07:56,6032.0,600476
2021-06-17 10:07:57,6032.0,600476
2021-06-17 10:07:58,6032.0,600476
2021-06-17 10:07:59,6032.0,600477
2021-06-17 10:08:00,6032.75,600524
2021-06-17 10:08:01,6032.75,600524
2021-06-17 10:08:02,6032.75,600530
2021-06-17 10:08:03,6032.0,600557
2021-06-17 10:08:04,6032.0,600561
2021-06-17 10:08:06,6032.75,600611
2021-06-17 10:08:06,6032.0,600729
2021-06-17 10:08:07,6033.45,600872
2021-06-17 10:08:08,6033.0,600898
2021-06-17 10:08:09,6033.0,600898
2021-06-17 10:08:10,6033.0,600898
2021-06-17 10:08:11,6033.0,600904
2021-06-17 10:08:12,6033.0,600905
2021-06-17 10:08:13,6033.45,600944
2021-06-17 10:08:14,6033.45,600950
2021-06-17 10:08:15,6033.5,600974
2021-06-17 10:08:16,6034.0,601008
2021-06-17 10:08:18,6034.0,601016
2021-06-17 10:08:18,6034.0,601016
2021-06-17 10:08:19,6033.0,601033
2021-06-17 10:08:20,6033.0,601132
2021-06-17 10:08:21,6033.6,601157
2021-06-17 10:08:22,6033.0,601187
2021-06-17 10:08:24,6033.6,601194
2021-06-17 10:08:25,6033.6,601194
2021-06-17 10:08:26,6033.6,601194
2021-06-17 10:08:27,6033.6,601194
2021-06-17 10:08:28,6033.6,601208
2021-06-17 10:08:30,6033.6,601210
2021-06-17 10:08:31,6033.6,601211
2021-06-17 10:08:33,6033.6,601227
2021-06-17 10:08:33,6033.2,601254
2021-06-17 10:08:35,6033.2,601254
2021-06-17 10:08:35,6033.2,601254
2021-06-17 10:08:36,6033.2,601254
2021-06-17 10:08:37,6033.6,601264
2021-06-17 10:08:38,6033.5,601266
2021-06-17 10:08:39,6033.5,601321
2021-06-17 10:08:40,6033.2,601361
2021-06-17 10:08:41,6033.1,601371
2021-06-17 10:08:42,6033.1,601413
2021-06-17 10:08:43,6033.6,601433
2021-06-17 10:08:44,6033.4,601438
2021-06-17 10:08:45,6033.1,601466
2021-06-17 10:08:46,6033.1,601466
2021-06-17 10:08:47,6033.1,601530
2021-06-17 10:08:48,6033.1,601530
2021-06-17 10:08:49,6033.2,601533
2021-06-17 10:08:51,6033.6,601711
2021-06-17 10:08:51,6033.6,601720
2021-06-17 10:08:52,6033.1,601744
2021-06-17 10:08:53,6033.5,601794
2021-06-17 10:08:54,6033.5,601799
2021-06-17 10:08:55,6033.5,601800
2021-06-17 10:08:57,6033.5,601804
2021-06-17 10:08:58,6033.5,601812
2021-06-17 10:08:59,6033.5,601812
2021-06-17 10:09:00,6033.5,601812
2021-06-17 10:09:03,6034.0,601846
2021-06-17 10:09:04,6033.5,602191
2021-06-17 10:09:04,6033.5,602191
2021-06-17 10:09:05,6033.5,602192
2021-06-17 10:09:06,6033.9,602270
2021-06-17 10:09:07,6033.6,602275
2021-06-17 10:09:08,6033.9,602285
2021-06-17 10:09:09,6033.9,602286
2021-06-17 10:09:10,6033.9,602302
2021-06-17 10:09:11,6035.0,602403
2021-06-17 10:09:12,6035.0,602403
2021-06-17 10:09:13,6035.0,602504
2021-06-17 10:09:14,6035.0,602504
2021-06-17 10:09:15,6035.0,602505
2021-06-17 10:09:16,6033.65,602516
2021-06-17 10:09:17,6033.65,602516
2021-06-17 10:09:18,6033.65,602516
2021-06-17 10:09:20,6035.0,602534
2021-06-17 10:09:21,6035.0,602537
2021-06-17 10:09:22,6035.0,602537
2021-06-17 10:09:24,6035.0,602538
2021-06-17 10:09:24,6033.55,602563
2021-06-17 10:09:25,6033.55,602619
2021-06-17 10:09:26,6033.55,602619
2021-06-17 10:09:27,6033.55,602619
2021-06-17 10:09:28,6033.9,602630
2021-06-17 10:09:29,6033.9,602647
2021-06-17 10:09:30,6033.1,602707
2021-06-17 10:09:31,6035.0,602832
2021-06-17 10:09:32,6035.0,602832
2021-06-17 10:09:33,6033.1,602877
2021-06-17 10:09:34,6033.1,602877
2021-06-17 10:09:35,6033.1,602900
2021-06-17 10:09:36,6033.65,603058
2021-06-17 10:09:37,6035.0,603194
2021-06-17 10:09:38,6035.0,603194
2021-06-17 10:09:39,6035.0,603209
2021-06-17 10:09:40,6035.0,603214
2021-06-17 10:09:42,6035.0,603214
2021-06-17 10:09:43,6035.0,603214
2021-06-17 10:09:44,6035.0,603214
2021-06-17 10:09:45,6035.0,603489
2021-06-17 10:09:47,6035.55,603700
2021-06-17 10:09:48,6035.5,603726
2021-06-17 10:09:49,6035.5,603726
2021-06-17 10:09:51,6033.1,603786
2021-06-17 10:09:52,6035.55,603800
2021-06-17 10:09:53,6035.55,603800
2021-06-17 10:09:54,6035.0,603801
2021-06-17 10:09:55,6035.0,603804
2021-06-17 10:09:56,6035.0,603804
2021-06-17 10:09:56,6035.0,603804
2021-06-17 10:09:57,6035.55,603807
2021-06-17 10:09:58,6035.55,603808
2021-06-17 10:09:59,6035.55,603808
2021-06-17 10:10:00,6035.55,603808
2021-06-17 10:10:01,6035.55,603811
2021-06-17 10:10:03,6035.55,603813
2021-06-17 10:10:04,6036.65,603979
2021-06-17 10:10:04,6036.65,603979
2021-06-17 10:10:05,6036.65,603979
2021-06-17 10:10:06,6033.6,604117
2021-06-17 10:10:07,6034.3,604142
2021-06-17 10:10:08,6034.8,604244
2021-06-17 10:10:10,6034.85,604311
2021-06-17 10:10:12,6034.8,604312
2021-06-17 10:10:13,6034.7,604315
2021-06-17 10:10:14,6034.7,604315
2021-06-17 10:10:14,6034.7,604315
2021-06-17 10:10:15,6034.85,605315
2021-06-17 10:10:16,6033.95,605327
2021-06-17 10:10:17,6033.9,605330
2021-06-17 10:10:19,6033.9,605332
2021-06-17 10:10:19,6033.9,605332
2021-06-17 10:10:21,6033.9,605332
2021-06-17 10:10:21,6034.0,605657
2021-06-17 10:10:22,6033.9,605662
2021-06-17 10:10:24,6034.0,605667
2021-06-17 10:10:25,6034.0,605667
2021-06-17 10:10:27,6034.0,605684
2021-06-17 10:10:29,6034.0,605709
2021-06-17 10:10:31,6034.0,605734
2021-06-17 10:10:33,6034.0,605868
2021-06-17 10:10:34,6034.0,605996
2021-06-17 10:10:35,6033.9,605997
2021-06-17 10:10:36,6034.0,606003
2021-06-17 10:10:36,6034.0,606003
2021-06-17 10:10:37,6033.9,606004
2021-06-17 10:10:38,6033.0,607251
2021-06-17 10:10:39,6033.0,607252
2021-06-17 10:10:40,6032.6,607253
2021-06-17 10:10:41,6032.6,607253
2021-06-17 10:10:42,6032.6,607253
2021-06-17 10:10:43,6033.0,607254
2021-06-17 10:10:44,6033.0,607264
2021-06-17 10:10:45,6032.6,607290
2021-06-17 10:10:46,6033.0,607390
2021-06-17 10:10:47,6032.6,607397
2021-06-17 10:10:48,6032.6,607397
2021-06-17 10:10:49,6033.0,607458
2021-06-17 10:10:50,6034.0,607583
2021-06-17 10:10:51,6034.0,607583
2021-06-17 10:10:52,6034.0,607583
2021-06-17 10:10:53,6032.8,607586
2021-06-17 10:10:54,6034.85,607839
2021-06-17 10:10:55,6034.85,607839
2021-06-17 10:10:56,6034.0,607840
2021-06-17 10:10:57,6034.6,607965
2021-06-17 10:10:58,6033.2,607983
2021-06-17 10:10:59,6034.85,608113
2021-06-17 10:11:00,6033.45,608114
2021-06-17 10:11:01,6033.25,608166
2021-06-17 10:11:02,6033.25,608168
2021-06-17 10:11:03,6033.25,608195
2021-06-17 10:11:04,6034.85,608232
2021-06-17 10:11:05,6033.25,608243
2021-06-17 10:11:06,6034.85,608248
2021-06-17 10:11:07,6034.85,608253
2021-06-17 10:11:08,6033.4,608264
2021-06-17 10:11:09,6033.4,608264
2021-06-17 10:11:10,6034.5,608288
2021-06-17 10:11:11,6034.5,608293
2021-06-17 10:11:13,6034.85,608343
2021-06-17 10:11:14,6034.85,608698
2021-06-17 10:11:15,6034.85,608699
2021-06-17 10:11:16,6034.85,608741
2021-06-17 10:11:17,6034.85,608741
2021-06-17 10:11:18,6034.85,608741
2021-06-17 10:11:19,6033.0,608762
2021-06-17 10:11:20,6033.0,608762
2021-06-17 10:11:21,6033.0,608762
2021-06-17 10:11:22,6033.0,608762
2021-06-17 10:11:23,6033.0,608762
2021-06-17 10:11:24,6033.0,608789
2021-06-17 10:11:25,6033.0,608816
2021-06-17 10:11:26,6033.8,608821
2021-06-17 10:11:27,6033.8,608827
2021-06-17 10:11:28,6033.0,608833
2021-06-17 10:11:28,6033.0,608834
2021-06-17 10:11:29,6033.0,608834
2021-06-17 10:11:30,6033.8,608835
2021-06-17 10:11:31,6033.0,608837
2021-06-17 10:11:32,6033.0,608837
2021-06-17 10:11:34,6033.0,608873
2021-06-17 10:11:35,6033.0,608892
2021-06-17 10:11:36,6033.0,608913
2021-06-17 10:11:37,6033.0,608913
2021-06-17 10:11:38,6033.0,609001
2021-06-17 10:11:39,6032.6,609016
2021-06-17 10:11:40,6033.8,609024
2021-06-17 10:11:41,6033.8,609045
2021-06-17 10:11:42,6033.8,609045
2021-06-17 10:11:42,6033.8,609062
2021-06-17 10:11:43,6033.8,609063
2021-06-17 10:11:44,6033.8,609063
2021-06-17 10:11:45,6033.0,609065
2021-06-17 10:11:46,6032.95,609077
2021-06-17 10:11:47,6033.0,609129
2021-06-17 10:11:48,6032.6,609181
2021-06-17 10:11:49,6032.6,609191
2021-06-17 10:11:50,6034.85,609388
2021-06-17 10:11:51,6034.85,609392
2021-06-17 10:11:52,6034.85,609567
2021-06-17 10:11:54,6033.2,609569
2021-06-17 10:11:55,6034.85,609580
2021-06-17 10:11:56,6034.85,609600
2021-06-17 10:11:57,6034.85,609605
2021-06-17 10:11:58,6034.85,609747
2021-06-17 10:11:59,6034.35,609988
2021-06-17 10:12:00,6032.5,610009
2021-06-17 10:12:01,6034.4,610014
2021-06-17 10:12:02,6034.4,610031
2021-06-17 10:12:02,6034.4,610031
2021-06-17 10:12:03,6033.0,610034
2021-06-17 10:12:04,6033.0,610034
2021-06-17 10:12:05,6032.95,610035
2021-06-17 10:12:06,6034.85,610509
2021-06-17 10:12:07,6034.85,610620
2021-06-17 10:12:08,6033.0,610624
2021-06-17 10:12:09,6034.85,610749
2021-06-17 10:12:10,6034.85,610749
2021-06-17 10:12:11,6032.45,610782
2021-06-17 10:12:13,6032.45,610782
2021-06-17 10:12:14,6033.2,611173
2021-06-17 10:12:15,6033.6,611175
2021-06-17 10:12:16,6033.0,611186
