timestamp,ltp,volume
2021-06-17 09:19:33,534.25,547023
2021-06-17 09:19:46,533.95,551909
2021-06-17 09:19:47,534.25,552936
2021-06-17 09:19:48,534.2,553134
2021-06-17 09:19:49,534.25,553484
2021-06-17 09:19:50,534.05,553587
2021-06-17 09:19:51,534.2,555522
2021-06-17 09:19:52,534.2,555565
2021-06-17 09:19:53,534.2,555595
2021-06-17 09:19:54,534.1,555649
2021-06-17 09:19:55,534.15,556325
2021-06-17 09:19:56,534.05,556922
2021-06-17 09:19:56,534.25,557022
2021-06-17 09:19:57,534.25,557084
2021-06-17 09:19:59,534.2,557134
2021-06-17 09:20:00,534.1,557311
2021-06-17 09:20:01,534.2,557487
2021-06-17 09:20:02,534.1,557500
2021-06-17 09:20:03,534.2,557670
2021-06-17 09:20:04,534.15,557716
2021-06-17 09:20:05,534.2,557723
2021-06-17 09:20:06,534.2,558797
2021-06-17 09:20:07,534.1,558831
2021-06-17 09:20:08,534.1,559213
2021-06-17 09:20:09,534.2,559527
2021-06-17 09:20:10,534.25,559621
2021-06-17 09:20:12,534.2,559671
2021-06-17 09:20:13,534.25,559672
2021-06-17 09:20:14,534.2,560082
2021-06-17 09:20:15,534.2,560446
2021-06-17 09:20:16,534.1,561720
2021-06-17 09:20:17,534.1,561821
2021-06-17 09:20:18,534.1,561934
2021-06-17 09:20:18,534.1,561934
2021-06-17 09:20:19,534.25,562434
2021-06-17 09:20:20,534.25,562434
2021-06-17 09:20:23,534.25,562768
2021-06-17 09:20:24,533.95,569421
2021-06-17 09:20:25,534.1,569456
2021-06-17 09:20:26,534.05,569552
2021-06-17 09:20:27,534.05,569560
2021-06-17 09:20:28,534.0,569561
2021-06-17 09:20:29,534.05,569696
2021-06-17 09:20:30,534.05,569776
2021-06-17 09:20:31,533.9,570512
2021-06-17 09:20:32,534.05,572118
2021-06-17 09:20:33,534.25,572242
2021-06-17 09:20:34,534.25,572312
2021-06-17 09:20:35,534.0,572757
2021-06-17 09:20:36,534.15,572915
2021-06-17 09:20:37,534.15,573100
2021-06-17 09:20:38,534.2,573101
2021-06-17 09:20:39,534.05,574001
2021-06-17 09:20:40,534.2,574445
2021-06-17 09:20:40,534.2,574445
2021-06-17 09:20:42,534.2,574571
2021-06-17 09:20:43,534.2,574572
2021-06-17 09:20:45,534.2,574687
2021-06-17 09:20:45,533.9,576774
2021-06-17 09:20:46,534.05,576777
2021-06-17 09:20:48,533.85,577639
2021-06-17 09:20:49,534.05,577728
2021-06-17 09:20:50,533.8,579173
2021-06-17 09:20:51,534.05,579495
2021-06-17 09:20:52,534.05,579531
2021-06-17 09:20:53,533.85,579638
2021-06-17 09:20:54,534.05,579678
2021-06-17 09:20:55,533.85,582897
2021-06-17 09:20:56,533.85,582897
2021-06-17 09:20:57,534.0,583152
2021-06-17 09:20:58,533.75,583342
2021-06-17 09:20:59,533.75,584452
2021-06-17 09:21:00,533.9,584464
2021-06-17 09:21:01,533.95,584926
2021-06-17 09:21:02,533.75,585066
2021-06-17 09:21:03,533.6,586460
2021-06-17 09:21:04,533.6,586563
2021-06-17 09:21:05,533.6,586808
2021-06-17 09:21:06,533.7,586909
2021-06-17 09:21:07,533.7,587042
2021-06-17 09:21:08,533.8,587510
2021-06-17 09:21:09,533.6,587513
2021-06-17 09:21:10,533.7,588360
2021-06-17 09:21:11,533.7,588823
2021-06-17 09:21:12,533.7,589307
2021-06-17 09:21:13,533.8,589837
2021-06-17 09:21:14,533.95,590297
2021-06-17 09:21:15,533.85,590345
2021-06-17 09:21:16,533.85,590345
2021-06-17 09:21:17,533.85,590400
2021-06-17 09:21:18,533.85,590400
2021-06-17 09:21:19,533.95,590413
2021-06-17 09:21:20,533.75,591628
2021-06-17 09:21:21,533.75,591653
2021-06-17 09:21:21,533.95,591688
2021-06-17 09:21:23,533.95,591707
2021-06-17 09:21:24,533.95,591707
2021-06-17 09:21:25,533.75,591742
2021-06-17 09:21:26,533.95,591768
2021-06-17 09:21:27,533.95,591773
2021-06-17 09:21:28,533.95,591798
2021-06-17 09:21:29,533.95,591956
2021-06-17 09:21:30,533.8,592191
2021-06-17 09:21:31,533.95,592367
2021-06-17 09:21:32,533.95,592442
2021-06-17 09:21:33,533.95,592472
2021-06-17 09:21:34,533.95,592922
2021-06-17 09:21:35,533.7,592937
2021-06-17 09:21:36,533.8,593117
2021-06-17 09:21:37,533.95,594635
2021-06-17 09:21:38,533.95,595993
2021-06-17 09:21:39,533.85,595999
2021-06-17 09:21:40,533.9,596001
2021-06-17 09:21:41,533.9,596054
2021-06-17 09:21:42,534.1,597490
2021-06-17 09:21:43,534.1,597595
2021-06-17 09:21:44,534.1,598042
2021-06-17 09:21:45,534.1,598383
2021-06-17 09:21:46,534.2,598543
2021-06-17 09:21:47,534.2,598914
2021-06-17 09:21:47,534.1,599827
2021-06-17 09:21:49,534.0,600488
2021-06-17 09:21:50,534.1,600786
2021-06-17 09:21:50,534.1,601086
2021-06-17 09:21:52,534.2,601661
2021-06-17 09:21:53,534.2,601699
2021-06-17 09:21:54,534.2,601705
2021-06-17 09:21:55,534.2,601825
2021-06-17 09:21:56,534.2,601826
2021-06-17 09:21:57,534.2,602113
2021-06-17 09:21:58,534.2,602516
2021-06-17 09:21:59,534.25,602556
2021-06-17 09:22:00,534.0,602789
2021-06-17 09:22:01,534.3,602998
2021-06-17 09:22:02,533.9,608928
2021-06-17 09:22:03,534.0,609038
2021-06-17 09:22:04,533.7,612891
2021-06-17 09:22:05,533.7,613149
2021-06-17 09:22:06,533.55,617861
2021-06-17 09:22:07,533.5,618480
2021-06-17 09:22:08,533.55,619072
2021-06-17 09:22:09,533.55,619077
2021-06-17 09:22:10,533.55,619252
2021-06-17 09:22:11,533.5,620256
2021-06-17 09:22:12,533.7,620666
2021-06-17 09:22:13,533.7,620666
2021-06-17 09:22:14,533.55,620794
2021-06-17 09:22:16,533.55,621876
2021-06-17 09:22:17,533.4,622509
2021-06-17 09:22:18,533.55,622694
2021-06-17 09:22:19,533.5,625759
2021-06-17 09:22:20,533.4,625779
2021-06-17 09:22:21,533.4,626127
2021-06-17 09:22:22,533.35,626132
2021-06-17 09:22:23,533.55,626232
2021-06-17 09:22:24,533.65,627142
2021-06-17 09:22:25,533.4,627232
2021-06-17 09:22:26,533.35,627668
2021-06-17 09:22:27,533.35,629324
2021-06-17 09:22:28,533.35,629555
2021-06-17 09:22:29,533.35,630828
2021-06-17 09:22:30,533.3,630853
2021-06-17 09:22:31,533.35,631208
2021-06-17 09:22:32,533.3,632596
2021-06-17 09:22:33,533.35,632598
2021-06-17 09:22:34,533.25,632956
2021-06-17 09:22:35,533.35,633192
2021-06-17 09:22:36,533.15,635742
2021-06-17 09:22:37,533.35,635800
2021-06-17 09:22:38,533.35,636382
2021-06-17 09:22:39,533.35,640580
2021-06-17 09:22:42,533.2,641096
2021-06-17 09:22:44,532.85,655269
2021-06-17 09:22:45,532.8,655933
2021-06-17 09:22:46,532.9,656900
2021-06-17 09:22:47,533.0,658286
2021-06-17 09:22:48,532.8,658613
2021-06-17 09:22:49,532.85,659026
2021-06-17 09:22:50,533.05,659318
2021-06-17 09:22:51,533.0,660145
2021-06-17 09:22:52,533.05,660240
2021-06-17 09:22:53,533.05,661801
2021-06-17 09:22:54,533.0,664772
2021-06-17 09:22:55,533.3,664970
2021-06-17 09:22:56,533.3,665061
2021-06-17 09:22:57,533.05,665106
2021-06-17 09:22:58,533.3,665225
2021-06-17 09:22:59,533.05,665698
2021-06-17 09:23:00,533.05,665731
2021-06-17 09:23:01,533.35,666222
2021-06-17 09:23:02,533.4,666353
2021-06-17 09:23:03,533.4,666696
2021-06-17 09:23:04,533.55,667395
2021-06-17 09:23:06,533.35,667480
2021-06-17 09:23:07,533.55,667510
2021-06-17 09:23:08,533.55,667718
2021-06-17 09:23:09,533.4,668218
2021-06-17 09:23:12,533.75,669115
2021-06-17 09:23:14,533.75,669174
2021-06-17 09:23:13,533.75,669174
2021-06-17 09:23:18,533.75,669603
2021-06-17 09:23:19,533.8,669636
2021-06-17 09:23:20,533.55,670034
2021-06-17 09:23:21,533.75,670346
2021-06-17 09:23:22,533.75,670398
2021-06-17 09:23:23,533.6,671122
2021-06-17 09:23:24,533.5,671197
2021-06-17 09:23:25,533.6,671263
2021-06-17 09:23:26,533.6,671263
2021-06-17 09:23:27,533.5,672523
2021-06-17 09:23:28,533.75,672773
2021-06-17 09:23:29,533.75,672796
2021-06-17 09:23:30,533.75,672980
2021-06-17 09:23:31,533.55,672990
2021-06-17 09:23:32,533.55,673213
2021-06-17 09:23:33,533.75,673214
2021-06-17 09:23:34,533.6,673269
2021-06-17 09:23:35,533.95,675220
2021-06-17 09:23:36,533.95,675220
2021-06-17 09:23:37,533.9,675386
2021-06-17 09:23:38,533.9,675467
2021-06-17 09:23:39,533.75,675521
2021-06-17 09:23:40,533.8,676022
2021-06-17 09:23:41,533.8,676027
2021-06-17 09:23:42,533.8,676077
2021-06-17 09:23:44,533.9,676585
2021-06-17 09:23:45,533.9,676585
2021-06-17 09:23:46,533.8,677007
2021-06-17 09:23:47,533.8,677062
2021-06-17 09:23:48,534.0,678461
2021-06-17 09:23:49,533.85,680998
2021-06-17 09:23:50,534.0,681499
2021-06-17 09:23:51,533.95,681503
2021-06-17 09:23:54,533.95,681559
2021-06-17 09:23:55,533.95,681571
2021-06-17 09:23:56,533.6,683412
2021-06-17 09:23:57,533.6,683472
2021-06-17 09:23:58,533.85,683773
2021-06-17 09:23:59,533.8,684303
2021-06-17 09:24:00,533.95,687680
2021-06-17 09:24:01,533.7,687912
2021-06-17 09:24:02,533.8,688566
2021-06-17 09:24:03,533.85,689970
2021-06-17 09:24:04,533.9,690570
2021-06-17 09:24:05,533.8,690590
2021-06-17 09:24:06,533.9,691100
2021-06-17 09:24:07,533.8,692302
2021-06-17 09:24:08,533.7,692666
2021-06-17 09:24:09,533.85,692967
2021-06-17 09:24:10,533.85,692967
2021-06-17 09:24:11,533.85,692967
2021-06-17 09:24:12,533.85,693100
2021-06-17 09:24:13,533.85,693350
2021-06-17 09:24:14,533.8,693490
2021-06-17 09:24:15,533.6,693600
2021-06-17 09:24:17,533.8,693725
2021-06-17 09:24:17,533.8,693725
2021-06-17 09:24:19,533.8,693735
2021-06-17 09:24:19,533.8,693735
2021-06-17 09:24:20,533.8,693786
2021-06-17 09:24:21,533.8,693858
2021-06-17 09:24:22,533.65,695038
2021-06-17 09:24:23,533.5,695139
2021-06-17 09:24:24,533.75,695649
2021-06-17 09:24:25,533.8,695663
2021-06-17 09:24:27,533.5,695985
2021-06-17 09:24:27,533.75,696075
2021-06-17 09:24:28,533.7,696215
2021-06-17 09:24:29,533.75,696236
2021-06-17 09:24:31,533.75,696345
2021-06-17 09:24:31,533.75,696373
2021-06-17 09:24:33,533.8,697862
2021-06-17 09:24:33,533.8,697872
2021-06-17 09:24:34,533.5,700317
2021-06-17 09:24:35,533.7,700340
2021-06-17 09:24:36,533.65,700587
2021-06-17 09:24:38,533.65,700617
2021-06-17 09:24:39,533.65,700617
2021-06-17 09:24:40,533.45,700869
2021-06-17 09:24:42,533.65,701199
2021-06-17 09:24:43,533.65,701328
2021-06-17 09:24:43,533.65,701328
2021-06-17 09:24:45,533.5,701691
2021-06-17 09:24:46,533.7,701878
2021-06-17 09:24:46,533.7,701878
2021-06-17 09:24:47,533.7,701985
2021-06-17 09:24:48,533.7,702036
2021-06-17 09:24:49,533.7,702150
2021-06-17 09:24:50,533.7,702180
2021-06-17 09:24:51,533.7,702244
2021-06-17 09:24:52,533.7,702244
2021-06-17 09:24:53,533.7,702650
2021-06-17 09:24:54,533.65,702651
2021-06-17 09:24:55,533.65,702746
2021-06-17 09:24:56,533.7,702871
2021-06-17 09:24:58,533.7,704255
2021-06-17 09:24:59,533.65,704341
2021-06-17 09:25:00,533.7,704709
2021-06-17 09:25:01,533.7,704734
2021-06-17 09:25:02,533.7,706900
2021-06-17 09:25:03,533.45,707260
2021-06-17 09:25:04,533.4,709285
2021-06-17 09:25:05,533.3,709493
2021-06-17 09:25:06,533.7,710485
2021-06-17 09:25:08,533.8,710585
2021-06-17 09:25:08,533.8,710585
2021-06-17 09:25:09,533.6,710595
2021-06-17 09:25:10,533.8,710928
2021-06-17 09:25:11,533.8,712354
2021-06-17 09:25:12,533.75,712356
2021-06-17 09:25:13,533.8,712415
2021-06-17 09:25:14,533.85,712593
2021-06-17 09:25:16,533.9,712841
2021-06-17 09:25:16,533.8,713082
2021-06-17 09:25:18,533.75,713433
2021-06-17 09:25:19,533.9,713474
2021-06-17 09:25:20,533.6,714659
2021-06-17 09:25:21,533.75,714687
2021-06-17 09:25:22,533.8,714787
2021-06-17 09:25:23,533.6,715020
2021-06-17 09:25:23,533.8,715030
2021-06-17 09:25:24,533.55,715486
2021-06-17 09:25:26,533.8,715692
2021-06-17 09:25:28,533.8,715936
2021-06-17 09:25:29,533.8,716332
2021-06-17 09:25:30,533.75,716416
2021-06-17 09:25:31,533.8,716432
2021-06-17 09:25:32,533.7,716538
2021-06-17 09:25:33,533.8,717562
2021-06-17 09:25:34,533.7,717574
2021-06-17 09:25:35,533.8,717668
2021-06-17 09:25:35,533.7,717669
2021-06-17 09:25:36,533.7,717696
2021-06-17 09:25:37,533.75,718107
2021-06-17 09:25:38,533.65,718139
2021-06-17 09:25:39,533.6,718194
2021-06-17 09:25:40,533.6,719229
2021-06-17 09:25:41,533.6,719710
2021-06-17 09:25:42,533.8,720235
2021-06-17 09:25:43,533.6,720630
2021-06-17 09:25:44,533.5,720647
2021-06-17 09:25:45,533.6,720709
2021-06-17 09:25:46,533.3,722819
2021-06-17 09:25:48,533.35,723789
2021-06-17 09:25:49,533.6,723941
2021-06-17 09:25:50,533.45,724236
2021-06-17 09:25:51,533.2,726963
2021-06-17 09:25:52,533.4,727518
2021-06-17 09:25:53,533.45,728009
2021-06-17 09:25:54,533.4,728013
2021-06-17 09:25:56,533.4,728145
2021-06-17 09:25:57,533.6,729279
2021-06-17 09:25:57,533.6,729279
2021-06-17 09:25:58,533.6,729287
2021-06-17 09:25:59,533.5,731725
2021-06-17 09:26:00,533.4,734253
2021-06-17 09:26:01,533.3,734331
2021-06-17 09:26:02,533.8,835276
2021-06-17 09:26:03,533.75,835277
2021-06-17 09:26:05,533.55,835317
2021-06-17 09:26:06,533.6,835318
2021-06-17 09:26:07,533.8,836100
2021-06-17 09:26:09,533.8,836109
2021-06-17 09:26:10,533.8,836109
2021-06-17 09:26:11,533.8,836109
2021-06-17 09:26:11,533.8,836109
2021-06-17 09:26:12,533.65,839543
2021-06-17 09:26:13,533.9,839555
2021-06-17 09:26:14,534.0,840120
2021-06-17 09:26:15,534.0,840120
2021-06-17 09:26:16,533.7,840920
2021-06-17 09:26:17,534.0,841081
2021-06-17 09:26:19,533.7,841426
2021-06-17 09:26:19,533.7,841426
2021-06-17 09:26:20,533.5,841972
2021-06-17 09:26:21,533.8,841990
2021-06-17 09:26:22,533.9,842122
2021-06-17 09:26:23,533.6,842207
2021-06-17 09:26:24,533.75,842297
2021-06-17 09:26:25,533.95,842618
2021-06-17 09:26:27,533.9,842768
2021-06-17 09:26:27,533.9,842768
2021-06-17 09:26:28,533.9,842829
2021-06-17 09:26:29,533.9,844950
2021-06-17 09:26:30,534.05,846193
2021-06-17 09:26:32,534.4,848596
2021-06-17 09:26:33,534.4,848691
2021-06-17 09:26:34,534.0,849005
2021-06-17 09:26:35,533.95,849276
2021-06-17 09:26:35,534.25,849576
2021-06-17 09:26:36,533.95,849618
2021-06-17 09:26:38,534.4,849966
2021-06-17 09:26:39,534.1,850070
2021-06-17 09:26:39,534.1,850070
2021-06-17 09:26:40,534.45,850293
2021-06-17 09:26:41,534.4,850375
2021-06-17 09:26:42,534.45,851159
2021-06-17 09:26:44,534.45,851323
2021-06-17 09:26:45,534.5,851493
2021-06-17 09:26:46,534.65,851744
2021-06-17 09:26:47,534.7,852462
2021-06-17 09:26:48,534.6,852514
2021-06-17 09:26:49,534.8,852662
2021-06-17 09:26:52,534.8,853588
2021-06-17 09:26:53,534.75,855848
2021-06-17 09:26:54,534.75,856174
2021-06-17 09:26:55,534.9,857058
2021-06-17 09:26:57,534.95,860171
2021-06-17 09:26:58,534.95,860171
2021-06-17 09:26:59,534.9,860337
2021-06-17 09:27:00,534.9,861337
2021-06-17 09:27:01,534.95,861357
2021-06-17 09:27:02,535.05,862591
2021-06-17 09:27:03,535.05,863191
2021-06-17 09:27:05,535.0,863981
2021-06-17 09:27:06,535.1,864231
2021-06-17 09:27:07,535.0,864415
2021-06-17 09:27:08,534.95,864480
2021-06-17 09:27:09,535.0,864542
2021-06-17 09:27:10,535.1,865366
2021-06-17 09:27:10,535.1,865366
2021-06-17 09:27:11,535.0,865591
2021-06-17 09:27:13,535.0,865793
2021-06-17 09:27:14,534.95,866138
2021-06-17 09:27:15,534.95,866138
2021-06-17 09:27:15,535.0,866208
2021-06-17 09:27:17,535.0,866860
2021-06-17 09:27:18,534.95,867912
2021-06-17 09:27:19,535.0,869112
2021-06-17 09:27:20,535.0,869505
2021-06-17 09:27:20,534.9,869607
2021-06-17 09:27:21,535.0,869663
2021-06-17 09:27:23,534.75,872587
2021-06-17 09:27:24,534.95,872921
2021-06-17 09:27:24,534.95,872921
2021-06-17 09:27:25,534.95,873066
2021-06-17 09:27:26,534.7,874340
2021-06-17 09:27:27,534.95,874626
2021-06-17 09:27:28,534.8,875207
2021-06-17 09:27:29,534.9,875219
2021-06-17 09:27:30,534.9,875320
2021-06-17 09:27:31,534.95,876062
2021-06-17 09:27:32,535.0,876167
2021-06-17 09:27:33,535.0,876175
2021-06-17 09:27:34,534.8,877621
2021-06-17 09:27:35,534.95,877895
2021-06-17 09:27:36,534.95,877896
2021-06-17 09:27:37,534.95,877946
2021-06-17 09:27:38,534.95,878132
2021-06-17 09:27:39,534.95,878855
2021-06-17 09:27:40,534.95,879306
2021-06-17 09:27:41,534.85,879383
2021-06-17 09:27:42,534.85,881294
2021-06-17 09:27:43,534.85,881874
2021-06-17 09:27:44,534.8,881986
2021-06-17 09:27:46,534.75,884335
2021-06-17 09:27:48,534.6,885535
2021-06-17 09:27:49,534.75,885777
2021-06-17 09:27:50,534.75,885777
2021-06-17 09:27:50,534.6,887678
2021-06-17 09:27:51,534.6,887678
2021-06-17 09:27:52,534.75,887708
2021-06-17 09:27:53,534.75,887869
2021-06-17 09:27:54,534.55,887895
2021-06-17 09:27:55,534.55,887915
2021-06-17 09:27:56,534.55,887915
2021-06-17 09:27:58,534.55,888051
2021-06-17 09:27:59,534.55,888108
2021-06-17 09:28:00,534.65,888148
2021-06-17 09:28:02,534.75,890656
2021-06-17 09:28:03,534.55,892990
2021-06-17 09:28:04,534.55,893356
2021-06-17 09:28:05,534.55,893456
2021-06-17 09:28:06,534.5,894736
2021-06-17 09:28:07,534.6,895239
2021-06-17 09:28:08,534.5,895256
2021-06-17 09:28:09,534.4,895481
2021-06-17 09:28:11,534.4,896187
2021-06-17 09:28:11,534.45,896212
2021-06-17 09:28:12,534.4,896295
2021-06-17 09:28:13,534.1,896452
2021-06-17 09:28:14,534.05,896538
2021-06-17 09:28:15,534.2,896701
2021-06-17 09:28:16,534.3,896711
2021-06-17 09:28:17,534.1,896868
2021-06-17 09:28:18,534.25,897104
2021-06-17 09:28:19,534.25,897107
2021-06-17 09:28:20,534.25,897307
2021-06-17 09:28:21,534.25,897456
2021-06-17 09:28:22,534.25,897473
2021-06-17 09:28:24,534.25,897505
2021-06-17 09:28:25,534.2,897758
2021-06-17 09:28:26,534.4,897954
2021-06-17 09:28:27,534.45,899356
2021-06-17 09:28:28,534.3,899456
2021-06-17 09:28:30,534.55,899580
2021-06-17 09:28:31,534.55,899618
2021-06-17 09:28:32,534.4,900160
2021-06-17 09:28:33,534.3,900243
2021-06-17 09:28:34,534.1,901251
2021-06-17 09:28:35,534.4,901853
2021-06-17 09:28:36,534.35,902288
2021-06-17 09:28:37,534.5,904189
2021-06-17 09:28:38,534.55,904250
2021-06-17 09:28:39,534.3,904570
2021-06-17 09:28:40,534.45,904712
2021-06-17 09:28:41,534.4,904719
2021-06-17 09:28:42,533.9,920238
2021-06-17 09:28:43,533.95,920438
2021-06-17 09:28:45,534.15,921691
2021-06-17 09:28:46,534.15,921691
2021-06-17 09:28:47,534.3,922745
2021-06-17 09:28:48,534.1,922755
2021-06-17 09:28:49,534.35,924044
2021-06-17 09:28:50,534.1,924744
2021-06-17 09:28:51,534.0,924784
2021-06-17 09:28:52,534.15,924794
2021-06-17 09:28:53,533.7,929634
2021-06-17 09:28:53,533.7,929471
2021-06-17 09:28:54,533.7,929855
2021-06-17 09:28:55,533.7,929977
2021-06-17 09:28:56,533.7,930083
2021-06-17 09:28:58,533.7,930458
2021-06-17 09:28:59,533.7,930559
2021-06-17 09:29:00,533.9,931585
2021-06-17 09:29:02,534.0,932775
2021-06-17 09:29:04,533.95,933036
2021-06-17 09:29:05,533.85,933068
2021-06-17 09:29:06,533.85,933213
2021-06-17 09:29:07,533.85,933224
2021-06-17 09:29:08,533.85,933249
2021-06-17 09:29:09,533.95,933334
2021-06-17 09:29:10,533.95,933334
2021-06-17 09:29:11,533.95,933334
2021-06-17 09:29:11,533.95,933334
2021-06-17 09:29:12,533.95,933534
2021-06-17 09:29:13,533.95,933659
2021-06-17 09:29:14,533.95,933891
2021-06-17 09:29:15,533.9,934104
2021-06-17 09:29:16,533.9,934130
2021-06-17 09:29:17,533.9,934135
2021-06-17 09:29:18,533.9,934135
2021-06-17 09:29:19,533.9,938236
2021-06-17 09:29:20,533.85,938796
2021-06-17 09:29:21,533.9,939318
2021-06-17 09:29:22,533.9,939558
2021-06-17 09:29:23,533.9,939770
2021-06-17 09:29:24,533.9,940823
2021-06-17 09:29:26,533.9,942390
2021-06-17 09:29:27,533.9,942445
2021-06-17 09:29:28,533.9,944118
2021-06-17 09:29:29,533.8,944120
2021-06-17 09:29:30,534.45,952131
2021-06-17 09:29:31,534.45,952133
2021-06-17 09:29:32,534.5,952899
2021-06-17 09:29:34,534.5,952942
2021-06-17 09:29:35,534.45,954368
2021-06-17 09:29:36,534.55,954438
2021-06-17 09:29:37,534.55,954438
2021-06-17 09:29:38,534.5,954441
2021-06-17 09:29:39,534.6,955491
2021-06-17 09:29:40,534.45,956117
2021-06-17 09:29:42,534.6,956846
2021-06-17 09:29:42,534.7,957846
2021-06-17 09:29:44,534.75,959187
2021-06-17 09:29:45,534.65,959237
2021-06-17 09:29:46,534.65,959412
2021-06-17 09:29:48,534.65,959678
2021-06-17 09:29:49,534.8,960178
2021-06-17 09:29:50,534.8,960178
2021-06-17 09:29:51,534.8,960565
2021-06-17 09:29:52,534.65,961262
2021-06-17 09:29:52,534.65,961262
2021-06-17 09:29:53,534.7,961346
2021-06-17 09:29:55,534.7,961367
2021-06-17 09:29:56,534.65,961452
2021-06-17 09:29:57,534.7,961962
2021-06-17 09:29:58,534.7,961962
2021-06-17 09:29:59,534.7,962148
2021-06-17 09:30:00,534.65,962173
2021-06-17 09:30:01,534.7,963005
2021-06-17 09:30:02,534.7,963314
2021-06-17 09:30:03,534.65,963513
2021-06-17 09:30:04,534.65,963518
2021-06-17 09:30:04,534.75,963538
2021-06-17 09:30:06,534.75,963571
2021-06-17 09:30:07,534.8,963581
2021-06-17 09:30:08,534.7,963681
2021-06-17 09:30:09,534.75,963762
2021-06-17 09:30:10,534.75,963772
2021-06-17 09:30:11,534.75,963772
2021-06-17 09:30:12,534.7,963804
2021-06-17 09:30:12,534.75,964067
2021-06-17 09:30:13,534.75,964112
2021-06-17 09:30:14,534.75,964114
2021-06-17 09:30:15,534.75,964114
2021-06-17 09:30:17,534.7,964127
2021-06-17 09:30:18,534.75,964228
2021-06-17 09:30:19,534.75,964447
2021-06-17 09:30:20,534.8,964557
2021-06-17 09:30:21,534.75,965661
2021-06-17 09:30:22,534.7,965786
2021-06-17 09:30:23,534.8,965841
2021-06-17 09:30:24,534.8,965868
2021-06-17 09:30:24,534.8,965868
2021-06-17 09:30:26,534.75,965889
2021-06-17 09:30:27,534.7,965904
2021-06-17 09:30:28,534.7,965971
2021-06-17 09:30:29,534.8,966129
2021-06-17 09:30:30,534.75,966226
2021-06-17 09:30:31,534.8,966337
2021-06-17 09:30:32,534.75,967316
2021-06-17 09:30:33,534.5,968260
2021-06-17 09:30:34,534.45,970005
2021-06-17 09:30:35,534.35,970566
2021-06-17 09:30:36,534.35,970566
2021-06-17 09:30:37,534.5,970655
2021-06-17 09:30:38,534.35,970656
2021-06-17 09:30:39,534.25,970723
2021-06-17 09:30:40,534.35,970773
2021-06-17 09:30:41,534.4,971083
2021-06-17 09:30:42,534.25,971145
2021-06-17 09:30:43,534.1,971152
2021-06-17 09:30:44,534.3,971259
2021-06-17 09:30:44,534.3,971259
2021-06-17 09:30:45,534.3,971269
2021-06-17 09:30:46,534.0,972954
2021-06-17 09:30:48,534.0,973183
2021-06-17 09:30:49,534.0,973353
2021-06-17 09:30:50,534.0,973480
2021-06-17 09:30:51,533.9,973949
2021-06-17 09:30:52,534.05,973990
2021-06-17 09:30:53,534.1,975148
2021-06-17 09:30:54,534.1,975158
2021-06-17 09:30:55,534.1,975158
2021-06-17 09:30:57,534.05,975320
2021-06-17 09:30:58,534.05,975320
2021-06-17 09:30:59,534.1,975420
2021-06-17 09:31:00,534.15,975438
2021-06-17 09:31:01,534.0,975475
2021-06-17 09:31:02,534.2,975631
2021-06-17 09:31:03,534.0,975831
2021-06-17 09:31:04,534.0,975831
2021-06-17 09:31:05,534.2,976075
2021-06-17 09:31:06,534.05,976077
2021-06-17 09:31:07,534.0,976185
2021-06-17 09:31:08,534.0,976185
2021-06-17 09:31:09,534.0,979164
2021-06-17 09:31:09,534.0,979165
2021-06-17 09:31:11,534.0,979264
2021-06-17 09:31:12,533.8,979342
2021-06-17 09:31:13,534.0,979347
2021-06-17 09:31:13,534.0,979467
2021-06-17 09:31:15,533.85,979868
2021-06-17 09:31:15,534.0,980184
2021-06-17 09:31:17,534.0,985079
2021-06-17 09:31:18,533.95,985182
2021-06-17 09:31:19,533.7,986704
2021-06-17 09:31:21,533.8,986816
2021-06-17 09:31:20,533.85,986711
2021-06-17 09:31:22,534.0,989416
2021-06-17 09:31:24,533.95,990660
2021-06-17 09:31:25,533.75,990710
2021-06-17 09:31:26,533.75,990710
2021-06-17 09:31:27,533.7,991514
2021-06-17 09:31:28,533.7,991669
2021-06-17 09:31:29,533.7,991673
2021-06-17 09:31:30,533.65,991724
2021-06-17 09:31:31,533.7,991734
2021-06-17 09:31:32,533.6,992537
2021-06-17 09:31:32,533.75,992543
2021-06-17 09:31:33,533.8,992544
2021-06-17 09:31:35,533.9,993339
2021-06-17 09:31:35,533.7,993618
2021-06-17 09:31:37,533.7,993752
2021-06-17 09:31:38,533.95,994153
2021-06-17 09:31:39,533.75,994173
2021-06-17 09:31:40,533.9,994693
2021-06-17 09:31:41,533.9,994793
2021-06-17 09:31:42,533.8,995010
2021-06-17 09:31:43,533.8,995010
2021-06-17 09:31:43,533.8,995010
2021-06-17 09:31:44,534.0,995789
2021-06-17 09:31:45,534.0,995789
2021-06-17 09:31:47,534.1,995809
2021-06-17 09:31:48,534.1,995829
2021-06-17 09:31:49,534.1,995829
2021-06-17 09:31:50,534.05,995843
2021-06-17 09:31:52,534.2,996161
2021-06-17 09:31:52,534.2,996161
2021-06-17 09:31:54,534.0,996298
2021-06-17 09:31:55,534.05,996320
2021-06-17 09:31:56,534.1,996401
2021-06-17 09:31:57,534.1,996401
2021-06-17 09:31:58,534.05,996569
2021-06-17 09:31:59,534.0,996913
2021-06-17 09:32:00,534.1,997063
2021-06-17 09:32:01,534.1,997063
2021-06-17 09:32:02,534.1,997488
2021-06-17 09:32:03,534.1,997505
2021-06-17 09:32:04,534.1,997505
2021-06-17 09:32:05,534.1,997528
2021-06-17 09:32:06,534.3,998180
2021-06-17 09:32:06,534.3,998180
2021-06-17 09:32:07,534.3,998180
2021-06-17 09:32:08,534.3,998300
2021-06-17 09:32:09,534.3,998488
2021-06-17 09:32:10,534.3,998526
2021-06-17 09:32:11,534.5,999732
2021-06-17 09:32:12,534.5,999732
2021-06-17 09:32:13,534.5,999732
2021-06-17 09:32:15,534.35,999734
2021-06-17 09:32:17,534.45,1000333
2021-06-17 09:32:19,534.35,1000463
2021-06-17 09:32:21,534.3,1002063
2021-06-17 09:32:27,534.25,1004393
2021-06-17 09:32:28,534.4,1004818
2021-06-17 09:32:30,534.2,1004918
2021-06-17 09:32:29,534.4,1004818
2021-06-17 09:32:31,534.25,1005086
2021-06-17 09:32:32,534.25,1005086
2021-06-17 09:32:33,534.25,1005241
2021-06-17 09:32:35,534.15,1005491
2021-06-17 09:32:36,534.4,1005526
2021-06-17 09:32:37,534.25,1005528
2021-06-17 09:32:38,534.15,1005628
2021-06-17 09:32:39,534.15,1005628
2021-06-17 09:32:40,534.35,1005930
2021-06-17 09:32:41,534.3,1005957
2021-06-17 09:32:42,534.15,1006105
2021-06-17 09:32:44,534.05,1007291
2021-06-17 09:32:45,534.1,1008426
2021-06-17 09:32:46,534.1,1008426
2021-06-17 09:32:47,534.0,1008616
2021-06-17 09:32:49,534.0,1008693
2021-06-17 09:32:50,534.0,1008797
2021-06-17 09:32:51,534.0,1009162
2021-06-17 09:32:52,533.95,1009653
2021-06-17 09:32:53,534.05,1009673
2021-06-17 09:32:54,533.95,1009799
2021-06-17 09:32:55,533.95,1009809
2021-06-17 09:32:56,534.0,1010639
2021-06-17 09:32:57,533.8,1010770
2021-06-17 09:32:58,534.05,1010922
2021-06-17 09:33:01,534.15,1011694
2021-06-17 09:33:02,534.15,1011694
2021-06-17 09:33:04,534.0,1011695
2021-06-17 09:33:06,534.1,1011759
2021-06-17 09:33:07,534.05,1011986
2021-06-17 09:33:08,534.05,1012070
2021-06-17 09:33:09,534.05,1012070
2021-06-17 09:33:10,534.1,1012199
2021-06-17 09:33:11,534.05,1012301
2021-06-17 09:33:12,534.1,1012325
2021-06-17 09:33:13,534.2,1012435
2021-06-17 09:33:14,534.2,1012435
2021-06-17 09:33:15,534.3,1012569
2021-06-17 09:33:16,534.3,1012669
2021-06-17 09:33:17,534.1,1012989
2021-06-17 09:33:18,534.1,1012989
2021-06-17 09:33:19,534.15,1012994
2021-06-17 09:33:20,534.2,1013004
2021-06-17 09:33:21,534.15,1013104
2021-06-17 09:33:22,534.25,1013107
2021-06-17 09:33:23,534.3,1013157
2021-06-17 09:33:24,534.3,1014084
2021-06-17 09:33:25,534.35,1014175
2021-06-17 09:33:26,534.25,1014187
2021-06-17 09:33:27,534.25,1014425
2021-06-17 09:33:28,534.05,1014731
2021-06-17 09:33:29,534.05,1014731
2021-06-17 09:33:30,534.2,1015277
2021-06-17 09:33:31,534.15,1015366
2021-06-17 09:33:32,534.05,1015400
2021-06-17 09:33:33,534.2,1015757
2021-06-17 09:33:34,534.15,1016699
2021-06-17 09:33:35,534.1,1016704
2021-06-17 09:33:36,534.05,1016779
2021-06-17 09:33:38,533.85,1022616
2021-06-17 09:33:37,534.0,1018052
2021-06-17 09:33:39,533.85,1022717
2021-06-17 09:33:40,533.85,1022722
2021-06-17 09:33:41,533.85,1022812
2021-06-17 09:33:42,533.85,1024228
2021-06-17 09:33:43,533.9,1024828
2021-06-17 09:33:44,533.95,1025540
2021-06-17 09:33:45,534.0,1025711
2021-06-17 09:33:46,534.0,1025711
2021-06-17 09:33:47,533.85,1026082
2021-06-17 09:33:48,534.0,1026163
2021-06-17 09:33:49,534.0,1026163
2021-06-17 09:33:50,534.0,1026164
2021-06-17 09:33:51,533.95,1026367
2021-06-17 09:33:52,534.0,1026446
2021-06-17 09:33:53,534.0,1026513
2021-06-17 09:33:54,534.0,1026602
2021-06-17 09:33:55,534.0,1026602
2021-06-17 09:33:56,534.0,1026602
2021-06-17 09:33:57,534.0,1026602
2021-06-17 09:33:58,534.0,1026708
2021-06-17 09:33:59,533.9,1026900
2021-06-17 09:34:00,533.95,1026925
2021-06-17 09:34:01,533.95,1028190
2021-06-17 09:34:02,533.85,1028830
2021-06-17 09:34:03,533.9,1028844
2021-06-17 09:34:04,533.9,1028849
2021-06-17 09:34:05,533.95,1028974
2021-06-17 09:34:06,533.95,1028984
2021-06-17 09:34:07,533.95,1029408
2021-06-17 09:34:08,533.95,1029408
2021-06-17 09:34:09,533.95,1029413
2021-06-17 09:34:10,533.8,1029432
2021-06-17 09:34:12,533.8,1032349
2021-06-17 09:34:13,533.8,1032409
2021-06-17 09:34:14,533.7,1032731
2021-06-17 09:34:15,533.7,1032806
2021-06-17 09:34:16,533.8,1032826
2021-06-17 09:34:17,533.7,1032935
2021-06-17 09:34:18,533.8,1032953
2021-06-17 09:34:19,533.75,1032991
2021-06-17 09:34:20,533.7,1033150
2021-06-17 09:34:21,533.7,1033150
2021-06-17 09:34:23,533.7,1034350
2021-06-17 09:34:22,533.8,1034223
2021-06-17 09:34:24,533.8,1034477
2021-06-17 09:34:25,533.7,1034587
2021-06-17 09:34:26,533.7,1034778
2021-06-17 09:34:27,533.75,1034909
2021-06-17 09:34:28,533.6,1035044
2021-06-17 09:34:29,533.75,1035144
2021-06-17 09:34:30,533.7,1035965
2021-06-17 09:34:31,533.7,1036098
2021-06-17 09:34:32,533.65,1036231
2021-06-17 09:34:33,533.7,1036402
2021-06-17 09:34:34,533.75,1036403
2021-06-17 09:34:35,533.75,1036414
2021-06-17 09:34:36,533.75,1036956
2021-06-17 09:34:37,533.75,1037759
2021-06-17 09:34:38,533.7,1037838
2021-06-17 09:34:39,533.7,1037838
2021-06-17 09:34:40,533.7,1037923
2021-06-17 09:34:41,533.7,1037923
2021-06-17 09:34:42,533.65,1038076
2021-06-17 09:34:43,533.75,1039148
2021-06-17 09:34:44,533.75,1039148
2021-06-17 09:34:45,533.75,1039324
2021-06-17 09:34:46,533.75,1039492
2021-06-17 09:34:47,533.7,1039768
2021-06-17 09:34:48,533.65,1039881
2021-06-17 09:34:49,533.7,1040881
2021-06-17 09:34:50,533.75,1041091
2021-06-17 09:34:51,533.8,1041223
2021-06-17 09:34:52,533.75,1041410
2021-06-17 09:34:53,533.7,1041417
2021-06-17 09:34:54,533.55,1042617
2021-06-17 09:34:55,533.55,1043715
2021-06-17 09:34:56,533.55,1043854
2021-06-17 09:34:57,533.5,1044332
2021-06-17 09:34:58,533.75,1044627
2021-06-17 09:34:59,533.5,1044861
2021-06-17 09:35:01,533.55,1045419
2021-06-17 09:35:02,533.55,1045596
2021-06-17 09:35:03,533.55,1045729
2021-06-17 09:35:04,533.55,1045729
2021-06-17 09:35:05,533.55,1045729
2021-06-17 09:35:06,533.55,1045729
2021-06-17 09:35:07,533.55,1045787
2021-06-17 09:35:08,533.8,1046118
2021-06-17 09:35:09,533.55,1046168
2021-06-17 09:35:10,533.8,1046300
2021-06-17 09:35:11,533.75,1046401
2021-06-17 09:35:12,533.75,1046405
2021-06-17 09:35:13,533.75,1046408
2021-06-17 09:35:14,533.75,1046508
2021-06-17 09:35:15,533.6,1047000
2021-06-17 09:35:16,533.75,1047132
2021-06-17 09:35:17,533.8,1047448
2021-06-17 09:35:19,533.8,1047448
2021-06-17 09:35:19,533.8,1047448
2021-06-17 09:35:20,533.8,1047471
2021-06-17 09:35:21,533.75,1047514
2021-06-17 09:35:22,533.75,1047753
2021-06-17 09:35:23,533.75,1047753
2021-06-17 09:35:24,533.8,1047765
2021-06-17 09:35:25,533.7,1050959
2021-06-17 09:35:27,533.5,1057808
2021-06-17 09:35:28,533.6,1058850
2021-06-17 09:35:29,533.65,1058954
2021-06-17 09:35:30,533.45,1062267
2021-06-17 09:35:32,533.4,1062586
2021-06-17 09:35:34,533.4,1063316
2021-06-17 09:35:35,533.4,1063466
2021-06-17 09:35:36,533.25,1065601
2021-06-17 09:35:37,533.25,1066035
2021-06-17 09:35:38,533.45,1066060
2021-06-17 09:35:40,533.45,1066060
2021-06-17 09:35:41,533.45,1066161
2021-06-17 09:35:41,533.45,1066161
2021-06-17 09:35:43,533.5,1066443
2021-06-17 09:35:44,533.3,1066923
2021-06-17 09:35:46,533.35,1067503
2021-06-17 09:35:47,533.55,1067611
2021-06-17 09:35:48,533.6,1067658
2021-06-17 09:35:49,533.6,1067698
2021-06-17 09:35:52,533.3,1069683
2021-06-17 09:35:53,533.6,1069757
2021-06-17 09:35:54,533.5,1069843
2021-06-17 09:35:55,533.5,1070106
2021-06-17 09:35:56,533.5,1070118
2021-06-17 09:35:57,533.6,1074312
2021-06-17 09:35:58,533.65,1074333
2021-06-17 09:35:59,533.3,1074679
2021-06-17 09:36:00,533.25,1075193
2021-06-17 09:36:01,533.3,1079595
2021-06-17 09:36:03,533.55,1079781
2021-06-17 09:36:04,533.6,1079783
2021-06-17 09:36:05,533.6,1079783
2021-06-17 09:36:06,533.45,1080563
2021-06-17 09:36:08,533.45,1080595
2021-06-17 09:36:09,533.6,1080805
2021-06-17 09:36:10,533.65,1081096
2021-06-17 09:36:11,533.5,1081408
2021-06-17 09:36:12,533.7,1081446
2021-06-17 09:36:13,533.6,1081489
2021-06-17 09:36:14,533.7,1081989
2021-06-17 09:36:15,533.7,1081989
2021-06-17 09:36:16,533.5,1082014
2021-06-17 09:36:17,533.6,1082120
2021-06-17 09:36:18,533.65,1082358
2021-06-17 09:36:19,533.65,1082427
2021-06-17 09:36:20,533.65,1082454
2021-06-17 09:36:21,533.6,1082518
2021-06-17 09:36:22,533.7,1082591
2021-06-17 09:36:23,533.7,1082601
2021-06-17 09:36:24,533.65,1082611
2021-06-17 09:36:27,533.7,1082928
2021-06-17 09:36:28,533.75,1085920
2021-06-17 09:36:29,533.7,1085980
2021-06-17 09:36:30,533.7,1086178
2021-06-17 09:36:31,533.7,1086281
2021-06-17 09:36:33,533.65,1086353
2021-06-17 09:36:32,533.6,1086323
2021-06-17 09:36:34,533.6,1086496
2021-06-17 09:36:35,533.7,1086643
2021-06-17 09:36:36,533.7,1086656
2021-06-17 09:36:37,533.5,1088072
2021-06-17 09:36:38,533.55,1088414
2021-06-17 09:36:39,533.55,1088521
2021-06-17 09:36:40,533.55,1088548
2021-06-17 09:36:41,533.5,1088554
2021-06-17 09:36:42,533.5,1088670
2021-06-17 09:36:43,533.5,1088673
2021-06-17 09:36:44,533.5,1088824
2021-06-17 09:36:45,533.45,1089160
2021-06-17 09:36:46,533.45,1089257
2021-06-17 09:36:47,533.5,1089272
2021-06-17 09:36:48,533.45,1089323
2021-06-17 09:36:49,533.55,1090537
2021-06-17 09:36:50,533.65,1092238
2021-06-17 09:36:51,533.65,1092238
2021-06-17 09:36:52,533.45,1092641
2021-06-17 09:36:53,533.65,1092721
2021-06-17 09:36:54,533.7,1093265
2021-06-17 09:36:55,533.5,1093315
2021-06-17 09:36:56,533.55,1093338
2021-06-17 09:36:57,533.65,1093345
2021-06-17 09:36:58,533.65,1093377
2021-06-17 09:36:59,533.65,1093377
2021-06-17 09:37:00,533.55,1093400
2021-06-17 09:37:01,533.6,1093415
2021-06-17 09:37:02,533.6,1093416
2021-06-17 09:37:03,533.6,1094170
2021-06-17 09:37:04,533.65,1094198
2021-06-17 09:37:05,533.65,1094198
2021-06-17 09:37:07,533.7,1095816
2021-06-17 09:37:07,533.7,1095816
2021-06-17 09:37:08,533.7,1096749
2021-06-17 09:37:09,533.6,1097146
2021-06-17 09:37:10,533.7,1097455
2021-06-17 09:37:11,533.7,1097678
2021-06-17 09:37:12,533.5,1097729
2021-06-17 09:37:13,533.6,1097731
2021-06-17 09:37:14,533.6,1097831
2021-06-17 09:37:15,533.7,1097866
2021-06-17 09:37:16,533.7,1097866
2021-06-17 09:37:17,533.7,1097890
2021-06-17 09:37:18,533.65,1098024
2021-06-17 09:37:19,533.65,1098024
2021-06-17 09:37:20,533.8,1098276
2021-06-17 09:37:21,533.8,1098276
2021-06-17 09:37:22,533.8,1098276
2021-06-17 09:37:23,533.7,1098328
2021-06-17 09:37:24,533.7,1098553
2021-06-17 09:37:25,533.8,1098854
2021-06-17 09:37:26,534.2,1102744
2021-06-17 09:37:27,534.15,1103794
2021-06-17 09:37:28,534.2,1103799
2021-06-17 09:37:30,534.2,1104205
2021-06-17 09:37:30,534.2,1104205
2021-06-17 09:37:31,534.45,1104411
2021-06-17 09:37:32,534.5,1106452
2021-06-17 09:37:33,534.4,1107480
2021-06-17 09:37:34,533.85,1108388
2021-06-17 09:37:35,534.15,1111087
2021-06-17 09:37:37,534.3,1112006
2021-06-17 09:37:37,534.05,1112048
2021-06-17 09:37:38,534.3,1112148
2021-06-17 09:37:39,534.3,1112248
2021-06-17 09:37:40,534.4,1114269
2021-06-17 09:37:41,534.4,1114269
2021-06-17 09:37:42,534.4,1114269
2021-06-17 09:37:43,534.4,1114284
2021-06-17 09:37:44,534.4,1114434
2021-06-17 09:37:45,534.2,1114435
2021-06-17 09:37:46,534.35,1114475
2021-06-17 09:37:47,534.3,1114759
2021-06-17 09:37:48,534.15,1114769
2021-06-17 09:37:49,534.3,1114819
2021-06-17 09:37:50,534.3,1114849
2021-06-17 09:37:51,534.35,1115880
2021-06-17 09:37:52,534.35,1118228
2021-06-17 09:37:53,534.35,1118429
2021-06-17 09:37:56,534.4,1118631
2021-06-17 09:37:58,534.3,1120259
2021-06-17 09:37:59,534.3,1120346
2021-06-17 09:38:00,534.3,1120501
2021-06-17 09:38:02,534.3,1121032
2021-06-17 09:38:03,534.1,1121185
2021-06-17 09:38:05,534.15,1121229
2021-06-17 09:38:06,534.0,1121759
2021-06-17 09:38:06,534.0,1121801
2021-06-17 09:38:07,534.1,1121804
2021-06-17 09:38:09,534.0,1121888
2021-06-17 09:38:09,534.1,1121889
2021-06-17 09:38:10,534.1,1122552
2021-06-17 09:38:11,534.0,1122567
2021-06-17 09:38:12,534.0,1122567
2021-06-17 09:38:13,534.05,1122847
2021-06-17 09:38:14,534.2,1123911
2021-06-17 09:38:15,534.2,1123911
2021-06-17 09:38:16,534.2,1123911
2021-06-17 09:38:17,534.2,1123911
2021-06-17 09:38:18,534.0,1123983
2021-06-17 09:38:19,534.2,1124064
2021-06-17 09:38:20,534.05,1124094
2021-06-17 09:38:21,534.05,1124094
2021-06-17 09:38:22,534.2,1124494
2021-06-17 09:38:23,534.2,1124565
2021-06-17 09:38:24,534.05,1124580
2021-06-17 09:38:25,534.2,1124649
2021-06-17 09:38:26,534.2,1124654
2021-06-17 09:38:27,534.3,1124664
2021-06-17 09:38:29,534.2,1124911
2021-06-17 09:38:30,534.2,1124963
2021-06-17 09:38:31,534.25,1125228
2021-06-17 09:38:32,534.25,1125228
2021-06-17 09:38:33,534.2,1125463
2021-06-17 09:38:34,534.2,1125463
2021-06-17 09:38:35,534.2,1125713
2021-06-17 09:38:36,534.2,1126218
2021-06-17 09:38:37,534.2,1126243
2021-06-17 09:38:38,534.2,1126443
2021-06-17 09:38:39,534.2,1126502
2021-06-17 09:38:40,534.2,1126604
2021-06-17 09:38:41,534.1,1126887
2021-06-17 09:38:42,534.0,1128082
2021-06-17 09:38:44,534.0,1129663
2021-06-17 09:38:45,533.85,1129760
2021-06-17 09:38:46,533.85,1129760
2021-06-17 09:38:47,534.0,1130297
2021-06-17 09:38:48,534.0,1130297
2021-06-17 09:38:49,534.0,1130377
2021-06-17 09:38:50,533.85,1130805
2021-06-17 09:38:51,534.15,1134807
2021-06-17 09:38:52,534.0,1134812
2021-06-17 09:38:53,534.0,1134812
2021-06-17 09:38:54,533.95,1135427
2021-06-17 09:38:55,533.95,1135427
2021-06-17 09:38:56,533.95,1135529
2021-06-17 09:38:57,533.95,1135622
2021-06-17 09:38:59,533.85,1137473
2021-06-17 09:39:00,533.95,1137475
2021-06-17 09:39:02,533.65,1148225
2021-06-17 09:39:03,533.7,1148242
2021-06-17 09:39:04,533.7,1148295
2021-06-17 09:39:05,533.7,1148368
2021-06-17 09:39:06,533.8,1148668
2021-06-17 09:39:08,533.5,1149426
2021-06-17 09:39:08,533.3,1153541
2021-06-17 09:39:09,533.4,1154142
2021-06-17 09:39:10,533.15,1159174
2021-06-17 09:39:11,533.15,1159186
2021-06-17 09:39:12,533.3,1162203
2021-06-17 09:39:15,533.1,1163052
2021-06-17 09:39:16,533.1,1163134
2021-06-17 09:39:16,533.1,1165138
2021-06-17 09:39:17,533.35,1165203
2021-06-17 09:39:19,533.35,1165713
2021-06-17 09:39:20,533.15,1165723
2021-06-17 09:39:21,533.15,1165723
2021-06-17 09:39:22,533.15,1165893
2021-06-17 09:39:23,533.25,1165915
2021-06-17 09:39:24,532.95,1182749
2021-06-17 09:39:25,532.7,1186881
2021-06-17 09:39:26,532.9,1187210
2021-06-17 09:39:28,532.7,1187745
2021-06-17 09:39:30,532.9,1193115
2021-06-17 09:39:31,532.85,1193630
2021-06-17 09:39:32,532.8,1196507
2021-06-17 09:39:33,532.9,1196793
2021-06-17 09:39:34,532.85,1197345
2021-06-17 09:39:36,532.9,1197591
2021-06-17 09:39:37,533.05,1197780
2021-06-17 09:39:37,533.2,1197785
2021-06-17 09:39:38,533.2,1197836
2021-06-17 09:39:39,533.15,1197854
2021-06-17 09:39:40,533.25,1198989
2021-06-17 09:39:41,533.25,1199029
2021-06-17 09:39:43,533.25,1199044
2021-06-17 09:39:44,533.0,1199094
2021-06-17 09:39:45,533.25,1199229
2021-06-17 09:39:46,533.1,1199311
2021-06-17 09:39:47,533.35,1199711
2021-06-17 09:39:48,533.35,1199715
2021-06-17 09:39:49,533.25,1200331
2021-06-17 09:39:50,533.25,1201491
2021-06-17 09:39:51,533.25,1201507
2021-06-17 09:39:52,533.0,1203363
2021-06-17 09:39:53,533.15,1203379
2021-06-17 09:39:54,533.15,1203382
2021-06-17 09:39:55,533.05,1203702
2021-06-17 09:39:56,533.25,1204203
2021-06-17 09:39:57,533.05,1204348
2021-06-17 09:39:58,533.2,1204488
2021-06-17 09:39:59,533.3,1205889
2021-06-17 09:40:00,533.3,1205889
2021-06-17 09:40:00,533.3,1205889
2021-06-17 09:40:01,533.3,1205889
2021-06-17 09:40:02,533.25,1205990
2021-06-17 09:40:03,533.25,1205990
2021-06-17 09:40:04,533.25,1205992
2021-06-17 09:40:05,533.3,1206243
2021-06-17 09:40:06,533.35,1206271
2021-06-17 09:40:07,533.35,1206761
2021-06-17 09:40:08,533.45,1207080
2021-06-17 09:40:09,533.35,1207333
2021-06-17 09:40:11,533.4,1207501
2021-06-17 09:40:11,533.4,1207711
2021-06-17 09:40:12,533.4,1207711
2021-06-17 09:40:13,533.4,1207793
2021-06-17 09:40:14,533.5,1207795
2021-06-17 09:40:15,533.5,1208589
2021-06-17 09:40:16,533.55,1208669
2021-06-17 09:40:17,533.5,1209027
2021-06-17 09:40:18,533.3,1210628
2021-06-17 09:40:20,533.45,1210708
2021-06-17 09:40:21,533.45,1210775
2021-06-17 09:40:22,533.4,1210792
2021-06-17 09:40:23,533.55,1211492
2021-06-17 09:40:24,533.3,1211657
2021-06-17 09:40:25,533.5,1211667
2021-06-17 09:40:25,533.4,1211751
2021-06-17 09:40:26,533.4,1211945
2021-06-17 09:40:27,533.4,1211945
2021-06-17 09:40:29,533.45,1211993
2021-06-17 09:40:29,533.4,1212264
2021-06-17 09:40:30,533.35,1212514
2021-06-17 09:40:32,533.35,1213103
2021-06-17 09:40:33,533.45,1213248
2021-06-17 09:40:34,533.5,1214296
2021-06-17 09:40:35,533.5,1214560
2021-06-17 09:40:36,533.45,1214900
2021-06-17 09:40:38,533.65,1214904
2021-06-17 09:40:39,533.45,1215164
2021-06-17 09:40:40,533.65,1215230
2021-06-17 09:40:40,533.65,1215240
2021-06-17 09:40:41,533.45,1215341
2021-06-17 09:40:43,533.65,1215410
2021-06-17 09:40:44,533.65,1215590
2021-06-17 09:40:45,533.65,1215632
2021-06-17 09:40:46,533.7,1215959
2021-06-17 09:40:47,533.65,1216043
2021-06-17 09:40:47,533.6,1216185
2021-06-17 09:40:48,533.55,1216696
2021-06-17 09:40:49,533.55,1216696
2021-06-17 09:40:50,533.6,1216699
2021-06-17 09:40:51,533.45,1217992
2021-06-17 09:40:52,533.45,1218270
2021-06-17 09:40:53,533.45,1218270
2021-06-17 09:40:55,533.45,1218370
2021-06-17 09:40:56,533.45,1218380
2021-06-17 09:40:56,533.45,1218380
2021-06-17 09:40:57,533.4,1218382
2021-06-17 09:40:59,533.45,1218432
2021-06-17 09:41:00,533.45,1218432
2021-06-17 09:41:01,533.45,1218472
2021-06-17 09:41:02,533.4,1218596
2021-06-17 09:41:03,533.4,1218738
2021-06-17 09:41:04,533.4,1219220
2021-06-17 09:41:05,533.3,1219541
2021-06-17 09:41:05,533.3,1219711
2021-06-17 09:41:07,533.5,1224483
2021-06-17 09:41:08,533.75,1226394
2021-06-17 09:41:09,533.5,1228088
2021-06-17 09:41:11,533.7,1228090
2021-06-17 09:41:12,533.5,1228460
2021-06-17 09:41:13,533.5,1228460
2021-06-17 09:41:14,533.6,1228481
2021-06-17 09:41:15,533.65,1228636
2021-06-17 09:41:18,533.5,1228684
2021-06-17 09:41:19,533.5,1228745
2021-06-17 09:41:20,533.5,1229130
2021-06-17 09:41:21,533.45,1229230
2021-06-17 09:41:22,533.4,1229282
2021-06-17 09:41:23,533.4,1229385
2021-06-17 09:41:24,533.35,1229400
2021-06-17 09:41:25,533.45,1229455
2021-06-17 09:41:26,533.45,1229455
2021-06-17 09:41:27,533.3,1229872
2021-06-17 09:41:28,533.4,1230222
2021-06-17 09:41:29,533.4,1230245
2021-06-17 09:41:30,533.4,1230245
2021-06-17 09:41:31,533.4,1230299
2021-06-17 09:41:33,533.5,1230872
2021-06-17 09:41:34,533.6,1230943
2021-06-17 09:41:35,533.3,1246874
2021-06-17 09:41:36,533.3,1246874
2021-06-17 09:41:37,533.2,1249023
2021-06-17 09:41:38,533.1,1249593
2021-06-17 09:41:38,533.05,1250133
2021-06-17 09:41:40,533.0,1253119
2021-06-17 09:41:41,533.5,1456089
2021-06-17 09:41:42,533.5,1456089
2021-06-17 09:41:43,533.5,1456089
2021-06-17 09:41:44,533.3,1456103
2021-06-17 09:41:45,533.2,1456104
2021-06-17 09:41:46,533.45,1456629
2021-06-17 09:41:47,533.45,1456629
2021-06-17 09:41:48,533.45,1456864
2021-06-17 09:41:49,533.45,1456864
2021-06-17 09:41:51,533.45,1456909
2021-06-17 09:41:52,533.4,1456994
2021-06-17 09:41:53,533.5,1456995
2021-06-17 09:41:54,533.4,1457436
2021-06-17 09:41:55,533.35,1457560
2021-06-17 09:41:56,533.6,1457574
2021-06-17 09:41:57,533.35,1457614
2021-06-17 09:41:58,533.6,1458120
2021-06-17 09:41:59,533.5,1458161
2021-06-17 09:42:00,533.65,1458225
2021-06-17 09:42:01,533.65,1458225
2021-06-17 09:42:02,533.65,1458225
2021-06-17 09:42:03,533.75,1458250
2021-06-17 09:42:04,533.75,1458250
2021-06-17 09:42:05,533.75,1458450
2021-06-17 09:42:05,533.75,1458455
2021-06-17 09:42:06,533.75,1458455
2021-06-17 09:42:08,533.75,1459208
2021-06-17 09:42:09,533.9,1459408
2021-06-17 09:42:10,533.9,1459408
2021-06-17 09:42:11,533.9,1459408
2021-06-17 09:42:12,534.0,1459464
2021-06-17 09:42:13,534.0,1459469
2021-06-17 09:42:14,533.95,1459624
2021-06-17 09:42:15,533.95,1460345
2021-06-17 09:42:16,534.0,1460558
2021-06-17 09:42:17,534.0,1460558
2021-06-17 09:42:18,534.0,1460798
2021-06-17 09:42:19,534.2,1461370
2021-06-17 09:42:19,534.0,1460798
2021-06-17 09:42:21,534.0,1463337
2021-06-17 09:42:22,534.2,1463347
2021-06-17 09:42:23,534.15,1463397
2021-06-17 09:42:24,533.95,1463426
2021-06-17 09:42:25,534.15,1463481
2021-06-17 09:42:26,534.15,1463481
2021-06-17 09:42:27,534.15,1463983
2021-06-17 09:42:29,534.0,1464029
2021-06-17 09:42:30,534.15,1464049
2021-06-17 09:42:31,534.15,1464160
2021-06-17 09:42:32,534.15,1464160
2021-06-17 09:42:33,534.05,1464812
2021-06-17 09:42:34,534.15,1464916
2021-06-17 09:42:35,534.15,1464916
2021-06-17 09:42:36,534.15,1464916
2021-06-17 09:42:37,534.0,1465713
2021-06-17 09:42:38,533.95,1465753
2021-06-17 09:42:39,534.0,1465917
2021-06-17 09:42:40,534.05,1466339
2021-06-17 09:42:41,534.05,1466339
2021-06-17 09:42:42,534.1,1466458
2021-06-17 09:42:43,534.0,1466478
2021-06-17 09:42:44,533.9,1467418
2021-06-17 09:42:45,533.85,1467924
2021-06-17 09:42:46,534.15,1468301
2021-06-17 09:42:47,534.0,1469509
2021-06-17 09:42:48,534.0,1471540
2021-06-17 09:42:49,533.85,1471542
2021-06-17 09:42:50,533.95,1471543
2021-06-17 09:42:51,533.95,1471676
2021-06-17 09:42:52,533.95,1471776
2021-06-17 09:42:53,533.95,1471804
2021-06-17 09:42:54,533.85,1471806
2021-06-17 09:42:55,533.95,1471886
2021-06-17 09:42:56,533.95,1471887
2021-06-17 09:42:57,533.95,1471887
2021-06-17 09:42:57,533.95,1471897
2021-06-17 09:42:59,533.95,1471927
2021-06-17 09:43:00,533.95,1471977
2021-06-17 09:43:00,533.85,1472031
2021-06-17 09:43:01,533.95,1472111
2021-06-17 09:43:02,533.95,1472434
2021-06-17 09:43:03,533.95,1472469
2021-06-17 09:43:05,533.95,1472761
2021-06-17 09:43:06,534.0,1473265
2021-06-17 09:43:07,534.0,1473374
2021-06-17 09:43:08,534.0,1480109
2021-06-17 09:43:09,533.95,1481129
2021-06-17 09:43:10,534.0,1481194
2021-06-17 09:43:10,534.0,1481444
2021-06-17 09:43:11,534.05,1481874
2021-06-17 09:43:12,533.9,1482663
2021-06-17 09:43:13,533.9,1482840
2021-06-17 09:43:15,533.9,1483164
2021-06-17 09:43:18,533.75,1484523
2021-06-17 09:43:17,533.75,1484523
2021-06-17 09:43:19,533.75,1484523
2021-06-17 09:43:20,533.95,1484621
2021-06-17 09:43:21,533.95,1484646
2021-06-17 09:43:22,533.75,1485755
2021-06-17 09:43:23,533.95,1485905
2021-06-17 09:43:24,533.75,1486147
2021-06-17 09:43:25,533.9,1486172
2021-06-17 09:43:26,533.75,1486213
2021-06-17 09:43:27,533.9,1486413
2021-06-17 09:43:29,533.7,1486497
2021-06-17 09:43:28,533.7,1486497
2021-06-17 09:43:30,533.7,1486540
2021-06-17 09:43:31,533.7,1486546
2021-06-17 09:43:32,533.7,1486588
2021-06-17 09:43:33,533.7,1486588
2021-06-17 09:43:34,533.75,1486840
2021-06-17 09:43:35,533.75,1486931
2021-06-17 09:43:36,533.75,1486931
2021-06-17 09:43:37,534.0,1487531
2021-06-17 09:43:38,533.75,1487541
2021-06-17 09:43:39,533.85,1487550
2021-06-17 09:43:40,534.0,1487590
2021-06-17 09:43:41,534.0,1487709
2021-06-17 09:43:43,534.0,1487914
2021-06-17 09:43:44,533.95,1488014
2021-06-17 09:43:45,534.0,1488020
2021-06-17 09:43:46,534.0,1488020
2021-06-17 09:43:47,534.0,1488023
2021-06-17 09:43:48,534.0,1488033
2021-06-17 09:43:49,534.15,1498277
2021-06-17 09:43:50,534.0,1504547
2021-06-17 09:43:51,533.85,1505250
2021-06-17 09:43:52,533.85,1505250
2021-06-17 09:43:53,533.8,1505284
2021-06-17 09:43:54,533.8,1507975
2021-06-17 09:43:55,533.8,1508025
2021-06-17 09:43:56,533.8,1508030
2021-06-17 09:43:57,534.0,1513740
2021-06-17 09:43:58,534.0,1513747
2021-06-17 09:44:00,534.0,1513750
2021-06-17 09:44:01,534.0,1514573
2021-06-17 09:44:02,534.1,1523967
2021-06-17 09:44:03,534.15,1524067
2021-06-17 09:44:04,533.95,1525642
2021-06-17 09:44:05,534.0,1535688
2021-06-17 09:44:06,534.05,1535757
2021-06-17 09:44:07,534.0,1536551
2021-06-17 09:44:08,533.8,1537223
2021-06-17 09:44:09,534.0,1539858
2021-06-17 09:44:10,534.0,1539858
2021-06-17 09:44:12,533.95,1542645
2021-06-17 09:44:13,533.95,1542788
2021-06-17 09:44:14,534.2,1548243
2021-06-17 09:44:15,534.2,1548243
2021-06-17 09:44:16,534.05,1554786
2021-06-17 09:44:17,534.0,1555345
2021-06-17 09:44:18,534.05,1555395
2021-06-17 09:44:19,533.8,1555572
2021-06-17 09:44:20,533.95,1555692
2021-06-17 09:44:21,534.15,1558205
2021-06-17 09:44:22,534.0,1560369
2021-06-17 09:44:23,534.0,1560469
2021-06-17 09:44:24,534.0,1560480
2021-06-17 09:44:25,534.0,1561275
2021-06-17 09:44:26,533.9,1561299
2021-06-17 09:44:27,533.9,1561299
2021-06-17 09:44:28,533.9,1561452
2021-06-17 09:44:29,533.9,1561452
2021-06-17 09:44:30,533.75,1562036
2021-06-17 09:44:31,533.95,1562136
2021-06-17 09:44:32,533.95,1562182
2021-06-17 09:44:33,533.95,1562193
2021-06-17 09:44:34,533.95,1562193
2021-06-17 09:44:35,533.95,1562545
2021-06-17 09:44:36,533.95,1562545
2021-06-17 09:44:39,533.95,1562605
2021-06-17 09:44:40,533.95,1562819
2021-06-17 09:44:43,533.95,1562939
2021-06-17 09:44:44,533.95,1562971
2021-06-17 09:44:45,533.95,1563028
2021-06-17 09:44:47,534.2,1568211
2021-06-17 09:44:48,534.2,1568211
2021-06-17 09:44:49,534.2,1568211
2021-06-17 09:44:50,534.2,1568252
2021-06-17 09:44:51,534.25,1568290
2021-06-17 09:44:52,534.1,1571719
2021-06-17 09:44:54,534.1,1571789
2021-06-17 09:44:55,534.1,1571789
2021-06-17 09:44:56,534.1,1571789
2021-06-17 09:44:57,534.1,1571789
2021-06-17 09:44:58,534.2,1574896
2021-06-17 09:44:59,534.15,1575038
2021-06-17 09:45:00,534.1,1575098
2021-06-17 09:45:01,534.1,1575098
2021-06-17 09:45:02,534.1,1575098
2021-06-17 09:45:03,534.1,1575108
2021-06-17 09:45:04,534.15,1575384
2021-06-17 09:45:05,534.15,1575384
2021-06-17 09:45:06,534.2,1576949
2021-06-17 09:45:07,534.25,1576950
2021-06-17 09:45:08,534.2,1576961
2021-06-17 09:45:09,534.45,1577142
2021-06-17 09:45:11,534.35,1577719
2021-06-17 09:45:14,534.2,1577749
2021-06-17 09:45:15,534.1,1577795
2021-06-17 09:45:16,534.1,1577795
2021-06-17 09:45:17,534.25,1578045
2021-06-17 09:45:18,534.1,1578225
2021-06-17 09:45:19,534.1,1578225
2021-06-17 09:45:21,534.35,1578406
2021-06-17 09:45:20,534.2,1578296
2021-06-17 09:45:22,534.35,1578406
2021-06-17 09:45:23,534.35,1578487
2021-06-17 09:45:24,534.35,1578567
2021-06-17 09:45:26,534.3,1578883
2021-06-17 09:45:27,534.25,1578946
2021-06-17 09:45:28,534.2,1580886
2021-06-17 09:45:29,534.2,1581058
2021-06-17 09:45:30,534.2,1581058
2021-06-17 09:45:31,534.2,1581085
2021-06-17 09:45:32,534.2,1581106
2021-06-17 09:45:33,534.2,1581106
2021-06-17 09:45:34,534.2,1581106
2021-06-17 09:45:35,534.15,1581156
2021-06-17 09:45:36,534.25,1581657
2021-06-17 09:45:37,534.25,1581657
2021-06-17 09:45:38,534.25,1581657
2021-06-17 09:45:39,534.25,1581707
2021-06-17 09:45:40,534.25,1581707
2021-06-17 09:45:41,534.25,1582207
2021-06-17 09:45:43,534.25,1582238
2021-06-17 09:45:43,534.25,1582238
2021-06-17 09:45:44,534.25,1582408
2021-06-17 09:45:45,534.25,1582408
2021-06-17 09:45:46,534.2,1582537
2021-06-17 09:45:47,534.2,1582537
2021-06-17 09:45:48,534.25,1582547
2021-06-17 09:45:49,534.25,1582674
2021-06-17 09:45:50,534.25,1582965
2021-06-17 09:45:51,534.25,1583134
2021-06-17 09:45:52,534.25,1583267
2021-06-17 09:45:53,534.25,1583782
2021-06-17 09:45:54,534.2,1584657
2021-06-17 09:45:55,534.2,1585461
2021-06-17 09:45:56,534.2,1585461
2021-06-17 09:45:57,534.2,1585461
2021-06-17 09:45:58,534.25,1585479
2021-06-17 09:45:59,534.25,1586485
2021-06-17 09:46:00,534.4,1586555
2021-06-17 09:46:01,534.25,1586570
2021-06-17 09:46:02,534.25,1586570
2021-06-17 09:46:03,534.4,1586580
2021-06-17 09:46:04,534.3,1586590
2021-06-17 09:46:05,534.4,1586740
2021-06-17 09:46:06,534.4,1586820
2021-06-17 09:46:07,534.4,1587202
2021-06-17 09:46:08,534.4,1587227
2021-06-17 09:46:10,534.4,1587227
2021-06-17 09:46:10,534.4,1587227
2021-06-17 09:46:11,534.4,1587227
2021-06-17 09:46:12,534.4,1587228
2021-06-17 09:46:13,534.4,1588053
2021-06-17 09:46:14,534.3,1588243
2021-06-17 09:46:15,534.35,1588273
2021-06-17 09:46:17,534.3,1588344
2021-06-17 09:46:17,534.3,1588334
2021-06-17 09:46:18,534.3,1588471
2021-06-17 09:46:19,534.3,1588471
2021-06-17 09:46:20,534.25,1590175
2021-06-17 09:46:21,534.3,1590180
2021-06-17 09:46:22,534.25,1590988
2021-06-17 09:46:23,534.25,1590988
2021-06-17 09:46:24,534.5,1591998
2021-06-17 09:46:25,534.6,1593192
2021-06-17 09:46:26,534.35,1593224
2021-06-17 09:46:27,534.5,1593328
2021-06-17 09:46:28,534.5,1593328
2021-06-17 09:46:29,534.4,1593348
2021-06-17 09:46:31,534.4,1593348
2021-06-17 09:46:32,534.5,1593350
2021-06-17 09:46:33,534.5,1593356
2021-06-17 09:46:36,534.3,1593447
2021-06-17 09:46:37,534.5,1593502
2021-06-17 09:46:38,534.3,1593757
2021-06-17 09:46:39,534.45,1593777
2021-06-17 09:46:40,534.55,1593787
2021-06-17 09:46:41,534.4,1593789
2021-06-17 09:46:43,534.55,1594299
2021-06-17 09:46:44,534.55,1594390
2021-06-17 09:46:44,534.55,1594390
2021-06-17 09:46:46,534.45,1594412
2021-06-17 09:46:46,534.55,1594513
2021-06-17 09:46:47,534.55,1594514
2021-06-17 09:46:50,534.5,1594592
2021-06-17 09:46:51,534.55,1594649
2021-06-17 09:46:52,534.35,1594949
2021-06-17 09:46:53,534.35,1594949
2021-06-17 09:46:54,534.35,1594949
2021-06-17 09:46:55,534.45,1595023
2021-06-17 09:46:56,534.45,1595559
2021-06-17 09:46:58,534.3,1595561
2021-06-17 09:46:58,534.45,1595577
2021-06-17 09:46:59,534.3,1595948
2021-06-17 09:47:01,534.4,1596026
2021-06-17 09:47:03,534.4,1596026
2021-06-17 09:47:06,534.45,1596287
2021-06-17 09:47:09,534.45,1596516
2021-06-17 09:47:10,534.45,1596616
2021-06-17 09:47:11,534.45,1596616
2021-06-17 09:47:12,534.45,1596616
2021-06-17 09:47:13,534.45,1596622
2021-06-17 09:47:14,534.4,1596647
2021-06-17 09:47:15,534.4,1596647
2021-06-17 09:47:16,534.4,1596647
2021-06-17 09:47:18,534.45,1596682
2021-06-17 09:47:19,534.45,1596682
2021-06-17 09:47:20,534.6,1597742
2021-06-17 09:47:21,534.55,1597752
2021-06-17 09:47:22,534.4,1597778
2021-06-17 09:47:23,534.45,1597856
2021-06-17 09:47:25,534.45,1597856
2021-06-17 09:47:25,534.45,1597856
2021-06-17 09:47:26,534.45,1598215
2021-06-17 09:47:27,534.45,1598215
2021-06-17 09:47:29,534.45,1598423
2021-06-17 09:47:29,534.45,1598423
2021-06-17 09:47:30,534.45,1598423
2021-06-17 09:47:31,534.55,1598424
2021-06-17 09:47:32,534.55,1598435
2021-06-17 09:47:33,534.55,1598677
2021-06-17 09:47:34,534.55,1598677
2021-06-17 09:47:36,534.5,1598800
2021-06-17 09:47:35,534.55,1598798
2021-06-17 09:47:37,534.45,1598979
2021-06-17 09:47:38,534.6,1599274
2021-06-17 09:47:39,534.55,1599359
2021-06-17 09:47:40,534.55,1599392
2021-06-17 09:47:41,534.6,1599396
2021-06-17 09:47:42,534.6,1599397
2021-06-17 09:47:43,534.6,1599397
2021-06-17 09:47:44,534.6,1599397
2021-06-17 09:47:45,534.6,1599397
2021-06-17 09:47:46,534.6,1599397
2021-06-17 09:47:47,534.6,1599438
2021-06-17 09:47:48,534.6,1599539
2021-06-17 09:47:50,534.6,1599718
2021-06-17 09:47:51,534.6,1599818
2021-06-17 09:47:53,534.6,1599872
2021-06-17 09:47:54,534.55,1599873
2021-06-17 09:47:55,534.55,1600023
2021-06-17 09:47:56,534.5,1600048
2021-06-17 09:47:57,534.55,1600061
2021-06-17 09:48:00,534.55,1601020
2021-06-17 09:48:01,534.55,1601020
2021-06-17 09:48:03,534.25,1606814
2021-06-17 09:48:04,534.1,1607008
2021-06-17 09:48:06,534.1,1607018
2021-06-17 09:48:07,534.15,1607149
2021-06-17 09:48:08,534.15,1607149
2021-06-17 09:48:09,534.1,1607233
2021-06-17 09:48:09,534.15,1607433
2021-06-17 09:48:10,534.1,1607458
2021-06-17 09:48:11,534.15,1607459
2021-06-17 09:48:12,534.15,1607459
2021-06-17 09:48:13,534.15,1607459
2021-06-17 09:48:14,534.15,1607493
2021-06-17 09:48:17,534.15,1607741
2021-06-17 09:48:18,534.15,1607741
2021-06-17 09:48:19,534.15,1608176
2021-06-17 09:48:19,534.1,1608177
2021-06-17 09:48:20,534.1,1608177
2021-06-17 09:48:21,534.2,1609781
2021-06-17 09:48:24,534.2,1609957
2021-06-17 09:48:25,534.2,1609957
2021-06-17 09:48:26,534.2,1609957
2021-06-17 09:48:26,534.2,1609957
2021-06-17 09:48:27,534.4,1610143
2021-06-17 09:48:29,534.4,1610143
2021-06-17 09:48:30,534.4,1610143
2021-06-17 09:48:31,534.4,1610143
2021-06-17 09:48:34,534.4,1610349
2021-06-17 09:48:35,534.25,1610465
2021-06-17 09:48:36,534.25,1610465
2021-06-17 09:48:37,534.45,1610470
2021-06-17 09:48:39,534.45,1610470
2021-06-17 09:48:40,534.5,1610745
2021-06-17 09:48:41,534.5,1610746
2021-06-17 09:48:42,534.5,1610748
2021-06-17 09:48:43,534.5,1611098
2021-06-17 09:48:44,534.4,1611118
2021-06-17 09:48:45,534.5,1616302
2021-06-17 09:48:45,534.5,1616302
2021-06-17 09:48:47,534.45,1616303
2021-06-17 09:48:48,534.4,1616603
2021-06-17 09:48:49,534.4,1616603
2021-06-17 09:48:50,534.4,1616603
2021-06-17 09:48:51,534.4,1616603
2021-06-17 09:48:52,534.45,1616614
2021-06-17 09:48:54,534.45,1616676
2021-06-17 09:48:55,534.45,1616876
2021-06-17 09:48:56,534.45,1616982
2021-06-17 09:48:57,534.45,1616982
2021-06-17 09:48:58,534.45,1617203
2021-06-17 09:49:00,534.4,1617221
2021-06-17 09:49:00,534.4,1617221
2021-06-17 09:49:02,534.4,1617221
2021-06-17 09:49:02,534.45,1617223
2021-06-17 09:49:04,534.4,1617295
2021-06-17 09:49:05,534.5,1617772
2021-06-17 09:49:06,534.5,1617772
2021-06-17 09:49:07,534.45,1617778
2021-06-17 09:49:08,534.45,1617788
2021-06-17 09:49:09,534.45,1617961
2021-06-17 09:49:10,534.55,1619466
2021-06-17 09:49:11,534.3,1619675
2021-06-17 09:49:12,534.25,1620175
2021-06-17 09:49:13,534.25,1620375
2021-06-17 09:49:14,534.3,1620388
2021-06-17 09:49:15,534.25,1620539
2021-06-17 09:49:16,534.3,1620933
2021-06-17 09:49:17,534.45,1620958
2021-06-17 09:49:19,534.4,1621469
2021-06-17 09:49:19,534.45,1621369
2021-06-17 09:49:20,534.4,1621469
2021-06-17 09:49:21,534.5,1621569
2021-06-17 09:49:23,534.5,1621579
2021-06-17 09:49:24,534.5,1621594
2021-06-17 09:49:25,534.55,1621794
2021-06-17 09:49:26,534.55,1621814
2021-06-17 09:49:27,534.55,1621814
2021-06-17 09:49:27,534.55,1621814
2021-06-17 09:49:28,534.55,1621814
2021-06-17 09:49:29,534.5,1621825
2021-06-17 09:49:30,534.5,1621825
2021-06-17 09:49:31,534.55,1621829
2021-06-17 09:49:32,534.5,1621929
2021-06-17 09:49:33,534.5,1622326
2021-06-17 09:49:34,534.35,1622331
2021-06-17 09:49:35,534.35,1622331
2021-06-17 09:49:36,534.35,1622331
2021-06-17 09:49:37,534.35,1622331
2021-06-17 09:49:38,534.6,1624232
2021-06-17 09:49:39,534.4,1624272
2021-06-17 09:49:42,534.5,1624432
2021-06-17 09:49:43,534.5,1624438
2021-06-17 09:49:44,534.55,1624544
2021-06-17 09:49:45,534.55,1624544
2021-06-17 09:49:46,534.55,1624557
2021-06-17 09:49:47,534.55,1624557
2021-06-17 09:49:47,534.55,1624557
2021-06-17 09:49:48,534.5,1624620
2021-06-17 09:49:49,534.55,1624631
2021-06-17 09:49:50,534.55,1624744
2021-06-17 09:49:52,534.5,1624888
2021-06-17 09:49:52,534.5,1624888
2021-06-17 09:49:53,534.55,1625018
2021-06-17 09:49:54,534.6,1625123
2021-06-17 09:49:55,534.55,1625153
2021-06-17 09:49:57,534.5,1625215
2021-06-17 09:49:58,534.4,1625355
2021-06-17 09:49:59,534.5,1625365
2021-06-17 09:49:59,534.6,1625465
2021-06-17 09:50:00,534.5,1625997
2021-06-17 09:50:01,534.6,1626198
2021-06-17 09:50:03,534.6,1626257
2021-06-17 09:50:04,534.6,1626315
2021-06-17 09:50:05,534.6,1626640
2021-06-17 09:50:06,534.6,1626665
2021-06-17 09:50:07,534.6,1626665
2021-06-17 09:50:09,534.55,1626811
2021-06-17 09:50:10,534.55,1626827
2021-06-17 09:50:10,534.6,1626833
2021-06-17 09:50:12,534.6,1626833
2021-06-17 09:50:15,534.6,1628362
2021-06-17 09:50:16,534.55,1628446
2021-06-17 09:50:17,534.6,1628708
2021-06-17 09:50:18,534.6,1628802
2021-06-17 09:50:19,534.6,1629864
2021-06-17 09:50:19,534.6,1629864
2021-06-17 09:50:20,534.55,1629974
2021-06-17 09:50:21,534.65,1629976
2021-06-17 09:50:23,534.6,1629996
2021-06-17 09:50:24,534.65,1630001
2021-06-17 09:50:25,534.55,1630052
2021-06-17 09:50:26,534.55,1630052
2021-06-17 09:50:27,534.6,1630097
2021-06-17 09:50:28,534.65,1630399
2021-06-17 09:50:29,534.6,1630534
2021-06-17 09:50:30,534.55,1630662
2021-06-17 09:50:30,534.55,1630669
2021-06-17 09:50:31,534.6,1630700
2021-06-17 09:50:34,534.6,1630706
2021-06-17 09:50:35,534.6,1630800
2021-06-17 09:50:36,534.6,1630902
2021-06-17 09:50:37,534.55,1631234
2021-06-17 09:50:38,534.6,1631534
2021-06-17 09:50:39,534.55,1631536
2021-06-17 09:50:39,534.55,1631551
2021-06-17 09:50:43,534.6,1632546
2021-06-17 09:50:44,534.6,1632546
2021-06-17 09:50:46,534.5,1632549
2021-06-17 09:50:48,534.6,1632860
2021-06-17 09:50:49,534.55,1632920
2021-06-17 09:50:50,534.55,1633162
2021-06-17 09:50:50,534.55,1633172
2021-06-17 09:50:51,534.5,1633267
2021-06-17 09:50:52,534.5,1633661
2021-06-17 09:50:53,534.45,1633829
2021-06-17 09:50:55,534.45,1633913
2021-06-17 09:50:56,534.45,1633913
2021-06-17 09:50:57,534.45,1633913
2021-06-17 09:50:58,534.5,1633963
2021-06-17 09:50:58,534.5,1633963
2021-06-17 09:50:59,534.5,1633964
2021-06-17 09:51:00,534.45,1633996
2021-06-17 09:51:01,534.45,1633996
2021-06-17 09:51:02,534.5,1634017
2021-06-17 09:51:03,534.45,1634022
2021-06-17 09:51:05,534.5,1634023
2021-06-17 09:51:07,534.45,1634811
2021-06-17 09:51:08,534.45,1635003
2021-06-17 09:51:09,534.35,1635608
2021-06-17 09:51:11,534.35,1635652
2021-06-17 09:51:12,534.45,1636237
2021-06-17 09:51:13,534.4,1636329
2021-06-17 09:51:15,534.35,1636487
2021-06-17 09:51:16,534.35,1636537
2021-06-17 09:51:17,534.4,1636837
2021-06-17 09:51:18,534.3,1637752
2021-06-17 09:51:19,534.3,1637752
2021-06-17 09:51:20,534.2,1637786
2021-06-17 09:51:21,534.3,1637887
2021-06-17 09:51:22,534.2,1637994
2021-06-17 09:51:24,534.2,1637994
2021-06-17 09:51:24,534.2,1637994
2021-06-17 09:51:25,534.2,1637994
2021-06-17 09:51:27,534.35,1638499
2021-06-17 09:51:28,534.35,1638499
2021-06-17 09:51:29,534.4,1638506
2021-06-17 09:51:30,534.4,1638519
2021-06-17 09:51:31,534.4,1638530
2021-06-17 09:51:33,534.4,1638545
2021-06-17 09:51:34,534.4,1638582
2021-06-17 09:51:34,534.4,1638582
2021-06-17 09:51:36,534.1,1641591
2021-06-17 09:51:37,534.1,1641593
2021-06-17 09:51:38,534.1,1641593
2021-06-17 09:51:39,534.25,1641693
2021-06-17 09:51:40,534.5,1646297
2021-06-17 09:51:41,534.5,1647659
2021-06-17 09:51:42,534.6,1647686
2021-06-17 09:51:43,534.5,1647755
2021-06-17 09:51:47,534.6,1647863
2021-06-17 09:51:50,534.5,1647980
2021-06-17 09:51:55,534.6,1650033
2021-06-17 09:51:59,534.6,1656064
2021-06-17 09:52:02,534.6,1657173
2021-06-17 09:52:06,534.65,1657178
2021-06-17 09:52:09,534.7,1657640
2021-06-17 09:52:13,534.7,1658637
2021-06-17 09:52:16,534.7,1659863
2021-06-17 09:52:20,534.7,1660102
2021-06-17 09:52:24,534.7,1660472
2021-06-17 09:52:28,534.85,1661438
2021-06-17 09:52:31,534.85,1661674
2021-06-17 09:52:34,534.85,1661909
2021-06-17 09:52:38,534.8,1662291
2021-06-17 09:52:41,534.65,1662331
2021-06-17 09:52:44,534.65,1662454
2021-06-17 09:52:48,534.65,1662510
2021-06-17 09:52:51,534.75,1662640
2021-06-17 09:52:54,534.75,1662699
2021-06-17 09:52:57,534.75,1662739
2021-06-17 09:53:01,534.65,1662756
2021-06-17 09:53:04,534.65,1663049
2021-06-17 09:53:07,534.7,1663220
2021-06-17 09:53:11,534.75,1663456
2021-06-17 09:53:14,534.75,1663480
2021-06-17 09:53:17,534.7,1663683
2021-06-17 09:53:20,534.7,1663910
2021-06-17 09:53:23,534.65,1663924
2021-06-17 09:53:27,534.55,1664071
2021-06-17 09:53:31,534.65,1664249
2021-06-17 09:53:34,534.5,1667320
2021-06-17 09:53:37,534.55,1667444
2021-06-17 09:53:41,534.55,1668449
2021-06-17 09:53:44,534.75,1668655
2021-06-17 09:53:47,534.55,1668675
2021-06-17 09:53:51,534.85,1669837
2021-06-17 09:53:54,534.8,1670070
2021-06-17 09:53:58,534.75,1670605
2021-06-17 09:54:01,534.85,1671070
2021-06-17 09:54:05,534.9,1671673
2021-06-17 09:54:08,534.85,1671771
2021-06-17 09:54:11,534.85,1672398
2021-06-17 09:54:15,534.85,1672989
2021-06-17 09:54:19,534.9,1673711
2021-06-17 09:54:23,534.85,1674397
2021-06-17 09:54:27,534.85,1674498
2021-06-17 09:54:30,534.85,1674734
2021-06-17 09:54:33,534.9,1674813
2021-06-17 09:54:36,534.9,1675210
2021-06-17 09:54:39,534.85,1675958
2021-06-17 09:54:43,534.85,1676329
2021-06-17 09:54:46,534.9,1676695
2021-06-17 09:54:50,534.85,1677873
2021-06-17 09:54:53,534.85,1678034
2021-06-17 09:54:57,534.9,1678284
2021-06-17 09:55:01,534.95,1678615
2021-06-17 09:55:04,534.95,1678632
2021-06-17 09:55:07,534.95,1679132
2021-06-17 09:55:11,534.95,1679257
2021-06-17 09:55:14,534.95,1679776
2021-06-17 09:55:17,534.95,1679796
2021-06-17 09:55:20,534.95,1679919
2021-06-17 09:55:27,534.95,1690200
2021-06-17 09:55:30,534.8,1691562
2021-06-17 09:55:33,534.95,1692954
2021-06-17 09:55:36,534.75,1693643
2021-06-17 09:55:39,534.8,1693901
2021-06-17 09:55:43,534.9,1694119
2021-06-17 09:55:46,534.9,1694131
2021-06-17 09:55:49,534.8,1694227
2021-06-17 09:55:53,534.85,1694340
2021-06-17 09:55:56,534.8,1695093
2021-06-17 09:55:59,534.8,1695404
2021-06-17 09:56:03,534.7,1696063
2021-06-17 09:56:07,534.8,1709667
2021-06-17 09:56:11,534.9,1709975
2021-06-17 09:56:14,534.75,1710245
2021-06-17 09:56:18,534.85,1710255
2021-06-17 09:56:21,534.75,1710659
2021-06-17 09:56:25,534.9,1710972
2021-06-17 09:56:28,534.9,1716990
2021-06-17 09:56:31,535.0,1717141
2021-06-17 09:56:35,534.85,1717953
2021-06-17 09:56:38,535.0,1718587
2021-06-17 09:56:42,534.9,1718683
2021-06-17 09:56:45,534.95,1718698
2021-06-17 09:56:49,534.8,1719902
2021-06-17 09:56:52,534.9,1720298
2021-06-17 09:56:55,534.9,1720455
2021-06-17 09:56:59,534.85,1721218
2021-06-17 09:57:02,534.75,1723423
2021-06-17 09:57:05,534.9,1723615
2021-06-17 09:57:09,534.9,1723644
2021-06-17 09:57:12,534.85,1723740
2021-06-17 09:57:15,534.85,1723966
2021-06-17 09:57:19,535.0,1724040
2021-06-17 09:57:22,534.85,1724896
2021-06-17 09:57:25,534.8,1725047
2021-06-17 09:57:29,534.8,1725170
2021-06-17 09:57:32,534.85,1725679
2021-06-17 09:57:35,534.85,1726889
2021-06-17 09:57:38,534.95,1727227
2021-06-17 09:57:42,534.95,1727227
2021-06-17 09:57:48,534.95,1727571
2021-06-17 09:57:51,535.5,1736613
2021-06-17 09:57:54,535.5,1736752
2021-06-17 09:57:57,535.3,1737378
2021-06-17 09:58:00,535.3,1737766
2021-06-17 09:58:04,535.3,1738273
2021-06-17 09:58:08,535.2,1738678
2021-06-17 09:58:11,535.25,1740385
2021-06-17 09:58:15,535.15,1741076
2021-06-17 09:58:19,535.25,1742708
2021-06-17 09:58:23,535.1,1742777
2021-06-17 09:58:26,535.15,1743002
2021-06-17 09:58:29,535.15,1743352
2021-06-17 09:58:32,535.05,1744249
2021-06-17 09:58:35,535.15,1746521
2021-06-17 09:58:39,535.15,1746581
2021-06-17 09:58:42,535.3,1750402
2021-06-17 09:58:45,535.3,1750410
2021-06-17 09:58:49,535.1,1750679
2021-06-17 09:58:52,535.25,1750832
2021-06-17 09:58:55,534.95,1754773
2021-06-17 09:58:58,535.2,1754777
2021-06-17 09:59:01,535.25,1754892
2021-06-17 09:59:04,535.15,1755501
2021-06-17 09:59:07,535.15,1755632
2021-06-17 09:59:10,535.3,1757879
2021-06-17 09:59:13,535.5,1767734
2021-06-17 09:59:16,535.45,1768039
2021-06-17 09:59:19,535.2,1771067
2021-06-17 09:59:22,535.4,1771083
2021-06-17 09:59:26,535.05,1771335
2021-06-17 09:59:29,535.15,1771584
2021-06-17 09:59:32,535.25,1796680
2021-06-17 09:59:35,535.3,1796832
2021-06-17 09:59:37,535.25,1798889
2021-06-17 09:59:40,535.1,1802157
2021-06-17 09:59:43,535.1,1802348
2021-06-17 09:59:46,535.1,1803206
2021-06-17 09:59:49,535.05,1808037
2021-06-17 09:59:51,535.25,1809620
2021-06-17 09:59:55,535.3,1810876
2021-06-17 09:59:58,535.4,1810889
2021-06-17 10:00:01,535.4,1811196
2021-06-17 10:00:04,535.5,1812715
2021-06-17 10:00:07,535.3,1813210
2021-06-17 10:00:10,535.4,1813465
2021-06-17 10:00:13,535.2,1813672
2021-06-17 10:00:16,535.2,1813672
2021-06-17 10:00:19,535.3,1813780
2021-06-17 10:00:22,535.3,1814235
2021-06-17 10:00:29,535.4,1815230
2021-06-17 10:00:33,535.5,1815485
2021-06-17 10:00:36,535.5,1815589
2021-06-17 10:00:39,535.4,1817367
2021-06-17 10:00:42,535.45,1818444
2021-06-17 10:00:45,535.4,1818859
2021-06-17 10:00:49,535.45,1818973
2021-06-17 10:00:52,535.3,1820037
2021-06-17 10:00:56,535.4,1820106
2021-06-17 10:00:58,535.4,1820106
2021-06-17 10:01:05,535.4,1820691
2021-06-17 10:01:08,535.35,1820777
2021-06-17 10:01:11,535.4,1821078
2021-06-17 10:01:13,535.4,1821418
2021-06-17 10:01:16,535.4,1825200
2021-06-17 10:01:20,535.45,1825452
2021-06-17 10:01:23,535.35,1826126
2021-06-17 10:01:27,535.5,1829049
2021-06-17 10:01:30,535.35,1829445
2021-06-17 10:01:33,535.35,1829955
2021-06-17 10:01:36,535.4,1832389
2021-06-17 10:01:39,535.45,1832393
2021-06-17 10:01:43,535.4,1832740
2021-06-17 10:01:44,535.4,1832740
2021-06-17 10:01:44,535.4,1832740
2021-06-17 10:01:45,535.4,1832760
2021-06-17 10:01:46,535.4,1832760
2021-06-17 10:01:47,535.4,1834260
2021-06-17 10:01:48,535.35,1834278
2021-06-17 10:01:49,535.15,1834319
2021-06-17 10:01:50,535.3,1834320
2021-06-17 10:01:51,535.3,1834320
2021-06-17 10:01:53,535.15,1834331
2021-06-17 10:01:54,535.2,1834473
2021-06-17 10:01:55,535.35,1834477
2021-06-17 10:01:56,535.2,1834478
2021-06-17 10:01:57,535.2,1834478
2021-06-17 10:01:59,535.35,1834649
2021-06-17 10:02:00,535.35,1834842
2021-06-17 10:02:01,535.25,1835022
2021-06-17 10:02:02,535.25,1835148
2021-06-17 10:02:03,535.35,1835158
2021-06-17 10:02:03,535.25,1835159
2021-06-17 10:02:04,535.2,1835201
2021-06-17 10:02:05,535.3,1835226
2021-06-17 10:02:07,535.3,1835322
2021-06-17 10:02:08,535.35,1835337
2021-06-17 10:02:09,535.35,1835337
2021-06-17 10:02:11,535.2,1835590
2021-06-17 10:02:12,535.2,1835590
2021-06-17 10:02:13,535.2,1835590
2021-06-17 10:02:14,535.25,1835638
2021-06-17 10:02:15,535.2,1835646
2021-06-17 10:02:16,535.2,1835646
2021-06-17 10:02:17,535.25,1835746
2021-06-17 10:02:18,535.25,1835746
2021-06-17 10:02:19,535.25,1835746
2021-06-17 10:02:20,535.25,1835747
2021-06-17 10:02:21,535.25,1835747
2021-06-17 10:02:22,535.2,1835807
2021-06-17 10:02:23,535.25,1838020
2021-06-17 10:02:24,535.25,1838020
2021-06-17 10:02:24,535.25,1838020
2021-06-17 10:02:25,535.25,1838020
2021-06-17 10:02:27,535.15,1838104
2021-06-17 10:02:28,535.15,1838104
2021-06-17 10:02:28,535.15,1838104
2021-06-17 10:02:30,535.15,1838104
2021-06-17 10:02:31,535.2,1838106
2021-06-17 10:02:32,535.2,1838106
2021-06-17 10:02:33,535.2,1838106
2021-06-17 10:02:34,535.2,1839228
2021-06-17 10:02:35,535.2,1839228
2021-06-17 10:02:36,535.4,1841418
2021-06-17 10:02:40,535.3,1841850
2021-06-17 10:02:41,535.3,1841850
2021-06-17 10:02:42,535.45,1841978
2021-06-17 10:02:43,535.45,1842045
2021-06-17 10:02:44,535.45,1842045
2021-06-17 10:02:45,535.35,1842221
2021-06-17 10:02:46,535.4,1842234
2021-06-17 10:02:47,535.4,1842247
2021-06-17 10:02:47,535.4,1842247
2021-06-17 10:02:48,535.4,1842247
2021-06-17 10:02:49,535.4,1842247
2021-06-17 10:02:51,535.2,1842439
2021-06-17 10:02:52,535.2,1842731
2021-06-17 10:02:53,535.2,1842908
2021-06-17 10:02:54,535.2,1842908
2021-06-17 10:02:55,535.2,1843007
2021-06-17 10:02:56,535.2,1844264
2021-06-17 10:02:56,535.2,1844343
2021-06-17 10:02:57,535.2,1844343
2021-06-17 10:02:58,535.2,1844344
2021-06-17 10:03:01,535.25,1844349
2021-06-17 10:03:00,535.2,1844344
2021-06-17 10:03:01,535.15,1844485
2021-06-17 10:03:03,535.15,1845228
2021-06-17 10:03:04,535.15,1845228
2021-06-17 10:03:04,535.15,1845228
2021-06-17 10:03:05,535.1,1845288
2021-06-17 10:03:06,535.15,1845296
2021-06-17 10:03:07,535.15,1845297
2021-06-17 10:03:08,535.15,1845297
2021-06-17 10:03:09,535.1,1845438
2021-06-17 10:03:10,535.1,1845488
2021-06-17 10:03:11,535.1,1845540
2021-06-17 10:03:12,535.15,1845583
2021-06-17 10:03:14,535.0,1845914
2021-06-17 10:03:15,535.0,1846014
2021-06-17 10:03:16,535.0,1846014
2021-06-17 10:03:17,535.0,1846014
2021-06-17 10:03:18,535.0,1846696
2021-06-17 10:03:19,535.0,1846696
2021-06-17 10:03:20,535.0,1846696
2021-06-17 10:03:20,535.0,1846696
2021-06-17 10:03:21,535.25,1848835
2021-06-17 10:03:22,535.25,1848835
2021-06-17 10:03:23,535.15,1849145
2021-06-17 10:03:24,535.15,1849145
2021-06-17 10:03:26,535.15,1849463
2021-06-17 10:03:27,535.3,1849712
2021-06-17 10:03:29,535.4,1850300
2021-06-17 10:03:30,535.3,1850489
2021-06-17 10:03:31,535.3,1850489
2021-06-17 10:03:32,535.25,1850699
2021-06-17 10:03:33,535.25,1850699
2021-06-17 10:03:34,535.25,1850699
2021-06-17 10:03:35,535.35,1850702
2021-06-17 10:03:36,535.4,1850997
2021-06-17 10:03:37,535.4,1851007
2021-06-17 10:03:38,535.45,1851017
2021-06-17 10:03:39,535.4,1851022
2021-06-17 10:03:40,535.4,1851022
2021-06-17 10:03:41,535.45,1851172
2021-06-17 10:03:41,535.45,1851172
2021-06-17 10:03:42,535.45,1851651
2021-06-17 10:03:44,535.6,1856730
2021-06-17 10:03:45,535.4,1856750
2021-06-17 10:03:46,535.4,1856750
2021-06-17 10:03:47,535.3,1856797
2021-06-17 10:03:48,535.3,1856797
2021-06-17 10:03:49,535.3,1856797
2021-06-17 10:03:50,535.3,1856897
2021-06-17 10:03:51,535.3,1856897
2021-06-17 10:03:52,535.25,1856924
2021-06-17 10:03:53,535.25,1856939
2021-06-17 10:03:54,535.25,1856942
2021-06-17 10:03:55,535.25,1856943
2021-06-17 10:03:56,535.25,1856944
2021-06-17 10:03:57,535.25,1856945
2021-06-17 10:03:58,535.25,1856945
2021-06-17 10:03:59,535.3,1856956
2021-06-17 10:04:00,535.3,1857051
2021-06-17 10:04:01,535.25,1857179
2021-06-17 10:04:02,535.25,1857179
2021-06-17 10:04:03,535.25,1857179
2021-06-17 10:04:04,535.25,1857179
2021-06-17 10:04:05,535.3,1857188
2021-06-17 10:04:06,535.3,1857188
2021-06-17 10:04:07,535.25,1857340
2021-06-17 10:04:08,535.25,1857878
2021-06-17 10:04:09,535.25,1857878
2021-06-17 10:04:10,535.25,1857878
2021-06-17 10:04:10,535.25,1857883
2021-06-17 10:04:12,535.2,1860889
2021-06-17 10:04:13,535.2,1860939
2021-06-17 10:04:14,535.2,1860939
2021-06-17 10:04:15,535.15,1861151
2021-06-17 10:04:16,535.2,1861186
2021-06-17 10:04:17,535.5,1869338
2021-06-17 10:04:18,535.5,1869338
2021-06-17 10:04:19,535.5,1869338
2021-06-17 10:04:21,535.5,1869358
2021-06-17 10:04:20,535.5,1869338
2021-06-17 10:04:22,535.4,1869408
2021-06-17 10:04:24,535.3,1869961
2021-06-17 10:04:25,535.2,1870261
2021-06-17 10:04:26,535.2,1870261
2021-06-17 10:04:27,535.45,1870450
2021-06-17 10:04:28,535.45,1870450
2021-06-17 10:04:29,535.3,1870452
2021-06-17 10:04:30,535.45,1870616
2021-06-17 10:04:31,535.45,1870616
2021-06-17 10:04:32,535.15,1873616
2021-06-17 10:04:33,535.2,1873618
2021-06-17 10:04:34,535.2,1873618
2021-06-17 10:04:35,535.4,1873733
2021-06-17 10:04:36,535.5,1875021
2021-06-17 10:04:37,535.5,1875021
2021-06-17 10:04:38,535.6,1876910
2021-06-17 10:04:39,535.55,1877385
2021-06-17 10:04:40,535.7,1881912
2021-06-17 10:04:42,535.8,1885351
2021-06-17 10:04:43,535.95,1898657
2021-06-17 10:04:44,535.95,1898657
2021-06-17 10:04:45,536.05,1898707
2021-06-17 10:04:46,535.9,1899178
2021-06-17 10:04:47,535.9,1899628
2021-06-17 10:04:48,535.9,1900649
2021-06-17 10:04:49,535.9,1904229
2021-06-17 10:04:50,535.9,1904229
2021-06-17 10:04:51,536.1,1904529
2021-06-17 10:04:52,535.95,1904539
2021-06-17 10:04:53,535.95,1904574
2021-06-17 10:04:54,536.25,1907162
2021-06-17 10:04:55,536.3,1907182
2021-06-17 10:04:56,536.15,1907340
2021-06-17 10:04:57,536.15,1907340
2021-06-17 10:04:58,536.25,1907442
2021-06-17 10:04:59,536.2,1907750
2021-06-17 10:05:00,536.25,1908353
2021-06-17 10:05:01,536.2,1908453
2021-06-17 10:05:02,536.25,1908554
2021-06-17 10:05:03,536.25,1909175
2021-06-17 10:05:04,536.25,1909287
2021-06-17 10:05:05,536.25,1909287
2021-06-17 10:05:06,536.3,1909294
2021-06-17 10:05:07,536.3,1909327
2021-06-17 10:05:08,536.35,1909757
2021-06-17 10:05:09,536.4,1909867
2021-06-17 10:05:10,536.25,1909925
2021-06-17 10:05:11,536.2,1910325
2021-06-17 10:05:12,536.2,1910329
2021-06-17 10:05:13,536.4,1910427
2021-06-17 10:05:14,536.4,1910427
2021-06-17 10:05:15,536.1,1910629
2021-06-17 10:05:16,536.3,1910789
2021-06-17 10:05:17,536.35,1910850
2021-06-17 10:05:18,536.35,1910850
2021-06-17 10:05:19,536.25,1911010
2021-06-17 10:05:20,536.25,1911029
2021-06-17 10:05:21,536.4,1911104
2021-06-17 10:05:22,536.4,1911204
2021-06-17 10:05:23,536.2,1911434
2021-06-17 10:05:24,536.4,1911435
2021-06-17 10:05:25,536.15,1912107
2021-06-17 10:05:28,536.25,1912233
2021-06-17 10:05:29,536.25,1912233
2021-06-17 10:05:30,536.25,1912233
2021-06-17 10:05:31,536.25,1912233
2021-06-17 10:05:32,536.25,1912287
2021-06-17 10:05:34,536.1,1912587
2021-06-17 10:05:35,536.25,1912980
2021-06-17 10:05:36,536.2,1913022
2021-06-17 10:05:37,536.15,1913102
2021-06-17 10:05:38,536.2,1913137
2021-06-17 10:05:39,536.25,1914354
2021-06-17 10:05:40,536.25,1914354
2021-06-17 10:05:41,536.15,1914406
2021-06-17 10:05:42,536.15,1914406
2021-06-17 10:05:43,536.35,1915066
2021-06-17 10:05:45,536.2,1915124
2021-06-17 10:05:44,536.2,1915099
2021-06-17 10:05:47,536.55,1922074
2021-06-17 10:05:48,536.45,1922374
2021-06-17 10:05:49,536.35,1923557
2021-06-17 10:05:50,536.3,1924060
2021-06-17 10:05:51,536.3,1924060
2021-06-17 10:05:52,536.45,1924140
2021-06-17 10:05:53,536.35,1924144
2021-06-17 10:05:54,536.35,1924144
2021-06-17 10:05:55,536.35,1924312
2021-06-17 10:05:56,536.45,1924366
2021-06-17 10:05:57,536.3,1924449
2021-06-17 10:05:58,536.35,1924470
2021-06-17 10:05:59,536.25,1924622
2021-06-17 10:06:00,536.4,1924849
2021-06-17 10:06:01,536.45,1924955
2021-06-17 10:06:02,536.35,1925078
2021-06-17 10:06:03,536.35,1925913
2021-06-17 10:06:04,536.35,1926108
2021-06-17 10:06:05,536.3,1926109
2021-06-17 10:06:06,536.3,1926372
2021-06-17 10:06:07,536.3,1926372
2021-06-17 10:06:08,536.3,1926377
2021-06-17 10:06:09,536.3,1928055
2021-06-17 10:06:10,536.3,1928055
2021-06-17 10:06:11,536.3,1928055
2021-06-17 10:06:12,536.25,1928406
2021-06-17 10:06:13,536.25,1928408
2021-06-17 10:06:14,536.25,1928464
2021-06-17 10:06:15,536.3,1928478
2021-06-17 10:06:17,536.25,1928888
2021-06-17 10:06:18,536.3,1928890
2021-06-17 10:06:19,536.3,1928901
2021-06-17 10:06:21,536.3,1930538
2021-06-17 10:06:22,536.3,1930538
2021-06-17 10:06:23,536.35,1930692
2021-06-17 10:06:24,536.45,1931909
2021-06-17 10:06:26,536.3,1932079
2021-06-17 10:06:27,536.35,1932181
2021-06-17 10:06:28,536.35,1932191
2021-06-17 10:06:29,536.35,1932205
2021-06-17 10:06:30,536.35,1932205
2021-06-17 10:06:31,536.3,1932212
2021-06-17 10:06:32,536.35,1932512
2021-06-17 10:06:34,536.3,1932562
2021-06-17 10:06:35,536.35,1932566
2021-06-17 10:06:36,536.3,1932776
2021-06-17 10:06:37,536.3,1933301
2021-06-17 10:06:38,536.35,1933372
2021-06-17 10:06:39,536.3,1933377
2021-06-17 10:06:40,536.3,1933377
2021-06-17 10:06:41,536.3,1933377
2021-06-17 10:06:42,536.2,1936077
2021-06-17 10:06:44,536.3,1936261
2021-06-17 10:06:45,536.35,1936262
2021-06-17 10:06:46,536.45,1937762
2021-06-17 10:06:48,536.7,1941188
2021-06-17 10:06:47,536.45,1937782
2021-06-17 10:06:49,536.7,1941914
2021-06-17 10:06:51,536.8,1947401
2021-06-17 10:06:52,537.3,1958712
2021-06-17 10:06:53,536.95,1962652
2021-06-17 10:06:54,536.95,1962683
2021-06-17 10:06:55,536.95,1962746
2021-06-17 10:06:56,536.95,1963386
2021-06-17 10:06:57,536.85,1963544
2021-06-17 10:06:58,536.95,1963912
2021-06-17 10:07:00,537.0,1964042
2021-06-17 10:07:00,537.0,1964042
2021-06-17 10:07:01,536.9,1964126
2021-06-17 10:07:02,536.95,1964127
2021-06-17 10:07:03,537.05,1966854
2021-06-17 10:07:04,537.1,1968524
2021-06-17 10:07:05,536.85,1968691
2021-06-17 10:07:06,537.0,1968782
2021-06-17 10:07:07,537.0,1968882
2021-06-17 10:07:08,536.9,1968988
2021-06-17 10:07:09,536.9,1971585
2021-06-17 10:07:10,536.9,1971640
2021-06-17 10:07:11,536.9,1973496
2021-06-17 10:07:13,536.9,1975347
2021-06-17 10:07:13,536.9,1975550
2021-06-17 10:07:14,536.9,1975853
2021-06-17 10:07:15,537.05,1979363
2021-06-17 10:07:16,537.25,1979725
2021-06-17 10:07:17,537.3,1979799
2021-06-17 10:07:18,537.4,1982152
2021-06-17 10:07:19,537.2,1982477
2021-06-17 10:07:20,537.4,1982624
2021-06-17 10:07:21,537.4,1982973
2021-06-17 10:07:22,537.4,1982973
2021-06-17 10:07:23,537.25,1983004
2021-06-17 10:07:24,537.25,1983240
2021-06-17 10:07:26,537.2,1983375
2021-06-17 10:07:27,537.25,1985029
2021-06-17 10:07:29,537.2,1987010
2021-06-17 10:07:30,537.2,1987079
2021-06-17 10:07:32,537.2,1989243
2021-06-17 10:07:33,537.5,1997355
2021-06-17 10:07:34,537.25,1999599
2021-06-17 10:07:35,537.15,1999643
2021-06-17 10:07:36,537.35,2001288
2021-06-17 10:07:37,537.3,2003894
2021-06-17 10:07:39,537.05,2005055
2021-06-17 10:07:39,537.35,2005256
2021-06-17 10:07:40,537.4,2005306
2021-06-17 10:07:41,537.1,2005411
2021-06-17 10:07:42,537.2,2006562
2021-06-17 10:07:43,537.3,2006580
2021-06-17 10:07:44,537.25,2006743
2021-06-17 10:07:45,537.4,2006829
2021-06-17 10:07:47,537.5,2010448
2021-06-17 10:07:48,537.5,2012981
2021-06-17 10:07:49,537.6,2013170
2021-06-17 10:07:50,537.65,2015410
2021-06-17 10:07:51,537.6,2015511
2021-06-17 10:07:52,537.6,2016081
2021-06-17 10:07:53,537.6,2016863
2021-06-17 10:07:54,537.7,2017405
2021-06-17 10:07:55,537.6,2024361
2021-06-17 10:07:56,537.85,2025998
2021-06-17 10:07:57,537.8,2027475
2021-06-17 10:07:58,537.65,2027695
2021-06-17 10:07:59,537.65,2027850
2021-06-17 10:08:00,537.7,2028581
2021-06-17 10:08:01,537.75,2029725
2021-06-17 10:08:03,537.7,2030021
2021-06-17 10:08:02,537.7,2029818
2021-06-17 10:08:04,537.85,2031559
2021-06-17 10:08:05,537.75,2031586
2021-06-17 10:08:06,537.85,2031986
2021-06-17 10:08:07,537.7,2032687
2021-06-17 10:08:09,537.6,2033779
2021-06-17 10:08:10,537.6,2033884
2021-06-17 10:08:11,537.5,2034001
2021-06-17 10:08:12,537.85,2036241
2021-06-17 10:08:13,537.75,2036465
2021-06-17 10:08:14,537.75,2036469
2021-06-17 10:08:15,537.8,2036570
2021-06-17 10:08:16,537.65,2038378
2021-06-17 10:08:17,537.65,2038678
2021-06-17 10:08:19,537.35,2038988
2021-06-17 10:08:19,537.3,2040533
2021-06-17 10:08:20,537.5,2040914
2021-06-17 10:08:21,537.5,2040957
2021-06-17 10:08:22,537.5,2041959
2021-06-17 10:08:23,537.5,2041959
2021-06-17 10:08:24,537.5,2043294
2021-06-17 10:08:25,537.45,2043541
2021-06-17 10:08:26,537.3,2044218
2021-06-17 10:08:27,537.3,2044424
2021-06-17 10:08:28,537.45,2044509
2021-06-17 10:08:29,537.45,2045764
2021-06-17 10:08:31,537.3,2046062
2021-06-17 10:08:30,537.35,2045861
2021-06-17 10:08:32,537.5,2049062
2021-06-17 10:08:33,537.3,2049797
2021-06-17 10:08:34,537.35,2049804
2021-06-17 10:08:35,537.3,2050872
2021-06-17 10:08:37,537.55,2053289
2021-06-17 10:08:37,537.55,2053314
2021-06-17 10:08:38,537.55,2055357
2021-06-17 10:08:39,537.55,2055415
2021-06-17 10:08:40,537.5,2059895
2021-06-17 10:08:41,537.7,2059995
2021-06-17 10:08:42,537.8,2059998
2021-06-17 10:08:43,537.6,2060059
2021-06-17 10:08:44,537.6,2060165
2021-06-17 10:08:46,537.5,2060837
2021-06-17 10:08:47,537.85,2065915
2021-06-17 10:08:48,537.8,2066256
2021-06-17 10:08:49,537.95,2081656
2021-06-17 10:08:50,538.1,2083646
2021-06-17 10:08:51,538.1,2084034
2021-06-17 10:08:52,538.0,2084085
2021-06-17 10:08:53,537.8,2084208
2021-06-17 10:08:54,538.05,2084537
2021-06-17 10:08:55,538.05,2084696
2021-06-17 10:08:56,538.15,2085346
2021-06-17 10:08:57,538.0,2087787
2021-06-17 10:08:58,538.05,2089131
2021-06-17 10:08:59,538.0,2089136
2021-06-17 10:09:00,537.9,2089511
2021-06-17 10:09:01,538.05,2090862
2021-06-17 10:09:02,538.1,2095174
2021-06-17 10:09:03,538.0,2095216
2021-06-17 10:09:04,538.1,2095776
2021-06-17 10:09:05,538.1,2096125
2021-06-17 10:09:06,537.95,2096234
2021-06-17 10:09:07,538.0,2096415
2021-06-17 10:09:08,538.1,2096641
2021-06-17 10:09:09,538.0,2096747
2021-06-17 10:09:12,538.1,2097500
2021-06-17 10:09:11,538.1,2097212
2021-06-17 10:09:12,538.15,2097906
2021-06-17 10:09:14,538.35,2102633
2021-06-17 10:09:14,538.35,2102733
2021-06-17 10:09:15,538.35,2102733
2021-06-17 10:09:16,538.35,2103139
2021-06-17 10:09:17,538.65,2110426
2021-06-17 10:09:18,538.4,2113278
2021-06-17 10:09:19,538.45,2113365
2021-06-17 10:09:20,538.55,2114604
2021-06-17 10:09:21,538.5,2114972
2021-06-17 10:09:22,538.5,2115379
2021-06-17 10:09:23,538.5,2115694
2021-06-17 10:09:24,538.5,2115695
2021-06-17 10:09:25,538.5,2117683
2021-06-17 10:09:26,538.75,2119719
2021-06-17 10:09:27,538.75,2119857
2021-06-17 10:09:28,538.75,2119863
2021-06-17 10:09:29,538.75,2120709
2021-06-17 10:09:30,538.75,2121909
2021-06-17 10:09:31,538.6,2122674
2021-06-17 10:09:32,538.75,2123457
2021-06-17 10:09:34,538.8,2124207
2021-06-17 10:09:35,538.6,2124607
2021-06-17 10:09:36,538.6,2124607
2021-06-17 10:09:37,538.65,2124623
2021-06-17 10:09:37,538.6,2124650
2021-06-17 10:09:38,538.6,2124656
2021-06-17 10:09:39,538.65,2124688
2021-06-17 10:09:40,538.6,2125283
2021-06-17 10:09:42,538.75,2127524
2021-06-17 10:09:43,538.75,2127864
2021-06-17 10:09:44,539.15,2145033
2021-06-17 10:09:45,539.1,2147527
2021-06-17 10:09:46,539.15,2147584
2021-06-17 10:09:47,539.1,2147839
2021-06-17 10:09:48,539.1,2148544
2021-06-17 10:09:49,539.15,2150447
2021-06-17 10:09:50,538.7,2152470
2021-06-17 10:09:52,538.7,2152990
2021-06-17 10:09:53,538.9,2155274
2021-06-17 10:09:54,538.95,2155473
2021-06-17 10:09:55,538.9,2156445
2021-06-17 10:09:56,538.9,2156662
2021-06-17 10:09:57,538.85,2156762
2021-06-17 10:09:58,538.95,2158127
2021-06-17 10:09:59,538.95,2158815
2021-06-17 10:10:00,538.95,2160218
2021-06-17 10:10:02,538.85,2162876
2021-06-17 10:10:03,539.15,2177632
2021-06-17 10:10:04,539.25,2178657
2021-06-17 10:10:05,539.2,2178832
2021-06-17 10:10:06,539.0,2179568
2021-06-17 10:10:08,539.0,2182332
2021-06-17 10:10:09,539.25,2183501
2021-06-17 10:10:10,539.15,2183600
2021-06-17 10:10:10,539.15,2183744
2021-06-17 10:10:12,539.1,2191186
2021-06-17 10:10:13,539.2,2191275
2021-06-17 10:10:14,539.4,2197042
2021-06-17 10:10:15,539.35,2198626
2021-06-17 10:10:16,539.15,2198843
2021-06-17 10:10:16,539.15,2198843
2021-06-17 10:10:17,539.3,2199304
2021-06-17 10:10:19,539.3,2201083
2021-06-17 10:10:20,539.3,2203273
2021-06-17 10:10:21,539.3,2203273
2021-06-17 10:10:22,539.25,2203406
2021-06-17 10:10:23,539.2,2204246
2021-06-17 10:10:24,539.25,2204252
2021-06-17 10:10:25,539.2,2204617
2021-06-17 10:10:26,539.2,2205015
2021-06-17 10:10:27,539.3,2205066
2021-06-17 10:10:28,539.2,2205701
2021-06-17 10:10:29,539.3,2205762
2021-06-17 10:10:30,539.3,2206522
2021-06-17 10:10:33,539.1,2207042
2021-06-17 10:10:33,539.25,2207097
2021-06-17 10:10:34,539.25,2207177
2021-06-17 10:10:35,539.05,2207187
2021-06-17 10:10:36,539.0,2207372
2021-06-17 10:10:38,539.3,2208663
2021-06-17 10:10:39,539.25,2208713
2021-06-17 10:10:41,539.3,2210472
2021-06-17 10:10:43,539.3,2211114
2021-06-17 10:10:43,539.3,2211114
2021-06-17 10:10:44,539.3,2211218
2021-06-17 10:10:45,539.15,2211258
2021-06-17 10:10:46,539.3,2215468
2021-06-17 10:10:47,539.25,2216320
2021-06-17 10:10:48,539.35,2220013
2021-06-17 10:10:49,539.3,2220195
2021-06-17 10:10:50,539.65,2228396
2021-06-17 10:10:52,539.45,2229340
2021-06-17 10:10:52,539.5,2228938
2021-06-17 10:10:54,539.55,2230146
2021-06-17 10:10:54,539.55,2230196
2021-06-17 10:10:55,539.5,2230896
2021-06-17 10:10:56,539.85,2235054
2021-06-17 10:10:57,539.95,2240732
2021-06-17 10:10:58,539.85,2240948
2021-06-17 10:10:59,539.85,2241498
2021-06-17 10:11:00,539.85,2241579
2021-06-17 10:11:01,539.9,2244401
2021-06-17 10:11:02,540.0,2246559
2021-06-17 10:11:03,540.15,2261661
2021-06-17 10:11:04,540.4,2273113
2021-06-17 10:11:05,540.2,2274712
2021-06-17 10:11:06,540.65,2284473
2021-06-17 10:11:07,540.65,2287969
2021-06-17 10:11:08,540.5,2289346
2021-06-17 10:11:09,540.5,2290003
2021-06-17 10:11:10,540.55,2293984
2021-06-17 10:11:11,540.75,2296220
2021-06-17 10:11:12,540.85,2299156
2021-06-17 10:11:14,540.8,2308635
2021-06-17 10:11:15,540.8,2311526
2021-06-17 10:11:16,540.85,2312408
2021-06-17 10:11:16,540.85,2312408
2021-06-17 10:11:18,540.85,2314229
2021-06-17 10:11:19,540.85,2317526
2021-06-17 10:11:20,541.0,2320131
2021-06-17 10:11:20,541.1,2321789
2021-06-17 10:11:21,541.15,2323191
2021-06-17 10:11:22,541.2,2325033
2021-06-17 10:11:23,541.05,2325419
2021-06-17 10:11:25,541.0,2326364
2021-06-17 10:11:26,541.1,2327202
2021-06-17 10:11:27,541.05,2329272
2021-06-17 10:11:28,541.05,2329778
2021-06-17 10:11:29,541.05,2331763
2021-06-17 10:11:30,540.85,2331971
2021-06-17 10:11:31,540.85,2334015
2021-06-17 10:11:32,540.7,2338349
2021-06-17 10:11:34,540.35,2340588
2021-06-17 10:11:35,540.2,2341479
2021-06-17 10:11:36,540.25,2343567
2021-06-17 10:11:37,540.4,2343972
2021-06-17 10:11:38,540.1,2344783
2021-06-17 10:11:39,540.3,2345373
2021-06-17 10:11:40,540.2,2345524
2021-06-17 10:11:41,540.75,2347571
2021-06-17 10:11:42,540.95,2351658
2021-06-17 10:11:42,540.9,2351773
2021-06-17 10:11:44,540.85,2351914
2021-06-17 10:11:45,540.9,2352217
2021-06-17 10:11:46,541.0,2359513
2021-06-17 10:11:47,541.25,2361518
2021-06-17 10:11:48,541.0,2361780
2021-06-17 10:11:49,541.1,2361990
2021-06-17 10:11:50,541.1,2362061
2021-06-17 10:11:51,540.9,2362301
2021-06-17 10:11:52,541.0,2362381
2021-06-17 10:11:53,541.05,2363337
2021-06-17 10:11:54,541.0,2364695
2021-06-17 10:11:55,541.15,2364838
2021-06-17 10:11:56,540.95,2365961
2021-06-17 10:11:56,541.2,2366294
2021-06-17 10:11:57,541.0,2366511
2021-06-17 10:11:58,540.95,2366591
2021-06-17 10:11:59,541.1,2368195
2021-06-17 10:12:00,541.1,2369098
2021-06-17 10:12:01,541.1,2369466
2021-06-17 10:12:02,541.1,2369857
2021-06-17 10:12:03,540.95,2372600
2021-06-17 10:12:04,541.05,2374992
2021-06-17 10:12:06,540.9,2375248
2021-06-17 10:12:07,540.9,2375428
2021-06-17 10:12:08,540.95,2376255
2021-06-17 10:12:09,541.0,2380217
2021-06-17 10:12:10,540.95,2380970
2021-06-17 10:12:11,540.95,2381328
2021-06-17 10:12:12,541.0,2381929
2021-06-17 10:12:13,541.0,2383431
2021-06-17 10:12:14,541.0,2384658
2021-06-17 10:12:14,541.0,2384758
2021-06-17 10:12:15,541.2,2387080
2021-06-17 10:12:16,541.05,2395919
2021-06-17 10:12:17,541.0,2396119
2021-06-17 10:12:18,540.9,2396458
2021-06-17 10:12:19,541.05,2396748
2021-06-17 10:12:20,540.85,2396855
2021-06-17 10:12:22,541.0,2396965
2021-06-17 10:12:23,541.0,2398816
2021-06-17 10:12:24,540.9,2399875
2021-06-17 10:12:25,540.85,2417991
2021-06-17 10:12:26,540.85,2420626
2021-06-17 10:12:27,540.9,2432191
2021-06-17 10:12:28,540.85,2447558
2021-06-17 10:12:29,540.85,2475762
2021-06-17 10:12:30,540.8,2494440
2021-06-17 10:12:31,540.75,2494609
2021-06-17 10:12:31,540.75,2494609
2021-06-17 10:12:34,540.75,2497058
2021-06-17 10:12:35,540.75,2504928
2021-06-17 10:12:36,540.65,2507559
2021-06-17 10:12:37,540.65,2507822
2021-06-17 10:12:38,540.7,2513032
2021-06-17 10:12:39,540.7,2513175
2021-06-17 10:12:40,540.7,2513503
2021-06-17 10:12:41,540.7,2513517
2021-06-17 10:12:43,540.5,2515929
2021-06-17 10:12:44,540.55,2516510
2021-06-17 10:12:45,540.7,2516553
2021-06-17 10:12:46,540.7,2516683
2021-06-17 10:12:47,540.7,2517304
2021-06-17 10:12:49,540.7,2517704
2021-06-17 10:12:51,540.7,2518456
2021-06-17 10:12:50,540.7,2518169
2021-06-17 10:12:52,540.7,2518755
2021-06-17 10:12:54,540.7,2518799
2021-06-17 10:12:55,540.7,2519291
2021-06-17 10:12:56,540.65,2519649
2021-06-17 10:12:57,540.5,2520518
2021-06-17 10:12:58,540.55,2520630
2021-06-17 10:12:58,540.55,2520630
2021-06-17 10:12:59,540.5,2521014
2021-06-17 10:13:00,540.55,2521190
2021-06-17 10:13:01,540.5,2522640
2021-06-17 10:13:02,540.45,2523035
2021-06-17 10:13:03,540.5,2523420
2021-06-17 10:13:04,540.3,2523603
2021-06-17 10:13:05,540.5,2524628
2021-06-17 10:13:06,540.3,2525341
2021-06-17 10:13:07,540.35,2525369
2021-06-17 10:13:08,540.35,2525379
2021-06-17 10:13:09,540.45,2525445
2021-06-17 10:13:10,540.4,2525510
2021-06-17 10:13:11,540.4,2525620
2021-06-17 10:13:12,540.4,2525625
2021-06-17 10:13:14,540.45,2529546
2021-06-17 10:13:15,540.45,2531729
2021-06-17 10:13:16,540.4,2531904
2021-06-17 10:13:17,540.45,2533047
2021-06-17 10:13:19,540.5,2535514
2021-06-17 10:13:20,540.5,2536008
2021-06-17 10:13:21,540.35,2536542
2021-06-17 10:13:21,540.35,2536542
2021-06-17 10:13:22,540.45,2536742
2021-06-17 10:13:23,540.35,2536845
2021-06-17 10:13:25,540.45,2544987
2021-06-17 10:13:26,540.3,2545192
2021-06-17 10:13:27,540.3,2545287
2021-06-17 10:13:28,540.35,2557987
2021-06-17 10:13:29,540.35,2558050
2021-06-17 10:13:30,540.4,2558261
2021-06-17 10:13:31,540.45,2558520
2021-06-17 10:13:32,540.45,2566945
2021-06-17 10:13:33,540.45,2568642
2021-06-17 10:13:34,540.35,2569771
2021-06-17 10:13:36,540.4,2575038
2021-06-17 10:13:37,540.45,2575191
2021-06-17 10:13:38,540.4,2575241
2021-06-17 10:13:40,540.35,2577244
2021-06-17 10:13:41,540.35,2577441
2021-06-17 10:13:42,540.4,2577473
2021-06-17 10:13:43,540.35,2578050
2021-06-17 10:13:44,540.4,2578329
2021-06-17 10:13:45,540.35,2578871
2021-06-17 10:13:46,540.35,2578877
2021-06-17 10:13:47,540.4,2583243
2021-06-17 10:13:48,540.4,2583244
2021-06-17 10:13:49,540.4,2583244
2021-06-17 10:13:50,540.35,2583444
2021-06-17 10:13:51,540.15,2583486
2021-06-17 10:13:52,540.3,2584408
2021-06-17 10:13:53,540.15,2586359
2021-06-17 10:13:54,540.4,2606453
2021-06-17 10:13:55,539.95,2613013
2021-06-17 10:13:57,540.0,2625299
2021-06-17 10:13:58,540.4,2636996
2021-06-17 10:13:59,540.0,2638517
2021-06-17 10:13:59,540.05,2637124
2021-06-17 10:14:00,540.0,2638741
2021-06-17 10:14:01,540.05,2638809
2021-06-17 10:14:03,540.05,2639281
2021-06-17 10:14:04,540.15,2639346
2021-06-17 10:14:05,540.15,2641197
2021-06-17 10:14:07,540.15,2642734
2021-06-17 10:14:08,540.15,2643334
2021-06-17 10:14:09,540.0,2650546
2021-06-17 10:14:10,540.0,2654398
2021-06-17 10:14:11,540.0,2654548
2021-06-17 10:14:12,540.0,2656216
2021-06-17 10:14:13,539.95,2656604
2021-06-17 10:14:14,540.0,2664018
2021-06-17 10:14:15,539.9,2666634
2021-06-17 10:14:16,540.1,2675852
2021-06-17 10:14:17,540.05,2675952
2021-06-17 10:14:18,539.9,2676110
2021-06-17 10:14:19,539.9,2676145
2021-06-17 10:14:20,539.9,2676290
2021-06-17 10:14:21,539.9,2677338
2021-06-17 10:14:22,539.9,2679340
2021-06-17 10:14:24,539.9,2679764
2021-06-17 10:14:24,539.85,2679775
2021-06-17 10:14:25,539.95,2679997
2021-06-17 10:14:26,539.95,2680008
2021-06-17 10:14:28,539.95,2680280
2021-06-17 10:14:29,539.95,2680420
2021-06-17 10:14:30,539.75,2680425
2021-06-17 10:14:31,539.75,2680485
2021-06-17 10:14:32,539.75,2680510
2021-06-17 10:14:33,539.95,2682426
2021-06-17 10:14:34,539.85,2682454
2021-06-17 10:14:35,539.95,2683684
2021-06-17 10:14:36,539.8,2683746
2021-06-17 10:14:37,539.7,2685600
2021-06-17 10:14:38,539.75,2686616
2021-06-17 10:14:39,539.75,2686696
2021-06-17 10:14:40,539.75,2686714
2021-06-17 10:14:41,539.75,2686831
2021-06-17 10:14:43,539.75,2688160
2021-06-17 10:14:43,539.7,2688213
2021-06-17 10:14:44,539.7,2688213
2021-06-17 10:14:45,539.65,2689290
2021-06-17 10:14:46,539.75,2689390
2021-06-17 10:14:48,539.65,2689450
2021-06-17 10:14:49,539.65,2689650
2021-06-17 10:14:50,539.6,2690080
2021-06-17 10:14:51,539.85,2691931
2021-06-17 10:14:52,540.0,2692716
2021-06-17 10:14:54,539.8,2695496
2021-06-17 10:14:55,540.0,2697347
2021-06-17 10:14:56,540.0,2700748
2021-06-17 10:14:57,539.95,2703293
2021-06-17 10:14:58,540.0,2703877
2021-06-17 10:14:58,540.0,2703877
2021-06-17 10:14:59,540.0,2704217
2021-06-17 10:15:00,540.0,2704217
2021-06-17 10:15:01,540.15,2704517
2021-06-17 10:15:03,540.15,2707857
2021-06-17 10:15:04,540.15,2708197
2021-06-17 10:15:05,540.0,2708395
2021-06-17 10:15:06,540.0,2708397
2021-06-17 10:15:07,540.05,2709410
2021-06-17 10:15:08,540.0,2709582
2021-06-17 10:15:09,540.0,2709588
2021-06-17 10:15:11,540.05,2709830
2021-06-17 10:15:12,540.05,2710425
2021-06-17 10:15:13,540.0,2710526
2021-06-17 10:15:14,540.0,2710849
2021-06-17 10:15:15,539.95,2714287
2021-06-17 10:15:16,539.95,2714290
2021-06-17 10:15:17,539.8,2714295
2021-06-17 10:15:18,539.95,2714566
2021-06-17 10:15:19,539.95,2714566
2021-06-17 10:15:21,539.8,2714683
2021-06-17 10:15:22,539.9,2715661
2021-06-17 10:15:23,539.9,2715761
2021-06-17 10:15:24,539.9,2715761
2021-06-17 10:15:25,539.8,2715787
2021-06-17 10:15:26,539.9,2716159
2021-06-17 10:15:27,539.7,2716409
2021-06-17 10:15:28,539.6,2717409
2021-06-17 10:15:29,539.6,2717409
2021-06-17 10:15:30,539.8,2717599
2021-06-17 10:15:31,539.6,2717649
2021-06-17 10:15:32,539.6,2717649
2021-06-17 10:15:33,539.8,2717699
2021-06-17 10:15:34,539.6,2717717
2021-06-17 10:15:35,539.75,2717781
2021-06-17 10:15:36,539.6,2717881
2021-06-17 10:15:37,539.65,2717882
2021-06-17 10:15:38,539.6,2718172
2021-06-17 10:15:39,539.6,2718272
2021-06-17 10:15:40,539.65,2718277
2021-06-17 10:15:41,539.6,2718392
2021-06-17 10:15:42,539.6,2719231
2021-06-17 10:15:43,539.5,2719580
2021-06-17 10:15:44,539.5,2719637
2021-06-17 10:15:45,539.5,2719637
2021-06-17 10:15:46,539.55,2719644
2021-06-17 10:15:47,539.45,2744957
2021-06-17 10:15:48,539.45,2745558
2021-06-17 10:15:49,539.4,2745934
2021-06-17 10:15:50,539.3,2746936
2021-06-17 10:15:51,539.3,2748092
2021-06-17 10:15:52,539.5,2748274
2021-06-17 10:15:53,539.4,2748449
2021-06-17 10:15:54,539.35,2748456
2021-06-17 10:15:55,539.35,2748456
2021-06-17 10:15:56,539.35,2748687
2021-06-17 10:15:58,539.5,2750003
2021-06-17 10:15:59,539.55,2750145
2021-06-17 10:16:00,539.5,2750186
2021-06-17 10:16:01,539.4,2750327
2021-06-17 10:16:03,539.5,2750860
2021-06-17 10:16:04,539.4,2750908
2021-06-17 10:16:05,539.45,2750911
2021-06-17 10:16:06,539.4,2750993
2021-06-17 10:16:07,539.45,2751073
2021-06-17 10:16:08,539.4,2751222
2021-06-17 10:16:09,539.4,2751687
2021-06-17 10:16:10,539.3,2751929
2021-06-17 10:16:11,539.25,2752254
2021-06-17 10:16:12,539.25,2752254
2021-06-17 10:16:13,539.4,2752418
2021-06-17 10:16:14,539.4,2755006
2021-06-17 10:16:15,539.25,2755211
2021-06-17 10:16:16,539.25,2755211
2021-06-17 10:16:17,539.25,2755211
2021-06-17 10:16:18,539.25,2755311
2021-06-17 10:16:19,539.2,2756219
2021-06-17 10:16:20,539.1,2757824
2021-06-17 10:16:21,539.1,2757824
2021-06-17 10:16:22,539.2,2757975
2021-06-17 10:16:23,539.05,2761302
2021-06-17 10:16:24,539.05,2761312
2021-06-17 10:16:25,539.05,2761312
2021-06-17 10:16:26,539.05,2761362
2021-06-17 10:16:27,539.2,2761474
2021-06-17 10:16:28,539.3,2763325
2021-06-17 10:16:29,539.3,2763325
2021-06-17 10:16:30,539.1,2763326
2021-06-17 10:16:31,539.1,2765342
2021-06-17 10:16:32,539.2,2765684
2021-06-17 10:16:33,539.2,2766902
2021-06-17 10:16:35,539.2,2776883
2021-06-17 10:16:36,539.4,2778183
2021-06-17 10:16:37,539.35,2778198
2021-06-17 10:16:38,539.15,2778308
2021-06-17 10:16:39,539.15,2778308
2021-06-17 10:16:40,539.25,2778503
2021-06-17 10:16:41,539.25,2778503
2021-06-17 10:16:42,539.15,2778975
2021-06-17 10:16:43,539.3,2779108
2021-06-17 10:16:44,539.3,2779108
2021-06-17 10:16:45,539.25,2779272
2021-06-17 10:16:46,539.15,2779329
2021-06-17 10:16:47,539.25,2779396
2021-06-17 10:16:48,539.25,2779596
2021-06-17 10:16:49,539.1,2784544
2021-06-17 10:16:51,539.05,2784814
2021-06-17 10:16:52,539.1,2786876
2021-06-17 10:16:53,539.05,2787307
2021-06-17 10:16:54,539.05,2793788
2021-06-17 10:16:55,539.25,2795388
2021-06-17 10:16:56,539.25,2798767
2021-06-17 10:16:57,539.2,2798768
2021-06-17 10:16:58,539.2,2799024
2021-06-17 10:16:59,539.2,2799024
2021-06-17 10:17:00,539.05,2807966
2021-06-17 10:17:01,539.05,2807966
2021-06-17 10:17:03,538.95,2814428
2021-06-17 10:17:05,538.9,2818086
2021-06-17 10:17:06,538.95,2818126
2021-06-17 10:17:07,538.9,2818460
2021-06-17 10:17:08,538.95,2819429
2021-06-17 10:17:09,538.95,2824644
2021-06-17 10:17:10,538.9,2824672
2021-06-17 10:17:11,539.0,2826630
2021-06-17 10:17:13,539.25,2831559
2021-06-17 10:17:12,539.0,2828511
2021-06-17 10:17:15,539.1,2831763
2021-06-17 10:17:16,539.15,2832032
2021-06-17 10:17:17,539.1,2832079
2021-06-17 10:17:18,539.1,2834160
2021-06-17 10:17:19,539.15,2834276
2021-06-17 10:17:20,539.15,2834276
2021-06-17 10:17:21,539.15,2834277
2021-06-17 10:17:22,539.15,2834279
2021-06-17 10:17:23,539.1,2834294
2021-06-17 10:17:24,539.1,2834295
2021-06-17 10:17:25,539.15,2834460
2021-06-17 10:17:26,539.15,2834669
2021-06-17 10:17:27,539.1,2835199
2021-06-17 10:17:28,539.15,2835306
2021-06-17 10:17:29,539.15,2835306
2021-06-17 10:17:30,539.2,2837100
2021-06-17 10:17:31,539.05,2837701
2021-06-17 10:17:32,539.05,2837701
2021-06-17 10:17:33,539.0,2837771
2021-06-17 10:17:34,539.0,2837771
2021-06-17 10:17:35,539.0,2837771
2021-06-17 10:17:36,539.15,2837871
2021-06-17 10:17:37,539.05,2840480
2021-06-17 10:17:38,539.1,2841286
2021-06-17 10:17:39,539.05,2841686
2021-06-17 10:17:40,539.05,2841721
2021-06-17 10:17:41,539.1,2841731
2021-06-17 10:17:43,539.55,2849400
2021-06-17 10:17:44,539.55,2849400
2021-06-17 10:17:44,539.2,2849653
2021-06-17 10:17:46,539.25,2849906
2021-06-17 10:17:46,539.4,2849905
2021-06-17 10:17:47,539.25,2849906
2021-06-17 10:17:49,539.25,2849906
2021-06-17 10:17:49,539.25,2849906
2021-06-17 10:17:50,539.25,2849906
2021-06-17 10:17:52,539.25,2850061
2021-06-17 10:17:54,539.2,2851931
2021-06-17 10:17:54,539.2,2851931
2021-06-17 10:17:55,539.25,2851955
2021-06-17 10:17:56,539.2,2852345
2021-06-17 10:17:57,539.2,2852355
2021-06-17 10:17:58,539.35,2855029
2021-06-17 10:17:59,539.35,2855029
2021-06-17 10:18:00,539.35,2855090
2021-06-17 10:18:01,539.3,2855392
2021-06-17 10:18:03,539.45,2855493
2021-06-17 10:18:03,539.3,2855443
2021-06-17 10:18:04,539.3,2855765
2021-06-17 10:18:05,539.3,2855807
2021-06-17 10:18:06,539.3,2856320
2021-06-17 10:18:07,539.3,2856430
2021-06-17 10:18:08,539.3,2856530
2021-06-17 10:18:09,539.4,2856548
2021-06-17 10:18:10,539.4,2856548
2021-06-17 10:18:11,539.4,2856548
2021-06-17 10:18:12,539.3,2856704
2021-06-17 10:18:13,539.3,2856724
2021-06-17 10:18:14,539.3,2856977
2021-06-17 10:18:15,539.4,2857040
2021-06-17 10:18:17,539.4,2857050
2021-06-17 10:18:18,539.3,2857092
2021-06-17 10:18:19,539.6,2860623
2021-06-17 10:18:20,539.4,2860644
2021-06-17 10:18:21,539.4,2860646
2021-06-17 10:18:23,539.65,2860667
2021-06-17 10:18:24,539.55,2861038
2021-06-17 10:18:25,539.55,2861038
2021-06-17 10:18:26,539.6,2861560
2021-06-17 10:18:27,539.6,2861560
2021-06-17 10:18:28,539.45,2861644
2021-06-17 10:18:29,539.45,2861654
2021-06-17 10:18:30,539.45,2862466
2021-06-17 10:18:31,539.8,2863061
2021-06-17 10:18:32,539.8,2863171
2021-06-17 10:18:33,539.8,2863659
2021-06-17 10:18:34,539.75,2864178
2021-06-17 10:18:35,539.75,2864178
2021-06-17 10:18:37,539.75,2864178
2021-06-17 10:18:37,539.75,2864178
2021-06-17 10:18:38,539.75,2864479
2021-06-17 10:18:39,539.7,2866579
2021-06-17 10:18:40,539.75,2866589
2021-06-17 10:18:41,539.75,2866625
2021-06-17 10:18:42,539.75,2866826
2021-06-17 10:18:43,539.7,2866832
2021-06-17 10:18:44,539.7,2866886
2021-06-17 10:18:45,539.7,2867742
2021-06-17 10:18:46,539.75,2867747
2021-06-17 10:18:47,539.75,2870124
