timestamp,ltp,volume
2021-06-17 09:20:33,3625.35,12791
2021-06-17 09:20:37,3623.2,12793
2021-06-17 09:20:42,3625.5,12861
2021-06-17 09:20:47,3625.0,12948
2021-06-17 09:20:52,3625.0,13058
2021-06-17 09:20:56,3626.45,13133
2021-06-17 09:21:01,3626.2,13260
2021-06-17 09:21:06,3626.0,13276
2021-06-17 09:21:11,3626.2,13339
2021-06-17 09:21:16,3627.25,13759
2021-06-17 09:21:21,3627.4,13794
2021-06-17 09:21:26,3628.2,13822
2021-06-17 09:21:30,3628.3,13867
2021-06-17 09:21:35,3629.55,14119
2021-06-17 09:21:40,3629.1,14185
2021-06-17 09:21:44,3628.35,14269
2021-06-17 09:21:49,3630.0,14342
2021-06-17 09:21:53,3630.0,14392
2021-06-17 09:21:59,3629.0,14407
2021-06-17 09:22:04,3630.45,14532
2021-06-17 09:22:08,3630.45,14634
2021-06-17 09:22:13,3630.05,14667
2021-06-17 09:22:18,3629.5,14731
2021-06-17 09:22:27,3631.5,14766
2021-06-17 09:22:31,3632.55,14842
2021-06-17 09:22:36,3632.4,14876
2021-06-17 09:22:41,3628.9,14933
2021-06-17 09:22:45,3627.05,14953
2021-06-17 09:22:50,3626.05,14978
2021-06-17 09:22:54,3627.05,14999
2021-06-17 09:22:59,3628.1,15030
2021-06-17 09:23:04,3628.8,15245
2021-06-17 09:23:08,3629.25,15274
2021-06-17 09:23:13,3629.95,15282
2021-06-17 09:23:22,3631.65,15542
2021-06-17 09:23:27,3629.25,15633
2021-06-17 09:23:31,3629.25,15637
2021-06-17 09:23:36,3632.5,15732
2021-06-17 09:23:40,3633.05,15902
2021-06-17 09:23:45,3631.55,16150
2021-06-17 09:23:49,3632.75,16421
2021-06-17 09:23:54,3632.75,16525
2021-06-17 09:23:58,3632.75,16544
2021-06-17 09:24:03,3631.85,16558
2021-06-17 09:24:08,3633.15,16770
2021-06-17 09:24:12,3633.5,16806
2021-06-17 09:24:17,3633.5,16819
2021-06-17 09:24:21,3633.25,16837
2021-06-17 09:24:25,3631.6,16887
2021-06-17 09:24:30,3631.6,16900
2021-06-17 09:24:34,3631.3,16936
2021-06-17 09:24:39,3630.75,17003
2021-06-17 09:24:43,3631.7,17243
2021-06-17 09:24:48,3634.0,17283
2021-06-17 09:24:53,3634.0,17330
2021-06-17 09:24:57,3633.95,17335
2021-06-17 09:25:01,3634.0,17399
2021-06-17 09:25:06,3635.0,17472
2021-06-17 09:25:11,3635.0,17472
2021-06-17 09:25:15,3635.0,17484
2021-06-17 09:25:20,3634.0,17515
2021-06-17 09:25:24,3634.0,17556
2021-06-17 09:25:29,3635.0,17664
2021-06-17 09:25:33,3633.0,17817
2021-06-17 09:25:38,3634.85,17904
2021-06-17 09:25:42,3634.9,17948
2021-06-17 09:25:46,3634.9,17950
2021-06-17 09:25:51,3634.0,18034
2021-06-17 09:25:55,3634.1,18129
2021-06-17 09:26:00,3635.85,18190
2021-06-17 09:26:04,3636.0,18243
2021-06-17 09:26:13,3635.0,18317
2021-06-17 09:26:18,3634.4,18335
2021-06-17 09:26:22,3636.5,18440
2021-06-17 09:26:26,3635.3,18466
2021-06-17 09:26:30,3635.3,18498
2021-06-17 09:26:35,3634.0,18514
2021-06-17 09:26:39,3635.25,18517
2021-06-17 09:26:44,3634.2,18540
2021-06-17 09:26:48,3634.2,18543
2021-06-17 09:26:53,3634.1,18551
2021-06-17 09:26:57,3634.0,18683
2021-06-17 09:27:02,3634.85,18713
2021-06-17 09:27:06,3634.85,18713
2021-06-17 09:27:10,3633.0,18878
2021-06-17 09:27:14,3632.6,19051
2021-06-17 09:27:19,3631.4,19078
2021-06-17 09:27:23,3630.0,19153
2021-06-17 09:27:27,3627.6,19420
2021-06-17 09:27:32,3625.0,19445
2021-06-17 09:27:36,3627.25,19547
2021-06-17 09:27:41,3628.0,19751
2021-06-17 09:27:45,3629.25,19877
2021-06-17 09:27:49,3627.5,19894
2021-06-17 09:27:53,3628.35,19965
2021-06-17 09:27:58,3627.65,20025
2021-06-17 09:28:02,3628.95,20034
2021-06-17 09:28:06,3628.85,20053
2021-06-17 09:28:11,3629.0,20212
2021-06-17 09:28:15,3627.5,20260
2021-06-17 09:28:20,3627.05,20345
2021-06-17 09:28:24,3628.75,20548
2021-06-17 09:28:28,3628.2,20577
2021-06-17 09:28:32,3628.35,20819
2021-06-17 09:28:37,3626.0,20899
2021-06-17 09:28:41,3626.15,21143
2021-06-17 09:28:45,3629.9,21224
2021-06-17 09:28:50,3627.35,21227
2021-06-17 09:28:54,3629.15,21229
2021-06-17 09:28:58,3626.05,21248
2021-06-17 09:29:03,3625.75,21283
2021-06-17 09:29:07,3627.95,21379
2021-06-17 09:29:11,3625.15,21446
2021-06-17 09:29:15,3627.75,21456
2021-06-17 09:29:19,3627.75,21467
2021-06-17 09:29:23,3626.25,21480
2021-06-17 09:29:27,3627.95,21498
2021-06-17 09:29:32,3626.25,21509
2021-06-17 09:29:36,3626.5,21540
2021-06-17 09:29:40,3629.0,21940
2021-06-17 09:29:44,3626.05,21953
2021-06-17 09:29:48,3627.75,21973
2021-06-17 09:29:53,3627.7,21981
2021-06-17 09:29:57,3626.1,22048
2021-06-17 09:30:01,3627.6,22051
2021-06-17 09:30:05,3627.55,22077
2021-06-17 09:30:10,3627.75,22087
2021-06-17 09:30:14,3627.75,22104
2021-06-17 09:30:18,3627.75,22104
2021-06-17 09:30:23,3627.1,22178
2021-06-17 09:30:27,3627.1,22188
2021-06-17 09:30:32,3629.4,22192
2021-06-17 09:30:36,3629.15,22228
2021-06-17 09:30:40,3627.5,22230
2021-06-17 09:30:45,3627.5,22235
2021-06-17 09:30:49,3629.05,22242
2021-06-17 09:30:53,3627.5,22260
2021-06-17 09:30:57,3629.0,22262
2021-06-17 09:31:02,3627.5,22443
2021-06-17 09:31:06,3629.0,22467
2021-06-17 09:31:14,3627.15,22495
2021-06-17 09:31:18,3627.15,22507
2021-06-17 09:31:23,3627.05,22700
2021-06-17 09:31:27,3629.15,22785
2021-06-17 09:31:36,3628.95,22862
2021-06-17 09:31:40,3628.65,23339
2021-06-17 09:31:44,3626.35,23360
2021-06-17 09:31:49,3628.65,23367
2021-06-17 09:31:53,3628.65,23378
2021-06-17 09:31:58,3627.05,23388
2021-06-17 09:32:02,3629.15,23409
2021-06-17 09:32:07,3626.0,23434
2021-06-17 09:32:11,3626.0,23434
2021-06-17 09:32:15,3628.55,23436
2021-06-17 09:32:19,3625.85,23438
2021-06-17 09:32:24,3628.3,23467
2021-06-17 09:32:28,3628.25,23500
2021-06-17 09:32:32,3628.2,23517
2021-06-17 09:32:36,3625.75,23544
2021-06-17 09:32:41,3628.15,23615
2021-06-17 09:32:45,3627.2,23844
2021-06-17 09:32:50,3626.2,23854
2021-06-17 09:32:54,3626.2,23859
2021-06-17 09:32:58,3626.2,23866
2021-06-17 09:33:03,3628.0,23968
2021-06-17 09:33:07,3626.45,24025
2021-06-17 09:33:11,3626.45,24057
2021-06-17 09:33:15,3627.0,24269
2021-06-17 09:33:19,3625.75,24341
2021-06-17 09:33:24,3626.3,24345
2021-06-17 09:33:28,3626.3,24542
2021-06-17 09:33:36,3625.75,24634
2021-06-17 09:33:40,3624.0,24838
2021-06-17 09:33:45,3625.7,24839
2021-06-17 09:33:49,3624.0,24971
2021-06-17 09:33:53,3624.0,24998
2021-06-17 09:33:57,3625.45,25009
2021-06-17 09:34:01,3624.0,25023
2021-06-17 09:34:05,3625.35,25058
2021-06-17 09:34:10,3625.3,25067
2021-06-17 09:34:14,3624.0,25077
2021-06-17 09:34:18,3625.3,25079
2021-06-17 09:34:22,3625.25,25089
2021-06-17 09:34:26,3625.25,25100
2021-06-17 09:34:30,3624.0,25148
2021-06-17 09:34:34,3622.05,25232
2021-06-17 09:34:38,3621.55,25399
2021-06-17 09:34:43,3621.55,25455
2021-06-17 09:34:47,3621.5,25474
2021-06-17 09:34:51,3623.95,25659
2021-06-17 09:34:54,3623.4,25661
2021-06-17 09:34:58,3623.15,25690
2021-06-17 09:35:02,3623.1,25697
2021-06-17 09:35:06,3623.1,25698
2021-06-17 09:35:10,3621.05,25734
2021-06-17 09:35:15,3622.75,25754
2021-06-17 09:35:19,3623.0,25756
2021-06-17 09:35:23,3621.0,25835
2021-06-17 09:35:27,3621.05,25862
2021-06-17 09:35:31,3621.0,25872
2021-06-17 09:35:35,3621.0,25916
2021-06-17 09:35:40,3621.0,26011
2021-06-17 09:35:43,3622.6,26016
2021-06-17 09:35:47,3621.05,26017
2021-06-17 09:35:51,3622.5,26040
2021-06-17 09:35:55,3621.05,26042
2021-06-17 09:35:59,3621.05,26062
2021-06-17 09:36:04,3620.05,26209
2021-06-17 09:36:08,3620.1,26395
2021-06-17 09:36:12,3622.0,26529
2021-06-17 09:36:21,3621.9,26539
2021-06-17 09:36:25,3620.15,26543
2021-06-17 09:36:30,3620.15,26583
2021-06-17 09:36:34,3620.15,26599
2021-06-17 09:36:37,3620.2,26606
2021-06-17 09:36:41,3620.85,26777
2021-06-17 09:36:45,3620.85,26785
2021-06-17 09:36:50,3620.55,26859
2021-06-17 09:36:54,3620.85,26881
2021-06-17 09:36:58,3620.85,27003
2021-06-17 09:37:02,3620.55,27021
2021-06-17 09:37:10,3620.55,27027
2021-06-17 09:37:14,3620.6,27183
2021-06-17 09:37:18,3621.45,27197
2021-06-17 09:37:22,3621.0,27279
2021-06-17 09:37:25,3621.45,27311
2021-06-17 09:37:29,3620.05,27390
2021-06-17 09:37:34,3621.4,27643
2021-06-17 09:37:38,3622.0,27720
2021-06-17 09:37:42,3620.0,27825
2021-06-17 09:37:46,3621.0,28015
2021-06-17 09:37:49,3620.0,28104
2021-06-17 09:37:53,3618.65,28204
2021-06-17 09:38:01,3619.1,28805
2021-06-17 09:38:05,3618.2,29155
2021-06-17 09:38:09,3619.55,29426
2021-06-17 09:38:14,3618.2,29494
2021-06-17 09:38:17,3618.0,29694
2021-06-17 09:38:21,3617.0,30049
2021-06-17 09:38:25,3615.65,30110
2021-06-17 09:38:29,3615.2,30160
2021-06-17 09:38:33,3615.15,30191
2021-06-17 09:38:37,3617.85,30204
2021-06-17 09:38:41,3617.85,30300
2021-06-17 09:38:49,3617.8,30424
2021-06-17 09:38:53,3618.1,30540
2021-06-17 09:38:57,3617.25,30583
2021-06-17 09:39:01,3617.25,30612
2021-06-17 09:39:05,3618.15,31618
2021-06-17 09:39:09,3618.2,31624
2021-06-17 09:39:14,3619.75,31669
2021-06-17 09:39:18,3619.7,31677
2021-06-17 09:39:22,3620.0,31772
2021-06-17 09:39:25,3619.7,31774
2021-06-17 09:39:29,3618.05,31832
2021-06-17 09:39:33,3621.8,32125
2021-06-17 09:39:37,3619.55,32267
2021-06-17 09:39:40,3618.05,32582
2021-06-17 09:39:44,3619.0,32657
2021-06-17 09:39:47,3620.55,32660
2021-06-17 09:39:51,3621.45,32759
2021-06-17 09:39:55,3621.5,32804
2021-06-17 09:39:59,3622.0,33014
2021-06-17 09:40:04,3622.35,33200
2021-06-17 09:40:08,3622.0,33378
2021-06-17 09:40:12,3620.45,33401
2021-06-17 09:40:16,3622.5,33520
2021-06-17 09:40:20,3622.5,33596
2021-06-17 09:40:24,3622.5,33596
2021-06-17 09:40:28,3622.5,33676
2021-06-17 09:40:33,3622.05,33690
2021-06-17 09:40:37,3622.0,33825
2021-06-17 09:40:41,3621.45,33882
2021-06-17 09:40:45,3621.45,33908
2021-06-17 09:40:49,3620.55,34257
2021-06-17 09:40:54,3618.05,34354
2021-06-17 09:40:58,3618.05,34358
2021-06-17 09:41:02,3620.0,34383
2021-06-17 09:41:07,3619.2,34408
2021-06-17 09:41:11,3619.25,34453
2021-06-17 09:41:16,3619.9,34577
2021-06-17 09:41:20,3619.9,34602
2021-06-17 09:41:24,3619.25,34603
2021-06-17 09:41:28,3619.2,34891
2021-06-17 09:41:33,3619.25,34911
2021-06-17 09:41:37,3619.25,34918
2021-06-17 09:41:41,3618.1,34971
2021-06-17 09:41:46,3618.1,34971
2021-06-17 09:41:50,3620.0,34974
2021-06-17 09:41:54,3619.95,34986
2021-06-17 09:41:58,3620.0,35018
2021-06-17 09:42:02,3618.5,35020
2021-06-17 09:42:06,3619.9,35035
2021-06-17 09:42:10,3618.5,35041
2021-06-17 09:42:15,3618.5,35082
2021-06-17 09:42:18,3618.5,35113
2021-06-17 09:42:22,3618.5,35154
2021-06-17 09:42:26,3619.8,35279
2021-06-17 09:42:29,3618.5,35295
2021-06-17 09:42:33,3619.0,35307
2021-06-17 09:42:37,3619.8,35335
2021-06-17 09:42:41,3618.75,35353
2021-06-17 09:42:44,3619.8,35401
2021-06-17 09:42:48,3619.0,35404
2021-06-17 09:42:52,3619.0,35416
2021-06-17 09:42:56,3619.0,35419
2021-06-17 09:42:59,3618.5,35430
2021-06-17 09:43:03,3619.95,35502
2021-06-17 09:43:07,3619.95,35502
2021-06-17 09:43:10,3618.5,35504
2021-06-17 09:43:14,3618.55,35518
2021-06-17 09:43:18,3620.0,35532
2021-06-17 09:43:22,3620.0,35552
2021-06-17 09:43:26,3618.55,35566
2021-06-17 09:43:29,3618.55,35578
2021-06-17 09:43:33,3619.0,35618
2021-06-17 09:43:37,3619.0,35642
2021-06-17 09:43:40,3618.55,35751
2021-06-17 09:43:44,3618.6,35755
2021-06-17 09:43:48,3619.95,35778
2021-06-17 09:43:52,3620.0,35889
2021-06-17 09:43:56,3619.0,35890
2021-06-17 09:44:00,3619.0,35891
2021-06-17 09:44:03,3619.95,35990
2021-06-17 09:44:07,3618.6,36044
2021-06-17 09:44:11,3618.6,36044
2021-06-17 09:44:14,3619.8,36045
2021-06-17 09:44:18,3619.8,36045
2021-06-17 09:44:22,3619.75,36048
2021-06-17 09:44:26,3619.0,36066
2021-06-17 09:44:29,3619.0,36066
2021-06-17 09:44:32,3619.75,36067
2021-06-17 09:44:36,3619.75,36067
2021-06-17 09:44:40,3619.6,36084
2021-06-17 09:44:44,3619.6,36118
2021-06-17 09:44:48,3619.75,36123
2021-06-17 09:44:51,3619.05,36261
2021-06-17 09:44:55,3619.75,36264
2021-06-17 09:44:59,3619.75,36265
2021-06-17 09:45:02,3619.5,36276
2021-06-17 09:45:06,3620.0,36506
2021-06-17 09:45:10,3622.5,36707
2021-06-17 09:45:13,3620.4,36709
2021-06-17 09:45:17,3620.1,36820
2021-06-17 09:45:21,3620.4,36828
2021-06-17 09:45:25,3620.1,36830
2021-06-17 09:45:29,3620.4,36914
2021-06-17 09:45:33,3622.1,36920
2021-06-17 09:45:37,3620.1,36925
2021-06-17 09:45:40,3620.1,36925
2021-06-17 09:45:44,3622.0,36935
2021-06-17 09:45:47,3622.05,36958
2021-06-17 09:45:51,3623.5,37016
2021-06-17 09:45:54,3623.5,37016
2021-06-17 09:45:58,3621.5,37021
2021-06-17 09:46:02,3621.5,37027
2021-06-17 09:46:05,3623.0,37029
2021-06-17 09:46:09,3621.5,37030
2021-06-17 09:46:12,3623.0,37036
2021-06-17 09:46:16,3623.1,37049
2021-06-17 09:46:19,3623.1,37149
2021-06-17 09:46:23,3622.05,37150
2021-06-17 09:46:26,3623.9,37176
2021-06-17 09:46:29,3622.1,37177
2021-06-17 09:46:33,3624.5,37396
2021-06-17 09:46:36,3622.3,37426
2021-06-17 09:46:40,3623.9,37526
2021-06-17 09:46:43,3622.35,37537
2021-06-17 09:46:47,3624.5,37541
2021-06-17 09:46:51,3624.5,37541
2021-06-17 09:46:54,3623.0,37592
2021-06-17 09:46:57,3623.0,37596
2021-06-17 09:47:01,3623.0,37601
2021-06-17 09:47:08,3624.0,37655
2021-06-17 09:47:12,3623.0,37665
2021-06-17 09:47:16,3624.0,37676
2021-06-17 09:47:19,3624.0,37727
2021-06-17 09:47:22,3623.0,37745
2021-06-17 09:47:29,3624.0,37758
2021-06-17 09:47:32,3624.0,37758
2021-06-17 09:47:36,3623.1,37825
2021-06-17 09:47:40,3623.0,37917
2021-06-17 09:47:43,3624.9,37929
2021-06-17 09:47:47,3623.0,37996
2021-06-17 09:47:50,3623.0,38000
2021-06-17 09:47:54,3623.0,38024
2021-06-17 09:48:00,3622.1,38116
2021-06-17 09:48:04,3622.1,38116
2021-06-17 09:48:07,3622.1,38124
2021-06-17 09:48:14,3622.6,38230
2021-06-17 09:48:18,3622.2,38281
2021-06-17 09:48:21,3622.2,38305
2021-06-17 09:48:25,3622.2,38379
2021-06-17 09:48:28,3620.25,38402
2021-06-17 09:48:31,3620.25,38406
2021-06-17 09:48:35,3622.2,38416
2021-06-17 09:48:38,3622.2,38420
2021-06-17 09:48:41,3622.2,38420
2021-06-17 09:48:44,3621.05,38421
2021-06-17 09:48:48,3622.15,38422
2021-06-17 09:48:51,3619.85,38561
2021-06-17 09:48:55,3621.9,38592
2021-06-17 09:48:58,3620.05,38596
2021-06-17 09:49:02,3621.9,38608
2021-06-17 09:49:05,3622.15,38811
2021-06-17 09:49:08,3622.95,38855
2021-06-17 09:49:12,3622.0,38865
2021-06-17 09:49:15,3622.0,38884
2021-06-17 09:49:18,3622.05,38894
2021-06-17 09:49:21,3622.05,38897
2021-06-17 09:49:25,3623.0,38910
2021-06-17 09:49:31,3622.05,38917
2021-06-17 09:49:35,3623.85,38966
2021-06-17 09:49:39,3622.05,39025
2021-06-17 09:49:42,3622.05,39027
2021-06-17 09:49:46,3622.05,39027
2021-06-17 09:49:49,3622.1,39036
2021-06-17 09:49:52,3623.75,39069
2021-06-17 09:49:56,3622.1,39070
2021-06-17 09:49:59,3622.0,39119
2021-06-17 09:50:02,3622.1,39122
2021-06-17 09:50:05,3623.5,39136
2021-06-17 09:50:08,3622.0,39138
2021-06-17 09:50:12,3622.0,39143
2021-06-17 09:50:15,3622.0,39143
2021-06-17 09:50:18,3623.4,39148
2021-06-17 09:50:21,3622.0,39151
2021-06-17 09:50:24,3622.0,39211
2021-06-17 09:50:28,3621.05,39259
2021-06-17 09:50:31,3622.95,39282
2021-06-17 09:50:35,3622.95,39284
2021-06-17 09:50:39,3622.1,39293
2021-06-17 09:50:43,3621.1,39295
2021-06-17 09:50:46,3622.8,39300
2021-06-17 09:50:50,3621.1,39314
2021-06-17 09:50:53,3622.75,39326
2021-06-17 09:50:57,3621.1,39341
2021-06-17 09:51:01,3621.1,39344
2021-06-17 09:51:05,3622.65,39350
2021-06-17 09:51:08,3622.6,39354
2021-06-17 09:51:12,3622.65,39361
2021-06-17 09:51:16,3620.3,39466
2021-06-17 09:51:20,3621.1,39467
2021-06-17 09:51:24,3621.1,39467
2021-06-17 09:51:28,3622.45,39505
2021-06-17 09:51:31,3622.5,39506
2021-06-17 09:51:35,3622.75,39575
2021-06-17 09:51:38,3622.65,39600
2021-06-17 09:51:42,3623.15,39620
2021-06-17 09:51:43,3623.15,39621
2021-06-17 09:51:46,3624.95,39645
2021-06-17 09:51:47,3622.75,39647
2021-06-17 09:51:48,3622.75,39647
2021-06-17 09:51:49,3624.55,39650
2021-06-17 09:51:50,3622.75,39653
2021-06-17 09:51:51,3622.75,39653
2021-06-17 09:51:53,3622.7,39663
2021-06-17 09:51:54,3624.9,39763
2021-06-17 09:51:55,3625.0,39768
2021-06-17 09:51:56,3625.0,39868
2021-06-17 09:51:57,3625.0,39868
2021-06-17 09:51:58,3625.0,39868
2021-06-17 09:51:59,3623.05,39879
2021-06-17 09:52:00,3623.05,39881
2021-06-17 09:52:01,3623.05,39881
2021-06-17 09:52:02,3623.05,39881
2021-06-17 09:52:03,3623.05,39881
2021-06-17 09:52:04,3623.05,39881
2021-06-17 09:52:05,3623.1,39891
2021-06-17 09:52:06,3625.0,39893
2021-06-17 09:52:06,3625.0,39893
2021-06-17 09:52:07,3625.0,39893
2021-06-17 09:52:09,3625.0,39894
2021-06-17 09:52:10,3624.95,39897
2021-06-17 09:52:12,3624.95,39898
2021-06-17 09:52:13,3624.95,39898
2021-06-17 09:52:14,3624.95,39898
2021-06-17 09:52:15,3624.95,39899
2021-06-17 09:52:16,3624.95,39900
2021-06-17 09:52:17,3624.95,39900
2021-06-17 09:52:19,3624.95,39900
2021-06-17 09:52:18,3624.95,39900
2021-06-17 09:52:20,3623.3,39902
2021-06-17 09:52:21,3623.3,39902
2021-06-17 09:52:22,3623.3,39922
2021-06-17 09:52:23,3623.3,39922
2021-06-17 09:52:25,3623.3,39922
2021-06-17 09:52:26,3623.4,40001
2021-06-17 09:52:27,3624.85,40007
2021-06-17 09:52:28,3625.0,40030
2021-06-17 09:52:29,3625.0,40030
2021-06-17 09:52:30,3625.0,40034
2021-06-17 09:52:31,3625.0,40084
2021-06-17 09:52:32,3625.0,40092
2021-06-17 09:52:33,3623.4,40131
2021-06-17 09:52:34,3625.0,40133
2021-06-17 09:52:34,3625.0,40133
2021-06-17 09:52:35,3623.4,40158
2021-06-17 09:52:36,3623.4,40158
2021-06-17 09:52:38,3625.0,40206
2021-06-17 09:52:39,3625.3,40209
2021-06-17 09:52:40,3625.35,40221
2021-06-17 09:52:41,3625.35,40221
2021-06-17 09:52:42,3625.35,40221
2021-06-17 09:52:43,3625.35,40221
2021-06-17 09:52:44,3626.0,40254
2021-06-17 09:52:45,3625.55,40255
2021-06-17 09:52:46,3627.0,40256
2021-06-17 09:52:48,3625.55,40258
2021-06-17 09:52:49,3627.0,40259
2021-06-17 09:52:50,3625.6,40262
2021-06-17 09:52:51,3625.6,40262
2021-06-17 09:52:52,3624.7,40280
2021-06-17 09:52:53,3625.0,40292
2021-06-17 09:52:54,3625.0,40292
2021-06-17 09:52:54,3625.0,40292
2021-06-17 09:52:55,3626.9,40439
2021-06-17 09:52:56,3626.8,40457
2021-06-17 09:52:58,3625.0,40487
2021-06-17 09:52:59,3623.65,40587
2021-06-17 09:53:01,3625.4,40588
2021-06-17 09:53:02,3625.4,40588
2021-06-17 09:53:03,3625.4,40588
2021-06-17 09:53:05,3625.45,40638
2021-06-17 09:53:05,3625.45,40638
2021-06-17 09:53:07,3625.45,40638
2021-06-17 09:53:08,3625.45,40638
2021-06-17 09:53:09,3625.45,40638
2021-06-17 09:53:10,3623.3,40640
2021-06-17 09:53:11,3623.3,40640
2021-06-17 09:53:12,3624.8,40665
2021-06-17 09:53:13,3623.3,40668
2021-06-17 09:53:14,3623.3,40668
2021-06-17 09:53:15,3623.3,40668
2021-06-17 09:53:16,3623.3,40668
2021-06-17 09:53:17,3624.8,40669
2021-06-17 09:53:18,3624.8,40671
2021-06-17 09:53:19,3624.9,40787
2021-06-17 09:53:19,3624.9,40787
2021-06-17 09:53:20,3623.0,40803
2021-06-17 09:53:23,3623.3,40936
2021-06-17 09:53:24,3624.85,40965
2021-06-17 09:53:27,3624.95,40995
2021-06-17 09:53:28,3624.95,40995
2021-06-17 09:53:29,3624.95,40995
2021-06-17 09:53:30,3624.8,40996
2021-06-17 09:53:31,3624.8,40996
2021-06-17 09:53:31,3624.8,41001
2021-06-17 09:53:33,3623.15,41037
2021-06-17 09:53:34,3623.15,41037
2021-06-17 09:53:35,3623.2,41041
2021-06-17 09:53:36,3623.2,41041
2021-06-17 09:53:37,3623.2,41041
2021-06-17 09:53:38,3623.2,41041
2021-06-17 09:53:39,3624.75,41043
2021-06-17 09:53:40,3624.75,41113
2021-06-17 09:53:41,3623.2,41118
2021-06-17 09:53:42,3624.0,41123
2021-06-17 09:53:42,3624.0,41123
2021-06-17 09:53:44,3624.0,41124
2021-06-17 09:53:45,3624.0,41124
2021-06-17 09:53:45,3624.0,41124
2021-06-17 09:53:46,3623.0,41135
2021-06-17 09:53:50,3623.0,41138
2021-06-17 09:53:51,3623.0,41138
2021-06-17 09:53:52,3624.0,41215
2021-06-17 09:53:53,3624.0,41236
2021-06-17 09:53:54,3625.0,41273
2021-06-17 09:53:55,3625.0,41273
2021-06-17 09:53:56,3625.0,41273
2021-06-17 09:53:57,3625.0,41273
2021-06-17 09:53:58,3625.8,41286
2021-06-17 09:53:59,3625.8,41286
2021-06-17 09:53:59,3625.8,41286
2021-06-17 09:54:00,3626.4,41290
2021-06-17 09:54:02,3626.7,41296
2021-06-17 09:54:03,3626.7,41296
2021-06-17 09:54:04,3626.7,41296
2021-06-17 09:54:05,3626.7,41296
2021-06-17 09:54:07,3626.8,41347
2021-06-17 09:54:09,3624.6,41440
2021-06-17 09:54:10,3624.6,41453
2021-06-17 09:54:11,3624.6,41461
2021-06-17 09:54:13,3624.6,41461
2021-06-17 09:54:14,3624.6,41461
2021-06-17 09:54:17,3624.3,41491
2021-06-17 09:54:18,3624.25,41495
2021-06-17 09:54:19,3625.75,41496
2021-06-17 09:54:20,3623.75,41507
2021-06-17 09:54:21,3625.75,41510
2021-06-17 09:54:22,3623.75,41514
2021-06-17 09:54:23,3623.75,41514
2021-06-17 09:54:24,3625.75,41521
2021-06-17 09:54:25,3625.75,41521
2021-06-17 09:54:26,3625.75,41521
2021-06-17 09:54:27,3625.75,41521
2021-06-17 09:54:28,3625.75,41521
2021-06-17 09:54:29,3625.75,41537
2021-06-17 09:54:30,3625.9,41540
2021-06-17 09:54:31,3624.05,41583
2021-06-17 09:54:32,3624.05,41583
2021-06-17 09:54:33,3624.05,41583
2021-06-17 09:54:34,3625.85,41587
2021-06-17 09:54:35,3625.85,41587
2021-06-17 09:54:36,3625.85,41592
2021-06-17 09:54:37,3626.0,41623
2021-06-17 09:54:38,3626.0,41624
2021-06-17 09:54:39,3625.85,41638
2021-06-17 09:54:40,3626.0,41655
2021-06-17 09:54:41,3626.0,41661
2021-06-17 09:54:42,3626.0,41671
2021-06-17 09:54:43,3626.55,41678
2021-06-17 09:54:44,3626.55,41679
2021-06-17 09:54:45,3626.5,41683
2021-06-17 09:54:46,3626.5,41683
2021-06-17 09:54:48,3626.5,41683
2021-06-17 09:54:49,3626.5,41687
2021-06-17 09:54:50,3626.0,41689
2021-06-17 09:54:51,3626.5,41690
2021-06-17 09:54:52,3626.8,41692
2021-06-17 09:54:53,3626.5,41693
2021-06-17 09:54:54,3626.8,41714
2021-06-17 09:54:55,3626.5,41716
2021-06-17 09:54:56,3626.5,41716
2021-06-17 09:54:57,3626.0,41719
2021-06-17 09:54:58,3626.0,41719
2021-06-17 09:55:00,3626.0,41719
2021-06-17 09:55:01,3626.8,41732
2021-06-17 09:55:02,3626.8,41733
2021-06-17 09:55:03,3626.8,41734
2021-06-17 09:55:04,3626.8,41734
2021-06-17 09:55:05,3626.8,41734
2021-06-17 09:55:07,3626.6,41804
2021-06-17 09:55:09,3626.4,41806
2021-06-17 09:55:10,3624.7,41856
2021-06-17 09:55:11,3626.6,41956
2021-06-17 09:55:12,3626.6,41957
2021-06-17 09:55:13,3624.75,41965
2021-06-17 09:55:14,3624.75,41965
2021-06-17 09:55:15,3624.75,41965
2021-06-17 09:55:16,3626.6,41999
2021-06-17 09:55:17,3626.6,41999
2021-06-17 09:55:18,3625.0,42001
2021-06-17 09:55:19,3625.0,42001
2021-06-17 09:55:20,3625.0,42001
2021-06-17 09:55:22,3626.6,42038
2021-06-17 09:55:23,3626.6,42040
2021-06-17 09:55:24,3626.6,42040
2021-06-17 09:55:28,3626.6,42046
2021-06-17 09:55:29,3626.6,42046
2021-06-17 09:55:30,3625.0,42053
2021-06-17 09:55:31,3625.0,42101
2021-06-17 09:55:32,3625.8,42129
2021-06-17 09:55:33,3625.8,42129
2021-06-17 09:55:34,3625.8,42131
2021-06-17 09:55:35,3625.8,42131
2021-06-17 09:55:36,3625.0,42157
2021-06-17 09:55:37,3626.05,42237
2021-06-17 09:55:38,3626.25,42267
2021-06-17 09:55:39,3626.25,42267
2021-06-17 09:55:40,3626.25,42267
2021-06-17 09:55:41,3626.25,42267
2021-06-17 09:55:42,3626.25,42267
2021-06-17 09:55:43,3626.25,42267
2021-06-17 09:55:44,3625.0,42285
2021-06-17 09:55:45,3625.0,42285
2021-06-17 09:55:46,3625.0,42285
2021-06-17 09:55:47,3626.05,42286
2021-06-17 09:55:48,3625.0,42287
2021-06-17 09:55:49,3625.0,42290
2021-06-17 09:55:50,3625.0,42290
2021-06-17 09:55:51,3625.0,42290
2021-06-17 09:55:52,3625.0,42290
2021-06-17 09:55:54,3625.0,42290
2021-06-17 09:55:56,3625.0,42290
2021-06-17 09:55:57,3625.0,42290
2021-06-17 09:55:58,3625.85,42291
2021-06-17 09:55:59,3625.9,42292
2021-06-17 09:56:02,3625.0,42294
2021-06-17 09:56:03,3625.85,42295
2021-06-17 09:56:04,3625.0,42299
2021-06-17 09:56:05,3625.0,42299
2021-06-17 09:56:06,3625.0,42301
2021-06-17 09:56:07,3625.8,42309
2021-06-17 09:56:08,3625.8,42310
2021-06-17 09:56:09,3625.85,42356
2021-06-17 09:56:11,3625.9,42378
2021-06-17 09:56:11,3625.9,42378
2021-06-17 09:56:12,3625.9,42380
2021-06-17 09:56:13,3625.9,42382
2021-06-17 09:56:14,3625.9,42382
2021-06-17 09:56:15,3625.9,42382
2021-06-17 09:56:16,3625.9,42382
2021-06-17 09:56:17,3625.8,42383
2021-06-17 09:56:18,3625.8,42385
2021-06-17 09:56:19,3625.8,42387
2021-06-17 09:56:20,3625.0,42395
2021-06-17 09:56:22,3625.0,42395
2021-06-17 09:56:23,3625.0,42395
2021-06-17 09:56:25,3625.8,42396
2021-06-17 09:56:27,3625.0,42398
2021-06-17 09:56:28,3625.8,42399
2021-06-17 09:56:28,3625.0,42398
2021-06-17 09:56:30,3625.0,42404
2021-06-17 09:56:30,3625.0,42404
2021-06-17 09:56:32,3625.8,42406
2021-06-17 09:56:32,3625.8,42406
2021-06-17 09:56:33,3625.8,42407
2021-06-17 09:56:34,3625.8,42407
2021-06-17 09:56:35,3625.8,42408
2021-06-17 09:56:36,3625.8,42418
2021-06-17 09:56:37,3625.8,42439
2021-06-17 09:56:39,3625.9,42444
2021-06-17 09:56:38,3625.9,42443
2021-06-17 09:56:40,3626.25,42463
2021-06-17 09:56:42,3625.9,42468
2021-06-17 09:56:48,3627.25,42960
2021-06-17 09:56:51,3626.8,43025
2021-06-17 09:56:54,3626.15,43126
2021-06-17 09:56:57,3627.9,43130
2021-06-17 09:57:01,3626.15,43134
2021-06-17 09:57:04,3626.15,43157
2021-06-17 09:57:08,3627.8,43222
2021-06-17 09:57:11,3629.4,43535
2021-06-17 09:57:14,3626.15,43697
2021-06-17 09:57:18,3627.65,43712
2021-06-17 09:57:21,3626.15,43720
2021-06-17 09:57:24,3626.15,43740
2021-06-17 09:57:28,3626.5,43746
2021-06-17 09:57:31,3627.7,43749
2021-06-17 09:57:34,3627.7,43773
2021-06-17 09:57:37,3629.1,43788
2021-06-17 09:57:40,3629.05,43847
2021-06-17 09:57:43,3629.1,43857
2021-06-17 09:57:47,3628.95,43861
2021-06-17 09:57:50,3627.15,43865
2021-06-17 09:57:53,3627.0,43986
2021-06-17 09:57:56,3628.85,44011
2021-06-17 09:57:59,3627.0,44013
2021-06-17 09:58:03,3629.0,44023
2021-06-17 09:58:06,3628.95,44086
2021-06-17 09:58:10,3629.4,44198
2021-06-17 09:58:14,3627.4,44250
2021-06-17 09:58:17,3629.3,44275
2021-06-17 09:58:21,3628.95,44407
2021-06-17 09:58:25,3629.65,44427
2021-06-17 09:58:28,3629.65,44433
2021-06-17 09:58:31,3627.45,44451
2021-06-17 09:58:34,3629.3,44459
2021-06-17 09:58:38,3629.45,44483
2021-06-17 09:58:41,3629.45,44486
2021-06-17 09:58:44,3629.5,44530
2021-06-17 09:58:48,3629.75,44556
2021-06-17 09:58:51,3629.75,44562
2021-06-17 09:58:57,3629.8,44624
2021-06-17 09:59:00,3629.7,44636
2021-06-17 09:59:03,3629.75,44671
2021-06-17 09:59:06,3629.75,44671
2021-06-17 09:59:09,3629.7,44683
2021-06-17 09:59:12,3629.8,44762
2021-06-17 09:59:15,3628.25,44779
2021-06-17 09:59:18,3628.05,44834
2021-06-17 09:59:21,3628.25,44842
2021-06-17 09:59:24,3628.25,44851
2021-06-17 09:59:28,3629.8,44876
2021-06-17 09:59:31,3629.7,44880
2021-06-17 09:59:34,3629.8,44898
2021-06-17 09:59:36,3629.8,44949
2021-06-17 09:59:39,3632.55,45664
2021-06-17 09:59:42,3632.55,45716
2021-06-17 09:59:44,3632.45,45781
2021-06-17 09:59:47,3630.4,45783
2021-06-17 09:59:50,3631.85,45915
2021-06-17 09:59:53,3631.85,45915
2021-06-17 09:59:57,3631.8,45932
2021-06-17 10:00:06,3631.75,46080
2021-06-17 10:00:09,3632.0,46145
2021-06-17 10:00:12,3631.75,46173
2021-06-17 10:00:15,3631.7,46186
2021-06-17 10:00:18,3631.85,46206
2021-06-17 10:00:21,3631.85,46225
2021-06-17 10:00:25,3632.45,46227
2021-06-17 10:00:28,3632.35,46264
2021-06-17 10:00:31,3632.35,46266
2021-06-17 10:00:35,3630.45,46287
2021-06-17 10:00:38,3632.45,46352
2021-06-17 10:00:41,3630.75,46405
2021-06-17 10:00:44,3630.4,46415
2021-06-17 10:00:47,3630.15,46422
2021-06-17 10:00:51,3630.2,46433
2021-06-17 10:00:54,3631.4,46448
2021-06-17 10:00:58,3631.45,46451
2021-06-17 10:01:00,3631.45,46451
2021-06-17 10:01:03,3629.5,46516
2021-06-17 10:01:06,3630.0,46524
2021-06-17 10:01:10,3630.0,46563
2021-06-17 10:01:12,3631.35,46564
2021-06-17 10:01:15,3631.35,46624
2021-06-17 10:01:19,3631.35,46630
2021-06-17 10:01:22,3632.0,46635
2021-06-17 10:01:25,3630.25,46658
2021-06-17 10:01:29,3630.05,46668
2021-06-17 10:01:32,3629.05,46674
2021-06-17 10:01:35,3629.0,46714
2021-06-17 10:01:38,3630.95,46794
2021-06-17 10:01:41,3630.0,46795
2021-06-17 10:01:42,3630.0,46796
2021-06-17 10:01:44,3630.0,46796
2021-06-17 10:01:46,3630.0,46797
2021-06-17 10:01:48,3630.0,46807
2021-06-17 10:01:49,3630.0,46807
2021-06-17 10:01:50,3630.0,46808
2021-06-17 10:01:51,3629.0,46810
2021-06-17 10:01:53,3629.15,46875
2021-06-17 10:01:53,3629.15,46875
2021-06-17 10:01:54,3631.05,46959
2021-06-17 10:01:55,3629.45,46961
2021-06-17 10:01:56,3629.45,46961
2021-06-17 10:01:58,3629.15,46968
2021-06-17 10:01:59,3630.85,46982
2021-06-17 10:02:01,3629.1,46987
2021-06-17 10:02:02,3630.9,47012
2021-06-17 10:02:03,3629.15,47020
2021-06-17 10:02:04,3629.0,47048
2021-06-17 10:02:05,3629.0,47050
2021-06-17 10:02:06,3629.0,47050
2021-06-17 10:02:06,3630.0,47053
2021-06-17 10:02:08,3630.0,47054
2021-06-17 10:02:08,3630.0,47054
2021-06-17 10:02:09,3630.45,47087
2021-06-17 10:02:10,3630.45,47095
2021-06-17 10:02:12,3630.45,47111
2021-06-17 10:02:12,3630.45,47115
2021-06-17 10:02:13,3630.75,47119
2021-06-17 10:02:15,3631.0,47123
2021-06-17 10:02:17,3631.0,47123
2021-06-17 10:02:19,3631.0,47123
2021-06-17 10:02:20,3631.0,47131
2021-06-17 10:02:22,3631.0,47131
2021-06-17 10:02:22,3631.0,47132
2021-06-17 10:02:24,3631.0,47132
2021-06-17 10:02:25,3631.0,47132
2021-06-17 10:02:26,3631.0,47135
2021-06-17 10:02:27,3629.05,47147
2021-06-17 10:02:28,3629.05,47147
2021-06-17 10:02:29,3631.0,47149
2021-06-17 10:02:31,3631.0,47149
2021-06-17 10:02:31,3631.0,47149
2021-06-17 10:02:33,3630.9,47159
2021-06-17 10:02:34,3630.9,47159
2021-06-17 10:02:35,3630.9,47162
2021-06-17 10:02:36,3630.9,47162
2021-06-17 10:02:37,3631.05,47194
2021-06-17 10:02:38,3630.95,47201
2021-06-17 10:02:39,3631.0,47202
2021-06-17 10:02:40,3631.0,47221
2021-06-17 10:02:40,3631.0,47220
2021-06-17 10:02:42,3631.35,47222
2021-06-17 10:02:42,3631.0,47221
2021-06-17 10:02:44,3631.35,47222
2021-06-17 10:02:45,3631.35,47222
2021-06-17 10:02:46,3631.9,47230
2021-06-17 10:02:48,3631.9,47238
2021-06-17 10:02:49,3632.0,47262
2021-06-17 10:02:50,3632.0,47262
2021-06-17 10:02:51,3632.0,47262
2021-06-17 10:02:51,3631.95,47266
2021-06-17 10:02:52,3631.05,47276
2021-06-17 10:02:54,3631.05,47276
2021-06-17 10:02:55,3630.15,47284
2021-06-17 10:02:56,3630.0,47308
2021-06-17 10:02:58,3630.75,47309
2021-06-17 10:02:57,3630.0,47308
2021-06-17 10:02:59,3630.75,47309
2021-06-17 10:03:03,3631.75,47396
2021-06-17 10:03:04,3631.75,47396
2021-06-17 10:03:06,3630.75,47397
2021-06-17 10:03:08,3631.95,47467
2021-06-17 10:03:09,3631.95,47467
2021-06-17 10:03:10,3631.95,47467
2021-06-17 10:03:11,3631.95,47467
2021-06-17 10:03:12,3631.95,47467
2021-06-17 10:03:13,3631.35,47480
2021-06-17 10:03:14,3631.35,47480
2021-06-17 10:03:14,3631.35,47480
2021-06-17 10:03:15,3631.95,47493
2021-06-17 10:03:16,3631.95,47494
2021-06-17 10:03:18,3630.75,47500
2021-06-17 10:03:19,3630.75,47500
2021-06-17 10:03:20,3630.75,47504
2021-06-17 10:03:21,3632.0,47509
2021-06-17 10:03:23,3630.75,47518
2021-06-17 10:03:24,3631.95,47522
2021-06-17 10:03:25,3630.25,47527
2021-06-17 10:03:26,3631.7,47534
2021-06-17 10:03:27,3630.2,47542
2021-06-17 10:03:28,3630.2,47542
2021-06-17 10:03:30,3630.75,47560
2021-06-17 10:03:31,3631.35,47561
2021-06-17 10:03:31,3631.35,47561
2021-06-17 10:03:32,3631.35,47561
2021-06-17 10:03:34,3631.3,47562
2021-06-17 10:03:35,3631.5,47607
2021-06-17 10:03:36,3631.5,47607
2021-06-17 10:03:37,3632.0,47741
2021-06-17 10:03:38,3631.95,47772
2021-06-17 10:03:39,3631.95,47772
2021-06-17 10:03:40,3632.0,47773
2021-06-17 10:03:41,3632.0,47775
2021-06-17 10:03:42,3632.0,47777
2021-06-17 10:03:43,3630.65,47802
2021-06-17 10:03:43,3630.65,47802
2021-06-17 10:03:45,3630.75,47809
2021-06-17 10:03:47,3630.7,47812
2021-06-17 10:03:48,3632.25,47823
2021-06-17 10:03:49,3630.75,47828
2021-06-17 10:03:50,3632.3,47831
2021-06-17 10:03:51,3632.45,47865
2021-06-17 10:03:51,3632.45,47865
2021-06-17 10:03:52,3632.45,47865
2021-06-17 10:03:53,3630.95,47866
2021-06-17 10:03:55,3632.4,47868
2021-06-17 10:03:55,3632.4,47873
2021-06-17 10:03:56,3632.4,47873
2021-06-17 10:03:58,3632.4,47875
2021-06-17 10:03:59,3632.4,47875
2021-06-17 10:04:00,3632.4,47876
2021-06-17 10:04:01,3632.0,47882
2021-06-17 10:04:03,3632.9,47885
2021-06-17 10:04:04,3632.9,47887
2021-06-17 10:04:05,3631.15,47889
2021-06-17 10:04:05,3631.15,47889
2021-06-17 10:04:06,3632.85,47896
2021-06-17 10:04:08,3632.9,47897
2021-06-17 10:04:10,3632.9,47931
2021-06-17 10:04:11,3633.0,47992
2021-06-17 10:04:12,3633.0,47992
2021-06-17 10:04:12,3634.5,48075
2021-06-17 10:04:17,3633.05,48134
2021-06-17 10:04:18,3633.05,48134
2021-06-17 10:04:19,3634.0,48135
2021-06-17 10:04:19,3634.0,48135
2021-06-17 10:04:21,3634.0,48135
2021-06-17 10:04:22,3634.0,48137
2021-06-17 10:04:23,3633.05,48140
2021-06-17 10:04:24,3633.05,48140
2021-06-17 10:04:26,3633.05,48140
2021-06-17 10:04:27,3633.95,48183
2021-06-17 10:04:28,3633.95,48183
2021-06-17 10:04:29,3633.95,48183
2021-06-17 10:04:30,3633.95,48183
2021-06-17 10:04:31,3633.95,48183
2021-06-17 10:04:32,3633.95,48183
2021-06-17 10:04:33,3633.95,48183
2021-06-17 10:04:34,3633.95,48183
2021-06-17 10:04:35,3633.05,48203
2021-06-17 10:04:36,3633.95,48204
2021-06-17 10:04:37,3633.95,48204
2021-06-17 10:04:38,3633.95,48204
2021-06-17 10:04:39,3634.75,48254
2021-06-17 10:04:40,3634.75,48255
2021-06-17 10:04:41,3634.75,48255
2021-06-17 10:04:42,3634.75,48257
2021-06-17 10:04:43,3634.75,48264
2021-06-17 10:04:44,3634.95,48267
2021-06-17 10:04:46,3634.45,48544
2021-06-17 10:04:47,3634.45,48544
2021-06-17 10:04:48,3634.45,48544
2021-06-17 10:04:49,3634.45,48544
2021-06-17 10:04:50,3634.45,48544
2021-06-17 10:04:51,3634.45,48544
2021-06-17 10:04:52,3634.45,48544
2021-06-17 10:04:53,3633.55,48553
2021-06-17 10:04:54,3635.0,48559
2021-06-17 10:04:56,3635.0,48559
2021-06-17 10:04:57,3634.0,48564
2021-06-17 10:04:58,3634.0,48564
2021-06-17 10:04:59,3635.0,48605
2021-06-17 10:05:00,3635.0,48605
2021-06-17 10:05:01,3635.0,48605
2021-06-17 10:05:03,3634.0,48611
2021-06-17 10:05:02,3634.95,48606
2021-06-17 10:05:05,3634.05,48636
2021-06-17 10:05:06,3634.05,48636
2021-06-17 10:05:07,3634.0,48714
2021-06-17 10:05:08,3634.0,48714
2021-06-17 10:05:09,3635.8,48716
2021-06-17 10:05:10,3636.0,48717
2021-06-17 10:05:11,3636.0,48717
2021-06-17 10:05:12,3634.95,48718
2021-06-17 10:05:13,3634.95,48738
2021-06-17 10:05:14,3636.0,48748
2021-06-17 10:05:15,3636.0,48748
2021-06-17 10:05:16,3636.0,48748
2021-06-17 10:05:17,3636.0,48749
2021-06-17 10:05:18,3636.0,48749
2021-06-17 10:05:20,3636.0,48749
2021-06-17 10:05:21,3636.0,48749
2021-06-17 10:05:24,3636.0,48749
2021-06-17 10:05:25,3636.0,48749
2021-06-17 10:05:26,3636.0,48749
2021-06-17 10:05:27,3636.0,48751
2021-06-17 10:05:28,3636.0,48751
2021-06-17 10:05:29,3636.0,48801
2021-06-17 10:05:30,3636.0,48832
2021-06-17 10:05:31,3634.95,48833
2021-06-17 10:05:32,3636.15,48874
2021-06-17 10:05:33,3636.15,48874
2021-06-17 10:05:34,3636.15,48874
2021-06-17 10:05:35,3636.55,48878
2021-06-17 10:05:36,3636.55,48878
2021-06-17 10:05:37,3636.5,48881
2021-06-17 10:05:38,3636.5,48885
2021-06-17 10:05:39,3637.8,48998
2021-06-17 10:05:40,3636.05,49083
2021-06-17 10:05:41,3637.55,49090
2021-06-17 10:05:42,3636.05,49101
2021-06-17 10:05:43,3636.95,49109
2021-06-17 10:05:45,3636.15,49251
2021-06-17 10:05:46,3637.75,49295
2021-06-17 10:05:47,3637.9,49300
2021-06-17 10:05:48,3637.85,49304
2021-06-17 10:05:49,3637.9,49408
2021-06-17 10:05:50,3637.9,49408
2021-06-17 10:05:51,3637.55,49428
2021-06-17 10:05:52,3636.15,49429
2021-06-17 10:05:53,3638.0,49529
2021-06-17 10:05:54,3638.15,49634
2021-06-17 10:05:55,3637.9,49694
2021-06-17 10:05:56,3637.9,49694
2021-06-17 10:05:57,3637.95,49703
2021-06-17 10:05:59,3636.3,49725
2021-06-17 10:06:00,3637.9,49777
2021-06-17 10:06:01,3636.35,49782
2021-06-17 10:06:02,3636.35,49784
2021-06-17 10:06:03,3636.35,49784
2021-06-17 10:06:04,3637.9,49786
2021-06-17 10:06:05,3636.5,49836
2021-06-17 10:06:06,3636.5,49836
2021-06-17 10:06:07,3637.9,49861
2021-06-17 10:06:08,3638.15,49862
2021-06-17 10:06:09,3638.15,49862
2021-06-17 10:06:10,3637.9,50007
2021-06-17 10:06:11,3637.9,50007
2021-06-17 10:06:12,3637.9,50007
2021-06-17 10:06:14,3638.55,50022
2021-06-17 10:06:15,3638.55,50023
2021-06-17 10:06:16,3638.5,50127
2021-06-17 10:06:18,3638.5,50127
2021-06-17 10:06:17,3638.5,50127
2021-06-17 10:06:19,3638.5,50127
2021-06-17 10:06:20,3638.7,50152
2021-06-17 10:06:21,3638.55,50172
2021-06-17 10:06:22,3638.65,50173
2021-06-17 10:06:23,3638.65,50187
2021-06-17 10:06:24,3638.65,50189
2021-06-17 10:06:25,3638.5,50289
2021-06-17 10:06:26,3637.05,50303
2021-06-17 10:06:27,3637.05,50303
2021-06-17 10:06:28,3637.05,50304
2021-06-17 10:06:29,3637.0,50314
2021-06-17 10:06:30,3637.0,50314
2021-06-17 10:06:31,3638.6,50316
2021-06-17 10:06:32,3638.0,50347
2021-06-17 10:06:34,3639.0,50561
2021-06-17 10:06:35,3639.0,50572
2021-06-17 10:06:36,3639.0,50643
2021-06-17 10:06:37,3639.0,50653
2021-06-17 10:06:38,3639.0,50703
2021-06-17 10:06:39,3639.0,50935
2021-06-17 10:06:40,3639.05,50953
2021-06-17 10:06:41,3639.5,51002
2021-06-17 10:06:42,3639.8,51007
2021-06-17 10:06:46,3639.9,51027
2021-06-17 10:06:49,3639.9,51039
2021-06-17 10:06:51,3640.0,51265
2021-06-17 10:06:54,3640.3,52103
2021-06-17 10:06:58,3640.3,52117
2021-06-17 10:07:01,3640.0,52144
2021-06-17 10:07:05,3640.3,52492
2021-06-17 10:07:08,3641.95,52603
2021-06-17 10:07:11,3640.5,52657
2021-06-17 10:07:14,3642.0,52680
2021-06-17 10:07:17,3642.0,52717
2021-06-17 10:07:20,3642.0,53706
2021-06-17 10:07:23,3642.35,54042
2021-06-17 10:07:26,3644.0,54264
2021-06-17 10:07:29,3644.3,54605
2021-06-17 10:07:32,3644.3,54610
2021-06-17 10:07:35,3644.9,54710
2021-06-17 10:07:38,3644.75,54990
2021-06-17 10:07:41,3644.0,54994
2021-06-17 10:07:44,3644.4,55908
2021-06-17 10:07:47,3644.6,56061
2021-06-17 10:07:50,3644.95,56115
2021-06-17 10:07:53,3644.5,56123
2021-06-17 10:07:55,3646.9,56189
2021-06-17 10:07:58,3646.0,56200
2021-06-17 10:08:03,3647.4,56503
2021-06-17 10:08:06,3646.0,56553
2021-06-17 10:08:09,3647.25,56744
2021-06-17 10:08:11,3647.0,56761
2021-06-17 10:08:14,3645.55,56832
2021-06-17 10:08:17,3647.0,56945
2021-06-17 10:08:20,3647.0,57033
2021-06-17 10:08:24,3648.0,57191
2021-06-17 10:08:27,3645.9,57365
2021-06-17 10:08:30,3647.9,57437
2021-06-17 10:08:33,3647.0,57438
2021-06-17 10:08:36,3647.9,57532
2021-06-17 10:08:38,3643.95,58562
2021-06-17 10:08:41,3643.95,58563
2021-06-17 10:08:44,3644.0,58769
2021-06-17 10:08:47,3645.0,58884
2021-06-17 10:08:49,3644.95,59096
2021-06-17 10:08:53,3645.0,59130
2021-06-17 10:08:56,3642.45,59185
2021-06-17 10:08:59,3644.95,59505
2021-06-17 10:09:02,3645.0,59605
2021-06-17 10:09:05,3644.9,59648
2021-06-17 10:09:08,3645.0,59978
2021-06-17 10:09:11,3643.05,59990
2021-06-17 10:09:14,3644.0,60046
2021-06-17 10:09:16,3642.0,60158
2021-06-17 10:09:19,3642.0,60248
2021-06-17 10:09:21,3643.25,60256
2021-06-17 10:09:24,3644.0,60282
2021-06-17 10:09:27,3644.35,60313
2021-06-17 10:09:30,3644.05,60316
2021-06-17 10:09:32,3644.45,60317
2021-06-17 10:09:35,3644.45,60317
2021-06-17 10:09:37,3644.45,60319
2021-06-17 10:09:41,3644.8,60385
2021-06-17 10:09:44,3644.8,60396
2021-06-17 10:09:47,3643.05,60404
2021-06-17 10:09:53,3644.2,60615
2021-06-17 10:09:57,3644.2,60617
2021-06-17 10:10:03,3644.8,60774
2021-06-17 10:10:06,3644.8,60853
2021-06-17 10:10:09,3644.0,60923
2021-06-17 10:10:13,3644.85,61164
2021-06-17 10:10:16,3643.1,61168
2021-06-17 10:10:19,3644.75,61477
2021-06-17 10:10:22,3644.75,61488
2021-06-17 10:10:25,3644.8,61500
2021-06-17 10:10:27,3645.0,61559
2021-06-17 10:10:30,3644.8,61610
2021-06-17 10:10:33,3644.0,61665
2021-06-17 10:10:36,3645.0,61790
2021-06-17 10:10:38,3644.7,61873
2021-06-17 10:10:41,3644.0,61883
2021-06-17 10:10:43,3643.0,61886
2021-06-17 10:10:46,3643.0,61904
2021-06-17 10:10:48,3643.0,61906
2021-06-17 10:10:51,3643.0,61926
2021-06-17 10:10:53,3643.0,61933
2021-06-17 10:10:56,3643.0,61933
2021-06-17 10:10:59,3643.0,61959
2021-06-17 10:11:01,3643.0,61961
2021-06-17 10:11:04,3643.0,61961
2021-06-17 10:11:06,3643.0,62082
2021-06-17 10:11:09,3643.95,62103
2021-06-17 10:11:12,3643.0,62106
2021-06-17 10:11:14,3644.85,62147
2021-06-17 10:11:17,3644.75,62149
2021-06-17 10:11:19,3644.75,62150
2021-06-17 10:11:22,3644.5,62161
2021-06-17 10:11:25,3644.0,62162
2021-06-17 10:11:28,3644.85,62196
2021-06-17 10:11:31,3644.85,62205
2021-06-17 10:11:34,3645.0,62259
2021-06-17 10:11:37,3645.0,62369
2021-06-17 10:11:40,3647.4,63807
2021-06-17 10:11:42,3649.0,64159
2021-06-17 10:11:43,3649.0,64159
2021-06-17 10:11:44,3649.0,64169
2021-06-17 10:11:46,3648.0,64270
2021-06-17 10:11:47,3648.0,64270
2021-06-17 10:11:48,3647.15,64360
2021-06-17 10:11:48,3647.15,64360
2021-06-17 10:11:49,3647.15,64360
2021-06-17 10:11:51,3647.95,64377
2021-06-17 10:11:52,3648.95,64390
2021-06-17 10:11:52,3648.95,64390
2021-06-17 10:11:53,3647.2,64440
2021-06-17 10:11:55,3648.95,64448
2021-06-17 10:11:55,3648.95,64448
2021-06-17 10:11:56,3648.95,64450
2021-06-17 10:11:58,3647.45,64461
2021-06-17 10:11:59,3649.0,64531
2021-06-17 10:12:00,3649.0,64534
2021-06-17 10:12:01,3649.0,64537
2021-06-17 10:12:02,3649.0,64541
2021-06-17 10:12:03,3649.0,64541
2021-06-17 10:12:04,3649.0,64549
2021-06-17 10:12:05,3649.0,64555
2021-06-17 10:12:06,3648.95,64607
2021-06-17 10:12:07,3648.0,64677
2021-06-17 10:12:08,3648.0,64677
2021-06-17 10:12:08,3648.0,64677
2021-06-17 10:12:10,3648.0,64775
2021-06-17 10:12:11,3648.0,64775
2021-06-17 10:12:12,3649.0,64782
2021-06-17 10:12:13,3649.0,64782
2021-06-17 10:12:14,3649.0,64782
2021-06-17 10:12:15,3647.1,64982
2021-06-17 10:12:16,3648.7,64999
2021-06-17 10:12:17,3647.15,65003
2021-06-17 10:12:18,3648.65,65133
2021-06-17 10:12:19,3648.0,65188
2021-06-17 10:12:19,3648.0,65188
2021-06-17 10:12:20,3648.85,65191
2021-06-17 10:12:21,3648.85,65191
2021-06-17 10:12:22,3648.85,65191
2021-06-17 10:12:23,3648.85,65191
2021-06-17 10:12:24,3648.65,65194
2021-06-17 10:12:25,3647.35,65224
2021-06-17 10:12:26,3647.35,65224
2021-06-17 10:12:27,3647.15,65227
2021-06-17 10:12:28,3648.9,65229
2021-06-17 10:12:29,3648.85,65239
2021-06-17 10:12:30,3647.25,65241
2021-06-17 10:12:31,3647.25,65241
2021-06-17 10:12:34,3648.75,65302
2021-06-17 10:12:35,3648.7,65303
2021-06-17 10:12:35,3647.15,65306
2021-06-17 10:12:36,3648.7,65376
2021-06-17 10:12:37,3648.7,65376
2021-06-17 10:12:38,3648.8,65408
2021-06-17 10:12:39,3647.2,65410
2021-06-17 10:12:40,3648.8,65412
2021-06-17 10:12:41,3649.0,65512
2021-06-17 10:12:42,3647.3,65526
2021-06-17 10:12:43,3648.65,65532
2021-06-17 10:12:44,3648.65,65532
2021-06-17 10:12:45,3648.65,65532
2021-06-17 10:12:46,3649.0,65535
2021-06-17 10:12:47,3647.2,65570
2021-06-17 10:12:49,3646.15,65725
2021-06-17 10:12:50,3647.2,65727
2021-06-17 10:12:51,3648.65,65754
2021-06-17 10:12:52,3648.65,65754
2021-06-17 10:12:53,3648.65,65754
2021-06-17 10:12:55,3648.65,65754
2021-06-17 10:12:56,3648.65,65754
2021-06-17 10:12:57,3648.65,65754
2021-06-17 10:12:58,3648.65,65754
2021-06-17 10:12:59,3646.3,65761
2021-06-17 10:13:01,3648.0,65762
2021-06-17 10:13:02,3648.0,65765
2021-06-17 10:13:03,3646.75,65780
2021-06-17 10:13:04,3646.75,65780
2021-06-17 10:13:05,3646.75,65780
2021-06-17 10:13:06,3646.75,65780
2021-06-17 10:13:07,3648.4,65827
2021-06-17 10:13:08,3648.45,65829
2021-06-17 10:13:09,3648.45,65829
2021-06-17 10:13:10,3648.45,65861
2021-06-17 10:13:11,3647.0,65863
2021-06-17 10:13:12,3647.0,65863
2021-06-17 10:13:13,3647.0,65870
2021-06-17 10:13:14,3648.3,65876
2021-06-17 10:13:14,3648.3,65876
2021-06-17 10:13:16,3648.3,65876
2021-06-17 10:13:17,3648.3,65879
2021-06-17 10:13:18,3648.3,65879
2021-06-17 10:13:19,3647.0,65885
2021-06-17 10:13:20,3648.0,65890
2021-06-17 10:13:21,3648.0,65908
2021-06-17 10:13:22,3648.0,65938
2021-06-17 10:13:23,3648.0,65938
2021-06-17 10:13:24,3648.0,65966
2021-06-17 10:13:25,3648.0,65966
2021-06-17 10:13:26,3648.0,65967
2021-06-17 10:13:27,3646.5,65987
2021-06-17 10:13:28,3646.5,65989
2021-06-17 10:13:29,3646.45,65991
2021-06-17 10:13:30,3646.25,65998
2021-06-17 10:13:31,3646.25,66014
2021-06-17 10:13:32,3646.25,66014
2021-06-17 10:13:33,3646.3,66019
2021-06-17 10:13:34,3648.0,66025
2021-06-17 10:13:36,3648.0,66066
2021-06-17 10:13:37,3648.0,66136
2021-06-17 10:13:38,3648.0,66136
2021-06-17 10:13:39,3646.55,66138
2021-06-17 10:13:40,3646.55,66138
2021-06-17 10:13:41,3646.55,66160
2021-06-17 10:13:41,3646.55,66160
2021-06-17 10:13:43,3647.95,66162
2021-06-17 10:13:44,3646.6,66172
2021-06-17 10:13:44,3646.6,66172
2021-06-17 10:13:46,3646.6,66173
2021-06-17 10:13:47,3648.0,66174
2021-06-17 10:13:48,3648.0,66174
2021-06-17 10:13:49,3648.0,66174
2021-06-17 10:13:50,3648.0,66174
2021-06-17 10:13:51,3648.0,66181
2021-06-17 10:13:52,3646.55,66186
2021-06-17 10:13:53,3646.55,66186
2021-06-17 10:13:54,3648.0,66270
2021-06-17 10:13:55,3648.0,66270
2021-06-17 10:13:56,3646.9,66271
2021-06-17 10:13:57,3646.9,66271
2021-06-17 10:13:58,3646.9,66271
2021-06-17 10:13:59,3646.9,66271
2021-06-17 10:13:59,3648.1,66272
2021-06-17 10:14:00,3648.1,66292
2021-06-17 10:14:02,3646.9,66314
2021-06-17 10:14:01,3646.9,66300
2021-06-17 10:14:04,3646.9,66314
2021-06-17 10:14:06,3646.9,66314
2021-06-17 10:14:07,3648.1,66342
2021-06-17 10:14:08,3648.1,66344
2021-06-17 10:14:09,3648.3,66351
2021-06-17 10:14:10,3647.0,66701
2021-06-17 10:14:11,3647.0,66701
2021-06-17 10:14:12,3648.1,66704
2021-06-17 10:14:12,3648.5,66702
2021-06-17 10:14:13,3648.1,66704
2021-06-17 10:14:14,3648.5,66707
2021-06-17 10:14:16,3647.35,66757
2021-06-17 10:14:17,3645.75,67524
2021-06-17 10:14:19,3648.15,67526
2021-06-17 10:14:19,3648.15,67526
2021-06-17 10:14:20,3648.15,67526
2021-06-17 10:14:21,3648.2,67536
2021-06-17 10:14:23,3648.15,67537
2021-06-17 10:14:23,3648.15,67537
2021-06-17 10:14:25,3648.2,67540
2021-06-17 10:14:26,3648.45,67543
2021-06-17 10:14:27,3648.45,67544
2021-06-17 10:14:28,3648.45,67544
2021-06-17 10:14:29,3648.45,67544
2021-06-17 10:14:30,3647.0,67593
2021-06-17 10:14:31,3647.0,67593
2021-06-17 10:14:32,3648.5,67618
2021-06-17 10:14:32,3648.5,67618
2021-06-17 10:14:35,3647.05,67622
2021-06-17 10:14:36,3648.45,67626
2021-06-17 10:14:36,3648.45,67638
2021-06-17 10:14:37,3648.45,67638
2021-06-17 10:14:39,3648.45,67638
2021-06-17 10:14:40,3648.5,67674
2021-06-17 10:14:41,3648.5,67712
2021-06-17 10:14:42,3648.95,67718
2021-06-17 10:14:43,3647.4,67752
2021-06-17 10:14:44,3647.4,67752
2021-06-17 10:14:45,3649.0,67753
2021-06-17 10:14:46,3649.0,67753
2021-06-17 10:14:47,3649.0,67853
2021-06-17 10:14:48,3649.0,67874
2021-06-17 10:14:49,3647.35,67974
2021-06-17 10:14:50,3649.85,68300
2021-06-17 10:14:51,3649.9,69301
2021-06-17 10:14:52,3649.9,69301
2021-06-17 10:14:53,3649.8,69303
2021-06-17 10:14:54,3649.8,69303
2021-06-17 10:14:55,3647.8,69336
2021-06-17 10:14:55,3647.8,69336
2021-06-17 10:14:56,3647.8,69336
2021-06-17 10:14:57,3647.8,69336
2021-06-17 10:14:58,3648.1,69342
2021-06-17 10:15:00,3649.75,69344
2021-06-17 10:15:01,3649.75,69344
2021-06-17 10:15:02,3649.9,69449
2021-06-17 10:15:03,3649.9,69450
2021-06-17 10:15:04,3649.9,69467
2021-06-17 10:15:05,3649.9,69468
2021-06-17 10:15:06,3649.9,69473
2021-06-17 10:15:07,3649.1,69678
2021-06-17 10:15:09,3648.95,69691
2021-06-17 10:15:11,3647.05,69702
2021-06-17 10:15:11,3649.05,69711
2021-06-17 10:15:13,3648.1,69762
2021-06-17 10:15:16,3649.2,69764
2021-06-17 10:15:15,3649.2,69764
2021-06-17 10:15:18,3647.0,69814
2021-06-17 10:15:19,3648.6,69859
2021-06-17 10:15:20,3648.6,69859
2021-06-17 10:15:21,3648.6,69859
2021-06-17 10:15:22,3648.6,69859
2021-06-17 10:15:23,3648.6,69859
2021-06-17 10:15:24,3648.6,69859
2021-06-17 10:15:25,3648.55,69860
2021-06-17 10:15:26,3646.5,69910
2021-06-17 10:15:27,3646.5,69910
2021-06-17 10:15:28,3646.05,69930
2021-06-17 10:15:29,3646.05,70000
2021-06-17 10:15:30,3646.05,70000
2021-06-17 10:15:31,3646.05,70000
2021-06-17 10:15:32,3646.05,70001
2021-06-17 10:15:33,3646.05,70001
2021-06-17 10:15:34,3648.55,70251
2021-06-17 10:15:35,3648.55,70251
2021-06-17 10:15:36,3647.95,70252
2021-06-17 10:15:37,3647.95,70252
2021-06-17 10:15:38,3647.75,70312
2021-06-17 10:15:39,3648.55,70337
2021-06-17 10:15:40,3648.5,70347
2021-06-17 10:15:41,3646.05,70397
2021-06-17 10:15:42,3647.9,70405
2021-06-17 10:15:43,3647.9,70405
2021-06-17 10:15:44,3645.45,70418
2021-06-17 10:15:45,3645.45,70418
2021-06-17 10:15:46,3645.45,70418
2021-06-17 10:15:47,3647.35,70434
2021-06-17 10:15:48,3647.35,70434
2021-06-17 10:15:49,3647.1,70446
2021-06-17 10:15:50,3647.1,70446
2021-06-17 10:15:51,3647.1,70446
2021-06-17 10:15:52,3647.1,70446
2021-06-17 10:15:53,3647.0,70451
2021-06-17 10:15:54,3647.0,70451
2021-06-17 10:15:55,3645.5,70460
2021-06-17 10:15:56,3645.5,70469
2021-06-17 10:15:58,3645.5,70469
2021-06-17 10:15:59,3645.5,70469
2021-06-17 10:16:00,3645.5,70472
2021-06-17 10:16:01,3647.0,70672
2021-06-17 10:16:02,3647.0,70673
2021-06-17 10:16:03,3647.0,70709
2021-06-17 10:16:04,3645.5,70734
2021-06-17 10:16:05,3645.45,70753
2021-06-17 10:16:06,3645.45,70753
2021-06-17 10:16:07,3645.45,70776
2021-06-17 10:16:08,3645.45,70778
2021-06-17 10:16:09,3646.85,70786
2021-06-17 10:16:10,3646.8,70832
2021-06-17 10:16:11,3645.15,70834
2021-06-17 10:16:12,3646.95,70843
2021-06-17 10:16:13,3645.0,70883
2021-06-17 10:16:14,3645.0,70883
2021-06-17 10:16:15,3645.15,70908
2021-06-17 10:16:16,3644.55,70952
2021-06-17 10:16:17,3644.55,70952
2021-06-17 10:16:18,3646.35,70979
2021-06-17 10:16:19,3646.95,71000
2021-06-17 10:16:20,3646.95,71000
2021-06-17 10:16:21,3644.35,71100
2021-06-17 10:16:22,3646.55,71103
2021-06-17 10:16:23,3646.05,71104
2021-06-17 10:16:24,3646.05,71104
2021-06-17 10:16:26,3645.0,71114
2021-06-17 10:16:27,3645.0,71114
2021-06-17 10:16:28,3645.0,71114
2021-06-17 10:16:29,3645.0,71114
2021-06-17 10:16:30,3645.0,71114
2021-06-17 10:16:31,3645.0,71114
2021-06-17 10:16:32,3646.05,71116
2021-06-17 10:16:33,3646.05,71116
2021-06-17 10:16:35,3646.75,71144
2021-06-17 10:16:36,3646.7,71148
2021-06-17 10:16:37,3646.7,71179
2021-06-17 10:16:38,3646.7,71179
2021-06-17 10:16:39,3646.7,71179
2021-06-17 10:16:40,3646.7,71179
2021-06-17 10:16:41,3646.7,71179
2021-06-17 10:16:42,3646.75,71213
2021-06-17 10:16:43,3646.8,71227
2021-06-17 10:16:44,3646.8,71247
2021-06-17 10:16:45,3646.8,71247
2021-06-17 10:16:46,3645.3,71269
2021-06-17 10:16:47,3645.3,71269
2021-06-17 10:16:48,3646.95,71274
2021-06-17 10:16:49,3646.95,71277
2021-06-17 10:16:51,3646.9,71303
2021-06-17 10:16:52,3646.9,71327
2021-06-17 10:16:53,3646.7,71328
2021-06-17 10:16:54,3647.0,71330
2021-06-17 10:16:55,3647.0,71333
2021-06-17 10:16:56,3645.5,71345
2021-06-17 10:16:57,3647.0,71346
2021-06-17 10:16:58,3645.5,71349
2021-06-17 10:16:59,3645.5,71349
2021-06-17 10:17:00,3645.5,71349
2021-06-17 10:17:01,3647.0,71360
2021-06-17 10:17:02,3647.0,71360
2021-06-17 10:17:03,3645.4,71364
2021-06-17 10:17:05,3645.4,71364
2021-06-17 10:17:07,3646.95,71374
2021-06-17 10:17:06,3646.95,71374
2021-06-17 10:17:08,3646.95,71374
2021-06-17 10:17:09,3646.95,71393
2021-06-17 10:17:10,3646.95,71443
2021-06-17 10:17:11,3646.65,71471
2021-06-17 10:17:12,3646.95,71480
2021-06-17 10:17:13,3646.95,71480
2021-06-17 10:17:15,3646.95,71480
2021-06-17 10:17:16,3646.95,71480
2021-06-17 10:17:17,3646.95,71480
2021-06-17 10:17:18,3646.95,71480
2021-06-17 10:17:20,3647.0,71485
2021-06-17 10:17:21,3647.0,71485
2021-06-17 10:17:22,3647.0,71485
2021-06-17 10:17:23,3647.0,71505
2021-06-17 10:17:24,3647.0,71505
2021-06-17 10:17:25,3647.0,71505
2021-06-17 10:17:26,3647.0,71506
2021-06-17 10:17:27,3647.0,71520
2021-06-17 10:17:28,3647.0,71520
2021-06-17 10:17:29,3647.0,71529
2021-06-17 10:17:31,3647.0,71529
2021-06-17 10:17:32,3647.0,71529
2021-06-17 10:17:33,3647.0,71534
2021-06-17 10:17:34,3646.05,71543
2021-06-17 10:17:35,3646.05,71544
2021-06-17 10:17:36,3646.0,71619
2021-06-17 10:17:37,3646.05,71629
2021-06-17 10:17:38,3646.05,71629
2021-06-17 10:17:39,3646.05,71629
2021-06-17 10:17:40,3647.0,71663
2021-06-17 10:17:41,3647.1,71664
2021-06-17 10:17:42,3648.0,71767
2021-06-17 10:17:43,3648.0,71767
2021-06-17 10:17:44,3648.0,71767
2021-06-17 10:17:45,3648.0,71767
2021-06-17 10:17:46,3647.0,71779
2021-06-17 10:17:47,3647.0,71779
2021-06-17 10:17:49,3647.0,71780
2021-06-17 10:17:51,3647.35,71791
2021-06-17 10:17:52,3647.35,71791
2021-06-17 10:17:52,3647.35,71792
2021-06-17 10:17:54,3646.0,71801
2021-06-17 10:17:54,3646.0,71801
2021-06-17 10:17:56,3647.35,71802
2021-06-17 10:17:56,3647.35,71802
2021-06-17 10:17:58,3647.35,71802
2021-06-17 10:17:59,3647.35,71807
2021-06-17 10:18:00,3646.05,71809
2021-06-17 10:18:01,3646.05,71809
2021-06-17 10:18:02,3647.3,71812
2021-06-17 10:18:03,3647.3,71812
2021-06-17 10:18:03,3646.0,71814
2021-06-17 10:18:04,3645.6,71825
2021-06-17 10:18:05,3645.6,71825
2021-06-17 10:18:06,3646.0,71830
2021-06-17 10:18:07,3647.1,71833
2021-06-17 10:18:08,3647.1,71833
2021-06-17 10:18:09,3647.1,71833
2021-06-17 10:18:10,3647.3,71838
2021-06-17 10:18:12,3647.5,71840
2021-06-17 10:18:13,3647.5,71905
2021-06-17 10:18:14,3647.5,71905
2021-06-17 10:18:15,3647.5,71909
2021-06-17 10:18:16,3648.0,71918
2021-06-17 10:18:17,3648.0,71918
2021-06-17 10:18:18,3647.5,71920
2021-06-17 10:18:19,3647.5,71920
2021-06-17 10:18:20,3647.5,71926
2021-06-17 10:18:21,3647.3,71966
2021-06-17 10:18:23,3647.3,71966
2021-06-17 10:18:24,3647.3,71966
2021-06-17 10:18:25,3647.3,71966
2021-06-17 10:18:26,3646.1,72002
2021-06-17 10:18:27,3646.1,72081
2021-06-17 10:18:28,3646.1,72085
2021-06-17 10:18:29,3646.1,72085
2021-06-17 10:18:30,3646.1,72089
2021-06-17 10:18:31,3646.1,72089
2021-06-17 10:18:32,3646.1,72089
2021-06-17 10:18:34,3648.0,72092
2021-06-17 10:18:36,3646.1,72105
2021-06-17 10:18:37,3646.1,72113
2021-06-17 10:18:38,3647.95,72114
2021-06-17 10:18:39,3647.95,72114
2021-06-17 10:18:39,3647.95,72114
2021-06-17 10:18:40,3647.95,72176
2021-06-17 10:18:41,3647.95,72176
2021-06-17 10:18:42,3646.15,72186
2021-06-17 10:18:43,3646.2,72187
2021-06-17 10:18:44,3646.2,72187
2021-06-17 10:18:45,3646.15,72191
2021-06-17 10:18:46,3646.15,72191
2021-06-17 10:18:47,3646.15,72191
2021-06-17 10:18:48,3646.25,72295
2021-06-17 10:18:49,3646.25,72299
2021-06-17 10:18:50,3647.7,72303
2021-06-17 10:18:51,3647.7,72303
2021-06-17 10:18:52,3647.7,72314
2021-06-17 10:18:55,3646.65,72318
2021-06-17 10:18:56,3647.75,72325
2021-06-17 10:18:57,3647.7,72326
2021-06-17 10:18:57,3647.7,72326
2021-06-17 10:18:58,3646.7,72327
2021-06-17 10:19:00,3647.7,72328
2021-06-17 10:19:01,3647.7,72328
2021-06-17 10:19:02,3647.0,72329
2021-06-17 10:19:03,3647.65,72433
2021-06-17 10:19:03,3647.65,72330
2021-06-17 10:19:04,3647.65,72448
2021-06-17 10:19:05,3647.65,72448
2021-06-17 10:19:06,3648.0,72449
2021-06-17 10:19:07,3648.0,72524
2021-06-17 10:19:08,3647.0,72544
2021-06-17 10:19:09,3647.0,72544
2021-06-17 10:19:11,3647.95,72545
2021-06-17 10:19:12,3647.95,72549
2021-06-17 10:19:13,3648.0,72551
2021-06-17 10:19:14,3648.0,72551
2021-06-17 10:19:15,3648.0,72551
2021-06-17 10:19:16,3648.0,72556
2021-06-17 10:19:17,3648.0,72557
2021-06-17 10:19:19,3648.0,72562
2021-06-17 10:19:21,3647.0,72567
2021-06-17 10:19:22,3647.0,72567
2021-06-17 10:19:23,3647.0,72567
2021-06-17 10:19:24,3648.0,72571
2021-06-17 10:19:25,3648.0,72571
2021-06-17 10:19:25,3648.0,72571
2021-06-17 10:19:26,3646.7,72847
2021-06-17 10:19:27,3646.7,72847
2021-06-17 10:19:28,3646.7,72847
2021-06-17 10:19:29,3647.0,72902
2021-06-17 10:19:31,3647.0,72902
2021-06-17 10:19:32,3647.0,72902
2021-06-17 10:19:32,3646.0,73251
2021-06-17 10:19:33,3646.0,73251
2021-06-17 10:19:34,3648.5,73296
2021-06-17 10:19:35,3648.0,73299
2021-06-17 10:19:36,3648.0,73299
2021-06-17 10:19:37,3648.0,73321
2021-06-17 10:19:38,3648.9,73322
2021-06-17 10:19:39,3648.9,73323
2021-06-17 10:19:40,3648.9,73370
2021-06-17 10:19:41,3646.8,73372
2021-06-17 10:19:42,3648.8,73380
2021-06-17 10:19:43,3648.0,73381
2021-06-17 10:19:44,3648.0,73381
2021-06-17 10:19:45,3647.0,73387
2021-06-17 10:19:46,3648.0,73388
2021-06-17 10:19:47,3647.85,73491
2021-06-17 10:19:48,3647.85,73491
2021-06-17 10:19:49,3646.05,73501
2021-06-17 10:19:51,3647.85,73502
2021-06-17 10:19:52,3647.95,73507
2021-06-17 10:19:52,3647.95,73507
2021-06-17 10:19:53,3647.95,73509
2021-06-17 10:19:54,3646.0,73559
2021-06-17 10:19:55,3647.85,73569
2021-06-17 10:19:56,3647.85,73577
2021-06-17 10:19:57,3647.85,73577
2021-06-17 10:19:58,3647.85,73577
2021-06-17 10:19:59,3647.5,73581
2021-06-17 10:20:00,3648.0,73588
2021-06-17 10:20:01,3648.0,73588
2021-06-17 10:20:02,3648.0,73593
2021-06-17 10:20:03,3646.1,73614
2021-06-17 10:20:05,3646.3,73615
2021-06-17 10:20:06,3646.1,73617
2021-06-17 10:20:07,3648.0,73631
2021-06-17 10:20:08,3647.45,73637
2021-06-17 10:20:11,3647.95,73658
2021-06-17 10:20:14,3648.0,73708
2021-06-17 10:20:15,3648.0,73708
2021-06-17 10:20:16,3647.45,73710
2021-06-17 10:20:17,3647.45,73713
2021-06-17 10:20:18,3648.0,73726
2021-06-17 10:20:19,3648.0,73726
2021-06-17 10:20:21,3648.0,73726
2021-06-17 10:20:22,3648.0,73726
2021-06-17 10:20:23,3646.05,73731
2021-06-17 10:20:23,3648.0,73881
2021-06-17 10:20:24,3648.0,73881
2021-06-17 10:20:25,3646.0,73981
2021-06-17 10:20:26,3647.6,73982
2021-06-17 10:20:27,3647.6,73982
2021-06-17 10:20:28,3647.55,73984
2021-06-17 10:20:29,3646.0,73989
2021-06-17 10:20:30,3646.0,74014
2021-06-17 10:20:31,3646.45,74017
2021-06-17 10:20:32,3647.5,74019
2021-06-17 10:20:33,3647.5,74020
2021-06-17 10:20:34,3647.5,74020
2021-06-17 10:20:36,3647.5,74020
2021-06-17 10:20:36,3647.5,74020
2021-06-17 10:20:38,3647.5,74029
2021-06-17 10:20:39,3647.5,74029
2021-06-17 10:20:40,3645.1,74179
2021-06-17 10:20:41,3645.1,74179
2021-06-17 10:20:42,3647.05,74187
2021-06-17 10:20:42,3647.05,74188
2021-06-17 10:20:43,3647.05,74192
2021-06-17 10:20:44,3647.05,74192
2021-06-17 10:20:46,3645.4,74205
2021-06-17 10:20:48,3645.4,74205
2021-06-17 10:20:49,3647.1,74207
2021-06-17 10:20:50,3645.35,74209
2021-06-17 10:20:52,3645.35,74211
2021-06-17 10:20:53,3645.35,74211
2021-06-17 10:20:55,3645.35,74215
2021-06-17 10:20:56,3645.35,74215
2021-06-17 10:20:57,3645.35,74215
2021-06-17 10:20:58,3645.35,74217
2021-06-17 10:20:59,3646.85,74219
2021-06-17 10:20:59,3646.85,74219
2021-06-17 10:21:00,3645.35,74221
2021-06-17 10:21:01,3647.45,74371
2021-06-17 10:21:02,3647.45,74371
2021-06-17 10:21:03,3647.45,74371
2021-06-17 10:21:04,3647.0,74381
2021-06-17 10:21:05,3648.0,74518
2021-06-17 10:21:06,3648.0,74518
2021-06-17 10:21:07,3647.9,74561
2021-06-17 10:21:08,3647.9,74561
2021-06-17 10:21:09,3648.0,74587
2021-06-17 10:21:10,3648.0,74587
2021-06-17 10:21:11,3647.95,74588
2021-06-17 10:21:13,3647.75,74753
2021-06-17 10:21:15,3647.75,74753
2021-06-17 10:21:16,3645.7,74755
2021-06-17 10:21:17,3645.7,74755
2021-06-17 10:21:18,3647.7,74757
2021-06-17 10:21:20,3647.7,74757
2021-06-17 10:21:21,3647.7,74757
2021-06-17 10:21:21,3647.7,74757
2021-06-17 10:21:22,3647.7,74758
2021-06-17 10:21:23,3647.7,74760
2021-06-17 10:21:24,3647.7,74760
2021-06-17 10:21:25,3647.7,74760
2021-06-17 10:21:26,3647.7,74760
2021-06-17 10:21:27,3647.7,74760
2021-06-17 10:21:28,3647.7,74760
2021-06-17 10:21:29,3647.7,74761
2021-06-17 10:21:30,3645.2,74765
2021-06-17 10:21:31,3647.5,74771
2021-06-17 10:21:32,3647.75,74772
2021-06-17 10:21:33,3647.75,74772
2021-06-17 10:21:35,3647.7,74774
2021-06-17 10:21:36,3645.8,74775
2021-06-17 10:21:36,3647.75,74789
2021-06-17 10:21:38,3647.75,74818
2021-06-17 10:21:38,3647.75,74845
2021-06-17 10:21:39,3647.7,74850
2021-06-17 10:21:40,3647.7,74851
2021-06-17 10:21:42,3647.7,74859
2021-06-17 10:21:42,3645.65,74861
2021-06-17 10:21:43,3645.65,74866
2021-06-17 10:21:44,3645.65,74869
2021-06-17 10:21:45,3645.65,74869
2021-06-17 10:21:47,3645.65,74876
2021-06-17 10:21:48,3645.65,74879
2021-06-17 10:21:49,3645.45,74883
2021-06-17 10:21:50,3645.45,74883
2021-06-17 10:21:52,3645.45,74883
2021-06-17 10:21:53,3645.45,74883
2021-06-17 10:21:54,3645.45,74883
2021-06-17 10:21:55,3647.5,74886
2021-06-17 10:21:57,3645.45,74888
2021-06-17 10:21:57,3647.5,74893
2021-06-17 10:21:58,3645.45,74895
2021-06-17 10:22:00,3647.45,74900
2021-06-17 10:22:02,3645.4,74903
2021-06-17 10:22:03,3645.4,74903
2021-06-17 10:22:04,3645.7,74904
2021-06-17 10:22:04,3645.7,74904
2021-06-17 10:22:05,3645.7,74904
2021-06-17 10:22:07,3647.7,74973
2021-06-17 10:22:08,3647.7,74973
2021-06-17 10:22:10,3647.7,74978
2021-06-17 10:22:10,3647.7,74978
2021-06-17 10:22:12,3647.7,74989
2021-06-17 10:22:13,3647.7,74989
2021-06-17 10:22:14,3647.75,75002
2021-06-17 10:22:16,3645.4,75018
2021-06-17 10:22:17,3645.4,75018
2021-06-17 10:22:17,3645.15,75026
2021-06-17 10:22:18,3647.5,75027
2021-06-17 10:22:19,3647.5,75027
2021-06-17 10:22:20,3647.5,75027
2021-06-17 10:22:22,3645.55,75097
2021-06-17 10:22:23,3645.55,75097
2021-06-17 10:22:24,3645.55,75097
2021-06-17 10:22:25,3645.55,75097
2021-06-17 10:22:26,3645.55,75097
2021-06-17 10:22:27,3645.55,75097
2021-06-17 10:22:28,3645.25,75197
2021-06-17 10:22:29,3645.25,75197
2021-06-17 10:22:30,3645.25,75197
2021-06-17 10:22:31,3645.25,75197
2021-06-17 10:22:32,3645.0,75362
2021-06-17 10:22:33,3645.2,75412
2021-06-17 10:22:34,3647.35,75414
2021-06-17 10:22:35,3645.1,75454
2021-06-17 10:22:36,3645.1,75454
2021-06-17 10:22:37,3647.2,75720
2021-06-17 10:22:38,3647.0,75730
2021-06-17 10:22:39,3647.0,75730
2021-06-17 10:22:40,3647.7,75732
2021-06-17 10:22:41,3647.7,75732
2021-06-17 10:22:41,3645.25,76732
2021-06-17 10:22:42,3647.7,76735
2021-06-17 10:22:43,3645.95,76752
2021-06-17 10:22:44,3647.95,76754
2021-06-17 10:22:45,3647.95,76754
2021-06-17 10:22:46,3647.95,76754
2021-06-17 10:22:47,3645.25,76757
2021-06-17 10:22:49,3645.25,76757
2021-06-17 10:22:50,3645.25,76757
2021-06-17 10:22:50,3645.25,76757
2021-06-17 10:22:52,3645.25,76757
2021-06-17 10:22:52,3645.25,76757
2021-06-17 10:22:54,3645.25,76757
2021-06-17 10:22:55,3645.7,76783
2021-06-17 10:22:56,3645.7,76783
2021-06-17 10:22:57,3645.7,76783
2021-06-17 10:22:58,3647.7,76784
2021-06-17 10:22:59,3647.7,76784
2021-06-17 10:22:59,3647.7,76785
2021-06-17 10:23:00,3647.7,76785
2021-06-17 10:23:01,3647.2,76804
2021-06-17 10:23:02,3647.7,76807
2021-06-17 10:23:03,3647.7,76807
2021-06-17 10:23:04,3647.7,76807
2021-06-17 10:23:05,3647.7,76807
2021-06-17 10:23:06,3647.7,76807
2021-06-17 10:23:08,3647.7,76808
2021-06-17 10:23:09,3648.0,76821
2021-06-17 10:23:10,3648.0,76878
2021-06-17 10:23:11,3647.7,76883
2021-06-17 10:23:12,3647.7,76890
2021-06-17 10:23:13,3647.95,76901
2021-06-17 10:23:14,3647.95,76901
2021-06-17 10:23:14,3647.95,76901
2021-06-17 10:23:15,3647.95,76901
2021-06-17 10:23:16,3647.95,76901
2021-06-17 10:23:17,3647.95,76902
2021-06-17 10:23:18,3647.2,76911
2021-06-17 10:23:19,3647.2,76911
2021-06-17 10:23:20,3647.2,76933
2021-06-17 10:23:21,3647.2,76933
2021-06-17 10:23:22,3647.2,76933
2021-06-17 10:23:23,3647.2,76933
2021-06-17 10:23:24,3645.6,76958
2021-06-17 10:23:25,3645.6,76958
2021-06-17 10:23:26,3645.6,76958
2021-06-17 10:23:27,3645.6,76958
2021-06-17 10:23:30,3647.6,76978
2021-06-17 10:23:31,3647.7,77017
2021-06-17 10:23:31,3647.2,76991
2021-06-17 10:23:32,3647.7,77017
2021-06-17 10:23:33,3647.7,77019
2021-06-17 10:23:34,3647.7,77021
2021-06-17 10:23:37,3645.0,77365
2021-06-17 10:23:37,3645.0,77365
2021-06-17 10:23:38,3645.0,77380
2021-06-17 10:23:39,3645.0,77380
2021-06-17 10:23:40,3645.05,77408
2021-06-17 10:23:41,3647.1,77416
2021-06-17 10:23:42,3647.1,77416
2021-06-17 10:23:43,3647.05,77424
2021-06-17 10:23:44,3647.05,77444
2021-06-17 10:23:45,3647.4,77446
2021-06-17 10:23:47,3645.1,77447
2021-06-17 10:23:48,3645.1,77449
2021-06-17 10:23:49,3647.6,77455
2021-06-17 10:23:50,3647.6,77455
2021-06-17 10:23:51,3645.15,77466
2021-06-17 10:23:52,3645.15,77466
2021-06-17 10:23:53,3645.15,77466
2021-06-17 10:23:54,3647.4,77467
2021-06-17 10:23:55,3647.4,77467
2021-06-17 10:23:56,3647.4,77467
2021-06-17 10:23:58,3647.4,77467
2021-06-17 10:23:59,3647.4,77467
2021-06-17 10:24:00,3647.4,77467
2021-06-17 10:24:01,3647.4,77467
2021-06-17 10:24:02,3646.95,77468
2021-06-17 10:24:03,3646.95,77468
2021-06-17 10:24:04,3646.95,77468
2021-06-17 10:24:05,3646.95,77468
2021-06-17 10:24:06,3646.95,77468
2021-06-17 10:24:07,3646.95,77475
2021-06-17 10:24:08,3646.95,77475
2021-06-17 10:24:09,3647.0,77487
2021-06-17 10:24:10,3647.7,77490
2021-06-17 10:24:11,3647.75,77491
2021-06-17 10:24:12,3647.75,77496
2021-06-17 10:24:13,3647.75,77498
2021-06-17 10:24:13,3647.75,77498
2021-06-17 10:24:14,3647.75,77498
2021-06-17 10:24:15,3647.75,77498
2021-06-17 10:24:17,3647.95,77553
2021-06-17 10:24:19,3647.95,77553
2021-06-17 10:24:20,3647.9,77556
2021-06-17 10:24:21,3647.9,77556
2021-06-17 10:24:22,3647.9,77556
2021-06-17 10:24:23,3647.95,77558
2021-06-17 10:24:24,3647.9,77560
2021-06-17 10:24:25,3645.5,77610
2021-06-17 10:24:26,3645.7,77612
2021-06-17 10:24:27,3645.7,77612
2021-06-17 10:24:28,3647.75,77613
2021-06-17 10:24:29,3647.75,77613
2021-06-17 10:24:30,3646.75,77615
2021-06-17 10:24:31,3647.75,77675
2021-06-17 10:24:32,3647.75,77675
2021-06-17 10:24:32,3647.75,77675
2021-06-17 10:24:34,3647.75,77675
2021-06-17 10:24:35,3647.6,77677
2021-06-17 10:24:36,3647.6,77677
2021-06-17 10:24:37,3647.6,77711
2021-06-17 10:24:38,3647.6,77711
2021-06-17 10:24:40,3647.85,77718
2021-06-17 10:24:40,3647.85,77718
2021-06-17 10:24:41,3647.85,77718
2021-06-17 10:24:43,3647.0,77758
2021-06-17 10:24:44,3647.0,77758
2021-06-17 10:24:45,3647.0,77758
2021-06-17 10:24:46,3647.0,77758
2021-06-17 10:24:47,3647.0,77758
2021-06-17 10:24:48,3647.0,77758
2021-06-17 10:24:49,3647.0,77758
2021-06-17 10:24:49,3647.0,77758
2021-06-17 10:24:50,3647.95,77848
2021-06-17 10:24:52,3647.95,77848
2021-06-17 10:24:53,3647.95,77848
2021-06-17 10:24:54,3647.95,77848
2021-06-17 10:24:55,3647.95,77848
2021-06-17 10:24:56,3647.95,77848
2021-06-17 10:24:56,3647.95,77848
2021-06-17 10:24:57,3646.4,77849
2021-06-17 10:25:01,3647.85,77877
2021-06-17 10:25:02,3647.9,77878
2021-06-17 10:25:03,3647.9,77890
2021-06-17 10:25:04,3647.9,77890
2021-06-17 10:25:05,3647.9,77890
2021-06-17 10:25:09,3647.9,77961
2021-06-17 10:25:10,3647.95,77967
2021-06-17 10:25:11,3647.9,77971
2021-06-17 10:25:11,3647.9,77971
2021-06-17 10:25:12,3647.9,77971
2021-06-17 10:25:13,3646.95,77974
2021-06-17 10:25:15,3646.95,77974
2021-06-17 10:25:16,3646.95,77974
2021-06-17 10:25:17,3646.95,77975
2021-06-17 10:25:19,3647.0,77979
2021-06-17 10:25:19,3647.0,77979
2021-06-17 10:25:20,3647.0,77983
2021-06-17 10:25:21,3647.0,77983
2021-06-17 10:25:22,3647.0,77983
2021-06-17 10:25:23,3645.45,78083
2021-06-17 10:25:24,3646.95,78087
2021-06-17 10:25:25,3645.5,78093
2021-06-17 10:25:26,3645.5,78093
2021-06-17 10:25:27,3645.35,78094
2021-06-17 10:25:28,3646.95,78095
2021-06-17 10:25:29,3647.9,78108
2021-06-17 10:25:30,3647.9,78109
2021-06-17 10:25:31,3647.9,78109
2021-06-17 10:25:33,3647.9,78109
2021-06-17 10:25:34,3647.85,78110
2021-06-17 10:25:36,3647.85,78111
2021-06-17 10:25:37,3647.85,78111
2021-06-17 10:25:38,3647.85,78111
2021-06-17 10:25:40,3647.85,79423
2021-06-17 10:25:40,3647.05,79433
2021-06-17 10:25:41,3647.05,79433
2021-06-17 10:25:42,3648.0,79441
2021-06-17 10:25:43,3648.0,79448
2021-06-17 10:25:44,3647.95,79449
2021-06-17 10:25:45,3646.0,79455
2021-06-17 10:25:46,3646.0,79455
2021-06-17 10:25:48,3646.0,79455
2021-06-17 10:25:49,3646.3,79484
2021-06-17 10:25:50,3646.3,79486
2021-06-17 10:25:51,3646.3,79486
2021-06-17 10:25:51,3646.3,79486
2021-06-17 10:25:53,3647.95,79489
2021-06-17 10:25:54,3648.0,79493
2021-06-17 10:25:55,3645.95,79495
2021-06-17 10:25:56,3645.95,79497
2021-06-17 10:25:57,3648.0,79508
2021-06-17 10:25:58,3647.9,79512
2021-06-17 10:25:59,3647.95,79537
2021-06-17 10:26:02,3647.95,79538
2021-06-17 10:26:03,3647.95,79538
2021-06-17 10:26:04,3645.25,79583
2021-06-17 10:26:05,3647.8,79610
2021-06-17 10:26:06,3647.8,79610
2021-06-17 10:26:07,3647.8,79610
2021-06-17 10:26:08,3647.8,79681
2021-06-17 10:26:09,3647.8,79683
2021-06-17 10:26:10,3647.8,79683
2021-06-17 10:26:11,3647.8,79684
2021-06-17 10:26:12,3647.8,79684
2021-06-17 10:26:13,3647.8,79693
2021-06-17 10:26:14,3646.7,79695
2021-06-17 10:26:15,3646.7,79695
2021-06-17 10:26:16,3646.7,79696
2021-06-17 10:26:17,3646.7,79696
2021-06-17 10:26:18,3646.7,79704
2021-06-17 10:26:19,3646.7,79704
2021-06-17 10:26:20,3646.7,79704
2021-06-17 10:26:21,3647.8,79705
2021-06-17 10:26:23,3647.8,79708
2021-06-17 10:26:24,3647.8,79709
2021-06-17 10:26:25,3647.3,79710
2021-06-17 10:26:26,3647.3,79712
2021-06-17 10:26:27,3647.3,79712
2021-06-17 10:26:28,3647.3,79712
2021-06-17 10:26:29,3646.7,79715
2021-06-17 10:26:30,3646.7,79715
2021-06-17 10:26:31,3646.7,79715
2021-06-17 10:26:32,3647.7,79716
2021-06-17 10:26:33,3647.7,79716
2021-06-17 10:26:35,3647.7,79718
2021-06-17 10:26:36,3647.75,79721
2021-06-17 10:26:37,3647.8,79772
2021-06-17 10:26:38,3647.75,79775
2021-06-17 10:26:39,3647.75,79793
2021-06-17 10:26:40,3647.8,79804
2021-06-17 10:26:41,3647.8,79805
2021-06-17 10:26:43,3647.8,79813
2021-06-17 10:26:46,3646.3,79840
2021-06-17 10:26:48,3648.3,80140
2021-06-17 10:26:50,3646.35,80156
2021-06-17 10:26:53,3648.25,80157
2021-06-17 10:26:56,3648.3,80235
2021-06-17 10:26:59,3648.2,80240
2021-06-17 10:27:02,3648.2,80240
2021-06-17 10:27:05,3646.4,80248
2021-06-17 10:27:08,3648.0,80250
2021-06-17 10:27:10,3648.0,80250
2021-06-17 10:27:13,3648.0,80258
2021-06-17 10:27:16,3648.25,80265
2021-06-17 10:27:19,3646.4,80278
2021-06-17 10:27:22,3648.15,80288
2021-06-17 10:27:24,3648.0,80289
2021-06-17 10:27:27,3648.25,80297
2021-06-17 10:27:30,3646.45,80327
2021-06-17 10:27:33,3646.55,80346
2021-06-17 10:27:35,3646.2,80356
2021-06-17 10:27:38,3646.5,80358
2021-06-17 10:27:41,3646.5,80358
2021-06-17 10:27:44,3646.55,80366
2021-06-17 10:27:46,3646.55,80366
2021-06-17 10:27:49,3646.4,80369
2021-06-17 10:27:52,3647.0,80392
2021-06-17 10:27:54,3647.0,80398
2021-06-17 10:27:57,3646.95,80411
2021-06-17 10:28:00,3646.95,80411
2021-06-17 10:28:03,3646.95,80412
2021-06-17 10:28:06,3646.0,80415
2021-06-17 10:28:09,3646.0,80417
2021-06-17 10:28:13,3647.0,80429
2021-06-17 10:28:16,3647.0,80433
2021-06-17 10:28:19,3646.55,80435
2021-06-17 10:28:21,3647.0,80444
2021-06-17 10:28:24,3647.0,80444
2021-06-17 10:28:27,3646.8,80450
2021-06-17 10:28:29,3647.0,80451
2021-06-17 10:28:32,3646.95,80456
2021-06-17 10:28:34,3646.95,80456
2021-06-17 10:28:40,3647.0,80468
2021-06-17 10:28:43,3646.95,80520
2021-06-17 10:28:45,3646.0,80526
2021-06-17 10:28:48,3646.0,80526
2021-06-17 10:28:50,3646.0,80526
2021-06-17 10:28:53,3646.95,80528
2021-06-17 10:28:56,3646.95,80528
2021-06-17 10:28:58,3645.6,80554
2021-06-17 10:29:01,3646.95,80559
2021-06-17 10:29:03,3646.95,80559
2021-06-17 10:29:05,3646.0,80570
2021-06-17 10:29:08,3646.95,80571
2021-06-17 10:29:10,3646.95,80584
2021-06-17 10:29:13,3646.5,80611
2021-06-17 10:29:15,3645.5,80622
2021-06-17 10:29:18,3645.5,80622
2021-06-17 10:29:23,3646.8,80653
2021-06-17 10:29:26,3645.5,80658
2021-06-17 10:29:29,3645.5,80671
2021-06-17 10:29:32,3646.9,80768
2021-06-17 10:29:37,3646.95,80772
2021-06-17 10:29:40,3645.05,80873
2021-06-17 10:29:43,3646.95,80924
2021-06-17 10:29:45,3645.1,80926
2021-06-17 10:29:48,3646.95,80927
2021-06-17 10:29:54,3647.0,80979
2021-06-17 10:29:58,3647.0,80980
2021-06-17 10:30:01,3646.25,80993
2021-06-17 10:30:04,3646.25,80998
2021-06-17 10:30:07,3646.2,81011
2021-06-17 10:30:10,3645.5,81042
2021-06-17 10:30:13,3647.0,81066
2021-06-17 10:30:16,3647.0,81066
2021-06-17 10:30:19,3647.0,81066
2021-06-17 10:30:22,3645.6,81123
2021-06-17 10:30:25,3647.0,81137
2021-06-17 10:30:28,3646.9,81143
2021-06-17 10:30:30,3646.9,81143
2021-06-17 10:30:33,3646.9,81143
2021-06-17 10:30:35,3646.85,81185
2021-06-17 10:30:38,3645.0,81235
2021-06-17 10:30:41,3645.0,81250
2021-06-17 10:30:44,3646.85,81257
2021-06-17 10:30:47,3646.85,81257
2021-06-17 10:30:49,3646.85,81270
2021-06-17 10:30:52,3646.85,81270
2021-06-17 10:30:55,3646.85,81270
2021-06-17 10:30:57,3646.85,81270
2021-06-17 10:31:00,3646.85,81271
2021-06-17 10:31:03,3646.9,81275
2021-06-17 10:31:08,3646.8,81281
2021-06-17 10:31:11,3646.8,81286
2021-06-17 10:31:14,3646.9,81294
2021-06-17 10:31:16,3647.0,81295
2021-06-17 10:31:19,3647.0,81305
2021-06-17 10:31:22,3647.0,81307
2021-06-17 10:31:24,3647.0,81307
2021-06-17 10:31:27,3647.0,81307
2021-06-17 10:31:30,3647.0,81314
2021-06-17 10:31:33,3647.0,81315
2021-06-17 10:31:36,3647.0,81315
2021-06-17 10:31:38,3647.0,81315
2021-06-17 10:31:41,3646.8,81409
2021-06-17 10:31:44,3647.5,81418
2021-06-17 10:31:48,3647.0,81420
2021-06-17 10:31:51,3647.5,81428
2021-06-17 10:31:54,3647.5,81431
2021-06-17 10:31:57,3647.0,81441
2021-06-17 10:31:59,3645.6,81545
2021-06-17 10:32:02,3647.45,81547
2021-06-17 10:32:05,3647.45,81547
2021-06-17 10:32:07,3647.45,81547
2021-06-17 10:32:10,3647.45,81547
2021-06-17 10:32:12,3647.45,81577
2021-06-17 10:32:15,3647.4,81579
2021-06-17 10:32:20,3647.5,81595
2021-06-17 10:32:23,3647.5,81602
2021-06-17 10:32:26,3646.2,81657
2021-06-17 10:32:29,3646.2,81657
2021-06-17 10:32:32,3647.95,81660
2021-06-17 10:32:34,3648.0,81665
2021-06-17 10:32:37,3648.0,81670
2021-06-17 10:32:40,3648.3,81826
2021-06-17 10:32:43,3648.3,81834
2021-06-17 10:32:45,3646.25,81854
2021-06-17 10:32:48,3646.35,81934
2021-06-17 10:32:51,3648.0,81935
2021-06-17 10:32:54,3646.4,81947
2021-06-17 10:32:57,3648.0,81948
2021-06-17 10:33:00,3648.0,81948
2021-06-17 10:33:03,3649.1,82320
2021-06-17 10:33:05,3649.9,84316
2021-06-17 10:33:08,3650.0,86288
2021-06-17 10:33:11,3651.85,90074
2021-06-17 10:33:14,3652.9,90141
2021-06-17 10:33:21,3652.5,90408
2021-06-17 10:33:24,3651.95,90462
2021-06-17 10:33:31,3650.95,90643
2021-06-17 10:33:37,3652.8,90674
2021-06-17 10:33:40,3652.85,91000
2021-06-17 10:33:43,3652.5,91025
2021-06-17 10:33:46,3652.0,91027
2021-06-17 10:33:49,3652.0,91027
2021-06-17 10:33:51,3652.35,91034
2021-06-17 10:33:54,3652.5,91140
2021-06-17 10:33:57,3652.45,91171
2021-06-17 10:34:00,3651.1,91176
2021-06-17 10:34:07,3651.1,91426
2021-06-17 10:34:10,3652.6,91470
2021-06-17 10:34:12,3652.0,91484
2021-06-17 10:34:15,3651.0,91554
2021-06-17 10:34:18,3651.1,91591
2021-06-17 10:34:21,3652.05,91691
2021-06-17 10:34:26,3652.0,91727
2021-06-17 10:34:29,3652.0,91727
2021-06-17 10:34:32,3651.0,91760
2021-06-17 10:34:34,3650.75,91810
2021-06-17 10:34:37,3650.7,91822
2021-06-17 10:34:40,3650.7,91833
2021-06-17 10:34:43,3650.7,91971
2021-06-17 10:34:45,3650.7,92002
2021-06-17 10:34:48,3650.7,92002
2021-06-17 10:34:50,3650.7,92002
2021-06-17 10:34:52,3651.0,92003
2021-06-17 10:34:55,3651.0,92003
2021-06-17 10:34:57,3650.7,92082
2021-06-17 10:34:59,3651.0,92083
2021-06-17 10:35:04,3650.0,92143
2021-06-17 10:35:07,3650.0,92176
2021-06-17 10:35:09,3650.0,92176
2021-06-17 10:35:12,3650.0,92178
2021-06-17 10:35:14,3651.0,92187
2021-06-17 10:35:17,3651.0,92187
2021-06-17 10:35:19,3651.0,92198
2021-06-17 10:35:21,3651.0,92199
2021-06-17 10:35:24,3650.95,92206
2021-06-17 10:35:26,3652.0,92456
2021-06-17 10:35:28,3652.85,92511
2021-06-17 10:35:31,3653.35,92539
2021-06-17 10:35:33,3653.35,92540
2021-06-17 10:35:35,3653.6,92542
2021-06-17 10:35:38,3653.55,92574
2021-06-17 10:35:40,3653.9,92713
2021-06-17 10:35:43,3651.0,92832
2021-06-17 10:35:48,3651.25,93177
2021-06-17 10:35:51,3655.0,95531
2021-06-17 10:35:53,3655.0,96402
2021-06-17 10:35:56,3654.95,96570
2021-06-17 10:35:59,3656.0,96756
2021-06-17 10:36:02,3656.0,96772
2021-06-17 10:36:05,3655.0,96869
2021-06-17 10:36:07,3655.25,96870
2021-06-17 10:36:10,3656.0,97088
2021-06-17 10:36:13,3657.35,97194
2021-06-17 10:36:16,3656.25,97245
2021-06-17 10:36:19,3656.25,97255
2021-06-17 10:36:22,3656.8,97269
2021-06-17 10:36:28,3656.55,97426
2021-06-17 10:36:32,3657.15,97759
2021-06-17 10:36:35,3656.95,97801
2021-06-17 10:36:38,3655.55,97821
2021-06-17 10:36:41,3655.5,97848
2021-06-17 10:36:42,3655.5,97903
2021-06-17 10:36:43,3655.0,97926
2021-06-17 10:36:44,3655.5,97927
2021-06-17 10:36:45,3655.0,97929
2021-06-17 10:36:46,3655.0,97949
2021-06-17 10:36:47,3656.45,98071
2021-06-17 10:36:48,3655.0,98072
2021-06-17 10:36:49,3656.4,98073
2021-06-17 10:36:50,3656.4,98104
2021-06-17 10:36:51,3655.0,98106
2021-06-17 10:36:52,3655.0,98107
2021-06-17 10:36:53,3655.0,98107
2021-06-17 10:36:54,3655.0,98107
2021-06-17 10:36:55,3655.0,98107
2021-06-17 10:36:56,3655.0,98107
2021-06-17 10:36:57,3655.0,98126
2021-06-17 10:36:58,3655.0,98136
2021-06-17 10:36:59,3655.0,98174
2021-06-17 10:37:00,3655.0,98175
2021-06-17 10:37:01,3655.0,98180
2021-06-17 10:37:02,3655.0,98182
2021-06-17 10:37:03,3655.0,98182
2021-06-17 10:37:04,3655.0,98183
2021-06-17 10:37:05,3656.0,98212
2021-06-17 10:37:06,3655.0,98214
2021-06-17 10:37:07,3655.0,98225
2021-06-17 10:37:08,3655.95,98229
2021-06-17 10:37:09,3655.95,98242
2021-06-17 10:37:10,3655.0,98520
2021-06-17 10:37:11,3655.0,98520
2021-06-17 10:37:12,3653.3,98526
2021-06-17 10:37:13,3653.65,98638
2021-06-17 10:37:14,3653.65,98638
2021-06-17 10:37:15,3653.9,98648
2021-06-17 10:37:16,3653.95,98653
2021-06-17 10:37:17,3653.95,98654
2021-06-17 10:37:18,3653.95,98654
2021-06-17 10:37:19,3653.95,98654
2021-06-17 10:37:20,3653.95,98665
2021-06-17 10:37:21,3653.95,98665
2021-06-17 10:37:22,3653.7,98711
2021-06-17 10:37:23,3653.85,98715
2021-06-17 10:37:24,3655.0,98726
2021-06-17 10:37:25,3655.0,98726
2021-06-17 10:37:26,3655.25,98727
2021-06-17 10:37:27,3655.25,98727
2021-06-17 10:37:28,3653.85,98728
2021-06-17 10:37:29,3655.25,98729
2021-06-17 10:37:30,3653.85,98731
2021-06-17 10:37:31,3653.85,98731
2021-06-17 10:37:32,3652.4,98738
2021-06-17 10:37:33,3653.0,98741
2021-06-17 10:37:34,3653.0,98760
2021-06-17 10:37:35,3653.0,98777
2021-06-17 10:37:36,3653.85,98887
2021-06-17 10:37:37,3653.85,98887
2021-06-17 10:37:38,3653.85,98887
2021-06-17 10:37:39,3653.85,98887
2021-06-17 10:37:40,3654.0,98988
2021-06-17 10:37:41,3654.95,98993
2021-06-17 10:37:42,3652.85,98998
2021-06-17 10:37:43,3654.95,99006
2021-06-17 10:37:44,3654.95,99006
2021-06-17 10:37:45,3655.0,99056
2021-06-17 10:37:47,3653.55,99107
2021-06-17 10:37:49,3655.0,99157
2021-06-17 10:37:51,3653.7,99187
2021-06-17 10:37:52,3653.7,99187
2021-06-17 10:37:53,3653.75,99188
2021-06-17 10:37:54,3653.75,99188
2021-06-17 10:37:56,3655.6,99221
2021-06-17 10:37:57,3655.6,99221
2021-06-17 10:37:58,3655.6,99221
2021-06-17 10:37:59,3655.6,99224
2021-06-17 10:38:01,3655.75,99233
2021-06-17 10:38:02,3655.75,99233
2021-06-17 10:38:03,3654.15,99234
2021-06-17 10:38:04,3654.15,99234
2021-06-17 10:38:05,3654.15,99234
2021-06-17 10:38:06,3654.15,99234
2021-06-17 10:38:07,3655.75,99261
2021-06-17 10:38:08,3655.75,99261
2021-06-17 10:38:09,3655.75,99261
2021-06-17 10:38:10,3655.95,99262
2021-06-17 10:38:11,3655.6,99274
2021-06-17 10:38:12,3655.6,99274
2021-06-17 10:38:13,3655.6,99283
2021-06-17 10:38:14,3654.6,99293
2021-06-17 10:38:15,3655.0,99295
2021-06-17 10:38:16,3654.6,99296
2021-06-17 10:38:17,3655.0,99301
2021-06-17 10:38:18,3655.0,99328
2021-06-17 10:38:19,3654.6,99370
2021-06-17 10:38:21,3655.0,99371
2021-06-17 10:38:22,3655.0,99371
2021-06-17 10:38:23,3655.0,99375
2021-06-17 10:38:24,3654.6,99415
2021-06-17 10:38:25,3655.0,99416
2021-06-17 10:38:27,3655.0,99416
2021-06-17 10:38:28,3655.0,99427
2021-06-17 10:38:29,3654.6,99429
2021-06-17 10:38:30,3654.6,99429
2021-06-17 10:38:31,3654.6,99429
2021-06-17 10:38:32,3654.6,99429
2021-06-17 10:38:33,3655.0,99434
2021-06-17 10:38:34,3655.0,99444
2021-06-17 10:38:35,3654.6,99464
2021-06-17 10:38:36,3655.0,99503
2021-06-17 10:38:37,3655.0,99503
2021-06-17 10:38:38,3655.0,99514
2021-06-17 10:38:39,3654.6,99516
2021-06-17 10:38:40,3654.6,99516
2021-06-17 10:38:41,3655.0,99517
2021-06-17 10:38:42,3655.0,99567
2021-06-17 10:38:45,3655.0,99597
2021-06-17 10:38:44,3655.0,99590
2021-06-17 10:38:46,3654.6,99623
2021-06-17 10:38:48,3655.0,99627
2021-06-17 10:38:51,3655.0,99634
2021-06-17 10:38:51,3655.0,99648
2021-06-17 10:38:52,3654.6,99680
2021-06-17 10:38:53,3654.6,99680
2021-06-17 10:38:55,3655.0,99687
2021-06-17 10:38:55,3655.0,99687
2021-06-17 10:38:56,3655.0,99687
2021-06-17 10:38:58,3655.0,99687
2021-06-17 10:38:59,3655.0,99693
2021-06-17 10:39:00,3655.0,99693
2021-06-17 10:39:01,3654.6,99699
2021-06-17 10:39:03,3655.0,99714
2021-06-17 10:39:04,3654.6,99719
2021-06-17 10:39:05,3655.0,99722
2021-06-17 10:39:06,3655.0,99722
2021-06-17 10:39:07,3655.0,99725
2021-06-17 10:39:08,3654.6,99726
2021-06-17 10:39:09,3655.0,99740
2021-06-17 10:39:10,3655.0,99740
2021-06-17 10:39:11,3655.0,99740
2021-06-17 10:39:12,3655.75,99742
2021-06-17 10:39:13,3655.75,99751
2021-06-17 10:39:14,3655.75,99751
2021-06-17 10:39:15,3655.95,99862
2021-06-17 10:39:17,3656.0,99903
2021-06-17 10:39:18,3656.0,99904
2021-06-17 10:39:19,3656.0,99904
2021-06-17 10:39:19,3656.0,99904
2021-06-17 10:39:20,3656.0,99904
2021-06-17 10:39:21,3656.45,99917
2021-06-17 10:39:22,3656.45,99917
2021-06-17 10:39:23,3655.05,99919
2021-06-17 10:39:25,3655.05,99919
2021-06-17 10:39:25,3656.0,99920
2021-06-17 10:39:26,3656.0,99921
2021-06-17 10:39:27,3656.0,100026
2021-06-17 10:39:30,3656.0,100026
2021-06-17 10:39:31,3656.0,100030
2021-06-17 10:39:32,3656.0,100041
2021-06-17 10:39:33,3656.0,100041
2021-06-17 10:39:34,3656.0,100041
2021-06-17 10:39:35,3656.85,100076
2021-06-17 10:39:37,3656.85,100076
2021-06-17 10:39:37,3656.85,100076
2021-06-17 10:39:38,3656.85,100097
2021-06-17 10:39:39,3656.85,100098
2021-06-17 10:39:40,3656.85,100105
2021-06-17 10:39:41,3656.85,100108
2021-06-17 10:39:42,3656.85,100108
2021-06-17 10:39:44,3656.75,100181
2021-06-17 10:39:44,3656.75,100181
2021-06-17 10:39:45,3656.95,100183
2021-06-17 10:39:46,3657.25,100233
2021-06-17 10:39:47,3657.4,100333
2021-06-17 10:39:48,3656.0,100348
2021-06-17 10:39:49,3657.35,100363
2021-06-17 10:39:51,3657.35,100468
2021-06-17 10:39:52,3657.6,100546
2021-06-17 10:39:53,3657.6,100546
2021-06-17 10:39:54,3657.6,100880
2021-06-17 10:39:55,3657.6,100880
2021-06-17 10:39:56,3657.6,100880
2021-06-17 10:39:58,3657.6,100928
2021-06-17 10:39:59,3658.8,101228
2021-06-17 10:40:00,3658.65,101266
2021-06-17 10:40:01,3658.65,101266
2021-06-17 10:40:02,3658.65,101292
2021-06-17 10:40:03,3658.85,101293
2021-06-17 10:40:04,3658.95,101806
2021-06-17 10:40:05,3658.95,101811
2021-06-17 10:40:06,3658.05,101850
2021-06-17 10:40:07,3658.0,101851
2021-06-17 10:40:08,3658.5,101852
2021-06-17 10:40:09,3658.5,101918
2021-06-17 10:40:10,3658.5,101918
2021-06-17 10:40:11,3658.5,101931
2021-06-17 10:40:12,3658.0,101936
2021-06-17 10:40:13,3658.5,101946
2021-06-17 10:40:14,3658.0,101948
2021-06-17 10:40:15,3657.8,101949
2021-06-17 10:40:16,3657.8,101951
2021-06-17 10:40:17,3657.0,102013
2021-06-17 10:40:18,3657.0,102013
2021-06-17 10:40:19,3657.0,102013
2021-06-17 10:40:20,3656.6,102929
2021-06-17 10:40:21,3656.6,102929
2021-06-17 10:40:22,3656.95,102931
2021-06-17 10:40:23,3656.0,102932
2021-06-17 10:40:24,3656.0,102940
2021-06-17 10:40:26,3655.25,102960
2021-06-17 10:40:26,3655.25,102960
2021-06-17 10:40:27,3656.4,102986
2021-06-17 10:40:28,3655.1,102990
2021-06-17 10:40:29,3656.45,103033
2021-06-17 10:40:30,3655.5,103338
2021-06-17 10:40:31,3657.2,103364
2021-06-17 10:40:32,3657.2,103364
2021-06-17 10:40:33,3657.2,103374
2021-06-17 10:40:35,3655.45,103384
2021-06-17 10:40:35,3655.45,103384
2021-06-17 10:40:36,3657.4,103394
2021-06-17 10:40:38,3655.5,103398
2021-06-17 10:40:40,3657.3,103409
2021-06-17 10:40:40,3657.3,103409
2021-06-17 10:40:41,3657.3,103409
2021-06-17 10:40:42,3657.3,103409
2021-06-17 10:40:43,3657.0,103452
2021-06-17 10:40:44,3657.0,103452
2021-06-17 10:40:46,3657.0,103452
2021-06-17 10:40:46,3655.4,103497
2021-06-17 10:40:48,3656.95,103504
2021-06-17 10:40:49,3656.95,103504
2021-06-17 10:40:50,3655.5,103509
2021-06-17 10:40:52,3655.5,103509
2021-06-17 10:40:52,3655.5,103561
2021-06-17 10:40:54,3656.95,103611
2021-06-17 10:40:54,3656.95,103611
2021-06-17 10:40:56,3656.9,103624
2021-06-17 10:40:57,3656.9,103624
2021-06-17 10:40:58,3656.5,103632
2021-06-17 10:40:58,3656.5,103632
2021-06-17 10:40:59,3656.75,103633
2021-06-17 10:41:00,3656.75,103634
2021-06-17 10:41:02,3656.75,103634
2021-06-17 10:41:03,3655.1,103647
2021-06-17 10:41:03,3655.1,103647
2021-06-17 10:41:04,3655.1,103647
2021-06-17 10:41:06,3655.75,103651
2021-06-17 10:41:07,3653.0,103910
2021-06-17 10:41:08,3653.5,103919
2021-06-17 10:41:09,3653.5,103960
2021-06-17 10:41:10,3653.5,103961
2021-06-17 10:41:11,3653.5,103961
2021-06-17 10:41:12,3653.5,103963
2021-06-17 10:41:13,3651.05,104140
2021-06-17 10:41:14,3651.05,104140
2021-06-17 10:41:15,3653.45,104158
2021-06-17 10:41:16,3653.45,104158
2021-06-17 10:41:17,3653.45,104158
2021-06-17 10:41:18,3653.0,104161
2021-06-17 10:41:19,3653.0,104161
2021-06-17 10:41:20,3650.9,104288
2021-06-17 10:41:21,3650.9,104288
2021-06-17 10:41:22,3652.85,104321
2021-06-17 10:41:23,3651.5,104379
2021-06-17 10:41:24,3651.5,104380
2021-06-17 10:41:25,3651.5,104380
2021-06-17 10:41:26,3651.5,104380
2021-06-17 10:41:27,3651.5,104441
2021-06-17 10:41:28,3651.5,104441
2021-06-17 10:41:29,3652.0,104457
2021-06-17 10:41:30,3650.7,104491
2021-06-17 10:41:31,3652.8,104541
2021-06-17 10:41:32,3651.05,104545
2021-06-17 10:41:33,3652.8,104551
2021-06-17 10:41:34,3652.85,104552
2021-06-17 10:41:35,3652.85,104562
2021-06-17 10:41:36,3651.0,104635
2021-06-17 10:41:37,3651.0,104635
2021-06-17 10:41:38,3651.0,104635
2021-06-17 10:41:40,3651.05,104639
2021-06-17 10:41:42,3651.05,104639
2021-06-17 10:41:44,3650.9,104677
2021-06-17 10:41:46,3651.95,104678
2021-06-17 10:41:47,3650.3,105214
2021-06-17 10:41:48,3650.3,105214
2021-06-17 10:41:50,3649.95,105215
2021-06-17 10:41:49,3649.95,105215
2021-06-17 10:41:51,3650.8,105216
2021-06-17 10:41:51,3649.95,105232
2021-06-17 10:41:53,3650.3,105235
2021-06-17 10:41:54,3649.95,105237
2021-06-17 10:41:54,3650.5,105239
2021-06-17 10:41:55,3650.5,105240
2021-06-17 10:41:56,3651.65,105242
2021-06-17 10:41:57,3651.65,105242
2021-06-17 10:41:58,3650.5,105352
2021-06-17 10:41:59,3651.95,105433
2021-06-17 10:42:00,3649.95,105458
2021-06-17 10:42:02,3649.95,105458
2021-06-17 10:42:03,3650.5,105465
2021-06-17 10:42:04,3650.5,105468
2021-06-17 10:42:05,3650.5,105468
2021-06-17 10:42:05,3650.5,105468
2021-06-17 10:42:06,3650.5,105468
2021-06-17 10:42:08,3650.5,105468
2021-06-17 10:42:08,3649.8,105607
2021-06-17 10:42:09,3649.8,105607
2021-06-17 10:42:10,3649.8,105607
2021-06-17 10:42:12,3649.85,105722
2021-06-17 10:42:13,3649.85,105741
2021-06-17 10:42:13,3649.85,105741
2021-06-17 10:42:14,3649.85,105776
2021-06-17 10:42:16,3649.85,105776
2021-06-17 10:42:17,3649.85,105776
2021-06-17 10:42:18,3649.85,105779
2021-06-17 10:42:20,3650.15,105795
2021-06-17 10:42:21,3650.15,105795
2021-06-17 10:42:24,3650.15,105795
2021-06-17 10:42:25,3650.15,105795
2021-06-17 10:42:26,3650.2,106815
2021-06-17 10:42:26,3650.2,106815
2021-06-17 10:42:27,3651.95,106816
2021-06-17 10:42:28,3650.4,106827
2021-06-17 10:42:30,3650.35,106870
2021-06-17 10:42:31,3650.4,106882
2021-06-17 10:42:33,3650.4,106882
2021-06-17 10:42:34,3651.95,106884
2021-06-17 10:42:35,3651.95,106885
2021-06-17 10:42:36,3651.95,106885
2021-06-17 10:42:36,3651.95,106885
2021-06-17 10:42:37,3651.95,106886
2021-06-17 10:42:38,3651.95,106886
2021-06-17 10:42:39,3651.95,106886
2021-06-17 10:42:40,3651.95,106886
2021-06-17 10:42:41,3651.95,106886
2021-06-17 10:42:42,3651.95,106895
2021-06-17 10:42:44,3651.95,106895
2021-06-17 10:42:45,3651.95,106895
2021-06-17 10:42:46,3651.95,106895
2021-06-17 10:42:47,3651.95,106895
2021-06-17 10:42:48,3651.95,106895
2021-06-17 10:42:49,3651.95,106895
2021-06-17 10:42:50,3651.95,106895
2021-06-17 10:42:51,3651.95,106895
2021-06-17 10:42:52,3651.0,106896
2021-06-17 10:42:53,3651.0,106896
2021-06-17 10:42:54,3651.0,106896
2021-06-17 10:42:55,3651.0,106948
2021-06-17 10:42:58,3651.0,106948
2021-06-17 10:43:00,3651.0,106948
2021-06-17 10:43:00,3651.0,106948
2021-06-17 10:43:01,3651.0,106948
2021-06-17 10:43:02,3651.0,106961
2021-06-17 10:43:04,3651.0,106961
2021-06-17 10:43:05,3651.95,106966
2021-06-17 10:43:06,3651.95,106966
2021-06-17 10:43:07,3651.0,106976
2021-06-17 10:43:08,3651.0,106976
2021-06-17 10:43:09,3651.0,106983
2021-06-17 10:43:10,3651.0,106983
2021-06-17 10:43:11,3651.0,106983
2021-06-17 10:43:12,3651.0,107013
2021-06-17 10:43:13,3652.0,107024
2021-06-17 10:43:13,3652.0,107029
2021-06-17 10:43:15,3651.0,107079
2021-06-17 10:43:15,3651.0,107079
2021-06-17 10:43:16,3651.0,107080
2021-06-17 10:43:18,3651.0,107080
2021-06-17 10:43:20,3651.0,107080
2021-06-17 10:43:21,3651.0,107100
2021-06-17 10:43:21,3651.0,107103
2021-06-17 10:43:22,3651.0,107103
2021-06-17 10:43:24,3651.0,107203
2021-06-17 10:43:25,3652.0,107256
2021-06-17 10:43:26,3652.0,107256
2021-06-17 10:43:28,3652.0,107256
2021-06-17 10:43:29,3652.0,107261
2021-06-17 10:43:30,3652.0,107261
2021-06-17 10:43:31,3652.0,107261
2021-06-17 10:43:32,3652.0,107261
2021-06-17 10:43:33,3652.0,107281
2021-06-17 10:43:34,3652.0,107281
2021-06-17 10:43:36,3652.0,107281
2021-06-17 10:43:37,3652.0,107281
2021-06-17 10:43:37,3652.0,107281
2021-06-17 10:43:38,3651.0,107295
2021-06-17 10:43:40,3651.0,107295
2021-06-17 10:43:42,3651.0,107295
2021-06-17 10:43:43,3652.0,107303
2021-06-17 10:43:45,3650.4,107466
2021-06-17 10:43:46,3650.4,107466
2021-06-17 10:43:47,3650.4,107466
2021-06-17 10:43:49,3651.9,107477
2021-06-17 10:43:51,3651.9,107493
2021-06-17 10:43:52,3651.9,107493
2021-06-17 10:43:53,3651.0,107496
2021-06-17 10:43:54,3651.0,107496
2021-06-17 10:43:55,3651.0,107498
2021-06-17 10:43:56,3651.0,107500
2021-06-17 10:43:57,3651.0,107500
2021-06-17 10:43:57,3651.0,107510
2021-06-17 10:43:59,3651.0,107517
2021-06-17 10:44:00,3651.0,107517
2021-06-17 10:44:02,3651.0,107517
2021-06-17 10:44:03,3651.0,107517
2021-06-17 10:44:04,3651.0,107518
2021-06-17 10:44:05,3651.8,107520
2021-06-17 10:44:06,3651.8,107520
2021-06-17 10:44:06,3651.8,107520
2021-06-17 10:44:07,3651.9,107545
2021-06-17 10:44:08,3651.0,107550
2021-06-17 10:44:09,3651.0,107550
2021-06-17 10:44:10,3651.0,107550
2021-06-17 10:44:12,3651.95,107551
2021-06-17 10:44:13,3651.95,107560
2021-06-17 10:44:14,3652.0,107570
2021-06-17 10:44:16,3651.0,107590
2021-06-17 10:44:18,3651.0,107590
2021-06-17 10:44:19,3650.0,107594
2021-06-17 10:44:20,3650.0,107594
2021-06-17 10:44:20,3651.0,107622
2021-06-17 10:44:21,3650.0,107643
2021-06-17 10:44:22,3650.0,107643
2021-06-17 10:44:24,3651.0,107697
2021-06-17 10:44:24,3651.0,107697
2021-06-17 10:44:25,3650.0,107707
2021-06-17 10:44:26,3650.0,107707
2021-06-17 10:44:27,3651.0,107762
2021-06-17 10:44:29,3651.0,107765
2021-06-17 10:44:30,3650.0,107825
2021-06-17 10:44:32,3650.0,107825
2021-06-17 10:44:32,3650.0,107825
2021-06-17 10:44:33,3650.0,107825
2021-06-17 10:44:35,3650.0,107825
2021-06-17 10:44:36,3650.95,107829
2021-06-17 10:44:36,3650.95,107829
2021-06-17 10:44:37,3650.95,107829
2021-06-17 10:44:39,3650.0,107836
2021-06-17 10:44:39,3650.0,107836
2021-06-17 10:44:40,3650.0,107836
2021-06-17 10:44:42,3650.0,107836
2021-06-17 10:44:43,3650.0,107850
2021-06-17 10:44:44,3650.0,107850
2021-06-17 10:44:47,3649.0,107900
2021-06-17 10:44:47,3650.8,107901
2021-06-17 10:44:48,3650.9,107902
2021-06-17 10:44:50,3649.0,108102
2021-06-17 10:44:51,3649.0,108102
2021-06-17 10:44:52,3649.0,108102
2021-06-17 10:44:54,3649.0,108112
2021-06-17 10:44:54,3649.0,108112
2021-06-17 10:44:55,3649.0,108624
2021-06-17 10:44:56,3649.0,108624
2021-06-17 10:44:57,3650.6,108625
2021-06-17 10:44:58,3649.0,108630
2021-06-17 10:45:01,3650.15,108660
2021-06-17 10:45:01,3650.15,108660
2021-06-17 10:45:02,3649.05,108890
2021-06-17 10:45:04,3649.0,109004
2021-06-17 10:45:05,3649.0,109004
2021-06-17 10:45:06,3649.0,109014
2021-06-17 10:45:07,3649.0,109014
2021-06-17 10:45:08,3650.9,109017
2021-06-17 10:45:10,3650.9,109017
2021-06-17 10:45:11,3650.9,109017
2021-06-17 10:45:12,3650.9,109017
2021-06-17 10:45:13,3650.95,109026
2021-06-17 10:45:14,3650.95,109026
2021-06-17 10:45:15,3650.95,109026
2021-06-17 10:45:16,3650.95,109026
2021-06-17 10:45:17,3650.95,109026
2021-06-17 10:45:18,3650.95,109026
2021-06-17 10:45:19,3650.95,109026
2021-06-17 10:45:21,3650.95,109026
2021-06-17 10:45:22,3650.95,109026
2021-06-17 10:45:23,3650.95,109026
2021-06-17 10:45:24,3650.95,109026
2021-06-17 10:45:24,3650.0,109034
2021-06-17 10:45:26,3650.55,109085
2021-06-17 10:45:28,3649.0,109089
2021-06-17 10:45:29,3649.0,109121
2021-06-17 10:45:30,3649.0,109121
2021-06-17 10:45:32,3649.0,109121
2021-06-17 10:45:33,3649.0,109121
2021-06-17 10:45:34,3649.0,109121
2021-06-17 10:45:35,3649.0,109136
2021-06-17 10:45:36,3649.0,109136
2021-06-17 10:45:36,3649.95,109137
2021-06-17 10:45:37,3649.95,109137
2021-06-17 10:45:39,3649.95,109137
2021-06-17 10:45:40,3649.95,109137
2021-06-17 10:45:41,3649.95,109137
2021-06-17 10:45:42,3650.5,109249
2021-06-17 10:45:43,3649.0,109423
2021-06-17 10:45:44,3650.5,109425
2021-06-17 10:45:45,3651.85,109525
2021-06-17 10:45:46,3649.45,109535
2021-06-17 10:45:48,3649.45,109535
2021-06-17 10:45:49,3649.45,109535
2021-06-17 10:45:50,3649.65,109540
2021-06-17 10:45:51,3649.35,109541
2021-06-17 10:45:52,3649.65,109542
2021-06-17 10:45:53,3649.65,109542
2021-06-17 10:45:54,3649.65,109542
2021-06-17 10:45:55,3649.6,109545
2021-06-17 10:45:56,3649.6,109545
2021-06-17 10:45:58,3649.6,109551
2021-06-17 10:46:00,3649.6,109551
2021-06-17 10:45:59,3649.6,109551
2021-06-17 10:46:01,3649.6,109551
2021-06-17 10:46:02,3649.6,109551
2021-06-17 10:46:02,3649.65,109553
2021-06-17 10:46:04,3649.5,109559
2021-06-17 10:46:05,3649.65,109572
2021-06-17 10:46:06,3649.65,109573
2021-06-17 10:46:07,3649.0,109587
2021-06-17 10:46:08,3649.0,109587
2021-06-17 10:46:09,3649.0,109587
2021-06-17 10:46:10,3649.35,109589
2021-06-17 10:46:11,3649.35,109589
2021-06-17 10:46:12,3649.35,109589
2021-06-17 10:46:12,3649.85,109606
2021-06-17 10:46:13,3649.0,109616
2021-06-17 10:46:15,3649.0,109616
2021-06-17 10:46:16,3649.0,109616
2021-06-17 10:46:17,3649.0,109616
2021-06-17 10:46:18,3649.0,109616
2021-06-17 10:46:18,3649.0,109616
2021-06-17 10:46:20,3649.0,109617
2021-06-17 10:46:21,3649.0,109621
2021-06-17 10:46:23,3649.0,109621
2021-06-17 10:46:24,3649.0,109621
2021-06-17 10:46:25,3649.0,109625
2021-06-17 10:46:25,3648.05,110418
2021-06-17 10:46:26,3648.45,110420
2021-06-17 10:46:27,3646.2,110492
2021-06-17 10:46:29,3646.2,110492
2021-06-17 10:46:29,3646.2,110492
2021-06-17 10:46:30,3646.2,110492
2021-06-17 10:46:31,3646.95,110494
2021-06-17 10:46:33,3646.95,110494
2021-06-17 10:46:34,3646.6,110495
2021-06-17 10:46:35,3646.0,110525
2021-06-17 10:46:36,3645.5,110560
2021-06-17 10:46:37,3645.5,110560
2021-06-17 10:46:38,3645.2,110590
2021-06-17 10:46:39,3645.2,110590
2021-06-17 10:46:39,3645.2,110590
2021-06-17 10:46:40,3645.2,110590
2021-06-17 10:46:42,3645.3,110614
2021-06-17 10:46:44,3646.95,110627
2021-06-17 10:46:47,3646.95,110627
2021-06-17 10:46:50,3646.95,110627
2021-06-17 10:46:53,3646.95,110631
2021-06-17 10:46:55,3646.95,110631
2021-06-17 10:46:58,3646.95,110631
2021-06-17 10:47:01,3646.9,110728
2021-06-17 10:47:04,3646.9,110760
2021-06-17 10:47:06,3646.9,110760
2021-06-17 10:47:09,3646.9,110760
2021-06-17 10:47:12,3646.0,110811
2021-06-17 10:47:14,3646.75,110821
2021-06-17 10:47:17,3646.75,110821
2021-06-17 10:47:19,3646.75,110821
2021-06-17 10:47:22,3646.75,110821
2021-06-17 10:47:24,3646.75,110822
2021-06-17 10:47:30,3646.45,110830
2021-06-17 10:47:33,3646.75,110834
2021-06-17 10:47:35,3646.75,110834
2021-06-17 10:47:37,3646.65,110879
2021-06-17 10:47:40,3645.2,111084
2021-06-17 10:47:43,3646.4,111093
2021-06-17 10:47:46,3646.4,111093
2021-06-17 10:47:48,3646.05,111095
2021-06-17 10:47:51,3646.0,111162
2021-06-17 10:47:54,3645.2,111166
2021-06-17 10:47:57,3645.2,111167
2021-06-17 10:47:59,3645.2,111181
2021-06-17 10:48:02,3646.05,111281
2021-06-17 10:48:05,3646.05,111292
2021-06-17 10:48:08,3646.05,111292
2021-06-17 10:48:10,3646.0,111302
2021-06-17 10:48:12,3646.0,111361
2021-06-17 10:48:15,3646.0,111361
2021-06-17 10:48:17,3645.95,111579
2021-06-17 10:48:20,3645.95,111600
2021-06-17 10:48:22,3645.25,111604
2021-06-17 10:48:28,3645.2,111608
2021-06-17 10:48:31,3645.9,111647
2021-06-17 10:48:34,3645.2,111664
2021-06-17 10:48:37,3645.2,111681
2021-06-17 10:48:40,3645.95,111708
2021-06-17 10:48:43,3645.95,111719
2021-06-17 10:48:46,3645.95,111720
2021-06-17 10:48:49,3646.0,111753
2021-06-17 10:48:52,3646.0,111881
2021-06-17 10:48:55,3646.0,111906
2021-06-17 10:48:58,3646.4,111908
2021-06-17 10:49:01,3646.4,111908
2021-06-17 10:49:03,3646.4,111920
2021-06-17 10:49:06,3646.45,111989
2021-06-17 10:49:09,3647.0,112017
2021-06-17 10:49:12,3646.6,112283
2021-06-17 10:49:17,3645.1,112299
2021-06-17 10:49:19,3645.1,112299
2021-06-17 10:49:22,3646.8,112301
2021-06-17 10:49:24,3646.75,112302
2021-06-17 10:49:27,3646.8,112327
2021-06-17 10:49:30,3647.1,112393
2021-06-17 10:49:32,3647.15,112396
2021-06-17 10:49:35,3647.15,112396
2021-06-17 10:49:37,3647.15,112396
2021-06-17 10:49:40,3647.7,112397
2021-06-17 10:49:42,3647.7,112397
2021-06-17 10:49:45,3648.15,112405
2021-06-17 10:49:47,3647.55,112418
2021-06-17 10:49:49,3648.25,112434
2021-06-17 10:49:54,3648.0,112735
2021-06-17 10:49:57,3648.0,112735
2021-06-17 10:49:59,3647.95,112801
2021-06-17 10:50:02,3648.0,112804
2021-06-17 10:50:04,3648.95,112904
2021-06-17 10:50:06,3649.1,113049
2021-06-17 10:50:09,3648.85,113057
2021-06-17 10:50:15,3649.25,113304
2021-06-17 10:50:17,3648.95,113305
2021-06-17 10:50:20,3648.95,113307
2021-06-17 10:50:23,3648.95,113308
2021-06-17 10:50:26,3648.65,113310
2021-06-17 10:50:28,3647.0,113360
2021-06-17 10:50:31,3648.55,113361
2021-06-17 10:50:34,3648.55,113372
2021-06-17 10:50:37,3647.4,113377
2021-06-17 10:50:39,3648.65,113378
2021-06-17 10:50:42,3648.5,113380
2021-06-17 10:50:45,3648.9,113412
2021-06-17 10:50:48,3647.4,113413
2021-06-17 10:50:51,3648.2,113419
2021-06-17 10:50:54,3648.0,113423
2021-06-17 10:50:56,3648.0,113424
2021-06-17 10:50:59,3647.45,113457
2021-06-17 10:51:02,3648.0,113572
2021-06-17 10:51:05,3648.0,113597
2021-06-17 10:51:07,3649.35,113603
2021-06-17 10:51:10,3649.6,113604
2021-06-17 10:51:14,3649.6,113614
2021-06-17 10:51:17,3649.6,113614
2021-06-17 10:51:19,3649.2,113622
2021-06-17 10:51:22,3649.2,113622
2021-06-17 10:51:25,3648.75,113660
2021-06-17 10:51:28,3649.25,113680
2021-06-17 10:51:31,3649.2,113706
2021-06-17 10:51:34,3649.2,113706
2021-06-17 10:51:36,3648.65,113738
2021-06-17 10:51:39,3649.55,113765
2021-06-17 10:51:45,3648.0,113785
2021-06-17 10:51:51,3648.8,113819
2021-06-17 10:51:54,3649.0,113821
2021-06-17 10:51:56,3649.0,113827
2021-06-17 10:51:59,3648.5,113852
2021-06-17 10:52:02,3649.0,113854
2021-06-17 10:52:05,3649.0,113855
2021-06-17 10:52:07,3649.0,113870
2021-06-17 10:52:10,3649.0,113871
2021-06-17 10:52:15,3648.0,113898
2021-06-17 10:52:17,3649.0,113901
2021-06-17 10:52:20,3648.0,113908
2021-06-17 10:52:23,3649.0,113909
2021-06-17 10:52:25,3649.0,113909
2021-06-17 10:52:28,3647.55,113925
2021-06-17 10:52:30,3648.3,113932
2021-06-17 10:52:32,3648.95,113933
2021-06-17 10:52:35,3649.0,113966
2021-06-17 10:52:38,3650.15,114564
2021-06-17 10:52:40,3651.95,114575
2021-06-17 10:52:43,3652.0,114608
2021-06-17 10:52:46,3652.5,114625
2021-06-17 10:52:49,3652.5,114636
2021-06-17 10:52:55,3652.5,114661
2021-06-17 10:52:57,3652.5,114663
2021-06-17 10:53:00,3652.0,114693
2021-06-17 10:53:03,3652.5,114698
2021-06-17 10:53:05,3652.7,114709
2021-06-17 10:53:08,3652.7,114710
2021-06-17 10:53:10,3652.7,114712
2021-06-17 10:53:12,3652.7,114718
2021-06-17 10:53:15,3652.7,114728
2021-06-17 10:53:17,3652.7,114749
2021-06-17 10:53:22,3652.85,114757
2021-06-17 10:53:25,3653.0,114768
2021-06-17 10:53:27,3653.0,114770
2021-06-17 10:53:29,3653.0,114770
2021-06-17 10:53:31,3652.05,114772
2021-06-17 10:53:34,3653.0,114782
2021-06-17 10:53:36,3652.7,114793
2021-06-17 10:53:38,3652.7,114802
2021-06-17 10:53:41,3652.05,114813
2021-06-17 10:53:43,3653.2,114852
2021-06-17 10:53:46,3653.2,114857
2021-06-17 10:53:49,3653.2,114859
2021-06-17 10:53:51,3653.3,114864
2021-06-17 10:53:54,3653.95,114940
2021-06-17 10:53:57,3653.95,114940
2021-06-17 10:53:59,3653.95,114940
2021-06-17 10:54:01,3653.95,114940
2021-06-17 10:54:03,3653.9,114942
2021-06-17 10:54:06,3654.0,114987
2021-06-17 10:54:12,3653.0,115131
2021-06-17 10:54:15,3654.0,115170
2021-06-17 10:54:17,3654.0,115174
2021-06-17 10:54:20,3654.0,115186
2021-06-17 10:54:22,3653.9,115187
2021-06-17 10:54:26,3653.95,115346
2021-06-17 10:54:29,3653.95,115362
2021-06-17 10:54:31,3654.0,115364
2021-06-17 10:54:34,3654.0,115364
2021-06-17 10:54:36,3652.5,115376
2021-06-17 10:54:38,3653.9,115378
2021-06-17 10:54:41,3651.0,115529
2021-06-17 10:54:44,3653.25,115552
2021-06-17 10:54:46,3651.55,115584
2021-06-17 10:54:49,3653.05,115692
2021-06-17 10:54:52,3653.9,115715
2021-06-17 10:54:55,3653.95,115728
2021-06-17 10:54:58,3651.65,115810
2021-06-17 10:55:02,3653.9,115845
2021-06-17 10:55:05,3653.9,115849
2021-06-17 10:55:08,3651.55,116061
2021-06-17 10:55:10,3652.95,116062
2021-06-17 10:55:13,3653.0,116072
2021-06-17 10:55:15,3653.9,116075
2021-06-17 10:55:18,3653.0,116099
2021-06-17 10:55:21,3651.6,116187
2021-06-17 10:55:24,3652.05,116203
2021-06-17 10:55:27,3652.05,116224
2021-06-17 10:55:30,3653.8,116237
2021-06-17 10:55:33,3651.45,116248
2021-06-17 10:55:35,3653.0,116251
2021-06-17 10:55:37,3653.0,116251
2021-06-17 10:55:40,3653.0,116251
2021-06-17 10:55:42,3653.0,116259
2021-06-17 10:55:45,3653.0,116261
2021-06-17 10:55:48,3653.0,116264
2021-06-17 10:55:50,3653.0,116264
2021-06-17 10:55:52,3653.0,116341
2021-06-17 10:55:54,3653.2,116348
2021-06-17 10:55:57,3651.95,116395
2021-06-17 10:55:59,3653.45,116398
2021-06-17 10:56:02,3653.45,116403
2021-06-17 10:56:04,3653.45,116415
2021-06-17 10:56:07,3653.9,116426
2021-06-17 10:56:10,3653.9,116432
2021-06-17 10:56:12,3653.9,116434
2021-06-17 10:56:15,3653.9,116443
2021-06-17 10:56:18,3654.0,116481
2021-06-17 10:56:20,3653.45,116564
2021-06-17 10:56:23,3652.25,116577
2021-06-17 10:56:26,3653.45,116579
2021-06-17 10:56:28,3653.45,116580
2021-06-17 10:56:31,3651.5,116605
2021-06-17 10:56:33,3651.5,116623
2021-06-17 10:56:35,3653.35,116625
