timestamp,ltp,volume
2021-06-17 09:20:32,2723.6,14983
2021-06-17 09:20:37,2724.3,14997
2021-06-17 09:20:40,2723.35,15014
2021-06-17 09:20:45,2724.1,15019
2021-06-17 09:20:48,2723.05,15147
2021-06-17 09:20:52,2723.0,15166
2021-06-17 09:20:56,2723.0,15300
2021-06-17 09:21:00,2722.9,15333
2021-06-17 09:21:03,2722.8,15927
2021-06-17 09:21:07,2722.95,16049
2021-06-17 09:21:11,2725.0,16147
2021-06-17 09:21:15,2724.75,16198
2021-06-17 09:21:19,2724.8,16199
2021-06-17 09:21:22,2724.95,16231
2021-06-17 09:21:27,2724.8,16235
2021-06-17 09:21:30,2724.8,16260
2021-06-17 09:21:34,2724.8,16260
2021-06-17 09:21:38,2724.8,16512
2021-06-17 09:21:42,2725.0,16525
2021-06-17 09:21:43,2725.0,16525
2021-06-17 09:21:45,2725.6,16526
2021-06-17 09:21:46,2725.6,16526
2021-06-17 09:21:47,2726.8,16529
2021-06-17 09:21:48,2726.8,16529
2021-06-17 09:21:49,2726.8,16529
2021-06-17 09:21:50,2725.2,16539
2021-06-17 09:21:51,2725.2,16543
2021-06-17 09:21:52,2725.2,16543
2021-06-17 09:21:53,2726.6,16554
2021-06-17 09:21:54,2726.6,16554
2021-06-17 09:21:56,2726.6,16554
2021-06-17 09:21:57,2726.6,16554
2021-06-17 09:21:59,2726.6,16554
2021-06-17 09:22:00,2725.8,16622
2021-06-17 09:22:01,2725.4,16639
2021-06-17 09:22:02,2725.4,16639
2021-06-17 09:22:03,2725.6,16642
2021-06-17 09:22:04,2725.55,16651
2021-06-17 09:22:05,2725.55,16651
2021-06-17 09:22:06,2726.9,16666
2021-06-17 09:22:07,2725.6,16668
2021-06-17 09:22:08,2726.9,16678
2021-06-17 09:22:09,2726.9,16678
2021-06-17 09:22:10,2726.9,16678
2021-06-17 09:22:11,2726.9,16678
2021-06-17 09:22:12,2726.9,16678
2021-06-17 09:22:14,2725.55,16681
2021-06-17 09:22:15,2726.7,16682
2021-06-17 09:22:16,2726.7,16682
2021-06-17 09:22:17,2726.95,16717
2021-06-17 09:22:18,2727.0,16718
2021-06-17 09:22:19,2727.0,16718
2021-06-17 09:22:20,2727.0,16718
2021-06-17 09:22:21,2727.0,16718
2021-06-17 09:22:24,2727.0,16726
2021-06-17 09:22:25,2727.0,16726
2021-06-17 09:22:26,2727.0,16726
2021-06-17 09:22:27,2725.75,16840
2021-06-17 09:22:28,2725.75,16840
2021-06-17 09:22:29,2725.75,16840
2021-06-17 09:22:30,2727.0,16846
2021-06-17 09:22:31,2727.0,17396
2021-06-17 09:22:32,2727.0,17396
2021-06-17 09:22:33,2727.0,17396
2021-06-17 09:22:34,2727.0,17396
2021-06-17 09:22:35,2727.0,17396
2021-06-17 09:22:36,2727.95,17402
2021-06-17 09:22:37,2726.6,17422
2021-06-17 09:22:38,2728.85,17440
2021-06-17 09:22:39,2728.85,17440
2021-06-17 09:22:40,2726.75,17450
2021-06-17 09:22:41,2727.2,17454
2021-06-17 09:22:42,2727.2,17454
2021-06-17 09:22:43,2727.2,17454
2021-06-17 09:22:44,2727.2,17454
2021-06-17 09:22:45,2727.2,17454
2021-06-17 09:22:46,2727.2,17454
2021-06-17 09:22:47,2727.5,17457
2021-06-17 09:22:49,2727.5,17457
2021-06-17 09:22:51,2728.7,17464
2021-06-17 09:22:52,2727.8,17729
2021-06-17 09:22:53,2727.8,17729
2021-06-17 09:22:54,2727.8,17729
2021-06-17 09:22:56,2728.85,17731
2021-06-17 09:22:57,2728.85,17731
2021-06-17 09:22:58,2728.85,17731
2021-06-17 09:22:59,2728.85,17731
2021-06-17 09:23:00,2728.8,18636
2021-06-17 09:23:01,2729.95,18647
2021-06-17 09:23:02,2730.0,18715
2021-06-17 09:23:03,2730.0,18715
2021-06-17 09:23:04,2730.0,18716
2021-06-17 09:23:05,2729.95,18989
2021-06-17 09:23:06,2730.0,18993
2021-06-17 09:23:07,2730.0,18993
2021-06-17 09:23:08,2730.0,18993
2021-06-17 09:23:09,2730.0,18993
2021-06-17 09:23:10,2730.0,18993
2021-06-17 09:23:11,2729.95,19232
2021-06-17 09:23:12,2732.0,19471
2021-06-17 09:23:13,2732.0,19471
2021-06-17 09:23:14,2732.0,19471
2021-06-17 09:23:15,2732.0,19471
2021-06-17 09:23:16,2732.0,19471
2021-06-17 09:23:18,2730.55,19472
2021-06-17 09:23:19,2730.4,19489
2021-06-17 09:23:20,2730.4,19489
2021-06-17 09:23:21,2730.4,19489
2021-06-17 09:23:22,2730.4,19489
2021-06-17 09:23:23,2731.75,19499
2021-06-17 09:23:24,2730.4,19599
2021-06-17 09:23:25,2730.35,19614
2021-06-17 09:23:26,2730.3,19619
2021-06-17 09:23:27,2730.3,19619
2021-06-17 09:23:29,2730.3,19619
2021-06-17 09:23:30,2730.3,19619
2021-06-17 09:23:31,2730.3,19619
2021-06-17 09:23:32,2730.3,19619
2021-06-17 09:23:33,2730.4,19623
2021-06-17 09:23:34,2730.4,19623
2021-06-17 09:23:35,2730.45,19633
2021-06-17 09:23:36,2730.45,19633
2021-06-17 09:23:37,2730.45,19633
2021-06-17 09:23:38,2731.85,19758
2021-06-17 09:23:39,2731.85,19758
2021-06-17 09:23:40,2731.85,19758
2021-06-17 09:23:41,2731.85,19758
2021-06-17 09:23:42,2731.85,19758
2021-06-17 09:23:43,2731.85,19758
2021-06-17 09:23:44,2731.85,19758
2021-06-17 09:23:45,2731.85,19759
2021-06-17 09:23:46,2731.85,19769
2021-06-17 09:23:47,2730.4,19786
2021-06-17 09:23:48,2730.4,19786
2021-06-17 09:23:49,2733.9,20325
2021-06-17 09:23:50,2733.9,22875
2021-06-17 09:23:51,2735.0,23787
2021-06-17 09:23:52,2735.0,23863
2021-06-17 09:23:53,2735.0,23863
2021-06-17 09:23:54,2735.0,23863
2021-06-17 09:23:55,2735.5,23903
2021-06-17 09:23:56,2735.0,24004
2021-06-17 09:23:57,2735.0,24059
2021-06-17 09:23:58,2735.0,24064
2021-06-17 09:23:59,2735.0,24179
2021-06-17 09:24:01,2735.0,24199
2021-06-17 09:24:02,2735.95,24202
2021-06-17 09:24:03,2735.95,24226
2021-06-17 09:24:05,2735.0,24332
2021-06-17 09:24:06,2735.0,24332
2021-06-17 09:24:07,2735.0,24332
2021-06-17 09:24:08,2735.0,24332
2021-06-17 09:24:09,2735.0,24335
2021-06-17 09:24:10,2735.0,24335
2021-06-17 09:24:11,2736.0,24365
2021-06-17 09:24:12,2736.4,24415
2021-06-17 09:24:13,2736.4,24415
2021-06-17 09:24:14,2736.4,24415
2021-06-17 09:24:15,2736.65,24515
2021-06-17 09:24:16,2735.05,24519
2021-06-17 09:24:17,2735.0,24584
2021-06-17 09:24:18,2735.0,24584
2021-06-17 09:24:19,2735.0,24584
2021-06-17 09:24:20,2736.4,24591
2021-06-17 09:24:21,2735.25,24665
2021-06-17 09:24:22,2735.95,24690
2021-06-17 09:24:23,2735.95,24690
2021-06-17 09:24:24,2736.0,24695
2021-06-17 09:24:25,2736.0,24695
2021-06-17 09:24:26,2736.1,24700
2021-06-17 09:24:27,2736.1,24700
2021-06-17 09:24:28,2736.6,24705
2021-06-17 09:24:29,2736.6,24705
2021-06-17 09:24:30,2736.55,24715
2021-06-17 09:24:31,2736.55,24715
2021-06-17 09:24:32,2737.8,24883
2021-06-17 09:24:33,2737.0,24957
2021-06-17 09:24:34,2737.0,24957
2021-06-17 09:24:35,2736.6,24964
2021-06-17 09:24:36,2736.6,24964
2021-06-17 09:24:37,2738.0,24984
2021-06-17 09:24:38,2738.0,24984
2021-06-17 09:24:39,2738.0,24984
2021-06-17 09:24:40,2738.0,25004
2021-06-17 09:24:41,2738.0,25006
2021-06-17 09:24:42,2738.0,25006
2021-06-17 09:24:43,2738.0,25006
2021-06-17 09:24:44,2738.0,25006
2021-06-17 09:24:45,2738.0,25006
2021-06-17 09:24:46,2738.0,25006
2021-06-17 09:24:47,2736.6,25009
2021-06-17 09:24:48,2737.35,25034
2021-06-17 09:24:49,2737.35,25034
2021-06-17 09:24:50,2736.6,25039
2021-06-17 09:24:51,2736.6,25039
2021-06-17 09:24:52,2736.2,25196
2021-06-17 09:24:53,2736.0,25209
2021-06-17 09:24:54,2737.35,25240
2021-06-17 09:24:55,2737.35,25240
2021-06-17 09:24:56,2735.7,25250
2021-06-17 09:24:57,2735.7,25287
2021-06-17 09:24:59,2735.7,25292
2021-06-17 09:25:00,2735.7,25292
2021-06-17 09:25:01,2737.1,25332
2021-06-17 09:25:02,2735.75,25336
2021-06-17 09:25:03,2735.7,25352
2021-06-17 09:25:04,2735.65,25370
2021-06-17 09:25:05,2735.0,25393
2021-06-17 09:25:06,2735.0,25396
2021-06-17 09:25:07,2735.0,25396
2021-06-17 09:25:08,2735.0,25396
2021-06-17 09:25:09,2735.0,25396
2021-06-17 09:25:11,2735.0,26082
2021-06-17 09:25:12,2735.0,26082
2021-06-17 09:25:13,2735.0,26110
2021-06-17 09:25:14,2735.0,26115
2021-06-17 09:25:15,2735.75,26116
2021-06-17 09:25:16,2735.0,26126
2021-06-17 09:25:17,2735.0,26126
2021-06-17 09:25:18,2735.0,26555
2021-06-17 09:25:19,2735.0,26555
2021-06-17 09:25:20,2735.0,26560
2021-06-17 09:25:21,2735.0,26560
2021-06-17 09:25:22,2736.0,26570
2021-06-17 09:25:23,2735.0,26590
2021-06-17 09:25:24,2735.0,26590
2021-06-17 09:25:25,2735.0,26590
2021-06-17 09:25:26,2735.0,26590
2021-06-17 09:25:27,2735.0,26590
2021-06-17 09:25:28,2735.0,26595
2021-06-17 09:25:29,2735.1,26625
2021-06-17 09:25:30,2735.1,26650
2021-06-17 09:25:31,2735.0,27082
2021-06-17 09:25:32,2735.0,27108
2021-06-17 09:25:33,2735.0,27108
2021-06-17 09:25:34,2735.0,27108
2021-06-17 09:25:35,2735.0,27108
2021-06-17 09:25:36,2735.0,27108
2021-06-17 09:25:37,2735.0,27125
2021-06-17 09:25:38,2735.0,27125
2021-06-17 09:25:39,2736.0,27130
2021-06-17 09:25:40,2736.0,27130
2021-06-17 09:25:43,2736.0,27130
2021-06-17 09:25:44,2736.0,27130
2021-06-17 09:25:47,2735.0,27140
2021-06-17 09:25:49,2736.2,27501
2021-06-17 09:25:50,2736.2,27501
2021-06-17 09:25:50,2736.05,27511
2021-06-17 09:25:51,2735.0,27513
2021-06-17 09:25:52,2736.0,27553
2021-06-17 09:25:53,2736.25,27555
2021-06-17 09:25:54,2736.25,27555
2021-06-17 09:25:55,2736.0,27556
2021-06-17 09:25:56,2734.75,28349
2021-06-17 09:25:57,2735.0,28352
2021-06-17 09:25:58,2735.0,28352
2021-06-17 09:25:59,2735.0,28352
2021-06-17 09:26:00,2735.0,28386
2021-06-17 09:26:01,2735.0,28386
2021-06-17 09:26:02,2735.0,28386
2021-06-17 09:26:03,2735.0,28386
2021-06-17 09:26:04,2735.0,28393
2021-06-17 09:26:05,2735.05,28396
2021-06-17 09:26:06,2735.05,28396
2021-06-17 09:26:08,2735.05,28398
2021-06-17 09:26:08,2735.05,28398
2021-06-17 09:26:09,2737.35,29349
2021-06-17 09:26:11,2737.15,32388
2021-06-17 09:26:12,2739.05,32672
2021-06-17 09:26:13,2739.95,32794
2021-06-17 09:26:14,2740.55,33287
2021-06-17 09:26:15,2741.35,34059
2021-06-17 09:26:17,2740.05,34088
2021-06-17 09:26:18,2740.0,34438
2021-06-17 09:26:19,2741.95,34439
2021-06-17 09:26:20,2740.0,34794
2021-06-17 09:26:21,2740.0,35537
2021-06-17 09:26:22,2740.0,35887
2021-06-17 09:26:23,2740.1,36239
2021-06-17 09:26:24,2741.35,36590
2021-06-17 09:26:25,2741.35,36662
2021-06-17 09:26:26,2740.3,36664
2021-06-17 09:26:27,2741.75,36859
2021-06-17 09:26:28,2741.75,36859
2021-06-17 09:26:29,2741.85,36861
2021-06-17 09:26:30,2741.85,36861
2021-06-17 09:26:32,2741.85,36977
2021-06-17 09:26:33,2740.35,36979
2021-06-17 09:26:34,2740.35,37011
2021-06-17 09:26:34,2740.35,37011
2021-06-17 09:26:36,2741.5,37500
2021-06-17 09:26:37,2741.55,37528
2021-06-17 09:26:38,2741.55,37528
2021-06-17 09:26:39,2743.7,37738
2021-06-17 09:26:40,2744.45,38821
2021-06-17 09:26:41,2745.0,39588
2021-06-17 09:26:42,2745.05,39594
2021-06-17 09:26:43,2745.05,39624
2021-06-17 09:26:44,2745.9,40128
2021-06-17 09:26:44,2745.0,40126
2021-06-17 09:26:46,2745.0,41185
2021-06-17 09:26:46,2746.4,41311
2021-06-17 09:26:47,2746.4,42108
2021-06-17 09:26:48,2746.45,42579
2021-06-17 09:26:49,2747.35,42754
2021-06-17 09:26:50,2747.35,42754
2021-06-17 09:26:52,2748.85,42790
2021-06-17 09:26:54,2748.85,42822
2021-06-17 09:26:55,2747.6,42824
2021-06-17 09:26:57,2751.0,44769
2021-06-17 09:26:58,2750.0,44821
2021-06-17 09:26:59,2751.0,44827
2021-06-17 09:27:00,2751.6,44928
2021-06-17 09:27:01,2750.0,44929
2021-06-17 09:27:02,2750.0,44929
2021-06-17 09:27:03,2751.6,44930
2021-06-17 09:27:04,2751.6,45430
2021-06-17 09:27:05,2752.0,45476
2021-06-17 09:27:06,2753.35,45632
2021-06-17 09:27:07,2754.2,45682
2021-06-17 09:27:08,2754.35,45840
2021-06-17 09:27:09,2753.4,46071
2021-06-17 09:27:10,2753.4,46089
2021-06-17 09:27:11,2754.3,46140
2021-06-17 09:27:12,2753.35,46152
2021-06-17 09:27:13,2754.95,46251
2021-06-17 09:27:14,2754.8,46275
2021-06-17 09:27:15,2754.0,46280
2021-06-17 09:27:16,2750.7,47342
2021-06-17 09:27:17,2750.0,48080
2021-06-17 09:27:18,2749.85,49734
2021-06-17 09:27:20,2753.1,51106
2021-06-17 09:27:21,2752.15,51114
2021-06-17 09:27:22,2752.15,51114
2021-06-17 09:27:22,2751.15,51145
2021-06-17 09:27:23,2753.0,51155
2021-06-17 09:27:24,2753.0,51155
2021-06-17 09:27:25,2753.0,51155
2021-06-17 09:27:26,2751.15,51182
2021-06-17 09:27:27,2751.15,51182
2021-06-17 09:27:28,2751.15,51182
2021-06-17 09:27:29,2752.0,51232
2021-06-17 09:27:30,2752.0,51232
2021-06-17 09:27:31,2751.15,51240
2021-06-17 09:27:32,2752.0,51260
2021-06-17 09:27:33,2751.15,51272
2021-06-17 09:27:34,2752.0,51273
2021-06-17 09:27:35,2751.4,51276
2021-06-17 09:27:36,2751.4,51276
2021-06-17 09:27:37,2751.4,51276
2021-06-17 09:27:38,2751.4,51276
2021-06-17 09:27:39,2752.0,51301
2021-06-17 09:27:40,2752.0,51327
2021-06-17 09:27:41,2752.0,51327
2021-06-17 09:27:42,2752.6,51329
2021-06-17 09:27:43,2752.7,51354
2021-06-17 09:27:44,2750.0,51772
2021-06-17 09:27:45,2750.0,51772
2021-06-17 09:27:46,2750.0,51772
2021-06-17 09:27:47,2751.45,52124
2021-06-17 09:27:48,2751.45,52124
2021-06-17 09:27:49,2751.45,52124
2021-06-17 09:27:50,2751.45,52124
2021-06-17 09:27:51,2751.8,52529
2021-06-17 09:27:52,2753.0,52603
2021-06-17 09:27:53,2753.0,52603
2021-06-17 09:27:54,2753.0,52603
2021-06-17 09:27:55,2752.1,52610
2021-06-17 09:27:59,2753.0,52817
2021-06-17 09:28:01,2753.0,52828
2021-06-17 09:28:02,2753.0,52863
2021-06-17 09:28:03,2752.4,52890
2021-06-17 09:28:04,2752.4,52890
2021-06-17 09:28:06,2752.15,53023
2021-06-17 09:28:07,2752.15,53023
2021-06-17 09:28:08,2752.6,53030
2021-06-17 09:28:09,2752.0,53766
2021-06-17 09:28:11,2752.6,53838
2021-06-17 09:28:12,2752.85,53848
2021-06-17 09:28:13,2752.2,53924
2021-06-17 09:28:14,2752.2,53924
2021-06-17 09:28:15,2752.2,53924
2021-06-17 09:28:16,2752.2,53924
2021-06-17 09:28:17,2750.0,53953
2021-06-17 09:28:18,2750.0,53953
2021-06-17 09:28:19,2750.0,53953
2021-06-17 09:28:20,2752.9,54193
2021-06-17 09:28:21,2750.8,54348
2021-06-17 09:28:22,2753.0,55120
2021-06-17 09:28:23,2754.0,55324
2021-06-17 09:28:24,2753.25,55424
2021-06-17 09:28:25,2756.0,57568
2021-06-17 09:28:27,2756.9,57945
2021-06-17 09:28:28,2756.9,57945
2021-06-17 09:28:29,2756.9,58006
2021-06-17 09:28:30,2755.15,58118
2021-06-17 09:28:31,2755.15,58118
2021-06-17 09:28:32,2755.2,58123
2021-06-17 09:28:33,2755.25,58133
2021-06-17 09:28:34,2756.6,58490
2021-06-17 09:28:35,2755.0,58603
2021-06-17 09:28:36,2755.0,58603
2021-06-17 09:28:37,2755.0,58603
2021-06-17 09:28:38,2755.15,58625
2021-06-17 09:28:39,2755.15,58625
2021-06-17 09:28:40,2755.15,58625
2021-06-17 09:28:41,2755.15,58625
2021-06-17 09:28:42,2756.55,58626
2021-06-17 09:28:44,2755.0,58676
2021-06-17 09:28:45,2756.6,58776
2021-06-17 09:28:46,2756.6,58776
2021-06-17 09:28:47,2755.05,58796
2021-06-17 09:28:48,2756.6,58939
2021-06-17 09:28:49,2755.1,58947
2021-06-17 09:28:50,2756.9,58957
2021-06-17 09:28:51,2756.9,58957
2021-06-17 09:28:52,2756.85,58977
2021-06-17 09:28:54,2756.85,59014
2021-06-17 09:28:55,2756.85,59025
2021-06-17 09:28:56,2756.85,59072
2021-06-17 09:28:57,2755.6,59212
2021-06-17 09:28:58,2755.6,59212
2021-06-17 09:28:59,2755.6,59212
2021-06-17 09:28:59,2755.6,59212
2021-06-17 09:29:00,2756.95,59217
2021-06-17 09:29:01,2755.6,59234
2021-06-17 09:29:02,2755.6,59254
2021-06-17 09:29:03,2756.5,59272
2021-06-17 09:29:04,2755.6,59275
2021-06-17 09:29:05,2756.5,59280
2021-06-17 09:29:06,2755.65,59281
2021-06-17 09:29:07,2755.6,59482
2021-06-17 09:29:08,2756.85,59514
2021-06-17 09:29:09,2756.85,59654
2021-06-17 09:29:10,2756.85,59655
2021-06-17 09:29:11,2756.85,59660
2021-06-17 09:29:12,2755.65,59672
2021-06-17 09:29:13,2755.65,59672
2021-06-17 09:29:15,2756.85,59693
2021-06-17 09:29:16,2756.85,59693
2021-06-17 09:29:17,2756.6,59694
2021-06-17 09:29:18,2755.65,59698
2021-06-17 09:29:19,2756.85,59703
2021-06-17 09:29:21,2756.85,59703
2021-06-17 09:29:21,2756.85,59723
2021-06-17 09:29:22,2756.9,60100
2021-06-17 09:29:23,2756.0,60150
2021-06-17 09:29:24,2756.0,60167
2021-06-17 09:29:25,2756.9,60177
2021-06-17 09:29:27,2756.0,60237
2021-06-17 09:29:27,2756.0,60237
2021-06-17 09:29:28,2756.0,60237
2021-06-17 09:29:30,2756.85,60247
2021-06-17 09:29:31,2756.85,60247
2021-06-17 09:29:32,2756.0,60257
2021-06-17 09:29:34,2755.0,60684
2021-06-17 09:29:35,2755.25,60819
2021-06-17 09:29:36,2756.0,60829
2021-06-17 09:29:38,2755.05,61032
2021-06-17 09:29:39,2756.0,61046
2021-06-17 09:29:40,2756.0,61046
2021-06-17 09:29:40,2756.0,61046
2021-06-17 09:29:42,2755.0,61111
2021-06-17 09:29:43,2755.0,61111
2021-06-17 09:29:44,2756.3,61401
2021-06-17 09:29:45,2756.3,61401
2021-06-17 09:29:45,2756.3,61401
2021-06-17 09:29:46,2756.0,61406
2021-06-17 09:29:47,2756.2,61411
2021-06-17 09:29:48,2756.2,61411
2021-06-17 09:29:50,2756.2,61411
2021-06-17 09:29:51,2752.9,65529
2021-06-17 09:29:52,2755.9,68406
2021-06-17 09:29:52,2755.9,68406
2021-06-17 09:29:53,2756.45,68408
2021-06-17 09:29:54,2756.85,68669
2021-06-17 09:29:55,2755.0,68849
2021-06-17 09:29:56,2755.05,68850
2021-06-17 09:29:57,2756.0,68880
2021-06-17 09:29:58,2756.0,68880
2021-06-17 09:30:00,2756.0,68955
2021-06-17 09:30:01,2753.7,71464
2021-06-17 09:30:02,2755.3,71673
2021-06-17 09:30:03,2754.15,72035
2021-06-17 09:30:04,2755.45,72172
2021-06-17 09:30:05,2755.45,72172
2021-06-17 09:30:06,2755.15,72192
2021-06-17 09:30:07,2754.65,72244
2021-06-17 09:30:08,2757.0,74969
2021-06-17 09:30:08,2756.8,75184
2021-06-17 09:30:10,2758.05,75206
2021-06-17 09:30:10,2758.75,75224
2021-06-17 09:30:11,2757.2,75246
2021-06-17 09:30:12,2758.85,75279
2021-06-17 09:30:13,2758.85,75279
2021-06-17 09:30:15,2759.0,75532
2021-06-17 09:30:17,2760.0,75825
2021-06-17 09:30:18,2760.0,75875
2021-06-17 09:30:19,2758.25,75916
2021-06-17 09:30:20,2760.0,76016
2021-06-17 09:30:21,2760.0,76034
2021-06-17 09:30:22,2760.0,76074
2021-06-17 09:30:23,2759.95,76076
2021-06-17 09:30:24,2759.95,76076
2021-06-17 09:30:25,2758.3,76078
2021-06-17 09:30:26,2758.3,76189
2021-06-17 09:30:27,2759.65,76270
2021-06-17 09:30:28,2758.3,76282
2021-06-17 09:30:29,2758.35,76808
2021-06-17 09:30:30,2760.0,76968
2021-06-17 09:30:30,2760.0,76968
2021-06-17 09:30:32,2760.95,76971
2021-06-17 09:30:33,2760.7,76996
2021-06-17 09:30:34,2759.85,77052
2021-06-17 09:30:35,2760.0,77062
2021-06-17 09:30:36,2759.85,77087
2021-06-17 09:30:37,2759.85,77131
2021-06-17 09:30:38,2760.0,77240
2021-06-17 09:30:39,2760.0,77240
2021-06-17 09:30:40,2759.9,77260
2021-06-17 09:30:41,2759.9,77260
2021-06-17 09:30:42,2762.8,78289
2021-06-17 09:30:43,2763.4,79210
2021-06-17 09:30:45,2763.3,79619
2021-06-17 09:30:45,2765.3,80501
2021-06-17 09:30:46,2765.05,81107
2021-06-17 09:30:47,2765.0,81284
2021-06-17 09:30:48,2765.1,81432
2021-06-17 09:30:49,2765.95,81463
2021-06-17 09:30:50,2763.0,82322
2021-06-17 09:30:51,2763.05,83602
2021-06-17 09:30:53,2765.0,85470
2021-06-17 09:30:54,2765.0,85470
2021-06-17 09:30:55,2765.1,85595
2021-06-17 09:30:56,2765.0,85622
2021-06-17 09:30:57,2766.0,85712
2021-06-17 09:30:58,2766.0,85734
2021-06-17 09:30:59,2766.0,85779
2021-06-17 09:31:00,2766.0,85779
2021-06-17 09:31:01,2765.0,85824
2021-06-17 09:31:02,2765.0,87129
2021-06-17 09:31:03,2765.05,87583
2021-06-17 09:31:04,2767.3,87779
2021-06-17 09:31:05,2767.3,87779
2021-06-17 09:31:07,2765.3,87801
2021-06-17 09:31:06,2766.0,87783
2021-06-17 09:31:08,2765.3,87829
2021-06-17 09:31:08,2765.3,87829
2021-06-17 09:31:10,2766.45,87832
2021-06-17 09:31:11,2765.3,87840
2021-06-17 09:31:12,2765.3,87891
2021-06-17 09:31:13,2765.0,88093
2021-06-17 09:31:13,2765.0,88093
2021-06-17 09:31:15,2765.85,88118
2021-06-17 09:31:15,2765.85,88123
2021-06-17 09:31:17,2766.15,88835
2021-06-17 09:31:18,2766.15,88835
2021-06-17 09:31:18,2765.3,88842
2021-06-17 09:31:19,2762.8,89958
2021-06-17 09:31:20,2765.0,90527
2021-06-17 09:31:21,2761.75,91316
2021-06-17 09:31:22,2764.5,92500
2021-06-17 09:31:23,2765.85,92564
2021-06-17 09:31:25,2765.85,93095
2021-06-17 09:31:26,2765.85,93095
2021-06-17 09:31:26,2765.85,93095
2021-06-17 09:31:27,2764.5,93191
2021-06-17 09:31:28,2765.0,93827
2021-06-17 09:31:29,2766.0,94023
2021-06-17 09:31:31,2765.0,94035
2021-06-17 09:31:32,2765.05,94094
2021-06-17 09:31:33,2765.05,94176
2021-06-17 09:31:34,2765.05,94276
2021-06-17 09:31:35,2766.7,94651
2021-06-17 09:31:36,2765.0,94791
2021-06-17 09:31:37,2765.0,94791
2021-06-17 09:31:38,2765.2,94821
2021-06-17 09:31:39,2766.65,94831
2021-06-17 09:31:40,2766.0,94837
2021-06-17 09:31:41,2766.75,95205
2021-06-17 09:31:42,2766.75,95205
2021-06-17 09:31:43,2765.0,98056
2021-06-17 09:31:44,2765.8,98262
2021-06-17 09:31:45,2765.9,98266
2021-06-17 09:31:46,2765.9,98266
2021-06-17 09:31:47,2765.8,98281
2021-06-17 09:31:49,2765.8,98310
2021-06-17 09:31:50,2765.9,98681
2021-06-17 09:31:51,2765.0,99178
2021-06-17 09:31:52,2765.85,99628
2021-06-17 09:31:53,2765.05,99636
2021-06-17 09:31:54,2766.0,99739
2021-06-17 09:31:55,2765.95,99740
2021-06-17 09:31:58,2765.0,101253
2021-06-17 09:31:59,2766.0,101632
2021-06-17 09:32:01,2766.0,102019
2021-06-17 09:32:02,2766.0,102944
2021-06-17 09:32:03,2765.6,102945
2021-06-17 09:32:04,2765.5,102946
2021-06-17 09:32:04,2765.0,103996
2021-06-17 09:32:05,2765.0,104696
2021-06-17 09:32:07,2765.0,104696
2021-06-17 09:32:08,2765.0,104696
2021-06-17 09:32:09,2765.0,104792
2021-06-17 09:32:10,2765.0,104802
2021-06-17 09:32:11,2765.6,104952
2021-06-17 09:32:12,2765.6,104952
2021-06-17 09:32:13,2765.6,105037
2021-06-17 09:32:14,2765.6,105044
2021-06-17 09:32:14,2765.6,105064
2021-06-17 09:32:15,2766.0,105069
2021-06-17 09:32:16,2766.0,105069
2021-06-17 09:32:17,2766.3,105124
2021-06-17 09:32:20,2766.7,105125
2021-06-17 09:32:21,2766.7,105125
2021-06-17 09:32:22,2766.75,105200
2021-06-17 09:32:23,2766.35,105201
2021-06-17 09:32:24,2765.65,105956
2021-06-17 09:32:25,2766.05,105967
2021-06-17 09:32:26,2767.0,106478
2021-06-17 09:32:27,2766.2,106498
2021-06-17 09:32:28,2766.1,106518
2021-06-17 09:32:29,2767.0,106573
2021-06-17 09:32:31,2767.0,107044
2021-06-17 09:32:32,2767.0,107571
2021-06-17 09:32:33,2765.35,107823
2021-06-17 09:32:34,2765.35,107823
2021-06-17 09:32:36,2765.55,107824
2021-06-17 09:32:37,2766.85,107864
2021-06-17 09:32:38,2766.85,107923
2021-06-17 09:32:39,2768.55,110018
2021-06-17 09:32:39,2768.8,110118
2021-06-17 09:32:40,2769.95,111073
2021-06-17 09:32:41,2768.0,111576
2021-06-17 09:32:44,2771.45,112400
2021-06-17 09:32:45,2770.0,112754
2021-06-17 09:32:46,2771.05,112760
2021-06-17 09:32:47,2767.4,113839
2021-06-17 09:32:48,2770.3,114790
2021-06-17 09:32:49,2770.0,116002
2021-06-17 09:32:50,2770.5,116052
2021-06-17 09:32:51,2771.0,116077
2021-06-17 09:32:52,2770.5,116078
2021-06-17 09:32:53,2770.6,116845
2021-06-17 09:32:54,2770.75,116850
2021-06-17 09:32:55,2770.5,116938
2021-06-17 09:32:56,2770.55,117110
2021-06-17 09:32:57,2770.55,117379
2021-06-17 09:32:57,2770.2,117429
2021-06-17 09:32:58,2770.5,117432
2021-06-17 09:32:59,2770.5,117796
2021-06-17 09:33:00,2770.0,119101
2021-06-17 09:33:01,2770.0,119106
2021-06-17 09:33:03,2770.45,119116
2021-06-17 09:33:04,2770.5,119938
2021-06-17 09:33:05,2770.05,120550
2021-06-17 09:33:06,2770.5,120553
2021-06-17 09:33:07,2770.5,120560
2021-06-17 09:33:08,2770.0,120916
2021-06-17 09:33:09,2770.1,120920
2021-06-17 09:33:10,2770.1,120968
2021-06-17 09:33:11,2770.1,120968
2021-06-17 09:33:12,2770.0,121387
2021-06-17 09:33:13,2770.95,121388
2021-06-17 09:33:14,2770.0,121408
2021-06-17 09:33:15,2770.0,121815
2021-06-17 09:33:16,2770.0,121815
2021-06-17 09:33:17,2770.95,121889
2021-06-17 09:33:18,2771.0,121917
2021-06-17 09:33:19,2770.95,121929
2021-06-17 09:33:20,2770.95,121931
2021-06-17 09:33:21,2770.95,123059
2021-06-17 09:33:22,2770.0,123061
2021-06-17 09:33:23,2770.0,124858
2021-06-17 09:33:24,2769.65,127463
2021-06-17 09:33:25,2769.9,129047
2021-06-17 09:33:26,2770.0,129124
2021-06-17 09:33:27,2770.0,129494
2021-06-17 09:33:28,2770.0,129524
2021-06-17 09:33:29,2770.0,129534
2021-06-17 09:33:30,2770.0,129602
2021-06-17 09:33:31,2770.35,129604
2021-06-17 09:33:32,2770.4,129815
2021-06-17 09:33:33,2770.0,129874
2021-06-17 09:33:34,2770.0,129876
2021-06-17 09:33:35,2770.35,129911
2021-06-17 09:33:37,2770.0,130653
2021-06-17 09:33:39,2770.3,130889
2021-06-17 09:33:40,2770.3,130889
2021-06-17 09:33:41,2770.4,131086
2021-06-17 09:33:42,2770.0,132086
2021-06-17 09:33:42,2770.0,132086
2021-06-17 09:33:44,2770.0,132222
2021-06-17 09:33:45,2770.0,132224
2021-06-17 09:33:46,2770.0,132225
2021-06-17 09:33:47,2770.0,132225
2021-06-17 09:33:48,2770.0,132237
2021-06-17 09:33:49,2770.0,132450
2021-06-17 09:33:50,2771.1,133973
2021-06-17 09:33:51,2771.1,134142
2021-06-17 09:33:52,2772.4,134323
2021-06-17 09:33:53,2771.1,134329
2021-06-17 09:33:54,2771.0,134589
2021-06-17 09:33:55,2771.95,135054
2021-06-17 09:33:55,2771.95,135054
2021-06-17 09:33:57,2770.45,135057
2021-06-17 09:33:58,2771.8,135099
2021-06-17 09:33:59,2772.9,135704
2021-06-17 09:34:00,2770.45,136272
2021-06-17 09:34:01,2770.85,136325
2021-06-17 09:34:02,2772.0,136377
2021-06-17 09:34:03,2772.0,136377
2021-06-17 09:34:04,2770.85,136469
2021-06-17 09:34:05,2770.6,136569
2021-06-17 09:34:05,2770.6,136569
2021-06-17 09:34:07,2770.6,136574
2021-06-17 09:34:08,2771.9,136583
2021-06-17 09:34:09,2770.55,136603
2021-06-17 09:34:10,2771.2,136624
2021-06-17 09:34:11,2770.05,137383
2021-06-17 09:34:12,2770.1,137388
2021-06-17 09:34:14,2771.5,137428
2021-06-17 09:34:15,2770.1,137433
2021-06-17 09:34:16,2771.45,137434
2021-06-17 09:34:18,2770.3,137454
2021-06-17 09:34:20,2770.3,137469
2021-06-17 09:34:21,2771.3,137660
2021-06-17 09:34:21,2771.3,137660
2021-06-17 09:34:22,2771.45,137719
2021-06-17 09:34:24,2771.45,137734
2021-06-17 09:34:25,2770.1,137742
2021-06-17 09:34:26,2770.05,137763
2021-06-17 09:34:27,2770.05,137763
2021-06-17 09:34:28,2771.6,138012
2021-06-17 09:34:29,2771.45,138020
2021-06-17 09:34:30,2770.15,138069
2021-06-17 09:34:31,2770.0,138464
2021-06-17 09:34:32,2770.0,138465
2021-06-17 09:34:33,2770.05,138496
2021-06-17 09:34:34,2767.1,140807
2021-06-17 09:34:35,2768.95,141535
2021-06-17 09:34:36,2769.4,142006
2021-06-17 09:34:38,2769.2,142138
2021-06-17 09:34:40,2768.95,142151
2021-06-17 09:34:41,2768.95,142165
2021-06-17 09:34:42,2766.2,142180
2021-06-17 09:34:43,2766.2,142185
2021-06-17 09:34:44,2766.2,142185
2021-06-17 09:34:45,2766.55,142191
2021-06-17 09:34:46,2761.85,143277
2021-06-17 09:34:47,2765.05,143500
2021-06-17 09:34:48,2763.0,143760
2021-06-17 09:34:49,2764.65,143790
2021-06-17 09:34:50,2764.65,143790
2021-06-17 09:34:51,2764.65,143790
2021-06-17 09:34:52,2764.5,144015
2021-06-17 09:34:53,2762.95,144053
2021-06-17 09:34:54,2762.95,144053
2021-06-17 09:34:55,2764.45,144058
2021-06-17 09:34:56,2762.95,144109
2021-06-17 09:34:57,2765.05,144183
2021-06-17 09:34:59,2762.95,144434
2021-06-17 09:35:00,2762.95,144448
2021-06-17 09:35:01,2763.0,144501
2021-06-17 09:35:02,2763.0,144527
2021-06-17 09:35:03,2763.0,144547
2021-06-17 09:35:04,2763.0,144555
2021-06-17 09:35:05,2764.4,144655
2021-06-17 09:35:06,2764.4,144666
2021-06-17 09:35:07,2764.4,144666
2021-06-17 09:35:08,2764.4,144666
2021-06-17 09:35:09,2764.4,144666
2021-06-17 09:35:10,2763.0,144678
2021-06-17 09:35:11,2763.0,144678
2021-06-17 09:35:12,2762.9,144982
2021-06-17 09:35:13,2764.8,145011
2021-06-17 09:35:14,2763.3,145021
2021-06-17 09:35:15,2763.3,145021
2021-06-17 09:35:16,2763.0,145521
2021-06-17 09:35:17,2763.0,145521
2021-06-17 09:35:18,2764.45,145536
2021-06-17 09:35:19,2763.0,145736
2021-06-17 09:35:20,2762.4,146043
2021-06-17 09:35:21,2763.0,146505
2021-06-17 09:35:22,2763.0,146505
2021-06-17 09:35:23,2761.8,146512
2021-06-17 09:35:24,2761.8,146529
2021-06-17 09:35:25,2761.8,146539
2021-06-17 09:35:26,2761.75,146706
2021-06-17 09:35:27,2761.25,146715
2021-06-17 09:35:28,2761.25,146731
2021-06-17 09:35:29,2760.55,146746
2021-06-17 09:35:30,2761.25,146747
2021-06-17 09:35:32,2759.95,147517
2021-06-17 09:35:34,2759.75,147818
2021-06-17 09:35:35,2759.7,147821
2021-06-17 09:35:36,2758.05,147837
2021-06-17 09:35:37,2758.05,147845
2021-06-17 09:35:39,2758.0,147889
2021-06-17 09:35:38,2758.05,147869
2021-06-17 09:35:40,2758.0,147894
2021-06-17 09:35:41,2759.35,147994
2021-06-17 09:35:42,2759.55,148117
2021-06-17 09:35:43,2758.05,148219
2021-06-17 09:35:44,2758.0,148230
2021-06-17 09:35:45,2757.4,148232
2021-06-17 09:35:46,2759.35,148396
2021-06-17 09:35:47,2759.35,148396
2021-06-17 09:35:48,2759.35,148396
2021-06-17 09:35:49,2758.0,148496
2021-06-17 09:35:50,2758.0,148496
2021-06-17 09:35:51,2758.0,148496
2021-06-17 09:35:52,2758.05,148529
2021-06-17 09:35:53,2758.05,148529
2021-06-17 09:35:54,2758.0,148736
2021-06-17 09:35:55,2758.0,149295
2021-06-17 09:35:56,2758.05,149306
2021-06-17 09:35:58,2758.05,149533
2021-06-17 09:35:57,2757.7,149431
2021-06-17 09:35:59,2758.05,149533
2021-06-17 09:36:00,2758.9,149567
2021-06-17 09:36:01,2758.05,149675
2021-06-17 09:36:02,2758.05,149693
2021-06-17 09:36:03,2759.0,149709
2021-06-17 09:36:04,2759.0,149709
2021-06-17 09:36:05,2759.0,149710
2021-06-17 09:36:06,2759.0,149717
2021-06-17 09:36:07,2759.0,149717
2021-06-17 09:36:08,2759.7,149734
2021-06-17 09:36:09,2759.0,149753
2021-06-17 09:36:10,2759.7,149754
2021-06-17 09:36:11,2759.7,149769
2021-06-17 09:36:12,2759.0,149772
2021-06-17 09:36:13,2759.7,149777
2021-06-17 09:36:14,2759.7,149777
2021-06-17 09:36:15,2759.7,149779
2021-06-17 09:36:16,2760.0,150150
2021-06-17 09:36:17,2759.0,150250
2021-06-17 09:36:18,2759.0,150250
2021-06-17 09:36:19,2760.0,150300
2021-06-17 09:36:20,2759.05,150349
2021-06-17 09:36:21,2759.85,150352
2021-06-17 09:36:22,2759.85,150365
2021-06-17 09:36:23,2760.0,150639
2021-06-17 09:36:26,2759.05,150671
2021-06-17 09:36:27,2759.05,150671
2021-06-17 09:36:28,2759.05,150671
2021-06-17 09:36:29,2759.85,150682
2021-06-17 09:36:30,2759.15,150684
2021-06-17 09:36:31,2759.6,150687
2021-06-17 09:36:32,2759.6,150709
2021-06-17 09:36:33,2759.6,150709
2021-06-17 09:36:34,2759.6,150709
2021-06-17 09:36:35,2759.9,150735
2021-06-17 09:36:37,2759.15,150785
2021-06-17 09:36:38,2759.15,150785
2021-06-17 09:36:39,2759.15,150812
2021-06-17 09:36:40,2759.15,150818
2021-06-17 09:36:42,2758.0,151476
2021-06-17 09:36:42,2758.0,151476
2021-06-17 09:36:43,2759.05,151508
2021-06-17 09:36:44,2759.0,151515
2021-06-17 09:36:45,2758.0,151520
2021-06-17 09:36:46,2758.0,151523
2021-06-17 09:36:47,2759.05,151540
2021-06-17 09:36:48,2759.05,151540
2021-06-17 09:36:49,2759.05,151540
2021-06-17 09:36:50,2759.05,151540
2021-06-17 09:36:51,2759.05,151540
2021-06-17 09:36:52,2759.05,151540
2021-06-17 09:36:53,2758.35,151696
2021-06-17 09:36:54,2758.35,151696
2021-06-17 09:36:55,2759.8,151724
2021-06-17 09:36:56,2759.0,151904
2021-06-17 09:36:57,2758.05,151964
2021-06-17 09:36:58,2758.05,152021
2021-06-17 09:36:59,2758.05,152021
2021-06-17 09:37:00,2758.25,152072
2021-06-17 09:37:01,2758.25,152072
2021-06-17 09:37:02,2758.25,152072
2021-06-17 09:37:03,2758.25,152072
2021-06-17 09:37:04,2758.25,152072
2021-06-17 09:37:05,2758.25,152072
2021-06-17 09:37:06,2758.25,152072
2021-06-17 09:37:07,2759.75,152082
2021-06-17 09:37:08,2759.0,152242
2021-06-17 09:37:09,2758.0,152276
2021-06-17 09:37:10,2758.0,152276
2021-06-17 09:37:11,2758.0,152401
2021-06-17 09:37:12,2759.0,152410
2021-06-17 09:37:13,2758.0,152640
2021-06-17 09:37:14,2758.0,152640
2021-06-17 09:37:15,2758.0,152640
2021-06-17 09:37:16,2758.0,152640
2021-06-17 09:37:17,2758.0,152640
2021-06-17 09:37:18,2759.75,152655
2021-06-17 09:37:19,2758.0,152756
2021-06-17 09:37:20,2758.0,152756
2021-06-17 09:37:21,2758.0,152757
2021-06-17 09:37:22,2758.0,152757
2021-06-17 09:37:24,2758.05,152830
2021-06-17 09:37:25,2758.05,152834
2021-06-17 09:37:26,2758.05,152834
2021-06-17 09:37:27,2758.05,152874
2021-06-17 09:37:29,2758.5,152915
2021-06-17 09:37:30,2759.75,152917
2021-06-17 09:37:31,2758.5,152930
2021-06-17 09:37:33,2759.8,153061
2021-06-17 09:37:34,2759.8,153061
2021-06-17 09:37:35,2759.45,153078
2021-06-17 09:37:36,2759.45,153082
2021-06-17 09:37:37,2760.0,153103
2021-06-17 09:37:38,2759.5,153115
2021-06-17 09:37:40,2759.5,153129
2021-06-17 09:37:41,2759.5,153129
2021-06-17 09:37:42,2760.0,153153
2021-06-17 09:37:43,2759.5,153183
2021-06-17 09:37:44,2760.0,153184
2021-06-17 09:37:45,2760.0,153184
2021-06-17 09:37:46,2760.0,153187
2021-06-17 09:37:47,2759.5,153228
2021-06-17 09:37:48,2759.5,153228
2021-06-17 09:37:49,2760.0,153238
2021-06-17 09:37:50,2760.0,153238
2021-06-17 09:37:51,2760.0,153238
2021-06-17 09:37:52,2760.0,153238
2021-06-17 09:37:53,2758.95,153438
2021-06-17 09:37:54,2758.95,153438
2021-06-17 09:37:56,2760.0,153482
2021-06-17 09:37:58,2760.0,153482
2021-06-17 09:37:58,2759.95,153484
2021-06-17 09:38:00,2759.95,153484
2021-06-17 09:38:01,2759.95,153484
2021-06-17 09:38:02,2760.5,153500
2021-06-17 09:38:03,2760.5,153500
2021-06-17 09:38:04,2760.5,153574
2021-06-17 09:38:05,2760.5,153574
2021-06-17 09:38:06,2759.95,153584
2021-06-17 09:38:07,2761.4,153686
2021-06-17 09:38:08,2759.4,153706
2021-06-17 09:38:08,2759.4,153706
2021-06-17 09:38:09,2759.4,153706
2021-06-17 09:38:10,2759.4,153706
2021-06-17 09:38:11,2760.0,153709
2021-06-17 09:38:12,2760.0,153709
2021-06-17 09:38:13,2759.95,153711
2021-06-17 09:38:14,2759.95,153711
2021-06-17 09:38:15,2759.95,153711
2021-06-17 09:38:16,2759.95,153711
2021-06-17 09:38:17,2759.9,153715
2021-06-17 09:38:18,2760.75,153732
2021-06-17 09:38:19,2760.75,153732
2021-06-17 09:38:20,2760.75,153732
2021-06-17 09:38:21,2760.75,153732
2021-06-17 09:38:22,2762.3,153757
2021-06-17 09:38:23,2761.85,153877
2021-06-17 09:38:24,2761.85,153877
2021-06-17 09:38:25,2761.6,153927
2021-06-17 09:38:27,2760.0,153941
2021-06-17 09:38:26,2761.0,153931
2021-06-17 09:38:29,2760.0,153943
2021-06-17 09:38:29,2760.0,153945
2021-06-17 09:38:30,2760.0,153945
2021-06-17 09:38:31,2760.0,153945
2021-06-17 09:38:32,2760.0,153945
2021-06-17 09:38:33,2760.0,153945
2021-06-17 09:38:34,2760.0,153945
2021-06-17 09:38:35,2758.15,154836
2021-06-17 09:38:36,2759.35,154986
2021-06-17 09:38:37,2759.45,155071
2021-06-17 09:38:38,2759.45,155071
2021-06-17 09:38:41,2759.45,155071
2021-06-17 09:38:41,2759.45,155071
2021-06-17 09:38:43,2758.15,155091
2021-06-17 09:38:44,2759.3,155164
2021-06-17 09:38:46,2759.3,155164
2021-06-17 09:38:47,2758.15,155166
2021-06-17 09:38:49,2759.0,155173
2021-06-17 09:38:50,2759.35,155426
2021-06-17 09:38:51,2759.35,155426
2021-06-17 09:38:52,2758.15,155428
2021-06-17 09:38:53,2758.15,155428
2021-06-17 09:38:54,2758.15,155428
2021-06-17 09:38:55,2759.65,155443
2021-06-17 09:38:56,2759.65,155443
2021-06-17 09:38:57,2758.2,155449
2021-06-17 09:38:58,2758.15,155457
2021-06-17 09:38:59,2759.0,155477
2021-06-17 09:39:00,2758.15,155480
2021-06-17 09:39:01,2758.9,155482
2021-06-17 09:39:02,2758.95,155487
2021-06-17 09:39:03,2758.95,155582
2021-06-17 09:39:04,2758.25,155587
2021-06-17 09:39:05,2758.25,155587
2021-06-17 09:39:06,2758.25,155587
2021-06-17 09:39:08,2758.25,155587
2021-06-17 09:39:09,2758.2,155593
2021-06-17 09:39:11,2758.2,155593
2021-06-17 09:39:12,2758.2,155593
2021-06-17 09:39:13,2758.2,155593
2021-06-17 09:39:15,2758.95,155603
2021-06-17 09:39:16,2758.15,155703
2021-06-17 09:39:17,2758.15,155708
2021-06-17 09:39:18,2758.15,155708
2021-06-17 09:39:19,2758.15,155708
2021-06-17 09:39:19,2758.15,155708
2021-06-17 09:39:20,2758.15,155708
2021-06-17 09:39:21,2758.2,155710
2021-06-17 09:39:22,2758.2,155710
2021-06-17 09:39:23,2758.2,155710
2021-06-17 09:39:24,2758.15,155740
2021-06-17 09:39:25,2758.15,155740
2021-06-17 09:39:26,2758.2,155746
2021-06-17 09:39:27,2758.2,155746
2021-06-17 09:39:28,2758.2,155746
2021-06-17 09:39:29,2758.2,155746
2021-06-17 09:39:30,2758.2,155746
2021-06-17 09:39:31,2758.0,156719
2021-06-17 09:39:32,2758.0,157119
2021-06-17 09:39:33,2758.0,157119
2021-06-17 09:39:34,2757.5,157120
2021-06-17 09:39:35,2757.5,157120
2021-06-17 09:39:36,2757.5,157120
2021-06-17 09:39:37,2757.85,157127
2021-06-17 09:39:38,2757.85,157127
2021-06-17 09:39:39,2757.85,157127
2021-06-17 09:39:40,2756.65,157204
2021-06-17 09:39:41,2756.65,157204
2021-06-17 09:39:42,2758.2,157207
2021-06-17 09:39:43,2758.2,157207
2021-06-17 09:39:44,2758.2,157207
2021-06-17 09:39:45,2756.75,157209
2021-06-17 09:39:46,2756.75,157211
2021-06-17 09:39:47,2756.75,157211
2021-06-17 09:39:48,2756.2,157279
2021-06-17 09:39:49,2756.0,157379
2021-06-17 09:39:50,2756.0,157379
2021-06-17 09:39:51,2755.7,157385
2021-06-17 09:39:52,2755.7,157385
2021-06-17 09:39:53,2755.7,157385
2021-06-17 09:39:54,2753.5,157605
2021-06-17 09:39:55,2753.1,157640
2021-06-17 09:39:56,2752.65,157672
2021-06-17 09:39:57,2752.65,157672
2021-06-17 09:39:58,2753.75,157677
2021-06-17 09:39:59,2753.75,157677
2021-06-17 09:40:01,2753.75,157677
2021-06-17 09:40:03,2752.95,158014
2021-06-17 09:40:04,2753.05,158023
2021-06-17 09:40:05,2753.25,158029
2021-06-17 09:40:06,2753.25,158029
2021-06-17 09:40:07,2753.25,158029
2021-06-17 09:40:08,2754.0,158092
2021-06-17 09:40:09,2753.2,158210
2021-06-17 09:40:10,2753.1,158313
2021-06-17 09:40:11,2754.9,158414
2021-06-17 09:40:12,2754.9,158419
2021-06-17 09:40:13,2755.15,158595
2021-06-17 09:40:14,2755.15,158595
2021-06-17 09:40:15,2755.15,158595
2021-06-17 09:40:16,2754.6,158600
2021-06-17 09:40:17,2754.6,158635
2021-06-17 09:40:18,2754.6,158635
2021-06-17 09:40:19,2753.0,158735
2021-06-17 09:40:20,2754.45,158835
2021-06-17 09:40:21,2753.0,158856
2021-06-17 09:40:22,2753.0,158856
2021-06-17 09:40:23,2753.0,158856
2021-06-17 09:40:22,2753.0,158856
2021-06-17 09:40:24,2754.4,158866
2021-06-17 09:40:25,2754.4,158866
2021-06-17 09:40:26,2754.6,158966
2021-06-17 09:40:27,2754.6,158966
2021-06-17 09:40:28,2754.5,158967
2021-06-17 09:40:29,2754.5,158970
2021-06-17 09:40:30,2753.1,158973
2021-06-17 09:40:31,2753.1,158973
2021-06-17 09:40:32,2754.5,158998
2021-06-17 09:40:33,2754.5,159000
2021-06-17 09:40:34,2753.1,159009
2021-06-17 09:40:36,2753.1,159009
2021-06-17 09:40:37,2753.0,159060
2021-06-17 09:40:38,2754.0,159061
2021-06-17 09:40:39,2753.0,159071
2021-06-17 09:40:40,2754.0,159088
2021-06-17 09:40:41,2754.0,159093
2021-06-17 09:40:42,2754.0,159123
2021-06-17 09:40:43,2751.3,159440
2021-06-17 09:40:44,2751.3,159440
2021-06-17 09:40:45,2752.7,159446
2021-06-17 09:40:46,2751.3,159452
2021-06-17 09:40:47,2751.3,159456
2021-06-17 09:40:48,2751.3,159468
2021-06-17 09:40:50,2751.25,159522
2021-06-17 09:40:51,2750.05,159561
2021-06-17 09:40:52,2750.05,159561
2021-06-17 09:40:53,2750.05,159561
2021-06-17 09:40:55,2751.45,159641
2021-06-17 09:40:56,2751.55,159695
2021-06-17 09:40:57,2750.05,159795
2021-06-17 09:40:58,2750.3,159826
2021-06-17 09:40:59,2752.2,159866
2021-06-17 09:41:00,2752.2,159866
2021-06-17 09:41:01,2750.15,160027
2021-06-17 09:41:01,2751.0,160031
2021-06-17 09:41:02,2750.1,160153
2021-06-17 09:41:03,2751.0,160255
2021-06-17 09:41:04,2750.3,160268
2021-06-17 09:41:05,2750.3,160282
2021-06-17 09:41:06,2750.3,160283
2021-06-17 09:41:07,2751.0,160396
2021-06-17 09:41:08,2750.75,160411
2021-06-17 09:41:10,2751.0,160466
2021-06-17 09:41:11,2750.05,160600
2021-06-17 09:41:12,2750.05,160600
2021-06-17 09:41:13,2750.05,160600
2021-06-17 09:41:14,2750.05,160600
2021-06-17 09:41:15,2750.8,160614
2021-06-17 09:41:17,2750.8,160614
2021-06-17 09:41:19,2750.8,160614
2021-06-17 09:41:20,2751.0,160619
2021-06-17 09:41:21,2751.0,160619
2021-06-17 09:41:22,2751.0,160619
2021-06-17 09:41:23,2751.0,160639
2021-06-17 09:41:24,2750.8,160681
2021-06-17 09:41:25,2750.8,160681
2021-06-17 09:41:26,2750.8,160681
2021-06-17 09:41:27,2751.0,160687
2021-06-17 09:41:28,2751.0,160687
2021-06-17 09:41:29,2750.1,160820
2021-06-17 09:41:30,2750.55,160825
2021-06-17 09:41:31,2750.55,160825
2021-06-17 09:41:32,2751.0,161360
2021-06-17 09:41:33,2751.0,161360
2021-06-17 09:41:34,2751.0,161365
2021-06-17 09:41:35,2751.0,161365
2021-06-17 09:41:36,2751.0,161368
2021-06-17 09:41:37,2750.2,161372
2021-06-17 09:41:38,2750.2,161386
2021-06-17 09:41:38,2750.2,161389
2021-06-17 09:41:40,2750.2,161430
2021-06-17 09:41:41,2750.2,161430
2021-06-17 09:41:42,2750.2,161430
2021-06-17 09:41:43,2750.2,161430
2021-06-17 09:41:44,2750.2,161430
2021-06-17 09:41:45,2750.5,161457
2021-06-17 09:41:46,2750.5,161457
2021-06-17 09:41:48,2750.5,161457
2021-06-17 09:41:49,2750.5,161457
2021-06-17 09:41:50,2750.5,161457
2021-06-17 09:41:51,2751.0,161475
2021-06-17 09:41:52,2750.5,161476
2021-06-17 09:41:53,2750.5,161476
2021-06-17 09:41:54,2751.0,161486
2021-06-17 09:41:55,2751.0,161486
2021-06-17 09:41:56,2751.0,161486
2021-06-17 09:41:57,2751.0,161538
2021-06-17 09:41:57,2751.0,161538
2021-06-17 09:41:58,2751.0,161550
2021-06-17 09:42:00,2751.1,161730
2021-06-17 09:42:01,2751.1,161730
2021-06-17 09:42:02,2751.1,161730
2021-06-17 09:42:03,2753.1,161936
2021-06-17 09:42:04,2753.15,162016
2021-06-17 09:42:06,2751.8,162047
2021-06-17 09:42:07,2751.8,162047
2021-06-17 09:42:08,2753.65,162097
2021-06-17 09:42:09,2753.65,162097
2021-06-17 09:42:10,2753.65,162097
2021-06-17 09:42:11,2753.65,162097
2021-06-17 09:42:12,2753.65,162097
2021-06-17 09:42:14,2752.95,162207
2021-06-17 09:42:15,2752.5,162457
2021-06-17 09:42:16,2752.5,162457
2021-06-17 09:42:17,2752.5,162457
2021-06-17 09:42:18,2752.5,162457
2021-06-17 09:42:19,2753.0,162507
2021-06-17 09:42:20,2752.5,162544
2021-06-17 09:42:21,2752.5,162544
2021-06-17 09:42:23,2752.5,162544
2021-06-17 09:42:24,2752.5,162544
2021-06-17 09:42:25,2752.7,162548
2021-06-17 09:42:26,2752.7,162548
2021-06-17 09:42:27,2752.7,162548
2021-06-17 09:42:27,2752.7,162548
2021-06-17 09:42:28,2753.95,162575
2021-06-17 09:42:29,2752.95,162576
2021-06-17 09:42:30,2752.95,162576
2021-06-17 09:42:31,2754.0,162577
2021-06-17 09:42:32,2754.0,162577
2021-06-17 09:42:34,2754.0,162672
2021-06-17 09:42:35,2752.7,162675
2021-06-17 09:42:36,2752.7,162678
2021-06-17 09:42:37,2752.7,162678
2021-06-17 09:42:38,2752.7,162696
2021-06-17 09:42:38,2752.7,162696
2021-06-17 09:42:39,2752.7,162696
2021-06-17 09:42:40,2753.9,162706
2021-06-17 09:42:42,2753.9,162706
2021-06-17 09:42:43,2753.9,162706
2021-06-17 09:42:44,2753.9,162706
2021-06-17 09:42:45,2753.9,162706
2021-06-17 09:42:46,2752.5,162806
2021-06-17 09:42:46,2752.5,162806
2021-06-17 09:42:48,2752.5,162806
2021-06-17 09:42:49,2752.5,162806
2021-06-17 09:42:50,2752.5,162806
2021-06-17 09:42:51,2752.5,162806
2021-06-17 09:42:52,2752.5,162806
2021-06-17 09:42:53,2752.5,162806
2021-06-17 09:42:54,2752.5,162806
2021-06-17 09:42:55,2752.5,162806
2021-06-17 09:42:55,2752.85,162837
2021-06-17 09:42:57,2752.85,162837
2021-06-17 09:42:58,2752.85,162837
2021-06-17 09:42:59,2754.45,162900
2021-06-17 09:43:00,2754.45,162900
2021-06-17 09:43:02,2752.85,162972
2021-06-17 09:43:03,2753.35,162975
2021-06-17 09:43:04,2753.35,162975
2021-06-17 09:43:05,2753.35,162975
2021-06-17 09:43:06,2753.35,162975
2021-06-17 09:43:07,2753.35,162975
2021-06-17 09:43:08,2753.35,162975
2021-06-17 09:43:09,2753.35,162976
2021-06-17 09:43:10,2753.35,162976
2021-06-17 09:43:11,2753.35,162976
2021-06-17 09:43:12,2753.35,162976
2021-06-17 09:43:12,2753.35,162978
2021-06-17 09:43:13,2753.35,162982
2021-06-17 09:43:14,2754.5,163003
2021-06-17 09:43:16,2755.0,163213
2021-06-17 09:43:16,2755.0,163213
2021-06-17 09:43:17,2753.55,163238
2021-06-17 09:43:18,2753.55,163238
2021-06-17 09:43:21,2754.5,163361
2021-06-17 09:43:22,2753.15,163365
2021-06-17 09:43:23,2753.15,163365
2021-06-17 09:43:24,2754.6,163422
2021-06-17 09:43:24,2754.6,163422
2021-06-17 09:43:25,2753.35,163427
2021-06-17 09:43:27,2753.4,163467
2021-06-17 09:43:27,2754.0,163471
2021-06-17 09:43:29,2755.0,163488
2021-06-17 09:43:30,2754.0,163515
2021-06-17 09:43:32,2754.0,163518
2021-06-17 09:43:33,2754.0,163740
2021-06-17 09:43:35,2754.0,163740
2021-06-17 09:43:36,2755.0,164100
2021-06-17 09:43:37,2755.0,164100
2021-06-17 09:43:38,2755.0,164100
2021-06-17 09:43:39,2754.8,164504
2021-06-17 09:43:40,2754.8,164504
2021-06-17 09:43:41,2754.8,164504
2021-06-17 09:43:41,2754.8,164504
2021-06-17 09:43:43,2754.8,164505
2021-06-17 09:43:44,2754.8,164505
2021-06-17 09:43:44,2754.8,164505
2021-06-17 09:43:45,2753.15,164587
2021-06-17 09:43:47,2754.7,164591
2021-06-17 09:43:48,2754.6,164602
2021-06-17 09:43:49,2753.15,164617
2021-06-17 09:43:50,2753.15,164617
2021-06-17 09:43:51,2753.15,164617
2021-06-17 09:43:52,2753.15,164617
2021-06-17 09:43:53,2754.25,164618
2021-06-17 09:43:54,2754.25,164618
2021-06-17 09:43:55,2754.25,164618
2021-06-17 09:43:57,2753.0,164626
2021-06-17 09:43:58,2753.0,164626
2021-06-17 09:43:59,2753.0,164626
2021-06-17 09:44:00,2753.0,164626
2021-06-17 09:44:01,2753.0,164626
2021-06-17 09:44:02,2753.0,164626
2021-06-17 09:44:03,2753.0,164626
2021-06-17 09:44:04,2753.0,164776
2021-06-17 09:44:05,2754.3,164778
2021-06-17 09:44:06,2754.3,164778
2021-06-17 09:44:07,2753.0,164787
2021-06-17 09:44:08,2754.35,164788
2021-06-17 09:44:09,2754.35,164788
2021-06-17 09:44:09,2754.35,164788
2021-06-17 09:44:12,2753.35,164854
2021-06-17 09:44:13,2753.4,164869
2021-06-17 09:44:14,2753.4,164869
2021-06-17 09:44:15,2753.4,164869
2021-06-17 09:44:16,2753.45,164982
2021-06-17 09:44:17,2753.45,164982
2021-06-17 09:44:18,2753.1,165017
2021-06-17 09:44:19,2753.7,166019
2021-06-17 09:44:20,2753.7,166019
2021-06-17 09:44:20,2753.7,166019
2021-06-17 09:44:22,2753.7,166019
2021-06-17 09:44:23,2753.35,166069
2021-06-17 09:44:23,2753.35,166069
2021-06-17 09:44:24,2753.35,166069
2021-06-17 09:44:26,2753.35,166069
2021-06-17 09:44:27,2753.35,166069
2021-06-17 09:44:28,2754.95,166090
2021-06-17 09:44:29,2754.95,166090
2021-06-17 09:44:30,2754.95,166090
2021-06-17 09:44:31,2754.3,166100
2021-06-17 09:44:32,2754.3,166100
2021-06-17 09:44:34,2754.3,166100
2021-06-17 09:44:35,2754.3,166100
2021-06-17 09:44:36,2754.3,166100
2021-06-17 09:44:38,2755.5,166110
2021-06-17 09:44:39,2755.9,166148
2021-06-17 09:44:40,2755.9,166148
2021-06-17 09:44:41,2755.9,166148
2021-06-17 09:44:42,2756.0,166153
2021-06-17 09:44:43,2756.0,166153
2021-06-17 09:44:44,2756.0,166153
2021-06-17 09:44:44,2756.0,166153
2021-06-17 09:44:45,2756.0,166153
2021-06-17 09:44:47,2756.85,166158
2021-06-17 09:44:48,2756.85,166168
2021-06-17 09:44:49,2757.5,166329
2021-06-17 09:44:50,2755.8,166341
2021-06-17 09:44:51,2755.8,166344
2021-06-17 09:44:52,2755.8,166344
2021-06-17 09:44:53,2755.8,166344
2021-06-17 09:44:54,2756.9,166354
2021-06-17 09:44:55,2757.05,166356
2021-06-17 09:44:56,2757.05,166356
2021-06-17 09:44:57,2757.05,166356
2021-06-17 09:44:58,2757.05,166356
2021-06-17 09:44:59,2757.05,166356
2021-06-17 09:45:00,2755.8,166371
2021-06-17 09:45:01,2755.8,166371
2021-06-17 09:45:02,2756.75,166372
2021-06-17 09:45:03,2755.8,166377
2021-06-17 09:45:05,2755.8,166377
2021-06-17 09:45:06,2755.8,166377
2021-06-17 09:45:07,2755.8,166377
2021-06-17 09:45:08,2756.85,166381
2021-06-17 09:45:09,2757.05,166414
2021-06-17 09:45:10,2755.8,166415
2021-06-17 09:45:11,2755.8,166415
2021-06-17 09:45:12,2755.8,166415
2021-06-17 09:45:14,2755.85,166467
2021-06-17 09:45:13,2756.75,166465
2021-06-17 09:45:15,2756.75,166476
2021-06-17 09:45:16,2756.75,166476
2021-06-17 09:45:17,2756.75,166476
2021-06-17 09:45:19,2755.85,166480
2021-06-17 09:45:21,2755.9,166523
2021-06-17 09:45:22,2755.9,166523
2021-06-17 09:45:23,2755.8,166561
2021-06-17 09:45:24,2755.85,166563
2021-06-17 09:45:25,2755.85,166563
2021-06-17 09:45:26,2755.85,166571
2021-06-17 09:45:27,2755.85,166571
2021-06-17 09:45:29,2755.05,166658
2021-06-17 09:45:30,2755.05,166662
2021-06-17 09:45:31,2755.05,166662
2021-06-17 09:45:32,2755.05,166662
2021-06-17 09:45:33,2755.05,166666
2021-06-17 09:45:34,2755.05,166666
2021-06-17 09:45:35,2756.4,166691
2021-06-17 09:45:37,2755.05,166712
2021-06-17 09:45:36,2756.4,166701
2021-06-17 09:45:38,2756.4,166722
2021-06-17 09:45:39,2756.4,166722
2021-06-17 09:45:40,2756.4,166723
2021-06-17 09:45:41,2756.4,166748
2021-06-17 09:45:42,2756.4,166748
2021-06-17 09:45:43,2756.4,166749
2021-06-17 09:45:44,2756.4,166749
2021-06-17 09:45:45,2756.4,166773
2021-06-17 09:45:46,2756.4,166773
2021-06-17 09:45:47,2754.8,166873
2021-06-17 09:45:49,2754.8,166873
2021-06-17 09:45:50,2755.05,166893
2021-06-17 09:45:51,2755.05,166902
2021-06-17 09:45:53,2755.05,166902
2021-06-17 09:45:54,2754.8,166908
2021-06-17 09:45:55,2754.8,166908
2021-06-17 09:45:56,2754.5,166910
2021-06-17 09:45:58,2755.05,166945
2021-06-17 09:45:59,2755.05,166945
2021-06-17 09:46:00,2755.05,166945
2021-06-17 09:46:01,2755.05,166945
2021-06-17 09:46:02,2755.05,166945
2021-06-17 09:46:03,2756.4,166955
2021-06-17 09:46:04,2756.4,166955
2021-06-17 09:46:05,2756.4,166955
2021-06-17 09:46:06,2756.4,166965
2021-06-17 09:46:07,2755.15,166990
2021-06-17 09:46:08,2755.15,166990
2021-06-17 09:46:09,2755.15,166990
2021-06-17 09:46:10,2755.15,166990
2021-06-17 09:46:11,2756.6,167015
2021-06-17 09:46:12,2756.6,167015
2021-06-17 09:46:14,2756.6,167015
2021-06-17 09:46:15,2756.6,167015
2021-06-17 09:46:16,2755.15,167017
2021-06-17 09:46:17,2755.15,167017
2021-06-17 09:46:18,2755.15,167017
2021-06-17 09:46:19,2756.4,167037
2021-06-17 09:46:20,2755.15,167056
2021-06-17 09:46:21,2755.15,167056
2021-06-17 09:46:22,2755.15,167056
2021-06-17 09:46:23,2756.15,167076
2021-06-17 09:46:24,2755.3,167082
2021-06-17 09:46:25,2757.2,167086
2021-06-17 09:46:26,2757.5,167096
2021-06-17 09:46:27,2757.5,167096
2021-06-17 09:46:28,2757.5,167096
2021-06-17 09:46:30,2756.6,167314
2021-06-17 09:46:32,2756.65,167315
2021-06-17 09:46:33,2756.65,167315
2021-06-17 09:46:36,2758.55,167339
2021-06-17 09:46:37,2758.0,167340
2021-06-17 09:46:38,2758.55,167390
2021-06-17 09:46:39,2758.85,167463
2021-06-17 09:46:40,2758.85,167463
2021-06-17 09:46:41,2758.9,167474
2021-06-17 09:46:42,2757.85,167484
2021-06-17 09:46:43,2758.0,167533
2021-06-17 09:46:44,2758.55,167534
2021-06-17 09:46:45,2757.0,167608
2021-06-17 09:46:46,2758.8,167610
2021-06-17 09:46:47,2758.8,167610
2021-06-17 09:46:48,2758.9,167650
2021-06-17 09:46:49,2758.9,167650
2021-06-17 09:46:50,2758.85,167651
2021-06-17 09:46:51,2758.85,167651
2021-06-17 09:46:52,2758.5,167652
2021-06-17 09:46:53,2757.9,167666
2021-06-17 09:46:54,2757.9,167666
2021-06-17 09:46:55,2757.15,167667
2021-06-17 09:46:56,2757.15,167672
2021-06-17 09:46:57,2757.15,167687
2021-06-17 09:46:58,2757.15,167687
2021-06-17 09:46:59,2757.15,167687
2021-06-17 09:47:00,2757.15,167687
2021-06-17 09:47:01,2757.15,167689
2021-06-17 09:47:02,2758.2,167716
2021-06-17 09:47:03,2758.2,167716
2021-06-17 09:47:04,2758.2,167716
2021-06-17 09:47:05,2758.2,167726
2021-06-17 09:47:06,2758.2,167772
2021-06-17 09:47:07,2758.2,167772
2021-06-17 09:47:08,2758.2,167777
2021-06-17 09:47:09,2757.2,167832
2021-06-17 09:47:10,2757.2,167832
2021-06-17 09:47:11,2757.2,167832
2021-06-17 09:47:12,2758.6,167854
2021-06-17 09:47:13,2758.6,167854
2021-06-17 09:47:14,2757.2,168028
2021-06-17 09:47:15,2757.2,168053
2021-06-17 09:47:16,2757.2,168053
2021-06-17 09:47:18,2758.2,168110
2021-06-17 09:47:19,2758.2,168110
2021-06-17 09:47:20,2758.2,168110
2021-06-17 09:47:21,2758.0,168115
2021-06-17 09:47:22,2758.15,168148
2021-06-17 09:47:23,2758.15,168148
2021-06-17 09:47:24,2758.15,168148
2021-06-17 09:47:25,2758.15,168148
2021-06-17 09:47:27,2758.15,168148
2021-06-17 09:47:28,2758.15,168148
2021-06-17 09:47:29,2758.15,168148
2021-06-17 09:47:31,2758.15,168198
2021-06-17 09:47:32,2758.15,168198
2021-06-17 09:47:33,2757.4,168202
2021-06-17 09:47:34,2757.4,168202
2021-06-17 09:47:35,2757.4,168202
2021-06-17 09:47:36,2757.4,168212
2021-06-17 09:47:37,2757.4,168212
2021-06-17 09:47:38,2757.75,168216
2021-06-17 09:47:38,2757.75,168216
2021-06-17 09:47:39,2758.95,168276
2021-06-17 09:47:40,2757.8,168303
2021-06-17 09:47:41,2759.0,168308
2021-06-17 09:47:42,2759.0,168318
2021-06-17 09:47:43,2759.95,168370
2021-06-17 09:47:46,2759.95,168370
2021-06-17 09:47:46,2759.95,168370
2021-06-17 09:47:47,2759.95,168370
2021-06-17 09:47:50,2759.0,168538
2021-06-17 09:47:50,2759.0,168538
2021-06-17 09:47:51,2759.0,168553
2021-06-17 09:47:53,2759.0,168604
2021-06-17 09:47:54,2760.0,168634
2021-06-17 09:47:55,2760.0,168650
2021-06-17 09:47:57,2760.0,168652
2021-06-17 09:47:58,2759.0,168679
2021-06-17 09:48:00,2760.0,169216
2021-06-17 09:48:02,2759.0,169233
2021-06-17 09:48:03,2759.0,169233
2021-06-17 09:48:04,2759.0,169233
2021-06-17 09:48:05,2759.0,169238
2021-06-17 09:48:06,2760.0,169291
2021-06-17 09:48:07,2759.05,169306
2021-06-17 09:48:07,2759.05,169306
2021-06-17 09:48:08,2759.05,169306
2021-06-17 09:48:09,2760.0,169411
2021-06-17 09:48:10,2760.0,169411
2021-06-17 09:48:11,2760.0,169411
2021-06-17 09:48:12,2760.0,169411
2021-06-17 09:48:13,2760.0,169466
2021-06-17 09:48:15,2760.0,169466
2021-06-17 09:48:17,2759.0,169517
2021-06-17 09:48:18,2760.0,169527
2021-06-17 09:48:18,2760.0,169551
2021-06-17 09:48:19,2759.0,169613
2021-06-17 09:48:20,2758.45,176792
2021-06-17 09:48:21,2757.5,180524
2021-06-17 09:48:22,2758.15,180534
2021-06-17 09:48:23,2757.05,180564
2021-06-17 09:48:24,2757.05,180564
2021-06-17 09:48:25,2757.0,180719
2021-06-17 09:48:26,2755.35,180819
2021-06-17 09:48:27,2755.45,180839
2021-06-17 09:48:28,2757.35,180843
2021-06-17 09:48:29,2755.45,180848
2021-06-17 09:48:30,2755.45,180848
2021-06-17 09:48:31,2757.4,180943
2021-06-17 09:48:33,2757.4,180943
2021-06-17 09:48:34,2757.4,180943
2021-06-17 09:48:35,2757.4,180943
2021-06-17 09:48:36,2755.85,180945
2021-06-17 09:48:37,2755.85,180945
2021-06-17 09:48:38,2755.85,180945
2021-06-17 09:48:39,2755.85,180945
2021-06-17 09:48:40,2757.35,180955
2021-06-17 09:48:41,2756.9,180960
2021-06-17 09:48:42,2755.9,180962
2021-06-17 09:48:43,2755.9,180962
2021-06-17 09:48:44,2755.9,180962
2021-06-17 09:48:44,2755.9,180962
2021-06-17 09:48:45,2757.3,180972
2021-06-17 09:48:46,2756.15,180973
2021-06-17 09:48:47,2756.15,180974
2021-06-17 09:48:48,2756.15,180991
2021-06-17 09:48:49,2756.15,180991
2021-06-17 09:48:50,2756.15,180991
2021-06-17 09:48:51,2756.15,180991
2021-06-17 09:48:52,2756.15,180991
2021-06-17 09:48:53,2756.15,180991
2021-06-17 09:48:55,2756.15,180991
2021-06-17 09:48:56,2756.15,180991
2021-06-17 09:48:57,2757.35,181011
2021-06-17 09:48:58,2757.35,181047
2021-06-17 09:48:59,2756.15,181052
2021-06-17 09:49:00,2756.15,181052
2021-06-17 09:49:01,2756.15,181057
2021-06-17 09:49:02,2757.25,181082
2021-06-17 09:49:03,2757.25,181082
2021-06-17 09:49:04,2757.25,181082
2021-06-17 09:49:04,2757.25,181082
2021-06-17 09:49:05,2757.3,181087
2021-06-17 09:49:06,2756.1,181137
2021-06-17 09:49:07,2756.1,181137
2021-06-17 09:49:08,2756.1,181137
2021-06-17 09:49:09,2757.15,181138
2021-06-17 09:49:11,2757.15,181138
2021-06-17 09:49:12,2756.3,181155
2021-06-17 09:49:13,2756.3,181155
2021-06-17 09:49:14,2756.3,181160
2021-06-17 09:49:15,2756.3,181160
2021-06-17 09:49:16,2757.3,181187
2021-06-17 09:49:16,2757.3,181187
2021-06-17 09:49:17,2757.3,181187
2021-06-17 09:49:18,2757.3,181187
2021-06-17 09:49:19,2757.3,181187
2021-06-17 09:49:20,2757.3,181187
2021-06-17 09:49:21,2757.3,181187
2021-06-17 09:49:22,2757.3,181202
2021-06-17 09:49:23,2757.3,181203
2021-06-17 09:49:25,2757.3,181203
2021-06-17 09:49:26,2757.3,181228
2021-06-17 09:49:28,2758.05,181420
2021-06-17 09:49:29,2758.05,181420
2021-06-17 09:49:30,2758.05,181420
2021-06-17 09:49:30,2758.05,181420
2021-06-17 09:49:31,2758.95,181445
2021-06-17 09:49:33,2758.2,181461
2021-06-17 09:49:34,2758.2,181541
2021-06-17 09:49:35,2758.2,181548
2021-06-17 09:49:36,2758.55,181575
2021-06-17 09:49:37,2758.2,181577
2021-06-17 09:49:39,2758.2,181577
2021-06-17 09:49:40,2758.2,181577
2021-06-17 09:49:41,2758.4,181594
2021-06-17 09:49:42,2758.4,181604
2021-06-17 09:49:42,2758.4,181604
2021-06-17 09:49:43,2758.4,181604
2021-06-17 09:49:44,2758.4,181604
2021-06-17 09:49:45,2758.4,181604
2021-06-17 09:49:47,2758.4,181605
2021-06-17 09:49:48,2758.4,181605
2021-06-17 09:49:49,2758.4,181606
2021-06-17 09:49:49,2758.4,181606
2021-06-17 09:49:50,2758.4,181606
2021-06-17 09:49:51,2758.2,181609
2021-06-17 09:49:52,2758.2,181616
2021-06-17 09:49:53,2758.2,181616
2021-06-17 09:49:54,2758.35,181636
2021-06-17 09:49:56,2758.35,181636
2021-06-17 09:49:56,2758.35,181636
2021-06-17 09:49:57,2758.05,181646
2021-06-17 09:49:58,2758.05,181646
2021-06-17 09:49:59,2758.05,181651
2021-06-17 09:50:00,2758.05,181651
2021-06-17 09:50:01,2758.05,181651
2021-06-17 09:50:02,2758.3,181654
2021-06-17 09:50:03,2758.3,181654
2021-06-17 09:50:04,2758.05,181675
2021-06-17 09:50:06,2758.05,181675
2021-06-17 09:50:07,2758.05,181675
2021-06-17 09:50:08,2758.35,181679
2021-06-17 09:50:08,2758.05,181681
2021-06-17 09:50:09,2757.55,181729
2021-06-17 09:50:10,2757.3,181739
2021-06-17 09:50:12,2757.3,181739
2021-06-17 09:50:14,2757.4,181755
2021-06-17 09:50:15,2756.3,181760
2021-06-17 09:50:16,2756.3,181760
2021-06-17 09:50:18,2756.3,181760
2021-06-17 09:50:19,2756.3,181760
2021-06-17 09:50:20,2756.05,181810
2021-06-17 09:50:20,2756.05,181810
2021-06-17 09:50:22,2757.4,181823
2021-06-17 09:50:23,2755.0,182185
2021-06-17 09:50:25,2755.0,182200
2021-06-17 09:50:26,2755.8,182205
2021-06-17 09:50:27,2755.8,182205
2021-06-17 09:50:28,2755.0,182229
2021-06-17 09:50:29,2755.0,182231
2021-06-17 09:50:30,2755.0,182236
2021-06-17 09:50:31,2755.0,182236
2021-06-17 09:50:32,2755.0,182236
2021-06-17 09:50:33,2755.4,182259
2021-06-17 09:50:34,2755.4,182259
2021-06-17 09:50:35,2755.0,182262
2021-06-17 09:50:36,2755.0,182335
2021-06-17 09:50:37,2754.5,182397
2021-06-17 09:50:39,2754.5,182397
2021-06-17 09:50:40,2754.5,182397
2021-06-17 09:50:41,2754.5,182397
2021-06-17 09:50:42,2754.95,182399
2021-06-17 09:50:43,2754.95,182399
2021-06-17 09:50:43,2754.95,182399
2021-06-17 09:50:44,2754.95,182399
2021-06-17 09:50:45,2754.95,182399
2021-06-17 09:50:46,2754.95,182399
2021-06-17 09:50:48,2755.0,182407
2021-06-17 09:50:49,2755.0,182407
2021-06-17 09:50:50,2754.4,182412
2021-06-17 09:50:51,2754.95,182417
2021-06-17 09:50:52,2754.95,182426
2021-06-17 09:50:53,2754.95,182426
2021-06-17 09:50:54,2755.0,182434
2021-06-17 09:50:55,2754.95,182437
2021-06-17 09:50:57,2754.95,182442
2021-06-17 09:50:59,2755.75,182546
2021-06-17 09:51:00,2755.75,182546
2021-06-17 09:51:01,2755.75,182556
2021-06-17 09:51:02,2755.65,182567
2021-06-17 09:51:03,2755.65,182567
2021-06-17 09:51:04,2756.0,183002
2021-06-17 09:51:05,2756.0,183002
2021-06-17 09:51:05,2756.0,183002
2021-06-17 09:51:06,2756.0,183002
2021-06-17 09:51:07,2756.0,183002
2021-06-17 09:51:08,2756.0,183002
2021-06-17 09:51:09,2756.0,183002
2021-06-17 09:51:11,2755.85,183130
2021-06-17 09:51:12,2755.85,183153
2021-06-17 09:51:13,2755.1,183163
2021-06-17 09:51:14,2755.9,183183
2021-06-17 09:51:15,2755.1,183321
2021-06-17 09:51:16,2755.1,183321
2021-06-17 09:51:17,2755.1,183321
2021-06-17 09:51:18,2755.1,183321
2021-06-17 09:51:19,2755.1,183321
2021-06-17 09:51:20,2755.1,183321
2021-06-17 09:51:22,2755.75,183333
2021-06-17 09:51:23,2755.75,183333
2021-06-17 09:51:24,2755.75,183333
2021-06-17 09:51:25,2755.75,183333
2021-06-17 09:51:26,2755.65,183334
2021-06-17 09:51:26,2755.1,183349
2021-06-17 09:51:27,2755.1,183350
2021-06-17 09:51:28,2754.35,183412
2021-06-17 09:51:29,2754.35,183414
2021-06-17 09:51:30,2754.35,183414
2021-06-17 09:51:32,2755.25,183494
2021-06-17 09:51:33,2754.35,183544
2021-06-17 09:51:34,2754.3,183547
2021-06-17 09:51:35,2754.3,183547
2021-06-17 09:51:36,2754.3,183547
2021-06-17 09:51:37,2755.25,183567
2021-06-17 09:51:38,2755.25,183587
2021-06-17 09:51:39,2754.0,183704
2021-06-17 09:51:40,2754.0,183704
2021-06-17 09:51:41,2754.0,183704
2021-06-17 09:51:42,2755.25,183715
2021-06-17 09:51:43,2755.25,183715
2021-06-17 09:51:44,2755.25,183718
2021-06-17 09:51:44,2755.25,183718
2021-06-17 09:51:47,2755.25,183718
2021-06-17 09:51:48,2755.25,183718
2021-06-17 09:51:49,2754.9,183719
2021-06-17 09:51:51,2756.05,184139
2021-06-17 09:51:52,2755.35,184140
2021-06-17 09:51:53,2755.35,184140
2021-06-17 09:51:54,2755.35,184140
2021-06-17 09:51:56,2757.9,184200
2021-06-17 09:51:57,2757.9,184200
2021-06-17 09:51:58,2757.9,184200
2021-06-17 09:51:59,2757.9,184200
2021-06-17 09:52:00,2757.9,184200
2021-06-17 09:52:01,2757.9,184200
2021-06-17 09:52:02,2756.8,184363
2021-06-17 09:52:02,2756.8,184363
2021-06-17 09:52:04,2756.8,184363
2021-06-17 09:52:05,2756.8,184363
2021-06-17 09:52:06,2756.8,184363
2021-06-17 09:52:07,2756.8,184363
2021-06-17 09:52:08,2756.8,184363
2021-06-17 09:52:09,2758.05,184463
2021-06-17 09:52:09,2758.3,184485
2021-06-17 09:52:11,2758.3,184485
2021-06-17 09:52:12,2758.3,184486
2021-06-17 09:52:13,2758.3,184486
2021-06-17 09:52:14,2758.3,184486
2021-06-17 09:52:15,2758.3,184486
2021-06-17 09:52:16,2756.6,184526
2021-06-17 09:52:17,2756.6,184537
2021-06-17 09:52:18,2756.6,184537
2021-06-17 09:52:21,2758.3,184548
2021-06-17 09:52:22,2758.3,184560
2021-06-17 09:52:23,2758.0,184578
2021-06-17 09:52:24,2758.0,184578
2021-06-17 09:52:25,2757.05,184584
2021-06-17 09:52:27,2757.05,184584
2021-06-17 09:52:28,2758.1,184611
2021-06-17 09:52:29,2758.1,184611
2021-06-17 09:52:30,2757.9,184632
2021-06-17 09:52:31,2757.9,184643
2021-06-17 09:52:32,2757.9,184643
2021-06-17 09:52:33,2757.9,184643
2021-06-17 09:52:34,2758.3,184818
2021-06-17 09:52:35,2758.3,184819
2021-06-17 09:52:37,2758.3,184819
2021-06-17 09:52:38,2758.3,184819
2021-06-17 09:52:39,2758.3,184819
2021-06-17 09:52:40,2758.3,184824
2021-06-17 09:52:41,2758.3,184824
2021-06-17 09:52:42,2758.25,184834
2021-06-17 09:52:43,2758.25,184834
2021-06-17 09:52:43,2758.25,184834
2021-06-17 09:52:45,2758.25,184837
2021-06-17 09:52:46,2758.25,184837
2021-06-17 09:52:47,2757.1,184905
2021-06-17 09:52:48,2758.3,184975
2021-06-17 09:52:50,2757.1,185075
2021-06-17 09:52:51,2758.0,185095
2021-06-17 09:52:51,2757.1,185075
2021-06-17 09:52:52,2756.4,185580
2021-06-17 09:52:53,2756.4,185580
2021-06-17 09:52:54,2756.4,185580
2021-06-17 09:52:56,2756.4,185580
2021-06-17 09:52:58,2755.0,185605
2021-06-17 09:52:59,2756.4,185606
2021-06-17 09:52:59,2756.4,185606
2021-06-17 09:53:00,2755.0,185615
2021-06-17 09:53:01,2755.0,185620
2021-06-17 09:53:03,2755.0,185638
2021-06-17 09:53:05,2755.0,185638
2021-06-17 09:53:06,2755.0,185638
2021-06-17 09:53:07,2756.4,185648
2021-06-17 09:53:08,2756.4,185648
2021-06-17 09:53:08,2756.4,185648
2021-06-17 09:53:09,2757.0,185656
2021-06-17 09:53:10,2757.0,185656
2021-06-17 09:53:11,2757.0,185672
2021-06-17 09:53:13,2757.0,185672
2021-06-17 09:53:14,2757.0,185672
2021-06-17 09:53:15,2757.0,185672
2021-06-17 09:53:16,2755.4,185676
2021-06-17 09:53:17,2755.4,185676
2021-06-17 09:53:18,2755.4,185676
2021-06-17 09:53:19,2755.4,185676
2021-06-17 09:53:20,2755.4,185676
2021-06-17 09:53:21,2755.4,185676
2021-06-17 09:53:22,2756.4,185687
2021-06-17 09:53:23,2756.4,185687
2021-06-17 09:53:24,2755.45,185712
2021-06-17 09:53:26,2756.4,185745
2021-06-17 09:53:27,2756.4,185745
2021-06-17 09:53:28,2755.0,185822
2021-06-17 09:53:29,2755.0,185822
2021-06-17 09:53:30,2755.0,185822
2021-06-17 09:53:31,2755.0,185822
2021-06-17 09:53:33,2755.0,185822
2021-06-17 09:53:34,2755.0,185822
2021-06-17 09:53:35,2755.0,185822
2021-06-17 09:53:36,2755.0,185822
2021-06-17 09:53:37,2755.0,185822
2021-06-17 09:53:38,2755.0,185822
2021-06-17 09:53:38,2755.0,185822
2021-06-17 09:53:40,2755.0,185822
2021-06-17 09:53:42,2756.5,185832
2021-06-17 09:53:43,2755.6,185833
2021-06-17 09:53:44,2755.6,185833
2021-06-17 09:53:45,2755.6,185833
2021-06-17 09:53:46,2755.6,185833
2021-06-17 09:53:47,2755.6,185833
2021-06-17 09:53:48,2756.5,185877
2021-06-17 09:53:49,2755.7,185887
2021-06-17 09:53:49,2756.5,185893
2021-06-17 09:53:51,2756.5,185893
2021-06-17 09:53:52,2756.5,185893
2021-06-17 09:53:53,2756.5,185893
2021-06-17 09:53:54,2756.5,185893
2021-06-17 09:53:55,2756.5,185893
2021-06-17 09:53:57,2756.0,185894
2021-06-17 09:53:57,2756.0,185894
2021-06-17 09:53:59,2755.8,185898
2021-06-17 09:54:01,2755.8,185898
2021-06-17 09:54:02,2756.5,185903
2021-06-17 09:54:05,2756.65,186038
2021-06-17 09:54:06,2756.65,186038
2021-06-17 09:54:07,2756.65,186085
2021-06-17 09:54:08,2756.5,186092
2021-06-17 09:54:09,2756.5,186094
2021-06-17 09:54:11,2756.5,186101
2021-06-17 09:54:12,2756.5,186101
2021-06-17 09:54:13,2756.5,186101
2021-06-17 09:54:15,2756.5,186101
2021-06-17 09:54:17,2756.5,186101
2021-06-17 09:54:18,2756.5,186120
2021-06-17 09:54:19,2756.5,186120
2021-06-17 09:54:20,2755.35,186584
2021-06-17 09:54:22,2757.0,186700
2021-06-17 09:54:23,2757.0,186700
2021-06-17 09:54:23,2757.0,186700
2021-06-17 09:54:24,2757.0,186700
2021-06-17 09:54:25,2757.0,186700
2021-06-17 09:54:28,2756.85,186727
2021-06-17 09:54:29,2756.85,186727
2021-06-17 09:54:30,2756.85,186727
2021-06-17 09:54:30,2756.85,186727
2021-06-17 09:54:31,2756.85,186727
2021-06-17 09:54:33,2756.85,186727
2021-06-17 09:54:34,2756.85,186727
2021-06-17 09:54:35,2756.85,186727
2021-06-17 09:54:36,2756.85,186727
2021-06-17 09:54:37,2757.0,186728
2021-06-17 09:54:38,2755.95,186747
2021-06-17 09:54:39,2755.95,186747
2021-06-17 09:54:40,2755.95,186758
2021-06-17 09:54:41,2755.95,186758
2021-06-17 09:54:42,2757.0,186769
2021-06-17 09:54:43,2757.0,186769
2021-06-17 09:54:44,2757.0,186769
2021-06-17 09:54:45,2755.95,186779
2021-06-17 09:54:46,2755.95,186779
2021-06-17 09:54:48,2755.95,186785
2021-06-17 09:54:47,2755.95,186779
2021-06-17 09:54:49,2755.95,186785
2021-06-17 09:54:50,2755.0,187135
2021-06-17 09:54:51,2755.0,187135
2021-06-17 09:54:52,2755.0,187135
2021-06-17 09:54:55,2752.0,188135
2021-06-17 09:54:56,2752.0,188135
2021-06-17 09:54:57,2752.0,188135
2021-06-17 09:54:58,2752.95,188137
2021-06-17 09:54:59,2750.65,188688
2021-06-17 09:54:59,2750.65,188688
2021-06-17 09:55:00,2750.65,188688
2021-06-17 09:55:01,2750.65,188688
2021-06-17 09:55:03,2750.65,188748
2021-06-17 09:55:04,2750.65,188748
2021-06-17 09:55:04,2750.65,188748
2021-06-17 09:55:05,2750.65,188748
2021-06-17 09:55:07,2750.65,188748
2021-06-17 09:55:08,2752.25,188749
2021-06-17 09:55:09,2752.25,188749
2021-06-17 09:55:10,2752.25,188749
2021-06-17 09:55:11,2752.0,188779
2021-06-17 09:55:12,2752.0,188779
2021-06-17 09:55:13,2752.0,188779
2021-06-17 09:55:14,2750.95,188784
2021-06-17 09:55:15,2750.95,188784
2021-06-17 09:55:16,2750.95,188784
2021-06-17 09:55:17,2750.95,188784
2021-06-17 09:55:18,2751.0,188836
2021-06-17 09:55:18,2751.0,188836
2021-06-17 09:55:20,2751.0,188837
2021-06-17 09:55:22,2752.3,188848
2021-06-17 09:55:23,2752.35,189081
2021-06-17 09:55:24,2752.35,189081
2021-06-17 09:55:25,2752.35,189081
2021-06-17 09:55:27,2751.4,189085
2021-06-17 09:55:27,2751.4,189085
2021-06-17 09:55:29,2751.0,189147
2021-06-17 09:55:31,2752.0,189173
2021-06-17 09:55:31,2752.0,189173
2021-06-17 09:55:32,2752.0,189173
2021-06-17 09:55:34,2752.0,189173
2021-06-17 09:55:35,2752.0,189173
2021-06-17 09:55:36,2752.0,189190
2021-06-17 09:55:37,2752.0,189202
2021-06-17 09:55:38,2752.0,189202
2021-06-17 09:55:38,2752.0,189202
2021-06-17 09:55:39,2752.0,189202
2021-06-17 09:55:41,2752.0,189205
2021-06-17 09:55:41,2752.0,189205
2021-06-17 09:55:42,2752.85,189216
2021-06-17 09:55:43,2752.85,189216
2021-06-17 09:55:45,2752.85,189216
2021-06-17 09:55:46,2752.9,189218
2021-06-17 09:55:48,2753.0,189306
2021-06-17 09:55:49,2753.0,189306
2021-06-17 09:55:50,2753.0,189306
2021-06-17 09:55:51,2753.0,189306
2021-06-17 09:55:52,2753.95,189356
2021-06-17 09:55:53,2753.0,189359
2021-06-17 09:55:54,2753.0,189359
2021-06-17 09:55:56,2753.0,189359
2021-06-17 09:55:55,2753.0,189359
2021-06-17 09:55:57,2753.0,189437
2021-06-17 09:55:59,2753.0,189567
2021-06-17 09:55:58,2753.0,189567
2021-06-17 09:56:00,2753.0,189567
2021-06-17 09:56:01,2753.0,189567
2021-06-17 09:56:02,2753.0,189567
2021-06-17 09:56:03,2754.55,189577
2021-06-17 09:56:04,2754.55,189577
2021-06-17 09:56:05,2754.55,189577
2021-06-17 09:56:06,2753.0,189584
2021-06-17 09:56:07,2754.2,189639
2021-06-17 09:56:08,2754.2,189639
2021-06-17 09:56:09,2754.2,189639
2021-06-17 09:56:10,2754.2,189639
2021-06-17 09:56:11,2754.2,189639
2021-06-17 09:56:12,2754.2,189639
2021-06-17 09:56:13,2754.05,189640
2021-06-17 09:56:14,2754.05,189640
2021-06-17 09:56:15,2754.0,189641
2021-06-17 09:56:16,2756.25,190620
2021-06-17 09:56:17,2755.5,190685
2021-06-17 09:56:18,2755.5,190685
2021-06-17 09:56:20,2755.5,190687
2021-06-17 09:56:21,2756.35,190825
2021-06-17 09:56:22,2755.6,190839
2021-06-17 09:56:23,2755.6,190839
2021-06-17 09:56:24,2755.6,190839
2021-06-17 09:56:25,2755.6,190839
2021-06-17 09:56:27,2755.65,190841
2021-06-17 09:56:26,2755.65,190841
2021-06-17 09:56:28,2755.25,190847
2021-06-17 09:56:29,2755.25,190847
2021-06-17 09:56:30,2755.25,190847
2021-06-17 09:56:31,2755.25,190847
2021-06-17 09:56:32,2755.25,190847
2021-06-17 09:56:33,2755.25,190847
2021-06-17 09:56:34,2755.25,190847
2021-06-17 09:56:35,2755.25,190847
2021-06-17 09:56:36,2754.85,190849
2021-06-17 09:56:37,2754.85,190849
2021-06-17 09:56:38,2754.85,190849
2021-06-17 09:56:39,2754.85,190849
2021-06-17 09:56:40,2754.85,190849
2021-06-17 09:56:41,2754.85,190849
2021-06-17 09:56:42,2755.7,190859
2021-06-17 09:56:43,2755.7,190859
2021-06-17 09:56:44,2755.7,190859
2021-06-17 09:56:45,2755.7,190859
2021-06-17 09:56:46,2755.7,190859
2021-06-17 09:56:47,2755.7,190859
2021-06-17 09:56:48,2755.7,190859
2021-06-17 09:56:49,2756.0,190984
2021-06-17 09:56:50,2756.0,190984
2021-06-17 09:56:51,2756.0,190984
2021-06-17 09:56:52,2756.5,190985
2021-06-17 09:56:53,2756.5,190985
2021-06-17 09:56:54,2756.5,190985
2021-06-17 09:56:55,2756.5,190985
2021-06-17 09:56:56,2756.5,190985
2021-06-17 09:56:57,2756.5,190985
2021-06-17 09:56:58,2756.5,190985
2021-06-17 09:56:59,2756.9,191051
2021-06-17 09:57:00,2756.9,191051
2021-06-17 09:57:01,2757.25,191053
2021-06-17 09:57:02,2757.55,191064
2021-06-17 09:57:03,2757.55,191069
2021-06-17 09:57:05,2757.55,191069
2021-06-17 09:57:06,2757.95,191074
2021-06-17 09:57:07,2757.95,191074
2021-06-17 09:57:08,2757.95,191074
2021-06-17 09:57:09,2757.95,191074
2021-06-17 09:57:10,2757.95,191074
2021-06-17 09:57:11,2757.95,191074
2021-06-17 09:57:12,2757.95,191074
2021-06-17 09:57:13,2757.95,191074
2021-06-17 09:57:14,2757.95,191074
2021-06-17 09:57:15,2757.95,191074
2021-06-17 09:57:16,2757.95,191074
2021-06-17 09:57:18,2757.95,191074
2021-06-17 09:57:19,2757.95,191074
2021-06-17 09:57:20,2757.95,191074
2021-06-17 09:57:21,2757.9,191089
2021-06-17 09:57:22,2757.9,191099
2021-06-17 09:57:23,2757.9,191099
2021-06-17 09:57:24,2756.5,191109
2021-06-17 09:57:25,2756.0,191124
2021-06-17 09:57:26,2756.5,191125
2021-06-17 09:57:27,2756.6,191130
2021-06-17 09:57:28,2756.6,191130
2021-06-17 09:57:29,2754.45,191204
2021-06-17 09:57:31,2754.45,191204
2021-06-17 09:57:30,2754.45,191204
2021-06-17 09:57:32,2754.45,191204
2021-06-17 09:57:33,2754.2,191219
2021-06-17 09:57:34,2754.2,191219
2021-06-17 09:57:35,2755.15,191599
2021-06-17 09:57:36,2755.15,191599
2021-06-17 09:57:37,2755.15,191599
2021-06-17 09:57:38,2755.15,191599
2021-06-17 09:57:39,2755.15,191599
2021-06-17 09:57:40,2755.15,191599
2021-06-17 09:57:41,2755.15,191599
2021-06-17 09:57:42,2754.45,191610
2021-06-17 09:57:43,2754.45,191610
2021-06-17 09:57:44,2755.05,191726
2021-06-17 09:57:45,2755.05,191726
2021-06-17 09:57:46,2755.05,191726
2021-06-17 09:57:47,2756.75,191746
2021-06-17 09:57:48,2756.75,191746
2021-06-17 09:57:50,2757.0,191796
2021-06-17 09:57:51,2757.0,191796
2021-06-17 09:57:52,2757.0,191796
2021-06-17 09:57:53,2757.0,191796
2021-06-17 09:57:54,2757.0,191796
2021-06-17 09:57:55,2755.7,191806
2021-06-17 09:57:56,2757.0,191906
2021-06-17 09:57:57,2757.0,191916
2021-06-17 09:57:58,2757.0,191916
2021-06-17 09:57:59,2757.0,191916
2021-06-17 09:58:00,2757.0,191916
2021-06-17 09:58:01,2757.0,191916
2021-06-17 09:58:02,2756.7,191917
2021-06-17 09:58:03,2755.8,191937
2021-06-17 09:58:04,2756.85,191947
2021-06-17 09:58:06,2756.85,191947
2021-06-17 09:58:07,2757.0,191949
2021-06-17 09:58:09,2757.0,191949
2021-06-17 09:58:10,2757.0,191949
2021-06-17 09:58:11,2755.65,192009
2021-06-17 09:58:11,2755.65,192011
2021-06-17 09:58:12,2755.65,192011
2021-06-17 09:58:13,2755.65,192011
2021-06-17 09:58:14,2755.65,192013
2021-06-17 09:58:15,2755.65,192013
2021-06-17 09:58:16,2755.0,192026
2021-06-17 09:58:20,2756.1,192035
2021-06-17 09:58:20,2756.1,192035
2021-06-17 09:58:21,2756.1,192035
2021-06-17 09:58:22,2755.95,192047
2021-06-17 09:58:24,2755.95,192047
2021-06-17 09:58:25,2755.0,192070
2021-06-17 09:58:27,2755.0,192100
2021-06-17 09:58:29,2754.7,192101
2021-06-17 09:58:30,2754.7,192101
2021-06-17 09:58:31,2755.0,192151
2021-06-17 09:58:32,2753.65,192156
2021-06-17 09:58:33,2754.95,192160
2021-06-17 09:58:34,2754.95,192160
2021-06-17 09:58:35,2753.75,192164
2021-06-17 09:58:36,2753.75,192177
2021-06-17 09:58:38,2753.75,192177
2021-06-17 09:58:39,2753.75,192177
2021-06-17 09:58:40,2753.75,192177
2021-06-17 09:58:40,2753.75,192177
2021-06-17 09:58:41,2753.75,192177
2021-06-17 09:58:42,2755.0,192189
2021-06-17 09:58:44,2755.0,192189
2021-06-17 09:58:45,2753.75,192213
2021-06-17 09:58:46,2753.75,192213
2021-06-17 09:58:47,2753.75,192213
2021-06-17 09:58:48,2753.75,192213
2021-06-17 09:58:48,2753.75,192213
2021-06-17 09:58:49,2753.75,192213
2021-06-17 09:58:50,2753.75,192213
2021-06-17 09:58:51,2753.75,192218
2021-06-17 09:58:52,2754.7,192219
2021-06-17 09:58:53,2754.7,192239
2021-06-17 09:58:54,2754.7,192239
2021-06-17 09:58:55,2754.7,192239
2021-06-17 09:58:56,2754.7,192239
2021-06-17 09:58:57,2753.75,192241
2021-06-17 09:58:58,2753.75,192241
2021-06-17 09:58:59,2753.75,192241
2021-06-17 09:59:01,2753.8,192246
2021-06-17 09:59:01,2753.8,192246
2021-06-17 09:59:03,2754.95,192249
2021-06-17 09:59:03,2754.95,192249
2021-06-17 09:59:04,2754.95,192249
2021-06-17 09:59:05,2754.95,192249
2021-06-17 09:59:06,2754.95,192249
2021-06-17 09:59:07,2755.0,192256
2021-06-17 09:59:08,2755.0,192256
2021-06-17 09:59:09,2755.0,192256
2021-06-17 09:59:11,2755.45,192271
2021-06-17 09:59:12,2755.45,192271
2021-06-17 09:59:13,2755.4,192287
2021-06-17 09:59:15,2755.4,192288
2021-06-17 09:59:15,2755.4,192288
2021-06-17 09:59:16,2755.4,192288
2021-06-17 09:59:17,2755.4,192288
2021-06-17 09:59:18,2753.95,192291
2021-06-17 09:59:19,2753.95,192291
2021-06-17 09:59:20,2753.95,192291
2021-06-17 09:59:21,2753.95,192291
2021-06-17 09:59:22,2753.95,192291
2021-06-17 09:59:23,2756.2,192296
2021-06-17 09:59:24,2756.2,192296
2021-06-17 09:59:25,2755.8,192306
2021-06-17 09:59:26,2755.8,192306
2021-06-17 09:59:28,2755.8,192306
2021-06-17 09:59:29,2755.8,192306
2021-06-17 09:59:30,2755.0,192368
2021-06-17 09:59:31,2755.0,192368
2021-06-17 09:59:32,2755.0,192368
2021-06-17 09:59:34,2755.0,192369
2021-06-17 09:59:34,2755.0,192369
2021-06-17 09:59:35,2755.0,192369
2021-06-17 09:59:36,2755.0,192389
2021-06-17 09:59:37,2755.0,192389
2021-06-17 09:59:38,2755.0,192389
2021-06-17 09:59:39,2755.0,192389
2021-06-17 09:59:40,2755.0,192389
2021-06-17 09:59:41,2755.0,192389
2021-06-17 09:59:42,2755.7,192399
2021-06-17 09:59:43,2755.7,192399
2021-06-17 09:59:44,2755.7,192399
2021-06-17 09:59:45,2755.0,192449
2021-06-17 09:59:46,2755.0,192451
2021-06-17 09:59:47,2755.0,192451
2021-06-17 09:59:49,2755.0,192451
2021-06-17 09:59:50,2755.0,192451
2021-06-17 09:59:51,2755.0,192451
2021-06-17 09:59:52,2755.0,192452
2021-06-17 09:59:53,2755.0,192452
2021-06-17 09:59:55,2755.0,192452
2021-06-17 09:59:56,2755.0,192452
2021-06-17 09:59:57,2755.0,192452
2021-06-17 09:59:58,2755.0,192452
2021-06-17 09:59:59,2755.0,192452
2021-06-17 10:00:01,2755.0,192452
2021-06-17 10:00:02,2755.5,192812
2021-06-17 10:00:02,2755.5,192812
2021-06-17 10:00:03,2755.5,192812
2021-06-17 10:00:05,2755.5,192812
2021-06-17 10:00:06,2755.5,192812
2021-06-17 10:00:07,2755.5,192812
2021-06-17 10:00:09,2755.5,192812
2021-06-17 10:00:10,2755.5,192812
2021-06-17 10:00:11,2755.5,192812
2021-06-17 10:00:12,2755.5,192812
2021-06-17 10:00:13,2755.0,192816
2021-06-17 10:00:15,2755.0,192816
2021-06-17 10:00:16,2755.0,192816
2021-06-17 10:00:17,2755.0,192866
2021-06-17 10:00:18,2755.0,192866
2021-06-17 10:00:19,2755.0,192866
2021-06-17 10:00:20,2755.0,192866
2021-06-17 10:00:21,2755.5,192916
2021-06-17 10:00:22,2755.5,192927
2021-06-17 10:00:23,2755.5,192927
2021-06-17 10:00:24,2755.5,192927
2021-06-17 10:00:26,2755.5,192927
2021-06-17 10:00:27,2755.5,192927
2021-06-17 10:00:28,2755.5,192927
2021-06-17 10:00:29,2755.5,192927
2021-06-17 10:00:30,2755.5,192927
2021-06-17 10:00:31,2756.0,192985
2021-06-17 10:00:32,2756.0,192985
2021-06-17 10:00:33,2756.0,192985
2021-06-17 10:00:35,2756.0,192985
2021-06-17 10:00:36,2756.0,192985
2021-06-17 10:00:36,2756.0,192985
2021-06-17 10:00:38,2756.0,192985
2021-06-17 10:00:38,2756.0,192985
2021-06-17 10:00:39,2755.65,192987
2021-06-17 10:00:41,2755.55,192994
2021-06-17 10:00:44,2755.7,193066
2021-06-17 10:00:45,2755.7,193066
2021-06-17 10:00:45,2755.7,193066
2021-06-17 10:00:46,2755.35,193070
2021-06-17 10:00:47,2755.35,193073
2021-06-17 10:00:48,2755.35,193073
2021-06-17 10:00:49,2756.7,193107
2021-06-17 10:00:50,2756.7,193107
2021-06-17 10:00:52,2756.45,193164
2021-06-17 10:00:53,2755.0,193174
2021-06-17 10:00:54,2755.0,193174
2021-06-17 10:00:55,2756.4,193175
2021-06-17 10:00:56,2756.95,193176
2021-06-17 10:00:57,2756.95,193176
2021-06-17 10:00:58,2756.95,193176
2021-06-17 10:00:59,2756.95,193176
2021-06-17 10:01:00,2755.05,193179
2021-06-17 10:01:02,2756.0,193187
2021-06-17 10:01:03,2755.0,193208
2021-06-17 10:01:04,2755.0,193208
2021-06-17 10:01:05,2755.0,193208
2021-06-17 10:01:06,2755.0,193248
2021-06-17 10:01:07,2755.0,193251
2021-06-17 10:01:08,2755.0,193251
2021-06-17 10:01:09,2755.0,193251
2021-06-17 10:01:11,2755.0,193603
2021-06-17 10:01:12,2755.0,193603
2021-06-17 10:01:13,2755.0,193603
2021-06-17 10:01:14,2755.0,193603
2021-06-17 10:01:14,2755.0,193603
2021-06-17 10:01:15,2755.0,193613
2021-06-17 10:01:16,2755.0,193613
2021-06-17 10:01:18,2755.0,193613
2021-06-17 10:01:19,2755.05,193614
2021-06-17 10:01:20,2755.05,193614
2021-06-17 10:01:21,2755.5,193635
2021-06-17 10:01:22,2755.5,193635
2021-06-17 10:01:23,2755.5,193635
2021-06-17 10:01:25,2755.5,193635
2021-06-17 10:01:26,2755.5,193640
2021-06-17 10:01:26,2755.5,193644
2021-06-17 10:01:27,2755.0,193658
2021-06-17 10:01:28,2755.0,193722
2021-06-17 10:01:29,2755.0,193742
2021-06-17 10:01:31,2755.0,193745
2021-06-17 10:01:31,2755.0,193745
2021-06-17 10:01:32,2755.0,193745
2021-06-17 10:01:33,2755.0,193755
2021-06-17 10:01:35,2755.0,193772
2021-06-17 10:01:36,2755.0,193772
2021-06-17 10:01:37,2755.5,193822
2021-06-17 10:01:38,2755.5,193822
2021-06-17 10:01:38,2755.5,193823
2021-06-17 10:01:40,2755.5,193823
2021-06-17 10:01:40,2755.5,193823
2021-06-17 10:01:41,2755.5,193823
2021-06-17 10:01:43,2755.5,193823
2021-06-17 10:01:44,2755.0,193824
2021-06-17 10:01:45,2755.0,193824
2021-06-17 10:01:46,2755.0,193824
2021-06-17 10:01:47,2755.0,193829
2021-06-17 10:01:47,2755.5,193929
2021-06-17 10:01:48,2755.5,193929
2021-06-17 10:01:49,2755.5,193929
2021-06-17 10:01:51,2755.5,193929
2021-06-17 10:01:52,2755.5,193944
2021-06-17 10:01:53,2755.5,193944
2021-06-17 10:01:54,2755.5,193944
2021-06-17 10:01:55,2755.5,193944
2021-06-17 10:01:56,2755.0,193947
2021-06-17 10:01:57,2755.0,193947
2021-06-17 10:01:58,2755.0,193955
2021-06-17 10:01:59,2755.6,193963
2021-06-17 10:02:00,2755.6,193963
2021-06-17 10:02:01,2755.0,193968
2021-06-17 10:02:03,2755.0,193977
2021-06-17 10:02:04,2755.0,193983
2021-06-17 10:02:05,2755.0,193984
2021-06-17 10:02:05,2755.0,193984
2021-06-17 10:02:06,2755.0,193997
2021-06-17 10:02:08,2755.0,193997
2021-06-17 10:02:09,2755.0,193997
2021-06-17 10:02:10,2755.0,194001
2021-06-17 10:02:12,2755.0,194006
2021-06-17 10:02:13,2755.0,194006
2021-06-17 10:02:14,2755.0,194006
2021-06-17 10:02:15,2755.0,194008
2021-06-17 10:02:16,2755.0,194008
2021-06-17 10:02:18,2755.0,194008
2021-06-17 10:02:19,2755.0,194008
2021-06-17 10:02:20,2755.0,194008
2021-06-17 10:02:21,2755.0,194008
2021-06-17 10:02:22,2755.0,194008
2021-06-17 10:02:25,2755.1,194009
2021-06-17 10:02:26,2755.1,194009
2021-06-17 10:02:27,2755.1,194009
2021-06-17 10:02:28,2755.1,194009
2021-06-17 10:02:29,2755.6,194020
2021-06-17 10:02:30,2755.6,194020
2021-06-17 10:02:31,2755.1,194021
2021-06-17 10:02:32,2755.1,194021
2021-06-17 10:02:34,2755.1,194031
2021-06-17 10:02:35,2755.1,194031
2021-06-17 10:02:36,2755.1,194031
2021-06-17 10:02:37,2755.1,194031
2021-06-17 10:02:38,2755.1,194031
2021-06-17 10:02:39,2755.1,194031
2021-06-17 10:02:40,2755.1,194031
2021-06-17 10:02:41,2755.5,194035
2021-06-17 10:02:42,2755.5,194035
2021-06-17 10:02:43,2755.5,194035
2021-06-17 10:02:44,2755.5,194035
2021-06-17 10:02:45,2755.5,194035
2021-06-17 10:02:46,2755.5,194035
2021-06-17 10:02:47,2755.5,194035
2021-06-17 10:02:48,2755.5,194035
2021-06-17 10:02:49,2755.45,194038
2021-06-17 10:02:50,2755.6,194058
2021-06-17 10:02:51,2755.6,194058
2021-06-17 10:02:52,2755.6,194058
2021-06-17 10:02:53,2755.1,194069
2021-06-17 10:02:54,2755.1,194069
2021-06-17 10:02:55,2755.1,194079
2021-06-17 10:02:56,2755.5,194081
2021-06-17 10:02:58,2755.1,194082
2021-06-17 10:02:59,2754.7,194396
2021-06-17 10:03:00,2754.7,194396
2021-06-17 10:03:01,2754.7,194396
2021-06-17 10:03:02,2754.7,194396
2021-06-17 10:03:03,2754.65,194446
2021-06-17 10:03:04,2754.9,194495
2021-06-17 10:03:06,2753.15,194715
2021-06-17 10:03:07,2753.8,194717
2021-06-17 10:03:08,2753.8,194717
2021-06-17 10:03:10,2753.8,194718
2021-06-17 10:03:11,2753.8,194718
2021-06-17 10:03:12,2753.8,194718
2021-06-17 10:03:13,2753.8,194718
2021-06-17 10:03:14,2753.8,194718
2021-06-17 10:03:16,2753.65,194723
2021-06-17 10:03:17,2753.65,194723
2021-06-17 10:03:18,2755.15,194798
2021-06-17 10:03:19,2755.15,194798
2021-06-17 10:03:19,2755.15,194798
2021-06-17 10:03:21,2755.15,194798
2021-06-17 10:03:22,2755.15,194798
2021-06-17 10:03:24,2753.8,194805
2021-06-17 10:03:25,2753.8,194814
2021-06-17 10:03:26,2753.8,194821
2021-06-17 10:03:27,2753.8,194821
2021-06-17 10:03:28,2753.8,194826
2021-06-17 10:03:29,2753.0,194891
2021-06-17 10:03:30,2753.0,194902
2021-06-17 10:03:31,2753.0,194902
2021-06-17 10:03:32,2753.0,194902
2021-06-17 10:03:33,2753.0,194902
2021-06-17 10:03:34,2753.0,194902
2021-06-17 10:03:35,2753.0,194902
2021-06-17 10:03:36,2753.0,194902
2021-06-17 10:03:37,2753.0,194904
2021-06-17 10:03:38,2753.0,194904
2021-06-17 10:03:39,2753.0,194904
2021-06-17 10:03:40,2753.0,194904
2021-06-17 10:03:41,2753.0,194904
2021-06-17 10:03:43,2753.0,194904
2021-06-17 10:03:44,2753.0,194904
2021-06-17 10:03:46,2753.0,194904
2021-06-17 10:03:48,2755.0,195039
2021-06-17 10:03:49,2755.0,195039
2021-06-17 10:03:50,2755.0,195039
2021-06-17 10:03:51,2755.0,195039
2021-06-17 10:03:51,2755.0,195039
2021-06-17 10:03:52,2755.0,195039
2021-06-17 10:03:53,2753.1,195040
2021-06-17 10:03:54,2753.1,195040
2021-06-17 10:03:56,2753.1,195040
2021-06-17 10:03:56,2753.1,195040
2021-06-17 10:03:57,2753.1,195040
2021-06-17 10:03:59,2751.75,195392
2021-06-17 10:04:00,2751.75,195392
2021-06-17 10:04:01,2751.75,195392
2021-06-17 10:04:02,2751.75,195392
2021-06-17 10:04:03,2751.75,195392
2021-06-17 10:04:04,2751.75,195392
2021-06-17 10:04:05,2751.45,195407
2021-06-17 10:04:06,2751.45,195407
2021-06-17 10:04:07,2751.45,195407
2021-06-17 10:04:08,2751.45,195407
2021-06-17 10:04:10,2751.45,195407
2021-06-17 10:04:11,2751.45,195407
2021-06-17 10:04:12,2751.45,195407
2021-06-17 10:04:13,2751.45,195407
2021-06-17 10:04:14,2751.45,195407
2021-06-17 10:04:15,2751.45,195407
2021-06-17 10:04:16,2751.45,195421
2021-06-17 10:04:17,2751.45,195421
2021-06-17 10:04:18,2751.45,195421
2021-06-17 10:04:19,2751.45,195421
2021-06-17 10:04:20,2751.45,195421
2021-06-17 10:04:21,2751.45,195421
2021-06-17 10:04:22,2751.8,195433
2021-06-17 10:04:24,2753.1,195443
2021-06-17 10:04:25,2753.1,195443
2021-06-17 10:04:26,2753.1,195443
2021-06-17 10:04:27,2753.1,195443
2021-06-17 10:04:28,2752.15,195448
2021-06-17 10:04:29,2752.15,195448
2021-06-17 10:04:30,2752.15,195448
2021-06-17 10:04:32,2753.95,195525
2021-06-17 10:04:33,2753.95,195525
2021-06-17 10:04:34,2753.95,195525
2021-06-17 10:04:35,2753.65,195550
2021-06-17 10:04:36,2753.65,195550
2021-06-17 10:04:37,2753.65,195550
2021-06-17 10:04:38,2753.65,195550
2021-06-17 10:04:40,2753.65,195550
2021-06-17 10:04:41,2753.65,195550
2021-06-17 10:04:43,2753.65,195550
2021-06-17 10:04:44,2753.15,195555
2021-06-17 10:04:45,2753.15,195555
2021-06-17 10:04:45,2753.15,195555
2021-06-17 10:04:46,2753.15,195555
2021-06-17 10:04:47,2753.15,195555
2021-06-17 10:04:48,2753.15,195555
2021-06-17 10:04:50,2753.15,195555
2021-06-17 10:04:51,2753.15,195555
2021-06-17 10:04:52,2753.15,195555
2021-06-17 10:04:53,2753.15,195565
2021-06-17 10:04:54,2753.15,195565
2021-06-17 10:04:56,2753.15,195565
2021-06-17 10:04:57,2753.15,195565
2021-06-17 10:04:58,2753.15,195565
2021-06-17 10:04:59,2753.15,195565
2021-06-17 10:05:01,2753.15,195565
2021-06-17 10:05:02,2753.15,195565
2021-06-17 10:05:03,2753.15,195565
2021-06-17 10:05:04,2753.15,195565
2021-06-17 10:05:06,2753.15,195565
2021-06-17 10:05:07,2753.15,195565
2021-06-17 10:05:08,2753.15,195565
2021-06-17 10:05:09,2753.15,195565
2021-06-17 10:05:10,2753.15,195565
2021-06-17 10:05:10,2753.15,195565
2021-06-17 10:05:11,2753.15,195565
2021-06-17 10:05:13,2752.0,195566
2021-06-17 10:05:14,2752.0,195566
2021-06-17 10:05:15,2752.0,195566
2021-06-17 10:05:17,2752.0,195566
2021-06-17 10:05:18,2752.0,195566
2021-06-17 10:05:19,2752.0,195566
2021-06-17 10:05:20,2752.0,195566
2021-06-17 10:05:21,2752.0,195566
2021-06-17 10:05:22,2752.0,195566
2021-06-17 10:05:25,2752.0,195566
2021-06-17 10:05:26,2751.95,195569
2021-06-17 10:05:27,2751.95,195569
2021-06-17 10:05:28,2751.95,195569
2021-06-17 10:05:29,2751.95,195569
2021-06-17 10:05:30,2751.95,195569
2021-06-17 10:05:31,2751.95,195569
2021-06-17 10:05:32,2751.95,195569
2021-06-17 10:05:34,2751.5,195658
2021-06-17 10:05:35,2751.5,195658
2021-06-17 10:05:36,2751.5,195658
2021-06-17 10:05:37,2751.5,195658
2021-06-17 10:05:38,2751.5,195658
2021-06-17 10:05:39,2751.5,195658
2021-06-17 10:05:40,2751.5,195658
2021-06-17 10:05:41,2751.5,195660
2021-06-17 10:05:42,2751.5,195660
2021-06-17 10:05:43,2751.5,195660
2021-06-17 10:05:44,2751.5,195661
2021-06-17 10:05:45,2751.5,195663
2021-06-17 10:05:46,2751.5,195666
2021-06-17 10:05:47,2751.1,196417
2021-06-17 10:05:48,2751.1,196417
2021-06-17 10:05:49,2750.15,196487
2021-06-17 10:05:50,2750.25,198088
2021-06-17 10:05:51,2750.0,198109
2021-06-17 10:05:52,2750.45,198110
2021-06-17 10:05:53,2750.45,198110
2021-06-17 10:05:54,2750.45,198128
2021-06-17 10:05:55,2750.0,198133
2021-06-17 10:05:56,2751.1,198333
2021-06-17 10:05:57,2750.05,198342
2021-06-17 10:05:59,2750.05,198358
2021-06-17 10:06:00,2750.05,198358
2021-06-17 10:06:01,2750.05,198358
2021-06-17 10:06:02,2750.05,198358
2021-06-17 10:06:03,2750.15,198375
2021-06-17 10:06:04,2750.15,198375
2021-06-17 10:06:05,2750.15,198375
2021-06-17 10:06:06,2750.15,198375
2021-06-17 10:06:07,2750.15,198375
2021-06-17 10:06:08,2750.15,198375
2021-06-17 10:06:09,2750.0,198415
2021-06-17 10:06:10,2750.0,198415
2021-06-17 10:06:11,2750.0,198415
2021-06-17 10:06:12,2750.0,198415
2021-06-17 10:06:13,2750.0,198415
2021-06-17 10:06:14,2750.0,198415
2021-06-17 10:06:15,2751.3,198430
2021-06-17 10:06:16,2751.3,198430
2021-06-17 10:06:17,2751.3,198430
2021-06-17 10:06:18,2751.3,198430
2021-06-17 10:06:19,2751.3,198430
2021-06-17 10:06:21,2751.3,198430
2021-06-17 10:06:22,2751.3,198430
2021-06-17 10:06:23,2750.05,198444
2021-06-17 10:06:24,2750.05,198444
2021-06-17 10:06:25,2750.0,198448
2021-06-17 10:06:26,2750.0,198448
2021-06-17 10:06:27,2751.0,198449
2021-06-17 10:06:28,2751.0,198449
2021-06-17 10:06:29,2751.0,198449
2021-06-17 10:06:30,2751.0,198449
2021-06-17 10:06:31,2751.0,198449
2021-06-17 10:06:32,2751.0,198449
2021-06-17 10:06:34,2751.0,198449
2021-06-17 10:06:35,2750.05,198457
2021-06-17 10:06:36,2750.05,198457
2021-06-17 10:06:37,2750.05,198457
2021-06-17 10:06:38,2750.05,198457
2021-06-17 10:06:39,2750.05,198457
2021-06-17 10:06:40,2750.05,198457
2021-06-17 10:06:41,2750.05,198457
2021-06-17 10:06:43,2750.05,198457
2021-06-17 10:06:44,2750.05,198457
2021-06-17 10:06:45,2750.05,198457
2021-06-17 10:06:47,2750.2,198462
2021-06-17 10:06:48,2750.2,198462
2021-06-17 10:06:49,2750.5,198469
2021-06-17 10:06:50,2750.5,198469
2021-06-17 10:06:51,2750.5,198469
2021-06-17 10:06:52,2750.5,198471
2021-06-17 10:06:53,2750.05,198473
2021-06-17 10:06:54,2750.05,198473
2021-06-17 10:06:55,2750.05,198473
2021-06-17 10:06:56,2750.5,198478
2021-06-17 10:06:57,2750.5,198628
2021-06-17 10:06:58,2750.5,198628
2021-06-17 10:06:59,2750.5,198647
2021-06-17 10:07:00,2750.5,198647
2021-06-17 10:07:01,2750.05,198652
2021-06-17 10:07:03,2750.1,198655
2021-06-17 10:07:04,2750.1,198656
2021-06-17 10:07:05,2750.5,198663
2021-06-17 10:07:06,2750.5,198663
2021-06-17 10:07:07,2750.5,198663
2021-06-17 10:07:08,2750.1,198670
2021-06-17 10:07:09,2750.1,198670
2021-06-17 10:07:10,2750.1,198670
2021-06-17 10:07:11,2750.1,198670
2021-06-17 10:07:12,2750.1,198670
2021-06-17 10:07:13,2750.1,198670
2021-06-17 10:07:14,2750.1,198670
2021-06-17 10:07:15,2750.1,198673
2021-06-17 10:07:16,2750.5,198683
2021-06-17 10:07:17,2750.5,198683
2021-06-17 10:07:18,2750.5,198683
2021-06-17 10:07:20,2750.1,198700
2021-06-17 10:07:21,2750.1,198700
2021-06-17 10:07:23,2750.5,198750
2021-06-17 10:07:24,2750.5,198750
2021-06-17 10:07:26,2750.5,198807
2021-06-17 10:07:27,2750.5,198807
2021-06-17 10:07:28,2750.5,198807
2021-06-17 10:07:29,2750.05,198887
2021-06-17 10:07:30,2750.5,198895
2021-06-17 10:07:31,2750.5,198895
2021-06-17 10:07:32,2750.5,198895
2021-06-17 10:07:33,2750.5,198895
2021-06-17 10:07:34,2750.5,198895
2021-06-17 10:07:35,2750.5,198895
2021-06-17 10:07:36,2751.0,199130
2021-06-17 10:07:37,2750.55,199182
2021-06-17 10:07:38,2750.35,199184
2021-06-17 10:07:39,2750.35,199184
2021-06-17 10:07:41,2750.35,199184
2021-06-17 10:07:40,2750.35,199184
2021-06-17 10:07:42,2750.2,199191
2021-06-17 10:07:43,2751.45,199192
2021-06-17 10:07:44,2750.2,199196
2021-06-17 10:07:46,2750.2,199196
2021-06-17 10:07:47,2750.2,199196
2021-06-17 10:07:48,2751.55,199201
2021-06-17 10:07:49,2751.55,199201
2021-06-17 10:07:50,2751.55,199201
2021-06-17 10:07:51,2751.55,199201
2021-06-17 10:07:52,2750.55,199221
2021-06-17 10:07:53,2750.55,199221
2021-06-17 10:07:54,2750.55,199221
2021-06-17 10:07:55,2750.55,199221
2021-06-17 10:07:57,2750.55,199221
2021-06-17 10:07:58,2750.55,199221
2021-06-17 10:07:59,2750.55,199221
2021-06-17 10:08:00,2750.55,199221
2021-06-17 10:08:01,2750.55,199221
2021-06-17 10:08:02,2750.55,199221
2021-06-17 10:08:03,2750.55,199221
2021-06-17 10:08:04,2750.55,199221
2021-06-17 10:08:06,2750.55,199221
2021-06-17 10:08:05,2750.55,199221
2021-06-17 10:08:07,2750.55,199221
2021-06-17 10:08:08,2750.35,199223
2021-06-17 10:08:09,2750.35,199223
2021-06-17 10:08:11,2750.35,199223
2021-06-17 10:08:10,2750.35,199223
2021-06-17 10:08:12,2750.35,199236
2021-06-17 10:08:13,2750.35,199236
2021-06-17 10:08:15,2750.35,199236
2021-06-17 10:08:14,2750.35,199236
2021-06-17 10:08:16,2750.35,199238
2021-06-17 10:08:17,2750.35,199238
2021-06-17 10:08:18,2750.35,199238
2021-06-17 10:08:19,2750.0,199598
2021-06-17 10:08:20,2750.0,199598
2021-06-17 10:08:21,2750.0,199598
2021-06-17 10:08:22,2750.0,199628
2021-06-17 10:08:24,2750.0,199632
2021-06-17 10:08:23,2750.0,199632
2021-06-17 10:08:25,2750.0,199632
2021-06-17 10:08:26,2750.0,199632
2021-06-17 10:08:27,2750.0,199632
2021-06-17 10:08:28,2750.0,199642
2021-06-17 10:08:29,2750.0,199642
2021-06-17 10:08:30,2750.0,199642
2021-06-17 10:08:31,2750.0,199642
2021-06-17 10:08:32,2750.0,199642
2021-06-17 10:08:33,2750.0,199642
2021-06-17 10:08:35,2750.0,199642
2021-06-17 10:08:36,2750.0,199642
2021-06-17 10:08:38,2750.0,199642
2021-06-17 10:08:39,2750.0,199642
2021-06-17 10:08:40,2750.0,199642
2021-06-17 10:08:41,2750.0,199642
2021-06-17 10:08:42,2750.0,199642
2021-06-17 10:08:44,2750.0,199642
2021-06-17 10:08:45,2750.0,199642
2021-06-17 10:08:47,2750.0,199642
2021-06-17 10:08:47,2750.0,199642
2021-06-17 10:08:49,2750.0,199642
2021-06-17 10:08:50,2750.0,199642
2021-06-17 10:08:51,2750.0,199652
2021-06-17 10:08:51,2751.15,199657
2021-06-17 10:08:52,2751.15,199657
2021-06-17 10:08:54,2751.15,199711
2021-06-17 10:08:54,2751.15,199711
2021-06-17 10:08:55,2750.65,199713
2021-06-17 10:08:56,2750.65,199713
2021-06-17 10:08:57,2750.65,199718
2021-06-17 10:08:58,2750.65,199718
2021-06-17 10:08:59,2750.65,199722
2021-06-17 10:09:00,2750.65,199722
2021-06-17 10:09:01,2750.65,199722
2021-06-17 10:09:02,2750.65,199722
2021-06-17 10:09:03,2750.65,199722
2021-06-17 10:09:04,2750.65,199739
2021-06-17 10:09:05,2750.65,199739
2021-06-17 10:09:06,2750.65,199741
2021-06-17 10:09:07,2750.65,199741
2021-06-17 10:09:08,2750.65,199741
2021-06-17 10:09:09,2751.6,199743
2021-06-17 10:09:10,2751.6,199743
2021-06-17 10:09:12,2751.6,199743
2021-06-17 10:09:13,2751.6,199743
2021-06-17 10:09:14,2751.6,199743
2021-06-17 10:09:15,2751.6,199743
2021-06-17 10:09:18,2751.6,199743
2021-06-17 10:09:18,2751.6,199743
2021-06-17 10:09:19,2751.6,199743
2021-06-17 10:09:20,2751.6,199743
2021-06-17 10:09:21,2751.6,199743
2021-06-17 10:09:22,2751.6,199743
2021-06-17 10:09:23,2751.6,199743
2021-06-17 10:09:24,2751.6,199743
2021-06-17 10:09:25,2752.4,199936
2021-06-17 10:09:26,2752.4,199936
2021-06-17 10:09:27,2752.4,199936
2021-06-17 10:09:28,2752.4,199936
2021-06-17 10:09:29,2752.0,199998
2021-06-17 10:09:30,2753.4,199999
2021-06-17 10:09:31,2753.4,200000
2021-06-17 10:09:33,2753.4,200000
2021-06-17 10:09:34,2753.4,200000
2021-06-17 10:09:34,2753.4,200000
2021-06-17 10:09:35,2753.4,200000
2021-06-17 10:09:36,2752.15,200025
2021-06-17 10:09:37,2753.65,200033
2021-06-17 10:09:38,2752.2,200043
2021-06-17 10:09:39,2752.2,200043
2021-06-17 10:09:42,2753.65,200044
2021-06-17 10:09:42,2753.65,200044
2021-06-17 10:09:43,2753.65,200044
2021-06-17 10:09:44,2753.65,200044
2021-06-17 10:09:45,2753.65,200044
2021-06-17 10:09:46,2753.65,200044
2021-06-17 10:09:47,2753.65,200044
2021-06-17 10:09:48,2753.65,200044
2021-06-17 10:09:49,2753.65,200044
2021-06-17 10:09:50,2752.0,200062
2021-06-17 10:09:52,2752.0,200085
2021-06-17 10:09:53,2752.0,200085
2021-06-17 10:09:55,2752.0,200085
2021-06-17 10:09:55,2752.0,200085
2021-06-17 10:09:56,2752.0,200085
2021-06-17 10:09:57,2752.0,200085
2021-06-17 10:09:59,2752.0,200085
2021-06-17 10:10:00,2752.4,200087
2021-06-17 10:10:01,2752.4,200087
2021-06-17 10:10:01,2752.4,200087
2021-06-17 10:10:02,2752.4,200087
2021-06-17 10:10:03,2752.4,200088
2021-06-17 10:10:04,2752.0,200089
2021-06-17 10:10:05,2752.0,200089
2021-06-17 10:10:06,2752.0,200089
2021-06-17 10:10:07,2752.0,200089
2021-06-17 10:10:08,2752.0,200089
2021-06-17 10:10:09,2752.0,200089
2021-06-17 10:10:10,2752.0,200089
2021-06-17 10:10:11,2752.0,200089
2021-06-17 10:10:13,2752.0,200089
2021-06-17 10:10:12,2752.0,200089
2021-06-17 10:10:14,2752.0,200089
2021-06-17 10:10:15,2752.0,200089
2021-06-17 10:10:16,2752.0,200089
2021-06-17 10:10:18,2752.0,200089
2021-06-17 10:10:18,2752.0,200089
2021-06-17 10:10:19,2752.0,200089
2021-06-17 10:10:21,2752.0,200103
2021-06-17 10:10:21,2752.0,200103
2021-06-17 10:10:22,2752.0,200103
2021-06-17 10:10:23,2752.0,200103
2021-06-17 10:10:24,2752.0,200103
2021-06-17 10:10:25,2752.0,200103
2021-06-17 10:10:26,2752.0,200103
2021-06-17 10:10:27,2752.0,200103
2021-06-17 10:10:28,2752.0,200103
2021-06-17 10:10:30,2752.0,200103
2021-06-17 10:10:30,2752.0,200103
2021-06-17 10:10:31,2752.0,200103
2021-06-17 10:10:32,2752.0,200103
2021-06-17 10:10:33,2752.0,200103
2021-06-17 10:10:34,2752.0,200103
2021-06-17 10:10:35,2751.95,200104
2021-06-17 10:10:36,2751.95,200114
2021-06-17 10:10:38,2751.95,200114
2021-06-17 10:10:38,2751.95,200114
2021-06-17 10:10:39,2751.95,200114
2021-06-17 10:10:40,2751.95,200114
2021-06-17 10:10:41,2751.95,200120
2021-06-17 10:10:42,2751.95,200120
2021-06-17 10:10:43,2751.95,200120
2021-06-17 10:10:44,2751.95,200120
2021-06-17 10:10:45,2751.95,200120
2021-06-17 10:10:46,2751.0,200170
2021-06-17 10:10:48,2751.0,200170
2021-06-17 10:10:48,2751.0,200170
2021-06-17 10:10:49,2751.0,200170
2021-06-17 10:10:50,2751.0,200170
2021-06-17 10:10:51,2751.0,200170
2021-06-17 10:10:53,2751.0,200170
2021-06-17 10:10:54,2752.0,200420
2021-06-17 10:10:55,2752.0,200420
2021-06-17 10:10:56,2752.0,200420
2021-06-17 10:10:58,2752.0,200420
2021-06-17 10:11:00,2752.0,200420
2021-06-17 10:11:01,2751.1,200467
2021-06-17 10:11:02,2751.1,200467
2021-06-17 10:11:02,2751.1,200467
2021-06-17 10:11:03,2751.1,200467
2021-06-17 10:11:04,2751.1,200467
2021-06-17 10:11:06,2752.0,200501
2021-06-17 10:11:08,2752.0,200501
2021-06-17 10:11:09,2752.0,200501
2021-06-17 10:11:10,2752.0,200502
2021-06-17 10:11:11,2752.0,200502
2021-06-17 10:11:12,2752.0,200502
2021-06-17 10:11:12,2752.0,200502
2021-06-17 10:11:13,2752.0,200502
2021-06-17 10:11:14,2752.0,200502
2021-06-17 10:11:15,2752.0,200502
2021-06-17 10:11:16,2752.0,200502
2021-06-17 10:11:17,2752.9,200503
2021-06-17 10:11:18,2752.9,200503
2021-06-17 10:11:19,2752.9,200504
2021-06-17 10:11:20,2752.9,200504
2021-06-17 10:11:23,2752.9,200504
2021-06-17 10:11:24,2752.9,200504
2021-06-17 10:11:26,2752.8,200506
2021-06-17 10:11:26,2752.8,200506
2021-06-17 10:11:28,2752.0,200568
2021-06-17 10:11:28,2752.0,200568
2021-06-17 10:11:29,2752.9,200734
2021-06-17 10:11:30,2752.9,200734
2021-06-17 10:11:31,2752.9,200734
2021-06-17 10:11:33,2752.9,200734
2021-06-17 10:11:35,2752.0,200735
2021-06-17 10:11:36,2752.0,200735
2021-06-17 10:11:36,2753.0,200871
2021-06-17 10:11:37,2753.0,200871
2021-06-17 10:11:38,2753.0,200871
2021-06-17 10:11:40,2753.0,200871
2021-06-17 10:11:40,2753.0,200871
2021-06-17 10:11:41,2753.0,200871
2021-06-17 10:11:42,2754.0,201129
2021-06-17 10:11:43,2754.0,201129
2021-06-17 10:11:44,2754.05,201139
2021-06-17 10:11:45,2754.05,201139
2021-06-17 10:11:46,2754.05,201139
2021-06-17 10:11:48,2754.05,201139
2021-06-17 10:11:49,2754.45,201140
2021-06-17 10:11:50,2754.5,201153
2021-06-17 10:11:50,2754.5,201153
2021-06-17 10:11:51,2755.7,201203
2021-06-17 10:11:52,2755.7,201203
2021-06-17 10:11:53,2755.9,201219
2021-06-17 10:11:54,2755.9,201219
2021-06-17 10:11:56,2755.9,201219
2021-06-17 10:11:56,2755.9,201219
2021-06-17 10:11:57,2755.9,201219
2021-06-17 10:11:58,2755.9,201223
2021-06-17 10:11:59,2755.9,201223
2021-06-17 10:12:01,2755.9,201223
2021-06-17 10:12:02,2755.9,201223
2021-06-17 10:12:02,2755.9,201223
2021-06-17 10:12:03,2755.05,201233
2021-06-17 10:12:04,2755.05,201233
2021-06-17 10:12:07,2755.9,201234
2021-06-17 10:12:08,2755.9,201234
2021-06-17 10:12:09,2755.9,201234
2021-06-17 10:12:10,2755.9,201234
2021-06-17 10:12:12,2755.9,201234
2021-06-17 10:12:13,2755.9,201234
2021-06-17 10:12:14,2755.9,201234
2021-06-17 10:12:16,2755.05,201236
2021-06-17 10:12:17,2755.9,201266
2021-06-17 10:12:17,2755.9,201266
2021-06-17 10:12:18,2755.05,201271
2021-06-17 10:12:19,2753.5,201275
2021-06-17 10:12:20,2754.3,201277
2021-06-17 10:12:21,2754.3,201277
2021-06-17 10:12:22,2754.6,201281
2021-06-17 10:12:23,2755.25,201293
2021-06-17 10:12:25,2755.25,201293
2021-06-17 10:12:26,2755.3,201294
2021-06-17 10:12:27,2755.3,201294
2021-06-17 10:12:28,2755.3,201294
2021-06-17 10:12:29,2755.35,201298
2021-06-17 10:12:30,2755.35,201298
2021-06-17 10:12:31,2753.75,201301
2021-06-17 10:12:32,2755.6,201401
2021-06-17 10:12:32,2755.6,201401
2021-06-17 10:12:33,2753.75,201421
2021-06-17 10:12:35,2755.35,201521
2021-06-17 10:12:35,2755.35,201521
2021-06-17 10:12:36,2755.35,201521
2021-06-17 10:12:37,2753.95,201537
2021-06-17 10:12:38,2753.55,201564
2021-06-17 10:12:39,2753.55,201571
2021-06-17 10:12:40,2753.55,201571
2021-06-17 10:12:41,2753.55,201571
2021-06-17 10:12:42,2754.45,201589
2021-06-17 10:12:44,2754.55,201594
2021-06-17 10:12:45,2754.55,201594
2021-06-17 10:12:46,2754.55,201594
2021-06-17 10:12:47,2753.8,201611
2021-06-17 10:12:49,2753.8,201611
2021-06-17 10:12:50,2753.8,201611
2021-06-17 10:12:51,2753.8,201611
2021-06-17 10:12:52,2753.8,201611
2021-06-17 10:12:53,2753.8,201611
2021-06-17 10:12:54,2753.8,201616
2021-06-17 10:12:55,2753.8,201616
2021-06-17 10:12:56,2753.8,201616
2021-06-17 10:12:57,2753.8,201616
2021-06-17 10:12:58,2753.8,201616
2021-06-17 10:12:59,2753.8,201616
2021-06-17 10:13:00,2753.8,201616
2021-06-17 10:13:01,2753.8,201616
2021-06-17 10:13:02,2753.8,201616
2021-06-17 10:13:05,2753.85,201621
2021-06-17 10:13:04,2753.8,201616
2021-06-17 10:13:05,2753.85,201621
2021-06-17 10:13:06,2753.85,201621
2021-06-17 10:13:07,2753.85,201621
2021-06-17 10:13:09,2755.25,201629
2021-06-17 10:13:10,2755.25,201629
2021-06-17 10:13:11,2755.25,201629
2021-06-17 10:13:12,2753.85,201639
2021-06-17 10:13:13,2753.85,201639
2021-06-17 10:13:14,2755.25,201645
2021-06-17 10:13:15,2755.25,201645
2021-06-17 10:13:16,2755.25,201647
2021-06-17 10:13:17,2755.25,201647
2021-06-17 10:13:18,2755.25,201647
2021-06-17 10:13:19,2755.25,201647
2021-06-17 10:13:20,2755.25,201650
2021-06-17 10:13:21,2755.25,201650
2021-06-17 10:13:22,2755.25,201650
2021-06-17 10:13:23,2755.25,201650
2021-06-17 10:13:25,2755.25,201650
2021-06-17 10:13:26,2755.25,201650
2021-06-17 10:13:27,2755.0,201654
2021-06-17 10:13:27,2753.9,201705
2021-06-17 10:13:29,2753.85,201707
2021-06-17 10:13:29,2753.85,201733
2021-06-17 10:13:30,2753.85,201738
2021-06-17 10:13:31,2753.85,201738
2021-06-17 10:13:32,2753.85,201740
2021-06-17 10:13:33,2753.85,201802
2021-06-17 10:13:34,2753.85,201802
2021-06-17 10:13:35,2753.85,201802
2021-06-17 10:13:38,2753.85,201802
2021-06-17 10:13:39,2753.85,201804
2021-06-17 10:13:40,2753.85,201804
2021-06-17 10:13:41,2753.9,201807
2021-06-17 10:13:42,2753.9,201807
2021-06-17 10:13:43,2753.9,201807
2021-06-17 10:13:44,2753.9,201807
2021-06-17 10:13:44,2753.9,201807
2021-06-17 10:13:45,2755.0,201867
2021-06-17 10:13:47,2755.0,201867
2021-06-17 10:13:46,2755.0,201867
2021-06-17 10:13:48,2755.0,201867
2021-06-17 10:13:49,2753.75,201967
2021-06-17 10:13:50,2755.2,201968
2021-06-17 10:13:52,2753.9,201970
2021-06-17 10:13:53,2753.9,201970
2021-06-17 10:13:54,2753.9,201970
2021-06-17 10:13:55,2753.9,201970
2021-06-17 10:13:56,2753.9,201970
2021-06-17 10:13:57,2753.9,201970
2021-06-17 10:13:58,2753.9,201970
