timestamp,ltp,volume
2021-06-17 09:20:36,982.8,138798
2021-06-17 09:20:37,983.2,144558
2021-06-17 09:20:38,983.2,144558
2021-06-17 09:20:40,982.65,144756
2021-06-17 09:20:41,983.15,144840
2021-06-17 09:20:42,982.8,145263
2021-06-17 09:20:43,982.65,145535
2021-06-17 09:20:44,982.8,145591
2021-06-17 09:20:45,982.8,145701
2021-06-17 09:20:47,982.8,145939
2021-06-17 09:20:48,982.65,145995
2021-06-17 09:20:49,982.65,146430
2021-06-17 09:20:50,982.9,148093
2021-06-17 09:20:51,982.5,148101
2021-06-17 09:20:51,982.5,148151
2021-06-17 09:20:52,982.65,148215
2021-06-17 09:20:54,982.4,149511
2021-06-17 09:20:55,982.4,149650
2021-06-17 09:20:56,982.45,149733
2021-06-17 09:20:57,982.5,149901
2021-06-17 09:20:57,982.5,149932
2021-06-17 09:20:58,982.65,150247
2021-06-17 09:20:59,982.25,150249
2021-06-17 09:21:01,982.65,150365
2021-06-17 09:21:02,982.75,150478
2021-06-17 09:21:03,983.0,151009
2021-06-17 09:21:04,982.9,151079
2021-06-17 09:21:05,982.9,151110
2021-06-17 09:21:05,982.9,151110
2021-06-17 09:21:06,982.85,151549
2021-06-17 09:21:08,982.85,151549
2021-06-17 09:21:09,982.85,151616
2021-06-17 09:21:10,982.85,151628
2021-06-17 09:21:11,982.85,151640
2021-06-17 09:21:12,982.5,151741
2021-06-17 09:21:13,982.5,151815
2021-06-17 09:21:14,982.3,151910
2021-06-17 09:21:14,982.3,151919
2021-06-17 09:21:15,982.5,151936
2021-06-17 09:21:17,982.3,151976
2021-06-17 09:21:18,982.3,152095
2021-06-17 09:21:19,982.5,152157
2021-06-17 09:21:20,982.3,152294
2021-06-17 09:21:21,982.25,152467
2021-06-17 09:21:21,982.25,152485
2021-06-17 09:21:22,982.45,152592
2021-06-17 09:21:23,982.5,152847
2021-06-17 09:21:24,982.65,153234
2021-06-17 09:21:26,982.7,153457
2021-06-17 09:21:27,982.7,153574
2021-06-17 09:21:28,982.7,153580
2021-06-17 09:21:29,982.7,153580
2021-06-17 09:21:30,982.7,153687
2021-06-17 09:21:31,982.0,154462
2021-06-17 09:21:32,982.0,154651
2021-06-17 09:21:34,982.0,154693
2021-06-17 09:21:35,982.25,154699
2021-06-17 09:21:36,982.45,154812
2021-06-17 09:21:37,982.45,154883
2021-06-17 09:21:38,982.45,154926
2021-06-17 09:21:38,982.0,154936
2021-06-17 09:21:39,982.45,154942
2021-06-17 09:21:41,982.45,154971
2021-06-17 09:21:42,982.0,154985
2021-06-17 09:21:42,982.0,154997
2021-06-17 09:21:43,982.4,156607
2021-06-17 09:21:44,982.0,156745
2021-06-17 09:21:45,982.25,156869
2021-06-17 09:21:46,982.25,156873
2021-06-17 09:21:47,982.0,157527
2021-06-17 09:21:49,981.85,157883
2021-06-17 09:21:50,981.55,157941
2021-06-17 09:21:51,981.9,158071
2021-06-17 09:21:52,981.9,158123
2021-06-17 09:21:53,981.55,158168
2021-06-17 09:21:54,981.65,159162
2021-06-17 09:21:55,981.4,159212
2021-06-17 09:21:56,981.4,159270
2021-06-17 09:21:57,981.1,159544
2021-06-17 09:21:58,981.15,159744
2021-06-17 09:21:59,981.2,159833
2021-06-17 09:22:00,981.25,160277
2021-06-17 09:22:01,981.1,160537
2021-06-17 09:22:02,981.45,160649
2021-06-17 09:22:03,981.2,160665
2021-06-17 09:22:04,981.15,160907
2021-06-17 09:22:05,981.45,161000
2021-06-17 09:22:06,981.45,161035
2021-06-17 09:22:08,981.15,161156
2021-06-17 09:22:09,981.15,161234
2021-06-17 09:22:10,981.4,161250
2021-06-17 09:22:11,981.2,161284
2021-06-17 09:22:12,981.2,161306
2021-06-17 09:22:13,981.4,161479
2021-06-17 09:22:14,981.2,161642
2021-06-17 09:22:15,981.2,161668
2021-06-17 09:22:15,981.4,161731
2021-06-17 09:22:16,981.2,161867
2021-06-17 09:22:17,981.4,161926
2021-06-17 09:22:18,981.2,161974
2021-06-17 09:22:19,981.4,161985
2021-06-17 09:22:20,981.4,162040
2021-06-17 09:22:21,981.2,162058
2021-06-17 09:22:22,981.2,162872
2021-06-17 09:22:24,981.4,164414
2021-06-17 09:22:25,981.4,164474
2021-06-17 09:22:26,981.4,164476
2021-06-17 09:22:27,981.2,164483
2021-06-17 09:22:28,981.2,164503
2021-06-17 09:22:29,981.15,164608
2021-06-17 09:22:30,981.15,164646
2021-06-17 09:22:31,981.4,164922
2021-06-17 09:22:32,981.55,167007
2021-06-17 09:22:33,981.55,167202
2021-06-17 09:22:34,981.4,167293
2021-06-17 09:22:35,981.4,167411
2021-06-17 09:22:36,981.4,167492
2021-06-17 09:22:37,981.4,167743
2021-06-17 09:22:38,981.4,167977
2021-06-17 09:22:39,981.4,168276
2021-06-17 09:22:40,981.55,168314
2021-06-17 09:22:41,981.4,168695
2021-06-17 09:22:42,981.4,168955
2021-06-17 09:22:43,981.55,169094
2021-06-17 09:22:44,981.45,169193
2021-06-17 09:22:45,981.45,169233
2021-06-17 09:22:46,981.25,169316
2021-06-17 09:22:47,981.55,169377
2021-06-17 09:22:48,981.55,169409
2021-06-17 09:22:49,981.2,169582
2021-06-17 09:22:50,981.55,169742
2021-06-17 09:22:51,981.3,169759
2021-06-17 09:22:52,981.25,170411
2021-06-17 09:22:53,981.3,170680
2021-06-17 09:22:54,981.3,170709
2021-06-17 09:22:55,981.35,170720
2021-06-17 09:22:56,981.25,171033
2021-06-17 09:22:57,981.4,171305
2021-06-17 09:22:58,981.4,171317
2021-06-17 09:22:59,981.4,171317
2021-06-17 09:22:59,981.4,171317
2021-06-17 09:23:00,981.4,171317
2021-06-17 09:23:01,981.5,171390
2021-06-17 09:23:02,981.4,171418
2021-06-17 09:23:03,981.4,171442
2021-06-17 09:23:04,981.4,171444
2021-06-17 09:23:05,981.2,171575
2021-06-17 09:23:06,981.2,171648
2021-06-17 09:23:07,981.2,171673
2021-06-17 09:23:08,981.5,171711
2021-06-17 09:23:09,981.2,171791
2021-06-17 09:23:11,981.3,171835
2021-06-17 09:23:13,981.25,171837
2021-06-17 09:23:14,981.25,171848
2021-06-17 09:23:15,981.25,171928
2021-06-17 09:23:16,981.25,172054
2021-06-17 09:23:18,981.2,172364
2021-06-17 09:23:17,981.3,172311
2021-06-17 09:23:19,981.2,172597
2021-06-17 09:23:20,981.2,172620
2021-06-17 09:23:21,981.25,173439
2021-06-17 09:23:22,981.2,173455
2021-06-17 09:23:23,981.2,173715
2021-06-17 09:23:24,981.2,173762
2021-06-17 09:23:25,981.2,173765
2021-06-17 09:23:26,981.2,173765
2021-06-17 09:23:27,981.25,174011
2021-06-17 09:23:28,981.25,174089
2021-06-17 09:23:29,981.2,174091
2021-06-17 09:23:30,981.15,174194
2021-06-17 09:23:31,981.25,174225
2021-06-17 09:23:32,981.25,174345
2021-06-17 09:23:33,981.2,174392
2021-06-17 09:23:34,981.15,174786
2021-06-17 09:23:35,981.15,174830
2021-06-17 09:23:36,981.25,174974
2021-06-17 09:23:37,981.15,175002
2021-06-17 09:23:38,981.25,175682
2021-06-17 09:23:39,981.15,175758
2021-06-17 09:23:40,981.25,175793
2021-06-17 09:23:41,981.25,175839
2021-06-17 09:23:42,981.25,175845
2021-06-17 09:23:43,981.25,175848
2021-06-17 09:23:44,981.25,177161
2021-06-17 09:23:45,981.25,177161
2021-06-17 09:23:46,981.05,177181
2021-06-17 09:23:47,981.05,177704
2021-06-17 09:23:48,981.25,177759
2021-06-17 09:23:49,981.05,179305
2021-06-17 09:23:50,981.1,179312
2021-06-17 09:23:51,981.05,179482
2021-06-17 09:23:52,981.4,179964
2021-06-17 09:23:53,981.5,180137
2021-06-17 09:23:54,981.25,180225
2021-06-17 09:23:55,981.5,180457
2021-06-17 09:23:56,981.5,180801
2021-06-17 09:23:57,981.25,180805
2021-06-17 09:23:58,981.4,180848
2021-06-17 09:23:59,981.25,180918
2021-06-17 09:24:00,981.25,180931
2021-06-17 09:24:01,981.25,181517
2021-06-17 09:24:02,981.25,181765
2021-06-17 09:24:03,981.5,182108
2021-06-17 09:24:04,981.5,182142
2021-06-17 09:24:05,981.1,182718
2021-06-17 09:24:07,981.5,182996
2021-06-17 09:24:08,981.65,183346
2021-06-17 09:24:09,981.65,183446
2021-06-17 09:24:10,981.7,183790
2021-06-17 09:24:11,981.95,183927
2021-06-17 09:24:12,981.95,183957
2021-06-17 09:24:13,982.0,184563
2021-06-17 09:24:14,982.3,187405
2021-06-17 09:24:15,982.0,187447
2021-06-17 09:24:16,982.05,187557
2021-06-17 09:24:17,982.1,187966
2021-06-17 09:24:18,982.35,188151
2021-06-17 09:24:19,982.1,188183
2021-06-17 09:24:20,982.15,188302
2021-06-17 09:24:21,982.5,188643
2021-06-17 09:24:22,982.55,188863
2021-06-17 09:24:23,982.1,188874
2021-06-17 09:24:24,982.55,188900
2021-06-17 09:24:25,982.3,189166
2021-06-17 09:24:26,982.25,189385
2021-06-17 09:24:27,982.5,189531
2021-06-17 09:24:28,982.5,189696
2021-06-17 09:24:29,982.25,189807
2021-06-17 09:24:30,982.5,190017
2021-06-17 09:24:31,982.65,190051
2021-06-17 09:24:32,982.5,190997
2021-06-17 09:24:33,982.5,191303
2021-06-17 09:24:34,982.2,191620
2021-06-17 09:24:35,982.2,191771
2021-06-17 09:24:36,982.6,191791
2021-06-17 09:24:37,982.6,191816
2021-06-17 09:24:38,982.6,191818
2021-06-17 09:24:39,982.6,191888
2021-06-17 09:24:40,982.5,191913
2021-06-17 09:24:41,982.7,192145
2021-06-17 09:24:43,982.55,192149
2021-06-17 09:24:44,982.55,192165
2021-06-17 09:24:45,982.6,192684
2021-06-17 09:24:46,982.7,192749
2021-06-17 09:24:47,982.55,192798
2021-06-17 09:24:48,982.75,193083
2021-06-17 09:24:49,982.7,193207
2021-06-17 09:24:50,982.8,193324
2021-06-17 09:24:51,982.8,193410
2021-06-17 09:24:52,982.8,193499
2021-06-17 09:24:53,982.9,193600
2021-06-17 09:24:55,982.75,193733
2021-06-17 09:24:56,982.8,193861
2021-06-17 09:24:57,982.75,195280
2021-06-17 09:24:58,982.75,195426
2021-06-17 09:24:59,982.9,195570
2021-06-17 09:25:00,983.05,196798
2021-06-17 09:25:01,983.05,196952
2021-06-17 09:25:02,983.05,197065
2021-06-17 09:25:03,983.0,197464
2021-06-17 09:25:04,983.45,198852
2021-06-17 09:25:05,983.05,199000
2021-06-17 09:25:06,983.05,199015
2021-06-17 09:25:07,983.4,199017
2021-06-17 09:25:08,983.4,199029
2021-06-17 09:25:09,983.05,199449
2021-06-17 09:25:10,983.5,199653
2021-06-17 09:25:11,983.4,199712
2021-06-17 09:25:12,983.4,199718
2021-06-17 09:25:13,983.7,199783
2021-06-17 09:25:14,983.4,199972
2021-06-17 09:25:15,983.7,200002
2021-06-17 09:25:16,983.3,200312
2021-06-17 09:25:17,983.7,200373
2021-06-17 09:25:18,983.4,200386
2021-06-17 09:25:19,983.4,200426
2021-06-17 09:25:20,983.3,200469
2021-06-17 09:25:21,983.4,200523
2021-06-17 09:25:22,983.35,200529
2021-06-17 09:25:23,983.7,200636
2021-06-17 09:25:24,983.8,200717
2021-06-17 09:25:25,983.75,200749
2021-06-17 09:25:26,983.55,200805
2021-06-17 09:25:27,983.2,200904
2021-06-17 09:25:28,983.15,201037
2021-06-17 09:25:29,983.25,201351
2021-06-17 09:25:30,983.1,202476
2021-06-17 09:25:31,983.1,202771
2021-06-17 09:25:32,983.5,202915
2021-06-17 09:25:33,983.1,202918
2021-06-17 09:25:34,983.1,203037
2021-06-17 09:25:35,983.4,203149
2021-06-17 09:25:36,983.45,203283
2021-06-17 09:25:37,983.45,203516
2021-06-17 09:25:38,983.1,203520
2021-06-17 09:25:39,983.4,203545
2021-06-17 09:25:40,983.4,203546
2021-06-17 09:25:41,983.55,203752
2021-06-17 09:25:42,983.45,203766
2021-06-17 09:25:43,983.45,203766
2021-06-17 09:25:44,983.3,203774
2021-06-17 09:25:45,983.55,204334
2021-06-17 09:25:46,983.15,204446
2021-06-17 09:25:47,983.3,204490
2021-06-17 09:25:48,983.4,204563
2021-06-17 09:25:49,983.4,204589
2021-06-17 09:25:50,983.4,204631
2021-06-17 09:25:51,983.4,204774
2021-06-17 09:25:52,983.4,205069
2021-06-17 09:25:53,983.4,205436
2021-06-17 09:25:54,983.5,205497
2021-06-17 09:25:55,983.45,205769
2021-06-17 09:25:56,983.5,205869
2021-06-17 09:25:57,983.3,205880
2021-06-17 09:25:58,983.3,205892
2021-06-17 09:25:59,983.5,205918
2021-06-17 09:26:00,983.5,205939
2021-06-17 09:26:01,983.4,206046
2021-06-17 09:26:02,983.5,206184
2021-06-17 09:26:03,983.4,206438
2021-06-17 09:26:04,983.85,208598
2021-06-17 09:26:05,983.6,208600
2021-06-17 09:26:06,983.85,208606
2021-06-17 09:26:07,983.85,208829
2021-06-17 09:26:08,983.85,208899
2021-06-17 09:26:09,983.6,208937
2021-06-17 09:26:10,983.6,208941
2021-06-17 09:26:11,983.85,208955
2021-06-17 09:26:12,983.65,209243
2021-06-17 09:26:13,983.65,209291
2021-06-17 09:26:14,983.6,209621
2021-06-17 09:26:15,983.45,209657
2021-06-17 09:26:16,983.5,209688
2021-06-17 09:26:18,983.5,209875
2021-06-17 09:26:21,983.8,211640
2021-06-17 09:26:23,983.8,212655
2021-06-17 09:26:24,983.8,212764
2021-06-17 09:26:25,984.0,212901
2021-06-17 09:26:26,983.85,213004
2021-06-17 09:26:27,983.95,213056
2021-06-17 09:26:28,983.95,213126
2021-06-17 09:26:28,983.95,213126
2021-06-17 09:26:30,983.8,213231
2021-06-17 09:26:30,983.8,213255
2021-06-17 09:26:31,983.8,213270
2021-06-17 09:26:32,983.55,213282
2021-06-17 09:26:33,983.55,213429
2021-06-17 09:26:34,983.8,213606
2021-06-17 09:26:35,983.55,213696
2021-06-17 09:26:36,983.8,213734
2021-06-17 09:26:37,983.75,213740
2021-06-17 09:26:38,983.8,213841
2021-06-17 09:26:39,983.75,213860
2021-06-17 09:26:40,983.55,213942
2021-06-17 09:26:41,983.8,214050
2021-06-17 09:26:43,983.5,214196
2021-06-17 09:26:44,983.5,214251
2021-06-17 09:26:45,983.75,214365
2021-06-17 09:26:45,983.75,214373
2021-06-17 09:26:46,983.6,214392
2021-06-17 09:26:47,983.6,214444
2021-06-17 09:26:48,983.75,214486
2021-06-17 09:26:49,983.75,214501
2021-06-17 09:26:50,983.6,214510
2021-06-17 09:26:52,983.6,214635
2021-06-17 09:26:54,984.15,220424
2021-06-17 09:26:55,984.35,220675
2021-06-17 09:26:57,984.35,221025
2021-06-17 09:26:58,984.1,221580
2021-06-17 09:26:59,984.35,221686
2021-06-17 09:27:00,984.1,221709
2021-06-17 09:27:01,984.1,221748
2021-06-17 09:27:02,984.5,222061
2021-06-17 09:27:03,984.5,222063
2021-06-17 09:27:04,984.5,222073
2021-06-17 09:27:05,985.5,230479
2021-06-17 09:27:06,985.2,230528
2021-06-17 09:27:07,985.05,230717
2021-06-17 09:27:08,985.05,230792
2021-06-17 09:27:09,985.5,231367
2021-06-17 09:27:10,985.5,231714
2021-06-17 09:27:11,985.45,232564
2021-06-17 09:27:12,985.1,232602
2021-06-17 09:27:13,985.1,232722
2021-06-17 09:27:14,985.05,234817
2021-06-17 09:27:15,984.6,234903
2021-06-17 09:27:16,985.0,235095
2021-06-17 09:27:17,984.65,235261
2021-06-17 09:27:19,985.05,235357
2021-06-17 09:27:19,985.05,235357
2021-06-17 09:27:20,984.7,235539
2021-06-17 09:27:21,984.7,235706
2021-06-17 09:27:22,984.7,235813
2021-06-17 09:27:23,984.7,235916
2021-06-17 09:27:24,984.9,236509
2021-06-17 09:27:25,984.9,236510
2021-06-17 09:27:26,985.2,237610
2021-06-17 09:27:27,985.0,237900
2021-06-17 09:27:28,984.7,237931
2021-06-17 09:27:29,985.1,237988
2021-06-17 09:27:30,985.2,238250
2021-06-17 09:27:31,984.7,238316
2021-06-17 09:27:32,985.0,238585
2021-06-17 09:27:33,985.05,239319
2021-06-17 09:27:34,985.05,239520
2021-06-17 09:27:35,984.65,239854
2021-06-17 09:27:36,984.6,240116
2021-06-17 09:27:37,985.0,240213
2021-06-17 09:27:38,985.0,240444
2021-06-17 09:27:39,985.0,240620
2021-06-17 09:27:40,984.6,241104
2021-06-17 09:27:41,984.65,241172
2021-06-17 09:27:42,985.0,241266
2021-06-17 09:27:43,985.0,241476
2021-06-17 09:27:44,984.95,241606
2021-06-17 09:27:45,984.65,241732
2021-06-17 09:27:46,984.95,241801
2021-06-17 09:27:47,984.4,242746
2021-06-17 09:27:48,984.3,243158
2021-06-17 09:27:49,984.0,244861
2021-06-17 09:27:50,984.05,245051
2021-06-17 09:27:52,984.3,245392
2021-06-17 09:27:55,984.35,245836
2021-06-17 09:27:56,984.7,246105
2021-06-17 09:27:59,984.35,246268
2021-06-17 09:28:01,984.55,246899
2021-06-17 09:28:02,984.35,247092
2021-06-17 09:28:03,984.0,250242
2021-06-17 09:28:04,984.0,250594
2021-06-17 09:28:06,984.3,251025
2021-06-17 09:28:07,984.3,251136
2021-06-17 09:28:08,984.45,251424
2021-06-17 09:28:09,984.05,251435
2021-06-17 09:28:11,984.15,254456
2021-06-17 09:28:12,984.45,255700
2021-06-17 09:28:13,984.45,255826
2021-06-17 09:28:14,984.4,255845
2021-06-17 09:28:15,984.4,255898
2021-06-17 09:28:16,984.45,255951
2021-06-17 09:28:17,984.4,256238
2021-06-17 09:28:18,984.4,256266
2021-06-17 09:28:19,984.4,256569
2021-06-17 09:28:20,984.4,256617
2021-06-17 09:28:21,984.5,256724
2021-06-17 09:28:22,984.5,256744
2021-06-17 09:28:23,984.15,258246
2021-06-17 09:28:24,984.5,258815
2021-06-17 09:28:25,984.5,259291
2021-06-17 09:28:26,984.5,259481
2021-06-17 09:28:27,984.1,259482
2021-06-17 09:28:28,984.45,259582
2021-06-17 09:28:29,984.1,259646
2021-06-17 09:28:30,984.1,259656
2021-06-17 09:28:31,984.0,259846
2021-06-17 09:28:32,984.1,259949
2021-06-17 09:28:33,984.05,260073
2021-06-17 09:28:34,984.0,260085
2021-06-17 09:28:35,984.05,260130
2021-06-17 09:28:36,984.05,260147
2021-06-17 09:28:37,984.1,260232
2021-06-17 09:28:38,984.0,260473
2021-06-17 09:28:39,984.1,260532
2021-06-17 09:28:40,984.1,260532
2021-06-17 09:28:41,984.1,260556
2021-06-17 09:28:42,984.2,260570
2021-06-17 09:28:44,984.2,260685
2021-06-17 09:28:45,984.2,260709
2021-06-17 09:28:46,984.35,260742
2021-06-17 09:28:47,984.2,260916
2021-06-17 09:28:48,984.1,261139
2021-06-17 09:28:49,984.15,261164
2021-06-17 09:28:50,984.35,261191
2021-06-17 09:28:51,984.4,261308
2021-06-17 09:28:52,984.1,261312
2021-06-17 09:28:54,984.0,261400
2021-06-17 09:28:55,984.1,261581
2021-06-17 09:28:57,984.0,261692
2021-06-17 09:28:56,984.0,261670
2021-06-17 09:28:58,984.1,261745
2021-06-17 09:28:58,984.1,261745
2021-06-17 09:28:59,984.0,261838
2021-06-17 09:29:00,984.05,262199
2021-06-17 09:29:01,984.05,262371
2021-06-17 09:29:02,984.2,262533
2021-06-17 09:29:03,984.05,262609
2021-06-17 09:29:04,984.05,262793
2021-06-17 09:29:05,984.05,263196
2021-06-17 09:29:06,984.0,263255
2021-06-17 09:29:07,984.3,263499
2021-06-17 09:29:08,984.1,263556
2021-06-17 09:29:10,984.3,263563
2021-06-17 09:29:10,984.0,263649
2021-06-17 09:29:11,984.3,263704
2021-06-17 09:29:12,984.0,263820
2021-06-17 09:29:13,984.2,263858
2021-06-17 09:29:14,984.2,263859
2021-06-17 09:29:15,984.05,263886
2021-06-17 09:29:16,984.6,265674
2021-06-17 09:29:17,984.4,265699
2021-06-17 09:29:18,984.4,265710
2021-06-17 09:29:19,984.4,265713
2021-06-17 09:29:20,984.6,265728
2021-06-17 09:29:21,985.05,268506
2021-06-17 09:29:22,985.0,268531
2021-06-17 09:29:23,985.05,268735
2021-06-17 09:29:24,985.05,268945
2021-06-17 09:29:25,985.0,269255
2021-06-17 09:29:27,985.0,269669
2021-06-17 09:29:27,985.05,269725
2021-06-17 09:29:29,985.05,269880
2021-06-17 09:29:30,985.0,270312
2021-06-17 09:29:31,985.0,271090
2021-06-17 09:29:32,985.0,271424
2021-06-17 09:29:33,985.4,271468
2021-06-17 09:29:34,985.4,271476
2021-06-17 09:29:35,985.4,271526
2021-06-17 09:29:36,985.05,271732
2021-06-17 09:29:38,985.05,271957
2021-06-17 09:29:39,985.05,271997
2021-06-17 09:29:39,985.05,272004
2021-06-17 09:29:40,985.05,272029
2021-06-17 09:29:42,985.05,273639
2021-06-17 09:29:43,985.25,274239
2021-06-17 09:29:44,985.05,274369
2021-06-17 09:29:45,985.05,274483
2021-06-17 09:29:45,985.25,274498
2021-06-17 09:29:46,985.05,274519
2021-06-17 09:29:47,985.1,274573
2021-06-17 09:29:48,985.3,274767
2021-06-17 09:29:50,985.05,275132
2021-06-17 09:29:51,985.3,275213
2021-06-17 09:29:52,985.4,275529
2021-06-17 09:29:52,985.05,275478
2021-06-17 09:29:53,985.1,276205
2021-06-17 09:29:54,985.05,278045
2021-06-17 09:29:55,985.1,278266
2021-06-17 09:29:56,985.15,279544
2021-06-17 09:29:57,985.15,279569
2021-06-17 09:29:58,985.1,280059
2021-06-17 09:30:00,985.15,280113
2021-06-17 09:30:01,985.2,282907
2021-06-17 09:30:02,985.0,283787
2021-06-17 09:30:03,984.6,286071
2021-06-17 09:30:04,984.6,286311
2021-06-17 09:30:05,985.0,286538
2021-06-17 09:30:06,984.9,286727
2021-06-17 09:30:07,984.4,287231
2021-06-17 09:30:08,984.45,287382
2021-06-17 09:30:08,984.45,287397
2021-06-17 09:30:10,984.45,287412
2021-06-17 09:30:10,984.45,287436
2021-06-17 09:30:11,984.75,287566
2021-06-17 09:30:12,984.75,287578
2021-06-17 09:30:13,984.35,287855
2021-06-17 09:30:15,984.35,287941
2021-06-17 09:30:17,984.45,287968
2021-06-17 09:30:18,984.45,288008
2021-06-17 09:30:19,984.5,288109
2021-06-17 09:30:20,984.35,288224
2021-06-17 09:30:21,984.3,288277
2021-06-17 09:30:22,984.2,288492
2021-06-17 09:30:23,984.2,288520
2021-06-17 09:30:24,984.2,288615
2021-06-17 09:30:25,984.2,288926
2021-06-17 09:30:26,984.5,289229
2021-06-17 09:30:27,984.2,289246
2021-06-17 09:30:28,984.2,289367
2021-06-17 09:30:29,984.35,289418
2021-06-17 09:30:30,984.45,289424
2021-06-17 09:30:30,984.45,289459
2021-06-17 09:30:32,984.35,289763
2021-06-17 09:30:33,984.3,289778
2021-06-17 09:30:34,984.3,290130
2021-06-17 09:30:35,984.0,290132
2021-06-17 09:30:36,984.2,290416
2021-06-17 09:30:37,984.0,290443
2021-06-17 09:30:38,984.15,290509
2021-06-17 09:30:39,984.0,290519
2021-06-17 09:30:40,984.15,291491
2021-06-17 09:30:41,984.0,291523
2021-06-17 09:30:42,984.0,291690
2021-06-17 09:30:43,984.1,291838
2021-06-17 09:30:45,984.05,292290
2021-06-17 09:30:45,984.0,292360
2021-06-17 09:30:46,983.9,293088
2021-06-17 09:30:47,983.5,293546
2021-06-17 09:30:48,983.45,294095
2021-06-17 09:30:49,983.0,294568
2021-06-17 09:30:50,983.0,294638
2021-06-17 09:30:51,983.0,294650
2021-06-17 09:30:53,983.35,294877
2021-06-17 09:30:54,983.0,295224
2021-06-17 09:30:55,983.35,295388
2021-06-17 09:30:56,983.35,295388
2021-06-17 09:30:57,983.15,295398
2021-06-17 09:30:58,983.15,295475
2021-06-17 09:30:59,983.15,295578
2021-06-17 09:31:00,983.1,295641
2021-06-17 09:31:01,983.1,295735
2021-06-17 09:31:02,983.15,295764
2021-06-17 09:31:03,983.1,295903
2021-06-17 09:31:04,983.1,295918
2021-06-17 09:31:05,983.1,295933
2021-06-17 09:31:06,983.1,295938
2021-06-17 09:31:07,983.1,295938
2021-06-17 09:31:08,983.0,296490
2021-06-17 09:31:08,983.0,296545
2021-06-17 09:31:10,983.0,297274
2021-06-17 09:31:11,983.0,297279
2021-06-17 09:31:12,983.0,298039
2021-06-17 09:31:13,983.0,298161
2021-06-17 09:31:13,983.0,298161
2021-06-17 09:31:15,982.5,298690
2021-06-17 09:31:16,982.5,298753
2021-06-17 09:31:17,982.5,298804
2021-06-17 09:31:18,983.35,303869
2021-06-17 09:31:18,982.8,303908
2021-06-17 09:31:19,983.0,303951
2021-06-17 09:31:20,982.55,304370
2021-06-17 09:31:21,983.0,304516
2021-06-17 09:31:22,982.6,305403
2021-06-17 09:31:23,982.5,305441
2021-06-17 09:31:25,982.3,305890
2021-06-17 09:31:26,982.25,309458
2021-06-17 09:31:27,982.25,309458
2021-06-17 09:31:28,982.3,309459
2021-06-17 09:31:29,982.25,309469
2021-06-17 09:31:31,982.2,309486
2021-06-17 09:31:32,982.2,309768
2021-06-17 09:31:33,982.2,310372
2021-06-17 09:31:34,982.2,310373
2021-06-17 09:31:35,982.65,313051
2021-06-17 09:31:36,982.35,313073
2021-06-17 09:31:37,982.65,313107
2021-06-17 09:31:38,982.35,313135
2021-06-17 09:31:39,983.35,314723
2021-06-17 09:31:40,982.85,314727
2021-06-17 09:31:41,982.9,314742
2021-06-17 09:31:42,983.3,314761
2021-06-17 09:31:43,983.35,314803
2021-06-17 09:31:44,982.9,314866
2021-06-17 09:31:45,982.85,315878
2021-06-17 09:31:46,982.7,315983
2021-06-17 09:31:47,983.35,316518
2021-06-17 09:31:49,982.9,317055
2021-06-17 09:31:50,982.75,317682
2021-06-17 09:31:51,982.75,317682
2021-06-17 09:31:52,982.75,317682
2021-06-17 09:31:53,983.2,318222
2021-06-17 09:31:54,983.15,318247
2021-06-17 09:31:55,983.15,318247
2021-06-17 09:31:58,983.0,318402
2021-06-17 09:31:57,983.1,318249
2021-06-17 09:31:59,982.95,318463
2021-06-17 09:32:00,982.95,318576
2021-06-17 09:32:02,982.95,318576
2021-06-17 09:32:03,982.75,318879
2021-06-17 09:32:04,982.35,318941
2021-06-17 09:32:04,982.35,318947
2021-06-17 09:32:05,982.35,319003
2021-06-17 09:32:06,982.35,319083
2021-06-17 09:32:08,982.2,319087
2021-06-17 09:32:09,982.2,319117
2021-06-17 09:32:10,982.1,319180
2021-06-17 09:32:11,982.1,319194
2021-06-17 09:32:12,982.1,319205
2021-06-17 09:32:13,982.1,319209
2021-06-17 09:32:14,982.1,319237
2021-06-17 09:32:15,982.1,319263
2021-06-17 09:32:16,982.95,323282
2021-06-17 09:32:17,982.5,323417
2021-06-17 09:32:18,982.55,323452
2021-06-17 09:32:20,982.95,323761
2021-06-17 09:32:18,982.5,323463
2021-06-17 09:32:21,982.6,323775
2021-06-17 09:32:22,983.05,325719
2021-06-17 09:32:23,983.05,326201
2021-06-17 09:32:24,983.0,326768
2021-06-17 09:32:25,983.45,326866
2021-06-17 09:32:26,983.55,327366
2021-06-17 09:32:26,983.55,327416
2021-06-17 09:32:27,983.0,331867
2021-06-17 09:32:29,983.05,332414
2021-06-17 09:32:29,983.3,332477
2021-06-17 09:32:31,983.3,332585
2021-06-17 09:32:34,983.05,332618
2021-06-17 09:32:36,983.25,332627
2021-06-17 09:32:37,983.55,334124
2021-06-17 09:32:38,983.55,334992
2021-06-17 09:32:39,983.55,335101
2021-06-17 09:32:40,984.0,338197
2021-06-17 09:32:41,984.4,340995
2021-06-17 09:32:42,984.15,341017
2021-06-17 09:32:43,984.15,341017
2021-06-17 09:32:43,983.8,341019
2021-06-17 09:32:44,983.8,341058
2021-06-17 09:32:45,984.0,341599
2021-06-17 09:32:46,983.95,341887
2021-06-17 09:32:48,983.6,341942
2021-06-17 09:32:48,984.1,347037
2021-06-17 09:32:50,983.9,347039
2021-06-17 09:32:51,984.5,348189
2021-06-17 09:32:52,983.6,348793
2021-06-17 09:32:53,983.9,349167
2021-06-17 09:32:54,983.85,349390
2021-06-17 09:32:55,983.65,349523
2021-06-17 09:32:56,983.6,349581
2021-06-17 09:32:57,983.6,349607
2021-06-17 09:32:57,983.6,349608
2021-06-17 09:32:58,983.35,349678
2021-06-17 09:32:59,983.25,349696
2021-06-17 09:33:00,983.35,349828
2021-06-17 09:33:01,983.5,349936
2021-06-17 09:33:03,983.45,349944
2021-06-17 09:33:04,983.35,349952
2021-06-17 09:33:05,983.4,350014
2021-06-17 09:33:06,983.4,350030
2021-06-17 09:33:07,983.15,350562
2021-06-17 09:33:08,983.1,350654
2021-06-17 09:33:08,983.1,350663
2021-06-17 09:33:09,983.0,350702
2021-06-17 09:33:10,983.05,350707
2021-06-17 09:33:11,983.0,350719
2021-06-17 09:33:13,983.0,350766
2021-06-17 09:33:13,983.05,351300
2021-06-17 09:33:14,982.85,351372
2021-06-17 09:33:15,983.0,351383
2021-06-17 09:33:16,983.0,351393
2021-06-17 09:33:17,983.05,351471
2021-06-17 09:33:18,982.75,351480
2021-06-17 09:33:19,982.9,351500
2021-06-17 09:33:22,983.2,352104
2021-06-17 09:33:23,982.75,352106
2021-06-17 09:33:23,983.2,352206
2021-06-17 09:33:24,983.2,352207
2021-06-17 09:33:25,982.85,352208
2021-06-17 09:33:26,983.5,364254
2021-06-17 09:33:28,983.5,364390
2021-06-17 09:33:29,983.2,364393
2021-06-17 09:33:29,983.05,364496
2021-06-17 09:33:31,983.45,364760
2021-06-17 09:33:32,983.05,365080
2021-06-17 09:33:33,983.05,365304
2021-06-17 09:33:34,982.75,365438
2021-06-17 09:33:35,982.5,365645
2021-06-17 09:33:37,982.3,366236
2021-06-17 09:33:38,982.3,366377
2021-06-17 09:33:39,982.35,366915
2021-06-17 09:33:40,982.25,366933
2021-06-17 09:33:41,982.25,366979
2021-06-17 09:33:42,982.2,367225
2021-06-17 09:33:42,982.2,367225
2021-06-17 09:33:44,982.15,367256
2021-06-17 09:33:45,982.2,367319
2021-06-17 09:33:46,982.2,367355
2021-06-17 09:33:47,982.1,367786
2021-06-17 09:33:48,982.2,367939
2021-06-17 09:33:49,982.2,367950
2021-06-17 09:33:50,982.1,367970
2021-06-17 09:33:51,982.1,367976
2021-06-17 09:33:52,982.15,367983
2021-06-17 09:33:53,982.1,368042
2021-06-17 09:33:54,982.1,368087
2021-06-17 09:33:55,982.2,368192
2021-06-17 09:33:55,982.2,368192
2021-06-17 09:33:56,982.2,368195
2021-06-17 09:33:57,982.3,368585
2021-06-17 09:33:59,982.2,368637
2021-06-17 09:34:00,982.2,368671
2021-06-17 09:34:01,982.1,368846
2021-06-17 09:34:02,982.0,368943
2021-06-17 09:34:03,982.0,369051
2021-06-17 09:34:04,982.05,369441
2021-06-17 09:34:05,982.05,369482
2021-06-17 09:34:05,982.05,369486
2021-06-17 09:34:06,982.25,371192
2021-06-17 09:34:08,982.1,371318
2021-06-17 09:34:09,982.05,371365
2021-06-17 09:34:10,982.45,371924
2021-06-17 09:34:12,982.15,372781
2021-06-17 09:34:13,982.05,372794
2021-06-17 09:34:13,982.05,372793
2021-06-17 09:34:15,982.15,372827
2021-06-17 09:34:16,982.1,373453
2021-06-17 09:34:18,982.0,373548
2021-06-17 09:34:18,982.05,373551
2021-06-17 09:34:20,982.05,374621
2021-06-17 09:34:21,982.15,378109
2021-06-17 09:34:21,982.2,379088
2021-06-17 09:34:22,982.0,379887
2021-06-17 09:34:24,982.0,381067
2021-06-17 09:34:25,982.25,381187
2021-06-17 09:34:26,982.0,381239
2021-06-17 09:34:27,982.0,381307
2021-06-17 09:34:28,982.2,382439
2021-06-17 09:34:29,982.15,382455
2021-06-17 09:34:30,982.0,382474
2021-06-17 09:34:31,982.05,382495
2021-06-17 09:34:32,982.0,383651
2021-06-17 09:34:33,982.0,383939
2021-06-17 09:34:34,982.0,383978
2021-06-17 09:34:35,982.0,383989
2021-06-17 09:34:36,982.0,384015
2021-06-17 09:34:38,982.0,384058
2021-06-17 09:34:40,982.0,388856
2021-06-17 09:34:41,982.05,389422
2021-06-17 09:34:42,982.0,391196
2021-06-17 09:34:43,982.0,391392
2021-06-17 09:34:47,982.0,394787
2021-06-17 09:34:48,982.45,394919
2021-06-17 09:34:50,982.0,394924
2021-06-17 09:34:51,982.1,395425
2021-06-17 09:34:52,982.0,395430
2021-06-17 09:34:53,982.0,404040
2021-06-17 09:34:54,981.9,405003
2021-06-17 09:34:55,981.9,405118
2021-06-17 09:34:56,981.5,405463
2021-06-17 09:34:57,981.5,405707
2021-06-17 09:34:58,981.5,405789
2021-06-17 09:34:59,981.5,405896
2021-06-17 09:35:01,981.5,406756
2021-06-17 09:35:00,981.5,406724
2021-06-17 09:35:02,981.35,406828
2021-06-17 09:35:03,981.35,406855
2021-06-17 09:35:04,981.35,406858
2021-06-17 09:35:05,981.35,406861
2021-06-17 09:35:06,981.5,407009
2021-06-17 09:35:07,981.45,407098
2021-06-17 09:35:08,981.45,407101
2021-06-17 09:35:09,981.55,407515
2021-06-17 09:35:10,981.65,407777
2021-06-17 09:35:11,981.55,407857
2021-06-17 09:35:12,981.55,407862
2021-06-17 09:35:13,981.5,407904
2021-06-17 09:35:14,981.5,407912
2021-06-17 09:35:15,981.5,407915
2021-06-17 09:35:16,981.5,408030
2021-06-17 09:35:17,981.5,408041
2021-06-17 09:35:18,981.7,408096
2021-06-17 09:35:19,981.7,408096
2021-06-17 09:35:20,981.45,408202
2021-06-17 09:35:21,981.5,408453
2021-06-17 09:35:22,981.5,409053
2021-06-17 09:35:23,981.5,409053
2021-06-17 09:35:24,981.25,409217
2021-06-17 09:35:25,981.4,409693
2021-06-17 09:35:26,981.4,409730
2021-06-17 09:35:27,981.4,409730
2021-06-17 09:35:28,981.0,410333
2021-06-17 09:35:29,981.0,410406
2021-06-17 09:35:30,981.25,416078
2021-06-17 09:35:32,981.0,416301
2021-06-17 09:35:34,981.0,416670
2021-06-17 09:35:35,981.0,417285
2021-06-17 09:35:36,982.0,422346
2021-06-17 09:35:37,981.45,422672
2021-06-17 09:35:38,981.35,422724
2021-06-17 09:35:39,981.35,422732
2021-06-17 09:35:40,981.35,422732
2021-06-17 09:35:41,982.15,427771
2021-06-17 09:35:42,981.7,427971
2021-06-17 09:35:43,982.1,428034
2021-06-17 09:35:44,982.8,433027
2021-06-17 09:35:45,983.0,433690
2021-06-17 09:35:46,982.7,433696
2021-06-17 09:35:47,982.95,433701
2021-06-17 09:35:48,982.75,433720
2021-06-17 09:35:49,982.9,433733
2021-06-17 09:35:50,983.5,437065
2021-06-17 09:35:51,983.25,437080
2021-06-17 09:35:52,983.25,437184
2021-06-17 09:35:53,983.25,437282
2021-06-17 09:35:54,983.5,437318
2021-06-17 09:35:55,983.3,437323
2021-06-17 09:35:56,983.25,437421
2021-06-17 09:35:58,983.25,437447
2021-06-17 09:35:57,983.25,437445
2021-06-17 09:35:59,983.3,437659
2021-06-17 09:36:00,983.25,437902
2021-06-17 09:36:01,983.45,438287
2021-06-17 09:36:02,983.8,438391
2021-06-17 09:36:03,983.95,438441
2021-06-17 09:36:04,983.4,438991
2021-06-17 09:36:05,983.4,439570
2021-06-17 09:36:06,983.4,439627
2021-06-17 09:36:07,983.9,439653
2021-06-17 09:36:08,983.45,439735
2021-06-17 09:36:10,983.35,439762
2021-06-17 09:36:09,983.35,439760
2021-06-17 09:36:11,983.3,442342
2021-06-17 09:36:12,983.25,442588
2021-06-17 09:36:13,983.4,442642
2021-06-17 09:36:14,983.25,445150
2021-06-17 09:36:15,983.2,445411
2021-06-17 09:36:16,983.2,445462
2021-06-17 09:36:17,983.4,445482
2021-06-17 09:36:18,983.2,445995
2021-06-17 09:36:19,983.05,447332
2021-06-17 09:36:20,983.05,447453
2021-06-17 09:36:21,983.05,447453
2021-06-17 09:36:22,983.0,447457
2021-06-17 09:36:23,983.2,447509
2021-06-17 09:36:24,983.0,447528
2021-06-17 09:36:25,983.0,447586
2021-06-17 09:36:26,983.15,447761
2021-06-17 09:36:27,982.65,447795
2021-06-17 09:36:28,983.65,448598
2021-06-17 09:36:29,983.45,448624
2021-06-17 09:36:30,982.95,448643
2021-06-17 09:36:31,982.95,448645
2021-06-17 09:36:32,983.0,448669
2021-06-17 09:36:33,983.0,448673
2021-06-17 09:36:34,982.95,448731
2021-06-17 09:36:35,982.65,448775
2021-06-17 09:36:37,982.25,448978
2021-06-17 09:36:38,982.25,448983
2021-06-17 09:36:39,982.25,449083
2021-06-17 09:36:40,982.15,449098
2021-06-17 09:36:42,982.15,449099
2021-06-17 09:36:42,982.25,449650
2021-06-17 09:36:43,982.5,454878
2021-06-17 09:36:44,982.65,455414
2021-06-17 09:36:45,982.5,455521
2021-06-17 09:36:46,982.9,455593
2021-06-17 09:36:47,982.3,455612
2021-06-17 09:36:48,982.3,455614
2021-06-17 09:36:49,982.3,455614
2021-06-17 09:36:50,982.25,455620
2021-06-17 09:36:51,982.15,455631
2021-06-17 09:36:52,982.15,455698
2021-06-17 09:36:53,982.25,455726
2021-06-17 09:36:54,982.3,455776
2021-06-17 09:36:55,982.3,455776
2021-06-17 09:36:56,982.3,456175
2021-06-17 09:36:57,982.4,456214
2021-06-17 09:36:58,982.4,456245
2021-06-17 09:36:59,982.4,456248
2021-06-17 09:37:00,982.4,456502
2021-06-17 09:37:01,982.4,456502
2021-06-17 09:37:02,982.4,456583
2021-06-17 09:37:03,982.4,456683
2021-06-17 09:37:04,982.35,456692
2021-06-17 09:37:05,982.35,456693
2021-06-17 09:37:06,982.25,456718
2021-06-17 09:37:07,982.25,456721
2021-06-17 09:37:08,982.35,456806
2021-06-17 09:37:09,982.35,456821
2021-06-17 09:37:10,982.35,456831
2021-06-17 09:37:11,982.3,456838
2021-06-17 09:37:12,982.3,456839
2021-06-17 09:37:13,982.25,456865
2021-06-17 09:37:14,982.25,456877
2021-06-17 09:37:15,982.25,456879
2021-06-17 09:37:16,982.3,456901
2021-06-17 09:37:17,982.3,456901
2021-06-17 09:37:18,982.45,457601
2021-06-17 09:37:19,982.45,457601
2021-06-17 09:37:20,982.4,457603
2021-06-17 09:37:21,982.4,457635
2021-06-17 09:37:22,982.3,457662
2021-06-17 09:37:23,982.3,457677
2021-06-17 09:37:24,982.3,457678
2021-06-17 09:37:25,982.3,457678
2021-06-17 09:37:26,982.3,457682
2021-06-17 09:37:27,982.3,457686
2021-06-17 09:37:29,982.25,457743
2021-06-17 09:37:30,982.25,457746
2021-06-17 09:37:31,982.3,457792
2021-06-17 09:37:33,982.25,457797
2021-06-17 09:37:34,982.25,457800
2021-06-17 09:37:35,982.0,458037
2021-06-17 09:37:36,982.15,458109
2021-06-17 09:37:37,982.0,458218
2021-06-17 09:37:38,982.0,458439
2021-06-17 09:37:40,982.0,458474
2021-06-17 09:37:41,982.0,458493
2021-06-17 09:37:42,982.15,458509
2021-06-17 09:37:43,982.15,458556
2021-06-17 09:37:44,982.15,458579
2021-06-17 09:37:45,982.0,458582
2021-06-17 09:37:46,982.1,459102
2021-06-17 09:37:47,982.1,459139
2021-06-17 09:37:49,982.1,459139
2021-06-17 09:37:50,982.1,459149
2021-06-17 09:37:51,982.1,459157
2021-06-17 09:37:52,982.0,459166
2021-06-17 09:37:53,982.4,459671
2021-06-17 09:37:54,982.25,459799
2021-06-17 09:37:55,982.4,459841
2021-06-17 09:37:56,982.35,459917
2021-06-17 09:37:57,982.45,460075
2021-06-17 09:37:57,982.45,460090
2021-06-17 09:37:58,982.45,460090
2021-06-17 09:37:59,982.3,460112
2021-06-17 09:38:00,982.45,460125
2021-06-17 09:38:01,982.45,460477
2021-06-17 09:38:02,982.2,460498
2021-06-17 09:38:03,982.45,460656
2021-06-17 09:38:04,982.2,460658
2021-06-17 09:38:05,982.2,460996
2021-06-17 09:38:06,982.2,461106
2021-06-17 09:38:07,982.5,461251
2021-06-17 09:38:08,982.2,461290
2021-06-17 09:38:09,982.4,461406
2021-06-17 09:38:10,982.05,461407
2021-06-17 09:38:11,982.5,462007
2021-06-17 09:38:12,982.5,462007
2021-06-17 09:38:13,982.5,462023
2021-06-17 09:38:14,982.15,462030
2021-06-17 09:38:15,982.5,462032
2021-06-17 09:38:16,982.35,462068
2021-06-17 09:38:17,982.5,462165
2021-06-17 09:38:18,982.25,462167
2021-06-17 09:38:19,982.5,462175
2021-06-17 09:38:20,982.5,462185
2021-06-17 09:38:21,982.7,462338
2021-06-17 09:38:22,982.2,462340
2021-06-17 09:38:23,982.2,462340
2021-06-17 09:38:24,982.45,462342
2021-06-17 09:38:25,982.2,462357
2021-06-17 09:38:26,982.2,462383
2021-06-17 09:38:27,982.45,462400
2021-06-17 09:38:28,982.15,462437
2021-06-17 09:38:30,982.45,462530
2021-06-17 09:38:31,982.4,462575
2021-06-17 09:38:32,982.15,462625
2021-06-17 09:38:34,982.4,462690
2021-06-17 09:38:35,982.4,462703
2021-06-17 09:38:36,982.2,462723
2021-06-17 09:38:37,982.3,462740
2021-06-17 09:38:37,982.3,462747
2021-06-17 09:38:38,982.4,462750
2021-06-17 09:38:41,982.5,463156
2021-06-17 09:38:42,982.3,463160
2021-06-17 09:38:44,982.3,463190
2021-06-17 09:38:45,982.3,463200
2021-06-17 09:38:46,982.25,463217
2021-06-17 09:38:48,982.3,463249
2021-06-17 09:38:48,982.25,463252
2021-06-17 09:38:49,982.3,463263
2021-06-17 09:38:50,982.3,463295
2021-06-17 09:38:51,982.25,463296
2021-06-17 09:38:52,982.25,463320
2021-06-17 09:38:54,982.1,463831
2021-06-17 09:38:54,982.05,463881
2021-06-17 09:38:55,982.0,463888
2021-06-17 09:38:56,982.05,463908
2021-06-17 09:38:57,982.05,463924
2021-06-17 09:38:58,982.05,463927
2021-06-17 09:38:59,982.05,464032
2021-06-17 09:39:01,982.0,464089
2021-06-17 09:39:02,982.0,464305
2021-06-17 09:39:03,982.05,464430
2021-06-17 09:39:04,982.05,464486
2021-06-17 09:39:05,982.0,464513
2021-06-17 09:39:06,982.05,464533
2021-06-17 09:39:07,982.1,464636
2021-06-17 09:39:08,982.0,464654
2021-06-17 09:39:09,982.0,464724
2021-06-17 09:39:10,982.0,464731
2021-06-17 09:39:11,982.05,464739
2021-06-17 09:39:12,982.0,464742
2021-06-17 09:39:13,982.05,464757
2021-06-17 09:39:14,982.1,465013
2021-06-17 09:39:15,982.1,465038
2021-06-17 09:39:16,982.1,465041
2021-06-17 09:39:17,982.25,465069
2021-06-17 09:39:18,982.25,465079
2021-06-17 09:39:18,982.35,465081
2021-06-17 09:39:20,982.05,465166
2021-06-17 09:39:20,982.25,465207
2021-06-17 09:39:21,982.25,465283
2021-06-17 09:39:22,982.25,465290
2021-06-17 09:39:23,982.25,465303
2021-06-17 09:39:24,982.55,465490
2021-06-17 09:39:25,982.55,465490
2021-06-17 09:39:26,982.5,465591
2021-06-17 09:39:27,982.85,465651
2021-06-17 09:39:28,982.5,465656
2021-06-17 09:39:29,982.9,465664
2021-06-17 09:39:30,982.9,465664
2021-06-17 09:39:31,982.9,465676
2021-06-17 09:39:32,982.5,465728
2021-06-17 09:39:33,982.5,465733
2021-06-17 09:39:34,982.5,465741
2021-06-17 09:39:35,982.5,465743
2021-06-17 09:39:36,982.5,465744
2021-06-17 09:39:37,982.7,465746
2021-06-17 09:39:38,982.85,465747
2021-06-17 09:39:39,982.7,465760
2021-06-17 09:39:40,982.7,465761
2021-06-17 09:39:41,982.85,465772
2021-06-17 09:39:42,982.7,465774
2021-06-17 09:39:43,982.7,465854
2021-06-17 09:39:44,982.85,465903
2021-06-17 09:39:45,982.7,465923
2021-06-17 09:39:46,982.8,465944
2021-06-17 09:39:47,982.8,465951
2021-06-17 09:39:48,982.7,466096
2021-06-17 09:39:50,982.7,466131
2021-06-17 09:39:51,982.8,466259
2021-06-17 09:39:52,982.5,466266
2021-06-17 09:39:54,982.7,466342
2021-06-17 09:39:55,982.7,466443
2021-06-17 09:39:56,982.55,466457
2021-06-17 09:39:57,982.65,466484
2021-06-17 09:39:58,982.65,466486
2021-06-17 09:40:00,982.65,466494
2021-06-17 09:40:00,982.65,466494
2021-06-17 09:40:01,982.7,466515
2021-06-17 09:40:03,982.65,466576
2021-06-17 09:40:04,982.7,466642
2021-06-17 09:40:05,982.7,466649
2021-06-17 09:40:06,982.6,466651
2021-06-17 09:40:07,982.6,466654
2021-06-17 09:40:10,982.6,466712
2021-06-17 09:40:11,982.6,466798
2021-06-17 09:40:13,982.55,466845
2021-06-17 09:40:14,982.55,466849
2021-06-17 09:40:15,982.55,466849
2021-06-17 09:40:16,982.55,466993
2021-06-17 09:40:17,982.7,467082
2021-06-17 09:40:18,982.6,467094
2021-06-17 09:40:19,982.5,467095
2021-06-17 09:40:20,982.5,467142
2021-06-17 09:40:21,982.5,467147
2021-06-17 09:40:22,982.5,467149
2021-06-17 09:40:23,982.5,467158
2021-06-17 09:40:24,982.6,467162
2021-06-17 09:40:25,982.6,467162
2021-06-17 09:40:26,982.5,467241
2021-06-17 09:40:27,982.6,467250
2021-06-17 09:40:28,982.6,467270
2021-06-17 09:40:29,982.5,467271
2021-06-17 09:40:30,982.55,467319
2021-06-17 09:40:31,982.55,467348
2021-06-17 09:40:32,982.55,467645
2021-06-17 09:40:34,982.55,467714
2021-06-17 09:40:37,982.1,467954
2021-06-17 09:40:36,982.1,467932
2021-06-17 09:40:38,982.1,467957
2021-06-17 09:40:39,982.1,467959
2021-06-17 09:40:40,982.5,467979
2021-06-17 09:40:41,982.1,467989
2021-06-17 09:40:42,982.5,467991
2021-06-17 09:40:43,982.1,467996
2021-06-17 09:40:44,982.1,467996
2021-06-17 09:40:45,982.1,468035
2021-06-17 09:40:46,982.45,468105
2021-06-17 09:40:47,982.1,468265
2021-06-17 09:40:48,981.65,469900
2021-06-17 09:40:49,981.65,470064
2021-06-17 09:40:50,981.95,470158
2021-06-17 09:40:51,981.65,470160
2021-06-17 09:40:54,981.95,470296
2021-06-17 09:40:53,981.65,470177
2021-06-17 09:40:55,981.95,470296
2021-06-17 09:40:56,981.65,470324
2021-06-17 09:40:57,981.65,470327
2021-06-17 09:40:58,981.65,470357
2021-06-17 09:40:59,981.65,470368
2021-06-17 09:41:00,981.8,470398
2021-06-17 09:41:01,981.8,470398
2021-06-17 09:41:02,981.65,470403
2021-06-17 09:41:03,981.7,470629
2021-06-17 09:41:04,981.5,470740
2021-06-17 09:41:05,981.5,470792
2021-06-17 09:41:06,981.5,470958
2021-06-17 09:41:07,981.5,470976
2021-06-17 09:41:08,981.35,471048
2021-06-17 09:41:09,981.25,471063
2021-06-17 09:41:10,981.3,471213
2021-06-17 09:41:11,981.5,471475
2021-06-17 09:41:12,981.5,471475
2021-06-17 09:41:13,981.3,471477
2021-06-17 09:41:14,981.45,471587
2021-06-17 09:41:15,981.45,471587
2021-06-17 09:41:16,981.4,471597
2021-06-17 09:41:18,981.45,471634
2021-06-17 09:41:19,981.25,471765
2021-06-17 09:41:21,981.25,471784
2021-06-17 09:41:20,981.45,471779
2021-06-17 09:41:21,981.45,471788
2021-06-17 09:41:22,981.3,471862
2021-06-17 09:41:23,981.5,471975
2021-06-17 09:41:24,981.5,471986
2021-06-17 09:41:25,981.5,472117
2021-06-17 09:41:26,981.5,472129
2021-06-17 09:41:28,981.4,472583
2021-06-17 09:41:28,981.4,472629
2021-06-17 09:41:29,981.4,472633
2021-06-17 09:41:30,981.4,472634
2021-06-17 09:41:31,981.4,472634
2021-06-17 09:41:32,981.7,473305
2021-06-17 09:41:33,981.7,473305
2021-06-17 09:41:35,981.7,473314
2021-06-17 09:41:35,981.45,473947
2021-06-17 09:41:37,981.6,474013
2021-06-17 09:41:38,981.5,474038
2021-06-17 09:41:39,981.45,474111
2021-06-17 09:41:41,981.45,474111
2021-06-17 09:41:42,981.45,474111
2021-06-17 09:41:43,981.2,474191
2021-06-17 09:41:44,981.5,474489
2021-06-17 09:41:45,981.5,474571
2021-06-17 09:41:46,981.55,474596
2021-06-17 09:41:48,981.5,474598
2021-06-17 09:41:49,981.95,475112
2021-06-17 09:41:50,981.5,475212
2021-06-17 09:41:51,981.5,475297
2021-06-17 09:41:52,981.5,475306
2021-06-17 09:41:53,981.5,475307
2021-06-17 09:41:54,981.5,475320
2021-06-17 09:41:55,981.9,475373
2021-06-17 09:41:56,981.7,475401
2021-06-17 09:41:56,981.7,475404
2021-06-17 09:41:57,981.7,475434
2021-06-17 09:41:58,981.7,475437
2021-06-17 09:42:00,981.4,475499
2021-06-17 09:42:01,981.5,475694
2021-06-17 09:42:02,981.45,475727
2021-06-17 09:42:03,981.7,475737
2021-06-17 09:42:04,981.8,475822
2021-06-17 09:42:05,981.55,475942
2021-06-17 09:42:05,981.55,475954
2021-06-17 09:42:07,981.55,475956
2021-06-17 09:42:08,981.75,475965
2021-06-17 09:42:09,981.65,475986
2021-06-17 09:42:10,981.7,476028
2021-06-17 09:42:11,981.75,476034
2021-06-17 09:42:12,981.7,476115
2021-06-17 09:42:13,981.7,476126
2021-06-17 09:42:15,981.7,476130
2021-06-17 09:42:17,981.85,476134
2021-06-17 09:42:17,981.75,476154
2021-06-17 09:42:18,981.95,476266
2021-06-17 09:42:19,981.75,476318
2021-06-17 09:42:20,981.7,476459
2021-06-17 09:42:21,981.95,476548
2021-06-17 09:42:23,981.95,476562
2021-06-17 09:42:24,981.7,476563
2021-06-17 09:42:25,981.7,476563
2021-06-17 09:42:26,981.7,476581
2021-06-17 09:42:27,981.7,476600
2021-06-17 09:42:28,981.95,476812
2021-06-17 09:42:29,981.95,476828
2021-06-17 09:42:30,981.95,476828
2021-06-17 09:42:31,982.0,477032
2021-06-17 09:42:33,982.0,477037
2021-06-17 09:42:34,982.0,477038
2021-06-17 09:42:35,982.0,477038
2021-06-17 09:42:36,981.95,477148
2021-06-17 09:42:37,981.85,477165
2021-06-17 09:42:38,981.95,477195
2021-06-17 09:42:39,981.7,477300
2021-06-17 09:42:39,981.7,477296
2021-06-17 09:42:40,981.7,477373
2021-06-17 09:42:43,981.55,477458
2021-06-17 09:42:44,981.55,477462
2021-06-17 09:42:45,981.55,477462
2021-06-17 09:42:46,981.6,477480
2021-06-17 09:42:47,981.6,477482
2021-06-17 09:42:48,981.7,477533
2021-06-17 09:42:49,981.6,477535
2021-06-17 09:42:50,981.6,477590
2021-06-17 09:42:51,981.6,477603
2021-06-17 09:42:52,981.7,477696
2021-06-17 09:42:53,981.95,477788
2021-06-17 09:42:54,981.95,477788
2021-06-17 09:42:55,981.95,477788
2021-06-17 09:42:56,981.95,478091
2021-06-17 09:42:57,981.95,478097
2021-06-17 09:42:58,981.7,478548
2021-06-17 09:42:59,981.7,478610
2021-06-17 09:43:00,981.7,478621
2021-06-17 09:43:01,981.85,478652
2021-06-17 09:43:01,981.85,478652
2021-06-17 09:43:03,981.85,478663
2021-06-17 09:43:04,981.7,478665
2021-06-17 09:43:05,981.7,478668
2021-06-17 09:43:06,981.85,478673
2021-06-17 09:43:07,981.95,478725
2021-06-17 09:43:08,981.8,478728
2021-06-17 09:43:09,981.95,478850
2021-06-17 09:43:10,981.8,478857
2021-06-17 09:43:11,981.95,478866
2021-06-17 09:43:12,981.8,478871
2021-06-17 09:43:13,981.65,478956
2021-06-17 09:43:13,981.65,478965
2021-06-17 09:43:15,981.6,479018
2021-06-17 09:43:16,981.7,479024
2021-06-17 09:43:17,981.6,479100
2021-06-17 09:43:18,981.6,479112
2021-06-17 09:43:19,981.65,479113
2021-06-17 09:43:20,981.6,479150
2021-06-17 09:43:21,981.6,479159
2021-06-17 09:43:22,981.6,479251
2021-06-17 09:43:24,981.6,479355
2021-06-17 09:43:25,981.6,479374
2021-06-17 09:43:26,981.6,479647
2021-06-17 09:43:27,981.55,479672
2021-06-17 09:43:28,981.55,479720
2021-06-17 09:43:29,981.55,479784
2021-06-17 09:43:30,981.6,479840
2021-06-17 09:43:31,981.6,479842
2021-06-17 09:43:32,981.6,479965
2021-06-17 09:43:33,981.6,479965
2021-06-17 09:43:34,981.6,479990
2021-06-17 09:43:35,981.6,479990
2021-06-17 09:43:36,981.7,480384
2021-06-17 09:43:37,981.7,480385
2021-06-17 09:43:38,981.7,480386
2021-06-17 09:43:39,981.6,480391
2021-06-17 09:43:40,981.6,480391
2021-06-17 09:43:41,981.6,480394
2021-06-17 09:43:42,981.85,480542
2021-06-17 09:43:43,981.6,480592
2021-06-17 09:43:45,981.6,480962
2021-06-17 09:43:45,981.6,480968
2021-06-17 09:43:46,981.6,480969
2021-06-17 09:43:48,981.8,481070
2021-06-17 09:43:49,981.8,481080
2021-06-17 09:43:50,981.9,481086
2021-06-17 09:43:51,981.95,481105
2021-06-17 09:43:52,981.8,481107
2021-06-17 09:43:54,981.95,481212
2021-06-17 09:43:55,981.95,481339
2021-06-17 09:43:56,981.95,481339
2021-06-17 09:43:57,981.95,481370
2021-06-17 09:43:58,981.95,481370
2021-06-17 09:43:59,981.95,481383
2021-06-17 09:44:00,981.95,481488
2021-06-17 09:44:01,982.0,481508
2021-06-17 09:44:02,981.9,481519
2021-06-17 09:44:03,982.05,482179
2021-06-17 09:44:04,982.25,482300
2021-06-17 09:44:05,982.05,482350
2021-06-17 09:44:06,982.05,482355
2021-06-17 09:44:07,982.25,482360
2021-06-17 09:44:08,982.45,482371
2021-06-17 09:44:10,982.45,482523
2021-06-17 09:44:12,982.15,482575
2021-06-17 09:44:13,982.15,482594
2021-06-17 09:44:14,982.5,482856
2021-06-17 09:44:15,982.5,482856
2021-06-17 09:44:16,982.3,482870
2021-06-17 09:44:17,982.3,482873
2021-06-17 09:44:18,982.3,482881
2021-06-17 09:44:19,982.3,483006
2021-06-17 09:44:20,982.3,483119
2021-06-17 09:44:21,982.3,483133
2021-06-17 09:44:22,982.3,483135
2021-06-17 09:44:23,982.3,483139
2021-06-17 09:44:24,982.5,483141
2021-06-17 09:44:25,982.5,483161
2021-06-17 09:44:25,982.3,483163
2021-06-17 09:44:27,982.4,483366
2021-06-17 09:44:28,982.4,483382
2021-06-17 09:44:29,982.75,483395
2021-06-17 09:44:30,982.65,483402
2021-06-17 09:44:31,982.3,483417
2021-06-17 09:44:32,982.3,483418
2021-06-17 09:44:33,982.3,483419
2021-06-17 09:44:34,982.3,483419
2021-06-17 09:44:35,982.65,483470
2021-06-17 09:44:36,982.65,483476
2021-06-17 09:44:38,982.5,483487
2021-06-17 09:44:39,982.65,483502
2021-06-17 09:44:40,982.35,483546
2021-06-17 09:44:43,982.65,483583
2021-06-17 09:44:44,982.65,483619
2021-06-17 09:44:45,982.85,483669
2021-06-17 09:44:46,982.85,483751
2021-06-17 09:44:46,982.85,483751
2021-06-17 09:44:47,982.85,484003
2021-06-17 09:44:48,982.85,484088
2021-06-17 09:44:50,982.95,484223
2021-06-17 09:44:51,982.95,484223
2021-06-17 09:44:52,982.65,484251
2021-06-17 09:44:53,982.95,484551
2021-06-17 09:44:54,982.95,484553
2021-06-17 09:44:55,982.85,484560
2021-06-17 09:44:56,982.85,484560
2021-06-17 09:44:57,982.65,484571
2021-06-17 09:44:58,982.8,484616
2021-06-17 09:44:59,982.4,484623
2021-06-17 09:45:00,982.8,484725
2021-06-17 09:45:01,982.45,484757
2021-06-17 09:45:02,982.85,484860
2021-06-17 09:45:04,982.65,485002
2021-06-17 09:45:04,982.65,485002
2021-06-17 09:45:06,982.55,485035
2021-06-17 09:45:07,982.55,485056
2021-06-17 09:45:08,982.65,485059
2021-06-17 09:45:09,982.55,485075
2021-06-17 09:45:10,982.55,485077
2021-06-17 09:45:11,982.55,485177
2021-06-17 09:45:12,982.55,485195
2021-06-17 09:45:13,982.55,485550
2021-06-17 09:45:14,982.55,485591
2021-06-17 09:45:15,982.8,485795
2021-06-17 09:45:17,982.7,486116
2021-06-17 09:45:18,982.5,486135
2021-06-17 09:45:19,982.85,486655
2021-06-17 09:45:20,982.85,486655
2021-06-17 09:45:21,982.85,486655
2021-06-17 09:45:22,982.7,486705
2021-06-17 09:45:23,982.7,486705
2021-06-17 09:45:24,982.7,486706
2021-06-17 09:45:25,982.7,486770
2021-06-17 09:45:28,982.0,487272
2021-06-17 09:45:29,982.0,487275
2021-06-17 09:45:30,982.0,487286
2021-06-17 09:45:31,982.0,487288
2021-06-17 09:45:32,982.0,487376
2021-06-17 09:45:33,982.0,487397
2021-06-17 09:45:34,982.15,487499
2021-06-17 09:45:35,982.0,487596
2021-06-17 09:45:36,982.1,487669
2021-06-17 09:45:37,982.1,487676
2021-06-17 09:45:38,982.0,487811
2021-06-17 09:45:39,982.15,487826
2021-06-17 09:45:40,982.2,488143
2021-06-17 09:45:41,982.2,488149
2021-06-17 09:45:42,982.2,488149
2021-06-17 09:45:43,982.15,488151
2021-06-17 09:45:44,982.2,488153
2021-06-17 09:45:45,982.15,488184
2021-06-17 09:45:46,982.15,488194
2021-06-17 09:45:47,982.15,488196
2021-06-17 09:45:48,982.0,488410
2021-06-17 09:45:49,982.0,488431
2021-06-17 09:45:50,982.0,488435
2021-06-17 09:45:51,982.0,488439
2021-06-17 09:45:53,982.15,488473
2021-06-17 09:45:52,982.0,488469
2021-06-17 09:45:54,982.0,488484
2021-06-17 09:45:55,982.15,488496
2021-06-17 09:45:56,982.15,488496
2021-06-17 09:45:57,982.15,488496
2021-06-17 09:45:58,982.1,488499
2021-06-17 09:45:59,982.1,488501
2021-06-17 09:46:00,982.3,488966
2021-06-17 09:46:01,982.3,488966
2021-06-17 09:46:02,982.2,489016
2021-06-17 09:46:03,982.3,489074
2021-06-17 09:46:04,982.3,489082
2021-06-17 09:46:06,982.2,489129
2021-06-17 09:46:07,982.2,489151
2021-06-17 09:46:08,982.3,489158
2021-06-17 09:46:09,982.2,489166
2021-06-17 09:46:10,982.3,489278
2021-06-17 09:46:11,982.3,489311
2021-06-17 09:46:12,982.3,489315
2021-06-17 09:46:13,982.3,489322
2021-06-17 09:46:14,982.2,489326
2021-06-17 09:46:15,982.2,489327
2021-06-17 09:46:16,982.2,489428
2021-06-17 09:46:17,982.25,489446
2021-06-17 09:46:18,982.3,489473
2021-06-17 09:46:19,982.25,489493
2021-06-17 09:46:21,982.3,489507
2021-06-17 09:46:22,982.3,489566
2021-06-17 09:46:23,982.3,489628
2021-06-17 09:46:24,982.35,489937
2021-06-17 09:46:25,982.35,489968
2021-06-17 09:46:26,982.45,489977
2021-06-17 09:46:27,982.45,489978
2021-06-17 09:46:28,982.4,489980
2021-06-17 09:46:29,982.4,489980
2021-06-17 09:46:31,982.45,490021
2021-06-17 09:46:32,982.45,490032
2021-06-17 09:46:33,982.4,490033
2021-06-17 09:46:34,982.4,490035
2021-06-17 09:46:35,982.45,490268
2021-06-17 09:46:36,982.5,490439
2021-06-17 09:46:37,982.45,490452
2021-06-17 09:46:38,982.45,490453
2021-06-17 09:46:39,982.5,490470
2021-06-17 09:46:40,982.5,490470
2021-06-17 09:46:41,982.4,490522
2021-06-17 09:46:43,982.4,490559
2021-06-17 09:46:46,982.4,490635
2021-06-17 09:46:50,982.35,490647
2021-06-17 09:46:53,982.35,490698
2021-06-17 09:46:55,982.35,490921
2021-06-17 09:46:58,982.3,490949
2021-06-17 09:47:01,982.3,490986
2021-06-17 09:47:05,982.3,491035
2021-06-17 09:47:08,982.35,491058
2021-06-17 09:47:10,982.3,491270
2021-06-17 09:47:13,982.4,491466
2021-06-17 09:47:16,982.4,491501
2021-06-17 09:47:19,982.35,491509
2021-06-17 09:47:22,982.3,491653
2021-06-17 09:47:25,982.2,491781
2021-06-17 09:47:28,982.3,492008
2021-06-17 09:47:31,982.2,492563
2021-06-17 09:47:35,982.1,493027
2021-06-17 09:47:38,981.7,493777
2021-06-17 09:47:41,982.05,493937
2021-06-17 09:47:44,981.65,494371
2021-06-17 09:47:47,982.05,494433
2021-06-17 09:47:50,981.6,494601
2021-06-17 09:47:53,981.65,494732
2021-06-17 09:47:56,981.7,494939
2021-06-17 09:48:01,981.5,496293
2021-06-17 09:48:05,981.45,496419
2021-06-17 09:48:08,981.4,496576
2021-06-17 09:48:11,981.1,497157
2021-06-17 09:48:14,981.1,497370
2021-06-17 09:48:17,981.15,497466
2021-06-17 09:48:20,981.15,497475
2021-06-17 09:48:23,981.25,497632
2021-06-17 09:48:26,981.35,497766
2021-06-17 09:48:32,981.25,497919
2021-06-17 09:48:34,981.2,497988
2021-06-17 09:48:37,981.2,498343
2021-06-17 09:48:40,981.25,498719
2021-06-17 09:48:43,981.25,498764
2021-06-17 09:48:49,981.25,499199
2021-06-17 09:48:52,981.3,499255
2021-06-17 09:48:55,981.25,499260
2021-06-17 09:48:57,981.3,499851
2021-06-17 09:49:00,981.45,500318
2021-06-17 09:49:04,981.3,500340
2021-06-17 09:49:07,981.45,500475
2021-06-17 09:49:12,981.5,500926
2021-06-17 09:49:15,981.4,500975
2021-06-17 09:49:18,981.65,501110
2021-06-17 09:49:21,981.8,501130
2021-06-17 09:49:24,981.45,501150
2021-06-17 09:49:27,981.65,501171
2021-06-17 09:49:30,981.8,501186
2021-06-17 09:49:33,981.5,501374
2021-06-17 09:49:37,981.8,501571
2021-06-17 09:49:40,981.45,501931
2021-06-17 09:49:43,981.65,502006
2021-06-17 09:49:46,981.95,502710
2021-06-17 09:49:49,981.65,502933
2021-06-17 09:49:52,981.55,502962
2021-06-17 09:49:55,981.55,503089
2021-06-17 09:49:58,981.7,503373
2021-06-17 09:50:01,981.6,503626
2021-06-17 09:50:04,981.55,503737
2021-06-17 09:50:11,982.5,504914
2021-06-17 09:50:14,982.5,504930
2021-06-17 09:50:17,982.3,505085
2021-06-17 09:50:20,982.3,505104
2021-06-17 09:50:23,982.5,505181
2021-06-17 09:50:25,982.25,505314
2021-06-17 09:50:28,981.9,505716
2021-06-17 09:50:32,982.25,506627
2021-06-17 09:50:35,982.3,506824
2021-06-17 09:50:37,982.3,506825
2021-06-17 09:50:40,982.3,506939
2021-06-17 09:50:43,981.95,506989
2021-06-17 09:50:46,982.0,507072
2021-06-17 09:50:49,981.95,507095
2021-06-17 09:50:52,981.95,507210
2021-06-17 09:50:55,981.9,507371
2021-06-17 09:50:58,981.95,507435
2021-06-17 09:51:02,981.95,507440
2021-06-17 09:51:04,981.9,507480
2021-06-17 09:51:07,981.95,507631
2021-06-17 09:51:10,981.9,507646
2021-06-17 09:51:13,981.55,508572
2021-06-17 09:51:20,981.8,509235
2021-06-17 09:51:23,981.25,509467
2021-06-17 09:51:26,981.3,509686
2021-06-17 09:51:29,981.3,509886
2021-06-17 09:51:32,981.25,509984
2021-06-17 09:51:35,981.3,510554
2021-06-17 09:51:39,981.35,510759
2021-06-17 09:51:42,981.3,510786
2021-06-17 09:51:43,981.45,511524
2021-06-17 09:51:44,981.45,511525
2021-06-17 09:51:46,981.45,511596
2021-06-17 09:51:47,981.8,511637
2021-06-17 09:51:49,982.0,511739
2021-06-17 09:51:50,981.65,511741
2021-06-17 09:51:51,982.0,511752
2021-06-17 09:51:52,982.0,511752
2021-06-17 09:51:53,981.7,511937
2021-06-17 09:51:54,981.8,512686
2021-06-17 09:51:55,982.2,512836
2021-06-17 09:51:56,981.6,513339
2021-06-17 09:51:57,982.0,513490
2021-06-17 09:51:59,981.6,513493
2021-06-17 09:52:00,981.6,513498
2021-06-17 09:52:01,981.6,513520
2021-06-17 09:52:02,981.95,513539
2021-06-17 09:52:03,981.7,513567
2021-06-17 09:52:03,981.95,513573
2021-06-17 09:52:05,981.7,513679
2021-06-17 09:52:06,981.7,513696
2021-06-17 09:52:07,981.7,513704
2021-06-17 09:52:09,981.7,513721
2021-06-17 09:52:10,981.6,513735
2021-06-17 09:52:10,981.6,513739
2021-06-17 09:52:11,981.65,513810
2021-06-17 09:52:12,981.6,513843
2021-06-17 09:52:13,981.65,513858
2021-06-17 09:52:14,981.75,514169
2021-06-17 09:52:15,981.75,514200
2021-06-17 09:52:16,981.8,514221
2021-06-17 09:52:18,981.8,514311
2021-06-17 09:52:19,981.7,514474
2021-06-17 09:52:20,981.75,514620
2021-06-17 09:52:21,981.7,514625
2021-06-17 09:52:22,981.7,514637
2021-06-17 09:52:25,981.75,514697
2021-06-17 09:52:25,981.75,514697
2021-06-17 09:52:26,981.75,514729
2021-06-17 09:52:28,981.8,515197
2021-06-17 09:52:30,981.8,515227
2021-06-17 09:52:31,981.8,515253
2021-06-17 09:52:32,981.7,515276
2021-06-17 09:52:34,981.7,515449
2021-06-17 09:52:34,981.8,515566
2021-06-17 09:52:35,981.7,515570
2021-06-17 09:52:36,981.8,515889
2021-06-17 09:52:37,981.7,515890
2021-06-17 09:52:38,981.65,515938
2021-06-17 09:52:39,981.6,516784
2021-06-17 09:52:42,981.5,516976
2021-06-17 09:52:43,981.5,516995
2021-06-17 09:52:44,981.65,516999
2021-06-17 09:52:45,981.65,517200
2021-06-17 09:52:44,981.65,517000
2021-06-17 09:52:46,981.6,517220
2021-06-17 09:52:47,981.6,517229
2021-06-17 09:52:48,981.65,517247
2021-06-17 09:52:49,981.6,517264
2021-06-17 09:52:51,981.5,517341
2021-06-17 09:52:52,981.7,517451
2021-06-17 09:52:53,981.7,517495
2021-06-17 09:52:54,981.7,517601
2021-06-17 09:52:55,981.65,517620
2021-06-17 09:52:56,981.7,517681
2021-06-17 09:52:56,981.7,517681
2021-06-17 09:52:58,981.65,517700
2021-06-17 09:52:59,981.7,517738
2021-06-17 09:53:00,981.55,518477
2021-06-17 09:53:01,981.55,518558
2021-06-17 09:53:02,981.65,518567
2021-06-17 09:53:03,981.65,518567
2021-06-17 09:53:04,981.55,518571
2021-06-17 09:53:04,981.55,518570
2021-06-17 09:53:05,981.55,518788
2021-06-17 09:53:07,981.65,518810
2021-06-17 09:53:08,981.6,519600
2021-06-17 09:53:10,981.5,520062
2021-06-17 09:53:11,981.65,520075
2021-06-17 09:53:11,981.7,520077
2021-06-17 09:53:12,981.65,520095
2021-06-17 09:53:13,981.8,520957
2021-06-17 09:53:14,981.7,521007
2021-06-17 09:53:15,981.65,521017
2021-06-17 09:53:17,981.65,521097
2021-06-17 09:53:17,981.65,521043
2021-06-17 09:53:18,981.65,521107
2021-06-17 09:53:19,981.7,521191
2021-06-17 09:53:20,981.6,521364
2021-06-17 09:53:21,981.6,521423
2021-06-17 09:53:22,981.6,521429
2021-06-17 09:53:23,981.5,521437
2021-06-17 09:53:24,981.6,521461
2021-06-17 09:53:27,981.5,521499
2021-06-17 09:53:28,981.5,521510
2021-06-17 09:53:28,981.5,522530
2021-06-17 09:53:29,981.5,522638
2021-06-17 09:53:30,981.5,522688
2021-06-17 09:53:32,981.5,522702
2021-06-17 09:53:33,981.5,522712
2021-06-17 09:53:34,981.55,522793
2021-06-17 09:53:35,981.5,522796
2021-06-17 09:53:36,981.55,522818
2021-06-17 09:53:37,981.5,523119
2021-06-17 09:53:38,981.5,523246
2021-06-17 09:53:39,981.5,523263
2021-06-17 09:53:40,981.5,523279
2021-06-17 09:53:42,981.5,523286
2021-06-17 09:53:43,981.5,523339
2021-06-17 09:53:44,981.5,523356
2021-06-17 09:53:45,981.65,523359
2021-06-17 09:53:46,981.65,523388
2021-06-17 09:53:47,981.65,523388
2021-06-17 09:53:48,981.75,524364
2021-06-17 09:53:49,981.75,524462
2021-06-17 09:53:52,982.35,524612
2021-06-17 09:53:51,982.05,524606
2021-06-17 09:53:53,982.35,524612
2021-06-17 09:53:54,982.35,524612
2021-06-17 09:53:55,982.05,524637
2021-06-17 09:53:56,982.05,524651
2021-06-17 09:53:57,982.35,524671
2021-06-17 09:53:58,982.1,524761
2021-06-17 09:53:59,982.3,524780
2021-06-17 09:54:00,982.3,524806
2021-06-17 09:54:01,982.1,524821
2021-06-17 09:54:01,982.1,524825
2021-06-17 09:54:02,982.1,525679
2021-06-17 09:54:04,982.1,525764
2021-06-17 09:54:05,982.05,525775
2021-06-17 09:54:06,982.0,526148
2021-06-17 09:54:07,982.0,526158
2021-06-17 09:54:08,982.0,526160
2021-06-17 09:54:09,981.7,527165
2021-06-17 09:54:10,981.85,527470
2021-06-17 09:54:11,981.6,527507
2021-06-17 09:54:12,981.8,527513
2021-06-17 09:54:13,981.6,527545
2021-06-17 09:54:14,981.5,527550
2021-06-17 09:54:15,981.5,527553
2021-06-17 09:54:16,981.85,528093
2021-06-17 09:54:17,981.55,528175
2021-06-17 09:54:17,981.85,528185
2021-06-17 09:54:19,981.85,528196
2021-06-17 09:54:19,982.0,528771
2021-06-17 09:54:21,981.7,528829
2021-06-17 09:54:22,981.65,528876
2021-06-17 09:54:23,981.65,528881
2021-06-17 09:54:24,981.95,528882
2021-06-17 09:54:25,982.0,529337
2021-06-17 09:54:26,981.85,529369
2021-06-17 09:54:27,982.0,529511
2021-06-17 09:54:27,982.0,529511
2021-06-17 09:54:29,982.0,529585
2021-06-17 09:54:30,981.95,529593
2021-06-17 09:54:31,981.75,529645
2021-06-17 09:54:32,981.7,529727
2021-06-17 09:54:33,981.7,529866
2021-06-17 09:54:33,981.7,529852
2021-06-17 09:54:34,981.95,529905
2021-06-17 09:54:35,981.95,529905
2021-06-17 09:54:37,981.85,530042
2021-06-17 09:54:38,981.85,530081
2021-06-17 09:54:39,981.9,530647
2021-06-17 09:54:40,982.0,531030
2021-06-17 09:54:41,982.5,531860
2021-06-17 09:54:42,982.5,531860
2021-06-17 09:54:43,982.45,531862
2021-06-17 09:54:44,982.5,531877
2021-06-17 09:54:45,982.2,532089
2021-06-17 09:54:46,982.2,532195
2021-06-17 09:54:47,982.45,532236
2021-06-17 09:54:48,982.15,532238
2021-06-17 09:54:49,982.05,532246
2021-06-17 09:54:50,982.35,532359
2021-06-17 09:54:51,982.05,532361
2021-06-17 09:54:52,982.05,532362
2021-06-17 09:54:53,982.35,532377
2021-06-17 09:54:54,982.45,532478
2021-06-17 09:54:55,982.05,532481
2021-06-17 09:54:56,982.5,532983
2021-06-17 09:54:57,982.5,533003
2021-06-17 09:54:58,982.35,533113
2021-06-17 09:54:59,982.5,533165
2021-06-17 09:55:00,982.6,533198
2021-06-17 09:55:01,982.65,533472
2021-06-17 09:55:03,982.65,533601
2021-06-17 09:55:04,982.6,533621
2021-06-17 09:55:05,982.65,533721
2021-06-17 09:55:06,982.65,533740
2021-06-17 09:55:07,982.65,533749
2021-06-17 09:55:08,982.65,533749
2021-06-17 09:55:09,982.6,533839
2021-06-17 09:55:10,982.7,534032
2021-06-17 09:55:11,982.7,534055
2021-06-17 09:55:12,983.0,534211
2021-06-17 09:55:13,982.65,534215
2021-06-17 09:55:14,982.65,534254
2021-06-17 09:55:15,982.65,534305
2021-06-17 09:55:17,982.85,534451
2021-06-17 09:55:19,982.9,534615
2021-06-17 09:55:20,983.0,534635
2021-06-17 09:55:22,982.65,534654
2021-06-17 09:55:22,982.65,534656
2021-06-17 09:55:24,982.9,535036
2021-06-17 09:55:25,983.0,535113
2021-06-17 09:55:27,982.9,535171
2021-06-17 09:55:28,982.85,535518
2021-06-17 09:55:29,983.0,535587
2021-06-17 09:55:30,982.85,536981
2021-06-17 09:55:31,983.0,537136
2021-06-17 09:55:32,983.0,537141
2021-06-17 09:55:33,983.0,537367
2021-06-17 09:55:34,983.0,537400
2021-06-17 09:55:35,983.1,537465
2021-06-17 09:55:36,983.0,537745
2021-06-17 09:55:37,983.1,537931
2021-06-17 09:55:38,983.1,537999
2021-06-17 09:55:39,983.05,538078
2021-06-17 09:55:40,983.1,538093
2021-06-17 09:55:41,983.1,538094
2021-06-17 09:55:42,983.05,538111
2021-06-17 09:55:43,983.05,538440
2021-06-17 09:55:44,983.1,538476
2021-06-17 09:55:45,983.1,538483
2021-06-17 09:55:45,983.1,538483
2021-06-17 09:55:46,983.05,538602
2021-06-17 09:55:47,983.05,538661
2021-06-17 09:55:48,983.05,538669
2021-06-17 09:55:50,983.25,538688
2021-06-17 09:55:51,983.1,538778
2021-06-17 09:55:52,983.1,538789
2021-06-17 09:55:53,983.1,538791
2021-06-17 09:55:54,983.3,538864
2021-06-17 09:55:56,983.25,540138
2021-06-17 09:55:57,983.35,540139
2021-06-17 09:55:58,983.4,540169
2021-06-17 09:56:01,983.5,541047
2021-06-17 09:56:02,983.45,541150
2021-06-17 09:56:03,983.5,541180
2021-06-17 09:56:04,983.25,541375
2021-06-17 09:56:05,983.55,541428
2021-06-17 09:56:06,983.3,541449
2021-06-17 09:56:07,983.2,541498
2021-06-17 09:56:08,983.7,542000
2021-06-17 09:56:09,983.55,542051
2021-06-17 09:56:10,983.55,542051
2021-06-17 09:56:11,983.5,542091
2021-06-17 09:56:12,983.55,542144
2021-06-17 09:56:13,983.55,542144
2021-06-17 09:56:14,983.25,542238
2021-06-17 09:56:15,983.25,542303
2021-06-17 09:56:16,983.2,542490
2021-06-17 09:56:17,983.55,542513
2021-06-17 09:56:18,983.55,542538
2021-06-17 09:56:19,983.3,542539
2021-06-17 09:56:20,983.2,542650
2021-06-17 09:56:21,983.2,542664
2021-06-17 09:56:22,983.25,542669
2021-06-17 09:56:23,983.25,542673
2021-06-17 09:56:25,983.25,542676
2021-06-17 09:56:26,983.4,543755
2021-06-17 09:56:27,983.4,543790
2021-06-17 09:56:28,983.4,543809
2021-06-17 09:56:29,983.4,543829
2021-06-17 09:56:30,983.4,543887
2021-06-17 09:56:31,983.4,543995
2021-06-17 09:56:33,983.7,544010
2021-06-17 09:56:34,983.65,544516
2021-06-17 09:56:36,983.65,544529
2021-06-17 09:56:37,983.6,544533
2021-06-17 09:56:38,983.65,544686
2021-06-17 09:56:39,983.65,544853
2021-06-17 09:56:41,983.65,544868
2021-06-17 09:56:42,983.55,544887
2021-06-17 09:56:43,983.55,544889
2021-06-17 09:56:44,983.6,544945
2021-06-17 09:56:45,983.55,544952
2021-06-17 09:56:46,983.7,545030
2021-06-17 09:56:47,983.6,545032
2021-06-17 09:56:48,983.65,545245
2021-06-17 09:56:49,983.65,545271
2021-06-17 09:56:50,983.85,545774
2021-06-17 09:56:51,983.95,546291
2021-06-17 09:56:52,983.6,546370
2021-06-17 09:56:53,983.6,546378
2021-06-17 09:56:54,983.6,546379
2021-06-17 09:56:55,983.7,546402
2021-06-17 09:56:56,983.7,546457
2021-06-17 09:56:57,983.65,546515
2021-06-17 09:56:58,983.65,546547
2021-06-17 09:56:59,983.65,546679
2021-06-17 09:57:00,983.7,546794
2021-06-17 09:57:01,983.7,546837
2021-06-17 09:57:02,983.65,546929
2021-06-17 09:57:03,983.65,546954
2021-06-17 09:57:04,983.7,547039
2021-06-17 09:57:05,983.65,547203
2021-06-17 09:57:06,983.65,547244
2021-06-17 09:57:07,983.65,547259
2021-06-17 09:57:08,983.65,547535
2021-06-17 09:57:09,983.65,548127
2021-06-17 09:57:10,983.65,548190
2021-06-17 09:57:12,983.65,548205
2021-06-17 09:57:13,983.65,548216
2021-06-17 09:57:14,983.6,548521
2021-06-17 09:57:15,983.7,548782
2021-06-17 09:57:16,983.7,548782
2021-06-17 09:57:18,983.75,550159
2021-06-17 09:57:19,984.0,550300
2021-06-17 09:57:20,984.0,551101
2021-06-17 09:57:21,983.8,551105
2021-06-17 09:57:22,983.85,551215
2021-06-17 09:57:23,983.75,551308
2021-06-17 09:57:24,984.0,551350
2021-06-17 09:57:25,984.0,551401
2021-06-17 09:57:26,984.15,552760
2021-06-17 09:57:27,984.05,552998
2021-06-17 09:57:28,984.3,553023
2021-06-17 09:57:29,984.05,553425
2021-06-17 09:57:30,984.05,553453
2021-06-17 09:57:31,984.45,553607
2021-06-17 09:57:32,984.45,553607
2021-06-17 09:57:33,984.4,553677
2021-06-17 09:57:34,984.25,553709
2021-06-17 09:57:35,984.4,553869
2021-06-17 09:57:36,984.4,553946
2021-06-17 09:57:37,984.4,554216
2021-06-17 09:57:38,984.4,554217
2021-06-17 09:57:39,984.25,554381
2021-06-17 09:57:40,984.05,554405
2021-06-17 09:57:41,984.45,554667
2021-06-17 09:57:42,984.35,554786
2021-06-17 09:57:43,984.35,554919
2021-06-17 09:57:44,984.35,554951
2021-06-17 09:57:46,984.25,555198
2021-06-17 09:57:45,984.25,555196
2021-06-17 09:57:48,984.6,557397
2021-06-17 09:57:49,984.25,557420
2021-06-17 09:57:50,984.25,557557
2021-06-17 09:57:52,984.65,557929
2021-06-17 09:57:53,984.7,557960
2021-06-17 09:57:54,984.7,558329
2021-06-17 09:57:55,984.7,558344
2021-06-17 09:57:57,984.5,559590
2021-06-17 09:57:58,984.7,559674
2021-06-17 09:57:59,984.7,559677
2021-06-17 09:58:00,984.75,559852
2021-06-17 09:58:01,984.75,560175
2021-06-17 09:58:02,984.55,560278
2021-06-17 09:58:03,984.6,560330
2021-06-17 09:58:04,984.6,560384
2021-06-17 09:58:06,984.6,561191
2021-06-17 09:58:06,984.6,561507
2021-06-17 09:58:07,984.5,561684
2021-06-17 09:58:08,984.5,561978
2021-06-17 09:58:09,984.5,562372
2021-06-17 09:58:10,984.3,563046
2021-06-17 09:58:11,984.6,563114
2021-06-17 09:58:12,984.25,563364
2021-06-17 09:58:13,984.5,563944
2021-06-17 09:58:14,984.3,564093
2021-06-17 09:58:15,984.55,564260
2021-06-17 09:58:16,984.55,564879
2021-06-17 09:58:17,984.6,564993
2021-06-17 09:58:18,984.6,565169
2021-06-17 09:58:19,984.4,565171
2021-06-17 09:58:20,984.6,565229
2021-06-17 09:58:21,984.6,565465
2021-06-17 09:58:22,984.3,565468
2021-06-17 09:58:23,984.3,565573
2021-06-17 09:58:24,984.7,565908
2021-06-17 09:58:25,984.7,566036
2021-06-17 09:58:26,984.6,566038
2021-06-17 09:58:27,984.9,567046
2021-06-17 09:58:28,984.9,567084
2021-06-17 09:58:29,984.7,567166
2021-06-17 09:58:30,984.9,567197
2021-06-17 09:58:31,984.9,567247
2021-06-17 09:58:32,984.6,567311
2021-06-17 09:58:33,984.5,567360
2021-06-17 09:58:34,984.6,567555
2021-06-17 09:58:36,984.55,567740
2021-06-17 09:58:36,984.9,567768
2021-06-17 09:58:37,984.55,567950
2021-06-17 09:58:38,984.6,567990
2021-06-17 09:58:39,984.55,568238
2021-06-17 09:58:40,984.55,568503
2021-06-17 09:58:41,984.5,568533
2021-06-17 09:58:43,984.5,568897
2021-06-17 09:58:44,984.5,568943
2021-06-17 09:58:45,984.55,569054
2021-06-17 09:58:46,984.55,569066
2021-06-17 09:58:47,984.55,569107
2021-06-17 09:58:48,984.45,569156
2021-06-17 09:58:49,984.6,569487
2021-06-17 09:58:50,984.6,569522
2021-06-17 09:58:51,984.45,569670
2021-06-17 09:58:53,984.45,569715
2021-06-17 09:58:55,984.8,569857
2021-06-17 09:58:56,984.45,570075
2021-06-17 09:58:58,984.55,570112
2021-06-17 09:58:59,984.75,570258
2021-06-17 09:59:00,984.45,570283
2021-06-17 09:59:01,984.75,570350
2021-06-17 09:59:02,984.4,570367
2021-06-17 09:59:03,984.4,570383
2021-06-17 09:59:04,984.4,570544
2021-06-17 09:59:05,984.45,571173
2021-06-17 09:59:08,984.4,571213
2021-06-17 09:59:07,984.35,571180
2021-06-17 09:59:09,984.35,571261
2021-06-17 09:59:09,984.75,572272
2021-06-17 09:59:10,984.3,572346
2021-06-17 09:59:11,984.7,572354
2021-06-17 09:59:12,984.7,572645
2021-06-17 09:59:13,984.55,572815
2021-06-17 09:59:14,984.55,572840
2021-06-17 09:59:15,984.55,572951
2021-06-17 09:59:17,984.4,573162
2021-06-17 09:59:17,984.4,574196
2021-06-17 09:59:19,984.65,574321
2021-06-17 09:59:20,984.4,574323
2021-06-17 09:59:21,984.65,574565
2021-06-17 09:59:22,984.65,574565
2021-06-17 09:59:22,984.65,574565
2021-06-17 09:59:23,984.4,574642
2021-06-17 09:59:24,984.3,575025
2021-06-17 09:59:25,984.25,575063
2021-06-17 09:59:26,984.3,575286
2021-06-17 09:59:27,984.25,575291
2021-06-17 09:59:28,984.25,575313
2021-06-17 09:59:29,984.2,575409
2021-06-17 09:59:30,984.25,575419
2021-06-17 09:59:31,984.2,575444
2021-06-17 09:59:32,984.4,575594
2021-06-17 09:59:33,984.25,575596
2021-06-17 09:59:34,984.3,575619
2021-06-17 09:59:35,984.3,575689
2021-06-17 09:59:36,984.2,575716
2021-06-17 09:59:38,984.2,575748
2021-06-17 09:59:38,984.2,575751
2021-06-17 09:59:39,984.2,575831
2021-06-17 09:59:40,984.3,575852
2021-06-17 09:59:41,984.2,575956
2021-06-17 09:59:42,984.2,575979
2021-06-17 09:59:43,984.2,576146
2021-06-17 09:59:44,984.2,576152
2021-06-17 09:59:45,984.1,576333
2021-06-17 09:59:46,984.1,576383
2021-06-17 09:59:47,984.1,576383
2021-06-17 09:59:48,984.05,576401
2021-06-17 09:59:49,983.9,577246
2021-06-17 09:59:50,984.0,577351
2021-06-17 09:59:51,983.85,577358
2021-06-17 09:59:52,983.85,577466
2021-06-17 09:59:53,984.0,577496
2021-06-17 09:59:54,983.85,577532
2021-06-17 09:59:55,983.8,577931
2021-06-17 09:59:56,983.8,577970
2021-06-17 09:59:57,983.9,577983
2021-06-17 09:59:58,983.85,578261
2021-06-17 10:00:00,983.75,578320
2021-06-17 10:00:01,983.85,578330
2021-06-17 10:00:02,983.75,578345
2021-06-17 10:00:02,983.75,578346
2021-06-17 10:00:03,983.75,578357
2021-06-17 10:00:05,984.05,579067
2021-06-17 10:00:06,984.2,579115
2021-06-17 10:00:07,984.2,579142
2021-06-17 10:00:08,984.2,579143
2021-06-17 10:00:09,984.1,579156
2021-06-17 10:00:10,984.05,579244
2021-06-17 10:00:11,984.1,579267
2021-06-17 10:00:12,984.05,579772
2021-06-17 10:00:14,984.1,579828
2021-06-17 10:00:15,984.1,579828
2021-06-17 10:00:16,984.1,579838
2021-06-17 10:00:17,984.05,579842
2021-06-17 10:00:18,984.05,579855
2021-06-17 10:00:19,984.0,579861
2021-06-17 10:00:20,984.05,579864
2021-06-17 10:00:21,984.0,580082
2021-06-17 10:00:21,984.0,579970
2021-06-17 10:00:22,984.0,580125
2021-06-17 10:00:23,984.0,580230
2021-06-17 10:00:24,984.0,580252
2021-06-17 10:00:25,984.05,580256
2021-06-17 10:00:26,984.05,580328
2021-06-17 10:00:27,984.2,580368
2021-06-17 10:00:28,984.2,580409
2021-06-17 10:00:30,984.25,580643
2021-06-17 10:00:30,984.25,580643
2021-06-17 10:00:31,984.3,580774
2021-06-17 10:00:32,984.3,580774
2021-06-17 10:00:33,984.0,580962
2021-06-17 10:00:34,984.0,580982
2021-06-17 10:00:35,984.3,581000
2021-06-17 10:00:36,984.3,581006
2021-06-17 10:00:37,984.25,581053
2021-06-17 10:00:38,984.3,581067
2021-06-17 10:00:39,984.2,581166
2021-06-17 10:00:41,984.3,581273
2021-06-17 10:00:44,984.3,581577
2021-06-17 10:00:46,984.15,581651
2021-06-17 10:00:45,984.15,581628
2021-06-17 10:00:47,984.3,581693
2021-06-17 10:00:48,984.3,581705
2021-06-17 10:00:49,984.3,581705
2021-06-17 10:00:50,984.3,582119
2021-06-17 10:00:51,984.3,582120
2021-06-17 10:00:52,984.0,582219
2021-06-17 10:00:53,984.0,582287
2021-06-17 10:00:54,984.0,582295
2021-06-17 10:00:55,984.3,582505
2021-06-17 10:00:56,984.0,582550
2021-06-17 10:00:57,984.2,582580
2021-06-17 10:00:58,984.0,582730
2021-06-17 10:00:59,984.15,582770
2021-06-17 10:01:00,984.15,582770
2021-06-17 10:01:01,984.0,583033
2021-06-17 10:01:02,984.0,583064
2021-06-17 10:01:02,984.0,583108
2021-06-17 10:01:03,984.0,583330
2021-06-17 10:01:04,984.05,583377
2021-06-17 10:01:05,984.0,583390
2021-06-17 10:01:07,984.0,583522
2021-06-17 10:01:08,983.85,583812
2021-06-17 10:01:08,983.85,583841
2021-06-17 10:01:09,983.85,583925
2021-06-17 10:01:10,983.75,584318
2021-06-17 10:01:12,983.75,584318
2021-06-17 10:01:13,983.7,585431
2021-06-17 10:01:14,983.7,585437
2021-06-17 10:01:15,983.7,586398
2021-06-17 10:01:16,983.35,586433
2021-06-17 10:01:17,983.3,586466
2021-06-17 10:01:17,983.3,586466
2021-06-17 10:01:19,983.35,586516
2021-06-17 10:01:20,983.3,586526
2021-06-17 10:01:21,983.2,586622
2021-06-17 10:01:22,983.2,586632
2021-06-17 10:01:22,983.2,586633
2021-06-17 10:01:24,983.1,586966
2021-06-17 10:01:25,983.1,587014
2021-06-17 10:01:26,983.1,587026
2021-06-17 10:01:27,983.1,587100
2021-06-17 10:01:29,983.1,587200
2021-06-17 10:01:29,983.1,587229
2021-06-17 10:01:31,983.1,587557
2021-06-17 10:01:32,983.1,587590
2021-06-17 10:01:34,983.0,588049
2021-06-17 10:01:35,983.0,588221
2021-06-17 10:01:36,983.2,588243
2021-06-17 10:01:37,983.2,588243
2021-06-17 10:01:38,983.2,588243
2021-06-17 10:01:39,983.1,588274
2021-06-17 10:01:40,983.05,588291
2021-06-17 10:01:40,983.1,588303
2021-06-17 10:01:41,983.05,588305
2021-06-17 10:01:43,982.9,589158
2021-06-17 10:01:43,982.85,589179
2021-06-17 10:01:44,982.85,589291
2021-06-17 10:01:45,982.65,589294
2021-06-17 10:01:46,982.4,589627
2021-06-17 10:01:47,982.45,589734
2021-06-17 10:01:48,982.8,589839
2021-06-17 10:01:49,982.85,590052
2021-06-17 10:01:51,982.55,590126
2021-06-17 10:01:52,982.55,590147
2021-06-17 10:01:53,982.75,590151
2021-06-17 10:01:53,982.75,590219
2021-06-17 10:01:54,982.9,590359
2021-06-17 10:01:55,983.75,590792
2021-06-17 10:01:58,983.3,590811
2021-06-17 10:02:00,983.3,590875
2021-06-17 10:02:01,983.25,591077
2021-06-17 10:02:02,983.1,591231
2021-06-17 10:02:03,983.3,591278
2021-06-17 10:02:04,983.05,591306
2021-06-17 10:02:04,983.05,591306
2021-06-17 10:02:05,983.05,591306
2021-06-17 10:02:06,983.0,591487
2021-06-17 10:02:08,983.0,591637
2021-06-17 10:02:09,983.2,591714
2021-06-17 10:02:10,983.0,591791
2021-06-17 10:02:12,983.0,591812
2021-06-17 10:02:13,983.0,591814
2021-06-17 10:02:14,983.1,591835
2021-06-17 10:02:15,983.0,591896
2021-06-17 10:02:16,982.85,591973
2021-06-17 10:02:17,982.95,591980
2021-06-17 10:02:18,982.95,591990
2021-06-17 10:02:20,982.9,592003
2021-06-17 10:02:21,982.9,592025
2021-06-17 10:02:22,982.85,592161
2021-06-17 10:02:23,982.85,592166
2021-06-17 10:02:24,982.55,592396
2021-06-17 10:02:24,982.55,592419
2021-06-17 10:02:26,982.55,592445
2021-06-17 10:02:27,982.7,592460
2021-06-17 10:02:28,982.7,592463
2021-06-17 10:02:29,982.6,592471
2021-06-17 10:02:30,982.65,592630
2021-06-17 10:02:31,982.65,593058
2021-06-17 10:02:33,982.65,593143
2021-06-17 10:02:33,982.65,593144
2021-06-17 10:02:35,982.35,594149
2021-06-17 10:02:36,982.8,594307
2021-06-17 10:02:37,982.8,594377
2021-06-17 10:02:38,982.8,594377
2021-06-17 10:02:39,982.6,594572
2021-06-17 10:02:40,982.6,594591
2021-06-17 10:02:41,982.5,594601
2021-06-17 10:02:42,982.35,594618
2021-06-17 10:02:44,982.35,594662
2021-06-17 10:02:43,982.35,594627
2021-06-17 10:02:45,982.35,594716
2021-06-17 10:02:46,982.45,594745
2021-06-17 10:02:47,982.35,594752
2021-06-17 10:02:48,982.4,594753
2021-06-17 10:02:49,982.35,594776
2021-06-17 10:02:50,982.35,594788
2021-06-17 10:02:51,982.35,594825
2021-06-17 10:02:52,982.35,594865
2021-06-17 10:02:53,982.25,595090
2021-06-17 10:02:54,982.9,595732
2021-06-17 10:02:55,982.4,595775
2021-06-17 10:02:56,982.75,595813
2021-06-17 10:02:58,982.6,595817
2021-06-17 10:02:57,982.6,595817
2021-06-17 10:02:59,982.45,595857
2021-06-17 10:02:59,982.5,595861
2021-06-17 10:03:00,982.5,595872
2021-06-17 10:03:01,982.5,595885
2021-06-17 10:03:02,982.45,595988
2021-06-17 10:03:03,982.45,596015
2021-06-17 10:03:04,982.55,596091
2021-06-17 10:03:06,982.55,596305
2021-06-17 10:03:07,982.55,596316
2021-06-17 10:03:09,982.55,596738
2021-06-17 10:03:10,982.85,596800
2021-06-17 10:03:11,982.55,596832
2021-06-17 10:03:12,982.75,596935
2021-06-17 10:03:12,982.75,596935
2021-06-17 10:03:13,982.55,596942
2021-06-17 10:03:14,982.6,596956
2021-06-17 10:03:15,982.6,596970
2021-06-17 10:03:17,982.7,596974
2021-06-17 10:03:17,982.6,597021
2021-06-17 10:03:18,982.6,597051
2021-06-17 10:03:19,982.6,597062
2021-06-17 10:03:21,982.6,597071
2021-06-17 10:03:22,982.6,597075
2021-06-17 10:03:24,982.6,597255
2021-06-17 10:03:24,982.6,597255
2021-06-17 10:03:25,982.55,597326
2021-06-17 10:03:27,982.55,597502
2021-06-17 10:03:28,982.55,597552
2021-06-17 10:03:30,982.55,597695
2021-06-17 10:03:31,982.85,598094
2021-06-17 10:03:32,982.85,598189
2021-06-17 10:03:32,982.85,598177
2021-06-17 10:03:33,982.8,598194
2021-06-17 10:03:35,982.8,598194
2021-06-17 10:03:36,982.7,598204
2021-06-17 10:03:37,982.75,598227
2021-06-17 10:03:38,982.7,598409
2021-06-17 10:03:39,982.7,598490
2021-06-17 10:03:40,982.6,598494
2021-06-17 10:03:40,982.6,598494
2021-06-17 10:03:42,982.6,598667
2021-06-17 10:03:43,982.6,598685
2021-06-17 10:03:44,983.0,599150
2021-06-17 10:03:45,982.6,599207
2021-06-17 10:03:45,982.6,599219
2021-06-17 10:03:46,983.0,599223
2021-06-17 10:03:47,982.8,599226
2021-06-17 10:03:48,982.8,599226
2021-06-17 10:03:49,982.8,599273
2021-06-17 10:03:50,982.95,599291
2021-06-17 10:03:51,982.95,599302
2021-06-17 10:03:52,982.9,599303
2021-06-17 10:03:53,982.9,599304
2021-06-17 10:03:54,982.8,599327
2021-06-17 10:03:56,982.85,599547
2021-06-17 10:03:55,982.8,599362
2021-06-17 10:03:58,982.7,599557
2021-06-17 10:03:59,982.7,599558
2021-06-17 10:04:00,982.7,599571
2021-06-17 10:04:01,982.7,599572
2021-06-17 10:04:02,982.7,599591
2021-06-17 10:04:03,982.75,599603
2021-06-17 10:04:04,982.7,599736
2021-06-17 10:04:05,982.7,599753
2021-06-17 10:04:06,982.75,599772
2021-06-17 10:04:07,982.75,599772
2021-06-17 10:04:08,982.7,599780
2021-06-17 10:04:09,982.7,599869
2021-06-17 10:04:10,982.65,599888
2021-06-17 10:04:11,982.75,599906
2021-06-17 10:04:12,982.75,599906
2021-06-17 10:04:13,982.7,599908
2021-06-17 10:04:14,982.65,599996
2021-06-17 10:04:14,982.65,599988
2021-06-17 10:04:16,982.7,600021
2021-06-17 10:04:16,982.65,600023
2021-06-17 10:04:18,982.7,600033
2021-06-17 10:04:19,982.65,600167
2021-06-17 10:04:20,982.65,600204
2021-06-17 10:04:21,982.7,600219
2021-06-17 10:04:22,982.7,600224
2021-06-17 10:04:24,982.6,600270
2021-06-17 10:04:25,982.7,600332
2021-06-17 10:04:26,982.7,600400
2021-06-17 10:04:27,982.5,603069
2021-06-17 10:04:28,982.45,603077
2021-06-17 10:04:29,982.5,603107
2021-06-17 10:04:30,982.1,604279
2021-06-17 10:04:32,982.15,604420
2021-06-17 10:04:34,982.1,604872
2021-06-17 10:04:33,982.1,604827
2021-06-17 10:04:35,982.1,604880
2021-06-17 10:04:36,982.1,604930
2021-06-17 10:04:38,982.05,604985
2021-06-17 10:04:39,982.05,605083
2021-06-17 10:04:39,982.05,605093
2021-06-17 10:04:40,982.05,605097
2021-06-17 10:04:42,982.15,605147
2021-06-17 10:04:43,982.05,605149
2021-06-17 10:04:44,982.2,605575
2021-06-17 10:04:45,982.05,605646
2021-06-17 10:04:47,982.2,605700
2021-06-17 10:04:48,982.2,605785
2021-06-17 10:04:49,982.2,605785
2021-06-17 10:04:50,982.05,605804
2021-06-17 10:04:51,982.1,605812
2021-06-17 10:04:52,982.05,605987
2021-06-17 10:04:53,982.0,606010
2021-06-17 10:04:54,982.05,606014
2021-06-17 10:04:55,982.4,606146
2021-06-17 10:04:56,982.25,606213
2021-06-17 10:04:57,982.25,606222
2021-06-17 10:04:58,982.0,606245
2021-06-17 10:04:59,982.0,607907
2021-06-17 10:05:00,982.0,608076
2021-06-17 10:05:01,982.0,608100
2021-06-17 10:05:02,982.0,608103
2021-06-17 10:05:03,982.0,608103
2021-06-17 10:05:04,982.05,608306
2021-06-17 10:05:05,982.1,608455
2021-06-17 10:05:07,982.3,608473
2021-06-17 10:05:08,982.25,608508
2021-06-17 10:05:08,982.25,608591
2021-06-17 10:05:09,982.45,608640
2021-06-17 10:05:11,982.5,609101
2021-06-17 10:05:12,982.5,609201
2021-06-17 10:05:13,982.15,609213
2021-06-17 10:05:14,982.5,609319
2021-06-17 10:05:15,982.1,609571
2021-06-17 10:05:15,982.15,609597
2021-06-17 10:05:17,982.15,609670
2021-06-17 10:05:18,982.15,609684
2021-06-17 10:05:19,982.45,609705
2021-06-17 10:05:20,982.45,609717
2021-06-17 10:05:20,982.45,609718
2021-06-17 10:05:21,982.45,609718
2021-06-17 10:05:22,982.45,609729
2021-06-17 10:05:24,982.5,609731
2021-06-17 10:05:25,982.5,609745
2021-06-17 10:05:26,982.5,609775
2021-06-17 10:05:27,982.45,609880
2021-06-17 10:05:28,982.4,610028
2021-06-17 10:05:29,982.5,610218
2021-06-17 10:05:30,982.6,610319
2021-06-17 10:05:31,982.6,610319
2021-06-17 10:05:32,982.6,610319
2021-06-17 10:05:34,982.5,610422
2021-06-17 10:05:36,982.4,610463
2021-06-17 10:05:37,982.6,610486
2021-06-17 10:05:38,982.6,610539
2021-06-17 10:05:38,982.5,610619
2021-06-17 10:05:40,982.6,610652
2021-06-17 10:05:41,982.8,610884
2021-06-17 10:05:42,982.5,610892
2021-06-17 10:05:43,982.8,610946
2021-06-17 10:05:45,982.5,610954
2021-06-17 10:05:46,982.5,610954
2021-06-17 10:05:47,982.5,610984
2021-06-17 10:05:48,982.65,610997
2021-06-17 10:05:49,982.65,611085
2021-06-17 10:05:50,982.5,611103
2021-06-17 10:05:51,982.5,611117
2021-06-17 10:05:52,982.5,611133
2021-06-17 10:05:53,982.5,611253
2021-06-17 10:05:54,982.5,611704
2021-06-17 10:05:55,982.5,611843
2021-06-17 10:05:56,982.55,611917
2021-06-17 10:05:57,982.5,611956
2021-06-17 10:05:58,982.5,612052
2021-06-17 10:05:59,982.55,612160
2021-06-17 10:06:00,982.55,612169
2021-06-17 10:06:01,982.5,612177
2021-06-17 10:06:02,982.3,613180
2021-06-17 10:06:03,982.3,613382
2021-06-17 10:06:04,982.3,613402
2021-06-17 10:06:05,982.15,613408
2021-06-17 10:06:06,982.3,613411
2021-06-17 10:06:07,982.4,613795
2021-06-17 10:06:08,982.35,613830
2021-06-17 10:06:09,982.35,613914
2021-06-17 10:06:10,982.1,613919
2021-06-17 10:06:11,982.1,613931
2021-06-17 10:06:12,982.35,613990
2021-06-17 10:06:14,982.0,614158
2021-06-17 10:06:15,982.05,614191
2021-06-17 10:06:16,982.0,614212
2021-06-17 10:06:17,982.0,618148
2021-06-17 10:06:18,981.95,618180
2021-06-17 10:06:19,982.0,618335
2021-06-17 10:06:21,981.8,618360
2021-06-17 10:06:22,981.45,619896
2021-06-17 10:06:22,981.45,620050
2021-06-17 10:06:24,981.65,620862
2021-06-17 10:06:25,981.6,620889
2021-06-17 10:06:26,981.55,620940
2021-06-17 10:06:27,981.6,621106
2021-06-17 10:06:28,981.75,621930
2021-06-17 10:06:29,981.65,621931
2021-06-17 10:06:30,981.75,621971
2021-06-17 10:06:32,981.55,621975
2021-06-17 10:06:34,981.95,622168
2021-06-17 10:06:35,981.95,622203
2021-06-17 10:06:36,981.95,622203
2021-06-17 10:06:37,981.9,622211
2021-06-17 10:06:38,981.75,622225
2021-06-17 10:06:39,981.7,622338
2021-06-17 10:06:40,981.7,622349
2021-06-17 10:06:41,981.65,622358
2021-06-17 10:06:42,981.65,622564
2021-06-17 10:06:43,981.9,622687
2021-06-17 10:06:44,981.55,622688
2021-06-17 10:06:45,981.55,622688
2021-06-17 10:06:46,981.85,622700
2021-06-17 10:06:47,981.7,622860
2021-06-17 10:06:48,981.95,623028
2021-06-17 10:06:49,981.65,623039
2021-06-17 10:06:50,981.95,623041
2021-06-17 10:06:51,981.95,623103
2021-06-17 10:06:52,981.8,623115
2021-06-17 10:06:53,982.0,623181
2021-06-17 10:06:54,982.1,623189
2021-06-17 10:06:55,982.0,623260
2021-06-17 10:06:56,982.0,623260
2021-06-17 10:06:57,981.95,623262
2021-06-17 10:06:58,981.9,623281
2021-06-17 10:06:59,981.9,623510
2021-06-17 10:07:00,981.9,623538
2021-06-17 10:07:01,981.85,623633
2021-06-17 10:07:02,981.85,623643
2021-06-17 10:07:03,981.85,623644
2021-06-17 10:07:04,981.95,623659
2021-06-17 10:07:05,981.75,623735
2021-06-17 10:07:06,981.75,623746
2021-06-17 10:07:07,981.95,623748
2021-06-17 10:07:08,981.85,623751
2021-06-17 10:07:09,981.8,623777
2021-06-17 10:07:10,981.8,623781
2021-06-17 10:07:11,981.8,623835
2021-06-17 10:07:12,981.8,623911
2021-06-17 10:07:13,981.95,623954
2021-06-17 10:07:14,981.75,623974
2021-06-17 10:07:15,981.75,624078
2021-06-17 10:07:16,981.8,624094
2021-06-17 10:07:17,981.85,624097
2021-06-17 10:07:18,981.8,624126
2021-06-17 10:07:19,981.7,624270
2021-06-17 10:07:20,981.7,624289
2021-06-17 10:07:21,981.7,624291
2021-06-17 10:07:22,981.7,624449
2021-06-17 10:07:23,981.7,624485
2021-06-17 10:07:24,981.8,624496
2021-06-17 10:07:25,981.7,624517
2021-06-17 10:07:26,981.8,624563
2021-06-17 10:07:27,981.85,624820
2021-06-17 10:07:29,981.5,624874
2021-06-17 10:07:30,981.95,625038
2021-06-17 10:07:31,981.95,625038
2021-06-17 10:07:32,981.95,625044
2021-06-17 10:07:33,981.65,625148
2021-06-17 10:07:34,981.95,625169
2021-06-17 10:07:35,981.95,625170
2021-06-17 10:07:36,981.65,625186
2021-06-17 10:07:37,981.8,625188
2021-06-17 10:07:38,981.8,625191
2021-06-17 10:07:39,981.8,625218
2021-06-17 10:07:40,981.7,625224
2021-06-17 10:07:41,981.7,625232
2021-06-17 10:07:42,981.7,625441
2021-06-17 10:07:44,981.7,625549
2021-06-17 10:07:43,981.7,625492
2021-06-17 10:07:45,981.7,625586
2021-06-17 10:07:46,981.7,625726
2021-06-17 10:07:47,981.75,625744
2021-06-17 10:07:48,981.85,625747
2021-06-17 10:07:49,981.85,625747
2021-06-17 10:07:50,981.85,625762
2021-06-17 10:07:51,981.9,625944
2021-06-17 10:07:52,981.85,625954
2021-06-17 10:07:55,981.85,625979
2021-06-17 10:07:56,982.0,626333
2021-06-17 10:07:57,982.2,626371
2021-06-17 10:07:58,982.0,626381
2021-06-17 10:07:59,982.0,626385
2021-06-17 10:08:00,982.3,626387
2021-06-17 10:08:01,982.0,626416
2021-06-17 10:08:02,982.2,626419
2021-06-17 10:08:03,982.2,626436
2021-06-17 10:08:04,982.2,626438
2021-06-17 10:08:05,982.3,626440
2021-06-17 10:08:06,982.25,626441
2021-06-17 10:08:07,982.25,626451
2021-06-17 10:08:08,982.2,626471
2021-06-17 10:08:09,982.2,626552
2021-06-17 10:08:10,982.2,626813
2021-06-17 10:08:11,982.2,626840
2021-06-17 10:08:12,982.2,626844
2021-06-17 10:08:13,982.2,626854
2021-06-17 10:08:14,982.2,626858
2021-06-17 10:08:15,982.2,627345
2021-06-17 10:08:16,982.2,627415
2021-06-17 10:08:17,982.2,627415
2021-06-17 10:08:18,982.2,627415
2021-06-17 10:08:19,981.9,627536
2021-06-17 10:08:20,981.9,627539
2021-06-17 10:08:21,981.85,627541
2021-06-17 10:08:22,981.85,627559
2021-06-17 10:08:24,981.9,627574
2021-06-17 10:08:25,981.85,627667
2021-06-17 10:08:26,981.9,627696
2021-06-17 10:08:27,981.9,627696
2021-06-17 10:08:28,981.9,627731
2021-06-17 10:08:29,981.9,627841
2021-06-17 10:08:30,981.85,627850
2021-06-17 10:08:32,981.85,627867
2021-06-17 10:08:31,981.85,627866
2021-06-17 10:08:33,981.9,627892
2021-06-17 10:08:34,981.85,627901
2021-06-17 10:08:35,981.9,627917
2021-06-17 10:08:36,981.9,627934
2021-06-17 10:08:37,981.9,627942
2021-06-17 10:08:38,981.85,627954
2021-06-17 10:08:39,981.85,628136
2021-06-17 10:08:40,981.85,628140
2021-06-17 10:08:41,981.8,628500
2021-06-17 10:08:42,981.8,628540
2021-06-17 10:08:43,981.85,628555
2021-06-17 10:08:45,981.6,628833
2021-06-17 10:08:46,981.6,628851
2021-06-17 10:08:47,981.55,628853
2021-06-17 10:08:48,981.55,628938
2021-06-17 10:08:49,981.5,629047
2021-06-17 10:08:50,981.55,629062
2021-06-17 10:08:51,981.7,629321
2021-06-17 10:08:52,981.7,629346
2021-06-17 10:08:53,981.7,629894
2021-06-17 10:08:54,981.5,630224
2021-06-17 10:08:55,981.7,630279
2021-06-17 10:08:56,981.5,630300
2021-06-17 10:08:57,981.5,630315
2021-06-17 10:08:58,981.45,630365
2021-06-17 10:08:59,981.45,630373
2021-06-17 10:09:00,981.35,630400
2021-06-17 10:09:02,981.45,630458
2021-06-17 10:09:01,981.35,630433
2021-06-17 10:09:03,981.35,630471
2021-06-17 10:09:04,981.5,630710
2021-06-17 10:09:05,981.35,630723
2021-06-17 10:09:06,981.45,630734
2021-06-17 10:09:07,981.45,630739
2021-06-17 10:09:08,981.4,630745
2021-06-17 10:09:09,981.55,631086
2021-06-17 10:09:10,981.4,631108
2021-06-17 10:09:12,981.4,631112
2021-06-17 10:09:13,981.45,631124
2021-06-17 10:09:15,981.4,631162
2021-06-17 10:09:15,981.45,631181
2021-06-17 10:09:16,981.45,631847
2021-06-17 10:09:17,981.4,631849
2021-06-17 10:09:18,981.55,631939
2021-06-17 10:09:19,981.4,631947
2021-06-17 10:09:20,981.4,631950
2021-06-17 10:09:21,981.6,632139
2021-06-17 10:09:22,981.6,632296
2021-06-17 10:09:23,981.6,632311
2021-06-17 10:09:25,981.7,632350
2021-06-17 10:09:25,981.7,632354
2021-06-17 10:09:26,981.8,632356
2021-06-17 10:09:27,981.75,632363
2021-06-17 10:09:28,981.75,632374
2021-06-17 10:09:29,981.6,632395
2021-06-17 10:09:30,981.6,632399
2021-06-17 10:09:31,981.8,632416
2021-06-17 10:09:32,981.8,632436
2021-06-17 10:09:33,981.75,632438
2021-06-17 10:09:34,981.75,632438
2021-06-17 10:09:35,981.6,632466
2021-06-17 10:09:37,981.8,633051
2021-06-17 10:09:37,981.7,633061
2021-06-17 10:09:38,981.7,633178
2021-06-17 10:09:39,981.65,633517
2021-06-17 10:09:40,981.65,633521
2021-06-17 10:09:41,981.6,633617
2021-06-17 10:09:42,981.65,633732
2021-06-17 10:09:43,981.65,633732
2021-06-17 10:09:44,981.6,633743
2021-06-17 10:09:45,981.5,633754
2021-06-17 10:09:47,981.6,633777
2021-06-17 10:09:49,981.55,633905
2021-06-17 10:09:49,981.6,634024
2021-06-17 10:09:51,981.55,634235
2021-06-17 10:09:51,981.55,634331
2021-06-17 10:09:52,981.55,634378
2021-06-17 10:09:53,981.55,634464
2021-06-17 10:09:54,981.55,634530
2021-06-17 10:09:55,981.55,634551
2021-06-17 10:09:56,981.55,634729
2021-06-17 10:09:57,981.55,634800
2021-06-17 10:09:58,981.5,634867
2021-06-17 10:09:59,981.5,634883
2021-06-17 10:10:01,981.55,634910
2021-06-17 10:10:02,981.5,634919
2021-06-17 10:10:03,981.5,634937
2021-06-17 10:10:04,981.5,634939
2021-06-17 10:10:06,981.55,634972
2021-06-17 10:10:06,981.55,634972
2021-06-17 10:10:09,981.5,635194
2021-06-17 10:10:10,981.45,635203
2021-06-17 10:10:11,981.45,635341
2021-06-17 10:10:12,981.5,635444
2021-06-17 10:10:13,981.5,635444
2021-06-17 10:10:14,981.45,635455
2021-06-17 10:10:15,981.4,635459
2021-06-17 10:10:16,981.45,635476
2021-06-17 10:10:17,981.45,635476
2021-06-17 10:10:18,981.45,636540
2021-06-17 10:10:19,981.3,636578
2021-06-17 10:10:20,981.45,636625
2021-06-17 10:10:21,981.4,636629
2021-06-17 10:10:22,981.4,636743
2021-06-17 10:10:24,981.35,636774
2021-06-17 10:10:24,981.35,636763
2021-06-17 10:10:25,981.4,636797
2021-06-17 10:10:26,981.45,636880
2021-06-17 10:10:27,981.35,636885
2021-06-17 10:10:28,981.35,636885
2021-06-17 10:10:29,981.35,636899
2021-06-17 10:10:30,981.35,636912
2021-06-17 10:10:31,981.35,636949
2021-06-17 10:10:32,981.35,637019
2021-06-17 10:10:33,981.35,637041
2021-06-17 10:10:34,981.35,637043
2021-06-17 10:10:36,981.4,637047
2021-06-17 10:10:35,981.35,637043
2021-06-17 10:10:37,981.4,637058
2021-06-17 10:10:38,981.4,637071
2021-06-17 10:10:39,981.4,637124
2021-06-17 10:10:40,981.4,637124
2021-06-17 10:10:41,981.35,637141
2021-06-17 10:10:42,981.35,637188
2021-06-17 10:10:43,981.4,637193
2021-06-17 10:10:44,981.4,637220
2021-06-17 10:10:45,981.4,637220
2021-06-17 10:10:46,981.4,637239
2021-06-17 10:10:47,981.5,637265
2021-06-17 10:10:48,981.45,637283
2021-06-17 10:10:49,981.45,637311
2021-06-17 10:10:50,981.4,637317
2021-06-17 10:10:51,981.4,637320
2021-06-17 10:10:52,981.4,637334
2021-06-17 10:10:53,981.4,637352
2021-06-17 10:10:54,981.35,637379
2021-06-17 10:10:56,981.35,637586
2021-06-17 10:10:57,981.45,637623
2021-06-17 10:10:58,981.35,637633
2021-06-17 10:10:59,981.5,637658
2021-06-17 10:10:59,981.45,637644
2021-06-17 10:11:00,981.5,637661
2021-06-17 10:11:01,981.5,637711
2021-06-17 10:11:02,981.5,637711
2021-06-17 10:11:04,981.5,637711
2021-06-17 10:11:05,981.35,637713
2021-06-17 10:11:05,981.35,637726
2021-06-17 10:11:06,981.5,638037
2021-06-17 10:11:07,981.45,638049
2021-06-17 10:11:09,981.35,638120
2021-06-17 10:11:10,981.35,638136
2021-06-17 10:11:11,981.35,638142
2021-06-17 10:11:12,981.35,638393
2021-06-17 10:11:13,981.35,638418
2021-06-17 10:11:14,981.4,638425
2021-06-17 10:11:16,981.4,638454
2021-06-17 10:11:17,981.4,638506
2021-06-17 10:11:18,981.35,638514
2021-06-17 10:11:19,981.4,638600
2021-06-17 10:11:19,981.4,638600
2021-06-17 10:11:20,981.35,638608
2021-06-17 10:11:21,981.4,638610
2021-06-17 10:11:22,981.45,638830
2021-06-17 10:11:23,981.4,638851
2021-06-17 10:11:24,981.5,638963
2021-06-17 10:11:25,981.5,638963
2021-06-17 10:11:27,981.5,639340
2021-06-17 10:11:28,981.5,639378
2021-06-17 10:11:29,981.75,639459
2021-06-17 10:11:30,981.55,639467
2021-06-17 10:11:31,982.0,639498
2021-06-17 10:11:32,982.0,639498
2021-06-17 10:11:33,981.65,639502
2021-06-17 10:11:34,981.95,639510
2021-06-17 10:11:35,981.75,639682
2021-06-17 10:11:36,982.25,640134
2021-06-17 10:11:38,982.25,640141
2021-06-17 10:11:39,982.05,640226
2021-06-17 10:11:39,982.05,640226
2021-06-17 10:11:40,982.05,640250
2021-06-17 10:11:42,981.85,640297
2021-06-17 10:11:42,981.85,640309
2021-06-17 10:11:43,982.0,640312
2021-06-17 10:11:44,981.85,640321
2021-06-17 10:11:46,981.85,640332
2021-06-17 10:11:47,981.95,640335
2021-06-17 10:11:48,981.95,640352
2021-06-17 10:11:49,981.95,640425
2021-06-17 10:11:49,982.25,640435
2021-06-17 10:11:50,982.55,640956
2021-06-17 10:11:51,982.85,641064
2021-06-17 10:11:52,982.85,641064
2021-06-17 10:11:53,982.85,641169
2021-06-17 10:11:54,982.85,641170
2021-06-17 10:11:55,982.85,641170
2021-06-17 10:11:56,982.65,641173
2021-06-17 10:11:57,982.85,641194
2021-06-17 10:11:58,982.65,641366
2021-06-17 10:12:00,982.65,641386
2021-06-17 10:12:01,982.8,641406
2021-06-17 10:12:01,982.8,641408
2021-06-17 10:12:02,982.65,641421
2021-06-17 10:12:03,982.65,641429
2021-06-17 10:12:04,982.85,641656
2021-06-17 10:12:05,982.65,641908
2021-06-17 10:12:07,982.8,641941
2021-06-17 10:12:09,982.9,642223
2021-06-17 10:12:09,982.9,642223
2021-06-17 10:12:10,982.75,642228
2021-06-17 10:12:11,982.9,642239
2021-06-17 10:12:12,982.75,642241
2021-06-17 10:12:13,982.85,642257
2021-06-17 10:12:14,982.85,642292
2021-06-17 10:12:16,982.7,642607
2021-06-17 10:12:17,982.7,642643
2021-06-17 10:12:18,982.7,642739
2021-06-17 10:12:18,982.6,643104
2021-06-17 10:12:19,982.5,643131
2021-06-17 10:12:20,982.5,643280
2021-06-17 10:12:22,982.15,643292
2021-06-17 10:12:23,982.1,643303
2021-06-17 10:12:24,982.05,643388
2021-06-17 10:12:25,982.05,643423
2021-06-17 10:12:26,982.05,643534
2021-06-17 10:12:26,982.05,643547
2021-06-17 10:12:28,982.3,643771
2021-06-17 10:12:28,982.3,643773
2021-06-17 10:12:29,982.3,643802
2021-06-17 10:12:30,982.05,643823
2021-06-17 10:12:31,982.05,643825
2021-06-17 10:12:32,982.25,643826
2021-06-17 10:12:33,982.05,643860
2021-06-17 10:12:35,982.05,643867
2021-06-17 10:12:36,982.1,643900
2021-06-17 10:12:36,982.1,643902
2021-06-17 10:12:37,982.05,643914
2021-06-17 10:12:38,982.05,643939
2021-06-17 10:12:39,982.0,644039
2021-06-17 10:12:40,982.05,644072
2021-06-17 10:12:41,982.0,644216
2021-06-17 10:12:42,982.1,644261
2021-06-17 10:12:43,982.0,644265
2021-06-17 10:12:45,982.0,644298
2021-06-17 10:12:46,982.1,644437
2021-06-17 10:12:47,982.0,644586
2021-06-17 10:12:49,982.05,644664
2021-06-17 10:12:50,982.05,644665
2021-06-17 10:12:51,982.05,644672
2021-06-17 10:12:52,982.15,644687
2021-06-17 10:12:53,982.3,644879
2021-06-17 10:12:54,982.3,644879
2021-06-17 10:12:55,982.3,644881
2021-06-17 10:12:56,982.3,644894
2021-06-17 10:12:57,982.4,645412
2021-06-17 10:12:58,982.25,645427
2021-06-17 10:12:59,982.3,645428
2021-06-17 10:13:00,982.4,645430
2021-06-17 10:13:01,982.4,645443
2021-06-17 10:13:02,982.3,645451
2021-06-17 10:13:04,982.35,645485
2021-06-17 10:13:05,982.3,645587
2021-06-17 10:13:05,982.3,645598
2021-06-17 10:13:06,982.5,645603
2021-06-17 10:13:07,982.5,645604
2021-06-17 10:13:09,982.4,645636
2021-06-17 10:13:09,982.35,645654
2021-06-17 10:13:10,982.35,645660
2021-06-17 10:13:11,982.4,645674
2021-06-17 10:13:13,982.35,645747
2021-06-17 10:13:13,982.35,645764
2021-06-17 10:13:15,982.3,645904
2021-06-17 10:13:16,982.5,645930
2021-06-17 10:13:16,982.5,645933
2021-06-17 10:13:17,982.35,645945
2021-06-17 10:13:18,982.35,645946
2021-06-17 10:13:19,982.35,645946
2021-06-17 10:13:20,982.9,645996
2021-06-17 10:13:21,982.9,645996
2021-06-17 10:13:23,982.5,646005
2021-06-17 10:13:24,982.85,646070
2021-06-17 10:13:25,982.85,646070
2021-06-17 10:13:26,982.7,646114
2021-06-17 10:13:27,982.7,646114
2021-06-17 10:13:28,982.5,646143
2021-06-17 10:13:29,982.65,646179
2021-06-17 10:13:30,982.65,646277
2021-06-17 10:13:31,982.4,646354
2021-06-17 10:13:31,982.4,646365
2021-06-17 10:13:33,982.35,646398
2021-06-17 10:13:34,982.35,646422
2021-06-17 10:13:34,982.35,646440
2021-06-17 10:13:36,982.4,646478
2021-06-17 10:13:37,982.35,646510
2021-06-17 10:13:38,982.35,647288
2021-06-17 10:13:39,982.3,647691
2021-06-17 10:13:40,982.3,647819
2021-06-17 10:13:41,982.35,647846
2021-06-17 10:13:42,982.35,647915
2021-06-17 10:13:43,982.35,647925
2021-06-17 10:13:44,982.2,648823
2021-06-17 10:13:44,982.05,649046
2021-06-17 10:13:45,982.05,649082
2021-06-17 10:13:46,982.2,649102
2021-06-17 10:13:47,982.05,649129
2021-06-17 10:13:49,982.05,649149
2021-06-17 10:13:50,982.05,649272
2021-06-17 10:13:52,982.25,649285
2021-06-17 10:13:53,982.05,649299
2021-06-17 10:13:54,982.05,649303
2021-06-17 10:13:55,982.05,649320
2021-06-17 10:13:56,982.1,649339
2021-06-17 10:13:57,982.05,649357
2021-06-17 10:13:58,982.05,649366
2021-06-17 10:13:59,982.1,649369
2021-06-17 10:14:00,982.1,649390
2021-06-17 10:14:01,982.05,649462
2021-06-17 10:14:03,982.1,649645
2021-06-17 10:14:04,982.1,649960
2021-06-17 10:14:05,982.1,649960
2021-06-17 10:14:06,982.15,650061
2021-06-17 10:14:07,982.2,650079
2021-06-17 10:14:08,982.1,650083
2021-06-17 10:14:09,982.05,650125
2021-06-17 10:14:10,981.95,652133
2021-06-17 10:14:11,981.95,652152
2021-06-17 10:14:12,981.75,652166
2021-06-17 10:14:13,981.75,652184
2021-06-17 10:14:14,981.8,652193
2021-06-17 10:14:15,981.9,652646
2021-06-17 10:14:16,981.85,652654
2021-06-17 10:14:17,981.85,652663
2021-06-17 10:14:20,981.8,652679
2021-06-17 10:14:21,981.8,652727
2021-06-17 10:14:22,982.0,652747
2021-06-17 10:14:23,981.8,652748
2021-06-17 10:14:25,981.8,652753
2021-06-17 10:14:27,981.9,652956
2021-06-17 10:14:28,981.9,652959
2021-06-17 10:14:28,981.9,652959
2021-06-17 10:14:29,981.85,652979
2021-06-17 10:14:30,981.85,653000
2021-06-17 10:14:31,981.85,653014
2021-06-17 10:14:32,981.9,654370
2021-06-17 10:14:33,981.85,654621
2021-06-17 10:14:34,981.85,654650
2021-06-17 10:14:35,982.25,654665
2021-06-17 10:14:37,982.25,654669
2021-06-17 10:14:38,982.55,655729
2021-06-17 10:14:40,982.1,655789
2021-06-17 10:14:41,982.1,655802
2021-06-17 10:14:43,981.85,655979
2021-06-17 10:14:44,981.85,655991
2021-06-17 10:14:45,981.85,656004
2021-06-17 10:14:46,981.85,656023
2021-06-17 10:14:47,981.85,656025
2021-06-17 10:14:48,981.85,656048
2021-06-17 10:14:49,981.9,656100
2021-06-17 10:14:50,981.9,656100
2021-06-17 10:14:52,981.8,656107
2021-06-17 10:14:53,981.8,656113
2021-06-17 10:14:54,981.8,656113
2021-06-17 10:14:55,981.8,656129
2021-06-17 10:14:56,981.85,656141
2021-06-17 10:14:57,981.85,656150
2021-06-17 10:14:57,981.85,656153
2021-06-17 10:14:58,981.85,656164
2021-06-17 10:14:59,981.85,656169
2021-06-17 10:15:00,981.8,656174
2021-06-17 10:15:01,981.95,656256
2021-06-17 10:15:02,981.8,656356
2021-06-17 10:15:03,981.9,656392
2021-06-17 10:15:04,981.8,656409
2021-06-17 10:15:05,981.8,656415
2021-06-17 10:15:06,981.8,656462
2021-06-17 10:15:07,981.8,656466
2021-06-17 10:15:08,981.8,656563
2021-06-17 10:15:09,981.8,656578
2021-06-17 10:15:10,981.8,656587
2021-06-17 10:15:11,981.8,656724
2021-06-17 10:15:12,981.95,656743
2021-06-17 10:15:14,981.8,656756
2021-06-17 10:15:15,982.05,656811
2021-06-17 10:15:16,982.05,656811
2021-06-17 10:15:17,981.95,656813
2021-06-17 10:15:18,982.05,656822
2021-06-17 10:15:19,981.95,656851
2021-06-17 10:15:20,981.95,656861
2021-06-17 10:15:21,982.1,657115
2021-06-17 10:15:21,981.9,657266
2021-06-17 10:15:22,982.1,657287
2021-06-17 10:15:23,981.95,657291
2021-06-17 10:15:24,981.95,657293
2021-06-17 10:15:25,982.05,657328
2021-06-17 10:15:26,982.5,657360
2021-06-17 10:15:28,982.15,657362
2021-06-17 10:15:29,982.15,657372
2021-06-17 10:15:31,982.15,657381
2021-06-17 10:15:32,982.3,657393
2021-06-17 10:15:33,982.3,657399
2021-06-17 10:15:34,982.3,657405
2021-06-17 10:15:35,982.4,657417
2021-06-17 10:15:36,982.55,657424
2021-06-17 10:15:37,982.55,657427
2021-06-17 10:15:37,982.85,657435
2021-06-17 10:15:38,982.55,657539
2021-06-17 10:15:39,982.55,657550
2021-06-17 10:15:41,982.45,657680
2021-06-17 10:15:42,982.85,657695
2021-06-17 10:15:43,982.85,657695
2021-06-17 10:15:44,982.75,657726
2021-06-17 10:15:45,982.75,657731
2021-06-17 10:15:46,982.8,658636
2021-06-17 10:15:47,982.45,658638
2021-06-17 10:15:48,982.45,658664
2021-06-17 10:15:49,982.75,658668
2021-06-17 10:15:50,982.45,658670
2021-06-17 10:15:51,982.45,658773
2021-06-17 10:15:52,982.8,658811
2021-06-17 10:15:52,982.8,658811
2021-06-17 10:15:53,982.45,658815
2021-06-17 10:15:54,982.45,658819
2021-06-17 10:15:55,982.45,658849
2021-06-17 10:15:58,982.45,658895
2021-06-17 10:15:59,982.4,658964
2021-06-17 10:16:00,982.55,658985
2021-06-17 10:16:01,982.4,658988
2021-06-17 10:16:02,982.4,658990
2021-06-17 10:16:03,982.4,659072
2021-06-17 10:16:04,982.3,659147
2021-06-17 10:16:05,982.3,659167
2021-06-17 10:16:05,982.3,659169
2021-06-17 10:16:06,982.3,659189
2021-06-17 10:16:07,982.45,659415
2021-06-17 10:16:08,982.35,659916
2021-06-17 10:16:09,982.6,659968
2021-06-17 10:16:11,982.35,659992
2021-06-17 10:16:11,982.35,659997
2021-06-17 10:16:13,982.35,659999
2021-06-17 10:16:14,982.45,660063
2021-06-17 10:16:15,982.45,660076
2021-06-17 10:16:16,982.45,660089
2021-06-17 10:16:16,982.5,660091
2021-06-17 10:16:18,982.5,660111
2021-06-17 10:16:19,982.4,660135
2021-06-17 10:16:20,982.4,660137
2021-06-17 10:16:20,982.4,660138
2021-06-17 10:16:22,982.55,660253
2021-06-17 10:16:23,982.5,660266
2021-06-17 10:16:24,982.5,660299
2021-06-17 10:16:25,982.4,660528
2021-06-17 10:16:26,982.55,660562
2021-06-17 10:16:27,982.5,660966
2021-06-17 10:16:27,982.5,660966
2021-06-17 10:16:28,982.5,661015
2021-06-17 10:16:29,982.5,661024
2021-06-17 10:16:30,982.8,661026
2021-06-17 10:16:32,982.8,661035
2021-06-17 10:16:33,982.8,661035
2021-06-17 10:16:34,982.55,661120
2021-06-17 10:16:35,982.55,661135
2021-06-17 10:16:36,982.7,661151
2021-06-17 10:16:37,982.85,661516
2021-06-17 10:16:38,982.85,661516
2021-06-17 10:16:39,982.7,661616
2021-06-17 10:16:40,982.7,661626
2021-06-17 10:16:41,982.8,661646
2021-06-17 10:16:42,982.7,661706
2021-06-17 10:16:44,982.75,661721
2021-06-17 10:16:45,982.7,661823
