timestamp,ltp,volume
2021-06-17 09:20:35,689.55,115715
2021-06-17 09:20:36,689.5,116029
2021-06-17 09:20:37,689.6,116110
2021-06-17 09:20:39,689.65,116171
2021-06-17 09:20:40,689.5,119171
2021-06-17 09:20:41,689.5,119329
2021-06-17 09:20:42,689.55,119359
2021-06-17 09:20:43,689.55,119570
2021-06-17 09:20:44,689.55,119910
2021-06-17 09:20:44,689.5,120053
2021-06-17 09:20:45,689.55,120589
2021-06-17 09:20:46,689.6,120703
2021-06-17 09:20:47,689.5,121028
2021-06-17 09:20:49,689.5,121198
2021-06-17 09:20:49,689.65,121200
2021-06-17 09:20:50,689.75,121336
2021-06-17 09:20:51,689.5,121436
2021-06-17 09:20:53,689.55,121608
2021-06-17 09:20:53,689.55,121609
2021-06-17 09:20:54,689.55,121629
2021-06-17 09:20:55,689.8,122749
2021-06-17 09:20:56,689.55,122805
2021-06-17 09:20:57,689.85,122907
2021-06-17 09:20:58,689.85,123132
2021-06-17 09:20:59,689.9,123343
2021-06-17 09:21:00,689.7,123403
2021-06-17 09:21:01,689.7,123403
2021-06-17 09:21:03,689.7,123725
2021-06-17 09:21:04,689.7,123725
2021-06-17 09:21:05,689.9,123775
2021-06-17 09:21:06,689.9,123775
2021-06-17 09:21:07,689.85,123784
2021-06-17 09:21:08,689.5,124054
2021-06-17 09:21:09,689.5,124054
2021-06-17 09:21:10,689.9,124084
2021-06-17 09:21:11,689.9,124085
2021-06-17 09:21:12,689.95,124159
2021-06-17 09:21:13,689.95,124159
2021-06-17 09:21:13,689.95,124159
2021-06-17 09:21:14,689.9,124202
2021-06-17 09:21:15,689.7,124263
2021-06-17 09:21:16,689.85,124390
2021-06-17 09:21:17,689.55,124391
2021-06-17 09:21:19,689.55,124493
2021-06-17 09:21:20,689.65,124694
2021-06-17 09:21:21,689.65,124694
2021-06-17 09:21:22,689.65,124694
2021-06-17 09:21:23,689.85,124855
2021-06-17 09:21:24,689.85,124856
2021-06-17 09:21:25,689.8,124902
2021-06-17 09:21:27,689.8,124952
2021-06-17 09:21:28,689.9,125165
2021-06-17 09:21:29,689.9,125165
2021-06-17 09:21:29,689.7,125261
2021-06-17 09:21:30,689.85,125329
2021-06-17 09:21:31,689.85,125352
2021-06-17 09:21:32,690.0,125683
2021-06-17 09:21:34,689.7,125710
2021-06-17 09:21:34,689.7,125710
2021-06-17 09:21:35,690.0,125795
2021-06-17 09:21:37,690.15,186567
2021-06-17 09:21:38,690.35,186632
2021-06-17 09:21:39,690.35,186632
2021-06-17 09:21:40,690.35,186771
2021-06-17 09:21:41,690.35,187281
2021-06-17 09:21:42,690.4,189617
2021-06-17 09:21:43,690.35,189696
2021-06-17 09:21:45,690.45,189718
2021-06-17 09:21:46,690.4,189848
2021-06-17 09:21:47,690.35,190423
2021-06-17 09:21:48,690.65,190428
2021-06-17 09:21:50,690.45,191592
2021-06-17 09:21:51,690.65,191593
2021-06-17 09:21:52,690.65,191593
2021-06-17 09:21:53,690.9,191755
2021-06-17 09:21:54,690.75,191890
2021-06-17 09:21:56,690.95,192050
2021-06-17 09:21:57,690.95,192050
2021-06-17 09:21:59,690.95,192081
2021-06-17 09:22:00,690.95,192081
2021-06-17 09:22:01,690.85,192224
2021-06-17 09:22:02,690.85,192311
2021-06-17 09:22:03,690.5,192479
2021-06-17 09:22:04,690.5,192629
2021-06-17 09:22:05,690.65,192644
2021-06-17 09:22:06,690.1,193077
2021-06-17 09:22:07,690.3,193098
2021-06-17 09:22:08,690.4,193271
2021-06-17 09:22:09,690.3,193372
2021-06-17 09:22:10,690.3,194351
2021-06-17 09:22:11,690.3,194401
2021-06-17 09:22:12,690.55,194462
2021-06-17 09:22:14,690.3,194711
2021-06-17 09:22:15,690.4,194936
2021-06-17 09:22:15,690.3,194981
2021-06-17 09:22:16,690.05,195011
2021-06-17 09:22:17,690.05,195011
2021-06-17 09:22:18,690.0,195215
2021-06-17 09:22:19,690.0,195457
2021-06-17 09:22:20,689.7,195563
2021-06-17 09:22:21,689.7,195718
2021-06-17 09:22:22,689.65,195934
2021-06-17 09:22:23,689.75,196109
2021-06-17 09:22:25,690.05,196383
2021-06-17 09:22:26,690.05,196383
2021-06-17 09:22:27,690.0,196545
2021-06-17 09:22:28,690.05,196758
2021-06-17 09:22:29,690.0,196773
2021-06-17 09:22:30,690.0,196955
2021-06-17 09:22:31,690.05,197351
2021-06-17 09:22:32,690.05,197351
2021-06-17 09:22:33,690.05,197351
2021-06-17 09:22:34,690.05,197405
2021-06-17 09:22:35,690.05,197459
2021-06-17 09:22:36,690.0,197525
2021-06-17 09:22:37,690.0,197525
2021-06-17 09:22:38,689.75,197629
2021-06-17 09:22:39,690.0,197664
2021-06-17 09:22:40,689.8,197704
2021-06-17 09:22:41,689.9,197785
2021-06-17 09:22:42,689.9,197785
2021-06-17 09:22:42,689.9,197785
2021-06-17 09:22:44,689.8,197823
2021-06-17 09:22:45,689.75,198068
2021-06-17 09:22:46,689.7,198211
2021-06-17 09:22:47,689.7,198237
2021-06-17 09:22:49,689.8,198371
2021-06-17 09:22:49,689.7,199723
2021-06-17 09:22:50,689.75,199774
2021-06-17 09:22:51,689.75,199784
2021-06-17 09:22:52,689.75,199784
2021-06-17 09:22:53,689.75,199873
2021-06-17 09:22:54,689.75,199873
2021-06-17 09:22:55,689.75,200017
2021-06-17 09:22:56,689.9,201062
2021-06-17 09:22:57,689.9,201164
2021-06-17 09:22:58,689.9,201164
2021-06-17 09:22:59,689.75,203899
2021-06-17 09:23:01,689.9,204260
2021-06-17 09:23:02,689.9,204350
2021-06-17 09:23:03,689.7,205024
2021-06-17 09:23:04,690.0,205178
2021-06-17 09:23:05,690.0,205178
2021-06-17 09:23:06,689.75,205188
2021-06-17 09:23:06,690.15,205349
2021-06-17 09:23:08,689.8,205372
2021-06-17 09:23:09,689.7,205594
2021-06-17 09:23:11,689.7,205615
2021-06-17 09:23:12,689.7,205620
2021-06-17 09:23:13,689.7,205620
2021-06-17 09:23:14,690.15,205643
2021-06-17 09:23:15,690.15,205718
2021-06-17 09:23:16,690.15,205718
2021-06-17 09:23:17,690.2,205854
2021-06-17 09:23:18,690.2,205867
2021-06-17 09:23:19,690.25,205974
2021-06-17 09:23:20,690.25,205974
2021-06-17 09:23:21,690.25,205977
2021-06-17 09:23:22,690.3,205987
2021-06-17 09:23:23,690.1,206026
2021-06-17 09:23:24,690.1,206031
2021-06-17 09:23:25,690.4,206200
2021-06-17 09:23:26,690.4,206200
2021-06-17 09:23:27,690.5,206301
2021-06-17 09:23:28,690.4,206373
2021-06-17 09:23:29,690.4,206373
2021-06-17 09:23:30,690.4,206373
2021-06-17 09:23:31,690.4,206387
2021-06-17 09:23:32,690.4,206392
2021-06-17 09:23:33,690.4,206392
2021-06-17 09:23:34,690.5,206422
2021-06-17 09:23:35,690.3,206527
2021-06-17 09:23:36,690.75,206751
2021-06-17 09:23:37,690.45,206806
2021-06-17 09:23:38,690.5,206809
2021-06-17 09:23:39,690.65,207067
2021-06-17 09:23:40,690.65,207101
2021-06-17 09:23:41,690.9,207224
2021-06-17 09:23:42,690.9,207224
2021-06-17 09:23:43,690.9,207299
2021-06-17 09:23:44,690.9,207304
2021-06-17 09:23:45,690.85,207466
2021-06-17 09:23:46,690.85,207542
2021-06-17 09:23:47,690.5,207646
2021-06-17 09:23:48,690.8,207696
2021-06-17 09:23:49,690.8,207696
2021-06-17 09:23:50,690.5,207723
2021-06-17 09:23:51,690.5,207723
2021-06-17 09:23:52,690.5,207793
2021-06-17 09:23:53,690.5,207793
2021-06-17 09:23:54,690.8,208113
2021-06-17 09:23:55,690.8,208227
2021-06-17 09:23:56,690.5,208267
2021-06-17 09:23:57,690.5,208267
2021-06-17 09:23:58,690.4,208442
2021-06-17 09:23:59,690.4,208442
2021-06-17 09:24:00,690.4,208442
2021-06-17 09:24:01,690.4,208442
2021-06-17 09:24:02,690.6,208742
2021-06-17 09:24:03,690.55,208884
2021-06-17 09:24:04,690.0,209188
2021-06-17 09:24:05,690.0,209198
2021-06-17 09:24:06,690.0,209198
2021-06-17 09:24:07,690.15,209658
2021-06-17 09:24:08,690.25,209678
2021-06-17 09:24:09,690.25,209682
2021-06-17 09:24:10,690.2,209782
2021-06-17 09:24:11,690.2,209800
2021-06-17 09:24:12,690.2,209800
2021-06-17 09:24:13,690.0,209928
2021-06-17 09:24:14,690.0,209933
2021-06-17 09:24:15,690.0,209933
2021-06-17 09:24:16,689.7,210138
2021-06-17 09:24:17,689.7,210138
2021-06-17 09:24:18,689.7,210138
2021-06-17 09:24:19,689.5,210509
2021-06-17 09:24:20,689.75,210615
2021-06-17 09:24:21,689.75,210615
2021-06-17 09:24:22,689.95,210743
2021-06-17 09:24:23,689.6,211099
2021-06-17 09:24:24,689.95,211103
2021-06-17 09:24:25,689.95,211104
2021-06-17 09:24:26,689.6,211166
2021-06-17 09:24:27,689.6,211374
2021-06-17 09:24:28,689.55,211403
2021-06-17 09:24:29,689.55,211403
2021-06-17 09:24:30,689.55,211403
2021-06-17 09:24:31,689.55,211403
2021-06-17 09:24:32,689.6,211519
2021-06-17 09:24:33,689.85,211524
2021-06-17 09:24:34,689.6,211544
2021-06-17 09:24:35,689.6,211573
2021-06-17 09:24:36,689.6,211573
2021-06-17 09:24:37,690.0,211841
2021-06-17 09:24:38,689.85,211851
2021-06-17 09:24:39,689.85,211851
2021-06-17 09:24:40,689.85,211951
2021-06-17 09:24:41,689.85,211951
2021-06-17 09:24:42,689.85,211951
2021-06-17 09:24:43,689.85,211951
2021-06-17 09:24:44,689.85,211994
2021-06-17 09:24:45,689.85,211994
2021-06-17 09:24:46,689.85,211994
2021-06-17 09:24:47,689.85,211996
2021-06-17 09:24:48,689.85,212001
2021-06-17 09:24:49,689.85,212020
2021-06-17 09:24:50,689.85,212020
2021-06-17 09:24:51,689.75,212136
2021-06-17 09:24:52,689.85,212160
2021-06-17 09:24:53,689.85,212160
2021-06-17 09:24:54,689.85,212160
2021-06-17 09:24:55,689.75,212172
2021-06-17 09:24:56,689.75,212172
2021-06-17 09:24:57,689.75,212203
2021-06-17 09:24:59,689.85,212305
2021-06-17 09:25:00,689.85,212331
2021-06-17 09:25:01,689.75,212360
2021-06-17 09:25:02,689.75,212389
2021-06-17 09:25:03,689.75,212534
2021-06-17 09:25:04,689.6,212784
2021-06-17 09:25:05,689.6,212821
2021-06-17 09:25:06,689.5,212864
2021-06-17 09:25:07,689.75,212868
2021-06-17 09:25:08,689.5,212912
2021-06-17 09:25:09,689.75,212914
2021-06-17 09:25:11,689.75,212915
2021-06-17 09:25:12,689.5,213275
2021-06-17 09:25:13,689.75,213302
2021-06-17 09:25:14,689.5,213331
2021-06-17 09:25:15,689.5,213545
2021-06-17 09:25:16,689.5,214011
2021-06-17 09:25:17,689.5,214530
2021-06-17 09:25:18,689.5,214530
2021-06-17 09:25:19,689.7,214745
2021-06-17 09:25:20,689.5,214875
2021-06-17 09:25:21,689.5,214875
2021-06-17 09:25:22,689.8,215053
2021-06-17 09:25:23,689.6,215190
2021-06-17 09:25:24,689.8,215225
2021-06-17 09:25:25,689.8,215235
2021-06-17 09:25:26,689.6,215248
2021-06-17 09:25:27,689.75,215400
2021-06-17 09:25:28,689.8,215462
2021-06-17 09:25:29,689.7,215562
2021-06-17 09:25:30,689.7,215605
2021-06-17 09:25:31,689.8,215623
2021-06-17 09:25:32,689.8,215623
2021-06-17 09:25:33,689.8,215623
2021-06-17 09:25:34,689.75,215626
2021-06-17 09:25:35,689.8,215633
2021-06-17 09:25:36,689.8,215642
2021-06-17 09:25:37,689.8,215748
2021-06-17 09:25:38,689.5,215869
2021-06-17 09:25:39,689.6,215874
2021-06-17 09:25:40,689.6,216075
2021-06-17 09:25:41,689.6,216254
2021-06-17 09:25:43,689.6,216314
2021-06-17 09:25:44,689.5,216450
2021-06-17 09:25:48,689.6,216682
2021-06-17 09:25:48,689.5,216746
2021-06-17 09:25:49,689.5,216774
2021-06-17 09:25:51,689.5,216877
2021-06-17 09:25:52,689.6,216910
2021-06-17 09:25:53,689.6,216934
2021-06-17 09:25:54,689.6,216934
2021-06-17 09:25:55,689.6,216934
2021-06-17 09:25:56,689.5,217021
2021-06-17 09:25:57,689.55,217860
2021-06-17 09:25:58,689.55,217971
2021-06-17 09:25:59,689.55,217971
2021-06-17 09:26:00,689.55,217996
2021-06-17 09:26:01,689.55,218016
2021-06-17 09:26:02,689.4,218216
2021-06-17 09:26:03,689.55,218302
2021-06-17 09:26:04,689.45,218353
2021-06-17 09:26:05,689.5,218572
2021-06-17 09:26:06,689.5,218572
2021-06-17 09:26:07,689.5,218577
2021-06-17 09:26:07,689.5,218596
2021-06-17 09:26:08,689.5,218746
2021-06-17 09:26:09,689.5,218772
2021-06-17 09:26:11,689.45,218798
2021-06-17 09:26:13,689.4,218913
2021-06-17 09:26:14,689.4,218913
2021-06-17 09:26:15,689.6,219076
2021-06-17 09:26:16,689.55,219078
2021-06-17 09:26:17,689.6,219219
2021-06-17 09:26:18,689.45,219274
2021-06-17 09:26:19,689.45,219325
2021-06-17 09:26:20,689.6,219396
2021-06-17 09:26:21,689.6,219417
2021-06-17 09:26:22,689.45,219470
2021-06-17 09:26:22,689.45,219593
2021-06-17 09:26:23,689.45,219632
2021-06-17 09:26:24,689.45,219632
2021-06-17 09:26:25,689.45,219632
2021-06-17 09:26:26,689.45,219632
2021-06-17 09:26:27,689.6,219727
2021-06-17 09:26:29,689.35,219777
2021-06-17 09:26:29,689.6,219778
2021-06-17 09:26:31,689.6,219799
2021-06-17 09:26:32,689.6,219809
2021-06-17 09:26:33,689.6,219828
2021-06-17 09:26:34,689.6,219957
2021-06-17 09:26:34,689.6,219957
2021-06-17 09:26:35,689.4,219972
2021-06-17 09:26:36,689.4,220002
2021-06-17 09:26:37,689.4,220063
2021-06-17 09:26:38,689.4,220063
2021-06-17 09:26:39,689.6,220074
2021-06-17 09:26:40,689.4,220211
2021-06-17 09:26:41,689.6,220249
2021-06-17 09:26:42,689.2,220656
2021-06-17 09:26:46,689.55,221100
2021-06-17 09:26:50,689.6,221580
2021-06-17 09:26:53,689.15,221766
2021-06-17 09:26:57,689.2,221839
2021-06-17 09:27:00,689.3,221878
2021-06-17 09:27:04,689.4,222149
2021-06-17 09:27:08,689.2,222554
2021-06-17 09:27:11,689.5,222818
2021-06-17 09:27:15,689.3,222858
2021-06-17 09:27:19,689.3,222873
2021-06-17 09:27:22,689.35,223114
2021-06-17 09:27:26,689.15,224644
2021-06-17 09:27:29,689.4,224984
2021-06-17 09:27:33,689.45,225369
2021-06-17 09:27:37,689.05,226415
2021-06-17 09:27:40,689.0,226751
2021-06-17 09:27:44,689.4,226864
2021-06-17 09:27:48,689.4,227032
2021-06-17 09:27:51,689.4,227108
2021-06-17 09:27:55,689.4,227314
2021-06-17 09:27:58,689.15,227429
2021-06-17 09:28:02,689.25,227462
2021-06-17 09:28:06,689.35,227639
2021-06-17 09:28:09,689.35,227915
2021-06-17 09:28:13,689.15,227965
2021-06-17 09:28:16,689.3,228351
2021-06-17 09:28:20,689.55,228796
2021-06-17 09:28:23,689.25,228847
2021-06-17 09:28:27,689.5,228890
2021-06-17 09:28:30,689.55,229211
2021-06-17 09:28:33,689.55,229291
2021-06-17 09:28:37,689.75,229535
2021-06-17 09:28:40,689.55,229659
2021-06-17 09:28:47,689.6,229798
2021-06-17 09:28:50,689.7,229819
2021-06-17 09:28:53,689.55,229989
2021-06-17 09:28:57,689.7,230026
2021-06-17 09:29:00,689.7,230524
2021-06-17 09:29:03,689.65,231731
2021-06-17 09:29:07,689.95,231947
2021-06-17 09:29:10,689.9,232120
2021-06-17 09:29:14,689.9,232198
2021-06-17 09:29:17,689.9,232255
2021-06-17 09:29:20,689.65,232355
2021-06-17 09:29:24,689.7,232514
2021-06-17 09:29:27,689.7,233020
2021-06-17 09:29:31,689.95,233325
2021-06-17 09:29:35,689.9,233526
2021-06-17 09:29:39,689.75,234567
2021-06-17 09:29:42,689.7,234969
2021-06-17 09:29:45,689.85,235065
2021-06-17 09:29:49,689.6,235419
2021-06-17 09:29:52,689.7,236614
2021-06-17 09:29:56,689.7,236688
2021-06-17 09:30:00,689.6,237413
2021-06-17 09:30:04,689.6,238231
2021-06-17 09:30:07,689.55,238445
2021-06-17 09:30:11,689.6,238813
2021-06-17 09:30:15,690.2,240477
2021-06-17 09:30:19,690.15,240666
2021-06-17 09:30:22,690.15,241046
2021-06-17 09:30:26,690.5,241089
2021-06-17 09:30:30,690.35,241218
2021-06-17 09:30:33,690.15,241550
2021-06-17 09:30:37,690.0,241688
2021-06-17 09:30:41,690.15,241735
2021-06-17 09:30:44,690.0,241793
2021-06-17 09:30:48,689.9,242157
2021-06-17 09:30:52,690.0,242232
2021-06-17 09:30:55,689.7,242474
2021-06-17 09:30:59,690.0,242794
2021-06-17 09:31:03,690.0,256900
2021-06-17 09:31:06,689.5,258189
2021-06-17 09:31:10,689.5,259482
2021-06-17 09:31:13,689.5,260310
2021-06-17 09:31:16,689.55,260612
2021-06-17 09:31:20,689.2,261053
2021-06-17 09:31:24,689.35,261212
2021-06-17 09:31:28,689.5,261349
2021-06-17 09:31:35,689.35,262285
2021-06-17 09:31:38,689.75,262863
2021-06-17 09:31:42,689.45,263005
2021-06-17 09:31:46,689.65,263081
2021-06-17 09:31:49,689.65,263122
2021-06-17 09:31:53,689.65,263198
2021-06-17 09:31:57,689.55,263400
2021-06-17 09:32:00,689.5,264205
2021-06-17 09:32:04,689.65,264375
2021-06-17 09:32:08,689.5,264390
2021-06-17 09:32:11,689.95,264854
2021-06-17 09:32:15,689.9,264943
2021-06-17 09:32:19,689.85,264961
2021-06-17 09:32:26,689.6,265582
2021-06-17 09:32:30,689.6,265931
2021-06-17 09:32:34,689.6,266052
2021-06-17 09:32:37,689.9,267572
2021-06-17 09:32:41,689.55,268218
2021-06-17 09:32:44,689.95,268391
2021-06-17 09:32:48,689.85,268482
2021-06-17 09:32:52,689.85,268582
2021-06-17 09:32:56,689.7,268727
2021-06-17 09:32:59,689.95,268832
2021-06-17 09:33:03,689.55,269037
2021-06-17 09:33:07,689.9,269109
2021-06-17 09:33:10,689.6,269317
2021-06-17 09:33:14,689.65,269326
2021-06-17 09:33:18,689.9,269442
2021-06-17 09:33:21,689.95,269542
2021-06-17 09:33:25,689.65,269589
2021-06-17 09:33:28,689.95,269730
2021-06-17 09:33:31,689.95,269738
2021-06-17 09:33:35,689.8,269810
2021-06-17 09:33:38,689.5,270048
2021-06-17 09:33:42,689.7,270085
2021-06-17 09:33:45,689.7,270200
2021-06-17 09:33:52,689.8,270640
2021-06-17 09:33:56,689.85,270641
2021-06-17 09:34:00,689.75,270778
2021-06-17 09:34:03,689.8,270877
2021-06-17 09:34:07,689.7,270998
2021-06-17 09:34:10,689.7,271048
2021-06-17 09:34:13,689.7,271165
2021-06-17 09:34:20,689.65,271201
2021-06-17 09:34:24,689.65,271262
2021-06-17 09:34:27,689.65,271747
2021-06-17 09:34:31,689.6,272485
2021-06-17 09:34:34,689.75,272639
2021-06-17 09:34:38,689.8,272697
2021-06-17 09:34:41,689.4,273378
2021-06-17 09:34:45,689.45,273592
2021-06-17 09:34:49,689.5,273606
2021-06-17 09:34:52,689.75,273625
2021-06-17 09:34:55,689.5,273724
2021-06-17 09:34:58,689.85,273882
2021-06-17 09:35:02,689.75,273905
2021-06-17 09:35:05,689.5,274093
2021-06-17 09:35:09,689.5,274102
2021-06-17 09:35:12,689.75,274147
2021-06-17 09:35:16,689.75,274153
2021-06-17 09:35:19,689.8,274265
2021-06-17 09:35:23,689.6,274468
2021-06-17 09:35:26,689.0,275530
2021-06-17 09:35:30,689.45,275741
2021-06-17 09:35:33,689.6,275774
2021-06-17 09:35:37,689.4,276041
2021-06-17 09:35:40,689.35,276124
2021-06-17 09:35:44,689.35,276229
2021-06-17 09:35:47,689.7,276274
2021-06-17 09:35:50,689.55,276303
2021-06-17 09:35:54,689.6,276329
2021-06-17 09:35:57,689.6,276343
2021-06-17 09:36:00,689.5,277091
2021-06-17 09:36:04,689.5,277359
2021-06-17 09:36:07,689.75,277383
2021-06-17 09:36:11,689.5,277528
2021-06-17 09:36:14,689.8,277594
2021-06-17 09:36:18,689.75,277640
2021-06-17 09:36:21,689.75,277651
2021-06-17 09:36:24,689.5,277712
2021-06-17 09:36:28,689.7,278920
2021-06-17 09:36:31,689.75,279067
2021-06-17 09:36:34,689.55,279404
2021-06-17 09:36:38,689.9,279494
2021-06-17 09:36:41,689.7,279637
2021-06-17 09:36:44,689.55,279779
2021-06-17 09:36:48,689.55,279954
2021-06-17 09:36:51,689.6,279958
2021-06-17 09:36:55,689.8,280055
2021-06-17 09:36:58,689.9,280099
2021-06-17 09:37:01,689.9,280122
2021-06-17 09:37:05,690.05,281109
2021-06-17 09:37:08,690.15,281321
2021-06-17 09:37:12,689.75,286720
2021-06-17 09:37:15,689.95,287072
2021-06-17 09:37:18,689.75,287302
2021-06-17 09:37:22,690.0,287481
2021-06-17 09:37:25,690.15,287795
2021-06-17 09:37:29,690.0,287897
2021-06-17 09:37:32,689.8,287966
2021-06-17 09:37:35,689.6,288238
2021-06-17 09:37:39,689.6,288266
2021-06-17 09:37:42,689.6,288366
2021-06-17 09:37:46,689.6,288420
2021-06-17 09:37:49,689.6,288420
2021-06-17 09:37:52,689.6,288448
2021-06-17 09:37:56,689.45,288556
2021-06-17 09:37:59,689.75,288618
2021-06-17 09:38:02,689.75,288619
2021-06-17 09:38:06,689.5,288714
2021-06-17 09:38:10,689.65,288809
2021-06-17 09:38:13,689.4,288846
2021-06-17 09:38:17,689.35,288851
2021-06-17 09:38:20,689.45,288935
2021-06-17 09:38:24,689.5,289291
2021-06-17 09:38:27,689.55,289387
2021-06-17 09:38:30,689.2,289573
2021-06-17 09:38:34,689.5,289783
2021-06-17 09:38:37,689.5,289825
2021-06-17 09:38:40,689.5,289830
2021-06-17 09:38:44,689.5,289869
2021-06-17 09:38:47,689.6,289874
2021-06-17 09:38:51,689.5,289879
2021-06-17 09:38:54,689.6,289890
2021-06-17 09:38:58,689.65,289937
2021-06-17 09:39:01,689.7,290027
2021-06-17 09:39:05,689.7,290127
2021-06-17 09:39:08,689.75,290331
2021-06-17 09:39:12,689.6,290365
2021-06-17 09:39:15,689.8,290380
2021-06-17 09:39:19,689.8,290417
2021-06-17 09:39:22,689.8,290557
2021-06-17 09:39:25,689.8,290604
2021-06-17 09:39:29,690.0,290702
2021-06-17 09:39:32,690.0,290707
2021-06-17 09:39:36,690.0,290792
2021-06-17 09:39:39,690.0,290894
2021-06-17 09:39:42,690.0,291007
2021-06-17 09:39:45,689.85,291289
2021-06-17 09:39:48,689.35,293133
2021-06-17 09:39:52,689.45,293375
2021-06-17 09:39:55,689.25,293654
2021-06-17 09:39:59,689.3,293826
2021-06-17 09:40:03,689.35,293829
2021-06-17 09:40:06,689.35,293867
2021-06-17 09:40:10,689.35,293921
2021-06-17 09:40:13,689.6,293939
2021-06-17 09:40:17,689.35,293953
2021-06-17 09:40:21,689.6,293978
2021-06-17 09:40:25,689.35,294104
2021-06-17 09:40:28,689.65,294207
2021-06-17 09:40:32,689.45,294221
2021-06-17 09:40:35,689.65,294486
2021-06-17 09:40:39,689.65,294499
2021-06-17 09:40:43,689.45,294562
2021-06-17 09:40:46,689.35,294755
2021-06-17 09:40:50,689.35,294921
2021-06-17 09:40:54,689.6,295044
2021-06-17 09:40:57,689.6,295171
2021-06-17 09:41:01,689.35,295820
2021-06-17 09:41:05,689.5,295979
2021-06-17 09:41:09,689.6,296088
2021-06-17 09:41:13,689.55,296109
2021-06-17 09:41:16,689.5,296128
2021-06-17 09:41:20,689.75,296326
2021-06-17 09:41:23,689.5,296399
2021-06-17 09:41:27,689.85,296508
2021-06-17 09:41:31,689.85,296558
2021-06-17 09:41:35,689.85,296713
2021-06-17 09:41:38,689.8,297927
2021-06-17 09:41:41,689.8,298111
2021-06-17 09:41:45,689.8,298180
2021-06-17 09:41:49,689.65,318147
2021-06-17 09:41:52,689.8,318179
2021-06-17 09:41:56,689.8,318525
2021-06-17 09:41:59,689.9,318560
2021-06-17 09:42:03,689.75,318674
2021-06-17 09:42:06,689.9,319536
2021-06-17 09:42:10,689.85,319558
2021-06-17 09:42:14,690.15,320100
2021-06-17 09:42:17,690.15,320241
2021-06-17 09:42:21,689.85,320462
2021-06-17 09:42:24,690.15,320525
2021-06-17 09:42:27,690.1,320656
2021-06-17 09:42:31,690.15,320764
2021-06-17 09:42:35,690.25,320924
2021-06-17 09:42:38,690.2,321079
2021-06-17 09:42:42,690.15,321244
2021-06-17 09:42:45,690.3,321403
2021-06-17 09:42:48,690.3,321448
2021-06-17 09:42:52,690.2,321458
2021-06-17 09:42:55,690.35,321460
2021-06-17 09:42:58,690.35,321691
2021-06-17 09:43:01,690.15,321699
2021-06-17 09:43:05,690.15,321740
2021-06-17 09:43:09,690.0,322216
2021-06-17 09:43:12,690.0,322326
2021-06-17 09:43:15,689.8,322423
2021-06-17 09:43:19,689.8,322502
2021-06-17 09:43:22,689.8,322596
2021-06-17 09:43:25,690.05,323793
2021-06-17 09:43:29,690.05,323912
2021-06-17 09:43:32,689.75,324349
2021-06-17 09:43:35,690.05,324395
2021-06-17 09:43:39,690.0,324575
2021-06-17 09:43:42,689.95,324614
2021-06-17 09:43:45,690.0,324808
2021-06-17 09:43:48,689.7,325159
2021-06-17 09:43:52,689.75,325697
2021-06-17 09:43:55,690.1,325906
2021-06-17 09:43:58,690.25,325994
2021-06-17 09:44:01,690.0,326165
2021-06-17 09:44:04,690.15,326234
2021-06-17 09:44:14,690.0,326587
2021-06-17 09:44:17,690.0,326597
2021-06-17 09:44:20,689.95,326622
2021-06-17 09:44:24,690.0,326663
2021-06-17 09:44:27,689.95,326703
2021-06-17 09:44:30,689.85,326819
2021-06-17 09:44:33,689.9,326821
2021-06-17 09:44:36,689.9,326827
2021-06-17 09:44:39,689.9,326900
2021-06-17 09:44:42,689.85,326955
2021-06-17 09:44:46,690.0,327015
2021-06-17 09:44:49,690.0,327023
2021-06-17 09:44:52,690.0,327113
2021-06-17 09:44:56,690.0,327370
2021-06-17 09:44:58,690.0,327473
2021-06-17 09:45:01,689.9,327863
2021-06-17 09:45:05,689.8,327941
2021-06-17 09:45:08,689.9,327971
2021-06-17 09:45:11,689.85,327986
2021-06-17 09:45:14,689.8,328158
2021-06-17 09:45:17,689.9,328455
2021-06-17 09:45:21,689.8,328535
2021-06-17 09:45:24,689.85,328777
2021-06-17 09:45:30,689.9,329152
2021-06-17 09:45:37,689.75,329182
2021-06-17 09:45:40,689.75,329182
2021-06-17 09:45:43,689.75,329382
2021-06-17 09:45:46,689.4,329785
2021-06-17 09:45:49,689.6,329804
2021-06-17 09:45:52,689.4,329851
2021-06-17 09:45:55,689.75,329901
2021-06-17 09:45:58,689.85,329952
2021-06-17 09:46:01,689.8,330054
2021-06-17 09:46:04,689.8,330129
2021-06-17 09:46:07,689.6,330294
2021-06-17 09:46:10,689.5,330355
2021-06-17 09:46:13,689.6,330358
2021-06-17 09:46:16,689.55,330423
2021-06-17 09:46:19,689.75,330439
2021-06-17 09:46:22,689.75,330698
2021-06-17 09:46:25,689.75,330834
2021-06-17 09:46:27,689.95,342621
2021-06-17 09:46:30,689.95,342737
2021-06-17 09:46:34,689.95,342737
2021-06-17 09:46:37,689.95,342737
2021-06-17 09:46:39,690.0,342862
2021-06-17 09:46:42,689.8,342886
2021-06-17 09:46:45,689.8,343083
2021-06-17 09:46:48,689.8,343135
2021-06-17 09:46:51,689.75,343141
2021-06-17 09:46:54,689.75,343176
2021-06-17 09:46:57,689.95,343431
2021-06-17 09:47:00,689.9,343432
2021-06-17 09:47:03,689.65,343588
2021-06-17 09:47:06,689.65,343588
2021-06-17 09:47:09,689.75,343595
2021-06-17 09:47:12,689.65,343600
2021-06-17 09:47:15,689.9,343816
2021-06-17 09:47:18,689.65,343885
2021-06-17 09:47:21,689.9,343910
2021-06-17 09:47:24,689.75,344093
2021-06-17 09:47:27,689.65,344106
2021-06-17 09:47:30,689.8,344200
2021-06-17 09:47:33,689.65,344228
2021-06-17 09:47:36,689.65,344386
2021-06-17 09:47:40,689.9,344468
2021-06-17 09:47:43,689.45,344565
2021-06-17 09:47:46,689.6,344569
2021-06-17 09:47:49,689.6,345008
2021-06-17 09:47:52,689.5,345072
2021-06-17 09:47:55,689.65,345077
2021-06-17 09:47:57,689.75,345211
2021-06-17 09:48:00,689.5,345268
2021-06-17 09:48:03,689.45,345332
2021-06-17 09:48:07,689.45,345435
2021-06-17 09:48:10,689.45,345750
2021-06-17 09:48:13,689.45,345759
2021-06-17 09:48:16,689.45,345884
2021-06-17 09:48:19,689.45,345884
2021-06-17 09:48:22,689.35,349928
2021-06-17 09:48:25,689.6,350664
2021-06-17 09:48:28,689.3,351316
2021-06-17 09:48:31,689.5,351601
2021-06-17 09:48:36,689.55,351762
2021-06-17 09:48:39,689.55,351792
2021-06-17 09:48:42,689.55,351828
2021-06-17 09:48:45,689.25,352590
2021-06-17 09:48:48,689.65,352702
2021-06-17 09:48:53,689.2,354564
2021-06-17 09:48:56,689.3,354715
2021-06-17 09:48:59,689.7,355503
2021-06-17 09:49:02,689.65,355580
2021-06-17 09:49:08,689.65,355747
2021-06-17 09:49:11,689.6,355788
2021-06-17 09:49:14,689.55,355910
2021-06-17 09:49:17,689.55,356218
2021-06-17 09:49:20,689.55,356268
2021-06-17 09:49:23,689.5,356403
2021-06-17 09:49:26,689.5,356409
2021-06-17 09:49:29,689.5,356658
2021-06-17 09:49:32,689.5,356723
2021-06-17 09:49:35,689.4,356886
2021-06-17 09:49:39,689.5,356905
2021-06-17 09:49:42,689.45,357264
2021-06-17 09:49:45,689.8,357356
2021-06-17 09:49:48,689.5,357390
2021-06-17 09:49:51,689.9,357425
2021-06-17 09:49:54,689.65,357625
2021-06-17 09:49:57,689.9,357640
2021-06-17 09:50:00,689.9,357754
2021-06-17 09:50:03,690.0,357982
2021-06-17 09:50:06,690.0,361019
2021-06-17 09:50:09,690.0,363033
2021-06-17 09:50:12,689.8,363752
2021-06-17 09:50:15,690.0,364300
2021-06-17 09:50:18,689.65,364807
2021-06-17 09:50:21,689.85,364825
2021-06-17 09:50:24,689.55,364908
2021-06-17 09:50:27,689.6,365030
2021-06-17 09:50:30,689.85,365160
2021-06-17 09:50:33,689.6,365223
2021-06-17 09:50:36,689.9,365381
2021-06-17 09:50:39,689.9,365381
2021-06-17 09:50:48,689.35,367420
2021-06-17 09:50:51,689.6,367606
2021-06-17 09:50:54,689.35,367824
2021-06-17 09:50:57,689.6,367969
2021-06-17 09:51:00,689.6,367980
2021-06-17 09:51:03,689.35,368065
2021-06-17 09:51:06,689.45,368073
2021-06-17 09:51:09,689.45,368078
2021-06-17 09:51:12,689.4,368119
2021-06-17 09:51:15,689.35,368234
2021-06-17 09:51:19,689.45,368367
2021-06-17 09:51:22,689.05,368543
2021-06-17 09:51:25,689.5,368683
2021-06-17 09:51:28,689.5,368804
2021-06-17 09:51:31,689.4,368835
2021-06-17 09:51:34,689.5,369484
2021-06-17 09:51:37,689.65,369641
2021-06-17 09:51:40,689.65,369699
2021-06-17 09:51:47,689.4,369841
2021-06-17 09:51:50,689.7,370051
2021-06-17 09:51:53,689.7,370051
2021-06-17 09:51:57,689.35,370274
2021-06-17 09:52:00,689.3,370431
2021-06-17 09:52:03,689.1,370636
2021-06-17 09:52:06,689.05,370665
2021-06-17 09:52:09,689.25,370690
2021-06-17 09:52:12,689.15,370700
2021-06-17 09:52:15,689.25,370762
2021-06-17 09:52:19,689.0,371324
2021-06-17 09:52:22,689.05,371335
2021-06-17 09:52:25,689.05,371448
2021-06-17 09:52:28,689.4,372118
2021-06-17 09:52:30,689.3,372169
2021-06-17 09:52:33,689.35,372239
2021-06-17 09:52:36,689.4,372788
2021-06-17 09:52:39,689.4,372815
2021-06-17 09:52:42,689.4,372886
2021-06-17 09:52:45,689.4,373937
2021-06-17 09:52:48,689.7,374458
2021-06-17 09:52:51,689.4,374514
2021-06-17 09:52:54,689.8,374767
2021-06-17 09:52:56,689.7,374778
2021-06-17 09:52:59,689.85,374840
2021-06-17 09:53:02,689.5,375240
2021-06-17 09:53:05,689.85,375372
2021-06-17 09:53:07,689.6,375432
2021-06-17 09:53:10,689.65,375462
2021-06-17 09:53:13,689.6,375572
2021-06-17 09:53:16,689.6,375626
2021-06-17 09:53:19,689.6,375661
2021-06-17 09:53:22,689.7,375743
2021-06-17 09:53:28,689.6,375932
2021-06-17 09:53:31,689.6,376121
2021-06-17 09:53:34,689.6,376121
2021-06-17 09:53:37,689.6,376121
2021-06-17 09:53:40,689.65,376154
2021-06-17 09:53:43,689.6,376192
2021-06-17 09:53:46,689.55,376725
2021-06-17 09:53:49,689.6,376771
2021-06-17 09:53:52,689.55,376952
2021-06-17 09:53:56,689.55,377147
2021-06-17 09:53:59,689.65,377168
2021-06-17 09:54:02,689.65,377293
2021-06-17 09:54:05,689.65,377330
2021-06-17 09:54:11,689.6,377546
2021-06-17 09:54:15,689.6,377822
2021-06-17 09:54:18,689.4,378645
2021-06-17 09:54:21,689.4,378827
2021-06-17 09:54:24,689.55,378967
2021-06-17 09:54:27,689.6,378989
2021-06-17 09:54:30,689.65,379175
2021-06-17 09:54:33,689.65,379263
2021-06-17 09:54:36,689.6,379296
2021-06-17 09:54:39,689.3,379409
2021-06-17 09:54:42,689.4,380029
2021-06-17 09:54:45,689.75,380091
2021-06-17 09:54:47,689.75,380091
2021-06-17 09:54:50,689.45,380117
2021-06-17 09:54:54,689.8,380129
2021-06-17 09:54:57,689.85,380242
2021-06-17 09:55:00,689.9,380243
2021-06-17 09:55:03,689.9,380341
2021-06-17 09:55:06,689.9,380351
2021-06-17 09:55:09,689.9,381356
2021-06-17 09:55:11,690.0,381362
2021-06-17 09:55:14,690.0,381548
2021-06-17 09:55:17,690.0,381583
2021-06-17 09:55:19,690.0,382726
2021-06-17 09:55:22,689.85,383918
2021-06-17 09:55:25,690.0,384980
2021-06-17 09:55:28,690.0,385478
2021-06-17 09:55:30,689.95,385525
2021-06-17 09:55:33,689.95,385848
2021-06-17 09:55:36,690.0,386070
2021-06-17 09:55:38,689.85,386176
2021-06-17 09:55:41,689.85,386219
2021-06-17 09:55:44,690.0,386361
2021-06-17 09:55:47,690.0,386418
2021-06-17 09:55:50,689.85,386442
2021-06-17 09:55:53,689.85,386544
2021-06-17 09:55:55,689.85,386546
2021-06-17 09:55:58,690.0,386659
2021-06-17 09:56:01,690.0,386675
2021-06-17 09:56:04,690.0,386768
2021-06-17 09:56:08,689.85,386911
2021-06-17 09:56:11,689.95,386928
2021-06-17 09:56:14,689.85,386982
2021-06-17 09:56:17,689.85,387034
2021-06-17 09:56:20,690.0,387105
2021-06-17 09:56:22,689.65,387366
2021-06-17 09:56:25,690.0,387412
2021-06-17 09:56:28,690.0,387554
2021-06-17 09:56:31,689.75,387579
2021-06-17 09:56:34,690.0,388024
2021-06-17 09:56:37,690.0,388103
2021-06-17 09:56:40,689.75,388121
2021-06-17 09:56:42,689.75,388170
2021-06-17 09:56:45,689.9,388245
2021-06-17 09:56:48,690.0,388255
2021-06-17 09:56:51,689.75,388358
2021-06-17 09:56:54,689.75,388372
2021-06-17 09:56:57,689.75,388605
2021-06-17 09:57:00,689.75,389150
2021-06-17 09:57:03,689.7,389247
2021-06-17 09:57:06,689.9,389253
2021-06-17 09:57:09,690.0,389311
2021-06-17 09:57:15,690.0,389549
2021-06-17 09:57:20,689.75,389590
2021-06-17 09:57:23,689.7,389773
2021-06-17 09:57:26,689.7,389773
2021-06-17 09:57:29,689.75,389978
2021-06-17 09:57:31,690.0,390000
2021-06-17 09:57:34,690.0,390000
2021-06-17 09:57:37,690.0,390018
2021-06-17 09:57:40,689.75,390030
2021-06-17 09:57:42,690.0,390157
2021-06-17 09:57:45,689.9,390424
2021-06-17 09:57:48,690.0,390434
2021-06-17 09:57:51,689.9,390447
2021-06-17 09:57:53,690.0,390498
2021-06-17 09:57:56,690.0,390656
2021-06-17 09:57:59,689.9,390775
2021-06-17 09:58:03,689.9,390880
2021-06-17 09:58:06,690.0,390890
2021-06-17 09:58:09,690.0,390951
2021-06-17 09:58:12,689.9,391048
2021-06-17 09:58:15,689.85,391145
2021-06-17 09:58:18,690.0,391228
2021-06-17 09:58:21,689.9,391290
2021-06-17 09:58:23,689.85,391354
2021-06-17 09:58:26,689.9,391359
2021-06-17 09:58:29,689.95,391488
2021-06-17 09:58:32,689.85,391517
2021-06-17 09:58:35,689.85,391579
2021-06-17 09:58:38,689.95,391672
2021-06-17 09:58:40,689.9,391692
2021-06-17 09:58:43,689.85,391771
2021-06-17 09:58:46,689.85,391772
2021-06-17 09:58:48,689.95,392612
2021-06-17 09:58:51,689.95,392620
2021-06-17 09:58:57,690.0,394792
2021-06-17 09:58:59,690.0,395158
2021-06-17 09:59:02,690.0,395263
2021-06-17 09:59:04,689.95,395507
2021-06-17 09:59:07,690.0,395529
2021-06-17 09:59:10,690.0,395546
2021-06-17 09:59:13,690.0,395586
2021-06-17 09:59:15,690.0,395652
2021-06-17 09:59:17,690.0,395952
2021-06-17 09:59:20,690.0,396044
2021-06-17 09:59:23,689.95,396148
2021-06-17 09:59:26,689.9,396307
2021-06-17 09:59:29,689.95,396526
2021-06-17 09:59:32,689.95,396602
2021-06-17 09:59:34,690.0,396630
2021-06-17 09:59:37,690.0,396630
2021-06-17 09:59:40,690.0,396670
2021-06-17 09:59:42,689.9,396720
2021-06-17 09:59:44,690.0,397009
2021-06-17 09:59:47,689.9,397023
2021-06-17 09:59:50,689.9,397053
2021-06-17 09:59:53,689.9,397087
2021-06-17 09:59:55,689.9,397110
2021-06-17 09:59:58,690.0,397364
2021-06-17 10:00:01,690.15,397399
2021-06-17 10:00:07,689.85,397494
2021-06-17 10:00:10,690.0,397509
2021-06-17 10:00:13,689.95,397530
2021-06-17 10:00:15,690.0,397620
2021-06-17 10:00:21,690.25,397745
2021-06-17 10:00:23,690.0,397842
2021-06-17 10:00:26,690.25,397903
2021-06-17 10:00:29,690.25,397974
2021-06-17 10:00:32,690.1,398020
2021-06-17 10:00:35,690.25,398129
2021-06-17 10:00:38,690.2,398204
2021-06-17 10:00:41,690.15,398264
2021-06-17 10:00:44,690.0,398647
2021-06-17 10:00:47,690.0,398776
2021-06-17 10:00:50,690.0,398839
2021-06-17 10:00:53,690.0,398935
2021-06-17 10:00:56,690.0,399002
2021-06-17 10:00:59,690.0,399020
2021-06-17 10:01:02,690.0,399096
2021-06-17 10:01:05,689.95,399256
2021-06-17 10:01:07,689.9,399271
2021-06-17 10:01:10,689.9,399341
2021-06-17 10:01:12,689.9,399341
2021-06-17 10:01:15,689.9,399391
2021-06-17 10:01:21,690.0,399471
2021-06-17 10:01:24,689.9,399570
2021-06-17 10:01:26,689.9,399614
2021-06-17 10:01:29,689.9,399800
2021-06-17 10:01:32,689.9,399831
2021-06-17 10:01:35,689.9,399942
2021-06-17 10:01:38,690.0,399968
2021-06-17 10:01:40,689.95,400018
2021-06-17 10:01:44,690.0,400214
2021-06-17 10:01:46,690.2,400220
2021-06-17 10:01:50,690.0,400263
2021-06-17 10:01:52,689.8,400477
2021-06-17 10:01:55,689.8,400493
2021-06-17 10:02:00,689.8,400642
2021-06-17 10:02:03,689.8,400794
2021-06-17 10:02:06,689.8,400808
2021-06-17 10:02:08,690.0,400914
2021-06-17 10:02:11,689.85,401149
2021-06-17 10:02:13,690.0,401183
2021-06-17 10:02:15,690.0,401198
2021-06-17 10:02:18,690.0,401313
2021-06-17 10:02:20,690.1,401374
2021-06-17 10:02:23,689.85,401465
2021-06-17 10:02:26,690.0,401486
2021-06-17 10:02:28,689.85,401607
2021-06-17 10:02:31,690.1,401622
2021-06-17 10:02:33,690.1,401622
2021-06-17 10:02:36,690.0,401642
2021-06-17 10:02:38,690.05,401680
2021-06-17 10:02:41,690.05,401691
2021-06-17 10:02:43,690.0,401854
2021-06-17 10:02:46,690.0,401857
2021-06-17 10:02:48,690.0,401882
2021-06-17 10:02:51,690.0,401885
2021-06-17 10:02:53,689.9,401978
2021-06-17 10:02:56,689.65,406259
2021-06-17 10:02:59,689.75,406456
2021-06-17 10:03:03,689.5,407078
2021-06-17 10:03:06,689.75,407149
2021-06-17 10:03:08,689.85,407316
2021-06-17 10:03:11,689.85,407596
2021-06-17 10:03:13,689.5,407707
2021-06-17 10:03:15,689.8,407742
2021-06-17 10:03:18,689.35,407947
2021-06-17 10:03:20,689.75,407954
2021-06-17 10:03:23,689.5,408165
2021-06-17 10:03:26,689.8,408423
2021-06-17 10:03:29,689.55,408633
2021-06-17 10:03:32,689.55,410611
2021-06-17 10:03:35,689.75,410754
2021-06-17 10:03:38,689.9,410932
2021-06-17 10:03:41,689.65,410949
2021-06-17 10:03:48,689.65,411154
2021-06-17 10:03:51,689.95,411181
2021-06-17 10:03:53,689.95,411286
2021-06-17 10:03:56,689.95,411296
2021-06-17 10:03:59,689.65,411492
2021-06-17 10:04:01,689.75,411502
2021-06-17 10:04:04,689.75,411612
2021-06-17 10:04:06,689.75,411650
2021-06-17 10:04:09,689.75,411656
2021-06-17 10:04:11,689.65,411728
2021-06-17 10:04:14,689.5,411733
2021-06-17 10:04:16,689.5,411952
2021-06-17 10:04:18,689.85,412354
2021-06-17 10:04:21,689.95,412470
2021-06-17 10:04:23,689.6,412554
2021-06-17 10:04:26,689.75,412861
2021-06-17 10:04:28,689.95,412992
2021-06-17 10:04:34,689.8,413120
2021-06-17 10:04:36,689.95,413142
2021-06-17 10:04:38,690.0,413187
2021-06-17 10:04:43,689.85,413280
2021-06-17 10:04:45,689.95,413293
2021-06-17 10:04:48,689.85,413297
2021-06-17 10:04:50,689.85,413297
2021-06-17 10:04:53,690.0,413301
2021-06-17 10:04:55,689.95,413323
2021-06-17 10:04:57,690.0,413449
2021-06-17 10:05:00,690.0,413456
2021-06-17 10:05:03,689.95,413586
2021-06-17 10:05:05,689.95,413622
2021-06-17 10:05:07,690.0,413639
2021-06-17 10:05:09,690.0,413652
2021-06-17 10:05:14,689.95,413728
2021-06-17 10:05:16,689.95,413790
2021-06-17 10:05:19,689.95,413795
2021-06-17 10:05:22,689.85,413886
2021-06-17 10:05:24,689.95,413933
2021-06-17 10:05:27,689.95,413940
2021-06-17 10:05:29,690.0,414042
2021-06-17 10:05:32,689.95,414052
2021-06-17 10:05:35,689.95,414053
2021-06-17 10:05:37,689.95,414076
2021-06-17 10:05:39,690.0,414213
2021-06-17 10:05:44,689.75,414356
2021-06-17 10:05:47,689.95,414388
2021-06-17 10:05:49,689.65,414454
2021-06-17 10:05:55,689.8,414542
2021-06-17 10:06:01,689.85,414820
2021-06-17 10:06:03,689.8,415015
2021-06-17 10:06:06,689.8,415017
2021-06-17 10:06:08,689.8,415018
2021-06-17 10:06:11,689.5,415074
2021-06-17 10:06:13,689.65,415099
2021-06-17 10:06:15,689.5,415137
2021-06-17 10:06:17,689.9,415169
2021-06-17 10:06:20,689.9,415250
2021-06-17 10:06:22,689.55,415302
2021-06-17 10:06:24,689.9,415376
2021-06-17 10:06:27,689.95,415488
2021-06-17 10:06:29,689.65,415528
2021-06-17 10:06:32,689.7,415538
2021-06-17 10:06:34,689.95,415550
2021-06-17 10:06:36,689.95,415555
2021-06-17 10:06:39,689.95,415555
2021-06-17 10:06:41,689.85,415565
2021-06-17 10:06:42,689.7,415612
2021-06-17 10:06:43,689.7,415667
2021-06-17 10:06:44,689.7,415667
2021-06-17 10:06:45,689.7,415667
2021-06-17 10:06:46,689.7,415678
2021-06-17 10:06:47,689.7,415678
2021-06-17 10:06:48,689.7,415693
2021-06-17 10:06:49,689.9,415701
2021-06-17 10:06:50,689.5,415857
2021-06-17 10:06:51,689.5,416007
2021-06-17 10:06:52,689.5,416007
2021-06-17 10:06:53,689.85,416019
2021-06-17 10:06:54,689.85,416048
2021-06-17 10:06:55,689.85,416065
2021-06-17 10:06:56,689.85,416065
2021-06-17 10:06:57,689.9,416110
2021-06-17 10:06:58,689.95,416212
2021-06-17 10:06:59,689.95,416212
2021-06-17 10:07:00,690.0,416218
2021-06-17 10:07:01,689.65,416247
2021-06-17 10:07:03,689.7,416330
2021-06-17 10:07:04,689.7,416330
2021-06-17 10:07:05,689.7,416359
2021-06-17 10:07:06,689.7,416359
2021-06-17 10:07:07,689.7,416388
2021-06-17 10:07:08,690.0,416389
2021-06-17 10:07:09,690.0,416389
2021-06-17 10:07:10,690.0,416389
2021-06-17 10:07:11,689.85,416406
2021-06-17 10:07:12,689.85,416419
2021-06-17 10:07:13,689.85,416419
2021-06-17 10:07:14,689.75,416434
2021-06-17 10:07:15,689.75,416434
2021-06-17 10:07:16,689.75,416434
2021-06-17 10:07:17,689.75,416439
2021-06-17 10:07:18,689.75,416439
2021-06-17 10:07:19,689.55,416543
2021-06-17 10:07:20,689.65,416571
2021-06-17 10:07:22,689.95,416664
2021-06-17 10:07:23,689.95,416664
2021-06-17 10:07:24,689.95,416706
2021-06-17 10:07:26,689.95,416706
2021-06-17 10:07:27,690.0,416813
2021-06-17 10:07:28,690.0,416813
2021-06-17 10:07:29,690.0,416813
2021-06-17 10:07:30,689.7,416823
2021-06-17 10:07:31,690.0,416853
2021-06-17 10:07:32,690.0,416853
2021-06-17 10:07:33,690.0,416853
2021-06-17 10:07:34,690.0,416853
2021-06-17 10:07:35,689.75,417053
2021-06-17 10:07:36,689.75,417053
2021-06-17 10:07:37,690.0,417070
2021-06-17 10:07:39,689.9,417072
2021-06-17 10:07:40,689.9,417072
2021-06-17 10:07:41,689.9,417079
2021-06-17 10:07:43,689.8,417206
2021-06-17 10:07:44,689.8,417209
2021-06-17 10:07:45,690.0,417238
2021-06-17 10:07:47,689.8,417324
2021-06-17 10:07:49,690.0,417365
2021-06-17 10:07:50,690.0,417365
2021-06-17 10:07:51,690.0,417379
2021-06-17 10:07:52,690.0,417404
2021-06-17 10:07:53,690.0,417404
2021-06-17 10:07:54,690.0,417405
2021-06-17 10:07:55,690.0,417405
2021-06-17 10:07:56,689.65,417524
2021-06-17 10:07:57,690.0,417626
2021-06-17 10:07:58,690.0,417626
2021-06-17 10:07:59,689.7,417938
2021-06-17 10:08:00,689.7,417938
2021-06-17 10:08:01,689.7,417985
2021-06-17 10:08:03,689.7,417985
2021-06-17 10:08:04,689.7,418022
2021-06-17 10:08:05,690.0,418024
2021-06-17 10:08:06,689.7,418029
2021-06-17 10:08:07,689.7,418029
2021-06-17 10:08:09,689.95,418044
2021-06-17 10:08:10,689.95,418044
2021-06-17 10:08:11,689.9,418123
2021-06-17 10:08:12,689.9,418123
2021-06-17 10:08:13,689.9,418123
2021-06-17 10:08:14,689.9,418169
2021-06-17 10:08:15,689.9,418169
2021-06-17 10:08:16,689.9,418169
2021-06-17 10:08:17,690.0,418181
2021-06-17 10:08:18,689.9,418215
2021-06-17 10:08:19,689.9,418243
2021-06-17 10:08:20,690.0,418244
2021-06-17 10:08:21,690.1,419190
2021-06-17 10:08:22,690.0,419927
2021-06-17 10:08:23,690.0,419969
2021-06-17 10:08:24,690.0,420290
2021-06-17 10:08:25,690.1,420368
2021-06-17 10:08:26,690.0,420452
2021-06-17 10:08:27,690.0,420587
2021-06-17 10:08:28,690.2,420842
2021-06-17 10:08:29,690.2,420842
2021-06-17 10:08:30,690.2,420842
2021-06-17 10:08:31,690.2,420842
2021-06-17 10:08:32,690.0,420899
2021-06-17 10:08:33,690.1,420906
2021-06-17 10:08:35,690.0,420920
2021-06-17 10:08:36,690.1,420932
2021-06-17 10:08:37,690.1,420932
2021-06-17 10:08:38,690.1,420937
2021-06-17 10:08:39,690.25,420983
2021-06-17 10:08:40,690.25,421033
2021-06-17 10:08:41,690.25,421033
2021-06-17 10:08:42,690.1,421080
2021-06-17 10:08:43,690.1,421127
2021-06-17 10:08:44,690.1,421137
2021-06-17 10:08:46,690.1,422737
2021-06-17 10:08:47,690.1,422747
2021-06-17 10:08:48,690.25,422875
2021-06-17 10:08:49,690.05,423086
2021-06-17 10:08:50,690.05,423105
2021-06-17 10:08:51,690.0,423232
2021-06-17 10:08:53,690.0,423279
2021-06-17 10:08:53,690.0,423279
2021-06-17 10:08:54,690.0,423297
2021-06-17 10:08:55,690.0,423318
2021-06-17 10:08:56,690.0,423349
2021-06-17 10:08:58,690.1,423351
2021-06-17 10:08:58,690.1,423351
2021-06-17 10:08:59,690.1,423351
2021-06-17 10:09:00,690.05,423357
2021-06-17 10:09:01,690.05,423360
2021-06-17 10:09:02,690.05,423407
2021-06-17 10:09:04,690.05,423444
2021-06-17 10:09:04,690.05,423548
2021-06-17 10:09:05,690.05,423568
2021-06-17 10:09:06,690.1,423580
2021-06-17 10:09:07,690.05,423615
2021-06-17 10:09:08,690.05,423619
2021-06-17 10:09:09,690.2,423742
2021-06-17 10:09:11,690.0,423842
2021-06-17 10:09:11,690.0,423842
2021-06-17 10:09:12,690.1,423847
2021-06-17 10:09:13,690.2,423969
2021-06-17 10:09:14,690.0,423992
2021-06-17 10:09:15,690.2,424005
2021-06-17 10:09:16,690.0,424024
2021-06-17 10:09:17,690.0,424028
2021-06-17 10:09:18,690.0,424030
2021-06-17 10:09:19,690.0,424042
2021-06-17 10:09:21,690.0,424043
2021-06-17 10:09:21,690.0,424053
2021-06-17 10:09:23,690.0,424111
2021-06-17 10:09:23,690.0,424172
2021-06-17 10:09:24,690.0,424172
2021-06-17 10:09:25,690.25,424194
2021-06-17 10:09:26,690.25,424194
2021-06-17 10:09:27,690.2,424199
2021-06-17 10:09:28,690.0,424209
2021-06-17 10:09:29,690.0,424209
2021-06-17 10:09:30,690.25,424217
2021-06-17 10:09:31,690.25,424217
2021-06-17 10:09:33,690.2,424218
2021-06-17 10:09:34,690.0,424220
2021-06-17 10:09:34,690.0,424220
2021-06-17 10:09:35,690.2,424224
2021-06-17 10:09:36,690.2,424234
2021-06-17 10:09:37,690.2,424234
2021-06-17 10:09:38,690.2,424254
2021-06-17 10:09:40,690.2,424254
2021-06-17 10:09:41,690.2,424254
2021-06-17 10:09:42,690.1,424309
2021-06-17 10:09:43,690.2,424429
2021-06-17 10:09:45,690.15,424447
2021-06-17 10:09:45,690.15,424447
2021-06-17 10:09:46,690.15,424447
2021-06-17 10:09:47,690.1,424459
2021-06-17 10:09:48,690.1,424463
2021-06-17 10:09:49,690.1,424463
2021-06-17 10:09:50,690.2,425129
2021-06-17 10:09:51,690.0,425173
2021-06-17 10:09:52,690.0,425240
2021-06-17 10:09:53,690.0,425376
2021-06-17 10:09:54,690.25,425451
2021-06-17 10:09:55,690.25,425454
2021-06-17 10:09:57,690.25,425471
2021-06-17 10:09:58,690.0,425486
2021-06-17 10:09:59,690.3,425576
2021-06-17 10:10:00,690.3,425576
2021-06-17 10:10:01,690.3,425582
2021-06-17 10:10:03,690.3,425695
2021-06-17 10:10:03,690.05,425653
2021-06-17 10:10:04,690.3,425710
2021-06-17 10:10:05,690.25,425735
2021-06-17 10:10:07,690.0,425758
2021-06-17 10:10:07,690.0,425758
2021-06-17 10:10:08,690.0,425761
2021-06-17 10:10:09,690.15,425772
2021-06-17 10:10:10,690.0,425780
2021-06-17 10:10:12,690.15,425791
2021-06-17 10:10:12,690.15,425791
2021-06-17 10:10:13,690.15,425816
2021-06-17 10:10:15,690.15,425854
2021-06-17 10:10:15,690.15,425854
2021-06-17 10:10:16,690.15,425863
2021-06-17 10:10:17,690.25,425867
2021-06-17 10:10:19,690.25,425873
2021-06-17 10:10:20,690.25,425881
2021-06-17 10:10:20,690.25,425881
2021-06-17 10:10:21,690.3,425896
2021-06-17 10:10:22,690.0,425948
2021-06-17 10:10:23,690.0,425985
2021-06-17 10:10:24,690.0,426003
2021-06-17 10:10:25,690.2,426020
2021-06-17 10:10:26,690.0,426028
2021-06-17 10:10:27,690.0,426028
2021-06-17 10:10:29,690.0,426036
2021-06-17 10:10:30,690.2,426046
2021-06-17 10:10:31,690.0,426062
2021-06-17 10:10:33,690.2,426092
2021-06-17 10:10:34,690.2,426099
2021-06-17 10:10:35,690.1,426102
2021-06-17 10:10:36,690.1,426124
2021-06-17 10:10:37,690.1,426124
2021-06-17 10:10:38,690.2,426129
2021-06-17 10:10:39,690.2,426129
2021-06-17 10:10:40,690.1,426132
2021-06-17 10:10:42,690.1,426140
2021-06-17 10:10:43,690.0,426288
2021-06-17 10:10:44,690.15,426338
2021-06-17 10:10:45,690.15,426343
2021-06-17 10:10:46,690.0,426391
2021-06-17 10:10:47,690.0,426395
2021-06-17 10:10:48,690.15,426396
2021-06-17 10:10:49,690.25,426424
2021-06-17 10:10:51,690.25,426424
2021-06-17 10:10:52,690.25,426424
2021-06-17 10:10:52,690.25,426424
2021-06-17 10:10:54,690.25,426434
2021-06-17 10:10:55,690.3,426439
2021-06-17 10:10:55,690.3,426439
2021-06-17 10:10:56,690.35,426469
2021-06-17 10:10:57,690.35,426469
2021-06-17 10:10:58,690.35,426469
2021-06-17 10:10:59,690.4,426525
2021-06-17 10:11:00,690.4,426535
2021-06-17 10:11:01,690.4,426539
2021-06-17 10:11:03,690.25,426600
2021-06-17 10:11:04,690.25,426638
2021-06-17 10:11:04,690.25,426638
2021-06-17 10:11:06,690.35,426646
2021-06-17 10:11:07,690.25,426658
2021-06-17 10:11:07,690.25,426667
2021-06-17 10:11:08,690.2,426767
2021-06-17 10:11:09,690.3,426803
2021-06-17 10:11:10,690.2,426807
2021-06-17 10:11:12,690.2,426823
2021-06-17 10:11:13,690.2,426831
2021-06-17 10:11:14,690.2,426917
2021-06-17 10:11:15,690.2,426922
2021-06-17 10:11:15,690.2,426922
2021-06-17 10:11:16,690.2,426923
2021-06-17 10:11:17,690.35,426953
2021-06-17 10:11:18,690.35,426991
2021-06-17 10:11:20,690.35,426998
2021-06-17 10:11:21,690.2,427004
2021-06-17 10:11:22,690.2,427033
2021-06-17 10:11:22,690.2,427033
2021-06-17 10:11:23,690.1,427072
2021-06-17 10:11:25,690.1,427076
2021-06-17 10:11:26,690.2,427095
2021-06-17 10:11:27,690.1,427167
2021-06-17 10:11:28,690.1,427167
2021-06-17 10:11:29,690.2,427168
2021-06-17 10:11:30,690.35,427194
2021-06-17 10:11:31,690.35,427194
2021-06-17 10:11:32,690.35,427194
2021-06-17 10:11:32,690.35,427194
2021-06-17 10:11:33,690.1,427231
2021-06-17 10:11:34,690.1,427231
2021-06-17 10:11:36,690.1,427231
2021-06-17 10:11:36,690.15,427291
2021-06-17 10:11:37,690.35,427302
2021-06-17 10:11:38,690.35,427324
2021-06-17 10:11:39,690.1,427337
2021-06-17 10:11:41,690.3,427342
2021-06-17 10:11:41,690.3,427342
2021-06-17 10:11:42,690.4,427410
2021-06-17 10:11:45,690.15,427562
2021-06-17 10:11:47,690.4,427588
2021-06-17 10:11:50,690.6,428993
2021-06-17 10:11:53,690.6,429194
2021-06-17 10:11:56,690.7,429456
2021-06-17 10:11:59,690.7,429503
2021-06-17 10:12:02,690.7,429550
2021-06-17 10:12:04,690.6,429643
2021-06-17 10:12:07,690.75,430236
2021-06-17 10:12:10,690.75,430278
2021-06-17 10:12:13,690.65,430592
2021-06-17 10:12:15,690.75,430611
2021-06-17 10:12:17,690.65,430862
2021-06-17 10:12:20,690.75,431280
2021-06-17 10:12:26,690.9,431996
2021-06-17 10:12:29,691.0,433116
2021-06-17 10:12:35,690.75,433713
2021-06-17 10:12:38,690.55,433812
2021-06-17 10:12:41,690.4,434016
2021-06-17 10:12:47,690.3,434696
2021-06-17 10:12:50,690.6,434858
2021-06-17 10:12:55,690.35,435018
2021-06-17 10:12:58,690.4,435029
2021-06-17 10:13:00,690.8,435153
2021-06-17 10:13:03,690.45,435314
2021-06-17 10:13:06,690.8,435440
2021-06-17 10:13:09,690.75,435486
2021-06-17 10:13:11,690.45,435511
2021-06-17 10:13:14,690.8,435528
2021-06-17 10:13:17,690.8,435536
2021-06-17 10:13:19,690.5,435560
2021-06-17 10:13:21,690.8,435576
2021-06-17 10:13:23,690.7,435670
2021-06-17 10:13:26,690.5,435681
2021-06-17 10:13:28,690.65,435745
2021-06-17 10:13:30,690.45,435830
2021-06-17 10:13:33,690.5,436966
2021-06-17 10:13:35,690.65,437009
2021-06-17 10:13:38,690.75,437227
2021-06-17 10:13:41,690.5,437276
2021-06-17 10:13:43,690.5,437414
2021-06-17 10:13:46,690.5,437466
2021-06-17 10:13:48,690.5,437484
2021-06-17 10:13:51,690.5,437499
2021-06-17 10:13:53,690.5,437548
2021-06-17 10:13:56,690.75,437566
2021-06-17 10:13:59,690.95,437653
2021-06-17 10:14:01,690.8,437744
2021-06-17 10:14:04,690.55,437925
2021-06-17 10:14:06,690.5,437943
2021-06-17 10:14:08,690.85,438017
2021-06-17 10:14:11,690.45,438124
2021-06-17 10:14:13,690.45,438216
2021-06-17 10:14:15,690.45,438234
2021-06-17 10:14:18,690.55,438257
2021-06-17 10:14:20,690.8,438273
2021-06-17 10:14:23,690.55,438372
2021-06-17 10:14:25,690.75,438376
2021-06-17 10:14:27,690.75,438463
2021-06-17 10:14:32,690.45,438489
2021-06-17 10:14:35,690.75,438523
2021-06-17 10:14:37,690.75,438538
2021-06-17 10:14:40,690.9,438574
2021-06-17 10:14:43,690.6,438973
2021-06-17 10:14:46,690.6,439026
2021-06-17 10:14:48,691.0,439156
2021-06-17 10:14:50,690.95,439157
2021-06-17 10:14:55,690.6,439239
2021-06-17 10:14:58,691.0,439454
2021-06-17 10:15:01,690.95,439474
2021-06-17 10:15:03,690.95,439697
2021-06-17 10:15:06,690.95,439708
2021-06-17 10:15:08,690.95,439752
2021-06-17 10:15:11,690.8,439755
2021-06-17 10:15:13,690.6,439904
2021-06-17 10:15:15,690.8,439922
2021-06-17 10:15:18,690.6,439958
2021-06-17 10:15:20,690.85,440034
2021-06-17 10:15:22,690.6,440091
2021-06-17 10:15:25,690.55,440975
2021-06-17 10:15:27,690.45,441086
2021-06-17 10:15:29,690.35,441325
2021-06-17 10:15:31,690.35,441374
2021-06-17 10:15:33,690.4,441462
2021-06-17 10:15:35,690.6,441626
2021-06-17 10:15:37,690.6,441631
2021-06-17 10:15:40,690.7,441766
2021-06-17 10:15:43,690.35,441823
2021-06-17 10:15:45,690.35,441886
2021-06-17 10:15:47,690.65,441902
2021-06-17 10:15:50,690.65,441912
2021-06-17 10:15:52,690.75,441923
2021-06-17 10:15:54,690.85,441931
2021-06-17 10:15:56,690.45,441962
2021-06-17 10:15:59,690.35,442139
2021-06-17 10:16:01,690.75,442154
2021-06-17 10:16:04,690.65,442319
2021-06-17 10:16:06,690.35,442349
2021-06-17 10:16:09,690.5,442399
2021-06-17 10:16:11,690.4,442434
2021-06-17 10:16:14,690.5,442479
2021-06-17 10:16:17,690.5,442573
2021-06-17 10:16:19,690.5,442578
2021-06-17 10:16:21,690.5,442598
2021-06-17 10:16:24,690.4,442699
2021-06-17 10:16:26,690.5,442722
2021-06-17 10:16:29,690.5,442722
2021-06-17 10:16:31,690.75,442737
2021-06-17 10:16:33,690.3,443257
2021-06-17 10:16:36,690.6,443271
2021-06-17 10:16:38,690.35,443487
2021-06-17 10:16:41,690.45,443505
2021-06-17 10:16:42,690.4,443570
2021-06-17 10:16:43,690.35,443650
2021-06-17 10:16:45,690.15,443755
2021-06-17 10:16:46,690.15,443782
2021-06-17 10:16:47,690.1,443839
2021-06-17 10:16:48,690.75,446863
2021-06-17 10:16:49,690.55,446877
2021-06-17 10:16:51,690.5,447288
2021-06-17 10:16:52,690.2,447323
2021-06-17 10:16:53,690.2,447880
2021-06-17 10:16:54,690.0,448399
2021-06-17 10:16:55,690.05,448420
2021-06-17 10:16:55,690.05,448420
2021-06-17 10:16:56,690.15,448484
2021-06-17 10:16:58,690.0,448583
2021-06-17 10:16:59,690.05,448587
2021-06-17 10:17:00,690.05,448610
2021-06-17 10:17:01,690.05,448630
2021-06-17 10:17:02,690.05,448683
2021-06-17 10:17:03,690.0,448753
2021-06-17 10:17:04,690.0,448757
2021-06-17 10:17:05,690.0,448770
2021-06-17 10:17:05,690.0,448770
2021-06-17 10:17:06,690.1,448799
2021-06-17 10:17:07,690.1,448799
2021-06-17 10:17:08,690.1,448809
2021-06-17 10:17:11,690.05,449028
2021-06-17 10:17:12,690.05,449028
2021-06-17 10:17:13,690.05,449028
2021-06-17 10:17:14,690.05,449028
2021-06-17 10:17:15,690.05,449072
2021-06-17 10:17:15,690.05,449072
2021-06-17 10:17:17,690.3,449076
2021-06-17 10:17:18,690.3,449076
2021-06-17 10:17:19,690.1,449084
2021-06-17 10:17:20,690.5,449184
2021-06-17 10:17:21,690.5,449184
2021-06-17 10:17:22,690.3,449195
2021-06-17 10:17:24,690.15,449263
2021-06-17 10:17:25,690.45,449338
2021-06-17 10:17:27,690.45,449339
2021-06-17 10:17:28,690.45,449339
2021-06-17 10:17:29,690.15,449354
2021-06-17 10:17:30,690.5,449377
2021-06-17 10:17:31,690.45,449407
2021-06-17 10:17:32,690.45,449417
2021-06-17 10:17:33,690.5,449453
2021-06-17 10:17:34,690.5,449453
2021-06-17 10:17:35,690.5,449458
2021-06-17 10:17:36,690.25,449465
2021-06-17 10:17:37,690.25,449465
2021-06-17 10:17:38,690.25,449526
2021-06-17 10:17:39,690.3,449527
2021-06-17 10:17:41,690.5,449534
2021-06-17 10:17:40,690.5,449534
2021-06-17 10:17:42,690.3,449611
2021-06-17 10:17:43,690.3,449658
2021-06-17 10:17:44,690.3,449659
2021-06-17 10:17:45,690.5,449684
2021-06-17 10:17:46,690.5,449684
2021-06-17 10:17:47,690.25,449693
2021-06-17 10:17:48,690.25,449693
2021-06-17 10:17:49,690.3,449698
2021-06-17 10:17:50,690.5,449703
2021-06-17 10:17:52,690.3,449721
2021-06-17 10:17:53,690.3,449722
2021-06-17 10:17:54,690.3,449723
2021-06-17 10:17:55,690.3,449725
2021-06-17 10:17:56,690.3,449727
2021-06-17 10:17:57,690.3,449727
2021-06-17 10:17:58,690.3,449727
2021-06-17 10:17:59,690.3,449742
2021-06-17 10:18:00,690.3,449742
2021-06-17 10:18:01,690.3,449777
2021-06-17 10:18:02,690.3,449843
2021-06-17 10:18:03,690.3,449853
2021-06-17 10:18:04,690.3,449959
2021-06-17 10:18:05,690.2,450267
2021-06-17 10:18:06,690.2,450283
2021-06-17 10:18:07,690.15,450319
2021-06-17 10:18:08,690.15,450332
2021-06-17 10:18:09,690.1,450393
2021-06-17 10:18:10,690.2,450407
2021-06-17 10:18:11,690.2,450425
2021-06-17 10:18:12,690.1,450427
2021-06-17 10:18:13,690.2,450460
2021-06-17 10:18:14,690.1,450481
2021-06-17 10:18:15,690.1,450495
2021-06-17 10:18:16,690.1,450504
2021-06-17 10:18:17,690.1,450508
2021-06-17 10:18:18,690.1,450555
2021-06-17 10:18:19,690.1,450620
2021-06-17 10:18:20,690.1,450620
2021-06-17 10:18:21,690.1,450620
2021-06-17 10:18:22,690.1,450628
2021-06-17 10:18:23,690.05,450677
2021-06-17 10:18:24,690.05,450737
2021-06-17 10:18:25,690.05,450737
2021-06-17 10:18:26,690.05,450791
2021-06-17 10:18:27,690.05,450849
2021-06-17 10:18:28,690.1,450859
2021-06-17 10:18:29,690.05,450916
2021-06-17 10:18:30,690.05,450922
2021-06-17 10:18:31,690.05,450932
2021-06-17 10:18:32,690.05,450943
2021-06-17 10:18:33,690.1,450944
2021-06-17 10:18:34,690.05,450945
2021-06-17 10:18:35,690.05,450947
2021-06-17 10:18:36,690.05,450950
2021-06-17 10:18:37,690.05,450950
2021-06-17 10:18:38,690.1,450955
2021-06-17 10:18:39,690.1,450956
2021-06-17 10:18:40,690.1,450956
2021-06-17 10:18:41,690.05,450986
2021-06-17 10:18:42,690.05,451033
2021-06-17 10:18:43,690.05,451033
2021-06-17 10:18:44,690.05,451115
2021-06-17 10:18:45,690.05,451150
2021-06-17 10:18:46,690.05,451159
2021-06-17 10:18:47,690.05,451159
2021-06-17 10:18:48,690.05,451230
2021-06-17 10:18:49,690.05,451232
2021-06-17 10:18:50,690.1,451363
2021-06-17 10:18:51,690.1,451373
2021-06-17 10:18:52,690.05,451387
2021-06-17 10:18:53,690.05,451387
2021-06-17 10:18:54,690.05,451413
2021-06-17 10:18:55,690.05,451443
2021-06-17 10:18:56,690.05,451454
2021-06-17 10:18:57,690.1,451459
2021-06-17 10:18:58,690.05,451464
2021-06-17 10:18:59,690.1,451495
2021-06-17 10:19:00,690.1,451504
2021-06-17 10:19:01,690.05,451549
2021-06-17 10:19:02,690.5,452707
2021-06-17 10:19:03,690.2,452843
2021-06-17 10:19:04,690.5,452916
2021-06-17 10:19:05,690.5,452916
2021-06-17 10:19:06,690.55,453278
2021-06-17 10:19:07,690.5,453292
2021-06-17 10:19:09,690.5,453292
2021-06-17 10:19:10,690.25,453426
2021-06-17 10:19:11,690.55,453431
2021-06-17 10:19:14,690.5,453471
2021-06-17 10:19:15,690.25,453473
2021-06-17 10:19:16,690.55,453511
2021-06-17 10:19:17,690.55,453516
2021-06-17 10:19:18,690.55,453520
2021-06-17 10:19:19,690.6,453530
2021-06-17 10:19:21,690.7,453542
2021-06-17 10:19:22,690.65,453544
2021-06-17 10:19:23,690.55,453624
2021-06-17 10:19:24,690.65,453625
2021-06-17 10:19:25,690.65,453625
2021-06-17 10:19:26,690.65,453640
2021-06-17 10:19:27,690.65,453646
2021-06-17 10:19:28,690.65,453646
2021-06-17 10:19:29,690.65,453649
2021-06-17 10:19:30,690.55,453650
2021-06-17 10:19:31,690.65,453660
2021-06-17 10:19:32,690.65,453660
2021-06-17 10:19:33,690.65,453661
2021-06-17 10:19:34,690.65,453661
2021-06-17 10:19:35,690.4,453893
2021-06-17 10:19:37,690.4,453893
2021-06-17 10:19:38,690.35,453944
2021-06-17 10:19:39,690.35,453944
2021-06-17 10:19:40,690.35,453944
2021-06-17 10:19:41,690.35,453958
2021-06-17 10:19:42,690.35,454015
2021-06-17 10:19:43,690.5,454057
2021-06-17 10:19:44,690.35,454130
2021-06-17 10:19:45,690.5,454143
2021-06-17 10:19:46,690.25,454181
2021-06-17 10:19:47,690.25,454252
2021-06-17 10:19:48,690.6,454491
2021-06-17 10:19:49,690.6,454512
2021-06-17 10:19:50,690.35,454566
2021-06-17 10:19:51,690.35,454566
2021-06-17 10:19:52,690.2,454610
2021-06-17 10:19:53,690.2,454631
2021-06-17 10:19:54,690.2,454631
2021-06-17 10:19:55,690.15,454639
2021-06-17 10:19:56,690.35,454692
2021-06-17 10:19:57,690.35,454692
2021-06-17 10:19:58,690.35,454692
2021-06-17 10:19:59,690.3,454711
2021-06-17 10:20:00,690.3,454731
2021-06-17 10:20:01,690.3,454731
2021-06-17 10:20:02,690.3,454799
2021-06-17 10:20:03,690.2,454836
2021-06-17 10:20:04,690.2,454836
2021-06-17 10:20:05,690.2,454836
2021-06-17 10:20:06,690.2,454868
2021-06-17 10:20:07,690.3,454913
2021-06-17 10:20:08,690.15,454950
2021-06-17 10:20:09,690.15,454972
2021-06-17 10:20:10,690.15,455003
2021-06-17 10:20:11,690.2,455014
2021-06-17 10:20:14,690.15,455233
2021-06-17 10:20:15,690.2,455241
2021-06-17 10:20:16,690.05,455352
2021-06-17 10:20:17,690.05,455352
2021-06-17 10:20:19,690.05,455390
2021-06-17 10:20:20,690.05,455412
2021-06-17 10:20:21,690.1,455443
2021-06-17 10:20:22,690.1,455490
2021-06-17 10:20:23,690.15,455532
2021-06-17 10:20:24,690.15,455539
2021-06-17 10:20:25,690.15,455549
2021-06-17 10:20:26,690.35,455565
2021-06-17 10:20:27,690.5,455580
2021-06-17 10:20:28,690.5,455580
2021-06-17 10:20:29,690.5,455580
2021-06-17 10:20:30,690.5,455580
2021-06-17 10:20:31,690.8,455687
2021-06-17 10:20:32,690.75,455702
2021-06-17 10:20:33,690.75,455707
2021-06-17 10:20:34,690.75,455707
2021-06-17 10:20:35,690.4,455729
2021-06-17 10:20:36,690.4,455733
2021-06-17 10:20:37,690.4,455733
2021-06-17 10:20:38,690.35,455984
2021-06-17 10:20:39,690.35,455984
2021-06-17 10:20:40,690.35,455989
2021-06-17 10:20:41,690.35,455992
2021-06-17 10:20:42,690.25,456101
2021-06-17 10:20:43,690.4,456169
2021-06-17 10:20:44,690.4,456169
2021-06-17 10:20:45,690.4,456169
2021-06-17 10:20:46,690.2,456182
2021-06-17 10:20:47,690.2,456182
2021-06-17 10:20:48,690.2,456189
2021-06-17 10:20:49,690.15,456273
2021-06-17 10:20:50,690.2,456275
2021-06-17 10:20:51,690.35,456277
2021-06-17 10:20:53,690.35,456278
2021-06-17 10:20:53,690.35,456278
2021-06-17 10:20:54,690.35,456278
2021-06-17 10:20:55,690.55,456325
2021-06-17 10:20:56,690.55,456325
2021-06-17 10:20:57,690.2,456339
2021-06-17 10:20:59,690.2,456363
2021-06-17 10:21:00,690.2,456365
2021-06-17 10:21:01,690.2,456368
2021-06-17 10:21:02,690.2,456420
2021-06-17 10:21:03,690.35,456459
2021-06-17 10:21:04,690.35,456459
2021-06-17 10:21:05,690.15,457234
2021-06-17 10:21:06,690.2,457250
2021-06-17 10:21:07,690.05,457566
2021-06-17 10:21:08,690.05,457566
2021-06-17 10:21:09,690.15,457572
2021-06-17 10:21:10,690.15,457572
2021-06-17 10:21:11,690.15,457581
2021-06-17 10:21:12,690.15,457604
2021-06-17 10:21:13,690.1,457621
2021-06-17 10:21:14,690.1,457631
2021-06-17 10:21:15,690.1,457642
2021-06-17 10:21:16,690.1,457721
2021-06-17 10:21:17,690.1,457723
2021-06-17 10:21:18,690.1,457729
2021-06-17 10:21:19,690.1,457744
2021-06-17 10:21:20,690.1,457744
2021-06-17 10:21:21,690.1,457798
2021-06-17 10:21:22,690.1,457809
2021-06-17 10:21:24,690.1,458039
2021-06-17 10:21:24,690.1,458039
2021-06-17 10:21:25,690.1,458050
2021-06-17 10:21:26,690.1,458052
2021-06-17 10:21:27,690.1,458098
2021-06-17 10:21:28,690.1,458112
2021-06-17 10:21:29,690.4,458123
2021-06-17 10:21:30,690.05,458155
2021-06-17 10:21:31,690.1,458157
2021-06-17 10:21:32,690.4,458162
2021-06-17 10:21:33,690.15,458170
2021-06-17 10:21:35,690.15,458200
2021-06-17 10:21:36,690.15,458200
2021-06-17 10:21:37,690.2,458201
2021-06-17 10:21:38,690.15,458202
2021-06-17 10:21:39,690.1,458207
2021-06-17 10:21:40,690.1,458207
2021-06-17 10:21:41,690.3,458212
2021-06-17 10:21:43,690.1,458288
2021-06-17 10:21:49,690.1,458913
2021-06-17 10:21:54,690.4,459052
2021-06-17 10:21:57,690.1,459276
2021-06-17 10:22:00,690.1,459345
2021-06-17 10:22:02,690.1,459381
2021-06-17 10:22:05,690.1,459481
2021-06-17 10:22:07,690.0,459536
2021-06-17 10:22:09,690.0,459672
2021-06-17 10:22:12,690.05,464097
2021-06-17 10:22:14,690.05,464164
2021-06-17 10:22:17,690.15,465154
2021-06-17 10:22:20,690.0,465578
2021-06-17 10:22:22,690.0,465932
2021-06-17 10:22:25,690.0,466170
2021-06-17 10:22:27,690.0,466355
2021-06-17 10:22:29,690.0,466404
2021-06-17 10:22:32,690.0,466451
2021-06-17 10:22:35,690.1,466472
2021-06-17 10:22:37,690.0,466531
2021-06-17 10:22:40,690.05,466570
2021-06-17 10:22:42,690.0,467254
2021-06-17 10:22:45,690.05,467337
2021-06-17 10:22:47,690.0,467444
2021-06-17 10:22:50,690.0,467583
2021-06-17 10:22:52,690.0,467588
2021-06-17 10:22:54,690.0,467616
2021-06-17 10:22:56,690.05,467621
2021-06-17 10:22:59,690.1,467626
2021-06-17 10:23:01,690.2,467637
2021-06-17 10:23:03,690.0,467690
2021-06-17 10:23:05,690.0,467692
2021-06-17 10:23:08,690.15,467795
2021-06-17 10:23:10,690.0,467804
2021-06-17 10:23:13,690.1,467856
2021-06-17 10:23:15,690.2,467946
2021-06-17 10:23:18,690.2,467946
2021-06-17 10:23:20,690.0,468081
2021-06-17 10:23:23,690.05,468086
2021-06-17 10:23:25,690.05,468170
2021-06-17 10:23:27,690.0,468193
2021-06-17 10:23:30,690.0,468260
2021-06-17 10:23:33,690.0,468269
2021-06-17 10:23:35,690.05,468298
2021-06-17 10:23:37,690.05,468304
2021-06-17 10:23:39,690.0,468324
2021-06-17 10:23:41,690.0,468400
2021-06-17 10:23:43,690.0,468495
2021-06-17 10:23:48,690.0,468588
2021-06-17 10:23:51,690.05,468612
2021-06-17 10:23:53,690.0,468618
2021-06-17 10:23:55,690.05,468631
2021-06-17 10:23:57,690.0,468661
2021-06-17 10:23:59,690.0,468664
2021-06-17 10:24:01,690.0,468670
2021-06-17 10:24:03,690.0,468760
2021-06-17 10:24:06,690.05,468763
2021-06-17 10:24:08,690.0,468782
2021-06-17 10:24:10,690.0,468782
2021-06-17 10:24:12,690.05,468794
2021-06-17 10:24:14,689.95,469144
2021-06-17 10:24:17,690.0,469150
2021-06-17 10:24:19,689.95,469197
2021-06-17 10:24:21,689.95,469197
2021-06-17 10:24:23,689.95,469293
2021-06-17 10:24:25,690.05,469309
2021-06-17 10:24:27,690.0,469338
2021-06-17 10:24:29,690.0,469420
2021-06-17 10:24:31,690.05,469467
2021-06-17 10:24:34,690.05,469485
2021-06-17 10:24:36,690.0,469740
2021-06-17 10:24:38,690.0,469831
2021-06-17 10:24:40,690.0,469890
2021-06-17 10:24:43,690.0,469935
2021-06-17 10:24:45,690.0,469983
2021-06-17 10:24:47,690.0,470015
2021-06-17 10:24:50,690.0,470015
2021-06-17 10:24:52,690.0,470030
2021-06-17 10:24:54,689.9,470031
2021-06-17 10:24:56,689.9,470031
2021-06-17 10:25:01,689.85,470269
2021-06-17 10:25:03,689.75,470308
2021-06-17 10:25:06,689.95,470991
2021-06-17 10:25:08,690.0,470996
2021-06-17 10:25:10,689.8,471025
2021-06-17 10:25:12,689.6,471225
2021-06-17 10:25:14,689.65,471235
2021-06-17 10:25:16,689.65,471235
2021-06-17 10:25:18,689.6,471435
2021-06-17 10:25:20,689.9,471477
2021-06-17 10:25:22,689.55,471724
2021-06-17 10:25:24,689.7,471771
2021-06-17 10:25:26,689.9,471831
2021-06-17 10:25:28,689.9,471932
2021-06-17 10:25:30,689.6,471982
2021-06-17 10:25:32,689.6,472087
2021-06-17 10:25:34,689.85,472093
2021-06-17 10:25:36,689.85,472101
2021-06-17 10:25:38,689.9,472165
2021-06-17 10:25:40,689.9,472400
2021-06-17 10:25:42,689.65,472462
2021-06-17 10:25:44,689.6,472522
2021-06-17 10:25:46,689.85,472536
2021-06-17 10:25:48,689.85,472536
2021-06-17 10:25:51,689.9,472586
2021-06-17 10:25:53,689.9,472603
2021-06-17 10:25:57,690.0,472854
2021-06-17 10:26:00,689.7,472890
2021-06-17 10:26:02,689.7,472937
2021-06-17 10:26:05,690.0,472990
2021-06-17 10:26:07,689.7,472997
2021-06-17 10:26:10,689.85,473049
2021-06-17 10:26:12,689.7,473154
2021-06-17 10:26:14,689.7,473154
2021-06-17 10:26:16,690.0,473172
2021-06-17 10:26:18,690.0,473172
2021-06-17 10:26:20,690.0,473182
2021-06-17 10:26:23,689.65,473285
2021-06-17 10:26:25,689.95,473302
2021-06-17 10:26:27,689.95,473417
2021-06-17 10:26:29,689.95,473417
2021-06-17 10:26:31,689.95,473417
2021-06-17 10:26:33,689.9,473452
2021-06-17 10:26:35,689.9,473452
2021-06-17 10:26:38,689.65,473504
2021-06-17 10:26:42,689.5,474552
2021-06-17 10:26:45,689.85,474617
2021-06-17 10:26:47,689.85,474932
2021-06-17 10:26:49,689.7,475132
2021-06-17 10:26:51,689.9,475137
2021-06-17 10:26:53,689.9,475137
2021-06-17 10:26:56,690.0,476155
2021-06-17 10:26:58,690.0,476155
2021-06-17 10:27:01,690.0,476360
2021-06-17 10:27:03,690.05,476868
2021-06-17 10:27:06,690.05,476911
2021-06-17 10:27:08,690.0,477012
2021-06-17 10:27:10,689.95,477023
2021-06-17 10:27:12,689.9,477173
2021-06-17 10:27:14,690.0,477284
2021-06-17 10:27:16,690.0,477305
2021-06-17 10:27:18,690.0,477310
2021-06-17 10:27:20,690.0,477310
2021-06-17 10:27:22,689.9,477323
2021-06-17 10:27:24,689.9,477365
2021-06-17 10:27:26,689.9,477381
2021-06-17 10:27:28,690.0,477427
2021-06-17 10:27:31,689.8,477506
2021-06-17 10:27:33,689.8,477569
2021-06-17 10:27:35,689.8,478152
2021-06-17 10:27:37,690.05,478659
2021-06-17 10:27:40,690.05,478731
2021-06-17 10:27:42,690.0,478788
2021-06-17 10:27:44,689.95,478824
2021-06-17 10:27:46,690.0,478862
2021-06-17 10:27:48,690.0,478862
2021-06-17 10:27:51,690.2,478980
2021-06-17 10:27:53,690.5,479064
2021-06-17 10:27:55,690.5,479064
2021-06-17 10:27:58,690.15,479087
2021-06-17 10:28:00,690.15,479388
2021-06-17 10:28:03,690.15,479532
2021-06-17 10:28:05,690.5,479949
2021-06-17 10:28:09,690.4,480042
2021-06-17 10:28:12,690.4,480047
2021-06-17 10:28:14,690.4,480092
2021-06-17 10:28:17,690.15,480101
2021-06-17 10:28:19,690.15,480130
2021-06-17 10:28:21,690.15,480132
2021-06-17 10:28:23,690.15,480222
2021-06-17 10:28:25,690.15,480222
2021-06-17 10:28:27,690.15,480240
2021-06-17 10:28:28,690.35,480289
2021-06-17 10:28:30,690.15,480293
2021-06-17 10:28:33,690.15,480302
2021-06-17 10:28:35,690.15,480309
2021-06-17 10:28:37,690.15,480312
2021-06-17 10:28:39,690.25,480316
2021-06-17 10:28:42,690.15,480378
2021-06-17 10:28:43,690.05,480425
2021-06-17 10:28:45,690.05,480442
2021-06-17 10:28:47,690.05,480453
2021-06-17 10:28:49,690.35,480498
2021-06-17 10:28:51,690.35,480498
2021-06-17 10:28:54,690.15,480517
2021-06-17 10:28:56,690.15,480519
2021-06-17 10:28:58,690.0,480529
2021-06-17 10:29:00,690.15,480559
2021-06-17 10:29:02,690.0,480608
2021-06-17 10:29:04,690.0,480650
2021-06-17 10:29:07,690.0,480660
2021-06-17 10:29:09,690.0,480774
2021-06-17 10:29:13,690.05,480932
2021-06-17 10:29:15,690.0,480983
2021-06-17 10:29:17,690.0,481009
2021-06-17 10:29:19,690.15,481042
2021-06-17 10:29:21,690.15,481042
2021-06-17 10:29:23,690.0,481133
2021-06-17 10:29:25,690.0,481183
2021-06-17 10:29:28,690.1,481213
2021-06-17 10:29:30,690.0,481222
2021-06-17 10:29:32,690.0,481232
2021-06-17 10:29:37,690.0,481271
2021-06-17 10:29:39,690.1,481296
2021-06-17 10:29:41,690.05,481305
2021-06-17 10:29:43,690.0,481405
2021-06-17 10:29:45,690.0,481409
2021-06-17 10:29:46,690.0,481429
2021-06-17 10:29:48,690.0,481429
2021-06-17 10:29:50,690.0,481544
2021-06-17 10:29:52,690.0,481559
2021-06-17 10:29:55,690.15,481618
2021-06-17 10:29:57,690.05,481620
2021-06-17 10:29:59,690.15,481637
2021-06-17 10:30:01,690.05,481686
2021-06-17 10:30:03,690.05,481802
2021-06-17 10:30:05,690.05,481812
2021-06-17 10:30:07,690.05,481843
2021-06-17 10:30:10,690.0,481907
2021-06-17 10:30:12,690.05,481914
2021-06-17 10:30:14,690.05,481967
2021-06-17 10:30:16,690.05,482096
2021-06-17 10:30:19,689.9,482218
2021-06-17 10:30:21,690.0,482228
2021-06-17 10:30:23,690.15,482666
2021-06-17 10:30:25,690.15,482666
2021-06-17 10:30:27,690.0,482754
2021-06-17 10:30:31,690.0,482771
2021-06-17 10:30:33,690.0,482771
2021-06-17 10:30:35,690.0,482775
2021-06-17 10:30:37,690.15,482839
2021-06-17 10:30:39,690.0,482849
2021-06-17 10:30:41,690.1,482871
2021-06-17 10:30:46,690.0,482961
2021-06-17 10:30:48,690.0,482961
2021-06-17 10:30:50,690.05,483003
2021-06-17 10:30:53,690.0,485246
2021-06-17 10:30:55,690.05,485683
2021-06-17 10:30:57,690.0,486132
2021-06-17 10:30:59,690.0,486232
2021-06-17 10:31:01,690.0,486388
2021-06-17 10:31:04,690.0,486444
2021-06-17 10:31:06,690.05,486480
2021-06-17 10:31:08,690.0,486491
2021-06-17 10:31:10,690.05,486519
2021-06-17 10:31:14,690.05,486571
2021-06-17 10:31:16,690.0,486972
2021-06-17 10:31:19,690.0,486982
2021-06-17 10:31:21,690.0,487066
2021-06-17 10:31:23,690.0,487161
2021-06-17 10:31:24,690.0,487215
2021-06-17 10:31:27,690.0,487234
2021-06-17 10:31:29,690.05,487257
2021-06-17 10:31:31,690.05,487262
2021-06-17 10:31:33,690.05,487262
2021-06-17 10:31:35,690.0,487352
2021-06-17 10:31:37,690.0,487452
2021-06-17 10:31:39,690.0,487452
2021-06-17 10:31:41,690.0,487503
2021-06-17 10:31:43,690.0,487680
2021-06-17 10:31:46,689.95,487721
2021-06-17 10:31:48,690.0,487726
2021-06-17 10:31:51,690.05,487741
2021-06-17 10:31:52,690.05,487797
2021-06-17 10:31:55,690.3,487813
2021-06-17 10:31:56,690.1,487819
2021-06-17 10:31:58,690.35,487836
2021-06-17 10:32:00,690.35,487837
2021-06-17 10:32:02,690.35,487907
2021-06-17 10:32:04,690.0,487944
2021-06-17 10:32:06,690.3,487969
2021-06-17 10:32:08,690.0,487976
2021-06-17 10:32:10,690.0,487981
2021-06-17 10:32:12,690.0,487982
2021-06-17 10:32:14,690.0,488009
2021-06-17 10:32:16,690.0,488040
2021-06-17 10:32:18,690.0,488045
2021-06-17 10:32:20,690.0,488051
2021-06-17 10:32:22,690.3,488108
2021-06-17 10:32:27,690.0,488217
2021-06-17 10:32:29,690.0,488338
2021-06-17 10:32:33,690.0,488345
2021-06-17 10:32:35,690.0,488366
2021-06-17 10:32:37,690.0,488510
2021-06-17 10:32:39,689.95,488535
2021-06-17 10:32:42,689.9,488562
2021-06-17 10:32:48,690.0,488833
2021-06-17 10:32:51,690.25,488838
2021-06-17 10:32:53,690.0,488861
2021-06-17 10:32:55,690.5,488920
2021-06-17 10:32:59,690.1,488932
2021-06-17 10:33:01,690.45,488946
2021-06-17 10:33:03,690.4,489066
2021-06-17 10:33:06,690.4,489073
2021-06-17 10:33:08,690.45,489110
2021-06-17 10:33:10,690.55,489210
2021-06-17 10:33:13,690.6,489236
2021-06-17 10:33:16,690.4,489339
2021-06-17 10:33:19,690.4,489366
2021-06-17 10:33:21,690.55,489390
2021-06-17 10:33:24,690.4,489476
2021-06-17 10:33:26,690.4,489489
2021-06-17 10:33:29,690.25,489502
2021-06-17 10:33:32,690.55,489558
2021-06-17 10:33:34,690.55,489559
2021-06-17 10:33:36,690.55,489575
2021-06-17 10:33:38,690.55,489582
2021-06-17 10:33:40,690.4,489593
2021-06-17 10:33:43,690.4,489743
2021-06-17 10:33:47,690.55,489818
2021-06-17 10:33:49,690.3,489828
2021-06-17 10:33:51,690.3,489845
2021-06-17 10:33:53,690.55,489847
2021-06-17 10:33:56,690.3,489851
2021-06-17 10:33:58,690.3,489856
2021-06-17 10:34:01,690.5,489886
2021-06-17 10:34:03,690.3,489970
2021-06-17 10:34:06,690.3,489976
2021-06-17 10:34:08,690.4,490211
2021-06-17 10:34:10,690.3,490375
2021-06-17 10:34:12,690.4,490398
2021-06-17 10:34:14,690.3,490476
2021-06-17 10:34:16,690.3,490567
2021-06-17 10:34:18,690.3,490567
2021-06-17 10:34:20,690.3,490585
2021-06-17 10:34:23,690.3,490740
2021-06-17 10:34:25,690.3,490744
2021-06-17 10:34:27,690.3,490935
2021-06-17 10:34:29,690.3,490936
2021-06-17 10:34:31,690.3,490974
2021-06-17 10:34:33,690.3,490979
2021-06-17 10:34:35,690.3,491187
2021-06-17 10:34:37,690.3,491389
2021-06-17 10:34:39,690.35,491541
2021-06-17 10:34:41,690.3,491572
2021-06-17 10:34:43,690.3,491725
2021-06-17 10:34:45,690.5,491771
2021-06-17 10:34:48,690.5,491771
2021-06-17 10:34:50,690.3,491780
2021-06-17 10:34:52,690.5,491786
2021-06-17 10:34:54,690.3,491789
2021-06-17 10:34:56,690.3,491815
2021-06-17 10:34:58,690.3,491816
2021-06-17 10:35:02,690.3,492045
2021-06-17 10:35:04,690.3,492087
2021-06-17 10:35:07,690.5,492149
2021-06-17 10:35:09,690.3,492157
2021-06-17 10:35:11,690.4,492171
2021-06-17 10:35:13,690.3,492172
2021-06-17 10:35:15,690.3,492203
2021-06-17 10:35:17,690.3,492853
2021-06-17 10:35:19,690.5,492870
2021-06-17 10:35:21,690.25,493000
2021-06-17 10:35:24,690.3,493389
2021-06-17 10:35:26,690.3,493411
2021-06-17 10:35:28,690.3,493490
2021-06-17 10:35:30,690.3,493515
2021-06-17 10:35:32,690.3,493530
2021-06-17 10:35:34,690.3,493538
2021-06-17 10:35:38,690.2,493542
2021-06-17 10:35:40,690.3,493549
2021-06-17 10:35:43,690.2,493645
2021-06-17 10:35:45,690.15,493646
2021-06-17 10:35:47,690.15,493665
2021-06-17 10:35:49,690.3,493669
2021-06-17 10:35:51,690.3,493692
2021-06-17 10:35:53,690.2,493693
2021-06-17 10:35:56,690.45,493795
2021-06-17 10:35:58,690.15,493806
2021-06-17 10:36:00,690.15,493835
2021-06-17 10:36:02,690.15,494277
2021-06-17 10:36:04,690.55,494316
2021-06-17 10:36:07,690.25,494318
2021-06-17 10:36:09,690.5,494442
2021-06-17 10:36:14,690.2,494466
2021-06-17 10:36:16,690.5,494509
2021-06-17 10:36:19,690.5,494509
2021-06-17 10:36:21,690.25,494538
2021-06-17 10:36:24,690.3,494638
2021-06-17 10:36:26,690.3,494644
2021-06-17 10:36:29,690.3,494668
2021-06-17 10:36:34,690.3,495665
2021-06-17 10:36:38,690.3,495873
2021-06-17 10:36:41,690.65,496907
2021-06-17 10:36:44,690.3,497005
2021-06-17 10:36:46,690.25,497252
2021-06-17 10:36:48,690.25,497312
2021-06-17 10:36:51,690.15,497356
2021-06-17 10:36:53,690.25,497370
2021-06-17 10:36:55,690.15,497377
2021-06-17 10:36:57,690.25,497381
2021-06-17 10:37:00,690.25,497381
2021-06-17 10:37:02,690.15,497436
2021-06-17 10:37:04,690.15,497472
2021-06-17 10:37:06,690.5,497493
2021-06-17 10:37:08,690.15,497500
2021-06-17 10:37:11,690.15,497513
2021-06-17 10:37:13,690.05,497583
2021-06-17 10:37:15,690.05,497584
2021-06-17 10:37:18,690.05,497598
2021-06-17 10:37:20,690.05,497599
2021-06-17 10:37:25,690.0,497678
2021-06-17 10:37:27,690.0,497694
2021-06-17 10:37:30,690.05,497711
2021-06-17 10:37:32,690.05,497737
2021-06-17 10:37:34,690.0,497765
2021-06-17 10:37:37,690.0,497770
2021-06-17 10:37:39,690.05,497856
2021-06-17 10:37:42,690.0,497922
2021-06-17 10:37:44,690.0,497997
2021-06-17 10:37:46,690.05,498025
2021-06-17 10:37:48,690.05,498025
2021-06-17 10:37:54,690.45,498486
2021-06-17 10:37:56,690.5,498717
2021-06-17 10:37:58,690.5,498719
2021-06-17 10:38:00,690.2,498765
2021-06-17 10:38:03,690.2,498839
2021-06-17 10:38:05,690.5,498937
2021-06-17 10:38:07,690.5,498963
2021-06-17 10:38:09,690.2,498997
2021-06-17 10:38:11,690.2,499010
2021-06-17 10:38:13,690.2,499016
2021-06-17 10:38:15,690.5,499073
2021-06-17 10:38:17,690.5,499073
2021-06-17 10:38:19,690.5,499126
2021-06-17 10:38:21,690.5,499258
2021-06-17 10:38:24,690.2,499348
2021-06-17 10:38:26,690.1,499380
2021-06-17 10:38:31,690.1,499403
2021-06-17 10:38:33,690.1,499407
2021-06-17 10:38:35,690.1,499408
2021-06-17 10:38:37,690.1,499466
2021-06-17 10:38:39,690.1,499466
2021-06-17 10:38:41,690.1,499477
2021-06-17 10:38:44,690.05,499538
2021-06-17 10:38:46,690.05,499551
2021-06-17 10:38:48,690.05,499587
2021-06-17 10:38:51,690.55,499635
2021-06-17 10:38:53,690.55,499635
2021-06-17 10:38:56,690.15,499648
2021-06-17 10:38:58,690.15,499648
2021-06-17 10:39:00,690.2,499652
2021-06-17 10:39:02,690.2,499662
2021-06-17 10:39:04,690.05,499699
2021-06-17 10:39:06,690.1,499701
2021-06-17 10:39:09,690.15,499785
2021-06-17 10:39:11,690.15,499835
2021-06-17 10:39:13,690.2,499866
2021-06-17 10:39:15,690.25,499876
2021-06-17 10:39:17,690.55,500004
2021-06-17 10:39:20,690.25,500006
2021-06-17 10:39:22,690.25,500079
2021-06-17 10:39:24,690.25,500116
2021-06-17 10:39:26,690.5,500166
2021-06-17 10:39:28,690.25,500173
2021-06-17 10:39:30,690.25,500183
2021-06-17 10:39:32,690.25,500185
2021-06-17 10:39:34,690.25,500187
2021-06-17 10:39:36,690.25,500187
2021-06-17 10:39:38,690.4,500193
2021-06-17 10:39:40,690.4,500198
2021-06-17 10:39:43,690.25,500310
2021-06-17 10:39:45,690.25,500367
2021-06-17 10:39:47,690.25,500391
2021-06-17 10:39:48,690.25,500401
2021-06-17 10:39:51,690.5,500423
2021-06-17 10:39:53,690.25,500443
2021-06-17 10:39:56,690.25,500468
2021-06-17 10:39:58,690.25,500472
2021-06-17 10:40:01,690.25,500477
2021-06-17 10:40:03,690.25,500566
2021-06-17 10:40:06,690.25,500567
2021-06-17 10:40:09,690.35,500603
2021-06-17 10:40:11,690.25,500609
2021-06-17 10:40:13,690.2,500687
2021-06-17 10:40:16,690.2,500687
2021-06-17 10:40:18,690.5,500696
2021-06-17 10:40:21,690.25,500882
2021-06-17 10:40:23,690.25,500975
2021-06-17 10:40:28,690.25,500996
2021-06-17 10:40:31,690.5,501057
2021-06-17 10:40:33,690.5,501057
2021-06-17 10:40:35,690.25,501070
2021-06-17 10:40:37,690.5,501075
2021-06-17 10:40:39,690.5,501075
2021-06-17 10:40:42,690.25,501243
2021-06-17 10:40:44,690.15,501310
2021-06-17 10:40:46,690.0,503750
2021-06-17 10:40:49,690.15,503865
2021-06-17 10:40:51,690.0,504124
2021-06-17 10:40:54,690.0,504246
2021-06-17 10:40:57,690.0,504415
2021-06-17 10:41:00,690.0,504638
2021-06-17 10:41:05,690.2,504829
2021-06-17 10:41:07,690.2,504829
2021-06-17 10:41:09,690.15,504842
2021-06-17 10:41:11,690.1,504876
2021-06-17 10:41:14,690.2,504883
2021-06-17 10:41:16,690.15,504884
2021-06-17 10:41:19,690.15,504884
2021-06-17 10:41:21,690.2,504889
2021-06-17 10:41:26,690.25,505044
2021-06-17 10:41:29,690.25,505117
2021-06-17 10:41:31,690.25,505122
2021-06-17 10:41:33,690.25,505122
2021-06-17 10:41:38,690.25,505133
2021-06-17 10:41:40,690.25,505134
2021-06-17 10:41:42,690.2,505186
2021-06-17 10:41:47,690.2,505279
2021-06-17 10:41:49,690.2,505279
2021-06-17 10:41:51,690.25,505309
2021-06-17 10:41:53,690.5,505711
2021-06-17 10:41:55,690.2,505725
2021-06-17 10:41:57,690.5,505768
2021-06-17 10:42:00,690.5,505768
2021-06-17 10:42:02,690.25,505817
2021-06-17 10:42:05,690.25,505859
2021-06-17 10:42:07,690.25,505859
2021-06-17 10:42:09,690.25,505871
2021-06-17 10:42:11,690.45,505971
2021-06-17 10:42:13,690.2,506001
2021-06-17 10:42:16,690.2,506003
2021-06-17 10:42:18,690.45,506053
2021-06-17 10:42:20,690.2,506063
2021-06-17 10:42:26,690.4,506152
2021-06-17 10:42:29,690.2,506167
2021-06-17 10:42:31,690.2,506167
2021-06-17 10:42:33,690.5,506274
2021-06-17 10:42:35,690.5,506289
2021-06-17 10:42:37,690.2,506862
2021-06-17 10:42:39,690.2,506862
2021-06-17 10:42:43,690.05,507207
2021-06-17 10:42:46,690.0,508207
2021-06-17 10:42:48,690.0,508209
2021-06-17 10:42:50,690.35,508210
2021-06-17 10:42:53,690.35,508210
2021-06-17 10:42:55,690.35,508315
2021-06-17 10:42:57,690.4,508443
2021-06-17 10:42:59,690.3,608657
2021-06-17 10:43:01,690.3,608657
2021-06-17 10:43:04,690.05,608844
2021-06-17 10:43:06,690.4,608928
2021-06-17 10:43:09,690.4,608973
2021-06-17 10:43:11,690.4,608973
2021-06-17 10:43:18,690.4,608989
2021-06-17 10:43:20,690.4,608990
2021-06-17 10:43:22,690.05,609037
2021-06-17 10:43:24,690.0,609075
2021-06-17 10:43:25,690.0,609122
2021-06-17 10:43:27,690.0,609130
2021-06-17 10:43:29,690.0,609139
2021-06-17 10:43:31,690.0,609141
2021-06-17 10:43:33,690.0,609247
2021-06-17 10:43:35,690.0,609247
2021-06-17 10:43:37,690.0,609268
2021-06-17 10:43:39,690.0,609372
2021-06-17 10:43:41,690.0,609376
2021-06-17 10:43:43,690.0,609515
2021-06-17 10:43:45,690.15,609528
2021-06-17 10:43:47,690.35,609650
2021-06-17 10:43:49,690.35,609672
2021-06-17 10:43:51,690.3,609724
2021-06-17 10:43:53,690.0,609744
2021-06-17 10:43:55,690.0,609755
2021-06-17 10:43:57,690.3,609781
2021-06-17 10:43:58,690.0,609808
2021-06-17 10:44:00,690.0,609815
2021-06-17 10:44:02,690.0,609868
2021-06-17 10:44:04,690.0,610033
2021-06-17 10:44:06,690.0,610048
2021-06-17 10:44:08,690.0,610081
2021-06-17 10:44:10,690.0,610099
2021-06-17 10:44:12,690.15,610111
2021-06-17 10:44:14,690.0,610179
2021-06-17 10:44:16,690.15,610186
2021-06-17 10:44:18,690.3,610204
2021-06-17 10:44:21,690.35,610214
2021-06-17 10:44:23,690.1,610327
2021-06-17 10:44:25,690.05,610373
2021-06-17 10:44:27,690.05,610395
2021-06-17 10:44:29,690.4,610420
2021-06-17 10:44:33,690.4,610542
2021-06-17 10:44:35,690.35,610544
2021-06-17 10:44:37,690.5,610961
2021-06-17 10:44:39,690.4,610977
2021-06-17 10:44:41,690.15,611214
2021-06-17 10:44:44,690.35,611317
2021-06-17 10:44:46,690.1,611375
2021-06-17 10:44:49,690.35,611406
2021-06-17 10:44:51,690.35,611441
2021-06-17 10:44:54,690.45,611460
2021-06-17 10:44:56,690.45,611475
2021-06-17 10:44:58,690.4,611506
2021-06-17 10:45:00,690.1,611509
2021-06-17 10:45:02,690.45,611641
2021-06-17 10:45:04,690.15,611677
2021-06-17 10:45:06,690.45,611709
2021-06-17 10:45:09,690.45,611729
2021-06-17 10:45:11,690.45,611751
2021-06-17 10:45:13,690.5,612255
2021-06-17 10:45:16,690.5,612303
2021-06-17 10:45:18,690.3,612374
2021-06-17 10:45:20,690.5,612385
2021-06-17 10:45:23,690.25,612454
2021-06-17 10:45:25,690.2,612494
2021-06-17 10:45:27,690.15,612560
2021-06-17 10:45:29,690.15,612572
2021-06-17 10:45:31,690.15,612616
2021-06-17 10:45:34,690.45,612761
2021-06-17 10:45:36,690.45,612761
2021-06-17 10:45:38,690.4,612790
2021-06-17 10:45:40,690.4,612790
2021-06-17 10:45:42,690.4,612843
2021-06-17 10:45:44,690.35,612879
2021-06-17 10:45:46,690.4,612925
2021-06-17 10:45:48,690.35,612932
2021-06-17 10:45:50,690.3,612945
2021-06-17 10:45:53,690.4,612976
2021-06-17 10:45:55,690.35,612992
2021-06-17 10:45:57,690.3,613021
2021-06-17 10:45:59,690.25,613031
2021-06-17 10:46:02,690.25,613094
2021-06-17 10:46:04,690.3,613238
2021-06-17 10:46:07,690.4,613251
2021-06-17 10:46:10,690.3,613279
2021-06-17 10:46:12,690.35,613284
2021-06-17 10:46:14,690.3,613308
2021-06-17 10:46:16,690.35,613320
2021-06-17 10:46:18,690.35,613326
2021-06-17 10:46:20,690.35,613336
2021-06-17 10:46:22,690.3,613385
2021-06-17 10:46:24,690.3,613428
2021-06-17 10:46:27,690.35,613449
2021-06-17 10:46:29,690.3,613455
2021-06-17 10:46:31,690.35,613479
2021-06-17 10:46:33,690.35,613506
2021-06-17 10:46:34,690.35,613506
2021-06-17 10:46:36,690.4,613514
2021-06-17 10:46:38,690.4,613516
2021-06-17 10:46:40,690.4,613537
2021-06-17 10:46:42,690.4,613600
2021-06-17 10:46:44,690.3,613643
2021-06-17 10:46:46,690.4,613668
2021-06-17 10:46:48,690.4,613868
2021-06-17 10:46:50,690.4,613873
2021-06-17 10:46:52,690.4,613913
2021-06-17 10:46:54,690.45,613929
2021-06-17 10:46:56,690.4,613937
2021-06-17 10:46:58,690.4,613940
2021-06-17 10:47:00,690.45,613995
2021-06-17 10:47:02,690.45,614051
2021-06-17 10:47:04,690.45,614226
2021-06-17 10:47:06,690.4,614233
2021-06-17 10:47:08,690.4,614268
2021-06-17 10:47:10,690.4,614279
2021-06-17 10:47:12,690.4,614290
2021-06-17 10:47:14,690.35,614336
2021-06-17 10:47:16,690.35,614365
2021-06-17 10:47:18,690.35,614374
2021-06-17 10:47:20,690.35,614380
2021-06-17 10:47:22,690.35,614385
2021-06-17 10:47:24,690.3,614428
2021-06-17 10:47:26,690.3,614428
2021-06-17 10:47:29,690.3,614476
2021-06-17 10:47:31,690.45,614668
2021-06-17 10:47:33,690.45,614771
2021-06-17 10:47:34,690.4,614805
2021-06-17 10:47:36,690.45,615051
2021-06-17 10:47:38,690.4,615111
2021-06-17 10:47:40,690.35,615291
2021-06-17 10:47:43,690.35,615350
2021-06-17 10:47:45,690.35,615426
2021-06-17 10:47:47,690.4,615438
2021-06-17 10:47:49,690.45,615595
2021-06-17 10:47:51,690.4,615877
2021-06-17 10:47:53,690.3,615901
2021-06-17 10:47:56,690.3,615957
2021-06-17 10:47:57,690.4,615963
2021-06-17 10:47:59,690.3,615990
2021-06-17 10:48:01,690.3,616016
2021-06-17 10:48:03,690.3,616211
2021-06-17 10:48:05,690.2,616321
2021-06-17 10:48:07,690.3,616374
2021-06-17 10:48:09,690.25,616392
2021-06-17 10:48:11,690.2,616408
2021-06-17 10:48:13,690.2,616444
2021-06-17 10:48:15,690.2,616445
2021-06-17 10:48:17,690.2,616465
2021-06-17 10:48:19,690.2,616465
2021-06-17 10:48:21,690.2,616474
2021-06-17 10:48:23,690.2,616557
2021-06-17 10:48:25,690.25,616569
2021-06-17 10:48:27,690.25,616586
2021-06-17 10:48:30,690.4,616632
2021-06-17 10:48:33,690.4,616743
2021-06-17 10:48:35,690.35,616788
2021-06-17 10:48:37,690.4,616895
2021-06-17 10:48:40,690.35,616976
2021-06-17 10:48:42,690.35,617125
2021-06-17 10:48:44,690.35,617185
2021-06-17 10:48:46,690.2,617268
2021-06-17 10:48:48,690.2,617268
2021-06-17 10:48:51,690.2,617284
2021-06-17 10:48:53,690.2,617284
2021-06-17 10:48:55,690.2,617346
2021-06-17 10:48:57,690.3,617356
2021-06-17 10:48:59,690.2,617371
2021-06-17 10:49:01,690.1,617438
2021-06-17 10:49:03,690.3,617640
2021-06-17 10:49:05,690.35,617791
2021-06-17 10:49:07,690.35,617791
2021-06-17 10:49:09,690.4,617829
2021-06-17 10:49:11,690.0,617904
2021-06-17 10:49:13,690.35,617925
2021-06-17 10:49:15,690.35,618035
2021-06-17 10:49:18,690.35,618035
2021-06-17 10:49:20,690.35,618064
2021-06-17 10:49:22,690.0,618113
2021-06-17 10:49:23,690.0,618260
2021-06-17 10:49:25,690.0,618288
2021-06-17 10:49:27,690.3,618659
2021-06-17 10:49:29,690.3,618689
2021-06-17 10:49:31,690.0,618936
2021-06-17 10:49:34,690.3,619058
2021-06-17 10:49:36,690.4,619124
2021-06-17 10:49:38,690.4,619138
2021-06-17 10:49:39,690.3,619195
2021-06-17 10:49:41,690.25,619198
2021-06-17 10:49:43,690.25,619293
2021-06-17 10:49:46,690.25,619455
2021-06-17 10:49:48,690.3,619480
2021-06-17 10:49:50,690.2,619554
2021-06-17 10:49:52,690.15,619558
2021-06-17 10:49:54,690.15,619572
2021-06-17 10:49:57,690.15,619574
2021-06-17 10:49:58,690.15,619577
2021-06-17 10:50:00,690.15,619585
2021-06-17 10:50:03,690.35,619737
2021-06-17 10:50:05,690.15,619774
2021-06-17 10:50:07,690.4,619825
2021-06-17 10:50:09,690.15,619892
2021-06-17 10:50:11,690.4,619905
2021-06-17 10:50:13,690.15,619969
2021-06-17 10:50:16,690.15,619972
2021-06-17 10:50:17,690.25,619989
2021-06-17 10:50:20,690.25,620001
2021-06-17 10:50:22,690.25,620056
2021-06-17 10:50:24,690.15,620095
2021-06-17 10:50:26,690.2,620361
2021-06-17 10:50:28,690.0,620825
2021-06-17 10:50:30,690.0,620878
2021-06-17 10:50:32,690.25,621075
2021-06-17 10:50:34,690.0,621270
2021-06-17 10:50:37,690.0,621308
2021-06-17 10:50:39,690.25,621351
2021-06-17 10:50:40,690.3,621391
2021-06-17 10:50:42,690.0,621489
2021-06-17 10:50:44,690.0,621529
2021-06-17 10:50:47,690.0,621571
2021-06-17 10:50:49,690.0,621579
2021-06-17 10:50:51,690.0,622598
2021-06-17 10:50:53,690.0,622604
2021-06-17 10:50:55,690.0,622858
2021-06-17 10:50:57,690.0,622860
2021-06-17 10:50:59,690.0,622911
2021-06-17 10:51:01,690.3,622912
2021-06-17 10:51:03,690.0,623110
2021-06-17 10:51:05,690.3,623165
2021-06-17 10:51:07,690.0,623246
2021-06-17 10:51:09,690.0,623366
2021-06-17 10:51:11,690.0,623572
2021-06-17 10:51:14,690.25,623601
2021-06-17 10:51:16,690.25,623653
2021-06-17 10:51:18,690.0,623658
2021-06-17 10:51:20,690.0,623769
2021-06-17 10:51:22,690.0,623825
2021-06-17 10:51:24,690.0,623885
2021-06-17 10:51:26,690.35,623976
2021-06-17 10:51:28,690.4,624022
2021-06-17 10:51:30,690.4,624027
2021-06-17 10:51:32,690.4,624139
2021-06-17 10:51:34,690.25,624167
2021-06-17 10:51:36,690.25,624195
2021-06-17 10:51:38,690.35,624215
2021-06-17 10:51:41,690.25,624221
2021-06-17 10:51:43,690.25,624765
2021-06-17 10:51:45,690.25,624790
2021-06-17 10:51:48,690.25,624881
2021-06-17 10:51:50,690.25,624881
2021-06-17 10:51:52,690.4,624901
2021-06-17 10:51:55,690.4,624901
2021-06-17 10:51:57,690.4,624911
2021-06-17 10:51:59,690.4,624926
2021-06-17 10:52:01,690.4,624951
2021-06-17 10:52:03,690.15,625202
2021-06-17 10:52:05,690.15,625222
2021-06-17 10:52:07,690.1,625272
2021-06-17 10:52:09,690.1,625288
2021-06-17 10:52:11,690.1,625298
2021-06-17 10:52:13,690.1,625301
2021-06-17 10:52:15,690.1,625350
2021-06-17 10:52:17,690.4,625361
2021-06-17 10:52:19,690.45,625389
2021-06-17 10:52:21,690.15,625390
2021-06-17 10:52:23,690.15,625479
2021-06-17 10:52:25,690.15,625479
2021-06-17 10:52:27,690.15,625497
2021-06-17 10:52:29,690.15,625497
2021-06-17 10:52:30,690.15,625500
2021-06-17 10:52:33,690.5,625609
2021-06-17 10:52:35,690.5,625676
2021-06-17 10:52:39,690.15,625696
2021-06-17 10:52:41,690.15,625703
2021-06-17 10:52:43,690.15,625898
2021-06-17 10:52:45,690.15,625898
2021-06-17 10:52:48,690.1,625937
2021-06-17 10:52:49,690.1,625937
2021-06-17 10:52:51,690.15,625945
2021-06-17 10:52:54,690.15,625945
2021-06-17 10:52:56,690.45,625951
2021-06-17 10:52:58,690.45,625951
2021-06-17 10:53:00,690.2,625957
2021-06-17 10:53:02,690.2,626008
2021-06-17 10:53:04,690.25,626069
2021-06-17 10:53:06,690.25,626094
2021-06-17 10:53:08,690.25,626107
2021-06-17 10:53:10,690.25,626120
2021-06-17 10:53:12,690.25,626128
2021-06-17 10:53:14,690.25,626144
2021-06-17 10:53:16,690.2,626147
2021-06-17 10:53:19,690.2,626152
2021-06-17 10:53:21,690.2,626159
2021-06-17 10:53:23,690.35,626211
2021-06-17 10:53:25,690.0,627411
2021-06-17 10:53:27,690.05,627448
2021-06-17 10:53:29,690.0,627688
2021-06-17 10:53:31,690.45,627930
2021-06-17 10:53:33,690.5,628116
2021-06-17 10:53:35,690.55,628122
2021-06-17 10:53:37,690.65,628322
2021-06-17 10:53:39,690.65,628322
2021-06-17 10:53:40,690.5,628364
2021-06-17 10:53:42,690.5,628411
2021-06-17 10:53:44,690.65,628513
2021-06-17 10:53:46,690.7,628586
2021-06-17 10:53:48,690.75,628697
2021-06-17 10:53:51,690.75,628697
2021-06-17 10:53:53,690.65,628724
2021-06-17 10:53:55,690.65,628729
2021-06-17 10:53:57,690.5,628735
2021-06-17 10:53:59,690.65,628797
2021-06-17 10:54:01,690.65,628797
2021-06-17 10:54:03,690.5,629044
2021-06-17 10:54:05,690.5,629044
2021-06-17 10:54:07,690.5,629093
2021-06-17 10:54:09,690.55,629095
2021-06-17 10:54:11,690.5,629107
2021-06-17 10:54:14,690.5,629158
2021-06-17 10:54:16,690.5,629161
2021-06-17 10:54:17,690.5,629171
2021-06-17 10:54:19,690.5,629498
2021-06-17 10:54:21,690.5,629733
2021-06-17 10:54:23,690.5,629805
2021-06-17 10:54:26,690.6,629946
2021-06-17 10:54:29,690.35,630060
2021-06-17 10:54:31,690.35,630060
2021-06-17 10:54:33,690.5,630178
2021-06-17 10:54:35,690.4,630185
2021-06-17 10:54:36,690.4,630207
2021-06-17 10:54:38,690.6,630212
2021-06-17 10:54:41,690.4,630216
2021-06-17 10:54:43,690.4,630297
2021-06-17 10:54:45,690.4,630343
2021-06-17 10:54:46,690.2,630354
2021-06-17 10:54:49,690.65,630417
2021-06-17 10:54:52,690.65,630417
2021-06-17 10:54:54,690.65,630430
2021-06-17 10:54:57,690.65,630494
2021-06-17 10:54:59,690.35,630500
2021-06-17 10:55:02,690.35,630560
2021-06-17 10:55:04,690.25,630702
2021-06-17 10:55:06,690.25,630702
2021-06-17 10:55:08,690.2,630730
2021-06-17 10:55:10,690.25,630735
2021-06-17 10:55:12,690.25,630741
2021-06-17 10:55:15,690.25,630772
2021-06-17 10:55:16,690.3,630783
2021-06-17 10:55:18,690.25,630887
2021-06-17 10:55:20,690.2,630889
2021-06-17 10:55:23,690.15,631050
2021-06-17 10:55:25,690.2,631371
2021-06-17 10:55:27,690.2,631371
2021-06-17 10:55:29,690.5,631440
2021-06-17 10:55:31,690.5,631446
2021-06-17 10:55:33,690.55,631565
2021-06-17 10:55:35,690.55,631573
2021-06-17 10:55:37,690.25,631597
2021-06-17 10:55:39,690.9,634020
2021-06-17 10:55:41,690.65,634353
2021-06-17 10:55:43,690.25,634650
2021-06-17 10:55:45,690.2,634887
2021-06-17 10:55:47,690.25,634962
2021-06-17 10:55:49,690.2,635000
2021-06-17 10:55:51,690.3,635033
2021-06-17 10:55:53,690.3,635033
2021-06-17 10:55:55,690.2,635042
2021-06-17 10:55:56,690.2,635042
2021-06-17 10:55:58,690.2,635044
2021-06-17 10:56:00,690.3,635049
2021-06-17 10:56:02,690.3,635353
2021-06-17 10:56:05,690.2,635390
2021-06-17 10:56:07,690.3,635452
2021-06-17 10:56:09,690.3,635499
2021-06-17 10:56:11,690.2,635511
2021-06-17 10:56:13,690.2,635523
2021-06-17 10:56:15,690.2,635524
2021-06-17 10:56:17,690.35,635526
2021-06-17 10:56:19,690.4,635547
2021-06-17 10:56:21,690.15,636115
2021-06-17 10:56:23,690.15,636165
2021-06-17 10:56:25,690.6,637014
2021-06-17 10:56:27,690.6,637014
2021-06-17 10:56:29,690.15,637184
2021-06-17 10:56:31,690.15,637184
2021-06-17 10:56:33,690.5,637374
2021-06-17 10:56:35,690.5,637374
2021-06-17 10:56:37,690.35,637412
2021-06-17 10:56:38,690.5,637419
2021-06-17 10:56:40,690.5,637433
2021-06-17 10:56:42,690.5,637480
2021-06-17 10:56:42,690.5,637480
2021-06-17 10:56:44,690.55,637536
2021-06-17 10:56:45,690.55,637536
2021-06-17 10:56:46,690.7,637642
2021-06-17 10:56:47,690.55,637662
2021-06-17 10:56:48,690.8,637911
2021-06-17 10:56:49,690.8,637911
2021-06-17 10:56:50,690.8,637911
2021-06-17 10:56:51,690.55,637966
2021-06-17 10:56:52,690.55,637966
2021-06-17 10:56:53,690.55,637973
2021-06-17 10:56:54,690.55,637973
2021-06-17 10:56:54,690.55,637984
2021-06-17 10:56:56,690.65,638145
2021-06-17 10:56:56,690.55,638146
2021-06-17 10:56:58,690.55,638148
2021-06-17 10:56:58,690.55,638148
2021-06-17 10:57:00,690.55,638279
2021-06-17 10:57:00,690.55,638279
2021-06-17 10:57:01,690.4,638336
2021-06-17 10:57:03,690.55,638454
2021-06-17 10:57:04,690.45,638549
2021-06-17 10:57:05,690.35,638560
2021-06-17 10:57:05,690.35,638560
2021-06-17 10:57:06,690.35,638569
2021-06-17 10:57:07,690.05,638687
2021-06-17 10:57:08,690.1,638689
2021-06-17 10:57:10,690.2,638731
2021-06-17 10:57:10,690.2,638731
2021-06-17 10:57:12,690.1,638754
2021-06-17 10:57:13,690.45,638779
2021-06-17 10:57:14,690.0,639302
2021-06-17 10:57:14,690.0,639302
2021-06-17 10:57:15,690.0,639302
2021-06-17 10:57:16,690.4,639341
2021-06-17 10:57:17,690.25,639436
2021-06-17 10:57:18,690.25,639436
2021-06-17 10:57:20,690.4,639462
2021-06-17 10:57:21,690.4,639567
2021-06-17 10:57:21,690.0,640339
2021-06-17 10:57:22,690.15,640340
2021-06-17 10:57:24,690.0,640382
2021-06-17 10:57:24,690.0,640403
2021-06-17 10:57:25,690.15,640560
2021-06-17 10:57:27,690.15,640609
2021-06-17 10:57:27,690.15,640621
2021-06-17 10:57:29,690.0,640649
2021-06-17 10:57:29,690.0,640649
2021-06-17 10:57:30,690.0,640658
2021-06-17 10:57:31,690.0,640843
2021-06-17 10:57:32,690.05,640854
2021-06-17 10:57:33,690.15,640904
2021-06-17 10:57:34,690.15,640904
2021-06-17 10:57:35,690.4,641000
2021-06-17 10:57:36,690.3,642068
2021-06-17 10:57:37,690.3,642069
2021-06-17 10:57:39,690.0,642088
2021-06-17 10:57:40,690.35,642307
2021-06-17 10:57:41,690.15,642479
2021-06-17 10:57:42,690.15,642479
2021-06-17 10:57:43,690.15,642515
2021-06-17 10:57:44,690.15,642515
2021-06-17 10:57:45,690.4,642833
2021-06-17 10:57:46,690.4,642833
2021-06-17 10:57:47,690.4,642833
2021-06-17 10:57:48,690.4,642833
2021-06-17 10:57:49,690.4,642870
2021-06-17 10:57:50,690.4,642870
2021-06-17 10:57:51,690.4,642897
2021-06-17 10:57:52,690.45,642927
2021-06-17 10:57:53,690.45,642927
2021-06-17 10:57:55,690.45,642932
2021-06-17 10:57:56,690.4,642953
2021-06-17 10:57:57,690.4,643063
2021-06-17 10:57:58,690.4,643063
2021-06-17 10:57:58,690.4,643063
2021-06-17 10:57:59,690.4,643063
2021-06-17 10:58:00,690.45,643125
2021-06-17 10:58:01,690.5,643152
2021-06-17 10:58:02,690.5,643303
2021-06-17 10:58:03,690.45,643599
2021-06-17 10:58:04,690.5,643660
2021-06-17 10:58:05,690.6,643742
2021-06-17 10:58:06,690.5,643747
2021-06-17 10:58:07,690.5,643778
2021-06-17 10:58:08,690.5,643778
2021-06-17 10:58:09,690.5,643997
2021-06-17 10:58:10,690.55,644047
2021-06-17 10:58:11,690.55,644047
2021-06-17 10:58:13,690.55,644047
2021-06-17 10:58:14,690.55,644047
2021-06-17 10:58:15,690.55,644057
2021-06-17 10:58:16,690.65,644064
2021-06-17 10:58:17,690.8,644198
2021-06-17 10:58:18,690.8,644198
2021-06-17 10:58:19,690.8,644204
2021-06-17 10:58:20,690.65,644687
2021-06-17 10:58:21,690.65,644687
2021-06-17 10:58:22,690.65,644734
2021-06-17 10:58:23,690.65,644776
2021-06-17 10:58:24,690.6,644830
2021-06-17 10:58:25,690.55,644833
2021-06-17 10:58:26,690.6,644853
2021-06-17 10:58:27,690.55,644893
2021-06-17 10:58:28,690.7,644964
2021-06-17 10:58:29,690.7,644964
2021-06-17 10:58:30,690.7,644964
2021-06-17 10:58:31,690.55,644987
2021-06-17 10:58:31,690.55,644987
2021-06-17 10:58:32,690.75,645091
2021-06-17 10:58:34,690.75,645091
2021-06-17 10:58:35,690.75,645091
2021-06-17 10:58:36,690.4,645299
2021-06-17 10:58:37,690.4,645299
2021-06-17 10:58:38,690.55,645324
2021-06-17 10:58:39,690.4,645351
2021-06-17 10:58:40,690.4,645511
2021-06-17 10:58:41,690.45,645547
2021-06-17 10:58:42,690.45,645617
2021-06-17 10:58:43,690.45,645617
2021-06-17 10:58:44,690.45,645656
2021-06-17 10:58:44,690.45,645660
2021-06-17 10:58:46,690.55,645723
2021-06-17 10:58:46,690.55,645783
2021-06-17 10:58:47,690.55,645783
2021-06-17 10:58:48,690.6,645847
2021-06-17 10:58:50,690.55,645872
2021-06-17 10:58:51,690.6,645938
2021-06-17 10:58:52,690.55,645946
2021-06-17 10:58:53,690.55,645946
2021-06-17 10:58:54,690.55,645949
2021-06-17 10:58:55,690.55,645963
2021-06-17 10:58:56,690.6,645968
2021-06-17 10:58:57,690.6,645968
2021-06-17 10:58:58,690.6,645968
2021-06-17 10:58:59,690.65,646011
2021-06-17 10:59:00,690.65,646021
2021-06-17 10:59:01,690.65,646021
2021-06-17 10:59:02,690.6,646074
2021-06-17 10:59:03,690.6,646239
2021-06-17 10:59:04,690.6,646239
2021-06-17 10:59:05,690.65,646317
2021-06-17 10:59:06,690.7,646349
2021-06-17 10:59:07,690.7,646349
2021-06-17 10:59:08,690.65,646380
2021-06-17 10:59:10,690.75,646479
2021-06-17 10:59:10,690.75,646479
2021-06-17 10:59:13,690.65,646486
2021-06-17 10:59:14,690.65,646505
2021-06-17 10:59:15,690.65,646506
2021-06-17 10:59:16,690.65,646506
2021-06-17 10:59:17,690.65,646510
2021-06-17 10:59:17,690.65,646510
2021-06-17 10:59:19,690.65,646510
2021-06-17 10:59:20,690.7,646517
2021-06-17 10:59:21,690.7,646518
2021-06-17 10:59:21,690.7,646518
2021-06-17 10:59:22,690.75,646590
2021-06-17 10:59:24,690.7,646638
2021-06-17 10:59:25,690.7,646649
2021-06-17 10:59:27,690.7,646950
2021-06-17 10:59:28,690.7,646960
2021-06-17 10:59:29,690.7,647026
2021-06-17 10:59:30,690.7,647042
2021-06-17 10:59:31,690.7,647044
2021-06-17 10:59:32,690.7,647062
2021-06-17 10:59:33,690.7,647168
2021-06-17 10:59:34,690.9,647737
2021-06-17 10:59:35,690.9,647737
2021-06-17 10:59:35,690.7,647811
2021-06-17 10:59:36,690.7,647816
2021-06-17 10:59:37,690.7,647851
2021-06-17 10:59:38,690.7,647858
2021-06-17 10:59:39,690.7,647871
2021-06-17 10:59:41,690.8,647882
2021-06-17 10:59:42,690.7,647929
2021-06-17 10:59:44,690.7,647990
2021-06-17 10:59:45,690.8,648203
2021-06-17 10:59:46,690.8,648203
2021-06-17 10:59:47,690.7,648208
2021-06-17 10:59:48,690.65,649369
2021-06-17 10:59:49,690.7,649417
2021-06-17 10:59:50,690.7,649417
2021-06-17 10:59:51,690.4,649438
2021-06-17 10:59:52,690.35,649670
2021-06-17 10:59:53,690.4,649680
2021-06-17 10:59:54,690.4,649681
2021-06-17 10:59:55,690.4,649685
2021-06-17 10:59:56,690.4,649731
2021-06-17 10:59:57,690.4,649733
2021-06-17 10:59:58,690.4,649733
2021-06-17 10:59:59,690.5,649738
2021-06-17 11:00:01,690.65,649750
2021-06-17 11:00:02,690.6,649798
2021-06-17 11:00:02,690.6,649803
2021-06-17 11:00:03,690.6,649947
2021-06-17 11:00:04,690.6,650052
2021-06-17 11:00:05,690.75,652384
2021-06-17 11:00:07,690.75,652384
2021-06-17 11:00:07,690.75,652384
2021-06-17 11:00:08,690.75,652384
2021-06-17 11:00:10,690.85,652855
2021-06-17 11:00:11,690.9,653031
2021-06-17 11:00:12,690.95,653179
2021-06-17 11:00:13,690.95,653215
2021-06-17 11:00:14,690.95,653215
2021-06-17 11:00:15,690.65,653366
2021-06-17 11:00:16,690.7,653375
2021-06-17 11:00:17,690.95,653376
2021-06-17 11:00:18,690.95,653376
2021-06-17 11:00:19,690.95,653510
2021-06-17 11:00:20,690.95,653513
2021-06-17 11:00:21,690.95,653571
2021-06-17 11:00:22,690.85,653645
2021-06-17 11:00:23,690.85,653717
2021-06-17 11:00:24,690.85,653717
2021-06-17 11:00:25,690.95,653829
2021-06-17 11:00:26,691.0,654020
2021-06-17 11:00:27,691.0,654020
2021-06-17 11:00:28,691.0,654021
2021-06-17 11:00:29,691.0,654021
2021-06-17 11:00:30,690.85,654041
2021-06-17 11:00:31,691.0,654081
2021-06-17 11:00:32,690.75,654136
2021-06-17 11:00:33,691.0,654244
2021-06-17 11:00:34,690.75,654251
2021-06-17 11:00:35,690.75,654264
2021-06-17 11:00:36,690.8,654275
2021-06-17 11:00:37,690.8,654298
2021-06-17 11:00:38,690.8,654336
2021-06-17 11:00:39,690.95,654361
2021-06-17 11:00:40,690.95,654380
2021-06-17 11:00:41,690.95,654380
2021-06-17 11:00:42,690.95,654435
2021-06-17 11:00:43,691.0,654445
2021-06-17 11:00:44,690.95,654501
2021-06-17 11:00:45,690.95,654512
2021-06-17 11:00:46,690.95,654808
2021-06-17 11:00:47,690.95,654808
2021-06-17 11:00:48,690.95,654820
2021-06-17 11:00:49,691.0,654827
2021-06-17 11:00:50,690.95,654886
2021-06-17 11:00:51,690.95,654888
2021-06-17 11:00:52,690.95,654889
2021-06-17 11:00:53,690.95,654908
2021-06-17 11:00:54,691.0,654913
2021-06-17 11:00:55,691.0,654918
2021-06-17 11:00:56,691.0,654956
2021-06-17 11:00:57,690.95,654960
2021-06-17 11:00:58,690.95,654961
2021-06-17 11:00:59,690.95,654962
2021-06-17 11:01:00,691.0,655278
2021-06-17 11:01:01,690.95,655283
2021-06-17 11:01:02,691.1,658385
2021-06-17 11:01:04,691.5,658625
2021-06-17 11:01:05,691.5,658642
2021-06-17 11:01:06,691.1,659065
2021-06-17 11:01:07,691.1,659295
2021-06-17 11:01:08,690.95,659437
2021-06-17 11:01:10,690.9,659648
2021-06-17 11:01:11,690.9,659648
2021-06-17 11:01:12,691.0,659676
2021-06-17 11:01:13,691.0,659676
2021-06-17 11:01:14,691.0,659694
2021-06-17 11:01:15,691.0,659740
2021-06-17 11:01:16,691.0,659740
2021-06-17 11:01:17,691.0,659740
2021-06-17 11:01:18,691.0,659755
2021-06-17 11:01:19,691.0,659755
2021-06-17 11:01:20,691.15,659763
2021-06-17 11:01:21,691.1,659838
2021-06-17 11:01:22,691.1,659895
2021-06-17 11:01:23,691.1,659895
2021-06-17 11:01:24,691.15,659934
2021-06-17 11:01:25,691.15,659949
2021-06-17 11:01:26,691.35,660094
2021-06-17 11:01:27,691.5,660097
2021-06-17 11:01:29,691.4,660135
2021-06-17 11:01:30,691.5,660197
2021-06-17 11:01:31,691.55,660213
2021-06-17 11:01:32,691.5,660226
2021-06-17 11:01:34,691.55,660352
2021-06-17 11:01:33,691.55,660352
2021-06-17 11:01:35,691.4,660422
2021-06-17 11:01:36,691.4,660422
2021-06-17 11:01:37,691.25,660448
