timestamp,ltp,volume
2021-06-17 09:20:36,1480.85,421638
2021-06-17 09:20:36,1480.85,421638
2021-06-17 09:20:37,1480.95,421694
2021-06-17 09:20:39,1480.85,424037
2021-06-17 09:20:40,1480.8,425525
2021-06-17 09:20:42,1480.0,428626
2021-06-17 09:20:44,1480.0,431082
2021-06-17 09:20:45,1480.55,431802
2021-06-17 09:20:46,1480.5,432046
2021-06-17 09:20:47,1480.0,432324
2021-06-17 09:20:48,1480.0,432698
2021-06-17 09:20:48,1480.55,434698
2021-06-17 09:20:49,1480.55,434734
2021-06-17 09:20:51,1480.45,437410
2021-06-17 09:20:52,1480.4,437603
2021-06-17 09:20:52,1480.75,441520
2021-06-17 09:20:54,1480.75,441897
2021-06-17 09:20:55,1480.6,442327
2021-06-17 09:20:56,1480.9,444427
2021-06-17 09:20:57,1480.85,444679
2021-06-17 09:20:58,1481.0,445428
2021-06-17 09:20:59,1481.1,445653
2021-06-17 09:20:59,1481.1,445653
2021-06-17 09:21:00,1481.0,445839
2021-06-17 09:21:01,1481.1,446064
2021-06-17 09:21:02,1481.0,446442
2021-06-17 09:21:03,1481.1,446655
2021-06-17 09:21:04,1481.5,447078
2021-06-17 09:21:06,1481.55,447974
2021-06-17 09:21:08,1481.45,448138
2021-06-17 09:21:10,1481.1,449029
2021-06-17 09:21:12,1481.65,451272
2021-06-17 09:21:13,1481.65,451434
2021-06-17 09:21:14,1481.65,451499
2021-06-17 09:21:14,1482.15,454732
2021-06-17 09:21:15,1481.55,456041
2021-06-17 09:21:16,1482.05,456638
2021-06-17 09:21:17,1482.05,457064
2021-06-17 09:21:20,1481.55,460618
2021-06-17 09:21:21,1481.55,462364
2021-06-17 09:21:22,1481.65,463293
2021-06-17 09:21:23,1481.75,463529
2021-06-17 09:21:24,1481.65,464130
2021-06-17 09:21:25,1481.95,464353
2021-06-17 09:21:26,1481.6,464390
2021-06-17 09:21:27,1481.5,465011
2021-06-17 09:21:28,1481.5,466088
2021-06-17 09:21:28,1481.5,466123
2021-06-17 09:21:30,1481.5,466767
2021-06-17 09:21:31,1481.5,467847
2021-06-17 09:21:32,1481.5,469227
2021-06-17 09:21:33,1481.45,469330
2021-06-17 09:21:34,1481.45,469763
2021-06-17 09:21:35,1481.5,470169
2021-06-17 09:21:36,1481.45,470230
2021-06-17 09:21:37,1480.85,472802
2021-06-17 09:21:38,1481.0,473226
2021-06-17 09:21:39,1480.95,473724
2021-06-17 09:21:40,1481.0,474089
2021-06-17 09:21:43,1481.0,477600
2021-06-17 09:21:46,1480.8,478689
2021-06-17 09:21:47,1481.0,479986
2021-06-17 09:21:49,1481.05,482903
2021-06-17 09:21:50,1480.4,483631
2021-06-17 09:21:51,1481.0,484489
2021-06-17 09:21:52,1480.75,484687
2021-06-17 09:21:53,1480.6,485960
2021-06-17 09:21:54,1480.75,486192
2021-06-17 09:21:55,1480.0,487645
2021-06-17 09:21:56,1480.75,488016
2021-06-17 09:21:57,1480.1,488948
2021-06-17 09:21:58,1480.5,489363
2021-06-17 09:21:59,1480.75,489455
2021-06-17 09:22:00,1480.1,489866
2021-06-17 09:22:01,1480.75,490186
2021-06-17 09:22:02,1480.2,490936
2021-06-17 09:22:03,1480.6,491591
2021-06-17 09:22:04,1480.2,491632
2021-06-17 09:22:05,1480.5,491861
2021-06-17 09:22:06,1480.55,492138
2021-06-17 09:22:07,1480.55,495545
2021-06-17 09:22:08,1480.3,495763
2021-06-17 09:22:09,1480.4,495935
2021-06-17 09:22:10,1480.0,498072
2021-06-17 09:22:11,1480.3,499953
2021-06-17 09:22:12,1480.2,500489
2021-06-17 09:22:13,1480.0,501898
2021-06-17 09:22:14,1480.55,502191
2021-06-17 09:22:16,1480.0,502641
2021-06-17 09:22:18,1480.55,505127
2021-06-17 09:22:19,1480.5,506136
2021-06-17 09:22:20,1480.5,506866
2021-06-17 09:22:21,1480.45,507577
2021-06-17 09:22:22,1480.45,507909
2021-06-17 09:22:23,1480.05,508324
2021-06-17 09:22:24,1480.45,508487
2021-06-17 09:22:25,1480.35,508523
2021-06-17 09:22:26,1479.7,509248
2021-06-17 09:22:27,1480.05,510456
2021-06-17 09:22:28,1480.5,511582
2021-06-17 09:22:29,1480.45,511994
2021-06-17 09:22:30,1480.45,512549
2021-06-17 09:22:31,1480.5,512896
2021-06-17 09:22:32,1480.5,513079
2021-06-17 09:22:33,1480.45,514196
2021-06-17 09:22:34,1480.4,514531
2021-06-17 09:22:35,1480.35,514887
2021-06-17 09:22:36,1480.4,515218
2021-06-17 09:22:37,1480.75,515429
2021-06-17 09:22:38,1480.4,515913
2021-06-17 09:22:39,1480.7,516538
2021-06-17 09:22:40,1480.5,516719
2021-06-17 09:22:41,1480.4,516780
2021-06-17 09:22:42,1480.0,517515
2021-06-17 09:22:44,1480.0,517746
2021-06-17 09:22:45,1480.0,517771
2021-06-17 09:22:46,1479.95,518086
2021-06-17 09:22:47,1479.7,518647
2021-06-17 09:22:48,1479.95,519170
2021-06-17 09:22:49,1479.95,519414
2021-06-17 09:22:50,1480.35,520290
2021-06-17 09:22:51,1480.4,520613
2021-06-17 09:22:52,1480.4,520613
2021-06-17 09:22:53,1480.0,520643
2021-06-17 09:22:54,1480.5,521044
2021-06-17 09:22:55,1480.85,521316
2021-06-17 09:22:56,1480.6,521404
2021-06-17 09:22:57,1480.8,521542
2021-06-17 09:22:58,1480.6,521723
2021-06-17 09:22:59,1480.8,521852
2021-06-17 09:23:00,1480.85,522101
2021-06-17 09:23:01,1480.6,522123
2021-06-17 09:23:02,1480.0,522957
2021-06-17 09:23:03,1480.65,523123
2021-06-17 09:23:04,1480.65,523991
2021-06-17 09:23:05,1480.65,524682
2021-06-17 09:23:06,1480.5,524732
2021-06-17 09:23:07,1480.4,524865
2021-06-17 09:23:08,1480.65,524982
2021-06-17 09:23:09,1480.4,525133
2021-06-17 09:23:10,1480.6,526285
2021-06-17 09:23:11,1480.4,526318
2021-06-17 09:23:12,1480.0,526763
2021-06-17 09:23:13,1480.5,527036
2021-06-17 09:23:14,1480.65,527763
2021-06-17 09:23:15,1480.65,528092
2021-06-17 09:23:16,1480.6,528137
2021-06-17 09:23:17,1480.6,528195
2021-06-17 09:23:18,1480.5,528732
2021-06-17 09:23:19,1480.6,529640
2021-06-17 09:23:20,1480.6,530155
2021-06-17 09:23:21,1480.0,530224
2021-06-17 09:23:22,1480.65,531434
2021-06-17 09:23:23,1480.05,531468
2021-06-17 09:23:23,1480.2,531443
2021-06-17 09:23:24,1480.15,531590
2021-06-17 09:23:25,1480.05,531858
2021-06-17 09:23:27,1480.65,532055
2021-06-17 09:23:28,1480.5,532216
2021-06-17 09:23:29,1480.65,532545
2021-06-17 09:23:30,1480.65,532561
2021-06-17 09:23:31,1480.65,532752
2021-06-17 09:23:32,1480.65,532775
2021-06-17 09:23:33,1480.65,533128
2021-06-17 09:23:34,1480.5,534316
2021-06-17 09:23:35,1480.55,534592
2021-06-17 09:23:36,1480.5,534645
2021-06-17 09:23:37,1480.5,536326
2021-06-17 09:23:38,1480.55,536663
2021-06-17 09:23:39,1480.5,540441
2021-06-17 09:23:40,1480.75,540918
2021-06-17 09:23:41,1480.4,540958
2021-06-17 09:23:42,1480.5,541478
2021-06-17 09:23:43,1480.75,541738
2021-06-17 09:23:44,1480.55,541934
2021-06-17 09:23:45,1480.8,542200
2021-06-17 09:23:46,1480.5,542301
2021-06-17 09:23:47,1480.25,543249
2021-06-17 09:23:48,1480.6,543682
2021-06-17 09:23:49,1480.65,544408
2021-06-17 09:23:50,1481.0,544997
2021-06-17 09:23:51,1481.0,545019
2021-06-17 09:23:52,1481.0,545206
2021-06-17 09:23:53,1480.8,545220
2021-06-17 09:23:54,1480.8,545264
2021-06-17 09:23:55,1480.9,545677
2021-06-17 09:23:56,1481.0,545857
2021-06-17 09:23:57,1480.8,545885
2021-06-17 09:23:58,1481.0,546023
2021-06-17 09:23:59,1480.8,546313
2021-06-17 09:24:00,1481.1,546655
2021-06-17 09:24:01,1481.0,546732
2021-06-17 09:24:02,1480.85,547507
2021-06-17 09:24:03,1481.3,547587
2021-06-17 09:24:04,1481.3,547920
2021-06-17 09:24:05,1481.0,549970
2021-06-17 09:24:06,1481.0,550189
2021-06-17 09:24:07,1481.0,550211
2021-06-17 09:24:08,1481.0,550364
2021-06-17 09:24:09,1481.3,550441
2021-06-17 09:24:10,1481.3,550606
2021-06-17 09:24:11,1481.0,550793
2021-06-17 09:24:12,1480.6,551570
2021-06-17 09:24:13,1481.15,553424
2021-06-17 09:24:14,1481.15,553758
2021-06-17 09:24:15,1481.0,553866
2021-06-17 09:24:16,1481.15,554079
2021-06-17 09:24:17,1481.2,554151
2021-06-17 09:24:18,1481.2,554352
2021-06-17 09:24:19,1481.2,554999
2021-06-17 09:24:20,1481.2,554999
2021-06-17 09:24:21,1480.6,555956
2021-06-17 09:24:22,1481.2,556156
2021-06-17 09:24:23,1481.0,556248
2021-06-17 09:24:24,1481.2,556364
2021-06-17 09:24:25,1480.65,556832
2021-06-17 09:24:26,1480.6,557424
2021-06-17 09:24:27,1481.15,557659
2021-06-17 09:24:28,1480.65,557817
2021-06-17 09:24:29,1480.65,557949
2021-06-17 09:24:30,1480.65,557962
2021-06-17 09:24:31,1481.1,558306
2021-06-17 09:24:32,1481.1,558980
2021-06-17 09:24:33,1481.1,559127
2021-06-17 09:24:34,1481.0,559188
2021-06-17 09:24:35,1481.1,560603
2021-06-17 09:24:36,1480.95,561377
2021-06-17 09:24:37,1480.6,561675
2021-06-17 09:24:38,1480.65,561867
2021-06-17 09:24:39,1480.6,563560
2021-06-17 09:24:40,1480.65,563757
2021-06-17 09:24:41,1480.6,564662
2021-06-17 09:24:43,1480.35,566068
2021-06-17 09:24:44,1480.9,566449
2021-06-17 09:24:45,1480.65,566779
2021-06-17 09:24:46,1480.6,566924
2021-06-17 09:24:47,1480.85,570396
2021-06-17 09:24:48,1481.0,571890
2021-06-17 09:24:49,1480.85,571910
2021-06-17 09:24:50,1480.9,572923
2021-06-17 09:24:51,1480.9,573661
2021-06-17 09:24:52,1480.9,573825
2021-06-17 09:24:53,1480.85,574952
2021-06-17 09:24:55,1481.0,575767
2021-06-17 09:24:56,1481.15,578256
2021-06-17 09:24:57,1481.15,578627
2021-06-17 09:24:58,1481.15,578788
2021-06-17 09:24:59,1480.9,578844
2021-06-17 09:25:00,1480.9,579252
2021-06-17 09:25:01,1481.15,579307
2021-06-17 09:25:02,1480.9,580226
2021-06-17 09:25:03,1480.85,581655
2021-06-17 09:25:04,1480.85,582187
2021-06-17 09:25:05,1480.85,583096
2021-06-17 09:25:06,1480.85,583116
2021-06-17 09:25:07,1480.35,583392
2021-06-17 09:25:08,1480.95,583589
2021-06-17 09:25:09,1480.95,583888
2021-06-17 09:25:10,1480.95,584123
2021-06-17 09:25:11,1480.95,584140
2021-06-17 09:25:12,1480.9,584213
2021-06-17 09:25:13,1480.95,584247
2021-06-17 09:25:14,1480.9,584632
2021-06-17 09:25:15,1481.0,585050
2021-06-17 09:25:16,1480.5,585200
2021-06-17 09:25:17,1480.85,585339
2021-06-17 09:25:18,1480.85,585476
2021-06-17 09:25:19,1481.0,585534
2021-06-17 09:25:20,1481.0,586213
2021-06-17 09:25:21,1480.95,586403
2021-06-17 09:25:22,1480.95,586601
2021-06-17 09:25:23,1480.95,586719
2021-06-17 09:25:24,1481.0,586838
2021-06-17 09:25:25,1481.0,587060
2021-06-17 09:25:26,1480.95,587127
2021-06-17 09:25:27,1480.95,588201
2021-06-17 09:25:28,1480.95,589742
2021-06-17 09:25:29,1480.95,590294
2021-06-17 09:25:30,1480.85,590645
2021-06-17 09:25:31,1480.85,590731
2021-06-17 09:25:32,1480.85,591292
2021-06-17 09:25:33,1480.55,591398
2021-06-17 09:25:34,1480.85,591428
2021-06-17 09:25:35,1480.9,592622
2021-06-17 09:25:36,1480.9,592851
2021-06-17 09:25:37,1480.75,593784
2021-06-17 09:25:38,1480.75,593921
2021-06-17 09:25:39,1480.8,594226
2021-06-17 09:25:40,1480.75,594529
2021-06-17 09:25:41,1480.4,594786
2021-06-17 09:25:42,1480.95,595122
2021-06-17 09:25:43,1480.95,595294
2021-06-17 09:25:44,1480.85,595414
2021-06-17 09:25:45,1480.95,595987
2021-06-17 09:25:46,1480.35,596132
2021-06-17 09:25:47,1480.4,596338
2021-06-17 09:25:48,1480.7,596668
2021-06-17 09:25:49,1480.7,596904
2021-06-17 09:25:50,1480.7,597121
2021-06-17 09:25:51,1480.6,597518
2021-06-17 09:25:52,1480.65,597680
2021-06-17 09:25:53,1480.5,597815
2021-06-17 09:25:54,1480.65,598060
2021-06-17 09:25:55,1480.65,598513
2021-06-17 09:25:56,1480.5,599154
2021-06-17 09:25:57,1481.0,599423
2021-06-17 09:25:58,1481.0,599597
2021-06-17 09:25:59,1481.15,599720
2021-06-17 09:26:00,1481.25,599960
2021-06-17 09:26:01,1480.95,600082
2021-06-17 09:26:02,1480.95,600392
2021-06-17 09:26:03,1481.4,600927
2021-06-17 09:26:04,1481.0,600982
2021-06-17 09:26:05,1480.95,601417
2021-06-17 09:26:06,1480.95,601845
2021-06-17 09:26:08,1481.0,602188
2021-06-17 09:26:09,1481.0,602300
2021-06-17 09:26:10,1480.7,602429
2021-06-17 09:26:11,1481.0,603301
2021-06-17 09:26:11,1481.0,603354
2021-06-17 09:26:12,1481.0,603495
2021-06-17 09:26:13,1481.0,603590
2021-06-17 09:26:14,1480.65,603720
2021-06-17 09:26:15,1481.0,603855
2021-06-17 09:26:16,1481.05,604147
2021-06-17 09:26:18,1481.0,604729
2021-06-17 09:26:22,1481.1,605261
2021-06-17 09:26:23,1481.25,605342
2021-06-17 09:26:24,1480.9,607040
2021-06-17 09:26:25,1481.25,607604
2021-06-17 09:26:26,1481.15,608003
2021-06-17 09:26:27,1481.35,608262
2021-06-17 09:26:28,1481.0,608494
2021-06-17 09:26:30,1481.05,609087
2021-06-17 09:26:29,1481.15,608830
2021-06-17 09:26:31,1481.05,609331
2021-06-17 09:26:32,1481.2,609764
2021-06-17 09:26:33,1481.25,609900
2021-06-17 09:26:34,1481.2,610096
2021-06-17 09:26:35,1481.15,610768
2021-06-17 09:26:36,1481.55,613036
2021-06-17 09:26:37,1481.4,613580
2021-06-17 09:26:38,1481.75,613817
2021-06-17 09:26:39,1482.0,614327
2021-06-17 09:26:40,1481.55,615161
2021-06-17 09:26:41,1481.75,615616
2021-06-17 09:26:42,1481.75,616125
2021-06-17 09:26:43,1482.05,616572
2021-06-17 09:26:44,1481.75,617004
2021-06-17 09:26:46,1481.65,618964
2021-06-17 09:26:47,1481.65,621492
2021-06-17 09:26:48,1481.65,622032
2021-06-17 09:26:50,1481.65,623653
2021-06-17 09:26:52,1482.0,624787
2021-06-17 09:26:53,1482.35,625777
2021-06-17 09:26:54,1482.2,626129
2021-06-17 09:26:55,1482.2,627177
2021-06-17 09:26:56,1482.2,627658
2021-06-17 09:26:58,1482.25,628142
2021-06-17 09:26:58,1482.25,628243
2021-06-17 09:26:59,1482.25,628370
2021-06-17 09:27:00,1482.35,628582
2021-06-17 09:27:01,1482.2,628728
2021-06-17 09:27:02,1482.0,629904
2021-06-17 09:27:03,1482.25,630715
2021-06-17 09:27:04,1482.0,631400
2021-06-17 09:27:05,1482.0,631657
2021-06-17 09:27:06,1482.15,632061
2021-06-17 09:27:08,1482.15,632794
2021-06-17 09:27:09,1482.15,632992
2021-06-17 09:27:09,1482.15,632992
2021-06-17 09:27:10,1482.0,633411
2021-06-17 09:27:11,1482.0,633731
2021-06-17 09:27:12,1482.1,634364
2021-06-17 09:27:13,1481.6,637024
2021-06-17 09:27:14,1481.75,637604
2021-06-17 09:27:15,1481.3,638929
2021-06-17 09:27:16,1481.95,639702
2021-06-17 09:27:17,1481.75,640009
2021-06-17 09:27:18,1481.75,640651
2021-06-17 09:27:19,1481.9,641398
2021-06-17 09:27:21,1481.75,642034
2021-06-17 09:27:22,1482.1,642236
2021-06-17 09:27:23,1482.15,642977
2021-06-17 09:27:24,1482.1,644182
2021-06-17 09:27:25,1481.5,644435
2021-06-17 09:27:26,1482.1,646816
2021-06-17 09:27:28,1482.1,646984
2021-06-17 09:27:29,1481.7,647162
2021-06-17 09:27:30,1482.1,647652
2021-06-17 09:27:30,1481.7,647464
2021-06-17 09:27:31,1482.0,647752
2021-06-17 09:27:32,1482.0,648122
2021-06-17 09:27:33,1482.0,648411
2021-06-17 09:27:34,1482.1,648660
2021-06-17 09:27:35,1482.1,648913
2021-06-17 09:27:36,1482.35,649159
2021-06-17 09:27:37,1482.1,649343
2021-06-17 09:27:38,1482.3,649653
2021-06-17 09:27:39,1481.7,649695
2021-06-17 09:27:40,1481.9,650658
2021-06-17 09:27:41,1481.9,650815
2021-06-17 09:27:42,1481.9,650906
2021-06-17 09:27:43,1481.9,651164
2021-06-17 09:27:44,1481.9,651259
2021-06-17 09:27:45,1481.7,651460
2021-06-17 09:27:48,1481.7,652415
2021-06-17 09:27:49,1481.3,653761
2021-06-17 09:27:50,1481.4,654679
2021-06-17 09:27:51,1481.4,654984
2021-06-17 09:27:52,1481.4,655695
2021-06-17 09:27:53,1481.4,655717
2021-06-17 09:27:54,1481.25,655722
2021-06-17 09:27:55,1481.4,656188
2021-06-17 09:27:56,1481.0,656549
2021-06-17 09:27:56,1481.0,656585
2021-06-17 09:27:57,1480.5,662056
2021-06-17 09:27:58,1481.0,663322
2021-06-17 09:27:59,1480.3,663332
2021-06-17 09:28:00,1480.9,663699
2021-06-17 09:28:01,1480.8,664104
2021-06-17 09:28:02,1480.3,664733
2021-06-17 09:28:04,1480.15,665799
2021-06-17 09:28:05,1480.65,665990
2021-06-17 09:28:06,1480.65,666050
2021-06-17 09:28:07,1480.65,666173
2021-06-17 09:28:08,1480.5,666874
2021-06-17 09:28:09,1480.5,667248
2021-06-17 09:28:10,1480.15,667836
2021-06-17 09:28:12,1480.25,671251
2021-06-17 09:28:13,1480.6,672133
2021-06-17 09:28:14,1480.6,673369
2021-06-17 09:28:15,1480.75,673866
2021-06-17 09:28:16,1480.6,673867
2021-06-17 09:28:17,1480.65,674094
2021-06-17 09:28:18,1480.65,674260
2021-06-17 09:28:19,1480.6,674558
2021-06-17 09:28:20,1480.65,675079
2021-06-17 09:28:21,1480.7,675274
2021-06-17 09:28:22,1480.7,675428
2021-06-17 09:28:23,1480.7,675672
2021-06-17 09:28:24,1480.7,675853
2021-06-17 09:28:25,1480.6,676048
2021-06-17 09:28:26,1480.6,676799
2021-06-17 09:28:27,1480.6,676897
2021-06-17 09:28:28,1480.55,677094
2021-06-17 09:28:29,1480.5,677492
2021-06-17 09:28:30,1480.5,677884
2021-06-17 09:28:30,1480.5,677864
2021-06-17 09:28:31,1480.8,678591
2021-06-17 09:28:32,1480.4,679075
2021-06-17 09:28:33,1480.35,679365
2021-06-17 09:28:34,1480.35,679420
2021-06-17 09:28:35,1480.35,679658
2021-06-17 09:28:36,1480.4,679810
2021-06-17 09:28:37,1480.4,679896
2021-06-17 09:28:38,1480.2,680374
2021-06-17 09:28:40,1480.4,680425
2021-06-17 09:28:41,1480.6,681147
2021-06-17 09:28:42,1480.6,681153
2021-06-17 09:28:43,1480.4,681598
2021-06-17 09:28:44,1480.55,682174
2021-06-17 09:28:45,1480.5,682198
2021-06-17 09:28:46,1480.5,682207
2021-06-17 09:28:47,1480.35,682413
2021-06-17 09:28:48,1480.35,682466
2021-06-17 09:28:49,1480.35,682468
2021-06-17 09:28:50,1480.2,682490
2021-06-17 09:28:51,1480.15,682583
2021-06-17 09:28:52,1480.2,682717
2021-06-17 09:28:53,1480.0,683165
2021-06-17 09:28:54,1480.1,683218
2021-06-17 09:28:55,1480.1,683379
2021-06-17 09:28:56,1480.1,683422
2021-06-17 09:28:57,1480.1,683644
2021-06-17 09:28:58,1479.8,688691
2021-06-17 09:29:00,1479.8,689407
2021-06-17 09:29:01,1479.8,690313
2021-06-17 09:29:02,1479.4,690322
2021-06-17 09:29:03,1479.8,690814
2021-06-17 09:29:03,1479.8,690754
2021-06-17 09:29:04,1479.75,690823
2021-06-17 09:29:05,1480.0,693963
2021-06-17 09:29:06,1480.5,694395
2021-06-17 09:29:07,1479.6,694498
2021-06-17 09:29:09,1479.55,694544
2021-06-17 09:29:11,1479.0,695609
2021-06-17 09:29:10,1479.0,695511
2021-06-17 09:29:12,1479.4,698480
2021-06-17 09:29:12,1479.4,698479
2021-06-17 09:29:13,1479.0,699256
2021-06-17 09:29:14,1479.35,699374
2021-06-17 09:29:15,1479.35,701542
2021-06-17 09:29:16,1479.0,702237
2021-06-17 09:29:17,1479.75,703945
2021-06-17 09:29:18,1479.5,704162
2021-06-17 09:29:19,1479.05,704968
2021-06-17 09:29:20,1479.05,705194
2021-06-17 09:29:21,1479.6,705515
2021-06-17 09:29:22,1479.1,705995
2021-06-17 09:29:23,1479.7,706400
2021-06-17 09:29:24,1479.65,706917
2021-06-17 09:29:25,1479.65,707009
2021-06-17 09:29:26,1479.65,707136
2021-06-17 09:29:27,1479.0,707493
2021-06-17 09:29:28,1479.0,707570
2021-06-17 09:29:29,1479.05,707586
2021-06-17 09:29:30,1479.0,707981
2021-06-17 09:29:31,1479.0,708185
2021-06-17 09:29:32,1479.0,708205
2021-06-17 09:29:33,1479.5,708701
2021-06-17 09:29:34,1479.05,708745
2021-06-17 09:29:35,1479.55,710387
2021-06-17 09:29:36,1479.1,710540
2021-06-17 09:29:37,1479.0,710599
2021-06-17 09:29:38,1479.0,710834
2021-06-17 09:29:39,1479.0,712589
2021-06-17 09:29:40,1479.0,713161
2021-06-17 09:29:41,1479.0,713759
2021-06-17 09:29:42,1479.05,714132
2021-06-17 09:29:43,1479.0,715017
2021-06-17 09:29:45,1479.0,715678
2021-06-17 09:29:45,1479.05,716069
2021-06-17 09:29:46,1479.05,716748
2021-06-17 09:29:47,1479.05,716946
2021-06-17 09:29:48,1479.0,717003
2021-06-17 09:29:49,1479.0,717267
2021-06-17 09:29:51,1479.0,717334
2021-06-17 09:29:52,1479.05,717609
2021-06-17 09:29:52,1479.05,717663
2021-06-17 09:29:53,1479.0,718381
2021-06-17 09:29:54,1479.05,718669
2021-06-17 09:29:55,1479.0,719275
2021-06-17 09:29:56,1479.0,719476
2021-06-17 09:29:57,1479.0,727917
2021-06-17 09:29:58,1479.0,728913
2021-06-17 09:29:59,1478.9,729507
2021-06-17 09:30:00,1478.9,729757
2021-06-17 09:30:01,1478.95,732599
2021-06-17 09:30:02,1478.25,735075
2021-06-17 09:30:03,1478.05,738176
2021-06-17 09:30:04,1478.0,738388
2021-06-17 09:30:06,1478.0,740605
2021-06-17 09:30:08,1478.0,741997
2021-06-17 09:30:09,1477.75,742872
2021-06-17 09:30:10,1477.75,743016
2021-06-17 09:30:11,1477.65,743687
2021-06-17 09:30:12,1477.65,744513
2021-06-17 09:30:14,1477.65,747275
2021-06-17 09:30:14,1477.65,747286
2021-06-17 09:30:15,1477.6,747347
2021-06-17 09:30:16,1477.35,748265
2021-06-17 09:30:17,1477.65,749001
2021-06-17 09:30:18,1477.2,749850
2021-06-17 09:30:19,1477.05,750122
2021-06-17 09:30:21,1477.1,750445
2021-06-17 09:30:22,1477.35,750558
2021-06-17 09:30:23,1477.1,750688
2021-06-17 09:30:24,1477.1,750942
2021-06-17 09:30:25,1477.35,751176
2021-06-17 09:30:26,1477.1,751276
2021-06-17 09:30:27,1477.1,752135
2021-06-17 09:30:28,1477.1,752968
2021-06-17 09:30:29,1477.1,753327
2021-06-17 09:30:30,1477.1,753445
2021-06-17 09:30:30,1477.1,753445
2021-06-17 09:30:31,1477.35,753648
2021-06-17 09:30:32,1477.1,753834
2021-06-17 09:30:33,1477.1,753896
2021-06-17 09:30:34,1477.35,754164
2021-06-17 09:30:35,1477.1,754296
2021-06-17 09:30:37,1477.2,754363
2021-06-17 09:30:38,1477.2,754917
2021-06-17 09:30:39,1477.1,755193
2021-06-17 09:30:40,1477.35,755440
2021-06-17 09:30:41,1477.1,755662
2021-06-17 09:30:42,1477.05,756640
2021-06-17 09:30:44,1477.1,758816
2021-06-17 09:30:45,1476.3,761557
2021-06-17 09:30:46,1476.5,762783
2021-06-17 09:30:47,1476.95,763322
2021-06-17 09:30:48,1476.5,763953
2021-06-17 09:30:50,1476.25,765133
2021-06-17 09:30:51,1475.6,767340
2021-06-17 09:30:52,1476.4,768759
2021-06-17 09:30:53,1476.35,770092
2021-06-17 09:30:54,1476.0,770541
2021-06-17 09:30:54,1476.35,770738
2021-06-17 09:30:55,1476.0,771068
2021-06-17 09:30:56,1476.35,771246
2021-06-17 09:30:57,1476.0,771866
2021-06-17 09:30:58,1476.45,772580
2021-06-17 09:30:59,1476.25,772708
2021-06-17 09:31:00,1476.35,772831
2021-06-17 09:31:01,1476.35,773010
2021-06-17 09:31:02,1476.35,773211
2021-06-17 09:31:03,1476.55,773361
2021-06-17 09:31:04,1476.35,773648
2021-06-17 09:31:05,1476.45,773788
2021-06-17 09:31:06,1476.45,774109
2021-06-17 09:31:07,1476.6,774288
2021-06-17 09:31:08,1476.2,774344
2021-06-17 09:31:10,1476.1,774491
2021-06-17 09:31:11,1476.45,774586
2021-06-17 09:31:12,1476.55,774611
2021-06-17 09:31:13,1476.55,774768
2021-06-17 09:31:14,1476.45,774833
2021-06-17 09:31:15,1476.65,775416
2021-06-17 09:31:16,1476.7,775873
2021-06-17 09:31:16,1476.7,775873
2021-06-17 09:31:17,1476.25,776134
2021-06-17 09:31:18,1476.25,776158
2021-06-17 09:31:19,1476.2,776353
2021-06-17 09:31:20,1476.2,776459
2021-06-17 09:31:21,1476.3,776823
2021-06-17 09:31:22,1476.25,778017
2021-06-17 09:31:23,1476.25,778235
2021-06-17 09:31:24,1476.0,778241
2021-06-17 09:31:25,1476.25,778772
2021-06-17 09:31:26,1476.0,779011
2021-06-17 09:31:27,1476.0,779642
2021-06-17 09:31:28,1476.0,779891
2021-06-17 09:31:29,1476.25,780136
2021-06-17 09:31:30,1476.25,780183
2021-06-17 09:31:32,1476.0,780609
2021-06-17 09:31:33,1476.25,780807
2021-06-17 09:31:34,1476.05,781060
2021-06-17 09:31:35,1476.5,781857
2021-06-17 09:31:36,1476.9,782361
2021-06-17 09:31:38,1476.9,782477
2021-06-17 09:31:39,1476.5,782592
2021-06-17 09:31:40,1476.9,782739
2021-06-17 09:31:41,1476.55,782756
2021-06-17 09:31:42,1476.95,782888
2021-06-17 09:31:43,1477.0,783275
2021-06-17 09:31:44,1476.9,783627
2021-06-17 09:31:45,1477.0,784335
2021-06-17 09:31:47,1477.0,784455
2021-06-17 09:31:48,1477.0,784822
2021-06-17 09:31:49,1476.95,785021
2021-06-17 09:31:50,1476.95,785211
2021-06-17 09:31:51,1476.95,785479
2021-06-17 09:31:52,1477.05,785878
2021-06-17 09:31:53,1476.95,785951
2021-06-17 09:31:55,1476.8,789573
2021-06-17 09:31:56,1477.05,790396
2021-06-17 09:31:57,1477.05,790711
2021-06-17 09:31:58,1477.05,792080
2021-06-17 09:31:59,1477.0,792779
2021-06-17 09:32:00,1477.0,792858
2021-06-17 09:32:01,1477.0,793313
2021-06-17 09:32:01,1477.05,793384
2021-06-17 09:32:02,1477.05,793590
2021-06-17 09:32:03,1477.05,795843
2021-06-17 09:32:05,1477.0,797079
2021-06-17 09:32:06,1477.05,797311
2021-06-17 09:32:07,1477.05,797634
2021-06-17 09:32:07,1477.1,797810
2021-06-17 09:32:08,1477.1,797810
2021-06-17 09:32:09,1477.1,797991
2021-06-17 09:32:10,1477.1,798448
2021-06-17 09:32:11,1477.05,798613
2021-06-17 09:32:12,1476.8,798766
2021-06-17 09:32:14,1477.15,799174
2021-06-17 09:32:15,1477.15,799277
2021-06-17 09:32:16,1477.15,799657
2021-06-17 09:32:17,1477.35,799805
2021-06-17 09:32:19,1477.4,800390
2021-06-17 09:32:20,1477.1,800876
2021-06-17 09:32:20,1477.1,800925
2021-06-17 09:32:21,1477.4,801575
2021-06-17 09:32:22,1477.8,801934
2021-06-17 09:32:23,1477.8,801968
2021-06-17 09:32:24,1477.9,802417
2021-06-17 09:32:25,1477.9,802585
2021-06-17 09:32:27,1478.0,802794
2021-06-17 09:32:28,1477.5,802837
2021-06-17 09:32:29,1477.5,802953
2021-06-17 09:32:30,1477.95,803168
2021-06-17 09:32:31,1478.0,803195
2021-06-17 09:32:32,1477.5,803567
2021-06-17 09:32:33,1477.95,803637
2021-06-17 09:32:34,1478.0,804136
2021-06-17 09:32:34,1478.0,804136
2021-06-17 09:32:36,1477.5,805037
2021-06-17 09:32:36,1478.0,805034
2021-06-17 09:32:37,1478.0,805047
2021-06-17 09:32:39,1478.0,806438
2021-06-17 09:32:40,1477.75,806786
2021-06-17 09:32:41,1477.95,807024
2021-06-17 09:32:42,1477.95,807156
2021-06-17 09:32:44,1477.8,808245
2021-06-17 09:32:45,1477.4,808811
2021-06-17 09:32:46,1477.35,808950
2021-06-17 09:32:47,1477.4,809184
2021-06-17 09:32:48,1477.45,809340
2021-06-17 09:32:49,1477.4,809594
2021-06-17 09:32:50,1477.4,810013
2021-06-17 09:32:51,1477.0,810044
2021-06-17 09:32:51,1477.0,810041
2021-06-17 09:32:52,1477.4,810800
2021-06-17 09:32:53,1477.4,811070
2021-06-17 09:32:54,1477.4,811161
2021-06-17 09:32:57,1477.4,811875
2021-06-17 09:32:58,1477.55,812068
2021-06-17 09:33:00,1477.5,812793
2021-06-17 09:33:01,1477.4,813331
2021-06-17 09:33:02,1477.55,813591
2021-06-17 09:33:04,1477.5,814545
2021-06-17 09:33:03,1477.55,813616
2021-06-17 09:33:06,1477.55,815090
2021-06-17 09:33:08,1477.55,815559
2021-06-17 09:33:09,1477.55,815588
2021-06-17 09:33:10,1477.85,816023
2021-06-17 09:33:11,1477.65,816360
2021-06-17 09:33:12,1477.65,816470
2021-06-17 09:33:13,1477.55,816682
2021-06-17 09:33:14,1477.6,816762
2021-06-17 09:33:15,1477.85,816982
2021-06-17 09:33:16,1477.6,817260
2021-06-17 09:33:17,1477.6,817304
2021-06-17 09:33:18,1477.65,817503
2021-06-17 09:33:19,1477.85,817573
2021-06-17 09:33:21,1477.6,818131
2021-06-17 09:33:22,1477.7,818876
2021-06-17 09:33:23,1477.7,818926
2021-06-17 09:33:24,1477.65,819082
2021-06-17 09:33:25,1477.8,819281
2021-06-17 09:33:26,1477.75,819446
2021-06-17 09:33:27,1477.75,819774
2021-06-17 09:33:28,1477.65,819775
2021-06-17 09:33:29,1477.65,820800
2021-06-17 09:33:30,1477.65,821060
2021-06-17 09:33:31,1477.6,821234
2021-06-17 09:33:31,1477.7,821352
2021-06-17 09:33:32,1477.6,821976
2021-06-17 09:33:33,1477.6,822192
2021-06-17 09:33:34,1477.6,824225
2021-06-17 09:33:35,1477.6,826976
2021-06-17 09:33:36,1477.6,827680
2021-06-17 09:33:37,1477.55,830046
2021-06-17 09:33:38,1477.65,830363
2021-06-17 09:33:39,1477.65,830656
2021-06-17 09:33:41,1477.65,831881
2021-06-17 09:33:42,1477.55,832277
2021-06-17 09:33:45,1477.8,834996
2021-06-17 09:33:46,1477.8,835121
2021-06-17 09:33:47,1477.7,835181
2021-06-17 09:33:48,1477.8,836526
2021-06-17 09:33:49,1477.8,837589
2021-06-17 09:33:49,1477.7,837490
2021-06-17 09:33:51,1477.95,838537
2021-06-17 09:33:51,1477.95,838746
2021-06-17 09:33:52,1478.1,839517
2021-06-17 09:33:53,1478.1,839743
2021-06-17 09:33:55,1477.95,840579
2021-06-17 09:33:56,1478.1,840664
2021-06-17 09:33:57,1478.1,841388
2021-06-17 09:33:58,1477.95,841606
2021-06-17 09:33:59,1478.1,842354
2021-06-17 09:33:59,1478.2,842892
2021-06-17 09:34:01,1478.05,843660
2021-06-17 09:34:03,1478.6,843756
2021-06-17 09:34:04,1478.45,843758
2021-06-17 09:34:05,1478.45,843758
2021-06-17 09:34:06,1478.5,844449
2021-06-17 09:34:07,1478.45,845270
2021-06-17 09:34:08,1478.1,845797
2021-06-17 09:34:09,1478.15,846228
2021-06-17 09:34:09,1478.15,846371
2021-06-17 09:34:10,1478.15,846945
2021-06-17 09:34:12,1478.45,847444
2021-06-17 09:34:13,1478.3,847643
2021-06-17 09:34:14,1478.5,847818
2021-06-17 09:34:15,1478.65,848493
2021-06-17 09:34:15,1478.65,848493
2021-06-17 09:34:16,1478.65,848628
2021-06-17 09:34:18,1478.6,848900
2021-06-17 09:34:19,1478.55,848936
2021-06-17 09:34:20,1478.75,849536
2021-06-17 09:34:21,1478.75,849615
2021-06-17 09:34:22,1478.75,849715
2021-06-17 09:34:23,1478.75,849725
2021-06-17 09:34:24,1478.9,849871
2021-06-17 09:34:25,1479.0,850270
2021-06-17 09:34:26,1478.85,850381
2021-06-17 09:34:27,1479.1,850715
2021-06-17 09:34:28,1479.1,850718
2021-06-17 09:34:29,1479.35,850889
2021-06-17 09:34:30,1479.35,850892
2021-06-17 09:34:31,1478.0,853624
2021-06-17 09:34:32,1478.6,854275
2021-06-17 09:34:33,1479.0,854452
2021-06-17 09:34:34,1478.8,854799
2021-06-17 09:34:35,1479.1,855656
2021-06-17 09:34:36,1479.1,855785
2021-06-17 09:34:37,1479.1,855924
2021-06-17 09:34:38,1479.55,855979
2021-06-17 09:34:39,1479.25,856962
2021-06-17 09:34:40,1479.4,857367
2021-06-17 09:34:41,1479.2,858450
2021-06-17 09:34:43,1479.2,858658
2021-06-17 09:34:44,1479.25,859174
2021-06-17 09:34:45,1479.1,859332
2021-06-17 09:34:46,1479.25,859475
2021-06-17 09:34:47,1479.2,859629
2021-06-17 09:34:48,1479.1,859740
2021-06-17 09:34:50,1479.25,859814
2021-06-17 09:34:49,1479.25,859814
2021-06-17 09:34:51,1479.25,859814
2021-06-17 09:34:52,1479.05,860565
2021-06-17 09:34:53,1479.0,860623
2021-06-17 09:34:54,1479.05,860637
2021-06-17 09:34:55,1479.05,860753
2021-06-17 09:34:56,1479.05,860934
2021-06-17 09:34:57,1479.05,860972
2021-06-17 09:34:58,1479.0,861674
2021-06-17 09:34:59,1479.05,861747
2021-06-17 09:35:00,1479.0,862639
2021-06-17 09:35:01,1479.25,862739
2021-06-17 09:35:02,1479.25,862896
2021-06-17 09:35:04,1479.35,863248
2021-06-17 09:35:03,1479.35,863148
2021-06-17 09:35:05,1479.45,863439
2021-06-17 09:35:06,1479.05,863507
2021-06-17 09:35:07,1478.75,870266
2021-06-17 09:35:08,1479.0,872244
2021-06-17 09:35:10,1479.8,873393
2021-06-17 09:35:11,1479.65,873699
2021-06-17 09:35:12,1479.65,874105
2021-06-17 09:35:13,1479.65,874148
2021-06-17 09:35:14,1479.65,874152
2021-06-17 09:35:15,1479.8,874927
2021-06-17 09:35:16,1479.65,874994
2021-06-17 09:35:17,1479.8,875177
2021-06-17 09:35:18,1479.8,876149
2021-06-17 09:35:20,1480.0,878503
2021-06-17 09:35:21,1479.8,878567
2021-06-17 09:35:22,1479.8,879331
2021-06-17 09:35:23,1480.0,879456
2021-06-17 09:35:24,1480.0,879456
2021-06-17 09:35:27,1480.0,882201
2021-06-17 09:35:28,1480.0,882481
2021-06-17 09:35:29,1480.25,883252
2021-06-17 09:35:30,1480.05,883265
2021-06-17 09:35:31,1480.05,883266
2021-06-17 09:35:32,1480.25,883269
2021-06-17 09:35:33,1480.05,883478
2021-06-17 09:35:34,1480.25,883510
2021-06-17 09:35:35,1480.25,884773
2021-06-17 09:35:36,1480.05,884873
2021-06-17 09:35:37,1480.3,885385
2021-06-17 09:35:38,1480.35,885520
2021-06-17 09:35:39,1480.55,886587
2021-06-17 09:35:42,1480.1,886692
2021-06-17 09:35:43,1480.5,886742
2021-06-17 09:35:44,1480.55,887055
2021-06-17 09:35:45,1480.65,887473
2021-06-17 09:35:46,1480.55,888188
2021-06-17 09:35:47,1480.55,888860
2021-06-17 09:35:48,1480.55,890513
2021-06-17 09:35:49,1480.65,890679
2021-06-17 09:35:50,1481.0,891320
2021-06-17 09:35:51,1481.0,892776
2021-06-17 09:35:53,1481.15,893807
2021-06-17 09:35:52,1481.15,892980
2021-06-17 09:35:54,1480.55,893887
2021-06-17 09:35:55,1481.0,894003
2021-06-17 09:35:56,1481.0,894155
2021-06-17 09:35:57,1481.25,894318
2021-06-17 09:35:58,1481.35,895318
2021-06-17 09:35:59,1480.35,897043
2021-06-17 09:36:00,1480.4,897692
2021-06-17 09:36:01,1480.35,897756
2021-06-17 09:36:02,1480.4,897920
2021-06-17 09:36:04,1480.4,897977
2021-06-17 09:36:05,1480.4,897980
2021-06-17 09:36:06,1480.45,898239
2021-06-17 09:36:07,1480.9,898336
2021-06-17 09:36:08,1480.85,899690
2021-06-17 09:36:09,1480.85,899755
2021-06-17 09:36:10,1480.85,899755
2021-06-17 09:36:11,1481.2,900335
2021-06-17 09:36:12,1481.2,900376
2021-06-17 09:36:13,1481.25,900555
2021-06-17 09:36:14,1481.25,900565
2021-06-17 09:36:15,1481.25,900615
2021-06-17 09:36:16,1481.25,901120
2021-06-17 09:36:17,1481.3,901239
2021-06-17 09:36:18,1481.25,901263
2021-06-17 09:36:19,1481.0,901272
2021-06-17 09:36:20,1481.3,901505
2021-06-17 09:36:21,1481.0,901547
2021-06-17 09:36:22,1481.0,901562
2021-06-17 09:36:23,1481.0,901613
2021-06-17 09:36:24,1481.2,901628
2021-06-17 09:36:25,1480.95,903098
2021-06-17 09:36:26,1480.95,903208
2021-06-17 09:36:27,1480.5,903418
2021-06-17 09:36:28,1480.95,903452
2021-06-17 09:36:29,1481.0,904071
2021-06-17 09:36:30,1480.85,904212
2021-06-17 09:36:31,1480.9,904293
2021-06-17 09:36:32,1480.95,905286
2021-06-17 09:36:33,1480.95,905286
2021-06-17 09:36:34,1480.85,906421
2021-06-17 09:36:37,1480.9,906905
2021-06-17 09:36:38,1480.5,907059
2021-06-17 09:36:39,1480.85,907132
2021-06-17 09:36:40,1480.85,907199
2021-06-17 09:36:40,1480.4,908190
2021-06-17 09:36:41,1480.65,908347
2021-06-17 09:36:42,1480.65,909379
2021-06-17 09:36:43,1480.6,910154
2021-06-17 09:36:44,1480.4,911547
2021-06-17 09:36:45,1480.65,912516
2021-06-17 09:36:46,1479.7,915327
2021-06-17 09:36:47,1479.7,915778
2021-06-17 09:36:48,1479.0,916436
2021-06-17 09:36:50,1479.75,917718
2021-06-17 09:36:50,1479.75,917846
2021-06-17 09:36:51,1479.9,918243
2021-06-17 09:36:52,1479.9,918751
2021-06-17 09:36:53,1479.25,918848
2021-06-17 09:36:54,1479.8,919464
2021-06-17 09:36:56,1479.8,919465
2021-06-17 09:36:57,1479.25,919749
2021-06-17 09:36:58,1479.25,919913
2021-06-17 09:36:59,1479.8,920129
2021-06-17 09:37:00,1479.75,920239
2021-06-17 09:37:01,1479.7,920244
2021-06-17 09:37:02,1479.7,920315
2021-06-17 09:37:04,1479.5,920503
2021-06-17 09:37:04,1479.5,920529
2021-06-17 09:37:05,1479.7,920777
2021-06-17 09:37:06,1479.55,920787
2021-06-17 09:37:07,1479.55,920934
2021-06-17 09:37:08,1479.65,921298
2021-06-17 09:37:09,1479.7,921563
2021-06-17 09:37:10,1479.65,921631
2021-06-17 09:37:12,1479.5,922150
2021-06-17 09:37:13,1479.35,922431
2021-06-17 09:37:14,1479.35,922711
2021-06-17 09:37:15,1479.65,922900
2021-06-17 09:37:16,1479.7,923012
2021-06-17 09:37:17,1479.7,923012
2021-06-17 09:37:17,1479.7,923012
2021-06-17 09:37:18,1479.7,923042
2021-06-17 09:37:19,1479.45,923050
2021-06-17 09:37:20,1479.35,923337
2021-06-17 09:37:21,1479.35,923370
2021-06-17 09:37:23,1479.7,923383
2021-06-17 09:37:23,1479.7,923420
2021-06-17 09:37:24,1479.65,923560
2021-06-17 09:37:25,1479.55,923581
2021-06-17 09:37:27,1479.55,923592
2021-06-17 09:37:27,1479.5,924722
2021-06-17 09:37:28,1479.4,925391
2021-06-17 09:37:29,1479.4,925525
2021-06-17 09:37:30,1479.05,925787
2021-06-17 09:37:31,1479.35,926021
2021-06-17 09:37:32,1479.4,926450
2021-06-17 09:37:33,1479.4,926625
2021-06-17 09:37:34,1479.0,927414
2021-06-17 09:37:35,1479.0,927867
2021-06-17 09:37:36,1479.0,927977
2021-06-17 09:37:38,1479.0,928217
2021-06-17 09:37:38,1479.1,928251
2021-06-17 09:37:39,1479.1,928525
2021-06-17 09:37:40,1479.1,928681
2021-06-17 09:37:41,1479.0,928706
2021-06-17 09:37:42,1479.0,928709
2021-06-17 09:37:43,1479.5,928937
2021-06-17 09:37:44,1479.0,930203
2021-06-17 09:37:45,1479.15,930542
2021-06-17 09:37:46,1479.05,930618
2021-06-17 09:37:48,1479.8,931857
2021-06-17 09:37:49,1479.65,932001
2021-06-17 09:37:50,1479.95,932021
2021-06-17 09:37:51,1479.95,932103
2021-06-17 09:37:52,1479.95,932106
2021-06-17 09:37:53,1479.95,932265
2021-06-17 09:37:54,1480.5,933152
2021-06-17 09:37:55,1479.9,933285
2021-06-17 09:37:56,1479.9,933397
2021-06-17 09:37:58,1480.0,933679
2021-06-17 09:37:59,1480.0,933773
2021-06-17 09:38:00,1480.4,933792
2021-06-17 09:38:01,1480.4,933797
2021-06-17 09:38:02,1480.0,933872
2021-06-17 09:38:03,1480.0,933880
2021-06-17 09:38:04,1480.0,933907
2021-06-17 09:38:05,1479.65,934422
2021-06-17 09:38:06,1480.3,934542
2021-06-17 09:38:07,1480.0,934621
2021-06-17 09:38:08,1480.0,934786
2021-06-17 09:38:09,1480.0,934787
2021-06-17 09:38:10,1480.3,935022
2021-06-17 09:38:11,1480.0,935100
2021-06-17 09:38:12,1480.0,935172
2021-06-17 09:38:14,1480.0,935211
2021-06-17 09:38:14,1480.0,935255
2021-06-17 09:38:15,1480.3,935497
2021-06-17 09:38:16,1480.0,935531
2021-06-17 09:38:17,1480.0,935597
2021-06-17 09:38:18,1480.25,935654
2021-06-17 09:38:19,1480.3,935696
2021-06-17 09:38:21,1480.1,935767
2021-06-17 09:38:22,1480.35,936161
2021-06-17 09:38:23,1480.4,936232
2021-06-17 09:38:23,1480.4,936232
2021-06-17 09:38:24,1480.4,936232
2021-06-17 09:38:25,1480.05,936235
2021-06-17 09:38:26,1480.3,936415
2021-06-17 09:38:27,1480.25,936572
2021-06-17 09:38:28,1480.25,936654
2021-06-17 09:38:30,1480.05,936899
2021-06-17 09:38:31,1480.15,936959
2021-06-17 09:38:32,1480.15,937000
2021-06-17 09:38:34,1480.05,937105
2021-06-17 09:38:34,1480.05,937112
2021-06-17 09:38:35,1480.15,937164
2021-06-17 09:38:36,1480.05,937301
2021-06-17 09:38:37,1480.05,937314
2021-06-17 09:38:38,1480.15,937518
2021-06-17 09:38:39,1480.15,937528
2021-06-17 09:38:40,1480.05,937563
2021-06-17 09:38:41,1480.05,937572
2021-06-17 09:38:42,1480.2,937698
2021-06-17 09:38:44,1480.2,937721
2021-06-17 09:38:45,1480.3,938041
2021-06-17 09:38:47,1480.3,938194
2021-06-17 09:38:48,1480.45,938311
2021-06-17 09:38:49,1480.15,938391
2021-06-17 09:38:50,1480.15,938432
2021-06-17 09:38:51,1480.15,938502
2021-06-17 09:38:52,1480.45,938519
2021-06-17 09:38:53,1480.45,938580
2021-06-17 09:38:54,1480.45,938878
2021-06-17 09:38:55,1480.05,939027
2021-06-17 09:38:56,1480.15,939062
2021-06-17 09:38:57,1480.2,939068
2021-06-17 09:38:59,1480.3,939201
2021-06-17 09:39:00,1480.2,939216
2021-06-17 09:39:00,1480.3,939230
2021-06-17 09:39:01,1480.3,939359
2021-06-17 09:39:02,1480.3,939381
2021-06-17 09:39:03,1480.3,939452
2021-06-17 09:39:04,1480.2,939457
2021-06-17 09:39:05,1480.2,939553
2021-06-17 09:39:06,1480.45,939614
2021-06-17 09:39:07,1480.2,939615
2021-06-17 09:39:08,1480.2,939706
2021-06-17 09:39:09,1480.2,939784
2021-06-17 09:39:10,1480.2,939800
2021-06-17 09:39:11,1480.2,939852
2021-06-17 09:39:12,1480.3,940188
2021-06-17 09:39:13,1480.3,940309
2021-06-17 09:39:14,1480.2,940429
2021-06-17 09:39:15,1480.3,940459
2021-06-17 09:39:17,1480.3,940517
2021-06-17 09:39:18,1480.25,940619
2021-06-17 09:39:19,1480.25,940638
2021-06-17 09:39:20,1480.25,940638
2021-06-17 09:39:22,1480.2,941760
2021-06-17 09:39:23,1480.1,941802
2021-06-17 09:39:24,1480.1,941828
2021-06-17 09:39:25,1480.2,942083
2021-06-17 09:39:26,1480.2,942092
2021-06-17 09:39:27,1480.1,942186
2021-06-17 09:39:28,1480.1,942239
2021-06-17 09:39:29,1480.1,942244
2021-06-17 09:39:32,1480.15,942317
2021-06-17 09:39:34,1480.1,946064
2021-06-17 09:39:35,1480.15,946451
2021-06-17 09:39:35,1480.1,946205
2021-06-17 09:39:37,1480.2,946852
2021-06-17 09:39:38,1480.2,946892
2021-06-17 09:39:40,1480.2,946929
2021-06-17 09:39:41,1480.2,946929
2021-06-17 09:39:42,1480.25,947060
2021-06-17 09:39:43,1480.2,947074
2021-06-17 09:39:44,1480.25,947108
2021-06-17 09:39:45,1480.25,947230
2021-06-17 09:39:46,1480.2,947299
2021-06-17 09:39:46,1480.25,947307
2021-06-17 09:39:47,1480.45,947966
2021-06-17 09:39:48,1480.3,947996
2021-06-17 09:39:50,1480.45,948976
2021-06-17 09:39:51,1480.25,949477
2021-06-17 09:39:52,1480.25,949568
2021-06-17 09:39:53,1480.3,949666
2021-06-17 09:39:54,1480.3,949676
2021-06-17 09:39:55,1480.4,949678
2021-06-17 09:39:56,1480.35,949802
2021-06-17 09:39:57,1480.2,950854
2021-06-17 09:39:58,1480.2,952418
2021-06-17 09:39:59,1480.15,952435
2021-06-17 09:40:00,1480.2,952529
2021-06-17 09:40:01,1480.0,952596
2021-06-17 09:40:02,1480.0,952602
2021-06-17 09:40:03,1480.0,952839
2021-06-17 09:40:04,1480.0,953469
2021-06-17 09:40:06,1480.2,953543
2021-06-17 09:40:07,1480.1,953558
2021-06-17 09:40:08,1480.1,953571
2021-06-17 09:40:09,1480.2,953574
2021-06-17 09:40:10,1480.2,953633
2021-06-17 09:40:11,1480.1,954004
2021-06-17 09:40:12,1480.25,954119
2021-06-17 09:40:13,1480.25,954119
2021-06-17 09:40:14,1480.2,954283
2021-06-17 09:40:15,1480.1,954286
2021-06-17 09:40:16,1480.0,954291
2021-06-17 09:40:17,1480.1,954428
2021-06-17 09:40:18,1479.5,954659
2021-06-17 09:40:19,1479.4,954674
2021-06-17 09:40:20,1480.0,954850
2021-06-17 09:40:21,1479.5,954876
2021-06-17 09:40:22,1479.5,954980
2021-06-17 09:40:23,1479.5,955329
2021-06-17 09:40:24,1480.0,955366
2021-06-17 09:40:25,1479.5,955473
2021-06-17 09:40:26,1479.5,955490
2021-06-17 09:40:27,1479.95,955646
2021-06-17 09:40:28,1479.5,955713
2021-06-17 09:40:29,1479.85,956077
2021-06-17 09:40:30,1479.85,956280
2021-06-17 09:40:31,1479.95,956360
2021-06-17 09:40:32,1479.95,956973
2021-06-17 09:40:33,1479.8,956987
2021-06-17 09:40:34,1479.95,957049
2021-06-17 09:40:35,1479.8,957699
2021-06-17 09:40:36,1479.95,958007
2021-06-17 09:40:37,1480.0,958858
2021-06-17 09:40:38,1480.0,958862
2021-06-17 09:40:39,1480.0,958863
2021-06-17 09:40:40,1479.8,959113
2021-06-17 09:40:41,1479.8,959759
2021-06-17 09:40:42,1479.8,959823
2021-06-17 09:40:43,1479.95,959921
2021-06-17 09:40:44,1479.95,959921
2021-06-17 09:40:45,1479.8,960000
2021-06-17 09:40:46,1479.8,960847
2021-06-17 09:40:47,1479.8,961128
2021-06-17 09:40:48,1479.15,964379
2021-06-17 09:40:49,1479.15,964765
2021-06-17 09:40:50,1479.15,964777
2021-06-17 09:40:51,1479.0,964943
2021-06-17 09:40:52,1479.0,964965
2021-06-17 09:40:53,1479.0,965217
2021-06-17 09:40:54,1479.15,965357
2021-06-17 09:40:54,1479.1,965307
2021-06-17 09:40:55,1479.0,965482
2021-06-17 09:40:56,1479.0,965504
2021-06-17 09:40:57,1479.0,965508
2021-06-17 09:40:59,1479.0,965516
2021-06-17 09:41:00,1479.0,965986
2021-06-17 09:41:02,1479.45,966177
2021-06-17 09:41:03,1479.05,966652
2021-06-17 09:41:07,1479.35,967620
2021-06-17 09:41:08,1479.05,967742
2021-06-17 09:41:09,1479.05,967787
2021-06-17 09:41:10,1479.3,967801
2021-06-17 09:41:11,1479.05,967847
2021-06-17 09:41:12,1479.3,967859
2021-06-17 09:41:13,1479.05,968014
2021-06-17 09:41:14,1479.1,968052
2021-06-17 09:41:15,1479.35,968072
2021-06-17 09:41:16,1479.3,968092
2021-06-17 09:41:17,1479.35,968192
2021-06-17 09:41:18,1479.35,968483
2021-06-17 09:41:19,1479.35,968498
2021-06-17 09:41:20,1479.2,968501
2021-06-17 09:41:21,1479.2,968502
2021-06-17 09:41:22,1479.35,968508
2021-06-17 09:41:23,1479.35,968524
2021-06-17 09:41:24,1479.35,969512
2021-06-17 09:41:25,1479.2,969552
2021-06-17 09:41:26,1479.35,969685
2021-06-17 09:41:27,1479.35,969853
2021-06-17 09:41:28,1479.2,969924
2021-06-17 09:41:29,1479.45,969972
2021-06-17 09:41:30,1479.2,969978
2021-06-17 09:41:31,1479.95,979521
2021-06-17 09:41:32,1479.9,980557
2021-06-17 09:41:33,1479.9,980635
2021-06-17 09:41:34,1479.95,980746
2021-06-17 09:41:35,1479.95,981015
2021-06-17 09:41:37,1479.8,981200
2021-06-17 09:41:38,1479.6,981221
2021-06-17 09:41:39,1479.6,981472
2021-06-17 09:41:40,1479.6,981665
2021-06-17 09:41:41,1479.9,981714
2021-06-17 09:41:41,1479.9,981715
2021-06-17 09:41:43,1479.6,981751
2021-06-17 09:41:45,1479.6,982338
2021-06-17 09:41:46,1480.0,982400
2021-06-17 09:41:47,1479.6,982412
2021-06-17 09:41:48,1479.9,982513
2021-06-17 09:41:49,1479.9,982627
2021-06-17 09:41:50,1479.6,982649
2021-06-17 09:41:51,1479.9,982715
2021-06-17 09:41:52,1480.0,982787
2021-06-17 09:41:53,1480.0,982907
2021-06-17 09:41:54,1480.15,983348
2021-06-17 09:41:55,1480.0,983358
2021-06-17 09:41:56,1480.15,983362
2021-06-17 09:41:57,1480.15,983362
2021-06-17 09:41:58,1480.0,983414
2021-06-17 09:41:59,1480.15,984183
2021-06-17 09:42:00,1480.3,984270
2021-06-17 09:42:01,1480.2,984284
2021-06-17 09:42:02,1480.2,984867
2021-06-17 09:42:03,1480.15,984971
2021-06-17 09:42:04,1480.3,985094
2021-06-17 09:42:05,1480.3,985408
2021-06-17 09:42:07,1480.3,985525
2021-06-17 09:42:08,1480.0,985538
2021-06-17 09:42:09,1480.0,985594
2021-06-17 09:42:10,1480.3,985690
2021-06-17 09:42:11,1480.3,985702
2021-06-17 09:42:12,1480.0,985942
2021-06-17 09:42:13,1480.0,986026
2021-06-17 09:42:14,1480.3,986080
2021-06-17 09:42:15,1480.3,986113
2021-06-17 09:42:16,1480.05,986232
2021-06-17 09:42:17,1480.4,986318
2021-06-17 09:42:18,1480.4,986358
2021-06-17 09:42:19,1480.0,986461
2021-06-17 09:42:20,1480.0,986471
2021-06-17 09:42:21,1480.35,986988
2021-06-17 09:42:21,1480.35,986991
2021-06-17 09:42:22,1480.3,987008
2021-06-17 09:42:23,1480.05,987301
2021-06-17 09:42:24,1479.25,988021
2021-06-17 09:42:25,1479.85,988244
2021-06-17 09:42:26,1479.85,988336
2021-06-17 09:42:28,1479.85,988336
2021-06-17 09:42:29,1479.25,988375
2021-06-17 09:42:30,1479.25,988394
2021-06-17 09:42:31,1479.25,988396
2021-06-17 09:42:32,1479.25,988404
2021-06-17 09:42:33,1479.25,988409
2021-06-17 09:42:34,1479.15,988546
2021-06-17 09:42:35,1479.25,988590
2021-06-17 09:42:36,1479.5,988595
2021-06-17 09:42:37,1479.75,988600
2021-06-17 09:42:38,1479.5,988610
2021-06-17 09:42:39,1479.65,988720
2021-06-17 09:42:40,1479.5,988943
2021-06-17 09:42:40,1479.65,988975
2021-06-17 09:42:41,1479.5,988995
2021-06-17 09:42:42,1479.65,989142
2021-06-17 09:42:43,1479.5,989195
2021-06-17 09:42:44,1479.5,989411
2021-06-17 09:42:45,1479.6,989504
2021-06-17 09:42:47,1479.5,989512
2021-06-17 09:42:48,1479.6,989538
2021-06-17 09:42:49,1479.5,989581
2021-06-17 09:42:50,1479.5,989585
2021-06-17 09:42:51,1479.5,989592
2021-06-17 09:42:52,1479.6,989905
2021-06-17 09:42:53,1479.65,989976
2021-06-17 09:42:54,1479.6,990101
2021-06-17 09:42:55,1479.6,990178
2021-06-17 09:42:56,1479.65,990256
2021-06-17 09:42:57,1479.65,990257
2021-06-17 09:42:58,1479.6,990262
2021-06-17 09:42:59,1479.6,990308
2021-06-17 09:42:59,1479.6,990313
2021-06-17 09:43:00,1479.6,990410
2021-06-17 09:43:01,1479.65,990455
2021-06-17 09:43:02,1479.65,990516
2021-06-17 09:43:03,1479.65,990534
2021-06-17 09:43:04,1479.6,990733
2021-06-17 09:43:05,1479.7,990773
2021-06-17 09:43:06,1479.6,990798
2021-06-17 09:43:07,1479.75,991572
2021-06-17 09:43:09,1479.75,991572
2021-06-17 09:43:10,1479.65,991588
2021-06-17 09:43:11,1479.65,991589
2021-06-17 09:43:12,1479.75,991605
2021-06-17 09:43:13,1479.5,991923
2021-06-17 09:43:14,1479.5,991959
2021-06-17 09:43:15,1479.5,992222
2021-06-17 09:43:16,1479.5,992248
2021-06-17 09:43:17,1479.55,992387
2021-06-17 09:43:18,1479.9,992425
2021-06-17 09:43:19,1479.9,992584
2021-06-17 09:43:20,1479.9,992861
2021-06-17 09:43:21,1479.9,992916
2021-06-17 09:43:22,1479.9,993325
2021-06-17 09:43:23,1479.9,993624
2021-06-17 09:43:24,1479.9,993664
2021-06-17 09:43:25,1479.9,993668
2021-06-17 09:43:26,1480.0,993742
2021-06-17 09:43:27,1479.65,993818
2021-06-17 09:43:28,1480.0,994110
2021-06-17 09:43:29,1480.0,994181
2021-06-17 09:43:30,1479.9,994310
2021-06-17 09:43:31,1479.9,994334
2021-06-17 09:43:32,1479.9,994464
2021-06-17 09:43:33,1479.9,994513
2021-06-17 09:43:34,1479.9,994526
2021-06-17 09:43:35,1479.9,994863
2021-06-17 09:43:37,1479.9,994898
2021-06-17 09:43:38,1479.8,995018
2021-06-17 09:43:39,1479.8,995665
2021-06-17 09:43:40,1479.9,995733
2021-06-17 09:43:41,1479.8,995856
2021-06-17 09:43:42,1479.8,995868
2021-06-17 09:43:43,1479.9,995905
2021-06-17 09:43:44,1479.9,996045
2021-06-17 09:43:45,1479.8,996340
2021-06-17 09:43:46,1479.8,996425
2021-06-17 09:43:47,1479.9,996593
2021-06-17 09:43:48,1479.9,996620
2021-06-17 09:43:49,1479.9,996620
2021-06-17 09:43:50,1479.9,996715
2021-06-17 09:43:51,1479.9,996716
2021-06-17 09:43:52,1479.8,996731
2021-06-17 09:43:52,1479.8,996744
2021-06-17 09:43:53,1479.8,996746
2021-06-17 09:43:54,1479.8,996746
2021-06-17 09:43:55,1479.9,997072
2021-06-17 09:43:57,1479.9,997131
2021-06-17 09:43:57,1479.9,997140
2021-06-17 09:44:00,1479.8,998175
2021-06-17 09:44:01,1479.8,998305
2021-06-17 09:44:02,1479.9,998955
2021-06-17 09:44:03,1479.8,999733
2021-06-17 09:44:04,1479.9,1000634
2021-06-17 09:44:05,1479.9,1000788
2021-06-17 09:44:06,1479.9,1000808
2021-06-17 09:44:07,1479.8,1000817
2021-06-17 09:44:08,1479.8,1000886
2021-06-17 09:44:10,1479.8,1001107
2021-06-17 09:44:11,1479.8,1001139
2021-06-17 09:44:11,1479.8,1001136
2021-06-17 09:44:13,1479.8,1001686
2021-06-17 09:44:13,1479.85,1001862
2021-06-17 09:44:14,1479.5,1001895
2021-06-17 09:44:16,1479.7,1001904
2021-06-17 09:44:17,1479.7,1001908
2021-06-17 09:44:18,1479.5,1001919
2021-06-17 09:44:19,1479.7,1002014
2021-06-17 09:44:20,1479.7,1002014
2021-06-17 09:44:20,1479.7,1002014
2021-06-17 09:44:21,1479.15,1002016
2021-06-17 09:44:22,1479.15,1002022
2021-06-17 09:44:24,1479.7,1002072
2021-06-17 09:44:25,1479.15,1002105
2021-06-17 09:44:26,1479.7,1002123
2021-06-17 09:44:27,1479.7,1002483
2021-06-17 09:44:28,1479.7,1002487
2021-06-17 09:44:29,1479.2,1002616
2021-06-17 09:44:30,1479.5,1002816
2021-06-17 09:44:31,1479.15,1002847
2021-06-17 09:44:32,1479.5,1002906
2021-06-17 09:44:33,1479.15,1002926
2021-06-17 09:44:34,1479.15,1002939
2021-06-17 09:44:34,1479.5,1002942
2021-06-17 09:44:35,1479.15,1003062
2021-06-17 09:44:37,1479.5,1003085
2021-06-17 09:44:37,1479.15,1003096
2021-06-17 09:44:38,1479.5,1003687
2021-06-17 09:44:40,1479.5,1003699
2021-06-17 09:44:41,1479.55,1004394
2021-06-17 09:44:42,1479.5,1004396
2021-06-17 09:44:43,1479.55,1004475
2021-06-17 09:44:44,1479.55,1004710
2021-06-17 09:44:45,1479.55,1004737
2021-06-17 09:44:48,1479.5,1005010
2021-06-17 09:44:49,1479.5,1005790
2021-06-17 09:44:49,1479.5,1005710
2021-06-17 09:44:51,1479.1,1006188
2021-06-17 09:44:52,1479.55,1006239
2021-06-17 09:44:52,1479.55,1006239
2021-06-17 09:44:53,1479.55,1006244
2021-06-17 09:44:54,1479.55,1006244
2021-06-17 09:44:55,1479.55,1006244
2021-06-17 09:44:57,1479.55,1006346
2021-06-17 09:44:58,1479.6,1006366
2021-06-17 09:44:59,1479.5,1006448
2021-06-17 09:45:00,1479.9,1006785
2021-06-17 09:45:01,1479.5,1007462
2021-06-17 09:45:02,1479.5,1008223
2021-06-17 09:45:04,1479.5,1009578
2021-06-17 09:45:04,1479.5,1009576
2021-06-17 09:45:06,1479.6,1009617
2021-06-17 09:45:08,1479.6,1009921
2021-06-17 09:45:08,1479.5,1010371
2021-06-17 09:45:10,1479.5,1010417
2021-06-17 09:45:11,1479.5,1010489
2021-06-17 09:45:12,1479.55,1010523
2021-06-17 09:45:14,1479.55,1010691
2021-06-17 09:45:15,1479.6,1010810
2021-06-17 09:45:16,1479.6,1010824
2021-06-17 09:45:17,1479.65,1010828
2021-06-17 09:45:18,1479.6,1010906
2021-06-17 09:45:19,1479.6,1010979
2021-06-17 09:45:20,1479.6,1010986
2021-06-17 09:45:21,1479.6,1011047
2021-06-17 09:45:23,1479.6,1011126
2021-06-17 09:45:22,1479.6,1011073
2021-06-17 09:45:24,1479.6,1011131
2021-06-17 09:45:25,1479.6,1011252
2021-06-17 09:45:26,1479.5,1011925
2021-06-17 09:45:27,1479.5,1012204
2021-06-17 09:45:28,1479.5,1012368
2021-06-17 09:45:29,1479.5,1012384
2021-06-17 09:45:30,1479.6,1012475
2021-06-17 09:45:31,1479.6,1012475
2021-06-17 09:45:32,1479.5,1012478
2021-06-17 09:45:35,1479.5,1013752
2021-06-17 09:45:36,1479.5,1013785
2021-06-17 09:45:37,1479.5,1013789
2021-06-17 09:45:38,1479.6,1013798
2021-06-17 09:45:39,1479.55,1013949
2021-06-17 09:45:40,1479.5,1013953
2021-06-17 09:45:41,1479.5,1014028
2021-06-17 09:45:42,1479.55,1014228
2021-06-17 09:45:43,1479.5,1014287
2021-06-17 09:45:44,1479.5,1014294
2021-06-17 09:45:45,1479.55,1014296
2021-06-17 09:45:46,1479.5,1014817
2021-06-17 09:45:47,1479.55,1014943
2021-06-17 09:45:48,1479.5,1015044
2021-06-17 09:45:49,1479.5,1015110
2021-06-17 09:45:50,1479.5,1016671
2021-06-17 09:45:51,1479.5,1016862
2021-06-17 09:45:52,1479.55,1017492
2021-06-17 09:45:53,1479.55,1017639
2021-06-17 09:45:54,1479.55,1017655
2021-06-17 09:45:55,1479.5,1017755
2021-06-17 09:45:56,1479.5,1017765
2021-06-17 09:45:57,1479.55,1017776
2021-06-17 09:45:58,1479.55,1017878
2021-06-17 09:45:59,1479.5,1017893
2021-06-17 09:46:00,1479.55,1017917
2021-06-17 09:46:01,1479.5,1017942
2021-06-17 09:46:02,1479.55,1017951
2021-06-17 09:46:03,1479.5,1018400
2021-06-17 09:46:04,1479.55,1018457
2021-06-17 09:46:05,1479.55,1018473
2021-06-17 09:46:06,1479.55,1018476
2021-06-17 09:46:07,1479.55,1018476
2021-06-17 09:46:08,1479.55,1018509
2021-06-17 09:46:09,1479.5,1018581
2021-06-17 09:46:10,1479.55,1018601
2021-06-17 09:46:11,1479.55,1018894
2021-06-17 09:46:12,1479.5,1018912
2021-06-17 09:46:13,1479.5,1018955
2021-06-17 09:46:14,1479.55,1018979
2021-06-17 09:46:15,1479.5,1019049
2021-06-17 09:46:16,1479.5,1019101
2021-06-17 09:46:17,1479.55,1019122
2021-06-17 09:46:18,1479.5,1019592
2021-06-17 09:46:19,1479.5,1019639
2021-06-17 09:46:20,1479.5,1019651
2021-06-17 09:46:21,1479.5,1020834
2021-06-17 09:46:22,1479.5,1020963
2021-06-17 09:46:23,1479.5,1020976
2021-06-17 09:46:24,1479.5,1021109
2021-06-17 09:46:25,1479.5,1021229
2021-06-17 09:46:26,1479.5,1021241
2021-06-17 09:46:27,1479.55,1021397
2021-06-17 09:46:28,1479.5,1021567
2021-06-17 09:46:29,1479.5,1021589
2021-06-17 09:46:31,1479.5,1021610
2021-06-17 09:46:32,1479.55,1021668
2021-06-17 09:46:33,1479.5,1021683
2021-06-17 09:46:35,1479.5,1021717
2021-06-17 09:46:36,1479.5,1021718
2021-06-17 09:46:37,1479.55,1022084
2021-06-17 09:46:38,1479.55,1022185
2021-06-17 09:46:39,1479.55,1022237
2021-06-17 09:46:40,1479.55,1022243
2021-06-17 09:46:41,1479.55,1022293
2021-06-17 09:46:42,1479.55,1022310
2021-06-17 09:46:43,1479.6,1022321
2021-06-17 09:46:44,1479.55,1022332
2021-06-17 09:46:45,1479.6,1022353
2021-06-17 09:46:46,1479.6,1022415
2021-06-17 09:46:47,1479.6,1022668
2021-06-17 09:46:48,1479.6,1022672
2021-06-17 09:46:50,1479.55,1022798
2021-06-17 09:46:49,1479.55,1022682
2021-06-17 09:46:51,1479.65,1022950
2021-06-17 09:46:53,1479.65,1022964
2021-06-17 09:46:54,1479.65,1022964
2021-06-17 09:46:55,1479.65,1022979
2021-06-17 09:46:56,1479.65,1023147
2021-06-17 09:46:57,1479.65,1023200
2021-06-17 09:46:58,1479.65,1023235
2021-06-17 09:46:59,1479.7,1023652
2021-06-17 09:47:01,1479.7,1023657
2021-06-17 09:47:02,1479.7,1023683
2021-06-17 09:47:03,1479.7,1023688
2021-06-17 09:47:04,1479.75,1023839
2021-06-17 09:47:06,1479.75,1023964
2021-06-17 09:47:07,1479.75,1024040
2021-06-17 09:47:08,1479.75,1024055
2021-06-17 09:47:10,1479.5,1026207
2021-06-17 09:47:09,1479.65,1024102
2021-06-17 09:47:11,1479.5,1026418
2021-06-17 09:47:12,1479.5,1026439
2021-06-17 09:47:13,1479.7,1026460
2021-06-17 09:47:14,1479.55,1026463
2021-06-17 09:47:15,1479.55,1026551
2021-06-17 09:47:16,1479.7,1026570
2021-06-17 09:47:17,1479.7,1026684
2021-06-17 09:47:18,1479.7,1026703
2021-06-17 09:47:19,1479.7,1026703
2021-06-17 09:47:20,1479.7,1026703
2021-06-17 09:47:21,1479.7,1026703
2021-06-17 09:47:22,1479.55,1026716
2021-06-17 09:47:23,1479.7,1026733
2021-06-17 09:47:26,1479.55,1026759
2021-06-17 09:47:26,1479.55,1026761
2021-06-17 09:47:28,1479.7,1026873
2021-06-17 09:47:29,1479.55,1026876
2021-06-17 09:47:29,1479.55,1027005
2021-06-17 09:47:30,1479.55,1027033
2021-06-17 09:47:31,1479.7,1027141
2021-06-17 09:47:32,1479.7,1027141
2021-06-17 09:47:33,1479.7,1027538
2021-06-17 09:47:34,1479.7,1027543
2021-06-17 09:47:35,1479.1,1029204
2021-06-17 09:47:36,1479.1,1029371
2021-06-17 09:47:37,1479.0,1029546
2021-06-17 09:47:38,1479.05,1029610
2021-06-17 09:47:39,1479.05,1029626
2021-06-17 09:47:40,1479.3,1029633
2021-06-17 09:47:41,1479.3,1029633
2021-06-17 09:47:42,1479.3,1029662
2021-06-17 09:47:44,1479.3,1029919
2021-06-17 09:47:44,1479.3,1029717
2021-06-17 09:47:45,1479.3,1030052
2021-06-17 09:47:46,1479.3,1030109
2021-06-17 09:47:47,1479.3,1030128
2021-06-17 09:47:48,1479.3,1030133
2021-06-17 09:47:49,1479.3,1030429
2021-06-17 09:47:50,1479.0,1030494
2021-06-17 09:47:52,1479.0,1030509
2021-06-17 09:47:53,1479.3,1030515
2021-06-17 09:47:54,1479.0,1030628
2021-06-17 09:47:55,1479.4,1030759
2021-06-17 09:47:55,1479.4,1030759
2021-06-17 09:47:56,1479.55,1030925
2021-06-17 09:47:57,1479.55,1031026
2021-06-17 09:47:58,1479.05,1031288
2021-06-17 09:47:59,1479.1,1031314
2021-06-17 09:48:00,1479.1,1031321
2021-06-17 09:48:01,1479.1,1031323
2021-06-17 09:48:02,1479.1,1031340
2021-06-17 09:48:03,1479.4,1031350
2021-06-17 09:48:04,1479.1,1031484
2021-06-17 09:48:05,1479.1,1031937
2021-06-17 09:48:06,1479.55,1032003
2021-06-17 09:48:07,1479.5,1032483
2021-06-17 09:48:08,1479.5,1032483
2021-06-17 09:48:09,1479.5,1032617
2021-06-17 09:48:10,1479.5,1032633
2021-06-17 09:48:12,1479.0,1032717
2021-06-17 09:48:12,1479.0,1032709
2021-06-17 09:48:13,1479.0,1032724
2021-06-17 09:48:14,1479.0,1032767
2021-06-17 09:48:15,1479.25,1032817
2021-06-17 09:48:16,1479.0,1032909
2021-06-17 09:48:17,1479.0,1032955
2021-06-17 09:48:18,1479.5,1032961
2021-06-17 09:48:19,1479.0,1032981
2021-06-17 09:48:21,1479.0,1032993
2021-06-17 09:48:23,1479.4,1033174
2021-06-17 09:48:24,1479.0,1033435
2021-06-17 09:48:25,1479.0,1034661
2021-06-17 09:48:27,1479.0,1034983
2021-06-17 09:48:28,1479.0,1035410
2021-06-17 09:48:28,1479.0,1035370
2021-06-17 09:48:29,1479.0,1035420
2021-06-17 09:48:30,1479.0,1035427
2021-06-17 09:48:31,1479.0,1035482
2021-06-17 09:48:32,1479.25,1035598
2021-06-17 09:48:33,1479.25,1035626
2021-06-17 09:48:34,1479.25,1035626
2021-06-17 09:48:35,1479.0,1035761
2021-06-17 09:48:36,1479.15,1035868
2021-06-17 09:48:37,1479.0,1036604
2021-06-17 09:48:38,1478.7,1041813
2021-06-17 09:48:39,1478.8,1041969
2021-06-17 09:48:40,1478.8,1041969
2021-06-17 09:48:41,1478.65,1042035
2021-06-17 09:48:42,1478.5,1042056
2021-06-17 09:48:43,1478.5,1042640
2021-06-17 09:48:44,1478.65,1042924
2021-06-17 09:48:45,1478.4,1042985
2021-06-17 09:48:47,1478.4,1043025
2021-06-17 09:48:48,1478.45,1043039
2021-06-17 09:48:49,1478.4,1043501
2021-06-17 09:48:50,1478.65,1043747
2021-06-17 09:48:53,1478.4,1044105
2021-06-17 09:48:53,1478.4,1044006
2021-06-17 09:48:54,1478.4,1044254
2021-06-17 09:48:55,1478.4,1044331
2021-06-17 09:48:57,1478.45,1044459
2021-06-17 09:48:58,1478.4,1044850
2021-06-17 09:48:59,1478.45,1044959
2021-06-17 09:49:00,1478.45,1045080
2021-06-17 09:49:01,1478.4,1045091
2021-06-17 09:49:02,1478.7,1046144
2021-06-17 09:49:03,1479.0,1046254
2021-06-17 09:49:04,1479.2,1046304
2021-06-17 09:49:05,1478.75,1046305
2021-06-17 09:49:07,1478.75,1046400
2021-06-17 09:49:07,1478.75,1046410
2021-06-17 09:49:08,1478.75,1046515
2021-06-17 09:49:09,1479.15,1046652
2021-06-17 09:49:10,1478.75,1046679
2021-06-17 09:49:11,1479.15,1046718
2021-06-17 09:49:12,1479.0,1047125
2021-06-17 09:49:13,1479.0,1047481
2021-06-17 09:49:14,1479.0,1047579
2021-06-17 09:49:15,1479.0,1047692
2021-06-17 09:49:16,1479.0,1047724
2021-06-17 09:49:17,1479.3,1047729
2021-06-17 09:49:18,1479.0,1048035
2021-06-17 09:49:20,1479.4,1048071
2021-06-17 09:49:21,1479.4,1048071
2021-06-17 09:49:22,1479.15,1048072
2021-06-17 09:49:22,1479.15,1048072
2021-06-17 09:49:23,1479.15,1048105
2021-06-17 09:49:24,1479.15,1048119
2021-06-17 09:49:25,1479.15,1048123
2021-06-17 09:49:26,1479.15,1048248
2021-06-17 09:49:27,1479.2,1048372
2021-06-17 09:49:28,1479.45,1048388
2021-06-17 09:49:29,1479.2,1048390
2021-06-17 09:49:30,1479.45,1048391
2021-06-17 09:49:32,1479.45,1048391
2021-06-17 09:49:33,1479.45,1048802
2021-06-17 09:49:34,1479.5,1049502
2021-06-17 09:49:35,1479.5,1049504
2021-06-17 09:49:36,1479.5,1049504
2021-06-17 09:49:37,1479.5,1049504
2021-06-17 09:49:38,1479.5,1049584
2021-06-17 09:49:38,1479.5,1049584
2021-06-17 09:49:39,1479.45,1049664
2021-06-17 09:49:40,1479.5,1049783
2021-06-17 09:49:41,1479.5,1049793
2021-06-17 09:49:42,1479.5,1049799
2021-06-17 09:49:44,1479.45,1049849
2021-06-17 09:49:45,1479.45,1050432
2021-06-17 09:49:46,1479.5,1050551
2021-06-17 09:49:46,1479.5,1050561
2021-06-17 09:49:47,1479.45,1050633
2021-06-17 09:49:48,1479.45,1050647
2021-06-17 09:49:49,1479.45,1050728
2021-06-17 09:49:50,1479.45,1050849
2021-06-17 09:49:51,1479.45,1050874
2021-06-17 09:49:52,1479.5,1050881
2021-06-17 09:49:54,1479.45,1050948
2021-06-17 09:49:55,1479.5,1051009
2021-06-17 09:49:56,1479.5,1051159
2021-06-17 09:49:58,1479.5,1051163
2021-06-17 09:49:59,1479.1,1051514
2021-06-17 09:50:01,1478.7,1051907
2021-06-17 09:50:01,1478.7,1051897
2021-06-17 09:50:03,1478.5,1052034
2021-06-17 09:50:04,1478.5,1052057
2021-06-17 09:50:05,1478.7,1052326
2021-06-17 09:50:05,1478.7,1052326
2021-06-17 09:50:06,1478.7,1052624
2021-06-17 09:50:07,1478.8,1052809
2021-06-17 09:50:08,1478.7,1052850
2021-06-17 09:50:10,1478.8,1052902
2021-06-17 09:50:11,1478.8,1052907
2021-06-17 09:50:12,1479.0,1053008
2021-06-17 09:50:13,1478.8,1053032
2021-06-17 09:50:14,1478.8,1053134
2021-06-17 09:50:15,1478.8,1053179
2021-06-17 09:50:16,1478.8,1053312
2021-06-17 09:50:17,1478.8,1053346
2021-06-17 09:50:17,1478.8,1053359
2021-06-17 09:50:18,1479.0,1053365
2021-06-17 09:50:19,1478.8,1053373
2021-06-17 09:50:20,1478.8,1053379
2021-06-17 09:50:22,1478.8,1053442
2021-06-17 09:50:23,1478.8,1053463
2021-06-17 09:50:24,1478.8,1053466
2021-06-17 09:50:24,1478.8,1053466
2021-06-17 09:50:25,1478.9,1053585
2021-06-17 09:50:26,1478.95,1053760
2021-06-17 09:50:27,1478.8,1054091
2021-06-17 09:50:28,1478.8,1054397
2021-06-17 09:50:29,1478.95,1054529
2021-06-17 09:50:32,1478.8,1054664
2021-06-17 09:50:34,1479.0,1054947
2021-06-17 09:50:35,1479.0,1054966
2021-06-17 09:50:36,1478.95,1055042
2021-06-17 09:50:37,1479.0,1055116
2021-06-17 09:50:37,1479.0,1055116
2021-06-17 09:50:38,1478.95,1055143
2021-06-17 09:50:39,1478.95,1055152
2021-06-17 09:50:40,1478.95,1055174
2021-06-17 09:50:41,1478.95,1055186
2021-06-17 09:50:42,1479.0,1055270
2021-06-17 09:50:43,1479.0,1055273
2021-06-17 09:50:44,1478.95,1055282
2021-06-17 09:50:45,1479.1,1055836
2021-06-17 09:50:46,1479.45,1055928
2021-06-17 09:50:47,1479.5,1056928
2021-06-17 09:50:48,1479.5,1056931
2021-06-17 09:50:50,1479.5,1057325
2021-06-17 09:50:51,1479.1,1057359
2021-06-17 09:50:52,1479.0,1057556
2021-06-17 09:50:52,1479.3,1057583
2021-06-17 09:50:54,1479.15,1058127
2021-06-17 09:50:55,1479.0,1058378
2021-06-17 09:50:56,1479.0,1058492
2021-06-17 09:50:56,1479.0,1058481
2021-06-17 09:50:57,1479.2,1058520
2021-06-17 09:50:58,1479.35,1058711
2021-06-17 09:50:59,1479.35,1058712
2021-06-17 09:51:00,1479.3,1058722
2021-06-17 09:51:01,1479.3,1058836
2021-06-17 09:51:02,1479.3,1058865
2021-06-17 09:51:03,1479.3,1058888
2021-06-17 09:51:04,1479.2,1059309
2021-06-17 09:51:05,1479.05,1059400
2021-06-17 09:51:06,1479.05,1059756
2021-06-17 09:51:08,1479.3,1059834
2021-06-17 09:51:09,1479.15,1059837
2021-06-17 09:51:10,1479.15,1059888
2021-06-17 09:51:10,1479.15,1059888
2021-06-17 09:51:11,1479.0,1060504
2021-06-17 09:51:12,1479.0,1060542
2021-06-17 09:51:14,1479.0,1062411
2021-06-17 09:51:15,1479.0,1062427
2021-06-17 09:51:16,1478.9,1062548
2021-06-17 09:51:18,1479.0,1062579
2021-06-17 09:51:19,1479.0,1062874
2021-06-17 09:51:21,1478.75,1063512
2021-06-17 09:51:21,1478.75,1063512
2021-06-17 09:51:22,1478.85,1063582
2021-06-17 09:51:23,1478.9,1063600
2021-06-17 09:51:24,1478.5,1063760
2021-06-17 09:51:25,1478.5,1063879
2021-06-17 09:51:26,1478.5,1063891
2021-06-17 09:51:27,1478.85,1063899
2021-06-17 09:51:28,1478.85,1063934
2021-06-17 09:51:30,1478.85,1063939
2021-06-17 09:51:31,1478.85,1064137
2021-06-17 09:51:31,1478.85,1064140
2021-06-17 09:51:32,1478.85,1064483
2021-06-17 09:51:33,1478.85,1064489
2021-06-17 09:51:34,1478.5,1064920
2021-06-17 09:51:35,1478.8,1065004
2021-06-17 09:51:36,1478.5,1065330
2021-06-17 09:51:37,1478.8,1065372
2021-06-17 09:51:38,1478.5,1065545
2021-06-17 09:51:40,1478.8,1065583
2021-06-17 09:51:42,1478.5,1065959
2021-06-17 09:51:43,1478.8,1066023
2021-06-17 09:51:45,1478.5,1066036
2021-06-17 09:51:45,1478.5,1066038
2021-06-17 09:51:47,1478.5,1066109
2021-06-17 09:51:48,1478.8,1066120
2021-06-17 09:51:49,1478.8,1066589
2021-06-17 09:51:50,1478.9,1067137
2021-06-17 09:51:51,1478.9,1067146
2021-06-17 09:51:53,1478.9,1067207
2021-06-17 09:51:54,1478.5,1067272
2021-06-17 09:51:55,1478.9,1067291
2021-06-17 09:51:56,1478.95,1067711
2021-06-17 09:51:56,1478.95,1067527
2021-06-17 09:51:57,1478.95,1067722
2021-06-17 09:51:59,1478.95,1067727
2021-06-17 09:52:00,1478.95,1067737
2021-06-17 09:52:01,1478.95,1067737
2021-06-17 09:52:02,1478.95,1068473
2021-06-17 09:52:02,1478.8,1068400
2021-06-17 09:52:03,1478.95,1068578
2021-06-17 09:52:04,1478.95,1068578
2021-06-17 09:52:06,1478.95,1068624
2021-06-17 09:52:07,1479.0,1068724
2021-06-17 09:52:08,1479.0,1068730
2021-06-17 09:52:09,1479.0,1068730
2021-06-17 09:52:10,1478.9,1069231
2021-06-17 09:52:11,1478.95,1069291
2021-06-17 09:52:12,1478.95,1069291
2021-06-17 09:52:13,1478.95,1069305
2021-06-17 09:52:14,1478.95,1069612
2021-06-17 09:52:15,1478.9,1069618
2021-06-17 09:52:19,1478.95,1069708
2021-06-17 09:52:18,1478.95,1069665
2021-06-17 09:52:19,1478.9,1069715
2021-06-17 09:52:20,1479.0,1069727
2021-06-17 09:52:21,1479.0,1069828
2021-06-17 09:52:22,1479.0,1069867
2021-06-17 09:52:25,1479.0,1070855
2021-06-17 09:52:26,1478.95,1070867
2021-06-17 09:52:28,1478.95,1071582
2021-06-17 09:52:29,1479.1,1071654
2021-06-17 09:52:30,1479.05,1071679
2021-06-17 09:52:31,1479.05,1071776
2021-06-17 09:52:31,1479.05,1071776
2021-06-17 09:52:32,1478.95,1072252
2021-06-17 09:52:34,1478.95,1072270
2021-06-17 09:52:35,1478.95,1072378
2021-06-17 09:52:36,1478.85,1072431
2021-06-17 09:52:37,1478.85,1072447
2021-06-17 09:52:38,1478.85,1072593
2021-06-17 09:52:39,1478.85,1072595
2021-06-17 09:52:39,1478.85,1072595
2021-06-17 09:52:40,1478.85,1072612
2021-06-17 09:52:41,1478.85,1072962
2021-06-17 09:52:43,1478.85,1072989
2021-06-17 09:52:44,1478.85,1072990
2021-06-17 09:52:45,1478.85,1073061
2021-06-17 09:52:46,1478.85,1073094
2021-06-17 09:52:48,1478.9,1073207
2021-06-17 09:52:49,1478.8,1073337
2021-06-17 09:52:49,1478.9,1073352
2021-06-17 09:52:50,1478.95,1073502
2021-06-17 09:52:51,1478.8,1073512
2021-06-17 09:52:52,1478.95,1073517
2021-06-17 09:52:54,1478.9,1073523
2021-06-17 09:52:55,1478.9,1073547
2021-06-17 09:52:56,1478.85,1073562
2021-06-17 09:52:57,1478.85,1073566
2021-06-17 09:52:58,1478.9,1073624
2021-06-17 09:52:59,1478.9,1073624
2021-06-17 09:52:59,1478.9,1073624
2021-06-17 09:53:00,1478.9,1073765
2021-06-17 09:53:02,1478.85,1074016
2021-06-17 09:53:04,1478.85,1074041
2021-06-17 09:53:05,1478.95,1074063
2021-06-17 09:53:06,1478.9,1074082
2021-06-17 09:53:07,1479.0,1074190
2021-06-17 09:53:08,1479.0,1074303
2021-06-17 09:53:09,1479.0,1074353
2021-06-17 09:53:09,1479.0,1074353
2021-06-17 09:53:10,1479.1,1075209
2021-06-17 09:53:12,1479.5,1075429
2021-06-17 09:53:13,1479.5,1075433
2021-06-17 09:53:14,1479.0,1075444
2021-06-17 09:53:15,1479.05,1075450
2021-06-17 09:53:15,1479.05,1075449
2021-06-17 09:53:16,1479.05,1075452
2021-06-17 09:53:17,1479.5,1075612
2021-06-17 09:53:19,1479.5,1076224
2021-06-17 09:53:20,1479.05,1076342
2021-06-17 09:53:21,1479.5,1076374
2021-06-17 09:53:22,1479.5,1076374
2021-06-17 09:53:23,1479.5,1076411
2021-06-17 09:53:23,1479.5,1076411
2021-06-17 09:53:24,1479.05,1076465
2021-06-17 09:53:27,1479.05,1077144
2021-06-17 09:53:28,1479.2,1077165
2021-06-17 09:53:29,1479.2,1077191
2021-06-17 09:53:30,1479.95,1082098
2021-06-17 09:53:30,1480.0,1086133
2021-06-17 09:53:31,1480.2,1086851
2021-06-17 09:53:33,1479.75,1086962
2021-06-17 09:53:34,1479.75,1087015
2021-06-17 09:53:35,1480.2,1087373
2021-06-17 09:53:35,1479.75,1087283
2021-06-17 09:53:36,1480.2,1087488
2021-06-17 09:53:37,1480.05,1087556
2021-06-17 09:53:39,1479.75,1087709
2021-06-17 09:53:40,1480.1,1087900
2021-06-17 09:53:41,1479.75,1088901
2021-06-17 09:53:42,1480.15,1088922
2021-06-17 09:53:43,1480.15,1089900
2021-06-17 09:53:44,1480.2,1090053
2021-06-17 09:53:45,1480.2,1090525
2021-06-17 09:53:46,1479.9,1091174
2021-06-17 09:53:47,1480.3,1091377
2021-06-17 09:53:49,1479.9,1091430
2021-06-17 09:53:50,1480.5,1091585
2021-06-17 09:53:51,1480.5,1091837
2021-06-17 09:53:52,1480.5,1091873
2021-06-17 09:53:53,1480.5,1092073
2021-06-17 09:53:54,1480.35,1092083
2021-06-17 09:53:55,1480.35,1092084
2021-06-17 09:53:56,1480.35,1092128
2021-06-17 09:53:57,1480.5,1092349
2021-06-17 09:53:58,1480.6,1093815
2021-06-17 09:54:00,1480.65,1094098
2021-06-17 09:54:01,1480.65,1094269
2021-06-17 09:54:02,1480.6,1094440
2021-06-17 09:54:03,1480.65,1094461
2021-06-17 09:54:03,1480.65,1094461
2021-06-17 09:54:04,1480.85,1094961
2021-06-17 09:54:06,1480.75,1095005
2021-06-17 09:54:07,1480.9,1095279
2021-06-17 09:54:08,1480.8,1095378
2021-06-17 09:54:09,1480.6,1096796
2021-06-17 09:54:10,1480.6,1096812
2021-06-17 09:54:11,1480.6,1097090
2021-06-17 09:54:12,1481.0,1097179
2021-06-17 09:54:13,1481.0,1097790
2021-06-17 09:54:15,1480.75,1097942
2021-06-17 09:54:16,1480.75,1097957
2021-06-17 09:54:17,1481.1,1099661
2021-06-17 09:54:18,1481.1,1101113
2021-06-17 09:54:19,1481.1,1101211
2021-06-17 09:54:20,1481.1,1101482
2021-06-17 09:54:22,1481.2,1101705
2021-06-17 09:54:22,1481.2,1101705
2021-06-17 09:54:23,1481.2,1101705
2021-06-17 09:54:25,1481.2,1101808
2021-06-17 09:54:26,1481.25,1101887
2021-06-17 09:54:27,1481.45,1103197
2021-06-17 09:54:28,1481.45,1103448
2021-06-17 09:54:29,1481.25,1105357
2021-06-17 09:54:29,1481.7,1105662
2021-06-17 09:54:30,1481.7,1105672
2021-06-17 09:54:32,1481.25,1105765
2021-06-17 09:54:33,1481.75,1106676
2021-06-17 09:54:34,1481.75,1106815
2021-06-17 09:54:35,1481.75,1107553
2021-06-17 09:54:35,1481.75,1107553
2021-06-17 09:54:36,1481.85,1109053
2021-06-17 09:54:38,1481.85,1109237
2021-06-17 09:54:39,1481.75,1109772
2021-06-17 09:54:40,1481.75,1109826
2021-06-17 09:54:41,1481.85,1111026
2021-06-17 09:54:42,1481.85,1113149
2021-06-17 09:54:43,1481.85,1113402
2021-06-17 09:54:43,1481.85,1113403
2021-06-17 09:54:44,1481.95,1114267
2021-06-17 09:54:46,1481.95,1114823
2021-06-17 09:54:47,1481.95,1114836
2021-06-17 09:54:48,1481.75,1114941
2021-06-17 09:54:49,1481.65,1115606
2021-06-17 09:54:50,1481.95,1115694
2021-06-17 09:54:51,1481.85,1115744
2021-06-17 09:54:52,1481.9,1115749
2021-06-17 09:54:53,1482.0,1115786
2021-06-17 09:54:55,1481.9,1115867
2021-06-17 09:54:56,1481.9,1115993
2021-06-17 09:54:58,1482.0,1116030
2021-06-17 09:54:59,1482.1,1119631
2021-06-17 09:55:00,1482.1,1120782
2021-06-17 09:55:01,1482.1,1120898
2021-06-17 09:55:03,1482.5,1121612
2021-06-17 09:55:04,1482.45,1121626
2021-06-17 09:55:05,1482.1,1121667
2021-06-17 09:55:05,1482.35,1121695
2021-06-17 09:55:07,1482.3,1122251
2021-06-17 09:55:08,1482.5,1122645
2021-06-17 09:55:09,1482.5,1123500
2021-06-17 09:55:10,1482.35,1123596
2021-06-17 09:55:11,1482.45,1125420
2021-06-17 09:55:11,1482.45,1125420
2021-06-17 09:55:12,1482.45,1126212
2021-06-17 09:55:13,1482.25,1127039
2021-06-17 09:55:15,1482.45,1127645
2021-06-17 09:55:17,1482.25,1128760
2021-06-17 09:55:19,1482.5,1129281
2021-06-17 09:55:20,1482.5,1129478
2021-06-17 09:55:21,1482.5,1129485
2021-06-17 09:55:21,1482.5,1130185
2021-06-17 09:55:23,1482.55,1131040
2021-06-17 09:55:25,1482.45,1131203
2021-06-17 09:55:26,1482.5,1131772
2021-06-17 09:55:29,1482.4,1132259
2021-06-17 09:55:30,1482.55,1132272
2021-06-17 09:55:31,1482.55,1132580
2021-06-17 09:55:32,1482.25,1133017
2021-06-17 09:55:33,1482.25,1133266
2021-06-17 09:55:33,1482.25,1133266
2021-06-17 09:55:35,1482.3,1133547
2021-06-17 09:55:36,1482.3,1134167
2021-06-17 09:55:37,1482.3,1134687
2021-06-17 09:55:38,1482.25,1134736
2021-06-17 09:55:39,1482.2,1134803
2021-06-17 09:55:39,1482.3,1134825
2021-06-17 09:55:40,1482.3,1134914
2021-06-17 09:55:42,1482.2,1134940
2021-06-17 09:55:43,1482.35,1135039
2021-06-17 09:55:44,1482.3,1135056
2021-06-17 09:55:45,1482.3,1135165
2021-06-17 09:55:45,1482.3,1135167
2021-06-17 09:55:46,1482.2,1135231
2021-06-17 09:55:47,1482.3,1135242
2021-06-17 09:55:49,1482.25,1135350
2021-06-17 09:55:50,1482.25,1135390
2021-06-17 09:55:51,1482.25,1135453
2021-06-17 09:55:53,1482.2,1136165
2021-06-17 09:55:54,1482.15,1136268
2021-06-17 09:55:55,1482.35,1136316
2021-06-17 09:55:56,1482.35,1136316
2021-06-17 09:55:57,1482.35,1136321
2021-06-17 09:55:58,1482.35,1136425
2021-06-17 09:56:00,1482.25,1137877
2021-06-17 09:56:02,1482.45,1138073
2021-06-17 09:56:01,1482.45,1138072
2021-06-17 09:56:03,1482.45,1138087
2021-06-17 09:56:04,1482.45,1138506
2021-06-17 09:56:05,1482.45,1138612
2021-06-17 09:56:06,1482.35,1138845
2021-06-17 09:56:07,1482.35,1139055
2021-06-17 09:56:09,1482.3,1139172
2021-06-17 09:56:08,1482.3,1139161
2021-06-17 09:56:10,1482.35,1139538
2021-06-17 09:56:11,1482.35,1139562
2021-06-17 09:56:12,1482.35,1140367
2021-06-17 09:56:13,1482.35,1140430
2021-06-17 09:56:14,1482.45,1140773
2021-06-17 09:56:15,1482.3,1140785
2021-06-17 09:56:16,1482.3,1140854
2021-06-17 09:56:17,1482.45,1140965
2021-06-17 09:56:18,1482.45,1140990
2021-06-17 09:56:20,1482.3,1141041
2021-06-17 09:56:21,1482.45,1141547
2021-06-17 09:56:22,1482.45,1142290
2021-06-17 09:56:23,1482.45,1142310
2021-06-17 09:56:24,1482.5,1142840
2021-06-17 09:56:25,1482.45,1142861
2021-06-17 09:56:26,1482.5,1143032
2021-06-17 09:56:27,1482.45,1143097
2021-06-17 09:56:28,1482.5,1143164
2021-06-17 09:56:29,1482.45,1143168
2021-06-17 09:56:30,1482.5,1143234
2021-06-17 09:56:31,1482.5,1143241
2021-06-17 09:56:33,1482.5,1144893
2021-06-17 09:56:34,1482.4,1145077
2021-06-17 09:56:35,1482.45,1145145
2021-06-17 09:56:37,1482.35,1145240
2021-06-17 09:56:36,1482.35,1145231
2021-06-17 09:56:38,1482.5,1145576
2021-06-17 09:56:39,1482.5,1145872
2021-06-17 09:56:40,1482.5,1145971
2021-06-17 09:56:41,1482.5,1146587
2021-06-17 09:56:42,1482.55,1147295
2021-06-17 09:56:43,1482.55,1147305
2021-06-17 09:56:44,1482.5,1147323
2021-06-17 09:56:45,1482.5,1147444
2021-06-17 09:56:46,1482.5,1147444
2021-06-17 09:56:47,1482.5,1147444
2021-06-17 09:56:48,1482.5,1147519
2021-06-17 09:56:49,1482.5,1147523
2021-06-17 09:56:50,1482.5,1148280
2021-06-17 09:56:51,1482.5,1148324
2021-06-17 09:56:52,1482.5,1148369
2021-06-17 09:56:53,1482.55,1148979
2021-06-17 09:56:54,1482.55,1149030
2021-06-17 09:56:55,1482.55,1149035
2021-06-17 09:56:56,1482.5,1149066
2021-06-17 09:56:57,1482.5,1150433
2021-06-17 09:56:58,1482.5,1150824
2021-06-17 09:56:59,1482.55,1150893
2021-06-17 09:57:00,1482.65,1150957
2021-06-17 09:57:01,1482.55,1150976
2021-06-17 09:57:02,1482.65,1150982
2021-06-17 09:57:03,1482.65,1150986
2021-06-17 09:57:04,1482.55,1151140
2021-06-17 09:57:05,1482.55,1151187
2021-06-17 09:57:06,1482.55,1151247
2021-06-17 09:57:07,1482.75,1151364
2021-06-17 09:57:08,1482.65,1151371
2021-06-17 09:57:09,1482.55,1152584
2021-06-17 09:57:10,1482.65,1152722
2021-06-17 09:57:12,1482.55,1153868
2021-06-17 09:57:13,1482.55,1154051
2021-06-17 09:57:14,1482.65,1154074
2021-06-17 09:57:15,1482.65,1154082
2021-06-17 09:57:16,1482.65,1154278
2021-06-17 09:57:18,1482.65,1154292
2021-06-17 09:57:17,1482.55,1154287
2021-06-17 09:57:19,1482.7,1154380
2021-06-17 09:57:20,1482.7,1155070
2021-06-17 09:57:21,1482.7,1155897
2021-06-17 09:57:22,1482.7,1155901
2021-06-17 09:57:23,1482.55,1157886
2021-06-17 09:57:24,1482.55,1157886
2021-06-17 09:57:25,1482.45,1157946
2021-06-17 09:57:26,1482.55,1158069
2021-06-17 09:57:27,1482.6,1158911
2021-06-17 09:57:28,1482.6,1158968
2021-06-17 09:57:29,1482.55,1158988
2021-06-17 09:57:30,1482.55,1159123
2021-06-17 09:57:31,1482.55,1159719
2021-06-17 09:57:32,1482.45,1159810
2021-06-17 09:57:33,1482.6,1159929
2021-06-17 09:57:34,1482.6,1160045
2021-06-17 09:57:35,1482.65,1160214
2021-06-17 09:57:36,1482.6,1160317
2021-06-17 09:57:37,1482.65,1160334
2021-06-17 09:57:38,1482.65,1160424
2021-06-17 09:57:39,1482.6,1161081
2021-06-17 09:57:40,1482.8,1161397
2021-06-17 09:57:41,1482.75,1161512
2021-06-17 09:57:42,1483.3,1164811
2021-06-17 09:57:43,1483.4,1165316
2021-06-17 09:57:44,1483.4,1165461
2021-06-17 09:57:45,1483.05,1165691
2021-06-17 09:57:46,1483.05,1165748
2021-06-17 09:57:47,1483.05,1165822
2021-06-17 09:57:48,1483.05,1166701
2021-06-17 09:57:49,1483.5,1166810
2021-06-17 09:57:50,1483.5,1166810
2021-06-17 09:57:51,1483.5,1166850
2021-06-17 09:57:52,1483.4,1167470
2021-06-17 09:57:53,1483.6,1168800
2021-06-17 09:57:54,1483.6,1170182
2021-06-17 09:57:55,1483.5,1170450
2021-06-17 09:57:57,1483.8,1170783
2021-06-17 09:57:58,1483.85,1172159
2021-06-17 09:57:59,1483.95,1172918
2021-06-17 09:58:00,1483.8,1174292
2021-06-17 09:58:01,1483.95,1175665
2021-06-17 09:58:02,1483.8,1176183
2021-06-17 09:58:03,1483.8,1176284
2021-06-17 09:58:05,1483.8,1176843
2021-06-17 09:58:06,1483.95,1176846
2021-06-17 09:58:07,1483.9,1176997
2021-06-17 09:58:08,1483.9,1178125
2021-06-17 09:58:09,1483.9,1178514
2021-06-17 09:58:10,1484.0,1178700
2021-06-17 09:58:11,1484.0,1179237
2021-06-17 09:58:13,1483.9,1180732
2021-06-17 09:58:14,1484.1,1181219
2021-06-17 09:58:15,1483.9,1181544
2021-06-17 09:58:16,1484.0,1181649
2021-06-17 09:58:17,1484.0,1181897
2021-06-17 09:58:17,1484.1,1181974
2021-06-17 09:58:18,1484.1,1182048
2021-06-17 09:58:19,1484.0,1182764
2021-06-17 09:58:21,1483.8,1185638
2021-06-17 09:58:22,1483.6,1186531
2021-06-17 09:58:23,1483.6,1186574
2021-06-17 09:58:25,1483.65,1186867
2021-06-17 09:58:25,1483.65,1186907
2021-06-17 09:58:26,1483.65,1186907
2021-06-17 09:58:27,1483.65,1186912
2021-06-17 09:58:28,1483.7,1187120
2021-06-17 09:58:29,1483.7,1187197
2021-06-17 09:58:30,1483.65,1187198
2021-06-17 09:58:31,1483.85,1187335
2021-06-17 09:58:32,1483.65,1187623
2021-06-17 09:58:34,1483.8,1187758
2021-06-17 09:58:35,1483.8,1188123
2021-06-17 09:58:36,1483.75,1188234
2021-06-17 09:58:37,1483.75,1188811
2021-06-17 09:58:38,1483.75,1188929
2021-06-17 09:58:39,1483.75,1188929
2021-06-17 09:58:40,1483.65,1189634
2021-06-17 09:58:41,1483.85,1189706
2021-06-17 09:58:42,1483.5,1190986
2021-06-17 09:58:43,1483.4,1192414
2021-06-17 09:58:44,1483.4,1192414
2021-06-17 09:58:45,1483.35,1192476
2021-06-17 09:58:46,1483.4,1192483
2021-06-17 09:58:47,1483.05,1192801
2021-06-17 09:58:48,1483.45,1193112
2021-06-17 09:58:49,1483.5,1193236
2021-06-17 09:58:50,1483.4,1193329
2021-06-17 09:58:52,1483.4,1193528
2021-06-17 09:58:53,1483.6,1193662
2021-06-17 09:58:54,1483.6,1193698
2021-06-17 09:58:55,1483.4,1193758
2021-06-17 09:58:56,1483.6,1194253
2021-06-17 09:58:56,1483.25,1194254
2021-06-17 09:58:57,1483.25,1194380
2021-06-17 09:58:58,1483.65,1195107
2021-06-17 09:58:59,1483.55,1195191
2021-06-17 09:59:00,1483.7,1195234
2021-06-17 09:59:01,1483.8,1195474
2021-06-17 09:59:03,1483.65,1195705
2021-06-17 09:59:05,1483.85,1195788
2021-06-17 09:59:05,1483.85,1195788
2021-06-17 09:59:07,1483.8,1195864
2021-06-17 09:59:08,1483.9,1196588
2021-06-17 09:59:09,1483.8,1196691
2021-06-17 09:59:09,1484.0,1196727
2021-06-17 09:59:10,1483.8,1197328
2021-06-17 09:59:12,1483.8,1198162
2021-06-17 09:59:12,1483.8,1198246
2021-06-17 09:59:13,1484.0,1198286
2021-06-17 09:59:14,1483.95,1198409
2021-06-17 09:59:15,1483.95,1198465
2021-06-17 09:59:16,1483.95,1198465
2021-06-17 09:59:17,1484.0,1199156
2021-06-17 09:59:18,1484.0,1199488
2021-06-17 09:59:19,1483.95,1199640
2021-06-17 09:59:20,1483.95,1199771
2021-06-17 09:59:21,1484.0,1199785
2021-06-17 09:59:23,1483.85,1201270
2021-06-17 09:59:24,1483.95,1201521
2021-06-17 09:59:24,1484.0,1201599
2021-06-17 09:59:25,1483.85,1201728
2021-06-17 09:59:26,1484.0,1201845
2021-06-17 09:59:27,1484.0,1203372
2021-06-17 09:59:28,1484.0,1203452
2021-06-17 09:59:29,1484.05,1204859
2021-06-17 09:59:30,1484.05,1204970
2021-06-17 09:59:31,1484.0,1205189
2021-06-17 09:59:32,1483.95,1207210
2021-06-17 09:59:33,1484.05,1207476
2021-06-17 09:59:34,1484.05,1207506
2021-06-17 09:59:35,1484.05,1207648
2021-06-17 09:59:36,1484.0,1207758
2021-06-17 09:59:37,1484.05,1207983
2021-06-17 09:59:38,1484.05,1208147
2021-06-17 09:59:40,1484.05,1208229
2021-06-17 09:59:41,1484.0,1208552
2021-06-17 09:59:42,1483.45,1213142
2021-06-17 09:59:43,1483.45,1213895
2021-06-17 09:59:43,1483.45,1213895
2021-06-17 09:59:44,1483.45,1213945
2021-06-17 09:59:45,1483.55,1214449
2021-06-17 09:59:46,1483.0,1214584
2021-06-17 09:59:47,1483.65,1214699
2021-06-17 09:59:48,1483.6,1214703
2021-06-17 09:59:49,1483.45,1214704
2021-06-17 09:59:50,1483.45,1214834
2021-06-17 09:59:51,1483.35,1215500
2021-06-17 09:59:52,1483.5,1215687
2021-06-17 09:59:53,1483.3,1216001
2021-06-17 09:59:54,1483.35,1216315
2021-06-17 09:59:55,1483.25,1216323
2021-06-17 09:59:57,1483.35,1222817
2021-06-17 09:59:58,1483.35,1222821
2021-06-17 09:59:59,1483.05,1225111
2021-06-17 10:00:00,1483.0,1225582
2021-06-17 10:00:01,1482.95,1225992
2021-06-17 10:00:02,1483.45,1226879
2021-06-17 10:00:03,1482.95,1227033
2021-06-17 10:00:04,1483.2,1227052
2021-06-17 10:00:05,1483.2,1227054
2021-06-17 10:00:06,1483.1,1235633
2021-06-17 10:00:07,1482.6,1236070
2021-06-17 10:00:08,1482.6,1236139
2021-06-17 10:00:10,1483.25,1236992
2021-06-17 10:00:09,1483.3,1236853
2021-06-17 10:00:11,1483.3,1237011
2021-06-17 10:00:12,1483.3,1237011
2021-06-17 10:00:13,1482.75,1237161
2021-06-17 10:00:14,1483.3,1237344
2021-06-17 10:00:15,1483.3,1237350
2021-06-17 10:00:16,1483.35,1237798
2021-06-17 10:00:18,1483.35,1238612
2021-06-17 10:00:19,1483.35,1238793
2021-06-17 10:00:20,1483.3,1239310
2021-06-17 10:00:22,1483.3,1239604
2021-06-17 10:00:23,1483.35,1239616
2021-06-17 10:00:24,1483.35,1239692
2021-06-17 10:00:25,1483.4,1239746
2021-06-17 10:00:26,1483.35,1239751
2021-06-17 10:00:27,1483.4,1240774
2021-06-17 10:00:27,1483.4,1240774
2021-06-17 10:00:29,1483.35,1240892
2021-06-17 10:00:30,1483.4,1240973
2021-06-17 10:00:31,1483.35,1241201
2021-06-17 10:00:31,1483.35,1241180
2021-06-17 10:00:32,1483.35,1242761
2021-06-17 10:00:33,1483.35,1242766
2021-06-17 10:00:35,1483.15,1243667
2021-06-17 10:00:36,1483.4,1243754
2021-06-17 10:00:37,1483.4,1243842
2021-06-17 10:00:38,1483.4,1243993
2021-06-17 10:00:41,1483.45,1245055
2021-06-17 10:00:42,1483.45,1245255
2021-06-17 10:00:43,1483.45,1245912
2021-06-17 10:00:44,1483.45,1246049
2021-06-17 10:00:46,1483.75,1246613
2021-06-17 10:00:47,1483.45,1246727
2021-06-17 10:00:48,1483.8,1246889
2021-06-17 10:00:49,1483.8,1246889
2021-06-17 10:00:50,1483.65,1247749
2021-06-17 10:00:50,1483.65,1247749
2021-06-17 10:00:51,1483.6,1247751
2021-06-17 10:00:52,1483.6,1248028
2021-06-17 10:00:54,1483.5,1248220
2021-06-17 10:00:56,1483.55,1248482
2021-06-17 10:00:55,1483.55,1248395
2021-06-17 10:00:56,1483.55,1248959
2021-06-17 10:00:57,1483.55,1248960
2021-06-17 10:00:58,1483.55,1249008
2021-06-17 10:00:59,1483.55,1249017
2021-06-17 10:01:00,1483.6,1249050
2021-06-17 10:01:02,1483.4,1249835
2021-06-17 10:01:03,1483.55,1250546
2021-06-17 10:01:03,1483.55,1250565
2021-06-17 10:01:05,1483.55,1250580
2021-06-17 10:01:05,1483.55,1250580
2021-06-17 10:01:06,1483.55,1250598
2021-06-17 10:01:07,1483.55,1250648
2021-06-17 10:01:08,1483.45,1250805
2021-06-17 10:01:09,1483.55,1250990
2021-06-17 10:01:10,1483.55,1250990
2021-06-17 10:01:11,1483.55,1251125
2021-06-17 10:01:12,1483.55,1251187
2021-06-17 10:01:13,1483.55,1251387
2021-06-17 10:01:14,1483.25,1251503
2021-06-17 10:01:15,1483.25,1251819
2021-06-17 10:01:16,1483.25,1251893
2021-06-17 10:01:17,1483.55,1251929
2021-06-17 10:01:18,1483.25,1251955
2021-06-17 10:01:20,1483.5,1251987
2021-06-17 10:01:21,1483.25,1252074
2021-06-17 10:01:22,1483.25,1252083
2021-06-17 10:01:23,1483.3,1252106
2021-06-17 10:01:24,1483.3,1252216
2021-06-17 10:01:25,1483.3,1252227
2021-06-17 10:01:26,1483.3,1252231
2021-06-17 10:01:27,1483.3,1252907
2021-06-17 10:01:28,1483.4,1253111
2021-06-17 10:01:29,1483.2,1253502
2021-06-17 10:01:29,1483.45,1253598
2021-06-17 10:01:30,1483.4,1253829
2021-06-17 10:01:31,1483.15,1254016
2021-06-17 10:01:32,1483.0,1255140
2021-06-17 10:01:33,1483.0,1255199
2021-06-17 10:01:34,1483.0,1255682
2021-06-17 10:01:35,1483.0,1256201
2021-06-17 10:01:36,1482.1,1256366
2021-06-17 10:01:37,1482.1,1256478
2021-06-17 10:01:38,1482.4,1256742
2021-06-17 10:01:39,1482.4,1256832
2021-06-17 10:01:40,1482.2,1256865
2021-06-17 10:01:41,1482.2,1256991
2021-06-17 10:01:42,1482.35,1257047
2021-06-17 10:01:43,1482.4,1257131
2021-06-17 10:01:44,1482.4,1257177
2021-06-17 10:01:45,1482.4,1257246
2021-06-17 10:01:46,1482.5,1257271
2021-06-17 10:01:47,1482.5,1257392
2021-06-17 10:01:48,1482.5,1257584
2021-06-17 10:01:49,1482.55,1257817
2021-06-17 10:01:51,1482.5,1258164
2021-06-17 10:01:51,1482.8,1258222
2021-06-17 10:01:52,1482.8,1258226
2021-06-17 10:01:53,1482.65,1258290
2021-06-17 10:01:54,1482.8,1258316
2021-06-17 10:01:56,1482.8,1258323
2021-06-17 10:01:56,1482.8,1258416
2021-06-17 10:01:58,1483.0,1258966
2021-06-17 10:01:59,1483.0,1259210
2021-06-17 10:02:00,1483.0,1259235
2021-06-17 10:02:00,1483.0,1259237
2021-06-17 10:02:01,1483.0,1259502
2021-06-17 10:02:02,1483.0,1260190
2021-06-17 10:02:03,1483.0,1261115
2021-06-17 10:02:05,1482.95,1261242
2021-06-17 10:02:06,1483.05,1261302
2021-06-17 10:02:06,1483.05,1261302
2021-06-17 10:02:08,1482.9,1261567
2021-06-17 10:02:09,1482.85,1261876
2021-06-17 10:02:10,1482.95,1262190
2021-06-17 10:02:11,1482.8,1262198
2021-06-17 10:02:12,1483.05,1263138
2021-06-17 10:02:13,1483.05,1263168
2021-06-17 10:02:14,1482.8,1263309
2021-06-17 10:02:15,1483.05,1263381
2021-06-17 10:02:16,1482.8,1263442
2021-06-17 10:02:18,1482.95,1263635
2021-06-17 10:02:19,1482.9,1263644
2021-06-17 10:02:20,1482.9,1263646
2021-06-17 10:02:21,1482.9,1263662
2021-06-17 10:02:22,1482.9,1263666
2021-06-17 10:02:24,1483.0,1263732
2021-06-17 10:02:25,1482.4,1264724
2021-06-17 10:02:25,1482.4,1264779
2021-06-17 10:02:26,1482.25,1264839
2021-06-17 10:02:27,1482.8,1264927
2021-06-17 10:02:29,1482.8,1264965
2021-06-17 10:02:30,1482.25,1264987
2021-06-17 10:02:31,1482.8,1265551
2021-06-17 10:02:31,1482.8,1265545
2021-06-17 10:02:33,1482.8,1265736
2021-06-17 10:02:35,1482.8,1265761
2021-06-17 10:02:36,1482.8,1265784
2021-06-17 10:02:37,1482.8,1265911
2021-06-17 10:02:38,1482.8,1266028
2021-06-17 10:02:39,1482.7,1266065
2021-06-17 10:02:40,1482.8,1266073
2021-06-17 10:02:41,1482.8,1266698
2021-06-17 10:02:42,1482.7,1266716
2021-06-17 10:02:42,1482.7,1266723
2021-06-17 10:02:43,1482.7,1266784
2021-06-17 10:02:44,1482.7,1266911
2021-06-17 10:02:45,1482.6,1267280
2021-06-17 10:02:46,1482.7,1267412
2021-06-17 10:02:47,1482.65,1267418
2021-06-17 10:02:48,1482.6,1267485
2021-06-17 10:02:50,1482.65,1267571
2021-06-17 10:02:50,1482.7,1267855
2021-06-17 10:02:51,1482.6,1267856
2021-06-17 10:02:52,1482.6,1268200
2021-06-17 10:02:53,1482.65,1268461
2021-06-17 10:02:54,1482.6,1268589
2021-06-17 10:02:56,1482.6,1268792
2021-06-17 10:02:57,1482.35,1270924
2021-06-17 10:02:58,1482.35,1270929
2021-06-17 10:02:59,1482.3,1271561
2021-06-17 10:03:00,1482.2,1271797
2021-06-17 10:03:01,1482.4,1271822
2021-06-17 10:03:02,1482.2,1272256
2021-06-17 10:03:05,1482.4,1272421
2021-06-17 10:03:06,1482.0,1272441
2021-06-17 10:03:07,1482.1,1272446
2021-06-17 10:03:07,1482.4,1272451
2021-06-17 10:03:08,1482.4,1272470
2021-06-17 10:03:09,1482.45,1272757
2021-06-17 10:03:10,1482.45,1272757
2021-06-17 10:03:11,1482.1,1272877
2021-06-17 10:03:12,1482.0,1273780
2021-06-17 10:03:13,1482.0,1273899
2021-06-17 10:03:15,1481.95,1274241
2021-06-17 10:03:16,1481.95,1274653
2021-06-17 10:03:17,1481.95,1274772
2021-06-17 10:03:18,1482.0,1274793
2021-06-17 10:03:19,1481.95,1274987
2021-06-17 10:03:19,1481.95,1274987
2021-06-17 10:03:20,1481.95,1274987
2021-06-17 10:03:21,1481.9,1275023
2021-06-17 10:03:22,1481.9,1275055
2021-06-17 10:03:23,1481.95,1275585
2021-06-17 10:03:25,1481.9,1275692
2021-06-17 10:03:26,1481.05,1277131
2021-06-17 10:03:27,1481.6,1277368
2021-06-17 10:03:27,1481.4,1278673
2021-06-17 10:03:29,1481.5,1280309
2021-06-17 10:03:30,1481.1,1280358
2021-06-17 10:03:31,1481.5,1280382
2021-06-17 10:03:32,1481.5,1280576
2021-06-17 10:03:32,1481.5,1280582
2021-06-17 10:03:33,1481.05,1280586
2021-06-17 10:03:34,1481.1,1280623
2021-06-17 10:03:35,1481.5,1280627
2021-06-17 10:03:37,1481.45,1280650
2021-06-17 10:03:38,1481.4,1280785
2021-06-17 10:03:39,1481.5,1280928
2021-06-17 10:03:40,1481.4,1281640
2021-06-17 10:03:41,1481.4,1281738
2021-06-17 10:03:42,1481.4,1281753
2021-06-17 10:03:44,1481.4,1282036
2021-06-17 10:03:47,1481.45,1282180
2021-06-17 10:03:48,1481.4,1282184
2021-06-17 10:03:50,1481.45,1282195
2021-06-17 10:03:51,1481.45,1282216
2021-06-17 10:03:52,1481.55,1283213
2021-06-17 10:03:53,1481.4,1284076
2021-06-17 10:03:54,1481.55,1284203
2021-06-17 10:03:55,1481.45,1284289
2021-06-17 10:03:56,1481.45,1284307
2021-06-17 10:03:57,1481.55,1284350
2021-06-17 10:03:57,1481.55,1284346
2021-06-17 10:04:00,1481.55,1284358
2021-06-17 10:04:01,1481.55,1284358
2021-06-17 10:04:02,1481.55,1284359
2021-06-17 10:04:03,1481.55,1284965
2021-06-17 10:04:04,1481.65,1285211
2021-06-17 10:04:05,1481.55,1285312
2021-06-17 10:04:06,1481.5,1285997
2021-06-17 10:04:07,1481.5,1286065
2021-06-17 10:04:08,1481.45,1286081
2021-06-17 10:04:08,1481.45,1286082
2021-06-17 10:04:09,1481.45,1286102
2021-06-17 10:04:10,1481.45,1286130
2021-06-17 10:04:11,1481.4,1286233
2021-06-17 10:04:13,1481.65,1286248
2021-06-17 10:04:14,1481.65,1286435
2021-06-17 10:04:15,1481.65,1286469
2021-06-17 10:04:15,1481.65,1286469
2021-06-17 10:04:16,1481.5,1286519
2021-06-17 10:04:17,1481.65,1286536
2021-06-17 10:04:18,1481.65,1286536
2021-06-17 10:04:19,1481.65,1286672
2021-06-17 10:04:21,1481.75,1286825
2021-06-17 10:04:22,1481.75,1287556
2021-06-17 10:04:23,1481.75,1287845
2021-06-17 10:04:24,1481.9,1287877
2021-06-17 10:04:25,1481.9,1288131
2021-06-17 10:04:26,1481.75,1289411
2021-06-17 10:04:28,1481.9,1289600
2021-06-17 10:04:29,1482.1,1290268
2021-06-17 10:04:30,1482.1,1290304
2021-06-17 10:04:31,1482.1,1290319
2021-06-17 10:04:31,1482.1,1290319
2021-06-17 10:04:32,1482.0,1290584
2021-06-17 10:04:33,1482.1,1290862
2021-06-17 10:04:35,1482.4,1290944
2021-06-17 10:04:36,1482.5,1291090
2021-06-17 10:04:37,1482.5,1291236
2021-06-17 10:04:38,1482.5,1291502
2021-06-17 10:04:39,1482.55,1291531
2021-06-17 10:04:40,1482.6,1292159
2021-06-17 10:04:41,1482.5,1292194
2021-06-17 10:04:42,1482.6,1293439
2021-06-17 10:04:44,1482.6,1293572
2021-06-17 10:04:45,1482.6,1293582
2021-06-17 10:04:46,1482.6,1293743
2021-06-17 10:04:47,1482.5,1294373
2021-06-17 10:04:48,1482.4,1294504
2021-06-17 10:04:49,1482.65,1294650
2021-06-17 10:04:50,1482.7,1294763
2021-06-17 10:04:51,1482.4,1294764
2021-06-17 10:04:52,1482.6,1295373
2021-06-17 10:04:52,1482.6,1295434
2021-06-17 10:04:53,1482.65,1295617
2021-06-17 10:04:54,1482.65,1295848
2021-06-17 10:04:56,1482.4,1295906
2021-06-17 10:04:57,1482.65,1295925
2021-06-17 10:04:58,1482.65,1295929
2021-06-17 10:04:59,1482.65,1295929
2021-06-17 10:05:00,1482.5,1295963
2021-06-17 10:05:01,1482.5,1295964
2021-06-17 10:05:02,1482.4,1295969
2021-06-17 10:05:03,1482.4,1297786
2021-06-17 10:05:04,1482.4,1297980
2021-06-17 10:05:05,1482.4,1297999
2021-06-17 10:05:06,1482.4,1298005
2021-06-17 10:05:07,1482.4,1298016
2021-06-17 10:05:08,1482.5,1298022
2021-06-17 10:05:09,1482.4,1298049
2021-06-17 10:05:09,1482.4,1298051
2021-06-17 10:05:10,1482.4,1298179
2021-06-17 10:05:12,1482.45,1298210
2021-06-17 10:05:13,1482.4,1298224
2021-06-17 10:05:14,1482.4,1298524
2021-06-17 10:05:15,1482.5,1298858
2021-06-17 10:05:16,1482.3,1298870
2021-06-17 10:05:16,1482.5,1298890
2021-06-17 10:05:17,1482.5,1298946
2021-06-17 10:05:18,1482.7,1299446
2021-06-17 10:05:20,1482.55,1299602
2021-06-17 10:05:21,1482.55,1299823
2021-06-17 10:05:22,1482.7,1299855
2021-06-17 10:05:23,1482.7,1300476
2021-06-17 10:05:24,1482.7,1300531
2021-06-17 10:05:25,1482.7,1300533
2021-06-17 10:05:26,1482.8,1300551
2021-06-17 10:05:27,1482.8,1301041
2021-06-17 10:05:28,1482.8,1301056
2021-06-17 10:05:29,1482.55,1301065
2021-06-17 10:05:30,1482.75,1301071
2021-06-17 10:05:30,1482.75,1301071
2021-06-17 10:05:31,1482.6,1301171
2021-06-17 10:05:33,1482.55,1303426
2021-06-17 10:05:34,1482.45,1303803
2021-06-17 10:05:34,1482.45,1303841
2021-06-17 10:05:36,1482.55,1303951
2021-06-17 10:05:37,1482.45,1304193
2021-06-17 10:05:38,1482.4,1304822
2021-06-17 10:05:39,1482.55,1304912
2021-06-17 10:05:40,1482.4,1304920
2021-06-17 10:05:41,1482.4,1304985
2021-06-17 10:05:43,1482.4,1305828
2021-06-17 10:05:44,1482.4,1305915
2021-06-17 10:05:45,1482.4,1305957
2021-06-17 10:05:46,1482.4,1305972
2021-06-17 10:05:47,1482.35,1306573
2021-06-17 10:05:48,1482.45,1307323
2021-06-17 10:05:49,1482.25,1308451
2021-06-17 10:05:49,1482.25,1309267
2021-06-17 10:05:50,1482.3,1310367
2021-06-17 10:05:51,1482.0,1310413
2021-06-17 10:05:52,1482.35,1312327
2021-06-17 10:05:54,1482.3,1312832
2021-06-17 10:05:55,1482.0,1313150
2021-06-17 10:05:56,1482.0,1313231
2021-06-17 10:05:57,1482.3,1313558
2021-06-17 10:05:59,1482.3,1313570
2021-06-17 10:06:00,1482.0,1313646
2021-06-17 10:06:01,1482.3,1313713
2021-06-17 10:06:02,1482.0,1313826
2021-06-17 10:06:03,1481.2,1322338
2021-06-17 10:06:04,1481.0,1323499
2021-06-17 10:06:05,1481.0,1323615
2021-06-17 10:06:05,1481.0,1323626
2021-06-17 10:06:07,1481.2,1323813
2021-06-17 10:06:08,1481.2,1325532
2021-06-17 10:06:09,1481.2,1326433
2021-06-17 10:06:10,1481.0,1326851
2021-06-17 10:06:11,1481.0,1326990
2021-06-17 10:06:12,1481.0,1327003
2021-06-17 10:06:13,1481.25,1328200
2021-06-17 10:06:14,1481.25,1328319
2021-06-17 10:06:15,1481.3,1328671
2021-06-17 10:06:16,1481.3,1328674
2021-06-17 10:06:16,1481.3,1328674
2021-06-17 10:06:18,1481.3,1328699
2021-06-17 10:06:19,1481.3,1328726
2021-06-17 10:06:21,1481.25,1328783
2021-06-17 10:06:22,1481.25,1329039
2021-06-17 10:06:23,1481.2,1329045
2021-06-17 10:06:24,1481.2,1329290
2021-06-17 10:06:25,1481.2,1329527
2021-06-17 10:06:26,1481.2,1329570
2021-06-17 10:06:27,1481.2,1329599
2021-06-17 10:06:28,1481.2,1330261
2021-06-17 10:06:28,1481.2,1330328
2021-06-17 10:06:30,1481.15,1330482
2021-06-17 10:06:32,1481.35,1330568
2021-06-17 10:06:34,1481.35,1330657
2021-06-17 10:06:35,1481.15,1330781
2021-06-17 10:06:36,1481.2,1330895
2021-06-17 10:06:37,1481.2,1330903
2021-06-17 10:06:38,1481.2,1330903
2021-06-17 10:06:39,1481.15,1330937
2021-06-17 10:06:40,1481.2,1330958
2021-06-17 10:06:41,1481.15,1331034
2021-06-17 10:06:42,1481.25,1331155
2021-06-17 10:06:43,1481.25,1331289
2021-06-17 10:06:44,1481.2,1331300
2021-06-17 10:06:45,1481.2,1331300
2021-06-17 10:06:46,1481.2,1331320
2021-06-17 10:06:47,1481.2,1331355
2021-06-17 10:06:48,1481.2,1331390
2021-06-17 10:06:49,1481.2,1331442
2021-06-17 10:06:50,1481.2,1331442
2021-06-17 10:06:51,1481.2,1331699
2021-06-17 10:06:52,1481.2,1331704
2021-06-17 10:06:53,1481.15,1331849
2021-06-17 10:06:54,1481.2,1331905
2021-06-17 10:06:55,1481.2,1331976
2021-06-17 10:06:56,1481.2,1331990
2021-06-17 10:06:57,1481.35,1332426
2021-06-17 10:06:58,1481.35,1332555
2021-06-17 10:06:59,1481.7,1332669
2021-06-17 10:07:00,1481.7,1332673
2021-06-17 10:07:01,1481.35,1332802
2021-06-17 10:07:02,1481.7,1332992
2021-06-17 10:07:03,1481.7,1333519
2021-06-17 10:07:04,1481.35,1334174
2021-06-17 10:07:05,1481.7,1334547
2021-06-17 10:07:06,1481.7,1334672
2021-06-17 10:07:07,1481.75,1334687
2021-06-17 10:07:08,1481.3,1335287
2021-06-17 10:07:09,1481.85,1335456
2021-06-17 10:07:10,1481.85,1335456
2021-06-17 10:07:11,1481.85,1335456
2021-06-17 10:07:12,1481.35,1335466
2021-06-17 10:07:13,1481.7,1335471
2021-06-17 10:07:14,1481.35,1335508
2021-06-17 10:07:15,1481.7,1336123
2021-06-17 10:07:16,1481.35,1336844
2021-06-17 10:07:17,1481.7,1337032
2021-06-17 10:07:18,1481.7,1337032
2021-06-17 10:07:20,1481.7,1337627
2021-06-17 10:07:21,1481.4,1338050
2021-06-17 10:07:22,1481.7,1338155
2021-06-17 10:07:23,1481.4,1338267
2021-06-17 10:07:24,1481.7,1338283
2021-06-17 10:07:25,1481.7,1338312
2021-06-17 10:07:26,1481.35,1339562
2021-06-17 10:07:27,1481.35,1339957
2021-06-17 10:07:28,1481.3,1340277
2021-06-17 10:07:29,1481.35,1340377
2021-06-17 10:07:30,1481.7,1340436
2021-06-17 10:07:31,1481.7,1340518
2021-06-17 10:07:32,1481.7,1340582
2021-06-17 10:07:33,1481.7,1340582
2021-06-17 10:07:34,1481.7,1340589
2021-06-17 10:07:35,1481.4,1340591
2021-06-17 10:07:36,1481.4,1340591
2021-06-17 10:07:37,1481.45,1340596
2021-06-17 10:07:38,1481.45,1340613
2021-06-17 10:07:39,1481.7,1341226
2021-06-17 10:07:40,1481.45,1341303
2021-06-17 10:07:41,1481.45,1341419
2021-06-17 10:07:42,1481.7,1341431
2021-06-17 10:07:43,1481.65,1341445
2021-06-17 10:07:44,1481.45,1341516
2021-06-17 10:07:47,1481.7,1341782
2021-06-17 10:07:46,1481.7,1341748
2021-06-17 10:07:48,1481.7,1341792
2021-06-17 10:07:49,1481.5,1341805
2021-06-17 10:07:50,1481.5,1342556
2021-06-17 10:07:51,1481.5,1342705
2021-06-17 10:07:52,1481.7,1342728
2021-06-17 10:07:53,1481.8,1343357
2021-06-17 10:07:54,1481.5,1344075
2021-06-17 10:07:55,1481.8,1344253
2021-06-17 10:07:56,1481.75,1344255
2021-06-17 10:07:57,1481.65,1344260
2021-06-17 10:07:58,1481.5,1344367
2021-06-17 10:07:59,1481.5,1344491
2021-06-17 10:08:00,1481.5,1344520
2021-06-17 10:08:01,1481.5,1344524
2021-06-17 10:08:03,1481.65,1344529
2021-06-17 10:08:04,1481.5,1344536
2021-06-17 10:08:05,1481.5,1344547
2021-06-17 10:08:06,1481.6,1344591
2021-06-17 10:08:07,1481.6,1344625
2021-06-17 10:08:08,1481.6,1345153
2021-06-17 10:08:09,1481.55,1345852
2021-06-17 10:08:10,1481.4,1348789
2021-06-17 10:08:11,1481.35,1349572
2021-06-17 10:08:12,1481.4,1349847
2021-06-17 10:08:13,1481.4,1350562
2021-06-17 10:08:14,1481.2,1351123
2021-06-17 10:08:15,1481.15,1351564
2021-06-17 10:08:16,1481.15,1351909
2021-06-17 10:08:17,1481.15,1352520
2021-06-17 10:08:18,1481.0,1352711
2021-06-17 10:08:19,1480.5,1355366
2021-06-17 10:08:20,1480.65,1355978
2021-06-17 10:08:21,1480.5,1355989
2021-06-17 10:08:22,1480.4,1356719
2021-06-17 10:08:24,1480.05,1358438
2021-06-17 10:08:25,1480.05,1358458
2021-06-17 10:08:26,1480.05,1358590
2021-06-17 10:08:27,1480.45,1358630
2021-06-17 10:08:28,1480.45,1358650
2021-06-17 10:08:29,1480.05,1358844
2021-06-17 10:08:30,1480.35,1358999
2021-06-17 10:08:31,1480.35,1359033
2021-06-17 10:08:32,1480.35,1359194
2021-06-17 10:08:33,1480.05,1359264
2021-06-17 10:08:34,1480.05,1359284
2021-06-17 10:08:36,1480.35,1359307
2021-06-17 10:08:35,1480.35,1359307
2021-06-17 10:08:37,1480.35,1359440
2021-06-17 10:08:38,1480.05,1359569
2021-06-17 10:08:39,1480.05,1359938
2021-06-17 10:08:40,1480.05,1359975
2021-06-17 10:08:42,1480.35,1360017
2021-06-17 10:08:41,1480.35,1360017
2021-06-17 10:08:43,1480.1,1360080
2021-06-17 10:08:44,1480.1,1360130
2021-06-17 10:08:46,1480.35,1360162
2021-06-17 10:08:47,1480.35,1360232
2021-06-17 10:08:49,1480.35,1360284
2021-06-17 10:08:49,1480.1,1360297
2021-06-17 10:08:50,1480.1,1360903
2021-06-17 10:08:51,1480.35,1360970
2021-06-17 10:08:52,1480.35,1361106
2021-06-17 10:08:53,1480.35,1361157
2021-06-17 10:08:55,1480.35,1361557
2021-06-17 10:08:55,1480.45,1361624
2021-06-17 10:08:56,1480.45,1361639
2021-06-17 10:08:57,1480.45,1362018
2021-06-17 10:08:58,1480.5,1362122
2021-06-17 10:08:59,1480.15,1362222
2021-06-17 10:09:00,1480.45,1362234
2021-06-17 10:09:01,1480.25,1362248
2021-06-17 10:09:02,1480.45,1362254
2021-06-17 10:09:04,1480.45,1362450
2021-06-17 10:09:04,1480.5,1362990
2021-06-17 10:09:05,1480.5,1363113
2021-06-17 10:09:06,1480.5,1363731
2021-06-17 10:09:07,1480.5,1363769
2021-06-17 10:09:09,1480.5,1364270
2021-06-17 10:09:10,1480.5,1364278
2021-06-17 10:09:12,1480.5,1364472
2021-06-17 10:09:13,1480.5,1364499
2021-06-17 10:09:14,1480.35,1364527
2021-06-17 10:09:16,1480.35,1364753
2021-06-17 10:09:16,1480.35,1364776
2021-06-17 10:09:17,1480.65,1364786
2021-06-17 10:09:18,1480.65,1364791
2021-06-17 10:09:19,1480.65,1364823
2021-06-17 10:09:20,1480.65,1364823
2021-06-17 10:09:21,1480.65,1364823
2021-06-17 10:09:23,1480.5,1364859
2021-06-17 10:09:23,1480.5,1364863
2021-06-17 10:09:24,1480.5,1365136
2021-06-17 10:09:25,1480.5,1365764
2021-06-17 10:09:26,1480.65,1365862
2021-06-17 10:09:27,1480.5,1365915
2021-06-17 10:09:28,1480.4,1366521
2021-06-17 10:09:29,1480.65,1366607
2021-06-17 10:09:30,1480.65,1367223
2021-06-17 10:09:31,1480.4,1367234
2021-06-17 10:09:33,1480.65,1367270
2021-06-17 10:09:33,1480.65,1367270
2021-06-17 10:09:34,1480.4,1367292
2021-06-17 10:09:35,1480.55,1367729
2021-06-17 10:09:37,1480.75,1367979
2021-06-17 10:09:37,1480.75,1368004
2021-06-17 10:09:38,1480.75,1368004
2021-06-17 10:09:39,1480.75,1368004
2021-06-17 10:09:40,1480.75,1368004
2021-06-17 10:09:43,1480.5,1368513
2021-06-17 10:09:43,1480.7,1368556
2021-06-17 10:09:44,1480.4,1369156
2021-06-17 10:09:45,1480.7,1369222
2021-06-17 10:09:46,1480.45,1369823
2021-06-17 10:09:48,1480.45,1369949
2021-06-17 10:09:49,1480.45,1370553
2021-06-17 10:09:50,1480.45,1371471
2021-06-17 10:09:53,1480.45,1371607
2021-06-17 10:09:53,1480.45,1371607
2021-06-17 10:09:54,1480.4,1371654
2021-06-17 10:09:55,1480.4,1371732
2021-06-17 10:09:56,1480.35,1371871
2021-06-17 10:09:57,1480.4,1372065
2021-06-17 10:09:58,1479.8,1377755
2021-06-17 10:09:59,1479.7,1379664
2021-06-17 10:10:01,1480.2,1380058
2021-06-17 10:10:01,1479.8,1380019
2021-06-17 10:10:02,1480.3,1380529
2021-06-17 10:10:03,1480.3,1381775
2021-06-17 10:10:04,1480.3,1381983
2021-06-17 10:10:05,1480.0,1382143
2021-06-17 10:10:06,1480.0,1382146
2021-06-17 10:10:10,1479.85,1382574
2021-06-17 10:10:10,1480.0,1382569
2021-06-17 10:10:11,1479.85,1382692
2021-06-17 10:10:12,1480.0,1382705
2021-06-17 10:10:13,1480.0,1382916
2021-06-17 10:10:14,1479.85,1382976
2021-06-17 10:10:15,1479.85,1382996
2021-06-17 10:10:16,1479.85,1383157
2021-06-17 10:10:17,1479.85,1383218
2021-06-17 10:10:18,1479.85,1383830
2021-06-17 10:10:19,1480.1,1383945
2021-06-17 10:10:20,1480.1,1383950
2021-06-17 10:10:21,1480.1,1383951
2021-06-17 10:10:22,1479.7,1383953
2021-06-17 10:10:24,1480.0,1384184
2021-06-17 10:10:25,1480.1,1384325
2021-06-17 10:10:26,1480.1,1384382
2021-06-17 10:10:27,1480.0,1384383
2021-06-17 10:10:28,1480.0,1384508
2021-06-17 10:10:29,1480.1,1384624
2021-06-17 10:10:30,1480.1,1384624
2021-06-17 10:10:31,1480.0,1385312
2021-06-17 10:10:32,1480.1,1386089
2021-06-17 10:10:34,1480.15,1386441
2021-06-17 10:10:34,1480.1,1386127
2021-06-17 10:10:35,1480.15,1386516
2021-06-17 10:10:36,1480.15,1386526
2021-06-17 10:10:37,1480.0,1387196
2021-06-17 10:10:40,1479.95,1387329
2021-06-17 10:10:40,1479.95,1387318
2021-06-17 10:10:41,1480.0,1387942
2021-06-17 10:10:42,1480.0,1388104
2021-06-17 10:10:43,1480.0,1388190
2021-06-17 10:10:44,1480.0,1388227
2021-06-17 10:10:45,1480.0,1388235
2021-06-17 10:10:47,1479.9,1388337
2021-06-17 10:10:47,1479.9,1388348
2021-06-17 10:10:48,1479.95,1388448
2021-06-17 10:10:49,1479.95,1388469
2021-06-17 10:10:50,1480.1,1388806
2021-06-17 10:10:51,1480.1,1388809
2021-06-17 10:10:52,1480.1,1388821
2021-06-17 10:10:53,1480.1,1388846
2021-06-17 10:10:55,1480.1,1388848
2021-06-17 10:10:56,1480.0,1388864
2021-06-17 10:10:56,1480.0,1388849
2021-06-17 10:10:57,1480.0,1389015
2021-06-17 10:10:58,1480.1,1389086
2021-06-17 10:10:59,1480.0,1389114
2021-06-17 10:11:00,1480.0,1389936
2021-06-17 10:11:02,1480.0,1390019
2021-06-17 10:11:02,1480.05,1390045
2021-06-17 10:11:04,1480.05,1390048
2021-06-17 10:11:05,1480.1,1391343
2021-06-17 10:11:06,1480.1,1391379
2021-06-17 10:11:06,1480.1,1391382
