timestamp,ltp,volume
2021-06-17 09:19:45,700.55,368150
2021-06-17 09:19:46,700.5,368392
2021-06-17 09:19:47,700.5,368577
2021-06-17 09:19:48,700.5,371012
2021-06-17 09:19:49,700.35,371159
2021-06-17 09:19:50,700.75,371687
2021-06-17 09:19:51,700.75,371743
2021-06-17 09:19:52,700.55,372161
2021-06-17 09:19:52,700.55,372161
2021-06-17 09:19:53,700.2,372353
2021-06-17 09:19:54,699.7,378473
2021-06-17 09:19:56,700.0,379034
2021-06-17 09:19:57,700.0,379265
2021-06-17 09:19:58,699.6,379385
2021-06-17 09:19:59,699.6,379442
2021-06-17 09:20:01,699.5,381646
2021-06-17 09:20:02,700.5,382703
2021-06-17 09:20:02,700.5,382703
2021-06-17 09:20:03,700.7,383892
2021-06-17 09:20:04,700.25,386099
2021-06-17 09:20:06,700.25,386556
2021-06-17 09:20:07,700.65,386727
2021-06-17 09:20:08,701.15,397875
2021-06-17 09:20:09,701.2,397983
2021-06-17 09:20:10,701.5,398470
2021-06-17 09:20:11,701.45,398801
2021-06-17 09:20:12,701.6,399749
2021-06-17 09:20:13,701.95,412517
2021-06-17 09:20:15,702.5,415150
2021-06-17 09:20:16,702.15,415534
2021-06-17 09:20:16,701.9,415684
2021-06-17 09:20:17,702.05,416161
2021-06-17 09:20:18,702.35,417019
2021-06-17 09:20:19,702.35,417494
2021-06-17 09:20:21,702.2,418852
2021-06-17 09:20:23,702.3,419517
2021-06-17 09:20:24,701.85,420447
2021-06-17 09:20:25,702.05,421619
2021-06-17 09:20:26,702.25,421989
2021-06-17 09:20:27,702.45,422461
2021-06-17 09:20:28,702.15,423176
2021-06-17 09:20:29,702.35,423458
2021-06-17 09:20:30,702.5,425745
2021-06-17 09:20:31,702.1,425884
2021-06-17 09:20:33,701.95,427205
2021-06-17 09:20:33,702.2,427230
2021-06-17 09:20:34,702.2,427251
2021-06-17 09:20:36,701.9,428134
2021-06-17 09:20:36,702.05,428549
2021-06-17 09:20:39,701.65,429461
2021-06-17 09:20:40,702.0,430292
2021-06-17 09:20:41,701.7,432692
2021-06-17 09:20:42,701.75,432750
2021-06-17 09:20:43,701.95,432967
2021-06-17 09:20:44,701.95,432982
2021-06-17 09:20:45,701.7,432990
2021-06-17 09:20:46,702.0,433231
2021-06-17 09:20:47,701.95,433251
2021-06-17 09:20:48,701.5,433753
2021-06-17 09:20:48,701.7,433823
2021-06-17 09:20:49,702.4,436516
2021-06-17 09:20:51,702.0,436936
2021-06-17 09:20:53,702.2,437039
2021-06-17 09:20:54,702.2,437127
2021-06-17 09:20:55,702.15,437282
2021-06-17 09:20:56,702.3,437770
2021-06-17 09:20:57,702.3,437772
2021-06-17 09:20:58,702.3,438137
2021-06-17 09:20:59,702.45,438159
2021-06-17 09:21:00,701.95,439412
2021-06-17 09:21:01,702.05,439719
2021-06-17 09:21:02,701.6,441827
2021-06-17 09:21:03,702.0,442472
2021-06-17 09:21:04,702.0,442518
2021-06-17 09:21:05,702.3,443902
2021-06-17 09:21:06,702.1,445631
2021-06-17 09:21:06,702.1,445631
2021-06-17 09:21:11,702.4,446096
2021-06-17 09:21:12,702.25,446138
2021-06-17 09:21:13,702.1,447318
2021-06-17 09:21:14,702.4,447809
2021-06-17 09:21:15,702.4,448474
2021-06-17 09:21:15,702.4,448474
2021-06-17 09:21:17,702.4,449294
2021-06-17 09:21:18,702.4,449324
2021-06-17 09:21:19,702.4,450636
2021-06-17 09:21:20,702.4,451067
2021-06-17 09:21:21,702.4,451573
2021-06-17 09:21:22,702.4,452228
2021-06-17 09:21:23,702.4,452462
2021-06-17 09:21:24,702.35,452590
2021-06-17 09:21:25,702.35,452683
2021-06-17 09:21:25,702.5,453676
2021-06-17 09:21:26,702.5,453760
2021-06-17 09:21:27,702.5,454660
2021-06-17 09:21:29,702.9,456952
2021-06-17 09:21:30,702.95,457338
2021-06-17 09:21:31,703.2,469870
2021-06-17 09:21:32,703.25,470086
2021-06-17 09:21:33,703.1,470087
2021-06-17 09:21:34,703.1,470137
2021-06-17 09:21:35,703.65,475385
2021-06-17 09:21:37,704.0,477628
2021-06-17 09:21:38,703.8,478153
2021-06-17 09:21:39,704.0,479061
2021-06-17 09:21:40,703.95,479137
2021-06-17 09:21:41,703.95,479137
2021-06-17 09:21:42,704.35,479924
2021-06-17 09:21:43,704.6,482708
2021-06-17 09:21:45,704.4,483832
2021-06-17 09:21:46,704.8,484822
2021-06-17 09:21:47,705.05,500055
2021-06-17 09:21:48,705.0,501725
2021-06-17 09:21:49,705.4,502617
2021-06-17 09:21:50,705.15,503407
2021-06-17 09:21:51,705.9,504882
2021-06-17 09:21:52,705.9,505557
2021-06-17 09:21:53,705.75,506430
2021-06-17 09:21:54,705.2,509292
2021-06-17 09:21:56,705.3,512793
2021-06-17 09:21:57,705.9,516453
2021-06-17 09:21:59,705.85,517478
2021-06-17 09:22:00,705.3,519566
2021-06-17 09:22:01,705.5,521669
2021-06-17 09:22:02,705.4,523360
2021-06-17 09:22:03,705.4,524865
2021-06-17 09:22:04,705.7,525563
2021-06-17 09:22:05,705.35,527355
2021-06-17 09:22:06,705.55,529839
2021-06-17 09:22:07,705.0,530400
2021-06-17 09:22:08,705.5,536807
2021-06-17 09:22:09,705.6,537739
2021-06-17 09:22:10,705.05,539069
2021-06-17 09:22:11,705.5,539596
2021-06-17 09:22:12,705.15,540856
2021-06-17 09:22:13,705.3,541126
2021-06-17 09:22:14,704.85,543761
2021-06-17 09:22:15,705.0,545083
2021-06-17 09:22:16,705.35,546166
2021-06-17 09:22:17,704.8,546620
2021-06-17 09:22:19,705.0,547013
2021-06-17 09:22:20,705.05,547403
2021-06-17 09:22:21,705.0,547720
2021-06-17 09:22:22,704.9,548224
2021-06-17 09:22:23,704.9,548224
2021-06-17 09:22:24,704.9,548354
2021-06-17 09:22:25,705.0,548929
2021-06-17 09:22:26,704.9,549543
2021-06-17 09:22:27,704.9,550281
2021-06-17 09:22:28,704.6,550601
2021-06-17 09:22:29,704.65,550838
2021-06-17 09:22:30,704.6,551241
2021-06-17 09:22:32,704.75,552319
2021-06-17 09:22:33,705.15,555675
2021-06-17 09:22:34,705.0,556000
2021-06-17 09:22:35,705.1,557211
2021-06-17 09:22:36,704.9,557596
2021-06-17 09:22:37,705.15,557898
2021-06-17 09:22:38,704.8,558169
2021-06-17 09:22:39,704.8,558662
2021-06-17 09:22:40,705.0,558759
2021-06-17 09:22:41,704.7,559644
2021-06-17 09:22:42,704.95,559894
2021-06-17 09:22:43,704.7,560252
2021-06-17 09:22:44,705.0,561137
2021-06-17 09:22:45,704.8,561342
2021-06-17 09:22:46,704.95,564120
2021-06-17 09:22:47,705.0,565070
2021-06-17 09:22:48,704.65,565683
2021-06-17 09:22:49,704.5,566587
2021-06-17 09:22:50,704.95,567087
2021-06-17 09:22:51,704.95,567087
2021-06-17 09:22:52,704.9,567569
2021-06-17 09:22:53,704.95,567614
2021-06-17 09:22:54,705.0,575309
2021-06-17 09:22:55,705.1,575534
2021-06-17 09:22:56,705.0,575693
2021-06-17 09:22:57,705.0,575743
2021-06-17 09:22:58,704.85,576311
2021-06-17 09:22:59,705.1,576927
2021-06-17 09:23:00,705.0,579587
2021-06-17 09:23:01,704.85,580055
2021-06-17 09:23:02,705.1,580920
2021-06-17 09:23:03,705.0,581000
2021-06-17 09:23:04,704.85,581100
2021-06-17 09:23:05,705.0,582279
2021-06-17 09:23:06,705.15,586358
2021-06-17 09:23:08,705.15,603637
2021-06-17 09:23:07,705.4,596428
2021-06-17 09:23:09,705.4,606408
2021-06-17 09:23:10,705.75,607643
2021-06-17 09:23:11,705.4,607738
2021-06-17 09:23:12,705.75,608123
2021-06-17 09:23:13,705.75,608426
2021-06-17 09:23:14,705.45,608568
2021-06-17 09:23:15,706.4,619016
2021-06-17 09:23:16,706.8,620667
2021-06-17 09:23:18,706.35,624579
2021-06-17 09:23:17,706.65,623739
2021-06-17 09:23:19,706.35,624793
2021-06-17 09:23:20,705.4,628340
2021-06-17 09:23:21,705.95,629830
2021-06-17 09:23:22,706.55,630312
2021-06-17 09:23:23,706.45,630706
2021-06-17 09:23:25,706.55,631290
2021-06-17 09:23:24,706.55,631190
2021-06-17 09:23:26,706.75,631799
2021-06-17 09:23:27,706.4,631821
2021-06-17 09:23:29,706.75,632272
2021-06-17 09:23:30,706.95,634138
2021-06-17 09:23:31,706.95,634258
2021-06-17 09:23:32,706.85,634578
2021-06-17 09:23:33,706.75,635203
2021-06-17 09:23:34,707.0,637776
2021-06-17 09:23:35,706.85,638731
2021-06-17 09:23:36,707.0,638917
2021-06-17 09:23:37,707.05,639167
2021-06-17 09:23:38,707.35,644860
2021-06-17 09:23:39,707.4,645220
2021-06-17 09:23:40,707.7,646791
2021-06-17 09:23:41,707.75,648025
2021-06-17 09:23:42,707.55,651829
2021-06-17 09:23:43,707.5,653744
2021-06-17 09:23:44,708.0,654557
2021-06-17 09:23:45,707.6,654766
2021-06-17 09:23:46,707.6,657581
2021-06-17 09:23:47,707.45,660129
2021-06-17 09:23:49,707.7,661360
2021-06-17 09:23:49,707.35,661254
2021-06-17 09:23:50,707.6,661850
2021-06-17 09:23:51,707.8,662355
2021-06-17 09:23:52,707.45,663671
2021-06-17 09:23:53,707.3,666724
2021-06-17 09:23:54,707.35,667849
2021-06-17 09:23:55,707.45,668987
2021-06-17 09:23:56,707.5,669823
2021-06-17 09:23:57,706.9,675792
2021-06-17 09:23:58,706.7,676008
2021-06-17 09:23:59,706.8,676462
2021-06-17 09:24:01,706.5,679058
2021-06-17 09:24:02,706.55,680124
2021-06-17 09:24:03,706.7,681790
2021-06-17 09:24:04,706.3,682615
2021-06-17 09:24:05,706.5,683105
2021-06-17 09:24:06,706.8,683558
2021-06-17 09:24:07,706.8,683723
2021-06-17 09:24:08,706.7,684766
2021-06-17 09:24:09,707.0,685475
2021-06-17 09:24:10,706.7,685860
2021-06-17 09:24:11,707.0,686220
2021-06-17 09:24:12,706.75,687531
2021-06-17 09:24:13,707.25,688769
2021-06-17 09:24:14,707.5,692534
2021-06-17 09:24:16,707.8,693705
2021-06-17 09:24:17,707.5,694421
2021-06-17 09:24:18,707.65,694475
2021-06-17 09:24:19,707.85,695846
2021-06-17 09:24:20,707.45,696244
2021-06-17 09:24:20,707.75,696301
2021-06-17 09:24:21,707.75,697050
2021-06-17 09:24:22,707.75,697376
2021-06-17 09:24:23,707.7,699440
2021-06-17 09:24:24,707.85,699578
2021-06-17 09:24:25,707.65,700268
2021-06-17 09:24:26,707.65,702277
2021-06-17 09:24:27,707.6,702497
2021-06-17 09:24:28,707.75,703236
2021-06-17 09:24:29,707.85,703446
2021-06-17 09:24:30,707.75,704251
2021-06-17 09:24:31,708.0,704959
2021-06-17 09:24:32,707.8,705400
2021-06-17 09:24:33,708.0,709538
2021-06-17 09:24:35,708.0,710149
2021-06-17 09:24:36,707.85,711916
2021-06-17 09:24:37,708.15,712430
2021-06-17 09:24:38,707.85,713434
2021-06-17 09:24:39,708.15,713785
2021-06-17 09:24:39,708.15,713785
2021-06-17 09:24:40,708.2,719151
2021-06-17 09:24:41,707.85,719707
2021-06-17 09:24:43,708.0,720754
2021-06-17 09:24:44,708.0,721020
2021-06-17 09:24:45,707.5,721605
2021-06-17 09:24:46,707.75,722085
2021-06-17 09:24:47,707.65,724806
2021-06-17 09:24:48,707.95,725715
2021-06-17 09:24:49,707.75,726335
2021-06-17 09:24:50,707.9,726482
2021-06-17 09:24:51,707.85,726540
2021-06-17 09:24:52,707.6,726675
2021-06-17 09:24:53,707.8,729440
2021-06-17 09:24:55,707.85,730743
2021-06-17 09:24:56,707.9,731888
2021-06-17 09:24:57,707.85,733024
2021-06-17 09:24:58,707.95,733669
2021-06-17 09:24:59,707.8,734357
2021-06-17 09:25:00,707.5,734701
2021-06-17 09:25:01,707.9,735546
2021-06-17 09:25:03,707.3,737861
2021-06-17 09:25:04,707.1,738169
2021-06-17 09:25:06,707.1,739607
2021-06-17 09:25:07,707.4,740658
2021-06-17 09:25:08,707.4,741125
2021-06-17 09:25:10,707.15,742224
2021-06-17 09:25:11,707.5,742445
2021-06-17 09:25:12,707.5,742655
2021-06-17 09:25:13,707.2,743793
2021-06-17 09:25:14,707.35,743991
2021-06-17 09:25:15,707.4,744451
2021-06-17 09:25:16,707.4,745065
2021-06-17 09:25:17,707.1,745333
2021-06-17 09:25:18,707.5,746426
2021-06-17 09:25:19,707.3,746597
2021-06-17 09:25:20,707.3,747526
2021-06-17 09:25:21,707.65,749833
2021-06-17 09:25:22,707.5,750871
2021-06-17 09:25:23,707.5,751146
2021-06-17 09:25:24,707.65,751526
2021-06-17 09:25:26,707.6,752511
2021-06-17 09:25:27,707.45,754795
2021-06-17 09:25:29,707.65,757204
2021-06-17 09:25:30,707.6,757478
2021-06-17 09:25:31,707.45,757907
2021-06-17 09:25:32,707.5,758658
2021-06-17 09:25:33,707.25,758819
2021-06-17 09:25:34,707.45,758944
2021-06-17 09:25:35,707.4,759119
2021-06-17 09:25:36,707.1,759509
2021-06-17 09:25:37,707.15,759941
2021-06-17 09:25:38,707.1,760941
2021-06-17 09:25:39,707.35,761247
2021-06-17 09:25:40,707.1,761750
2021-06-17 09:25:41,707.1,761816
2021-06-17 09:25:42,707.35,762114
2021-06-17 09:25:43,707.1,762659
2021-06-17 09:25:44,707.1,762839
2021-06-17 09:25:46,707.5,763821
2021-06-17 09:25:48,707.15,764217
2021-06-17 09:25:48,707.5,764317
2021-06-17 09:25:49,707.5,764361
2021-06-17 09:25:50,707.35,765263
2021-06-17 09:25:51,707.5,765754
2021-06-17 09:25:52,707.5,766484
2021-06-17 09:25:53,707.5,766609
2021-06-17 09:25:55,707.5,766813
2021-06-17 09:25:56,707.45,766857
2021-06-17 09:25:57,707.35,767323
2021-06-17 09:25:58,707.2,767553
2021-06-17 09:25:59,707.1,767603
2021-06-17 09:26:00,707.3,769068
2021-06-17 09:26:01,707.1,769638
2021-06-17 09:26:01,707.1,769798
2021-06-17 09:26:02,707.1,769798
2021-06-17 09:26:03,707.1,770030
2021-06-17 09:26:05,707.4,770368
2021-06-17 09:26:06,707.45,770451
2021-06-17 09:26:07,707.45,770576
2021-06-17 09:26:08,707.4,770671
2021-06-17 09:26:09,707.15,770792
2021-06-17 09:26:10,707.2,772197
2021-06-17 09:26:11,707.1,773124
2021-06-17 09:26:12,707.4,773729
2021-06-17 09:26:14,707.45,773804
2021-06-17 09:26:15,707.2,774315
2021-06-17 09:26:16,707.5,774837
2021-06-17 09:26:17,707.2,776563
2021-06-17 09:26:18,707.5,779103
2021-06-17 09:26:18,707.3,779113
2021-06-17 09:26:19,707.4,779116
2021-06-17 09:26:20,707.5,779140
2021-06-17 09:26:21,707.4,779290
2021-06-17 09:26:22,707.5,779948
2021-06-17 09:26:23,707.5,780122
2021-06-17 09:26:25,707.5,780580
2021-06-17 09:26:26,707.5,781264
2021-06-17 09:26:27,707.5,781294
2021-06-17 09:26:28,707.5,781366
2021-06-17 09:26:29,707.5,781799
2021-06-17 09:26:29,707.5,781799
2021-06-17 09:26:30,707.75,783442
2021-06-17 09:26:31,707.75,783454
2021-06-17 09:26:32,707.9,785126
2021-06-17 09:26:34,707.75,785681
2021-06-17 09:26:35,707.65,785778
2021-06-17 09:26:36,708.15,794742
2021-06-17 09:26:37,708.15,795708
2021-06-17 09:26:38,708.2,795798
2021-06-17 09:26:39,708.0,795800
2021-06-17 09:26:39,708.0,795860
2021-06-17 09:26:40,708.2,796314
2021-06-17 09:26:41,708.15,797346
2021-06-17 09:26:42,708.0,797425
2021-06-17 09:26:45,708.3,798706
2021-06-17 09:26:45,708.15,799794
2021-06-17 09:26:46,708.35,800144
2021-06-17 09:26:47,708.15,801396
2021-06-17 09:26:48,708.15,801690
2021-06-17 09:26:49,708.3,802145
2021-06-17 09:26:50,708.3,802260
2021-06-17 09:26:52,708.5,806044
2021-06-17 09:26:53,708.45,806420
2021-06-17 09:26:54,708.2,807035
2021-06-17 09:26:55,708.65,808353
2021-06-17 09:26:57,708.4,809045
2021-06-17 09:26:58,708.7,810125
2021-06-17 09:26:59,708.45,810351
2021-06-17 09:27:00,708.45,813468
2021-06-17 09:27:01,708.3,813883
2021-06-17 09:27:02,708.6,814143
2021-06-17 09:27:03,708.65,814508
2021-06-17 09:27:04,708.7,815058
2021-06-17 09:27:06,708.6,815272
2021-06-17 09:27:07,708.4,815964
2021-06-17 09:27:08,708.65,816089
2021-06-17 09:27:08,708.75,817260
2021-06-17 09:27:09,708.55,817292
2021-06-17 09:27:10,708.6,817324
2021-06-17 09:27:11,708.85,819400
2021-06-17 09:27:12,708.85,820449
2021-06-17 09:27:14,708.65,820530
2021-06-17 09:27:15,708.55,820765
2021-06-17 09:27:17,708.95,822390
2021-06-17 09:27:18,708.9,822412
2021-06-17 09:27:19,708.95,822732
2021-06-17 09:27:19,708.75,822853
2021-06-17 09:27:20,708.95,822942
2021-06-17 09:27:21,708.95,823327
2021-06-17 09:27:22,709.0,824414
2021-06-17 09:27:23,709.0,825189
2021-06-17 09:27:24,708.75,826009
2021-06-17 09:27:25,708.9,826847
2021-06-17 09:27:26,708.9,827030
2021-06-17 09:27:27,708.8,827217
2021-06-17 09:27:28,708.8,827219
2021-06-17 09:27:29,708.75,828100
2021-06-17 09:27:30,708.3,833144
2021-06-17 09:27:31,708.2,833154
2021-06-17 09:27:32,708.5,833653
2021-06-17 09:27:33,708.4,834290
2021-06-17 09:27:34,708.4,834344
2021-06-17 09:27:35,708.35,835971
2021-06-17 09:27:36,707.7,848183
2021-06-17 09:27:37,707.45,848722
2021-06-17 09:27:38,707.8,849089
2021-06-17 09:27:39,707.8,849538
2021-06-17 09:27:41,707.7,851616
2021-06-17 09:27:42,707.7,851841
2021-06-17 09:27:42,707.7,851862
2021-06-17 09:27:43,707.85,852357
2021-06-17 09:27:44,707.95,852583
2021-06-17 09:27:45,707.7,852772
2021-06-17 09:27:46,707.7,853212
2021-06-17 09:27:47,707.95,853237
2021-06-17 09:27:48,707.85,853425
2021-06-17 09:27:49,707.8,854285
2021-06-17 09:27:50,707.35,854762
2021-06-17 09:27:52,707.4,855003
2021-06-17 09:27:53,707.6,855054
2021-06-17 09:27:54,707.2,855709
2021-06-17 09:27:55,707.2,855822
2021-06-17 09:27:55,707.2,856022
2021-06-17 09:27:56,707.5,856282
2021-06-17 09:27:59,707.35,857151
2021-06-17 09:28:00,707.3,857455
2021-06-17 09:28:01,707.65,857475
2021-06-17 09:28:02,707.3,857535
2021-06-17 09:28:03,707.2,857746
2021-06-17 09:28:04,707.2,857988
2021-06-17 09:28:05,707.2,858357
2021-06-17 09:28:06,707.3,858741
2021-06-17 09:28:07,707.35,858979
2021-06-17 09:28:08,707.1,859875
2021-06-17 09:28:09,707.1,860210
2021-06-17 09:28:09,707.2,860458
2021-06-17 09:28:10,707.1,862129
2021-06-17 09:28:11,707.1,862200
2021-06-17 09:28:13,707.15,862857
2021-06-17 09:28:14,707.1,863637
2021-06-17 09:28:14,707.1,863819
2021-06-17 09:28:15,707.0,870521
2021-06-17 09:28:17,707.0,870650
2021-06-17 09:28:18,707.0,871172
2021-06-17 09:28:19,706.65,873403
2021-06-17 09:28:20,707.0,874262
2021-06-17 09:28:21,706.7,874538
2021-06-17 09:28:22,707.0,874833
2021-06-17 09:28:23,706.6,875813
2021-06-17 09:28:24,706.9,876952
2021-06-17 09:28:24,706.85,877159
2021-06-17 09:28:26,706.55,880104
2021-06-17 09:28:27,706.6,880546
2021-06-17 09:28:28,706.9,880679
2021-06-17 09:28:29,706.6,881038
2021-06-17 09:28:30,706.95,881604
2021-06-17 09:28:31,706.95,881754
2021-06-17 09:28:32,706.5,882194
2021-06-17 09:28:33,706.8,882578
2021-06-17 09:28:34,706.3,886005
2021-06-17 09:28:35,706.7,886078
2021-06-17 09:28:36,706.5,886533
2021-06-17 09:28:36,706.4,886513
2021-06-17 09:28:38,706.5,892653
2021-06-17 09:28:39,706.45,895227
2021-06-17 09:28:39,706.35,895072
2021-06-17 09:28:41,706.65,895702
2021-06-17 09:28:42,706.75,895850
2021-06-17 09:28:43,707.0,896327
2021-06-17 09:28:44,707.7,905432
2021-06-17 09:28:45,707.75,906107
2021-06-17 09:28:45,707.4,906015
2021-06-17 09:28:46,707.4,906149
2021-06-17 09:28:47,707.4,906169
2021-06-17 09:28:48,707.65,906434
2021-06-17 09:28:49,707.15,906439
2021-06-17 09:28:50,707.55,906443
2021-06-17 09:28:51,707.15,906631
2021-06-17 09:28:52,707.45,906732
2021-06-17 09:28:53,707.15,906772
2021-06-17 09:28:54,707.45,906778
2021-06-17 09:28:56,707.6,907360
2021-06-17 09:28:56,707.55,907385
2021-06-17 09:28:57,707.4,907410
2021-06-17 09:28:58,707.9,907670
2021-06-17 09:28:59,707.9,907830
2021-06-17 09:29:00,707.65,907951
2021-06-17 09:29:01,707.9,908068
2021-06-17 09:29:02,708.0,912312
2021-06-17 09:29:03,707.9,912582
2021-06-17 09:29:04,708.0,913083
2021-06-17 09:29:05,707.7,914141
2021-06-17 09:29:07,708.2,917792
2021-06-17 09:29:08,708.25,917972
2021-06-17 09:29:09,708.6,918571
2021-06-17 09:29:09,708.25,918698
2021-06-17 09:29:10,708.25,918765
2021-06-17 09:29:11,708.5,918796
2021-06-17 09:29:12,708.7,918947
2021-06-17 09:29:13,708.65,919304
2021-06-17 09:29:14,708.25,919559
2021-06-17 09:29:15,708.25,919942
2021-06-17 09:29:16,708.55,920957
2021-06-17 09:29:17,708.3,921029
2021-06-17 09:29:18,708.0,921817
2021-06-17 09:29:20,708.5,923062
2021-06-17 09:29:21,708.5,923077
2021-06-17 09:29:22,708.1,923309
2021-06-17 09:29:24,708.2,923562
2021-06-17 09:29:25,708.45,925122
2021-06-17 09:29:26,708.5,925268
2021-06-17 09:29:27,708.5,927535
2021-06-17 09:29:28,708.5,927536
2021-06-17 09:29:28,708.5,927536
2021-06-17 09:29:29,708.3,927551
2021-06-17 09:29:30,708.5,928153
2021-06-17 09:29:31,708.35,928358
2021-06-17 09:29:33,708.5,929175
2021-06-17 09:29:34,708.55,930694
2021-06-17 09:29:34,708.45,930719
2021-06-17 09:29:36,708.6,930725
2021-06-17 09:29:38,708.65,931542
2021-06-17 09:29:39,708.3,931743
2021-06-17 09:29:40,708.35,932169
2021-06-17 09:29:41,708.4,932772
2021-06-17 09:29:42,708.25,933185
2021-06-17 09:29:43,708.25,933185
2021-06-17 09:29:44,708.4,933316
2021-06-17 09:29:45,708.35,933376
2021-06-17 09:29:46,708.2,933869
2021-06-17 09:29:47,708.3,933946
2021-06-17 09:29:47,708.1,934007
2021-06-17 09:29:48,707.9,939807
2021-06-17 09:29:49,707.9,939817
2021-06-17 09:29:51,707.9,940091
2021-06-17 09:29:52,707.7,940108
2021-06-17 09:29:53,707.9,940214
2021-06-17 09:29:54,707.9,941350
2021-06-17 09:29:55,707.9,942638
2021-06-17 09:29:56,707.5,942674
2021-06-17 09:29:57,707.7,942686
2021-06-17 09:29:58,707.5,942841
2021-06-17 09:29:59,707.8,943141
2021-06-17 09:29:59,707.8,943151
2021-06-17 09:30:00,707.8,943351
2021-06-17 09:30:01,707.85,943406
2021-06-17 09:30:02,707.8,943549
2021-06-17 09:30:03,707.8,943559
2021-06-17 09:30:04,707.35,943832
2021-06-17 09:30:05,707.15,944211
2021-06-17 09:30:06,707.55,944505
2021-06-17 09:30:08,707.2,944655
2021-06-17 09:30:09,707.2,945130
2021-06-17 09:30:10,707.15,945134
2021-06-17 09:30:12,707.3,945275
2021-06-17 09:30:13,707.3,945882
2021-06-17 09:30:14,707.3,945937
2021-06-17 09:30:14,707.25,946407
2021-06-17 09:30:15,707.55,946439
2021-06-17 09:30:16,707.55,946574
2021-06-17 09:30:18,707.65,946584
2021-06-17 09:30:20,707.7,947814
2021-06-17 09:30:21,707.65,948339
2021-06-17 09:30:22,707.65,948341
2021-06-17 09:30:23,707.65,948341
2021-06-17 09:30:24,707.65,949344
2021-06-17 09:30:25,707.5,949875
2021-06-17 09:30:26,707.6,949892
2021-06-17 09:30:27,707.6,949892
2021-06-17 09:30:28,707.5,950167
2021-06-17 09:30:29,707.5,950342
2021-06-17 09:30:30,707.65,950400
2021-06-17 09:30:31,707.35,950540
2021-06-17 09:30:32,707.6,950543
2021-06-17 09:30:33,707.5,951163
2021-06-17 09:30:34,707.2,952247
2021-06-17 09:30:35,707.25,952367
2021-06-17 09:30:36,706.8,969267
2021-06-17 09:30:36,706.8,969267
2021-06-17 09:30:37,706.85,969377
2021-06-17 09:30:38,706.7,971046
2021-06-17 09:30:40,706.6,971063
2021-06-17 09:30:41,706.5,971188
2021-06-17 09:30:42,706.8,971438
2021-06-17 09:30:43,706.75,972896
2021-06-17 09:30:45,706.3,973592
2021-06-17 09:30:46,706.25,973854
2021-06-17 09:30:49,706.0,977097
2021-06-17 09:30:50,706.2,977406
2021-06-17 09:30:51,706.2,978912
2021-06-17 09:30:52,706.2,979082
2021-06-17 09:30:53,706.0,979317
2021-06-17 09:30:54,705.65,979984
2021-06-17 09:30:55,705.65,980194
2021-06-17 09:30:56,706.0,980219
2021-06-17 09:30:57,706.0,981945
2021-06-17 09:30:58,705.6,981955
2021-06-17 09:30:58,705.6,981965
2021-06-17 09:30:59,705.95,982365
2021-06-17 09:31:00,705.95,985165
2021-06-17 09:31:02,705.65,985265
2021-06-17 09:31:03,705.65,985555
2021-06-17 09:31:04,706.65,990409
2021-06-17 09:31:05,706.3,990701
2021-06-17 09:31:06,706.5,991115
2021-06-17 09:31:07,706.15,991408
2021-06-17 09:31:08,706.2,991958
2021-06-17 09:31:09,706.6,991965
2021-06-17 09:31:10,706.55,991975
2021-06-17 09:31:11,706.1,993046
2021-06-17 09:31:12,706.1,993093
2021-06-17 09:31:13,706.6,993232
2021-06-17 09:31:14,706.65,993357
2021-06-17 09:31:15,706.6,993477
2021-06-17 09:31:16,706.65,993554
2021-06-17 09:31:17,706.85,993658
2021-06-17 09:31:18,706.65,994219
2021-06-17 09:31:19,707.0,994623
2021-06-17 09:31:20,706.95,994673
2021-06-17 09:31:21,706.7,994709
2021-06-17 09:31:22,706.95,994729
2021-06-17 09:31:23,706.65,994829
2021-06-17 09:31:24,706.9,995364
2021-06-17 09:31:25,706.65,995508
2021-06-17 09:31:26,706.85,995686
2021-06-17 09:31:27,706.7,995774
2021-06-17 09:31:28,706.9,995874
2021-06-17 09:31:29,706.95,996084
2021-06-17 09:31:30,706.95,996088
2021-06-17 09:31:31,706.6,996836
2021-06-17 09:31:32,706.75,996970
2021-06-17 09:31:33,706.55,997011
2021-06-17 09:31:34,706.85,997141
2021-06-17 09:31:35,706.85,997210
2021-06-17 09:31:36,707.0,997510
2021-06-17 09:31:37,707.0,997845
2021-06-17 09:31:38,707.0,998209
2021-06-17 09:31:39,706.8,998234
2021-06-17 09:31:40,706.8,998434
2021-06-17 09:31:41,706.8,998435
2021-06-17 09:31:42,706.65,998675
2021-06-17 09:31:43,706.65,998680
2021-06-17 09:31:44,706.7,998686
2021-06-17 09:31:45,706.7,998986
2021-06-17 09:31:46,707.35,1002046
2021-06-17 09:31:48,707.4,1002235
2021-06-17 09:31:49,707.55,1004690
2021-06-17 09:31:50,707.8,1004791
2021-06-17 09:31:51,707.55,1004967
2021-06-17 09:31:52,707.5,1005067
2021-06-17 09:31:53,707.45,1005167
2021-06-17 09:31:54,707.45,1005382
2021-06-17 09:31:55,707.1,1005865
2021-06-17 09:31:56,707.1,1006217
2021-06-17 09:31:57,707.35,1006289
2021-06-17 09:31:58,707.05,1006356
2021-06-17 09:31:59,706.95,1006550
2021-06-17 09:32:00,707.0,1006564
2021-06-17 09:32:01,707.15,1006662
2021-06-17 09:32:02,707.45,1007289
2021-06-17 09:32:04,707.4,1008041
2021-06-17 09:32:05,707.3,1008047
2021-06-17 09:32:06,707.3,1008047
2021-06-17 09:32:07,707.3,1008047
2021-06-17 09:32:08,707.15,1008058
2021-06-17 09:32:09,707.4,1008111
2021-06-17 09:32:10,707.3,1008193
2021-06-17 09:32:11,707.2,1008512
2021-06-17 09:32:12,707.5,1008516
2021-06-17 09:32:13,707.4,1009580
2021-06-17 09:32:14,707.4,1009696
2021-06-17 09:32:16,707.75,1012414
2021-06-17 09:32:17,707.4,1012524
2021-06-17 09:32:18,707.4,1012637
2021-06-17 09:32:19,707.4,1012692
2021-06-17 09:32:20,707.15,1013392
2021-06-17 09:32:21,707.15,1013392
2021-06-17 09:32:22,707.65,1013738
2021-06-17 09:32:23,707.5,1014071
2021-06-17 09:32:24,707.7,1014228
2021-06-17 09:32:25,707.4,1014302
2021-06-17 09:32:26,707.75,1014317
2021-06-17 09:32:27,707.65,1014318
2021-06-17 09:32:28,707.65,1014370
2021-06-17 09:32:29,707.45,1014389
2021-06-17 09:32:30,707.45,1014389
2021-06-17 09:32:31,707.8,1014690
2021-06-17 09:32:32,707.9,1016633
2021-06-17 09:32:33,707.95,1016655
2021-06-17 09:32:34,708.2,1021858
2021-06-17 09:32:35,708.4,1022187
2021-06-17 09:32:36,708.05,1022193
2021-06-17 09:32:37,708.35,1022256
2021-06-17 09:32:38,708.05,1022261
2021-06-17 09:32:39,708.5,1023374
2021-06-17 09:32:40,708.75,1027141
2021-06-17 09:32:41,708.8,1027502
2021-06-17 09:32:42,708.45,1028638
2021-06-17 09:32:43,709.2,1041800
2021-06-17 09:32:44,709.5,1042644
2021-06-17 09:32:45,709.45,1043217
2021-06-17 09:32:46,709.4,1043345
2021-06-17 09:32:47,709.25,1043346
2021-06-17 09:32:48,709.45,1043381
2021-06-17 09:32:49,709.3,1044612
2021-06-17 09:32:50,708.85,1045030
2021-06-17 09:32:51,709.0,1045286
2021-06-17 09:32:52,708.6,1045350
2021-06-17 09:32:53,709.0,1046123
2021-06-17 09:32:54,709.0,1046172
2021-06-17 09:32:55,708.95,1046223
2021-06-17 09:32:56,708.9,1046333
2021-06-17 09:32:57,708.9,1047081
2021-06-17 09:32:58,708.9,1048162
2021-06-17 09:33:00,708.95,1048668
2021-06-17 09:33:01,709.25,1048916
2021-06-17 09:33:02,709.1,1049046
2021-06-17 09:33:04,709.0,1049319
2021-06-17 09:33:03,708.9,1049207
2021-06-17 09:33:05,709.1,1050089
2021-06-17 09:33:06,709.2,1050749
2021-06-17 09:33:08,708.75,1053196
2021-06-17 09:33:09,708.85,1053224
2021-06-17 09:33:10,708.8,1053451
2021-06-17 09:33:11,708.85,1053679
2021-06-17 09:33:12,708.9,1053720
2021-06-17 09:33:13,709.0,1054937
2021-06-17 09:33:14,708.95,1055140
2021-06-17 09:33:15,709.0,1055200
2021-06-17 09:33:16,709.2,1055483
2021-06-17 09:33:17,709.2,1055569
2021-06-17 09:33:18,709.2,1055702
2021-06-17 09:33:19,708.65,1062718
2021-06-17 09:33:21,708.7,1076504
2021-06-17 09:33:22,708.95,1076884
2021-06-17 09:33:23,708.6,1078794
2021-06-17 09:33:24,708.6,1078966
2021-06-17 09:33:25,709.25,1079474
2021-06-17 09:33:26,708.9,1079686
2021-06-17 09:33:27,708.8,1080134
2021-06-17 09:33:28,709.2,1080460
2021-06-17 09:33:29,709.0,1080593
2021-06-17 09:33:30,709.2,1080968
2021-06-17 09:33:32,709.1,1081443
2021-06-17 09:33:33,709.05,1081568
2021-06-17 09:33:34,709.2,1081590
2021-06-17 09:33:35,709.2,1081744
2021-06-17 09:33:37,709.4,1082278
2021-06-17 09:33:39,708.55,1088206
2021-06-17 09:33:40,708.6,1088471
2021-06-17 09:33:41,708.6,1088844
2021-06-17 09:33:42,708.55,1089700
2021-06-17 09:33:43,708.55,1089700
2021-06-17 09:33:45,708.8,1089955
2021-06-17 09:33:46,708.5,1090359
2021-06-17 09:33:47,708.65,1090399
2021-06-17 09:33:48,708.8,1090431
2021-06-17 09:33:49,708.6,1090456
2021-06-17 09:33:50,708.8,1090778
2021-06-17 09:33:51,708.85,1090821
2021-06-17 09:33:52,708.5,1091339
2021-06-17 09:33:53,708.55,1091499
2021-06-17 09:33:54,708.8,1091583
2021-06-17 09:33:55,708.85,1091643
2021-06-17 09:33:56,708.8,1091743
2021-06-17 09:33:57,708.95,1091783
2021-06-17 09:33:58,708.85,1091830
2021-06-17 09:33:59,708.9,1091950
2021-06-17 09:34:00,708.65,1092050
2021-06-17 09:34:01,708.6,1092084
2021-06-17 09:34:02,708.9,1092125
2021-06-17 09:34:03,708.85,1092343
2021-06-17 09:34:04,708.6,1092474
2021-06-17 09:34:05,708.6,1092484
2021-06-17 09:34:06,708.9,1092854
2021-06-17 09:34:07,709.0,1094401
2021-06-17 09:34:08,708.65,1094811
2021-06-17 09:34:09,708.65,1094977
2021-06-17 09:34:10,708.85,1095003
2021-06-17 09:34:11,708.6,1095075
2021-06-17 09:34:13,708.65,1095503
2021-06-17 09:34:14,708.65,1095508
2021-06-17 09:34:15,708.4,1098724
2021-06-17 09:34:16,708.4,1099486
2021-06-17 09:34:17,708.35,1099501
2021-06-17 09:34:18,708.4,1100007
2021-06-17 09:34:19,708.4,1100107
2021-06-17 09:34:20,708.55,1100308
2021-06-17 09:34:21,708.55,1100308
2021-06-17 09:34:22,708.2,1100335
2021-06-17 09:34:23,708.2,1100341
2021-06-17 09:34:24,708.2,1100352
2021-06-17 09:34:25,708.2,1100352
2021-06-17 09:34:26,708.2,1100452
2021-06-17 09:34:27,708.0,1100483
2021-06-17 09:34:28,708.05,1100707
2021-06-17 09:34:29,708.2,1100734
2021-06-17 09:34:30,707.75,1101321
2021-06-17 09:34:31,707.45,1101771
2021-06-17 09:34:32,707.55,1102077
2021-06-17 09:34:34,707.55,1102082
2021-06-17 09:34:33,707.55,1102082
2021-06-17 09:34:35,707.55,1102082
2021-06-17 09:34:36,707.15,1102149
2021-06-17 09:34:37,707.55,1102564
2021-06-17 09:34:38,708.15,1102766
2021-06-17 09:34:39,707.75,1102990
2021-06-17 09:34:40,707.75,1103053
2021-06-17 09:34:41,707.75,1103058
2021-06-17 09:34:43,707.95,1103310
2021-06-17 09:34:44,707.95,1103443
2021-06-17 09:34:45,707.95,1103543
2021-06-17 09:34:46,707.95,1104283
2021-06-17 09:34:47,708.0,1104400
2021-06-17 09:34:48,707.95,1104480
2021-06-17 09:34:49,707.95,1104559
2021-06-17 09:34:50,707.95,1104759
2021-06-17 09:34:51,707.95,1105962
2021-06-17 09:34:52,707.95,1105962
2021-06-17 09:34:53,707.85,1106022
2021-06-17 09:34:54,707.85,1106052
2021-06-17 09:34:55,707.9,1106118
2021-06-17 09:34:56,707.55,1106219
2021-06-17 09:34:57,707.55,1106219
2021-06-17 09:34:59,707.4,1106448
2021-06-17 09:34:59,707.45,1106478
2021-06-17 09:35:01,707.45,1106479
2021-06-17 09:35:03,707.6,1106595
2021-06-17 09:35:02,707.5,1106594
2021-06-17 09:35:04,707.5,1106615
2021-06-17 09:35:05,707.65,1106720
2021-06-17 09:35:06,707.8,1106726
2021-06-17 09:35:08,707.5,1107649
2021-06-17 09:35:09,708.0,1109159
2021-06-17 09:35:10,708.25,1115134
2021-06-17 09:35:11,708.1,1116747
2021-06-17 09:35:12,708.0,1116833
2021-06-17 09:35:13,708.0,1116907
2021-06-17 09:35:14,708.3,1117231
2021-06-17 09:35:15,708.0,1117248
2021-06-17 09:35:16,707.95,1117273
2021-06-17 09:35:17,707.95,1117451
2021-06-17 09:35:18,708.15,1118472
2021-06-17 09:35:19,708.1,1118692
2021-06-17 09:35:20,708.1,1120282
2021-06-17 09:35:21,708.5,1120662
2021-06-17 09:35:22,708.05,1120726
2021-06-17 09:35:23,708.05,1120726
2021-06-17 09:35:24,707.85,1120998
2021-06-17 09:35:26,707.8,1121260
2021-06-17 09:35:26,707.85,1121132
2021-06-17 09:35:27,707.55,1121261
2021-06-17 09:35:28,707.8,1121353
2021-06-17 09:35:29,707.8,1121356
2021-06-17 09:35:30,707.8,1121386
2021-06-17 09:35:32,707.45,1121930
2021-06-17 09:35:34,707.0,1123108
2021-06-17 09:35:35,707.25,1123118
2021-06-17 09:35:36,707.25,1123218
2021-06-17 09:35:37,707.25,1123219
2021-06-17 09:35:38,707.25,1123229
2021-06-17 09:35:39,707.0,1123273
2021-06-17 09:35:40,707.0,1123573
2021-06-17 09:35:41,707.0,1123738
2021-06-17 09:35:42,707.2,1123744
2021-06-17 09:35:43,707.1,1123856
2021-06-17 09:35:44,706.95,1125783
2021-06-17 09:35:45,706.9,1125822
2021-06-17 09:35:46,707.0,1126428
2021-06-17 09:35:47,707.0,1127003
2021-06-17 09:35:48,707.0,1127018
2021-06-17 09:35:49,706.95,1127455
2021-06-17 09:35:50,707.0,1127480
2021-06-17 09:35:51,707.0,1127582
2021-06-17 09:35:52,707.0,1128736
2021-06-17 09:35:53,707.1,1129436
2021-06-17 09:35:54,707.0,1129446
2021-06-17 09:35:55,707.0,1129447
2021-06-17 09:35:56,706.95,1129609
2021-06-17 09:35:57,706.95,1129609
2021-06-17 09:35:58,706.95,1129762
2021-06-17 09:35:59,706.9,1129914
2021-06-17 09:36:00,706.5,1130499
2021-06-17 09:36:01,706.5,1130961
2021-06-17 09:36:02,706.75,1131261
2021-06-17 09:36:03,707.2,1135134
2021-06-17 09:36:04,707.25,1135159
2021-06-17 09:36:05,707.15,1135689
2021-06-17 09:36:06,707.45,1135973
2021-06-17 09:36:07,707.0,1136079
2021-06-17 09:36:08,707.0,1136279
2021-06-17 09:36:09,707.0,1136289
2021-06-17 09:36:10,706.9,1137289
2021-06-17 09:36:11,706.9,1137289
2021-06-17 09:36:12,706.85,1137794
2021-06-17 09:36:13,707.2,1137844
2021-06-17 09:36:14,707.0,1138200
2021-06-17 09:36:15,707.3,1138405
2021-06-17 09:36:16,706.9,1138705
2021-06-17 09:36:17,706.9,1138705
2021-06-17 09:36:19,706.55,1139377
2021-06-17 09:36:20,706.5,1139408
2021-06-17 09:36:21,706.7,1139709
2021-06-17 09:36:23,706.5,1139735
2021-06-17 09:36:23,706.5,1139735
2021-06-17 09:36:24,706.8,1140135
2021-06-17 09:36:25,706.8,1140242
2021-06-17 09:36:26,706.75,1140817
2021-06-17 09:36:27,706.3,1141615
2021-06-17 09:36:29,706.5,1141774
2021-06-17 09:36:30,706.5,1142134
2021-06-17 09:36:30,706.5,1142150
2021-06-17 09:36:31,706.55,1142655
2021-06-17 09:36:32,706.3,1143088
2021-06-17 09:36:33,706.55,1143483
2021-06-17 09:36:34,706.3,1144013
2021-06-17 09:36:36,706.55,1144099
2021-06-17 09:36:37,706.3,1144149
2021-06-17 09:36:38,706.5,1144189
2021-06-17 09:36:39,706.5,1144262
2021-06-17 09:36:40,706.3,1144589
2021-06-17 09:36:41,706.45,1144929
2021-06-17 09:36:42,706.35,1145164
2021-06-17 09:36:44,706.4,1145227
2021-06-17 09:36:45,706.3,1146591
2021-06-17 09:36:46,706.45,1146733
2021-06-17 09:36:47,706.35,1146804
2021-06-17 09:36:47,706.35,1146804
2021-06-17 09:36:49,706.0,1149829
2021-06-17 09:36:50,706.25,1150763
2021-06-17 09:36:51,706.35,1150863
2021-06-17 09:36:51,706.35,1150864
2021-06-17 09:36:52,706.2,1151064
2021-06-17 09:36:53,706.2,1151072
2021-06-17 09:36:54,706.2,1151078
2021-06-17 09:36:55,706.3,1151096
2021-06-17 09:36:56,706.45,1151593
2021-06-17 09:36:57,706.3,1151639
2021-06-17 09:36:58,706.25,1152009
2021-06-17 09:37:00,706.7,1152594
2021-06-17 09:37:01,706.6,1152874
2021-06-17 09:37:01,706.6,1152874
2021-06-17 09:37:02,706.65,1152914
2021-06-17 09:37:03,707.1,1154023
2021-06-17 09:37:05,707.05,1154044
2021-06-17 09:37:05,707.05,1154084
2021-06-17 09:37:06,707.15,1154154
2021-06-17 09:37:07,706.95,1154254
2021-06-17 09:37:08,707.0,1155189
2021-06-17 09:37:09,707.15,1155190
2021-06-17 09:37:10,707.0,1155710
2021-06-17 09:37:12,706.7,1155780
2021-06-17 09:37:13,706.7,1155951
2021-06-17 09:37:13,707.0,1156151
2021-06-17 09:37:14,706.75,1156171
2021-06-17 09:37:16,706.65,1156452
2021-06-17 09:37:17,706.75,1156592
2021-06-17 09:37:18,706.75,1156592
2021-06-17 09:37:19,706.75,1156612
2021-06-17 09:37:19,706.75,1156612
2021-06-17 09:37:20,706.85,1156628
2021-06-17 09:37:21,706.85,1156629
2021-06-17 09:37:22,706.55,1157484
2021-06-17 09:37:24,706.9,1157644
2021-06-17 09:37:25,706.9,1157774
2021-06-17 09:37:25,706.9,1157774
2021-06-17 09:37:26,706.65,1157884
2021-06-17 09:37:27,706.9,1157889
2021-06-17 09:37:28,706.75,1158143
2021-06-17 09:37:30,706.8,1158302
2021-06-17 09:37:31,706.25,1160992
2021-06-17 09:37:32,706.35,1161267
2021-06-17 09:37:33,706.4,1161343
2021-06-17 09:37:33,706.4,1161343
2021-06-17 09:37:34,706.25,1161393
2021-06-17 09:37:35,706.4,1162121
2021-06-17 09:37:37,706.25,1162884
2021-06-17 09:37:38,706.45,1162902
2021-06-17 09:37:40,706.5,1163330
2021-06-17 09:37:42,706.35,1164701
2021-06-17 09:37:43,706.4,1164716
2021-06-17 09:37:43,706.4,1164716
2021-06-17 09:37:44,706.5,1164721
2021-06-17 09:37:45,706.5,1164728
2021-06-17 09:37:47,706.55,1165925
2021-06-17 09:37:47,706.5,1165924
2021-06-17 09:37:48,706.55,1165925
2021-06-17 09:37:49,706.55,1165925
2021-06-17 09:37:51,706.65,1165975
2021-06-17 09:37:51,706.65,1165975
2021-06-17 09:37:52,706.65,1166015
2021-06-17 09:37:53,706.8,1166016
2021-06-17 09:37:54,706.8,1166046
2021-06-17 09:37:55,706.65,1166104
2021-06-17 09:37:56,706.9,1167307
2021-06-17 09:37:58,706.8,1167597
2021-06-17 09:37:59,707.25,1169516
2021-06-17 09:38:00,707.5,1171225
2021-06-17 09:38:01,707.2,1171386
2021-06-17 09:38:02,707.5,1171400
2021-06-17 09:38:03,707.25,1171673
2021-06-17 09:38:05,708.0,1173328
2021-06-17 09:38:06,707.45,1173519
2021-06-17 09:38:07,707.3,1173546
2021-06-17 09:38:08,707.25,1173611
2021-06-17 09:38:10,707.0,1174666
2021-06-17 09:38:09,707.65,1173934
2021-06-17 09:38:10,707.2,1174670
2021-06-17 09:38:11,707.0,1174720
2021-06-17 09:38:12,707.0,1174720
2021-06-17 09:38:14,707.1,1175041
2021-06-17 09:38:15,706.8,1175131
2021-06-17 09:38:16,707.25,1176136
2021-06-17 09:38:18,707.4,1176503
2021-06-17 09:38:18,707.4,1176503
2021-06-17 09:38:20,707.1,1176712
2021-06-17 09:38:21,707.4,1176759
2021-06-17 09:38:21,707.4,1176759
2021-06-17 09:38:22,706.9,1178467
2021-06-17 09:38:23,706.75,1178767
2021-06-17 09:38:24,706.75,1178767
2021-06-17 09:38:26,706.9,1178932
2021-06-17 09:38:26,706.5,1179384
2021-06-17 09:38:28,706.5,1179635
2021-06-17 09:38:29,706.5,1180184
2021-06-17 09:38:29,706.5,1180201
2021-06-17 09:38:30,706.35,1181283
2021-06-17 09:38:32,705.95,1198708
2021-06-17 09:38:34,706.0,1200793
2021-06-17 09:38:35,705.65,1201235
2021-06-17 09:38:35,705.65,1201235
2021-06-17 09:38:37,706.1,1201665
2021-06-17 09:38:37,706.0,1201870
2021-06-17 09:38:39,706.0,1201912
2021-06-17 09:38:40,706.0,1201990
2021-06-17 09:38:40,706.0,1201990
2021-06-17 09:38:41,706.15,1202090
2021-06-17 09:38:43,706.05,1202164
2021-06-17 09:38:44,706.05,1202865
2021-06-17 09:38:45,706.05,1203120
2021-06-17 09:38:46,706.05,1203283
2021-06-17 09:38:47,706.05,1203283
2021-06-17 09:38:48,706.05,1204304
2021-06-17 09:38:49,706.0,1204464
2021-06-17 09:38:50,706.5,1204899
2021-06-17 09:38:51,706.5,1204899
2021-06-17 09:38:52,706.45,1205014
2021-06-17 09:38:53,706.1,1205064
2021-06-17 09:38:54,706.65,1205084
2021-06-17 09:38:55,706.65,1205084
2021-06-17 09:38:56,706.65,1205084
2021-06-17 09:38:57,706.4,1205109
2021-06-17 09:38:59,707.0,1205629
2021-06-17 09:38:59,706.6,1206089
2021-06-17 09:39:00,706.7,1206199
2021-06-17 09:39:01,706.7,1206199
2021-06-17 09:39:02,706.7,1206199
2021-06-17 09:39:03,707.0,1206299
2021-06-17 09:39:05,707.0,1206340
2021-06-17 09:39:06,707.0,1206340
2021-06-17 09:39:07,707.0,1206675
2021-06-17 09:39:08,707.0,1206705
2021-06-17 09:39:09,706.7,1206758
2021-06-17 09:39:10,706.85,1206783
2021-06-17 09:39:11,706.6,1206900
2021-06-17 09:39:12,706.85,1206905
2021-06-17 09:39:13,706.4,1207126
2021-06-17 09:39:14,706.4,1207126
2021-06-17 09:39:15,706.65,1207176
2021-06-17 09:39:16,706.7,1207676
2021-06-17 09:39:16,706.7,1207676
2021-06-17 09:39:17,706.4,1207727
2021-06-17 09:39:18,706.3,1207911
2021-06-17 09:39:20,706.3,1207912
2021-06-17 09:39:21,706.3,1207912
2021-06-17 09:39:22,706.75,1208112
2021-06-17 09:39:23,706.35,1208315
2021-06-17 09:39:24,706.65,1208528
2021-06-17 09:39:25,706.4,1208619
2021-06-17 09:39:26,706.4,1209003
2021-06-17 09:39:26,706.1,1209109
2021-06-17 09:39:27,706.3,1209290
2021-06-17 09:39:28,706.5,1209390
2021-06-17 09:39:29,706.5,1209390
2021-06-17 09:39:31,706.5,1209470
2021-06-17 09:39:32,706.25,1209784
2021-06-17 09:39:33,706.0,1210632
2021-06-17 09:39:35,706.0,1210831
2021-06-17 09:39:36,706.25,1210835
2021-06-17 09:39:37,706.25,1210835
2021-06-17 09:39:38,706.5,1213347
2021-06-17 09:39:39,706.25,1213379
2021-06-17 09:39:40,706.15,1213679
2021-06-17 09:39:41,706.15,1213679
2021-06-17 09:39:43,706.5,1213774
2021-06-17 09:39:44,706.2,1214124
2021-06-17 09:39:45,706.45,1215229
2021-06-17 09:39:46,706.4,1215446
2021-06-17 09:39:47,706.45,1215448
2021-06-17 09:39:48,706.45,1215448
2021-06-17 09:39:50,706.0,1215573
2021-06-17 09:39:50,706.25,1215673
2021-06-17 09:39:52,705.7,1218922
2021-06-17 09:39:53,705.6,1219259
2021-06-17 09:39:54,705.55,1219685
2021-06-17 09:39:55,705.65,1219705
2021-06-17 09:39:56,706.05,1219772
2021-06-17 09:39:57,706.0,1219817
2021-06-17 09:39:58,706.0,1219972
2021-06-17 09:39:59,706.0,1220267
2021-06-17 09:40:00,706.0,1220468
2021-06-17 09:40:01,706.1,1220478
2021-06-17 09:40:01,705.95,1220484
2021-06-17 09:40:02,706.0,1220506
2021-06-17 09:40:03,706.1,1220718
2021-06-17 09:40:05,706.45,1220852
2021-06-17 09:40:06,706.1,1220962
2021-06-17 09:40:07,706.6,1221772
2021-06-17 09:40:08,706.4,1221807
2021-06-17 09:40:09,706.65,1222090
2021-06-17 09:40:10,706.7,1222137
2021-06-17 09:40:12,707.0,1224128
2021-06-17 09:40:13,706.9,1224145
2021-06-17 09:40:14,706.8,1224150
2021-06-17 09:40:15,706.95,1224158
2021-06-17 09:40:17,706.95,1224380
2021-06-17 09:40:18,706.95,1224380
2021-06-17 09:40:20,706.95,1224381
2021-06-17 09:40:21,707.2,1229127
2021-06-17 09:40:22,707.05,1229625
2021-06-17 09:40:23,707.0,1229820
2021-06-17 09:40:23,706.95,1230320
2021-06-17 09:40:24,707.35,1230470
2021-06-17 09:40:25,707.05,1230535
2021-06-17 09:40:26,707.05,1230609
2021-06-17 09:40:27,707.05,1230609
2021-06-17 09:40:28,707.05,1230639
2021-06-17 09:40:30,707.35,1231417
2021-06-17 09:40:31,707.05,1231509
2021-06-17 09:40:31,707.2,1231559
2021-06-17 09:40:32,707.2,1231559
2021-06-17 09:40:33,707.2,1231559
2021-06-17 09:40:34,707.35,1231674
2021-06-17 09:40:36,707.35,1231690
2021-06-17 09:40:37,707.05,1231725
2021-06-17 09:40:38,707.05,1231725
2021-06-17 09:40:39,707.0,1232033
2021-06-17 09:40:40,706.75,1233705
2021-06-17 09:40:41,706.95,1233711
2021-06-17 09:40:42,706.6,1233912
2021-06-17 09:40:43,706.6,1233912
2021-06-17 09:40:43,706.85,1233916
2021-06-17 09:40:44,706.85,1233921
2021-06-17 09:40:45,706.45,1233965
2021-06-17 09:40:46,706.45,1234036
2021-06-17 09:40:48,706.55,1234821
2021-06-17 09:40:49,706.8,1234956
2021-06-17 09:40:50,706.85,1235173
2021-06-17 09:40:51,706.5,1235183
2021-06-17 09:40:52,706.5,1235183
2021-06-17 09:40:53,706.85,1235208
2021-06-17 09:40:54,706.85,1235208
2021-06-17 09:40:55,706.85,1235208
2021-06-17 09:40:56,706.85,1235258
2021-06-17 09:40:57,706.85,1235258
2021-06-17 09:40:58,706.55,1235368
2021-06-17 09:41:00,706.9,1239948
2021-06-17 09:41:01,707.0,1251104
2021-06-17 09:41:02,707.05,1251204
2021-06-17 09:41:07,706.75,1252845
2021-06-17 09:41:08,706.75,1252862
2021-06-17 09:41:09,706.95,1252876
2021-06-17 09:41:10,706.95,1252879
2021-06-17 09:41:11,706.95,1252879
2021-06-17 09:41:12,707.0,1253129
2021-06-17 09:41:13,706.8,1253330
2021-06-17 09:41:14,707.0,1253356
2021-06-17 09:41:15,706.8,1253391
2021-06-17 09:41:18,707.0,1253392
2021-06-17 09:41:19,706.95,1253398
2021-06-17 09:41:20,706.75,1253586
2021-06-17 09:41:21,707.0,1253826
2021-06-17 09:41:22,706.75,1254186
2021-06-17 09:41:23,706.75,1254186
2021-06-17 09:41:25,706.75,1254186
2021-06-17 09:41:26,706.75,1254187
2021-06-17 09:41:27,706.75,1254187
2021-06-17 09:41:28,706.8,1254227
2021-06-17 09:41:29,707.05,1259096
2021-06-17 09:41:30,707.05,1259096
2021-06-17 09:41:31,707.05,1259116
2021-06-17 09:41:32,707.0,1259216
2021-06-17 09:41:33,707.05,1263332
2021-06-17 09:41:34,706.75,1263333
2021-06-17 09:41:35,707.05,1263388
2021-06-17 09:41:36,707.05,1263388
2021-06-17 09:41:37,707.0,1263400
2021-06-17 09:41:37,707.0,1263400
2021-06-17 09:41:40,706.8,1263557
2021-06-17 09:41:41,706.95,1263558
2021-06-17 09:41:41,706.8,1263568
2021-06-17 09:41:42,707.05,1263654
2021-06-17 09:41:43,707.0,1263759
2021-06-17 09:41:44,706.95,1263769
2021-06-17 09:41:45,706.95,1263769
2021-06-17 09:41:47,706.95,1263769
2021-06-17 09:41:48,706.95,1263769
2021-06-17 09:41:48,707.0,1263985
2021-06-17 09:41:50,706.75,1264687
2021-06-17 09:41:51,707.0,1264688
2021-06-17 09:41:52,706.7,1264699
2021-06-17 09:41:53,706.7,1264701
2021-06-17 09:41:54,707.0,1264804
2021-06-17 09:41:55,707.0,1264851
2021-06-17 09:41:56,707.0,1264851
2021-06-17 09:41:57,707.0,1264851
2021-06-17 09:41:58,707.0,1264871
2021-06-17 09:41:59,706.95,1264892
2021-06-17 09:42:00,706.95,1264906
2021-06-17 09:42:01,707.0,1265038
2021-06-17 09:42:02,707.0,1265039
2021-06-17 09:42:03,707.0,1265044
2021-06-17 09:42:03,707.0,1265048
2021-06-17 09:42:04,707.0,1265048
2021-06-17 09:42:05,706.7,1265108
2021-06-17 09:42:07,706.7,1265108
2021-06-17 09:42:08,706.7,1265148
2021-06-17 09:42:09,707.0,1265348
2021-06-17 09:42:09,707.0,1265348
2021-06-17 09:42:11,706.7,1265410
2021-06-17 09:42:12,706.7,1265440
2021-06-17 09:42:13,706.7,1265440
2021-06-17 09:42:14,706.75,1265490
2021-06-17 09:42:15,706.8,1265524
2021-06-17 09:42:15,706.8,1265569
2021-06-17 09:42:16,706.95,1266814
2021-06-17 09:42:18,706.95,1266839
2021-06-17 09:42:19,706.95,1266839
2021-06-17 09:42:20,707.0,1267339
2021-06-17 09:42:20,706.7,1267560
2021-06-17 09:42:22,707.0,1267660
2021-06-17 09:42:23,706.95,1267810
2021-06-17 09:42:24,706.95,1267810
2021-06-17 09:42:25,706.95,1267810
2021-06-17 09:42:26,707.0,1267817
2021-06-17 09:42:27,707.0,1267818
2021-06-17 09:42:29,707.0,1268127
2021-06-17 09:42:30,706.95,1268227
2021-06-17 09:42:31,707.0,1268478
2021-06-17 09:42:32,707.0,1268528
2021-06-17 09:42:33,707.0,1268924
2021-06-17 09:42:34,707.0,1268924
2021-06-17 09:42:35,707.0,1268924
2021-06-17 09:42:36,707.0,1268964
2021-06-17 09:42:36,707.0,1268964
2021-06-17 09:42:37,706.95,1269094
2021-06-17 09:42:38,706.95,1269094
2021-06-17 09:42:40,706.95,1269094
2021-06-17 09:42:41,706.65,1269823
2021-06-17 09:42:42,706.7,1269933
2021-06-17 09:42:43,706.6,1269963
2021-06-17 09:42:44,706.75,1269973
2021-06-17 09:42:45,706.75,1269973
2021-06-17 09:42:46,706.5,1270058
2021-06-17 09:42:47,706.6,1270063
2021-06-17 09:42:48,706.5,1270131
2021-06-17 09:42:49,706.5,1270252
2021-06-17 09:42:50,706.5,1270403
2021-06-17 09:42:51,706.5,1270460
2021-06-17 09:42:52,706.5,1270460
2021-06-17 09:42:53,706.5,1270460
2021-06-17 09:42:54,706.75,1271460
2021-06-17 09:42:55,706.75,1271513
2021-06-17 09:42:56,706.5,1271613
2021-06-17 09:42:57,706.5,1271633
2021-06-17 09:42:58,706.5,1271633
2021-06-17 09:42:59,706.7,1271685
2021-06-17 09:43:00,706.5,1271756
2021-06-17 09:43:01,706.5,1271756
2021-06-17 09:43:02,706.65,1271782
2021-06-17 09:43:03,706.65,1271782
2021-06-17 09:43:05,706.65,1271782
2021-06-17 09:43:04,706.65,1271782
2021-06-17 09:43:06,706.5,1271953
2021-06-17 09:43:07,706.45,1272613
2021-06-17 09:43:08,706.75,1274213
2021-06-17 09:43:09,706.75,1274213
2021-06-17 09:43:10,706.45,1274216
2021-06-17 09:43:11,706.5,1274217
2021-06-17 09:43:12,706.5,1274224
2021-06-17 09:43:13,706.4,1274291
2021-06-17 09:43:14,706.5,1274404
2021-06-17 09:43:15,706.3,1274692
2021-06-17 09:43:16,706.3,1274692
2021-06-17 09:43:17,706.3,1274692
2021-06-17 09:43:18,706.5,1274923
2021-06-17 09:43:20,706.3,1275632
2021-06-17 09:43:21,706.25,1275824
2021-06-17 09:43:22,706.3,1275976
2021-06-17 09:43:23,706.25,1276493
2021-06-17 09:43:24,706.1,1276526
2021-06-17 09:43:25,706.4,1276541
2021-06-17 09:43:26,706.15,1276591
2021-06-17 09:43:27,706.15,1276591
2021-06-17 09:43:28,706.3,1276623
2021-06-17 09:43:29,706.3,1276623
2021-06-17 09:43:30,706.1,1276958
2021-06-17 09:43:31,706.1,1276958
2021-06-17 09:43:32,706.1,1276979
2021-06-17 09:43:33,706.25,1277487
2021-06-17 09:43:35,706.5,1278497
2021-06-17 09:43:36,706.1,1278564
2021-06-17 09:43:37,706.45,1278594
2021-06-17 09:43:38,706.1,1278653
2021-06-17 09:43:39,706.1,1278673
2021-06-17 09:43:40,706.1,1279445
2021-06-17 09:43:41,706.1,1279445
2021-06-17 09:43:42,706.1,1279470
2021-06-17 09:43:43,706.1,1279782
2021-06-17 09:43:44,706.1,1279807
2021-06-17 09:43:45,706.1,1279807
2021-06-17 09:43:46,706.3,1279877
2021-06-17 09:43:47,706.1,1279901
2021-06-17 09:43:48,706.1,1279901
2021-06-17 09:43:49,706.35,1280038
2021-06-17 09:43:50,706.35,1280149
2021-06-17 09:43:51,706.35,1280151
2021-06-17 09:43:52,706.1,1280288
2021-06-17 09:43:53,706.1,1280288
2021-06-17 09:43:54,706.35,1280368
2021-06-17 09:43:55,706.1,1280419
2021-06-17 09:43:56,706.3,1280449
2021-06-17 09:43:57,706.35,1280617
2021-06-17 09:43:58,706.35,1280623
2021-06-17 09:44:00,706.15,1284307
2021-06-17 09:44:01,706.15,1284307
2021-06-17 09:44:02,706.15,1284307
2021-06-17 09:44:03,706.1,1284407
2021-06-17 09:44:04,706.25,1284843
2021-06-17 09:44:05,706.1,1284848
2021-06-17 09:44:06,706.1,1285022
2021-06-17 09:44:07,706.1,1285022
2021-06-17 09:44:08,706.1,1285022
2021-06-17 09:44:10,706.1,1285135
2021-06-17 09:44:11,706.1,1286171
2021-06-17 09:44:12,706.1,1286386
2021-06-17 09:44:13,706.1,1286586
2021-06-17 09:44:14,706.1,1286586
2021-06-17 09:44:15,706.1,1286590
2021-06-17 09:44:16,706.25,1286626
2021-06-17 09:44:17,706.25,1286626
2021-06-17 09:44:18,706.25,1286626
2021-06-17 09:44:19,706.1,1286642
2021-06-17 09:44:20,706.1,1286690
2021-06-17 09:44:22,706.25,1286730
2021-06-17 09:44:23,706.25,1286730
2021-06-17 09:44:24,706.35,1286850
2021-06-17 09:44:25,706.25,1286877
2021-06-17 09:44:26,706.25,1286877
2021-06-17 09:44:27,706.1,1286887
2021-06-17 09:44:28,706.1,1286922
2021-06-17 09:44:29,706.1,1286932
2021-06-17 09:44:30,706.1,1286932
2021-06-17 09:44:31,706.1,1286932
2021-06-17 09:44:32,706.35,1287141
2021-06-17 09:44:34,706.3,1288177
2021-06-17 09:44:35,706.5,1288707
2021-06-17 09:44:36,706.5,1288707
2021-06-17 09:44:38,706.25,1288957
2021-06-17 09:44:39,706.25,1288957
2021-06-17 09:44:40,706.25,1288957
2021-06-17 09:44:41,706.25,1288957
2021-06-17 09:44:42,706.5,1289285
2021-06-17 09:44:43,706.3,1289535
2021-06-17 09:44:44,706.5,1289585
2021-06-17 09:44:45,706.5,1289586
2021-06-17 09:44:49,706.5,1289586
2021-06-17 09:44:51,706.45,1289678
2021-06-17 09:44:52,706.25,1289749
2021-06-17 09:44:54,706.2,1289777
2021-06-17 09:44:55,706.2,1289777
2021-06-17 09:44:56,706.25,1289792
2021-06-17 09:44:57,706.25,1289944
2021-06-17 09:44:58,706.45,1289956
2021-06-17 09:44:59,706.1,1290553
2021-06-17 09:45:00,706.1,1290649
2021-06-17 09:45:01,706.1,1290799
2021-06-17 09:45:02,706.1,1290820
2021-06-17 09:45:05,706.05,1291165
2021-06-17 09:45:06,706.2,1291205
2021-06-17 09:45:06,706.2,1291205
2021-06-17 09:45:09,706.1,1291261
2021-06-17 09:45:10,706.1,1291263
2021-06-17 09:45:12,706.1,1291263
2021-06-17 09:45:12,706.1,1291263
2021-06-17 09:45:13,706.1,1291263
2021-06-17 09:45:14,706.1,1291283
2021-06-17 09:45:15,706.05,1291307
2021-06-17 09:45:16,706.1,1291427
2021-06-17 09:45:17,706.1,1291444
2021-06-17 09:45:18,706.05,1291462
2021-06-17 09:45:19,706.0,1291686
2021-06-17 09:45:20,706.1,1292106
2021-06-17 09:45:21,706.0,1292311
2021-06-17 09:45:22,706.0,1292349
2021-06-17 09:45:23,706.0,1292694
2021-06-17 09:45:24,706.1,1292805
2021-06-17 09:45:29,706.0,1296188
2021-06-17 09:45:29,706.0,1296190
2021-06-17 09:45:30,706.1,1296824
2021-06-17 09:45:31,706.0,1296830
2021-06-17 09:45:32,706.0,1296908
2021-06-17 09:45:33,706.0,1299688
2021-06-17 09:45:34,705.7,1299848
2021-06-17 09:45:35,706.05,1299883
2021-06-17 09:45:36,705.7,1299951
2021-06-17 09:45:37,705.7,1299951
2021-06-17 09:45:38,706.05,1300079
2021-06-17 09:45:39,706.0,1300149
2021-06-17 09:45:40,706.0,1300151
2021-06-17 09:45:41,705.9,1300451
2021-06-17 09:45:42,705.7,1300462
2021-06-17 09:45:43,705.7,1300462
2021-06-17 09:45:44,705.7,1300972
2021-06-17 09:45:45,706.05,1301259
2021-06-17 09:45:46,706.1,1301759
2021-06-17 09:45:47,705.7,1306859
2021-06-17 09:45:48,705.7,1306859
2021-06-17 09:45:49,705.55,1307173
2021-06-17 09:45:50,705.55,1307173
2021-06-17 09:45:51,705.5,1307533
2021-06-17 09:45:52,705.5,1308033
2021-06-17 09:45:54,705.5,1308358
2021-06-17 09:45:55,705.55,1310563
2021-06-17 09:45:55,705.55,1310563
2021-06-17 09:45:56,705.4,1310871
2021-06-17 09:45:57,705.6,1314821
2021-06-17 09:45:59,705.1,1317271
2021-06-17 09:46:00,705.1,1317276
2021-06-17 09:46:01,705.1,1317695
2021-06-17 09:46:02,705.1,1317916
2021-06-17 09:46:03,705.1,1318256
2021-06-17 09:46:04,705.15,1318630
2021-06-17 09:46:05,705.15,1318630
2021-06-17 09:46:06,705.3,1322419
2021-06-17 09:46:07,705.3,1322435
2021-06-17 09:46:08,705.0,1323433
2021-06-17 09:46:09,705.35,1323533
2021-06-17 09:46:10,705.1,1323644
2021-06-17 09:46:11,705.3,1323780
2021-06-17 09:46:12,706.35,1330715
2021-06-17 09:46:13,706.35,1330715
2021-06-17 09:46:15,706.4,1331465
2021-06-17 09:46:16,705.85,1331675
2021-06-17 09:46:17,705.85,1331725
2021-06-17 09:46:18,705.8,1332528
2021-06-17 09:46:19,705.8,1332528
2021-06-17 09:46:20,705.75,1332778
2021-06-17 09:46:21,705.75,1332778
2021-06-17 09:46:22,705.75,1332778
2021-06-17 09:46:23,706.0,1332821
2021-06-17 09:46:24,705.85,1332859
2021-06-17 09:46:25,705.85,1332859
2021-06-17 09:46:26,706.0,1333409
2021-06-17 09:46:27,705.8,1333488
2021-06-17 09:46:28,705.7,1333738
2021-06-17 09:46:29,706.0,1333748
2021-06-17 09:46:30,706.4,1336459
2021-06-17 09:46:31,706.4,1336464
2021-06-17 09:46:32,706.4,1336464
2021-06-17 09:46:33,706.05,1336484
2021-06-17 09:46:34,705.95,1337249
2021-06-17 09:46:36,706.3,1337309
2021-06-17 09:46:37,705.8,1337629
2021-06-17 09:46:38,705.8,1337629
2021-06-17 09:46:39,706.0,1337701
2021-06-17 09:46:40,706.2,1338070
2021-06-17 09:46:43,706.0,1338337
2021-06-17 09:46:48,706.05,1340033
2021-06-17 09:46:53,706.4,1340353
2021-06-17 09:46:58,706.1,1340434
2021-06-17 09:47:03,706.1,1341023
2021-06-17 09:47:07,706.1,1341170
2021-06-17 09:47:12,706.3,1341265
2021-06-17 09:47:17,706.3,1341365
2021-06-17 09:47:21,706.1,1341837
2021-06-17 09:47:26,706.4,1342301
2021-06-17 09:47:31,706.25,1342399
2021-06-17 09:47:35,706.35,1344658
2021-06-17 09:47:40,706.25,1345262
2021-06-17 09:47:45,705.8,1347387
2021-06-17 09:47:54,705.7,1349041
2021-06-17 09:48:03,705.5,1349443
2021-06-17 09:48:08,705.85,1349704
2021-06-17 09:48:12,705.65,1349998
2021-06-17 09:48:17,705.85,1350355
2021-06-17 09:48:21,705.65,1350695
2021-06-17 09:48:26,705.8,1352182
2021-06-17 09:48:30,705.8,1352531
2021-06-17 09:48:35,705.9,1353182
2021-06-17 09:48:39,705.9,1353546
2021-06-17 09:48:44,705.65,1354140
2021-06-17 09:48:48,705.6,1354827
2021-06-17 09:48:53,705.8,1355073
2021-06-17 09:48:58,705.65,1355562
2021-06-17 09:49:02,706.0,1360752
2021-06-17 09:49:07,705.7,1361036
2021-06-17 09:49:11,705.95,1361286
2021-06-17 09:49:16,706.15,1361945
2021-06-17 09:49:20,706.2,1361954
2021-06-17 09:49:25,706.15,1362231
2021-06-17 09:49:29,706.15,1362431
2021-06-17 09:49:33,705.95,1363168
2021-06-17 09:49:38,706.1,1363298
2021-06-17 09:49:43,706.0,1363406
2021-06-17 09:49:47,706.1,1363608
2021-06-17 09:49:52,706.0,1363640
2021-06-17 09:49:56,706.1,1363968
2021-06-17 09:50:00,706.1,1364089
2021-06-17 09:50:05,706.0,1364271
2021-06-17 09:50:09,706.0,1364366
2021-06-17 09:50:13,706.1,1364891
2021-06-17 09:50:18,706.2,1365642
2021-06-17 09:50:22,706.15,1365967
2021-06-17 09:50:26,706.2,1367970
2021-06-17 09:50:31,706.1,1378311
2021-06-17 09:50:36,706.05,1378312
2021-06-17 09:50:40,706.1,1378521
2021-06-17 09:50:49,705.95,1380380
2021-06-17 09:50:54,705.8,1382335
2021-06-17 09:50:58,706.05,1382651
2021-06-17 09:51:03,705.8,1382778
2021-06-17 09:51:07,706.0,1382977
2021-06-17 09:51:11,705.8,1383530
2021-06-17 09:51:16,705.8,1383568
2021-06-17 09:51:21,705.8,1383605
2021-06-17 09:51:25,705.5,1387746
2021-06-17 09:51:30,705.5,1387777
2021-06-17 09:51:34,705.6,1387853
2021-06-17 09:51:39,705.8,1388538
2021-06-17 09:51:43,705.6,1388543
2021-06-17 09:51:48,705.7,1388683
2021-06-17 09:51:52,706.4,1395245
2021-06-17 09:51:57,706.05,1395946
2021-06-17 09:52:06,707.65,1408695
2021-06-17 09:52:10,707.45,1409944
2021-06-17 09:52:15,707.65,1410531
2021-06-17 09:52:19,707.5,1417359
2021-06-17 09:52:28,707.7,1419707
2021-06-17 09:52:32,708.0,1420578
2021-06-17 09:52:37,707.9,1420822
2021-06-17 09:52:41,708.0,1421075
2021-06-17 09:52:45,708.0,1423032
2021-06-17 09:52:49,707.95,1425189
2021-06-17 09:52:54,707.6,1427070
2021-06-17 09:52:58,708.0,1427789
2021-06-17 09:53:02,707.55,1428988
2021-06-17 09:53:07,707.6,1429731
2021-06-17 09:53:11,707.6,1432231
2021-06-17 09:53:15,707.65,1432768
2021-06-17 09:53:19,707.7,1433324
2021-06-17 09:53:23,707.6,1433381
2021-06-17 09:53:27,707.5,1433910
2021-06-17 09:53:32,707.7,1434513
2021-06-17 09:53:36,707.6,1434788
2021-06-17 09:53:41,707.7,1435839
2021-06-17 09:53:45,707.5,1435997
2021-06-17 09:53:49,708.2,1450487
2021-06-17 09:53:54,708.05,1450797
2021-06-17 09:53:58,708.05,1451647
2021-06-17 09:54:03,708.05,1452015
2021-06-17 09:54:07,708.3,1452420
2021-06-17 09:54:12,708.1,1455566
2021-06-17 09:54:17,708.05,1455726
2021-06-17 09:54:22,708.0,1456391
2021-06-17 09:54:26,708.0,1456927
2021-06-17 09:54:30,708.25,1457044
2021-06-17 09:54:35,708.0,1457501
2021-06-17 09:54:39,708.05,1458037
2021-06-17 09:54:43,708.3,1458507
2021-06-17 09:54:47,708.1,1458741
2021-06-17 09:54:51,708.35,1459804
2021-06-17 09:54:56,708.65,1462341
2021-06-17 09:55:00,708.8,1462572
2021-06-17 09:55:04,708.7,1462891
2021-06-17 09:55:09,708.75,1463199
2021-06-17 09:55:13,708.45,1464295
2021-06-17 09:55:18,708.6,1464636
2021-06-17 09:55:22,708.65,1465224
2021-06-17 09:55:26,708.5,1467645
2021-06-17 09:55:39,708.75,1470607
2021-06-17 09:55:43,708.4,1470912
2021-06-17 09:55:48,708.55,1471242
2021-06-17 09:55:52,708.6,1471497
2021-06-17 09:55:56,708.55,1472859
2021-06-17 09:56:00,708.45,1474080
2021-06-17 09:56:04,708.5,1474322
2021-06-17 09:56:09,708.4,1474659
2021-06-17 09:56:13,708.4,1475067
2021-06-17 09:56:17,708.2,1475454
2021-06-17 09:56:26,707.7,1480029
2021-06-17 09:56:30,707.55,1480707
2021-06-17 09:56:34,707.6,1481203
2021-06-17 09:56:39,708.0,1481832
2021-06-17 09:56:42,708.0,1482241
2021-06-17 09:56:43,707.95,1482254
2021-06-17 09:56:44,707.95,1482255
2021-06-17 09:56:46,707.95,1482315
2021-06-17 09:56:47,707.55,1484162
2021-06-17 09:56:48,707.7,1484208
2021-06-17 09:56:49,707.75,1484214
2021-06-17 09:56:50,707.75,1484214
2021-06-17 09:56:51,707.7,1484216
2021-06-17 09:56:52,707.95,1484690
2021-06-17 09:56:53,707.95,1484836
2021-06-17 09:56:54,708.0,1486932
2021-06-17 09:56:55,707.75,1486933
2021-06-17 09:56:56,707.75,1486933
2021-06-17 09:56:57,708.25,1491070
2021-06-17 09:56:58,708.25,1491618
2021-06-17 09:57:00,708.5,1491746
2021-06-17 09:57:01,708.5,1491746
2021-06-17 09:57:02,708.5,1491746
2021-06-17 09:57:02,708.5,1491746
2021-06-17 09:57:03,708.25,1491752
2021-06-17 09:57:04,708.5,1491753
2021-06-17 09:57:06,708.2,1492148
2021-06-17 09:57:07,708.25,1492152
2021-06-17 09:57:08,708.5,1492153
2021-06-17 09:57:09,708.25,1492154
2021-06-17 09:57:10,708.2,1492224
2021-06-17 09:57:11,708.2,1492224
2021-06-17 09:57:12,708.2,1492224
2021-06-17 09:57:13,708.2,1492285
2021-06-17 09:57:14,708.25,1492288
2021-06-17 09:57:15,708.25,1492313
2021-06-17 09:57:16,708.05,1492333
2021-06-17 09:57:18,708.0,1493340
2021-06-17 09:57:19,708.0,1493890
2021-06-17 09:57:20,708.0,1493890
2021-06-17 09:57:21,708.0,1493890
2021-06-17 09:57:22,708.0,1493890
2021-06-17 09:57:23,708.0,1493906
2021-06-17 09:57:24,707.8,1494457
2021-06-17 09:57:25,707.8,1494457
2021-06-17 09:57:26,707.8,1494457
2021-06-17 09:57:28,708.0,1494459
2021-06-17 09:57:28,708.0,1494459
2021-06-17 09:57:29,708.0,1494659
2021-06-17 09:57:30,708.0,1494668
2021-06-17 09:57:31,708.45,1495088
2021-06-17 09:57:33,708.1,1495113
2021-06-17 09:57:33,708.25,1495266
2021-06-17 09:57:35,708.45,1495268
2021-06-17 09:57:35,708.45,1495269
2021-06-17 09:57:36,708.05,1495369
2021-06-17 09:57:37,708.4,1495656
2021-06-17 09:57:38,708.4,1495756
2021-06-17 09:57:39,708.0,1495856
2021-06-17 09:57:40,708.4,1495866
2021-06-17 09:57:41,708.4,1495882
2021-06-17 09:57:42,708.4,1495982
2021-06-17 09:57:44,708.1,1496234
2021-06-17 09:57:43,708.1,1496234
2021-06-17 09:57:45,708.1,1496247
2021-06-17 09:57:47,708.45,1496297
2021-06-17 09:57:48,708.45,1496297
2021-06-17 09:57:49,708.1,1496397
2021-06-17 09:57:51,708.05,1496512
2021-06-17 09:57:52,708.05,1496512
2021-06-17 09:57:52,708.05,1496512
2021-06-17 09:57:53,708.05,1496672
2021-06-17 09:57:54,708.35,1496777
2021-06-17 09:57:55,708.35,1496782
2021-06-17 09:57:57,708.05,1496839
2021-06-17 09:57:59,708.4,1497139
2021-06-17 09:58:00,708.4,1497139
2021-06-17 09:58:01,708.2,1497199
2021-06-17 09:58:02,708.2,1497199
2021-06-17 09:58:03,708.2,1497199
2021-06-17 09:58:04,708.4,1497399
2021-06-17 09:58:05,708.35,1497442
2021-06-17 09:58:06,708.1,1497462
2021-06-17 09:58:07,708.35,1497478
2021-06-17 09:58:08,708.1,1497481
2021-06-17 09:58:09,708.2,1497690
2021-06-17 09:58:10,708.35,1497695
2021-06-17 09:58:11,708.15,1497749
2021-06-17 09:58:12,708.1,1497870
2021-06-17 09:58:12,708.1,1497870
2021-06-17 09:58:13,708.1,1497870
2021-06-17 09:58:14,708.2,1497992
2021-06-17 09:58:15,708.05,1498049
2021-06-17 09:58:16,708.1,1498149
2021-06-17 09:58:18,708.1,1498204
2021-06-17 09:58:19,708.05,1498465
2021-06-17 09:58:20,708.05,1498465
2021-06-17 09:58:21,707.85,1500489
2021-06-17 09:58:21,707.85,1500489
2021-06-17 09:58:22,707.95,1500554
2021-06-17 09:58:23,707.95,1500554
2021-06-17 09:58:24,707.95,1500554
2021-06-17 09:58:25,707.9,1501754
2021-06-17 09:58:26,707.9,1501754
2021-06-17 09:58:27,707.6,1502065
2021-06-17 09:58:28,707.95,1502066
2021-06-17 09:58:29,707.95,1502066
2021-06-17 09:58:30,707.6,1502266
2021-06-17 09:58:31,707.6,1502875
2021-06-17 09:58:32,707.55,1502953
2021-06-17 09:58:34,707.95,1502954
2021-06-17 09:58:34,707.9,1503022
2021-06-17 09:58:35,707.95,1503024
2021-06-17 09:58:36,707.8,1503032
2021-06-17 09:58:38,707.95,1503182
2021-06-17 09:58:39,707.6,1503682
2021-06-17 09:58:40,707.6,1503682
2021-06-17 09:58:41,707.6,1503682
2021-06-17 09:58:42,707.6,1503682
2021-06-17 09:58:43,708.1,1503702
2021-06-17 09:58:44,707.8,1504152
2021-06-17 09:58:45,708.1,1504156
2021-06-17 09:58:46,708.1,1504156
2021-06-17 09:58:47,708.1,1504156
2021-06-17 09:58:47,708.1,1504156
2021-06-17 09:58:48,708.1,1504156
2021-06-17 09:58:49,708.1,1504156
2021-06-17 09:58:50,708.1,1504156
2021-06-17 09:58:53,707.9,1504456
2021-06-17 09:58:53,708.0,1504466
2021-06-17 09:58:55,707.9,1504531
2021-06-17 09:58:57,707.9,1504531
2021-06-17 09:58:58,708.0,1504541
2021-06-17 09:58:59,707.9,1504558
2021-06-17 09:59:00,708.0,1504629
2021-06-17 09:59:00,708.0,1504629
2021-06-17 09:59:01,707.9,1504779
2021-06-17 09:59:03,707.7,1505319
2021-06-17 09:59:04,707.7,1505319
2021-06-17 09:59:05,708.0,1505369
2021-06-17 09:59:07,707.7,1505371
2021-06-17 09:59:08,707.7,1505371
2021-06-17 09:59:09,707.7,1505371
2021-06-17 09:59:10,708.0,1505591
2021-06-17 09:59:11,708.0,1505791
2021-06-17 09:59:12,708.0,1505811
2021-06-17 09:59:13,708.0,1508684
2021-06-17 09:59:14,708.0,1508686
2021-06-17 09:59:15,708.0,1508761
2021-06-17 09:59:15,708.0,1508761
2021-06-17 09:59:16,708.0,1508772
2021-06-17 09:59:17,708.0,1509272
2021-06-17 09:59:18,708.0,1509789
2021-06-17 09:59:19,708.0,1509789
2021-06-17 09:59:20,708.1,1509797
2021-06-17 09:59:21,708.1,1509797
2021-06-17 09:59:22,708.1,1509797
2021-06-17 09:59:24,708.0,1509965
2021-06-17 09:59:25,708.0,1509965
2021-06-17 09:59:26,708.0,1509998
2021-06-17 09:59:27,708.1,1510138
2021-06-17 09:59:28,708.1,1510138
2021-06-17 09:59:29,708.1,1510138
2021-06-17 09:59:30,708.1,1510138
2021-06-17 09:59:31,708.1,1510138
2021-06-17 09:59:32,708.0,1510288
2021-06-17 09:59:33,708.0,1510293
2021-06-17 09:59:35,708.0,1510300
2021-06-17 09:59:36,708.0,1510341
2021-06-17 09:59:37,707.95,1510355
2021-06-17 09:59:38,708.0,1510562
2021-06-17 09:59:39,708.0,1510577
2021-06-17 09:59:40,708.0,1510597
2021-06-17 09:59:41,707.8,1510599
2021-06-17 09:59:42,707.95,1510719
2021-06-17 09:59:44,707.7,1510819
2021-06-17 09:59:45,707.7,1510819
2021-06-17 09:59:45,707.8,1511019
2021-06-17 09:59:46,707.9,1511041
2021-06-17 09:59:48,708.0,1511048
2021-06-17 09:59:49,708.0,1511068
2021-06-17 09:59:50,707.8,1511088
2021-06-17 09:59:50,707.8,1511088
2021-06-17 09:59:51,707.8,1511088
2021-06-17 09:59:52,708.05,1511588
2021-06-17 09:59:53,708.05,1511588
2021-06-17 09:59:54,707.8,1511589
2021-06-17 09:59:55,707.8,1511589
2021-06-17 09:59:56,708.0,1511594
2021-06-17 09:59:57,707.8,1511818
2021-06-17 09:59:59,708.0,1511820
2021-06-17 10:00:00,707.8,1511830
2021-06-17 10:00:01,707.8,1511890
2021-06-17 10:00:02,708.0,1511971
2021-06-17 10:00:03,708.0,1511971
2021-06-17 10:00:03,707.8,1512003
2021-06-17 10:00:05,708.0,1512304
2021-06-17 10:00:05,707.8,1512103
2021-06-17 10:00:07,708.0,1512365
2021-06-17 10:00:08,708.0,1512615
2021-06-17 10:00:09,708.0,1512627
2021-06-17 10:00:11,708.0,1512650
2021-06-17 10:00:12,707.8,1512659
2021-06-17 10:00:12,707.8,1512659
2021-06-17 10:00:13,707.8,1512809
2021-06-17 10:00:14,707.8,1512860
2021-06-17 10:00:15,707.8,1512860
2021-06-17 10:00:17,708.05,1513060
2021-06-17 10:00:18,708.0,1513113
2021-06-17 10:00:19,707.8,1513383
2021-06-17 10:00:20,707.8,1513383
2021-06-17 10:00:22,708.05,1513933
2021-06-17 10:00:23,708.05,1513936
2021-06-17 10:00:24,708.05,1513936
2021-06-17 10:00:25,708.1,1513961
2021-06-17 10:00:26,708.1,1513961
2021-06-17 10:00:27,708.1,1513961
2021-06-17 10:00:28,708.1,1513961
2021-06-17 10:00:29,708.0,1513968
2021-06-17 10:00:29,708.0,1513968
2021-06-17 10:00:30,708.0,1513968
2021-06-17 10:00:31,708.0,1514078
2021-06-17 10:00:32,708.05,1514079
2021-06-17 10:00:34,708.0,1514204
2021-06-17 10:00:36,708.0,1514205
2021-06-17 10:00:36,708.1,1514707
2021-06-17 10:00:38,708.05,1514755
2021-06-17 10:00:39,708.05,1514775
2021-06-17 10:00:40,708.05,1514776
2021-06-17 10:00:41,708.0,1515050
2021-06-17 10:00:42,708.0,1515794
2021-06-17 10:00:43,708.0,1515871
2021-06-17 10:00:44,707.8,1516289
2021-06-17 10:00:45,707.8,1516308
2021-06-17 10:00:46,707.8,1516344
2021-06-17 10:00:47,707.8,1516363
2021-06-17 10:00:48,707.8,1516365
2021-06-17 10:00:49,707.7,1516966
2021-06-17 10:00:50,707.7,1516994
2021-06-17 10:00:51,707.7,1517034
2021-06-17 10:00:52,707.7,1517034
2021-06-17 10:00:53,707.7,1517153
2021-06-17 10:00:56,707.8,1517219
2021-06-17 10:00:56,707.8,1517219
2021-06-17 10:00:57,707.7,1517421
2021-06-17 10:00:58,707.7,1517421
2021-06-17 10:00:59,707.7,1517421
2021-06-17 10:01:00,707.7,1517649
2021-06-17 10:01:02,707.6,1517966
2021-06-17 10:01:03,707.55,1518121
2021-06-17 10:01:04,707.55,1518121
2021-06-17 10:01:05,707.95,1518127
2021-06-17 10:01:06,707.95,1518127
2021-06-17 10:01:07,707.6,1518227
2021-06-17 10:01:08,707.65,1518263
2021-06-17 10:01:09,707.65,1518310
2021-06-17 10:01:10,707.65,1518310
2021-06-17 10:01:11,707.65,1518310
2021-06-17 10:01:12,708.0,1518391
2021-06-17 10:01:13,708.0,1518391
2021-06-17 10:01:14,707.7,1518401
2021-06-17 10:01:15,708.0,1518433
2021-06-17 10:01:16,708.0,1518434
2021-06-17 10:01:17,708.0,1518434
2021-06-17 10:01:18,708.0,1518434
2021-06-17 10:01:19,707.7,1518534
2021-06-17 10:01:20,707.7,1518534
2021-06-17 10:01:21,708.0,1519034
2021-06-17 10:01:22,708.0,1519261
2021-06-17 10:01:23,708.0,1519261
2021-06-17 10:01:24,707.95,1526157
2021-06-17 10:01:25,708.2,1527930
2021-06-17 10:01:26,708.2,1527931
2021-06-17 10:01:28,708.8,1535866
2021-06-17 10:01:28,708.8,1535886
2021-06-17 10:01:29,708.6,1535957
2021-06-17 10:01:30,708.5,1536020
2021-06-17 10:01:31,708.75,1536190
2021-06-17 10:01:32,708.75,1536190
2021-06-17 10:01:33,708.8,1536310
2021-06-17 10:01:34,708.6,1536551
2021-06-17 10:01:35,708.75,1537106
2021-06-17 10:01:36,708.75,1537606
2021-06-17 10:01:37,708.95,1538064
2021-06-17 10:01:38,708.45,1538213
2021-06-17 10:01:39,708.8,1538283
2021-06-17 10:01:40,708.45,1538305
2021-06-17 10:01:41,708.45,1538305
2021-06-17 10:01:43,708.45,1538305
2021-06-17 10:01:44,708.05,1538310
2021-06-17 10:01:45,708.45,1538935
2021-06-17 10:01:46,708.45,1538935
2021-06-17 10:01:47,708.45,1539472
2021-06-17 10:01:49,708.4,1539622
2021-06-17 10:01:50,708.4,1539622
2021-06-17 10:01:51,708.15,1539638
2021-06-17 10:01:52,708.15,1539638
2021-06-17 10:01:53,708.15,1539638
2021-06-17 10:01:54,708.45,1539663
2021-06-17 10:01:54,708.45,1539663
2021-06-17 10:01:56,708.15,1539885
2021-06-17 10:01:56,708.15,1539885
2021-06-17 10:01:58,708.2,1539944
2021-06-17 10:01:59,708.45,1539983
2021-06-17 10:02:00,708.45,1539983
2021-06-17 10:02:00,708.45,1539983
2021-06-17 10:02:01,708.15,1540077
2021-06-17 10:02:02,708.2,1540112
2021-06-17 10:02:03,708.4,1540194
2021-06-17 10:02:05,708.2,1540278
2021-06-17 10:02:06,708.15,1540438
2021-06-17 10:02:08,708.2,1540458
2021-06-17 10:02:09,708.2,1540479
2021-06-17 10:02:10,708.15,1540551
2021-06-17 10:02:11,708.2,1541102
2021-06-17 10:02:13,708.2,1541102
2021-06-17 10:02:14,708.2,1541194
2021-06-17 10:02:15,708.2,1541211
2021-06-17 10:02:16,708.2,1541211
2021-06-17 10:02:17,708.45,1541261
2021-06-17 10:02:18,708.2,1541633
2021-06-17 10:02:19,708.2,1541683
2021-06-17 10:02:20,708.2,1541683
2021-06-17 10:02:21,708.2,1541723
2021-06-17 10:02:22,708.2,1541857
2021-06-17 10:02:22,708.45,1541965
2021-06-17 10:02:24,708.15,1542285
2021-06-17 10:02:25,708.2,1542373
2021-06-17 10:02:26,708.15,1542443
2021-06-17 10:02:27,708.15,1542443
2021-06-17 10:02:28,708.15,1542443
2021-06-17 10:02:29,708.2,1542543
2021-06-17 10:02:30,708.15,1543172
2021-06-17 10:02:31,708.15,1543172
2021-06-17 10:02:32,708.4,1543290
2021-06-17 10:02:33,708.15,1543292
2021-06-17 10:02:34,708.45,1543312
2021-06-17 10:02:34,708.45,1543312
2021-06-17 10:02:35,708.2,1543429
2021-06-17 10:02:36,708.2,1543429
2021-06-17 10:02:38,708.2,1543433
2021-06-17 10:02:39,708.4,1543437
2021-06-17 10:02:40,708.4,1543447
2021-06-17 10:02:41,708.4,1543447
2021-06-17 10:02:43,708.4,1543477
2021-06-17 10:02:44,708.25,1543502
2021-06-17 10:02:45,708.4,1543562
2021-06-17 10:02:46,708.2,1543637
2021-06-17 10:02:46,708.4,1543617
2021-06-17 10:02:48,708.45,1543912
2021-06-17 10:02:49,708.45,1543912
2021-06-17 10:02:50,708.45,1543912
2021-06-17 10:02:51,708.4,1544015
2021-06-17 10:02:52,708.2,1544049
2021-06-17 10:02:53,708.45,1544206
2021-06-17 10:02:54,708.45,1544206
2021-06-17 10:02:55,708.25,1546508
2021-06-17 10:02:56,708.0,1547244
2021-06-17 10:02:56,708.2,1547344
2021-06-17 10:02:57,708.35,1547394
2021-06-17 10:02:58,708.35,1547445
2021-06-17 10:02:59,708.0,1547446
2021-06-17 10:03:01,708.35,1547817
2021-06-17 10:03:02,708.35,1548617
2021-06-17 10:03:03,708.2,1548619
2021-06-17 10:03:04,708.15,1548699
2021-06-17 10:03:05,708.25,1549244
2021-06-17 10:03:06,708.25,1549251
2021-06-17 10:03:07,708.15,1549254
2021-06-17 10:03:08,708.35,1549279
2021-06-17 10:03:09,708.35,1549279
2021-06-17 10:03:10,708.35,1549279
2021-06-17 10:03:11,708.35,1549279
2021-06-17 10:03:12,708.05,1549319
2021-06-17 10:03:13,708.4,1549839
2021-06-17 10:03:13,708.4,1549839
2021-06-17 10:03:14,708.4,1549839
2021-06-17 10:03:15,708.15,1549893
2021-06-17 10:03:18,708.35,1549894
2021-06-17 10:03:19,708.35,1549894
2021-06-17 10:03:20,708.2,1549897
2021-06-17 10:03:21,708.2,1549897
2021-06-17 10:03:22,708.35,1549922
2021-06-17 10:03:24,708.2,1550006
2021-06-17 10:03:25,708.3,1550017
2021-06-17 10:03:26,708.15,1550068
2021-06-17 10:03:27,708.15,1550156
2021-06-17 10:03:28,708.15,1550181
2021-06-17 10:03:30,708.15,1550536
2021-06-17 10:03:31,708.4,1550617
2021-06-17 10:03:32,708.4,1550618
2021-06-17 10:03:33,708.4,1550618
2021-06-17 10:03:34,708.1,1550718
2021-06-17 10:03:35,708.1,1550718
2021-06-17 10:03:36,708.2,1550723
2021-06-17 10:03:37,708.4,1550752
2021-06-17 10:03:37,708.4,1550752
2021-06-17 10:03:38,708.4,1550752
2021-06-17 10:03:39,708.4,1550754
2021-06-17 10:03:41,708.4,1551408
2021-06-17 10:03:43,708.4,1551408
2021-06-17 10:03:43,708.4,1551408
2021-06-17 10:03:45,708.4,1551408
2021-06-17 10:03:46,708.35,1551423
2021-06-17 10:03:47,708.35,1551433
2021-06-17 10:03:48,708.4,1551504
2021-06-17 10:03:49,708.4,1551504
2021-06-17 10:03:50,708.35,1551507
2021-06-17 10:03:51,708.35,1551507
2021-06-17 10:03:52,708.35,1551507
2021-06-17 10:03:52,708.35,1551507
2021-06-17 10:03:54,708.35,1551537
2021-06-17 10:03:55,708.35,1551676
2021-06-17 10:03:56,708.35,1551676
2021-06-17 10:03:58,708.4,1551848
2021-06-17 10:03:59,708.2,1551855
2021-06-17 10:04:01,708.35,1551865
2021-06-17 10:04:02,708.35,1551865
2021-06-17 10:04:03,708.35,1551866
2021-06-17 10:04:04,708.3,1551900
2021-06-17 10:04:05,708.3,1551900
2021-06-17 10:04:06,708.2,1552083
2021-06-17 10:04:07,708.1,1552084
2021-06-17 10:04:08,708.1,1552084
2021-06-17 10:04:09,708.0,1552276
2021-06-17 10:04:10,708.0,1552276
2021-06-17 10:04:11,708.2,1552277
2021-06-17 10:04:12,708.2,1552287
2021-06-17 10:04:13,708.2,1552290
2021-06-17 10:04:14,708.2,1552290
2021-06-17 10:04:15,708.2,1552292
2021-06-17 10:04:16,708.2,1552292
2021-06-17 10:04:17,708.0,1553302
2021-06-17 10:04:17,708.0,1553302
2021-06-17 10:04:19,708.0,1553302
2021-06-17 10:04:20,708.0,1553302
2021-06-17 10:04:21,708.0,1553312
2021-06-17 10:04:22,708.15,1553472
2021-06-17 10:04:23,708.1,1553480
2021-06-17 10:04:24,708.0,1553482
2021-06-17 10:04:25,708.0,1553486
2021-06-17 10:04:26,708.1,1553496
2021-06-17 10:04:27,708.15,1553498
2021-06-17 10:04:29,708.0,1553505
2021-06-17 10:04:30,708.15,1553581
2021-06-17 10:04:31,708.15,1553641
2021-06-17 10:04:32,708.15,1553641
2021-06-17 10:04:33,708.1,1553643
2021-06-17 10:04:34,708.1,1554223
2021-06-17 10:04:35,708.1,1554223
2021-06-17 10:04:36,708.1,1554373
2021-06-17 10:04:38,708.1,1554423
2021-06-17 10:04:40,708.1,1554443
2021-06-17 10:04:39,708.1,1554443
2021-06-17 10:04:41,708.0,1554444
2021-06-17 10:04:42,708.1,1554474
2021-06-17 10:04:43,708.0,1554546
2021-06-17 10:04:44,708.0,1554546
2021-06-17 10:04:45,708.0,1554546
2021-06-17 10:04:47,708.1,1554551
2021-06-17 10:04:48,708.1,1554551
2021-06-17 10:04:49,708.0,1554631
2021-06-17 10:04:50,707.9,1556607
2021-06-17 10:04:51,708.0,1556907
2021-06-17 10:04:52,708.0,1556907
2021-06-17 10:04:53,708.0,1556907
2021-06-17 10:04:54,707.95,1556909
2021-06-17 10:04:55,707.7,1557034
2021-06-17 10:04:56,707.7,1557062
2021-06-17 10:04:57,707.7,1557112
2021-06-17 10:04:58,707.9,1557113
2021-06-17 10:04:59,707.9,1557113
2021-06-17 10:05:00,707.95,1557186
2021-06-17 10:05:01,707.7,1557211
2021-06-17 10:05:02,707.7,1557241
2021-06-17 10:05:03,707.7,1557241
2021-06-17 10:05:04,707.7,1557241
2021-06-17 10:05:05,707.6,1557462
2021-06-17 10:05:06,707.85,1557514
2021-06-17 10:05:07,707.6,1557524
2021-06-17 10:05:08,707.9,1557544
2021-06-17 10:05:09,707.85,1557545
2021-06-17 10:05:10,707.85,1557555
2021-06-17 10:05:11,707.85,1557555
2021-06-17 10:05:13,707.85,1557555
2021-06-17 10:05:14,707.6,1557823
2021-06-17 10:05:15,707.6,1557828
2021-06-17 10:05:16,707.6,1557828
2021-06-17 10:05:17,707.6,1557933
2021-06-17 10:05:18,707.85,1557955
2021-06-17 10:05:19,707.85,1557970
2021-06-17 10:05:20,707.8,1557996
2021-06-17 10:05:21,707.8,1557996
2021-06-17 10:05:22,707.8,1558066
2021-06-17 10:05:23,707.8,1558066
2021-06-17 10:05:24,707.6,1558071
2021-06-17 10:05:25,707.2,1564530
2021-06-17 10:05:26,707.25,1564572
2021-06-17 10:05:27,707.25,1564572
2021-06-17 10:05:28,707.0,1565779
2021-06-17 10:05:29,707.0,1565981
2021-06-17 10:05:30,707.25,1566101
2021-06-17 10:05:31,707.3,1566427
2021-06-17 10:05:32,707.3,1566427
2021-06-17 10:05:33,707.3,1566428
2021-06-17 10:05:34,707.3,1566428
2021-06-17 10:05:35,707.3,1566428
2021-06-17 10:05:36,707.25,1566579
2021-06-17 10:05:37,707.25,1566579
2021-06-17 10:05:38,707.0,1567954
2021-06-17 10:05:39,707.0,1567954
2021-06-17 10:05:40,707.2,1568166
2021-06-17 10:05:41,707.0,1568183
2021-06-17 10:05:42,706.85,1568243
2021-06-17 10:05:43,707.2,1568393
2021-06-17 10:05:45,707.2,1569183
2021-06-17 10:05:44,707.2,1569183
2021-06-17 10:05:47,706.85,1571232
2021-06-17 10:05:48,706.85,1571297
2021-06-17 10:05:49,706.8,1571364
2021-06-17 10:05:50,707.1,1571376
2021-06-17 10:05:51,707.1,1571376
2021-06-17 10:05:52,707.0,1571488
2021-06-17 10:05:54,707.2,1571566
2021-06-17 10:05:55,707.2,1571671
2021-06-17 10:05:56,706.85,1571899
2021-06-17 10:05:57,706.85,1572383
2021-06-17 10:05:58,707.0,1572384
2021-06-17 10:05:59,707.0,1572428
2021-06-17 10:06:00,706.8,1572528
2021-06-17 10:06:01,706.8,1572608
2021-06-17 10:06:02,706.8,1572608
2021-06-17 10:06:03,707.0,1572639
2021-06-17 10:06:04,707.0,1572640
2021-06-17 10:06:05,707.0,1572647
2021-06-17 10:06:06,707.05,1572705
2021-06-17 10:06:07,707.45,1584570
2021-06-17 10:06:08,707.1,1584754
2021-06-17 10:06:09,707.1,1584764
2021-06-17 10:06:10,707.1,1584764
2021-06-17 10:06:12,707.1,1584784
2021-06-17 10:06:13,707.1,1584784
2021-06-17 10:06:14,707.1,1584784
2021-06-17 10:06:16,707.2,1584785
2021-06-17 10:06:18,707.2,1585285
2021-06-17 10:06:19,707.2,1585285
2021-06-17 10:06:21,707.25,1585532
2021-06-17 10:06:22,707.25,1585532
2021-06-17 10:06:23,707.25,1585552
2021-06-17 10:06:24,707.25,1585552
2021-06-17 10:06:25,707.4,1585553
2021-06-17 10:06:26,707.4,1585553
2021-06-17 10:06:27,707.4,1585553
2021-06-17 10:06:28,707.4,1585554
2021-06-17 10:06:29,707.4,1585605
2021-06-17 10:06:30,707.5,1585655
2021-06-17 10:06:32,707.35,1585665
2021-06-17 10:06:34,707.35,1585665
2021-06-17 10:06:35,707.35,1585665
2021-06-17 10:06:36,707.35,1585665
2021-06-17 10:06:37,707.5,1585758
2021-06-17 10:06:39,707.5,1585859
2021-06-17 10:06:40,707.5,1585869
2021-06-17 10:06:40,707.5,1585869
2021-06-17 10:06:41,707.5,1586176
2021-06-17 10:06:42,707.4,1586678
2021-06-17 10:06:43,707.35,1586708
2021-06-17 10:06:44,707.15,1586738
2021-06-17 10:06:46,707.15,1586941
2021-06-17 10:06:47,707.35,1587049
2021-06-17 10:06:47,707.35,1587049
2021-06-17 10:06:48,707.4,1587100
2021-06-17 10:06:49,707.4,1587100
2021-06-17 10:06:50,707.4,1587100
2021-06-17 10:06:51,707.4,1587100
2021-06-17 10:06:52,707.4,1587100
2021-06-17 10:06:53,707.25,1587396
2021-06-17 10:06:54,707.2,1587411
2021-06-17 10:06:56,707.2,1587411
2021-06-17 10:06:57,707.2,1587411
2021-06-17 10:06:58,707.2,1587476
2021-06-17 10:06:58,707.2,1587476
2021-06-17 10:06:59,707.2,1587476
2021-06-17 10:07:00,707.1,1587587
2021-06-17 10:07:01,707.05,1587620
2021-06-17 10:07:03,707.0,1587720
2021-06-17 10:07:04,707.0,1587746
2021-06-17 10:07:05,707.0,1587813
2021-06-17 10:07:06,707.15,1587863
2021-06-17 10:07:07,707.2,1588014
2021-06-17 10:07:08,707.0,1588058
2021-06-17 10:07:09,707.0,1588058
2021-06-17 10:07:10,707.0,1588058
2021-06-17 10:07:11,707.0,1588058
2021-06-17 10:07:12,707.3,1588558
2021-06-17 10:07:15,707.0,1588583
2021-06-17 10:07:15,707.0,1588583
2021-06-17 10:07:16,707.0,1588603
2021-06-17 10:07:17,707.0,1588603
2021-06-17 10:07:18,707.0,1588753
2021-06-17 10:07:19,707.0,1588753
2021-06-17 10:07:20,707.25,1588883
2021-06-17 10:07:21,707.25,1588883
2021-06-17 10:07:22,707.25,1588883
2021-06-17 10:07:23,707.0,1588943
2021-06-17 10:07:24,707.25,1589001
2021-06-17 10:07:25,707.0,1589004
2021-06-17 10:07:27,707.0,1589004
2021-06-17 10:07:27,707.0,1589004
2021-06-17 10:07:28,707.0,1589004
2021-06-17 10:07:29,707.0,1589004
2021-06-17 10:07:31,707.25,1589070
2021-06-17 10:07:32,707.1,1589172
2021-06-17 10:07:33,707.05,1589180
2021-06-17 10:07:34,707.05,1589205
2021-06-17 10:07:35,707.05,1589205
2021-06-17 10:07:36,707.25,1589210
2021-06-17 10:07:37,707.25,1589225
2021-06-17 10:07:39,707.3,1589378
2021-06-17 10:07:40,707.3,1589378
2021-06-17 10:07:41,707.05,1589379
2021-06-17 10:07:42,706.9,1589984
2021-06-17 10:07:43,707.3,1590114
2021-06-17 10:07:44,707.4,1590117
2021-06-17 10:07:45,707.3,1590217
2021-06-17 10:07:46,707.3,1590237
2021-06-17 10:07:48,707.5,1590319
2021-06-17 10:07:48,707.5,1590319
2021-06-17 10:07:49,707.5,1590319
2021-06-17 10:07:50,707.5,1590326
2021-06-17 10:07:51,707.5,1590326
2021-06-17 10:07:52,707.6,1591968
2021-06-17 10:07:55,707.6,1591968
2021-06-17 10:07:56,707.7,1592068
2021-06-17 10:07:57,707.7,1592068
2021-06-17 10:07:58,707.7,1592068
2021-06-17 10:07:59,707.7,1592068
2021-06-17 10:08:00,707.55,1592096
2021-06-17 10:08:01,707.55,1592096
2021-06-17 10:08:03,707.85,1592105
2021-06-17 10:08:04,707.5,1592125
2021-06-17 10:08:05,707.5,1592125
2021-06-17 10:08:06,707.6,1592325
2021-06-17 10:08:07,707.6,1592325
2021-06-17 10:08:09,707.9,1592422
2021-06-17 10:08:09,707.9,1592422
2021-06-17 10:08:11,707.85,1592455
2021-06-17 10:08:10,707.85,1592455
2021-06-17 10:08:12,707.85,1592455
2021-06-17 10:08:13,707.85,1592455
2021-06-17 10:08:14,707.85,1592455
2021-06-17 10:08:15,707.85,1592455
2021-06-17 10:08:16,707.85,1592455
2021-06-17 10:08:17,707.6,1592461
2021-06-17 10:08:19,707.5,1592557
2021-06-17 10:08:19,707.8,1592562
2021-06-17 10:08:21,707.8,1592562
2021-06-17 10:08:21,707.5,1593028
2021-06-17 10:08:22,707.5,1593028
2021-06-17 10:08:24,707.8,1593099
2021-06-17 10:08:25,707.8,1593099
2021-06-17 10:08:26,707.8,1593099
2021-06-17 10:08:27,707.5,1593107
2021-06-17 10:08:28,707.5,1593107
2021-06-17 10:08:30,707.5,1593109
2021-06-17 10:08:31,707.5,1593109
2021-06-17 10:08:32,707.8,1593131
2021-06-17 10:08:33,707.8,1593136
2021-06-17 10:08:33,707.8,1593136
2021-06-17 10:08:34,707.8,1593136
2021-06-17 10:08:35,707.9,1594307
2021-06-17 10:08:36,707.8,1594607
2021-06-17 10:08:37,707.8,1594612
2021-06-17 10:08:39,707.8,1594612
2021-06-17 10:08:40,707.8,1594612
2021-06-17 10:08:41,707.8,1594613
2021-06-17 10:08:41,707.8,1594613
2021-06-17 10:08:42,708.0,1594990
2021-06-17 10:08:43,708.0,1594990
2021-06-17 10:08:44,707.8,1595005
2021-06-17 10:08:45,707.6,1595090
2021-06-17 10:08:46,707.6,1595090
2021-06-17 10:08:47,707.6,1595127
2021-06-17 10:08:48,707.6,1595277
2021-06-17 10:08:49,707.8,1595328
2021-06-17 10:08:51,708.0,1596643
2021-06-17 10:08:50,708.0,1596643
2021-06-17 10:08:52,708.0,1596651
2021-06-17 10:08:53,708.0,1596651
2021-06-17 10:08:54,707.8,1596668
2021-06-17 10:08:55,707.8,1596668
2021-06-17 10:08:57,707.7,1596985
2021-06-17 10:08:58,707.7,1596985
2021-06-17 10:08:59,707.7,1596985
2021-06-17 10:09:00,707.95,1597056
2021-06-17 10:09:01,707.95,1597100
2021-06-17 10:09:01,707.95,1597100
2021-06-17 10:09:02,707.95,1597100
2021-06-17 10:09:03,707.7,1597110
2021-06-17 10:09:04,708.1,1603887
2021-06-17 10:09:05,708.1,1603887
2021-06-17 10:09:06,707.85,1604122
2021-06-17 10:09:07,708.1,1604123
2021-06-17 10:09:08,708.15,1604176
2021-06-17 10:09:09,708.15,1604176
2021-06-17 10:09:10,707.85,1604186
2021-06-17 10:09:11,707.85,1604186
2021-06-17 10:09:12,707.85,1604186
2021-06-17 10:09:13,707.85,1604186
2021-06-17 10:09:14,707.85,1604186
2021-06-17 10:09:15,707.85,1604186
2021-06-17 10:09:16,707.85,1604186
2021-06-17 10:09:17,707.85,1604186
2021-06-17 10:09:20,708.0,1605802
2021-06-17 10:09:19,707.75,1605686
2021-06-17 10:09:21,708.05,1606404
2021-06-17 10:09:22,708.05,1606404
2021-06-17 10:09:23,708.1,1606635
2021-06-17 10:09:24,708.1,1606635
2021-06-17 10:09:25,708.15,1606661
2021-06-17 10:09:26,708.15,1606661
2021-06-17 10:09:28,708.0,1606821
2021-06-17 10:09:29,708.0,1606821
2021-06-17 10:09:29,708.3,1607123
2021-06-17 10:09:30,708.3,1607123
2021-06-17 10:09:31,708.35,1607143
2021-06-17 10:09:32,708.35,1607143
2021-06-17 10:09:33,708.3,1607253
2021-06-17 10:09:34,708.3,1607253
2021-06-17 10:09:35,708.3,1607253
2021-06-17 10:09:36,708.0,1607268
2021-06-17 10:09:38,708.25,1607320
2021-06-17 10:09:39,708.25,1607320
2021-06-17 10:09:40,708.25,1607420
2021-06-17 10:09:42,708.2,1607661
2021-06-17 10:09:43,708.0,1607667
2021-06-17 10:09:45,708.0,1607737
2021-06-17 10:09:45,708.0,1607737
2021-06-17 10:09:46,708.2,1607772
2021-06-17 10:09:48,708.0,1607778
2021-06-17 10:09:48,708.0,1607778
2021-06-17 10:09:49,708.0,1607778
2021-06-17 10:09:50,707.9,1608706
2021-06-17 10:09:53,707.9,1608905
2021-06-17 10:09:53,707.9,1608905
2021-06-17 10:09:54,707.9,1608915
2021-06-17 10:09:55,707.9,1608917
2021-06-17 10:09:57,707.9,1608918
2021-06-17 10:09:58,707.9,1608918
2021-06-17 10:09:59,707.9,1608918
2021-06-17 10:09:59,707.9,1608918
2021-06-17 10:10:01,708.2,1609158
2021-06-17 10:10:02,708.2,1609165
2021-06-17 10:10:03,708.2,1609165
2021-06-17 10:10:05,708.25,1609481
2021-06-17 10:10:06,708.0,1609931
2021-06-17 10:10:06,708.0,1609931
2021-06-17 10:10:07,708.0,1609936
2021-06-17 10:10:08,708.15,1610036
2021-06-17 10:10:09,708.0,1610047
2021-06-17 10:10:11,708.0,1610132
2021-06-17 10:10:12,708.0,1610132
2021-06-17 10:10:13,708.0,1610137
2021-06-17 10:10:14,708.0,1610137
2021-06-17 10:10:16,708.0,1610137
2021-06-17 10:10:17,708.0,1610137
2021-06-17 10:10:17,708.0,1610137
2021-06-17 10:10:18,708.15,1610139
2021-06-17 10:10:19,708.0,1610159
2021-06-17 10:10:20,708.0,1610160
2021-06-17 10:10:21,708.0,1610160
2021-06-17 10:10:22,708.0,1610160
2021-06-17 10:10:23,708.15,1610175
2021-06-17 10:10:24,708.0,1610200
2021-06-17 10:10:25,708.4,1611432
2021-06-17 10:10:26,708.4,1611432
2021-06-17 10:10:28,708.4,1611432
2021-06-17 10:10:29,708.4,1611432
2021-06-17 10:10:30,708.4,1611432
2021-06-17 10:10:30,708.3,1611582
2021-06-17 10:10:32,708.3,1611835
2021-06-17 10:10:33,708.0,1611967
2021-06-17 10:10:33,708.0,1611967
2021-06-17 10:10:34,708.0,1611967
2021-06-17 10:10:35,708.3,1611977
2021-06-17 10:10:36,708.4,1612078
2021-06-17 10:10:37,708.1,1612083
2021-06-17 10:10:39,708.15,1612108
2021-06-17 10:10:40,708.15,1612108
2021-06-17 10:10:41,708.1,1612278
2021-06-17 10:10:41,708.4,1612280
2021-06-17 10:10:43,708.4,1612302
2021-06-17 10:10:44,708.4,1612304
2021-06-17 10:10:44,708.4,1612304
2021-06-17 10:10:45,708.35,1612754
2021-06-17 10:10:47,708.2,1612764
2021-06-17 10:10:47,708.35,1612914
2021-06-17 10:10:48,708.35,1613068
2021-06-17 10:10:49,708.35,1613068
2021-06-17 10:10:50,708.1,1613170
2021-06-17 10:10:51,708.1,1613170
2021-06-17 10:10:52,708.45,1616391
2021-06-17 10:10:53,708.25,1616419
2021-06-17 10:10:54,708.65,1619919
2021-06-17 10:10:56,708.6,1620021
2021-06-17 10:10:57,708.45,1621022
2021-06-17 10:10:58,708.55,1622022
2021-06-17 10:10:59,708.8,1622062
2021-06-17 10:10:59,708.5,1622177
2021-06-17 10:11:00,708.5,1622249
2021-06-17 10:11:01,708.5,1622257
2021-06-17 10:11:02,708.8,1622317
2021-06-17 10:11:03,708.8,1622317
2021-06-17 10:11:04,708.45,1622541
2021-06-17 10:11:05,708.9,1622602
2021-06-17 10:11:06,708.9,1622612
2021-06-17 10:11:07,708.9,1622887
2021-06-17 10:11:08,708.65,1622888
2021-06-17 10:11:09,708.8,1622943
2021-06-17 10:11:10,708.8,1622944
2021-06-17 10:11:11,708.8,1622944
2021-06-17 10:11:12,708.8,1622944
2021-06-17 10:11:13,708.6,1623344
2021-06-17 10:11:14,708.8,1623446
2021-06-17 10:11:15,708.8,1623446
2021-06-17 10:11:16,708.75,1623646
2021-06-17 10:11:17,708.75,1623706
2021-06-17 10:11:19,708.65,1623801
2021-06-17 10:11:20,708.65,1623801
2021-06-17 10:11:21,708.8,1624001
2021-06-17 10:11:22,708.65,1624394
2021-06-17 10:11:23,708.8,1624396
2021-06-17 10:11:24,708.9,1624561
2021-06-17 10:11:25,709.0,1626052
2021-06-17 10:11:26,708.8,1626081
2021-06-17 10:11:27,708.8,1626081
2021-06-17 10:11:28,708.75,1626180
2021-06-17 10:11:29,708.8,1626234
2021-06-17 10:11:29,708.8,1626236
2021-06-17 10:11:30,708.8,1626236
2021-06-17 10:11:31,708.8,1626296
2021-06-17 10:11:32,708.75,1626901
2021-06-17 10:11:33,709.0,1626906
2021-06-17 10:11:34,708.75,1627413
2021-06-17 10:11:36,708.9,1627421
2021-06-17 10:11:37,708.75,1627446
2021-06-17 10:11:38,708.9,1627546
2021-06-17 10:11:39,708.75,1627836
2021-06-17 10:11:39,709.0,1628036
2021-06-17 10:11:40,708.75,1628043
2021-06-17 10:11:41,709.0,1628293
2021-06-17 10:11:43,709.0,1628310
2021-06-17 10:11:44,708.8,1628311
2021-06-17 10:11:44,708.9,1628316
2021-06-17 10:11:45,708.9,1628375
2021-06-17 10:11:46,708.8,1628376
2021-06-17 10:11:47,709.0,1628837
2021-06-17 10:11:49,709.0,1628837
2021-06-17 10:11:50,709.0,1628837
2021-06-17 10:11:51,709.0,1633357
2021-06-17 10:11:53,709.0,1634146
2021-06-17 10:11:54,709.0,1634196
2021-06-17 10:11:55,709.0,1634196
2021-06-17 10:11:56,709.0,1634235
2021-06-17 10:11:57,709.0,1634295
2021-06-17 10:11:58,709.0,1634520
2021-06-17 10:11:58,708.85,1634530
2021-06-17 10:12:00,708.85,1634530
2021-06-17 10:12:01,708.85,1634530
2021-06-17 10:12:02,708.95,1634589
2021-06-17 10:12:03,709.0,1634739
2021-06-17 10:12:04,709.0,1635778
2021-06-17 10:12:05,709.0,1635909
2021-06-17 10:12:06,709.0,1635909
2021-06-17 10:12:07,709.0,1636868
2021-06-17 10:12:07,709.0,1636868
2021-06-17 10:12:09,709.0,1636868
2021-06-17 10:12:10,708.9,1637203
2021-06-17 10:12:10,708.9,1637203
2021-06-17 10:12:11,708.9,1637203
2021-06-17 10:12:12,709.0,1638682
2021-06-17 10:12:13,709.0,1638712
2021-06-17 10:12:14,709.0,1638712
2021-06-17 10:12:15,709.0,1638814
2021-06-17 10:12:17,709.2,1639032
2021-06-17 10:12:17,709.25,1639723
2021-06-17 10:12:19,709.0,1640371
2021-06-17 10:12:20,709.15,1640471
2021-06-17 10:12:21,709.2,1640571
2021-06-17 10:12:22,709.3,1641257
2021-06-17 10:12:22,709.3,1641257
2021-06-17 10:12:23,709.2,1642382
2021-06-17 10:12:24,709.3,1642786
2021-06-17 10:12:26,709.3,1642836
2021-06-17 10:12:27,709.1,1642906
2021-06-17 10:12:29,709.35,1643421
2021-06-17 10:12:29,709.35,1643411
2021-06-17 10:12:31,709.0,1643499
2021-06-17 10:12:32,708.85,1647028
2021-06-17 10:12:33,708.5,1647328
2021-06-17 10:12:34,708.8,1647497
2021-06-17 10:12:35,708.9,1648052
2021-06-17 10:12:36,708.9,1648171
2021-06-17 10:12:36,708.9,1648064
2021-06-17 10:12:37,708.95,1648321
2021-06-17 10:12:38,709.15,1648640
2021-06-17 10:12:39,708.75,1648656
2021-06-17 10:12:40,708.75,1648673
2021-06-17 10:12:41,709.0,1649164
2021-06-17 10:12:43,709.05,1649169
2021-06-17 10:12:44,709.25,1649969
2021-06-17 10:12:45,709.1,1650131
2021-06-17 10:12:46,709.1,1650281
2021-06-17 10:12:47,708.9,1650434
2021-06-17 10:12:48,708.9,1650509
2021-06-17 10:12:49,709.05,1650560
2021-06-17 10:12:50,708.9,1650665
2021-06-17 10:12:51,709.1,1650705
2021-06-17 10:12:51,708.9,1650706
2021-06-17 10:12:52,708.9,1650706
2021-06-17 10:12:53,708.9,1650706
2021-06-17 10:12:55,709.1,1650890
2021-06-17 10:12:56,709.1,1650890
2021-06-17 10:12:57,709.1,1650892
2021-06-17 10:12:58,709.1,1650902
2021-06-17 10:12:59,708.9,1651022
2021-06-17 10:13:01,709.1,1651374
2021-06-17 10:13:02,709.3,1654439
2021-06-17 10:13:03,709.65,1663105
2021-06-17 10:13:04,709.9,1663230
2021-06-17 10:13:05,709.75,1663417
2021-06-17 10:13:05,709.75,1663417
2021-06-17 10:13:07,709.75,1663452
2021-06-17 10:13:08,709.65,1663465
2021-06-17 10:13:08,709.65,1663465
2021-06-17 10:13:10,709.9,1663563
2021-06-17 10:13:12,709.8,1664676
2021-06-17 10:13:13,709.8,1664778
2021-06-17 10:13:14,709.45,1665346
2021-06-17 10:13:15,709.75,1665547
2021-06-17 10:13:16,709.4,1666030
2021-06-17 10:13:17,709.7,1666130
2021-06-17 10:13:18,709.7,1666759
2021-06-17 10:13:19,709.4,1666815
2021-06-17 10:13:20,709.65,1667254
2021-06-17 10:13:21,709.55,1667322
2021-06-17 10:13:22,709.5,1667372
2021-06-17 10:13:22,709.5,1667372
2021-06-17 10:13:23,709.5,1667989
2021-06-17 10:13:24,709.5,1668139
2021-06-17 10:13:26,709.5,1668290
2021-06-17 10:13:27,709.5,1668795
2021-06-17 10:13:28,709.55,1669653
2021-06-17 10:13:29,709.55,1669684
2021-06-17 10:13:30,709.5,1669728
2021-06-17 10:13:31,709.15,1670149
2021-06-17 10:13:32,709.5,1670174
2021-06-17 10:13:33,709.5,1670285
2021-06-17 10:13:34,709.25,1670357
2021-06-17 10:13:35,709.25,1670358
2021-06-17 10:13:36,709.4,1670918
2021-06-17 10:13:37,709.4,1670918
2021-06-17 10:13:39,709.2,1671083
2021-06-17 10:13:39,709.2,1671083
2021-06-17 10:13:40,709.35,1671280
2021-06-17 10:13:41,709.05,1671465
2021-06-17 10:13:42,709.2,1671555
2021-06-17 10:13:43,709.15,1671580
2021-06-17 10:13:44,709.0,1671666
2021-06-17 10:13:47,709.2,1673492
2021-06-17 10:13:48,709.2,1673492
2021-06-17 10:13:49,709.15,1673497
2021-06-17 10:13:50,709.15,1673497
2021-06-17 10:13:51,709.15,1673537
2021-06-17 10:13:52,709.0,1673554
2021-06-17 10:13:53,709.1,1673564
2021-06-17 10:13:54,709.15,1673718
2021-06-17 10:13:54,709.15,1673718
2021-06-17 10:13:56,709.05,1673719
2021-06-17 10:13:57,709.05,1673719
2021-06-17 10:13:58,709.15,1673749
2021-06-17 10:13:59,709.05,1673755
2021-06-17 10:14:00,709.05,1673755
2021-06-17 10:14:01,709.2,1673856
2021-06-17 10:14:02,709.2,1674106
2021-06-17 10:14:03,708.95,1675429
2021-06-17 10:14:04,709.0,1675599
2021-06-17 10:14:05,709.0,1675618
2021-06-17 10:14:06,708.9,1676466
2021-06-17 10:14:07,709.0,1676659
2021-06-17 10:14:08,708.95,1676769
2021-06-17 10:14:09,709.4,1677145
2021-06-17 10:14:10,709.05,1677170
2021-06-17 10:14:11,709.4,1677699
2021-06-17 10:14:13,709.5,1678117
2021-06-17 10:14:15,709.5,1678273
2021-06-17 10:14:16,709.45,1678595
2021-06-17 10:14:17,709.45,1678596
2021-06-17 10:14:17,709.45,1678616
2021-06-17 10:14:19,709.15,1682636
2021-06-17 10:14:20,709.5,1683171
2021-06-17 10:14:20,709.5,1682671
2021-06-17 10:14:22,709.35,1683231
2021-06-17 10:14:22,709.35,1683231
2021-06-17 10:14:23,709.35,1683231
2021-06-17 10:14:24,709.35,1683363
2021-06-17 10:14:25,709.4,1683418
2021-06-17 10:14:26,709.35,1683430
2021-06-17 10:14:28,709.4,1683784
2021-06-17 10:14:28,709.4,1683784
2021-06-17 10:14:29,709.35,1684319
2021-06-17 10:14:31,709.35,1684420
2021-06-17 10:14:32,709.35,1684460
2021-06-17 10:14:33,709.7,1686499
2021-06-17 10:14:34,709.45,1688530
2021-06-17 10:14:36,709.7,1689567
2021-06-17 10:14:37,709.8,1690072
2021-06-17 10:14:38,709.8,1690072
2021-06-17 10:14:39,709.8,1690174
2021-06-17 10:14:40,709.8,1690174
2021-06-17 10:14:41,709.85,1690474
2021-06-17 10:14:41,709.85,1690474
2021-06-17 10:14:43,709.5,1690552
2021-06-17 10:14:44,709.8,1690572
2021-06-17 10:14:45,709.7,1690908
2021-06-17 10:14:46,709.5,1691108
2021-06-17 10:14:46,709.5,1691108
2021-06-17 10:14:48,709.7,1691234
2021-06-17 10:14:48,709.7,1691238
2021-06-17 10:14:50,709.5,1691740
2021-06-17 10:14:51,709.75,1691760
2021-06-17 10:14:53,709.65,1692292
2021-06-17 10:14:54,709.65,1692347
2021-06-17 10:14:55,709.7,1692697
2021-06-17 10:14:56,709.5,1692781
2021-06-17 10:14:57,709.7,1692828
2021-06-17 10:14:58,709.7,1692905
2021-06-17 10:15:00,709.8,1693556
2021-06-17 10:15:01,709.8,1693556
2021-06-17 10:15:02,709.7,1693557
2021-06-17 10:15:03,709.8,1694192
2021-06-17 10:15:04,709.7,1694918
2021-06-17 10:15:05,709.5,1694991
2021-06-17 10:15:06,709.8,1695251
2021-06-17 10:15:07,709.8,1695292
2021-06-17 10:15:08,709.8,1695297
2021-06-17 10:15:09,709.7,1695447
2021-06-17 10:15:11,709.65,1697798
2021-06-17 10:15:12,709.65,1697848
2021-06-17 10:15:13,709.75,1698348
2021-06-17 10:15:14,709.75,1698348
2021-06-17 10:15:15,709.5,1698362
2021-06-17 10:15:16,709.65,1698363
2021-06-17 10:15:18,709.65,1698374
2021-06-17 10:15:19,709.65,1698374
2021-06-17 10:15:20,709.65,1698374
2021-06-17 10:15:21,709.65,1698536
2021-06-17 10:15:22,709.65,1698539
2021-06-17 10:15:23,709.65,1698539
2021-06-17 10:15:24,709.8,1698789
2021-06-17 10:15:25,709.65,1698827
2021-06-17 10:15:26,709.8,1698879
2021-06-17 10:15:27,709.9,1702445
2021-06-17 10:15:28,709.9,1702445
2021-06-17 10:15:29,709.85,1702565
2021-06-17 10:15:30,709.9,1702675
2021-06-17 10:15:31,709.9,1702875
2021-06-17 10:15:32,709.9,1702918
2021-06-17 10:15:33,709.8,1702924
2021-06-17 10:15:34,709.8,1702925
2021-06-17 10:15:35,709.8,1703030
2021-06-17 10:15:36,709.8,1703057
2021-06-17 10:15:37,709.8,1703295
2021-06-17 10:15:38,709.8,1703503
2021-06-17 10:15:39,709.8,1703508
2021-06-17 10:15:40,709.8,1703518
2021-06-17 10:15:41,709.8,1703520
2021-06-17 10:15:42,709.8,1703542
2021-06-17 10:15:43,709.65,1703645
2021-06-17 10:15:44,709.65,1703676
2021-06-17 10:15:45,709.9,1705733
2021-06-17 10:15:46,709.9,1707153
2021-06-17 10:15:47,709.65,1707278
2021-06-17 10:15:48,709.9,1707323
2021-06-17 10:15:49,709.65,1707423
2021-06-17 10:15:50,709.65,1707423
2021-06-17 10:15:51,709.85,1707433
2021-06-17 10:15:52,709.85,1707433
2021-06-17 10:15:53,709.9,1707443
2021-06-17 10:15:54,709.65,1707548
2021-06-17 10:15:55,709.65,1707555
2021-06-17 10:15:56,709.65,1707572
2021-06-17 10:15:57,709.9,1707815
2021-06-17 10:15:58,709.6,1708225
2021-06-17 10:15:59,709.85,1708355
2021-06-17 10:16:00,709.6,1708435
2021-06-17 10:16:01,709.9,1708773
2021-06-17 10:16:02,709.55,1708883
2021-06-17 10:16:03,709.85,1708898
2021-06-17 10:16:04,709.85,1708898
2021-06-17 10:16:05,709.85,1708898
2021-06-17 10:16:06,709.85,1708898
2021-06-17 10:16:07,709.6,1709065
2021-06-17 10:16:08,709.85,1709094
2021-06-17 10:16:09,709.55,1709194
2021-06-17 10:16:10,709.6,1709291
2021-06-17 10:16:11,709.85,1709391
2021-06-17 10:16:12,709.85,1709391
2021-06-17 10:16:13,709.4,1710848
2021-06-17 10:16:14,709.45,1711318
2021-06-17 10:16:15,709.45,1712468
2021-06-17 10:16:16,709.45,1712570
2021-06-17 10:16:17,709.5,1712690
2021-06-17 10:16:18,709.1,1712716
2021-06-17 10:16:19,709.4,1712721
2021-06-17 10:16:20,709.4,1712721
2021-06-17 10:16:21,709.45,1712736
2021-06-17 10:16:22,709.15,1712786
2021-06-17 10:16:23,709.1,1712826
2021-06-17 10:16:24,709.45,1713111
2021-06-17 10:16:25,709.45,1713111
2021-06-17 10:16:26,709.1,1713246
2021-06-17 10:16:27,709.05,1713346
2021-06-17 10:16:28,709.05,1713356
2021-06-17 10:16:29,709.1,1713418
2021-06-17 10:16:30,709.1,1713418
2021-06-17 10:16:31,709.1,1713418
2021-06-17 10:16:32,709.4,1713969
2021-06-17 10:16:33,709.4,1713974
2021-06-17 10:16:35,709.0,1714012
2021-06-17 10:16:36,709.0,1714014
2021-06-17 10:16:37,709.0,1714064
2021-06-17 10:16:38,709.0,1714064
2021-06-17 10:16:39,709.0,1716579
2021-06-17 10:16:40,709.1,1716581
2021-06-17 10:16:42,709.0,1716697
2021-06-17 10:16:43,709.4,1717161
2021-06-17 10:16:44,709.3,1717173
2021-06-17 10:16:45,709.5,1717551
2021-06-17 10:16:46,709.3,1717568
2021-06-17 10:16:47,709.05,1717578
2021-06-17 10:16:48,709.1,1719078
2021-06-17 10:16:49,709.1,1719078
2021-06-17 10:16:50,709.35,1719101
2021-06-17 10:16:51,709.35,1719111
2021-06-17 10:16:52,709.35,1719111
2021-06-17 10:16:53,709.35,1719194
2021-06-17 10:16:54,709.35,1719194
2021-06-17 10:16:55,709.45,1719199
2021-06-17 10:16:56,709.35,1719351
2021-06-17 10:16:57,709.6,1720701
2021-06-17 10:16:58,709.25,1720912
2021-06-17 10:16:59,709.65,1721067
2021-06-17 10:17:00,709.55,1721188
2021-06-17 10:17:02,709.65,1721200
2021-06-17 10:17:02,709.65,1721200
2021-06-17 10:17:04,709.5,1721334
2021-06-17 10:17:04,709.45,1721364
2021-06-17 10:17:06,709.45,1721364
2021-06-17 10:17:06,709.45,1721364
2021-06-17 10:17:07,709.7,1721388
2021-06-17 10:17:08,709.7,1721440
2021-06-17 10:17:09,709.65,1721745
2021-06-17 10:17:11,709.85,1723745
2021-06-17 10:17:11,709.8,1723845
2021-06-17 10:17:12,709.75,1723861
2021-06-17 10:17:13,709.5,1723886
2021-06-17 10:17:14,709.5,1723886
2021-06-17 10:17:15,709.8,1723917
2021-06-17 10:17:16,709.7,1724093
2021-06-17 10:17:18,709.7,1724093
2021-06-17 10:17:18,709.7,1724093
2021-06-17 10:17:20,709.7,1724539
2021-06-17 10:17:21,709.7,1724539
2021-06-17 10:17:22,709.7,1724539
2021-06-17 10:17:22,709.5,1724558
2021-06-17 10:17:24,709.5,1724558
2021-06-17 10:17:24,709.65,1724568
2021-06-17 10:17:25,709.65,1724638
2021-06-17 10:17:26,709.5,1724742
2021-06-17 10:17:27,709.5,1724847
2021-06-17 10:17:28,709.45,1725446
2021-06-17 10:17:29,709.7,1725546
2021-06-17 10:17:30,709.7,1725546
2021-06-17 10:17:31,709.8,1726258
2021-06-17 10:17:32,709.45,1726514
2021-06-17 10:17:33,709.45,1726764
2021-06-17 10:17:34,709.5,1726765
2021-06-17 10:17:35,709.8,1726824
2021-06-17 10:17:36,709.8,1726824
2021-06-17 10:17:38,709.5,1726944
2021-06-17 10:17:38,709.8,1727094
2021-06-17 10:17:39,709.5,1727103
2021-06-17 10:17:40,709.85,1728011
2021-06-17 10:17:42,709.85,1728467
2021-06-17 10:17:43,709.8,1728561
2021-06-17 10:17:44,709.85,1729002
2021-06-17 10:17:44,709.85,1729002
2021-06-17 10:17:45,709.85,1729002
2021-06-17 10:17:47,709.8,1729162
2021-06-17 10:17:48,709.9,1729332
2021-06-17 10:17:48,709.9,1729332
2021-06-17 10:17:50,709.9,1729952
2021-06-17 10:17:51,709.6,1730052
2021-06-17 10:17:52,709.6,1730052
2021-06-17 10:17:53,709.6,1730052
2021-06-17 10:17:54,709.6,1730052
2021-06-17 10:17:54,709.9,1730552
2021-06-17 10:17:56,709.8,1730569
2021-06-17 10:17:56,709.6,1730599
2021-06-17 10:17:57,709.9,1731114
2021-06-17 10:17:58,709.6,1733499
2021-06-17 10:18:01,709.5,1733616
2021-06-17 10:18:01,709.45,1733732
2021-06-17 10:18:03,709.5,1733733
2021-06-17 10:18:03,709.5,1733869
2021-06-17 10:18:04,709.7,1734559
2021-06-17 10:18:05,709.25,1735220
2021-06-17 10:18:06,709.25,1735245
2021-06-17 10:18:07,709.45,1735252
2021-06-17 10:18:08,709.45,1735252
2021-06-17 10:18:09,709.45,1735252
2021-06-17 10:18:10,709.45,1735914
2021-06-17 10:18:11,709.6,1736015
2021-06-17 10:18:12,709.25,1736068
2021-06-17 10:18:13,709.3,1736143
2021-06-17 10:18:14,709.45,1736160
2021-06-17 10:18:16,709.45,1736695
2021-06-17 10:18:15,709.7,1736670
2021-06-17 10:18:17,709.8,1736732
2021-06-17 10:18:18,709.75,1736799
2021-06-17 10:18:19,709.5,1736818
2021-06-17 10:18:20,709.5,1736818
2021-06-17 10:18:21,709.45,1737218
2021-06-17 10:18:22,709.45,1737219
2021-06-17 10:18:23,709.45,1737219
2021-06-17 10:18:24,709.45,1737239
2021-06-17 10:18:25,709.45,1737469
2021-06-17 10:18:26,709.3,1739345
2021-06-17 10:18:27,709.3,1739345
2021-06-17 10:18:28,709.25,1739379
2021-06-17 10:18:29,709.5,1739694
2021-06-17 10:18:30,709.5,1739694
2021-06-17 10:18:32,709.5,1739694
2021-06-17 10:18:32,709.25,1739710
2021-06-17 10:18:33,709.25,1739710
2021-06-17 10:18:34,709.5,1739741
2021-06-17 10:18:35,709.45,1740041
2021-06-17 10:18:36,709.45,1740041
2021-06-17 10:18:37,709.45,1740041
2021-06-17 10:18:38,709.5,1740061
2021-06-17 10:18:39,709.5,1740061
2021-06-17 10:18:40,709.1,1740591
2021-06-17 10:18:41,709.1,1740591
2021-06-17 10:18:42,709.1,1740591
2021-06-17 10:18:43,709.5,1740631
2021-06-17 10:18:44,709.5,1740634
2021-06-17 10:18:45,709.25,1741137
2021-06-17 10:18:46,709.25,1741137
2021-06-17 10:18:47,709.1,1741337
2021-06-17 10:18:49,709.15,1741404
2021-06-17 10:18:50,709.15,1741404
2021-06-17 10:18:50,709.15,1741404
2021-06-17 10:18:51,709.15,1741404
2021-06-17 10:18:52,709.15,1741404
2021-06-17 10:18:53,709.15,1741404
2021-06-17 10:18:54,709.15,1741404
2021-06-17 10:18:55,709.15,1741438
2021-06-17 10:18:56,709.25,1741478
2021-06-17 10:18:57,709.45,1741618
2021-06-17 10:18:58,709.45,1741618
2021-06-17 10:18:59,709.15,1742398
2021-06-17 10:19:00,709.1,1742663
2021-06-17 10:19:01,709.1,1742663
2021-06-17 10:19:02,709.55,1743270
2021-06-17 10:19:04,709.4,1743320
2021-06-17 10:19:05,709.4,1743320
2021-06-17 10:19:05,709.4,1743330
2021-06-17 10:19:06,709.2,1743355
2021-06-17 10:19:08,709.4,1743360
2021-06-17 10:19:08,709.4,1743360
2021-06-17 10:19:09,709.4,1743380
2021-06-17 10:19:10,709.4,1743385
2021-06-17 10:19:12,709.35,1743397
2021-06-17 10:19:13,709.35,1743469
2021-06-17 10:19:14,709.35,1743469
2021-06-17 10:19:16,709.35,1743494
2021-06-17 10:19:17,709.35,1743508
2021-06-17 10:19:18,709.35,1743508
2021-06-17 10:19:18,709.35,1743508
