timestamp,ltp,volume
2021-06-17 09:20:35,7074.1,12694
2021-06-17 09:20:41,7074.1,12730
2021-06-17 09:20:47,7073.0,12758
2021-06-17 09:20:52,7074.1,12816
2021-06-17 09:20:58,7075.5,12839
2021-06-17 09:21:04,7075.5,12939
2021-06-17 09:21:10,7076.2,13011
2021-06-17 09:21:16,7075.5,13025
2021-06-17 09:21:22,7075.5,13106
2021-06-17 09:21:27,7077.95,13277
2021-06-17 09:21:33,7077.95,13400
2021-06-17 09:21:39,7077.95,13408
2021-06-17 09:21:45,7078.4,13564
2021-06-17 09:21:50,7077.75,13744
2021-06-17 09:21:56,7076.2,13829
2021-06-17 09:22:02,7076.65,14097
2021-06-17 09:22:07,7075.85,14277
2021-06-17 09:22:13,7075.5,14330
2021-06-17 09:22:18,7075.0,14367
2021-06-17 09:22:24,7074.1,14427
2021-06-17 09:22:29,7075.2,14487
2021-06-17 09:22:35,7090.0,14924
2021-06-17 09:22:40,7087.2,15117
2021-06-17 09:22:45,7089.2,15471
2021-06-17 09:22:51,7086.05,15655
2021-06-17 09:22:56,7089.2,15717
2021-06-17 09:23:02,7089.2,15844
2021-06-17 09:23:07,7089.1,15916
2021-06-17 09:23:18,7087.0,16029
2021-06-17 09:23:24,7093.75,16116
2021-06-17 09:23:29,7092.4,16155
2021-06-17 09:23:35,7093.2,16228
2021-06-17 09:23:40,7092.0,16296
2021-06-17 09:23:46,7092.0,16346
2021-06-17 09:23:51,7092.0,16387
2021-06-17 09:23:57,7092.0,16398
2021-06-17 09:24:02,7091.7,16422
2021-06-17 09:24:08,7091.05,16520
2021-06-17 09:24:13,7089.0,16537
2021-06-17 09:24:19,7088.0,16538
2021-06-17 09:24:24,7085.55,16675
2021-06-17 09:24:29,7088.1,16736
2021-06-17 09:24:35,7085.55,16882
2021-06-17 09:24:41,7085.0,16968
2021-06-17 09:24:46,7083.8,17032
2021-06-17 09:24:51,7080.0,17064
2021-06-17 09:24:57,7079.0,17315
2021-06-17 09:25:08,7079.0,17664
2021-06-17 09:25:14,7079.0,17828
2021-06-17 09:25:19,7077.25,17906
2021-06-17 09:25:25,7077.15,17995
2021-06-17 09:25:30,7079.0,18070
2021-06-17 09:25:36,7077.05,18091
2021-06-17 09:25:52,7077.0,18240
2021-06-17 09:25:58,7079.7,18689
2021-06-17 09:26:03,7078.2,18800
2021-06-17 09:26:09,7081.9,18831
2021-06-17 09:26:14,7078.25,18998
2021-06-17 09:26:19,7078.25,19217
2021-06-17 09:26:25,7079.8,19281
2021-06-17 09:26:30,7079.5,19310
2021-06-17 09:26:35,7080.05,19439
2021-06-17 09:26:41,7080.05,19480
2021-06-17 09:26:41,7080.05,19486
2021-06-17 09:26:42,7080.05,19494
2021-06-17 09:26:44,7084.55,19548
2021-06-17 09:26:45,7082.4,19563
2021-06-17 09:26:46,7082.4,19563
2021-06-17 09:26:47,7082.4,19565
2021-06-17 09:26:49,7082.4,19567
2021-06-17 09:26:49,7082.4,19567
2021-06-17 09:26:50,7082.4,19567
2021-06-17 09:26:51,7084.75,19581
2021-06-17 09:26:52,7084.8,19583
2021-06-17 09:26:53,7082.45,19599
2021-06-17 09:26:54,7082.45,19602
2021-06-17 09:26:56,7082.45,19634
2021-06-17 09:26:55,7082.45,19609
2021-06-17 09:26:57,7082.45,19638
2021-06-17 09:26:58,7082.45,19638
2021-06-17 09:26:59,7082.45,19638
2021-06-17 09:27:01,7083.75,19649
2021-06-17 09:27:02,7083.75,19649
2021-06-17 09:27:02,7083.75,19649
2021-06-17 09:27:04,7083.7,19650
2021-06-17 09:27:05,7083.7,19650
2021-06-17 09:27:06,7083.7,19653
2021-06-17 09:27:07,7083.7,19653
2021-06-17 09:27:08,7083.7,19653
2021-06-17 09:27:09,7083.75,19772
2021-06-17 09:27:10,7084.8,19787
2021-06-17 09:27:10,7084.8,19787
2021-06-17 09:27:12,7084.8,19787
2021-06-17 09:27:13,7086.3,19789
2021-06-17 09:27:13,7086.3,19789
2021-06-17 09:27:14,7086.45,19800
2021-06-17 09:27:15,7087.5,19803
2021-06-17 09:27:16,7087.5,19804
2021-06-17 09:27:17,7089.0,19977
2021-06-17 09:27:18,7087.55,20009
2021-06-17 09:27:20,7087.55,20186
2021-06-17 09:27:21,7089.1,20200
2021-06-17 09:27:22,7089.05,20217
2021-06-17 09:27:23,7089.05,20222
2021-06-17 09:27:24,7089.05,20257
2021-06-17 09:27:25,7089.1,20275
2021-06-17 09:27:27,7089.1,20275
2021-06-17 09:27:28,7089.1,20275
2021-06-17 09:27:29,7089.1,20275
2021-06-17 09:27:29,7089.1,20275
2021-06-17 09:27:31,7091.65,20284
2021-06-17 09:27:31,7091.65,20284
2021-06-17 09:27:32,7091.65,20291
2021-06-17 09:27:33,7091.65,20291
2021-06-17 09:27:35,7091.65,20291
2021-06-17 09:27:36,7090.25,20292
2021-06-17 09:27:37,7089.15,20317
2021-06-17 09:27:38,7091.8,20318
2021-06-17 09:27:39,7091.8,20319
2021-06-17 09:27:39,7091.8,20319
2021-06-17 09:27:40,7091.8,20319
2021-06-17 09:27:41,7091.8,20337
2021-06-17 09:27:42,7092.0,20389
2021-06-17 09:27:43,7092.0,20473
2021-06-17 09:27:45,7090.05,20474
2021-06-17 09:27:45,7090.05,20474
2021-06-17 09:27:48,7090.1,20476
2021-06-17 09:27:48,7090.1,20476
2021-06-17 09:27:49,7090.1,20476
2021-06-17 09:27:50,7091.5,20503
2021-06-17 09:27:52,7091.0,20537
2021-06-17 09:27:53,7090.95,20547
2021-06-17 09:27:54,7091.0,20649
2021-06-17 09:27:55,7091.0,20649
2021-06-17 09:27:56,7091.0,20649
2021-06-17 09:27:58,7090.6,20653
2021-06-17 09:28:00,7090.6,20653
2021-06-17 09:28:01,7090.6,20653
2021-06-17 09:28:00,7090.6,20653
2021-06-17 09:28:02,7092.95,20753
2021-06-17 09:28:04,7090.6,20777
2021-06-17 09:28:03,7090.65,20758
2021-06-17 09:28:05,7090.6,20777
2021-06-17 09:28:06,7091.75,20789
2021-06-17 09:28:08,7093.0,20809
2021-06-17 09:28:07,7091.75,20789
2021-06-17 09:28:09,7087.5,21309
2021-06-17 09:28:10,7087.0,21394
2021-06-17 09:28:12,7087.5,21401
2021-06-17 09:28:12,7087.5,21401
2021-06-17 09:28:13,7087.45,21411
2021-06-17 09:28:15,7085.1,21430
2021-06-17 09:28:15,7085.0,21540
2021-06-17 09:28:16,7086.6,21574
2021-06-17 09:28:18,7088.7,21588
2021-06-17 09:28:20,7087.1,21599
2021-06-17 09:28:21,7087.1,21601
2021-06-17 09:28:22,7087.1,21601
2021-06-17 09:28:23,7087.25,21602
2021-06-17 09:28:24,7087.25,21602
2021-06-17 09:28:25,7087.65,21653
2021-06-17 09:28:26,7088.95,21685
2021-06-17 09:28:27,7087.1,21697
2021-06-17 09:28:27,7087.1,21689
2021-06-17 09:28:29,7087.6,21709
2021-06-17 09:28:29,7087.6,21709
2021-06-17 09:28:30,7087.0,21718
2021-06-17 09:28:31,7087.0,21724
2021-06-17 09:28:33,7086.5,21738
2021-06-17 09:28:33,7086.5,21738
2021-06-17 09:28:34,7087.05,21741
2021-06-17 09:28:36,7087.05,21741
2021-06-17 09:28:36,7086.0,21763
2021-06-17 09:28:38,7088.8,21789
2021-06-17 09:28:39,7087.8,21805
2021-06-17 09:28:40,7087.8,21812
2021-06-17 09:28:41,7089.75,21830
2021-06-17 09:28:42,7087.1,21910
2021-06-17 09:28:43,7086.1,21918
2021-06-17 09:28:45,7086.1,21949
2021-06-17 09:28:46,7086.1,21949
2021-06-17 09:28:48,7085.9,22009
2021-06-17 09:28:47,7086.1,21956
2021-06-17 09:28:49,7086.8,22039
2021-06-17 09:28:50,7085.9,22049
2021-06-17 09:28:51,7086.9,22066
2021-06-17 09:28:52,7086.95,22069
2021-06-17 09:28:53,7085.6,22088
2021-06-17 09:28:54,7087.0,22093
2021-06-17 09:28:55,7087.0,22093
2021-06-17 09:28:56,7087.0,22093
2021-06-17 09:28:57,7087.0,22093
2021-06-17 09:28:58,7085.6,22095
2021-06-17 09:28:59,7085.6,22095
2021-06-17 09:28:59,7085.6,22104
2021-06-17 09:29:00,7087.35,22142
2021-06-17 09:29:02,7088.4,22158
2021-06-17 09:29:02,7088.4,22158
2021-06-17 09:29:03,7088.5,22174
2021-06-17 09:29:04,7091.75,22188
2021-06-17 09:29:05,7091.75,22188
2021-06-17 09:29:06,7091.75,22188
2021-06-17 09:29:07,7091.75,22188
2021-06-17 09:29:08,7091.75,22188
2021-06-17 09:29:10,7090.3,22196
2021-06-17 09:29:11,7090.3,22196
2021-06-17 09:29:11,7090.3,22196
2021-06-17 09:29:12,7091.75,22210
2021-06-17 09:29:13,7091.75,22210
2021-06-17 09:29:14,7091.75,22210
2021-06-17 09:29:15,7091.9,22223
2021-06-17 09:29:16,7092.0,22248
2021-06-17 09:29:17,7091.9,22256
2021-06-17 09:29:18,7091.9,22256
2021-06-17 09:29:19,7091.9,22263
2021-06-17 09:29:20,7091.9,22263
2021-06-17 09:29:21,7092.0,22264
2021-06-17 09:29:22,7092.0,22269
2021-06-17 09:29:23,7092.0,22274
2021-06-17 09:29:25,7091.9,22302
2021-06-17 09:29:25,7091.9,22302
2021-06-17 09:29:26,7092.0,22321
2021-06-17 09:29:27,7092.0,22333
2021-06-17 09:29:29,7092.0,22337
2021-06-17 09:29:30,7092.7,22380
2021-06-17 09:29:30,7092.7,22380
2021-06-17 09:29:32,7092.7,22391
2021-06-17 09:29:33,7092.7,22399
2021-06-17 09:29:34,7092.95,22403
2021-06-17 09:29:35,7092.95,22405
2021-06-17 09:29:36,7092.95,22405
2021-06-17 09:29:38,7092.95,22405
2021-06-17 09:29:39,7092.95,22405
2021-06-17 09:29:40,7092.9,22406
2021-06-17 09:29:41,7092.9,22406
2021-06-17 09:29:42,7094.0,22473
2021-06-17 09:29:42,7094.0,22474
2021-06-17 09:29:43,7094.0,22474
2021-06-17 09:29:44,7092.75,22496
2021-06-17 09:29:45,7094.0,22723
2021-06-17 09:29:46,7092.95,22728
2021-06-17 09:29:48,7092.95,22729
2021-06-17 09:29:49,7092.95,22761
2021-06-17 09:29:49,7094.0,22784
2021-06-17 09:29:51,7092.95,22804
2021-06-17 09:29:52,7092.95,22804
2021-06-17 09:29:53,7092.95,22804
2021-06-17 09:29:54,7094.25,22805
2021-06-17 09:29:55,7094.25,22805
2021-06-17 09:29:56,7094.25,22805
2021-06-17 09:29:57,7094.35,22837
2021-06-17 09:29:58,7094.35,22837
2021-06-17 09:29:59,7093.95,22842
2021-06-17 09:30:00,7093.8,22861
2021-06-17 09:30:01,7093.05,22863
2021-06-17 09:30:02,7093.05,22867
2021-06-17 09:30:03,7094.5,22876
2021-06-17 09:30:04,7094.5,22876
2021-06-17 09:30:05,7094.5,22877
2021-06-17 09:30:06,7093.05,22927
2021-06-17 09:30:07,7095.0,22942
2021-06-17 09:30:08,7095.0,22989
2021-06-17 09:30:09,7094.35,22998
2021-06-17 09:30:10,7095.0,23017
2021-06-17 09:30:11,7094.55,23124
2021-06-17 09:30:12,7094.55,23146
2021-06-17 09:30:13,7094.55,23173
2021-06-17 09:30:14,7094.0,23210
2021-06-17 09:30:15,7094.0,23216
2021-06-17 09:30:15,7094.0,23216
2021-06-17 09:30:16,7096.6,23236
2021-06-17 09:30:17,7095.0,23238
2021-06-17 09:30:18,7095.0,23238
2021-06-17 09:30:20,7095.0,23319
2021-06-17 09:30:21,7095.0,23320
2021-06-17 09:30:22,7094.0,23352
2021-06-17 09:30:23,7094.0,23352
2021-06-17 09:30:24,7094.7,23367
2021-06-17 09:30:25,7094.7,23367
2021-06-17 09:30:26,7094.7,23367
2021-06-17 09:30:27,7094.65,23368
2021-06-17 09:30:27,7094.65,23368
2021-06-17 09:30:29,7093.55,23370
2021-06-17 09:30:30,7094.6,23371
2021-06-17 09:30:31,7094.6,23372
2021-06-17 09:30:32,7094.0,23399
2021-06-17 09:30:33,7094.65,23474
2021-06-17 09:30:34,7094.0,23479
2021-06-17 09:30:35,7094.0,23479
2021-06-17 09:30:36,7094.7,23494
2021-06-17 09:30:37,7094.6,23496
2021-06-17 09:30:38,7094.6,23496
2021-06-17 09:30:39,7094.6,23497
2021-06-17 09:30:40,7094.6,23499
2021-06-17 09:30:41,7094.6,23509
2021-06-17 09:30:42,7094.6,23509
2021-06-17 09:30:43,7094.6,23509
2021-06-17 09:30:45,7093.9,23529
2021-06-17 09:30:46,7093.9,23529
2021-06-17 09:30:47,7093.85,23530
2021-06-17 09:30:48,7088.65,23641
2021-06-17 09:30:50,7088.7,23670
2021-06-17 09:30:51,7088.85,23707
2021-06-17 09:30:52,7090.05,23717
2021-06-17 09:30:54,7088.85,23778
2021-06-17 09:30:55,7092.05,23780
2021-06-17 09:30:56,7092.05,23780
2021-06-17 09:30:57,7092.05,23780
2021-06-17 09:30:58,7092.05,23780
2021-06-17 09:30:59,7092.05,23780
2021-06-17 09:31:00,7092.05,23781
2021-06-17 09:31:00,7092.05,23781
2021-06-17 09:31:01,7092.05,23781
2021-06-17 09:31:02,7091.7,23787
2021-06-17 09:31:03,7091.7,23788
2021-06-17 09:31:04,7091.7,23793
2021-06-17 09:31:05,7091.7,23793
2021-06-17 09:31:06,7091.7,23793
2021-06-17 09:31:07,7091.7,23793
2021-06-17 09:31:08,7091.7,23793
2021-06-17 09:31:10,7091.7,23793
2021-06-17 09:31:11,7091.7,23793
2021-06-17 09:31:12,7091.7,23793
2021-06-17 09:31:13,7091.7,23793
2021-06-17 09:31:14,7090.05,23813
2021-06-17 09:31:14,7090.0,23817
2021-06-17 09:31:15,7090.0,23822
2021-06-17 09:31:16,7091.45,23840
2021-06-17 09:31:17,7091.3,23925
2021-06-17 09:31:18,7090.25,23929
2021-06-17 09:31:19,7090.0,23934
2021-06-17 09:31:20,7090.0,23934
2021-06-17 09:31:21,7090.05,23938
2021-06-17 09:31:22,7090.25,23943
2021-06-17 09:31:23,7090.05,23948
2021-06-17 09:31:24,7090.05,23948
2021-06-17 09:31:25,7090.05,23948
2021-06-17 09:31:26,7091.95,23952
2021-06-17 09:31:27,7091.95,23952
2021-06-17 09:31:29,7091.95,23952
2021-06-17 09:31:29,7091.95,23952
2021-06-17 09:31:30,7090.25,23954
2021-06-17 09:31:33,7091.9,23959
2021-06-17 09:31:33,7090.25,23961
2021-06-17 09:31:34,7090.25,23961
2021-06-17 09:31:35,7090.25,23966
2021-06-17 09:31:37,7091.7,23979
2021-06-17 09:31:38,7091.7,23979
2021-06-17 09:31:40,7091.7,23979
2021-06-17 09:31:39,7091.7,23979
2021-06-17 09:31:41,7091.7,23979
2021-06-17 09:31:42,7091.7,23984
2021-06-17 09:31:44,7090.25,23986
2021-06-17 09:31:45,7090.25,23986
2021-06-17 09:31:46,7090.25,23986
2021-06-17 09:31:47,7090.25,23986
2021-06-17 09:31:48,7090.25,23986
2021-06-17 09:31:49,7090.25,23986
2021-06-17 09:31:50,7091.7,24006
2021-06-17 09:31:51,7090.25,24018
2021-06-17 09:31:52,7090.0,24048
2021-06-17 09:31:53,7090.0,24049
2021-06-17 09:31:54,7090.0,24051
2021-06-17 09:31:55,7090.0,24056
2021-06-17 09:31:56,7090.0,24056
2021-06-17 09:31:57,7090.0,24056
2021-06-17 09:31:58,7090.0,24066
2021-06-17 09:31:59,7090.0,24066
2021-06-17 09:32:00,7090.95,24076
2021-06-17 09:32:01,7090.95,24076
2021-06-17 09:32:02,7090.0,24138
2021-06-17 09:32:03,7090.9,24148
2021-06-17 09:32:04,7090.0,24153
2021-06-17 09:32:05,7090.0,24153
2021-06-17 09:32:06,7090.0,24153
2021-06-17 09:32:07,7090.0,24153
2021-06-17 09:32:08,7090.0,24153
2021-06-17 09:32:09,7090.0,24153
2021-06-17 09:32:10,7090.0,24153
2021-06-17 09:32:11,7090.0,24153
2021-06-17 09:32:12,7090.0,24153
2021-06-17 09:32:13,7090.0,24153
2021-06-17 09:32:14,7090.0,24178
2021-06-17 09:32:16,7090.0,24193
2021-06-17 09:32:17,7090.75,24207
2021-06-17 09:32:19,7090.0,24259
2021-06-17 09:32:20,7090.0,24259
2021-06-17 09:32:21,7090.0,24259
2021-06-17 09:32:22,7090.0,24281
2021-06-17 09:32:23,7090.85,24347
2021-06-17 09:32:24,7090.85,24347
2021-06-17 09:32:25,7088.4,24348
2021-06-17 09:32:26,7088.4,24348
2021-06-17 09:32:27,7088.4,24348
2021-06-17 09:32:28,7088.4,24348
2021-06-17 09:32:29,7088.4,24348
2021-06-17 09:32:30,7088.4,24348
2021-06-17 09:32:31,7089.1,24366
2021-06-17 09:32:32,7089.3,24368
2021-06-17 09:32:33,7089.3,24369
2021-06-17 09:32:34,7089.3,24369
2021-06-17 09:32:35,7089.3,24369
2021-06-17 09:32:36,7089.3,24369
2021-06-17 09:32:37,7089.3,24369
2021-06-17 09:32:38,7089.3,24369
2021-06-17 09:32:39,7089.0,24372
2021-06-17 09:32:40,7089.0,24372
2021-06-17 09:32:41,7089.0,24372
2021-06-17 09:32:42,7089.3,24373
2021-06-17 09:32:43,7089.3,24373
2021-06-17 09:32:44,7088.8,24379
2021-06-17 09:32:46,7089.3,24398
2021-06-17 09:32:45,7089.3,24398
2021-06-17 09:32:47,7089.3,24398
2021-06-17 09:32:49,7088.4,24409
2021-06-17 09:32:50,7088.4,24409
2021-06-17 09:32:51,7088.4,24409
2021-06-17 09:32:52,7088.4,24409
2021-06-17 09:32:53,7088.4,24411
2021-06-17 09:32:54,7088.35,24418
2021-06-17 09:32:56,7088.35,24522
2021-06-17 09:32:55,7090.0,24518
2021-06-17 09:32:58,7088.95,24568
2021-06-17 09:33:00,7089.35,24575
2021-06-17 09:33:01,7089.4,24604
2021-06-17 09:33:02,7089.4,24604
2021-06-17 09:33:04,7089.85,24684
2021-06-17 09:33:05,7089.85,24684
2021-06-17 09:33:06,7090.85,24708
2021-06-17 09:33:07,7090.85,24708
2021-06-17 09:33:08,7090.0,24743
2021-06-17 09:33:09,7090.0,24743
2021-06-17 09:33:10,7090.0,24743
2021-06-17 09:33:11,7090.0,24743
2021-06-17 09:33:12,7090.0,24743
2021-06-17 09:33:13,7090.0,24771
2021-06-17 09:33:14,7090.0,24776
2021-06-17 09:33:15,7090.8,24786
2021-06-17 09:33:16,7090.8,24786
2021-06-17 09:33:17,7090.0,24796
2021-06-17 09:33:18,7090.0,24796
2021-06-17 09:33:19,7090.0,24796
2021-06-17 09:33:21,7090.0,24798
2021-06-17 09:33:22,7090.0,24798
2021-06-17 09:33:23,7090.0,24805
2021-06-17 09:33:24,7090.0,24805
2021-06-17 09:33:25,7090.0,24815
2021-06-17 09:33:26,7090.0,24815
2021-06-17 09:33:27,7090.0,24817
2021-06-17 09:33:28,7090.5,24827
2021-06-17 09:33:29,7090.0,24847
2021-06-17 09:33:30,7090.0,24872
2021-06-17 09:33:31,7090.0,24872
2021-06-17 09:33:33,7090.0,24884
2021-06-17 09:33:34,7090.0,24922
2021-06-17 09:33:35,7090.1,24925
2021-06-17 09:33:36,7089.85,24936
2021-06-17 09:33:37,7089.85,24936
2021-06-17 09:33:38,7088.65,24940
2021-06-17 09:33:40,7087.5,25073
2021-06-17 09:33:41,7087.0,25097
2021-06-17 09:33:42,7086.5,25098
2021-06-17 09:33:43,7086.5,25101
2021-06-17 09:33:45,7086.5,25101
2021-06-17 09:33:47,7086.1,25103
2021-06-17 09:33:48,7086.05,25105
2021-06-17 09:33:49,7086.05,25105
2021-06-17 09:33:50,7086.05,25105
2021-06-17 09:33:51,7086.05,25105
2021-06-17 09:33:52,7086.5,25147
2021-06-17 09:33:53,7086.0,25245
2021-06-17 09:33:54,7085.15,25250
2021-06-17 09:33:55,7085.15,25260
2021-06-17 09:33:56,7085.15,25260
2021-06-17 09:33:57,7086.2,25271
2021-06-17 09:33:58,7086.2,25271
2021-06-17 09:33:59,7085.1,25311
2021-06-17 09:34:00,7086.0,25312
2021-06-17 09:34:01,7085.1,25319
2021-06-17 09:34:02,7085.1,25335
2021-06-17 09:34:03,7085.1,25335
2021-06-17 09:34:05,7085.95,25340
2021-06-17 09:34:06,7085.95,25340
2021-06-17 09:34:07,7085.95,25340
2021-06-17 09:34:08,7085.95,25340
2021-06-17 09:34:09,7085.95,25340
2021-06-17 09:34:10,7085.05,25359
2021-06-17 09:34:11,7085.0,25369
2021-06-17 09:34:12,7085.05,25370
2021-06-17 09:34:13,7085.0,25375
2021-06-17 09:34:14,7085.0,25453
2021-06-17 09:34:15,7085.0,25463
2021-06-17 09:34:16,7085.0,25463
2021-06-17 09:34:17,7085.0,25480
2021-06-17 09:34:18,7085.0,25480
2021-06-17 09:34:19,7085.05,25482
2021-06-17 09:34:20,7085.05,25483
2021-06-17 09:34:21,7085.05,25483
2021-06-17 09:34:22,7085.05,25484
2021-06-17 09:34:23,7085.0,25519
2021-06-17 09:34:24,7085.0,25519
2021-06-17 09:34:25,7085.0,25524
2021-06-17 09:34:26,7085.0,25566
2021-06-17 09:34:27,7085.0,25566
2021-06-17 09:34:28,7085.0,25566
2021-06-17 09:34:29,7085.0,25578
2021-06-17 09:34:31,7085.0,25580
2021-06-17 09:34:32,7084.95,25582
2021-06-17 09:34:32,7085.0,25583
2021-06-17 09:34:33,7085.0,25583
2021-06-17 09:34:34,7085.0,25583
2021-06-17 09:34:35,7083.95,25588
2021-06-17 09:34:36,7083.9,25591
2021-06-17 09:34:37,7085.0,25625
2021-06-17 09:34:39,7085.95,25676
2021-06-17 09:34:40,7083.85,25680
2021-06-17 09:34:41,7083.85,25680
2021-06-17 09:34:42,7083.85,25684
2021-06-17 09:34:43,7083.9,25685
2021-06-17 09:34:44,7083.85,25691
2021-06-17 09:34:45,7083.85,25699
2021-06-17 09:34:46,7083.0,26272
2021-06-17 09:34:47,7082.0,26275
2021-06-17 09:34:48,7080.0,26395
2021-06-17 09:34:49,7081.75,26408
2021-06-17 09:34:51,7080.0,26669
2021-06-17 09:34:54,7081.35,26743
2021-06-17 09:34:54,7080.5,26756
2021-06-17 09:34:55,7080.5,26759
2021-06-17 09:34:56,7081.2,26802
2021-06-17 09:34:57,7080.5,26851
2021-06-17 09:34:59,7080.5,26905
2021-06-17 09:34:58,7080.5,26905
2021-06-17 09:35:00,7080.5,26905
2021-06-17 09:35:01,7080.5,26905
2021-06-17 09:35:02,7080.0,26922
2021-06-17 09:35:04,7080.5,26923
2021-06-17 09:35:04,7080.5,26923
2021-06-17 09:35:05,7080.5,26923
2021-06-17 09:35:06,7080.5,26923
2021-06-17 09:35:07,7079.5,26937
2021-06-17 09:35:08,7079.5,26937
2021-06-17 09:35:10,7079.0,26982
2021-06-17 09:35:11,7080.3,27032
2021-06-17 09:35:12,7083.5,27177
2021-06-17 09:35:13,7079.45,27197
2021-06-17 09:35:14,7081.75,27200
2021-06-17 09:35:14,7079.45,27199
2021-06-17 09:35:15,7081.75,27201
2021-06-17 09:35:16,7083.55,27293
2021-06-17 09:35:17,7083.55,27293
2021-06-17 09:35:18,7080.0,27368
2021-06-17 09:35:19,7079.0,27419
2021-06-17 09:35:21,7079.4,27427
2021-06-17 09:35:21,7079.0,27431
2021-06-17 09:35:22,7079.35,27432
2021-06-17 09:35:23,7080.75,27534
2021-06-17 09:35:24,7079.0,27563
2021-06-17 09:35:25,7079.0,27597
2021-06-17 09:35:26,7079.0,27611
2021-06-17 09:35:27,7078.0,27614
2021-06-17 09:35:28,7078.0,27614
2021-06-17 09:35:29,7079.25,27619
2021-06-17 09:35:30,7079.25,27629
2021-06-17 09:35:31,7079.25,27630
2021-06-17 09:35:32,7079.25,27630
2021-06-17 09:35:34,7078.45,27651
2021-06-17 09:35:35,7078.5,27671
2021-06-17 09:35:36,7078.5,27675
2021-06-17 09:35:37,7078.0,27677
2021-06-17 09:35:38,7078.5,27682
2021-06-17 09:35:39,7078.0,27696
2021-06-17 09:35:40,7080.75,27717
2021-06-17 09:35:42,7080.0,27724
2021-06-17 09:35:43,7080.0,27724
2021-06-17 09:35:44,7080.0,27724
2021-06-17 09:35:45,7080.0,27724
2021-06-17 09:35:46,7080.2,27725
2021-06-17 09:35:47,7080.2,27727
2021-06-17 09:35:49,7080.2,27727
2021-06-17 09:35:50,7080.2,27737
2021-06-17 09:35:52,7078.5,27766
2021-06-17 09:35:53,7078.5,27766
2021-06-17 09:35:54,7079.95,27769
2021-06-17 09:35:56,7079.95,27776
2021-06-17 09:35:57,7079.95,27776
2021-06-17 09:35:58,7079.95,27776
2021-06-17 09:36:00,7080.0,27803
2021-06-17 09:36:01,7078.5,27816
2021-06-17 09:36:02,7078.45,27820
2021-06-17 09:36:03,7078.45,27823
2021-06-17 09:36:04,7078.45,27823
2021-06-17 09:36:05,7078.45,27823
2021-06-17 09:36:06,7078.45,27823
2021-06-17 09:36:07,7078.45,27823
2021-06-17 09:36:08,7078.45,27823
2021-06-17 09:36:09,7078.45,27829
2021-06-17 09:36:10,7079.15,27831
2021-06-17 09:36:11,7079.15,27831
2021-06-17 09:36:12,7079.0,27922
2021-06-17 09:36:13,7079.05,27924
2021-06-17 09:36:14,7079.05,27924
2021-06-17 09:36:15,7079.05,27924
2021-06-17 09:36:16,7079.05,27924
2021-06-17 09:36:17,7079.05,27924
2021-06-17 09:36:18,7079.05,27924
2021-06-17 09:36:19,7078.95,27925
2021-06-17 09:36:20,7078.95,27925
2021-06-17 09:36:21,7078.95,27925
2021-06-17 09:36:22,7080.0,27969
2021-06-17 09:36:23,7080.0,27969
2021-06-17 09:36:24,7080.0,27969
2021-06-17 09:36:26,7080.0,28097
2021-06-17 09:36:27,7079.05,28100
2021-06-17 09:36:28,7079.05,28100
2021-06-17 09:36:30,7079.05,28100
2021-06-17 09:36:31,7080.1,28104
2021-06-17 09:36:32,7079.05,28111
2021-06-17 09:36:32,7079.05,28111
2021-06-17 09:36:33,7079.05,28111
2021-06-17 09:36:34,7079.05,28113
2021-06-17 09:36:35,7079.05,28119
2021-06-17 09:36:36,7079.05,28119
2021-06-17 09:36:37,7079.05,28119
2021-06-17 09:36:38,7079.85,28120
2021-06-17 09:36:40,7079.85,28127
2021-06-17 09:36:41,7079.85,28127
2021-06-17 09:36:41,7079.85,28127
2021-06-17 09:36:42,7079.85,28129
2021-06-17 09:36:44,7079.85,28129
2021-06-17 09:36:45,7078.95,28162
2021-06-17 09:36:46,7078.95,28164
2021-06-17 09:36:46,7078.95,28172
2021-06-17 09:36:47,7079.5,28176
2021-06-17 09:36:48,7079.5,28176
2021-06-17 09:36:49,7079.55,28177
2021-06-17 09:36:50,7079.55,28178
2021-06-17 09:36:52,7079.55,28178
2021-06-17 09:36:53,7079.55,28178
2021-06-17 09:36:53,7079.55,28178
2021-06-17 09:36:54,7078.5,28180
2021-06-17 09:36:55,7078.5,28180
2021-06-17 09:36:57,7079.55,28185
2021-06-17 09:36:58,7079.5,28190
2021-06-17 09:36:58,7079.5,28190
2021-06-17 09:37:00,7077.0,28443
2021-06-17 09:37:01,7078.75,28463
2021-06-17 09:37:02,7078.75,28463
2021-06-17 09:37:04,7078.75,28463
2021-06-17 09:37:05,7078.75,28463
2021-06-17 09:37:06,7078.6,28464
2021-06-17 09:37:07,7078.6,28497
2021-06-17 09:37:08,7075.7,28908
2021-06-17 09:37:09,7076.85,29204
2021-06-17 09:37:10,7076.9,29268
2021-06-17 09:37:12,7075.5,29322
2021-06-17 09:37:13,7075.0,29340
2021-06-17 09:37:14,7077.45,29360
2021-06-17 09:37:15,7077.45,29360
2021-06-17 09:37:16,7076.5,29375
2021-06-17 09:37:17,7076.5,29375
2021-06-17 09:37:18,7076.5,29417
2021-06-17 09:37:19,7076.5,29422
2021-06-17 09:37:19,7076.5,29422
2021-06-17 09:37:20,7074.6,29480
2021-06-17 09:37:21,7074.6,29480
2021-06-17 09:37:22,7073.55,29568
2021-06-17 09:37:23,7075.0,29569
2021-06-17 09:37:25,7075.0,29569
2021-06-17 09:37:26,7075.0,29569
2021-06-17 09:37:27,7075.0,29569
2021-06-17 09:37:28,7075.0,29569
2021-06-17 09:37:29,7075.0,29569
2021-06-17 09:37:30,7075.0,29864
2021-06-17 09:37:31,7075.0,29864
2021-06-17 09:37:33,7074.6,29874
2021-06-17 09:37:34,7075.35,29916
2021-06-17 09:37:35,7075.5,29944
2021-06-17 09:37:37,7075.5,29948
2021-06-17 09:37:40,7075.5,29953
2021-06-17 09:37:41,7076.85,29970
2021-06-17 09:37:42,7075.0,30166
2021-06-17 09:37:43,7074.6,30175
2021-06-17 09:37:44,7074.6,30179
2021-06-17 09:37:46,7075.0,30218
2021-06-17 09:37:47,7074.6,30233
2021-06-17 09:37:49,7075.0,30251
2021-06-17 09:37:50,7075.0,30251
2021-06-17 09:37:51,7075.0,30307
2021-06-17 09:37:52,7075.0,30307
2021-06-17 09:37:53,7074.6,30322
2021-06-17 09:37:54,7075.0,30329
2021-06-17 09:37:55,7074.6,30333
2021-06-17 09:37:56,7073.6,30385
2021-06-17 09:37:56,7073.6,30360
2021-06-17 09:37:57,7073.6,30385
2021-06-17 09:37:58,7074.0,30400
2021-06-17 09:38:00,7074.0,30400
2021-06-17 09:38:02,7071.25,30534
2021-06-17 09:38:03,7076.75,30875
2021-06-17 09:38:04,7076.55,30984
2021-06-17 09:38:05,7075.05,31021
2021-06-17 09:38:07,7075.15,31024
2021-06-17 09:38:08,7077.1,31214
2021-06-17 09:38:09,7075.15,31260
2021-06-17 09:38:10,7075.15,31260
2021-06-17 09:38:10,7075.15,31260
2021-06-17 09:38:11,7075.15,31276
2021-06-17 09:38:12,7075.15,31284
2021-06-17 09:38:13,7075.15,31321
2021-06-17 09:38:14,7074.95,31328
2021-06-17 09:38:15,7075.5,31375
2021-06-17 09:38:18,7076.45,31399
2021-06-17 09:38:19,7079.45,31402
2021-06-17 09:38:20,7076.15,31405
2021-06-17 09:38:21,7076.15,31405
2021-06-17 09:38:21,7076.15,31405
2021-06-17 09:38:22,7076.15,31405
2021-06-17 09:38:24,7076.15,31405
2021-06-17 09:38:25,7076.15,31415
2021-06-17 09:38:26,7076.15,31415
2021-06-17 09:38:27,7076.15,31415
2021-06-17 09:38:28,7076.15,31415
2021-06-17 09:38:29,7077.0,31418
2021-06-17 09:38:30,7075.5,31449
2021-06-17 09:38:31,7075.5,31449
2021-06-17 09:38:31,7075.5,31449
2021-06-17 09:38:32,7075.5,31449
2021-06-17 09:38:33,7075.5,31449
2021-06-17 09:38:34,7075.5,31449
2021-06-17 09:38:36,7076.65,31466
2021-06-17 09:38:37,7076.65,31466
2021-06-17 09:38:38,7075.15,31472
2021-06-17 09:38:39,7076.65,31473
2021-06-17 09:38:40,7076.65,31475
2021-06-17 09:38:41,7076.65,31475
2021-06-17 09:38:41,7076.65,31475
2021-06-17 09:38:42,7076.65,31475
2021-06-17 09:38:44,7078.0,31595
2021-06-17 09:38:45,7078.35,31646
2021-06-17 09:38:46,7078.35,31647
2021-06-17 09:38:48,7075.7,31905
2021-06-17 09:38:49,7075.7,31905
2021-06-17 09:38:50,7075.7,31905
2021-06-17 09:38:51,7075.7,31905
2021-06-17 09:38:52,7076.65,31909
2021-06-17 09:38:52,7075.7,31905
2021-06-17 09:38:53,7076.0,31980
2021-06-17 09:38:54,7076.0,31980
2021-06-17 09:38:55,7076.0,31993
2021-06-17 09:38:56,7076.0,31993
2021-06-17 09:38:57,7075.7,31994
2021-06-17 09:38:59,7078.45,32030
2021-06-17 09:39:02,7078.7,32057
2021-06-17 09:39:03,7075.85,32257
2021-06-17 09:39:04,7078.7,32261
2021-06-17 09:39:04,7077.55,32259
2021-06-17 09:39:05,7078.7,32261
2021-06-17 09:39:06,7078.7,32261
2021-06-17 09:39:08,7078.7,32278
2021-06-17 09:39:09,7077.55,32281
2021-06-17 09:39:10,7077.55,32314
2021-06-17 09:39:11,7078.8,32319
2021-06-17 09:39:11,7078.8,32325
2021-06-17 09:39:12,7078.8,32326
2021-06-17 09:39:13,7078.8,32326
2021-06-17 09:39:15,7078.8,32326
2021-06-17 09:39:16,7078.8,32327
2021-06-17 09:39:17,7079.45,32337
2021-06-17 09:39:18,7078.85,32365
2021-06-17 09:39:19,7078.85,32369
2021-06-17 09:39:20,7078.85,32369
2021-06-17 09:39:21,7078.85,32378
2021-06-17 09:39:21,7078.85,32378
2021-06-17 09:39:22,7078.85,32378
2021-06-17 09:39:24,7078.85,32378
2021-06-17 09:39:25,7078.85,32393
2021-06-17 09:39:26,7080.0,32581
2021-06-17 09:39:27,7080.5,32588
2021-06-17 09:39:28,7080.5,32588
2021-06-17 09:39:29,7083.25,32638
2021-06-17 09:39:30,7081.0,32647
2021-06-17 09:39:30,7081.0,32647
2021-06-17 09:39:31,7081.0,32647
2021-06-17 09:39:32,7081.0,32647
2021-06-17 09:39:33,7079.15,32682
2021-06-17 09:39:34,7081.3,32684
2021-06-17 09:39:36,7081.3,32684
2021-06-17 09:39:37,7080.5,32685
2021-06-17 09:39:38,7080.5,32686
2021-06-17 09:39:40,7080.0,32687
2021-06-17 09:39:41,7080.0,32687
2021-06-17 09:39:42,7080.0,32693
2021-06-17 09:39:42,7080.0,32693
2021-06-17 09:39:43,7080.0,32703
2021-06-17 09:39:44,7080.0,32703
2021-06-17 09:39:45,7079.15,32705
2021-06-17 09:39:46,7080.0,32755
2021-06-17 09:39:47,7080.0,32755
2021-06-17 09:39:49,7079.15,32772
2021-06-17 09:39:50,7078.8,32870
2021-06-17 09:39:51,7078.8,32870
2021-06-17 09:39:52,7077.0,32896
2021-06-17 09:39:53,7078.4,32897
2021-06-17 09:39:54,7078.4,32897
2021-06-17 09:39:55,7078.4,32897
2021-06-17 09:39:56,7078.4,32897
2021-06-17 09:39:58,7078.4,32897
2021-06-17 09:39:59,7078.4,32897
2021-06-17 09:40:00,7078.2,32905
2021-06-17 09:40:00,7078.2,32900
2021-06-17 09:40:01,7078.2,32915
2021-06-17 09:40:02,7077.0,32918
2021-06-17 09:40:03,7077.0,32918
2021-06-17 09:40:05,7077.0,32930
2021-06-17 09:40:06,7077.0,32935
2021-06-17 09:40:07,7078.0,32938
2021-06-17 09:40:08,7078.0,32938
2021-06-17 09:40:09,7077.0,32946
2021-06-17 09:40:10,7076.0,32954
2021-06-17 09:40:12,7076.0,32954
2021-06-17 09:40:13,7076.0,32956
2021-06-17 09:40:14,7076.0,32956
2021-06-17 09:40:15,7075.7,32963
2021-06-17 09:40:16,7078.05,32969
2021-06-17 09:40:17,7075.7,32979
2021-06-17 09:40:18,7075.7,32979
2021-06-17 09:40:19,7075.7,32979
2021-06-17 09:40:19,7075.7,32979
2021-06-17 09:40:20,7077.5,32988
2021-06-17 09:40:21,7077.95,33008
2021-06-17 09:40:23,7077.95,33008
2021-06-17 09:40:24,7077.9,33013
2021-06-17 09:40:25,7077.9,33015
2021-06-17 09:40:26,7077.9,33015
2021-06-17 09:40:27,7076.05,33016
2021-06-17 09:40:28,7077.9,33041
2021-06-17 09:40:28,7076.05,33046
2021-06-17 09:40:30,7076.1,33048
2021-06-17 09:40:31,7077.8,33049
2021-06-17 09:40:31,7077.8,33049
2021-06-17 09:40:32,7077.8,33049
2021-06-17 09:40:34,7077.8,33049
2021-06-17 09:40:34,7076.05,33051
2021-06-17 09:40:35,7076.05,33051
2021-06-17 09:40:36,7076.05,33051
2021-06-17 09:40:38,7073.0,33539
2021-06-17 09:40:39,7072.5,33541
2021-06-17 09:40:40,7073.95,33542
2021-06-17 09:40:41,7072.5,33552
2021-06-17 09:40:42,7073.95,33553
2021-06-17 09:40:42,7073.95,33553
2021-06-17 09:40:43,7073.95,33553
2021-06-17 09:40:45,7073.0,33568
2021-06-17 09:40:46,7073.25,33599
2021-06-17 09:40:47,7073.0,33672
2021-06-17 09:40:48,7072.1,33706
2021-06-17 09:40:49,7072.1,33715
2021-06-17 09:40:50,7073.45,33721
2021-06-17 09:40:51,7073.45,33721
2021-06-17 09:40:51,7072.05,33722
2021-06-17 09:40:52,7072.05,34123
2021-06-17 09:40:53,7072.05,34123
2021-06-17 09:40:54,7072.05,34127
2021-06-17 09:40:55,7072.0,34184
2021-06-17 09:40:56,7072.0,34214
2021-06-17 09:40:59,7071.0,34322
2021-06-17 09:41:00,7071.0,34346
2021-06-17 09:41:02,7071.0,34347
2021-06-17 09:41:03,7071.0,34350
2021-06-17 09:41:04,7071.0,34507
2021-06-17 09:41:05,7068.0,35123
2021-06-17 09:41:06,7068.0,35133
2021-06-17 09:41:07,7068.0,35388
2021-06-17 09:41:08,7068.0,35478
2021-06-17 09:41:09,7067.0,35488
2021-06-17 09:41:10,7067.95,35538
2021-06-17 09:41:10,7067.95,35539
2021-06-17 09:41:12,7067.95,35560
2021-06-17 09:41:13,7067.0,35575
2021-06-17 09:41:14,7067.0,35595
2021-06-17 09:41:16,7067.95,35612
2021-06-17 09:41:17,7067.0,35844
2021-06-17 09:41:18,7066.0,36040
2021-06-17 09:41:18,7066.5,35876
2021-06-17 09:41:19,7066.0,36040
2021-06-17 09:41:21,7066.5,36041
2021-06-17 09:41:21,7066.5,36041
2021-06-17 09:41:23,7066.5,36041
2021-06-17 09:41:23,7066.5,36041
2021-06-17 09:41:25,7066.0,36131
2021-06-17 09:41:26,7066.5,36142
2021-06-17 09:41:27,7066.5,36142
2021-06-17 09:41:28,7066.5,36145
2021-06-17 09:41:29,7066.0,36295
2021-06-17 09:41:30,7068.3,36369
2021-06-17 09:41:31,7068.3,36369
2021-06-17 09:41:31,7068.3,36369
2021-06-17 09:41:33,7069.95,36370
2021-06-17 09:41:35,7073.45,36524
2021-06-17 09:41:36,7073.45,36531
2021-06-17 09:41:37,7073.45,36531
2021-06-17 09:41:38,7073.45,36563
2021-06-17 09:41:39,7073.45,36563
2021-06-17 09:41:40,7072.2,36707
2021-06-17 09:41:43,7072.2,36707
2021-06-17 09:41:44,7072.2,36718
2021-06-17 09:41:45,7069.65,36918
2021-06-17 09:41:46,7072.25,36956
2021-06-17 09:41:47,7073.0,36981
2021-06-17 09:41:47,7073.0,36981
2021-06-17 09:41:48,7073.0,37075
2021-06-17 09:41:51,7072.8,37125
2021-06-17 09:41:52,7073.1,37210
2021-06-17 09:41:53,7074.1,37211
2021-06-17 09:41:54,7074.1,37212
2021-06-17 09:41:55,7074.15,37233
2021-06-17 09:41:56,7075.0,37240
2021-06-17 09:41:57,7075.0,37240
2021-06-17 09:41:58,7075.0,37418
2021-06-17 09:41:59,7074.1,37450
2021-06-17 09:42:00,7074.1,37451
2021-06-17 09:42:00,7074.1,37458
2021-06-17 09:42:02,7074.95,37549
2021-06-17 09:42:03,7074.1,37551
2021-06-17 09:42:04,7074.1,37551
2021-06-17 09:42:05,7074.1,37551
2021-06-17 09:42:06,7074.1,37551
2021-06-17 09:42:07,7074.95,37554
2021-06-17 09:42:07,7074.95,37554
2021-06-17 09:42:08,7075.5,37559
2021-06-17 09:42:09,7075.5,37575
2021-06-17 09:42:11,7075.5,37575
2021-06-17 09:42:12,7075.5,37575
2021-06-17 09:42:13,7075.5,37575
2021-06-17 09:42:14,7075.5,37578
2021-06-17 09:42:15,7075.95,37585
2021-06-17 09:42:17,7075.95,37671
2021-06-17 09:42:18,7075.95,37675
2021-06-17 09:42:18,7075.95,37675
2021-06-17 09:42:19,7075.95,37675
2021-06-17 09:42:21,7075.5,37691
2021-06-17 09:42:22,7075.5,37691
2021-06-17 09:42:23,7075.5,37691
2021-06-17 09:42:24,7075.5,37691
2021-06-17 09:42:25,7075.95,37712
2021-06-17 09:42:26,7077.1,37762
2021-06-17 09:42:27,7077.1,37762
2021-06-17 09:42:28,7077.1,37762
2021-06-17 09:42:29,7077.1,37762
2021-06-17 09:42:30,7077.05,37766
2021-06-17 09:42:31,7077.05,37766
2021-06-17 09:42:32,7076.0,37768
2021-06-17 09:42:33,7076.0,37768
2021-06-17 09:42:33,7077.05,37778
2021-06-17 09:42:35,7077.0,37779
2021-06-17 09:42:36,7077.05,37803
2021-06-17 09:42:37,7077.05,37812
2021-06-17 09:42:38,7077.05,37915
2021-06-17 09:42:39,7077.05,37915
2021-06-17 09:42:40,7077.05,37915
2021-06-17 09:42:41,7077.05,37915
2021-06-17 09:42:42,7077.05,37915
2021-06-17 09:42:43,7077.05,37915
2021-06-17 09:42:44,7077.05,37915
2021-06-17 09:42:45,7077.05,37915
2021-06-17 09:42:46,7077.1,37918
2021-06-17 09:42:47,7078.6,37928
2021-06-17 09:42:48,7078.6,37933
2021-06-17 09:42:49,7078.6,37933
2021-06-17 09:42:50,7078.6,37933
2021-06-17 09:42:51,7078.0,37944
2021-06-17 09:42:52,7078.0,37944
2021-06-17 09:42:53,7079.0,37945
2021-06-17 09:42:54,7079.0,37946
2021-06-17 09:42:55,7079.0,37946
2021-06-17 09:42:56,7079.0,37950
2021-06-17 09:42:57,7079.0,37950
2021-06-17 09:42:58,7079.0,37962
2021-06-17 09:42:59,7079.0,37962
2021-06-17 09:43:00,7079.4,37963
2021-06-17 09:43:01,7079.0,37974
2021-06-17 09:43:02,7079.45,37999
2021-06-17 09:43:03,7079.45,37999
2021-06-17 09:43:04,7079.45,37999
2021-06-17 09:43:05,7079.45,37999
2021-06-17 09:43:06,7079.45,37999
2021-06-17 09:43:07,7080.0,38004
2021-06-17 09:43:08,7079.95,38005
2021-06-17 09:43:09,7079.0,38055
2021-06-17 09:43:10,7079.0,38075
2021-06-17 09:43:11,7079.0,38075
2021-06-17 09:43:12,7079.9,38078
2021-06-17 09:43:13,7079.4,38093
2021-06-17 09:43:14,7079.4,38103
2021-06-17 09:43:15,7079.0,38158
2021-06-17 09:43:16,7079.0,38169
2021-06-17 09:43:17,7079.0,38180
2021-06-17 09:43:18,7079.0,38180
2021-06-17 09:43:19,7079.0,38180
2021-06-17 09:43:20,7078.6,38211
2021-06-17 09:43:21,7079.0,38334
2021-06-17 09:43:22,7078.6,38359
2021-06-17 09:43:23,7078.6,38359
2021-06-17 09:43:24,7078.0,38370
2021-06-17 09:43:25,7078.0,38370
2021-06-17 09:43:26,7077.95,38382
2021-06-17 09:43:27,7077.95,38382
2021-06-17 09:43:28,7077.95,38391
2021-06-17 09:43:29,7078.0,38392
2021-06-17 09:43:30,7077.95,38395
2021-06-17 09:43:31,7077.1,38467
2021-06-17 09:43:32,7075.1,38469
2021-06-17 09:43:33,7076.95,38470
2021-06-17 09:43:34,7076.95,38470
2021-06-17 09:43:35,7076.95,38475
2021-06-17 09:43:36,7076.95,38475
2021-06-17 09:43:37,7076.95,38475
2021-06-17 09:43:38,7075.1,38481
2021-06-17 09:43:39,7076.95,38484
2021-06-17 09:43:40,7076.95,38485
2021-06-17 09:43:41,7076.95,38485
2021-06-17 09:43:42,7076.95,38485
2021-06-17 09:43:43,7076.95,38485
2021-06-17 09:43:44,7076.95,38485
2021-06-17 09:43:45,7075.1,38486
2021-06-17 09:43:46,7075.1,38486
2021-06-17 09:43:47,7075.1,38528
2021-06-17 09:43:48,7075.1,38528
2021-06-17 09:43:49,7075.1,38528
2021-06-17 09:43:50,7075.1,38648
2021-06-17 09:43:51,7074.1,38662
2021-06-17 09:43:52,7074.1,38663
2021-06-17 09:43:53,7074.1,38663
2021-06-17 09:43:54,7075.75,38673
2021-06-17 09:43:55,7075.75,38673
2021-06-17 09:43:56,7075.75,38676
2021-06-17 09:43:57,7075.75,38676
2021-06-17 09:43:58,7075.75,38681
2021-06-17 09:43:59,7074.1,38704
2021-06-17 09:44:00,7074.1,38704
2021-06-17 09:44:01,7074.1,38704
2021-06-17 09:44:02,7074.1,38704
2021-06-17 09:44:03,7074.0,38714
2021-06-17 09:44:04,7074.0,38714
2021-06-17 09:44:05,7074.0,38714
2021-06-17 09:44:06,7073.5,38717
2021-06-17 09:44:07,7074.0,38719
2021-06-17 09:44:08,7073.5,38727
2021-06-17 09:44:09,7074.0,38738
2021-06-17 09:44:10,7073.5,38744
2021-06-17 09:44:12,7073.5,38764
2021-06-17 09:44:13,7073.5,38764
2021-06-17 09:44:14,7073.5,38799
2021-06-17 09:44:15,7074.0,38849
2021-06-17 09:44:16,7074.0,38849
2021-06-17 09:44:17,7074.0,38849
2021-06-17 09:44:18,7074.0,38849
2021-06-17 09:44:19,7073.5,38871
2021-06-17 09:44:20,7073.45,38872
2021-06-17 09:44:22,7073.45,38875
2021-06-17 09:44:23,7073.45,38876
2021-06-17 09:44:24,7073.45,38876
2021-06-17 09:44:25,7073.5,38877
2021-06-17 09:44:26,7073.5,38877
2021-06-17 09:44:27,7073.5,38877
2021-06-17 09:44:28,7073.5,38877
2021-06-17 09:44:29,7073.5,39001
2021-06-17 09:44:30,7073.5,39001
2021-06-17 09:44:31,7073.5,39012
2021-06-17 09:44:32,7073.5,39012
2021-06-17 09:44:33,7073.5,39012
2021-06-17 09:44:34,7073.5,39116
2021-06-17 09:44:35,7073.0,39134
2021-06-17 09:44:36,7073.5,39144
2021-06-17 09:44:38,7074.1,39149
2021-06-17 09:44:39,7074.1,39149
2021-06-17 09:44:40,7074.1,39149
2021-06-17 09:44:41,7075.1,39174
2021-06-17 09:44:42,7075.1,39174
2021-06-17 09:44:43,7075.1,39174
2021-06-17 09:44:44,7075.75,39184
2021-06-17 09:44:45,7075.75,39184
2021-06-17 09:44:46,7073.0,39234
2021-06-17 09:44:47,7073.0,39234
2021-06-17 09:44:48,7075.7,39250
2021-06-17 09:44:49,7075.7,39250
2021-06-17 09:44:51,7074.9,39263
2021-06-17 09:44:52,7074.9,39263
2021-06-17 09:44:53,7074.9,39263
2021-06-17 09:44:55,7074.9,39264
2021-06-17 09:44:56,7074.9,39265
2021-06-17 09:44:57,7074.9,39265
2021-06-17 09:44:58,7074.9,39265
2021-06-17 09:44:59,7074.9,39265
2021-06-17 09:45:01,7075.1,39325
2021-06-17 09:45:02,7074.85,39345
2021-06-17 09:45:04,7074.85,39364
2021-06-17 09:45:04,7074.85,39364
2021-06-17 09:45:05,7074.85,39364
2021-06-17 09:45:06,7076.3,39370
2021-06-17 09:45:07,7076.3,39375
2021-06-17 09:45:08,7076.3,39375
2021-06-17 09:45:09,7076.3,39378
2021-06-17 09:45:11,7076.3,39378
2021-06-17 09:45:12,7076.25,39380
2021-06-17 09:45:13,7077.25,39410
2021-06-17 09:45:13,7077.25,39410
2021-06-17 09:45:14,7077.25,39410
2021-06-17 09:45:15,7077.25,39415
2021-06-17 09:45:16,7077.25,39415
2021-06-17 09:45:17,7075.1,39430
2021-06-17 09:45:21,7075.0,39475
2021-06-17 09:45:22,7074.0,39569
2021-06-17 09:45:23,7074.9,39573
2021-06-17 09:45:25,7074.9,39592
2021-06-17 09:45:25,7074.9,39592
2021-06-17 09:45:26,7074.9,39594
2021-06-17 09:45:28,7074.9,39601
2021-06-17 09:45:29,7074.9,39615
2021-06-17 09:45:30,7073.95,39619
2021-06-17 09:45:31,7073.95,39629
2021-06-17 09:45:32,7073.95,39632
2021-06-17 09:45:33,7073.95,39632
2021-06-17 09:45:35,7073.95,39632
2021-06-17 09:45:35,7073.95,39632
2021-06-17 09:45:37,7073.55,39634
2021-06-17 09:45:38,7073.95,39638
2021-06-17 09:45:39,7073.55,39691
2021-06-17 09:45:40,7073.55,39691
2021-06-17 09:45:41,7073.55,39691
2021-06-17 09:45:43,7073.55,39691
2021-06-17 09:45:44,7073.55,39691
2021-06-17 09:45:46,7073.55,39691
2021-06-17 09:45:46,7073.55,39691
2021-06-17 09:45:47,7073.5,39692
2021-06-17 09:45:48,7073.5,39694
2021-06-17 09:45:49,7073.2,39696
2021-06-17 09:45:50,7073.2,39941
2021-06-17 09:45:51,7072.0,39967
2021-06-17 09:45:53,7072.0,39967
2021-06-17 09:45:53,7072.0,39967
2021-06-17 09:45:54,7072.0,39967
2021-06-17 09:45:55,7072.0,39979
2021-06-17 09:45:56,7071.05,39995
2021-06-17 09:45:57,7071.05,39995
2021-06-17 09:45:58,7072.0,40000
2021-06-17 09:45:59,7072.0,40022
2021-06-17 09:46:01,7070.0,40215
2021-06-17 09:46:01,7070.0,40215
2021-06-17 09:46:02,7068.8,40226
2021-06-17 09:46:03,7070.0,40236
2021-06-17 09:46:04,7068.5,40240
2021-06-17 09:46:05,7070.0,40244
2021-06-17 09:46:06,7070.0,40244
2021-06-17 09:46:07,7068.5,40252
2021-06-17 09:46:08,7066.85,40262
2021-06-17 09:46:09,7068.5,40263
2021-06-17 09:46:11,7066.05,40337
2021-06-17 09:46:11,7066.05,40337
2021-06-17 09:46:12,7066.05,40337
2021-06-17 09:46:13,7067.95,40340
2021-06-17 09:46:14,7067.95,40340
2021-06-17 09:46:15,7066.05,40347
2021-06-17 09:46:16,7066.05,40347
2021-06-17 09:46:17,7066.0,40507
2021-06-17 09:46:18,7066.9,40544
2021-06-17 09:46:19,7066.9,40544
2021-06-17 09:46:21,7066.9,40545
2021-06-17 09:46:21,7066.9,40547
2021-06-17 09:46:23,7068.15,40549
2021-06-17 09:46:24,7068.15,40563
2021-06-17 09:46:24,7066.9,40587
2021-06-17 09:46:25,7066.9,40587
2021-06-17 09:46:26,7067.3,40588
2021-06-17 09:46:27,7067.0,40593
2021-06-17 09:46:28,7066.9,40603
2021-06-17 09:46:29,7066.9,40616
2021-06-17 09:46:31,7067.0,40617
2021-06-17 09:46:32,7067.0,40617
2021-06-17 09:46:33,7067.0,40624
2021-06-17 09:46:34,7067.0,40632
2021-06-17 09:46:35,7067.0,40633
2021-06-17 09:46:36,7067.0,40637
2021-06-17 09:46:38,7067.0,40674
2021-06-17 09:46:40,7069.7,40696
2021-06-17 09:46:40,7069.95,40694
2021-06-17 09:46:41,7067.75,40698
2021-06-17 09:46:42,7067.75,40698
2021-06-17 09:46:44,7069.1,40708
2021-06-17 09:46:44,7069.1,40708
2021-06-17 09:46:45,7069.1,40708
2021-06-17 09:46:46,7069.1,40708
2021-06-17 09:46:47,7067.75,40718
2021-06-17 09:46:48,7067.75,40718
2021-06-17 09:46:49,7067.75,40718
2021-06-17 09:46:50,7067.75,40718
2021-06-17 09:46:51,7067.95,40720
2021-06-17 09:46:52,7067.95,40721
2021-06-17 09:46:53,7067.95,40721
2021-06-17 09:46:54,7067.95,40721
2021-06-17 09:46:56,7067.95,40723
2021-06-17 09:46:56,7067.95,40723
2021-06-17 09:46:57,7067.95,40723
2021-06-17 09:46:58,7067.95,40723
2021-06-17 09:46:59,7067.95,40723
2021-06-17 09:47:00,7067.75,40726
2021-06-17 09:47:02,7067.75,40728
2021-06-17 09:47:02,7067.75,40728
2021-06-17 09:47:04,7067.8,40744
2021-06-17 09:47:05,7068.0,40757
2021-06-17 09:47:05,7068.0,40758
2021-06-17 09:47:06,7069.55,40759
2021-06-17 09:47:07,7069.55,40759
2021-06-17 09:47:09,7069.55,40759
2021-06-17 09:47:10,7069.55,40759
2021-06-17 09:47:09,7069.55,40759
2021-06-17 09:47:11,7069.55,40785
2021-06-17 09:47:12,7068.0,40813
2021-06-17 09:47:14,7069.55,40889
2021-06-17 09:47:15,7069.55,40907
2021-06-17 09:47:19,7067.05,40938
2021-06-17 09:47:20,7067.05,40938
2021-06-17 09:47:21,7069.8,40999
2021-06-17 09:47:22,7069.75,41013
2021-06-17 09:47:23,7068.05,41033
2021-06-17 09:47:24,7068.05,41033
2021-06-17 09:47:25,7069.0,41058
2021-06-17 09:47:25,7069.0,41058
2021-06-17 09:47:27,7069.0,41058
2021-06-17 09:47:28,7068.0,41109
2021-06-17 09:47:29,7068.0,41109
2021-06-17 09:47:30,7068.0,41110
2021-06-17 09:47:31,7069.85,41111
2021-06-17 09:47:32,7069.85,41111
2021-06-17 09:47:34,7068.0,41121
2021-06-17 09:47:35,7068.0,41121
2021-06-17 09:47:36,7069.85,41130
2021-06-17 09:47:37,7068.0,41261
2021-06-17 09:47:37,7068.0,41261
2021-06-17 09:47:38,7068.0,41261
2021-06-17 09:47:40,7069.85,41291
2021-06-17 09:47:41,7069.85,41291
2021-06-17 09:47:41,7069.85,41291
2021-06-17 09:47:42,7069.85,41293
2021-06-17 09:47:43,7069.85,41293
2021-06-17 09:47:45,7069.35,41381
2021-06-17 09:47:45,7068.0,41350
2021-06-17 09:47:47,7068.0,41406
2021-06-17 09:47:48,7068.0,41408
2021-06-17 09:47:49,7067.1,41417
2021-06-17 09:47:51,7068.0,41421
2021-06-17 09:47:53,7067.0,41471
2021-06-17 09:47:54,7067.0,41471
2021-06-17 09:47:55,7067.1,41546
2021-06-17 09:47:56,7067.1,41546
2021-06-17 09:47:58,7066.0,41570
2021-06-17 09:48:00,7066.0,41641
2021-06-17 09:48:01,7065.5,41689
2021-06-17 09:48:02,7065.0,41725
2021-06-17 09:48:04,7065.0,41755
2021-06-17 09:48:05,7060.55,43554
2021-06-17 09:48:07,7051.8,46250
2021-06-17 09:48:08,7058.15,47144
2021-06-17 09:48:09,7052.85,47171
2021-06-17 09:48:10,7055.65,47306
2021-06-17 09:48:11,7057.75,47436
2021-06-17 09:48:11,7053.35,47585
2021-06-17 09:48:12,7053.35,47608
2021-06-17 09:48:14,7056.55,47643
2021-06-17 09:48:15,7055.65,47644
2021-06-17 09:48:16,7053.25,47689
2021-06-17 09:48:16,7053.25,47689
2021-06-17 09:48:17,7054.55,47701
2021-06-17 09:48:19,7054.1,47746
2021-06-17 09:48:19,7054.1,47746
2021-06-17 09:48:20,7056.3,47760
2021-06-17 09:48:21,7055.65,47773
2021-06-17 09:48:22,7055.65,47775
2021-06-17 09:48:23,7056.4,47974
2021-06-17 09:48:24,7056.4,47983
2021-06-17 09:48:25,7056.4,48078
2021-06-17 09:48:26,7056.45,48107
2021-06-17 09:48:27,7057.75,48117
2021-06-17 09:48:28,7057.75,48121
2021-06-17 09:48:30,7056.45,48178
2021-06-17 09:48:31,7057.05,48198
2021-06-17 09:48:32,7056.45,48236
2021-06-17 09:48:32,7056.45,48246
2021-06-17 09:48:33,7059.05,48251
2021-06-17 09:48:34,7059.05,48261
2021-06-17 09:48:35,7059.45,48630
2021-06-17 09:48:36,7064.35,48726
2021-06-17 09:48:37,7063.15,48741
2021-06-17 09:48:39,7061.1,48757
2021-06-17 09:48:40,7061.05,48770
2021-06-17 09:48:41,7060.9,48793
2021-06-17 09:48:42,7063.8,48864
2021-06-17 09:48:42,7063.8,48864
2021-06-17 09:48:43,7062.8,48869
2021-06-17 09:48:45,7061.15,48906
2021-06-17 09:48:45,7061.15,48906
2021-06-17 09:48:47,7062.75,48950
2021-06-17 09:48:47,7062.75,48975
2021-06-17 09:48:48,7062.75,48991
2021-06-17 09:48:49,7063.9,49001
2021-06-17 09:48:50,7062.75,49013
2021-06-17 09:48:51,7062.75,49033
2021-06-17 09:48:52,7063.9,49055
2021-06-17 09:48:53,7063.9,49055
2021-06-17 09:48:54,7063.85,49067
2021-06-17 09:48:55,7063.0,49078
2021-06-17 09:48:56,7064.65,49290
2021-06-17 09:48:57,7063.75,49292
2021-06-17 09:48:58,7062.65,49314
2021-06-17 09:48:59,7064.65,49316
2021-06-17 09:49:00,7062.65,49359
2021-06-17 09:49:01,7062.35,49365
2021-06-17 09:49:03,7064.4,49417
2021-06-17 09:49:04,7064.4,49417
2021-06-17 09:49:05,7062.65,49444
2021-06-17 09:49:06,7062.3,49469
2021-06-17 09:49:07,7062.3,49469
2021-06-17 09:49:08,7062.3,49469
2021-06-17 09:49:10,7062.65,49474
2021-06-17 09:49:10,7062.65,49474
2021-06-17 09:49:11,7063.95,49475
2021-06-17 09:49:12,7062.3,49488
2021-06-17 09:49:13,7064.0,49645
2021-06-17 09:49:14,7062.65,49649
2021-06-17 09:49:15,7070.35,50050
2021-06-17 09:49:16,7064.35,50174
2021-06-17 09:49:17,7067.2,50274
2021-06-17 09:49:19,7064.5,50316
2021-06-17 09:49:20,7063.35,50320
2021-06-17 09:49:21,7068.15,50355
2021-06-17 09:49:22,7064.65,50363
2021-06-17 09:49:22,7064.65,50363
2021-06-17 09:49:23,7064.65,50363
2021-06-17 09:49:24,7068.1,50515
2021-06-17 09:49:25,7068.1,50566
2021-06-17 09:49:26,7064.75,50757
2021-06-17 09:49:28,7064.85,50786
2021-06-17 09:49:29,7065.0,50875
2021-06-17 09:49:30,7065.0,50875
2021-06-17 09:49:31,7066.75,50899
2021-06-17 09:49:32,7066.8,50933
2021-06-17 09:49:33,7064.75,50942
2021-06-17 09:49:34,7064.75,50964
2021-06-17 09:49:35,7066.1,51101
2021-06-17 09:49:35,7066.1,51079
2021-06-17 09:49:38,7066.1,51109
2021-06-17 09:49:39,7066.1,51109
2021-06-17 09:49:40,7065.45,51160
2021-06-17 09:49:42,7066.1,51289
2021-06-17 09:49:43,7067.65,51413
2021-06-17 09:49:44,7067.55,51515
2021-06-17 09:49:44,7067.55,51515
2021-06-17 09:49:45,7064.45,51531
2021-06-17 09:49:46,7065.3,51663
2021-06-17 09:49:47,7065.3,51685
2021-06-17 09:49:49,7062.85,52308
2021-06-17 09:49:50,7061.0,52313
2021-06-17 09:49:51,7061.0,52313
2021-06-17 09:49:52,7061.2,52367
2021-06-17 09:49:53,7061.65,52615
2021-06-17 09:49:54,7060.5,52626
2021-06-17 09:49:55,7060.5,52636
2021-06-17 09:49:56,7061.65,52659
2021-06-17 09:49:56,7059.55,52683
2021-06-17 09:49:57,7061.4,52730
2021-06-17 09:49:58,7061.05,52840
2021-06-17 09:49:59,7058.5,52881
2021-06-17 09:50:00,7058.1,52882
2021-06-17 09:50:01,7058.1,52902
2021-06-17 09:50:02,7060.95,52924
2021-06-17 09:50:03,7060.95,52924
2021-06-17 09:50:05,7058.05,52980
2021-06-17 09:50:06,7060.75,53001
2021-06-17 09:50:06,7060.0,53110
2021-06-17 09:50:07,7058.15,53212
2021-06-17 09:50:09,7060.15,53262
2021-06-17 09:50:10,7058.45,53263
2021-06-17 09:50:11,7058.45,53263
2021-06-17 09:50:12,7058.65,53344
2021-06-17 09:50:13,7058.4,53356
2021-06-17 09:50:14,7058.4,53356
2021-06-17 09:50:15,7058.4,53356
2021-06-17 09:50:16,7058.55,53391
2021-06-17 09:50:18,7058.55,53403
2021-06-17 09:50:18,7058.55,53403
2021-06-17 09:50:19,7058.55,53403
2021-06-17 09:50:20,7058.15,53404
2021-06-17 09:50:21,7058.55,53569
2021-06-17 09:50:22,7058.5,53605
2021-06-17 09:50:23,7060.0,53637
2021-06-17 09:50:24,7060.0,53637
2021-06-17 09:50:25,7058.15,53648
2021-06-17 09:50:27,7059.4,53670
2021-06-17 09:50:28,7058.1,53676
2021-06-17 09:50:30,7058.0,53689
2021-06-17 09:50:30,7058.0,53689
2021-06-17 09:50:31,7058.95,53743
2021-06-17 09:50:32,7056.5,53747
2021-06-17 09:50:33,7056.4,53757
2021-06-17 09:50:34,7057.95,53775
2021-06-17 09:50:35,7056.0,53827
2021-06-17 09:50:36,7054.0,53963
2021-06-17 09:50:37,7056.1,54028
2021-06-17 09:50:39,7055.0,54069
2021-06-17 09:50:40,7055.0,54099
2021-06-17 09:50:42,7056.0,54106
2021-06-17 09:50:43,7054.1,54109
2021-06-17 09:50:46,7054.0,54146
2021-06-17 09:50:50,7053.25,54318
2021-06-17 09:50:51,7053.25,54334
2021-06-17 09:50:52,7052.9,54351
2021-06-17 09:50:53,7052.85,54364
2021-06-17 09:50:54,7052.85,54381
2021-06-17 09:50:55,7052.85,54381
2021-06-17 09:50:56,7052.85,54381
2021-06-17 09:50:57,7055.35,54386
2021-06-17 09:50:58,7055.4,54416
2021-06-17 09:50:59,7055.4,54416
2021-06-17 09:51:00,7055.4,54416
2021-06-17 09:51:01,7055.45,54421
2021-06-17 09:51:02,7055.0,54432
2021-06-17 09:51:02,7055.0,54432
2021-06-17 09:51:03,7055.0,54432
2021-06-17 09:51:06,7055.45,54439
2021-06-17 09:51:07,7058.05,54444
2021-06-17 09:51:08,7056.3,54446
2021-06-17 09:51:09,7055.45,54450
2021-06-17 09:51:09,7055.45,54450
2021-06-17 09:51:10,7055.45,54450
2021-06-17 09:51:11,7056.0,54500
2021-06-17 09:51:13,7053.0,54787
2021-06-17 09:51:14,7055.25,54800
2021-06-17 09:51:15,7054.0,55018
2021-06-17 09:51:15,7054.0,55018
2021-06-17 09:51:16,7054.0,55066
2021-06-17 09:51:17,7052.55,55106
2021-06-17 09:51:18,7052.5,55134
2021-06-17 09:51:20,7052.3,55147
2021-06-17 09:51:21,7052.0,55264
2021-06-17 09:51:22,7052.45,55269
2021-06-17 09:51:24,7052.4,55381
2021-06-17 09:51:24,7052.4,55381
2021-06-17 09:51:25,7051.45,55383
2021-06-17 09:51:26,7052.35,55430
2021-06-17 09:51:27,7051.15,55431
2021-06-17 09:51:29,7052.4,55432
2021-06-17 09:51:30,7051.1,55440
2021-06-17 09:51:31,7050.0,56939
2021-06-17 09:51:32,7049.0,57050
2021-06-17 09:51:33,7048.95,57127
2021-06-17 09:51:34,7048.95,57159
2021-06-17 09:51:35,7048.95,57176
2021-06-17 09:51:36,7047.3,57356
2021-06-17 09:51:36,7046.0,57357
2021-06-17 09:51:37,7047.25,57424
2021-06-17 09:51:38,7043.1,57672
2021-06-17 09:51:39,7043.25,57785
2021-06-17 09:51:40,7046.4,57888
2021-06-17 09:51:42,7045.15,58071
2021-06-17 09:51:42,7045.2,58046
2021-06-17 09:51:44,7044.25,58115
2021-06-17 09:51:47,7043.85,58478
2021-06-17 09:51:48,7048.2,58521
2021-06-17 09:51:49,7048.2,58547
2021-06-17 09:51:50,7048.25,58636
2021-06-17 09:51:51,7048.25,58636
2021-06-17 09:51:53,7048.25,58636
2021-06-17 09:51:54,7045.95,58789
2021-06-17 09:51:55,7046.85,58815
2021-06-17 09:51:56,7048.95,58917
2021-06-17 09:51:57,7046.35,58938
2021-06-17 09:51:58,7046.35,58938
2021-06-17 09:51:58,7048.3,58943
2021-06-17 09:52:00,7048.95,58991
2021-06-17 09:52:01,7048.95,59011
2021-06-17 09:52:02,7048.95,59064
2021-06-17 09:52:03,7049.0,59091
2021-06-17 09:52:04,7048.95,59111
2021-06-17 09:52:05,7048.95,59178
2021-06-17 09:52:06,7048.95,59188
2021-06-17 09:52:07,7048.95,59199
2021-06-17 09:52:08,7046.85,59274
2021-06-17 09:52:09,7046.1,59419
2021-06-17 09:52:10,7049.0,59531
2021-06-17 09:52:11,7046.1,59570
2021-06-17 09:52:11,7046.1,59573
2021-06-17 09:52:13,7048.95,59574
2021-06-17 09:52:14,7046.0,59656
2021-06-17 09:52:15,7047.6,59661
2021-06-17 09:52:17,7046.0,59680
2021-06-17 09:52:17,7046.0,59680
2021-06-17 09:52:18,7047.3,59681
2021-06-17 09:52:20,7045.65,59718
2021-06-17 09:52:21,7047.1,59721
2021-06-17 09:52:22,7047.3,59736
2021-06-17 09:52:23,7045.9,59742
2021-06-17 09:52:24,7046.1,59781
2021-06-17 09:52:26,7047.3,59798
2021-06-17 09:52:27,7047.3,59807
2021-06-17 09:52:28,7048.0,59922
2021-06-17 09:52:29,7047.3,60006
2021-06-17 09:52:30,7046.5,60116
2021-06-17 09:52:31,7046.5,60160
2021-06-17 09:52:32,7048.95,60168
2021-06-17 09:52:33,7048.95,60168
2021-06-17 09:52:34,7048.55,60218
2021-06-17 09:52:34,7048.55,60218
2021-06-17 09:52:37,7046.7,60224
2021-06-17 09:52:38,7049.0,60252
2021-06-17 09:52:39,7047.25,60258
2021-06-17 09:52:40,7046.55,60260
2021-06-17 09:52:41,7046.55,60260
2021-06-17 09:52:42,7049.35,60283
2021-06-17 09:52:43,7049.35,60286
2021-06-17 09:52:44,7049.0,60321
2021-06-17 09:52:45,7049.0,60321
2021-06-17 09:52:45,7049.0,60321
2021-06-17 09:52:47,7049.35,60323
2021-06-17 09:52:48,7049.35,60323
2021-06-17 09:52:49,7049.7,60373
2021-06-17 09:52:50,7048.95,60385
2021-06-17 09:52:51,7049.7,60390
2021-06-17 09:52:52,7049.7,60393
2021-06-17 09:52:53,7050.0,60423
2021-06-17 09:52:54,7049.95,60429
2021-06-17 09:52:55,7050.0,60541
2021-06-17 09:52:56,7049.7,60560
2021-06-17 09:52:57,7049.7,60563
2021-06-17 09:52:58,7049.7,60596
2021-06-17 09:52:58,7049.7,60597
2021-06-17 09:52:59,7049.7,60597
2021-06-17 09:53:01,7049.9,60608
2021-06-17 09:53:02,7049.9,60609
2021-06-17 09:53:03,7049.9,60610
2021-06-17 09:53:04,7049.7,60612
2021-06-17 09:53:05,7049.7,60612
2021-06-17 09:53:06,7048.75,60626
2021-06-17 09:53:07,7049.9,60640
2021-06-17 09:53:08,7049.7,60647
2021-06-17 09:53:09,7049.7,60647
2021-06-17 09:53:10,7049.7,60647
2021-06-17 09:53:11,7050.0,60671
2021-06-17 09:53:11,7050.0,60671
2021-06-17 09:53:12,7050.0,60671
2021-06-17 09:53:15,7049.9,60712
2021-06-17 09:53:16,7051.2,60827
2021-06-17 09:53:17,7049.9,60865
2021-06-17 09:53:18,7049.9,60865
2021-06-17 09:53:19,7051.0,60868
2021-06-17 09:53:20,7051.0,60868
2021-06-17 09:53:21,7051.0,60868
2021-06-17 09:53:22,7051.0,60868
2021-06-17 09:53:23,7050.0,60870
2021-06-17 09:53:23,7051.45,60875
2021-06-17 09:53:26,7052.45,60943
2021-06-17 09:53:27,7052.45,60943
2021-06-17 09:53:28,7052.45,60943
2021-06-17 09:53:29,7052.45,60943
2021-06-17 09:53:30,7052.45,60944
2021-06-17 09:53:31,7051.1,60951
2021-06-17 09:53:32,7051.1,60951
2021-06-17 09:53:33,7052.45,60952
2021-06-17 09:53:34,7052.45,60954
2021-06-17 09:53:35,7052.45,60965
2021-06-17 09:53:36,7052.45,60972
2021-06-17 09:53:37,7052.45,60974
2021-06-17 09:53:38,7052.45,60974
2021-06-17 09:53:39,7052.45,60974
2021-06-17 09:53:40,7052.45,60974
2021-06-17 09:53:42,7052.9,61136
2021-06-17 09:53:43,7052.9,61136
2021-06-17 09:53:44,7055.9,61137
2021-06-17 09:53:45,7055.9,61137
2021-06-17 09:53:46,7055.9,61138
2021-06-17 09:53:47,7056.0,61528
2021-06-17 09:53:48,7057.35,61628
2021-06-17 09:53:49,7053.0,61728
2021-06-17 09:53:50,7057.15,61764
2021-06-17 09:53:51,7056.3,61784
2021-06-17 09:53:52,7056.0,61895
2021-06-17 09:53:53,7058.1,62055
2021-06-17 09:53:54,7056.0,62082
2021-06-17 09:53:55,7056.0,62107
2021-06-17 09:53:57,7056.0,62115
2021-06-17 09:53:56,7056.0,62115
2021-06-17 09:53:58,7056.0,62115
2021-06-17 09:53:59,7056.3,62120
2021-06-17 09:54:00,7056.3,62161
2021-06-17 09:54:01,7056.3,62312
2021-06-17 09:54:02,7056.0,62342
2021-06-17 09:54:03,7056.0,62342
2021-06-17 09:54:04,7056.0,62344
2021-06-17 09:54:05,7056.0,62344
2021-06-17 09:54:06,7056.0,62444
2021-06-17 09:54:07,7056.0,62465
2021-06-17 09:54:08,7053.4,62485
2021-06-17 09:54:09,7053.8,62510
2021-06-17 09:54:10,7053.35,62575
2021-06-17 09:54:11,7053.0,62585
2021-06-17 09:54:12,7053.0,62585
2021-06-17 09:54:13,7056.3,62644
2021-06-17 09:54:14,7055.3,62667
2021-06-17 09:54:16,7055.3,62675
2021-06-17 09:54:17,7056.3,62685
2021-06-17 09:54:18,7056.3,62686
2021-06-17 09:54:19,7052.8,62786
2021-06-17 09:54:20,7053.2,62806
2021-06-17 09:54:21,7052.5,62831
2021-06-17 09:54:23,7054.0,62846
2021-06-17 09:54:24,7055.5,62859
2021-06-17 09:54:25,7055.5,62859
2021-06-17 09:54:26,7053.25,62869
2021-06-17 09:54:27,7053.25,62869
2021-06-17 09:54:28,7055.5,62875
2021-06-17 09:54:29,7055.55,62888
2021-06-17 09:54:31,7055.55,62888
2021-06-17 09:54:32,7055.55,62888
2021-06-17 09:54:33,7055.55,62888
2021-06-17 09:54:34,7055.65,62890
2021-06-17 09:54:35,7055.65,62891
2021-06-17 09:54:36,7056.3,62955
2021-06-17 09:54:37,7055.65,62973
2021-06-17 09:54:38,7055.5,62978
2021-06-17 09:54:39,7054.3,62994
2021-06-17 09:54:40,7058.4,63010
2021-06-17 09:54:41,7057.0,63015
2021-06-17 09:54:42,7058.5,63016
2021-06-17 09:54:43,7058.5,63016
2021-06-17 09:54:45,7057.5,63022
2021-06-17 09:54:44,7057.5,63022
2021-06-17 09:54:46,7059.9,63054
2021-06-17 09:54:47,7062.4,63252
2021-06-17 09:54:48,7061.25,63294
2021-06-17 09:54:49,7061.25,63294
2021-06-17 09:54:50,7063.25,63296
2021-06-17 09:54:51,7063.25,63296
2021-06-17 09:54:52,7064.95,63308
2021-06-17 09:54:53,7060.9,63312
2021-06-17 09:54:54,7060.9,63312
2021-06-17 09:54:55,7060.55,63320
2021-06-17 09:54:56,7060.55,63320
2021-06-17 09:54:57,7060.55,63320
2021-06-17 09:54:58,7060.55,63320
2021-06-17 09:54:59,7061.9,63328
2021-06-17 09:55:00,7063.0,63399
2021-06-17 09:55:01,7061.85,63416
2021-06-17 09:55:02,7061.0,63426
2021-06-17 09:55:03,7061.0,63426
2021-06-17 09:55:04,7061.8,63427
2021-06-17 09:55:05,7061.8,63427
2021-06-17 09:55:07,7063.0,63576
2021-06-17 09:55:08,7060.0,63607
2021-06-17 09:55:09,7062.95,63627
2021-06-17 09:55:10,7062.95,63627
2021-06-17 09:55:11,7061.35,63632
2021-06-17 09:55:12,7061.35,63632
2021-06-17 09:55:13,7060.0,63645
2021-06-17 09:55:14,7061.9,63670
2021-06-17 09:55:15,7060.0,63725
2021-06-17 09:55:16,7060.0,63730
2021-06-17 09:55:17,7060.0,63730
2021-06-17 09:55:18,7060.0,63730
2021-06-17 09:55:19,7060.0,63816
2021-06-17 09:55:20,7060.3,63817
2021-06-17 09:55:21,7060.3,63817
2021-06-17 09:55:22,7061.25,63828
2021-06-17 09:55:24,7061.25,63828
2021-06-17 09:55:26,7060.9,63832
2021-06-17 09:55:27,7060.9,63832
2021-06-17 09:55:28,7061.4,63973
2021-06-17 09:55:30,7060.0,63985
2021-06-17 09:55:31,7060.0,63985
2021-06-17 09:55:32,7060.0,63985
2021-06-17 09:55:33,7061.25,63990
2021-06-17 09:55:35,7059.0,64042
2021-06-17 09:55:36,7056.5,64072
2021-06-17 09:55:37,7056.45,64081
2021-06-17 09:55:38,7056.45,64081
2021-06-17 09:55:39,7058.45,64101
2021-06-17 09:55:41,7058.3,64103
2021-06-17 09:55:42,7058.3,64103
2021-06-17 09:55:43,7058.3,64103
2021-06-17 09:55:44,7058.3,64103
2021-06-17 09:55:45,7058.3,64103
2021-06-17 09:55:46,7056.7,64111
2021-06-17 09:55:47,7058.05,64116
2021-06-17 09:55:49,7058.05,64124
2021-06-17 09:55:50,7058.05,64135
2021-06-17 09:55:51,7058.05,64135
2021-06-17 09:55:52,7058.05,64135
2021-06-17 09:55:53,7058.05,64135
2021-06-17 09:55:54,7058.05,64135
2021-06-17 09:55:56,7059.0,64144
2021-06-17 09:55:56,7059.0,64140
2021-06-17 09:55:58,7059.0,64144
2021-06-17 09:56:00,7058.3,64159
2021-06-17 09:56:01,7059.95,64164
2021-06-17 09:56:02,7059.95,64164
2021-06-17 09:56:03,7059.95,64164
2021-06-17 09:56:04,7059.0,64168
2021-06-17 09:56:05,7059.0,64168
2021-06-17 09:56:06,7058.3,64175
2021-06-17 09:56:07,7058.3,64177
2021-06-17 09:56:08,7058.3,64177
2021-06-17 09:56:09,7058.3,64177
2021-06-17 09:56:10,7058.95,64189
2021-06-17 09:56:11,7058.95,64190
2021-06-17 09:56:13,7058.95,64190
2021-06-17 09:56:13,7058.95,64190
2021-06-17 09:56:14,7059.0,64214
2021-06-17 09:56:15,7059.0,64214
2021-06-17 09:56:16,7059.0,64219
2021-06-17 09:56:17,7059.0,64220
2021-06-17 09:56:18,7058.05,64245
2021-06-17 09:56:19,7058.3,64250
2021-06-17 09:56:20,7058.05,64264
2021-06-17 09:56:21,7058.05,64264
2021-06-17 09:56:23,7058.05,64264
2021-06-17 09:56:23,7058.05,64264
2021-06-17 09:56:24,7058.05,64264
2021-06-17 09:56:25,7059.1,64282
2021-06-17 09:56:26,7058.05,64649
2021-06-17 09:56:27,7058.5,64730
2021-06-17 09:56:28,7058.5,64730
2021-06-17 09:56:29,7056.5,64742
2021-06-17 09:56:30,7058.1,64748
2021-06-17 09:56:31,7058.5,64948
2021-06-17 09:56:32,7058.5,64948
2021-06-17 09:56:33,7057.95,64951
2021-06-17 09:56:34,7057.0,64957
2021-06-17 09:56:35,7057.0,64957
2021-06-17 09:56:37,7057.0,64957
2021-06-17 09:56:37,7057.0,64957
2021-06-17 09:56:38,7057.0,64962
2021-06-17 09:56:39,7056.0,64983
2021-06-17 09:56:41,7057.0,64986
2021-06-17 09:56:42,7057.0,64986
2021-06-17 09:56:43,7057.0,64996
2021-06-17 09:56:44,7056.5,65007
2021-06-17 09:56:45,7056.5,65007
2021-06-17 09:56:46,7056.5,65109
2021-06-17 09:56:48,7056.45,65119
2021-06-17 09:56:48,7056.45,65119
2021-06-17 09:56:49,7056.45,65119
2021-06-17 09:56:50,7056.0,65157
2021-06-17 09:56:51,7056.0,65157
2021-06-17 09:56:53,7056.45,65158
2021-06-17 09:56:53,7056.0,65169
2021-06-17 09:56:54,7056.0,65179
2021-06-17 09:56:55,7056.0,65179
2021-06-17 09:56:56,7056.0,65179
2021-06-17 09:56:57,7056.45,65184
2021-06-17 09:56:59,7057.0,65341
2021-06-17 09:56:59,7061.05,65443
2021-06-17 09:57:01,7061.05,65443
2021-06-17 09:57:01,7061.05,65443
2021-06-17 09:57:02,7061.05,65443
2021-06-17 09:57:03,7061.05,65443
2021-06-17 09:57:04,7059.1,65449
2021-06-17 09:57:05,7059.1,65452
2021-06-17 09:57:08,7059.1,65453
2021-06-17 09:57:08,7059.1,65453
2021-06-17 09:57:09,7059.1,65453
2021-06-17 09:57:10,7057.2,65467
2021-06-17 09:57:11,7057.2,65467
2021-06-17 09:57:12,7059.1,65830
2021-06-17 09:57:13,7057.2,65853
2021-06-17 09:57:14,7057.2,65925
2021-06-17 09:57:15,7057.2,65926
2021-06-17 09:57:16,7057.2,66086
2021-06-17 09:57:17,7056.45,66189
2021-06-17 09:57:18,7059.3,66219
2021-06-17 09:57:19,7059.3,66219
2021-06-17 09:57:20,7057.2,66224
2021-06-17 09:57:21,7057.2,66224
2021-06-17 09:57:22,7057.2,66243
2021-06-17 09:57:23,7056.9,66246
2021-06-17 09:57:24,7057.2,66255
2021-06-17 09:57:25,7057.2,66255
2021-06-17 09:57:26,7057.2,66270
2021-06-17 09:57:28,7057.2,66270
2021-06-17 09:57:28,7057.2,66270
2021-06-17 09:57:29,7057.8,66271
2021-06-17 09:57:30,7061.0,66496
2021-06-17 09:57:31,7061.0,66496
2021-06-17 09:57:32,7062.6,66526
2021-06-17 09:57:33,7062.6,66536
2021-06-17 09:57:34,7062.6,66536
2021-06-17 09:57:35,7062.6,66536
2021-06-17 09:57:36,7062.6,66536
2021-06-17 09:57:38,7062.6,66539
2021-06-17 09:57:39,7062.3,66540
2021-06-17 09:57:40,7062.6,66542
2021-06-17 09:57:40,7062.6,66542
2021-06-17 09:57:41,7062.6,66542
2021-06-17 09:57:42,7062.6,66563
2021-06-17 09:57:43,7063.75,66567
2021-06-17 09:57:44,7063.75,66567
2021-06-17 09:57:45,7063.75,66567
2021-06-17 09:57:46,7063.75,66567
2021-06-17 09:57:47,7064.05,66568
2021-06-17 09:57:48,7064.05,66568
2021-06-17 09:57:49,7065.2,66606
2021-06-17 09:57:50,7065.2,66606
2021-06-17 09:57:52,7065.2,66606
2021-06-17 09:57:52,7065.2,66606
2021-06-17 09:57:53,7063.9,66607
2021-06-17 09:57:54,7063.75,66610
2021-06-17 09:57:55,7063.75,66610
2021-06-17 09:57:57,7063.9,66615
2021-06-17 09:57:58,7063.9,66620
2021-06-17 09:57:58,7063.9,66620
2021-06-17 09:57:59,7063.9,66620
2021-06-17 09:58:00,7062.65,66622
2021-06-17 09:58:01,7062.65,66622
2021-06-17 09:58:03,7062.65,66622
2021-06-17 09:58:04,7062.65,66622
2021-06-17 09:58:05,7062.65,66629
2021-06-17 09:58:06,7063.2,66630
2021-06-17 09:58:07,7063.2,66632
2021-06-17 09:58:08,7063.9,66635
2021-06-17 09:58:09,7063.9,66635
2021-06-17 09:58:10,7063.9,66670
2021-06-17 09:58:11,7065.0,66785
2021-06-17 09:58:11,7065.5,66955
2021-06-17 09:58:12,7065.9,66956
2021-06-17 09:58:13,7065.15,67117
2021-06-17 09:58:14,7067.25,67164
2021-06-17 09:58:16,7065.15,67168
2021-06-17 09:58:17,7065.15,67168
2021-06-17 09:58:18,7065.15,67188
2021-06-17 09:58:19,7065.15,67192
2021-06-17 09:58:19,7065.15,67192
2021-06-17 09:58:20,7065.15,67196
2021-06-17 09:58:21,7067.0,67208
2021-06-17 09:58:22,7065.15,67214
2021-06-17 09:58:24,7065.15,67227
2021-06-17 09:58:25,7065.15,67228
2021-06-17 09:58:27,7065.15,67291
2021-06-17 09:58:27,7065.15,67291
2021-06-17 09:58:28,7065.15,67291
2021-06-17 09:58:29,7065.15,67292
2021-06-17 09:58:30,7067.0,67433
2021-06-17 09:58:31,7067.0,67433
2021-06-17 09:58:33,7065.15,67444
2021-06-17 09:58:34,7065.15,67446
2021-06-17 09:58:36,7065.15,67454
2021-06-17 09:58:36,7065.15,67454
2021-06-17 09:58:37,7067.0,67455
2021-06-17 09:58:38,7067.0,67455
2021-06-17 09:58:39,7067.0,67455
2021-06-17 09:58:40,7065.15,67456
2021-06-17 09:58:41,7065.15,67456
2021-06-17 09:58:42,7065.15,67456
2021-06-17 09:58:44,7065.15,67456
2021-06-17 09:58:45,7061.4,68165
2021-06-17 09:58:45,7061.4,68165
2021-06-17 09:58:46,7061.5,68201
2021-06-17 09:58:47,7061.55,68202
2021-06-17 09:58:48,7061.5,68207
2021-06-17 09:58:49,7059.0,68220
2021-06-17 09:58:50,7059.5,68253
2021-06-17 09:58:52,7059.5,68253
2021-06-17 09:58:53,7058.5,68269
2021-06-17 09:58:54,7060.4,68271
2021-06-17 09:58:55,7058.0,68288
2021-06-17 09:58:56,7057.75,68304
2021-06-17 09:58:57,7057.75,68377
2021-06-17 09:58:58,7057.5,68381
2021-06-17 09:58:59,7059.1,68633
2021-06-17 09:58:59,7058.5,68565
2021-06-17 09:59:00,7059.2,68634
2021-06-17 09:59:01,7059.2,68635
2021-06-17 09:59:02,7059.2,68779
2021-06-17 09:59:03,7059.1,68795
2021-06-17 09:59:04,7059.1,68795
2021-06-17 09:59:05,7059.2,68805
2021-06-17 09:59:06,7059.2,68805
2021-06-17 09:59:07,7059.2,68805
2021-06-17 09:59:08,7059.2,68826
2021-06-17 09:59:09,7059.2,68826
2021-06-17 09:59:10,7059.2,68836
2021-06-17 09:59:11,7059.15,68837
2021-06-17 09:59:12,7059.15,68838
2021-06-17 09:59:13,7059.15,68838
2021-06-17 09:59:15,7059.15,68838
2021-06-17 09:59:16,7058.0,68841
2021-06-17 09:59:17,7059.15,68859
2021-06-17 09:59:18,7060.0,68892
2021-06-17 09:59:19,7060.0,68894
2021-06-17 09:59:20,7060.0,68894
2021-06-17 09:59:21,7060.0,68894
2021-06-17 09:59:22,7061.25,68907
2021-06-17 09:59:23,7060.2,68918
2021-06-17 09:59:23,7060.2,68918
2021-06-17 09:59:24,7060.2,68918
2021-06-17 09:59:25,7060.2,68923
2021-06-17 09:59:26,7060.2,68923
2021-06-17 09:59:27,7060.2,68928
2021-06-17 09:59:28,7061.25,68942
2021-06-17 09:59:29,7061.25,68948
2021-06-17 09:59:30,7061.25,68948
2021-06-17 09:59:31,7061.25,68948
2021-06-17 09:59:33,7061.25,68948
2021-06-17 09:59:33,7061.25,68948
2021-06-17 09:59:34,7061.25,68948
2021-06-17 09:59:35,7061.25,68953
2021-06-17 09:59:36,7061.25,68970
2021-06-17 09:59:38,7061.05,69000
2021-06-17 09:59:39,7061.25,69003
2021-06-17 09:59:39,7061.25,69003
2021-06-17 09:59:40,7061.25,69008
2021-06-17 09:59:41,7061.25,69026
2021-06-17 09:59:42,7061.25,69026
2021-06-17 09:59:43,7061.25,69026
2021-06-17 09:59:44,7061.25,69026
2021-06-17 09:59:46,7061.1,69034
2021-06-17 09:59:46,7061.1,69034
2021-06-17 09:59:47,7061.1,69034
2021-06-17 09:59:49,7062.95,69045
2021-06-17 09:59:50,7062.95,69045
2021-06-17 09:59:51,7062.95,69046
2021-06-17 09:59:53,7064.05,69147
2021-06-17 09:59:54,7063.1,69148
2021-06-17 09:59:55,7063.0,69149
2021-06-17 09:59:55,7063.0,69149
2021-06-17 09:59:56,7063.0,69149
2021-06-17 09:59:57,7063.0,69155
2021-06-17 09:59:58,7063.0,69155
2021-06-17 10:00:01,7063.0,69155
2021-06-17 10:00:02,7063.0,69156
2021-06-17 10:00:03,7063.0,69182
2021-06-17 10:00:03,7063.0,69164
2021-06-17 10:00:04,7063.0,69182
2021-06-17 10:00:05,7062.3,69187
2021-06-17 10:00:06,7062.3,69187
2021-06-17 10:00:07,7062.3,69187
2021-06-17 10:00:08,7062.3,69187
2021-06-17 10:00:09,7062.3,69187
2021-06-17 10:00:11,7064.5,69188
2021-06-17 10:00:12,7065.0,69190
2021-06-17 10:00:13,7065.0,69193
2021-06-17 10:00:14,7065.05,69204
2021-06-17 10:00:15,7065.05,69204
2021-06-17 10:00:16,7066.0,69209
2021-06-17 10:00:17,7067.0,69220
2021-06-17 10:00:17,7067.0,69220
2021-06-17 10:00:18,7066.1,69769
2021-06-17 10:00:19,7066.1,69769
2021-06-17 10:00:20,7067.5,69770
2021-06-17 10:00:22,7067.5,69770
2021-06-17 10:00:23,7067.5,69774
2021-06-17 10:00:24,7067.5,69774
2021-06-17 10:00:25,7067.5,69774
2021-06-17 10:00:27,7067.5,69774
2021-06-17 10:00:28,7067.5,69774
2021-06-17 10:00:29,7066.0,69775
2021-06-17 10:00:29,7065.95,69776
2021-06-17 10:00:30,7065.95,69776
2021-06-17 10:00:32,7065.95,69804
2021-06-17 10:00:33,7068.0,69862
2021-06-17 10:00:34,7068.0,69862
2021-06-17 10:00:35,7066.0,69878
2021-06-17 10:00:36,7068.5,69898
2021-06-17 10:00:37,7068.5,69898
2021-06-17 10:00:38,7068.7,69910
2021-06-17 10:00:40,7065.95,69915
2021-06-17 10:00:41,7068.65,69918
2021-06-17 10:00:43,7065.95,69929
2021-06-17 10:00:43,7065.95,69929
2021-06-17 10:00:44,7065.95,69932
2021-06-17 10:00:45,7065.95,69935
2021-06-17 10:00:47,7066.0,70047
2021-06-17 10:00:48,7066.0,70047
2021-06-17 10:00:49,7066.0,70063
2021-06-17 10:00:49,7066.0,70061
2021-06-17 10:00:50,7068.15,70064
2021-06-17 10:00:51,7065.95,70073
2021-06-17 10:00:53,7065.95,70075
2021-06-17 10:00:54,7065.95,70075
2021-06-17 10:00:55,7067.35,70127
2021-06-17 10:00:55,7067.35,70127
2021-06-17 10:00:57,7065.95,70153
2021-06-17 10:00:57,7065.95,70153
2021-06-17 10:00:58,7065.95,70157
2021-06-17 10:00:59,7065.95,70157
2021-06-17 10:01:00,7067.35,70216
2021-06-17 10:01:01,7067.35,70217
2021-06-17 10:01:02,7065.95,70222
2021-06-17 10:01:03,7065.15,70419
2021-06-17 10:01:05,7067.35,70444
2021-06-17 10:01:06,7067.35,70444
2021-06-17 10:01:07,7067.35,70449
2021-06-17 10:01:08,7065.85,70453
2021-06-17 10:01:08,7065.85,70453
2021-06-17 10:01:09,7065.85,70453
2021-06-17 10:01:10,7065.85,70458
2021-06-17 10:01:12,7065.95,70468
2021-06-17 10:01:13,7065.95,70472
2021-06-17 10:01:14,7065.95,70472
2021-06-17 10:01:15,7065.95,70474
2021-06-17 10:01:16,7065.0,70475
2021-06-17 10:01:17,7065.95,70476
2021-06-17 10:01:18,7067.35,70538
2021-06-17 10:01:19,7073.4,71129
2021-06-17 10:01:21,7074.65,71236
2021-06-17 10:01:22,7072.1,71246
2021-06-17 10:01:23,7072.1,71246
2021-06-17 10:01:23,7071.7,71262
2021-06-17 10:01:25,7071.35,71532
2021-06-17 10:01:27,7070.0,71535
2021-06-17 10:01:28,7069.3,71547
2021-06-17 10:01:29,7068.15,71621
2021-06-17 10:01:30,7068.15,71632
2021-06-17 10:01:30,7070.0,71663
2021-06-17 10:01:31,7070.0,71663
2021-06-17 10:01:33,7070.0,71663
2021-06-17 10:01:34,7070.2,71730
2021-06-17 10:01:35,7068.0,71746
2021-06-17 10:01:36,7070.2,71748
2021-06-17 10:01:37,7070.2,71785
2021-06-17 10:01:37,7070.2,71785
2021-06-17 10:01:38,7070.25,71860
2021-06-17 10:01:40,7070.5,71971
2021-06-17 10:01:42,7070.25,71995
2021-06-17 10:01:43,7070.5,71999
2021-06-17 10:01:44,7070.5,71999
2021-06-17 10:01:45,7070.25,72031
2021-06-17 10:01:46,7072.0,72068
2021-06-17 10:01:47,7072.0,72077
2021-06-17 10:01:48,7072.0,72077
2021-06-17 10:01:48,7072.0,72077
2021-06-17 10:01:49,7072.0,72078
2021-06-17 10:01:50,7072.95,72082
2021-06-17 10:01:51,7072.95,72082
2021-06-17 10:01:53,7072.95,72082
2021-06-17 10:01:54,7072.0,72084
2021-06-17 10:01:55,7072.7,72087
2021-06-17 10:01:57,7072.7,72087
2021-06-17 10:01:58,7072.0,72089
2021-06-17 10:02:00,7072.65,72095
2021-06-17 10:02:01,7072.0,72104
2021-06-17 10:02:02,7072.0,72116
2021-06-17 10:02:03,7072.0,72125
2021-06-17 10:02:04,7072.95,72180
2021-06-17 10:02:05,7072.95,72180
2021-06-17 10:02:06,7072.9,72182
2021-06-17 10:02:08,7072.0,72195
2021-06-17 10:02:09,7072.0,72195
2021-06-17 10:02:11,7072.0,72228
2021-06-17 10:02:12,7072.7,72297
2021-06-17 10:02:12,7072.0,72299
2021-06-17 10:02:13,7072.0,72350
2021-06-17 10:02:15,7072.0,72367
2021-06-17 10:02:16,7072.0,72370
2021-06-17 10:02:18,7072.7,72378
2021-06-17 10:02:19,7072.65,72380
2021-06-17 10:02:20,7072.65,72380
2021-06-17 10:02:21,7072.65,72380
2021-06-17 10:02:23,7072.65,72380
2021-06-17 10:02:24,7074.0,72470
2021-06-17 10:02:25,7074.0,72495
2021-06-17 10:02:26,7074.2,72496
2021-06-17 10:02:27,7074.2,72496
2021-06-17 10:02:28,7074.0,72528
2021-06-17 10:02:29,7074.0,72538
2021-06-17 10:02:30,7074.0,72544
2021-06-17 10:02:31,7074.4,72545
2021-06-17 10:02:32,7074.4,72546
2021-06-17 10:02:34,7074.4,72553
2021-06-17 10:02:35,7074.4,72553
2021-06-17 10:02:36,7074.4,72553
2021-06-17 10:02:37,7074.35,72554
2021-06-17 10:02:40,7074.35,72556
2021-06-17 10:02:41,7074.0,72611
2021-06-17 10:02:42,7073.9,72613
2021-06-17 10:02:43,7072.35,72614
2021-06-17 10:02:44,7072.35,72614
2021-06-17 10:02:45,7072.35,72614
2021-06-17 10:02:46,7072.35,72614
2021-06-17 10:02:47,7069.95,72819
2021-06-17 10:02:48,7069.95,72819
2021-06-17 10:02:49,7068.7,72827
2021-06-17 10:02:50,7068.7,72839
2021-06-17 10:02:51,7068.7,72856
2021-06-17 10:02:52,7068.0,72872
2021-06-17 10:02:53,7066.0,72896
2021-06-17 10:02:54,7067.6,72898
2021-06-17 10:02:55,7066.65,72939
2021-06-17 10:02:56,7066.65,72939
2021-06-17 10:02:57,7066.65,72939
2021-06-17 10:02:58,7066.3,72940
2021-06-17 10:02:59,7066.3,72941
2021-06-17 10:03:01,7072.6,73124
2021-06-17 10:03:02,7067.55,73153
2021-06-17 10:03:03,7067.55,73153
2021-06-17 10:03:04,7068.5,73175
2021-06-17 10:03:05,7068.5,73175
2021-06-17 10:03:07,7071.4,73213
2021-06-17 10:03:07,7068.65,73211
2021-06-17 10:03:08,7071.0,73214
2021-06-17 10:03:09,7072.9,73215
2021-06-17 10:03:10,7072.9,73215
2021-06-17 10:03:12,7069.7,73216
2021-06-17 10:03:14,7069.7,73216
2021-06-17 10:03:15,7069.7,73216
2021-06-17 10:03:16,7069.7,73226
2021-06-17 10:03:18,7068.65,73335
2021-06-17 10:03:18,7068.65,73335
2021-06-17 10:03:19,7072.7,73355
2021-06-17 10:03:21,7069.9,73374
2021-06-17 10:03:22,7069.9,73374
2021-06-17 10:03:23,7072.05,73390
2021-06-17 10:03:24,7072.05,73390
2021-06-17 10:03:25,7072.05,73390
2021-06-17 10:03:26,7069.2,73400
2021-06-17 10:03:27,7069.9,73439
2021-06-17 10:03:28,7070.0,73441
2021-06-17 10:03:30,7070.0,73442
2021-06-17 10:03:31,7070.0,73442
2021-06-17 10:03:32,7070.0,73442
2021-06-17 10:03:32,7070.0,73442
2021-06-17 10:03:33,7070.0,73442
2021-06-17 10:03:34,7070.7,73452
2021-06-17 10:03:36,7070.7,73452
2021-06-17 10:03:37,7070.7,73452
2021-06-17 10:03:38,7070.7,73452
2021-06-17 10:03:39,7070.7,73452
2021-06-17 10:03:40,7070.0,73454
2021-06-17 10:03:42,7070.7,73456
2021-06-17 10:03:43,7070.7,73456
2021-06-17 10:03:44,7070.7,73456
2021-06-17 10:03:45,7070.7,73458
2021-06-17 10:03:46,7070.7,73463
2021-06-17 10:03:48,7070.7,73465
2021-06-17 10:03:49,7070.7,73465
2021-06-17 10:03:50,7070.7,73472
2021-06-17 10:03:50,7070.7,73472
2021-06-17 10:03:51,7070.0,73477
2021-06-17 10:03:53,7070.7,73489
2021-06-17 10:03:54,7070.7,73489
2021-06-17 10:03:55,7070.7,73489
2021-06-17 10:03:56,7070.7,73489
2021-06-17 10:03:57,7070.7,73489
2021-06-17 10:03:58,7070.7,73489
2021-06-17 10:03:59,7070.7,73504
2021-06-17 10:04:00,7070.7,73508
2021-06-17 10:04:01,7070.7,73508
2021-06-17 10:04:02,7070.7,73508
2021-06-17 10:04:03,7070.7,73508
2021-06-17 10:04:04,7070.0,73778
2021-06-17 10:04:05,7069.9,73796
2021-06-17 10:04:06,7069.95,73844
2021-06-17 10:04:06,7069.95,73844
2021-06-17 10:04:07,7069.95,73844
2021-06-17 10:04:10,7069.95,73844
2021-06-17 10:04:11,7069.95,73854
2021-06-17 10:04:12,7069.95,73854
2021-06-17 10:04:13,7069.95,73864
2021-06-17 10:04:14,7069.95,73864
2021-06-17 10:04:15,7069.9,73926
2021-06-17 10:04:16,7069.95,73976
2021-06-17 10:04:17,7069.95,73991
2021-06-17 10:04:18,7069.95,74001
2021-06-17 10:04:19,7069.95,74001
2021-06-17 10:04:20,7069.95,74001
2021-06-17 10:04:21,7069.95,74001
2021-06-17 10:04:22,7069.95,74001
2021-06-17 10:04:23,7069.95,74001
2021-06-17 10:04:24,7069.95,74001
2021-06-17 10:04:25,7069.95,74003
2021-06-17 10:04:26,7070.65,74004
2021-06-17 10:04:27,7070.65,74004
2021-06-17 10:04:28,7070.65,74004
2021-06-17 10:04:29,7070.65,74004
2021-06-17 10:04:30,7070.65,74004
2021-06-17 10:04:31,7070.65,74004
2021-06-17 10:04:32,7070.65,74004
2021-06-17 10:04:33,7070.65,74004
2021-06-17 10:04:34,7070.65,74004
2021-06-17 10:04:35,7070.65,74004
2021-06-17 10:04:36,7070.65,74004
2021-06-17 10:04:37,7070.7,74011
2021-06-17 10:04:38,7070.7,74011
2021-06-17 10:04:39,7070.7,74011
2021-06-17 10:04:40,7070.65,74012
2021-06-17 10:04:42,7070.65,74015
2021-06-17 10:04:43,7070.65,74015
2021-06-17 10:04:44,7070.65,74015
2021-06-17 10:04:45,7070.65,74015
2021-06-17 10:04:47,7070.65,74017
2021-06-17 10:04:48,7070.65,74017
2021-06-17 10:04:49,7070.65,74017
2021-06-17 10:04:50,7070.65,74017
2021-06-17 10:04:51,7070.65,74017
2021-06-17 10:04:52,7070.65,74019
2021-06-17 10:04:53,7070.6,74027
2021-06-17 10:04:54,7070.6,74032
2021-06-17 10:04:55,7070.6,74032
2021-06-17 10:04:56,7069.0,74158
2021-06-17 10:04:57,7068.25,74160
2021-06-17 10:04:58,7066.55,74172
2021-06-17 10:04:59,7067.9,74174
2021-06-17 10:05:00,7068.6,74197
2021-06-17 10:05:01,7066.5,74201
2021-06-17 10:05:02,7068.6,74226
2021-06-17 10:05:03,7067.5,74236
2021-06-17 10:05:04,7066.0,74269
2021-06-17 10:05:05,7066.0,74270
2021-06-17 10:05:06,7066.0,74270
2021-06-17 10:05:07,7066.0,74270
2021-06-17 10:05:08,7065.15,74339
2021-06-17 10:05:09,7065.15,74339
2021-06-17 10:05:10,7065.15,74339
2021-06-17 10:05:11,7065.15,74339
2021-06-17 10:05:12,7065.15,74339
2021-06-17 10:05:13,7065.15,74339
2021-06-17 10:05:14,7065.0,74849
2021-06-17 10:05:15,7065.0,74849
2021-06-17 10:05:16,7065.0,74852
2021-06-17 10:05:17,7065.0,74852
2021-06-17 10:05:18,7065.0,74852
2021-06-17 10:05:19,7065.0,74852
2021-06-17 10:05:20,7065.0,74852
2021-06-17 10:05:21,7066.1,74925
2021-06-17 10:05:22,7066.5,74936
2021-06-17 10:05:23,7066.1,74937
2021-06-17 10:05:24,7066.1,74942
2021-06-17 10:05:25,7066.1,74944
2021-06-17 10:05:26,7066.1,74944
2021-06-17 10:05:27,7066.1,74944
2021-06-17 10:05:28,7066.1,74944
2021-06-17 10:05:29,7066.1,74944
2021-06-17 10:05:30,7066.1,74949
2021-06-17 10:05:31,7066.1,74949
2021-06-17 10:05:32,7066.1,74949
2021-06-17 10:05:34,7065.85,74973
2021-06-17 10:05:35,7065.15,74988
2021-06-17 10:05:36,7065.15,74988
2021-06-17 10:05:37,7064.5,75027
2021-06-17 10:05:38,7064.5,75121
2021-06-17 10:05:39,7064.5,75124
2021-06-17 10:05:40,7064.0,75253
2021-06-17 10:05:41,7064.0,75291
2021-06-17 10:05:42,7065.75,75303
2021-06-17 10:05:43,7064.0,75305
2021-06-17 10:05:44,7065.8,75308
2021-06-17 10:05:45,7065.8,75308
2021-06-17 10:05:46,7065.85,75342
2021-06-17 10:05:47,7065.85,75342
2021-06-17 10:05:48,7065.85,75342
2021-06-17 10:05:49,7066.0,75366
2021-06-17 10:05:50,7066.0,75386
2021-06-17 10:05:51,7066.0,75387
2021-06-17 10:05:52,7066.0,75387
2021-06-17 10:05:54,7066.5,75439
2021-06-17 10:05:56,7064.0,75460
2021-06-17 10:05:57,7064.0,75465
2021-06-17 10:05:58,7064.0,75465
2021-06-17 10:05:59,7064.0,75471
2021-06-17 10:06:00,7064.0,75485
2021-06-17 10:06:01,7064.0,75485
2021-06-17 10:06:02,7064.0,75486
2021-06-17 10:06:03,7064.0,75486
2021-06-17 10:06:04,7063.85,76063
2021-06-17 10:06:05,7060.6,76069
2021-06-17 10:06:06,7060.6,76069
2021-06-17 10:06:07,7060.6,76069
2021-06-17 10:06:08,7060.6,76069
2021-06-17 10:06:10,7061.55,76094
2021-06-17 10:06:11,7061.55,76094
2021-06-17 10:06:13,7060.5,76175
2021-06-17 10:06:15,7060.5,76182
2021-06-17 10:06:14,7060.5,76182
2021-06-17 10:06:16,7060.5,76182
2021-06-17 10:06:17,7060.5,76194
2021-06-17 10:06:18,7060.5,76194
2021-06-17 10:06:19,7060.5,76194
2021-06-17 10:06:21,7060.5,76194
2021-06-17 10:06:23,7060.5,76194
2021-06-17 10:06:23,7060.5,76194
2021-06-17 10:06:24,7060.5,76194
2021-06-17 10:06:26,7060.6,76195
2021-06-17 10:06:27,7060.6,76195
2021-06-17 10:06:28,7060.6,76195
2021-06-17 10:06:30,7062.15,76203
2021-06-17 10:06:31,7062.15,76203
2021-06-17 10:06:32,7062.15,76203
2021-06-17 10:06:34,7062.15,76203
2021-06-17 10:06:35,7062.15,76203
2021-06-17 10:06:36,7062.15,76204
2021-06-17 10:06:37,7060.6,76205
2021-06-17 10:06:38,7060.6,76205
2021-06-17 10:06:39,7060.6,76205
2021-06-17 10:06:40,7060.6,76205
2021-06-17 10:06:41,7062.15,76219
2021-06-17 10:06:43,7062.15,76219
2021-06-17 10:06:44,7062.15,76219
2021-06-17 10:06:45,7062.2,76220
2021-06-17 10:06:46,7062.15,76221
2021-06-17 10:06:47,7062.15,76221
2021-06-17 10:06:48,7062.15,76221
2021-06-17 10:06:49,7062.15,76221
2021-06-17 10:06:50,7062.15,76231
2021-06-17 10:06:51,7062.15,76231
2021-06-17 10:06:52,7062.15,76231
2021-06-17 10:06:53,7062.15,76275
2021-06-17 10:06:54,7062.2,76276
2021-06-17 10:06:55,7062.2,76276
2021-06-17 10:06:56,7062.2,76280
2021-06-17 10:06:57,7062.2,76282
2021-06-17 10:06:58,7062.2,76282
2021-06-17 10:06:59,7062.2,76282
2021-06-17 10:07:00,7062.2,76282
2021-06-17 10:07:03,7062.15,76287
2021-06-17 10:07:04,7062.15,76288
2021-06-17 10:07:05,7062.2,76298
2021-06-17 10:07:06,7062.15,76306
2021-06-17 10:07:07,7062.15,76306
2021-06-17 10:07:08,7062.15,76341
2021-06-17 10:07:10,7062.15,76342
2021-06-17 10:07:10,7062.15,76342
2021-06-17 10:07:11,7062.15,76342
2021-06-17 10:07:12,7062.2,76360
2021-06-17 10:07:13,7062.15,76370
2021-06-17 10:07:14,7062.15,76370
2021-06-17 10:07:16,7062.2,76473
2021-06-17 10:07:17,7062.2,76511
2021-06-17 10:07:18,7062.2,76511
2021-06-17 10:07:19,7062.6,76527
2021-06-17 10:07:21,7064.15,76528
2021-06-17 10:07:21,7064.15,76528
2021-06-17 10:07:22,7064.15,76528
2021-06-17 10:07:23,7064.15,76528
2021-06-17 10:07:24,7064.15,76528
2021-06-17 10:07:25,7064.15,76528
2021-06-17 10:07:26,7064.15,76535
2021-06-17 10:07:27,7064.2,76540
2021-06-17 10:07:29,7064.7,76541
2021-06-17 10:07:30,7064.7,76541
2021-06-17 10:07:31,7065.75,76571
2021-06-17 10:07:32,7065.75,76571
2021-06-17 10:07:33,7065.75,76571
2021-06-17 10:07:34,7062.0,76918
2021-06-17 10:07:35,7061.2,76927
2021-06-17 10:07:36,7060.6,76929
2021-06-17 10:07:38,7060.6,76929
2021-06-17 10:07:38,7060.6,76929
2021-06-17 10:07:39,7061.2,76939
2021-06-17 10:07:40,7060.6,76974
2021-06-17 10:07:41,7060.6,76974
2021-06-17 10:07:43,7060.6,76975
2021-06-17 10:07:44,7060.6,76975
2021-06-17 10:07:45,7060.6,77000
2021-06-17 10:07:46,7060.6,77000
2021-06-17 10:07:47,7060.6,77000
2021-06-17 10:07:49,7060.6,77000
2021-06-17 10:07:50,7060.6,77000
2021-06-17 10:07:51,7063.05,77234
2021-06-17 10:07:53,7060.25,77271
2021-06-17 10:07:53,7060.25,77271
2021-06-17 10:07:54,7061.35,77279
2021-06-17 10:07:55,7061.35,77279
2021-06-17 10:07:56,7061.35,77279
2021-06-17 10:07:57,7061.35,77279
2021-06-17 10:07:58,7062.95,77282
2021-06-17 10:07:59,7062.2,77284
2021-06-17 10:08:00,7063.7,77314
2021-06-17 10:08:01,7063.7,77314
2021-06-17 10:08:03,7063.7,77314
2021-06-17 10:08:04,7062.2,77320
2021-06-17 10:08:04,7062.2,77320
2021-06-17 10:08:05,7063.65,77326
2021-06-17 10:08:06,7063.65,77326
2021-06-17 10:08:07,7060.9,77338
2021-06-17 10:08:08,7060.9,77340
2021-06-17 10:08:09,7060.9,77352
2021-06-17 10:08:10,7060.9,77352
2021-06-17 10:08:11,7060.9,77352
2021-06-17 10:08:13,7060.9,77352
2021-06-17 10:08:13,7060.9,77352
2021-06-17 10:08:14,7060.9,77352
2021-06-17 10:08:15,7062.1,77358
2021-06-17 10:08:16,7062.1,77358
2021-06-17 10:08:17,7062.1,77358
2021-06-17 10:08:18,7060.6,77382
2021-06-17 10:08:19,7060.6,77386
2021-06-17 10:08:20,7060.6,77386
2021-06-17 10:08:22,7060.6,77389
2021-06-17 10:08:22,7060.6,77389
2021-06-17 10:08:23,7060.6,77390
2021-06-17 10:08:24,7060.0,77578
2021-06-17 10:08:25,7060.0,77578
2021-06-17 10:08:26,7060.0,77578
2021-06-17 10:08:27,7058.0,77583
2021-06-17 10:08:28,7059.0,77584
2021-06-17 10:08:29,7059.0,77584
2021-06-17 10:08:30,7059.0,77584
2021-06-17 10:08:31,7059.0,77584
2021-06-17 10:08:32,7059.0,77584
2021-06-17 10:08:34,7059.0,77584
2021-06-17 10:08:35,7059.0,77595
2021-06-17 10:08:36,7059.0,77623
2021-06-17 10:08:37,7059.0,77623
2021-06-17 10:08:37,7059.0,77623
2021-06-17 10:08:38,7056.0,77875
2021-06-17 10:08:39,7055.95,77880
2021-06-17 10:08:40,7060.0,78485
2021-06-17 10:08:41,7060.0,78485
2021-06-17 10:08:42,7060.0,78485
2021-06-17 10:08:43,7060.0,78485
2021-06-17 10:08:44,7057.2,78491
2021-06-17 10:08:46,7057.2,78491
2021-06-17 10:08:47,7057.2,78492
2021-06-17 10:08:48,7057.2,78493
2021-06-17 10:08:49,7057.2,78493
2021-06-17 10:08:50,7059.9,78495
2021-06-17 10:08:51,7059.9,78496
2021-06-17 10:08:52,7059.9,78496
2021-06-17 10:08:54,7057.2,78499
2021-06-17 10:08:53,7059.9,78496
2021-06-17 10:08:55,7057.2,78514
2021-06-17 10:08:56,7057.2,78517
2021-06-17 10:08:57,7057.2,78519
2021-06-17 10:08:58,7059.85,78545
2021-06-17 10:08:59,7059.85,78545
2021-06-17 10:09:00,7059.85,78545
2021-06-17 10:09:01,7059.8,78547
2021-06-17 10:09:02,7059.8,78547
2021-06-17 10:09:03,7059.8,78547
2021-06-17 10:09:04,7057.2,78563
2021-06-17 10:09:05,7059.8,78573
2021-06-17 10:09:07,7059.8,78573
2021-06-17 10:09:08,7057.4,78692
2021-06-17 10:09:09,7059.8,78706
2021-06-17 10:09:10,7057.4,78728
2021-06-17 10:09:11,7057.4,78728
2021-06-17 10:09:12,7059.8,78736
2021-06-17 10:09:12,7059.8,78736
2021-06-17 10:09:13,7059.8,78736
2021-06-17 10:09:14,7058.85,78749
2021-06-17 10:09:16,7058.85,78749
2021-06-17 10:09:17,7058.85,78749
2021-06-17 10:09:18,7057.5,78752
2021-06-17 10:09:18,7057.5,78752
2021-06-17 10:09:20,7057.5,78752
2021-06-17 10:09:21,7057.5,78752
2021-06-17 10:09:22,7057.5,78760
2021-06-17 10:09:23,7058.45,78762
2021-06-17 10:09:23,7058.45,78762
2021-06-17 10:09:24,7058.45,78768
2021-06-17 10:09:25,7058.45,78768
2021-06-17 10:09:26,7058.0,78818
2021-06-17 10:09:27,7058.4,78830
2021-06-17 10:09:28,7058.0,78832
2021-06-17 10:09:29,7058.0,78832
2021-06-17 10:09:31,7058.0,78832
2021-06-17 10:09:32,7058.4,78835
2021-06-17 10:09:33,7058.4,78837
2021-06-17 10:09:34,7058.4,78837
2021-06-17 10:09:35,7058.4,78837
2021-06-17 10:09:37,7060.0,78912
2021-06-17 10:09:38,7060.0,78912
2021-06-17 10:09:38,7060.0,78912
2021-06-17 10:09:39,7060.2,78917
2021-06-17 10:09:40,7060.2,78917
2021-06-17 10:09:42,7060.25,78932
2021-06-17 10:09:43,7062.5,79010
2021-06-17 10:09:44,7062.05,79016
2021-06-17 10:09:45,7062.05,79016
2021-06-17 10:09:46,7063.0,79017
2021-06-17 10:09:47,7062.95,79018
2021-06-17 10:09:49,7062.95,79018
2021-06-17 10:09:50,7062.95,79018
2021-06-17 10:09:51,7062.05,79052
2021-06-17 10:09:52,7060.55,79102
2021-06-17 10:09:53,7062.05,79120
2021-06-17 10:09:54,7062.65,79123
2021-06-17 10:09:55,7062.65,79123
2021-06-17 10:09:56,7062.65,79123
2021-06-17 10:09:57,7062.65,79123
2021-06-17 10:09:58,7062.65,79123
2021-06-17 10:09:59,7062.65,79123
2021-06-17 10:10:00,7062.05,79125
2021-06-17 10:10:01,7060.8,79127
2021-06-17 10:10:02,7060.8,79127
2021-06-17 10:10:03,7060.7,79134
2021-06-17 10:10:05,7060.85,79135
2021-06-17 10:10:06,7063.45,79138
2021-06-17 10:10:06,7063.45,79138
2021-06-17 10:10:07,7063.45,79138
2021-06-17 10:10:08,7063.45,79138
2021-06-17 10:10:09,7063.4,79143
2021-06-17 10:10:10,7063.4,79143
2021-06-17 10:10:11,7063.4,79143
2021-06-17 10:10:12,7063.4,79143
2021-06-17 10:10:13,7063.4,79143
2021-06-17 10:10:14,7061.25,79179
2021-06-17 10:10:15,7061.25,79179
2021-06-17 10:10:17,7061.25,79179
2021-06-17 10:10:18,7061.25,79179
2021-06-17 10:10:18,7061.25,79179
2021-06-17 10:10:19,7061.25,79179
2021-06-17 10:10:20,7061.25,79179
2021-06-17 10:10:21,7063.95,79193
2021-06-17 10:10:23,7063.95,79193
2021-06-17 10:10:24,7063.95,79193
2021-06-17 10:10:25,7063.95,79193
2021-06-17 10:10:25,7063.95,79193
2021-06-17 10:10:26,7063.95,79194
2021-06-17 10:10:27,7063.95,79206
2021-06-17 10:10:29,7064.6,79248
2021-06-17 10:10:30,7064.6,79248
2021-06-17 10:10:31,7064.6,79248
2021-06-17 10:10:32,7064.6,79248
2021-06-17 10:10:33,7064.6,79248
2021-06-17 10:10:35,7063.6,79269
2021-06-17 10:10:36,7063.6,79269
2021-06-17 10:10:37,7063.35,79271
2021-06-17 10:10:38,7066.0,79292
2021-06-17 10:10:38,7066.0,79292
2021-06-17 10:10:39,7066.0,79292
2021-06-17 10:10:40,7066.0,79292
2021-06-17 10:10:43,7066.0,79292
2021-06-17 10:10:44,7066.0,79292
2021-06-17 10:10:45,7064.8,79307
2021-06-17 10:10:46,7064.8,79307
2021-06-17 10:10:47,7066.0,79308
2021-06-17 10:10:48,7066.0,79308
2021-06-17 10:10:49,7066.0,79308
2021-06-17 10:10:50,7066.0,79309
2021-06-17 10:10:50,7066.0,79309
2021-06-17 10:10:51,7066.0,79309
2021-06-17 10:10:53,7066.0,79311
2021-06-17 10:10:54,7066.0,79380
2021-06-17 10:10:54,7066.0,79396
2021-06-17 10:10:55,7066.0,79409
2021-06-17 10:10:57,7066.0,79425
2021-06-17 10:10:58,7064.6,79437
2021-06-17 10:10:58,7064.6,79437
2021-06-17 10:10:59,7064.6,79437
2021-06-17 10:11:01,7064.6,79437
2021-06-17 10:11:01,7064.4,79439
2021-06-17 10:11:02,7065.7,79444
2021-06-17 10:11:03,7065.7,79444
2021-06-17 10:11:05,7065.7,79444
2021-06-17 10:11:06,7065.7,79444
2021-06-17 10:11:07,7064.3,79445
2021-06-17 10:11:08,7064.3,79447
2021-06-17 10:11:09,7064.3,79447
2021-06-17 10:11:10,7064.3,79448
2021-06-17 10:11:11,7064.3,79448
2021-06-17 10:11:12,7066.6,79459
2021-06-17 10:11:12,7066.6,79459
2021-06-17 10:11:13,7066.6,79459
2021-06-17 10:11:14,7066.8,79480
2021-06-17 10:11:15,7064.3,79515
2021-06-17 10:11:16,7064.3,79516
2021-06-17 10:11:17,7064.3,79516
2021-06-17 10:11:19,7065.65,79519
2021-06-17 10:11:20,7065.65,79519
2021-06-17 10:11:21,7065.65,79519
2021-06-17 10:11:22,7065.6,79533
2021-06-17 10:11:23,7065.6,79533
2021-06-17 10:11:24,7067.2,79663
2021-06-17 10:11:25,7064.3,79694
2021-06-17 10:11:26,7065.0,79707
2021-06-17 10:11:26,7065.0,79707
2021-06-17 10:11:27,7065.6,79708
2021-06-17 10:11:28,7065.6,79708
2021-06-17 10:11:29,7065.6,79708
2021-06-17 10:11:31,7065.6,79708
2021-06-17 10:11:32,7065.6,79708
2021-06-17 10:11:33,7065.6,79708
2021-06-17 10:11:34,7065.6,79708
2021-06-17 10:11:35,7065.6,79708
2021-06-17 10:11:36,7066.0,79709
2021-06-17 10:11:37,7066.0,79709
2021-06-17 10:11:38,7066.0,79709
2021-06-17 10:11:39,7066.0,79710
2021-06-17 10:11:40,7066.0,79710
2021-06-17 10:11:41,7066.0,79710
2021-06-17 10:11:41,7066.0,79710
2021-06-17 10:11:43,7066.0,79710
2021-06-17 10:11:44,7066.0,79710
2021-06-17 10:11:46,7065.0,79718
2021-06-17 10:11:47,7065.0,79718
2021-06-17 10:11:47,7065.0,79718
2021-06-17 10:11:49,7065.85,79719
2021-06-17 10:11:50,7069.0,79753
2021-06-17 10:11:51,7069.0,79753
2021-06-17 10:11:52,7069.0,79753
2021-06-17 10:11:53,7069.15,79757
2021-06-17 10:11:54,7070.0,79832
2021-06-17 10:11:55,7070.0,79832
2021-06-17 10:11:56,7067.4,79841
2021-06-17 10:11:57,7067.4,79850
2021-06-17 10:11:58,7067.4,79850
2021-06-17 10:12:00,7067.4,79866
2021-06-17 10:12:00,7067.4,79866
2021-06-17 10:12:01,7067.4,79874
2021-06-17 10:12:02,7069.4,79876
2021-06-17 10:12:03,7069.4,79876
2021-06-17 10:12:04,7069.4,79876
2021-06-17 10:12:06,7067.15,79880
2021-06-17 10:12:07,7067.15,79880
2021-06-17 10:12:08,7067.15,79880
2021-06-17 10:12:09,7067.15,79880
2021-06-17 10:12:10,7067.15,79880
2021-06-17 10:12:11,7068.6,79881
2021-06-17 10:12:11,7068.6,79881
2021-06-17 10:12:12,7068.6,79881
2021-06-17 10:12:13,7068.6,79881
2021-06-17 10:12:14,7068.6,79881
2021-06-17 10:12:15,7067.0,79887
2021-06-17 10:12:16,7067.0,79887
2021-06-17 10:12:17,7067.0,79888
2021-06-17 10:12:18,7067.0,79899
2021-06-17 10:12:19,7067.0,79899
2021-06-17 10:12:20,7067.0,79899
2021-06-17 10:12:22,7064.6,79931
2021-06-17 10:12:23,7066.25,79933
2021-06-17 10:12:24,7066.25,79933
2021-06-17 10:12:25,7067.15,79983
2021-06-17 10:12:26,7067.05,79993
2021-06-17 10:12:27,7066.0,80002
2021-06-17 10:12:28,7066.0,80002
2021-06-17 10:12:28,7066.0,80002
2021-06-17 10:12:29,7067.05,80026
2021-06-17 10:12:30,7067.05,80039
2021-06-17 10:12:31,7066.1,80042
2021-06-17 10:12:33,7065.75,80049
2021-06-17 10:12:35,7065.75,80049
2021-06-17 10:12:36,7065.75,80055
2021-06-17 10:12:37,7065.75,80055
2021-06-17 10:12:38,7065.75,80057
2021-06-17 10:12:39,7065.75,80059
2021-06-17 10:12:39,7065.75,80059
2021-06-17 10:12:40,7065.75,80059
2021-06-17 10:12:41,7066.95,80077
2021-06-17 10:12:43,7064.95,80092
2021-06-17 10:12:44,7064.95,80092
2021-06-17 10:12:45,7064.6,80095
2021-06-17 10:12:46,7064.6,80095
2021-06-17 10:12:47,7064.0,80111
2021-06-17 10:12:48,7064.0,80114
2021-06-17 10:12:49,7064.0,80119
2021-06-17 10:12:50,7064.0,80119
2021-06-17 10:12:51,7063.95,80120
2021-06-17 10:12:52,7063.95,80120
2021-06-17 10:12:53,7063.95,80120
2021-06-17 10:12:54,7063.95,80120
2021-06-17 10:12:55,7063.95,80130
2021-06-17 10:12:56,7066.45,80150
2021-06-17 10:12:57,7064.25,80158
2021-06-17 10:12:58,7064.25,80158
2021-06-17 10:12:59,7064.7,80159
2021-06-17 10:13:00,7068.35,80160
2021-06-17 10:13:00,7068.35,80160
2021-06-17 10:13:01,7068.35,80160
2021-06-17 10:13:03,7068.35,80160
2021-06-17 10:13:04,7065.9,80164
2021-06-17 10:13:05,7065.9,80168
2021-06-17 10:13:06,7065.9,80168
2021-06-17 10:13:07,7065.9,80168
2021-06-17 10:13:08,7068.35,80169
2021-06-17 10:13:09,7066.55,80173
2021-06-17 10:13:10,7066.5,80205
2021-06-17 10:13:11,7068.45,80235
2021-06-17 10:13:12,7068.45,80236
2021-06-17 10:13:13,7066.5,80256
2021-06-17 10:13:14,7068.2,80257
2021-06-17 10:13:16,7066.8,80263
2021-06-17 10:13:17,7066.8,80273
2021-06-17 10:13:18,7066.5,80274
2021-06-17 10:13:19,7067.8,80303
2021-06-17 10:13:20,7067.8,80303
2021-06-17 10:13:21,7067.8,80304
2021-06-17 10:13:22,7067.8,80304
2021-06-17 10:13:23,7067.8,80304
2021-06-17 10:13:24,7065.0,80319
2021-06-17 10:13:25,7066.45,80320
2021-06-17 10:13:26,7066.45,80321
2021-06-17 10:13:27,7067.15,80418
2021-06-17 10:13:27,7064.8,80421
2021-06-17 10:13:28,7064.25,80437
2021-06-17 10:13:30,7064.1,80444
2021-06-17 10:13:31,7064.5,80549
2021-06-17 10:13:32,7064.5,80552
2021-06-17 10:13:33,7064.0,80554
2021-06-17 10:13:34,7064.0,80554
2021-06-17 10:13:35,7064.0,80554
2021-06-17 10:13:36,7064.0,80554
2021-06-17 10:13:37,7064.0,80554
2021-06-17 10:13:38,7064.0,80556
2021-06-17 10:13:39,7064.0,80559
2021-06-17 10:13:40,7064.0,80559
2021-06-17 10:13:41,7064.0,80563
2021-06-17 10:13:42,7064.95,80573
2021-06-17 10:13:43,7064.95,80573
2021-06-17 10:13:44,7064.95,80573
2021-06-17 10:13:45,7064.0,80579
2021-06-17 10:13:47,7064.0,80579
2021-06-17 10:13:49,7065.0,80581
2021-06-17 10:13:48,7065.0,80581
2021-06-17 10:13:50,7065.0,80584
2021-06-17 10:13:50,7065.0,80584
2021-06-17 10:13:51,7065.0,80584
2021-06-17 10:13:53,7065.0,80584
2021-06-17 10:13:54,7065.0,80584
2021-06-17 10:13:55,7064.5,80587
2021-06-17 10:13:56,7064.95,80605
2021-06-17 10:13:57,7064.95,80606
2021-06-17 10:13:57,7064.95,80606
2021-06-17 10:13:58,7064.95,80606
2021-06-17 10:13:59,7064.95,80606
2021-06-17 10:14:01,7064.95,80606
2021-06-17 10:14:03,7064.5,80622
2021-06-17 10:14:04,7064.95,80627
2021-06-17 10:14:05,7064.5,80655
2021-06-17 10:14:06,7064.5,80665
2021-06-17 10:14:06,7064.5,80665
2021-06-17 10:14:08,7065.0,80686
2021-06-17 10:14:09,7065.0,80686
2021-06-17 10:14:10,7065.0,80727
2021-06-17 10:14:11,7065.0,80727
2021-06-17 10:14:12,7065.0,80727
2021-06-17 10:14:13,7065.0,80728
2021-06-17 10:14:15,7065.0,80740
2021-06-17 10:14:16,7065.0,80740
2021-06-17 10:14:17,7065.5,80741
2021-06-17 10:14:19,7065.0,80742
2021-06-17 10:14:18,7065.5,80741
2021-06-17 10:14:20,7065.0,80742
2021-06-17 10:14:21,7065.5,80749
2021-06-17 10:14:22,7065.5,80749
2021-06-17 10:14:23,7065.5,80749
2021-06-17 10:14:24,7065.5,80749
2021-06-17 10:14:25,7065.5,80749
2021-06-17 10:14:26,7065.5,80749
2021-06-17 10:14:27,7065.5,80749
2021-06-17 10:14:28,7065.5,80749
2021-06-17 10:14:29,7065.5,80749
2021-06-17 10:14:30,7065.5,80751
2021-06-17 10:14:31,7065.0,80754
2021-06-17 10:14:32,7065.0,80761
2021-06-17 10:14:33,7065.0,80761
2021-06-17 10:14:33,7065.0,80761
2021-06-17 10:14:35,7065.0,80762
2021-06-17 10:14:36,7065.0,80772
2021-06-17 10:14:37,7065.45,80773
2021-06-17 10:14:38,7065.45,80794
2021-06-17 10:14:39,7065.45,80794
2021-06-17 10:14:40,7065.45,80794
2021-06-17 10:14:42,7065.0,80796
2021-06-17 10:14:44,7064.0,80841
2021-06-17 10:14:45,7064.0,80847
2021-06-17 10:14:46,7064.0,80847
2021-06-17 10:14:47,7065.45,80849
2021-06-17 10:14:48,7065.45,80858
2021-06-17 10:14:49,7065.45,80858
2021-06-17 10:14:50,7065.0,80860
2021-06-17 10:14:51,7065.0,80860
2021-06-17 10:14:52,7064.0,80862
2021-06-17 10:14:54,7065.0,80878
2021-06-17 10:14:55,7065.0,80878
2021-06-17 10:14:57,7065.0,80878
2021-06-17 10:14:58,7065.0,80879
2021-06-17 10:14:59,7065.0,80879
2021-06-17 10:15:00,7064.0,80880
2021-06-17 10:15:01,7064.0,80880
2021-06-17 10:15:02,7065.0,80881
2021-06-17 10:15:03,7065.0,80888
2021-06-17 10:15:04,7065.0,80888
2021-06-17 10:15:05,7065.0,80888
2021-06-17 10:15:06,7065.0,80893
2021-06-17 10:15:07,7065.0,80895
2021-06-17 10:15:09,7065.0,80905
2021-06-17 10:15:11,7065.0,80912
2021-06-17 10:15:12,7065.0,80912
2021-06-17 10:15:13,7064.0,81032
2021-06-17 10:15:14,7064.0,81053
2021-06-17 10:15:16,7065.0,81060
2021-06-17 10:15:15,7064.0,81059
2021-06-17 10:15:18,7065.0,81060
2021-06-17 10:15:19,7065.0,81061
2021-06-17 10:15:20,7065.0,81061
2021-06-17 10:15:21,7065.0,81061
2021-06-17 10:15:22,7065.0,81061
2021-06-17 10:15:23,7065.0,81062
2021-06-17 10:15:24,7065.0,81062
2021-06-17 10:15:25,7065.0,81062
2021-06-17 10:15:26,7064.95,81064
2021-06-17 10:15:27,7064.95,81064
2021-06-17 10:15:28,7064.95,81064
2021-06-17 10:15:30,7064.95,81067
2021-06-17 10:15:29,7064.95,81064
2021-06-17 10:15:31,7064.95,81077
2021-06-17 10:15:32,7065.8,81082
2021-06-17 10:15:33,7065.8,81082
2021-06-17 10:15:34,7065.8,81082
2021-06-17 10:15:35,7064.95,81084
2021-06-17 10:15:36,7064.95,81084
2021-06-17 10:15:37,7064.95,81084
2021-06-17 10:15:38,7064.95,81084
2021-06-17 10:15:39,7064.95,81084
2021-06-17 10:15:40,7064.95,81084
2021-06-17 10:15:41,7064.95,81084
2021-06-17 10:15:42,7064.95,81084
2021-06-17 10:15:43,7064.95,81084
2021-06-17 10:15:44,7064.95,81084
2021-06-17 10:15:45,7065.0,81089
2021-06-17 10:15:46,7065.0,81091
2021-06-17 10:15:47,7065.0,81091
2021-06-17 10:15:48,7065.0,81091
2021-06-17 10:15:49,7065.0,81091
2021-06-17 10:15:50,7064.95,81121
2021-06-17 10:15:51,7064.95,81121
2021-06-17 10:15:53,7064.95,81121
2021-06-17 10:15:54,7064.95,81121
2021-06-17 10:15:55,7064.95,81121
2021-06-17 10:15:56,7065.0,81123
2021-06-17 10:15:57,7065.0,81125
2021-06-17 10:15:58,7064.95,81128
2021-06-17 10:15:59,7064.85,81129
2021-06-17 10:16:00,7064.85,81129
2021-06-17 10:16:01,7063.5,81136
2021-06-17 10:16:02,7063.5,81136
2021-06-17 10:16:03,7064.85,81138
2021-06-17 10:16:04,7064.85,81139
2021-06-17 10:16:06,7064.0,81141
2021-06-17 10:16:07,7064.0,81141
2021-06-17 10:16:08,7063.1,81146
2021-06-17 10:16:09,7063.0,81148
2021-06-17 10:16:10,7062.7,81151
2021-06-17 10:16:11,7062.7,81151
2021-06-17 10:16:12,7062.7,81151
2021-06-17 10:16:13,7062.7,81151
2021-06-17 10:16:14,7062.7,81151
2021-06-17 10:16:15,7062.7,81157
2021-06-17 10:16:16,7063.4,81159
2021-06-17 10:16:17,7063.4,81159
2021-06-17 10:16:18,7063.4,81159
2021-06-17 10:16:19,7063.4,81159
2021-06-17 10:16:20,7063.45,81196
2021-06-17 10:16:21,7063.45,81196
2021-06-17 10:16:22,7062.75,81296
2021-06-17 10:16:23,7062.75,81296
2021-06-17 10:16:24,7064.75,81297
2021-06-17 10:16:25,7064.75,81297
2021-06-17 10:16:26,7064.75,81297
2021-06-17 10:16:27,7064.0,81299
2021-06-17 10:16:28,7064.0,81304
2021-06-17 10:16:30,7063.95,81306
2021-06-17 10:16:29,7064.0,81304
2021-06-17 10:16:31,7063.95,81306
2021-06-17 10:16:32,7063.95,81306
2021-06-17 10:16:33,7063.95,81313
2021-06-17 10:16:35,7063.4,81319
2021-06-17 10:16:36,7062.85,81419
2021-06-17 10:16:37,7062.85,81419
2021-06-17 10:16:38,7069.9,81579
2021-06-17 10:16:39,7063.8,81590
2021-06-17 10:16:40,7063.5,81623
2021-06-17 10:16:41,7063.5,81623
2021-06-17 10:16:42,7063.95,81626
2021-06-17 10:16:43,7063.95,81626
2021-06-17 10:16:44,7064.05,81637
2021-06-17 10:16:45,7064.05,81637
2021-06-17 10:16:46,7064.05,81640
2021-06-17 10:16:47,7064.05,81640
2021-06-17 10:16:48,7064.05,81641
2021-06-17 10:16:49,7064.05,81641
2021-06-17 10:16:51,7065.5,81645
2021-06-17 10:16:52,7065.5,81645
2021-06-17 10:16:53,7065.5,81645
2021-06-17 10:16:54,7065.5,81645
2021-06-17 10:16:55,7065.5,81645
2021-06-17 10:16:56,7065.5,81645
2021-06-17 10:16:58,7065.25,81650
2021-06-17 10:16:59,7065.0,81661
2021-06-17 10:17:00,7065.0,81661
2021-06-17 10:17:01,7065.3,81666
2021-06-17 10:17:03,7065.0,81691
2021-06-17 10:17:04,7065.0,81691
2021-06-17 10:17:05,7065.0,81691
2021-06-17 10:17:06,7065.0,81691
2021-06-17 10:17:07,7065.0,81691
2021-06-17 10:17:08,7065.0,81691
2021-06-17 10:17:09,7066.95,81693
2021-06-17 10:17:10,7066.95,81693
2021-06-17 10:17:11,7066.95,81693
2021-06-17 10:17:12,7066.95,81693
2021-06-17 10:17:13,7066.95,81694
2021-06-17 10:17:14,7066.95,81696
2021-06-17 10:17:15,7065.3,81702
2021-06-17 10:17:16,7065.1,81727
2021-06-17 10:17:17,7065.1,81727
2021-06-17 10:17:18,7065.1,81727
2021-06-17 10:17:19,7065.1,81727
2021-06-17 10:17:20,7067.0,81728
2021-06-17 10:17:21,7067.0,81728
2021-06-17 10:17:22,7067.0,81728
2021-06-17 10:17:23,7065.3,81759
2021-06-17 10:17:25,7064.5,81786
2021-06-17 10:17:25,7064.5,81786
2021-06-17 10:17:27,7064.5,81786
2021-06-17 10:17:27,7066.2,81789
2021-06-17 10:17:28,7064.75,81808
2021-06-17 10:17:29,7064.05,81828
2021-06-17 10:17:30,7064.05,81828
2021-06-17 10:17:31,7064.7,81833
2021-06-17 10:17:32,7064.7,81838
2021-06-17 10:17:34,7064.65,81843
2021-06-17 10:17:34,7064.65,81843
2021-06-17 10:17:35,7064.65,81843
2021-06-17 10:17:36,7064.65,81843
2021-06-17 10:17:37,7064.65,81843
2021-06-17 10:17:38,7064.65,81843
2021-06-17 10:17:39,7064.65,81843
2021-06-17 10:17:40,7064.65,81843
2021-06-17 10:17:41,7064.65,81843
2021-06-17 10:17:42,7063.3,81856
2021-06-17 10:17:44,7063.3,81856
2021-06-17 10:17:45,7064.7,81880
2021-06-17 10:17:46,7064.7,81880
2021-06-17 10:17:47,7064.7,81880
2021-06-17 10:17:48,7064.7,81880
2021-06-17 10:17:49,7064.7,81880
2021-06-17 10:17:50,7064.7,81880
2021-06-17 10:17:52,7064.7,81880
2021-06-17 10:17:53,7064.7,81880
2021-06-17 10:17:54,7064.65,81883
2021-06-17 10:17:55,7064.65,81883
2021-06-17 10:17:56,7065.0,81893
2021-06-17 10:17:57,7065.0,81893
2021-06-17 10:17:58,7065.0,81893
2021-06-17 10:17:59,7064.65,81895
2021-06-17 10:18:00,7065.45,81896
2021-06-17 10:18:01,7065.0,81901
2021-06-17 10:18:02,7065.0,81903
2021-06-17 10:18:03,7065.0,81906
2021-06-17 10:18:04,7065.4,81926
2021-06-17 10:18:05,7065.0,81928
2021-06-17 10:18:06,7064.65,81933
2021-06-17 10:18:07,7064.65,81933
2021-06-17 10:18:09,7065.0,81939
2021-06-17 10:18:09,7065.0,81939
2021-06-17 10:18:11,7065.0,81939
2021-06-17 10:18:11,7065.0,81939
2021-06-17 10:18:12,7065.0,81939
2021-06-17 10:18:13,7065.0,81939
2021-06-17 10:18:14,7065.0,81939
2021-06-17 10:18:15,7065.0,81946
2021-06-17 10:18:16,7064.0,81969
2021-06-17 10:18:17,7064.0,81969
2021-06-17 10:18:18,7064.0,81976
2021-06-17 10:18:19,7064.0,81976
2021-06-17 10:18:20,7064.0,81976
2021-06-17 10:18:21,7064.0,81976
2021-06-17 10:18:22,7065.0,81977
2021-06-17 10:18:23,7065.0,81977
2021-06-17 10:18:24,7065.0,81977
2021-06-17 10:18:25,7064.0,81978
2021-06-17 10:18:26,7064.0,81990
2021-06-17 10:18:27,7063.0,82030
2021-06-17 10:18:28,7064.95,82038
2021-06-17 10:18:29,7066.0,82083
2021-06-17 10:18:30,7066.0,82084
2021-06-17 10:18:31,7066.0,82084
2021-06-17 10:18:32,7066.0,82084
2021-06-17 10:18:33,7066.0,82091
2021-06-17 10:18:34,7064.95,82092
2021-06-17 10:18:35,7064.95,82092
2021-06-17 10:18:36,7064.95,82105
2021-06-17 10:18:37,7064.95,82105
2021-06-17 10:18:38,7064.95,82105
2021-06-17 10:18:39,7064.95,82105
2021-06-17 10:18:40,7064.95,82105
2021-06-17 10:18:41,7064.95,82115
2021-06-17 10:18:42,7064.95,82115
2021-06-17 10:18:43,7064.95,82115
2021-06-17 10:18:44,7065.0,82124
2021-06-17 10:18:45,7064.05,82136
2021-06-17 10:18:46,7064.05,82136
2021-06-17 10:18:47,7064.05,82136
2021-06-17 10:18:48,7063.6,82145
2021-06-17 10:18:49,7066.0,82160
2021-06-17 10:18:50,7063.35,82172
