timestamp,ltp,volume
2021-06-17 09:19:45,126.0,1002571
2021-06-17 09:19:45,126.0,1002571
2021-06-17 09:19:47,125.95,1003374
2021-06-17 09:19:47,126.0,1003377
2021-06-17 09:19:48,126.0,1004760
2021-06-17 09:19:49,125.95,1005306
2021-06-17 09:19:50,126.0,1006773
2021-06-17 09:19:51,125.9,1007807
2021-06-17 09:19:52,126.0,1008762
2021-06-17 09:19:53,125.95,1019043
2021-06-17 09:19:54,125.95,1019882
2021-06-17 09:19:55,125.95,1019882
2021-06-17 09:19:56,126.0,1020061
2021-06-17 09:19:57,126.0,1020560
2021-06-17 09:20:00,125.95,1020711
2021-06-17 09:20:00,126.0,1021938
2021-06-17 09:20:02,126.0,1022203
2021-06-17 09:20:03,126.0,1022319
2021-06-17 09:20:03,126.0,1022339
2021-06-17 09:20:04,126.0,1022822
2021-06-17 09:20:05,126.0,1022834
2021-06-17 09:20:07,126.05,1023261
2021-06-17 09:20:07,126.0,1023271
2021-06-17 09:20:09,126.1,1026209
2021-06-17 09:20:10,126.1,1026220
2021-06-17 09:20:10,126.1,1026429
2021-06-17 09:20:11,126.0,1026929
2021-06-17 09:20:13,126.05,1029655
2021-06-17 09:20:14,126.05,1029665
2021-06-17 09:20:14,126.05,1030265
2021-06-17 09:20:16,126.05,1030576
2021-06-17 09:20:17,126.05,1031597
2021-06-17 09:20:18,126.0,1032741
2021-06-17 09:20:19,126.05,1032896
2021-06-17 09:20:19,126.05,1033406
2021-06-17 09:20:21,126.05,1033507
2021-06-17 09:20:21,126.05,1033643
2021-06-17 09:20:23,126.0,1034528
2021-06-17 09:20:24,126.0,1034618
2021-06-17 09:20:25,125.95,1034831
2021-06-17 09:20:25,126.05,1035231
2021-06-17 09:20:27,126.0,1042946
2021-06-17 09:20:27,126.05,1043186
2021-06-17 09:20:28,126.0,1043340
2021-06-17 09:20:30,126.0,1043488
2021-06-17 09:20:30,126.05,1044026
2021-06-17 09:20:32,126.05,1044551
2021-06-17 09:20:32,125.85,1133756
2021-06-17 09:20:34,125.85,1137779
2021-06-17 09:20:34,125.9,1137918
2021-06-17 09:20:36,125.55,1306101
2021-06-17 09:20:36,125.4,1306706
2021-06-17 09:20:37,125.4,1311302
2021-06-17 09:20:38,125.35,1311656
2021-06-17 09:20:39,125.3,1312714
2021-06-17 09:20:40,125.35,1317765
2021-06-17 09:20:42,125.35,1321967
2021-06-17 09:20:44,125.35,1322538
2021-06-17 09:20:45,125.4,1326727
2021-06-17 09:20:45,125.3,1326992
2021-06-17 09:20:46,125.35,1327492
2021-06-17 09:20:47,125.25,1330669
2021-06-17 09:20:49,125.3,1330741
2021-06-17 09:20:49,125.3,1330743
2021-06-17 09:20:51,125.35,1331028
2021-06-17 09:20:51,125.35,1331128
2021-06-17 09:20:53,125.2,1332367
2021-06-17 09:20:54,125.25,1334115
2021-06-17 09:20:55,125.25,1338599
2021-06-17 09:20:56,125.2,1342740
2021-06-17 09:20:57,125.3,1345600
2021-06-17 09:20:58,125.35,1349847
2021-06-17 09:20:59,125.25,1350857
2021-06-17 09:21:01,125.45,1357509
2021-06-17 09:21:02,125.45,1357509
2021-06-17 09:21:03,125.45,1357586
2021-06-17 09:21:04,125.4,1360318
2021-06-17 09:21:06,125.4,1361927
2021-06-17 09:21:08,125.45,1365531
2021-06-17 09:21:11,125.4,1397294
2021-06-17 09:21:12,125.25,1397445
2021-06-17 09:21:13,125.4,1397597
2021-06-17 09:21:13,125.4,1398157
2021-06-17 09:21:15,125.4,1399182
2021-06-17 09:21:16,125.4,1399803
2021-06-17 09:21:17,125.35,1401363
2021-06-17 09:21:17,125.3,1401878
2021-06-17 09:21:19,125.4,1402031
2021-06-17 09:21:20,125.45,1403243
2021-06-17 09:21:20,125.35,1404409
2021-06-17 09:21:21,125.45,1406554
2021-06-17 09:21:22,125.45,1406794
2021-06-17 09:21:23,125.4,1408707
2021-06-17 09:21:25,125.4,1409957
2021-06-17 09:21:26,125.4,1410058
2021-06-17 09:21:27,125.5,1413287
2021-06-17 09:21:28,125.75,1471861
2021-06-17 09:21:28,125.75,1471861
2021-06-17 09:21:29,125.75,1471861
2021-06-17 09:21:30,125.65,1472937
2021-06-17 09:21:32,125.7,1473294
2021-06-17 09:21:33,125.8,1474314
2021-06-17 09:21:34,125.7,1475267
2021-06-17 09:21:35,125.6,1479263
2021-06-17 09:21:36,125.6,1479563
2021-06-17 09:21:37,125.6,1479563
2021-06-17 09:21:39,125.7,1479783
2021-06-17 09:21:40,125.7,1479883
2021-06-17 09:21:41,125.7,1479983
2021-06-17 09:21:43,125.7,1481083
2021-06-17 09:21:49,125.7,1493546
2021-06-17 09:21:54,125.7,1496356
2021-06-17 09:22:00,125.8,1501037
2021-06-17 09:22:06,125.9,1515286
2021-06-17 09:22:11,125.9,1525755
2021-06-17 09:22:17,125.95,1541519
2021-06-17 09:22:22,125.9,1543420
2021-06-17 09:22:27,125.95,1544264
2021-06-17 09:22:33,125.85,1550868
2021-06-17 09:22:39,125.95,1557116
2021-06-17 09:22:44,125.9,1558746
2021-06-17 09:22:49,125.9,1561833
2021-06-17 09:22:55,125.95,1565038
2021-06-17 09:23:00,125.9,1565523
2021-06-17 09:23:05,125.95,1566579
2021-06-17 09:23:11,125.9,1568955
2021-06-17 09:23:16,126.05,1646530
2021-06-17 09:23:22,126.1,1654802
2021-06-17 09:23:33,126.1,1657527
2021-06-17 09:23:39,126.15,1661659
2021-06-17 09:23:44,126.1,1670255
2021-06-17 09:23:50,126.1,1672857
2021-06-17 09:23:55,126.0,1674103
2021-06-17 09:24:01,126.0,1678035
2021-06-17 09:24:06,126.05,1682318
2021-06-17 09:24:12,126.15,1686728
2021-06-17 09:24:17,126.15,1687468
2021-06-17 09:24:22,126.15,1687841
2021-06-17 09:24:28,126.1,1688924
2021-06-17 09:24:34,126.05,1756427
2021-06-17 09:24:39,126.15,1757255
2021-06-17 09:24:44,126.15,1759006
2021-06-17 09:24:50,126.1,1763692
2021-06-17 09:24:55,126.0,1770808
2021-06-17 09:25:01,126.15,1771899
2021-06-17 09:25:06,125.95,1786265
2021-06-17 09:25:12,126.05,1788276
2021-06-17 09:25:18,126.15,1789736
2021-06-17 09:25:23,126.0,1837893
2021-06-17 09:25:29,125.95,1852629
2021-06-17 09:25:34,125.95,1855621
2021-06-17 09:25:40,125.95,1857195
2021-06-17 09:25:45,125.95,1863076
2021-06-17 09:25:51,125.85,1863825
2021-06-17 09:25:56,125.85,1865862
2021-06-17 09:26:02,125.9,1867892
2021-06-17 09:26:07,125.9,1870702
2021-06-17 09:26:13,125.95,1949451
2021-06-17 09:26:18,125.95,1950452
2021-06-17 09:26:23,125.9,1951400
2021-06-17 09:26:29,126.0,1954278
2021-06-17 09:26:34,125.9,1955911
2021-06-17 09:26:39,126.0,1963823
2021-06-17 09:26:44,126.0,1966518
2021-06-17 09:26:50,125.9,1968279
2021-06-17 09:26:55,125.9,1972986
2021-06-17 09:27:00,126.0,1974420
2021-06-17 09:27:06,126.0,1984690
2021-06-17 09:27:11,126.05,1986697
2021-06-17 09:27:16,126.1,1987915
2021-06-17 09:27:22,126.05,1989926
2021-06-17 09:27:27,126.05,1990266
2021-06-17 09:27:32,126.05,1990737
2021-06-17 09:27:38,126.0,1993744
2021-06-17 09:27:43,126.05,1997348
2021-06-17 09:27:49,125.9,1998779
2021-06-17 09:27:54,126.0,2000393
2021-06-17 09:27:59,125.9,2015268
2021-06-17 09:28:05,125.85,2017073
2021-06-17 09:28:10,126.0,2018605
2021-06-17 09:28:15,125.95,2019970
2021-06-17 09:28:20,125.9,2020476
2021-06-17 09:28:25,126.0,2022652
2021-06-17 09:28:31,126.0,2027949
2021-06-17 09:28:36,126.0,2028448
2021-06-17 09:28:41,126.05,2049275
2021-06-17 09:28:46,126.15,2054002
2021-06-17 09:28:51,126.15,2067701
2021-06-17 09:28:57,126.1,2069933
2021-06-17 09:29:07,126.2,2077642
2021-06-17 09:29:13,126.15,2078633
2021-06-17 09:29:18,126.2,2078905
2021-06-17 09:29:23,126.15,2082637
2021-06-17 09:29:28,126.15,2085656
2021-06-17 09:29:33,126.2,2086499
2021-06-17 09:29:38,126.15,2088931
2021-06-17 09:29:43,126.2,2090182
2021-06-17 09:29:48,126.1,2090856
2021-06-17 09:29:53,126.1,2091149
2021-06-17 09:29:59,126.1,2092297
2021-06-17 09:30:04,126.15,2094305
2021-06-17 09:30:10,126.1,2094925
2021-06-17 09:30:15,126.15,2098691
2021-06-17 09:30:21,126.15,2100476
2021-06-17 09:30:26,126.2,2101591
2021-06-17 09:30:31,126.15,2104640
2021-06-17 09:30:36,126.05,2106580
2021-06-17 09:30:42,126.0,2108254
2021-06-17 09:30:47,126.0,2119612
2021-06-17 09:30:52,126.0,2122323
2021-06-17 09:30:58,126.0,2124044
2021-06-17 09:31:03,125.95,2128986
2021-06-17 09:31:08,125.95,2129588
2021-06-17 09:31:14,125.85,2148461
2021-06-17 09:31:19,125.85,2149312
2021-06-17 09:31:24,125.8,2156684
2021-06-17 09:31:29,125.75,2207348
2021-06-17 09:31:35,125.75,2211431
2021-06-17 09:31:40,125.85,2219876
2021-06-17 09:31:45,125.8,2226766
2021-06-17 09:31:50,125.85,2231257
2021-06-17 09:31:55,125.85,2232722
2021-06-17 09:32:01,125.8,2239018
2021-06-17 09:32:06,125.9,2242337
2021-06-17 09:32:11,125.9,2244018
2021-06-17 09:32:17,125.95,2250174
2021-06-17 09:32:28,126.15,2264789
2021-06-17 09:32:39,126.1,2321363
2021-06-17 09:32:44,126.1,2324052
2021-06-17 09:32:49,126.1,2331243
2021-06-17 09:32:55,126.1,2338426
2021-06-17 09:33:00,126.1,2377666
2021-06-17 09:33:05,126.1,2379632
2021-06-17 09:33:10,126.2,2381914
2021-06-17 09:33:15,126.15,2386799
2021-06-17 09:33:20,126.2,2387465
2021-06-17 09:33:25,126.2,2392222
2021-06-17 09:33:30,126.3,2401753
2021-06-17 09:33:35,126.2,2403643
2021-06-17 09:33:46,126.25,2411786
2021-06-17 09:33:51,126.2,2433089
2021-06-17 09:33:56,126.3,2440369
2021-06-17 09:34:02,126.4,2454614
2021-06-17 09:34:07,126.4,2457212
2021-06-17 09:34:12,126.4,2461007
2021-06-17 09:34:22,126.3,2467667
2021-06-17 09:34:27,126.4,2468885
2021-06-17 09:34:32,126.3,2470869
2021-06-17 09:34:37,126.35,2480288
2021-06-17 09:34:47,126.35,2492963
2021-06-17 09:34:52,126.3,2493187
2021-06-17 09:34:57,126.3,2503881
2021-06-17 09:35:02,126.3,2505321
2021-06-17 09:35:08,126.4,2514087
2021-06-17 09:35:13,126.4,2521341
2021-06-17 09:35:18,126.35,2521763
2021-06-17 09:35:23,126.4,2545105
2021-06-17 09:35:29,126.4,2548254
2021-06-17 09:35:34,126.45,2551617
2021-06-17 09:35:39,126.4,2553021
2021-06-17 09:35:49,126.4,2558952
2021-06-17 09:35:54,126.35,2562610
2021-06-17 09:36:04,126.3,2572147
2021-06-17 09:36:09,126.3,2578756
2021-06-17 09:36:14,126.4,2582944
2021-06-17 09:36:19,126.3,2588435
2021-06-17 09:36:29,126.3,2593486
2021-06-17 09:36:35,126.3,2593833
2021-06-17 09:36:40,126.3,2599269
2021-06-17 09:36:45,126.3,2602683
2021-06-17 09:36:50,126.3,2615422
2021-06-17 09:36:55,126.35,2617340
2021-06-17 09:37:00,126.4,2618509
2021-06-17 09:37:05,126.5,2631700
2021-06-17 09:37:11,126.5,2637474
2021-06-17 09:37:15,126.5,2638000
2021-06-17 09:37:21,126.45,2638604
2021-06-17 09:37:26,126.45,2639691
2021-06-17 09:37:31,126.45,2640877
2021-06-17 09:37:35,126.35,2647671
2021-06-17 09:37:41,126.4,2648061
2021-06-17 09:37:45,126.35,2650685
2021-06-17 09:37:50,126.4,2650875
2021-06-17 09:37:55,126.4,2655958
2021-06-17 09:37:59,126.45,2658934
2021-06-17 09:38:04,126.5,2668265
2021-06-17 09:38:09,126.4,2669162
2021-06-17 09:38:14,126.4,2670372
2021-06-17 09:38:19,126.4,2671635
2021-06-17 09:38:24,126.35,2673956
2021-06-17 09:38:29,126.4,2678943
2021-06-17 09:38:34,126.35,2686110
2021-06-17 09:38:39,126.4,2688062
2021-06-17 09:38:44,126.3,2689262
2021-06-17 09:38:48,126.3,2689665
2021-06-17 09:38:53,126.3,2690015
2021-06-17 09:38:58,126.4,2694458
2021-06-17 09:39:03,126.3,2700617
2021-06-17 09:39:08,126.35,2701120
2021-06-17 09:39:18,126.4,2703634
2021-06-17 09:39:23,126.35,2704399
2021-06-17 09:39:28,126.4,2711143
2021-06-17 09:39:33,126.35,2716504
2021-06-17 09:39:38,126.3,2720409
2021-06-17 09:39:43,126.3,2722336
2021-06-17 09:39:48,126.35,2723402
2021-06-17 09:39:53,126.3,2729148
2021-06-17 09:39:58,126.35,2730675
2021-06-17 09:40:03,126.3,2731381
2021-06-17 09:40:13,126.3,2733971
2021-06-17 09:40:18,126.3,2734258
2021-06-17 09:40:23,126.4,2738732
2021-06-17 09:40:28,126.4,2739934
2021-06-17 09:40:34,126.4,2741145
2021-06-17 09:40:39,126.35,2743469
2021-06-17 09:40:43,126.3,2744652
2021-06-17 09:40:49,126.35,2750564
2021-06-17 09:40:55,126.25,2752778
2021-06-17 09:41:00,126.35,2753287
2021-06-17 09:41:05,126.25,2755101
2021-06-17 09:41:11,126.3,2756735
2021-06-17 09:41:16,126.25,2757854
2021-06-17 09:41:21,126.25,2761192
2021-06-17 09:41:26,126.3,2761845
2021-06-17 09:41:31,126.25,2772966
2021-06-17 09:41:37,126.3,2773916
2021-06-17 09:41:42,126.2,2775663
2021-06-17 09:41:47,126.25,2775990
2021-06-17 09:41:53,126.2,2777930
2021-06-17 09:41:58,126.2,2781108
2021-06-17 09:42:03,126.25,2781421
2021-06-17 09:42:08,126.2,2781657
2021-06-17 09:42:13,126.25,2782287
2021-06-17 09:42:18,126.2,2785764
2021-06-17 09:42:23,126.15,2786531
2021-06-17 09:42:27,126.2,2787079
2021-06-17 09:42:32,126.15,2788091
2021-06-17 09:42:37,126.1,2796429
2021-06-17 09:42:47,126.1,2797053
2021-06-17 09:42:52,126.1,2799065
2021-06-17 09:42:57,126.1,2799485
2021-06-17 09:43:02,126.1,2800282
2021-06-17 09:43:07,126.05,2802226
2021-06-17 09:43:12,126.1,2805726
2021-06-17 09:43:17,126.0,2809601
2021-06-17 09:43:22,126.05,2827985
2021-06-17 09:43:27,126.05,2830065
2021-06-17 09:43:31,126.1,2830396
2021-06-17 09:43:36,126.05,2830468
2021-06-17 09:43:41,126.1,2830908
2021-06-17 09:43:46,126.1,2830937
2021-06-17 09:43:51,126.05,2831494
2021-06-17 09:43:56,126.1,2833497
2021-06-17 09:44:00,126.1,2833936
2021-06-17 09:44:05,126.1,2837402
2021-06-17 09:44:10,126.2,2842596
2021-06-17 09:44:15,126.2,2842637
2021-06-17 09:44:20,126.15,2842770
2021-06-17 09:44:25,126.15,2845361
2021-06-17 09:44:29,126.2,2845371
2021-06-17 09:44:34,126.2,2845691
2021-06-17 09:44:39,126.2,2845762
2021-06-17 09:44:44,126.2,2846134
2021-06-17 09:44:49,126.2,2850242
2021-06-17 09:44:54,126.15,2871698
2021-06-17 09:44:59,126.05,2873594
2021-06-17 09:45:04,126.05,2874834
2021-06-17 09:45:13,126.15,2876420
2021-06-17 09:45:17,126.15,2876754
2021-06-17 09:45:22,126.05,2882845
2021-06-17 09:45:27,126.05,2883059
2021-06-17 09:45:32,126.05,2883933
2021-06-17 09:45:37,126.1,2884126
2021-06-17 09:45:42,126.1,2889120
2021-06-17 09:45:46,126.1,2890698
2021-06-17 09:45:51,126.1,2890916
2021-06-17 09:45:55,126.1,2890983
2021-06-17 09:46:00,126.05,2891556
2021-06-17 09:46:10,126.0,2897010
2021-06-17 09:46:19,126.05,2904421
2021-06-17 09:46:23,126.1,2904712
2021-06-17 09:46:28,126.0,2914668
2021-06-17 09:46:32,126.05,2916339
2021-06-17 09:46:37,126.05,2916374
2021-06-17 09:46:41,126.05,2917545
2021-06-17 09:46:46,126.05,2917856
2021-06-17 09:46:51,126.05,2917988
2021-06-17 09:46:56,126.1,2920442
2021-06-17 09:47:01,126.05,2921207
2021-06-17 09:47:06,126.05,2921357
2021-06-17 09:47:10,126.05,2925493
2021-06-17 09:47:15,126.0,2927810
2021-06-17 09:47:20,126.0,2933441
2021-06-17 09:47:29,126.05,2933729
2021-06-17 09:47:34,126.1,2936329
2021-06-17 09:47:43,126.0,2939194
2021-06-17 09:47:57,126.05,2940963
2021-06-17 09:48:01,126.0,2942831
2021-06-17 09:48:06,126.0,2960104
2021-06-17 09:48:15,125.95,2963956
2021-06-17 09:48:19,125.9,2965735
2021-06-17 09:48:24,125.9,2966962
2021-06-17 09:48:29,125.9,2967517
2021-06-17 09:48:33,125.9,2967803
2021-06-17 09:48:38,125.95,2968078
2021-06-17 09:48:42,125.9,2969435
2021-06-17 09:48:47,126.0,2970637
2021-06-17 09:48:51,125.9,2972860
2021-06-17 09:49:01,126.0,2974064
2021-06-17 09:49:05,126.0,2975184
2021-06-17 09:49:10,125.95,2976917
2021-06-17 09:49:14,126.0,2979475
2021-06-17 09:49:19,125.95,2986704
2021-06-17 09:49:23,125.95,2988016
2021-06-17 09:49:27,126.0,2990267
2021-06-17 09:49:32,126.0,2991017
2021-06-17 09:49:36,126.0,2991760
2021-06-17 09:49:41,125.95,2993457
2021-06-17 09:49:46,125.95,2997231
2021-06-17 09:49:50,125.9,2997351
2021-06-17 09:49:54,125.9,2998875
2021-06-17 09:49:59,125.95,2999217
2021-06-17 09:50:03,125.9,3002530
2021-06-17 09:50:12,125.85,3005882
2021-06-17 09:50:16,125.85,3006972
2021-06-17 09:50:21,125.75,3060622
2021-06-17 09:50:25,125.85,3062622
2021-06-17 09:50:29,125.75,3063509
2021-06-17 09:50:34,125.7,3068445
2021-06-17 09:50:39,125.7,3069340
2021-06-17 09:50:43,125.7,3069881
2021-06-17 09:50:48,125.75,3072240
2021-06-17 09:50:52,125.75,3076850
2021-06-17 09:50:57,125.8,3079547
2021-06-17 09:51:01,125.75,3080518
2021-06-17 09:51:10,125.75,3081553
2021-06-17 09:51:14,125.75,3084962
2021-06-17 09:51:19,125.75,3085418
2021-06-17 09:51:28,125.7,3088041
2021-06-17 09:51:33,125.8,3088864
2021-06-17 09:51:37,125.8,3089916
2021-06-17 09:51:42,125.8,3097917
2021-06-17 09:51:46,125.75,3097971
2021-06-17 09:51:51,125.8,3100602
2021-06-17 09:51:55,125.85,3131744
2021-06-17 09:52:00,125.9,3133947
2021-06-17 09:52:09,125.95,3135670
2021-06-17 09:52:13,125.9,3136280
2021-06-17 09:52:18,125.9,3136356
2021-06-17 09:52:22,125.9,3139813
2021-06-17 09:52:26,125.95,3141323
2021-06-17 09:52:31,125.9,3146495
2021-06-17 09:52:35,125.95,3146750
2021-06-17 09:52:39,125.95,3147385
2021-06-17 09:52:44,125.95,3148051
2021-06-17 09:52:48,125.9,3148056
2021-06-17 09:52:52,125.95,3148420
2021-06-17 09:53:01,125.9,3148869
2021-06-17 09:53:05,125.95,3149020
2021-06-17 09:53:09,125.9,3150839
2021-06-17 09:53:13,125.9,3150847
2021-06-17 09:53:17,125.95,3160908
2021-06-17 09:53:22,125.95,3160923
2021-06-17 09:53:26,125.95,3162387
2021-06-17 09:53:30,125.95,3167560
2021-06-17 09:53:35,126.0,3190903
2021-06-17 09:53:39,126.1,3192913
2021-06-17 09:53:43,126.0,3193189
2021-06-17 09:53:47,126.1,3194646
2021-06-17 09:53:52,126.0,3194892
2021-06-17 09:53:57,126.0,3195303
2021-06-17 09:54:01,126.0,3195577
2021-06-17 09:54:05,126.05,3195632
2021-06-17 09:54:15,126.05,3196155
2021-06-17 09:54:20,126.1,3196778
2021-06-17 09:54:25,126.05,3196920
2021-06-17 09:54:29,126.05,3203591
2021-06-17 09:54:33,125.95,3205568
2021-06-17 09:54:37,126.05,3205821
2021-06-17 09:54:41,125.95,3206758
2021-06-17 09:54:45,126.05,3209576
2021-06-17 09:54:50,126.0,3210130
2021-06-17 09:54:54,125.95,3210146
2021-06-17 09:55:03,126.05,3213877
2021-06-17 09:55:07,126.1,3215051
2021-06-17 09:55:12,126.05,3221585
2021-06-17 09:55:16,126.1,3224640
2021-06-17 09:55:20,126.05,3224906
2021-06-17 09:55:25,126.15,3229414
2021-06-17 09:55:29,126.1,3231230
2021-06-17 09:55:33,126.1,3231230
2021-06-17 09:55:37,126.15,3231879
2021-06-17 09:55:42,126.15,3232772
2021-06-17 09:55:46,126.1,3233495
2021-06-17 09:55:50,126.1,3233496
2021-06-17 09:55:54,126.1,3233544
2021-06-17 09:55:59,126.1,3235205
2021-06-17 09:56:03,126.15,3235368
2021-06-17 09:56:07,126.1,3236924
2021-06-17 09:56:12,126.15,3237005
2021-06-17 09:56:16,126.1,3238400
2021-06-17 09:56:20,126.0,3290619
2021-06-17 09:56:24,126.0,3291520
2021-06-17 09:56:29,126.0,3292900
2021-06-17 09:56:33,126.0,3293875
2021-06-17 09:56:37,126.05,3295873
2021-06-17 09:56:41,126.0,3300838
2021-06-17 09:56:45,126.0,3300925
2021-06-17 09:56:49,126.05,3306096
2021-06-17 09:56:54,126.05,3306213
2021-06-17 09:57:02,126.05,3306725
2021-06-17 09:57:07,126.0,3306767
2021-06-17 09:57:11,126.05,3307196
2021-06-17 09:57:16,125.95,3308020
2021-06-17 09:57:20,126.05,3309409
2021-06-17 09:57:24,126.0,3310176
2021-06-17 09:57:28,126.05,3313128
2021-06-17 09:57:32,125.95,3313522
2021-06-17 09:57:36,126.0,3314323
2021-06-17 09:57:40,126.05,3315343
2021-06-17 09:57:44,126.05,3315347
2021-06-17 09:57:48,126.0,3317038
2021-06-17 09:57:57,126.1,3317343
2021-06-17 09:58:01,126.0,3319069
2021-06-17 09:58:06,126.0,3319229
2021-06-17 09:58:10,126.05,3320351
2021-06-17 09:58:15,126.05,3323006
2021-06-17 09:58:19,126.0,3323220
2021-06-17 09:58:24,126.05,3323584
2021-06-17 09:58:28,126.05,3323702
2021-06-17 09:58:32,126.0,3323973
2021-06-17 09:58:36,126.0,3324513
2021-06-17 09:58:41,126.0,3325119
2021-06-17 09:58:45,126.05,3325525
2021-06-17 09:58:49,126.05,3325665
2021-06-17 09:58:54,126.05,3328355
2021-06-17 09:59:02,126.05,3329120
2021-06-17 09:59:06,126.1,3330261
2021-06-17 09:59:10,126.1,3330469
2021-06-17 09:59:14,126.1,3330671
2021-06-17 09:59:18,126.1,3330787
2021-06-17 09:59:22,126.1,3330854
2021-06-17 09:59:26,126.05,3333336
2021-06-17 09:59:30,126.1,3336303
2021-06-17 09:59:34,126.05,3336305
2021-06-17 09:59:38,126.05,3336345
2021-06-17 09:59:42,126.05,3336587
2021-06-17 09:59:45,126.05,3336774
2021-06-17 09:59:49,126.1,3336943
2021-06-17 09:59:53,126.05,3337054
2021-06-17 09:59:57,126.05,3360578
2021-06-17 10:00:01,126.05,3360698
2021-06-17 10:00:06,126.0,3360808
2021-06-17 10:00:10,125.9,3371635
2021-06-17 10:00:15,125.9,3371674
2021-06-17 10:00:19,125.9,3373466
2021-06-17 10:00:23,125.9,3373572
2021-06-17 10:00:27,125.9,3375721
2021-06-17 10:00:31,125.95,3375747
2021-06-17 10:00:36,125.9,3378411
2021-06-17 10:00:40,125.9,3378583
2021-06-17 10:00:45,125.85,3384748
2021-06-17 10:00:49,125.85,3386271
2021-06-17 10:00:54,125.9,3386777
2021-06-17 10:00:58,125.85,3387631
2021-06-17 10:01:02,125.9,3388947
2021-06-17 10:01:06,125.85,3393095
2021-06-17 10:01:10,125.85,3394475
2021-06-17 10:01:14,125.85,3394672
2021-06-17 10:01:18,125.9,3394913
2021-06-17 10:01:22,125.85,3395997
2021-06-17 10:01:26,125.95,3418926
2021-06-17 10:01:31,125.95,3419535
2021-06-17 10:01:35,126.0,3420143
2021-06-17 10:01:39,126.0,3420145
2021-06-17 10:01:44,125.95,3423955
2021-06-17 10:01:48,126.0,3424008
2021-06-17 10:01:52,126.05,3424491
2021-06-17 10:01:56,126.0,3424815
2021-06-17 10:02:00,126.05,3426483
2021-06-17 10:02:05,126.05,3430613
2021-06-17 10:02:09,126.05,3430983
2021-06-17 10:02:13,126.05,3437804
2021-06-17 10:02:16,126.05,3445939
2021-06-17 10:02:21,126.05,3451140
2021-06-17 10:02:25,126.0,3451592
2021-06-17 10:02:28,126.1,3452093
2021-06-17 10:02:32,126.1,3491134
2021-06-17 10:02:36,126.1,3491205
2021-06-17 10:02:40,126.1,3492366
2021-06-17 10:02:44,126.1,3492692
2021-06-17 10:02:48,126.1,3492990
2021-06-17 10:02:52,126.15,3493569
2021-06-17 10:02:56,126.1,3494447
2021-06-17 10:03:00,126.1,3499039
2021-06-17 10:03:05,126.1,3499305
2021-06-17 10:03:09,126.1,3502505
2021-06-17 10:03:13,126.15,3508086
2021-06-17 10:03:17,126.15,3512264
2021-06-17 10:03:20,126.1,3512327
2021-06-17 10:03:24,126.1,3517373
2021-06-17 10:03:33,126.1,3518922
2021-06-17 10:03:38,126.1,3523801
2021-06-17 10:03:43,126.1,3523882
2021-06-17 10:03:47,126.1,3529550
2021-06-17 10:03:51,126.1,3529687
2021-06-17 10:03:55,126.15,3529692
2021-06-17 10:03:59,126.1,3534169
2021-06-17 10:04:02,126.1,3536251
2021-06-17 10:04:06,126.05,3537565
2021-06-17 10:04:10,126.1,3537741
2021-06-17 10:04:14,126.05,3542245
2021-06-17 10:04:18,126.2,3591946
2021-06-17 10:04:22,126.2,3594460
2021-06-17 10:04:25,126.2,3599361
2021-06-17 10:04:29,126.2,3600688
2021-06-17 10:04:33,126.2,3600688
2021-06-17 10:04:41,126.25,3605371
2021-06-17 10:04:44,126.25,3606374
2021-06-17 10:04:48,126.15,3610712
2021-06-17 10:04:52,126.15,3611129
2021-06-17 10:04:56,126.2,3611229
2021-06-17 10:05:00,126.2,3615586
2021-06-17 10:05:03,126.15,3615600
2021-06-17 10:05:07,126.2,3615720
2021-06-17 10:05:11,126.15,3620775
2021-06-17 10:05:15,126.15,3620880
2021-06-17 10:05:19,126.2,3620935
2021-06-17 10:05:22,126.15,3621030
2021-06-17 10:05:26,126.15,3625909
2021-06-17 10:05:30,126.15,3625909
2021-06-17 10:05:34,126.2,3626147
2021-06-17 10:05:38,126.2,3630597
2021-06-17 10:05:50,126.15,3636118
2021-06-17 10:05:54,126.15,3636797
2021-06-17 10:06:01,125.95,3675109
2021-06-17 10:06:06,125.95,3675111
2021-06-17 10:06:09,125.95,3675142
2021-06-17 10:06:13,125.95,3680509
2021-06-17 10:06:18,125.95,3681135
2021-06-17 10:06:21,125.9,3681164
2021-06-17 10:06:26,125.9,3685580
2021-06-17 10:06:30,125.9,3687900
2021-06-17 10:06:34,125.9,3695443
2021-06-17 10:06:38,125.9,3714922
2021-06-17 10:06:42,125.95,3718870
2021-06-17 10:06:46,126.0,3719570
2021-06-17 10:06:50,125.9,3725717
2021-06-17 10:06:53,125.95,3726381
2021-06-17 10:06:58,125.9,3726599
2021-06-17 10:07:06,125.95,3753949
2021-06-17 10:07:10,125.9,3754327
2021-06-17 10:07:15,125.95,3760090
2021-06-17 10:07:19,126.0,3760513
2021-06-17 10:07:23,125.95,3760965
2021-06-17 10:07:27,125.95,3765521
2021-06-17 10:07:31,126.05,3765998
2021-06-17 10:07:35,125.95,3766412
2021-06-17 10:07:39,126.0,3771092
2021-06-17 10:07:44,125.95,3771112
2021-06-17 10:07:47,126.0,3772291
2021-06-17 10:07:52,126.0,3776770
2021-06-17 10:07:55,125.9,3779706
2021-06-17 10:07:59,126.0,3780588
2021-06-17 10:08:03,126.0,3785921
2021-06-17 10:08:07,126.0,3785921
2021-06-17 10:08:11,125.95,3786001
2021-06-17 10:08:15,125.9,3790414
2021-06-17 10:08:19,125.95,3790694
2021-06-17 10:08:23,125.95,3790810
2021-06-17 10:08:27,125.95,3797168
2021-06-17 10:08:32,125.95,3797933
2021-06-17 10:08:36,125.9,3797934
2021-06-17 10:08:40,125.95,3802303
2021-06-17 10:08:47,125.9,3805655
2021-06-17 10:08:51,125.95,3809986
2021-06-17 10:08:56,125.95,3810256
2021-06-17 10:09:00,125.85,3814914
2021-06-17 10:09:04,125.95,3815466
2021-06-17 10:09:08,125.85,3816999
2021-06-17 10:09:12,125.95,3817103
2021-06-17 10:09:15,125.95,3829427
2021-06-17 10:09:19,125.95,3829452
2021-06-17 10:09:23,126.1,3830082
2021-06-17 10:09:27,126.1,3834559
2021-06-17 10:09:34,126.0,3834620
2021-06-17 10:09:38,126.1,3839269
2021-06-17 10:09:42,126.0,3839612
2021-06-17 10:09:47,125.95,3840006
2021-06-17 10:09:55,126.05,3845470
2021-06-17 10:10:00,126.0,3845485
2021-06-17 10:10:04,126.0,3849819
2021-06-17 10:10:08,126.0,3849825
2021-06-17 10:10:12,126.0,3850955
2021-06-17 10:10:16,126.0,3855302
2021-06-17 10:10:20,126.0,3858304
2021-06-17 10:10:24,125.95,3859383
2021-06-17 10:10:28,125.95,3863770
2021-06-17 10:10:31,125.95,3865777
2021-06-17 10:10:35,125.95,3865777
2021-06-17 10:10:39,125.9,3870371
2021-06-17 10:10:43,126.0,3870797
2021-06-17 10:10:46,126.0,3870970
2021-06-17 10:10:50,125.95,3875620
2021-06-17 10:10:54,125.95,3875718
2021-06-17 10:10:58,125.95,3875898
2021-06-17 10:11:01,125.95,3876048
2021-06-17 10:11:05,125.95,3879158
2021-06-17 10:11:08,125.95,3879160
2021-06-17 10:11:12,125.9,3879265
2021-06-17 10:11:15,125.95,3879270
2021-06-17 10:11:19,125.95,3879302
2021-06-17 10:11:23,125.9,3879740
2021-06-17 10:11:26,125.95,3879824
2021-06-17 10:11:30,125.95,3885811
2021-06-17 10:11:34,126.05,3885841
2021-06-17 10:11:38,126.0,3895936
2021-06-17 10:11:41,126.05,3896122
2021-06-17 10:11:45,126.1,3896180
2021-06-17 10:11:49,126.1,3896271
2021-06-17 10:11:53,126.2,3917051
2021-06-17 10:11:58,126.2,3917697
2021-06-17 10:12:02,126.2,3917715
2021-06-17 10:12:06,126.1,3917735
2021-06-17 10:12:10,126.1,3917735
2021-06-17 10:12:14,126.1,3917785
2021-06-17 10:12:17,126.1,3917785
2021-06-17 10:12:22,126.1,3918119
2021-06-17 10:12:26,126.15,3918867
2021-06-17 10:12:30,126.1,3919184
2021-06-17 10:12:35,126.05,3919444
2021-06-17 10:12:39,126.05,3920005
2021-06-17 10:12:43,126.15,3921968
2021-06-17 10:12:47,126.1,3933056
2021-06-17 10:12:51,126.1,3933316
2021-06-17 10:12:55,126.15,3933441
2021-06-17 10:12:59,126.2,3934405
2021-06-17 10:13:03,126.2,3934505
2021-06-17 10:13:08,126.2,3936978
2021-06-17 10:13:12,126.2,3937149
2021-06-17 10:13:16,126.2,3937571
2021-06-17 10:13:20,126.1,3938936
2021-06-17 10:13:23,126.1,3938977
2021-06-17 10:13:27,126.15,3948336
2021-06-17 10:13:31,126.15,3948722
2021-06-17 10:13:35,126.15,3948845
2021-06-17 10:13:39,126.2,3951302
2021-06-17 10:13:47,126.15,3951623
2021-06-17 10:13:51,126.15,3951623
2021-06-17 10:13:55,126.15,3953151
2021-06-17 10:13:59,126.15,3956121
2021-06-17 10:14:03,126.15,3957115
2021-06-17 10:14:07,126.25,3957214
2021-06-17 10:14:11,126.25,3957222
2021-06-17 10:14:14,126.15,3957532
2021-06-17 10:14:18,126.25,3957533
2021-06-17 10:14:25,126.2,3958901
2021-06-17 10:14:29,126.15,3959521
2021-06-17 10:14:32,126.25,3960652
2021-06-17 10:14:36,126.2,3961020
2021-06-17 10:14:45,126.2,3962437
2021-06-17 10:14:49,126.25,3964262
2021-06-17 10:14:57,126.25,3965910
2021-06-17 10:15:02,126.25,3968285
2021-06-17 10:15:06,126.25,3968456
2021-06-17 10:15:14,126.2,3973215
2021-06-17 10:15:17,126.2,3973240
2021-06-17 10:15:21,126.15,3977123
2021-06-17 10:15:25,126.2,3977143
2021-06-17 10:15:29,126.15,3977378
2021-06-17 10:15:33,126.15,3977384
2021-06-17 10:15:36,126.1,3978444
2021-06-17 10:15:40,126.15,3978487
2021-06-17 10:15:44,126.15,3978806
2021-06-17 10:15:48,126.1,3978936
2021-06-17 10:15:55,126.1,3983309
2021-06-17 10:15:59,126.1,3983460
2021-06-17 10:16:03,126.1,3985512
2021-06-17 10:16:07,126.1,3986226
2021-06-17 10:16:11,126.1,3987992
2021-06-17 10:16:15,126.1,3988220
2021-06-17 10:16:18,126.0,3994872
2021-06-17 10:16:22,126.05,3996948
2021-06-17 10:16:26,126.05,3997109
2021-06-17 10:16:30,126.0,3997433
2021-06-17 10:16:38,126.0,4000326
2021-06-17 10:16:42,126.0,4000520
2021-06-17 10:16:45,126.05,4000873
2021-06-17 10:16:49,126.05,4000970
2021-06-17 10:16:53,126.05,4000970
2021-06-17 10:17:01,126.05,4002275
2021-06-17 10:17:05,126.05,4002532
2021-06-17 10:17:08,126.05,4002533
2021-06-17 10:17:12,126.0,4002943
2021-06-17 10:17:15,126.0,4002945
2021-06-17 10:17:20,126.05,4011209
2021-06-17 10:17:24,126.0,4011360
2021-06-17 10:17:28,126.0,4011711
2021-06-17 10:17:32,126.05,4011731
2021-06-17 10:17:36,126.05,4011789
2021-06-17 10:17:39,126.05,4012737
2021-06-17 10:17:47,126.1,4012899
2021-06-17 10:17:51,126.1,4013772
2021-06-17 10:17:55,126.1,4013831
2021-06-17 10:17:58,126.15,4013951
2021-06-17 10:18:02,126.1,4014079
2021-06-17 10:18:07,126.15,4014918
2021-06-17 10:18:11,126.15,4015718
2021-06-17 10:18:15,126.1,4015822
2021-06-17 10:18:19,126.1,4017096
2021-06-17 10:18:22,126.15,4018296
2021-06-17 10:18:26,126.1,4019274
2021-06-17 10:18:30,126.1,4019527
2021-06-17 10:18:34,126.15,4019528
2021-06-17 10:18:38,126.15,4019528
2021-06-17 10:18:41,126.15,4019581
2021-06-17 10:18:45,126.1,4020269
2021-06-17 10:18:49,126.1,4020673
2021-06-17 10:18:53,126.15,4020779
2021-06-17 10:18:57,126.1,4025739
2021-06-17 10:19:01,126.1,4049783
2021-06-17 10:19:05,126.1,4050789
2021-06-17 10:19:09,126.05,4050814
2021-06-17 10:19:13,126.05,4050827
2021-06-17 10:19:17,126.05,4051261
2021-06-17 10:19:21,126.05,4051331
2021-06-17 10:19:25,126.05,4056374
2021-06-17 10:19:29,126.1,4056384
2021-06-17 10:19:32,126.15,4061649
2021-06-17 10:19:36,126.15,4061649
2021-06-17 10:19:39,126.15,4061649
2021-06-17 10:19:42,126.25,4067196
2021-06-17 10:19:46,126.2,4067389
2021-06-17 10:19:50,126.2,4067818
2021-06-17 10:19:54,126.2,4068033
2021-06-17 10:19:58,126.2,4068111
2021-06-17 10:20:01,126.15,4069122
2021-06-17 10:20:05,126.15,4069172
2021-06-17 10:20:08,126.2,4069480
2021-06-17 10:20:13,126.2,4070498
2021-06-17 10:20:16,126.15,4070659
2021-06-17 10:20:20,126.2,4070779
2021-06-17 10:20:24,126.2,4071034
2021-06-17 10:20:28,126.2,4077040
2021-06-17 10:20:31,126.2,4077102
2021-06-17 10:20:35,126.2,4077602
2021-06-17 10:20:39,126.2,4077804
2021-06-17 10:20:42,126.2,4077830
2021-06-17 10:20:46,126.15,4081280
2021-06-17 10:20:50,126.15,4081280
2021-06-17 10:20:53,126.2,4085092
2021-06-17 10:20:56,126.15,4085902
2021-06-17 10:21:00,126.15,4086029
2021-06-17 10:21:03,126.15,4086029
2021-06-17 10:21:07,126.15,4089177
2021-06-17 10:21:10,126.15,4089182
2021-06-17 10:21:14,126.15,4091321
2021-06-17 10:21:17,126.1,4094438
2021-06-17 10:21:20,126.05,4094938
2021-06-17 10:21:24,126.05,4094938
2021-06-17 10:21:27,126.05,4094938
2021-06-17 10:21:30,126.1,4094952
2021-06-17 10:21:34,126.1,4096952
2021-06-17 10:21:38,126.1,4096973
2021-06-17 10:21:42,126.1,4097036
2021-06-17 10:21:46,126.15,4097236
2021-06-17 10:21:50,126.05,4105095
2021-06-17 10:21:53,126.15,4106855
2021-06-17 10:21:57,126.15,4106984
2021-06-17 10:22:01,126.2,4107660
2021-06-17 10:22:05,126.2,4107966
2021-06-17 10:22:09,126.15,4108166
2021-06-17 10:22:12,126.15,4108491
2021-06-17 10:22:16,126.1,4110909
2021-06-17 10:22:20,126.15,4120812
2021-06-17 10:22:24,126.15,4125491
2021-06-17 10:22:28,126.15,4125730
2021-06-17 10:22:32,126.15,4129555
2021-06-17 10:22:36,126.15,4129557
2021-06-17 10:22:40,126.2,4131134
2021-06-17 10:22:44,126.2,4131143
2021-06-17 10:22:48,126.15,4131221
2021-06-17 10:22:51,126.15,4131371
2021-06-17 10:22:55,126.2,4131381
2021-06-17 10:23:03,126.2,4132802
2021-06-17 10:23:06,126.15,4133973
2021-06-17 10:23:10,126.15,4134177
2021-06-17 10:23:14,126.2,4136556
2021-06-17 10:23:18,126.2,4136666
2021-06-17 10:23:22,126.15,4136992
2021-06-17 10:23:26,126.2,4137092
2021-06-17 10:23:29,126.2,4137692
2021-06-17 10:23:33,126.2,4137802
2021-06-17 10:23:36,126.2,4137852
2021-06-17 10:23:40,126.15,4137987
2021-06-17 10:23:43,126.2,4138141
2021-06-17 10:23:47,126.15,4138360
2021-06-17 10:23:51,126.15,4145560
2021-06-17 10:23:55,126.2,4145660
2021-06-17 10:23:58,126.15,4147117
2021-06-17 10:24:02,126.2,4147418
2021-06-17 10:24:05,126.2,4147445
2021-06-17 10:24:09,126.15,4147647
2021-06-17 10:24:12,126.15,4148467
2021-06-17 10:24:16,126.15,4148574
2021-06-17 10:24:19,126.15,4149161
2021-06-17 10:24:22,126.15,4151199
2021-06-17 10:24:25,126.2,4151200
2021-06-17 10:24:29,126.15,4151610
2021-06-17 10:24:33,126.15,4151755
2021-06-17 10:24:37,126.15,4151864
2021-06-17 10:24:40,126.2,4151881
2021-06-17 10:24:44,126.2,4152181
2021-06-17 10:24:48,126.15,4152208
2021-06-17 10:24:51,126.2,4152323
2021-06-17 10:24:55,126.2,4152323
2021-06-17 10:24:58,126.2,4152328
2021-06-17 10:25:01,126.15,4152368
2021-06-17 10:25:05,126.15,4168436
2021-06-17 10:25:08,126.1,4176261
2021-06-17 10:25:12,126.15,4177100
2021-06-17 10:25:15,126.15,4179072
2021-06-17 10:25:19,126.1,4179225
2021-06-17 10:25:23,126.1,4179529
2021-06-17 10:25:26,126.1,4180084
2021-06-17 10:25:29,126.1,4180212
2021-06-17 10:25:33,126.05,4181030
2021-06-17 10:25:36,126.1,4181034
2021-06-17 10:25:39,126.1,4181439
2021-06-17 10:25:43,126.05,4181739
2021-06-17 10:25:46,126.05,4182171
2021-06-17 10:25:50,126.1,4182727
2021-06-17 10:25:53,126.0,4182821
2021-06-17 10:25:56,126.0,4183948
2021-06-17 10:26:00,126.05,4186259
2021-06-17 10:26:04,125.95,4207197
2021-06-17 10:26:08,125.95,4207198
2021-06-17 10:26:12,125.95,4207241
2021-06-17 10:26:16,126.0,4207451
2021-06-17 10:26:19,126.0,4207462
2021-06-17 10:26:23,126.0,4208225
2021-06-17 10:26:26,126.0,4208823
2021-06-17 10:26:30,126.0,4208843
2021-06-17 10:26:33,126.0,4208843
2021-06-17 10:26:37,125.95,4210803
2021-06-17 10:26:44,125.95,4213075
2021-06-17 10:26:47,126.0,4215085
2021-06-17 10:26:51,126.0,4216087
2021-06-17 10:26:55,125.95,4216272
2021-06-17 10:26:59,126.0,4216751
2021-06-17 10:27:02,126.0,4216752
2021-06-17 10:27:06,125.95,4216772
2021-06-17 10:27:10,125.95,4216774
2021-06-17 10:27:13,126.0,4217047
2021-06-17 10:27:17,125.95,4217429
2021-06-17 10:27:20,126.0,4217589
2021-06-17 10:27:24,126.0,4217639
2021-06-17 10:27:28,125.95,4217779
2021-06-17 10:27:32,125.95,4219228
2021-06-17 10:27:36,125.95,4219232
2021-06-17 10:27:39,125.95,4219543
2021-06-17 10:27:47,126.0,4220669
2021-06-17 10:27:50,125.95,4220919
2021-06-17 10:27:54,125.95,4221047
2021-06-17 10:27:58,125.95,4221049
2021-06-17 10:28:01,126.0,4221100
2021-06-17 10:28:05,125.95,4221201
2021-06-17 10:28:13,125.95,4221471
2021-06-17 10:28:17,125.95,4221711
2021-06-17 10:28:20,125.95,4222774
2021-06-17 10:28:24,125.95,4222925
2021-06-17 10:28:28,125.95,4222998
2021-06-17 10:28:31,125.95,4223123
2021-06-17 10:28:35,125.95,4223273
2021-06-17 10:28:38,126.0,4223283
2021-06-17 10:28:42,126.0,4223333
2021-06-17 10:28:46,125.95,4223433
2021-06-17 10:28:49,126.0,4223458
2021-06-17 10:28:53,126.0,4224654
2021-06-17 10:28:56,126.0,4224665
2021-06-17 10:29:00,125.95,4225112
2021-06-17 10:29:04,125.95,4225164
2021-06-17 10:29:07,125.95,4225201
2021-06-17 10:29:15,125.95,4225737
2021-06-17 10:29:18,125.95,4225931
2021-06-17 10:29:22,125.95,4226051
2021-06-17 10:29:25,125.95,4226051
2021-06-17 10:29:33,125.95,4226692
2021-06-17 10:29:36,125.95,4226701
2021-06-17 10:29:40,125.95,4226711
2021-06-17 10:29:44,126.0,4226960
2021-06-17 10:29:47,126.0,4226960
2021-06-17 10:29:51,125.95,4226961
2021-06-17 10:29:54,125.95,4234427
2021-06-17 10:29:58,125.95,4234434
2021-06-17 10:30:02,125.85,4252636
2021-06-17 10:30:06,125.8,4297577
2021-06-17 10:30:10,125.85,4299407
2021-06-17 10:30:13,125.8,4299938
2021-06-17 10:30:17,125.8,4300028
2021-06-17 10:30:21,125.85,4300070
2021-06-17 10:30:25,125.85,4300222
2021-06-17 10:30:28,125.9,4300525
2021-06-17 10:30:32,125.85,4301557
2021-06-17 10:30:35,125.9,4301568
2021-06-17 10:30:39,125.85,4301569
2021-06-17 10:30:42,125.9,4302138
2021-06-17 10:30:46,125.9,4302358
2021-06-17 10:30:50,125.85,4302413
2021-06-17 10:30:53,125.9,4302551
2021-06-17 10:30:57,125.9,4302593
2021-06-17 10:31:00,125.9,4302608
2021-06-17 10:31:04,125.85,4317259
2021-06-17 10:31:07,125.85,4318688
2021-06-17 10:31:11,125.85,4319146
2021-06-17 10:31:14,125.8,4319302
2021-06-17 10:31:18,125.85,4319380
2021-06-17 10:31:22,125.85,4319659
2021-06-17 10:31:26,125.8,4320760
2021-06-17 10:31:29,125.8,4321160
2021-06-17 10:31:33,125.9,4326641
2021-06-17 10:31:36,125.85,4326726
2021-06-17 10:31:40,125.9,4326780
2021-06-17 10:31:43,125.8,4329870
2021-06-17 10:31:48,125.9,4331631
2021-06-17 10:31:51,125.9,4331633
2021-06-17 10:31:54,125.8,4331646
2021-06-17 10:31:57,125.8,4331649
2021-06-17 10:32:01,125.9,4331679
2021-06-17 10:32:04,125.9,4331679
2021-06-17 10:32:08,125.85,4333131
2021-06-17 10:32:11,125.85,4333943
2021-06-17 10:32:15,125.8,4335095
2021-06-17 10:32:18,125.8,4335307
2021-06-17 10:32:21,125.85,4338329
2021-06-17 10:32:25,125.85,4338384
2021-06-17 10:32:28,125.95,4348817
2021-06-17 10:32:35,125.9,4348849
2021-06-17 10:32:38,125.9,4348899
2021-06-17 10:32:42,125.95,4349222
2021-06-17 10:32:45,125.95,4349547
2021-06-17 10:32:49,125.95,4349605
2021-06-17 10:32:52,125.9,4349672
2021-06-17 10:32:56,125.95,4349722
2021-06-17 10:32:59,125.95,4349732
2021-06-17 10:33:02,125.95,4349732
2021-06-17 10:33:06,125.95,4349733
2021-06-17 10:33:09,125.9,4349753
2021-06-17 10:33:14,125.95,4349951
2021-06-17 10:33:18,125.85,4351951
2021-06-17 10:33:26,125.85,4352087
2021-06-17 10:33:31,125.85,4355500
2021-06-17 10:33:35,125.85,4355501
2021-06-17 10:33:38,125.85,4355527
2021-06-17 10:33:42,125.85,4356125
2021-06-17 10:33:45,125.85,4356252
2021-06-17 10:33:49,125.85,4356717
2021-06-17 10:33:53,125.85,4356938
2021-06-17 10:33:56,125.85,4357952
2021-06-17 10:34:00,125.85,4359957
2021-06-17 10:34:04,125.85,4360992
2021-06-17 10:34:08,125.85,4361010
2021-06-17 10:34:11,125.85,4361160
2021-06-17 10:34:15,125.85,4361363
2021-06-17 10:34:18,125.85,4361714
2021-06-17 10:34:21,125.85,4362614
2021-06-17 10:34:25,125.9,4362774
2021-06-17 10:34:29,125.85,4363359
2021-06-17 10:34:33,125.9,4363454
2021-06-17 10:34:36,125.85,4363608
2021-06-17 10:34:39,125.9,4363908
2021-06-17 10:34:43,125.9,4364038
2021-06-17 10:34:47,125.9,4364241
2021-06-17 10:34:50,125.9,4364244
2021-06-17 10:34:53,125.9,4365745
2021-06-17 10:34:57,125.9,4365745
2021-06-17 10:35:00,125.9,4365746
2021-06-17 10:35:04,125.9,4366746
2021-06-17 10:35:07,125.9,4366840
2021-06-17 10:35:11,125.85,4367844
2021-06-17 10:35:14,125.9,4367919
2021-06-17 10:35:18,125.95,4368943
2021-06-17 10:35:21,125.95,4368955
2021-06-17 10:35:24,125.95,4369585
2021-06-17 10:35:28,125.9,4369887
2021-06-17 10:35:31,125.95,4370161
2021-06-17 10:35:34,125.9,4370166
2021-06-17 10:35:38,125.9,4370166
2021-06-17 10:35:41,125.9,4370212
2021-06-17 10:35:45,125.9,4370223
2021-06-17 10:35:48,125.9,4370327
2021-06-17 10:35:52,125.9,4370422
2021-06-17 10:35:55,125.9,4370432
2021-06-17 10:35:58,125.9,4370564
2021-06-17 10:36:02,125.9,4370564
2021-06-17 10:36:05,125.9,4370790
2021-06-17 10:36:09,125.95,4370890
2021-06-17 10:36:12,125.9,4371202
2021-06-17 10:36:16,125.95,4371253
2021-06-17 10:36:27,125.95,4372077
2021-06-17 10:36:35,125.95,4372123
2021-06-17 10:36:39,125.95,4372123
2021-06-17 10:36:43,125.9,4382903
2021-06-17 10:36:46,125.85,4384358
2021-06-17 10:36:50,125.85,4386390
2021-06-17 10:36:54,125.9,4386562
2021-06-17 10:36:58,125.9,4386820
2021-06-17 10:37:02,125.95,4386935
2021-06-17 10:37:05,125.9,4387785
2021-06-17 10:37:12,125.95,4388196
2021-06-17 10:37:16,125.9,4388197
2021-06-17 10:37:19,125.9,4388197
2021-06-17 10:37:23,125.95,4391502
2021-06-17 10:37:27,125.95,4391810
2021-06-17 10:37:31,125.9,4392658
2021-06-17 10:37:35,125.8,4416666
2021-06-17 10:37:39,125.8,4417572
2021-06-17 10:37:42,125.9,4417876
2021-06-17 10:37:46,125.8,4418007
2021-06-17 10:37:49,125.9,4418507
2021-06-17 10:37:53,125.85,4418510
2021-06-17 10:37:56,125.85,4418996
2021-06-17 10:38:00,125.9,4419716
2021-06-17 10:38:04,125.85,4419728
2021-06-17 10:38:07,125.9,4419848
2021-06-17 10:38:10,125.9,4419848
2021-06-17 10:38:13,125.85,4420099
2021-06-17 10:38:17,125.85,4420195
2021-06-17 10:38:24,125.85,4423126
2021-06-17 10:38:28,125.85,4423716
2021-06-17 10:38:32,125.85,4424172
2021-06-17 10:38:35,125.9,4424192
2021-06-17 10:38:39,125.85,4424368
2021-06-17 10:38:46,125.9,4426068
2021-06-17 10:38:50,125.85,4426075
2021-06-17 10:38:54,125.9,4426320
2021-06-17 10:38:57,125.85,4426350
2021-06-17 10:39:01,125.85,4426425
2021-06-17 10:39:04,125.85,4426529
2021-06-17 10:39:08,125.9,4426558
2021-06-17 10:39:12,125.85,4426779
2021-06-17 10:39:16,125.85,4426820
2021-06-17 10:39:19,125.9,4429733
2021-06-17 10:39:23,125.9,4429944
2021-06-17 10:39:27,125.85,4429946
2021-06-17 10:39:31,125.95,4430071
2021-06-17 10:39:34,125.85,4430086
2021-06-17 10:39:38,125.85,4430089
2021-06-17 10:39:41,125.85,4430119
2021-06-17 10:39:45,125.95,4430839
2021-06-17 10:39:49,125.85,4430899
2021-06-17 10:39:52,125.85,4431649
2021-06-17 10:39:57,125.95,4431749
2021-06-17 10:40:01,125.95,4431958
2021-06-17 10:40:05,125.9,4433922
2021-06-17 10:40:09,125.95,4433973
2021-06-17 10:40:13,125.95,4434097
2021-06-17 10:40:17,125.9,4436118
2021-06-17 10:40:21,125.95,4436128
2021-06-17 10:40:24,125.95,4436140
2021-06-17 10:40:28,125.9,4436341
2021-06-17 10:40:32,125.95,4436398
2021-06-17 10:40:35,125.9,4436401
2021-06-17 10:40:39,125.9,4436401
2021-06-17 10:40:46,125.95,4437601
2021-06-17 10:40:49,125.9,4437946
2021-06-17 10:40:53,125.9,4439262
2021-06-17 10:40:57,125.9,4439562
2021-06-17 10:41:01,125.95,4439598
2021-06-17 10:41:05,125.9,4441077
2021-06-17 10:41:09,125.9,4441077
2021-06-17 10:41:12,125.9,4441121
2021-06-17 10:41:16,125.9,4441263
2021-06-17 10:41:20,126.0,4441284
2021-06-17 10:41:24,126.0,4441985
2021-06-17 10:41:28,126.0,4442245
2021-06-17 10:41:31,125.95,4442570
2021-06-17 10:41:35,125.95,4445087
2021-06-17 10:41:38,126.0,4445158
2021-06-17 10:41:42,126.0,4445162
2021-06-17 10:41:45,125.95,4445182
2021-06-17 10:41:48,126.0,4449680
2021-06-17 10:41:52,126.0,4449911
2021-06-17 10:41:56,125.9,4449974
2021-06-17 10:41:59,126.0,4450229
2021-06-17 10:42:03,126.0,4451031
2021-06-17 10:42:07,125.9,4451381
2021-06-17 10:42:10,126.0,4451486
2021-06-17 10:42:14,126.0,4451490
2021-06-17 10:42:18,125.9,4452091
2021-06-17 10:42:21,126.0,4454111
2021-06-17 10:42:25,126.0,4454261
2021-06-17 10:42:28,126.0,4454306
2021-06-17 10:42:32,126.0,4454467
2021-06-17 10:42:36,126.0,4454467
2021-06-17 10:42:39,126.0,4454632
2021-06-17 10:42:42,125.9,4454652
2021-06-17 10:42:45,125.9,4454652
2021-06-17 10:42:49,125.9,4455053
2021-06-17 10:42:53,126.0,4455118
2021-06-17 10:42:57,125.95,4466197
2021-06-17 10:43:01,125.9,4466200
2021-06-17 10:43:05,125.9,4466230
2021-06-17 10:43:10,125.95,4466231
2021-06-17 10:43:13,125.95,4466331
2021-06-17 10:43:17,125.9,4466456
2021-06-17 10:43:20,125.9,4466757
2021-06-17 10:43:24,125.9,4467071
2021-06-17 10:43:27,125.9,4467071
2021-06-17 10:43:30,125.9,4467741
2021-06-17 10:43:34,125.95,4467742
2021-06-17 10:43:37,125.95,4467742
2021-06-17 10:43:40,125.95,4468234
2021-06-17 10:43:43,125.95,4468234
2021-06-17 10:43:47,125.9,4472784
2021-06-17 10:43:51,125.9,4472981
2021-06-17 10:43:54,125.9,4473085
2021-06-17 10:43:57,125.9,4473337
2021-06-17 10:44:01,125.9,4474646
2021-06-17 10:44:05,125.85,4475876
2021-06-17 10:44:08,125.85,4477087
2021-06-17 10:44:11,125.85,4477188
2021-06-17 10:44:15,125.85,4477188
2021-06-17 10:44:18,125.85,4477288
2021-06-17 10:44:22,125.8,4477420
2021-06-17 10:44:26,125.8,4478082
2021-06-17 10:44:29,125.8,4478082
2021-06-17 10:44:32,125.85,4478149
2021-06-17 10:44:36,125.85,4478193
2021-06-17 10:44:39,125.8,4491513
2021-06-17 10:44:43,125.8,4510167
2021-06-17 10:44:47,125.7,4510192
2021-06-17 10:44:51,125.7,4511234
2021-06-17 10:44:55,125.7,4514809
2021-06-17 10:44:59,125.75,4514863
2021-06-17 10:45:02,125.75,4515316
2021-06-17 10:45:06,125.75,4515431
2021-06-17 10:45:10,125.65,4538707
2021-06-17 10:45:13,125.7,4538958
2021-06-17 10:45:17,125.75,4543163
2021-06-17 10:45:20,125.65,4543688
2021-06-17 10:45:24,125.7,4545115
2021-06-17 10:45:31,125.75,4566356
2021-06-17 10:45:34,125.7,4570366
2021-06-17 10:45:37,125.75,4570421
2021-06-17 10:45:40,125.8,4576296
2021-06-17 10:45:43,125.8,4576321
2021-06-17 10:45:47,125.8,4576536
2021-06-17 10:45:50,125.8,4576538
2021-06-17 10:45:54,125.85,4576900
2021-06-17 10:45:57,125.85,4577400
2021-06-17 10:46:01,125.85,4577600
2021-06-17 10:46:05,125.85,4577653
2021-06-17 10:46:09,125.85,4580154
2021-06-17 10:46:16,125.8,4582452
2021-06-17 10:46:19,125.85,4584756
2021-06-17 10:46:22,125.9,4585455
2021-06-17 10:46:26,125.9,4585771
2021-06-17 10:46:29,125.85,4588154
2021-06-17 10:46:32,125.85,4588738
2021-06-17 10:46:36,125.85,4588941
2021-06-17 10:46:39,125.85,4590009
2021-06-17 10:46:42,125.85,4590009
2021-06-17 10:46:45,125.9,4590209
2021-06-17 10:46:49,125.8,4592261
2021-06-17 10:46:52,125.8,4592419
2021-06-17 10:46:55,125.8,4592481
2021-06-17 10:46:58,125.85,4594793
2021-06-17 10:47:02,125.8,4595231
2021-06-17 10:47:05,125.85,4596169
2021-06-17 10:47:09,125.85,4600675
2021-06-17 10:47:12,125.85,4600705
2021-06-17 10:47:15,125.85,4600705
2021-06-17 10:47:18,125.75,4601105
2021-06-17 10:47:22,125.85,4601112
2021-06-17 10:47:25,125.8,4601803
2021-06-17 10:47:29,125.85,4601804
2021-06-17 10:47:32,125.75,4601863
2021-06-17 10:47:35,125.75,4602154
2021-06-17 10:47:39,125.8,4602156
2021-06-17 10:47:42,125.8,4604157
2021-06-17 10:47:46,125.75,4605895
2021-06-17 10:47:49,125.75,4605940
2021-06-17 10:47:53,125.7,4606318
2021-06-17 10:47:56,125.7,4606389
2021-06-17 10:48:00,125.7,4608822
2021-06-17 10:48:03,125.7,4610783
2021-06-17 10:48:07,125.7,4610821
2021-06-17 10:48:10,125.75,4611223
2021-06-17 10:48:14,125.65,4615647
2021-06-17 10:48:17,125.75,4616096
2021-06-17 10:48:21,125.7,4616195
2021-06-17 10:48:24,125.75,4616281
2021-06-17 10:48:27,125.75,4616939
2021-06-17 10:48:31,125.7,4617192
2021-06-17 10:48:35,125.75,4617602
2021-06-17 10:48:39,125.7,4618915
2021-06-17 10:48:43,125.7,4619366
2021-06-17 10:48:47,125.7,4620240
2021-06-17 10:48:51,125.75,4620428
2021-06-17 10:48:55,125.7,4620450
2021-06-17 10:48:58,125.7,4620695
2021-06-17 10:49:01,125.75,4620752
2021-06-17 10:49:05,125.7,4620976
2021-06-17 10:49:08,125.7,4622776
2021-06-17 10:49:12,125.7,4624076
2021-06-17 10:49:15,125.75,4624276
2021-06-17 10:49:19,125.75,4624477
2021-06-17 10:49:22,125.75,4626552
2021-06-17 10:49:26,125.75,4626767
2021-06-17 10:49:29,125.7,4626807
2021-06-17 10:49:32,125.75,4626903
2021-06-17 10:49:36,125.7,4627543
2021-06-17 10:49:39,125.75,4628093
2021-06-17 10:49:42,125.7,4628251
2021-06-17 10:49:46,125.75,4628261
2021-06-17 10:49:49,125.75,4628384
2021-06-17 10:49:52,125.7,4628405
2021-06-17 10:49:56,125.7,4628911
2021-06-17 10:49:59,125.75,4628915
2021-06-17 10:50:03,125.7,4628928
2021-06-17 10:50:06,125.75,4629028
2021-06-17 10:50:10,125.7,4629758
2021-06-17 10:50:14,125.75,4629970
2021-06-17 10:50:17,125.75,4629971
2021-06-17 10:50:21,125.75,4631357
2021-06-17 10:50:24,125.75,4633849
2021-06-17 10:50:28,125.75,4633849
2021-06-17 10:50:31,125.75,4633854
2021-06-17 10:50:34,125.75,4633927
2021-06-17 10:50:38,125.7,4633986
2021-06-17 10:50:41,125.7,4634288
2021-06-17 10:50:44,125.7,4634288
2021-06-17 10:50:48,125.7,4634374
2021-06-17 10:50:52,125.75,4634433
2021-06-17 10:50:55,125.75,4635159
2021-06-17 10:50:59,125.7,4636687
2021-06-17 10:51:03,125.65,4639789
2021-06-17 10:51:06,125.7,4649850
2021-06-17 10:51:09,125.65,4710203
2021-06-17 10:51:13,125.65,4710492
2021-06-17 10:51:17,125.7,4710702
2021-06-17 10:51:20,125.7,4713402
2021-06-17 10:51:24,125.6,4713602
2021-06-17 10:51:27,125.6,4714365
2021-06-17 10:51:31,125.7,4714392
2021-06-17 10:51:34,125.6,4721989
2021-06-17 10:51:37,125.7,4722350
2021-06-17 10:51:40,125.6,4724008
2021-06-17 10:51:43,125.65,4724506
2021-06-17 10:51:47,125.6,4724620
2021-06-17 10:51:51,125.65,4724735
2021-06-17 10:51:54,125.65,4726655
2021-06-17 10:51:57,125.7,4729060
2021-06-17 10:52:01,125.7,4729069
2021-06-17 10:52:04,125.7,4730285
2021-06-17 10:52:07,125.7,4730290
2021-06-17 10:52:10,125.75,4730310
2021-06-17 10:52:14,125.65,4731541
2021-06-17 10:52:17,125.7,4731751
2021-06-17 10:52:20,125.7,4731963
2021-06-17 10:52:24,125.7,4731991
2021-06-17 10:52:28,125.65,4732531
2021-06-17 10:52:31,125.65,4732556
2021-06-17 10:52:35,125.65,4733049
2021-06-17 10:52:38,125.7,4733149
2021-06-17 10:52:42,125.65,4733236
2021-06-17 10:52:45,125.65,4733820
2021-06-17 10:52:48,125.65,4733925
2021-06-17 10:52:52,125.75,4751619
2021-06-17 10:52:55,125.75,4751622
2021-06-17 10:52:59,125.8,4752890
2021-06-17 10:53:02,125.8,4753044
2021-06-17 10:53:05,125.8,4753054
2021-06-17 10:53:09,125.8,4753106
2021-06-17 10:53:12,125.8,4753237
2021-06-17 10:53:15,125.8,4753281
2021-06-17 10:53:18,125.8,4754053
2021-06-17 10:53:22,125.8,4754178
2021-06-17 10:53:25,125.8,4754578
2021-06-17 10:53:28,125.8,4754828
2021-06-17 10:53:31,125.8,4754828
2021-06-17 10:53:34,125.75,4754867
2021-06-17 10:53:37,125.8,4754868
2021-06-17 10:53:40,125.8,4755073
2021-06-17 10:53:43,125.75,4755143
2021-06-17 10:53:47,125.75,4755323
2021-06-17 10:53:50,125.8,4756409
2021-06-17 10:53:53,125.8,4756409
2021-06-17 10:53:56,125.75,4759864
2021-06-17 10:53:59,125.8,4759908
2021-06-17 10:54:02,125.8,4760014
2021-06-17 10:54:06,125.75,4771491
2021-06-17 10:54:13,125.75,4771714
2021-06-17 10:54:17,125.75,4773130
2021-06-17 10:54:20,125.8,4773656
2021-06-17 10:54:24,125.8,4773656
2021-06-17 10:54:28,125.7,4773880
2021-06-17 10:54:31,125.7,4773880
2021-06-17 10:54:34,125.8,4774916
2021-06-17 10:54:37,125.75,4774961
2021-06-17 10:54:40,125.8,4774981
2021-06-17 10:54:43,125.75,4775145
2021-06-17 10:54:46,125.75,4775147
2021-06-17 10:54:50,125.75,4777852
2021-06-17 10:54:54,125.7,4777907
2021-06-17 10:54:57,125.75,4778623
2021-06-17 10:55:01,125.7,4781802
2021-06-17 10:55:06,125.75,4783315
2021-06-17 10:55:09,125.8,4783351
2021-06-17 10:55:12,125.8,4783351
2021-06-17 10:55:15,125.8,4783893
2021-06-17 10:55:18,125.7,4784398
2021-06-17 10:55:22,125.7,4784903
2021-06-17 10:55:25,125.75,4785616
2021-06-17 10:55:29,125.75,4785716
2021-06-17 10:55:32,125.75,4786666
2021-06-17 10:55:36,125.75,4786676
2021-06-17 10:55:39,125.7,4786684
2021-06-17 10:55:42,125.7,4789764
2021-06-17 10:55:45,125.75,4789779
2021-06-17 10:55:48,125.7,4790124
2021-06-17 10:55:51,125.7,4790164
2021-06-17 10:55:54,125.75,4791517
2021-06-17 10:55:57,125.75,4791517
2021-06-17 10:56:00,125.7,4791657
2021-06-17 10:56:03,125.75,4791758
2021-06-17 10:56:06,125.7,4791768
2021-06-17 10:56:10,125.75,4791772
2021-06-17 10:56:13,125.75,4791772
2021-06-17 10:56:16,125.75,4792564
2021-06-17 10:56:19,125.7,4792681
2021-06-17 10:56:22,125.7,4792917
2021-06-17 10:56:26,125.7,4794212
2021-06-17 10:56:28,125.7,4794357
2021-06-17 10:56:32,125.7,4794622
2021-06-17 10:56:35,125.8,4794880
2021-06-17 10:56:38,125.7,4795213
2021-06-17 10:56:41,125.75,4796360
2021-06-17 10:56:45,125.75,4796382
2021-06-17 10:56:48,125.75,4796972
2021-06-17 10:56:52,125.8,4797223
2021-06-17 10:56:55,125.8,4797242
2021-06-17 10:56:59,125.75,4798243
2021-06-17 10:57:02,125.75,4798243
2021-06-17 10:57:06,125.7,4798693
2021-06-17 10:57:09,125.75,4798731
2021-06-17 10:57:12,125.75,4798982
2021-06-17 10:57:15,125.7,4801805
2021-06-17 10:57:19,125.65,4805415
2021-06-17 10:57:22,125.6,4805468
2021-06-17 10:57:25,125.7,4807477
2021-06-17 10:57:28,125.7,4807478
2021-06-17 10:57:31,125.7,4807494
2021-06-17 10:57:34,125.6,4809096
2021-06-17 10:57:37,125.7,4809356
2021-06-17 10:57:44,125.7,4809376
2021-06-17 10:57:47,125.7,4809483
2021-06-17 10:57:50,125.7,4809533
2021-06-17 10:57:52,125.65,4810248
2021-06-17 10:57:55,125.7,4810448
2021-06-17 10:57:58,125.65,4818441
2021-06-17 10:58:01,125.6,4819000
2021-06-17 10:58:05,125.6,4819121
2021-06-17 10:58:08,125.65,4819124
2021-06-17 10:58:11,125.7,4819294
2021-06-17 10:58:13,125.6,4820613
2021-06-17 10:58:16,125.6,4820623
2021-06-17 10:58:20,125.65,4823634
2021-06-17 10:58:23,125.6,4824250
2021-06-17 10:58:26,125.6,4825900
2021-06-17 10:58:30,125.65,4826858
2021-06-17 10:58:33,125.65,4826968
2021-06-17 10:58:36,125.65,4828114
2021-06-17 10:58:40,125.65,4828150
2021-06-17 10:58:44,125.6,4829296
2021-06-17 10:58:48,125.6,4829691
2021-06-17 10:58:51,125.6,4832107
2021-06-17 10:58:58,125.55,4832618
2021-06-17 10:59:01,125.55,4833792
2021-06-17 10:59:04,125.6,4834013
2021-06-17 10:59:07,125.6,4834372
2021-06-17 10:59:10,125.6,4834423
2021-06-17 10:59:13,125.6,4834673
2021-06-17 10:59:16,125.6,4834989
2021-06-17 10:59:19,125.55,4837335
2021-06-17 10:59:23,125.6,4837994
2021-06-17 10:59:26,125.6,4838102
2021-06-17 10:59:29,125.6,4838107
2021-06-17 10:59:32,125.6,4838109
2021-06-17 10:59:35,125.55,4839171
2021-06-17 10:59:39,125.6,4839410
2021-06-17 10:59:42,125.6,4840104
2021-06-17 10:59:45,125.55,4840144
2021-06-17 10:59:49,125.55,4840354
2021-06-17 10:59:53,125.55,4840982
2021-06-17 10:59:56,125.55,4841245
2021-06-17 10:59:59,125.6,4841396
2021-06-17 11:00:02,125.55,4843433
2021-06-17 11:00:06,125.6,4843724
2021-06-17 11:00:09,125.6,4845855
2021-06-17 11:00:12,125.55,4846908
2021-06-17 11:00:16,125.6,4846938
2021-06-17 11:00:19,125.55,4846989
2021-06-17 11:00:23,125.6,4847886
2021-06-17 11:00:26,125.6,4847887
2021-06-17 11:00:30,125.6,4847898
2021-06-17 11:00:34,125.55,4847964
2021-06-17 11:00:37,125.6,4849975
2021-06-17 11:00:40,125.6,4849975
2021-06-17 11:00:43,125.55,4852620
2021-06-17 11:00:47,125.6,4852706
2021-06-17 11:00:51,125.55,4853433
2021-06-17 11:00:54,125.55,4853636
2021-06-17 11:00:58,125.6,4853990
2021-06-17 11:01:01,125.6,4855143
2021-06-17 11:01:05,125.6,4855417
2021-06-17 11:01:09,125.6,4856028
2021-06-17 11:01:12,125.55,4856383
2021-06-17 11:01:15,125.55,4857033
2021-06-17 11:01:18,125.6,4857233
2021-06-17 11:01:22,125.55,4857854
2021-06-17 11:01:25,125.6,4858471
2021-06-17 11:01:28,125.6,4859215
2021-06-17 11:01:32,125.55,4859235
2021-06-17 11:01:35,125.6,4860513
2021-06-17 11:01:38,125.55,4860663
2021-06-17 11:01:42,125.6,4861613
2021-06-17 11:01:45,125.6,4861676
2021-06-17 11:01:48,125.55,4861680
2021-06-17 11:01:52,125.55,4861782
2021-06-17 11:01:55,125.6,4861792
2021-06-17 11:01:59,125.6,4862621
2021-06-17 11:02:02,125.55,4863496
2021-06-17 11:02:06,125.55,4905947
2021-06-17 11:02:09,125.55,4906053
2021-06-17 11:02:13,125.55,4906203
2021-06-17 11:02:16,125.55,4908033
2021-06-17 11:02:20,125.45,4936232
2021-06-17 11:02:23,125.55,4937495
2021-06-17 11:02:26,125.55,4937651
2021-06-17 11:02:30,125.5,4937692
2021-06-17 11:02:33,125.55,4937992
2021-06-17 11:02:36,125.55,4937994
2021-06-17 11:02:39,125.55,4937997
2021-06-17 11:02:43,125.5,4938733
2021-06-17 11:02:46,125.5,4943586
2021-06-17 11:02:49,125.6,4968787
2021-06-17 11:02:52,125.65,4972036
2021-06-17 11:02:55,125.65,4972036
2021-06-17 11:02:58,125.65,4972136
2021-06-17 11:03:05,125.65,4972935
2021-06-17 11:03:11,125.65,4973588
2021-06-17 11:03:15,125.65,4973589
2021-06-17 11:03:18,125.6,4973700
2021-06-17 11:03:21,125.6,4974505
2021-06-17 11:03:24,125.6,4975355
2021-06-17 11:03:27,125.65,4975892
2021-06-17 11:03:31,125.6,4975929
2021-06-17 11:03:34,125.55,4976449
2021-06-17 11:03:37,125.55,4977758
2021-06-17 11:03:40,125.65,4978495
2021-06-17 11:03:44,125.55,4979022
2021-06-17 11:03:47,125.55,4979028
2021-06-17 11:03:50,125.65,4979279
2021-06-17 11:03:53,125.65,4979279
2021-06-17 11:03:57,125.55,4979425
2021-06-17 11:04:00,125.55,4979425
2021-06-17 11:04:03,125.65,4980383
2021-06-17 11:04:06,125.55,4980420
2021-06-17 11:04:09,125.6,4980470
2021-06-17 11:04:12,125.55,4981470
2021-06-17 11:04:15,125.55,4983008
2021-06-17 11:04:18,125.6,4983333
2021-06-17 11:04:22,125.6,4983865
2021-06-17 11:04:25,125.55,4985474
2021-06-17 11:04:28,125.6,4985667
2021-06-17 11:04:31,125.55,4985674
2021-06-17 11:04:35,125.6,4986340
2021-06-17 11:04:38,125.6,4986343
2021-06-17 11:04:42,125.55,4987019
2021-06-17 11:04:45,125.55,4987514
2021-06-17 11:04:47,125.6,4996164
2021-06-17 11:04:50,125.6,4996164
2021-06-17 11:04:53,125.55,4996364
2021-06-17 11:04:56,125.6,4996368
2021-06-17 11:04:59,125.6,4997370
2021-06-17 11:05:02,125.55,4998269
2021-06-17 11:05:05,125.55,4998273
2021-06-17 11:05:08,125.6,4998337
2021-06-17 11:05:11,125.6,4998338
2021-06-17 11:05:14,125.55,4998722
2021-06-17 11:05:17,125.55,4998751
2021-06-17 11:05:21,125.6,4999381
2021-06-17 11:05:24,125.6,5000334
2021-06-17 11:05:27,125.6,5000524
2021-06-17 11:05:30,125.6,5000924
2021-06-17 11:05:33,125.6,5000924
2021-06-17 11:05:37,125.55,5000945
2021-06-17 11:05:40,125.6,5000996
2021-06-17 11:05:43,125.6,5001681
2021-06-17 11:05:45,125.55,5001682
2021-06-17 11:05:48,125.55,5002886
2021-06-17 11:05:52,125.6,5003386
2021-06-17 11:05:58,125.55,5016414
2021-06-17 11:06:02,125.6,5017020
2021-06-17 11:06:06,125.6,5017020
2021-06-17 11:06:09,125.6,5017035
2021-06-17 11:06:14,125.55,5017316
2021-06-17 11:06:17,125.6,5017333
2021-06-17 11:06:20,125.6,5017441
2021-06-17 11:06:23,125.6,5019618
2021-06-17 11:06:25,125.6,5019618
2021-06-17 11:06:28,125.65,5023625
2021-06-17 11:06:31,125.65,5027059
2021-06-17 11:06:34,125.65,5027159
2021-06-17 11:06:37,125.65,5027261
2021-06-17 11:06:41,125.6,5027810
2021-06-17 11:06:47,125.6,5027952
2021-06-17 11:06:50,125.65,5033268
2021-06-17 11:06:53,125.65,5033268
2021-06-17 11:06:55,125.65,5033268
2021-06-17 11:06:58,125.65,5033275
2021-06-17 11:07:01,125.6,5033904
2021-06-17 11:07:04,125.55,5034062
2021-06-17 11:07:07,125.65,5034072
2021-06-17 11:07:10,125.6,5034175
2021-06-17 11:07:13,125.55,5034476
2021-06-17 11:07:17,125.5,5036679
2021-06-17 11:07:20,125.55,5036812
2021-06-17 11:07:23,125.55,5037472
2021-06-17 11:07:26,125.5,5037598
2021-06-17 11:07:29,125.55,5037729
2021-06-17 11:07:35,125.5,5038000
2021-06-17 11:07:37,125.55,5038152
2021-06-17 11:07:41,125.55,5038789
2021-06-17 11:07:44,125.65,5039064
2021-06-17 11:07:47,125.65,5039064
2021-06-17 11:07:51,125.65,5040082
2021-06-17 11:07:54,125.55,5041082
2021-06-17 11:07:57,125.55,5041260
2021-06-17 11:08:00,125.6,5041478
2021-06-17 11:08:03,125.55,5043661
2021-06-17 11:08:06,125.55,5043663
2021-06-17 11:08:08,125.5,5045514
2021-06-17 11:08:11,125.5,5045524
2021-06-17 11:08:15,125.6,5045846
2021-06-17 11:08:17,125.6,5045847
2021-06-17 11:08:21,125.6,5046526
2021-06-17 11:08:24,125.5,5049026
2021-06-17 11:08:28,125.6,5049332
2021-06-17 11:08:31,125.6,5049533
2021-06-17 11:08:34,125.65,5051628
2021-06-17 11:08:37,125.55,5051928
2021-06-17 11:08:41,125.5,5052542
2021-06-17 11:08:44,125.6,5052545
2021-06-17 11:08:48,125.55,5052636
2021-06-17 11:08:51,125.55,5052638
2021-06-17 11:08:54,125.55,5052902
2021-06-17 11:08:57,125.55,5063546
2021-06-17 11:09:00,125.55,5063547
2021-06-17 11:09:03,125.55,5064624
2021-06-17 11:09:06,125.55,5064754
2021-06-17 11:09:09,125.5,5074199
2021-06-17 11:09:12,125.5,5074202
2021-06-17 11:09:15,125.45,5084467
2021-06-17 11:09:18,125.5,5087467
2021-06-17 11:09:20,125.5,5087477
2021-06-17 11:09:24,125.5,5100773
2021-06-17 11:09:26,125.4,5101077
2021-06-17 11:09:29,125.5,5101435
2021-06-17 11:09:32,125.45,5110000
2021-06-17 11:09:36,125.5,5113200
2021-06-17 11:09:39,125.45,5115351
2021-06-17 11:09:42,125.4,5117912
2021-06-17 11:09:45,125.45,5119130
2021-06-17 11:09:48,125.45,5119130
2021-06-17 11:09:51,125.45,5119820
2021-06-17 11:09:54,125.45,5119870
2021-06-17 11:09:57,125.4,5119900
2021-06-17 11:10:00,125.4,5119909
2021-06-17 11:10:03,125.45,5120597
2021-06-17 11:10:06,125.4,5121300
2021-06-17 11:10:09,125.45,5122466
2021-06-17 11:10:12,125.4,5122866
2021-06-17 11:10:15,125.4,5124197
2021-06-17 11:10:18,125.4,5124623
2021-06-17 11:10:21,125.4,5145107
2021-06-17 11:10:23,125.45,5145607
2021-06-17 11:10:27,125.4,5146888
2021-06-17 11:10:30,125.4,5147445
2021-06-17 11:10:34,125.4,5147965
2021-06-17 11:10:36,125.4,5147965
2021-06-17 11:10:39,125.45,5148656
2021-06-17 11:10:42,125.4,5149187
2021-06-17 11:10:45,125.4,5149788
2021-06-17 11:10:51,125.4,5156445
2021-06-17 11:10:54,125.45,5157445
2021-06-17 11:11:01,125.4,5160006
2021-06-17 11:11:03,125.45,5160083
2021-06-17 11:11:06,125.4,5160210
2021-06-17 11:11:09,125.45,5160750
2021-06-17 11:11:12,125.45,5163850
2021-06-17 11:11:15,125.45,5164119
2021-06-17 11:11:18,125.45,5164131
2021-06-17 11:11:21,125.45,5164908
2021-06-17 11:11:24,125.45,5165008
2021-06-17 11:11:28,125.45,5165064
2021-06-17 11:11:30,125.45,5165078
2021-06-17 11:11:33,125.45,5165078
2021-06-17 11:11:36,125.45,5165636
2021-06-17 11:11:39,125.45,5165673
2021-06-17 11:11:42,125.45,5166770
2021-06-17 11:11:46,125.45,5167800
2021-06-17 11:11:49,125.35,5282019
2021-06-17 11:11:52,125.4,5283545
2021-06-17 11:11:55,125.3,5283645
2021-06-17 11:11:58,125.35,5283655
2021-06-17 11:12:01,125.3,5285705
2021-06-17 11:12:05,125.35,5286045
2021-06-17 11:12:07,125.3,5286686
2021-06-17 11:12:10,125.3,5286689
2021-06-17 11:12:13,125.25,5291322
2021-06-17 11:12:16,125.3,5291672
2021-06-17 11:12:19,125.25,5291788
2021-06-17 11:12:23,125.3,5298943
2021-06-17 11:12:26,125.3,5300243
2021-06-17 11:12:29,125.4,5301049
2021-06-17 11:12:32,125.4,5301115
2021-06-17 11:12:35,125.4,5301360
2021-06-17 11:12:37,125.4,5302460
2021-06-17 11:12:40,125.35,5302496
2021-06-17 11:12:43,125.3,5309325
2021-06-17 11:12:46,125.3,5311346
2021-06-17 11:12:49,125.3,5311666
2021-06-17 11:12:52,125.3,5312332
2021-06-17 11:12:55,125.25,5312949
2021-06-17 11:12:58,125.3,5313458
2021-06-17 11:13:01,125.3,5314123
2021-06-17 11:13:04,125.25,5315054
2021-06-17 11:13:07,125.3,5315952
2021-06-17 11:13:10,125.3,5318219
2021-06-17 11:13:13,125.3,5318874
2021-06-17 11:13:16,125.2,5328708
2021-06-17 11:13:18,125.25,5329123
2021-06-17 11:13:21,125.3,5329138
2021-06-17 11:13:24,125.25,5330403
2021-06-17 11:13:27,125.25,5340419
2021-06-17 11:13:30,125.3,5344721
2021-06-17 11:13:33,125.25,5344738
2021-06-17 11:13:36,125.25,5349245
2021-06-17 11:13:38,125.25,5350643
2021-06-17 11:13:41,125.25,5351371
2021-06-17 11:13:45,125.25,5351397
2021-06-17 11:13:48,125.2,5351503
2021-06-17 11:13:51,125.25,5352174
2021-06-17 11:13:54,125.3,5352400
2021-06-17 11:13:58,125.25,5352852
2021-06-17 11:14:00,125.3,5352952
2021-06-17 11:14:03,125.25,5352979
2021-06-17 11:14:06,125.25,5353238
2021-06-17 11:14:09,125.25,5354781
2021-06-17 11:14:12,125.35,5361590
2021-06-17 11:14:19,125.3,5361691
2021-06-17 11:14:22,125.3,5361691
2021-06-17 11:14:25,125.3,5361929
2021-06-17 11:14:27,125.35,5362295
2021-06-17 11:14:31,125.35,5362423
2021-06-17 11:14:34,125.3,5362424
2021-06-17 11:14:37,125.35,5364634
2021-06-17 11:14:40,125.3,5364734
2021-06-17 11:14:43,125.35,5364975
2021-06-17 11:14:46,125.3,5365242
2021-06-17 11:14:53,125.3,5370419
2021-06-17 11:14:56,125.3,5370569
2021-06-17 11:14:59,125.25,5370579
2021-06-17 11:15:02,125.3,5371819
2021-06-17 11:15:07,125.3,5372789
2021-06-17 11:15:14,125.3,5379548
2021-06-17 11:15:17,125.3,5380049
2021-06-17 11:15:20,125.25,5380259
2021-06-17 11:15:24,125.3,5380363
2021-06-17 11:15:28,125.3,5380475
2021-06-17 11:15:31,125.3,5381553
2021-06-17 11:15:35,125.3,5381553
2021-06-17 11:15:38,125.3,5381654
2021-06-17 11:15:41,125.25,5381719
2021-06-17 11:15:44,125.25,5381752
2021-06-17 11:15:47,125.3,5382412
2021-06-17 11:15:50,125.3,5383081
2021-06-17 11:15:53,125.3,5383282
2021-06-17 11:15:55,125.25,5383822
2021-06-17 11:15:58,125.25,5384036
2021-06-17 11:16:01,125.25,5384639
2021-06-17 11:16:04,125.25,5384749
2021-06-17 11:16:07,125.3,5385952
2021-06-17 11:16:11,125.3,5386093
2021-06-17 11:16:14,125.3,5386623
2021-06-17 11:16:16,125.25,5387317
2021-06-17 11:16:20,125.3,5390677
2021-06-17 11:16:23,125.3,5395394
2021-06-17 11:16:26,125.25,5395550
2021-06-17 11:16:29,125.35,5395551
2021-06-17 11:16:32,125.25,5395755
2021-06-17 11:16:35,125.25,5396508
2021-06-17 11:16:39,125.35,5396908
2021-06-17 11:16:42,125.35,5396909
2021-06-17 11:16:45,125.35,5397041
2021-06-17 11:16:48,125.35,5397319
2021-06-17 11:16:51,125.3,5397648
2021-06-17 11:16:55,125.35,5397778
2021-06-17 11:16:58,125.35,5398378
2021-06-17 11:17:01,125.3,5398493
2021-06-17 11:17:04,125.35,5398528
2021-06-17 11:17:08,125.3,5398558
2021-06-17 11:17:11,125.3,5398918
2021-06-17 11:17:14,125.35,5398923
2021-06-17 11:17:17,125.35,5398948
2021-06-17 11:17:21,125.35,5399018
2021-06-17 11:17:24,125.3,5400556
2021-06-17 11:17:27,125.35,5401656
2021-06-17 11:17:31,125.35,5403506
2021-06-17 11:17:34,125.35,5403539
2021-06-17 11:17:37,125.35,5404040
2021-06-17 11:17:40,125.3,5404045
2021-06-17 11:17:44,125.35,5405232
2021-06-17 11:17:47,125.35,5405478
2021-06-17 11:17:50,125.35,5405593
2021-06-17 11:17:53,125.3,5405643
2021-06-17 11:17:56,125.35,5406044
2021-06-17 11:18:00,125.3,5406045
2021-06-17 11:18:03,125.35,5406131
2021-06-17 11:18:06,125.35,5408216
2021-06-17 11:18:09,125.3,5411216
2021-06-17 11:18:12,125.35,5411282
2021-06-17 11:18:16,125.35,5411334
2021-06-17 11:18:19,125.35,5411366
2021-06-17 11:18:22,125.35,5412490
2021-06-17 11:18:25,125.35,5441741
2021-06-17 11:18:28,125.35,5442121
2021-06-17 11:18:31,125.35,5442151
2021-06-17 11:18:33,125.3,5442751
2021-06-17 11:18:36,125.3,5457805
2021-06-17 11:18:39,125.3,5457889
2021-06-17 11:18:42,125.3,5469708
2021-06-17 11:18:45,125.3,5469708
2021-06-17 11:18:48,125.3,5470128
2021-06-17 11:18:51,125.35,5476180
2021-06-17 11:18:54,125.3,5476256
2021-06-17 11:18:57,125.35,5476657
2021-06-17 11:19:00,125.25,5476675
2021-06-17 11:19:06,125.25,5476799
2021-06-17 11:19:10,125.3,5478235
2021-06-17 11:19:14,125.3,5478535
2021-06-17 11:19:17,125.3,5478535
2021-06-17 11:19:20,125.3,5480126
2021-06-17 11:19:23,125.35,5480187
2021-06-17 11:19:26,125.35,5480294
2021-06-17 11:19:29,125.35,5484310
2021-06-17 11:19:32,125.35,5484810
2021-06-17 11:19:35,125.3,5484820
2021-06-17 11:19:41,125.3,5487521
2021-06-17 11:19:44,125.35,5487527
2021-06-17 11:19:48,125.35,5487698
2021-06-17 11:19:51,125.25,5498079
2021-06-17 11:19:57,125.3,5498210
2021-06-17 11:20:00,125.3,5498210
2021-06-17 11:20:02,125.3,5498210
2021-06-17 11:20:05,125.3,5498337
2021-06-17 11:20:08,125.35,5498745
2021-06-17 11:20:10,125.35,5499055
2021-06-17 11:20:13,125.35,5499055
2021-06-17 11:20:16,125.3,5499257
2021-06-17 11:20:19,125.35,5499470
2021-06-17 11:20:22,125.35,5503021
2021-06-17 11:20:25,125.35,5503031
2021-06-17 11:20:28,125.3,5503193
2021-06-17 11:20:31,125.35,5503303
2021-06-17 11:20:33,125.3,5503583
2021-06-17 11:20:36,125.35,5504303
2021-06-17 11:20:39,125.35,5504305
2021-06-17 11:20:43,125.35,5504326
2021-06-17 11:20:46,125.3,5504347
2021-06-17 11:20:49,125.35,5504383
2021-06-17 11:20:52,125.35,5505984
2021-06-17 11:20:55,125.35,5505984
2021-06-17 11:20:57,125.35,5507033
2021-06-17 11:21:00,125.3,5509524
2021-06-17 11:21:03,125.35,5510572
2021-06-17 11:21:06,125.3,5511072
2021-06-17 11:21:09,125.35,5511128
2021-06-17 11:21:12,125.35,5515935
2021-06-17 11:21:19,125.2,5524959
2021-06-17 11:21:23,125.3,5525360
2021-06-17 11:21:27,125.3,5526844
2021-06-17 11:21:30,125.3,5526864
2021-06-17 11:21:33,125.35,5529041
2021-06-17 11:21:36,125.35,5530055
2021-06-17 11:21:39,125.3,5530256
2021-06-17 11:21:42,125.35,5531769
2021-06-17 11:21:45,125.35,5531770
2021-06-17 11:21:48,125.3,5532068
2021-06-17 11:21:51,125.3,5532527
2021-06-17 11:21:54,125.35,5532532
2021-06-17 11:21:57,125.35,5532713
2021-06-17 11:22:00,125.3,5532957
2021-06-17 11:22:04,125.35,5533019
2021-06-17 11:22:07,125.3,5533178
2021-06-17 11:22:09,125.3,5533279
2021-06-17 11:22:12,125.3,5533279
2021-06-17 11:22:15,125.35,5533781
2021-06-17 11:22:18,125.3,5533918
2021-06-17 11:22:21,125.3,5533919
2021-06-17 11:22:24,125.35,5534477
2021-06-17 11:22:28,125.3,5534478
2021-06-17 11:22:32,125.3,5536141
2021-06-17 11:22:36,125.35,5536848
2021-06-17 11:22:41,125.35,5537077
2021-06-17 11:22:44,125.35,5537159
2021-06-17 11:22:48,125.35,5537169
2021-06-17 11:22:51,125.3,5537296
2021-06-17 11:22:54,125.35,5537888
2021-06-17 11:22:57,125.25,5538888
2021-06-17 11:23:01,125.35,5538892
2021-06-17 11:23:04,125.35,5539446
2021-06-17 11:23:08,125.35,5539512
2021-06-17 11:23:11,125.3,5539537
2021-06-17 11:23:14,125.35,5540207
2021-06-17 11:23:17,125.35,5540212
2021-06-17 11:23:21,125.35,5540582
2021-06-17 11:23:24,125.35,5540587
2021-06-17 11:23:27,125.3,5541153
2021-06-17 11:23:31,125.3,5541253
2021-06-17 11:23:34,125.35,5541506
2021-06-17 11:23:37,125.35,5541736
2021-06-17 11:23:41,125.35,5546743
2021-06-17 11:23:44,125.35,5547844
2021-06-17 11:23:48,125.4,5547845
2021-06-17 11:23:52,125.35,5548185
2021-06-17 11:23:55,125.35,5548270
2021-06-17 11:23:58,125.4,5549573
2021-06-17 11:24:02,125.4,5553999
2021-06-17 11:24:06,125.45,5555665
2021-06-17 11:24:09,125.45,5555665
2021-06-17 11:24:12,125.45,5573658
2021-06-17 11:24:15,125.55,5573921
2021-06-17 11:24:18,125.55,5574932
2021-06-17 11:24:21,125.55,5575732
2021-06-17 11:24:24,125.55,5575734
2021-06-17 11:24:27,125.55,5576608
2021-06-17 11:24:30,125.55,5576734
2021-06-17 11:24:34,125.55,5579129
2021-06-17 11:24:37,125.55,5579855
2021-06-17 11:24:41,125.5,5579877
2021-06-17 11:24:44,125.55,5580084
2021-06-17 11:24:47,125.5,5582158
2021-06-17 11:24:51,125.55,5582293
2021-06-17 11:24:54,125.55,5582803
2021-06-17 11:24:57,125.6,5583555
2021-06-17 11:25:00,125.55,5583663
2021-06-17 11:25:03,125.6,5584326
2021-06-17 11:25:07,125.55,5584375
2021-06-17 11:25:10,125.6,5584455
2021-06-17 11:25:13,125.55,5584731
2021-06-17 11:25:17,125.6,5585849
2021-06-17 11:25:20,125.6,5587475
2021-06-17 11:25:24,125.6,5588617
2021-06-17 11:25:28,125.65,5591134
2021-06-17 11:25:31,125.55,5592556
2021-06-17 11:25:34,125.55,5593450
2021-06-17 11:25:38,125.6,5593655
2021-06-17 11:25:41,125.6,5593657
2021-06-17 11:25:44,125.6,5593661
2021-06-17 11:25:47,125.6,5593667
2021-06-17 11:25:50,125.6,5594246
2021-06-17 11:25:54,125.65,5595393
2021-06-17 11:25:57,125.6,5595398
2021-06-17 11:26:01,125.7,5596811
2021-06-17 11:26:04,125.6,5599121
2021-06-17 11:26:07,125.6,5599121
2021-06-17 11:26:10,125.65,5599157
2021-06-17 11:26:16,125.65,5600783
2021-06-17 11:26:19,125.65,5600805
2021-06-17 11:26:21,125.65,5600856
2021-06-17 11:26:24,125.65,5602545
2021-06-17 11:26:28,125.6,5602851
2021-06-17 11:26:31,125.65,5602866
2021-06-17 11:26:34,125.65,5602935
2021-06-17 11:26:36,125.65,5602945
2021-06-17 11:26:39,125.65,5602955
2021-06-17 11:26:42,125.65,5602966
2021-06-17 11:26:45,125.6,5603067
2021-06-17 11:26:48,125.6,5603133
2021-06-17 11:26:51,125.65,5603375
2021-06-17 11:26:57,125.6,5612938
2021-06-17 11:27:00,125.6,5612979
2021-06-17 11:27:03,125.6,5613854
2021-06-17 11:27:06,125.6,5613873
2021-06-17 11:27:10,125.6,5614510
2021-06-17 11:27:14,125.65,5614996
2021-06-17 11:27:17,125.4,5647274
2021-06-17 11:27:20,125.45,5655945
2021-06-17 11:27:23,125.45,5656231
2021-06-17 11:27:26,125.45,5656731
2021-06-17 11:27:29,125.45,5656783
2021-06-17 11:27:32,125.45,5663688
2021-06-17 11:27:36,125.45,5664150
2021-06-17 11:27:39,125.45,5664150
2021-06-17 11:27:42,125.45,5664251
2021-06-17 11:27:45,125.4,5664352
2021-06-17 11:27:48,125.45,5664864
2021-06-17 11:27:51,125.45,5665293
2021-06-17 11:27:54,125.5,5665299
2021-06-17 11:27:57,125.4,5666338
2021-06-17 11:27:59,125.45,5667389
2021-06-17 11:28:03,125.4,5669870
2021-06-17 11:28:06,125.45,5670246
2021-06-17 11:28:09,125.4,5674367
2021-06-17 11:28:12,125.45,5676836
2021-06-17 11:28:15,125.4,5678564
2021-06-17 11:28:18,125.45,5678676
2021-06-17 11:28:21,125.4,5678793
2021-06-17 11:28:25,125.4,5680591
2021-06-17 11:28:27,125.4,5680593
2021-06-17 11:28:30,125.4,5680593
2021-06-17 11:28:33,125.45,5682342
2021-06-17 11:28:36,125.45,5682998
2021-06-17 11:28:39,125.45,5686201
2021-06-17 11:28:43,125.4,5686240
2021-06-17 11:28:46,125.45,5686352
2021-06-17 11:28:48,125.4,5686365
2021-06-17 11:28:52,125.4,5686467
2021-06-17 11:28:54,125.45,5686792
2021-06-17 11:28:57,125.4,5687792
2021-06-17 11:29:01,125.45,5687845
2021-06-17 11:29:04,125.45,5687905
2021-06-17 11:29:06,125.45,5687909
2021-06-17 11:29:09,125.5,5688024
2021-06-17 11:29:12,125.35,5689667
2021-06-17 11:29:15,125.45,5689797
2021-06-17 11:29:17,125.35,5690097
2021-06-17 11:29:20,125.45,5690225
2021-06-17 11:29:23,125.4,5690569
2021-06-17 11:29:27,125.4,5691024
2021-06-17 11:29:30,125.4,5691025
2021-06-17 11:29:33,125.4,5694292
2021-06-17 11:29:36,125.5,5694295
2021-06-17 11:29:40,125.4,5694344
2021-06-17 11:29:43,125.5,5694411
2021-06-17 11:29:46,125.4,5694916
2021-06-17 11:29:49,125.5,5694920
2021-06-17 11:29:52,125.5,5695182
2021-06-17 11:29:56,125.5,5695371
2021-06-17 11:29:59,125.5,5696220
2021-06-17 11:30:03,125.45,5699351
2021-06-17 11:30:06,125.45,5699401
2021-06-17 11:30:10,125.5,5699462
2021-06-17 11:30:13,125.45,5700467
2021-06-17 11:30:16,125.45,5700475
2021-06-17 11:30:19,125.5,5700575
2021-06-17 11:30:22,125.55,5708612
2021-06-17 11:30:25,125.5,5708644
2021-06-17 11:30:28,125.6,5708755
2021-06-17 11:30:31,125.5,5709056
2021-06-17 11:30:35,125.55,5712536
2021-06-17 11:30:38,125.5,5712749
2021-06-17 11:30:41,125.6,5712777
2021-06-17 11:30:45,125.6,5712780
2021-06-17 11:30:47,125.5,5713530
2021-06-17 11:30:51,125.5,5713550
2021-06-17 11:30:54,125.6,5713611
2021-06-17 11:30:58,125.6,5713611
2021-06-17 11:31:01,125.6,5713612
2021-06-17 11:31:04,125.5,5713613
2021-06-17 11:31:07,125.6,5713935
2021-06-17 11:31:10,125.6,5713939
2021-06-17 11:31:13,125.6,5714045
2021-06-17 11:31:16,125.55,5714130
2021-06-17 11:31:19,125.6,5714272
2021-06-17 11:31:23,125.6,5714398
2021-06-17 11:31:26,125.55,5714404
2021-06-17 11:31:29,125.55,5714454
2021-06-17 11:31:32,125.6,5714456
2021-06-17 11:31:34,125.6,5716220
2021-06-17 11:31:37,125.55,5716316
2021-06-17 11:31:40,125.55,5716836
2021-06-17 11:31:43,125.55,5716837
2021-06-17 11:31:46,125.55,5716967
2021-06-17 11:31:50,125.55,5717219
2021-06-17 11:31:53,125.55,5717419
2021-06-17 11:31:56,125.55,5717419
2021-06-17 11:31:59,125.55,5717419
2021-06-17 11:32:02,125.5,5727231
2021-06-17 11:32:05,125.5,5727630
2021-06-17 11:32:08,125.4,5727670
2021-06-17 11:32:11,125.5,5727691
2021-06-17 11:32:15,125.5,5728318
2021-06-17 11:32:18,125.4,5728320
2021-06-17 11:32:21,125.4,5728420
2021-06-17 11:32:24,125.5,5728446
2021-06-17 11:32:27,125.4,5728801
2021-06-17 11:32:30,125.4,5728801
2021-06-17 11:32:33,125.5,5728804
2021-06-17 11:32:36,125.45,5728806
2021-06-17 11:32:38,125.45,5728830
2021-06-17 11:32:41,125.4,5729130
2021-06-17 11:32:44,125.5,5729330
2021-06-17 11:32:47,125.5,5729331
2021-06-17 11:32:50,125.45,5729407
2021-06-17 11:32:53,125.45,5729512
2021-06-17 11:32:56,125.45,5730217
2021-06-17 11:32:59,125.5,5730237
2021-06-17 11:33:05,125.5,5730465
2021-06-17 11:33:08,125.4,5730707
2021-06-17 11:33:11,125.4,5730710
2021-06-17 11:33:14,125.5,5731018
2021-06-17 11:33:18,125.5,5731181
2021-06-17 11:33:20,125.45,5731290
2021-06-17 11:33:24,125.45,5732615
2021-06-17 11:33:26,125.5,5733450
2021-06-17 11:33:30,125.5,5735184
2021-06-17 11:33:33,125.5,5735302
2021-06-17 11:33:38,125.55,5735312
2021-06-17 11:33:41,125.45,5744462
2021-06-17 11:33:44,125.5,5744463
2021-06-17 11:33:47,125.55,5744564
2021-06-17 11:33:50,125.55,5744675
2021-06-17 11:33:54,125.45,5745134
2021-06-17 11:33:58,125.45,5745134
2021-06-17 11:34:01,125.45,5745185
2021-06-17 11:34:05,125.5,5745197
2021-06-17 11:34:08,125.45,5745438
2021-06-17 11:34:11,125.5,5745461
2021-06-17 11:34:14,125.5,5745538
2021-06-17 11:34:17,125.5,5746151
2021-06-17 11:34:20,125.45,5746161
2021-06-17 11:34:23,125.5,5746611
2021-06-17 11:34:26,125.5,5746621
2021-06-17 11:34:29,125.5,5746622
2021-06-17 11:34:32,125.5,5748467
2021-06-17 11:34:35,125.45,5748477
2021-06-17 11:34:38,125.45,5750266
2021-06-17 11:34:41,125.4,5750301
2021-06-17 11:34:44,125.45,5750306
2021-06-17 11:34:47,125.45,5750326
2021-06-17 11:34:51,125.45,5750326
2021-06-17 11:34:54,125.45,5750629
2021-06-17 11:34:57,125.45,5750629
2021-06-17 11:35:00,125.45,5750629
2021-06-17 11:35:03,125.45,5750629
2021-06-17 11:35:07,125.45,5751445
2021-06-17 11:35:10,125.45,5751557
2021-06-17 11:35:14,125.45,5751560
2021-06-17 11:35:17,125.4,5752060
2021-06-17 11:35:20,125.4,5752361
2021-06-17 11:35:23,125.4,5752361
2021-06-17 11:35:27,125.4,5752620
2021-06-17 11:35:30,125.45,5752721
2021-06-17 11:35:33,125.45,5753147
2021-06-17 11:35:37,125.4,5753848
2021-06-17 11:35:40,125.4,5764159
2021-06-17 11:35:43,125.45,5765159
2021-06-17 11:35:47,125.45,5765309
2021-06-17 11:35:50,125.4,5766110
2021-06-17 11:35:53,125.4,5766121
2021-06-17 11:36:00,125.5,5768044
2021-06-17 11:36:03,125.5,5768059
2021-06-17 11:36:06,125.5,5768144
2021-06-17 11:36:09,125.5,5768481
2021-06-17 11:36:13,125.45,5768489
2021-06-17 11:36:15,125.45,5768490
2021-06-17 11:36:19,125.4,5768660
2021-06-17 11:36:22,125.45,5768695
2021-06-17 11:36:24,125.45,5768695
2021-06-17 11:36:30,125.45,5768696
2021-06-17 11:36:33,125.45,5769707
2021-06-17 11:36:36,125.4,5769781
2021-06-17 11:36:39,125.45,5769826
2021-06-17 11:36:45,125.45,5769833
2021-06-17 11:36:48,125.45,5769912
2021-06-17 11:36:51,125.45,5769921
2021-06-17 11:36:54,125.45,5769981
2021-06-17 11:36:57,125.4,5771728
2021-06-17 11:37:00,125.4,5771803
2021-06-17 11:37:03,125.4,5771845
2021-06-17 11:37:06,125.4,5771845
2021-06-17 11:37:09,125.35,5773666
2021-06-17 11:37:12,125.4,5774700
2021-06-17 11:37:15,125.4,5774700
2021-06-17 11:37:18,125.4,5774701
2021-06-17 11:37:21,125.35,5774718
2021-06-17 11:37:24,125.4,5774725
2021-06-17 11:37:27,125.4,5774740
2021-06-17 11:37:31,125.35,5774958
2021-06-17 11:37:34,125.15,5908802
2021-06-17 11:37:37,125.15,5913547
2021-06-17 11:37:40,125.1,5914202
2021-06-17 11:37:43,125.1,5915606
2021-06-17 11:37:45,125.25,5920796
2021-06-17 11:37:48,125.25,5920801
2021-06-17 11:37:51,125.25,5922303
2021-06-17 11:37:54,125.25,5922414
2021-06-17 11:37:57,125.15,5997340
2021-06-17 11:38:00,125.15,6003588
2021-06-17 11:38:03,125.1,6016046
2021-06-17 11:38:06,125.1,6017304
2021-06-17 11:38:10,125.15,6024316
2021-06-17 11:38:14,125.15,6024526
2021-06-17 11:38:17,125.1,6025000
2021-06-17 11:38:24,125.1,6029027
2021-06-17 11:38:28,125.1,6029572
2021-06-17 11:38:31,125.05,6031474
2021-06-17 11:38:34,125.0,6034430
2021-06-17 11:38:37,125.0,6038212
2021-06-17 11:38:41,124.95,6178742
2021-06-17 11:38:44,125.0,6182257
2021-06-17 11:38:47,125.05,6183555
2021-06-17 11:38:50,125.0,6187708
2021-06-17 11:38:53,125.0,6188451
2021-06-17 11:38:56,125.0,6188974
2021-06-17 11:39:00,125.0,6189054
2021-06-17 11:39:03,125.05,6190054
2021-06-17 11:39:06,125.1,6190164
2021-06-17 11:39:10,125.05,6190286
2021-06-17 11:39:13,125.05,6190327
2021-06-17 11:39:16,125.1,6190739
2021-06-17 11:39:22,125.05,6191089
2021-06-17 11:39:25,125.0,6195832
2021-06-17 11:39:28,125.1,6199771
2021-06-17 11:39:31,125.05,6202544
2021-06-17 11:39:34,125.1,6203598
2021-06-17 11:39:40,125.1,6204471
2021-06-17 11:39:43,125.1,6204639
2021-06-17 11:39:46,125.1,6204790
2021-06-17 11:39:49,125.1,6206435
2021-06-17 11:39:53,125.1,6207040
2021-06-17 11:39:56,125.1,6207352
2021-06-17 11:39:59,125.05,6207488
2021-06-17 11:40:02,125.05,6207890
2021-06-17 11:40:05,125.1,6211066
2021-06-17 11:40:08,125.1,6212158
2021-06-17 11:40:12,125.1,6212501
2021-06-17 11:40:15,125.05,6213684
2021-06-17 11:40:18,125.05,6214134
2021-06-17 11:40:21,125.05,6214271
2021-06-17 11:40:24,125.1,6216596
2021-06-17 11:40:27,125.05,6218411
2021-06-17 11:40:30,125.05,6219256
2021-06-17 11:40:33,125.1,6219673
2021-06-17 11:40:37,125.05,6220363
2021-06-17 11:40:40,125.1,6221148
2021-06-17 11:40:44,125.05,6223808
2021-06-17 11:40:47,125.1,6223815
2021-06-17 11:40:50,125.05,6223853
2021-06-17 11:40:54,125.05,6227866
2021-06-17 11:40:57,125.1,6230082
2021-06-17 11:41:01,125.15,6230281
2021-06-17 11:41:03,125.15,6230791
2021-06-17 11:41:06,125.1,6230821
2021-06-17 11:41:09,125.15,6239686
2021-06-17 11:41:12,125.05,6239788
2021-06-17 11:41:15,125.05,6239835
2021-06-17 11:41:18,125.1,6239874
2021-06-17 11:41:22,125.15,6240454
2021-06-17 11:41:25,125.1,6240480
2021-06-17 11:41:29,125.15,6240547
2021-06-17 11:41:32,125.15,6244098
2021-06-17 11:41:35,125.1,6244339
2021-06-17 11:41:38,125.1,6245128
2021-06-17 11:41:41,125.15,6246129
2021-06-17 11:41:44,125.15,6246240
2021-06-17 11:41:47,125.15,6246330
2021-06-17 11:41:50,125.1,6246340
2021-06-17 11:41:53,125.15,6249638
2021-06-17 11:41:56,125.15,6251037
2021-06-17 11:41:59,125.2,6251139
2021-06-17 11:42:03,125.15,6251239
2021-06-17 11:42:06,125.15,6251403
2021-06-17 11:42:09,125.2,6252174
2021-06-17 11:42:12,125.2,6252609
2021-06-17 11:42:15,125.1,6257642
2021-06-17 11:42:18,125.15,6258531
2021-06-17 11:42:21,125.2,6259318
2021-06-17 11:42:24,125.2,6260765
2021-06-17 11:42:27,125.2,6261500
2021-06-17 11:42:30,125.2,6262201
2021-06-17 11:42:34,125.2,6262701
2021-06-17 11:42:37,125.2,6263072
2021-06-17 11:42:40,125.2,6263207
2021-06-17 11:42:43,125.25,6263456
2021-06-17 11:42:46,125.25,6263589
2021-06-17 11:42:49,125.25,6263980
2021-06-17 11:42:52,125.15,6264492
2021-06-17 11:42:56,125.15,6264765
2021-06-17 11:42:59,125.25,6265087
2021-06-17 11:43:06,125.2,6265382
2021-06-17 11:43:10,125.25,6265639
2021-06-17 11:43:13,125.25,6265787
2021-06-17 11:43:16,125.2,6265834
2021-06-17 11:43:19,125.2,6266734
2021-06-17 11:43:23,125.25,6267009
2021-06-17 11:43:26,125.25,6267191
2021-06-17 11:43:29,125.25,6267350
2021-06-17 11:43:32,125.25,6267411
2021-06-17 11:43:35,125.2,6267431
2021-06-17 11:43:39,125.25,6271308
2021-06-17 11:43:42,125.25,6275783
2021-06-17 11:43:45,125.25,6280977
2021-06-17 11:43:48,125.25,6282886
2021-06-17 11:43:51,125.25,6283648
2021-06-17 11:43:59,125.2,6287019
2021-06-17 11:44:02,125.2,6287884
2021-06-17 11:44:05,125.25,6298444
2021-06-17 11:44:08,125.2,6302654
2021-06-17 11:44:11,125.2,6304119
2021-06-17 11:44:14,125.15,6304570
2021-06-17 11:44:17,125.2,6305472
2021-06-17 11:44:20,125.2,6305723
2021-06-17 11:44:23,125.2,6305855
2021-06-17 11:44:27,125.25,6305895
2021-06-17 11:44:30,125.25,6306017
2021-06-17 11:44:33,125.3,6306661
2021-06-17 11:44:36,125.2,6306761
2021-06-17 11:44:39,125.35,6307893
2021-06-17 11:44:42,125.3,6308183
2021-06-17 11:44:45,125.35,6308296
2021-06-17 11:44:48,125.3,6308302
2021-06-17 11:44:52,125.3,6308302
2021-06-17 11:44:55,125.3,6308302
2021-06-17 11:44:57,125.35,6308333
2021-06-17 11:45:01,125.3,6309726
2021-06-17 11:45:04,125.25,6309962
2021-06-17 11:45:07,125.25,6309980
2021-06-17 11:45:10,125.3,6311980
2021-06-17 11:45:13,125.3,6311980
2021-06-17 11:45:16,125.3,6312196
2021-06-17 11:45:19,125.25,6312279
2021-06-17 11:45:22,125.3,6315117
2021-06-17 11:45:27,125.3,6316141
2021-06-17 11:45:30,125.3,6316741
2021-06-17 11:45:33,125.3,6316741
2021-06-17 11:45:37,125.25,6316941
2021-06-17 11:45:39,125.3,6317141
2021-06-17 11:45:43,125.3,6317241
2021-06-17 11:45:46,125.3,6317241
2021-06-17 11:45:49,125.3,6317241
2021-06-17 11:45:52,125.3,6317242
2021-06-17 11:45:54,125.3,6317276
2021-06-17 11:45:57,125.25,6318045
2021-06-17 11:46:00,125.3,6320679
2021-06-17 11:46:03,125.3,6320679
2021-06-17 11:46:08,125.2,6323521
2021-06-17 11:46:11,125.25,6323841
2021-06-17 11:46:14,125.2,6324449
2021-06-17 11:46:16,125.2,6324646
2021-06-17 11:46:19,125.2,6324780
2021-06-17 11:46:22,125.25,6324821
2021-06-17 11:46:26,125.25,6325257
2021-06-17 11:46:29,125.25,6331015
2021-06-17 11:46:32,125.2,6335330
2021-06-17 11:46:35,125.3,6336650
2021-06-17 11:46:38,125.2,6337047
2021-06-17 11:46:41,125.2,6337582
2021-06-17 11:46:44,125.3,6367466
2021-06-17 11:46:48,125.35,6380251
2021-06-17 11:46:51,125.35,6381889
2021-06-17 11:46:54,125.3,6382503
2021-06-17 11:46:57,125.35,6386757
2021-06-17 11:46:59,125.3,6389131
2021-06-17 11:47:03,125.4,6397303
2021-06-17 11:47:06,125.35,6399800
2021-06-17 11:47:09,125.4,6400709
2021-06-17 11:47:12,125.4,6400986
2021-06-17 11:47:14,125.35,6401589
2021-06-17 11:47:18,125.35,6401975
2021-06-17 11:47:20,125.4,6402091
2021-06-17 11:47:23,125.35,6402188
2021-06-17 11:47:26,125.4,6402224
2021-06-17 11:47:29,125.4,6402286
2021-06-17 11:47:31,125.35,6402858
2021-06-17 11:47:34,125.35,6403188
2021-06-17 11:47:37,125.4,6403401
2021-06-17 11:47:40,125.35,6403468
2021-06-17 11:47:43,125.35,6403495
2021-06-17 11:47:46,125.35,6403769
2021-06-17 11:47:49,125.35,6403925
2021-06-17 11:47:51,125.35,6403982
2021-06-17 11:47:54,125.4,6404061
2021-06-17 11:47:57,125.4,6404593
2021-06-17 11:48:00,125.35,6404756
2021-06-17 11:48:03,125.4,6404920
2021-06-17 11:48:06,125.4,6404992
2021-06-17 11:48:09,125.45,6405116
2021-06-17 11:48:12,125.35,6405203
2021-06-17 11:48:15,125.35,6407162
2021-06-17 11:48:18,125.4,6407749
2021-06-17 11:48:21,125.3,6419071
2021-06-17 11:48:25,125.35,6419613
2021-06-17 11:48:27,125.35,6422711
2021-06-17 11:48:31,125.25,6423641
2021-06-17 11:48:34,125.3,6424237
2021-06-17 11:48:38,125.3,6434588
2021-06-17 11:48:41,125.35,6436562
2021-06-17 11:48:45,125.35,6437406
2021-06-17 11:48:48,125.4,6437805
2021-06-17 11:48:51,125.3,6439153
2021-06-17 11:48:55,125.25,6443558
2021-06-17 11:48:58,125.4,6444890
2021-06-17 11:49:01,125.4,6445540
2021-06-17 11:49:04,125.3,6445743
2021-06-17 11:49:06,125.3,6447529
2021-06-17 11:49:09,125.3,6448069
2021-06-17 11:49:12,125.4,6448235
2021-06-17 11:49:15,125.4,6448486
2021-06-17 11:49:17,125.3,6448751
2021-06-17 11:49:20,125.4,6448831
2021-06-17 11:49:23,125.3,6448857
2021-06-17 11:49:26,125.4,6448865
2021-06-17 11:49:29,125.3,6449069
2021-06-17 11:49:32,125.3,6449140
2021-06-17 11:49:36,125.3,6449294
2021-06-17 11:49:42,125.35,6452184
2021-06-17 11:49:46,125.3,6453214
2021-06-17 11:49:49,125.3,6453541
2021-06-17 11:49:52,125.3,6453639
2021-06-17 11:49:54,125.25,6453815
2021-06-17 11:49:57,125.2,6529120
2021-06-17 11:50:00,125.25,6550341
2021-06-17 11:50:03,125.2,6556708
2021-06-17 11:50:07,125.3,6558618
2021-06-17 11:50:10,125.2,6559321
2021-06-17 11:50:13,125.3,6560059
2021-06-17 11:50:16,125.25,6560320
2021-06-17 11:50:19,125.2,6561099
2021-06-17 11:50:21,125.2,6561343
2021-06-17 11:50:24,125.3,6561543
2021-06-17 11:50:27,125.2,6561988
2021-06-17 11:50:30,125.2,6562124
2021-06-17 11:50:33,125.3,6563154
2021-06-17 11:50:36,125.2,6563723
2021-06-17 11:50:39,125.2,6563939
2021-06-17 11:50:42,125.2,6564299
2021-06-17 11:50:46,125.2,6564419
2021-06-17 11:50:49,125.3,6564457
2021-06-17 11:50:52,125.2,6565156
2021-06-17 11:50:54,125.2,6565440
2021-06-17 11:50:58,125.2,6565728
2021-06-17 11:51:00,125.25,6565815
2021-06-17 11:51:03,125.2,6566251
2021-06-17 11:51:06,125.2,6566482
2021-06-17 11:51:09,125.2,6566584
2021-06-17 11:51:11,125.2,6566636
2021-06-17 11:51:14,125.2,6566656
2021-06-17 11:51:17,125.3,6566762
2021-06-17 11:51:19,125.3,6566814
2021-06-17 11:51:22,125.2,6567930
2021-06-17 11:51:25,125.3,6568472
2021-06-17 11:51:28,125.3,6568698
2021-06-17 11:51:31,125.25,6569279
2021-06-17 11:51:33,125.25,6569946
2021-06-17 11:51:36,125.3,6570173
2021-06-17 11:51:39,125.3,6570395
2021-06-17 11:51:42,125.3,6570837
2021-06-17 11:51:46,125.25,6571070
2021-06-17 11:51:48,125.25,6571604
2021-06-17 11:51:52,125.3,6572266
2021-06-17 11:51:55,125.25,6572576
2021-06-17 11:51:58,125.3,6572717
2021-06-17 11:52:01,125.3,6572761
2021-06-17 11:52:04,125.25,6572804
2021-06-17 11:52:07,125.3,6572817
2021-06-17 11:52:10,125.3,6573075
2021-06-17 11:52:13,125.25,6573154
2021-06-17 11:52:15,125.25,6573198
2021-06-17 11:52:19,125.3,6573211
2021-06-17 11:52:22,125.3,6573447
2021-06-17 11:52:25,125.25,6573523
2021-06-17 11:52:28,125.3,6573563
2021-06-17 11:52:31,125.25,6574100
2021-06-17 11:52:33,125.2,6576314
2021-06-17 11:52:36,125.25,6576979
2021-06-17 11:52:38,125.25,6577469
2021-06-17 11:52:42,125.25,6577995
2021-06-17 11:52:45,125.3,6578413
2021-06-17 11:52:48,125.2,6579194
2021-06-17 11:52:52,125.3,6579438
2021-06-17 11:52:55,125.2,6579723
2021-06-17 11:52:57,125.2,6579811
2021-06-17 11:53:00,125.3,6579921
2021-06-17 11:53:03,125.3,6579954
2021-06-17 11:53:06,125.2,6580690
2021-06-17 11:53:09,125.3,6580999
2021-06-17 11:53:12,125.15,6596902
2021-06-17 11:53:15,125.05,6611427
2021-06-17 11:53:18,125.15,6613491
2021-06-17 11:53:21,125.1,6616709
2021-06-17 11:53:24,125.15,6617146
2021-06-17 11:53:28,125.15,6617282
2021-06-17 11:53:31,125.2,6617323
2021-06-17 11:53:34,125.1,6620529
2021-06-17 11:53:37,125.1,6621590
2021-06-17 11:53:41,125.1,6625949
2021-06-17 11:53:44,125.15,6626689
2021-06-17 11:53:47,125.15,6627040
2021-06-17 11:53:50,125.15,6627215
2021-06-17 11:53:53,125.1,6627414
2021-06-17 11:53:57,125.1,6627899
2021-06-17 11:54:00,125.15,6628154
2021-06-17 11:54:03,125.1,6628888
2021-06-17 11:54:06,125.05,6629124
2021-06-17 11:54:09,125.1,6636529
2021-06-17 11:54:12,125.1,6638822
2021-06-17 11:54:15,125.1,6639662
2021-06-17 11:54:17,125.1,6639916
2021-06-17 11:54:20,125.1,6640150
2021-06-17 11:54:23,125.1,6640226
2021-06-17 11:54:26,125.05,6640552
2021-06-17 11:54:29,125.15,6640676
2021-06-17 11:54:32,125.15,6640827
2021-06-17 11:54:34,125.15,6641290
2021-06-17 11:54:37,125.15,6641656
2021-06-17 11:54:40,125.15,6641877
2021-06-17 11:54:43,125.15,6641944
2021-06-17 11:54:46,125.15,6642114
2021-06-17 11:54:49,125.15,6642165
2021-06-17 11:54:52,125.15,6643719
2021-06-17 11:54:55,125.15,6644211
2021-06-17 11:54:58,125.15,6644360
2021-06-17 11:55:00,125.1,6644605
2021-06-17 11:55:03,125.15,6645908
2021-06-17 11:55:06,125.2,6647743
2021-06-17 11:55:09,125.15,6648305
2021-06-17 11:55:12,125.1,6649000
2021-06-17 11:55:15,125.2,6650051
2021-06-17 11:55:18,125.2,6651194
2021-06-17 11:55:26,125.15,6652353
2021-06-17 11:55:35,125.2,6652560
2021-06-17 11:55:38,125.15,6652701
2021-06-17 11:55:41,125.15,6653069
2021-06-17 11:55:44,125.15,6653204
2021-06-17 11:55:46,125.15,6653245
2021-06-17 11:55:49,125.15,6653259
2021-06-17 11:55:53,125.15,6653313
2021-06-17 11:55:56,125.1,6653339
2021-06-17 11:55:59,125.15,6653454
2021-06-17 11:56:02,125.15,6653509
2021-06-17 11:56:05,125.15,6653535
2021-06-17 11:56:07,125.1,6653656
2021-06-17 11:56:10,125.1,6653904
2021-06-17 11:56:12,125.15,6653979
2021-06-17 11:56:15,125.15,6654201
2021-06-17 11:56:18,125.1,6657793
2021-06-17 11:56:20,125.1,6659072
2021-06-17 11:56:23,125.1,6659455
2021-06-17 11:56:26,125.05,6659600
2021-06-17 11:56:28,125.05,6699215
2021-06-17 11:56:31,125.1,6721398
2021-06-17 11:56:34,125.1,6728278
2021-06-17 11:56:38,125.1,6731103
2021-06-17 11:56:41,125.1,6732101
2021-06-17 11:56:44,125.1,6732511
2021-06-17 11:56:47,125.2,6733034
2021-06-17 11:56:51,125.1,6733291
2021-06-17 11:56:54,125.2,6733368
2021-06-17 11:56:57,125.2,6733435
2021-06-17 11:57:00,125.2,6733456
2021-06-17 11:57:03,125.2,6733462
2021-06-17 11:57:06,125.2,6733465
2021-06-17 11:57:08,125.1,6733473
2021-06-17 11:57:11,125.1,6733541
2021-06-17 11:57:14,125.15,6733561
2021-06-17 11:57:17,125.1,6733672
2021-06-17 11:57:20,125.1,6733764
2021-06-17 11:57:23,125.15,6733794
2021-06-17 11:57:25,125.15,6733803
2021-06-17 11:57:28,125.15,6733806
2021-06-17 11:57:31,125.15,6733806
2021-06-17 11:57:34,125.15,6733806
2021-06-17 11:57:36,125.15,6735944
2021-06-17 11:57:39,125.1,6737104
2021-06-17 11:57:42,125.15,6737488
2021-06-17 11:57:45,125.15,6737704
2021-06-17 11:57:48,125.1,6737809
2021-06-17 11:57:51,125.15,6738845
2021-06-17 11:57:54,125.1,6744161
2021-06-17 11:57:57,125.15,6745757
2021-06-17 11:58:00,125.1,6746246
2021-06-17 11:58:03,125.1,6746829
2021-06-17 11:58:06,125.15,6747010
2021-06-17 11:58:08,125.15,6747065
2021-06-17 11:58:11,125.1,6747162
2021-06-17 11:58:14,125.1,6747241
2021-06-17 11:58:17,125.15,6747265
2021-06-17 11:58:19,125.15,6747272
2021-06-17 11:58:25,125.1,6747450
2021-06-17 11:58:28,125.1,6747604
2021-06-17 11:58:31,125.15,6747825
2021-06-17 11:58:33,125.1,6748395
2021-06-17 11:58:36,125.1,6748952
2021-06-17 11:58:38,125.15,6749119
2021-06-17 11:58:41,125.15,6750794
2021-06-17 11:58:44,125.15,6751398
2021-06-17 11:58:46,125.15,6751594
2021-06-17 11:58:49,125.15,6751733
2021-06-17 11:58:52,125.15,6751963
2021-06-17 11:58:55,125.2,6752085
2021-06-17 11:58:59,125.2,6752121
2021-06-17 11:59:02,125.15,6752246
2021-06-17 11:59:05,125.15,6752440
2021-06-17 11:59:08,125.1,6753422
2021-06-17 11:59:11,125.15,6753716
2021-06-17 11:59:14,125.1,6754087
2021-06-17 11:59:18,125.1,6754210
2021-06-17 11:59:22,124.95,6792352
2021-06-17 11:59:25,124.9,6863697
2021-06-17 11:59:29,125.0,6869271
2021-06-17 11:59:33,124.95,6870948
2021-06-17 11:59:36,124.95,6871831
2021-06-17 11:59:38,125.0,6874508
2021-06-17 11:59:42,124.95,6876585
2021-06-17 11:59:45,124.95,6877732
2021-06-17 11:59:49,124.9,6878176
2021-06-17 11:59:52,124.9,6916597
2021-06-17 11:59:56,124.9,6929780
2021-06-17 11:59:59,124.9,6936235
2021-06-17 12:00:02,125.0,6937418
2021-06-17 12:00:06,124.95,6939435
2021-06-17 12:00:10,124.9,6940071
2021-06-17 12:00:13,124.85,6943362
2021-06-17 12:00:16,124.95,6944879
2021-06-17 12:00:19,124.85,6946174
2021-06-17 12:00:22,124.95,6947448
2021-06-17 12:00:24,124.8,6949650
2021-06-17 12:00:28,124.9,6957802
2021-06-17 12:00:31,124.9,6963581
2021-06-17 12:00:33,124.95,6963755
2021-06-17 12:00:36,124.95,6964157
2021-06-17 12:00:40,124.9,6964329
2021-06-17 12:00:43,124.9,6964866
2021-06-17 12:00:47,124.95,6966267
2021-06-17 12:00:54,124.9,6968092
2021-06-17 12:00:56,124.95,6968488
2021-06-17 12:01:03,124.9,6969443
2021-06-17 12:01:06,124.95,6969994
2021-06-17 12:01:09,124.95,6970194
2021-06-17 12:01:12,124.95,6970304
2021-06-17 12:01:15,124.9,6970539
2021-06-17 12:01:18,124.95,6970734
2021-06-17 12:01:22,124.9,6973634
2021-06-17 12:01:28,124.95,6978514
2021-06-17 12:01:31,125.0,6980826
2021-06-17 12:01:35,125.0,6993539
2021-06-17 12:01:41,125.1,7002084
2021-06-17 12:01:44,125.0,7003136
2021-06-17 12:01:47,125.1,7003543
2021-06-17 12:01:50,125.0,7003811
2021-06-17 12:01:53,125.1,7004291
2021-06-17 12:01:56,125.1,7004938
2021-06-17 12:01:58,125.15,7007112
2021-06-17 12:02:01,125.15,7007957
2021-06-17 12:02:04,125.15,7010317
2021-06-17 12:02:08,125.15,7011025
2021-06-17 12:02:11,125.1,7011347
2021-06-17 12:02:13,125.1,7011574
2021-06-17 12:02:16,125.1,7011729
2021-06-17 12:02:19,125.1,7011892
2021-06-17 12:02:21,125.15,7013008
2021-06-17 12:02:24,125.1,7017055
2021-06-17 12:02:27,125.1,7017581
2021-06-17 12:02:30,125.15,7018014
2021-06-17 12:02:34,125.1,7018967
2021-06-17 12:02:37,125.1,7019863
2021-06-17 12:02:40,125.0,7025252
2021-06-17 12:02:43,124.9,7026882
2021-06-17 12:02:46,125.0,7028391
2021-06-17 12:02:49,125.0,7029149
2021-06-17 12:02:52,125.0,7029476
2021-06-17 12:02:55,125.0,7029574
2021-06-17 12:02:58,125.0,7029739
2021-06-17 12:03:06,125.0,7029875
2021-06-17 12:03:09,124.9,7029924
2021-06-17 12:03:12,125.0,7030022
2021-06-17 12:03:16,124.9,7030559
2021-06-17 12:03:19,125.0,7030720
2021-06-17 12:03:22,125.0,7040004
2021-06-17 12:03:25,125.1,7042789
2021-06-17 12:03:27,125.0,7043862
2021-06-17 12:03:31,125.1,7044508
2021-06-17 12:03:34,125.1,7044721
2021-06-17 12:03:37,125.0,7045906
2021-06-17 12:03:39,125.05,7048815
2021-06-17 12:03:42,125.1,7049751
2021-06-17 12:03:45,125.1,7050047
2021-06-17 12:03:48,125.1,7050156
2021-06-17 12:03:51,125.05,7050228
2021-06-17 12:03:54,125.05,7050325
2021-06-17 12:03:57,125.05,7050414
2021-06-17 12:04:00,125.05,7050762
2021-06-17 12:04:03,125.05,7050986
2021-06-17 12:04:07,125.05,7052053
2021-06-17 12:04:10,125.1,7052959
2021-06-17 12:04:13,125.05,7053864
2021-06-17 12:04:16,125.1,7054136
2021-06-17 12:04:19,125.15,7054256
2021-06-17 12:04:22,125.15,7054593
2021-06-17 12:04:26,125.1,7058374
2021-06-17 12:04:29,125.15,7060023
2021-06-17 12:04:33,125.2,7079892
2021-06-17 12:04:35,125.3,7090110
2021-06-17 12:04:39,125.3,7098100
2021-06-17 12:04:42,125.3,7100798
2021-06-17 12:04:45,125.35,7101607
2021-06-17 12:04:48,125.35,7102544
2021-06-17 12:04:52,125.35,7102826
2021-06-17 12:04:55,125.35,7108747
2021-06-17 12:04:58,125.35,7110651
2021-06-17 12:05:01,125.35,7113570
2021-06-17 12:05:05,125.3,7114582
2021-06-17 12:05:08,125.35,7114886
2021-06-17 12:05:12,125.3,7116080
2021-06-17 12:05:15,125.3,7116473
2021-06-17 12:05:18,125.3,7117100
2021-06-17 12:05:22,125.2,7117483
2021-06-17 12:05:25,125.3,7118707
2021-06-17 12:05:29,125.3,7119103
2021-06-17 12:05:32,125.2,7119236
2021-06-17 12:05:36,125.3,7119491
2021-06-17 12:05:39,125.25,7119583
2021-06-17 12:05:42,125.2,7119632
2021-06-17 12:05:45,125.3,7119651
2021-06-17 12:05:48,125.2,7119778
2021-06-17 12:05:51,125.3,7120416
2021-06-17 12:05:54,125.3,7120610
2021-06-17 12:05:58,125.3,7120669
2021-06-17 12:06:00,125.3,7120698
2021-06-17 12:06:04,125.25,7120787
2021-06-17 12:06:07,125.25,7120932
2021-06-17 12:06:11,125.45,7134291
2021-06-17 12:06:14,125.4,7138299
2021-06-17 12:06:17,125.5,7153381
2021-06-17 12:06:26,125.4,7155348
2021-06-17 12:06:29,125.5,7155833
2021-06-17 12:06:32,125.45,7155861
2021-06-17 12:06:38,125.4,7156453
2021-06-17 12:06:42,125.4,7156919
2021-06-17 12:06:45,125.4,7157109
2021-06-17 12:06:48,125.45,7157186
2021-06-17 12:06:51,125.4,7159270
2021-06-17 12:06:54,125.3,7164938
2021-06-17 12:06:56,125.4,7167640
2021-06-17 12:06:59,125.3,7169082
2021-06-17 12:07:02,125.4,7170516
2021-06-17 12:07:08,125.4,7171142
2021-06-17 12:07:11,125.4,7171185
2021-06-17 12:07:17,125.3,7173220
2021-06-17 12:07:20,125.35,7173825
2021-06-17 12:07:23,125.4,7174866
2021-06-17 12:07:26,125.4,7175219
2021-06-17 12:07:29,125.45,7183731
2021-06-17 12:07:32,125.35,7186935
2021-06-17 12:07:35,125.35,7188421
2021-06-17 12:07:38,125.45,7189392
2021-06-17 12:07:40,125.4,7189883
2021-06-17 12:07:43,125.35,7190327
2021-06-17 12:07:46,125.45,7191213
2021-06-17 12:07:49,125.4,7191581
2021-06-17 12:07:52,125.4,7191692
2021-06-17 12:07:55,125.4,7192079
2021-06-17 12:07:59,125.45,7192195
2021-06-17 12:08:02,125.45,7192230
2021-06-17 12:08:04,125.45,7192245
2021-06-17 12:08:07,125.45,7192249
2021-06-17 12:08:10,125.45,7192430
2021-06-17 12:08:12,125.45,7192568
2021-06-17 12:08:15,125.45,7192609
2021-06-17 12:08:18,125.45,7192658
2021-06-17 12:08:20,125.45,7193474
2021-06-17 12:08:23,125.45,7193720
2021-06-17 12:08:25,125.35,7194347
2021-06-17 12:08:28,125.45,7194625
2021-06-17 12:08:31,125.4,7194853
2021-06-17 12:08:34,125.4,7194923
2021-06-17 12:08:36,125.4,7196023
2021-06-17 12:08:39,125.45,7196353
2021-06-17 12:08:42,125.4,7196462
2021-06-17 12:08:45,125.4,7196624
2021-06-17 12:08:47,125.45,7196753
2021-06-17 12:08:50,125.45,7196792
2021-06-17 12:08:52,125.45,7196803
2021-06-17 12:08:55,125.45,7196828
2021-06-17 12:08:57,125.45,7197105
2021-06-17 12:09:00,125.4,7197193
2021-06-17 12:09:03,125.4,7197320
2021-06-17 12:09:05,125.45,7197958
2021-06-17 12:09:08,125.45,7198236
2021-06-17 12:09:10,125.4,7198394
2021-06-17 12:09:13,125.4,7198547
2021-06-17 12:09:15,125.4,7198694
2021-06-17 12:09:18,125.45,7198738
2021-06-17 12:09:21,125.45,7198781
2021-06-17 12:09:24,125.4,7198795
2021-06-17 12:09:27,125.45,7198799
2021-06-17 12:09:30,125.45,7198800
2021-06-17 12:09:33,125.4,7199801
2021-06-17 12:09:39,125.45,7207333
2021-06-17 12:09:42,125.35,7208663
2021-06-17 12:09:44,125.45,7209062
2021-06-17 12:09:47,125.45,7209341
2021-06-17 12:09:50,125.45,7209430
2021-06-17 12:09:53,125.45,7209472
2021-06-17 12:09:55,125.45,7209484
2021-06-17 12:09:58,125.35,7209703
2021-06-17 12:10:00,125.45,7209769
2021-06-17 12:10:03,125.4,7209920
2021-06-17 12:10:09,125.4,7209998
2021-06-17 12:10:12,125.35,7210008
2021-06-17 12:10:15,125.4,7210041
2021-06-17 12:10:18,125.45,7210301
2021-06-17 12:10:20,125.45,7210404
2021-06-17 12:10:23,125.45,7210448
2021-06-17 12:10:26,125.35,7210968
2021-06-17 12:10:28,125.45,7211126
2021-06-17 12:10:31,125.4,7212293
2021-06-17 12:10:34,125.4,7212674
2021-06-17 12:10:37,125.4,7212795
2021-06-17 12:10:39,125.4,7212932
2021-06-17 12:10:43,125.4,7213106
2021-06-17 12:10:46,125.4,7213358
2021-06-17 12:10:49,125.4,7213467
2021-06-17 12:10:51,125.4,7213767
2021-06-17 12:10:54,125.4,7213857
2021-06-17 12:10:56,125.4,7213884
2021-06-17 12:10:58,125.4,7213902
2021-06-17 12:11:01,125.4,7213907
2021-06-17 12:11:03,125.4,7213909
2021-06-17 12:11:06,125.35,7213948
2021-06-17 12:11:09,125.4,7214109
2021-06-17 12:11:11,125.4,7214183
2021-06-17 12:11:14,125.4,7214206
2021-06-17 12:11:17,125.3,7214285
2021-06-17 12:11:19,125.3,7214379
2021-06-17 12:11:22,125.3,7214508
2021-06-17 12:11:24,125.4,7214749
2021-06-17 12:11:27,125.3,7215146
2021-06-17 12:11:30,125.35,7215320
2021-06-17 12:11:32,125.35,7215373
2021-06-17 12:11:35,125.3,7215402
2021-06-17 12:11:37,125.35,7215625
2021-06-17 12:11:40,125.3,7215693
2021-06-17 12:11:43,125.4,7216198
2021-06-17 12:11:46,125.3,7216404
2021-06-17 12:11:49,125.35,7216481
2021-06-17 12:11:52,125.4,7216520
2021-06-17 12:11:55,125.3,7216540
2021-06-17 12:11:58,125.35,7216546
2021-06-17 12:12:00,125.35,7216547
2021-06-17 12:12:03,125.3,7216753
2021-06-17 12:12:06,125.3,7218510
2021-06-17 12:12:11,125.35,7219245
2021-06-17 12:12:14,125.35,7219324
2021-06-17 12:12:17,125.3,7219428
2021-06-17 12:12:20,125.35,7219459
2021-06-17 12:12:23,125.25,7233359
2021-06-17 12:12:26,125.35,7239787
2021-06-17 12:12:28,125.35,7241868
2021-06-17 12:12:31,125.4,7242002
2021-06-17 12:12:34,125.35,7242043
2021-06-17 12:12:37,125.3,7242426
2021-06-17 12:12:40,125.4,7242861
2021-06-17 12:12:43,125.35,7243244
2021-06-17 12:12:46,125.4,7244261
2021-06-17 12:12:49,125.4,7244566
2021-06-17 12:12:51,125.3,7244661
2021-06-17 12:12:54,125.3,7249708
2021-06-17 12:12:57,125.25,7251496
2021-06-17 12:12:59,125.35,7252061
2021-06-17 12:13:02,125.35,7252241
2021-06-17 12:13:05,125.3,7252296
2021-06-17 12:13:08,125.3,7252372
2021-06-17 12:13:11,125.3,7252395
2021-06-17 12:13:14,125.3,7252591
2021-06-17 12:13:17,125.35,7252651
2021-06-17 12:13:19,125.35,7252794
2021-06-17 12:13:22,125.35,7252837
2021-06-17 12:13:25,125.35,7252957
2021-06-17 12:13:27,125.35,7257989
2021-06-17 12:13:30,125.35,7259678
2021-06-17 12:13:33,125.35,7260235
2021-06-17 12:13:36,125.3,7260493
2021-06-17 12:13:39,125.35,7260692
2021-06-17 12:13:41,125.35,7261473
2021-06-17 12:13:44,125.35,7262210
2021-06-17 12:13:47,125.35,7262432
2021-06-17 12:13:50,125.35,7262500
2021-06-17 12:13:53,125.35,7262523
2021-06-17 12:13:55,125.35,7262530
2021-06-17 12:13:58,125.35,7262532
2021-06-17 12:14:01,125.35,7262552
2021-06-17 12:14:04,125.3,7262593
2021-06-17 12:14:07,125.35,7262607
