timestamp,ltp,volume
2021-06-17 09:19:45,240.3,1072955
2021-06-17 09:19:46,240.2,1073218
2021-06-17 09:19:47,240.4,1074069
2021-06-17 09:19:48,240.2,1078601
2021-06-17 09:19:49,240.4,1079401
2021-06-17 09:19:51,240.55,1084006
2021-06-17 09:19:52,240.7,1084580
2021-06-17 09:19:52,240.7,1084580
2021-06-17 09:19:54,240.65,1087753
2021-06-17 09:19:56,240.8,1088125
2021-06-17 09:19:57,240.8,1088680
2021-06-17 09:19:58,240.8,1089132
2021-06-17 09:19:59,240.8,1089310
2021-06-17 09:20:00,240.7,1089543
2021-06-17 09:20:01,240.75,1090586
2021-06-17 09:20:02,240.75,1093360
2021-06-17 09:20:03,240.8,1094353
2021-06-17 09:20:05,240.85,1096396
2021-06-17 09:20:05,240.65,1096596
2021-06-17 09:20:06,240.85,1097827
2021-06-17 09:20:07,240.8,1098333
2021-06-17 09:20:08,240.65,1099299
2021-06-17 09:20:10,240.8,1101266
2021-06-17 09:20:10,240.65,1101316
2021-06-17 09:20:11,240.8,1102483
2021-06-17 09:20:13,240.85,1104425
2021-06-17 09:20:14,240.85,1104747
2021-06-17 09:20:14,240.85,1104847
2021-06-17 09:20:16,240.85,1104938
2021-06-17 09:20:17,240.85,1105044
2021-06-17 09:20:18,240.85,1105112
2021-06-17 09:20:18,240.85,1105423
2021-06-17 09:20:19,240.85,1106679
2021-06-17 09:20:20,241.1,1126285
2021-06-17 09:20:21,241.15,1126713
2021-06-17 09:20:23,241.15,1129941
2021-06-17 09:20:23,241.15,1129941
2021-06-17 09:20:24,241.15,1130096
2021-06-17 09:20:25,241.15,1130839
2021-06-17 09:20:26,241.15,1131764
2021-06-17 09:20:27,241.1,1133650
2021-06-17 09:20:28,241.15,1134315
2021-06-17 09:20:29,241.0,1134489
2021-06-17 09:20:30,240.95,1145137
2021-06-17 09:20:31,240.85,1146161
2021-06-17 09:20:32,240.8,1147565
2021-06-17 09:20:33,240.7,1147799
2021-06-17 09:20:34,240.7,1148633
2021-06-17 09:20:35,240.55,1157191
2021-06-17 09:20:36,240.5,1157875
2021-06-17 09:20:37,240.45,1159322
2021-06-17 09:20:39,240.35,1164864
2021-06-17 09:20:39,240.25,1168920
2021-06-17 09:20:41,240.3,1171308
2021-06-17 09:20:42,240.25,1171394
2021-06-17 09:20:43,240.1,1184309
2021-06-17 09:20:44,240.2,1185013
2021-06-17 09:20:45,240.1,1185777
2021-06-17 09:20:45,240.05,1186833
2021-06-17 09:20:46,240.0,1191960
2021-06-17 09:20:47,240.05,1192551
2021-06-17 09:20:48,240.0,1193079
2021-06-17 09:20:49,240.0,1193816
2021-06-17 09:20:51,240.15,1216142
2021-06-17 09:20:52,240.05,1216820
2021-06-17 09:20:53,240.1,1217423
2021-06-17 09:20:54,240.1,1217696
2021-06-17 09:20:56,240.0,1220243
2021-06-17 09:20:56,240.05,1220297
2021-06-17 09:20:58,240.2,1225882
2021-06-17 09:21:01,240.15,1226255
2021-06-17 09:21:02,240.2,1226641
2021-06-17 09:21:04,240.15,1226812
2021-06-17 09:21:05,240.2,1226926
2021-06-17 09:21:09,240.2,1231328
2021-06-17 09:21:10,240.25,1233757
2021-06-17 09:21:10,240.25,1233790
2021-06-17 09:21:12,240.3,1234722
2021-06-17 09:21:13,240.3,1234806
2021-06-17 09:21:14,240.3,1234839
2021-06-17 09:21:16,240.35,1238785
2021-06-17 09:21:17,240.35,1239081
2021-06-17 09:21:17,240.35,1239284
2021-06-17 09:21:19,240.8,1244163
2021-06-17 09:21:20,240.65,1245682
2021-06-17 09:21:21,240.6,1246217
2021-06-17 09:21:22,240.6,1246450
2021-06-17 09:21:23,240.55,1246583
2021-06-17 09:21:24,240.55,1246762
2021-06-17 09:21:27,240.4,1247603
2021-06-17 09:21:28,240.45,1247703
2021-06-17 09:21:29,240.25,1251241
2021-06-17 09:21:29,240.45,1251526
2021-06-17 09:21:30,240.45,1252643
2021-06-17 09:21:31,240.45,1252917
2021-06-17 09:21:33,240.45,1254003
2021-06-17 09:21:34,240.4,1254037
2021-06-17 09:21:35,240.45,1255099
2021-06-17 09:21:36,240.4,1255133
2021-06-17 09:21:37,240.4,1255364
2021-06-17 09:21:38,240.4,1255397
2021-06-17 09:21:39,240.4,1255580
2021-06-17 09:21:40,240.25,1257042
2021-06-17 09:21:41,240.25,1257144
2021-06-17 09:21:42,240.35,1258330
2021-06-17 09:21:43,240.35,1258942
2021-06-17 09:21:45,240.35,1259107
2021-06-17 09:21:46,240.4,1259142
2021-06-17 09:21:47,240.35,1259176
2021-06-17 09:21:48,240.4,1259881
2021-06-17 09:21:49,240.4,1260006
2021-06-17 09:21:50,240.4,1260467
2021-06-17 09:21:51,240.4,1260577
2021-06-17 09:21:52,240.4,1260702
2021-06-17 09:21:53,240.4,1260746
2021-06-17 09:21:54,240.4,1261117
2021-06-17 09:21:55,240.4,1261166
2021-06-17 09:21:56,240.25,1262141
2021-06-17 09:21:57,240.25,1264811
2021-06-17 09:21:59,240.25,1266699
2021-06-17 09:22:00,240.25,1267850
2021-06-17 09:22:01,240.25,1268339
2021-06-17 09:22:02,240.25,1268373
2021-06-17 09:22:03,240.35,1268978
2021-06-17 09:22:04,240.35,1269148
2021-06-17 09:22:05,240.35,1269203
2021-06-17 09:22:06,240.35,1269237
2021-06-17 09:22:07,240.35,1269272
2021-06-17 09:22:08,240.4,1270450
2021-06-17 09:22:09,240.5,1274348
2021-06-17 09:22:10,240.5,1274782
2021-06-17 09:22:11,240.5,1274916
2021-06-17 09:22:13,240.5,1275251
2021-06-17 09:22:12,240.5,1275251
2021-06-17 09:22:14,240.5,1275686
2021-06-17 09:22:15,240.5,1277583
2021-06-17 09:22:16,240.5,1277633
2021-06-17 09:22:17,240.5,1279176
2021-06-17 09:22:18,240.35,1279533
2021-06-17 09:22:19,240.5,1279852
2021-06-17 09:22:20,240.6,1280094
2021-06-17 09:22:21,240.6,1280340
2021-06-17 09:22:22,240.55,1280874
2021-06-17 09:22:23,240.5,1282127
2021-06-17 09:22:24,240.5,1282212
2021-06-17 09:22:25,240.5,1282251
2021-06-17 09:22:26,240.6,1282659
2021-06-17 09:22:27,240.65,1283130
2021-06-17 09:22:28,240.65,1283760
2021-06-17 09:22:30,240.5,1285339
2021-06-17 09:22:31,240.65,1285485
2021-06-17 09:22:32,240.7,1285881
2021-06-17 09:22:33,240.7,1285927
2021-06-17 09:22:34,240.7,1286149
2021-06-17 09:22:35,240.7,1286204
2021-06-17 09:22:36,240.7,1286213
2021-06-17 09:22:37,240.6,1287657
2021-06-17 09:22:38,240.7,1288251
2021-06-17 09:22:39,240.6,1288525
2021-06-17 09:22:40,240.65,1288694
2021-06-17 09:22:41,240.65,1289214
2021-06-17 09:22:42,240.65,1289534
2021-06-17 09:22:43,240.6,1290165
2021-06-17 09:22:44,240.7,1290251
2021-06-17 09:22:45,240.7,1290556
2021-06-17 09:22:46,240.75,1290612
2021-06-17 09:22:47,240.85,1293713
2021-06-17 09:22:48,240.85,1293713
2021-06-17 09:22:49,240.85,1294851
2021-06-17 09:22:50,240.8,1295152
2021-06-17 09:22:51,240.85,1295263
2021-06-17 09:22:52,240.85,1295432
2021-06-17 09:22:53,240.85,1296132
2021-06-17 09:22:54,240.85,1296201
2021-06-17 09:22:55,240.8,1296413
2021-06-17 09:22:56,240.85,1296498
2021-06-17 09:22:57,240.85,1297358
2021-06-17 09:22:58,241.0,1299671
2021-06-17 09:22:59,241.0,1299959
2021-06-17 09:23:00,240.9,1322906
2021-06-17 09:23:01,240.85,1332773
2021-06-17 09:23:02,240.95,1333998
2021-06-17 09:23:03,240.85,1334534
2021-06-17 09:23:05,240.95,1335127
2021-06-17 09:23:06,240.95,1335163
2021-06-17 09:23:07,240.95,1335198
2021-06-17 09:23:08,240.95,1335863
2021-06-17 09:23:09,240.95,1335918
2021-06-17 09:23:11,240.95,1338108
2021-06-17 09:23:12,240.95,1338208
2021-06-17 09:23:13,240.9,1339334
2021-06-17 09:23:14,240.95,1340455
2021-06-17 09:23:15,240.95,1341116
2021-06-17 09:23:16,240.95,1341116
2021-06-17 09:23:17,240.8,1344729
2021-06-17 09:23:18,240.75,1345878
2021-06-17 09:23:19,240.8,1347108
2021-06-17 09:23:20,240.8,1348326
2021-06-17 09:23:21,240.8,1348474
2021-06-17 09:23:22,240.75,1349011
2021-06-17 09:23:23,240.75,1356857
2021-06-17 09:23:24,240.65,1358474
2021-06-17 09:23:25,240.65,1358628
2021-06-17 09:23:26,240.65,1359157
2021-06-17 09:23:27,240.6,1359299
2021-06-17 09:23:30,240.55,1360570
2021-06-17 09:23:31,240.6,1360883
2021-06-17 09:23:32,240.55,1361595
2021-06-17 09:23:33,240.6,1361665
2021-06-17 09:23:34,240.6,1363248
2021-06-17 09:23:35,240.6,1365659
2021-06-17 09:23:36,240.55,1366895
2021-06-17 09:23:37,240.5,1368031
2021-06-17 09:23:38,240.5,1368166
2021-06-17 09:23:39,240.55,1369289
2021-06-17 09:23:40,240.5,1369842
2021-06-17 09:23:41,240.4,1370486
2021-06-17 09:23:43,240.45,1371058
2021-06-17 09:23:45,240.5,1373882
2021-06-17 09:23:46,240.45,1374252
2021-06-17 09:23:47,240.65,1382775
2021-06-17 09:23:48,240.65,1383217
2021-06-17 09:23:48,240.65,1383316
2021-06-17 09:23:49,240.65,1384801
2021-06-17 09:23:50,240.65,1384931
2021-06-17 09:23:51,240.65,1385698
2021-06-17 09:23:52,240.65,1385734
2021-06-17 09:23:54,240.55,1386396
2021-06-17 09:23:54,240.65,1386178
2021-06-17 09:23:55,240.5,1386874
2021-06-17 09:23:56,240.5,1387322
2021-06-17 09:23:57,240.5,1387978
2021-06-17 09:23:58,240.55,1388061
2021-06-17 09:23:59,240.45,1393083
2021-06-17 09:24:00,240.45,1395593
2021-06-17 09:24:01,240.45,1396780
2021-06-17 09:24:02,240.4,1397942
2021-06-17 09:24:03,240.35,1399067
2021-06-17 09:24:04,240.45,1400030
2021-06-17 09:24:05,240.4,1401376
2021-06-17 09:24:06,240.35,1402153
2021-06-17 09:24:07,240.35,1402207
2021-06-17 09:24:08,240.5,1428207
2021-06-17 09:24:09,240.5,1428425
2021-06-17 09:24:11,240.4,1428729
2021-06-17 09:24:12,240.4,1428763
2021-06-17 09:24:14,240.35,1430189
2021-06-17 09:24:15,240.35,1430390
2021-06-17 09:24:15,240.35,1430425
2021-06-17 09:24:16,240.35,1439732
2021-06-17 09:24:17,240.4,1443331
2021-06-17 09:24:19,240.55,1449703
2021-06-17 09:24:20,240.5,1451249
2021-06-17 09:24:21,240.55,1453730
2021-06-17 09:24:22,240.55,1455263
2021-06-17 09:24:23,240.7,1456457
2021-06-17 09:24:24,240.7,1456492
2021-06-17 09:24:25,240.7,1457026
2021-06-17 09:24:26,240.75,1457324
2021-06-17 09:24:27,240.75,1457444
2021-06-17 09:24:28,240.75,1457647
2021-06-17 09:24:30,240.8,1459218
2021-06-17 09:24:31,240.85,1462104
2021-06-17 09:24:33,240.8,1463237
2021-06-17 09:24:34,240.75,1464376
2021-06-17 09:24:35,240.85,1464749
2021-06-17 09:24:36,240.8,1464873
2021-06-17 09:24:37,240.95,1465861
2021-06-17 09:24:38,240.95,1466046
2021-06-17 09:24:39,240.95,1466206
2021-06-17 09:24:40,240.95,1466670
2021-06-17 09:24:41,240.95,1475085
2021-06-17 09:24:43,240.95,1484306
2021-06-17 09:24:44,240.85,1484892
2021-06-17 09:24:45,240.95,1485900
2021-06-17 09:24:46,240.85,1489600
2021-06-17 09:24:47,240.85,1491534
2021-06-17 09:24:48,240.85,1492640
2021-06-17 09:24:49,240.9,1494678
2021-06-17 09:24:50,240.9,1494712
2021-06-17 09:24:51,240.9,1495567
2021-06-17 09:24:52,240.85,1499577
2021-06-17 09:24:53,240.85,1501279
2021-06-17 09:24:55,240.75,1504211
2021-06-17 09:24:56,240.7,1504647
2021-06-17 09:24:57,240.7,1505597
2021-06-17 09:24:58,240.6,1508310
2021-06-17 09:24:59,240.65,1508644
2021-06-17 09:25:01,240.65,1510721
2021-06-17 09:25:01,240.65,1510687
2021-06-17 09:25:02,240.55,1512079
2021-06-17 09:25:03,240.6,1513941
2021-06-17 09:25:04,240.6,1514706
2021-06-17 09:25:05,240.6,1518399
2021-06-17 09:25:06,240.6,1519224
2021-06-17 09:25:07,240.6,1519686
2021-06-17 09:25:08,240.6,1519775
2021-06-17 09:25:09,240.6,1520817
2021-06-17 09:25:12,240.7,1531741
2021-06-17 09:25:13,240.7,1531867
2021-06-17 09:25:14,240.8,1532630
2021-06-17 09:25:15,240.8,1532665
2021-06-17 09:25:16,240.85,1535856
2021-06-17 09:25:17,240.85,1538175
2021-06-17 09:25:18,240.85,1538246
2021-06-17 09:25:19,240.8,1538292
2021-06-17 09:25:20,240.7,1538546
2021-06-17 09:25:21,240.8,1538799
2021-06-17 09:25:22,240.8,1538838
2021-06-17 09:25:23,240.8,1540172
2021-06-17 09:25:24,240.8,1540422
2021-06-17 09:25:25,240.9,1541723
2021-06-17 09:25:27,240.9,1541867
2021-06-17 09:25:28,240.8,1542766
2021-06-17 09:25:29,240.8,1543267
2021-06-17 09:25:30,240.95,1544484
2021-06-17 09:25:30,240.9,1544697
2021-06-17 09:25:31,240.9,1544731
2021-06-17 09:25:32,240.85,1544775
2021-06-17 09:25:33,240.95,1550569
2021-06-17 09:25:35,240.9,1551069
2021-06-17 09:25:36,240.8,1554545
2021-06-17 09:25:37,240.95,1555524
2021-06-17 09:25:38,240.9,1555613
2021-06-17 09:25:39,240.9,1555710
2021-06-17 09:25:42,240.9,1556468
2021-06-17 09:25:42,240.9,1556503
2021-06-17 09:25:43,240.85,1556730
2021-06-17 09:25:44,240.9,1557241
2021-06-17 09:25:45,240.9,1558587
2021-06-17 09:25:46,240.8,1559456
2021-06-17 09:25:47,240.9,1559788
2021-06-17 09:25:48,240.9,1560306
2021-06-17 09:25:50,240.9,1561541
2021-06-17 09:25:51,240.8,1562897
2021-06-17 09:25:52,240.8,1564435
2021-06-17 09:25:53,240.8,1565124
2021-06-17 09:25:54,240.85,1566228
2021-06-17 09:25:55,240.85,1566867
2021-06-17 09:25:55,240.9,1566833
2021-06-17 09:25:56,240.85,1567246
2021-06-17 09:25:57,240.95,1568381
2021-06-17 09:25:58,240.95,1568416
2021-06-17 09:25:59,240.95,1570975
2021-06-17 09:26:00,240.95,1571010
2021-06-17 09:26:01,240.95,1571345
2021-06-17 09:26:02,240.95,1571560
2021-06-17 09:26:03,240.95,1572518
2021-06-17 09:26:04,240.9,1572662
2021-06-17 09:26:05,240.85,1572947
2021-06-17 09:26:06,240.9,1573371
2021-06-17 09:26:07,240.85,1573774
2021-06-17 09:26:08,240.9,1574081
2021-06-17 09:26:09,240.9,1574259
2021-06-17 09:26:10,240.9,1575093
2021-06-17 09:26:11,240.9,1575526
2021-06-17 09:26:12,240.9,1575599
2021-06-17 09:26:14,240.85,1575708
2021-06-17 09:26:14,240.85,1575763
2021-06-17 09:26:15,240.9,1580899
2021-06-17 09:26:16,240.85,1581251
2021-06-17 09:26:17,240.9,1581860
2021-06-17 09:26:18,240.9,1581899
2021-06-17 09:26:19,240.8,1582555
2021-06-17 09:26:20,240.85,1582636
2021-06-17 09:26:22,240.9,1582994
2021-06-17 09:26:23,240.85,1585780
2021-06-17 09:26:24,240.85,1585985
2021-06-17 09:26:25,240.85,1586708
2021-06-17 09:26:26,240.8,1586869
2021-06-17 09:26:27,240.8,1587661
2021-06-17 09:26:28,240.85,1588079
2021-06-17 09:26:29,240.8,1589359
2021-06-17 09:26:30,240.8,1589599
2021-06-17 09:26:31,240.85,1589731
2021-06-17 09:26:32,240.85,1591122
2021-06-17 09:26:33,240.8,1591478
2021-06-17 09:26:34,240.85,1591657
2021-06-17 09:26:35,240.85,1591869
2021-06-17 09:26:36,240.85,1592985
2021-06-17 09:26:37,240.85,1593640
2021-06-17 09:26:38,240.85,1596162
2021-06-17 09:26:39,240.85,1596797
2021-06-17 09:26:41,240.85,1596923
2021-06-17 09:26:42,240.8,1597340
2021-06-17 09:26:47,240.85,1600089
2021-06-17 09:26:52,240.85,1601519
2021-06-17 09:26:58,240.85,1604002
2021-06-17 09:27:03,240.85,1607658
2021-06-17 09:27:09,240.8,1612358
2021-06-17 09:27:14,240.65,1614688
2021-06-17 09:27:19,240.75,1619102
2021-06-17 09:27:25,240.7,1619926
2021-06-17 09:27:30,240.7,1620312
2021-06-17 09:27:35,240.75,1622128
2021-06-17 09:27:41,240.75,1624388
2021-06-17 09:27:46,240.8,1627223
2021-06-17 09:27:52,240.9,1628416
2021-06-17 09:27:57,240.9,1631718
2021-06-17 09:28:02,240.95,1633903
2021-06-17 09:28:08,240.9,1636717
2021-06-17 09:28:13,240.9,1637501
2021-06-17 09:28:18,240.85,1639723
2021-06-17 09:28:23,240.9,1641527
2021-06-17 09:28:28,240.95,1645052
2021-06-17 09:28:33,240.9,1650849
2021-06-17 09:28:38,240.95,1659469
2021-06-17 09:28:44,240.95,1660599
2021-06-17 09:28:49,240.95,1663581
2021-06-17 09:28:54,240.85,1664377
2021-06-17 09:28:59,241.0,1669127
2021-06-17 09:29:05,240.95,1671326
2021-06-17 09:29:10,240.95,1672116
2021-06-17 09:29:16,241.0,1674483
2021-06-17 09:29:20,241.1,1679282
2021-06-17 09:29:26,241.3,1695855
2021-06-17 09:29:31,241.2,1697140
2021-06-17 09:29:35,241.1,1727846
2021-06-17 09:29:41,240.95,1734424
2021-06-17 09:29:46,240.9,1741607
2021-06-17 09:29:51,240.95,1755020
2021-06-17 09:29:56,241.0,1770801
2021-06-17 09:30:02,240.85,1794673
2021-06-17 09:30:07,240.85,1805138
2021-06-17 09:30:18,240.95,1875685
2021-06-17 09:30:23,240.95,1887714
2021-06-17 09:30:28,240.95,1889485
2021-06-17 09:30:34,240.8,1911433
2021-06-17 09:30:39,240.7,1916854
2021-06-17 09:30:44,240.55,1937741
2021-06-17 09:30:50,240.4,1942104
2021-06-17 09:30:55,240.1,2021788
2021-06-17 09:31:00,240.05,2035787
2021-06-17 09:31:06,240.05,2037139
2021-06-17 09:31:11,240.05,2040144
2021-06-17 09:31:17,240.05,2043440
2021-06-17 09:31:22,240.1,2045783
2021-06-17 09:31:27,240.1,2047640
2021-06-17 09:31:32,239.9,2060086
2021-06-17 09:31:37,239.9,2062369
2021-06-17 09:31:42,240.0,2090451
2021-06-17 09:31:43,239.95,2093393
2021-06-17 09:31:44,240.0,2097539
2021-06-17 09:31:45,240.0,2097981
2021-06-17 09:31:46,239.95,2099045
2021-06-17 09:31:47,239.95,2099118
2021-06-17 09:31:48,239.95,2099786
2021-06-17 09:31:49,239.95,2099845
2021-06-17 09:31:50,239.95,2100011
2021-06-17 09:31:51,239.95,2101682
2021-06-17 09:31:52,240.0,2102231
2021-06-17 09:31:53,240.0,2102497
2021-06-17 09:31:54,239.95,2103772
2021-06-17 09:31:54,240.0,2103728
2021-06-17 09:31:56,240.0,2105969
2021-06-17 09:31:57,240.0,2108177
2021-06-17 09:31:58,239.95,2108684
2021-06-17 09:31:59,239.95,2109047
2021-06-17 09:32:00,239.95,2110245
2021-06-17 09:32:01,239.95,2110980
2021-06-17 09:32:02,240.0,2111456
2021-06-17 09:32:03,240.0,2112003
2021-06-17 09:32:04,240.0,2112106
2021-06-17 09:32:05,240.0,2112703
2021-06-17 09:32:05,240.0,2112803
2021-06-17 09:32:07,240.0,2113288
2021-06-17 09:32:08,240.0,2117525
2021-06-17 09:32:09,240.0,2118103
2021-06-17 09:32:10,240.0,2119141
2021-06-17 09:32:11,239.95,2119543
2021-06-17 09:32:12,240.0,2119689
2021-06-17 09:32:13,240.0,2120124
2021-06-17 09:32:14,240.0,2120281
2021-06-17 09:32:15,240.0,2120316
2021-06-17 09:32:16,240.0,2124609
2021-06-17 09:32:17,240.0,2124699
2021-06-17 09:32:18,240.0,2125536
2021-06-17 09:32:19,240.0,2125577
2021-06-17 09:32:20,240.0,2125866
2021-06-17 09:32:21,240.0,2126203
2021-06-17 09:32:22,240.0,2126339
2021-06-17 09:32:23,240.0,2126375
2021-06-17 09:32:24,240.0,2126600
2021-06-17 09:32:25,239.95,2128874
2021-06-17 09:32:26,240.0,2129198
2021-06-17 09:32:27,240.0,2129457
2021-06-17 09:32:28,240.0,2129493
2021-06-17 09:32:29,240.0,2129572
2021-06-17 09:32:30,240.0,2129979
2021-06-17 09:32:31,240.0,2144952
2021-06-17 09:32:32,240.0,2149468
2021-06-17 09:32:34,240.0,2149693
2021-06-17 09:32:35,240.0,2150420
2021-06-17 09:32:36,239.95,2150470
2021-06-17 09:32:37,239.95,2150527
2021-06-17 09:32:38,240.0,2150727
2021-06-17 09:32:39,239.95,2151263
2021-06-17 09:32:40,240.0,2151999
2021-06-17 09:32:41,239.95,2154884
2021-06-17 09:32:42,240.0,2157600
2021-06-17 09:32:43,240.0,2157685
2021-06-17 09:32:44,240.0,2158121
2021-06-17 09:32:45,240.0,2158377
2021-06-17 09:32:46,239.95,2159083
2021-06-17 09:32:47,239.95,2159123
2021-06-17 09:32:48,240.0,2160287
2021-06-17 09:32:49,240.0,2165973
2021-06-17 09:32:50,240.0,2170015
2021-06-17 09:32:51,240.0,2170232
2021-06-17 09:32:52,240.0,2170268
2021-06-17 09:32:54,240.0,2172508
2021-06-17 09:32:55,240.0,2172923
2021-06-17 09:32:56,239.9,2173222
2021-06-17 09:32:57,239.9,2176939
2021-06-17 09:32:58,239.95,2178013
2021-06-17 09:33:00,239.8,2178447
2021-06-17 09:33:01,239.95,2178493
2021-06-17 09:33:02,240.0,2180227
2021-06-17 09:33:04,239.9,2180386
2021-06-17 09:33:03,239.95,2180371
2021-06-17 09:33:05,239.95,2180423
2021-06-17 09:33:06,240.0,2180458
2021-06-17 09:33:07,239.8,2180904
2021-06-17 09:33:08,239.8,2181230
2021-06-17 09:33:09,239.95,2181432
2021-06-17 09:33:10,240.0,2181838
2021-06-17 09:33:11,240.0,2182042
2021-06-17 09:33:12,239.9,2182199
2021-06-17 09:33:13,240.0,2182244
2021-06-17 09:33:14,240.0,2182782
2021-06-17 09:33:15,240.0,2183874
2021-06-17 09:33:16,239.9,2184110
2021-06-17 09:33:17,240.0,2184376
2021-06-17 09:33:18,240.0,2184476
2021-06-17 09:33:19,240.0,2185105
2021-06-17 09:33:20,240.0,2187118
2021-06-17 09:33:21,240.0,2193435
2021-06-17 09:33:22,240.0,2193612
2021-06-17 09:33:23,240.0,2194188
2021-06-17 09:33:24,240.0,2194374
2021-06-17 09:33:25,240.0,2194414
2021-06-17 09:33:26,240.0,2194481
2021-06-17 09:33:27,240.0,2194481
2021-06-17 09:33:28,240.0,2195063
2021-06-17 09:33:29,240.0,2196598
2021-06-17 09:33:30,239.9,2196842
2021-06-17 09:33:31,239.95,2196887
2021-06-17 09:33:32,240.0,2197323
2021-06-17 09:33:33,240.0,2197518
2021-06-17 09:33:34,240.0,2198794
2021-06-17 09:33:35,240.0,2199134
2021-06-17 09:33:36,240.0,2199190
2021-06-17 09:33:38,240.0,2200958
2021-06-17 09:33:37,239.9,2200330
2021-06-17 09:33:39,239.9,2201024
2021-06-17 09:33:41,239.9,2201297
2021-06-17 09:33:42,239.9,2201414
2021-06-17 09:33:44,239.85,2203037
2021-06-17 09:33:45,239.85,2203622
2021-06-17 09:33:46,239.85,2203765
2021-06-17 09:33:47,239.85,2203931
2021-06-17 09:33:48,239.85,2204113
2021-06-17 09:33:49,239.9,2204798
2021-06-17 09:33:50,239.9,2206924
2021-06-17 09:33:51,239.9,2207001
2021-06-17 09:33:52,239.85,2207037
2021-06-17 09:33:53,239.95,2208278
2021-06-17 09:33:54,239.95,2208325
2021-06-17 09:33:55,239.85,2209940
2021-06-17 09:33:56,240.0,2209976
2021-06-17 09:33:57,240.0,2210011
2021-06-17 09:33:58,239.85,2210170
2021-06-17 09:33:59,239.95,2210206
2021-06-17 09:34:00,239.9,2210332
2021-06-17 09:34:01,239.85,2210945
2021-06-17 09:34:02,240.0,2211193
2021-06-17 09:34:03,240.0,2211294
2021-06-17 09:34:04,240.0,2211331
2021-06-17 09:34:05,240.0,2211366
2021-06-17 09:34:06,240.0,2211423
2021-06-17 09:34:07,240.0,2211679
2021-06-17 09:34:08,240.0,2211740
2021-06-17 09:34:09,240.0,2211780
2021-06-17 09:34:10,240.0,2211837
2021-06-17 09:34:11,240.0,2212433
2021-06-17 09:34:12,239.95,2213769
2021-06-17 09:34:13,240.0,2214024
2021-06-17 09:34:14,240.0,2214250
2021-06-17 09:34:15,240.0,2230285
2021-06-17 09:34:16,240.0,2230806
2021-06-17 09:34:17,239.95,2233380
2021-06-17 09:34:18,239.9,2233448
2021-06-17 09:34:19,240.0,2233830
2021-06-17 09:34:20,240.0,2234516
2021-06-17 09:34:21,240.0,2234551
2021-06-17 09:34:22,240.0,2234641
2021-06-17 09:34:23,240.0,2234736
2021-06-17 09:34:24,239.95,2234877
2021-06-17 09:34:25,240.0,2238323
2021-06-17 09:34:26,240.0,2238510
2021-06-17 09:34:27,240.0,2241943
2021-06-17 09:34:28,240.0,2244957
2021-06-17 09:34:29,240.0,2245468
2021-06-17 09:34:30,240.0,2245528
2021-06-17 09:34:31,239.9,2245697
2021-06-17 09:34:32,240.0,2246682
2021-06-17 09:34:33,240.0,2247141
2021-06-17 09:34:34,240.0,2247166
2021-06-17 09:34:35,240.0,2248349
2021-06-17 09:34:36,240.0,2248480
2021-06-17 09:34:37,240.0,2248564
2021-06-17 09:34:38,240.0,2248889
2021-06-17 09:34:39,240.0,2252967
2021-06-17 09:34:40,240.0,2253128
2021-06-17 09:34:41,239.95,2253178
2021-06-17 09:34:43,240.0,2253749
2021-06-17 09:34:44,240.0,2254080
2021-06-17 09:34:45,239.95,2256252
2021-06-17 09:34:46,239.95,2257341
2021-06-17 09:34:47,240.0,2257521
2021-06-17 09:34:48,240.0,2257807
2021-06-17 09:34:49,239.95,2257852
2021-06-17 09:34:50,240.0,2258012
2021-06-17 09:34:51,239.9,2258061
2021-06-17 09:34:52,240.0,2258606
2021-06-17 09:34:53,239.95,2258642
2021-06-17 09:34:54,239.95,2258959
2021-06-17 09:34:55,240.0,2259004
2021-06-17 09:34:56,239.95,2259426
2021-06-17 09:34:58,240.0,2259613
2021-06-17 09:34:57,240.0,2259611
2021-06-17 09:34:59,240.0,2260519
2021-06-17 09:35:00,239.95,2260656
2021-06-17 09:35:02,240.0,2260895
2021-06-17 09:35:03,239.95,2260938
2021-06-17 09:35:03,239.95,2260938
2021-06-17 09:35:04,240.0,2261101
2021-06-17 09:35:05,240.0,2261187
2021-06-17 09:35:06,239.95,2261224
2021-06-17 09:35:07,240.0,2261552
2021-06-17 09:35:08,240.0,2265665
2021-06-17 09:35:10,239.9,2275638
2021-06-17 09:35:11,239.85,2275954
2021-06-17 09:35:12,239.9,2276169
2021-06-17 09:35:13,239.9,2278886
2021-06-17 09:35:14,239.8,2279485
2021-06-17 09:35:15,239.85,2279491
2021-06-17 09:35:16,239.85,2279588
2021-06-17 09:35:17,239.85,2280335
2021-06-17 09:35:18,239.85,2280401
2021-06-17 09:35:20,239.85,2281197
2021-06-17 09:35:21,239.9,2282922
2021-06-17 09:35:22,239.9,2283240
2021-06-17 09:35:23,239.9,2283834
2021-06-17 09:35:25,239.9,2284642
2021-06-17 09:35:28,240.0,2289385
2021-06-17 09:35:28,240.0,2289385
2021-06-17 09:35:30,239.9,2289598
2021-06-17 09:35:30,240.0,2289987
2021-06-17 09:35:31,239.9,2290067
2021-06-17 09:35:32,239.85,2290217
2021-06-17 09:35:33,240.0,2290277
2021-06-17 09:35:34,239.95,2290424
2021-06-17 09:35:35,240.0,2291659
2021-06-17 09:35:37,240.0,2295008
2021-06-17 09:35:37,240.0,2295608
2021-06-17 09:35:39,240.0,2296181
2021-06-17 09:35:40,240.0,2299480
2021-06-17 09:35:41,239.9,2302311
2021-06-17 09:35:41,239.95,2302370
2021-06-17 09:35:42,240.0,2303107
2021-06-17 09:35:43,239.95,2303145
2021-06-17 09:35:46,239.9,2317392
2021-06-17 09:35:47,239.9,2318341
2021-06-17 09:35:48,239.9,2319295
2021-06-17 09:35:49,239.9,2319630
2021-06-17 09:35:50,239.95,2319786
2021-06-17 09:35:52,239.95,2320309
2021-06-17 09:35:53,239.9,2320818
2021-06-17 09:35:54,240.0,2335116
2021-06-17 09:35:55,240.0,2335151
2021-06-17 09:35:56,240.0,2336233
2021-06-17 09:35:57,240.0,2337268
2021-06-17 09:35:59,240.0,2338524
2021-06-17 09:35:59,240.0,2343299
2021-06-17 09:36:00,240.0,2345001
2021-06-17 09:36:01,240.0,2346583
2021-06-17 09:36:02,240.0,2346958
2021-06-17 09:36:03,240.1,2353360
2021-06-17 09:36:04,240.0,2355739
2021-06-17 09:36:05,240.0,2356029
2021-06-17 09:36:06,240.0,2362384
2021-06-17 09:36:07,240.0,2364929
2021-06-17 09:36:08,240.0,2365327
2021-06-17 09:36:09,239.9,2374706
2021-06-17 09:36:10,239.9,2374795
2021-06-17 09:36:11,239.9,2375212
2021-06-17 09:36:12,239.9,2375388
2021-06-17 09:36:13,239.95,2377303
2021-06-17 09:36:14,239.95,2377367
2021-06-17 09:36:15,239.95,2377430
2021-06-17 09:36:16,239.95,2380366
2021-06-17 09:36:17,239.95,2380445
2021-06-17 09:36:19,239.85,2382797
2021-06-17 09:36:20,239.85,2390853
2021-06-17 09:36:20,239.95,2390852
2021-06-17 09:36:22,240.0,2392825
2021-06-17 09:36:22,240.0,2392799
2021-06-17 09:36:23,240.0,2393126
2021-06-17 09:36:25,239.95,2393417
2021-06-17 09:36:26,239.9,2393505
2021-06-17 09:36:27,239.95,2393868
2021-06-17 09:36:28,239.95,2394105
2021-06-17 09:36:28,239.95,2394105
2021-06-17 09:36:29,239.9,2394632
2021-06-17 09:36:30,240.0,2395025
2021-06-17 09:36:31,240.0,2395218
2021-06-17 09:36:32,240.0,2395593
2021-06-17 09:36:33,239.95,2399437
2021-06-17 09:36:34,239.9,2400080
2021-06-17 09:36:36,239.95,2400225
2021-06-17 09:36:36,239.95,2400324
2021-06-17 09:36:37,239.9,2402990
2021-06-17 09:36:38,239.85,2403232
2021-06-17 09:36:39,239.95,2405636
2021-06-17 09:36:40,239.95,2405772
2021-06-17 09:36:42,239.95,2407517
2021-06-17 09:36:42,239.95,2407555
2021-06-17 09:36:43,239.95,2407912
2021-06-17 09:36:44,239.95,2408072
2021-06-17 09:36:45,239.95,2408421
2021-06-17 09:36:46,239.95,2408980
2021-06-17 09:36:47,239.95,2409238
2021-06-17 09:36:48,240.0,2409416
2021-06-17 09:36:49,239.85,2410166
2021-06-17 09:36:51,239.95,2411003
2021-06-17 09:36:52,240.0,2411238
2021-06-17 09:36:53,239.9,2411751
2021-06-17 09:36:54,240.0,2411816
2021-06-17 09:36:55,240.0,2412468
2021-06-17 09:36:55,240.0,2412468
2021-06-17 09:36:56,239.9,2412518
2021-06-17 09:36:57,239.95,2412729
2021-06-17 09:36:58,240.0,2413044
2021-06-17 09:36:59,239.95,2414241
2021-06-17 09:37:00,239.9,2414377
2021-06-17 09:37:01,239.95,2414447
2021-06-17 09:37:02,239.95,2417868
2021-06-17 09:37:03,240.0,2418084
2021-06-17 09:37:04,240.0,2418314
2021-06-17 09:37:05,239.85,2420353
2021-06-17 09:37:06,240.0,2420425
2021-06-17 09:37:07,240.0,2421060
2021-06-17 09:37:08,240.0,2421621
2021-06-17 09:37:09,240.0,2421779
2021-06-17 09:37:10,240.0,2421816
2021-06-17 09:37:11,240.0,2422820
2021-06-17 09:37:12,240.0,2423257
2021-06-17 09:37:13,240.0,2424801
2021-06-17 09:37:14,239.95,2424936
2021-06-17 09:37:15,240.0,2425059
2021-06-17 09:37:17,240.0,2426180
2021-06-17 09:37:18,240.0,2426929
2021-06-17 09:37:19,240.0,2427050
2021-06-17 09:37:20,240.0,2427815
2021-06-17 09:37:20,239.95,2427397
2021-06-17 09:37:21,240.0,2428055
2021-06-17 09:37:22,240.0,2428196
2021-06-17 09:37:23,240.0,2429237
2021-06-17 09:37:24,240.05,2436645
2021-06-17 09:37:25,240.0,2447740
2021-06-17 09:37:26,240.0,2449836
2021-06-17 09:37:27,239.95,2450036
2021-06-17 09:37:28,240.0,2450227
2021-06-17 09:37:29,240.0,2450314
2021-06-17 09:37:30,240.0,2452231
2021-06-17 09:37:31,240.15,2452629
2021-06-17 09:37:33,240.15,2454734
2021-06-17 09:37:34,240.15,2454961
2021-06-17 09:37:35,240.0,2455784
2021-06-17 09:37:36,240.2,2456808
2021-06-17 09:37:36,240.15,2456944
2021-06-17 09:37:38,240.15,2459171
2021-06-17 09:37:38,240.15,2459653
2021-06-17 09:37:39,240.0,2460915
2021-06-17 09:37:41,240.15,2461584
2021-06-17 09:37:42,240.15,2461856
2021-06-17 09:37:42,240.15,2461819
2021-06-17 09:37:44,240.1,2462133
2021-06-17 09:37:45,240.2,2463218
2021-06-17 09:37:45,240.05,2462770
2021-06-17 09:37:46,240.2,2463271
2021-06-17 09:37:48,240.2,2463502
2021-06-17 09:37:49,240.2,2463538
2021-06-17 09:37:50,240.2,2463629
2021-06-17 09:37:51,240.2,2463939
2021-06-17 09:37:52,240.3,2464496
2021-06-17 09:37:53,240.35,2464709
2021-06-17 09:37:55,240.3,2465025
2021-06-17 09:37:56,240.45,2465525
2021-06-17 09:37:57,240.45,2465560
2021-06-17 09:37:58,240.5,2470440
2021-06-17 09:37:59,240.6,2478472
2021-06-17 09:38:02,240.6,2485100
2021-06-17 09:38:03,240.7,2487544
2021-06-17 09:38:04,240.65,2487938
2021-06-17 09:38:05,240.65,2489620
2021-06-17 09:38:06,240.65,2490993
2021-06-17 09:38:08,240.5,2493122
2021-06-17 09:38:08,240.5,2493889
2021-06-17 09:38:09,240.6,2495080
2021-06-17 09:38:11,240.5,2498621
2021-06-17 09:38:12,240.45,2500028
2021-06-17 09:38:13,240.45,2500522
2021-06-17 09:38:13,240.5,2500639
2021-06-17 09:38:14,240.45,2500678
2021-06-17 09:38:15,240.6,2501742
2021-06-17 09:38:16,240.6,2501828
2021-06-17 09:38:17,240.5,2503330
2021-06-17 09:38:19,240.6,2503477
2021-06-17 09:38:19,240.6,2503522
2021-06-17 09:38:21,240.65,2503858
2021-06-17 09:38:22,240.6,2503997
2021-06-17 09:38:23,240.55,2506060
2021-06-17 09:38:24,240.7,2506944
2021-06-17 09:38:25,240.7,2507184
2021-06-17 09:38:25,240.7,2507324
2021-06-17 09:38:26,240.65,2509361
2021-06-17 09:38:27,240.65,2509726
2021-06-17 09:38:28,240.65,2511964
2021-06-17 09:38:29,240.55,2512043
2021-06-17 09:38:31,240.6,2512320
2021-06-17 09:38:32,240.65,2512886
2021-06-17 09:38:33,240.65,2514926
2021-06-17 09:38:35,240.65,2514964
2021-06-17 09:38:36,240.6,2515001
2021-06-17 09:38:37,240.5,2515097
2021-06-17 09:38:37,240.6,2515155
2021-06-17 09:38:38,240.6,2516294
2021-06-17 09:38:40,240.6,2516994
2021-06-17 09:38:41,240.6,2517140
2021-06-17 09:38:42,240.6,2517290
2021-06-17 09:38:43,240.6,2518714
2021-06-17 09:38:44,240.6,2520006
2021-06-17 09:38:45,240.6,2520241
2021-06-17 09:38:46,240.6,2520653
2021-06-17 09:38:47,240.6,2520798
2021-06-17 09:38:48,240.6,2521319
2021-06-17 09:38:50,240.6,2521707
2021-06-17 09:38:50,240.55,2521359
2021-06-17 09:38:51,240.6,2521742
2021-06-17 09:38:52,240.6,2521788
2021-06-17 09:38:54,240.6,2523758
2021-06-17 09:38:54,240.6,2523896
2021-06-17 09:38:56,240.7,2523961
2021-06-17 09:38:57,240.5,2526096
2021-06-17 09:38:58,240.7,2526336
2021-06-17 09:38:59,240.55,2527291
2021-06-17 09:39:00,240.7,2527492
2021-06-17 09:39:02,240.6,2530212
2021-06-17 09:39:03,240.75,2530366
2021-06-17 09:39:03,240.75,2530331
2021-06-17 09:39:04,240.65,2530456
2021-06-17 09:39:06,240.75,2531180
2021-06-17 09:39:05,240.7,2530514
2021-06-17 09:39:07,240.75,2531315
2021-06-17 09:39:09,240.6,2531630
2021-06-17 09:39:11,240.7,2531909
2021-06-17 09:39:12,240.7,2532064
2021-06-17 09:39:15,240.75,2533339
2021-06-17 09:39:16,240.7,2533483
2021-06-17 09:39:16,240.7,2533614
2021-06-17 09:39:17,240.7,2533649
2021-06-17 09:39:18,240.7,2533687
2021-06-17 09:39:19,240.7,2533747
2021-06-17 09:39:20,240.7,2533792
2021-06-17 09:39:21,240.65,2534217
2021-06-17 09:39:22,240.7,2534335
2021-06-17 09:39:24,240.75,2535380
2021-06-17 09:39:25,240.7,2537679
2021-06-17 09:39:26,240.75,2537912
2021-06-17 09:39:26,240.75,2537875
2021-06-17 09:39:27,240.75,2538047
2021-06-17 09:39:28,240.75,2538193
2021-06-17 09:39:29,240.75,2540341
2021-06-17 09:39:30,240.75,2540878
2021-06-17 09:39:31,240.65,2540982
2021-06-17 09:39:32,240.8,2542021
2021-06-17 09:39:34,240.8,2542056
2021-06-17 09:39:36,240.8,2542656
2021-06-17 09:39:37,240.8,2542692
2021-06-17 09:39:38,240.8,2542727
2021-06-17 09:39:39,240.8,2542834
2021-06-17 09:39:39,240.85,2543450
2021-06-17 09:39:40,240.85,2543511
2021-06-17 09:39:41,240.85,2544166
2021-06-17 09:39:42,240.85,2545648
2021-06-17 09:39:43,240.75,2545729
2021-06-17 09:39:44,240.85,2546057
2021-06-17 09:39:46,240.9,2546391
2021-06-17 09:39:47,240.8,2546502
2021-06-17 09:39:48,240.9,2546781
2021-06-17 09:39:49,240.8,2551851
2021-06-17 09:39:50,240.85,2553371
2021-06-17 09:39:51,240.75,2556002
2021-06-17 09:39:51,240.9,2556436
2021-06-17 09:39:52,240.75,2558561
2021-06-17 09:39:53,240.8,2561254
2021-06-17 09:39:55,240.9,2561521
2021-06-17 09:39:56,240.9,2561556
2021-06-17 09:39:56,240.9,2561592
2021-06-17 09:39:57,240.9,2561988
2021-06-17 09:39:59,240.95,2563395
2021-06-17 09:40:00,240.95,2563670
2021-06-17 09:40:01,240.95,2564853
2021-06-17 09:40:02,241.0,2568043
2021-06-17 09:40:03,241.0,2570806
2021-06-17 09:40:03,241.0,2570851
2021-06-17 09:40:05,241.25,2588174
2021-06-17 09:40:06,241.25,2588211
2021-06-17 09:40:07,241.2,2588549
2021-06-17 09:40:09,241.2,2589345
2021-06-17 09:40:10,241.2,2590630
2021-06-17 09:40:11,241.1,2591683
2021-06-17 09:40:12,241.15,2592977
2021-06-17 09:40:13,241.05,2593344
2021-06-17 09:40:14,241.15,2594339
2021-06-17 09:40:14,241.15,2594520
2021-06-17 09:40:15,241.2,2595392
2021-06-17 09:40:16,241.1,2596133
2021-06-17 09:40:17,241.15,2597278
2021-06-17 09:40:18,241.15,2597771
2021-06-17 09:40:19,241.2,2598137
2021-06-17 09:40:20,241.15,2600931
2021-06-17 09:40:22,241.2,2603460
2021-06-17 09:40:23,241.25,2605727
2021-06-17 09:40:24,241.25,2605783
2021-06-17 09:40:25,241.25,2605939
2021-06-17 09:40:26,241.25,2606453
2021-06-17 09:40:26,241.25,2606453
2021-06-17 09:40:27,241.25,2608095
2021-06-17 09:40:28,241.3,2611251
2021-06-17 09:40:30,241.3,2615529
2021-06-17 09:40:31,241.3,2617616
2021-06-17 09:40:32,241.3,2618029
2021-06-17 09:40:33,241.35,2622684
2021-06-17 09:40:34,241.45,2623877
2021-06-17 09:40:35,241.45,2625205
2021-06-17 09:40:36,241.4,2625441
2021-06-17 09:40:37,241.45,2626068
2021-06-17 09:40:39,241.45,2626829
2021-06-17 09:40:40,241.5,2629282
2021-06-17 09:40:41,241.5,2629872
2021-06-17 09:40:42,241.5,2630114
2021-06-17 09:40:43,241.5,2634282
2021-06-17 09:40:44,241.55,2634728
2021-06-17 09:40:45,241.45,2634853
2021-06-17 09:40:46,241.4,2661565
2021-06-17 09:40:46,241.5,2661129
2021-06-17 09:40:48,241.45,2664688
2021-06-17 09:40:51,241.4,2669035
2021-06-17 09:40:52,241.3,2671538
2021-06-17 09:40:53,241.35,2673630
2021-06-17 09:40:54,241.35,2677300
2021-06-17 09:40:55,241.35,2678227
2021-06-17 09:40:56,241.3,2679201
2021-06-17 09:40:57,241.35,2679522
2021-06-17 09:40:58,241.25,2680458
2021-06-17 09:40:59,241.3,2680613
2021-06-17 09:41:00,241.3,2681573
2021-06-17 09:41:01,241.25,2681961
2021-06-17 09:41:02,241.25,2682908
2021-06-17 09:41:03,241.25,2683354
2021-06-17 09:41:03,241.2,2689746
2021-06-17 09:41:04,241.25,2690477
2021-06-17 09:41:05,241.2,2692121
2021-06-17 09:41:06,241.1,2692824
2021-06-17 09:41:07,241.15,2696781
2021-06-17 09:41:08,241.05,2701540
2021-06-17 09:41:09,240.9,2717783
2021-06-17 09:41:10,241.0,2720767
2021-06-17 09:41:11,240.95,2720977
2021-06-17 09:41:13,241.0,2726411
2021-06-17 09:41:14,240.9,2749111
2021-06-17 09:41:15,240.9,2749587
2021-06-17 09:41:16,240.9,2750988
2021-06-17 09:41:17,240.9,2752996
2021-06-17 09:41:18,240.9,2753257
2021-06-17 09:41:19,240.8,2753896
2021-06-17 09:41:20,240.8,2754371
2021-06-17 09:41:21,240.75,2755294
2021-06-17 09:41:22,240.95,2758596
2021-06-17 09:41:23,240.9,2758725
2021-06-17 09:41:24,240.95,2759158
2021-06-17 09:41:25,240.9,2760237
2021-06-17 09:41:25,240.9,2760199
2021-06-17 09:41:26,240.95,2760334
2021-06-17 09:41:28,240.9,2764603
2021-06-17 09:41:29,241.0,2764905
2021-06-17 09:41:30,241.0,2765081
2021-06-17 09:41:31,240.9,2765221
2021-06-17 09:41:32,240.95,2765850
2021-06-17 09:41:33,240.95,2765945
2021-06-17 09:41:34,241.0,2766074
2021-06-17 09:41:35,241.0,2766413
2021-06-17 09:41:36,241.0,2766666
2021-06-17 09:41:37,241.0,2768088
2021-06-17 09:41:38,240.9,2768172
2021-06-17 09:41:39,241.0,2768261
2021-06-17 09:41:39,241.0,2768343
2021-06-17 09:41:40,241.0,2768668
2021-06-17 09:41:42,240.8,2770387
2021-06-17 09:41:42,240.9,2770547
2021-06-17 09:41:44,240.9,2775472
2021-06-17 09:41:45,240.9,2775613
2021-06-17 09:41:46,240.8,2775735
2021-06-17 09:41:46,240.8,2775696
2021-06-17 09:41:48,240.8,2775970
2021-06-17 09:41:48,240.85,2778792
2021-06-17 09:41:49,240.8,2779624
2021-06-17 09:41:51,240.75,2780069
2021-06-17 09:41:52,240.8,2783168
2021-06-17 09:41:53,240.8,2784709
2021-06-17 09:41:54,240.8,2784957
2021-06-17 09:41:55,240.7,2785088
2021-06-17 09:41:56,240.8,2785301
2021-06-17 09:41:57,240.8,2786001
2021-06-17 09:41:58,240.7,2788127
2021-06-17 09:41:59,240.7,2788358
2021-06-17 09:42:00,240.8,2789470
2021-06-17 09:42:01,240.6,2796670
2021-06-17 09:42:02,240.8,2797722
2021-06-17 09:42:03,240.85,2798258
2021-06-17 09:42:04,240.9,2798812
2021-06-17 09:42:04,240.9,2798857
2021-06-17 09:42:06,240.9,2799501
2021-06-17 09:42:06,240.8,2799540
2021-06-17 09:42:08,240.9,2799661
2021-06-17 09:42:09,240.9,2800032
2021-06-17 09:42:09,240.95,2845903
2021-06-17 09:42:10,241.0,2849532
2021-06-17 09:42:12,241.0,2851456
2021-06-17 09:42:13,241.0,2851900
2021-06-17 09:42:14,241.0,2851937
2021-06-17 09:42:15,241.0,2853305
2021-06-17 09:42:16,240.95,2853990
2021-06-17 09:42:16,240.95,2853990
2021-06-17 09:42:17,240.95,2854289
2021-06-17 09:42:18,240.95,2854381
2021-06-17 09:42:19,240.95,2856292
2021-06-17 09:42:20,240.8,2856913
2021-06-17 09:42:23,241.0,2861795
2021-06-17 09:42:24,240.85,2863364
2021-06-17 09:42:25,240.85,2863474
2021-06-17 09:42:26,241.0,2863823
2021-06-17 09:42:27,241.0,2864261
2021-06-17 09:42:28,241.0,2865115
2021-06-17 09:42:29,240.95,2865342
2021-06-17 09:42:30,240.95,2865450
2021-06-17 09:42:31,240.95,2865766
2021-06-17 09:42:32,241.0,2865977
2021-06-17 09:42:33,241.0,2866332
2021-06-17 09:42:34,240.85,2866775
2021-06-17 09:42:35,241.0,2867343
2021-06-17 09:42:36,241.0,2867382
2021-06-17 09:42:37,241.0,2868119
2021-06-17 09:42:38,240.75,2876331
2021-06-17 09:42:38,240.75,2876471
2021-06-17 09:42:40,240.95,2877160
2021-06-17 09:42:41,240.85,2877224
2021-06-17 09:42:42,240.8,2877765
2021-06-17 09:42:43,240.95,2877842
2021-06-17 09:42:44,240.95,2879029
2021-06-17 09:42:45,240.9,2879143
2021-06-17 09:42:46,240.95,2879190
2021-06-17 09:42:47,241.0,2879320
2021-06-17 09:42:48,241.0,2879398
2021-06-17 09:42:49,240.9,2880051
2021-06-17 09:42:50,241.0,2880135
2021-06-17 09:42:51,240.9,2880201
2021-06-17 09:42:52,241.0,2880324
2021-06-17 09:42:53,241.0,2880828
2021-06-17 09:42:54,241.0,2880866
2021-06-17 09:42:55,241.0,2880916
2021-06-17 09:42:56,241.0,2881063
2021-06-17 09:42:57,240.85,2883308
2021-06-17 09:42:58,240.85,2883401
2021-06-17 09:42:59,240.8,2883407
2021-06-17 09:43:00,240.85,2883773
2021-06-17 09:43:01,240.7,2891149
2021-06-17 09:43:02,240.8,2892628
2021-06-17 09:43:03,240.7,2892665
2021-06-17 09:43:04,240.85,2906432
2021-06-17 09:43:05,240.85,2906474
2021-06-17 09:43:06,240.75,2908192
2021-06-17 09:43:07,240.75,2908399
2021-06-17 09:43:08,240.85,2908548
2021-06-17 09:43:09,240.85,2908957
2021-06-17 09:43:10,240.85,2908995
2021-06-17 09:43:11,240.85,2909032
2021-06-17 09:43:12,240.8,2910183
2021-06-17 09:43:13,240.85,2910426
2021-06-17 09:43:14,240.85,2910476
2021-06-17 09:43:15,240.8,2910911
2021-06-17 09:43:16,240.9,2912215
2021-06-17 09:43:17,240.9,2912215
2021-06-17 09:43:18,240.85,2912680
2021-06-17 09:43:19,240.85,2912763
2021-06-17 09:43:20,240.85,2912894
2021-06-17 09:43:21,240.9,2912963
2021-06-17 09:43:22,240.9,2913304
2021-06-17 09:43:23,240.85,2913959
2021-06-17 09:43:24,240.9,2914231
2021-06-17 09:43:25,240.9,2914295
2021-06-17 09:43:26,241.0,2954302
2021-06-17 09:43:27,240.9,2954743
2021-06-17 09:43:28,240.85,2954826
2021-06-17 09:43:29,241.0,2956420
2021-06-17 09:43:30,240.95,2956566
2021-06-17 09:43:31,240.85,2957053
2021-06-17 09:43:32,240.9,2957171
2021-06-17 09:43:33,240.9,2957358
2021-06-17 09:43:34,240.85,2957680
2021-06-17 09:43:35,240.85,2957704
2021-06-17 09:43:36,240.9,2957769
2021-06-17 09:43:37,240.85,2958641
2021-06-17 09:43:38,240.85,2958705
2021-06-17 09:43:39,240.85,2959345
2021-06-17 09:43:40,240.95,2961810
2021-06-17 09:43:41,240.8,2961830
2021-06-17 09:43:42,240.95,2961983
2021-06-17 09:43:43,240.75,2975232
2021-06-17 09:43:45,240.75,2975658
2021-06-17 09:43:46,240.7,2975669
2021-06-17 09:43:47,240.75,2976222
2021-06-17 09:43:48,240.65,2976270
2021-06-17 09:43:49,240.7,2977359
2021-06-17 09:43:50,240.7,2977396
2021-06-17 09:43:51,240.7,2977528
2021-06-17 09:43:52,240.7,2977827
2021-06-17 09:43:53,240.6,2978532
2021-06-17 09:43:54,240.7,2978618
2021-06-17 09:43:55,240.7,2979177
2021-06-17 09:43:57,240.7,2979435
2021-06-17 09:43:58,240.7,2979472
2021-06-17 09:43:59,240.7,2979710
2021-06-17 09:44:00,240.6,2979754
2021-06-17 09:44:01,240.5,2997681
2021-06-17 09:44:02,240.45,2997757
2021-06-17 09:44:03,240.4,2999544
2021-06-17 09:44:04,240.35,2999683
2021-06-17 09:44:05,240.35,2999738
2021-06-17 09:44:06,240.3,3000924
2021-06-17 09:44:07,240.35,3002001
2021-06-17 09:44:08,240.3,3002777
2021-06-17 09:44:09,240.3,3002908
2021-06-17 09:44:10,240.3,3006199
2021-06-17 09:44:11,240.4,3006687
2021-06-17 09:44:12,240.4,3006726
2021-06-17 09:44:13,240.4,3006766
2021-06-17 09:44:14,240.4,3006866
2021-06-17 09:44:15,240.4,3006954
2021-06-17 09:44:16,240.5,3006997
2021-06-17 09:44:17,240.45,3007036
2021-06-17 09:44:18,240.4,3007123
2021-06-17 09:44:19,240.45,3007259
2021-06-17 09:44:20,240.35,3028431
2021-06-17 09:44:21,240.1,3072555
2021-06-17 09:44:22,240.0,3077538
2021-06-17 09:44:23,240.0,3081894
2021-06-17 09:44:24,239.95,3085599
2021-06-17 09:44:25,240.0,3086428
2021-06-17 09:44:26,240.0,3086616
2021-06-17 09:44:27,239.95,3095031
2021-06-17 09:44:28,240.0,3095665
2021-06-17 09:44:29,239.95,3096552
2021-06-17 09:44:30,240.0,3098804
2021-06-17 09:44:31,239.95,3099726
2021-06-17 09:44:32,239.95,3100047
2021-06-17 09:44:33,239.95,3100113
2021-06-17 09:44:34,240.0,3100476
2021-06-17 09:44:35,240.05,3106932
2021-06-17 09:44:36,239.9,3107694
2021-06-17 09:44:38,240.05,3108078
2021-06-17 09:44:39,240.2,3108297
2021-06-17 09:44:40,240.2,3108613
2021-06-17 09:44:43,240.25,3109040
2021-06-17 09:44:44,240.25,3109079
2021-06-17 09:44:45,240.35,3109276
2021-06-17 09:44:46,240.35,3109314
2021-06-17 09:44:47,240.35,3109351
2021-06-17 09:44:48,240.3,3109793
2021-06-17 09:44:49,240.3,3109930
2021-06-17 09:44:50,240.35,3110057
2021-06-17 09:44:51,240.3,3110319
2021-06-17 09:44:52,240.3,3111468
2021-06-17 09:44:54,240.3,3111643
2021-06-17 09:44:55,240.3,3111780
2021-06-17 09:44:56,240.2,3112804
2021-06-17 09:44:57,240.2,3112851
2021-06-17 09:44:58,240.1,3112889
2021-06-17 09:44:59,240.2,3119054
2021-06-17 09:45:00,240.2,3119446
2021-06-17 09:45:01,240.2,3119983
2021-06-17 09:45:02,240.2,3120371
2021-06-17 09:45:04,240.2,3120621
2021-06-17 09:45:05,240.25,3121176
2021-06-17 09:45:07,240.2,3121230
2021-06-17 09:45:08,240.25,3121330
2021-06-17 09:45:09,240.25,3121432
2021-06-17 09:45:10,240.0,3152569
2021-06-17 09:45:11,240.0,3153137
2021-06-17 09:45:13,240.0,3153593
2021-06-17 09:45:14,240.0,3153879
2021-06-17 09:45:14,240.0,3153779
2021-06-17 09:45:15,240.0,3156101
2021-06-17 09:45:16,240.0,3165705
2021-06-17 09:45:18,239.95,3174920
2021-06-17 09:45:18,239.95,3174970
2021-06-17 09:45:19,239.95,3175062
2021-06-17 09:45:21,240.0,3175654
2021-06-17 09:45:22,240.0,3176147
2021-06-17 09:45:23,240.0,3178295
2021-06-17 09:45:24,240.0,3179173
2021-06-17 09:45:26,239.95,3182647
2021-06-17 09:45:27,240.0,3185763
2021-06-17 09:45:28,239.95,3186894
2021-06-17 09:45:29,240.0,3187965
2021-06-17 09:45:30,239.9,3188104
2021-06-17 09:45:31,239.9,3188104
2021-06-17 09:45:32,240.0,3188141
2021-06-17 09:45:34,240.1,3202346
2021-06-17 09:45:35,240.1,3233303
2021-06-17 09:45:36,240.1,3233392
2021-06-17 09:45:37,240.1,3235966
2021-06-17 09:45:38,240.1,3236008
2021-06-17 09:45:39,240.1,3237095
2021-06-17 09:45:40,240.2,3237505
2021-06-17 09:45:41,240.25,3238542
2021-06-17 09:45:43,240.25,3238580
2021-06-17 09:45:43,240.25,3238580
2021-06-17 09:45:44,240.25,3238672
2021-06-17 09:45:45,240.25,3240128
2021-06-17 09:45:46,240.25,3240512
2021-06-17 09:45:47,240.2,3240828
2021-06-17 09:45:48,240.3,3241457
2021-06-17 09:45:49,240.3,3241494
2021-06-17 09:45:50,240.3,3241537
2021-06-17 09:45:51,240.3,3241594
2021-06-17 09:45:52,240.3,3241633
2021-06-17 09:45:53,240.4,3243626
2021-06-17 09:45:55,240.4,3243694
2021-06-17 09:45:56,240.4,3243831
2021-06-17 09:45:57,240.4,3243932
2021-06-17 09:45:58,240.4,3243971
2021-06-17 09:45:59,240.5,3245075
2021-06-17 09:46:00,240.5,3246133
2021-06-17 09:46:01,240.5,3246271
2021-06-17 09:46:02,240.45,3246359
2021-06-17 09:46:03,240.55,3246871
2021-06-17 09:46:04,240.55,3247012
2021-06-17 09:46:05,240.55,3247059
2021-06-17 09:46:06,240.5,3247100
2021-06-17 09:46:07,240.6,3247140
2021-06-17 09:46:08,240.6,3247481
2021-06-17 09:46:09,240.75,3257738
2021-06-17 09:46:10,240.7,3257977
2021-06-17 09:46:11,240.7,3262474
2021-06-17 09:46:12,240.7,3262793
2021-06-17 09:46:13,240.7,3263431
2021-06-17 09:46:15,240.5,3266478
2021-06-17 09:46:17,240.55,3267056
2021-06-17 09:46:17,240.55,3267018
2021-06-17 09:46:18,240.5,3269272
2021-06-17 09:46:19,240.55,3269467
2021-06-17 09:46:20,240.5,3270602
2021-06-17 09:46:21,240.5,3270639
2021-06-17 09:46:22,240.5,3270923
2021-06-17 09:46:23,240.45,3271111
2021-06-17 09:46:24,240.5,3271380
2021-06-17 09:46:25,240.6,3274958
2021-06-17 09:46:26,240.6,3275001
2021-06-17 09:46:27,240.6,3275038
2021-06-17 09:46:28,240.6,3275229
2021-06-17 09:46:29,240.6,3275266
2021-06-17 09:46:30,240.65,3275329
2021-06-17 09:46:31,240.55,3275396
2021-06-17 09:46:32,240.55,3275455
2021-06-17 09:46:33,240.65,3275592
2021-06-17 09:46:34,240.65,3275630
2021-06-17 09:46:36,240.65,3275933
2021-06-17 09:46:37,240.65,3275980
2021-06-17 09:46:38,240.65,3276621
2021-06-17 09:46:39,240.65,3276821
2021-06-17 09:46:40,240.65,3277414
2021-06-17 09:46:41,240.65,3277553
2021-06-17 09:46:42,240.65,3277591
2021-06-17 09:46:44,240.65,3277933
2021-06-17 09:46:45,240.6,3278048
2021-06-17 09:46:46,240.65,3278094
2021-06-17 09:46:48,240.7,3278233
2021-06-17 09:46:48,240.65,3278187
2021-06-17 09:46:50,240.85,3280026
2021-06-17 09:46:52,240.7,3280155
2021-06-17 09:46:53,240.75,3280917
2021-06-17 09:46:54,240.75,3280977
2021-06-17 09:46:55,240.6,3281452
2021-06-17 09:46:58,240.75,3282043
2021-06-17 09:46:57,240.75,3282006
2021-06-17 09:46:59,240.75,3282086
2021-06-17 09:47:00,240.75,3282625
2021-06-17 09:47:01,240.65,3282665
2021-06-17 09:47:01,240.7,3282902
2021-06-17 09:47:03,240.7,3282942
2021-06-17 09:47:03,240.7,3282999
2021-06-17 09:47:04,240.7,3283039
2021-06-17 09:47:06,240.7,3283080
2021-06-17 09:47:06,240.75,3283118
2021-06-17 09:47:07,240.75,3283859
2021-06-17 09:47:09,240.8,3286440
2021-06-17 09:47:10,240.8,3287477
2021-06-17 09:47:11,240.8,3287515
2021-06-17 09:47:11,240.8,3287552
2021-06-17 09:47:12,240.8,3287598
2021-06-17 09:47:13,240.75,3290619
2021-06-17 09:47:14,240.85,3290868
2021-06-17 09:47:15,240.75,3291172
2021-06-17 09:47:16,240.85,3291251
2021-06-17 09:47:18,240.8,3295216
2021-06-17 09:47:19,240.85,3295753
2021-06-17 09:47:21,240.85,3295792
2021-06-17 09:47:22,240.9,3296129
2021-06-17 09:47:23,240.9,3296187
2021-06-17 09:47:24,240.85,3296224
2021-06-17 09:47:25,240.9,3296413
2021-06-17 09:47:26,240.95,3297460
2021-06-17 09:47:27,240.95,3297498
2021-06-17 09:47:28,240.95,3297657
2021-06-17 09:47:29,240.95,3297696
2021-06-17 09:47:30,240.95,3298383
2021-06-17 09:47:30,240.95,3298421
2021-06-17 09:47:31,240.85,3298725
2021-06-17 09:47:33,240.9,3298927
2021-06-17 09:47:34,240.9,3298967
2021-06-17 09:47:36,240.85,3299503
2021-06-17 09:47:37,240.85,3299628
2021-06-17 09:47:38,240.8,3299943
2021-06-17 09:47:39,240.85,3300046
2021-06-17 09:47:40,240.85,3300488
2021-06-17 09:47:41,240.8,3303631
2021-06-17 09:47:41,240.8,3303594
2021-06-17 09:47:42,240.75,3303670
2021-06-17 09:47:43,240.8,3304018
2021-06-17 09:47:45,240.8,3305117
2021-06-17 09:47:45,240.8,3305154
2021-06-17 09:47:46,240.8,3305252
2021-06-17 09:47:48,240.8,3305331
2021-06-17 09:47:49,240.8,3305463
2021-06-17 09:47:50,240.75,3306011
2021-06-17 09:47:51,240.75,3306159
2021-06-17 09:47:53,240.85,3309449
2021-06-17 09:47:54,240.7,3309540
2021-06-17 09:47:55,240.8,3310223
2021-06-17 09:47:56,240.75,3310263
2021-06-17 09:47:57,240.75,3310350
2021-06-17 09:48:00,240.7,3310564
2021-06-17 09:48:01,240.6,3311421
2021-06-17 09:48:00,240.75,3311284
2021-06-17 09:48:02,240.75,3311868
2021-06-17 09:48:04,240.6,3312160
2021-06-17 09:48:05,240.75,3312206
2021-06-17 09:48:07,240.6,3312352
2021-06-17 09:48:08,240.6,3312659
2021-06-17 09:48:09,240.7,3313157
2021-06-17 09:48:09,240.7,3313204
2021-06-17 09:48:10,240.75,3313242
2021-06-17 09:48:11,240.75,3313279
2021-06-17 09:48:12,240.6,3313363
2021-06-17 09:48:14,240.75,3313438
2021-06-17 09:48:15,240.75,3313476
2021-06-17 09:48:17,240.7,3313697
2021-06-17 09:48:18,240.75,3314769
2021-06-17 09:48:19,240.7,3315032
2021-06-17 09:48:20,240.75,3316556
2021-06-17 09:48:20,240.9,3316702
2021-06-17 09:48:21,240.8,3316894
2021-06-17 09:48:23,240.75,3317046
2021-06-17 09:48:24,240.75,3317483
2021-06-17 09:48:24,240.85,3317553
2021-06-17 09:48:25,240.75,3317680
2021-06-17 09:48:26,240.8,3318468
2021-06-17 09:48:27,240.85,3318644
2021-06-17 09:48:28,240.85,3318683
2021-06-17 09:48:29,240.8,3318813
2021-06-17 09:48:30,240.8,3318919
2021-06-17 09:48:32,240.7,3319056
2021-06-17 09:48:33,240.75,3319115
2021-06-17 09:48:34,240.85,3319285
2021-06-17 09:48:35,240.85,3319323
2021-06-17 09:48:36,240.75,3320426
2021-06-17 09:48:36,240.9,3320543
2021-06-17 09:48:37,240.8,3320629
2021-06-17 09:48:38,240.8,3320723
2021-06-17 09:48:39,240.9,3320766
2021-06-17 09:48:41,240.9,3320857
2021-06-17 09:48:42,240.8,3321040
2021-06-17 09:48:43,240.9,3321141
2021-06-17 09:48:44,240.9,3321178
2021-06-17 09:48:45,240.9,3321217
2021-06-17 09:48:46,240.75,3321474
2021-06-17 09:48:47,240.75,3321542
2021-06-17 09:48:48,240.7,3322134
2021-06-17 09:48:49,240.9,3324012
2021-06-17 09:48:50,240.9,3324049
2021-06-17 09:48:50,240.9,3324087
2021-06-17 09:48:51,240.9,3324365
2021-06-17 09:48:52,240.9,3324405
2021-06-17 09:48:53,240.9,3324642
2021-06-17 09:48:54,240.9,3325856
2021-06-17 09:48:55,240.9,3326093
2021-06-17 09:48:56,240.9,3326682
2021-06-17 09:48:57,240.9,3326719
2021-06-17 09:48:58,240.9,3326846
2021-06-17 09:48:59,240.9,3326883
2021-06-17 09:49:00,240.75,3327560
2021-06-17 09:49:01,240.7,3327663
2021-06-17 09:49:03,240.85,3328812
2021-06-17 09:49:04,240.8,3328852
2021-06-17 09:49:05,240.7,3328899
2021-06-17 09:49:06,240.75,3329140
2021-06-17 09:49:07,240.85,3329420
2021-06-17 09:49:08,240.75,3329694
2021-06-17 09:49:09,240.8,3329789
2021-06-17 09:49:10,240.8,3329789
2021-06-17 09:49:11,240.8,3329864
2021-06-17 09:49:11,240.8,3329864
2021-06-17 09:49:13,240.8,3330257
2021-06-17 09:49:14,240.8,3330719
2021-06-17 09:49:14,240.8,3330719
2021-06-17 09:49:15,240.8,3330756
2021-06-17 09:49:16,240.85,3331986
2021-06-17 09:49:17,240.85,3332023
2021-06-17 09:49:19,240.75,3332287
2021-06-17 09:49:20,240.75,3332374
2021-06-17 09:49:21,240.85,3332670
2021-06-17 09:49:22,240.85,3332707
2021-06-17 09:49:23,240.85,3332784
2021-06-17 09:49:23,240.85,3332784
2021-06-17 09:49:24,240.75,3333825
2021-06-17 09:49:25,240.85,3333934
2021-06-17 09:49:26,241.0,3342578
2021-06-17 09:49:27,241.0,3342655
2021-06-17 09:49:29,240.95,3342842
2021-06-17 09:49:31,240.85,3342981
2021-06-17 09:49:31,240.95,3343128
2021-06-17 09:49:33,240.85,3343332
2021-06-17 09:49:34,240.9,3344047
2021-06-17 09:49:35,240.9,3344146
2021-06-17 09:49:36,240.9,3344472
2021-06-17 09:49:37,240.9,3344611
2021-06-17 09:49:38,240.85,3344725
2021-06-17 09:49:39,240.9,3344763
2021-06-17 09:49:40,240.9,3344921
2021-06-17 09:49:40,240.9,3344966
2021-06-17 09:49:41,240.8,3345076
2021-06-17 09:49:42,240.9,3345408
2021-06-17 09:49:43,240.9,3345445
2021-06-17 09:49:45,240.9,3345593
2021-06-17 09:49:46,240.85,3345716
2021-06-17 09:49:47,240.9,3345772
2021-06-17 09:49:48,240.9,3345871
2021-06-17 09:49:48,240.9,3345933
2021-06-17 09:49:49,240.9,3345990
2021-06-17 09:49:51,240.9,3346028
2021-06-17 09:49:52,240.9,3346065
2021-06-17 09:49:53,240.9,3346204
2021-06-17 09:49:54,240.9,3346618
2021-06-17 09:49:55,240.9,3346806
2021-06-17 09:49:56,240.9,3346843
2021-06-17 09:49:57,240.9,3347219
2021-06-17 09:49:57,240.85,3347319
2021-06-17 09:49:58,240.9,3347364
2021-06-17 09:49:59,240.9,3347520
2021-06-17 09:50:00,240.85,3347672
2021-06-17 09:50:01,240.85,3347737
2021-06-17 09:50:02,240.9,3349280
2021-06-17 09:50:03,240.85,3350317
2021-06-17 09:50:04,240.9,3353020
2021-06-17 09:50:06,240.8,3361274
2021-06-17 09:50:07,240.8,3361311
2021-06-17 09:50:08,240.8,3361394
2021-06-17 09:50:09,240.8,3361462
2021-06-17 09:50:12,240.7,3362349
2021-06-17 09:50:13,240.6,3368249
2021-06-17 09:50:14,240.6,3368774
2021-06-17 09:50:14,240.65,3368898
2021-06-17 09:50:15,240.65,3370649
2021-06-17 09:50:16,240.65,3371209
2021-06-17 09:50:18,240.6,3371257
2021-06-17 09:50:19,240.65,3371318
2021-06-17 09:50:20,240.65,3371394
2021-06-17 09:50:20,240.65,3371394
2021-06-17 09:50:21,240.65,3372168
2021-06-17 09:50:22,240.65,3372206
2021-06-17 09:50:23,240.65,3372243
2021-06-17 09:50:24,240.65,3372282
2021-06-17 09:50:25,240.65,3372334
2021-06-17 09:50:27,240.6,3372645
2021-06-17 09:50:29,240.6,3372933
2021-06-17 09:50:31,240.6,3373705
2021-06-17 09:50:32,240.75,3374461
2021-06-17 09:50:32,240.75,3374461
2021-06-17 09:50:33,240.75,3374498
2021-06-17 09:50:35,240.65,3374576
2021-06-17 09:50:36,240.75,3374658
2021-06-17 09:50:36,240.75,3374658
2021-06-17 09:50:37,240.75,3374745
2021-06-17 09:50:38,240.7,3374785
2021-06-17 09:50:39,240.75,3374825
2021-06-17 09:50:40,240.75,3374871
2021-06-17 09:50:41,240.7,3374912
2021-06-17 09:50:42,240.7,3375266
2021-06-17 09:50:43,240.7,3375503
2021-06-17 09:50:46,240.6,3379434
2021-06-17 09:50:46,240.6,3379492
2021-06-17 09:50:47,240.6,3379539
2021-06-17 09:50:48,240.6,3379728
2021-06-17 09:50:49,240.6,3380380
2021-06-17 09:50:51,240.6,3380446
2021-06-17 09:50:51,240.55,3380582
2021-06-17 09:50:53,240.6,3380810
2021-06-17 09:50:54,240.55,3380942
2021-06-17 09:50:55,240.65,3381178
2021-06-17 09:50:56,240.65,3381219
2021-06-17 09:50:57,240.55,3381358
2021-06-17 09:50:58,240.6,3381681
2021-06-17 09:50:59,240.65,3381742
2021-06-17 09:51:00,240.55,3381786
2021-06-17 09:51:01,240.55,3384154
2021-06-17 09:51:02,240.6,3384457
2021-06-17 09:51:03,240.65,3385015
2021-06-17 09:51:04,240.6,3385252
2021-06-17 09:51:04,240.6,3385291
2021-06-17 09:51:06,240.6,3385378
2021-06-17 09:51:07,240.6,3385422
2021-06-17 09:51:09,240.6,3385592
2021-06-17 09:51:10,240.65,3386146
2021-06-17 09:51:11,240.6,3386284
2021-06-17 09:51:12,240.6,3386380
2021-06-17 09:51:12,240.55,3388522
2021-06-17 09:51:14,240.55,3390448
2021-06-17 09:51:15,240.55,3390486
2021-06-17 09:51:16,240.55,3390942
2021-06-17 09:51:16,240.55,3390942
2021-06-17 09:51:17,240.5,3390986
2021-06-17 09:51:18,240.55,3391052
2021-06-17 09:51:19,240.5,3391225
2021-06-17 09:51:20,240.55,3391361
2021-06-17 09:51:22,240.5,3391477
2021-06-17 09:51:23,240.55,3391552
2021-06-17 09:51:26,240.6,3392431
2021-06-17 09:51:26,240.6,3392503
2021-06-17 09:51:27,240.6,3392540
2021-06-17 09:51:28,240.65,3392579
2021-06-17 09:51:30,240.65,3392762
2021-06-17 09:51:31,240.55,3392801
2021-06-17 09:51:32,240.5,3393868
2021-06-17 09:51:33,240.55,3393984
2021-06-17 09:51:34,240.55,3394063
2021-06-17 09:51:35,240.5,3394087
2021-06-17 09:51:36,240.55,3394298
2021-06-17 09:51:37,240.55,3394461
2021-06-17 09:51:38,240.55,3394599
2021-06-17 09:51:39,240.55,3394636
2021-06-17 09:51:40,240.55,3394675
2021-06-17 09:51:40,240.5,3394685
2021-06-17 09:51:42,240.5,3394834
2021-06-17 09:51:44,240.5,3395507
2021-06-17 09:51:47,240.65,3395844
2021-06-17 09:51:48,240.65,3396167
2021-06-17 09:51:49,240.8,3397057
2021-06-17 09:51:50,240.85,3397247
2021-06-17 09:51:51,240.85,3397727
2021-06-17 09:51:52,240.8,3398556
2021-06-17 09:51:52,240.8,3398556
2021-06-17 09:51:53,240.8,3398603
2021-06-17 09:51:54,240.8,3398641
2021-06-17 09:51:55,240.8,3398678
2021-06-17 09:51:57,240.8,3398900
2021-06-17 09:51:58,240.8,3398998
2021-06-17 09:51:59,240.8,3399061
2021-06-17 09:52:00,240.8,3399100
2021-06-17 09:52:01,240.8,3399277
2021-06-17 09:52:02,240.85,3399815
2021-06-17 09:52:03,240.85,3399835
2021-06-17 09:52:04,240.75,3403912
2021-06-17 09:52:05,240.75,3404197
2021-06-17 09:52:06,240.85,3404332
2021-06-17 09:52:07,240.85,3404369
2021-06-17 09:52:08,240.85,3404369
2021-06-17 09:52:09,240.85,3404445
2021-06-17 09:52:10,240.85,3404483
2021-06-17 09:52:11,240.85,3404520
2021-06-17 09:52:12,240.85,3404559
2021-06-17 09:52:12,240.85,3404559
2021-06-17 09:52:13,240.8,3404596
2021-06-17 09:52:15,240.8,3404691
2021-06-17 09:52:16,240.8,3404800
2021-06-17 09:52:17,240.8,3404890
2021-06-17 09:52:18,240.8,3404927
2021-06-17 09:52:19,240.8,3404970
2021-06-17 09:52:21,240.8,3405204
2021-06-17 09:52:22,240.7,3405244
2021-06-17 09:52:23,240.8,3405284
2021-06-17 09:52:24,240.8,3405592
2021-06-17 09:52:25,240.8,3406090
2021-06-17 09:52:25,240.8,3406090
2021-06-17 09:52:27,240.8,3406662
2021-06-17 09:52:27,240.8,3406172
2021-06-17 09:52:28,240.8,3406701
2021-06-17 09:52:30,240.75,3406959
2021-06-17 09:52:31,240.8,3407105
2021-06-17 09:52:33,240.8,3407194
2021-06-17 09:52:34,240.8,3407481
2021-06-17 09:52:35,240.8,3407519
2021-06-17 09:52:36,240.8,3407706
2021-06-17 09:52:37,240.8,3407745
2021-06-17 09:52:38,240.8,3407834
2021-06-17 09:52:39,240.8,3408039
2021-06-17 09:52:40,240.8,3408290
2021-06-17 09:52:41,240.7,3408599
2021-06-17 09:52:42,240.8,3408657
2021-06-17 09:52:43,240.8,3408695
2021-06-17 09:52:44,240.7,3409357
2021-06-17 09:52:45,240.8,3409442
2021-06-17 09:52:46,240.7,3409872
2021-06-17 09:52:48,240.9,3410554
2021-06-17 09:52:48,240.9,3410593
2021-06-17 09:52:49,240.8,3410840
2021-06-17 09:52:50,240.9,3410895
2021-06-17 09:52:52,240.9,3410932
2021-06-17 09:52:53,240.9,3411471
2021-06-17 09:52:53,240.8,3412439
2021-06-17 09:52:55,240.8,3412577
2021-06-17 09:52:56,240.75,3413638
2021-06-17 09:52:57,240.85,3413751
2021-06-17 09:52:58,240.85,3413814
2021-06-17 09:52:59,240.8,3413852
2021-06-17 09:53:01,240.75,3414140
2021-06-17 09:53:02,240.85,3414195
2021-06-17 09:53:03,240.85,3414284
2021-06-17 09:53:04,240.85,3414284
2021-06-17 09:53:05,240.85,3414887
2021-06-17 09:53:07,240.8,3415114
2021-06-17 09:53:08,240.85,3415159
2021-06-17 09:53:09,240.85,3415245
2021-06-17 09:53:10,240.8,3415335
2021-06-17 09:53:12,240.85,3415492
2021-06-17 09:53:13,240.85,3415631
2021-06-17 09:53:13,240.85,3415871
2021-06-17 09:53:15,240.85,3416213
2021-06-17 09:53:16,240.8,3416332
2021-06-17 09:53:17,240.85,3416416
2021-06-17 09:53:18,240.85,3416764
2021-06-17 09:53:19,240.85,3416801
2021-06-17 09:53:20,240.85,3416885
2021-06-17 09:53:21,240.9,3417052
2021-06-17 09:53:21,240.9,3417089
2021-06-17 09:53:23,240.9,3417327
2021-06-17 09:53:24,240.9,3417364
2021-06-17 09:53:26,240.9,3417456
2021-06-17 09:53:27,240.9,3417608
2021-06-17 09:53:28,240.85,3417662
2021-06-17 09:53:29,240.85,3417715
2021-06-17 09:53:30,240.9,3417878
2021-06-17 09:53:31,240.9,3418943
2021-06-17 09:53:32,240.95,3419074
2021-06-17 09:53:33,240.95,3419150
2021-06-17 09:53:34,240.95,3419488
2021-06-17 09:53:35,240.9,3425326
2021-06-17 09:53:36,240.9,3425366
2021-06-17 09:53:38,240.9,3425437
2021-06-17 09:53:37,240.9,3425412
2021-06-17 09:53:39,240.9,3425488
2021-06-17 09:53:41,240.85,3425804
2021-06-17 09:53:42,240.85,3425854
2021-06-17 09:53:43,240.8,3425897
2021-06-17 09:53:44,240.85,3425937
2021-06-17 09:53:45,240.9,3426341
2021-06-17 09:53:46,240.9,3426589
2021-06-17 09:53:47,240.9,3426626
2021-06-17 09:53:49,240.9,3426952
2021-06-17 09:53:50,240.9,3426990
2021-06-17 09:53:51,240.9,3427352
2021-06-17 09:53:52,240.95,3427963
2021-06-17 09:53:53,240.95,3428110
2021-06-17 09:53:54,240.95,3428948
2021-06-17 09:53:55,240.95,3430835
2021-06-17 09:53:56,240.95,3430835
2021-06-17 09:53:57,240.95,3430942
2021-06-17 09:53:58,241.25,3467311
2021-06-17 09:53:59,241.1,3467411
2021-06-17 09:54:00,241.2,3467502
2021-06-17 09:54:01,241.2,3467640
2021-06-17 09:54:02,241.2,3468406
2021-06-17 09:54:04,241.2,3468448
2021-06-17 09:54:03,241.2,3468448
2021-06-17 09:54:05,241.15,3468489
2021-06-17 09:54:06,241.15,3468551
2021-06-17 09:54:07,241.15,3469757
2021-06-17 09:54:08,241.1,3470020
2021-06-17 09:54:11,241.05,3481278
2021-06-17 09:54:12,241.05,3481617
2021-06-17 09:54:13,241.05,3482479
2021-06-17 09:54:14,241.0,3482752
2021-06-17 09:54:15,241.0,3482824
2021-06-17 09:54:16,241.05,3483695
2021-06-17 09:54:17,241.0,3483796
2021-06-17 09:54:18,241.1,3484053
2021-06-17 09:54:19,241.1,3484091
2021-06-17 09:54:20,241.0,3484305
2021-06-17 09:54:21,241.05,3484376
2021-06-17 09:54:23,241.05,3485325
2021-06-17 09:54:24,241.05,3485538
2021-06-17 09:54:25,241.05,3485981
2021-06-17 09:54:26,241.0,3486252
2021-06-17 09:54:27,241.05,3486404
2021-06-17 09:54:28,241.15,3486681
2021-06-17 09:54:29,241.15,3487138
2021-06-17 09:54:30,241.15,3487280
2021-06-17 09:54:31,241.15,3487408
2021-06-17 09:54:33,241.15,3487749
2021-06-17 09:54:32,241.15,3487447
2021-06-17 09:54:34,241.15,3487787
2021-06-17 09:54:35,241.15,3487974
2021-06-17 09:54:36,241.15,3488113
2021-06-17 09:54:37,241.15,3488150
2021-06-17 09:54:38,241.2,3488289
2021-06-17 09:54:39,241.2,3488944
2021-06-17 09:54:40,241.2,3489383
2021-06-17 09:54:41,241.2,3489790
2021-06-17 09:54:42,241.2,3489790
2021-06-17 09:54:43,241.2,3489870
2021-06-17 09:54:44,241.2,3490087
2021-06-17 09:54:45,241.15,3490115
2021-06-17 09:54:46,241.2,3490263
2021-06-17 09:54:47,241.2,3490716
2021-06-17 09:54:48,241.25,3490800
2021-06-17 09:54:49,241.25,3492847
2021-06-17 09:54:51,241.25,3493047
2021-06-17 09:54:52,241.2,3493138
2021-06-17 09:54:53,241.2,3493175
2021-06-17 09:54:54,241.15,3493547
2021-06-17 09:54:55,241.25,3493925
2021-06-17 09:54:56,241.25,3494463
2021-06-17 09:54:57,241.3,3494565
2021-06-17 09:54:59,241.3,3497786
2021-06-17 09:54:58,241.3,3494648
2021-06-17 09:55:00,241.2,3498758
2021-06-17 09:55:02,241.35,3500092
2021-06-17 09:55:01,241.35,3499792
2021-06-17 09:55:03,241.3,3500555
2021-06-17 09:55:04,241.3,3500800
2021-06-17 09:55:05,241.35,3501339
2021-06-17 09:55:07,241.3,3502696
2021-06-17 09:55:08,241.3,3502733
2021-06-17 09:55:09,241.3,3502819
2021-06-17 09:55:10,241.25,3503132
2021-06-17 09:55:11,241.2,3504669
2021-06-17 09:55:12,241.25,3504908
2021-06-17 09:55:13,241.25,3504971
2021-06-17 09:55:14,241.3,3505208
2021-06-17 09:55:15,241.3,3505408
2021-06-17 09:55:16,241.3,3506516
2021-06-17 09:55:17,241.3,3506616
2021-06-17 09:55:18,241.3,3506653
2021-06-17 09:55:19,241.3,3506739
2021-06-17 09:55:20,241.2,3506873
2021-06-17 09:55:22,241.3,3506962
2021-06-17 09:55:23,241.3,3507110
2021-06-17 09:55:24,241.3,3507436
2021-06-17 09:55:25,241.3,3507548
2021-06-17 09:55:26,241.25,3507674
2021-06-17 09:55:27,241.25,3507829
2021-06-17 09:55:28,241.4,3511242
2021-06-17 09:55:29,241.3,3511279
2021-06-17 09:55:30,241.3,3511379
2021-06-17 09:55:31,241.3,3511641
2021-06-17 09:55:32,241.3,3511688
2021-06-17 09:55:33,241.3,3511756
2021-06-17 09:55:34,241.4,3513245
2021-06-17 09:55:35,241.4,3513670
2021-06-17 09:55:36,241.3,3513988
2021-06-17 09:55:37,241.3,3514894
2021-06-17 09:55:38,241.35,3515023
2021-06-17 09:55:39,241.35,3515110
2021-06-17 09:55:40,241.3,3515212
2021-06-17 09:55:41,241.35,3515275
2021-06-17 09:55:42,241.3,3515739
2021-06-17 09:55:43,241.3,3516007
2021-06-17 09:55:44,241.3,3516046
2021-06-17 09:55:45,241.3,3517683
2021-06-17 09:55:46,241.3,3519489
2021-06-17 09:55:47,241.3,3519567
2021-06-17 09:55:49,241.3,3519706
2021-06-17 09:55:49,241.3,3519746
2021-06-17 09:55:50,241.4,3520270
2021-06-17 09:55:51,241.4,3520390
2021-06-17 09:55:52,241.4,3520427
2021-06-17 09:55:53,241.4,3520466
2021-06-17 09:55:54,241.4,3520715
2021-06-17 09:55:56,241.45,3521338
2021-06-17 09:55:57,241.5,3522798
2021-06-17 09:55:58,241.5,3523036
2021-06-17 09:55:59,241.45,3523266
2021-06-17 09:56:00,241.5,3527905
2021-06-17 09:56:01,241.5,3528402
2021-06-17 09:56:02,241.55,3528685
2021-06-17 09:56:03,241.45,3532573
2021-06-17 09:56:04,241.6,3533001
2021-06-17 09:56:05,241.6,3533043
2021-06-17 09:56:06,241.5,3533224
2021-06-17 09:56:07,241.5,3533342
2021-06-17 09:56:08,241.55,3534730
2021-06-17 09:56:09,241.55,3534769
2021-06-17 09:56:10,241.5,3536844
2021-06-17 09:56:11,241.5,3537241
2021-06-17 09:56:12,241.5,3537305
2021-06-17 09:56:13,241.5,3537481
2021-06-17 09:56:14,241.5,3539082
2021-06-17 09:56:15,241.45,3544747
2021-06-17 09:56:16,241.45,3544873
2021-06-17 09:56:17,241.4,3545455
2021-06-17 09:56:18,241.4,3545493
2021-06-17 09:56:20,241.35,3545811
2021-06-17 09:56:21,241.3,3546377
2021-06-17 09:56:22,241.35,3546558
2021-06-17 09:56:23,241.35,3546939
2021-06-17 09:56:25,241.35,3547233
2021-06-17 09:56:26,241.35,3548340
2021-06-17 09:56:27,241.35,3548387
2021-06-17 09:56:28,241.35,3548426
2021-06-17 09:56:30,241.3,3548742
2021-06-17 09:56:29,241.35,3548675
2021-06-17 09:56:31,241.3,3549017
2021-06-17 09:56:32,241.35,3549583
2021-06-17 09:56:33,241.3,3551266
2021-06-17 09:56:34,241.35,3551492
2021-06-17 09:56:35,241.3,3552077
2021-06-17 09:56:36,241.35,3552326
2021-06-17 09:56:37,241.3,3552435
2021-06-17 09:56:41,241.45,3556411
2021-06-17 09:56:42,241.4,3556949
2021-06-17 09:56:44,241.4,3556986
2021-06-17 09:56:44,241.45,3557225
2021-06-17 09:56:45,241.45,3557462
2021-06-17 09:56:47,241.35,3558374
2021-06-17 09:56:47,241.35,3558465
2021-06-17 09:56:48,241.45,3558517
2021-06-17 09:56:49,241.45,3558557
2021-06-17 09:56:50,241.3,3560112
2021-06-17 09:56:51,241.45,3560746
2021-06-17 09:56:52,241.45,3561103
2021-06-17 09:56:53,241.45,3561191
2021-06-17 09:56:54,241.45,3561279
2021-06-17 09:56:55,241.45,3561398
2021-06-17 09:56:56,241.45,3561508
2021-06-17 09:56:57,241.4,3561575
2021-06-17 09:56:58,241.35,3562528
2021-06-17 09:56:59,241.4,3562670
2021-06-17 09:57:00,241.45,3562970
2021-06-17 09:57:01,241.4,3563123
2021-06-17 09:57:02,241.4,3563171
2021-06-17 09:57:03,241.3,3564529
2021-06-17 09:57:05,241.4,3564754
2021-06-17 09:57:05,241.4,3564754
2021-06-17 09:57:06,241.4,3564791
2021-06-17 09:57:07,241.3,3564830
2021-06-17 09:57:08,241.4,3564871
2021-06-17 09:57:09,241.4,3564910
2021-06-17 09:57:10,241.3,3567059
2021-06-17 09:57:11,241.35,3567461
2021-06-17 09:57:13,241.35,3567607
2021-06-17 09:57:14,241.35,3567652
2021-06-17 09:57:15,241.35,3567752
2021-06-17 09:57:16,241.3,3567964
2021-06-17 09:57:17,241.3,3568114
2021-06-17 09:57:18,241.35,3568281
2021-06-17 09:57:19,241.3,3568729
2021-06-17 09:57:20,241.45,3571222
2021-06-17 09:57:21,241.45,3571259
2021-06-17 09:57:22,241.45,3571305
2021-06-17 09:57:23,241.45,3571345
2021-06-17 09:57:24,241.45,3572522
2021-06-17 09:57:25,241.5,3573130
2021-06-17 09:57:26,241.45,3573268
2021-06-17 09:57:27,241.35,3573932
2021-06-17 09:57:28,241.5,3574287
2021-06-17 09:57:29,241.45,3574330
2021-06-17 09:57:30,241.45,3574668
2021-06-17 09:57:31,241.45,3574910
2021-06-17 09:57:32,241.45,3574979
2021-06-17 09:57:33,241.35,3579767
2021-06-17 09:57:34,241.35,3579872
2021-06-17 09:57:35,241.35,3579911
2021-06-17 09:57:36,241.25,3592180
2021-06-17 09:57:37,241.25,3592404
2021-06-17 09:57:38,241.2,3592994
2021-06-17 09:57:39,241.15,3594111
2021-06-17 09:57:40,241.2,3594359
2021-06-17 09:57:41,241.2,3594407
2021-06-17 09:57:42,241.2,3595866
2021-06-17 09:57:44,241.2,3596380
2021-06-17 09:57:45,241.2,3596417
2021-06-17 09:57:46,241.2,3596597
2021-06-17 09:57:47,241.2,3596775
2021-06-17 09:57:48,241.2,3596844
2021-06-17 09:57:49,241.2,3596901
2021-06-17 09:57:50,241.15,3596989
2021-06-17 09:57:53,241.2,3597285
2021-06-17 09:57:54,241.15,3597415
2021-06-17 09:57:55,241.2,3597525
2021-06-17 09:57:57,241.15,3609625
2021-06-17 09:57:58,241.15,3609745
2021-06-17 09:57:59,241.15,3609782
2021-06-17 09:58:00,241.05,3609922
2021-06-17 09:58:01,241.15,3609973
2021-06-17 09:58:02,241.05,3610071
2021-06-17 09:58:03,241.1,3611708
2021-06-17 09:58:04,241.1,3611760
2021-06-17 09:58:05,241.1,3611826
2021-06-17 09:58:06,241.1,3612264
2021-06-17 09:58:08,241.1,3613654
2021-06-17 09:58:09,241.05,3613753
2021-06-17 09:58:09,241.1,3613863
2021-06-17 09:58:10,241.1,3614217
2021-06-17 09:58:11,241.1,3614577
2021-06-17 09:58:13,241.0,3624672
2021-06-17 09:58:14,241.2,3625770
2021-06-17 09:58:15,241.2,3625924
2021-06-17 09:58:17,241.3,3626261
2021-06-17 09:58:17,241.3,3626298
2021-06-17 09:58:18,241.3,3626636
2021-06-17 09:58:19,241.3,3626673
2021-06-17 09:58:21,241.25,3626929
2021-06-17 09:58:22,241.25,3627037
2021-06-17 09:58:22,241.3,3627086
2021-06-17 09:58:23,241.3,3627125
2021-06-17 09:58:25,241.25,3629102
2021-06-17 09:58:25,241.25,3629140
2021-06-17 09:58:26,241.25,3629178
2021-06-17 09:58:27,241.25,3629215
2021-06-17 09:58:28,241.25,3629314
2021-06-17 09:58:29,241.25,3629355
2021-06-17 09:58:30,241.25,3629493
2021-06-17 09:58:31,241.25,3629631
2021-06-17 09:58:32,241.25,3629759
2021-06-17 09:58:33,241.25,3630054
2021-06-17 09:58:34,241.25,3630511
2021-06-17 09:58:35,241.25,3631284
2021-06-17 09:58:36,241.2,3631412
2021-06-17 09:58:37,241.25,3632112
2021-06-17 09:58:38,241.25,3632150
2021-06-17 09:58:39,241.25,3632187
2021-06-17 09:58:41,241.25,3632263
2021-06-17 09:58:40,241.25,3632226
2021-06-17 09:58:42,241.25,3632351
2021-06-17 09:58:43,241.25,3632458
2021-06-17 09:58:44,241.1,3632691
2021-06-17 09:58:46,241.2,3632830
2021-06-17 09:58:46,241.2,3632868
2021-06-17 09:58:47,241.2,3632908
2021-06-17 09:58:48,241.25,3632966
2021-06-17 09:58:50,241.25,3633045
2021-06-17 09:58:51,241.25,3633184
2021-06-17 09:58:52,241.25,3633484
2021-06-17 09:58:53,241.3,3634813
2021-06-17 09:58:54,241.2,3640002
2021-06-17 09:58:55,241.2,3640039
2021-06-17 09:58:56,241.2,3640079
2021-06-17 09:58:57,241.2,3644218
2021-06-17 09:58:58,241.2,3647120
2021-06-17 09:58:59,241.2,3647297
2021-06-17 09:59:00,241.25,3647436
2021-06-17 09:59:01,241.25,3647624
2021-06-17 09:59:02,241.15,3655425
2021-06-17 09:59:03,241.15,3655462
2021-06-17 09:59:04,241.15,3655521
2021-06-17 09:59:05,241.15,3655558
2021-06-17 09:59:06,241.15,3656405
2021-06-17 09:59:07,241.15,3656442
2021-06-17 09:59:09,241.1,3656581
2021-06-17 09:59:09,241.05,3656868
2021-06-17 09:59:10,241.1,3657015
2021-06-17 09:59:11,241.05,3657140
2021-06-17 09:59:12,241.05,3657342
2021-06-17 09:59:13,241.15,3657503
2021-06-17 09:59:15,241.15,3657541
2021-06-17 09:59:16,241.15,3657749
2021-06-17 09:59:17,241.15,3657788
2021-06-17 09:59:18,241.15,3657825
2021-06-17 09:59:18,241.15,3657908
2021-06-17 09:59:20,241.15,3658122
2021-06-17 09:59:21,241.15,3658161
2021-06-17 09:59:21,241.15,3658198
2021-06-17 09:59:22,241.15,3658238
2021-06-17 09:59:23,241.05,3658517
2021-06-17 09:59:24,241.05,3658585
2021-06-17 09:59:25,241.15,3658839
2021-06-17 09:59:26,241.15,3658965
2021-06-17 09:59:27,241.15,3659102
2021-06-17 09:59:29,240.9,3687885
2021-06-17 09:59:30,240.95,3688128
2021-06-17 09:59:31,240.95,3688266
2021-06-17 09:59:32,240.95,3688317
2021-06-17 09:59:33,240.9,3689379
2021-06-17 09:59:34,241.1,3714558
2021-06-17 09:59:35,241.1,3715145
2021-06-17 09:59:36,241.1,3715194
2021-06-17 09:59:38,241.0,3715375
2021-06-17 09:59:39,241.1,3715436
2021-06-17 09:59:40,241.05,3715476
2021-06-17 09:59:41,241.05,3715572
2021-06-17 09:59:42,241.05,3715716
2021-06-17 09:59:43,241.05,3715862
2021-06-17 09:59:44,241.0,3717270
2021-06-17 09:59:46,241.0,3717862
2021-06-17 09:59:46,241.1,3717959
2021-06-17 09:59:47,241.05,3717996
2021-06-17 09:59:48,241.05,3718100
2021-06-17 09:59:49,241.0,3718239
2021-06-17 09:59:50,241.05,3718334
2021-06-17 09:59:52,241.0,3718381
2021-06-17 09:59:52,241.1,3718424
2021-06-17 09:59:54,241.05,3718521
2021-06-17 09:59:54,241.1,3718568
2021-06-17 09:59:55,241.1,3718920
2021-06-17 09:59:56,241.1,3719209
2021-06-17 09:59:57,241.05,3719471
2021-06-17 09:59:58,241.1,3719540
2021-06-17 09:59:59,241.05,3719637
2021-06-17 10:00:00,241.05,3720052
2021-06-17 10:00:02,241.05,3720359
2021-06-17 10:00:03,241.05,3720997
2021-06-17 10:00:04,241.05,3722312
2021-06-17 10:00:05,241.05,3722878
2021-06-17 10:00:06,241.1,3723332
2021-06-17 10:00:06,241.1,3723370
2021-06-17 10:00:08,241.1,3723976
2021-06-17 10:00:09,241.1,3724015
2021-06-17 10:00:09,241.1,3724052
2021-06-17 10:00:10,241.1,3724095
2021-06-17 10:00:11,241.1,3724177
2021-06-17 10:00:13,241.05,3724489
2021-06-17 10:00:14,240.95,3730310
2021-06-17 10:00:14,241.05,3724561
2021-06-17 10:00:16,240.9,3730434
2021-06-17 10:00:16,240.95,3730482
2021-06-17 10:00:17,240.95,3730532
2021-06-17 10:00:18,240.95,3730590
2021-06-17 10:00:19,240.9,3730627
2021-06-17 10:00:20,240.9,3730667
2021-06-17 10:00:22,240.9,3730704
2021-06-17 10:00:23,240.8,3730746
2021-06-17 10:00:24,240.9,3730786
2021-06-17 10:00:25,240.8,3730968
2021-06-17 10:00:27,240.8,3731189
2021-06-17 10:00:28,240.85,3731288
2021-06-17 10:00:29,240.8,3731350
2021-06-17 10:00:30,240.85,3731393
2021-06-17 10:00:31,240.8,3731532
2021-06-17 10:00:32,240.85,3732222
2021-06-17 10:00:32,240.85,3732222
2021-06-17 10:00:33,240.9,3732521
2021-06-17 10:00:34,241.0,3732584
2021-06-17 10:00:35,241.0,3732621
2021-06-17 10:00:36,240.9,3732960
2021-06-17 10:00:37,241.0,3733221
2021-06-17 10:00:38,241.0,3733259
2021-06-17 10:00:39,241.0,3733343
2021-06-17 10:00:40,241.05,3733927
2021-06-17 10:00:44,240.9,3734331
2021-06-17 10:00:45,240.9,3734628
2021-06-17 10:00:46,240.95,3734767
2021-06-17 10:00:47,240.9,3734987
2021-06-17 10:00:48,241.0,3735139
2021-06-17 10:00:49,240.9,3735183
2021-06-17 10:00:50,240.95,3735439
2021-06-17 10:00:50,240.9,3735483
2021-06-17 10:00:51,240.9,3735701
2021-06-17 10:00:52,240.95,3736495
2021-06-17 10:00:53,240.9,3736687
2021-06-17 10:00:54,240.95,3736759
2021-06-17 10:00:55,240.95,3736797
2021-06-17 10:00:57,240.95,3736878
2021-06-17 10:00:57,241.0,3737878
2021-06-17 10:00:58,241.0,3737918
2021-06-17 10:00:59,241.0,3738158
2021-06-17 10:01:00,241.0,3738397
2021-06-17 10:01:01,241.0,3738579
2021-06-17 10:01:02,240.9,3738707
2021-06-17 10:01:03,240.9,3739145
2021-06-17 10:01:04,241.0,3739664
2021-06-17 10:01:05,240.9,3739751
2021-06-17 10:01:07,240.9,3739813
2021-06-17 10:01:08,240.9,3739899
2021-06-17 10:01:09,240.9,3739992
2021-06-17 10:01:10,241.0,3740061
2021-06-17 10:01:10,240.95,3740199
2021-06-17 10:01:12,241.0,3740246
2021-06-17 10:01:13,241.0,3740310
2021-06-17 10:01:14,241.0,3740448
2021-06-17 10:01:15,241.0,3740587
2021-06-17 10:01:15,241.0,3740695
2021-06-17 10:01:16,241.0,3740884
2021-06-17 10:01:17,240.95,3741121
2021-06-17 10:01:18,240.95,3741165
2021-06-17 10:01:19,241.0,3741216
2021-06-17 10:01:20,241.0,3741355
2021-06-17 10:01:21,241.0,3741392
2021-06-17 10:01:22,241.0,3741434
2021-06-17 10:01:24,241.0,3741471
2021-06-17 10:01:25,241.0,3741582
2021-06-17 10:01:26,240.9,3741683
2021-06-17 10:01:27,240.95,3741754
2021-06-17 10:01:28,240.9,3742669
2021-06-17 10:01:29,240.9,3743952
2021-06-17 10:01:31,240.9,3744439
2021-06-17 10:01:32,241.0,3744492
2021-06-17 10:01:33,241.0,3744531
2021-06-17 10:01:34,240.9,3744668
2021-06-17 10:01:35,241.0,3746335
2021-06-17 10:01:35,241.0,3746335
2021-06-17 10:01:36,241.0,3746374
2021-06-17 10:01:37,241.0,3746411
2021-06-17 10:01:38,241.0,3746449
2021-06-17 10:01:39,241.0,3746486
2021-06-17 10:01:40,241.0,3746525
2021-06-17 10:01:41,240.95,3746562
2021-06-17 10:01:42,240.95,3746604
2021-06-17 10:01:43,240.9,3748124
2021-06-17 10:01:44,240.85,3748170
2021-06-17 10:01:46,240.85,3750236
2021-06-17 10:01:47,240.95,3751275
2021-06-17 10:01:48,240.9,3751464
2021-06-17 10:01:49,240.95,3751721
2021-06-17 10:01:50,240.95,3751759
2021-06-17 10:01:51,240.95,3751841
2021-06-17 10:01:52,240.9,3751881
2021-06-17 10:01:54,240.9,3751918
2021-06-17 10:01:55,240.85,3752000
2021-06-17 10:01:57,241.0,3752082
2021-06-17 10:01:57,240.85,3752121
2021-06-17 10:01:58,241.0,3752295
2021-06-17 10:02:00,241.0,3752361
2021-06-17 10:02:01,240.85,3752489
2021-06-17 10:02:02,240.85,3752626
2021-06-17 10:02:02,240.9,3752674
2021-06-17 10:02:04,240.9,3752901
2021-06-17 10:02:04,241.0,3753056
2021-06-17 10:02:06,241.0,3753388
2021-06-17 10:02:07,241.0,3754426
2021-06-17 10:02:08,241.0,3754463
2021-06-17 10:02:09,241.0,3755002
2021-06-17 10:02:11,241.0,3764725
2021-06-17 10:02:12,240.9,3765025
2021-06-17 10:02:13,240.9,3765174
2021-06-17 10:02:14,241.0,3765244
2021-06-17 10:02:15,241.0,3765426
2021-06-17 10:02:16,240.95,3765593
2021-06-17 10:02:17,240.95,3765904
2021-06-17 10:02:17,240.9,3765662
2021-06-17 10:02:18,240.95,3765942
2021-06-17 10:02:20,240.95,3766272
2021-06-17 10:02:21,240.9,3766616
2021-06-17 10:02:23,240.9,3766748
2021-06-17 10:02:24,240.95,3766899
2021-06-17 10:02:25,240.95,3767338
2021-06-17 10:02:25,240.95,3767375
2021-06-17 10:02:26,240.95,3767413
2021-06-17 10:02:27,240.95,3767525
2021-06-17 10:02:28,240.9,3767644
2021-06-17 10:02:29,240.95,3767699
2021-06-17 10:02:31,240.9,3768040
2021-06-17 10:02:32,240.9,3768337
2021-06-17 10:02:34,240.9,3768567
2021-06-17 10:02:35,240.9,3768643
2021-06-17 10:02:36,240.9,3768680
2021-06-17 10:02:37,240.85,3768769
2021-06-17 10:02:38,240.95,3768968
2021-06-17 10:02:39,240.95,3769063
2021-06-17 10:02:39,240.95,3769063
2021-06-17 10:02:40,240.95,3769102
2021-06-17 10:02:43,240.95,3769743
2021-06-17 10:02:44,240.9,3769790
2021-06-17 10:02:45,241.0,3769832
2021-06-17 10:02:46,241.0,3769939
2021-06-17 10:02:47,240.9,3769978
2021-06-17 10:02:48,241.0,3770118
2021-06-17 10:02:49,241.0,3770157
2021-06-17 10:02:50,241.0,3770195
2021-06-17 10:02:51,240.95,3770234
2021-06-17 10:02:51,240.9,3770316
2021-06-17 10:02:53,240.9,3770494
2021-06-17 10:02:54,240.9,3770566
2021-06-17 10:02:55,240.9,3770837
2021-06-17 10:02:56,240.95,3770893
2021-06-17 10:02:58,241.0,3771255
2021-06-17 10:02:59,240.95,3773336
2021-06-17 10:03:00,240.95,3773475
2021-06-17 10:03:01,240.95,3773738
2021-06-17 10:03:02,241.0,3774494
2021-06-17 10:03:03,240.9,3795029
2021-06-17 10:03:04,240.9,3795746
2021-06-17 10:03:05,240.9,3796035
2021-06-17 10:03:06,240.9,3796072
2021-06-17 10:03:06,240.9,3796114
2021-06-17 10:03:08,240.85,3796236
2021-06-17 10:03:09,240.9,3796850
2021-06-17 10:03:10,240.9,3796969
2021-06-17 10:03:11,240.85,3799046
2021-06-17 10:03:12,240.9,3799228
2021-06-17 10:03:13,240.9,3799567
2021-06-17 10:03:14,240.9,3799604
2021-06-17 10:03:15,240.85,3799762
2021-06-17 10:03:16,240.9,3800021
2021-06-17 10:03:17,240.9,3800021
2021-06-17 10:03:18,240.9,3800063
2021-06-17 10:03:19,240.9,3800321
2021-06-17 10:03:20,240.9,3800358
2021-06-17 10:03:21,240.9,3801097
2021-06-17 10:03:22,240.9,3801135
2021-06-17 10:03:22,240.85,3803562
2021-06-17 10:03:24,240.8,3804034
2021-06-17 10:03:25,240.8,3804194
2021-06-17 10:03:26,240.85,3804586
2021-06-17 10:03:26,240.9,3804703
2021-06-17 10:03:27,240.9,3805212
2021-06-17 10:03:29,240.85,3805800
2021-06-17 10:03:30,240.8,3806279
2021-06-17 10:03:31,240.8,3806452
2021-06-17 10:03:32,240.8,3806601
2021-06-17 10:03:33,240.9,3806660
2021-06-17 10:03:34,240.8,3806732
2021-06-17 10:03:35,240.8,3808838
2021-06-17 10:03:36,240.95,3810107
2021-06-17 10:03:37,240.9,3810296
2021-06-17 10:03:38,240.95,3810591
2021-06-17 10:03:39,240.95,3810628
2021-06-17 10:03:40,240.95,3810667
2021-06-17 10:03:41,240.95,3810717
2021-06-17 10:03:42,240.95,3810755
2021-06-17 10:03:44,240.9,3810973
2021-06-17 10:03:45,240.95,3811027
2021-06-17 10:03:47,241.0,3813401
2021-06-17 10:03:48,241.0,3813440
2021-06-17 10:03:49,240.9,3846060
2021-06-17 10:03:50,240.9,3846098
2021-06-17 10:03:51,240.85,3846594
2021-06-17 10:03:53,240.9,3846915
2021-06-17 10:03:54,240.9,3846915
2021-06-17 10:03:55,240.8,3849237
2021-06-17 10:03:56,240.9,3849685
2021-06-17 10:03:55,240.9,3849546
2021-06-17 10:03:58,240.9,3849787
2021-06-17 10:03:59,240.85,3853612
2021-06-17 10:04:00,240.85,3853649
2021-06-17 10:04:00,240.85,3854100
2021-06-17 10:04:02,240.8,3854168
2021-06-17 10:04:02,240.75,3854381
2021-06-17 10:04:03,240.85,3854583
2021-06-17 10:04:04,240.85,3854686
2021-06-17 10:04:06,240.8,3854961
2021-06-17 10:04:06,240.85,3854823
2021-06-17 10:04:08,240.8,3854998
2021-06-17 10:04:10,240.75,3855099
2021-06-17 10:04:11,240.7,3857622
2021-06-17 10:04:12,240.8,3857941
2021-06-17 10:04:13,240.8,3858530
2021-06-17 10:04:14,240.8,3858567
2021-06-17 10:04:15,240.8,3858607
2021-06-17 10:04:16,240.8,3858715
2021-06-17 10:04:17,240.8,3858754
2021-06-17 10:04:18,240.8,3858791
2021-06-17 10:04:19,240.8,3859021
2021-06-17 10:04:20,240.95,3860423
2021-06-17 10:04:21,240.9,3860498
2021-06-17 10:04:22,240.9,3860498
2021-06-17 10:04:24,240.9,3862616
2021-06-17 10:04:23,240.9,3862613
2021-06-17 10:04:25,240.9,3862756
2021-06-17 10:04:26,240.9,3862793
2021-06-17 10:04:27,240.85,3862833
2021-06-17 10:04:28,240.85,3862870
2021-06-17 10:04:29,240.95,3863411
2021-06-17 10:04:30,240.85,3863499
2021-06-17 10:04:32,240.85,3863947
2021-06-17 10:04:31,240.85,3863795
2021-06-17 10:04:33,240.95,3863997
2021-06-17 10:04:34,240.95,3864034
2021-06-17 10:04:35,240.85,3867562
2021-06-17 10:04:36,240.95,3867846
2021-06-17 10:04:37,240.95,3869810
2021-06-17 10:04:39,240.95,3869885
2021-06-17 10:04:38,240.95,3869847
2021-06-17 10:04:41,240.75,3871081
2021-06-17 10:04:40,240.95,3869981
2021-06-17 10:04:42,240.95,3871195
2021-06-17 10:04:43,240.95,3871249
2021-06-17 10:04:44,240.95,3871337
2021-06-17 10:04:45,240.95,3871426
2021-06-17 10:04:46,240.95,3871585
2021-06-17 10:04:47,240.7,3873680
2021-06-17 10:04:48,240.9,3873864
2021-06-17 10:04:49,240.9,3873963
2021-06-17 10:04:50,240.9,3874000
2021-06-17 10:04:51,240.9,3874038
2021-06-17 10:04:52,240.9,3874075
2021-06-17 10:04:53,240.9,3874114
2021-06-17 10:04:54,240.95,3874239
2021-06-17 10:04:55,240.95,3874301
2021-06-17 10:04:56,240.9,3874786
2021-06-17 10:04:57,240.9,3874819
2021-06-17 10:04:58,240.95,3876859
2021-06-17 10:04:59,240.95,3876897
2021-06-17 10:05:00,240.9,3879012
2021-06-17 10:05:01,240.95,3880286
2021-06-17 10:05:02,240.95,3880323
2021-06-17 10:05:03,240.95,3880361
2021-06-17 10:05:04,240.95,3880532
2021-06-17 10:05:05,240.95,3880976
2021-06-17 10:05:06,240.9,3881447
2021-06-17 10:05:07,240.9,3882536
2021-06-17 10:05:08,240.9,3882902
2021-06-17 10:05:09,240.95,3883016
2021-06-17 10:05:10,240.95,3883235
2021-06-17 10:05:12,240.9,3907942
2021-06-17 10:05:13,241.0,3911935
2021-06-17 10:05:14,241.0,3912123
2021-06-17 10:05:16,241.0,3912457
2021-06-17 10:05:15,241.0,3912457
2021-06-17 10:05:17,241.0,3916496
2021-06-17 10:05:18,241.0,3916534
2021-06-17 10:05:19,241.0,3917582
2021-06-17 10:05:20,240.9,3917860
2021-06-17 10:05:21,241.0,3917919
2021-06-17 10:05:22,240.95,3918244
2021-06-17 10:05:23,240.95,3920345
2021-06-17 10:05:24,240.9,3920384
2021-06-17 10:05:25,240.9,3921024
2021-06-17 10:05:27,240.9,3921551
2021-06-17 10:05:28,240.85,3921640
2021-06-17 10:05:29,240.85,3921640
2021-06-17 10:05:30,240.85,3921677
2021-06-17 10:05:31,240.8,3922317
2021-06-17 10:05:32,240.85,3922439
2021-06-17 10:05:34,240.85,3922547
2021-06-17 10:05:36,240.85,3924625
2021-06-17 10:05:37,240.85,3925029
2021-06-17 10:05:38,240.85,3925066
2021-06-17 10:05:39,240.8,3925109
2021-06-17 10:05:40,240.85,3925149
2021-06-17 10:05:41,240.85,3925188
2021-06-17 10:05:42,240.85,3925307
2021-06-17 10:05:43,240.85,3925373
2021-06-17 10:05:45,240.85,3925493
2021-06-17 10:05:46,240.85,3925602
2021-06-17 10:05:47,240.85,3925602
2021-06-17 10:05:48,240.85,3928238
2021-06-17 10:05:49,240.8,3928366
2021-06-17 10:05:51,240.85,3928671
2021-06-17 10:05:53,240.85,3929002
2021-06-17 10:05:54,240.85,3929154
2021-06-17 10:05:56,240.85,3929191
2021-06-17 10:05:57,240.8,3929488
2021-06-17 10:05:59,240.85,3929857
2021-06-17 10:06:00,240.9,3932025
2021-06-17 10:06:01,240.9,3932264
2021-06-17 10:06:02,240.9,3932439
2021-06-17 10:06:03,240.85,3932739
2021-06-17 10:06:04,240.8,3933193
2021-06-17 10:06:05,240.85,3933264
2021-06-17 10:06:06,240.85,3933478
2021-06-17 10:06:07,240.85,3933543
2021-06-17 10:06:09,240.75,3938632
2021-06-17 10:06:08,240.8,3938543
2021-06-17 10:06:10,240.8,3939285
2021-06-17 10:06:11,240.8,3942044
2021-06-17 10:06:12,240.8,3942237
2021-06-17 10:06:14,240.85,3942382
2021-06-17 10:06:15,240.85,3942426
2021-06-17 10:06:16,240.85,3942559
2021-06-17 10:06:17,240.8,3942665
2021-06-17 10:06:18,240.8,3943165
2021-06-17 10:06:19,241.0,3956149
2021-06-17 10:06:20,240.9,3956231
2021-06-17 10:06:21,240.95,3956437
2021-06-17 10:06:22,241.15,4016264
2021-06-17 10:06:23,240.95,4020766
2021-06-17 10:06:24,240.85,4022842
2021-06-17 10:06:25,240.95,4027026
2021-06-17 10:06:26,240.95,4027064
2021-06-17 10:06:27,240.95,4033141
2021-06-17 10:06:29,240.95,4033180
2021-06-17 10:06:29,240.95,4033180
2021-06-17 10:06:30,240.95,4033268
2021-06-17 10:06:32,240.85,4033759
2021-06-17 10:06:34,240.85,4034623
2021-06-17 10:06:35,240.85,4034893
2021-06-17 10:06:36,240.95,4037093
2021-06-17 10:06:37,240.85,4038177
2021-06-17 10:06:38,240.9,4038628
2021-06-17 10:06:39,240.9,4038916
2021-06-17 10:06:40,240.9,4039055
2021-06-17 10:06:41,240.8,4040179
2021-06-17 10:06:42,240.8,4040258
2021-06-17 10:06:43,240.8,4040303
2021-06-17 10:06:44,240.8,4040452
2021-06-17 10:06:45,240.85,4040537
2021-06-17 10:06:46,240.7,4053784
2021-06-17 10:06:47,240.7,4054060
2021-06-17 10:06:48,240.65,4057248
2021-06-17 10:06:49,240.65,4057341
2021-06-17 10:06:50,240.65,4057486
2021-06-17 10:06:51,240.65,4058524
2021-06-17 10:06:52,240.65,4058574
2021-06-17 10:06:53,240.55,4059193
2021-06-17 10:06:54,240.6,4059299
2021-06-17 10:06:55,240.6,4060709
2021-06-17 10:06:56,240.6,4063654
2021-06-17 10:06:57,240.55,4063769
2021-06-17 10:06:58,240.6,4063853
2021-06-17 10:06:59,240.65,4066393
2021-06-17 10:07:00,240.55,4068432
2021-06-17 10:07:03,240.65,4068968
2021-06-17 10:07:04,240.65,4069207
2021-06-17 10:07:05,240.65,4069641
2021-06-17 10:07:06,240.65,4069770
2021-06-17 10:07:07,240.65,4070270
2021-06-17 10:07:08,240.7,4072986
2021-06-17 10:07:09,240.7,4074676
2021-06-17 10:07:10,240.7,4074854
2021-06-17 10:07:11,240.7,4077182
2021-06-17 10:07:13,240.8,4077384
2021-06-17 10:07:13,240.8,4077384
2021-06-17 10:07:15,240.85,4077468
2021-06-17 10:07:16,240.9,4077615
2021-06-17 10:07:17,240.9,4077653
2021-06-17 10:07:18,240.9,4077691
2021-06-17 10:07:19,240.75,4078046
2021-06-17 10:07:21,240.85,4078116
2021-06-17 10:07:21,240.85,4078116
2021-06-17 10:07:22,240.9,4078153
2021-06-17 10:07:23,240.85,4078191
2021-06-17 10:07:24,240.7,4080425
2021-06-17 10:07:26,240.9,4085195
2021-06-17 10:07:27,240.9,4085233
2021-06-17 10:07:29,240.9,4085309
2021-06-17 10:07:30,240.85,4085447
2021-06-17 10:07:31,240.85,4085598
2021-06-17 10:07:32,240.85,4085777
2021-06-17 10:07:34,240.8,4085853
2021-06-17 10:07:34,240.85,4085814
2021-06-17 10:07:35,240.9,4086101
2021-06-17 10:07:36,240.85,4088179
2021-06-17 10:07:37,240.8,4088276
2021-06-17 10:07:38,240.8,4088354
2021-06-17 10:07:39,240.8,4088491
2021-06-17 10:07:41,240.8,4088530
2021-06-17 10:07:41,240.75,4088567
2021-06-17 10:07:43,240.8,4088917
2021-06-17 10:07:44,240.8,4088974
2021-06-17 10:07:45,240.8,4088974
2021-06-17 10:07:46,240.75,4089209
2021-06-17 10:07:47,240.75,4090246
2021-06-17 10:07:48,240.7,4092363
2021-06-17 10:07:49,240.7,4092435
2021-06-17 10:07:50,240.7,4094320
2021-06-17 10:07:51,240.75,4094790
2021-06-17 10:07:52,240.7,4094952
2021-06-17 10:07:53,240.75,4095010
2021-06-17 10:07:54,240.75,4095048
2021-06-17 10:07:55,240.75,4095085
2021-06-17 10:07:56,240.75,4095124
2021-06-17 10:07:57,240.75,4095179
2021-06-17 10:07:58,240.75,4095537
2021-06-17 10:07:59,240.75,4095574
2021-06-17 10:08:00,240.75,4097652
2021-06-17 10:08:01,240.75,4097789
2021-06-17 10:08:02,240.75,4097827
2021-06-17 10:08:04,240.75,4097864
2021-06-17 10:08:04,240.75,4097864
2021-06-17 10:08:05,240.75,4097993
2021-06-17 10:08:06,240.65,4098393
2021-06-17 10:08:07,240.7,4098606
2021-06-17 10:08:09,240.75,4099384
2021-06-17 10:08:10,240.75,4099422
2021-06-17 10:08:11,240.75,4100259
2021-06-17 10:08:12,240.75,4102337
2021-06-17 10:08:13,240.75,4102374
2021-06-17 10:08:14,240.75,4102412
2021-06-17 10:08:16,240.75,4103021
2021-06-17 10:08:16,240.75,4103021
2021-06-17 10:08:17,240.75,4103160
2021-06-17 10:08:18,240.75,4103535
2021-06-17 10:08:19,240.75,4103768
2021-06-17 10:08:20,240.75,4103807
2021-06-17 10:08:21,240.75,4103969
2021-06-17 10:08:22,240.75,4104007
2021-06-17 10:08:23,240.75,4104049
2021-06-17 10:08:24,240.8,4106627
2021-06-17 10:08:26,240.75,4106665
2021-06-17 10:08:26,240.75,4106665
2021-06-17 10:08:27,240.75,4106703
2021-06-17 10:08:28,240.75,4106740
2021-06-17 10:08:29,240.75,4106779
2021-06-17 10:08:30,240.7,4106954
2021-06-17 10:08:31,240.7,4107092
2021-06-17 10:08:32,240.8,4107361
2021-06-17 10:08:33,240.8,4107665
2021-06-17 10:08:34,240.65,4109526
2021-06-17 10:08:35,240.75,4109693
2021-06-17 10:08:36,240.8,4111821
2021-06-17 10:08:37,240.8,4111858
2021-06-17 10:08:38,240.75,4111862
2021-06-17 10:08:39,240.75,4111912
2021-06-17 10:08:40,240.8,4111949
2021-06-17 10:08:41,240.8,4112025
2021-06-17 10:08:42,240.75,4112063
2021-06-17 10:08:43,240.75,4112100
2021-06-17 10:08:44,240.75,4112140
2021-06-17 10:08:45,240.75,4112220
2021-06-17 10:08:46,240.7,4112368
2021-06-17 10:08:47,240.75,4112415
2021-06-17 10:08:49,240.7,4114495
2021-06-17 10:08:50,240.8,4115140
2021-06-17 10:08:51,240.9,4116163
2021-06-17 10:08:51,240.9,4116200
2021-06-17 10:08:52,240.9,4116239
2021-06-17 10:08:53,240.85,4116276
2021-06-17 10:08:54,240.85,4116590
2021-06-17 10:08:56,240.9,4116637
2021-06-17 10:08:56,240.8,4116720
2021-06-17 10:08:57,240.9,4116765
2021-06-17 10:08:58,240.9,4116853
2021-06-17 10:08:59,240.9,4116890
2021-06-17 10:09:00,240.85,4119013
2021-06-17 10:09:01,240.85,4119251
2021-06-17 10:09:02,240.85,4119291
2021-06-17 10:09:03,240.85,4119328
2021-06-17 10:09:05,240.75,4119707
2021-06-17 10:09:05,240.8,4119871
2021-06-17 10:09:07,240.8,4120762
2021-06-17 10:09:08,240.85,4120917
2021-06-17 10:09:09,240.85,4120956
2021-06-17 10:09:09,240.85,4120956
2021-06-17 10:09:11,240.85,4121031
2021-06-17 10:09:12,240.85,4121068
2021-06-17 10:09:13,240.85,4125079
2021-06-17 10:09:14,240.85,4125126
2021-06-17 10:09:15,240.85,4125164
2021-06-17 10:09:15,240.85,4125164
2021-06-17 10:09:16,240.85,4125297
2021-06-17 10:09:17,240.85,4125386
2021-06-17 10:09:18,240.85,4125654
2021-06-17 10:09:19,240.85,4125801
2021-06-17 10:09:20,240.85,4125844
2021-06-17 10:09:21,240.85,4125882
2021-06-17 10:09:22,240.85,4125920
2021-06-17 10:09:23,240.85,4125972
2021-06-17 10:09:24,240.75,4128194
2021-06-17 10:09:25,240.85,4128896
2021-06-17 10:09:26,240.85,4128934
2021-06-17 10:09:27,240.85,4129403
2021-06-17 10:09:28,240.85,4129451
2021-06-17 10:09:29,240.85,4129514
2021-06-17 10:09:31,240.75,4129647
2021-06-17 10:09:32,240.75,4129952
2021-06-17 10:09:33,240.85,4131456
2021-06-17 10:09:35,240.85,4131531
2021-06-17 10:09:36,240.7,4133716
2021-06-17 10:09:37,240.85,4134010
2021-06-17 10:09:38,240.85,4134049
2021-06-17 10:09:39,240.85,4134487
2021-06-17 10:09:40,240.75,4134531
2021-06-17 10:09:42,240.75,4134629
2021-06-17 10:09:43,240.85,4134674
2021-06-17 10:09:44,240.75,4134714
2021-06-17 10:09:44,240.85,4134755
2021-06-17 10:09:46,240.85,4134862
2021-06-17 10:09:46,240.85,4134900
2021-06-17 10:09:47,240.75,4134992
2021-06-17 10:09:48,240.7,4137644
2021-06-17 10:09:50,240.7,4139823
2021-06-17 10:09:51,240.7,4140472
2021-06-17 10:09:53,240.65,4152532
2021-06-17 10:09:54,240.65,4152675
2021-06-17 10:09:55,240.65,4152964
2021-06-17 10:09:56,240.65,4153003
2021-06-17 10:09:57,240.6,4153365
2021-06-17 10:09:58,240.65,4153997
2021-06-17 10:09:59,240.65,4154148
2021-06-17 10:10:00,240.55,4156304
2021-06-17 10:10:01,240.65,4156670
2021-06-17 10:10:02,240.65,4156721
2021-06-17 10:10:03,240.65,4156772
2021-06-17 10:10:04,240.65,4156858
2021-06-17 10:10:05,240.65,4156980
2021-06-17 10:10:06,240.65,4157068
2021-06-17 10:10:10,240.65,4157291
2021-06-17 10:10:11,240.65,4157342
2021-06-17 10:10:12,240.65,4157851
2021-06-17 10:10:13,240.6,4161490
2021-06-17 10:10:14,240.65,4161980
2021-06-17 10:10:14,240.65,4161980
2021-06-17 10:10:15,240.65,4162031
2021-06-17 10:10:16,240.65,4162204
2021-06-17 10:10:18,240.65,4162316
2021-06-17 10:10:19,240.65,4163046
2021-06-17 10:10:20,240.75,4163170
2021-06-17 10:10:21,240.75,4163721
2021-06-17 10:10:22,240.75,4163772
2021-06-17 10:10:24,240.75,4163840
2021-06-17 10:10:25,240.55,4166105
2021-06-17 10:10:26,240.75,4166394
2021-06-17 10:10:26,240.75,4166394
2021-06-17 10:10:27,240.75,4166445
2021-06-17 10:10:29,240.8,4166820
2021-06-17 10:10:30,240.65,4167071
2021-06-17 10:10:31,240.75,4167248
2021-06-17 10:10:32,240.75,4167299
2021-06-17 10:10:33,240.75,4167350
2021-06-17 10:10:34,240.7,4167428
2021-06-17 10:10:35,240.75,4167487
2021-06-17 10:10:37,240.6,4169577
2021-06-17 10:10:38,240.75,4169937
2021-06-17 10:10:39,240.75,4169998
2021-06-17 10:10:39,240.75,4169998
2021-06-17 10:10:40,240.65,4170149
2021-06-17 10:10:41,240.75,4170266
2021-06-17 10:10:42,240.75,4170375
2021-06-17 10:10:43,240.75,4170426
2021-06-17 10:10:45,240.65,4170617
2021-06-17 10:10:46,240.75,4170913
2021-06-17 10:10:46,240.8,4170993
2021-06-17 10:10:47,240.8,4171299
2021-06-17 10:10:48,240.8,4171350
2021-06-17 10:10:50,240.75,4173450
2021-06-17 10:10:51,240.75,4173501
2021-06-17 10:10:52,240.75,4173552
2021-06-17 10:10:53,240.65,4173634
2021-06-17 10:10:54,240.75,4173893
2021-06-17 10:10:55,240.7,4174154
2021-06-17 10:10:56,240.7,4174436
2021-06-17 10:10:56,240.75,4174516
2021-06-17 10:10:57,240.75,4174572
2021-06-17 10:10:58,240.75,4175411
2021-06-17 10:11:00,240.75,4175488
2021-06-17 10:11:01,240.7,4175733
2021-06-17 10:11:02,240.7,4175816
2021-06-17 10:11:03,240.7,4175881
2021-06-17 10:11:04,240.7,4176022
2021-06-17 10:11:05,240.85,4178654
2021-06-17 10:11:06,240.85,4178912
2021-06-17 10:11:07,240.85,4178963
2021-06-17 10:11:08,240.9,4179014
2021-06-17 10:11:09,240.9,4179065
2021-06-17 10:11:10,240.9,4179116
2021-06-17 10:11:11,240.9,4179194
2021-06-17 10:11:12,240.9,4180145
2021-06-17 10:11:13,240.9,4180196
2021-06-17 10:11:14,240.9,4180247
2021-06-17 10:11:15,240.9,4180298
2021-06-17 10:11:16,240.8,4180475
2021-06-17 10:11:17,240.9,4180570
2021-06-17 10:11:18,240.85,4181071
2021-06-17 10:11:19,240.9,4181227
2021-06-17 10:11:20,240.85,4181278
2021-06-17 10:11:20,240.85,4181329
2021-06-17 10:11:21,240.85,4181380
2021-06-17 10:11:22,240.85,4181476
2021-06-17 10:11:23,240.85,4181555
2021-06-17 10:11:24,240.85,4181872
2021-06-17 10:11:25,240.85,4181924
2021-06-17 10:11:27,240.85,4182051
2021-06-17 10:11:28,240.85,4184960
2021-06-17 10:11:29,240.85,4185111
2021-06-17 10:11:31,240.8,4185264
2021-06-17 10:11:32,240.85,4185349
2021-06-17 10:11:33,240.85,4185400
2021-06-17 10:11:34,240.9,4185502
2021-06-17 10:11:35,240.9,4185660
2021-06-17 10:11:35,240.9,4185711
2021-06-17 10:11:36,240.9,4185763
2021-06-17 10:11:37,240.9,4185824
2021-06-17 10:11:38,240.9,4185875
2021-06-17 10:11:40,240.9,4185936
2021-06-17 10:11:40,240.85,4186128
2021-06-17 10:11:42,240.85,4186203
2021-06-17 10:11:43,240.85,4186407
2021-06-17 10:11:44,240.9,4186679
2021-06-17 10:11:45,240.9,4186736
2021-06-17 10:11:46,240.95,4188101
2021-06-17 10:11:47,240.95,4188232
2021-06-17 10:11:49,240.95,4188554
2021-06-17 10:11:50,240.95,4188605
2021-06-17 10:11:51,240.95,4188656
2021-06-17 10:11:52,240.9,4188843
2021-06-17 10:11:53,240.9,4188925
2021-06-17 10:11:53,240.95,4188985
2021-06-17 10:11:54,240.95,4189068
2021-06-17 10:11:56,240.95,4189325
2021-06-17 10:11:57,240.95,4189681
2021-06-17 10:11:58,240.95,4190033
2021-06-17 10:11:58,240.95,4190086
2021-06-17 10:12:00,240.9,4190151
2021-06-17 10:12:01,240.9,4190369
2021-06-17 10:12:02,240.85,4191531
2021-06-17 10:12:03,240.95,4191698
2021-06-17 10:12:04,240.95,4191759
2021-06-17 10:12:05,240.95,4191810
2021-06-17 10:12:06,240.95,4191876
2021-06-17 10:12:07,240.95,4191927
2021-06-17 10:12:08,240.95,4192008
2021-06-17 10:12:09,240.95,4192076
2021-06-17 10:12:10,240.95,4192133
2021-06-17 10:12:10,240.95,4192189
2021-06-17 10:12:11,240.95,4192253
2021-06-17 10:12:12,240.95,4192505
2021-06-17 10:12:13,240.95,4192564
2021-06-17 10:12:14,240.95,4192622
2021-06-17 10:12:15,240.95,4192728
2021-06-17 10:12:16,240.9,4192863
2021-06-17 10:12:19,240.85,4193250
2021-06-17 10:12:20,240.85,4193423
2021-06-17 10:12:21,240.85,4193639
2021-06-17 10:12:22,240.9,4193721
2021-06-17 10:12:23,240.9,4193776
2021-06-17 10:12:24,240.9,4193827
2021-06-17 10:12:24,240.9,4193878
2021-06-17 10:12:26,240.9,4193929
2021-06-17 10:12:27,240.85,4194236
2021-06-17 10:12:28,240.85,4194543
2021-06-17 10:12:29,240.85,4196083
2021-06-17 10:12:30,240.85,4196429
2021-06-17 10:12:31,240.9,4196915
2021-06-17 10:12:32,240.85,4197087
2021-06-17 10:12:33,240.85,4197138
2021-06-17 10:12:34,240.9,4197189
2021-06-17 10:12:35,240.9,4197241
2021-06-17 10:12:36,240.9,4197312
2021-06-17 10:12:37,240.9,4197363
2021-06-17 10:12:38,240.85,4197592
2021-06-17 10:12:39,240.9,4197859
2021-06-17 10:12:40,240.9,4197910
2021-06-17 10:12:41,240.8,4198330
2021-06-17 10:12:41,240.95,4197961
2021-06-17 10:12:43,240.9,4198514
2021-06-17 10:12:46,240.9,4198742
2021-06-17 10:12:47,240.9,4198798
2021-06-17 10:12:48,240.85,4199915
2021-06-17 10:12:49,240.85,4199966
2021-06-17 10:12:50,240.85,4200032
2021-06-17 10:12:51,240.9,4200089
2021-06-17 10:12:52,240.8,4200141
2021-06-17 10:12:54,240.9,4200318
2021-06-17 10:12:55,240.9,4200420
2021-06-17 10:12:55,240.9,4200369
2021-06-17 10:12:56,240.9,4200477
2021-06-17 10:12:57,240.9,4200528
2021-06-17 10:12:58,240.95,4200905
2021-06-17 10:13:00,240.95,4200957
2021-06-17 10:13:01,240.85,4201159
2021-06-17 10:13:02,240.95,4201330
2021-06-17 10:13:04,240.95,4201452
2021-06-17 10:13:05,240.9,4201508
2021-06-17 10:13:06,240.95,4201571
2021-06-17 10:13:07,240.9,4201639
2021-06-17 10:13:08,240.9,4201717
2021-06-17 10:13:09,240.9,4201781
2021-06-17 10:13:10,240.95,4201838
2021-06-17 10:13:10,240.95,4201889
2021-06-17 10:13:11,240.9,4201964
2021-06-17 10:13:13,240.95,4202115
2021-06-17 10:13:14,240.95,4202226
2021-06-17 10:13:15,240.95,4202277
2021-06-17 10:13:16,240.95,4202511
2021-06-17 10:13:17,240.95,4202562
2021-06-17 10:13:18,240.9,4202674
2021-06-17 10:13:19,240.9,4202753
2021-06-17 10:13:20,240.9,4202828
2021-06-17 10:13:21,240.9,4203058
2021-06-17 10:13:22,240.9,4203236
2021-06-17 10:13:23,240.9,4203375
2021-06-17 10:13:24,240.95,4203501
2021-06-17 10:13:25,240.9,4203518
2021-06-17 10:13:26,240.95,4203886
2021-06-17 10:13:27,241.0,4206451
2021-06-17 10:13:27,240.9,4206495
2021-06-17 10:13:28,240.9,4206595
2021-06-17 10:13:30,240.9,4206790
2021-06-17 10:13:31,240.9,4207051
2021-06-17 10:13:32,241.0,4207128
2021-06-17 10:13:33,240.95,4207692
2021-06-17 10:13:34,240.95,4207743
2021-06-17 10:13:35,240.95,4208339
2021-06-17 10:13:36,241.0,4208483
2021-06-17 10:13:37,241.0,4208534
2021-06-17 10:13:38,240.9,4208787
2021-06-17 10:13:39,241.0,4208932
2021-06-17 10:13:40,240.95,4209036
2021-06-17 10:13:41,241.0,4209097
2021-06-17 10:13:42,241.0,4209191
2021-06-17 10:13:44,240.95,4209433
2021-06-17 10:13:45,241.0,4209694
2021-06-17 10:13:46,241.0,4209825
2021-06-17 10:13:47,241.0,4209894
2021-06-17 10:13:48,241.0,4209974
2021-06-17 10:13:49,241.0,4210160
2021-06-17 10:13:50,241.0,4210211
2021-06-17 10:13:51,241.0,4210340
2021-06-17 10:13:51,240.95,4210520
2021-06-17 10:13:52,241.0,4210609
2021-06-17 10:13:54,241.0,4210939
2021-06-17 10:13:55,240.95,4211061
2021-06-17 10:13:56,241.0,4211415
2021-06-17 10:13:56,241.0,4211415
2021-06-17 10:13:57,240.95,4211491
2021-06-17 10:13:58,241.0,4211677
2021-06-17 10:13:59,241.0,4211847
2021-06-17 10:14:01,240.95,4212129
2021-06-17 10:14:03,240.9,4213208
2021-06-17 10:14:04,240.95,4213457
2021-06-17 10:14:06,241.0,4213782
2021-06-17 10:14:07,241.0,4213841
2021-06-17 10:14:08,241.0,4213897
2021-06-17 10:14:09,241.0,4214468
2021-06-17 10:14:10,240.95,4214677
2021-06-17 10:14:11,240.95,4214796
2021-06-17 10:14:12,240.95,4214908
2021-06-17 10:14:13,241.0,4214971
2021-06-17 10:14:14,241.0,4215027
2021-06-17 10:14:15,241.0,4215882
2021-06-17 10:14:16,241.0,4216004
2021-06-17 10:14:16,241.0,4216057
2021-06-17 10:14:18,240.95,4216115
2021-06-17 10:14:19,241.0,4216171
2021-06-17 10:14:20,241.0,4216560
2021-06-17 10:14:20,241.0,4216793
2021-06-17 10:14:21,241.0,4216856
2021-06-17 10:14:23,241.0,4224552
2021-06-17 10:14:24,241.0,4225322
2021-06-17 10:14:25,241.05,4225505
2021-06-17 10:14:26,241.05,4225505
2021-06-17 10:14:27,241.05,4226557
2021-06-17 10:14:27,241.05,4226557
2021-06-17 10:14:29,241.05,4226633
2021-06-17 10:14:30,241.05,4226740
2021-06-17 10:14:30,241.05,4226740
2021-06-17 10:14:31,241.05,4226791
2021-06-17 10:14:32,241.0,4226950
2021-06-17 10:14:33,241.05,4227017
2021-06-17 10:14:35,241.05,4227077
2021-06-17 10:14:36,241.0,4227210
2021-06-17 10:14:37,241.0,4227280
2021-06-17 10:14:38,241.05,4227888
2021-06-17 10:14:40,241.0,4228008
2021-06-17 10:14:41,241.05,4228065
2021-06-17 10:14:42,241.05,4228212
2021-06-17 10:14:42,241.05,4228116
2021-06-17 10:14:44,241.0,4228500
2021-06-17 10:14:45,241.05,4228676
2021-06-17 10:14:46,241.0,4230797
2021-06-17 10:14:47,241.05,4231070
2021-06-17 10:14:48,241.05,4231187
2021-06-17 10:14:49,241.05,4231259
2021-06-17 10:14:50,241.0,4231530
2021-06-17 10:14:51,241.05,4231709
2021-06-17 10:14:53,241.05,4231800
2021-06-17 10:14:55,241.05,4233049
2021-06-17 10:14:54,241.05,4233049
2021-06-17 10:14:57,241.0,4235464
2021-06-17 10:14:58,241.0,4235471
2021-06-17 10:14:59,241.05,4235491
2021-06-17 10:15:00,241.0,4235687
2021-06-17 10:15:01,241.0,4236356
2021-06-17 10:15:02,241.0,4237657
2021-06-17 10:15:03,241.0,4237788
2021-06-17 10:15:04,241.0,4237853
2021-06-17 10:15:05,241.05,4238408
2021-06-17 10:15:06,241.05,4238408
2021-06-17 10:15:07,241.05,4238408
2021-06-17 10:15:09,241.0,4238418
2021-06-17 10:15:11,241.05,4238997
2021-06-17 10:15:12,241.0,4239003
2021-06-17 10:15:13,241.0,4239004
2021-06-17 10:15:14,241.05,4239020
2021-06-17 10:15:15,241.05,4239244
2021-06-17 10:15:16,241.05,4239349
2021-06-17 10:15:18,241.05,4239425
2021-06-17 10:15:19,241.05,4239473
