timestamp,ltp,volume
2021-06-17 09:20:36,2194.0,394253
2021-06-17 09:20:36,2194.0,394253
2021-06-17 09:20:37,2194.45,394624
2021-06-17 09:20:38,2194.2,395435
2021-06-17 09:20:39,2194.0,396143
2021-06-17 09:20:40,2194.8,396243
2021-06-17 09:20:41,2194.8,396484
2021-06-17 09:20:42,2194.6,396570
2021-06-17 09:20:43,2194.55,397238
2021-06-17 09:20:44,2194.55,397417
2021-06-17 09:20:45,2194.8,397557
2021-06-17 09:20:46,2194.8,397675
2021-06-17 09:20:47,2194.75,397705
2021-06-17 09:20:48,2195.0,398584
2021-06-17 09:20:49,2195.4,398895
2021-06-17 09:20:50,2195.0,399060
2021-06-17 09:20:51,2195.45,399777
2021-06-17 09:20:52,2195.45,399798
2021-06-17 09:20:53,2194.75,399861
2021-06-17 09:20:54,2195.0,400858
2021-06-17 09:20:55,2195.9,400925
2021-06-17 09:20:56,2195.45,401254
2021-06-17 09:20:57,2195.5,401329
2021-06-17 09:20:58,2195.45,401355
2021-06-17 09:20:59,2195.0,401469
2021-06-17 09:21:01,2195.45,402038
2021-06-17 09:21:02,2195.45,402070
2021-06-17 09:21:03,2195.5,402228
2021-06-17 09:21:04,2195.9,402509
2021-06-17 09:21:05,2195.9,402509
2021-06-17 09:21:06,2195.55,403103
2021-06-17 09:21:07,2194.45,403690
2021-06-17 09:21:08,2195.15,403811
2021-06-17 09:21:10,2194.2,404073
2021-06-17 09:21:09,2194.95,403906
2021-06-17 09:21:11,2195.15,404616
2021-06-17 09:21:12,2195.0,405932
2021-06-17 09:21:13,2194.9,406858
2021-06-17 09:21:14,2194.5,407090
2021-06-17 09:21:15,2194.75,407502
2021-06-17 09:21:16,2194.2,407583
2021-06-17 09:21:17,2194.6,407614
2021-06-17 09:21:18,2194.2,407873
2021-06-17 09:21:19,2194.8,409564
2021-06-17 09:21:20,2194.2,410785
2021-06-17 09:21:21,2194.0,411193
2021-06-17 09:21:22,2194.2,411907
2021-06-17 09:21:24,2194.2,412987
2021-06-17 09:21:25,2194.75,413742
2021-06-17 09:21:26,2194.5,414252
2021-06-17 09:21:27,2194.45,414571
2021-06-17 09:21:28,2194.8,414944
2021-06-17 09:21:29,2194.8,414982
2021-06-17 09:21:30,2194.05,420072
2021-06-17 09:21:31,2193.85,420148
2021-06-17 09:21:32,2193.7,421018
2021-06-17 09:21:33,2193.1,421563
2021-06-17 09:21:34,2193.55,422399
2021-06-17 09:21:35,2192.45,422731
2021-06-17 09:21:36,2193.45,423691
2021-06-17 09:21:37,2193.45,423703
2021-06-17 09:21:38,2192.5,424736
2021-06-17 09:21:39,2193.55,425094
2021-06-17 09:21:40,2193.55,425412
2021-06-17 09:21:41,2193.0,425494
2021-06-17 09:21:42,2193.35,425564
2021-06-17 09:21:44,2193.6,425947
2021-06-17 09:21:45,2193.45,425986
2021-06-17 09:21:46,2193.5,426531
2021-06-17 09:21:47,2192.5,426619
2021-06-17 09:21:48,2192.55,426923
2021-06-17 09:21:49,2192.55,427104
2021-06-17 09:21:50,2193.45,427598
2021-06-17 09:21:51,2192.55,427696
2021-06-17 09:21:52,2193.45,428503
2021-06-17 09:21:53,2192.55,428709
2021-06-17 09:21:54,2192.55,428951
2021-06-17 09:21:55,2192.55,429975
2021-06-17 09:21:56,2192.3,429995
2021-06-17 09:21:57,2192.2,431217
2021-06-17 09:21:58,2192.25,432230
2021-06-17 09:21:59,2192.1,432394
2021-06-17 09:22:00,2192.55,432544
2021-06-17 09:22:01,2192.0,433129
2021-06-17 09:22:02,2192.85,433894
2021-06-17 09:22:03,2192.0,434000
2021-06-17 09:22:04,2192.0,434124
2021-06-17 09:22:05,2192.55,434550
2021-06-17 09:22:06,2192.6,434896
2021-06-17 09:22:07,2192.95,435699
2021-06-17 09:22:08,2192.55,435912
2021-06-17 09:22:09,2192.7,436324
2021-06-17 09:22:10,2192.0,436360
2021-06-17 09:22:11,2192.0,436566
2021-06-17 09:22:12,2192.85,436940
2021-06-17 09:22:14,2192.8,437192
2021-06-17 09:22:15,2192.6,437862
2021-06-17 09:22:16,2192.0,438427
2021-06-17 09:22:17,2191.55,438610
2021-06-17 09:22:18,2191.6,439042
2021-06-17 09:22:19,2192.55,439146
2021-06-17 09:22:20,2191.6,439303
2021-06-17 09:22:21,2192.45,439367
2021-06-17 09:22:22,2191.4,439826
2021-06-17 09:22:23,2191.25,440186
2021-06-17 09:22:24,2192.0,440449
2021-06-17 09:22:25,2191.6,440503
2021-06-17 09:22:26,2192.35,441298
2021-06-17 09:22:27,2192.35,441378
2021-06-17 09:22:28,2191.95,441419
2021-06-17 09:22:29,2192.25,441705
2021-06-17 09:22:30,2192.25,443031
2021-06-17 09:22:31,2191.5,443612
2021-06-17 09:22:32,2192.45,443932
2021-06-17 09:22:33,2191.75,444375
2021-06-17 09:22:34,2193.4,446087
2021-06-17 09:22:35,2193.1,446399
2021-06-17 09:22:36,2193.05,446809
2021-06-17 09:22:37,2193.05,447319
2021-06-17 09:22:38,2192.5,448956
2021-06-17 09:22:39,2192.85,449124
2021-06-17 09:22:40,2192.75,449169
2021-06-17 09:22:41,2192.65,449857
2021-06-17 09:22:42,2193.0,449998
2021-06-17 09:22:43,2193.35,450219
2021-06-17 09:22:44,2193.5,450584
2021-06-17 09:22:45,2192.4,451357
2021-06-17 09:22:46,2193.4,451438
2021-06-17 09:22:48,2193.0,451978
2021-06-17 09:22:49,2192.95,452675
2021-06-17 09:22:50,2192.25,452899
2021-06-17 09:22:51,2193.0,454250
2021-06-17 09:22:52,2192.95,454438
2021-06-17 09:22:53,2192.85,454914
2021-06-17 09:22:55,2193.0,455039
2021-06-17 09:22:56,2193.35,458799
2021-06-17 09:22:57,2193.65,459070
2021-06-17 09:22:58,2193.1,459136
2021-06-17 09:22:59,2193.0,459664
2021-06-17 09:23:00,2193.85,459802
2021-06-17 09:23:00,2194.0,460127
2021-06-17 09:23:01,2193.85,460497
2021-06-17 09:23:02,2193.75,460989
2021-06-17 09:23:03,2193.8,461154
2021-06-17 09:23:04,2194.0,462186
2021-06-17 09:23:05,2193.65,462382
2021-06-17 09:23:07,2193.2,464611
2021-06-17 09:23:07,2193.8,464705
2021-06-17 09:23:08,2193.1,465076
2021-06-17 09:23:09,2194.5,465711
2021-06-17 09:23:12,2194.5,467738
2021-06-17 09:23:12,2194.0,467800
2021-06-17 09:23:13,2194.5,467950
2021-06-17 09:23:14,2194.0,468460
2021-06-17 09:23:15,2194.55,468803
2021-06-17 09:23:16,2194.0,469419
2021-06-17 09:23:17,2194.65,469806
2021-06-17 09:23:18,2194.45,471693
2021-06-17 09:23:19,2193.85,472422
2021-06-17 09:23:20,2193.85,472834
2021-06-17 09:23:21,2193.85,472904
2021-06-17 09:23:22,2193.9,473078
2021-06-17 09:23:23,2193.8,473133
2021-06-17 09:23:24,2194.4,473578
2021-06-17 09:23:25,2194.5,473916
2021-06-17 09:23:26,2194.5,474130
2021-06-17 09:23:27,2194.0,474663
2021-06-17 09:23:28,2193.9,475012
2021-06-17 09:23:31,2193.2,476021
2021-06-17 09:23:31,2193.9,476001
2021-06-17 09:23:32,2194.0,476163
2021-06-17 09:23:33,2194.35,476400
2021-06-17 09:23:34,2193.55,476620
2021-06-17 09:23:35,2193.55,477254
2021-06-17 09:23:36,2193.6,477441
2021-06-17 09:23:37,2194.45,477575
2021-06-17 09:23:38,2194.35,477776
2021-06-17 09:23:39,2194.05,478927
2021-06-17 09:23:40,2193.55,478948
2021-06-17 09:23:41,2193.9,479629
2021-06-17 09:23:43,2193.85,479769
2021-06-17 09:23:43,2193.85,479759
2021-06-17 09:23:44,2193.9,480235
2021-06-17 09:23:45,2193.0,480485
2021-06-17 09:23:46,2193.85,480615
2021-06-17 09:23:47,2193.8,481302
2021-06-17 09:23:49,2193.8,482222
2021-06-17 09:23:50,2193.3,482351
2021-06-17 09:23:51,2193.8,482510
2021-06-17 09:23:52,2193.0,485322
2021-06-17 09:23:52,2192.9,485368
2021-06-17 09:23:53,2193.0,487496
2021-06-17 09:23:54,2192.95,487703
2021-06-17 09:23:55,2192.95,488053
2021-06-17 09:23:56,2192.5,488189
2021-06-17 09:23:57,2193.0,488780
2021-06-17 09:23:58,2193.0,489455
2021-06-17 09:24:00,2193.55,489784
2021-06-17 09:24:01,2193.4,490785
2021-06-17 09:24:01,2193.1,490787
2021-06-17 09:24:02,2192.35,491641
2021-06-17 09:24:04,2193.15,492114
2021-06-17 09:24:06,2193.1,495768
2021-06-17 09:24:08,2193.55,496424
2021-06-17 09:24:09,2193.55,496514
2021-06-17 09:24:10,2193.65,496752
2021-06-17 09:24:11,2193.5,496797
2021-06-17 09:24:12,2193.7,497047
2021-06-17 09:24:14,2193.55,497259
2021-06-17 09:24:15,2193.85,497312
2021-06-17 09:24:16,2193.35,497643
2021-06-17 09:24:16,2193.0,498624
2021-06-17 09:24:17,2193.65,498862
2021-06-17 09:24:18,2193.15,499562
2021-06-17 09:24:19,2193.7,501324
2021-06-17 09:24:20,2192.55,501345
2021-06-17 09:24:23,2192.9,502604
2021-06-17 09:24:23,2192.9,502650
2021-06-17 09:24:24,2193.0,502844
2021-06-17 09:24:25,2193.0,503272
2021-06-17 09:24:26,2193.0,503818
2021-06-17 09:24:27,2193.0,504319
2021-06-17 09:24:28,2193.0,506463
2021-06-17 09:24:29,2192.55,506493
2021-06-17 09:24:30,2192.3,506621
2021-06-17 09:24:31,2192.55,506962
2021-06-17 09:24:32,2192.1,507371
2021-06-17 09:24:33,2193.0,507970
2021-06-17 09:24:34,2193.0,508961
2021-06-17 09:24:35,2192.15,509711
2021-06-17 09:24:36,2193.05,511128
2021-06-17 09:24:37,2193.1,511539
2021-06-17 09:24:38,2193.1,511613
2021-06-17 09:24:39,2193.0,511896
2021-06-17 09:24:41,2193.15,512339
2021-06-17 09:24:41,2193.15,512389
2021-06-17 09:24:42,2193.0,512554
2021-06-17 09:24:43,2193.65,513125
2021-06-17 09:24:44,2193.65,513717
2021-06-17 09:24:45,2193.7,513845
2021-06-17 09:24:46,2193.7,513851
2021-06-17 09:24:47,2193.8,514367
2021-06-17 09:24:48,2193.05,516110
2021-06-17 09:24:49,2194.05,516149
2021-06-17 09:24:50,2194.0,516389
2021-06-17 09:24:51,2194.0,516926
2021-06-17 09:24:52,2194.45,517531
2021-06-17 09:24:53,2194.45,517574
2021-06-17 09:24:55,2194.45,517683
2021-06-17 09:24:55,2194.45,517683
2021-06-17 09:24:56,2194.5,518434
2021-06-17 09:24:57,2194.3,519031
2021-06-17 09:24:58,2194.45,519160
2021-06-17 09:24:59,2194.45,519165
2021-06-17 09:25:00,2194.45,520535
2021-06-17 09:25:01,2195.05,520640
2021-06-17 09:25:03,2193.7,521273
2021-06-17 09:25:05,2193.7,522404
2021-06-17 09:25:06,2193.7,522578
2021-06-17 09:25:07,2194.85,522750
2021-06-17 09:25:08,2194.9,523059
2021-06-17 09:25:09,2194.0,523096
2021-06-17 09:25:10,2194.85,523372
2021-06-17 09:25:11,2195.1,524140
2021-06-17 09:25:12,2195.2,524154
2021-06-17 09:25:13,2194.6,525202
2021-06-17 09:25:14,2194.55,525559
2021-06-17 09:25:15,2195.4,525579
2021-06-17 09:25:19,2195.9,526014
2021-06-17 09:25:20,2195.2,526164
2021-06-17 09:25:20,2195.2,526164
2021-06-17 09:25:21,2195.9,526306
2021-06-17 09:25:22,2195.9,526746
2021-06-17 09:25:23,2196.4,526965
2021-06-17 09:25:24,2196.9,527257
2021-06-17 09:25:25,2196.4,527383
2021-06-17 09:25:26,2196.05,527661
2021-06-17 09:25:27,2196.55,528710
2021-06-17 09:25:28,2196.2,529246
2021-06-17 09:25:29,2196.2,529518
2021-06-17 09:25:30,2196.2,530427
2021-06-17 09:25:31,2196.4,530722
2021-06-17 09:25:32,2196.9,531219
2021-06-17 09:25:34,2197.0,531386
2021-06-17 09:25:35,2196.9,531413
2021-06-17 09:25:36,2196.9,531615
2021-06-17 09:25:37,2197.2,532161
2021-06-17 09:25:38,2197.0,532736
2021-06-17 09:25:39,2197.15,533100
2021-06-17 09:25:40,2197.5,533798
2021-06-17 09:25:41,2197.45,533819
2021-06-17 09:25:42,2197.5,533993
2021-06-17 09:25:43,2197.5,534206
2021-06-17 09:25:45,2197.5,534393
2021-06-17 09:25:46,2197.5,534676
2021-06-17 09:25:47,2197.6,534770
2021-06-17 09:25:48,2197.6,535206
2021-06-17 09:25:49,2196.55,535562
2021-06-17 09:25:50,2197.45,535752
2021-06-17 09:25:50,2197.45,535798
2021-06-17 09:25:51,2197.5,536018
2021-06-17 09:25:52,2197.2,536453
2021-06-17 09:25:54,2196.6,538579
2021-06-17 09:25:55,2197.2,538759
2021-06-17 09:25:56,2197.2,538870
2021-06-17 09:25:59,2197.4,540196
2021-06-17 09:26:00,2197.6,540345
2021-06-17 09:26:01,2197.0,540846
2021-06-17 09:26:02,2197.45,541176
2021-06-17 09:26:03,2197.95,541928
2021-06-17 09:26:04,2198.0,546102
2021-06-17 09:26:05,2198.1,546802
2021-06-17 09:26:06,2198.95,547338
2021-06-17 09:26:07,2199.0,547619
2021-06-17 09:26:08,2199.0,548105
2021-06-17 09:26:10,2199.05,551430
2021-06-17 09:26:11,2199.05,551896
2021-06-17 09:26:11,2199.1,551797
2021-06-17 09:26:12,2199.25,552328
2021-06-17 09:26:13,2199.6,553732
2021-06-17 09:26:14,2199.8,554392
2021-06-17 09:26:16,2199.9,559091
2021-06-17 09:26:17,2199.85,560593
2021-06-17 09:26:17,2199.9,560592
2021-06-17 09:26:18,2199.8,560903
2021-06-17 09:26:19,2199.9,561203
2021-06-17 09:26:20,2199.9,563454
2021-06-17 09:26:21,2199.85,564283
2021-06-17 09:26:22,2199.35,564468
2021-06-17 09:26:24,2199.85,565427
2021-06-17 09:26:26,2199.35,566767
2021-06-17 09:26:27,2199.35,567018
2021-06-17 09:26:28,2199.6,567492
2021-06-17 09:26:29,2199.6,567632
2021-06-17 09:26:31,2199.4,568565
2021-06-17 09:26:32,2198.55,568723
2021-06-17 09:26:33,2199.0,569358
2021-06-17 09:26:34,2199.05,569991
2021-06-17 09:26:34,2199.4,569990
2021-06-17 09:26:36,2199.7,588095
2021-06-17 09:26:36,2200.0,588144
2021-06-17 09:26:37,2200.0,591128
2021-06-17 09:26:38,2200.0,592267
2021-06-17 09:26:39,2200.2,593367
2021-06-17 09:26:40,2200.85,594133
2021-06-17 09:26:41,2200.85,594789
2021-06-17 09:26:42,2201.0,597175
2021-06-17 09:26:44,2200.5,597601
2021-06-17 09:26:45,2201.3,598227
2021-06-17 09:26:45,2201.05,598306
2021-06-17 09:26:46,2201.3,599395
2021-06-17 09:26:47,2201.0,599628
2021-06-17 09:26:48,2201.05,601862
2021-06-17 09:26:50,2201.75,608702
2021-06-17 09:26:51,2201.7,609518
2021-06-17 09:26:53,2201.75,610979
2021-06-17 09:26:54,2201.6,613243
2021-06-17 09:26:55,2201.65,614510
2021-06-17 09:26:56,2202.0,615225
2021-06-17 09:26:56,2201.6,615275
2021-06-17 09:26:57,2201.6,615993
2021-06-17 09:26:58,2202.0,616366
2021-06-17 09:26:59,2200.9,618607
2021-06-17 09:27:00,2201.85,620973
2021-06-17 09:27:01,2202.0,621749
2021-06-17 09:27:02,2202.3,622957
2021-06-17 09:27:03,2202.1,623830
2021-06-17 09:27:04,2202.0,624028
2021-06-17 09:27:05,2202.5,624845
2021-06-17 09:27:07,2202.3,626452
2021-06-17 09:27:08,2201.7,628385
2021-06-17 09:27:09,2202.3,629606
2021-06-17 09:27:10,2202.5,630192
2021-06-17 09:27:11,2202.5,630363
2021-06-17 09:27:12,2201.7,630800
2021-06-17 09:27:12,2202.6,631000
2021-06-17 09:27:13,2202.5,631243
2021-06-17 09:27:14,2201.75,631424
2021-06-17 09:27:16,2202.0,632000
2021-06-17 09:27:17,2202.5,632655
2021-06-17 09:27:18,2202.5,634537
2021-06-17 09:27:19,2202.5,635304
2021-06-17 09:27:20,2202.45,636030
2021-06-17 09:27:21,2201.95,636090
2021-06-17 09:27:22,2201.95,636247
2021-06-17 09:27:23,2202.0,639276
2021-06-17 09:27:24,2201.95,640042
2021-06-17 09:27:25,2201.95,641384
2021-06-17 09:27:25,2202.0,641369
2021-06-17 09:27:26,2201.35,641731
2021-06-17 09:27:27,2201.75,642675
2021-06-17 09:27:28,2201.8,643845
2021-06-17 09:27:29,2201.7,644517
2021-06-17 09:27:30,2201.25,645594
2021-06-17 09:27:32,2201.15,646450
2021-06-17 09:27:33,2202.0,648058
2021-06-17 09:27:34,2201.85,648983
2021-06-17 09:27:35,2201.65,650523
2021-06-17 09:27:36,2202.0,651246
2021-06-17 09:27:37,2201.9,651873
2021-06-17 09:27:38,2201.9,653165
2021-06-17 09:27:39,2200.75,654090
2021-06-17 09:27:40,2202.0,657371
2021-06-17 09:27:41,2202.0,660163
2021-06-17 09:27:42,2202.0,662192
2021-06-17 09:27:43,2201.45,664602
2021-06-17 09:27:44,2202.3,664685
2021-06-17 09:27:44,2202.0,664860
2021-06-17 09:27:45,2202.0,670221
2021-06-17 09:27:47,2203.05,670924
2021-06-17 09:27:48,2202.2,671112
2021-06-17 09:27:49,2203.1,673577
2021-06-17 09:27:50,2204.6,677936
2021-06-17 09:27:50,2204.6,677988
2021-06-17 09:27:51,2204.8,678671
2021-06-17 09:27:52,2204.8,679531
2021-06-17 09:27:53,2204.9,680061
2021-06-17 09:27:55,2204.8,681813
2021-06-17 09:27:56,2204.8,682144
2021-06-17 09:27:58,2205.0,683269
2021-06-17 09:27:59,2204.0,683785
2021-06-17 09:28:00,2204.3,684083
2021-06-17 09:28:01,2205.0,685931
2021-06-17 09:28:02,2205.0,686142
2021-06-17 09:28:03,2204.9,686322
2021-06-17 09:28:04,2204.95,687873
2021-06-17 09:28:05,2204.0,688495
2021-06-17 09:28:06,2205.0,688873
2021-06-17 09:28:07,2204.95,689047
2021-06-17 09:28:08,2204.95,690307
2021-06-17 09:28:08,2204.1,690430
2021-06-17 09:28:09,2204.95,690530
2021-06-17 09:28:10,2205.0,693158
2021-06-17 09:28:12,2204.4,694927
2021-06-17 09:28:13,2205.0,695372
2021-06-17 09:28:16,2205.25,697724
2021-06-17 09:28:17,2205.3,698014
2021-06-17 09:28:17,2205.25,698069
2021-06-17 09:28:18,2207.45,700878
2021-06-17 09:28:19,2207.7,701472
2021-06-17 09:28:20,2207.7,701711
2021-06-17 09:28:21,2207.45,702863
2021-06-17 09:28:23,2207.95,705081
2021-06-17 09:28:24,2208.5,706282
2021-06-17 09:28:25,2208.4,706930
2021-06-17 09:28:25,2207.9,707100
2021-06-17 09:28:26,2207.3,708394
2021-06-17 09:28:27,2207.75,709589
2021-06-17 09:28:28,2206.9,711184
2021-06-17 09:28:30,2207.4,713597
2021-06-17 09:28:31,2207.55,716690
2021-06-17 09:28:32,2207.5,718418
2021-06-17 09:28:32,2208.0,718209
2021-06-17 09:28:33,2208.0,719796
2021-06-17 09:28:35,2208.0,722278
2021-06-17 09:28:36,2208.0,725385
2021-06-17 09:28:37,2207.4,726346
2021-06-17 09:28:38,2207.4,727290
2021-06-17 09:28:38,2207.4,727653
2021-06-17 09:28:39,2207.85,728352
2021-06-17 09:28:40,2207.4,729375
2021-06-17 09:28:41,2207.45,731120
2021-06-17 09:28:43,2207.85,731589
2021-06-17 09:28:44,2207.9,732001
2021-06-17 09:28:45,2207.5,732588
2021-06-17 09:28:46,2208.0,735728
2021-06-17 09:28:47,2207.45,738471
2021-06-17 09:28:47,2207.9,737648
2021-06-17 09:28:48,2208.0,741211
2021-06-17 09:28:50,2207.65,747003
2021-06-17 09:28:51,2207.9,748373
2021-06-17 09:28:52,2206.55,749486
2021-06-17 09:28:53,2206.35,750541
2021-06-17 09:28:53,2207.55,750036
2021-06-17 09:28:54,2206.95,751045
2021-06-17 09:28:55,2207.65,752430
2021-06-17 09:28:57,2206.9,752745
2021-06-17 09:28:58,2207.9,755192
2021-06-17 09:28:59,2207.45,756274
2021-06-17 09:29:00,2207.45,756434
2021-06-17 09:29:01,2206.85,756897
2021-06-17 09:29:02,2207.4,757923
2021-06-17 09:29:03,2207.4,758173
2021-06-17 09:29:04,2207.0,758270
2021-06-17 09:29:05,2207.4,758630
2021-06-17 09:29:06,2207.3,759307
2021-06-17 09:29:07,2207.3,759915
2021-06-17 09:29:08,2207.0,761868
2021-06-17 09:29:08,2207.4,761589
2021-06-17 09:29:09,2207.2,762245
2021-06-17 09:29:10,2205.85,763257
2021-06-17 09:29:11,2205.5,764090
2021-06-17 09:29:13,2206.25,765191
2021-06-17 09:29:14,2207.2,765818
2021-06-17 09:29:15,2205.8,766634
2021-06-17 09:29:17,2205.75,766979
2021-06-17 09:29:18,2207.2,767438
2021-06-17 09:29:19,2207.0,767767
2021-06-17 09:29:20,2207.35,768431
2021-06-17 09:29:21,2206.85,768861
2021-06-17 09:29:22,2206.9,769415
2021-06-17 09:29:23,2206.05,769477
2021-06-17 09:29:24,2206.55,770488
2021-06-17 09:29:24,2206.0,770908
2021-06-17 09:29:26,2206.1,771198
2021-06-17 09:29:27,2206.75,771855
2021-06-17 09:29:28,2206.1,772084
2021-06-17 09:29:29,2206.1,772740
2021-06-17 09:29:31,2206.05,773769
2021-06-17 09:29:32,2206.05,774037
2021-06-17 09:29:33,2206.75,774416
2021-06-17 09:29:34,2206.5,775455
2021-06-17 09:29:35,2206.7,775993
2021-06-17 09:29:36,2206.75,776494
2021-06-17 09:29:37,2207.0,777320
2021-06-17 09:29:38,2207.5,778444
2021-06-17 09:29:38,2206.85,777651
2021-06-17 09:29:39,2207.85,778792
2021-06-17 09:29:40,2207.9,779264
2021-06-17 09:29:42,2208.0,779549
2021-06-17 09:29:43,2207.55,779791
2021-06-17 09:29:44,2208.0,787056
2021-06-17 09:29:45,2207.95,788453
2021-06-17 09:29:46,2208.0,789009
2021-06-17 09:29:47,2208.55,790336
2021-06-17 09:29:48,2208.5,792805
2021-06-17 09:29:49,2208.0,793403
2021-06-17 09:29:50,2208.2,794202
2021-06-17 09:29:51,2207.55,794527
2021-06-17 09:29:52,2206.85,794872
2021-06-17 09:29:53,2207.0,795231
2021-06-17 09:29:53,2207.0,795251
2021-06-17 09:29:54,2207.0,795750
2021-06-17 09:29:56,2207.7,795908
2021-06-17 09:29:57,2207.0,796349
2021-06-17 09:29:58,2207.5,796667
2021-06-17 09:29:59,2207.0,797204
2021-06-17 09:30:00,2207.25,797932
2021-06-17 09:30:01,2207.45,798441
2021-06-17 09:30:02,2207.85,799366
2021-06-17 09:30:03,2207.3,800067
2021-06-17 09:30:03,2206.05,801012
2021-06-17 09:30:05,2206.95,801661
2021-06-17 09:30:06,2206.95,802768
2021-06-17 09:30:07,2207.05,803348
2021-06-17 09:30:08,2207.1,803403
2021-06-17 09:30:09,2207.1,803994
2021-06-17 09:30:10,2207.0,804223
2021-06-17 09:30:11,2207.65,804416
2021-06-17 09:30:12,2207.0,804547
2021-06-17 09:30:13,2207.7,804589
2021-06-17 09:30:14,2207.8,804928
2021-06-17 09:30:15,2208.0,806665
2021-06-17 09:30:16,2208.9,807167
2021-06-17 09:30:17,2208.3,809085
2021-06-17 09:30:17,2209.0,809502
2021-06-17 09:30:18,2208.25,809638
2021-06-17 09:30:19,2208.95,810021
2021-06-17 09:30:21,2208.65,811655
2021-06-17 09:30:22,2208.15,812008
2021-06-17 09:30:23,2208.0,812506
2021-06-17 09:30:24,2208.15,812763
2021-06-17 09:30:26,2207.8,813795
2021-06-17 09:30:27,2208.65,814028
2021-06-17 09:30:28,2208.15,814303
2021-06-17 09:30:29,2208.4,814756
2021-06-17 09:30:30,2208.9,815490
2021-06-17 09:30:31,2208.15,815809
2021-06-17 09:30:32,2208.0,816146
2021-06-17 09:30:33,2207.5,816419
2021-06-17 09:30:34,2208.45,817212
2021-06-17 09:30:34,2208.5,817262
2021-06-17 09:30:36,2208.5,817755
2021-06-17 09:30:37,2209.25,818668
2021-06-17 09:30:39,2208.25,819050
2021-06-17 09:30:40,2209.0,819279
2021-06-17 09:30:41,2209.0,819395
2021-06-17 09:30:42,2208.0,819817
2021-06-17 09:30:43,2208.3,820969
2021-06-17 09:30:44,2208.8,822114
2021-06-17 09:30:45,2208.35,822526
2021-06-17 09:30:46,2208.35,822872
2021-06-17 09:30:46,2208.35,822872
2021-06-17 09:30:47,2208.3,823299
2021-06-17 09:30:49,2207.1,824340
2021-06-17 09:30:50,2208.15,825884
2021-06-17 09:30:51,2207.45,826312
2021-06-17 09:30:52,2208.0,826488
2021-06-17 09:30:53,2208.0,826518
2021-06-17 09:30:54,2207.2,826840
2021-06-17 09:30:55,2207.45,826905
2021-06-17 09:30:56,2208.4,827826
2021-06-17 09:30:56,2207.1,827836
2021-06-17 09:30:57,2206.9,829261
2021-06-17 09:30:59,2207.75,832402
2021-06-17 09:31:01,2207.2,832963
2021-06-17 09:31:03,2207.5,833339
2021-06-17 09:31:04,2206.6,833376
2021-06-17 09:31:05,2206.6,835630
2021-06-17 09:31:06,2206.45,837228
2021-06-17 09:31:07,2206.4,837481
2021-06-17 09:31:07,2206.4,837478
2021-06-17 09:31:08,2207.0,837565
2021-06-17 09:31:09,2206.95,837996
2021-06-17 09:31:11,2206.95,838703
2021-06-17 09:31:12,2206.1,840087
2021-06-17 09:31:13,2207.1,840212
2021-06-17 09:31:14,2204.4,846530
2021-06-17 09:31:15,2205.0,847117
2021-06-17 09:31:16,2205.3,847779
2021-06-17 09:31:17,2204.2,848574
2021-06-17 09:31:18,2204.45,848774
2021-06-17 09:31:19,2204.3,849163
2021-06-17 09:31:20,2205.35,849175
2021-06-17 09:31:22,2206.15,851268
2021-06-17 09:31:21,2205.15,850512
2021-06-17 09:31:23,2206.0,851504
2021-06-17 09:31:24,2205.05,852350
2021-06-17 09:31:25,2205.05,853173
2021-06-17 09:31:26,2205.1,853504
2021-06-17 09:31:27,2205.95,853520
2021-06-17 09:31:28,2205.15,853671
2021-06-17 09:31:30,2205.1,853961
2021-06-17 09:31:31,2205.1,854221
2021-06-17 09:31:32,2205.1,854221
2021-06-17 09:31:33,2205.2,854416
2021-06-17 09:31:34,2205.2,854416
2021-06-17 09:31:35,2205.8,854972
2021-06-17 09:31:37,2205.85,855706
2021-06-17 09:31:38,2205.85,855756
2021-06-17 09:31:39,2206.95,856022
2021-06-17 09:31:40,2207.0,856147
2021-06-17 09:31:41,2206.95,856265
2021-06-17 09:31:42,2206.1,856302
2021-06-17 09:31:43,2206.1,856339
2021-06-17 09:31:44,2206.9,856351
2021-06-17 09:31:45,2206.25,856465
2021-06-17 09:31:46,2206.4,857887
2021-06-17 09:31:47,2206.9,857904
2021-06-17 09:31:48,2207.4,857939
2021-06-17 09:31:49,2207.2,857974
2021-06-17 09:31:50,2207.0,859130
2021-06-17 09:31:51,2207.4,859135
2021-06-17 09:31:52,2207.45,859432
2021-06-17 09:31:53,2207.15,859747
2021-06-17 09:31:54,2207.5,859901
2021-06-17 09:31:55,2207.0,860566
2021-06-17 09:31:56,2207.0,861502
2021-06-17 09:31:57,2206.9,861646
2021-06-17 09:31:58,2207.05,864388
2021-06-17 09:31:59,2206.7,864450
2021-06-17 09:32:00,2206.25,864817
2021-06-17 09:32:01,2206.95,864827
2021-06-17 09:32:02,2207.15,865026
2021-06-17 09:32:03,2206.4,865806
2021-06-17 09:32:04,2206.85,866006
2021-06-17 09:32:05,2206.9,866891
2021-06-17 09:32:06,2206.9,866904
2021-06-17 09:32:07,2206.4,867176
2021-06-17 09:32:08,2206.55,867211
2021-06-17 09:32:09,2207.0,867300
2021-06-17 09:32:10,2208.5,871663
2021-06-17 09:32:12,2208.0,872058
2021-06-17 09:32:13,2208.4,872625
2021-06-17 09:32:14,2208.0,872734
2021-06-17 09:32:15,2208.0,873158
2021-06-17 09:32:16,2208.35,873477
2021-06-17 09:32:17,2209.0,877077
2021-06-17 09:32:18,2208.45,877739
2021-06-17 09:32:19,2209.1,877755
2021-06-17 09:32:20,2208.5,877945
2021-06-17 09:32:21,2208.9,878578
2021-06-17 09:32:22,2209.1,878614
2021-06-17 09:32:23,2209.3,878755
2021-06-17 09:32:24,2209.35,878883
2021-06-17 09:32:25,2209.3,879099
2021-06-17 09:32:26,2209.15,879277
2021-06-17 09:32:27,2208.9,879492
2021-06-17 09:32:28,2209.35,879653
2021-06-17 09:32:29,2208.9,880005
2021-06-17 09:32:30,2209.05,880055
2021-06-17 09:32:31,2209.6,880455
2021-06-17 09:32:33,2209.6,881129
2021-06-17 09:32:32,2209.7,880707
2021-06-17 09:32:34,2209.3,881304
2021-06-17 09:32:36,2209.75,881889
2021-06-17 09:32:37,2209.7,882459
2021-06-17 09:32:38,2209.0,882734
2021-06-17 09:32:39,2209.0,883103
2021-06-17 09:32:40,2208.8,884118
2021-06-17 09:32:41,2209.05,884341
2021-06-17 09:32:42,2209.65,885749
2021-06-17 09:32:43,2209.05,885858
2021-06-17 09:32:44,2208.15,886650
2021-06-17 09:32:45,2208.1,886850
2021-06-17 09:32:46,2208.9,887613
2021-06-17 09:32:47,2208.95,887724
2021-06-17 09:32:48,2208.95,888210
2021-06-17 09:32:49,2208.1,889289
2021-06-17 09:32:50,2208.95,889577
2021-06-17 09:32:51,2208.6,889706
2021-06-17 09:32:53,2208.9,890044
2021-06-17 09:32:52,2208.9,890044
2021-06-17 09:32:54,2208.25,890332
2021-06-17 09:32:55,2208.9,890730
2021-06-17 09:32:56,2208.75,890991
2021-06-17 09:32:57,2208.8,891173
2021-06-17 09:32:58,2208.8,891509
2021-06-17 09:32:59,2208.9,891995
2021-06-17 09:33:00,2208.9,892064
2021-06-17 09:33:01,2208.4,892186
2021-06-17 09:33:02,2208.4,892292
2021-06-17 09:33:03,2208.75,892805
2021-06-17 09:33:04,2208.7,892826
2021-06-17 09:33:05,2208.7,892877
2021-06-17 09:33:06,2208.4,893202
2021-06-17 09:33:07,2208.0,894196
2021-06-17 09:33:08,2208.4,895014
2021-06-17 09:33:09,2208.4,895418
2021-06-17 09:33:10,2208.4,895418
2021-06-17 09:33:11,2208.4,895543
2021-06-17 09:33:12,2208.25,895816
2021-06-17 09:33:13,2208.45,896209
2021-06-17 09:33:14,2208.45,896209
2021-06-17 09:33:15,2208.8,896336
2021-06-17 09:33:16,2208.6,896374
2021-06-17 09:33:17,2208.6,896696
2021-06-17 09:33:20,2209.0,898118
2021-06-17 09:33:21,2209.2,898221
2021-06-17 09:33:22,2209.0,898227
2021-06-17 09:33:23,2209.3,898463
2021-06-17 09:33:24,2209.65,899504
2021-06-17 09:33:25,2208.7,899902
2021-06-17 09:33:26,2209.6,900123
2021-06-17 09:33:27,2209.55,900545
2021-06-17 09:33:29,2209.55,900660
2021-06-17 09:33:30,2209.05,901111
2021-06-17 09:33:31,2210.7,913644
2021-06-17 09:33:31,2210.7,913644
2021-06-17 09:33:33,2211.6,916545
2021-06-17 09:33:34,2210.9,917205
2021-06-17 09:33:35,2211.2,917936
2021-06-17 09:33:36,2212.0,918668
2021-06-17 09:33:37,2211.6,919439
2021-06-17 09:33:38,2212.0,920373
2021-06-17 09:33:39,2212.0,920865
2021-06-17 09:33:42,2211.95,921454
2021-06-17 09:33:44,2212.55,923543
2021-06-17 09:33:45,2211.7,923888
2021-06-17 09:33:45,2212.55,923998
2021-06-17 09:33:46,2211.75,925087
2021-06-17 09:33:47,2212.95,925664
2021-06-17 09:33:48,2212.65,929748
2021-06-17 09:33:49,2212.15,930147
2021-06-17 09:33:50,2212.55,930337
2021-06-17 09:33:51,2212.7,930677
2021-06-17 09:33:52,2212.85,931529
2021-06-17 09:33:53,2212.2,932467
2021-06-17 09:33:54,2212.8,932929
2021-06-17 09:33:55,2212.85,933689
2021-06-17 09:33:57,2212.65,934928
2021-06-17 09:34:00,2212.6,936353
2021-06-17 09:34:01,2213.8,937687
2021-06-17 09:34:02,2213.6,938345
2021-06-17 09:34:03,2213.8,941523
2021-06-17 09:34:03,2213.8,941884
2021-06-17 09:34:04,2213.8,942817
2021-06-17 09:34:05,2213.75,944719
2021-06-17 09:34:06,2214.15,947162
2021-06-17 09:34:07,2214.9,952021
2021-06-17 09:34:09,2214.15,952391
2021-06-17 09:34:09,2215.0,952848
2021-06-17 09:34:10,2215.0,953057
2021-06-17 09:34:11,2214.75,955267
2021-06-17 09:34:12,2215.0,956077
2021-06-17 09:34:13,2216.0,956356
2021-06-17 09:34:14,2216.35,957886
2021-06-17 09:34:15,2215.4,958084
2021-06-17 09:34:16,2216.0,959207
2021-06-17 09:34:17,2216.9,959767
2021-06-17 09:34:18,2216.0,963412
2021-06-17 09:34:19,2216.8,965072
2021-06-17 09:34:20,2215.6,965813
2021-06-17 09:34:21,2216.15,968855
2021-06-17 09:34:22,2217.65,972272
2021-06-17 09:34:23,2216.4,973841
2021-06-17 09:34:24,2217.9,974390
2021-06-17 09:34:25,2218.1,978934
2021-06-17 09:34:26,2218.15,979028
2021-06-17 09:34:27,2218.5,980154
2021-06-17 09:34:28,2218.6,981132
2021-06-17 09:34:31,2217.1,985911
2021-06-17 09:34:32,2217.25,986539
2021-06-17 09:34:33,2217.4,987431
2021-06-17 09:34:33,2217.35,987474
2021-06-17 09:34:34,2217.0,989284
2021-06-17 09:34:35,2217.95,990965
2021-06-17 09:34:36,2217.1,991887
2021-06-17 09:34:37,2217.0,992620
2021-06-17 09:34:38,2217.0,994323
2021-06-17 09:34:40,2217.6,995502
2021-06-17 09:34:40,2217.0,995417
2021-06-17 09:34:41,2217.0,996307
2021-06-17 09:34:42,2216.95,998694
2021-06-17 09:34:43,2217.0,999192
2021-06-17 09:34:44,2216.0,999653
2021-06-17 09:34:45,2216.3,1001076
2021-06-17 09:34:46,2216.9,1001311
2021-06-17 09:34:47,2217.35,1002589
2021-06-17 09:34:49,2217.0,1003402
2021-06-17 09:34:48,2217.0,1003184
2021-06-17 09:34:50,2217.0,1004315
2021-06-17 09:34:51,2216.4,1007143
2021-06-17 09:34:52,2216.9,1007616
2021-06-17 09:34:53,2218.45,1012548
2021-06-17 09:34:54,2218.3,1013198
2021-06-17 09:34:55,2218.7,1013857
2021-06-17 09:34:56,2217.5,1014335
2021-06-17 09:34:57,2217.35,1014592
2021-06-17 09:34:58,2217.35,1015213
2021-06-17 09:35:01,2218.15,1017713
2021-06-17 09:35:05,2219.45,1024073
2021-06-17 09:35:06,2219.55,1024715
2021-06-17 09:35:07,2219.9,1025542
2021-06-17 09:35:08,2220.0,1026759
2021-06-17 09:35:09,2219.65,1028171
2021-06-17 09:35:10,2220.35,1031065
2021-06-17 09:35:11,2221.1,1031865
2021-06-17 09:35:13,2221.75,1033871
2021-06-17 09:35:13,2220.8,1033985
2021-06-17 09:35:14,2221.7,1034867
2021-06-17 09:35:15,2221.1,1035926
2021-06-17 09:35:16,2221.7,1036650
2021-06-17 09:35:17,2221.7,1037065
2021-06-17 09:35:18,2222.0,1039702
2021-06-17 09:35:20,2222.05,1041158
2021-06-17 09:35:20,2223.0,1041345
2021-06-17 09:35:21,2223.35,1042348
2021-06-17 09:35:23,2222.85,1044947
2021-06-17 09:35:24,2222.0,1045829
2021-06-17 09:35:25,2222.45,1048794
2021-06-17 09:35:26,2222.9,1051458
2021-06-17 09:35:27,2222.2,1052345
2021-06-17 09:35:29,2223.5,1055418
2021-06-17 09:35:29,2222.7,1055938
2021-06-17 09:35:30,2223.95,1057663
2021-06-17 09:35:31,2222.9,1058535
2021-06-17 09:35:32,2223.1,1060701
2021-06-17 09:35:33,2222.8,1063186
2021-06-17 09:35:34,2223.5,1063836
2021-06-17 09:35:36,2223.0,1064386
2021-06-17 09:35:37,2222.4,1064864
2021-06-17 09:35:38,2221.45,1069090
2021-06-17 09:35:38,2221.5,1069379
2021-06-17 09:35:40,2222.95,1071907
2021-06-17 09:35:42,2221.7,1073602
2021-06-17 09:35:43,2221.65,1074649
2021-06-17 09:35:44,2222.55,1074964
2021-06-17 09:35:45,2221.5,1075231
2021-06-17 09:35:46,2221.9,1075932
2021-06-17 09:35:48,2221.1,1076676
2021-06-17 09:35:49,2221.9,1077440
2021-06-17 09:35:50,2222.0,1077911
2021-06-17 09:35:51,2221.9,1078242
2021-06-17 09:35:51,2221.95,1078395
2021-06-17 09:35:52,2221.2,1079365
2021-06-17 09:35:54,2221.6,1081630
2021-06-17 09:35:55,2221.45,1081985
2021-06-17 09:35:56,2222.5,1082408
2021-06-17 09:35:57,2221.65,1082771
2021-06-17 09:35:58,2222.05,1083664
2021-06-17 09:35:59,2220.65,1085651
2021-06-17 09:36:00,2220.85,1086685
2021-06-17 09:36:01,2222.0,1087366
2021-06-17 09:36:02,2221.2,1087518
2021-06-17 09:36:03,2221.45,1088776
2021-06-17 09:36:04,2220.9,1093304
2021-06-17 09:36:06,2221.45,1093583
2021-06-17 09:36:07,2221.9,1094497
2021-06-17 09:36:08,2221.85,1095198
2021-06-17 09:36:08,2221.85,1095409
2021-06-17 09:36:09,2222.2,1096957
2021-06-17 09:36:11,2222.0,1098403
2021-06-17 09:36:12,2222.4,1099820
2021-06-17 09:36:15,2222.2,1101736
2021-06-17 09:36:16,2222.0,1102138
2021-06-17 09:36:17,2222.4,1102289
2021-06-17 09:36:18,2221.85,1103824
2021-06-17 09:36:20,2222.05,1104271
2021-06-17 09:36:21,2221.75,1104482
2021-06-17 09:36:22,2222.7,1107483
2021-06-17 09:36:22,2222.7,1107586
2021-06-17 09:36:23,2223.5,1108610
2021-06-17 09:36:24,2223.4,1109493
2021-06-17 09:36:25,2222.65,1110234
2021-06-17 09:36:27,2223.45,1110828
2021-06-17 09:36:28,2224.0,1113476
2021-06-17 09:36:29,2224.75,1122076
2021-06-17 09:36:30,2224.1,1123235
2021-06-17 09:36:31,2225.35,1127811
2021-06-17 09:36:31,2224.25,1126865
2021-06-17 09:36:32,2225.6,1129468
2021-06-17 09:36:33,2224.75,1130442
2021-06-17 09:36:34,2223.85,1131086
2021-06-17 09:36:35,2226.0,1132156
2021-06-17 09:36:36,2226.65,1133364
2021-06-17 09:36:37,2226.2,1134436
2021-06-17 09:36:39,2225.35,1136949
2021-06-17 09:36:40,2226.35,1138319
2021-06-17 09:36:40,2225.65,1138532
2021-06-17 09:36:41,2226.0,1139138
2021-06-17 09:36:42,2227.2,1147451
2021-06-17 09:36:45,2226.1,1151999
2021-06-17 09:36:46,2225.95,1152734
2021-06-17 09:36:47,2226.0,1153448
2021-06-17 09:36:48,2226.7,1154380
2021-06-17 09:36:49,2227.45,1157244
2021-06-17 09:36:50,2226.85,1157892
2021-06-17 09:36:51,2227.45,1163051
2021-06-17 09:36:52,2228.65,1165053
2021-06-17 09:36:53,2229.5,1171148
2021-06-17 09:36:53,2228.65,1172084
2021-06-17 09:36:54,2228.9,1174346
2021-06-17 09:36:55,2227.75,1175920
2021-06-17 09:36:56,2228.0,1177070
2021-06-17 09:36:57,2229.45,1177987
2021-06-17 09:36:58,2229.0,1178799
2021-06-17 09:36:59,2229.45,1179126
2021-06-17 09:37:00,2228.15,1180897
2021-06-17 09:37:01,2228.7,1184191
2021-06-17 09:37:02,2228.15,1188462
2021-06-17 09:37:04,2228.0,1191632
2021-06-17 09:37:05,2228.0,1192655
2021-06-17 09:37:05,2228.5,1192585
2021-06-17 09:37:06,2228.5,1194374
2021-06-17 09:37:07,2228.45,1195253
2021-06-17 09:37:08,2227.7,1195742
2021-06-17 09:37:09,2227.7,1198490
2021-06-17 09:37:10,2227.1,1199724
2021-06-17 09:37:11,2225.35,1202012
2021-06-17 09:37:12,2226.9,1202296
2021-06-17 09:37:13,2225.4,1204275
2021-06-17 09:37:14,2226.85,1205284
2021-06-17 09:37:15,2226.4,1205605
2021-06-17 09:37:17,2226.0,1206862
2021-06-17 09:37:17,2225.75,1207053
2021-06-17 09:37:18,2226.15,1207523
2021-06-17 09:37:19,2225.35,1208692
2021-06-17 09:37:20,2225.95,1209221
2021-06-17 09:37:21,2226.15,1210020
2021-06-17 09:37:22,2225.95,1211183
2021-06-17 09:37:23,2225.05,1211987
2021-06-17 09:37:25,2226.85,1214069
2021-06-17 09:37:26,2225.95,1215044
2021-06-17 09:37:27,2226.55,1215771
2021-06-17 09:37:28,2226.4,1216609
2021-06-17 09:37:29,2226.9,1218150
2021-06-17 09:37:29,2226.9,1218190
2021-06-17 09:37:30,2226.9,1218739
2021-06-17 09:37:31,2226.75,1219798
2021-06-17 09:37:33,2226.7,1219950
2021-06-17 09:37:34,2227.0,1220515
2021-06-17 09:37:35,2225.95,1222275
2021-06-17 09:37:36,2225.75,1223214
2021-06-17 09:37:37,2225.85,1223591
2021-06-17 09:37:38,2225.8,1224129
2021-06-17 09:37:39,2224.7,1228665
2021-06-17 09:37:40,2224.55,1229227
2021-06-17 09:37:41,2224.05,1229844
2021-06-17 09:37:42,2223.15,1231861
2021-06-17 09:37:44,2223.5,1232587
2021-06-17 09:37:45,2223.8,1237142
2021-06-17 09:37:46,2223.3,1238654
2021-06-17 09:37:47,2222.25,1239012
2021-06-17 09:37:48,2223.0,1240201
2021-06-17 09:37:48,2222.15,1240193
2021-06-17 09:37:49,2222.25,1241211
2021-06-17 09:37:50,2223.0,1241636
2021-06-17 09:37:51,2222.0,1242973
2021-06-17 09:37:52,2222.1,1243276
2021-06-17 09:37:53,2222.55,1244874
2021-06-17 09:37:54,2223.45,1246418
2021-06-17 09:37:55,2223.75,1247517
2021-06-17 09:37:56,2224.15,1247876
2021-06-17 09:37:57,2224.0,1248654
2021-06-17 09:37:58,2224.0,1248735
2021-06-17 09:38:00,2224.5,1249167
2021-06-17 09:38:01,2225.0,1250076
2021-06-17 09:38:02,2224.75,1250110
2021-06-17 09:38:03,2224.2,1250413
2021-06-17 09:38:03,2224.75,1250324
2021-06-17 09:38:04,2224.75,1250483
2021-06-17 09:38:05,2224.0,1251096
2021-06-17 09:38:06,2224.3,1251867
2021-06-17 09:38:07,2224.0,1252095
2021-06-17 09:38:08,2223.95,1253123
2021-06-17 09:38:09,2223.65,1253276
2021-06-17 09:38:10,2223.0,1254164
2021-06-17 09:38:11,2223.6,1254781
2021-06-17 09:38:13,2223.0,1255016
2021-06-17 09:38:14,2222.4,1259212
2021-06-17 09:38:15,2222.4,1259601
2021-06-17 09:38:16,2223.4,1259777
2021-06-17 09:38:17,2223.5,1261068
2021-06-17 09:38:18,2224.0,1263590
2021-06-17 09:38:18,2223.2,1263645
2021-06-17 09:38:19,2224.0,1264928
2021-06-17 09:38:20,2224.0,1265955
2021-06-17 09:38:21,2224.6,1266126
2021-06-17 09:38:22,2225.0,1266906
2021-06-17 09:38:23,2225.0,1267598
2021-06-17 09:38:24,2224.25,1267956
2021-06-17 09:38:26,2224.25,1268686
2021-06-17 09:38:27,2224.0,1270123
2021-06-17 09:38:28,2224.85,1270506
2021-06-17 09:38:29,2224.75,1270891
2021-06-17 09:38:30,2224.9,1272162
2021-06-17 09:38:31,2224.95,1272322
2021-06-17 09:38:32,2224.2,1272468
2021-06-17 09:38:32,2225.0,1272540
2021-06-17 09:38:33,2225.0,1272576
2021-06-17 09:38:34,2224.95,1273092
2021-06-17 09:38:35,2225.0,1273812
2021-06-17 09:38:36,2225.0,1273929
2021-06-17 09:38:37,2225.0,1274210
2021-06-17 09:38:39,2224.95,1275660
2021-06-17 09:38:40,2225.0,1276475
2021-06-17 09:38:41,2225.0,1277183
2021-06-17 09:38:42,2224.0,1282799
2021-06-17 09:38:44,2224.95,1285610
2021-06-17 09:38:43,2224.0,1282928
2021-06-17 09:38:44,2224.75,1285611
2021-06-17 09:38:45,2224.0,1285865
2021-06-17 09:38:46,2224.75,1286276
2021-06-17 09:38:47,2224.75,1286308
2021-06-17 09:38:49,2224.75,1286371
2021-06-17 09:38:50,2224.0,1286453
2021-06-17 09:38:50,2224.5,1286480
2021-06-17 09:38:51,2224.95,1286988
2021-06-17 09:38:53,2224.0,1287227
2021-06-17 09:38:54,2224.15,1287827
2021-06-17 09:38:55,2224.8,1288044
2021-06-17 09:38:56,2225.0,1288345
2021-06-17 09:38:57,2224.95,1288454
2021-06-17 09:38:59,2224.15,1288636
2021-06-17 09:38:59,2224.35,1288696
2021-06-17 09:39:00,2224.15,1290166
2021-06-17 09:39:02,2224.35,1290347
2021-06-17 09:39:03,2224.35,1290435
2021-06-17 09:39:04,2224.75,1290739
2021-06-17 09:39:05,2224.75,1291011
2021-06-17 09:39:06,2224.2,1291294
2021-06-17 09:39:07,2224.15,1291425
2021-06-17 09:39:08,2224.2,1291795
2021-06-17 09:39:09,2224.2,1292466
2021-06-17 09:39:10,2224.0,1293114
2021-06-17 09:39:11,2224.4,1293909
2021-06-17 09:39:12,2224.2,1294022
2021-06-17 09:39:13,2224.5,1294185
2021-06-17 09:39:14,2224.35,1294442
2021-06-17 09:39:15,2224.75,1294485
2021-06-17 09:39:16,2225.0,1294982
2021-06-17 09:39:17,2224.5,1298026
2021-06-17 09:39:19,2225.0,1298459
2021-06-17 09:39:20,2225.0,1300783
2021-06-17 09:39:21,2225.05,1301009
2021-06-17 09:39:22,2225.9,1303298
2021-06-17 09:39:23,2225.9,1303477
2021-06-17 09:39:24,2226.55,1303677
2021-06-17 09:39:25,2226.1,1308111
2021-06-17 09:39:26,2225.65,1308346
2021-06-17 09:39:26,2226.55,1308309
2021-06-17 09:39:27,2226.4,1308465
2021-06-17 09:39:28,2226.0,1309032
2021-06-17 09:39:30,2226.2,1309240
2021-06-17 09:39:30,2225.8,1309261
2021-06-17 09:39:32,2226.5,1310307
2021-06-17 09:39:33,2225.0,1312261
2021-06-17 09:39:34,2225.7,1313899
2021-06-17 09:39:35,2226.55,1314113
2021-06-17 09:39:35,2225.85,1314487
2021-06-17 09:39:37,2226.0,1314880
2021-06-17 09:39:37,2226.0,1314930
2021-06-17 09:39:38,2226.6,1317704
2021-06-17 09:39:40,2225.35,1319581
2021-06-17 09:39:41,2225.3,1320025
2021-06-17 09:39:42,2226.4,1320809
2021-06-17 09:39:44,2225.75,1321253
2021-06-17 09:39:45,2226.15,1321631
2021-06-17 09:39:46,2226.1,1321819
2021-06-17 09:39:47,2225.0,1321968
2021-06-17 09:39:48,2225.0,1322707
2021-06-17 09:39:50,2224.85,1323607
2021-06-17 09:39:51,2224.8,1323908
2021-06-17 09:39:51,2224.0,1323918
2021-06-17 09:39:52,2224.05,1323921
2021-06-17 09:39:54,2224.8,1324399
2021-06-17 09:39:55,2224.55,1325892
2021-06-17 09:39:56,2225.0,1328110
2021-06-17 09:39:57,2225.0,1328369
2021-06-17 09:39:58,2225.0,1328631
2021-06-17 09:39:59,2224.95,1328685
2021-06-17 09:40:00,2225.0,1329343
2021-06-17 09:40:01,2224.95,1329697
2021-06-17 09:40:02,2225.6,1331378
2021-06-17 09:40:03,2225.05,1332517
2021-06-17 09:40:04,2226.0,1332936
2021-06-17 09:40:05,2225.1,1333076
2021-06-17 09:40:06,2226.0,1333528
2021-06-17 09:40:07,2226.2,1334249
2021-06-17 09:40:08,2225.7,1334521
2021-06-17 09:40:09,2225.7,1336562
2021-06-17 09:40:10,2225.9,1336639
2021-06-17 09:40:12,2226.0,1337083
2021-06-17 09:40:13,2226.0,1337476
2021-06-17 09:40:14,2225.9,1338011
2021-06-17 09:40:15,2226.0,1338249
2021-06-17 09:40:16,2225.7,1338289
2021-06-17 09:40:17,2225.75,1339058
2021-06-17 09:40:18,2226.4,1339568
2021-06-17 09:40:19,2226.0,1339686
2021-06-17 09:40:20,2226.05,1339878
2021-06-17 09:40:21,2226.05,1340067
2021-06-17 09:40:22,2226.05,1340398
2021-06-17 09:40:22,2226.05,1340371
2021-06-17 09:40:24,2226.9,1341370
2021-06-17 09:40:26,2226.55,1341928
2021-06-17 09:40:27,2226.55,1341969
2021-06-17 09:40:28,2226.5,1342089
2021-06-17 09:40:29,2226.75,1342491
2021-06-17 09:40:30,2226.9,1342776
2021-06-17 09:40:31,2226.4,1342881
2021-06-17 09:40:31,2226.5,1342916
2021-06-17 09:40:32,2226.8,1343082
2021-06-17 09:40:34,2226.8,1343229
2021-06-17 09:40:35,2226.95,1344021
2021-06-17 09:40:36,2227.0,1344339
2021-06-17 09:40:37,2226.8,1345216
2021-06-17 09:40:38,2226.55,1345432
2021-06-17 09:40:39,2228.0,1349505
2021-06-17 09:40:39,2228.0,1349556
2021-06-17 09:40:40,2229.0,1354117
2021-06-17 09:40:42,2229.95,1361082
2021-06-17 09:40:43,2229.35,1362188
2021-06-17 09:40:44,2230.0,1364826
2021-06-17 09:40:45,2230.35,1371450
2021-06-17 09:40:47,2231.6,1372529
2021-06-17 09:40:48,2231.85,1374456
2021-06-17 09:40:49,2232.0,1375476
2021-06-17 09:40:50,2232.0,1375912
2021-06-17 09:40:51,2232.0,1378507
2021-06-17 09:40:52,2232.7,1379938
2021-06-17 09:40:53,2232.5,1384786
2021-06-17 09:40:54,2233.0,1386299
2021-06-17 09:40:55,2232.95,1386798
2021-06-17 09:40:56,2232.5,1387713
2021-06-17 09:40:57,2232.95,1387965
2021-06-17 09:40:59,2232.15,1389502
2021-06-17 09:41:00,2232.85,1391013
2021-06-17 09:41:01,2232.95,1391587
2021-06-17 09:41:02,2232.5,1392414
2021-06-17 09:41:03,2233.0,1393467
2021-06-17 09:41:04,2233.5,1394385
2021-06-17 09:41:05,2233.7,1395420
2021-06-17 09:41:06,2233.7,1396165
2021-06-17 09:41:07,2233.85,1397822
2021-06-17 09:41:08,2233.85,1400073
2021-06-17 09:41:09,2233.9,1400744
2021-06-17 09:41:10,2233.2,1401587
2021-06-17 09:41:10,2233.95,1401911
2021-06-17 09:41:11,2232.95,1403656
2021-06-17 09:41:12,2232.25,1404976
2021-06-17 09:41:14,2232.1,1405411
2021-06-17 09:41:15,2232.9,1406093
2021-06-17 09:41:16,2232.0,1407182
2021-06-17 09:41:17,2232.0,1409466
2021-06-17 09:41:18,2232.05,1413010
2021-06-17 09:41:19,2231.15,1413428
2021-06-17 09:41:20,2230.6,1414679
2021-06-17 09:41:21,2230.7,1415623
2021-06-17 09:41:22,2231.4,1418024
2021-06-17 09:41:23,2230.25,1418989
2021-06-17 09:41:24,2230.45,1419575
2021-06-17 09:41:24,2231.0,1419763
2021-06-17 09:41:26,2230.5,1420315
2021-06-17 09:41:27,2230.5,1420565
2021-06-17 09:41:28,2230.5,1420785
2021-06-17 09:41:29,2230.55,1421325
2021-06-17 09:41:30,2230.7,1421629
2021-06-17 09:41:31,2230.55,1422344
2021-06-17 09:41:32,2230.75,1423209
2021-06-17 09:41:33,2231.4,1424167
2021-06-17 09:41:34,2230.95,1425125
2021-06-17 09:41:35,2231.05,1425820
2021-06-17 09:41:35,2231.05,1425830
2021-06-17 09:41:36,2231.95,1426592
2021-06-17 09:41:37,2232.0,1427233
2021-06-17 09:41:38,2232.0,1427577
2021-06-17 09:41:39,2231.95,1428705
2021-06-17 09:41:41,2231.0,1429175
2021-06-17 09:41:41,2231.35,1429284
2021-06-17 09:41:43,2231.15,1429405
2021-06-17 09:41:44,2231.2,1430767
2021-06-17 09:41:45,2231.85,1431995
2021-06-17 09:41:46,2231.8,1432371
2021-06-17 09:41:47,2231.35,1432839
2021-06-17 09:41:48,2231.2,1433009
2021-06-17 09:41:49,2231.4,1433154
2021-06-17 09:41:50,2231.45,1433553
2021-06-17 09:41:51,2231.9,1434124
2021-06-17 09:41:53,2232.0,1434871
2021-06-17 09:41:54,2232.0,1435548
2021-06-17 09:41:55,2230.45,1437424
2021-06-17 09:41:56,2230.45,1437607
2021-06-17 09:41:57,2230.25,1437744
2021-06-17 09:41:58,2230.75,1437758
2021-06-17 09:42:01,2230.0,1442872
2021-06-17 09:42:02,2230.15,1443147
2021-06-17 09:42:03,2229.25,1443532
2021-06-17 09:42:04,2230.9,1444947
2021-06-17 09:42:05,2230.8,1445071
2021-06-17 09:42:07,2230.25,1446011
2021-06-17 09:42:06,2231.15,1445796
2021-06-17 09:42:08,2230.05,1446400
2021-06-17 09:42:09,2230.75,1447099
2021-06-17 09:42:10,2230.65,1447141
2021-06-17 09:42:11,2230.75,1447555
2021-06-17 09:42:12,2230.8,1447830
2021-06-17 09:42:13,2230.35,1447898
2021-06-17 09:42:15,2231.3,1449794
2021-06-17 09:42:17,2230.6,1450288
2021-06-17 09:42:18,2230.55,1450538
2021-06-17 09:42:19,2230.95,1450900
2021-06-17 09:42:20,2230.55,1455081
2021-06-17 09:42:21,2230.0,1455922
2021-06-17 09:42:22,2229.2,1457487
2021-06-17 09:42:23,2229.75,1458210
2021-06-17 09:42:24,2228.9,1460073
2021-06-17 09:42:26,2227.6,1461959
2021-06-17 09:42:27,2227.4,1462966
2021-06-17 09:42:28,2227.0,1464258
2021-06-17 09:42:29,2226.9,1464873
2021-06-17 09:42:30,2226.8,1464924
2021-06-17 09:42:31,2226.55,1465807
2021-06-17 09:42:32,2226.55,1466073
2021-06-17 09:42:33,2226.55,1466832
2021-06-17 09:42:34,2226.0,1467101
2021-06-17 09:42:36,2226.55,1468326
2021-06-17 09:42:37,2226.85,1468458
2021-06-17 09:42:38,2226.0,1468658
2021-06-17 09:42:39,2226.0,1468966
2021-06-17 09:42:40,2226.55,1469226
2021-06-17 09:42:41,2226.0,1469604
2021-06-17 09:42:42,2226.5,1469846
2021-06-17 09:42:43,2226.45,1470227
2021-06-17 09:42:44,2226.0,1470600
2021-06-17 09:42:45,2226.5,1471528
2021-06-17 09:42:46,2226.45,1471839
2021-06-17 09:42:47,2226.65,1472121
2021-06-17 09:42:48,2226.55,1472314
2021-06-17 09:42:49,2226.55,1472315
2021-06-17 09:42:50,2224.6,1478961
2021-06-17 09:42:51,2224.6,1479238
2021-06-17 09:42:52,2224.1,1482888
2021-06-17 09:42:53,2223.6,1483011
2021-06-17 09:42:54,2223.6,1483203
2021-06-17 09:42:55,2223.6,1484101
2021-06-17 09:42:56,2224.0,1484513
2021-06-17 09:42:57,2223.0,1485085
2021-06-17 09:42:58,2223.85,1485337
2021-06-17 09:42:59,2223.0,1489321
2021-06-17 09:43:00,2222.35,1489999
2021-06-17 09:43:01,2222.8,1491223
2021-06-17 09:43:02,2223.6,1491739
2021-06-17 09:43:03,2224.5,1491941
2021-06-17 09:43:04,2223.55,1492774
2021-06-17 09:43:05,2223.15,1493331
2021-06-17 09:43:06,2224.0,1493676
2021-06-17 09:43:07,2224.2,1499539
2021-06-17 09:43:09,2225.0,1500542
2021-06-17 09:43:11,2224.3,1501260
2021-06-17 09:43:10,2225.25,1501253
2021-06-17 09:43:12,2225.45,1501408
2021-06-17 09:43:13,2224.15,1502317
2021-06-17 09:43:14,2225.9,1502993
2021-06-17 09:43:15,2224.95,1504033
2021-06-17 09:43:16,2224.7,1505461
2021-06-17 09:43:17,2224.55,1505742
2021-06-17 09:43:18,2225.0,1506032
2021-06-17 09:43:19,2225.4,1509445
2021-06-17 09:43:20,2226.0,1510149
2021-06-17 09:43:21,2226.5,1510985
2021-06-17 09:43:22,2225.8,1511292
2021-06-17 09:43:23,2225.0,1512273
2021-06-17 09:43:24,2224.0,1512653
2021-06-17 09:43:25,2224.95,1513110
2021-06-17 09:43:26,2225.0,1513589
2021-06-17 09:43:27,2225.0,1513816
2021-06-17 09:43:28,2224.25,1514280
2021-06-17 09:43:29,2224.25,1514385
2021-06-17 09:43:31,2224.65,1515123
2021-06-17 09:43:32,2225.0,1515513
2021-06-17 09:43:33,2225.0,1516050
2021-06-17 09:43:34,2225.0,1516465
2021-06-17 09:43:35,2224.25,1517924
2021-06-17 09:43:36,2224.25,1517945
2021-06-17 09:43:37,2224.95,1518430
2021-06-17 09:43:38,2224.95,1518430
2021-06-17 09:43:39,2224.8,1518527
2021-06-17 09:43:40,2224.8,1519014
2021-06-17 09:43:41,2224.85,1519228
2021-06-17 09:43:42,2224.0,1519674
2021-06-17 09:43:44,2224.65,1519942
2021-06-17 09:43:45,2224.35,1521164
2021-06-17 09:43:46,2224.35,1521462
2021-06-17 09:43:47,2223.15,1523279
2021-06-17 09:43:49,2223.15,1523447
2021-06-17 09:43:48,2223.15,1523447
2021-06-17 09:43:50,2223.15,1524454
2021-06-17 09:43:51,2223.15,1524730
2021-06-17 09:43:52,2224.0,1525050
2021-06-17 09:43:53,2224.1,1526006
2021-06-17 09:43:54,2223.0,1526268
2021-06-17 09:43:56,2223.0,1526782
2021-06-17 09:43:56,2223.0,1526792
2021-06-17 09:43:57,2223.05,1527031
2021-06-17 09:43:58,2223.15,1527083
2021-06-17 09:44:00,2223.2,1527632
2021-06-17 09:44:01,2223.3,1527769
2021-06-17 09:44:02,2223.2,1527888
2021-06-17 09:44:03,2223.4,1529315
2021-06-17 09:44:05,2223.3,1529652
2021-06-17 09:44:06,2223.8,1529807
2021-06-17 09:44:07,2224.0,1529951
2021-06-17 09:44:08,2223.95,1530200
2021-06-17 09:44:09,2223.85,1530747
2021-06-17 09:44:10,2224.0,1530793
2021-06-17 09:44:11,2224.0,1530838
2021-06-17 09:44:12,2224.0,1530870
2021-06-17 09:44:13,2224.0,1530891
2021-06-17 09:44:14,2224.0,1531491
2021-06-17 09:44:15,2224.0,1531674
2021-06-17 09:44:17,2224.6,1531988
2021-06-17 09:44:17,2224.6,1531988
2021-06-17 09:44:18,2224.05,1532317
2021-06-17 09:44:19,2223.85,1532423
2021-06-17 09:44:20,2223.85,1534130
2021-06-17 09:44:21,2223.6,1534428
2021-06-17 09:44:22,2223.6,1534524
2021-06-17 09:44:24,2223.2,1534800
2021-06-17 09:44:24,2223.2,1534800
2021-06-17 09:44:26,2223.75,1535516
2021-06-17 09:44:28,2223.0,1537335
2021-06-17 09:44:29,2223.3,1537491
2021-06-17 09:44:30,2223.0,1537683
2021-06-17 09:44:31,2223.3,1537790
2021-06-17 09:44:32,2223.1,1538220
2021-06-17 09:44:33,2223.25,1538371
2021-06-17 09:44:34,2223.25,1538380
2021-06-17 09:44:35,2223.3,1538857
2021-06-17 09:44:36,2223.3,1539061
2021-06-17 09:44:38,2223.2,1539311
2021-06-17 09:44:39,2223.55,1539390
2021-06-17 09:44:40,2223.3,1539724
2021-06-17 09:44:43,2224.65,1540576
2021-06-17 09:44:45,2224.15,1540701
2021-06-17 09:44:46,2224.2,1540778
2021-06-17 09:44:48,2224.2,1542020
2021-06-17 09:44:49,2224.25,1542097
2021-06-17 09:44:50,2224.85,1542112
2021-06-17 09:44:51,2224.85,1542112
2021-06-17 09:44:52,2224.85,1542195
2021-06-17 09:44:54,2224.25,1542309
2021-06-17 09:44:56,2224.25,1543232
2021-06-17 09:44:56,2224.5,1543244
2021-06-17 09:44:57,2225.0,1543553
2021-06-17 09:44:58,2225.0,1544234
2021-06-17 09:44:59,2224.85,1544508
2021-06-17 09:45:00,2225.0,1544821
2021-06-17 09:45:01,2225.0,1544865
2021-06-17 09:45:05,2224.4,1547618
2021-06-17 09:45:05,2224.25,1547685
2021-06-17 09:45:06,2224.5,1548052
2021-06-17 09:45:08,2224.85,1548337
2021-06-17 09:45:09,2224.8,1548398
2021-06-17 09:45:11,2224.6,1548496
2021-06-17 09:45:12,2224.2,1548831
2021-06-17 09:45:11,2224.6,1548506
2021-06-17 09:45:14,2224.2,1549298
2021-06-17 09:45:15,2224.6,1549537
2021-06-17 09:45:16,2224.5,1549606
2021-06-17 09:45:17,2224.6,1552198
2021-06-17 09:45:18,2224.6,1552408
2021-06-17 09:45:21,2224.6,1552644
2021-06-17 09:45:21,2224.6,1552644
2021-06-17 09:45:22,2224.5,1552748
2021-06-17 09:45:23,2225.0,1553068
2021-06-17 09:45:24,2224.5,1554129
2021-06-17 09:45:25,2225.0,1557222
2021-06-17 09:45:26,2224.5,1557750
2021-06-17 09:45:28,2225.2,1558651
2021-06-17 09:45:29,2225.2,1558652
2021-06-17 09:45:30,2225.3,1558658
2021-06-17 09:45:31,2225.0,1558707
2021-06-17 09:45:32,2225.0,1558796
2021-06-17 09:45:33,2225.0,1559208
2021-06-17 09:45:35,2225.0,1559440
2021-06-17 09:45:36,2225.85,1559519
2021-06-17 09:45:37,2225.0,1559860
2021-06-17 09:45:38,2225.85,1559992
2021-06-17 09:45:40,2225.0,1560275
2021-06-17 09:45:40,2225.0,1560275
2021-06-17 09:45:41,2225.3,1560917
2021-06-17 09:45:42,2225.0,1561708
2021-06-17 09:45:43,2225.0,1561766
2021-06-17 09:45:44,2225.2,1562217
2021-06-17 09:45:46,2224.6,1562402
2021-06-17 09:45:46,2225.0,1562367
2021-06-17 09:45:47,2224.8,1562742
2021-06-17 09:45:48,2224.8,1562777
2021-06-17 09:45:49,2224.0,1565061
2021-06-17 09:45:50,2224.3,1565297
2021-06-17 09:45:51,2224.55,1565518
2021-06-17 09:45:52,2225.35,1575571
2021-06-17 09:45:53,2224.95,1575944
2021-06-17 09:45:54,2224.6,1575960
2021-06-17 09:45:56,2224.4,1576474
2021-06-17 09:45:56,2224.0,1576495
2021-06-17 09:45:57,2224.6,1576556
2021-06-17 09:45:58,2224.05,1576581
2021-06-17 09:45:59,2224.6,1576599
2021-06-17 09:46:00,2224.0,1576970
2021-06-17 09:46:01,2224.6,1577198
2021-06-17 09:46:02,2224.35,1577360
2021-06-17 09:46:04,2224.35,1577876
2021-06-17 09:46:05,2224.6,1577891
2021-06-17 09:46:06,2224.35,1578000
2021-06-17 09:46:07,2225.1,1580506
2021-06-17 09:46:08,2225.8,1580590
2021-06-17 09:46:09,2225.4,1581434
2021-06-17 09:46:10,2224.85,1581470
2021-06-17 09:46:11,2224.2,1581525
2021-06-17 09:46:12,2224.9,1581555
2021-06-17 09:46:13,2224.0,1582264
2021-06-17 09:46:14,2223.1,1583698
2021-06-17 09:46:16,2223.05,1583753
2021-06-17 09:46:17,2222.6,1586906
2021-06-17 09:46:17,2223.0,1586454
2021-06-17 09:46:18,2222.8,1587457
2021-06-17 09:46:20,2222.75,1587884
2021-06-17 09:46:21,2222.2,1587932
2021-06-17 09:46:22,2222.0,1590528
2021-06-17 09:46:22,2222.0,1590482
2021-06-17 09:46:23,2222.3,1590649
2021-06-17 09:46:24,2220.2,1594168
2021-06-17 09:46:25,2220.0,1597128
2021-06-17 09:46:26,2220.0,1597672
2021-06-17 09:46:27,2220.9,1598692
2021-06-17 09:46:28,2221.55,1599025
2021-06-17 09:46:29,2220.6,1599433
2021-06-17 09:46:30,2221.45,1599874
2021-06-17 09:46:32,2220.35,1600420
2021-06-17 09:46:33,2220.2,1605682
2021-06-17 09:46:36,2220.55,1606759
2021-06-17 09:46:38,2220.95,1607166
2021-06-17 09:46:39,2220.2,1607973
2021-06-17 09:46:41,2220.85,1609248
2021-06-17 09:46:42,2220.55,1609784
2021-06-17 09:46:42,2220.85,1609860
2021-06-17 09:46:43,2220.25,1610367
2021-06-17 09:46:44,2220.85,1610582
2021-06-17 09:46:46,2222.0,1612406
2021-06-17 09:46:47,2221.45,1612427
2021-06-17 09:46:50,2221.45,1612796
2021-06-17 09:46:52,2221.85,1613194
2021-06-17 09:46:53,2221.85,1613279
2021-06-17 09:46:54,2222.0,1613498
2021-06-17 09:46:55,2221.9,1613651
2021-06-17 09:46:56,2221.45,1613958
2021-06-17 09:46:59,2221.5,1614359
2021-06-17 09:47:00,2222.0,1614514
2021-06-17 09:47:01,2222.0,1614827
2021-06-17 09:47:02,2222.0,1614978
2021-06-17 09:47:02,2222.0,1614978
2021-06-17 09:47:03,2221.75,1615116
2021-06-17 09:47:04,2222.0,1615227
2021-06-17 09:47:05,2221.6,1615603
2021-06-17 09:47:06,2221.9,1615839
2021-06-17 09:47:08,2221.5,1615949
2021-06-17 09:47:09,2221.5,1615985
2021-06-17 09:47:09,2221.5,1615985
2021-06-17 09:47:10,2221.5,1616226
2021-06-17 09:47:11,2221.0,1616688
2021-06-17 09:47:12,2221.55,1616871
2021-06-17 09:47:13,2221.0,1617075
2021-06-17 09:47:14,2221.0,1617377
2021-06-17 09:47:15,2222.2,1619743
2021-06-17 09:47:16,2221.95,1619887
2021-06-17 09:47:18,2221.75,1620276
2021-06-17 09:47:19,2221.7,1620277
2021-06-17 09:47:20,2221.7,1620502
2021-06-17 09:47:21,2221.55,1620514
2021-06-17 09:47:22,2221.75,1620779
2021-06-17 09:47:24,2221.7,1621121
2021-06-17 09:47:25,2221.7,1621500
2021-06-17 09:47:26,2221.7,1621567
2021-06-17 09:47:27,2221.7,1621727
2021-06-17 09:47:28,2221.1,1621769
2021-06-17 09:47:30,2221.05,1622245
2021-06-17 09:47:31,2221.0,1622377
2021-06-17 09:47:34,2221.55,1623251
2021-06-17 09:47:35,2221.0,1623617
2021-06-17 09:47:38,2221.0,1624517
2021-06-17 09:47:39,2221.5,1624567
2021-06-17 09:47:39,2221.5,1624571
2021-06-17 09:47:40,2221.7,1625195
2021-06-17 09:47:43,2221.0,1625487
2021-06-17 09:47:44,2221.0,1625704
2021-06-17 09:47:45,2221.0,1625713
2021-06-17 09:47:46,2221.65,1625943
2021-06-17 09:47:48,2221.15,1626170
2021-06-17 09:47:49,2221.0,1626424
2021-06-17 09:47:50,2221.65,1626564
2021-06-17 09:47:51,2221.15,1626796
2021-06-17 09:47:52,2221.15,1626825
2021-06-17 09:47:53,2221.15,1626840
2021-06-17 09:47:55,2221.15,1626964
2021-06-17 09:47:56,2221.15,1626976
2021-06-17 09:47:57,2221.15,1627236
2021-06-17 09:47:58,2221.0,1627761
2021-06-17 09:47:59,2221.15,1627926
2021-06-17 09:47:59,2221.15,1627926
2021-06-17 09:48:00,2221.15,1627947
2021-06-17 09:48:01,2221.15,1628017
2021-06-17 09:48:02,2221.0,1628310
2021-06-17 09:48:03,2221.0,1628325
2021-06-17 09:48:04,2221.0,1628858
2021-06-17 09:48:05,2221.0,1629257
2021-06-17 09:48:06,2221.0,1629433
2021-06-17 09:48:07,2221.15,1629476
2021-06-17 09:48:08,2221.1,1629606
2021-06-17 09:48:09,2221.0,1629980
2021-06-17 09:48:10,2221.0,1630064
2021-06-17 09:48:11,2221.0,1630390
2021-06-17 09:48:12,2221.5,1630391
2021-06-17 09:48:13,2221.15,1630413
2021-06-17 09:48:16,2221.7,1631219
2021-06-17 09:48:17,2221.7,1631764
2021-06-17 09:48:18,2221.5,1632148
2021-06-17 09:48:19,2221.7,1632162
2021-06-17 09:48:20,2221.7,1632267
2021-06-17 09:48:22,2221.95,1632618
2021-06-17 09:48:23,2221.7,1634606
2021-06-17 09:48:23,2222.1,1634382
2021-06-17 09:48:24,2221.85,1634758
2021-06-17 09:48:25,2221.85,1634787
2021-06-17 09:48:26,2221.85,1634837
2021-06-17 09:48:27,2222.0,1635017
2021-06-17 09:48:28,2221.8,1635134
2021-06-17 09:48:30,2222.0,1635264
2021-06-17 09:48:31,2222.7,1635372
2021-06-17 09:48:33,2222.5,1635728
2021-06-17 09:48:34,2222.55,1635730
2021-06-17 09:48:35,2222.6,1635995
2021-06-17 09:48:36,2222.95,1636163
2021-06-17 09:48:38,2223.0,1636302
2021-06-17 09:48:39,2222.55,1636614
2021-06-17 09:48:39,2222.95,1636616
2021-06-17 09:48:40,2222.95,1636626
2021-06-17 09:48:41,2222.55,1637133
2021-06-17 09:48:42,2222.55,1637180
2021-06-17 09:48:44,2222.55,1637423
2021-06-17 09:48:45,2223.65,1637482
2021-06-17 09:48:46,2223.8,1637505
2021-06-17 09:48:47,2222.95,1637624
2021-06-17 09:48:48,2222.95,1637861
2021-06-17 09:48:49,2222.55,1638260
2021-06-17 09:48:50,2224.0,1638878
2021-06-17 09:48:50,2223.4,1638938
2021-06-17 09:48:51,2223.5,1638971
2021-06-17 09:48:52,2224.65,1641466
2021-06-17 09:48:53,2224.65,1641771
2021-06-17 09:48:54,2224.65,1642193
2021-06-17 09:48:56,2223.5,1642369
2021-06-17 09:48:57,2224.35,1642439
2021-06-17 09:48:58,2224.45,1642513
2021-06-17 09:48:59,2224.4,1642783
2021-06-17 09:48:59,2224.4,1642783
2021-06-17 09:49:00,2223.95,1643436
2021-06-17 09:49:01,2223.7,1643935
2021-06-17 09:49:02,2224.1,1644094
2021-06-17 09:49:03,2224.15,1644651
2021-06-17 09:49:05,2224.0,1644794
2021-06-17 09:49:07,2224.0,1645480
2021-06-17 09:49:08,2223.7,1645567
2021-06-17 09:49:09,2224.35,1647648
2021-06-17 09:49:10,2224.0,1647673
2021-06-17 09:49:11,2224.1,1647683
2021-06-17 09:49:12,2224.1,1647967
2021-06-17 09:49:13,2224.0,1648552
2021-06-17 09:49:14,2224.0,1648564
2021-06-17 09:49:15,2224.0,1648627
2021-06-17 09:49:16,2224.0,1648746
2021-06-17 09:49:16,2224.0,1648746
2021-06-17 09:49:17,2224.5,1649045
2021-06-17 09:49:18,2224.65,1649170
2021-06-17 09:49:19,2224.5,1649190
2021-06-17 09:49:20,2224.5,1649407
2021-06-17 09:49:21,2222.0,1655374
2021-06-17 09:49:23,2222.35,1655512
2021-06-17 09:49:24,2223.3,1655738
2021-06-17 09:49:25,2222.3,1655965
2021-06-17 09:49:26,2222.95,1656185
2021-06-17 09:49:26,2222.95,1656945
2021-06-17 09:49:27,2222.95,1656949
2021-06-17 09:49:29,2222.3,1657257
2021-06-17 09:49:31,2222.45,1657277
2021-06-17 09:49:32,2223.2,1657344
2021-06-17 09:49:34,2222.35,1657908
2021-06-17 09:49:34,2222.55,1657913
2021-06-17 09:49:35,2222.55,1657939
2021-06-17 09:49:36,2222.5,1658027
2021-06-17 09:49:37,2222.5,1658251
2021-06-17 09:49:39,2222.45,1658328
2021-06-17 09:49:40,2222.05,1658534
2021-06-17 09:49:41,2222.3,1658560
2021-06-17 09:49:41,2222.1,1658561
2021-06-17 09:49:43,2222.25,1659184
2021-06-17 09:49:44,2222.25,1659414
2021-06-17 09:49:45,2222.3,1659529
2021-06-17 09:49:46,2222.3,1659603
2021-06-17 09:49:47,2222.25,1659606
2021-06-17 09:49:49,2222.25,1659961
2021-06-17 09:49:50,2222.3,1660064
2021-06-17 09:49:51,2222.05,1660277
2021-06-17 09:49:52,2222.1,1660614
2021-06-17 09:49:53,2222.45,1660831
2021-06-17 09:49:54,2222.0,1662423
2021-06-17 09:49:55,2222.0,1662435
2021-06-17 09:49:56,2222.0,1662606
2021-06-17 09:49:57,2221.9,1662761
2021-06-17 09:49:58,2221.7,1662762
2021-06-17 09:49:59,2221.85,1662836
2021-06-17 09:50:00,2221.45,1663318
2021-06-17 09:50:01,2221.2,1663407
2021-06-17 09:50:03,2221.5,1666466
2021-06-17 09:50:04,2221.5,1666590
2021-06-17 09:50:05,2221.5,1666597
2021-06-17 09:50:06,2221.5,1666720
2021-06-17 09:50:07,2220.6,1666970
2021-06-17 09:50:08,2220.6,1667364
2021-06-17 09:50:09,2221.45,1667625
2021-06-17 09:50:10,2221.0,1667837
2021-06-17 09:50:11,2221.0,1667972
2021-06-17 09:50:12,2221.5,1668331
2021-06-17 09:50:14,2221.0,1668580
2021-06-17 09:50:15,2221.0,1668597
2021-06-17 09:50:16,2221.0,1668937
2021-06-17 09:50:17,2220.95,1669097
2021-06-17 09:50:18,2220.95,1669291
2021-06-17 09:50:19,2221.7,1669743
2021-06-17 09:50:20,2221.2,1669847
2021-06-17 09:50:20,2221.8,1669857
2021-06-17 09:50:22,2221.75,1669950
2021-06-17 09:50:23,2221.65,1670016
2021-06-17 09:50:24,2221.8,1670182
2021-06-17 09:50:25,2221.65,1670213
2021-06-17 09:50:26,2221.65,1670429
2021-06-17 09:50:27,2221.75,1670540
2021-06-17 09:50:28,2221.2,1671023
2021-06-17 09:50:29,2221.7,1671109
2021-06-17 09:50:30,2221.45,1671194
2021-06-17 09:50:31,2221.0,1671294
2021-06-17 09:50:32,2221.2,1671495
2021-06-17 09:50:33,2221.2,1671542
2021-06-17 09:50:34,2221.2,1671542
2021-06-17 09:50:35,2221.0,1671674
2021-06-17 09:50:35,2221.0,1671674
2021-06-17 09:50:36,2221.0,1671723
2021-06-17 09:50:38,2221.0,1671970
2021-06-17 09:50:39,2221.1,1672412
2021-06-17 09:50:41,2221.2,1672624
2021-06-17 09:50:42,2221.2,1672676
2021-06-17 09:50:43,2221.1,1672846
2021-06-17 09:50:44,2221.2,1672977
2021-06-17 09:50:46,2221.3,1673023
2021-06-17 09:50:47,2221.4,1673120
2021-06-17 09:50:48,2221.3,1673494
2021-06-17 09:50:49,2221.6,1673598
2021-06-17 09:50:50,2221.8,1673949
2021-06-17 09:50:51,2221.65,1673976
2021-06-17 09:50:52,2221.65,1674510
2021-06-17 09:50:53,2220.65,1674903
2021-06-17 09:50:54,2221.45,1675449
2021-06-17 09:50:55,2221.05,1675610
2021-06-17 09:50:56,2222.0,1678133
2021-06-17 09:50:56,2222.0,1678133
2021-06-17 09:50:58,2221.9,1679049
2021-06-17 09:50:59,2221.1,1679055
2021-06-17 09:51:00,2221.75,1679254
2021-06-17 09:51:01,2220.65,1679676
2021-06-17 09:51:02,2220.65,1679676
2021-06-17 09:51:02,2221.0,1679856
2021-06-17 09:51:04,2221.6,1680371
2021-06-17 09:51:05,2221.55,1680375
2021-06-17 09:51:06,2220.65,1680390
2021-06-17 09:51:07,2220.65,1680392
2021-06-17 09:51:08,2221.55,1680440
2021-06-17 09:51:09,2221.0,1682301
2021-06-17 09:51:10,2221.0,1682394
2021-06-17 09:51:11,2221.0,1682490
2021-06-17 09:51:12,2220.65,1682566
2021-06-17 09:51:13,2220.9,1682704
2021-06-17 09:51:14,2221.0,1683233
2021-06-17 09:51:16,2220.0,1684903
2021-06-17 09:51:18,2220.1,1685131
2021-06-17 09:51:19,2220.45,1685142
2021-06-17 09:51:20,2220.3,1685148
2021-06-17 09:51:21,2219.2,1691519
2021-06-17 09:51:22,2219.3,1692633
2021-06-17 09:51:23,2218.4,1692921
2021-06-17 09:51:25,2219.2,1693827
2021-06-17 09:51:26,2219.2,1695035
2021-06-17 09:51:27,2219.3,1695160
2021-06-17 09:51:28,2218.2,1695375
2021-06-17 09:51:29,2218.25,1695753
2021-06-17 09:51:30,2218.7,1702282
2021-06-17 09:51:30,2218.7,1702284
2021-06-17 09:51:33,2218.85,1702671
2021-06-17 09:51:34,2219.2,1703053
2021-06-17 09:51:35,2218.3,1703142
2021-06-17 09:51:36,2219.2,1703322
2021-06-17 09:51:37,2218.85,1703477
2021-06-17 09:51:38,2218.85,1703605
2021-06-17 09:51:39,2218.5,1703616
2021-06-17 09:51:40,2219.0,1703734
2021-06-17 09:51:41,2218.7,1703868
2021-06-17 09:51:42,2219.2,1704506
2021-06-17 09:51:43,2219.5,1705231
2021-06-17 09:51:44,2219.0,1705350
2021-06-17 09:51:45,2219.3,1705649
2021-06-17 09:51:47,2220.6,1707119
2021-06-17 09:51:48,2222.35,1710290
2021-06-17 09:51:49,2222.65,1711087
2021-06-17 09:51:51,2222.6,1711853
2021-06-17 09:51:52,2222.15,1711953
2021-06-17 09:51:53,2221.95,1712455
2021-06-17 09:51:54,2221.95,1712455
2021-06-17 09:51:55,2222.65,1712468
2021-06-17 09:51:56,2222.65,1712544
2021-06-17 09:51:57,2222.65,1712549
2021-06-17 09:51:58,2222.6,1712573
2021-06-17 09:51:59,2222.65,1712698
2021-06-17 09:51:59,2223.0,1712683
2021-06-17 09:52:00,2223.0,1712837
2021-06-17 09:52:01,2222.55,1713024
2021-06-17 09:52:02,2223.0,1713185
2021-06-17 09:52:03,2223.0,1713416
2021-06-17 09:52:04,2223.0,1713493
2021-06-17 09:52:05,2222.55,1713634
2021-06-17 09:52:07,2222.55,1714304
2021-06-17 09:52:08,2222.55,1714430
2021-06-17 09:52:09,2222.55,1714710
2021-06-17 09:52:10,2222.55,1714912
2021-06-17 09:52:11,2222.55,1714994
2021-06-17 09:52:13,2222.75,1715121
2021-06-17 09:52:14,2222.65,1715246
2021-06-17 09:52:15,2222.65,1715448
2021-06-17 09:52:16,2223.0,1716214
2021-06-17 09:52:17,2223.6,1716376
2021-06-17 09:52:18,2223.6,1716412
2021-06-17 09:52:20,2223.6,1716619
2021-06-17 09:52:19,2223.6,1716617
2021-06-17 09:52:21,2223.15,1716990
2021-06-17 09:52:22,2224.0,1717597
2021-06-17 09:52:23,2223.35,1717884
2021-06-17 09:52:24,2223.55,1717906
2021-06-17 09:52:26,2223.95,1718236
2021-06-17 09:52:27,2223.6,1718249
2021-06-17 09:52:28,2224.15,1719166
2021-06-17 09:52:30,2224.45,1719986
2021-06-17 09:52:31,2225.0,1721404
2021-06-17 09:52:32,2225.0,1721409
2021-06-17 09:52:33,2224.35,1721884
2021-06-17 09:52:34,2225.0,1721887
2021-06-17 09:52:35,2224.25,1723375
2021-06-17 09:52:36,2225.0,1723462
2021-06-17 09:52:37,2225.0,1724357
2021-06-17 09:52:38,2224.5,1724495
2021-06-17 09:52:39,2224.3,1724667
2021-06-17 09:52:40,2223.8,1726159
2021-06-17 09:52:41,2222.75,1726214
2021-06-17 09:52:43,2223.65,1726550
2021-06-17 09:52:45,2222.75,1726711
2021-06-17 09:52:44,2223.5,1726708
2021-06-17 09:52:46,2222.9,1726904
2021-06-17 09:52:48,2223.15,1727244
2021-06-17 09:52:49,2223.15,1727244
2021-06-17 09:52:50,2224.3,1728881
2021-06-17 09:52:51,2224.3,1728881
2021-06-17 09:52:52,2223.45,1728905
2021-06-17 09:52:53,2224.3,1729057
2021-06-17 09:52:54,2224.3,1729143
2021-06-17 09:52:55,2224.5,1729247
2021-06-17 09:52:56,2224.3,1729320
2021-06-17 09:52:57,2224.25,1729431
2021-06-17 09:52:59,2224.45,1729530
2021-06-17 09:53:00,2224.5,1729555
2021-06-17 09:53:01,2224.5,1729665
2021-06-17 09:53:02,2225.0,1730803
2021-06-17 09:53:03,2224.6,1730981
2021-06-17 09:53:04,2225.0,1731688
2021-06-17 09:53:05,2224.6,1731829
2021-06-17 09:53:07,2224.95,1731937
2021-06-17 09:53:08,2225.0,1732064
2021-06-17 09:53:09,2224.6,1732664
2021-06-17 09:53:10,2224.6,1732692
2021-06-17 09:53:11,2224.95,1732706
2021-06-17 09:53:12,2224.6,1733057
2021-06-17 09:53:14,2224.6,1733262
2021-06-17 09:53:13,2224.5,1733062
2021-06-17 09:53:15,2224.6,1733509
2021-06-17 09:53:16,2224.3,1734656
2021-06-17 09:53:17,2224.95,1735396
2021-06-17 09:53:18,2224.3,1735524
2021-06-17 09:53:19,2224.6,1735556
2021-06-17 09:53:20,2224.6,1735556
2021-06-17 09:53:21,2224.95,1736168
2021-06-17 09:53:22,2224.6,1736227
2021-06-17 09:53:23,2224.95,1736254
2021-06-17 09:53:24,2224.6,1736454
2021-06-17 09:53:25,2224.95,1736725
2021-06-17 09:53:26,2225.0,1737517
2021-06-17 09:53:27,2224.5,1737692
2021-06-17 09:53:28,2224.8,1737748
2021-06-17 09:53:29,2224.8,1737752
2021-06-17 09:53:30,2224.6,1737773
2021-06-17 09:53:31,2224.6,1737773
2021-06-17 09:53:33,2224.6,1738509
2021-06-17 09:53:34,2224.8,1738514
2021-06-17 09:53:35,2224.6,1738524
2021-06-17 09:53:36,2224.6,1738604
2021-06-17 09:53:37,2224.8,1738639
2021-06-17 09:53:38,2224.8,1738736
2021-06-17 09:53:40,2224.6,1738841
2021-06-17 09:53:41,2225.0,1739141
2021-06-17 09:53:42,2225.0,1739177
2021-06-17 09:53:43,2224.6,1739386
2021-06-17 09:53:44,2224.6,1739442
2021-06-17 09:53:45,2224.6,1739501
2021-06-17 09:53:46,2225.0,1739569
2021-06-17 09:53:47,2225.0,1739980
2021-06-17 09:53:48,2225.0,1739980
2021-06-17 09:53:49,2225.0,1740047
2021-06-17 09:53:50,2225.0,1740048
2021-06-17 09:53:51,2224.95,1740059
2021-06-17 09:53:52,2224.95,1740099
2021-06-17 09:53:53,2224.95,1740149
2021-06-17 09:53:54,2224.7,1740159
2021-06-17 09:53:56,2224.75,1740291
2021-06-17 09:53:55,2224.75,1740270
2021-06-17 09:53:57,2224.75,1740312
2021-06-17 09:53:58,2224.95,1740531
2021-06-17 09:53:59,2224.95,1740533
2021-06-17 09:54:00,2224.95,1740589
2021-06-17 09:54:01,2225.0,1740810
2021-06-17 09:54:02,2224.95,1740850
2021-06-17 09:54:03,2224.95,1740850
2021-06-17 09:54:05,2225.0,1741268
2021-06-17 09:54:06,2224.8,1741278
2021-06-17 09:54:07,2225.0,1741298
2021-06-17 09:54:08,2224.95,1741390
2021-06-17 09:54:09,2224.8,1742640
2021-06-17 09:54:10,2223.85,1743868
2021-06-17 09:54:11,2223.8,1743952
2021-06-17 09:54:12,2223.0,1744264
2021-06-17 09:54:13,2223.0,1744264
2021-06-17 09:54:14,2222.9,1744520
2021-06-17 09:54:16,2222.7,1744757
2021-06-17 09:54:17,2222.55,1745397
2021-06-17 09:54:18,2223.5,1745405
2021-06-17 09:54:19,2222.55,1745465
2021-06-17 09:54:20,2223.1,1745704
2021-06-17 09:54:21,2222.45,1746708
2021-06-17 09:54:22,2222.45,1746708
2021-06-17 09:54:23,2223.45,1746726
2021-06-17 09:54:24,2223.45,1746801
2021-06-17 09:54:25,2222.65,1746806
2021-06-17 09:54:26,2222.85,1746951
2021-06-17 09:54:27,2223.95,1747001
2021-06-17 09:54:28,2223.45,1747426
2021-06-17 09:54:31,2223.05,1747449
2021-06-17 09:54:31,2223.05,1747449
2021-06-17 09:54:32,2223.05,1747499
2021-06-17 09:54:33,2223.45,1747920
2021-06-17 09:54:34,2223.45,1747941
2021-06-17 09:54:35,2223.0,1752024
2021-06-17 09:54:36,2223.0,1752202
2021-06-17 09:54:37,2223.0,1752374
2021-06-17 09:54:39,2222.5,1753033
2021-06-17 09:54:39,2222.5,1753008
2021-06-17 09:54:40,2222.0,1754751
2021-06-17 09:54:41,2222.3,1754907
2021-06-17 09:54:42,2222.3,1755059
2021-06-17 09:54:43,2221.45,1755154
2021-06-17 09:54:46,2221.45,1755201
2021-06-17 09:54:46,2221.45,1755201
2021-06-17 09:54:47,2222.3,1755568
2021-06-17 09:54:48,2222.3,1755575
2021-06-17 09:54:49,2222.3,1755575
2021-06-17 09:54:50,2222.5,1755663
2021-06-17 09:54:52,2222.3,1755667
2021-06-17 09:54:53,2222.0,1755846
2021-06-17 09:54:53,2222.0,1755747
2021-06-17 09:54:54,2222.0,1755847
2021-06-17 09:54:55,2222.0,1755909
2021-06-17 09:54:56,2222.3,1756174
2021-06-17 09:54:57,2222.3,1756174
2021-06-17 09:54:58,2222.05,1756274
2021-06-17 09:54:59,2222.1,1757757
2021-06-17 09:55:01,2222.9,1757789
2021-06-17 09:55:02,2222.25,1757845
2021-06-17 09:55:03,2222.25,1757857
2021-06-17 09:55:04,2222.9,1757907
2021-06-17 09:55:05,2222.25,1758790
2021-06-17 09:55:07,2222.55,1758837
2021-06-17 09:55:07,2222.55,1758837
2021-06-17 09:55:08,2222.3,1758910
2021-06-17 09:55:09,2222.45,1758947
2021-06-17 09:55:10,2222.45,1758953
2021-06-17 09:55:12,2222.0,1760050
2021-06-17 09:55:12,2222.0,1760028
2021-06-17 09:55:13,2222.45,1760082
2021-06-17 09:55:14,2222.45,1760418
2021-06-17 09:55:16,2221.1,1760887
2021-06-17 09:55:17,2221.6,1760910
2021-06-17 09:55:18,2221.1,1760966
2021-06-17 09:55:21,2221.1,1761089
2021-06-17 09:55:21,2221.6,1761095
2021-06-17 09:55:22,2221.1,1761114
2021-06-17 09:55:23,2221.6,1761120
2021-06-17 09:55:24,2221.6,1761129
2021-06-17 09:55:25,2221.6,1761223
2021-06-17 09:55:26,2221.7,1761530
2021-06-17 09:55:27,2221.1,1761632
2021-06-17 09:55:28,2221.15,1761635
2021-06-17 09:55:30,2222.15,1762178
2021-06-17 09:55:30,2221.2,1762355
2021-06-17 09:55:31,2221.45,1762416
2021-06-17 09:55:32,2221.1,1762648
2021-06-17 09:55:33,2221.1,1762663
2021-06-17 09:55:34,2221.0,1763094
2021-06-17 09:55:35,2221.1,1763096
2021-06-17 09:55:36,2221.0,1764097
2021-06-17 09:55:38,2221.7,1764107
2021-06-17 09:55:38,2221.05,1764174
2021-06-17 09:55:39,2221.1,1764261
2021-06-17 09:55:40,2221.4,1764336
2021-06-17 09:55:41,2221.4,1764438
2021-06-17 09:55:42,2221.1,1764449
2021-06-17 09:55:43,2221.1,1764565
2021-06-17 09:55:45,2221.45,1764659
2021-06-17 09:55:45,2221.7,1764662
2021-06-17 09:55:46,2221.05,1764830
2021-06-17 09:55:47,2221.0,1765054
2021-06-17 09:55:48,2221.05,1765122
2021-06-17 09:55:49,2221.0,1765639
2021-06-17 09:55:51,2221.1,1765700
2021-06-17 09:55:53,2221.6,1765747
2021-06-17 09:55:54,2221.6,1765749
2021-06-17 09:55:55,2221.6,1765779
2021-06-17 09:55:56,2221.6,1765989
2021-06-17 09:55:57,2221.65,1766110
2021-06-17 09:55:58,2221.75,1766164
2021-06-17 09:56:00,2221.6,1766165
2021-06-17 09:56:01,2221.15,1766185
2021-06-17 09:56:02,2221.4,1766456
2021-06-17 09:56:02,2221.4,1766456
2021-06-17 09:56:03,2221.5,1766533
2021-06-17 09:56:04,2221.5,1766535
2021-06-17 09:56:05,2221.4,1766550
2021-06-17 09:56:07,2221.6,1766819
2021-06-17 09:56:07,2221.6,1766840
2021-06-17 09:56:08,2221.35,1767233
2021-06-17 09:56:09,2221.2,1767336
2021-06-17 09:56:10,2221.4,1767526
2021-06-17 09:56:11,2221.4,1767528
2021-06-17 09:56:12,2221.15,1768367
2021-06-17 09:56:14,2219.45,1771184
2021-06-17 09:56:14,2219.45,1771199
2021-06-17 09:56:15,2219.75,1771283
2021-06-17 09:56:16,2219.25,1771389
2021-06-17 09:56:17,2220.1,1771391
2021-06-17 09:56:18,2219.3,1771488
2021-06-17 09:56:19,2220.1,1771499
2021-06-17 09:56:21,2219.45,1771738
2021-06-17 09:56:21,2219.45,1771738
2021-06-17 09:56:23,2219.9,1772103
2021-06-17 09:56:24,2219.1,1772226
2021-06-17 09:56:25,2219.9,1772806
2021-06-17 09:56:26,2220.0,1773552
2021-06-17 09:56:29,2220.2,1774993
2021-06-17 09:56:29,2220.0,1774995
2021-06-17 09:56:30,2220.0,1775166
2021-06-17 09:56:31,2220.0,1775173
2021-06-17 09:56:32,2219.95,1776017
2021-06-17 09:56:33,2220.2,1776083
2021-06-17 09:56:34,2219.9,1776256
2021-06-17 09:56:35,2220.0,1776551
2021-06-17 09:56:36,2220.0,1776831
2021-06-17 09:56:38,2220.0,1776989
2021-06-17 09:56:38,2220.2,1777072
2021-06-17 09:56:40,2220.0,1777118
2021-06-17 09:56:41,2219.9,1777879
2021-06-17 09:56:42,2220.0,1778060
2021-06-17 09:56:42,2220.5,1778292
2021-06-17 09:56:44,2220.5,1778765
2021-06-17 09:56:45,2220.7,1778871
2021-06-17 09:56:45,2220.7,1778871
2021-06-17 09:56:46,2220.25,1778996
2021-06-17 09:56:47,2220.65,1779000
2021-06-17 09:56:48,2219.5,1779480
2021-06-17 09:56:49,2219.3,1779622
2021-06-17 09:56:50,2220.3,1779929
2021-06-17 09:56:52,2219.35,1780281
2021-06-17 09:56:53,2220.4,1780523
2021-06-17 09:56:54,2220.45,1780848
2021-06-17 09:56:54,2220.45,1780853
2021-06-17 09:56:55,2220.45,1780856
2021-06-17 09:56:56,2220.45,1780881
2021-06-17 09:56:57,2220.45,1780900
2021-06-17 09:56:58,2220.0,1781130
2021-06-17 09:57:01,2220.45,1781399
2021-06-17 09:57:02,2220.3,1781409
2021-06-17 09:57:04,2220.3,1781486
2021-06-17 09:57:04,2220.45,1781511
2021-06-17 09:57:05,2219.55,1781721
2021-06-17 09:57:06,2219.55,1781723
2021-06-17 09:57:08,2220.5,1782804
2021-06-17 09:57:08,2219.65,1782860
2021-06-17 09:57:10,2220.0,1782974
2021-06-17 09:57:11,2220.45,1783094
2021-06-17 09:57:11,2220.45,1783094
2021-06-17 09:57:12,2219.9,1783377
2021-06-17 09:57:13,2220.45,1783458
2021-06-17 09:57:15,2220.0,1783688
2021-06-17 09:57:16,2220.45,1783984
2021-06-17 09:57:16,2221.1,1784391
2021-06-17 09:57:18,2220.0,1784655
2021-06-17 09:57:19,2220.45,1784855
2021-06-17 09:57:20,2220.0,1785016
2021-06-17 09:57:22,2220.5,1785389
2021-06-17 09:57:23,2220.0,1785469
2021-06-17 09:57:24,2220.7,1785733
2021-06-17 09:57:25,2220.5,1785960
2021-06-17 09:57:26,2220.15,1786159
2021-06-17 09:57:27,2220.45,1786161
2021-06-17 09:57:27,2220.45,1786161
2021-06-17 09:57:28,2220.25,1786487
2021-06-17 09:57:29,2221.0,1786543
2021-06-17 09:57:30,2221.0,1786720
2021-06-17 09:57:32,2220.9,1787874
2021-06-17 09:57:33,2220.4,1788135
2021-06-17 09:57:33,2220.4,1788160
2021-06-17 09:57:34,2220.4,1788160
2021-06-17 09:57:36,2221.0,1788284
2021-06-17 09:57:37,2220.5,1788391
2021-06-17 09:57:39,2220.0,1788589
2021-06-17 09:57:40,2220.15,1788647
2021-06-17 09:57:41,2220.15,1788668
2021-06-17 09:57:41,2220.15,1788668
2021-06-17 09:57:42,2220.15,1788735
2021-06-17 09:57:43,2220.85,1789240
2021-06-17 09:57:44,2221.0,1789463
2021-06-17 09:57:45,2220.15,1789855
2021-06-17 09:57:47,2220.1,1789860
2021-06-17 09:57:48,2221.0,1789875
2021-06-17 09:57:50,2221.0,1790077
2021-06-17 09:57:51,2221.0,1790086
2021-06-17 09:57:51,2220.35,1790087
2021-06-17 09:57:52,2221.0,1790191
2021-06-17 09:57:53,2220.85,1790375
2021-06-17 09:57:54,2220.55,1790500
2021-06-17 09:57:55,2221.45,1791071
2021-06-17 09:57:56,2221.45,1791126
2021-06-17 09:57:57,2221.55,1791894
2021-06-17 09:57:59,2221.6,1792192
2021-06-17 09:58:00,2222.5,1792196
2021-06-17 09:58:01,2222.5,1792323
2021-06-17 09:58:02,2222.5,1792690
2021-06-17 09:58:03,2222.0,1792705
2021-06-17 09:58:04,2222.75,1793077
2021-06-17 09:58:05,2222.5,1793134
2021-06-17 09:58:06,2222.5,1793134
2021-06-17 09:58:07,2222.95,1793255
2021-06-17 09:58:08,2223.0,1793349
2021-06-17 09:58:09,2222.5,1793350
2021-06-17 09:58:10,2222.95,1793579
2021-06-17 09:58:12,2222.1,1793625
2021-06-17 09:58:13,2222.9,1793656
2021-06-17 09:58:13,2222.9,1793666
2021-06-17 09:58:14,2222.5,1794162
2021-06-17 09:58:15,2222.95,1794291
2021-06-17 09:58:16,2222.95,1794331
2021-06-17 09:58:17,2222.95,1794896
2021-06-17 09:58:18,2222.95,1794955
2021-06-17 09:58:20,2222.9,1795476
2021-06-17 09:58:21,2222.5,1795582
2021-06-17 09:58:21,2222.5,1795582
2021-06-17 09:58:22,2222.8,1795585
2021-06-17 09:58:23,2222.45,1796033
2021-06-17 09:58:24,2222.45,1796149
2021-06-17 09:58:25,2222.7,1796187
2021-06-17 09:58:26,2222.65,1796208
2021-06-17 09:58:28,2222.7,1796392
2021-06-17 09:58:29,2222.7,1796393
2021-06-17 09:58:29,2222.7,1796393
2021-06-17 09:58:30,2222.65,1796396
2021-06-17 09:58:31,2222.55,1796436
2021-06-17 09:58:33,2222.4,1796775
2021-06-17 09:58:34,2222.1,1796797
2021-06-17 09:58:35,2222.0,1797705
2021-06-17 09:58:36,2222.0,1797705
2021-06-17 09:58:37,2222.0,1797766
2021-06-17 09:58:37,2222.0,1797766
2021-06-17 09:58:38,2222.0,1798127
2021-06-17 09:58:39,2221.5,1798155
2021-06-17 09:58:41,2221.75,1798217
2021-06-17 09:58:42,2221.75,1798237
2021-06-17 09:58:43,2221.75,1798243
2021-06-17 09:58:45,2221.5,1798506
2021-06-17 09:58:46,2221.5,1798576
2021-06-17 09:58:46,2221.5,1798576
2021-06-17 09:58:47,2221.5,1798582
2021-06-17 09:58:49,2222.0,1798793
2021-06-17 09:58:51,2222.0,1798830
2021-06-17 09:58:51,2222.0,1798830
2021-06-17 09:58:52,2221.3,1798844
2021-06-17 09:58:54,2221.75,1798869
2021-06-17 09:58:55,2221.8,1798898
2021-06-17 09:58:56,2221.5,1800702
2021-06-17 09:58:57,2222.0,1800823
2021-06-17 09:58:58,2222.1,1800848
2021-06-17 09:58:59,2222.0,1800893
2021-06-17 09:58:59,2222.0,1800893
2021-06-17 09:59:00,2222.0,1800925
2021-06-17 09:59:01,2222.0,1800926
2021-06-17 09:59:02,2222.1,1800930
2021-06-17 09:59:04,2222.0,1802048
2021-06-17 09:59:05,2222.05,1802134
2021-06-17 09:59:06,2221.95,1802338
2021-06-17 09:59:07,2221.95,1802338
2021-06-17 09:59:07,2221.95,1802338
2021-06-17 09:59:08,2221.5,1802392
2021-06-17 09:59:10,2221.9,1802442
2021-06-17 09:59:11,2221.9,1802742
2021-06-17 09:59:12,2221.8,1802812
2021-06-17 09:59:12,2221.8,1802812
2021-06-17 09:59:13,2221.9,1802913
2021-06-17 09:59:14,2221.8,1802956
2021-06-17 09:59:15,2221.5,1802966
2021-06-17 09:59:17,2221.8,1803516
2021-06-17 09:59:18,2221.7,1803683
2021-06-17 09:59:19,2221.75,1804250
2021-06-17 09:59:20,2221.0,1804265
2021-06-17 09:59:21,2220.55,1805987
2021-06-17 09:59:22,2221.0,1806004
2021-06-17 09:59:23,2221.25,1806351
2021-06-17 09:59:23,2221.25,1806351
2021-06-17 09:59:24,2221.25,1806406
2021-06-17 09:59:25,2221.0,1807109
2021-06-17 09:59:26,2221.0,1807110
2021-06-17 09:59:28,2221.0,1807110
2021-06-17 09:59:29,2221.0,1807110
2021-06-17 09:59:30,2221.0,1807444
2021-06-17 09:59:31,2220.2,1807602
2021-06-17 09:59:31,2220.95,1807607
2021-06-17 09:59:32,2220.95,1807632
2021-06-17 09:59:34,2221.0,1807686
2021-06-17 09:59:35,2220.5,1807692
2021-06-17 09:59:36,2220.5,1807712
2021-06-17 09:59:37,2220.5,1807750
2021-06-17 09:59:38,2221.0,1807821
2021-06-17 09:59:39,2220.75,1807845
2021-06-17 09:59:41,2220.5,1807948
2021-06-17 09:59:42,2220.75,1807976
2021-06-17 09:59:43,2220.7,1808043
2021-06-17 09:59:44,2220.5,1808297
2021-06-17 09:59:45,2220.75,1808363
2021-06-17 09:59:46,2220.75,1808450
2021-06-17 09:59:46,2220.75,1808460
2021-06-17 09:59:47,2220.75,1808462
2021-06-17 09:59:48,2220.75,1808473
2021-06-17 09:59:50,2220.75,1808657
2021-06-17 09:59:51,2220.5,1808667
2021-06-17 09:59:52,2220.75,1808732
2021-06-17 09:59:53,2220.75,1808757
2021-06-17 09:59:55,2220.75,1808785
2021-06-17 09:59:56,2220.5,1808807
2021-06-17 09:59:57,2220.75,1808859
2021-06-17 09:59:58,2220.75,1810983
2021-06-17 09:59:59,2220.75,1810984
2021-06-17 10:00:01,2220.5,1811181
2021-06-17 10:00:04,2220.75,1811255
2021-06-17 10:00:05,2220.75,1811400
2021-06-17 10:00:05,2220.75,1811779
2021-06-17 10:00:06,2220.75,1811782
2021-06-17 10:00:08,2220.55,1811892
2021-06-17 10:00:09,2220.75,1812208
2021-06-17 10:00:10,2220.75,1812261
2021-06-17 10:00:11,2221.0,1814085
2021-06-17 10:00:11,2221.0,1814085
2021-06-17 10:00:12,2221.6,1814101
2021-06-17 10:00:14,2221.6,1814283
2021-06-17 10:00:15,2221.6,1814392
2021-06-17 10:00:16,2220.85,1815492
2021-06-17 10:00:16,2220.85,1815492
2021-06-17 10:00:17,2221.0,1815540
2021-06-17 10:00:18,2221.6,1815550
2021-06-17 10:00:20,2221.75,1815651
2021-06-17 10:00:22,2221.7,1815736
2021-06-17 10:00:23,2221.75,1815769
2021-06-17 10:00:24,2221.75,1815770
2021-06-17 10:00:24,2221.8,1815771
2021-06-17 10:00:25,2221.8,1815822
2021-06-17 10:00:26,2221.7,1815868
2021-06-17 10:00:28,2221.75,1816041
2021-06-17 10:00:29,2221.75,1816167
2021-06-17 10:00:30,2221.7,1816175
2021-06-17 10:00:30,2221.7,1816175
2021-06-17 10:00:31,2221.75,1816176
2021-06-17 10:00:32,2221.75,1816515
2021-06-17 10:00:35,2221.9,1816743
2021-06-17 10:00:38,2221.9,1816761
2021-06-17 10:00:39,2221.75,1816884
2021-06-17 10:00:41,2222.3,1817847
2021-06-17 10:00:41,2222.3,1817847
2021-06-17 10:00:44,2221.95,1819326
2021-06-17 10:00:46,2222.0,1819806
2021-06-17 10:00:47,2222.0,1819877
2021-06-17 10:00:48,2222.0,1819982
2021-06-17 10:00:48,2222.0,1819982
2021-06-17 10:00:50,2222.05,1820380
2021-06-17 10:00:51,2222.9,1820491
2021-06-17 10:00:52,2222.9,1820846
2021-06-17 10:00:53,2222.9,1820873
2021-06-17 10:00:54,2222.15,1820913
2021-06-17 10:00:54,2222.15,1820913
2021-06-17 10:00:55,2222.15,1821046
2021-06-17 10:00:57,2222.85,1821468
2021-06-17 10:00:58,2222.2,1821693
2021-06-17 10:00:59,2222.2,1821799
2021-06-17 10:01:00,2222.95,1821823
2021-06-17 10:01:01,2222.95,1822394
2021-06-17 10:01:02,2223.0,1822585
2021-06-17 10:01:03,2222.35,1823101
2021-06-17 10:01:04,2223.05,1823155
2021-06-17 10:01:05,2222.85,1823171
2021-06-17 10:01:05,2222.85,1823171
2021-06-17 10:01:06,2222.9,1823181
2021-06-17 10:01:07,2222.5,1823339
2021-06-17 10:01:09,2222.9,1823858
2021-06-17 10:01:10,2222.9,1823859
2021-06-17 10:01:11,2222.0,1824769
2021-06-17 10:01:12,2222.5,1824789
2021-06-17 10:01:13,2222.5,1824827
2021-06-17 10:01:14,2222.5,1824878
2021-06-17 10:01:15,2223.0,1825187
2021-06-17 10:01:16,2222.0,1825887
2021-06-17 10:01:16,2221.75,1826979
2021-06-17 10:01:17,2222.4,1827889
2021-06-17 10:01:18,2222.2,1827905
2021-06-17 10:01:20,2222.2,1827910
2021-06-17 10:01:21,2222.1,1827952
2021-06-17 10:01:23,2222.85,1828255
2021-06-17 10:01:24,2222.85,1828306
2021-06-17 10:01:25,2222.85,1828306
2021-06-17 10:01:26,2222.85,1828306
2021-06-17 10:01:27,2222.8,1828384
2021-06-17 10:01:28,2222.85,1828447
2021-06-17 10:01:29,2222.4,1828784
2021-06-17 10:01:30,2222.85,1828854
2021-06-17 10:01:31,2222.45,1828855
2021-06-17 10:01:32,2222.7,1828858
2021-06-17 10:01:33,2222.85,1828877
2021-06-17 10:01:34,2222.2,1829276
2021-06-17 10:01:34,2222.6,1829281
2021-06-17 10:01:35,2222.15,1829386
2021-06-17 10:01:36,2222.8,1829536
2021-06-17 10:01:38,2222.5,1829579
2021-06-17 10:01:39,2222.45,1829929
2021-06-17 10:01:40,2222.45,1829979
2021-06-17 10:01:41,2222.45,1830079
2021-06-17 10:01:42,2222.45,1830142
2021-06-17 10:01:43,2222.45,1830144
2021-06-17 10:01:43,2222.4,1830401
2021-06-17 10:01:44,2222.55,1830621
2021-06-17 10:01:46,2222.55,1830621
2021-06-17 10:01:47,2222.45,1830623
2021-06-17 10:01:49,2222.5,1830691
2021-06-17 10:01:50,2222.45,1830824
2021-06-17 10:01:51,2222.5,1830838
2021-06-17 10:01:52,2222.45,1830844
2021-06-17 10:01:53,2222.45,1830844
2021-06-17 10:01:54,2222.5,1831432
2021-06-17 10:01:55,2222.5,1831436
2021-06-17 10:01:56,2222.25,1831719
2021-06-17 10:01:56,2222.5,1831724
2021-06-17 10:01:58,2222.25,1831782
2021-06-17 10:01:59,2222.25,1831894
2021-06-17 10:02:00,2222.5,1831899
2021-06-17 10:02:01,2222.8,1832878
2021-06-17 10:02:02,2222.8,1833094
2021-06-17 10:02:03,2222.8,1833177
2021-06-17 10:02:04,2222.8,1833388
2021-06-17 10:02:04,2222.85,1833488
2021-06-17 10:02:05,2222.95,1833514
2021-06-17 10:02:07,2222.75,1833546
2021-06-17 10:02:08,2222.5,1833778
2021-06-17 10:02:09,2222.75,1833819
2021-06-17 10:02:10,2222.75,1834197
2021-06-17 10:02:10,2222.75,1834197
2021-06-17 10:02:12,2222.75,1834348
2021-06-17 10:02:13,2222.7,1834349
2021-06-17 10:02:14,2222.55,1834430
2021-06-17 10:02:15,2222.65,1834445
2021-06-17 10:02:16,2222.55,1834480
2021-06-17 10:02:16,2222.55,1834480
2021-06-17 10:02:17,2222.55,1834480
2021-06-17 10:02:18,2222.65,1834614
2021-06-17 10:02:19,2222.7,1834818
2021-06-17 10:02:21,2222.7,1834843
2021-06-17 10:02:22,2222.55,1834905
2021-06-17 10:02:23,2222.55,1834905
2021-06-17 10:02:24,2222.95,1835435
2021-06-17 10:02:25,2222.8,1835445
2021-06-17 10:02:25,2222.8,1835455
2021-06-17 10:02:27,2222.8,1835455
2021-06-17 10:02:28,2222.95,1835605
2021-06-17 10:02:29,2222.65,1835613
2021-06-17 10:02:30,2222.95,1835647
2021-06-17 10:02:31,2222.95,1835670
2021-06-17 10:02:32,2222.8,1836072
2021-06-17 10:02:33,2222.8,1836072
2021-06-17 10:02:34,2222.9,1836116
2021-06-17 10:02:35,2222.8,1836154
2021-06-17 10:02:36,2222.9,1836155
2021-06-17 10:02:37,2222.8,1836183
2021-06-17 10:02:38,2222.8,1836449
2021-06-17 10:02:38,2222.8,1836449
2021-06-17 10:02:39,2222.85,1836561
2021-06-17 10:02:40,2222.8,1836579
2021-06-17 10:02:42,2222.6,1837287
2021-06-17 10:02:43,2222.8,1837397
2021-06-17 10:02:44,2222.8,1837454
2021-06-17 10:02:45,2222.75,1837484
2021-06-17 10:02:46,2222.7,1837503
2021-06-17 10:02:47,2222.7,1837684
2021-06-17 10:02:49,2223.4,1838822
2021-06-17 10:02:50,2222.85,1838929
2021-06-17 10:02:51,2222.85,1838929
2021-06-17 10:02:52,2223.35,1838961
2021-06-17 10:02:53,2222.65,1839371
2021-06-17 10:02:54,2223.25,1839451
2021-06-17 10:02:55,2222.85,1839564
2021-06-17 10:02:56,2222.9,1839624
2021-06-17 10:02:59,2222.6,1840547
2021-06-17 10:02:58,2222.6,1840547
2021-06-17 10:03:01,2223.0,1840635
2021-06-17 10:03:02,2222.95,1840652
2021-06-17 10:03:03,2223.15,1840654
2021-06-17 10:03:04,2223.15,1840654
2021-06-17 10:03:05,2223.15,1840864
2021-06-17 10:03:06,2223.15,1840904
2021-06-17 10:03:07,2223.15,1840906
2021-06-17 10:03:09,2223.05,1840973
2021-06-17 10:03:08,2223.05,1840973
2021-06-17 10:03:10,2223.1,1840993
2021-06-17 10:03:11,2223.1,1841004
2021-06-17 10:03:12,2223.0,1841030
2021-06-17 10:03:14,2223.0,1842130
2021-06-17 10:03:13,2223.0,1842130
2021-06-17 10:03:15,2223.0,1842647
2021-06-17 10:03:16,2223.0,1842931
2021-06-17 10:03:17,2223.0,1842939
2021-06-17 10:03:18,2223.45,1842942
2021-06-17 10:03:19,2223.45,1843305
2021-06-17 10:03:20,2223.45,1843305
2021-06-17 10:03:21,2224.0,1843913
2021-06-17 10:03:22,2223.8,1844067
2021-06-17 10:03:23,2223.15,1844991
2021-06-17 10:03:24,2223.25,1845254
2021-06-17 10:03:25,2222.2,1845932
2021-06-17 10:03:26,2222.45,1846133
2021-06-17 10:03:27,2222.05,1846189
2021-06-17 10:03:28,2221.95,1848362
2021-06-17 10:03:29,2221.95,1848372
2021-06-17 10:03:30,2221.5,1848373
2021-06-17 10:03:32,2221.95,1848493
2021-06-17 10:03:33,2221.95,1848499
2021-06-17 10:03:34,2221.5,1848509
2021-06-17 10:03:35,2221.5,1848539
2021-06-17 10:03:37,2221.2,1848612
2021-06-17 10:03:36,2221.35,1848562
2021-06-17 10:03:38,2221.1,1848979
2021-06-17 10:03:40,2221.0,1849144
2021-06-17 10:03:41,2220.75,1849372
2021-06-17 10:03:42,2221.0,1849483
2021-06-17 10:03:43,2221.0,1849563
2021-06-17 10:03:44,2220.75,1849643
2021-06-17 10:03:46,2220.55,1849752
2021-06-17 10:03:47,2220.55,1849752
2021-06-17 10:03:48,2220.65,1849769
2021-06-17 10:03:49,2220.65,1849780
2021-06-17 10:03:50,2220.65,1849823
2021-06-17 10:03:51,2220.65,1849934
2021-06-17 10:03:52,2220.65,1849934
2021-06-17 10:03:53,2220.65,1849983
2021-06-17 10:03:54,2220.6,1850009
2021-06-17 10:03:55,2220.65,1850262
2021-06-17 10:03:56,2220.65,1850439
2021-06-17 10:03:57,2220.65,1850439
2021-06-17 10:03:58,2220.75,1850476
2021-06-17 10:03:59,2220.75,1850476
2021-06-17 10:04:00,2220.75,1850648
2021-06-17 10:04:01,2220.75,1850649
2021-06-17 10:04:02,2220.75,1850683
2021-06-17 10:04:03,2220.75,1850714
2021-06-17 10:04:04,2220.7,1850764
2021-06-17 10:04:05,2220.7,1850764
2021-06-17 10:04:06,2220.7,1850876
2021-06-17 10:04:07,2220.75,1850923
2021-06-17 10:04:08,2220.7,1851044
2021-06-17 10:04:09,2220.75,1851345
2021-06-17 10:04:10,2220.7,1851373
2021-06-17 10:04:11,2220.75,1851382
2021-06-17 10:04:12,2220.7,1851432
2021-06-17 10:04:13,2220.75,1851670
2021-06-17 10:04:15,2220.75,1851854
2021-06-17 10:04:16,2220.75,1851884
2021-06-17 10:04:17,2220.7,1851914
2021-06-17 10:04:18,2220.7,1851949
2021-06-17 10:04:20,2220.7,1852094
2021-06-17 10:04:21,2220.7,1852104
2021-06-17 10:04:22,2220.7,1852121
2021-06-17 10:04:23,2220.55,1854866
2021-06-17 10:04:24,2220.5,1854880
2021-06-17 10:04:26,2220.5,1854905
2021-06-17 10:04:25,2220.5,1854905
2021-06-17 10:04:27,2220.5,1854982
2021-06-17 10:04:28,2220.55,1854997
2021-06-17 10:04:29,2220.55,1855024
2021-06-17 10:04:30,2220.5,1855542
2021-06-17 10:04:31,2220.5,1855542
2021-06-17 10:04:32,2220.5,1855542
2021-06-17 10:04:33,2220.35,1855553
2021-06-17 10:04:34,2220.35,1855926
2021-06-17 10:04:35,2220.35,1856029
2021-06-17 10:04:36,2220.0,1856057
2021-06-17 10:04:37,2220.35,1856065
2021-06-17 10:04:39,2220.0,1856256
2021-06-17 10:04:40,2220.0,1856288
2021-06-17 10:04:41,2220.0,1857285
2021-06-17 10:04:43,2220.0,1857498
2021-06-17 10:04:44,2220.2,1857508
2021-06-17 10:04:45,2220.2,1857508
2021-06-17 10:04:46,2220.2,1857508
2021-06-17 10:04:47,2220.2,1857795
2021-06-17 10:04:48,2220.0,1857870
2021-06-17 10:04:49,2220.0,1857920
2021-06-17 10:04:50,2220.0,1858051
2021-06-17 10:04:51,2220.2,1858190
2021-06-17 10:04:52,2220.2,1858254
2021-06-17 10:04:53,2220.2,1858254
2021-06-17 10:04:55,2220.0,1858694
2021-06-17 10:04:57,2220.3,1858978
2021-06-17 10:04:58,2220.2,1859035
2021-06-17 10:05:00,2220.2,1859035
2021-06-17 10:05:00,2220.2,1859035
2021-06-17 10:05:01,2220.2,1859115
2021-06-17 10:05:02,2220.2,1859301
2021-06-17 10:05:03,2220.25,1859303
2021-06-17 10:05:04,2220.2,1859308
2021-06-17 10:05:05,2220.25,1859311
2021-06-17 10:05:06,2220.25,1859336
2021-06-17 10:05:07,2220.3,1859930
2021-06-17 10:05:08,2220.25,1860146
2021-06-17 10:05:09,2220.2,1860322
2021-06-17 10:05:10,2220.2,1860373
2021-06-17 10:05:11,2220.25,1860389
2021-06-17 10:05:13,2220.25,1860413
2021-06-17 10:05:13,2220.2,1860528
2021-06-17 10:05:14,2220.25,1860701
2021-06-17 10:05:15,2219.0,1863676
2021-06-17 10:05:16,2219.45,1863714
2021-06-17 10:05:18,2219.0,1864256
2021-06-17 10:05:18,2220.15,1864327
2021-06-17 10:05:19,2219.9,1864870
2021-06-17 10:05:20,2219.9,1864870
2021-06-17 10:05:21,2220.75,1866368
2021-06-17 10:05:22,2220.3,1866431
2021-06-17 10:05:23,2220.3,1866478
2021-06-17 10:05:24,2220.3,1866508
2021-06-17 10:05:26,2220.95,1866956
2021-06-17 10:05:26,2220.95,1866956
2021-06-17 10:05:27,2220.55,1867397
2021-06-17 10:05:28,2220.55,1867397
2021-06-17 10:05:30,2221.15,1867598
2021-06-17 10:05:30,2221.1,1867601
2021-06-17 10:05:32,2220.75,1867727
2021-06-17 10:05:32,2220.75,1867727
2021-06-17 10:05:33,2221.1,1867887
2021-06-17 10:05:34,2221.1,1867896
2021-06-17 10:05:35,2220.8,1867999
2021-06-17 10:05:36,2221.05,1868083
2021-06-17 10:05:38,2221.1,1868237
2021-06-17 10:05:38,2220.95,1868251
2021-06-17 10:05:39,2221.05,1868458
2021-06-17 10:05:40,2221.15,1868574
2021-06-17 10:05:41,2221.15,1868584
2021-06-17 10:05:42,2221.5,1868817
2021-06-17 10:05:43,2220.95,1868884
2021-06-17 10:05:45,2221.15,1868909
2021-06-17 10:05:45,2221.15,1868909
2021-06-17 10:05:46,2221.15,1868909
2021-06-17 10:05:47,2221.1,1868957
2021-06-17 10:05:48,2221.45,1868958
2021-06-17 10:05:49,2221.4,1869286
2021-06-17 10:05:50,2221.4,1869301
2021-06-17 10:05:52,2221.4,1869310
2021-06-17 10:05:52,2221.4,1869310
2021-06-17 10:05:54,2221.15,1869475
2021-06-17 10:05:54,2221.15,1869475
2021-06-17 10:05:55,2221.15,1869743
2021-06-17 10:05:56,2221.15,1869872
2021-06-17 10:05:59,2221.15,1870137
2021-06-17 10:05:59,2221.15,1870140
2021-06-17 10:06:00,2221.15,1870140
2021-06-17 10:06:02,2221.4,1870526
2021-06-17 10:06:03,2221.15,1870576
2021-06-17 10:06:04,2221.15,1870583
2021-06-17 10:06:06,2221.15,1870618
2021-06-17 10:06:06,2221.15,1870618
2021-06-17 10:06:07,2221.4,1870624
2021-06-17 10:06:09,2221.15,1870689
2021-06-17 10:06:10,2221.15,1870724
2021-06-17 10:06:11,2221.15,1870741
2021-06-17 10:06:12,2221.15,1870748
2021-06-17 10:06:14,2221.15,1871007
2021-06-17 10:06:14,2221.15,1871007
2021-06-17 10:06:15,2221.15,1871061
2021-06-17 10:06:16,2221.15,1871849
2021-06-17 10:06:17,2221.15,1872073
2021-06-17 10:06:18,2221.15,1872131
2021-06-17 10:06:19,2221.25,1872214
2021-06-17 10:06:21,2221.15,1872227
2021-06-17 10:06:22,2221.15,1872252
2021-06-17 10:06:23,2221.25,1872270
2021-06-17 10:06:24,2221.25,1872278
2021-06-17 10:06:26,2221.15,1872280
2021-06-17 10:06:27,2221.15,1872290
2021-06-17 10:06:27,2221.25,1872310
2021-06-17 10:06:28,2221.25,1872536
2021-06-17 10:06:29,2221.25,1872540
2021-06-17 10:06:30,2221.0,1872657
2021-06-17 10:06:31,2221.15,1872668
2021-06-17 10:06:32,2221.15,1872710
2021-06-17 10:06:33,2221.25,1873170
2021-06-17 10:06:34,2221.25,1873193
2021-06-17 10:06:35,2220.95,1873311
2021-06-17 10:06:37,2221.2,1873315
2021-06-17 10:06:37,2221.25,1873314
2021-06-17 10:06:38,2221.25,1873575
2021-06-17 10:06:39,2221.35,1873899
2021-06-17 10:06:40,2221.9,1874243
2021-06-17 10:06:41,2221.6,1876753
2021-06-17 10:06:43,2220.75,1876860
2021-06-17 10:06:43,2220.75,1876860
2021-06-17 10:06:44,2221.0,1876896
2021-06-17 10:06:45,2221.0,1876896
2021-06-17 10:06:46,2221.15,1877021
2021-06-17 10:06:47,2220.75,1877213
2021-06-17 10:06:49,2221.15,1877223
2021-06-17 10:06:49,2221.15,1877223
2021-06-17 10:06:50,2220.2,1877298
2021-06-17 10:06:51,2220.75,1877403
2021-06-17 10:06:52,2220.2,1877506
2021-06-17 10:06:53,2220.0,1878380
2021-06-17 10:06:55,2220.0,1878489
2021-06-17 10:06:55,2220.0,1878487
2021-06-17 10:06:56,2219.5,1878605
2021-06-17 10:06:57,2220.0,1878787
2021-06-17 10:06:58,2220.0,1878918
2021-06-17 10:07:00,2220.75,1879249
2021-06-17 10:07:01,2219.35,1879702
2021-06-17 10:07:02,2220.0,1879711
2021-06-17 10:07:03,2220.75,1879958
2021-06-17 10:07:04,2220.75,1879958
2021-06-17 10:07:04,2220.75,1879958
2021-06-17 10:07:05,2220.05,1880337
2021-06-17 10:07:06,2220.65,1880342
2021-06-17 10:07:07,2220.75,1880346
2021-06-17 10:07:09,2220.75,1880415
2021-06-17 10:07:10,2220.55,1881022
2021-06-17 10:07:10,2221.4,1880991
2021-06-17 10:07:11,2221.4,1881058
2021-06-17 10:07:12,2221.45,1881159
2021-06-17 10:07:13,2221.4,1881286
2021-06-17 10:07:14,2221.5,1881287
2021-06-17 10:07:15,2221.4,1881360
2021-06-17 10:07:16,2221.0,1881380
2021-06-17 10:07:17,2221.5,1881451
2021-06-17 10:07:19,2221.45,1881506
2021-06-17 10:07:20,2221.0,1881910
2021-06-17 10:07:20,2221.0,1881910
2021-06-17 10:07:21,2221.15,1881913
2021-06-17 10:07:22,2221.5,1881926
2021-06-17 10:07:23,2221.5,1881982
2021-06-17 10:07:25,2221.5,1882044
2021-06-17 10:07:26,2221.4,1882107
2021-06-17 10:07:26,2221.4,1882107
2021-06-17 10:07:27,2221.5,1882393
2021-06-17 10:07:29,2221.45,1882643
2021-06-17 10:07:30,2221.5,1882874
2021-06-17 10:07:31,2221.5,1882947
2021-06-17 10:07:32,2221.5,1883215
2021-06-17 10:07:34,2221.5,1883239
2021-06-17 10:07:35,2221.45,1883443
2021-06-17 10:07:36,2221.5,1883493
2021-06-17 10:07:36,2221.5,1883495
2021-06-17 10:07:37,2221.5,1883718
2021-06-17 10:07:38,2221.5,1884817
2021-06-17 10:07:39,2221.5,1884818
2021-06-17 10:07:40,2221.5,1884830
2021-06-17 10:07:41,2221.5,1884832
2021-06-17 10:07:43,2221.5,1884955
2021-06-17 10:07:44,2221.5,1885006
2021-06-17 10:07:45,2221.5,1885111
2021-06-17 10:07:46,2221.5,1885111
2021-06-17 10:07:47,2221.45,1885114
2021-06-17 10:07:49,2221.5,1885144
2021-06-17 10:07:50,2221.5,1885169
2021-06-17 10:07:50,2221.6,1885173
2021-06-17 10:07:51,2221.6,1885173
2021-06-17 10:07:52,2221.6,1885199
2021-06-17 10:07:53,2221.5,1885260
2021-06-17 10:07:54,2221.6,1885261
2021-06-17 10:07:56,2221.5,1885276
2021-06-17 10:07:57,2221.6,1885321
2021-06-17 10:07:57,2221.6,1885321
2021-06-17 10:07:58,2221.6,1885326
2021-06-17 10:07:59,2221.6,1885338
2021-06-17 10:08:00,2221.6,1885339
2021-06-17 10:08:03,2221.6,1885407
2021-06-17 10:08:03,2221.5,1885412
2021-06-17 10:08:04,2221.6,1885497
2021-06-17 10:08:05,2221.5,1885541
2021-06-17 10:08:06,2221.6,1885560
2021-06-17 10:08:09,2221.5,1886215
2021-06-17 10:08:08,2221.5,1885917
2021-06-17 10:08:10,2221.55,1886225
2021-06-17 10:08:10,2221.55,1886225
2021-06-17 10:08:11,2221.55,1886236
2021-06-17 10:08:12,2221.55,1886289
2021-06-17 10:08:13,2221.55,1886587
2021-06-17 10:08:14,2221.55,1886592
2021-06-17 10:08:16,2221.5,1886748
2021-06-17 10:08:17,2221.55,1886869
2021-06-17 10:08:18,2221.55,1886880
2021-06-17 10:08:19,2220.6,1887414
2021-06-17 10:08:20,2220.6,1887470
2021-06-17 10:08:21,2221.4,1887471
2021-06-17 10:08:22,2221.5,1887573
2021-06-17 10:08:24,2221.25,1887597
2021-06-17 10:08:25,2221.4,1887622
2021-06-17 10:08:27,2221.4,1887623
2021-06-17 10:08:28,2221.4,1887623
2021-06-17 10:08:29,2221.4,1887624
2021-06-17 10:08:30,2221.4,1887628
2021-06-17 10:08:30,2221.25,1887630
2021-06-17 10:08:31,2221.25,1887651
2021-06-17 10:08:32,2221.25,1887682
2021-06-17 10:08:33,2221.25,1887828
2021-06-17 10:08:34,2221.25,1887847
2021-06-17 10:08:36,2221.4,1888068
2021-06-17 10:08:37,2221.4,1888078
2021-06-17 10:08:38,2221.3,1888158
2021-06-17 10:08:39,2221.3,1888158
2021-06-17 10:08:40,2221.35,1888163
2021-06-17 10:08:40,2221.3,1888161
2021-06-17 10:08:41,2221.35,1888163
2021-06-17 10:08:42,2221.3,1888653
2021-06-17 10:08:43,2221.3,1888840
2021-06-17 10:08:45,2221.4,1889028
2021-06-17 10:08:46,2221.4,1889240
2021-06-17 10:08:46,2221.4,1889240
2021-06-17 10:08:47,2221.35,1889260
2021-06-17 10:08:48,2221.4,1890247
2021-06-17 10:08:49,2221.4,1890283
2021-06-17 10:08:52,2221.5,1890391
2021-06-17 10:08:53,2221.7,1890737
2021-06-17 10:08:54,2222.3,1890744
2021-06-17 10:08:54,2222.25,1890800
2021-06-17 10:08:55,2222.25,1890800
2021-06-17 10:08:56,2222.0,1891304
2021-06-17 10:08:58,2222.35,1891306
2021-06-17 10:08:59,2222.35,1891380
2021-06-17 10:08:59,2222.35,1891380
2021-06-17 10:09:00,2222.35,1891481
2021-06-17 10:09:01,2222.0,1891486
2021-06-17 10:09:04,2221.65,1891939
2021-06-17 10:09:05,2221.45,1892004
2021-06-17 10:09:06,2222.0,1892011
2021-06-17 10:09:07,2222.0,1892014
2021-06-17 10:09:07,2222.25,1892015
2021-06-17 10:09:08,2222.0,1892027
2021-06-17 10:09:09,2221.95,1892119
2021-06-17 10:09:10,2221.95,1892119
2021-06-17 10:09:11,2221.5,1892224
2021-06-17 10:09:13,2221.85,1892226
2021-06-17 10:09:14,2221.5,1892513
2021-06-17 10:09:15,2221.5,1892776
2021-06-17 10:09:16,2221.5,1892787
2021-06-17 10:09:16,2221.5,1892787
2021-06-17 10:09:17,2221.8,1892882
2021-06-17 10:09:18,2221.8,1892888
2021-06-17 10:09:19,2221.8,1892889
2021-06-17 10:09:20,2221.45,1893737
2021-06-17 10:09:21,2221.8,1893739
2021-06-17 10:09:23,2221.8,1893748
2021-06-17 10:09:24,2221.4,1893880
2021-06-17 10:09:25,2221.15,1894059
2021-06-17 10:09:26,2221.75,1894112
2021-06-17 10:09:27,2221.75,1894187
2021-06-17 10:09:27,2221.75,1894187
2021-06-17 10:09:28,2221.75,1894214
2021-06-17 10:09:29,2221.15,1894264
2021-06-17 10:09:30,2221.15,1894264
2021-06-17 10:09:31,2221.15,1894329
2021-06-17 10:09:33,2221.15,1894345
2021-06-17 10:09:34,2221.4,1894535
2021-06-17 10:09:35,2221.55,1894540
2021-06-17 10:09:35,2221.55,1894540
2021-06-17 10:09:36,2221.55,1894562
2021-06-17 10:09:37,2221.4,1894612
2021-06-17 10:09:39,2221.5,1894752
2021-06-17 10:09:40,2221.5,1894755
2021-06-17 10:09:41,2221.5,1894783
2021-06-17 10:09:42,2221.5,1894788
2021-06-17 10:09:42,2221.5,1894788
2021-06-17 10:09:43,2221.5,1895090
2021-06-17 10:09:45,2221.5,1895132
2021-06-17 10:09:46,2221.4,1895140
2021-06-17 10:09:47,2221.35,1895155
2021-06-17 10:09:48,2221.4,1895192
2021-06-17 10:09:49,2221.4,1895194
2021-06-17 10:09:49,2221.4,1895194
2021-06-17 10:09:50,2221.2,1896566
2021-06-17 10:09:52,2221.25,1896977
2021-06-17 10:09:53,2221.25,1896977
2021-06-17 10:09:54,2221.25,1896977
2021-06-17 10:09:55,2221.25,1897009
2021-06-17 10:09:58,2221.25,1897037
2021-06-17 10:09:59,2221.25,1897115
2021-06-17 10:10:00,2221.25,1897115
2021-06-17 10:10:01,2220.6,1897602
2021-06-17 10:10:02,2221.2,1897609
2021-06-17 10:10:03,2221.25,1897639
2021-06-17 10:10:04,2221.25,1897647
2021-06-17 10:10:04,2221.25,1897648
2021-06-17 10:10:05,2221.4,1898267
2021-06-17 10:10:06,2221.4,1898300
2021-06-17 10:10:07,2221.4,1898300
2021-06-17 10:10:08,2221.4,1898370
2021-06-17 10:10:12,2221.25,1898906
2021-06-17 10:10:13,2221.25,1898908
2021-06-17 10:10:13,2221.25,1898918
2021-06-17 10:10:14,2221.25,1898931
2021-06-17 10:10:16,2221.25,1898932
2021-06-17 10:10:17,2221.25,1898943
2021-06-17 10:10:18,2221.4,1898955
2021-06-17 10:10:19,2221.25,1899036
2021-06-17 10:10:20,2221.4,1899109
2021-06-17 10:10:21,2221.3,1899257
2021-06-17 10:10:22,2221.35,1899265
2021-06-17 10:10:22,2221.35,1899265
2021-06-17 10:10:23,2221.35,1899320
2021-06-17 10:10:24,2221.35,1899341
2021-06-17 10:10:27,2220.8,1900375
2021-06-17 10:10:28,2220.55,1900492
2021-06-17 10:10:29,2220.8,1901023
2021-06-17 10:10:30,2220.85,1901045
2021-06-17 10:10:31,2220.85,1901045
2021-06-17 10:10:32,2220.85,1901101
2021-06-17 10:10:32,2220.3,1901070
2021-06-17 10:10:33,2220.85,1901101
2021-06-17 10:10:34,2220.0,1901302
2021-06-17 10:10:35,2220.75,1901457
2021-06-17 10:10:36,2220.75,1901458
2021-06-17 10:10:38,2220.6,1901534
2021-06-17 10:10:39,2220.6,1901551
2021-06-17 10:10:40,2220.6,1901555
2021-06-17 10:10:43,2220.6,1901607
2021-06-17 10:10:44,2220.6,1901849
2021-06-17 10:10:44,2220.6,1901849
2021-06-17 10:10:45,2220.0,1901909
2021-06-17 10:10:47,2220.0,1901966
2021-06-17 10:10:48,2220.6,1901977
2021-06-17 10:10:49,2220.55,1902002
2021-06-17 10:10:49,2220.55,1902002
2021-06-17 10:10:51,2220.0,1902004
2021-06-17 10:10:52,2220.55,1902011
2021-06-17 10:10:53,2220.55,1902033
2021-06-17 10:10:54,2220.4,1902036
2021-06-17 10:10:55,2220.15,1902055
2021-06-17 10:10:55,2220.15,1902055
2021-06-17 10:10:56,2220.1,1902184
2021-06-17 10:10:58,2220.1,1902212
2021-06-17 10:10:59,2220.15,1902312
2021-06-17 10:11:01,2220.15,1902348
2021-06-17 10:11:02,2220.1,1902480
2021-06-17 10:11:03,2220.1,1902497
2021-06-17 10:11:04,2220.1,1902575
2021-06-17 10:11:04,2220.1,1902575
2021-06-17 10:11:05,2220.1,1902647
2021-06-17 10:11:06,2220.15,1902758
2021-06-17 10:11:08,2220.1,1902842
2021-06-17 10:11:10,2220.1,1903989
2021-06-17 10:11:10,2220.1,1903997
2021-06-17 10:11:12,2220.15,1904123
2021-06-17 10:11:13,2219.85,1905543
2021-06-17 10:11:14,2220.1,1905627
2021-06-17 10:11:15,2219.85,1905656
2021-06-17 10:11:16,2219.55,1905660
2021-06-17 10:11:17,2220.05,1905810
2021-06-17 10:11:17,2220.05,1905812
2021-06-17 10:11:18,2220.0,1905814
2021-06-17 10:11:20,2219.95,1905815
2021-06-17 10:11:21,2219.55,1905951
2021-06-17 10:11:22,2219.35,1906059
2021-06-17 10:11:23,2219.35,1906063
2021-06-17 10:11:24,2219.6,1906064
2021-06-17 10:11:25,2219.6,1906204
2021-06-17 10:11:25,2219.6,1906204
2021-06-17 10:11:27,2219.6,1906234
2021-06-17 10:11:28,2219.6,1906349
