timestamp,ltp,volume
2021-06-17 09:20:35,988.15,33060
2021-06-17 09:20:41,988.35,33197
2021-06-17 09:20:54,988.75,33419
2021-06-17 09:21:06,988.7,33555
2021-06-17 09:21:12,987.35,34109
2021-06-17 09:21:25,987.45,34350
2021-06-17 09:21:31,987.45,34377
2021-06-17 09:21:37,987.3,34388
2021-06-17 09:21:42,987.05,34488
2021-06-17 09:21:43,987.2,34533
2021-06-17 09:21:44,987.2,34533
2021-06-17 09:21:45,987.2,34538
2021-06-17 09:21:46,987.5,34568
2021-06-17 09:21:47,987.5,34575
2021-06-17 09:21:48,987.35,34617
2021-06-17 09:21:49,987.9,34624
2021-06-17 09:21:50,987.9,34644
2021-06-17 09:21:51,987.9,34644
2021-06-17 09:21:52,987.9,34644
2021-06-17 09:21:53,987.9,34644
2021-06-17 09:21:54,987.9,34644
2021-06-17 09:21:56,987.75,34694
2021-06-17 09:21:57,987.05,34764
2021-06-17 09:21:58,987.05,34764
2021-06-17 09:21:59,987.05,34764
2021-06-17 09:22:00,987.05,34764
2021-06-17 09:22:01,987.4,34839
2021-06-17 09:22:03,987.4,34839
2021-06-17 09:22:02,987.4,34839
2021-06-17 09:22:04,987.05,34884
2021-06-17 09:22:05,987.05,34884
2021-06-17 09:22:06,987.05,34884
2021-06-17 09:22:07,987.05,34884
2021-06-17 09:22:08,987.4,34891
2021-06-17 09:22:09,987.45,34941
2021-06-17 09:22:10,987.45,34941
2021-06-17 09:22:11,987.45,34941
2021-06-17 09:22:12,987.5,34951
2021-06-17 09:22:14,987.5,34951
2021-06-17 09:22:15,987.5,34951
2021-06-17 09:22:16,987.5,34951
2021-06-17 09:22:17,987.5,34951
2021-06-17 09:22:18,987.85,34956
2021-06-17 09:22:19,987.85,34956
2021-06-17 09:22:20,987.85,34956
2021-06-17 09:22:21,987.85,34957
2021-06-17 09:22:22,987.9,34971
2021-06-17 09:22:23,987.45,35016
2021-06-17 09:22:24,987.45,35016
2021-06-17 09:22:25,987.45,35016
2021-06-17 09:22:26,987.45,35016
2021-06-17 09:22:27,987.45,35016
2021-06-17 09:22:28,987.45,35141
2021-06-17 09:22:29,987.9,35146
2021-06-17 09:22:30,987.95,35165
2021-06-17 09:22:31,987.95,35165
2021-06-17 09:22:32,987.95,35165
2021-06-17 09:22:33,987.95,35165
2021-06-17 09:22:34,987.95,35165
2021-06-17 09:22:35,987.95,35165
2021-06-17 09:22:36,987.95,35165
2021-06-17 09:22:37,987.95,35165
2021-06-17 09:22:38,987.95,35225
2021-06-17 09:22:39,987.95,35240
2021-06-17 09:22:40,988.5,35481
2021-06-17 09:22:41,988.5,35481
2021-06-17 09:22:42,988.45,35527
2021-06-17 09:22:43,988.05,35582
2021-06-17 09:22:44,988.05,35585
2021-06-17 09:22:45,988.05,35585
2021-06-17 09:22:46,988.5,35604
2021-06-17 09:22:48,988.05,35631
2021-06-17 09:22:49,988.5,35632
2021-06-17 09:22:50,988.5,35632
2021-06-17 09:22:52,988.5,35632
2021-06-17 09:22:53,988.5,35632
2021-06-17 09:22:54,988.5,35832
2021-06-17 09:22:55,988.5,35832
2021-06-17 09:22:56,988.5,35832
2021-06-17 09:22:58,988.45,35849
2021-06-17 09:22:59,988.4,35869
2021-06-17 09:22:59,988.4,35869
2021-06-17 09:23:00,988.45,35997
2021-06-17 09:23:01,988.45,35997
2021-06-17 09:23:02,987.95,36042
2021-06-17 09:23:03,988.4,36088
2021-06-17 09:23:04,988.4,36088
2021-06-17 09:23:05,988.45,36089
2021-06-17 09:23:06,988.45,36089
2021-06-17 09:23:07,988.45,36089
2021-06-17 09:23:12,988.45,36089
2021-06-17 09:23:12,988.45,36089
2021-06-17 09:23:13,988.5,36099
2021-06-17 09:23:14,988.5,36105
2021-06-17 09:23:15,988.5,36108
2021-06-17 09:23:16,988.5,36108
2021-06-17 09:23:18,988.5,36108
2021-06-17 09:23:19,988.0,36158
2021-06-17 09:23:20,988.5,36326
2021-06-17 09:23:22,988.5,36343
2021-06-17 09:23:23,988.5,36343
2021-06-17 09:23:24,988.0,36388
2021-06-17 09:23:27,988.5,36394
2021-06-17 09:23:31,988.5,36495
2021-06-17 09:23:31,988.5,36495
2021-06-17 09:23:32,988.5,36495
2021-06-17 09:23:33,988.75,37223
2021-06-17 09:23:35,988.5,37430
2021-06-17 09:23:34,989.0,37230
2021-06-17 09:23:36,988.5,37430
2021-06-17 09:23:37,989.55,37705
2021-06-17 09:23:38,989.65,37851
2021-06-17 09:23:39,989.7,37871
2021-06-17 09:23:40,989.7,37871
2021-06-17 09:23:41,990.0,37873
2021-06-17 09:23:42,990.4,37991
2021-06-17 09:23:43,990.35,38064
2021-06-17 09:23:44,990.5,38071
2021-06-17 09:23:45,990.5,38101
2021-06-17 09:23:46,990.5,38108
2021-06-17 09:23:47,990.35,38181
2021-06-17 09:23:48,990.5,38481
2021-06-17 09:23:49,990.05,38501
2021-06-17 09:23:51,990.05,38501
2021-06-17 09:23:52,990.5,38601
2021-06-17 09:23:52,990.5,38601
2021-06-17 09:23:53,990.5,38601
2021-06-17 09:23:54,990.45,38628
2021-06-17 09:23:55,990.45,38629
2021-06-17 09:23:56,990.5,38652
2021-06-17 09:23:57,990.05,38690
2021-06-17 09:23:58,990.05,38690
2021-06-17 09:23:59,990.15,38711
2021-06-17 09:24:02,990.15,38733
2021-06-17 09:24:03,990.05,38783
2021-06-17 09:24:04,990.45,39828
2021-06-17 09:24:04,990.45,39828
2021-06-17 09:24:05,990.3,40128
2021-06-17 09:24:06,990.35,40134
2021-06-17 09:24:07,990.0,40175
2021-06-17 09:24:08,990.0,40175
2021-06-17 09:24:09,990.4,40185
2021-06-17 09:24:10,990.45,40340
2021-06-17 09:24:11,990.45,40364
2021-06-17 09:24:12,990.45,40414
2021-06-17 09:24:13,990.0,40532
2021-06-17 09:24:14,990.25,40620
2021-06-17 09:24:15,990.25,40620
2021-06-17 09:24:16,990.25,40620
2021-06-17 09:24:19,990.25,40625
2021-06-17 09:24:19,990.25,40620
2021-06-17 09:24:20,990.25,40625
2021-06-17 09:24:21,990.25,40625
2021-06-17 09:24:22,990.25,40625
2021-06-17 09:24:23,990.0,40691
2021-06-17 09:24:25,990.0,40691
2021-06-17 09:24:26,990.25,40715
2021-06-17 09:24:27,990.25,40715
2021-06-17 09:24:29,989.65,40729
2021-06-17 09:24:29,990.0,40779
2021-06-17 09:24:30,990.0,40784
2021-06-17 09:24:31,989.6,40854
2021-06-17 09:24:32,989.95,40861
2021-06-17 09:24:33,989.95,40861
2021-06-17 09:24:34,989.45,40874
2021-06-17 09:24:35,989.45,40874
2021-06-17 09:24:36,989.5,40888
2021-06-17 09:24:37,989.5,40888
2021-06-17 09:24:38,989.5,40888
2021-06-17 09:24:39,989.5,40888
2021-06-17 09:24:40,989.5,40888
2021-06-17 09:24:42,990.35,41388
2021-06-17 09:24:42,990.35,41388
2021-06-17 09:24:43,990.05,41434
2021-06-17 09:24:44,990.05,41434
2021-06-17 09:24:45,990.45,41475
2021-06-17 09:24:46,990.45,41475
2021-06-17 09:24:47,990.0,41521
2021-06-17 09:24:48,990.5,41528
2021-06-17 09:24:49,990.6,41544
2021-06-17 09:24:50,990.6,41544
2021-06-17 09:24:51,990.6,41544
2021-06-17 09:24:52,990.6,41544
2021-06-17 09:24:53,990.6,41544
2021-06-17 09:24:54,990.6,41544
2021-06-17 09:24:55,990.6,41544
2021-06-17 09:24:56,990.6,41544
2021-06-17 09:24:57,990.2,41557
2021-06-17 09:24:58,990.2,41557
2021-06-17 09:25:00,990.2,41571
2021-06-17 09:25:00,990.2,41571
2021-06-17 09:25:01,990.55,41576
2021-06-17 09:25:02,990.2,41599
2021-06-17 09:25:03,989.7,41720
2021-06-17 09:25:04,990.2,41783
2021-06-17 09:25:05,989.4,42068
2021-06-17 09:25:06,989.45,42098
2021-06-17 09:25:07,989.45,42098
2021-06-17 09:25:08,990.15,42118
2021-06-17 09:25:09,990.1,42130
2021-06-17 09:25:10,990.2,42230
2021-06-17 09:25:11,990.2,42230
2021-06-17 09:25:12,990.2,42230
2021-06-17 09:25:13,990.2,42289
2021-06-17 09:25:14,989.9,42303
2021-06-17 09:25:15,990.2,42320
2021-06-17 09:25:16,989.9,42333
2021-06-17 09:25:19,989.9,42333
2021-06-17 09:25:20,989.9,42333
2021-06-17 09:25:21,989.9,42347
2021-06-17 09:25:22,989.9,42372
2021-06-17 09:25:24,990.15,42422
2021-06-17 09:25:25,990.15,42422
2021-06-17 09:25:26,990.15,42422
2021-06-17 09:25:27,990.15,42578
2021-06-17 09:25:28,989.75,42591
2021-06-17 09:25:29,989.5,42604
2021-06-17 09:25:30,989.95,42622
2021-06-17 09:25:31,989.95,42626
2021-06-17 09:25:32,989.5,42665
2021-06-17 09:25:33,989.5,42665
2021-06-17 09:25:34,990.0,42866
2021-06-17 09:25:35,990.2,43287
2021-06-17 09:25:36,989.75,43352
2021-06-17 09:25:37,990.2,43388
2021-06-17 09:25:38,990.2,43388
2021-06-17 09:25:39,990.2,43388
2021-06-17 09:25:40,990.2,43388
2021-06-17 09:25:41,990.75,43646
2021-06-17 09:25:42,990.75,43646
2021-06-17 09:25:43,990.2,43691
2021-06-17 09:25:44,990.2,43691
2021-06-17 09:25:45,990.75,43787
2021-06-17 09:25:47,990.75,43787
2021-06-17 09:25:48,990.65,43812
2021-06-17 09:25:49,990.2,43818
2021-06-17 09:25:50,990.65,43825
2021-06-17 09:25:51,990.7,43876
2021-06-17 09:25:52,990.2,43878
2021-06-17 09:25:53,990.2,43878
2021-06-17 09:25:54,990.2,43885
2021-06-17 09:25:56,990.2,43885
2021-06-17 09:25:56,990.2,43892
2021-06-17 09:25:57,990.2,43939
2021-06-17 09:25:59,990.2,43949
2021-06-17 09:26:00,990.2,43949
2021-06-17 09:26:01,990.55,43976
2021-06-17 09:26:02,990.2,43998
2021-06-17 09:26:02,990.2,43998
2021-06-17 09:26:03,990.0,44050
2021-06-17 09:26:04,989.95,44149
2021-06-17 09:26:06,989.95,44189
2021-06-17 09:26:06,989.95,44189
2021-06-17 09:26:08,989.4,44211
2021-06-17 09:26:08,989.4,44211
2021-06-17 09:26:10,989.9,44218
2021-06-17 09:26:11,989.9,44218
2021-06-17 09:26:12,989.4,44225
2021-06-17 09:26:13,989.4,44232
2021-06-17 09:26:14,989.4,44232
2021-06-17 09:26:15,989.5,44233
2021-06-17 09:26:15,989.4,44232
2021-06-17 09:26:16,989.9,44300
2021-06-17 09:26:17,989.9,44300
2021-06-17 09:26:18,989.9,44300
2021-06-17 09:26:19,989.45,44312
2021-06-17 09:26:20,989.45,44312
2021-06-17 09:26:21,989.45,44312
2021-06-17 09:26:22,989.45,44312
2021-06-17 09:26:23,989.45,44357
2021-06-17 09:26:24,989.45,44357
2021-06-17 09:26:25,990.0,44526
2021-06-17 09:26:26,990.2,45026
2021-06-17 09:26:28,990.2,45064
2021-06-17 09:26:29,990.5,45097
2021-06-17 09:26:30,990.75,45597
2021-06-17 09:26:31,990.65,45687
2021-06-17 09:26:31,990.4,45702
2021-06-17 09:26:33,990.5,45788
2021-06-17 09:26:33,990.95,45781
2021-06-17 09:26:34,991.0,45862
2021-06-17 09:26:35,990.5,45869
2021-06-17 09:26:36,990.5,45876
2021-06-17 09:26:37,991.0,45892
2021-06-17 09:26:38,990.5,46018
2021-06-17 09:26:39,990.5,46018
2021-06-17 09:26:41,990.5,46053
2021-06-17 09:26:42,990.5,46116
2021-06-17 09:26:46,990.0,46168
2021-06-17 09:26:52,989.85,46292
2021-06-17 09:26:58,990.0,46407
2021-06-17 09:27:04,990.45,46505
2021-06-17 09:27:10,990.0,46519
2021-06-17 09:27:16,990.05,46546
2021-06-17 09:27:22,990.0,46613
2021-06-17 09:27:28,990.2,46664
2021-06-17 09:27:33,990.2,46678
2021-06-17 09:27:39,990.2,46705
2021-06-17 09:27:45,990.0,46852
2021-06-17 09:27:51,990.2,46906
2021-06-17 09:27:57,990.4,46948
2021-06-17 09:28:03,990.2,47468
2021-06-17 09:28:09,990.35,47610
2021-06-17 09:28:15,990.35,47610
2021-06-17 09:28:20,989.75,47687
2021-06-17 09:28:26,989.9,47769
2021-06-17 09:28:32,989.7,48231
2021-06-17 09:28:37,989.9,48324
2021-06-17 09:28:43,989.9,48436
2021-06-17 09:28:49,989.85,48455
2021-06-17 09:28:54,989.9,48521
2021-06-17 09:29:00,989.8,48555
2021-06-17 09:29:06,990.0,48687
2021-06-17 09:29:11,990.25,48731
2021-06-17 09:29:17,990.45,48739
2021-06-17 09:29:22,990.45,48739
2021-06-17 09:29:28,990.5,48866
2021-06-17 09:29:34,990.45,48874
2021-06-17 09:29:40,991.0,49074
2021-06-17 09:29:45,990.1,49159
2021-06-17 09:29:51,990.3,49198
2021-06-17 09:29:57,990.15,49233
2021-06-17 09:30:03,990.1,49286
2021-06-17 09:30:09,990.05,49313
2021-06-17 09:30:15,990.1,49383
2021-06-17 09:30:21,990.6,49432
2021-06-17 09:30:27,990.5,49485
2021-06-17 09:30:32,990.45,49505
2021-06-17 09:30:38,990.45,49505
2021-06-17 09:30:50,990.0,49614
2021-06-17 09:30:56,990.45,49714
2021-06-17 09:31:08,990.55,50023
2021-06-17 09:31:13,990.6,50122
2021-06-17 09:31:19,990.0,50706
2021-06-17 09:31:25,990.35,50906
2021-06-17 09:31:31,990.1,51091
2021-06-17 09:31:36,990.35,51139
2021-06-17 09:31:42,990.1,51259
2021-06-17 09:31:48,990.35,51536
2021-06-17 09:31:54,990.95,51659
2021-06-17 09:32:00,990.5,51774
2021-06-17 09:32:06,990.5,51889
2021-06-17 09:32:12,990.95,51913
2021-06-17 09:32:18,990.5,52233
2021-06-17 09:32:24,990.5,52333
2021-06-17 09:32:29,990.95,52348
2021-06-17 09:32:35,990.85,52357
2021-06-17 09:32:41,990.55,52454
2021-06-17 09:32:47,990.85,52697
2021-06-17 09:32:53,990.6,52918
2021-06-17 09:32:59,990.4,52966
2021-06-17 09:33:04,990.4,53232
2021-06-17 09:33:10,990.3,53272
2021-06-17 09:33:16,990.8,53535
2021-06-17 09:33:22,990.85,53612
2021-06-17 09:33:27,990.85,53717
2021-06-17 09:33:33,990.05,53809
2021-06-17 09:33:39,990.0,54061
2021-06-17 09:33:45,990.45,54172
2021-06-17 09:33:50,990.0,56495
2021-06-17 09:34:02,990.45,57037
2021-06-17 09:34:07,990.5,57144
2021-06-17 09:34:13,990.1,57284
2021-06-17 09:34:19,990.4,57325
2021-06-17 09:34:24,990.1,57418
2021-06-17 09:34:30,990.45,57444
2021-06-17 09:34:36,990.45,57457
2021-06-17 09:34:41,990.15,57577
2021-06-17 09:34:47,990.45,57679
2021-06-17 09:34:52,990.15,57787
2021-06-17 09:34:58,990.5,57925
2021-06-17 09:35:03,990.0,58362
2021-06-17 09:35:09,990.4,58434
2021-06-17 09:35:15,990.4,58455
2021-06-17 09:35:20,990.0,58540
2021-06-17 09:35:25,990.0,58673
2021-06-17 09:35:31,990.25,58747
2021-06-17 09:35:37,990.0,59643
2021-06-17 09:35:43,990.35,59747
2021-06-17 09:35:48,990.4,59785
2021-06-17 09:35:54,990.5,59944
2021-06-17 09:36:00,990.0,60021
2021-06-17 09:36:05,990.0,60203
2021-06-17 09:36:11,990.0,60410
2021-06-17 09:36:17,990.05,60446
2021-06-17 09:36:23,990.0,60469
2021-06-17 09:36:28,990.0,60543
2021-06-17 09:36:34,990.0,60739
2021-06-17 09:36:39,990.0,60890
2021-06-17 09:36:45,990.35,61027
2021-06-17 09:36:50,990.4,61153
2021-06-17 09:36:56,990.4,61153
2021-06-17 09:37:02,990.45,61182
2021-06-17 09:37:07,990.4,61246
2021-06-17 09:37:18,990.75,61327
2021-06-17 09:37:23,990.75,61444
2021-06-17 09:37:29,990.25,61661
2021-06-17 09:37:34,990.75,61713
2021-06-17 09:37:39,990.0,61816
2021-06-17 09:37:45,990.0,63191
2021-06-17 09:37:50,990.0,63335
2021-06-17 09:37:56,990.1,63453
2021-06-17 09:38:01,990.5,63532
2021-06-17 09:38:06,990.0,63620
2021-06-17 09:38:12,990.45,63698
2021-06-17 09:38:18,990.45,63725
2021-06-17 09:38:23,990.0,63867
2021-06-17 09:38:34,990.4,63931
2021-06-17 09:38:39,990.45,63938
2021-06-17 09:38:45,990.0,63983
2021-06-17 09:38:50,990.3,63990
2021-06-17 09:38:56,990.35,64028
2021-06-17 09:39:02,990.3,64334
2021-06-17 09:39:07,990.3,64404
2021-06-17 09:39:13,990.3,64430
2021-06-17 09:39:19,990.3,64480
2021-06-17 09:39:24,990.7,64550
2021-06-17 09:39:29,990.75,64574
2021-06-17 09:39:35,990.75,64581
2021-06-17 09:39:40,990.75,64657
2021-06-17 09:39:46,990.4,64709
2021-06-17 09:39:51,990.3,64895
2021-06-17 09:39:58,990.5,64926
2021-06-17 09:40:03,990.4,64934
2021-06-17 09:40:09,990.0,64939
2021-06-17 09:40:15,990.0,64960
2021-06-17 09:40:27,990.5,65470
2021-06-17 09:40:33,990.0,65506
2021-06-17 09:40:38,990.0,65509
2021-06-17 09:40:44,990.0,65583
2021-06-17 09:40:50,987.45,73264
2021-06-17 09:40:57,988.65,74871
2021-06-17 09:41:03,988.15,75392
2021-06-17 09:41:09,988.6,75805
2021-06-17 09:41:14,988.25,75911
2021-06-17 09:41:20,988.6,75932
2021-06-17 09:41:26,988.8,76378
2021-06-17 09:41:32,988.6,76475
2021-06-17 09:41:38,988.6,76996
2021-06-17 09:41:42,988.6,77072
2021-06-17 09:41:43,989.0,77128
2021-06-17 09:41:44,989.0,77131
2021-06-17 09:41:45,989.0,77131
2021-06-17 09:41:46,989.0,77131
2021-06-17 09:41:47,989.05,77181
2021-06-17 09:41:48,989.05,77181
2021-06-17 09:41:49,988.6,77183
2021-06-17 09:41:50,988.6,77183
2021-06-17 09:41:51,988.6,77183
2021-06-17 09:41:53,989.0,77193
2021-06-17 09:41:54,989.0,77193
2021-06-17 09:41:55,989.2,77330
2021-06-17 09:41:56,989.2,77330
2021-06-17 09:41:58,989.2,77356
2021-06-17 09:41:59,988.75,77362
2021-06-17 09:42:00,988.7,77364
2021-06-17 09:42:01,988.95,77368
2021-06-17 09:42:02,989.0,77388
2021-06-17 09:42:03,989.0,77435
2021-06-17 09:42:04,989.0,77445
2021-06-17 09:42:05,989.1,77470
2021-06-17 09:42:07,989.1,77470
2021-06-17 09:42:08,989.1,77535
2021-06-17 09:42:09,989.1,77535
2021-06-17 09:42:10,989.1,77535
2021-06-17 09:42:11,989.1,77535
2021-06-17 09:42:12,988.95,77537
2021-06-17 09:42:13,989.0,77569
2021-06-17 09:42:14,988.75,77582
2021-06-17 09:42:15,988.75,77582
2021-06-17 09:42:16,988.75,77582
2021-06-17 09:42:17,988.75,77582
2021-06-17 09:42:18,989.0,77622
2021-06-17 09:42:19,989.0,77622
2021-06-17 09:42:20,989.0,77622
2021-06-17 09:42:21,988.75,77688
2021-06-17 09:42:22,988.75,77688
2021-06-17 09:42:23,988.8,77733
2021-06-17 09:42:24,988.8,77786
2021-06-17 09:42:25,988.8,77786
2021-06-17 09:42:26,989.0,77788
2021-06-17 09:42:28,989.0,77789
2021-06-17 09:42:31,989.0,77789
2021-06-17 09:42:32,989.0,77790
2021-06-17 09:42:33,989.0,77802
2021-06-17 09:42:34,989.0,77802
2021-06-17 09:42:36,989.0,77827
2021-06-17 09:42:37,989.0,77827
2021-06-17 09:42:38,989.0,77828
2021-06-17 09:42:39,989.0,77828
2021-06-17 09:42:41,989.0,77842
2021-06-17 09:42:44,989.0,77897
2021-06-17 09:42:45,989.0,77897
2021-06-17 09:42:46,988.75,77947
2021-06-17 09:42:47,988.8,77948
2021-06-17 09:42:48,988.8,77948
2021-06-17 09:42:50,989.0,78983
2021-06-17 09:42:51,989.0,78983
2021-06-17 09:42:53,988.9,79126
2021-06-17 09:42:54,989.25,79143
2021-06-17 09:42:55,989.25,79143
2021-06-17 09:42:56,989.25,79143
2021-06-17 09:42:57,989.3,79173
2021-06-17 09:42:58,988.9,79221
2021-06-17 09:42:59,988.9,79221
2021-06-17 09:43:00,989.25,79226
2021-06-17 09:43:01,989.25,79226
2021-06-17 09:43:02,989.25,79226
2021-06-17 09:43:03,989.25,79226
2021-06-17 09:43:04,988.9,79272
2021-06-17 09:43:05,989.0,79273
2021-06-17 09:43:06,989.0,79273
2021-06-17 09:43:07,989.0,79273
2021-06-17 09:43:08,988.9,79287
2021-06-17 09:43:09,988.9,79287
2021-06-17 09:43:10,988.9,79368
2021-06-17 09:43:11,988.9,79368
2021-06-17 09:43:12,988.9,79368
2021-06-17 09:43:13,988.75,79381
2021-06-17 09:43:14,988.75,79381
2021-06-17 09:43:15,988.75,79409
2021-06-17 09:43:16,988.75,79409
2021-06-17 09:43:17,988.6,79790
2021-06-17 09:43:18,988.75,79832
2021-06-17 09:43:19,988.35,79845
2021-06-17 09:43:20,988.35,79866
2021-06-17 09:43:21,988.3,79949
2021-06-17 09:43:22,988.3,79949
2021-06-17 09:43:23,988.35,80023
2021-06-17 09:43:24,988.65,80036
2021-06-17 09:43:25,988.35,80060
2021-06-17 09:43:26,988.75,80080
2021-06-17 09:43:28,988.35,80087
2021-06-17 09:43:29,988.35,80087
2021-06-17 09:43:30,988.35,80102
2021-06-17 09:43:31,988.75,80106
2021-06-17 09:43:32,988.35,80112
2021-06-17 09:43:33,988.5,80116
2021-06-17 09:43:35,988.5,80116
2021-06-17 09:43:36,988.5,80116
2021-06-17 09:43:38,988.7,80128
2021-06-17 09:43:37,988.65,80118
2021-06-17 09:43:39,988.0,80548
2021-06-17 09:43:40,988.0,80548
2021-06-17 09:43:41,988.35,80584
2021-06-17 09:43:42,988.35,80630
2021-06-17 09:43:44,988.15,80675
2021-06-17 09:43:45,988.35,80677
2021-06-17 09:43:46,988.35,80677
2021-06-17 09:43:47,988.35,80677
2021-06-17 09:43:48,988.45,80679
2021-06-17 09:43:49,988.45,80679
2021-06-17 09:43:50,988.45,80689
2021-06-17 09:43:51,988.45,80689
2021-06-17 09:43:53,988.95,80699
2021-06-17 09:43:52,988.95,80699
2021-06-17 09:43:54,988.45,80799
2021-06-17 09:43:55,988.5,80803
2021-06-17 09:43:56,988.5,80803
2021-06-17 09:43:57,988.5,80803
2021-06-17 09:43:59,988.5,80803
2021-06-17 09:43:59,988.6,80804
2021-06-17 09:44:00,989.0,80824
2021-06-17 09:44:01,989.0,80824
2021-06-17 09:44:02,989.0,80824
2021-06-17 09:44:03,988.6,80872
2021-06-17 09:44:05,988.65,80873
2021-06-17 09:44:06,988.65,80873
2021-06-17 09:44:07,988.65,80873
2021-06-17 09:44:08,988.65,80873
2021-06-17 09:44:09,988.65,80873
2021-06-17 09:44:10,988.65,80873
2021-06-17 09:44:11,988.65,80873
2021-06-17 09:44:13,988.65,80873
2021-06-17 09:44:13,988.95,80880
2021-06-17 09:44:15,988.95,80882
2021-06-17 09:44:17,989.0,80954
2021-06-17 09:44:17,988.7,80956
2021-06-17 09:44:19,988.7,80956
2021-06-17 09:44:19,988.7,80962
2021-06-17 09:44:20,988.7,80962
2021-06-17 09:44:21,988.5,81088
2021-06-17 09:44:22,988.5,81088
2021-06-17 09:44:23,988.95,81142
2021-06-17 09:44:24,989.15,81377
2021-06-17 09:44:25,989.15,81377
2021-06-17 09:44:26,988.65,81423
2021-06-17 09:44:27,988.65,81423
2021-06-17 09:44:28,988.65,81423
2021-06-17 09:44:29,989.05,81431
2021-06-17 09:44:30,989.05,81431
2021-06-17 09:44:31,989.05,81431
2021-06-17 09:44:32,988.65,81432
2021-06-17 09:44:34,988.65,81432
2021-06-17 09:44:35,988.65,81432
2021-06-17 09:44:35,988.65,81432
2021-06-17 09:44:37,988.5,82218
2021-06-17 09:44:38,988.1,82269
2021-06-17 09:44:39,988.1,82269
2021-06-17 09:44:39,988.55,82280
2021-06-17 09:44:40,988.6,82330
2021-06-17 09:44:43,988.3,82430
2021-06-17 09:44:45,988.35,82432
2021-06-17 09:44:46,988.9,82447
2021-06-17 09:44:48,988.95,82457
2021-06-17 09:44:48,988.95,82457
2021-06-17 09:44:50,988.5,82464
2021-06-17 09:44:51,988.5,82464
2021-06-17 09:44:52,988.9,82488
2021-06-17 09:44:53,988.9,82488
2021-06-17 09:44:54,988.85,82489
2021-06-17 09:44:56,988.85,82489
2021-06-17 09:44:57,988.85,82489
2021-06-17 09:44:57,988.85,82489
2021-06-17 09:44:59,988.85,82489
2021-06-17 09:45:01,988.85,82489
2021-06-17 09:45:01,988.9,82490
2021-06-17 09:45:02,988.95,82498
2021-06-17 09:45:05,988.85,82746
2021-06-17 09:45:06,989.0,82786
2021-06-17 09:45:08,988.95,82793
2021-06-17 09:45:09,988.85,83802
2021-06-17 09:45:10,988.85,83802
2021-06-17 09:45:12,988.5,84088
2021-06-17 09:45:12,989.0,84118
2021-06-17 09:45:14,988.5,84187
2021-06-17 09:45:15,988.5,84187
2021-06-17 09:45:15,989.0,84188
2021-06-17 09:45:16,989.0,84327
2021-06-17 09:45:17,988.95,84329
2021-06-17 09:45:18,988.95,84367
2021-06-17 09:45:19,988.95,84410
2021-06-17 09:45:20,988.95,84411
2021-06-17 09:45:21,989.0,84418
2021-06-17 09:45:23,988.95,84463
2021-06-17 09:45:24,989.0,84464
2021-06-17 09:45:26,989.0,84490
2021-06-17 09:45:27,988.95,84497
2021-06-17 09:45:29,988.95,84497
2021-06-17 09:45:30,988.95,84510
2021-06-17 09:45:31,988.95,84510
2021-06-17 09:45:33,988.95,84510
2021-06-17 09:45:34,988.95,84510
2021-06-17 09:45:36,988.95,84516
2021-06-17 09:45:36,988.95,84516
2021-06-17 09:45:41,988.95,84516
2021-06-17 09:45:43,988.85,84561
2021-06-17 09:45:43,988.85,84561
2021-06-17 09:45:44,988.85,84561
2021-06-17 09:45:45,988.85,84562
2021-06-17 09:45:46,988.85,84562
2021-06-17 09:45:47,988.85,84562
2021-06-17 09:45:49,988.85,84567
2021-06-17 09:45:50,988.85,84567
2021-06-17 09:45:51,988.85,84567
2021-06-17 09:45:52,989.0,84574
2021-06-17 09:45:53,988.85,84674
2021-06-17 09:45:54,988.85,84675
2021-06-17 09:46:00,988.85,84758
2021-06-17 09:46:02,988.85,84764
2021-06-17 09:46:02,988.85,84764
2021-06-17 09:46:03,988.85,84809
2021-06-17 09:46:05,988.85,84810
2021-06-17 09:46:06,989.0,84818
2021-06-17 09:46:07,989.0,84818
2021-06-17 09:46:11,988.85,84838
2021-06-17 09:46:12,988.85,84838
2021-06-17 09:46:13,988.85,84838
2021-06-17 09:46:14,988.85,84838
2021-06-17 09:46:16,988.85,84838
2021-06-17 09:46:17,988.85,84838
2021-06-17 09:46:18,988.85,84838
2021-06-17 09:46:20,988.85,84839
2021-06-17 09:46:21,988.85,84839
2021-06-17 09:46:22,988.85,84839
2021-06-17 09:46:23,988.85,84884
2021-06-17 09:46:24,988.85,84885
2021-06-17 09:46:24,988.85,84885
2021-06-17 09:46:25,988.95,84947
2021-06-17 09:46:27,988.95,84947
2021-06-17 09:46:29,988.95,84947
2021-06-17 09:46:30,988.95,84947
2021-06-17 09:46:31,988.95,84947
2021-06-17 09:46:32,988.95,84947
2021-06-17 09:46:33,988.95,84947
2021-06-17 09:46:36,988.95,84947
2021-06-17 09:46:37,988.95,84947
2021-06-17 09:46:38,988.95,84947
2021-06-17 09:46:39,988.95,84947
2021-06-17 09:46:40,988.95,84947
2021-06-17 09:46:41,988.95,84947
2021-06-17 09:46:45,988.85,85012
2021-06-17 09:46:51,988.85,85088
2021-06-17 09:46:56,988.85,85106
2021-06-17 09:47:00,988.85,85106
2021-06-17 09:47:05,988.95,85305
2021-06-17 09:47:10,988.95,85452
2021-06-17 09:47:16,988.95,85452
2021-06-17 09:47:20,988.9,85510
2021-06-17 09:47:25,988.85,85581
2021-06-17 09:47:30,988.85,85581
2021-06-17 09:47:35,988.4,85698
2021-06-17 09:47:40,988.45,85727
2021-06-17 09:47:45,988.4,85773
2021-06-17 09:47:49,988.4,85812
2021-06-17 09:47:54,988.4,85827
2021-06-17 09:47:59,988.8,86845
2021-06-17 09:48:04,988.4,86994
2021-06-17 09:48:09,988.3,87247
2021-06-17 09:48:14,988.8,87283
2021-06-17 09:48:19,988.8,87288
2021-06-17 09:48:24,988.75,87415
2021-06-17 09:48:29,988.35,87494
2021-06-17 09:48:34,988.35,87508
2021-06-17 09:48:39,988.8,87631
2021-06-17 09:48:43,988.35,87678
2021-06-17 09:48:48,988.35,87736
2021-06-17 09:48:53,988.7,87740
2021-06-17 09:48:58,988.35,88064
2021-06-17 09:49:03,988.2,88498
2021-06-17 09:49:08,988.5,88644
2021-06-17 09:49:13,988.25,88680
2021-06-17 09:49:17,988.2,88697
2021-06-17 09:49:22,988.65,88737
2021-06-17 09:49:27,988.25,88810
2021-06-17 09:49:32,988.25,88828
2021-06-17 09:49:37,988.2,88906
2021-06-17 09:49:47,988.1,89144
2021-06-17 09:49:52,988.25,89188
2021-06-17 09:49:57,988.25,89254
2021-06-17 09:50:02,988.25,90262
2021-06-17 09:50:07,988.25,90510
2021-06-17 09:50:11,988.25,90604
2021-06-17 09:50:16,988.3,90664
2021-06-17 09:50:21,988.3,90682
2021-06-17 09:50:26,988.3,90775
2021-06-17 09:50:31,988.65,90846
2021-06-17 09:50:36,988.3,91025
2021-06-17 09:50:41,988.5,91038
2021-06-17 09:50:46,988.25,91116
2021-06-17 09:50:51,988.25,91218
2021-06-17 09:50:55,987.4,92568
2021-06-17 09:51:00,988.15,92965
2021-06-17 09:51:05,986.9,95562
2021-06-17 09:51:10,987.4,95893
2021-06-17 09:51:15,987.75,96627
2021-06-17 09:51:20,987.65,96754
2021-06-17 09:51:25,987.85,96970
2021-06-17 09:51:30,987.4,97158
2021-06-17 09:51:35,987.75,97378
2021-06-17 09:51:40,987.8,97389
2021-06-17 09:51:45,987.8,97581
2021-06-17 09:51:49,987.4,97603
2021-06-17 09:51:55,987.6,98044
2021-06-17 09:52:00,987.7,98431
2021-06-17 09:52:05,987.45,98541
2021-06-17 09:52:10,987.75,99057
2021-06-17 09:52:15,987.45,99311
2021-06-17 09:52:20,987.65,99346
2021-06-17 09:52:26,987.0,99978
2021-06-17 09:52:31,987.7,100132
2021-06-17 09:52:36,987.2,100241
2021-06-17 09:52:41,987.1,101251
2021-06-17 09:52:46,987.2,101556
2021-06-17 09:52:50,987.65,101728
2021-06-17 09:52:55,987.5,101873
2021-06-17 09:53:04,987.1,102065
2021-06-17 09:53:09,987.2,102270
2021-06-17 09:53:13,987.1,102271
2021-06-17 09:53:18,987.2,102343
2021-06-17 09:53:22,987.1,102455
2021-06-17 09:53:27,987.15,102899
2021-06-17 09:53:32,987.1,102953
2021-06-17 09:53:37,987.1,103145
2021-06-17 09:53:41,987.4,103305
2021-06-17 09:53:46,987.0,103490
2021-06-17 09:53:56,987.6,103523
2021-06-17 09:54:01,987.15,103553
2021-06-17 09:54:06,987.45,103683
2021-06-17 09:54:11,987.0,103799
2021-06-17 09:54:16,987.25,103814
2021-06-17 09:54:21,987.0,104050
2021-06-17 09:54:27,986.1,106167
2021-06-17 09:54:32,987.2,106655
2021-06-17 09:54:37,987.25,107072
2021-06-17 09:54:41,986.55,107282
2021-06-17 09:54:46,986.8,107559
2021-06-17 09:54:51,987.45,107639
2021-06-17 09:54:56,987.0,107764
2021-06-17 09:55:01,986.7,108575
2021-06-17 09:55:06,987.5,108770
2021-06-17 09:55:10,987.6,109081
2021-06-17 09:55:15,987.3,109202
2021-06-17 09:55:19,987.7,109285
2021-06-17 09:55:24,987.3,109410
2021-06-17 09:55:29,987.75,109454
2021-06-17 09:55:33,987.3,109484
2021-06-17 09:55:38,987.4,109568
2021-06-17 09:55:42,987.85,109602
2021-06-17 09:55:47,987.85,109654
2021-06-17 09:55:52,987.85,109670
2021-06-17 09:55:56,987.85,109670
2021-06-17 09:56:01,987.8,110014
2021-06-17 09:56:06,987.4,110169
2021-06-17 09:56:11,987.8,110198
2021-06-17 09:56:16,987.8,110221
2021-06-17 09:56:21,987.8,110257
2021-06-17 09:56:26,987.8,110470
2021-06-17 09:56:31,987.4,110984
2021-06-17 09:56:36,987.55,111066
2021-06-17 09:56:41,987.75,111144
2021-06-17 09:56:45,987.7,111480
2021-06-17 09:56:50,987.7,111622
2021-06-17 09:56:54,987.7,111671
2021-06-17 09:56:58,987.7,111706
2021-06-17 09:57:03,987.7,111815
2021-06-17 09:57:08,987.7,111843
2021-06-17 09:57:12,987.7,111895
2021-06-17 09:57:16,987.5,111934
2021-06-17 09:57:21,987.7,111962
2021-06-17 09:57:25,987.5,112110
2021-06-17 09:57:30,987.9,112184
2021-06-17 09:57:34,988.0,112214
2021-06-17 09:57:39,987.5,112445
2021-06-17 09:57:43,987.5,112988
2021-06-17 09:57:47,988.2,113134
2021-06-17 09:57:51,988.3,113211
2021-06-17 09:57:55,988.25,113310
2021-06-17 09:57:59,988.4,114015
2021-06-17 09:58:05,988.65,114362
2021-06-17 09:58:10,989.0,114448
2021-06-17 09:58:15,988.1,114658
2021-06-17 09:58:20,988.75,114868
2021-06-17 09:58:24,988.3,114997
2021-06-17 09:58:29,988.75,115027
2021-06-17 09:58:33,988.7,115074
2021-06-17 09:58:38,988.7,115369
2021-06-17 09:58:43,988.7,115483
2021-06-17 09:58:47,988.45,115561
2021-06-17 09:58:52,988.85,115780
2021-06-17 09:58:56,988.85,115819
2021-06-17 09:59:00,988.85,115881
2021-06-17 09:59:04,988.35,115967
2021-06-17 09:59:09,988.85,116230
2021-06-17 09:59:13,988.8,116336
2021-06-17 09:59:17,989.1,116887
2021-06-17 09:59:21,989.05,116980
2021-06-17 09:59:25,988.55,117135
2021-06-17 09:59:29,989.05,117239
2021-06-17 09:59:33,988.15,118090
2021-06-17 09:59:37,988.55,119590
2021-06-17 09:59:41,989.3,119936
2021-06-17 09:59:45,989.3,120480
2021-06-17 09:59:50,989.65,120866
2021-06-17 09:59:54,989.6,121013
2021-06-17 09:59:58,989.6,121035
2021-06-17 10:00:02,990.3,124165
2021-06-17 10:00:07,991.0,125366
2021-06-17 10:00:11,990.75,126238
2021-06-17 10:00:16,990.95,127418
2021-06-17 10:00:20,990.75,127462
2021-06-17 10:00:24,990.95,127628
2021-06-17 10:00:29,991.1,128009
2021-06-17 10:00:34,991.2,128043
2021-06-17 10:00:38,991.55,128092
2021-06-17 10:00:42,991.05,128190
2021-06-17 10:00:47,991.65,128467
2021-06-17 10:00:51,990.85,128531
2021-06-17 10:00:56,991.45,128827
2021-06-17 10:01:00,990.65,129367
2021-06-17 10:01:04,990.0,131144
2021-06-17 10:01:08,990.15,131237
2021-06-17 10:01:12,990.15,131344
2021-06-17 10:01:16,990.0,131346
2021-06-17 10:01:21,990.15,131364
2021-06-17 10:01:26,990.0,131515
2021-06-17 10:01:30,990.0,132610
2021-06-17 10:01:35,990.0,132795
2021-06-17 10:01:40,990.05,132803
2021-06-17 10:01:42,990.1,132882
2021-06-17 10:01:43,990.1,132882
2021-06-17 10:01:44,989.5,132937
2021-06-17 10:01:45,989.5,132937
2021-06-17 10:01:46,989.5,132937
2021-06-17 10:01:47,990.05,132942
2021-06-17 10:01:48,990.05,132942
2021-06-17 10:01:49,990.05,132942
2021-06-17 10:01:50,990.05,132942
2021-06-17 10:01:51,989.7,132948
2021-06-17 10:01:52,989.7,132948
2021-06-17 10:01:53,989.7,132948
2021-06-17 10:01:54,990.1,132953
2021-06-17 10:01:55,989.55,133010
2021-06-17 10:01:56,989.55,133010
2021-06-17 10:01:57,989.55,133010
2021-06-17 10:01:58,989.7,133029
2021-06-17 10:01:59,989.7,133029
2021-06-17 10:02:00,989.7,133029
2021-06-17 10:02:01,990.1,133076
2021-06-17 10:02:02,989.7,133090
2021-06-17 10:02:03,989.5,133149
2021-06-17 10:02:04,990.1,133157
2021-06-17 10:02:06,989.55,133164
2021-06-17 10:02:08,989.55,133164
2021-06-17 10:02:07,989.55,133164
2021-06-17 10:02:09,989.55,133164
2021-06-17 10:02:10,989.55,133164
2021-06-17 10:02:11,989.6,133177
2021-06-17 10:02:12,989.6,133177
2021-06-17 10:02:13,990.1,133241
2021-06-17 10:02:14,990.1,133241
2021-06-17 10:02:15,989.65,133248
2021-06-17 10:02:16,989.55,133318
2021-06-17 10:02:17,990.05,133320
2021-06-17 10:02:18,990.05,133320
2021-06-17 10:02:19,990.05,133330
2021-06-17 10:02:20,990.15,133376
2021-06-17 10:02:21,990.15,133376
2021-06-17 10:02:22,990.15,133429
2021-06-17 10:02:23,989.65,133507
2021-06-17 10:02:25,989.6,134006
2021-06-17 10:02:26,989.65,134029
2021-06-17 10:02:27,989.5,134072
2021-06-17 10:02:28,989.5,134072
2021-06-17 10:02:29,989.7,134078
2021-06-17 10:02:30,989.5,134178
2021-06-17 10:02:31,989.1,134268
2021-06-17 10:02:32,989.1,134268
2021-06-17 10:02:34,989.1,134268
2021-06-17 10:02:34,989.1,134268
2021-06-17 10:02:35,989.05,134275
2021-06-17 10:02:36,989.05,134275
2021-06-17 10:02:37,989.05,134275
2021-06-17 10:02:38,989.0,134282
2021-06-17 10:02:40,988.75,134283
2021-06-17 10:02:41,988.75,134283
2021-06-17 10:02:42,989.0,134316
2021-06-17 10:02:43,988.6,134363
2021-06-17 10:02:44,988.6,134363
2021-06-17 10:02:45,988.6,134363
2021-06-17 10:02:46,987.75,136363
2021-06-17 10:02:47,987.75,136363
2021-06-17 10:02:48,988.2,136660
2021-06-17 10:02:49,988.2,136660
2021-06-17 10:02:50,988.2,136660
2021-06-17 10:02:51,988.2,136660
2021-06-17 10:02:52,988.4,136699
2021-06-17 10:02:54,988.25,136739
2021-06-17 10:02:55,988.25,136766
2021-06-17 10:02:56,988.25,136766
2021-06-17 10:02:57,988.25,136777
2021-06-17 10:02:58,988.25,136777
2021-06-17 10:02:59,988.5,136784
2021-06-17 10:03:00,988.5,136784
2021-06-17 10:03:02,988.65,136792
2021-06-17 10:03:01,988.5,136785
2021-06-17 10:03:03,988.65,136792
2021-06-17 10:03:04,988.4,136837
2021-06-17 10:03:05,988.8,136847
2021-06-17 10:03:06,988.8,136847
2021-06-17 10:03:07,988.8,136848
2021-06-17 10:03:08,988.8,136855
2021-06-17 10:03:09,988.8,136855
2021-06-17 10:03:10,988.5,136870
2021-06-17 10:03:11,988.5,137217
2021-06-17 10:03:12,988.5,137217
2021-06-17 10:03:13,988.95,137717
2021-06-17 10:03:14,988.7,137718
2021-06-17 10:03:15,988.7,137718
2021-06-17 10:03:16,989.0,137742
2021-06-17 10:03:17,989.0,137770
2021-06-17 10:03:18,988.7,137813
2021-06-17 10:03:19,989.0,137822
2021-06-17 10:03:20,989.0,137822
2021-06-17 10:03:21,989.0,137822
2021-06-17 10:03:22,989.0,137888
2021-06-17 10:03:23,988.7,137947
2021-06-17 10:03:24,989.1,137977
2021-06-17 10:03:25,988.7,138012
2021-06-17 10:03:26,989.05,138026
2021-06-17 10:03:27,989.05,138026
2021-06-17 10:03:28,989.1,138032
2021-06-17 10:03:29,988.7,138065
2021-06-17 10:03:30,988.75,138072
2021-06-17 10:03:31,988.75,138072
2021-06-17 10:03:32,988.75,138072
2021-06-17 10:03:33,988.75,138072
2021-06-17 10:03:34,988.75,138072
2021-06-17 10:03:35,989.2,138079
2021-06-17 10:03:36,989.2,138079
2021-06-17 10:03:37,989.2,138079
2021-06-17 10:03:38,989.2,138079
2021-06-17 10:03:39,989.2,138079
2021-06-17 10:03:40,989.2,138086
2021-06-17 10:03:41,989.25,138112
2021-06-17 10:03:42,989.25,138145
2021-06-17 10:03:43,989.3,138165
2021-06-17 10:03:44,989.25,138237
2021-06-17 10:03:45,989.25,138237
2021-06-17 10:03:47,989.25,138254
2021-06-17 10:03:48,989.25,138254
2021-06-17 10:03:49,989.2,138264
2021-06-17 10:03:50,989.45,138308
2021-06-17 10:03:51,989.45,138320
2021-06-17 10:03:52,989.2,139128
2021-06-17 10:03:53,989.2,139128
2021-06-17 10:03:54,989.2,139129
2021-06-17 10:03:55,989.3,139136
2021-06-17 10:03:56,989.1,139173
2021-06-17 10:03:57,989.1,139173
2021-06-17 10:03:58,988.5,140010
2021-06-17 10:03:59,988.7,140087
2021-06-17 10:04:00,988.85,140103
2021-06-17 10:04:01,988.25,140107
2021-06-17 10:04:02,988.6,140141
2021-06-17 10:04:03,988.5,140161
2021-06-17 10:04:04,988.5,140221
2021-06-17 10:04:05,988.55,140230
2021-06-17 10:04:06,988.95,140249
2021-06-17 10:04:07,988.95,140249
2021-06-17 10:04:08,988.8,140257
2021-06-17 10:04:09,988.8,140257
2021-06-17 10:04:10,988.55,140258
2021-06-17 10:04:11,988.9,140264
2021-06-17 10:04:12,988.9,140264
2021-06-17 10:04:13,988.9,140264
2021-06-17 10:04:14,988.9,140264
2021-06-17 10:04:15,988.95,140364
2021-06-17 10:04:16,988.95,140364
2021-06-17 10:04:17,988.2,140403
2021-06-17 10:04:18,988.2,140403
2021-06-17 10:04:20,988.2,140403
2021-06-17 10:04:21,988.2,140403
2021-06-17 10:04:22,988.95,140436
2021-06-17 10:04:23,989.0,140469
2021-06-17 10:04:24,988.45,140514
2021-06-17 10:04:25,988.45,140514
2021-06-17 10:04:26,988.45,140514
2021-06-17 10:04:27,989.0,140529
2021-06-17 10:04:28,989.0,140529
2021-06-17 10:04:29,989.0,140581
2021-06-17 10:04:30,989.0,140581
2021-06-17 10:04:31,988.55,140603
2021-06-17 10:04:32,988.55,140603
2021-06-17 10:04:33,988.55,140603
2021-06-17 10:04:34,988.55,140603
2021-06-17 10:04:35,988.55,140603
2021-06-17 10:04:36,988.4,140610
2021-06-17 10:04:38,989.0,140646
2021-06-17 10:04:40,988.45,140667
2021-06-17 10:04:41,988.45,140667
2021-06-17 10:04:43,989.0,140773
2021-06-17 10:04:44,989.0,140823
2021-06-17 10:04:46,989.0,140823
2021-06-17 10:04:47,989.0,140823
2021-06-17 10:04:48,989.0,140925
2021-06-17 10:04:49,989.0,140925
2021-06-17 10:04:50,989.0,140925
2021-06-17 10:04:51,989.0,140939
2021-06-17 10:04:56,988.95,140964
2021-06-17 10:04:57,988.95,140979
2021-06-17 10:04:58,988.95,140980
2021-06-17 10:04:59,988.95,140988
2021-06-17 10:05:00,988.95,141008
2021-06-17 10:05:01,988.95,141008
2021-06-17 10:05:02,988.95,141041
2021-06-17 10:05:03,988.75,141097
2021-06-17 10:05:04,988.75,141097
2021-06-17 10:05:05,988.75,141097
2021-06-17 10:05:06,989.0,141114
2021-06-17 10:05:09,989.0,141139
2021-06-17 10:05:10,989.0,141139
2021-06-17 10:05:11,989.0,141139
2021-06-17 10:05:13,989.0,141153
2021-06-17 10:05:15,988.95,141154
2021-06-17 10:05:15,989.0,141153
2021-06-17 10:05:16,988.95,141154
2021-06-17 10:05:17,988.9,141173
2021-06-17 10:05:18,988.75,141229
2021-06-17 10:05:19,988.75,141258
2021-06-17 10:05:20,988.75,141280
2021-06-17 10:05:21,988.75,141308
2021-06-17 10:05:22,988.75,141308
2021-06-17 10:05:23,988.35,141353
2021-06-17 10:05:24,988.35,141353
2021-06-17 10:05:25,988.35,141353
2021-06-17 10:05:26,988.35,141353
2021-06-17 10:05:27,988.9,141363
2021-06-17 10:05:28,988.9,141365
2021-06-17 10:05:29,988.9,141365
2021-06-17 10:05:30,988.0,142366
2021-06-17 10:05:31,988.0,142366
2021-06-17 10:05:32,988.1,142427
2021-06-17 10:05:33,988.1,142427
2021-06-17 10:05:34,988.1,142427
2021-06-17 10:05:35,988.9,142891
2021-06-17 10:05:36,988.9,142891
2021-06-17 10:05:37,988.9,142891
2021-06-17 10:05:38,988.9,142891
2021-06-17 10:05:39,988.95,142899
2021-06-17 10:05:40,988.5,142900
2021-06-17 10:05:41,988.5,142907
2021-06-17 10:05:42,988.9,142940
2021-06-17 10:05:43,988.4,142984
2021-06-17 10:05:44,988.25,142990
2021-06-17 10:05:45,988.25,142991
2021-06-17 10:05:47,988.5,142993
2021-06-17 10:05:47,988.85,143009
2021-06-17 10:05:48,988.85,143025
2021-06-17 10:05:49,988.35,143039
2021-06-17 10:05:50,988.35,143039
2021-06-17 10:05:51,988.4,143059
2021-06-17 10:05:52,988.4,143067
2021-06-17 10:05:54,988.4,143067
2021-06-17 10:05:54,988.4,143181
2021-06-17 10:05:55,988.4,143181
2021-06-17 10:05:56,988.4,143181
2021-06-17 10:05:58,988.85,143220
2021-06-17 10:05:59,988.4,143234
2021-06-17 10:06:00,988.4,143234
2021-06-17 10:06:02,988.85,143246
2021-06-17 10:06:02,988.85,143279
2021-06-17 10:06:04,988.85,143339
2021-06-17 10:06:04,988.85,143339
2021-06-17 10:06:05,988.85,143339
2021-06-17 10:06:06,988.85,143339
2021-06-17 10:06:07,988.85,143339
2021-06-17 10:06:08,988.45,143412
2021-06-17 10:06:09,988.45,143412
2021-06-17 10:06:10,988.8,143418
2021-06-17 10:06:12,988.8,143419
2021-06-17 10:06:12,988.8,143418
2021-06-17 10:06:13,988.45,143457
2021-06-17 10:06:14,988.45,143457
2021-06-17 10:06:15,988.45,143457
2021-06-17 10:06:17,988.9,143492
2021-06-17 10:06:19,988.9,143492
2021-06-17 10:06:19,988.9,143492
2021-06-17 10:06:21,988.9,143499
2021-06-17 10:06:22,989.15,143605
2021-06-17 10:06:23,988.6,143650
2021-06-17 10:06:25,988.6,143650
2021-06-17 10:06:25,988.6,143650
2021-06-17 10:06:26,988.6,143650
2021-06-17 10:06:27,989.15,143665
2021-06-17 10:06:28,989.15,143665
2021-06-17 10:06:30,989.15,143665
2021-06-17 10:06:30,989.25,143765
2021-06-17 10:06:31,989.35,143773
2021-06-17 10:06:32,989.35,143773
2021-06-17 10:06:34,989.35,143790
2021-06-17 10:06:35,989.35,143790
2021-06-17 10:06:36,989.35,143815
2021-06-17 10:06:37,989.35,143815
2021-06-17 10:06:39,989.35,143815
2021-06-17 10:06:39,989.4,143834
2021-06-17 10:06:40,989.4,143834
2021-06-17 10:06:44,989.25,143941
2021-06-17 10:06:45,989.25,143941
2021-06-17 10:06:45,989.25,143941
2021-06-17 10:06:46,989.15,144001
2021-06-17 10:06:47,989.15,144001
2021-06-17 10:06:48,989.15,144001
2021-06-17 10:06:50,989.15,144003
2021-06-17 10:06:53,989.2,144043
2021-06-17 10:06:54,989.3,144079
2021-06-17 10:06:56,989.0,144080
2021-06-17 10:06:57,989.3,144141
2021-06-17 10:06:58,989.3,144141
2021-06-17 10:06:59,989.3,144141
2021-06-17 10:07:01,989.25,144173
2021-06-17 10:07:01,989.25,144173
2021-06-17 10:07:03,989.3,144206
2021-06-17 10:07:04,989.0,144300
2021-06-17 10:07:05,988.55,144314
2021-06-17 10:07:05,988.55,144314
2021-06-17 10:07:06,988.55,144314
2021-06-17 10:07:07,988.55,144331
2021-06-17 10:07:08,989.0,144333
2021-06-17 10:07:10,989.0,144333
2021-06-17 10:07:11,989.0,144343
2021-06-17 10:07:12,989.0,144348
2021-06-17 10:07:14,989.0,144365
2021-06-17 10:07:15,989.0,144365
2021-06-17 10:07:15,989.0,144365
2021-06-17 10:07:16,988.55,144394
2021-06-17 10:07:17,988.55,144401
2021-06-17 10:07:18,988.55,144716
2021-06-17 10:07:20,988.3,144787
2021-06-17 10:07:21,988.3,144787
2021-06-17 10:07:21,988.45,144824
2021-06-17 10:07:22,988.25,144877
2021-06-17 10:07:23,988.15,144922
2021-06-17 10:07:26,988.5,144939
2021-06-17 10:07:27,988.5,144939
2021-06-17 10:07:28,988.5,144939
2021-06-17 10:07:29,988.5,144939
2021-06-17 10:07:30,988.45,144942
2021-06-17 10:07:31,988.45,144942
2021-06-17 10:07:32,988.5,144982
2021-06-17 10:07:32,988.5,144982
2021-06-17 10:07:33,988.5,144982
2021-06-17 10:07:36,988.5,144982
2021-06-17 10:07:37,988.5,144982
2021-06-17 10:07:37,989.0,144991
2021-06-17 10:07:38,989.0,144991
2021-06-17 10:07:39,989.0,144991
2021-06-17 10:07:40,989.0,144991
2021-06-17 10:07:42,988.95,145024
2021-06-17 10:07:43,988.3,145070
2021-06-17 10:07:44,988.95,145082
2021-06-17 10:07:45,988.8,145095
2021-06-17 10:07:46,988.8,145096
2021-06-17 10:07:48,988.8,145096
2021-06-17 10:07:50,988.8,145101
2021-06-17 10:07:51,988.95,145107
2021-06-17 10:07:52,988.95,145108
2021-06-17 10:07:53,988.95,145109
2021-06-17 10:07:53,988.95,145109
2021-06-17 10:07:55,988.95,145115
2021-06-17 10:07:57,988.95,145257
2021-06-17 10:07:58,988.95,145257
2021-06-17 10:07:59,988.95,145257
2021-06-17 10:08:00,989.25,145270
2021-06-17 10:08:01,989.0,145303
2021-06-17 10:08:03,989.0,145370
2021-06-17 10:08:04,988.95,145415
2021-06-17 10:08:05,989.25,145416
2021-06-17 10:08:05,989.25,145416
2021-06-17 10:08:06,989.3,145428
2021-06-17 10:08:07,989.3,145428
2021-06-17 10:08:08,989.0,145560
2021-06-17 10:08:10,989.0,145560
2021-06-17 10:08:11,989.2,145580
2021-06-17 10:08:14,989.0,145611
2021-06-17 10:08:14,989.05,145621
2021-06-17 10:08:15,989.2,145626
2021-06-17 10:08:16,989.2,145640
2021-06-17 10:08:18,989.2,145640
2021-06-17 10:08:19,988.95,145707
2021-06-17 10:08:20,988.95,145707
2021-06-17 10:08:21,989.25,145709
2021-06-17 10:08:22,989.3,145717
2021-06-17 10:08:23,988.75,145762
2021-06-17 10:08:24,989.35,145812
2021-06-17 10:08:25,989.35,145812
2021-06-17 10:08:26,989.35,145812
2021-06-17 10:08:27,989.35,145821
2021-06-17 10:08:28,989.35,145821
2021-06-17 10:08:30,989.35,145824
2021-06-17 10:08:31,989.35,145826
2021-06-17 10:08:31,989.35,145826
2021-06-17 10:08:32,989.35,145826
2021-06-17 10:08:33,989.35,145826
2021-06-17 10:08:35,989.35,145833
2021-06-17 10:08:36,989.35,145834
2021-06-17 10:08:38,989.0,147452
2021-06-17 10:08:38,989.85,147462
2021-06-17 10:08:40,989.9,147469
2021-06-17 10:08:41,989.9,147469
2021-06-17 10:08:42,989.9,147502
2021-06-17 10:08:42,989.35,147586
2021-06-17 10:08:43,989.3,147631
2021-06-17 10:08:44,989.3,147631
2021-06-17 10:08:46,989.9,147667
2021-06-17 10:08:47,989.9,147667
2021-06-17 10:08:48,989.85,147675
2021-06-17 10:08:49,989.85,147675
2021-06-17 10:08:49,989.85,147675
2021-06-17 10:08:50,989.95,147681
2021-06-17 10:08:51,989.95,147681
2021-06-17 10:08:52,990.0,147700
2021-06-17 10:08:54,990.0,147701
2021-06-17 10:08:55,989.55,147708
2021-06-17 10:08:55,989.55,147708
2021-06-17 10:08:57,989.55,147754
2021-06-17 10:08:59,989.9,147755
2021-06-17 10:09:00,989.75,147765
2021-06-17 10:09:00,989.75,147765
2021-06-17 10:09:01,989.75,147765
2021-06-17 10:09:02,989.75,147810
2021-06-17 10:09:05,989.35,147915
2021-06-17 10:09:07,989.7,147926
2021-06-17 10:09:08,989.7,147926
2021-06-17 10:09:09,989.75,147927
2021-06-17 10:09:10,989.75,147931
2021-06-17 10:09:11,989.75,147931
2021-06-17 10:09:12,990.15,147939
2021-06-17 10:09:14,989.85,147941
2021-06-17 10:09:15,989.85,147941
2021-06-17 10:09:16,989.85,147941
2021-06-17 10:09:17,989.85,147941
2021-06-17 10:09:19,990.3,147949
2021-06-17 10:09:20,990.3,147949
2021-06-17 10:09:21,990.3,147953
2021-06-17 10:09:21,990.3,147949
2021-06-17 10:09:22,990.3,148029
2021-06-17 10:09:23,989.55,148651
2021-06-17 10:09:25,989.55,148651
2021-06-17 10:09:26,989.85,148656
2021-06-17 10:09:27,989.85,148663
2021-06-17 10:09:28,989.85,148709
2021-06-17 10:09:29,989.85,148709
2021-06-17 10:09:30,989.85,148716
2021-06-17 10:09:31,989.85,148716
2021-06-17 10:09:32,989.85,148716
2021-06-17 10:09:34,989.85,148716
2021-06-17 10:09:35,989.85,148721
2021-06-17 10:09:36,989.85,148735
2021-06-17 10:09:37,989.85,148760
2021-06-17 10:09:37,989.85,148735
2021-06-17 10:09:38,990.0,148786
2021-06-17 10:09:39,990.15,148798
2021-06-17 10:09:41,990.15,148798
2021-06-17 10:09:43,989.75,148877
2021-06-17 10:09:43,989.75,148877
2021-06-17 10:09:44,989.75,148877
2021-06-17 10:09:46,990.25,148888
2021-06-17 10:09:47,990.25,148888
2021-06-17 10:09:48,990.25,148888
2021-06-17 10:09:49,990.25,148888
2021-06-17 10:09:50,990.05,148988
2021-06-17 10:09:51,989.5,149010
2021-06-17 10:09:52,989.5,149049
2021-06-17 10:09:53,989.5,149049
2021-06-17 10:09:54,989.5,149049
2021-06-17 10:09:55,989.5,149049
2021-06-17 10:09:59,989.5,149049
2021-06-17 10:10:00,989.5,149049
2021-06-17 10:10:01,989.9,149057
2021-06-17 10:10:02,989.95,149099
2021-06-17 10:10:03,989.95,149099
2021-06-17 10:10:04,990.0,149150
2021-06-17 10:10:05,990.0,149150
2021-06-17 10:10:05,990.1,149157
2021-06-17 10:10:06,990.1,149157
2021-06-17 10:10:08,990.1,149157
2021-06-17 10:10:08,990.1,149157
2021-06-17 10:10:09,989.45,149711
2021-06-17 10:10:10,989.45,149711
2021-06-17 10:10:12,989.45,149711
2021-06-17 10:10:13,989.2,149713
2021-06-17 10:10:14,989.2,149713
2021-06-17 10:10:14,989.2,149713
2021-06-17 10:10:15,989.2,149713
2021-06-17 10:10:16,989.3,149738
2021-06-17 10:10:17,989.3,149738
2021-06-17 10:10:19,989.3,149746
2021-06-17 10:10:20,989.35,149748
2021-06-17 10:10:21,989.4,149755
2021-06-17 10:10:22,989.35,149787
2021-06-17 10:10:23,988.7,149832
2021-06-17 10:10:23,988.7,149832
2021-06-17 10:10:24,989.25,149839
2021-06-17 10:10:25,989.25,149840
2021-06-17 10:10:26,989.25,149840
2021-06-17 10:10:28,989.25,149850
2021-06-17 10:10:31,989.25,149850
2021-06-17 10:10:32,989.25,149850
2021-06-17 10:10:33,989.25,149852
2021-06-17 10:10:34,989.25,149859
2021-06-17 10:10:35,989.25,149859
2021-06-17 10:10:36,989.25,149866
2021-06-17 10:10:36,989.25,149866
2021-06-17 10:10:37,989.0,149904
2021-06-17 10:10:40,989.0,149904
2021-06-17 10:10:41,989.25,149947
2021-06-17 10:10:43,989.25,149947
2021-06-17 10:10:44,989.25,150000
2021-06-17 10:10:45,989.25,150051
2021-06-17 10:10:45,989.25,150052
2021-06-17 10:10:46,988.95,150331
2021-06-17 10:10:47,988.95,150331
2021-06-17 10:10:49,989.45,150344
2021-06-17 10:10:49,989.45,150344
2021-06-17 10:10:50,989.45,150344
2021-06-17 10:10:52,989.45,150347
2021-06-17 10:10:52,989.4,150351
2021-06-17 10:10:54,989.4,150351
2021-06-17 10:10:55,989.4,150351
2021-06-17 10:10:56,989.4,150351
2021-06-17 10:10:56,989.4,150351
2021-06-17 10:10:58,989.4,150351
2021-06-17 10:10:59,989.45,150427
2021-06-17 10:11:00,989.45,150441
2021-06-17 10:11:00,989.45,150441
2021-06-17 10:11:02,989.45,150474
2021-06-17 10:11:03,989.0,150519
2021-06-17 10:11:04,989.0,150519
2021-06-17 10:11:05,989.45,150526
2021-06-17 10:11:06,989.5,150572
2021-06-17 10:11:06,989.5,150572
2021-06-17 10:11:07,989.5,150623
2021-06-17 10:11:09,989.5,150658
2021-06-17 10:11:10,989.5,150659
2021-06-17 10:11:11,989.5,150659
2021-06-17 10:11:11,989.5,150659
2021-06-17 10:11:13,989.5,150660
2021-06-17 10:11:14,989.5,150661
2021-06-17 10:11:15,989.5,150689
2021-06-17 10:11:16,990.15,150691
2021-06-17 10:11:17,990.1,150709
2021-06-17 10:11:18,990.1,150710
2021-06-17 10:11:18,990.1,150741
2021-06-17 10:11:19,990.1,150751
2021-06-17 10:11:21,990.1,150751
2021-06-17 10:11:22,989.9,150779
2021-06-17 10:11:23,989.9,150841
2021-06-17 10:11:24,990.1,150843
2021-06-17 10:11:25,990.1,150867
2021-06-17 10:11:26,990.1,150867
2021-06-17 10:11:27,989.9,150891
2021-06-17 10:11:28,989.9,150891
2021-06-17 10:11:29,990.1,150900
2021-06-17 10:11:30,990.1,150902
2021-06-17 10:11:31,988.95,151652
2021-06-17 10:11:31,988.95,151652
2021-06-17 10:11:33,989.85,151659
2021-06-17 10:11:34,989.9,151709
2021-06-17 10:11:35,989.9,151709
2021-06-17 10:11:36,989.9,151709
2021-06-17 10:11:36,989.9,151709
2021-06-17 10:11:38,989.85,151769
2021-06-17 10:11:39,989.85,151769
2021-06-17 10:11:40,989.8,151776
2021-06-17 10:11:41,989.85,151783
2021-06-17 10:11:41,989.85,151783
2021-06-17 10:11:43,990.0,151885
2021-06-17 10:11:44,989.45,151931
2021-06-17 10:11:46,989.45,151931
2021-06-17 10:11:47,989.85,151932
2021-06-17 10:11:48,989.85,151932
2021-06-17 10:11:49,989.85,151940
2021-06-17 10:11:50,989.85,151948
2021-06-17 10:11:51,989.85,151948
2021-06-17 10:11:54,989.9,151955
2021-06-17 10:11:55,989.9,151963
2021-06-17 10:11:56,989.95,151969
2021-06-17 10:11:57,989.95,151973
2021-06-17 10:11:58,989.95,151991
2021-06-17 10:11:59,989.95,152008
2021-06-17 10:11:59,989.95,152008
2021-06-17 10:12:00,989.95,152008
2021-06-17 10:12:01,989.95,152026
2021-06-17 10:12:03,989.45,152104
2021-06-17 10:12:03,989.45,152104
2021-06-17 10:12:04,989.85,152105
2021-06-17 10:12:05,989.85,152105
2021-06-17 10:12:07,989.85,152105
2021-06-17 10:12:07,990.05,152705
2021-06-17 10:12:08,990.05,152705
2021-06-17 10:12:09,990.05,152705
2021-06-17 10:12:10,990.05,152705
2021-06-17 10:12:12,990.05,152705
2021-06-17 10:12:13,990.05,152705
2021-06-17 10:12:14,990.05,152705
2021-06-17 10:12:15,990.05,152705
2021-06-17 10:12:16,990.05,152705
2021-06-17 10:12:16,990.05,152705
2021-06-17 10:12:17,990.05,152705
2021-06-17 10:12:18,989.65,152751
2021-06-17 10:12:19,990.05,152752
2021-06-17 10:12:20,990.05,152752
2021-06-17 10:12:21,990.05,152752
2021-06-17 10:12:23,990.05,152785
2021-06-17 10:12:23,989.6,152830
2021-06-17 10:12:25,989.6,152830
2021-06-17 10:12:26,989.6,152830
2021-06-17 10:12:27,989.6,152830
2021-06-17 10:12:28,990.0,152843
2021-06-17 10:12:29,990.0,152843
2021-06-17 10:12:30,990.0,152843
2021-06-17 10:12:31,990.0,152888
2021-06-17 10:12:32,990.0,152888
2021-06-17 10:12:33,989.95,152895
2021-06-17 10:12:33,989.95,152895
2021-06-17 10:12:34,990.05,152961
2021-06-17 10:12:36,990.05,152968
2021-06-17 10:12:36,990.05,152968
2021-06-17 10:12:38,989.6,153006
2021-06-17 10:12:40,990.0,153026
2021-06-17 10:12:39,989.65,153020
2021-06-17 10:12:41,989.6,153076
2021-06-17 10:12:41,989.6,153076
2021-06-17 10:12:43,989.1,153162
2021-06-17 10:12:44,989.1,153162
2021-06-17 10:12:45,989.9,153163
2021-06-17 10:12:46,989.9,153163
2021-06-17 10:12:47,989.2,153213
2021-06-17 10:12:48,989.2,153213
2021-06-17 10:12:49,989.2,153213
2021-06-17 10:12:51,989.85,153219
2021-06-17 10:12:53,989.85,153220
2021-06-17 10:12:54,989.9,153236
2021-06-17 10:12:54,989.9,153236
2021-06-17 10:12:55,989.9,153236
2021-06-17 10:12:56,990.0,153436
2021-06-17 10:12:58,990.0,153436
2021-06-17 10:12:59,990.0,153436
2021-06-17 10:13:00,990.0,153443
2021-06-17 10:13:01,989.95,153451
2021-06-17 10:13:01,989.95,153451
2021-06-17 10:13:02,990.0,153484
2021-06-17 10:13:03,989.5,153529
2021-06-17 10:13:05,989.5,153529
2021-06-17 10:13:06,989.5,153551
2021-06-17 10:13:07,989.5,153551
2021-06-17 10:13:08,989.5,153551
2021-06-17 10:13:09,989.45,153583
2021-06-17 10:13:10,989.05,153633
2021-06-17 10:13:11,989.05,153633
2021-06-17 10:13:12,989.05,153633
2021-06-17 10:13:13,989.05,153633
2021-06-17 10:13:14,989.7,153640
2021-06-17 10:13:16,989.8,153650
2021-06-17 10:13:16,989.8,153650
2021-06-17 10:13:18,989.8,153650
2021-06-17 10:13:20,989.7,153657
2021-06-17 10:13:23,989.7,153690
2021-06-17 10:13:22,989.7,153690
2021-06-17 10:13:24,989.7,153752
2021-06-17 10:13:25,989.7,153752
2021-06-17 10:13:26,989.7,153752
2021-06-17 10:13:27,989.7,153752
2021-06-17 10:13:28,989.25,153759
2021-06-17 10:13:29,989.7,153776
2021-06-17 10:13:30,989.25,153796
2021-06-17 10:13:31,989.25,153859
2021-06-17 10:13:32,989.25,153859
2021-06-17 10:13:33,989.0,153866
2021-06-17 10:13:34,989.45,153904
2021-06-17 10:13:35,989.45,153904
2021-06-17 10:13:36,989.45,153904
2021-06-17 10:13:37,989.45,153904
2021-06-17 10:13:38,989.45,153904
2021-06-17 10:13:40,989.0,153918
2021-06-17 10:13:41,989.0,153918
2021-06-17 10:13:42,989.0,154014
2021-06-17 10:13:43,988.7,154069
2021-06-17 10:13:44,988.7,154069
2021-06-17 10:13:45,988.95,154077
2021-06-17 10:13:46,989.0,154080
2021-06-17 10:13:47,989.0,154091
2021-06-17 10:13:48,989.0,154091
2021-06-17 10:13:49,989.0,154091
2021-06-17 10:13:50,989.4,154094
2021-06-17 10:13:51,989.45,154104
2021-06-17 10:13:52,989.4,154113
2021-06-17 10:13:53,989.4,154113
2021-06-17 10:13:54,989.4,154113
2021-06-17 10:13:57,989.4,154113
2021-06-17 10:13:58,989.15,154119
2021-06-17 10:13:59,989.15,154119
2021-06-17 10:14:00,989.15,154176
2021-06-17 10:14:01,989.15,154176
2021-06-17 10:14:02,989.35,154266
2021-06-17 10:14:03,988.7,154362
2021-06-17 10:14:04,988.7,154362
2021-06-17 10:14:05,988.7,154362
2021-06-17 10:14:06,988.7,154362
2021-06-17 10:14:07,988.7,154362
2021-06-17 10:14:08,989.35,154429
2021-06-17 10:14:09,989.35,154429
2021-06-17 10:14:10,989.7,154729
2021-06-17 10:14:11,989.55,154730
2021-06-17 10:14:13,989.55,154737
2021-06-17 10:14:15,989.55,154737
2021-06-17 10:14:16,989.45,154743
2021-06-17 10:14:17,989.35,154798
2021-06-17 10:14:18,989.45,154806
2021-06-17 10:14:19,989.45,154817
2021-06-17 10:14:20,989.45,154818
2021-06-17 10:14:21,989.45,154818
2021-06-17 10:14:22,989.45,154851
2021-06-17 10:14:27,989.45,155017
2021-06-17 10:14:28,989.45,155017
2021-06-17 10:14:29,989.45,155018
2021-06-17 10:14:30,989.45,155018
2021-06-17 10:14:31,989.45,155018
2021-06-17 10:14:32,989.0,155062
2021-06-17 10:14:33,989.0,155110
2021-06-17 10:14:34,989.0,155111
2021-06-17 10:14:35,989.0,155111
2021-06-17 10:14:36,988.75,155112
2021-06-17 10:14:37,988.75,155112
2021-06-17 10:14:38,988.75,155112
2021-06-17 10:14:39,989.2,155119
2021-06-17 10:14:40,989.2,155119
2021-06-17 10:14:41,989.2,155368
2021-06-17 10:14:42,988.8,155408
2021-06-17 10:14:43,988.8,155408
2021-06-17 10:14:44,988.7,155454
2021-06-17 10:14:45,988.7,155454
2021-06-17 10:14:46,989.15,155457
2021-06-17 10:14:47,989.15,155457
2021-06-17 10:14:48,989.05,155458
2021-06-17 10:14:49,989.05,155458
2021-06-17 10:14:51,988.95,155460
2021-06-17 10:14:52,989.0,155463
2021-06-17 10:14:54,989.0,155470
2021-06-17 10:14:56,989.1,155538
2021-06-17 10:14:57,989.1,155538
2021-06-17 10:14:59,989.1,155559
2021-06-17 10:15:01,989.15,155561
2021-06-17 10:15:02,989.15,155616
2021-06-17 10:15:03,988.95,155679
2021-06-17 10:15:04,989.15,155749
2021-06-17 10:15:05,989.15,155755
2021-06-17 10:15:07,989.0,155886
2021-06-17 10:15:09,989.1,155888
2021-06-17 10:15:11,989.15,155900
2021-06-17 10:15:12,989.15,155900
2021-06-17 10:15:13,989.15,155900
2021-06-17 10:15:15,989.1,155901
2021-06-17 10:15:16,989.1,155901
2021-06-17 10:15:17,989.1,155901
2021-06-17 10:15:19,989.1,155902
2021-06-17 10:15:21,989.1,155952
2021-06-17 10:15:20,989.1,155952
2021-06-17 10:15:22,989.15,156150
2021-06-17 10:15:23,988.65,156196
2021-06-17 10:15:24,988.65,156196
2021-06-17 10:15:25,989.1,156203
2021-06-17 10:15:26,989.1,156203
2021-06-17 10:15:27,989.1,156203
2021-06-17 10:15:29,989.1,156203
2021-06-17 10:15:31,989.1,156203
2021-06-17 10:15:32,989.0,156204
2021-06-17 10:15:33,989.0,156204
2021-06-17 10:15:34,989.0,156204
2021-06-17 10:15:35,989.0,156204
2021-06-17 10:15:37,989.0,156211
2021-06-17 10:15:38,989.0,156211
2021-06-17 10:15:38,989.0,156211
2021-06-17 10:15:39,989.0,156211
2021-06-17 10:15:40,989.0,156211
2021-06-17 10:15:42,989.0,156212
2021-06-17 10:15:42,989.0,156245
2021-06-17 10:15:44,989.0,156392
2021-06-17 10:15:45,989.05,156394
2021-06-17 10:15:47,989.05,156403
2021-06-17 10:15:48,989.05,156403
2021-06-17 10:15:50,989.05,156403
2021-06-17 10:15:51,988.65,156423
2021-06-17 10:15:53,988.65,156423
2021-06-17 10:15:54,989.05,156449
2021-06-17 10:15:54,989.05,156460
2021-06-17 10:15:55,989.05,156460
2021-06-17 10:15:56,988.65,156467
2021-06-17 10:15:57,988.65,156494
2021-06-17 10:15:59,988.65,156539
2021-06-17 10:15:59,988.65,156539
2021-06-17 10:16:00,988.65,156539
2021-06-17 10:16:01,988.95,156639
2021-06-17 10:16:02,988.8,156677
2021-06-17 10:16:03,988.75,156727
2021-06-17 10:16:04,988.75,156727
2021-06-17 10:16:05,988.75,156727
2021-06-17 10:16:07,988.5,156771
2021-06-17 10:16:07,988.5,156771
2021-06-17 10:16:08,988.5,156777
2021-06-17 10:16:09,988.75,156785
2021-06-17 10:16:10,988.5,156792
2021-06-17 10:16:11,988.8,156797
2021-06-17 10:16:15,988.95,156801
2021-06-17 10:16:16,988.95,156801
2021-06-17 10:16:17,988.95,156801
2021-06-17 10:16:18,988.95,156801
2021-06-17 10:16:19,988.9,156808
2021-06-17 10:16:22,988.85,156841
2021-06-17 10:16:22,988.95,156864
2021-06-17 10:16:23,988.45,156909
2021-06-17 10:16:24,988.95,156913
2021-06-17 10:16:25,988.9,157013
2021-06-17 10:16:27,988.9,157013
2021-06-17 10:16:28,988.4,157051
2021-06-17 10:16:28,988.4,157051
2021-06-17 10:16:29,988.4,157051
2021-06-17 10:16:31,988.85,157060
2021-06-17 10:16:31,988.85,157060
2021-06-17 10:16:32,988.85,157060
2021-06-17 10:16:33,988.4,157084
2021-06-17 10:16:34,988.4,157084
2021-06-17 10:16:35,988.8,157090
2021-06-17 10:16:36,988.85,157104
2021-06-17 10:16:38,988.85,157109
2021-06-17 10:16:38,988.85,157109
2021-06-17 10:16:39,988.85,157109
2021-06-17 10:16:41,988.85,157109
2021-06-17 10:16:41,988.9,157126
2021-06-17 10:16:46,988.25,157304
2021-06-17 10:16:54,988.45,157338
2021-06-17 10:16:58,988.45,157370
2021-06-17 10:17:02,988.35,157412
2021-06-17 10:17:06,988.3,157477
2021-06-17 10:17:10,988.7,157491
2021-06-17 10:17:14,988.65,157762
2021-06-17 10:17:18,988.7,157774
2021-06-17 10:17:23,988.75,157892
2021-06-17 10:17:27,988.8,157989
2021-06-17 10:17:31,989.5,158052
2021-06-17 10:17:36,989.35,158109
2021-06-17 10:17:40,989.35,158121
2021-06-17 10:17:44,988.9,158236
2021-06-17 10:17:48,988.9,158289
2021-06-17 10:17:52,989.3,158354
2021-06-17 10:17:56,989.3,158363
2021-06-17 10:18:00,988.9,158395
2021-06-17 10:18:04,988.8,158533
2021-06-17 10:18:09,989.3,163371
2021-06-17 10:18:13,989.35,163514
2021-06-17 10:18:18,989.9,163604
2021-06-17 10:18:22,989.9,163644
2021-06-17 10:18:26,989.25,163689
2021-06-17 10:18:30,989.25,163737
2021-06-17 10:18:34,989.25,163737
2021-06-17 10:18:38,989.65,163744
2021-06-17 10:18:42,989.65,163764
2021-06-17 10:18:46,989.35,163822
2021-06-17 10:18:50,989.35,163875
2021-06-17 10:18:54,989.35,163893
2021-06-17 10:18:58,989.9,163925
2021-06-17 10:19:03,989.4,164026
2021-06-17 10:19:07,990.25,165395
2021-06-17 10:19:11,990.3,165426
2021-06-17 10:19:15,990.35,165506
2021-06-17 10:19:19,990.35,165533
2021-06-17 10:19:23,989.45,165633
2021-06-17 10:19:28,989.8,167274
2021-06-17 10:19:32,989.8,167277
2021-06-17 10:19:35,989.8,167334
2021-06-17 10:19:39,989.8,167358
2021-06-17 10:19:43,989.75,167451
2021-06-17 10:19:48,989.8,167513
2021-06-17 10:19:52,989.8,167514
2021-06-17 10:19:56,989.9,167581
2021-06-17 10:20:00,989.9,167594
2021-06-17 10:20:04,989.55,167700
2021-06-17 10:20:08,989.55,167745
2021-06-17 10:20:13,989.9,167785
2021-06-17 10:20:17,989.9,167801
2021-06-17 10:20:22,989.85,167825
2021-06-17 10:20:26,989.65,168675
2021-06-17 10:20:30,989.75,168732
2021-06-17 10:20:33,989.3,169488
2021-06-17 10:20:37,989.3,169488
2021-06-17 10:20:41,989.3,169489
2021-06-17 10:20:45,989.4,169615
2021-06-17 10:20:49,989.4,169640
2021-06-17 10:20:52,989.45,169650
2021-06-17 10:20:56,988.85,169664
2021-06-17 10:21:00,988.85,169683
2021-06-17 10:21:04,988.95,169761
2021-06-17 10:21:09,989.55,169779
2021-06-17 10:21:13,989.6,169828
2021-06-17 10:21:17,989.65,169842
2021-06-17 10:21:20,989.65,169842
2021-06-17 10:21:24,989.15,169942
2021-06-17 10:21:28,989.15,169982
2021-06-17 10:21:32,989.6,170002
2021-06-17 10:21:36,989.6,170009
2021-06-17 10:21:42,989.5,170090
2021-06-17 10:21:44,989.5,170145
2021-06-17 10:21:45,989.5,170145
2021-06-17 10:21:46,989.5,170145
2021-06-17 10:21:47,989.15,170158
2021-06-17 10:21:48,989.15,170165
2021-06-17 10:21:49,989.15,170179
2021-06-17 10:21:54,989.15,170185
2021-06-17 10:21:55,989.4,170192
2021-06-17 10:21:57,989.15,170198
2021-06-17 10:21:59,989.15,170204
2021-06-17 10:22:00,989.6,170236
2021-06-17 10:22:00,989.15,170246
2021-06-17 10:22:02,989.5,170255
2021-06-17 10:22:03,989.5,170300
2021-06-17 10:22:04,989.5,170300
2021-06-17 10:22:05,989.5,170305
2021-06-17 10:22:06,989.5,170305
2021-06-17 10:22:06,989.5,170305
2021-06-17 10:22:08,989.75,170325
2021-06-17 10:22:09,989.75,170325
2021-06-17 10:22:10,989.75,170325
2021-06-17 10:22:11,989.5,170332
2021-06-17 10:22:12,989.5,170332
2021-06-17 10:22:12,989.65,170333
2021-06-17 10:22:14,989.65,170333
2021-06-17 10:22:14,989.8,170408
2021-06-17 10:22:16,989.5,170448
2021-06-17 10:22:16,989.5,170448
2021-06-17 10:22:17,989.5,170501
2021-06-17 10:22:19,989.5,170501
2021-06-17 10:22:20,989.5,170501
2021-06-17 10:22:20,989.5,170501
2021-06-17 10:22:22,989.5,170501
2021-06-17 10:22:23,989.5,170503
2021-06-17 10:22:24,988.95,170548
2021-06-17 10:22:25,988.95,170548
2021-06-17 10:22:26,988.95,170548
2021-06-17 10:22:27,988.95,170548
2021-06-17 10:22:28,989.75,170549
2021-06-17 10:22:30,989.75,170549
2021-06-17 10:22:33,989.8,170561
2021-06-17 10:22:34,989.8,170561
2021-06-17 10:22:35,989.8,170561
2021-06-17 10:22:36,989.8,170561
2021-06-17 10:22:37,989.8,170561
2021-06-17 10:22:38,989.5,170562
2021-06-17 10:22:39,989.75,170567
2021-06-17 10:22:40,989.7,170632
2021-06-17 10:22:41,989.5,170633
2021-06-17 10:22:42,989.6,170675
2021-06-17 10:22:43,989.1,170768
2021-06-17 10:22:44,989.6,170781
2021-06-17 10:22:45,989.6,170781
2021-06-17 10:22:47,989.6,170781
2021-06-17 10:22:51,989.6,170781
2021-06-17 10:22:52,989.65,170783
2021-06-17 10:22:53,989.65,170799
2021-06-17 10:22:54,989.65,170799
2021-06-17 10:22:55,989.65,170812
2021-06-17 10:22:57,989.65,170812
2021-06-17 10:22:58,989.65,170833
2021-06-17 10:22:59,989.7,170840
2021-06-17 10:23:00,989.7,170840
2021-06-17 10:23:01,989.7,170859
2021-06-17 10:23:02,989.9,170889
2021-06-17 10:23:02,989.9,170889
2021-06-17 10:23:04,989.85,170956
2021-06-17 10:23:05,989.85,170956
2021-06-17 10:23:07,989.85,170956
2021-06-17 10:23:08,989.85,170956
2021-06-17 10:23:09,989.85,170956
2021-06-17 10:23:09,989.85,170956
2021-06-17 10:23:10,989.85,170957
2021-06-17 10:23:12,989.85,170979
2021-06-17 10:23:13,989.8,171024
2021-06-17 10:23:14,989.8,171041
2021-06-17 10:23:15,989.8,171041
2021-06-17 10:23:16,989.8,171054
2021-06-17 10:23:18,989.8,171054
2021-06-17 10:23:20,989.8,171071
2021-06-17 10:23:21,989.8,171073
2021-06-17 10:23:22,989.8,171111
2021-06-17 10:23:22,989.35,171149
2021-06-17 10:23:23,989.25,171194
2021-06-17 10:23:24,989.25,171194
2021-06-17 10:23:26,989.25,171194
2021-06-17 10:23:27,989.25,171194
2021-06-17 10:23:28,989.25,171194
2021-06-17 10:23:29,989.25,171194
2021-06-17 10:23:30,989.25,171194
2021-06-17 10:23:30,989.6,171952
2021-06-17 10:23:31,989.6,171952
2021-06-17 10:23:32,989.6,171952
2021-06-17 10:23:33,989.6,171960
2021-06-17 10:23:34,989.75,171975
2021-06-17 10:23:36,989.35,171983
2021-06-17 10:23:37,989.65,172019
2021-06-17 10:23:38,989.65,172019
2021-06-17 10:23:39,989.35,172021
2021-06-17 10:23:40,989.35,172021
2021-06-17 10:23:41,989.35,172021
2021-06-17 10:23:42,989.6,172045
2021-06-17 10:23:42,989.6,172045
2021-06-17 10:23:43,989.6,172112
2021-06-17 10:23:45,989.6,172119
2021-06-17 10:23:46,989.6,172119
2021-06-17 10:23:47,989.55,172125
2021-06-17 10:23:47,989.55,172125
2021-06-17 10:23:49,989.6,172142
2021-06-17 10:23:49,989.6,172142
2021-06-17 10:23:50,989.6,172142
2021-06-17 10:23:51,989.6,172142
2021-06-17 10:23:53,989.6,172142
2021-06-17 10:23:56,989.6,172142
2021-06-17 10:23:57,989.55,172534
2021-06-17 10:23:58,989.55,172534
2021-06-17 10:23:59,989.55,172534
2021-06-17 10:24:00,989.55,172557
2021-06-17 10:24:02,989.5,172568
2021-06-17 10:24:03,989.25,172612
2021-06-17 10:24:04,989.15,172657
2021-06-17 10:24:05,989.15,172657
2021-06-17 10:24:06,989.25,172658
2021-06-17 10:24:08,989.25,172658
2021-06-17 10:24:09,989.25,172658
2021-06-17 10:24:10,989.25,172658
2021-06-17 10:24:11,989.5,172668
2021-06-17 10:24:12,989.5,172668
2021-06-17 10:24:13,989.0,172955
2021-06-17 10:24:14,989.0,172955
2021-06-17 10:24:15,989.0,172957
2021-06-17 10:24:16,989.0,172957
2021-06-17 10:24:17,989.0,172957
2021-06-17 10:24:19,988.05,173751
2021-06-17 10:24:20,988.9,173752
2021-06-17 10:24:22,988.9,173756
2021-06-17 10:24:23,988.9,173756
2021-06-17 10:24:24,988.95,173822
2021-06-17 10:24:25,988.95,173822
2021-06-17 10:24:26,988.75,175561
2021-06-17 10:24:27,988.2,175568
2021-06-17 10:24:28,988.75,175613
2021-06-17 10:24:29,988.2,175623
2021-06-17 10:24:30,988.2,175629
2021-06-17 10:24:31,988.2,175629
2021-06-17 10:24:32,988.2,175629
2021-06-17 10:24:33,988.75,175684
2021-06-17 10:24:34,988.75,175684
2021-06-17 10:24:35,988.7,175685
2021-06-17 10:24:36,988.7,175685
2021-06-17 10:24:37,988.7,175695
2021-06-17 10:24:38,988.7,175695
2021-06-17 10:24:41,988.65,175706
2021-06-17 10:24:42,988.65,175706
2021-06-17 10:24:43,988.7,175785
2021-06-17 10:24:44,988.7,175785
2021-06-17 10:24:45,988.7,175785
2021-06-17 10:24:46,988.35,175790
2021-06-17 10:24:47,988.35,175790
2021-06-17 10:24:48,988.35,175790
2021-06-17 10:24:49,988.35,175790
2021-06-17 10:24:50,988.35,175790
2021-06-17 10:24:51,988.35,175790
2021-06-17 10:24:52,988.35,175790
2021-06-17 10:24:53,988.35,175790
2021-06-17 10:24:54,988.35,175790
2021-06-17 10:24:55,988.35,175790
2021-06-17 10:24:56,988.35,175790
2021-06-17 10:24:58,988.35,175790
2021-06-17 10:24:59,988.7,175805
2021-06-17 10:25:00,988.7,175805
2021-06-17 10:25:01,988.35,175829
2021-06-17 10:25:02,988.65,175862
2021-06-17 10:25:04,988.05,175907
2021-06-17 10:25:03,988.05,175907
2021-06-17 10:25:05,988.05,175907
2021-06-17 10:25:07,988.7,176165
2021-06-17 10:25:08,988.7,176165
2021-06-17 10:25:09,988.75,176204
2021-06-17 10:25:10,988.75,176204
2021-06-17 10:25:11,988.75,176204
2021-06-17 10:25:12,988.75,176204
2021-06-17 10:25:13,988.7,176215
2021-06-17 10:25:14,988.7,176215
2021-06-17 10:25:15,988.7,176215
2021-06-17 10:25:16,988.7,176221
2021-06-17 10:25:17,989.0,176228
2021-06-17 10:25:19,989.0,176228
2021-06-17 10:25:18,989.0,176228
2021-06-17 10:25:20,989.1,176254
2021-06-17 10:25:21,989.1,176286
2021-06-17 10:25:22,989.05,176293
2021-06-17 10:25:23,989.05,176293
2021-06-17 10:25:24,989.05,176361
2021-06-17 10:25:25,989.2,176385
2021-06-17 10:25:26,989.2,176385
2021-06-17 10:25:27,989.25,176685
2021-06-17 10:25:28,989.25,176685
2021-06-17 10:25:29,989.0,176686
2021-06-17 10:25:30,989.0,176686
2021-06-17 10:25:31,989.25,176693
2021-06-17 10:25:32,989.25,176693
2021-06-17 10:25:33,989.25,176693
2021-06-17 10:25:34,989.3,176701
2021-06-17 10:25:35,989.3,176701
2021-06-17 10:25:36,989.35,176711
2021-06-17 10:25:39,989.35,176733
2021-06-17 10:25:42,989.35,176766
2021-06-17 10:25:43,989.35,176766
2021-06-17 10:25:44,988.7,176811
2021-06-17 10:25:45,989.35,176822
2021-06-17 10:25:46,989.35,176839
2021-06-17 10:25:47,989.35,176839
2021-06-17 10:25:48,989.35,176839
2021-06-17 10:25:51,989.0,176840
2021-06-17 10:25:52,989.4,177087
2021-06-17 10:25:53,989.35,177111
2021-06-17 10:25:55,989.0,177118
2021-06-17 10:25:56,989.0,177126
2021-06-17 10:25:57,989.0,177133
2021-06-17 10:25:58,988.55,177222
2021-06-17 10:25:59,988.55,177222
2021-06-17 10:26:00,988.55,177222
2021-06-17 10:26:02,989.1,177255
2021-06-17 10:26:03,988.45,177300
2021-06-17 10:26:04,988.45,177300
2021-06-17 10:26:05,989.1,177306
2021-06-17 10:26:07,989.1,177316
2021-06-17 10:26:07,989.1,177316
2021-06-17 10:26:08,989.1,177316
2021-06-17 10:26:09,989.1,177326
2021-06-17 10:26:11,989.1,177332
2021-06-17 10:26:12,989.1,177333
2021-06-17 10:26:18,989.1,177333
2021-06-17 10:26:20,989.1,177333
2021-06-17 10:26:21,989.1,177340
2021-06-17 10:26:23,989.2,177386
2021-06-17 10:26:23,988.65,177431
2021-06-17 10:26:24,989.15,177439
2021-06-17 10:26:26,988.65,177446
2021-06-17 10:26:27,989.15,177447
2021-06-17 10:26:29,989.15,177447
2021-06-17 10:26:30,989.15,177447
2021-06-17 10:26:30,988.65,178225
2021-06-17 10:26:31,988.65,178225
2021-06-17 10:26:32,988.65,178225
2021-06-17 10:26:33,988.8,178239
2021-06-17 10:26:34,988.8,178239
2021-06-17 10:26:35,988.8,178239
2021-06-17 10:26:37,988.9,178284
2021-06-17 10:26:38,988.2,178297
2021-06-17 10:26:39,988.2,178297
2021-06-17 10:26:39,988.2,178297
2021-06-17 10:26:41,988.2,178297
2021-06-17 10:26:42,989.05,178313
2021-06-17 10:26:43,988.65,178375
2021-06-17 10:26:44,988.65,178375
2021-06-17 10:26:46,988.65,178375
2021-06-17 10:26:46,988.65,178375
2021-06-17 10:26:47,988.65,178564
2021-06-17 10:26:48,988.65,178570
2021-06-17 10:26:51,988.65,178577
2021-06-17 10:26:53,988.65,178577
2021-06-17 10:26:54,988.2,178590
2021-06-17 10:26:55,988.6,178598
2021-06-17 10:26:56,988.6,178598
2021-06-17 10:26:57,988.65,178606
2021-06-17 10:26:58,988.65,178606
2021-06-17 10:26:59,988.65,178606
2021-06-17 10:27:00,988.65,178606
2021-06-17 10:27:02,988.65,178638
2021-06-17 10:27:02,988.65,178638
2021-06-17 10:27:04,988.9,178715
2021-06-17 10:27:04,988.9,178690
2021-06-17 10:27:06,988.9,178715
2021-06-17 10:27:07,988.9,178722
2021-06-17 10:27:08,988.9,178722
2021-06-17 10:27:09,988.9,178722
2021-06-17 10:27:09,988.9,178722
2021-06-17 10:27:10,988.9,178722
2021-06-17 10:27:14,988.95,178734
2021-06-17 10:27:16,989.05,178759
2021-06-17 10:27:17,989.05,178759
2021-06-17 10:27:19,989.05,178759
2021-06-17 10:27:19,989.05,178759
2021-06-17 10:27:21,989.05,178759
2021-06-17 10:27:21,988.65,178803
2021-06-17 10:27:22,988.75,178836
2021-06-17 10:27:23,988.0,178881
2021-06-17 10:27:24,988.6,178888
2021-06-17 10:27:25,988.6,178910
2021-06-17 10:27:26,988.55,178917
2021-06-17 10:27:29,988.05,178924
2021-06-17 10:27:29,988.05,178945
2021-06-17 10:27:30,988.05,178945
2021-06-17 10:27:31,988.0,178973
2021-06-17 10:27:32,988.0,178973
2021-06-17 10:27:35,988.4,178975
2021-06-17 10:27:36,988.4,178981
2021-06-17 10:27:37,988.8,178990
2021-06-17 10:27:38,988.8,178990
2021-06-17 10:27:39,988.75,178991
2021-06-17 10:27:41,988.75,179015
2021-06-17 10:27:43,988.75,179015
2021-06-17 10:27:43,988.4,179060
2021-06-17 10:27:44,988.4,179060
2021-06-17 10:27:46,988.85,179068
2021-06-17 10:27:48,988.85,179068
2021-06-17 10:27:51,988.75,179091
2021-06-17 10:27:52,989.1,179109
2021-06-17 10:27:53,989.1,179116
2021-06-17 10:27:54,989.1,179116
2021-06-17 10:27:55,989.1,179116
2021-06-17 10:27:57,989.1,179116
2021-06-17 10:27:58,988.85,179120
2021-06-17 10:28:00,988.75,179155
2021-06-17 10:28:01,989.0,179162
2021-06-17 10:28:02,989.05,179180
2021-06-17 10:28:03,988.75,179225
2021-06-17 10:28:04,988.75,179225
2021-06-17 10:28:07,989.05,179226
2021-06-17 10:28:07,989.05,179226
2021-06-17 10:28:08,989.05,179234
2021-06-17 10:28:09,989.05,179234
2021-06-17 10:28:10,989.05,179248
2021-06-17 10:28:11,989.05,179249
2021-06-17 10:28:12,989.05,179259
2021-06-17 10:28:13,989.05,179272
2021-06-17 10:28:15,989.05,179282
2021-06-17 10:28:16,989.0,179283
2021-06-17 10:28:17,988.9,179310
2021-06-17 10:28:18,988.9,179310
2021-06-17 10:28:20,988.4,179322
2021-06-17 10:28:21,988.4,179322
2021-06-17 10:28:22,988.85,179355
2021-06-17 10:28:23,988.85,179360
2021-06-17 10:28:24,988.15,179405
2021-06-17 10:28:25,988.85,179469
2021-06-17 10:28:25,988.85,179469
2021-06-17 10:28:27,988.85,179474
2021-06-17 10:28:28,988.85,179474
2021-06-17 10:28:29,988.85,179474
2021-06-17 10:28:30,988.85,179474
2021-06-17 10:28:31,988.85,179479
2021-06-17 10:28:32,988.85,179479
2021-06-17 10:28:33,988.2,179549
2021-06-17 10:28:33,988.2,179549
2021-06-17 10:28:34,988.2,179549
2021-06-17 10:28:35,988.2,179549
2021-06-17 10:28:36,988.2,179549
2021-06-17 10:28:37,988.2,179549
2021-06-17 10:28:40,988.85,179584
2021-06-17 10:28:42,988.85,179617
2021-06-17 10:28:42,988.85,179617
2021-06-17 10:28:43,988.85,179669
2021-06-17 10:28:46,988.85,179694
2021-06-17 10:28:47,988.85,179694
2021-06-17 10:28:48,988.35,179733
2021-06-17 10:28:49,988.35,179733
2021-06-17 10:28:50,988.35,179733
2021-06-17 10:28:50,988.35,179733
2021-06-17 10:28:51,988.85,179736
2021-06-17 10:28:52,988.85,179742
2021-06-17 10:28:53,988.85,179755
2021-06-17 10:28:54,988.85,179755
2021-06-17 10:28:55,988.95,179765
2021-06-17 10:28:56,988.8,179775
2021-06-17 10:28:57,988.4,179884
2021-06-17 10:28:58,988.4,179884
2021-06-17 10:28:59,988.9,179885
2021-06-17 10:29:00,988.85,179888
2021-06-17 10:29:01,988.85,179888
2021-06-17 10:29:02,988.85,179920
2021-06-17 10:29:03,988.4,179965
2021-06-17 10:29:04,988.4,179965
2021-06-17 10:29:06,988.4,179965
2021-06-17 10:29:07,989.05,179982
2021-06-17 10:29:08,989.05,179982
2021-06-17 10:29:10,989.05,179984
2021-06-17 10:29:11,989.05,179984
2021-06-17 10:29:12,989.05,179984
2021-06-17 10:29:13,989.1,180059
2021-06-17 10:29:13,989.1,180059
2021-06-17 10:29:14,989.1,180067
2021-06-17 10:29:15,989.3,180068
2021-06-17 10:29:16,989.3,180068
2021-06-17 10:29:17,989.3,180068
2021-06-17 10:29:18,989.0,180083
2021-06-17 10:29:19,989.3,180120
2021-06-17 10:29:20,989.3,180120
2021-06-17 10:29:22,989.25,180188
2021-06-17 10:29:22,989.25,180188
2021-06-17 10:29:23,988.7,180283
2021-06-17 10:29:25,989.25,180285
2021-06-17 10:29:26,988.9,180349
2021-06-17 10:29:27,988.9,180349
2021-06-17 10:29:28,988.9,180349
2021-06-17 10:29:29,988.9,180349
2021-06-17 10:29:29,988.9,180349
2021-06-17 10:29:30,988.9,180349
2021-06-17 10:29:31,988.9,180349
2021-06-17 10:29:32,988.9,180349
2021-06-17 10:29:33,988.9,180349
2021-06-17 10:29:34,988.9,180349
2021-06-17 10:29:36,988.9,180349
2021-06-17 10:29:37,988.95,180359
2021-06-17 10:29:38,989.0,180370
2021-06-17 10:29:38,989.0,180370
2021-06-17 10:29:40,989.0,180370
2021-06-17 10:29:41,989.0,180370
2021-06-17 10:29:42,989.4,180423
2021-06-17 10:29:43,988.8,180469
2021-06-17 10:29:44,988.8,180471
2021-06-17 10:29:45,988.8,180471
2021-06-17 10:29:47,988.8,180471
2021-06-17 10:29:48,988.8,180471
2021-06-17 10:29:48,988.8,180471
2021-06-17 10:29:49,989.4,180486
2021-06-17 10:29:50,989.4,180486
2021-06-17 10:29:51,989.35,180488
2021-06-17 10:29:52,988.55,180583
2021-06-17 10:29:53,988.55,180583
2021-06-17 10:29:54,989.25,180587
2021-06-17 10:29:56,989.25,180594
2021-06-17 10:29:56,989.25,180594
2021-06-17 10:29:57,989.25,180594
2021-06-17 10:29:59,989.25,180601
2021-06-17 10:30:00,989.25,180601
2021-06-17 10:30:01,989.0,180624
2021-06-17 10:30:01,989.0,180623
2021-06-17 10:30:02,989.0,180669
2021-06-17 10:30:03,988.65,180721
2021-06-17 10:30:04,988.65,180721
2021-06-17 10:30:06,988.65,180721
2021-06-17 10:30:07,989.3,180724
2021-06-17 10:30:08,989.3,180724
2021-06-17 10:30:10,989.3,180724
2021-06-17 10:30:11,989.3,180724
2021-06-17 10:30:11,989.3,180724
2021-06-17 10:30:12,989.3,180724
2021-06-17 10:30:15,989.3,180724
2021-06-17 10:30:16,989.3,180724
2021-06-17 10:30:17,988.7,180760
2021-06-17 10:30:18,988.7,180760
2021-06-17 10:30:19,988.7,180760
2021-06-17 10:30:20,989.25,180774
2021-06-17 10:30:22,989.25,180807
2021-06-17 10:30:23,989.25,180807
2021-06-17 10:30:24,989.25,180939
2021-06-17 10:30:25,989.25,180939
2021-06-17 10:30:26,989.25,180939
2021-06-17 10:30:27,988.75,180978
2021-06-17 10:30:28,988.75,180978
2021-06-17 10:30:33,989.4,181148
2021-06-17 10:30:34,989.4,181148
2021-06-17 10:30:35,989.4,181148
2021-06-17 10:30:38,989.4,181148
2021-06-17 10:30:39,989.4,181148
2021-06-17 10:30:41,989.4,181148
2021-06-17 10:30:42,989.45,181181
2021-06-17 10:30:44,989.5,181233
2021-06-17 10:30:45,989.5,181233
2021-06-17 10:30:46,989.5,181233
2021-06-17 10:30:47,989.5,181233
2021-06-17 10:30:47,989.5,181233
2021-06-17 10:30:48,989.5,181233
2021-06-17 10:30:49,989.5,181264
2021-06-17 10:30:50,989.5,181264
2021-06-17 10:30:54,989.0,181265
2021-06-17 10:30:57,989.5,181287
2021-06-17 10:31:02,989.5,181312
2021-06-17 10:31:03,989.5,181378
2021-06-17 10:31:04,989.5,181378
2021-06-17 10:31:05,989.5,181378
2021-06-17 10:31:06,989.5,181378
2021-06-17 10:31:07,989.5,181378
2021-06-17 10:31:08,989.5,181378
2021-06-17 10:31:09,989.7,181385
2021-06-17 10:31:11,989.7,181390
2021-06-17 10:31:12,989.7,181390
2021-06-17 10:31:14,989.7,181399
2021-06-17 10:31:15,989.7,181399
2021-06-17 10:31:17,989.75,181424
2021-06-17 10:31:18,989.75,181424
2021-06-17 10:31:19,989.75,181424
2021-06-17 10:31:20,989.75,181435
2021-06-17 10:31:21,989.75,181435
2021-06-17 10:31:22,989.75,181450
2021-06-17 10:31:23,989.75,181450
2021-06-17 10:31:25,989.75,181534
2021-06-17 10:31:26,989.75,181534
2021-06-17 10:31:27,989.75,181536
2021-06-17 10:31:28,989.9,181552
2021-06-17 10:31:29,989.9,181552
2021-06-17 10:31:30,989.9,181552
2021-06-17 10:31:31,989.9,181558
2021-06-17 10:31:32,989.9,181560
2021-06-17 10:31:36,989.75,181599
2021-06-17 10:31:37,989.75,181599
2021-06-17 10:31:37,989.75,181599
2021-06-17 10:31:38,989.75,181599
2021-06-17 10:31:39,989.75,181599
2021-06-17 10:31:41,989.75,181659
2021-06-17 10:31:41,989.75,181659
2021-06-17 10:31:42,989.1,181742
2021-06-17 10:31:47,989.7,181794
2021-06-17 10:31:51,989.7,181820
2021-06-17 10:31:55,989.7,181842
2021-06-17 10:31:58,989.7,182164
2021-06-17 10:32:02,990.0,182185
2021-06-17 10:32:05,989.95,182230
2021-06-17 10:32:09,989.75,182284
2021-06-17 10:32:12,989.75,182284
2021-06-17 10:32:16,989.7,182384
2021-06-17 10:32:19,989.7,182384
2021-06-17 10:32:23,989.95,182943
2021-06-17 10:32:27,989.6,183089
2021-06-17 10:32:30,989.45,183098
2021-06-17 10:32:34,989.4,183137
2021-06-17 10:32:38,989.7,183144
2021-06-17 10:32:41,989.7,183148
2021-06-17 10:32:45,990.0,183203
2021-06-17 10:32:49,990.3,183340
2021-06-17 10:32:53,990.3,183340
2021-06-17 10:32:56,989.7,183421
2021-06-17 10:33:00,990.3,183471
2021-06-17 10:33:03,989.75,183587
2021-06-17 10:33:07,990.3,183594
2021-06-17 10:33:11,990.15,183595
2021-06-17 10:33:15,990.95,187922
2021-06-17 10:33:20,989.65,188979
2021-06-17 10:33:24,989.45,189194
2021-06-17 10:33:33,989.7,189244
2021-06-17 10:33:37,989.7,189251
2021-06-17 10:33:41,990.15,189558
2021-06-17 10:33:44,989.95,189692
2021-06-17 10:33:48,989.95,189692
2021-06-17 10:33:51,990.0,189706
2021-06-17 10:33:55,990.0,189706
2021-06-17 10:33:59,990.0,189709
2021-06-17 10:34:04,989.35,189787
2021-06-17 10:34:08,989.95,189797
2021-06-17 10:34:15,990.6,189843
2021-06-17 10:34:19,990.6,189853
2021-06-17 10:34:23,990.0,189958
2021-06-17 10:34:27,990.7,190173
2021-06-17 10:34:30,990.7,190173
2021-06-17 10:34:34,991.0,190187
2021-06-17 10:34:37,991.05,190197
2021-06-17 10:34:41,990.5,190247
2021-06-17 10:34:45,990.9,190345
2021-06-17 10:34:49,990.7,190498
2021-06-17 10:34:52,990.05,190617
2021-06-17 10:34:56,990.05,190617
2021-06-17 10:35:00,990.05,190629
2021-06-17 10:35:04,990.1,190682
2021-06-17 10:35:08,990.9,190734
2021-06-17 10:35:11,990.75,190834
2021-06-17 10:35:15,990.8,190835
2021-06-17 10:35:18,990.8,190841
2021-06-17 10:35:22,990.8,190888
2021-06-17 10:35:26,990.15,190933
2021-06-17 10:35:29,990.75,190934
2021-06-17 10:35:33,990.75,190941
2021-06-17 10:35:36,990.75,190953
2021-06-17 10:35:39,990.3,190974
2021-06-17 10:35:43,990.75,191008
2021-06-17 10:35:46,990.3,191053
2021-06-17 10:35:50,990.3,191093
2021-06-17 10:35:53,990.75,191118
2021-06-17 10:35:57,990.75,191119
2021-06-17 10:36:01,990.75,191119
2021-06-17 10:36:05,990.25,191204
2021-06-17 10:36:08,990.25,191204
2021-06-17 10:36:12,990.3,191234
2021-06-17 10:36:17,990.75,191292
2021-06-17 10:36:21,990.75,191305
2021-06-17 10:36:25,990.45,191418
2021-06-17 10:36:30,990.75,191443
2021-06-17 10:36:34,990.75,191466
2021-06-17 10:36:38,990.35,191791
2021-06-17 10:36:42,990.75,191824
2021-06-17 10:36:43,990.2,191869
2021-06-17 10:36:44,990.2,191869
2021-06-17 10:36:45,990.2,191869
2021-06-17 10:36:47,990.2,191869
2021-06-17 10:36:49,990.35,191881
2021-06-17 10:36:49,990.75,191876
2021-06-17 10:36:53,990.35,191881
2021-06-17 10:36:53,990.35,191881
2021-06-17 10:36:57,990.35,191881
2021-06-17 10:36:57,990.35,191881
2021-06-17 10:36:58,990.75,191883
2021-06-17 10:37:01,990.75,191883
2021-06-17 10:37:02,990.75,191916
2021-06-17 10:37:03,990.7,191981
2021-06-17 10:37:04,990.7,191981
2021-06-17 10:37:05,990.75,191993
2021-06-17 10:37:06,990.75,191993
2021-06-17 10:37:07,990.7,191994
2021-06-17 10:37:08,990.7,191994
2021-06-17 10:37:09,990.75,192006
2021-06-17 10:37:11,990.75,192006
2021-06-17 10:37:12,990.75,192006
2021-06-17 10:37:13,990.75,192015
2021-06-17 10:37:16,990.75,192015
2021-06-17 10:37:17,990.75,192015
2021-06-17 10:37:17,990.8,192025
2021-06-17 10:37:18,990.8,192025
2021-06-17 10:37:20,990.8,192025
2021-06-17 10:37:20,990.8,192025
2021-06-17 10:37:21,990.8,192050
2021-06-17 10:37:23,990.3,192140
2021-06-17 10:37:24,990.85,192170
2021-06-17 10:37:26,990.15,192476
2021-06-17 10:37:26,991.0,192426
2021-06-17 10:37:27,990.15,192476
2021-06-17 10:37:28,990.15,192476
2021-06-17 10:37:30,990.7,192491
2021-06-17 10:37:31,990.7,192497
2021-06-17 10:37:32,990.7,192497
2021-06-17 10:37:33,990.7,192511
2021-06-17 10:37:35,990.7,192511
2021-06-17 10:37:35,990.7,192511
2021-06-17 10:37:36,990.7,192511
2021-06-17 10:37:37,990.7,192511
2021-06-17 10:37:38,990.7,192519
2021-06-17 10:37:39,990.7,192519
2021-06-17 10:37:40,990.7,192530
2021-06-17 10:37:41,990.95,192576
2021-06-17 10:37:42,991.0,192590
2021-06-17 10:37:43,990.4,192635
2021-06-17 10:37:44,990.4,192635
2021-06-17 10:37:45,990.4,192635
2021-06-17 10:37:49,990.4,192635
2021-06-17 10:37:51,990.4,192635
2021-06-17 10:37:52,990.4,192635
2021-06-17 10:37:53,990.8,192645
2021-06-17 10:37:55,990.8,192645
2021-06-17 10:37:57,990.85,192654
2021-06-17 10:37:58,990.85,192655
2021-06-17 10:38:01,990.85,192655
2021-06-17 10:38:02,991.1,192690
2021-06-17 10:38:02,991.1,192690
2021-06-17 10:38:03,990.85,192780
2021-06-17 10:38:05,990.85,192781
2021-06-17 10:38:06,991.1,192782
2021-06-17 10:38:10,991.1,192788
2021-06-17 10:38:12,991.1,192788
2021-06-17 10:38:16,991.1,192788
2021-06-17 10:38:17,991.1,192794
2021-06-17 10:38:18,991.1,192800
2021-06-17 10:38:19,991.1,192800
2021-06-17 10:38:22,991.1,192839
2021-06-17 10:38:22,990.85,192879
2021-06-17 10:38:23,990.7,192924
2021-06-17 10:38:24,990.7,192924
2021-06-17 10:38:25,991.0,192931
2021-06-17 10:38:27,991.0,192934
2021-06-17 10:38:28,991.0,192935
2021-06-17 10:38:29,990.9,192969
2021-06-17 10:38:31,990.9,192969
2021-06-17 10:38:34,990.9,192975
2021-06-17 10:38:35,990.9,192975
2021-06-17 10:38:36,990.7,192997
2021-06-17 10:38:37,990.7,192997
2021-06-17 10:38:38,990.7,192997
2021-06-17 10:38:39,990.7,192997
2021-06-17 10:38:41,990.7,192997
2021-06-17 10:38:42,990.8,193074
2021-06-17 10:38:43,990.25,193119
2021-06-17 10:38:44,990.25,193119
2021-06-17 10:38:46,990.25,193119
2021-06-17 10:38:48,990.25,193119
2021-06-17 10:38:48,990.25,193119
2021-06-17 10:38:50,990.25,193119
2021-06-17 10:38:50,990.25,193119
2021-06-17 10:38:51,990.85,193166
2021-06-17 10:38:52,990.85,193168
2021-06-17 10:38:53,990.85,193168
2021-06-17 10:38:54,990.4,193183
2021-06-17 10:38:55,990.4,193183
2021-06-17 10:38:57,990.85,193186
2021-06-17 10:39:00,990.85,193186
2021-06-17 10:39:01,990.85,193186
2021-06-17 10:39:02,990.85,193219
2021-06-17 10:39:03,990.85,193219
2021-06-17 10:39:05,991.05,193364
2021-06-17 10:39:06,991.05,193364
2021-06-17 10:39:06,991.05,193364
2021-06-17 10:39:08,990.9,193368
2021-06-17 10:39:09,990.9,193378
2021-06-17 10:39:10,990.9,193378
2021-06-17 10:39:11,990.9,193386
2021-06-17 10:39:12,990.9,193386
2021-06-17 10:39:14,990.9,193386
2021-06-17 10:39:15,990.9,193386
2021-06-17 10:39:17,990.9,193441
2021-06-17 10:39:17,990.9,193441
2021-06-17 10:39:19,990.9,193441
2021-06-17 10:39:21,990.9,193441
2021-06-17 10:39:22,990.9,193474
2021-06-17 10:39:24,990.4,193519
2021-06-17 10:39:25,990.9,193526
2021-06-17 10:39:27,990.9,193526
2021-06-17 10:39:28,990.9,193526
2021-06-17 10:39:29,990.9,193526
2021-06-17 10:39:33,990.9,193542
2021-06-17 10:39:34,990.9,193543
2021-06-17 10:39:34,990.9,193543
2021-06-17 10:39:37,990.9,193543
2021-06-17 10:39:37,990.9,193543
2021-06-17 10:39:38,990.9,193550
2021-06-17 10:39:40,990.9,193557
2021-06-17 10:39:40,990.9,193581
2021-06-17 10:39:41,990.9,193581
2021-06-17 10:39:42,990.9,193614
2021-06-17 10:39:43,990.45,193670
2021-06-17 10:39:44,990.45,193680
2021-06-17 10:39:45,990.9,193688
2021-06-17 10:39:47,990.9,193712
2021-06-17 10:39:48,990.9,193712
2021-06-17 10:39:50,990.9,193726
2021-06-17 10:39:51,990.9,193757
2021-06-17 10:39:52,990.9,193757
2021-06-17 10:39:56,990.9,193761
2021-06-17 10:39:59,990.9,193785
2021-06-17 10:40:01,990.9,193785
2021-06-17 10:40:01,990.9,193791
2021-06-17 10:40:02,990.9,193824
2021-06-17 10:40:04,990.55,193883
2021-06-17 10:40:05,990.55,193883
2021-06-17 10:40:06,990.9,193889
2021-06-17 10:40:08,990.9,193889
2021-06-17 10:40:09,990.9,193915
2021-06-17 10:40:10,990.9,193915
2021-06-17 10:40:11,990.9,193915
2021-06-17 10:40:12,990.9,193915
2021-06-17 10:40:13,990.9,193930
2021-06-17 10:40:14,990.9,193930
2021-06-17 10:40:15,990.9,193930
2021-06-17 10:40:16,990.9,193930
2021-06-17 10:40:19,990.9,193930
2021-06-17 10:40:20,990.9,193930
2021-06-17 10:40:21,990.9,193989
2021-06-17 10:40:22,990.9,193989
2021-06-17 10:40:23,990.6,194034
2021-06-17 10:40:24,990.6,194034
2021-06-17 10:40:26,990.6,194034
2021-06-17 10:40:27,990.9,194056
2021-06-17 10:40:28,990.9,194056
2021-06-17 10:40:29,990.9,194056
2021-06-17 10:40:30,990.9,194071
2021-06-17 10:40:32,990.9,194071
2021-06-17 10:40:35,990.9,194086
2021-06-17 10:40:37,990.9,194093
2021-06-17 10:40:36,990.9,194086
2021-06-17 10:40:41,990.9,194093
2021-06-17 10:40:42,990.9,194144
2021-06-17 10:40:43,990.6,194189
2021-06-17 10:40:44,990.6,194189
2021-06-17 10:40:45,990.6,194189
2021-06-17 10:40:48,990.6,194189
2021-06-17 10:40:54,990.6,194195
2021-06-17 10:40:58,990.6,194212
2021-06-17 10:40:59,990.6,194212
2021-06-17 10:41:00,990.9,194219
2021-06-17 10:41:00,990.9,194219
2021-06-17 10:41:01,990.9,194219
2021-06-17 10:41:02,990.9,194252
2021-06-17 10:41:03,990.6,194298
2021-06-17 10:41:04,990.9,194299
2021-06-17 10:41:06,990.9,194299
2021-06-17 10:41:06,990.9,194299
2021-06-17 10:41:07,990.6,194338
2021-06-17 10:41:08,990.6,194338
2021-06-17 10:41:11,990.6,194338
2021-06-17 10:41:11,990.6,194338
2021-06-17 10:41:12,990.6,194338
2021-06-17 10:41:15,990.6,194338
2021-06-17 10:41:16,990.9,194360
2021-06-17 10:41:17,990.9,194360
2021-06-17 10:41:18,990.9,194360
2021-06-17 10:41:20,990.9,194360
2021-06-17 10:41:21,990.9,194373
2021-06-17 10:41:22,990.9,194406
2021-06-17 10:41:25,990.6,194451
2021-06-17 10:41:29,990.9,194502
2021-06-17 10:41:30,990.9,194509
2021-06-17 10:41:30,990.9,194509
2021-06-17 10:41:31,990.9,194767
2021-06-17 10:41:32,990.9,194767
2021-06-17 10:41:33,990.95,194775
2021-06-17 10:41:34,990.65,194786
2021-06-17 10:41:36,990.65,194786
2021-06-17 10:41:37,990.65,194786
2021-06-17 10:41:38,990.65,194786
2021-06-17 10:41:40,990.95,194799
2021-06-17 10:41:41,990.95,194799
2021-06-17 10:41:46,990.95,194903
2021-06-17 10:41:49,990.65,194909
2021-06-17 10:41:53,990.95,194910
2021-06-17 10:41:57,990.95,194976
2021-06-17 10:42:01,990.95,194976
2021-06-17 10:42:05,990.65,195055
2021-06-17 10:42:09,990.65,195055
2021-06-17 10:42:17,990.95,195071
2021-06-17 10:42:21,990.3,195378
2021-06-17 10:42:24,990.95,195808
2021-06-17 10:42:32,990.95,195829
2021-06-17 10:42:36,990.6,196029
2021-06-17 10:42:39,990.65,196036
2021-06-17 10:42:43,990.65,196069
2021-06-17 10:42:46,990.2,196114
2021-06-17 10:42:50,990.45,196136
2021-06-17 10:42:54,990.35,196976
2021-06-17 10:42:59,990.35,196976
2021-06-17 10:43:03,990.0,197053
2021-06-17 10:43:07,990.4,197054
2021-06-17 10:43:11,990.4,197062
2021-06-17 10:43:15,990.35,197105
2021-06-17 10:43:23,989.7,197237
2021-06-17 10:43:26,990.3,197238
2021-06-17 10:43:30,990.3,197238
2021-06-17 10:43:33,990.3,197238
2021-06-17 10:43:37,990.3,197238
2021-06-17 10:43:40,989.75,197288
2021-06-17 10:43:43,989.8,197445
2021-06-17 10:43:46,989.75,197453
2021-06-17 10:43:49,989.8,197498
2021-06-17 10:43:53,989.95,197552
2021-06-17 10:43:56,989.95,197574
2021-06-17 10:43:59,989.55,197609
2021-06-17 10:44:03,989.95,197644
2021-06-17 10:44:06,989.95,197708
2021-06-17 10:44:10,989.95,197708
2021-06-17 10:44:13,989.95,197770
2021-06-17 10:44:17,989.95,197778
2021-06-17 10:44:21,989.95,197796
2021-06-17 10:44:24,989.75,197854
2021-06-17 10:44:28,989.75,197854
2021-06-17 10:44:34,990.35,197876
2021-06-17 10:44:38,990.35,197894
2021-06-17 10:44:41,990.35,197894
2021-06-17 10:44:45,989.85,197959
2021-06-17 10:44:49,990.15,198004
2021-06-17 10:44:54,989.6,198080
2021-06-17 10:44:58,989.6,198080
2021-06-17 10:45:01,989.6,198080
2021-06-17 10:45:05,989.7,198158
2021-06-17 10:45:09,989.9,198188
2021-06-17 10:45:13,989.9,198204
2021-06-17 10:45:16,989.9,198228
2021-06-17 10:45:24,989.75,198367
2021-06-17 10:45:28,989.75,198367
2021-06-17 10:45:32,989.75,198367
2021-06-17 10:45:35,989.5,198695
2021-06-17 10:45:41,989.85,198748
2021-06-17 10:45:45,989.85,198827
2021-06-17 10:45:48,989.85,198827
2021-06-17 10:45:51,989.85,198827
2021-06-17 10:45:55,989.85,198846
2021-06-17 10:45:58,989.85,198874
2021-06-17 10:46:02,989.85,198906
2021-06-17 10:46:06,989.9,199022
2021-06-17 10:46:10,989.9,199022
2021-06-17 10:46:14,989.7,199038
2021-06-17 10:46:17,989.85,199040
2021-06-17 10:46:20,989.9,199107
2021-06-17 10:46:23,989.7,199185
2021-06-17 10:46:26,989.9,199314
2021-06-17 10:46:30,989.9,199326
2021-06-17 10:46:33,989.9,199387
2021-06-17 10:46:36,989.7,199389
2021-06-17 10:46:39,989.7,199389
2021-06-17 10:46:43,989.7,199508
2021-06-17 10:46:46,990.0,199524
2021-06-17 10:46:50,989.7,199563
2021-06-17 10:46:53,990.1,199568
2021-06-17 10:46:56,990.05,199580
2021-06-17 10:47:00,990.0,199593
2021-06-17 10:47:03,990.15,199683
2021-06-17 10:47:06,990.15,199690
2021-06-17 10:47:10,990.1,199699
2021-06-17 10:47:13,990.15,199717
2021-06-17 10:47:16,990.15,199732
2021-06-17 10:47:20,990.15,199758
2021-06-17 10:47:23,990.3,199827
2021-06-17 10:47:27,990.15,199927
2021-06-17 10:47:31,990.3,199982
2021-06-17 10:47:35,990.3,199982
2021-06-17 10:47:38,990.3,199982
2021-06-17 10:47:42,990.45,199992
2021-06-17 10:47:45,990.3,200235
2021-06-17 10:47:49,990.35,200270
2021-06-17 10:47:52,990.35,200313
2021-06-17 10:47:55,990.4,200322
2021-06-17 10:47:59,990.4,200322
2021-06-17 10:48:02,990.5,200375
2021-06-17 10:48:05,990.4,200441
2021-06-17 10:48:09,990.45,200443
2021-06-17 10:48:12,990.5,200469
2021-06-17 10:48:16,990.5,200469
2021-06-17 10:48:18,990.45,200481
2021-06-17 10:48:21,990.5,200514
2021-06-17 10:48:25,990.4,200592
2021-06-17 10:48:28,990.5,200852
2021-06-17 10:48:32,990.45,200916
2021-06-17 10:48:36,990.0,200981
2021-06-17 10:48:40,990.5,201102
2021-06-17 10:48:44,990.5,201316
2021-06-17 10:48:48,990.5,201316
2021-06-17 10:48:52,990.5,201317
2021-06-17 10:48:55,990.5,201317
2021-06-17 10:48:59,990.5,201330
2021-06-17 10:49:02,990.5,201384
2021-06-17 10:49:06,990.45,201444
2021-06-17 10:49:09,990.45,201556
2021-06-17 10:49:12,990.45,201556
2021-06-17 10:49:16,990.5,201600
2021-06-17 10:49:19,990.5,201602
2021-06-17 10:49:23,990.15,201708
2021-06-17 10:49:26,990.5,201709
2021-06-17 10:49:29,990.5,201716
2021-06-17 10:49:33,990.5,201716
2021-06-17 10:49:36,990.5,201716
2021-06-17 10:49:39,990.5,201740
2021-06-17 10:49:42,990.5,202014
2021-06-17 10:49:45,990.75,202061
2021-06-17 10:49:52,990.5,202193
2021-06-17 10:49:56,990.5,202193
2021-06-17 10:50:03,990.75,202229
2021-06-17 10:50:06,990.25,202274
2021-06-17 10:50:09,990.9,202491
2021-06-17 10:50:13,990.9,202501
2021-06-17 10:50:17,990.45,202560
2021-06-17 10:50:21,990.75,202575
2021-06-17 10:50:25,990.1,202660
2021-06-17 10:50:31,990.75,202663
2021-06-17 10:50:40,990.75,202788
2021-06-17 10:50:44,990.5,202866
2021-06-17 10:50:48,990.75,202896
2021-06-17 10:50:51,990.75,202902
2021-06-17 10:50:55,990.75,202909
2021-06-17 10:50:59,990.75,202909
2021-06-17 10:51:02,990.75,202942
2021-06-17 10:51:06,990.75,202995
2021-06-17 10:51:09,990.5,202997
2021-06-17 10:51:13,990.5,203048
2021-06-17 10:51:17,990.75,203055
2021-06-17 10:51:21,990.75,203055
2021-06-17 10:51:24,991.05,203303
2021-06-17 10:51:28,990.55,203468
2021-06-17 10:51:31,991.1,203519
2021-06-17 10:51:34,990.55,203569
2021-06-17 10:51:38,990.55,203569
2021-06-17 10:51:45,990.55,203663
2021-06-17 10:51:48,990.6,203686
2021-06-17 10:51:52,990.6,203686
2021-06-17 10:51:56,990.9,203694
2021-06-17 10:51:59,990.9,203705
2021-06-17 10:52:03,990.3,203798
2021-06-17 10:52:06,990.3,203798
2021-06-17 10:52:10,990.3,203798
2021-06-17 10:52:13,990.3,203798
2021-06-17 10:52:16,990.5,203808
2021-06-17 10:52:20,990.95,203903
2021-06-17 10:52:23,990.45,204004
2021-06-17 10:52:27,991.0,204014
2021-06-17 10:52:30,991.05,204114
2021-06-17 10:52:34,991.0,204175
2021-06-17 10:52:38,990.55,204291
2021-06-17 10:52:41,991.05,204299
2021-06-17 10:52:45,990.55,204387
2021-06-17 10:52:49,990.55,204387
2021-06-17 10:52:53,991.0,204397
2021-06-17 10:52:57,990.35,204508
2021-06-17 10:53:00,990.9,204510
2021-06-17 10:53:03,990.5,204626
2021-06-17 10:53:06,990.5,204626
2021-06-17 10:53:10,990.5,204626
2021-06-17 10:53:13,990.9,204653
2021-06-17 10:53:24,990.45,204738
2021-06-17 10:53:27,991.0,204774
2021-06-17 10:53:30,990.75,205163
2021-06-17 10:53:33,990.75,205163
2021-06-17 10:53:36,990.75,205163
2021-06-17 10:53:39,990.75,205163
2021-06-17 10:53:42,990.85,205201
2021-06-17 10:53:46,990.8,205254
2021-06-17 10:53:49,990.8,205262
2021-06-17 10:53:53,990.8,205262
2021-06-17 10:53:56,990.9,205278
2021-06-17 10:54:00,990.9,205278
2021-06-17 10:54:03,990.9,205296
2021-06-17 10:54:06,990.3,205341
2021-06-17 10:54:10,990.9,205346
2021-06-17 10:54:14,990.9,205356
2021-06-17 10:54:17,990.95,205371
2021-06-17 10:54:21,990.95,205384
2021-06-17 10:54:25,990.85,205471
2021-06-17 10:54:29,990.35,205516
2021-06-17 10:54:33,990.35,205588
2021-06-17 10:54:36,990.4,205589
2021-06-17 10:54:43,990.1,205675
2021-06-17 10:54:46,990.1,205675
2021-06-17 10:54:50,990.1,205675
2021-06-17 10:54:54,990.8,205689
2021-06-17 10:54:57,990.25,205735
2021-06-17 10:55:02,990.7,205768
2021-06-17 10:55:06,990.65,205852
2021-06-17 10:55:09,990.1,205893
2021-06-17 10:55:12,990.1,205893
2021-06-17 10:55:15,990.75,205902
2021-06-17 10:55:19,989.5,206703
2021-06-17 10:55:23,990.0,206831
2021-06-17 10:55:27,990.35,206833
2021-06-17 10:55:31,990.35,206840
2021-06-17 10:55:34,990.35,206840
2021-06-17 10:55:37,990.35,206840
2021-06-17 10:55:40,990.35,206856
2021-06-17 10:55:44,990.45,207048
2021-06-17 10:55:47,990.5,207069
2021-06-17 10:55:50,990.0,207119
2021-06-17 10:55:56,990.45,207132
2021-06-17 10:56:00,990.45,207148
2021-06-17 10:56:03,990.0,207235
2021-06-17 10:56:07,990.0,207235
2021-06-17 10:56:11,990.5,207269
2021-06-17 10:56:14,990.45,207281
2021-06-17 10:56:17,990.5,207301
2021-06-17 10:56:20,990.5,207301
2021-06-17 10:56:24,990.5,207398
2021-06-17 10:56:28,990.5,207411
2021-06-17 10:56:31,990.5,207411
2021-06-17 10:56:34,990.5,207437
2021-06-17 10:56:38,990.5,207438
2021-06-17 10:56:41,990.5,207453
2021-06-17 10:56:44,990.2,207540
2021-06-17 10:56:48,990.55,207551
2021-06-17 10:56:51,990.5,207570
2021-06-17 10:56:55,990.5,207570
2021-06-17 10:56:58,990.6,207638
2021-06-17 10:57:02,990.65,207657
2021-06-17 10:57:06,990.65,207711
2021-06-17 10:57:09,990.9,207734
2021-06-17 10:57:13,990.85,207749
2021-06-17 10:57:16,990.95,207820
2021-06-17 10:57:20,990.95,207820
2021-06-17 10:57:23,990.2,207920
2021-06-17 10:57:26,990.2,207920
2021-06-17 10:57:29,990.85,207933
2021-06-17 10:57:32,990.45,207946
2021-06-17 10:57:39,991.0,207968
2021-06-17 10:57:42,991.0,208060
2021-06-17 10:57:46,990.75,208141
2021-06-17 10:57:49,990.8,208151
2021-06-17 10:57:52,991.0,208188
2021-06-17 10:57:55,991.0,208194
2021-06-17 10:57:58,991.0,208194
2021-06-17 10:58:01,991.0,208194
2021-06-17 10:58:05,990.25,208290
2021-06-17 10:58:08,990.9,208334
2021-06-17 10:58:11,990.9,208334
2021-06-17 10:58:14,989.7,213436
2021-06-17 10:58:17,990.0,214480
2021-06-17 10:58:20,990.0,214567
2021-06-17 10:58:23,989.55,214837
2021-06-17 10:58:27,989.5,215073
2021-06-17 10:58:30,989.6,215083
2021-06-17 10:58:33,989.6,215094
2021-06-17 10:58:36,989.35,215399
2021-06-17 10:58:41,989.35,216023
2021-06-17 10:58:44,989.0,216101
2021-06-17 10:58:48,989.45,216245
2021-06-17 10:58:52,989.45,216245
2021-06-17 10:58:55,988.6,216600
2021-06-17 10:58:59,988.55,216690
2021-06-17 10:59:03,988.9,216948
2021-06-17 10:59:06,989.0,217302
2021-06-17 10:59:09,989.0,217308
2021-06-17 10:59:12,988.45,217317
2021-06-17 10:59:16,989.0,218517
2021-06-17 10:59:18,988.65,219117
2021-06-17 10:59:21,989.0,219342
2021-06-17 10:59:25,988.7,219555
2021-06-17 10:59:31,988.7,219556
2021-06-17 10:59:34,988.7,219570
2021-06-17 10:59:38,989.0,219636
2021-06-17 10:59:41,989.0,219715
2021-06-17 10:59:44,988.55,219796
2021-06-17 10:59:51,989.0,219862
2021-06-17 10:59:55,989.0,219862
2021-06-17 10:59:59,989.0,219862
2021-06-17 11:00:02,989.0,220037
2021-06-17 11:00:06,988.6,220206
2021-06-17 11:00:10,989.0,220212
2021-06-17 11:00:13,989.0,220212
2021-06-17 11:00:16,989.0,220212
2021-06-17 11:00:20,989.0,220212
2021-06-17 11:00:23,988.65,220417
2021-06-17 11:00:27,988.9,220444
2021-06-17 11:00:31,988.9,220444
2021-06-17 11:00:34,988.9,220451
2021-06-17 11:00:38,988.8,220507
2021-06-17 11:00:41,988.8,220507
2021-06-17 11:00:45,988.65,220620
2021-06-17 11:00:48,988.8,220753
2021-06-17 11:00:51,988.75,220754
2021-06-17 11:00:55,988.75,220768
2021-06-17 11:00:58,988.75,220768
2021-06-17 11:01:01,988.55,220865
2021-06-17 11:01:05,988.75,220910
2021-06-17 11:01:09,988.75,220956
2021-06-17 11:01:12,988.85,221003
2021-06-17 11:01:15,988.85,221012
2021-06-17 11:01:18,988.9,221016
2021-06-17 11:01:22,988.8,221133
2021-06-17 11:01:25,988.6,221178
2021-06-17 11:01:28,988.6,221228
2021-06-17 11:01:32,988.95,221258
2021-06-17 11:01:36,988.95,221265
2021-06-17 11:01:39,988.85,221317
2021-06-17 11:01:42,988.85,221342
2021-06-17 11:01:46,989.0,221399
2021-06-17 11:01:50,988.9,221400
2021-06-17 11:01:53,988.9,221435
2021-06-17 11:01:57,988.65,221446
2021-06-17 11:02:00,988.65,222402
2021-06-17 11:02:04,988.65,222504
2021-06-17 11:02:07,988.65,222526
2021-06-17 11:02:10,989.0,222532
2021-06-17 11:02:14,989.0,222532
2021-06-17 11:02:17,989.0,222538
2021-06-17 11:02:21,989.0,222539
2021-06-17 11:02:24,988.7,222619
2021-06-17 11:02:27,988.75,222760
2021-06-17 11:02:31,988.95,222779
2021-06-17 11:02:34,989.0,222955
2021-06-17 11:02:38,988.75,223003
2021-06-17 11:02:41,989.0,223017
2021-06-17 11:02:44,988.75,223170
2021-06-17 11:02:48,989.0,223196
2021-06-17 11:02:51,989.0,223196
2021-06-17 11:02:55,989.0,223196
2021-06-17 11:03:02,989.0,223235
2021-06-17 11:03:05,988.75,223280
2021-06-17 11:03:08,988.75,223280
2021-06-17 11:03:12,988.75,223280
2021-06-17 11:03:15,988.75,223280
2021-06-17 11:03:19,989.0,223286
2021-06-17 11:03:22,989.0,223327
2021-06-17 11:03:26,989.0,223379
2021-06-17 11:03:29,989.0,223379
2021-06-17 11:03:32,989.0,223400
2021-06-17 11:03:35,988.75,223430
2021-06-17 11:03:38,989.0,223436
2021-06-17 11:03:42,989.0,223496
2021-06-17 11:03:45,988.75,223541
2021-06-17 11:03:48,989.0,223568
2021-06-17 11:03:52,989.0,223574
2021-06-17 11:03:55,989.0,223580
2021-06-17 11:03:58,989.0,223602
2021-06-17 11:04:02,989.0,223698
2021-06-17 11:04:05,988.75,223743
2021-06-17 11:04:08,988.75,223744
2021-06-17 11:04:12,988.75,223747
2021-06-17 11:04:16,989.0,223754
2021-06-17 11:04:19,989.0,223782
2021-06-17 11:04:23,989.0,223829
2021-06-17 11:04:26,989.0,223892
2021-06-17 11:04:29,989.0,223918
2021-06-17 11:04:33,989.0,223931
2021-06-17 11:04:37,989.0,223958
2021-06-17 11:04:40,988.85,223963
2021-06-17 11:04:43,989.0,224128
2021-06-17 11:04:46,989.0,224155
2021-06-17 11:04:49,988.85,224196
2021-06-17 11:04:56,989.0,224302
2021-06-17 11:05:02,989.0,224370
2021-06-17 11:05:05,989.0,224450
2021-06-17 11:05:08,989.0,224450
2021-06-17 11:05:11,989.0,224451
2021-06-17 11:05:14,989.0,224458
2021-06-17 11:05:18,989.0,224477
2021-06-17 11:05:22,989.0,224551
2021-06-17 11:05:25,989.0,224604
2021-06-17 11:05:29,989.0,225102
2021-06-17 11:05:32,989.0,225106
2021-06-17 11:05:39,988.95,225354
2021-06-17 11:05:42,989.0,225387
2021-06-17 11:05:45,988.75,225472
2021-06-17 11:05:49,989.0,225489
2021-06-17 11:05:52,989.0,225489
2021-06-17 11:05:56,989.0,225505
2021-06-17 11:06:00,988.85,226690
2021-06-17 11:06:04,988.4,226966
2021-06-17 11:06:08,988.4,226966
2021-06-17 11:06:14,988.95,227011
2021-06-17 11:06:17,988.95,227011
2021-06-17 11:06:20,988.95,227011
2021-06-17 11:06:23,988.4,227112
2021-06-17 11:06:26,989.0,227212
2021-06-17 11:06:29,988.6,227223
2021-06-17 11:06:33,988.6,227223
2021-06-17 11:06:36,988.0,229687
2021-06-17 11:06:39,988.0,229994
2021-06-17 11:06:43,987.85,230275
2021-06-17 11:06:46,988.0,230373
2021-06-17 11:06:49,987.8,230487
2021-06-17 11:06:52,988.5,230583
2021-06-17 11:06:55,988.0,230830
2021-06-17 11:06:57,987.0,239582
2021-06-17 11:07:01,987.0,240770
2021-06-17 11:07:04,986.9,241093
2021-06-17 11:07:07,987.0,241723
2021-06-17 11:07:10,986.75,245695
2021-06-17 11:07:13,986.7,246353
2021-06-17 11:07:17,986.75,246746
2021-06-17 11:07:20,987.0,247242
2021-06-17 11:07:23,987.9,248993
2021-06-17 11:07:26,987.7,249246
2021-06-17 11:07:29,988.0,249362
2021-06-17 11:07:32,988.45,250285
2021-06-17 11:07:36,987.8,250399
2021-06-17 11:07:39,988.55,251222
2021-06-17 11:07:42,988.75,251350
2021-06-17 11:07:45,988.15,251827
2021-06-17 11:07:48,988.3,252592
2021-06-17 11:07:52,988.95,252600
2021-06-17 11:07:55,989.05,252645
2021-06-17 11:07:59,988.45,252745
2021-06-17 11:08:02,989.05,252762
2021-06-17 11:08:05,989.05,252810
2021-06-17 11:08:07,989.3,252825
2021-06-17 11:08:10,989.3,252827
2021-06-17 11:08:14,989.3,252827
2021-06-17 11:08:16,989.3,252829
2021-06-17 11:08:20,989.35,252848
2021-06-17 11:08:26,989.2,252949
2021-06-17 11:08:30,989.65,252962
2021-06-17 11:08:33,989.35,252998
2021-06-17 11:08:36,989.35,252998
2021-06-17 11:08:39,989.35,253012
2021-06-17 11:08:47,989.2,253195
2021-06-17 11:08:50,989.7,253257
2021-06-17 11:08:53,989.2,253258
2021-06-17 11:08:56,990.3,253280
2021-06-17 11:08:59,990.0,253294
