timestamp,ltp,volume
2021-06-17 09:20:36,423.4,1512819
2021-06-17 09:20:36,423.4,1512819
2021-06-17 09:20:37,423.25,1519269
2021-06-17 09:20:38,423.35,1522535
2021-06-17 09:20:39,423.35,1530302
2021-06-17 09:20:40,423.3,1535375
2021-06-17 09:20:41,423.25,1538491
2021-06-17 09:20:42,423.1,1539817
2021-06-17 09:20:44,423.0,1545152
2021-06-17 09:20:45,423.15,1567398
2021-06-17 09:20:46,423.0,1567658
2021-06-17 09:20:47,423.0,1575741
2021-06-17 09:20:48,422.9,1576887
2021-06-17 09:20:49,423.0,1590357
2021-06-17 09:20:50,423.0,1591263
2021-06-17 09:20:51,423.15,1591875
2021-06-17 09:20:52,423.3,1593646
2021-06-17 09:20:53,423.3,1593646
2021-06-17 09:20:54,423.15,1594253
2021-06-17 09:20:55,423.2,1594720
2021-06-17 09:20:56,423.0,1597419
2021-06-17 09:20:57,423.0,1599089
2021-06-17 09:20:58,423.05,1603052
2021-06-17 09:20:59,423.05,1603452
2021-06-17 09:21:01,423.15,1606458
2021-06-17 09:21:02,423.15,1607769
2021-06-17 09:21:03,423.15,1608097
2021-06-17 09:21:04,423.15,1609508
2021-06-17 09:21:05,423.0,1624800
2021-06-17 09:21:06,423.2,1625852
2021-06-17 09:21:07,423.15,1626416
2021-06-17 09:21:08,423.4,1630508
2021-06-17 09:21:09,423.4,1632111
2021-06-17 09:21:10,423.2,1634359
2021-06-17 09:21:11,423.25,1637287
2021-06-17 09:21:12,423.35,1639002
2021-06-17 09:21:13,423.4,1639532
2021-06-17 09:21:14,423.45,1641517
2021-06-17 09:21:15,423.35,1643075
2021-06-17 09:21:16,423.25,1643833
2021-06-17 09:21:17,423.2,1643941
2021-06-17 09:21:18,423.3,1644149
2021-06-17 09:21:19,423.2,1645911
2021-06-17 09:21:20,423.15,1646940
2021-06-17 09:21:21,423.2,1648731
2021-06-17 09:21:22,423.35,1649243
2021-06-17 09:21:24,423.35,1650100
2021-06-17 09:21:23,423.35,1650100
2021-06-17 09:21:26,423.3,1651605
2021-06-17 09:21:27,423.35,1651732
2021-06-17 09:21:28,423.35,1652482
2021-06-17 09:21:29,423.35,1652718
2021-06-17 09:21:30,423.3,1656812
2021-06-17 09:21:31,423.3,1658491
2021-06-17 09:21:32,423.4,1658591
2021-06-17 09:21:33,423.35,1659935
2021-06-17 09:21:34,423.45,1660684
2021-06-17 09:21:35,423.45,1661188
2021-06-17 09:21:36,423.4,1663129
2021-06-17 09:21:37,423.4,1663919
2021-06-17 09:21:38,423.4,1663919
2021-06-17 09:21:39,423.35,1668126
2021-06-17 09:21:40,423.45,1670604
2021-06-17 09:21:41,423.4,1690896
2021-06-17 09:21:42,423.4,1691059
2021-06-17 09:21:43,423.35,1691457
2021-06-17 09:21:44,423.3,1693527
2021-06-17 09:21:45,423.45,1694027
2021-06-17 09:21:46,423.5,1694942
2021-06-17 09:21:47,423.45,1694976
2021-06-17 09:21:49,423.25,1708378
2021-06-17 09:21:50,423.25,1710027
2021-06-17 09:21:51,423.25,1710903
2021-06-17 09:21:52,423.25,1711106
2021-06-17 09:21:53,423.2,1712805
2021-06-17 09:21:54,423.25,1713929
2021-06-17 09:21:56,423.2,1718974
2021-06-17 09:21:57,423.2,1720578
2021-06-17 09:21:58,423.25,1722300
2021-06-17 09:21:59,423.25,1724587
2021-06-17 09:22:00,423.25,1732155
2021-06-17 09:22:01,423.2,1733729
2021-06-17 09:22:02,423.25,1734746
2021-06-17 09:22:03,423.15,1736054
2021-06-17 09:22:04,423.2,1736721
2021-06-17 09:22:05,423.2,1741927
2021-06-17 09:22:06,423.25,1742435
2021-06-17 09:22:07,423.25,1742523
2021-06-17 09:22:08,423.25,1743425
2021-06-17 09:22:09,423.25,1743852
2021-06-17 09:22:10,423.25,1744547
2021-06-17 09:22:11,423.15,1746474
2021-06-17 09:22:12,423.25,1746662
2021-06-17 09:22:13,423.2,1747328
2021-06-17 09:22:14,423.25,1748332
2021-06-17 09:22:15,423.1,1753358
2021-06-17 09:22:16,423.2,1786261
2021-06-17 09:22:17,423.15,1787467
2021-06-17 09:22:18,423.25,1789247
2021-06-17 09:22:19,423.25,1791451
2021-06-17 09:22:20,423.25,1801745
2021-06-17 09:22:21,423.25,1803143
2021-06-17 09:22:22,423.15,1803398
2021-06-17 09:22:23,423.2,1805157
2021-06-17 09:22:24,423.4,1854670
2021-06-17 09:22:25,423.4,1859874
2021-06-17 09:22:26,423.7,1898130
2021-06-17 09:22:27,423.75,1900732
2021-06-17 09:22:28,423.7,1903636
2021-06-17 09:22:29,423.7,1904346
2021-06-17 09:22:30,423.75,1904868
2021-06-17 09:22:31,423.85,1913121
2021-06-17 09:22:32,423.7,1913393
2021-06-17 09:22:33,423.7,1915672
2021-06-17 09:22:34,423.9,1920458
2021-06-17 09:22:35,423.8,1920771
2021-06-17 09:22:36,423.85,1936853
2021-06-17 09:22:37,423.95,1939597
2021-06-17 09:22:39,423.75,1953886
2021-06-17 09:22:40,423.75,1954254
2021-06-17 09:22:42,423.75,1957862
2021-06-17 09:22:43,423.7,1958244
2021-06-17 09:22:44,423.75,1959610
2021-06-17 09:22:45,423.75,1959885
2021-06-17 09:22:46,423.7,1960503
2021-06-17 09:22:47,423.7,1973710
2021-06-17 09:22:48,423.7,1974943
2021-06-17 09:22:49,423.7,1979029
2021-06-17 09:22:50,423.7,1980733
2021-06-17 09:22:51,423.7,1981459
2021-06-17 09:22:53,423.7,1982440
2021-06-17 09:22:53,423.6,1981781
2021-06-17 09:22:54,423.8,1986643
2021-06-17 09:22:55,423.8,1992146
2021-06-17 09:22:56,423.7,1994277
2021-06-17 09:22:57,423.8,1994882
2021-06-17 09:22:58,423.75,1995707
2021-06-17 09:22:59,423.8,1997027
2021-06-17 09:23:01,423.8,1999213
2021-06-17 09:23:02,423.8,1999274
2021-06-17 09:23:03,423.7,2011123
2021-06-17 09:23:04,423.75,2011630
2021-06-17 09:23:05,423.75,2017622
2021-06-17 09:23:05,423.75,2017810
2021-06-17 09:23:06,423.7,2018068
2021-06-17 09:23:07,423.5,2035473
2021-06-17 09:23:08,423.5,2043018
2021-06-17 09:23:10,423.5,2045728
2021-06-17 09:23:10,423.5,2045893
2021-06-17 09:23:11,423.7,2047017
2021-06-17 09:23:12,423.65,2051491
2021-06-17 09:23:13,423.6,2057407
2021-06-17 09:23:14,423.7,2057858
2021-06-17 09:23:15,423.75,2058218
2021-06-17 09:23:17,423.8,2059586
2021-06-17 09:23:18,423.8,2061395
2021-06-17 09:23:19,423.75,2063088
2021-06-17 09:23:19,423.8,2064894
2021-06-17 09:23:20,423.5,2077348
2021-06-17 09:23:21,423.45,2077559
2021-06-17 09:23:22,423.45,2078077
2021-06-17 09:23:23,423.45,2095764
2021-06-17 09:23:24,423.5,2098275
2021-06-17 09:23:25,423.5,2100327
2021-06-17 09:23:26,423.5,2101032
2021-06-17 09:23:27,423.5,2102364
2021-06-17 09:23:28,423.4,2103295
2021-06-17 09:23:29,423.3,2104825
2021-06-17 09:23:30,423.4,2115203
2021-06-17 09:23:31,423.2,2121527
2021-06-17 09:23:32,423.4,2123590
2021-06-17 09:23:33,423.35,2126495
2021-06-17 09:23:38,423.4,2129996
2021-06-17 09:23:39,423.4,2130147
2021-06-17 09:23:40,423.4,2130432
2021-06-17 09:23:41,423.25,2130888
2021-06-17 09:23:42,423.25,2131636
2021-06-17 09:23:43,423.4,2131856
2021-06-17 09:23:44,423.4,2147984
2021-06-17 09:23:45,423.4,2165856
2021-06-17 09:23:47,423.25,2165905
2021-06-17 09:23:47,423.4,2166005
2021-06-17 09:23:48,423.5,2167193
2021-06-17 09:23:49,423.4,2167736
2021-06-17 09:23:50,423.5,2169137
2021-06-17 09:23:51,423.5,2169530
2021-06-17 09:23:52,423.3,2173338
2021-06-17 09:23:53,423.25,2174384
2021-06-17 09:23:55,423.3,2174975
2021-06-17 09:23:56,423.3,2175472
2021-06-17 09:23:57,423.25,2176259
2021-06-17 09:23:58,423.3,2181125
2021-06-17 09:23:59,423.3,2181755
2021-06-17 09:24:00,423.25,2181963
2021-06-17 09:24:01,423.3,2183132
2021-06-17 09:24:02,423.25,2183872
2021-06-17 09:24:03,423.3,2185589
2021-06-17 09:24:04,423.3,2188098
2021-06-17 09:24:05,423.3,2192383
2021-06-17 09:24:06,423.4,2194651
2021-06-17 09:24:07,423.3,2195573
2021-06-17 09:24:08,423.25,2207744
2021-06-17 09:24:10,423.3,2208419
2021-06-17 09:24:10,423.3,2208585
2021-06-17 09:24:13,423.35,2211872
2021-06-17 09:24:14,423.35,2212136
2021-06-17 09:24:15,423.4,2214016
2021-06-17 09:24:16,423.35,2214524
2021-06-17 09:24:17,423.4,2216250
2021-06-17 09:24:18,423.35,2219920
2021-06-17 09:24:20,423.4,2222842
2021-06-17 09:24:20,423.3,2223092
2021-06-17 09:24:21,423.35,2224430
2021-06-17 09:24:22,423.25,2229102
2021-06-17 09:24:25,423.5,2232600
2021-06-17 09:24:26,423.4,2232798
2021-06-17 09:24:27,423.45,2233992
2021-06-17 09:24:29,423.35,2234099
2021-06-17 09:24:30,423.3,2234538
2021-06-17 09:24:31,423.4,2234958
2021-06-17 09:24:32,423.2,2240848
2021-06-17 09:24:33,423.3,2240890
2021-06-17 09:24:34,423.2,2241263
2021-06-17 09:24:34,423.2,2241263
2021-06-17 09:24:35,423.25,2247170
2021-06-17 09:24:36,423.2,2247426
2021-06-17 09:24:37,423.3,2247892
2021-06-17 09:24:38,423.3,2248223
2021-06-17 09:24:39,423.3,2249861
2021-06-17 09:24:41,423.4,2259262
2021-06-17 09:24:42,423.35,2259748
2021-06-17 09:24:44,423.45,2261203
2021-06-17 09:24:45,423.5,2273975
2021-06-17 09:24:46,423.55,2274006
2021-06-17 09:24:47,423.45,2274200
2021-06-17 09:24:48,423.45,2274738
2021-06-17 09:24:49,423.7,2275807
2021-06-17 09:24:50,423.7,2278163
2021-06-17 09:24:51,423.5,2278360
2021-06-17 09:24:51,423.5,2278360
2021-06-17 09:24:53,423.55,2280211
2021-06-17 09:24:53,423.55,2280221
2021-06-17 09:24:54,423.55,2280436
2021-06-17 09:24:55,423.6,2282131
2021-06-17 09:24:56,423.6,2282257
2021-06-17 09:24:57,423.6,2282627
2021-06-17 09:25:00,423.6,2286337
2021-06-17 09:25:01,423.6,2293147
2021-06-17 09:25:02,423.55,2293363
2021-06-17 09:25:02,423.55,2293297
2021-06-17 09:25:03,423.6,2296333
2021-06-17 09:25:04,423.55,2299231
2021-06-17 09:25:05,423.45,2300743
2021-06-17 09:25:06,423.4,2300831
2021-06-17 09:25:07,423.5,2304152
2021-06-17 09:25:08,423.5,2305338
2021-06-17 09:25:09,423.35,2305504
2021-06-17 09:25:10,423.6,2307038
2021-06-17 09:25:12,423.45,2308225
2021-06-17 09:25:14,423.4,2309092
2021-06-17 09:25:15,423.5,2309661
2021-06-17 09:25:16,423.6,2309678
2021-06-17 09:25:16,423.6,2309678
2021-06-17 09:25:18,423.6,2310676
2021-06-17 09:25:18,423.4,2311277
2021-06-17 09:25:19,423.6,2311642
2021-06-17 09:25:21,423.6,2312724
2021-06-17 09:25:22,423.5,2312792
2021-06-17 09:25:24,423.5,2313324
2021-06-17 09:25:25,423.6,2313635
2021-06-17 09:25:26,423.5,2313703
2021-06-17 09:25:27,423.6,2314786
2021-06-17 09:25:28,423.6,2315827
2021-06-17 09:25:29,423.6,2317105
2021-06-17 09:25:30,423.6,2317293
2021-06-17 09:25:31,423.6,2318644
2021-06-17 09:25:32,423.6,2318817
2021-06-17 09:25:33,423.45,2320044
2021-06-17 09:25:33,423.45,2320044
2021-06-17 09:25:34,423.6,2324029
2021-06-17 09:25:35,423.6,2326460
2021-06-17 09:25:36,423.45,2327770
2021-06-17 09:25:37,423.6,2328986
2021-06-17 09:25:38,423.6,2329022
2021-06-17 09:25:39,423.45,2329499
2021-06-17 09:25:40,423.6,2329973
2021-06-17 09:25:41,423.5,2330128
2021-06-17 09:25:43,423.45,2330841
2021-06-17 09:25:44,423.5,2331353
2021-06-17 09:25:45,423.55,2331907
2021-06-17 09:25:46,423.45,2333106
2021-06-17 09:25:47,423.45,2333252
2021-06-17 09:25:48,423.55,2334305
2021-06-17 09:25:49,423.45,2334610
2021-06-17 09:25:50,423.45,2334675
2021-06-17 09:25:51,423.4,2336911
2021-06-17 09:25:52,423.4,2337385
2021-06-17 09:25:55,423.4,2346001
2021-06-17 09:25:55,423.4,2346001
2021-06-17 09:25:57,423.35,2346365
2021-06-17 09:25:57,423.35,2346365
2021-06-17 09:25:58,423.35,2346665
2021-06-17 09:25:59,423.4,2347235
2021-06-17 09:26:00,423.3,2352053
2021-06-17 09:26:01,423.3,2352394
2021-06-17 09:26:02,423.25,2353722
2021-06-17 09:26:03,423.25,2354157
2021-06-17 09:26:05,423.3,2355207
2021-06-17 09:26:06,423.3,2355492
2021-06-17 09:26:07,423.3,2355904
2021-06-17 09:26:07,423.3,2355704
2021-06-17 09:26:09,423.3,2364047
2021-06-17 09:26:09,423.3,2364049
2021-06-17 09:26:10,423.2,2364510
2021-06-17 09:26:11,423.3,2365444
2021-06-17 09:26:13,423.25,2366590
2021-06-17 09:26:14,423.2,2367225
2021-06-17 09:26:15,423.2,2370459
2021-06-17 09:26:15,423.2,2370448
2021-06-17 09:26:16,423.1,2371690
2021-06-17 09:26:17,423.2,2371896
2021-06-17 09:26:18,423.15,2374586
2021-06-17 09:26:19,423.25,2374885
2021-06-17 09:26:21,423.2,2375006
2021-06-17 09:26:22,423.1,2375629
2021-06-17 09:26:23,423.15,2377521
2021-06-17 09:26:23,423.1,2377501
2021-06-17 09:26:24,423.1,2378432
2021-06-17 09:26:25,423.05,2382609
2021-06-17 09:26:27,423.15,2398553
2021-06-17 09:26:30,423.2,2400881
2021-06-17 09:26:31,423.15,2401575
2021-06-17 09:26:32,423.2,2405236
2021-06-17 09:26:33,423.2,2405700
2021-06-17 09:26:34,423.4,2406729
2021-06-17 09:26:35,423.4,2407274
2021-06-17 09:26:36,423.25,2408025
2021-06-17 09:26:37,423.2,2408058
2021-06-17 09:26:38,423.2,2408224
2021-06-17 09:26:39,423.25,2408939
2021-06-17 09:26:41,423.2,2410367
2021-06-17 09:26:42,423.05,2420709
2021-06-17 09:26:42,423.05,2420576
2021-06-17 09:26:44,423.1,2423397
2021-06-17 09:26:46,423.1,2423885
2021-06-17 09:26:47,423.2,2431302
2021-06-17 09:26:48,423.25,2431372
2021-06-17 09:26:49,423.15,2431738
2021-06-17 09:26:50,423.15,2432222
2021-06-17 09:26:52,423.3,2432519
2021-06-17 09:26:53,423.35,2433593
2021-06-17 09:26:54,423.2,2433690
2021-06-17 09:26:55,423.2,2434352
2021-06-17 09:26:57,423.25,2435060
2021-06-17 09:26:58,423.4,2435299
2021-06-17 09:26:59,423.4,2437489
2021-06-17 09:27:00,423.35,2438215
2021-06-17 09:27:01,423.4,2438221
2021-06-17 09:27:02,423.45,2438252
2021-06-17 09:27:03,423.4,2440261
2021-06-17 09:27:05,423.4,2441332
2021-06-17 09:27:06,423.4,2441413
2021-06-17 09:27:07,423.4,2441719
2021-06-17 09:27:09,423.35,2444867
2021-06-17 09:27:10,423.4,2445379
2021-06-17 09:27:11,423.4,2445394
2021-06-17 09:27:12,423.35,2445515
2021-06-17 09:27:13,423.4,2446102
2021-06-17 09:27:14,423.4,2457100
2021-06-17 09:27:15,423.4,2458257
2021-06-17 09:27:15,423.4,2458257
2021-06-17 09:27:16,423.4,2458271
2021-06-17 09:27:17,423.35,2458441
2021-06-17 09:27:18,423.35,2459033
2021-06-17 09:27:19,423.4,2459866
2021-06-17 09:27:21,423.5,2499114
2021-06-17 09:27:22,423.45,2499880
2021-06-17 09:27:23,423.4,2500030
2021-06-17 09:27:25,423.6,2500261
2021-06-17 09:27:26,423.5,2500523
2021-06-17 09:27:27,423.4,2500789
2021-06-17 09:27:28,423.5,2501421
2021-06-17 09:27:29,423.5,2501564
2021-06-17 09:27:30,423.6,2503664
2021-06-17 09:27:31,423.45,2503816
2021-06-17 09:27:32,423.5,2504659
2021-06-17 09:27:33,423.6,2504678
2021-06-17 09:27:35,423.65,2507099
2021-06-17 09:27:36,423.6,2507563
2021-06-17 09:27:37,423.5,2507627
2021-06-17 09:27:38,423.65,2507781
2021-06-17 09:27:39,423.65,2507893
2021-06-17 09:27:40,423.7,2508807
2021-06-17 09:27:42,423.7,2509892
2021-06-17 09:27:45,423.65,2510510
2021-06-17 09:27:46,423.7,2510730
2021-06-17 09:27:46,423.65,2510816
2021-06-17 09:27:47,423.7,2511357
2021-06-17 09:27:49,423.7,2513088
2021-06-17 09:27:50,423.7,2515048
2021-06-17 09:27:51,423.55,2515450
2021-06-17 09:27:52,423.7,2516406
2021-06-17 09:27:53,423.7,2516486
2021-06-17 09:27:54,423.7,2517093
2021-06-17 09:27:54,423.7,2517093
2021-06-17 09:27:55,423.7,2520307
2021-06-17 09:27:56,423.7,2520465
2021-06-17 09:27:57,423.55,2521680
2021-06-17 09:27:58,423.6,2523529
2021-06-17 09:27:59,423.75,2530436
2021-06-17 09:28:00,423.7,2531483
2021-06-17 09:28:01,423.65,2532097
2021-06-17 09:28:02,423.7,2532487
2021-06-17 09:28:03,423.7,2532512
2021-06-17 09:28:04,423.7,2533087
2021-06-17 09:28:05,423.75,2535771
2021-06-17 09:28:06,423.75,2536448
2021-06-17 09:28:09,423.75,2536928
2021-06-17 09:28:10,423.7,2537329
2021-06-17 09:28:11,423.65,2538233
2021-06-17 09:28:11,423.65,2538233
2021-06-17 09:28:12,423.65,2538976
2021-06-17 09:28:13,423.65,2540052
2021-06-17 09:28:14,423.5,2551103
2021-06-17 09:28:15,423.4,2552880
2021-06-17 09:28:17,423.5,2554437
2021-06-17 09:28:18,423.35,2554804
2021-06-17 09:28:19,423.5,2555017
2021-06-17 09:28:20,423.4,2555165
2021-06-17 09:28:21,423.55,2555498
2021-06-17 09:28:22,423.4,2555678
2021-06-17 09:28:22,423.55,2555687
2021-06-17 09:28:23,423.5,2559293
2021-06-17 09:28:25,423.5,2560202
2021-06-17 09:28:26,423.5,2560421
2021-06-17 09:28:27,423.5,2561159
2021-06-17 09:28:28,423.5,2561341
2021-06-17 09:28:29,423.45,2568752
2021-06-17 09:28:29,423.45,2568752
2021-06-17 09:28:30,423.5,2569074
2021-06-17 09:28:32,423.5,2572242
2021-06-17 09:28:33,423.45,2572362
2021-06-17 09:28:34,423.5,2577936
2021-06-17 09:28:34,423.5,2577936
2021-06-17 09:28:35,423.5,2577956
2021-06-17 09:28:36,423.65,2580839
2021-06-17 09:28:38,423.65,2580938
2021-06-17 09:28:39,423.75,2594259
2021-06-17 09:28:40,423.55,2595431
2021-06-17 09:28:42,423.75,2656452
2021-06-17 09:28:42,423.75,2646452
2021-06-17 09:28:43,424.15,2736091
2021-06-17 09:28:45,424.15,2736903
2021-06-17 09:28:46,424.2,2738565
2021-06-17 09:28:47,424.05,2739408
2021-06-17 09:28:49,424.2,2755875
2021-06-17 09:28:50,424.25,2758127
2021-06-17 09:28:51,424.1,2758703
2021-06-17 09:28:54,424.0,2789441
2021-06-17 09:28:55,424.0,2790563
2021-06-17 09:28:56,424.15,2792700
2021-06-17 09:28:56,424.15,2792700
2021-06-17 09:28:57,424.25,2794252
2021-06-17 09:28:58,424.25,2794654
2021-06-17 09:28:59,424.15,2799390
2021-06-17 09:29:00,424.2,2801142
2021-06-17 09:29:01,424.15,2806034
2021-06-17 09:29:02,424.2,2807609
2021-06-17 09:29:03,424.2,2808721
2021-06-17 09:29:04,424.2,2814026
2021-06-17 09:29:05,424.2,2814303
2021-06-17 09:29:06,424.15,2816047
2021-06-17 09:29:08,424.2,2825186
2021-06-17 09:29:09,424.3,2825768
2021-06-17 09:29:10,424.3,2826662
2021-06-17 09:29:11,424.4,2832818
2021-06-17 09:29:12,424.2,2834742
2021-06-17 09:29:12,424.3,2834792
2021-06-17 09:29:13,424.35,2836614
2021-06-17 09:29:15,424.4,2842843
2021-06-17 09:29:16,424.5,2852385
2021-06-17 09:29:17,424.5,2857346
2021-06-17 09:29:17,424.5,2857346
2021-06-17 09:29:18,424.7,2869037
2021-06-17 09:29:19,424.75,2870541
2021-06-17 09:29:20,424.55,2873757
2021-06-17 09:29:22,424.75,2876011
2021-06-17 09:29:23,424.75,2876923
2021-06-17 09:29:24,424.85,2883142
2021-06-17 09:29:25,424.6,2915142
2021-06-17 09:29:26,424.55,2916955
2021-06-17 09:29:27,424.5,2917776
2021-06-17 09:29:28,424.5,2918355
2021-06-17 09:29:29,424.6,2919500
2021-06-17 09:29:29,424.5,2920041
2021-06-17 09:29:31,424.5,2925075
2021-06-17 09:29:32,424.5,2928065
2021-06-17 09:29:33,424.5,2930366
2021-06-17 09:29:34,424.5,2933619
2021-06-17 09:29:35,424.45,2937444
2021-06-17 09:29:36,424.3,2939186
2021-06-17 09:29:37,424.3,2943498
2021-06-17 09:29:38,424.3,2944981
2021-06-17 09:29:39,424.3,2948425
2021-06-17 09:29:40,424.3,2948839
2021-06-17 09:29:41,424.2,2953416
2021-06-17 09:29:42,424.15,2953876
2021-06-17 09:29:42,424.2,2953776
2021-06-17 09:29:44,424.2,2960521
2021-06-17 09:29:45,424.2,2960670
2021-06-17 09:29:46,424.1,2964010
2021-06-17 09:29:48,424.2,2968639
2021-06-17 09:29:49,424.05,2995815
2021-06-17 09:29:50,424.25,2997836
2021-06-17 09:29:51,424.2,2999028
2021-06-17 09:29:52,424.2,3000608
2021-06-17 09:29:53,424.2,3003191
2021-06-17 09:29:54,424.2,3003490
2021-06-17 09:29:55,424.2,3004691
2021-06-17 09:29:56,424.1,3005442
2021-06-17 09:29:56,424.1,3005442
2021-06-17 09:29:57,424.2,3006474
2021-06-17 09:29:58,424.2,3007801
2021-06-17 09:30:00,424.1,3007957
2021-06-17 09:30:01,424.2,3023781
2021-06-17 09:30:02,424.2,3026306
2021-06-17 09:30:03,424.05,3040671
2021-06-17 09:30:04,424.15,3044130
2021-06-17 09:30:05,424.05,3099928
2021-06-17 09:30:06,424.05,3101106
2021-06-17 09:30:07,424.2,3102401
2021-06-17 09:30:07,424.3,3102451
2021-06-17 09:30:09,424.3,3102502
2021-06-17 09:30:10,424.25,3105992
2021-06-17 09:30:11,424.4,3106204
2021-06-17 09:30:12,424.4,3106354
2021-06-17 09:30:13,424.4,3106387
2021-06-17 09:30:14,424.45,3109646
2021-06-17 09:30:15,424.5,3125645
2021-06-17 09:30:16,424.5,3126865
2021-06-17 09:30:17,424.4,3127418
2021-06-17 09:30:18,424.5,3128215
2021-06-17 09:30:19,424.5,3130242
2021-06-17 09:30:20,424.35,3130981
2021-06-17 09:30:21,424.45,3131260
2021-06-17 09:30:22,424.25,3132937
2021-06-17 09:30:23,424.3,3133331
2021-06-17 09:30:24,424.3,3133639
2021-06-17 09:30:24,424.25,3133889
2021-06-17 09:30:26,424.3,3134606
2021-06-17 09:30:27,424.3,3135200
2021-06-17 09:30:28,424.3,3136301
2021-06-17 09:30:30,424.35,3138042
2021-06-17 09:30:31,424.3,3139313
2021-06-17 09:30:32,424.3,3143085
2021-06-17 09:30:33,424.2,3144644
2021-06-17 09:30:34,424.25,3145274
2021-06-17 09:30:35,424.2,3146082
2021-06-17 09:30:36,424.3,3148229
2021-06-17 09:30:37,424.15,3153076
2021-06-17 09:30:38,424.1,3153594
2021-06-17 09:30:39,424.0,3156857
2021-06-17 09:30:40,424.0,3157288
2021-06-17 09:30:42,424.0,3159135
2021-06-17 09:30:43,424.15,3159899
2021-06-17 09:30:44,424.15,3160008
2021-06-17 09:30:45,424.05,3160181
2021-06-17 09:30:46,424.0,3160988
2021-06-17 09:30:47,424.1,3161823
2021-06-17 09:30:49,424.0,3202784
2021-06-17 09:30:49,424.0,3203110
2021-06-17 09:30:51,424.2,3205468
2021-06-17 09:30:52,424.2,3205488
2021-06-17 09:30:53,424.2,3205702
2021-06-17 09:30:55,424.05,3208093
2021-06-17 09:30:56,424.0,3251850
2021-06-17 09:30:57,424.0,3251917
2021-06-17 09:30:59,424.1,3252447
2021-06-17 09:31:00,424.0,3283405
2021-06-17 09:31:01,424.05,3284853
2021-06-17 09:31:01,424.0,3284856
2021-06-17 09:31:03,424.05,3300206
2021-06-17 09:31:04,424.05,3300871
2021-06-17 09:31:06,424.05,3301165
2021-06-17 09:31:08,424.15,3302982
2021-06-17 09:31:09,424.1,3303199
2021-06-17 09:31:10,424.05,3305613
2021-06-17 09:31:11,424.0,3306764
2021-06-17 09:31:11,424.05,3306758
2021-06-17 09:31:12,424.2,3307000
2021-06-17 09:31:14,424.2,3307211
2021-06-17 09:31:15,424.05,3308725
2021-06-17 09:31:16,424.05,3308725
2021-06-17 09:31:17,424.15,3309213
2021-06-17 09:31:18,424.05,3325239
2021-06-17 09:31:19,424.1,3326708
2021-06-17 09:31:20,424.05,3326843
2021-06-17 09:31:21,424.05,3329208
2021-06-17 09:31:22,424.1,3329996
2021-06-17 09:31:23,424.0,3333935
2021-06-17 09:31:24,424.05,3334971
2021-06-17 09:31:25,424.05,3336055
2021-06-17 09:31:26,424.0,3338380
2021-06-17 09:31:27,424.05,3377008
2021-06-17 09:31:28,424.05,3377089
2021-06-17 09:31:29,424.05,3378454
2021-06-17 09:31:30,424.0,3379154
2021-06-17 09:31:31,424.05,3379229
2021-06-17 09:31:32,424.0,3382490
2021-06-17 09:31:33,424.05,3382521
2021-06-17 09:31:35,424.05,3399306
2021-06-17 09:31:34,424.05,3399294
2021-06-17 09:31:36,424.05,3400624
2021-06-17 09:31:37,424.05,3401684
2021-06-17 09:31:40,424.0,3410009
2021-06-17 09:31:41,424.05,3410111
2021-06-17 09:31:42,424.0,3410608
2021-06-17 09:31:43,424.0,3412562
2021-06-17 09:31:44,424.0,3412900
2021-06-17 09:31:45,424.1,3413358
2021-06-17 09:31:46,424.05,3413998
2021-06-17 09:31:47,424.1,3414128
2021-06-17 09:31:48,424.15,3414613
2021-06-17 09:31:49,424.2,3419722
2021-06-17 09:31:50,424.15,3421120
2021-06-17 09:31:51,424.15,3421380
2021-06-17 09:31:52,424.15,3421643
2021-06-17 09:31:53,424.15,3421725
2021-06-17 09:31:54,424.15,3421775
2021-06-17 09:31:55,424.15,3421842
2021-06-17 09:31:56,424.15,3422511
2021-06-17 09:31:57,424.15,3422784
2021-06-17 09:31:58,424.1,3425015
2021-06-17 09:31:59,424.1,3425366
2021-06-17 09:32:00,424.15,3425368
2021-06-17 09:32:01,424.2,3427064
2021-06-17 09:32:02,424.1,3427302
2021-06-17 09:32:03,424.15,3428329
2021-06-17 09:32:04,424.05,3429090
2021-06-17 09:32:05,424.1,3431417
2021-06-17 09:32:06,424.0,3432094
2021-06-17 09:32:07,424.1,3432499
2021-06-17 09:32:08,424.2,3437559
2021-06-17 09:32:09,424.05,3437640
2021-06-17 09:32:10,424.05,3437640
2021-06-17 09:32:11,424.1,3437729
2021-06-17 09:32:12,424.1,3438063
2021-06-17 09:32:13,424.1,3438148
2021-06-17 09:32:14,424.2,3438963
2021-06-17 09:32:15,424.2,3440330
2021-06-17 09:32:16,424.1,3440462
2021-06-17 09:32:17,424.1,3442472
2021-06-17 09:32:19,424.15,3445503
2021-06-17 09:32:18,424.2,3444601
2021-06-17 09:32:20,424.2,3447913
2021-06-17 09:32:21,424.2,3448213
2021-06-17 09:32:22,424.15,3448283
2021-06-17 09:32:23,424.2,3450216
2021-06-17 09:32:24,424.2,3450859
2021-06-17 09:32:25,424.2,3451709
2021-06-17 09:32:26,424.2,3453190
2021-06-17 09:32:27,424.1,3454481
2021-06-17 09:32:28,424.1,3455342
2021-06-17 09:32:29,424.15,3456069
2021-06-17 09:32:30,424.2,3457233
2021-06-17 09:32:31,424.2,3457633
2021-06-17 09:32:32,424.3,3473110
2021-06-17 09:32:33,424.3,3473277
2021-06-17 09:32:34,424.3,3473777
2021-06-17 09:32:35,424.45,3477017
2021-06-17 09:32:36,424.45,3477067
2021-06-17 09:32:37,424.45,3477131
2021-06-17 09:32:38,424.35,3477449
2021-06-17 09:32:39,424.45,3477791
2021-06-17 09:32:40,424.3,3481064
2021-06-17 09:32:42,424.3,3483428
2021-06-17 09:32:43,424.3,3485432
2021-06-17 09:32:44,424.25,3485816
2021-06-17 09:32:45,424.25,3486082
2021-06-17 09:32:46,424.3,3486182
2021-06-17 09:32:47,424.2,3486347
2021-06-17 09:32:48,424.25,3487453
2021-06-17 09:32:49,424.25,3487598
2021-06-17 09:32:51,424.2,3489802
2021-06-17 09:32:52,424.3,3490465
2021-06-17 09:32:53,424.2,3491410
2021-06-17 09:32:54,424.2,3491571
2021-06-17 09:32:55,424.15,3491646
2021-06-17 09:32:56,424.2,3492480
2021-06-17 09:32:57,424.2,3493484
2021-06-17 09:32:58,424.3,3493914
2021-06-17 09:32:59,424.25,3494875
2021-06-17 09:33:00,424.2,3495086
2021-06-17 09:33:01,424.2,3495126
2021-06-17 09:33:02,424.3,3495454
2021-06-17 09:33:03,424.05,3499885
2021-06-17 09:33:04,424.1,3500200
2021-06-17 09:33:05,424.2,3502536
2021-06-17 09:33:06,424.25,3505174
2021-06-17 09:33:08,424.1,3506011
2021-06-17 09:33:09,424.15,3506650
2021-06-17 09:33:10,424.1,3506860
2021-06-17 09:33:11,424.15,3507168
2021-06-17 09:33:12,424.3,3542294
2021-06-17 09:33:13,424.5,3603608
2021-06-17 09:33:14,424.95,3664160
2021-06-17 09:33:15,424.9,3697279
2021-06-17 09:33:16,425.05,3731072
2021-06-17 09:33:17,425.1,3732501
2021-06-17 09:33:18,425.1,3732501
2021-06-17 09:33:19,425.1,3732624
2021-06-17 09:33:21,425.1,3745544
2021-06-17 09:33:22,425.05,3748532
2021-06-17 09:33:23,425.1,3774648
2021-06-17 09:33:24,425.15,3775812
2021-06-17 09:33:25,425.0,3777664
2021-06-17 09:33:26,425.1,3777934
2021-06-17 09:33:27,425.05,3779208
2021-06-17 09:33:28,425.1,3782520
2021-06-17 09:33:29,425.0,3809310
2021-06-17 09:33:30,425.05,3809376
2021-06-17 09:33:32,425.05,3819740
2021-06-17 09:33:32,425.05,3819740
2021-06-17 09:33:33,425.0,3837364
2021-06-17 09:33:34,424.9,3839348
2021-06-17 09:33:35,424.8,3840739
2021-06-17 09:33:36,424.8,3841382
2021-06-17 09:33:37,424.75,3842512
2021-06-17 09:33:38,424.5,3843891
2021-06-17 09:33:39,424.4,3844238
2021-06-17 09:33:40,424.6,3844593
2021-06-17 09:33:41,424.5,3847117
2021-06-17 09:33:42,424.3,3855781
2021-06-17 09:33:43,424.3,3855856
2021-06-17 09:33:44,424.2,3856066
2021-06-17 09:33:46,424.3,3856516
2021-06-17 09:33:47,424.3,3857415
2021-06-17 09:33:48,424.3,3860416
2021-06-17 09:33:49,424.05,3864326
2021-06-17 09:33:50,424.3,3864395
2021-06-17 09:33:51,424.5,3864795
2021-06-17 09:33:52,424.45,3865014
2021-06-17 09:33:53,424.3,3867432
2021-06-17 09:33:54,424.3,3867533
2021-06-17 09:33:55,424.15,3878038
2021-06-17 09:33:56,424.15,3878079
2021-06-17 09:33:57,424.2,3878241
2021-06-17 09:33:58,424.15,3880162
2021-06-17 09:33:59,424.2,3880262
2021-06-17 09:34:00,424.15,3880467
2021-06-17 09:34:01,424.2,3881807
2021-06-17 09:34:02,424.2,3882613
2021-06-17 09:34:04,424.2,3887492
2021-06-17 09:34:04,424.2,3887577
2021-06-17 09:34:05,424.25,3887784
2021-06-17 09:34:06,424.35,3887889
2021-06-17 09:34:07,424.4,3888055
2021-06-17 09:34:08,424.2,3888588
2021-06-17 09:34:10,424.2,3889148
2021-06-17 09:34:12,424.3,3890147
2021-06-17 09:34:13,424.3,3890288
2021-06-17 09:34:14,424.3,3890292
2021-06-17 09:34:15,424.2,3890892
2021-06-17 09:34:15,424.2,3890892
2021-06-17 09:34:17,424.3,3891417
2021-06-17 09:34:18,424.3,3891457
2021-06-17 09:34:19,424.2,3891700
2021-06-17 09:34:20,424.25,3892020
2021-06-17 09:34:21,424.3,3892332
2021-06-17 09:34:22,424.15,3905466
2021-06-17 09:34:22,424.15,3905466
2021-06-17 09:34:23,424.3,3905491
2021-06-17 09:34:24,424.3,3906571
2021-06-17 09:34:25,424.3,3907531
2021-06-17 09:34:26,424.4,3907597
2021-06-17 09:34:27,424.3,3907883
2021-06-17 09:34:28,424.35,3908223
2021-06-17 09:34:29,424.3,3916359
2021-06-17 09:34:30,424.35,3916959
2021-06-17 09:34:32,424.25,3917631
2021-06-17 09:34:34,424.3,3917839
2021-06-17 09:34:34,424.3,3917889
2021-06-17 09:34:35,424.15,3927958
2021-06-17 09:34:36,424.15,3928462
2021-06-17 09:34:37,424.3,3929494
2021-06-17 09:34:38,424.3,3932270
2021-06-17 09:34:39,424.05,3940068
2021-06-17 09:34:41,424.05,3951472
2021-06-17 09:34:41,424.05,3951472
2021-06-17 09:34:43,424.2,3952953
2021-06-17 09:34:44,424.1,3953284
2021-06-17 09:34:45,423.75,3999076
2021-06-17 09:34:46,423.55,4001823
2021-06-17 09:34:47,423.65,4002034
2021-06-17 09:34:48,423.75,4003057
2021-06-17 09:34:50,423.65,4003089
2021-06-17 09:34:51,423.85,4003471
2021-06-17 09:34:52,423.85,4003506
2021-06-17 09:34:53,423.7,4004156
2021-06-17 09:34:54,423.85,4005286
2021-06-17 09:34:55,423.8,4005369
2021-06-17 09:34:56,423.85,4005391
2021-06-17 09:34:57,423.85,4005412
2021-06-17 09:34:58,424.0,4006151
2021-06-17 09:34:59,423.7,4008545
2021-06-17 09:35:00,423.8,4009700
2021-06-17 09:35:01,423.8,4009765
2021-06-17 09:35:02,423.85,4009987
2021-06-17 09:35:03,423.8,4010416
2021-06-17 09:35:04,423.85,4014339
2021-06-17 09:35:06,423.85,4014349
2021-06-17 09:35:06,423.85,4014349
2021-06-17 09:35:07,423.85,4014733
2021-06-17 09:35:08,423.75,4017156
2021-06-17 09:35:09,423.85,4017195
2021-06-17 09:35:10,423.95,4021923
2021-06-17 09:35:11,424.15,4023217
2021-06-17 09:35:12,424.15,4023309
2021-06-17 09:35:14,424.2,4024252
2021-06-17 09:35:14,424.2,4024252
2021-06-17 09:35:15,424.2,4024624
2021-06-17 09:35:16,424.25,4024655
2021-06-17 09:35:17,424.3,4026621
2021-06-17 09:35:18,424.2,4027743
2021-06-17 09:35:19,424.2,4028143
2021-06-17 09:35:20,424.35,4028803
2021-06-17 09:35:22,424.05,4029326
2021-06-17 09:35:22,424.05,4029306
2021-06-17 09:35:23,424.25,4030957
2021-06-17 09:35:24,424.25,4031174
2021-06-17 09:35:25,424.0,4032460
2021-06-17 09:35:26,424.1,4035360
2021-06-17 09:35:27,424.15,4036678
2021-06-17 09:35:28,424.1,4037908
2021-06-17 09:35:30,424.2,4038458
2021-06-17 09:35:30,424.2,4038958
2021-06-17 09:35:31,424.2,4039060
2021-06-17 09:35:32,424.1,4039451
2021-06-17 09:35:34,424.1,4040389
2021-06-17 09:35:35,424.2,4040419
2021-06-17 09:35:36,424.1,4040434
2021-06-17 09:35:38,424.2,4040644
2021-06-17 09:35:39,424.2,4040730
2021-06-17 09:35:40,424.15,4040896
2021-06-17 09:35:40,424.15,4040896
2021-06-17 09:35:41,424.1,4040989
2021-06-17 09:35:42,424.2,4041243
2021-06-17 09:35:43,424.1,4041340
2021-06-17 09:35:44,424.1,4042551
2021-06-17 09:35:45,424.1,4042795
2021-06-17 09:35:46,424.05,4042863
2021-06-17 09:35:47,424.05,4043286
2021-06-17 09:35:49,424.1,4043426
2021-06-17 09:35:50,424.15,4043531
2021-06-17 09:35:51,424.15,4043561
2021-06-17 09:35:52,424.25,4046501
2021-06-17 09:35:53,424.15,4046502
2021-06-17 09:35:54,424.25,4047062
2021-06-17 09:35:55,424.2,4047208
2021-06-17 09:35:56,424.2,4047418
2021-06-17 09:35:56,424.2,4047552
2021-06-17 09:35:57,424.2,4051998
2021-06-17 09:35:58,424.1,4052923
2021-06-17 09:35:59,424.2,4053258
2021-06-17 09:36:00,424.15,4053936
2021-06-17 09:36:01,424.05,4055342
2021-06-17 09:36:02,424.25,4055900
2021-06-17 09:36:03,424.1,4056176
2021-06-17 09:36:04,424.15,4056231
2021-06-17 09:36:05,424.25,4058391
2021-06-17 09:36:06,424.2,4058604
2021-06-17 09:36:08,424.15,4058900
2021-06-17 09:36:09,424.15,4059251
2021-06-17 09:36:10,424.2,4059387
2021-06-17 09:36:10,424.2,4059417
2021-06-17 09:36:11,424.3,4059747
2021-06-17 09:36:12,424.35,4060156
2021-06-17 09:36:13,424.45,4062402
2021-06-17 09:36:14,424.4,4062719
2021-06-17 09:36:15,424.4,4063324
2021-06-17 09:36:16,424.25,4065157
2021-06-17 09:36:17,424.35,4065813
2021-06-17 09:36:18,424.25,4066153
2021-06-17 09:36:19,424.35,4066359
2021-06-17 09:36:20,424.35,4066866
2021-06-17 09:36:22,424.35,4066966
2021-06-17 09:36:23,424.4,4067047
2021-06-17 09:36:23,424.4,4067047
2021-06-17 09:36:24,424.3,4067776
2021-06-17 09:36:25,424.3,4068007
2021-06-17 09:36:26,424.3,4068384
2021-06-17 09:36:28,424.35,4068548
2021-06-17 09:36:29,424.35,4068602
2021-06-17 09:36:32,424.3,4069359
2021-06-17 09:36:33,424.4,4070639
2021-06-17 09:36:34,424.35,4070756
2021-06-17 09:36:35,424.3,4079826
2021-06-17 09:36:35,424.3,4079704
2021-06-17 09:36:36,424.3,4080556
2021-06-17 09:36:37,424.25,4080856
2021-06-17 09:36:38,424.25,4081078
2021-06-17 09:36:40,424.3,4082013
2021-06-17 09:36:41,424.25,4082720
2021-06-17 09:36:42,424.3,4083811
2021-06-17 09:36:43,424.3,4084491
2021-06-17 09:36:43,424.3,4084491
2021-06-17 09:36:44,424.3,4084783
2021-06-17 09:36:45,424.25,4084982
2021-06-17 09:36:46,424.1,4092799
2021-06-17 09:36:47,424.2,4092900
2021-06-17 09:36:48,424.0,4104036
2021-06-17 09:36:51,424.1,4105351
2021-06-17 09:36:52,424.0,4106234
2021-06-17 09:36:54,423.95,4115052
2021-06-17 09:36:55,423.8,4116606
2021-06-17 09:36:56,423.85,4119448
2021-06-17 09:36:56,424.0,4119658
2021-06-17 09:36:57,424.0,4120453
2021-06-17 09:36:59,424.0,4120560
2021-06-17 09:37:00,424.0,4121099
2021-06-17 09:37:01,424.0,4122117
2021-06-17 09:37:01,424.05,4121115
2021-06-17 09:37:02,424.15,4122178
2021-06-17 09:37:03,424.15,4122402
2021-06-17 09:37:04,424.1,4122588
2021-06-17 09:37:07,424.25,4123256
2021-06-17 09:37:08,424.25,4123476
2021-06-17 09:37:09,424.2,4123736
2021-06-17 09:37:09,424.2,4123736
2021-06-17 09:37:10,424.3,4123756
2021-06-17 09:37:11,424.2,4124081
2021-06-17 09:37:13,424.3,4124351
2021-06-17 09:37:13,424.2,4124151
2021-06-17 09:37:15,424.25,4125059
2021-06-17 09:37:15,424.25,4124809
2021-06-17 09:37:16,424.3,4125792
2021-06-17 09:37:17,424.35,4125917
2021-06-17 09:37:19,424.3,4127128
2021-06-17 09:37:19,424.3,4127128
2021-06-17 09:37:21,424.35,4127408
2021-06-17 09:37:21,424.35,4127408
2021-06-17 09:37:23,424.35,4130529
2021-06-17 09:37:23,424.4,4130479
2021-06-17 09:37:24,424.4,4133117
2021-06-17 09:37:25,424.35,4133431
2021-06-17 09:37:26,424.4,4133966
2021-06-17 09:37:27,424.4,4134023
2021-06-17 09:37:28,424.4,4134183
2021-06-17 09:37:30,424.35,4134263
2021-06-17 09:37:31,424.35,4134786
2021-06-17 09:37:31,424.35,4134786
2021-06-17 09:37:32,424.3,4134821
2021-06-17 09:37:33,424.35,4134857
2021-06-17 09:37:34,424.2,4135548
2021-06-17 09:37:35,424.2,4136833
2021-06-17 09:37:36,424.3,4137696
2021-06-17 09:37:37,424.3,4138237
2021-06-17 09:37:39,424.3,4138237
2021-06-17 09:37:40,424.3,4139443
2021-06-17 09:37:41,424.35,4139762
2021-06-17 09:37:42,424.3,4141228
2021-06-17 09:37:43,424.3,4141386
2021-06-17 09:37:43,424.2,4141381
2021-06-17 09:37:44,424.3,4141453
2021-06-17 09:37:45,424.3,4141576
2021-06-17 09:37:47,424.3,4141627
2021-06-17 09:37:48,424.3,4141662
2021-06-17 09:37:49,424.35,4141858
2021-06-17 09:37:50,424.4,4142023
2021-06-17 09:37:51,424.3,4142146
2021-06-17 09:37:52,424.4,4142211
2021-06-17 09:37:53,424.3,4142414
2021-06-17 09:37:54,424.3,4145408
2021-06-17 09:37:56,424.25,4145861
2021-06-17 09:37:55,424.4,4145484
2021-06-17 09:37:57,424.4,4145934
2021-06-17 09:37:58,424.4,4146438
2021-06-17 09:37:58,424.4,4146438
2021-06-17 09:37:59,424.35,4146986
2021-06-17 09:38:00,424.45,4155536
2021-06-17 09:38:02,424.45,4155573
2021-06-17 09:38:03,424.45,4155573
2021-06-17 09:38:04,424.4,4195732
2021-06-17 09:38:05,424.55,4195943
2021-06-17 09:38:06,424.35,4196895
2021-06-17 09:38:07,424.35,4197016
2021-06-17 09:38:08,424.3,4197787
2021-06-17 09:38:09,424.3,4198112
2021-06-17 09:38:09,424.3,4198112
2021-06-17 09:38:11,424.0,4200651
2021-06-17 09:38:12,424.15,4201156
2021-06-17 09:38:12,424.15,4201156
2021-06-17 09:38:13,424.2,4201206
2021-06-17 09:38:14,424.2,4201501
2021-06-17 09:38:16,424.25,4201915
2021-06-17 09:38:17,424.05,4204704
2021-06-17 09:38:18,424.0,4204804
2021-06-17 09:38:19,424.2,4204806
2021-06-17 09:38:20,424.2,4204806
2021-06-17 09:38:21,424.15,4204820
2021-06-17 09:38:21,424.05,4204830
2021-06-17 09:38:23,424.2,4205196
2021-06-17 09:38:24,424.0,4205836
2021-06-17 09:38:24,424.15,4205806
2021-06-17 09:38:25,424.25,4206025
2021-06-17 09:38:26,424.2,4206163
2021-06-17 09:38:27,424.15,4206609
2021-06-17 09:38:29,424.05,4221480
2021-06-17 09:38:31,424.05,4224213
2021-06-17 09:38:32,424.05,4224279
2021-06-17 09:38:33,424.05,4224481
2021-06-17 09:38:34,424.05,4225131
2021-06-17 09:38:35,424.05,4225649
2021-06-17 09:38:36,424.0,4226213
2021-06-17 09:38:37,424.15,4226548
2021-06-17 09:38:37,424.15,4226548
2021-06-17 09:38:38,424.05,4227793
2021-06-17 09:38:39,424.05,4228120
2021-06-17 09:38:41,424.05,4228320
2021-06-17 09:38:42,424.05,4228449
2021-06-17 09:38:43,424.15,4228473
2021-06-17 09:38:44,424.0,4229440
2021-06-17 09:38:45,424.05,4230354
2021-06-17 09:38:46,424.05,4230362
2021-06-17 09:38:47,424.1,4230382
2021-06-17 09:38:47,424.1,4230382
2021-06-17 09:38:48,424.05,4230402
2021-06-17 09:38:51,424.15,4233716
2021-06-17 09:38:51,424.15,4233716
2021-06-17 09:38:52,424.15,4234891
2021-06-17 09:38:53,424.3,4238414
2021-06-17 09:38:54,424.4,4238966
2021-06-17 09:38:56,424.45,4239221
2021-06-17 09:38:57,424.25,4241873
2021-06-17 09:38:58,424.4,4242174
2021-06-17 09:39:00,424.35,4242674
2021-06-17 09:39:01,424.25,4242774
2021-06-17 09:39:02,424.4,4242989
2021-06-17 09:39:03,424.45,4243052
2021-06-17 09:39:04,424.3,4243058
2021-06-17 09:39:05,424.3,4243376
2021-06-17 09:39:06,424.35,4243404
2021-06-17 09:39:07,424.35,4243479
2021-06-17 09:39:08,424.25,4248546
2021-06-17 09:39:09,424.3,4249067
2021-06-17 09:39:10,424.35,4249073
2021-06-17 09:39:11,424.35,4249309
2021-06-17 09:39:12,424.35,4249363
2021-06-17 09:39:13,424.4,4249481
2021-06-17 09:39:13,424.4,4249481
2021-06-17 09:39:15,424.1,4254110
2021-06-17 09:39:15,424.1,4254110
2021-06-17 09:39:16,424.2,4254554
2021-06-17 09:39:18,424.15,4259480
2021-06-17 09:39:18,424.15,4259480
2021-06-17 09:39:19,424.35,4259528
2021-06-17 09:39:20,424.3,4260036
2021-06-17 09:39:21,424.2,4261086
2021-06-17 09:39:22,424.3,4261129
2021-06-17 09:39:23,424.4,4261148
2021-06-17 09:39:24,424.4,4261808
2021-06-17 09:39:26,424.4,4261889
2021-06-17 09:39:27,424.3,4263728
2021-06-17 09:39:28,424.4,4265220
2021-06-17 09:39:28,424.4,4265220
2021-06-17 09:39:31,424.55,4277695
2021-06-17 09:39:32,424.6,4277701
2021-06-17 09:39:33,424.5,4278801
2021-06-17 09:39:34,424.6,4278866
2021-06-17 09:39:35,424.7,4293745
2021-06-17 09:39:38,424.7,4294135
2021-06-17 09:39:39,424.85,4294169
2021-06-17 09:39:40,424.85,4294185
2021-06-17 09:39:42,424.7,4296510
2021-06-17 09:39:43,424.75,4296531
2021-06-17 09:39:43,424.75,4296531
2021-06-17 09:39:44,424.75,4296722
2021-06-17 09:39:45,424.7,4297245
2021-06-17 09:39:47,424.7,4297745
2021-06-17 09:39:48,424.7,4297848
2021-06-17 09:39:49,424.45,4298952
2021-06-17 09:39:50,424.65,4302478
2021-06-17 09:39:51,424.65,4302478
2021-06-17 09:39:52,424.65,4303432
2021-06-17 09:39:53,424.7,4304272
2021-06-17 09:39:54,424.55,4306136
2021-06-17 09:39:55,424.55,4306202
2021-06-17 09:39:56,424.55,4306242
2021-06-17 09:39:56,424.55,4306242
2021-06-17 09:39:57,424.7,4307452
2021-06-17 09:39:58,424.7,4308986
2021-06-17 09:40:00,424.6,4309642
2021-06-17 09:40:01,424.6,4310077
2021-06-17 09:40:01,424.6,4310077
2021-06-17 09:40:03,424.7,4310496
2021-06-17 09:40:04,424.7,4311146
2021-06-17 09:40:05,424.6,4311913
2021-06-17 09:40:07,424.6,4313212
2021-06-17 09:40:08,424.7,4313774
2021-06-17 09:40:09,424.7,4313785
2021-06-17 09:40:11,424.65,4317263
2021-06-17 09:40:12,424.65,4317339
2021-06-17 09:40:13,424.75,4322423
2021-06-17 09:40:14,424.75,4322703
2021-06-17 09:40:15,424.7,4323851
2021-06-17 09:40:16,424.7,4324144
2021-06-17 09:40:17,424.8,4324178
2021-06-17 09:40:19,424.65,4324675
2021-06-17 09:40:20,424.65,4324777
2021-06-17 09:40:21,424.8,4326978
2021-06-17 09:40:22,424.75,4327815
2021-06-17 09:40:23,424.9,4328530
2021-06-17 09:40:24,424.9,4333187
2021-06-17 09:40:26,424.8,4336494
2021-06-17 09:40:27,424.9,4336502
2021-06-17 09:40:28,424.75,4336882
2021-06-17 09:40:29,424.9,4339385
2021-06-17 09:40:30,424.9,4343762
2021-06-17 09:40:31,424.9,4344401
2021-06-17 09:40:32,424.9,4344463
2021-06-17 09:40:33,424.85,4344618
2021-06-17 09:40:34,424.95,4346003
2021-06-17 09:40:34,424.95,4346003
2021-06-17 09:40:35,424.9,4346144
2021-06-17 09:40:36,425.0,4350289
2021-06-17 09:40:38,425.0,4350591
2021-06-17 09:40:39,425.0,4352349
2021-06-17 09:40:40,424.9,4352690
2021-06-17 09:40:41,424.95,4353299
2021-06-17 09:40:42,425.05,4392529
2021-06-17 09:40:44,425.05,4405343
2021-06-17 09:40:45,424.8,4408695
2021-06-17 09:40:46,424.9,4408956
2021-06-17 09:40:47,424.75,4416654
2021-06-17 09:40:48,424.8,4417823
2021-06-17 09:40:49,424.85,4418391
2021-06-17 09:40:50,424.9,4418813
2021-06-17 09:40:50,424.9,4418833
2021-06-17 09:40:52,424.8,4420509
2021-06-17 09:40:53,424.9,4420934
2021-06-17 09:40:54,424.95,4422341
2021-06-17 09:40:55,424.75,4422791
2021-06-17 09:40:56,424.9,4423469
2021-06-17 09:40:57,424.9,4423910
2021-06-17 09:40:58,424.9,4424133
2021-06-17 09:40:59,424.9,4426158
2021-06-17 09:41:01,424.95,4427435
2021-06-17 09:41:02,424.95,4427795
2021-06-17 09:41:02,424.85,4428145
2021-06-17 09:41:03,424.85,4429071
2021-06-17 09:41:04,424.85,4429258
2021-06-17 09:41:07,424.8,4430873
2021-06-17 09:41:08,424.8,4431072
2021-06-17 09:41:09,424.8,4431122
2021-06-17 09:41:10,424.75,4431128
2021-06-17 09:41:11,424.8,4431253
2021-06-17 09:41:12,424.9,4432453
2021-06-17 09:41:13,424.8,4432687
2021-06-17 09:41:14,424.8,4433290
2021-06-17 09:41:15,424.85,4433584
2021-06-17 09:41:16,424.8,4433669
2021-06-17 09:41:16,424.85,4433869
2021-06-17 09:41:17,424.8,4434073
2021-06-17 09:41:19,424.7,4436468
2021-06-17 09:41:19,424.8,4436830
2021-06-17 09:41:20,424.8,4437545
2021-06-17 09:41:21,424.85,4437740
2021-06-17 09:41:23,424.9,4437972
2021-06-17 09:41:24,424.85,4438167
2021-06-17 09:41:25,424.8,4438319
2021-06-17 09:41:26,424.85,4438522
2021-06-17 09:41:27,424.9,4438636
2021-06-17 09:41:27,424.9,4438636
2021-06-17 09:41:28,424.95,4440496
2021-06-17 09:41:29,425.0,4443065
2021-06-17 09:41:31,424.9,4443570
2021-06-17 09:41:32,424.9,4444017
2021-06-17 09:41:33,424.95,4444064
2021-06-17 09:41:34,424.95,4444602
2021-06-17 09:41:35,424.95,4444612
2021-06-17 09:41:36,425.0,4444972
2021-06-17 09:41:37,424.95,4445247
2021-06-17 09:41:38,424.85,4445459
2021-06-17 09:41:39,424.8,4445609
2021-06-17 09:41:40,424.8,4446330
2021-06-17 09:41:41,424.85,4446717
2021-06-17 09:41:42,424.95,4448862
2021-06-17 09:41:43,424.8,4449552
2021-06-17 09:41:44,424.9,4449723
2021-06-17 09:41:45,424.95,4450214
2021-06-17 09:41:46,424.85,4450229
2021-06-17 09:41:46,424.85,4450254
2021-06-17 09:41:48,424.85,4450961
2021-06-17 09:41:49,424.85,4451233
2021-06-17 09:41:50,424.95,4451553
2021-06-17 09:41:51,424.85,4451964
2021-06-17 09:41:52,425.1,4469655
2021-06-17 09:41:53,425.1,4469655
2021-06-17 09:41:54,425.1,4482664
2021-06-17 09:41:55,425.2,4484679
2021-06-17 09:41:56,425.05,4485562
2021-06-17 09:41:57,425.05,4486567
2021-06-17 09:41:58,425.1,4486960
2021-06-17 09:41:59,424.9,4489151
2021-06-17 09:42:00,425.05,4490716
2021-06-17 09:42:01,425.1,4491739
2021-06-17 09:42:02,424.95,4491794
2021-06-17 09:42:03,424.95,4491844
2021-06-17 09:42:04,425.05,4492190
2021-06-17 09:42:05,424.95,4492390
2021-06-17 09:42:07,425.2,4495281
2021-06-17 09:42:08,425.05,4496182
2021-06-17 09:42:09,425.0,4499480
2021-06-17 09:42:10,425.0,4499775
2021-06-17 09:42:11,425.0,4499854
2021-06-17 09:42:12,425.15,4501482
2021-06-17 09:42:13,425.15,4502027
2021-06-17 09:42:14,425.0,4502103
2021-06-17 09:42:15,425.0,4502132
2021-06-17 09:42:16,425.1,4503248
2021-06-17 09:42:17,425.2,4504398
2021-06-17 09:42:18,425.1,4505052
2021-06-17 09:42:19,425.1,4505522
2021-06-17 09:42:20,425.15,4515436
2021-06-17 09:42:21,425.25,4519252
2021-06-17 09:42:22,425.25,4519252
2021-06-17 09:42:23,425.3,4521052
2021-06-17 09:42:24,425.25,4521906
2021-06-17 09:42:25,425.3,4522480
2021-06-17 09:42:26,425.3,4523113
2021-06-17 09:42:27,425.3,4523368
2021-06-17 09:42:28,425.3,4523988
2021-06-17 09:42:30,425.3,4525320
2021-06-17 09:42:31,425.3,4525470
2021-06-17 09:42:32,425.3,4525621
2021-06-17 09:42:33,425.1,4526371
2021-06-17 09:42:34,425.1,4527492
2021-06-17 09:42:36,425.05,4533574
2021-06-17 09:42:37,425.1,4534087
2021-06-17 09:42:38,425.1,4534115
2021-06-17 09:42:39,425.1,4535189
2021-06-17 09:42:40,425.0,4548385
2021-06-17 09:42:41,425.0,4548903
2021-06-17 09:42:42,425.0,4548903
2021-06-17 09:42:43,425.0,4554097
2021-06-17 09:42:44,424.85,4560246
2021-06-17 09:42:45,424.9,4560761
2021-06-17 09:42:46,424.9,4560861
2021-06-17 09:42:47,424.85,4561244
2021-06-17 09:42:48,424.85,4561784
2021-06-17 09:42:49,425.0,4562739
2021-06-17 09:42:50,424.95,4562768
2021-06-17 09:42:53,424.8,4570951
2021-06-17 09:42:54,424.85,4571341
2021-06-17 09:42:55,424.75,4571441
2021-06-17 09:42:56,424.85,4572456
2021-06-17 09:42:57,424.8,4572609
2021-06-17 09:42:58,424.85,4572710
2021-06-17 09:42:59,424.8,4573074
2021-06-17 09:43:00,424.8,4574257
2021-06-17 09:43:01,424.8,4576439
2021-06-17 09:43:02,424.75,4576595
2021-06-17 09:43:03,424.7,4577225
2021-06-17 09:43:05,424.8,4578153
2021-06-17 09:43:06,424.75,4578203
2021-06-17 09:43:07,424.8,4578623
2021-06-17 09:43:08,424.95,4579278
2021-06-17 09:43:09,424.95,4579347
2021-06-17 09:43:10,424.8,4579869
2021-06-17 09:43:11,424.8,4580809
2021-06-17 09:43:12,424.75,4580934
2021-06-17 09:43:13,424.9,4582151
2021-06-17 09:43:15,424.7,4585261
2021-06-17 09:43:16,424.7,4587907
2021-06-17 09:43:17,424.75,4588141
2021-06-17 09:43:18,424.8,4589526
2021-06-17 09:43:19,424.7,4589701
2021-06-17 09:43:20,424.7,4589885
2021-06-17 09:43:21,424.8,4590461
2021-06-17 09:43:22,424.9,4590932
2021-06-17 09:43:23,424.75,4591291
2021-06-17 09:43:24,424.75,4593300
2021-06-17 09:43:25,424.75,4593376
2021-06-17 09:43:26,424.75,4593880
2021-06-17 09:43:28,424.9,4594313
2021-06-17 09:43:29,424.9,4595219
2021-06-17 09:43:30,424.9,4596287
2021-06-17 09:43:31,424.75,4596337
2021-06-17 09:43:32,424.75,4596403
2021-06-17 09:43:33,424.8,4596981
2021-06-17 09:43:35,424.8,4597052
2021-06-17 09:43:36,424.9,4597207
2021-06-17 09:43:37,424.9,4597207
2021-06-17 09:43:38,424.9,4597527
2021-06-17 09:43:39,424.8,4597732
2021-06-17 09:43:40,424.85,4598131
2021-06-17 09:43:41,424.9,4598275
2021-06-17 09:43:42,424.95,4609865
2021-06-17 09:43:43,425.0,4610217
2021-06-17 09:43:44,425.0,4610527
2021-06-17 09:43:45,425.0,4610531
2021-06-17 09:43:47,425.05,4615745
2021-06-17 09:43:48,425.05,4615797
2021-06-17 09:43:49,425.05,4615833
2021-06-17 09:43:50,424.9,4616505
2021-06-17 09:43:51,425.05,4617514
2021-06-17 09:43:52,425.0,4617516
2021-06-17 09:43:53,424.9,4617621
2021-06-17 09:43:54,424.9,4617742
2021-06-17 09:43:55,425.0,4617913
2021-06-17 09:43:57,425.0,4618578
2021-06-17 09:43:58,425.0,4618758
2021-06-17 09:43:59,424.95,4620152
2021-06-17 09:44:00,424.9,4620212
2021-06-17 09:44:01,424.7,4622217
2021-06-17 09:44:02,424.85,4622622
2021-06-17 09:44:03,424.7,4622775
2021-06-17 09:44:04,424.85,4623836
2021-06-17 09:44:05,424.7,4624484
2021-06-17 09:44:06,424.8,4624570
2021-06-17 09:44:07,424.75,4624975
2021-06-17 09:44:09,424.85,4626080
2021-06-17 09:44:10,424.75,4629290
2021-06-17 09:44:11,424.75,4629480
2021-06-17 09:44:12,424.75,4629927
2021-06-17 09:44:13,424.75,4630251
2021-06-17 09:44:14,424.75,4630385
2021-06-17 09:44:15,424.7,4631778
2021-06-17 09:44:16,424.8,4632182
2021-06-17 09:44:17,424.75,4632673
2021-06-17 09:44:18,424.75,4635238
2021-06-17 09:44:20,424.7,4636103
2021-06-17 09:44:20,424.8,4637135
2021-06-17 09:44:21,424.7,4637612
2021-06-17 09:44:22,424.8,4637853
2021-06-17 09:44:23,424.8,4638634
2021-06-17 09:44:24,424.85,4639359
2021-06-17 09:44:25,424.7,4639409
2021-06-17 09:44:26,424.8,4639911
2021-06-17 09:44:27,424.8,4645017
2021-06-17 09:44:29,424.85,4645793
2021-06-17 09:44:31,424.85,4646144
2021-06-17 09:44:32,424.8,4646208
2021-06-17 09:44:32,424.8,4646208
2021-06-17 09:44:34,424.8,4646552
2021-06-17 09:44:34,424.8,4646602
2021-06-17 09:44:35,424.75,4648322
2021-06-17 09:44:36,424.75,4648680
2021-06-17 09:44:37,424.75,4648748
2021-06-17 09:44:38,424.8,4648870
2021-06-17 09:44:39,424.8,4649032
2021-06-17 09:44:40,424.8,4649412
2021-06-17 09:44:41,424.75,4649418
2021-06-17 09:44:43,424.8,4650086
2021-06-17 09:44:43,424.8,4650386
2021-06-17 09:44:44,424.8,4650496
2021-06-17 09:44:45,424.8,4650633
2021-06-17 09:44:46,424.85,4650641
2021-06-17 09:44:47,424.85,4650641
2021-06-17 09:44:48,424.85,4651898
2021-06-17 09:44:49,424.85,4653742
2021-06-17 09:44:51,424.9,4653999
2021-06-17 09:44:52,424.85,4654008
2021-06-17 09:44:53,424.8,4654445
2021-06-17 09:44:54,424.9,4654480
2021-06-17 09:44:55,424.9,4654557
2021-06-17 09:44:56,424.8,4654857
2021-06-17 09:44:57,424.8,4656014
2021-06-17 09:44:58,424.75,4656636
2021-06-17 09:44:59,424.7,4661700
2021-06-17 09:45:00,424.65,4664994
2021-06-17 09:45:02,424.8,4669646
2021-06-17 09:45:02,424.9,4669766
2021-06-17 09:45:03,424.9,4673782
2021-06-17 09:45:05,424.85,4675666
2021-06-17 09:45:06,424.85,4675796
2021-06-17 09:45:08,424.7,4676071
2021-06-17 09:45:08,424.7,4676071
2021-06-17 09:45:09,424.75,4676169
2021-06-17 09:45:10,424.9,4676570
2021-06-17 09:45:11,424.7,4677645
2021-06-17 09:45:13,424.85,4680501
2021-06-17 09:45:14,424.75,4680578
2021-06-17 09:45:16,424.85,4681208
2021-06-17 09:45:16,424.7,4681212
2021-06-17 09:45:17,424.75,4681788
2021-06-17 09:45:18,424.7,4682405
2021-06-17 09:45:19,424.8,4682412
2021-06-17 09:45:20,424.7,4683912
2021-06-17 09:45:21,424.75,4683978
2021-06-17 09:45:22,424.85,4684181
2021-06-17 09:45:23,424.85,4684181
2021-06-17 09:45:25,424.8,4684532
2021-06-17 09:45:25,424.8,4684757
2021-06-17 09:45:26,424.7,4684949
2021-06-17 09:45:27,424.7,4685199
2021-06-17 09:45:28,424.8,4685572
2021-06-17 09:45:29,424.75,4685730
2021-06-17 09:45:30,424.75,4686656
2021-06-17 09:45:31,424.8,4687082
2021-06-17 09:45:33,424.8,4687363
2021-06-17 09:45:33,424.7,4687364
2021-06-17 09:45:34,424.8,4689197
2021-06-17 09:45:35,424.75,4689207
2021-06-17 09:45:36,424.65,4690918
2021-06-17 09:45:37,424.75,4691032
2021-06-17 09:45:38,424.75,4691592
2021-06-17 09:45:39,424.75,4692054
2021-06-17 09:45:40,424.6,4692328
2021-06-17 09:45:41,424.6,4692938
2021-06-17 09:45:43,424.6,4692973
2021-06-17 09:45:43,424.6,4692973
2021-06-17 09:45:44,424.6,4692984
2021-06-17 09:45:45,424.6,4694415
2021-06-17 09:45:46,424.6,4694860
2021-06-17 09:45:47,424.6,4694932
2021-06-17 09:45:50,424.6,4703373
2021-06-17 09:45:50,424.6,4703373
2021-06-17 09:45:51,424.65,4703474
2021-06-17 09:45:52,424.5,4707030
2021-06-17 09:45:53,424.55,4707080
2021-06-17 09:45:54,424.5,4709468
2021-06-17 09:45:55,424.5,4710055
2021-06-17 09:45:56,424.65,4711097
2021-06-17 09:45:57,424.7,4711330
2021-06-17 09:45:58,424.5,4711790
2021-06-17 09:46:00,424.65,4711890
2021-06-17 09:46:00,424.65,4711890
2021-06-17 09:46:01,424.7,4712705
2021-06-17 09:46:02,424.55,4712719
2021-06-17 09:46:03,424.55,4712879
2021-06-17 09:46:04,424.7,4713079
2021-06-17 09:46:05,424.7,4713480
2021-06-17 09:46:06,424.7,4715011
2021-06-17 09:46:07,424.65,4715062
2021-06-17 09:46:08,424.65,4715086
2021-06-17 09:46:11,424.55,4715323
2021-06-17 09:46:11,424.65,4715301
2021-06-17 09:46:13,424.65,4716579
2021-06-17 09:46:14,424.65,4716609
2021-06-17 09:46:14,424.5,4716614
2021-06-17 09:46:15,424.5,4717859
2021-06-17 09:46:16,424.6,4718661
2021-06-17 09:46:17,424.6,4718661
2021-06-17 09:46:18,424.5,4720401
2021-06-17 09:46:19,424.5,4721401
2021-06-17 09:46:20,424.6,4721914
2021-06-17 09:46:21,424.6,4722974
2021-06-17 09:46:22,424.6,4723414
2021-06-17 09:46:23,424.4,4742621
2021-06-17 09:46:25,424.35,4742651
2021-06-17 09:46:26,424.5,4743864
2021-06-17 09:46:26,424.5,4743864
2021-06-17 09:46:27,424.5,4743864
2021-06-17 09:46:28,424.45,4743954
2021-06-17 09:46:29,424.5,4744527
2021-06-17 09:46:30,424.35,4747488
2021-06-17 09:46:31,424.45,4747548
2021-06-17 09:46:32,424.5,4748006
2021-06-17 09:46:33,424.5,4748456
2021-06-17 09:46:35,424.5,4748997
2021-06-17 09:46:35,424.35,4749406
2021-06-17 09:46:37,424.5,4749409
2021-06-17 09:46:38,424.5,4749553
2021-06-17 09:46:39,424.45,4749692
2021-06-17 09:46:39,424.45,4749692
2021-06-17 09:46:40,424.55,4755336
2021-06-17 09:46:41,424.5,4757280
2021-06-17 09:46:42,424.5,4757280
2021-06-17 09:46:43,424.6,4761558
2021-06-17 09:46:44,424.6,4761763
2021-06-17 09:46:45,424.7,4761998
2021-06-17 09:46:47,424.7,4770453
2021-06-17 09:46:48,424.75,4771016
2021-06-17 09:46:49,424.65,4771070
2021-06-17 09:46:50,424.55,4771537
2021-06-17 09:46:52,424.8,4773904
2021-06-17 09:46:54,424.6,4774366
2021-06-17 09:46:55,424.75,4774840
2021-06-17 09:46:56,424.6,4775339
2021-06-17 09:46:57,424.55,4775528
2021-06-17 09:46:58,424.65,4775614
2021-06-17 09:47:00,424.6,4775943
2021-06-17 09:47:02,424.6,4775983
2021-06-17 09:47:03,424.6,4776033
2021-06-17 09:47:03,424.6,4777692
2021-06-17 09:47:06,424.5,4777978
2021-06-17 09:47:07,424.65,4778951
2021-06-17 09:47:09,424.65,4779562
2021-06-17 09:47:10,424.65,4779813
2021-06-17 09:47:11,424.65,4780178
2021-06-17 09:47:13,424.7,4783152
2021-06-17 09:47:14,424.7,4783284
2021-06-17 09:47:15,424.7,4783784
2021-06-17 09:47:16,424.7,4783828
2021-06-17 09:47:16,424.7,4783908
2021-06-17 09:47:18,424.8,4784072
2021-06-17 09:47:19,424.8,4784543
2021-06-17 09:47:20,424.7,4784547
2021-06-17 09:47:21,424.7,4784757
2021-06-17 09:47:23,424.75,4785443
2021-06-17 09:47:25,424.7,4785501
2021-06-17 09:47:26,424.8,4786063
2021-06-17 09:47:27,424.75,4786506
2021-06-17 09:47:27,424.75,4786506
2021-06-17 09:47:28,424.7,4786640
2021-06-17 09:47:31,424.8,4787405
2021-06-17 09:47:32,425.05,4814347
2021-06-17 09:47:33,425.0,4818878
2021-06-17 09:47:33,425.0,4818878
2021-06-17 09:47:35,424.9,4823780
2021-06-17 09:47:36,425.0,4826777
2021-06-17 09:47:38,425.0,4827568
2021-06-17 09:47:39,425.0,4827867
2021-06-17 09:47:40,424.9,4829621
2021-06-17 09:47:41,424.9,4831951
2021-06-17 09:47:42,424.8,4831967
2021-06-17 09:47:43,424.9,4832017
2021-06-17 09:47:44,424.95,4832174
2021-06-17 09:47:45,424.85,4832382
2021-06-17 09:47:45,424.85,4832382
2021-06-17 09:47:47,425.05,4833152
2021-06-17 09:47:48,424.8,4834428
2021-06-17 09:47:49,424.8,4835147
2021-06-17 09:47:49,424.8,4835950
2021-06-17 09:47:51,424.9,4837130
2021-06-17 09:47:51,424.8,4837230
2021-06-17 09:47:53,424.9,4838203
2021-06-17 09:47:54,424.8,4838745
2021-06-17 09:47:55,424.85,4838746
2021-06-17 09:47:58,424.85,4842349
2021-06-17 09:47:59,424.8,4843056
2021-06-17 09:48:00,424.8,4843362
2021-06-17 09:48:01,424.85,4844417
2021-06-17 09:48:02,424.75,4845324
2021-06-17 09:48:03,424.75,4845324
2021-06-17 09:48:04,424.75,4845324
2021-06-17 09:48:04,424.7,4845880
2021-06-17 09:48:07,424.65,4846619
2021-06-17 09:48:08,424.75,4848151
2021-06-17 09:48:09,424.75,4848399
2021-06-17 09:48:10,424.8,4848528
2021-06-17 09:48:11,424.8,4848539
2021-06-17 09:48:12,424.8,4848604
2021-06-17 09:48:13,424.8,4848927
2021-06-17 09:48:14,424.75,4849095
2021-06-17 09:48:15,424.9,4849499
2021-06-17 09:48:17,424.8,4849630
2021-06-17 09:48:18,424.8,4849897
2021-06-17 09:48:19,424.75,4849980
2021-06-17 09:48:20,424.8,4849984
2021-06-17 09:48:21,424.9,4850138
2021-06-17 09:48:22,424.9,4850188
2021-06-17 09:48:23,424.8,4851281
2021-06-17 09:48:24,424.8,4851997
2021-06-17 09:48:25,424.9,4853247
2021-06-17 09:48:26,424.95,4853380
2021-06-17 09:48:27,424.8,4853656
2021-06-17 09:48:27,424.8,4853656
2021-06-17 09:48:28,424.9,4853794
2021-06-17 09:48:29,424.85,4854995
2021-06-17 09:48:30,424.85,4855080
2021-06-17 09:48:31,425.0,4856587
2021-06-17 09:48:33,425.0,4858813
2021-06-17 09:48:35,424.9,4859043
2021-06-17 09:48:36,425.0,4859826
2021-06-17 09:48:36,425.0,4859826
2021-06-17 09:48:37,425.0,4860326
2021-06-17 09:48:38,424.9,4860396
2021-06-17 09:48:39,424.9,4860411
2021-06-17 09:48:40,424.9,4860411
2021-06-17 09:48:41,424.95,4860531
2021-06-17 09:48:42,425.0,4861231
2021-06-17 09:48:44,424.85,4863057
2021-06-17 09:48:44,425.0,4863312
2021-06-17 09:48:45,424.95,4863813
2021-06-17 09:48:47,425.0,4864162
2021-06-17 09:48:48,424.95,4864207
2021-06-17 09:48:49,424.95,4864834
2021-06-17 09:48:52,424.9,4865553
2021-06-17 09:48:52,424.9,4865553
2021-06-17 09:48:54,424.9,4865982
2021-06-17 09:48:55,424.9,4866537
2021-06-17 09:48:56,424.95,4866877
2021-06-17 09:48:58,424.95,4867118
2021-06-17 09:48:59,424.9,4867535
2021-06-17 09:49:00,424.9,4867804
2021-06-17 09:49:01,424.85,4867914
2021-06-17 09:49:02,424.85,4868882
2021-06-17 09:49:02,424.85,4868882
2021-06-17 09:49:03,424.85,4868882
2021-06-17 09:49:04,424.85,4869282
2021-06-17 09:49:05,424.8,4869334
2021-06-17 09:49:08,424.95,4869794
2021-06-17 09:49:09,424.95,4870404
2021-06-17 09:49:10,424.9,4870764
2021-06-17 09:49:11,424.8,4870869
2021-06-17 09:49:12,424.8,4871716
2021-06-17 09:49:13,424.8,4871829
2021-06-17 09:49:15,424.85,4871869
2021-06-17 09:49:16,424.85,4871883
2021-06-17 09:49:17,424.85,4872154
2021-06-17 09:49:18,424.9,4872219
2021-06-17 09:49:19,424.85,4873369
2021-06-17 09:49:21,424.85,4874874
2021-06-17 09:49:21,424.85,4874874
2021-06-17 09:49:22,424.95,4874881
2021-06-17 09:49:24,424.95,4875098
2021-06-17 09:49:25,424.75,4877009
2021-06-17 09:49:26,424.9,4877362
2021-06-17 09:49:27,424.75,4877372
2021-06-17 09:49:28,424.85,4877392
2021-06-17 09:49:29,424.85,4877553
2021-06-17 09:49:30,424.75,4878704
2021-06-17 09:49:31,424.85,4879239
2021-06-17 09:49:32,424.85,4879343
2021-06-17 09:49:33,424.85,4880031
2021-06-17 09:49:34,424.85,4880489
2021-06-17 09:49:36,424.75,4880758
2021-06-17 09:49:36,424.7,4880808
2021-06-17 09:49:37,424.8,4880817
2021-06-17 09:49:38,424.8,4881172
2021-06-17 09:49:40,424.75,4881218
2021-06-17 09:49:41,424.85,4881840
2021-06-17 09:49:42,424.75,4882223
2021-06-17 09:49:42,424.75,4882223
2021-06-17 09:49:43,424.85,4882295
2021-06-17 09:49:44,424.7,4883696
2021-06-17 09:49:45,424.7,4883710
2021-06-17 09:49:46,424.8,4884427
2021-06-17 09:49:47,424.65,4884477
2021-06-17 09:49:48,424.65,4884477
2021-06-17 09:49:50,424.65,4884521
2021-06-17 09:49:51,424.65,4884624
2021-06-17 09:49:52,424.8,4884627
2021-06-17 09:49:52,424.8,4884647
2021-06-17 09:49:54,424.7,4884770
2021-06-17 09:49:55,424.8,4884870
2021-06-17 09:49:56,424.75,4886645
2021-06-17 09:49:57,424.75,4886645
2021-06-17 09:49:58,424.8,4887298
2021-06-17 09:49:59,424.75,4889349
2021-06-17 09:50:00,424.6,4889367
2021-06-17 09:50:01,424.7,4889399
2021-06-17 09:50:01,424.7,4889399
2021-06-17 09:50:02,424.55,4889499
2021-06-17 09:50:03,424.75,4890209
2021-06-17 09:50:04,424.65,4890269
2021-06-17 09:50:05,424.75,4890769
2021-06-17 09:50:07,424.75,4890769
2021-06-17 09:50:08,424.65,4890969
2021-06-17 09:50:09,424.75,4891042
2021-06-17 09:50:10,424.75,4891303
2021-06-17 09:50:11,424.65,4891457
2021-06-17 09:50:12,424.8,4895841
2021-06-17 09:50:12,424.8,4895841
2021-06-17 09:50:13,424.75,4896156
2021-06-17 09:50:15,424.7,4900465
2021-06-17 09:50:16,424.85,4900607
2021-06-17 09:50:17,424.85,4901117
2021-06-17 09:50:18,424.75,4901248
2021-06-17 09:50:19,424.75,4901275
2021-06-17 09:50:20,424.75,4903020
2021-06-17 09:50:21,424.7,4903534
2021-06-17 09:50:21,424.85,4903614
2021-06-17 09:50:22,424.85,4903819
2021-06-17 09:50:24,424.7,4905820
2021-06-17 09:50:25,424.75,4905857
2021-06-17 09:50:26,424.85,4905867
2021-06-17 09:50:27,424.8,4906664
2021-06-17 09:50:28,424.85,4907438
2021-06-17 09:50:29,424.8,4907712
2021-06-17 09:50:32,424.85,4909300
2021-06-17 09:50:34,424.75,4909955
2021-06-17 09:50:35,424.75,4910055
2021-06-17 09:50:36,424.6,4911464
2021-06-17 09:50:37,424.55,4914231
2021-06-17 09:50:37,424.55,4914231
2021-06-17 09:50:38,424.7,4914733
2021-06-17 09:50:39,424.7,4915794
2021-06-17 09:50:40,424.65,4915835
2021-06-17 09:50:43,424.65,4916850
2021-06-17 09:50:44,424.55,4917215
2021-06-17 09:50:44,424.6,4917225
2021-06-17 09:50:45,424.6,4917234
2021-06-17 09:50:46,424.6,4917562
2021-06-17 09:50:47,424.55,4917612
2021-06-17 09:50:49,424.5,4918430
2021-06-17 09:50:50,424.5,4918929
2021-06-17 09:50:51,424.5,4919361
2021-06-17 09:50:52,424.55,4919651
2021-06-17 09:50:53,424.55,4925505
2021-06-17 09:50:54,424.5,4927131
2021-06-17 09:50:55,424.55,4927979
2021-06-17 09:50:56,424.55,4928632
2021-06-17 09:50:57,424.55,4929586
2021-06-17 09:50:58,424.55,4931353
2021-06-17 09:50:59,424.6,4931745
2021-06-17 09:51:00,424.55,4932454
2021-06-17 09:51:01,424.7,4932683
2021-06-17 09:51:02,424.55,4932816
2021-06-17 09:51:03,424.55,4932909
2021-06-17 09:51:04,424.7,4933132
2021-06-17 09:51:05,424.7,4933465
2021-06-17 09:51:06,424.6,4933687
2021-06-17 09:51:07,424.7,4934255
2021-06-17 09:51:08,424.7,4934391
2021-06-17 09:51:10,424.8,4935135
2021-06-17 09:51:11,424.65,4936325
2021-06-17 09:51:15,424.7,4937887
2021-06-17 09:51:16,424.65,4938395
2021-06-17 09:51:17,424.65,4940234
2021-06-17 09:51:18,424.7,4943089
2021-06-17 09:51:19,424.55,4944310
2021-06-17 09:51:19,424.75,4944736
2021-06-17 09:51:20,424.7,4946138
2021-06-17 09:51:22,424.75,4947531
2021-06-17 09:51:23,424.75,4947647
2021-06-17 09:51:24,424.55,4947980
2021-06-17 09:51:26,424.5,4949772
2021-06-17 09:51:28,424.7,4950373
2021-06-17 09:51:29,424.5,4953158
2021-06-17 09:51:30,424.65,4953686
2021-06-17 09:51:31,424.5,4954147
2021-06-17 09:51:31,424.65,4954380
2021-06-17 09:51:32,424.5,4954488
2021-06-17 09:51:33,424.65,4954739
2021-06-17 09:51:35,424.5,4955210
2021-06-17 09:51:36,424.5,4955570
2021-06-17 09:51:37,424.65,4957236
2021-06-17 09:51:38,424.55,4959804
2021-06-17 09:51:40,424.65,4960801
2021-06-17 09:51:41,424.6,4960955
2021-06-17 09:51:43,424.4,4961145
2021-06-17 09:51:44,424.65,4961560
2021-06-17 09:51:45,424.65,4964873
2021-06-17 09:51:46,424.6,4967413
2021-06-17 09:51:47,424.6,4967596
2021-06-17 09:51:48,424.6,4968517
2021-06-17 09:51:49,424.65,4972099
2021-06-17 09:51:50,424.8,4999849
2021-06-17 09:51:50,424.8,4999849
2021-06-17 09:51:51,424.65,5000354
2021-06-17 09:51:52,424.75,5000432
2021-06-17 09:51:53,424.65,5000627
2021-06-17 09:51:55,424.7,5001174
2021-06-17 09:51:56,424.5,5003807
2021-06-17 09:51:57,424.7,5004383
2021-06-17 09:51:58,424.7,5005635
2021-06-17 09:51:59,424.75,5005949
2021-06-17 09:52:00,424.7,5009553
2021-06-17 09:52:01,424.7,5014964
2021-06-17 09:52:02,424.85,5016317
2021-06-17 09:52:03,424.7,5016856
2021-06-17 09:52:04,424.85,5017628
2021-06-17 09:52:05,424.85,5017821
2021-06-17 09:52:06,424.85,5018315
2021-06-17 09:52:06,424.85,5018216
2021-06-17 09:52:08,424.75,5019581
2021-06-17 09:52:09,424.75,5020111
2021-06-17 09:52:10,424.75,5020343
2021-06-17 09:52:11,424.9,5022029
2021-06-17 09:52:12,424.95,5054189
2021-06-17 09:52:13,424.95,5055669
2021-06-17 09:52:14,424.95,5059927
2021-06-17 09:52:15,425.0,5061085
2021-06-17 09:52:16,425.05,5061788
2021-06-17 09:52:17,425.1,5062579
2021-06-17 09:52:18,424.95,5062687
2021-06-17 09:52:19,424.95,5062868
2021-06-17 09:52:20,424.85,5063169
2021-06-17 09:52:21,424.95,5063437
2021-06-17 09:52:22,425.0,5063624
2021-06-17 09:52:24,425.0,5068217
2021-06-17 09:52:23,425.0,5067961
2021-06-17 09:52:25,425.0,5068546
2021-06-17 09:52:26,425.15,5073299
2021-06-17 09:52:27,425.0,5073535
2021-06-17 09:52:28,425.0,5074319
2021-06-17 09:52:29,425.1,5087054
2021-06-17 09:52:30,425.05,5087741
2021-06-17 09:52:31,425.0,5090967
2021-06-17 09:52:33,425.15,5092098
2021-06-17 09:52:34,425.15,5092537
2021-06-17 09:52:35,425.0,5094350
2021-06-17 09:52:36,425.15,5094356
2021-06-17 09:52:37,425.15,5094356
2021-06-17 09:52:38,425.15,5095729
2021-06-17 09:52:39,425.0,5096829
2021-06-17 09:52:40,425.0,5096844
2021-06-17 09:52:41,425.0,5096844
2021-06-17 09:52:42,425.15,5097737
2021-06-17 09:52:43,425.15,5097737
2021-06-17 09:52:44,425.35,5131135
2021-06-17 09:52:46,425.45,5134382
2021-06-17 09:52:45,425.4,5134295
2021-06-17 09:52:48,425.2,5135449
2021-06-17 09:52:49,425.35,5137853
2021-06-17 09:52:50,425.15,5138253
2021-06-17 09:52:51,425.05,5139563
2021-06-17 09:52:52,425.15,5140179
2021-06-17 09:52:53,425.15,5140179
2021-06-17 09:52:54,425.0,5140182
2021-06-17 09:52:55,425.15,5140201
2021-06-17 09:52:56,425.1,5140975
2021-06-17 09:52:57,425.2,5141097
2021-06-17 09:52:58,425.15,5142817
2021-06-17 09:52:59,425.15,5143025
2021-06-17 09:53:01,425.1,5149132
2021-06-17 09:53:02,425.05,5149232
2021-06-17 09:53:03,425.1,5154634
2021-06-17 09:53:04,425.15,5155869
2021-06-17 09:53:05,425.15,5156106
2021-06-17 09:53:07,425.05,5159067
2021-06-17 09:53:08,425.05,5159201
2021-06-17 09:53:09,425.15,5162709
2021-06-17 09:53:10,425.2,5162973
2021-06-17 09:53:11,425.1,5163399
2021-06-17 09:53:12,425.1,5163530
2021-06-17 09:53:13,425.1,5163765
2021-06-17 09:53:14,425.1,5163891
2021-06-17 09:53:15,425.1,5163897
2021-06-17 09:53:16,425.2,5164284
2021-06-17 09:53:17,425.15,5164430
2021-06-17 09:53:18,425.1,5164553
2021-06-17 09:53:19,425.15,5164579
2021-06-17 09:53:21,425.25,5165974
2021-06-17 09:53:22,425.25,5165974
2021-06-17 09:53:23,425.15,5166080
2021-06-17 09:53:24,425.25,5166507
2021-06-17 09:53:27,425.3,5166898
2021-06-17 09:53:29,425.15,5167993
2021-06-17 09:53:30,425.25,5168538
2021-06-17 09:53:31,425.3,5169863
2021-06-17 09:53:32,425.3,5169863
2021-06-17 09:53:34,425.15,5171768
2021-06-17 09:53:35,425.15,5172109
2021-06-17 09:53:37,425.15,5175523
2021-06-17 09:53:38,425.25,5175760
2021-06-17 09:53:39,425.25,5176079
2021-06-17 09:53:40,425.15,5176400
2021-06-17 09:53:41,425.15,5176400
2021-06-17 09:53:42,425.15,5206505
2021-06-17 09:53:43,425.1,5210536
2021-06-17 09:53:44,425.25,5211068
2021-06-17 09:53:45,425.05,5213200
2021-06-17 09:53:46,425.25,5213261
2021-06-17 09:53:47,425.2,5213281
2021-06-17 09:53:48,425.05,5213355
2021-06-17 09:53:50,425.25,5215937
2021-06-17 09:53:51,425.25,5216409
2021-06-17 09:53:52,425.25,5216489
2021-06-17 09:53:53,425.25,5217945
2021-06-17 09:53:54,425.15,5218008
2021-06-17 09:53:55,425.1,5218897
2021-06-17 09:53:56,425.15,5218920
2021-06-17 09:53:57,425.25,5223886
2021-06-17 09:53:58,425.15,5224249
2021-06-17 09:53:59,425.05,5224449
2021-06-17 09:54:00,425.1,5224595
2021-06-17 09:54:01,425.3,5228307
2021-06-17 09:54:02,425.3,5228807
2021-06-17 09:54:03,425.3,5228807
2021-06-17 09:54:04,425.15,5228927
2021-06-17 09:54:05,425.15,5229053
2021-06-17 09:54:06,425.15,5229053
2021-06-17 09:54:07,425.2,5229263
2021-06-17 09:54:08,425.15,5229683
2021-06-17 09:54:09,425.1,5230203
2021-06-17 09:54:10,425.1,5230821
2021-06-17 09:54:11,425.15,5233709
2021-06-17 09:54:12,425.1,5234274
2021-06-17 09:54:13,425.05,5236488
2021-06-17 09:54:15,425.3,5243402
2021-06-17 09:54:16,425.25,5243765
2021-06-17 09:54:17,425.05,5245558
2021-06-17 09:54:18,425.05,5245752
2021-06-17 09:54:19,425.1,5248271
2021-06-17 09:54:20,424.8,5267325
2021-06-17 09:54:21,425.0,5270096
2021-06-17 09:54:22,425.0,5271998
2021-06-17 09:54:23,425.0,5272599
2021-06-17 09:54:24,424.95,5272751
2021-06-17 09:54:25,424.95,5275121
2021-06-17 09:54:26,424.9,5277158
2021-06-17 09:54:27,425.05,5277511
2021-06-17 09:54:28,425.05,5277511
2021-06-17 09:54:30,425.05,5277548
2021-06-17 09:54:32,425.05,5278549
2021-06-17 09:54:32,425.05,5278549
2021-06-17 09:54:33,425.05,5278574
2021-06-17 09:54:35,425.15,5278989
2021-06-17 09:54:36,425.15,5278991
2021-06-17 09:54:37,425.15,5278992
2021-06-17 09:54:42,425.2,5280283
2021-06-17 09:54:42,425.2,5280283
2021-06-17 09:54:43,425.2,5280329
2021-06-17 09:54:44,425.1,5280657
2021-06-17 09:54:47,425.1,5281215
2021-06-17 09:54:48,425.1,5281279
2021-06-17 09:54:48,425.1,5281454
2021-06-17 09:54:49,425.1,5281505
2021-06-17 09:54:50,425.2,5282324
2021-06-17 09:54:51,425.2,5283274
2021-06-17 09:54:52,425.2,5283374
2021-06-17 09:54:54,425.2,5283467
2021-06-17 09:54:54,425.2,5283467
2021-06-17 09:54:56,425.3,5297014
2021-06-17 09:54:56,425.25,5297024
2021-06-17 09:54:57,425.25,5297761
2021-06-17 09:54:58,425.3,5298190
2021-06-17 09:54:59,425.25,5299126
2021-06-17 09:55:00,425.25,5299836
2021-06-17 09:55:02,425.3,5303860
2021-06-17 09:55:02,425.3,5303860
2021-06-17 09:55:03,425.15,5304391
2021-06-17 09:55:04,425.3,5306041
2021-06-17 09:55:05,425.15,5306840
2021-06-17 09:55:06,425.3,5306910
2021-06-17 09:55:08,425.3,5307083
2021-06-17 09:55:08,425.3,5312137
2021-06-17 09:55:09,425.25,5312653
2021-06-17 09:55:10,425.3,5312984
2021-06-17 09:55:11,425.25,5313034
2021-06-17 09:55:12,425.3,5313537
2021-06-17 09:55:14,425.3,5313724
2021-06-17 09:55:14,425.3,5313723
2021-06-17 09:55:15,425.3,5314277
2021-06-17 09:55:16,425.3,5314509
2021-06-17 09:55:17,425.3,5314774
2021-06-17 09:55:18,425.25,5315031
2021-06-17 09:55:19,425.3,5315303
2021-06-17 09:55:20,425.3,5315521
2021-06-17 09:55:21,425.3,5315754
2021-06-17 09:55:22,425.25,5315931
2021-06-17 09:55:23,425.3,5316006
2021-06-17 09:55:25,425.3,5316006
2021-06-17 09:55:25,425.3,5316006
2021-06-17 09:55:27,425.3,5316509
2021-06-17 09:55:28,425.3,5316634
2021-06-17 09:55:29,425.3,5316716
2021-06-17 09:55:31,425.25,5317036
2021-06-17 09:55:31,425.25,5317036
2021-06-17 09:55:32,425.25,5317629
2021-06-17 09:55:33,425.3,5317651
2021-06-17 09:55:34,425.3,5318423
2021-06-17 09:55:35,425.3,5318428
2021-06-17 09:55:36,425.25,5320111
2021-06-17 09:55:37,425.3,5321330
2021-06-17 09:55:39,425.25,5321620
2021-06-17 09:55:40,425.2,5321901
2021-06-17 09:55:41,425.2,5322450
2021-06-17 09:55:42,425.15,5324368
2021-06-17 09:55:43,425.25,5324381
2021-06-17 09:55:44,425.15,5326061
2021-06-17 09:55:46,425.25,5326080
2021-06-17 09:55:46,425.25,5326130
2021-06-17 09:55:47,425.2,5326266
2021-06-17 09:55:48,425.15,5326546
2021-06-17 09:55:49,425.3,5328930
2021-06-17 09:55:50,425.3,5330857
2021-06-17 09:55:52,425.35,5331395
2021-06-17 09:55:53,425.25,5333707
2021-06-17 09:55:54,425.3,5333869
2021-06-17 09:55:55,425.3,5333871
2021-06-17 09:55:56,425.3,5334333
2021-06-17 09:55:57,425.25,5336578
2021-06-17 09:55:58,425.3,5336629
2021-06-17 09:55:59,425.35,5341995
2021-06-17 09:56:00,425.3,5346262
2021-06-17 09:56:01,425.35,5346431
2021-06-17 09:56:03,425.35,5347031
2021-06-17 09:56:03,425.35,5347031
2021-06-17 09:56:04,425.45,5372551
2021-06-17 09:56:05,425.35,5374368
2021-06-17 09:56:06,425.35,5376194
2021-06-17 09:56:08,425.35,5377320
2021-06-17 09:56:09,425.25,5377449
2021-06-17 09:56:09,425.25,5377475
2021-06-17 09:56:10,425.35,5377602
2021-06-17 09:56:11,425.4,5379537
2021-06-17 09:56:12,425.4,5379959
2021-06-17 09:56:13,425.4,5381066
2021-06-17 09:56:15,425.4,5381657
2021-06-17 09:56:15,425.4,5381657
2021-06-17 09:56:16,425.35,5383777
2021-06-17 09:56:17,425.15,5385720
2021-06-17 09:56:18,425.15,5386032
2021-06-17 09:56:19,425.35,5386483
2021-06-17 09:56:20,425.35,5387134
2021-06-17 09:56:22,425.35,5387680
2021-06-17 09:56:23,425.35,5388148
2021-06-17 09:56:23,425.4,5388123
2021-06-17 09:56:24,425.25,5389530
2021-06-17 09:56:25,425.25,5389530
2021-06-17 09:56:26,425.25,5390823
2021-06-17 09:56:27,425.2,5390958
2021-06-17 09:56:28,425.3,5391258
2021-06-17 09:56:30,425.3,5391340
2021-06-17 09:56:30,425.3,5391350
2021-06-17 09:56:31,425.25,5391442
2021-06-17 09:56:32,425.3,5391648
2021-06-17 09:56:33,425.25,5391649
2021-06-17 09:56:34,425.2,5393058
2021-06-17 09:56:35,425.35,5393579
2021-06-17 09:56:36,425.25,5393692
2021-06-17 09:56:37,425.15,5394629
2021-06-17 09:56:38,425.25,5395116
2021-06-17 09:56:39,425.25,5395799
2021-06-17 09:56:40,425.2,5400844
2021-06-17 09:56:41,425.15,5400954
2021-06-17 09:56:42,425.25,5401087
2021-06-17 09:56:43,425.2,5401242
2021-06-17 09:56:44,425.2,5401263
2021-06-17 09:56:45,425.2,5401349
2021-06-17 09:56:46,425.2,5404950
2021-06-17 09:56:48,425.2,5405068
2021-06-17 09:56:47,425.2,5405050
2021-06-17 09:56:50,425.2,5406718
2021-06-17 09:56:51,425.15,5406792
2021-06-17 09:56:52,425.2,5407012
2021-06-17 09:56:53,425.15,5407823
2021-06-17 09:56:54,425.2,5407919
2021-06-17 09:56:56,425.2,5408656
2021-06-17 09:56:57,425.3,5408666
2021-06-17 09:56:58,425.2,5408885
2021-06-17 09:56:59,425.25,5408939
2021-06-17 09:56:59,425.25,5408939
2021-06-17 09:57:00,425.3,5414310
2021-06-17 09:57:01,425.3,5415164
2021-06-17 09:57:02,425.3,5415467
2021-06-17 09:57:03,425.3,5415594
2021-06-17 09:57:04,425.35,5415699
2021-06-17 09:57:06,425.25,5415753
2021-06-17 09:57:07,425.25,5415794
2021-06-17 09:57:08,425.3,5416484
2021-06-17 09:57:09,425.35,5416882
2021-06-17 09:57:10,425.35,5417006
2021-06-17 09:57:11,425.35,5417508
2021-06-17 09:57:13,425.35,5417849
2021-06-17 09:57:14,425.35,5418170
2021-06-17 09:57:14,425.25,5418270
2021-06-17 09:57:15,425.35,5419980
2021-06-17 09:57:16,425.4,5421642
2021-06-17 09:57:18,425.3,5421755
2021-06-17 09:57:19,425.35,5421901
2021-06-17 09:57:19,425.35,5421901
2021-06-17 09:57:20,425.3,5422373
2021-06-17 09:57:21,425.3,5422573
2021-06-17 09:57:22,425.4,5422644
2021-06-17 09:57:23,425.3,5422771
2021-06-17 09:57:24,425.35,5423066
2021-06-17 09:57:25,425.3,5423336
2021-06-17 09:57:26,425.35,5423542
2021-06-17 09:57:27,425.25,5424141
2021-06-17 09:57:29,425.25,5424221
2021-06-17 09:57:30,425.2,5426173
2021-06-17 09:57:31,425.3,5426324
2021-06-17 09:57:31,425.3,5426324
2021-06-17 09:57:32,425.2,5427704
2021-06-17 09:57:33,425.15,5428328
2021-06-17 09:57:35,425.15,5428416
2021-06-17 09:57:36,425.15,5429126
2021-06-17 09:57:37,425.25,5429488
2021-06-17 09:57:37,425.25,5429488
2021-06-17 09:57:38,425.15,5429798
2021-06-17 09:57:40,425.15,5432353
2021-06-17 09:57:41,425.2,5432506
2021-06-17 09:57:44,425.3,5440596
2021-06-17 09:57:45,425.3,5440671
2021-06-17 09:57:45,425.3,5440674
2021-06-17 09:57:46,425.2,5442258
2021-06-17 09:57:47,425.2,5442460
2021-06-17 09:57:48,425.25,5443381
2021-06-17 09:57:49,425.35,5443396
2021-06-17 09:57:50,425.3,5443796
2021-06-17 09:57:52,425.3,5445336
2021-06-17 09:57:53,425.2,5445566
2021-06-17 09:57:55,425.2,5445895
2021-06-17 09:57:56,425.25,5446047
2021-06-17 09:57:57,425.25,5446124
2021-06-17 09:57:57,425.25,5446124
2021-06-17 09:57:58,425.2,5446408
2021-06-17 09:57:59,425.25,5446931
2021-06-17 09:58:00,425.4,5448820
2021-06-17 09:58:01,425.4,5448901
2021-06-17 09:58:02,425.4,5448901
2021-06-17 09:58:03,425.2,5448909
2021-06-17 09:58:04,425.25,5448933
2021-06-17 09:58:05,425.2,5449416
2021-06-17 09:58:07,425.25,5453437
2021-06-17 09:58:08,425.4,5454236
2021-06-17 09:58:09,425.25,5454237
2021-06-17 09:58:10,425.25,5454815
2021-06-17 09:58:10,425.2,5455082
2021-06-17 09:58:11,425.3,5455090
2021-06-17 09:58:12,425.2,5455190
2021-06-17 09:58:13,425.2,5456905
2021-06-17 09:58:15,425.25,5457082
2021-06-17 09:58:16,425.25,5457719
2021-06-17 09:58:17,425.25,5457769
2021-06-17 09:58:18,425.2,5457785
2021-06-17 09:58:19,425.25,5457838
2021-06-17 09:58:20,425.2,5457974
2021-06-17 09:58:21,425.25,5458674
2021-06-17 09:58:22,425.2,5459177
2021-06-17 09:58:24,425.2,5459250
2021-06-17 09:58:25,425.15,5460233
2021-06-17 09:58:25,425.15,5460233
2021-06-17 09:58:26,425.25,5460283
2021-06-17 09:58:27,425.25,5460335
2021-06-17 09:58:28,425.35,5461952
2021-06-17 09:58:29,425.4,5464043
2021-06-17 09:58:31,425.3,5464413
2021-06-17 09:58:32,425.25,5468353
2021-06-17 09:58:32,425.25,5468486
2021-06-17 09:58:33,425.35,5468769
2021-06-17 09:58:34,425.2,5469167
2021-06-17 09:58:35,425.35,5469420
2021-06-17 09:58:36,425.25,5469462
2021-06-17 09:58:38,425.3,5469763
2021-06-17 09:58:39,425.3,5469763
2021-06-17 09:58:40,425.25,5469785
2021-06-17 09:58:40,425.25,5469785
2021-06-17 09:58:41,425.2,5470325
2021-06-17 09:58:42,425.2,5472000
2021-06-17 09:58:43,425.3,5472373
2021-06-17 09:58:44,425.25,5472406
2021-06-17 09:58:45,425.2,5472474
2021-06-17 09:58:47,425.15,5472582
2021-06-17 09:58:48,425.05,5477582
2021-06-17 09:58:48,425.05,5477582
2021-06-17 09:58:49,425.2,5477609
2021-06-17 09:58:50,425.2,5477661
2021-06-17 09:58:52,425.25,5477664
2021-06-17 09:58:53,425.25,5477785
2021-06-17 09:58:54,425.25,5477817
2021-06-17 09:58:55,425.15,5478793
2021-06-17 09:58:56,425.25,5478803
2021-06-17 09:58:57,425.25,5478911
2021-06-17 09:58:58,425.25,5478912
2021-06-17 09:59:00,425.2,5489393
2021-06-17 09:59:01,425.05,5489396
2021-06-17 09:59:02,425.2,5491639
2021-06-17 09:59:03,425.15,5491806
2021-06-17 09:59:03,425.2,5491756
2021-06-17 09:59:04,425.15,5491806
2021-06-17 09:59:05,425.15,5493812
2021-06-17 09:59:07,425.15,5494255
2021-06-17 09:59:08,425.15,5494807
2021-06-17 09:59:09,425.2,5495264
2021-06-17 09:59:10,425.2,5495466
2021-06-17 09:59:10,425.2,5495466
2021-06-17 09:59:11,425.15,5495966
2021-06-17 09:59:13,425.15,5496750
2021-06-17 09:59:14,425.15,5497492
2021-06-17 09:59:15,425.15,5499418
2021-06-17 09:59:16,425.15,5503729
2021-06-17 09:59:17,425.15,5503780
2021-06-17 09:59:18,425.05,5503967
2021-06-17 09:59:19,425.2,5504967
2021-06-17 09:59:20,425.05,5504989
2021-06-17 09:59:21,425.05,5505194
2021-06-17 09:59:22,425.2,5507394
2021-06-17 09:59:24,425.05,5508208
2021-06-17 09:59:25,425.05,5508669
2021-06-17 09:59:26,425.15,5508831
2021-06-17 09:59:27,425.0,5510236
2021-06-17 09:59:28,425.1,5510242
2021-06-17 09:59:28,425.1,5510245
2021-06-17 09:59:29,425.1,5510246
2021-06-17 09:59:30,425.05,5510270
2021-06-17 09:59:32,425.05,5510856
2021-06-17 09:59:33,425.0,5510913
2021-06-17 09:59:34,425.05,5511273
2021-06-17 09:59:35,425.05,5512792
2021-06-17 09:59:36,425.0,5512912
2021-06-17 09:59:37,425.1,5514422
2021-06-17 09:59:38,425.0,5514427
2021-06-17 09:59:39,425.1,5514703
2021-06-17 09:59:40,425.1,5515671
2021-06-17 09:59:40,425.1,5515671
2021-06-17 09:59:41,425.1,5515671
2021-06-17 09:59:42,425.0,5515781
2021-06-17 09:59:43,425.05,5515872
2021-06-17 09:59:44,425.0,5520962
2021-06-17 09:59:45,425.1,5521009
2021-06-17 09:59:47,425.0,5521576
2021-06-17 09:59:48,425.0,5523357
2021-06-17 09:59:49,425.0,5523745
2021-06-17 09:59:50,425.0,5523775
2021-06-17 09:59:50,425.05,5523802
2021-06-17 09:59:51,425.05,5540436
2021-06-17 09:59:52,425.0,5542247
2021-06-17 09:59:53,424.95,5546189
2021-06-17 09:59:54,425.0,5546320
2021-06-17 09:59:55,425.0,5547184
2021-06-17 09:59:59,425.0,5551278
2021-06-17 10:00:00,425.05,5551280
2021-06-17 10:00:01,424.9,5552982
2021-06-17 10:00:01,425.0,5552987
2021-06-17 10:00:02,425.0,5553136
2021-06-17 10:00:03,425.1,5563311
2021-06-17 10:00:05,425.2,5566376
2021-06-17 10:00:06,425.3,5573870
2021-06-17 10:00:07,425.15,5574217
2021-06-17 10:00:07,425.15,5574012
2021-06-17 10:00:08,425.2,5574331
2021-06-17 10:00:09,425.2,5574331
2021-06-17 10:00:10,425.1,5574987
2021-06-17 10:00:12,425.2,5575464
2021-06-17 10:00:13,425.2,5575494
2021-06-17 10:00:13,425.05,5575594
2021-06-17 10:00:14,425.2,5575703
2021-06-17 10:00:15,425.2,5575805
2021-06-17 10:00:19,425.25,5577409
2021-06-17 10:00:20,425.25,5577885
2021-06-17 10:00:20,425.25,5577885
2021-06-17 10:00:21,425.2,5578011
2021-06-17 10:00:22,425.15,5578411
2021-06-17 10:00:23,425.15,5578411
2021-06-17 10:00:25,425.2,5578626
2021-06-17 10:00:27,425.45,5635562
2021-06-17 10:00:28,425.35,5640868
2021-06-17 10:00:28,425.3,5642920
2021-06-17 10:00:29,425.5,5642967
2021-06-17 10:00:31,425.35,5643710
2021-06-17 10:00:32,425.5,5645023
2021-06-17 10:00:33,425.4,5645787
2021-06-17 10:00:33,425.4,5645787
2021-06-17 10:00:34,425.5,5646599
2021-06-17 10:00:36,425.6,5651960
2021-06-17 10:00:37,425.45,5652493
2021-06-17 10:00:38,425.6,5654524
2021-06-17 10:00:39,425.55,5655176
2021-06-17 10:00:41,425.5,5655620
2021-06-17 10:00:42,425.45,5656596
2021-06-17 10:00:43,425.45,5657466
2021-06-17 10:00:43,425.45,5657733
2021-06-17 10:00:44,425.5,5658054
2021-06-17 10:00:45,425.55,5658129
2021-06-17 10:00:47,425.55,5658920
2021-06-17 10:00:48,425.5,5659074
2021-06-17 10:00:49,425.55,5659151
2021-06-17 10:00:50,425.4,5660224
2021-06-17 10:00:51,425.4,5661108
2021-06-17 10:00:51,425.4,5661108
2021-06-17 10:00:53,425.4,5663239
2021-06-17 10:00:54,425.3,5664339
2021-06-17 10:00:55,425.35,5664869
2021-06-17 10:00:56,425.4,5665494
2021-06-17 10:00:57,425.45,5666604
2021-06-17 10:00:58,425.3,5666939
2021-06-17 10:00:59,425.45,5667769
2021-06-17 10:00:59,425.45,5667769
2021-06-17 10:01:00,425.45,5667842
2021-06-17 10:01:01,425.2,5668221
2021-06-17 10:01:02,425.2,5668458
2021-06-17 10:01:04,425.2,5669117
2021-06-17 10:01:05,425.2,5669117
2021-06-17 10:01:07,425.35,5669790
2021-06-17 10:01:08,425.2,5670448
2021-06-17 10:01:09,425.2,5670448
2021-06-17 10:01:10,425.35,5670523
2021-06-17 10:01:11,425.2,5670536
2021-06-17 10:01:12,425.2,5672611
2021-06-17 10:01:13,425.35,5672716
2021-06-17 10:01:15,425.35,5672739
2021-06-17 10:01:14,425.35,5672739
2021-06-17 10:01:16,425.25,5672986
2021-06-17 10:01:17,425.25,5672986
2021-06-17 10:01:18,425.35,5673306
2021-06-17 10:01:19,425.25,5673357
2021-06-17 10:01:20,425.35,5673516
2021-06-17 10:01:21,425.25,5673743
2021-06-17 10:01:22,425.35,5674797
2021-06-17 10:01:22,425.35,5674797
2021-06-17 10:01:23,425.3,5674824
2021-06-17 10:01:24,425.3,5674824
2021-06-17 10:01:25,425.3,5674947
2021-06-17 10:01:26,425.3,5675067
2021-06-17 10:01:27,425.35,5675410
2021-06-17 10:01:28,425.4,5676748
2021-06-17 10:01:29,425.3,5677100
2021-06-17 10:01:30,425.3,5677203
2021-06-17 10:01:33,425.25,5678219
2021-06-17 10:01:34,425.4,5679443
2021-06-17 10:01:35,425.3,5680069
2021-06-17 10:01:36,425.3,5680379
2021-06-17 10:01:37,425.35,5680490
2021-06-17 10:01:38,425.35,5680501
2021-06-17 10:01:39,425.3,5680859
2021-06-17 10:01:39,425.3,5680859
2021-06-17 10:01:41,425.3,5681479
2021-06-17 10:01:42,425.4,5682034
2021-06-17 10:01:43,425.3,5682134
2021-06-17 10:01:44,425.3,5682517
2021-06-17 10:01:45,425.3,5684320
2021-06-17 10:01:46,425.35,5684323
2021-06-17 10:01:47,425.4,5684423
2021-06-17 10:01:48,425.4,5684423
2021-06-17 10:01:48,425.4,5684423
2021-06-17 10:01:49,425.4,5685361
2021-06-17 10:01:51,425.45,5685844
2021-06-17 10:01:52,425.4,5685881
2021-06-17 10:01:53,425.4,5685951
2021-06-17 10:01:54,425.4,5686017
2021-06-17 10:01:55,425.4,5686492
2021-06-17 10:01:56,425.35,5686721
2021-06-17 10:01:57,425.3,5687834
2021-06-17 10:01:58,425.3,5688525
2021-06-17 10:02:00,425.4,5688530
2021-06-17 10:02:01,425.35,5688889
2021-06-17 10:02:03,425.3,5689312
2021-06-17 10:02:04,425.2,5690600
2021-06-17 10:02:05,425.3,5690748
2021-06-17 10:02:06,425.2,5691025
2021-06-17 10:02:08,425.2,5691226
2021-06-17 10:02:09,425.25,5691921
2021-06-17 10:02:10,425.25,5692525
2021-06-17 10:02:11,425.2,5692987
2021-06-17 10:02:13,425.3,5693112
2021-06-17 10:02:14,425.3,5693834
2021-06-17 10:02:15,425.25,5694200
2021-06-17 10:02:16,425.2,5694439
2021-06-17 10:02:17,425.25,5694442
2021-06-17 10:02:18,425.25,5695989
2021-06-17 10:02:19,425.25,5696100
2021-06-17 10:02:20,425.2,5697289
2021-06-17 10:02:20,425.2,5697294
2021-06-17 10:02:22,425.15,5697812
2021-06-17 10:02:24,425.25,5698067
2021-06-17 10:02:25,425.25,5700697
2021-06-17 10:02:26,425.25,5701287
2021-06-17 10:02:26,425.25,5701289
2021-06-17 10:02:28,425.1,5701422
2021-06-17 10:02:29,425.1,5701816
2021-06-17 10:02:30,425.2,5702092
2021-06-17 10:02:31,425.25,5702492
2021-06-17 10:02:32,425.25,5702584
2021-06-17 10:02:32,425.25,5702534
2021-06-17 10:02:34,425.25,5702584
2021-06-17 10:02:35,425.25,5702763
2021-06-17 10:02:36,425.15,5703420
2021-06-17 10:02:37,425.1,5703734
2021-06-17 10:02:38,425.25,5703743
2021-06-17 10:02:39,425.2,5703784
2021-06-17 10:02:40,425.25,5703861
2021-06-17 10:02:42,425.1,5704583
2021-06-17 10:02:44,425.2,5704726
2021-06-17 10:02:45,425.2,5704726
2021-06-17 10:02:46,425.15,5704828
2021-06-17 10:02:47,425.2,5704843
2021-06-17 10:02:48,425.2,5705599
2021-06-17 10:02:49,425.1,5706119
2021-06-17 10:02:50,425.2,5706297
2021-06-17 10:02:51,425.1,5706702
2021-06-17 10:02:52,425.1,5706702
2021-06-17 10:02:54,425.05,5708213
2021-06-17 10:02:55,425.0,5709500
2021-06-17 10:02:56,425.1,5709790
2021-06-17 10:02:58,425.0,5714567
2021-06-17 10:02:59,425.0,5714692
2021-06-17 10:03:00,425.0,5714692
2021-06-17 10:03:01,425.1,5714794
2021-06-17 10:03:02,425.1,5715476
2021-06-17 10:03:03,425.1,5715476
2021-06-17 10:03:04,425.1,5718538
2021-06-17 10:03:05,425.1,5718538
2021-06-17 10:03:06,425.1,5719075
2021-06-17 10:03:08,425.0,5731703
2021-06-17 10:03:09,425.1,5732023
2021-06-17 10:03:10,425.1,5732023
2021-06-17 10:03:11,425.0,5735316
2021-06-17 10:03:12,425.0,5735498
2021-06-17 10:03:13,425.0,5735800
2021-06-17 10:03:14,425.1,5738306
2021-06-17 10:03:15,425.1,5738306
2021-06-17 10:03:16,425.1,5738578
2021-06-17 10:03:17,425.05,5739337
2021-06-17 10:03:18,425.05,5741898
2021-06-17 10:03:19,425.05,5744167
2021-06-17 10:03:20,425.15,5744758
2021-06-17 10:03:21,425.2,5747829
2021-06-17 10:03:22,425.2,5748079
2021-06-17 10:03:23,425.3,5751528
2021-06-17 10:03:24,425.25,5752784
2021-06-17 10:03:25,425.1,5752965
2021-06-17 10:03:26,425.05,5753943
2021-06-17 10:03:28,425.0,5754311
2021-06-17 10:03:27,425.2,5754244
2021-06-17 10:03:29,425.2,5754337
2021-06-17 10:03:30,425.1,5755015
2021-06-17 10:03:31,425.25,5755425
2021-06-17 10:03:32,425.05,5756047
2021-06-17 10:03:33,425.15,5756058
2021-06-17 10:03:34,425.15,5757010
2021-06-17 10:03:35,425.25,5757068
2021-06-17 10:03:36,425.2,5757647
2021-06-17 10:03:37,425.3,5757983
2021-06-17 10:03:38,425.3,5757983
2021-06-17 10:03:39,425.1,5758783
2021-06-17 10:03:40,425.25,5758957
2021-06-17 10:03:41,425.25,5759373
2021-06-17 10:03:42,425.0,5761441
2021-06-17 10:03:43,425.15,5761477
2021-06-17 10:03:44,425.25,5763251
2021-06-17 10:03:45,425.25,5763301
2021-06-17 10:03:47,425.25,5764191
2021-06-17 10:03:48,425.1,5764301
2021-06-17 10:03:49,425.25,5765130
2021-06-17 10:03:50,425.15,5766497
2021-06-17 10:03:51,425.25,5767501
2021-06-17 10:03:52,425.25,5767713
2021-06-17 10:03:53,425.25,5767813
2021-06-17 10:03:54,425.15,5767816
2021-06-17 10:03:55,425.25,5768088
2021-06-17 10:03:56,425.2,5768092
2021-06-17 10:03:57,425.15,5768129
2021-06-17 10:03:58,425.2,5768750
2021-06-17 10:04:00,425.0,5769095
2021-06-17 10:04:01,425.15,5770168
2021-06-17 10:04:02,425.15,5771064
2021-06-17 10:04:03,425.2,5771194
2021-06-17 10:04:04,425.25,5771397
2021-06-17 10:04:05,425.2,5772068
2021-06-17 10:04:06,425.1,5772148
2021-06-17 10:04:07,425.1,5772148
2021-06-17 10:04:08,425.05,5772172
2021-06-17 10:04:09,425.2,5772257
2021-06-17 10:04:10,425.2,5772386
2021-06-17 10:04:11,425.15,5772436
2021-06-17 10:04:12,425.05,5772626
2021-06-17 10:04:13,425.15,5772801
2021-06-17 10:04:14,425.15,5772808
2021-06-17 10:04:15,425.15,5773032
2021-06-17 10:04:16,425.15,5773032
2021-06-17 10:04:17,425.1,5773083
2021-06-17 10:04:18,425.15,5773185
2021-06-17 10:04:20,425.05,5773575
2021-06-17 10:04:19,425.05,5773575
2021-06-17 10:04:21,425.15,5774203
2021-06-17 10:04:22,425.1,5774207
2021-06-17 10:04:23,425.15,5774741
2021-06-17 10:04:24,425.0,5776734
2021-06-17 10:04:25,425.15,5781604
2021-06-17 10:04:26,425.2,5785766
2021-06-17 10:04:27,425.25,5787280
2021-06-17 10:04:28,425.25,5787280
2021-06-17 10:04:29,425.3,5789409
2021-06-17 10:04:30,425.3,5789952
2021-06-17 10:04:31,425.3,5790052
2021-06-17 10:04:32,425.15,5790136
2021-06-17 10:04:33,425.15,5790136
2021-06-17 10:04:34,425.3,5790226
2021-06-17 10:04:35,425.3,5797715
2021-06-17 10:04:36,425.3,5799356
2021-06-17 10:04:37,425.3,5800617
2021-06-17 10:04:38,425.3,5800620
2021-06-17 10:04:40,425.15,5800942
2021-06-17 10:04:39,425.3,5800842
2021-06-17 10:04:41,425.25,5801037
2021-06-17 10:04:42,425.3,5801047
2021-06-17 10:04:43,425.3,5801261
2021-06-17 10:04:44,425.3,5801267
2021-06-17 10:04:45,425.2,5801391
2021-06-17 10:04:46,425.2,5801447
2021-06-17 10:04:47,425.25,5801522
2021-06-17 10:04:48,425.25,5801522
2021-06-17 10:04:51,425.15,5801990
2021-06-17 10:04:52,425.15,5802165
2021-06-17 10:04:53,425.25,5802205
2021-06-17 10:04:54,425.2,5802208
2021-06-17 10:04:56,425.15,5803509
2021-06-17 10:04:56,425.2,5803519
2021-06-17 10:04:57,425.2,5803774
2021-06-17 10:04:58,425.2,5804160
2021-06-17 10:04:59,425.15,5804172
2021-06-17 10:05:01,425.15,5804352
2021-06-17 10:05:01,425.15,5804352
2021-06-17 10:05:02,425.15,5804788
2021-06-17 10:05:03,425.1,5806832
2021-06-17 10:05:05,425.3,5808231
2021-06-17 10:05:06,425.15,5810102
2021-06-17 10:05:07,425.3,5810267
2021-06-17 10:05:08,425.15,5810572
2021-06-17 10:05:09,425.25,5810640
2021-06-17 10:05:10,425.25,5810745
2021-06-17 10:05:14,425.25,5817758
2021-06-17 10:05:14,425.25,5817753
2021-06-17 10:05:15,425.25,5818847
2021-06-17 10:05:17,425.2,5818856
2021-06-17 10:05:19,425.25,5818868
2021-06-17 10:05:19,425.25,5818870
2021-06-17 10:05:20,425.25,5818898
2021-06-17 10:05:21,425.2,5819297
2021-06-17 10:05:22,425.2,5819706
2021-06-17 10:05:23,425.25,5819716
2021-06-17 10:05:24,425.2,5819748
2021-06-17 10:05:25,425.2,5819881
2021-06-17 10:05:27,425.2,5820419
2021-06-17 10:05:27,425.2,5820201
2021-06-17 10:05:28,425.2,5820696
2021-06-17 10:05:29,425.2,5820746
2021-06-17 10:05:30,425.25,5820832
2021-06-17 10:05:31,425.2,5820858
2021-06-17 10:05:33,425.2,5821064
2021-06-17 10:05:33,425.2,5821064
2021-06-17 10:05:34,425.25,5821727
2021-06-17 10:05:35,425.2,5822284
2021-06-17 10:05:36,425.2,5822284
2021-06-17 10:05:37,425.25,5822344
2021-06-17 10:05:39,425.15,5822412
2021-06-17 10:05:39,425.2,5822422
2021-06-17 10:05:40,425.15,5822452
2021-06-17 10:05:41,425.2,5822855
2021-06-17 10:05:42,425.05,5824252
2021-06-17 10:05:43,425.05,5824320
2021-06-17 10:05:44,425.0,5826388
2021-06-17 10:05:45,425.05,5827383
2021-06-17 10:05:47,425.15,5827772
2021-06-17 10:05:47,425.15,5827773
2021-06-17 10:05:48,425.05,5828600
2021-06-17 10:05:49,425.0,5829458
2021-06-17 10:05:50,425.05,5830275
2021-06-17 10:05:51,424.85,5835345
2021-06-17 10:05:53,424.95,5839026
2021-06-17 10:05:55,424.9,5840687
2021-06-17 10:05:55,424.9,5841279
2021-06-17 10:05:56,425.0,5844113
2021-06-17 10:05:57,425.0,5844954
2021-06-17 10:05:58,425.0,5845240
2021-06-17 10:06:00,424.95,5845388
2021-06-17 10:06:00,425.05,5845689
2021-06-17 10:06:01,425.0,5845769
2021-06-17 10:06:02,425.1,5849283
2021-06-17 10:06:03,425.1,5849666
2021-06-17 10:06:04,425.15,5850151
2021-06-17 10:06:05,425.0,5850229
2021-06-17 10:06:07,425.1,5850230
2021-06-17 10:06:07,425.1,5850230
2021-06-17 10:06:08,425.0,5850366
2021-06-17 10:06:09,425.15,5850374
2021-06-17 10:06:10,425.15,5850448
2021-06-17 10:06:11,425.0,5850937
2021-06-17 10:06:13,425.15,5850964
2021-06-17 10:06:14,425.15,5852188
2021-06-17 10:06:16,425.2,5852408
2021-06-17 10:06:17,425.0,5852959
2021-06-17 10:06:18,425.1,5853005
2021-06-17 10:06:19,425.1,5853127
2021-06-17 10:06:21,425.1,5853413
2021-06-17 10:06:22,425.1,5853448
2021-06-17 10:06:23,425.1,5853569
2021-06-17 10:06:24,425.1,5853569
2021-06-17 10:06:25,425.0,5855217
2021-06-17 10:06:26,425.1,5855282
2021-06-17 10:06:27,425.1,5857570
2021-06-17 10:06:28,425.1,5857576
2021-06-17 10:06:30,425.1,5858199
2021-06-17 10:06:30,425.15,5858278
2021-06-17 10:06:31,425.0,5860379
2021-06-17 10:06:32,425.0,5860636
2021-06-17 10:06:34,425.0,5860787
2021-06-17 10:06:35,425.15,5860869
2021-06-17 10:06:36,425.0,5861243
2021-06-17 10:06:38,425.0,5861483
2021-06-17 10:06:38,425.0,5861483
2021-06-17 10:06:39,425.0,5861742
2021-06-17 10:06:40,425.1,5861872
2021-06-17 10:06:41,425.1,5862213
2021-06-17 10:06:42,425.1,5862358
2021-06-17 10:06:45,424.9,5863591
2021-06-17 10:06:45,424.9,5863591
2021-06-17 10:06:46,425.0,5863644
2021-06-17 10:06:47,425.0,5863812
2021-06-17 10:06:48,424.75,5870968
2021-06-17 10:06:50,425.0,5873519
2021-06-17 10:06:50,425.05,5874158
2021-06-17 10:06:51,424.85,5874330
2021-06-17 10:06:52,424.85,5874590
2021-06-17 10:06:53,424.75,5875836
2021-06-17 10:06:54,424.9,5877565
2021-06-17 10:06:55,424.85,5878218
2021-06-17 10:06:57,424.9,5878921
2021-06-17 10:06:58,424.85,5881001
2021-06-17 10:06:59,424.8,5882034
2021-06-17 10:07:00,424.9,5882297
2021-06-17 10:07:01,424.95,5882587
2021-06-17 10:07:03,424.9,5883040
2021-06-17 10:07:04,424.85,5883455
2021-06-17 10:07:05,424.8,5883883
2021-06-17 10:07:06,424.9,5885065
2021-06-17 10:07:07,424.9,5885238
2021-06-17 10:07:08,424.95,5886171
2021-06-17 10:07:09,424.9,5886461
2021-06-17 10:07:11,424.95,5886581
2021-06-17 10:07:12,425.0,5886977
2021-06-17 10:07:12,425.0,5887078
2021-06-17 10:07:13,425.0,5887113
2021-06-17 10:07:14,424.8,5888647
2021-06-17 10:07:15,424.9,5889080
2021-06-17 10:07:16,424.95,5902408
2021-06-17 10:07:17,424.95,5907904
2021-06-17 10:07:18,424.85,5911704
2021-06-17 10:07:19,424.95,5912671
2021-06-17 10:07:21,424.85,5913002
2021-06-17 10:07:22,425.0,5913222
2021-06-17 10:07:22,424.9,5913327
2021-06-17 10:07:23,425.0,5913353
2021-06-17 10:07:26,425.0,5914610
2021-06-17 10:07:27,424.9,5914960
2021-06-17 10:07:27,424.95,5915047
2021-06-17 10:07:28,424.95,5915075
2021-06-17 10:07:29,424.9,5915103
2021-06-17 10:07:31,424.85,5915117
2021-06-17 10:07:31,424.9,5915141
2021-06-17 10:07:32,424.9,5915898
2021-06-17 10:07:33,424.9,5919884
2021-06-17 10:07:34,424.9,5921102
2021-06-17 10:07:36,424.95,5921715
2021-06-17 10:07:37,425.0,5922140
2021-06-17 10:07:37,425.0,5922346
2021-06-17 10:07:38,425.0,5922497
2021-06-17 10:07:39,425.0,5930653
2021-06-17 10:07:40,425.0,5932693
2021-06-17 10:07:41,425.0,5933384
2021-06-17 10:07:43,424.85,5933831
2021-06-17 10:07:44,424.95,5933951
2021-06-17 10:07:44,424.95,5934001
2021-06-17 10:07:45,424.9,5935639
2021-06-17 10:07:47,425.0,5936180
2021-06-17 10:07:48,424.9,5936247
2021-06-17 10:07:50,425.0,5936276
2021-06-17 10:07:51,425.0,5936594
2021-06-17 10:07:51,425.0,5936730
2021-06-17 10:07:52,425.0,5937027
2021-06-17 10:07:54,424.9,5938100
2021-06-17 10:07:55,425.05,5938163
2021-06-17 10:07:56,425.05,5938285
2021-06-17 10:07:58,424.9,5938884
2021-06-17 10:07:59,425.0,5939139
2021-06-17 10:07:59,425.05,5939194
2021-06-17 10:08:00,424.9,5939220
2021-06-17 10:08:01,425.0,5939772
2021-06-17 10:08:02,425.0,5939822
2021-06-17 10:08:05,425.0,5942594
2021-06-17 10:08:05,425.0,5942600
2021-06-17 10:08:06,425.05,5942718
2021-06-17 10:08:07,425.05,5942875
2021-06-17 10:08:08,425.0,5943017
2021-06-17 10:08:10,425.0,5944634
2021-06-17 10:08:11,425.05,5945978
2021-06-17 10:08:11,425.0,5946018
2021-06-17 10:08:12,424.85,5946126
2021-06-17 10:08:13,424.9,5947169
2021-06-17 10:08:14,424.8,5951822
2021-06-17 10:08:15,425.05,5952785
2021-06-17 10:08:16,425.05,5953013
2021-06-17 10:08:17,425.05,5953688
2021-06-17 10:08:19,424.85,5954430
2021-06-17 10:08:20,425.05,5954537
2021-06-17 10:08:21,425.05,5954537
2021-06-17 10:08:22,425.05,5954655
2021-06-17 10:08:23,425.05,5955660
2021-06-17 10:08:24,425.0,5955763
2021-06-17 10:08:24,425.0,5955788
2021-06-17 10:08:25,425.0,5955795
2021-06-17 10:08:26,425.0,5955951
2021-06-17 10:08:27,424.9,5955995
2021-06-17 10:08:28,425.0,5956216
2021-06-17 10:08:29,425.0,5957344
2021-06-17 10:08:31,425.0,5957626
2021-06-17 10:08:32,425.0,5957893
2021-06-17 10:08:32,425.0,5959889
2021-06-17 10:08:33,425.05,5960136
2021-06-17 10:08:34,425.05,5960245
2021-06-17 10:08:35,425.0,5960499
2021-06-17 10:08:36,425.0,5961110
2021-06-17 10:08:37,425.05,5961225
2021-06-17 10:08:38,425.05,5962229
2021-06-17 10:08:40,425.05,5962607
2021-06-17 10:08:41,425.05,5963117
2021-06-17 10:08:42,425.05,5964825
2021-06-17 10:08:42,425.05,5964825
2021-06-17 10:08:43,425.0,5966898
2021-06-17 10:08:44,424.95,5968920
2021-06-17 10:08:45,425.0,5969121
2021-06-17 10:08:47,425.0,5969562
2021-06-17 10:08:48,425.0,5969712
2021-06-17 10:08:49,425.05,5969921
2021-06-17 10:08:49,425.0,5969912
2021-06-17 10:08:50,425.05,5970114
2021-06-17 10:08:51,425.1,5970205
2021-06-17 10:08:52,425.0,5970785
2021-06-17 10:08:54,425.0,5970898
2021-06-17 10:08:55,425.05,5971330
2021-06-17 10:08:55,425.05,5971330
2021-06-17 10:08:57,425.0,5971508
2021-06-17 10:08:58,425.05,5976778
2021-06-17 10:09:00,425.05,5977239
2021-06-17 10:09:01,425.05,5977244
2021-06-17 10:09:01,425.05,5977336
2021-06-17 10:09:02,425.0,5977357
2021-06-17 10:09:03,425.05,5977375
2021-06-17 10:09:05,425.05,5978008
2021-06-17 10:09:07,425.05,5978209
2021-06-17 10:09:08,425.0,5978351
2021-06-17 10:09:09,425.05,5978360
2021-06-17 10:09:10,425.0,5978410
2021-06-17 10:09:11,425.0,5978467
2021-06-17 10:09:12,425.0,5978918
2021-06-17 10:09:12,425.05,5978935
2021-06-17 10:09:13,425.05,5979660
2021-06-17 10:09:15,425.0,5979680
2021-06-17 10:09:16,425.0,5979864
2021-06-17 10:09:17,424.95,5980314
2021-06-17 10:09:18,425.0,5980476
2021-06-17 10:09:19,425.0,5982316
2021-06-17 10:09:20,425.05,5988593
2021-06-17 10:09:21,425.0,5988698
2021-06-17 10:09:22,425.0,5988753
2021-06-17 10:09:23,425.05,5988876
2021-06-17 10:09:25,424.9,5988935
2021-06-17 10:09:26,425.0,5989026
2021-06-17 10:09:27,425.05,5989381
2021-06-17 10:09:28,425.05,5989387
2021-06-17 10:09:29,425.05,5989646
2021-06-17 10:09:30,424.9,5989851
2021-06-17 10:09:31,425.0,5989904
2021-06-17 10:09:31,425.0,5990058
2021-06-17 10:09:32,425.0,5990099
2021-06-17 10:09:33,424.9,5990417
2021-06-17 10:09:35,425.05,5991018
2021-06-17 10:09:36,425.05,5993305
2021-06-17 10:09:37,425.2,5993441
2021-06-17 10:09:37,425.05,5993757
2021-06-17 10:09:38,425.05,5993760
2021-06-17 10:09:39,425.0,5994135
2021-06-17 10:09:41,425.05,5994213
2021-06-17 10:09:43,425.05,5994636
2021-06-17 10:09:43,425.05,5994636
2021-06-17 10:09:44,425.2,5995737
2021-06-17 10:09:46,425.05,5997021
2021-06-17 10:09:47,425.2,5997112
2021-06-17 10:09:48,425.2,5997439
2021-06-17 10:09:49,425.05,5998505
2021-06-17 10:09:50,425.0,5999341
2021-06-17 10:09:51,425.0,5999640
2021-06-17 10:09:52,425.1,5999731
2021-06-17 10:09:53,425.15,6000581
2021-06-17 10:09:54,425.1,6000586
2021-06-17 10:09:55,425.05,6003613
2021-06-17 10:09:55,425.05,6003613
2021-06-17 10:09:56,425.2,6003714
2021-06-17 10:09:57,425.2,6003716
2021-06-17 10:09:58,425.2,6003816
2021-06-17 10:10:00,425.2,6003816
2021-06-17 10:10:01,425.2,6003839
2021-06-17 10:10:02,425.1,6003962
2021-06-17 10:10:03,425.1,6004032
2021-06-17 10:10:04,425.2,6004063
2021-06-17 10:10:05,425.1,6004663
2021-06-17 10:10:06,425.1,6004833
2021-06-17 10:10:07,425.15,6004974
2021-06-17 10:10:08,425.1,6006444
2021-06-17 10:10:08,425.1,6006444
2021-06-17 10:10:09,425.1,6006444
2021-06-17 10:10:10,425.1,6007400
2021-06-17 10:10:12,425.1,6007501
2021-06-17 10:10:13,425.1,6009411
2021-06-17 10:10:14,425.1,6009424
2021-06-17 10:10:14,425.1,6009524
2021-06-17 10:10:15,425.1,6009529
2021-06-17 10:10:16,425.1,6009663
2021-06-17 10:10:17,424.9,6014680
2021-06-17 10:10:19,424.9,6015961
2021-06-17 10:10:20,425.05,6016165
2021-06-17 10:10:21,425.05,6016370
2021-06-17 10:10:22,425.0,6016482
2021-06-17 10:10:23,425.0,6016532
2021-06-17 10:10:24,425.05,6016632
2021-06-17 10:10:24,425.05,6016632
2021-06-17 10:10:25,424.85,6020233
2021-06-17 10:10:26,425.0,6021474
2021-06-17 10:10:27,424.85,6021789
2021-06-17 10:10:29,424.95,6021889
2021-06-17 10:10:30,424.95,6021924
2021-06-17 10:10:31,424.8,6023650
2021-06-17 10:10:32,424.95,6024112
2021-06-17 10:10:33,425.0,6024728
2021-06-17 10:10:34,425.0,6024892
2021-06-17 10:10:34,425.0,6024933
2021-06-17 10:10:36,425.0,6025064
2021-06-17 10:10:37,424.9,6025418
2021-06-17 10:10:37,425.0,6025506
2021-06-17 10:10:38,425.0,6026268
2021-06-17 10:10:39,425.0,6026459
2021-06-17 10:10:40,425.0,6026766
2021-06-17 10:10:41,424.85,6027290
2021-06-17 10:10:43,424.85,6027433
2021-06-17 10:10:44,424.95,6027469
2021-06-17 10:10:45,425.0,6027488
2021-06-17 10:10:46,424.95,6027651
2021-06-17 10:10:46,424.95,6027619
2021-06-17 10:10:47,424.9,6028491
2021-06-17 10:10:48,424.95,6028938
2021-06-17 10:10:49,424.85,6029133
2021-06-17 10:10:50,424.95,6029201
2021-06-17 10:10:51,424.95,6029572
2021-06-17 10:10:52,424.95,6029717
2021-06-17 10:10:53,424.8,6034258
2021-06-17 10:10:55,424.9,6035753
2021-06-17 10:10:56,425.0,6036511
2021-06-17 10:10:57,425.0,6037099
2021-06-17 10:10:58,425.0,6037633
2021-06-17 10:10:59,425.0,6038854
2021-06-17 10:11:00,424.85,6039219
2021-06-17 10:11:02,425.0,6039446
2021-06-17 10:11:03,424.85,6041109
2021-06-17 10:11:04,425.0,6041272
2021-06-17 10:11:06,425.0,6042747
2021-06-17 10:11:07,425.0,6044346
2021-06-17 10:11:07,425.0,6044746
2021-06-17 10:11:08,424.9,6045697
2021-06-17 10:11:10,425.0,6047111
2021-06-17 10:11:11,425.0,6050568
2021-06-17 10:11:11,425.0,6051665
2021-06-17 10:11:12,425.0,6052246
2021-06-17 10:11:14,425.0,6052434
2021-06-17 10:11:15,425.0,6052681
2021-06-17 10:11:16,424.95,6052823
2021-06-17 10:11:17,424.9,6052994
2021-06-17 10:11:18,424.95,6053340
2021-06-17 10:11:19,424.95,6053448
2021-06-17 10:11:19,424.95,6053475
2021-06-17 10:11:21,424.9,6053615
2021-06-17 10:11:22,424.95,6053746
2021-06-17 10:11:23,424.95,6053953
2021-06-17 10:11:24,424.9,6054769
2021-06-17 10:11:25,424.95,6054974
2021-06-17 10:11:26,424.9,6055535
2021-06-17 10:11:27,424.9,6056328
2021-06-17 10:11:28,424.9,6057304
2021-06-17 10:11:29,424.95,6057653
2021-06-17 10:11:30,424.95,6057905
2021-06-17 10:11:30,424.9,6058268
2021-06-17 10:11:31,425.0,6058387
2021-06-17 10:11:33,425.0,6058417
2021-06-17 10:11:34,425.0,6060249
2021-06-17 10:11:35,425.0,6061245
2021-06-17 10:11:36,425.0,6061634
2021-06-17 10:11:36,425.05,6061667
2021-06-17 10:11:38,425.0,6061733
2021-06-17 10:11:39,425.1,6063074
2021-06-17 10:11:40,425.1,6063197
2021-06-17 10:11:41,425.1,6063297
2021-06-17 10:11:41,425.1,6063297
2021-06-17 10:11:42,425.1,6063297
2021-06-17 10:11:43,425.0,6063544
2021-06-17 10:11:45,425.0,6063559
2021-06-17 10:11:46,425.0,6063659
2021-06-17 10:11:47,425.05,6063772
2021-06-17 10:11:48,425.0,6063790
2021-06-17 10:11:49,425.05,6065124
2021-06-17 10:11:50,425.0,6065831
2021-06-17 10:11:51,425.0,6066189
2021-06-17 10:11:53,425.1,6066640
2021-06-17 10:11:54,425.0,6067710
2021-06-17 10:11:54,425.0,6067710
2021-06-17 10:11:55,425.1,6067735
2021-06-17 10:11:57,425.0,6067932
2021-06-17 10:11:58,425.1,6067987
2021-06-17 10:11:59,425.1,6067987
2021-06-17 10:12:00,425.05,6068407
2021-06-17 10:12:01,424.9,6074064
2021-06-17 10:12:02,424.9,6076700
2021-06-17 10:12:03,425.0,6077363
2021-06-17 10:12:04,425.0,6077741
2021-06-17 10:12:06,425.05,6078163
2021-06-17 10:12:07,424.9,6079764
2021-06-17 10:12:08,425.0,6080163
2021-06-17 10:12:09,425.05,6080405
2021-06-17 10:12:10,424.9,6080517
2021-06-17 10:12:10,424.85,6081245
2021-06-17 10:12:11,425.05,6081473
2021-06-17 10:12:12,425.05,6081482
2021-06-17 10:12:13,425.05,6081573
2021-06-17 10:12:15,425.0,6081904
2021-06-17 10:12:16,425.05,6082119
2021-06-17 10:12:16,425.0,6081941
2021-06-17 10:12:17,424.9,6082254
2021-06-17 10:12:18,424.85,6083071
2021-06-17 10:12:19,425.0,6083282
2021-06-17 10:12:20,425.0,6083458
2021-06-17 10:12:21,424.9,6084553
2021-06-17 10:12:22,425.0,6085129
2021-06-17 10:12:23,424.9,6085423
2021-06-17 10:12:24,425.0,6085757
2021-06-17 10:12:26,425.0,6086488
2021-06-17 10:12:27,425.1,6088228
2021-06-17 10:12:28,425.1,6089282
2021-06-17 10:12:30,425.1,6089412
