timestamp,ltp,volume
2021-06-17 09:20:35,349.75,1740941
2021-06-17 09:20:36,349.85,1756417
2021-06-17 09:20:37,349.8,1757892
2021-06-17 09:20:40,349.9,1761993
2021-06-17 09:20:41,350.0,1794481
2021-06-17 09:20:42,349.85,1797472
2021-06-17 09:20:42,349.85,1797472
2021-06-17 09:20:44,350.0,1803000
2021-06-17 09:20:45,349.95,1805258
2021-06-17 09:20:46,349.9,1808854
2021-06-17 09:20:47,349.95,1823198
2021-06-17 09:20:48,350.0,1829412
2021-06-17 09:20:49,350.0,1831591
2021-06-17 09:20:50,350.0,1833912
2021-06-17 09:20:51,350.05,1868672
2021-06-17 09:20:53,349.95,1896999
2021-06-17 09:20:52,350.0,1886510
2021-06-17 09:20:54,350.0,1903675
2021-06-17 09:20:55,350.05,1908587
2021-06-17 09:20:56,350.0,1920792
2021-06-17 09:20:57,349.95,1926811
2021-06-17 09:20:59,349.8,1935037
2021-06-17 09:21:01,349.6,1961007
2021-06-17 09:21:02,349.75,1965410
2021-06-17 09:21:03,349.85,1970390
2021-06-17 09:21:04,349.8,1973296
2021-06-17 09:21:05,349.5,1976148
2021-06-17 09:21:07,349.8,1981478
2021-06-17 09:21:08,349.75,1982963
2021-06-17 09:21:09,349.8,1984812
2021-06-17 09:21:10,349.95,1987590
2021-06-17 09:21:11,349.95,1989920
2021-06-17 09:21:12,349.9,1996343
2021-06-17 09:21:13,349.7,1997050
2021-06-17 09:21:14,349.7,1999554
2021-06-17 09:21:15,349.8,2001532
2021-06-17 09:21:16,349.75,2005522
2021-06-17 09:21:17,349.7,2007253
2021-06-17 09:21:18,349.9,2008180
2021-06-17 09:21:19,349.8,2011893
2021-06-17 09:21:20,349.8,2018722
2021-06-17 09:21:21,349.95,2039266
2021-06-17 09:21:22,350.0,2044089
2021-06-17 09:21:23,350.0,2046057
2021-06-17 09:21:24,349.9,2050633
2021-06-17 09:21:25,350.05,2053304
2021-06-17 09:21:26,350.0,2055208
2021-06-17 09:21:27,350.05,2057474
2021-06-17 09:21:28,350.2,2059167
2021-06-17 09:21:29,350.2,2061294
2021-06-17 09:21:30,350.25,2061919
2021-06-17 09:21:31,350.1,2069005
2021-06-17 09:21:32,350.3,2077987
2021-06-17 09:21:33,350.25,2079361
2021-06-17 09:21:34,350.2,2082478
2021-06-17 09:21:35,350.35,2087949
2021-06-17 09:21:36,350.35,2090450
2021-06-17 09:21:37,350.2,2091418
2021-06-17 09:21:38,350.35,2100783
2021-06-17 09:21:39,350.2,2103432
2021-06-17 09:21:40,350.45,2107540
2021-06-17 09:21:41,350.35,2111840
2021-06-17 09:21:42,350.45,2112040
2021-06-17 09:21:43,350.3,2118192
2021-06-17 09:21:44,350.5,2128069
2021-06-17 09:21:45,350.05,2142560
2021-06-17 09:21:46,350.3,2150356
2021-06-17 09:21:47,350.2,2158609
2021-06-17 09:21:49,350.3,2166108
2021-06-17 09:21:50,350.3,2175630
2021-06-17 09:21:51,350.35,2178027
2021-06-17 09:21:52,350.4,2181327
2021-06-17 09:21:53,350.35,2183336
2021-06-17 09:21:54,350.35,2183432
2021-06-17 09:21:56,350.15,2200768
2021-06-17 09:21:57,350.4,2202662
2021-06-17 09:21:58,350.4,2203746
2021-06-17 09:21:59,350.45,2206007
2021-06-17 09:22:00,350.35,2211815
2021-06-17 09:22:01,350.4,2213789
2021-06-17 09:22:02,350.25,2218543
2021-06-17 09:22:03,350.4,2221165
2021-06-17 09:22:04,350.3,2222787
2021-06-17 09:22:05,350.35,2235751
2021-06-17 09:22:06,350.4,2239646
2021-06-17 09:22:07,350.4,2243349
2021-06-17 09:22:08,350.4,2246086
2021-06-17 09:22:09,350.4,2247983
2021-06-17 09:22:10,350.25,2253976
2021-06-17 09:22:11,350.45,2255700
2021-06-17 09:22:12,350.35,2258039
2021-06-17 09:22:13,350.5,2265320
2021-06-17 09:22:14,350.25,2268195
2021-06-17 09:22:15,350.3,2271421
2021-06-17 09:22:16,350.4,2274331
2021-06-17 09:22:17,350.5,2277283
2021-06-17 09:22:18,350.45,2277929
2021-06-17 09:22:19,350.4,2281445
2021-06-17 09:22:20,350.5,2287020
2021-06-17 09:22:21,350.5,2288398
2021-06-17 09:22:22,350.4,2289446
2021-06-17 09:22:23,350.35,2289828
2021-06-17 09:22:24,350.4,2297131
2021-06-17 09:22:25,350.45,2300459
2021-06-17 09:22:26,350.45,2301491
2021-06-17 09:22:27,350.45,2302306
2021-06-17 09:22:28,350.4,2303945
2021-06-17 09:22:29,350.45,2319689
2021-06-17 09:22:30,350.6,2326969
2021-06-17 09:22:31,350.55,2331812
2021-06-17 09:22:32,350.7,2332346
2021-06-17 09:22:33,350.7,2334241
2021-06-17 09:22:34,350.7,2334921
2021-06-17 09:22:35,350.7,2337705
2021-06-17 09:22:36,350.95,2353083
2021-06-17 09:22:37,350.9,2355020
2021-06-17 09:22:38,351.0,2357808
2021-06-17 09:22:39,351.0,2358538
2021-06-17 09:22:40,351.0,2362495
2021-06-17 09:22:42,350.95,2368659
2021-06-17 09:22:43,351.1,2429635
2021-06-17 09:22:44,351.2,2432510
2021-06-17 09:22:45,351.2,2444935
2021-06-17 09:22:46,351.25,2449111
2021-06-17 09:22:47,351.3,2450420
2021-06-17 09:22:48,351.25,2455126
2021-06-17 09:22:49,351.1,2458829
2021-06-17 09:22:50,351.65,2557083
2021-06-17 09:22:51,351.85,2562092
2021-06-17 09:22:53,351.85,2566220
2021-06-17 09:22:53,351.8,2567055
2021-06-17 09:22:54,352.2,2622988
2021-06-17 09:22:55,352.0,2630649
2021-06-17 09:22:56,351.9,2633281
2021-06-17 09:22:57,351.85,2634231
2021-06-17 09:22:58,351.9,2638640
2021-06-17 09:22:59,351.95,2641393
2021-06-17 09:23:00,351.95,2647694
2021-06-17 09:23:01,351.95,2649604
2021-06-17 09:23:02,351.7,2659512
2021-06-17 09:23:03,351.5,2668796
2021-06-17 09:23:04,351.75,2674546
2021-06-17 09:23:06,351.6,2679184
2021-06-17 09:23:07,351.35,2688459
2021-06-17 09:23:08,351.6,2694540
2021-06-17 09:23:09,351.55,2697782
2021-06-17 09:23:11,351.7,2701603
2021-06-17 09:23:12,351.45,2713723
2021-06-17 09:23:13,351.5,2717021
2021-06-17 09:23:14,351.35,2720331
2021-06-17 09:23:15,351.25,2729050
2021-06-17 09:23:16,351.3,2730794
2021-06-17 09:23:17,351.55,2747388
2021-06-17 09:23:18,351.5,2751158
2021-06-17 09:23:20,351.45,2760599
2021-06-17 09:23:20,351.35,2760622
2021-06-17 09:23:21,351.45,2766698
2021-06-17 09:23:22,351.5,2771230
2021-06-17 09:23:23,351.5,2776509
2021-06-17 09:23:24,351.35,2778589
2021-06-17 09:23:25,351.45,2780761
2021-06-17 09:23:26,351.35,2782553
2021-06-17 09:23:27,351.5,2786009
2021-06-17 09:23:28,351.5,2787256
2021-06-17 09:23:29,351.45,2796576
2021-06-17 09:23:30,351.45,2799866
2021-06-17 09:23:31,351.45,2809078
2021-06-17 09:23:32,351.5,2811830
2021-06-17 09:23:33,351.5,2814035
2021-06-17 09:23:38,351.55,2832667
2021-06-17 09:23:39,351.55,2835772
2021-06-17 09:23:40,351.55,2839357
2021-06-17 09:23:41,351.6,2841573
2021-06-17 09:23:42,351.6,2845714
2021-06-17 09:23:43,351.3,2863220
2021-06-17 09:23:44,351.5,2867507
2021-06-17 09:23:45,351.5,2868447
2021-06-17 09:23:47,351.5,2872576
2021-06-17 09:23:47,351.5,2873429
2021-06-17 09:23:48,351.5,2877023
2021-06-17 09:23:49,351.35,2878996
2021-06-17 09:23:50,351.3,2881946
2021-06-17 09:23:51,351.45,2884033
2021-06-17 09:23:52,351.4,2884958
2021-06-17 09:23:53,351.45,2887905
2021-06-17 09:23:55,351.45,2888921
2021-06-17 09:23:56,351.45,2889879
2021-06-17 09:23:57,351.5,2891876
2021-06-17 09:23:58,351.3,2893987
2021-06-17 09:23:59,351.25,2895835
2021-06-17 09:24:00,351.45,2898361
2021-06-17 09:24:01,351.35,2900660
2021-06-17 09:24:02,351.45,2916743
2021-06-17 09:24:03,351.25,2918339
2021-06-17 09:24:04,351.35,2918952
2021-06-17 09:24:05,351.4,2919629
2021-06-17 09:24:06,351.4,2922768
2021-06-17 09:24:07,351.35,2923458
2021-06-17 09:24:08,351.45,2925216
2021-06-17 09:24:10,351.35,2925911
2021-06-17 09:24:10,351.3,2926031
2021-06-17 09:24:13,351.35,2935502
2021-06-17 09:24:14,351.4,2938165
2021-06-17 09:24:15,351.3,2940594
2021-06-17 09:24:16,351.35,2943752
2021-06-17 09:24:17,351.3,2944560
2021-06-17 09:24:18,351.25,2945647
2021-06-17 09:24:19,351.3,2946527
2021-06-17 09:24:21,351.25,2947568
2021-06-17 09:24:22,351.3,2951310
2021-06-17 09:24:22,351.3,2951361
2021-06-17 09:24:23,351.3,2958394
2021-06-17 09:24:24,351.2,2961672
2021-06-17 09:24:25,351.2,2964557
2021-06-17 09:24:26,351.15,2971752
2021-06-17 09:24:27,351.0,2973769
2021-06-17 09:24:28,351.05,2976481
2021-06-17 09:24:29,350.9,2999604
2021-06-17 09:24:30,350.95,3001904
2021-06-17 09:24:31,350.95,3002857
2021-06-17 09:24:32,350.8,3007381
2021-06-17 09:24:33,351.0,3011000
2021-06-17 09:24:35,350.8,3012458
2021-06-17 09:24:36,350.95,3013348
2021-06-17 09:24:37,350.85,3016656
2021-06-17 09:24:38,351.2,3021866
2021-06-17 09:24:39,350.8,3032334
2021-06-17 09:24:40,350.8,3034056
2021-06-17 09:24:40,350.85,3041585
2021-06-17 09:24:42,350.8,3048732
2021-06-17 09:24:43,350.9,3058558
2021-06-17 09:24:44,351.0,3060108
2021-06-17 09:24:45,350.9,3061636
2021-06-17 09:24:46,351.15,3086874
2021-06-17 09:24:47,351.15,3097817
2021-06-17 09:24:48,351.05,3104006
2021-06-17 09:24:49,351.05,3106804
2021-06-17 09:24:50,351.2,3111471
2021-06-17 09:24:52,351.1,3121377
2021-06-17 09:24:52,351.1,3122257
2021-06-17 09:24:54,351.15,3122930
2021-06-17 09:24:55,351.1,3127866
2021-06-17 09:24:56,351.2,3128814
2021-06-17 09:24:57,351.2,3131167
2021-06-17 09:24:58,351.3,3132075
2021-06-17 09:24:59,351.3,3135135
2021-06-17 09:25:01,351.1,3136972
2021-06-17 09:25:02,351.1,3138629
2021-06-17 09:25:03,351.2,3138971
2021-06-17 09:25:04,351.05,3142107
2021-06-17 09:25:05,351.15,3143634
2021-06-17 09:25:06,351.25,3146400
2021-06-17 09:25:07,351.2,3146890
2021-06-17 09:25:08,351.2,3149327
2021-06-17 09:25:09,351.1,3150708
2021-06-17 09:25:10,351.05,3153506
2021-06-17 09:25:11,351.2,3154371
2021-06-17 09:25:12,351.25,3155147
2021-06-17 09:25:13,351.15,3157537
2021-06-17 09:25:15,351.25,3158058
2021-06-17 09:25:16,351.15,3158442
2021-06-17 09:25:17,351.2,3161792
2021-06-17 09:25:18,351.25,3163500
2021-06-17 09:25:19,351.25,3164580
2021-06-17 09:25:19,351.2,3164676
2021-06-17 09:25:20,351.25,3166005
2021-06-17 09:25:21,351.2,3170223
2021-06-17 09:25:22,351.25,3170624
2021-06-17 09:25:24,351.1,3183855
2021-06-17 09:25:25,351.15,3185005
2021-06-17 09:25:26,351.1,3185400
2021-06-17 09:25:27,351.1,3186507
2021-06-17 09:25:28,351.0,3187815
2021-06-17 09:25:30,351.0,3188788
2021-06-17 09:25:31,351.0,3189826
2021-06-17 09:25:32,351.05,3190916
2021-06-17 09:25:33,351.1,3191219
2021-06-17 09:25:34,351.05,3192032
2021-06-17 09:25:35,351.0,3192571
2021-06-17 09:25:35,351.05,3192584
2021-06-17 09:25:36,351.0,3192850
2021-06-17 09:25:37,351.1,3195213
2021-06-17 09:25:38,351.0,3196243
2021-06-17 09:25:39,351.1,3196784
2021-06-17 09:25:40,350.9,3210346
2021-06-17 09:25:41,350.95,3214151
2021-06-17 09:25:42,351.0,3215754
2021-06-17 09:25:44,350.9,3216298
2021-06-17 09:25:45,350.85,3218032
2021-06-17 09:25:46,351.05,3223698
2021-06-17 09:25:47,351.05,3227763
2021-06-17 09:25:47,350.95,3227863
2021-06-17 09:25:48,351.0,3228512
2021-06-17 09:25:49,351.0,3229740
2021-06-17 09:25:50,350.95,3231325
2021-06-17 09:25:51,350.9,3231426
2021-06-17 09:25:52,350.9,3231933
2021-06-17 09:25:53,350.95,3232770
2021-06-17 09:25:56,350.75,3251101
2021-06-17 09:25:58,350.65,3275945
2021-06-17 09:25:58,350.65,3275946
2021-06-17 09:25:59,350.6,3288663
2021-06-17 09:26:00,350.5,3290673
2021-06-17 09:26:01,350.7,3294363
2021-06-17 09:26:02,350.65,3297773
2021-06-17 09:26:03,350.55,3299821
2021-06-17 09:26:04,350.75,3300560
2021-06-17 09:26:06,350.55,3306439
2021-06-17 09:26:07,350.6,3308594
2021-06-17 09:26:08,350.55,3309759
2021-06-17 09:26:09,350.7,3310114
2021-06-17 09:26:10,350.85,3321404
2021-06-17 09:26:10,350.9,3321414
2021-06-17 09:26:11,350.8,3322015
2021-06-17 09:26:12,350.95,3328669
2021-06-17 09:26:13,350.75,3328735
2021-06-17 09:26:15,350.75,3329703
2021-06-17 09:26:16,350.75,3330312
2021-06-17 09:26:16,350.7,3331827
2021-06-17 09:26:17,350.75,3333098
2021-06-17 09:26:18,350.9,3334717
2021-06-17 09:26:19,350.9,3335635
2021-06-17 09:26:20,350.85,3336635
2021-06-17 09:26:22,350.85,3337429
2021-06-17 09:26:23,350.85,3337983
2021-06-17 09:26:24,350.7,3340294
2021-06-17 09:26:24,350.75,3339741
2021-06-17 09:26:25,350.8,3340472
2021-06-17 09:26:26,350.9,3341148
2021-06-17 09:26:28,350.85,3341960
2021-06-17 09:26:29,350.9,3344211
2021-06-17 09:26:30,350.95,3345352
2021-06-17 09:26:31,350.8,3346631
2021-06-17 09:26:32,350.8,3347054
2021-06-17 09:26:33,350.9,3348533
2021-06-17 09:26:34,350.8,3348783
2021-06-17 09:26:35,351.05,3375231
2021-06-17 09:26:36,350.95,3381300
2021-06-17 09:26:37,350.9,3381753
2021-06-17 09:26:38,350.95,3382304
2021-06-17 09:26:39,351.0,3382870
2021-06-17 09:26:40,350.95,3383666
2021-06-17 09:26:41,351.0,3389813
2021-06-17 09:26:43,351.2,3396206
2021-06-17 09:26:44,351.0,3399691
2021-06-17 09:26:44,351.0,3399712
2021-06-17 09:26:45,351.1,3407189
2021-06-17 09:26:46,351.15,3412762
2021-06-17 09:26:47,351.0,3415100
2021-06-17 09:26:48,351.2,3420237
2021-06-17 09:26:49,351.25,3428235
2021-06-17 09:26:51,351.1,3442339
2021-06-17 09:26:52,351.15,3442897
2021-06-17 09:26:53,351.25,3444349
2021-06-17 09:26:53,351.25,3444349
2021-06-17 09:26:55,351.45,3451357
2021-06-17 09:26:58,351.55,3466854
2021-06-17 09:26:59,351.4,3467293
2021-06-17 09:27:00,351.4,3468028
2021-06-17 09:27:01,351.35,3468710
2021-06-17 09:27:02,351.55,3470252
2021-06-17 09:27:04,351.45,3471233
2021-06-17 09:27:05,351.6,3473233
2021-06-17 09:27:06,351.6,3474724
2021-06-17 09:27:07,351.6,3475354
2021-06-17 09:27:08,351.65,3486679
2021-06-17 09:27:08,351.65,3486708
2021-06-17 09:27:09,351.65,3488703
2021-06-17 09:27:10,351.65,3497557
2021-06-17 09:27:11,351.55,3499938
2021-06-17 09:27:12,351.6,3508400
2021-06-17 09:27:14,351.65,3511834
2021-06-17 09:27:15,351.85,3523097
2021-06-17 09:27:16,351.75,3526115
2021-06-17 09:27:17,351.75,3528028
2021-06-17 09:27:18,351.75,3529746
2021-06-17 09:27:19,351.95,3647740
2021-06-17 09:27:20,352.15,3648396
2021-06-17 09:27:21,352.05,3649376
2021-06-17 09:27:22,352.0,3651171
2021-06-17 09:27:23,352.15,3652866
2021-06-17 09:27:24,352.15,3656049
2021-06-17 09:27:24,352.0,3656549
2021-06-17 09:27:25,352.05,3660615
2021-06-17 09:27:26,352.0,3663176
2021-06-17 09:27:27,352.0,3663975
2021-06-17 09:27:29,351.85,3674609
2021-06-17 09:27:31,351.95,3678014
2021-06-17 09:27:32,352.1,3679005
2021-06-17 09:27:33,352.0,3683191
2021-06-17 09:27:34,352.1,3687688
2021-06-17 09:27:35,352.2,3689393
2021-06-17 09:27:36,352.1,3690658
2021-06-17 09:27:37,352.1,3693304
2021-06-17 09:27:38,352.2,3696110
2021-06-17 09:27:39,352.2,3698262
2021-06-17 09:27:40,352.15,3701745
2021-06-17 09:27:41,352.2,3704911
2021-06-17 09:27:42,352.2,3706842
2021-06-17 09:27:43,352.1,3714619
2021-06-17 09:27:44,352.0,3737965
2021-06-17 09:27:46,352.1,3750882
2021-06-17 09:27:47,352.2,3751522
2021-06-17 09:27:48,352.0,3755814
2021-06-17 09:27:48,352.0,3755909
2021-06-17 09:27:49,352.05,3760824
2021-06-17 09:27:50,352.2,3773237
2021-06-17 09:27:52,352.2,3776659
2021-06-17 09:27:53,352.1,3779497
2021-06-17 09:27:54,352.2,3784226
2021-06-17 09:27:55,352.05,3787410
2021-06-17 09:27:56,352.05,3788059
2021-06-17 09:27:57,352.2,3790743
2021-06-17 09:27:58,352.15,3791915
2021-06-17 09:27:59,352.1,3793776
2021-06-17 09:28:00,352.15,3794464
2021-06-17 09:28:01,352.05,3795780
2021-06-17 09:28:02,352.0,3806226
2021-06-17 09:28:03,352.0,3809690
2021-06-17 09:28:04,351.95,3816523
2021-06-17 09:28:05,351.6,3825488
2021-06-17 09:28:06,351.7,3827099
2021-06-17 09:28:07,351.8,3828388
2021-06-17 09:28:07,351.85,3832388
2021-06-17 09:28:08,351.75,3834325
2021-06-17 09:28:09,351.9,3837182
2021-06-17 09:28:11,351.8,3838259
2021-06-17 09:28:12,351.9,3839268
2021-06-17 09:28:13,351.75,3841052
2021-06-17 09:28:14,351.9,3841595
2021-06-17 09:28:15,351.55,3844329
2021-06-17 09:28:16,351.6,3848836
2021-06-17 09:28:16,351.75,3849286
2021-06-17 09:28:17,351.75,3849792
2021-06-17 09:28:18,351.85,3851570
2021-06-17 09:28:20,351.75,3852912
2021-06-17 09:28:21,351.85,3853648
2021-06-17 09:28:22,351.65,3854541
2021-06-17 09:28:23,351.7,3855516
2021-06-17 09:28:24,351.65,3856669
2021-06-17 09:28:24,351.7,3857972
2021-06-17 09:28:25,351.7,3858362
2021-06-17 09:28:27,351.65,3860903
2021-06-17 09:28:28,351.65,3866487
2021-06-17 09:28:29,351.6,3867973
2021-06-17 09:28:30,351.65,3869288
2021-06-17 09:28:31,351.6,3869763
2021-06-17 09:28:31,351.7,3869817
2021-06-17 09:28:32,351.65,3870059
2021-06-17 09:28:34,351.7,3871606
2021-06-17 09:28:35,351.55,3876947
2021-06-17 09:28:36,351.65,3884372
2021-06-17 09:28:37,351.55,3885213
2021-06-17 09:28:37,351.55,3885213
2021-06-17 09:28:38,351.65,3896611
2021-06-17 09:28:40,351.7,3896835
2021-06-17 09:28:41,351.85,3896985
2021-06-17 09:28:42,351.7,3897293
2021-06-17 09:28:43,351.85,3899355
2021-06-17 09:28:44,351.9,3900019
2021-06-17 09:28:44,351.7,3899915
2021-06-17 09:28:45,351.9,3900289
2021-06-17 09:28:46,351.85,3901042
2021-06-17 09:28:47,351.95,3916388
2021-06-17 09:28:49,351.9,3916620
2021-06-17 09:28:51,351.85,3919999
2021-06-17 09:28:52,351.85,3921441
2021-06-17 09:28:52,351.85,3921441
2021-06-17 09:28:53,351.85,3934325
2021-06-17 09:28:55,351.8,3934960
2021-06-17 09:28:56,351.85,3935235
2021-06-17 09:28:57,351.9,3936433
2021-06-17 09:28:58,351.95,3937336
2021-06-17 09:28:59,351.9,3938046
2021-06-17 09:29:00,351.95,3961170
2021-06-17 09:29:01,351.9,3962133
2021-06-17 09:29:02,351.95,3962406
2021-06-17 09:29:03,351.9,3963068
2021-06-17 09:29:04,351.95,3963421
2021-06-17 09:29:05,351.9,3963732
2021-06-17 09:29:06,351.9,3964210
2021-06-17 09:29:07,352.0,3967229
2021-06-17 09:29:07,352.0,3967179
2021-06-17 09:29:08,352.0,3973225
2021-06-17 09:29:09,351.8,3975704
2021-06-17 09:29:10,351.95,3976047
2021-06-17 09:29:12,352.0,3977821
2021-06-17 09:29:13,351.9,3979456
2021-06-17 09:29:14,351.9,3981866
2021-06-17 09:29:14,351.95,3982091
2021-06-17 09:29:16,351.95,3984326
2021-06-17 09:29:17,352.0,3988065
2021-06-17 09:29:18,352.0,3988347
2021-06-17 09:29:19,352.0,3992684
2021-06-17 09:29:20,352.0,3992899
2021-06-17 09:29:21,352.0,3997299
2021-06-17 09:29:22,352.0,3999443
2021-06-17 09:29:23,352.05,4009183
2021-06-17 09:29:23,352.15,4012017
2021-06-17 09:29:25,351.95,4016375
2021-06-17 09:29:26,352.0,4018080
2021-06-17 09:29:27,351.95,4019486
2021-06-17 09:29:28,352.0,4021043
2021-06-17 09:29:29,352.15,4022033
2021-06-17 09:29:30,352.1,4028369
2021-06-17 09:29:31,352.1,4029116
2021-06-17 09:29:32,351.95,4030699
2021-06-17 09:29:33,352.1,4031470
2021-06-17 09:29:33,351.9,4033221
2021-06-17 09:29:34,352.0,4034340
2021-06-17 09:29:35,352.15,4036331
2021-06-17 09:29:37,351.85,4051369
2021-06-17 09:29:39,352.0,4053044
2021-06-17 09:29:40,351.95,4055373
2021-06-17 09:29:41,351.85,4066741
2021-06-17 09:29:42,351.85,4067596
2021-06-17 09:29:43,351.9,4068610
2021-06-17 09:29:44,351.95,4072128
2021-06-17 09:29:45,352.0,4072154
2021-06-17 09:29:45,351.9,4072189
2021-06-17 09:29:47,351.95,4072881
2021-06-17 09:29:48,351.7,4075273
2021-06-17 09:29:49,351.75,4076452
2021-06-17 09:29:52,351.6,4092705
2021-06-17 09:29:54,351.55,4093690
2021-06-17 09:29:55,351.55,4094721
2021-06-17 09:29:56,351.45,4098034
2021-06-17 09:29:57,351.3,4099173
2021-06-17 09:29:58,351.4,4103644
2021-06-17 09:29:59,351.45,4104776
2021-06-17 09:30:00,351.5,4107069
2021-06-17 09:30:01,351.5,4109454
2021-06-17 09:30:02,351.25,4109998
2021-06-17 09:30:02,351.25,4110538
2021-06-17 09:30:04,351.4,4111221
2021-06-17 09:30:05,351.3,4112129
2021-06-17 09:30:06,351.3,4112606
2021-06-17 09:30:07,351.45,4112716
2021-06-17 09:30:08,351.45,4112949
2021-06-17 09:30:09,351.5,4116477
2021-06-17 09:30:10,351.45,4117455
2021-06-17 09:30:11,351.4,4118184
2021-06-17 09:30:12,351.5,4118561
2021-06-17 09:30:13,351.4,4120732
2021-06-17 09:30:14,351.4,4122149
2021-06-17 09:30:14,351.4,4122150
2021-06-17 09:30:15,351.45,4122974
2021-06-17 09:30:16,351.45,4123388
2021-06-17 09:30:18,351.4,4127119
2021-06-17 09:30:19,351.45,4130086
2021-06-17 09:30:20,351.45,4132079
2021-06-17 09:30:21,351.5,4135719
2021-06-17 09:30:22,351.5,4136109
2021-06-17 09:30:23,351.5,4137926
2021-06-17 09:30:24,351.4,4138497
2021-06-17 09:30:25,351.35,4159970
2021-06-17 09:30:26,351.45,4162520
2021-06-17 09:30:27,351.3,4168391
2021-06-17 09:30:28,351.4,4168494
2021-06-17 09:30:29,351.3,4171284
2021-06-17 09:30:29,351.4,4172384
2021-06-17 09:30:30,351.3,4174315
2021-06-17 09:30:31,351.3,4174830
2021-06-17 09:30:33,351.3,4176842
2021-06-17 09:30:35,351.25,4177297
2021-06-17 09:30:36,351.35,4180633
2021-06-17 09:30:37,351.3,4180934
2021-06-17 09:30:38,351.35,4182990
2021-06-17 09:30:39,351.3,4183222
2021-06-17 09:30:40,351.3,4183335
2021-06-17 09:30:41,351.35,4183633
2021-06-17 09:30:42,351.3,4185132
2021-06-17 09:30:42,351.3,4185552
2021-06-17 09:30:43,351.35,4185576
2021-06-17 09:30:44,351.35,4187803
2021-06-17 09:30:45,351.3,4188204
2021-06-17 09:30:47,351.3,4189491
2021-06-17 09:30:49,351.1,4201772
2021-06-17 09:30:50,351.2,4202091
2021-06-17 09:30:51,350.95,4241644
2021-06-17 09:30:52,351.05,4242931
2021-06-17 09:30:53,351.05,4243489
2021-06-17 09:30:54,351.0,4244114
2021-06-17 09:30:55,351.05,4246999
2021-06-17 09:30:55,351.05,4246999
2021-06-17 09:30:57,351.05,4249016
2021-06-17 09:30:58,351.05,4250102
2021-06-17 09:30:59,351.05,4250428
2021-06-17 09:31:00,351.0,4253704
2021-06-17 09:31:01,351.2,4254817
2021-06-17 09:31:02,351.2,4254854
2021-06-17 09:31:03,351.1,4254916
2021-06-17 09:31:04,351.15,4257966
2021-06-17 09:31:05,351.15,4258640
2021-06-17 09:31:06,351.25,4259388
2021-06-17 09:31:06,351.25,4259388
2021-06-17 09:31:08,351.2,4259874
2021-06-17 09:31:09,351.1,4260462
2021-06-17 09:31:10,351.3,4262896
2021-06-17 09:31:11,351.35,4264642
2021-06-17 09:31:12,351.35,4265370
2021-06-17 09:31:13,351.35,4265884
2021-06-17 09:31:14,351.3,4266665
2021-06-17 09:31:15,351.45,4276589
2021-06-17 09:31:16,351.5,4278450
2021-06-17 09:31:16,351.5,4278241
2021-06-17 09:31:17,351.5,4278988
2021-06-17 09:31:18,351.4,4279056
2021-06-17 09:31:19,351.45,4279542
2021-06-17 09:31:20,351.5,4280347
2021-06-17 09:31:22,351.5,4281482
2021-06-17 09:31:23,351.35,4281775
2021-06-17 09:31:24,351.45,4284151
2021-06-17 09:31:25,351.5,4284602
2021-06-17 09:31:26,351.5,4285787
2021-06-17 09:31:27,351.4,4285868
2021-06-17 09:31:28,351.35,4288867
2021-06-17 09:31:30,351.3,4289237
2021-06-17 09:31:29,351.3,4289198
2021-06-17 09:31:31,351.05,4291624
2021-06-17 09:31:32,351.05,4292045
2021-06-17 09:31:33,351.2,4292377
2021-06-17 09:31:34,351.05,4293388
2021-06-17 09:31:35,351.15,4293663
2021-06-17 09:31:36,351.2,4296399
2021-06-17 09:31:37,351.2,4296399
2021-06-17 09:31:38,351.15,4297373
2021-06-17 09:31:39,351.2,4297819
2021-06-17 09:31:40,351.2,4299783
2021-06-17 09:31:41,351.1,4300246
2021-06-17 09:31:43,351.05,4300644
2021-06-17 09:31:44,351.05,4302009
2021-06-17 09:31:45,351.15,4302219
2021-06-17 09:31:47,351.2,4311830
2021-06-17 09:31:48,351.2,4312091
2021-06-17 09:31:49,351.15,4313557
2021-06-17 09:31:50,351.2,4314199
2021-06-17 09:31:51,351.15,4315750
2021-06-17 09:31:52,351.15,4316077
2021-06-17 09:31:53,351.3,4316726
2021-06-17 09:31:54,351.2,4316763
2021-06-17 09:31:55,351.25,4316992
2021-06-17 09:31:57,351.2,4319836
2021-06-17 09:31:58,351.25,4320005
2021-06-17 09:31:59,351.25,4320174
2021-06-17 09:32:00,351.25,4320466
2021-06-17 09:32:01,351.25,4321825
2021-06-17 09:32:02,351.25,4321825
2021-06-17 09:32:03,351.25,4322078
2021-06-17 09:32:04,351.2,4322370
2021-06-17 09:32:05,351.2,4323560
2021-06-17 09:32:06,351.2,4323594
2021-06-17 09:32:07,351.2,4324317
2021-06-17 09:32:08,351.15,4324417
2021-06-17 09:32:09,351.2,4331966
2021-06-17 09:32:10,351.1,4333738
2021-06-17 09:32:11,351.15,4333797
2021-06-17 09:32:12,351.15,4335408
2021-06-17 09:32:13,351.2,4335866
2021-06-17 09:32:14,351.2,4335979
2021-06-17 09:32:15,351.1,4336381
2021-06-17 09:32:16,351.1,4337925
2021-06-17 09:32:17,351.15,4338567
2021-06-17 09:32:18,351.15,4338969
2021-06-17 09:32:19,351.2,4339661
2021-06-17 09:32:20,351.15,4341177
2021-06-17 09:32:21,351.15,4341477
2021-06-17 09:32:22,351.2,4342614
2021-06-17 09:32:23,351.2,4344118
2021-06-17 09:32:24,351.15,4344266
2021-06-17 09:32:25,351.35,4358646
2021-06-17 09:32:26,351.25,4358721
2021-06-17 09:32:27,351.25,4358802
2021-06-17 09:32:28,351.3,4358867
2021-06-17 09:32:29,351.1,4360799
2021-06-17 09:32:30,351.15,4363809
2021-06-17 09:32:31,351.15,4364210
2021-06-17 09:32:32,351.35,4368899
2021-06-17 09:32:33,351.4,4374169
2021-06-17 09:32:34,351.4,4389520
2021-06-17 09:32:35,351.5,4389641
2021-06-17 09:32:36,351.4,4389845
2021-06-17 09:32:37,351.45,4395864
2021-06-17 09:32:38,351.7,4396832
2021-06-17 09:32:39,351.5,4398026
2021-06-17 09:32:40,351.55,4398701
2021-06-17 09:32:41,351.55,4399346
2021-06-17 09:32:44,351.65,4400105
2021-06-17 09:32:45,351.65,4400506
2021-06-17 09:32:46,351.55,4400681
2021-06-17 09:32:47,351.6,4400766
2021-06-17 09:32:48,351.55,4401516
2021-06-17 09:32:49,351.5,4402649
2021-06-17 09:32:50,351.6,4404012
2021-06-17 09:32:51,351.55,4404223
2021-06-17 09:32:52,351.55,4404259
2021-06-17 09:32:53,351.5,4404390
2021-06-17 09:32:54,351.5,4404561
2021-06-17 09:32:55,351.55,4405072
2021-06-17 09:32:56,351.3,4410772
2021-06-17 09:32:58,351.25,4413633
2021-06-17 09:32:57,351.25,4413633
2021-06-17 09:32:59,351.4,4414318
2021-06-17 09:33:00,351.4,4414630
2021-06-17 09:33:01,351.45,4418743
2021-06-17 09:33:03,351.5,4420288
2021-06-17 09:33:04,351.55,4421470
2021-06-17 09:33:05,351.45,4422205
2021-06-17 09:33:06,351.45,4422710
2021-06-17 09:33:07,351.5,4422925
2021-06-17 09:33:08,351.4,4428877
2021-06-17 09:33:09,351.35,4429058
2021-06-17 09:33:10,351.3,4429836
2021-06-17 09:33:11,351.25,4430126
2021-06-17 09:33:12,351.4,4430508
2021-06-17 09:33:13,351.5,4430782
2021-06-17 09:33:14,351.5,4431057
2021-06-17 09:33:15,351.45,4432086
2021-06-17 09:33:16,351.6,4436780
2021-06-17 09:33:17,351.5,4438987
2021-06-17 09:33:18,351.5,4441184
2021-06-17 09:33:19,351.5,4442420
2021-06-17 09:33:20,351.5,4442420
2021-06-17 09:33:22,351.5,4444723
2021-06-17 09:33:23,351.6,4444795
2021-06-17 09:33:24,351.5,4445122
2021-06-17 09:33:25,351.6,4445232
2021-06-17 09:33:26,351.5,4446602
2021-06-17 09:33:27,351.7,4447720
2021-06-17 09:33:28,351.7,4455299
2021-06-17 09:33:29,351.75,4456924
2021-06-17 09:33:30,351.85,4458605
2021-06-17 09:33:31,351.75,4460540
2021-06-17 09:33:33,351.8,4463124
2021-06-17 09:33:33,351.75,4463174
2021-06-17 09:33:34,351.95,4469711
2021-06-17 09:33:35,351.85,4470544
2021-06-17 09:33:36,351.95,4471061
2021-06-17 09:33:37,351.85,4471957
2021-06-17 09:33:38,351.85,4475490
2021-06-17 09:33:39,351.7,4483749
2021-06-17 09:33:40,351.8,4484149
2021-06-17 09:33:41,351.65,4485246
2021-06-17 09:33:42,351.6,4485983
2021-06-17 09:33:43,351.75,4486254
2021-06-17 09:33:44,351.7,4486705
2021-06-17 09:33:45,351.6,4488141
2021-06-17 09:33:47,351.9,4501702
2021-06-17 09:33:48,351.85,4501761
2021-06-17 09:33:49,352.2,4559368
2021-06-17 09:33:49,352.15,4559493
2021-06-17 09:33:50,352.2,4570764
2021-06-17 09:33:51,352.25,4571928
2021-06-17 09:33:52,352.05,4580226
2021-06-17 09:33:54,352.1,4588444
2021-06-17 09:33:56,352.15,4594568
2021-06-17 09:33:57,352.25,4598894
2021-06-17 09:33:58,352.05,4600228
2021-06-17 09:33:59,352.15,4601427
2021-06-17 09:34:00,352.15,4604800
2021-06-17 09:34:01,352.25,4606361
2021-06-17 09:34:02,352.15,4609977
2021-06-17 09:34:03,352.1,4618924
2021-06-17 09:34:05,352.15,4621000
2021-06-17 09:34:05,352.1,4621007
2021-06-17 09:34:06,352.15,4627901
2021-06-17 09:34:07,352.2,4628919
2021-06-17 09:34:08,352.2,4629781
2021-06-17 09:34:09,352.25,4631188
2021-06-17 09:34:10,352.25,4631666
2021-06-17 09:34:11,352.15,4632232
2021-06-17 09:34:12,352.05,4637577
2021-06-17 09:34:13,352.0,4638194
2021-06-17 09:34:15,352.0,4647474
2021-06-17 09:34:16,352.1,4647763
2021-06-17 09:34:17,351.9,4649089
2021-06-17 09:34:18,351.9,4649505
2021-06-17 09:34:19,351.8,4650267
2021-06-17 09:34:20,351.8,4650454
2021-06-17 09:34:21,351.85,4650808
2021-06-17 09:34:23,351.75,4651292
2021-06-17 09:34:23,351.75,4651473
2021-06-17 09:34:25,351.65,4655099
2021-06-17 09:34:25,351.55,4654550
2021-06-17 09:34:26,351.65,4656133
2021-06-17 09:34:27,351.65,4656296
2021-06-17 09:34:28,351.5,4657219
2021-06-17 09:34:29,351.6,4657879
2021-06-17 09:34:30,351.4,4675561
2021-06-17 09:34:31,351.4,4676893
2021-06-17 09:34:32,351.35,4677831
2021-06-17 09:34:35,351.4,4685072
2021-06-17 09:34:35,351.45,4685257
2021-06-17 09:34:36,351.35,4685609
2021-06-17 09:34:37,351.4,4685766
2021-06-17 09:34:38,351.4,4686060
2021-06-17 09:34:39,351.55,4686754
2021-06-17 09:34:40,351.6,4686873
2021-06-17 09:34:42,351.45,4687756
2021-06-17 09:34:43,351.6,4688536
2021-06-17 09:34:44,351.55,4688732
2021-06-17 09:34:45,351.55,4688989
2021-06-17 09:34:47,351.6,4691035
2021-06-17 09:34:48,351.6,4691219
2021-06-17 09:34:50,351.55,4691980
2021-06-17 09:34:50,351.6,4691965
2021-06-17 09:34:51,351.55,4692110
2021-06-17 09:34:52,351.6,4692387
2021-06-17 09:34:53,351.7,4694487
2021-06-17 09:34:54,351.55,4695051
2021-06-17 09:34:55,351.55,4695530
2021-06-17 09:34:56,351.65,4696177
2021-06-17 09:34:58,351.7,4698997
2021-06-17 09:34:59,351.65,4699732
2021-06-17 09:35:00,351.6,4701217
2021-06-17 09:35:01,351.65,4702285
2021-06-17 09:35:02,351.7,4702637
2021-06-17 09:35:03,351.6,4702674
2021-06-17 09:35:04,351.6,4705063
2021-06-17 09:35:05,351.6,4705564
2021-06-17 09:35:07,351.7,4705753
2021-06-17 09:35:08,351.6,4706201
2021-06-17 09:35:08,351.6,4706201
2021-06-17 09:35:09,351.7,4708151
2021-06-17 09:35:10,351.8,4708258
2021-06-17 09:35:11,351.75,4709717
2021-06-17 09:35:12,351.9,4710906
2021-06-17 09:35:13,351.95,4711177
2021-06-17 09:35:15,351.8,4711355
2021-06-17 09:35:15,351.8,4711293
2021-06-17 09:35:16,351.95,4713844
2021-06-17 09:35:17,351.95,4714516
2021-06-17 09:35:18,352.05,4721002
2021-06-17 09:35:19,352.1,4721205
2021-06-17 09:35:20,352.1,4721560
2021-06-17 09:35:21,352.1,4722108
2021-06-17 09:35:23,352.05,4724819
2021-06-17 09:35:23,352.1,4724483
2021-06-17 09:35:24,352.1,4726217
2021-06-17 09:35:25,352.1,4727887
2021-06-17 09:35:26,351.9,4767294
2021-06-17 09:35:27,351.9,4768312
2021-06-17 09:35:28,352.05,4769646
2021-06-17 09:35:29,351.85,4770203
2021-06-17 09:35:31,352.0,4771236
2021-06-17 09:35:31,352.0,4771266
2021-06-17 09:35:32,351.9,4773187
2021-06-17 09:35:34,351.85,4775089
2021-06-17 09:35:35,351.7,4775814
2021-06-17 09:35:36,351.75,4778088
2021-06-17 09:35:37,351.8,4778696
2021-06-17 09:35:39,351.8,4779630
2021-06-17 09:35:40,351.6,4779903
2021-06-17 09:35:41,351.75,4780026
2021-06-17 09:35:42,351.7,4781431
2021-06-17 09:35:43,351.7,4781548
2021-06-17 09:35:44,351.7,4782296
2021-06-17 09:35:45,351.8,4782388
2021-06-17 09:35:45,351.8,4782395
2021-06-17 09:35:46,351.8,4782939
2021-06-17 09:35:47,351.7,4783433
2021-06-17 09:35:48,351.7,4783510
2021-06-17 09:35:49,351.8,4784599
2021-06-17 09:35:50,351.8,4785250
2021-06-17 09:35:52,351.8,4790746
2021-06-17 09:35:53,351.7,4791456
2021-06-17 09:35:54,351.85,4796673
2021-06-17 09:35:55,351.95,4796748
2021-06-17 09:35:56,351.9,4797297
2021-06-17 09:35:57,351.9,4797365
2021-06-17 09:35:57,351.85,4797387
2021-06-17 09:35:58,351.9,4797663
2021-06-17 09:35:59,351.85,4798165
2021-06-17 09:36:01,351.7,4799460
2021-06-17 09:36:01,351.85,4799785
2021-06-17 09:36:02,351.7,4801250
2021-06-17 09:36:03,351.75,4801457
2021-06-17 09:36:04,351.8,4802119
2021-06-17 09:36:05,351.75,4802239
2021-06-17 09:36:06,351.85,4802329
2021-06-17 09:36:09,351.8,4803470
2021-06-17 09:36:10,351.85,4803735
2021-06-17 09:36:11,351.85,4804946
2021-06-17 09:36:12,351.9,4806027
2021-06-17 09:36:12,351.9,4806027
2021-06-17 09:36:14,351.95,4807131
2021-06-17 09:36:15,351.95,4807297
2021-06-17 09:36:15,352.0,4807858
2021-06-17 09:36:16,351.95,4808320
2021-06-17 09:36:17,351.95,4808367
2021-06-17 09:36:18,352.0,4808933
2021-06-17 09:36:19,351.95,4809410
2021-06-17 09:36:20,351.95,4810480
2021-06-17 09:36:21,352.0,4812513
2021-06-17 09:36:23,352.0,4814791
2021-06-17 09:36:24,352.0,4816421
2021-06-17 09:36:25,351.95,4816584
2021-06-17 09:36:26,351.95,4817237
2021-06-17 09:36:27,351.95,4818839
2021-06-17 09:36:28,352.0,4819162
2021-06-17 09:36:29,352.0,4820627
2021-06-17 09:36:30,352.0,4823683
2021-06-17 09:36:32,351.85,4824756
2021-06-17 09:36:33,351.9,4824929
2021-06-17 09:36:34,351.9,4825094
2021-06-17 09:36:35,351.95,4826245
2021-06-17 09:36:36,351.95,4826745
2021-06-17 09:36:36,351.95,4826845
2021-06-17 09:36:37,352.0,4827252
2021-06-17 09:36:38,351.9,4827724
2021-06-17 09:36:39,351.9,4828070
2021-06-17 09:36:41,351.95,4828250
2021-06-17 09:36:42,352.0,4829385
2021-06-17 09:36:42,352.0,4829383
2021-06-17 09:36:43,351.95,4829763
2021-06-17 09:36:44,351.9,4830431
2021-06-17 09:36:46,351.95,4832113
2021-06-17 09:36:47,351.85,4832726
2021-06-17 09:36:48,351.85,4834758
2021-06-17 09:36:48,351.7,4834629
2021-06-17 09:36:49,351.7,4836941
2021-06-17 09:36:51,351.7,4837482
2021-06-17 09:36:52,351.8,4837741
2021-06-17 09:36:53,351.8,4838193
2021-06-17 09:36:53,351.7,4838541
2021-06-17 09:36:55,351.85,4839435
2021-06-17 09:36:55,351.7,4839432
2021-06-17 09:36:56,351.7,4839503
2021-06-17 09:36:57,351.9,4840266
2021-06-17 09:36:59,351.75,4842257
2021-06-17 09:37:00,351.8,4842484
2021-06-17 09:37:01,351.85,4843225
2021-06-17 09:37:02,351.95,4843345
2021-06-17 09:37:03,351.85,4843669
2021-06-17 09:37:03,351.85,4843669
2021-06-17 09:37:04,351.95,4843913
2021-06-17 09:37:05,351.95,4846701
2021-06-17 09:37:07,351.85,4847281
2021-06-17 09:37:08,351.9,4847856
2021-06-17 09:37:09,351.8,4848777
2021-06-17 09:37:10,351.9,4850117
2021-06-17 09:37:11,351.95,4850668
2021-06-17 09:37:11,351.8,4850608
2021-06-17 09:37:13,351.85,4850826
2021-06-17 09:37:13,351.85,4851126
2021-06-17 09:37:15,351.8,4854319
2021-06-17 09:37:15,351.75,4854321
2021-06-17 09:37:16,351.95,4856215
2021-06-17 09:37:18,351.8,4856455
2021-06-17 09:37:18,351.85,4856715
2021-06-17 09:37:19,351.8,4856732
2021-06-17 09:37:21,351.85,4858858
2021-06-17 09:37:21,351.85,4858858
2021-06-17 09:37:23,351.7,4859519
2021-06-17 09:37:24,351.85,4861442
2021-06-17 09:37:24,351.85,4861568
2021-06-17 09:37:26,351.8,4862600
2021-06-17 09:37:26,351.75,4862597
2021-06-17 09:37:27,351.75,4863200
2021-06-17 09:37:28,351.75,4865904
2021-06-17 09:37:29,351.9,4866035
2021-06-17 09:37:30,351.8,4866053
2021-06-17 09:37:31,351.8,4866300
2021-06-17 09:37:33,351.8,4866479
2021-06-17 09:37:34,351.8,4866512
2021-06-17 09:37:35,351.75,4867203
2021-06-17 09:37:36,351.8,4867465
2021-06-17 09:37:37,351.85,4867544
2021-06-17 09:37:38,351.8,4867653
2021-06-17 09:37:39,351.85,4868022
2021-06-17 09:37:39,351.8,4868047
2021-06-17 09:37:40,351.85,4868142
2021-06-17 09:37:42,351.85,4868338
2021-06-17 09:37:43,351.85,4868543
2021-06-17 09:37:44,351.8,4869176
2021-06-17 09:37:44,351.85,4869312
2021-06-17 09:37:46,351.85,4870335
2021-06-17 09:37:46,351.8,4870387
2021-06-17 09:37:48,351.85,4871953
2021-06-17 09:37:48,351.85,4871956
2021-06-17 09:37:49,351.8,4873106
2021-06-17 09:37:50,351.8,4873856
2021-06-17 09:37:53,351.8,4875282
2021-06-17 09:37:52,351.8,4874441
2021-06-17 09:37:53,351.85,4875632
2021-06-17 09:37:55,351.8,4877707
2021-06-17 09:37:56,351.85,4878670
2021-06-17 09:37:57,351.7,4886090
2021-06-17 09:37:57,351.8,4886091
2021-06-17 09:37:59,351.8,4886092
2021-06-17 09:37:59,351.75,4886351
2021-06-17 09:38:00,351.85,4886901
2021-06-17 09:38:01,351.85,4887946
2021-06-17 09:38:02,351.85,4890607
2021-06-17 09:38:03,352.1,4958906
2021-06-17 09:38:04,352.2,4970221
2021-06-17 09:38:06,352.2,4972085
2021-06-17 09:38:07,352.15,4974934
2021-06-17 09:38:08,352.2,4975516
2021-06-17 09:38:08,352.1,4976016
2021-06-17 09:38:10,352.0,4976133
2021-06-17 09:38:11,352.15,4976984
2021-06-17 09:38:12,352.15,4977901
2021-06-17 09:38:12,352.0,4978004
2021-06-17 09:38:13,352.15,4978703
2021-06-17 09:38:14,352.0,4978837
2021-06-17 09:38:15,352.05,4980130
2021-06-17 09:38:17,352.1,4980286
2021-06-17 09:38:18,352.2,4980547
2021-06-17 09:38:18,352.1,4980312
2021-06-17 09:38:19,352.15,4980769
2021-06-17 09:38:20,352.0,4981514
2021-06-17 09:38:21,352.1,4981865
2021-06-17 09:38:22,352.1,4982247
2021-06-17 09:38:23,352.0,4982515
2021-06-17 09:38:24,352.0,4983880
2021-06-17 09:38:25,352.15,4984703
2021-06-17 09:38:26,352.15,4988797
2021-06-17 09:38:27,352.15,4991230
2021-06-17 09:38:29,352.1,4991710
2021-06-17 09:38:29,352.0,4991741
2021-06-17 09:38:31,352.1,4992144
2021-06-17 09:38:32,352.2,4992564
2021-06-17 09:38:32,352.15,4992571
2021-06-17 09:38:34,352.2,4995210
2021-06-17 09:38:35,352.15,4995961
2021-06-17 09:38:35,352.15,4995972
2021-06-17 09:38:37,352.0,4996769
2021-06-17 09:38:37,352.0,4996769
2021-06-17 09:38:38,352.0,4997023
2021-06-17 09:38:39,352.0,4997427
2021-06-17 09:38:40,352.05,4999798
2021-06-17 09:38:42,352.0,5001470
2021-06-17 09:38:44,352.05,5004480
2021-06-17 09:38:44,351.85,5004510
2021-06-17 09:38:45,352.0,5004839
2021-06-17 09:38:47,352.0,5006430
2021-06-17 09:38:47,352.0,5006431
2021-06-17 09:38:49,352.0,5006543
2021-06-17 09:38:50,351.85,5006606
2021-06-17 09:38:51,351.85,5007899
2021-06-17 09:38:51,352.0,5008099
2021-06-17 09:38:53,352.0,5010867
2021-06-17 09:38:54,352.0,5012330
2021-06-17 09:38:55,352.1,5013905
2021-06-17 09:38:56,352.0,5013918
2021-06-17 09:38:57,352.05,5015179
2021-06-17 09:38:58,352.0,5015233
2021-06-17 09:38:59,352.05,5018462
2021-06-17 09:39:00,352.1,5018835
2021-06-17 09:39:01,352.35,5059891
2021-06-17 09:39:02,352.45,5060453
2021-06-17 09:39:03,352.35,5077248
2021-06-17 09:39:04,352.35,5080431
2021-06-17 09:39:05,352.45,5081776
2021-06-17 09:39:06,352.5,5084345
2021-06-17 09:39:07,352.35,5085071
2021-06-17 09:39:08,352.4,5086903
2021-06-17 09:39:09,352.2,5092154
2021-06-17 09:39:10,352.35,5094421
2021-06-17 09:39:11,352.4,5098632
2021-06-17 09:39:12,352.35,5099298
2021-06-17 09:39:13,352.4,5100037
2021-06-17 09:39:13,352.45,5100002
2021-06-17 09:39:15,352.35,5105039
2021-06-17 09:39:15,352.35,5104641
2021-06-17 09:39:17,352.3,5109764
2021-06-17 09:39:17,352.1,5110167
2021-06-17 09:39:18,352.25,5112410
2021-06-17 09:39:19,352.2,5114034
2021-06-17 09:39:20,352.35,5114161
2021-06-17 09:39:22,352.2,5121897
2021-06-17 09:39:23,352.35,5122380
2021-06-17 09:39:24,352.2,5123146
2021-06-17 09:39:24,352.4,5123985
2021-06-17 09:39:26,352.35,5133283
2021-06-17 09:39:26,352.35,5133333
2021-06-17 09:39:27,352.2,5135560
2021-06-17 09:39:29,352.25,5138743
2021-06-17 09:39:30,352.4,5140330
2021-06-17 09:39:31,352.4,5141038
2021-06-17 09:39:32,352.35,5142010
2021-06-17 09:39:33,352.25,5142639
2021-06-17 09:39:34,352.35,5143558
2021-06-17 09:39:34,352.35,5143563
2021-06-17 09:39:35,352.25,5145214
2021-06-17 09:39:36,352.35,5146022
2021-06-17 09:39:37,352.35,5146268
2021-06-17 09:39:38,352.35,5147233
2021-06-17 09:39:39,352.4,5148162
2021-06-17 09:39:41,352.4,5149488
2021-06-17 09:39:41,352.4,5149930
2021-06-17 09:39:42,352.4,5150775
2021-06-17 09:39:43,352.4,5150944
2021-06-17 09:39:44,352.3,5151778
2021-06-17 09:39:45,352.4,5155618
2021-06-17 09:39:46,352.25,5156906
2021-06-17 09:39:47,352.35,5158463
2021-06-17 09:39:50,352.15,5169094
2021-06-17 09:39:51,352.1,5170130
2021-06-17 09:39:52,352.05,5178853
2021-06-17 09:39:52,352.05,5179213
2021-06-17 09:39:54,351.8,5184578
2021-06-17 09:39:55,351.9,5187483
2021-06-17 09:39:55,351.75,5187955
2021-06-17 09:39:56,351.8,5189455
2021-06-17 09:39:58,352.0,5189858
2021-06-17 09:39:58,351.95,5190295
2021-06-17 09:39:59,351.8,5190797
2021-06-17 09:40:00,351.9,5191965
2021-06-17 09:40:01,352.0,5192274
2021-06-17 09:40:03,351.95,5195031
2021-06-17 09:40:04,352.0,5197055
2021-06-17 09:40:05,352.0,5197543
2021-06-17 09:40:07,351.85,5198529
2021-06-17 09:40:07,352.0,5198549
2021-06-17 09:40:08,351.9,5199994
2021-06-17 09:40:09,352.0,5200214
2021-06-17 09:40:10,352.0,5200557
2021-06-17 09:40:12,351.85,5201650
2021-06-17 09:40:14,351.85,5202570
2021-06-17 09:40:15,351.9,5202623
2021-06-17 09:40:15,351.9,5202626
2021-06-17 09:40:16,351.85,5203833
2021-06-17 09:40:17,351.95,5204351
2021-06-17 09:40:19,352.0,5205028
2021-06-17 09:40:20,351.85,5205744
2021-06-17 09:40:20,351.85,5205821
2021-06-17 09:40:21,351.85,5206276
2021-06-17 09:40:22,351.85,5206769
2021-06-17 09:40:23,351.8,5207021
2021-06-17 09:40:25,351.95,5207366
2021-06-17 09:40:26,351.9,5207687
2021-06-17 09:40:27,351.85,5208917
2021-06-17 09:40:28,352.0,5210023
2021-06-17 09:40:29,351.9,5210485
2021-06-17 09:40:30,351.9,5211156
2021-06-17 09:40:30,351.9,5211156
2021-06-17 09:40:31,351.9,5211236
2021-06-17 09:40:32,351.85,5211937
2021-06-17 09:40:33,352.0,5213380
2021-06-17 09:40:34,352.0,5214171
2021-06-17 09:40:35,351.95,5219399
2021-06-17 09:40:36,351.95,5219994
2021-06-17 09:40:38,352.0,5220653
2021-06-17 09:40:39,352.0,5220828
2021-06-17 09:40:40,352.0,5221463
2021-06-17 09:40:40,352.0,5221781
2021-06-17 09:40:41,352.0,5222932
2021-06-17 09:40:43,351.95,5223586
2021-06-17 09:40:45,351.95,5225279
2021-06-17 09:40:46,352.0,5226562
2021-06-17 09:40:47,351.9,5226754
2021-06-17 09:40:48,351.9,5233626
2021-06-17 09:40:49,352.0,5233808
2021-06-17 09:40:50,351.9,5234893
2021-06-17 09:40:50,351.95,5235607
2021-06-17 09:40:51,351.9,5235719
2021-06-17 09:40:53,351.9,5241504
2021-06-17 09:40:54,351.95,5241762
2021-06-17 09:40:55,351.95,5241890
2021-06-17 09:40:56,351.9,5241950
2021-06-17 09:40:58,351.85,5242420
2021-06-17 09:41:02,351.85,5244408
2021-06-17 09:41:03,351.85,5244689
2021-06-17 09:41:04,351.9,5246083
2021-06-17 09:41:05,351.9,5247050
2021-06-17 09:41:06,351.85,5247842
2021-06-17 09:41:07,351.85,5248876
2021-06-17 09:41:07,351.95,5249021
2021-06-17 09:41:09,351.85,5249645
2021-06-17 09:41:10,351.9,5249680
2021-06-17 09:41:10,351.9,5249680
2021-06-17 09:41:11,351.95,5249758
2021-06-17 09:41:12,351.95,5250239
2021-06-17 09:41:13,351.9,5250790
2021-06-17 09:41:14,351.9,5250910
2021-06-17 09:41:15,351.9,5252048
2021-06-17 09:41:16,351.95,5252262
2021-06-17 09:41:17,351.9,5252454
2021-06-17 09:41:18,351.9,5253114
2021-06-17 09:41:20,351.85,5253380
2021-06-17 09:41:20,351.85,5253480
2021-06-17 09:41:21,351.9,5253486
2021-06-17 09:41:23,351.85,5253764
2021-06-17 09:41:24,351.85,5253768
2021-06-17 09:41:25,351.9,5254175
2021-06-17 09:41:27,351.95,5254998
2021-06-17 09:41:27,351.9,5254888
2021-06-17 09:41:28,351.9,5255249
2021-06-17 09:41:30,351.85,5256284
2021-06-17 09:41:31,351.85,5258986
2021-06-17 09:41:32,351.9,5261763
2021-06-17 09:41:32,351.85,5261913
2021-06-17 09:41:34,351.9,5262504
2021-06-17 09:41:36,351.85,5263355
2021-06-17 09:41:36,351.85,5263355
2021-06-17 09:41:37,351.85,5264227
2021-06-17 09:41:38,351.9,5264560
2021-06-17 09:41:39,351.85,5264709
2021-06-17 09:41:40,351.85,5266898
2021-06-17 09:41:42,351.9,5267261
2021-06-17 09:41:42,351.9,5267261
2021-06-17 09:41:43,351.85,5267463
2021-06-17 09:41:45,351.85,5268551
2021-06-17 09:41:46,351.9,5269005
2021-06-17 09:41:48,351.85,5269620
2021-06-17 09:41:48,351.9,5270140
2021-06-17 09:41:50,351.85,5271220
2021-06-17 09:41:51,351.95,5272484
2021-06-17 09:41:53,351.85,5272843
2021-06-17 09:41:55,351.9,5272948
2021-06-17 09:41:54,351.85,5272945
2021-06-17 09:41:56,351.85,5273209
2021-06-17 09:41:57,351.75,5277185
2021-06-17 09:41:58,351.9,5280413
2021-06-17 09:41:59,351.8,5281800
2021-06-17 09:42:00,351.75,5285233
2021-06-17 09:42:01,351.85,5285432
2021-06-17 09:42:02,351.85,5285683
2021-06-17 09:42:03,351.85,5286087
2021-06-17 09:42:04,351.9,5287498
2021-06-17 09:42:05,351.75,5288263
2021-06-17 09:42:07,351.75,5289165
2021-06-17 09:42:08,351.8,5289516
2021-06-17 09:42:09,351.8,5297647
2021-06-17 09:42:10,351.7,5301658
2021-06-17 09:42:11,351.65,5302174
2021-06-17 09:42:12,351.6,5303134
2021-06-17 09:42:13,351.5,5310696
2021-06-17 09:42:14,351.5,5311104
2021-06-17 09:42:15,351.6,5314997
2021-06-17 09:42:16,351.35,5338224
2021-06-17 09:42:17,351.3,5339512
2021-06-17 09:42:18,351.35,5344057
2021-06-17 09:42:20,351.3,5346787
2021-06-17 09:42:21,351.3,5347620
2021-06-17 09:42:22,351.4,5350635
2021-06-17 09:42:23,351.3,5355480
2021-06-17 09:42:24,351.2,5356989
2021-06-17 09:42:25,351.2,5358753
2021-06-17 09:42:26,351.25,5360319
2021-06-17 09:42:27,351.15,5360482
2021-06-17 09:42:28,351.25,5361429
2021-06-17 09:42:29,351.2,5362845
2021-06-17 09:42:30,351.2,5401086
2021-06-17 09:42:31,350.8,5452603
2021-06-17 09:42:32,350.65,5477072
2021-06-17 09:42:34,350.7,5485480
2021-06-17 09:42:36,350.7,5496668
2021-06-17 09:42:37,350.6,5500489
2021-06-17 09:42:38,350.6,5503373
2021-06-17 09:42:39,350.6,5506611
2021-06-17 09:42:40,350.55,5507160
2021-06-17 09:42:41,350.6,5510496
2021-06-17 09:42:42,350.55,5542815
2021-06-17 09:42:43,350.5,5548341
2021-06-17 09:42:44,350.6,5552211
2021-06-17 09:42:45,350.6,5559547
2021-06-17 09:42:46,350.65,5560912
2021-06-17 09:42:48,350.9,5570869
2021-06-17 09:42:47,350.7,5562666
2021-06-17 09:42:49,350.7,5572239
2021-06-17 09:42:50,350.9,5573481
2021-06-17 09:42:51,350.85,5574697
2021-06-17 09:42:52,350.8,5575427
2021-06-17 09:42:53,350.7,5576767
2021-06-17 09:42:54,350.9,5578658
2021-06-17 09:42:56,350.85,5579915
2021-06-17 09:42:57,350.85,5580602
2021-06-17 09:42:58,350.7,5583093
2021-06-17 09:42:59,350.75,5583163
2021-06-17 09:43:01,350.75,5584627
2021-06-17 09:43:02,350.75,5586062
2021-06-17 09:43:03,350.7,5591428
2021-06-17 09:43:04,350.8,5593226
2021-06-17 09:43:05,350.75,5593701
2021-06-17 09:43:06,350.7,5597230
2021-06-17 09:43:07,350.65,5600428
2021-06-17 09:43:08,350.7,5601049
2021-06-17 09:43:09,350.65,5609846
2021-06-17 09:43:10,350.55,5611347
2021-06-17 09:43:11,350.55,5611925
2021-06-17 09:43:12,350.55,5613668
2021-06-17 09:43:13,350.55,5614547
2021-06-17 09:43:14,350.75,5615841
2021-06-17 09:43:15,350.65,5617976
2021-06-17 09:43:16,350.9,5621529
2021-06-17 09:43:17,350.65,5624387
2021-06-17 09:43:18,350.7,5625758
2021-06-17 09:43:19,350.75,5628001
2021-06-17 09:43:20,350.65,5631213
2021-06-17 09:43:21,350.7,5631728
2021-06-17 09:43:22,350.7,5632713
2021-06-17 09:43:23,350.7,5633328
2021-06-17 09:43:25,350.75,5634434
2021-06-17 09:43:24,350.75,5634334
2021-06-17 09:43:26,350.75,5635036
2021-06-17 09:43:27,350.85,5636880
2021-06-17 09:43:28,350.9,5638008
2021-06-17 09:43:29,351.0,5640019
2021-06-17 09:43:30,351.0,5642560
2021-06-17 09:43:31,350.9,5642786
2021-06-17 09:43:32,350.8,5643649
2021-06-17 09:43:33,351.0,5645867
2021-06-17 09:43:34,350.95,5646206
2021-06-17 09:43:35,350.9,5648031
2021-06-17 09:43:36,350.85,5649280
2021-06-17 09:43:37,350.85,5649608
2021-06-17 09:43:38,350.95,5650214
2021-06-17 09:43:39,350.9,5651056
2021-06-17 09:43:40,350.75,5656838
2021-06-17 09:43:41,350.85,5657661
2021-06-17 09:43:42,351.0,5663341
2021-06-17 09:43:43,350.9,5663643
2021-06-17 09:43:44,350.85,5663688
2021-06-17 09:43:45,350.8,5666646
2021-06-17 09:43:46,350.8,5667021
2021-06-17 09:43:47,350.85,5667196
2021-06-17 09:43:48,350.9,5668954
2021-06-17 09:43:49,350.9,5670148
2021-06-17 09:43:51,350.85,5670777
2021-06-17 09:43:52,350.9,5672768
2021-06-17 09:43:53,350.7,5675401
2021-06-17 09:43:54,350.7,5677719
2021-06-17 09:43:56,350.8,5679883
2021-06-17 09:43:56,350.7,5679758
2021-06-17 09:43:57,350.8,5679978
2021-06-17 09:43:58,350.85,5680949
2021-06-17 09:44:00,350.85,5682047
2021-06-17 09:44:00,350.85,5682097
2021-06-17 09:44:01,350.85,5686112
2021-06-17 09:44:02,350.8,5686322
2021-06-17 09:44:03,350.85,5688522
2021-06-17 09:44:04,350.8,5688623
2021-06-17 09:44:05,350.9,5689348
2021-06-17 09:44:06,350.75,5689862
2021-06-17 09:44:07,350.75,5690408
2021-06-17 09:44:08,350.9,5691253
2021-06-17 09:44:09,350.85,5692768
2021-06-17 09:44:10,351.0,5698186
2021-06-17 09:44:12,350.95,5698856
2021-06-17 09:44:12,351.0,5699574
2021-06-17 09:44:13,351.0,5699924
2021-06-17 09:44:14,350.85,5700024
2021-06-17 09:44:15,350.85,5700429
2021-06-17 09:44:16,351.0,5703971
2021-06-17 09:44:17,350.85,5704807
2021-06-17 09:44:18,350.9,5704894
2021-06-17 09:44:19,350.8,5710172
2021-06-17 09:44:20,350.9,5712096
2021-06-17 09:44:22,350.9,5714082
2021-06-17 09:44:23,350.85,5714857
2021-06-17 09:44:24,350.85,5718114
2021-06-17 09:44:25,350.85,5718447
2021-06-17 09:44:26,350.8,5727695
2021-06-17 09:44:27,350.7,5727775
2021-06-17 09:44:28,350.75,5728658
2021-06-17 09:44:29,350.7,5729118
2021-06-17 09:44:30,350.75,5729309
2021-06-17 09:44:31,350.75,5730415
2021-06-17 09:44:32,350.75,5734571
2021-06-17 09:44:33,350.65,5752244
2021-06-17 09:44:34,350.6,5755049
2021-06-17 09:44:35,350.75,5774123
2021-06-17 09:44:36,350.7,5782676
2021-06-17 09:44:37,350.6,5783437
2021-06-17 09:44:38,350.55,5783798
2021-06-17 09:44:39,350.65,5785437
2021-06-17 09:44:40,350.5,5791017
2021-06-17 09:44:41,350.55,5791347
2021-06-17 09:44:43,350.5,5793118
2021-06-17 09:44:44,350.5,5795289
2021-06-17 09:44:46,350.55,5824266
2021-06-17 09:44:47,350.55,5830038
2021-06-17 09:44:47,350.55,5830630
2021-06-17 09:44:49,350.55,5831803
2021-06-17 09:44:48,350.6,5831002
2021-06-17 09:44:50,350.55,5832447
2021-06-17 09:44:51,350.7,5837816
2021-06-17 09:44:52,350.75,5838464
2021-06-17 09:44:53,350.65,5838778
2021-06-17 09:44:55,350.7,5839516
2021-06-17 09:44:54,350.8,5839510
2021-06-17 09:44:56,350.8,5840353
2021-06-17 09:44:57,350.7,5840870
2021-06-17 09:44:58,350.7,5842480
2021-06-17 09:44:59,350.8,5843366
2021-06-17 09:45:00,350.75,5843588
2021-06-17 09:45:01,350.7,5843881
2021-06-17 09:45:02,350.75,5844514
2021-06-17 09:45:04,350.65,5847738
2021-06-17 09:45:05,350.7,5850635
2021-06-17 09:45:06,350.7,5851262
2021-06-17 09:45:08,350.7,5852293
2021-06-17 09:45:10,350.7,5856823
2021-06-17 09:45:10,350.75,5857426
2021-06-17 09:45:11,350.65,5857631
2021-06-17 09:45:12,350.65,5859140
2021-06-17 09:45:14,350.7,5861516
2021-06-17 09:45:15,350.7,5862060
2021-06-17 09:45:16,350.7,5863338
2021-06-17 09:45:17,350.75,5863789
2021-06-17 09:45:19,350.65,5867917
2021-06-17 09:45:19,350.7,5868104
2021-06-17 09:45:21,350.7,5868721
2021-06-17 09:45:21,350.7,5869352
2021-06-17 09:45:22,350.7,5869713
2021-06-17 09:45:23,350.85,5872889
2021-06-17 09:45:24,350.7,5877263
2021-06-17 09:45:25,350.7,5880088
2021-06-17 09:45:26,350.7,5881273
2021-06-17 09:45:28,350.65,5887011
2021-06-17 09:45:29,350.7,5887549
2021-06-17 09:45:30,350.65,5887892
2021-06-17 09:45:31,350.65,5888133
2021-06-17 09:45:32,350.6,5888998
2021-06-17 09:45:34,350.7,5890111
2021-06-17 09:45:34,350.65,5890161
2021-06-17 09:45:35,350.7,5891134
2021-06-17 09:45:36,350.6,5891542
2021-06-17 09:45:37,350.55,5891708
2021-06-17 09:45:38,350.55,5892553
2021-06-17 09:45:39,350.55,5892933
2021-06-17 09:45:40,350.5,5908447
2021-06-17 09:45:41,350.65,5911845
2021-06-17 09:45:42,350.65,5912545
2021-06-17 09:45:43,350.6,5913424
2021-06-17 09:45:45,350.7,5915579
2021-06-17 09:45:46,350.6,5915700
2021-06-17 09:45:47,350.55,5916397
2021-06-17 09:45:49,350.6,5916970
2021-06-17 09:45:50,350.55,5917573
2021-06-17 09:45:51,350.65,5920506
2021-06-17 09:45:52,350.6,5920865
2021-06-17 09:45:53,350.65,5921818
2021-06-17 09:45:55,350.55,5926255
2021-06-17 09:45:55,350.55,5926305
2021-06-17 09:45:56,350.55,5927832
2021-06-17 09:45:57,350.25,6042438
2021-06-17 09:45:58,350.15,6052806
2021-06-17 09:46:00,350.05,6070621
2021-06-17 09:46:01,350.05,6071523
2021-06-17 09:46:02,350.05,6073101
2021-06-17 09:46:03,350.0,6074574
2021-06-17 09:46:06,350.0,6079802
2021-06-17 09:46:06,350.0,6080136
2021-06-17 09:46:07,350.0,6090650
2021-06-17 09:46:08,350.05,6093679
2021-06-17 09:46:09,350.05,6096588
2021-06-17 09:46:10,350.05,6151922
2021-06-17 09:46:11,350.0,6154089
2021-06-17 09:46:12,350.0,6157578
2021-06-17 09:46:14,350.0,6190102
2021-06-17 09:46:15,349.9,6192218
2021-06-17 09:46:16,350.0,6196138
2021-06-17 09:46:17,349.8,6196239
2021-06-17 09:46:19,349.85,6200309
2021-06-17 09:46:19,349.8,6201256
2021-06-17 09:46:20,349.9,6203734
2021-06-17 09:46:21,349.85,6208362
2021-06-17 09:46:22,349.8,6208575
2021-06-17 09:46:23,349.85,6210276
2021-06-17 09:46:25,349.8,6212395
2021-06-17 09:46:26,349.8,6215529
2021-06-17 09:46:27,349.9,6223504
2021-06-17 09:46:28,349.95,6224032
2021-06-17 09:46:29,349.9,6225059
2021-06-17 09:46:31,349.8,6229461
2021-06-17 09:46:31,349.95,6228931
2021-06-17 09:46:32,349.9,6230278
2021-06-17 09:46:33,349.85,6234892
2021-06-17 09:46:34,349.85,6236583
2021-06-17 09:46:36,350.0,6237748
2021-06-17 09:46:37,349.9,6238188
2021-06-17 09:46:38,350.0,6239225
2021-06-17 09:46:39,349.85,6239750
2021-06-17 09:46:40,349.85,6240994
2021-06-17 09:46:41,349.85,6243763
2021-06-17 09:46:43,349.95,6246208
2021-06-17 09:46:44,350.05,6249239
2021-06-17 09:46:45,350.0,6249545
2021-06-17 09:46:45,350.0,6250575
2021-06-17 09:46:46,350.0,6251202
2021-06-17 09:46:47,350.0,6252931
2021-06-17 09:46:48,350.0,6253213
2021-06-17 09:46:49,350.05,6253484
2021-06-17 09:46:50,350.05,6254812
2021-06-17 09:46:51,350.05,6257800
2021-06-17 09:46:52,350.05,6259749
2021-06-17 09:46:53,350.1,6263744
2021-06-17 09:46:55,350.05,6265328
2021-06-17 09:46:56,350.0,6265790
2021-06-17 09:46:57,349.95,6266300
2021-06-17 09:46:58,350.0,6266812
2021-06-17 09:46:59,349.95,6268707
2021-06-17 09:47:01,349.95,6270710
2021-06-17 09:47:02,350.0,6273490
2021-06-17 09:47:03,349.85,6274275
2021-06-17 09:47:04,350.0,6274847
2021-06-17 09:47:06,350.0,6277035
2021-06-17 09:47:07,349.9,6279892
2021-06-17 09:47:08,349.9,6282727
2021-06-17 09:47:08,349.95,6282707
2021-06-17 09:47:09,349.9,6285805
2021-06-17 09:47:10,350.0,6286253
2021-06-17 09:47:11,349.95,6286398
2021-06-17 09:47:12,349.85,6286811
2021-06-17 09:47:13,349.85,6287555
2021-06-17 09:47:14,349.85,6287939
2021-06-17 09:47:15,350.0,6291923
2021-06-17 09:47:17,349.9,6294763
2021-06-17 09:47:18,349.9,6295111
2021-06-17 09:47:20,349.85,6295325
2021-06-17 09:47:21,349.85,6295809
2021-06-17 09:47:22,349.85,6297147
2021-06-17 09:47:23,349.9,6298217
2021-06-17 09:47:23,350.0,6302134
2021-06-17 09:47:25,350.05,6305309
2021-06-17 09:47:27,349.75,6341172
2021-06-17 09:47:29,349.8,6389175
2021-06-17 09:47:30,349.6,6392571
2021-06-17 09:47:33,349.85,6400841
2021-06-17 09:47:35,349.85,6401909
2021-06-17 09:47:36,349.85,6402740
2021-06-17 09:47:37,349.9,6403228
2021-06-17 09:47:37,349.85,6403276
2021-06-17 09:47:38,349.85,6404688
2021-06-17 09:47:39,349.9,6409040
2021-06-17 09:47:40,349.9,6409762
2021-06-17 09:47:41,349.85,6411319
2021-06-17 09:47:42,350.0,6411622
2021-06-17 09:47:43,349.9,6412050
2021-06-17 09:47:45,350.0,6413492
2021-06-17 09:47:46,349.95,6422841
2021-06-17 09:47:47,349.75,6423493
2021-06-17 09:47:48,349.85,6424709
2021-06-17 09:47:49,349.9,6427999
2021-06-17 09:47:50,349.8,6428994
2021-06-17 09:47:52,350.0,6430524
2021-06-17 09:47:53,349.95,6431337
2021-06-17 09:47:54,349.8,6431553
2021-06-17 09:47:54,349.8,6431553
2021-06-17 09:47:55,349.9,6432549
2021-06-17 09:47:56,349.9,6433815
2021-06-17 09:47:57,349.9,6434303
2021-06-17 09:47:58,349.9,6434624
2021-06-17 09:47:59,349.95,6436110
2021-06-17 09:48:00,349.85,6437072
2021-06-17 09:48:01,349.85,6437620
2021-06-17 09:48:02,350.0,6439839
2021-06-17 09:48:03,350.0,6440293
2021-06-17 09:48:06,349.95,6441894
2021-06-17 09:48:07,349.95,6443616
2021-06-17 09:48:08,349.95,6446148
2021-06-17 09:48:09,349.9,6446532
2021-06-17 09:48:10,349.9,6449528
2021-06-17 09:48:11,349.85,6449718
2021-06-17 09:48:12,349.85,6450090
2021-06-17 09:48:13,349.9,6451162
2021-06-17 09:48:14,349.95,6452079
2021-06-17 09:48:15,349.85,6452944
2021-06-17 09:48:16,349.85,6454138
2021-06-17 09:48:17,350.0,6455536
2021-06-17 09:48:18,349.95,6456066
2021-06-17 09:48:19,349.85,6456964
2021-06-17 09:48:20,349.95,6457758
2021-06-17 09:48:20,349.95,6457837
2021-06-17 09:48:21,350.0,6458421
2021-06-17 09:48:22,350.0,6459055
2021-06-17 09:48:23,349.95,6460404
2021-06-17 09:48:25,350.0,6462747
2021-06-17 09:48:26,350.0,6464824
2021-06-17 09:48:26,349.9,6465082
2021-06-17 09:48:28,349.95,6465286
2021-06-17 09:48:30,349.95,6466260
2021-06-17 09:48:31,349.95,6467085
2021-06-17 09:48:32,349.95,6468418
2021-06-17 09:48:33,350.0,6470388
2021-06-17 09:48:34,349.95,6470639
2021-06-17 09:48:34,349.95,6470799
2021-06-17 09:48:36,349.95,6471013
2021-06-17 09:48:37,350.0,6472007
2021-06-17 09:48:38,350.0,6472245
2021-06-17 09:48:39,350.0,6474449
2021-06-17 09:48:41,350.0,6475726
2021-06-17 09:48:43,349.95,6476513
2021-06-17 09:48:43,350.0,6476637
2021-06-17 09:48:46,349.9,6478098
2021-06-17 09:48:46,349.95,6478100
2021-06-17 09:48:47,350.0,6479120
2021-06-17 09:48:48,349.95,6480193
2021-06-17 09:48:49,349.95,6480819
2021-06-17 09:48:50,349.95,6481052
2021-06-17 09:48:52,350.0,6486782
2021-06-17 09:48:53,349.9,6487489
2021-06-17 09:48:54,349.95,6487799
2021-06-17 09:48:55,350.0,6488036
2021-06-17 09:48:56,349.95,6488345
2021-06-17 09:48:57,350.0,6489061
2021-06-17 09:48:57,350.0,6490061
2021-06-17 09:48:58,349.95,6490195
2021-06-17 09:48:59,350.0,6491954
2021-06-17 09:49:00,350.0,6493020
2021-06-17 09:49:01,350.0,6494200
2021-06-17 09:49:03,350.1,6505541
2021-06-17 09:49:04,349.95,6506698
2021-06-17 09:49:05,350.1,6509825
2021-06-17 09:49:06,350.0,6509929
2021-06-17 09:49:07,350.1,6510565
2021-06-17 09:49:07,350.1,6510715
2021-06-17 09:49:08,350.1,6511409
2021-06-17 09:49:09,350.0,6511764
2021-06-17 09:49:10,350.1,6512681
2021-06-17 09:49:11,350.15,6514499
2021-06-17 09:49:12,350.15,6516692
2021-06-17 09:49:13,350.0,6518215
2021-06-17 09:49:14,350.0,6519953
2021-06-17 09:49:15,350.15,6520108
2021-06-17 09:49:16,350.15,6520547
2021-06-17 09:49:17,350.15,6521751
2021-06-17 09:49:18,350.2,6522330
2021-06-17 09:49:19,350.15,6523072
2021-06-17 09:49:20,350.2,6523108
2021-06-17 09:49:22,350.2,6524170
2021-06-17 09:49:23,350.3,6524345
2021-06-17 09:49:24,350.25,6526540
2021-06-17 09:49:25,350.4,6528772
2021-06-17 09:49:25,350.25,6528609
2021-06-17 09:49:26,350.4,6529153
2021-06-17 09:49:27,350.4,6529249
2021-06-17 09:49:29,350.5,6531721
2021-06-17 09:49:30,350.4,6535957
2021-06-17 09:49:31,350.4,6536955
2021-06-17 09:49:32,350.4,6537395
2021-06-17 09:49:33,350.4,6537934
2021-06-17 09:49:34,350.4,6540581
2021-06-17 09:49:35,350.5,6542904
2021-06-17 09:49:35,350.5,6542997
2021-06-17 09:49:37,350.35,6544682
2021-06-17 09:49:38,350.6,6561334
2021-06-17 09:49:40,350.55,6562732
2021-06-17 09:49:40,350.55,6562732
2021-06-17 09:49:41,350.55,6565637
2021-06-17 09:49:43,350.45,6566877
2021-06-17 09:49:44,350.55,6567832
2021-06-17 09:49:45,350.4,6567855
2021-06-17 09:49:46,350.4,6568275
2021-06-17 09:49:47,350.55,6568832
2021-06-17 09:49:48,350.45,6568994
2021-06-17 09:49:49,350.5,6569044
2021-06-17 09:49:50,350.5,6569174
2021-06-17 09:49:51,350.5,6569664
2021-06-17 09:49:52,350.45,6570987
2021-06-17 09:49:53,350.45,6572468
2021-06-17 09:49:54,350.5,6572488
2021-06-17 09:49:55,350.55,6580119
2021-06-17 09:49:58,350.6,6581885
2021-06-17 09:49:59,350.5,6582036
2021-06-17 09:50:01,350.5,6582257
2021-06-17 09:50:02,350.55,6582915
2021-06-17 09:50:03,350.6,6584144
2021-06-17 09:50:04,350.5,6584372
2021-06-17 09:50:05,350.55,6585417
2021-06-17 09:50:06,350.55,6587353
2021-06-17 09:50:06,350.5,6587053
2021-06-17 09:50:07,350.55,6587453
2021-06-17 09:50:08,350.55,6587598
2021-06-17 09:50:09,350.5,6590019
2021-06-17 09:50:10,350.65,6593022
2021-06-17 09:50:11,350.5,6593353
2021-06-17 09:50:13,350.7,6594475
2021-06-17 09:50:14,350.55,6594982
2021-06-17 09:50:15,350.55,6596649
2021-06-17 09:50:16,350.65,6596853
2021-06-17 09:50:17,350.65,6596968
2021-06-17 09:50:18,350.55,6598186
2021-06-17 09:50:19,350.55,6598546
2021-06-17 09:50:19,350.55,6598546
2021-06-17 09:50:21,350.55,6598848
2021-06-17 09:50:22,350.55,6598988
2021-06-17 09:50:23,350.55,6599223
2021-06-17 09:50:24,350.65,6599417
2021-06-17 09:50:25,350.7,6600070
2021-06-17 09:50:26,350.7,6600363
2021-06-17 09:50:28,350.65,6600880
2021-06-17 09:50:27,350.65,6600426
2021-06-17 09:50:29,350.65,6601115
2021-06-17 09:50:30,350.7,6601739
2021-06-17 09:50:31,350.7,6602168
2021-06-17 09:50:32,350.7,6602493
2021-06-17 09:50:33,350.65,6603057
2021-06-17 09:50:33,350.65,6603927
2021-06-17 09:50:34,350.65,6604737
2021-06-17 09:50:36,350.7,6604920
2021-06-17 09:50:37,350.65,6605885
2021-06-17 09:50:38,350.65,6606446
2021-06-17 09:50:39,350.75,6607343
2021-06-17 09:50:40,350.8,6609017
2021-06-17 09:50:41,350.7,6609163
2021-06-17 09:50:42,350.8,6610725
2021-06-17 09:50:42,350.8,6610725
2021-06-17 09:50:43,350.7,6611684
2021-06-17 09:50:45,350.75,6612258
2021-06-17 09:50:46,350.75,6612513
2021-06-17 09:50:48,350.75,6613514
2021-06-17 09:50:49,350.8,6614013
2021-06-17 09:50:50,350.8,6614256
2021-06-17 09:50:51,350.7,6618219
2021-06-17 09:50:51,350.65,6618282
2021-06-17 09:50:53,350.65,6619439
2021-06-17 09:50:54,350.75,6632854
2021-06-17 09:50:54,350.75,6632991
2021-06-17 09:50:56,350.7,6633510
2021-06-17 09:50:57,350.6,6635756
2021-06-17 09:50:58,350.7,6637553
2021-06-17 09:50:59,350.75,6639773
2021-06-17 09:51:00,350.6,6640229
2021-06-17 09:51:01,350.75,6640317
2021-06-17 09:51:03,350.7,6640916
2021-06-17 09:51:04,350.75,6641378
2021-06-17 09:51:07,350.7,6642605
2021-06-17 09:51:08,350.7,6642655
2021-06-17 09:51:09,350.65,6642668
2021-06-17 09:51:09,350.6,6642687
2021-06-17 09:51:10,350.65,6643156
2021-06-17 09:51:11,350.6,6645059
2021-06-17 09:51:12,350.55,6648735
2021-06-17 09:51:13,350.55,6648868
2021-06-17 09:51:15,350.5,6649403
2021-06-17 09:51:16,350.55,6649572
2021-06-17 09:51:17,350.5,6649775
2021-06-17 09:51:18,350.5,6649791
2021-06-17 09:51:18,350.55,6649891
2021-06-17 09:51:21,350.3,6675087
2021-06-17 09:51:22,350.3,6675087
2021-06-17 09:51:23,350.2,6675123
2021-06-17 09:51:24,350.3,6676120
2021-06-17 09:51:25,350.2,6677859
2021-06-17 09:51:26,350.2,6677892
2021-06-17 09:51:27,350.3,6679154
2021-06-17 09:51:28,350.2,6679427
2021-06-17 09:51:28,350.2,6679427
2021-06-17 09:51:29,350.15,6681709
2021-06-17 09:51:31,350.1,6682442
2021-06-17 09:51:32,350.2,6682874
2021-06-17 09:51:33,350.2,6683435
2021-06-17 09:51:34,350.1,6685126
2021-06-17 09:51:35,350.1,6688389
2021-06-17 09:51:36,350.25,6689830
2021-06-17 09:51:37,350.25,6689877
2021-06-17 09:51:37,350.1,6689917
2021-06-17 09:51:38,350.1,6692042
2021-06-17 09:51:39,350.3,6692660
2021-06-17 09:51:40,350.2,6692926
2021-06-17 09:51:42,350.25,6693949
2021-06-17 09:51:43,350.1,6695803
2021-06-17 09:51:45,350.05,6696508
2021-06-17 09:51:47,350.2,6697402
2021-06-17 09:51:46,350.15,6697137
2021-06-17 09:51:48,350.4,6699818
2021-06-17 09:51:49,350.4,6699826
2021-06-17 09:51:51,350.5,6703058
2021-06-17 09:51:52,350.45,6703073
2021-06-17 09:51:53,350.4,6703813
2021-06-17 09:51:53,350.4,6703813
2021-06-17 09:51:55,350.5,6704800
2021-06-17 09:51:56,350.5,6706142
2021-06-17 09:51:57,350.5,6706311
2021-06-17 09:51:58,350.5,6706334
2021-06-17 09:51:59,350.5,6706984
2021-06-17 09:52:00,350.5,6707990
2021-06-17 09:52:01,350.45,6708370
2021-06-17 09:52:02,350.45,6708464
2021-06-17 09:52:03,350.4,6709209
2021-06-17 09:52:04,350.45,6709415
2021-06-17 09:52:05,350.35,6709681
2021-06-17 09:52:06,350.45,6709711
2021-06-17 09:52:07,350.35,6709819
2021-06-17 09:52:07,350.45,6709839
2021-06-17 09:52:08,350.4,6710468
2021-06-17 09:52:10,350.4,6710469
2021-06-17 09:52:11,350.35,6710525
2021-06-17 09:52:12,350.35,6710549
2021-06-17 09:52:13,350.4,6710575
2021-06-17 09:52:14,350.35,6711118
2021-06-17 09:52:15,350.3,6711235
2021-06-17 09:52:16,350.3,6712603
2021-06-17 09:52:17,350.45,6713622
2021-06-17 09:52:19,350.35,6713973
2021-06-17 09:52:18,350.35,6713884
2021-06-17 09:52:20,350.5,6715971
2021-06-17 09:52:21,350.5,6716032
2021-06-17 09:52:22,350.5,6716160
2021-06-17 09:52:23,350.35,6716161
2021-06-17 09:52:25,350.5,6716393
2021-06-17 09:52:24,350.5,6716393
2021-06-17 09:52:26,350.45,6716834
2021-06-17 09:52:27,350.35,6716846
2021-06-17 09:52:28,350.35,6717525
2021-06-17 09:52:29,350.45,6717741
2021-06-17 09:52:30,350.45,6718340
2021-06-17 09:52:31,350.3,6719247
2021-06-17 09:52:33,350.3,6719353
2021-06-17 09:52:34,350.3,6719456
2021-06-17 09:52:35,350.45,6719516
2021-06-17 09:52:36,350.3,6719956
2021-06-17 09:52:37,350.45,6720096
2021-06-17 09:52:38,350.45,6720096
2021-06-17 09:52:39,350.35,6720486
2021-06-17 09:52:40,350.3,6720639
2021-06-17 09:52:41,350.3,6720669
2021-06-17 09:52:42,350.3,6721196
2021-06-17 09:52:43,350.3,6721625
2021-06-17 09:52:45,350.45,6722852
2021-06-17 09:52:46,350.3,6723590
2021-06-17 09:52:48,350.45,6723696
2021-06-17 09:52:49,350.45,6723787
2021-06-17 09:52:50,350.4,6723924
2021-06-17 09:52:51,350.45,6724424
2021-06-17 09:52:52,350.35,6724456
2021-06-17 09:52:54,350.45,6727724
2021-06-17 09:52:53,350.35,6727712
2021-06-17 09:52:55,350.4,6728126
2021-06-17 09:52:56,350.4,6728184
2021-06-17 09:52:57,350.35,6728485
2021-06-17 09:52:58,350.35,6728492
2021-06-17 09:52:59,350.5,6734638
2021-06-17 09:53:01,350.4,6737534
2021-06-17 09:53:02,350.3,6738350
2021-06-17 09:53:03,350.35,6739452
2021-06-17 09:53:04,350.5,6739685
2021-06-17 09:53:05,350.35,6740204
2021-06-17 09:53:07,350.35,6740511
2021-06-17 09:53:08,350.3,6740603
2021-06-17 09:53:09,350.3,6741323
2021-06-17 09:53:10,350.3,6741323
2021-06-17 09:53:11,350.3,6741605
2021-06-17 09:53:12,350.45,6742267
2021-06-17 09:53:13,350.1,6775205
2021-06-17 09:53:14,350.15,6775427
2021-06-17 09:53:15,350.15,6775700
2021-06-17 09:53:16,350.05,6776338
2021-06-17 09:53:17,350.05,6776777
2021-06-17 09:53:18,350.05,6777378
2021-06-17 09:53:19,350.15,6777567
2021-06-17 09:53:20,350.1,6780476
2021-06-17 09:53:21,350.0,6781720
2021-06-17 09:53:22,350.1,6783208
2021-06-17 09:53:23,350.0,6783734
2021-06-17 09:53:24,350.1,6783784
2021-06-17 09:53:25,350.0,6784022
2021-06-17 09:53:27,350.4,6784600
2021-06-17 09:53:29,350.3,6785135
2021-06-17 09:53:30,350.3,6785135
2021-06-17 09:53:31,350.2,6785613
2021-06-17 09:53:32,350.3,6785673
2021-06-17 09:53:33,350.3,6785673
2021-06-17 09:53:34,350.3,6785734
2021-06-17 09:53:35,350.25,6788084
2021-06-17 09:53:36,350.2,6789411
2021-06-17 09:53:37,350.2,6789703
2021-06-17 09:53:38,350.1,6790223
2021-06-17 09:53:39,350.1,6790356
2021-06-17 09:53:40,350.25,6791026
2021-06-17 09:53:41,350.25,6791065
2021-06-17 09:53:42,350.3,6791116
2021-06-17 09:53:43,350.25,6791184
2021-06-17 09:53:44,350.1,6793616
2021-06-17 09:53:45,350.1,6793796
2021-06-17 09:53:46,350.1,6793828
2021-06-17 09:53:47,350.1,6793828
2021-06-17 09:53:48,350.1,6793904
2021-06-17 09:53:50,350.25,6794062
2021-06-17 09:53:51,350.1,6794914
2021-06-17 09:53:52,350.3,6795272
2021-06-17 09:53:53,350.3,6796272
2021-06-17 09:53:54,350.3,6796310
2021-06-17 09:53:55,350.3,6796981
2021-06-17 09:53:56,350.2,6797769
2021-06-17 09:53:57,350.3,6799378
2021-06-17 09:53:58,350.2,6799759
2021-06-17 09:53:59,350.2,6799809
2021-06-17 09:54:00,350.2,6799911
2021-06-17 09:54:01,350.3,6799955
2021-06-17 09:54:02,350.25,6799988
2021-06-17 09:54:03,350.2,6800301
2021-06-17 09:54:04,350.3,6800611
2021-06-17 09:54:06,350.3,6801075
2021-06-17 09:54:05,350.3,6800676
2021-06-17 09:54:07,350.3,6803348
2021-06-17 09:54:08,350.45,6803634
2021-06-17 09:54:09,350.3,6803940
2021-06-17 09:54:10,350.3,6804272
2021-06-17 09:54:11,350.45,6806211
2021-06-17 09:54:12,350.6,6813033
2021-06-17 09:54:13,350.5,6813058
2021-06-17 09:54:15,350.6,6813692
2021-06-17 09:54:16,350.45,6813779
2021-06-17 09:54:17,350.6,6813789
2021-06-17 09:54:18,350.6,6816882
2021-06-17 09:54:19,350.45,6816992
2021-06-17 09:54:20,350.35,6817134
2021-06-17 09:54:21,350.55,6821810
2021-06-17 09:54:22,350.6,6822523
2021-06-17 09:54:24,350.5,6822576
2021-06-17 09:54:23,350.5,6822576
2021-06-17 09:54:25,350.5,6822811
2021-06-17 09:54:26,350.6,6824140
2021-06-17 09:54:27,350.6,6824171
2021-06-17 09:54:28,350.65,6825186
2021-06-17 09:54:29,350.5,6825926
2021-06-17 09:54:30,350.6,6826244
2021-06-17 09:54:31,350.5,6826273
2021-06-17 09:54:33,350.5,6826330
2021-06-17 09:54:33,350.5,6826342
2021-06-17 09:54:34,350.6,6827052
2021-06-17 09:54:35,350.6,6827248
2021-06-17 09:54:36,350.6,6827587
2021-06-17 09:54:37,350.6,6828387
2021-06-17 09:54:38,350.6,6828941
2021-06-17 09:54:41,350.8,6835160
2021-06-17 09:54:42,350.65,6836198
2021-06-17 09:54:43,350.8,6836339
2021-06-17 09:54:44,350.75,6836585
2021-06-17 09:54:47,350.85,6839201
2021-06-17 09:54:48,350.75,6839202
2021-06-17 09:54:48,350.7,6840202
2021-06-17 09:54:49,350.9,6841503
2021-06-17 09:54:50,350.9,6846630
2021-06-17 09:54:51,351.0,6876735
2021-06-17 09:54:52,351.1,6880275
2021-06-17 09:54:55,350.9,6881721
2021-06-17 09:54:57,351.2,6886661
2021-06-17 09:54:58,351.2,6889766
2021-06-17 09:54:58,351.2,6889766
2021-06-17 09:54:59,351.1,6891416
2021-06-17 09:55:00,351.2,6892660
2021-06-17 09:55:01,351.2,6894734
2021-06-17 09:55:03,351.2,6895849
2021-06-17 09:55:03,351.2,6895184
2021-06-17 09:55:04,351.2,6896154
2021-06-17 09:55:05,351.2,6896173
2021-06-17 09:55:06,351.15,6896691
2021-06-17 09:55:07,351.1,6897596
2021-06-17 09:55:08,351.05,6897998
2021-06-17 09:55:09,351.2,6898328
2021-06-17 09:55:10,351.2,6898843
2021-06-17 09:55:11,351.2,6899811
2021-06-17 09:55:12,351.1,6900511
2021-06-17 09:55:13,351.05,6901728
2021-06-17 09:55:15,351.2,6905092
2021-06-17 09:55:16,351.1,6905520
2021-06-17 09:55:17,351.2,6905523
2021-06-17 09:55:18,351.1,6905805
2021-06-17 09:55:19,351.2,6906200
2021-06-17 09:55:20,351.2,6907232
2021-06-17 09:55:21,351.1,6907271
2021-06-17 09:55:22,351.35,6908966
2021-06-17 09:55:23,351.35,6909073
2021-06-17 09:55:25,351.35,6910764
2021-06-17 09:55:25,351.35,6910964
2021-06-17 09:55:27,351.4,6913206
2021-06-17 09:55:28,351.4,6914112
2021-06-17 09:55:29,351.4,6915058
2021-06-17 09:55:30,351.3,6915678
2021-06-17 09:55:31,351.3,6916551
2021-06-17 09:55:33,351.45,6917192
2021-06-17 09:55:33,351.4,6917442
2021-06-17 09:55:34,351.45,6918100
2021-06-17 09:55:35,351.4,6920561
2021-06-17 09:55:36,351.5,6922735
2021-06-17 09:55:37,351.5,6923014
2021-06-17 09:55:39,351.5,6923604
2021-06-17 09:55:40,351.4,6923862
2021-06-17 09:55:41,351.4,6924796
2021-06-17 09:55:42,351.4,6927397
2021-06-17 09:55:43,351.45,6927777
2021-06-17 09:55:44,351.3,6929013
2021-06-17 09:55:45,351.4,6933856
2021-06-17 09:55:47,351.35,6935101
2021-06-17 09:55:48,351.35,6935575
2021-06-17 09:55:49,351.1,6938960
2021-06-17 09:55:50,351.1,6940191
2021-06-17 09:55:51,351.2,6945830
2021-06-17 09:55:53,351.2,6946682
2021-06-17 09:55:53,351.2,6946842
2021-06-17 09:55:54,351.2,6947780
2021-06-17 09:55:56,351.2,6957639
2021-06-17 09:55:57,351.1,6957960
2021-06-17 09:55:58,351.2,6959936
2021-06-17 09:55:59,351.2,6960323
2021-06-17 09:56:00,351.2,6963448
2021-06-17 09:56:01,351.35,6963636
2021-06-17 09:56:03,351.45,6964677
2021-06-17 09:56:03,351.45,6964735
2021-06-17 09:56:04,351.4,6980885
2021-06-17 09:56:05,351.4,6981164
2021-06-17 09:56:06,351.4,6981553
2021-06-17 09:56:07,351.4,6984164
2021-06-17 09:56:08,351.45,6984502
2021-06-17 09:56:10,351.35,7003413
2021-06-17 09:56:10,351.35,7003413
2021-06-17 09:56:11,351.35,7003442
2021-06-17 09:56:12,351.2,7004019
2021-06-17 09:56:13,351.4,7004438
2021-06-17 09:56:14,351.2,7005015
2021-06-17 09:56:16,351.3,7005327
2021-06-17 09:56:16,351.4,7005477
2021-06-17 09:56:17,351.4,7006394
2021-06-17 09:56:18,351.25,7006665
2021-06-17 09:56:19,351.4,7006908
2021-06-17 09:56:20,351.4,7007869
2021-06-17 09:56:21,351.2,7017974
2021-06-17 09:56:22,351.25,7018128
2021-06-17 09:56:24,351.4,7018379
2021-06-17 09:56:25,351.4,7019130
2021-06-17 09:56:26,351.4,7019755
2021-06-17 09:56:27,351.25,7020007
2021-06-17 09:56:28,351.4,7020157
2021-06-17 09:56:29,351.35,7023527
2021-06-17 09:56:31,351.25,7024017
2021-06-17 09:56:32,351.3,7024582
2021-06-17 09:56:33,351.25,7024615
2021-06-17 09:56:34,351.25,7025076
2021-06-17 09:56:34,351.3,7025086
2021-06-17 09:56:35,351.3,7025116
2021-06-17 09:56:36,351.3,7025582
2021-06-17 09:56:37,351.2,7026138
2021-06-17 09:56:38,351.2,7026139
2021-06-17 09:56:39,351.25,7026151
2021-06-17 09:56:40,351.25,7026605
2021-06-17 09:56:41,351.25,7026660
2021-06-17 09:56:42,351.25,7026735
2021-06-17 09:56:43,351.25,7026743
2021-06-17 09:56:44,351.25,7027821
2021-06-17 09:56:46,351.3,7032641
2021-06-17 09:56:47,351.4,7033708
2021-06-17 09:56:48,351.3,7033762
2021-06-17 09:56:49,351.3,7033779
2021-06-17 09:56:50,351.35,7033889
2021-06-17 09:56:50,351.35,7033890
2021-06-17 09:56:51,351.4,7036038
2021-06-17 09:56:52,351.35,7036564
2021-06-17 09:56:53,351.35,7037806
2021-06-17 09:56:55,351.3,7038015
2021-06-17 09:56:56,351.4,7038544
2021-06-17 09:56:57,351.3,7038547
2021-06-17 09:56:57,351.3,7038547
2021-06-17 09:56:59,351.45,7046280
2021-06-17 09:57:00,351.4,7046780
2021-06-17 09:57:01,351.4,7046879
2021-06-17 09:57:02,351.45,7048721
2021-06-17 09:57:03,351.45,7048871
2021-06-17 09:57:04,351.35,7048905
2021-06-17 09:57:05,351.45,7049228
2021-06-17 09:57:06,351.45,7049555
2021-06-17 09:57:07,351.45,7049755
2021-06-17 09:57:08,351.25,7055171
2021-06-17 09:57:09,351.35,7055190
2021-06-17 09:57:10,351.45,7055898
2021-06-17 09:57:12,351.35,7056213
2021-06-17 09:57:13,351.4,7056965
2021-06-17 09:57:13,351.35,7057264
2021-06-17 09:57:14,351.35,7057386
2021-06-17 09:57:15,351.45,7057436
2021-06-17 09:57:17,351.35,7059456
2021-06-17 09:57:18,351.45,7059579
2021-06-17 09:57:18,351.3,7059880
2021-06-17 09:57:19,351.3,7060105
2021-06-17 09:57:20,351.5,7060212
2021-06-17 09:57:21,351.35,7061002
2021-06-17 09:57:22,351.3,7061639
2021-06-17 09:57:23,351.45,7062357
2021-06-17 09:57:24,351.45,7062555
2021-06-17 09:57:25,351.45,7063122
2021-06-17 09:57:26,351.45,7063195
2021-06-17 09:57:28,351.3,7063578
2021-06-17 09:57:29,351.35,7064035
2021-06-17 09:57:29,351.45,7064595
2021-06-17 09:57:30,351.5,7069151
2021-06-17 09:57:31,351.45,7069414
2021-06-17 09:57:32,351.45,7070036
2021-06-17 09:57:34,351.5,7110864
2021-06-17 09:57:35,351.6,7111082
2021-06-17 09:57:35,351.6,7111082
2021-06-17 09:57:36,351.6,7111167
2021-06-17 09:57:39,351.6,7117110
2021-06-17 09:57:40,351.6,7117616
2021-06-17 09:57:42,351.6,7117754
2021-06-17 09:57:43,351.65,7121117
2021-06-17 09:57:43,351.65,7121117
2021-06-17 09:57:44,351.6,7121547
2021-06-17 09:57:46,351.95,7196039
2021-06-17 09:57:47,352.0,7198136
2021-06-17 09:57:48,351.9,7199427
2021-06-17 09:57:49,352.0,7203438
2021-06-17 09:57:50,352.0,7204989
2021-06-17 09:57:52,351.95,7206846
2021-06-17 09:57:53,351.85,7207927
2021-06-17 09:57:54,351.95,7209807
2021-06-17 09:57:55,351.85,7213533
2021-06-17 09:57:55,351.85,7213533
2021-06-17 09:57:57,351.95,7215144
2021-06-17 09:57:58,352.0,7221174
2021-06-17 09:57:59,351.9,7222552
2021-06-17 09:58:00,352.0,7226417
2021-06-17 09:58:01,351.85,7226995
2021-06-17 09:58:02,351.8,7229650
2021-06-17 09:58:03,351.9,7230738
2021-06-17 09:58:05,351.8,7231970
2021-06-17 09:58:06,351.85,7235318
2021-06-17 09:58:07,351.65,7238700
2021-06-17 09:58:07,351.9,7236550
2021-06-17 09:58:08,351.8,7240576
2021-06-17 09:58:09,351.8,7240610
2021-06-17 09:58:10,351.75,7241860
2021-06-17 09:58:12,351.85,7244782
2021-06-17 09:58:14,351.75,7245886
2021-06-17 09:58:15,351.7,7245948
2021-06-17 09:58:15,351.6,7246505
2021-06-17 09:58:16,351.75,7247825
2021-06-17 09:58:17,351.65,7247925
2021-06-17 09:58:18,351.65,7248236
2021-06-17 09:58:19,351.7,7248666
2021-06-17 09:58:20,351.7,7249576
2021-06-17 09:58:22,351.65,7249638
2021-06-17 09:58:23,351.65,7250944
2021-06-17 09:58:24,351.65,7250964
2021-06-17 09:58:24,351.65,7250964
2021-06-17 09:58:25,351.65,7251048
2021-06-17 09:58:26,351.65,7251836
2021-06-17 09:58:27,351.8,7254686
2021-06-17 09:58:29,351.65,7255104
2021-06-17 09:58:30,351.7,7255724
2021-06-17 09:58:31,351.75,7256943
2021-06-17 09:58:31,351.75,7256943
2021-06-17 09:58:32,351.6,7257866
2021-06-17 09:58:33,351.65,7259051
2021-06-17 09:58:34,351.65,7259516
2021-06-17 09:58:36,351.75,7260711
2021-06-17 09:58:37,351.75,7260812
2021-06-17 09:58:38,351.75,7261431
2021-06-17 09:58:39,351.7,7261508
2021-06-17 09:58:39,351.65,7261808
2021-06-17 09:58:40,351.75,7262575
2021-06-17 09:58:41,351.75,7262813
2021-06-17 09:58:42,351.75,7262868
2021-06-17 09:58:43,351.7,7263491
2021-06-17 09:58:45,351.7,7263514
2021-06-17 09:58:46,351.65,7264143
2021-06-17 09:58:47,351.65,7264608
2021-06-17 09:58:47,351.65,7264608
2021-06-17 09:58:48,351.7,7264918
2021-06-17 09:58:49,351.7,7265387
2021-06-17 09:58:51,351.65,7266761
2021-06-17 09:58:52,351.6,7268171
2021-06-17 09:58:53,351.8,7286137
2021-06-17 09:58:53,351.75,7286665
2021-06-17 09:58:54,351.7,7290766
2021-06-17 09:58:55,351.7,7292136
2021-06-17 09:58:57,351.8,7293365
2021-06-17 09:58:58,351.7,7293753
2021-06-17 09:58:59,351.7,7293853
2021-06-17 09:59:00,351.75,7294659
2021-06-17 09:59:01,351.65,7294784
2021-06-17 09:59:02,351.8,7297468
2021-06-17 09:59:03,351.65,7297997
2021-06-17 09:59:04,351.65,7298621
2021-06-17 09:59:06,351.7,7298854
2021-06-17 09:59:07,351.7,7299155
2021-06-17 09:59:08,351.75,7299635
2021-06-17 09:59:08,351.75,7299635
2021-06-17 09:59:09,351.7,7299695
2021-06-17 09:59:10,351.7,7299774
2021-06-17 09:59:12,351.65,7300359
2021-06-17 09:59:13,351.75,7300471
2021-06-17 09:59:14,351.65,7300846
2021-06-17 09:59:14,351.75,7303272
2021-06-17 09:59:15,351.7,7305206
2021-06-17 09:59:16,351.75,7306051
2021-06-17 09:59:17,351.75,7308373
2021-06-17 09:59:18,351.7,7308479
2021-06-17 09:59:19,351.7,7308568
2021-06-17 09:59:20,351.75,7309221
2021-06-17 09:59:22,351.7,7309396
2021-06-17 09:59:23,351.7,7312054
2021-06-17 09:59:24,351.7,7314686
2021-06-17 09:59:25,351.7,7315989
2021-06-17 09:59:26,351.75,7316134
2021-06-17 09:59:26,351.75,7316134
2021-06-17 09:59:27,351.7,7316628
2021-06-17 09:59:28,351.75,7317500
2021-06-17 09:59:30,351.75,7318409
2021-06-17 09:59:31,351.75,7319042
2021-06-17 09:59:32,351.75,7319129
2021-06-17 09:59:33,351.65,7319544
2021-06-17 09:59:34,351.75,7319625
2021-06-17 09:59:35,351.75,7319990
2021-06-17 09:59:36,351.7,7320132
2021-06-17 09:59:37,351.75,7322393
2021-06-17 09:59:38,351.7,7322638
2021-06-17 09:59:38,351.75,7322653
2021-06-17 09:59:39,351.7,7323263
2021-06-17 09:59:40,351.75,7323397
2021-06-17 09:59:41,351.65,7324664
2021-06-17 09:59:42,351.7,7325165
2021-06-17 09:59:44,351.65,7326925
2021-06-17 09:59:45,351.7,7326989
2021-06-17 09:59:46,351.65,7327542
2021-06-17 09:59:47,351.55,7333878
2021-06-17 09:59:48,351.5,7335179
2021-06-17 09:59:49,351.65,7335880
2021-06-17 09:59:49,351.65,7335881
2021-06-17 09:59:50,351.65,7335982
2021-06-17 09:59:51,351.5,7338020
2021-06-17 09:59:52,351.5,7338455
2021-06-17 09:59:53,351.45,7339735
2021-06-17 09:59:55,351.5,7340413
2021-06-17 09:59:56,351.55,7341001
2021-06-17 09:59:57,351.6,7342108
2021-06-17 09:59:58,351.55,7342215
2021-06-17 09:59:58,351.55,7342315
2021-06-17 09:59:59,351.6,7342675
2021-06-17 10:00:00,351.55,7347475
2021-06-17 10:00:01,351.6,7348693
2021-06-17 10:00:02,351.55,7349841
2021-06-17 10:00:04,351.65,7360699
2021-06-17 10:00:05,351.8,7363251
2021-06-17 10:00:06,351.8,7363291
2021-06-17 10:00:06,351.8,7363591
2021-06-17 10:00:07,351.65,7363989
2021-06-17 10:00:09,351.95,7394264
2021-06-17 10:00:11,352.0,7395660
2021-06-17 10:00:12,352.0,7396961
2021-06-17 10:00:13,351.85,7397091
2021-06-17 10:00:14,351.8,7397350
2021-06-17 10:00:15,351.9,7397924
2021-06-17 10:00:16,351.8,7399270
2021-06-17 10:00:17,351.8,7399501
2021-06-17 10:00:18,351.85,7401998
2021-06-17 10:00:18,351.85,7402008
2021-06-17 10:00:19,351.9,7402302
2021-06-17 10:00:20,351.8,7403769
2021-06-17 10:00:21,352.0,7405524
2021-06-17 10:00:23,352.0,7406809
2021-06-17 10:00:24,351.95,7407086
2021-06-17 10:00:25,352.0,7409780
2021-06-17 10:00:26,352.0,7411476
2021-06-17 10:00:27,351.9,7419750
2021-06-17 10:00:27,351.9,7419923
2021-06-17 10:00:28,351.95,7420299
2021-06-17 10:00:30,351.85,7421440
2021-06-17 10:00:31,351.95,7423088
2021-06-17 10:00:32,351.95,7423266
2021-06-17 10:00:32,351.95,7423266
2021-06-17 10:00:34,351.95,7424269
2021-06-17 10:00:33,351.85,7423688
2021-06-17 10:00:35,351.9,7425192
2021-06-17 10:00:36,351.9,7425924
2021-06-17 10:00:37,351.9,7427496
2021-06-17 10:00:39,351.8,7428390
2021-06-17 10:00:40,351.8,7428644
2021-06-17 10:00:42,351.8,7430361
2021-06-17 10:00:42,351.85,7429768
2021-06-17 10:00:44,351.9,7430710
2021-06-17 10:00:45,351.95,7439201
2021-06-17 10:00:46,351.9,7439271
2021-06-17 10:00:47,351.95,7442639
2021-06-17 10:00:48,351.9,7443419
2021-06-17 10:00:49,351.95,7444236
2021-06-17 10:00:50,351.9,7445935
2021-06-17 10:00:50,351.9,7446035
2021-06-17 10:00:52,351.95,7448509
2021-06-17 10:00:53,351.9,7449069
2021-06-17 10:00:54,351.9,7449858
2021-06-17 10:00:55,351.9,7450612
2021-06-17 10:00:56,351.95,7451129
2021-06-17 10:00:57,351.9,7453602
2021-06-17 10:00:57,351.9,7453448
2021-06-17 10:00:58,351.95,7454202
2021-06-17 10:01:00,351.95,7454496
2021-06-17 10:01:01,351.8,7457178
2021-06-17 10:01:02,351.8,7457518
2021-06-17 10:01:03,351.8,7457862
2021-06-17 10:01:04,351.8,7459342
2021-06-17 10:01:05,351.9,7459528
2021-06-17 10:01:06,351.8,7461221
2021-06-17 10:01:07,351.9,7461768
2021-06-17 10:01:08,351.85,7462406
2021-06-17 10:01:09,351.9,7463589
2021-06-17 10:01:09,351.9,7463589
2021-06-17 10:01:10,351.9,7465031
2021-06-17 10:01:11,351.85,7466495
2021-06-17 10:01:12,351.9,7467500
2021-06-17 10:01:13,351.85,7467761
2021-06-17 10:01:15,351.8,7467793
2021-06-17 10:01:16,351.9,7470592
2021-06-17 10:01:18,351.85,7472872
2021-06-17 10:01:19,351.85,7472909
2021-06-17 10:01:20,351.9,7473169
2021-06-17 10:01:20,351.9,7473179
2021-06-17 10:01:21,351.9,7473272
2021-06-17 10:01:23,351.9,7473814
2021-06-17 10:01:24,351.85,7475373
2021-06-17 10:01:25,351.75,7477332
2021-06-17 10:01:26,351.75,7477791
2021-06-17 10:01:27,351.85,7478402
2021-06-17 10:01:28,351.85,7478621
2021-06-17 10:01:29,351.85,7478828
2021-06-17 10:01:30,351.8,7479060
2021-06-17 10:01:31,351.75,7479397
2021-06-17 10:01:32,351.85,7479852
2021-06-17 10:01:33,351.85,7480467
2021-06-17 10:01:34,351.85,7480587
2021-06-17 10:01:35,351.8,7481755
2021-06-17 10:01:36,351.8,7481916
2021-06-17 10:01:37,351.75,7482488
2021-06-17 10:01:38,351.8,7483400
2021-06-17 10:01:38,351.75,7483200
2021-06-17 10:01:40,351.8,7483917
2021-06-17 10:01:42,351.8,7484658
2021-06-17 10:01:43,351.8,7487328
2021-06-17 10:01:44,351.8,7487729
2021-06-17 10:01:45,351.75,7488211
2021-06-17 10:01:46,351.75,7489044
2021-06-17 10:01:47,351.7,7489551
2021-06-17 10:01:48,351.7,7490603
2021-06-17 10:01:49,351.65,7492038
2021-06-17 10:01:49,351.7,7490938
2021-06-17 10:01:50,351.7,7492410
2021-06-17 10:01:52,351.8,7492534
2021-06-17 10:01:53,351.8,7492534
2021-06-17 10:01:54,351.85,7494723
2021-06-17 10:01:55,351.85,7495132
2021-06-17 10:01:56,351.8,7495581
2021-06-17 10:01:57,351.85,7496180
2021-06-17 10:01:58,351.85,7496732
2021-06-17 10:01:59,351.85,7498895
2021-06-17 10:01:59,351.85,7498895
2021-06-17 10:02:01,351.8,7499185
2021-06-17 10:02:02,351.85,7500589
2021-06-17 10:02:03,351.75,7500921
2021-06-17 10:02:04,351.85,7500982
2021-06-17 10:02:05,351.85,7501785
2021-06-17 10:02:06,351.8,7502451
2021-06-17 10:02:09,351.75,7503133
2021-06-17 10:02:11,351.75,7503585
2021-06-17 10:02:12,351.8,7505145
2021-06-17 10:02:12,351.8,7505167
2021-06-17 10:02:14,351.75,7506279
2021-06-17 10:02:15,351.8,7508925
2021-06-17 10:02:16,351.9,7509294
2021-06-17 10:02:17,351.8,7509948
2021-06-17 10:02:18,351.85,7510051
2021-06-17 10:02:19,351.8,7510440
2021-06-17 10:02:20,351.8,7510441
2021-06-17 10:02:20,351.9,7510458
2021-06-17 10:02:21,351.8,7510668
2021-06-17 10:02:24,351.75,7511407
2021-06-17 10:02:25,351.8,7511474
2021-06-17 10:02:26,351.75,7511686
2021-06-17 10:02:27,351.8,7513916
2021-06-17 10:02:29,351.8,7513935
2021-06-17 10:02:30,351.75,7514185
2021-06-17 10:02:31,351.75,7514535
2021-06-17 10:02:32,351.8,7514655
2021-06-17 10:02:33,351.8,7514827
2021-06-17 10:02:34,351.8,7515531
2021-06-17 10:02:35,351.75,7515807
2021-06-17 10:02:36,351.75,7515861
2021-06-17 10:02:37,351.75,7516936
2021-06-17 10:02:38,351.8,7517469
2021-06-17 10:02:39,351.8,7517796
2021-06-17 10:02:40,351.8,7521108
2021-06-17 10:02:42,351.75,7522412
2021-06-17 10:02:42,351.8,7522386
2021-06-17 10:02:43,351.8,7522758
2021-06-17 10:02:45,351.8,7522843
2021-06-17 10:02:46,351.75,7523121
2021-06-17 10:02:48,351.8,7523991
2021-06-17 10:02:49,351.85,7524900
2021-06-17 10:02:50,351.75,7525403
2021-06-17 10:02:51,351.8,7525815
2021-06-17 10:02:52,351.75,7525970
2021-06-17 10:02:53,351.75,7534406
2021-06-17 10:02:54,351.75,7534408
2021-06-17 10:02:55,351.7,7535647
2021-06-17 10:02:56,351.7,7536593
2021-06-17 10:02:57,351.65,7536935
2021-06-17 10:02:58,351.7,7537135
2021-06-17 10:02:59,351.8,7539725
2021-06-17 10:03:00,351.95,7662918
2021-06-17 10:03:01,351.95,7663310
2021-06-17 10:03:02,352.0,7665202
2021-06-17 10:03:03,352.0,7666207
2021-06-17 10:03:04,351.85,7667394
2021-06-17 10:03:05,351.9,7667479
2021-06-17 10:03:06,351.9,7667586
2021-06-17 10:03:08,351.9,7669035
2021-06-17 10:03:09,352.0,7669486
2021-06-17 10:03:10,352.0,7669486
2021-06-17 10:03:11,352.0,7670182
2021-06-17 10:03:12,352.0,7671392
2021-06-17 10:03:13,351.8,7671521
2021-06-17 10:03:14,352.0,7671687
2021-06-17 10:03:15,352.0,7671794
2021-06-17 10:03:16,351.9,7671937
2021-06-17 10:03:17,351.9,7672161
2021-06-17 10:03:18,351.95,7673416
2021-06-17 10:03:19,351.95,7673790
2021-06-17 10:03:20,351.85,7674122
2021-06-17 10:03:22,351.95,7674738
2021-06-17 10:03:21,351.85,7674737
2021-06-17 10:03:23,351.85,7675599
2021-06-17 10:03:24,352.0,7676254
2021-06-17 10:03:25,352.0,7676541
2021-06-17 10:03:26,352.0,7676943
2021-06-17 10:03:27,352.0,7679909
2021-06-17 10:03:28,351.95,7680230
2021-06-17 10:03:30,351.85,7680870
2021-06-17 10:03:31,352.0,7681098
2021-06-17 10:03:32,351.95,7681103
2021-06-17 10:03:33,352.0,7699840
2021-06-17 10:03:34,352.2,7705100
2021-06-17 10:03:35,352.05,7707012
2021-06-17 10:03:36,352.2,7708683
2021-06-17 10:03:37,352.05,7709776
2021-06-17 10:03:39,352.15,7720086
2021-06-17 10:03:38,352.0,7720036
2021-06-17 10:03:40,352.35,7743000
2021-06-17 10:03:41,352.35,7743544
2021-06-17 10:03:42,352.2,7744531
2021-06-17 10:03:43,352.2,7745937
2021-06-17 10:03:44,352.35,7746187
2021-06-17 10:03:45,352.2,7746950
2021-06-17 10:03:47,352.35,7750153
2021-06-17 10:03:48,352.35,7750215
2021-06-17 10:03:50,352.4,7753692
2021-06-17 10:03:51,352.35,7753938
2021-06-17 10:03:52,352.35,7756435
2021-06-17 10:03:53,352.35,7757767
2021-06-17 10:03:54,352.2,7757867
2021-06-17 10:03:55,352.25,7758364
2021-06-17 10:03:56,352.4,7759367
2021-06-17 10:03:57,352.25,7761784
2021-06-17 10:03:58,352.4,7762170
2021-06-17 10:03:59,352.35,7764633
2021-06-17 10:04:00,352.2,7765104
2021-06-17 10:04:01,352.2,7765332
2021-06-17 10:04:02,352.35,7766713
2021-06-17 10:04:03,352.35,7767915
2021-06-17 10:04:04,352.3,7768500
2021-06-17 10:04:05,352.3,7768883
2021-06-17 10:04:06,352.35,7771254
2021-06-17 10:04:07,352.2,7771892
2021-06-17 10:04:08,352.2,7771892
2021-06-17 10:04:10,352.1,7779543
2021-06-17 10:04:11,352.2,7780418
2021-06-17 10:04:12,352.05,7780934
2021-06-17 10:04:13,352.1,7780972
2021-06-17 10:04:14,352.2,7782610
2021-06-17 10:04:15,352.2,7783322
2021-06-17 10:04:16,352.0,7784475
2021-06-17 10:04:17,352.2,7784803
2021-06-17 10:04:18,352.2,7786130
2021-06-17 10:04:19,352.1,7786514
2021-06-17 10:04:20,352.1,7786514
2021-06-17 10:04:21,352.1,7786679
2021-06-17 10:04:22,352.1,7787112
2021-06-17 10:04:23,352.1,7787841
2021-06-17 10:04:24,352.0,7787882
2021-06-17 10:04:25,352.1,7788113
2021-06-17 10:04:26,352.0,7788344
2021-06-17 10:04:27,352.0,7788344
2021-06-17 10:04:28,352.1,7788862
2021-06-17 10:04:29,352.1,7789005
2021-06-17 10:04:30,352.0,7789249
2021-06-17 10:04:31,352.0,7802061
2021-06-17 10:04:32,352.0,7803645
2021-06-17 10:04:33,351.8,7807258
2021-06-17 10:04:34,351.95,7807278
2021-06-17 10:04:35,351.95,7807532
2021-06-17 10:04:36,351.8,7807613
2021-06-17 10:04:38,351.95,7809023
2021-06-17 10:04:39,351.95,7810437
2021-06-17 10:04:40,351.9,7811433
2021-06-17 10:04:42,351.85,7811766
2021-06-17 10:04:43,351.95,7811841
2021-06-17 10:04:44,351.95,7811923
2021-06-17 10:04:45,351.95,7812003
2021-06-17 10:04:46,351.9,7812135
2021-06-17 10:04:47,351.8,7812335
2021-06-17 10:04:48,351.8,7812441
2021-06-17 10:04:49,351.95,7812674
2021-06-17 10:04:51,351.95,7812711
2021-06-17 10:04:52,351.95,7813045
2021-06-17 10:04:53,351.85,7813141
2021-06-17 10:04:54,351.95,7813482
2021-06-17 10:04:55,352.0,7814744
2021-06-17 10:04:57,351.95,7816003
2021-06-17 10:04:57,351.95,7816003
2021-06-17 10:04:58,351.95,7816102
2021-06-17 10:04:59,352.0,7816352
2021-06-17 10:05:02,352.0,7817635
2021-06-17 10:05:02,352.0,7817635
2021-06-17 10:05:03,352.0,7817945
2021-06-17 10:05:05,352.0,7820296
2021-06-17 10:05:06,351.9,7820330
2021-06-17 10:05:07,352.0,7820352
2021-06-17 10:05:08,352.0,7821097
2021-06-17 10:05:09,351.95,7821276
2021-06-17 10:05:10,352.0,7821412
2021-06-17 10:05:14,352.0,7824747
2021-06-17 10:05:14,352.0,7824847
2021-06-17 10:05:15,351.9,7825009
2021-06-17 10:05:16,352.0,7825487
2021-06-17 10:05:17,351.95,7826532
2021-06-17 10:05:18,351.95,7826612
2021-06-17 10:05:20,351.85,7826999
2021-06-17 10:05:20,351.95,7827099
2021-06-17 10:05:21,351.95,7827132
2021-06-17 10:05:22,351.85,7827254
2021-06-17 10:05:23,352.0,7827949
2021-06-17 10:05:24,351.8,7828646
2021-06-17 10:05:25,351.9,7828727
2021-06-17 10:05:27,351.9,7829389
2021-06-17 10:05:26,351.9,7829287
2021-06-17 10:05:28,351.9,7829821
2021-06-17 10:05:29,351.85,7830047
2021-06-17 10:05:30,351.9,7832018
2021-06-17 10:05:31,351.9,7832297
2021-06-17 10:05:32,351.85,7832619
2021-06-17 10:05:34,351.8,7832917
2021-06-17 10:05:34,351.8,7832916
2021-06-17 10:05:35,351.85,7833064
2021-06-17 10:05:36,351.8,7833318
2021-06-17 10:05:37,351.85,7833328
2021-06-17 10:05:38,351.8,7834500
2021-06-17 10:05:40,351.85,7834620
2021-06-17 10:05:40,351.85,7834620
2021-06-17 10:05:41,351.85,7834966
2021-06-17 10:05:42,351.75,7839951
2021-06-17 10:05:43,351.75,7840418
2021-06-17 10:05:44,351.75,7840725
2021-06-17 10:05:45,351.7,7841978
2021-06-17 10:05:47,351.6,7843117
2021-06-17 10:05:47,351.7,7843122
2021-06-17 10:05:48,351.55,7844264
2021-06-17 10:05:49,351.5,7845356
2021-06-17 10:05:50,351.5,7845397
2021-06-17 10:05:51,351.5,7846602
2021-06-17 10:05:53,351.6,7847253
2021-06-17 10:05:55,351.6,7848686
2021-06-17 10:05:55,351.6,7849474
2021-06-17 10:05:56,351.6,7849513
2021-06-17 10:05:57,351.3,7860566
2021-06-17 10:05:58,351.45,7860859
2021-06-17 10:05:59,351.45,7861131
2021-06-17 10:06:01,351.4,7861706
2021-06-17 10:06:01,351.85,7914751
2021-06-17 10:06:02,351.75,7916166
2021-06-17 10:06:03,351.5,7917908
2021-06-17 10:06:04,351.4,7919173
2021-06-17 10:06:05,351.6,7920611
2021-06-17 10:06:06,351.5,7921415
2021-06-17 10:06:08,351.4,7921524
2021-06-17 10:06:08,351.4,7921524
2021-06-17 10:06:09,351.45,7921527
2021-06-17 10:06:10,351.4,7922540
2021-06-17 10:06:11,351.6,7925396
2021-06-17 10:06:14,351.5,7928118
2021-06-17 10:06:15,351.55,7929085
2021-06-17 10:06:17,351.55,7929464
2021-06-17 10:06:17,351.55,7929464
2021-06-17 10:06:18,351.6,7930464
2021-06-17 10:06:19,351.55,7930584
2021-06-17 10:06:20,351.5,7933144
2021-06-17 10:06:21,351.3,7936164
2021-06-17 10:06:22,351.4,7936329
2021-06-17 10:06:23,351.4,7938842
2021-06-17 10:06:24,351.45,7939445
2021-06-17 10:06:25,351.35,7940445
2021-06-17 10:06:26,351.5,7940475
2021-06-17 10:06:27,351.4,7941138
2021-06-17 10:06:28,351.4,7941177
2021-06-17 10:06:29,351.2,7943213
2021-06-17 10:06:31,351.3,7944569
2021-06-17 10:06:31,351.3,7944554
2021-06-17 10:06:32,351.25,7947089
2021-06-17 10:06:34,351.15,7948548
2021-06-17 10:06:35,351.3,7949648
2021-06-17 10:06:36,351.15,7950401
2021-06-17 10:06:37,351.25,7950446
2021-06-17 10:06:39,351.1,7951223
2021-06-17 10:06:39,351.2,7951113
2021-06-17 10:06:40,351.2,7952603
2021-06-17 10:06:41,351.2,7953150
2021-06-17 10:06:42,351.25,7957226
2021-06-17 10:06:43,351.25,7957316
2021-06-17 10:06:44,351.1,7957431
2021-06-17 10:06:45,351.1,7959211
2021-06-17 10:06:47,351.1,7960131
2021-06-17 10:06:47,351.15,7959931
2021-06-17 10:06:48,351.15,7960285
2021-06-17 10:06:49,351.05,7972947
2021-06-17 10:06:51,351.15,7973339
2021-06-17 10:06:52,351.15,7974296
2021-06-17 10:06:54,350.9,8023735
2021-06-17 10:06:54,350.9,8023737
2021-06-17 10:06:55,351.0,8027805
2021-06-17 10:06:56,351.05,8030452
2021-06-17 10:06:58,351.0,8032530
2021-06-17 10:06:59,351.05,8033169
2021-06-17 10:06:59,351.05,8033169
2021-06-17 10:07:00,351.0,8034770
2021-06-17 10:07:01,350.95,8035241
2021-06-17 10:07:03,351.0,8036508
2021-06-17 10:07:04,351.0,8036835
2021-06-17 10:07:05,350.95,8037262
2021-06-17 10:07:07,350.95,8038565
2021-06-17 10:07:08,350.95,8038874
2021-06-17 10:07:09,350.9,8038954
2021-06-17 10:07:09,350.9,8039054
2021-06-17 10:07:10,350.95,8039608
2021-06-17 10:07:11,350.95,8040014
2021-06-17 10:07:12,350.9,8040605
2021-06-17 10:07:13,350.85,8041486
2021-06-17 10:07:14,350.9,8041976
2021-06-17 10:07:16,350.8,8045441
2021-06-17 10:07:17,350.9,8045734
2021-06-17 10:07:18,351.0,8054056
2021-06-17 10:07:19,351.1,8056619
2021-06-17 10:07:19,351.05,8056632
2021-06-17 10:07:20,351.05,8056865
2021-06-17 10:07:21,351.0,8057833
2021-06-17 10:07:23,351.0,8057833
2021-06-17 10:07:24,351.15,8058471
2021-06-17 10:07:24,351.1,8058498
2021-06-17 10:07:27,351.0,8062626
2021-06-17 10:07:29,350.9,8063062
2021-06-17 10:07:30,350.85,8063517
2021-06-17 10:07:33,350.9,8064592
2021-06-17 10:07:34,350.9,8064774
2021-06-17 10:07:34,350.9,8064774
2021-06-17 10:07:35,351.0,8065686
2021-06-17 10:07:36,351.0,8065777
2021-06-17 10:07:38,350.9,8065906
2021-06-17 10:07:39,350.9,8066696
2021-06-17 10:07:41,350.9,8067659
2021-06-17 10:07:40,350.9,8067126
2021-06-17 10:07:41,351.0,8069117
2021-06-17 10:07:43,351.05,8069373
2021-06-17 10:07:44,351.2,8070852
2021-06-17 10:07:46,351.05,8071068
2021-06-17 10:07:47,351.05,8071089
2021-06-17 10:07:48,351.2,8073823
2021-06-17 10:07:48,351.2,8073823
2021-06-17 10:07:49,351.2,8074349
2021-06-17 10:07:50,351.2,8075259
2021-06-17 10:07:51,351.25,8081338
2021-06-17 10:07:53,351.3,8081888
2021-06-17 10:07:54,351.2,8082388
2021-06-17 10:07:55,351.2,8082389
2021-06-17 10:07:55,351.2,8082389
2021-06-17 10:07:56,351.25,8082432
2021-06-17 10:07:57,351.25,8082437
2021-06-17 10:07:58,351.25,8082537
2021-06-17 10:08:00,351.3,8082912
2021-06-17 10:08:01,351.25,8082992
2021-06-17 10:08:01,351.25,8082992
2021-06-17 10:08:02,351.3,8082994
2021-06-17 10:08:03,351.3,8082994
2021-06-17 10:08:04,351.3,8083168
2021-06-17 10:08:06,351.25,8083197
2021-06-17 10:08:07,351.3,8083317
2021-06-17 10:08:07,351.25,8083367
2021-06-17 10:08:09,351.25,8085718
2021-06-17 10:08:10,351.4,8088378
2021-06-17 10:08:11,351.25,8088406
2021-06-17 10:08:12,351.25,8088606
2021-06-17 10:08:13,351.4,8088954
2021-06-17 10:08:15,351.35,8089180
2021-06-17 10:08:16,351.25,8089210
2021-06-17 10:08:17,351.25,8089210
2021-06-17 10:08:17,351.25,8089210
2021-06-17 10:08:18,351.25,8090205
2021-06-17 10:08:19,351.2,8090969
2021-06-17 10:08:20,351.2,8090984
2021-06-17 10:08:21,351.1,8091308
2021-06-17 10:08:22,351.2,8091650
2021-06-17 10:08:23,351.2,8092232
2021-06-17 10:08:25,351.2,8092302
2021-06-17 10:08:26,351.15,8093453
2021-06-17 10:08:27,351.2,8093833
2021-06-17 10:08:28,351.2,8093834
2021-06-17 10:08:28,351.1,8093836
2021-06-17 10:08:29,351.1,8093902
2021-06-17 10:08:30,351.0,8094321
2021-06-17 10:08:31,351.0,8094768
2021-06-17 10:08:33,351.2,8094791
2021-06-17 10:08:34,351.1,8094809
2021-06-17 10:08:35,351.0,8095006
2021-06-17 10:08:35,351.0,8095006
2021-06-17 10:08:36,351.0,8095471
2021-06-17 10:08:37,351.1,8095507
2021-06-17 10:08:38,351.05,8095527
2021-06-17 10:08:39,351.1,8095543
2021-06-17 10:08:40,351.05,8095654
2021-06-17 10:08:41,351.1,8095762
2021-06-17 10:08:43,351.05,8096383
2021-06-17 10:08:44,351.15,8096939
2021-06-17 10:08:44,351.15,8096939
2021-06-17 10:08:46,351.05,8097007
2021-06-17 10:08:47,351.1,8097516
2021-06-17 10:08:48,351.0,8097816
2021-06-17 10:08:50,351.1,8099016
2021-06-17 10:08:51,351.0,8099045
2021-06-17 10:08:52,351.1,8099057
2021-06-17 10:08:52,351.1,8099127
2021-06-17 10:08:53,351.0,8099437
2021-06-17 10:08:54,351.1,8099571
2021-06-17 10:08:56,351.05,8099706
2021-06-17 10:08:57,351.0,8107725
2021-06-17 10:08:57,351.0,8107725
2021-06-17 10:08:58,351.05,8108457
2021-06-17 10:08:59,351.0,8108802
2021-06-17 10:09:00,351.1,8109983
2021-06-17 10:09:02,351.05,8112223
2021-06-17 10:09:03,351.05,8113520
2021-06-17 10:09:04,351.05,8113745
2021-06-17 10:09:04,351.05,8113745
2021-06-17 10:09:05,351.15,8113830
2021-06-17 10:09:06,351.15,8115085
2021-06-17 10:09:07,351.25,8115274
2021-06-17 10:09:08,351.25,8115280
2021-06-17 10:09:09,351.3,8115340
2021-06-17 10:09:11,351.3,8115341
2021-06-17 10:09:12,351.3,8115452
2021-06-17 10:09:13,351.3,8116652
2021-06-17 10:09:14,351.15,8116908
2021-06-17 10:09:14,351.15,8116908
2021-06-17 10:09:15,351.3,8117061
2021-06-17 10:09:16,351.15,8117525
2021-06-17 10:09:17,351.3,8117545
2021-06-17 10:09:19,351.15,8117585
2021-06-17 10:09:20,351.15,8117585
2021-06-17 10:09:21,351.15,8117634
2021-06-17 10:09:22,351.35,8118944
2021-06-17 10:09:23,351.25,8118968
2021-06-17 10:09:24,351.25,8119223
2021-06-17 10:09:24,351.25,8119223
2021-06-17 10:09:25,351.25,8119548
2021-06-17 10:09:26,351.3,8119598
2021-06-17 10:09:28,351.25,8119742
2021-06-17 10:09:29,351.35,8119786
2021-06-17 10:09:30,351.25,8120257
2021-06-17 10:09:31,351.3,8120288
2021-06-17 10:09:32,351.35,8120344
2021-06-17 10:09:33,351.3,8121360
2021-06-17 10:09:34,351.25,8121783
2021-06-17 10:09:34,351.25,8121783
2021-06-17 10:09:35,351.25,8121805
2021-06-17 10:09:37,351.25,8121840
2021-06-17 10:09:38,351.25,8121840
2021-06-17 10:09:39,351.3,8121846
2021-06-17 10:09:40,351.3,8121852
2021-06-17 10:09:40,351.3,8122072
2021-06-17 10:09:43,351.3,8122368
2021-06-17 10:09:44,351.25,8122698
2021-06-17 10:09:45,351.3,8122700
2021-06-17 10:09:45,351.25,8122699
2021-06-17 10:09:46,351.25,8123018
2021-06-17 10:09:47,351.25,8123058
2021-06-17 10:09:48,351.3,8124438
2021-06-17 10:09:50,351.3,8124642
2021-06-17 10:09:51,351.15,8128409
2021-06-17 10:09:52,351.2,8128965
2021-06-17 10:09:53,351.2,8129187
2021-06-17 10:09:54,351.1,8129228
2021-06-17 10:09:55,351.2,8130248
2021-06-17 10:09:56,351.1,8130309
2021-06-17 10:09:57,351.25,8130559
2021-06-17 10:09:58,351.25,8131585
2021-06-17 10:09:59,351.2,8131586
2021-06-17 10:09:59,351.2,8131586
2021-06-17 10:10:00,351.1,8131776
2021-06-17 10:10:02,351.2,8131916
2021-06-17 10:10:03,351.2,8131916
2021-06-17 10:10:04,351.2,8131946
2021-06-17 10:10:06,351.2,8132729
2021-06-17 10:10:07,351.1,8132800
2021-06-17 10:10:08,351.2,8132805
2021-06-17 10:10:09,351.2,8133329
2021-06-17 10:10:10,351.2,8133330
2021-06-17 10:10:11,351.1,8133463
2021-06-17 10:10:11,351.1,8133463
2021-06-17 10:10:12,351.25,8134703
2021-06-17 10:10:14,351.1,8135443
2021-06-17 10:10:15,351.1,8136804
2021-06-17 10:10:16,351.2,8137417
2021-06-17 10:10:17,351.1,8137628
2021-06-17 10:10:18,351.1,8137701
2021-06-17 10:10:19,351.1,8137735
2021-06-17 10:10:20,351.25,8139485
2021-06-17 10:10:21,351.1,8140280
2021-06-17 10:10:22,351.25,8140645
2021-06-17 10:10:24,351.25,8141748
2021-06-17 10:10:25,351.25,8141815
2021-06-17 10:10:26,351.1,8142143
2021-06-17 10:10:27,351.1,8142645
2021-06-17 10:10:27,351.25,8142670
2021-06-17 10:10:29,351.1,8142982
2021-06-17 10:10:30,351.25,8143026
2021-06-17 10:10:31,351.25,8143057
2021-06-17 10:10:33,351.15,8143065
2021-06-17 10:10:34,351.1,8143167
2021-06-17 10:10:35,351.1,8145812
2021-06-17 10:10:37,351.1,8146829
2021-06-17 10:10:38,351.05,8146962
2021-06-17 10:10:39,351.15,8147027
2021-06-17 10:10:40,351.15,8147803
2021-06-17 10:10:41,351.15,8148042
2021-06-17 10:10:42,351.05,8148696
2021-06-17 10:10:42,351.05,8148696
2021-06-17 10:10:43,351.15,8149402
2021-06-17 10:10:44,351.1,8149503
2021-06-17 10:10:46,351.1,8149980
2021-06-17 10:10:47,351.1,8150052
2021-06-17 10:10:48,351.1,8150064
2021-06-17 10:10:48,351.15,8150104
2021-06-17 10:10:50,351.15,8150375
2021-06-17 10:10:51,351.1,8150404
2021-06-17 10:10:52,351.15,8150408
2021-06-17 10:10:53,351.1,8152117
2021-06-17 10:10:53,351.1,8152117
2021-06-17 10:10:54,351.15,8152187
2021-06-17 10:10:55,351.1,8152567
2021-06-17 10:10:57,351.15,8152768
2021-06-17 10:10:58,351.15,8153475
2021-06-17 10:10:59,351.15,8154078
2021-06-17 10:11:00,351.15,8154078
2021-06-17 10:11:01,351.1,8154375
2021-06-17 10:11:01,351.05,8154365
2021-06-17 10:11:02,351.15,8155185
2021-06-17 10:11:03,351.0,8157560
2021-06-17 10:11:04,351.0,8158145
2021-06-17 10:11:05,351.1,8158350
2021-06-17 10:11:07,351.1,8160200
2021-06-17 10:11:09,351.0,8161353
2021-06-17 10:11:09,351.0,8161353
2021-06-17 10:11:11,351.0,8162038
2021-06-17 10:11:12,351.1,8163786
2021-06-17 10:11:13,351.1,8163787
2021-06-17 10:11:14,351.05,8164887
2021-06-17 10:11:14,351.0,8164892
2021-06-17 10:11:15,351.0,8165872
2021-06-17 10:11:16,351.05,8166565
2021-06-17 10:11:18,351.05,8166611
2021-06-17 10:11:19,351.05,8166711
2021-06-17 10:11:20,351.0,8166864
2021-06-17 10:11:21,351.0,8166914
2021-06-17 10:11:22,351.0,8166969
2021-06-17 10:11:22,351.0,8166981
2021-06-17 10:11:23,351.0,8167161
2021-06-17 10:11:24,351.0,8168175
2021-06-17 10:11:26,351.05,8168725
2021-06-17 10:11:28,351.0,8169811
2021-06-17 10:11:29,351.1,8169862
2021-06-17 10:11:30,351.1,8170205
2021-06-17 10:11:31,351.0,8170236
2021-06-17 10:11:32,351.05,8170525
2021-06-17 10:11:33,351.05,8170751
2021-06-17 10:11:33,351.0,8170551
2021-06-17 10:11:35,351.05,8172536
2021-06-17 10:11:36,351.05,8180639
2021-06-17 10:11:37,351.0,8180690
2021-06-17 10:11:38,351.0,8180760
2021-06-17 10:11:38,351.0,8180760
2021-06-17 10:11:40,351.0,8184503
2021-06-17 10:11:41,351.05,8185032
2021-06-17 10:11:42,351.0,8187035
2021-06-17 10:11:43,351.1,8187238
2021-06-17 10:11:44,351.1,8187940
2021-06-17 10:11:45,351.1,8189242
2021-06-17 10:11:46,351.1,8189271
2021-06-17 10:11:47,351.1,8189285
2021-06-17 10:11:48,351.1,8189286
2021-06-17 10:11:49,351.1,8189709
2021-06-17 10:11:49,351.1,8189709
2021-06-17 10:11:50,351.25,8200091
2021-06-17 10:11:51,351.3,8205405
2021-06-17 10:11:52,351.25,8206906
2021-06-17 10:11:53,351.4,8207334
2021-06-17 10:11:55,351.4,8207345
2021-06-17 10:11:56,351.25,8207378
2021-06-17 10:11:57,351.4,8207380
2021-06-17 10:11:58,351.4,8207634
2021-06-17 10:11:59,351.25,8207662
2021-06-17 10:12:00,351.45,8213330
2021-06-17 10:12:01,351.5,8213912
2021-06-17 10:12:02,351.3,8214593
