timestamp,ltp,volume
2021-06-17 09:19:45,1115.25,1387750
2021-06-17 09:19:46,1115.2,1388832
2021-06-17 09:19:47,1115.5,1389347
2021-06-17 09:19:48,1115.0,1398055
2021-06-17 09:19:48,1114.9,1398540
2021-06-17 09:19:50,1114.4,1399220
2021-06-17 09:19:51,1115.0,1399613
2021-06-17 09:19:52,1114.9,1401305
2021-06-17 09:19:53,1114.8,1403711
2021-06-17 09:19:54,1114.7,1404751
2021-06-17 09:19:54,1114.15,1404789
2021-06-17 09:19:56,1114.65,1405078
2021-06-17 09:19:57,1114.75,1406222
2021-06-17 09:19:58,1114.8,1406795
2021-06-17 09:19:59,1114.45,1407522
2021-06-17 09:20:00,1114.7,1408050
2021-06-17 09:20:01,1114.3,1408357
2021-06-17 09:20:02,1114.55,1410474
2021-06-17 09:20:02,1114.55,1410499
2021-06-17 09:20:04,1114.95,1419676
2021-06-17 09:20:05,1114.95,1423412
2021-06-17 09:20:06,1115.25,1427144
2021-06-17 09:20:07,1115.75,1431176
2021-06-17 09:20:07,1115.7,1430915
2021-06-17 09:20:09,1115.95,1435712
2021-06-17 09:20:10,1115.65,1436981
2021-06-17 09:20:11,1115.7,1437912
2021-06-17 09:20:12,1115.95,1438406
2021-06-17 09:20:13,1115.45,1438888
2021-06-17 09:20:14,1115.9,1439108
2021-06-17 09:20:14,1115.45,1439088
2021-06-17 09:20:16,1115.95,1440078
2021-06-17 09:20:17,1116.3,1440872
2021-06-17 09:20:18,1116.3,1441578
2021-06-17 09:20:19,1116.35,1442522
2021-06-17 09:20:19,1116.3,1442523
2021-06-17 09:20:21,1116.25,1442736
2021-06-17 09:20:22,1116.25,1443246
2021-06-17 09:20:23,1116.35,1443901
2021-06-17 09:20:24,1116.0,1446258
2021-06-17 09:20:24,1116.25,1446228
2021-06-17 09:20:26,1116.0,1447703
2021-06-17 09:20:27,1115.8,1451636
2021-06-17 09:20:28,1115.4,1452088
2021-06-17 09:20:29,1115.5,1453127
2021-06-17 09:20:30,1115.4,1455041
2021-06-17 09:20:31,1115.0,1455598
2021-06-17 09:20:33,1115.15,1456573
2021-06-17 09:20:35,1115.5,1457465
2021-06-17 09:20:36,1115.25,1464819
2021-06-17 09:20:37,1115.0,1464969
2021-06-17 09:20:38,1114.4,1494355
2021-06-17 09:20:39,1114.1,1495920
2021-06-17 09:20:40,1114.95,1497885
2021-06-17 09:20:42,1114.3,1500071
2021-06-17 09:20:43,1114.15,1500758
2021-06-17 09:20:44,1114.15,1501900
2021-06-17 09:20:45,1114.7,1502523
2021-06-17 09:20:47,1114.6,1503749
2021-06-17 09:20:48,1114.55,1504652
2021-06-17 09:20:49,1114.55,1506774
2021-06-17 09:20:50,1114.65,1509495
2021-06-17 09:20:51,1114.7,1509603
2021-06-17 09:20:52,1115.0,1509910
2021-06-17 09:20:53,1115.0,1510587
2021-06-17 09:20:54,1115.0,1510929
2021-06-17 09:20:55,1115.5,1511476
2021-06-17 09:20:56,1114.95,1513702
2021-06-17 09:20:57,1114.55,1514073
2021-06-17 09:20:59,1115.05,1515753
2021-06-17 09:21:00,1114.55,1519133
2021-06-17 09:21:01,1114.25,1520706
2021-06-17 09:21:02,1114.25,1521012
2021-06-17 09:21:04,1114.6,1522758
2021-06-17 09:21:03,1114.55,1522502
2021-06-17 09:21:05,1114.7,1523597
2021-06-17 09:21:07,1114.25,1530506
2021-06-17 09:21:08,1114.4,1532331
2021-06-17 09:21:09,1114.3,1532397
2021-06-17 09:21:10,1114.4,1532867
2021-06-17 09:21:11,1114.6,1537116
2021-06-17 09:21:12,1114.6,1537338
2021-06-17 09:21:13,1114.85,1538320
2021-06-17 09:21:14,1114.75,1538920
2021-06-17 09:21:15,1114.45,1538930
2021-06-17 09:21:16,1114.75,1539897
2021-06-17 09:21:17,1114.5,1540180
2021-06-17 09:21:18,1114.5,1540350
2021-06-17 09:21:19,1114.55,1544619
2021-06-17 09:21:20,1114.7,1545012
2021-06-17 09:21:23,1114.85,1545794
2021-06-17 09:21:24,1114.85,1547438
2021-06-17 09:21:25,1114.7,1547726
2021-06-17 09:21:26,1114.7,1548089
2021-06-17 09:21:27,1114.6,1549262
2021-06-17 09:21:29,1115.15,1554231
2021-06-17 09:21:28,1115.2,1554181
2021-06-17 09:21:30,1115.5,1557341
2021-06-17 09:21:31,1115.15,1557903
2021-06-17 09:21:32,1115.1,1559186
2021-06-17 09:21:33,1115.45,1559600
2021-06-17 09:21:34,1115.5,1559790
2021-06-17 09:21:35,1115.4,1560333
2021-06-17 09:21:36,1115.3,1560584
2021-06-17 09:21:37,1115.75,1563069
2021-06-17 09:21:38,1116.3,1570597
2021-06-17 09:21:39,1116.4,1572441
2021-06-17 09:21:40,1116.4,1575820
2021-06-17 09:21:41,1116.9,1576031
2021-06-17 09:21:42,1116.5,1579632
2021-06-17 09:21:44,1117.15,1582507
2021-06-17 09:21:45,1117.7,1583545
2021-06-17 09:21:46,1117.5,1584348
2021-06-17 09:21:47,1117.9,1585981
2021-06-17 09:21:48,1117.9,1586799
2021-06-17 09:21:49,1118.45,1591447
2021-06-17 09:21:50,1118.25,1593927
2021-06-17 09:21:51,1118.85,1596609
2021-06-17 09:21:52,1118.6,1600980
2021-06-17 09:21:53,1119.0,1603690
2021-06-17 09:21:54,1119.0,1604923
2021-06-17 09:21:55,1119.3,1609891
2021-06-17 09:21:56,1119.3,1610158
2021-06-17 09:21:57,1119.25,1611092
2021-06-17 09:21:58,1119.3,1613990
2021-06-17 09:21:59,1119.25,1616237
2021-06-17 09:22:00,1119.0,1618292
2021-06-17 09:22:01,1119.25,1621103
2021-06-17 09:22:02,1119.2,1623314
2021-06-17 09:22:03,1119.65,1628052
2021-06-17 09:22:04,1119.05,1632480
2021-06-17 09:22:05,1119.3,1634106
2021-06-17 09:22:06,1118.9,1635115
2021-06-17 09:22:07,1118.9,1635842
2021-06-17 09:22:08,1118.9,1636480
2021-06-17 09:22:09,1118.95,1637816
2021-06-17 09:22:10,1118.75,1639475
2021-06-17 09:22:11,1118.35,1640275
2021-06-17 09:22:12,1118.45,1640610
2021-06-17 09:22:14,1118.55,1642910
2021-06-17 09:22:15,1118.55,1643484
2021-06-17 09:22:16,1118.5,1644932
2021-06-17 09:22:17,1118.0,1649075
2021-06-17 09:22:18,1118.25,1651096
2021-06-17 09:22:19,1118.0,1652118
2021-06-17 09:22:20,1118.45,1653623
2021-06-17 09:22:21,1118.35,1654824
2021-06-17 09:22:22,1118.05,1655636
2021-06-17 09:22:23,1118.05,1656220
2021-06-17 09:22:24,1118.45,1659197
2021-06-17 09:22:25,1118.0,1663337
2021-06-17 09:22:26,1118.0,1663647
2021-06-17 09:22:27,1118.4,1667543
2021-06-17 09:22:28,1118.45,1667816
2021-06-17 09:22:29,1118.45,1668993
2021-06-17 09:22:30,1118.6,1670357
2021-06-17 09:22:31,1118.45,1671362
2021-06-17 09:22:32,1118.8,1676105
2021-06-17 09:22:33,1118.45,1676623
2021-06-17 09:22:34,1118.2,1677362
2021-06-17 09:22:35,1118.8,1678221
2021-06-17 09:22:36,1118.75,1679173
2021-06-17 09:22:37,1119.0,1683970
2021-06-17 09:22:38,1118.9,1685482
2021-06-17 09:22:39,1118.35,1686153
2021-06-17 09:22:40,1118.8,1686597
2021-06-17 09:22:41,1118.6,1687293
2021-06-17 09:22:42,1118.75,1687502
2021-06-17 09:22:43,1118.6,1689050
2021-06-17 09:22:44,1119.0,1689606
2021-06-17 09:22:45,1118.9,1690130
2021-06-17 09:22:46,1119.0,1690561
2021-06-17 09:22:48,1119.0,1694406
2021-06-17 09:22:50,1119.1,1696373
2021-06-17 09:22:49,1119.05,1696004
2021-06-17 09:22:51,1118.8,1698037
2021-06-17 09:22:52,1119.0,1700083
2021-06-17 09:22:53,1118.9,1701658
2021-06-17 09:22:55,1118.65,1702495
2021-06-17 09:22:56,1118.75,1703984
2021-06-17 09:22:57,1119.05,1704565
2021-06-17 09:22:58,1119.0,1706364
2021-06-17 09:22:59,1119.0,1706660
2021-06-17 09:22:59,1118.7,1707684
2021-06-17 09:23:00,1119.0,1708031
2021-06-17 09:23:01,1118.75,1708327
2021-06-17 09:23:02,1118.9,1708528
2021-06-17 09:23:03,1118.5,1711359
2021-06-17 09:23:04,1118.1,1712534
2021-06-17 09:23:05,1118.75,1715897
2021-06-17 09:23:08,1118.7,1717549
2021-06-17 09:23:08,1119.0,1717547
2021-06-17 09:23:09,1118.9,1719411
2021-06-17 09:23:11,1118.95,1722788
2021-06-17 09:23:13,1118.9,1731309
2021-06-17 09:23:14,1118.95,1736132
2021-06-17 09:23:15,1118.95,1737476
2021-06-17 09:23:15,1118.95,1737353
2021-06-17 09:23:16,1119.05,1747236
2021-06-17 09:23:17,1120.2,1768070
2021-06-17 09:23:18,1120.25,1772160
2021-06-17 09:23:19,1120.5,1774512
2021-06-17 09:23:20,1119.7,1776063
2021-06-17 09:23:21,1120.55,1780331
2021-06-17 09:23:22,1120.5,1781210
2021-06-17 09:23:23,1119.8,1787938
2021-06-17 09:23:24,1120.15,1792644
2021-06-17 09:23:25,1120.4,1794113
2021-06-17 09:23:26,1120.5,1794894
2021-06-17 09:23:27,1120.45,1795168
2021-06-17 09:23:28,1120.5,1795683
2021-06-17 09:23:31,1121.5,1801654
2021-06-17 09:23:31,1121.3,1801526
2021-06-17 09:23:32,1121.4,1804548
2021-06-17 09:23:33,1121.05,1805544
2021-06-17 09:23:34,1121.5,1807756
2021-06-17 09:23:35,1121.5,1811712
2021-06-17 09:23:36,1121.5,1812867
2021-06-17 09:23:37,1121.9,1815105
2021-06-17 09:23:38,1121.95,1817867
2021-06-17 09:23:39,1121.65,1819162
2021-06-17 09:23:40,1122.85,1824017
2021-06-17 09:23:41,1122.45,1825251
2021-06-17 09:23:43,1122.55,1827443
2021-06-17 09:23:43,1122.55,1827298
2021-06-17 09:23:44,1122.9,1836568
2021-06-17 09:23:45,1123.0,1843233
2021-06-17 09:23:46,1122.45,1844676
2021-06-17 09:23:47,1123.0,1847704
2021-06-17 09:23:49,1122.45,1851285
2021-06-17 09:23:50,1122.4,1855675
2021-06-17 09:23:51,1123.0,1856847
2021-06-17 09:23:52,1123.1,1859875
2021-06-17 09:23:52,1122.7,1861009
2021-06-17 09:23:53,1122.25,1864216
2021-06-17 09:23:54,1122.0,1874620
2021-06-17 09:23:55,1122.0,1877368
2021-06-17 09:23:56,1122.35,1879025
2021-06-17 09:23:57,1123.0,1880591
2021-06-17 09:23:58,1122.6,1883793
2021-06-17 09:24:00,1122.4,1886757
2021-06-17 09:24:01,1122.2,1889027
2021-06-17 09:24:01,1122.2,1889217
2021-06-17 09:24:02,1122.2,1890667
2021-06-17 09:24:04,1121.8,1897564
2021-06-17 09:24:06,1122.35,1899786
2021-06-17 09:24:08,1122.15,1902257
2021-06-17 09:24:09,1122.4,1903486
2021-06-17 09:24:10,1122.5,1903869
2021-06-17 09:24:11,1122.15,1904759
2021-06-17 09:24:12,1122.25,1907343
2021-06-17 09:24:14,1122.8,1908540
2021-06-17 09:24:15,1123.4,1916613
2021-06-17 09:24:16,1123.5,1917275
2021-06-17 09:24:16,1123.0,1917276
2021-06-17 09:24:17,1123.5,1918982
2021-06-17 09:24:18,1123.75,1919994
2021-06-17 09:24:19,1123.15,1920523
2021-06-17 09:24:20,1123.0,1922347
2021-06-17 09:24:21,1123.2,1923622
2021-06-17 09:24:22,1123.95,1926742
2021-06-17 09:24:24,1123.75,1927784
2021-06-17 09:24:25,1123.15,1928733
2021-06-17 09:24:25,1123.8,1929734
2021-06-17 09:24:26,1124.0,1934135
2021-06-17 09:24:27,1124.0,1935805
2021-06-17 09:24:28,1124.0,1938295
2021-06-17 09:24:30,1124.4,1942335
2021-06-17 09:24:31,1124.6,1944905
2021-06-17 09:24:32,1125.0,1951460
2021-06-17 09:24:33,1124.85,1958500
2021-06-17 09:24:34,1124.4,1960735
2021-06-17 09:24:35,1124.65,1962953
2021-06-17 09:24:36,1125.0,1971624
2021-06-17 09:24:37,1125.0,1973254
2021-06-17 09:24:38,1125.65,1976190
2021-06-17 09:24:39,1125.2,1982778
2021-06-17 09:24:40,1125.35,1986253
2021-06-17 09:24:42,1125.9,1989924
2021-06-17 09:24:42,1125.35,1990326
2021-06-17 09:24:43,1125.55,1993042
2021-06-17 09:24:45,1125.0,1999130
2021-06-17 09:24:47,1125.5,2002710
2021-06-17 09:24:50,1124.95,2016314
2021-06-17 09:24:51,1124.75,2019831
2021-06-17 09:24:52,1124.95,2021129
2021-06-17 09:24:53,1124.45,2022200
2021-06-17 09:24:54,1124.6,2025114
2021-06-17 09:24:56,1124.7,2026859
2021-06-17 09:24:56,1124.7,2026390
2021-06-17 09:24:57,1124.65,2028695
2021-06-17 09:24:58,1124.7,2030668
2021-06-17 09:24:59,1124.6,2032158
2021-06-17 09:25:00,1124.15,2033948
2021-06-17 09:25:01,1124.35,2037809
2021-06-17 09:25:02,1124.0,2039054
2021-06-17 09:25:03,1124.0,2043838
2021-06-17 09:25:04,1124.0,2044408
2021-06-17 09:25:05,1123.05,2046717
2021-06-17 09:25:06,1123.55,2047489
2021-06-17 09:25:08,1123.35,2050804
2021-06-17 09:25:10,1123.0,2053880
2021-06-17 09:25:11,1123.35,2056573
2021-06-17 09:25:12,1123.75,2057871
2021-06-17 09:25:13,1123.3,2059514
2021-06-17 09:25:13,1123.3,2059384
2021-06-17 09:25:14,1123.85,2062669
2021-06-17 09:25:15,1123.2,2064306
2021-06-17 09:25:17,1123.65,2068628
2021-06-17 09:25:18,1124.0,2070182
2021-06-17 09:25:20,1124.0,2070634
2021-06-17 09:25:21,1123.6,2070850
2021-06-17 09:25:22,1123.6,2071607
2021-06-17 09:25:23,1123.7,2074556
2021-06-17 09:25:23,1123.7,2074434
2021-06-17 09:25:24,1123.7,2074847
2021-06-17 09:25:25,1123.6,2075028
2021-06-17 09:25:26,1124.0,2077816
2021-06-17 09:25:27,1124.55,2084000
2021-06-17 09:25:28,1124.95,2084556
2021-06-17 09:25:29,1124.4,2087311
2021-06-17 09:25:30,1124.25,2088465
2021-06-17 09:25:31,1124.25,2088649
2021-06-17 09:25:32,1124.05,2089252
2021-06-17 09:25:33,1124.0,2090721
2021-06-17 09:25:34,1123.4,2095318
2021-06-17 09:25:36,1123.0,2106921
2021-06-17 09:25:37,1123.5,2107779
2021-06-17 09:25:38,1123.45,2108065
2021-06-17 09:25:39,1123.3,2111157
2021-06-17 09:25:40,1123.15,2111707
2021-06-17 09:25:41,1123.55,2112475
2021-06-17 09:25:42,1123.1,2112922
2021-06-17 09:25:42,1123.1,2112922
2021-06-17 09:25:43,1123.45,2113177
2021-06-17 09:25:44,1123.55,2113590
2021-06-17 09:25:45,1123.45,2115090
2021-06-17 09:25:46,1123.6,2115151
2021-06-17 09:25:48,1123.55,2115871
2021-06-17 09:25:49,1123.55,2115942
2021-06-17 09:25:51,1124.0,2117663
2021-06-17 09:25:52,1123.65,2118523
2021-06-17 09:25:53,1123.65,2118629
2021-06-17 09:25:53,1123.65,2118859
2021-06-17 09:25:54,1123.65,2119126
2021-06-17 09:25:55,1123.6,2120656
2021-06-17 09:25:56,1123.6,2121621
2021-06-17 09:25:57,1123.95,2122374
2021-06-17 09:25:59,1123.6,2123054
2021-06-17 09:26:00,1123.4,2124469
2021-06-17 09:26:01,1123.4,2124749
2021-06-17 09:26:02,1123.1,2125186
2021-06-17 09:26:03,1123.0,2127524
2021-06-17 09:26:04,1123.5,2128071
2021-06-17 09:26:05,1123.05,2130044
2021-06-17 09:26:06,1123.6,2130659
2021-06-17 09:26:07,1123.6,2133134
2021-06-17 09:26:08,1123.6,2134592
2021-06-17 09:26:09,1123.1,2134754
2021-06-17 09:26:11,1123.15,2137900
2021-06-17 09:26:12,1123.6,2139620
2021-06-17 09:26:12,1123.5,2139726
2021-06-17 09:26:13,1123.85,2142723
2021-06-17 09:26:14,1123.6,2143362
2021-06-17 09:26:15,1123.25,2144526
2021-06-17 09:26:17,1123.35,2145976
2021-06-17 09:26:18,1123.5,2146204
2021-06-17 09:26:19,1123.5,2146630
2021-06-17 09:26:20,1123.4,2147971
2021-06-17 09:26:20,1123.0,2148072
2021-06-17 09:26:21,1123.5,2150882
2021-06-17 09:26:22,1123.45,2151246
2021-06-17 09:26:23,1123.0,2151818
2021-06-17 09:26:25,1123.15,2153095
2021-06-17 09:26:26,1123.05,2154832
2021-06-17 09:26:26,1123.05,2154832
2021-06-17 09:26:27,1123.1,2155286
2021-06-17 09:26:28,1123.1,2156623
2021-06-17 09:26:30,1123.1,2158845
2021-06-17 09:26:31,1123.0,2160104
2021-06-17 09:26:33,1123.1,2160888
2021-06-17 09:26:34,1123.15,2161716
2021-06-17 09:26:35,1123.15,2162818
2021-06-17 09:26:36,1123.15,2165033
2021-06-17 09:26:37,1123.15,2165182
2021-06-17 09:26:38,1123.0,2166750
2021-06-17 09:26:39,1123.0,2166844
2021-06-17 09:26:40,1123.45,2167676
2021-06-17 09:26:40,1123.1,2167576
2021-06-17 09:26:41,1123.45,2169883
2021-06-17 09:26:42,1123.1,2170614
2021-06-17 09:26:43,1123.5,2171075
2021-06-17 09:26:45,1123.0,2171762
2021-06-17 09:26:46,1123.1,2172066
2021-06-17 09:26:46,1123.05,2172266
2021-06-17 09:26:47,1123.35,2172693
2021-06-17 09:26:48,1123.3,2173093
2021-06-17 09:26:49,1123.2,2174044
2021-06-17 09:26:50,1123.5,2174463
2021-06-17 09:26:51,1123.5,2174886
2021-06-17 09:26:52,1123.5,2176473
2021-06-17 09:26:54,1123.1,2177461
2021-06-17 09:26:55,1123.3,2177779
2021-06-17 09:26:56,1123.15,2178517
2021-06-17 09:26:57,1123.1,2179192
2021-06-17 09:26:58,1123.5,2179365
2021-06-17 09:26:59,1123.6,2179669
2021-06-17 09:27:00,1123.5,2181448
2021-06-17 09:27:01,1123.2,2181852
2021-06-17 09:27:02,1123.8,2183728
2021-06-17 09:27:02,1123.5,2182922
2021-06-17 09:27:03,1123.5,2183830
2021-06-17 09:27:04,1123.85,2184403
2021-06-17 09:27:05,1123.8,2184404
2021-06-17 09:27:07,1123.85,2187287
2021-06-17 09:27:08,1123.8,2187575
2021-06-17 09:27:09,1123.8,2187645
2021-06-17 09:27:10,1123.4,2189946
2021-06-17 09:27:11,1123.85,2190498
2021-06-17 09:27:12,1124.0,2207723
2021-06-17 09:27:13,1124.1,2210530
2021-06-17 09:27:13,1124.6,2209852
2021-06-17 09:27:14,1124.6,2210747
2021-06-17 09:27:15,1124.15,2211090
2021-06-17 09:27:17,1124.6,2211177
2021-06-17 09:27:18,1124.6,2211324
2021-06-17 09:27:19,1124.6,2211464
2021-06-17 09:27:20,1124.4,2213171
2021-06-17 09:27:22,1124.6,2213589
2021-06-17 09:27:23,1124.6,2215161
2021-06-17 09:27:24,1124.9,2216646
2021-06-17 09:27:25,1124.6,2218900
2021-06-17 09:27:26,1124.6,2220615
2021-06-17 09:27:27,1124.6,2221128
2021-06-17 09:27:28,1124.6,2221787
2021-06-17 09:27:29,1124.6,2223693
2021-06-17 09:27:30,1124.4,2225570
2021-06-17 09:27:30,1124.3,2225320
2021-06-17 09:27:31,1124.0,2227162
2021-06-17 09:27:33,1124.0,2228139
2021-06-17 09:27:34,1123.25,2230924
2021-06-17 09:27:36,1122.55,2245882
2021-06-17 09:27:39,1122.75,2247945
2021-06-17 09:27:42,1122.9,2254515
2021-06-17 09:27:43,1122.4,2257288
2021-06-17 09:27:44,1122.85,2258642
2021-06-17 09:27:45,1122.75,2260496
2021-06-17 09:27:45,1122.3,2260497
2021-06-17 09:27:46,1122.8,2260728
2021-06-17 09:27:48,1122.95,2261468
2021-06-17 09:27:49,1122.9,2262277
2021-06-17 09:27:50,1122.9,2262397
2021-06-17 09:27:51,1122.4,2264285
2021-06-17 09:27:51,1122.4,2264292
2021-06-17 09:27:52,1122.75,2266056
2021-06-17 09:27:53,1121.85,2275578
2021-06-17 09:27:54,1121.45,2276049
2021-06-17 09:27:55,1121.25,2276901
2021-06-17 09:27:56,1121.25,2276971
2021-06-17 09:27:57,1121.5,2277594
2021-06-17 09:27:58,1121.5,2278857
2021-06-17 09:27:59,1121.5,2280082
2021-06-17 09:28:00,1121.1,2284254
2021-06-17 09:28:01,1121.1,2285048
2021-06-17 09:28:02,1120.85,2287623
2021-06-17 09:28:03,1120.55,2289475
2021-06-17 09:28:04,1120.2,2290534
2021-06-17 09:28:06,1120.5,2292275
2021-06-17 09:28:07,1120.4,2293851
2021-06-17 09:28:08,1120.25,2294798
2021-06-17 09:28:09,1120.25,2295748
2021-06-17 09:28:09,1120.25,2295749
2021-06-17 09:28:10,1120.3,2297193
2021-06-17 09:28:11,1120.45,2297504
2021-06-17 09:28:12,1120.45,2298236
2021-06-17 09:28:13,1120.5,2299255
2021-06-17 09:28:14,1120.95,2299733
2021-06-17 09:28:16,1120.7,2301156
2021-06-17 09:28:17,1121.1,2301376
2021-06-17 09:28:18,1121.05,2301617
2021-06-17 09:28:19,1120.75,2301930
2021-06-17 09:28:19,1120.7,2302405
2021-06-17 09:28:20,1120.95,2302708
2021-06-17 09:28:21,1121.25,2303374
2021-06-17 09:28:22,1121.25,2303966
2021-06-17 09:28:24,1121.65,2305065
2021-06-17 09:28:25,1121.5,2305570
2021-06-17 09:28:26,1121.15,2306244
2021-06-17 09:28:26,1121.15,2306239
2021-06-17 09:28:27,1121.15,2306475
2021-06-17 09:28:28,1121.6,2306825
2021-06-17 09:28:29,1121.6,2306858
2021-06-17 09:28:31,1121.1,2307248
2021-06-17 09:28:32,1121.3,2307560
2021-06-17 09:28:33,1121.55,2307961
2021-06-17 09:28:33,1121.55,2307961
2021-06-17 09:28:34,1121.2,2309005
2021-06-17 09:28:36,1121.05,2309908
2021-06-17 09:28:37,1121.45,2310242
2021-06-17 09:28:38,1121.2,2310321
2021-06-17 09:28:39,1121.75,2312874
2021-06-17 09:28:40,1121.25,2313411
2021-06-17 09:28:41,1121.2,2313791
2021-06-17 09:28:42,1121.6,2313989
2021-06-17 09:28:44,1121.45,2314520
2021-06-17 09:28:48,1121.6,2317113
2021-06-17 09:28:48,1121.6,2317113
2021-06-17 09:28:49,1121.6,2318523
2021-06-17 09:28:50,1122.0,2320088
2021-06-17 09:28:52,1122.0,2320759
2021-06-17 09:28:53,1121.95,2320943
2021-06-17 09:28:54,1121.85,2321338
2021-06-17 09:28:54,1121.85,2321338
2021-06-17 09:28:55,1121.9,2321985
2021-06-17 09:28:56,1122.0,2322413
2021-06-17 09:28:57,1122.0,2323372
2021-06-17 09:28:58,1121.9,2323696
2021-06-17 09:28:59,1122.0,2324110
2021-06-17 09:29:00,1121.75,2325105
2021-06-17 09:29:01,1121.75,2327539
2021-06-17 09:29:02,1122.55,2328518
2021-06-17 09:29:03,1122.05,2328780
2021-06-17 09:29:04,1122.7,2329272
2021-06-17 09:29:05,1122.75,2329445
2021-06-17 09:29:07,1122.85,2329680
2021-06-17 09:29:08,1122.9,2330095
2021-06-17 09:29:09,1122.75,2330178
2021-06-17 09:29:10,1122.9,2330449
2021-06-17 09:29:11,1123.3,2333008
2021-06-17 09:29:11,1123.3,2332970
2021-06-17 09:29:12,1123.55,2333160
2021-06-17 09:29:14,1123.55,2334172
2021-06-17 09:29:15,1123.65,2334472
2021-06-17 09:29:16,1123.55,2335107
2021-06-17 09:29:18,1123.5,2335573
2021-06-17 09:29:19,1123.5,2335720
2021-06-17 09:29:21,1123.8,2336849
2021-06-17 09:29:22,1124.0,2338904
2021-06-17 09:29:23,1123.95,2339187
2021-06-17 09:29:24,1123.65,2340063
2021-06-17 09:29:25,1123.6,2341256
2021-06-17 09:29:25,1123.2,2341528
2021-06-17 09:29:26,1123.65,2341945
2021-06-17 09:29:27,1123.7,2342308
2021-06-17 09:29:28,1123.6,2342632
2021-06-17 09:29:30,1123.05,2343262
2021-06-17 09:29:31,1123.55,2343566
2021-06-17 09:29:32,1123.2,2345476
2021-06-17 09:29:33,1123.1,2347826
2021-06-17 09:29:34,1123.4,2349570
2021-06-17 09:29:35,1123.0,2349689
2021-06-17 09:29:36,1123.05,2351039
2021-06-17 09:29:37,1122.75,2351581
2021-06-17 09:29:38,1123.15,2353210
2021-06-17 09:29:39,1123.05,2353898
2021-06-17 09:29:40,1123.35,2354141
2021-06-17 09:29:41,1122.75,2354689
2021-06-17 09:29:41,1122.75,2354863
2021-06-17 09:29:43,1123.0,2354964
2021-06-17 09:29:44,1122.7,2355193
2021-06-17 09:29:45,1122.75,2355408
2021-06-17 09:29:46,1122.55,2355892
2021-06-17 09:29:47,1122.6,2356291
2021-06-17 09:29:48,1122.15,2356395
2021-06-17 09:29:49,1122.0,2360547
2021-06-17 09:29:50,1122.1,2361505
2021-06-17 09:29:51,1121.6,2365677
2021-06-17 09:29:52,1121.5,2366078
2021-06-17 09:29:53,1121.5,2366466
2021-06-17 09:29:54,1121.6,2367312
2021-06-17 09:29:55,1121.1,2367684
2021-06-17 09:29:55,1121.3,2367805
2021-06-17 09:29:57,1121.3,2367947
2021-06-17 09:29:58,1121.15,2368095
2021-06-17 09:29:59,1121.15,2368269
2021-06-17 09:30:00,1121.1,2369134
2021-06-17 09:30:01,1121.0,2369618
2021-06-17 09:30:02,1121.2,2369789
2021-06-17 09:30:03,1121.1,2375017
2021-06-17 09:30:04,1120.9,2376384
2021-06-17 09:30:05,1120.9,2378039
2021-06-17 09:30:06,1121.0,2378885
2021-06-17 09:30:08,1120.85,2379265
2021-06-17 09:30:09,1120.9,2380149
2021-06-17 09:30:10,1120.55,2380705
2021-06-17 09:30:14,1120.9,2383122
2021-06-17 09:30:15,1120.7,2383528
2021-06-17 09:30:17,1120.5,2386119
2021-06-17 09:30:18,1120.45,2386529
2021-06-17 09:30:19,1121.0,2388067
2021-06-17 09:30:20,1120.7,2388786
2021-06-17 09:30:20,1120.65,2388829
2021-06-17 09:30:21,1120.95,2390323
2021-06-17 09:30:23,1120.5,2391550
2021-06-17 09:30:25,1121.0,2391971
2021-06-17 09:30:26,1120.95,2392217
2021-06-17 09:30:27,1120.55,2392407
2021-06-17 09:30:28,1121.0,2393229
2021-06-17 09:30:29,1120.55,2393393
2021-06-17 09:30:30,1120.85,2393661
2021-06-17 09:30:31,1120.85,2393900
2021-06-17 09:30:32,1120.85,2394329
2021-06-17 09:30:33,1120.35,2403610
2021-06-17 09:30:34,1120.25,2403958
2021-06-17 09:30:35,1119.6,2424616
2021-06-17 09:30:35,1119.15,2424636
2021-06-17 09:30:37,1119.6,2425641
2021-06-17 09:30:38,1119.2,2425909
2021-06-17 09:30:39,1119.4,2426668
2021-06-17 09:30:40,1119.7,2428242
2021-06-17 09:30:41,1119.05,2430211
2021-06-17 09:30:42,1119.25,2432260
2021-06-17 09:30:43,1118.95,2433294
2021-06-17 09:30:45,1119.2,2436209
2021-06-17 09:30:47,1118.25,2445677
2021-06-17 09:30:48,1118.2,2445950
2021-06-17 09:30:50,1118.45,2447224
2021-06-17 09:30:51,1118.55,2448136
2021-06-17 09:30:52,1118.7,2448413
2021-06-17 09:30:53,1118.55,2448939
2021-06-17 09:30:54,1118.1,2449648
2021-06-17 09:30:55,1118.75,2450306
2021-06-17 09:30:56,1118.8,2452123
2021-06-17 09:30:57,1118.8,2453214
2021-06-17 09:30:58,1118.6,2454642
2021-06-17 09:30:59,1118.2,2455167
2021-06-17 09:31:00,1118.5,2455732
2021-06-17 09:31:02,1118.6,2456418
2021-06-17 09:31:03,1118.75,2457154
2021-06-17 09:31:04,1119.25,2461164
2021-06-17 09:31:05,1119.8,2462105
2021-06-17 09:31:07,1119.2,2464668
2021-06-17 09:31:08,1119.05,2465522
2021-06-17 09:31:09,1119.0,2465627
2021-06-17 09:31:10,1119.0,2466432
2021-06-17 09:31:10,1119.0,2466432
2021-06-17 09:31:12,1119.4,2466876
2021-06-17 09:31:13,1119.8,2467205
2021-06-17 09:31:14,1119.45,2469824
2021-06-17 09:31:15,1119.8,2470270
2021-06-17 09:31:16,1119.8,2471204
2021-06-17 09:31:17,1119.3,2471299
2021-06-17 09:31:18,1119.8,2471817
2021-06-17 09:31:19,1119.35,2472573
2021-06-17 09:31:20,1119.85,2473101
2021-06-17 09:31:21,1119.9,2473347
2021-06-17 09:31:22,1120.0,2473780
2021-06-17 09:31:23,1119.6,2473912
2021-06-17 09:31:24,1119.65,2474220
2021-06-17 09:31:25,1120.0,2475027
2021-06-17 09:31:26,1120.0,2475272
2021-06-17 09:31:27,1120.3,2476659
2021-06-17 09:31:28,1120.35,2476739
2021-06-17 09:31:29,1119.9,2477211
2021-06-17 09:31:30,1119.5,2479342
2021-06-17 09:31:31,1119.65,2479697
2021-06-17 09:31:32,1119.75,2480548
2021-06-17 09:31:34,1119.75,2480794
2021-06-17 09:31:33,1119.4,2480784
2021-06-17 09:31:35,1119.8,2480932
2021-06-17 09:31:36,1119.8,2481095
2021-06-17 09:31:38,1119.8,2482876
2021-06-17 09:31:39,1119.65,2482931
2021-06-17 09:31:40,1119.75,2483007
2021-06-17 09:31:41,1119.75,2483215
2021-06-17 09:31:42,1119.75,2484079
2021-06-17 09:31:43,1119.5,2485999
2021-06-17 09:31:44,1119.8,2486150
2021-06-17 09:31:45,1119.75,2486201
2021-06-17 09:31:47,1120.15,2491972
2021-06-17 09:31:46,1120.4,2489500
2021-06-17 09:31:48,1120.8,2492027
2021-06-17 09:31:49,1120.25,2492628
2021-06-17 09:31:50,1120.7,2493033
2021-06-17 09:31:51,1120.2,2493178
2021-06-17 09:31:53,1120.7,2493477
2021-06-17 09:31:54,1120.1,2494285
2021-06-17 09:31:55,1120.05,2494797
2021-06-17 09:31:56,1120.0,2495038
2021-06-17 09:31:57,1120.2,2495568
2021-06-17 09:31:58,1120.15,2498041
2021-06-17 09:31:59,1119.9,2499176
2021-06-17 09:32:00,1120.1,2499489
2021-06-17 09:32:01,1120.1,2499642
2021-06-17 09:32:02,1120.6,2499867
2021-06-17 09:32:03,1120.5,2499992
2021-06-17 09:32:04,1120.75,2500517
2021-06-17 09:32:05,1120.75,2500517
2021-06-17 09:32:06,1120.6,2500807
2021-06-17 09:32:07,1120.6,2500842
2021-06-17 09:32:09,1120.55,2501293
2021-06-17 09:32:10,1121.0,2501896
2021-06-17 09:32:11,1121.2,2503093
2021-06-17 09:32:12,1121.8,2503718
2021-06-17 09:32:13,1121.65,2503862
2021-06-17 09:32:14,1121.65,2503866
2021-06-17 09:32:15,1121.85,2504255
2021-06-17 09:32:16,1122.35,2506265
2021-06-17 09:32:17,1122.5,2506585
2021-06-17 09:32:18,1122.85,2509038
2021-06-17 09:32:19,1122.8,2510607
2021-06-17 09:32:20,1122.95,2514976
2021-06-17 09:32:21,1122.6,2516287
2021-06-17 09:32:22,1122.9,2517447
2021-06-17 09:32:23,1123.0,2518069
2021-06-17 09:32:24,1122.9,2520184
2021-06-17 09:32:25,1123.0,2520977
2021-06-17 09:32:26,1123.2,2521892
2021-06-17 09:32:27,1122.9,2521899
2021-06-17 09:32:28,1123.2,2523156
2021-06-17 09:32:29,1122.95,2524388
2021-06-17 09:32:30,1123.2,2525079
2021-06-17 09:32:31,1122.75,2525417
2021-06-17 09:32:33,1123.65,2531880
2021-06-17 09:32:34,1123.9,2532258
2021-06-17 09:32:35,1123.9,2533374
2021-06-17 09:32:36,1123.9,2533479
2021-06-17 09:32:37,1123.8,2535774
2021-06-17 09:32:38,1123.85,2538770
2021-06-17 09:32:39,1123.9,2539145
2021-06-17 09:32:40,1124.4,2539419
2021-06-17 09:32:41,1124.4,2539966
2021-06-17 09:32:42,1124.05,2540606
2021-06-17 09:32:43,1124.0,2541428
2021-06-17 09:32:44,1124.45,2543055
2021-06-17 09:32:45,1124.5,2543947
2021-06-17 09:32:46,1124.4,2544157
2021-06-17 09:32:47,1124.6,2546225
2021-06-17 09:32:48,1124.65,2547153
2021-06-17 09:32:49,1123.9,2553621
2021-06-17 09:32:50,1123.9,2554782
2021-06-17 09:32:51,1123.9,2554782
2021-06-17 09:32:52,1123.7,2557644
2021-06-17 09:32:53,1124.15,2558413
2021-06-17 09:32:54,1124.55,2559672
2021-06-17 09:32:55,1124.15,2561327
2021-06-17 09:32:56,1124.05,2562279
2021-06-17 09:32:57,1124.65,2564037
2021-06-17 09:32:58,1124.95,2570156
2021-06-17 09:32:59,1124.4,2571704
2021-06-17 09:33:00,1124.55,2572653
2021-06-17 09:33:01,1125.4,2601251
2021-06-17 09:33:02,1126.0,2602781
2021-06-17 09:33:03,1125.25,2604171
2021-06-17 09:33:04,1125.45,2605090
2021-06-17 09:33:05,1125.3,2606929
2021-06-17 09:33:06,1125.25,2610499
2021-06-17 09:33:07,1125.2,2610940
2021-06-17 09:33:08,1125.05,2612140
2021-06-17 09:33:09,1125.1,2618067
2021-06-17 09:33:12,1125.0,2622441
2021-06-17 09:33:11,1125.15,2622191
2021-06-17 09:33:13,1125.2,2622589
2021-06-17 09:33:14,1125.15,2625927
2021-06-17 09:33:15,1125.6,2626663
2021-06-17 09:33:16,1125.4,2627191
2021-06-17 09:33:18,1125.55,2628017
2021-06-17 09:33:19,1125.45,2629050
2021-06-17 09:33:20,1125.5,2629927
2021-06-17 09:33:21,1125.5,2630551
2021-06-17 09:33:22,1125.5,2631231
2021-06-17 09:33:23,1125.5,2631576
2021-06-17 09:33:24,1125.6,2632874
2021-06-17 09:33:25,1125.95,2634940
2021-06-17 09:33:26,1125.95,2634967
2021-06-17 09:33:27,1125.95,2637623
2021-06-17 09:33:28,1125.95,2638356
2021-06-17 09:33:29,1125.95,2638546
2021-06-17 09:33:30,1126.0,2659026
2021-06-17 09:33:32,1125.9,2666575
2021-06-17 09:33:33,1125.95,2668610
2021-06-17 09:33:34,1125.9,2670531
2021-06-17 09:33:35,1125.25,2670998
2021-06-17 09:33:36,1125.9,2672950
2021-06-17 09:33:40,1124.8,2685553
2021-06-17 09:33:41,1124.75,2685804
2021-06-17 09:33:41,1124.45,2685806
2021-06-17 09:33:42,1124.65,2686339
2021-06-17 09:33:43,1124.5,2688233
2021-06-17 09:33:44,1123.9,2688420
2021-06-17 09:33:45,1124.0,2688664
2021-06-17 09:33:46,1123.9,2689294
2021-06-17 09:33:47,1124.3,2690100
2021-06-17 09:33:48,1123.75,2691239
2021-06-17 09:33:50,1123.9,2693821
2021-06-17 09:33:51,1124.1,2694660
2021-06-17 09:33:52,1123.9,2696248
2021-06-17 09:33:53,1124.25,2696441
2021-06-17 09:33:54,1124.5,2696697
2021-06-17 09:33:55,1124.45,2697028
2021-06-17 09:33:56,1124.75,2697125
2021-06-17 09:33:58,1125.0,2698530
2021-06-17 09:33:58,1124.9,2698565
2021-06-17 09:33:59,1125.0,2698753
2021-06-17 09:34:00,1125.0,2699314
2021-06-17 09:34:01,1124.9,2699489
2021-06-17 09:34:02,1124.7,2700428
2021-06-17 09:34:03,1125.0,2700570
2021-06-17 09:34:04,1125.0,2701771
2021-06-17 09:34:05,1124.65,2701967
2021-06-17 09:34:06,1124.95,2702774
2021-06-17 09:34:08,1125.0,2703174
2021-06-17 09:34:08,1125.45,2703179
2021-06-17 09:34:09,1125.05,2705121
2021-06-17 09:34:10,1125.5,2705244
2021-06-17 09:34:11,1125.0,2706366
2021-06-17 09:34:12,1125.25,2706829
2021-06-17 09:34:13,1125.0,2708189
2021-06-17 09:34:14,1124.55,2712969
2021-06-17 09:34:15,1123.8,2716472
2021-06-17 09:34:16,1124.3,2716709
2021-06-17 09:34:17,1124.25,2717528
2021-06-17 09:34:18,1124.25,2719623
2021-06-17 09:34:19,1124.95,2740047
2021-06-17 09:34:20,1125.0,2740256
2021-06-17 09:34:21,1124.45,2743895
2021-06-17 09:34:22,1124.6,2745276
2021-06-17 09:34:23,1124.5,2745717
2021-06-17 09:34:24,1124.55,2745870
2021-06-17 09:34:25,1124.6,2746026
2021-06-17 09:34:26,1124.3,2746861
2021-06-17 09:34:27,1124.55,2747023
2021-06-17 09:34:28,1124.5,2747469
2021-06-17 09:34:30,1124.35,2747943
2021-06-17 09:34:30,1124.2,2748012
2021-06-17 09:34:31,1123.55,2750467
2021-06-17 09:34:32,1123.7,2750621
2021-06-17 09:34:33,1123.75,2750871
2021-06-17 09:34:34,1123.65,2752099
2021-06-17 09:34:35,1123.8,2753227
2021-06-17 09:34:37,1124.0,2753968
2021-06-17 09:34:38,1124.0,2754058
2021-06-17 09:34:39,1123.8,2755186
2021-06-17 09:34:39,1124.45,2755201
2021-06-17 09:34:40,1124.1,2755912
2021-06-17 09:34:41,1124.15,2756468
2021-06-17 09:34:43,1124.3,2758205
2021-06-17 09:34:44,1124.3,2758282
2021-06-17 09:34:45,1124.7,2758532
2021-06-17 09:34:46,1124.9,2759099
2021-06-17 09:34:47,1124.9,2759929
2021-06-17 09:34:48,1124.7,2760646
2021-06-17 09:34:49,1124.6,2760978
2021-06-17 09:34:50,1124.45,2762092
2021-06-17 09:34:51,1124.5,2762272
2021-06-17 09:34:52,1124.25,2762595
2021-06-17 09:34:53,1124.15,2762885
2021-06-17 09:34:54,1124.1,2763119
2021-06-17 09:34:55,1124.0,2763435
2021-06-17 09:34:56,1124.0,2764211
2021-06-17 09:34:57,1123.7,2766466
2021-06-17 09:34:59,1123.7,2766863
2021-06-17 09:35:00,1123.5,2767777
2021-06-17 09:35:01,1123.2,2770076
2021-06-17 09:35:02,1123.4,2770913
2021-06-17 09:35:03,1123.35,2771121
2021-06-17 09:35:04,1123.0,2772946
2021-06-17 09:35:05,1123.25,2774384
2021-06-17 09:35:06,1123.65,2775737
2021-06-17 09:35:07,1123.75,2776019
2021-06-17 09:35:08,1123.95,2776522
2021-06-17 09:35:09,1124.3,2779057
2021-06-17 09:35:10,1124.2,2779322
2021-06-17 09:35:12,1124.15,2781842
2021-06-17 09:35:12,1124.75,2781717
2021-06-17 09:35:13,1123.95,2784502
2021-06-17 09:35:14,1124.2,2784581
2021-06-17 09:35:15,1124.15,2785877
2021-06-17 09:35:16,1124.15,2786053
2021-06-17 09:35:18,1125.1,2795897
2021-06-17 09:35:19,1124.7,2797492
2021-06-17 09:35:19,1124.6,2797703
2021-06-17 09:35:20,1125.0,2798025
2021-06-17 09:35:21,1124.55,2798850
2021-06-17 09:35:22,1125.0,2800071
2021-06-17 09:35:23,1124.6,2800889
2021-06-17 09:35:24,1124.4,2802232
2021-06-17 09:35:26,1124.15,2802927
2021-06-17 09:35:27,1124.0,2803062
2021-06-17 09:35:28,1123.85,2803266
2021-06-17 09:35:28,1123.75,2803691
2021-06-17 09:35:29,1123.65,2804163
2021-06-17 09:35:30,1124.05,2805626
2021-06-17 09:35:31,1124.0,2806044
2021-06-17 09:35:33,1123.8,2807728
2021-06-17 09:35:34,1123.0,2808903
2021-06-17 09:35:35,1123.3,2809335
2021-06-17 09:35:36,1123.3,2809960
2021-06-17 09:35:37,1123.3,2810074
2021-06-17 09:35:38,1123.0,2810235
2021-06-17 09:35:39,1123.0,2810935
2021-06-17 09:35:40,1122.6,2815200
2021-06-17 09:35:41,1123.0,2815973
2021-06-17 09:35:42,1122.55,2817158
2021-06-17 09:35:43,1122.4,2818349
2021-06-17 09:35:44,1122.25,2819937
2021-06-17 09:35:45,1122.95,2820873
2021-06-17 09:35:47,1122.3,2821447
2021-06-17 09:35:48,1122.4,2822118
2021-06-17 09:35:48,1123.0,2822153
2021-06-17 09:35:49,1123.0,2823375
2021-06-17 09:35:50,1122.7,2823814
2021-06-17 09:35:52,1123.0,2825299
2021-06-17 09:35:53,1122.6,2825638
2021-06-17 09:35:54,1123.0,2825828
2021-06-17 09:35:55,1123.0,2826229
2021-06-17 09:35:56,1123.0,2826567
2021-06-17 09:35:59,1122.4,2828840
2021-06-17 09:36:00,1122.3,2832702
2021-06-17 09:36:00,1122.15,2832932
2021-06-17 09:36:02,1122.0,2835025
2021-06-17 09:36:03,1123.15,2840119
2021-06-17 09:36:04,1122.95,2841326
2021-06-17 09:36:05,1122.95,2841473
2021-06-17 09:36:06,1123.0,2841739
2021-06-17 09:36:07,1123.0,2841962
2021-06-17 09:36:07,1122.95,2842326
2021-06-17 09:36:08,1123.5,2843239
2021-06-17 09:36:09,1123.45,2843522
2021-06-17 09:36:10,1123.4,2844360
2021-06-17 09:36:11,1123.3,2844790
2021-06-17 09:36:12,1123.95,2848709
2021-06-17 09:36:13,1123.9,2849131
2021-06-17 09:36:14,1124.0,2849612
2021-06-17 09:36:15,1124.0,2850050
2021-06-17 09:36:17,1123.9,2850784
2021-06-17 09:36:19,1123.0,2853937
2021-06-17 09:36:20,1122.8,2854417
2021-06-17 09:36:21,1122.9,2854930
2021-06-17 09:36:22,1122.9,2855162
2021-06-17 09:36:23,1122.75,2855339
2021-06-17 09:36:25,1122.6,2855696
2021-06-17 09:36:26,1122.6,2856369
2021-06-17 09:36:27,1122.55,2856810
2021-06-17 09:36:27,1122.55,2856842
2021-06-17 09:36:28,1123.0,2858457
2021-06-17 09:36:29,1123.15,2859640
2021-06-17 09:36:30,1122.6,2860123
2021-06-17 09:36:31,1122.8,2861153
2021-06-17 09:36:32,1122.9,2861504
2021-06-17 09:36:33,1122.3,2862239
2021-06-17 09:36:34,1122.55,2862536
2021-06-17 09:36:35,1122.25,2862706
2021-06-17 09:36:38,1122.1,2865886
2021-06-17 09:36:39,1122.1,2867585
2021-06-17 09:36:39,1122.1,2867590
2021-06-17 09:36:40,1122.15,2868023
2021-06-17 09:36:41,1121.8,2871574
2021-06-17 09:36:42,1121.8,2872039
2021-06-17 09:36:45,1121.55,2872776
2021-06-17 09:36:46,1122.0,2873393
2021-06-17 09:36:47,1121.35,2876068
2021-06-17 09:36:48,1121.4,2877399
2021-06-17 09:36:49,1121.15,2879492
2021-06-17 09:36:50,1121.0,2880579
2021-06-17 09:36:51,1121.35,2880847
2021-06-17 09:36:52,1121.4,2881135
2021-06-17 09:36:53,1121.5,2881692
2021-06-17 09:36:53,1122.0,2881708
2021-06-17 09:36:54,1122.0,2882369
2021-06-17 09:36:55,1121.45,2884784
2021-06-17 09:36:56,1122.0,2885099
2021-06-17 09:36:57,1121.55,2885756
2021-06-17 09:36:58,1121.6,2886266
2021-06-17 09:36:59,1122.65,2888925
2021-06-17 09:37:00,1122.4,2890007
2021-06-17 09:37:01,1122.3,2890468
2021-06-17 09:37:02,1122.9,2890707
2021-06-17 09:37:04,1123.0,2890942
2021-06-17 09:37:05,1123.0,2891612
2021-06-17 09:37:05,1122.55,2891553
2021-06-17 09:37:06,1123.0,2892298
2021-06-17 09:37:07,1122.95,2892586
2021-06-17 09:37:08,1123.0,2893282
2021-06-17 09:37:09,1122.5,2893931
2021-06-17 09:37:10,1122.55,2894212
2021-06-17 09:37:12,1123.0,2894551
2021-06-17 09:37:12,1123.0,2894622
2021-06-17 09:37:13,1122.55,2895122
2021-06-17 09:37:14,1122.55,2895557
2021-06-17 09:37:15,1122.9,2895755
2021-06-17 09:37:17,1122.55,2895873
2021-06-17 09:37:18,1122.55,2896939
2021-06-17 09:37:18,1122.7,2896690
2021-06-17 09:37:19,1122.65,2898375
2021-06-17 09:37:20,1122.4,2898400
2021-06-17 09:37:22,1122.4,2898917
2021-06-17 09:37:21,1122.55,2898875
2021-06-17 09:37:23,1122.05,2899212
2021-06-17 09:37:25,1122.4,2899658
2021-06-17 09:37:26,1122.4,2899809
2021-06-17 09:37:27,1122.0,2899963
2021-06-17 09:37:28,1122.4,2900837
2021-06-17 09:37:29,1122.35,2901378
2021-06-17 09:37:30,1121.85,2906670
2021-06-17 09:37:32,1122.0,2906995
2021-06-17 09:37:33,1121.95,2907247
2021-06-17 09:37:34,1121.55,2907862
2021-06-17 09:37:35,1121.5,2909884
2021-06-17 09:37:36,1121.5,2909973
2021-06-17 09:37:37,1121.6,2910278
2021-06-17 09:37:37,1121.6,2910278
2021-06-17 09:37:39,1121.65,2910724
2021-06-17 09:37:41,1121.75,2911244
2021-06-17 09:37:42,1121.75,2911958
2021-06-17 09:37:44,1121.55,2912379
2021-06-17 09:37:45,1121.9,2912593
2021-06-17 09:37:46,1121.6,2912839
2021-06-17 09:37:47,1122.15,2913055
2021-06-17 09:37:47,1122.15,2913055
2021-06-17 09:37:48,1122.0,2913264
2021-06-17 09:37:49,1122.0,2913756
2021-06-17 09:37:50,1122.25,2914429
2021-06-17 09:37:51,1121.75,2914608
2021-06-17 09:37:52,1121.75,2914694
2021-06-17 09:37:53,1122.15,2914969
2021-06-17 09:37:54,1121.75,2915069
2021-06-17 09:37:55,1122.2,2917409
2021-06-17 09:37:56,1122.2,2917692
2021-06-17 09:37:57,1122.3,2918261
2021-06-17 09:37:59,1122.7,2919360
2021-06-17 09:38:00,1122.85,2920001
2021-06-17 09:38:01,1122.75,2920538
2021-06-17 09:38:02,1122.75,2920762
2021-06-17 09:38:03,1123.45,2927272
2021-06-17 09:38:03,1123.45,2927272
2021-06-17 09:38:04,1123.45,2927433
2021-06-17 09:38:05,1123.25,2928112
2021-06-17 09:38:06,1122.95,2928695
2021-06-17 09:38:07,1123.45,2930045
2021-06-17 09:38:08,1122.85,2930218
2021-06-17 09:38:10,1122.85,2930343
2021-06-17 09:38:10,1122.4,2930970
2021-06-17 09:38:11,1122.45,2931080
2021-06-17 09:38:13,1122.45,2931252
2021-06-17 09:38:14,1122.3,2931449
2021-06-17 09:38:15,1122.25,2931522
2021-06-17 09:38:15,1122.25,2931522
2021-06-17 09:38:17,1122.35,2935024
2021-06-17 09:38:18,1122.85,2935956
2021-06-17 09:38:19,1122.95,2935977
2021-06-17 09:38:20,1122.8,2937081
2021-06-17 09:38:22,1121.75,2940637
2021-06-17 09:38:22,1121.9,2940904
2021-06-17 09:38:23,1121.6,2941441
2021-06-17 09:38:25,1121.6,2941568
2021-06-17 09:38:26,1122.0,2941820
2021-06-17 09:38:27,1121.6,2942431
2021-06-17 09:38:28,1121.75,2942761
2021-06-17 09:38:29,1121.6,2943430
2021-06-17 09:38:29,1121.6,2943430
2021-06-17 09:38:30,1121.55,2943904
2021-06-17 09:38:31,1121.55,2944009
2021-06-17 09:38:32,1121.15,2953093
2021-06-17 09:38:33,1121.45,2953361
2021-06-17 09:38:34,1121.3,2953526
2021-06-17 09:38:36,1121.4,2957663
2021-06-17 09:38:38,1121.45,2957884
2021-06-17 09:38:39,1121.55,2958947
2021-06-17 09:38:40,1121.3,2959149
2021-06-17 09:38:41,1121.25,2959605
2021-06-17 09:38:42,1121.4,2960428
2021-06-17 09:38:44,1121.4,2960782
2021-06-17 09:38:45,1121.25,2961072
2021-06-17 09:38:46,1121.4,2961239
2021-06-17 09:38:48,1121.4,2961401
2021-06-17 09:38:49,1121.6,2962874
2021-06-17 09:38:50,1121.55,2963326
2021-06-17 09:38:50,1121.55,2963396
2021-06-17 09:38:52,1121.9,2963971
2021-06-17 09:38:53,1122.6,2965289
2021-06-17 09:38:54,1122.35,2966386
2021-06-17 09:38:55,1122.45,2967978
2021-06-17 09:38:56,1123.0,2968213
2021-06-17 09:38:57,1122.45,2968591
2021-06-17 09:38:58,1122.6,2969945
2021-06-17 09:38:59,1122.6,2969977
2021-06-17 09:38:59,1123.0,2970014
2021-06-17 09:39:00,1122.7,2970063
2021-06-17 09:39:02,1123.0,2971562
2021-06-17 09:39:03,1123.55,2973470
2021-06-17 09:39:04,1123.25,2974101
2021-06-17 09:39:05,1123.65,2974954
2021-06-17 09:39:06,1123.3,2975311
2021-06-17 09:39:07,1123.65,2975332
2021-06-17 09:39:08,1123.5,2976097
2021-06-17 09:39:09,1123.1,2976241
2021-06-17 09:39:10,1123.1,2976481
2021-06-17 09:39:11,1123.25,2977071
2021-06-17 09:39:12,1123.3,2977169
2021-06-17 09:39:14,1122.6,2978084
2021-06-17 09:39:14,1122.7,2978584
2021-06-17 09:39:16,1122.65,2978755
2021-06-17 09:39:17,1122.0,2978882
2021-06-17 09:39:17,1122.45,2979378
2021-06-17 09:39:19,1122.0,2980325
2021-06-17 09:39:20,1122.4,2980557
2021-06-17 09:39:21,1122.25,2980786
2021-06-17 09:39:22,1122.7,2981194
2021-06-17 09:39:23,1122.25,2981333
2021-06-17 09:39:24,1122.7,2981343
2021-06-17 09:39:25,1122.7,2981694
2021-06-17 09:39:26,1122.6,2981962
2021-06-17 09:39:26,1122.6,2981962
2021-06-17 09:39:27,1122.25,2982438
2021-06-17 09:39:29,1122.6,2982685
2021-06-17 09:39:30,1122.6,2982925
2021-06-17 09:39:30,1122.6,2982935
2021-06-17 09:39:32,1122.55,2983061
2021-06-17 09:39:33,1122.35,2983269
2021-06-17 09:39:34,1122.05,2985282
2021-06-17 09:39:35,1122.35,2985602
2021-06-17 09:39:36,1122.05,2985808
2021-06-17 09:39:37,1122.5,2986666
2021-06-17 09:39:37,1122.5,2987130
2021-06-17 09:39:38,1122.1,2987459
2021-06-17 09:39:39,1122.25,2987909
2021-06-17 09:39:41,1122.2,2988061
2021-06-17 09:39:42,1122.0,2988062
2021-06-17 09:39:43,1122.5,2988143
2021-06-17 09:39:44,1122.5,2988287
2021-06-17 09:39:45,1122.45,2988363
2021-06-17 09:39:46,1122.7,2988960
2021-06-17 09:39:47,1122.55,2989127
2021-06-17 09:39:48,1122.5,2989203
2021-06-17 09:39:50,1122.5,2989598
2021-06-17 09:39:51,1122.5,2989695
2021-06-17 09:39:51,1122.15,2990179
2021-06-17 09:39:52,1122.15,2990546
2021-06-17 09:39:54,1121.45,2994425
2021-06-17 09:39:55,1122.5,3004910
2021-06-17 09:39:56,1122.45,3005075
2021-06-17 09:39:57,1122.4,3005136
2021-06-17 09:39:58,1122.25,3005243
2021-06-17 09:39:59,1122.1,3006210
2021-06-17 09:40:00,1122.4,3006289
2021-06-17 09:40:01,1122.45,3006500
2021-06-17 09:40:02,1121.65,3009186
2021-06-17 09:40:03,1122.4,3015080
2021-06-17 09:40:04,1122.65,3016075
2021-06-17 09:40:05,1122.15,3017147
2021-06-17 09:40:06,1122.25,3017530
2021-06-17 09:40:07,1122.8,3017815
2021-06-17 09:40:08,1122.5,3018289
2021-06-17 09:40:08,1122.9,3018294
2021-06-17 09:40:09,1122.65,3018396
2021-06-17 09:40:10,1123.5,3023666
2021-06-17 09:40:12,1123.15,3023806
2021-06-17 09:40:13,1123.2,3024638
2021-06-17 09:40:14,1123.6,3024916
2021-06-17 09:40:15,1123.15,3025031
2021-06-17 09:40:16,1123.55,3025355
2021-06-17 09:40:17,1122.9,3025447
2021-06-17 09:40:18,1122.9,3025873
2021-06-17 09:40:19,1123.7,3026490
2021-06-17 09:40:20,1123.8,3026590
2021-06-17 09:40:21,1123.2,3026816
2021-06-17 09:40:23,1123.15,3027048
2021-06-17 09:40:24,1123.1,3027201
2021-06-17 09:40:26,1123.7,3027585
2021-06-17 09:40:27,1123.25,3027696
2021-06-17 09:40:28,1123.7,3027930
2021-06-17 09:40:29,1123.5,3028310
2021-06-17 09:40:30,1123.7,3028404
2021-06-17 09:40:31,1123.4,3028498
2021-06-17 09:40:31,1123.4,3028498
2021-06-17 09:40:32,1123.35,3029127
2021-06-17 09:40:34,1124.0,3033541
2021-06-17 09:40:35,1123.95,3033631
2021-06-17 09:40:36,1123.8,3034035
2021-06-17 09:40:37,1123.5,3034534
2021-06-17 09:40:38,1123.2,3034781
2021-06-17 09:40:38,1123.55,3034806
2021-06-17 09:40:40,1123.2,3034901
2021-06-17 09:40:41,1123.4,3035156
2021-06-17 09:40:42,1123.45,3035390
2021-06-17 09:40:43,1123.4,3035560
2021-06-17 09:40:44,1123.25,3035861
2021-06-17 09:40:44,1123.25,3035861
2021-06-17 09:40:46,1123.35,3036005
2021-06-17 09:40:47,1123.5,3036239
2021-06-17 09:40:48,1123.5,3037114
2021-06-17 09:40:49,1123.5,3037532
2021-06-17 09:40:51,1123.15,3037817
2021-06-17 09:40:52,1123.35,3038311
2021-06-17 09:40:53,1123.35,3040057
2021-06-17 09:40:54,1123.35,3040229
2021-06-17 09:40:55,1123.25,3040574
2021-06-17 09:40:55,1123.5,3040421
2021-06-17 09:40:56,1123.25,3040898
2021-06-17 09:40:58,1123.7,3041131
2021-06-17 09:40:59,1123.7,3041224
2021-06-17 09:41:00,1123.7,3041725
2021-06-17 09:41:01,1123.95,3042887
2021-06-17 09:41:02,1123.95,3043548
2021-06-17 09:41:04,1123.7,3043842
2021-06-17 09:41:05,1123.75,3044296
2021-06-17 09:41:06,1123.65,3044795
2021-06-17 09:41:07,1123.7,3044830
2021-06-17 09:41:08,1123.5,3045074
2021-06-17 09:41:09,1123.95,3045281
2021-06-17 09:41:09,1123.95,3045581
2021-06-17 09:41:11,1123.9,3045700
2021-06-17 09:41:12,1124.25,3059023
2021-06-17 09:41:13,1124.3,3059699
2021-06-17 09:41:14,1124.3,3060730
2021-06-17 09:41:16,1124.3,3062383
2021-06-17 09:41:17,1124.3,3063303
2021-06-17 09:41:18,1124.3,3064378
2021-06-17 09:41:19,1124.15,3064778
2021-06-17 09:41:20,1124.3,3065326
2021-06-17 09:41:21,1124.4,3066573
2021-06-17 09:41:22,1124.25,3066574
2021-06-17 09:41:23,1124.15,3068158
2021-06-17 09:41:23,1124.15,3066942
2021-06-17 09:41:24,1124.15,3068223
2021-06-17 09:41:26,1124.0,3068971
2021-06-17 09:41:27,1124.25,3069151
2021-06-17 09:41:28,1124.25,3069458
2021-06-17 09:41:29,1124.25,3070313
2021-06-17 09:41:30,1124.45,3070447
2021-06-17 09:41:31,1124.25,3070636
2021-06-17 09:41:32,1124.25,3070817
2021-06-17 09:41:33,1124.3,3071198
2021-06-17 09:41:34,1124.4,3072192
2021-06-17 09:41:35,1124.3,3072231
2021-06-17 09:41:35,1124.3,3072231
2021-06-17 09:41:37,1124.25,3072285
2021-06-17 09:41:38,1124.15,3072897
2021-06-17 09:41:38,1124.0,3074799
2021-06-17 09:41:40,1124.0,3075169
2021-06-17 09:41:41,1123.65,3075652
2021-06-17 09:41:42,1123.95,3076333
2021-06-17 09:41:43,1123.5,3076435
2021-06-17 09:41:44,1123.75,3076452
2021-06-17 09:41:45,1123.65,3076458
2021-06-17 09:41:46,1123.65,3076635
2021-06-17 09:41:47,1123.65,3076752
2021-06-17 09:41:48,1123.5,3076800
2021-06-17 09:41:49,1123.55,3077279
2021-06-17 09:41:50,1124.0,3077425
2021-06-17 09:41:51,1124.0,3077965
2021-06-17 09:41:52,1123.55,3078145
2021-06-17 09:41:53,1124.0,3078291
2021-06-17 09:41:54,1123.95,3078491
2021-06-17 09:41:55,1123.95,3078843
2021-06-17 09:41:56,1123.9,3078853
2021-06-17 09:41:57,1123.95,3078920
2021-06-17 09:41:58,1124.0,3079241
2021-06-17 09:41:59,1123.55,3079318
2021-06-17 09:42:00,1123.65,3080005
2021-06-17 09:42:01,1123.6,3080140
2021-06-17 09:42:02,1124.0,3081838
2021-06-17 09:42:03,1123.9,3081910
2021-06-17 09:42:04,1123.65,3081962
2021-06-17 09:42:05,1124.0,3083207
2021-06-17 09:42:07,1123.9,3083413
2021-06-17 09:42:08,1123.6,3083563
2021-06-17 09:42:09,1123.45,3085593
2021-06-17 09:42:10,1123.45,3085962
2021-06-17 09:42:11,1123.6,3087045
2021-06-17 09:42:13,1123.2,3088119
2021-06-17 09:42:15,1123.35,3089055
2021-06-17 09:42:16,1123.35,3089152
2021-06-17 09:42:17,1123.35,3089152
2021-06-17 09:42:18,1123.35,3089262
2021-06-17 09:42:19,1123.35,3089533
2021-06-17 09:42:20,1123.0,3089973
2021-06-17 09:42:21,1123.35,3090324
2021-06-17 09:42:22,1123.3,3090736
2021-06-17 09:42:23,1123.4,3091012
2021-06-17 09:42:24,1123.05,3091161
2021-06-17 09:42:26,1123.85,3091832
2021-06-17 09:42:27,1123.9,3092533
2021-06-17 09:42:28,1123.85,3092616
2021-06-17 09:42:29,1123.8,3092891
2021-06-17 09:42:30,1123.5,3093360
2021-06-17 09:42:31,1123.8,3093410
2021-06-17 09:42:32,1123.5,3093765
2021-06-17 09:42:33,1123.9,3093995
2021-06-17 09:42:35,1123.9,3094680
2021-06-17 09:42:34,1123.9,3094680
2021-06-17 09:42:36,1123.85,3094736
2021-06-17 09:42:37,1123.9,3095552
2021-06-17 09:42:38,1123.35,3095845
2021-06-17 09:42:39,1123.3,3096067
2021-06-17 09:42:40,1123.55,3096206
2021-06-17 09:42:41,1123.5,3096560
2021-06-17 09:42:42,1123.6,3096624
2021-06-17 09:42:43,1123.6,3096652
2021-06-17 09:42:44,1123.6,3096871
2021-06-17 09:42:45,1123.5,3096974
2021-06-17 09:42:46,1123.5,3097076
2021-06-17 09:42:47,1123.3,3097143
2021-06-17 09:42:48,1123.35,3097216
2021-06-17 09:42:49,1123.35,3097291
2021-06-17 09:42:50,1123.25,3097347
2021-06-17 09:42:51,1123.35,3097632
2021-06-17 09:42:52,1123.3,3097832
2021-06-17 09:42:53,1123.3,3097884
2021-06-17 09:42:54,1123.35,3098213
2021-06-17 09:42:55,1123.5,3098520
2021-06-17 09:42:56,1123.2,3098550
2021-06-17 09:42:57,1123.5,3098605
2021-06-17 09:42:58,1123.2,3098628
2021-06-17 09:42:59,1123.5,3098790
2021-06-17 09:43:00,1123.2,3099084
2021-06-17 09:43:01,1123.25,3099093
2021-06-17 09:43:02,1123.2,3099657
2021-06-17 09:43:03,1123.2,3099963
2021-06-17 09:43:04,1123.35,3100099
2021-06-17 09:43:05,1123.3,3100240
2021-06-17 09:43:06,1123.35,3100460
2021-06-17 09:43:07,1123.15,3100875
2021-06-17 09:43:08,1123.25,3100987
2021-06-17 09:43:09,1123.25,3100987
2021-06-17 09:43:10,1123.05,3101249
2021-06-17 09:43:11,1123.25,3101480
2021-06-17 09:43:12,1123.45,3101955
2021-06-17 09:43:13,1123.25,3102030
2021-06-17 09:43:14,1123.25,3102044
2021-06-17 09:43:15,1123.35,3102571
2021-06-17 09:43:16,1123.45,3102573
2021-06-17 09:43:17,1123.25,3102693
2021-06-17 09:43:18,1123.25,3102712
2021-06-17 09:43:19,1123.25,3103506
2021-06-17 09:43:20,1123.5,3103543
2021-06-17 09:43:21,1123.35,3104544
2021-06-17 09:43:22,1123.25,3104624
2021-06-17 09:43:23,1123.25,3104835
2021-06-17 09:43:24,1123.15,3105062
2021-06-17 09:43:25,1123.25,3105469
2021-06-17 09:43:26,1123.25,3105522
2021-06-17 09:43:27,1123.0,3106930
2021-06-17 09:43:28,1123.15,3107074
2021-06-17 09:43:29,1123.0,3107399
2021-06-17 09:43:31,1123.25,3109794
2021-06-17 09:43:32,1123.0,3110371
2021-06-17 09:43:33,1123.0,3110377
2021-06-17 09:43:34,1123.0,3110829
2021-06-17 09:43:35,1122.95,3111945
2021-06-17 09:43:36,1123.0,3112218
2021-06-17 09:43:37,1122.8,3112644
2021-06-17 09:43:38,1122.8,3112644
2021-06-17 09:43:39,1122.8,3112664
2021-06-17 09:43:40,1122.8,3112927
2021-06-17 09:43:41,1122.9,3113223
2021-06-17 09:43:42,1122.8,3113225
2021-06-17 09:43:43,1122.8,3113336
2021-06-17 09:43:44,1122.5,3113754
2021-06-17 09:43:45,1122.5,3113886
2021-06-17 09:43:46,1122.5,3114255
2021-06-17 09:43:47,1122.5,3115357
2021-06-17 09:43:48,1122.5,3115357
2021-06-17 09:43:49,1122.45,3121355
2021-06-17 09:43:50,1122.25,3121638
2021-06-17 09:43:51,1122.3,3123361
2021-06-17 09:43:52,1122.1,3123537
2021-06-17 09:43:53,1121.7,3128640
2021-06-17 09:43:55,1122.0,3128735
2021-06-17 09:43:55,1122.0,3128735
2021-06-17 09:43:56,1122.0,3128969
2021-06-17 09:43:57,1122.1,3129024
2021-06-17 09:43:58,1122.0,3129393
2021-06-17 09:44:00,1122.0,3129817
2021-06-17 09:44:01,1122.0,3130193
2021-06-17 09:44:02,1121.85,3131228
2021-06-17 09:44:03,1122.0,3131234
2021-06-17 09:44:05,1121.5,3132870
2021-06-17 09:44:06,1121.95,3133226
2021-06-17 09:44:07,1122.0,3133622
2021-06-17 09:44:08,1121.45,3134217
2021-06-17 09:44:09,1122.8,3137921
2021-06-17 09:44:10,1122.5,3138032
2021-06-17 09:44:11,1122.25,3138300
2021-06-17 09:44:12,1122.7,3138588
2021-06-17 09:44:13,1122.2,3139097
2021-06-17 09:44:14,1122.0,3139183
2021-06-17 09:44:15,1122.25,3139439
2021-06-17 09:44:17,1122.05,3139571
2021-06-17 09:44:17,1122.05,3139571
2021-06-17 09:44:18,1121.7,3140723
2021-06-17 09:44:19,1121.7,3140768
2021-06-17 09:44:20,1121.85,3141317
2021-06-17 09:44:21,1121.95,3142108
2021-06-17 09:44:22,1121.55,3142130
2021-06-17 09:44:24,1121.55,3142172
2021-06-17 09:44:24,1121.55,3142172
2021-06-17 09:44:26,1122.2,3142743
2021-06-17 09:44:27,1121.6,3143848
2021-06-17 09:44:28,1122.0,3144546
2021-06-17 09:44:29,1121.7,3144700
2021-06-17 09:44:30,1121.7,3144710
2021-06-17 09:44:31,1121.8,3144815
2021-06-17 09:44:32,1122.0,3145038
2021-06-17 09:44:33,1121.65,3145052
2021-06-17 09:44:34,1122.0,3145067
2021-06-17 09:44:36,1121.6,3145296
2021-06-17 09:44:36,1122.0,3145311
2021-06-17 09:44:38,1121.55,3145801
2021-06-17 09:44:39,1122.0,3146031
2021-06-17 09:44:40,1121.9,3146071
2021-06-17 09:44:43,1121.65,3146197
2021-06-17 09:44:45,1121.75,3146627
2021-06-17 09:44:46,1121.75,3147164
2021-06-17 09:44:47,1121.7,3147267
2021-06-17 09:44:48,1121.7,3147385
2021-06-17 09:44:49,1121.85,3147908
2021-06-17 09:44:51,1121.7,3148527
2021-06-17 09:44:52,1121.7,3148655
2021-06-17 09:44:54,1121.55,3151289
2021-06-17 09:44:55,1121.95,3151654
2021-06-17 09:44:55,1121.65,3151694
2021-06-17 09:44:56,1121.95,3151741
2021-06-17 09:44:57,1121.9,3151772
2021-06-17 09:44:58,1121.8,3151955
2021-06-17 09:44:59,1121.65,3152055
2021-06-17 09:45:01,1121.7,3152663
2021-06-17 09:45:02,1122.1,3159248
2021-06-17 09:45:05,1121.9,3159463
2021-06-17 09:45:05,1121.9,3159543
2021-06-17 09:45:06,1121.9,3159623
2021-06-17 09:45:08,1121.8,3159946
2021-06-17 09:45:09,1121.75,3160051
2021-06-17 09:45:11,1121.75,3160147
2021-06-17 09:45:11,1121.7,3160172
2021-06-17 09:45:12,1121.8,3160445
2021-06-17 09:45:13,1121.8,3160447
2021-06-17 09:45:14,1121.75,3160623
2021-06-17 09:45:15,1121.5,3161849
2021-06-17 09:45:16,1121.5,3163607
2021-06-17 09:45:18,1121.7,3163683
2021-06-17 09:45:18,1121.8,3163723
2021-06-17 09:45:19,1121.8,3165446
2021-06-17 09:45:20,1121.45,3166581
2021-06-17 09:45:21,1121.9,3166634
2021-06-17 09:45:22,1121.9,3166805
2021-06-17 09:45:23,1121.9,3166889
2021-06-17 09:45:24,1121.85,3166901
2021-06-17 09:45:25,1121.9,3166912
2021-06-17 09:45:27,1121.8,3167541
2021-06-17 09:45:28,1121.9,3167704
2021-06-17 09:45:28,1121.5,3168956
2021-06-17 09:45:30,1121.8,3168998
2021-06-17 09:45:30,1121.5,3169010
2021-06-17 09:45:31,1121.85,3169035
2021-06-17 09:45:32,1121.75,3170587
2021-06-17 09:45:34,1121.9,3170631
2021-06-17 09:45:35,1122.0,3171286
2021-06-17 09:45:36,1121.85,3171587
2021-06-17 09:45:37,1121.8,3172239
2021-06-17 09:45:39,1121.8,3172289
2021-06-17 09:45:39,1121.8,3172289
2021-06-17 09:45:40,1122.0,3172471
2021-06-17 09:45:41,1121.6,3175127
2021-06-17 09:45:43,1122.2,3175533
2021-06-17 09:45:44,1121.85,3175733
2021-06-17 09:45:46,1122.0,3176076
2021-06-17 09:45:46,1121.65,3176086
2021-06-17 09:45:47,1122.0,3176206
2021-06-17 09:45:48,1122.0,3176249
2021-06-17 09:45:49,1122.0,3176541
2021-06-17 09:45:50,1121.65,3176741
2021-06-17 09:45:51,1122.0,3176841
2021-06-17 09:45:52,1121.8,3177050
2021-06-17 09:45:54,1121.3,3182357
2021-06-17 09:45:54,1121.5,3182513
2021-06-17 09:45:56,1121.7,3182661
2021-06-17 09:45:56,1121.7,3182661
2021-06-17 09:45:57,1121.65,3182724
2021-06-17 09:45:58,1121.7,3182885
2021-06-17 09:45:59,1121.5,3183946
2021-06-17 09:46:00,1121.8,3184217
2021-06-17 09:46:01,1121.75,3187692
2021-06-17 09:46:02,1121.35,3188172
2021-06-17 09:46:04,1121.25,3188743
2021-06-17 09:46:05,1121.35,3189417
2021-06-17 09:46:06,1121.35,3189626
2021-06-17 09:46:07,1121.45,3190353
2021-06-17 09:46:08,1121.45,3190353
2021-06-17 09:46:08,1121.45,3190353
2021-06-17 09:46:09,1121.3,3190897
2021-06-17 09:46:10,1121.3,3190954
2021-06-17 09:46:11,1121.45,3190983
2021-06-17 09:46:12,1122.05,3194234
2021-06-17 09:46:13,1122.4,3194439
2021-06-17 09:46:15,1121.85,3194504
2021-06-17 09:46:16,1122.3,3194632
2021-06-17 09:46:17,1121.85,3194653
2021-06-17 09:46:18,1122.2,3194748
2021-06-17 09:46:20,1122.05,3195942
2021-06-17 09:46:21,1121.6,3196067
2021-06-17 09:46:21,1121.6,3196067
2021-06-17 09:46:22,1122.0,3196097
2021-06-17 09:46:23,1122.0,3196097
2021-06-17 09:46:24,1121.8,3196212
2021-06-17 09:46:25,1121.95,3196268
2021-06-17 09:46:26,1122.0,3196328
2021-06-17 09:46:27,1122.0,3196342
2021-06-17 09:46:29,1121.85,3197192
2021-06-17 09:46:30,1122.0,3202211
2021-06-17 09:46:31,1122.0,3202605
2021-06-17 09:46:32,1122.5,3202669
2021-06-17 09:46:33,1122.0,3202731
2021-06-17 09:46:33,1122.0,3202731
2021-06-17 09:46:34,1122.0,3202763
2021-06-17 09:46:36,1122.0,3203159
2021-06-17 09:46:38,1121.65,3205933
2021-06-17 09:46:40,1121.45,3206054
2021-06-17 09:46:41,1121.95,3206101
2021-06-17 09:46:41,1121.5,3206091
2021-06-17 09:46:42,1121.95,3207630
2021-06-17 09:46:44,1121.95,3207677
2021-06-17 09:46:45,1121.95,3207778
2021-06-17 09:46:46,1122.0,3207849
2021-06-17 09:46:47,1122.0,3208062
2021-06-17 09:46:48,1122.0,3208214
2021-06-17 09:46:50,1121.95,3208341
2021-06-17 09:46:52,1121.65,3208903
2021-06-17 09:46:53,1121.6,3209215
2021-06-17 09:46:54,1121.6,3209353
2021-06-17 09:46:55,1121.6,3209481
2021-06-17 09:46:56,1122.0,3209520
2021-06-17 09:46:59,1121.6,3210604
2021-06-17 09:47:00,1121.95,3210675
2021-06-17 09:47:01,1122.0,3211593
2021-06-17 09:47:01,1122.0,3211593
2021-06-17 09:47:03,1122.2,3212065
2021-06-17 09:47:04,1122.3,3212070
2021-06-17 09:47:05,1121.95,3212986
2021-06-17 09:47:06,1122.1,3213036
2021-06-17 09:47:08,1122.05,3213190
2021-06-17 09:47:09,1122.1,3213382
2021-06-17 09:47:09,1122.0,3213390
2021-06-17 09:47:10,1122.0,3214442
2021-06-17 09:47:11,1122.0,3214503
2021-06-17 09:47:12,1121.6,3214515
2021-06-17 09:47:13,1122.05,3214641
2021-06-17 09:47:14,1121.65,3214954
2021-06-17 09:47:15,1121.8,3215182
2021-06-17 09:47:16,1121.7,3215269
2021-06-17 09:47:18,1121.5,3217251
2021-06-17 09:47:19,1121.95,3217376
2021-06-17 09:47:20,1122.0,3217498
2021-06-17 09:47:21,1122.0,3217498
2021-06-17 09:47:23,1121.6,3217716
2021-06-17 09:47:24,1121.6,3217716
2021-06-17 09:47:25,1121.65,3218920
2021-06-17 09:47:26,1121.65,3219348
2021-06-17 09:47:27,1121.55,3220346
2021-06-17 09:47:28,1121.6,3220361
2021-06-17 09:47:29,1121.8,3220371
2021-06-17 09:47:30,1121.95,3220473
2021-06-17 09:47:31,1121.95,3220673
2021-06-17 09:47:34,1121.65,3221361
2021-06-17 09:47:35,1121.6,3222123
2021-06-17 09:47:38,1121.85,3222668
2021-06-17 09:47:39,1121.75,3222689
2021-06-17 09:47:39,1121.75,3222699
2021-06-17 09:47:40,1121.6,3226949
2021-06-17 09:47:43,1121.3,3227630
2021-06-17 09:47:44,1121.3,3227644
2021-06-17 09:47:45,1120.95,3242824
2021-06-17 09:47:46,1120.9,3242863
2021-06-17 09:47:48,1120.6,3243330
2021-06-17 09:47:49,1120.45,3244487
2021-06-17 09:47:50,1120.85,3244637
2021-06-17 09:47:51,1120.85,3244890
2021-06-17 09:47:52,1120.3,3246312
2021-06-17 09:47:54,1120.25,3246904
2021-06-17 09:47:55,1120.3,3247023
2021-06-17 09:47:56,1120.75,3247071
2021-06-17 09:47:56,1120.3,3247170
2021-06-17 09:47:57,1120.3,3247626
2021-06-17 09:47:58,1120.75,3247904
2021-06-17 09:47:59,1120.75,3248188
2021-06-17 09:48:00,1120.35,3248403
2021-06-17 09:48:01,1120.35,3248409
2021-06-17 09:48:02,1120.3,3248734
2021-06-17 09:48:03,1120.7,3248753
2021-06-17 09:48:04,1120.75,3248883
2021-06-17 09:48:05,1120.3,3249030
2021-06-17 09:48:08,1120.35,3249663
2021-06-17 09:48:09,1120.3,3250914
2021-06-17 09:48:10,1120.2,3250964
2021-06-17 09:48:12,1120.4,3251099
2021-06-17 09:48:14,1120.7,3251657
2021-06-17 09:48:15,1120.7,3251677
2021-06-17 09:48:16,1120.85,3251978
2021-06-17 09:48:17,1120.3,3252186
2021-06-17 09:48:18,1120.75,3252292
2021-06-17 09:48:19,1120.75,3252322
2021-06-17 09:48:20,1120.3,3252459
2021-06-17 09:48:22,1120.95,3253438
2021-06-17 09:48:23,1120.4,3254843
2021-06-17 09:48:23,1120.45,3254789
2021-06-17 09:48:24,1120.95,3254898
2021-06-17 09:48:25,1120.5,3255068
2021-06-17 09:48:26,1120.85,3255573
2021-06-17 09:48:27,1120.35,3256143
2021-06-17 09:48:29,1120.7,3256153
2021-06-17 09:48:30,1120.95,3256755
2021-06-17 09:48:31,1120.45,3257935
2021-06-17 09:48:33,1120.95,3258359
2021-06-17 09:48:34,1120.4,3258859
2021-06-17 09:48:34,1120.5,3259362
2021-06-17 09:48:35,1120.8,3261824
2021-06-17 09:48:36,1120.95,3261884
2021-06-17 09:48:38,1120.95,3262036
2021-06-17 09:48:39,1121.2,3262120
2021-06-17 09:48:40,1121.3,3262360
2021-06-17 09:48:41,1121.25,3262520
2021-06-17 09:48:41,1120.9,3262528
2021-06-17 09:48:43,1121.3,3262789
2021-06-17 09:48:44,1121.0,3262859
2021-06-17 09:48:45,1121.05,3262870
2021-06-17 09:48:46,1121.3,3262916
2021-06-17 09:48:47,1121.3,3262918
2021-06-17 09:48:48,1121.05,3263144
2021-06-17 09:48:49,1120.9,3264143
2021-06-17 09:48:49,1120.9,3264143
2021-06-17 09:48:50,1121.15,3264198
2021-06-17 09:48:51,1121.0,3265126
2021-06-17 09:48:52,1121.0,3265269
2021-06-17 09:48:53,1121.0,3265419
2021-06-17 09:48:54,1120.9,3265518
2021-06-17 09:48:56,1120.9,3266657
2021-06-17 09:48:57,1121.25,3266775
2021-06-17 09:48:58,1121.0,3266806
2021-06-17 09:48:59,1120.8,3267103
2021-06-17 09:48:59,1120.8,3267103
2021-06-17 09:49:00,1120.95,3267296
2021-06-17 09:49:01,1120.95,3267915
2021-06-17 09:49:02,1120.95,3268003
2021-06-17 09:49:03,1120.8,3268263
2021-06-17 09:49:05,1120.5,3269266
2021-06-17 09:49:07,1121.0,3269563
2021-06-17 09:49:08,1120.4,3270042
2021-06-17 09:49:09,1120.9,3270094
2021-06-17 09:49:10,1120.9,3270221
2021-06-17 09:49:11,1120.9,3270224
2021-06-17 09:49:12,1121.15,3271981
2021-06-17 09:49:13,1121.15,3272184
2021-06-17 09:49:14,1120.55,3272204
2021-06-17 09:49:14,1120.9,3272205
2021-06-17 09:49:15,1120.9,3272205
2021-06-17 09:49:16,1120.8,3272357
2021-06-17 09:49:17,1120.55,3272378
2021-06-17 09:49:18,1120.8,3272432
2021-06-17 09:49:19,1120.9,3272602
2021-06-17 09:49:20,1120.9,3272602
2021-06-17 09:49:21,1120.9,3272998
2021-06-17 09:49:23,1120.9,3273367
2021-06-17 09:49:24,1121.15,3274387
2021-06-17 09:49:25,1121.15,3274396
2021-06-17 09:49:26,1120.8,3274628
2021-06-17 09:49:27,1121.0,3274869
2021-06-17 09:49:27,1121.0,3274869
2021-06-17 09:49:28,1121.3,3275476
2021-06-17 09:49:29,1120.9,3275557
2021-06-17 09:49:32,1120.9,3275856
2021-06-17 09:49:33,1121.0,3275860
2021-06-17 09:49:34,1120.9,3275982
2021-06-17 09:49:35,1121.1,3276251
2021-06-17 09:49:35,1121.15,3276360
2021-06-17 09:49:36,1120.9,3276473
2021-06-17 09:49:38,1121.2,3276503
2021-06-17 09:49:39,1121.0,3276528
2021-06-17 09:49:40,1121.0,3276794
2021-06-17 09:49:41,1120.95,3281485
2021-06-17 09:49:41,1120.95,3281485
2021-06-17 09:49:43,1120.9,3281876
2021-06-17 09:49:44,1121.0,3281926
2021-06-17 09:49:45,1121.0,3281949
2021-06-17 09:49:46,1120.7,3282398
2021-06-17 09:49:48,1121.0,3282497
2021-06-17 09:49:49,1120.6,3282722
2021-06-17 09:49:50,1120.55,3287827
2021-06-17 09:49:51,1120.5,3288727
2021-06-17 09:49:52,1120.45,3289797
2021-06-17 09:49:53,1120.95,3289858
2021-06-17 09:49:54,1120.55,3290796
2021-06-17 09:49:55,1120.55,3290896
2021-06-17 09:49:56,1120.6,3290988
2021-06-17 09:49:57,1120.95,3291318
2021-06-17 09:49:58,1120.95,3291554
2021-06-17 09:49:59,1120.9,3291556
2021-06-17 09:50:00,1120.6,3292157
2021-06-17 09:50:01,1121.0,3292854
2021-06-17 09:50:03,1120.75,3292954
2021-06-17 09:50:04,1121.0,3293005
2021-06-17 09:50:05,1121.0,3293009
2021-06-17 09:50:06,1120.6,3293299
2021-06-17 09:50:07,1120.65,3293635
2021-06-17 09:50:08,1120.8,3293861
2021-06-17 09:50:09,1120.65,3294280
2021-06-17 09:50:10,1120.6,3294462
2021-06-17 09:50:10,1120.6,3294462
2021-06-17 09:50:12,1120.8,3296035
2021-06-17 09:50:14,1120.9,3296085
2021-06-17 09:50:15,1120.85,3296115
2021-06-17 09:50:16,1120.85,3296143
2021-06-17 09:50:17,1120.85,3296144
2021-06-17 09:50:18,1121.0,3296297
2021-06-17 09:50:19,1121.0,3296427
2021-06-17 09:50:20,1120.85,3296895
2021-06-17 09:50:20,1120.85,3296895
2021-06-17 09:50:22,1121.0,3297045
2021-06-17 09:50:23,1121.0,3297249
2021-06-17 09:50:24,1121.0,3297353
2021-06-17 09:50:25,1120.85,3297446
2021-06-17 09:50:26,1120.75,3297555
2021-06-17 09:50:27,1120.7,3297738
2021-06-17 09:50:28,1120.7,3297793
2021-06-17 09:50:29,1120.85,3298034
2021-06-17 09:50:30,1121.0,3298420
2021-06-17 09:50:31,1121.0,3298459
2021-06-17 09:50:32,1120.85,3298617
2021-06-17 09:50:33,1120.75,3298663
2021-06-17 09:50:34,1121.0,3298894
2021-06-17 09:50:35,1120.7,3298990
2021-06-17 09:50:35,1121.0,3298960
2021-06-17 09:50:36,1120.7,3299230
2021-06-17 09:50:38,1120.7,3299372
2021-06-17 09:50:39,1120.55,3300232
2021-06-17 09:50:40,1121.0,3300861
2021-06-17 09:50:41,1120.95,3300935
2021-06-17 09:50:42,1120.55,3301438
2021-06-17 09:50:43,1120.95,3301721
2021-06-17 09:50:44,1120.95,3301721
2021-06-17 09:50:46,1120.7,3302276
2021-06-17 09:50:47,1120.7,3302307
2021-06-17 09:50:48,1121.0,3302534
2021-06-17 09:50:49,1121.0,3302534
2021-06-17 09:50:50,1120.55,3302588
2021-06-17 09:50:51,1120.55,3302707
2021-06-17 09:50:52,1120.7,3302745
2021-06-17 09:50:53,1120.85,3303742
2021-06-17 09:50:54,1120.5,3305325
2021-06-17 09:50:55,1120.95,3305348
2021-06-17 09:50:55,1120.95,3305348
2021-06-17 09:50:56,1120.55,3305548
2021-06-17 09:50:58,1120.95,3305704
2021-06-17 09:50:59,1120.55,3305773
2021-06-17 09:51:00,1120.55,3305861
2021-06-17 09:51:01,1120.9,3306012
2021-06-17 09:51:02,1120.9,3306067
2021-06-17 09:51:03,1120.7,3306274
2021-06-17 09:51:04,1120.9,3306304
2021-06-17 09:51:05,1120.95,3306390
2021-06-17 09:51:06,1120.9,3307050
2021-06-17 09:51:07,1120.95,3307082
2021-06-17 09:51:08,1120.95,3307389
2021-06-17 09:51:09,1120.7,3307602
2021-06-17 09:51:10,1120.9,3307643
2021-06-17 09:51:10,1120.9,3307643
2021-06-17 09:51:12,1120.9,3308054
2021-06-17 09:51:13,1120.6,3308174
2021-06-17 09:51:14,1120.7,3308256
2021-06-17 09:51:16,1120.7,3308753
2021-06-17 09:51:18,1120.7,3309373
2021-06-17 09:51:19,1120.7,3309546
2021-06-17 09:51:20,1120.7,3309546
2021-06-17 09:51:21,1120.9,3309618
2021-06-17 09:51:22,1120.9,3309741
2021-06-17 09:51:23,1120.6,3310114
2021-06-17 09:51:25,1120.9,3311621
2021-06-17 09:51:26,1120.6,3311746
2021-06-17 09:51:27,1120.6,3311843
2021-06-17 09:51:28,1120.65,3311904
2021-06-17 09:51:29,1120.65,3312006
2021-06-17 09:51:30,1120.9,3312127
2021-06-17 09:51:30,1120.9,3312232
2021-06-17 09:51:33,1120.6,3312731
2021-06-17 09:51:34,1120.6,3312756
2021-06-17 09:51:35,1120.55,3312881
2021-06-17 09:51:36,1120.55,3313568
2021-06-17 09:51:37,1120.6,3313679
2021-06-17 09:51:38,1120.5,3315012
2021-06-17 09:51:38,1120.5,3315012
2021-06-17 09:51:40,1120.55,3315139
2021-06-17 09:51:41,1120.55,3315230
2021-06-17 09:51:42,1120.55,3315287
2021-06-17 09:51:43,1120.55,3315437
2021-06-17 09:51:44,1120.55,3315621
2021-06-17 09:51:45,1120.6,3315965
2021-06-17 09:51:46,1120.65,3317050
2021-06-17 09:51:46,1120.7,3317065
2021-06-17 09:51:47,1120.9,3317519
2021-06-17 09:51:49,1120.7,3317629
2021-06-17 09:51:50,1120.9,3317639
2021-06-17 09:51:51,1121.15,3322615
2021-06-17 09:51:52,1121.35,3323549
2021-06-17 09:51:53,1121.4,3323635
2021-06-17 09:51:54,1121.4,3323915
2021-06-17 09:51:55,1121.1,3324728
2021-06-17 09:51:55,1121.5,3324428
2021-06-17 09:51:56,1121.5,3324886
2021-06-17 09:51:58,1121.45,3325365
2021-06-17 09:52:00,1121.9,3325629
2021-06-17 09:52:01,1122.8,3344497
2021-06-17 09:52:02,1122.95,3344877
2021-06-17 09:52:03,1123.1,3344981
2021-06-17 09:52:04,1123.45,3345228
2021-06-17 09:52:05,1123.45,3345278
2021-06-17 09:52:06,1123.45,3345955
2021-06-17 09:52:07,1123.45,3348810
2021-06-17 09:52:08,1123.25,3348894
2021-06-17 09:52:09,1123.2,3349197
2021-06-17 09:52:11,1123.65,3355802
2021-06-17 09:52:12,1123.6,3355830
2021-06-17 09:52:13,1123.8,3357233
2021-06-17 09:52:13,1123.8,3356663
2021-06-17 09:52:14,1123.9,3358073
2021-06-17 09:52:15,1123.9,3358238
2021-06-17 09:52:16,1125.6,3407344
2021-06-17 09:52:17,1125.75,3409959
2021-06-17 09:52:19,1125.75,3411031
2021-06-17 09:52:20,1125.85,3413128
2021-06-17 09:52:21,1125.95,3417240
2021-06-17 09:52:22,1125.45,3419415
2021-06-17 09:52:23,1125.75,3420511
2021-06-17 09:52:24,1125.8,3421616
2021-06-17 09:52:25,1125.15,3425753
2021-06-17 09:52:26,1124.75,3426104
2021-06-17 09:52:27,1124.8,3427023
2021-06-17 09:52:28,1124.85,3429007
2021-06-17 09:52:30,1124.85,3430184
2021-06-17 09:52:31,1125.15,3430369
2021-06-17 09:52:32,1125.0,3430758
2021-06-17 09:52:33,1125.0,3431669
2021-06-17 09:52:34,1125.05,3432131
2021-06-17 09:52:35,1125.0,3432647
2021-06-17 09:52:36,1124.85,3433187
2021-06-17 09:52:37,1124.95,3433497
2021-06-17 09:52:38,1125.0,3434778
2021-06-17 09:52:39,1125.3,3435258
2021-06-17 09:52:40,1124.7,3436412
2021-06-17 09:52:41,1124.9,3437067
2021-06-17 09:52:42,1124.25,3437999
2021-06-17 09:52:43,1124.65,3438020
2021-06-17 09:52:44,1124.7,3438335
2021-06-17 09:52:45,1124.6,3438889
2021-06-17 09:52:46,1124.25,3439221
2021-06-17 09:52:48,1124.7,3440062
2021-06-17 09:52:49,1124.25,3440082
2021-06-17 09:52:51,1124.25,3440547
2021-06-17 09:52:52,1124.25,3440547
2021-06-17 09:52:53,1124.3,3440859
2021-06-17 09:52:54,1124.25,3441294
2021-06-17 09:52:56,1124.25,3441865
2021-06-17 09:52:55,1124.5,3441815
2021-06-17 09:52:57,1124.5,3441890
2021-06-17 09:52:58,1124.3,3442001
2021-06-17 09:52:59,1124.25,3443829
2021-06-17 09:53:00,1124.2,3445187
2021-06-17 09:53:01,1124.2,3446217
2021-06-17 09:53:02,1123.65,3447870
2021-06-17 09:53:03,1123.5,3447977
2021-06-17 09:53:04,1123.95,3447980
2021-06-17 09:53:05,1123.5,3448360
2021-06-17 09:53:06,1123.95,3448415
2021-06-17 09:53:07,1123.45,3448523
2021-06-17 09:53:08,1123.85,3448583
2021-06-17 09:53:09,1123.7,3448689
2021-06-17 09:53:10,1123.45,3448840
2021-06-17 09:53:11,1123.7,3449020
2021-06-17 09:53:12,1123.7,3449020
2021-06-17 09:53:13,1123.7,3450378
2021-06-17 09:53:14,1123.5,3450739
2021-06-17 09:53:15,1123.45,3451443
2021-06-17 09:53:16,1123.35,3451893
2021-06-17 09:53:17,1123.35,3451963
2021-06-17 09:53:18,1123.45,3452104
2021-06-17 09:53:19,1123.8,3452555
2021-06-17 09:53:20,1124.0,3452568
2021-06-17 09:53:22,1123.9,3453127
2021-06-17 09:53:23,1123.85,3453149
2021-06-17 09:53:24,1124.0,3453846
2021-06-17 09:53:25,1123.6,3454003
2021-06-17 09:53:26,1124.0,3454530
2021-06-17 09:53:27,1123.65,3454628
2021-06-17 09:53:28,1124.0,3455288
2021-06-17 09:53:29,1124.0,3455288
2021-06-17 09:53:30,1124.0,3455292
2021-06-17 09:53:31,1123.85,3455339
2021-06-17 09:53:32,1123.65,3455484
2021-06-17 09:53:33,1124.0,3455550
2021-06-17 09:53:34,1124.0,3455641
2021-06-17 09:53:35,1124.0,3455931
2021-06-17 09:53:36,1124.0,3456097
2021-06-17 09:53:38,1124.0,3456357
2021-06-17 09:53:37,1124.0,3456357
2021-06-17 09:53:39,1123.7,3456792
2021-06-17 09:53:40,1124.0,3457015
2021-06-17 09:53:41,1124.0,3457215
2021-06-17 09:53:42,1124.0,3457272
2021-06-17 09:53:43,1123.75,3457352
2021-06-17 09:53:44,1124.0,3457820
2021-06-17 09:53:45,1124.0,3457820
2021-06-17 09:53:46,1124.0,3457820
2021-06-17 09:53:47,1124.15,3459921
2021-06-17 09:53:48,1124.4,3460134
2021-06-17 09:53:50,1124.65,3461354
2021-06-17 09:53:51,1124.45,3461440
2021-06-17 09:53:52,1124.8,3462299
2021-06-17 09:53:53,1124.6,3462301
2021-06-17 09:53:54,1124.4,3462302
2021-06-17 09:53:55,1125.0,3463615
2021-06-17 09:53:56,1124.6,3463723
2021-06-17 09:53:57,1125.0,3463876
2021-06-17 09:53:58,1124.6,3464411
2021-06-17 09:53:59,1125.0,3466193
2021-06-17 09:54:00,1125.0,3470305
2021-06-17 09:54:01,1124.75,3470444
2021-06-17 09:54:02,1124.75,3471180
2021-06-17 09:54:03,1124.95,3471812
2021-06-17 09:54:04,1125.0,3472096
2021-06-17 09:54:05,1125.0,3473184
2021-06-17 09:54:06,1124.7,3473625
2021-06-17 09:54:07,1124.95,3474740
2021-06-17 09:54:08,1124.55,3476050
2021-06-17 09:54:09,1124.6,3476617
2021-06-17 09:54:10,1124.55,3477193
2021-06-17 09:54:11,1124.55,3477214
2021-06-17 09:54:12,1124.6,3477404
2021-06-17 09:54:13,1124.85,3477500
2021-06-17 09:54:14,1124.5,3478885
2021-06-17 09:54:15,1124.95,3478889
2021-06-17 09:54:16,1124.95,3479463
2021-06-17 09:54:17,1124.95,3479568
2021-06-17 09:54:19,1124.75,3480103
2021-06-17 09:54:20,1124.95,3480429
2021-06-17 09:54:21,1124.95,3480429
2021-06-17 09:54:22,1125.0,3481518
2021-06-17 09:54:23,1124.6,3482278
2021-06-17 09:54:24,1125.0,3482771
2021-06-17 09:54:26,1125.1,3483044
2021-06-17 09:54:26,1125.25,3483374
2021-06-17 09:54:29,1125.0,3484245
2021-06-17 09:54:30,1124.8,3484568
2021-06-17 09:54:31,1125.1,3485120
2021-06-17 09:54:32,1125.1,3485271
2021-06-17 09:54:33,1124.95,3486492
2021-06-17 09:54:34,1125.3,3486911
2021-06-17 09:54:35,1125.4,3487084
2021-06-17 09:54:37,1125.7,3489482
2021-06-17 09:54:37,1125.7,3489482
2021-06-17 09:54:38,1125.65,3489918
2021-06-17 09:54:39,1125.7,3490661
2021-06-17 09:54:40,1125.35,3490988
2021-06-17 09:54:41,1125.85,3491143
2021-06-17 09:54:44,1125.85,3493577
2021-06-17 09:54:45,1125.35,3493762
2021-06-17 09:54:46,1125.7,3493791
2021-06-17 09:54:47,1125.7,3493811
2021-06-17 09:54:48,1125.55,3494088
2021-06-17 09:54:50,1125.85,3494455
2021-06-17 09:54:50,1125.55,3494450
2021-06-17 09:54:51,1125.85,3494861
2021-06-17 09:54:52,1125.7,3496055
2021-06-17 09:54:53,1125.8,3496122
2021-06-17 09:54:54,1126.0,3517237
2021-06-17 09:54:55,1125.9,3519942
2021-06-17 09:54:56,1126.5,3520376
2021-06-17 09:54:57,1126.5,3520847
2021-06-17 09:54:58,1126.1,3522644
2021-06-17 09:55:00,1126.55,3523169
2021-06-17 09:55:00,1126.55,3523249
2021-06-17 09:55:01,1126.1,3526130
2021-06-17 09:55:02,1126.3,3528974
2021-06-17 09:55:03,1126.0,3529623
2021-06-17 09:55:05,1126.0,3530066
2021-06-17 09:55:05,1126.35,3530589
2021-06-17 09:55:06,1126.35,3531030
2021-06-17 09:55:07,1126.0,3531500
2021-06-17 09:55:08,1126.0,3532407
2021-06-17 09:55:09,1126.15,3532656
2021-06-17 09:55:10,1126.0,3533386
2021-06-17 09:55:11,1126.0,3533936
2021-06-17 09:55:12,1125.8,3534877
2021-06-17 09:55:14,1126.0,3536122
2021-06-17 09:55:15,1126.0,3537097
2021-06-17 09:55:17,1125.9,3537737
2021-06-17 09:55:17,1125.9,3537737
2021-06-17 09:55:18,1125.95,3539182
2021-06-17 09:55:19,1125.45,3539974
2021-06-17 09:55:20,1125.85,3540404
2021-06-17 09:55:21,1125.95,3542370
2021-06-17 09:55:22,1125.4,3542489
2021-06-17 09:55:23,1125.9,3542610
2021-06-17 09:55:24,1125.6,3544085
2021-06-17 09:55:25,1125.6,3545231
2021-06-17 09:55:27,1125.65,3546129
2021-06-17 09:55:27,1125.65,3546130
2021-06-17 09:55:28,1125.25,3546202
2021-06-17 09:55:29,1125.65,3546315
2021-06-17 09:55:30,1125.45,3546512
2021-06-17 09:55:31,1125.3,3546946
2021-06-17 09:55:32,1125.65,3547244
2021-06-17 09:55:33,1125.65,3547400
2021-06-17 09:55:35,1125.65,3547696
2021-06-17 09:55:36,1125.25,3549939
2021-06-17 09:55:36,1125.8,3550042
2021-06-17 09:55:37,1125.6,3550184
2021-06-17 09:55:38,1125.6,3550427
2021-06-17 09:55:39,1125.65,3550728
2021-06-17 09:55:40,1125.65,3550771
2021-06-17 09:55:41,1125.65,3550902
2021-06-17 09:55:42,1125.25,3551292
2021-06-17 09:55:44,1125.65,3551595
2021-06-17 09:55:44,1125.65,3551595
2021-06-17 09:55:45,1125.05,3553086
2021-06-17 09:55:46,1125.5,3553337
2021-06-17 09:55:47,1125.5,3553607
2021-06-17 09:55:49,1125.5,3553754
2021-06-17 09:55:49,1125.0,3554500
2021-06-17 09:55:50,1125.3,3555593
2021-06-17 09:55:51,1125.0,3556298
2021-06-17 09:55:52,1125.25,3556400
2021-06-17 09:55:53,1125.0,3556441
2021-06-17 09:55:54,1125.0,3558272
2021-06-17 09:55:55,1125.0,3558299
2021-06-17 09:55:57,1124.95,3558653
2021-06-17 09:55:58,1124.9,3558859
2021-06-17 09:55:59,1125.0,3560312
2021-06-17 09:55:59,1124.6,3560322
2021-06-17 09:56:00,1124.6,3560716
2021-06-17 09:56:01,1124.6,3560816
2021-06-17 09:56:02,1124.6,3561148
2021-06-17 09:56:03,1124.5,3561290
2021-06-17 09:56:04,1124.7,3561924
2021-06-17 09:56:06,1124.45,3562520
2021-06-17 09:56:06,1124.45,3562520
2021-06-17 09:56:07,1124.85,3562923
2021-06-17 09:56:08,1124.95,3563194
2021-06-17 09:56:09,1124.7,3563428
2021-06-17 09:56:10,1124.7,3563508
2021-06-17 09:56:12,1125.0,3563834
2021-06-17 09:56:12,1125.0,3563936
2021-06-17 09:56:13,1124.6,3564617
2021-06-17 09:56:14,1124.6,3564762
2021-06-17 09:56:15,1124.7,3564769
2021-06-17 09:56:16,1125.0,3565771
2021-06-17 09:56:17,1124.7,3565878
2021-06-17 09:56:18,1124.7,3565938
2021-06-17 09:56:20,1124.7,3566138
2021-06-17 09:56:20,1124.45,3566137
2021-06-17 09:56:21,1124.5,3566697
2021-06-17 09:56:22,1124.55,3566794
2021-06-17 09:56:23,1124.45,3567125
2021-06-17 09:56:24,1124.25,3567407
2021-06-17 09:56:26,1124.25,3567533
2021-06-17 09:56:26,1124.45,3567515
2021-06-17 09:56:27,1124.25,3567603
2021-06-17 09:56:28,1124.3,3567604
2021-06-17 09:56:30,1124.4,3567788
2021-06-17 09:56:31,1124.25,3568055
2021-06-17 09:56:32,1124.25,3568055
2021-06-17 09:56:33,1124.4,3568108
2021-06-17 09:56:35,1124.25,3568508
2021-06-17 09:56:36,1124.3,3568531
2021-06-17 09:56:37,1124.3,3568562
2021-06-17 09:56:37,1124.3,3568562
2021-06-17 09:56:39,1124.25,3568623
2021-06-17 09:56:39,1124.25,3568623
2021-06-17 09:56:40,1124.4,3568738
2021-06-17 09:56:41,1124.45,3568869
2021-06-17 09:56:43,1124.5,3569018
2021-06-17 09:56:44,1124.35,3569200
2021-06-17 09:56:45,1124.35,3569222
2021-06-17 09:56:45,1125.0,3569654
2021-06-17 09:56:46,1125.0,3569719
2021-06-17 09:56:47,1125.0,3569895
2021-06-17 09:56:48,1124.9,3571413
2021-06-17 09:56:49,1124.85,3571414
2021-06-17 09:56:50,1124.85,3571777
2021-06-17 09:56:52,1125.0,3572501
2021-06-17 09:56:53,1125.0,3572601
2021-06-17 09:56:54,1124.8,3573379
2021-06-17 09:56:54,1124.75,3573496
2021-06-17 09:56:55,1125.5,3574531
2021-06-17 09:56:56,1125.5,3574836
2021-06-17 09:56:57,1126.0,3576734
2021-06-17 09:56:58,1126.0,3577234
2021-06-17 09:57:00,1126.0,3585415
2021-06-17 09:57:01,1126.0,3586670
2021-06-17 09:57:02,1125.85,3587078
2021-06-17 09:57:03,1125.85,3587108
2021-06-17 09:57:04,1125.6,3588906
2021-06-17 09:57:05,1125.95,3588925
2021-06-17 09:57:05,1125.95,3588946
2021-06-17 09:57:07,1125.85,3588983
2021-06-17 09:57:08,1125.75,3589550
2021-06-17 09:57:09,1125.6,3589552
2021-06-17 09:57:10,1125.5,3589589
2021-06-17 09:57:11,1125.85,3590204
2021-06-17 09:57:11,1125.85,3590116
2021-06-17 09:57:12,1125.6,3590339
2021-06-17 09:57:13,1125.9,3591223
2021-06-17 09:57:15,1125.85,3591645
2021-06-17 09:57:16,1125.35,3591657
2021-06-17 09:57:16,1125.35,3591657
2021-06-17 09:57:18,1125.6,3591825
2021-06-17 09:57:20,1125.35,3591968
2021-06-17 09:57:21,1125.4,3591973
2021-06-17 09:57:22,1125.4,3592004
2021-06-17 09:57:23,1125.05,3592449
2021-06-17 09:57:23,1125.05,3592449
2021-06-17 09:57:24,1125.45,3592544
2021-06-17 09:57:26,1125.9,3594867
2021-06-17 09:57:26,1125.9,3597047
2021-06-17 09:57:27,1125.9,3597569
2021-06-17 09:57:28,1125.95,3597980
2021-06-17 09:57:29,1125.95,3601255
2021-06-17 09:57:30,1125.8,3601358
2021-06-17 09:57:32,1125.8,3601513
2021-06-17 09:57:33,1125.9,3601527
2021-06-17 09:57:33,1125.75,3601533
2021-06-17 09:57:34,1125.95,3601897
2021-06-17 09:57:35,1125.95,3602917
2021-06-17 09:57:36,1125.95,3603539
2021-06-17 09:57:38,1125.85,3604577
2021-06-17 09:57:39,1125.9,3604664
2021-06-17 09:57:40,1125.9,3604921
2021-06-17 09:57:40,1125.9,3604931
2021-06-17 09:57:41,1125.85,3605195
2021-06-17 09:57:42,1125.9,3605927
2021-06-17 09:57:43,1125.85,3605931
2021-06-17 09:57:44,1125.95,3605997
2021-06-17 09:57:46,1125.8,3607025
2021-06-17 09:57:47,1125.95,3607237
2021-06-17 09:57:48,1125.6,3607753
2021-06-17 09:57:49,1125.95,3608528
2021-06-17 09:57:49,1125.95,3608528
2021-06-17 09:57:50,1125.95,3608596
2021-06-17 09:57:51,1125.65,3608616
2021-06-17 09:57:52,1125.95,3608834
2021-06-17 09:57:53,1125.95,3609023
2021-06-17 09:57:54,1125.65,3609276
2021-06-17 09:57:55,1125.75,3609430
2021-06-17 09:57:56,1125.9,3609659
2021-06-17 09:57:58,1125.75,3609667
2021-06-17 09:57:59,1125.65,3609727
2021-06-17 09:58:00,1125.9,3610811
2021-06-17 09:58:01,1125.75,3610816
2021-06-17 09:58:02,1125.6,3611045
2021-06-17 09:58:03,1125.35,3613761
2021-06-17 09:58:04,1125.25,3613773
2021-06-17 09:58:05,1125.4,3614003
2021-06-17 09:58:06,1125.4,3614010
2021-06-17 09:58:08,1125.65,3615274
2021-06-17 09:58:09,1125.6,3615314
2021-06-17 09:58:11,1125.6,3615550
2021-06-17 09:58:12,1125.65,3615753
2021-06-17 09:58:12,1125.25,3616023
2021-06-17 09:58:13,1125.25,3616170
2021-06-17 09:58:14,1125.25,3616325
2021-06-17 09:58:15,1125.5,3617284
2021-06-17 09:58:16,1125.25,3617410
2021-06-17 09:58:17,1125.45,3617429
2021-06-17 09:58:19,1125.25,3617574
2021-06-17 09:58:20,1125.5,3618663
2021-06-17 09:58:21,1124.9,3621876
2021-06-17 09:58:22,1124.9,3621876
2021-06-17 09:58:23,1124.55,3622051
2021-06-17 09:58:24,1124.9,3622261
2021-06-17 09:58:26,1124.9,3622366
2021-06-17 09:58:27,1124.5,3622635
2021-06-17 09:58:28,1124.85,3622909
2021-06-17 09:58:28,1124.85,3622907
2021-06-17 09:58:29,1124.7,3623262
2021-06-17 09:58:30,1124.8,3623432
2021-06-17 09:58:31,1124.8,3623482
2021-06-17 09:58:33,1124.7,3623537
2021-06-17 09:58:34,1124.7,3623592
2021-06-17 09:58:34,1124.7,3623537
2021-06-17 09:58:36,1124.4,3626506
2021-06-17 09:58:36,1125.05,3626505
2021-06-17 09:58:37,1125.0,3626575
2021-06-17 09:58:38,1124.95,3626581
2021-06-17 09:58:40,1125.05,3626884
2021-06-17 09:58:41,1125.45,3627562
2021-06-17 09:58:42,1125.1,3627672
2021-06-17 09:58:43,1125.45,3627758
2021-06-17 09:58:45,1125.4,3627907
2021-06-17 09:58:45,1125.4,3627907
2021-06-17 09:58:46,1125.0,3627930
2021-06-17 09:58:48,1125.45,3628336
2021-06-17 09:58:49,1125.45,3628647
2021-06-17 09:58:51,1125.05,3629132
2021-06-17 09:58:51,1125.45,3629133
2021-06-17 09:58:52,1125.05,3629156
2021-06-17 09:58:54,1125.05,3629261
2021-06-17 09:58:55,1125.05,3629395
2021-06-17 09:58:56,1125.45,3629440
2021-06-17 09:58:57,1125.45,3629449
2021-06-17 09:58:58,1125.45,3629505
2021-06-17 09:58:58,1125.45,3629505
2021-06-17 09:58:59,1125.5,3629661
2021-06-17 09:59:00,1125.5,3629777
2021-06-17 09:59:01,1125.45,3629788
2021-06-17 09:59:03,1125.5,3631431
2021-06-17 09:59:04,1125.5,3631533
2021-06-17 09:59:05,1125.5,3631638
2021-06-17 09:59:06,1125.55,3631707
2021-06-17 09:59:06,1125.55,3631707
2021-06-17 09:59:09,1125.5,3633008
2021-06-17 09:59:10,1125.5,3633100
2021-06-17 09:59:11,1125.55,3633223
2021-06-17 09:59:12,1125.85,3633704
2021-06-17 09:59:12,1125.85,3633704
2021-06-17 09:59:13,1125.6,3634131
2021-06-17 09:59:15,1125.9,3634284
2021-06-17 09:59:16,1125.5,3634411
2021-06-17 09:59:17,1125.6,3634517
2021-06-17 09:59:18,1125.45,3635729
2021-06-17 09:59:19,1125.4,3635915
2021-06-17 09:59:20,1125.35,3635916
2021-06-17 09:59:21,1125.35,3636217
2021-06-17 09:59:22,1125.35,3636322
2021-06-17 09:59:23,1125.0,3636377
2021-06-17 09:59:24,1125.3,3636917
2021-06-17 09:59:25,1125.35,3637070
2021-06-17 09:59:27,1125.35,3637158
2021-06-17 09:59:28,1125.0,3637178
2021-06-17 09:59:29,1125.2,3637336
2021-06-17 09:59:30,1125.2,3637336
2021-06-17 09:59:30,1125.2,3637336
2021-06-17 09:59:31,1125.2,3638020
2021-06-17 09:59:32,1125.0,3638078
2021-06-17 09:59:33,1125.1,3638088
2021-06-17 09:59:34,1125.2,3638198
2021-06-17 09:59:35,1125.2,3638330
2021-06-17 09:59:36,1125.0,3638506
2021-06-17 09:59:37,1125.2,3638578
2021-06-17 09:59:39,1125.0,3638635
2021-06-17 09:59:40,1125.2,3638669
2021-06-17 09:59:42,1125.0,3639822
2021-06-17 09:59:43,1124.85,3641980
2021-06-17 09:59:44,1125.05,3642179
2021-06-17 09:59:44,1125.05,3642179
2021-06-17 09:59:45,1125.1,3642206
2021-06-17 09:59:46,1124.85,3642268
2021-06-17 09:59:47,1124.95,3642670
2021-06-17 09:59:48,1124.8,3643003
2021-06-17 09:59:50,1124.75,3643068
2021-06-17 09:59:51,1124.85,3643207
2021-06-17 09:59:52,1124.95,3643318
2021-06-17 09:59:53,1124.85,3643488
2021-06-17 09:59:55,1124.95,3643719
2021-06-17 09:59:56,1124.75,3643755
2021-06-17 09:59:56,1124.75,3643755
2021-06-17 09:59:57,1125.0,3643988
2021-06-17 09:59:59,1125.05,3644685
2021-06-17 10:00:01,1125.0,3645289
2021-06-17 10:00:03,1125.0,3645506
2021-06-17 10:00:04,1125.0,3645531
2021-06-17 10:00:04,1125.0,3645531
2021-06-17 10:00:05,1125.05,3645605
2021-06-17 10:00:07,1125.1,3645704
2021-06-17 10:00:08,1125.05,3646143
2021-06-17 10:00:09,1125.1,3646293
2021-06-17 10:00:09,1125.1,3646293
2021-06-17 10:00:10,1125.0,3646992
2021-06-17 10:00:11,1125.0,3647091
2021-06-17 10:00:12,1125.05,3647660
2021-06-17 10:00:14,1125.1,3647661
2021-06-17 10:00:14,1125.1,3647661
2021-06-17 10:00:15,1125.1,3647669
2021-06-17 10:00:16,1125.05,3647935
2021-06-17 10:00:17,1125.05,3648256
2021-06-17 10:00:19,1125.15,3648396
2021-06-17 10:00:20,1125.1,3648518
2021-06-17 10:00:21,1125.15,3648780
2021-06-17 10:00:22,1125.1,3648802
2021-06-17 10:00:23,1125.1,3649040
2021-06-17 10:00:23,1125.1,3649040
2021-06-17 10:00:24,1125.1,3649170
2021-06-17 10:00:25,1125.5,3650455
2021-06-17 10:00:26,1125.2,3651227
2021-06-17 10:00:28,1125.2,3651482
2021-06-17 10:00:29,1125.5,3651502
2021-06-17 10:00:30,1125.1,3651541
2021-06-17 10:00:30,1125.1,3651541
2021-06-17 10:00:31,1125.15,3651542
2021-06-17 10:00:33,1125.2,3651639
2021-06-17 10:00:35,1125.2,3652532
2021-06-17 10:00:38,1125.1,3652786
2021-06-17 10:00:39,1125.1,3652799
2021-06-17 10:00:39,1125.1,3652799
2021-06-17 10:00:42,1125.4,3653321
2021-06-17 10:00:43,1125.35,3654934
2021-06-17 10:00:44,1125.2,3655071
2021-06-17 10:00:46,1125.35,3655272
2021-06-17 10:00:47,1125.1,3655396
2021-06-17 10:00:47,1125.4,3655436
2021-06-17 10:00:49,1125.35,3655437
2021-06-17 10:00:50,1125.35,3655612
2021-06-17 10:00:51,1125.4,3656135
2021-06-17 10:00:52,1125.35,3656503
2021-06-17 10:00:53,1125.4,3656759
2021-06-17 10:00:53,1125.4,3656759
2021-06-17 10:00:54,1125.5,3657606
2021-06-17 10:00:56,1125.5,3657620
2021-06-17 10:00:57,1125.4,3657716
2021-06-17 10:00:58,1125.45,3657826
2021-06-17 10:00:59,1125.45,3657867
2021-06-17 10:01:00,1125.5,3658107
2021-06-17 10:01:01,1125.4,3658245
2021-06-17 10:01:02,1125.4,3658250
2021-06-17 10:01:03,1125.25,3658542
2021-06-17 10:01:04,1125.25,3658570
2021-06-17 10:01:04,1125.25,3658570
2021-06-17 10:01:05,1125.25,3658742
2021-06-17 10:01:07,1125.5,3659079
2021-06-17 10:01:08,1125.2,3659122
2021-06-17 10:01:09,1125.5,3659149
2021-06-17 10:01:10,1125.2,3659249
2021-06-17 10:01:11,1125.4,3659659
2021-06-17 10:01:12,1125.25,3661554
2021-06-17 10:01:13,1125.3,3661675
2021-06-17 10:01:14,1125.4,3661831
2021-06-17 10:01:15,1125.5,3662026
2021-06-17 10:01:15,1125.5,3662026
2021-06-17 10:01:16,1125.3,3662147
2021-06-17 10:01:17,1125.75,3662489
2021-06-17 10:01:19,1125.35,3662498
2021-06-17 10:01:20,1125.75,3662621
2021-06-17 10:01:21,1125.45,3662622
2021-06-17 10:01:22,1125.75,3662632
2021-06-17 10:01:23,1125.5,3662847
2021-06-17 10:01:24,1125.8,3663003
2021-06-17 10:01:25,1125.8,3663037
2021-06-17 10:01:26,1125.8,3663090
2021-06-17 10:01:27,1126.65,3696978
2021-06-17 10:01:28,1126.7,3697650
2021-06-17 10:01:29,1126.25,3698597
2021-06-17 10:01:30,1126.4,3703944
2021-06-17 10:01:31,1126.4,3704122
2021-06-17 10:01:32,1126.15,3704728
2021-06-17 10:01:33,1126.3,3705384
2021-06-17 10:01:34,1126.5,3705722
2021-06-17 10:01:34,1126.5,3705722
2021-06-17 10:01:36,1126.5,3706859
2021-06-17 10:01:37,1126.5,3707624
2021-06-17 10:01:38,1126.5,3708284
2021-06-17 10:01:39,1126.0,3710354
2021-06-17 10:01:40,1125.8,3711461
2021-06-17 10:01:42,1125.8,3712276
2021-06-17 10:01:41,1125.8,3712151
2021-06-17 10:01:43,1125.35,3713626
2021-06-17 10:01:43,1125.35,3713626
2021-06-17 10:01:44,1125.35,3713661
2021-06-17 10:01:46,1125.6,3713876
2021-06-17 10:01:47,1125.8,3714291
2021-06-17 10:01:48,1125.9,3715181
2021-06-17 10:01:49,1125.8,3715210
2021-06-17 10:01:50,1125.8,3715252
2021-06-17 10:01:51,1125.45,3715409
2021-06-17 10:01:53,1126.0,3715665
2021-06-17 10:01:54,1125.6,3715683
2021-06-17 10:01:55,1126.0,3715826
2021-06-17 10:01:55,1126.0,3715826
2021-06-17 10:01:56,1126.1,3716047
2021-06-17 10:01:58,1125.9,3716200
2021-06-17 10:01:59,1125.9,3716423
2021-06-17 10:02:00,1125.95,3716583
2021-06-17 10:02:01,1125.65,3716753
2021-06-17 10:02:02,1125.9,3717292
2021-06-17 10:02:03,1126.0,3717405
2021-06-17 10:02:03,1126.0,3717405
2021-06-17 10:02:04,1125.75,3717418
2021-06-17 10:02:06,1125.75,3717830
2021-06-17 10:02:07,1125.9,3717833
2021-06-17 10:02:08,1125.9,3717992
2021-06-17 10:02:09,1125.95,3718301
2021-06-17 10:02:10,1125.75,3718481
2021-06-17 10:02:10,1125.75,3718481
2021-06-17 10:02:12,1125.75,3718690
2021-06-17 10:02:13,1126.0,3719014
2021-06-17 10:02:14,1126.0,3719953
2021-06-17 10:02:15,1125.8,3720376
2021-06-17 10:02:15,1126.0,3720426
2021-06-17 10:02:16,1125.8,3720526
2021-06-17 10:02:17,1126.0,3721218
2021-06-17 10:02:19,1126.0,3721225
2021-06-17 10:02:20,1126.0,3721680
2021-06-17 10:02:21,1126.0,3721940
2021-06-17 10:02:22,1125.7,3722746
2021-06-17 10:02:23,1126.0,3723001
2021-06-17 10:02:24,1125.65,3723145
2021-06-17 10:02:25,1126.0,3724201
2021-06-17 10:02:27,1125.7,3724251
2021-06-17 10:02:28,1126.0,3724466
2021-06-17 10:02:29,1126.0,3724483
2021-06-17 10:02:30,1125.9,3724786
2021-06-17 10:02:31,1125.5,3728331
2021-06-17 10:02:31,1125.65,3728271
2021-06-17 10:02:33,1125.9,3728968
2021-06-17 10:02:34,1125.9,3729096
2021-06-17 10:02:35,1125.9,3729234
2021-06-17 10:02:36,1125.5,3729477
2021-06-17 10:02:37,1125.5,3729477
2021-06-17 10:02:38,1125.85,3729631
2021-06-17 10:02:39,1125.85,3729657
2021-06-17 10:02:41,1125.8,3729699
2021-06-17 10:02:42,1125.8,3729780
2021-06-17 10:02:43,1125.4,3730552
2021-06-17 10:02:44,1125.8,3730761
2021-06-17 10:02:45,1125.65,3731087
2021-06-17 10:02:46,1125.75,3731288
2021-06-17 10:02:47,1125.65,3731289
2021-06-17 10:02:49,1125.5,3731778
2021-06-17 10:02:50,1125.75,3731942
2021-06-17 10:02:51,1125.75,3731942
2021-06-17 10:02:52,1125.5,3732061
2021-06-17 10:02:53,1125.55,3732983
2021-06-17 10:02:54,1125.6,3733143
2021-06-17 10:02:55,1125.5,3733338
2021-06-17 10:02:56,1125.3,3733378
2021-06-17 10:02:59,1125.5,3734458
2021-06-17 10:02:58,1125.5,3734458
2021-06-17 10:03:01,1125.35,3734884
2021-06-17 10:03:02,1125.7,3735547
2021-06-17 10:03:03,1125.6,3736512
2021-06-17 10:03:04,1125.8,3736539
2021-06-17 10:03:05,1125.8,3736723
2021-06-17 10:03:06,1125.75,3738337
2021-06-17 10:03:07,1125.95,3738510
2021-06-17 10:03:08,1125.75,3738520
2021-06-17 10:03:10,1125.5,3740082
2021-06-17 10:03:09,1125.55,3738912
2021-06-17 10:03:11,1125.75,3740192
2021-06-17 10:03:12,1125.95,3742517
2021-06-17 10:03:13,1125.95,3742524
2021-06-17 10:03:14,1125.95,3742725
2021-06-17 10:03:15,1126.5,3745880
2021-06-17 10:03:16,1126.5,3745936
2021-06-17 10:03:17,1126.5,3746516
2021-06-17 10:03:18,1126.95,3748673
2021-06-17 10:03:19,1126.95,3748673
2021-06-17 10:03:20,1126.3,3750744
2021-06-17 10:03:21,1126.5,3750755
2021-06-17 10:03:22,1126.35,3751037
2021-06-17 10:03:23,1126.35,3751209
2021-06-17 10:03:24,1126.8,3751543
2021-06-17 10:03:25,1126.35,3751930
2021-06-17 10:03:27,1126.7,3751998
2021-06-17 10:03:26,1126.7,3751998
2021-06-17 10:03:28,1126.7,3752454
2021-06-17 10:03:29,1126.8,3752905
2021-06-17 10:03:30,1126.75,3753263
2021-06-17 10:03:32,1126.6,3754058
2021-06-17 10:03:33,1126.7,3754237
2021-06-17 10:03:34,1126.2,3754452
2021-06-17 10:03:35,1126.25,3754724
2021-06-17 10:03:36,1126.25,3754724
2021-06-17 10:03:37,1126.75,3755189
2021-06-17 10:03:38,1126.5,3755266
2021-06-17 10:03:39,1126.35,3755551
2021-06-17 10:03:40,1126.5,3755764
2021-06-17 10:03:41,1126.35,3755936
2021-06-17 10:03:42,1126.3,3756372
2021-06-17 10:03:43,1126.3,3756372
2021-06-17 10:03:44,1126.35,3756474
2021-06-17 10:03:46,1126.2,3757643
2021-06-17 10:03:47,1126.2,3757775
2021-06-17 10:03:48,1126.0,3760928
2021-06-17 10:03:49,1126.0,3761220
2021-06-17 10:03:50,1126.25,3762342
2021-06-17 10:03:51,1126.3,3762397
2021-06-17 10:03:52,1126.0,3762473
2021-06-17 10:03:53,1126.25,3762522
2021-06-17 10:03:54,1126.1,3762632
2021-06-17 10:03:55,1126.7,3763524
2021-06-17 10:03:56,1126.75,3763793
2021-06-17 10:03:57,1126.5,3763853
2021-06-17 10:03:58,1126.7,3763961
2021-06-17 10:03:59,1126.5,3764322
2021-06-17 10:04:00,1126.35,3765289
2021-06-17 10:04:01,1126.25,3765606
2021-06-17 10:04:02,1126.4,3765657
2021-06-17 10:04:03,1126.25,3766746
2021-06-17 10:04:04,1126.25,3766746
2021-06-17 10:04:05,1126.5,3766846
2021-06-17 10:04:06,1126.65,3767740
2021-06-17 10:04:07,1126.25,3767747
2021-06-17 10:04:08,1126.3,3767952
2021-06-17 10:04:09,1126.35,3768890
2021-06-17 10:04:10,1126.0,3769002
2021-06-17 10:04:11,1126.0,3769322
2021-06-17 10:04:12,1126.15,3769411
2021-06-17 10:04:13,1126.15,3769583
2021-06-17 10:04:15,1126.4,3769771
2021-06-17 10:04:14,1126.05,3769658
2021-06-17 10:04:16,1126.05,3769971
2021-06-17 10:04:18,1126.0,3770910
2021-06-17 10:04:17,1126.0,3770910
2021-06-17 10:04:19,1126.0,3771196
2021-06-17 10:04:20,1126.25,3771475
2021-06-17 10:04:21,1126.15,3772526
2021-06-17 10:04:22,1126.25,3772657
2021-06-17 10:04:23,1125.9,3772907
2021-06-17 10:04:24,1126.0,3773931
2021-06-17 10:04:25,1126.0,3773931
2021-06-17 10:04:26,1125.5,3775123
2021-06-17 10:04:27,1125.85,3775748
2021-06-17 10:04:28,1125.8,3775850
2021-06-17 10:04:29,1125.3,3775861
2021-06-17 10:04:30,1125.5,3775869
2021-06-17 10:04:31,1125.5,3775869
2021-06-17 10:04:32,1125.85,3776699
2021-06-17 10:04:33,1125.5,3776808
2021-06-17 10:04:34,1125.5,3776884
2021-06-17 10:04:35,1125.7,3777301
2021-06-17 10:04:37,1125.7,3777371
2021-06-17 10:04:36,1125.3,3777356
2021-06-17 10:04:40,1125.65,3779119
2021-06-17 10:04:41,1125.65,3779212
2021-06-17 10:04:42,1125.65,3779269
2021-06-17 10:04:43,1125.5,3779372
2021-06-17 10:04:44,1125.35,3779961
2021-06-17 10:04:45,1125.35,3779961
2021-06-17 10:04:46,1125.45,3780001
2021-06-17 10:04:47,1125.5,3780782
2021-06-17 10:04:48,1125.25,3781208
2021-06-17 10:04:49,1125.25,3781223
2021-06-17 10:04:50,1124.75,3790788
2021-06-17 10:04:51,1124.75,3791007
2021-06-17 10:04:52,1124.65,3791113
2021-06-17 10:04:54,1124.95,3791845
2021-06-17 10:04:54,1124.95,3791844
2021-06-17 10:04:57,1125.0,3793591
2021-06-17 10:04:58,1124.6,3793702
2021-06-17 10:05:00,1124.8,3794324
2021-06-17 10:05:00,1125.2,3794323
2021-06-17 10:05:01,1125.0,3794470
2021-06-17 10:05:02,1125.25,3794476
2021-06-17 10:05:03,1125.25,3794658
2021-06-17 10:05:05,1125.0,3794723
2021-06-17 10:05:05,1125.0,3794823
2021-06-17 10:05:06,1124.95,3794831
2021-06-17 10:05:07,1124.8,3795058
2021-06-17 10:05:08,1124.8,3795059
2021-06-17 10:05:09,1124.8,3795129
2021-06-17 10:05:10,1124.8,3795208
2021-06-17 10:05:12,1124.75,3795389
2021-06-17 10:05:12,1124.75,3795389
2021-06-17 10:05:13,1125.15,3795577
2021-06-17 10:05:14,1124.8,3795586
2021-06-17 10:05:15,1125.0,3795756
2021-06-17 10:05:16,1124.8,3795866
2021-06-17 10:05:18,1124.95,3796160
2021-06-17 10:05:18,1124.95,3796170
2021-06-17 10:05:19,1124.8,3796455
2021-06-17 10:05:20,1124.8,3796461
2021-06-17 10:05:21,1124.9,3797134
2021-06-17 10:05:22,1124.8,3797276
2021-06-17 10:05:23,1124.55,3799837
2021-06-17 10:05:25,1124.25,3801409
2021-06-17 10:05:25,1124.15,3801426
2021-06-17 10:05:28,1124.3,3802630
2021-06-17 10:05:29,1124.0,3807630
2021-06-17 10:05:29,1124.0,3807599
2021-06-17 10:05:31,1124.1,3808188
2021-06-17 10:05:32,1124.1,3808344
2021-06-17 10:05:33,1124.05,3809035
2021-06-17 10:05:34,1124.0,3810735
2021-06-17 10:05:35,1123.55,3812693
2021-06-17 10:05:37,1123.5,3812744
2021-06-17 10:05:37,1123.5,3813194
2021-06-17 10:05:38,1124.0,3813679
2021-06-17 10:05:39,1123.75,3814648
2021-06-17 10:05:40,1123.25,3814820
2021-06-17 10:05:41,1123.25,3814844
2021-06-17 10:05:42,1123.25,3815149
2021-06-17 10:05:43,1123.25,3815393
2021-06-17 10:05:45,1123.35,3815652
2021-06-17 10:05:45,1123.25,3815676
2021-06-17 10:05:46,1123.3,3815739
2021-06-17 10:05:47,1123.25,3815789
2021-06-17 10:05:48,1123.25,3817907
2021-06-17 10:05:49,1123.35,3818283
2021-06-17 10:05:51,1123.45,3818698
2021-06-17 10:05:51,1123.8,3818701
2021-06-17 10:05:53,1123.5,3819750
2021-06-17 10:05:53,1123.55,3819752
2021-06-17 10:05:54,1123.55,3819827
2021-06-17 10:05:55,1123.3,3820012
2021-06-17 10:05:56,1123.45,3820345
2021-06-17 10:05:59,1123.35,3822300
2021-06-17 10:06:00,1123.55,3822511
2021-06-17 10:06:02,1123.65,3823108
2021-06-17 10:06:03,1123.7,3823258
2021-06-17 10:06:05,1124.4,3825433
2021-06-17 10:06:05,1124.4,3825433
2021-06-17 10:06:06,1123.9,3825990
2021-06-17 10:06:07,1124.5,3827157
2021-06-17 10:06:09,1124.1,3827357
2021-06-17 10:06:10,1124.1,3827624
2021-06-17 10:06:11,1124.6,3827908
2021-06-17 10:06:13,1124.1,3827964
2021-06-17 10:06:13,1124.1,3827964
2021-06-17 10:06:14,1124.75,3828426
2021-06-17 10:06:15,1124.8,3829039
2021-06-17 10:06:16,1124.8,3829546
2021-06-17 10:06:17,1125.0,3830351
2021-06-17 10:06:18,1125.0,3830366
2021-06-17 10:06:19,1124.7,3830470
2021-06-17 10:06:21,1124.95,3831538
2021-06-17 10:06:22,1124.7,3831688
2021-06-17 10:06:23,1124.7,3833807
2021-06-17 10:06:25,1125.0,3833869
2021-06-17 10:06:25,1124.75,3833844
2021-06-17 10:06:26,1124.65,3833913
2021-06-17 10:06:27,1124.7,3833976
2021-06-17 10:06:28,1124.8,3834038
2021-06-17 10:06:29,1124.5,3834326
2021-06-17 10:06:30,1124.5,3834357
2021-06-17 10:06:31,1124.75,3834458
2021-06-17 10:06:32,1124.5,3834608
2021-06-17 10:06:33,1124.5,3834608
2021-06-17 10:06:34,1124.7,3834611
2021-06-17 10:06:36,1124.7,3834651
2021-06-17 10:06:36,1124.7,3834651
2021-06-17 10:06:37,1124.7,3834804
2021-06-17 10:06:38,1124.75,3834937
2021-06-17 10:06:39,1124.55,3838438
2021-06-17 10:06:40,1124.15,3838447
2021-06-17 10:06:41,1124.35,3839350
2021-06-17 10:06:43,1124.2,3839523
2021-06-17 10:06:43,1124.15,3839612
2021-06-17 10:06:44,1124.2,3839625
2021-06-17 10:06:45,1124.25,3839728
2021-06-17 10:06:46,1124.25,3839768
2021-06-17 10:06:48,1124.2,3839769
2021-06-17 10:06:48,1124.2,3839769
2021-06-17 10:06:50,1124.1,3840405
2021-06-17 10:06:51,1124.0,3840441
2021-06-17 10:06:52,1124.0,3840551
2021-06-17 10:06:53,1124.0,3840766
2021-06-17 10:06:55,1124.15,3840788
2021-06-17 10:06:55,1124.15,3840788
2021-06-17 10:06:56,1124.0,3841155
2021-06-17 10:06:57,1124.1,3841191
2021-06-17 10:06:59,1124.25,3841600
2021-06-17 10:07:00,1124.0,3841744
2021-06-17 10:07:00,1124.0,3841744
2021-06-17 10:07:02,1124.2,3842143
2021-06-17 10:07:03,1124.25,3842151
2021-06-17 10:07:04,1124.25,3842171
2021-06-17 10:07:05,1124.25,3842375
2021-06-17 10:07:06,1124.25,3842432
2021-06-17 10:07:07,1124.1,3842444
2021-06-17 10:07:09,1124.35,3842548
2021-06-17 10:07:10,1124.1,3842574
2021-06-17 10:07:10,1124.1,3842574
2021-06-17 10:07:11,1124.1,3842578
2021-06-17 10:07:12,1124.05,3842631
2021-06-17 10:07:13,1124.35,3842731
2021-06-17 10:07:14,1124.35,3842731
2021-06-17 10:07:15,1124.05,3842844
2021-06-17 10:07:16,1124.05,3842844
2021-06-17 10:07:17,1124.35,3842924
2021-06-17 10:07:19,1124.1,3843014
2021-06-17 10:07:20,1124.05,3843360
2021-06-17 10:07:20,1124.05,3843360
2021-06-17 10:07:21,1124.1,3843433
2021-06-17 10:07:22,1124.3,3843436
2021-06-17 10:07:24,1124.35,3843461
2021-06-17 10:07:25,1124.6,3843495
2021-06-17 10:07:25,1124.6,3843495
2021-06-17 10:07:26,1124.65,3843544
2021-06-17 10:07:27,1124.7,3843621
2021-06-17 10:07:29,1124.8,3843779
2021-06-17 10:07:30,1124.8,3843852
2021-06-17 10:07:31,1124.55,3844201
2021-06-17 10:07:32,1124.8,3844304
2021-06-17 10:07:34,1124.6,3844309
2021-06-17 10:07:35,1124.7,3844334
2021-06-17 10:07:35,1124.7,3844334
2021-06-17 10:07:36,1124.7,3844345
2021-06-17 10:07:37,1124.6,3844620
2021-06-17 10:07:39,1124.65,3845653
2021-06-17 10:07:40,1124.6,3845654
2021-06-17 10:07:40,1124.65,3845724
2021-06-17 10:07:41,1124.65,3845735
2021-06-17 10:07:43,1125.3,3850060
2021-06-17 10:07:44,1125.7,3850215
2021-06-17 10:07:45,1125.6,3850625
2021-06-17 10:07:46,1125.6,3850788
2021-06-17 10:07:48,1125.25,3850840
2021-06-17 10:07:49,1125.25,3850884
2021-06-17 10:07:49,1125.25,3850884
2021-06-17 10:07:50,1125.6,3850911
2021-06-17 10:07:51,1125.25,3851695
2021-06-17 10:07:52,1125.25,3851781
2021-06-17 10:07:53,1125.3,3852519
2021-06-17 10:07:55,1125.5,3853078
2021-06-17 10:07:56,1125.9,3853485
2021-06-17 10:07:56,1125.9,3853485
2021-06-17 10:07:57,1125.95,3854995
2021-06-17 10:07:58,1125.9,3855552
2021-06-17 10:07:59,1126.0,3855655
2021-06-17 10:08:02,1126.0,3856460
2021-06-17 10:08:02,1126.0,3856460
2021-06-17 10:08:03,1126.0,3856627
2021-06-17 10:08:04,1126.0,3856813
2021-06-17 10:08:05,1126.0,3856825
2021-06-17 10:08:07,1126.0,3857777
2021-06-17 10:08:08,1125.95,3857952
2021-06-17 10:08:09,1125.95,3858247
2021-06-17 10:08:09,1125.95,3858247
2021-06-17 10:08:10,1125.95,3859076
2021-06-17 10:08:11,1125.7,3859078
2021-06-17 10:08:12,1125.7,3859093
2021-06-17 10:08:13,1125.6,3860357
2021-06-17 10:08:14,1125.55,3860442
2021-06-17 10:08:16,1125.9,3860465
2021-06-17 10:08:17,1125.9,3860465
2021-06-17 10:08:18,1125.9,3860615
2021-06-17 10:08:19,1125.85,3860967
2021-06-17 10:08:20,1125.4,3861000
2021-06-17 10:08:21,1125.8,3861011
2021-06-17 10:08:22,1125.4,3861038
2021-06-17 10:08:24,1125.9,3861309
2021-06-17 10:08:25,1125.55,3861325
2021-06-17 10:08:27,1125.95,3861466
2021-06-17 10:08:28,1126.0,3861579
2021-06-17 10:08:29,1126.0,3861875
2021-06-17 10:08:29,1125.9,3862175
2021-06-17 10:08:30,1125.9,3862202
2021-06-17 10:08:31,1125.9,3863001
2021-06-17 10:08:32,1125.7,3863243
2021-06-17 10:08:33,1125.85,3863444
2021-06-17 10:08:35,1125.75,3863544
2021-06-17 10:08:36,1125.7,3863567
2021-06-17 10:08:37,1125.85,3864245
2021-06-17 10:08:37,1125.85,3864245
2021-06-17 10:08:39,1125.35,3864680
2021-06-17 10:08:39,1125.65,3864315
2021-06-17 10:08:40,1125.55,3864699
2021-06-17 10:08:41,1125.7,3864839
2021-06-17 10:08:42,1125.7,3864869
2021-06-17 10:08:45,1125.8,3865025
2021-06-17 10:08:46,1125.85,3865148
2021-06-17 10:08:46,1125.85,3865148
2021-06-17 10:08:47,1125.55,3865307
2021-06-17 10:08:48,1125.7,3865318
2021-06-17 10:08:49,1125.7,3865374
2021-06-17 10:08:52,1125.55,3867523
2021-06-17 10:08:53,1125.8,3867528
2021-06-17 10:08:53,1125.55,3867523
2021-06-17 10:08:54,1125.65,3867545
2021-06-17 10:08:55,1125.75,3867646
2021-06-17 10:08:57,1125.5,3867695
2021-06-17 10:08:58,1125.5,3868755
2021-06-17 10:08:58,1125.5,3868725
2021-06-17 10:08:59,1125.5,3868795
2021-06-17 10:09:00,1125.4,3868808
2021-06-17 10:09:04,1125.35,3869245
2021-06-17 10:09:05,1125.5,3869546
2021-06-17 10:09:06,1125.35,3869554
2021-06-17 10:09:06,1125.45,3869556
2021-06-17 10:09:07,1125.45,3869667
2021-06-17 10:09:08,1125.45,3869711
2021-06-17 10:09:09,1125.45,3869929
2021-06-17 10:09:10,1125.5,3870080
2021-06-17 10:09:11,1125.5,3870080
2021-06-17 10:09:13,1125.45,3870666
2021-06-17 10:09:14,1125.5,3870688
2021-06-17 10:09:15,1125.5,3870814
2021-06-17 10:09:15,1125.5,3870814
2021-06-17 10:09:16,1125.35,3871162
2021-06-17 10:09:17,1125.35,3871192
2021-06-17 10:09:18,1125.35,3871387
2021-06-17 10:09:19,1125.4,3871396
2021-06-17 10:09:20,1125.4,3871398
2021-06-17 10:09:22,1125.5,3871465
2021-06-17 10:09:23,1125.5,3871562
2021-06-17 10:09:24,1125.5,3871875
2021-06-17 10:09:25,1125.45,3871883
2021-06-17 10:09:26,1125.5,3871917
2021-06-17 10:09:26,1125.5,3871917
2021-06-17 10:09:27,1125.75,3871988
2021-06-17 10:09:28,1125.75,3872002
2021-06-17 10:09:29,1125.75,3872010
2021-06-17 10:09:30,1125.8,3872053
2021-06-17 10:09:31,1125.95,3873159
2021-06-17 10:09:33,1125.75,3873160
2021-06-17 10:09:34,1125.65,3873770
2021-06-17 10:09:35,1125.8,3873802
2021-06-17 10:09:35,1125.8,3873782
2021-06-17 10:09:36,1125.75,3873807
2021-06-17 10:09:38,1125.8,3873929
2021-06-17 10:09:39,1125.65,3873979
2021-06-17 10:09:40,1125.75,3873990
2021-06-17 10:09:41,1125.75,3874140
2021-06-17 10:09:42,1125.95,3874553
2021-06-17 10:09:44,1125.8,3874646
2021-06-17 10:09:45,1126.0,3874820
2021-06-17 10:09:46,1126.0,3875180
2021-06-17 10:09:47,1126.0,3875190
2021-06-17 10:09:48,1125.95,3875293
2021-06-17 10:09:48,1125.8,3875292
2021-06-17 10:09:49,1125.95,3875293
2021-06-17 10:09:50,1125.85,3875455
2021-06-17 10:09:52,1125.8,3875675
2021-06-17 10:09:53,1125.95,3875729
2021-06-17 10:09:54,1125.85,3875847
2021-06-17 10:09:55,1125.95,3875900
2021-06-17 10:09:57,1125.85,3875999
2021-06-17 10:09:58,1125.95,3876455
2021-06-17 10:09:59,1125.8,3877068
2021-06-17 10:10:00,1126.0,3877249
2021-06-17 10:10:02,1126.0,3877358
2021-06-17 10:10:03,1126.05,3879716
2021-06-17 10:10:03,1126.05,3879716
2021-06-17 10:10:04,1125.9,3879740
2021-06-17 10:10:05,1125.7,3882256
2021-06-17 10:10:06,1125.8,3882366
