timestamp,ltp,volume
2021-06-17 09:20:35,551.85,301501
2021-06-17 09:20:36,551.7,302372
2021-06-17 09:20:37,551.5,302537
2021-06-17 09:20:38,551.7,302632
2021-06-17 09:20:39,551.7,306114
2021-06-17 09:20:41,551.45,307144
2021-06-17 09:20:42,551.3,308707
2021-06-17 09:20:43,551.55,308744
2021-06-17 09:20:44,551.6,308794
2021-06-17 09:20:46,551.6,308869
2021-06-17 09:20:47,551.55,309035
2021-06-17 09:20:48,551.5,309081
2021-06-17 09:20:49,551.5,309103
2021-06-17 09:20:50,551.3,309118
2021-06-17 09:20:51,551.3,309118
2021-06-17 09:20:52,551.3,309561
2021-06-17 09:20:53,551.6,309914
2021-06-17 09:20:54,551.3,311426
2021-06-17 09:20:55,551.6,311499
2021-06-17 09:20:56,551.6,311628
2021-06-17 09:20:57,551.6,311628
2021-06-17 09:20:59,551.3,312047
2021-06-17 09:21:00,551.25,312797
2021-06-17 09:21:01,551.3,313498
2021-06-17 09:21:02,551.3,313746
2021-06-17 09:21:03,551.15,313747
2021-06-17 09:21:04,551.45,313802
2021-06-17 09:21:05,551.15,315116
2021-06-17 09:21:07,551.25,317414
2021-06-17 09:21:08,550.75,323351
2021-06-17 09:21:09,550.75,323351
2021-06-17 09:21:10,550.95,323461
2021-06-17 09:21:11,550.95,323561
2021-06-17 09:21:12,550.9,323839
2021-06-17 09:21:13,551.0,324871
2021-06-17 09:21:14,550.9,325047
2021-06-17 09:21:15,550.9,325057
2021-06-17 09:21:16,550.9,326440
2021-06-17 09:21:17,550.9,326684
2021-06-17 09:21:18,550.75,327509
2021-06-17 09:21:19,550.9,327727
2021-06-17 09:21:20,550.6,328319
2021-06-17 09:21:22,550.9,328711
2021-06-17 09:21:23,550.85,328723
2021-06-17 09:21:24,550.5,331013
2021-06-17 09:21:25,550.7,331261
2021-06-17 09:21:26,550.5,331308
2021-06-17 09:21:27,550.5,331313
2021-06-17 09:21:28,550.5,331349
2021-06-17 09:21:29,550.7,331389
2021-06-17 09:21:30,550.5,331626
2021-06-17 09:21:31,550.7,331788
2021-06-17 09:21:32,550.5,332296
2021-06-17 09:21:33,550.5,332360
2021-06-17 09:21:34,550.7,332464
2021-06-17 09:21:35,550.5,332881
2021-06-17 09:21:36,550.7,332886
2021-06-17 09:21:37,550.5,333688
2021-06-17 09:21:38,550.5,334226
2021-06-17 09:21:39,550.35,335210
2021-06-17 09:21:40,550.25,335616
2021-06-17 09:21:41,550.25,335616
2021-06-17 09:21:44,550.5,335869
2021-06-17 09:21:45,550.25,336175
2021-06-17 09:21:46,550.5,336276
2021-06-17 09:21:47,550.5,336316
2021-06-17 09:21:49,550.5,336372
2021-06-17 09:21:50,550.3,336518
2021-06-17 09:21:51,550.7,338520
2021-06-17 09:21:52,550.7,338520
2021-06-17 09:21:53,550.65,339776
2021-06-17 09:21:54,550.65,341673
2021-06-17 09:21:55,550.65,341688
2021-06-17 09:21:56,550.7,341738
2021-06-17 09:21:57,550.65,342019
2021-06-17 09:21:58,550.3,342988
2021-06-17 09:21:59,550.65,343028
2021-06-17 09:22:00,550.9,345285
2021-06-17 09:22:01,550.7,345394
2021-06-17 09:22:02,550.8,345649
2021-06-17 09:22:03,549.95,377024
2021-06-17 09:22:04,550.1,382233
2021-06-17 09:22:05,549.8,383614
2021-06-17 09:22:06,549.8,385741
2021-06-17 09:22:07,549.95,386000
2021-06-17 09:22:08,550.0,386243
2021-06-17 09:22:09,549.95,386368
2021-06-17 09:22:10,550.0,386388
2021-06-17 09:22:11,550.0,387373
2021-06-17 09:22:12,550.0,387483
2021-06-17 09:22:13,549.95,387603
2021-06-17 09:22:14,549.8,387655
2021-06-17 09:22:15,549.8,387712
2021-06-17 09:22:16,550.0,390262
2021-06-17 09:22:17,550.0,390295
2021-06-17 09:22:18,550.1,391241
2021-06-17 09:22:19,549.9,391554
2021-06-17 09:22:20,550.1,394889
2021-06-17 09:22:21,550.0,394983
2021-06-17 09:22:22,550.0,394983
2021-06-17 09:22:23,549.95,396771
2021-06-17 09:22:24,550.0,397335
2021-06-17 09:22:25,550.0,398479
2021-06-17 09:22:26,550.05,399244
2021-06-17 09:22:27,550.05,400919
2021-06-17 09:22:28,550.05,401280
2021-06-17 09:22:29,550.4,401777
2021-06-17 09:22:30,550.8,402857
2021-06-17 09:22:31,551.0,403734
2021-06-17 09:22:32,550.95,403759
2021-06-17 09:22:33,550.95,404760
2021-06-17 09:22:34,550.95,404760
2021-06-17 09:22:35,550.95,404761
2021-06-17 09:22:36,550.95,404817
2021-06-17 09:22:37,550.95,404837
2021-06-17 09:22:38,550.7,405362
2021-06-17 09:22:39,550.95,405363
2021-06-17 09:22:40,550.95,405574
2021-06-17 09:22:41,550.95,405585
2021-06-17 09:22:42,550.95,405665
2021-06-17 09:22:43,550.95,405809
2021-06-17 09:22:44,550.95,405859
2021-06-17 09:22:45,550.7,405960
2021-06-17 09:22:46,550.75,405970
2021-06-17 09:22:47,550.9,406520
2021-06-17 09:22:48,550.75,406816
2021-06-17 09:22:49,551.0,407247
2021-06-17 09:22:50,550.9,407692
2021-06-17 09:22:51,551.0,407935
2021-06-17 09:22:52,551.0,407945
2021-06-17 09:22:53,551.35,411742
2021-06-17 09:22:55,551.15,412454
2021-06-17 09:22:56,551.4,412516
2021-06-17 09:22:57,551.05,413119
2021-06-17 09:22:57,551.15,413169
2021-06-17 09:22:58,551.45,413770
2021-06-17 09:23:00,551.25,414492
2021-06-17 09:23:01,551.25,414507
2021-06-17 09:23:02,551.05,414758
2021-06-17 09:23:03,551.25,414859
2021-06-17 09:23:04,551.25,414959
2021-06-17 09:23:04,551.0,415060
2021-06-17 09:23:05,551.4,415233
2021-06-17 09:23:08,551.25,415636
2021-06-17 09:23:08,551.25,415636
2021-06-17 09:23:09,551.4,415745
2021-06-17 09:23:10,551.35,415781
2021-06-17 09:23:11,551.35,415965
2021-06-17 09:23:12,551.4,416005
2021-06-17 09:23:13,551.2,416251
2021-06-17 09:23:14,551.4,416336
2021-06-17 09:23:15,551.4,416406
2021-06-17 09:23:16,551.4,416422
2021-06-17 09:23:17,551.4,417092
2021-06-17 09:23:18,551.4,417099
2021-06-17 09:23:19,551.3,419533
2021-06-17 09:23:20,551.3,419570
2021-06-17 09:23:21,551.5,419572
2021-06-17 09:23:22,551.4,419708
2021-06-17 09:23:23,551.45,419713
2021-06-17 09:23:24,551.5,419968
2021-06-17 09:23:25,551.5,419972
2021-06-17 09:23:26,551.5,420331
2021-06-17 09:23:27,551.5,420335
2021-06-17 09:23:28,551.4,420745
2021-06-17 09:23:29,551.3,421105
2021-06-17 09:23:30,551.3,421106
2021-06-17 09:23:31,551.5,421379
2021-06-17 09:23:32,551.5,422120
2021-06-17 09:23:34,551.5,422151
2021-06-17 09:23:34,551.5,422151
2021-06-17 09:23:35,551.45,422192
2021-06-17 09:23:36,551.6,422395
2021-06-17 09:23:37,551.65,422972
2021-06-17 09:23:38,551.65,422972
2021-06-17 09:23:39,551.65,422972
2021-06-17 09:23:40,551.75,424697
2021-06-17 09:23:41,551.45,424698
2021-06-17 09:23:42,551.6,424708
2021-06-17 09:23:43,551.5,424908
2021-06-17 09:23:44,551.75,425458
2021-06-17 09:23:45,551.75,425458
2021-06-17 09:23:46,551.5,426807
2021-06-17 09:23:48,551.85,428256
2021-06-17 09:23:48,551.85,428256
2021-06-17 09:23:50,551.6,428485
2021-06-17 09:23:50,551.6,428486
2021-06-17 09:23:51,551.9,429521
2021-06-17 09:23:52,551.8,429645
2021-06-17 09:23:53,551.95,429655
2021-06-17 09:23:54,551.95,429655
2021-06-17 09:23:55,552.3,433012
2021-06-17 09:23:57,552.5,434297
2021-06-17 09:23:57,552.3,434447
2021-06-17 09:23:59,552.3,434734
2021-06-17 09:23:59,552.3,434734
2021-06-17 09:24:00,552.3,434784
2021-06-17 09:24:01,552.3,435041
2021-06-17 09:24:02,552.45,435348
2021-06-17 09:24:05,552.3,435677
2021-06-17 09:24:06,552.3,435677
2021-06-17 09:24:07,552.25,436700
2021-06-17 09:24:07,552.3,436705
2021-06-17 09:24:08,552.2,437015
2021-06-17 09:24:09,552.2,437015
2021-06-17 09:24:10,552.5,437666
2021-06-17 09:24:11,552.45,437676
2021-06-17 09:24:13,552.1,438601
2021-06-17 09:24:14,552.2,438796
2021-06-17 09:24:16,552.5,439683
2021-06-17 09:24:17,552.35,439693
2021-06-17 09:24:18,552.35,439757
2021-06-17 09:24:19,552.35,439786
2021-06-17 09:24:21,552.25,440924
2021-06-17 09:24:22,552.15,441076
2021-06-17 09:24:23,552.15,441076
2021-06-17 09:24:23,552.45,441081
2021-06-17 09:24:25,551.85,442674
2021-06-17 09:24:25,551.85,442674
2021-06-17 09:24:26,551.85,442785
2021-06-17 09:24:27,551.85,442848
2021-06-17 09:24:28,552.15,443763
2021-06-17 09:24:30,552.15,443968
2021-06-17 09:24:31,552.15,443971
2021-06-17 09:24:32,552.15,444176
2021-06-17 09:24:33,552.1,444957
2021-06-17 09:24:34,551.85,445125
2021-06-17 09:24:34,552.1,445137
2021-06-17 09:24:35,552.1,445145
2021-06-17 09:24:36,552.1,445145
2021-06-17 09:24:37,551.85,445155
2021-06-17 09:24:38,552.15,445290
2021-06-17 09:24:40,552.1,446701
2021-06-17 09:24:40,551.9,446704
2021-06-17 09:24:42,552.2,449373
2021-06-17 09:24:43,552.25,449374
2021-06-17 09:24:45,552.2,449570
2021-06-17 09:24:47,552.1,449861
2021-06-17 09:24:50,552.0,449967
2021-06-17 09:24:51,552.2,450087
2021-06-17 09:24:52,552.3,450204
2021-06-17 09:24:53,552.3,450420
2021-06-17 09:24:54,552.3,450436
2021-06-17 09:24:55,552.5,460023
2021-06-17 09:24:57,552.2,460074
2021-06-17 09:24:58,552.2,460074
2021-06-17 09:24:59,552.3,460079
2021-06-17 09:25:00,552.2,460252
2021-06-17 09:25:01,552.2,460255
2021-06-17 09:25:02,552.25,461973
2021-06-17 09:25:03,552.2,462254
2021-06-17 09:25:04,552.2,462281
2021-06-17 09:25:05,552.3,462336
2021-06-17 09:25:06,552.3,462467
2021-06-17 09:25:08,552.2,462521
2021-06-17 09:25:09,552.45,462545
2021-06-17 09:25:10,552.2,462546
2021-06-17 09:25:12,552.65,463864
2021-06-17 09:25:13,552.4,463961
2021-06-17 09:25:15,552.6,464122
2021-06-17 09:25:15,552.6,464122
2021-06-17 09:25:18,552.6,464182
2021-06-17 09:25:19,552.7,464532
2021-06-17 09:25:20,552.4,464793
2021-06-17 09:25:20,552.4,464793
2021-06-17 09:25:22,552.7,464844
2021-06-17 09:25:23,552.6,464889
2021-06-17 09:25:24,552.8,465925
2021-06-17 09:25:25,552.6,465981
2021-06-17 09:25:25,552.75,466177
2021-06-17 09:25:26,552.8,466437
2021-06-17 09:25:28,552.6,466659
2021-06-17 09:25:29,552.6,466770
2021-06-17 09:25:30,552.6,466806
2021-06-17 09:25:30,552.85,466835
2021-06-17 09:25:31,552.85,466899
2021-06-17 09:25:32,552.85,466899
2021-06-17 09:25:33,552.85,467009
2021-06-17 09:25:34,552.85,467082
2021-06-17 09:25:35,552.85,467082
2021-06-17 09:25:37,552.8,467268
2021-06-17 09:25:38,552.75,467536
2021-06-17 09:25:39,552.75,467538
2021-06-17 09:25:40,552.75,467539
2021-06-17 09:25:40,552.5,468141
2021-06-17 09:25:41,552.6,468144
2021-06-17 09:25:42,552.55,469656
2021-06-17 09:25:43,552.85,469657
2021-06-17 09:25:45,552.85,469664
2021-06-17 09:25:45,552.8,469669
2021-06-17 09:25:46,552.7,469682
2021-06-17 09:25:47,552.5,470674
2021-06-17 09:25:48,552.5,471036
2021-06-17 09:25:49,552.4,472027
2021-06-17 09:25:52,552.2,472741
2021-06-17 09:25:55,552.0,473996
2021-06-17 09:25:55,552.0,473999
2021-06-17 09:25:58,552.0,474214
2021-06-17 09:25:59,552.0,474219
2021-06-17 09:26:00,552.25,474221
2021-06-17 09:26:01,552.25,474221
2021-06-17 09:26:01,552.25,474221
2021-06-17 09:26:03,552.25,474262
2021-06-17 09:26:04,552.25,474266
2021-06-17 09:26:05,552.15,474323
2021-06-17 09:26:06,552.25,474375
2021-06-17 09:26:07,552.35,474513
2021-06-17 09:26:07,552.35,474513
2021-06-17 09:26:09,552.05,475540
2021-06-17 09:26:09,552.05,475540
2021-06-17 09:26:10,552.05,475611
2021-06-17 09:26:11,552.35,475612
2021-06-17 09:26:12,552.2,475728
2021-06-17 09:26:13,552.2,475728
2021-06-17 09:26:14,552.2,475739
2021-06-17 09:26:15,552.2,475975
2021-06-17 09:26:16,552.3,476672
2021-06-17 09:26:17,552.05,476683
2021-06-17 09:26:18,552.2,476736
2021-06-17 09:26:19,552.25,476756
2021-06-17 09:26:21,552.25,476763
2021-06-17 09:26:22,552.25,476763
2021-06-17 09:26:22,552.25,476768
2021-06-17 09:26:23,552.25,476773
2021-06-17 09:26:24,552.05,477074
2021-06-17 09:26:25,552.25,477079
2021-06-17 09:26:27,552.25,477109
2021-06-17 09:26:28,552.05,477215
2021-06-17 09:26:30,552.05,477273
2021-06-17 09:26:32,552.05,477686
2021-06-17 09:26:34,552.05,477790
2021-06-17 09:26:35,552.15,478529
2021-06-17 09:26:36,552.05,478555
2021-06-17 09:26:37,552.4,479195
2021-06-17 09:26:38,552.25,479745
2021-06-17 09:26:39,552.35,479755
2021-06-17 09:26:40,552.35,479783
2021-06-17 09:26:41,552.05,479844
2021-06-17 09:26:42,552.05,480320
2021-06-17 09:26:43,552.3,480372
2021-06-17 09:26:44,552.1,480400
2021-06-17 09:26:44,552.1,480400
2021-06-17 09:26:45,552.3,480458
2021-06-17 09:26:46,552.3,480458
2021-06-17 09:26:48,552.3,480539
2021-06-17 09:26:49,552.35,481243
2021-06-17 09:26:50,552.1,481259
2021-06-17 09:26:52,552.5,482302
2021-06-17 09:26:53,552.25,482305
2021-06-17 09:26:53,552.2,482490
2021-06-17 09:26:54,552.5,482709
2021-06-17 09:26:56,552.5,483510
2021-06-17 09:26:57,552.45,483648
2021-06-17 09:26:57,552.45,483648
2021-06-17 09:26:58,552.5,483654
2021-06-17 09:26:59,552.5,483656
2021-06-17 09:27:01,552.45,483723
2021-06-17 09:27:02,552.5,484123
2021-06-17 09:27:02,552.5,484123
2021-06-17 09:27:05,552.4,484258
2021-06-17 09:27:05,552.45,484458
2021-06-17 09:27:06,552.8,494458
2021-06-17 09:27:07,552.7,494508
2021-06-17 09:27:08,552.5,495190
2021-06-17 09:27:09,552.5,495190
2021-06-17 09:27:10,552.8,495290
2021-06-17 09:27:12,552.8,495306
2021-06-17 09:27:12,552.4,495555
2021-06-17 09:27:13,552.65,495582
2021-06-17 09:27:15,552.5,495833
2021-06-17 09:27:15,552.65,496144
2021-06-17 09:27:16,552.65,496160
2021-06-17 09:27:18,552.75,496272
2021-06-17 09:27:19,552.5,496301
2021-06-17 09:27:20,552.5,496486
2021-06-17 09:27:21,552.7,496632
2021-06-17 09:27:22,552.65,496649
2021-06-17 09:27:23,552.65,496951
2021-06-17 09:27:24,552.65,496951
2021-06-17 09:27:25,552.6,496952
2021-06-17 09:27:26,551.75,516336
2021-06-17 09:27:27,551.85,516381
2021-06-17 09:27:28,551.75,516608
2021-06-17 09:27:29,551.8,516644
2021-06-17 09:27:30,551.55,518264
2021-06-17 09:27:31,551.55,518764
2021-06-17 09:27:33,552.0,519306
2021-06-17 09:27:33,552.0,519306
2021-06-17 09:27:35,551.6,519384
2021-06-17 09:27:36,551.8,519386
2021-06-17 09:27:37,551.95,519604
2021-06-17 09:27:38,551.95,519657
2021-06-17 09:27:39,551.95,519657
2021-06-17 09:27:40,552.0,519689
2021-06-17 09:27:41,551.65,519876
2021-06-17 09:27:41,551.7,519879
2021-06-17 09:27:43,551.95,519923
2021-06-17 09:27:44,552.0,520275
2021-06-17 09:27:45,551.8,520975
2021-06-17 09:27:47,551.8,520986
2021-06-17 09:27:48,551.75,521018
2021-06-17 09:27:49,551.8,521119
2021-06-17 09:27:50,551.65,522485
2021-06-17 09:27:51,551.45,522538
2021-06-17 09:27:52,551.6,522592
2021-06-17 09:27:53,551.75,522600
2021-06-17 09:27:54,551.75,522600
2021-06-17 09:27:55,551.75,522601
2021-06-17 09:27:56,551.7,522606
2021-06-17 09:27:57,551.65,522815
2021-06-17 09:27:58,551.7,522820
2021-06-17 09:27:59,551.75,522975
2021-06-17 09:28:00,551.75,522985
2021-06-17 09:28:01,551.6,523018
2021-06-17 09:28:02,551.8,523156
2021-06-17 09:28:02,551.8,523157
2021-06-17 09:28:04,551.65,523377
2021-06-17 09:28:05,551.8,523877
2021-06-17 09:28:05,551.8,523877
2021-06-17 09:28:07,551.75,523979
2021-06-17 09:28:07,551.75,523979
2021-06-17 09:28:08,551.75,524204
2021-06-17 09:28:09,551.8,524331
2021-06-17 09:28:10,551.75,524337
2021-06-17 09:28:11,551.75,524357
2021-06-17 09:28:13,551.8,524376
2021-06-17 09:28:14,551.95,525862
2021-06-17 09:28:15,551.95,525877
2021-06-17 09:28:16,551.95,525887
2021-06-17 09:28:17,551.9,525952
2021-06-17 09:28:17,551.9,525952
2021-06-17 09:28:19,551.8,525973
2021-06-17 09:28:20,551.9,526087
2021-06-17 09:28:21,551.95,527577
2021-06-17 09:28:22,551.9,527661
2021-06-17 09:28:23,551.9,527662
2021-06-17 09:28:23,552.15,527667
2021-06-17 09:28:24,552.0,527675
2021-06-17 09:28:25,551.9,527676
2021-06-17 09:28:27,551.9,527921
2021-06-17 09:28:27,551.95,528146
2021-06-17 09:28:28,552.0,528147
2021-06-17 09:28:29,551.8,528180
2021-06-17 09:28:30,551.9,528210
2021-06-17 09:28:32,552.0,529269
2021-06-17 09:28:33,551.7,529273
2021-06-17 09:28:34,551.9,529290
2021-06-17 09:28:35,552.05,529793
2021-06-17 09:28:36,551.7,530203
2021-06-17 09:28:37,551.7,530203
2021-06-17 09:28:38,552.0,530211
2021-06-17 09:28:39,551.9,530627
2021-06-17 09:28:40,552.1,531726
2021-06-17 09:28:42,552.0,532608
2021-06-17 09:28:43,551.95,532721
2021-06-17 09:28:44,552.05,533221
2021-06-17 09:28:44,552.05,533224
2021-06-17 09:28:46,552.0,533421
2021-06-17 09:28:47,551.85,533427
2021-06-17 09:28:47,551.95,533463
2021-06-17 09:28:48,551.8,533588
2021-06-17 09:28:50,551.8,533903
2021-06-17 09:28:52,551.9,533908
2021-06-17 09:28:53,551.95,534204
2021-06-17 09:28:54,551.8,534205
2021-06-17 09:28:55,551.95,534320
2021-06-17 09:28:56,551.95,534430
2021-06-17 09:28:57,551.95,534435
2021-06-17 09:28:58,551.95,534455
2021-06-17 09:28:59,551.95,534525
2021-06-17 09:29:00,551.95,534579
2021-06-17 09:29:01,552.0,534767
2021-06-17 09:29:02,552.0,534804
2021-06-17 09:29:03,551.9,534810
2021-06-17 09:29:04,552.0,534856
2021-06-17 09:29:05,552.0,534906
2021-06-17 09:29:06,552.0,534914
2021-06-17 09:29:07,552.0,534914
2021-06-17 09:29:08,552.0,535010
2021-06-17 09:29:08,552.0,535011
2021-06-17 09:29:10,551.85,536558
2021-06-17 09:29:11,551.85,536558
2021-06-17 09:29:12,551.9,536579
2021-06-17 09:29:13,551.9,536700
2021-06-17 09:29:14,552.0,536701
2021-06-17 09:29:15,552.0,536715
2021-06-17 09:29:16,552.0,536726
2021-06-17 09:29:17,552.0,536766
2021-06-17 09:29:19,552.0,536797
2021-06-17 09:29:20,552.0,537267
2021-06-17 09:29:21,551.9,537303
2021-06-17 09:29:21,551.9,537303
2021-06-17 09:29:22,551.9,537638
2021-06-17 09:29:24,551.9,537759
2021-06-17 09:29:25,552.0,537971
2021-06-17 09:29:26,552.0,538024
2021-06-17 09:29:27,552.1,539546
2021-06-17 09:29:27,552.05,539582
2021-06-17 09:29:28,552.1,539583
2021-06-17 09:29:29,552.1,539651
2021-06-17 09:29:31,552.35,539834
2021-06-17 09:29:32,552.1,540239
2021-06-17 09:29:33,552.35,540247
2021-06-17 09:29:34,552.35,540258
2021-06-17 09:29:35,552.35,540309
2021-06-17 09:29:36,552.3,540314
2021-06-17 09:29:37,552.5,541114
2021-06-17 09:29:38,552.45,541116
2021-06-17 09:29:39,552.35,541371
2021-06-17 09:29:40,552.4,541396
2021-06-17 09:29:41,552.15,541568
2021-06-17 09:29:42,552.35,541610
2021-06-17 09:29:43,552.3,541729
2021-06-17 09:29:45,552.3,541937
2021-06-17 09:29:45,552.3,541937
2021-06-17 09:29:47,552.0,542017
2021-06-17 09:29:48,552.0,542415
2021-06-17 09:29:49,552.1,542447
2021-06-17 09:29:50,552.05,542458
2021-06-17 09:29:51,552.1,542879
2021-06-17 09:29:52,552.05,542883
2021-06-17 09:29:53,552.05,543058
2021-06-17 09:29:54,552.05,543088
2021-06-17 09:29:55,552.05,544111
2021-06-17 09:29:55,551.9,544110
2021-06-17 09:29:56,552.05,544132
2021-06-17 09:29:57,552.1,544267
2021-06-17 09:29:58,552.0,544324
2021-06-17 09:30:00,552.0,544324
2021-06-17 09:30:01,551.9,544587
2021-06-17 09:30:02,552.05,545299
2021-06-17 09:30:03,551.75,548388
2021-06-17 09:30:04,551.9,548605
2021-06-17 09:30:05,551.9,548606
2021-06-17 09:30:06,551.9,548612
2021-06-17 09:30:07,551.8,548685
2021-06-17 09:30:08,551.8,548685
2021-06-17 09:30:09,551.9,548720
2021-06-17 09:30:10,551.9,548732
2021-06-17 09:30:11,551.9,548747
2021-06-17 09:30:12,551.9,548828
2021-06-17 09:30:13,551.9,548953
2021-06-17 09:30:14,551.8,548991
2021-06-17 09:30:15,551.8,548991
2021-06-17 09:30:17,551.95,549781
2021-06-17 09:30:18,551.8,549811
2021-06-17 09:30:19,552.0,549812
2021-06-17 09:30:20,552.0,550493
2021-06-17 09:30:21,552.0,550509
2021-06-17 09:30:22,551.9,550611
2021-06-17 09:30:23,552.0,551069
2021-06-17 09:30:24,551.9,551326
2021-06-17 09:30:24,551.9,551326
2021-06-17 09:30:25,551.7,551788
2021-06-17 09:30:27,551.9,551826
2021-06-17 09:30:28,551.7,551853
2021-06-17 09:30:30,551.85,552213
2021-06-17 09:30:31,551.85,552308
2021-06-17 09:30:32,551.8,552411
2021-06-17 09:30:33,551.85,552462
2021-06-17 09:30:34,551.85,552473
2021-06-17 09:30:34,551.85,552473
2021-06-17 09:30:35,551.85,552473
2021-06-17 09:30:37,551.8,552959
2021-06-17 09:30:37,551.8,552993
2021-06-17 09:30:38,551.8,553043
2021-06-17 09:30:39,551.85,553280
2021-06-17 09:30:40,551.7,553844
2021-06-17 09:30:41,551.85,553845
2021-06-17 09:30:43,551.85,553850
2021-06-17 09:30:44,551.85,553850
2021-06-17 09:30:45,551.8,554114
2021-06-17 09:30:46,551.7,554247
2021-06-17 09:30:47,551.7,554716
2021-06-17 09:30:48,551.05,562394
2021-06-17 09:30:49,551.4,562487
2021-06-17 09:30:50,551.15,564061
2021-06-17 09:30:51,551.3,564062
2021-06-17 09:30:52,551.3,564064
2021-06-17 09:30:53,551.2,564127
2021-06-17 09:30:54,551.15,564556
2021-06-17 09:30:55,551.25,564582
2021-06-17 09:30:56,551.25,564588
2021-06-17 09:30:57,551.25,564588
2021-06-17 09:30:58,551.25,564689
2021-06-17 09:30:59,551.25,564689
2021-06-17 09:31:00,551.45,564952
2021-06-17 09:31:01,551.45,565241
2021-06-17 09:31:03,551.45,565297
2021-06-17 09:31:04,551.45,565297
2021-06-17 09:31:05,551.4,565299
2021-06-17 09:31:06,551.25,565509
2021-06-17 09:31:07,551.25,565512
2021-06-17 09:31:08,551.45,565586
2021-06-17 09:31:09,551.45,565586
2021-06-17 09:31:10,551.2,565786
2021-06-17 09:31:11,551.4,565804
2021-06-17 09:31:12,551.2,565805
2021-06-17 09:31:13,551.4,566220
2021-06-17 09:31:14,551.1,566271
2021-06-17 09:31:15,551.4,566330
2021-06-17 09:31:16,551.7,568406
2021-06-17 09:31:17,551.7,568627
2021-06-17 09:31:19,551.65,568740
2021-06-17 09:31:20,551.35,569765
2021-06-17 09:31:21,551.6,569852
2021-06-17 09:31:22,551.25,570382
2021-06-17 09:31:23,551.4,571459
2021-06-17 09:31:24,551.25,571890
2021-06-17 09:31:25,551.25,571890
2021-06-17 09:31:26,551.4,571927
2021-06-17 09:31:27,551.4,571927
2021-06-17 09:31:28,551.25,571957
2021-06-17 09:31:29,551.25,572537
2021-06-17 09:31:30,551.3,572608
2021-06-17 09:31:31,551.4,572894
2021-06-17 09:31:32,551.4,573002
2021-06-17 09:31:34,551.6,574767
2021-06-17 09:31:33,551.6,574767
2021-06-17 09:31:35,551.7,574769
2021-06-17 09:31:36,551.7,574783
2021-06-17 09:31:37,551.55,575022
2021-06-17 09:31:41,551.9,575134
2021-06-17 09:31:42,551.65,575139
2021-06-17 09:31:44,551.6,575199
2021-06-17 09:31:50,551.65,575448
2021-06-17 09:32:02,551.55,576505
2021-06-17 09:32:08,551.55,577264
2021-06-17 09:32:14,551.55,577773
2021-06-17 09:32:20,551.7,579246
2021-06-17 09:32:26,551.95,587644
2021-06-17 09:32:31,551.85,587709
2021-06-17 09:32:37,551.9,588804
2021-06-17 09:32:43,551.95,589528
2021-06-17 09:32:49,551.7,590435
2021-06-17 09:32:55,551.6,591438
2021-06-17 09:33:01,551.65,592123
2021-06-17 09:33:06,551.55,592871
2021-06-17 09:33:12,551.55,593107
2021-06-17 09:33:24,551.5,595212
2021-06-17 09:33:29,551.5,596032
2021-06-17 09:33:35,551.3,596388
2021-06-17 09:33:41,551.4,597117
2021-06-17 09:33:47,551.4,597219
2021-06-17 09:33:52,551.4,598357
2021-06-17 09:33:58,551.4,599504
2021-06-17 09:34:04,551.5,601308
2021-06-17 09:34:09,551.75,601934
2021-06-17 09:34:15,551.6,602797
2021-06-17 09:34:21,551.75,602922
2021-06-17 09:34:26,551.75,603885
2021-06-17 09:34:32,551.55,604305
2021-06-17 09:34:38,552.4,607776
2021-06-17 09:34:43,552.4,609321
2021-06-17 09:34:49,552.15,612015
2021-06-17 09:34:54,552.35,612494
2021-06-17 09:34:59,551.95,620975
2021-06-17 09:35:05,551.95,621385
2021-06-17 09:35:11,552.05,623077
2021-06-17 09:35:17,552.05,623378
2021-06-17 09:35:28,552.1,624888
2021-06-17 09:35:34,552.3,627071
2021-06-17 09:35:39,552.05,627625
2021-06-17 09:35:45,552.35,627972
2021-06-17 09:35:50,552.35,628086
2021-06-17 09:35:56,552.2,628105
2021-06-17 09:36:01,551.95,628981
2021-06-17 09:36:07,551.95,629363
2021-06-17 09:36:13,552.0,630022
2021-06-17 09:36:19,552.0,630150
2021-06-17 09:36:24,552.15,630575
2021-06-17 09:36:30,552.05,630934
2021-06-17 09:36:36,551.7,640237
2021-06-17 09:36:41,551.8,641050
2021-06-17 09:36:47,551.8,641579
2021-06-17 09:36:53,551.75,641671
2021-06-17 09:36:58,551.55,642347
2021-06-17 09:37:04,551.7,642806
2021-06-17 09:37:09,551.95,644387
2021-06-17 09:37:14,551.7,644581
2021-06-17 09:37:20,551.65,646130
2021-06-17 09:37:25,551.75,646391
2021-06-17 09:37:30,551.95,646771
2021-06-17 09:37:36,551.7,647521
2021-06-17 09:37:41,551.7,648010
2021-06-17 09:37:47,551.9,648178
2021-06-17 09:37:52,551.8,648654
2021-06-17 09:37:57,552.2,649811
2021-06-17 09:38:03,552.1,650244
2021-06-17 09:38:08,552.0,650621
2021-06-17 09:38:14,552.0,650815
2021-06-17 09:38:19,552.2,651139
2021-06-17 09:38:25,552.15,651200
2021-06-17 09:38:30,551.9,653068
2021-06-17 09:38:36,552.1,653235
2021-06-17 09:38:41,552.05,653353
2021-06-17 09:38:46,551.95,653865
2021-06-17 09:38:52,552.15,654448
2021-06-17 09:39:04,552.15,655544
2021-06-17 09:39:09,552.2,656852
2021-06-17 09:39:15,552.1,657198
2021-06-17 09:39:21,552.0,658080
2021-06-17 09:39:26,552.1,658484
2021-06-17 09:39:31,552.3,659352
2021-06-17 09:39:37,552.2,659579
2021-06-17 09:39:42,552.25,659601
2021-06-17 09:39:47,552.35,660182
2021-06-17 09:39:53,552.35,660910
2021-06-17 09:40:00,552.1,661008
2021-06-17 09:40:05,552.2,661305
2021-06-17 09:40:17,552.3,662473
2021-06-17 09:40:23,552.2,662664
2021-06-17 09:40:29,552.2,663237
2021-06-17 09:40:35,552.3,663345
2021-06-17 09:40:41,552.15,663563
2021-06-17 09:40:46,552.2,663792
2021-06-17 09:40:53,552.15,667388
2021-06-17 09:40:59,552.05,667467
2021-06-17 09:41:05,552.1,669750
2021-06-17 09:41:11,552.05,673815
2021-06-17 09:41:16,552.15,673892
2021-06-17 09:41:22,552.1,674594
2021-06-17 09:41:28,552.3,675090
2021-06-17 09:41:34,552.5,675989
2021-06-17 09:41:46,552.45,676611
2021-06-17 09:41:52,552.45,677270
2021-06-17 09:41:58,552.45,677584
2021-06-17 09:42:04,552.45,678114
2021-06-17 09:42:09,552.5,679779
2021-06-17 09:42:15,552.65,680234
2021-06-17 09:42:20,552.65,680730
2021-06-17 09:42:25,552.55,681186
2021-06-17 09:42:30,552.65,681338
2021-06-17 09:42:35,552.55,681344
2021-06-17 09:42:41,552.3,685124
2021-06-17 09:42:46,552.1,686398
2021-06-17 09:42:51,552.45,686939
2021-06-17 09:42:56,552.3,686947
2021-06-17 09:43:01,552.5,687617
2021-06-17 09:43:06,552.35,687955
2021-06-17 09:43:11,552.5,688075
2021-06-17 09:43:17,552.3,688347
2021-06-17 09:43:22,552.3,688763
2021-06-17 09:43:27,552.3,688919
2021-06-17 09:43:31,552.35,694572
2021-06-17 09:43:36,552.1,695047
2021-06-17 09:43:42,552.35,695287
2021-06-17 09:43:47,552.1,695562
2021-06-17 09:43:52,552.3,695773
2021-06-17 09:43:57,552.1,696491
2021-06-17 09:44:02,552.5,698661
2021-06-17 09:44:08,552.5,701270
2021-06-17 09:44:13,552.5,702336
2021-06-17 09:44:18,552.35,702557
2021-06-17 09:44:23,552.4,702613
2021-06-17 09:44:28,552.4,702939
2021-06-17 09:44:33,552.5,704012
2021-06-17 09:44:38,552.5,704383
2021-06-17 09:44:43,552.5,704647
2021-06-17 09:44:48,552.5,704676
2021-06-17 09:44:53,552.35,705165
2021-06-17 09:44:58,552.4,706358
2021-06-17 09:45:09,552.4,707025
2021-06-17 09:45:14,552.4,707992
2021-06-17 09:45:19,552.2,708044
2021-06-17 09:45:24,552.45,708201
2021-06-17 09:45:30,552.35,708809
2021-06-17 09:45:35,552.4,711224
2021-06-17 09:45:40,552.4,711276
2021-06-17 09:45:45,552.4,712159
2021-06-17 09:45:49,552.2,712231
2021-06-17 09:45:54,552.4,712394
2021-06-17 09:45:59,552.1,714324
2021-06-17 09:46:04,552.1,714958
2021-06-17 09:46:13,552.15,716101
2021-06-17 09:46:18,552.15,716207
2021-06-17 09:46:23,552.25,716259
2021-06-17 09:46:28,552.4,716771
2021-06-17 09:46:33,552.2,717230
2021-06-17 09:46:37,552.4,717483
2021-06-17 09:46:42,552.25,717703
2021-06-17 09:46:47,552.4,719925
2021-06-17 09:46:52,552.4,720194
2021-06-17 09:46:57,552.4,720311
2021-06-17 09:47:02,552.4,721319
2021-06-17 09:47:07,552.4,721657
2021-06-17 09:47:12,552.35,721994
2021-06-17 09:47:22,552.35,722917
2021-06-17 09:47:27,552.1,724440
2021-06-17 09:47:31,552.3,724494
2021-06-17 09:47:36,552.05,724941
2021-06-17 09:47:41,552.25,725095
2021-06-17 09:47:46,552.05,725436
2021-06-17 09:47:51,552.2,725630
2021-06-17 09:47:56,552.15,725740
2021-06-17 09:48:01,552.05,726099
2021-06-17 09:48:06,552.2,726313
2021-06-17 09:48:11,552.25,726517
2021-06-17 09:48:16,552.25,726617
2021-06-17 09:48:21,552.25,726734
2021-06-17 09:48:26,552.1,727094
2021-06-17 09:48:31,552.1,727738
2021-06-17 09:48:35,552.15,727799
2021-06-17 09:48:40,552.15,727800
2021-06-17 09:48:45,552.35,727957
2021-06-17 09:48:55,552.4,731187
2021-06-17 09:49:00,552.45,731493
2021-06-17 09:49:05,552.5,731616
2021-06-17 09:49:09,552.4,731821
2021-06-17 09:49:14,552.3,732030
2021-06-17 09:49:24,552.5,732380
2021-06-17 09:49:29,552.3,732859
2021-06-17 09:49:34,552.2,733274
2021-06-17 09:49:39,552.3,733917
2021-06-17 09:49:44,552.25,734189
2021-06-17 09:49:49,552.45,736659
2021-06-17 09:49:54,552.5,736685
2021-06-17 09:49:59,552.5,736820
2021-06-17 09:50:04,552.5,737428
2021-06-17 09:50:08,552.45,737514
2021-06-17 09:50:13,552.8,741483
2021-06-17 09:50:18,552.8,743049
2021-06-17 09:50:23,552.65,743075
2021-06-17 09:50:27,552.6,743242
2021-06-17 09:50:33,552.6,743442
2021-06-17 09:50:38,552.8,744043
2021-06-17 09:50:43,552.85,744580
2021-06-17 09:50:47,552.8,745243
2021-06-17 09:50:52,552.9,745690
2021-06-17 09:50:57,552.65,746835
2021-06-17 09:51:02,552.5,749878
2021-06-17 09:51:06,552.85,749961
2021-06-17 09:51:11,552.8,750112
2021-06-17 09:51:16,552.65,751451
2021-06-17 09:51:27,552.05,759097
2021-06-17 09:51:32,552.05,759139
2021-06-17 09:51:37,552.35,760463
2021-06-17 09:51:42,552.1,761170
2021-06-17 09:51:46,552.1,761404
2021-06-17 09:51:51,552.3,761425
2021-06-17 09:51:57,552.5,761624
2021-06-17 09:52:07,552.45,762197
2021-06-17 09:52:17,552.5,762330
2021-06-17 09:52:22,552.5,762603
2021-06-17 09:52:27,552.45,767506
2021-06-17 09:52:33,552.5,767630
2021-06-17 09:52:38,552.55,767752
2021-06-17 09:52:43,552.55,767941
2021-06-17 09:52:52,552.8,768336
2021-06-17 09:52:57,552.6,769022
2021-06-17 09:53:01,552.45,769205
2021-06-17 09:53:06,552.7,769270
2021-06-17 09:53:15,552.8,769951
2021-06-17 09:53:19,552.75,770003
2021-06-17 09:53:24,552.85,770697
2021-06-17 09:53:28,552.9,771242
2021-06-17 09:53:33,552.9,771252
2021-06-17 09:53:38,552.9,771862
2021-06-17 09:53:43,552.85,774392
2021-06-17 09:53:47,553.0,780068
2021-06-17 09:53:52,553.1,781208
2021-06-17 09:53:57,553.1,782415
2021-06-17 09:54:03,553.25,783036
2021-06-17 09:54:08,553.25,783509
2021-06-17 09:54:13,553.05,784965
2021-06-17 09:54:18,553.2,788881
2021-06-17 09:54:23,553.45,790537
2021-06-17 09:54:28,553.4,794519
2021-06-17 09:54:33,553.45,797502
2021-06-17 09:54:38,553.45,798837
2021-06-17 09:54:43,553.55,800701
2021-06-17 09:54:48,553.65,803078
2021-06-17 09:54:53,553.8,803740
2021-06-17 09:54:58,554.0,805561
2021-06-17 09:55:03,553.9,807483
2021-06-17 09:55:07,554.2,813321
2021-06-17 09:55:12,554.1,814723
2021-06-17 09:55:16,554.2,817841
2021-06-17 09:55:21,554.25,820805
2021-06-17 09:55:26,554.3,821808
2021-06-17 09:55:30,554.25,825313
2021-06-17 09:55:35,554.3,827311
2021-06-17 09:55:39,554.35,827871
2021-06-17 09:55:44,554.25,829028
2021-06-17 09:55:49,554.25,829383
2021-06-17 09:55:53,554.45,829879
2021-06-17 09:55:58,554.4,830409
2021-06-17 09:56:03,554.45,832668
2021-06-17 09:56:08,554.5,833992
2021-06-17 09:56:13,554.45,834685
2021-06-17 09:56:17,554.5,835753
2021-06-17 09:56:22,554.5,837159
2021-06-17 09:56:27,554.75,837677
2021-06-17 09:56:32,554.65,838548
2021-06-17 09:56:38,554.75,840282
2021-06-17 09:56:42,554.65,842042
2021-06-17 09:56:47,554.65,844232
2021-06-17 09:56:51,554.75,845963
2021-06-17 09:56:55,554.75,846983
2021-06-17 09:57:00,554.7,847198
2021-06-17 09:57:05,554.8,848774
2021-06-17 09:57:09,554.75,848892
2021-06-17 09:57:14,554.8,849918
2021-06-17 09:57:18,554.85,850992
2021-06-17 09:57:22,554.8,851368
2021-06-17 09:57:27,554.95,855890
2021-06-17 09:57:31,555.0,859161
2021-06-17 09:57:40,555.25,869870
2021-06-17 09:57:44,555.25,871783
2021-06-17 09:57:48,555.4,874215
2021-06-17 09:57:53,555.2,881490
2021-06-17 09:57:57,555.2,882473
2021-06-17 09:58:01,555.2,884375
2021-06-17 09:58:06,555.2,886179
2021-06-17 09:58:11,555.4,887302
2021-06-17 09:58:16,555.25,887665
2021-06-17 09:58:21,555.35,888533
2021-06-17 09:58:26,555.35,889229
2021-06-17 09:58:30,555.35,889684
2021-06-17 09:58:35,555.3,890269
2021-06-17 09:58:40,555.25,890430
2021-06-17 09:58:44,555.2,893649
2021-06-17 09:58:49,555.3,895248
2021-06-17 09:58:53,555.2,896170
2021-06-17 09:58:57,555.2,896658
2021-06-17 09:59:02,555.25,898392
2021-06-17 09:59:06,555.25,899112
2021-06-17 09:59:10,555.1,899628
2021-06-17 09:59:14,555.2,900779
2021-06-17 09:59:18,555.15,901211
2021-06-17 09:59:22,555.25,901949
2021-06-17 09:59:26,555.25,902482
2021-06-17 09:59:30,555.3,903268
2021-06-17 09:59:35,555.3,903712
2021-06-17 09:59:39,555.35,904492
2021-06-17 09:59:43,555.35,904698
2021-06-17 09:59:47,555.35,905337
2021-06-17 09:59:51,555.45,907126
2021-06-17 09:59:55,555.4,908301
2021-06-17 09:59:59,555.45,909234
2021-06-17 10:00:04,555.55,910846
2021-06-17 10:00:08,555.65,912836
2021-06-17 10:00:13,555.65,913538
2021-06-17 10:00:17,555.1,932705
2021-06-17 10:00:21,555.35,935340
2021-06-17 10:00:31,555.15,938583
2021-06-17 10:00:35,555.15,939401
2021-06-17 10:00:39,555.1,939796
2021-06-17 10:00:44,555.2,940668
2021-06-17 10:00:49,555.0,941223
2021-06-17 10:00:53,555.15,941923
2021-06-17 10:00:57,555.0,942599
2021-06-17 10:01:05,555.0,944349
2021-06-17 10:01:10,555.0,946224
2021-06-17 10:01:14,555.0,948779
2021-06-17 10:01:18,554.85,949304
2021-06-17 10:01:23,554.85,951230
2021-06-17 10:01:28,554.55,951510
2021-06-17 10:01:32,554.3,955914
2021-06-17 10:01:37,554.3,957979
2021-06-17 10:01:42,554.2,961478
2021-06-17 10:01:43,554.2,961592
2021-06-17 10:01:44,554.2,961614
2021-06-17 10:01:45,554.2,961614
2021-06-17 10:01:46,554.2,961702
2021-06-17 10:01:47,554.25,961898
2021-06-17 10:01:48,554.0,963184
2021-06-17 10:01:49,554.0,963184
2021-06-17 10:01:50,554.1,963215
2021-06-17 10:01:51,554.4,963838
2021-06-17 10:01:51,554.4,963838
2021-06-17 10:01:53,554.15,964140
2021-06-17 10:01:54,554.15,964166
2021-06-17 10:01:54,554.15,964246
2021-06-17 10:01:55,554.65,964555
2021-06-17 10:01:56,554.3,964813
2021-06-17 10:01:58,554.25,964991
2021-06-17 10:01:59,554.2,965125
2021-06-17 10:02:01,554.15,965350
2021-06-17 10:02:01,554.15,965350
2021-06-17 10:02:03,554.15,965430
2021-06-17 10:02:03,554.15,965430
2021-06-17 10:02:05,554.15,965455
2021-06-17 10:02:06,554.15,965455
2021-06-17 10:02:07,554.3,965905
2021-06-17 10:02:08,554.3,966775
2021-06-17 10:02:09,554.2,966795
2021-06-17 10:02:10,554.45,967295
2021-06-17 10:02:11,554.2,967397
2021-06-17 10:02:12,554.2,967409
2021-06-17 10:02:13,554.45,967464
2021-06-17 10:02:13,554.3,967490
2021-06-17 10:02:16,554.45,967757
2021-06-17 10:02:17,554.45,968757
2021-06-17 10:02:18,554.4,968937
2021-06-17 10:02:19,554.4,969269
2021-06-17 10:02:20,554.45,969274
2021-06-17 10:02:21,554.4,969284
2021-06-17 10:02:21,554.05,970328
2021-06-17 10:02:22,554.4,970629
2021-06-17 10:02:23,554.35,970690
2021-06-17 10:02:24,554.35,970690
2021-06-17 10:02:27,554.3,970696
2021-06-17 10:02:28,554.05,970697
2021-06-17 10:02:29,554.05,970697
2021-06-17 10:02:30,554.1,971559
2021-06-17 10:02:31,554.4,971562
2021-06-17 10:02:31,554.4,971562
2021-06-17 10:02:33,554.4,971562
2021-06-17 10:02:34,554.3,971711
2021-06-17 10:02:34,554.3,971711
2021-06-17 10:02:36,554.1,971815
2021-06-17 10:02:38,554.25,971882
2021-06-17 10:02:39,554.4,972831
2021-06-17 10:02:40,554.4,973043
2021-06-17 10:02:41,554.45,973910
2021-06-17 10:02:42,554.45,973911
2021-06-17 10:02:43,554.3,973913
2021-06-17 10:02:44,554.3,973913
2021-06-17 10:02:45,554.35,973986
2021-06-17 10:02:45,554.35,973986
2021-06-17 10:02:47,554.35,973986
2021-06-17 10:02:48,554.3,973999
2021-06-17 10:02:49,554.3,973999
2021-06-17 10:02:50,554.45,974000
2021-06-17 10:02:51,554.3,974028
2021-06-17 10:02:52,554.3,974110
2021-06-17 10:02:54,554.45,974397
2021-06-17 10:02:55,554.3,974450
2021-06-17 10:02:56,554.3,974640
2021-06-17 10:02:57,554.4,974825
2021-06-17 10:02:58,554.3,975075
2021-06-17 10:02:59,554.3,975182
2021-06-17 10:03:00,554.3,975283
2021-06-17 10:03:01,554.3,975288
2021-06-17 10:03:02,554.3,975308
2021-06-17 10:03:03,554.35,975360
2021-06-17 10:03:04,554.35,975372
2021-06-17 10:03:05,554.3,975735
2021-06-17 10:03:06,554.35,975736
2021-06-17 10:03:07,554.35,975756
2021-06-17 10:03:08,554.35,975756
2021-06-17 10:03:09,554.3,975787
2021-06-17 10:03:10,554.3,976292
2021-06-17 10:03:11,554.3,976292
2021-06-17 10:03:12,554.25,976301
2021-06-17 10:03:13,554.25,976309
2021-06-17 10:03:14,554.2,976816
2021-06-17 10:03:15,554.2,976838
2021-06-17 10:03:16,554.2,976956
2021-06-17 10:03:17,554.1,976957
2021-06-17 10:03:18,554.2,976962
2021-06-17 10:03:19,554.2,976962
2021-06-17 10:03:20,554.1,976988
2021-06-17 10:03:21,554.15,977989
2021-06-17 10:03:22,554.15,977990
2021-06-17 10:03:23,554.15,980291
2021-06-17 10:03:24,554.1,980317
2021-06-17 10:03:25,554.1,981382
2021-06-17 10:03:27,554.0,991190
2021-06-17 10:03:26,554.0,991190
2021-06-17 10:03:28,554.1,991331
2021-06-17 10:03:30,553.9,991343
2021-06-17 10:03:31,554.0,991346
2021-06-17 10:03:32,553.75,992460
2021-06-17 10:03:33,553.75,992598
2021-06-17 10:03:34,554.0,992805
2021-06-17 10:03:35,553.75,993196
2021-06-17 10:03:36,553.85,993197
2021-06-17 10:03:37,554.0,993267
2021-06-17 10:03:38,554.0,993267
2021-06-17 10:03:39,554.1,998323
2021-06-17 10:03:40,554.05,999936
2021-06-17 10:03:41,554.05,999961
2021-06-17 10:03:42,554.05,999961
2021-06-17 10:03:43,554.05,1000012
2021-06-17 10:03:44,554.3,1000042
2021-06-17 10:03:45,554.1,1000055
2021-06-17 10:03:47,554.3,1000070
2021-06-17 10:03:48,554.3,1000107
2021-06-17 10:03:49,554.3,1000117
2021-06-17 10:03:50,554.3,1000127
2021-06-17 10:03:51,554.3,1000127
2021-06-17 10:03:52,554.3,1000130
2021-06-17 10:03:53,554.3,1000282
2021-06-17 10:03:54,554.3,1000430
2021-06-17 10:03:55,554.2,1000440
2021-06-17 10:03:56,554.15,1000441
2021-06-17 10:03:57,554.15,1000441
2021-06-17 10:03:58,554.15,1000480
2021-06-17 10:04:00,554.15,1000730
2021-06-17 10:04:01,554.3,1000780
2021-06-17 10:04:02,554.15,1000903
2021-06-17 10:04:03,554.3,1000909
2021-06-17 10:04:04,554.15,1000917
2021-06-17 10:04:05,554.15,1000922
2021-06-17 10:04:06,554.3,1005428
2021-06-17 10:04:07,554.3,1005528
2021-06-17 10:04:08,554.3,1005556
2021-06-17 10:04:10,554.15,1005586
2021-06-17 10:04:11,554.15,1005586
2021-06-17 10:04:12,554.15,1005586
2021-06-17 10:04:13,554.15,1005701
2021-06-17 10:04:14,554.15,1005701
2021-06-17 10:04:15,554.3,1005762
2021-06-17 10:04:16,554.15,1005789
2021-06-17 10:04:17,554.15,1005790
2021-06-17 10:04:18,554.3,1008186
2021-06-17 10:04:19,554.15,1008188
2021-06-17 10:04:20,554.15,1008288
2021-06-17 10:04:21,554.2,1008310
2021-06-17 10:04:22,554.2,1008310
2021-06-17 10:04:23,554.2,1008580
2021-06-17 10:04:24,554.15,1009024
2021-06-17 10:04:25,554.15,1009024
2021-06-17 10:04:26,554.0,1009033
2021-06-17 10:04:28,554.05,1009038
2021-06-17 10:04:27,554.05,1009038
2021-06-17 10:04:29,554.05,1009047
2021-06-17 10:04:30,554.15,1009734
2021-06-17 10:04:31,554.05,1009754
2021-06-17 10:04:32,554.15,1013487
2021-06-17 10:04:33,554.1,1013612
2021-06-17 10:04:34,554.1,1013612
2021-06-17 10:04:35,554.1,1013663
2021-06-17 10:04:36,554.1,1013664
2021-06-17 10:04:38,554.0,1013998
2021-06-17 10:04:39,554.0,1013998
2021-06-17 10:04:40,554.0,1013998
2021-06-17 10:04:41,554.1,1014012
2021-06-17 10:04:42,554.0,1014037
2021-06-17 10:04:43,554.0,1014075
2021-06-17 10:04:44,554.0,1014075
2021-06-17 10:04:45,554.0,1014075
2021-06-17 10:04:46,554.1,1014080
2021-06-17 10:04:47,554.1,1014106
2021-06-17 10:04:48,554.1,1014119
2021-06-17 10:04:50,554.1,1014173
2021-06-17 10:04:51,554.1,1014287
2021-06-17 10:04:52,554.15,1014395
2021-06-17 10:04:53,554.15,1014395
2021-06-17 10:04:54,554.1,1014575
2021-06-17 10:04:55,554.1,1014575
2021-06-17 10:04:57,554.2,1014585
2021-06-17 10:04:58,554.2,1014585
2021-06-17 10:04:59,554.2,1014668
2021-06-17 10:05:01,554.15,1014698
2021-06-17 10:05:02,554.15,1014698
2021-06-17 10:05:03,554.2,1014787
2021-06-17 10:05:04,554.15,1014791
2021-06-17 10:05:05,554.15,1015334
2021-06-17 10:05:06,554.15,1015334
2021-06-17 10:05:07,554.2,1015351
2021-06-17 10:05:08,554.2,1015364
2021-06-17 10:05:09,554.2,1015368
2021-06-17 10:05:10,554.25,1018464
2021-06-17 10:05:12,554.2,1018575
2021-06-17 10:05:13,554.25,1018589
2021-06-17 10:05:13,554.25,1018589
2021-06-17 10:05:14,554.25,1019497
2021-06-17 10:05:15,554.15,1019498
2021-06-17 10:05:16,554.2,1019680
2021-06-17 10:05:17,554.2,1019680
2021-06-17 10:05:18,554.2,1019680
2021-06-17 10:05:19,554.15,1020262
2021-06-17 10:05:20,554.15,1020297
2021-06-17 10:05:22,554.25,1020310
2021-06-17 10:05:23,554.15,1020317
2021-06-17 10:05:24,554.15,1020617
2021-06-17 10:05:24,554.25,1020636
2021-06-17 10:05:25,554.25,1020661
2021-06-17 10:05:27,554.25,1020772
2021-06-17 10:05:28,554.25,1020784
2021-06-17 10:05:29,554.25,1020896
2021-06-17 10:05:30,554.2,1020916
2021-06-17 10:05:31,554.15,1020946
2021-06-17 10:05:32,554.1,1020983
2021-06-17 10:05:33,554.1,1020985
2021-06-17 10:05:34,554.2,1021007
2021-06-17 10:05:35,554.15,1021008
2021-06-17 10:05:36,554.15,1021008
2021-06-17 10:05:37,554.15,1021008
2021-06-17 10:05:38,554.2,1021071
2021-06-17 10:05:39,554.1,1021073
2021-06-17 10:05:40,554.2,1021102
2021-06-17 10:05:42,554.1,1021107
2021-06-17 10:05:42,554.1,1021107
2021-06-17 10:05:43,554.2,1021263
2021-06-17 10:05:44,554.1,1021808
2021-06-17 10:05:45,554.1,1021808
2021-06-17 10:05:46,554.1,1021808
2021-06-17 10:05:47,554.15,1021819
2021-06-17 10:05:48,554.15,1021944
2021-06-17 10:05:50,554.05,1022426
2021-06-17 10:05:50,554.05,1022426
2021-06-17 10:05:52,553.9,1024097
2021-06-17 10:05:53,554.0,1024108
2021-06-17 10:05:54,553.95,1025720
2021-06-17 10:05:55,553.95,1025869
2021-06-17 10:05:56,553.7,1026927
2021-06-17 10:05:59,553.9,1026996
2021-06-17 10:06:01,553.9,1026996
2021-06-17 10:06:01,553.9,1027608
2021-06-17 10:06:03,553.6,1028229
2021-06-17 10:06:03,553.6,1028229
2021-06-17 10:06:04,553.65,1028262
2021-06-17 10:06:05,553.65,1028267
2021-06-17 10:06:06,553.65,1028287
2021-06-17 10:06:07,553.65,1028419
2021-06-17 10:06:08,553.7,1030294
2021-06-17 10:06:09,553.55,1030394
2021-06-17 10:06:10,553.55,1030752
2021-06-17 10:06:11,553.65,1030891
2021-06-17 10:06:12,553.55,1031011
2021-06-17 10:06:13,553.75,1031575
2021-06-17 10:06:14,553.55,1031605
2021-06-17 10:06:15,553.8,1031613
2021-06-17 10:06:17,553.55,1031634
2021-06-17 10:06:18,553.8,1031680
2021-06-17 10:06:19,553.6,1032263
2021-06-17 10:06:20,553.8,1032270
2021-06-17 10:06:21,553.8,1032300
2021-06-17 10:06:23,553.75,1032307
2021-06-17 10:06:23,553.75,1032302
2021-06-17 10:06:24,553.75,1032310
2021-06-17 10:06:25,553.75,1032351
2021-06-17 10:06:26,553.75,1032467
2021-06-17 10:06:27,553.75,1032507
2021-06-17 10:06:28,553.6,1032830
2021-06-17 10:06:29,553.55,1032930
2021-06-17 10:06:30,553.7,1032955
2021-06-17 10:06:32,553.55,1033088
2021-06-17 10:06:32,553.7,1033089
2021-06-17 10:06:34,553.6,1034298
2021-06-17 10:06:35,553.6,1034300
2021-06-17 10:06:36,553.5,1036500
2021-06-17 10:06:37,553.55,1036503
2021-06-17 10:06:38,553.6,1036507
2021-06-17 10:06:39,553.6,1036516
2021-06-17 10:06:41,553.6,1036534
2021-06-17 10:06:40,553.75,1036526
2021-06-17 10:06:46,553.55,1038449
2021-06-17 10:06:51,553.55,1038604
2021-06-17 10:06:55,553.55,1038833
2021-06-17 10:07:00,553.55,1039267
2021-06-17 10:07:04,553.75,1039447
2021-06-17 10:07:09,553.7,1040967
2021-06-17 10:07:14,553.7,1041621
2021-06-17 10:07:18,553.55,1042145
2021-06-17 10:07:23,553.7,1042687
2021-06-17 10:07:28,553.7,1042899
2021-06-17 10:07:32,553.7,1043233
2021-06-17 10:07:36,553.7,1044845
2021-06-17 10:07:41,553.7,1045279
2021-06-17 10:07:45,553.7,1045687
2021-06-17 10:07:50,553.6,1046567
2021-06-17 10:07:54,553.75,1046780
2021-06-17 10:07:58,553.75,1047084
2021-06-17 10:08:05,553.75,1047600
2021-06-17 10:08:09,553.75,1047838
2021-06-17 10:08:13,553.45,1056251
2021-06-17 10:08:18,553.2,1058379
2021-06-17 10:08:22,553.05,1059863
2021-06-17 10:08:27,553.2,1064141
2021-06-17 10:08:32,553.0,1064683
2021-06-17 10:08:36,553.05,1065381
2021-06-17 10:08:40,553.05,1066525
2021-06-17 10:08:44,553.25,1069327
2021-06-17 10:08:47,553.5,1069778
2021-06-17 10:08:52,553.45,1069833
2021-06-17 10:08:56,553.25,1069959
2021-06-17 10:09:01,553.35,1070186
2021-06-17 10:09:06,553.2,1074478
2021-06-17 10:09:10,553.2,1075130
2021-06-17 10:09:14,553.15,1075157
2021-06-17 10:09:18,553.2,1075339
2021-06-17 10:09:22,553.35,1075957
2021-06-17 10:09:26,553.3,1077849
2021-06-17 10:09:31,553.15,1078040
2021-06-17 10:09:35,553.15,1078092
2021-06-17 10:09:40,553.3,1078702
2021-06-17 10:09:45,553.35,1079956
2021-06-17 10:09:49,553.3,1079965
2021-06-17 10:09:53,553.2,1080645
2021-06-17 10:09:58,553.3,1080912
2021-06-17 10:10:02,553.3,1080954
2021-06-17 10:10:07,553.3,1081013
2021-06-17 10:10:11,553.2,1085250
2021-06-17 10:10:15,553.15,1086418
2021-06-17 10:10:19,553.25,1086866
2021-06-17 10:10:23,553.25,1087632
2021-06-17 10:10:27,553.2,1088538
2021-06-17 10:10:31,553.3,1088803
2021-06-17 10:10:35,553.3,1088932
2021-06-17 10:10:39,553.3,1089011
2021-06-17 10:10:42,553.3,1089295
2021-06-17 10:10:46,553.2,1089917
2021-06-17 10:10:50,553.3,1090435
2021-06-17 10:10:54,553.3,1094408
2021-06-17 10:10:58,553.25,1095676
2021-06-17 10:11:01,553.05,1095685
2021-06-17 10:11:05,553.05,1095830
2021-06-17 10:11:09,553.2,1096076
2021-06-17 10:11:13,553.2,1096276
2021-06-17 10:11:17,553.2,1096384
2021-06-17 10:11:21,553.2,1096579
2021-06-17 10:11:25,553.2,1096973
2021-06-17 10:11:29,553.25,1097025
2021-06-17 10:11:34,553.3,1097390
2021-06-17 10:11:38,553.3,1098268
2021-06-17 10:11:42,553.4,1098322
2021-06-17 10:11:46,553.3,1098432
2021-06-17 10:11:50,553.6,1105145
2021-06-17 10:11:55,553.7,1105640
2021-06-17 10:12:00,553.7,1105986
2021-06-17 10:12:05,553.9,1106209
2021-06-17 10:12:09,553.7,1106982
2021-06-17 10:12:13,553.9,1107397
2021-06-17 10:12:17,553.9,1107620
2021-06-17 10:12:21,553.85,1112749
2021-06-17 10:12:26,553.8,1114386
2021-06-17 10:12:31,553.75,1116844
2021-06-17 10:12:36,553.75,1116919
2021-06-17 10:12:41,553.75,1118100
2021-06-17 10:12:45,553.75,1118388
2021-06-17 10:12:49,553.75,1118763
2021-06-17 10:12:53,553.85,1119108
2021-06-17 10:12:57,553.85,1119118
2021-06-17 10:13:01,553.75,1119455
2021-06-17 10:13:06,553.85,1119592
2021-06-17 10:13:10,553.9,1119621
2021-06-17 10:13:14,553.9,1119671
2021-06-17 10:13:19,553.9,1119922
2021-06-17 10:13:23,553.9,1119982
2021-06-17 10:13:27,554.0,1120339
2021-06-17 10:13:31,553.95,1120582
2021-06-17 10:13:36,553.95,1120896
2021-06-17 10:13:40,554.0,1121653
2021-06-17 10:13:44,554.0,1122130
2021-06-17 10:13:49,554.0,1122208
2021-06-17 10:13:53,553.95,1122264
2021-06-17 10:13:57,554.0,1122283
2021-06-17 10:14:01,553.95,1122423
2021-06-17 10:14:05,554.0,1122722
2021-06-17 10:14:10,554.0,1124509
2021-06-17 10:14:13,554.0,1124513
2021-06-17 10:14:17,553.95,1124764
2021-06-17 10:14:21,554.0,1125014
2021-06-17 10:14:25,554.0,1125016
2021-06-17 10:14:28,554.0,1125292
2021-06-17 10:14:32,554.2,1126771
2021-06-17 10:14:36,554.05,1126783
2021-06-17 10:14:40,554.25,1126926
2021-06-17 10:14:45,554.25,1127086
2021-06-17 10:14:49,554.2,1128569
2021-06-17 10:14:57,554.25,1128640
2021-06-17 10:15:01,554.2,1128893
2021-06-17 10:15:06,554.2,1128898
2021-06-17 10:15:14,554.25,1129211
2021-06-17 10:15:18,554.25,1129444
2021-06-17 10:15:22,554.25,1129472
2021-06-17 10:15:26,554.25,1129603
2021-06-17 10:15:33,554.3,1129960
2021-06-17 10:15:37,554.35,1130679
2021-06-17 10:15:41,554.35,1131010
2021-06-17 10:15:45,554.45,1131844
2021-06-17 10:15:49,554.3,1131934
2021-06-17 10:15:52,554.4,1131974
2021-06-17 10:15:56,554.4,1132149
2021-06-17 10:16:00,554.35,1132309
2021-06-17 10:16:04,554.4,1132314
2021-06-17 10:16:08,554.45,1132532
2021-06-17 10:16:12,554.35,1132680
2021-06-17 10:16:16,554.45,1133950
2021-06-17 10:16:20,554.4,1134482
2021-06-17 10:16:24,554.4,1134563
2021-06-17 10:16:27,554.45,1134655
2021-06-17 10:16:31,554.4,1135043
2021-06-17 10:16:35,554.35,1144722
2021-06-17 10:16:39,554.35,1145422
2021-06-17 10:16:43,554.4,1146406
2021-06-17 10:16:47,554.3,1147949
2021-06-17 10:16:51,554.3,1148912
2021-06-17 10:16:55,554.4,1149398
2021-06-17 10:17:00,554.4,1149499
2021-06-17 10:17:04,554.3,1150094
2021-06-17 10:17:08,554.3,1150664
2021-06-17 10:17:11,554.3,1151053
2021-06-17 10:17:15,554.5,1155877
2021-06-17 10:17:20,554.45,1156026
2021-06-17 10:17:24,554.5,1156284
2021-06-17 10:17:29,554.65,1156318
2021-06-17 10:17:33,554.8,1157125
2021-06-17 10:17:37,554.8,1157484
2021-06-17 10:17:41,554.65,1157794
2021-06-17 10:17:45,554.85,1157903
2021-06-17 10:17:49,554.85,1159136
2021-06-17 10:17:53,554.8,1159610
2021-06-17 10:17:57,554.8,1159619
2021-06-17 10:18:01,554.45,1160333
2021-06-17 10:18:06,554.3,1160984
2021-06-17 10:18:11,554.4,1161165
2021-06-17 10:18:15,554.3,1161213
2021-06-17 10:18:19,554.3,1161334
2021-06-17 10:18:27,554.25,1161919
2021-06-17 10:18:31,554.3,1162325
2021-06-17 10:18:35,554.5,1162413
2021-06-17 10:18:39,554.55,1162554
2021-06-17 10:18:43,554.35,1162641
2021-06-17 10:18:47,554.5,1163005
2021-06-17 10:18:51,554.5,1163212
2021-06-17 10:18:55,554.5,1164398
2021-06-17 10:19:00,554.45,1165205
2021-06-17 10:19:04,554.25,1166412
2021-06-17 10:19:08,554.45,1166574
2021-06-17 10:19:13,554.25,1166579
2021-06-17 10:19:17,554.35,1166714
2021-06-17 10:19:21,554.3,1166775
2021-06-17 10:19:25,554.4,1167192
2021-06-17 10:19:29,554.4,1169818
2021-06-17 10:19:33,554.3,1170127
2021-06-17 10:19:37,554.3,1170130
2021-06-17 10:19:41,554.3,1170217
2021-06-17 10:19:45,554.35,1170797
2021-06-17 10:19:49,554.35,1171044
2021-06-17 10:19:53,554.4,1171056
2021-06-17 10:19:58,554.35,1173088
2021-06-17 10:20:01,554.25,1173494
2021-06-17 10:20:05,554.25,1173642
2021-06-17 10:20:10,554.0,1175398
2021-06-17 10:20:14,554.0,1176001
2021-06-17 10:20:19,554.15,1176039
2021-06-17 10:20:23,554.0,1177394
2021-06-17 10:20:27,554.0,1177730
2021-06-17 10:20:31,554.0,1177764
2021-06-17 10:20:35,554.15,1177767
2021-06-17 10:20:38,554.15,1177787
2021-06-17 10:20:46,554.15,1177937
2021-06-17 10:20:50,554.15,1177967
2021-06-17 10:20:53,554.15,1178069
2021-06-17 10:20:57,554.1,1178595
2021-06-17 10:21:02,554.15,1179015
2021-06-17 10:21:06,554.1,1179537
2021-06-17 10:21:10,554.1,1179889
2021-06-17 10:21:14,554.1,1181153
2021-06-17 10:21:18,554.3,1182544
2021-06-17 10:21:21,554.35,1182813
2021-06-17 10:21:25,554.1,1183114
2021-06-17 10:21:29,554.35,1183164
2021-06-17 10:21:33,554.25,1184348
2021-06-17 10:21:38,554.35,1184461
2021-06-17 10:21:42,554.4,1185044
2021-06-17 10:21:43,554.4,1185044
2021-06-17 10:21:44,554.4,1185054
2021-06-17 10:21:45,554.35,1185236
2021-06-17 10:21:47,554.35,1185429
2021-06-17 10:21:49,554.4,1186092
2021-06-17 10:21:51,554.35,1186093
2021-06-17 10:21:52,554.4,1186197
2021-06-17 10:21:53,554.4,1186297
2021-06-17 10:21:54,554.4,1186391
2021-06-17 10:21:54,554.4,1186417
2021-06-17 10:21:55,554.6,1188495
2021-06-17 10:21:56,554.4,1188547
2021-06-17 10:21:57,554.4,1190781
2021-06-17 10:21:58,554.35,1190826
2021-06-17 10:22:00,554.25,1193059
2021-06-17 10:22:01,554.25,1193609
2021-06-17 10:22:02,554.25,1193611
2021-06-17 10:22:03,554.3,1193911
2021-06-17 10:22:03,554.3,1193911
2021-06-17 10:22:04,554.3,1193935
2021-06-17 10:22:05,554.35,1193940
2021-06-17 10:22:07,554.3,1193952
2021-06-17 10:22:08,554.15,1193974
2021-06-17 10:22:08,554.3,1193987
2021-06-17 10:22:09,554.15,1194109
2021-06-17 10:22:11,554.15,1194609
2021-06-17 10:22:12,554.3,1194654
2021-06-17 10:22:13,554.3,1194654
2021-06-17 10:22:14,554.3,1194654
2021-06-17 10:22:15,554.25,1194655
2021-06-17 10:22:17,553.7,1199626
2021-06-17 10:22:18,553.9,1200962
2021-06-17 10:22:19,554.0,1200969
2021-06-17 10:22:20,554.0,1200969
2021-06-17 10:22:21,554.0,1200969
2021-06-17 10:22:22,554.0,1200970
2021-06-17 10:22:23,553.85,1200996
2021-06-17 10:22:24,554.0,1201048
2021-06-17 10:22:25,553.9,1201049
2021-06-17 10:22:26,553.9,1201049
2021-06-17 10:22:27,553.9,1201049
2021-06-17 10:22:28,554.0,1201787
2021-06-17 10:22:29,554.05,1201858
2021-06-17 10:22:30,554.25,1201859
2021-06-17 10:22:30,554.25,1201859
2021-06-17 10:22:31,554.25,1201864
2021-06-17 10:22:32,554.25,1201864
2021-06-17 10:22:34,554.25,1201882
2021-06-17 10:22:35,554.25,1202101
2021-06-17 10:22:36,554.15,1202134
2021-06-17 10:22:37,554.15,1202134
2021-06-17 10:22:38,554.2,1202152
2021-06-17 10:22:39,554.2,1202152
2021-06-17 10:22:40,554.1,1202153
2021-06-17 10:22:41,554.1,1202206
2021-06-17 10:22:43,554.1,1202206
2021-06-17 10:22:43,554.1,1202206
2021-06-17 10:22:45,554.1,1202234
2021-06-17 10:22:46,554.1,1202235
2021-06-17 10:22:47,554.1,1202235
2021-06-17 10:22:48,554.05,1202237
2021-06-17 10:22:49,554.1,1202249
2021-06-17 10:22:50,554.1,1202249
2021-06-17 10:22:51,554.05,1202250
2021-06-17 10:22:52,554.05,1202256
2021-06-17 10:22:53,554.05,1202264
2021-06-17 10:22:54,554.05,1202650
2021-06-17 10:22:55,554.05,1202651
2021-06-17 10:22:56,554.05,1202697
2021-06-17 10:22:57,554.05,1202709
2021-06-17 10:22:57,554.05,1202709
2021-06-17 10:22:58,554.2,1202725
2021-06-17 10:22:59,554.2,1202725
2021-06-17 10:23:02,554.2,1202735
2021-06-17 10:23:03,554.2,1202735
2021-06-17 10:23:03,554.2,1202735
2021-06-17 10:23:04,554.2,1202735
2021-06-17 10:23:06,554.05,1202843
2021-06-17 10:23:06,554.05,1202844
2021-06-17 10:23:07,554.05,1202844
2021-06-17 10:23:08,554.2,1202856
2021-06-17 10:23:10,554.2,1202895
2021-06-17 10:23:11,554.2,1202895
2021-06-17 10:23:12,554.05,1202901
2021-06-17 10:23:13,554.3,1203083
2021-06-17 10:23:14,554.25,1203095
2021-06-17 10:23:15,554.3,1203145
2021-06-17 10:23:16,554.3,1203174
2021-06-17 10:23:17,554.35,1203199
2021-06-17 10:23:18,554.35,1203211
2021-06-17 10:23:19,554.35,1203211
2021-06-17 10:23:20,554.05,1203411
2021-06-17 10:23:21,554.05,1203412
2021-06-17 10:23:22,554.3,1203430
2021-06-17 10:23:23,554.3,1203430
2021-06-17 10:23:24,554.3,1203580
2021-06-17 10:23:25,554.3,1203580
2021-06-17 10:23:26,554.1,1203610
2021-06-17 10:23:27,554.3,1204130
2021-06-17 10:23:28,554.3,1204130
2021-06-17 10:23:29,554.3,1204135
2021-06-17 10:23:30,554.3,1204135
2021-06-17 10:23:31,554.3,1204285
2021-06-17 10:23:32,554.3,1204398
2021-06-17 10:23:33,554.3,1204419
2021-06-17 10:23:34,554.1,1204469
2021-06-17 10:23:35,554.05,1204619
2021-06-17 10:23:36,554.05,1204619
2021-06-17 10:23:37,554.05,1204619
2021-06-17 10:23:37,554.05,1204619
2021-06-17 10:23:38,554.05,1204619
2021-06-17 10:23:39,554.2,1204621
2021-06-17 10:23:40,554.2,1204631
2021-06-17 10:23:41,554.2,1204633
2021-06-17 10:23:43,554.15,1204735
2021-06-17 10:23:44,554.15,1204735
2021-06-17 10:23:45,554.2,1204835
2021-06-17 10:23:46,554.15,1204845
2021-06-17 10:23:47,554.05,1204857
2021-06-17 10:23:48,554.05,1204857
2021-06-17 10:23:48,554.15,1204889
2021-06-17 10:23:50,554.15,1204889
2021-06-17 10:23:51,554.15,1205002
2021-06-17 10:23:52,554.05,1205010
2021-06-17 10:23:53,554.05,1205030
2021-06-17 10:23:54,554.15,1205072
2021-06-17 10:23:55,554.1,1205123
2021-06-17 10:23:56,554.1,1205123
2021-06-17 10:23:57,554.05,1205124
2021-06-17 10:23:58,554.05,1205124
2021-06-17 10:23:59,554.05,1205238
2021-06-17 10:24:00,554.1,1205239
2021-06-17 10:24:01,554.05,1205245
2021-06-17 10:24:02,554.1,1205246
2021-06-17 10:24:03,554.05,1205249
2021-06-17 10:24:05,554.05,1205251
2021-06-17 10:24:04,554.05,1205251
2021-06-17 10:24:06,554.05,1205251
2021-06-17 10:24:07,554.05,1205251
2021-06-17 10:24:08,554.1,1205314
2021-06-17 10:24:09,554.1,1205314
2021-06-17 10:24:10,554.1,1205620
2021-06-17 10:24:11,554.1,1205621
2021-06-17 10:24:12,554.05,1205624
2021-06-17 10:24:13,554.05,1205624
2021-06-17 10:24:15,554.1,1205647
2021-06-17 10:24:17,554.1,1205678
2021-06-17 10:24:18,554.1,1205747
2021-06-17 10:24:19,554.05,1205782
2021-06-17 10:24:20,554.05,1205782
2021-06-17 10:24:21,554.1,1205982
2021-06-17 10:24:22,554.1,1205982
2021-06-17 10:24:23,554.1,1206023
2021-06-17 10:24:24,554.05,1206024
2021-06-17 10:24:25,554.05,1206079
2021-06-17 10:24:26,554.05,1206131
2021-06-17 10:24:27,554.1,1206133
2021-06-17 10:24:28,554.1,1206145
2021-06-17 10:24:30,554.1,1206288
2021-06-17 10:24:31,554.1,1206288
2021-06-17 10:24:32,554.1,1206318
2021-06-17 10:24:33,554.1,1206318
2021-06-17 10:24:34,554.15,1206346
2021-06-17 10:24:35,554.15,1206346
2021-06-17 10:24:37,554.1,1206355
2021-06-17 10:24:36,554.15,1206354
2021-06-17 10:24:38,554.15,1206359
2021-06-17 10:24:39,554.15,1206582
2021-06-17 10:24:41,554.1,1206583
2021-06-17 10:24:40,554.1,1206583
2021-06-17 10:24:42,554.1,1206583
2021-06-17 10:24:44,554.15,1206801
2021-06-17 10:24:46,554.15,1206822
2021-06-17 10:24:47,554.2,1207008
2021-06-17 10:24:48,554.25,1207030
2021-06-17 10:24:49,554.25,1207166
2021-06-17 10:24:50,554.3,1207188
2021-06-17 10:24:51,554.3,1207188
2021-06-17 10:24:52,554.25,1207191
2021-06-17 10:24:53,554.3,1207193
2021-06-17 10:24:54,554.25,1207244
2021-06-17 10:24:56,554.3,1207329
2021-06-17 10:24:55,554.3,1207245
2021-06-17 10:24:57,554.3,1207475
2021-06-17 10:24:58,554.25,1207512
2021-06-17 10:24:59,554.3,1207555
2021-06-17 10:25:01,554.3,1207582
2021-06-17 10:25:00,554.3,1207582
2021-06-17 10:25:02,554.25,1207585
2021-06-17 10:25:03,554.3,1207812
2021-06-17 10:25:04,554.25,1207813
2021-06-17 10:25:05,554.25,1207813
2021-06-17 10:25:06,554.3,1207817
2021-06-17 10:25:07,554.3,1207936
2021-06-17 10:25:08,554.3,1207948
2021-06-17 10:25:09,554.3,1207979
2021-06-17 10:25:10,554.3,1208016
2021-06-17 10:25:11,554.25,1208023
2021-06-17 10:25:12,554.25,1208025
2021-06-17 10:25:13,554.25,1208027
2021-06-17 10:25:14,554.3,1208028
2021-06-17 10:25:15,554.3,1209501
2021-06-17 10:25:16,554.3,1209501
2021-06-17 10:25:17,554.3,1209501
2021-06-17 10:25:19,554.25,1210017
2021-06-17 10:25:20,554.35,1210021
2021-06-17 10:25:21,554.35,1210022
2021-06-17 10:25:22,554.5,1210075
2021-06-17 10:25:23,554.35,1210102
2021-06-17 10:25:24,554.4,1210125
2021-06-17 10:25:25,554.35,1210309
2021-06-17 10:25:26,554.4,1210422
2021-06-17 10:25:27,554.35,1210559
2021-06-17 10:25:28,554.4,1210564
2021-06-17 10:25:29,554.4,1210606
2021-06-17 10:25:30,554.4,1210706
2021-06-17 10:25:31,554.4,1210706
2021-06-17 10:25:32,554.4,1210706
2021-06-17 10:25:33,554.4,1210706
2021-06-17 10:25:34,554.4,1210711
2021-06-17 10:25:35,554.4,1210711
2021-06-17 10:25:36,554.4,1210711
2021-06-17 10:25:37,554.35,1210715
2021-06-17 10:25:38,554.35,1210715
2021-06-17 10:25:39,554.4,1210760
2021-06-17 10:25:40,554.4,1210762
2021-06-17 10:25:41,554.35,1210791
2021-06-17 10:25:42,554.35,1210791
2021-06-17 10:25:43,554.35,1210800
2021-06-17 10:25:44,554.35,1210801
2021-06-17 10:25:45,554.4,1210976
2021-06-17 10:25:46,554.35,1211036
2021-06-17 10:25:47,554.35,1211036
2021-06-17 10:25:49,554.4,1211091
2021-06-17 10:25:50,554.4,1211101
2021-06-17 10:25:51,554.4,1211101
2021-06-17 10:25:53,554.4,1211204
2021-06-17 10:25:54,554.4,1211204
2021-06-17 10:25:55,554.4,1211266
2021-06-17 10:25:56,554.35,1211318
2021-06-17 10:25:57,554.4,1211351
2021-06-17 10:25:58,554.35,1211376
2021-06-17 10:25:59,554.4,1211418
2021-06-17 10:26:00,554.4,1211423
2021-06-17 10:26:01,554.4,1211426
2021-06-17 10:26:02,554.35,1211428
2021-06-17 10:26:03,554.35,1211489
2021-06-17 10:26:04,554.4,1211651
2021-06-17 10:26:05,554.35,1211777
2021-06-17 10:26:06,554.35,1211777
2021-06-17 10:26:07,554.35,1211777
2021-06-17 10:26:08,554.35,1211793
2021-06-17 10:26:09,554.4,1211873
2021-06-17 10:26:10,554.4,1211873
2021-06-17 10:26:11,554.4,1211898
2021-06-17 10:26:12,554.4,1211899
2021-06-17 10:26:13,554.45,1212892
2021-06-17 10:26:14,554.45,1212897
2021-06-17 10:26:16,554.45,1212909
2021-06-17 10:26:16,554.45,1212909
2021-06-17 10:26:18,554.45,1212914
2021-06-17 10:26:19,554.45,1212927
2021-06-17 10:26:20,554.45,1212947
2021-06-17 10:26:21,554.45,1212947
2021-06-17 10:26:22,554.4,1212974
2021-06-17 10:26:23,554.45,1213530
2021-06-17 10:26:24,554.5,1213556
2021-06-17 10:26:25,554.45,1213687
2021-06-17 10:26:26,554.5,1213795
2021-06-17 10:26:27,554.5,1213795
2021-06-17 10:26:28,554.5,1213829
2021-06-17 10:26:29,554.5,1213989
2021-06-17 10:26:31,554.5,1213990
2021-06-17 10:26:32,554.45,1214051
2021-06-17 10:26:32,554.45,1214050
2021-06-17 10:26:33,554.5,1214267
2021-06-17 10:26:34,554.45,1214382
2021-06-17 10:26:35,554.45,1214475
2021-06-17 10:26:36,554.45,1214477
2021-06-17 10:26:37,554.45,1214554
2021-06-17 10:26:38,554.45,1214555
2021-06-17 10:26:39,554.5,1214603
2021-06-17 10:26:40,554.5,1214603
2021-06-17 10:26:41,554.45,1214606
2021-06-17 10:26:45,554.45,1215484
2021-06-17 10:26:48,554.5,1215663
2021-06-17 10:26:52,554.45,1215810
2021-06-17 10:26:56,554.45,1215984
2021-06-17 10:27:01,554.5,1216217
2021-06-17 10:27:04,554.5,1216557
2021-06-17 10:27:08,554.5,1216797
2021-06-17 10:27:12,554.5,1216900
2021-06-17 10:27:16,554.5,1216955
2021-06-17 10:27:20,554.5,1217137
2021-06-17 10:27:24,554.5,1217156
2021-06-17 10:27:28,554.55,1217972
2021-06-17 10:27:32,554.55,1218239
2021-06-17 10:27:37,554.55,1218273
2021-06-17 10:27:44,554.55,1219067
2021-06-17 10:27:48,554.65,1221364
2021-06-17 10:27:52,554.7,1221589
2021-06-17 10:27:56,554.7,1221854
2021-06-17 10:28:00,554.7,1222104
2021-06-17 10:28:04,554.8,1222454
2021-06-17 10:28:09,554.8,1222598
2021-06-17 10:28:13,554.8,1223892
2021-06-17 10:28:18,554.85,1224863
2021-06-17 10:28:22,554.8,1227759
2021-06-17 10:28:26,554.95,1228414
2021-06-17 10:28:29,554.95,1230336
2021-06-17 10:28:33,554.8,1231402
2021-06-17 10:28:37,554.95,1232373
2021-06-17 10:28:40,554.85,1232557
2021-06-17 10:28:48,554.95,1233142
2021-06-17 10:28:52,554.85,1233624
2021-06-17 10:28:55,554.85,1234247
2021-06-17 10:28:59,554.95,1234275
2021-06-17 10:29:03,554.95,1234849
2021-06-17 10:29:06,554.95,1234875
2021-06-17 10:29:10,554.95,1235354
2021-06-17 10:29:14,554.95,1235508
2021-06-17 10:29:18,554.95,1235638
2021-06-17 10:29:21,554.95,1236353
2021-06-17 10:29:25,554.95,1236445
2021-06-17 10:29:29,555.0,1238540
2021-06-17 10:29:33,555.0,1239503
2021-06-17 10:29:37,555.0,1239637
2021-06-17 10:29:41,554.95,1240109
2021-06-17 10:29:45,554.95,1241861
2021-06-17 10:29:49,555.15,1247088
2021-06-17 10:29:53,555.15,1247262
2021-06-17 10:29:57,555.0,1249205
2021-06-17 10:30:01,555.0,1249348
2021-06-17 10:30:06,555.0,1249799
2021-06-17 10:30:10,555.05,1249955
2021-06-17 10:30:14,555.15,1250822
2021-06-17 10:30:18,555.2,1251180
2021-06-17 10:30:22,555.2,1253619
2021-06-17 10:30:26,555.2,1255318
2021-06-17 10:30:30,555.15,1261312
2021-06-17 10:30:33,555.3,1261779
2021-06-17 10:30:37,555.35,1261902
2021-06-17 10:30:40,555.35,1261948
2021-06-17 10:30:44,555.4,1264026
2021-06-17 10:30:48,555.25,1269360
2021-06-17 10:30:52,555.25,1270311
2021-06-17 10:30:56,555.25,1270734
2021-06-17 10:31:00,555.3,1271214
2021-06-17 10:31:03,555.2,1273462
2021-06-17 10:31:07,555.2,1273798
2021-06-17 10:31:14,555.2,1274673
2021-06-17 10:31:18,555.05,1274731
2021-06-17 10:31:21,555.2,1274772
2021-06-17 10:31:25,555.1,1275118
2021-06-17 10:31:29,555.05,1276212
2021-06-17 10:31:33,555.1,1276236
2021-06-17 10:31:37,555.1,1278419
2021-06-17 10:31:40,555.05,1278836
2021-06-17 10:31:44,555.05,1279279
2021-06-17 10:31:49,555.0,1280041
2021-06-17 10:31:53,555.1,1280091
2021-06-17 10:31:56,555.0,1280109
2021-06-17 10:32:00,555.1,1280152
2021-06-17 10:32:03,555.05,1280811
2021-06-17 10:32:07,555.0,1282371
2021-06-17 10:32:10,554.9,1284157
2021-06-17 10:32:14,554.9,1284791
2021-06-17 10:32:17,554.95,1286047
2021-06-17 10:32:20,555.0,1286441
2021-06-17 10:32:24,555.0,1286600
2021-06-17 10:32:28,554.95,1286672
2021-06-17 10:32:36,554.9,1286956
2021-06-17 10:32:39,554.95,1287102
2021-06-17 10:32:43,554.95,1287274
2021-06-17 10:32:47,555.0,1287817
2021-06-17 10:32:50,555.15,1291606
2021-06-17 10:32:54,555.15,1292881
2021-06-17 10:32:57,555.15,1293938
2021-06-17 10:33:01,555.2,1295731
2021-06-17 10:33:05,555.25,1295972
2021-06-17 10:33:09,555.25,1296178
2021-06-17 10:33:12,555.35,1297603
2021-06-17 10:33:22,555.65,1301643
2021-06-17 10:33:26,555.8,1303912
2021-06-17 10:33:30,555.75,1304481
2021-06-17 10:33:34,555.8,1305604
2021-06-17 10:33:38,555.8,1307767
2021-06-17 10:33:42,555.8,1308828
2021-06-17 10:33:46,555.75,1309881
2021-06-17 10:33:49,555.8,1310095
2021-06-17 10:33:53,555.8,1311657
2021-06-17 10:34:01,555.6,1313377
2021-06-17 10:34:05,555.75,1313917
2021-06-17 10:34:09,555.75,1314465
2021-06-17 10:34:13,555.6,1314727
2021-06-17 10:34:17,555.6,1314862
2021-06-17 10:34:20,555.6,1315372
2021-06-17 10:34:24,555.6,1315504
2021-06-17 10:34:28,555.65,1315543
2021-06-17 10:34:31,555.65,1315796
2021-06-17 10:34:35,555.65,1315965
2021-06-17 10:34:39,555.6,1317032
2021-06-17 10:34:43,555.7,1317329
2021-06-17 10:34:47,555.7,1317480
2021-06-17 10:34:50,555.75,1317782
2021-06-17 10:34:54,555.7,1317924
2021-06-17 10:34:58,555.65,1318463
2021-06-17 10:35:02,555.75,1318790
2021-06-17 10:35:05,555.75,1319160
2021-06-17 10:35:09,555.75,1319545
2021-06-17 10:35:13,555.75,1320335
2021-06-17 10:35:16,555.75,1321522
2021-06-17 10:35:20,555.8,1321816
2021-06-17 10:35:23,555.95,1326023
2021-06-17 10:35:27,555.8,1326090
2021-06-17 10:35:30,555.95,1326226
2021-06-17 10:35:34,555.9,1326866
2021-06-17 10:35:37,555.9,1327990
2021-06-17 10:35:40,555.95,1329217
2021-06-17 10:35:44,556.0,1338359
2021-06-17 10:35:51,555.8,1340750
2021-06-17 10:35:58,555.6,1352607
2021-06-17 10:36:02,555.35,1353758
2021-06-17 10:36:06,555.6,1355564
2021-06-17 10:36:10,555.5,1355817
2021-06-17 10:36:14,555.35,1356297
2021-06-17 10:36:18,555.35,1356403
2021-06-17 10:36:22,555.4,1356541
2021-06-17 10:36:27,555.4,1356625
2021-06-17 10:36:36,555.4,1357073
2021-06-17 10:36:40,555.65,1357607
2021-06-17 10:36:44,555.7,1357696
2021-06-17 10:36:48,555.65,1357742
2021-06-17 10:36:53,555.65,1358117
2021-06-17 10:36:57,555.5,1358496
2021-06-17 10:37:01,555.6,1358542
2021-06-17 10:37:05,555.2,1362271
2021-06-17 10:37:08,555.2,1362287
2021-06-17 10:37:12,555.45,1362402
2021-06-17 10:37:16,555.2,1362904
2021-06-17 10:37:19,555.3,1362935
2021-06-17 10:37:23,555.05,1365922
2021-06-17 10:37:27,555.0,1368090
2021-06-17 10:37:31,554.95,1368644
2021-06-17 10:37:36,555.0,1368705
2021-06-17 10:37:40,554.85,1369135
2021-06-17 10:37:44,554.85,1369898
2021-06-17 10:37:47,555.05,1370011
2021-06-17 10:37:51,555.05,1370031
2021-06-17 10:37:54,555.05,1370452
2021-06-17 10:37:57,555.05,1370452
2021-06-17 10:38:01,555.2,1370485
2021-06-17 10:38:08,555.2,1370873
2021-06-17 10:38:12,555.15,1371014
2021-06-17 10:38:15,555.15,1371116
2021-06-17 10:38:18,555.15,1371252
2021-06-17 10:38:22,555.2,1371281
2021-06-17 10:38:26,555.2,1371529
2021-06-17 10:38:30,555.15,1371589
2021-06-17 10:38:34,555.2,1371922
2021-06-17 10:38:38,555.15,1372223
2021-06-17 10:38:42,555.2,1372514
2021-06-17 10:38:46,554.85,1374641
2021-06-17 10:38:50,555.15,1374805
2021-06-17 10:38:54,555.15,1374843
2021-06-17 10:38:58,555.25,1376262
2021-06-17 10:39:01,555.25,1376408
2021-06-17 10:39:05,555.2,1376634
2021-06-17 10:39:09,555.3,1376681
2021-06-17 10:39:13,555.45,1376952
2021-06-17 10:39:17,555.4,1377199
2021-06-17 10:39:21,555.45,1377267
2021-06-17 10:39:24,555.3,1377733
2021-06-17 10:39:28,555.3,1377744
2021-06-17 10:39:31,555.3,1379236
2021-06-17 10:39:35,555.3,1379309
2021-06-17 10:39:39,555.35,1379353
2021-06-17 10:39:42,555.35,1379471
2021-06-17 10:39:45,555.3,1381016
2021-06-17 10:39:49,555.35,1381598
2021-06-17 10:39:53,555.35,1382259
2021-06-17 10:39:57,555.3,1382262
2021-06-17 10:40:01,555.35,1382429
2021-06-17 10:40:05,555.45,1387695
2021-06-17 10:40:09,555.55,1389758
2021-06-17 10:40:13,555.65,1389774
2021-06-17 10:40:18,555.6,1389924
2021-06-17 10:40:22,555.6,1390096
2021-06-17 10:40:27,555.65,1390894
2021-06-17 10:40:31,555.7,1390976
2021-06-17 10:40:35,555.65,1391057
2021-06-17 10:40:39,555.7,1391172
2021-06-17 10:40:42,555.65,1391703
2021-06-17 10:40:46,555.8,1391705
2021-06-17 10:40:50,555.65,1392259
2021-06-17 10:40:55,555.65,1392381
2021-06-17 10:40:59,555.65,1393014
2021-06-17 10:41:03,555.65,1393065
2021-06-17 10:41:07,555.8,1393096
2021-06-17 10:41:11,555.8,1393169
2021-06-17 10:41:15,555.75,1393311
2021-06-17 10:41:19,555.8,1396908
2021-06-17 10:41:23,555.9,1397709
2021-06-17 10:41:27,555.9,1397809
2021-06-17 10:41:31,556.0,1398261
2021-06-17 10:41:35,555.8,1399225
2021-06-17 10:41:39,556.0,1399725
2021-06-17 10:41:43,555.95,1399770
2021-06-17 10:41:47,555.9,1399953
2021-06-17 10:41:51,555.95,1400165
2021-06-17 10:41:55,555.95,1404619
2021-06-17 10:41:58,556.0,1405694
2021-06-17 10:42:02,556.2,1405744
2021-06-17 10:42:06,556.05,1407215
2021-06-17 10:42:10,556.0,1409384
2021-06-17 10:42:14,556.3,1409414
2021-06-17 10:42:18,556.4,1409641
2021-06-17 10:42:30,556.35,1412231
2021-06-17 10:42:33,556.35,1412573
2021-06-17 10:42:37,556.3,1413025
2021-06-17 10:42:40,556.3,1414441
2021-06-17 10:42:44,556.3,1414444
2021-06-17 10:42:47,556.1,1417796
2021-06-17 10:42:51,556.15,1420175
2021-06-17 10:42:56,556.15,1420338
2021-06-17 10:43:00,556.15,1420414
2021-06-17 10:43:04,556.15,1421558
2021-06-17 10:43:09,556.15,1421918
2021-06-17 10:43:13,556.0,1423134
2021-06-17 10:43:17,555.9,1423599
2021-06-17 10:43:21,556.0,1423696
2021-06-17 10:43:24,556.0,1423803
2021-06-17 10:43:28,556.0,1428911
2021-06-17 10:43:31,556.1,1429104
2021-06-17 10:43:35,556.1,1429321
2021-06-17 10:43:38,555.95,1439249
2021-06-17 10:43:41,555.95,1440119
2021-06-17 10:43:44,556.05,1440214
2021-06-17 10:43:47,556.15,1440477
2021-06-17 10:43:51,556.0,1440626
2021-06-17 10:43:54,555.95,1440789
2021-06-17 10:43:57,556.0,1441355
2021-06-17 10:44:01,556.1,1441377
2021-06-17 10:44:04,556.15,1441730
2021-06-17 10:44:07,556.1,1442031
2021-06-17 10:44:11,556.15,1442410
2021-06-17 10:44:15,556.1,1442559
2021-06-17 10:44:18,556.1,1443263
2021-06-17 10:44:22,556.05,1443747
2021-06-17 10:44:26,556.1,1443912
2021-06-17 10:44:29,556.1,1443955
2021-06-17 10:44:32,556.05,1444406
2021-06-17 10:44:36,556.1,1444435
2021-06-17 10:44:39,555.8,1451197
2021-06-17 10:44:42,555.75,1452384
2021-06-17 10:44:47,555.4,1452824
2021-06-17 10:44:51,555.5,1453003
2021-06-17 10:44:55,555.35,1453069
2021-06-17 10:44:59,555.5,1453139
2021-06-17 10:45:02,555.45,1453326
2021-06-17 10:45:06,555.5,1453577
2021-06-17 10:45:10,555.75,1454489
2021-06-17 10:45:14,555.5,1456332
2021-06-17 10:45:18,555.5,1456335
2021-06-17 10:45:29,555.65,1456684
2021-06-17 10:45:33,555.5,1456884
2021-06-17 10:45:36,555.6,1456988
2021-06-17 10:45:39,555.65,1457511
2021-06-17 10:45:43,555.65,1457671
2021-06-17 10:45:46,555.75,1457694
2021-06-17 10:45:49,555.7,1457787
2021-06-17 10:45:53,555.75,1457802
2021-06-17 10:45:56,555.7,1458149
2021-06-17 10:45:59,556.0,1459463
2021-06-17 10:46:04,555.95,1459616
2021-06-17 10:46:08,555.8,1459855
2021-06-17 10:46:11,555.9,1459869
2021-06-17 10:46:15,555.9,1460253
2021-06-17 10:46:18,555.95,1460295
2021-06-17 10:46:21,555.9,1460608
2021-06-17 10:46:24,555.95,1460653
2021-06-17 10:46:27,556.0,1460665
2021-06-17 10:46:31,555.95,1460773
2021-06-17 10:46:34,556.0,1463172
2021-06-17 10:46:37,556.0,1463172
2021-06-17 10:46:40,555.95,1473443
2021-06-17 10:46:42,556.0,1473445
2021-06-17 10:46:43,556.0,1473445
2021-06-17 10:46:45,555.9,1474019
2021-06-17 10:46:46,556.0,1474034
2021-06-17 10:46:47,556.0,1474049
2021-06-17 10:46:48,556.0,1474062
2021-06-17 10:46:49,556.0,1474062
2021-06-17 10:46:50,556.0,1474062
2021-06-17 10:46:52,556.0,1474274
2021-06-17 10:46:53,556.0,1474310
2021-06-17 10:46:54,555.95,1474336
2021-06-17 10:46:55,555.85,1477815
2021-06-17 10:46:56,555.85,1477818
2021-06-17 10:46:57,556.0,1477819
2021-06-17 10:46:58,556.0,1477954
2021-06-17 10:46:59,555.9,1477994
2021-06-17 10:47:00,556.0,1478000
2021-06-17 10:47:01,556.0,1478101
2021-06-17 10:47:02,556.0,1478201
2021-06-17 10:47:03,555.9,1478202
2021-06-17 10:47:04,555.9,1478202
2021-06-17 10:47:05,555.9,1478204
2021-06-17 10:47:06,555.9,1478236
2021-06-17 10:47:08,555.9,1478398
2021-06-17 10:47:09,555.9,1478528
2021-06-17 10:47:10,555.9,1478534
2021-06-17 10:47:11,555.9,1478534
2021-06-17 10:47:12,555.9,1478544
2021-06-17 10:47:13,555.9,1478544
2021-06-17 10:47:14,555.9,1478544
2021-06-17 10:47:15,555.85,1478634
2021-06-17 10:47:16,555.9,1478652
2021-06-17 10:47:17,556.0,1478881
2021-06-17 10:47:18,556.0,1478894
2021-06-17 10:47:19,555.85,1479023
2021-06-17 10:47:20,555.85,1479026
2021-06-17 10:47:22,555.9,1479067
2021-06-17 10:47:23,555.9,1479067
2021-06-17 10:47:24,555.9,1479112
2021-06-17 10:47:25,555.9,1479279
2021-06-17 10:47:26,555.85,1479294
2021-06-17 10:47:28,555.9,1479316
2021-06-17 10:47:29,555.9,1479328
2021-06-17 10:47:30,555.9,1479328
2021-06-17 10:47:31,556.0,1482328
2021-06-17 10:47:32,556.0,1482328
2021-06-17 10:47:33,556.0,1482328
2021-06-17 10:47:34,555.95,1482406
2021-06-17 10:47:35,555.95,1482406
2021-06-17 10:47:36,555.95,1482520
2021-06-17 10:47:37,555.95,1482520
2021-06-17 10:47:38,555.95,1482531
2021-06-17 10:47:39,555.95,1482560
2021-06-17 10:47:40,555.85,1482810
2021-06-17 10:47:41,555.85,1482810
2021-06-17 10:47:43,555.85,1483030
2021-06-17 10:47:44,555.95,1483055
2021-06-17 10:47:45,555.95,1483055
2021-06-17 10:47:47,555.9,1484111
2021-06-17 10:47:48,555.9,1484119
2021-06-17 10:47:49,555.9,1484119
2021-06-17 10:47:51,555.9,1484134
2021-06-17 10:47:52,555.9,1484134
2021-06-17 10:47:53,555.9,1486018
2021-06-17 10:47:54,555.9,1486152
2021-06-17 10:47:57,555.8,1489369
2021-06-17 10:47:57,555.8,1489369
2021-06-17 10:47:58,555.85,1489370
2021-06-17 10:47:59,555.85,1489401
2021-06-17 10:48:01,555.85,1489806
2021-06-17 10:48:00,555.85,1489803
2021-06-17 10:48:02,555.85,1489906
2021-06-17 10:48:03,555.85,1489933
2021-06-17 10:48:04,555.85,1489936
2021-06-17 10:48:05,555.85,1489936
2021-06-17 10:48:06,555.8,1489938
2021-06-17 10:48:07,555.9,1489999
2021-06-17 10:48:08,555.9,1490121
2021-06-17 10:48:09,555.9,1490152
2021-06-17 10:48:10,555.9,1490352
2021-06-17 10:48:11,555.9,1490352
2021-06-17 10:48:12,555.85,1490418
2021-06-17 10:48:13,555.85,1490419
2021-06-17 10:48:14,555.85,1490531
2021-06-17 10:48:15,555.85,1490533
2021-06-17 10:48:16,555.8,1490548
2021-06-17 10:48:17,555.8,1490550
2021-06-17 10:48:18,555.8,1490550
2021-06-17 10:48:19,555.85,1490593
2021-06-17 10:48:20,555.85,1491094
2021-06-17 10:48:21,555.85,1491102
2021-06-17 10:48:22,555.85,1491102
2021-06-17 10:48:24,555.85,1491102
2021-06-17 10:48:26,555.8,1491134
2021-06-17 10:48:27,555.8,1491184
2021-06-17 10:48:28,555.85,1491293
2021-06-17 10:48:30,555.85,1491437
2021-06-17 10:48:31,555.85,1491446
2021-06-17 10:48:32,555.85,1491446
2021-06-17 10:48:33,555.85,1491563
2021-06-17 10:48:34,555.85,1491563
2021-06-17 10:48:35,555.85,1491690
2021-06-17 10:48:36,555.85,1491879
2021-06-17 10:48:37,555.85,1492434
2021-06-17 10:48:38,555.9,1494305
2021-06-17 10:48:39,555.9,1494353
2021-06-17 10:48:41,555.95,1494537
2021-06-17 10:48:41,555.9,1494538
2021-06-17 10:48:42,555.9,1494538
2021-06-17 10:48:43,555.9,1494564
2021-06-17 10:48:44,555.9,1494564
2021-06-17 10:48:45,556.0,1494627
2021-06-17 10:48:46,556.0,1494627
2021-06-17 10:48:48,555.9,1494673
2021-06-17 10:48:49,556.0,1494730
2021-06-17 10:48:50,556.0,1494730
2021-06-17 10:48:51,555.85,1494830
2021-06-17 10:48:52,556.0,1494968
2021-06-17 10:48:53,555.9,1494977
2021-06-17 10:48:54,555.9,1494977
2021-06-17 10:48:55,556.0,1494978
2021-06-17 10:48:57,556.0,1494978
2021-06-17 10:48:58,556.0,1495027
2021-06-17 10:48:59,555.9,1495235
2021-06-17 10:49:00,556.0,1495290
2021-06-17 10:49:01,556.0,1495380
2021-06-17 10:49:03,556.0,1495380
2021-06-17 10:49:04,556.0,1495380
2021-06-17 10:49:05,556.0,1500755
2021-06-17 10:49:07,556.0,1500795
2021-06-17 10:49:08,555.95,1500885
2021-06-17 10:49:09,556.0,1500930
2021-06-17 10:49:10,556.0,1500930
2021-06-17 10:49:11,556.05,1501383
2021-06-17 10:49:12,555.95,1501558
2021-06-17 10:49:13,555.95,1501558
2021-06-17 10:49:14,556.1,1501598
2021-06-17 10:49:16,556.1,1501899
2021-06-17 10:49:17,555.95,1501999
2021-06-17 10:49:18,556.1,1502012
2021-06-17 10:49:19,556.1,1502012
2021-06-17 10:49:20,556.05,1502014
2021-06-17 10:49:21,556.1,1502751
2021-06-17 10:49:22,556.1,1502871
2021-06-17 10:49:23,555.95,1502875
2021-06-17 10:49:24,555.95,1502875
2021-06-17 10:49:25,555.95,1502875
2021-06-17 10:49:26,555.95,1502875
2021-06-17 10:49:27,556.1,1502884
2021-06-17 10:49:28,556.0,1502909
2021-06-17 10:49:29,556.1,1502933
2021-06-17 10:49:30,556.15,1503933
2021-06-17 10:49:31,556.1,1504046
2021-06-17 10:49:32,556.1,1504075
2021-06-17 10:49:33,556.1,1504075
2021-06-17 10:49:34,556.05,1504219
2021-06-17 10:49:35,556.05,1504219
2021-06-17 10:49:36,556.05,1504219
2021-06-17 10:49:37,556.1,1504920
2021-06-17 10:49:38,556.1,1504920
2021-06-17 10:49:39,556.1,1504936
2021-06-17 10:49:40,556.1,1504936
2021-06-17 10:49:42,556.15,1507539
2021-06-17 10:49:42,556.15,1507539
2021-06-17 10:49:43,556.15,1507642
2021-06-17 10:49:44,556.1,1507654
2021-06-17 10:49:45,556.1,1507654
2021-06-17 10:49:46,556.05,1507779
2021-06-17 10:49:47,556.05,1507784
2021-06-17 10:49:48,556.05,1507784
2021-06-17 10:49:49,556.05,1508051
2021-06-17 10:49:50,556.1,1508206
2021-06-17 10:49:51,556.05,1508226
2021-06-17 10:49:53,556.05,1508227
2021-06-17 10:49:54,556.05,1508227
2021-06-17 10:49:55,556.1,1508364
2021-06-17 10:49:55,556.05,1508389
2021-06-17 10:49:57,556.05,1508493
2021-06-17 10:49:58,556.1,1508510
2021-06-17 10:50:00,556.1,1508547
2021-06-17 10:50:01,556.1,1508547
2021-06-17 10:50:01,556.1,1508547
2021-06-17 10:50:02,556.1,1508651
2021-06-17 10:50:04,556.1,1508816
2021-06-17 10:50:04,556.15,1508828
2021-06-17 10:50:06,556.15,1508828
2021-06-17 10:50:06,556.15,1509028
2021-06-17 10:50:07,556.05,1509078
2021-06-17 10:50:08,556.15,1509321
2021-06-17 10:50:09,556.15,1509331
2021-06-17 10:50:10,556.15,1509331
2021-06-17 10:50:11,556.1,1509365
2021-06-17 10:50:13,556.1,1509368
2021-06-17 10:50:14,556.15,1509441
2021-06-17 10:50:15,556.15,1509541
2021-06-17 10:50:16,556.1,1509551
2021-06-17 10:50:17,556.1,1509551
2021-06-17 10:50:18,556.15,1509576
2021-06-17 10:50:19,556.15,1509605
2021-06-17 10:50:20,556.15,1509716
2021-06-17 10:50:21,556.15,1509921
2021-06-17 10:50:22,556.1,1510022
2021-06-17 10:50:23,556.15,1510453
2021-06-17 10:50:24,556.1,1510458
2021-06-17 10:50:25,556.15,1510509
2021-06-17 10:50:26,556.1,1510710
2021-06-17 10:50:27,556.15,1510925
2021-06-17 10:50:28,556.15,1511060
2021-06-17 10:50:29,556.15,1511090
2021-06-17 10:50:30,556.15,1511096
2021-06-17 10:50:32,556.1,1511296
2021-06-17 10:50:33,556.15,1511304
2021-06-17 10:50:34,555.7,1522869
2021-06-17 10:50:34,555.7,1522869
2021-06-17 10:50:36,555.85,1523348
2021-06-17 10:50:38,555.85,1523348
2021-06-17 10:50:38,555.6,1523357
2021-06-17 10:50:39,555.85,1523507
2021-06-17 10:50:41,555.85,1523507
2021-06-17 10:50:41,555.85,1523607
2021-06-17 10:50:43,555.85,1523618
2021-06-17 10:50:44,555.8,1523648
2021-06-17 10:50:45,555.8,1523699
2021-06-17 10:50:46,555.8,1523766
2021-06-17 10:50:47,555.8,1523871
2021-06-17 10:50:48,555.6,1523928
2021-06-17 10:50:49,555.75,1525449
2021-06-17 10:50:49,555.6,1523928
2021-06-17 10:50:50,555.8,1525670
2021-06-17 10:50:51,555.8,1525670
2021-06-17 10:50:52,555.5,1525680
2021-06-17 10:50:53,555.6,1525690
2021-06-17 10:50:54,555.5,1527440
2021-06-17 10:50:55,555.5,1527445
2021-06-17 10:50:56,555.65,1528066
2021-06-17 10:50:57,555.65,1528266
2021-06-17 10:50:58,555.65,1528266
2021-06-17 10:50:59,555.65,1528266
2021-06-17 10:51:00,555.65,1528371
2021-06-17 10:51:01,555.5,1528572
2021-06-17 10:51:02,555.45,1528645
2021-06-17 10:51:04,555.4,1528648
2021-06-17 10:51:05,555.65,1528760
2021-06-17 10:51:06,555.65,1528760
2021-06-17 10:51:07,555.45,1529162
2021-06-17 10:51:07,555.45,1529162
2021-06-17 10:51:08,555.6,1529176
2021-06-17 10:51:09,555.6,1529176
2021-06-17 10:51:10,555.6,1529203
2021-06-17 10:51:11,555.55,1529228
2021-06-17 10:51:12,555.55,1529228
2021-06-17 10:51:14,555.6,1529347
2021-06-17 10:51:15,555.6,1529347
2021-06-17 10:51:17,555.6,1529347
2021-06-17 10:51:17,555.6,1529347
2021-06-17 10:51:18,555.6,1529360
2021-06-17 10:51:19,555.8,1533224
2021-06-17 10:51:20,555.8,1533224
2021-06-17 10:51:21,555.8,1533224
2021-06-17 10:51:22,555.8,1533240
2021-06-17 10:51:24,555.7,1533378
2021-06-17 10:51:25,555.8,1533383
2021-06-17 10:51:26,555.75,1533583
2021-06-17 10:51:27,555.85,1533592
2021-06-17 10:51:28,555.85,1533594
2021-06-17 10:51:29,555.85,1533834
2021-06-17 10:51:30,555.8,1533882
2021-06-17 10:51:31,555.8,1533882
2021-06-17 10:51:32,555.6,1536094
2021-06-17 10:51:34,555.65,1536104
2021-06-17 10:51:34,555.5,1536119
2021-06-17 10:51:36,555.5,1536135
2021-06-17 10:51:37,555.6,1538126
2021-06-17 10:51:38,555.35,1538128
2021-06-17 10:51:39,555.65,1538198
2021-06-17 10:51:40,555.5,1538214
2021-06-17 10:51:42,555.5,1538218
2021-06-17 10:51:42,555.4,1538268
2021-06-17 10:51:46,555.4,1538513
2021-06-17 10:51:50,555.6,1538532
2021-06-17 10:51:54,555.75,1538623
2021-06-17 10:51:57,555.6,1538850
2021-06-17 10:52:01,555.7,1538895
2021-06-17 10:52:04,555.7,1539440
2021-06-17 10:52:08,555.7,1539699
2021-06-17 10:52:11,555.65,1539745
2021-06-17 10:52:14,555.65,1540007
2021-06-17 10:52:18,555.7,1540140
2021-06-17 10:52:21,555.7,1540296
2021-06-17 10:52:25,555.7,1540297
2021-06-17 10:52:28,555.6,1541694
2021-06-17 10:52:31,555.55,1541748
2021-06-17 10:52:35,555.5,1541914
2021-06-17 10:52:39,555.6,1542209
2021-06-17 10:52:47,555.7,1545931
2021-06-17 10:52:50,555.55,1546075
2021-06-17 10:52:54,555.65,1546235
2021-06-17 10:52:58,555.7,1546301
2021-06-17 10:53:01,555.65,1546517
2021-06-17 10:53:04,555.65,1546519
2021-06-17 10:53:08,555.0,1548910
2021-06-17 10:53:11,555.3,1549105
2021-06-17 10:53:14,555.25,1549135
2021-06-17 10:53:18,555.15,1549445
2021-06-17 10:53:21,555.5,1553118
2021-06-17 10:53:25,555.65,1553447
2021-06-17 10:53:28,555.4,1554632
2021-06-17 10:53:31,555.45,1555492
2021-06-17 10:53:34,555.65,1555505
2021-06-17 10:53:37,555.5,1556363
2021-06-17 10:53:40,555.65,1556387
2021-06-17 10:53:43,555.65,1557399
2021-06-17 10:53:47,555.7,1559544
2021-06-17 10:53:51,555.75,1559557
2021-06-17 10:53:54,555.65,1559613
2021-06-17 10:53:58,555.7,1560622
2021-06-17 10:54:01,555.65,1561133
2021-06-17 10:54:04,555.75,1561155
2021-06-17 10:54:07,555.9,1561364
2021-06-17 10:54:15,555.9,1561791
2021-06-17 10:54:19,555.85,1562475
2021-06-17 10:54:22,555.85,1562620
2021-06-17 10:54:26,555.9,1562626
2021-06-17 10:54:30,555.65,1564372
2021-06-17 10:54:34,555.75,1566013
2021-06-17 10:54:37,555.7,1566126
2021-06-17 10:54:40,555.75,1566181
2021-06-17 10:54:44,555.75,1566246
2021-06-17 10:54:47,555.75,1566246
2021-06-17 10:54:51,555.8,1566444
2021-06-17 10:54:55,555.7,1566658
2021-06-17 10:54:59,555.8,1568005
2021-06-17 10:55:03,555.9,1568017
2021-06-17 10:55:07,555.75,1568261
2021-06-17 10:55:10,555.75,1568312
2021-06-17 10:55:13,555.85,1568447
2021-06-17 10:55:16,555.8,1568501
2021-06-17 10:55:20,555.8,1568751
2021-06-17 10:55:24,555.75,1569305
2021-06-17 10:55:28,555.9,1570617
2021-06-17 10:55:32,555.85,1570804
2021-06-17 10:55:35,555.8,1570883
2021-06-17 10:55:38,555.85,1571122
2021-06-17 10:55:41,555.8,1571149
2021-06-17 10:55:45,555.7,1571201
2021-06-17 10:55:48,555.85,1571269
2021-06-17 10:55:51,555.8,1571687
2021-06-17 10:55:54,555.9,1571690
2021-06-17 10:55:58,555.65,1575588
2021-06-17 10:56:01,555.4,1577940
2021-06-17 10:56:05,555.3,1578341
2021-06-17 10:56:08,555.55,1578344
2021-06-17 10:56:12,555.55,1578479
2021-06-17 10:56:15,555.6,1578761
2021-06-17 10:56:18,555.35,1578806
2021-06-17 10:56:22,555.35,1578871
2021-06-17 10:56:26,555.45,1578887
2021-06-17 10:56:29,555.45,1579172
2021-06-17 10:56:32,555.5,1579507
2021-06-17 10:56:36,555.5,1579524
2021-06-17 10:56:39,555.5,1579591
2021-06-17 10:56:42,555.5,1579923
2021-06-17 10:56:43,555.5,1579948
2021-06-17 10:56:44,555.5,1579949
2021-06-17 10:56:45,555.5,1579959
2021-06-17 10:56:46,555.5,1579965
2021-06-17 10:56:47,555.4,1581517
2021-06-17 10:56:48,555.4,1581517
2021-06-17 10:56:50,555.4,1581559
2021-06-17 10:56:49,555.4,1581559
2021-06-17 10:56:51,555.4,1581596
2021-06-17 10:56:52,555.4,1581630
2021-06-17 10:56:53,555.5,1581963
2021-06-17 10:56:54,555.5,1581964
2021-06-17 10:56:55,555.5,1582099
2021-06-17 10:56:56,555.4,1582149
2021-06-17 10:56:57,555.5,1582159
2021-06-17 10:56:58,555.5,1582159
2021-06-17 10:56:59,555.5,1582372
2021-06-17 10:57:00,555.45,1582373
2021-06-17 10:57:01,555.45,1582373
2021-06-17 10:57:02,555.45,1582374
2021-06-17 10:57:03,555.45,1582374
2021-06-17 10:57:04,555.5,1582401
2021-06-17 10:57:05,555.45,1582448
2021-06-17 10:57:06,555.5,1582561
2021-06-17 10:57:07,555.45,1582571
2021-06-17 10:57:08,555.45,1582573
2021-06-17 10:57:09,555.5,1582966
2021-06-17 10:57:10,555.5,1582966
2021-06-17 10:57:11,555.5,1582966
2021-06-17 10:57:12,555.5,1582966
2021-06-17 10:57:13,555.5,1582966
2021-06-17 10:57:14,555.5,1582966
2021-06-17 10:57:15,555.45,1583007
2021-06-17 10:57:16,555.45,1583007
2021-06-17 10:57:17,555.45,1583007
2021-06-17 10:57:18,555.5,1583020
2021-06-17 10:57:19,555.4,1583747
2021-06-17 10:57:20,555.4,1583752
2021-06-17 10:57:22,555.4,1583752
2021-06-17 10:57:23,555.35,1583860
2021-06-17 10:57:24,555.35,1583862
2021-06-17 10:57:25,555.4,1583974
2021-06-17 10:57:26,555.4,1584019
2021-06-17 10:57:27,555.4,1584137
2021-06-17 10:57:28,555.4,1584147
2021-06-17 10:57:29,555.35,1584492
2021-06-17 10:57:30,555.35,1584504
2021-06-17 10:57:31,555.4,1584520
2021-06-17 10:57:32,555.4,1584520
2021-06-17 10:57:33,555.5,1585497
2021-06-17 10:57:34,555.5,1585512
2021-06-17 10:57:35,555.5,1585514
2021-06-17 10:57:36,555.6,1585544
2021-06-17 10:57:37,555.7,1585548
2021-06-17 10:57:38,555.75,1586006
2021-06-17 10:57:39,555.75,1586006
2021-06-17 10:57:40,555.75,1586007
2021-06-17 10:57:41,555.75,1586007
2021-06-17 10:57:42,555.75,1586007
2021-06-17 10:57:43,555.75,1586086
2021-06-17 10:57:44,555.8,1586224
2021-06-17 10:57:45,555.8,1586224
2021-06-17 10:57:46,555.8,1586224
2021-06-17 10:57:47,555.8,1586224
2021-06-17 10:57:49,555.75,1586225
2021-06-17 10:57:48,555.75,1586225
2021-06-17 10:57:50,555.9,1586227
2021-06-17 10:57:51,555.9,1586227
2021-06-17 10:57:52,555.85,1586289
2021-06-17 10:57:53,555.85,1586289
2021-06-17 10:57:54,555.85,1586449
2021-06-17 10:57:55,555.75,1586699
2021-06-17 10:57:56,555.85,1586710
2021-06-17 10:57:57,555.75,1586712
2021-06-17 10:57:58,555.85,1586714
2021-06-17 10:57:59,555.85,1586714
2021-06-17 10:58:00,555.85,1586715
2021-06-17 10:58:01,555.85,1586717
2021-06-17 10:58:02,555.85,1586717
2021-06-17 10:58:03,555.85,1586829
2021-06-17 10:58:04,555.85,1586892
2021-06-17 10:58:05,555.85,1586892
2021-06-17 10:58:06,555.8,1586993
2021-06-17 10:58:07,555.8,1586993
2021-06-17 10:58:08,555.85,1587042
2021-06-17 10:58:10,555.9,1587284
2021-06-17 10:58:10,555.9,1587284
2021-06-17 10:58:12,555.95,1588784
2021-06-17 10:58:13,555.95,1588784
2021-06-17 10:58:13,555.95,1588784
2021-06-17 10:58:14,555.9,1588814
2021-06-17 10:58:16,555.9,1588814
2021-06-17 10:58:17,555.95,1590935
2021-06-17 10:58:18,556.0,1591236
2021-06-17 10:58:19,556.0,1591279
2021-06-17 10:58:20,556.0,1591279
2021-06-17 10:58:21,556.0,1591279
2021-06-17 10:58:22,556.0,1591391
2021-06-17 10:58:23,555.95,1591595
2021-06-17 10:58:24,555.95,1591796
2021-06-17 10:58:25,555.95,1591796
2021-06-17 10:58:26,556.0,1591797
2021-06-17 10:58:27,556.0,1592874
2021-06-17 10:58:28,556.0,1592963
2021-06-17 10:58:29,556.0,1593005
2021-06-17 10:58:30,556.0,1593026
2021-06-17 10:58:31,556.0,1593026
2021-06-17 10:58:33,556.0,1593026
2021-06-17 10:58:34,556.1,1594179
2021-06-17 10:58:35,556.1,1594180
2021-06-17 10:58:36,556.0,1594564
2021-06-17 10:58:37,556.0,1594565
2021-06-17 10:58:39,556.1,1594688
2021-06-17 10:58:40,556.1,1594718
2021-06-17 10:58:42,556.05,1594861
2021-06-17 10:58:43,556.05,1594861
2021-06-17 10:58:44,556.05,1595468
2021-06-17 10:58:44,556.05,1595468
2021-06-17 10:58:46,556.05,1595650
2021-06-17 10:58:47,556.05,1595650
2021-06-17 10:58:48,556.05,1595650
2021-06-17 10:58:49,556.0,1597058
2021-06-17 10:58:50,556.05,1597068
2021-06-17 10:58:51,556.1,1597077
2021-06-17 10:58:52,556.1,1597077
2021-06-17 10:58:53,556.1,1597077
2021-06-17 10:58:54,556.1,1597615
2021-06-17 10:58:55,556.1,1597615
2021-06-17 10:58:56,556.1,1597615
2021-06-17 10:58:57,556.05,1597625
2021-06-17 10:58:58,556.1,1597755
2021-06-17 10:59:00,556.05,1597903
2021-06-17 10:59:00,556.05,1597903
2021-06-17 10:59:02,556.05,1597975
2021-06-17 10:59:02,556.05,1597975
2021-06-17 10:59:03,556.05,1597976
2021-06-17 10:59:05,555.95,1598076
2021-06-17 10:59:06,555.95,1598076
2021-06-17 10:59:07,556.05,1598080
2021-06-17 10:59:08,556.05,1598080
2021-06-17 10:59:10,556.05,1598238
2021-06-17 10:59:11,555.95,1598330
2021-06-17 10:59:12,555.95,1598666
2021-06-17 10:59:13,555.95,1598667
2021-06-17 10:59:14,555.95,1598806
2021-06-17 10:59:15,556.0,1598856
2021-06-17 10:59:16,556.0,1598856
2021-06-17 10:59:17,556.05,1599386
2021-06-17 10:59:18,555.95,1599391
2021-06-17 10:59:19,556.0,1599545
2021-06-17 10:59:20,556.05,1599756
2021-06-17 10:59:21,556.05,1599756
2021-06-17 10:59:22,556.05,1599886
2021-06-17 10:59:24,556.05,1599932
2021-06-17 10:59:23,556.05,1599932
2021-06-17 10:59:25,555.95,1600153
2021-06-17 10:59:26,555.95,1600166
2021-06-17 10:59:27,555.95,1600166
2021-06-17 10:59:28,556.1,1600196
2021-06-17 10:59:29,556.1,1600238
2021-06-17 10:59:31,556.1,1600238
2021-06-17 10:59:32,556.05,1602589
2021-06-17 10:59:33,556.05,1602589
2021-06-17 10:59:34,556.05,1602590
2021-06-17 10:59:35,556.05,1602638
2021-06-17 10:59:37,556.05,1602638
2021-06-17 10:59:37,556.05,1602638
2021-06-17 10:59:38,556.1,1602829
2021-06-17 10:59:39,556.05,1602860
2021-06-17 10:59:40,556.05,1602862
2021-06-17 10:59:41,556.05,1603172
2021-06-17 10:59:42,556.05,1603172
2021-06-17 10:59:43,556.1,1603285
2021-06-17 10:59:45,556.1,1603653
2021-06-17 10:59:47,556.1,1603653
2021-06-17 10:59:48,556.1,1603653
2021-06-17 10:59:48,556.1,1603663
2021-06-17 10:59:49,556.05,1603707
2021-06-17 10:59:50,556.05,1603707
2021-06-17 10:59:51,556.1,1603713
2021-06-17 10:59:52,556.1,1603820
2021-06-17 10:59:53,556.05,1603976
2021-06-17 10:59:54,556.05,1604176
2021-06-17 10:59:55,556.05,1604176
2021-06-17 10:59:56,556.05,1604186
2021-06-17 10:59:57,556.1,1604309
2021-06-17 10:59:59,556.1,1605881
2021-06-17 10:59:58,556.05,1604326
2021-06-17 11:00:00,556.1,1605881
2021-06-17 11:00:01,556.1,1605884
2021-06-17 11:00:02,556.1,1605920
2021-06-17 11:00:04,556.1,1606289
2021-06-17 11:00:05,556.1,1606289
2021-06-17 11:00:05,556.1,1606289
2021-06-17 11:00:06,556.1,1606465
2021-06-17 11:00:07,556.1,1606486
2021-06-17 11:00:08,556.1,1606557
2021-06-17 11:00:09,556.1,1606588
2021-06-17 11:00:10,556.1,1606661
2021-06-17 11:00:11,556.2,1607673
2021-06-17 11:00:12,556.2,1607773
2021-06-17 11:00:14,556.2,1607776
2021-06-17 11:00:14,556.1,1607877
2021-06-17 11:00:15,556.2,1607878
2021-06-17 11:00:16,556.2,1607990
2021-06-17 11:00:17,556.15,1607991
2021-06-17 11:00:19,556.2,1607992
2021-06-17 11:00:19,556.15,1607998
2021-06-17 11:00:20,556.2,1608201
2021-06-17 11:00:21,556.2,1608211
2021-06-17 11:00:22,556.15,1608470
2021-06-17 11:00:23,556.15,1608470
2021-06-17 11:00:24,556.15,1609022
2021-06-17 11:00:25,556.2,1609974
2021-06-17 11:00:26,556.2,1610182
2021-06-17 11:00:27,556.2,1610282
2021-06-17 11:00:28,556.2,1610305
2021-06-17 11:00:29,556.1,1610385
2021-06-17 11:00:31,556.2,1610437
2021-06-17 11:00:33,556.15,1610448
2021-06-17 11:00:35,556.2,1610548
2021-06-17 11:00:36,556.2,1610660
2021-06-17 11:00:36,556.2,1610670
2021-06-17 11:00:37,556.2,1610736
2021-06-17 11:00:40,556.2,1610889
2021-06-17 11:00:41,556.1,1614647
2021-06-17 11:00:42,556.1,1614833
2021-06-17 11:00:43,556.1,1614838
2021-06-17 11:00:44,556.1,1614839
2021-06-17 11:00:45,556.0,1616342
2021-06-17 11:00:45,556.0,1616342
2021-06-17 11:00:46,556.15,1616519
2021-06-17 11:00:47,556.15,1616519
2021-06-17 11:00:48,556.15,1616519
2021-06-17 11:00:49,556.2,1616529
2021-06-17 11:00:50,556.1,1616531
2021-06-17 11:00:51,556.1,1616531
2021-06-17 11:00:52,556.15,1616567
2021-06-17 11:00:53,556.2,1616598
2021-06-17 11:00:54,556.15,1617094
2021-06-17 11:00:55,556.15,1617094
2021-06-17 11:00:57,556.05,1617103
2021-06-17 11:00:58,556.05,1617103
2021-06-17 11:00:59,556.15,1617133
2021-06-17 11:01:00,556.1,1617140
2021-06-17 11:01:01,556.1,1617140
2021-06-17 11:01:02,556.15,1617155
2021-06-17 11:01:03,556.1,1617257
2021-06-17 11:01:04,556.2,1617263
2021-06-17 11:01:05,556.2,1617264
2021-06-17 11:01:07,556.1,1617266
2021-06-17 11:01:08,556.15,1617267
2021-06-17 11:01:09,556.15,1617323
2021-06-17 11:01:10,556.15,1617323
2021-06-17 11:01:11,556.15,1617323
2021-06-17 11:01:11,556.15,1617323
2021-06-17 11:01:12,556.1,1617324
2021-06-17 11:01:13,556.1,1617437
2021-06-17 11:01:14,556.15,1617451
2021-06-17 11:01:15,556.1,1617482
2021-06-17 11:01:16,556.1,1617582
2021-06-17 11:01:17,556.1,1617582
2021-06-17 11:01:19,556.05,1617711
2021-06-17 11:01:20,556.1,1617742
2021-06-17 11:01:21,556.1,1617743
2021-06-17 11:01:22,556.1,1617743
2021-06-17 11:01:23,556.1,1617743
2021-06-17 11:01:24,556.2,1618020
2021-06-17 11:01:25,556.2,1618020
2021-06-17 11:01:25,556.2,1618020
2021-06-17 11:01:26,556.0,1618205
2021-06-17 11:01:27,556.0,1618206
2021-06-17 11:01:28,556.0,1618334
2021-06-17 11:01:30,556.0,1618334
2021-06-17 11:01:31,556.0,1618334
2021-06-17 11:01:32,556.2,1618447
2021-06-17 11:01:32,556.2,1618447
2021-06-17 11:01:33,556.1,1618467
2021-06-17 11:01:34,556.2,1618544
2021-06-17 11:01:35,556.2,1618574
2021-06-17 11:01:36,556.1,1618580
2021-06-17 11:01:37,556.4,1622895
2021-06-17 11:01:38,556.4,1623620
2021-06-17 11:01:39,556.4,1623728
2021-06-17 11:01:40,556.4,1623738
2021-06-17 11:01:41,556.4,1623743
2021-06-17 11:01:44,556.4,1623789
2021-06-17 11:01:47,556.35,1624101
2021-06-17 11:01:51,556.4,1624331
2021-06-17 11:01:55,556.4,1624439
2021-06-17 11:01:58,556.4,1626156
2021-06-17 11:02:01,556.5,1626517
2021-06-17 11:02:05,556.55,1627270
2021-06-17 11:02:08,556.8,1631840
2021-06-17 11:02:12,556.6,1632594
2021-06-17 11:02:15,556.8,1632627
2021-06-17 11:02:19,556.75,1632780
2021-06-17 11:02:22,556.75,1635345
2021-06-17 11:02:25,556.8,1636313
2021-06-17 11:02:29,556.8,1637050
2021-06-17 11:02:32,556.8,1637209
2021-06-17 11:02:36,556.8,1637899
2021-06-17 11:02:39,556.9,1638301
2021-06-17 11:02:42,556.8,1638647
2021-06-17 11:02:46,556.8,1639785
2021-06-17 11:02:49,556.8,1640529
2021-06-17 11:02:53,556.65,1641477
2021-06-17 11:02:56,556.65,1641623
2021-06-17 11:03:00,556.6,1641759
2021-06-17 11:03:03,556.7,1641819
2021-06-17 11:03:06,556.6,1642091
2021-06-17 11:03:10,556.65,1642225
2021-06-17 11:03:13,556.65,1647530
2021-06-17 11:03:17,556.65,1647754
2021-06-17 11:03:20,556.8,1647871
2021-06-17 11:03:24,556.8,1647908
2021-06-17 11:03:27,556.75,1648423
2021-06-17 11:03:30,556.8,1648530
2021-06-17 11:03:33,556.75,1648557
2021-06-17 11:03:36,556.8,1648990
2021-06-17 11:03:39,556.7,1648993
2021-06-17 11:03:43,556.75,1649534
2021-06-17 11:03:46,556.7,1651660
2021-06-17 11:03:50,556.7,1652664
2021-06-17 11:03:53,556.7,1652770
2021-06-17 11:03:56,556.7,1652803
2021-06-17 11:03:59,556.7,1652848
2021-06-17 11:04:03,556.6,1652863
2021-06-17 11:04:06,556.7,1653026
2021-06-17 11:04:10,556.7,1653077
2021-06-17 11:04:13,556.65,1653088
2021-06-17 11:04:17,556.65,1653129
2021-06-17 11:04:20,556.6,1653446
2021-06-17 11:04:24,556.7,1654083
2021-06-17 11:04:27,556.7,1654140
2021-06-17 11:04:31,556.75,1654174
2021-06-17 11:04:34,556.7,1654372
2021-06-17 11:04:38,556.65,1656627
2021-06-17 11:04:41,556.6,1657079
2021-06-17 11:04:44,556.75,1657194
2021-06-17 11:04:47,556.7,1657327
2021-06-17 11:04:50,556.7,1657655
2021-06-17 11:04:54,556.6,1657820
2021-06-17 11:04:57,556.8,1658924
2021-06-17 11:05:00,556.65,1658929
2021-06-17 11:05:04,556.75,1659298
2021-06-17 11:05:07,556.75,1659563
2021-06-17 11:05:09,556.75,1659564
2021-06-17 11:05:12,556.55,1660030
2021-06-17 11:05:16,556.65,1660146
2021-06-17 11:05:20,556.75,1660173
2021-06-17 11:05:23,556.7,1660670
2021-06-17 11:05:26,556.65,1662371
2021-06-17 11:05:30,556.8,1662924
2021-06-17 11:05:34,556.8,1663142
2021-06-17 11:05:37,556.7,1663922
2021-06-17 11:05:40,556.7,1664173
2021-06-17 11:05:43,556.6,1667483
2021-06-17 11:05:47,556.55,1667702
2021-06-17 11:05:50,556.85,1674961
2021-06-17 11:05:53,556.65,1675061
2021-06-17 11:05:57,556.7,1675129
2021-06-17 11:06:01,556.6,1680147
2021-06-17 11:06:06,556.8,1680447
2021-06-17 11:06:09,556.6,1680718
2021-06-17 11:06:12,556.65,1680793
2021-06-17 11:06:15,556.7,1680824
2021-06-17 11:06:18,556.7,1680949
2021-06-17 11:06:21,556.6,1681145
2021-06-17 11:06:24,556.7,1681161
2021-06-17 11:06:27,556.6,1681399
2021-06-17 11:06:30,556.7,1681430
2021-06-17 11:06:34,556.65,1681580
2021-06-17 11:06:37,556.7,1681844
2021-06-17 11:06:41,556.7,1681873
2021-06-17 11:06:42,556.7,1681883
2021-06-17 11:06:42,556.7,1681883
2021-06-17 11:06:45,556.65,1681885
2021-06-17 11:06:46,556.65,1681889
2021-06-17 11:06:47,556.65,1681893
2021-06-17 11:06:48,556.65,1681893
2021-06-17 11:06:49,556.7,1681905
2021-06-17 11:06:50,556.7,1681935
2021-06-17 11:06:51,556.65,1681940
2021-06-17 11:06:52,556.7,1681945
2021-06-17 11:06:53,556.7,1681945
2021-06-17 11:06:54,556.7,1681945
2021-06-17 11:06:55,556.7,1682212
2021-06-17 11:06:56,556.7,1682214
2021-06-17 11:06:57,556.7,1682214
2021-06-17 11:06:58,556.7,1682214
2021-06-17 11:06:59,556.7,1682256
2021-06-17 11:07:00,556.7,1682257
2021-06-17 11:07:01,556.7,1682262
2021-06-17 11:07:03,556.65,1682272
2021-06-17 11:07:04,556.7,1682404
2021-06-17 11:07:05,556.65,1682410
2021-06-17 11:07:06,556.65,1682410
2021-06-17 11:07:08,556.65,1682410
2021-06-17 11:07:09,556.65,1682454
2021-06-17 11:07:10,556.7,1682464
2021-06-17 11:07:11,556.7,1682464
2021-06-17 11:07:12,556.7,1682464
2021-06-17 11:07:13,556.7,1682674
2021-06-17 11:07:14,556.7,1682794
2021-06-17 11:07:15,556.65,1682796
2021-06-17 11:07:16,556.65,1682796
2021-06-17 11:07:17,556.65,1682796
2021-06-17 11:07:18,556.65,1682796
2021-06-17 11:07:19,556.7,1682820
2021-06-17 11:07:20,556.65,1682939
2021-06-17 11:07:21,556.65,1682994
2021-06-17 11:07:22,556.6,1683535
2021-06-17 11:07:23,556.6,1683535
2021-06-17 11:07:24,556.6,1683561
2021-06-17 11:07:25,556.6,1683561
2021-06-17 11:07:26,556.65,1683577
2021-06-17 11:07:27,556.75,1683677
2021-06-17 11:07:28,556.6,1683678
2021-06-17 11:07:29,556.7,1683697
2021-06-17 11:07:30,556.7,1683697
2021-06-17 11:07:31,556.65,1683698
2021-06-17 11:07:32,556.65,1683702
2021-06-17 11:07:33,556.7,1683815
2021-06-17 11:07:34,556.75,1684025
2021-06-17 11:07:35,556.75,1684055
2021-06-17 11:07:36,556.75,1684055
2021-06-17 11:07:37,556.65,1684502
2021-06-17 11:07:38,556.65,1684502
2021-06-17 11:07:39,556.7,1684505
2021-06-17 11:07:40,556.75,1684535
2021-06-17 11:07:41,556.75,1684538
2021-06-17 11:07:42,556.75,1684538
2021-06-17 11:07:43,556.7,1684738
2021-06-17 11:07:44,556.75,1684773
2021-06-17 11:07:45,556.75,1684773
2021-06-17 11:07:46,556.75,1684842
2021-06-17 11:07:47,556.75,1684961
2021-06-17 11:07:48,556.75,1684968
2021-06-17 11:07:49,556.75,1685010
2021-06-17 11:07:50,556.75,1685010
2021-06-17 11:07:51,556.75,1685017
2021-06-17 11:07:52,556.75,1685131
2021-06-17 11:07:53,556.75,1685195
2021-06-17 11:07:54,556.75,1685195
2021-06-17 11:07:55,556.75,1685199
2021-06-17 11:07:56,556.7,1685222
2021-06-17 11:07:57,556.7,1685222
2021-06-17 11:07:58,556.7,1685224
2021-06-17 11:07:59,556.75,1685266
2021-06-17 11:08:00,556.75,1685266
2021-06-17 11:08:01,556.7,1686679
2021-06-17 11:08:02,556.7,1686689
2021-06-17 11:08:03,556.7,1686689
2021-06-17 11:08:04,556.7,1686690
2021-06-17 11:08:05,556.65,1687711
2021-06-17 11:08:06,556.65,1687968
2021-06-17 11:08:07,556.7,1688069
2021-06-17 11:08:08,556.7,1688069
2021-06-17 11:08:09,556.7,1688111
2021-06-17 11:08:10,556.65,1688112
2021-06-17 11:08:11,556.7,1688205
2021-06-17 11:08:12,556.7,1688226
2021-06-17 11:08:13,556.7,1688486
2021-06-17 11:08:14,556.65,1688497
2021-06-17 11:08:15,556.65,1688497
2021-06-17 11:08:16,556.7,1688857
2021-06-17 11:08:17,556.7,1688873
2021-06-17 11:08:18,556.7,1688894
2021-06-17 11:08:19,556.7,1688923
2021-06-17 11:08:20,556.7,1688923
2021-06-17 11:08:21,556.7,1689076
2021-06-17 11:08:22,556.7,1689076
2021-06-17 11:08:23,556.7,1689086
2021-06-17 11:08:24,556.75,1689136
2021-06-17 11:08:25,556.7,1689145
2021-06-17 11:08:26,556.75,1689285
2021-06-17 11:08:27,556.75,1689285
2021-06-17 11:08:28,556.75,1689294
2021-06-17 11:08:29,556.75,1689336
2021-06-17 11:08:30,556.7,1689548
2021-06-17 11:08:31,556.7,1689548
2021-06-17 11:08:32,556.7,1689548
2021-06-17 11:08:33,556.7,1689548
2021-06-17 11:08:34,556.7,1689548
2021-06-17 11:08:35,556.75,1689550
2021-06-17 11:08:36,556.7,1689575
2021-06-17 11:08:37,556.75,1689582
2021-06-17 11:08:38,556.75,1689582
2021-06-17 11:08:39,556.75,1689624
2021-06-17 11:08:40,556.75,1689630
2021-06-17 11:08:41,556.7,1689641
2021-06-17 11:08:42,556.7,1689641
2021-06-17 11:08:43,556.75,1689651
2021-06-17 11:08:44,556.75,1689651
2021-06-17 11:08:45,556.75,1689655
2021-06-17 11:08:46,556.75,1689655
2021-06-17 11:08:47,556.75,1689655
2021-06-17 11:08:48,556.75,1691351
2021-06-17 11:08:50,556.75,1691695
2021-06-17 11:08:51,556.75,1691696
2021-06-17 11:08:52,556.75,1691696
2021-06-17 11:08:53,556.75,1691758
2021-06-17 11:08:54,556.75,1691758
2021-06-17 11:08:55,556.7,1691762
2021-06-17 11:08:56,556.7,1691766
2021-06-17 11:08:57,556.75,1691986
2021-06-17 11:08:58,556.75,1691999
2021-06-17 11:08:59,556.75,1692028
2021-06-17 11:09:01,556.7,1693029
2021-06-17 11:09:00,556.7,1693029
2021-06-17 11:09:02,556.75,1693039
2021-06-17 11:09:03,556.75,1693039
2021-06-17 11:09:04,556.7,1693044
2021-06-17 11:09:05,556.7,1693044
2021-06-17 11:09:06,556.75,1693544
2021-06-17 11:09:07,556.7,1693546
2021-06-17 11:09:08,556.75,1693668
2021-06-17 11:09:10,556.75,1695620
2021-06-17 11:09:11,556.75,1695620
2021-06-17 11:09:12,556.75,1695644
2021-06-17 11:09:13,556.7,1695645
2021-06-17 11:09:14,556.7,1695645
2021-06-17 11:09:15,556.75,1695647
2021-06-17 11:09:16,556.6,1699233
2021-06-17 11:09:17,556.6,1699233
2021-06-17 11:09:18,556.55,1699234
2021-06-17 11:09:19,556.5,1699323
2021-06-17 11:09:20,556.5,1699363
2021-06-17 11:09:21,556.6,1699463
2021-06-17 11:09:22,556.4,1700380
2021-06-17 11:09:23,556.4,1700380
2021-06-17 11:09:24,556.4,1700385
2021-06-17 11:09:25,556.4,1700386
