timestamp,ltp,volume
2021-06-14 09:15:40,755.8,354295
2021-06-14 09:15:41,755.8,358315
2021-06-14 09:15:42,755.8,361900
2021-06-14 09:15:44,755.8,364573
2021-06-14 09:15:44,755.8,364497
2021-06-14 09:15:45,755.8,366444
2021-06-14 09:15:46,755.8,368677
2021-06-14 09:15:49,755.8,371732
2021-06-14 09:15:49,755.8,373985
2021-06-14 09:15:50,755.8,375567
2021-06-14 09:15:51,755.8,378601
2021-06-14 09:15:52,755.8,382725
2021-06-14 09:15:54,755.8,384131
2021-06-14 09:15:55,755.8,389042
2021-06-14 09:15:56,755.8,391159
2021-06-14 09:15:57,755.8,391865
2021-06-14 09:15:59,755.8,393240
2021-06-14 09:16:00,755.8,396049
2021-06-14 09:16:01,755.8,398113
2021-06-14 09:16:02,755.8,400241
2021-06-14 09:16:03,755.8,401723
2021-06-14 09:16:05,755.8,405796
2021-06-14 09:16:06,755.8,407914
2021-06-14 09:16:06,755.8,408551
2021-06-14 09:16:07,755.8,411683
2021-06-14 09:16:08,755.8,412387
2021-06-14 09:16:10,755.8,413013
2021-06-14 09:16:11,755.8,413951
2021-06-14 09:16:12,755.8,416081
2021-06-14 09:16:12,755.8,417010
2021-06-14 09:16:13,755.8,418434
2021-06-14 09:16:14,755.8,419442
2021-06-14 09:16:15,755.8,420852
2021-06-14 09:16:16,755.8,422306
2021-06-14 09:16:18,755.8,423108
2021-06-14 09:16:19,755.8,425073
2021-06-14 09:16:19,755.8,424793
2021-06-14 09:16:20,755.8,428505
2021-06-14 09:16:21,755.8,431368
2021-06-14 09:16:23,755.8,432162
2021-06-14 09:16:24,755.8,432984
2021-06-14 09:16:25,755.8,433967
2021-06-14 09:16:26,755.8,435542
2021-06-14 09:16:28,755.8,436897
2021-06-14 09:16:29,755.8,437354
2021-06-14 09:16:29,755.8,437436
2021-06-14 09:16:30,755.8,438499
2021-06-14 09:16:31,755.8,441510
2021-06-14 09:16:32,755.8,442496
2021-06-14 09:16:34,755.8,445728
2021-06-14 09:16:35,755.8,446489
2021-06-14 09:16:35,755.8,446516
2021-06-14 09:16:36,755.8,447423
2021-06-14 09:16:37,755.8,448160
2021-06-14 09:16:38,755.8,449301
2021-06-14 09:16:40,755.8,452214
2021-06-14 09:16:41,755.8,453752
2021-06-14 09:16:41,755.8,453775
2021-06-14 09:16:42,755.8,454246
2021-06-14 09:16:43,755.8,454812
2021-06-14 09:16:45,755.8,455507
2021-06-14 09:16:46,755.8,457989
2021-06-14 09:16:46,755.8,457873
2021-06-14 09:16:47,755.8,459183
2021-06-14 09:16:48,755.8,460495
2021-06-14 09:16:50,755.8,461503
2021-06-14 09:16:51,755.8,462590
2021-06-14 09:16:52,755.8,463509
2021-06-14 09:16:53,755.8,464804
2021-06-14 09:16:54,755.8,465551
2021-06-14 09:16:56,755.8,467214
2021-06-14 09:16:57,755.8,469918
2021-06-14 09:16:57,755.8,469958
2021-06-14 09:16:58,755.8,471702
2021-06-14 09:17:00,755.8,474467
2021-06-14 09:17:02,755.8,476234
2021-06-14 09:17:03,755.8,476957
2021-06-14 09:17:04,755.8,477332
2021-06-14 09:17:05,755.8,480274
2021-06-14 09:17:05,755.8,480343
2021-06-14 09:17:06,755.8,482017
2021-06-14 09:17:07,755.8,482724
2021-06-14 09:17:09,755.8,484517
2021-06-14 09:17:10,755.8,485451
2021-06-14 09:17:10,755.8,485756
2021-06-14 09:17:11,755.8,487389
2021-06-14 09:17:12,755.8,488508
2021-06-14 09:17:13,755.8,488854
2021-06-14 09:17:15,755.8,489405
2021-06-14 09:17:16,755.8,490137
2021-06-14 09:17:16,755.8,490649
2021-06-14 09:17:17,755.8,491457
2021-06-14 09:17:18,755.8,495533
2021-06-14 09:17:20,755.8,497242
2021-06-14 09:17:21,755.8,499404
2021-06-14 09:17:22,755.8,501396
2021-06-14 09:17:22,755.8,501477
2021-06-14 09:17:23,755.8,502649
2021-06-14 09:17:24,755.8,503648
2021-06-14 09:17:26,755.8,504149
2021-06-14 09:17:27,755.8,505771
2021-06-14 09:17:27,755.8,505839
2021-06-14 09:17:28,755.8,506511
2021-06-14 09:17:29,755.8,507434
2021-06-14 09:17:31,755.8,511075
2021-06-14 09:17:32,755.8,511719
2021-06-14 09:17:33,755.8,513632
2021-06-14 09:17:33,755.8,513750
2021-06-14 09:17:34,755.8,514221
2021-06-14 09:17:35,755.8,514634
2021-06-14 09:17:36,755.8,516352
2021-06-14 09:17:38,755.8,517128
2021-06-14 09:17:39,755.8,517660
2021-06-14 09:17:39,755.8,517887
2021-06-14 09:17:40,755.8,518361
2021-06-14 09:17:41,755.8,520196
2021-06-14 09:17:43,755.8,520829
2021-06-14 09:17:44,755.8,521409
2021-06-14 09:17:45,755.8,522777
2021-06-14 09:17:45,755.8,522794
2021-06-14 09:17:46,755.8,522899
2021-06-14 09:17:47,755.8,523315
2021-06-14 09:17:48,755.8,524780
2021-06-14 09:17:49,755.8,525424
2021-06-14 09:17:50,755.8,525949
2021-06-14 09:17:52,755.8,526401
2021-06-14 09:17:53,755.8,528459
2021-06-14 09:17:53,755.8,528735
2021-06-14 09:17:54,755.8,532627
2021-06-14 09:17:56,755.8,532917
2021-06-14 09:17:57,755.8,533392
2021-06-14 09:17:58,755.8,533780
2021-06-14 09:17:59,755.8,536279
2021-06-14 09:18:00,755.8,537150
2021-06-14 09:18:00,755.8,538337
2021-06-14 09:18:01,755.8,539153
2021-06-14 09:18:03,755.8,539749
2021-06-14 09:18:04,755.8,540654
2021-06-14 09:18:05,755.8,543925
2021-06-14 09:18:06,755.8,545461
2021-06-14 09:18:06,755.8,545283
2021-06-14 09:18:07,755.8,545941
2021-06-14 09:18:09,755.8,548966
2021-06-14 09:18:10,755.8,549500
2021-06-14 09:18:11,755.8,549921
2021-06-14 09:18:12,755.8,551065
2021-06-14 09:18:12,755.8,551609
2021-06-14 09:18:13,755.8,552610
2021-06-14 09:18:15,755.8,553519
2021-06-14 09:18:16,755.8,554294
2021-06-14 09:18:17,755.8,555003
2021-06-14 09:18:17,755.8,555063
2021-06-14 09:18:18,755.8,555511
2021-06-14 09:18:19,755.8,556439
2021-06-14 09:18:21,755.8,557101
2021-06-14 09:18:22,755.8,557471
2021-06-14 09:18:23,755.8,558196
2021-06-14 09:18:24,755.8,558968
2021-06-14 09:18:24,755.8,559097
2021-06-14 09:18:25,755.8,560077
2021-06-14 09:18:27,755.8,560883
2021-06-14 09:18:28,755.8,562104
2021-06-14 09:18:29,755.8,562514
2021-06-14 09:18:30,755.8,563435
2021-06-14 09:18:30,755.8,563576
2021-06-14 09:18:31,755.8,563747
2021-06-14 09:18:32,755.8,563998
2021-06-14 09:18:34,755.8,564384
2021-06-14 09:18:35,755.8,564859
2021-06-14 09:18:36,755.8,565338
2021-06-14 09:18:37,755.8,565903
2021-06-14 09:18:37,755.8,566084
2021-06-14 09:18:38,755.8,566848
2021-06-14 09:18:39,755.8,567329
2021-06-14 09:18:41,755.8,568254
2021-06-14 09:18:42,755.8,568626
2021-06-14 09:18:43,755.8,569532
2021-06-14 09:18:43,755.8,569532
2021-06-14 09:18:44,755.8,570362
2021-06-14 09:18:46,755.8,571780
2021-06-14 09:18:47,755.8,573004
2021-06-14 09:18:48,755.8,573858
2021-06-14 09:18:48,755.8,573889
2021-06-14 09:18:49,755.8,574250
2021-06-14 09:18:51,755.8,575621
2021-06-14 09:18:53,755.8,576341
2021-06-14 09:18:54,755.8,577791
2021-06-14 09:18:55,755.8,579097
2021-06-14 09:18:55,755.8,579278
2021-06-14 09:18:58,755.8,581272
2021-06-14 09:18:59,755.8,582830
2021-06-14 09:19:00,755.8,583665
2021-06-14 09:19:00,755.8,583800
2021-06-14 09:19:03,755.8,586046
2021-06-14 09:19:04,755.8,586498
2021-06-14 09:19:05,755.8,587116
2021-06-14 09:19:06,755.8,587411
2021-06-14 09:19:08,755.8,588070
2021-06-14 09:19:09,755.8,588479
2021-06-14 09:19:10,755.8,588948
2021-06-14 09:19:11,755.8,589135
2021-06-14 09:19:11,755.8,589239
2021-06-14 09:19:12,755.8,591817
2021-06-14 09:19:13,755.8,593061
2021-06-14 09:19:15,755.8,593718
2021-06-14 09:19:16,755.8,594627
2021-06-14 09:19:17,755.8,595315
2021-06-14 09:19:18,755.8,595774
2021-06-14 09:19:18,755.8,595855
2021-06-14 09:19:19,755.8,597325
2021-06-14 09:19:21,755.8,598401
2021-06-14 09:19:22,755.8,598757
2021-06-14 09:19:23,755.8,600271
2021-06-14 09:19:24,755.8,601397
2021-06-14 09:19:25,755.8,602728
2021-06-14 09:19:26,755.8,603801
2021-06-14 09:19:26,755.8,604136
2021-06-14 09:19:27,755.8,604495
2021-06-14 09:19:28,755.8,604939
2021-06-14 09:19:30,755.8,605211
2021-06-14 09:19:31,755.8,605613
2021-06-14 09:19:32,755.8,606458
2021-06-14 09:19:33,755.8,607159
2021-06-14 09:19:33,755.8,607158
2021-06-14 09:19:34,755.8,607898
2021-06-14 09:19:35,755.8,609340
2021-06-14 09:19:38,755.8,610556
2021-06-14 09:19:39,755.8,610831
2021-06-14 09:19:40,755.8,613202
2021-06-14 09:19:40,755.8,613483
2021-06-14 09:19:41,755.8,613911
2021-06-14 09:19:43,755.8,614020
2021-06-14 09:19:44,755.8,614453
2021-06-14 09:19:45,755.8,615288
2021-06-14 09:19:45,755.8,615638
2021-06-14 09:19:46,755.8,615994
2021-06-14 09:19:48,755.8,616926
2021-06-14 09:19:49,755.8,618003
2021-06-14 09:19:50,755.8,618350
2021-06-14 09:19:51,755.8,619090
2021-06-14 09:19:51,755.8,619222
2021-06-14 09:19:52,755.8,619865
2021-06-14 09:19:53,755.8,620150
2021-06-14 09:19:55,755.8,622545
2021-06-14 09:19:56,755.8,624907
2021-06-14 09:19:57,755.8,625737
2021-06-14 09:19:57,755.8,625804
2021-06-14 09:19:58,755.8,626080
2021-06-14 09:20:00,755.8,626793
2021-06-14 09:20:01,755.8,627977
2021-06-14 09:20:02,755.8,629102
2021-06-14 09:20:02,755.8,629260
2021-06-14 09:20:03,755.8,629522
2021-06-14 09:20:05,755.8,631094
2021-06-14 09:20:06,755.8,631651
2021-06-14 09:20:07,755.8,632378
2021-06-14 09:20:07,755.8,632443
2021-06-14 09:20:08,755.8,632847
2021-06-14 09:20:10,755.8,633187
2021-06-14 09:20:11,755.8,633531
2021-06-14 09:20:12,755.8,634195
2021-06-14 09:20:13,755.8,634391
2021-06-14 09:20:14,755.8,635035
2021-06-14 09:20:15,755.8,635670
2021-06-14 09:20:15,755.8,635470
2021-06-14 09:20:17,755.8,636244
2021-06-14 09:20:18,755.8,637182
2021-06-14 09:20:19,755.8,637467
2021-06-14 09:20:21,755.8,639067
2021-06-14 09:20:21,755.8,639178
2021-06-14 09:20:22,755.8,639861
2021-06-14 09:20:24,755.8,641890
2021-06-14 09:20:25,755.8,642331
2021-06-14 09:20:26,755.8,642590
2021-06-14 09:20:27,755.8,644827
2021-06-14 09:20:28,755.8,645106
2021-06-14 09:20:30,755.8,647494
2021-06-14 09:20:31,755.8,647738
2021-06-14 09:20:32,755.8,648716
2021-06-14 09:20:32,755.8,648843
2021-06-14 09:20:33,755.8,649132
2021-06-14 09:20:35,755.8,649599
2021-06-14 09:20:36,755.8,650257
2021-06-14 09:20:37,755.8,650644
2021-06-14 09:20:38,755.8,651404
2021-06-14 09:20:39,755.8,652961
2021-06-14 09:20:39,755.8,653051
2021-06-14 09:20:41,755.8,653561
2021-06-14 09:20:42,755.8,653895
2021-06-14 09:20:43,755.8,654146
2021-06-14 09:20:45,755.8,654765
2021-06-14 09:20:45,755.8,654788
2021-06-14 09:20:46,755.8,655041
2021-06-14 09:20:48,755.8,655589
2021-06-14 09:20:49,755.8,655951
2021-06-14 09:20:50,755.8,656486
2021-06-14 09:20:51,755.8,656952
2021-06-14 09:20:52,755.8,657512
2021-06-14 09:20:53,755.8,657916
2021-06-14 09:20:53,755.8,658021
2021-06-14 09:20:55,755.8,658500
2021-06-14 09:20:56,755.8,659564
2021-06-14 09:20:57,755.8,659604
2021-06-14 09:20:58,755.8,659972
2021-06-14 09:20:59,755.8,660337
2021-06-14 09:20:59,755.8,660392
2021-06-14 09:21:02,755.8,661422
2021-06-14 09:21:03,755.8,661819
2021-06-14 09:21:04,755.8,662295
2021-06-14 09:21:05,755.8,662966
2021-06-14 09:21:06,755.8,663401
2021-06-14 09:21:06,755.8,663401
2021-06-14 09:21:08,755.8,664172
2021-06-14 09:21:09,755.8,664355
2021-06-14 09:21:10,755.8,665180
2021-06-14 09:21:11,755.8,666203
2021-06-14 09:21:13,755.8,666638
2021-06-14 09:21:14,755.8,666805
2021-06-14 09:21:15,755.8,668164
2021-06-14 09:21:16,755.8,668400
2021-06-14 09:21:17,755.8,668924
2021-06-14 09:21:18,755.8,669733
2021-06-14 09:21:20,755.8,670977
2021-06-14 09:21:21,755.8,671568
2021-06-14 09:21:22,755.8,672519
2021-06-14 09:21:23,755.8,672878
2021-06-14 09:21:24,755.8,672969
2021-06-14 09:21:25,755.8,673580
2021-06-14 09:21:26,755.8,674197
2021-06-14 09:21:26,755.8,674169
2021-06-14 09:21:27,755.8,674716
2021-06-14 09:21:28,755.8,676124
2021-06-14 09:21:30,755.8,676482
2021-06-14 09:21:31,755.8,677108
2021-06-14 09:21:32,755.8,677356
2021-06-14 09:21:33,755.8,677616
2021-06-14 09:21:34,755.8,678280
2021-06-14 09:21:34,755.8,678346
2021-06-14 09:21:35,755.8,678572
2021-06-14 09:21:37,755.8,678928
2021-06-14 09:21:38,755.8,679598
2021-06-14 09:21:39,755.8,679986
2021-06-14 09:21:40,755.8,680598
2021-06-14 09:21:41,755.8,680974
2021-06-14 09:21:42,755.8,681657
2021-06-14 09:21:42,755.8,681657
2021-06-14 09:21:43,755.8,681844
2021-06-14 09:21:46,755.8,682265
2021-06-14 09:21:47,755.8,682497
2021-06-14 09:21:48,755.8,682787
2021-06-14 09:21:49,755.8,683894
2021-06-14 09:21:50,755.8,684443
2021-06-14 09:21:50,755.8,684330
2021-06-14 09:21:51,755.8,684659
2021-06-14 09:21:53,755.8,684854
2021-06-14 09:21:54,755.8,685220
2021-06-14 09:21:55,755.8,685912
2021-06-14 09:21:56,755.8,686768
2021-06-14 09:21:57,755.8,687181
2021-06-14 09:21:57,755.8,687331
2021-06-14 09:21:59,755.8,687594
2021-06-14 09:22:00,755.8,688005
2021-06-14 09:22:01,755.8,688547
2021-06-14 09:22:02,755.8,688768
2021-06-14 09:22:02,755.8,688832
2021-06-14 09:22:04,755.8,689451
2021-06-14 09:22:05,755.8,690570
2021-06-14 09:22:06,755.8,690974
2021-06-14 09:22:07,755.8,691559
2021-06-14 09:22:08,755.8,692021
2021-06-14 09:22:09,755.8,692881
2021-06-14 09:22:10,755.8,692984
2021-06-14 09:22:11,755.8,693368
2021-06-14 09:22:12,755.8,693993
2021-06-14 09:22:12,755.8,694026
2021-06-14 09:22:14,755.8,694348
2021-06-14 09:22:15,755.8,694507
2021-06-14 09:22:16,755.8,695212
2021-06-14 09:22:17,755.8,695406
2021-06-14 09:22:18,755.8,695537
2021-06-14 09:22:19,755.8,695602
2021-06-14 09:22:20,755.8,695948
2021-06-14 09:22:21,755.8,696230
2021-06-14 09:22:22,755.8,696583
2021-06-14 09:22:24,755.8,697456
2021-06-14 09:22:25,755.8,697698
2021-06-14 09:22:26,755.8,697820
2021-06-14 09:22:27,755.8,697935
2021-06-14 09:22:28,755.8,698261
2021-06-14 09:22:29,755.8,698517
2021-06-14 09:22:31,755.8,700091
2021-06-14 09:22:32,755.8,701825
2021-06-14 09:22:33,755.8,701837
2021-06-14 09:22:34,755.8,702260
2021-06-14 09:22:35,755.8,702454
2021-06-14 09:22:36,755.8,702843
2021-06-14 09:22:37,755.8,703403
2021-06-14 09:22:38,718.9,726417
2021-06-14 09:22:39,713.8,732016
2021-06-14 09:22:40,713.8,736233
2021-06-14 09:22:41,716.7,781411
2021-06-14 09:22:43,718.55,838832
2021-06-14 09:22:44,720.0,860053
2021-06-14 09:22:45,720.15,878351
2021-06-14 09:22:50,720.95,945406
2021-06-14 09:22:55,719.35,990647
2021-06-14 09:22:59,716.2,1095321
2021-06-14 09:23:04,715.8,1202033
2021-06-14 09:23:09,715.75,1276467
2021-06-14 09:23:14,715.6,1343250
2021-06-14 09:23:18,713.8,1437682
2021-06-14 09:23:23,713.8,1570630
2021-06-14 09:23:28,716.0,1698313
2021-06-14 09:23:33,716.35,1797388
2021-06-14 09:23:37,715.95,1852418
2021-06-14 09:23:42,714.5,1941624
2021-06-14 09:23:47,716.35,2019857
2021-06-14 09:23:52,716.5,2141534
2021-06-14 09:23:56,716.3,2233626
2021-06-14 09:24:01,719.4,2331905
2021-06-14 09:24:06,723.15,2497229
2021-06-14 09:24:11,729.0,2619863
2021-06-14 09:24:16,733.95,2746588
2021-06-14 09:24:20,737.25,2856097
2021-06-14 09:24:25,738.7,2951719
2021-06-14 09:24:30,734.5,3075123
2021-06-14 09:24:35,735.1,3180058
2021-06-14 09:24:39,736.6,3268577
2021-06-14 09:24:44,735.3,3343112
2021-06-14 09:24:49,732.9,3438414
2021-06-14 09:24:53,734.0,3488178
2021-06-14 09:24:58,737.9,3577327
2021-06-14 09:25:03,741.85,3672612
2021-06-14 09:25:07,741.5,3795582
2021-06-14 09:25:12,741.45,3871466
2021-06-14 09:25:17,742.55,3937739
2021-06-14 09:25:21,745.65,3998586
2021-06-14 09:25:26,743.45,4079532
2021-06-14 09:25:31,741.95,4173341
2021-06-14 09:25:35,738.85,4252158
2021-06-14 09:25:40,736.7,4307046
2021-06-14 09:25:45,736.0,4375406
2021-06-14 09:25:50,734.55,4444837
2021-06-14 09:25:54,733.3,4490782
2021-06-14 09:26:04,725.7,4643739
2021-06-14 09:26:09,725.05,4725354
2021-06-14 09:26:13,724.7,4793079
2021-06-14 09:26:18,723.1,4869363
2021-06-14 09:26:23,720.7,4970486
2021-06-14 09:26:28,720.25,5098498
2021-06-14 09:26:33,721.3,5207036
2021-06-14 09:26:38,721.8,5307918
2021-06-14 09:26:43,720.0,5386993
2021-06-14 09:26:47,721.3,5436308
2021-06-14 09:26:52,723.9,5508564
2021-06-14 09:26:57,724.0,5652713
2021-06-14 09:27:02,723.6,5708860
2021-06-14 09:27:07,722.45,5738897
2021-06-14 09:27:11,721.9,5788937
2021-06-14 09:27:16,722.35,5844337
2021-06-14 09:27:21,721.4,5868607
2021-06-14 09:27:25,721.35,5889818
2021-06-14 09:27:30,723.55,5932460
2021-06-14 09:27:34,724.1,5974828
2021-06-14 09:27:39,725.1,6043903
2021-06-14 09:27:44,727.65,6085310
2021-06-14 09:27:45,728.5,6089164
2021-06-14 09:27:47,729.9,6105072
2021-06-14 09:27:47,729.4,6105731
2021-06-14 09:27:48,729.65,6114872
2021-06-14 09:27:49,728.6,6124561
2021-06-14 09:27:50,729.45,6134970
2021-06-14 09:27:51,728.0,6159511
2021-06-14 09:27:52,728.45,6167761
2021-06-14 09:27:53,728.95,6177420
2021-06-14 09:27:55,729.1,6196100
2021-06-14 09:27:56,728.75,6208117
2021-06-14 09:27:57,728.65,6229159
2021-06-14 09:27:58,727.9,6238920
2021-06-14 09:27:59,728.3,6252947
2021-06-14 09:28:00,727.7,6258427
2021-06-14 09:28:01,727.95,6265053
2021-06-14 09:28:02,727.2,6272939
2021-06-14 09:28:03,727.4,6282225
2021-06-14 09:28:04,727.7,6288513
2021-06-14 09:28:04,727.3,6288872
2021-06-14 09:28:05,727.4,6301252
2021-06-14 09:28:06,727.65,6305881
2021-06-14 09:28:07,727.8,6311291
2021-06-14 09:28:08,727.5,6313578
2021-06-14 09:28:09,727.95,6319603
2021-06-14 09:28:10,727.95,6322025
2021-06-14 09:28:11,727.8,6328383
2021-06-14 09:28:12,727.85,6333846
2021-06-14 09:28:13,728.15,6342177
2021-06-14 09:28:14,728.55,6347812
2021-06-14 09:28:16,728.5,6365003
2021-06-14 09:28:17,728.95,6368099
2021-06-14 09:28:18,729.05,6371668
2021-06-14 09:28:19,728.95,6377154
2021-06-14 09:28:20,729.95,6389734
2021-06-14 09:28:21,730.1,6407122
2021-06-14 09:28:22,730.1,6410923
2021-06-14 09:28:23,731.15,6421218
2021-06-14 09:28:24,732.0,6428741
2021-06-14 09:28:25,732.8,6438460
2021-06-14 09:28:26,732.6,6446460
2021-06-14 09:28:27,733.95,6464699
2021-06-14 09:28:28,732.95,6474695
2021-06-14 09:28:29,733.2,6483010
2021-06-14 09:28:30,733.05,6489572
2021-06-14 09:28:31,734.35,6516826
2021-06-14 09:28:32,734.95,6524757
2021-06-14 09:28:34,734.9,6536226
2021-06-14 09:28:35,734.3,6544537
2021-06-14 09:28:36,734.85,6557589
2021-06-14 09:28:37,734.6,6561463
2021-06-14 09:28:38,734.8,6565785
2021-06-14 09:28:39,734.1,6574412
2021-06-14 09:28:40,733.75,6588512
2021-06-14 09:28:41,733.0,6602664
2021-06-14 09:28:42,732.4,6624831
2021-06-14 09:28:42,732.75,6621290
2021-06-14 09:28:43,732.4,6636179
2021-06-14 09:28:44,732.0,6654480
2021-06-14 09:28:45,732.6,6661826
2021-06-14 09:28:48,734.35,6806468
2021-06-14 09:28:49,734.2,6825120
2021-06-14 09:28:50,734.9,6836837
2021-06-14 09:28:51,735.0,6843835
2021-06-14 09:28:52,735.45,6853289
2021-06-14 09:28:52,735.5,6854371
2021-06-14 09:28:53,734.35,6868955
2021-06-14 09:28:54,735.8,6872515
2021-06-14 09:28:56,735.4,6876131
2021-06-14 09:28:57,735.8,6880437
2021-06-14 09:28:58,736.2,6886671
2021-06-14 09:28:59,736.45,6894908
2021-06-14 09:29:00,736.8,6904253
2021-06-14 09:29:01,737.7,6911278
2021-06-14 09:29:02,737.0,6918126
2021-06-14 09:29:03,736.7,6924162
2021-06-14 09:29:04,736.4,6929565
2021-06-14 09:29:05,736.65,6940034
2021-06-14 09:29:05,736.7,6941307
2021-06-14 09:29:06,736.4,6947504
2021-06-14 09:29:09,735.65,6990323
2021-06-14 09:29:11,736.0,7003465
2021-06-14 09:29:12,735.85,7013515
2021-06-14 09:29:13,736.25,7026683
2021-06-14 09:29:14,736.7,7039567
2021-06-14 09:29:15,736.5,7046419
2021-06-14 09:29:16,737.25,7055736
2021-06-14 09:29:17,736.95,7065764
2021-06-14 09:29:18,738.8,7081578
2021-06-14 09:29:20,739.75,7113169
2021-06-14 09:29:20,739.8,7113454
2021-06-14 09:29:21,737.1,7129966
2021-06-14 09:29:22,736.95,7135895
2021-06-14 09:29:23,736.7,7146988
2021-06-14 09:29:25,736.2,7153020
2021-06-14 09:29:26,736.5,7157103
2021-06-14 09:29:27,736.7,7161908
2021-06-14 09:29:28,736.9,7167341
2021-06-14 09:29:29,737.0,7171273
2021-06-14 09:29:29,737.35,7171759
2021-06-14 09:29:30,737.35,7173464
2021-06-14 09:29:31,736.9,7186649
2021-06-14 09:29:33,735.9,7200230
2021-06-14 09:29:34,734.6,7224875
2021-06-14 09:29:35,735.0,7231814
2021-06-14 09:29:36,735.45,7241238
2021-06-14 09:29:37,735.0,7248256
2021-06-14 09:29:38,734.2,7256281
2021-06-14 09:29:39,734.75,7261046
2021-06-14 09:29:40,734.2,7270345
2021-06-14 09:29:41,733.45,7281270
2021-06-14 09:29:42,733.0,7287681
2021-06-14 09:29:43,731.55,7372067
2021-06-14 09:29:45,731.6,7393449
2021-06-14 09:29:46,732.05,7400726
2021-06-14 09:29:47,731.6,7404548
2021-06-14 09:29:48,730.7,7416274
2021-06-14 09:29:49,730.85,7418552
2021-06-14 09:29:49,730.3,7420904
2021-06-14 09:29:50,730.2,7427159
2021-06-14 09:29:51,730.0,7433161
2021-06-14 09:29:52,730.15,7454337
2021-06-14 09:29:53,730.45,7468695
2021-06-14 09:29:54,730.35,7476160
2021-06-14 09:29:55,730.5,7481120
2021-06-14 09:29:56,729.45,7486232
2021-06-14 09:29:57,729.8,7489107
2021-06-14 09:29:58,729.1,7502703
2021-06-14 09:30:00,728.6,7509306
2021-06-14 09:30:01,728.8,7514190
2021-06-14 09:30:02,728.55,7517080
2021-06-14 09:30:03,728.5,7520264
2021-06-14 09:30:04,728.55,7526062
2021-06-14 09:30:05,727.6,7537034
2021-06-14 09:30:05,727.8,7534591
2021-06-14 09:30:06,727.3,7551193
2021-06-14 09:30:07,727.35,7554975
2021-06-14 09:30:10,726.4,7576343
2021-06-14 09:30:11,725.7,7586412
2021-06-14 09:30:12,725.55,7593750
2021-06-14 09:30:12,725.55,7594654
2021-06-14 09:30:13,725.55,7607927
2021-06-14 09:30:14,725.6,7612812
2021-06-14 09:30:15,725.6,7632728
2021-06-14 09:30:16,726.25,7642128
2021-06-14 09:30:17,726.25,7660094
2021-06-14 09:30:18,725.9,7669256
2021-06-14 09:30:20,725.6,7674767
2021-06-14 09:30:21,725.9,7687834
2021-06-14 09:30:22,725.5,7690836
2021-06-14 09:30:23,724.55,7705143
2021-06-14 09:30:24,724.6,7711964
2021-06-14 09:30:25,725.0,7719612
2021-06-14 09:30:25,724.9,7722388
2021-06-14 09:30:27,723.35,7743059
2021-06-14 09:30:28,722.9,7751690
2021-06-14 09:30:30,722.95,7758133
2021-06-14 09:30:31,722.65,7775212
2021-06-14 09:30:32,722.5,7780246
2021-06-14 09:30:33,722.5,7783187
2021-06-14 09:30:34,722.0,7789057
2021-06-14 09:30:35,722.65,7795945
2021-06-14 09:30:36,721.85,7801306
2021-06-14 09:30:37,722.9,7807078
2021-06-14 09:30:38,722.55,7817903
2021-06-14 09:30:39,721.65,7828483
2021-06-14 09:30:40,721.6,7840422
2021-06-14 09:30:44,721.6,7875513
2021-06-14 09:30:45,720.75,7908452
2021-06-14 09:30:46,720.95,7919957
2021-06-14 09:30:47,718.4,8041134
2021-06-14 09:30:47,718.05,8043639
2021-06-14 09:30:48,718.0,8059568
2021-06-14 09:30:50,718.7,8067041
2021-06-14 09:30:51,718.3,8074180
2021-06-14 09:30:52,719.05,8080814
2021-06-14 09:30:53,719.15,8086518
2021-06-14 09:30:54,719.35,8091217
2021-06-14 09:30:55,719.45,8098949
2021-06-14 09:30:56,719.3,8105420
2021-06-14 09:30:57,719.45,8117678
2021-06-14 09:30:58,718.85,8126443
2021-06-14 09:30:58,718.85,8128644
2021-06-14 09:30:59,719.0,8136620
2021-06-14 09:31:00,719.85,8149043
2021-06-14 09:31:01,719.9,8169617
2021-06-14 09:31:02,718.7,8188569
2021-06-14 09:31:03,719.1,8193142
2021-06-14 09:31:04,719.15,8197285
2021-06-14 09:31:05,719.2,8206849
2021-06-14 09:31:06,720.35,8224805
2021-06-14 09:31:07,720.2,8234787
2021-06-14 09:31:08,720.85,8254632
2021-06-14 09:31:09,721.9,8267656
2021-06-14 09:31:10,721.5,8283300
2021-06-14 09:31:11,722.65,8301424
2021-06-14 09:31:13,722.75,8314159
2021-06-14 09:31:14,722.3,8326819
2021-06-14 09:31:15,722.25,8347359
2021-06-14 09:31:16,721.65,8358772
2021-06-14 09:31:17,721.4,8365824
2021-06-14 09:31:18,720.75,8378204
2021-06-14 09:31:19,720.8,8385792
2021-06-14 09:31:20,720.55,8389539
2021-06-14 09:31:21,720.35,8397649
2021-06-14 09:31:22,720.1,8404588
2021-06-14 09:31:23,720.4,8419057
2021-06-14 09:31:24,720.4,8423761
2021-06-14 09:31:25,720.6,8430939
2021-06-14 09:31:26,720.0,8444303
2021-06-14 09:31:27,720.35,8452794
2021-06-14 09:31:28,720.45,8459338
2021-06-14 09:31:29,720.55,8464173
2021-06-14 09:31:30,719.5,8488327
2021-06-14 09:31:30,720.1,8492351
2021-06-14 09:31:31,719.2,8501845
2021-06-14 09:31:33,719.5,8513279
2021-06-14 09:31:34,719.2,8524162
2021-06-14 09:31:36,719.75,8532069
2021-06-14 09:31:37,719.35,8537757
2021-06-14 09:31:38,718.0,8584414
2021-06-14 09:31:39,718.3,8591223
2021-06-14 09:31:40,717.95,8595616
2021-06-14 09:31:41,716.65,8618240
2021-06-14 09:31:43,715.25,8690644
2021-06-14 09:31:44,715.25,8698339
2021-06-14 09:31:45,715.0,8723916
2021-06-14 09:31:46,715.35,8732030
2021-06-14 09:31:46,715.65,8734971
2021-06-14 09:31:48,715.0,8752832
2021-06-14 09:31:49,715.4,8769383
2021-06-14 09:31:50,715.7,8776093
2021-06-14 09:31:51,716.55,8788838
2021-06-14 09:31:52,716.95,8806430
2021-06-14 09:31:53,716.45,8811326
2021-06-14 09:31:54,716.65,8827902
2021-06-14 09:31:55,716.65,8834288
2021-06-14 09:31:56,716.85,8841180
2021-06-14 09:31:57,717.0,8843742
2021-06-14 09:31:59,716.75,8848916
2021-06-14 09:32:00,716.3,8855351
2021-06-14 09:32:01,716.55,8870323
2021-06-14 09:32:02,716.55,8878081
2021-06-14 09:32:03,716.15,8883917
2021-06-14 09:32:05,716.55,8895888
2021-06-14 09:32:06,715.95,8902109
2021-06-14 09:32:06,716.55,8904151
2021-06-14 09:32:07,715.65,8912543
2021-06-14 09:32:08,715.4,8918845
2021-06-14 09:32:10,715.0,8934616
2021-06-14 09:32:10,715.0,9017354
2021-06-14 09:32:11,714.65,9055256
2021-06-14 09:32:12,714.95,9065400
2021-06-14 09:32:14,715.0,9087472
2021-06-14 09:32:15,715.2,9095038
2021-06-14 09:32:17,716.05,9121803
2021-06-14 09:32:19,716.5,9143417
2021-06-14 09:32:20,715.5,9152899
2021-06-14 09:32:21,716.25,9158201
2021-06-14 09:32:22,716.05,9161296
2021-06-14 09:32:24,716.4,9168431
2021-06-14 09:32:25,716.65,9173461
2021-06-14 09:32:26,716.9,9207448
2021-06-14 09:32:27,716.9,9224831
2021-06-14 09:32:28,717.3,9233881
2021-06-14 09:32:29,719.15,9266910
2021-06-14 09:32:30,718.85,9289856
2021-06-14 09:32:31,718.65,9294842
2021-06-14 09:32:32,719.95,9300650
2021-06-14 09:32:33,719.05,9321455
2021-06-14 09:32:34,720.25,9330855
2021-06-14 09:32:35,720.4,9346063
2021-06-14 09:32:36,721.4,9349999
2021-06-14 09:32:37,721.35,9359639
2021-06-14 09:32:38,721.35,9371679
2021-06-14 09:32:39,720.95,9377034
2021-06-14 09:32:39,721.5,9376506
2021-06-14 09:32:40,720.6,9388343
2021-06-14 09:32:41,720.75,9394316
2021-06-14 09:32:42,721.0,9400823
2021-06-14 09:32:43,721.0,9406927
2021-06-14 09:32:44,720.75,9412458
2021-06-14 09:32:46,719.3,9429116
2021-06-14 09:32:47,719.0,9433010
2021-06-14 09:32:48,719.05,9438315
2021-06-14 09:32:49,718.7,9442276
2021-06-14 09:32:50,718.05,9447770
2021-06-14 09:32:51,717.65,9452537
2021-06-14 09:32:52,717.15,9458840
2021-06-14 09:32:53,716.95,9462075
2021-06-14 09:32:54,716.75,9477332
2021-06-14 09:32:55,716.4,9485398
2021-06-14 09:32:56,716.05,9490693
2021-06-14 09:32:57,716.55,9519705
2021-06-14 09:32:58,716.75,9525480
2021-06-14 09:32:59,716.75,9534698
2021-06-14 09:33:00,716.6,9548037
2021-06-14 09:33:01,716.05,9557085
2021-06-14 09:33:02,716.2,9562186
2021-06-14 09:33:03,715.85,9568796
2021-06-14 09:33:04,716.6,9570429
2021-06-14 09:33:05,716.3,9580753
2021-06-14 09:33:06,717.3,9584640
2021-06-14 09:33:07,717.3,9589314
2021-06-14 09:33:08,717.4,9598462
2021-06-14 09:33:09,716.85,9601119
2021-06-14 09:33:10,717.4,9602629
2021-06-14 09:33:11,717.7,9604495
2021-06-14 09:33:13,717.7,9623502
2021-06-14 09:33:14,718.3,9632496
2021-06-14 09:33:15,717.4,9644683
2021-06-14 09:33:16,717.2,9655586
2021-06-14 09:33:17,718.05,9657777
2021-06-14 09:33:18,718.7,9691327
2021-06-14 09:33:19,718.8,9702067
2021-06-14 09:33:21,720.4,9734592
2021-06-14 09:33:22,720.35,9743716
2021-06-14 09:33:23,721.15,9749688
2021-06-14 09:33:24,721.4,9753068
2021-06-14 09:33:25,721.35,9761194
2021-06-14 09:33:26,722.0,9765039
2021-06-14 09:33:27,721.9,9778816
2021-06-14 09:33:28,721.8,9781329
2021-06-14 09:33:29,721.95,9783078
2021-06-14 09:33:30,722.15,9785847
2021-06-14 09:33:31,722.6,9792708
2021-06-14 09:33:32,723.0,9802135
2021-06-14 09:33:33,722.6,9806223
2021-06-14 09:33:34,722.9,9808491
2021-06-14 09:33:35,724.15,9821531
2021-06-14 09:33:36,724.7,9824599
2021-06-14 09:33:37,723.1,9837837
2021-06-14 09:33:38,723.1,9849163
2021-06-14 09:33:39,723.4,9856224
2021-06-14 09:33:40,723.7,9861657
2021-06-14 09:33:41,723.25,9868514
2021-06-14 09:33:42,723.4,9872289
2021-06-14 09:33:43,724.65,9902335
2021-06-14 09:33:44,723.95,9916229
2021-06-14 09:33:46,724.0,9926345
2021-06-14 09:33:47,723.5,9930898
2021-06-14 09:33:48,724.3,9933525
2021-06-14 09:33:49,724.0,9937759
2021-06-14 09:33:50,723.9,9939493
2021-06-14 09:33:51,723.25,9947207
2021-06-14 09:33:53,723.4,9953162
2021-06-14 09:33:54,723.3,9960882
2021-06-14 09:33:55,722.15,9966927
2021-06-14 09:33:56,722.35,9983528
2021-06-14 09:33:58,724.55,10019678
2021-06-14 09:33:57,725.15,10017479
2021-06-14 09:33:59,724.65,10027792
2021-06-14 09:34:00,724.75,10046305
2021-06-14 09:34:01,723.8,10054019
2021-06-14 09:34:02,723.4,10056081
2021-06-14 09:34:03,723.5,10059660
2021-06-14 09:34:04,724.15,10063293
2021-06-14 09:34:05,724.05,10075746
2021-06-14 09:34:06,723.65,10082916
2021-06-14 09:34:08,723.0,10093592
2021-06-14 09:34:09,723.2,10095889
2021-06-14 09:34:10,723.15,10102043
2021-06-14 09:34:11,723.75,10103360
2021-06-14 09:34:13,723.4,10109742
2021-06-14 09:34:14,723.1,10111958
2021-06-14 09:34:15,723.1,10116604
2021-06-14 09:34:16,723.2,10131091
2021-06-14 09:34:17,722.6,10135098
2021-06-14 09:34:18,722.45,10137556
2021-06-14 09:34:19,722.45,10138703
2021-06-14 09:34:20,722.15,10147980
2021-06-14 09:34:21,721.0,10151680
2021-06-14 09:34:22,721.5,10157859
2021-06-14 09:34:23,720.5,10160916
2021-06-14 09:34:24,719.7,10182287
2021-06-14 09:34:25,719.2,10186866
2021-06-14 09:34:27,719.4,10192823
2021-06-14 09:34:28,719.0,10201792
2021-06-14 09:34:29,718.95,10209073
2021-06-14 09:34:30,718.95,10212608
2021-06-14 09:34:31,719.15,10235316
2021-06-14 09:34:32,719.55,10236793
2021-06-14 09:34:33,719.05,10241034
2021-06-14 09:34:34,718.25,10247129
2021-06-14 09:34:35,718.85,10250866
2021-06-14 09:34:36,718.8,10253241
2021-06-14 09:34:37,718.25,10260802
2021-06-14 09:34:38,718.0,10262751
2021-06-14 09:34:39,717.65,10267779
2021-06-14 09:34:40,716.65,10284299
2021-06-14 09:34:41,716.95,10286216
2021-06-14 09:34:42,716.95,10290006
2021-06-14 09:34:43,716.9,10294367
2021-06-14 09:34:46,715.8,10354202
2021-06-14 09:34:47,715.95,10412159
2021-06-14 09:34:48,716.0,10434699
2021-06-14 09:34:49,716.3,10442546
2021-06-14 09:34:50,716.6,10451156
2021-06-14 09:34:51,716.3,10456455
2021-06-14 09:34:52,716.45,10460611
2021-06-14 09:34:53,716.5,10463807
2021-06-14 09:34:54,716.65,10476840
2021-06-14 09:34:55,716.6,10481891
2021-06-14 09:34:56,716.2,10484593
2021-06-14 09:34:57,716.6,10490170
2021-06-14 09:35:02,716.75,10556311
2021-06-14 09:35:03,716.0,10561209
2021-06-14 09:35:04,716.45,10564540
2021-06-14 09:35:05,717.0,10587888
2021-06-14 09:35:07,717.0,10593043
2021-06-14 09:35:08,717.15,10595533
2021-06-14 09:35:09,717.2,10598411
2021-06-14 09:35:10,716.65,10601436
2021-06-14 09:35:11,717.45,10605273
2021-06-14 09:35:12,716.95,10612633
2021-06-14 09:35:13,716.8,10620223
2021-06-14 09:35:13,716.35,10620661
2021-06-14 09:35:14,717.1,10624504
2021-06-14 09:35:15,717.35,10627240
2021-06-14 09:35:17,717.7,10631952
2021-06-14 09:35:18,717.1,10648134
2021-06-14 09:35:19,717.2,10655322
2021-06-14 09:35:20,717.8,10660770
2021-06-14 09:35:21,717.5,10662861
2021-06-14 09:35:23,718.55,10670994
2021-06-14 09:35:24,718.05,10673150
2021-06-14 09:35:25,719.45,10682733
2021-06-14 09:35:26,720.15,10688280
2021-06-14 09:35:27,720.8,10695639
2021-06-14 09:35:28,720.7,10703011
2021-06-14 09:35:29,720.75,10706909
2021-06-14 09:35:30,720.75,10708594
2021-06-14 09:35:31,719.85,10729365
2021-06-14 09:35:32,720.0,10740062
2021-06-14 09:35:33,720.3,10741772
2021-06-14 09:35:34,720.15,10747445
2021-06-14 09:35:35,719.8,10751819
2021-06-14 09:35:36,719.7,10754347
2021-06-14 09:35:37,720.0,10757829
2021-06-14 09:35:38,719.95,10764266
2021-06-14 09:35:39,719.45,10767592
2021-06-14 09:35:40,719.75,10770488
2021-06-14 09:35:41,719.8,10774877
2021-06-14 09:35:42,719.8,10777990
2021-06-14 09:35:43,720.15,10790889
2021-06-14 09:35:44,720.0,10799895
2021-06-14 09:35:45,720.0,10802049
2021-06-14 09:35:46,720.75,10806703
2021-06-14 09:35:47,721.7,10821315
2021-06-14 09:35:48,722.55,10828872
2021-06-14 09:35:50,722.25,10857823
2021-06-14 09:35:51,722.3,10861459
2021-06-14 09:35:52,722.2,10864455
2021-06-14 09:35:53,722.45,10873806
2021-06-14 09:35:54,722.65,10876614
2021-06-14 09:35:55,721.7,10881490
2021-06-14 09:35:56,722.2,10884566
2021-06-14 09:35:57,722.05,10890589
2021-06-14 09:35:58,721.95,10895102
2021-06-14 09:35:59,722.0,10898550
2021-06-14 09:36:01,721.75,10903780
2021-06-14 09:36:02,721.9,10910279
2021-06-14 09:36:03,721.7,10913946
2021-06-14 09:36:04,721.6,10918024
2021-06-14 09:36:05,720.95,10920333
2021-06-14 09:36:09,719.0,10953978
2021-06-14 09:36:10,719.0,10958914
2021-06-14 09:36:11,718.5,10965379
2021-06-14 09:36:12,718.5,10969296
2021-06-14 09:36:15,719.05,10979056
2021-06-14 09:36:16,719.5,10981851
2021-06-14 09:36:17,718.9,10984298
2021-06-14 09:36:18,717.65,10997712
2021-06-14 09:36:19,717.75,11001723
2021-06-14 09:36:20,718.1,11005467
2021-06-14 09:36:21,717.55,11010254
2021-06-14 09:36:22,718.05,11013003
2021-06-14 09:36:23,718.1,11014817
2021-06-14 09:36:24,718.4,11018661
2021-06-14 09:36:26,717.8,11025639
2021-06-14 09:36:27,717.8,11027553
2021-06-14 09:36:28,717.65,11036252
2021-06-14 09:36:29,717.5,11038287
2021-06-14 09:36:30,717.5,11041056
2021-06-14 09:36:31,717.45,11042359
2021-06-14 09:36:32,717.4,11055060
2021-06-14 09:36:33,716.85,11061065
2021-06-14 09:36:34,717.4,11062330
2021-06-14 09:36:35,717.45,11064201
2021-06-14 09:36:36,717.5,11066330
2021-06-14 09:36:37,717.65,11069237
2021-06-14 09:36:38,717.65,11070578
2021-06-14 09:36:40,716.55,11096959
2021-06-14 09:36:42,716.1,11143511
2021-06-14 09:36:43,715.8,11159731
2021-06-14 09:36:44,715.8,11165488
2021-06-14 09:36:45,715.35,11172987
2021-06-14 09:36:47,715.8,11182228
2021-06-14 09:36:48,715.8,11186265
2021-06-14 09:36:49,715.6,11188102
2021-06-14 09:36:50,715.45,11202590
2021-06-14 09:36:51,716.2,11210497
2021-06-14 09:36:52,715.65,11224545
2021-06-14 09:36:53,716.55,11231496
2021-06-14 09:36:54,716.0,11241756
2021-06-14 09:36:55,715.8,11250017
2021-06-14 09:36:56,716.45,11259332
2021-06-14 09:36:57,716.25,11262960
2021-06-14 09:36:58,716.4,11281811
2021-06-14 09:36:59,716.0,11294182
2021-06-14 09:37:01,717.0,11311162
2021-06-14 09:37:02,717.6,11321680
2021-06-14 09:37:03,717.4,11327323
2021-06-14 09:37:04,718.35,11339214
2021-06-14 09:37:05,718.4,11343812
2021-06-14 09:37:07,718.7,11358034
2021-06-14 09:37:08,718.15,11361816
2021-06-14 09:37:09,718.85,11368913
2021-06-14 09:37:10,718.2,11375583
2021-06-14 09:37:12,718.35,11383581
2021-06-14 09:37:13,718.0,11386781
2021-06-14 09:37:14,717.9,11391220
2021-06-14 09:37:15,717.85,11398928
2021-06-14 09:37:16,717.2,11404130
2021-06-14 09:37:17,715.95,11419981
2021-06-14 09:37:18,716.0,11424752
2021-06-14 09:37:19,716.35,11426597
2021-06-14 09:37:20,716.4,11429477
2021-06-14 09:37:21,716.85,11431202
2021-06-14 09:37:22,716.9,11433164
2021-06-14 09:37:23,716.9,11439670
2021-06-14 09:37:24,716.6,11446100
2021-06-14 09:37:25,716.9,11450224
2021-06-14 09:37:26,716.6,11451609
2021-06-14 09:37:27,717.15,11458232
2021-06-14 09:37:28,717.45,11463800
2021-06-14 09:37:29,717.4,11467664
2021-06-14 09:37:30,719.15,11496774
2021-06-14 09:37:31,718.3,11511082
2021-06-14 09:37:32,718.1,11513195
2021-06-14 09:37:33,719.0,11520100
2021-06-14 09:37:34,719.35,11529703
2021-06-14 09:37:35,718.5,11542151
2021-06-14 09:37:36,719.7,11551945
2021-06-14 09:37:36,719.45,11552125
2021-06-14 09:37:37,719.85,11558272
2021-06-14 09:37:38,719.5,11564828
2021-06-14 09:37:41,720.5,11595255
2021-06-14 09:37:42,720.3,11602021
2021-06-14 09:37:43,721.5,11643361
2021-06-14 09:37:44,721.05,11658083
2021-06-14 09:37:46,721.15,11670067
2021-06-14 09:37:47,721.05,11678473
2021-06-14 09:37:48,720.8,11682761
2021-06-14 09:37:49,721.15,11686888
2021-06-14 09:37:50,721.35,11690946
2021-06-14 09:37:51,721.4,11694875
2021-06-14 09:37:52,721.15,11698059
2021-06-14 09:37:53,721.7,11701616
2021-06-14 09:37:54,721.65,11704324
2021-06-14 09:37:56,720.35,11725442
2021-06-14 09:37:57,719.7,11742773
2021-06-14 09:37:58,718.55,11757913
2021-06-14 09:37:59,717.8,11766893
2021-06-14 09:38:00,717.9,11770245
2021-06-14 09:38:01,717.65,11777361
2021-06-14 09:38:02,717.85,11782004
2021-06-14 09:38:03,718.25,11786890
2021-06-14 09:38:04,718.5,11789978
2021-06-14 09:38:06,718.25,11801164
2021-06-14 09:38:08,718.3,11803206
2021-06-14 09:38:09,718.8,11810068
2021-06-14 09:38:10,718.6,11814565
2021-06-14 09:38:11,718.4,11815774
2021-06-14 09:38:12,718.3,11819779
2021-06-14 09:38:13,718.0,11821010
2021-06-14 09:38:14,717.35,11828624
2021-06-14 09:38:15,717.75,11832768
2021-06-14 09:38:16,717.95,11836081
2021-06-14 09:38:17,717.85,11838841
2021-06-14 09:38:19,716.9,11851488
2021-06-14 09:38:20,717.0,11854254
2021-06-14 09:38:21,717.25,11857188
2021-06-14 09:38:22,718.0,11862935
2021-06-14 09:38:23,717.6,11867032
2021-06-14 09:38:25,717.75,11870249
2021-06-14 09:38:26,717.75,11871437
2021-06-14 09:38:27,717.75,11875140
2021-06-14 09:38:27,717.75,11875610
2021-06-14 09:38:28,717.45,11879131
2021-06-14 09:38:29,717.95,11880185
2021-06-14 09:38:31,717.75,11882919
2021-06-14 09:38:34,717.9,11901483
2021-06-14 09:38:36,718.0,11908502
2021-06-14 09:38:38,718.4,11920888
2021-06-14 09:38:39,719.1,11926582
2021-06-14 09:38:42,719.45,11933030
2021-06-14 09:38:43,719.55,11934536
2021-06-14 09:38:44,720.25,11944111
2021-06-14 09:38:45,721.0,11960595
2021-06-14 09:38:46,721.35,11970384
2021-06-14 09:38:47,720.7,11971603
2021-06-14 09:38:48,720.35,11975161
2021-06-14 09:38:48,720.55,11975254
2021-06-14 09:38:49,720.6,11978667
2021-06-14 09:38:52,720.0,11988974
2021-06-14 09:38:53,720.5,11991180
2021-06-14 09:38:54,720.6,11994347
2021-06-14 09:38:55,720.8,11997357
2021-06-14 09:38:56,720.2,11999413
2021-06-14 09:38:57,721.0,12002648
2021-06-14 09:38:58,721.0,12004558
2021-06-14 09:38:59,720.5,12009745
2021-06-14 09:39:00,720.9,12013492
2021-06-14 09:39:01,720.95,12015120
2021-06-14 09:39:02,720.7,12017323
2021-06-14 09:39:03,720.85,12020042
2021-06-14 09:39:04,720.95,12023068
2021-06-14 09:39:06,720.95,12026022
2021-06-14 09:39:07,720.9,12029295
2021-06-14 09:39:08,721.0,12034217
2021-06-14 09:39:09,720.5,12043945
2021-06-14 09:39:10,720.2,12049755
2021-06-14 09:39:11,719.4,12062904
2021-06-14 09:39:12,718.9,12068662
2021-06-14 09:39:14,717.9,12104408
2021-06-14 09:39:15,717.9,12107695
2021-06-14 09:39:16,717.8,12114984
2021-06-14 09:39:17,717.8,12124203
2021-06-14 09:39:18,717.5,12129032
2021-06-14 09:39:19,717.5,12137558
2021-06-14 09:39:19,717.5,12137400
2021-06-14 09:39:20,717.45,12139739
2021-06-14 09:39:21,717.5,12142013
2021-06-14 09:39:23,717.25,12147931
2021-06-14 09:39:24,717.2,12149772
2021-06-14 09:39:25,717.45,12153362
2021-06-14 09:39:26,717.0,12164834
2021-06-14 09:39:27,716.5,12169881
2021-06-14 09:39:28,715.9,12212831
2021-06-14 09:39:29,715.55,12227817
2021-06-14 09:39:30,714.45,12396980
2021-06-14 09:39:31,714.0,12431956
2021-06-14 09:39:32,713.2,12510163
2021-06-14 09:39:33,711.55,12536191
2021-06-14 09:39:36,709.85,12611041
2021-06-14 09:39:38,708.3,12636708
2021-06-14 09:39:40,708.0,12653957
2021-06-14 09:39:41,707.5,12664385
2021-06-14 09:39:42,707.25,12676963
2021-06-14 09:39:43,707.4,12685009
2021-06-14 09:39:44,707.0,12703713
2021-06-14 09:39:45,706.85,12713728
2021-06-14 09:39:46,706.75,12719947
2021-06-14 09:39:47,704.55,12734858
2021-06-14 09:39:48,704.0,12742204
2021-06-14 09:39:49,702.35,12753944
2021-06-14 09:39:50,701.6,12768165
2021-06-14 09:39:50,701.65,12771369
2021-06-14 09:39:51,700.7,12793037
2021-06-14 09:39:52,699.75,12811648
2021-06-14 09:39:53,699.75,12823264
2021-06-14 09:39:54,699.3,12835779
2021-06-14 09:39:55,698.05,12850512
2021-06-14 09:39:57,699.0,12896371
2021-06-14 09:39:58,701.7,12935684
2021-06-14 09:39:59,703.4,12966494
2021-06-14 09:40:00,704.35,12995211
2021-06-14 09:40:01,704.4,13032077
2021-06-14 09:40:02,705.85,13045538
2021-06-14 09:40:03,705.0,13055417
2021-06-14 09:40:04,705.85,13068007
2021-06-14 09:40:05,706.15,13076141
2021-06-14 09:40:06,706.25,13096109
2021-06-14 09:40:08,707.8,13107552
2021-06-14 09:40:09,708.0,13117666
2021-06-14 09:40:10,708.6,13125135
2021-06-14 09:40:11,708.6,13132431
2021-06-14 09:40:12,708.3,13140174
2021-06-14 09:40:13,708.6,13149030
2021-06-14 09:40:14,707.7,13165475
2021-06-14 09:40:15,706.7,13195206
2021-06-14 09:40:15,706.8,13200767
2021-06-14 09:40:16,706.15,13231524
2021-06-14 09:40:17,705.3,13258499
2021-06-14 09:40:18,705.05,13270837
2021-06-14 09:40:19,703.95,13285958
2021-06-14 09:40:21,703.75,13306114
2021-06-14 09:40:22,702.95,13322025
2021-06-14 09:40:24,702.95,13329449
2021-06-14 09:40:24,702.85,13332005
2021-06-14 09:40:26,702.35,13350042
2021-06-14 09:40:28,702.15,13377548
2021-06-14 09:40:29,703.3,13387837
2021-06-14 09:40:30,704.0,13416166
2021-06-14 09:40:31,704.1,13425144
2021-06-14 09:40:32,702.7,13454541
2021-06-14 09:40:33,701.95,13474977
2021-06-14 09:40:33,701.15,13478736
2021-06-14 09:40:34,701.4,13511591
2021-06-14 09:40:35,701.1,13543804
2021-06-14 09:40:36,700.4,13584893
2021-06-14 09:40:37,699.65,13610680
2021-06-14 09:40:38,697.5,13648994
2021-06-14 09:40:40,698.55,13663739
2021-06-14 09:40:41,698.65,13683310
2021-06-14 09:40:42,699.6,13691577
2021-06-14 09:40:43,700.25,13706281
2021-06-14 09:40:44,699.85,13732042
2021-06-14 09:40:45,698.95,13760261
2021-06-14 09:40:46,698.1,13781826
2021-06-14 09:40:47,698.0,13789856
2021-06-14 09:40:48,697.3,13805247
2021-06-14 09:40:48,697.45,13813269
2021-06-14 09:40:49,698.0,13826243
2021-06-14 09:40:51,697.4,13838293
2021-06-14 09:40:52,697.6,13852550
2021-06-14 09:40:53,697.7,13862942
2021-06-14 09:40:54,696.9,13890870
2021-06-14 09:40:55,697.2,13902577
2021-06-14 09:40:56,696.4,13912442
2021-06-14 09:40:57,696.6,13920633
2021-06-14 09:40:59,694.65,13990426
2021-06-14 09:41:00,694.2,14002703
2021-06-14 09:41:02,691.45,14050020
2021-06-14 09:41:04,691.2,14108007
2021-06-14 09:41:05,690.45,14120099
2021-06-14 09:41:06,689.5,14150307
2021-06-14 09:41:07,688.95,14162421
2021-06-14 09:41:08,688.45,14174542
2021-06-14 09:41:10,688.3,14188293
2021-06-14 09:41:11,688.45,14205672
2021-06-14 09:41:12,687.65,14228822
2021-06-14 09:41:13,686.75,14247011
2021-06-14 09:41:14,685.7,14273246
2021-06-14 09:41:14,685.1,14275774
2021-06-14 09:41:15,684.25,14289331
2021-06-14 09:41:16,682.2,14310290
2021-06-14 09:41:17,682.95,14325556
2021-06-14 09:41:19,683.7,14353424
2021-06-14 09:41:20,683.25,14397028
2021-06-14 09:41:21,682.7,14422138
2021-06-14 09:41:22,685.25,14445120
2021-06-14 09:41:23,685.6,14490008
2021-06-14 09:41:23,686.1,14493388
2021-06-14 09:41:24,687.15,14533820
2021-06-14 09:41:25,687.6,14545617
2021-06-14 09:41:27,686.4,14574988
2021-06-14 09:41:28,685.5,14588104
2021-06-14 09:41:29,686.0,14600883
2021-06-14 09:41:30,686.8,14621365
2021-06-14 09:41:31,687.85,14635591
2021-06-14 09:41:32,688.85,14662122
2021-06-14 09:41:33,689.65,14675325
2021-06-14 09:41:34,690.65,14714426
2021-06-14 09:41:35,691.6,14727570
2021-06-14 09:41:36,694.35,14747527
2021-06-14 09:41:37,690.85,14785015
2021-06-14 09:41:38,691.0,14799699
2021-06-14 09:41:39,690.0,14810740
2021-06-14 09:41:40,690.3,14824506
2021-06-14 09:41:41,690.0,14832232
2021-06-14 09:41:42,692.35,14850578
2021-06-14 09:41:43,691.05,14862452
2021-06-14 09:41:44,689.0,14887793
2021-06-14 09:41:45,688.45,14901013
2021-06-14 09:41:46,688.1,14923693
2021-06-14 09:41:47,688.4,14936285
2021-06-14 09:41:48,687.5,14944622
2021-06-14 09:41:49,687.3,14957123
2021-06-14 09:41:51,687.2,14976343
2021-06-14 09:41:51,687.3,14980209
2021-06-14 09:41:52,687.55,14986378
2021-06-14 09:41:54,687.2,14995514
2021-06-14 09:41:55,687.0,15010625
2021-06-14 09:41:56,688.2,15019852
2021-06-14 09:41:57,688.5,15033087
2021-06-14 09:41:58,684.4,15115129
2021-06-14 09:41:59,684.3,15127258
2021-06-14 09:42:00,684.75,15156517
2021-06-14 09:42:01,683.1,15194742
2021-06-14 09:42:02,683.55,15202717
2021-06-14 09:42:03,685.25,15236766
2021-06-14 09:42:04,686.8,15252211
2021-06-14 09:42:05,687.0,15264114
2021-06-14 09:42:06,687.85,15269128
2021-06-14 09:42:07,688.2,15280777
2021-06-14 09:42:08,688.55,15296567
2021-06-14 09:42:08,688.65,15297526
2021-06-14 09:42:09,688.65,15310845
2021-06-14 09:42:11,688.8,15316752
2021-06-14 09:42:12,688.65,15329283
2021-06-14 09:42:13,688.0,15352274
2021-06-14 09:42:14,688.8,15361315
2021-06-14 09:42:15,690.0,15377034
2021-06-14 09:42:16,690.15,15388120
2021-06-14 09:42:16,690.35,15389865
2021-06-14 09:42:17,690.55,15395803
2021-06-14 09:42:18,689.9,15404679
2021-06-14 09:42:20,689.0,15411695
2021-06-14 09:42:21,689.9,15421220
2021-06-14 09:42:22,689.95,15428949
2021-06-14 09:42:23,689.55,15438848
2021-06-14 09:42:24,689.9,15452051
2021-06-14 09:42:25,689.3,15458437
2021-06-14 09:42:26,690.0,15461345
2021-06-14 09:42:26,690.3,15463317
2021-06-14 09:42:28,690.55,15469600
2021-06-14 09:42:29,689.55,15484155
2021-06-14 09:42:30,689.55,15495486
2021-06-14 09:42:31,689.3,15500375
2021-06-14 09:42:32,689.6,15504964
2021-06-14 09:42:33,689.8,15512395
2021-06-14 09:42:34,689.95,15518167
2021-06-14 09:42:35,689.55,15524021
2021-06-14 09:42:36,690.4,15530161
2021-06-14 09:42:37,691.7,15546793
2021-06-14 09:42:38,692.95,15556283
2021-06-14 09:42:38,693.0,15557936
2021-06-14 09:42:40,693.25,15571158
2021-06-14 09:42:42,694.15,15602488
2021-06-14 09:42:43,694.55,15609660
2021-06-14 09:42:44,695.25,15616960
2021-06-14 09:42:45,696.25,15625092
2021-06-14 09:42:46,695.6,15633878
2021-06-14 09:42:47,696.55,15638497
2021-06-14 09:42:48,694.95,15658884
2021-06-14 09:42:49,694.95,15670725
2021-06-14 09:42:49,694.95,15671255
2021-06-14 09:42:50,694.2,15676615
2021-06-14 09:42:51,694.8,15686993
2021-06-14 09:42:52,694.85,15691295
2021-06-14 09:42:53,694.65,15707575
2021-06-14 09:42:55,693.75,15719402
2021-06-14 09:42:56,692.2,15735735
2021-06-14 09:42:57,693.2,15752935
2021-06-14 09:42:58,693.05,15758777
2021-06-14 09:43:00,692.5,15764498
2021-06-14 09:43:01,692.4,15769842
2021-06-14 09:43:02,692.0,15775887
2021-06-14 09:43:03,691.65,15786074
2021-06-14 09:43:04,691.75,15794519
2021-06-14 09:43:05,691.65,15797236
2021-06-14 09:43:06,691.2,15801643
2021-06-14 09:43:07,691.9,15808466
2021-06-14 09:43:07,692.0,15809413
2021-06-14 09:43:08,692.55,15816055
2021-06-14 09:43:09,692.7,15823566
2021-06-14 09:43:10,693.25,15829726
2021-06-14 09:43:12,694.05,15839196
2021-06-14 09:43:13,694.2,15845502
2021-06-14 09:43:14,694.55,15852967
2021-06-14 09:43:15,695.35,15863076
2021-06-14 09:43:16,695.2,15870591
2021-06-14 09:43:17,695.35,15877521
2021-06-14 09:43:18,696.35,15886806
2021-06-14 09:43:19,696.05,15893582
2021-06-14 09:43:20,697.6,15906692
2021-06-14 09:43:21,697.8,15909896
2021-06-14 09:43:22,699.1,15925471
2021-06-14 09:43:23,699.4,15935568
2021-06-14 09:43:23,699.1,15933801
2021-06-14 09:43:24,699.55,15965238
2021-06-14 09:43:25,699.65,15997328
2021-06-14 09:43:26,699.45,16003250
2021-06-14 09:43:27,698.65,16017644
2021-06-14 09:43:29,698.95,16034510
2021-06-14 09:43:30,698.8,16040536
2021-06-14 09:43:31,699.3,16050535
2021-06-14 09:43:32,700.45,16068917
2021-06-14 09:43:34,701.35,16090565
2021-06-14 09:43:33,700.5,16081577
2021-06-14 09:43:35,702.2,16104053
2021-06-14 09:43:35,703.55,16117388
2021-06-14 09:43:38,704.0,16155451
2021-06-14 09:43:39,703.0,16168561
2021-06-14 09:43:40,703.2,16180872
2021-06-14 09:43:41,702.95,16198492
2021-06-14 09:43:42,702.7,16204324
2021-06-14 09:43:43,702.2,16218763
2021-06-14 09:43:44,700.8,16227254
2021-06-14 09:43:45,699.75,16250581
2021-06-14 09:43:46,699.45,16266083
2021-06-14 09:43:47,698.8,16279033
2021-06-14 09:43:49,699.55,16291457
2021-06-14 09:43:50,699.5,16294646
2021-06-14 09:43:51,700.4,16303186
2021-06-14 09:43:52,700.65,16311627
2021-06-14 09:43:53,700.85,16320450
2021-06-14 09:43:54,701.15,16332828
2021-06-14 09:43:55,701.1,16336814
2021-06-14 09:43:56,701.05,16342948
2021-06-14 09:43:57,700.95,16352609
2021-06-14 09:43:58,701.0,16359413
2021-06-14 09:43:59,701.0,16364299
2021-06-14 09:44:00,700.45,16366816
2021-06-14 09:44:01,701.0,16375489
2021-06-14 09:44:02,701.0,16387221
2021-06-14 09:44:03,701.05,16387553
2021-06-14 09:44:04,700.8,16396823
2021-06-14 09:44:05,700.75,16401460
2021-06-14 09:44:06,701.25,16406572
2021-06-14 09:44:07,701.05,16414114
2021-06-14 09:44:08,700.65,16424998
2021-06-14 09:44:09,701.15,16429805
2021-06-14 09:44:10,701.4,16440660
2021-06-14 09:44:11,701.9,16452699
2021-06-14 09:44:13,701.75,16460776
2021-06-14 09:44:14,701.5,16463690
2021-06-14 09:44:16,702.5,16481398
2021-06-14 09:44:15,702.25,16480381
2021-06-14 09:44:17,703.2,16496211
2021-06-14 09:44:18,703.6,16500232
2021-06-14 09:44:19,703.75,16506375
2021-06-14 09:44:20,703.75,16511749
2021-06-14 09:44:21,704.55,16523133
2021-06-14 09:44:22,704.45,16532436
2021-06-14 09:44:23,706.1,16559800
2021-06-14 09:44:24,706.45,16574322
2021-06-14 09:44:27,705.7,16605326
2021-06-14 09:44:28,705.3,16619163
2021-06-14 09:44:29,704.7,16632479
2021-06-14 09:44:30,704.85,16640347
2021-06-14 09:44:31,705.0,16649864
2021-06-14 09:44:32,705.1,16663084
2021-06-14 09:44:33,705.0,16673426
2021-06-14 09:44:34,705.65,16678419
2021-06-14 09:44:35,706.75,16704371
2021-06-14 09:44:36,706.55,16708364
2021-06-14 09:44:37,707.45,16712719
2021-06-14 09:44:38,707.25,16721417
2021-06-14 09:44:40,708.0,16742831
2021-06-14 09:44:41,709.0,16754983
2021-06-14 09:44:42,710.25,16795509
2021-06-14 09:44:43,710.1,16803185
2021-06-14 09:44:45,709.75,16834364
2021-06-14 09:44:46,709.55,16844284
2021-06-14 09:44:47,708.7,16862167
2021-06-14 09:44:48,708.75,16872372
2021-06-14 09:44:49,708.3,16883005
2021-06-14 09:44:50,708.3,16895917
2021-06-14 09:44:51,708.0,16902456
2021-06-14 09:44:52,708.2,16915861
2021-06-14 09:44:53,708.1,16921587
2021-06-14 09:44:54,708.0,16929120
2021-06-14 09:44:55,707.85,16930749
2021-06-14 09:44:56,707.15,16944529
2021-06-14 09:44:57,706.55,16952202
2021-06-14 09:44:59,706.35,16966546
2021-06-14 09:45:00,705.75,16973216
2021-06-14 09:45:01,705.95,16979083
2021-06-14 09:45:02,705.6,16984989
2021-06-14 09:45:03,706.05,16989364
2021-06-14 09:45:04,706.1,16995473
2021-06-14 09:45:05,705.95,17000862
2021-06-14 09:45:07,706.3,17010479
2021-06-14 09:45:08,707.95,17032906
2021-06-14 09:45:09,708.75,17040722
2021-06-14 09:45:10,709.3,17052572
2021-06-14 09:45:11,709.4,17060889
2021-06-14 09:45:12,708.5,17066930
2021-06-14 09:45:13,708.25,17073240
2021-06-14 09:45:14,708.2,17079710
2021-06-14 09:45:15,708.55,17086193
2021-06-14 09:45:16,708.4,17090148
2021-06-14 09:45:17,707.95,17093234
2021-06-14 09:45:18,709.45,17108094
2021-06-14 09:45:19,709.5,17116901
2021-06-14 09:45:20,709.75,17122566
2021-06-14 09:45:21,709.8,17125359
2021-06-14 09:45:23,708.0,17139843
2021-06-14 09:45:24,708.3,17148110
2021-06-14 09:45:25,708.0,17152507
2021-06-14 09:45:26,707.8,17154490
2021-06-14 09:45:27,708.3,17161141
2021-06-14 09:45:28,708.95,17172824
2021-06-14 09:45:29,708.85,17175955
2021-06-14 09:45:30,707.9,17187773
2021-06-14 09:45:31,708.0,17195247
2021-06-14 09:45:32,708.8,17197648
2021-06-14 09:45:34,709.1,17205942
2021-06-14 09:45:35,709.5,17224142
2021-06-14 09:45:36,709.1,17232076
2021-06-14 09:45:37,709.5,17238516
2021-06-14 09:45:38,708.8,17247383
2021-06-14 09:45:39,709.0,17250654
2021-06-14 09:45:40,709.25,17259613
2021-06-14 09:45:41,709.8,17261390
2021-06-14 09:45:42,708.0,17281783
2021-06-14 09:45:43,707.9,17286264
2021-06-14 09:45:44,707.75,17297562
2021-06-14 09:45:45,707.35,17309351
2021-06-14 09:45:46,707.0,17321545
2021-06-14 09:45:48,707.35,17328169
2021-06-14 09:45:49,706.3,17332897
2021-06-14 09:45:49,706.35,17335217
2021-06-14 09:45:51,706.0,17350876
2021-06-14 09:45:52,704.7,17372172
2021-06-14 09:45:54,703.4,17384627
2021-06-14 09:45:55,704.2,17392852
2021-06-14 09:45:56,704.6,17398901
2021-06-14 09:45:57,704.2,17405701
2021-06-14 09:45:58,705.45,17410690
2021-06-14 09:45:59,705.15,17420086
2021-06-14 09:46:00,705.65,17428809
2021-06-14 09:46:01,705.65,17430951
2021-06-14 09:46:02,706.25,17433780
2021-06-14 09:46:03,706.0,17436064
2021-06-14 09:46:04,705.95,17439877
2021-06-14 09:46:05,705.5,17445989
2021-06-14 09:46:07,703.85,17468929
2021-06-14 09:46:07,704.0,17469308
2021-06-14 09:46:08,704.3,17474050
2021-06-14 09:46:10,703.15,17487552
2021-06-14 09:46:11,703.15,17494463
2021-06-14 09:46:12,703.25,17501442
2021-06-14 09:46:14,703.3,17509769
2021-06-14 09:46:16,703.2,17517954
2021-06-14 09:46:18,703.45,17523618
2021-06-14 09:46:19,702.95,17529407
2021-06-14 09:46:20,703.15,17531706
2021-06-14 09:46:21,703.2,17535327
2021-06-14 09:46:22,703.0,17542612
2021-06-14 09:46:24,704.4,17561161
2021-06-14 09:46:24,704.4,17563268
2021-06-14 09:46:25,705.0,17570928
2021-06-14 09:46:27,705.9,17585938
2021-06-14 09:46:28,705.85,17588564
2021-06-14 09:46:29,705.75,17590567
2021-06-14 09:46:30,705.1,17593767
2021-06-14 09:46:31,705.0,17596537
2021-06-14 09:46:32,704.9,17599476
2021-06-14 09:46:33,703.95,17606844
2021-06-14 09:46:34,703.55,17612700
2021-06-14 09:46:35,703.1,17620406
2021-06-14 09:46:37,702.8,17626948
2021-06-14 09:46:37,702.9,17627641
2021-06-14 09:46:38,702.6,17634874
2021-06-14 09:46:39,702.25,17639126
2021-06-14 09:46:41,703.25,17649796
2021-06-14 09:46:43,703.1,17659445
2021-06-14 09:46:44,703.15,17661924
2021-06-14 09:46:45,703.6,17665830
2021-06-14 09:46:46,703.95,17675279
2021-06-14 09:46:47,704.0,17678583
2021-06-14 09:46:48,704.4,17681487
2021-06-14 09:46:49,705.4,17695695
2021-06-14 09:46:50,704.85,17706241
2021-06-14 09:46:51,705.15,17710262
2021-06-14 09:46:52,705.2,17712844
2021-06-14 09:46:54,703.8,17723507
2021-06-14 09:46:54,703.8,17723654
2021-06-14 09:46:55,703.05,17737457
2021-06-14 09:46:56,702.9,17745545
2021-06-14 09:46:57,702.45,17760254
2021-06-14 09:46:58,702.45,17764402
2021-06-14 09:46:59,702.8,17772321
2021-06-14 09:47:00,703.0,17775293
2021-06-14 09:47:01,702.75,17780442
2021-06-14 09:47:02,702.75,17782017
2021-06-14 09:47:06,700.3,17824124
2021-06-14 09:47:07,699.2,17894178
2021-06-14 09:47:08,697.55,17912287
2021-06-14 09:47:09,697.2,17918532
2021-06-14 09:47:10,696.25,17931846
2021-06-14 09:47:11,695.65,17941033
2021-06-14 09:47:12,695.4,17952635
2021-06-14 09:47:13,695.55,17958192
2021-06-14 09:47:14,696.4,17968049
2021-06-14 09:47:15,695.35,18002932
2021-06-14 09:47:16,696.75,18011969
2021-06-14 09:47:17,698.0,18022458
2021-06-14 09:47:19,697.85,18038639
2021-06-14 09:47:21,698.0,18050528
2021-06-14 09:47:22,698.05,18055671
2021-06-14 09:47:23,697.95,18060541
2021-06-14 09:47:24,700.6,18077227
2021-06-14 09:47:25,700.3,18080492
2021-06-14 09:47:26,699.6,18095688
2021-06-14 09:47:27,700.3,18101037
2021-06-14 09:47:28,699.6,18111202
2021-06-14 09:47:29,699.65,18114930
2021-06-14 09:47:30,698.55,18120266
2021-06-14 09:47:32,699.1,18125365
2021-06-14 09:47:33,698.0,18136382
2021-06-14 09:47:34,697.5,18142295
2021-06-14 09:47:35,697.0,18145943
2021-06-14 09:47:35,696.4,18147818
2021-06-14 09:47:37,696.5,18169488
2021-06-14 09:47:38,696.25,18174993
2021-06-14 09:47:39,695.55,18177888
2021-06-14 09:47:40,695.65,18195214
2021-06-14 09:47:41,695.35,18205967
2021-06-14 09:47:42,694.65,18219238
2021-06-14 09:47:43,693.1,18238906
2021-06-14 09:47:45,690.4,18273608
2021-06-14 09:47:46,690.25,18284586
2021-06-14 09:47:47,690.5,18292527
2021-06-14 09:47:48,691.35,18312639
2021-06-14 09:47:49,692.0,18327375
2021-06-14 09:47:50,691.9,18350767
2021-06-14 09:47:52,690.6,18383544
2021-06-14 09:47:52,690.95,18388030
2021-06-14 09:47:53,690.95,18395582
2021-06-14 09:47:54,689.7,18492419
2021-06-14 09:47:55,689.35,18508317
2021-06-14 09:47:56,689.0,18519365
2021-06-14 09:47:57,689.95,18527809
2021-06-14 09:47:59,689.6,18536926
2021-06-14 09:48:00,691.05,18545443
2021-06-14 09:48:00,691.65,18556964
2021-06-14 09:48:02,691.75,18593848
2021-06-14 09:48:03,692.0,18607222
2021-06-14 09:48:04,694.4,18620097
2021-06-14 09:48:05,695.05,18628171
2021-06-14 09:48:05,695.15,18630206
2021-06-14 09:48:06,695.5,18637527
2021-06-14 09:48:07,694.05,18656960
2021-06-14 09:48:08,694.95,18664765
2021-06-14 09:48:09,694.6,18673913
2021-06-14 09:48:10,693.75,18676552
2021-06-14 09:48:11,694.75,18680539
2021-06-14 09:48:12,693.95,18689732
2021-06-14 09:48:14,693.8,18697509
2021-06-14 09:48:15,693.1,18703221
2021-06-14 09:48:16,692.3,18708403
2021-06-14 09:48:17,692.3,18714260
2021-06-14 09:48:18,692.6,18719863
2021-06-14 09:48:19,692.45,18724989
2021-06-14 09:48:19,692.4,18725100
2021-06-14 09:48:20,693.0,18731154
2021-06-14 09:48:21,693.3,18736112
2021-06-14 09:48:22,693.0,18738717
2021-06-14 09:48:23,693.1,18741808
2021-06-14 09:48:24,693.35,18746824
2021-06-14 09:48:25,693.3,18749568
2021-06-14 09:48:26,693.35,18756150
2021-06-14 09:48:28,692.15,18770380
2021-06-14 09:48:29,692.5,18781868
2021-06-14 09:48:29,692.3,18790142
2021-06-14 09:48:31,692.3,18800727
2021-06-14 09:48:32,692.2,18810115
2021-06-14 09:48:33,691.85,18815438
2021-06-14 09:48:34,692.15,18820896
2021-06-14 09:48:35,691.8,18826705
2021-06-14 09:48:36,692.2,18828863
2021-06-14 09:48:37,691.85,18844984
2021-06-14 09:48:38,692.4,18847305
2021-06-14 09:48:39,692.2,18850895
2021-06-14 09:48:40,692.5,18855881
2021-06-14 09:48:41,693.05,18871259
2021-06-14 09:48:42,692.75,18932289
2021-06-14 09:48:43,692.6,18934749
2021-06-14 09:48:44,692.25,18937407
2021-06-14 09:48:45,691.25,18945223
2021-06-14 09:48:46,690.0,18966740
2021-06-14 09:48:48,690.25,18975918
2021-06-14 09:48:49,689.0,19008738
2021-06-14 09:48:50,689.55,19022747
2021-06-14 09:48:50,689.55,19024028
2021-06-14 09:48:51,689.7,19027172
2021-06-14 09:48:52,690.75,19038364
2021-06-14 09:48:53,691.5,19042982
2021-06-14 09:48:54,692.3,19049651
2021-06-14 09:48:56,692.9,19061609
2021-06-14 09:48:57,693.1,19063474
2021-06-14 09:48:59,692.3,19096804
2021-06-14 09:49:01,692.3,19113058
2021-06-14 09:49:02,692.1,19118864
2021-06-14 09:49:03,692.8,19122753
2021-06-14 09:49:03,692.7,19122970
2021-06-14 09:49:04,694.4,19133409
2021-06-14 09:49:05,694.3,19138409
2021-06-14 09:49:06,694.95,19145922
2021-06-14 09:49:07,695.8,19158787
2021-06-14 09:49:08,696.3,19165208
2021-06-14 09:49:09,696.85,19171058
2021-06-14 09:49:10,697.1,19180750
2021-06-14 09:49:11,698.0,19183760
2021-06-14 09:49:12,697.7,19187168
2021-06-14 09:49:13,697.45,19193353
2021-06-14 09:49:14,697.4,19200047
2021-06-14 09:49:15,695.3,19247626
2021-06-14 09:49:17,695.0,19253257
2021-06-14 09:49:18,693.55,19260008
2021-06-14 09:49:18,693.55,19260131
2021-06-14 09:49:19,693.75,19266045
2021-06-14 09:49:20,694.0,19268585
2021-06-14 09:49:21,693.55,19270100
2021-06-14 09:49:22,693.05,19273551
2021-06-14 09:49:23,693.0,19274946
2021-06-14 09:49:24,692.85,19279370
2021-06-14 09:49:25,693.0,19285554
2021-06-14 09:49:26,692.85,19289769
2021-06-14 09:49:27,692.9,19293703
2021-06-14 09:49:28,692.35,19298379
2021-06-14 09:49:29,693.3,19300940
2021-06-14 09:49:32,692.85,19316552
2021-06-14 09:49:33,692.5,19319824
2021-06-14 09:49:33,692.35,19321109
2021-06-14 09:49:34,692.45,19324731
2021-06-14 09:49:35,692.35,19330174
2021-06-14 09:49:36,692.4,19331658
2021-06-14 09:49:38,692.6,19334482
2021-06-14 09:49:39,692.45,19336607
2021-06-14 09:49:40,692.6,19340378
2021-06-14 09:49:41,692.3,19344126
2021-06-14 09:49:42,692.1,19353110
2021-06-14 09:49:43,692.85,19359238
2021-06-14 09:49:44,692.95,19362999
2021-06-14 09:49:46,692.4,19369182
2021-06-14 09:49:47,692.35,19381371
2021-06-14 09:49:48,692.5,19386396
2021-06-14 09:49:48,692.4,19387571
2021-06-14 09:49:49,693.95,19429401
2021-06-14 09:49:50,693.65,19432810
2021-06-14 09:49:51,693.45,19435012
2021-06-14 09:49:52,693.8,19441441
2021-06-14 09:49:53,693.7,19449868
2021-06-14 09:49:55,695.95,19458042
2021-06-14 09:49:56,696.05,19460850
2021-06-14 09:49:57,696.1,19464846
2021-06-14 09:49:57,696.1,19465152
2021-06-14 09:49:59,695.25,19472124
2021-06-14 09:50:00,695.2,19474637
2021-06-14 09:50:01,694.7,19476315
2021-06-14 09:50:02,695.0,19478493
2021-06-14 09:50:03,695.0,19483369
2021-06-14 09:50:05,694.45,19486204
2021-06-14 09:50:06,695.2,19497605
2021-06-14 09:50:08,696.9,19513964
2021-06-14 09:50:09,697.3,19521821
2021-06-14 09:50:11,697.6,19524892
2021-06-14 09:50:12,696.4,19528710
2021-06-14 09:50:13,696.65,19535088
2021-06-14 09:50:14,696.45,19569218
2021-06-14 09:50:14,696.85,19568852
2021-06-14 09:50:15,697.15,19578277
2021-06-14 09:50:16,696.65,19582280
2021-06-14 09:50:17,696.6,19585216
2021-06-14 09:50:18,695.5,19590172
2021-06-14 09:50:19,696.0,19592883
2021-06-14 09:50:20,696.2,19594105
2021-06-14 09:50:22,695.85,19598020
2021-06-14 09:50:23,695.85,19599760
2021-06-14 09:50:24,695.6,19601046
2021-06-14 09:50:25,695.3,19604326
2021-06-14 09:50:25,695.55,19606254
2021-06-14 09:50:27,695.35,19610502
2021-06-14 09:50:28,695.8,19612487
2021-06-14 09:50:29,695.35,19614821
2021-06-14 09:50:30,695.0,19627919
2021-06-14 09:50:31,694.7,19631992
2021-06-14 09:50:32,694.85,19638914
2021-06-14 09:50:33,697.1,19675892
2021-06-14 09:50:34,697.1,19678342
2021-06-14 09:50:35,697.1,19689104
2021-06-14 09:50:35,698.0,19694990
2021-06-14 09:50:38,699.1,19714862
2021-06-14 09:50:39,699.5,19758065
2021-06-14 09:50:41,699.7,19766230
2021-06-14 09:50:42,699.7,19770080
2021-06-14 09:50:43,700.9,19828580
2021-06-14 09:50:44,700.0,19833647
2021-06-14 09:50:44,699.95,19836658
2021-06-14 09:50:45,699.6,19847995
2021-06-14 09:50:46,700.2,19856655
2021-06-14 09:50:48,699.8,19871175
2021-06-14 09:50:49,699.7,19873754
2021-06-14 09:50:50,699.7,19884360
2021-06-14 09:50:51,699.75,19890928
2021-06-14 09:50:53,699.55,19900122
2021-06-14 09:50:54,699.7,19900918
2021-06-14 09:50:55,699.1,19906031
2021-06-14 09:50:56,699.0,19911022
2021-06-14 09:50:57,697.75,19921138
2021-06-14 09:50:58,697.95,19924046
2021-06-14 09:50:59,696.95,19933637
2021-06-14 09:51:00,697.6,19936992
2021-06-14 09:51:00,696.75,19960563
2021-06-14 09:51:01,696.3,19962797
2021-06-14 09:51:02,696.95,19973629
2021-06-14 09:51:04,696.65,19977924
2021-06-14 09:51:05,697.3,19984528
2021-06-14 09:51:06,697.35,19988940
2021-06-14 09:51:07,697.7,19989870
2021-06-14 09:51:07,697.3,19989960
2021-06-14 09:51:08,697.8,19992715
2021-06-14 09:51:09,697.85,19994161
2021-06-14 09:51:10,697.9,19996136
2021-06-14 09:51:11,697.85,19996925
2021-06-14 09:51:13,697.55,19999147
2021-06-14 09:51:14,697.5,20003477
2021-06-14 09:51:15,697.75,20005714
2021-06-14 09:51:16,697.2,20007567
2021-06-14 09:51:17,699.7,20066593
2021-06-14 09:51:17,699.75,20066807
2021-06-14 09:51:18,699.05,20068736
2021-06-14 09:51:19,698.95,20069571
2021-06-14 09:51:20,699.2,20070259
2021-06-14 09:51:21,698.8,20071929
2021-06-14 09:51:23,698.6,20073435
2021-06-14 09:51:24,698.9,20074735
2021-06-14 09:51:25,698.8,20075981
2021-06-14 09:51:26,698.8,20079405
2021-06-14 09:51:27,698.75,20087338
2021-06-14 09:51:28,698.65,20088041
2021-06-14 09:51:29,698.65,20088994
2021-06-14 09:51:30,698.65,20091087
2021-06-14 09:51:30,699.0,20092590
2021-06-14 09:51:31,699.0,20094418
2021-06-14 09:51:32,698.8,20101691
2021-06-14 09:51:33,699.05,20103566
2021-06-14 09:51:34,699.35,20105392
2021-06-14 09:51:35,699.45,20110364
2021-06-14 09:51:37,698.8,20113628
2021-06-14 09:51:38,699.3,20119600
2021-06-14 09:51:39,699.35,20122477
2021-06-14 09:51:39,699.35,20123295
2021-06-14 09:51:40,699.95,20125740
2021-06-14 09:51:41,700.0,20133574
2021-06-14 09:51:42,700.5,20153979
2021-06-14 09:51:44,701.2,20160921
2021-06-14 09:51:45,701.15,20166222
2021-06-14 09:51:46,701.5,20172575
2021-06-14 09:51:47,701.5,20179422
2021-06-14 09:51:48,701.9,20190940
2021-06-14 09:51:49,701.85,20197990
2021-06-14 09:51:50,701.15,20214062
2021-06-14 09:51:51,700.45,20219693
2021-06-14 09:51:53,700.65,20231104
2021-06-14 09:51:54,701.0,20235762
2021-06-14 09:51:55,701.5,20237443
2021-06-14 09:51:56,701.6,20241716
2021-06-14 09:51:57,702.3,20245261
2021-06-14 09:51:58,702.5,20248721
2021-06-14 09:51:59,703.3,20262975
2021-06-14 09:52:01,703.4,20268855
2021-06-14 09:52:01,703.45,20268997
2021-06-14 09:52:02,703.05,20283360
2021-06-14 09:52:03,702.55,20294233
2021-06-14 09:52:04,702.8,20298421
2021-06-14 09:52:05,702.8,20301485
2021-06-14 09:52:07,702.85,20310903
2021-06-14 09:52:08,703.45,20316516
2021-06-14 09:52:09,702.65,20324188
2021-06-14 09:52:10,702.8,20328790
2021-06-14 09:52:11,702.85,20332551
2021-06-14 09:52:12,702.65,20335497
2021-06-14 09:52:13,702.8,20338137
2021-06-14 09:52:14,702.75,20341077
2021-06-14 09:52:15,702.7,20343535
2021-06-14 09:52:17,702.55,20347416
2021-06-14 09:52:18,702.0,20357457
2021-06-14 09:52:19,701.55,20371245
2021-06-14 09:52:20,702.5,20384270
2021-06-14 09:52:21,702.65,20387183
2021-06-14 09:52:22,702.0,20391481
2021-06-14 09:52:23,701.7,20395873
2021-06-14 09:52:23,701.8,20396668
2021-06-14 09:52:24,702.0,20400474
2021-06-14 09:52:26,702.0,20404532
2021-06-14 09:52:27,702.3,20406919
2021-06-14 09:52:28,702.45,20409507
2021-06-14 09:52:29,702.5,20412650
2021-06-14 09:52:30,703.0,20421021
2021-06-14 09:52:30,703.0,20423662
2021-06-14 09:52:31,703.5,20436380
2021-06-14 09:52:32,703.8,20439666
2021-06-14 09:52:34,703.8,20442369
2021-06-14 09:52:36,704.3,20450444
2021-06-14 09:52:37,704.4,20481134
2021-06-14 09:52:38,705.95,20503534
2021-06-14 09:52:39,705.7,20509955
2021-06-14 09:52:41,706.45,20519856
2021-06-14 09:52:42,706.2,20528178
2021-06-14 09:52:43,706.1,20535545
2021-06-14 09:52:44,705.5,20546749
2021-06-14 09:52:45,705.2,20550749
2021-06-14 09:52:46,705.8,20558914
2021-06-14 09:52:47,704.85,20563872
2021-06-14 09:52:48,704.2,20568405
2021-06-14 09:52:49,703.1,20578461
2021-06-14 09:52:50,701.55,20590110
2021-06-14 09:52:51,700.15,20606348
2021-06-14 09:52:51,700.8,20607456
2021-06-14 09:52:53,700.85,20659583
2021-06-14 09:52:54,700.35,20667820
2021-06-14 09:52:55,700.25,20671569
2021-06-14 09:52:57,700.35,20679328
2021-06-14 09:52:57,700.55,20680315
2021-06-14 09:52:58,700.3,20684080
2021-06-14 09:53:00,700.15,20689294
2021-06-14 09:53:01,700.5,20698805
2021-06-14 09:53:01,700.25,20701412
2021-06-14 09:53:03,700.1,20708122
2021-06-14 09:53:05,700.05,20714838
2021-06-14 09:53:06,700.4,20718848
2021-06-14 09:53:07,700.5,20724482
2021-06-14 09:53:08,700.55,20727886
2021-06-14 09:53:09,701.2,20736019
2021-06-14 09:53:10,701.7,20736917
2021-06-14 09:53:11,701.7,20738647
2021-06-14 09:53:12,701.4,20745537
2021-06-14 09:53:13,701.2,20748821
2021-06-14 09:53:14,700.45,20761165
2021-06-14 09:53:15,700.05,20762526
2021-06-14 09:53:16,700.6,20764784
2021-06-14 09:53:16,700.05,20791382
2021-06-14 09:53:18,700.05,20796923
2021-06-14 09:53:19,700.5,20799911
2021-06-14 09:53:20,700.5,20803173
2021-06-14 09:53:21,701.0,20807935
2021-06-14 09:53:22,701.35,20812289
2021-06-14 09:53:22,701.1,20813860
2021-06-14 09:53:24,701.8,20816414
2021-06-14 09:53:25,702.0,20819809
2021-06-14 09:53:26,701.75,20823472
2021-06-14 09:53:26,701.95,20821719
2021-06-14 09:53:27,701.35,20824432
2021-06-14 09:53:29,701.05,20825962
2021-06-14 09:53:29,705.0,20951948
2021-06-14 09:53:34,704.9,20974233
2021-06-14 09:53:35,705.0,20979478
2021-06-14 09:53:36,704.75,20983280
2021-06-14 09:53:37,704.45,20987785
2021-06-14 09:53:37,705.0,20989002
2021-06-14 09:53:39,704.0,20992373
2021-06-14 09:53:40,704.05,20995324
2021-06-14 09:53:41,704.3,21000309
2021-06-14 09:53:42,704.6,21003914
2021-06-14 09:53:42,704.5,21003044
2021-06-14 09:53:44,705.6,21024145
2021-06-14 09:53:45,705.55,21027242
2021-06-14 09:53:46,705.55,21048986
2021-06-14 09:53:47,705.2,21056553
2021-06-14 09:53:47,706.0,21057728
2021-06-14 09:53:49,706.0,21067900
2021-06-14 09:53:49,706.15,21068115
2021-06-14 09:53:51,706.65,21074293
2021-06-14 09:53:52,706.55,21080475
2021-06-14 09:53:53,706.7,21082354
2021-06-14 09:53:54,707.0,21090450
2021-06-14 09:53:54,706.6,21090090
2021-06-14 09:53:55,707.2,21100025
2021-06-14 09:53:57,707.25,21101925
2021-06-14 09:53:58,707.45,21106991
2021-06-14 09:53:59,707.95,21130563
2021-06-14 09:54:00,707.45,21133392
2021-06-14 09:54:01,707.7,21137380
2021-06-14 09:54:02,707.3,21139995
2021-06-14 09:54:03,707.95,21144941
2021-06-14 09:54:04,707.55,21149237
2021-06-14 09:54:06,705.95,21165890
2021-06-14 09:54:07,706.45,21170582
2021-06-14 09:54:08,706.2,21180534
2021-06-14 09:54:08,706.3,21181485
2021-06-14 09:54:09,706.25,21184130
2021-06-14 09:54:10,706.2,21186347
2021-06-14 09:54:13,705.5,21192848
2021-06-14 09:54:14,705.3,21196257
2021-06-14 09:54:15,705.35,21198977
2021-06-14 09:54:16,705.3,21203022
2021-06-14 09:54:17,705.05,21205307
2021-06-14 09:54:18,705.2,21210059
2021-06-14 09:54:19,705.0,21214444
2021-06-14 09:54:20,705.05,21219107
2021-06-14 09:54:22,705.3,21228670
2021-06-14 09:54:23,705.0,21234905
2021-06-14 09:54:24,705.0,21236412
2021-06-14 09:54:25,704.7,21239736
2021-06-14 09:54:26,704.15,21242343
2021-06-14 09:54:27,704.95,21248812
2021-06-14 09:54:28,704.6,21252803
2021-06-14 09:54:29,704.15,21253938
2021-06-14 09:54:30,704.5,21257185
2021-06-14 09:54:31,704.55,21261005
2021-06-14 09:54:32,705.4,21265757
2021-06-14 09:54:33,705.95,21267550
2021-06-14 09:54:34,705.6,21267740
2021-06-14 09:54:35,705.95,21270166
2021-06-14 09:54:36,706.05,21272943
2021-06-14 09:54:37,706.1,21278468
2021-06-14 09:54:38,705.0,21284298
2021-06-14 09:54:39,705.7,21285567
2021-06-14 09:54:40,706.0,21289075
2021-06-14 09:54:41,705.6,21290893
2021-06-14 09:54:42,705.4,21294306
2021-06-14 09:54:43,705.7,21296771
2021-06-14 09:54:44,706.5,21313584
2021-06-14 09:54:45,706.5,21314747
2021-06-14 09:54:46,706.1,21317564
2021-06-14 09:54:47,707.25,21329903
2021-06-14 09:54:48,707.3,21333345
2021-06-14 09:54:49,707.0,21336053
2021-06-14 09:54:50,707.4,21344554
2021-06-14 09:54:51,707.0,21347531
2021-06-14 09:54:52,707.15,21349650
2021-06-14 09:54:53,707.0,21352513
2021-06-14 09:54:54,707.3,21353742
2021-06-14 09:54:55,707.55,21356686
2021-06-14 09:54:56,707.45,21359388
2021-06-14 09:54:57,707.2,21362912
2021-06-14 09:54:58,707.65,21364918
2021-06-14 09:54:59,707.0,21368013
2021-06-14 09:55:01,707.45,21376224
2021-06-14 09:55:00,707.2,21372805
2021-06-14 09:55:02,707.3,21377861
2021-06-14 09:55:03,707.6,21379518
2021-06-14 09:55:04,707.55,21384085
2021-06-14 09:55:05,707.3,21385338
2021-06-14 09:55:06,707.2,21388085
2021-06-14 09:55:07,707.0,21392281
2021-06-14 09:55:08,706.7,21397476
2021-06-14 09:55:09,706.45,21401327
2021-06-14 09:55:10,706.3,21405155
2021-06-14 09:55:11,706.0,21408167
2021-06-14 09:55:12,705.7,21410772
2021-06-14 09:55:13,705.2,21414389
2021-06-14 09:55:14,705.4,21419544
2021-06-14 09:55:15,704.5,21430427
2021-06-14 09:55:16,704.2,21433694
2021-06-14 09:55:17,703.7,21449882
2021-06-14 09:55:18,703.65,21455500
2021-06-14 09:55:20,704.0,21456979
2021-06-14 09:55:21,702.6,21468069
2021-06-14 09:55:23,703.15,21510019
2021-06-14 09:55:24,701.85,21522389
2021-06-14 09:55:25,701.7,21527575
2021-06-14 09:55:26,701.0,21532541
2021-06-14 09:55:27,701.0,21533531
2021-06-14 09:55:29,700.3,21555404
2021-06-14 09:55:30,700.65,21558998
2021-06-14 09:55:31,700.8,21563547
2021-06-14 09:55:32,702.15,21579774
2021-06-14 09:55:33,701.65,21586060
2021-06-14 09:55:34,701.7,21588232
2021-06-14 09:55:36,702.0,21591334
2021-06-14 09:55:35,702.0,21590118
2021-06-14 09:55:37,702.35,21593850
2021-06-14 09:55:38,702.0,21596538
2021-06-14 09:55:39,701.45,21614037
2021-06-14 09:55:40,701.05,21625411
2021-06-14 09:55:41,701.55,21632499
2021-06-14 09:55:42,701.55,21633891
2021-06-14 09:55:43,702.0,21635466
2021-06-14 09:55:44,702.95,21658441
2021-06-14 09:55:45,703.3,21662555
2021-06-14 09:55:46,703.65,21663930
2021-06-14 09:55:47,704.15,21673167
2021-06-14 09:55:48,704.15,21675815
2021-06-14 09:55:49,703.8,21677638
2021-06-14 09:55:50,702.45,21682383
2021-06-14 09:55:51,703.0,21684978
2021-06-14 09:55:52,703.05,21686812
2021-06-14 09:55:53,703.1,21688269
2021-06-14 09:55:54,703.05,21689624
2021-06-14 09:55:55,703.7,21691137
2021-06-14 09:55:56,703.25,21692043
2021-06-14 09:55:57,703.05,21693630
2021-06-14 09:55:58,703.1,21698121
2021-06-14 09:55:59,703.25,21698934
2021-06-14 09:56:00,703.05,21699763
2021-06-14 09:56:01,703.25,21701331
2021-06-14 09:56:02,703.0,21702506
2021-06-14 09:56:03,703.55,21714971
2021-06-14 09:56:05,703.2,21721270
2021-06-14 09:56:06,703.25,21723058
2021-06-14 09:56:07,704.25,21759359
2021-06-14 09:56:08,704.05,21765148
2021-06-14 09:56:09,703.85,21770271
2021-06-14 09:56:10,703.65,21778056
2021-06-14 09:56:11,704.3,21779552
2021-06-14 09:56:12,704.6,21780763
2021-06-14 09:56:13,704.55,21781878
2021-06-14 09:56:14,705.0,21784509
2021-06-14 09:56:15,705.25,21787619
2021-06-14 09:56:16,705.5,21791306
2021-06-14 09:56:17,705.9,21794772
2021-06-14 09:56:18,706.0,21801254
2021-06-14 09:56:19,706.0,21810460
2021-06-14 09:56:20,706.05,21813041
2021-06-14 09:56:21,706.3,21815996
2021-06-14 09:56:22,706.0,21818653
2021-06-14 09:56:23,705.8,21821211
2021-06-14 09:56:24,705.75,21821467
2021-06-14 09:56:25,706.2,21825469
2021-06-14 09:56:26,706.1,21829419
2021-06-14 09:56:27,706.5,21832212
2021-06-14 09:56:28,706.05,21837016
2021-06-14 09:56:29,705.75,21839342
2021-06-14 09:56:30,705.9,21840959
2021-06-14 09:56:31,705.8,21843288
2021-06-14 09:56:32,705.5,21845159
2021-06-14 09:56:33,705.85,21847428
2021-06-14 09:56:34,706.35,21863508
2021-06-14 09:56:37,706.15,21885772
2021-06-14 09:56:38,707.25,21904185
2021-06-14 09:56:40,706.2,21925452
2021-06-14 09:56:41,706.9,21929813
2021-06-14 09:56:43,707.0,21938612
2021-06-14 09:56:44,706.0,21948664
2021-06-14 09:56:45,706.3,21954643
2021-06-14 09:56:46,706.5,21957249
2021-06-14 09:56:47,707.25,21970099
2021-06-14 09:56:48,706.75,21973877
2021-06-14 09:56:50,706.7,21976425
2021-06-14 09:56:50,706.7,21976677
2021-06-14 09:56:51,706.3,21978973
2021-06-14 09:56:52,706.85,21984220
2021-06-14 09:56:53,706.2,21991421
2021-06-14 09:56:55,705.5,22010897
2021-06-14 09:56:56,705.0,22015505
2021-06-14 09:56:58,705.0,22017737
2021-06-14 09:56:59,705.15,22020553
2021-06-14 09:57:00,705.0,22021979
2021-06-14 09:57:01,704.35,22037927
2021-06-14 09:57:02,704.6,22052263
2021-06-14 09:57:02,704.1,22055753
2021-06-14 09:57:03,704.65,22059218
2021-06-14 09:57:04,705.0,22062723
2021-06-14 09:57:05,705.0,22064582
2021-06-14 09:57:06,705.15,22068671
2021-06-14 09:57:08,704.3,22071638
2021-06-14 09:57:09,704.9,22074129
2021-06-14 09:57:10,704.85,22076867
2021-06-14 09:57:11,705.0,22079555
2021-06-14 09:57:12,705.0,22082273
2021-06-14 09:57:13,704.9,22083934
2021-06-14 09:57:14,705.25,22085900
2021-06-14 09:57:15,705.0,22094205
2021-06-14 09:57:16,705.0,22096418
2021-06-14 09:57:17,704.9,22098678
2021-06-14 09:57:18,704.95,22099414
2021-06-14 09:57:20,704.95,22130005
2021-06-14 09:57:21,704.8,22134216
2021-06-14 09:57:22,704.5,22136834
2021-06-14 09:57:23,704.85,22143452
2021-06-14 09:57:25,704.6,22147035
2021-06-14 09:57:26,704.25,22148186
2021-06-14 09:57:27,704.0,22149298
2021-06-14 09:57:28,704.05,22151428
2021-06-14 09:57:29,703.95,22155798
2021-06-14 09:57:30,703.5,22157231
2021-06-14 09:57:31,703.6,22159138
2021-06-14 09:57:32,703.75,22167642
2021-06-14 09:57:33,703.5,22171081
2021-06-14 09:57:34,703.5,22172569
2021-06-14 09:57:35,703.8,22173645
2021-06-14 09:57:36,704.2,22185621
2021-06-14 09:57:37,704.35,22187908
2021-06-14 09:57:38,704.0,22189863
2021-06-14 09:57:39,704.6,22191032
2021-06-14 09:57:40,703.95,22191655
2021-06-14 09:57:41,703.95,22192914
2021-06-14 09:57:42,703.6,22194272
2021-06-14 09:57:43,704.45,22195992
2021-06-14 09:57:44,703.8,22200859
2021-06-14 09:57:45,703.8,22203767
2021-06-14 09:57:46,704.25,22204886
2021-06-14 09:57:47,704.5,22210518
2021-06-14 09:57:48,703.9,22215977
2021-06-14 09:57:49,704.8,22218777
2021-06-14 09:57:50,704.7,22220268
2021-06-14 09:57:51,704.85,22222467
2021-06-14 09:57:52,704.9,22223789
2021-06-14 09:57:53,704.6,22226236
2021-06-14 09:57:55,703.6,22248938
2021-06-14 09:57:57,703.9,22253910
2021-06-14 09:57:58,703.85,22257215
2021-06-14 09:57:58,703.85,22256777
2021-06-14 09:57:59,704.0,22259289
2021-06-14 09:58:00,704.0,22262832
2021-06-14 09:58:01,703.95,22264037
2021-06-14 09:58:02,703.65,22265357
2021-06-14 09:58:03,703.85,22267726
2021-06-14 09:58:04,703.5,22271782
2021-06-14 09:58:05,703.7,22273711
2021-06-14 09:58:06,703.8,22275445
2021-06-14 09:58:08,703.65,22278107
2021-06-14 09:58:09,703.8,22280632
2021-06-14 09:58:09,703.8,22280933
2021-06-14 09:58:10,703.95,22281942
2021-06-14 09:58:11,704.0,22284214
2021-06-14 09:58:12,703.9,22285724
2021-06-14 09:58:13,704.1,22288319
2021-06-14 09:58:14,704.1,22290653
2021-06-14 09:58:15,703.9,22295837
2021-06-14 09:58:17,703.45,22301515
2021-06-14 09:58:17,704.0,22300916
2021-06-14 09:58:18,703.5,22302716
2021-06-14 09:58:19,704.1,22304180
2021-06-14 09:58:20,704.3,22304953
2021-06-14 09:58:21,704.25,22305860
2021-06-14 09:58:22,704.8,22310254
2021-06-14 09:58:24,704.35,22313834
2021-06-14 09:58:24,704.8,22311914
2021-06-14 09:58:26,704.95,22318954
2021-06-14 09:58:27,704.85,22319577
2021-06-14 09:58:28,705.0,22322475
2021-06-14 09:58:29,704.9,22324421
2021-06-14 09:58:30,704.9,22326980
2021-06-14 09:58:31,704.9,22328203
2021-06-14 09:58:32,704.9,22329442
2021-06-14 09:58:33,704.85,22330502
2021-06-14 09:58:34,705.0,22348192
2021-06-14 09:58:35,705.0,22353744
2021-06-14 09:58:36,705.65,22363007
2021-06-14 09:58:37,705.1,22370191
2021-06-14 09:58:38,705.0,22372333
2021-06-14 09:58:39,706.0,22381591
2021-06-14 09:58:40,705.45,22385170
2021-06-14 09:58:41,705.45,22389284
2021-06-14 09:58:42,705.0,22391789
2021-06-14 09:58:43,705.05,22393904
2021-06-14 09:58:44,705.0,22398337
2021-06-14 09:58:45,705.0,22400479
2021-06-14 09:58:46,705.2,22403367
2021-06-14 09:58:48,705.3,22405038
2021-06-14 09:58:49,705.5,22407413
2021-06-14 09:58:49,705.5,22408761
2021-06-14 09:58:51,705.65,22411310
2021-06-14 09:58:52,704.9,22437793
2021-06-14 09:58:53,704.75,22441205
2021-06-14 09:58:54,704.45,22445459
2021-06-14 09:58:55,704.1,22447748
2021-06-14 09:58:56,704.4,22453604
2021-06-14 09:58:57,704.4,22458411
2021-06-14 09:58:58,704.4,22459218
2021-06-14 09:59:00,704.4,22463524
2021-06-14 09:59:01,704.65,22473761
2021-06-14 09:59:02,704.95,22476224
2021-06-14 09:59:02,704.95,22476425
2021-06-14 09:59:03,704.95,22478456
2021-06-14 09:59:04,704.65,22479626
2021-06-14 09:59:05,704.85,22480546
2021-06-14 09:59:06,704.65,22482015
2021-06-14 09:59:07,704.95,22485122
2021-06-14 09:59:08,705.0,22486610
2021-06-14 09:59:10,704.95,22488238
2021-06-14 09:59:11,704.6,22491567
2021-06-14 09:59:12,704.7,22492790
2021-06-14 09:59:12,704.7,22493251
2021-06-14 09:59:14,705.0,22494873
2021-06-14 09:59:15,704.55,22496337
2021-06-14 09:59:16,704.95,22497076
2021-06-14 09:59:17,705.0,22510496
2021-06-14 09:59:18,704.85,22513332
2021-06-14 09:59:19,704.8,22514793
2021-06-14 09:59:20,704.8,22516289
2021-06-14 09:59:20,704.7,22516823
2021-06-14 09:59:21,704.75,22519289
2021-06-14 09:59:22,704.75,22522730
2021-06-14 09:59:24,704.9,22527492
2021-06-14 09:59:26,704.85,22528326
2021-06-14 09:59:27,704.85,22529375
2021-06-14 09:59:27,704.8,22531038
2021-06-14 09:59:28,704.8,22531903
2021-06-14 09:59:29,704.85,22532861
2021-06-14 09:59:30,704.9,22533343
2021-06-14 09:59:32,704.75,22536295
2021-06-14 09:59:34,705.0,22542122
2021-06-14 09:59:35,704.95,22542691
2021-06-14 09:59:36,704.85,22543315
2021-06-14 09:59:37,705.0,22544450
2021-06-14 09:59:37,704.95,22544566
2021-06-14 09:59:39,705.0,22546978
2021-06-14 09:59:38,704.95,22545410
2021-06-14 09:59:40,705.0,22548107
2021-06-14 09:59:41,705.0,22551157
2021-06-14 09:59:42,705.0,22553665
2021-06-14 09:59:43,704.75,22555344
2021-06-14 09:59:45,704.9,22557205
2021-06-14 09:59:46,705.0,22558351
2021-06-14 09:59:47,705.0,22559638
2021-06-14 09:59:48,704.75,22562793
2021-06-14 09:59:48,705.0,22563150
2021-06-14 09:59:49,705.0,22565672
2021-06-14 09:59:51,704.9,22567772
2021-06-14 09:59:52,704.8,22569378
2021-06-14 09:59:52,704.75,22569480
2021-06-14 09:59:53,704.9,22572426
2021-06-14 09:59:54,705.0,22575863
2021-06-14 09:59:55,705.0,22578692
2021-06-14 09:59:56,704.95,22582997
2021-06-14 09:59:57,705.0,22584212
2021-06-14 09:59:58,704.9,22585162
2021-06-14 10:00:01,704.7,22593834
2021-06-14 10:00:01,704.55,22595926
2021-06-14 10:00:02,704.75,22598933
2021-06-14 10:00:03,704.7,22600041
2021-06-14 10:00:04,703.6,22628071
2021-06-14 10:00:05,703.7,22632579
2021-06-14 10:00:06,703.9,22635905
2021-06-14 10:00:07,703.9,22637805
2021-06-14 10:00:09,703.75,22641480
2021-06-14 10:00:10,703.5,22642756
2021-06-14 10:00:11,703.25,22646927
2021-06-14 10:00:12,703.0,22650099
2021-06-14 10:00:14,703.1,22653999
2021-06-14 10:00:16,703.3,22656375
2021-06-14 10:00:17,703.3,22660563
2021-06-14 10:00:18,703.35,22662389
2021-06-14 10:00:19,703.3,22666228
2021-06-14 10:00:19,703.2,22663708
2021-06-14 10:00:21,703.95,22669781
2021-06-14 10:00:23,704.0,22672735
2021-06-14 10:00:24,703.6,22673013
2021-06-14 10:00:26,703.95,22678689
2021-06-14 10:00:27,703.95,22679236
2021-06-14 10:00:28,704.1,22683611
2021-06-14 10:00:29,704.0,22685613
2021-06-14 10:00:30,703.75,22687733
2021-06-14 10:00:31,703.75,22690416
2021-06-14 10:00:33,704.8,22702082
2021-06-14 10:00:34,704.6,22703599
2021-06-14 10:00:35,704.25,22704499
2021-06-14 10:00:36,704.6,22705068
2021-06-14 10:00:37,704.7,22707421
2021-06-14 10:00:37,704.35,22706383
2021-06-14 10:00:38,704.55,22710162
2021-06-14 10:00:39,704.15,22732361
2021-06-14 10:00:40,704.2,22734315
2021-06-14 10:00:42,703.75,22745846
2021-06-14 10:00:43,704.0,22747868
2021-06-14 10:00:44,704.2,22748980
2021-06-14 10:00:45,704.5,22750209
2021-06-14 10:00:46,704.55,22750876
2021-06-14 10:00:46,704.6,22751012
2021-06-14 10:00:47,704.1,22752535
2021-06-14 10:00:48,704.5,22752912
2021-06-14 10:00:49,704.15,22754440
2021-06-14 10:00:50,704.6,22755708
2021-06-14 10:00:51,704.8,22757349
2021-06-14 10:00:52,704.4,22758808
2021-06-14 10:00:53,704.3,22760383
2021-06-14 10:00:54,703.3,22767377
2021-06-14 10:00:55,703.45,22773403
2021-06-14 10:00:56,703.3,22776050
2021-06-14 10:00:58,702.2,22795843
2021-06-14 10:00:59,702.55,22800663
2021-06-14 10:01:00,701.1,22828632
2021-06-14 10:01:01,701.5,22831486
2021-06-14 10:01:03,701.4,22838874
2021-06-14 10:01:04,701.05,22842964
2021-06-14 10:01:05,701.95,22848836
2021-06-14 10:01:06,702.2,22850736
2021-06-14 10:01:07,701.85,22851852
2021-06-14 10:01:09,702.0,22860717
2021-06-14 10:01:10,702.0,22861963
2021-06-14 10:01:11,701.75,22864273
2021-06-14 10:01:12,701.65,22865298
2021-06-14 10:01:13,702.0,22867231
2021-06-14 10:01:14,702.0,22868992
2021-06-14 10:01:15,701.7,22869679
2021-06-14 10:01:16,701.65,22884502
2021-06-14 10:01:17,701.5,22887670
2021-06-14 10:01:18,701.25,22889606
2021-06-14 10:01:20,701.25,22912494
2021-06-14 10:01:21,701.05,22914949
2021-06-14 10:01:22,700.85,22918086
2021-06-14 10:01:22,700.95,22919235
2021-06-14 10:01:23,700.1,22923922
2021-06-14 10:01:25,702.45,23004234
2021-06-14 10:01:26,701.75,23009737
2021-06-14 10:01:27,702.1,23014927
2021-06-14 10:01:28,702.1,23019475
2021-06-14 10:01:29,701.5,23024062
2021-06-14 10:01:30,702.0,23027101
2021-06-14 10:01:31,701.8,23030481
2021-06-14 10:01:32,701.75,23034518
2021-06-14 10:01:33,701.9,23036403
2021-06-14 10:01:34,701.85,23037104
2021-06-14 10:01:35,701.75,23038839
2021-06-14 10:01:36,701.65,23040023
2021-06-14 10:01:37,701.65,23044138
2021-06-14 10:01:39,701.55,23046183
2021-06-14 10:01:40,701.75,23047381
2021-06-14 10:01:41,701.8,23049024
2021-06-14 10:01:42,701.5,23049584
2021-06-14 10:01:43,701.75,23050141
2021-06-14 10:01:43,701.85,23050976
2021-06-14 10:01:44,701.5,23058128
2021-06-14 10:01:45,701.2,23059122
2021-06-14 10:01:47,701.45,23060662
2021-06-14 10:01:48,701.5,23061676
2021-06-14 10:01:49,701.15,23062972
2021-06-14 10:01:50,700.6,23069505
2021-06-14 10:01:51,700.55,23070630
2021-06-14 10:01:51,700.8,23070683
2021-06-14 10:01:52,700.0,23101208
2021-06-14 10:01:53,700.1,23109359
2021-06-14 10:01:55,700.0,23152847
2021-06-14 10:01:56,699.05,23179866
2021-06-14 10:01:57,698.7,23185279
2021-06-14 10:01:57,698.4,23190734
2021-06-14 10:01:59,698.0,23204594
2021-06-14 10:01:59,697.05,23228307
2021-06-14 10:02:00,696.9,23236880
2021-06-14 10:02:02,697.0,23249861
2021-06-14 10:02:03,696.7,23259857
2021-06-14 10:02:04,696.35,23271630
2021-06-14 10:02:05,696.1,23276751
2021-06-14 10:02:06,696.15,23288767
2021-06-14 10:02:07,696.25,23298032
2021-06-14 10:02:08,696.35,23303392
2021-06-14 10:02:09,696.35,23307486
2021-06-14 10:02:10,696.65,23311637
2021-06-14 10:02:10,696.9,23313543
2021-06-14 10:02:12,697.75,23325902
2021-06-14 10:02:13,697.65,23329980
2021-06-14 10:02:16,697.7,23344468
2021-06-14 10:02:16,697.75,23346226
2021-06-14 10:02:17,697.4,23349897
2021-06-14 10:02:19,697.0,23353284
2021-06-14 10:02:20,697.3,23358152
2021-06-14 10:02:21,696.9,23364078
2021-06-14 10:02:22,697.4,23365999
2021-06-14 10:02:23,697.35,23369689
2021-06-14 10:02:24,697.4,23372121
2021-06-14 10:02:25,697.1,23374077
2021-06-14 10:02:27,697.55,23380920
2021-06-14 10:02:28,698.25,23387507
2021-06-14 10:02:29,698.3,23390704
2021-06-14 10:02:29,697.95,23390428
2021-06-14 10:02:30,698.3,23392655
2021-06-14 10:02:33,698.8,23399240
2021-06-14 10:02:34,698.6,23403299
2021-06-14 10:02:34,698.95,23403536
2021-06-14 10:02:35,700.0,23407175
2021-06-14 10:02:36,700.4,23419468
2021-06-14 10:02:38,701.25,23427758
2021-06-14 10:02:40,701.1,23475757
2021-06-14 10:02:41,700.55,23481673
2021-06-14 10:02:42,700.3,23487102
2021-06-14 10:02:43,700.25,23494898
2021-06-14 10:02:43,700.15,23496067
2021-06-14 10:02:44,700.25,23498734
2021-06-14 10:02:45,699.9,23500391
2021-06-14 10:02:46,700.25,23502184
2021-06-14 10:02:47,699.6,23503259
2021-06-14 10:02:48,699.95,23505094
2021-06-14 10:02:49,698.1,23514749
2021-06-14 10:02:51,697.85,23528707
2021-06-14 10:02:52,696.9,23546406
2021-06-14 10:02:53,696.9,23548862
2021-06-14 10:02:54,696.85,23551153
2021-06-14 10:02:55,696.75,23554640
2021-06-14 10:02:56,697.0,23558680
2021-06-14 10:02:57,696.9,23562111
2021-06-14 10:02:59,697.1,23565982
2021-06-14 10:03:00,697.1,23569401
2021-06-14 10:03:01,697.85,23573260
2021-06-14 10:03:02,697.85,23578800
2021-06-14 10:03:03,697.75,23581406
2021-06-14 10:03:04,698.55,23584900
2021-06-14 10:03:04,698.55,23585064
2021-06-14 10:03:06,698.55,23591858
2021-06-14 10:03:07,698.9,23603794
2021-06-14 10:03:08,698.8,23606213
2021-06-14 10:03:09,698.7,23607824
2021-06-14 10:03:10,697.7,23611233
2021-06-14 10:03:11,697.65,23621810
2021-06-14 10:03:13,696.9,23639520
2021-06-14 10:03:14,696.6,23645907
2021-06-14 10:03:15,696.15,23651067
2021-06-14 10:03:15,696.15,23652274
2021-06-14 10:03:17,695.4,23669422
2021-06-14 10:03:18,695.65,23676130
2021-06-14 10:03:19,695.05,23754943
2021-06-14 10:03:20,694.0,23764441
2021-06-14 10:03:21,694.1,23770035
2021-06-14 10:03:22,693.5,23786499
2021-06-14 10:03:24,692.75,23813052
2021-06-14 10:03:28,690.9,23880948
2021-06-14 10:03:29,690.95,23900915
2021-06-14 10:03:30,690.4,23936111
2021-06-14 10:03:31,690.15,23946895
2021-06-14 10:03:32,690.85,23958123
2021-06-14 10:03:34,691.15,23976225
2021-06-14 10:03:35,691.25,23986345
2021-06-14 10:03:36,692.45,24013976
2021-06-14 10:03:37,694.45,24033900
2021-06-14 10:03:37,693.7,24037519
2021-06-14 10:03:39,696.15,24065050
2021-06-14 10:03:41,697.15,24070632
2021-06-14 10:03:42,697.55,24081656
2021-06-14 10:03:43,697.45,24090600
2021-06-14 10:03:44,697.95,24099346
2021-06-14 10:03:45,698.9,24111217
2021-06-14 10:03:45,698.85,24113490
2021-06-14 10:03:47,699.7,24127696
2021-06-14 10:03:48,697.95,24156222
2021-06-14 10:03:49,697.95,24161250
2021-06-14 10:03:50,697.4,24165042
2021-06-14 10:03:51,696.8,24169141
2021-06-14 10:03:52,696.9,24170972
2021-06-14 10:03:53,696.35,24175594
2021-06-14 10:03:54,695.8,24177841
2021-06-14 10:03:57,694.35,24191797
2021-06-14 10:03:58,694.15,24195038
2021-06-14 10:03:59,694.2,24197082
2021-06-14 10:03:59,694.0,24197162
2021-06-14 10:04:01,694.1,24204730
2021-06-14 10:04:02,694.05,24209272
2021-06-14 10:04:03,693.55,24214064
2021-06-14 10:04:04,693.4,24215457
2021-06-14 10:04:05,693.6,24216774
2021-06-14 10:04:06,693.2,24219198
2021-06-14 10:04:07,693.6,24221575
2021-06-14 10:04:08,693.5,24224452
2021-06-14 10:04:09,693.95,24226863
2021-06-14 10:04:10,694.35,24235053
2021-06-14 10:04:11,694.25,24240954
2021-06-14 10:04:12,694.3,24246180
2021-06-14 10:04:13,694.35,24247607
2021-06-14 10:04:14,694.35,24249729
2021-06-14 10:04:16,693.65,24256770
2021-06-14 10:04:17,694.45,24260860
2021-06-14 10:04:18,694.65,24263870
2021-06-14 10:04:19,694.45,24266945
2021-06-14 10:04:20,694.0,24272077
2021-06-14 10:04:20,694.15,24272053
2021-06-14 10:04:22,693.55,24282787
2021-06-14 10:04:23,692.9,24289213
2021-06-14 10:04:24,694.1,24300448
2021-06-14 10:04:25,694.35,24303060
2021-06-14 10:04:26,694.0,24306755
2021-06-14 10:04:27,693.95,24309969
2021-06-14 10:04:28,694.1,24313129
2021-06-14 10:04:29,694.45,24315266
2021-06-14 10:04:30,696.1,24329042
2021-06-14 10:04:31,696.15,24330549
2021-06-14 10:04:32,696.6,24336865
2021-06-14 10:04:33,696.5,24344763
2021-06-14 10:04:34,697.05,24349287
2021-06-14 10:04:35,697.45,24351611
2021-06-14 10:04:36,696.45,24374601
2021-06-14 10:04:38,697.35,24382610
2021-06-14 10:04:38,697.5,24385441
2021-06-14 10:04:39,697.2,24387504
2021-06-14 10:04:41,696.9,24391911
2021-06-14 10:04:42,695.4,24396570
2021-06-14 10:04:42,694.85,24409852
2021-06-14 10:04:44,694.8,24413675
2021-06-14 10:04:45,694.7,24417397
2021-06-14 10:04:46,694.6,24419442
2021-06-14 10:04:47,694.6,24423569
2021-06-14 10:04:48,695.35,24452979
2021-06-14 10:04:49,695.0,24460786
2021-06-14 10:04:50,694.4,24478934
2021-06-14 10:04:51,694.0,24482605
2021-06-14 10:04:53,693.8,24486472
2021-06-14 10:04:54,693.25,24490407
2021-06-14 10:04:55,694.0,24498292
2021-06-14 10:04:56,694.2,24503335
2021-06-14 10:04:56,694.45,24507576
2021-06-14 10:04:57,695.0,24519860
2021-06-14 10:04:58,695.45,24522863
2021-06-14 10:04:59,695.15,24523982
2021-06-14 10:05:01,695.15,24526149
2021-06-14 10:05:02,695.0,24528301
2021-06-14 10:05:03,694.05,24532700
2021-06-14 10:05:04,693.9,24537183
2021-06-14 10:05:05,693.85,24540883
2021-06-14 10:05:06,693.4,24547524
2021-06-14 10:05:07,693.45,24551072
2021-06-14 10:05:08,693.25,24556562
2021-06-14 10:05:09,693.8,24559687
2021-06-14 10:05:10,693.95,24560305
2021-06-14 10:05:11,694.05,24563949
2021-06-14 10:05:12,694.25,24568326
2021-06-14 10:05:13,694.6,24573472
2021-06-14 10:05:14,694.6,24579654
2021-06-14 10:05:15,695.2,24587349
2021-06-14 10:05:16,695.2,24591859
2021-06-14 10:05:17,694.65,24592727
2021-06-14 10:05:18,695.2,24595546
2021-06-14 10:05:19,694.75,24598073
2021-06-14 10:05:20,694.35,24599533
2021-06-14 10:05:21,692.85,24630207
2021-06-14 10:05:22,692.8,24630992
2021-06-14 10:05:23,692.0,24643857
2021-06-14 10:05:24,691.7,24661984
2021-06-14 10:05:25,691.0,24690699
2021-06-14 10:05:26,690.4,24699883
2021-06-14 10:05:27,691.0,24725301
2021-06-14 10:05:28,690.95,24733275
2021-06-14 10:05:29,691.4,24748349
2021-06-14 10:05:31,690.05,24820470
2021-06-14 10:05:32,690.85,24839220
2021-06-14 10:05:33,690.75,24869268
2021-06-14 10:05:34,690.3,24881541
2021-06-14 10:05:35,690.25,24893205
2021-06-14 10:05:36,691.0,24902834
2021-06-14 10:05:37,691.4,24908849
2021-06-14 10:05:39,692.3,24921996
2021-06-14 10:05:40,692.6,24931938
2021-06-14 10:05:41,693.6,24938548
2021-06-14 10:05:42,693.55,24945234
2021-06-14 10:05:43,694.05,24953955
2021-06-14 10:05:44,694.8,24957283
2021-06-14 10:05:45,695.0,24977143
2021-06-14 10:05:46,694.9,24987318
2021-06-14 10:05:47,694.35,24987602
2021-06-14 10:05:48,694.95,24991813
2021-06-14 10:05:49,695.25,24997952
2021-06-14 10:05:50,695.8,25002884
2021-06-14 10:05:51,696.7,25008019
2021-06-14 10:05:52,696.95,25011794
2021-06-14 10:05:53,697.0,25026142
2021-06-14 10:05:54,696.45,25036142
2021-06-14 10:05:55,696.85,25040912
2021-06-14 10:05:56,696.55,25043956
2021-06-14 10:05:57,697.4,25047904
2021-06-14 10:05:58,697.0,25052942
2021-06-14 10:05:59,696.25,25056937
2021-06-14 10:06:00,696.0,25061615
2021-06-14 10:06:01,696.5,25067005
2021-06-14 10:06:02,696.45,25069600
2021-06-14 10:06:03,696.85,25072260
2021-06-14 10:06:05,694.6,25085024
2021-06-14 10:06:06,694.9,25087143
2021-06-14 10:06:07,694.05,25092313
2021-06-14 10:06:08,694.65,25098492
2021-06-14 10:06:09,694.4,25103431
2021-06-14 10:06:10,693.75,25108024
2021-06-14 10:06:11,694.0,25108186
2021-06-14 10:06:12,694.05,25110147
2021-06-14 10:06:13,693.7,25111928
2021-06-14 10:06:14,694.3,25113478
2021-06-14 10:06:15,693.85,25115119
2021-06-14 10:06:16,693.8,25116402
2021-06-14 10:06:17,693.4,25119872
2021-06-14 10:06:18,694.9,25122784
2021-06-14 10:06:19,695.15,25128773
2021-06-14 10:06:20,695.85,25133490
2021-06-14 10:06:21,695.7,25135907
2021-06-14 10:06:22,695.45,25136895
2021-06-14 10:06:23,695.6,25139830
2021-06-14 10:06:24,695.95,25142483
2021-06-14 10:06:25,695.4,25144830
2021-06-14 10:06:26,695.8,25151790
2021-06-14 10:06:27,695.4,25154708
2021-06-14 10:06:28,695.4,25155595
2021-06-14 10:06:29,696.85,25186008
2021-06-14 10:06:30,696.45,25189626
2021-06-14 10:06:31,696.8,25194783
2021-06-14 10:06:32,697.75,25210747
2021-06-14 10:06:33,697.45,25215928
2021-06-14 10:06:34,697.75,25227081
2021-06-14 10:06:35,698.7,25235122
2021-06-14 10:06:36,700.0,25274942
2021-06-14 10:06:37,699.85,25280688
2021-06-14 10:06:38,700.0,25316921
2021-06-14 10:06:39,700.0,25325945
2021-06-14 10:06:40,700.0,25343342
2021-06-14 10:06:41,700.0,25347593
2021-06-14 10:06:42,700.0,25360752
2021-06-14 10:06:43,700.15,25373445
2021-06-14 10:06:44,700.0,25392067
2021-06-14 10:06:45,701.0,25399229
2021-06-14 10:06:46,700.45,25403121
2021-06-14 10:06:47,700.2,25406061
2021-06-14 10:06:48,700.85,25415233
2021-06-14 10:06:49,700.8,25419282
2021-06-14 10:06:50,701.25,25428418
2021-06-14 10:06:51,700.65,25440523
2021-06-14 10:06:52,701.45,25461632
2021-06-14 10:06:53,701.0,25465399
2021-06-14 10:06:54,700.8,25472924
2021-06-14 10:06:55,700.8,25473989
2021-06-14 10:06:56,700.0,25479062
2021-06-14 10:06:57,700.0,25490532
2021-06-14 10:06:58,700.4,25499247
2021-06-14 10:06:59,700.3,25503534
2021-06-14 10:07:00,700.5,25507384
2021-06-14 10:07:01,701.1,25512509
2021-06-14 10:07:02,700.45,25524815
2021-06-14 10:07:03,701.0,25534031
2021-06-14 10:07:04,701.15,25536868
2021-06-14 10:07:05,701.65,25553686
2021-06-14 10:07:06,701.85,25556429
2021-06-14 10:07:08,702.2,25564175
2021-06-14 10:07:09,702.45,25568445
2021-06-14 10:07:10,703.15,25581315
2021-06-14 10:07:11,703.5,25584779
2021-06-14 10:07:12,703.6,25592164
2021-06-14 10:07:13,703.7,25599617
2021-06-14 10:07:15,704.2,25612967
2021-06-14 10:07:16,704.45,25624542
2021-06-14 10:07:17,706.15,25724540
2021-06-14 10:07:19,705.75,25743407
2021-06-14 10:07:19,705.6,25763032
2021-06-14 10:07:20,705.6,25787192
2021-06-14 10:07:21,705.85,25793442
2021-06-14 10:07:22,705.55,25800463
2021-06-14 10:07:23,704.75,25805879
2021-06-14 10:07:24,704.6,25809502
2021-06-14 10:07:25,704.65,25812727
2021-06-14 10:07:26,704.45,25818363
2021-06-14 10:07:28,704.35,25837667
2021-06-14 10:07:28,705.0,25830661
2021-06-14 10:07:29,704.5,25841951
2021-06-14 10:07:30,704.9,25844242
2021-06-14 10:07:31,704.5,25848933
2021-06-14 10:07:32,704.45,25856940
2021-06-14 10:07:33,703.8,25874011
2021-06-14 10:07:34,704.15,25882444
2021-06-14 10:07:36,703.8,25886781
2021-06-14 10:07:36,704.15,25886233
2021-06-14 10:07:37,704.2,25892035
2021-06-14 10:07:38,703.9,25894976
2021-06-14 10:07:39,704.0,25926021
2021-06-14 10:07:40,703.15,25935122
2021-06-14 10:07:42,703.5,25937767
2021-06-14 10:07:44,703.2,25957206
2021-06-14 10:07:45,702.65,25961359
2021-06-14 10:07:46,703.15,25973146
2021-06-14 10:07:47,703.75,25987484
2021-06-14 10:07:49,704.7,25995624
2021-06-14 10:07:49,704.45,25994928
2021-06-14 10:07:50,704.7,26001831
2021-06-14 10:07:51,704.85,26004481
2021-06-14 10:07:52,704.9,26008622
2021-06-14 10:07:53,704.45,26010720
2021-06-14 10:07:54,704.4,26015817
2021-06-14 10:07:55,704.4,26018458
2021-06-14 10:07:56,704.4,26025574
2021-06-14 10:07:57,704.45,26027655
2021-06-14 10:07:59,703.75,26033508
2021-06-14 10:07:59,704.3,26044416
2021-06-14 10:08:00,704.7,26052497
2021-06-14 10:08:01,704.15,26056378
2021-06-14 10:08:02,704.4,26065395
2021-06-14 10:08:03,704.4,26068885
2021-06-14 10:08:05,704.35,26072045
2021-06-14 10:08:05,704.2,26072055
2021-06-14 10:08:06,704.2,26073757
2021-06-14 10:08:08,705.0,26109023
2021-06-14 10:08:09,704.6,26117264
2021-06-14 10:08:10,704.7,26124732
2021-06-14 10:08:11,705.0,26128089
2021-06-14 10:08:12,704.85,26135226
2021-06-14 10:08:13,705.0,26140762
2021-06-14 10:08:14,704.8,26150154
2021-06-14 10:08:15,704.95,26158826
2021-06-14 10:08:16,705.0,26162055
2021-06-14 10:08:17,704.75,26165945
2021-06-14 10:08:18,705.0,26175193
2021-06-14 10:08:19,705.0,26180884
2021-06-14 10:08:20,704.45,26182606
2021-06-14 10:08:21,704.9,26186598
2021-06-14 10:08:22,704.5,26187164
2021-06-14 10:08:25,704.9,26191718
2021-06-14 10:08:26,704.4,26195571
2021-06-14 10:08:26,703.95,26203876
2021-06-14 10:08:27,704.4,26207710
2021-06-14 10:08:29,704.45,26242838
2021-06-14 10:08:29,705.0,26240113
2021-06-14 10:08:30,704.9,26245134
2021-06-14 10:08:31,704.7,26248573
2021-06-14 10:08:32,704.5,26249193
2021-06-14 10:08:33,704.7,26251687
2021-06-14 10:08:34,704.85,26253599
2021-06-14 10:08:35,704.1,26259289
2021-06-14 10:08:36,704.5,26260104
2021-06-14 10:08:37,704.1,26260985
2021-06-14 10:08:39,703.75,26271388
2021-06-14 10:08:40,703.0,26282437
2021-06-14 10:08:41,702.6,26285258
2021-06-14 10:08:43,702.1,26291498
2021-06-14 10:08:43,702.25,26296111
2021-06-14 10:08:44,701.85,26302310
2021-06-14 10:08:45,702.0,26311800
2021-06-14 10:08:47,702.3,26316365
2021-06-14 10:08:48,702.1,26319229
2021-06-14 10:08:49,702.95,26326126
2021-06-14 10:08:50,703.45,26331938
2021-06-14 10:08:51,703.65,26333561
2021-06-14 10:08:52,703.8,26343955
2021-06-14 10:08:53,704.15,26348014
2021-06-14 10:08:54,704.0,26350698
2021-06-14 10:08:55,704.35,26352896
2021-06-14 10:08:56,704.35,26354974
2021-06-14 10:08:57,704.35,26357196
2021-06-14 10:08:58,704.15,26360524
2021-06-14 10:09:00,703.55,26364297
2021-06-14 10:09:00,703.55,26366479
2021-06-14 10:09:02,704.0,26368643
2021-06-14 10:09:02,704.0,26368962
2021-06-14 10:09:03,703.75,26372202
2021-06-14 10:09:04,703.15,26377144
2021-06-14 10:09:05,703.0,26379161
2021-06-14 10:09:06,703.55,26385897
2021-06-14 10:09:07,703.3,26386890
2021-06-14 10:09:08,703.6,26387530
2021-06-14 10:09:09,703.65,26388495
2021-06-14 10:09:10,703.75,26389057
2021-06-14 10:09:11,703.55,26391724
2021-06-14 10:09:13,704.0,26394314
2021-06-14 10:09:14,704.9,26410564
2021-06-14 10:09:15,704.7,26423924
2021-06-14 10:09:16,704.6,26439185
2021-06-14 10:09:17,704.5,26457706
2021-06-14 10:09:18,705.0,26484878
2021-06-14 10:09:19,704.6,26506835
2021-06-14 10:09:20,704.5,26515161
2021-06-14 10:09:22,704.95,26519270
2021-06-14 10:09:23,704.9,26519524
2021-06-14 10:09:24,704.65,26520550
2021-06-14 10:09:25,705.35,26536336
2021-06-14 10:09:26,705.35,26543156
2021-06-14 10:09:27,704.7,26552632
2021-06-14 10:09:29,704.3,26557142
2021-06-14 10:09:30,704.4,26560530
2021-06-14 10:09:31,704.55,26562115
2021-06-14 10:09:32,704.9,26563880
2021-06-14 10:09:33,704.35,26607505
2021-06-14 10:09:33,704.55,26607821
2021-06-14 10:09:35,704.8,26612026
2021-06-14 10:09:36,704.3,26614132
2021-06-14 10:09:37,704.6,26615774
2021-06-14 10:09:38,703.75,26620877
2021-06-14 10:09:39,703.6,26621869
2021-06-14 10:09:40,703.7,26625109
2021-06-14 10:09:41,703.6,26629000
2021-06-14 10:09:42,703.7,26630850
2021-06-14 10:09:43,703.7,26633095
2021-06-14 10:09:45,704.2,26635145
2021-06-14 10:09:46,704.55,26636163
2021-06-14 10:09:47,704.35,26643573
2021-06-14 10:09:48,704.5,26646691
2021-06-14 10:09:49,705.5,26679485
2021-06-14 10:09:50,706.0,26749274
2021-06-14 10:09:51,707.45,26788301
2021-06-14 10:09:52,707.8,26792586
2021-06-14 10:09:54,708.35,26822355
2021-06-14 10:09:55,709.4,26875114
2021-06-14 10:09:56,709.4,26880541
2021-06-14 10:09:57,708.85,26889116
2021-06-14 10:09:57,709.75,26887404
2021-06-14 10:09:58,709.4,26899780
2021-06-14 10:09:59,709.75,26906755
2021-06-14 10:10:00,710.05,26956578
2021-06-14 10:10:02,710.5,26964796
2021-06-14 10:10:02,708.65,26980823
2021-06-14 10:10:04,707.95,26988782
2021-06-14 10:10:05,710.05,27028246
2021-06-14 10:10:06,710.05,27030998
2021-06-14 10:10:07,709.75,27036648
2021-06-14 10:10:08,709.5,27046325
2021-06-14 10:10:10,708.7,27054188
2021-06-14 10:10:11,709.2,27056420
2021-06-14 10:10:11,709.25,27056688
2021-06-14 10:10:12,708.5,27059379
2021-06-14 10:10:13,709.4,27065446
2021-06-14 10:10:14,709.0,27068475
2021-06-14 10:10:16,709.25,27071772
2021-06-14 10:10:17,709.5,27076362
2021-06-14 10:10:18,709.2,27078905
2021-06-14 10:10:19,709.45,27082954
2021-06-14 10:10:19,709.55,27084171
2021-06-14 10:10:21,709.9,27090398
2021-06-14 10:10:21,709.65,27094443
2021-06-14 10:10:22,709.45,27100539
2021-06-14 10:10:24,709.6,27140079
2021-06-14 10:10:25,709.55,27144511
2021-06-14 10:10:26,711.0,27166116
2021-06-14 10:10:27,710.45,27178528
2021-06-14 10:10:29,710.75,27194093
2021-06-14 10:10:30,711.45,27201600
2021-06-14 10:10:31,711.35,27206707
2021-06-14 10:10:32,711.75,27216348
2021-06-14 10:10:32,711.1,27217569
2021-06-14 10:10:33,711.7,27222049
2021-06-14 10:10:34,712.55,27250207
2021-06-14 10:10:35,711.9,27256417
2021-06-14 10:10:36,711.95,27261351
2021-06-14 10:10:37,711.85,27267724
2021-06-14 10:10:39,712.45,27284799
2021-06-14 10:10:40,713.0,27293649
2021-06-14 10:10:42,712.8,27305135
2021-06-14 10:10:41,712.8,27299941
2021-06-14 10:10:43,712.75,27315747
2021-06-14 10:10:43,712.1,27323720
2021-06-14 10:10:44,712.4,27330032
2021-06-14 10:10:45,711.75,27336917
2021-06-14 10:10:46,711.8,27343397
2021-06-14 10:10:47,712.4,27356454
2021-06-14 10:10:48,713.3,27371955
2021-06-14 10:10:49,713.75,27377912
2021-06-14 10:10:52,714.8,27411538
2021-06-14 10:10:53,715.0,27431325
