timestamp,ltp,volume
2021-06-14 09:15:46,2962.55,14866
2021-06-14 09:15:49,2960.8,15006
2021-06-14 09:15:50,2960.7,15188
2021-06-14 09:15:51,2960.9,15203
2021-06-14 09:15:52,2961.45,16286
2021-06-14 09:15:54,2961.55,16909
2021-06-14 09:15:55,2961.65,17236
2021-06-14 09:15:56,2961.0,17419
2021-06-14 09:15:57,2961.95,18689
2021-06-14 09:15:58,2964.35,18868
2021-06-14 09:16:00,2964.95,19075
2021-06-14 09:16:01,2968.0,20025
2021-06-14 09:16:02,2969.9,22839
2021-06-14 09:16:03,2966.65,23566
2021-06-14 09:16:05,2963.75,24288
2021-06-14 09:16:06,2962.3,24722
2021-06-14 09:16:07,2959.15,25762
2021-06-14 09:16:07,2957.1,25813
2021-06-14 09:16:08,2950.4,27450
2021-06-14 09:16:09,2947.2,28361
2021-06-14 09:16:11,2947.05,28605
2021-06-14 09:16:12,2945.6,29065
2021-06-14 09:16:13,2942.4,30011
2021-06-14 09:16:13,2942.4,30011
2021-06-14 09:16:14,2942.85,30591
2021-06-14 09:16:15,2942.95,30938
2021-06-14 09:16:16,2943.3,31051
2021-06-14 09:16:18,2943.2,31082
2021-06-14 09:16:19,2943.2,31082
2021-06-14 09:16:20,2940.65,31580
2021-06-14 09:16:20,2943.35,31517
2021-06-14 09:16:22,2937.35,32923
2021-06-14 09:16:24,2937.25,33041
2021-06-14 09:16:25,2937.3,33119
2021-06-14 09:16:25,2937.3,33119
2021-06-14 09:16:26,2938.35,33715
2021-06-14 09:16:27,2936.25,35521
2021-06-14 09:16:29,2936.05,35663
2021-06-14 09:16:30,2936.1,35811
2021-06-14 09:16:30,2937.5,35821
2021-06-14 09:16:31,2935.0,35971
2021-06-14 09:16:32,2936.6,36216
2021-06-14 09:16:33,2936.25,36305
2021-06-14 09:16:35,2936.1,37225
2021-06-14 09:16:36,2936.1,37629
2021-06-14 09:16:36,2939.15,37679
2021-06-14 09:16:37,2938.9,37792
2021-06-14 09:16:38,2937.5,37800
2021-06-14 09:16:40,2936.9,38100
2021-06-14 09:16:41,2938.9,38101
2021-06-14 09:16:41,2938.9,38101
2021-06-14 09:16:42,2938.45,38164
2021-06-14 09:16:43,2936.6,38225
2021-06-14 09:16:45,2938.55,38440
2021-06-14 09:16:46,2938.55,38440
2021-06-14 09:16:46,2938.55,38440
2021-06-14 09:16:47,2938.5,38462
2021-06-14 09:16:48,2941.45,38789
2021-06-14 09:16:49,2940.6,38799
2021-06-14 09:16:51,2940.6,38969
2021-06-14 09:16:52,2940.8,38994
2021-06-14 09:16:52,2943.0,39024
2021-06-14 09:16:53,2942.65,39025
2021-06-14 09:16:54,2942.65,39029
2021-06-14 09:16:56,2942.65,39029
2021-06-14 09:16:57,2942.65,39032
2021-06-14 09:16:58,2942.25,39119
2021-06-14 09:16:58,2942.8,39141
2021-06-14 09:16:59,2943.3,39268
2021-06-14 09:17:00,2943.7,39501
2021-06-14 09:17:02,2944.6,39503
2021-06-14 09:17:03,2944.6,39530
2021-06-14 09:17:04,2944.6,39562
2021-06-14 09:17:05,2944.55,39692
2021-06-14 09:17:05,2944.55,39693
2021-06-14 09:17:06,2944.55,39703
2021-06-14 09:17:07,2944.55,39704
2021-06-14 09:17:09,2944.55,39706
2021-06-14 09:17:10,2943.7,39708
2021-06-14 09:17:11,2944.55,39795
2021-06-14 09:17:11,2944.55,39796
2021-06-14 09:17:12,2946.0,40105
2021-06-14 09:17:13,2946.95,40130
2021-06-14 09:17:14,2945.85,40278
2021-06-14 09:17:16,2946.05,40400
2021-06-14 09:17:17,2947.3,40406
2021-06-14 09:17:17,2947.3,40406
2021-06-14 09:17:18,2946.95,40418
2021-06-14 09:17:19,2948.2,40453
2021-06-14 09:17:21,2946.95,40484
2021-06-14 09:17:22,2946.95,40552
2021-06-14 09:17:22,2946.95,40557
2021-06-14 09:17:23,2946.95,40565
2021-06-14 09:17:24,2946.95,40565
2021-06-14 09:17:26,2945.75,40724
2021-06-14 09:17:27,2947.0,40831
2021-06-14 09:17:28,2947.55,40983
2021-06-14 09:17:28,2947.2,40984
2021-06-14 09:17:29,2945.75,41025
2021-06-14 09:17:30,2947.05,41043
2021-06-14 09:17:32,2945.75,41077
2021-06-14 09:17:33,2945.65,41329
2021-06-14 09:17:34,2945.65,41329
2021-06-14 09:17:34,2947.2,41949
2021-06-14 09:17:35,2948.0,41965
2021-06-14 09:17:36,2948.0,41965
2021-06-14 09:17:38,2946.8,42256
2021-06-14 09:17:39,2948.4,42273
2021-06-14 09:17:40,2946.85,42431
2021-06-14 09:17:40,2946.55,42439
2021-06-14 09:17:41,2947.9,42449
2021-06-14 09:17:42,2947.9,42464
2021-06-14 09:17:44,2946.7,42469
2021-06-14 09:17:45,2946.7,42469
2021-06-14 09:17:46,2946.7,42469
2021-06-14 09:17:47,2946.85,42494
2021-06-14 09:17:47,2946.85,42545
2021-06-14 09:17:48,2946.85,42750
2021-06-14 09:17:49,2946.85,42783
2021-06-14 09:17:50,2946.85,42828
2021-06-14 09:17:52,2946.85,42828
2021-06-14 09:17:53,2946.85,42828
2021-06-14 09:17:54,2948.0,42841
2021-06-14 09:17:54,2948.0,42841
2021-06-14 09:17:55,2946.95,42883
2021-06-14 09:17:57,2948.0,43020
2021-06-14 09:17:58,2946.95,43044
2021-06-14 09:17:59,2946.95,43044
2021-06-14 09:18:00,2946.95,43044
2021-06-14 09:18:01,2948.0,43084
2021-06-14 09:18:01,2948.0,43084
2021-06-14 09:18:02,2946.95,43095
2021-06-14 09:18:04,2947.95,43206
2021-06-14 09:18:05,2947.8,43641
2021-06-14 09:18:06,2946.85,43658
2021-06-14 09:18:07,2946.85,44079
2021-06-14 09:18:07,2946.85,44086
2021-06-14 09:18:08,2946.85,44270
2021-06-14 09:18:10,2946.85,44270
2021-06-14 09:18:11,2947.95,44273
2021-06-14 09:18:12,2947.95,44273
2021-06-14 09:18:13,2948.0,44283
2021-06-14 09:18:13,2948.0,44283
2021-06-14 09:18:14,2948.0,44294
2021-06-14 09:18:16,2946.85,44295
2021-06-14 09:18:17,2948.0,44296
2021-06-14 09:18:18,2945.9,45537
2021-06-14 09:18:18,2945.9,45537
2021-06-14 09:18:19,2945.0,45803
2021-06-14 09:18:20,2944.55,45831
2021-06-14 09:18:22,2944.55,45841
2021-06-14 09:18:23,2944.55,45862
2021-06-14 09:18:24,2944.65,45863
2021-06-14 09:18:25,2944.45,45868
2021-06-14 09:18:25,2944.45,45868
2021-06-14 09:18:26,2944.45,45931
2021-06-14 09:18:28,2944.45,45931
2021-06-14 09:18:29,2944.45,46174
2021-06-14 09:18:30,2945.85,47045
2021-06-14 09:18:31,2944.6,47055
2021-06-14 09:18:31,2944.6,47055
2021-06-14 09:18:32,2945.85,47078
2021-06-14 09:18:34,2945.85,47078
2021-06-14 09:18:35,2945.0,47093
2021-06-14 09:18:36,2942.8,47402
2021-06-14 09:18:37,2941.95,47456
2021-06-14 09:18:37,2940.95,47504
2021-06-14 09:18:38,2940.45,47516
2021-06-14 09:18:39,2940.45,47516
2021-06-14 09:18:41,2940.45,47516
2021-06-14 09:18:42,2942.7,47946
2021-06-14 09:18:43,2942.7,47946
2021-06-14 09:18:44,2942.9,47951
2021-06-14 09:18:44,2942.9,47951
2021-06-14 09:18:45,2944.2,47957
2021-06-14 09:18:47,2941.65,48152
2021-06-14 09:18:48,2941.05,48217
2021-06-14 09:18:49,2942.0,48219
2021-06-14 09:18:50,2942.0,48243
2021-06-14 09:18:50,2942.0,48246
2021-06-14 09:18:51,2942.0,48287
2021-06-14 09:18:53,2940.2,48305
2021-06-14 09:18:54,2940.2,48305
2021-06-14 09:18:55,2940.2,48313
2021-06-14 09:18:56,2941.8,48314
2021-06-14 09:18:56,2941.8,48314
2021-06-14 09:18:57,2940.2,48328
2021-06-14 09:18:59,2941.35,48395
2021-06-14 09:19:00,2940.2,48471
2021-06-14 09:19:01,2940.2,48471
2021-06-14 09:19:01,2940.2,48471
2021-06-14 09:19:02,2941.8,49561
2021-06-14 09:19:04,2941.3,49714
2021-06-14 09:19:05,2940.5,49753
2021-06-14 09:19:06,2941.3,49754
2021-06-14 09:19:06,2941.3,49854
2021-06-14 09:19:07,2941.2,49890
2021-06-14 09:19:09,2940.65,49896
2021-06-14 09:19:10,2940.65,49898
2021-06-14 09:19:11,2941.2,49900
2021-06-14 09:19:12,2942.3,50060
2021-06-14 09:19:12,2942.3,50060
2021-06-14 09:19:13,2942.95,50070
2021-06-14 09:19:15,2942.95,50070
2021-06-14 09:19:16,2941.3,50097
2021-06-14 09:19:17,2943.0,50297
2021-06-14 09:19:18,2943.0,50318
2021-06-14 09:19:19,2943.75,50370
2021-06-14 09:19:19,2943.75,50370
2021-06-14 09:19:20,2943.75,50370
2021-06-14 09:19:22,2943.7,50375
2021-06-14 09:19:23,2943.7,50390
2021-06-14 09:19:24,2943.7,50407
2021-06-14 09:19:25,2943.7,50407
2021-06-14 09:19:26,2943.45,50527
2021-06-14 09:19:27,2943.5,50558
2021-06-14 09:19:27,2943.5,50558
2021-06-14 09:19:28,2942.95,50626
2021-06-14 09:19:30,2941.6,50627
2021-06-14 09:19:31,2941.65,50634
2021-06-14 09:19:32,2941.8,50832
2021-06-14 09:19:33,2944.95,51036
2021-06-14 09:19:34,2942.95,51180
2021-06-14 09:19:34,2942.95,51180
2021-06-14 09:19:35,2942.95,51193
2021-06-14 09:19:38,2942.95,51193
2021-06-14 09:19:39,2943.2,51203
2021-06-14 09:19:40,2943.05,51218
2021-06-14 09:19:41,2943.2,51249
2021-06-14 09:19:41,2943.2,51249
2021-06-14 09:19:42,2944.75,51295
2021-06-14 09:19:45,2943.2,51434
2021-06-14 09:19:46,2943.7,51457
2021-06-14 09:19:46,2943.7,51465
2021-06-14 09:19:47,2943.2,51482
2021-06-14 09:19:49,2944.7,51540
2021-06-14 09:19:50,2943.2,51548
2021-06-14 09:19:51,2943.2,51564
2021-06-14 09:19:52,2943.2,51575
2021-06-14 09:19:52,2943.2,51575
2021-06-14 09:19:53,2943.2,51586
2021-06-14 09:19:55,2943.2,51586
2021-06-14 09:19:56,2943.2,51738
2021-06-14 09:19:57,2943.1,51770
2021-06-14 09:19:57,2943.35,51771
2021-06-14 09:19:58,2943.35,51907
2021-06-14 09:20:00,2943.1,52086
2021-06-14 09:20:01,2941.4,52995
2021-06-14 09:20:02,2942.65,53062
2021-06-14 09:20:02,2942.65,53062
2021-06-14 09:20:03,2941.35,53072
2021-06-14 09:20:05,2942.6,53090
2021-06-14 09:20:06,2941.15,53201
2021-06-14 09:20:07,2941.15,53301
2021-06-14 09:20:08,2941.3,53303
2021-06-14 09:20:08,2941.3,53303
2021-06-14 09:20:09,2941.1,53328
2021-06-14 09:20:11,2941.0,53406
2021-06-14 09:20:12,2941.2,53415
2021-06-14 09:20:13,2941.0,53509
2021-06-14 09:20:14,2941.1,53943
2021-06-14 09:20:15,2941.0,53982
2021-06-14 09:20:16,2941.9,54996
2021-06-14 09:20:16,2941.9,54996
2021-06-14 09:20:18,2941.9,54996
2021-06-14 09:20:19,2941.9,54996
2021-06-14 09:20:21,2943.75,55001
2021-06-14 09:20:22,2943.75,55001
2021-06-14 09:20:22,2943.75,55001
2021-06-14 09:20:23,2943.7,55002
2021-06-14 09:20:25,2943.0,55005
2021-06-14 09:20:26,2943.0,55007
2021-06-14 09:20:27,2941.9,55033
2021-06-14 09:20:28,2943.95,55135
2021-06-14 09:20:29,2942.1,55144
2021-06-14 09:20:30,2941.9,55153
2021-06-14 09:20:31,2941.9,55163
2021-06-14 09:20:32,2941.9,55254
2021-06-14 09:20:33,2943.3,55320
2021-06-14 09:20:34,2942.05,55443
2021-06-14 09:20:34,2942.05,55443
2021-06-14 09:20:36,2941.9,55546
2021-06-14 09:20:37,2941.9,55643
2021-06-14 09:20:38,2942.0,55744
2021-06-14 09:20:39,2941.9,55794
2021-06-14 09:20:39,2941.9,55794
2021-06-14 09:20:41,2942.0,55805
2021-06-14 09:20:42,2942.0,55805
2021-06-14 09:20:43,2942.0,55805
2021-06-14 09:20:45,2941.9,55825
2021-06-14 09:20:46,2942.0,55828
2021-06-14 09:20:46,2942.0,55829
2021-06-14 09:20:47,2942.0,55876
2021-06-14 09:20:49,2941.9,55879
2021-06-14 09:20:50,2942.0,55950
2021-06-14 09:20:51,2942.0,55994
2021-06-14 09:20:52,2942.0,56000
2021-06-14 09:20:53,2941.9,56078
2021-06-14 09:20:54,2942.0,56082
2021-06-14 09:20:54,2942.0,56082
2021-06-14 09:20:56,2941.9,56160
2021-06-14 09:20:57,2941.9,56160
2021-06-14 09:20:58,2943.1,56177
2021-06-14 09:20:59,2941.6,56232
2021-06-14 09:21:01,2942.0,56246
2021-06-14 09:21:03,2943.05,56257
2021-06-14 09:21:04,2941.5,56410
2021-06-14 09:21:05,2941.5,56410
2021-06-14 09:21:06,2941.3,56433
2021-06-14 09:21:06,2941.3,56433
2021-06-14 09:21:08,2941.2,56478
2021-06-14 09:21:09,2941.0,56522
2021-06-14 09:21:10,2941.0,56522
2021-06-14 09:21:11,2941.0,56522
2021-06-14 09:21:12,2940.35,56730
2021-06-14 09:21:12,2940.35,56730
2021-06-14 09:21:14,2940.9,56738
2021-06-14 09:21:15,2940.2,56788
2021-06-14 09:21:16,2940.9,56943
2021-06-14 09:21:17,2940.85,57033
2021-06-14 09:21:18,2940.9,57133
2021-06-14 09:21:19,2940.2,57233
2021-06-14 09:21:19,2940.85,57234
2021-06-14 09:21:21,2940.2,57435
2021-06-14 09:21:22,2940.85,57441
2021-06-14 09:21:23,2940.9,57618
2021-06-14 09:21:24,2940.9,57655
2021-06-14 09:21:25,2940.9,57655
2021-06-14 09:21:26,2940.9,57655
2021-06-14 09:21:27,2940.2,57660
2021-06-14 09:21:28,2940.2,57661
2021-06-14 09:21:30,2940.2,57661
2021-06-14 09:21:29,2940.2,57661
2021-06-14 09:21:31,2940.2,57661
2021-06-14 09:21:32,2940.2,57791
2021-06-14 09:21:33,2940.2,57792
2021-06-14 09:21:34,2940.85,57832
2021-06-14 09:21:35,2940.2,57943
2021-06-14 09:21:35,2940.2,57973
2021-06-14 09:21:36,2940.2,57974
2021-06-14 09:21:38,2940.9,58023
2021-06-14 09:21:39,2940.9,58023
2021-06-14 09:21:40,2940.2,58028
2021-06-14 09:21:41,2940.9,58030
2021-06-14 09:21:42,2940.9,58037
2021-06-14 09:21:43,2941.3,58038
2021-06-14 09:21:43,2941.3,58038
2021-06-14 09:21:46,2941.3,58204
2021-06-14 09:21:47,2941.3,58204
2021-06-14 09:21:49,2940.8,58307
2021-06-14 09:21:50,2940.8,58309
2021-06-14 09:21:51,2940.8,58309
2021-06-14 09:21:51,2940.8,58309
2021-06-14 09:21:52,2940.8,58309
2021-06-14 09:21:55,2940.8,58481
2021-06-14 09:21:56,2940.8,58681
2021-06-14 09:21:57,2941.25,58682
2021-06-14 09:21:57,2941.25,58682
2021-06-14 09:21:59,2941.25,58682
2021-06-14 09:22:00,2941.25,58682
2021-06-14 09:22:01,2941.25,58682
2021-06-14 09:22:02,2941.25,58682
2021-06-14 09:22:03,2940.8,58781
2021-06-14 09:22:03,2940.8,58781
2021-06-14 09:22:05,2940.4,58801
2021-06-14 09:22:06,2940.35,58888
2021-06-14 09:22:07,2940.2,58991
2021-06-14 09:22:08,2940.75,58996
2021-06-14 09:22:09,2940.4,59001
2021-06-14 09:22:10,2940.4,59006
2021-06-14 09:22:11,2940.2,59106
2021-06-14 09:22:12,2940.2,59109
2021-06-14 09:22:13,2940.2,59119
2021-06-14 09:22:14,2940.2,59169
2021-06-14 09:22:15,2940.2,59169
2021-06-14 09:22:16,2940.2,59169
2021-06-14 09:22:17,2940.2,59169
2021-06-14 09:22:18,2940.2,59169
2021-06-14 09:22:19,2940.2,59179
2021-06-14 09:22:20,2940.2,59179
2021-06-14 09:22:21,2940.2,59179
2021-06-14 09:22:22,2940.25,59183
2021-06-14 09:22:24,2940.2,59202
2021-06-14 09:22:25,2940.2,59277
2021-06-14 09:22:26,2940.2,59283
2021-06-14 09:22:27,2940.2,59283
2021-06-14 09:22:28,2940.2,59283
2021-06-14 09:22:29,2940.25,59285
2021-06-14 09:22:30,2940.25,59294
2021-06-14 09:22:31,2940.25,59294
2021-06-14 09:22:32,2940.25,59439
2021-06-14 09:22:33,2940.2,59554
2021-06-14 09:22:34,2940.2,59554
2021-06-14 09:22:35,2940.2,59632
2021-06-14 09:22:36,2940.2,59634
2021-06-14 09:22:37,2940.2,59634
2021-06-14 09:22:38,2940.1,59707
2021-06-14 09:22:39,2940.2,59714
2021-06-14 09:22:40,2940.2,59730
2021-06-14 09:22:41,2938.95,60586
2021-06-14 09:22:43,2938.0,60655
2021-06-14 09:22:44,2938.0,60741
2021-06-14 09:22:45,2937.65,60869
2021-06-14 09:22:46,2938.75,61181
2021-06-14 09:22:47,2937.0,61271
2021-06-14 09:22:48,2938.7,61396
2021-06-14 09:22:50,2937.0,61419
2021-06-14 09:22:51,2938.35,61420
2021-06-14 09:22:52,2938.0,61422
2021-06-14 09:22:53,2938.0,61422
2021-06-14 09:22:56,2937.1,61474
2021-06-14 09:22:57,2938.0,61508
2021-06-14 09:22:58,2938.0,61508
2021-06-14 09:22:59,2937.1,61609
2021-06-14 09:23:00,2938.0,61671
2021-06-14 09:23:01,2937.1,61683
2021-06-14 09:23:02,2938.0,61731
2021-06-14 09:23:04,2942.9,63019
2021-06-14 09:23:05,2942.9,63019
2021-06-14 09:23:07,2941.2,63029
2021-06-14 09:23:09,2941.2,63046
2021-06-14 09:23:10,2941.2,63047
2021-06-14 09:23:12,2942.15,63070
2021-06-14 09:23:13,2942.15,63070
2021-06-14 09:23:14,2942.15,63070
2021-06-14 09:23:15,2941.2,63086
2021-06-14 09:23:16,2940.6,63184
2021-06-14 09:23:17,2940.55,63259
2021-06-14 09:23:18,2940.55,63259
2021-06-14 09:23:19,2941.15,63304
2021-06-14 09:23:20,2939.7,63504
2021-06-14 09:23:21,2939.7,63534
2021-06-14 09:23:22,2941.15,63536
2021-06-14 09:23:23,2941.15,63536
2021-06-14 09:23:24,2940.15,63538
2021-06-14 09:23:25,2940.15,63538
2021-06-14 09:23:26,2938.95,63546
2021-06-14 09:23:27,2940.15,63547
2021-06-14 09:23:28,2940.15,63568
2021-06-14 09:23:30,2940.15,63568
2021-06-14 09:23:32,2940.15,63568
2021-06-14 09:23:31,2940.15,63568
2021-06-14 09:23:33,2940.15,63569
2021-06-14 09:23:34,2940.15,63569
2021-06-14 09:23:35,2938.8,63683
2021-06-14 09:23:36,2938.8,63683
2021-06-14 09:23:37,2938.8,63683
2021-06-14 09:23:38,2938.8,63683
2021-06-14 09:23:39,2939.5,63719
2021-06-14 09:23:40,2939.5,63719
2021-06-14 09:23:41,2938.85,63819
2021-06-14 09:23:42,2939.5,63859
2021-06-14 09:23:43,2938.8,63882
2021-06-14 09:23:44,2938.8,63882
2021-06-14 09:23:45,2938.8,63882
2021-06-14 09:23:46,2939.5,63897
2021-06-14 09:23:47,2938.8,63898
2021-06-14 09:23:48,2938.8,63898
2021-06-14 09:23:49,2938.8,63998
2021-06-14 09:23:50,2938.8,64241
2021-06-14 09:23:51,2939.05,64263
2021-06-14 09:23:52,2938.8,64275
2021-06-14 09:23:53,2938.8,64275
2021-06-14 09:23:54,2938.8,64295
2021-06-14 09:23:55,2938.8,64451
2021-06-14 09:23:56,2938.8,64451
2021-06-14 09:23:57,2938.8,64507
2021-06-14 09:23:58,2938.8,64507
2021-06-14 09:23:59,2938.8,64507
2021-06-14 09:24:00,2938.8,64562
2021-06-14 09:24:01,2939.0,64612
2021-06-14 09:24:02,2939.0,64612
2021-06-14 09:24:03,2937.4,64841
2021-06-14 09:24:04,2938.75,64850
2021-06-14 09:24:05,2937.75,64980
2021-06-14 09:24:06,2938.1,64987
2021-06-14 09:24:07,2938.1,64996
2021-06-14 09:24:08,2938.1,64996
2021-06-14 09:24:10,2938.1,65118
2021-06-14 09:24:11,2938.75,65510
2021-06-14 09:24:12,2938.75,65510
2021-06-14 09:24:13,2938.8,65511
2021-06-14 09:24:14,2937.55,65512
2021-06-14 09:24:15,2938.8,65514
2021-06-14 09:24:16,2937.55,65516
2021-06-14 09:24:17,2937.55,65523
2021-06-14 09:24:18,2938.45,65572
2021-06-14 09:24:19,2936.95,65704
2021-06-14 09:24:20,2938.35,65705
2021-06-14 09:24:21,2938.3,65706
2021-06-14 09:24:22,2936.9,65708
2021-06-14 09:24:23,2937.05,65713
2021-06-14 09:24:24,2938.1,65715
2021-06-14 09:24:25,2938.3,65732
2021-06-14 09:24:26,2938.3,65739
2021-06-14 09:24:27,2938.3,65739
2021-06-14 09:24:28,2938.3,65742
2021-06-14 09:24:29,2938.3,65742
2021-06-14 09:24:30,2938.5,65768
2021-06-14 09:24:31,2936.95,65775
2021-06-14 09:24:32,2938.45,65786
2021-06-14 09:24:33,2936.9,65806
2021-06-14 09:24:34,2938.5,65879
2021-06-14 09:24:35,2938.5,65879
2021-06-14 09:24:36,2938.5,65879
2021-06-14 09:24:37,2938.15,65880
2021-06-14 09:24:38,2938.15,65880
2021-06-14 09:24:39,2937.0,65900
2021-06-14 09:24:40,2937.0,65950
2021-06-14 09:24:41,2937.0,65951
2021-06-14 09:24:42,2937.0,65951
2021-06-14 09:24:43,2937.0,65951
2021-06-14 09:24:44,2937.0,65951
2021-06-14 09:24:45,2937.0,65955
2021-06-14 09:24:46,2937.95,65963
2021-06-14 09:24:47,2938.0,65981
2021-06-14 09:24:48,2936.05,66880
2021-06-14 09:24:49,2936.05,67020
2021-06-14 09:24:50,2936.05,67020
2021-06-14 09:24:51,2936.25,67028
2021-06-14 09:24:52,2936.25,67036
2021-06-14 09:24:53,2936.25,67038
2021-06-14 09:24:55,2936.25,67059
2021-06-14 09:24:57,2936.05,67084
2021-06-14 09:24:58,2936.05,67084
2021-06-14 09:24:59,2936.2,67092
2021-06-14 09:25:00,2936.2,67092
2021-06-14 09:25:01,2936.0,67127
2021-06-14 09:25:02,2936.0,67175
2021-06-14 09:25:03,2936.0,67203
2021-06-14 09:25:04,2936.0,67221
2021-06-14 09:25:05,2936.0,67242
2021-06-14 09:25:06,2935.0,67528
2021-06-14 09:25:07,2935.95,67538
2021-06-14 09:25:09,2934.8,67705
2021-06-14 09:25:10,2934.0,67736
2021-06-14 09:25:11,2933.9,67746
2021-06-14 09:25:12,2933.65,67821
2021-06-14 09:25:13,2933.55,67829
2021-06-14 09:25:14,2932.2,67834
2021-06-14 09:25:15,2932.2,67834
2021-06-14 09:25:16,2932.15,67837
2021-06-14 09:25:17,2932.15,67837
2021-06-14 09:25:18,2932.0,67839
2021-06-14 09:25:20,2932.0,67839
2021-06-14 09:25:20,2933.0,67939
2021-06-14 09:25:21,2933.0,67939
2021-06-14 09:25:22,2933.0,67939
2021-06-14 09:25:23,2932.0,68039
2021-06-14 09:25:24,2932.0,68060
2021-06-14 09:25:26,2932.0,68098
2021-06-14 09:25:27,2932.1,68121
2021-06-14 09:25:28,2932.1,68121
2021-06-14 09:25:29,2932.1,68321
2021-06-14 09:25:30,2932.0,68474
2021-06-14 09:25:31,2932.0,68519
2021-06-14 09:25:32,2932.1,68635
2021-06-14 09:25:33,2932.1,68657
2021-06-14 09:25:34,2931.4,68679
2021-06-14 09:25:36,2930.0,68999
2021-06-14 09:25:36,2931.3,69108
2021-06-14 09:25:37,2931.3,69109
2021-06-14 09:25:38,2930.0,69563
2021-06-14 09:25:39,2928.85,69649
2021-06-14 09:25:40,2928.95,69777
2021-06-14 09:25:41,2927.05,69962
2021-06-14 09:25:42,2927.1,70066
2021-06-14 09:25:43,2928.45,70166
2021-06-14 09:25:44,2928.4,70281
2021-06-14 09:25:45,2928.3,70282
2021-06-14 09:25:46,2927.0,70412
2021-06-14 09:25:47,2928.3,70857
2021-06-14 09:25:48,2929.0,70988
2021-06-14 09:25:49,2927.25,70995
2021-06-14 09:25:50,2927.15,70997
2021-06-14 09:25:51,2928.3,71066
2021-06-14 09:25:52,2928.2,71191
2021-06-14 09:25:53,2928.0,71199
2021-06-14 09:25:54,2928.75,71224
2021-06-14 09:25:55,2927.0,71310
2021-06-14 09:25:56,2928.55,71326
2021-06-14 09:25:57,2928.55,71349
2021-06-14 09:25:58,2928.5,71359
2021-06-14 09:25:59,2927.1,71368
2021-06-14 09:26:00,2928.55,71547
2021-06-14 09:26:01,2927.4,71549
2021-06-14 09:26:03,2927.0,71567
2021-06-14 09:26:04,2928.5,71621
2021-06-14 09:26:06,2928.3,71626
2021-06-14 09:26:07,2928.3,71626
2021-06-14 09:26:08,2928.3,71626
2021-06-14 09:26:08,2927.0,71717
2021-06-14 09:26:09,2927.0,71717
2021-06-14 09:26:10,2928.3,71837
2021-06-14 09:26:11,2927.0,71937
2021-06-14 09:26:12,2927.6,71938
2021-06-14 09:26:13,2927.65,71991
2021-06-14 09:26:14,2927.0,72103
2021-06-14 09:26:15,2927.7,72190
2021-06-14 09:26:16,2927.0,72192
2021-06-14 09:26:17,2929.0,72302
2021-06-14 09:26:18,2927.8,72362
2021-06-14 09:26:19,2929.8,72439
2021-06-14 09:26:20,2929.8,72439
2021-06-14 09:26:21,2928.0,72459
2021-06-14 09:26:23,2928.75,72491
2021-06-14 09:26:24,2928.75,72514
2021-06-14 09:26:25,2929.0,72529
2021-06-14 09:26:26,2928.7,72559
2021-06-14 09:26:27,2929.0,72567
2021-06-14 09:26:29,2929.7,72621
2021-06-14 09:26:30,2928.95,72659
2021-06-14 09:26:31,2930.0,72672
2021-06-14 09:26:32,2930.0,72674
2021-06-14 09:26:33,2928.45,72680
2021-06-14 09:26:34,2928.5,72683
2021-06-14 09:26:35,2929.95,72715
2021-06-14 09:26:36,2929.95,72715
2021-06-14 09:26:37,2928.75,72717
2021-06-14 09:26:38,2929.95,72740
2021-06-14 09:26:39,2929.95,72758
2021-06-14 09:26:40,2929.95,72768
2021-06-14 09:26:41,2930.0,72784
2021-06-14 09:26:42,2930.0,72784
2021-06-14 09:26:44,2930.0,72809
2021-06-14 09:26:45,2930.0,72809
2021-06-14 09:26:46,2930.0,72818
2021-06-14 09:26:47,2930.0,72818
2021-06-14 09:26:48,2929.0,72941
2021-06-14 09:26:49,2929.65,72959
2021-06-14 09:26:50,2930.45,73088
2021-06-14 09:26:51,2930.4,73108
2021-06-14 09:26:52,2929.2,73118
2021-06-14 09:26:53,2930.25,73119
2021-06-14 09:26:54,2930.25,73120
2021-06-14 09:26:55,2930.0,73121
2021-06-14 09:26:56,2929.5,73583
2021-06-14 09:26:57,2929.5,73583
2021-06-14 09:26:58,2929.95,73591
2021-06-14 09:26:59,2929.6,73801
2021-06-14 09:27:00,2931.1,73802
2021-06-14 09:27:02,2929.85,73827
2021-06-14 09:27:03,2929.85,73827
2021-06-14 09:27:04,2931.0,73847
2021-06-14 09:27:05,2931.0,73847
2021-06-14 09:27:07,2931.25,73953
2021-06-14 09:27:08,2929.95,73961
2021-06-14 09:27:09,2931.25,73976
2021-06-14 09:27:11,2931.25,74087
2021-06-14 09:27:12,2930.9,74117
2021-06-14 09:27:13,2932.15,74130
2021-06-14 09:27:14,2930.5,74155
2021-06-14 09:27:15,2931.9,74157
2021-06-14 09:27:16,2930.5,74158
2021-06-14 09:27:17,2930.5,74158
2021-06-14 09:27:18,2930.9,74166
2021-06-14 09:27:19,2932.2,74181
2021-06-14 09:27:19,2932.2,74181
2021-06-14 09:27:20,2932.2,74181
2021-06-14 09:27:22,2932.2,74181
2021-06-14 09:27:23,2932.2,74181
2021-06-14 09:27:24,2932.2,74181
2021-06-14 09:27:25,2932.2,74181
2021-06-14 09:27:26,2932.2,74181
2021-06-14 09:27:27,2930.8,74242
2021-06-14 09:27:28,2931.55,74250
2021-06-14 09:27:29,2931.55,74327
2021-06-14 09:27:30,2931.55,74327
2021-06-14 09:27:31,2931.55,74327
2021-06-14 09:27:32,2930.3,74757
2021-06-14 09:27:33,2930.3,74757
2021-06-14 09:27:34,2930.0,74862
2021-06-14 09:27:35,2929.95,74913
2021-06-14 09:27:36,2929.6,74943
2021-06-14 09:27:37,2929.6,74943
2021-06-14 09:27:38,2929.6,74952
2021-06-14 09:27:39,2930.3,74965
2021-06-14 09:27:40,2929.9,74996
2021-06-14 09:27:41,2929.9,74996
2021-06-14 09:27:42,2929.85,75020
2021-06-14 09:27:43,2929.0,75021
2021-06-14 09:27:44,2929.8,75026
2021-06-14 09:27:45,2929.75,75039
2021-06-14 09:27:46,2929.0,75044
2021-06-14 09:27:47,2929.0,75044
2021-06-14 09:27:48,2929.0,75052
2021-06-14 09:27:50,2929.0,75086
2021-06-14 09:27:49,2929.5,75070
2021-06-14 09:27:51,2928.0,75253
2021-06-14 09:27:52,2928.3,75258
2021-06-14 09:27:53,2928.6,75358
2021-06-14 09:27:54,2928.6,75360
2021-06-14 09:27:55,2928.6,75409
2021-06-14 09:27:56,2928.6,75409
2021-06-14 09:27:57,2928.0,75414
2021-06-14 09:27:58,2928.0,75453
2021-06-14 09:27:59,2928.0,75453
2021-06-14 09:28:00,2926.7,75948
2021-06-14 09:28:01,2925.05,76285
2021-06-14 09:28:02,2926.85,76311
2021-06-14 09:28:04,2926.85,76349
2021-06-14 09:28:06,2926.85,76349
2021-06-14 09:28:07,2926.15,76352
2021-06-14 09:28:08,2925.6,76355
2021-06-14 09:28:09,2925.6,76355
2021-06-14 09:28:10,2925.05,76377
2021-06-14 09:28:11,2925.5,76492
2021-06-14 09:28:12,2925.5,76492
2021-06-14 09:28:13,2925.5,76493
2021-06-14 09:28:14,2926.3,76494
2021-06-14 09:28:14,2926.0,76495
2021-06-14 09:28:16,2926.8,76522
2021-06-14 09:28:17,2926.45,76524
2021-06-14 09:28:18,2926.4,76586
2021-06-14 09:28:19,2926.4,76588
2021-06-14 09:28:20,2926.4,76588
2021-06-14 09:28:21,2926.4,76613
2021-06-14 09:28:22,2926.4,76613
2021-06-14 09:28:23,2926.8,76633
2021-06-14 09:28:24,2925.0,77185
2021-06-14 09:28:25,2924.75,77187
2021-06-14 09:28:26,2924.75,77187
2021-06-14 09:28:27,2922.5,77670
2021-06-14 09:28:28,2923.1,77932
2021-06-14 09:28:29,2923.2,77978
2021-06-14 09:28:30,2921.5,77998
2021-06-14 09:28:31,2922.6,78063
2021-06-14 09:28:32,2921.3,78095
2021-06-14 09:28:33,2921.4,78272
2021-06-14 09:28:34,2921.1,78342
2021-06-14 09:28:35,2922.0,78455
2021-06-14 09:28:36,2922.0,78455
2021-06-14 09:28:37,2922.8,78462
2021-06-14 09:28:38,2921.95,78470
2021-06-14 09:28:39,2921.95,78470
2021-06-14 09:28:40,2922.0,78471
2021-06-14 09:28:41,2922.0,78471
2021-06-14 09:28:42,2921.95,78491
2021-06-14 09:28:43,2921.85,78512
2021-06-14 09:28:45,2922.7,78514
2021-06-14 09:28:45,2922.7,78514
2021-06-14 09:28:48,2922.7,78514
2021-06-14 09:28:49,2922.0,78532
2021-06-14 09:28:50,2922.0,78570
2021-06-14 09:28:51,2922.0,78575
2021-06-14 09:28:51,2922.7,78578
2021-06-14 09:28:52,2922.7,78608
2021-06-14 09:28:54,2922.0,78643
2021-06-14 09:28:54,2922.0,78683
2021-06-14 09:28:56,2922.0,78684
2021-06-14 09:28:56,2922.0,78684
2021-06-14 09:28:58,2921.85,80300
2021-06-14 09:28:59,2921.85,80300
2021-06-14 09:29:00,2922.75,81337
2021-06-14 09:29:00,2922.75,81337
2021-06-14 09:29:02,2921.95,81350
2021-06-14 09:29:03,2922.5,81352
2021-06-14 09:29:04,2922.5,81353
2021-06-14 09:29:05,2921.15,81401
2021-06-14 09:29:06,2921.15,81401
2021-06-14 09:29:07,2921.15,81482
2021-06-14 09:29:09,2922.25,81505
2021-06-14 09:29:11,2921.15,81511
2021-06-14 09:29:11,2921.15,81612
2021-06-14 09:29:12,2922.25,81613
2021-06-14 09:29:13,2921.4,81724
2021-06-14 09:29:14,2922.45,81725
2021-06-14 09:29:16,2921.4,81736
2021-06-14 09:29:16,2921.4,81736
2021-06-14 09:29:18,2921.4,81744
2021-06-14 09:29:19,2921.2,81769
2021-06-14 09:29:20,2921.2,81769
2021-06-14 09:29:21,2922.0,81775
2021-06-14 09:29:22,2922.0,81775
2021-06-14 09:29:24,2922.5,81794
2021-06-14 09:29:25,2922.5,81797
2021-06-14 09:29:25,2921.6,81897
2021-06-14 09:29:26,2923.6,81947
2021-06-14 09:29:27,2921.7,81952
2021-06-14 09:29:29,2922.0,81960
2021-06-14 09:29:30,2923.4,82010
2021-06-14 09:29:30,2922.0,82011
2021-06-14 09:29:31,2923.35,82044
2021-06-14 09:29:33,2923.65,82054
2021-06-14 09:29:34,2922.6,82055
2021-06-14 09:29:35,2923.65,82093
2021-06-14 09:29:38,2923.6,82197
2021-06-14 09:29:39,2924.95,82199
2021-06-14 09:29:41,2923.2,82208
2021-06-14 09:29:42,2924.95,82219
2021-06-14 09:29:43,2924.95,82229
2021-06-14 09:29:44,2924.95,82229
2021-06-14 09:29:45,2924.65,82241
2021-06-14 09:29:46,2924.65,82241
2021-06-14 09:29:47,2924.4,82312
2021-06-14 09:29:48,2923.0,82338
2021-06-14 09:29:49,2923.0,82338
2021-06-14 09:29:51,2923.0,82356
2021-06-14 09:29:50,2923.0,82340
2021-06-14 09:29:51,2923.35,82357
2021-06-14 09:29:52,2925.1,82397
2021-06-14 09:29:53,2925.1,82397
2021-06-14 09:29:54,2925.1,82397
2021-06-14 09:29:55,2925.05,82399
2021-06-14 09:29:56,2923.25,82419
2021-06-14 09:29:57,2923.25,82419
2021-06-14 09:29:58,2923.5,82450
2021-06-14 09:30:00,2924.65,82456
2021-06-14 09:30:01,2924.7,82468
2021-06-14 09:30:02,2922.45,84405
2021-06-14 09:30:03,2922.45,84411
2021-06-14 09:30:04,2922.0,84421
2021-06-14 09:30:05,2922.25,84423
2021-06-14 09:30:06,2922.4,84450
2021-06-14 09:30:07,2922.4,84452
2021-06-14 09:30:08,2921.35,84460
2021-06-14 09:30:09,2922.4,84504
2021-06-14 09:30:10,2921.4,84544
2021-06-14 09:30:11,2921.4,84792
2021-06-14 09:30:11,2921.4,84792
2021-06-14 09:30:12,2921.4,84908
2021-06-14 09:30:13,2921.35,84933
2021-06-14 09:30:14,2923.85,85092
2021-06-14 09:30:16,2923.9,85138
2021-06-14 09:30:17,2922.4,85141
2021-06-14 09:30:17,2922.4,85141
2021-06-14 09:30:18,2923.4,85268
2021-06-14 09:30:20,2923.5,85293
2021-06-14 09:30:20,2923.0,85294
2021-06-14 09:30:21,2923.0,85495
2021-06-14 09:30:23,2923.0,85501
2021-06-14 09:30:23,2923.0,85501
2021-06-14 09:30:26,2922.9,85559
2021-06-14 09:30:27,2922.05,85566
2021-06-14 09:30:30,2922.9,85655
2021-06-14 09:30:30,2922.9,85655
2021-06-14 09:30:31,2922.9,85655
2021-06-14 09:30:32,2921.4,85656
2021-06-14 09:30:33,2921.4,85678
2021-06-14 09:30:34,2921.4,85678
2021-06-14 09:30:35,2922.0,85682
2021-06-14 09:30:36,2922.0,85684
2021-06-14 09:30:37,2921.55,85705
2021-06-14 09:30:38,2921.55,85713
2021-06-14 09:30:39,2920.75,86013
2021-06-14 09:30:40,2920.6,86037
2021-06-14 09:30:41,2921.6,86045
2021-06-14 09:30:42,2920.1,86098
2021-06-14 09:30:43,2920.1,86139
2021-06-14 09:30:44,2920.05,86165
2021-06-14 09:30:45,2920.1,86166
2021-06-14 09:30:46,2920.95,86201
2021-06-14 09:30:47,2922.95,86328
2021-06-14 09:30:49,2922.95,86369
2021-06-14 09:30:50,2920.85,86419
2021-06-14 09:30:51,2920.95,86425
2021-06-14 09:30:52,2920.95,86425
2021-06-14 09:30:53,2921.4,86426
2021-06-14 09:30:54,2921.4,86427
2021-06-14 09:30:55,2921.4,87085
2021-06-14 09:30:56,2921.4,87095
2021-06-14 09:30:57,2920.1,87105
2021-06-14 09:30:58,2920.05,87123
2021-06-14 09:30:58,2920.05,87123
2021-06-14 09:30:59,2921.4,87243
2021-06-14 09:31:00,2920.5,87261
2021-06-14 09:31:01,2921.35,87262
2021-06-14 09:31:02,2921.35,87262
2021-06-14 09:31:03,2921.35,87263
2021-06-14 09:31:04,2920.5,87272
2021-06-14 09:31:05,2920.5,87291
2021-06-14 09:31:06,2921.4,87344
2021-06-14 09:31:07,2920.95,87385
2021-06-14 09:31:08,2920.0,87414
2021-06-14 09:31:10,2920.2,87424
2021-06-14 09:31:11,2920.2,87424
2021-06-14 09:31:12,2920.95,87442
2021-06-14 09:31:13,2920.85,87453
2021-06-14 09:31:16,2921.4,87463
2021-06-14 09:31:16,2921.45,87531
2021-06-14 09:31:17,2920.5,87540
2021-06-14 09:31:18,2920.5,87566
2021-06-14 09:31:19,2920.0,87588
2021-06-14 09:31:20,2919.85,88467
2021-06-14 09:31:21,2920.35,88488
2021-06-14 09:31:23,2920.5,88742
2021-06-14 09:31:24,2920.55,88924
2021-06-14 09:31:25,2919.0,88953
2021-06-14 09:31:26,2919.8,88959
2021-06-14 09:31:27,2919.0,88986
2021-06-14 09:31:28,2919.05,88994
2021-06-14 09:31:29,2918.15,89003
2021-06-14 09:31:30,2917.75,89125
2021-06-14 09:31:31,2917.75,89304
2021-06-14 09:31:32,2917.7,89306
2021-06-14 09:31:33,2917.2,89368
2021-06-14 09:31:34,2917.2,89414
2021-06-14 09:31:35,2919.2,89677
2021-06-14 09:31:37,2917.5,89750
2021-06-14 09:31:38,2917.75,89826
2021-06-14 09:31:39,2917.75,89831
2021-06-14 09:31:40,2917.25,89832
2021-06-14 09:31:41,2917.5,89917
2021-06-14 09:31:42,2917.5,89947
2021-06-14 09:31:43,2917.55,89953
2021-06-14 09:31:44,2918.25,90165
2021-06-14 09:31:46,2917.0,90168
2021-06-14 09:31:47,2917.7,90337
2021-06-14 09:31:48,2917.7,90342
2021-06-14 09:31:49,2917.6,90348
2021-06-14 09:31:50,2918.25,90349
2021-06-14 09:31:51,2917.55,90358
2021-06-14 09:31:52,2918.25,90360
2021-06-14 09:31:53,2917.8,90364
2021-06-14 09:31:54,2917.8,90364
2021-06-14 09:31:55,2917.8,90364
2021-06-14 09:31:56,2917.8,90364
2021-06-14 09:31:57,2917.8,90364
2021-06-14 09:31:58,2919.0,90381
2021-06-14 09:31:59,2919.0,90541
2021-06-14 09:32:00,2918.05,90543
2021-06-14 09:32:01,2918.0,90551
2021-06-14 09:32:02,2919.0,90567
2021-06-14 09:32:03,2919.0,90587
2021-06-14 09:32:04,2918.0,90603
2021-06-14 09:32:05,2918.05,90714
2021-06-14 09:32:06,2919.0,90736
2021-06-14 09:32:07,2919.0,90737
2021-06-14 09:32:08,2919.0,90748
2021-06-14 09:32:09,2919.0,90748
2021-06-14 09:32:10,2919.65,90792
2021-06-14 09:32:12,2921.35,90850
2021-06-14 09:32:13,2919.7,90855
2021-06-14 09:32:14,2919.0,91409
2021-06-14 09:32:15,2919.0,91417
2021-06-14 09:32:16,2919.0,91417
2021-06-14 09:32:17,2919.0,91417
2021-06-14 09:32:19,2920.0,91675
2021-06-14 09:32:20,2920.0,91675
2021-06-14 09:32:21,2920.0,91676
2021-06-14 09:32:22,2920.0,91676
2021-06-14 09:32:23,2920.0,91692
2021-06-14 09:32:24,2920.0,91715
2021-06-14 09:32:25,2918.55,91865
2021-06-14 09:32:26,2919.55,91877
2021-06-14 09:32:27,2919.55,91908
2021-06-14 09:32:28,2920.75,91942
2021-06-14 09:32:29,2920.75,91942
2021-06-14 09:32:29,2920.75,91942
2021-06-14 09:32:30,2920.75,91942
2021-06-14 09:32:31,2920.75,91942
2021-06-14 09:32:32,2920.65,91972
2021-06-14 09:32:33,2920.65,91973
2021-06-14 09:32:34,2920.65,92011
2021-06-14 09:32:35,2920.65,92011
2021-06-14 09:32:36,2920.65,92018
2021-06-14 09:32:37,2920.65,92018
2021-06-14 09:32:38,2920.65,92042
2021-06-14 09:32:40,2921.3,92080
2021-06-14 09:32:40,2921.25,92090
2021-06-14 09:32:41,2921.25,92090
2021-06-14 09:32:42,2922.35,92145
2021-06-14 09:32:43,2920.95,92149
2021-06-14 09:32:44,2922.25,92187
2021-06-14 09:32:46,2921.5,92206
2021-06-14 09:32:47,2921.3,92224
2021-06-14 09:32:48,2921.0,92238
2021-06-14 09:32:49,2922.0,92256
2021-06-14 09:32:50,2922.0,92263
2021-06-14 09:32:51,2922.0,92268
2021-06-14 09:32:52,2922.0,92368
2021-06-14 09:32:53,2922.0,92368
2021-06-14 09:32:54,2922.0,92368
2021-06-14 09:32:55,2922.0,92368
2021-06-14 09:32:56,2922.0,92368
2021-06-14 09:32:57,2922.0,92368
2021-06-14 09:32:58,2921.75,92392
2021-06-14 09:32:59,2921.75,92392
2021-06-14 09:33:00,2922.05,92409
2021-06-14 09:33:01,2924.1,92535
2021-06-14 09:33:02,2923.0,92547
2021-06-14 09:33:03,2923.85,92551
2021-06-14 09:33:04,2924.1,92552
2021-06-14 09:33:05,2924.1,92595
2021-06-14 09:33:06,2922.65,92626
2021-06-14 09:33:07,2922.65,92626
2021-06-14 09:33:08,2922.85,92659
2021-06-14 09:33:09,2922.85,92659
2021-06-14 09:33:10,2922.85,92664
2021-06-14 09:33:11,2924.5,92691
2021-06-14 09:33:13,2924.5,92889
2021-06-14 09:33:14,2924.9,92892
2021-06-14 09:33:15,2924.9,92892
2021-06-14 09:33:16,2926.0,93040
2021-06-14 09:33:17,2926.55,93092
2021-06-14 09:33:18,2925.45,93100
2021-06-14 09:33:19,2925.45,93100
2021-06-14 09:33:21,2926.85,93121
2021-06-14 09:33:22,2925.2,93222
2021-06-14 09:33:23,2926.15,93372
2021-06-14 09:33:24,2926.15,93372
2021-06-14 09:33:25,2927.65,93707
2021-06-14 09:33:26,2927.75,93812
2021-06-14 09:33:27,2926.0,93816
2021-06-14 09:33:28,2924.05,93924
2021-06-14 09:33:29,2923.95,94121
2021-06-14 09:33:30,2923.8,94362
2021-06-14 09:33:31,2923.8,94394
2021-06-14 09:33:32,2924.0,94398
2021-06-14 09:33:33,2922.25,94448
2021-06-14 09:33:34,2923.1,94578
2021-06-14 09:33:35,2923.25,94584
2021-06-14 09:33:36,2923.25,94584
2021-06-14 09:33:37,2922.0,94594
2021-06-14 09:33:38,2921.65,94602
2021-06-14 09:33:39,2922.45,94612
2021-06-14 09:33:40,2922.45,94612
2021-06-14 09:33:41,2922.45,94681
2021-06-14 09:33:42,2923.1,94806
2021-06-14 09:33:43,2921.9,94828
2021-06-14 09:33:44,2923.0,94853
2021-06-14 09:33:46,2923.1,94854
2021-06-14 09:33:47,2922.0,94869
2021-06-14 09:33:48,2922.0,94877
2021-06-14 09:33:49,2922.85,94946
2021-06-14 09:33:50,2922.0,94948
2021-06-14 09:33:51,2922.0,94948
2021-06-14 09:33:53,2922.0,94948
2021-06-14 09:33:54,2922.8,94982
2021-06-14 09:33:55,2924.35,95042
2021-06-14 09:33:56,2924.35,95042
2021-06-14 09:33:57,2925.5,95051
2021-06-14 09:33:58,2924.2,95071
2021-06-14 09:33:59,2925.2,95178
2021-06-14 09:34:00,2925.25,95192
2021-06-14 09:34:01,2924.45,95208
2021-06-14 09:34:02,2925.0,95223
2021-06-14 09:34:03,2924.15,95237
2021-06-14 09:34:04,2924.0,95244
2021-06-14 09:34:05,2923.95,95310
2021-06-14 09:34:06,2923.2,95417
2021-06-14 09:34:08,2923.15,95454
2021-06-14 09:34:09,2924.25,95478
2021-06-14 09:34:10,2924.85,95492
2021-06-14 09:34:11,2923.0,95674
2021-06-14 09:34:13,2923.95,95684
2021-06-14 09:34:14,2923.0,96696
2021-06-14 09:34:15,2922.85,96747
2021-06-14 09:34:16,2922.85,96747
2021-06-14 09:34:17,2922.85,96747
2021-06-14 09:34:18,2921.0,96850
2021-06-14 09:34:19,2921.8,96900
2021-06-14 09:34:20,2921.8,96900
2021-06-14 09:34:21,2921.8,96902
2021-06-14 09:34:22,2921.8,96902
2021-06-14 09:34:23,2921.8,96902
2021-06-14 09:34:24,2921.8,96902
2021-06-14 09:34:25,2921.8,97009
2021-06-14 09:34:27,2921.15,97015
2021-06-14 09:34:28,2921.0,97155
2021-06-14 09:34:29,2921.35,97334
2021-06-14 09:34:30,2921.35,97334
2021-06-14 09:34:31,2921.15,97336
2021-06-14 09:34:32,2921.15,97336
2021-06-14 09:34:33,2921.15,97336
2021-06-14 09:34:34,2921.4,97337
2021-06-14 09:34:35,2921.4,97365
2021-06-14 09:34:36,2921.4,97373
2021-06-14 09:34:37,2921.4,97379
2021-06-14 09:34:38,2921.4,97401
2021-06-14 09:34:39,2922.05,97411
2021-06-14 09:34:40,2922.4,97419
2021-06-14 09:34:41,2922.4,97419
2021-06-14 09:34:42,2922.4,97419
2021-06-14 09:34:43,2922.4,97419
2021-06-14 09:34:46,2922.85,97420
2021-06-14 09:34:47,2922.9,97428
2021-06-14 09:34:48,2921.95,97444
2021-06-14 09:34:49,2921.95,97502
2021-06-14 09:34:50,2922.4,97514
2021-06-14 09:34:51,2922.4,97522
2021-06-14 09:34:52,2923.0,97569
2021-06-14 09:34:53,2922.95,97588
2021-06-14 09:34:54,2922.95,97588
2021-06-14 09:34:55,2922.95,97588
2021-06-14 09:34:56,2923.0,97589
2021-06-14 09:34:57,2923.0,97589
2021-06-14 09:35:02,2923.0,97599
2021-06-14 09:35:03,2922.2,97608
2021-06-14 09:35:04,2923.0,97756
2021-06-14 09:35:05,2924.0,97766
2021-06-14 09:35:07,2922.9,97777
2021-06-14 09:35:08,2923.0,97784
2021-06-14 09:35:09,2923.0,97792
2021-06-14 09:35:10,2922.65,97804
2021-06-14 09:35:11,2924.2,97826
2021-06-14 09:35:12,2923.0,97830
2021-06-14 09:35:13,2923.0,97832
2021-06-14 09:35:13,2924.3,97840
2021-06-14 09:35:14,2924.3,97840
2021-06-14 09:35:15,2924.45,97841
2021-06-14 09:35:17,2924.3,97932
2021-06-14 09:35:18,2922.95,97960
2021-06-14 09:35:19,2924.0,97966
2021-06-14 09:35:20,2923.0,97967
2021-06-14 09:35:21,2922.95,97977
2021-06-14 09:35:23,2923.0,98035
2021-06-14 09:35:24,2926.75,98658
2021-06-14 09:35:25,2925.45,98676
2021-06-14 09:35:26,2926.7,98684
2021-06-14 09:35:27,2926.7,98684
2021-06-14 09:35:28,2925.6,98692
2021-06-14 09:35:29,2925.6,98692
2021-06-14 09:35:30,2926.1,98769
2021-06-14 09:35:31,2926.8,98782
2021-06-14 09:35:32,2926.8,98783
2021-06-14 09:35:33,2926.8,98783
2021-06-14 09:35:34,2926.4,99047
2021-06-14 09:35:35,2927.6,99078
2021-06-14 09:35:36,2926.25,99102
2021-06-14 09:35:37,2926.25,99107
2021-06-14 09:35:38,2927.35,99158
2021-06-14 09:35:39,2927.35,99158
2021-06-14 09:35:40,2929.85,99397
2021-06-14 09:35:41,2928.45,99398
2021-06-14 09:35:42,2929.35,99425
2021-06-14 09:35:43,2929.45,99474
2021-06-14 09:35:44,2927.95,99499
2021-06-14 09:35:45,2928.9,99874
2021-06-14 09:35:46,2927.45,100061
2021-06-14 09:35:47,2927.45,100061
2021-06-14 09:35:48,2927.8,100083
2021-06-14 09:35:50,2926.7,100140
2021-06-14 09:35:51,2926.85,100230
2021-06-14 09:35:52,2931.1,107377
2021-06-14 09:35:53,2935.0,109224
2021-06-14 09:35:54,2935.65,109336
2021-06-14 09:35:55,2935.25,109502
2021-06-14 09:35:56,2935.25,109502
2021-06-14 09:35:57,2935.25,109502
2021-06-14 09:35:58,2935.7,109581
2021-06-14 09:35:59,2937.6,109744
2021-06-14 09:36:01,2935.25,110009
2021-06-14 09:36:02,2934.15,110022
2021-06-14 09:36:03,2931.55,110056
2021-06-14 09:36:04,2929.75,110167
2021-06-14 09:36:05,2930.3,110335
2021-06-14 09:36:09,2928.0,110600
2021-06-14 09:36:10,2928.0,110600
2021-06-14 09:36:11,2927.15,110601
2021-06-14 09:36:12,2927.15,110625
2021-06-14 09:36:15,2928.55,110843
2021-06-14 09:36:16,2927.95,110851
2021-06-14 09:36:17,2927.2,110970
2021-06-14 09:36:18,2928.0,111070
2021-06-14 09:36:19,2929.5,111385
2021-06-14 09:36:20,2929.35,111386
2021-06-14 09:36:21,2930.65,111391
2021-06-14 09:36:22,2930.65,111391
2021-06-14 09:36:23,2929.55,111466
2021-06-14 09:36:24,2931.55,111476
2021-06-14 09:36:26,2930.8,111583
2021-06-14 09:36:27,2930.8,111583
2021-06-14 09:36:28,2930.35,111591
2021-06-14 09:36:29,2930.25,111611
2021-06-14 09:36:30,2930.9,111642
2021-06-14 09:36:31,2929.05,111759
2021-06-14 09:36:32,2929.95,111762
2021-06-14 09:36:33,2929.45,111769
2021-06-14 09:36:34,2929.0,111779
2021-06-14 09:36:35,2929.0,111779
2021-06-14 09:36:36,2928.65,111780
2021-06-14 09:36:37,2930.4,111993
2021-06-14 09:36:38,2928.95,111995
2021-06-14 09:36:40,2928.0,112006
2021-06-14 09:36:42,2928.0,112008
2021-06-14 09:36:43,2929.2,112245
2021-06-14 09:36:44,2929.2,112245
2021-06-14 09:36:45,2929.2,112245
2021-06-14 09:36:47,2928.75,112415
2021-06-14 09:36:48,2928.1,112416
2021-06-14 09:36:49,2928.1,112517
2021-06-14 09:36:50,2928.1,112518
2021-06-14 09:36:51,2927.3,112523
2021-06-14 09:36:52,2927.3,112523
2021-06-14 09:36:53,2928.65,112525
2021-06-14 09:36:54,2927.8,112529
2021-06-14 09:36:55,2928.75,112530
2021-06-14 09:36:56,2927.7,112630
2021-06-14 09:36:57,2927.7,112630
2021-06-14 09:36:58,2927.65,112640
2021-06-14 09:36:59,2927.75,112694
2021-06-14 09:37:01,2929.3,112733
2021-06-14 09:37:02,2929.35,112735
2021-06-14 09:37:03,2929.35,112735
2021-06-14 09:37:04,2929.35,112736
2021-06-14 09:37:05,2928.95,112776
2021-06-14 09:37:07,2928.95,112824
2021-06-14 09:37:08,2927.45,112832
2021-06-14 09:37:09,2928.85,112849
2021-06-14 09:37:10,2928.85,112849
2021-06-14 09:37:12,2928.85,112849
2021-06-14 09:37:13,2928.85,112849
2021-06-14 09:37:14,2929.0,112899
2021-06-14 09:37:15,2929.0,112904
2021-06-14 09:37:16,2927.55,112955
2021-06-14 09:37:17,2926.0,113760
2021-06-14 09:37:18,2926.8,113772
2021-06-14 09:37:19,2927.15,113821
2021-06-14 09:37:20,2927.0,113822
2021-06-14 09:37:21,2927.15,113842
2021-06-14 09:37:22,2926.0,113851
2021-06-14 09:37:23,2927.4,113876
2021-06-14 09:37:24,2927.4,114178
2021-06-14 09:37:25,2927.65,114188
2021-06-14 09:37:26,2927.65,114188
2021-06-14 09:37:27,2926.25,114214
2021-06-14 09:37:28,2926.25,114214
2021-06-14 09:37:29,2926.3,114215
2021-06-14 09:37:30,2925.25,114309
2021-06-14 09:37:31,2925.25,114309
2021-06-14 09:37:32,2926.5,114386
2021-06-14 09:37:33,2926.25,114387
2021-06-14 09:37:34,2926.25,114387
2021-06-14 09:37:35,2925.2,114397
2021-06-14 09:37:36,2926.05,114399
2021-06-14 09:37:36,2926.05,114399
2021-06-14 09:37:37,2925.25,114500
2021-06-14 09:37:38,2925.0,114721
2021-06-14 09:37:41,2926.0,114924
2021-06-14 09:37:42,2926.0,114924
2021-06-14 09:37:43,2929.0,114941
2021-06-14 09:37:44,2927.95,114980
2021-06-14 09:37:45,2927.95,114996
2021-06-14 09:37:46,2927.95,114996
2021-06-14 09:37:47,2926.35,115321
2021-06-14 09:37:48,2926.2,115329
2021-06-14 09:37:49,2927.1,115331
2021-06-14 09:37:50,2927.1,115331
2021-06-14 09:37:51,2925.25,115631
2021-06-14 09:37:52,2927.55,115645
2021-06-14 09:37:53,2927.55,115645
2021-06-14 09:37:54,2927.55,115645
2021-06-14 09:37:55,2927.0,115955
2021-06-14 09:37:56,2927.6,115957
2021-06-14 09:37:57,2927.6,115957
2021-06-14 09:37:58,2926.15,115965
2021-06-14 09:37:59,2927.05,115988
2021-06-14 09:38:00,2927.05,115988
2021-06-14 09:38:02,2928.6,116162
2021-06-14 09:38:03,2928.6,116162
2021-06-14 09:38:06,2928.6,116162
2021-06-14 09:38:07,2929.75,116193
2021-06-14 09:38:08,2928.2,116201
2021-06-14 09:38:09,2928.2,116201
2021-06-14 09:38:10,2928.25,116209
2021-06-14 09:38:11,2928.25,116209
2021-06-14 09:38:12,2928.25,116209
2021-06-14 09:38:13,2929.0,116419
2021-06-14 09:38:14,2929.0,116419
2021-06-14 09:38:15,2929.45,116429
2021-06-14 09:38:16,2928.6,116431
2021-06-14 09:38:17,2928.6,116431
2021-06-14 09:38:18,2928.6,116440
2021-06-14 09:38:19,2929.75,116445
2021-06-14 09:38:21,2929.75,116451
2021-06-14 09:38:21,2929.75,116451
2021-06-14 09:38:22,2929.75,116451
2021-06-14 09:38:23,2929.75,116461
2021-06-14 09:38:24,2929.75,116461
2021-06-14 09:38:25,2929.75,116461
2021-06-14 09:38:26,2929.75,116461
2021-06-14 09:38:27,2928.6,116468
2021-06-14 09:38:28,2928.6,116476
2021-06-14 09:38:30,2928.6,116531
2021-06-14 09:38:31,2928.6,116556
2021-06-14 09:38:32,2927.6,116627
2021-06-14 09:38:33,2927.2,116647
2021-06-14 09:38:34,2927.45,116656
2021-06-14 09:38:35,2927.45,116685
2021-06-14 09:38:36,2927.45,116685
2021-06-14 09:38:37,2927.45,116702
2021-06-14 09:38:38,2927.5,116715
2021-06-14 09:38:39,2927.5,116715
2021-06-14 09:38:40,2927.45,116721
2021-06-14 09:38:41,2929.0,116722
2021-06-14 09:38:42,2927.8,116741
2021-06-14 09:38:43,2929.05,116756
2021-06-14 09:38:44,2929.05,116757
2021-06-14 09:38:45,2929.05,116758
2021-06-14 09:38:46,2927.9,116759
2021-06-14 09:38:47,2929.05,116760
2021-06-14 09:38:48,2927.9,116778
2021-06-14 09:38:49,2929.15,116833
2021-06-14 09:38:50,2929.15,116833
2021-06-14 09:38:51,2929.15,116833
2021-06-14 09:38:52,2929.4,116834
2021-06-14 09:38:53,2929.05,116836
2021-06-14 09:38:54,2929.05,116836
2021-06-14 09:38:55,2929.05,116836
2021-06-14 09:38:56,2929.05,116836
2021-06-14 09:38:57,2929.4,116866
2021-06-14 09:38:58,2929.4,116876
2021-06-14 09:39:00,2929.4,116876
2021-06-14 09:39:01,2928.2,117026
2021-06-14 09:39:02,2928.2,117026
2021-06-14 09:39:03,2928.2,117026
2021-06-14 09:39:04,2928.2,117026
2021-06-14 09:39:05,2929.25,117076
2021-06-14 09:39:06,2929.25,117079
2021-06-14 09:39:09,2929.25,117080
2021-06-14 09:39:11,2929.1,117081
2021-06-14 09:39:12,2928.2,117129
2021-06-14 09:39:12,2928.2,117129
2021-06-14 09:39:13,2928.0,117524
2021-06-14 09:39:14,2927.45,117530
2021-06-14 09:39:15,2927.0,117543
2021-06-14 09:39:16,2927.0,117543
2021-06-14 09:39:17,2927.0,117543
2021-06-14 09:39:18,2928.05,117553
2021-06-14 09:39:19,2928.05,117553
2021-06-14 09:39:20,2928.05,117553
2021-06-14 09:39:22,2928.05,117553
2021-06-14 09:39:23,2927.85,117606
2021-06-14 09:39:24,2927.85,117606
2021-06-14 09:39:25,2927.85,117758
2021-06-14 09:39:26,2929.3,117759
2021-06-14 09:39:27,2929.3,117759
2021-06-14 09:39:28,2928.6,117760
2021-06-14 09:39:29,2928.6,117760
2021-06-14 09:39:30,2927.4,117819
2021-06-14 09:39:31,2927.4,117819
2021-06-14 09:39:32,2927.4,117819
2021-06-14 09:39:32,2927.4,117819
2021-06-14 09:39:33,2927.4,117819
2021-06-14 09:39:35,2928.6,117824
2021-06-14 09:39:38,2928.6,117830
2021-06-14 09:39:39,2928.0,117832
2021-06-14 09:39:40,2928.6,117833
2021-06-14 09:39:41,2928.6,117833
2021-06-14 09:39:42,2928.6,117833
2021-06-14 09:39:43,2927.35,117841
2021-06-14 09:39:43,2927.35,117841
2021-06-14 09:39:44,2927.35,117841
2021-06-14 09:39:45,2928.0,117842
2021-06-14 09:39:46,2928.0,117842
2021-06-14 09:39:47,2928.0,117842
2021-06-14 09:39:48,2928.1,117916
2021-06-14 09:39:49,2927.0,117933
2021-06-14 09:39:51,2927.0,117933
2021-06-14 09:39:54,2927.0,118314
2021-06-14 09:39:55,2927.0,118344
2021-06-14 09:39:56,2927.0,118344
2021-06-14 09:39:58,2926.65,118879
2021-06-14 09:39:59,2926.9,118979
2021-06-14 09:40:00,2926.8,118980
2021-06-14 09:40:01,2926.85,118993
2021-06-14 09:40:02,2926.75,119288
2021-06-14 09:40:03,2926.85,119298
2021-06-14 09:40:04,2925.9,119306
2021-06-14 09:40:05,2925.75,119313
2021-06-14 09:40:06,2926.7,119348
2021-06-14 09:40:07,2926.7,119348
2021-06-14 09:40:08,2926.85,119480
2021-06-14 09:40:09,2926.7,119482
2021-06-14 09:40:10,2925.7,119487
2021-06-14 09:40:11,2926.9,119666
2021-06-14 09:40:12,2926.35,119808
2021-06-14 09:40:12,2928.1,119798
2021-06-14 09:40:13,2927.7,119828
2021-06-14 09:40:14,2926.25,119829
2021-06-14 09:40:16,2927.9,119875
2021-06-14 09:40:17,2927.9,119878
2021-06-14 09:40:18,2927.9,119878
2021-06-14 09:40:19,2927.85,119884
2021-06-14 09:40:20,2927.85,119886
2021-06-14 09:40:22,2927.9,119890
2021-06-14 09:40:23,2927.9,119890
2021-06-14 09:40:24,2927.9,119890
2021-06-14 09:40:26,2927.9,119909
2021-06-14 09:40:27,2927.9,119934
2021-06-14 09:40:28,2927.9,119934
2021-06-14 09:40:29,2927.9,119934
2021-06-14 09:40:29,2927.9,119934
2021-06-14 09:40:30,2927.9,119934
2021-06-14 09:40:31,2927.9,119938
2021-06-14 09:40:32,2927.9,119956
2021-06-14 09:40:34,2927.9,119956
2021-06-14 09:40:35,2927.9,119956
2021-06-14 09:40:36,2928.8,120063
2021-06-14 09:40:37,2927.15,120071
2021-06-14 09:40:38,2927.15,120071
2021-06-14 09:40:39,2928.65,120073
2021-06-14 09:40:40,2929.0,120076
2021-06-14 09:40:41,2929.0,120076
2021-06-14 09:40:42,2929.0,120076
2021-06-14 09:40:43,2929.0,120076
2021-06-14 09:40:43,2929.0,120076
2021-06-14 09:40:45,2927.9,120126
2021-06-14 09:40:47,2928.4,120127
2021-06-14 09:40:49,2928.6,120152
2021-06-14 09:40:50,2927.1,120159
2021-06-14 09:40:51,2927.1,120159
2021-06-14 09:40:52,2928.6,120160
2021-06-14 09:40:53,2928.8,120263
2021-06-14 09:40:53,2928.8,120263
2021-06-14 09:40:54,2928.95,120264
2021-06-14 09:40:56,2928.7,120340
2021-06-14 09:40:57,2928.7,120340
2021-06-14 09:40:58,2928.7,120340
2021-06-14 09:40:59,2928.65,120391
2021-06-14 09:41:00,2929.3,120662
2021-06-14 09:41:01,2929.3,120662
2021-06-14 09:41:02,2929.75,120665
2021-06-14 09:41:03,2929.75,120665
2021-06-14 09:41:04,2929.75,120665
2021-06-14 09:41:06,2929.75,120665
2021-06-14 09:41:07,2929.85,120711
2021-06-14 09:41:08,2929.85,120711
2021-06-14 09:41:09,2929.85,120712
2021-06-14 09:41:11,2929.9,120716
2021-06-14 09:41:11,2929.9,120716
2021-06-14 09:41:12,2929.9,120716
2021-06-14 09:41:13,2929.9,120716
2021-06-14 09:41:15,2929.85,120766
2021-06-14 09:41:19,2928.55,120846
2021-06-14 09:41:19,2928.55,120846
2021-06-14 09:41:20,2929.85,120851
2021-06-14 09:41:21,2929.85,120851
2021-06-14 09:41:22,2929.85,120852
2021-06-14 09:41:24,2929.85,120852
2021-06-14 09:41:25,2929.9,120854
2021-06-14 09:41:26,2928.65,120856
2021-06-14 09:41:27,2929.85,120857
2021-06-14 09:41:27,2929.85,120862
2021-06-14 09:41:29,2929.85,120874
2021-06-14 09:41:30,2929.75,120904
2021-06-14 09:41:31,2929.75,120926
2021-06-14 09:41:32,2929.85,120928
2021-06-14 09:41:33,2929.85,120928
2021-06-14 09:41:34,2929.85,120928
2021-06-14 09:41:35,2929.85,120958
2021-06-14 09:41:36,2930.0,121560
2021-06-14 09:41:37,2930.0,121560
2021-06-14 09:41:38,2930.5,121590
2021-06-14 09:41:39,2930.5,121606
2021-06-14 09:41:40,2931.25,121691
2021-06-14 09:41:41,2931.25,121691
2021-06-14 09:41:43,2931.25,121691
2021-06-14 09:41:44,2931.25,121691
2021-06-14 09:41:45,2931.25,121712
2021-06-14 09:41:45,2931.25,121712
2021-06-14 09:41:47,2931.25,121718
2021-06-14 09:41:48,2931.25,121718
2021-06-14 09:41:48,2931.25,121718
2021-06-14 09:41:49,2931.25,121718
2021-06-14 09:41:50,2931.25,121718
2021-06-14 09:41:52,2932.8,122527
2021-06-14 09:41:53,2932.8,122527
2021-06-14 09:41:54,2932.8,122527
2021-06-14 09:41:55,2932.2,122593
2021-06-14 09:41:56,2932.5,122596
2021-06-14 09:41:57,2932.5,122621
2021-06-14 09:41:58,2932.5,122621
2021-06-14 09:41:59,2932.5,122621
2021-06-14 09:42:00,2932.5,122663
2021-06-14 09:42:01,2932.7,122703
2021-06-14 09:42:02,2932.7,122703
2021-06-14 09:42:03,2933.95,122713
2021-06-14 09:42:04,2932.55,122719
2021-06-14 09:42:04,2932.55,122719
2021-06-14 09:42:05,2933.95,122721
2021-06-14 09:42:06,2934.0,122722
2021-06-14 09:42:07,2934.0,122722
2021-06-14 09:42:10,2934.0,122743
2021-06-14 09:42:11,2934.0,122744
2021-06-14 09:42:12,2933.1,122746
2021-06-14 09:42:13,2933.1,122746
2021-06-14 09:42:14,2933.1,122746
2021-06-14 09:42:15,2934.6,122791
2021-06-14 09:42:17,2934.65,122801
2021-06-14 09:42:18,2934.0,122851
2021-06-14 09:42:19,2934.0,122851
2021-06-14 09:42:20,2934.0,122851
2021-06-14 09:42:21,2934.0,122857
2021-06-14 09:42:22,2934.0,122863
2021-06-14 09:42:23,2934.0,122863
2021-06-14 09:42:24,2933.25,122869
2021-06-14 09:42:25,2933.25,122869
2021-06-14 09:42:25,2933.25,122869
2021-06-14 09:42:27,2934.0,122871
2021-06-14 09:42:28,2934.0,122871
2021-06-14 09:42:29,2934.0,122871
2021-06-14 09:42:30,2933.25,122873
2021-06-14 09:42:31,2934.0,122887
2021-06-14 09:42:32,2933.15,123137
2021-06-14 09:42:33,2933.15,123137
2021-06-14 09:42:34,2934.0,123145
2021-06-14 09:42:35,2933.15,123146
2021-06-14 09:42:36,2934.0,123151
2021-06-14 09:42:38,2934.0,123151
2021-06-14 09:42:40,2934.0,123160
2021-06-14 09:42:41,2933.15,123180
2021-06-14 09:42:42,2934.35,123255
2021-06-14 09:42:42,2934.5,123256
2021-06-14 09:42:43,2934.5,123256
2021-06-14 09:42:44,2934.0,123308
2021-06-14 09:42:46,2934.0,123324
2021-06-14 09:42:47,2934.0,123324
2021-06-14 09:42:48,2934.5,123334
2021-06-14 09:42:49,2934.5,123334
2021-06-14 09:42:50,2934.5,123334
2021-06-14 09:42:51,2934.5,123334
2021-06-14 09:42:52,2934.5,123334
2021-06-14 09:42:53,2934.0,123407
2021-06-14 09:42:53,2934.0,123407
2021-06-14 09:42:55,2934.5,123412
2021-06-14 09:42:56,2934.5,123416
2021-06-14 09:42:57,2934.5,123416
2021-06-14 09:42:58,2934.5,123446
2021-06-14 09:42:59,2934.5,123446
2021-06-14 09:43:00,2934.0,123515
2021-06-14 09:43:01,2934.0,123552
2021-06-14 09:43:02,2934.9,123698
2021-06-14 09:43:03,2934.5,123706
2021-06-14 09:43:04,2934.4,123716
2021-06-14 09:43:06,2934.4,123725
2021-06-14 09:43:07,2934.4,123725
2021-06-14 09:43:08,2934.9,123726
2021-06-14 09:43:08,2934.9,123726
2021-06-14 09:43:10,2934.4,123731
2021-06-14 09:43:12,2934.4,123731
2021-06-14 09:43:13,2934.4,123731
2021-06-14 09:43:14,2934.4,123731
2021-06-14 09:43:15,2934.9,123736
2021-06-14 09:43:16,2934.9,123736
2021-06-14 09:43:17,2934.9,123737
2021-06-14 09:43:18,2934.5,123741
2021-06-14 09:43:19,2934.9,123751
2021-06-14 09:43:19,2934.9,123751
2021-06-14 09:43:21,2934.9,123775
2021-06-14 09:43:22,2934.9,123780
2021-06-14 09:43:23,2934.5,123781
2021-06-14 09:43:24,2934.9,123783
2021-06-14 09:43:25,2934.9,123784
2021-06-14 09:43:26,2934.9,123784
2021-06-14 09:43:27,2934.55,123789
2021-06-14 09:43:28,2935.0,123882
2021-06-14 09:43:29,2935.0,123882
2021-06-14 09:43:30,2934.9,123884
2021-06-14 09:43:31,2935.0,123935
2021-06-14 09:43:32,2935.0,123936
2021-06-14 09:43:33,2934.5,123956
2021-06-14 09:43:34,2934.5,123956
2021-06-14 09:43:35,2934.5,123956
2021-06-14 09:43:35,2934.5,123956
2021-06-14 09:43:37,2934.8,123966
2021-06-14 09:43:38,2934.8,123966
2021-06-14 09:43:39,2934.8,123966
2021-06-14 09:43:40,2934.9,124016
2021-06-14 09:43:42,2935.0,124038
2021-06-14 09:43:43,2936.55,124252
2021-06-14 09:43:44,2935.85,124257
2021-06-14 09:43:45,2935.85,124257
2021-06-14 09:43:46,2935.85,124273
2021-06-14 09:43:47,2935.85,124324
2021-06-14 09:43:48,2936.55,124325
2021-06-14 09:43:49,2936.55,124371
2021-06-14 09:43:50,2936.0,124532
2021-06-14 09:43:51,2936.0,124532
2021-06-14 09:43:52,2936.0,124532
2021-06-14 09:43:53,2936.0,124532
2021-06-14 09:43:54,2936.0,124532
2021-06-14 09:43:55,2936.55,124813
2021-06-14 09:43:56,2936.0,124815
2021-06-14 09:43:57,2936.0,124875
2021-06-14 09:43:58,2936.55,124932
2021-06-14 09:43:59,2936.55,124933
2021-06-14 09:44:00,2936.55,124933
2021-06-14 09:44:01,2936.55,124933
2021-06-14 09:44:02,2936.55,125198
2021-06-14 09:44:03,2936.0,125228
2021-06-14 09:44:04,2936.0,125228
2021-06-14 09:44:05,2936.8,125241
2021-06-14 09:44:06,2936.55,125246
2021-06-14 09:44:07,2936.55,125246
2021-06-14 09:44:08,2935.9,125402
2021-06-14 09:44:09,2936.8,125403
2021-06-14 09:44:10,2936.8,125403
2021-06-14 09:44:11,2936.8,125403
2021-06-14 09:44:12,2936.8,125403
2021-06-14 09:44:13,2936.8,125403
2021-06-14 09:44:14,2936.8,125504
2021-06-14 09:44:15,2936.8,125584
2021-06-14 09:44:16,2936.7,125613
2021-06-14 09:44:17,2937.0,125638
2021-06-14 09:44:18,2936.7,125645
2021-06-14 09:44:19,2936.7,125648
2021-06-14 09:44:20,2937.0,125649
2021-06-14 09:44:21,2937.0,125676
2021-06-14 09:44:22,2936.7,125726
2021-06-14 09:44:23,2936.7,125726
2021-06-14 09:44:26,2937.0,125737
2021-06-14 09:44:28,2937.0,125737
2021-06-14 09:44:29,2937.0,125737
2021-06-14 09:44:30,2937.0,125755
2021-06-14 09:44:31,2936.7,125757
2021-06-14 09:44:33,2936.7,125761
2021-06-14 09:44:34,2936.7,125761
2021-06-14 09:44:35,2935.05,126593
2021-06-14 09:44:36,2935.05,126593
2021-06-14 09:44:37,2935.05,126593
2021-06-14 09:44:38,2935.1,126596
2021-06-14 09:44:40,2934.0,126949
2021-06-14 09:44:39,2934.0,126949
2021-06-14 09:44:41,2935.0,126964
2021-06-14 09:44:42,2934.05,127065
2021-06-14 09:44:43,2934.0,127074
2021-06-14 09:44:44,2934.0,127084
2021-06-14 09:44:45,2934.0,127084
2021-06-14 09:44:46,2934.0,127084
2021-06-14 09:44:47,2934.0,127084
2021-06-14 09:44:48,2934.0,127089
2021-06-14 09:44:49,2935.2,127094
2021-06-14 09:44:50,2935.0,127096
2021-06-14 09:44:51,2935.0,127096
2021-06-14 09:44:52,2935.0,127104
2021-06-14 09:44:53,2935.0,127104
2021-06-14 09:44:54,2935.0,127104
2021-06-14 09:44:55,2935.0,127222
2021-06-14 09:44:56,2935.0,127222
2021-06-14 09:44:57,2934.95,127239
2021-06-14 09:44:58,2934.95,127239
2021-06-14 09:44:59,2934.05,127299
2021-06-14 09:45:00,2934.05,127299
2021-06-14 09:45:01,2934.95,127312
2021-06-14 09:45:02,2934.95,127312
2021-06-14 09:45:03,2935.0,127436
2021-06-14 09:45:04,2935.0,127436
2021-06-14 09:45:05,2935.0,127437
2021-06-14 09:45:06,2934.95,127457
2021-06-14 09:45:07,2934.95,127457
2021-06-14 09:45:08,2935.15,127465
2021-06-14 09:45:09,2935.15,127465
2021-06-14 09:45:10,2935.15,127470
2021-06-14 09:45:11,2935.15,127470
2021-06-14 09:45:12,2935.15,127490
2021-06-14 09:45:13,2935.15,127492
2021-06-14 09:45:14,2935.15,127492
2021-06-14 09:45:15,2935.15,127492
2021-06-14 09:45:16,2934.95,127577
2021-06-14 09:45:17,2934.95,127577
2021-06-14 09:45:18,2934.95,127577
2021-06-14 09:45:19,2934.95,127577
2021-06-14 09:45:20,2934.95,127577
2021-06-14 09:45:21,2932.6,128047
2021-06-14 09:45:22,2933.9,128049
2021-06-14 09:45:23,2933.9,128049
2021-06-14 09:45:24,2933.75,128057
2021-06-14 09:45:25,2933.75,128057
2021-06-14 09:45:26,2932.7,128067
2021-06-14 09:45:27,2933.75,128072
2021-06-14 09:45:28,2932.5,128176
2021-06-14 09:45:29,2932.6,128180
2021-06-14 09:45:30,2932.85,128491
2021-06-14 09:45:31,2934.2,128492
2021-06-14 09:45:32,2934.2,128495
2021-06-14 09:45:33,2933.75,128502
2021-06-14 09:45:34,2933.75,128537
2021-06-14 09:45:36,2933.75,128537
2021-06-14 09:45:35,2933.75,128537
2021-06-14 09:45:37,2933.75,128537
2021-06-14 09:45:40,2933.65,128833
2021-06-14 09:45:41,2933.65,128833
2021-06-14 09:45:43,2933.65,128833
2021-06-14 09:45:44,2933.65,128833
2021-06-14 09:45:45,2933.65,128833
2021-06-14 09:45:46,2933.0,128858
2021-06-14 09:45:47,2932.6,128868
2021-06-14 09:45:48,2933.7,128920
2021-06-14 09:45:49,2933.7,128920
2021-06-14 09:45:50,2933.7,128920
2021-06-14 09:45:51,2933.7,128920
2021-06-14 09:45:52,2933.7,128920
2021-06-14 09:45:54,2932.65,129010
2021-06-14 09:45:56,2930.85,129536
2021-06-14 09:45:57,2930.85,129536
2021-06-14 09:45:58,2930.85,129536
2021-06-14 09:45:59,2930.85,129536
2021-06-14 09:46:00,2930.0,129546
2021-06-14 09:46:01,2931.4,129682
2021-06-14 09:46:02,2931.4,129682
2021-06-14 09:46:03,2931.4,129682
2021-06-14 09:46:04,2931.4,129682
2021-06-14 09:46:05,2931.4,129682
2021-06-14 09:46:06,2931.3,130692
2021-06-14 09:46:07,2930.9,130970
2021-06-14 09:46:08,2931.15,130972
2021-06-14 09:46:10,2932.75,130978
2021-06-14 09:46:11,2932.75,130978
2021-06-14 09:46:12,2932.5,130980
2021-06-14 09:46:13,2932.5,130980
2021-06-14 09:46:15,2931.3,130990
2021-06-14 09:46:16,2931.65,131000
2021-06-14 09:46:17,2931.65,131000
2021-06-14 09:46:18,2931.65,131000
2021-06-14 09:46:19,2931.65,131005
2021-06-14 09:46:20,2931.65,131005
2021-06-14 09:46:21,2931.55,131072
2021-06-14 09:46:22,2931.55,131072
2021-06-14 09:46:23,2931.55,131074
2021-06-14 09:46:24,2931.55,131074
2021-06-14 09:46:25,2931.55,131079
2021-06-14 09:46:27,2931.55,131081
2021-06-14 09:46:28,2931.45,131114
2021-06-14 09:46:29,2931.4,131116
2021-06-14 09:46:30,2931.3,131124
2021-06-14 09:46:32,2931.3,131182
2021-06-14 09:46:33,2931.3,131182
2021-06-14 09:46:34,2931.0,131199
2021-06-14 09:46:35,2931.0,131199
2021-06-14 09:46:36,2930.0,131355
2021-06-14 09:46:37,2930.0,131355
2021-06-14 09:46:38,2931.0,131367
2021-06-14 09:46:39,2933.15,133444
2021-06-14 09:46:42,2932.55,133519
2021-06-14 09:46:43,2933.05,133521
2021-06-14 09:46:44,2933.05,133521
2021-06-14 09:46:45,2933.05,133521
2021-06-14 09:46:46,2931.75,133522
2021-06-14 09:46:47,2931.75,133522
2021-06-14 09:46:48,2931.75,133522
2021-06-14 09:46:49,2932.7,133528
2021-06-14 09:46:51,2932.7,133528
2021-06-14 09:46:52,2932.7,133529
2021-06-14 09:46:53,2932.7,133532
2021-06-14 09:46:54,2931.65,133604
2021-06-14 09:46:55,2932.1,133614
2021-06-14 09:46:56,2931.75,133618
2021-06-14 09:46:57,2931.75,133628
2021-06-14 09:46:59,2931.75,133628
2021-06-14 09:46:59,2931.75,133628
2021-06-14 09:47:00,2931.75,133628
2021-06-14 09:47:01,2931.75,133628
2021-06-14 09:47:03,2931.7,133654
2021-06-14 09:47:04,2931.7,133659
2021-06-14 09:47:06,2931.7,133672
2021-06-14 09:47:07,2931.7,133672
2021-06-14 09:47:08,2931.7,133672
2021-06-14 09:47:09,2931.7,133674
2021-06-14 09:47:10,2931.7,133674
2021-06-14 09:47:12,2931.0,133715
2021-06-14 09:47:14,2931.7,133740
2021-06-14 09:47:15,2931.7,133740
2021-06-14 09:47:16,2931.7,133740
2021-06-14 09:47:17,2931.0,133745
2021-06-14 09:47:18,2931.7,133746
2021-06-14 09:47:19,2931.7,133751
2021-06-14 09:47:20,2931.7,133751
2021-06-14 09:47:21,2931.0,133759
2021-06-14 09:47:22,2931.7,133770
2021-06-14 09:47:23,2931.7,133770
2021-06-14 09:47:24,2931.7,133770
2021-06-14 09:47:25,2931.7,133770
2021-06-14 09:47:26,2931.7,133770
2021-06-14 09:47:27,2931.7,133830
2021-06-14 09:47:28,2931.7,133880
2021-06-14 09:47:30,2931.75,133896
2021-06-14 09:47:31,2931.0,133947
2021-06-14 09:47:32,2931.0,133999
2021-06-14 09:47:33,2931.75,134000
2021-06-14 09:47:34,2931.7,134001
2021-06-14 09:47:35,2931.7,134001
2021-06-14 09:47:37,2931.0,134007
2021-06-14 09:47:38,2931.8,134076
2021-06-14 09:47:39,2931.8,134076
2021-06-14 09:47:40,2931.8,134076
2021-06-14 09:47:42,2931.8,134076
2021-06-14 09:47:43,2931.8,134076
2021-06-14 09:47:44,2931.8,134076
2021-06-14 09:47:44,2932.55,134126
2021-06-14 09:47:46,2932.55,134126
2021-06-14 09:47:50,2932.55,134128
2021-06-14 09:47:54,2931.65,134288
2021-06-14 09:47:58,2931.65,134293
2021-06-14 09:48:02,2932.5,134430
2021-06-14 09:48:06,2932.15,134478
2021-06-14 09:48:10,2932.3,134482
2021-06-14 09:48:15,2932.5,134593
2021-06-14 09:48:19,2932.15,134789
2021-06-14 09:48:23,2931.9,134798
2021-06-14 09:48:27,2932.5,134811
2021-06-14 09:48:31,2932.5,134816
2021-06-14 09:48:35,2932.15,135195
2021-06-14 09:48:39,2932.05,135495
2021-06-14 09:48:43,2932.65,135501
2021-06-14 09:48:47,2933.75,136202
2021-06-14 09:48:51,2933.75,136211
2021-06-14 09:48:55,2934.0,136216
2021-06-14 09:49:00,2934.85,137236
2021-06-14 09:49:04,2933.6,137240
2021-06-14 09:49:08,2933.6,137240
2021-06-14 09:49:13,2934.25,137241
2021-06-14 09:49:17,2935.25,137580
2021-06-14 09:49:21,2934.55,137611
2021-06-14 09:49:25,2934.6,137621
2021-06-14 09:49:29,2935.35,137629
2021-06-14 09:49:33,2936.9,137788
2021-06-14 09:49:37,2937.15,138049
2021-06-14 09:49:41,2937.05,138105
2021-06-14 09:49:46,2937.25,138115
2021-06-14 09:49:49,2936.0,138117
2021-06-14 09:49:53,2936.0,138151
2021-06-14 09:49:58,2936.95,138218
2021-06-14 09:50:02,2936.95,138399
2021-06-14 09:50:06,2936.95,138519
2021-06-14 09:50:11,2937.8,138674
2021-06-14 09:50:15,2937.8,138960
2021-06-14 09:50:19,2938.15,139318
2021-06-14 09:50:24,2938.15,139322
2021-06-14 09:50:28,2938.0,139466
2021-06-14 09:50:32,2937.95,139475
2021-06-14 09:50:36,2936.0,140672
2021-06-14 09:50:40,2936.0,140740
2021-06-14 09:50:44,2936.45,140751
2021-06-14 09:50:48,2935.15,140789
2021-06-14 09:50:52,2935.65,140820
2021-06-14 09:50:57,2935.85,140854
2021-06-14 09:51:01,2936.4,140913
2021-06-14 09:51:05,2936.7,140926
2021-06-14 09:51:09,2936.45,140958
2021-06-14 09:51:13,2936.4,140972
2021-06-14 09:51:17,2937.65,141017
2021-06-14 09:51:21,2936.35,141049
2021-06-14 09:51:25,2936.75,141086
2021-06-14 09:51:30,2937.6,141138
2021-06-14 09:51:34,2937.0,141174
2021-06-14 09:51:38,2936.4,141498
2021-06-14 09:51:41,2937.35,141518
2021-06-14 09:51:46,2937.0,141541
2021-06-14 09:51:49,2935.5,141864
2021-06-14 09:51:53,2935.95,141981
2021-06-14 09:51:58,2935.95,141999
2021-06-14 09:52:02,2934.55,142305
2021-06-14 09:52:06,2934.0,142486
2021-06-14 09:52:10,2934.0,142486
2021-06-14 09:52:14,2934.55,142527
2021-06-14 09:52:18,2934.0,142539
2021-06-14 09:52:22,2934.55,142564
2021-06-14 09:52:26,2934.05,142565
2021-06-14 09:52:30,2934.55,142566
2021-06-14 09:52:34,2934.05,142709
2021-06-14 09:52:38,2934.55,142720
2021-06-14 09:52:42,2934.9,142736
2021-06-14 09:52:45,2934.9,142736
2021-06-14 09:52:46,2934.9,142736
2021-06-14 09:52:47,2934.9,142736
2021-06-14 09:52:48,2934.9,142736
2021-06-14 09:52:49,2934.9,142736
2021-06-14 09:52:50,2936.8,142740
2021-06-14 09:52:51,2936.8,142740
2021-06-14 09:52:52,2936.8,142740
2021-06-14 09:52:53,2935.35,142741
2021-06-14 09:52:53,2935.1,142855
2021-06-14 09:52:55,2935.1,142855
2021-06-14 09:52:56,2934.8,143023
2021-06-14 09:52:57,2934.8,143023
2021-06-14 09:52:57,2934.8,143023
2021-06-14 09:52:58,2934.8,143023
2021-06-14 09:52:59,2936.3,143033
2021-06-14 09:53:00,2936.25,143115
2021-06-14 09:53:01,2936.25,143115
2021-06-14 09:53:02,2936.25,143115
2021-06-14 09:53:03,2936.25,143120
2021-06-14 09:53:04,2936.25,143120
2021-06-14 09:53:06,2936.25,143140
2021-06-14 09:53:07,2936.25,143140
2021-06-14 09:53:08,2936.25,143144
2021-06-14 09:53:09,2936.25,143144
2021-06-14 09:53:10,2936.45,143245
2021-06-14 09:53:11,2936.45,143245
2021-06-14 09:53:11,2936.45,143245
2021-06-14 09:53:17,2935.65,143250
2021-06-14 09:53:18,2935.65,143250
2021-06-14 09:53:20,2936.15,143280
2021-06-14 09:53:21,2936.15,143280
2021-06-14 09:53:22,2936.15,143280
2021-06-14 09:53:23,2936.15,143280
2021-06-14 09:53:24,2936.15,143280
2021-06-14 09:53:26,2936.15,143283
2021-06-14 09:53:27,2936.15,143283
2021-06-14 09:53:28,2936.15,143283
2021-06-14 09:53:29,2936.15,143283
2021-06-14 09:53:30,2936.15,143283
2021-06-14 09:53:31,2936.6,143284
2021-06-14 09:53:32,2936.6,143284
2021-06-14 09:53:33,2936.6,143284
2021-06-14 09:53:34,2937.7,143285
2021-06-14 09:53:34,2937.7,143285
2021-06-14 09:53:35,2937.7,143285
2021-06-14 09:53:36,2937.7,143285
2021-06-14 09:53:37,2937.7,143285
2021-06-14 09:53:38,2937.7,143285
2021-06-14 09:53:40,2937.5,143287
2021-06-14 09:53:41,2937.5,143287
2021-06-14 09:53:42,2937.5,143287
2021-06-14 09:53:43,2937.5,143287
2021-06-14 09:53:45,2937.8,143295
2021-06-14 09:53:46,2937.8,143295
2021-06-14 09:53:48,2937.35,143816
2021-06-14 09:53:50,2937.7,143817
2021-06-14 09:53:51,2937.65,143867
2021-06-14 09:53:52,2937.65,143867
2021-06-14 09:53:53,2937.65,143867
2021-06-14 09:53:54,2937.65,143867
2021-06-14 09:53:55,2937.65,143867
2021-06-14 09:53:56,2936.8,143868
2021-06-14 09:53:57,2936.8,143868
2021-06-14 09:53:58,2937.25,144172
2021-06-14 09:53:59,2938.0,144178
2021-06-14 09:54:00,2937.1,144183
2021-06-14 09:54:01,2937.1,144183
2021-06-14 09:54:02,2938.15,144287
2021-06-14 09:54:03,2938.15,144287
2021-06-14 09:54:04,2938.15,144287
2021-06-14 09:54:06,2937.3,144318
2021-06-14 09:54:07,2937.3,144318
2021-06-14 09:54:08,2937.3,144318
2021-06-14 09:54:08,2938.15,144326
2021-06-14 09:54:09,2938.15,144326
2021-06-14 09:54:11,2938.15,144329
2021-06-14 09:54:13,2938.15,144329
2021-06-14 09:54:14,2938.15,144329
2021-06-14 09:54:15,2938.15,144329
2021-06-14 09:54:16,2938.15,144329
2021-06-14 09:54:18,2938.15,144331
2021-06-14 09:54:19,2938.15,144331
2021-06-14 09:54:20,2937.65,144375
2021-06-14 09:54:21,2937.5,144380
2021-06-14 09:54:22,2937.5,144380
2021-06-14 09:54:23,2938.15,144421
2021-06-14 09:54:24,2938.15,144426
2021-06-14 09:54:26,2938.15,144426
2021-06-14 09:54:27,2937.4,144431
2021-06-14 09:54:28,2937.4,144431
2021-06-14 09:54:29,2936.6,144435
2021-06-14 09:54:30,2937.65,144527
2021-06-14 09:54:31,2936.2,144624
2021-06-14 09:54:32,2936.2,144624
2021-06-14 09:54:33,2936.2,144624
2021-06-14 09:54:34,2936.2,144624
2021-06-14 09:54:35,2936.2,144624
2021-06-14 09:54:37,2936.2,144624
2021-06-14 09:54:36,2936.2,144624
2021-06-14 09:54:38,2936.2,144624
2021-06-14 09:54:39,2937.25,144628
2021-06-14 09:54:40,2937.25,144628
2021-06-14 09:54:41,2937.45,144728
2021-06-14 09:54:42,2937.45,144728
2021-06-14 09:54:43,2937.45,144728
2021-06-14 09:54:44,2936.2,144740
2021-06-14 09:54:45,2936.15,144929
2021-06-14 09:54:46,2937.25,144981
2021-06-14 09:54:47,2937.25,144981
2021-06-14 09:54:48,2937.3,144982
2021-06-14 09:54:49,2937.3,144982
2021-06-14 09:54:50,2938.0,144984
2021-06-14 09:54:51,2938.0,144984
2021-06-14 09:54:52,2938.0,144984
2021-06-14 09:54:53,2938.0,144984
2021-06-14 09:54:54,2938.0,144984
2021-06-14 09:54:55,2938.0,144985
2021-06-14 09:54:57,2938.0,144985
2021-06-14 09:54:58,2938.0,145070
2021-06-14 09:54:59,2938.0,145135
2021-06-14 09:55:00,2938.0,145143
2021-06-14 09:55:01,2939.0,145883
2021-06-14 09:55:02,2939.0,145883
2021-06-14 09:55:03,2939.0,145884
2021-06-14 09:55:04,2939.0,145896
2021-06-14 09:55:05,2939.0,145923
2021-06-14 09:55:07,2939.5,145962
2021-06-14 09:55:06,2939.5,145962
2021-06-14 09:55:08,2939.5,145962
2021-06-14 09:55:09,2938.35,146067
2021-06-14 09:55:10,2939.05,146077
2021-06-14 09:55:11,2939.05,146077
2021-06-14 09:55:12,2939.05,146077
2021-06-14 09:55:13,2939.05,146077
2021-06-14 09:55:14,2939.05,146077
2021-06-14 09:55:15,2939.05,146083
2021-06-14 09:55:16,2939.05,146084
2021-06-14 09:55:17,2939.05,146085
2021-06-14 09:55:18,2939.05,146085
2021-06-14 09:55:19,2939.05,146085
2021-06-14 09:55:21,2939.0,146095
2021-06-14 09:55:23,2939.0,146099
2021-06-14 09:55:24,2939.0,146099
2021-06-14 09:55:25,2939.0,146099
2021-06-14 09:55:26,2938.35,146120
2021-06-14 09:55:27,2938.35,146120
2021-06-14 09:55:28,2938.35,146120
2021-06-14 09:55:29,2939.0,146130
2021-06-14 09:55:30,2939.05,146137
2021-06-14 09:55:31,2939.05,146161
2021-06-14 09:55:33,2939.1,146299
2021-06-14 09:55:34,2939.1,146300
2021-06-14 09:55:35,2939.2,146332
2021-06-14 09:55:36,2939.2,146338
2021-06-14 09:55:37,2939.2,146338
2021-06-14 09:55:38,2938.75,147022
2021-06-14 09:55:39,2938.75,147022
2021-06-14 09:55:40,2938.75,147022
2021-06-14 09:55:41,2938.75,147032
2021-06-14 09:55:42,2938.75,147037
2021-06-14 09:55:43,2938.75,147037
2021-06-14 09:55:44,2938.75,147047
2021-06-14 09:55:45,2938.25,147049
2021-06-14 09:55:46,2938.25,147049
2021-06-14 09:55:47,2938.25,147049
2021-06-14 09:55:48,2938.0,147074
2021-06-14 09:55:49,2938.0,147074
2021-06-14 09:55:50,2938.0,147074
2021-06-14 09:55:51,2938.0,147074
2021-06-14 09:55:52,2938.0,147075
2021-06-14 09:55:53,2938.0,147075
2021-06-14 09:55:54,2937.45,147782
2021-06-14 09:55:55,2938.15,147783
2021-06-14 09:55:56,2938.15,147783
2021-06-14 09:55:57,2938.15,147783
2021-06-14 09:55:58,2938.15,147783
2021-06-14 09:55:59,2938.15,147783
2021-06-14 09:56:00,2936.85,147793
2021-06-14 09:56:01,2936.85,147793
2021-06-14 09:56:02,2938.15,147902
2021-06-14 09:56:03,2938.15,147902
2021-06-14 09:56:05,2938.15,147903
2021-06-14 09:56:06,2938.0,147912
2021-06-14 09:56:07,2936.65,147942
2021-06-14 09:56:08,2936.75,147964
2021-06-14 09:56:09,2937.0,147986
2021-06-14 09:56:10,2937.0,147997
2021-06-14 09:56:11,2937.0,147997
2021-06-14 09:56:12,2937.0,148004
2021-06-14 09:56:13,2937.0,148004
2021-06-14 09:56:14,2938.0,148006
2021-06-14 09:56:15,2938.0,148006
2021-06-14 09:56:16,2936.3,148306
2021-06-14 09:56:17,2937.4,148331
2021-06-14 09:56:18,2936.1,148356
2021-06-14 09:56:19,2936.1,148376
2021-06-14 09:56:20,2936.1,148376
2021-06-14 09:56:21,2935.65,148525
2021-06-14 09:56:22,2935.65,148525
2021-06-14 09:56:23,2935.15,148529
2021-06-14 09:56:24,2935.15,148529
2021-06-14 09:56:25,2936.55,148532
2021-06-14 09:56:26,2935.1,148582
2021-06-14 09:56:28,2936.45,148589
2021-06-14 09:56:29,2936.45,148589
2021-06-14 09:56:30,2936.45,148589
2021-06-14 09:56:31,2936.0,148599
2021-06-14 09:56:32,2935.05,148601
2021-06-14 09:56:33,2935.05,148601
2021-06-14 09:56:34,2935.05,148601
2021-06-14 09:56:37,2935.3,148610
2021-06-14 09:56:38,2935.05,148611
2021-06-14 09:56:39,2938.3,149575
2021-06-14 09:56:40,2938.3,149575
2021-06-14 09:56:41,2939.8,149970
2021-06-14 09:56:42,2939.8,149970
2021-06-14 09:56:43,2939.8,149970
2021-06-14 09:56:45,2939.8,149970
2021-06-14 09:56:47,2939.8,149970
2021-06-14 09:56:48,2939.8,149970
2021-06-14 09:56:49,2939.8,149972
2021-06-14 09:56:49,2939.8,149972
2021-06-14 09:56:50,2939.8,149972
2021-06-14 09:56:51,2939.8,149972
2021-06-14 09:56:52,2939.75,149973
2021-06-14 09:56:55,2939.75,149976
2021-06-14 09:56:56,2939.8,149980
2021-06-14 09:56:57,2939.4,149982
2021-06-14 09:56:58,2939.4,149982
2021-06-14 09:56:59,2939.4,150003
2021-06-14 09:57:00,2939.4,150010
2021-06-14 09:57:01,2939.4,150020
2021-06-14 09:57:02,2939.4,150038
2021-06-14 09:57:03,2939.7,150039
2021-06-14 09:57:04,2939.8,150043
2021-06-14 09:57:05,2939.8,150043
2021-06-14 09:57:06,2939.4,150073
2021-06-14 09:57:07,2939.4,150073
2021-06-14 09:57:08,2939.4,150073
2021-06-14 09:57:09,2939.4,150073
2021-06-14 09:57:10,2939.4,150082
2021-06-14 09:57:11,2939.4,150105
2021-06-14 09:57:12,2939.4,150113
2021-06-14 09:57:13,2939.4,150113
2021-06-14 09:57:14,2939.85,150114
2021-06-14 09:57:15,2939.4,150128
2021-06-14 09:57:16,2939.4,150136
2021-06-14 09:57:17,2939.3,150158
2021-06-14 09:57:18,2939.3,150158
2021-06-14 09:57:19,2939.3,150165
2021-06-14 09:57:20,2937.2,150780
2021-06-14 09:57:21,2937.2,150780
2021-06-14 09:57:22,2938.65,150784
2021-06-14 09:57:23,2938.3,150927
2021-06-14 09:57:24,2936.85,150935
2021-06-14 09:57:25,2936.65,150943
2021-06-14 09:57:26,2937.0,150951
2021-06-14 09:57:27,2936.85,150977
2021-06-14 09:57:28,2937.6,151077
2021-06-14 09:57:29,2937.5,151087
2021-06-14 09:57:30,2937.4,151180
2021-06-14 09:57:31,2935.95,151254
2021-06-14 09:57:32,2935.95,151254
2021-06-14 09:57:33,2936.95,151269
2021-06-14 09:57:34,2936.05,151271
2021-06-14 09:57:35,2935.6,151556
2021-06-14 09:57:36,2935.85,151570
2021-06-14 09:57:37,2937.0,151670
2021-06-14 09:57:38,2937.0,151670
2021-06-14 09:57:39,2937.0,151670
2021-06-14 09:57:40,2937.05,152048
2021-06-14 09:57:41,2938.5,152103
2021-06-14 09:57:42,2938.1,152118
2021-06-14 09:57:43,2938.1,152118
2021-06-14 09:57:44,2938.1,152118
2021-06-14 09:57:45,2938.45,152119
2021-06-14 09:57:46,2938.45,152119
2021-06-14 09:57:48,2938.9,152125
2021-06-14 09:57:50,2938.9,152126
2021-06-14 09:57:51,2938.9,152126
2021-06-14 09:57:52,2939.0,152163
2021-06-14 09:57:53,2939.0,152163
2021-06-14 09:57:55,2939.75,152173
2021-06-14 09:57:56,2940.0,152333
2021-06-14 09:57:57,2940.0,152333
2021-06-14 09:57:58,2940.0,152333
2021-06-14 09:57:59,2940.0,152333
2021-06-14 09:58:00,2940.0,152333
2021-06-14 09:58:01,2939.9,152344
2021-06-14 09:58:02,2939.9,152344
2021-06-14 09:58:04,2939.65,152350
2021-06-14 09:58:03,2939.85,152347
2021-06-14 09:58:05,2939.65,152350
2021-06-14 09:58:06,2939.95,152351
2021-06-14 09:58:07,2940.0,152352
2021-06-14 09:58:08,2938.8,152452
2021-06-14 09:58:10,2940.0,152453
2021-06-14 09:58:11,2939.9,152454
2021-06-14 09:58:12,2938.0,152704
2021-06-14 09:58:14,2940.0,152714
2021-06-14 09:58:14,2940.0,152714
2021-06-14 09:58:15,2940.0,152714
2021-06-14 09:58:16,2940.0,152719
2021-06-14 09:58:17,2940.0,152719
2021-06-14 09:58:18,2940.0,152719
2021-06-14 09:58:19,2940.0,152719
2021-06-14 09:58:20,2940.0,152719
2021-06-14 09:58:21,2939.65,152730
2021-06-14 09:58:22,2939.65,152742
2021-06-14 09:58:23,2939.65,152742
2021-06-14 09:58:25,2939.7,152743
2021-06-14 09:58:26,2939.65,153052
2021-06-14 09:58:27,2939.65,153052
2021-06-14 09:58:28,2939.65,153052
2021-06-14 09:58:29,2939.65,153052
2021-06-14 09:58:31,2939.95,153082
2021-06-14 09:58:32,2939.95,153082
2021-06-14 09:58:33,2939.95,153082
2021-06-14 09:58:34,2939.95,153082
2021-06-14 09:58:35,2939.95,153082
2021-06-14 09:58:36,2941.2,153709
2021-06-14 09:58:37,2941.2,153709
2021-06-14 09:58:38,2941.2,153709
2021-06-14 09:58:39,2941.2,153709
2021-06-14 09:58:41,2941.5,153712
2021-06-14 09:58:41,2941.5,153712
2021-06-14 09:58:42,2941.2,153713
2021-06-14 09:58:43,2941.75,153761
2021-06-14 09:58:44,2941.5,153763
2021-06-14 09:58:45,2941.5,153763
2021-06-14 09:58:46,2941.5,153763
2021-06-14 09:58:47,2941.5,153763
2021-06-14 09:58:49,2942.0,153780
2021-06-14 09:58:51,2942.0,153780
2021-06-14 09:58:52,2941.0,153824
2021-06-14 09:58:52,2941.0,153824
2021-06-14 09:58:54,2941.75,153827
2021-06-14 09:58:55,2940.8,153932
2021-06-14 09:58:56,2940.8,153932
2021-06-14 09:58:57,2940.95,153985
2021-06-14 09:58:58,2941.3,154087
2021-06-14 09:58:59,2941.0,154107
2021-06-14 09:58:59,2941.0,154107
2021-06-14 09:59:00,2941.0,154107
2021-06-14 09:59:01,2941.0,154107
2021-06-14 09:59:02,2941.6,154257
2021-06-14 09:59:03,2941.7,154260
2021-06-14 09:59:04,2941.7,154260
2021-06-14 09:59:06,2941.7,154260
2021-06-14 09:59:07,2941.7,154260
2021-06-14 09:59:08,2940.8,154275
2021-06-14 09:59:09,2940.8,154297
2021-06-14 09:59:11,2940.8,154420
2021-06-14 09:59:13,2940.8,154420
2021-06-14 09:59:13,2940.8,154420
2021-06-14 09:59:14,2940.8,154420
2021-06-14 09:59:15,2939.8,154445
2021-06-14 09:59:16,2939.7,154471
2021-06-14 09:59:17,2939.7,154471
2021-06-14 09:59:18,2939.7,154471
2021-06-14 09:59:19,2939.7,154471
2021-06-14 09:59:20,2939.7,154471
2021-06-14 09:59:21,2939.7,154471
2021-06-14 09:59:22,2939.7,154471
2021-06-14 09:59:23,2939.7,154471
2021-06-14 09:59:24,2939.0,154473
2021-06-14 09:59:25,2939.0,154473
2021-06-14 09:59:26,2939.0,154473
2021-06-14 09:59:27,2939.7,154483
2021-06-14 09:59:28,2939.7,154485
2021-06-14 09:59:29,2939.7,154487
2021-06-14 09:59:31,2939.7,154487
2021-06-14 09:59:32,2939.1,154488
2021-06-14 09:59:34,2938.35,154559
2021-06-14 09:59:35,2940.0,155113
2021-06-14 09:59:36,2940.95,155222
2021-06-14 09:59:37,2940.95,155222
2021-06-14 09:59:38,2939.45,155273
2021-06-14 09:59:39,2941.0,155499
2021-06-14 09:59:40,2941.0,155499
2021-06-14 09:59:41,2941.0,155499
2021-06-14 09:59:42,2940.15,155543
2021-06-14 09:59:44,2940.15,155543
2021-06-14 09:59:45,2940.15,155543
2021-06-14 09:59:45,2940.15,155543
2021-06-14 09:59:46,2939.6,155644
2021-06-14 09:59:47,2942.0,155673
2021-06-14 09:59:48,2940.8,155881
2021-06-14 09:59:49,2940.8,155881
2021-06-14 09:59:50,2940.5,155962
2021-06-14 09:59:51,2940.5,155962
2021-06-14 09:59:52,2940.5,155962
2021-06-14 09:59:53,2940.5,155962
2021-06-14 09:59:54,2940.5,155962
2021-06-14 09:59:55,2941.1,156012
2021-06-14 09:59:56,2941.1,156012
2021-06-14 09:59:57,2939.9,156019
2021-06-14 09:59:58,2939.9,156019
2021-06-14 10:00:01,2941.1,156036
2021-06-14 10:00:02,2940.75,156094
2021-06-14 10:00:03,2940.25,156095
2021-06-14 10:00:03,2940.75,156094
2021-06-14 10:00:04,2940.25,156095
2021-06-14 10:00:05,2940.25,156095
2021-06-14 10:00:06,2940.6,156096
2021-06-14 10:00:07,2940.6,156096
2021-06-14 10:00:09,2940.6,156096
2021-06-14 10:00:10,2940.6,156096
2021-06-14 10:00:11,2940.3,156128
2021-06-14 10:00:14,2940.3,156128
2021-06-14 10:00:14,2940.3,156128
2021-06-14 10:00:15,2940.3,156128
2021-06-14 10:00:16,2940.3,156138
2021-06-14 10:00:17,2940.4,156140
2021-06-14 10:00:18,2940.4,156140
2021-06-14 10:00:20,2940.05,156142
2021-06-14 10:00:21,2940.05,156142
2021-06-14 10:00:22,2940.05,156142
2021-06-14 10:00:23,2940.05,156142
2021-06-14 10:00:24,2940.05,156142
2021-06-14 10:00:25,2940.3,156143
2021-06-14 10:00:26,2940.3,156146
2021-06-14 10:00:27,2940.3,156146
2021-06-14 10:00:28,2940.3,156146
2021-06-14 10:00:29,2940.3,156146
2021-06-14 10:00:30,2940.4,156156
2021-06-14 10:00:31,2940.4,156156
2021-06-14 10:00:32,2940.4,156156
2021-06-14 10:00:33,2940.4,156156
2021-06-14 10:00:34,2940.4,156156
2021-06-14 10:00:35,2940.4,156183
2021-06-14 10:00:36,2940.05,156184
2021-06-14 10:00:37,2940.65,156188
2021-06-14 10:00:38,2940.65,156188
2021-06-14 10:00:39,2940.65,156189
2021-06-14 10:00:40,2941.0,156249
2021-06-14 10:00:41,2941.0,156249
2021-06-14 10:00:42,2941.95,156274
2021-06-14 10:00:43,2940.95,156276
2021-06-14 10:00:44,2940.95,156276
2021-06-14 10:00:45,2940.95,156276
2021-06-14 10:00:47,2942.0,156291
2021-06-14 10:00:48,2942.0,156293
2021-06-14 10:00:49,2942.0,156293
2021-06-14 10:00:50,2942.0,156293
2021-06-14 10:00:51,2941.45,156294
2021-06-14 10:00:52,2942.0,156309
2021-06-14 10:00:53,2942.0,156311
2021-06-14 10:00:54,2942.0,156345
2021-06-14 10:00:55,2942.0,156380
2021-06-14 10:00:56,2942.0,156380
2021-06-14 10:00:57,2942.0,156430
2021-06-14 10:00:57,2942.0,156430
2021-06-14 10:01:00,2942.0,156470
2021-06-14 10:01:01,2942.0,156470
2021-06-14 10:01:03,2942.0,156473
2021-06-14 10:01:04,2942.0,156473
2021-06-14 10:01:05,2942.0,156480
2021-06-14 10:01:05,2942.0,156480
2021-06-14 10:01:07,2942.0,156480
2021-06-14 10:01:08,2942.0,156518
2021-06-14 10:01:09,2942.0,156518
2021-06-14 10:01:10,2942.0,156646
2021-06-14 10:01:11,2942.0,156656
2021-06-14 10:01:12,2942.0,156658
2021-06-14 10:01:13,2942.0,156659
2021-06-14 10:01:14,2942.0,156659
2021-06-14 10:01:14,2942.0,156659
2021-06-14 10:01:16,2942.0,156659
2021-06-14 10:01:17,2942.0,156703
2021-06-14 10:01:18,2942.0,156703
2021-06-14 10:01:21,2942.0,156739
2021-06-14 10:01:21,2942.0,156739
2021-06-14 10:01:22,2942.75,156760
2021-06-14 10:01:23,2942.75,156762
2021-06-14 10:01:24,2942.65,156763
2021-06-14 10:01:26,2942.65,156763
2021-06-14 10:01:27,2942.65,156763
2021-06-14 10:01:28,2942.0,156798
2021-06-14 10:01:30,2942.0,156798
2021-06-14 10:01:31,2942.0,156799
2021-06-14 10:01:32,2942.35,156800
2021-06-14 10:01:32,2942.45,156806
2021-06-14 10:01:33,2942.45,156806
2021-06-14 10:01:35,2941.9,156913
2021-06-14 10:01:38,2942.7,156938
2021-06-14 10:01:39,2942.7,156938
2021-06-14 10:01:40,2942.15,157042
2021-06-14 10:01:41,2942.15,157042
2021-06-14 10:01:42,2942.15,157047
2021-06-14 10:01:43,2942.15,157330
2021-06-14 10:01:43,2942.15,157330
2021-06-14 10:01:44,2942.15,157330
2021-06-14 10:01:45,2942.0,157354
2021-06-14 10:01:47,2942.0,157356
2021-06-14 10:01:48,2942.0,157356
2021-06-14 10:01:48,2941.5,157377
2021-06-14 10:01:49,2941.5,157377
2021-06-14 10:01:50,2942.15,157509
2021-06-14 10:01:51,2941.0,157511
2021-06-14 10:01:54,2942.1,157535
2021-06-14 10:01:55,2942.25,157575
2021-06-14 10:01:56,2941.95,157628
2021-06-14 10:01:57,2941.95,157628
2021-06-14 10:01:58,2941.95,157628
2021-06-14 10:01:59,2941.95,157628
2021-06-14 10:02:00,2941.95,157628
2021-06-14 10:02:01,2940.3,157687
2021-06-14 10:02:02,2939.0,157988
2021-06-14 10:02:03,2940.3,157989
2021-06-14 10:02:04,2940.3,158004
2021-06-14 10:02:05,2940.4,158072
2021-06-14 10:02:06,2940.4,158072
2021-06-14 10:02:07,2940.4,158072
2021-06-14 10:02:08,2940.4,158072
2021-06-14 10:02:08,2940.4,158072
2021-06-14 10:02:09,2940.4,158072
2021-06-14 10:02:11,2940.2,158075
2021-06-14 10:02:12,2940.15,158076
2021-06-14 10:02:12,2940.15,158076
2021-06-14 10:02:13,2936.0,158490
2021-06-14 10:02:16,2936.65,159228
2021-06-14 10:02:17,2936.65,159228
2021-06-14 10:02:18,2936.65,159228
2021-06-14 10:02:19,2937.55,159230
2021-06-14 10:02:20,2937.55,159266
2021-06-14 10:02:20,2937.55,159266
2021-06-14 10:02:21,2937.55,159266
2021-06-14 10:02:22,2937.55,159266
2021-06-14 10:02:23,2937.05,159291
2021-06-14 10:02:24,2937.05,159294
2021-06-14 10:02:25,2937.05,159294
2021-06-14 10:02:26,2937.05,159294
2021-06-14 10:02:30,2937.55,159295
2021-06-14 10:02:32,2938.0,159431
2021-06-14 10:02:33,2939.65,159436
2021-06-14 10:02:34,2939.65,159436
2021-06-14 10:02:35,2940.4,159438
2021-06-14 10:02:36,2939.1,159468
2021-06-14 10:02:36,2939.1,159468
2021-06-14 10:02:37,2939.1,159468
2021-06-14 10:02:38,2939.1,159468
2021-06-14 10:02:40,2939.1,159468
2021-06-14 10:02:41,2939.1,159468
2021-06-14 10:02:42,2939.1,159468
2021-06-14 10:02:43,2940.35,159471
2021-06-14 10:02:44,2940.35,159471
2021-06-14 10:02:45,2940.35,159471
2021-06-14 10:02:46,2940.35,159471
2021-06-14 10:02:47,2940.35,159471
2021-06-14 10:02:48,2940.35,159471
2021-06-14 10:02:49,2940.35,159471
2021-06-14 10:02:50,2940.35,159471
2021-06-14 10:02:51,2939.65,159481
2021-06-14 10:02:52,2939.65,159481
2021-06-14 10:02:53,2939.65,159481
2021-06-14 10:02:53,2939.1,159608
2021-06-14 10:02:56,2939.1,159608
2021-06-14 10:02:57,2940.0,159609
2021-06-14 10:02:59,2939.0,159629
2021-06-14 10:02:59,2939.0,159629
2021-06-14 10:03:01,2939.0,160018
2021-06-14 10:03:01,2938.5,160040
2021-06-14 10:03:02,2939.1,160197
2021-06-14 10:03:03,2939.15,160202
2021-06-14 10:03:05,2939.1,160203
2021-06-14 10:03:06,2937.7,160221
2021-06-14 10:03:07,2937.7,160221
2021-06-14 10:03:08,2937.7,160221
2021-06-14 10:03:09,2938.9,160231
2021-06-14 10:03:10,2938.9,160231
2021-06-14 10:03:11,2938.9,160231
2021-06-14 10:03:12,2938.9,160231
2021-06-14 10:03:13,2938.9,160231
2021-06-14 10:03:14,2938.9,160231
2021-06-14 10:03:16,2938.8,160236
2021-06-14 10:03:17,2938.8,160239
2021-06-14 10:03:17,2938.8,160239
2021-06-14 10:03:18,2938.8,160239
2021-06-14 10:03:19,2937.6,160240
2021-06-14 10:03:21,2937.0,160250
2021-06-14 10:03:22,2937.0,160250
2021-06-14 10:03:23,2937.0,160260
2021-06-14 10:03:24,2937.6,160262
2021-06-14 10:03:28,2936.7,160337
2021-06-14 10:03:31,2937.6,160339
2021-06-14 10:03:31,2937.6,160339
2021-06-14 10:03:33,2937.6,160339
2021-06-14 10:03:34,2937.6,160339
2021-06-14 10:03:35,2937.6,160342
2021-06-14 10:03:36,2937.6,160343
2021-06-14 10:03:37,2937.6,160343
2021-06-14 10:03:37,2937.6,160343
2021-06-14 10:03:39,2937.0,160348
2021-06-14 10:03:40,2937.6,160352
2021-06-14 10:03:41,2937.6,160353
2021-06-14 10:03:43,2937.8,160393
2021-06-14 10:03:43,2937.8,160393
2021-06-14 10:03:44,2937.8,160393
2021-06-14 10:03:45,2937.8,160393
2021-06-14 10:03:46,2937.0,160421
2021-06-14 10:03:47,2937.0,160421
2021-06-14 10:03:48,2937.0,160421
2021-06-14 10:03:50,2937.0,160421
2021-06-14 10:03:50,2937.0,160421
2021-06-14 10:03:51,2937.0,160443
2021-06-14 10:03:54,2937.0,160443
2021-06-14 10:03:54,2937.0,160443
2021-06-14 10:03:55,2938.0,160681
2021-06-14 10:03:57,2938.0,160681
2021-06-14 10:03:58,2937.65,160693
2021-06-14 10:03:58,2937.6,160688
2021-06-14 10:03:59,2937.65,160693
2021-06-14 10:04:01,2937.65,160693
2021-06-14 10:04:02,2937.65,160693
2021-06-14 10:04:03,2937.65,160693
2021-06-14 10:04:04,2938.0,160695
2021-06-14 10:04:05,2938.0,160695
2021-06-14 10:04:06,2938.2,160696
2021-06-14 10:04:06,2938.2,160696
2021-06-14 10:04:09,2939.0,162964
2021-06-14 10:04:09,2939.0,162964
2021-06-14 10:04:10,2939.0,162964
2021-06-14 10:04:12,2939.0,162964
2021-06-14 10:04:13,2940.0,162974
2021-06-14 10:04:14,2940.0,162976
2021-06-14 10:04:16,2940.0,162976
2021-06-14 10:04:17,2940.0,162976
2021-06-14 10:04:18,2940.0,162976
2021-06-14 10:04:19,2938.2,163506
2021-06-14 10:04:20,2938.55,163508
2021-06-14 10:04:21,2938.55,163508
2021-06-14 10:04:22,2938.55,163508
2021-06-14 10:04:23,2938.55,163508
2021-06-14 10:04:24,2938.55,163508
2021-06-14 10:04:25,2938.55,163508
2021-06-14 10:04:25,2939.75,163511
2021-06-14 10:04:27,2939.75,163511
2021-06-14 10:04:28,2938.25,163513
2021-06-14 10:04:29,2938.25,163517
2021-06-14 10:04:31,2939.3,163518
2021-06-14 10:04:32,2939.3,163518
2021-06-14 10:04:33,2939.25,163538
2021-06-14 10:04:34,2938.0,163539
2021-06-14 10:04:35,2939.25,163540
2021-06-14 10:04:36,2939.25,163540
2021-06-14 10:04:37,2939.25,163540
2021-06-14 10:04:38,2939.25,163540
2021-06-14 10:04:39,2939.25,163540
2021-06-14 10:04:40,2938.45,163590
2021-06-14 10:04:40,2938.45,163590
2021-06-14 10:04:41,2941.75,165301
2021-06-14 10:04:42,2941.75,165301
2021-06-14 10:04:44,2941.75,165301
2021-06-14 10:04:45,2940.25,165302
2021-06-14 10:04:46,2941.0,165322
2021-06-14 10:04:47,2940.4,165367
2021-06-14 10:04:47,2940.4,165367
2021-06-14 10:04:49,2940.4,165367
2021-06-14 10:04:50,2940.4,165370
2021-06-14 10:04:51,2940.4,165371
2021-06-14 10:04:52,2940.4,165371
2021-06-14 10:04:54,2940.4,165371
2021-06-14 10:04:55,2940.4,165372
2021-06-14 10:04:56,2940.4,165373
2021-06-14 10:04:57,2940.4,165373
2021-06-14 10:04:58,2940.4,165373
2021-06-14 10:04:59,2941.0,166423
2021-06-14 10:05:00,2940.85,166424
2021-06-14 10:05:01,2940.85,166426
2021-06-14 10:05:02,2940.85,166426
2021-06-14 10:05:03,2940.85,166426
2021-06-14 10:05:04,2940.85,166426
2021-06-14 10:05:04,2940.85,166426
2021-06-14 10:05:06,2940.85,166426
2021-06-14 10:05:07,2940.85,166426
2021-06-14 10:05:08,2941.0,166431
2021-06-14 10:05:09,2941.0,166431
2021-06-14 10:05:10,2941.0,166431
2021-06-14 10:05:11,2941.0,166431
2021-06-14 10:05:12,2941.0,166431
2021-06-14 10:05:13,2941.0,166431
2021-06-14 10:05:14,2941.95,166444
2021-06-14 10:05:15,2940.9,166448
2021-06-14 10:05:16,2940.9,166456
2021-06-14 10:05:17,2940.9,166456
2021-06-14 10:05:18,2940.9,166456
2021-06-14 10:05:19,2941.95,166697
2021-06-14 10:05:20,2943.0,166714
2021-06-14 10:05:21,2945.05,168317
2021-06-14 10:05:22,2945.9,168436
2021-06-14 10:05:23,2945.25,168450
2021-06-14 10:05:24,2945.6,168473
2021-06-14 10:05:25,2945.6,168498
2021-06-14 10:05:26,2945.6,168498
2021-06-14 10:05:27,2945.25,168639
2021-06-14 10:05:28,2945.25,168639
2021-06-14 10:05:29,2947.0,168743
2021-06-14 10:05:30,2947.0,168743
2021-06-14 10:05:31,2945.8,168753
2021-06-14 10:05:32,2945.8,168753
2021-06-14 10:05:33,2946.95,168756
2021-06-14 10:05:34,2946.95,168756
2021-06-14 10:05:35,2946.05,169548
2021-06-14 10:05:36,2947.0,169663
2021-06-14 10:05:37,2946.05,169917
2021-06-14 10:05:38,2946.05,169917
2021-06-14 10:05:39,2947.45,169919
2021-06-14 10:05:40,2947.5,170021
2021-06-14 10:05:41,2947.5,170023
2021-06-14 10:05:42,2947.55,170033
2021-06-14 10:05:43,2946.1,170058
2021-06-14 10:05:44,2946.1,170058
2021-06-14 10:05:45,2946.1,170058
2021-06-14 10:05:47,2947.55,170173
2021-06-14 10:05:46,2947.55,170173
2021-06-14 10:05:48,2947.55,170173
2021-06-14 10:05:49,2947.55,170173
2021-06-14 10:05:51,2947.55,170178
2021-06-14 10:05:50,2947.55,170175
2021-06-14 10:05:52,2947.55,170178
2021-06-14 10:05:53,2947.45,170179
2021-06-14 10:05:54,2946.2,170199
2021-06-14 10:05:55,2946.2,170199
2021-06-14 10:05:56,2946.2,170199
2021-06-14 10:05:57,2946.2,170199
2021-06-14 10:05:58,2947.45,170208
2021-06-14 10:05:59,2947.3,170217
2021-06-14 10:06:00,2946.85,170238
2021-06-14 10:06:02,2946.85,170307
2021-06-14 10:06:03,2947.1,170313
2021-06-14 10:06:04,2947.1,170313
2021-06-14 10:06:05,2947.1,170313
2021-06-14 10:06:06,2946.2,170449
2021-06-14 10:06:07,2946.1,170659
2021-06-14 10:06:08,2946.95,170714
2021-06-14 10:06:09,2946.95,170714
2021-06-14 10:06:10,2946.1,170758
2021-06-14 10:06:11,2946.7,170763
2021-06-14 10:06:12,2946.1,170889
2021-06-14 10:06:13,2946.1,170889
2021-06-14 10:06:14,2946.1,170889
2021-06-14 10:06:15,2946.1,170889
2021-06-14 10:06:16,2946.65,170892
2021-06-14 10:06:17,2946.1,170912
2021-06-14 10:06:18,2946.1,170912
2021-06-14 10:06:19,2946.65,170930
2021-06-14 10:06:21,2946.65,170930
2021-06-14 10:06:20,2946.65,170930
2021-06-14 10:06:22,2946.65,170930
2021-06-14 10:06:23,2946.65,170930
2021-06-14 10:06:24,2946.65,170948
2021-06-14 10:06:25,2946.65,171118
2021-06-14 10:06:26,2947.05,171254
2021-06-14 10:06:27,2946.3,171384
2021-06-14 10:06:28,2947.5,171408
2021-06-14 10:06:29,2947.5,171420
2021-06-14 10:06:30,2947.5,171420
2021-06-14 10:06:31,2946.65,171482
2021-06-14 10:06:32,2947.5,171483
2021-06-14 10:06:33,2947.5,171483
2021-06-14 10:06:34,2947.5,171483
2021-06-14 10:06:35,2947.5,171493
2021-06-14 10:06:36,2947.5,171493
2021-06-14 10:06:37,2947.5,171509
2021-06-14 10:06:38,2946.4,171510
2021-06-14 10:06:39,2946.65,171561
2021-06-14 10:06:40,2947.9,171562
2021-06-14 10:06:41,2947.9,171564
2021-06-14 10:06:42,2947.9,171564
2021-06-14 10:06:43,2948.0,171574
2021-06-14 10:06:44,2947.0,171582
2021-06-14 10:06:45,2947.0,171592
2021-06-14 10:06:46,2947.0,171592
2021-06-14 10:06:47,2947.0,171592
2021-06-14 10:06:48,2947.0,171592
2021-06-14 10:06:49,2947.0,171592
2021-06-14 10:06:50,2947.45,171640
2021-06-14 10:06:52,2947.55,171722
2021-06-14 10:06:53,2947.55,171722
2021-06-14 10:06:54,2947.55,171722
2021-06-14 10:06:55,2946.9,171897
2021-06-14 10:06:56,2947.55,171907
2021-06-14 10:06:57,2947.65,171981
2021-06-14 10:06:58,2948.0,171988
2021-06-14 10:06:59,2948.0,172018
2021-06-14 10:07:00,2948.0,172054
2021-06-14 10:07:01,2947.55,172055
2021-06-14 10:07:02,2947.55,172055
2021-06-14 10:07:03,2947.45,172100
2021-06-14 10:07:04,2947.45,172100
2021-06-14 10:07:05,2947.95,172152
2021-06-14 10:07:06,2947.45,172157
2021-06-14 10:07:07,2947.45,172157
2021-06-14 10:07:08,2947.45,172158
2021-06-14 10:07:09,2947.45,172158
2021-06-14 10:07:10,2947.45,172208
2021-06-14 10:07:11,2947.95,172260
2021-06-14 10:07:12,2947.95,172260
2021-06-14 10:07:13,2947.95,172260
2021-06-14 10:07:14,2949.8,172676
2021-06-14 10:07:15,2950.0,172907
2021-06-14 10:07:16,2950.0,172908
2021-06-14 10:07:17,2950.0,173008
2021-06-14 10:07:18,2948.65,173021
2021-06-14 10:07:19,2950.0,174033
2021-06-14 10:07:20,2950.0,174052
2021-06-14 10:07:21,2950.0,174056
2021-06-14 10:07:22,2950.25,175076
2021-06-14 10:07:23,2949.6,175096
2021-06-14 10:07:25,2949.1,175098
2021-06-14 10:07:27,2951.1,176219
2021-06-14 10:07:28,2951.1,176219
2021-06-14 10:07:29,2951.1,176219
2021-06-14 10:07:30,2951.1,176219
2021-06-14 10:07:31,2950.0,176231
2021-06-14 10:07:32,2950.0,176281
2021-06-14 10:07:33,2951.1,176291
2021-06-14 10:07:34,2951.1,176294
2021-06-14 10:07:35,2950.0,176412
2021-06-14 10:07:36,2949.9,176413
2021-06-14 10:07:37,2950.0,176628
2021-06-14 10:07:38,2950.0,176628
2021-06-14 10:07:39,2950.15,176638
2021-06-14 10:07:41,2951.0,176759
2021-06-14 10:07:42,2951.0,176759
2021-06-14 10:07:43,2951.0,176760
2021-06-14 10:07:44,2951.25,176815
2021-06-14 10:07:45,2951.25,176826
2021-06-14 10:07:46,2951.5,177156
2021-06-14 10:07:47,2952.0,177167
2021-06-14 10:07:48,2952.5,177211
2021-06-14 10:07:49,2952.9,177537
2021-06-14 10:07:50,2951.7,177658
2021-06-14 10:07:52,2951.55,177669
2021-06-14 10:07:53,2951.55,177698
2021-06-14 10:07:54,2952.55,177718
2021-06-14 10:07:54,2952.55,177718
2021-06-14 10:07:55,2952.55,177748
2021-06-14 10:07:57,2952.7,177813
2021-06-14 10:07:58,2952.7,177813
2021-06-14 10:07:59,2953.05,177826
2021-06-14 10:08:00,2953.05,177826
2021-06-14 10:08:01,2952.55,177830
2021-06-14 10:08:02,2953.25,177836
2021-06-14 10:08:03,2953.25,177836
2021-06-14 10:08:04,2953.25,177836
2021-06-14 10:08:05,2952.0,177837
2021-06-14 10:08:06,2952.0,177837
2021-06-14 10:08:07,2951.8,178088
2021-06-14 10:08:08,2951.8,178088
2021-06-14 10:08:09,2952.0,178138
2021-06-14 10:08:11,2951.9,178155
2021-06-14 10:08:12,2951.9,178155
2021-06-14 10:08:12,2951.9,178155
2021-06-14 10:08:13,2951.9,178155
2021-06-14 10:08:15,2952.0,178164
2021-06-14 10:08:16,2951.85,178363
2021-06-14 10:08:17,2951.9,178366
2021-06-14 10:08:17,2951.9,178367
2021-06-14 10:08:18,2951.85,178380
2021-06-14 10:08:19,2951.9,178390
2021-06-14 10:08:20,2951.0,178396
2021-06-14 10:08:21,2951.9,178406
2021-06-14 10:08:22,2951.9,178406
2021-06-14 10:08:23,2951.2,178413
2021-06-14 10:08:24,2951.15,178423
2021-06-14 10:08:25,2951.15,178423
2021-06-14 10:08:26,2951.9,178425
2021-06-14 10:08:27,2949.5,178650
2021-06-14 10:08:28,2949.6,178685
2021-06-14 10:08:29,2948.05,178998
2021-06-14 10:08:30,2949.4,179454
2021-06-14 10:08:32,2948.25,179464
2021-06-14 10:08:33,2948.25,179464
2021-06-14 10:08:34,2951.05,179538
2021-06-14 10:08:34,2951.05,179538
2021-06-14 10:08:35,2951.05,179538
2021-06-14 10:08:36,2950.0,179545
2021-06-14 10:08:37,2948.65,180075
2021-06-14 10:08:38,2949.85,180076
2021-06-14 10:08:39,2948.0,180096
2021-06-14 10:08:40,2948.0,180096
2021-06-14 10:08:41,2948.0,180096
2021-06-14 10:08:42,2948.7,180098
2021-06-14 10:08:43,2947.8,180108
2021-06-14 10:08:44,2947.8,180108
2021-06-14 10:08:46,2947.8,180108
2021-06-14 10:08:47,2949.4,180118
2021-06-14 10:08:47,2949.4,180118
2021-06-14 10:08:48,2949.4,180118
2021-06-14 10:08:49,2949.4,180118
2021-06-14 10:08:50,2948.75,180120
2021-06-14 10:08:51,2948.75,180128
2021-06-14 10:08:52,2948.75,180128
2021-06-14 10:08:54,2948.75,180128
2021-06-14 10:08:55,2948.75,180128
2021-06-14 10:08:55,2948.75,180128
2021-06-14 10:08:56,2949.4,180130
2021-06-14 10:08:57,2949.4,180130
2021-06-14 10:08:58,2949.4,180130
2021-06-14 10:08:59,2949.4,180131
2021-06-14 10:09:00,2949.4,180145
2021-06-14 10:09:01,2949.4,180145
2021-06-14 10:09:02,2949.4,180145
2021-06-14 10:09:03,2949.4,180145
2021-06-14 10:09:04,2949.0,180146
2021-06-14 10:09:05,2949.4,180226
2021-06-14 10:09:06,2949.4,180226
2021-06-14 10:09:08,2948.75,180248
2021-06-14 10:09:09,2948.75,180248
2021-06-14 10:09:10,2948.75,180248
2021-06-14 10:09:11,2948.75,180248
2021-06-14 10:09:12,2949.4,180329
2021-06-14 10:09:13,2949.45,180350
2021-06-14 10:09:14,2949.45,180350
2021-06-14 10:09:16,2949.45,180350
2021-06-14 10:09:16,2949.45,180350
2021-06-14 10:09:18,2950.05,180471
2021-06-14 10:09:19,2950.05,180476
2021-06-14 10:09:20,2950.05,180476
2021-06-14 10:09:20,2950.05,180476
2021-06-14 10:09:21,2949.5,180486
2021-06-14 10:09:22,2949.5,180486
2021-06-14 10:09:23,2950.2,180487
2021-06-14 10:09:24,2950.2,180574
2021-06-14 10:09:26,2949.55,180774
2021-06-14 10:09:27,2949.55,180774
2021-06-14 10:09:28,2949.6,180775
2021-06-14 10:09:29,2949.6,180775
2021-06-14 10:09:30,2950.85,180795
2021-06-14 10:09:31,2950.85,180795
2021-06-14 10:09:32,2950.05,180796
2021-06-14 10:09:33,2950.05,180796
2021-06-14 10:09:34,2949.65,180816
2021-06-14 10:09:35,2949.65,180816
2021-06-14 10:09:37,2951.0,180966
2021-06-14 10:09:38,2951.0,180966
2021-06-14 10:09:39,2951.0,180966
2021-06-14 10:09:40,2950.9,180976
2021-06-14 10:09:41,2949.5,180977
2021-06-14 10:09:42,2949.5,180978
2021-06-14 10:09:43,2949.5,180978
2021-06-14 10:09:44,2949.5,180978
2021-06-14 10:09:45,2949.4,181028
2021-06-14 10:09:46,2949.4,181030
2021-06-14 10:09:47,2949.4,181030
2021-06-14 10:09:48,2949.4,181030
2021-06-14 10:09:49,2947.75,182486
2021-06-14 10:09:51,2947.0,182516
2021-06-14 10:09:52,2946.8,183043
2021-06-14 10:09:53,2945.5,183056
2021-06-14 10:09:53,2945.5,183056
2021-06-14 10:09:54,2945.5,183056
2021-06-14 10:09:55,2945.5,183088
2021-06-14 10:09:56,2945.5,183088
2021-06-14 10:09:57,2946.7,183091
2021-06-14 10:09:59,2945.5,183092
2021-06-14 10:10:00,2945.5,183092
2021-06-14 10:10:01,2945.55,183099
2021-06-14 10:10:02,2945.55,183099
2021-06-14 10:10:03,2947.3,183451
2021-06-14 10:10:04,2948.0,183481
2021-06-14 10:10:05,2949.6,183505
2021-06-14 10:10:06,2949.6,183505
2021-06-14 10:10:08,2951.55,183605
2021-06-14 10:10:09,2951.85,183610
2021-06-14 10:10:09,2951.85,183610
2021-06-14 10:10:10,2951.85,183610
2021-06-14 10:10:11,2951.85,183610
2021-06-14 10:10:12,2951.65,183611
2021-06-14 10:10:14,2949.75,183662
2021-06-14 10:10:15,2949.75,183662
2021-06-14 10:10:15,2949.35,183738
2021-06-14 10:10:16,2950.75,183755
2021-06-14 10:10:17,2949.0,183820
2021-06-14 10:10:18,2949.0,183820
2021-06-14 10:10:19,2949.0,183820
2021-06-14 10:10:22,2949.65,183822
2021-06-14 10:10:23,2949.05,183824
2021-06-14 10:10:24,2949.05,183824
2021-06-14 10:10:25,2949.0,183995
2021-06-14 10:10:26,2947.05,184295
2021-06-14 10:10:27,2947.05,184295
2021-06-14 10:10:27,2947.0,184310
2021-06-14 10:10:28,2947.0,184320
2021-06-14 10:10:29,2947.0,184320
2021-06-14 10:10:30,2947.0,184320
2021-06-14 10:10:31,2948.6,184330
2021-06-14 10:10:33,2948.6,184330
2021-06-14 10:10:34,2948.6,184330
2021-06-14 10:10:35,2947.35,184350
2021-06-14 10:10:36,2948.15,184359
2021-06-14 10:10:37,2948.15,184359
2021-06-14 10:10:37,2948.15,184359
2021-06-14 10:10:38,2949.05,184361
2021-06-14 10:10:39,2948.65,184452
2021-06-14 10:10:40,2947.85,184466
2021-06-14 10:10:41,2947.85,184466
2021-06-14 10:10:42,2947.85,184466
2021-06-14 10:10:44,2947.85,184466
2021-06-14 10:10:45,2948.3,184626
2021-06-14 10:10:46,2950.0,184627
2021-06-14 10:10:47,2950.0,184649
2021-06-14 10:10:48,2950.1,184655
2021-06-14 10:10:49,2950.1,184655
2021-06-14 10:10:50,2950.1,184655
2021-06-14 10:10:50,2950.1,184655
2021-06-14 10:10:51,2950.4,184665
2021-06-14 10:10:52,2948.65,184689
2021-06-14 10:10:53,2948.5,184692
2021-06-14 10:10:55,2948.5,184692
2021-06-14 10:10:56,2949.5,184712
2021-06-14 10:10:57,2949.5,184712
2021-06-14 10:10:57,2949.35,184775
2021-06-14 10:10:58,2948.8,185249
2021-06-14 10:10:59,2948.8,185249
2021-06-14 10:11:00,2948.8,185249
2021-06-14 10:11:01,2949.4,185256
2021-06-14 10:11:02,2949.4,185256
2021-06-14 10:11:03,2949.4,185256
2021-06-14 10:11:04,2949.4,185256
2021-06-14 10:11:05,2948.85,185258
2021-06-14 10:11:06,2948.85,185258
2021-06-14 10:11:07,2948.4,185259
2021-06-14 10:11:08,2948.0,185393
2021-06-14 10:11:09,2948.0,185393
2021-06-14 10:11:11,2948.1,185396
2021-06-14 10:11:12,2948.15,185412
2021-06-14 10:11:13,2948.15,185412
2021-06-14 10:11:14,2948.15,185412
2021-06-14 10:11:15,2948.15,185412
2021-06-14 10:11:15,2948.15,185412
2021-06-14 10:11:16,2948.15,185412
2021-06-14 10:11:17,2948.15,185412
2021-06-14 10:11:18,2948.15,185412
2021-06-14 10:11:19,2948.0,185443
2021-06-14 10:11:20,2948.3,186271
2021-06-14 10:11:21,2949.0,186371
2021-06-14 10:11:22,2949.8,186372
2021-06-14 10:11:24,2949.8,186372
2021-06-14 10:11:25,2949.8,186372
2021-06-14 10:11:26,2948.7,186393
2021-06-14 10:11:28,2948.7,186393
2021-06-14 10:11:30,2949.4,186436
2021-06-14 10:11:31,2949.4,186436
2021-06-14 10:11:33,2949.4,186436
2021-06-14 10:11:35,2949.15,186441
2021-06-14 10:11:35,2950.0,186464
2021-06-14 10:11:37,2950.0,186479
2021-06-14 10:11:38,2950.0,186479
2021-06-14 10:11:38,2950.0,186479
2021-06-14 10:11:40,2949.4,186489
2021-06-14 10:11:41,2949.4,186489
2021-06-14 10:11:43,2949.4,186489
2021-06-14 10:11:43,2949.4,186489
2021-06-14 10:11:44,2949.4,186489
2021-06-14 10:11:45,2949.4,186489
2021-06-14 10:11:46,2949.4,186489
2021-06-14 10:11:47,2950.0,186490
2021-06-14 10:11:48,2950.0,186490
2021-06-14 10:11:50,2950.0,186491
2021-06-14 10:11:51,2950.0,186491
2021-06-14 10:11:52,2950.0,186571
2021-06-14 10:11:54,2950.0,186571
2021-06-14 10:11:55,2950.0,186572
2021-06-14 10:11:56,2950.0,186572
2021-06-14 10:11:57,2949.4,186574
2021-06-14 10:11:58,2949.4,186575
2021-06-14 10:11:59,2950.0,186579
2021-06-14 10:12:00,2950.0,186579
2021-06-14 10:12:01,2950.0,186584
2021-06-14 10:12:02,2950.0,186596
2021-06-14 10:12:03,2950.0,186993
2021-06-14 10:12:05,2950.0,186995
2021-06-14 10:12:07,2950.4,187007
2021-06-14 10:12:08,2950.4,187007
2021-06-14 10:12:09,2950.4,187007
2021-06-14 10:12:10,2950.4,187014
2021-06-14 10:12:10,2950.4,187016
2021-06-14 10:12:11,2951.0,187020
2021-06-14 10:12:12,2950.15,187040
2021-06-14 10:12:13,2950.15,187040
2021-06-14 10:12:14,2950.1,187090
2021-06-14 10:12:16,2951.0,187105
