timestamp,ltp,volume
2021-06-14 09:15:43,732.0,100487
2021-06-14 09:15:50,732.1,107877
2021-06-14 09:15:55,732.3,111871
2021-06-14 09:16:01,732.5,115955
2021-06-14 09:16:06,733.2,133027
2021-06-14 09:16:11,733.25,140798
2021-06-14 09:16:16,733.55,145691
2021-06-14 09:16:21,733.2,147589
2021-06-14 09:16:27,733.45,149700
2021-06-14 09:16:32,733.6,151990
2021-06-14 09:16:37,733.55,154158
2021-06-14 09:16:42,733.4,157350
2021-06-14 09:16:47,733.35,162517
2021-06-14 09:16:52,733.0,168114
2021-06-14 09:16:57,733.2,169376
2021-06-14 09:17:02,733.05,173911
2021-06-14 09:17:08,732.85,176573
2021-06-14 09:17:13,733.1,178556
2021-06-14 09:17:18,732.8,181899
2021-06-14 09:17:23,732.5,182695
2021-06-14 09:17:28,732.85,187564
2021-06-14 09:17:33,732.75,189736
2021-06-14 09:17:38,732.3,194387
2021-06-14 09:17:43,732.45,195783
2021-06-14 09:17:48,732.3,196789
2021-06-14 09:17:53,732.35,199121
2021-06-14 09:17:58,732.5,200879
2021-06-14 09:18:03,732.45,202216
2021-06-14 09:18:08,732.5,211247
2021-06-14 09:18:13,732.5,211866
2021-06-14 09:18:18,732.5,215489
2021-06-14 09:18:23,732.5,217746
2021-06-14 09:18:28,732.75,219674
2021-06-14 09:18:33,732.5,221365
2021-06-14 09:18:38,732.8,230204
2021-06-14 09:18:42,732.6,230815
2021-06-14 09:18:47,732.65,231420
2021-06-14 09:18:52,732.65,233107
2021-06-14 09:18:57,732.8,234071
2021-06-14 09:19:02,732.8,236034
2021-06-14 09:19:07,732.8,245352
2021-06-14 09:19:12,732.5,246914
2021-06-14 09:19:17,732.5,247920
2021-06-14 09:19:22,732.5,250362
2021-06-14 09:19:27,732.75,251991
2021-06-14 09:19:31,732.8,252589
2021-06-14 09:19:36,732.5,255688
2021-06-14 09:19:41,732.7,258162
2021-06-14 09:19:46,731.9,276580
2021-06-14 09:19:51,731.65,279879
2021-06-14 09:19:56,732.1,282419
2021-06-14 09:20:00,731.6,285177
2021-06-14 09:20:05,731.5,289052
2021-06-14 09:20:10,731.5,292063
2021-06-14 09:20:15,731.05,294636
2021-06-14 09:20:25,731.05,312493
2021-06-14 09:20:30,731.1,315169
2021-06-14 09:20:35,731.05,318403
2021-06-14 09:20:39,730.8,320899
2021-06-14 09:20:48,730.85,327307
2021-06-14 09:20:53,731.45,338170
2021-06-14 09:20:58,731.65,339525
2021-06-14 09:21:03,731.45,340478
2021-06-14 09:21:08,731.75,342537
2021-06-14 09:21:12,731.4,345296
2021-06-14 09:21:22,731.4,348477
2021-06-14 09:21:26,731.45,349965
2021-06-14 09:21:31,731.6,351729
2021-06-14 09:21:36,731.6,353496
2021-06-14 09:21:40,731.6,354111
2021-06-14 09:21:45,731.4,354403
2021-06-14 09:21:49,731.45,355697
2021-06-14 09:21:54,731.45,358282
2021-06-14 09:21:58,731.5,360233
2021-06-14 09:22:03,731.5,360732
2021-06-14 09:22:08,731.6,362595
2021-06-14 09:22:12,731.6,363117
2021-06-14 09:22:17,732.1,366206
2021-06-14 09:22:25,731.85,368541
2021-06-14 09:22:30,731.95,369430
2021-06-14 09:22:34,731.8,371059
2021-06-14 09:22:39,731.45,375043
2021-06-14 09:22:44,731.0,382732
2021-06-14 09:22:45,731.25,383086
2021-06-14 09:22:46,731.2,383096
2021-06-14 09:22:47,731.3,383616
2021-06-14 09:22:48,731.3,383702
2021-06-14 09:22:50,731.25,384523
2021-06-14 09:22:51,731.25,384523
2021-06-14 09:22:52,731.35,384547
2021-06-14 09:22:53,731.25,385416
2021-06-14 09:22:56,731.35,387306
2021-06-14 09:22:57,731.25,396417
2021-06-14 09:22:58,731.25,396417
2021-06-14 09:22:59,731.2,396517
2021-06-14 09:23:00,731.1,397318
2021-06-14 09:23:01,731.1,397318
2021-06-14 09:23:02,731.35,397810
2021-06-14 09:23:03,731.25,399565
2021-06-14 09:23:04,731.25,400073
2021-06-14 09:23:05,731.2,400173
2021-06-14 09:23:07,731.25,401018
2021-06-14 09:23:08,731.25,401604
2021-06-14 09:23:09,731.3,401689
2021-06-14 09:23:10,731.3,401689
2021-06-14 09:23:12,731.35,401949
2021-06-14 09:23:13,731.35,402877
2021-06-14 09:23:14,731.3,403070
2021-06-14 09:23:15,731.35,404180
2021-06-14 09:23:16,731.35,404351
2021-06-14 09:23:17,731.35,404672
2021-06-14 09:23:18,731.35,405206
2021-06-14 09:23:19,731.35,406716
2021-06-14 09:23:20,731.3,406753
2021-06-14 09:23:21,731.3,406753
2021-06-14 09:23:22,731.3,406790
2021-06-14 09:23:23,731.35,406800
2021-06-14 09:23:24,731.35,407244
2021-06-14 09:23:25,731.3,407394
2021-06-14 09:23:27,731.35,408065
2021-06-14 09:23:28,731.4,408075
2021-06-14 09:23:30,731.4,408200
2021-06-14 09:23:31,731.4,408200
2021-06-14 09:23:32,731.45,408860
2021-06-14 09:23:33,731.45,408860
2021-06-14 09:23:34,731.3,409011
2021-06-14 09:23:35,731.45,410063
2021-06-14 09:23:36,731.45,410566
2021-06-14 09:23:37,731.4,410571
2021-06-14 09:23:39,731.45,410649
2021-06-14 09:23:38,731.4,410647
2021-06-14 09:23:40,731.5,410657
2021-06-14 09:23:41,731.5,410712
2021-06-14 09:23:42,731.5,410712
2021-06-14 09:23:43,731.3,410844
2021-06-14 09:23:44,731.3,411464
2021-06-14 09:23:45,731.3,411469
2021-06-14 09:23:46,731.3,411574
2021-06-14 09:23:47,731.3,411605
2021-06-14 09:23:48,731.2,411607
2021-06-14 09:23:49,731.45,412137
2021-06-14 09:23:50,731.45,412142
2021-06-14 09:23:51,731.5,412484
2021-06-14 09:23:52,731.7,412506
2021-06-14 09:23:53,731.7,412531
2021-06-14 09:23:54,731.7,412531
2021-06-14 09:23:55,731.4,412643
2021-06-14 09:23:56,731.25,412768
2021-06-14 09:23:57,731.15,413422
2021-06-14 09:23:58,731.3,413648
2021-06-14 09:23:59,731.3,413774
2021-06-14 09:24:00,731.4,415124
2021-06-14 09:24:01,731.4,415133
2021-06-14 09:24:02,731.4,415196
2021-06-14 09:24:03,731.1,415685
2021-06-14 09:24:04,731.25,416205
2021-06-14 09:24:05,731.05,416430
2021-06-14 09:24:06,731.0,418098
2021-06-14 09:24:07,731.25,418212
2021-06-14 09:24:08,731.25,418325
2021-06-14 09:24:11,731.0,418504
2021-06-14 09:24:12,731.25,418509
2021-06-14 09:24:13,731.25,418525
2021-06-14 09:24:14,731.25,418788
2021-06-14 09:24:15,731.25,418798
2021-06-14 09:24:16,731.25,419257
2021-06-14 09:24:17,731.0,419292
2021-06-14 09:24:18,731.25,419735
2021-06-14 09:24:19,731.0,420155
2021-06-14 09:24:20,731.0,420761
2021-06-14 09:24:21,731.25,420828
2021-06-14 09:24:22,731.15,420861
2021-06-14 09:24:23,731.4,420922
2021-06-14 09:24:24,731.4,420927
2021-06-14 09:24:25,731.25,420984
2021-06-14 09:24:26,731.25,420985
2021-06-14 09:24:27,731.25,421191
2021-06-14 09:24:28,731.25,421311
2021-06-14 09:24:29,731.4,422417
2021-06-14 09:24:30,731.4,422884
2021-06-14 09:24:31,731.25,422934
2021-06-14 09:24:32,731.25,422934
2021-06-14 09:24:33,731.3,423050
2021-06-14 09:24:34,731.4,423056
2021-06-14 09:24:35,731.15,423101
2021-06-14 09:24:36,731.4,423237
2021-06-14 09:24:37,731.4,423237
2021-06-14 09:24:38,731.25,423344
2021-06-14 09:24:39,731.4,423371
2021-06-14 09:24:40,731.3,423372
2021-06-14 09:24:41,731.25,423436
2021-06-14 09:24:42,731.25,423437
2021-06-14 09:24:43,731.25,424166
2021-06-14 09:24:44,731.25,424175
2021-06-14 09:24:45,731.25,424275
2021-06-14 09:24:46,731.2,424497
2021-06-14 09:24:47,731.25,424640
2021-06-14 09:24:48,731.3,424963
2021-06-14 09:24:50,731.4,425885
2021-06-14 09:24:51,731.3,425887
2021-06-14 09:24:52,731.4,426030
2021-06-14 09:24:53,731.25,427499
2021-06-14 09:24:53,731.25,427499
2021-06-14 09:24:55,731.25,427591
2021-06-14 09:24:57,731.35,428484
2021-06-14 09:24:58,731.4,428487
2021-06-14 09:24:59,731.35,428570
2021-06-14 09:25:00,731.4,429732
2021-06-14 09:25:01,731.4,429732
2021-06-14 09:25:02,731.25,429762
2021-06-14 09:25:03,731.2,430076
2021-06-14 09:25:04,731.35,430300
2021-06-14 09:25:05,731.15,430344
2021-06-14 09:25:06,731.15,430563
2021-06-14 09:25:07,731.35,431730
2021-06-14 09:25:08,731.4,432866
2021-06-14 09:25:09,731.25,432980
2021-06-14 09:25:10,731.2,433011
2021-06-14 09:25:11,731.1,433021
2021-06-14 09:25:12,731.2,433033
2021-06-14 09:25:13,731.4,433077
2021-06-14 09:25:14,731.15,433126
2021-06-14 09:25:15,731.15,433351
2021-06-14 09:25:16,731.1,434088
2021-06-14 09:25:17,731.1,434188
2021-06-14 09:25:18,731.15,434594
2021-06-14 09:25:20,731.1,434677
2021-06-14 09:25:21,731.2,435217
2021-06-14 09:25:21,731.1,439671
2021-06-14 09:25:22,731.1,439671
2021-06-14 09:25:23,730.8,441627
2021-06-14 09:25:24,730.7,441774
2021-06-14 09:25:26,730.9,442012
2021-06-14 09:25:27,730.9,442443
2021-06-14 09:25:28,730.9,443019
2021-06-14 09:25:29,730.65,443336
2021-06-14 09:25:30,730.55,444782
2021-06-14 09:25:31,730.85,445102
2021-06-14 09:25:32,730.85,445158
2021-06-14 09:25:34,730.75,450253
2021-06-14 09:25:35,730.3,450819
2021-06-14 09:25:35,730.3,450819
2021-06-14 09:25:37,730.55,452432
2021-06-14 09:25:38,730.5,453337
2021-06-14 09:25:39,729.6,474695
2021-06-14 09:25:40,730.1,475456
2021-06-14 09:25:41,730.0,476099
2021-06-14 09:25:42,730.1,476168
2021-06-14 09:25:43,729.75,476278
2021-06-14 09:25:44,730.15,478153
2021-06-14 09:25:45,730.2,479331
2021-06-14 09:25:46,730.0,480162
2021-06-14 09:25:47,730.25,482099
2021-06-14 09:25:48,730.25,485339
2021-06-14 09:25:49,730.25,486177
2021-06-14 09:25:50,730.25,487258
2021-06-14 09:25:51,730.25,487441
2021-06-14 09:25:52,730.0,487533
2021-06-14 09:25:53,730.2,488020
2021-06-14 09:25:54,730.2,489876
2021-06-14 09:25:55,730.25,491316
2021-06-14 09:25:56,730.25,493007
2021-06-14 09:25:58,730.2,493560
2021-06-14 09:26:00,730.6,493986
2021-06-14 09:26:01,730.5,494201
2021-06-14 09:26:01,730.5,494202
2021-06-14 09:26:03,730.5,494994
2021-06-14 09:26:04,730.15,496019
2021-06-14 09:26:06,730.0,496537
2021-06-14 09:26:07,730.0,496542
2021-06-14 09:26:08,730.0,496542
2021-06-14 09:26:09,730.1,496744
2021-06-14 09:26:09,730.1,496744
2021-06-14 09:26:10,730.4,496805
2021-06-14 09:26:11,730.4,496914
2021-06-14 09:26:13,730.45,496974
2021-06-14 09:26:14,730.2,496984
2021-06-14 09:26:15,730.4,497078
2021-06-14 09:26:16,730.25,497085
2021-06-14 09:26:17,730.5,497436
2021-06-14 09:26:18,730.75,498776
2021-06-14 09:26:19,730.4,498999
2021-06-14 09:26:20,730.3,499349
2021-06-14 09:26:21,730.55,499359
2021-06-14 09:26:23,730.5,499442
2021-06-14 09:26:24,730.15,499579
2021-06-14 09:26:25,730.3,499828
2021-06-14 09:26:26,730.6,500247
2021-06-14 09:26:27,730.45,500622
2021-06-14 09:26:27,730.45,500766
2021-06-14 09:26:29,730.45,500898
2021-06-14 09:26:30,730.75,502502
2021-06-14 09:26:31,730.4,502654
2021-06-14 09:26:32,730.3,502864
2021-06-14 09:26:33,730.7,502874
2021-06-14 09:26:34,730.45,503075
2021-06-14 09:26:35,730.35,503829
2021-06-14 09:26:36,730.7,504539
2021-06-14 09:26:37,730.7,504670
2021-06-14 09:26:38,730.7,504816
2021-06-14 09:26:39,730.85,505113
2021-06-14 09:26:40,730.85,505202
2021-06-14 09:26:41,730.5,505256
2021-06-14 09:26:42,730.7,505817
2021-06-14 09:26:42,730.7,505817
2021-06-14 09:26:44,730.4,505831
2021-06-14 09:26:45,730.45,505859
2021-06-14 09:26:46,730.55,505907
2021-06-14 09:26:48,730.45,507271
2021-06-14 09:26:49,730.6,508100
2021-06-14 09:26:50,730.4,508234
2021-06-14 09:26:51,730.4,508334
2021-06-14 09:26:52,730.4,508334
2021-06-14 09:26:53,730.65,508484
2021-06-14 09:26:54,730.6,508514
2021-06-14 09:26:55,730.65,508515
2021-06-14 09:26:56,730.65,508515
2021-06-14 09:26:57,730.8,509767
2021-06-14 09:26:57,730.6,509797
2021-06-14 09:26:58,730.6,509898
2021-06-14 09:26:59,730.5,509950
2021-06-14 09:27:00,730.5,509950
2021-06-14 09:27:01,730.8,510170
2021-06-14 09:27:02,730.5,510241
2021-06-14 09:27:03,730.5,510274
2021-06-14 09:27:04,730.6,510277
2021-06-14 09:27:05,730.6,510383
2021-06-14 09:27:06,730.55,511381
2021-06-14 09:27:07,730.5,512423
2021-06-14 09:27:08,730.5,513370
2021-06-14 09:27:09,730.75,513410
2021-06-14 09:27:10,730.15,516081
2021-06-14 09:27:11,730.15,516981
2021-06-14 09:27:12,730.15,516987
2021-06-14 09:27:13,730.05,518816
2021-06-14 09:27:14,730.05,518816
2021-06-14 09:27:15,730.15,518826
2021-06-14 09:27:16,730.15,518896
2021-06-14 09:27:17,730.0,518911
2021-06-14 09:27:18,730.1,519261
2021-06-14 09:27:19,730.15,519380
2021-06-14 09:27:20,730.0,519390
2021-06-14 09:27:22,730.0,519905
2021-06-14 09:27:23,730.0,519923
2021-06-14 09:27:24,730.15,519933
2021-06-14 09:27:25,730.15,519973
2021-06-14 09:27:26,730.15,519973
2021-06-14 09:27:27,730.15,520544
2021-06-14 09:27:28,730.1,520690
2021-06-14 09:27:29,730.1,520690
2021-06-14 09:27:30,730.05,520779
2021-06-14 09:27:31,730.15,520971
2021-06-14 09:27:32,730.15,521039
2021-06-14 09:27:33,730.0,521058
2021-06-14 09:27:34,730.15,521128
2021-06-14 09:27:35,730.15,521260
2021-06-14 09:27:36,730.15,521260
2021-06-14 09:27:37,730.05,521848
2021-06-14 09:27:38,730.05,522075
2021-06-14 09:27:39,730.1,523034
2021-06-14 09:27:40,730.1,523594
2021-06-14 09:27:41,730.1,523594
2021-06-14 09:27:42,730.15,530075
2021-06-14 09:27:43,730.35,532445
2021-06-14 09:27:44,730.35,532451
2021-06-14 09:27:45,730.35,532629
2021-06-14 09:27:45,730.5,532669
2021-06-14 09:27:46,730.2,533244
2021-06-14 09:27:47,730.2,533246
2021-06-14 09:27:48,730.2,533298
2021-06-14 09:27:49,730.45,533394
2021-06-14 09:27:50,730.25,533401
2021-06-14 09:27:51,730.45,533553
2021-06-14 09:27:52,730.45,533557
2021-06-14 09:27:53,730.45,533558
2021-06-14 09:27:54,730.45,533568
2021-06-14 09:27:55,730.45,533788
2021-06-14 09:27:56,730.5,533949
2021-06-14 09:27:57,730.5,533993
2021-06-14 09:27:58,730.75,535246
2021-06-14 09:27:59,730.7,535277
2021-06-14 09:28:00,730.35,535349
2021-06-14 09:28:01,730.35,535359
2021-06-14 09:28:02,730.75,535531
2021-06-14 09:28:04,730.5,535671
2021-06-14 09:28:04,730.5,535671
2021-06-14 09:28:05,730.5,535676
2021-06-14 09:28:07,730.7,536194
2021-06-14 09:28:08,730.35,536897
2021-06-14 09:28:09,730.7,536946
2021-06-14 09:28:10,730.8,537021
2021-06-14 09:28:11,730.75,537111
2021-06-14 09:28:12,730.8,539994
2021-06-14 09:28:13,730.8,541749
2021-06-14 09:28:14,730.6,542362
2021-06-14 09:28:14,730.6,542362
2021-06-14 09:28:16,730.3,543312
2021-06-14 09:28:17,730.35,543862
2021-06-14 09:28:18,730.05,544030
2021-06-14 09:28:19,730.2,544544
2021-06-14 09:28:20,730.2,544804
2021-06-14 09:28:21,730.0,544975
2021-06-14 09:28:22,730.2,545475
2021-06-14 09:28:23,730.0,545631
2021-06-14 09:28:24,730.25,545774
2021-06-14 09:28:25,730.25,545784
2021-06-14 09:28:26,730.4,545799
2021-06-14 09:28:28,730.4,547336
2021-06-14 09:28:29,730.05,547436
2021-06-14 09:28:29,730.05,547436
2021-06-14 09:28:30,730.05,547456
2021-06-14 09:28:31,730.05,547561
2021-06-14 09:28:32,730.05,547623
2021-06-14 09:28:33,730.0,547863
2021-06-14 09:28:34,730.25,547884
2021-06-14 09:28:35,730.05,547954
2021-06-14 09:28:36,730.05,548029
2021-06-14 09:28:39,730.25,548143
2021-06-14 09:28:40,730.0,548323
2021-06-14 09:28:40,730.0,548325
2021-06-14 09:28:41,730.2,548366
2021-06-14 09:28:43,730.25,548566
2021-06-14 09:28:45,730.05,548616
2021-06-14 09:28:46,730.2,548718
2021-06-14 09:28:47,730.15,549224
2021-06-14 09:28:48,730.05,549356
2021-06-14 09:28:49,730.15,549531
2021-06-14 09:28:50,730.05,550020
2021-06-14 09:28:50,730.05,550020
2021-06-14 09:28:51,730.0,550762
2021-06-14 09:28:53,730.05,550830
2021-06-14 09:28:54,729.7,553454
2021-06-14 09:28:55,729.7,553454
2021-06-14 09:28:56,729.85,553662
2021-06-14 09:28:56,729.95,553686
2021-06-14 09:28:58,729.7,553868
2021-06-14 09:28:59,730.0,554119
2021-06-14 09:29:00,730.05,554120
2021-06-14 09:29:02,729.8,554695
2021-06-14 09:29:03,729.8,554731
2021-06-14 09:29:04,730.0,554831
2021-06-14 09:29:05,729.65,555166
2021-06-14 09:29:06,729.65,555166
2021-06-14 09:29:07,729.95,555169
2021-06-14 09:29:10,729.6,555485
2021-06-14 09:29:11,729.8,555490
2021-06-14 09:29:12,729.9,555676
2021-06-14 09:29:13,730.0,555902
2021-06-14 09:29:14,730.0,556038
2021-06-14 09:29:15,729.75,556154
2021-06-14 09:29:16,729.7,556564
2021-06-14 09:29:17,729.6,556567
2021-06-14 09:29:18,729.7,556602
2021-06-14 09:29:19,729.95,556702
2021-06-14 09:29:20,729.6,556753
2021-06-14 09:29:21,729.5,558419
2021-06-14 09:29:22,729.6,560335
2021-06-14 09:29:24,729.35,560512
2021-06-14 09:29:25,729.8,561574
2021-06-14 09:29:25,729.75,561454
2021-06-14 09:29:26,729.8,561614
2021-06-14 09:29:28,729.6,561766
2021-06-14 09:29:29,729.8,561866
2021-06-14 09:29:30,729.5,561951
2021-06-14 09:29:30,729.4,563111
2021-06-14 09:29:32,729.4,563867
2021-06-14 09:29:33,729.6,564746
2021-06-14 09:29:34,729.6,565014
2021-06-14 09:29:35,729.5,565065
2021-06-14 09:29:38,729.5,566089
2021-06-14 09:29:40,729.5,566784
2021-06-14 09:29:41,729.0,568288
2021-06-14 09:29:42,729.45,568296
2021-06-14 09:29:43,729.1,568301
2021-06-14 09:29:45,729.0,568588
2021-06-14 09:29:46,729.05,569542
2021-06-14 09:29:47,728.7,576648
2021-06-14 09:29:48,728.55,577851
2021-06-14 09:29:49,728.75,578426
2021-06-14 09:29:50,728.35,579626
2021-06-14 09:29:51,728.65,580634
2021-06-14 09:29:52,728.8,581283
2021-06-14 09:29:53,728.6,581606
2021-06-14 09:29:53,728.9,581706
2021-06-14 09:29:54,728.55,582116
2021-06-14 09:29:55,728.55,582116
2021-06-14 09:29:57,728.9,583836
2021-06-14 09:29:59,728.25,584128
2021-06-14 09:30:00,728.5,584278
2021-06-14 09:30:01,728.25,584663
2021-06-14 09:30:02,728.2,584889
2021-06-14 09:30:03,728.1,587405
2021-06-14 09:30:04,727.7,597644
2021-06-14 09:30:05,727.5,598412
2021-06-14 09:30:06,727.3,599769
2021-06-14 09:30:07,727.35,601003
2021-06-14 09:30:08,727.2,602001
2021-06-14 09:30:08,727.3,602022
2021-06-14 09:30:09,727.2,604390
2021-06-14 09:30:10,727.3,604703
2021-06-14 09:30:11,727.0,607786
2021-06-14 09:30:12,726.7,611849
2021-06-14 09:30:13,726.6,612445
2021-06-14 09:30:15,726.55,612595
2021-06-14 09:30:16,726.6,612892
2021-06-14 09:30:17,726.9,613187
2021-06-14 09:30:18,726.85,613470
2021-06-14 09:30:19,726.6,613890
2021-06-14 09:30:20,726.55,614519
2021-06-14 09:30:21,726.45,614592
2021-06-14 09:30:22,726.15,616518
2021-06-14 09:30:23,726.0,621488
2021-06-14 09:30:24,725.75,623922
2021-06-14 09:30:26,725.45,630442
2021-06-14 09:30:27,725.6,631891
2021-06-14 09:30:29,725.1,637625
2021-06-14 09:30:29,725.0,637643
2021-06-14 09:30:31,725.2,642711
2021-06-14 09:30:32,725.2,643922
2021-06-14 09:30:33,725.45,646133
2021-06-14 09:30:33,725.5,646756
2021-06-14 09:30:34,725.65,654278
2021-06-14 09:30:35,725.8,655725
2021-06-14 09:30:36,726.85,657667
2021-06-14 09:30:37,727.0,659244
2021-06-14 09:30:38,727.3,661633
2021-06-14 09:30:39,727.05,663031
2021-06-14 09:30:40,727.3,663431
2021-06-14 09:30:41,726.8,663894
2021-06-14 09:30:42,726.8,664308
2021-06-14 09:30:43,726.9,664588
2021-06-14 09:30:44,726.85,665517
2021-06-14 09:30:45,726.55,666210
2021-06-14 09:30:47,726.95,667318
2021-06-14 09:30:48,726.9,667496
2021-06-14 09:30:49,726.55,667597
2021-06-14 09:30:50,726.8,667622
2021-06-14 09:30:51,726.45,668136
2021-06-14 09:30:52,726.5,668269
2021-06-14 09:30:53,726.5,668444
2021-06-14 09:30:55,726.75,668932
2021-06-14 09:30:56,726.7,669118
2021-06-14 09:30:57,726.9,669515
2021-06-14 09:30:58,726.5,669809
2021-06-14 09:30:58,726.5,669914
2021-06-14 09:30:59,727.0,670149
2021-06-14 09:31:00,726.75,670711
2021-06-14 09:31:01,726.9,672164
2021-06-14 09:31:02,727.2,672578
2021-06-14 09:31:03,727.25,672889
2021-06-14 09:31:04,726.9,674904
2021-06-14 09:31:05,726.75,674975
2021-06-14 09:31:06,726.5,676733
2021-06-14 09:31:07,726.5,676851
2021-06-14 09:31:08,726.9,677255
2021-06-14 09:31:10,726.95,677487
2021-06-14 09:31:11,726.8,677519
2021-06-14 09:31:12,726.75,677780
2021-06-14 09:31:13,726.9,677948
2021-06-14 09:31:14,726.9,678248
2021-06-14 09:31:16,726.8,678446
2021-06-14 09:31:17,726.9,678597
2021-06-14 09:31:18,726.9,678672
2021-06-14 09:31:19,727.0,679077
2021-06-14 09:31:20,726.8,679276
2021-06-14 09:31:21,726.8,679276
2021-06-14 09:31:22,727.2,679626
2021-06-14 09:31:23,727.05,679743
2021-06-14 09:31:24,727.4,680043
2021-06-14 09:31:25,727.35,680301
2021-06-14 09:31:26,727.05,680371
2021-06-14 09:31:27,726.95,680451
2021-06-14 09:31:28,726.8,680666
2021-06-14 09:31:29,726.65,683266
2021-06-14 09:31:30,726.65,683276
2021-06-14 09:31:31,726.55,683842
2021-06-14 09:31:32,726.7,684884
2021-06-14 09:31:34,726.45,685477
2021-06-14 09:31:35,726.3,686686
2021-06-14 09:31:37,726.65,687060
2021-06-14 09:31:38,726.25,687316
2021-06-14 09:31:40,726.15,687455
2021-06-14 09:31:41,726.0,687501
2021-06-14 09:31:42,726.25,689639
2021-06-14 09:31:43,726.25,689849
2021-06-14 09:31:44,726.05,689904
2021-06-14 09:31:47,726.05,693755
2021-06-14 09:31:48,725.7,695058
2021-06-14 09:31:49,725.9,695534
2021-06-14 09:31:50,725.85,695860
2021-06-14 09:31:51,725.6,695911
2021-06-14 09:31:52,725.6,696293
2021-06-14 09:31:53,725.6,697053
2021-06-14 09:31:54,725.85,697254
2021-06-14 09:31:55,725.85,712136
2021-06-14 09:31:56,725.65,712895
2021-06-14 09:31:57,725.75,713223
2021-06-14 09:31:58,725.8,713438
2021-06-14 09:31:59,725.55,714112
2021-06-14 09:32:00,725.55,714204
2021-06-14 09:32:01,725.95,714429
2021-06-14 09:32:02,725.95,714549
2021-06-14 09:32:03,725.85,714669
2021-06-14 09:32:05,725.95,716020
2021-06-14 09:32:06,726.25,716120
2021-06-14 09:32:07,726.25,716220
2021-06-14 09:32:08,725.9,716235
2021-06-14 09:32:09,725.85,721354
2021-06-14 09:32:10,726.05,722556
2021-06-14 09:32:11,726.0,723021
2021-06-14 09:32:12,725.9,723540
2021-06-14 09:32:13,726.05,725065
2021-06-14 09:32:14,725.5,728075
2021-06-14 09:32:15,725.7,728316
2021-06-14 09:32:17,725.45,729337
2021-06-14 09:32:18,725.45,729383
2021-06-14 09:32:19,725.7,729594
2021-06-14 09:32:20,725.7,729694
2021-06-14 09:32:21,725.35,730979
2021-06-14 09:32:21,725.25,731669
2021-06-14 09:32:22,725.35,731783
2021-06-14 09:32:24,725.5,732445
2021-06-14 09:32:25,725.5,732545
2021-06-14 09:32:26,725.5,732559
2021-06-14 09:32:28,725.5,733277
2021-06-14 09:32:30,725.5,733765
2021-06-14 09:32:31,725.5,733846
2021-06-14 09:32:32,725.55,736274
2021-06-14 09:32:33,725.6,736443
2021-06-14 09:32:34,725.6,737076
2021-06-14 09:32:35,725.65,737811
2021-06-14 09:32:36,725.95,737958
2021-06-14 09:32:37,726.2,739357
2021-06-14 09:32:38,726.4,740585
2021-06-14 09:32:39,726.9,740819
2021-06-14 09:32:40,726.45,742959
2021-06-14 09:32:41,726.9,743114
2021-06-14 09:32:42,726.9,743242
2021-06-14 09:32:43,726.65,743643
2021-06-14 09:32:44,726.75,743703
2021-06-14 09:32:45,727.0,743921
2021-06-14 09:32:45,726.8,744051
2021-06-14 09:32:46,727.0,744433
2021-06-14 09:32:47,727.0,746119
2021-06-14 09:32:48,726.8,746206
2021-06-14 09:32:50,726.95,746711
2021-06-14 09:32:51,726.55,746882
2021-06-14 09:32:52,727.0,747642
2021-06-14 09:32:53,726.65,748426
2021-06-14 09:32:55,726.65,748537
2021-06-14 09:32:56,726.15,749582
2021-06-14 09:32:57,726.45,749982
2021-06-14 09:32:59,726.55,750401
2021-06-14 09:33:00,726.5,750871
2021-06-14 09:33:01,726.1,750901
2021-06-14 09:33:02,726.3,751876
2021-06-14 09:33:03,725.95,753733
2021-06-14 09:33:04,725.95,754202
2021-06-14 09:33:05,725.85,754217
2021-06-14 09:33:06,725.4,754463
2021-06-14 09:33:07,725.75,754492
2021-06-14 09:33:08,725.75,754670
2021-06-14 09:33:09,725.75,754671
2021-06-14 09:33:10,725.6,754871
2021-06-14 09:33:11,725.85,755177
2021-06-14 09:33:12,725.9,755525
2021-06-14 09:33:13,726.0,755530
2021-06-14 09:33:14,725.85,756499
2021-06-14 09:33:15,726.1,756539
2021-06-14 09:33:16,726.1,756717
2021-06-14 09:33:17,726.2,756818
2021-06-14 09:33:18,726.4,757073
2021-06-14 09:33:19,726.0,757074
2021-06-14 09:33:20,726.0,757074
2021-06-14 09:33:21,726.3,757174
2021-06-14 09:33:22,726.0,757181
2021-06-14 09:33:23,726.35,757726
2021-06-14 09:33:24,726.4,757741
2021-06-14 09:33:25,726.4,757891
2021-06-14 09:33:26,726.2,758057
2021-06-14 09:33:27,726.2,758130
2021-06-14 09:33:28,726.2,758186
2021-06-14 09:33:29,726.0,758346
2021-06-14 09:33:30,726.0,758392
2021-06-14 09:33:31,726.3,758547
2021-06-14 09:33:32,726.3,758551
2021-06-14 09:33:33,726.2,759201
2021-06-14 09:33:34,726.3,761875
2021-06-14 09:33:35,726.25,762081
2021-06-14 09:33:36,726.2,762234
2021-06-14 09:33:37,726.2,762874
2021-06-14 09:33:38,726.3,762931
2021-06-14 09:33:39,726.2,762945
2021-06-14 09:33:40,726.2,762985
2021-06-14 09:33:41,726.3,763595
2021-06-14 09:33:42,726.3,763970
2021-06-14 09:33:43,726.0,764477
2021-06-14 09:33:44,726.3,764577
2021-06-14 09:33:45,726.3,764627
2021-06-14 09:33:46,726.3,764727
2021-06-14 09:33:47,726.15,765183
2021-06-14 09:33:48,726.2,765279
2021-06-14 09:33:49,726.15,765281
2021-06-14 09:33:50,726.15,778616
2021-06-14 09:33:51,725.75,778628
2021-06-14 09:33:54,726.2,780340
2021-06-14 09:33:55,726.2,780505
2021-06-14 09:33:56,726.0,780699
2021-06-14 09:33:57,726.2,780755
2021-06-14 09:33:58,725.7,781420
2021-06-14 09:33:59,725.6,786631
2021-06-14 09:34:00,725.7,787150
2021-06-14 09:34:01,725.85,787785
2021-06-14 09:34:02,725.6,787999
2021-06-14 09:34:03,725.85,788042
2021-06-14 09:34:04,725.85,788623
2021-06-14 09:34:06,725.85,788926
2021-06-14 09:34:07,725.85,789040
2021-06-14 09:34:08,726.0,790556
2021-06-14 09:34:09,726.1,790782
2021-06-14 09:34:10,725.75,790852
2021-06-14 09:34:11,726.05,791200
2021-06-14 09:34:12,726.05,791293
2021-06-14 09:34:13,725.9,791631
2021-06-14 09:34:14,726.2,795568
2021-06-14 09:34:15,726.3,796043
2021-06-14 09:34:16,726.25,796426
2021-06-14 09:34:17,726.25,796426
2021-06-14 09:34:19,726.2,796594
2021-06-14 09:34:20,725.85,796923
2021-06-14 09:34:22,726.05,797793
2021-06-14 09:34:23,725.75,797949
2021-06-14 09:34:27,726.05,799890
2021-06-14 09:34:29,725.75,802007
2021-06-14 09:34:30,725.9,802553
2021-06-14 09:34:31,725.5,802857
2021-06-14 09:34:32,725.5,803175
2021-06-14 09:34:33,725.85,803773
2021-06-14 09:34:34,725.6,804908
2021-06-14 09:34:35,726.0,805000
2021-06-14 09:34:36,725.85,805600
2021-06-14 09:34:37,726.0,805926
2021-06-14 09:34:38,726.2,805979
2021-06-14 09:34:39,725.95,806484
2021-06-14 09:34:40,726.2,806528
2021-06-14 09:34:41,725.95,807124
2021-06-14 09:34:42,726.25,807125
2021-06-14 09:34:43,726.25,808189
2021-06-14 09:34:44,725.7,808436
2021-06-14 09:34:45,725.9,808744
2021-06-14 09:34:46,725.6,808754
2021-06-14 09:34:47,725.7,808845
2021-06-14 09:34:48,725.7,808926
2021-06-14 09:34:49,725.8,810112
2021-06-14 09:34:50,725.55,810347
2021-06-14 09:34:51,725.9,810850
2021-06-14 09:34:52,726.1,810980
2021-06-14 09:34:53,726.1,811123
2021-06-14 09:34:54,726.1,811123
2021-06-14 09:34:55,726.05,811413
2021-06-14 09:34:56,726.2,811547
2021-06-14 09:34:57,726.0,811652
2021-06-14 09:34:58,726.0,811746
2021-06-14 09:34:59,726.0,811746
2021-06-14 09:35:00,726.3,811961
2021-06-14 09:35:01,726.1,812291
2021-06-14 09:35:02,726.1,812376
2021-06-14 09:35:03,726.05,812606
2021-06-14 09:35:04,725.6,825106
2021-06-14 09:35:05,726.15,825548
2021-06-14 09:35:07,727.0,837104
2021-06-14 09:35:08,727.0,837340
2021-06-14 09:35:09,726.8,838045
2021-06-14 09:35:10,726.75,838211
2021-06-14 09:35:11,726.5,838262
2021-06-14 09:35:14,726.7,838457
2021-06-14 09:35:15,726.75,838467
2021-06-14 09:35:16,726.75,838467
2021-06-14 09:35:17,726.8,838498
2021-06-14 09:35:18,726.7,838594
2021-06-14 09:35:19,727.0,838913
2021-06-14 09:35:20,726.85,839070
2021-06-14 09:35:21,727.25,839808
2021-06-14 09:35:22,727.25,840151
2021-06-14 09:35:23,727.25,840151
2021-06-14 09:35:24,727.4,840761
2021-06-14 09:35:24,727.4,840763
2021-06-14 09:35:25,727.9,842688
2021-06-14 09:35:26,727.35,842783
2021-06-14 09:35:27,727.4,842872
2021-06-14 09:35:28,727.7,842922
2021-06-14 09:35:29,727.7,842954
2021-06-14 09:35:30,727.55,843206
2021-06-14 09:35:31,727.55,843211
2021-06-14 09:35:33,727.6,843767
2021-06-14 09:35:34,727.6,843769
2021-06-14 09:35:35,727.7,843943
2021-06-14 09:35:36,727.8,844067
2021-06-14 09:35:37,727.7,844293
2021-06-14 09:35:38,727.8,844498
2021-06-14 09:35:39,727.8,844520
2021-06-14 09:35:40,727.8,844520
2021-06-14 09:35:41,727.85,844536
2021-06-14 09:35:43,727.7,845626
2021-06-14 09:35:44,727.55,845781
2021-06-14 09:35:45,727.55,845793
2021-06-14 09:35:46,727.7,846093
2021-06-14 09:35:47,727.7,846118
2021-06-14 09:35:48,727.8,847174
2021-06-14 09:35:50,727.85,847418
2021-06-14 09:35:51,727.85,847790
2021-06-14 09:35:52,727.7,848770
2021-06-14 09:35:53,727.85,848775
2021-06-14 09:35:54,727.8,849278
2021-06-14 09:35:55,727.75,849441
2021-06-14 09:35:56,727.7,850981
2021-06-14 09:35:57,727.75,851246
2021-06-14 09:35:58,728.15,852902
2021-06-14 09:35:59,728.0,853105
2021-06-14 09:36:02,728.0,853415
2021-06-14 09:36:04,728.05,853881
2021-06-14 09:36:06,728.1,854040
2021-06-14 09:36:09,728.1,854649
2021-06-14 09:36:10,728.0,854850
2021-06-14 09:36:11,727.8,855591
2021-06-14 09:36:12,727.65,857356
2021-06-14 09:36:13,727.7,857359
2021-06-14 09:36:14,727.55,858494
2021-06-14 09:36:15,727.5,858499
2021-06-14 09:36:16,727.5,858507
2021-06-14 09:36:17,727.5,858542
2021-06-14 09:36:18,727.4,859081
2021-06-14 09:36:19,727.4,859081
2021-06-14 09:36:20,727.65,859112
2021-06-14 09:36:21,727.6,859512
2021-06-14 09:36:22,728.0,859642
2021-06-14 09:36:23,727.6,860153
2021-06-14 09:36:24,727.65,860173
2021-06-14 09:36:25,728.1,860306
2021-06-14 09:36:26,728.0,860323
2021-06-14 09:36:27,728.2,860530
2021-06-14 09:36:28,728.0,860679
2021-06-14 09:36:29,728.25,860824
2021-06-14 09:36:30,728.5,861294
2021-06-14 09:36:31,728.45,861499
2021-06-14 09:36:32,728.5,861919
2021-06-14 09:36:33,728.45,861945
2021-06-14 09:36:34,728.45,861964
2021-06-14 09:36:35,728.25,862066
2021-06-14 09:36:36,728.45,862446
2021-06-14 09:36:37,728.2,862649
2021-06-14 09:36:38,728.2,862699
2021-06-14 09:36:39,728.2,862963
2021-06-14 09:36:42,728.25,866210
2021-06-14 09:36:43,728.6,877540
2021-06-14 09:36:44,728.7,877550
2021-06-14 09:36:45,728.9,882918
2021-06-14 09:36:46,728.9,882918
2021-06-14 09:36:46,728.7,883098
2021-06-14 09:36:47,728.9,883429
2021-06-14 09:36:48,729.4,884974
2021-06-14 09:36:49,729.4,885835
2021-06-14 09:36:50,729.35,886093
2021-06-14 09:36:51,729.5,886157
2021-06-14 09:36:52,729.4,886438
2021-06-14 09:36:53,729.5,887061
2021-06-14 09:36:54,729.5,887137
2021-06-14 09:36:55,729.9,888353
2021-06-14 09:36:56,729.9,888370
2021-06-14 09:36:57,729.65,889108
2021-06-14 09:36:58,729.7,890459
2021-06-14 09:36:59,729.9,890547
2021-06-14 09:37:01,729.9,897930
2021-06-14 09:37:03,729.35,898860
2021-06-14 09:37:04,729.65,899062
2021-06-14 09:37:05,729.45,899342
2021-06-14 09:37:08,729.6,900925
2021-06-14 09:37:09,729.95,900976
2021-06-14 09:37:10,729.6,901099
2021-06-14 09:37:11,729.65,901801
2021-06-14 09:37:12,729.9,902228
2021-06-14 09:37:13,729.65,902418
2021-06-14 09:37:14,729.9,902539
2021-06-14 09:37:15,729.55,903034
2021-06-14 09:37:16,729.55,903180
2021-06-14 09:37:17,729.6,903480
2021-06-14 09:37:19,729.35,903847
2021-06-14 09:37:20,729.45,904020
2021-06-14 09:37:22,729.55,904647
2021-06-14 09:37:24,729.55,904879
2021-06-14 09:37:25,729.8,905050
2021-06-14 09:37:27,729.8,905365
2021-06-14 09:37:28,729.8,905475
2021-06-14 09:37:29,729.8,905740
2021-06-14 09:37:30,729.8,905902
2021-06-14 09:37:31,729.8,906032
2021-06-14 09:37:32,729.8,906094
2021-06-14 09:37:33,729.6,906215
2021-06-14 09:37:34,729.6,906340
2021-06-14 09:37:35,729.8,906440
2021-06-14 09:37:36,729.9,908102
2021-06-14 09:37:37,729.9,908357
2021-06-14 09:37:38,729.8,908416
2021-06-14 09:37:39,729.8,908476
2021-06-14 09:37:39,729.9,908479
2021-06-14 09:37:40,729.7,908880
2021-06-14 09:37:41,729.7,909038
2021-06-14 09:37:42,729.8,910604
2021-06-14 09:37:43,730.0,914798
2021-06-14 09:37:44,730.2,915085
2021-06-14 09:37:45,730.0,915587
2021-06-14 09:37:46,730.2,915593
2021-06-14 09:37:47,730.0,915603
2021-06-14 09:37:48,730.05,915851
2021-06-14 09:37:49,730.0,915931
2021-06-14 09:37:50,730.0,916216
2021-06-14 09:37:51,730.2,916226
2021-06-14 09:37:52,729.95,918334
2021-06-14 09:37:53,730.0,918673
2021-06-14 09:37:54,730.0,919929
2021-06-14 09:37:55,730.0,919930
2021-06-14 09:37:56,729.7,920520
2021-06-14 09:37:57,729.6,920589
2021-06-14 09:37:58,729.8,921435
2021-06-14 09:37:59,729.9,921456
2021-06-14 09:38:00,729.8,921642
2021-06-14 09:38:01,729.8,921880
2021-06-14 09:38:02,729.75,921963
2021-06-14 09:38:03,729.95,922113
2021-06-14 09:38:04,729.95,922193
2021-06-14 09:38:06,729.95,923735
2021-06-14 09:38:07,729.7,923745
2021-06-14 09:38:08,729.85,924064
2021-06-14 09:38:09,729.95,924074
2021-06-14 09:38:10,729.95,924142
2021-06-14 09:38:11,729.85,924243
2021-06-14 09:38:12,729.95,924275
2021-06-14 09:38:13,729.7,924379
2021-06-14 09:38:14,729.65,925019
2021-06-14 09:38:15,729.4,925043
2021-06-14 09:38:16,729.65,925256
2021-06-14 09:38:17,729.4,926157
2021-06-14 09:38:18,729.65,926223
2021-06-14 09:38:19,729.45,926323
2021-06-14 09:38:20,729.7,926982
2021-06-14 09:38:21,729.95,927132
2021-06-14 09:38:22,729.95,927300
2021-06-14 09:38:23,729.7,927457
2021-06-14 09:38:24,729.65,928157
2021-06-14 09:38:26,729.85,928182
2021-06-14 09:38:26,729.95,928183
2021-06-14 09:38:27,729.95,928196
2021-06-14 09:38:28,729.95,928737
2021-06-14 09:38:30,729.9,928738
2021-06-14 09:38:31,729.95,934783
2021-06-14 09:38:32,730.0,934995
2021-06-14 09:38:33,729.9,935107
2021-06-14 09:38:34,729.95,935212
2021-06-14 09:38:35,730.1,935345
2021-06-14 09:38:36,729.85,935495
2021-06-14 09:38:37,730.0,935739
2021-06-14 09:38:38,730.0,935964
2021-06-14 09:38:42,730.0,936959
2021-06-14 09:38:43,729.9,937009
2021-06-14 09:38:44,730.0,937072
2021-06-14 09:38:45,729.95,937109
2021-06-14 09:38:46,729.75,937714
2021-06-14 09:38:47,729.95,937730
2021-06-14 09:38:48,729.85,937776
2021-06-14 09:38:49,729.95,937937
2021-06-14 09:38:50,729.95,938109
2021-06-14 09:38:51,729.7,938409
2021-06-14 09:38:53,729.95,938569
2021-06-14 09:38:54,729.9,938601
2021-06-14 09:38:55,730.0,939481
2021-06-14 09:38:56,730.0,939551
2021-06-14 09:38:58,730.0,940679
2021-06-14 09:38:59,730.05,940878
2021-06-14 09:39:00,730.05,941441
2021-06-14 09:39:01,730.0,941442
2021-06-14 09:39:02,730.0,941493
2021-06-14 09:39:03,730.05,941609
2021-06-14 09:39:04,730.05,941609
2021-06-14 09:39:05,730.05,941627
2021-06-14 09:39:06,730.0,941628
2021-06-14 09:39:08,730.05,941796
2021-06-14 09:39:08,730.05,942021
2021-06-14 09:39:09,730.0,942217
2021-06-14 09:39:10,729.9,945212
2021-06-14 09:39:11,730.0,945291
2021-06-14 09:39:12,729.9,947612
2021-06-14 09:39:13,729.85,948120
2021-06-14 09:39:14,729.85,948120
2021-06-14 09:39:15,729.85,948190
2021-06-14 09:39:16,729.85,948812
2021-06-14 09:39:17,729.9,948927
2021-06-14 09:39:19,729.65,949038
2021-06-14 09:39:20,729.6,949531
2021-06-14 09:39:21,729.7,949549
2021-06-14 09:39:21,729.7,949549
2021-06-14 09:39:24,729.6,949717
2021-06-14 09:39:26,729.85,949763
2021-06-14 09:39:27,729.85,949764
2021-06-14 09:39:28,729.8,949774
2021-06-14 09:39:29,729.8,949775
2021-06-14 09:39:30,729.9,950080
2021-06-14 09:39:31,729.7,950087
2021-06-14 09:39:32,729.85,950088
2021-06-14 09:39:33,729.85,950138
2021-06-14 09:39:37,729.9,950815
2021-06-14 09:39:38,729.8,950951
2021-06-14 09:39:39,729.9,951101
2021-06-14 09:39:41,729.7,951206
2021-06-14 09:39:41,729.7,951227
2021-06-14 09:39:43,729.7,951481
2021-06-14 09:39:43,729.7,951481
2021-06-14 09:39:45,729.9,951510
2021-06-14 09:39:46,729.9,951625
2021-06-14 09:39:46,729.9,951625
2021-06-14 09:39:48,729.9,951625
2021-06-14 09:39:49,729.6,952135
2021-06-14 09:39:50,729.8,952235
2021-06-14 09:39:51,729.8,952435
2021-06-14 09:39:52,729.85,953910
2021-06-14 09:39:53,729.85,953915
2021-06-14 09:39:54,730.1,959156
2021-06-14 09:39:55,730.1,959260
2021-06-14 09:39:57,730.05,959555
2021-06-14 09:39:58,730.05,959555
2021-06-14 09:39:59,729.85,959575
2021-06-14 09:40:00,729.9,959753
2021-06-14 09:40:01,730.0,959950
2021-06-14 09:40:02,730.05,960101
2021-06-14 09:40:03,730.05,960101
2021-06-14 09:40:04,730.2,960260
2021-06-14 09:40:05,730.2,960409
2021-06-14 09:40:06,730.15,960694
2021-06-14 09:40:07,730.0,960699
2021-06-14 09:40:08,729.75,960730
2021-06-14 09:40:09,729.9,960751
2021-06-14 09:40:10,730.05,961031
2021-06-14 09:40:11,730.05,961031
2021-06-14 09:40:12,730.05,963151
2021-06-14 09:40:13,730.05,963176
2021-06-14 09:40:14,730.1,964881
2021-06-14 09:40:15,730.1,964881
2021-06-14 09:40:16,730.05,964914
2021-06-14 09:40:17,730.0,964917
2021-06-14 09:40:18,730.1,964928
2021-06-14 09:40:22,730.05,965460
2021-06-14 09:40:21,730.1,965443
2021-06-14 09:40:22,729.8,965471
2021-06-14 09:40:23,729.85,965599
2021-06-14 09:40:25,729.9,965961
2021-06-14 09:40:25,729.9,965961
2021-06-14 09:40:27,729.6,966326
2021-06-14 09:40:27,729.75,966327
2021-06-14 09:40:28,729.6,966347
2021-06-14 09:40:29,729.6,967037
2021-06-14 09:40:30,729.2,967805
2021-06-14 09:40:31,729.2,967840
2021-06-14 09:40:32,729.2,968044
2021-06-14 09:40:33,729.0,968114
2021-06-14 09:40:34,729.2,968184
2021-06-14 09:40:35,729.0,968274
2021-06-14 09:40:37,728.9,975211
2021-06-14 09:40:37,729.0,975216
2021-06-14 09:40:39,728.7,975516
2021-06-14 09:40:40,728.9,976025
2021-06-14 09:40:41,728.9,976042
2021-06-14 09:40:42,728.9,976072
2021-06-14 09:40:43,728.9,976302
2021-06-14 09:40:44,728.9,976302
2021-06-14 09:40:45,728.25,978439
2021-06-14 09:40:47,728.05,979778
2021-06-14 09:40:48,728.0,979878
2021-06-14 09:40:48,728.4,979978
2021-06-14 09:40:49,728.35,979984
2021-06-14 09:40:50,728.35,979984
2021-06-14 09:40:51,728.15,980069
2021-06-14 09:40:53,728.15,980141
2021-06-14 09:40:55,728.35,980387
2021-06-14 09:40:57,728.1,980685
2021-06-14 09:40:59,728.65,988264
2021-06-14 09:41:00,728.7,988374
2021-06-14 09:41:02,728.8,989494
2021-06-14 09:41:03,728.8,989494
2021-06-14 09:41:03,728.8,989494
2021-06-14 09:41:06,728.6,989499
2021-06-14 09:41:07,728.65,989552
2021-06-14 09:41:08,728.4,989692
2021-06-14 09:41:09,728.65,989726
2021-06-14 09:41:10,728.7,989856
2021-06-14 09:41:10,728.5,989865
2021-06-14 09:41:11,728.65,990043
2021-06-14 09:41:12,728.7,990184
2021-06-14 09:41:13,728.75,990254
2021-06-14 09:41:14,728.75,990506
2021-06-14 09:41:15,728.75,990506
2021-06-14 09:41:16,728.5,990526
2021-06-14 09:41:17,728.8,990683
2021-06-14 09:41:18,728.85,990730
2021-06-14 09:41:20,728.75,991081
2021-06-14 09:41:21,728.55,991266
2021-06-14 09:41:22,728.7,991341
2021-06-14 09:41:22,728.7,991364
2021-06-14 09:41:23,728.7,991392
2021-06-14 09:41:24,728.4,991438
2021-06-14 09:41:25,728.7,991452
2021-06-14 09:41:26,728.7,991471
2021-06-14 09:41:27,728.4,991497
2021-06-14 09:41:29,728.45,991531
2021-06-14 09:41:30,728.45,991574
2021-06-14 09:41:31,728.65,991627
2021-06-14 09:41:32,728.65,991655
2021-06-14 09:41:32,728.65,991724
2021-06-14 09:41:34,728.65,991808
2021-06-14 09:41:35,728.9,991968
2021-06-14 09:41:36,729.0,993120
2021-06-14 09:41:37,729.0,993468
2021-06-14 09:41:38,728.85,993587
2021-06-14 09:41:39,729.0,994970
2021-06-14 09:41:40,728.85,996251
2021-06-14 09:41:41,729.45,996592
2021-06-14 09:41:44,729.2,997092
2021-06-14 09:41:43,729.15,996792
2021-06-14 09:41:45,729.45,997148
2021-06-14 09:41:46,729.05,997498
2021-06-14 09:41:47,729.0,997552
2021-06-14 09:41:48,729.0,997558
2021-06-14 09:41:49,729.4,997658
2021-06-14 09:41:51,729.0,997749
2021-06-14 09:41:51,729.05,997759
2021-06-14 09:41:53,729.6,997993
2021-06-14 09:41:54,729.2,998019
2021-06-14 09:41:55,729.25,998140
2021-06-14 09:41:55,729.5,998191
2021-06-14 09:41:56,729.5,998191
2021-06-14 09:41:57,729.15,998225
2021-06-14 09:41:59,729.15,998225
2021-06-14 09:42:00,729.4,998735
2021-06-14 09:42:02,729.55,998828
2021-06-14 09:42:02,729.55,998839
2021-06-14 09:42:04,729.25,998999
2021-06-14 09:42:05,729.6,999180
2021-06-14 09:42:05,729.6,999185
2021-06-14 09:42:07,729.55,999285
2021-06-14 09:42:07,729.35,999305
2021-06-14 09:42:08,729.35,999305
2021-06-14 09:42:09,729.55,999373
2021-06-14 09:42:11,729.35,999452
2021-06-14 09:42:12,729.55,999459
2021-06-14 09:42:13,729.95,1000502
2021-06-14 09:42:14,729.55,1000505
2021-06-14 09:42:15,729.85,1000525
2021-06-14 09:42:16,729.85,1000525
2021-06-14 09:42:17,729.85,1000569
2021-06-14 09:42:18,729.85,1000569
2021-06-14 09:42:18,729.85,1000569
2021-06-14 09:42:19,729.55,1000869
2021-06-14 09:42:20,729.85,1002204
2021-06-14 09:42:22,729.8,1002750
2021-06-14 09:42:23,729.6,1002752
2021-06-14 09:42:24,729.5,1002862
2021-06-14 09:42:25,729.9,1003391
2021-06-14 09:42:26,729.85,1003691
2021-06-14 09:42:27,729.85,1003691
2021-06-14 09:42:28,729.85,1003691
2021-06-14 09:42:29,729.9,1003701
2021-06-14 09:42:30,730.0,1003776
2021-06-14 09:42:31,729.95,1003883
2021-06-14 09:42:32,730.0,1004086
2021-06-14 09:42:33,730.0,1004088
2021-06-14 09:42:34,729.95,1004244
2021-06-14 09:42:35,730.0,1004314
2021-06-14 09:42:36,729.85,1004324
2021-06-14 09:42:37,729.85,1004414
2021-06-14 09:42:39,729.6,1004514
2021-06-14 09:42:42,729.8,1004796
2021-06-14 09:42:43,729.9,1004997
2021-06-14 09:42:44,729.6,1005004
2021-06-14 09:42:45,729.6,1005004
2021-06-14 09:42:46,729.8,1005054
2021-06-14 09:42:47,730.0,1005169
2021-06-14 09:42:48,730.0,1005171
2021-06-14 09:42:49,730.0,1005541
2021-06-14 09:42:50,730.0,1005541
2021-06-14 09:42:50,730.0,1005541
2021-06-14 09:42:51,730.0,1005591
2021-06-14 09:42:52,730.0,1005596
2021-06-14 09:42:53,730.0,1006047
2021-06-14 09:42:55,730.0,1006122
2021-06-14 09:42:56,730.0,1006252
2021-06-14 09:42:58,729.85,1007486
2021-06-14 09:42:59,730.1,1008702
2021-06-14 09:43:00,730.0,1008852
2021-06-14 09:43:01,730.0,1008895
2021-06-14 09:43:03,730.0,1009075
2021-06-14 09:43:04,730.0,1009215
2021-06-14 09:43:06,730.0,1009419
2021-06-14 09:43:07,729.9,1009697
2021-06-14 09:43:09,730.0,1009801
2021-06-14 09:43:10,729.9,1010149
2021-06-14 09:43:11,730.0,1010467
2021-06-14 09:43:12,729.9,1010655
2021-06-14 09:43:13,729.8,1010712
2021-06-14 09:43:13,729.95,1010729
2021-06-14 09:43:14,729.95,1010735
2021-06-14 09:43:16,730.05,1011297
2021-06-14 09:43:17,729.8,1011487
2021-06-14 09:43:18,730.0,1017354
2021-06-14 09:43:20,730.0,1017459
2021-06-14 09:43:21,730.05,1017727
2021-06-14 09:43:22,730.0,1017737
2021-06-14 09:43:23,730.05,1017958
2021-06-14 09:43:24,730.0,1018143
2021-06-14 09:43:25,730.2,1019459
2021-06-14 09:43:26,730.2,1019459
2021-06-14 09:43:27,730.2,1019459
2021-06-14 09:43:28,730.2,1019459
2021-06-14 09:43:29,730.2,1019771
2021-06-14 09:43:30,730.25,1019908
2021-06-14 09:43:31,730.15,1020917
2021-06-14 09:43:32,730.15,1020917
2021-06-14 09:43:33,730.2,1021049
2021-06-14 09:43:35,730.5,1021154
2021-06-14 09:43:35,730.5,1021154
2021-06-14 09:43:38,730.5,1025535
2021-06-14 09:43:39,730.4,1025950
2021-06-14 09:43:40,730.7,1026020
2021-06-14 09:43:41,730.7,1026020
2021-06-14 09:43:42,730.65,1026038
2021-06-14 09:43:43,730.65,1026166
2021-06-14 09:43:44,730.7,1026626
2021-06-14 09:43:45,730.7,1026626
2021-06-14 09:43:46,730.7,1027192
2021-06-14 09:43:47,730.5,1027204
2021-06-14 09:43:48,730.6,1028004
2021-06-14 09:43:49,730.6,1028393
2021-06-14 09:43:50,730.5,1028405
2021-06-14 09:43:51,730.6,1028432
2021-06-14 09:43:52,730.65,1028861
2021-06-14 09:43:53,730.6,1030209
2021-06-14 09:43:54,730.5,1030753
2021-06-14 09:43:55,730.85,1031271
2021-06-14 09:43:56,730.95,1031576
2021-06-14 09:43:57,731.05,1036162
2021-06-14 09:43:58,730.95,1036503
2021-06-14 09:44:00,730.9,1036795
2021-06-14 09:44:01,730.9,1036835
2021-06-14 09:44:02,730.65,1036922
2021-06-14 09:44:03,730.65,1037099
2021-06-14 09:44:04,730.95,1037228
2021-06-14 09:44:05,730.65,1037516
2021-06-14 09:44:06,730.95,1037625
2021-06-14 09:44:07,730.6,1037763
2021-06-14 09:44:08,730.75,1037805
2021-06-14 09:44:09,730.6,1037832
2021-06-14 09:44:10,730.65,1037848
2021-06-14 09:44:12,730.75,1038169
2021-06-14 09:44:13,730.65,1038200
2021-06-14 09:44:14,730.75,1038210
2021-06-14 09:44:15,730.65,1038231
2021-06-14 09:44:16,730.75,1038237
2021-06-14 09:44:17,730.65,1038620
2021-06-14 09:44:18,730.75,1038819
2021-06-14 09:44:19,730.75,1038931
2021-06-14 09:44:20,730.75,1038965
2021-06-14 09:44:21,730.75,1038975
2021-06-14 09:44:22,730.65,1039323
2021-06-14 09:44:23,730.9,1039449
2021-06-14 09:44:24,730.9,1042110
2021-06-14 09:44:25,730.9,1042233
2021-06-14 09:44:27,730.9,1043177
2021-06-14 09:44:28,731.1,1044328
2021-06-14 09:44:29,730.8,1044333
2021-06-14 09:44:30,731.05,1044626
2021-06-14 09:44:31,731.1,1044853
2021-06-14 09:44:33,731.05,1045104
2021-06-14 09:44:34,730.8,1045237
2021-06-14 09:44:35,731.15,1045386
2021-06-14 09:44:36,730.9,1045786
2021-06-14 09:44:37,730.9,1050711
2021-06-14 09:44:38,730.9,1052042
2021-06-14 09:44:39,731.05,1053563
2021-06-14 09:44:40,731.0,1053613
2021-06-14 09:44:41,731.15,1053781
2021-06-14 09:44:42,731.0,1053800
2021-06-14 09:44:43,731.35,1061579
2021-06-14 09:44:44,730.9,1063646
2021-06-14 09:44:45,731.05,1064047
2021-06-14 09:44:46,731.05,1065563
2021-06-14 09:44:47,731.0,1065659
2021-06-14 09:44:48,730.8,1066688
2021-06-14 09:44:49,731.05,1066804
2021-06-14 09:44:50,731.05,1066844
2021-06-14 09:44:51,731.05,1066845
2021-06-14 09:44:52,731.0,1067021
2021-06-14 09:44:53,731.05,1067057
2021-06-14 09:44:54,730.8,1069453
2021-06-14 09:44:55,730.8,1070422
2021-06-14 09:44:56,731.0,1070824
2021-06-14 09:44:57,731.0,1070992
2021-06-14 09:44:59,731.0,1071272
2021-06-14 09:44:58,731.0,1071054
2021-06-14 09:45:00,730.9,1073262
2021-06-14 09:45:01,730.9,1073711
2021-06-14 09:45:02,731.0,1074345
2021-06-14 09:45:03,730.8,1074805
2021-06-14 09:45:04,730.95,1074943
2021-06-14 09:45:05,731.0,1074953
2021-06-14 09:45:06,731.0,1074956
2021-06-14 09:45:07,731.0,1075187
2021-06-14 09:45:08,731.0,1075376
2021-06-14 09:45:09,731.0,1075713
2021-06-14 09:45:10,731.0,1075988
2021-06-14 09:45:11,730.9,1076296
2021-06-14 09:45:12,730.8,1076704
2021-06-14 09:45:13,730.95,1077072
2021-06-14 09:45:14,730.6,1077184
2021-06-14 09:45:15,730.6,1077218
2021-06-14 09:45:16,730.6,1077273
2021-06-14 09:45:17,730.6,1077304
2021-06-14 09:45:18,730.65,1077314
2021-06-14 09:45:20,730.6,1077810
2021-06-14 09:45:21,730.5,1078172
2021-06-14 09:45:22,730.5,1080796
2021-06-14 09:45:23,730.35,1081858
2021-06-14 09:45:24,730.25,1082515
2021-06-14 09:45:25,730.15,1083854
2021-06-14 09:45:26,730.35,1084405
2021-06-14 09:45:27,730.35,1084721
2021-06-14 09:45:28,730.1,1084915
2021-06-14 09:45:29,730.1,1085169
2021-06-14 09:45:30,730.05,1086046
2021-06-14 09:45:31,730.35,1086586
2021-06-14 09:45:32,730.35,1086748
2021-06-14 09:45:34,730.1,1086862
2021-06-14 09:45:35,730.05,1086908
2021-06-14 09:45:36,730.1,1086915
2021-06-14 09:45:37,730.0,1087035
2021-06-14 09:45:38,730.0,1087173
2021-06-14 09:45:39,730.05,1089118
2021-06-14 09:45:40,729.75,1090335
2021-06-14 09:45:41,730.05,1090518
2021-06-14 09:45:42,730.0,1090888
2021-06-14 09:45:43,730.0,1091837
2021-06-14 09:45:44,729.9,1092868
2021-06-14 09:45:45,729.6,1093415
2021-06-14 09:45:46,729.6,1093581
2021-06-14 09:45:47,729.85,1093643
2021-06-14 09:45:48,729.6,1093784
2021-06-14 09:45:49,729.5,1094632
2021-06-14 09:45:50,729.5,1094992
2021-06-14 09:45:52,729.65,1095609
2021-06-14 09:45:54,729.75,1097051
2021-06-14 09:45:56,729.9,1101906
2021-06-14 09:45:57,729.95,1103347
2021-06-14 09:45:58,729.95,1104036
2021-06-14 09:45:59,729.85,1104583
2021-06-14 09:46:00,729.95,1105132
2021-06-14 09:46:01,729.8,1105320
2021-06-14 09:46:02,729.75,1105426
2021-06-14 09:46:03,729.9,1105468
2021-06-14 09:46:04,729.85,1105481
2021-06-14 09:46:05,729.95,1106028
2021-06-14 09:46:06,729.95,1106326
2021-06-14 09:46:07,729.95,1106415
2021-06-14 09:46:08,729.95,1107098
2021-06-14 09:46:09,730.25,1109140
2021-06-14 09:46:10,730.5,1109310
2021-06-14 09:46:11,730.7,1109383
2021-06-14 09:46:12,730.8,1110515
2021-06-14 09:46:13,730.75,1111260
2021-06-14 09:46:14,730.35,1111625
2021-06-14 09:46:16,730.75,1114492
2021-06-14 09:46:17,730.7,1114630
2021-06-14 09:46:18,730.7,1114696
2021-06-14 09:46:19,730.8,1115201
2021-06-14 09:46:20,730.75,1115353
2021-06-14 09:46:21,730.7,1115582
2021-06-14 09:46:22,730.7,1115731
2021-06-14 09:46:23,730.35,1115790
2021-06-14 09:46:24,730.7,1116188
2021-06-14 09:46:25,730.65,1116411
2021-06-14 09:46:27,730.75,1116547
2021-06-14 09:46:28,730.75,1116567
2021-06-14 09:46:29,730.7,1116573
2021-06-14 09:46:30,730.45,1116580
2021-06-14 09:46:32,730.7,1116873
2021-06-14 09:46:33,730.7,1117055
2021-06-14 09:46:34,730.7,1117110
2021-06-14 09:46:35,730.7,1117156
2021-06-14 09:46:36,730.5,1117637
2021-06-14 09:46:37,730.9,1117731
2021-06-14 09:46:38,730.9,1117797
2021-06-14 09:46:43,730.45,1125785
2021-06-14 09:46:44,730.85,1125791
2021-06-14 09:46:45,731.0,1125997
2021-06-14 09:46:47,731.0,1126276
2021-06-14 09:46:48,730.9,1126328
2021-06-14 09:46:49,730.85,1126376
2021-06-14 09:46:51,730.5,1126559
2021-06-14 09:46:52,730.85,1126769
2021-06-14 09:46:53,730.5,1126842
2021-06-14 09:46:54,730.5,1126884
2021-06-14 09:46:55,730.85,1126914
2021-06-14 09:46:56,730.85,1126948
2021-06-14 09:46:57,730.55,1126970
2021-06-14 09:46:59,730.6,1127026
2021-06-14 09:47:00,730.9,1127303
2021-06-14 09:47:00,730.9,1127386
2021-06-14 09:47:01,730.9,1127417
2021-06-14 09:47:02,730.9,1127426
2021-06-14 09:47:06,731.0,1129116
2021-06-14 09:47:07,731.0,1129242
2021-06-14 09:47:08,731.0,1129612
2021-06-14 09:47:09,730.8,1129725
2021-06-14 09:47:10,730.85,1129775
2021-06-14 09:47:12,730.85,1129876
2021-06-14 09:47:14,730.65,1130033
2021-06-14 09:47:15,730.75,1130137
2021-06-14 09:47:16,730.75,1130169
2021-06-14 09:47:17,730.75,1130180
2021-06-14 09:47:18,730.75,1130183
2021-06-14 09:47:19,730.7,1130184
2021-06-14 09:47:20,730.45,1130204
2021-06-14 09:47:21,730.7,1130261
2021-06-14 09:47:22,730.35,1131379
2021-06-14 09:47:23,730.7,1131714
2021-06-14 09:47:24,730.7,1131864
2021-06-14 09:47:25,730.7,1131925
2021-06-14 09:47:26,730.35,1131967
2021-06-14 09:47:27,730.4,1132038
2021-06-14 09:47:28,730.4,1132161
2021-06-14 09:47:29,730.35,1132531
2021-06-14 09:47:30,730.55,1134648
2021-06-14 09:47:31,730.7,1135006
2021-06-14 09:47:32,730.75,1135113
2021-06-14 09:47:33,730.75,1135467
2021-06-14 09:47:34,730.55,1135773
2021-06-14 09:47:35,730.75,1135865
2021-06-14 09:47:37,730.75,1135938
2021-06-14 09:47:39,730.75,1135946
2021-06-14 09:47:40,730.75,1135982
2021-06-14 09:47:41,730.75,1135993
2021-06-14 09:47:42,730.75,1135996
2021-06-14 09:47:43,730.75,1135997
2021-06-14 09:47:44,730.75,1136013
2021-06-14 09:47:45,730.75,1136022
2021-06-14 09:47:46,730.75,1136033
2021-06-14 09:47:47,730.6,1136053
2021-06-14 09:47:48,730.45,1136263
2021-06-14 09:47:49,730.6,1136339
2021-06-14 09:47:50,730.6,1136370
2021-06-14 09:47:51,730.5,1136393
2021-06-14 09:47:52,730.5,1138229
2021-06-14 09:47:53,730.55,1138319
2021-06-14 09:47:55,730.6,1138454
2021-06-14 09:47:55,730.6,1138362
2021-06-14 09:47:57,730.75,1139880
2021-06-14 09:47:58,730.55,1140140
2021-06-14 09:48:00,730.75,1140248
2021-06-14 09:48:00,730.75,1140281
2021-06-14 09:48:01,730.75,1140291
2021-06-14 09:48:02,730.55,1140364
2021-06-14 09:48:03,730.75,1140385
2021-06-14 09:48:04,730.75,1140397
2021-06-14 09:48:05,730.7,1144882
2021-06-14 09:48:06,730.6,1146728
2021-06-14 09:48:07,730.9,1147061
2021-06-14 09:48:08,730.65,1147581
2021-06-14 09:48:09,730.5,1148938
2021-06-14 09:48:10,730.9,1149222
2021-06-14 09:48:11,731.1,1160758
2021-06-14 09:48:12,730.9,1160958
2021-06-14 09:48:13,730.75,1161621
2021-06-14 09:48:14,731.0,1161820
2021-06-14 09:48:15,731.0,1161879
2021-06-14 09:48:16,730.7,1161922
2021-06-14 09:48:17,731.0,1161935
2021-06-14 09:48:18,731.0,1161939
2021-06-14 09:48:19,731.0,1161942
2021-06-14 09:48:20,730.9,1161943
2021-06-14 09:48:21,731.0,1161957
2021-06-14 09:48:22,730.8,1161994
2021-06-14 09:48:23,731.0,1162050
2021-06-14 09:48:24,731.0,1162087
2021-06-14 09:48:25,731.0,1162450
2021-06-14 09:48:26,730.7,1162846
2021-06-14 09:48:28,731.1,1163226
2021-06-14 09:48:29,730.8,1163266
2021-06-14 09:48:30,730.8,1163266
2021-06-14 09:48:31,730.75,1163539
2021-06-14 09:48:32,730.8,1163641
2021-06-14 09:48:33,730.7,1163693
2021-06-14 09:48:35,731.0,1163785
2021-06-14 09:48:36,731.0,1163883
2021-06-14 09:48:37,730.7,1164062
2021-06-14 09:48:38,730.7,1164126
2021-06-14 09:48:39,730.95,1164153
2021-06-14 09:48:39,730.9,1164162
2021-06-14 09:48:40,730.95,1164165
2021-06-14 09:48:41,730.8,1164167
2021-06-14 09:48:42,730.85,1164168
2021-06-14 09:48:43,730.9,1164194
2021-06-14 09:48:44,730.9,1164196
2021-06-14 09:48:45,730.95,1164252
2021-06-14 09:48:46,730.95,1164819
2021-06-14 09:48:47,730.95,1164961
2021-06-14 09:48:48,730.95,1165004
2021-06-14 09:48:49,730.9,1165024
2021-06-14 09:48:50,731.0,1165217
2021-06-14 09:48:52,730.95,1165462
2021-06-14 09:48:52,731.0,1165540
2021-06-14 09:48:54,731.0,1165572
2021-06-14 09:48:54,730.95,1165564
2021-06-14 09:48:55,731.0,1165574
2021-06-14 09:48:56,731.0,1165599
2021-06-14 09:48:57,731.0,1165606
2021-06-14 09:48:58,731.0,1165820
2021-06-14 09:48:59,731.0,1166590
2021-06-14 09:49:00,731.0,1166664
2021-06-14 09:49:01,730.9,1167032
2021-06-14 09:49:02,731.0,1167132
2021-06-14 09:49:03,731.0,1167223
2021-06-14 09:49:04,731.15,1167238
2021-06-14 09:49:05,731.0,1167241
2021-06-14 09:49:06,731.0,1167241
2021-06-14 09:49:07,731.15,1167376
2021-06-14 09:49:08,731.15,1167511
2021-06-14 09:49:09,731.15,1167521
2021-06-14 09:49:10,731.0,1167771
2021-06-14 09:49:11,731.15,1168162
2021-06-14 09:49:12,731.15,1168162
2021-06-14 09:49:13,731.15,1169435
2021-06-14 09:49:14,731.05,1169480
2021-06-14 09:49:15,731.15,1169529
2021-06-14 09:49:16,731.05,1169929
2021-06-14 09:49:17,731.05,1169983
2021-06-14 09:49:18,731.15,1170047
2021-06-14 09:49:19,731.15,1170047
2021-06-14 09:49:20,731.05,1170230
2021-06-14 09:49:21,731.15,1170240
2021-06-14 09:49:23,731.0,1170415
2021-06-14 09:49:24,731.0,1170415
2021-06-14 09:49:25,731.25,1170535
2021-06-14 09:49:26,731.05,1170536
2021-06-14 09:49:27,731.25,1170586
2021-06-14 09:49:29,731.25,1170587
2021-06-14 09:49:29,731.25,1170637
2021-06-14 09:49:30,731.05,1170747
2021-06-14 09:49:32,731.15,1170787
2021-06-14 09:49:32,731.15,1170789
2021-06-14 09:49:33,731.15,1170809
2021-06-14 09:49:34,731.15,1170810
2021-06-14 09:49:35,731.15,1170820
2021-06-14 09:49:36,731.15,1171140
2021-06-14 09:49:37,731.15,1171140
2021-06-14 09:49:38,731.15,1172088
2021-06-14 09:49:39,731.15,1172238
2021-06-14 09:49:40,731.15,1172243
2021-06-14 09:49:41,731.15,1172243
2021-06-14 09:49:42,731.15,1172528
2021-06-14 09:49:43,730.75,1174268
2021-06-14 09:49:44,731.0,1174375
2021-06-14 09:49:45,730.75,1174895
2021-06-14 09:49:46,730.7,1175688
2021-06-14 09:49:47,730.7,1176269
2021-06-14 09:49:48,730.6,1176488
2021-06-14 09:49:49,730.75,1176658
2021-06-14 09:49:50,730.75,1176729
2021-06-14 09:49:51,730.6,1176935
2021-06-14 09:49:52,730.6,1177206
2021-06-14 09:49:53,730.85,1177288
2021-06-14 09:49:54,730.75,1177299
2021-06-14 09:49:55,730.6,1177330
2021-06-14 09:49:56,730.85,1177393
2021-06-14 09:49:57,730.7,1177451
2021-06-14 09:49:58,731.0,1177577
2021-06-14 09:49:59,730.75,1177715
2021-06-14 09:50:01,730.75,1177991
2021-06-14 09:50:02,730.7,1178144
2021-06-14 09:50:02,731.0,1178190
2021-06-14 09:50:03,731.0,1178273
2021-06-14 09:50:04,731.0,1178273
2021-06-14 09:50:05,730.9,1178800
2021-06-14 09:50:06,731.0,1179197
2021-06-14 09:50:07,731.0,1179721
2021-06-14 09:50:09,731.05,1179742
2021-06-14 09:50:10,731.1,1179977
2021-06-14 09:50:11,731.1,1179977
2021-06-14 09:50:12,731.0,1180327
2021-06-14 09:50:13,731.0,1180327
2021-06-14 09:50:14,731.0,1180727
2021-06-14 09:50:15,731.15,1180747
2021-06-14 09:50:16,731.0,1181002
2021-06-14 09:50:17,731.1,1181078
2021-06-14 09:50:18,731.1,1181079
2021-06-14 09:50:19,731.1,1181089
2021-06-14 09:50:21,731.0,1181366
2021-06-14 09:50:22,731.05,1181445
2021-06-14 09:50:24,730.8,1181969
2021-06-14 09:50:25,731.05,1181990
2021-06-14 09:50:26,730.9,1182107
2021-06-14 09:50:27,730.9,1182154
2021-06-14 09:50:28,730.6,1182371
2021-06-14 09:50:29,730.85,1182447
2021-06-14 09:50:30,730.6,1183071
2021-06-14 09:50:31,730.6,1183309
2021-06-14 09:50:33,730.85,1183462
2021-06-14 09:50:33,730.85,1183502
2021-06-14 09:50:34,730.85,1183524
2021-06-14 09:50:36,730.9,1183708
2021-06-14 09:50:37,730.6,1183764
2021-06-14 09:50:38,730.95,1183881
2021-06-14 09:50:39,730.95,1184052
2021-06-14 09:50:40,730.9,1184600
2021-06-14 09:50:41,730.9,1185075
2021-06-14 09:50:43,730.85,1185406
2021-06-14 09:50:44,730.85,1185430
2021-06-14 09:50:45,730.55,1185489
2021-06-14 09:50:46,730.9,1185517
2021-06-14 09:50:49,730.6,1185704
2021-06-14 09:50:49,730.9,1185758
2021-06-14 09:50:50,730.9,1185824
2021-06-14 09:50:52,730.85,1186218
2021-06-14 09:50:53,730.85,1186247
2021-06-14 09:50:54,730.9,1186307
2021-06-14 09:50:55,730.65,1186499
2021-06-14 09:50:56,730.95,1186607
2021-06-14 09:50:57,730.95,1186639
2021-06-14 09:50:58,730.65,1186653
2021-06-14 09:50:59,730.95,1187039
2021-06-14 09:51:01,730.9,1187071
2021-06-14 09:51:02,730.95,1187696
2021-06-14 09:51:02,730.9,1187960
2021-06-14 09:51:03,730.85,1188211
2021-06-14 09:51:04,730.95,1188286
2021-06-14 09:51:07,730.9,1188344
2021-06-14 09:51:08,730.95,1188351
2021-06-14 09:51:09,730.95,1189027
2021-06-14 09:51:09,730.95,1189230
2021-06-14 09:51:10,730.95,1189291
2021-06-14 09:51:11,730.95,1189409
2021-06-14 09:51:12,730.9,1189421
2021-06-14 09:51:13,730.95,1189726
2021-06-14 09:51:15,730.9,1190447
2021-06-14 09:51:16,730.7,1190519
2021-06-14 09:51:18,730.65,1190740
2021-06-14 09:51:19,730.9,1190906
2021-06-14 09:51:20,730.65,1191038
2021-06-14 09:51:21,730.65,1191082
2021-06-14 09:51:22,730.85,1191097
2021-06-14 09:51:23,730.85,1191128
2021-06-14 09:51:24,730.85,1191137
2021-06-14 09:51:24,730.7,1191314
2021-06-14 09:51:25,730.85,1191367
2021-06-14 09:51:26,730.8,1191383
2021-06-14 09:51:27,730.8,1191388
2021-06-14 09:51:28,730.8,1191415
2021-06-14 09:51:29,730.8,1191514
2021-06-14 09:51:30,730.9,1191660
2021-06-14 09:51:31,730.7,1191705
2021-06-14 09:51:32,730.7,1191906
2021-06-14 09:51:33,730.7,1191992
2021-06-14 09:51:34,730.65,1192052
2021-06-14 09:51:35,730.95,1192235
2021-06-14 09:51:36,730.65,1192295
2021-06-14 09:51:37,730.65,1192366
2021-06-14 09:51:38,730.9,1192388
2021-06-14 09:51:39,730.65,1192400
2021-06-14 09:51:41,730.65,1192537
2021-06-14 09:51:42,730.65,1192584
2021-06-14 09:51:42,730.9,1192698
2021-06-14 09:51:43,730.85,1192748
2021-06-14 09:51:45,730.8,1192775
2021-06-14 09:51:46,730.85,1192844
2021-06-14 09:51:47,730.7,1192870
2021-06-14 09:51:47,730.85,1192878
2021-06-14 09:51:48,730.65,1193230
2021-06-14 09:51:49,730.95,1194336
2021-06-14 09:51:51,730.85,1195117
2021-06-14 09:51:52,730.9,1195143
2021-06-14 09:51:54,730.9,1195240
2021-06-14 09:51:55,730.85,1195274
2021-06-14 09:51:56,730.85,1195289
2021-06-14 09:51:57,730.65,1195519
2021-06-14 09:51:58,730.9,1195588
2021-06-14 09:51:59,730.9,1195649
2021-06-14 09:52:00,730.95,1196351
2021-06-14 09:52:00,730.95,1196561
2021-06-14 09:52:01,730.95,1196624
2021-06-14 09:52:02,730.9,1196743
2021-06-14 09:52:03,730.85,1196762
2021-06-14 09:52:04,730.65,1196823
2021-06-14 09:52:05,730.65,1196847
2021-06-14 09:52:06,730.65,1196913
2021-06-14 09:52:07,730.95,1196933
2021-06-14 09:52:08,730.9,1196939
2021-06-14 09:52:09,730.7,1196981
2021-06-14 09:52:10,730.9,1197005
2021-06-14 09:52:11,730.9,1197012
2021-06-14 09:52:13,730.9,1197014
2021-06-14 09:52:13,730.8,1197235
2021-06-14 09:52:14,730.9,1197331
2021-06-14 09:52:15,730.9,1197361
2021-06-14 09:52:16,730.9,1197475
2021-06-14 09:52:18,730.8,1197565
2021-06-14 09:52:18,730.9,1197594
2021-06-14 09:52:20,730.9,1197615
2021-06-14 09:52:21,730.9,1197621
2021-06-14 09:52:22,730.9,1197661
2021-06-14 09:52:23,730.9,1197664
2021-06-14 09:52:25,730.9,1197717
2021-06-14 09:52:26,730.8,1197738
2021-06-14 09:52:27,730.95,1197849
2021-06-14 09:52:27,730.95,1198392
2021-06-14 09:52:29,730.9,1198654
2021-06-14 09:52:30,730.8,1198738
2021-06-14 09:52:31,730.9,1198785
2021-06-14 09:52:32,730.8,1198814
2021-06-14 09:52:33,730.8,1198831
2021-06-14 09:52:34,730.9,1198836
2021-06-14 09:52:35,730.9,1198838
2021-06-14 09:52:36,730.9,1198852
2021-06-14 09:52:37,730.95,1203456
2021-06-14 09:52:38,731.05,1204306
2021-06-14 09:52:39,731.0,1204310
2021-06-14 09:52:40,731.05,1204413
2021-06-14 09:52:41,731.05,1204482
2021-06-14 09:52:42,731.05,1204554
2021-06-14 09:52:43,731.05,1204832
2021-06-14 09:52:44,731.0,1204883
2021-06-14 09:52:45,731.0,1204887
2021-06-14 09:52:46,731.05,1204937
2021-06-14 09:52:47,730.5,1217138
2021-06-14 09:52:48,731.0,1217772
2021-06-14 09:52:49,731.05,1218051
2021-06-14 09:52:50,731.0,1218052
2021-06-14 09:52:51,731.0,1218052
2021-06-14 09:52:52,731.05,1218074
2021-06-14 09:52:53,731.05,1218075
2021-06-14 09:52:54,731.05,1218075
2021-06-14 09:52:55,731.0,1218578
2021-06-14 09:52:56,731.0,1218578
2021-06-14 09:52:58,731.05,1218678
2021-06-14 09:52:58,731.0,1218978
2021-06-14 09:53:00,731.0,1219028
2021-06-14 09:53:01,731.0,1219193
2021-06-14 09:53:02,731.0,1219193
2021-06-14 09:53:03,730.95,1219651
2021-06-14 09:53:04,731.0,1219788
2021-06-14 09:53:05,731.0,1219829
2021-06-14 09:53:06,730.85,1219891
2021-06-14 09:53:07,731.0,1219910
2021-06-14 09:53:08,731.0,1219916
2021-06-14 09:53:08,731.0,1219918
2021-06-14 09:53:09,731.0,1219924
2021-06-14 09:53:11,731.0,1219986
2021-06-14 09:53:12,731.0,1220010
2021-06-14 09:53:13,731.0,1220057
2021-06-14 09:53:14,730.85,1221105
2021-06-14 09:53:15,731.0,1221194
2021-06-14 09:53:16,731.0,1221194
2021-06-14 09:53:17,731.0,1221294
2021-06-14 09:53:18,730.95,1221779
2021-06-14 09:53:19,731.0,1221819
2021-06-14 09:53:20,731.0,1221869
2021-06-14 09:53:21,731.0,1221940
2021-06-14 09:53:22,730.85,1222225
2021-06-14 09:53:23,730.85,1222327
2021-06-14 09:53:24,730.85,1222532
2021-06-14 09:53:26,730.8,1222838
2021-06-14 09:53:27,730.8,1222946
2021-06-14 09:53:28,730.9,1222964
2021-06-14 09:53:28,731.0,1222969
2021-06-14 09:53:30,730.85,1223102
2021-06-14 09:53:30,730.85,1223142
2021-06-14 09:53:32,730.6,1223215
2021-06-14 09:53:32,730.9,1223237
2021-06-14 09:53:33,730.9,1223244
2021-06-14 09:53:34,730.85,1223273
2021-06-14 09:53:35,730.6,1223292
2021-06-14 09:53:37,730.9,1223337
2021-06-14 09:53:38,731.0,1223451
2021-06-14 09:53:39,731.0,1223485
2021-06-14 09:53:40,731.0,1223595
2021-06-14 09:53:41,730.9,1223678
2021-06-14 09:53:42,730.9,1223703
2021-06-14 09:53:43,730.9,1223711
2021-06-14 09:53:44,730.9,1223819
2021-06-14 09:53:45,730.9,1223901
2021-06-14 09:53:46,730.9,1223951
2021-06-14 09:53:47,730.65,1224010
2021-06-14 09:53:48,730.9,1224084
2021-06-14 09:53:49,730.9,1224107
2021-06-14 09:53:50,730.9,1224115
2021-06-14 09:53:51,730.9,1224277
2021-06-14 09:53:52,730.9,1224376
2021-06-14 09:53:53,730.8,1224667
2021-06-14 09:53:54,730.65,1224760
2021-06-14 09:53:55,730.6,1225038
2021-06-14 09:53:56,730.7,1225122
2021-06-14 09:53:57,730.7,1225149
2021-06-14 09:53:58,730.7,1225164
2021-06-14 09:53:58,730.7,1225158
2021-06-14 09:53:59,730.65,1225566
2021-06-14 09:54:00,730.5,1226356
2021-06-14 09:54:01,730.8,1226612
2021-06-14 09:54:03,730.8,1226867
2021-06-14 09:54:03,730.8,1226808
2021-06-14 09:54:05,730.8,1226907
2021-06-14 09:54:05,730.8,1226898
2021-06-14 09:54:07,730.8,1227134
2021-06-14 09:54:08,730.8,1227202
2021-06-14 09:54:09,730.8,1227252
2021-06-14 09:54:11,730.8,1227468
2021-06-14 09:54:12,730.8,1227483
2021-06-14 09:54:13,730.8,1227493
2021-06-14 09:54:14,730.8,1227527
2021-06-14 09:54:15,730.8,1227537
2021-06-14 09:54:16,730.8,1227827
2021-06-14 09:54:17,730.8,1227964
2021-06-14 09:54:18,730.7,1228216
2021-06-14 09:54:19,730.8,1228367
2021-06-14 09:54:20,730.7,1228422
2021-06-14 09:54:22,730.8,1229167
2021-06-14 09:54:23,730.7,1229324
2021-06-14 09:54:24,730.8,1229760
2021-06-14 09:54:25,730.8,1229926
2021-06-14 09:54:26,730.8,1229976
2021-06-14 09:54:27,730.7,1230017
2021-06-14 09:54:28,730.8,1231183
2021-06-14 09:54:29,730.9,1231368
2021-06-14 09:54:30,730.9,1231412
2021-06-14 09:54:31,730.9,1231612
2021-06-14 09:54:32,730.9,1231798
2021-06-14 09:54:33,730.9,1232162
2021-06-14 09:54:34,730.9,1232162
2021-06-14 09:54:35,730.8,1232262
2021-06-14 09:54:36,730.9,1232317
2021-06-14 09:54:38,730.9,1232353
2021-06-14 09:54:39,730.9,1232353
2021-06-14 09:54:40,730.9,1232353
2021-06-14 09:54:41,730.9,1232353
2021-06-14 09:54:42,730.9,1232353
2021-06-14 09:54:43,730.9,1232363
2021-06-14 09:54:44,730.8,1232963
2021-06-14 09:54:45,730.8,1233016
2021-06-14 09:54:46,730.8,1233190
2021-06-14 09:54:47,730.9,1234050
2021-06-14 09:54:48,730.8,1234135
2021-06-14 09:54:49,730.8,1234135
2021-06-14 09:54:50,730.8,1234135
2021-06-14 09:54:51,730.8,1234143
2021-06-14 09:54:52,730.8,1234244
2021-06-14 09:54:53,730.9,1234254
2021-06-14 09:54:55,730.9,1234524
2021-06-14 09:54:56,730.8,1234574
2021-06-14 09:54:59,730.85,1239685
2021-06-14 09:54:58,730.95,1239554
2021-06-14 09:55:00,730.9,1239704
2021-06-14 09:55:01,731.1,1239973
2021-06-14 09:55:02,731.1,1239973
2021-06-14 09:55:03,731.15,1240273
2021-06-14 09:55:04,731.15,1240273
2021-06-14 09:55:05,731.2,1240298
2021-06-14 09:55:06,731.2,1240315
2021-06-14 09:55:07,731.2,1240315
2021-06-14 09:55:08,731.2,1240315
2021-06-14 09:55:09,731.15,1240405
2021-06-14 09:55:10,731.45,1248813
2021-06-14 09:55:11,731.45,1248839
2021-06-14 09:55:12,731.25,1248998
2021-06-14 09:55:13,731.35,1249108
2021-06-14 09:55:14,731.35,1249130
2021-06-14 09:55:15,731.35,1249139
2021-06-14 09:55:16,731.35,1249189
2021-06-14 09:55:17,731.2,1249269
2021-06-14 09:55:18,731.2,1249269
2021-06-14 09:55:19,731.35,1249317
2021-06-14 09:55:20,731.35,1249322
2021-06-14 09:55:21,731.2,1250122
2021-06-14 09:55:22,731.25,1250130
2021-06-14 09:55:23,731.25,1250132
2021-06-14 09:55:24,731.2,1250162
2021-06-14 09:55:25,731.05,1250174
2021-06-14 09:55:26,731.05,1251510
2021-06-14 09:55:27,731.05,1251510
2021-06-14 09:55:29,731.1,1251735
2021-06-14 09:55:30,730.8,1251943
2021-06-14 09:55:31,730.75,1253405
2021-06-14 09:55:32,731.1,1253421
2021-06-14 09:55:33,731.15,1254371
2021-06-14 09:55:34,731.1,1254493
2021-06-14 09:55:35,730.8,1254746
2021-06-14 09:55:36,731.0,1254751
2021-06-14 09:55:37,731.15,1254853
2021-06-14 09:55:38,731.15,1254903
2021-06-14 09:55:39,731.15,1254903
2021-06-14 09:55:40,731.0,1255131
2021-06-14 09:55:42,731.0,1258131
2021-06-14 09:55:43,731.0,1258131
2021-06-14 09:55:47,730.9,1263327
2021-06-14 09:55:48,730.8,1263461
2021-06-14 09:55:49,730.8,1263461
2021-06-14 09:55:50,731.0,1263701
2021-06-14 09:55:51,730.9,1265882
2021-06-14 09:55:52,731.05,1265897
2021-06-14 09:55:53,731.0,1266232
2021-06-14 09:55:54,731.0,1266234
2021-06-14 09:55:55,730.8,1266521
2021-06-14 09:55:56,731.0,1266523
2021-06-14 09:55:57,731.0,1266523
2021-06-14 09:55:58,731.0,1266528
2021-06-14 09:55:59,731.0,1266528
2021-06-14 09:56:00,730.8,1266949
2021-06-14 09:56:01,730.8,1266949
2021-06-14 09:56:02,731.0,1266979
2021-06-14 09:56:03,731.05,1266989
2021-06-14 09:56:05,730.8,1267024
2021-06-14 09:56:06,731.05,1267031
2021-06-14 09:56:07,730.8,1267188
2021-06-14 09:56:08,730.8,1270066
2021-06-14 09:56:09,731.1,1270255
2021-06-14 09:56:10,731.1,1270255
2021-06-14 09:56:11,731.0,1270260
2021-06-14 09:56:12,730.8,1270403
2021-06-14 09:56:13,730.8,1270403
2021-06-14 09:56:14,730.8,1270406
2021-06-14 09:56:15,731.0,1270414
2021-06-14 09:56:16,731.0,1270414
2021-06-14 09:56:17,730.8,1270415
2021-06-14 09:56:18,731.0,1270418
2021-06-14 09:56:19,731.0,1270420
2021-06-14 09:56:20,730.6,1271028
2021-06-14 09:56:21,730.75,1271083
2021-06-14 09:56:22,730.75,1271083
2021-06-14 09:56:23,730.65,1271084
2021-06-14 09:56:24,730.65,1271175
2021-06-14 09:56:26,730.9,1271225
2021-06-14 09:56:27,730.75,1271336
2021-06-14 09:56:28,730.75,1271448
2021-06-14 09:56:29,730.75,1271448
2021-06-14 09:56:30,730.75,1271458
2021-06-14 09:56:31,730.7,1274200
2021-06-14 09:56:32,730.7,1274201
2021-06-14 09:56:33,730.75,1274348
2021-06-14 09:56:34,730.75,1274413
2021-06-14 09:56:35,730.75,1274413
2021-06-14 09:56:36,730.75,1274413
2021-06-14 09:56:37,730.6,1274418
2021-06-14 09:56:38,730.6,1274418
2021-06-14 09:56:39,730.75,1274423
2021-06-14 09:56:41,730.75,1274445
2021-06-14 09:56:42,730.75,1275465
2021-06-14 09:56:44,730.55,1275780
2021-06-14 09:56:44,730.55,1275780
2021-06-14 09:56:45,730.75,1275781
2021-06-14 09:56:46,730.75,1275781
2021-06-14 09:56:47,730.75,1275832
2021-06-14 09:56:48,730.5,1275923
2021-06-14 09:56:49,730.75,1275925
2021-06-14 09:56:51,730.5,1275958
2021-06-14 09:56:52,730.5,1277211
2021-06-14 09:56:54,730.35,1277951
2021-06-14 09:56:55,730.5,1277966
2021-06-14 09:56:56,730.35,1278349
2021-06-14 09:56:57,730.15,1278776
2021-06-14 09:56:58,730.15,1278776
2021-06-14 09:57:00,730.55,1279639
2021-06-14 09:57:01,730.65,1279840
2021-06-14 09:57:01,730.5,1279866
2021-06-14 09:57:03,730.3,1280067
2021-06-14 09:57:03,730.3,1280067
2021-06-14 09:57:04,730.25,1280070
2021-06-14 09:57:05,730.25,1280070
2021-06-14 09:57:06,730.25,1280128
2021-06-14 09:57:08,730.35,1280331
2021-06-14 09:57:09,730.35,1280331
2021-06-14 09:57:10,730.25,1280512
2021-06-14 09:57:11,730.65,1281177
2021-06-14 09:57:12,730.65,1281240
2021-06-14 09:57:13,730.65,1281240
2021-06-14 09:57:14,730.5,1281340
2021-06-14 09:57:15,730.5,1282345
2021-06-14 09:57:16,730.65,1282391
2021-06-14 09:57:17,730.4,1282620
2021-06-14 09:57:19,730.4,1282645
2021-06-14 09:57:20,730.65,1282661
2021-06-14 09:57:21,730.65,1282661
2021-06-14 09:57:22,730.4,1282681
2021-06-14 09:57:23,730.4,1282681
2021-06-14 09:57:26,730.6,1282838
2021-06-14 09:57:27,730.5,1283381
2021-06-14 09:57:28,730.3,1283513
2021-06-14 09:57:28,730.3,1283513
2021-06-14 09:57:29,730.5,1283713
2021-06-14 09:57:30,730.5,1283714
2021-06-14 09:57:31,730.3,1283767
2021-06-14 09:57:32,730.35,1283837
2021-06-14 09:57:33,730.4,1284157
2021-06-14 09:57:34,730.65,1284860
2021-06-14 09:57:35,730.65,1284925
2021-06-14 09:57:36,730.65,1285026
2021-06-14 09:57:37,730.65,1285232
2021-06-14 09:57:38,730.65,1285287
2021-06-14 09:57:39,730.5,1285400
2021-06-14 09:57:40,730.65,1287015
2021-06-14 09:57:41,730.65,1288772
2021-06-14 09:57:43,730.6,1288780
2021-06-14 09:57:43,730.6,1289080
2021-06-14 09:57:45,730.55,1289701
2021-06-14 09:57:46,730.75,1289871
2021-06-14 09:57:47,730.75,1290162
2021-06-14 09:57:48,730.8,1290688
2021-06-14 09:57:49,731.0,1290869
2021-06-14 09:57:50,731.0,1290869
2021-06-14 09:57:51,730.75,1290974
2021-06-14 09:57:52,731.0,1290981
2021-06-14 09:57:53,731.0,1291805
2021-06-14 09:57:54,730.95,1291810
2021-06-14 09:57:55,731.2,1292010
2021-06-14 09:57:56,731.2,1292010
2021-06-14 09:57:58,731.3,1292183
2021-06-14 09:57:58,731.3,1292183
2021-06-14 09:57:59,731.3,1292207
2021-06-14 09:58:00,731.5,1292427
2021-06-14 09:58:01,731.25,1292444
2021-06-14 09:58:02,731.5,1292451
2021-06-14 09:58:03,731.5,1294615
2021-06-14 09:58:04,731.5,1294615
2021-06-14 09:58:06,731.5,1296439
2021-06-14 09:58:06,731.5,1296439
2021-06-14 09:58:07,731.55,1296459
2021-06-14 09:58:09,731.9,1296667
2021-06-14 09:58:10,731.9,1296699
2021-06-14 09:58:12,731.9,1296789
2021-06-14 09:58:12,731.75,1296806
2021-06-14 09:58:14,731.65,1297269
2021-06-14 09:58:16,731.55,1297368
2021-06-14 09:58:16,731.55,1297368
2021-06-14 09:58:17,731.7,1297393
2021-06-14 09:58:18,731.75,1297543
2021-06-14 09:58:19,731.75,1297544
2021-06-14 09:58:20,731.5,1297819
2021-06-14 09:58:21,731.55,1298117
2021-06-14 09:58:22,731.65,1298217
2021-06-14 09:58:23,731.7,1298232
2021-06-14 09:58:24,731.8,1298337
2021-06-14 09:58:26,731.8,1298387
2021-06-14 09:58:26,731.8,1298387
2021-06-14 09:58:28,731.65,1298637
2021-06-14 09:58:28,731.65,1298637
2021-06-14 09:58:29,731.65,1298952
2021-06-14 09:58:31,731.65,1299247
2021-06-14 09:58:32,731.8,1299349
2021-06-14 09:58:33,731.65,1299351
2021-06-14 09:58:35,732.0,1303476
2021-06-14 09:58:36,731.95,1303491
2021-06-14 09:58:37,732.3,1309940
2021-06-14 09:58:38,732.6,1312344
2021-06-14 09:58:39,732.5,1312475
2021-06-14 09:58:40,732.1,1312701
2021-06-14 09:58:41,732.45,1312830
2021-06-14 09:58:43,732.5,1314095
2021-06-14 09:58:43,732.55,1313835
2021-06-14 09:58:44,732.45,1314115
2021-06-14 09:58:45,732.45,1314115
2021-06-14 09:58:47,732.3,1314532
2021-06-14 09:58:47,732.1,1314522
2021-06-14 09:58:48,732.45,1315597
2021-06-14 09:58:49,732.1,1315767
2021-06-14 09:58:50,732.1,1315911
2021-06-14 09:58:52,732.25,1316369
2021-06-14 09:58:53,732.35,1316382
2021-06-14 09:58:53,732.4,1317882
2021-06-14 09:58:54,731.7,1319685
2021-06-14 09:58:55,732.1,1322190
2021-06-14 09:58:56,732.1,1322265
2021-06-14 09:58:57,732.05,1322326
2021-06-14 09:58:58,732.05,1322412
2021-06-14 09:58:59,732.05,1322462
2021-06-14 09:59:00,732.05,1322462
2021-06-14 09:59:01,732.05,1322562
2021-06-14 09:59:02,732.0,1323056
2021-06-14 09:59:04,732.0,1323136
2021-06-14 09:59:05,732.1,1323808
2021-06-14 09:59:06,732.0,1323848
2021-06-14 09:59:07,732.0,1323848
2021-06-14 09:59:09,732.0,1324003
2021-06-14 09:59:10,732.0,1324003
2021-06-14 09:59:11,731.85,1324158
2021-06-14 09:59:12,732.1,1325158
2021-06-14 09:59:12,732.1,1325208
2021-06-14 09:59:14,731.85,1325211
2021-06-14 09:59:15,731.85,1325211
2021-06-14 09:59:16,731.9,1325413
2021-06-14 09:59:16,731.9,1325413
2021-06-14 09:59:18,731.85,1326622
2021-06-14 09:59:19,731.8,1327054
2021-06-14 09:59:20,731.85,1327055
2021-06-14 09:59:21,731.8,1327738
2021-06-14 09:59:21,731.8,1327738
2021-06-14 09:59:22,731.85,1327743
2021-06-14 09:59:24,731.85,1327743
2021-06-14 09:59:24,731.85,1327758
2021-06-14 09:59:25,732.05,1328017
2021-06-14 09:59:26,732.05,1328023
2021-06-14 09:59:27,732.1,1328043
2021-06-14 09:59:28,731.8,1328254
2021-06-14 09:59:29,732.0,1328264
2021-06-14 09:59:30,731.85,1328276
2021-06-14 09:59:31,732.0,1328365
2021-06-14 09:59:32,731.8,1328425
2021-06-14 09:59:34,732.0,1328465
2021-06-14 09:59:35,732.0,1328565
2021-06-14 09:59:36,732.0,1328630
2021-06-14 09:59:37,731.8,1328673
2021-06-14 09:59:38,731.8,1328673
2021-06-14 09:59:39,732.0,1328724
2021-06-14 09:59:40,732.0,1328848
2021-06-14 09:59:41,732.1,1328853
2021-06-14 09:59:42,732.1,1328853
2021-06-14 09:59:43,732.0,1329094
2021-06-14 09:59:44,732.0,1329294
2021-06-14 09:59:45,732.0,1329349
2021-06-14 09:59:46,732.0,1329504
2021-06-14 09:59:47,731.9,1329514
2021-06-14 09:59:48,731.95,1330229
2021-06-14 09:59:49,732.0,1330366
2021-06-14 09:59:50,732.0,1330620
2021-06-14 09:59:51,732.0,1330625
2021-06-14 09:59:52,732.0,1330856
2021-06-14 09:59:53,732.0,1331056
2021-06-14 09:59:54,731.8,1331179
2021-06-14 09:59:55,731.8,1331457
2021-06-14 09:59:56,731.9,1331538
2021-06-14 09:59:57,732.0,1331674
2021-06-14 09:59:58,731.8,1331774
2021-06-14 09:59:59,732.0,1331954
2021-06-14 10:00:00,732.05,1332144
2021-06-14 10:00:02,731.7,1333898
2021-06-14 10:00:04,731.9,1333998
2021-06-14 10:00:05,731.9,1334900
2021-06-14 10:00:06,731.9,1334917
2021-06-14 10:00:06,731.9,1334917
2021-06-14 10:00:08,731.9,1334962
2021-06-14 10:00:08,731.9,1334962
2021-06-14 10:00:09,731.9,1334962
2021-06-14 10:00:10,731.7,1335163
2021-06-14 10:00:11,731.7,1335163
2021-06-14 10:00:12,731.7,1335346
2021-06-14 10:00:15,731.9,1335392
2021-06-14 10:00:15,731.9,1335392
2021-06-14 10:00:16,732.0,1335708
2021-06-14 10:00:17,732.0,1335828
2021-06-14 10:00:18,731.9,1335856
2021-06-14 10:00:19,732.0,1335857
2021-06-14 10:00:20,732.0,1335973
2021-06-14 10:00:21,731.9,1336083
2021-06-14 10:00:22,731.75,1336183
2021-06-14 10:00:23,731.9,1336193
2021-06-14 10:00:25,731.8,1336465
2021-06-14 10:00:26,731.75,1336491
2021-06-14 10:00:27,731.8,1336494
2021-06-14 10:00:29,731.8,1336624
2021-06-14 10:00:30,731.75,1336625
2021-06-14 10:00:31,731.8,1336660
2021-06-14 10:00:32,731.85,1337205
2021-06-14 10:00:34,731.9,1337362
2021-06-14 10:00:35,731.9,1337374
2021-06-14 10:00:36,731.8,1337444
2021-06-14 10:00:37,731.8,1337465
2021-06-14 10:00:38,731.9,1337687
2021-06-14 10:00:39,731.9,1337687
2021-06-14 10:00:40,731.9,1337687
2021-06-14 10:00:41,731.85,1337688
2021-06-14 10:00:42,731.9,1337788
2021-06-14 10:00:43,731.9,1337798
2021-06-14 10:00:44,731.9,1337848
2021-06-14 10:00:46,731.8,1338172
2021-06-14 10:00:47,731.9,1338573
2021-06-14 10:00:48,731.9,1338703
2021-06-14 10:00:50,731.9,1338924
2021-06-14 10:00:51,731.9,1338924
2021-06-14 10:00:52,731.8,1338989
2021-06-14 10:00:54,731.75,1339179
2021-06-14 10:00:56,731.75,1339179
2021-06-14 10:00:57,731.9,1339239
2021-06-14 10:00:58,731.75,1339549
2021-06-14 10:00:59,731.9,1339724
2021-06-14 10:01:00,731.75,1339744
2021-06-14 10:01:01,731.75,1339744
2021-06-14 10:01:01,731.75,1339844
2021-06-14 10:01:03,731.9,1339904
2021-06-14 10:01:04,731.9,1344570
2021-06-14 10:01:05,731.95,1344890
2021-06-14 10:01:06,731.95,1344890
2021-06-14 10:01:07,732.0,1347302
2021-06-14 10:01:08,732.2,1347759
2021-06-14 10:01:09,732.2,1348142
2021-06-14 10:01:10,732.2,1348506
2021-06-14 10:01:11,732.15,1348606
2021-06-14 10:01:12,732.15,1348606
2021-06-14 10:01:13,732.0,1349648
2021-06-14 10:01:13,732.2,1349713
2021-06-14 10:01:15,732.2,1349755
2021-06-14 10:01:17,732.2,1349980
2021-06-14 10:01:18,732.2,1350080
2021-06-14 10:01:19,732.2,1350844
2021-06-14 10:01:20,732.35,1351171
2021-06-14 10:01:22,732.45,1351308
2021-06-14 10:01:22,732.45,1351308
2021-06-14 10:01:23,732.2,1351346
2021-06-14 10:01:25,732.1,1351368
2021-06-14 10:01:26,732.2,1351448
2021-06-14 10:01:26,732.2,1351449
2021-06-14 10:01:27,732.1,1351572
2021-06-14 10:01:28,732.2,1351577
2021-06-14 10:01:29,732.2,1351578
2021-06-14 10:01:30,732.1,1351966
2021-06-14 10:01:31,732.0,1352216
2021-06-14 10:01:33,732.2,1352343
2021-06-14 10:01:34,732.2,1352343
2021-06-14 10:01:35,732.2,1352344
2021-06-14 10:01:35,732.2,1352344
2021-06-14 10:01:37,732.0,1352471
2021-06-14 10:01:38,732.05,1352523
2021-06-14 10:01:40,732.2,1352557
2021-06-14 10:01:41,732.25,1353064
2021-06-14 10:01:42,732.25,1353064
2021-06-14 10:01:44,732.25,1353119
2021-06-14 10:01:44,732.25,1353119
2021-06-14 10:01:46,732.3,1354163
2021-06-14 10:01:48,732.05,1354790
2021-06-14 10:01:48,732.05,1354790
2021-06-14 10:01:50,732.05,1355762
2021-06-14 10:01:51,732.0,1363481
2021-06-14 10:01:52,732.0,1363481
2021-06-14 10:01:53,732.15,1365109
2021-06-14 10:01:56,732.15,1365234
2021-06-14 10:01:57,732.15,1365289
2021-06-14 10:01:58,732.15,1365389
2021-06-14 10:01:59,732.15,1365389
2021-06-14 10:02:00,732.1,1365482
2021-06-14 10:02:01,732.1,1367374
2021-06-14 10:02:02,732.15,1367444
2021-06-14 10:02:03,732.1,1367449
2021-06-14 10:02:04,732.15,1367809
2021-06-14 10:02:04,732.15,1367859
2021-06-14 10:02:06,732.15,1368060
2021-06-14 10:02:06,732.15,1368100
2021-06-14 10:02:07,732.15,1368101
2021-06-14 10:02:09,732.15,1368606
2021-06-14 10:02:10,732.15,1368606
2021-06-14 10:02:11,732.15,1368661
2021-06-14 10:02:12,732.15,1368711
2021-06-14 10:02:13,732.05,1368811
2021-06-14 10:02:17,732.05,1369066
2021-06-14 10:02:18,732.0,1370150
2021-06-14 10:02:19,732.05,1370258
2021-06-14 10:02:20,732.0,1370401
2021-06-14 10:02:21,732.0,1374025
2021-06-14 10:02:22,732.05,1374129
2021-06-14 10:02:23,731.55,1391916
2021-06-14 10:02:23,731.55,1391976
2021-06-14 10:02:25,731.55,1391976
2021-06-14 10:02:26,731.55,1392296
2021-06-14 10:02:26,731.55,1392296
2021-06-14 10:02:28,731.8,1392837
2021-06-14 10:02:29,731.85,1392840
2021-06-14 10:02:30,731.85,1392926
2021-06-14 10:02:34,731.8,1394338
2021-06-14 10:02:35,731.95,1394542
2021-06-14 10:02:36,731.95,1397728
2021-06-14 10:02:37,731.95,1397728
2021-06-14 10:02:38,732.0,1399192
2021-06-14 10:02:38,732.0,1399192
2021-06-14 10:02:39,732.1,1399200
2021-06-14 10:02:41,732.1,1399200
2021-06-14 10:02:41,732.0,1399354
2021-06-14 10:02:42,732.1,1399498
2021-06-14 10:02:44,732.0,1399648
2021-06-14 10:02:45,732.0,1399663
2021-06-14 10:02:45,732.0,1399663
2021-06-14 10:02:46,732.0,1399763
2021-06-14 10:02:48,732.15,1399967
2021-06-14 10:02:48,732.15,1399967
2021-06-14 10:02:49,732.25,1401992
2021-06-14 10:02:50,732.05,1402012
2021-06-14 10:02:51,732.3,1402032
2021-06-14 10:02:52,732.3,1402032
2021-06-14 10:02:54,732.35,1402830
2021-06-14 10:02:55,732.05,1402855
2021-06-14 10:02:57,732.0,1403158
2021-06-14 10:02:57,732.0,1403158
2021-06-14 10:02:59,732.2,1403166
2021-06-14 10:03:00,732.0,1406825
2021-06-14 10:03:00,732.0,1406826
2021-06-14 10:03:02,732.0,1407085
2021-06-14 10:03:03,732.05,1407146
2021-06-14 10:03:04,732.0,1407371
2021-06-14 10:03:05,732.0,1407553
2021-06-14 10:03:06,732.0,1410104
2021-06-14 10:03:07,732.0,1410124
2021-06-14 10:03:09,732.0,1411942
2021-06-14 10:03:10,732.0,1412211
2021-06-14 10:03:11,732.0,1413211
2021-06-14 10:03:13,732.0,1413211
2021-06-14 10:03:14,732.05,1413261
2021-06-14 10:03:15,732.0,1413527
2021-06-14 10:03:16,732.0,1413527
2021-06-14 10:03:17,732.0,1416401
2021-06-14 10:03:18,732.0,1416401
2021-06-14 10:03:19,732.05,1416408
2021-06-14 10:03:20,732.0,1418085
2021-06-14 10:03:21,731.9,1423441
2021-06-14 10:03:22,731.9,1423441
2021-06-14 10:03:23,731.9,1423442
2021-06-14 10:03:24,731.9,1423449
2021-06-14 10:03:25,731.8,1423459
2021-06-14 10:03:28,731.55,1423931
2021-06-14 10:03:29,731.65,1423961
2021-06-14 10:03:31,731.4,1425038
2021-06-14 10:03:32,731.4,1425050
2021-06-14 10:03:33,731.4,1425077
2021-06-14 10:03:34,731.45,1425432
2021-06-14 10:03:36,731.25,1425485
2021-06-14 10:03:37,731.25,1425485
2021-06-14 10:03:38,731.15,1425910
2021-06-14 10:03:39,731.4,1427110
2021-06-14 10:03:40,731.4,1427110
2021-06-14 10:03:41,731.45,1427210
2021-06-14 10:03:42,731.45,1427210
2021-06-14 10:03:43,731.45,1427210
2021-06-14 10:03:44,731.2,1428285
2021-06-14 10:03:45,731.4,1428296
2021-06-14 10:03:46,731.4,1428309
2021-06-14 10:03:47,731.1,1428809
2021-06-14 10:03:48,731.05,1428978
2021-06-14 10:03:49,731.0,1429489
2021-06-14 10:03:50,731.0,1429554
2021-06-14 10:03:51,731.0,1429554
2021-06-14 10:03:53,731.25,1430381
2021-06-14 10:03:57,731.1,1431860
2021-06-14 10:03:58,731.1,1431860
2021-06-14 10:03:59,731.1,1431870
2021-06-14 10:04:00,731.15,1431970
2021-06-14 10:04:01,731.15,1432010
2021-06-14 10:04:02,731.15,1432360
2021-06-14 10:04:03,731.15,1432360
2021-06-14 10:04:04,731.4,1432962
2021-06-14 10:04:05,731.4,1432962
2021-06-14 10:04:06,731.4,1433314
2021-06-14 10:04:07,731.4,1433317
2021-06-14 10:04:08,731.4,1433317
2021-06-14 10:04:09,731.4,1433624
2021-06-14 10:04:10,731.7,1434795
2021-06-14 10:04:11,731.7,1434795
2021-06-14 10:04:12,731.45,1434797
2021-06-14 10:04:13,731.45,1434797
2021-06-14 10:04:14,731.7,1434854
2021-06-14 10:04:15,731.55,1434875
2021-06-14 10:04:16,731.7,1435185
2021-06-14 10:04:17,731.7,1435205
2021-06-14 10:04:18,731.55,1435305
2021-06-14 10:04:18,731.7,1435325
2021-06-14 10:04:20,731.7,1435326
2021-06-14 10:04:21,731.7,1435326
2021-06-14 10:04:22,731.7,1435326
2021-06-14 10:04:23,731.7,1435336
2021-06-14 10:04:24,731.55,1435341
2021-06-14 10:04:24,731.7,1435342
2021-06-14 10:04:26,731.7,1435389
2021-06-14 10:04:27,731.55,1437355
2021-06-14 10:04:29,731.8,1437356
2021-06-14 10:04:28,731.55,1437355
2021-06-14 10:04:30,731.55,1437357
2021-06-14 10:04:31,731.8,1437458
2021-06-14 10:04:31,731.8,1437458
2021-06-14 10:04:32,731.8,1437458
2021-06-14 10:04:33,731.55,1437460
2021-06-14 10:04:34,731.55,1437460
2021-06-14 10:04:35,731.8,1437760
2021-06-14 10:04:37,731.8,1437760
2021-06-14 10:04:38,731.7,1438055
2021-06-14 10:04:39,731.7,1438055
2021-06-14 10:04:40,731.7,1438055
2021-06-14 10:04:41,731.7,1438055
2021-06-14 10:04:42,731.7,1438055
2021-06-14 10:04:43,731.8,1438111
2021-06-14 10:04:44,731.6,1438163
2021-06-14 10:04:45,731.6,1438163
2021-06-14 10:04:46,731.8,1438202
2021-06-14 10:04:47,731.8,1438217
2021-06-14 10:04:48,731.8,1438217
2021-06-14 10:04:48,731.6,1438219
2021-06-14 10:04:49,731.8,1438269
2021-06-14 10:04:50,731.55,1439269
2021-06-14 10:04:53,731.55,1439287
2021-06-14 10:04:54,731.8,1439304
2021-06-14 10:04:55,731.8,1439304
2021-06-14 10:04:55,731.8,1439870
2021-06-14 10:04:57,731.65,1439985
2021-06-14 10:04:58,731.65,1439985
2021-06-14 10:04:59,731.65,1439985
2021-06-14 10:05:01,731.65,1440070
2021-06-14 10:05:02,731.65,1440070
2021-06-14 10:05:03,731.65,1440070
2021-06-14 10:05:04,731.65,1440075
2021-06-14 10:05:05,731.65,1440388
2021-06-14 10:05:06,731.65,1440388
2021-06-14 10:05:07,731.65,1440388
2021-06-14 10:05:08,731.8,1440398
2021-06-14 10:05:09,731.8,1444699
2021-06-14 10:05:10,731.8,1444714
2021-06-14 10:05:11,731.8,1444714
2021-06-14 10:05:12,731.7,1444814
2021-06-14 10:05:13,731.8,1444914
2021-06-14 10:05:15,731.75,1444944
2021-06-14 10:05:16,731.75,1444946
2021-06-14 10:05:17,732.0,1447433
2021-06-14 10:05:18,732.2,1448588
2021-06-14 10:05:20,732.25,1449477
2021-06-14 10:05:21,732.25,1449477
2021-06-14 10:05:22,732.0,1449479
2021-06-14 10:05:23,732.05,1449539
2021-06-14 10:05:24,732.25,1449540
2021-06-14 10:05:25,732.25,1449545
2021-06-14 10:05:26,732.25,1449545
2021-06-14 10:05:27,732.0,1450195
2021-06-14 10:05:28,732.0,1450195
2021-06-14 10:05:29,732.15,1450197
2021-06-14 10:05:30,732.05,1450307
2021-06-14 10:05:31,732.25,1450312
2021-06-14 10:05:32,732.25,1450342
2021-06-14 10:05:33,732.25,1450538
2021-06-14 10:05:34,732.25,1450538
2021-06-14 10:05:35,732.2,1450551
2021-06-14 10:05:36,732.0,1452603
2021-06-14 10:05:37,732.0,1452604
2021-06-14 10:05:39,731.7,1452634
2021-06-14 10:05:40,731.7,1452634
2021-06-14 10:05:41,731.7,1452634
2021-06-14 10:05:42,731.75,1452636
2021-06-14 10:05:43,731.75,1452646
2021-06-14 10:05:44,731.65,1452651
2021-06-14 10:05:45,731.65,1452651
2021-06-14 10:05:46,731.65,1452651
2021-06-14 10:05:47,731.75,1452653
2021-06-14 10:05:48,731.65,1452655
2021-06-14 10:05:49,731.65,1452655
2021-06-14 10:05:50,731.65,1452670
2021-06-14 10:05:51,731.75,1452680
2021-06-14 10:05:52,732.1,1453116
2021-06-14 10:05:53,732.1,1453116
2021-06-14 10:05:54,732.1,1453126
2021-06-14 10:05:55,732.1,1453126
2021-06-14 10:05:56,732.1,1453126
2021-06-14 10:05:57,732.1,1453129
2021-06-14 10:05:58,732.1,1453220
2021-06-14 10:05:59,732.1,1453220
2021-06-14 10:06:01,732.0,1453223
2021-06-14 10:06:00,731.8,1453221
2021-06-14 10:06:02,732.0,1453531
2021-06-14 10:06:03,731.95,1453532
2021-06-14 10:06:04,731.95,1453532
2021-06-14 10:06:05,731.8,1453732
2021-06-14 10:06:06,731.8,1453732
2021-06-14 10:06:07,731.8,1454178
2021-06-14 10:06:08,731.5,1455092
2021-06-14 10:06:09,731.5,1455092
2021-06-14 10:06:10,731.3,1455412
2021-06-14 10:06:11,731.5,1455539
2021-06-14 10:06:12,731.5,1455539
2021-06-14 10:06:14,731.3,1455671
2021-06-14 10:06:13,731.5,1455559
2021-06-14 10:06:15,731.3,1455671
2021-06-14 10:06:16,731.3,1455671
2021-06-14 10:06:17,731.55,1455724
2021-06-14 10:06:18,731.55,1455724
2021-06-14 10:06:19,731.55,1455724
2021-06-14 10:06:20,731.55,1455724
2021-06-14 10:06:21,731.5,1455731
2021-06-14 10:06:22,731.4,1456216
2021-06-14 10:06:23,731.4,1456216
2021-06-14 10:06:24,731.5,1456228
2021-06-14 10:06:25,731.3,1456233
2021-06-14 10:06:26,731.3,1456233
2021-06-14 10:06:27,731.5,1456263
2021-06-14 10:06:28,731.3,1456273
2021-06-14 10:06:29,731.5,1456283
2021-06-14 10:06:30,731.5,1456283
2021-06-14 10:06:31,731.5,1456379
2021-06-14 10:06:32,731.5,1456380
2021-06-14 10:06:33,731.5,1456381
2021-06-14 10:06:34,731.5,1456533
2021-06-14 10:06:35,731.5,1456543
2021-06-14 10:06:36,731.35,1457414
2021-06-14 10:06:37,731.35,1457414
2021-06-14 10:06:38,731.3,1457602
2021-06-14 10:06:39,731.5,1457607
2021-06-14 10:06:40,731.5,1457607
2021-06-14 10:06:41,731.5,1457639
2021-06-14 10:06:43,731.5,1457769
2021-06-14 10:06:42,731.5,1457764
2021-06-14 10:06:44,731.3,1458009
2021-06-14 10:06:45,731.5,1458084
2021-06-14 10:06:46,731.5,1458094
2021-06-14 10:06:47,731.3,1458343
2021-06-14 10:06:48,731.3,1458343
2021-06-14 10:06:49,731.45,1458409
2021-06-14 10:06:50,731.3,1458509
2021-06-14 10:06:51,731.45,1459014
2021-06-14 10:06:52,731.3,1459015
2021-06-14 10:06:53,731.45,1459045
2021-06-14 10:06:54,731.45,1459045
2021-06-14 10:06:55,731.45,1459055
2021-06-14 10:06:56,731.5,1459105
2021-06-14 10:06:57,731.3,1459115
2021-06-14 10:06:58,731.3,1459115
2021-06-14 10:06:59,731.5,1459614
2021-06-14 10:07:00,731.5,1459682
2021-06-14 10:07:01,731.2,1459745
2021-06-14 10:07:02,731.35,1459747
2021-06-14 10:07:03,731.3,1459857
2021-06-14 10:07:04,731.1,1459907
2021-06-14 10:07:05,731.1,1459907
2021-06-14 10:07:06,731.1,1459907
2021-06-14 10:07:08,731.25,1459909
2021-06-14 10:07:09,731.15,1459921
2021-06-14 10:07:10,731.15,1459921
2021-06-14 10:07:11,731.35,1460259
2021-06-14 10:07:12,731.3,1460260
2021-06-14 10:07:13,731.3,1460889
2021-06-14 10:07:14,731.3,1460889
2021-06-14 10:07:15,731.3,1460895
2021-06-14 10:07:16,731.3,1460895
2021-06-14 10:07:17,731.6,1461418
2021-06-14 10:07:18,731.6,1461418
2021-06-14 10:07:19,731.6,1467715
2021-06-14 10:07:20,731.6,1467715
2021-06-14 10:07:21,731.6,1467715
2021-06-14 10:07:22,731.8,1467738
2021-06-14 10:07:23,731.8,1467738
2021-06-14 10:07:24,731.8,1467763
2021-06-14 10:07:25,731.7,1467796
2021-06-14 10:07:26,731.7,1467796
2021-06-14 10:07:28,731.8,1467886
2021-06-14 10:07:29,731.7,1467891
2021-06-14 10:07:30,731.8,1467910
2021-06-14 10:07:30,731.8,1467910
2021-06-14 10:07:31,731.8,1467962
2021-06-14 10:07:32,731.65,1468112
2021-06-14 10:07:33,731.5,1468262
2021-06-14 10:07:34,731.5,1468262
2021-06-14 10:07:35,731.5,1468316
2021-06-14 10:07:36,731.5,1468637
2021-06-14 10:07:37,731.65,1468638
2021-06-14 10:07:39,731.65,1468658
2021-06-14 10:07:39,731.65,1468658
2021-06-14 10:07:40,731.65,1468663
2021-06-14 10:07:41,731.5,1468673
2021-06-14 10:07:42,731.5,1468673
2021-06-14 10:07:43,731.5,1468673
2021-06-14 10:07:45,731.6,1468674
2021-06-14 10:07:45,731.6,1468674
2021-06-14 10:07:46,731.6,1468674
2021-06-14 10:07:47,731.6,1468695
2021-06-14 10:07:48,731.6,1468695
2021-06-14 10:07:49,731.45,1468745
2021-06-14 10:07:50,731.6,1468778
2021-06-14 10:07:51,731.4,1468862
2021-06-14 10:07:52,731.6,1468907
2021-06-14 10:07:53,731.6,1468914
2021-06-14 10:07:54,731.6,1468914
2021-06-14 10:07:55,731.6,1468914
2021-06-14 10:07:56,731.6,1468914
2021-06-14 10:07:57,731.6,1468924
2021-06-14 10:07:59,731.6,1468927
2021-06-14 10:07:59,731.6,1468927
2021-06-14 10:08:00,731.6,1468927
2021-06-14 10:08:02,731.6,1468927
2021-06-14 10:08:02,731.6,1468927
2021-06-14 10:08:03,731.6,1468927
2021-06-14 10:08:04,731.6,1468927
2021-06-14 10:08:05,731.6,1468930
2021-06-14 10:08:06,731.5,1469014
2021-06-14 10:08:07,731.5,1469518
2021-06-14 10:08:08,731.5,1469678
2021-06-14 10:08:09,731.5,1469679
2021-06-14 10:08:10,731.5,1469743
2021-06-14 10:08:11,731.5,1469763
2021-06-14 10:08:12,731.5,1469798
2021-06-14 10:08:13,731.5,1470025
2021-06-14 10:08:14,731.6,1470799
2021-06-14 10:08:15,731.6,1471044
2021-06-14 10:08:16,731.6,1471044
2021-06-14 10:08:18,731.6,1471044
2021-06-14 10:08:18,731.6,1471044
2021-06-14 10:08:19,731.6,1471094
2021-06-14 10:08:20,731.6,1471111
2021-06-14 10:08:22,731.5,1471112
2021-06-14 10:08:22,731.5,1471112
2021-06-14 10:08:23,731.5,1471255
2021-06-14 10:08:24,731.55,1471403
2021-06-14 10:08:25,731.55,1471436
2021-06-14 10:08:26,731.1,1472653
2021-06-14 10:08:27,731.35,1473059
2021-06-14 10:08:28,731.3,1473124
2021-06-14 10:08:29,731.3,1473126
2021-06-14 10:08:30,731.3,1473126
2021-06-14 10:08:31,731.35,1473146
2021-06-14 10:08:33,731.35,1473146
2021-06-14 10:08:33,731.15,1473246
2021-06-14 10:08:35,731.35,1473279
2021-06-14 10:08:35,731.35,1473279
2021-06-14 10:08:36,731.35,1473279
2021-06-14 10:08:37,731.15,1473303
2021-06-14 10:08:38,731.15,1473331
2021-06-14 10:08:39,731.35,1473338
2021-06-14 10:08:40,731.35,1473338
2021-06-14 10:08:41,731.35,1473338
2021-06-14 10:08:42,731.15,1474204
2021-06-14 10:08:43,731.15,1474494
2021-06-14 10:08:44,731.35,1474496
2021-06-14 10:08:45,731.35,1474496
2021-06-14 10:08:46,731.35,1474526
2021-06-14 10:08:47,731.35,1474592
2021-06-14 10:08:48,731.35,1474616
2021-06-14 10:08:49,731.2,1474638
2021-06-14 10:08:50,731.3,1474644
2021-06-14 10:08:51,731.3,1474692
2021-06-14 10:08:52,731.3,1474816
2021-06-14 10:08:53,731.3,1474853
2021-06-14 10:08:54,731.15,1474863
2021-06-14 10:08:55,731.75,1476334
2021-06-14 10:08:56,731.75,1476406
2021-06-14 10:08:57,731.8,1476410
2021-06-14 10:08:58,731.8,1476829
2021-06-14 10:08:59,731.8,1476829
2021-06-14 10:09:01,731.6,1476898
2021-06-14 10:09:01,731.6,1476898
2021-06-14 10:09:03,731.9,1476931
2021-06-14 10:09:03,731.75,1476934
2021-06-14 10:09:04,731.75,1476934
2021-06-14 10:09:05,731.75,1476954
2021-06-14 10:09:06,731.75,1477268
2021-06-14 10:09:07,732.0,1481710
2021-06-14 10:09:08,732.0,1481710
2021-06-14 10:09:10,732.15,1481715
2021-06-14 10:09:09,732.15,1481715
2021-06-14 10:09:11,732.0,1481879
2021-06-14 10:09:13,732.0,1481879
2021-06-14 10:09:14,732.0,1481879
2021-06-14 10:09:15,732.0,1481979
2021-06-14 10:09:16,732.15,1481982
2021-06-14 10:09:17,732.15,1481987
2021-06-14 10:09:18,732.15,1481987
2021-06-14 10:09:19,732.15,1482067
2021-06-14 10:09:20,732.0,1482076
2021-06-14 10:09:21,731.9,1487083
2021-06-14 10:09:22,731.9,1487098
2021-06-14 10:09:23,732.0,1487198
2021-06-14 10:09:24,732.0,1487198
2021-06-14 10:09:25,732.0,1487209
2021-06-14 10:09:27,731.9,1487409
2021-06-14 10:09:28,731.9,1487551
2021-06-14 10:09:28,731.9,1487551
2021-06-14 10:09:29,732.0,1488634
2021-06-14 10:09:31,732.0,1489109
2021-06-14 10:09:31,732.0,1489109
2021-06-14 10:09:33,732.0,1489109
2021-06-14 10:09:33,732.0,1489109
2021-06-14 10:09:35,732.0,1489572
2021-06-14 10:09:36,732.05,1489593
2021-06-14 10:09:37,732.05,1489595
2021-06-14 10:09:38,731.9,1492965
2021-06-14 10:09:39,731.95,1493470
2021-06-14 10:09:40,731.95,1493470
2021-06-14 10:09:42,732.0,1495283
2021-06-14 10:09:43,732.0,1495283
2021-06-14 10:09:44,732.0,1495558
2021-06-14 10:09:45,732.0,1495683
2021-06-14 10:09:46,732.0,1496326
2021-06-14 10:09:46,732.0,1496326
2021-06-14 10:09:48,732.0,1496326
2021-06-14 10:09:49,732.0,1496418
2021-06-14 10:09:51,732.05,1496430
2021-06-14 10:09:51,732.0,1496604
2021-06-14 10:09:52,732.05,1496609
2021-06-14 10:09:53,732.05,1496729
2021-06-14 10:09:55,732.05,1496836
2021-06-14 10:09:55,732.05,1496836
2021-06-14 10:09:57,732.05,1496887
2021-06-14 10:09:57,732.05,1496887
2021-06-14 10:09:58,732.0,1496938
2021-06-14 10:09:59,732.0,1496938
2021-06-14 10:10:01,732.0,1496965
2021-06-14 10:10:02,732.0,1497157
2021-06-14 10:10:02,732.0,1497157
2021-06-14 10:10:04,731.95,1501779
2021-06-14 10:10:05,732.1,1501829
2021-06-14 10:10:06,732.1,1502271
2021-06-14 10:10:07,732.05,1502272
2021-06-14 10:10:08,732.05,1502272
2021-06-14 10:10:10,732.05,1502272
2021-06-14 10:10:11,732.15,1502977
2021-06-14 10:10:11,732.15,1502927
2021-06-14 10:10:12,732.15,1507272
2021-06-14 10:10:14,732.1,1507379
2021-06-14 10:10:16,732.1,1507543
2021-06-14 10:10:16,732.1,1507543
2021-06-14 10:10:18,732.05,1507558
2021-06-14 10:10:19,732.15,1507559
2021-06-14 10:10:20,732.15,1507619
2021-06-14 10:10:21,732.25,1514459
2021-06-14 10:10:22,732.1,1514704
2021-06-14 10:10:23,732.35,1516437
2021-06-14 10:10:24,732.35,1516439
2021-06-14 10:10:25,732.25,1516541
2021-06-14 10:10:25,732.25,1516541
2021-06-14 10:10:27,732.25,1516541
2021-06-14 10:10:28,732.2,1516682
2021-06-14 10:10:29,732.6,1520617
2021-06-14 10:10:29,732.6,1520617
2021-06-14 10:10:31,732.85,1525378
2021-06-14 10:10:31,732.85,1525378
2021-06-14 10:10:32,732.45,1525529
2021-06-14 10:10:33,732.45,1525529
2021-06-14 10:10:34,732.6,1525532
2021-06-14 10:10:35,732.75,1525732
2021-06-14 10:10:37,732.5,1525777
2021-06-14 10:10:38,732.5,1525777
2021-06-14 10:10:38,732.8,1525787
2021-06-14 10:10:40,732.5,1525916
2021-06-14 10:10:40,732.5,1526452
2021-06-14 10:10:41,732.6,1526605
2021-06-14 10:10:42,732.65,1526615
2021-06-14 10:10:43,732.65,1526716
2021-06-14 10:10:44,732.65,1526716
2021-06-14 10:10:46,732.5,1527926
2021-06-14 10:10:47,732.5,1528046
2021-06-14 10:10:47,732.5,1528046
2021-06-14 10:10:48,732.5,1528046
2021-06-14 10:10:50,732.65,1528066
2021-06-14 10:10:50,732.65,1528576
2021-06-14 10:10:51,732.5,1528981
2021-06-14 10:10:52,732.5,1529865
2021-06-14 10:10:54,732.5,1530001
2021-06-14 10:10:55,732.6,1530183
2021-06-14 10:10:56,732.65,1530413
2021-06-14 10:10:56,732.65,1530413
2021-06-14 10:10:57,732.5,1530423
2021-06-14 10:10:58,732.7,1530427
2021-06-14 10:10:59,732.5,1530435
2021-06-14 10:11:01,732.7,1530533
2021-06-14 10:11:03,732.65,1530545
2021-06-14 10:11:04,732.65,1530847
2021-06-14 10:11:05,732.5,1530862
2021-06-14 10:11:06,732.7,1531796
2021-06-14 10:11:07,732.65,1531846
2021-06-14 10:11:08,732.65,1531846
2021-06-14 10:11:09,732.5,1531861
2021-06-14 10:11:11,732.5,1532361
2021-06-14 10:11:11,732.5,1532472
2021-06-14 10:11:12,732.5,1532472
2021-06-14 10:11:13,732.6,1532550
2021-06-14 10:11:14,732.6,1532550
2021-06-14 10:11:15,732.6,1532550
2021-06-14 10:11:16,732.6,1532550
2021-06-14 10:11:18,732.6,1532561
2021-06-14 10:11:19,732.6,1532561
2021-06-14 10:11:20,732.6,1532598
2021-06-14 10:11:21,732.6,1532973
2021-06-14 10:11:21,732.5,1532623
2021-06-14 10:11:22,732.6,1532973
2021-06-14 10:11:23,732.5,1533024
2021-06-14 10:11:24,732.6,1533027
2021-06-14 10:11:25,732.6,1533527
2021-06-14 10:11:27,732.5,1533528
2021-06-14 10:11:27,732.5,1533528
2021-06-14 10:11:28,732.6,1533538
2021-06-14 10:11:29,732.6,1533539
2021-06-14 10:11:30,732.6,1533539
2021-06-14 10:11:31,732.5,1533589
2021-06-14 10:11:32,732.5,1533589
2021-06-14 10:11:33,732.5,1534017
2021-06-14 10:11:34,732.6,1534222
2021-06-14 10:11:36,732.6,1534331
2021-06-14 10:11:36,732.5,1534710
2021-06-14 10:11:38,732.6,1535193
2021-06-14 10:11:39,732.6,1538146
2021-06-14 10:11:40,732.45,1538211
2021-06-14 10:11:41,732.5,1538222
2021-06-14 10:11:42,732.45,1538413
2021-06-14 10:11:43,732.55,1538438
2021-06-14 10:11:44,732.55,1540442
2021-06-14 10:11:45,732.5,1540443
2021-06-14 10:11:46,732.5,1540443
2021-06-14 10:11:47,732.6,1540980
2021-06-14 10:11:49,732.6,1540981
2021-06-14 10:11:50,732.6,1540981
2021-06-14 10:11:51,732.6,1540981
2021-06-14 10:11:52,732.7,1540986
2021-06-14 10:11:53,732.5,1541086
2021-06-14 10:11:54,732.75,1542741
2021-06-14 10:11:54,732.75,1542742
2021-06-14 10:11:56,732.75,1542742
2021-06-14 10:11:57,732.75,1542752
2021-06-14 10:11:57,732.75,1542752
2021-06-14 10:11:58,732.75,1543185
2021-06-14 10:11:59,732.75,1543185
2021-06-14 10:12:00,732.9,1543436
2021-06-14 10:12:02,732.75,1543740
2021-06-14 10:12:03,732.9,1544141
2021-06-14 10:12:04,732.9,1544142
2021-06-14 10:12:07,733.0,1557992
2021-06-14 10:12:09,733.1,1558672
2021-06-14 10:12:09,733.1,1558677
2021-06-14 10:12:12,733.0,1559669
2021-06-14 10:12:12,733.0,1559669
2021-06-14 10:12:14,733.0,1559769
2021-06-14 10:12:15,733.0,1560512
2021-06-14 10:12:16,733.05,1560749
2021-06-14 10:12:17,733.05,1560751
2021-06-14 10:12:17,733.0,1562853
2021-06-14 10:12:19,733.1,1564660
2021-06-14 10:12:19,732.75,1572386
2021-06-14 10:12:20,732.9,1572574
2021-06-14 10:12:21,732.75,1573817
2021-06-14 10:12:22,732.75,1573817
2021-06-14 10:12:23,733.0,1573920
2021-06-14 10:12:24,733.0,1573935
2021-06-14 10:12:26,732.75,1574171
2021-06-14 10:12:27,732.9,1574411
2021-06-14 10:12:28,732.9,1574417
2021-06-14 10:12:30,732.9,1574418
2021-06-14 10:12:29,732.9,1574417
2021-06-14 10:12:31,733.05,1574608
2021-06-14 10:12:32,733.0,1574658
2021-06-14 10:12:33,733.1,1574664
2021-06-14 10:12:34,733.1,1574710
2021-06-14 10:12:36,733.1,1574804
2021-06-14 10:12:37,733.1,1574809
2021-06-14 10:12:38,733.05,1574810
2021-06-14 10:12:39,733.0,1575060
2021-06-14 10:12:39,733.0,1575065
2021-06-14 10:12:41,733.1,1576103
2021-06-14 10:12:42,733.0,1576107
2021-06-14 10:12:44,733.0,1576114
2021-06-14 10:12:45,733.0,1576400
2021-06-14 10:12:46,733.1,1576657
2021-06-14 10:12:47,733.1,1577426
2021-06-14 10:12:48,733.1,1578176
2021-06-14 10:12:49,733.1,1578186
2021-06-14 10:12:50,733.0,1578189
2021-06-14 10:12:51,733.0,1578338
2021-06-14 10:12:53,733.0,1578368
2021-06-14 10:12:54,733.0,1578378
2021-06-14 10:12:55,733.1,1578381
2021-06-14 10:12:56,733.1,1578381
2021-06-14 10:12:57,732.7,1601532
2021-06-14 10:12:58,732.85,1601650
2021-06-14 10:12:59,732.85,1601650
2021-06-14 10:13:00,732.85,1602559
2021-06-14 10:13:01,732.85,1602559
2021-06-14 10:13:02,732.85,1602602
2021-06-14 10:13:03,732.85,1602602
2021-06-14 10:13:04,732.95,1602652
2021-06-14 10:13:05,732.85,1602702
2021-06-14 10:13:06,732.85,1603007
2021-06-14 10:13:07,732.95,1603025
2021-06-14 10:13:08,732.9,1603126
2021-06-14 10:13:09,732.95,1603127
2021-06-14 10:13:10,732.95,1603127
2021-06-14 10:13:11,732.9,1603129
2021-06-14 10:13:12,732.9,1603139
2021-06-14 10:13:13,732.9,1603139
2021-06-14 10:13:14,732.95,1603322
2021-06-14 10:13:15,732.95,1603423
2021-06-14 10:13:16,732.9,1603424
2021-06-14 10:13:17,732.9,1603664
2021-06-14 10:13:18,732.9,1603664
2021-06-14 10:13:20,732.95,1603685
2021-06-14 10:13:21,732.9,1603904
2021-06-14 10:13:22,732.95,1603915
2021-06-14 10:13:23,732.9,1604958
2021-06-14 10:13:24,732.95,1604960
2021-06-14 10:13:25,732.95,1604960
2021-06-14 10:13:26,732.9,1605015
2021-06-14 10:13:27,732.9,1605015
2021-06-14 10:13:28,732.95,1605485
2021-06-14 10:13:28,732.95,1605486
2021-06-14 10:13:29,732.9,1605586
2021-06-14 10:13:30,732.95,1605592
2021-06-14 10:13:31,732.9,1605679
2021-06-14 10:13:32,732.95,1605682
2021-06-14 10:13:34,732.95,1605907
2021-06-14 10:13:33,732.95,1605682
2021-06-14 10:13:35,732.95,1605907
2021-06-14 10:13:36,732.95,1605907
2021-06-14 10:13:38,732.9,1608784
2021-06-14 10:13:39,732.95,1608786
2021-06-14 10:13:40,732.95,1608786
2021-06-14 10:13:41,732.95,1608786
2021-06-14 10:13:43,732.95,1610570
2021-06-14 10:13:43,732.95,1610436
2021-06-14 10:13:44,732.95,1610589
2021-06-14 10:13:45,732.9,1610692
2021-06-14 10:13:47,732.9,1610892
2021-06-14 10:13:48,732.9,1610892
2021-06-14 10:13:49,732.95,1610907
2021-06-14 10:13:50,732.95,1611137
2021-06-14 10:13:51,732.9,1611138
2021-06-14 10:13:51,732.95,1611303
2021-06-14 10:13:52,732.9,1611482
2021-06-14 10:13:53,732.95,1611986
2021-06-14 10:13:54,733.05,1615220
2021-06-14 10:13:55,733.5,1619877
2021-06-14 10:13:56,733.3,1620620
2021-06-14 10:13:58,733.3,1620620
2021-06-14 10:13:59,733.3,1620739
2021-06-14 10:13:59,733.3,1620739
2021-06-14 10:14:00,733.3,1621191
2021-06-14 10:14:01,733.0,1621534
2021-06-14 10:14:02,733.3,1621586
2021-06-14 10:14:03,733.0,1621605
2021-06-14 10:14:05,733.3,1621617
2021-06-14 10:14:06,733.3,1621617
2021-06-14 10:14:07,733.0,1621732
2021-06-14 10:14:08,733.3,1622438
2021-06-14 10:14:09,733.3,1622438
2021-06-14 10:14:10,733.25,1622439
2021-06-14 10:14:11,733.3,1622859
2021-06-14 10:14:12,733.3,1622859
2021-06-14 10:14:13,733.25,1622860
2021-06-14 10:14:14,733.05,1623220
