timestamp,ltp,volume
2021-06-14 09:15:40,4372.35,6620
2021-06-14 09:15:41,4372.35,6640
2021-06-14 09:15:42,4372.35,6730
2021-06-14 09:15:43,4372.35,6785
2021-06-14 09:15:44,4373.0,6902
2021-06-14 09:15:46,4371.25,7053
2021-06-14 09:15:47,4372.3,7068
2021-06-14 09:15:48,4367.1,10128
2021-06-14 09:15:49,4373.55,10187
2021-06-14 09:15:50,4374.5,10776
2021-06-14 09:15:51,4374.9,11017
2021-06-14 09:15:52,4372.55,11083
2021-06-14 09:15:54,4379.7,23123
2021-06-14 09:15:55,4379.7,23123
2021-06-14 09:15:56,4379.4,23668
2021-06-14 09:15:59,4380.35,23910
2021-06-14 09:16:00,4379.0,24551
2021-06-14 09:16:01,4375.15,24606
2021-06-14 09:16:02,4375.2,24801
2021-06-14 09:16:03,4381.9,30755
2021-06-14 09:16:04,4382.3,30991
2021-06-14 09:16:05,4388.65,31510
2021-06-14 09:16:06,4388.65,31529
2021-06-14 09:16:07,4388.95,31609
2021-06-14 09:16:08,4388.45,32745
2021-06-14 09:16:10,4388.45,33161
2021-06-14 09:16:11,4390.95,33514
2021-06-14 09:16:12,4386.9,33715
2021-06-14 09:16:13,4380.8,33918
2021-06-14 09:16:13,4381.25,33928
2021-06-14 09:16:14,4385.4,33935
2021-06-14 09:16:15,4375.9,34722
2021-06-14 09:16:17,4378.35,34782
2021-06-14 09:16:18,4378.65,34803
2021-06-14 09:16:20,4375.0,35153
2021-06-14 09:16:21,4374.75,35156
2021-06-14 09:16:22,4373.3,35158
2021-06-14 09:16:22,4373.3,35158
2021-06-14 09:16:23,4373.75,35273
2021-06-14 09:16:25,4366.7,35297
2021-06-14 09:16:26,4365.7,35303
2021-06-14 09:16:27,4365.7,35303
2021-06-14 09:16:28,4370.0,35853
2021-06-14 09:16:29,4370.0,35853
2021-06-14 09:16:30,4370.0,35853
2021-06-14 09:16:31,4368.2,35989
2021-06-14 09:16:33,4368.2,35994
2021-06-14 09:16:34,4369.25,35995
2021-06-14 09:16:35,4366.25,36005
2021-06-14 09:16:36,4366.25,36027
2021-06-14 09:16:36,4366.25,36027
2021-06-14 09:16:37,4368.2,36042
2021-06-14 09:16:38,4368.0,36176
2021-06-14 09:16:39,4368.0,36176
2021-06-14 09:16:40,4371.95,36187
2021-06-14 09:16:41,4374.7,36188
2021-06-14 09:16:42,4374.7,36188
2021-06-14 09:16:43,4374.7,36188
2021-06-14 09:16:44,4374.7,36188
2021-06-14 09:16:46,4375.1,36356
2021-06-14 09:16:47,4375.1,36356
2021-06-14 09:16:48,4375.1,36356
2021-06-14 09:16:48,4372.9,36390
2021-06-14 09:16:49,4374.7,36391
2021-06-14 09:16:50,4372.9,36392
2021-06-14 09:16:52,4375.3,36395
2021-06-14 09:16:53,4372.95,36425
2021-06-14 09:16:54,4372.95,36425
2021-06-14 09:16:55,4372.9,36460
2021-06-14 09:16:56,4374.4,36485
2021-06-14 09:16:57,4370.35,36689
2021-06-14 09:16:58,4370.0,36900
2021-06-14 09:16:59,4370.0,36900
2021-06-14 09:17:00,4372.05,36902
2021-06-14 09:17:02,4360.0,38741
2021-06-14 09:17:04,4360.95,38820
2021-06-14 09:17:05,4361.5,38871
2021-06-14 09:17:06,4361.5,38871
2021-06-14 09:17:07,4360.6,38901
2021-06-14 09:17:07,4357.55,38949
2021-06-14 09:17:08,4360.15,39413
2021-06-14 09:17:09,4361.3,39646
2021-06-14 09:17:10,4361.3,39646
2021-06-14 09:17:11,4361.45,39691
2021-06-14 09:17:12,4363.25,39704
2021-06-14 09:17:13,4363.25,39754
2021-06-14 09:17:14,4363.25,39754
2021-06-14 09:17:15,4363.75,39759
2021-06-14 09:17:16,4363.75,39759
2021-06-14 09:17:17,4363.75,39759
2021-06-14 09:17:19,4364.45,39819
2021-06-14 09:17:20,4366.75,39832
2021-06-14 09:17:21,4363.25,39833
2021-06-14 09:17:21,4363.25,39833
2021-06-14 09:17:22,4363.25,39833
2021-06-14 09:17:23,4365.0,39839
2021-06-14 09:17:24,4366.25,39843
2021-06-14 09:17:25,4366.4,39847
2021-06-14 09:17:26,4366.3,39848
2021-06-14 09:17:27,4364.0,39850
2021-06-14 09:17:28,4370.05,43791
2021-06-14 09:17:29,4370.15,43799
2021-06-14 09:17:30,4370.15,43811
2021-06-14 09:17:31,4372.8,44041
2021-06-14 09:17:33,4374.05,44058
2021-06-14 09:17:34,4373.45,44109
2021-06-14 09:17:35,4371.1,44134
2021-06-14 09:17:36,4370.1,44239
2021-06-14 09:17:37,4371.1,44339
2021-06-14 09:17:37,4370.0,44329
2021-06-14 09:17:38,4370.1,44456
2021-06-14 09:17:39,4370.1,44460
2021-06-14 09:17:40,4372.05,44464
2021-06-14 09:17:41,4373.95,44469
2021-06-14 09:17:42,4373.95,44469
2021-06-14 09:17:43,4374.5,44569
2021-06-14 09:17:44,4374.05,44570
2021-06-14 09:17:45,4375.0,44586
2021-06-14 09:17:46,4375.45,44966
2021-06-14 09:17:47,4374.05,44968
2021-06-14 09:17:48,4371.45,44975
2021-06-14 09:17:49,4373.85,44981
2021-06-14 09:17:50,4373.9,45015
2021-06-14 09:17:51,4373.85,45017
2021-06-14 09:17:52,4371.1,45123
2021-06-14 09:17:54,4370.55,45135
2021-06-14 09:17:56,4371.6,45327
2021-06-14 09:17:57,4371.25,45446
2021-06-14 09:17:58,4371.45,45506
2021-06-14 09:17:59,4371.5,45509
2021-06-14 09:18:00,4374.05,45561
2021-06-14 09:18:01,4371.6,45975
2021-06-14 09:18:01,4371.6,45975
2021-06-14 09:18:02,4370.0,45980
2021-06-14 09:18:03,4370.0,46408
2021-06-14 09:18:04,4370.0,46471
2021-06-14 09:18:05,4370.0,46736
2021-06-14 09:18:06,4370.0,46742
2021-06-14 09:18:08,4370.0,46795
2021-06-14 09:18:09,4371.1,46855
2021-06-14 09:18:10,4370.0,51959
2021-06-14 09:18:11,4370.0,51969
2021-06-14 09:18:12,4371.8,51989
2021-06-14 09:18:13,4370.0,51990
2021-06-14 09:18:13,4370.0,52040
2021-06-14 09:18:14,4371.6,52070
2021-06-14 09:18:15,4370.1,52072
2021-06-14 09:18:16,4370.1,52110
2021-06-14 09:18:17,4371.65,52128
2021-06-14 09:18:18,4373.2,52139
2021-06-14 09:18:19,4373.2,52176
2021-06-14 09:18:20,4373.2,52176
2021-06-14 09:18:21,4374.0,52188
2021-06-14 09:18:22,4374.0,52200
2021-06-14 09:18:23,4371.75,52232
2021-06-14 09:18:24,4371.75,52238
2021-06-14 09:18:26,4371.75,52243
2021-06-14 09:18:27,4371.0,52280
2021-06-14 09:18:28,4372.7,52285
2021-06-14 09:18:29,4371.0,52288
2021-06-14 09:18:30,4371.35,52301
2021-06-14 09:18:31,4371.35,52301
2021-06-14 09:18:32,4371.85,52459
2021-06-14 09:18:33,4370.25,52464
2021-06-14 09:18:33,4370.25,52464
2021-06-14 09:18:34,4370.25,52496
2021-06-14 09:18:35,4371.85,52497
2021-06-14 09:18:36,4369.8,53047
2021-06-14 09:18:37,4368.65,53072
2021-06-14 09:18:38,4366.7,53075
2021-06-14 09:18:40,4366.3,53129
2021-06-14 09:18:41,4366.4,53214
2021-06-14 09:18:42,4366.4,53214
2021-06-14 09:18:43,4368.6,53365
2021-06-14 09:18:44,4368.6,53365
2021-06-14 09:18:45,4370.25,53387
2021-06-14 09:18:45,4370.25,53387
2021-06-14 09:18:46,4370.0,53397
2021-06-14 09:18:47,4368.35,53402
2021-06-14 09:18:48,4371.0,53580
2021-06-14 09:18:49,4370.5,53612
2021-06-14 09:18:51,4367.9,53644
2021-06-14 09:18:52,4366.5,53704
2021-06-14 09:18:54,4366.7,53846
2021-06-14 09:18:55,4373.25,56474
2021-06-14 09:18:56,4372.95,56524
2021-06-14 09:18:57,4373.3,56611
2021-06-14 09:18:58,4373.25,56617
2021-06-14 09:18:59,4371.1,56629
2021-06-14 09:19:00,4370.7,56678
2021-06-14 09:19:01,4373.0,56728
2021-06-14 09:19:02,4373.0,56773
2021-06-14 09:19:03,4373.4,56795
2021-06-14 09:19:04,4370.45,64213
2021-06-14 09:19:04,4370.45,64213
2021-06-14 09:19:06,4370.85,64235
2021-06-14 09:19:08,4372.0,64249
2021-06-14 09:19:09,4372.0,64249
2021-06-14 09:19:10,4372.0,64283
2021-06-14 09:19:11,4372.7,64299
2021-06-14 09:19:13,4372.75,64328
2021-06-14 09:19:14,4372.7,64345
2021-06-14 09:19:15,4372.5,64349
2021-06-14 09:19:16,4370.95,64394
2021-06-14 09:19:17,4370.95,64394
2021-06-14 09:19:18,4370.95,64486
2021-06-14 09:19:18,4370.95,64486
2021-06-14 09:19:19,4370.95,64486
2021-06-14 09:19:20,4372.0,64734
2021-06-14 09:19:21,4372.5,64735
2021-06-14 09:19:22,4372.0,64940
2021-06-14 09:19:23,4372.0,65171
2021-06-14 09:19:24,4372.0,65189
2021-06-14 09:19:25,4373.75,65698
2021-06-14 09:19:26,4373.55,65702
2021-06-14 09:19:27,4373.55,65702
2021-06-14 09:19:29,4373.55,65702
2021-06-14 09:19:30,4373.0,65727
2021-06-14 09:19:31,4373.0,65730
2021-06-14 09:19:32,4373.85,65791
2021-06-14 09:19:34,4372.15,65963
2021-06-14 09:19:35,4371.0,66024
2021-06-14 09:19:36,4370.15,66057
2021-06-14 09:19:37,4372.0,66072
2021-06-14 09:19:38,4372.0,66144
2021-06-14 09:19:39,4372.0,66148
2021-06-14 09:19:40,4373.85,66348
2021-06-14 09:19:40,4373.85,66348
2021-06-14 09:19:41,4372.0,66357
2021-06-14 09:19:42,4372.0,66367
2021-06-14 09:19:43,4373.4,66396
2021-06-14 09:19:44,4371.25,66401
2021-06-14 09:19:45,4373.4,66491
2021-06-14 09:19:46,4372.7,66494
2021-06-14 09:19:47,4372.7,66499
2021-06-14 09:19:48,4372.7,66501
2021-06-14 09:19:49,4371.2,66505
2021-06-14 09:19:50,4372.0,66560
2021-06-14 09:19:51,4372.0,66561
2021-06-14 09:19:52,4370.75,66564
2021-06-14 09:19:53,4373.75,66673
2021-06-14 09:19:54,4371.3,66720
2021-06-14 09:19:55,4372.0,66742
2021-06-14 09:19:56,4372.0,66750
2021-06-14 09:19:57,4373.0,66779
2021-06-14 09:19:58,4372.0,66783
2021-06-14 09:19:59,4372.0,66790
2021-06-14 09:20:00,4371.7,66811
2021-06-14 09:20:01,4370.95,66815
2021-06-14 09:20:03,4370.6,66920
2021-06-14 09:20:04,4370.8,66930
2021-06-14 09:20:05,4373.75,67040
2021-06-14 09:20:06,4375.8,67069
2021-06-14 09:20:07,4373.4,67079
2021-06-14 09:20:08,4373.4,67083
2021-06-14 09:20:09,4373.4,67083
2021-06-14 09:20:10,4374.9,67195
2021-06-14 09:20:11,4374.1,67198
2021-06-14 09:20:12,4374.05,67228
2021-06-14 09:20:12,4374.05,67228
2021-06-14 09:20:13,4375.35,67236
2021-06-14 09:20:14,4370.0,67372
2021-06-14 09:20:15,4370.0,67372
2021-06-14 09:20:16,4372.55,67418
2021-06-14 09:20:18,4372.8,67430
2021-06-14 09:20:19,4370.9,67441
2021-06-14 09:20:20,4370.9,67441
2021-06-14 09:20:21,4372.95,67484
2021-06-14 09:20:22,4372.95,67500
2021-06-14 09:20:23,4372.95,67501
2021-06-14 09:20:24,4372.95,67501
2021-06-14 09:20:25,4371.0,67510
2021-06-14 09:20:26,4370.9,67534
2021-06-14 09:20:27,4370.9,67534
2021-06-14 09:20:28,4370.9,67587
2021-06-14 09:20:30,4372.0,67593
2021-06-14 09:20:30,4372.0,67593
2021-06-14 09:20:31,4372.0,67593
2021-06-14 09:20:32,4366.75,71944
2021-06-14 09:20:33,4368.55,72017
2021-06-14 09:20:34,4366.9,72021
2021-06-14 09:20:35,4366.9,72066
2021-06-14 09:20:37,4368.45,72097
2021-06-14 09:20:38,4368.7,72178
2021-06-14 09:20:39,4368.7,72178
2021-06-14 09:20:40,4368.7,72178
2021-06-14 09:20:41,4368.85,72184
2021-06-14 09:20:42,4368.85,72185
2021-06-14 09:20:43,4367.85,72187
2021-06-14 09:20:45,4368.0,72217
2021-06-14 09:20:45,4368.0,72217
2021-06-14 09:20:46,4368.0,72217
2021-06-14 09:20:47,4368.0,72217
2021-06-14 09:20:49,4368.85,72285
2021-06-14 09:20:50,4368.85,72285
2021-06-14 09:20:50,4368.85,72289
2021-06-14 09:20:51,4368.85,72289
2021-06-14 09:20:52,4370.0,72290
2021-06-14 09:20:54,4368.9,72321
2021-06-14 09:20:55,4368.9,72349
2021-06-14 09:20:56,4370.0,72361
2021-06-14 09:20:57,4368.9,72363
2021-06-14 09:20:58,4368.9,72378
2021-06-14 09:20:59,4368.9,72378
2021-06-14 09:21:00,4368.9,72394
2021-06-14 09:21:01,4368.75,72784
2021-06-14 09:21:02,4369.95,72866
2021-06-14 09:21:03,4368.75,72976
2021-06-14 09:21:04,4368.75,72976
2021-06-14 09:21:05,4368.75,73006
2021-06-14 09:21:06,4368.75,73006
2021-06-14 09:21:07,4370.0,73026
2021-06-14 09:21:08,4368.75,73027
2021-06-14 09:21:09,4368.75,73027
2021-06-14 09:21:09,4368.9,73043
2021-06-14 09:21:10,4368.9,73048
2021-06-14 09:21:13,4368.0,73049
2021-06-14 09:21:14,4368.0,73049
2021-06-14 09:21:15,4367.35,73105
2021-06-14 09:21:16,4368.0,73114
2021-06-14 09:21:17,4368.0,73115
2021-06-14 09:21:18,4368.0,73125
2021-06-14 09:21:19,4367.9,73537
2021-06-14 09:21:20,4367.4,73538
2021-06-14 09:21:21,4365.0,73550
2021-06-14 09:21:22,4365.0,73550
2021-06-14 09:21:23,4365.55,73680
2021-06-14 09:21:24,4362.7,73724
2021-06-14 09:21:25,4363.2,73775
2021-06-14 09:21:26,4360.0,74165
2021-06-14 09:21:27,4364.1,74287
2021-06-14 09:21:28,4363.05,74298
2021-06-14 09:21:29,4363.1,74343
2021-06-14 09:21:30,4363.7,74358
2021-06-14 09:21:31,4363.7,74358
2021-06-14 09:21:32,4362.25,74384
2021-06-14 09:21:32,4362.25,74384
2021-06-14 09:21:33,4362.25,74384
2021-06-14 09:21:34,4362.05,74656
2021-06-14 09:21:35,4361.15,74666
2021-06-14 09:21:36,4363.8,74824
2021-06-14 09:21:37,4363.8,74824
2021-06-14 09:21:39,4361.65,74830
2021-06-14 09:21:40,4365.4,75034
2021-06-14 09:21:41,4365.4,75034
2021-06-14 09:21:44,4365.4,75034
2021-06-14 09:21:45,4363.65,75089
2021-06-14 09:21:46,4363.65,75089
2021-06-14 09:21:47,4365.1,75114
2021-06-14 09:21:48,4363.65,75119
2021-06-14 09:21:49,4363.65,75126
2021-06-14 09:21:50,4361.85,75166
2021-06-14 09:21:51,4361.85,75166
2021-06-14 09:21:51,4361.85,75166
2021-06-14 09:21:52,4361.85,75166
2021-06-14 09:21:53,4361.85,75166
2021-06-14 09:21:54,4364.55,75186
2021-06-14 09:21:57,4364.55,75206
2021-06-14 09:21:58,4364.55,75206
2021-06-14 09:21:59,4362.0,75231
2021-06-14 09:22:00,4362.0,75231
2021-06-14 09:22:01,4362.0,75231
2021-06-14 09:22:02,4363.8,75232
2021-06-14 09:22:03,4361.15,75328
2021-06-14 09:22:04,4361.0,75363
2021-06-14 09:22:05,4360.0,75396
2021-06-14 09:22:06,4360.0,75401
2021-06-14 09:22:07,4358.1,75587
2021-06-14 09:22:08,4360.0,75589
2021-06-14 09:22:09,4358.05,75599
2021-06-14 09:22:10,4358.05,75599
2021-06-14 09:22:11,4358.05,75599
2021-06-14 09:22:12,4359.95,75696
2021-06-14 09:22:13,4358.45,75723
2021-06-14 09:22:14,4358.45,75723
2021-06-14 09:22:15,4358.45,75739
2021-06-14 09:22:16,4358.45,75764
2021-06-14 09:22:17,4361.0,76042
2021-06-14 09:22:19,4362.0,76045
2021-06-14 09:22:20,4362.0,76045
2021-06-14 09:22:21,4362.0,76045
2021-06-14 09:22:22,4359.75,76072
2021-06-14 09:22:23,4362.0,76082
2021-06-14 09:22:24,4362.0,76133
2021-06-14 09:22:25,4362.0,76133
2021-06-14 09:22:26,4362.8,76183
2021-06-14 09:22:27,4362.8,76183
2021-06-14 09:22:28,4362.0,76193
2021-06-14 09:22:29,4362.0,76193
2021-06-14 09:22:30,4362.0,76193
2021-06-14 09:22:31,4362.0,76243
2021-06-14 09:22:32,4362.65,76443
2021-06-14 09:22:33,4362.65,76443
2021-06-14 09:22:34,4362.65,76443
2021-06-14 09:22:35,4360.2,76462
2021-06-14 09:22:36,4359.85,76475
2021-06-14 09:22:37,4359.85,76475
2021-06-14 09:22:38,4359.85,76475
2021-06-14 09:22:39,4361.25,76486
2021-06-14 09:22:41,4361.25,76500
2021-06-14 09:22:43,4359.85,76547
2021-06-14 09:22:44,4359.85,76574
2021-06-14 09:22:45,4361.25,76580
2021-06-14 09:22:46,4359.85,76585
2021-06-14 09:22:47,4359.85,76585
2021-06-14 09:22:48,4359.85,76585
2021-06-14 09:22:49,4359.85,76590
2021-06-14 09:22:50,4359.9,76630
2021-06-14 09:22:53,4358.3,76714
2021-06-14 09:22:55,4358.0,76825
2021-06-14 09:22:56,4358.0,76825
2021-06-14 09:22:57,4358.0,76825
2021-06-14 09:22:58,4358.25,76892
2021-06-14 09:22:59,4358.0,76942
2021-06-14 09:23:00,4355.5,76992
2021-06-14 09:23:01,4357.9,77042
2021-06-14 09:23:02,4355.6,77077
2021-06-14 09:23:03,4355.55,77087
2021-06-14 09:23:04,4355.55,77087
2021-06-14 09:23:05,4355.5,77173
2021-06-14 09:23:06,4355.45,77183
2021-06-14 09:23:07,4355.2,77233
2021-06-14 09:23:08,4355.2,77233
2021-06-14 09:23:09,4353.8,77309
2021-06-14 09:23:10,4354.4,77357
2021-06-14 09:23:11,4355.15,77458
2021-06-14 09:23:12,4355.15,77458
2021-06-14 09:23:13,4352.85,77509
2021-06-14 09:23:14,4354.4,77511
2021-06-14 09:23:15,4354.15,77529
2021-06-14 09:23:16,4354.15,77529
2021-06-14 09:23:17,4354.15,77529
2021-06-14 09:23:20,4352.65,77562
2021-06-14 09:23:21,4352.15,77563
2021-06-14 09:23:22,4356.9,78022
2021-06-14 09:23:23,4354.55,78023
2021-06-14 09:23:24,4357.2,78024
2021-06-14 09:23:25,4357.2,78024
2021-06-14 09:23:26,4357.2,78024
2021-06-14 09:23:27,4357.2,78024
2021-06-14 09:23:28,4357.2,78024
2021-06-14 09:23:29,4356.55,78184
2021-06-14 09:23:30,4356.55,78184
2021-06-14 09:23:31,4355.0,78216
2021-06-14 09:23:32,4352.6,78320
2021-06-14 09:23:33,4352.6,78320
2021-06-14 09:23:34,4354.65,78330
2021-06-14 09:23:35,4354.85,78368
2021-06-14 09:23:36,4354.85,78368
2021-06-14 09:23:37,4354.85,78369
2021-06-14 09:23:38,4353.05,78429
2021-06-14 09:23:39,4353.05,78429
2021-06-14 09:23:41,4352.65,78444
2021-06-14 09:23:42,4352.65,78444
2021-06-14 09:23:45,4354.0,78454
2021-06-14 09:23:46,4354.3,78455
2021-06-14 09:23:47,4354.0,78461
2021-06-14 09:23:48,4352.65,78555
2021-06-14 09:23:49,4352.0,78871
2021-06-14 09:23:50,4352.15,78911
2021-06-14 09:23:51,4352.05,78942
2021-06-14 09:23:52,4352.05,78962
2021-06-14 09:23:53,4352.05,78962
2021-06-14 09:23:54,4352.0,79087
2021-06-14 09:23:55,4354.0,79121
2021-06-14 09:23:56,4354.0,79158
2021-06-14 09:23:57,4353.8,79159
2021-06-14 09:23:58,4354.0,79166
2021-06-14 09:23:59,4352.15,79194
2021-06-14 09:24:00,4352.0,79224
2021-06-14 09:24:01,4353.4,80271
2021-06-14 09:24:02,4353.8,80413
2021-06-14 09:24:03,4353.35,80444
2021-06-14 09:24:04,4353.35,80444
2021-06-14 09:24:05,4353.55,80474
2021-06-14 09:24:06,4352.15,80506
2021-06-14 09:24:07,4352.15,80555
2021-06-14 09:24:08,4353.35,80598
2021-06-14 09:24:09,4353.35,80598
2021-06-14 09:24:10,4352.15,80653
2021-06-14 09:24:11,4352.15,80725
2021-06-14 09:24:12,4352.15,80725
2021-06-14 09:24:13,4353.35,80753
2021-06-14 09:24:14,4352.15,80759
2021-06-14 09:24:15,4352.15,80794
2021-06-14 09:24:18,4353.8,80798
2021-06-14 09:24:19,4354.3,80854
2021-06-14 09:24:20,4352.2,80920
2021-06-14 09:24:21,4354.1,80921
2021-06-14 09:24:22,4354.3,80940
2021-06-14 09:24:23,4352.45,81073
2021-06-14 09:24:24,4352.45,81098
2021-06-14 09:24:26,4352.45,81307
2021-06-14 09:24:26,4352.45,81407
2021-06-14 09:24:27,4352.45,81407
2021-06-14 09:24:28,4352.45,81407
2021-06-14 09:24:29,4352.45,81407
2021-06-14 09:24:30,4352.45,81411
2021-06-14 09:24:31,4352.45,81411
2021-06-14 09:24:32,4352.45,81413
2021-06-14 09:24:33,4352.45,81413
2021-06-14 09:24:34,4352.45,81420
2021-06-14 09:24:35,4352.45,81421
2021-06-14 09:24:37,4352.45,81421
2021-06-14 09:24:38,4353.5,81426
2021-06-14 09:24:39,4353.5,81426
2021-06-14 09:24:40,4353.5,81426
2021-06-14 09:24:40,4352.45,81428
2021-06-14 09:24:41,4352.45,81428
2021-06-14 09:24:42,4352.45,81428
2021-06-14 09:24:43,4352.45,81429
2021-06-14 09:24:44,4352.45,81429
2021-06-14 09:24:45,4353.0,81440
2021-06-14 09:24:47,4352.55,81472
2021-06-14 09:24:47,4354.1,81474
2021-06-14 09:24:48,4354.3,81530
2021-06-14 09:24:49,4354.3,81566
2021-06-14 09:24:50,4354.3,81566
2021-06-14 09:24:51,4354.3,81567
2021-06-14 09:24:52,4354.3,81572
2021-06-14 09:24:53,4354.3,81572
2021-06-14 09:24:54,4354.3,81576
2021-06-14 09:24:55,4354.3,81606
2021-06-14 09:24:56,4354.3,81609
2021-06-14 09:24:57,4354.3,81609
2021-06-14 09:24:58,4352.6,81673
2021-06-14 09:24:59,4354.3,81695
2021-06-14 09:25:00,4354.3,81695
2021-06-14 09:25:01,4354.3,81695
2021-06-14 09:25:02,4352.7,81715
2021-06-14 09:25:03,4354.25,81725
2021-06-14 09:25:04,4354.25,81745
2021-06-14 09:25:05,4354.2,81847
2021-06-14 09:25:06,4354.2,81847
2021-06-14 09:25:08,4352.7,81864
2021-06-14 09:25:09,4354.3,81868
2021-06-14 09:25:09,4354.3,81870
2021-06-14 09:25:10,4354.3,81874
2021-06-14 09:25:11,4354.3,81908
2021-06-14 09:25:12,4354.3,81923
2021-06-14 09:25:13,4354.3,81925
2021-06-14 09:25:14,4354.3,81925
2021-06-14 09:25:16,4354.3,81925
2021-06-14 09:25:16,4354.3,81925
2021-06-14 09:25:17,4352.85,81934
2021-06-14 09:25:18,4354.25,81937
2021-06-14 09:25:19,4354.25,81937
2021-06-14 09:25:20,4352.85,81942
2021-06-14 09:25:22,4354.25,81972
2021-06-14 09:25:23,4354.25,81972
2021-06-14 09:25:24,4352.85,81977
2021-06-14 09:25:25,4352.85,81977
2021-06-14 09:25:26,4354.25,81979
2021-06-14 09:25:27,4354.25,81983
2021-06-14 09:25:28,4354.25,81990
2021-06-14 09:25:29,4354.25,81990
2021-06-14 09:25:30,4354.3,82014
2021-06-14 09:25:31,4354.3,82026
2021-06-14 09:25:32,4354.3,82108
2021-06-14 09:25:33,4353.2,82110
2021-06-14 09:25:33,4353.2,82110
2021-06-14 09:25:34,4354.3,82128
2021-06-14 09:25:35,4353.3,82151
2021-06-14 09:25:36,4354.3,82162
2021-06-14 09:25:37,4354.3,82171
2021-06-14 09:25:38,4353.0,82305
2021-06-14 09:25:39,4353.3,82428
2021-06-14 09:25:40,4353.3,82438
2021-06-14 09:25:41,4353.3,82438
2021-06-14 09:25:42,4352.8,82443
2021-06-14 09:25:43,4352.8,82443
2021-06-14 09:25:44,4352.45,82448
2021-06-14 09:25:45,4353.0,82483
2021-06-14 09:25:46,4352.45,82490
2021-06-14 09:25:47,4353.0,82526
2021-06-14 09:25:48,4353.0,82541
2021-06-14 09:25:49,4353.0,82546
2021-06-14 09:25:50,4353.0,82546
2021-06-14 09:25:51,4353.2,82562
2021-06-14 09:25:52,4352.0,82770
2021-06-14 09:25:53,4350.5,83033
2021-06-14 09:25:54,4352.2,83126
2021-06-14 09:25:55,4352.2,83132
2021-06-14 09:25:56,4352.2,83152
2021-06-14 09:25:57,4352.35,83157
2021-06-14 09:25:58,4350.3,83213
2021-06-14 09:25:59,4350.5,83318
2021-06-14 09:26:00,4352.15,83326
2021-06-14 09:26:01,4352.2,83329
2021-06-14 09:26:02,4352.2,83336
2021-06-14 09:26:03,4350.55,83338
2021-06-14 09:26:04,4352.2,83349
2021-06-14 09:26:05,4352.2,83358
2021-06-14 09:26:06,4352.2,83358
2021-06-14 09:26:07,4352.0,83366
2021-06-14 09:26:08,4352.0,83366
2021-06-14 09:26:09,4352.0,83370
2021-06-14 09:26:10,4352.0,83372
2021-06-14 09:26:11,4352.0,83373
2021-06-14 09:26:12,4352.0,83373
2021-06-14 09:26:13,4345.0,84707
2021-06-14 09:26:14,4344.55,84717
2021-06-14 09:26:15,4346.95,84741
2021-06-14 09:26:16,4346.95,84774
2021-06-14 09:26:17,4349.4,84827
2021-06-14 09:26:18,4349.4,84827
2021-06-14 09:26:19,4348.7,84877
2021-06-14 09:26:20,4347.05,84922
2021-06-14 09:26:21,4348.0,85119
2021-06-14 09:26:22,4348.0,85119
2021-06-14 09:26:23,4347.05,85160
2021-06-14 09:26:24,4347.45,85309
2021-06-14 09:26:26,4347.05,85485
2021-06-14 09:26:27,4348.85,85517
2021-06-14 09:26:28,4347.45,85770
2021-06-14 09:26:30,4349.75,85908
2021-06-14 09:26:31,4349.5,86020
2021-06-14 09:26:33,4349.25,86103
2021-06-14 09:26:34,4346.9,86203
2021-06-14 09:26:35,4346.9,86224
2021-06-14 09:26:36,4343.6,87270
2021-06-14 09:26:37,4342.1,87367
2021-06-14 09:26:38,4340.0,87444
2021-06-14 09:26:39,4340.0,87444
2021-06-14 09:26:40,4342.2,87449
2021-06-14 09:26:41,4340.1,87537
2021-06-14 09:26:42,4342.3,87545
2021-06-14 09:26:43,4338.7,88345
2021-06-14 09:26:44,4338.05,88346
2021-06-14 09:26:45,4337.45,88348
2021-06-14 09:26:46,4335.85,88378
2021-06-14 09:26:48,4337.65,88422
2021-06-14 09:26:49,4338.05,88426
2021-06-14 09:26:50,4338.1,88507
2021-06-14 09:26:51,4338.95,88616
2021-06-14 09:26:52,4339.75,88624
2021-06-14 09:26:53,4339.75,88624
2021-06-14 09:26:54,4339.45,88755
2021-06-14 09:26:55,4338.1,88765
2021-06-14 09:26:56,4338.1,88765
2021-06-14 09:26:57,4339.5,88795
2021-06-14 09:26:58,4339.8,88870
2021-06-14 09:26:59,4339.0,88874
2021-06-14 09:27:00,4339.0,88874
2021-06-14 09:27:02,4334.95,90117
2021-06-14 09:27:05,4334.1,90150
2021-06-14 09:27:06,4337.35,90221
2021-06-14 09:27:08,4334.1,90255
2021-06-14 09:27:09,4336.7,90266
2021-06-14 09:27:10,4336.7,90266
2021-06-14 09:27:11,4337.25,90297
2021-06-14 09:27:12,4337.25,90297
2021-06-14 09:27:13,4338.55,90588
2021-06-14 09:27:14,4335.15,90599
2021-06-14 09:27:15,4335.1,90600
2021-06-14 09:27:16,4338.6,90617
2021-06-14 09:27:17,4339.0,90687
2021-06-14 09:27:18,4337.2,90898
2021-06-14 09:27:19,4338.8,90928
2021-06-14 09:27:20,4338.8,90928
2021-06-14 09:27:21,4345.45,91954
2021-06-14 09:27:22,4341.45,92754
2021-06-14 09:27:23,4339.4,93035
2021-06-14 09:27:24,4342.15,93038
2021-06-14 09:27:26,4341.65,93139
2021-06-14 09:27:27,4341.65,93139
2021-06-14 09:27:28,4338.9,93161
2021-06-14 09:27:29,4338.1,93261
2021-06-14 09:27:30,4338.1,93261
2021-06-14 09:27:31,4338.1,93264
2021-06-14 09:27:32,4336.7,93370
2021-06-14 09:27:33,4334.0,93470
2021-06-14 09:27:34,4334.1,93491
2021-06-14 09:27:35,4334.1,93491
2021-06-14 09:27:36,4336.8,93496
2021-06-14 09:27:37,4334.4,93501
2021-06-14 09:27:38,4334.4,93503
2021-06-14 09:27:39,4334.45,93547
2021-06-14 09:27:40,4338.05,93597
2021-06-14 09:27:41,4334.8,93724
2021-06-14 09:27:42,4337.45,93726
2021-06-14 09:27:43,4333.35,94728
2021-06-14 09:27:44,4330.2,94775
2021-06-14 09:27:48,4330.0,94839
2021-06-14 09:27:52,4333.4,94894
2021-06-14 09:27:57,4332.75,94988
2021-06-14 09:28:02,4334.0,95075
2021-06-14 09:28:06,4334.2,95125
2021-06-14 09:28:11,4332.45,95230
2021-06-14 09:28:16,4336.45,95292
2021-06-14 09:28:21,4334.6,95489
2021-06-14 09:28:26,4333.05,96738
2021-06-14 09:28:31,4332.0,96822
2021-06-14 09:28:35,4332.0,96843
2021-06-14 09:28:40,4334.2,96899
2021-06-14 09:28:45,4333.95,96954
2021-06-14 09:28:50,4334.8,98748
2021-06-14 09:28:54,4334.8,98754
2021-06-14 09:28:59,4334.0,98764
2021-06-14 09:29:04,4335.25,99298
2021-06-14 09:29:13,4341.95,99533
2021-06-14 09:29:18,4340.0,99535
2021-06-14 09:29:22,4337.25,100048
2021-06-14 09:29:27,4334.0,100124
2021-06-14 09:29:32,4334.0,100392
2021-06-14 09:29:37,4334.0,100394
2021-06-14 09:29:42,4334.0,100522
2021-06-14 09:29:46,4334.0,100560
2021-06-14 09:29:51,4332.3,100590
2021-06-14 09:29:56,4336.3,100640
2021-06-14 09:30:00,4333.6,100665
2021-06-14 09:30:05,4334.0,100782
2021-06-14 09:30:10,4332.2,100794
2021-06-14 09:30:15,4334.4,100952
2021-06-14 09:30:19,4334.65,101080
2021-06-14 09:30:24,4334.55,101092
2021-06-14 09:30:29,4335.25,101507
2021-06-14 09:30:33,4335.25,101507
2021-06-14 09:30:38,4332.65,101537
2021-06-14 09:30:43,4333.9,101565
2021-06-14 09:30:48,4333.5,101674
2021-06-14 09:30:57,4335.15,101884
2021-06-14 09:31:02,4338.75,101902
2021-06-14 09:31:07,4339.8,102021
2021-06-14 09:31:11,4340.0,102042
2021-06-14 09:31:16,4339.15,102253
2021-06-14 09:31:21,4339.2,102287
2021-06-14 09:31:26,4338.7,102480
2021-06-14 09:31:31,4333.55,102907
2021-06-14 09:31:35,4332.1,102911
2021-06-14 09:31:40,4333.3,102948
2021-06-14 09:31:45,4335.15,102989
2021-06-14 09:31:50,4329.0,103542
2021-06-14 09:31:54,4330.0,103566
2021-06-14 09:31:59,4329.1,103786
2021-06-14 09:32:04,4328.0,104385
2021-06-14 09:32:08,4322.05,104890
2021-06-14 09:32:13,4319.35,105719
2021-06-14 09:32:23,4316.35,106027
2021-06-14 09:32:27,4315.15,106637
2021-06-14 09:32:32,4312.6,106662
2021-06-14 09:32:36,4312.6,106963
2021-06-14 09:32:45,4312.6,107116
2021-06-14 09:32:46,4312.0,107218
2021-06-14 09:32:47,4311.0,107290
2021-06-14 09:32:48,4311.0,107302
2021-06-14 09:32:49,4313.6,107316
2021-06-14 09:32:50,4316.0,107706
2021-06-14 09:32:51,4318.65,107924
2021-06-14 09:32:52,4318.65,107924
2021-06-14 09:32:53,4318.15,107926
2021-06-14 09:32:54,4318.15,107926
2021-06-14 09:32:55,4318.15,107926
2021-06-14 09:32:56,4317.5,108307
2021-06-14 09:32:57,4317.0,108363
2021-06-14 09:32:58,4316.85,108366
2021-06-14 09:32:59,4316.85,108366
2021-06-14 09:33:00,4316.85,108366
2021-06-14 09:33:01,4316.95,108367
2021-06-14 09:33:02,4318.2,108378
2021-06-14 09:33:03,4318.2,108390
2021-06-14 09:33:04,4316.5,108398
2021-06-14 09:33:05,4316.5,108398
2021-06-14 09:33:06,4319.55,108400
2021-06-14 09:33:07,4317.15,108425
2021-06-14 09:33:08,4317.15,108425
2021-06-14 09:33:09,4317.15,108427
2021-06-14 09:33:10,4317.05,108528
2021-06-14 09:33:11,4319.55,108529
2021-06-14 09:33:12,4319.55,108529
2021-06-14 09:33:13,4321.85,108780
2021-06-14 09:33:14,4321.85,108780
2021-06-14 09:33:15,4320.0,108782
2021-06-14 09:33:17,4321.95,108790
2021-06-14 09:33:21,4320.05,108900
2021-06-14 09:33:23,4321.8,108906
2021-06-14 09:33:24,4321.85,108964
2021-06-14 09:33:25,4322.05,108969
2021-06-14 09:33:26,4319.7,109036
2021-06-14 09:33:27,4319.7,109046
2021-06-14 09:33:28,4319.7,109050
2021-06-14 09:33:29,4319.7,109050
2021-06-14 09:33:30,4322.35,109060
2021-06-14 09:33:31,4322.65,109156
2021-06-14 09:33:32,4324.15,109502
2021-06-14 09:33:33,4324.15,109502
2021-06-14 09:33:34,4323.35,109504
2021-06-14 09:33:35,4323.35,109504
2021-06-14 09:33:36,4321.45,109529
2021-06-14 09:33:37,4321.45,109529
2021-06-14 09:33:38,4322.3,109731
2021-06-14 09:33:39,4322.3,109739
2021-06-14 09:33:40,4324.25,109744
2021-06-14 09:33:41,4322.6,109750
2021-06-14 09:33:42,4322.6,109750
2021-06-14 09:33:43,4322.6,109750
2021-06-14 09:33:44,4322.6,109752
2021-06-14 09:33:46,4322.6,109752
2021-06-14 09:33:47,4324.45,109769
2021-06-14 09:33:48,4322.7,109791
2021-06-14 09:33:49,4322.7,109791
2021-06-14 09:33:50,4322.7,109791
2021-06-14 09:33:51,4324.95,109844
2021-06-14 09:33:52,4324.55,109882
2021-06-14 09:33:55,4325.0,109963
2021-06-14 09:33:56,4322.75,110018
2021-06-14 09:33:57,4325.0,110055
2021-06-14 09:33:58,4325.0,110088
2021-06-14 09:33:59,4324.85,110180
2021-06-14 09:34:00,4324.85,110180
2021-06-14 09:34:01,4324.85,110186
2021-06-14 09:34:02,4322.95,110228
2021-06-14 09:34:03,4322.95,110228
2021-06-14 09:34:04,4325.0,110289
2021-06-14 09:34:05,4323.0,110302
2021-06-14 09:34:06,4324.85,110325
2021-06-14 09:34:08,4323.0,110336
2021-06-14 09:34:09,4323.0,110336
2021-06-14 09:34:10,4324.85,110340
2021-06-14 09:34:11,4324.85,110386
2021-06-14 09:34:13,4318.0,111708
2021-06-14 09:34:14,4318.25,111711
2021-06-14 09:34:15,4315.85,111715
2021-06-14 09:34:16,4318.3,111724
2021-06-14 09:34:17,4318.3,111729
2021-06-14 09:34:18,4316.3,111733
2021-06-14 09:34:19,4319.25,111734
2021-06-14 09:34:20,4319.25,111734
2021-06-14 09:34:21,4319.25,111734
2021-06-14 09:34:22,4324.65,112094
2021-06-14 09:34:23,4323.1,112147
2021-06-14 09:34:24,4324.6,112168
2021-06-14 09:34:25,4320.4,112675
2021-06-14 09:34:27,4323.0,112695
2021-06-14 09:34:28,4323.0,112867
2021-06-14 09:34:29,4323.75,112935
2021-06-14 09:34:30,4323.75,112935
2021-06-14 09:34:31,4322.7,113685
2021-06-14 09:34:32,4322.7,113685
2021-06-14 09:34:33,4325.0,113686
2021-06-14 09:34:34,4324.9,113931
2021-06-14 09:34:35,4325.0,113943
2021-06-14 09:34:36,4325.0,113962
2021-06-14 09:34:37,4325.0,113962
2021-06-14 09:34:38,4325.0,115758
2021-06-14 09:34:39,4325.0,115761
2021-06-14 09:34:40,4323.2,115861
2021-06-14 09:34:41,4323.2,115861
2021-06-14 09:34:42,4325.0,115866
2021-06-14 09:34:43,4325.0,115866
2021-06-14 09:34:44,4324.6,115881
2021-06-14 09:34:45,4322.65,115966
2021-06-14 09:34:46,4323.45,115968
2021-06-14 09:34:47,4321.55,115969
2021-06-14 09:34:48,4323.65,115979
2021-06-14 09:34:49,4323.65,115979
2021-06-14 09:34:50,4323.65,115979
2021-06-14 09:34:51,4323.75,115981
2021-06-14 09:34:52,4323.8,115987
2021-06-14 09:34:53,4323.8,115989
2021-06-14 09:34:54,4323.8,115989
2021-06-14 09:34:55,4321.15,116118
2021-06-14 09:34:56,4320.0,116148
2021-06-14 09:34:57,4320.0,116148
2021-06-14 09:34:58,4320.0,116150
2021-06-14 09:34:59,4320.0,116150
2021-06-14 09:35:00,4320.8,116176
2021-06-14 09:35:02,4317.15,116318
2021-06-14 09:35:03,4317.45,116319
2021-06-14 09:35:04,4317.45,116319
2021-06-14 09:35:06,4319.2,116436
2021-06-14 09:35:05,4317.45,116319
2021-06-14 09:35:07,4318.45,116617
2021-06-14 09:35:08,4318.9,116625
2021-06-14 09:35:10,4318.9,116626
2021-06-14 09:35:11,4318.5,116697
2021-06-14 09:35:11,4316.95,116699
2021-06-14 09:35:13,4319.7,116731
2021-06-14 09:35:12,4317.05,116729
2021-06-14 09:35:14,4319.7,116731
2021-06-14 09:35:15,4320.55,116733
2021-06-14 09:35:17,4317.65,116741
2021-06-14 09:35:18,4317.75,116795
2021-06-14 09:35:19,4317.75,116796
2021-06-14 09:35:20,4317.75,116796
2021-06-14 09:35:21,4317.15,116801
2021-06-14 09:35:23,4316.9,116857
2021-06-14 09:35:24,4317.1,116859
2021-06-14 09:35:25,4319.7,116867
2021-06-14 09:35:26,4317.8,116870
2021-06-14 09:35:27,4317.4,116875
2021-06-14 09:35:28,4317.4,116888
2021-06-14 09:35:29,4317.5,116898
2021-06-14 09:35:30,4317.4,116908
2021-06-14 09:35:31,4317.4,116908
2021-06-14 09:35:32,4317.3,116920
2021-06-14 09:35:33,4319.0,116930
2021-06-14 09:35:34,4319.0,116930
2021-06-14 09:35:35,4317.25,116937
2021-06-14 09:35:36,4318.95,116939
2021-06-14 09:35:37,4318.95,116943
2021-06-14 09:35:38,4317.25,116945
2021-06-14 09:35:39,4319.45,117020
2021-06-14 09:35:40,4319.85,117100
2021-06-14 09:35:41,4319.85,117100
2021-06-14 09:35:42,4319.85,117100
2021-06-14 09:35:43,4317.9,117144
2021-06-14 09:35:44,4318.4,117154
2021-06-14 09:35:45,4320.0,117159
2021-06-14 09:35:46,4318.4,117174
2021-06-14 09:35:47,4319.9,117278
2021-06-14 09:35:48,4319.9,117285
2021-06-14 09:35:50,4319.9,117300
2021-06-14 09:35:51,4319.9,117300
2021-06-14 09:35:52,4319.9,117305
2021-06-14 09:35:53,4321.2,117451
2021-06-14 09:35:54,4321.2,117451
2021-06-14 09:35:55,4321.8,117469
2021-06-14 09:35:56,4321.15,117471
2021-06-14 09:35:57,4323.65,117482
2021-06-14 09:35:58,4321.4,117484
2021-06-14 09:35:59,4323.65,117488
2021-06-14 09:36:02,4323.6,117518
2021-06-14 09:36:04,4323.6,117518
2021-06-14 09:36:06,4324.6,117600
2021-06-14 09:36:08,4321.1,117868
2021-06-14 09:36:10,4320.3,117956
2021-06-14 09:36:11,4320.25,117957
2021-06-14 09:36:13,4318.75,117982
2021-06-14 09:36:14,4320.65,117983
2021-06-14 09:36:15,4318.45,118003
2021-06-14 09:36:16,4320.7,118007
2021-06-14 09:36:17,4320.65,118017
2021-06-14 09:36:18,4318.5,118025
2021-06-14 09:36:19,4318.5,118025
2021-06-14 09:36:20,4319.6,118031
2021-06-14 09:36:21,4319.6,118033
2021-06-14 09:36:22,4319.6,118033
2021-06-14 09:36:23,4319.65,118083
2021-06-14 09:36:24,4319.6,118084
2021-06-14 09:36:27,4319.6,118155
2021-06-14 09:36:28,4319.6,118156
2021-06-14 09:36:29,4319.6,118156
2021-06-14 09:36:30,4320.0,118160
2021-06-14 09:36:31,4320.0,118160
2021-06-14 09:36:32,4320.0,118164
2021-06-14 09:36:33,4320.0,118165
2021-06-14 09:36:33,4321.0,118179
2021-06-14 09:36:34,4321.2,118189
2021-06-14 09:36:35,4323.15,118242
2021-06-14 09:36:36,4319.7,118405
2021-06-14 09:36:37,4320.6,118406
2021-06-14 09:36:38,4319.6,118418
2021-06-14 09:36:40,4322.2,118432
2021-06-14 09:36:42,4322.2,118432
2021-06-14 09:36:43,4322.85,118433
2021-06-14 09:36:44,4322.85,118433
2021-06-14 09:36:45,4319.95,118701
2021-06-14 09:36:47,4318.0,118761
2021-06-14 09:36:48,4318.0,118764
2021-06-14 09:36:49,4318.0,118764
2021-06-14 09:36:50,4317.8,118765
2021-06-14 09:36:51,4317.8,118765
2021-06-14 09:36:52,4317.8,118765
2021-06-14 09:36:53,4317.8,118765
2021-06-14 09:36:54,4317.8,118765
2021-06-14 09:36:55,4319.85,118786
2021-06-14 09:36:56,4319.85,118786
2021-06-14 09:36:57,4319.85,118786
2021-06-14 09:36:58,4318.25,118812
2021-06-14 09:36:59,4318.25,118823
2021-06-14 09:37:01,4320.3,118934
2021-06-14 09:37:03,4320.0,118935
2021-06-14 09:37:04,4320.0,118935
2021-06-14 09:37:05,4320.0,118935
2021-06-14 09:37:08,4321.8,118978
2021-06-14 09:37:09,4322.9,118980
2021-06-14 09:37:10,4321.8,119004
2021-06-14 09:37:11,4321.8,119004
2021-06-14 09:37:12,4321.8,119004
2021-06-14 09:37:13,4321.8,119004
2021-06-14 09:37:14,4321.8,119004
2021-06-14 09:37:15,4321.8,119005
2021-06-14 09:37:16,4322.0,119023
2021-06-14 09:37:17,4322.0,119105
2021-06-14 09:37:18,4321.85,119107
2021-06-14 09:37:19,4323.7,119108
2021-06-14 09:37:20,4323.7,119108
2021-06-14 09:37:21,4323.7,119108
2021-06-14 09:37:22,4323.0,119158
2021-06-14 09:37:23,4322.4,119159
2021-06-14 09:37:24,4323.9,119650
2021-06-14 09:37:25,4323.9,119730
2021-06-14 09:37:26,4325.0,119734
2021-06-14 09:37:28,4323.15,119740
2021-06-14 09:37:29,4323.15,119742
2021-06-14 09:37:30,4323.15,119742
2021-06-14 09:37:31,4323.15,119931
2021-06-14 09:37:32,4325.0,119940
2021-06-14 09:37:33,4325.0,120040
2021-06-14 09:37:33,4323.6,120043
2021-06-14 09:37:34,4323.6,120043
2021-06-14 09:37:35,4325.0,120124
2021-06-14 09:37:36,4325.0,120442
2021-06-14 09:37:37,4325.0,120451
2021-06-14 09:37:38,4331.75,122684
2021-06-14 09:37:41,4336.0,122706
2021-06-14 09:37:42,4334.7,123055
2021-06-14 09:37:43,4335.35,123152
2021-06-14 09:37:44,4335.35,123152
2021-06-14 09:37:46,4335.35,123152
2021-06-14 09:37:47,4335.1,123157
2021-06-14 09:37:48,4334.9,123160
2021-06-14 09:37:49,4332.65,123163
2021-06-14 09:37:50,4332.65,123163
2021-06-14 09:37:51,4332.65,123163
2021-06-14 09:37:52,4332.65,123163
2021-06-14 09:37:53,4332.8,123193
2021-06-14 09:37:54,4334.8,123198
2021-06-14 09:37:55,4335.1,123225
2021-06-14 09:37:56,4335.1,123279
2021-06-14 09:37:57,4335.1,123279
2021-06-14 09:37:58,4336.05,123422
2021-06-14 09:37:59,4335.9,123472
2021-06-14 09:38:00,4335.9,123472
2021-06-14 09:38:01,4334.7,123812
2021-06-14 09:38:02,4334.7,123812
2021-06-14 09:38:03,4334.7,123812
2021-06-14 09:38:04,4339.95,123832
2021-06-14 09:38:05,4339.95,123832
2021-06-14 09:38:05,4339.95,123832
2021-06-14 09:38:06,4339.95,123832
2021-06-14 09:38:07,4339.95,123832
2021-06-14 09:38:08,4338.0,123836
2021-06-14 09:38:09,4340.0,123952
2021-06-14 09:38:10,4337.9,124012
2021-06-14 09:38:11,4338.45,124032
2021-06-14 09:38:12,4338.45,124032
2021-06-14 09:38:13,4340.0,124043
2021-06-14 09:38:14,4339.45,124174
2021-06-14 09:38:15,4339.6,124252
2021-06-14 09:38:16,4339.8,124253
2021-06-14 09:38:17,4339.8,124253
2021-06-14 09:38:18,4339.7,124265
2021-06-14 09:38:19,4339.85,125024
2021-06-14 09:38:20,4339.85,125024
2021-06-14 09:38:21,4345.0,125709
2021-06-14 09:38:22,4345.8,125766
2021-06-14 09:38:23,4346.25,125808
2021-06-14 09:38:24,4346.2,125832
2021-06-14 09:38:25,4346.2,125832
2021-06-14 09:38:26,4346.85,125855
2021-06-14 09:38:27,4346.85,125855
2021-06-14 09:38:28,4348.2,125866
2021-06-14 09:38:29,4348.1,125895
2021-06-14 09:38:30,4349.95,126082
2021-06-14 09:38:31,4349.95,126082
2021-06-14 09:38:32,4349.0,126084
2021-06-14 09:38:33,4349.0,126564
2021-06-14 09:38:34,4349.0,126564
2021-06-14 09:38:35,4349.0,126584
2021-06-14 09:38:36,4348.1,126591
2021-06-14 09:38:37,4349.0,126620
2021-06-14 09:38:39,4341.75,127108
2021-06-14 09:38:39,4342.65,127208
2021-06-14 09:38:40,4343.35,127269
2021-06-14 09:38:41,4343.25,127280
2021-06-14 09:38:42,4340.45,127350
2021-06-14 09:38:43,4343.5,127388
2021-06-14 09:38:44,4344.4,127408
2021-06-14 09:38:45,4344.6,127428
2021-06-14 09:38:46,4344.6,127428
2021-06-14 09:38:47,4348.6,127443
2021-06-14 09:38:49,4346.55,127446
2021-06-14 09:38:50,4349.0,127460
2021-06-14 09:38:51,4349.0,127460
2021-06-14 09:38:52,4349.0,127460
2021-06-14 09:38:53,4349.0,127460
2021-06-14 09:38:55,4347.6,127612
2021-06-14 09:38:56,4349.8,127713
2021-06-14 09:38:57,4349.8,127713
2021-06-14 09:38:57,4348.0,127718
2021-06-14 09:38:58,4347.5,127833
2021-06-14 09:38:59,4347.5,127887
2021-06-14 09:39:00,4347.5,127887
2021-06-14 09:39:01,4349.7,127889
2021-06-14 09:39:02,4347.8,127902
2021-06-14 09:39:03,4347.4,128121
2021-06-14 09:39:04,4346.45,128124
2021-06-14 09:39:05,4347.15,128129
2021-06-14 09:39:06,4347.05,128142
2021-06-14 09:39:07,4347.05,128142
2021-06-14 09:39:10,4347.05,128152
2021-06-14 09:39:11,4347.05,128152
2021-06-14 09:39:12,4347.0,128194
2021-06-14 09:39:14,4347.45,128384
2021-06-14 09:39:15,4347.45,128384
2021-06-14 09:39:16,4347.05,128454
2021-06-14 09:39:17,4347.05,128454
2021-06-14 09:39:18,4349.0,128481
2021-06-14 09:39:18,4349.0,128481
2021-06-14 09:39:19,4347.05,128581
2021-06-14 09:39:21,4347.05,128587
2021-06-14 09:39:22,4347.05,128590
2021-06-14 09:39:23,4347.05,128590
2021-06-14 09:39:24,4347.05,128590
2021-06-14 09:39:25,4347.05,128590
2021-06-14 09:39:26,4348.0,128591
2021-06-14 09:39:27,4348.0,128691
2021-06-14 09:39:28,4348.0,128696
2021-06-14 09:39:29,4348.0,128696
2021-06-14 09:39:30,4348.0,128803
2021-06-14 09:39:31,4348.0,128803
2021-06-14 09:39:32,4348.0,128810
2021-06-14 09:39:33,4348.0,128810
2021-06-14 09:39:36,4348.0,128828
2021-06-14 09:39:38,4348.0,129785
2021-06-14 09:39:39,4347.35,129800
2021-06-14 09:39:40,4347.35,129800
2021-06-14 09:39:41,4347.35,129800
2021-06-14 09:39:43,4348.4,129836
2021-06-14 09:39:44,4349.7,129837
2021-06-14 09:39:44,4350.0,130258
2021-06-14 09:39:45,4351.8,130466
2021-06-14 09:39:47,4350.0,130469
2021-06-14 09:39:47,4352.1,130549
2021-06-14 09:39:49,4353.95,131680
2021-06-14 09:39:49,4354.55,131681
2021-06-14 09:39:51,4352.2,131683
2021-06-14 09:39:54,4354.7,131781
2021-06-14 09:39:55,4355.0,131793
2021-06-14 09:39:56,4355.0,131793
2021-06-14 09:39:57,4354.55,131808
2021-06-14 09:39:58,4355.0,131812
2021-06-14 09:39:59,4354.55,131833
2021-06-14 09:40:00,4355.0,131917
2021-06-14 09:40:01,4354.55,131983
2021-06-14 09:40:02,4354.55,132023
2021-06-14 09:40:03,4354.55,132023
2021-06-14 09:40:04,4354.55,132030
2021-06-14 09:40:05,4354.55,132032
2021-06-14 09:40:06,4355.0,132082
2021-06-14 09:40:07,4354.55,132087
2021-06-14 09:40:08,4355.0,132309
2021-06-14 09:40:09,4355.0,132309
2021-06-14 09:40:10,4355.0,132309
2021-06-14 09:40:11,4355.0,132509
2021-06-14 09:40:12,4355.0,132509
2021-06-14 09:40:13,4354.55,132610
2021-06-14 09:40:14,4354.95,132630
2021-06-14 09:40:15,4354.65,134156
2021-06-14 09:40:16,4354.65,134156
2021-06-14 09:40:17,4359.0,134277
2021-06-14 09:40:18,4356.75,134374
2021-06-14 09:40:19,4356.75,134397
2021-06-14 09:40:20,4358.45,134402
2021-06-14 09:40:22,4356.6,134478
2021-06-14 09:40:23,4356.35,134591
2021-06-14 09:40:24,4354.55,134685
2021-06-14 09:40:27,4354.0,134782
2021-06-14 09:40:29,4352.15,134837
2021-06-14 09:40:30,4349.5,135177
2021-06-14 09:40:31,4351.2,135195
2021-06-14 09:40:32,4351.2,135195
2021-06-14 09:40:34,4356.15,135316
2021-06-14 09:40:35,4354.45,135318
2021-06-14 09:40:36,4354.45,135320
2021-06-14 09:40:38,4356.3,135325
2021-06-14 09:40:38,4356.3,135325
2021-06-14 09:40:40,4356.3,135325
2021-06-14 09:40:41,4352.0,135725
2021-06-14 09:40:42,4354.0,135763
2021-06-14 09:40:42,4355.45,135766
2021-06-14 09:40:44,4353.6,135809
2021-06-14 09:40:46,4352.45,135879
2021-06-14 09:40:47,4354.15,135949
2021-06-14 09:40:48,4354.1,136090
2021-06-14 09:40:49,4354.5,136100
2021-06-14 09:40:50,4354.5,136100
2021-06-14 09:40:51,4354.5,136100
2021-06-14 09:40:53,4352.45,136134
2021-06-14 09:40:54,4354.95,136177
2021-06-14 09:40:55,4352.7,136178
2021-06-14 09:40:56,4352.7,136178
2021-06-14 09:40:57,4352.4,136183
2021-06-14 09:40:58,4354.0,136226
2021-06-14 09:40:59,4354.0,136473
2021-06-14 09:41:00,4354.0,136599
2021-06-14 09:41:01,4354.0,136599
2021-06-14 09:41:02,4354.0,136599
2021-06-14 09:41:02,4354.0,136599
2021-06-14 09:41:03,4354.0,136599
2021-06-14 09:41:04,4356.0,136609
2021-06-14 09:41:06,4356.0,136609
2021-06-14 09:41:07,4356.0,136617
2021-06-14 09:41:07,4354.0,136627
2021-06-14 09:41:08,4354.0,136627
2021-06-14 09:41:10,4356.0,136643
2021-06-14 09:41:11,4356.0,136643
2021-06-14 09:41:11,4356.0,136643
2021-06-14 09:41:13,4354.05,136758
2021-06-14 09:41:15,4356.2,136818
2021-06-14 09:41:16,4356.2,136880
2021-06-14 09:41:17,4357.0,137001
2021-06-14 09:41:18,4356.2,137002
2021-06-14 09:41:18,4356.2,137017
2021-06-14 09:41:19,4356.2,137017
2021-06-14 09:41:20,4356.25,137018
2021-06-14 09:41:21,4358.0,137019
2021-06-14 09:41:23,4358.0,137070
2021-06-14 09:41:24,4358.0,137070
2021-06-14 09:41:25,4356.2,137090
2021-06-14 09:41:26,4358.0,137091
2021-06-14 09:41:27,4358.0,137362
2021-06-14 09:41:28,4358.0,137382
2021-06-14 09:41:28,4358.0,137382
2021-06-14 09:41:29,4358.0,137382
2021-06-14 09:41:31,4359.0,137838
2021-06-14 09:41:33,4359.0,138079
2021-06-14 09:41:34,4359.0,138129
2021-06-14 09:41:35,4359.85,138140
2021-06-14 09:41:36,4360.0,138290
2021-06-14 09:41:37,4360.0,138290
2021-06-14 09:41:38,4358.3,138300
2021-06-14 09:41:39,4359.8,138375
2021-06-14 09:41:40,4359.8,138375
2021-06-14 09:41:41,4358.3,138458
2021-06-14 09:41:42,4360.0,138464
2021-06-14 09:41:43,4360.0,138490
2021-06-14 09:41:43,4360.0,138500
2021-06-14 09:41:45,4360.0,138539
2021-06-14 09:41:46,4360.0,138539
2021-06-14 09:41:47,4366.95,139852
2021-06-14 09:41:48,4365.6,139864
2021-06-14 09:41:49,4365.6,139914
2021-06-14 09:41:50,4365.75,139966
2021-06-14 09:41:51,4365.15,140044
2021-06-14 09:41:52,4366.1,140062
2021-06-14 09:41:53,4366.4,140063
2021-06-14 09:41:54,4363.65,140143
2021-06-14 09:41:54,4360.95,140145
2021-06-14 09:41:56,4363.3,140153
2021-06-14 09:41:57,4363.3,140204
2021-06-14 09:41:58,4363.3,140209
2021-06-14 09:41:59,4363.3,140254
2021-06-14 09:42:00,4363.25,140305
2021-06-14 09:42:01,4361.6,140343
2021-06-14 09:42:02,4363.75,140411
2021-06-14 09:42:03,4363.0,140488
2021-06-14 09:42:04,4363.0,140488
2021-06-14 09:42:05,4366.0,140851
2021-06-14 09:42:06,4367.9,140896
2021-06-14 09:42:07,4365.15,140899
2021-06-14 09:42:08,4365.15,140899
2021-06-14 09:42:09,4368.4,140954
2021-06-14 09:42:10,4368.05,141009
2021-06-14 09:42:11,4368.1,141027
2021-06-14 09:42:14,4367.65,141049
2021-06-14 09:42:15,4368.7,141241
2021-06-14 09:42:16,4368.4,141256
2021-06-14 09:42:17,4364.0,141548
2021-06-14 09:42:18,4364.0,141548
2021-06-14 09:42:19,4364.05,141632
2021-06-14 09:42:20,4365.4,141642
2021-06-14 09:42:21,4363.85,141662
2021-06-14 09:42:21,4363.85,141662
2021-06-14 09:42:22,4363.85,141662
2021-06-14 09:42:23,4366.45,141664
2021-06-14 09:42:25,4366.45,141668
2021-06-14 09:42:26,4364.1,141673
2021-06-14 09:42:28,4364.1,141803
2021-06-14 09:42:29,4364.15,141816
2021-06-14 09:42:30,4364.25,141826
2021-06-14 09:42:31,4367.9,141846
2021-06-14 09:42:32,4365.2,141875
2021-06-14 09:42:32,4366.95,142025
2021-06-14 09:42:33,4367.25,142072
2021-06-14 09:42:34,4366.9,142138
2021-06-14 09:42:35,4366.9,142138
2021-06-14 09:42:36,4366.7,142162
2021-06-14 09:42:37,4366.7,142162
2021-06-14 09:42:38,4366.45,142218
2021-06-14 09:42:39,4366.6,142249
2021-06-14 09:42:41,4366.2,142272
2021-06-14 09:42:42,4365.0,142276
2021-06-14 09:42:43,4366.45,142291
2021-06-14 09:42:44,4366.45,142291
2021-06-14 09:42:44,4366.45,142291
2021-06-14 09:42:46,4364.05,142501
2021-06-14 09:42:47,4364.05,142501
2021-06-14 09:42:47,4364.05,142501
2021-06-14 09:42:49,4365.2,142513
2021-06-14 09:42:49,4365.0,142523
2021-06-14 09:42:50,4364.0,142536
2021-06-14 09:42:51,4364.0,142536
2021-06-14 09:42:52,4363.8,142537
2021-06-14 09:42:54,4363.8,142568
2021-06-14 09:42:55,4363.8,142569
2021-06-14 09:42:56,4363.7,142653
2021-06-14 09:42:58,4363.7,142653
2021-06-14 09:42:59,4361.4,142753
2021-06-14 09:43:00,4361.5,142814
2021-06-14 09:43:01,4361.5,142814
2021-06-14 09:43:02,4356.2,143121
2021-06-14 09:43:03,4357.55,143146
2021-06-14 09:43:04,4355.4,143184
2021-06-14 09:43:05,4354.05,143191
2021-06-14 09:43:05,4355.4,143184
2021-06-14 09:43:07,4354.5,143482
2021-06-14 09:43:08,4353.2,143682
2021-06-14 09:43:09,4353.2,143682
2021-06-14 09:43:10,4353.7,143737
2021-06-14 09:43:11,4353.7,143748
2021-06-14 09:43:11,4356.0,143787
2021-06-14 09:43:13,4353.8,143824
2021-06-14 09:43:13,4353.7,143874
2021-06-14 09:43:14,4353.7,143875
2021-06-14 09:43:16,4353.7,143909
2021-06-14 09:43:16,4353.7,143909
2021-06-14 09:43:17,4355.0,144009
2021-06-14 09:43:19,4355.0,144009
2021-06-14 09:43:20,4355.0,144009
2021-06-14 09:43:21,4356.5,144073
2021-06-14 09:43:22,4354.65,144101
2021-06-14 09:43:23,4357.55,144118
2021-06-14 09:43:24,4354.95,144198
2021-06-14 09:43:24,4354.95,144198
2021-06-14 09:43:25,4354.95,144198
2021-06-14 09:43:27,4355.2,144220
2021-06-14 09:43:28,4357.85,144222
2021-06-14 09:43:28,4357.85,144222
2021-06-14 09:43:30,4355.0,144234
2021-06-14 09:43:31,4358.75,144236
2021-06-14 09:43:32,4358.75,144236
2021-06-14 09:43:32,4358.75,144236
2021-06-14 09:43:35,4359.8,144328
2021-06-14 09:43:36,4359.8,144328
2021-06-14 09:43:38,4357.35,144344
2021-06-14 09:43:39,4357.35,144344
2021-06-14 09:43:40,4359.95,144345
2021-06-14 09:43:41,4359.95,144345
2021-06-14 09:43:42,4359.95,144345
2021-06-14 09:43:43,4359.95,144345
2021-06-14 09:43:44,4359.95,144345
2021-06-14 09:43:45,4359.7,144377
2021-06-14 09:43:46,4359.7,144379
2021-06-14 09:43:47,4359.5,144390
2021-06-14 09:43:48,4359.5,144390
2021-06-14 09:43:49,4359.5,144390
2021-06-14 09:43:50,4359.5,144421
2021-06-14 09:43:51,4357.55,144431
2021-06-14 09:43:52,4357.55,144431
2021-06-14 09:43:55,4359.0,144483
2021-06-14 09:43:57,4359.0,144517
2021-06-14 09:43:58,4359.0,144521
2021-06-14 09:43:59,4359.0,144536
2021-06-14 09:44:00,4359.0,144536
2021-06-14 09:44:01,4359.0,144552
2021-06-14 09:44:02,4359.0,144552
2021-06-14 09:44:03,4360.0,144553
2021-06-14 09:44:04,4360.0,144553
2021-06-14 09:44:05,4360.0,144558
2021-06-14 09:44:06,4360.0,144559
2021-06-14 09:44:07,4359.0,144569
2021-06-14 09:44:08,4359.0,144569
2021-06-14 09:44:09,4359.0,144569
2021-06-14 09:44:10,4359.0,144569
2021-06-14 09:44:12,4359.0,144569
2021-06-14 09:44:13,4359.95,144574
2021-06-14 09:44:14,4359.95,144588
2021-06-14 09:44:15,4359.95,144588
2021-06-14 09:44:16,4359.95,144594
2021-06-14 09:44:17,4359.95,144628
2021-06-14 09:44:18,4359.05,144630
2021-06-14 09:44:19,4359.95,144635
2021-06-14 09:44:21,4359.0,144713
2021-06-14 09:44:22,4359.0,144713
2021-06-14 09:44:23,4359.0,144713
2021-06-14 09:44:24,4359.0,144713
2021-06-14 09:44:25,4359.95,144763
2021-06-14 09:44:26,4359.0,144774
2021-06-14 09:44:27,4359.0,144790
2021-06-14 09:44:28,4359.0,144790
2021-06-14 09:44:29,4359.0,144790
2021-06-14 09:44:30,4359.0,144797
2021-06-14 09:44:31,4359.0,144797
2021-06-14 09:44:32,4359.0,144797
2021-06-14 09:44:33,4359.0,144797
2021-06-14 09:44:34,4359.1,144807
2021-06-14 09:44:35,4359.1,144807
2021-06-14 09:44:36,4359.95,144834
2021-06-14 09:44:37,4359.95,144834
2021-06-14 09:44:38,4359.95,144843
2021-06-14 09:44:40,4359.95,144844
2021-06-14 09:44:41,4359.1,144869
2021-06-14 09:44:42,4360.0,144982
2021-06-14 09:44:43,4359.95,145027
2021-06-14 09:44:44,4360.0,145143
2021-06-14 09:44:45,4360.0,145143
2021-06-14 09:44:46,4360.0,145143
2021-06-14 09:44:47,4360.0,145143
2021-06-14 09:44:49,4360.0,145216
2021-06-14 09:44:50,4360.0,145216
2021-06-14 09:44:51,4359.1,145223
2021-06-14 09:44:52,4359.1,145223
2021-06-14 09:44:53,4357.85,145342
2021-06-14 09:44:54,4357.85,145342
2021-06-14 09:44:55,4357.25,145405
2021-06-14 09:44:56,4358.05,145406
2021-06-14 09:44:57,4358.05,145406
2021-06-14 09:44:58,4358.7,145459
2021-06-14 09:44:59,4358.7,145459
2021-06-14 09:45:01,4358.0,145509
2021-06-14 09:45:02,4359.0,145513
2021-06-14 09:45:03,4359.0,145513
2021-06-14 09:45:04,4359.0,145513
2021-06-14 09:45:05,4357.35,145563
2021-06-14 09:45:06,4357.35,145572
2021-06-14 09:45:07,4357.35,145572
2021-06-14 09:45:08,4358.9,145583
2021-06-14 09:45:09,4358.9,145583
2021-06-14 09:45:10,4360.0,145650
2021-06-14 09:45:11,4362.45,145750
2021-06-14 09:45:12,4362.45,145750
2021-06-14 09:45:13,4362.45,145750
2021-06-14 09:45:14,4361.35,145775
2021-06-14 09:45:15,4361.35,145775
2021-06-14 09:45:16,4359.95,145870
2021-06-14 09:45:17,4361.2,145979
2021-06-14 09:45:18,4361.2,145979
2021-06-14 09:45:20,4361.2,146094
2021-06-14 09:45:21,4361.65,146098
2021-06-14 09:45:23,4361.65,146098
2021-06-14 09:45:24,4360.0,146403
2021-06-14 09:45:25,4357.4,146414
2021-06-14 09:45:26,4360.35,146439
2021-06-14 09:45:27,4360.35,146439
2021-06-14 09:45:29,4360.25,146440
2021-06-14 09:45:30,4357.7,146450
2021-06-14 09:45:31,4357.7,146450
2021-06-14 09:45:32,4357.7,146450
2021-06-14 09:45:34,4357.7,146450
2021-06-14 09:45:35,4360.35,146452
2021-06-14 09:45:36,4360.35,146452
2021-06-14 09:45:37,4357.8,146476
2021-06-14 09:45:39,4359.95,146495
2021-06-14 09:45:40,4359.95,146495
2021-06-14 09:45:41,4359.95,146495
2021-06-14 09:45:42,4357.8,146506
2021-06-14 09:45:43,4357.8,146535
2021-06-14 09:45:44,4357.8,146535
2021-06-14 09:45:45,4357.8,146535
2021-06-14 09:45:46,4357.8,146535
2021-06-14 09:45:47,4357.8,146535
2021-06-14 09:45:48,4357.8,146535
2021-06-14 09:45:50,4357.8,146542
2021-06-14 09:45:51,4357.8,146542
2021-06-14 09:45:52,4357.8,146542
2021-06-14 09:45:53,4357.8,146542
2021-06-14 09:45:53,4357.8,146542
2021-06-14 09:45:55,4357.8,146542
2021-06-14 09:45:56,4359.8,146543
2021-06-14 09:45:57,4357.8,146544
2021-06-14 09:45:57,4357.8,146545
2021-06-14 09:45:59,4358.0,146586
2021-06-14 09:46:00,4357.8,146591
2021-06-14 09:46:01,4357.8,146591
2021-06-14 09:46:01,4358.0,146593
2021-06-14 09:46:02,4358.0,146608
2021-06-14 09:46:04,4358.0,146633
2021-06-14 09:46:04,4358.0,146633
2021-06-14 09:46:05,4358.0,146644
2021-06-14 09:46:06,4358.0,146644
2021-06-14 09:46:07,4358.0,146785
2021-06-14 09:46:09,4359.8,146818
2021-06-14 09:46:10,4359.8,146818
2021-06-14 09:46:12,4358.05,146819
2021-06-14 09:46:13,4358.05,146819
2021-06-14 09:46:12,4358.05,146819
2021-06-14 09:46:14,4358.05,146819
2021-06-14 09:46:15,4360.2,147067
2021-06-14 09:46:16,4360.2,147068
2021-06-14 09:46:18,4362.0,147088
2021-06-14 09:46:19,4362.0,147088
2021-06-14 09:46:20,4362.0,147190
2021-06-14 09:46:21,4362.0,147190
2021-06-14 09:46:22,4364.95,147192
2021-06-14 09:46:23,4367.0,147396
2021-06-14 09:46:24,4367.0,147427
2021-06-14 09:46:25,4367.9,147497
2021-06-14 09:46:26,4367.9,147497
2021-06-14 09:46:27,4367.9,147497
2021-06-14 09:46:29,4365.4,147525
2021-06-14 09:46:29,4365.4,147525
2021-06-14 09:46:30,4365.4,147525
2021-06-14 09:46:32,4367.75,147584
2021-06-14 09:46:32,4367.65,147577
2021-06-14 09:46:33,4365.6,147594
2021-06-14 09:46:34,4365.3,147694
2021-06-14 09:46:35,4367.85,147696
2021-06-14 09:46:37,4368.6,147698
2021-06-14 09:46:38,4367.0,147785
2021-06-14 09:46:40,4368.75,147789
2021-06-14 09:46:42,4367.0,147856
2021-06-14 09:46:43,4367.0,147856
2021-06-14 09:46:44,4368.9,147888
2021-06-14 09:46:45,4368.9,147890
2021-06-14 09:46:46,4368.9,147890
2021-06-14 09:46:47,4369.0,147919
2021-06-14 09:46:48,4369.0,147919
2021-06-14 09:46:49,4369.0,147919
2021-06-14 09:46:50,4368.95,147934
2021-06-14 09:46:51,4368.4,147954
2021-06-14 09:46:52,4368.95,147985
2021-06-14 09:46:53,4368.95,147997
2021-06-14 09:46:54,4369.0,148067
2021-06-14 09:46:55,4367.0,148077
2021-06-14 09:46:56,4367.0,148077
2021-06-14 09:46:58,4369.85,148337
2021-06-14 09:46:59,4368.0,148338
2021-06-14 09:47:00,4369.7,148340
2021-06-14 09:47:01,4370.7,148761
2021-06-14 09:47:01,4369.5,148763
2021-06-14 09:47:02,4371.55,148853
2021-06-14 09:47:04,4372.0,148890
2021-06-14 09:47:05,4371.85,148959
2021-06-14 09:47:06,4371.65,149041
2021-06-14 09:47:07,4373.9,149063
2021-06-14 09:47:08,4375.0,149263
2021-06-14 09:47:09,4374.5,149275
2021-06-14 09:47:10,4373.9,149295
2021-06-14 09:47:11,4373.9,149295
2021-06-14 09:47:12,4373.9,149295
2021-06-14 09:47:13,4371.95,149592
2021-06-14 09:47:14,4371.95,149592
2021-06-14 09:47:15,4373.45,149632
2021-06-14 09:47:16,4373.7,149675
2021-06-14 09:47:17,4374.2,149690
2021-06-14 09:47:18,4374.4,149867
2021-06-14 09:47:19,4372.85,149877
2021-06-14 09:47:21,4372.95,150006
2021-06-14 09:47:22,4372.95,150008
2021-06-14 09:47:23,4373.9,150033
2021-06-14 09:47:24,4373.9,150138
2021-06-14 09:47:25,4372.1,150148
2021-06-14 09:47:26,4372.1,150148
2021-06-14 09:47:27,4374.9,150186
2021-06-14 09:47:29,4374.9,150186
2021-06-14 09:47:30,4373.2,150223
2021-06-14 09:47:31,4373.2,150223
2021-06-14 09:47:32,4374.2,150748
2021-06-14 09:47:33,4375.0,150768
2021-06-14 09:47:34,4375.0,150770
2021-06-14 09:47:35,4375.0,150890
2021-06-14 09:47:36,4374.05,150916
2021-06-14 09:47:37,4375.0,150947
2021-06-14 09:47:39,4374.05,150974
2021-06-14 09:47:41,4370.15,151726
2021-06-14 09:47:42,4370.0,151781
2021-06-14 09:47:42,4371.8,151738
2021-06-14 09:47:43,4370.0,151781
2021-06-14 09:47:45,4370.0,151781
2021-06-14 09:47:46,4370.0,151781
2021-06-14 09:47:46,4370.0,151781
2021-06-14 09:47:48,4370.0,151786
2021-06-14 09:47:48,4370.0,151826
2021-06-14 09:47:49,4370.0,151826
2021-06-14 09:47:50,4370.0,151831
2021-06-14 09:47:52,4370.0,151831
2021-06-14 09:47:52,4370.0,151831
2021-06-14 09:47:54,4371.8,151858
2021-06-14 09:47:55,4372.75,151873
2021-06-14 09:47:56,4371.3,151878
2021-06-14 09:47:57,4371.3,151878
2021-06-14 09:47:58,4371.15,151886
2021-06-14 09:47:59,4369.2,152239
2021-06-14 09:48:00,4370.0,152240
2021-06-14 09:48:01,4370.1,152243
2021-06-14 09:48:03,4370.1,152243
2021-06-14 09:48:04,4370.1,152508
2021-06-14 09:48:06,4370.4,152529
2021-06-14 09:48:07,4370.4,152529
2021-06-14 09:48:07,4370.4,152549
2021-06-14 09:48:08,4370.4,152549
2021-06-14 09:48:09,4370.1,152611
2021-06-14 09:48:10,4370.4,152614
2021-06-14 09:48:11,4370.4,152617
2021-06-14 09:48:12,4371.0,152620
2021-06-14 09:48:13,4370.4,152623
2021-06-14 09:48:14,4370.4,152625
2021-06-14 09:48:15,4370.4,152648
2021-06-14 09:48:16,4370.4,152648
2021-06-14 09:48:17,4371.0,152658
2021-06-14 09:48:18,4370.4,152688
2021-06-14 09:48:19,4370.4,152688
2021-06-14 09:48:20,4370.4,152688
2021-06-14 09:48:21,4371.0,152690
2021-06-14 09:48:22,4370.4,152710
2021-06-14 09:48:24,4370.4,152753
2021-06-14 09:48:25,4370.4,152753
2021-06-14 09:48:27,4370.4,152763
2021-06-14 09:48:28,4370.4,152765
2021-06-14 09:48:30,4371.0,152770
2021-06-14 09:48:31,4370.4,153054
2021-06-14 09:48:32,4370.4,153054
2021-06-14 09:48:33,4370.4,153066
2021-06-14 09:48:34,4371.0,153070
2021-06-14 09:48:35,4370.45,153135
2021-06-14 09:48:36,4370.45,153150
2021-06-14 09:48:37,4370.45,153150
2021-06-14 09:48:38,4370.45,153150
2021-06-14 09:48:39,4370.45,153150
2021-06-14 09:48:39,4370.45,153150
2021-06-14 09:48:40,4370.5,153205
2021-06-14 09:48:41,4370.5,153205
2021-06-14 09:48:42,4370.5,153210
2021-06-14 09:48:43,4370.5,153210
2021-06-14 09:48:45,4371.0,153278
2021-06-14 09:48:45,4371.0,153279
2021-06-14 09:48:47,4371.0,153279
2021-06-14 09:48:47,4371.0,153287
2021-06-14 09:48:49,4371.0,153317
2021-06-14 09:48:50,4371.0,153317
2021-06-14 09:48:52,4371.0,153348
2021-06-14 09:48:53,4371.0,153373
2021-06-14 09:48:54,4371.0,153925
2021-06-14 09:48:55,4372.95,153993
2021-06-14 09:48:56,4371.0,154009
2021-06-14 09:48:57,4371.0,154009
2021-06-14 09:48:58,4371.05,154014
2021-06-14 09:48:59,4371.05,154014
2021-06-14 09:49:00,4371.05,154014
2021-06-14 09:49:01,4371.0,154015
2021-06-14 09:49:03,4371.0,154126
2021-06-14 09:49:04,4371.0,154126
2021-06-14 09:49:06,4371.05,154167
2021-06-14 09:49:07,4371.05,154167
2021-06-14 09:49:08,4373.6,154178
2021-06-14 09:49:09,4374.6,154183
2021-06-14 09:49:09,4374.6,154183
2021-06-14 09:49:10,4374.6,154183
2021-06-14 09:49:12,4373.15,154184
2021-06-14 09:49:13,4374.9,154244
2021-06-14 09:49:15,4375.0,154263
2021-06-14 09:49:15,4375.0,154263
2021-06-14 09:49:16,4375.0,154263
2021-06-14 09:49:17,4375.0,154263
2021-06-14 09:49:18,4373.15,154413
2021-06-14 09:49:20,4374.0,154550
2021-06-14 09:49:21,4374.0,154565
2021-06-14 09:49:22,4374.0,154583
2021-06-14 09:49:24,4374.0,154603
2021-06-14 09:49:24,4374.95,154604
2021-06-14 09:49:26,4375.0,154632
2021-06-14 09:49:27,4373.3,154732
2021-06-14 09:49:28,4375.0,154982
2021-06-14 09:49:28,4375.0,154997
2021-06-14 09:49:29,4375.0,154997
2021-06-14 09:49:32,4378.0,157306
2021-06-14 09:49:34,4375.05,158336
2021-06-14 09:49:36,4375.3,158363
2021-06-14 09:49:37,4375.3,158363
2021-06-14 09:49:37,4377.9,158393
2021-06-14 09:49:39,4375.8,158420
2021-06-14 09:49:40,4376.15,158597
2021-06-14 09:49:41,4376.15,158597
2021-06-14 09:49:42,4376.2,158599
2021-06-14 09:49:43,4378.7,158602
2021-06-14 09:49:44,4378.25,158637
2021-06-14 09:49:45,4378.7,158645
2021-06-14 09:49:46,4377.75,158647
2021-06-14 09:49:47,4377.75,158649
2021-06-14 09:49:48,4379.55,158662
2021-06-14 09:49:49,4375.65,158960
2021-06-14 09:49:50,4377.3,159070
2021-06-14 09:49:51,4377.35,159085
2021-06-14 09:49:52,4377.8,159110
2021-06-14 09:49:53,4377.75,159117
2021-06-14 09:49:54,4376.15,159183
2021-06-14 09:49:55,4376.0,159225
2021-06-14 09:49:56,4373.3,159499
2021-06-14 09:49:58,4373.95,159501
2021-06-14 09:49:59,4373.95,159501
2021-06-14 09:50:00,4373.95,159521
2021-06-14 09:50:01,4374.0,159522
2021-06-14 09:50:01,4374.5,159527
2021-06-14 09:50:03,4374.65,159548
2021-06-14 09:50:03,4374.75,159550
2021-06-14 09:50:05,4375.15,159562
2021-06-14 09:50:05,4373.95,159567
2021-06-14 09:50:07,4373.95,159567
2021-06-14 09:50:08,4375.3,159579
2021-06-14 09:50:10,4372.9,159695
2021-06-14 09:50:11,4373.25,159725
2021-06-14 09:50:12,4372.8,159755
2021-06-14 09:50:13,4374.85,159759
2021-06-14 09:50:14,4373.95,159764
2021-06-14 09:50:15,4375.0,159765
2021-06-14 09:50:17,4372.7,159779
2021-06-14 09:50:18,4374.4,159789
2021-06-14 09:50:19,4374.9,159790
2021-06-14 09:50:20,4374.95,159852
2021-06-14 09:50:21,4374.95,159852
2021-06-14 09:50:22,4373.35,160553
2021-06-14 09:50:23,4374.7,160578
2021-06-14 09:50:24,4377.0,160586
2021-06-14 09:50:25,4378.7,160662
2021-06-14 09:50:26,4377.15,160672
2021-06-14 09:50:27,4378.6,160761
2021-06-14 09:50:28,4378.7,160869
2021-06-14 09:50:29,4379.95,160995
2021-06-14 09:50:30,4382.35,162030
2021-06-14 09:50:31,4383.0,162070
2021-06-14 09:50:32,4381.95,162204
2021-06-14 09:50:33,4381.95,162211
2021-06-14 09:50:34,4381.95,162211
2021-06-14 09:50:35,4382.3,162216
2021-06-14 09:50:36,4384.8,162246
2021-06-14 09:50:37,4382.85,162251
2021-06-14 09:50:38,4385.0,162480
2021-06-14 09:50:39,4384.95,162486
2021-06-14 09:50:40,4385.0,162526
2021-06-14 09:50:41,4385.0,162536
2021-06-14 09:50:42,4382.5,162628
2021-06-14 09:50:43,4383.75,162799
2021-06-14 09:50:44,4383.85,162819
2021-06-14 09:50:45,4383.85,162819
2021-06-14 09:50:46,4383.1,162835
2021-06-14 09:50:47,4383.15,162867
2021-06-14 09:50:47,4384.8,162987
2021-06-14 09:50:49,4384.7,163191
2021-06-14 09:50:50,4384.55,163196
2021-06-14 09:50:51,4382.1,163326
2021-06-14 09:50:52,4383.1,163330
2021-06-14 09:50:53,4383.1,163375
2021-06-14 09:50:54,4383.1,163394
2021-06-14 09:50:55,4384.0,163402
2021-06-14 09:50:57,4383.15,163773
2021-06-14 09:50:58,4383.0,163780
2021-06-14 09:50:59,4383.0,163780
2021-06-14 09:51:00,4383.1,163783
2021-06-14 09:51:01,4383.5,164100
2021-06-14 09:51:02,4385.0,164105
2021-06-14 09:51:03,4385.0,164147
2021-06-14 09:51:04,4385.0,164181
2021-06-14 09:51:05,4384.7,164210
2021-06-14 09:51:06,4382.0,164815
2021-06-14 09:51:07,4378.45,165325
2021-06-14 09:51:08,4380.0,165337
2021-06-14 09:51:09,4381.3,165566
2021-06-14 09:51:10,4378.45,165576
2021-06-14 09:51:11,4380.75,165581
2021-06-14 09:51:12,4382.7,165831
2021-06-14 09:51:13,4379.1,165836
2021-06-14 09:51:15,4379.1,165866
2021-06-14 09:51:16,4382.55,165868
2021-06-14 09:51:18,4382.3,165878
2021-06-14 09:51:19,4382.3,165878
2021-06-14 09:51:20,4380.0,165892
2021-06-14 09:51:21,4382.0,165907
2021-06-14 09:51:22,4382.0,165907
2021-06-14 09:51:23,4379.6,166026
2021-06-14 09:51:24,4379.6,166026
2021-06-14 09:51:25,4381.5,166081
2021-06-14 09:51:26,4380.3,166106
2021-06-14 09:51:27,4380.9,166138
2021-06-14 09:51:27,4379.0,166158
2021-06-14 09:51:28,4379.1,166160
2021-06-14 09:51:29,4379.1,166160
2021-06-14 09:51:30,4379.1,166164
2021-06-14 09:51:32,4380.0,166184
2021-06-14 09:51:32,4380.95,166300
2021-06-14 09:51:34,4378.2,166394
2021-06-14 09:51:35,4380.55,166504
2021-06-14 09:51:37,4379.1,166649
2021-06-14 09:51:38,4377.15,166674
2021-06-14 09:51:39,4379.9,166751
2021-06-14 09:51:40,4380.0,166761
2021-06-14 09:51:41,4380.0,166761
2021-06-14 09:51:42,4377.9,166778
2021-06-14 09:51:43,4377.6,166803
2021-06-14 09:51:44,4379.95,166808
2021-06-14 09:51:45,4379.95,166843
2021-06-14 09:51:46,4379.95,166862
2021-06-14 09:51:46,4379.95,166862
2021-06-14 09:51:49,4378.0,166953
2021-06-14 09:51:50,4378.0,166953
2021-06-14 09:51:51,4377.1,166984
2021-06-14 09:51:53,4379.85,167044
2021-06-14 09:51:54,4379.65,167077
2021-06-14 09:51:55,4377.95,167093
2021-06-14 09:51:56,4377.95,167095
2021-06-14 09:51:57,4377.95,167095
2021-06-14 09:51:58,4377.95,167095
2021-06-14 09:51:59,4377.95,167095
2021-06-14 09:52:00,4374.85,167477
2021-06-14 09:52:01,4379.45,167487
2021-06-14 09:52:02,4379.4,167528
2021-06-14 09:52:04,4377.0,167529
2021-06-14 09:52:05,4377.0,167529
2021-06-14 09:52:05,4377.0,167529
2021-06-14 09:52:06,4377.0,167530
2021-06-14 09:52:07,4378.3,167535
2021-06-14 09:52:09,4377.0,167556
2021-06-14 09:52:10,4379.55,167805
2021-06-14 09:52:11,4379.75,167813
2021-06-14 09:52:12,4379.75,167817
2021-06-14 09:52:13,4375.95,167926
2021-06-14 09:52:14,4379.0,167931
2021-06-14 09:52:15,4377.05,167934
2021-06-14 09:52:16,4377.05,167944
2021-06-14 09:52:18,4379.1,168136
2021-06-14 09:52:19,4379.1,168136
2021-06-14 09:52:20,4379.1,168136
2021-06-14 09:52:21,4379.1,168136
2021-06-14 09:52:22,4379.1,168136
2021-06-14 09:52:23,4379.35,168140
2021-06-14 09:52:24,4379.35,168140
2021-06-14 09:52:25,4377.0,168279
2021-06-14 09:52:26,4376.75,168281
2021-06-14 09:52:27,4375.3,168298
2021-06-14 09:52:28,4375.3,168300
2021-06-14 09:52:29,4375.3,168300
2021-06-14 09:52:30,4375.3,168300
2021-06-14 09:52:32,4376.9,168497
2021-06-14 09:52:31,4376.95,168482
2021-06-14 09:52:33,4375.3,168508
2021-06-14 09:52:34,4377.0,168629
2021-06-14 09:52:35,4377.0,168629
2021-06-14 09:52:36,4376.8,168789
2021-06-14 09:52:37,4376.8,168789
2021-06-14 09:52:38,4376.8,168789
2021-06-14 09:52:39,4376.95,168795
2021-06-14 09:52:40,4376.95,168795
2021-06-14 09:52:41,4376.95,168795
2021-06-14 09:52:42,4376.55,168846
2021-06-14 09:52:43,4376.55,168866
2021-06-14 09:52:45,4375.6,168884
2021-06-14 09:52:44,4375.6,168884
2021-06-14 09:52:46,4375.6,168884
2021-06-14 09:52:47,4376.6,168896
2021-06-14 09:52:48,4373.8,169015
2021-06-14 09:52:49,4373.9,169020
2021-06-14 09:52:50,4373.9,169020
2021-06-14 09:52:52,4373.9,169061
2021-06-14 09:52:53,4377.2,169211
2021-06-14 09:52:54,4376.85,169236
2021-06-14 09:52:56,4374.25,169321
2021-06-14 09:52:56,4374.25,169321
2021-06-14 09:52:57,4376.7,169333
2021-06-14 09:52:58,4375.0,169336
2021-06-14 09:52:59,4375.0,169336
2021-06-14 09:53:01,4375.0,169344
2021-06-14 09:53:01,4376.6,169446
2021-06-14 09:53:03,4376.95,169456
2021-06-14 09:53:05,4375.4,169607
2021-06-14 09:53:07,4378.9,169608
2021-06-14 09:53:08,4378.9,169616
2021-06-14 09:53:09,4376.8,169629
2021-06-14 09:53:10,4377.15,169637
2021-06-14 09:53:11,4376.0,169652
2021-06-14 09:53:12,4375.9,169732
2021-06-14 09:53:13,4375.9,169732
2021-06-14 09:53:14,4375.25,169762
2021-06-14 09:53:15,4375.25,169762
2021-06-14 09:53:16,4377.0,169772
2021-06-14 09:53:16,4377.0,169772
2021-06-14 09:53:17,4377.0,169797
2021-06-14 09:53:20,4377.0,169847
2021-06-14 09:53:21,4375.4,169849
2021-06-14 09:53:22,4375.4,169849
2021-06-14 09:53:22,4375.4,169853
2021-06-14 09:53:24,4377.0,169883
2021-06-14 09:53:25,4375.7,169886
2021-06-14 09:53:26,4375.7,169886
2021-06-14 09:53:27,4377.95,169958
2021-06-14 09:53:27,4377.95,169958
2021-06-14 09:53:28,4377.0,169984
2021-06-14 09:53:29,4375.65,170059
2021-06-14 09:53:30,4375.65,170059
2021-06-14 09:53:32,4375.45,170068
2021-06-14 09:53:34,4377.0,170071
2021-06-14 09:53:35,4377.0,170071
2021-06-14 09:53:36,4377.0,170071
2021-06-14 09:53:37,4376.95,170091
2021-06-14 09:53:38,4376.95,170096
2021-06-14 09:53:39,4376.95,170096
2021-06-14 09:53:40,4377.0,170284
2021-06-14 09:53:41,4377.9,170404
2021-06-14 09:53:42,4377.9,170404
2021-06-14 09:53:42,4377.9,170404
2021-06-14 09:53:44,4377.7,170658
2021-06-14 09:53:45,4377.7,170658
2021-06-14 09:53:46,4377.95,170708
2021-06-14 09:53:47,4375.8,170721
2021-06-14 09:53:48,4377.0,170726
2021-06-14 09:53:49,4377.0,170738
2021-06-14 09:53:50,4377.0,170739
2021-06-14 09:53:51,4377.0,170739
2021-06-14 09:53:52,4377.0,170739
2021-06-14 09:53:53,4377.9,170752
2021-06-14 09:53:54,4377.9,170752
2021-06-14 09:53:55,4377.9,170754
2021-06-14 09:53:55,4377.9,170754
2021-06-14 09:53:57,4377.9,170754
2021-06-14 09:53:58,4377.9,170754
2021-06-14 09:53:59,4377.0,170764
2021-06-14 09:54:00,4377.9,170773
2021-06-14 09:54:01,4377.0,171120
2021-06-14 09:54:02,4377.0,171131
2021-06-14 09:54:03,4377.0,171131
2021-06-14 09:54:04,4377.0,171131
2021-06-14 09:54:05,4376.4,171161
2021-06-14 09:54:06,4376.4,171166
2021-06-14 09:54:07,4376.5,171309
2021-06-14 09:54:08,4376.4,171313
2021-06-14 09:54:09,4377.0,171330
2021-06-14 09:54:10,4376.0,171395
2021-06-14 09:54:10,4376.05,171405
2021-06-14 09:54:11,4376.05,171405
2021-06-14 09:54:13,4376.05,171405
2021-06-14 09:54:14,4377.0,171437
2021-06-14 09:54:15,4377.0,171437
2021-06-14 09:54:16,4377.0,171437
2021-06-14 09:54:17,4374.75,171605
2021-06-14 09:54:18,4374.0,171644
2021-06-14 09:54:19,4374.0,171644
2021-06-14 09:54:20,4373.6,171766
2021-06-14 09:54:22,4373.8,171989
2021-06-14 09:54:23,4373.8,171989
2021-06-14 09:54:24,4373.8,171989
2021-06-14 09:54:25,4370.0,171999
2021-06-14 09:54:26,4370.05,172009
2021-06-14 09:54:27,4370.0,172108
2021-06-14 09:54:28,4370.0,172108
2021-06-14 09:54:30,4370.25,172123
2021-06-14 09:54:29,4370.0,172108
2021-06-14 09:54:31,4368.0,172735
2021-06-14 09:54:32,4370.0,172755
2021-06-14 09:54:33,4366.95,172875
2021-06-14 09:54:34,4367.05,172910
2021-06-14 09:54:35,4365.0,173037
2021-06-14 09:54:36,4365.0,173109
2021-06-14 09:54:37,4362.0,173462
2021-06-14 09:54:38,4362.0,173506
2021-06-14 09:54:39,4363.5,173516
2021-06-14 09:54:40,4363.5,173568
2021-06-14 09:54:41,4362.0,173587
2021-06-14 09:54:42,4363.9,173649
2021-06-14 09:54:43,4360.0,173806
2021-06-14 09:54:44,4360.15,173807
2021-06-14 09:54:45,4360.25,173851
2021-06-14 09:54:46,4360.35,173945
2021-06-14 09:54:47,4360.4,174156
2021-06-14 09:54:48,4362.55,174182
2021-06-14 09:54:49,4362.55,174182
2021-06-14 09:54:50,4362.0,174215
2021-06-14 09:54:51,4360.3,174272
2021-06-14 09:54:52,4362.8,174317
2021-06-14 09:54:53,4358.0,174721
2021-06-14 09:54:54,4355.65,174826
2021-06-14 09:54:55,4356.65,174859
2021-06-14 09:54:56,4354.85,174904
2021-06-14 09:54:57,4351.3,175034
2021-06-14 09:54:58,4354.95,175092
2021-06-14 09:54:59,4352.8,175565
2021-06-14 09:55:01,4353.35,176035
2021-06-14 09:55:00,4353.05,176017
2021-06-14 09:55:02,4354.35,176083
2021-06-14 09:55:03,4353.25,176142
2021-06-14 09:55:04,4354.25,176177
2021-06-14 09:55:05,4354.25,176177
2021-06-14 09:55:06,4350.9,176287
2021-06-14 09:55:07,4350.9,176287
2021-06-14 09:55:08,4354.45,176312
2021-06-14 09:55:09,4354.8,176314
2021-06-14 09:55:10,4353.55,176367
2021-06-14 09:55:11,4356.8,176588
2021-06-14 09:55:12,4356.8,176588
2021-06-14 09:55:13,4360.5,176838
2021-06-14 09:55:14,4362.0,176873
2021-06-14 09:55:15,4363.9,177123
2021-06-14 09:55:16,4361.75,177148
2021-06-14 09:55:17,4362.2,177431
2021-06-14 09:55:18,4362.2,177431
2021-06-14 09:55:20,4362.2,177431
2021-06-14 09:55:21,4363.3,177432
2021-06-14 09:55:22,4357.55,178577
2021-06-14 09:55:23,4357.55,178577
2021-06-14 09:55:24,4357.55,178577
2021-06-14 09:55:25,4358.05,178874
2021-06-14 09:55:27,4358.05,178874
2021-06-14 09:55:26,4358.05,178874
2021-06-14 09:55:29,4360.0,179155
2021-06-14 09:55:30,4360.0,179155
2021-06-14 09:55:31,4360.8,179205
2021-06-14 09:55:32,4360.75,179235
2021-06-14 09:55:33,4360.75,179235
2021-06-14 09:55:34,4361.0,179247
2021-06-14 09:55:35,4361.0,179247
2021-06-14 09:55:36,4361.0,179247
2021-06-14 09:55:37,4361.0,179247
2021-06-14 09:55:38,4361.0,179247
2021-06-14 09:55:39,4361.1,179311
2021-06-14 09:55:40,4360.7,179419
2021-06-14 09:55:42,4360.7,179419
2021-06-14 09:55:43,4360.7,179466
2021-06-14 09:55:47,4361.1,179506
2021-06-14 09:55:48,4361.1,179506
2021-06-14 09:55:49,4363.1,179642
2021-06-14 09:55:50,4363.9,179647
2021-06-14 09:55:51,4363.9,179647
2021-06-14 09:55:52,4365.0,179697
2021-06-14 09:55:53,4365.0,179697
2021-06-14 09:55:54,4366.95,179784
2021-06-14 09:55:55,4366.75,179798
2021-06-14 09:55:56,4369.15,179807
2021-06-14 09:55:57,4367.8,179848
2021-06-14 09:55:58,4370.0,179849
2021-06-14 09:56:00,4369.0,179874
2021-06-14 09:55:59,4369.0,179874
2021-06-14 09:56:01,4369.0,179879
2021-06-14 09:56:02,4369.0,179881
2021-06-14 09:56:03,4370.0,179908
2021-06-14 09:56:05,4368.3,180348
2021-06-14 09:56:06,4371.8,180358
2021-06-14 09:56:07,4371.8,180370
2021-06-14 09:56:08,4371.65,180379
2021-06-14 09:56:09,4369.15,180383
2021-06-14 09:56:10,4369.15,180386
2021-06-14 09:56:11,4369.15,180386
2021-06-14 09:56:12,4369.05,180561
2021-06-14 09:56:13,4366.25,180698
2021-06-14 09:56:14,4365.1,180703
2021-06-14 09:56:15,4365.15,180728
2021-06-14 09:56:16,4366.1,180731
2021-06-14 09:56:17,4366.15,180732
2021-06-14 09:56:18,4366.35,180807
2021-06-14 09:56:19,4368.7,180852
2021-06-14 09:56:20,4368.7,180852
2021-06-14 09:56:21,4368.7,180852
2021-06-14 09:56:22,4368.7,180852
2021-06-14 09:56:23,4368.7,180852
2021-06-14 09:56:24,4367.3,180856
2021-06-14 09:56:25,4367.15,180881
2021-06-14 09:56:26,4367.15,180881
2021-06-14 09:56:27,4367.15,180881
2021-06-14 09:56:28,4368.3,181007
2021-06-14 09:56:29,4368.3,181007
2021-06-14 09:56:30,4368.3,181007
2021-06-14 09:56:31,4368.3,181007
2021-06-14 09:56:32,4368.65,181140
2021-06-14 09:56:33,4368.7,181141
2021-06-14 09:56:34,4368.7,181141
2021-06-14 09:56:37,4369.9,181282
2021-06-14 09:56:38,4369.9,181282
2021-06-14 09:56:40,4369.9,181282
2021-06-14 09:56:41,4368.65,181332
2021-06-14 09:56:43,4369.95,181426
2021-06-14 09:56:44,4370.0,181428
2021-06-14 09:56:45,4370.0,181428
2021-06-14 09:56:46,4369.9,181480
2021-06-14 09:56:47,4369.6,181580
2021-06-14 09:56:48,4369.6,181580
2021-06-14 09:56:49,4369.6,181580
2021-06-14 09:56:51,4370.0,181581
2021-06-14 09:56:51,4370.0,181581
2021-06-14 09:56:52,4368.05,181717
2021-06-14 09:56:53,4369.3,181813
2021-06-14 09:56:55,4369.75,181918
2021-06-14 09:56:56,4369.75,181918
2021-06-14 09:56:57,4369.75,181918
2021-06-14 09:56:58,4369.6,182014
2021-06-14 09:56:59,4369.6,182014
2021-06-14 09:57:00,4369.65,182024
2021-06-14 09:57:01,4367.05,182054
2021-06-14 09:57:03,4369.8,182120
2021-06-14 09:57:03,4369.8,182120
2021-06-14 09:57:04,4369.8,182121
2021-06-14 09:57:05,4369.8,182121
2021-06-14 09:57:06,4369.8,182121
2021-06-14 09:57:07,4368.05,182122
2021-06-14 09:57:08,4369.8,182141
2021-06-14 09:57:09,4369.8,182141
2021-06-14 09:57:10,4369.5,182143
2021-06-14 09:57:11,4369.5,182147
2021-06-14 09:57:12,4370.75,183054
2021-06-14 09:57:13,4370.6,183094
2021-06-14 09:57:14,4372.6,183095
2021-06-14 09:57:15,4372.6,183095
2021-06-14 09:57:16,4372.6,183095
2021-06-14 09:57:17,4370.25,183124
2021-06-14 09:57:18,4370.3,183166
2021-06-14 09:57:19,4370.3,183166
2021-06-14 09:57:21,4370.3,183166
2021-06-14 09:57:22,4370.25,183176
2021-06-14 09:57:22,4370.25,183176
2021-06-14 09:57:23,4372.0,183182
2021-06-14 09:57:25,4370.5,183236
2021-06-14 09:57:26,4372.0,183247
2021-06-14 09:57:27,4370.05,183250
2021-06-14 09:57:28,4369.9,183257
2021-06-14 09:57:29,4369.9,183257
2021-06-14 09:57:30,4372.0,183357
2021-06-14 09:57:31,4370.4,183382
2021-06-14 09:57:32,4370.4,183386
2021-06-14 09:57:33,4370.4,183387
2021-06-14 09:57:34,4370.4,183392
2021-06-14 09:57:35,4370.4,183490
2021-06-14 09:57:36,4370.1,183494
2021-06-14 09:57:37,4370.1,183494
2021-06-14 09:57:38,4370.1,183494
2021-06-14 09:57:39,4370.1,183494
2021-06-14 09:57:40,4370.25,183506
2021-06-14 09:57:41,4372.0,183507
2021-06-14 09:57:42,4372.0,183507
2021-06-14 09:57:43,4372.0,183507
2021-06-14 09:57:44,4372.0,183507
2021-06-14 09:57:48,4372.0,183507
2021-06-14 09:57:49,4372.0,183508
2021-06-14 09:57:51,4370.05,183597
2021-06-14 09:57:51,4370.05,183597
2021-06-14 09:57:52,4371.8,183600
2021-06-14 09:57:53,4369.6,183660
2021-06-14 09:57:54,4367.25,183797
2021-06-14 09:57:55,4367.25,183797
2021-06-14 09:57:57,4368.9,183798
2021-06-14 09:57:59,4368.9,183798
2021-06-14 09:58:00,4368.9,183798
2021-06-14 09:58:01,4366.6,183841
2021-06-14 09:58:02,4366.0,183888
2021-06-14 09:58:03,4366.0,183938
2021-06-14 09:58:04,4365.0,183968
2021-06-14 09:58:05,4365.0,183968
2021-06-14 09:58:06,4365.0,183968
2021-06-14 09:58:07,4365.0,183968
2021-06-14 09:58:08,4369.75,184166
2021-06-14 09:58:11,4368.5,184180
2021-06-14 09:58:12,4368.5,184180
2021-06-14 09:58:13,4368.5,184180
2021-06-14 09:58:14,4368.5,184180
2021-06-14 09:58:14,4368.5,184180
2021-06-14 09:58:15,4368.5,184180
2021-06-14 09:58:16,4368.5,184180
2021-06-14 09:58:18,4371.7,184190
2021-06-14 09:58:18,4371.7,184190
2021-06-14 09:58:19,4371.7,184190
2021-06-14 09:58:20,4371.7,184190
2021-06-14 09:58:21,4369.65,184247
2021-06-14 09:58:22,4369.65,184247
2021-06-14 09:58:23,4369.65,184247
2021-06-14 09:58:25,4369.65,184259
2021-06-14 09:58:26,4369.65,184259
2021-06-14 09:58:27,4369.65,184259
2021-06-14 09:58:28,4369.65,184259
2021-06-14 09:58:28,4369.65,184259
2021-06-14 09:58:29,4369.65,184259
2021-06-14 09:58:31,4369.65,184259
2021-06-14 09:58:32,4369.65,184259
2021-06-14 09:58:33,4369.0,184390
2021-06-14 09:58:34,4369.0,184390
2021-06-14 09:58:35,4369.25,184406
2021-06-14 09:58:36,4370.8,184426
2021-06-14 09:58:37,4370.8,184426
2021-06-14 09:58:38,4370.8,184427
2021-06-14 09:58:39,4368.55,184440
2021-06-14 09:58:40,4368.55,184461
2021-06-14 09:58:41,4368.15,184462
2021-06-14 09:58:42,4368.15,184462
2021-06-14 09:58:43,4368.15,184462
2021-06-14 09:58:44,4368.15,184485
2021-06-14 09:58:45,4367.95,184500
2021-06-14 09:58:46,4367.95,184500
2021-06-14 09:58:47,4367.95,184500
2021-06-14 09:58:48,4366.0,184550
2021-06-14 09:58:49,4366.0,184550
2021-06-14 09:58:50,4366.0,184550
2021-06-14 09:58:51,4366.0,184550
2021-06-14 09:58:53,4368.25,184555
2021-06-14 09:58:53,4368.15,184588
2021-06-14 09:58:55,4368.15,184588
2021-06-14 09:58:56,4368.15,184588
2021-06-14 09:58:57,4368.15,184588
2021-06-14 09:58:58,4368.15,184588
2021-06-14 09:58:59,4368.15,184588
2021-06-14 09:59:00,4368.15,184588
2021-06-14 09:59:01,4368.1,184592
2021-06-14 09:59:02,4368.1,184592
2021-06-14 09:59:03,4368.1,184624
2021-06-14 09:59:04,4368.1,184624
2021-06-14 09:59:05,4368.1,184624
2021-06-14 09:59:06,4365.6,184724
2021-06-14 09:59:07,4365.6,184724
2021-06-14 09:59:08,4365.6,184724
2021-06-14 09:59:09,4367.7,184761
2021-06-14 09:59:10,4367.7,184761
2021-06-14 09:59:12,4365.8,184764
2021-06-14 09:59:12,4365.8,184764
2021-06-14 09:59:13,4365.8,184764
2021-06-14 09:59:14,4365.8,184764
2021-06-14 09:59:15,4367.7,184766
2021-06-14 09:59:17,4365.85,184775
2021-06-14 09:59:18,4365.85,184775
2021-06-14 09:59:19,4365.85,184775
2021-06-14 09:59:20,4367.75,184778
2021-06-14 09:59:21,4368.0,184779
2021-06-14 09:59:21,4368.0,184779
2021-06-14 09:59:22,4366.05,184787
2021-06-14 09:59:23,4366.05,184787
2021-06-14 09:59:24,4366.05,184787
2021-06-14 09:59:25,4366.05,184787
2021-06-14 09:59:27,4368.4,184887
2021-06-14 09:59:28,4368.4,184887
2021-06-14 09:59:29,4368.4,184888
2021-06-14 09:59:30,4367.75,184890
2021-06-14 09:59:31,4365.5,185066
2021-06-14 09:59:32,4365.5,185066
2021-06-14 09:59:34,4365.5,185066
2021-06-14 09:59:35,4365.8,185215
2021-06-14 09:59:37,4367.15,185224
2021-06-14 09:59:38,4367.1,185237
2021-06-14 09:59:39,4367.1,185237
2021-06-14 09:59:40,4368.9,186162
2021-06-14 09:59:41,4368.9,186162
2021-06-14 09:59:42,4368.9,186162
2021-06-14 09:59:42,4368.9,186162
2021-06-14 09:59:43,4368.9,186162
2021-06-14 09:59:44,4368.9,186162
2021-06-14 09:59:45,4368.9,186162
2021-06-14 09:59:47,4370.0,186249
2021-06-14 09:59:47,4372.0,186251
2021-06-14 09:59:48,4370.05,186293
2021-06-14 09:59:49,4371.95,186294
2021-06-14 09:59:50,4370.55,186296
2021-06-14 09:59:52,4370.1,186321
2021-06-14 09:59:53,4370.1,186321
2021-06-14 09:59:54,4370.1,186371
2021-06-14 09:59:54,4370.1,186371
2021-06-14 09:59:55,4370.1,186371
2021-06-14 09:59:56,4370.1,186371
2021-06-14 09:59:57,4370.4,186373
2021-06-14 09:59:58,4370.4,186373
2021-06-14 09:59:59,4370.4,186373
2021-06-14 10:00:01,4372.0,186376
2021-06-14 10:00:02,4370.45,186378
2021-06-14 10:00:03,4370.45,186378
2021-06-14 10:00:03,4370.45,186378
2021-06-14 10:00:04,4370.45,186378
2021-06-14 10:00:05,4372.0,186395
2021-06-14 10:00:06,4370.45,186399
2021-06-14 10:00:07,4372.0,186424
2021-06-14 10:00:08,4372.0,186424
2021-06-14 10:00:09,4372.0,186424
2021-06-14 10:00:11,4372.0,186424
2021-06-14 10:00:11,4372.0,186424
2021-06-14 10:00:12,4372.0,186696
2021-06-14 10:00:13,4372.0,186696
2021-06-14 10:00:14,4372.0,186708
2021-06-14 10:00:15,4372.0,186708
2021-06-14 10:00:16,4372.0,186708
2021-06-14 10:00:18,4372.0,186708
2021-06-14 10:00:19,4370.85,187208
2021-06-14 10:00:20,4370.85,187208
2021-06-14 10:00:21,4370.85,187208
2021-06-14 10:00:22,4370.85,187208
2021-06-14 10:00:24,4371.0,187222
2021-06-14 10:00:25,4371.0,187222
2021-06-14 10:00:26,4372.8,187223
2021-06-14 10:00:27,4372.8,187223
2021-06-14 10:00:28,4372.8,187223
2021-06-14 10:00:29,4372.8,187223
2021-06-14 10:00:30,4371.05,187224
2021-06-14 10:00:31,4371.05,187224
2021-06-14 10:00:32,4371.05,187234
2021-06-14 10:00:33,4371.05,187234
2021-06-14 10:00:34,4371.05,187234
2021-06-14 10:00:35,4373.8,187262
2021-06-14 10:00:37,4373.8,187262
2021-06-14 10:00:37,4373.8,187262
2021-06-14 10:00:38,4373.9,187274
2021-06-14 10:00:39,4373.9,187274
2021-06-14 10:00:40,4373.85,187281
2021-06-14 10:00:41,4373.85,187281
2021-06-14 10:00:43,4373.85,187281
2021-06-14 10:00:44,4373.9,187286
2021-06-14 10:00:46,4374.0,187315
2021-06-14 10:00:47,4374.0,187315
2021-06-14 10:00:48,4374.0,187315
2021-06-14 10:00:49,4374.0,187316
2021-06-14 10:00:50,4373.9,187317
2021-06-14 10:00:51,4373.9,187317
2021-06-14 10:00:52,4374.0,187377
2021-06-14 10:00:53,4374.0,187377
2021-06-14 10:00:54,4374.0,187402
2021-06-14 10:00:55,4374.65,187403
2021-06-14 10:00:56,4374.65,187403
2021-06-14 10:00:57,4374.0,187470
2021-06-14 10:00:59,4374.0,187470
2021-06-14 10:01:00,4374.0,187470
2021-06-14 10:01:01,4374.65,187481
2021-06-14 10:01:02,4374.0,187482
2021-06-14 10:01:03,4374.65,187483
2021-06-14 10:01:04,4374.65,187483
2021-06-14 10:01:05,4374.65,187498
2021-06-14 10:01:06,4374.65,187498
2021-06-14 10:01:07,4374.9,187523
2021-06-14 10:01:07,4374.65,187527
2021-06-14 10:01:08,4374.0,187658
2021-06-14 10:01:09,4374.0,187658
2021-06-14 10:01:10,4374.0,187658
2021-06-14 10:01:11,4374.0,187658
2021-06-14 10:01:14,4374.75,187758
2021-06-14 10:01:15,4372.75,187873
2021-06-14 10:01:16,4372.6,187926
2021-06-14 10:01:17,4374.3,187931
2021-06-14 10:01:18,4374.3,187931
2021-06-14 10:01:19,4374.3,187931
2021-06-14 10:01:20,4374.3,187931
2021-06-14 10:01:21,4374.3,187931
2021-06-14 10:01:22,4371.55,187941
2021-06-14 10:01:23,4370.9,188041
2021-06-14 10:01:23,4370.9,188041
2021-06-14 10:01:24,4373.65,188043
2021-06-14 10:01:25,4373.65,188043
2021-06-14 10:01:26,4373.65,188043
2021-06-14 10:01:27,4373.65,188043
2021-06-14 10:01:28,4373.65,188043
2021-06-14 10:01:29,4373.65,188043
2021-06-14 10:01:30,4373.0,188100
2021-06-14 10:01:31,4373.0,188100
2021-06-14 10:01:33,4373.8,188105
2021-06-14 10:01:35,4373.8,188105
2021-06-14 10:01:36,4374.0,188115
2021-06-14 10:01:37,4371.75,188175
2021-06-14 10:01:37,4371.75,188175
2021-06-14 10:01:38,4371.75,188175
2021-06-14 10:01:41,4371.75,188175
2021-06-14 10:01:42,4371.75,188175
2021-06-14 10:01:43,4371.0,188180
2021-06-14 10:01:44,4371.0,188180
2021-06-14 10:01:44,4371.0,188180
2021-06-14 10:01:46,4372.65,188233
2021-06-14 10:01:47,4371.0,188248
2021-06-14 10:01:49,4371.0,188248
2021-06-14 10:01:50,4371.0,188248
2021-06-14 10:01:51,4371.0,188248
2021-06-14 10:01:52,4371.0,188253
2021-06-14 10:01:52,4371.0,188253
2021-06-14 10:01:55,4371.0,188254
2021-06-14 10:01:57,4370.0,188455
2021-06-14 10:01:58,4370.0,188455
2021-06-14 10:01:57,4370.0,188455
2021-06-14 10:01:59,4370.0,188455
2021-06-14 10:02:00,4370.0,188455
2021-06-14 10:02:01,4370.0,188460
2021-06-14 10:02:04,4370.0,188460
2021-06-14 10:02:05,4370.0,188460
2021-06-14 10:02:06,4371.0,188465
2021-06-14 10:02:07,4371.0,188475
2021-06-14 10:02:08,4371.0,188475
2021-06-14 10:02:09,4371.0,188475
2021-06-14 10:02:10,4370.0,188485
2021-06-14 10:02:11,4370.0,188485
2021-06-14 10:02:12,4370.0,188485
2021-06-14 10:02:13,4370.0,188551
2021-06-14 10:02:16,4370.0,188564
2021-06-14 10:02:17,4371.15,188614
2021-06-14 10:02:17,4371.15,188614
2021-06-14 10:02:18,4370.0,188620
2021-06-14 10:02:22,4370.0,188763
2021-06-14 10:02:22,4370.0,188763
2021-06-14 10:02:24,4370.0,188763
2021-06-14 10:02:24,4370.0,188763
2021-06-14 10:02:25,4370.0,188763
2021-06-14 10:02:26,4370.0,188763
2021-06-14 10:02:28,4370.0,188763
2021-06-14 10:02:29,4367.65,188764
2021-06-14 10:02:30,4368.9,188774
2021-06-14 10:02:30,4368.9,188774
2021-06-14 10:02:31,4368.9,188774
2021-06-14 10:02:34,4368.9,188774
2021-06-14 10:02:35,4368.9,188774
2021-06-14 10:02:36,4369.0,188825
2021-06-14 10:02:36,4369.85,188826
2021-06-14 10:02:40,4367.25,188901
2021-06-14 10:02:41,4367.25,188901
2021-06-14 10:02:42,4367.25,188901
2021-06-14 10:02:43,4367.65,188905
2021-06-14 10:02:44,4369.6,188947
2021-06-14 10:02:44,4369.6,188947
2021-06-14 10:02:45,4369.6,188947
2021-06-14 10:02:46,4370.0,188967
2021-06-14 10:02:47,4370.0,188967
2021-06-14 10:02:49,4370.0,188967
2021-06-14 10:02:49,4368.05,188987
2021-06-14 10:02:50,4368.05,188987
2021-06-14 10:02:52,4368.05,188987
2021-06-14 10:02:52,4368.05,188987
2021-06-14 10:02:54,4370.0,188988
2021-06-14 10:02:54,4370.0,188989
2021-06-14 10:02:55,4370.0,188989
2021-06-14 10:02:57,4370.0,188989
2021-06-14 10:02:58,4370.0,188989
2021-06-14 10:02:59,4368.05,189088
2021-06-14 10:03:00,4368.05,189088
2021-06-14 10:03:00,4368.05,189088
2021-06-14 10:03:02,4368.05,189098
2021-06-14 10:03:03,4369.15,189101
2021-06-14 10:03:04,4369.15,189101
2021-06-14 10:03:05,4369.15,189101
2021-06-14 10:03:07,4369.2,189113
2021-06-14 10:03:08,4369.2,189113
2021-06-14 10:03:09,4369.2,189113
2021-06-14 10:03:11,4368.05,189114
2021-06-14 10:03:13,4368.05,189114
2021-06-14 10:03:14,4368.05,189114
2021-06-14 10:03:15,4369.45,189214
2021-06-14 10:03:16,4369.45,189214
2021-06-14 10:03:17,4369.45,189214
2021-06-14 10:03:18,4369.45,189214
2021-06-14 10:03:19,4369.45,189214
2021-06-14 10:03:20,4367.35,189224
2021-06-14 10:03:21,4367.35,189224
2021-06-14 10:03:22,4367.35,189224
2021-06-14 10:03:23,4369.45,189314
2021-06-14 10:03:24,4367.35,189340
2021-06-14 10:03:25,4367.35,189340
2021-06-14 10:03:27,4367.4,189342
2021-06-14 10:03:29,4367.35,189491
2021-06-14 10:03:30,4368.3,189511
2021-06-14 10:03:31,4368.3,189511
2021-06-14 10:03:32,4368.3,189511
2021-06-14 10:03:32,4368.3,189511
2021-06-14 10:03:33,4368.3,189511
2021-06-14 10:03:35,4368.3,189511
2021-06-14 10:03:36,4368.3,189511
2021-06-14 10:03:37,4368.3,189511
2021-06-14 10:03:38,4368.0,189611
2021-06-14 10:03:39,4367.95,189618
2021-06-14 10:03:40,4367.95,189618
2021-06-14 10:03:41,4367.95,189618
2021-06-14 10:03:42,4367.95,189618
2021-06-14 10:03:43,4367.95,189618
2021-06-14 10:03:44,4367.35,189619
2021-06-14 10:03:45,4367.35,189620
2021-06-14 10:03:46,4366.1,189627
2021-06-14 10:03:47,4367.4,189679
2021-06-14 10:03:48,4367.4,189679
2021-06-14 10:03:49,4367.4,189679
2021-06-14 10:03:50,4367.4,189679
2021-06-14 10:03:51,4367.4,189679
2021-06-14 10:03:57,4367.7,189946
2021-06-14 10:03:58,4367.75,189982
2021-06-14 10:03:59,4368.3,190799
2021-06-14 10:04:00,4367.9,190824
2021-06-14 10:04:01,4367.9,190824
2021-06-14 10:04:02,4367.9,190824
2021-06-14 10:04:03,4367.9,190824
2021-06-14 10:04:04,4367.9,190824
2021-06-14 10:04:05,4367.9,190824
2021-06-14 10:04:06,4367.9,190824
2021-06-14 10:04:07,4367.9,190824
2021-06-14 10:04:08,4367.9,190824
2021-06-14 10:04:09,4367.9,190824
2021-06-14 10:04:10,4367.9,190852
2021-06-14 10:04:11,4367.9,190852
2021-06-14 10:04:12,4367.9,190852
2021-06-14 10:04:13,4367.9,190852
2021-06-14 10:04:14,4367.8,190902
2021-06-14 10:04:15,4367.8,190903
2021-06-14 10:04:16,4367.8,190903
2021-06-14 10:04:17,4367.8,190903
2021-06-14 10:04:18,4367.8,190904
2021-06-14 10:04:19,4367.8,190904
2021-06-14 10:04:20,4367.8,190904
2021-06-14 10:04:21,4367.8,190904
2021-06-14 10:04:22,4367.85,190939
2021-06-14 10:04:23,4368.9,190940
2021-06-14 10:04:24,4368.9,190940
2021-06-14 10:04:24,4368.9,190940
2021-06-14 10:04:26,4368.9,190940
2021-06-14 10:04:27,4368.9,190940
2021-06-14 10:04:28,4368.9,190940
2021-06-14 10:04:30,4367.8,190950
2021-06-14 10:04:31,4367.8,190950
2021-06-14 10:04:33,4367.8,190950
2021-06-14 10:04:34,4367.8,190950
2021-06-14 10:04:35,4367.8,190950
2021-06-14 10:04:36,4367.8,190950
2021-06-14 10:04:37,4369.0,190995
2021-06-14 10:04:38,4369.0,191009
2021-06-14 10:04:39,4369.0,191009
2021-06-14 10:04:42,4369.0,191009
2021-06-14 10:04:43,4369.0,191009
2021-06-14 10:04:44,4369.0,191009
2021-06-14 10:04:45,4368.95,191013
2021-06-14 10:04:46,4368.95,191013
2021-06-14 10:04:47,4367.8,191014
2021-06-14 10:04:48,4367.8,191014
2021-06-14 10:04:48,4368.95,191015
2021-06-14 10:04:49,4368.95,191015
2021-06-14 10:04:51,4368.0,191016
2021-06-14 10:04:53,4368.95,191017
2021-06-14 10:04:54,4369.0,191097
2021-06-14 10:04:55,4368.0,191112
2021-06-14 10:04:56,4368.0,191112
2021-06-14 10:04:57,4369.0,191133
2021-06-14 10:04:58,4369.0,191138
2021-06-14 10:04:59,4369.0,191138
2021-06-14 10:04:59,4369.0,191138
2021-06-14 10:05:01,4368.95,191148
2021-06-14 10:05:02,4369.65,191192
2021-06-14 10:05:03,4369.65,191192
2021-06-14 10:05:04,4369.65,191192
2021-06-14 10:05:05,4368.3,191193
2021-06-14 10:05:06,4368.3,191193
2021-06-14 10:05:08,4370.0,191220
2021-06-14 10:05:09,4370.0,191245
2021-06-14 10:05:10,4370.0,191245
2021-06-14 10:05:11,4370.0,191245
2021-06-14 10:05:12,4370.45,191340
2021-06-14 10:05:13,4370.45,191340
2021-06-14 10:05:14,4372.0,191352
2021-06-14 10:05:15,4373.2,191353
2021-06-14 10:05:16,4373.2,191353
2021-06-14 10:05:17,4373.2,191353
2021-06-14 10:05:18,4373.0,191378
2021-06-14 10:05:19,4373.0,191378
2021-06-14 10:05:20,4373.0,191409
2021-06-14 10:05:21,4373.0,191409
2021-06-14 10:05:22,4373.0,191419
2021-06-14 10:05:23,4373.0,191475
2021-06-14 10:05:24,4374.65,191502
2021-06-14 10:05:25,4371.8,191503
2021-06-14 10:05:26,4371.8,191503
2021-06-14 10:05:27,4372.85,191508
2021-06-14 10:05:28,4373.0,191535
2021-06-14 10:05:29,4373.0,191535
2021-06-14 10:05:30,4373.0,191535
2021-06-14 10:05:31,4373.0,191535
2021-06-14 10:05:32,4373.0,191540
2021-06-14 10:05:33,4374.8,191555
2021-06-14 10:05:34,4374.8,191555
2021-06-14 10:05:35,4374.8,191555
2021-06-14 10:05:36,4375.0,192320
2021-06-14 10:05:39,4377.0,192405
2021-06-14 10:05:40,4377.0,192408
2021-06-14 10:05:41,4377.3,192508
2021-06-14 10:05:42,4375.9,192524
2021-06-14 10:05:43,4375.9,192548
2021-06-14 10:05:44,4375.9,192563
2021-06-14 10:05:45,4375.9,192564
2021-06-14 10:05:46,4375.35,192565
2021-06-14 10:05:47,4375.35,192565
2021-06-14 10:05:49,4375.6,192568
2021-06-14 10:05:50,4377.7,192600
2021-06-14 10:05:51,4377.7,192600
2021-06-14 10:05:52,4376.4,192651
2021-06-14 10:05:53,4375.6,192654
2021-06-14 10:05:54,4375.6,192654
2021-06-14 10:05:55,4375.6,192654
2021-06-14 10:05:56,4376.4,192707
2021-06-14 10:05:57,4376.4,192707
2021-06-14 10:05:58,4376.4,192724
2021-06-14 10:05:59,4376.4,192724
2021-06-14 10:06:00,4376.4,192724
2021-06-14 10:06:01,4376.4,192724
2021-06-14 10:06:02,4376.4,192724
2021-06-14 10:06:03,4376.4,192724
2021-06-14 10:06:05,4376.4,192724
2021-06-14 10:06:06,4368.45,193849
2021-06-14 10:06:07,4368.45,193849
2021-06-14 10:06:08,4368.45,193849
2021-06-14 10:06:09,4370.45,193880
2021-06-14 10:06:10,4370.45,193880
2021-06-14 10:06:11,4368.9,193882
2021-06-14 10:06:12,4368.9,193882
2021-06-14 10:06:13,4368.9,193882
2021-06-14 10:06:14,4368.9,193882
2021-06-14 10:06:15,4368.9,193892
2021-06-14 10:06:16,4368.9,193892
2021-06-14 10:06:17,4368.9,193892
2021-06-14 10:06:18,4368.9,193892
2021-06-14 10:06:19,4370.0,193902
2021-06-14 10:06:20,4370.0,193902
2021-06-14 10:06:21,4370.0,193902
2021-06-14 10:06:22,4369.9,193920
2021-06-14 10:06:23,4369.9,193920
2021-06-14 10:06:24,4369.9,193920
2021-06-14 10:06:25,4368.9,193933
2021-06-14 10:06:26,4368.9,193933
2021-06-14 10:06:27,4368.9,193933
2021-06-14 10:06:28,4368.9,193933
2021-06-14 10:06:29,4368.9,193933
2021-06-14 10:06:30,4368.9,193933
2021-06-14 10:06:31,4369.85,193943
2021-06-14 10:06:32,4368.9,194022
2021-06-14 10:06:33,4368.9,194022
2021-06-14 10:06:34,4368.9,194022
2021-06-14 10:06:35,4368.9,194022
2021-06-14 10:06:36,4368.1,194023
2021-06-14 10:06:37,4368.1,194023
2021-06-14 10:06:38,4368.0,194077
2021-06-14 10:06:39,4368.0,194123
2021-06-14 10:06:40,4368.0,194123
2021-06-14 10:06:41,4368.0,194123
2021-06-14 10:06:42,4368.0,194123
2021-06-14 10:06:43,4368.85,194128
2021-06-14 10:06:44,4367.3,194129
2021-06-14 10:06:45,4367.3,194129
2021-06-14 10:06:46,4368.5,194130
2021-06-14 10:06:47,4368.5,194130
2021-06-14 10:06:48,4368.5,194130
2021-06-14 10:06:49,4367.3,194140
2021-06-14 10:06:50,4367.3,194145
2021-06-14 10:06:51,4367.3,194155
2021-06-14 10:06:52,4367.3,194155
2021-06-14 10:06:54,4367.9,194175
2021-06-14 10:06:56,4367.9,194175
2021-06-14 10:06:57,4367.9,194277
2021-06-14 10:06:58,4367.9,194277
2021-06-14 10:06:59,4367.9,194277
2021-06-14 10:07:00,4367.9,194277
2021-06-14 10:07:01,4367.35,194293
2021-06-14 10:07:02,4367.35,194293
2021-06-14 10:07:03,4367.35,194293
2021-06-14 10:07:04,4367.9,194310
2021-06-14 10:07:05,4367.9,194310
2021-06-14 10:07:06,4367.5,194330
2021-06-14 10:07:07,4367.5,194330
2021-06-14 10:07:08,4367.9,194403
2021-06-14 10:07:09,4369.15,194406
2021-06-14 10:07:11,4367.65,194412
2021-06-14 10:07:12,4367.65,194412
2021-06-14 10:07:13,4369.35,194438
2021-06-14 10:07:14,4369.35,194438
2021-06-14 10:07:15,4369.35,194438
2021-06-14 10:07:17,4370.0,194610
2021-06-14 10:07:16,4370.0,194610
2021-06-14 10:07:18,4368.0,194710
2021-06-14 10:07:19,4370.9,194713
2021-06-14 10:07:20,4373.55,194741
2021-06-14 10:07:21,4371.9,194744
2021-06-14 10:07:22,4371.85,194745
2021-06-14 10:07:24,4371.85,194745
2021-06-14 10:07:24,4371.85,194745
2021-06-14 10:07:25,4371.85,194745
2021-06-14 10:07:26,4371.85,194745
2021-06-14 10:07:28,4371.9,194746
2021-06-14 10:07:28,4371.85,194745
2021-06-14 10:07:29,4373.85,194768
2021-06-14 10:07:30,4373.85,194768
2021-06-14 10:07:31,4373.0,194771
2021-06-14 10:07:32,4371.8,194900
2021-06-14 10:07:33,4371.8,194934
2021-06-14 10:07:34,4371.45,194935
2021-06-14 10:07:35,4371.45,194937
2021-06-14 10:07:36,4371.45,194937
2021-06-14 10:07:38,4371.45,194937
2021-06-14 10:07:39,4371.45,194937
2021-06-14 10:07:39,4372.7,194952
2021-06-14 10:07:40,4372.7,194952
2021-06-14 10:07:41,4372.7,194952
2021-06-14 10:07:43,4372.6,194954
2021-06-14 10:07:44,4371.45,194983
2021-06-14 10:07:44,4371.45,194983
2021-06-14 10:07:45,4371.45,194983
2021-06-14 10:07:46,4371.45,194983
2021-06-14 10:07:47,4371.8,194998
2021-06-14 10:07:48,4371.8,194998
2021-06-14 10:07:49,4371.8,194998
2021-06-14 10:07:52,4371.9,195003
2021-06-14 10:07:52,4371.9,195003
2021-06-14 10:07:53,4371.9,195003
2021-06-14 10:07:55,4372.55,195066
2021-06-14 10:07:55,4372.55,195066
2021-06-14 10:07:56,4372.55,195066
2021-06-14 10:07:58,4372.55,195066
2021-06-14 10:07:59,4372.55,195066
2021-06-14 10:08:00,4372.55,195066
2021-06-14 10:08:01,4372.75,195117
2021-06-14 10:08:01,4372.75,195127
2021-06-14 10:08:02,4372.75,195127
2021-06-14 10:08:03,4372.75,195127
2021-06-14 10:08:04,4372.75,195127
2021-06-14 10:08:07,4372.75,195127
2021-06-14 10:08:08,4372.75,195127
2021-06-14 10:08:09,4374.0,195152
2021-06-14 10:08:09,4374.0,195173
2021-06-14 10:08:10,4374.0,195173
2021-06-14 10:08:13,4374.0,195173
2021-06-14 10:08:14,4372.1,195250
2021-06-14 10:08:14,4372.1,195255
2021-06-14 10:08:16,4372.1,195255
2021-06-14 10:08:17,4374.0,195280
2021-06-14 10:08:17,4374.05,195295
2021-06-14 10:08:18,4374.05,195295
2021-06-14 10:08:20,4374.05,195300
2021-06-14 10:08:20,4374.05,195300
2021-06-14 10:08:22,4374.05,195300
2021-06-14 10:08:23,4372.15,195302
2021-06-14 10:08:25,4373.85,195307
2021-06-14 10:08:26,4373.85,195307
2021-06-14 10:08:27,4373.85,195307
2021-06-14 10:08:29,4373.85,195307
2021-06-14 10:08:30,4373.65,195308
2021-06-14 10:08:30,4373.65,195308
2021-06-14 10:08:31,4372.75,195313
2021-06-14 10:08:32,4372.75,195313
2021-06-14 10:08:33,4372.75,195313
2021-06-14 10:08:34,4373.6,195314
2021-06-14 10:08:35,4373.6,195314
2021-06-14 10:08:36,4373.6,195314
2021-06-14 10:08:38,4373.6,195364
2021-06-14 10:08:39,4373.6,195394
2021-06-14 10:08:40,4373.6,195394
2021-06-14 10:08:42,4373.6,195395
2021-06-14 10:08:43,4373.6,195395
2021-06-14 10:08:44,4373.6,195395
2021-06-14 10:08:45,4372.75,195396
2021-06-14 10:08:47,4372.75,195396
2021-06-14 10:08:47,4373.65,195431
2021-06-14 10:08:48,4373.65,195431
2021-06-14 10:08:49,4373.65,195432
2021-06-14 10:08:51,4373.65,195461
2021-06-14 10:08:52,4373.6,195463
2021-06-14 10:08:54,4373.65,195481
2021-06-14 10:08:55,4373.65,195482
2021-06-14 10:08:56,4374.05,195593
2021-06-14 10:08:57,4373.6,195693
2021-06-14 10:08:57,4373.6,195693
2021-06-14 10:08:59,4373.6,195693
2021-06-14 10:09:00,4374.8,195694
2021-06-14 10:09:01,4374.8,195694
2021-06-14 10:09:00,4374.8,195694
2021-06-14 10:09:02,4374.8,195694
2021-06-14 10:09:03,4374.8,195694
2021-06-14 10:09:04,4374.8,195694
2021-06-14 10:09:05,4374.85,195696
2021-06-14 10:09:06,4376.0,196541
2021-06-14 10:09:08,4375.4,196547
2021-06-14 10:09:08,4375.4,196547
2021-06-14 10:09:09,4375.4,196547
2021-06-14 10:09:10,4375.4,196557
2021-06-14 10:09:11,4375.4,196640
2021-06-14 10:09:12,4375.4,196640
2021-06-14 10:09:13,4377.0,196696
2021-06-14 10:09:14,4377.0,196696
2021-06-14 10:09:15,4377.0,196697
2021-06-14 10:09:16,4377.0,196698
2021-06-14 10:09:17,4378.0,197378
2021-06-14 10:09:18,4378.0,197378
2021-06-14 10:09:19,4378.0,197442
2021-06-14 10:09:20,4376.85,197446
2021-06-14 10:09:21,4376.85,197448
2021-06-14 10:09:22,4376.85,197449
2021-06-14 10:09:23,4376.85,197449
2021-06-14 10:09:24,4376.85,197449
2021-06-14 10:09:25,4376.85,197883
2021-06-14 10:09:26,4376.85,197883
2021-06-14 10:09:27,4376.85,197883
2021-06-14 10:09:28,4376.8,197923
2021-06-14 10:09:29,4376.8,197923
2021-06-14 10:09:31,4376.4,197954
2021-06-14 10:09:32,4376.4,197954
2021-06-14 10:09:33,4376.4,197954
2021-06-14 10:09:34,4375.0,197955
2021-06-14 10:09:35,4374.6,198004
2021-06-14 10:09:36,4375.95,198104
2021-06-14 10:09:37,4375.95,198104
2021-06-14 10:09:38,4376.5,198128
2021-06-14 10:09:40,4373.3,198138
2021-06-14 10:09:40,4376.5,198128
2021-06-14 10:09:41,4373.3,198138
2021-06-14 10:09:42,4375.85,198170
2021-06-14 10:09:43,4376.5,198173
2021-06-14 10:09:45,4376.5,198173
2021-06-14 10:09:46,4376.5,198173
2021-06-14 10:09:48,4374.3,198179
2021-06-14 10:09:49,4374.3,198183
2021-06-14 10:09:51,4374.3,198191
2021-06-14 10:09:52,4375.8,198193
2021-06-14 10:09:53,4375.8,198193
2021-06-14 10:09:54,4373.9,198248
2021-06-14 10:09:55,4373.9,198248
2021-06-14 10:09:55,4373.9,198248
2021-06-14 10:09:56,4373.9,198248
2021-06-14 10:09:57,4372.9,198312
2021-06-14 10:09:58,4372.9,198312
2021-06-14 10:10:00,4372.95,198314
2021-06-14 10:10:01,4372.95,198331
2021-06-14 10:10:02,4372.95,198331
2021-06-14 10:10:03,4372.95,198331
2021-06-14 10:10:04,4374.5,198353
2021-06-14 10:10:06,4372.95,198373
2021-06-14 10:10:06,4372.95,198373
2021-06-14 10:10:08,4372.95,198373
2021-06-14 10:10:09,4372.95,198373
2021-06-14 10:10:09,4373.0,198403
2021-06-14 10:10:10,4373.0,198403
2021-06-14 10:10:11,4373.0,198403
2021-06-14 10:10:12,4373.0,198407
2021-06-14 10:10:13,4373.0,198421
2021-06-14 10:10:14,4373.0,198421
2021-06-14 10:10:15,4373.0,198421
2021-06-14 10:10:16,4373.0,198426
2021-06-14 10:10:17,4373.0,198426
2021-06-14 10:10:18,4373.0,198426
2021-06-14 10:10:19,4373.0,198426
2021-06-14 10:10:21,4374.5,198431
2021-06-14 10:10:22,4373.0,198453
2021-06-14 10:10:24,4373.05,198457
2021-06-14 10:10:25,4373.05,198467
2021-06-14 10:10:26,4373.05,198467
2021-06-14 10:10:27,4373.25,198476
2021-06-14 10:10:28,4373.25,198478
2021-06-14 10:10:29,4373.25,198479
2021-06-14 10:10:30,4375.1,198481
2021-06-14 10:10:31,4375.1,198481
2021-06-14 10:10:32,4375.1,198481
2021-06-14 10:10:33,4375.45,198482
2021-06-14 10:10:34,4373.35,198507
2021-06-14 10:10:36,4373.35,198509
2021-06-14 10:10:37,4373.35,198509
2021-06-14 10:10:39,4375.0,198555
2021-06-14 10:10:40,4373.4,198562
2021-06-14 10:10:41,4375.0,198622
2021-06-14 10:10:42,4373.25,198635
2021-06-14 10:10:43,4373.25,198636
2021-06-14 10:10:44,4373.25,198636
2021-06-14 10:10:45,4373.25,198636
2021-06-14 10:10:46,4373.25,198636
2021-06-14 10:10:47,4375.0,198646
2021-06-14 10:10:47,4373.25,198828
2021-06-14 10:10:48,4373.25,198828
2021-06-14 10:10:49,4375.0,198857
2021-06-14 10:10:52,4373.4,198892
2021-06-14 10:10:53,4373.4,198892
2021-06-14 10:10:54,4375.1,198907
2021-06-14 10:10:55,4375.1,198907
2021-06-14 10:10:56,4373.3,198997
2021-06-14 10:10:56,4373.3,198997
2021-06-14 10:10:57,4373.3,198997
2021-06-14 10:10:58,4373.3,198997
2021-06-14 10:11:00,4375.25,199047
2021-06-14 10:11:01,4375.25,199047
2021-06-14 10:11:02,4375.25,199047
2021-06-14 10:11:03,4375.25,199049
2021-06-14 10:11:04,4375.25,199049
2021-06-14 10:11:05,4373.4,199069
2021-06-14 10:11:05,4375.0,199074
2021-06-14 10:11:07,4373.35,199075
2021-06-14 10:11:08,4375.0,199096
2021-06-14 10:11:09,4375.0,199096
2021-06-14 10:11:10,4375.0,199096
2021-06-14 10:11:11,4375.1,199109
2021-06-14 10:11:12,4375.1,199109
2021-06-14 10:11:13,4375.1,199109
2021-06-14 10:11:14,4373.5,199110
2021-06-14 10:11:15,4373.5,199115
2021-06-14 10:11:16,4373.5,199115
2021-06-14 10:11:17,4374.95,199149
2021-06-14 10:11:18,4374.95,199149
2021-06-14 10:11:19,4374.95,199149
2021-06-14 10:11:20,4374.95,199149
2021-06-14 10:11:21,4374.95,199149
2021-06-14 10:11:23,4375.0,199169
2021-06-14 10:11:23,4375.0,199169
2021-06-14 10:11:24,4375.0,199169
2021-06-14 10:11:25,4375.0,199169
2021-06-14 10:11:26,4375.0,199238
2021-06-14 10:11:27,4375.0,199238
2021-06-14 10:11:28,4375.0,199238
2021-06-14 10:11:29,4374.0,199263
2021-06-14 10:11:30,4375.25,199279
2021-06-14 10:11:31,4376.4,199280
2021-06-14 10:11:32,4376.4,199280
2021-06-14 10:11:33,4376.4,199280
2021-06-14 10:11:35,4376.4,199280
2021-06-14 10:11:36,4374.65,199303
2021-06-14 10:11:36,4374.5,199311
2021-06-14 10:11:37,4374.5,199311
2021-06-14 10:11:40,4374.5,199311
2021-06-14 10:11:41,4374.5,199311
2021-06-14 10:11:42,4374.5,199311
2021-06-14 10:11:43,4374.5,199311
2021-06-14 10:11:44,4374.5,199311
2021-06-14 10:11:45,4377.0,199412
2021-06-14 10:11:46,4376.0,200444
2021-06-14 10:11:47,4376.0,200444
2021-06-14 10:11:48,4378.0,200459
2021-06-14 10:11:49,4378.0,200459
2021-06-14 10:11:50,4378.0,200459
2021-06-14 10:11:52,4376.55,201679
2021-06-14 10:11:53,4377.4,201680
2021-06-14 10:11:53,4377.4,201680
2021-06-14 10:11:54,4377.4,201680
2021-06-14 10:11:55,4377.4,201680
2021-06-14 10:11:56,4377.4,201680
2021-06-14 10:11:57,4376.95,201685
2021-06-14 10:11:58,4376.95,201685
2021-06-14 10:11:59,4377.0,201697
2021-06-14 10:12:00,4377.0,201698
2021-06-14 10:12:02,4375.4,201928
2021-06-14 10:12:03,4375.4,201928
2021-06-14 10:12:04,4378.0,201969
2021-06-14 10:12:07,4378.0,201969
2021-06-14 10:12:08,4378.0,201969
2021-06-14 10:12:09,4377.0,201997
2021-06-14 10:12:10,4377.0,202004
2021-06-14 10:12:11,4377.95,202005
2021-06-14 10:12:12,4378.0,202294
2021-06-14 10:12:14,4378.0,202329
2021-06-14 10:12:15,4378.0,202329
2021-06-14 10:12:16,4376.6,202340
2021-06-14 10:12:17,4376.6,202340
2021-06-14 10:12:17,4378.0,202376
2021-06-14 10:12:19,4377.0,202426
2021-06-14 10:12:20,4377.0,202429
2021-06-14 10:12:21,4377.0,202432
2021-06-14 10:12:22,4374.9,202529
2021-06-14 10:12:23,4374.9,202529
2021-06-14 10:12:25,4374.9,202529
2021-06-14 10:12:26,4374.8,202682
2021-06-14 10:12:27,4375.15,202707
2021-06-14 10:12:28,4375.15,202707
2021-06-14 10:12:28,4375.15,202707
2021-06-14 10:12:30,4373.4,202722
2021-06-14 10:12:31,4376.5,202747
2021-06-14 10:12:32,4376.95,202797
