timestamp,ltp,volume
2021-06-14 09:15:47,2736.9,9509
2021-06-14 09:15:48,2737.0,9562
2021-06-14 09:15:49,2737.0,9629
2021-06-14 09:15:50,2737.0,9737
2021-06-14 09:15:51,2737.0,9737
2021-06-14 09:15:52,2736.7,9833
2021-06-14 09:15:53,2736.7,9833
2021-06-14 09:15:54,2736.9,9843
2021-06-14 09:15:55,2734.55,9863
2021-06-14 09:15:57,2736.95,9867
2021-06-14 09:15:58,2736.85,9894
2021-06-14 09:15:59,2734.6,9898
2021-06-14 09:16:00,2736.95,9944
2021-06-14 09:16:01,2735.0,10022
2021-06-14 09:16:04,2735.0,10153
2021-06-14 09:16:05,2734.15,10189
2021-06-14 09:16:06,2735.15,10299
2021-06-14 09:16:07,2734.35,10310
2021-06-14 09:16:08,2734.35,10323
2021-06-14 09:16:09,2735.75,10332
2021-06-14 09:16:10,2735.75,10431
2021-06-14 09:16:11,2737.0,10829
2021-06-14 09:16:12,2736.35,10897
2021-06-14 09:16:13,2737.0,11019
2021-06-14 09:16:14,2737.0,11022
2021-06-14 09:16:15,2737.0,11171
2021-06-14 09:16:17,2737.9,11387
2021-06-14 09:16:18,2738.7,11389
2021-06-14 09:16:19,2738.85,11405
2021-06-14 09:16:20,2738.9,11412
2021-06-14 09:16:24,2742.0,11603
2021-06-14 09:16:25,2742.0,11638
2021-06-14 09:16:26,2743.6,11760
2021-06-14 09:16:27,2742.8,11774
2021-06-14 09:16:28,2744.8,11782
2021-06-14 09:16:29,2746.9,13717
2021-06-14 09:16:30,2746.9,13764
2021-06-14 09:16:31,2748.0,13961
2021-06-14 09:16:32,2749.25,14392
2021-06-14 09:16:33,2749.2,14629
2021-06-14 09:16:34,2749.25,14799
2021-06-14 09:16:35,2749.2,14952
2021-06-14 09:16:36,2750.0,15102
2021-06-14 09:16:37,2749.2,15231
2021-06-14 09:16:38,2749.2,15231
2021-06-14 09:16:40,2748.0,15302
2021-06-14 09:16:41,2748.3,15382
2021-06-14 09:16:41,2748.3,15382
2021-06-14 09:16:42,2748.55,15388
2021-06-14 09:16:43,2746.95,15440
2021-06-14 09:16:44,2746.9,15519
2021-06-14 09:16:45,2746.9,15519
2021-06-14 09:16:46,2748.25,15534
2021-06-14 09:16:47,2747.25,15598
2021-06-14 09:16:48,2747.85,15648
2021-06-14 09:16:49,2747.85,15699
2021-06-14 09:16:50,2747.85,15703
2021-06-14 09:16:51,2747.85,15707
2021-06-14 09:16:52,2746.8,15724
2021-06-14 09:16:53,2747.25,15725
2021-06-14 09:16:54,2747.25,15732
2021-06-14 09:16:55,2747.25,15732
2021-06-14 09:16:56,2746.65,15734
2021-06-14 09:16:57,2747.25,15750
2021-06-14 09:16:58,2747.5,15752
2021-06-14 09:16:59,2746.65,15753
2021-06-14 09:17:00,2744.95,15964
2021-06-14 09:17:02,2747.45,16201
2021-06-14 09:17:03,2747.0,16221
2021-06-14 09:17:04,2746.35,16255
2021-06-14 09:17:06,2747.2,16312
2021-06-14 09:17:06,2747.35,16320
2021-06-14 09:17:07,2747.35,16321
2021-06-14 09:17:08,2747.35,16322
2021-06-14 09:17:09,2745.7,16459
2021-06-14 09:17:10,2746.9,16471
2021-06-14 09:17:11,2745.35,16482
2021-06-14 09:17:12,2745.35,16485
2021-06-14 09:17:13,2746.85,16487
2021-06-14 09:17:14,2746.1,16500
2021-06-14 09:17:15,2746.0,16576
2021-06-14 09:17:16,2746.0,16584
2021-06-14 09:17:17,2745.45,16585
2021-06-14 09:17:18,2745.95,16632
2021-06-14 09:17:19,2746.8,16641
2021-06-14 09:17:20,2746.0,16668
2021-06-14 09:17:21,2746.0,16700
2021-06-14 09:17:22,2746.0,16705
2021-06-14 09:17:23,2746.85,16812
2021-06-14 09:17:24,2747.0,16837
2021-06-14 09:17:25,2746.85,16842
2021-06-14 09:17:26,2747.0,16854
2021-06-14 09:17:27,2744.8,16879
2021-06-14 09:17:28,2747.0,16882
2021-06-14 09:17:29,2746.5,16897
2021-06-14 09:17:30,2746.95,16901
2021-06-14 09:17:31,2746.95,16907
2021-06-14 09:17:32,2745.15,16911
2021-06-14 09:17:33,2746.95,16961
2021-06-14 09:17:34,2746.0,17477
2021-06-14 09:17:35,2744.8,17489
2021-06-14 09:17:36,2747.4,17740
2021-06-14 09:17:37,2747.4,17740
2021-06-14 09:17:38,2748.3,18116
2021-06-14 09:17:39,2750.0,18178
2021-06-14 09:17:40,2749.9,18679
2021-06-14 09:17:41,2750.0,18680
2021-06-14 09:17:42,2750.0,18722
2021-06-14 09:17:43,2751.5,18988
2021-06-14 09:17:44,2751.35,19069
2021-06-14 09:17:45,2752.0,19074
2021-06-14 09:17:46,2754.95,19297
2021-06-14 09:17:47,2755.45,19823
2021-06-14 09:17:48,2755.15,20128
2021-06-14 09:17:49,2754.1,20227
2021-06-14 09:17:50,2754.25,20251
2021-06-14 09:17:51,2755.5,20439
2021-06-14 09:17:52,2755.4,20480
2021-06-14 09:17:53,2754.95,20501
2021-06-14 09:17:54,2755.0,20817
2021-06-14 09:17:55,2757.05,20818
2021-06-14 09:17:56,2754.95,20898
2021-06-14 09:17:57,2754.0,20909
2021-06-14 09:17:58,2754.0,21010
2021-06-14 09:17:59,2755.0,21011
2021-06-14 09:18:00,2755.0,21019
2021-06-14 09:18:01,2755.0,21046
2021-06-14 09:18:02,2755.0,21101
2021-06-14 09:18:03,2754.95,21494
2021-06-14 09:18:04,2755.7,21623
2021-06-14 09:18:05,2755.9,21627
2021-06-14 09:18:06,2757.5,22564
2021-06-14 09:18:07,2758.75,22708
2021-06-14 09:18:08,2759.1,23052
2021-06-14 09:18:09,2759.1,23608
2021-06-14 09:18:10,2757.8,23654
2021-06-14 09:18:11,2758.5,23856
2021-06-14 09:18:13,2756.15,24097
2021-06-14 09:18:14,2756.9,24211
2021-06-14 09:18:15,2757.75,24236
2021-06-14 09:18:16,2757.85,24358
2021-06-14 09:18:16,2757.85,24358
2021-06-14 09:18:18,2755.55,24548
2021-06-14 09:18:19,2757.25,24557
2021-06-14 09:18:19,2755.65,24728
2021-06-14 09:18:20,2754.45,25068
2021-06-14 09:18:22,2754.45,25140
2021-06-14 09:18:23,2754.0,25151
2021-06-14 09:18:24,2753.2,25233
2021-06-14 09:18:24,2754.4,25406
2021-06-14 09:18:25,2753.2,25428
2021-06-14 09:18:27,2754.45,25434
2021-06-14 09:18:27,2754.6,25464
2021-06-14 09:18:28,2754.6,25464
2021-06-14 09:18:29,2755.0,25552
2021-06-14 09:18:30,2754.95,25961
2021-06-14 09:18:32,2755.0,26028
2021-06-14 09:18:32,2755.0,26103
2021-06-14 09:18:33,2754.95,26143
2021-06-14 09:18:35,2755.0,27515
2021-06-14 09:18:36,2755.45,27590
2021-06-14 09:18:37,2755.9,27677
2021-06-14 09:18:38,2755.6,27777
2021-06-14 09:18:39,2756.95,27946
2021-06-14 09:18:40,2757.25,28027
2021-06-14 09:18:41,2758.9,28212
2021-06-14 09:18:41,2757.6,28293
2021-06-14 09:18:42,2758.7,28313
2021-06-14 09:18:44,2755.6,28448
2021-06-14 09:18:45,2756.0,28496
2021-06-14 09:18:46,2757.95,28555
2021-06-14 09:18:47,2758.05,28563
2021-06-14 09:18:48,2758.85,28580
2021-06-14 09:18:49,2757.3,28785
2021-06-14 09:18:50,2760.5,28964
2021-06-14 09:18:51,2760.5,29304
2021-06-14 09:18:52,2760.0,29387
2021-06-14 09:18:53,2758.9,29457
2021-06-14 09:18:54,2760.0,29484
2021-06-14 09:18:54,2758.95,29692
2021-06-14 09:18:55,2760.5,29705
2021-06-14 09:18:57,2760.8,29800
2021-06-14 09:18:56,2760.5,29723
2021-06-14 09:18:59,2758.9,30422
2021-06-14 09:18:59,2758.9,30422
2021-06-14 09:19:01,2758.95,30721
2021-06-14 09:19:01,2760.0,30793
2021-06-14 09:19:03,2759.45,30938
2021-06-14 09:19:04,2759.95,30950
2021-06-14 09:19:05,2759.35,31040
2021-06-14 09:19:06,2759.4,31159
2021-06-14 09:19:07,2759.85,31169
2021-06-14 09:19:08,2760.0,31188
2021-06-14 09:19:08,2759.55,31219
2021-06-14 09:19:10,2759.55,31223
2021-06-14 09:19:11,2757.1,31249
2021-06-14 09:19:12,2757.05,31274
2021-06-14 09:19:13,2759.2,31382
2021-06-14 09:19:14,2758.75,31401
2021-06-14 09:19:15,2758.75,31401
2021-06-14 09:19:17,2758.95,31426
2021-06-14 09:19:17,2756.25,31496
2021-06-14 09:19:18,2758.75,31512
2021-06-14 09:19:20,2757.0,31565
2021-06-14 09:19:21,2756.1,31618
2021-06-14 09:19:22,2757.0,31697
2021-06-14 09:19:23,2756.35,31797
2021-06-14 09:19:24,2758.5,31851
2021-06-14 09:19:25,2758.5,31851
2021-06-14 09:19:26,2758.35,31935
2021-06-14 09:19:26,2758.35,31935
2021-06-14 09:19:27,2758.35,31935
2021-06-14 09:19:28,2758.6,31966
2021-06-14 09:19:29,2758.3,32052
2021-06-14 09:19:30,2758.6,32077
2021-06-14 09:19:31,2758.55,32089
2021-06-14 09:19:32,2758.6,32090
2021-06-14 09:19:33,2758.55,32091
2021-06-14 09:19:34,2758.65,32155
2021-06-14 09:19:35,2758.7,32310
2021-06-14 09:19:36,2758.75,32321
2021-06-14 09:19:37,2758.75,32321
2021-06-14 09:19:38,2758.75,32366
2021-06-14 09:19:40,2759.0,32467
2021-06-14 09:19:41,2759.0,32467
2021-06-14 09:19:42,2759.35,32484
2021-06-14 09:19:43,2758.05,32492
2021-06-14 09:19:44,2759.35,32502
2021-06-14 09:19:45,2758.0,32553
2021-06-14 09:19:46,2759.35,32559
2021-06-14 09:19:47,2758.0,32565
2021-06-14 09:19:48,2759.35,32566
2021-06-14 09:19:49,2758.05,32570
2021-06-14 09:19:50,2757.25,32601
2021-06-14 09:19:51,2758.25,32715
2021-06-14 09:19:52,2758.25,32728
2021-06-14 09:19:52,2757.05,32731
2021-06-14 09:19:53,2757.65,32734
2021-06-14 09:19:54,2757.85,32785
2021-06-14 09:19:55,2756.35,32838
2021-06-14 09:19:56,2756.35,32838
2021-06-14 09:19:58,2756.95,32879
2021-06-14 09:19:59,2755.8,33324
2021-06-14 09:20:01,2756.7,33425
2021-06-14 09:20:01,2756.95,33370
2021-06-14 09:20:02,2756.7,33455
2021-06-14 09:20:03,2757.75,33572
2021-06-14 09:20:04,2758.25,33692
2021-06-14 09:20:05,2756.35,33705
2021-06-14 09:20:06,2757.2,33727
2021-06-14 09:20:08,2757.2,33860
2021-06-14 09:20:09,2757.75,33919
2021-06-14 09:20:10,2757.75,33928
2021-06-14 09:20:11,2756.4,33945
2021-06-14 09:20:12,2756.4,33960
2021-06-14 09:20:12,2755.95,34146
2021-06-14 09:20:13,2755.4,34244
2021-06-14 09:20:14,2755.2,34890
2021-06-14 09:20:15,2755.25,34968
2021-06-14 09:20:16,2754.75,35040
2021-06-14 09:20:17,2755.5,35048
2021-06-14 09:20:18,2755.9,35060
2021-06-14 09:20:19,2756.7,35193
2021-06-14 09:20:20,2755.5,35227
2021-06-14 09:20:21,2754.35,35238
2021-06-14 09:20:23,2754.8,35762
2021-06-14 09:20:23,2756.9,35781
2021-06-14 09:20:24,2756.4,35822
2021-06-14 09:20:26,2756.4,35847
2021-06-14 09:20:27,2756.35,35894
2021-06-14 09:20:28,2754.85,36133
2021-06-14 09:20:29,2754.25,36136
2021-06-14 09:20:29,2754.25,36145
2021-06-14 09:20:31,2755.35,36156
2021-06-14 09:20:32,2755.1,36162
2021-06-14 09:20:33,2755.75,36223
2021-06-14 09:20:34,2755.1,36239
2021-06-14 09:20:34,2755.3,36244
2021-06-14 09:20:35,2754.0,36344
2021-06-14 09:20:36,2755.25,36356
2021-06-14 09:20:38,2754.35,36390
2021-06-14 09:20:38,2754.35,36391
2021-06-14 09:20:40,2754.35,36391
2021-06-14 09:20:41,2754.9,36423
2021-06-14 09:20:42,2754.8,36449
2021-06-14 09:20:43,2754.75,36460
2021-06-14 09:20:44,2751.4,36815
2021-06-14 09:20:44,2751.4,36815
2021-06-14 09:20:46,2752.7,36876
2021-06-14 09:20:47,2750.3,36976
2021-06-14 09:20:48,2752.35,37006
2021-06-14 09:20:49,2752.35,37006
2021-06-14 09:20:50,2750.45,37013
2021-06-14 09:20:51,2752.4,37022
2021-06-14 09:20:52,2751.45,37090
2021-06-14 09:20:52,2755.0,38056
2021-06-14 09:20:53,2755.0,38148
2021-06-14 09:20:54,2754.7,38183
2021-06-14 09:20:55,2754.75,38204
2021-06-14 09:20:56,2756.5,38305
2021-06-14 09:20:57,2755.8,38448
2021-06-14 09:20:59,2757.5,38678
2021-06-14 09:21:01,2746.35,43748
2021-06-14 09:21:02,2746.6,44152
2021-06-14 09:21:04,2747.3,44272
2021-06-14 09:21:05,2748.65,44306
2021-06-14 09:21:06,2750.65,44330
2021-06-14 09:21:07,2751.7,44676
2021-06-14 09:21:08,2752.0,44785
2021-06-14 09:21:09,2752.0,44796
2021-06-14 09:21:10,2752.65,46310
2021-06-14 09:21:11,2752.4,46424
2021-06-14 09:21:12,2752.4,46424
2021-06-14 09:21:13,2752.1,46464
2021-06-14 09:21:14,2752.5,46612
2021-06-14 09:21:15,2755.05,48240
2021-06-14 09:21:16,2755.5,48241
2021-06-14 09:21:17,2755.8,48376
2021-06-14 09:21:18,2756.35,48440
2021-06-14 09:21:19,2755.85,48640
2021-06-14 09:21:20,2756.35,48690
2021-06-14 09:21:21,2757.0,48792
2021-06-14 09:21:22,2757.15,49005
2021-06-14 09:21:23,2756.8,50029
2021-06-14 09:21:24,2755.0,50034
2021-06-14 09:21:25,2759.95,50351
2021-06-14 09:21:26,2759.95,50351
2021-06-14 09:21:27,2761.15,51592
2021-06-14 09:21:27,2760.55,51457
2021-06-14 09:21:28,2760.7,52422
2021-06-14 09:21:29,2759.45,53660
2021-06-14 09:21:30,2759.45,53661
2021-06-14 09:21:31,2758.55,53800
2021-06-14 09:21:32,2760.75,54034
2021-06-14 09:21:33,2760.65,54069
2021-06-14 09:21:34,2761.6,54088
2021-06-14 09:21:35,2761.6,54237
2021-06-14 09:21:36,2761.5,54333
2021-06-14 09:21:37,2761.5,54333
2021-06-14 09:21:38,2761.15,54455
2021-06-14 09:21:39,2761.15,54468
2021-06-14 09:21:41,2762.0,54556
2021-06-14 09:21:44,2761.0,54735
2021-06-14 09:21:45,2761.45,54737
2021-06-14 09:21:46,2761.45,54939
2021-06-14 09:21:47,2761.05,55142
2021-06-14 09:21:49,2761.1,55169
2021-06-14 09:21:50,2761.6,55187
2021-06-14 09:21:51,2762.0,55318
2021-06-14 09:21:51,2762.1,55369
2021-06-14 09:21:53,2762.1,55369
2021-06-14 09:21:53,2762.25,55416
2021-06-14 09:21:54,2760.6,55578
2021-06-14 09:21:55,2761.55,55632
2021-06-14 09:21:56,2760.45,55762
2021-06-14 09:21:57,2761.05,55880
2021-06-14 09:21:58,2760.6,55889
2021-06-14 09:21:59,2758.45,55939
2021-06-14 09:22:01,2759.65,55994
2021-06-14 09:22:01,2759.55,56014
2021-06-14 09:22:02,2759.55,56014
2021-06-14 09:22:03,2759.55,56014
2021-06-14 09:22:05,2759.15,56063
2021-06-14 09:22:06,2756.35,56070
2021-06-14 09:22:07,2756.35,56075
2021-06-14 09:22:08,2758.25,56094
2021-06-14 09:22:09,2758.25,56094
2021-06-14 09:22:10,2758.3,56107
2021-06-14 09:22:11,2756.55,56127
2021-06-14 09:22:12,2756.35,56142
2021-06-14 09:22:13,2756.45,56199
2021-06-14 09:22:14,2756.45,56199
2021-06-14 09:22:15,2758.2,56202
2021-06-14 09:22:15,2759.0,56602
2021-06-14 09:22:16,2758.35,56604
2021-06-14 09:22:17,2759.95,56614
2021-06-14 09:22:18,2759.95,56677
2021-06-14 09:22:20,2759.95,56677
2021-06-14 09:22:20,2759.9,56678
2021-06-14 09:22:22,2759.9,56679
2021-06-14 09:22:22,2758.7,56699
2021-06-14 09:22:23,2760.0,56799
2021-06-14 09:22:24,2759.25,56862
2021-06-14 09:22:26,2759.5,56867
2021-06-14 09:22:27,2761.0,56985
2021-06-14 09:22:28,2762.0,57052
2021-06-14 09:22:30,2760.55,57167
2021-06-14 09:22:31,2762.0,57352
2021-06-14 09:22:32,2762.0,57352
2021-06-14 09:22:33,2761.95,57362
2021-06-14 09:22:34,2761.95,57433
2021-06-14 09:22:34,2761.95,57433
2021-06-14 09:22:36,2761.95,57433
2021-06-14 09:22:37,2759.4,57550
2021-06-14 09:22:37,2759.4,57550
2021-06-14 09:22:39,2758.0,57700
2021-06-14 09:22:40,2758.8,57725
2021-06-14 09:22:41,2758.8,57731
2021-06-14 09:22:42,2757.55,58236
2021-06-14 09:22:43,2758.1,58335
2021-06-14 09:22:44,2758.1,58335
2021-06-14 09:22:46,2758.05,58344
2021-06-14 09:22:47,2758.05,58344
2021-06-14 09:22:48,2758.15,58386
2021-06-14 09:22:49,2758.5,58456
2021-06-14 09:22:50,2758.5,58456
2021-06-14 09:22:51,2758.05,58560
2021-06-14 09:22:52,2759.15,58584
2021-06-14 09:22:53,2759.1,58599
2021-06-14 09:22:54,2758.3,58608
2021-06-14 09:22:55,2758.3,58632
2021-06-14 09:22:56,2758.95,58652
2021-06-14 09:22:57,2758.95,58652
2021-06-14 09:22:58,2758.95,58652
2021-06-14 09:22:59,2758.95,58652
2021-06-14 09:23:00,2758.9,58659
2021-06-14 09:23:01,2758.0,58703
2021-06-14 09:23:02,2755.85,58951
2021-06-14 09:23:03,2755.0,58954
2021-06-14 09:23:04,2755.95,58958
2021-06-14 09:23:05,2755.05,58993
2021-06-14 09:23:05,2755.75,58995
2021-06-14 09:23:07,2755.0,59015
2021-06-14 09:23:07,2756.0,59036
2021-06-14 09:23:09,2756.4,59038
2021-06-14 09:23:10,2756.05,59192
2021-06-14 09:23:11,2758.05,59372
2021-06-14 09:23:12,2758.05,59372
2021-06-14 09:23:13,2756.7,59409
2021-06-14 09:23:14,2756.05,59446
2021-06-14 09:23:15,2757.65,59463
2021-06-14 09:23:16,2756.2,59515
2021-06-14 09:23:17,2756.2,59515
2021-06-14 09:23:18,2757.55,59518
2021-06-14 09:23:18,2757.55,59518
2021-06-14 09:23:20,2756.75,59527
2021-06-14 09:23:21,2756.75,59527
2021-06-14 09:23:23,2755.1,59536
2021-06-14 09:23:24,2755.1,59636
2021-06-14 09:23:25,2755.1,59636
2021-06-14 09:23:27,2754.85,59874
2021-06-14 09:23:28,2754.7,59879
2021-06-14 09:23:29,2754.7,59905
2021-06-14 09:23:30,2752.75,59922
2021-06-14 09:23:31,2752.75,59922
2021-06-14 09:23:31,2754.75,59927
2021-06-14 09:23:32,2753.45,59973
2021-06-14 09:23:34,2755.5,61440
2021-06-14 09:23:35,2759.85,62263
2021-06-14 09:23:36,2758.25,62304
2021-06-14 09:23:37,2759.1,62339
2021-06-14 09:23:38,2759.1,62667
2021-06-14 09:23:39,2759.1,62667
2021-06-14 09:23:40,2759.1,62667
2021-06-14 09:23:41,2759.1,62667
2021-06-14 09:23:42,2759.1,62721
2021-06-14 09:23:43,2759.95,62850
2021-06-14 09:23:44,2760.0,62865
2021-06-14 09:23:45,2759.95,62884
2021-06-14 09:23:46,2760.0,62885
2021-06-14 09:23:46,2759.15,62905
2021-06-14 09:23:47,2758.45,62908
2021-06-14 09:23:48,2758.45,62921
2021-06-14 09:23:49,2760.0,62948
2021-06-14 09:23:50,2758.55,62965
2021-06-14 09:23:53,2760.0,63095
2021-06-14 09:23:54,2759.95,63099
2021-06-14 09:23:55,2759.95,63104
2021-06-14 09:23:56,2758.6,63146
2021-06-14 09:23:57,2758.15,63207
2021-06-14 09:23:58,2758.0,63210
2021-06-14 09:23:59,2758.05,63212
2021-06-14 09:24:00,2759.0,63274
2021-06-14 09:24:00,2759.0,63274
2021-06-14 09:24:01,2756.85,63420
2021-06-14 09:24:03,2759.2,63498
2021-06-14 09:24:04,2757.75,63501
2021-06-14 09:24:05,2758.5,63537
2021-06-14 09:24:06,2758.5,63541
2021-06-14 09:24:07,2758.5,63543
2021-06-14 09:24:08,2757.7,63695
2021-06-14 09:24:09,2759.3,63772
2021-06-14 09:24:10,2759.3,63785
2021-06-14 09:24:11,2759.3,63785
2021-06-14 09:24:11,2759.3,63785
2021-06-14 09:24:13,2759.35,63819
2021-06-14 09:24:14,2759.35,63874
2021-06-14 09:24:15,2759.35,63906
2021-06-14 09:24:16,2758.5,63926
2021-06-14 09:24:17,2758.2,63947
2021-06-14 09:24:18,2758.2,63947
2021-06-14 09:24:19,2759.3,63948
2021-06-14 09:24:20,2759.3,63949
2021-06-14 09:24:21,2759.25,63968
2021-06-14 09:24:22,2759.3,63973
2021-06-14 09:24:23,2759.3,63973
2021-06-14 09:24:24,2759.3,63973
2021-06-14 09:24:25,2758.2,63982
2021-06-14 09:24:25,2758.2,63982
2021-06-14 09:24:27,2759.3,64002
2021-06-14 09:24:28,2759.3,64002
2021-06-14 09:24:28,2759.3,64002
2021-06-14 09:24:30,2759.3,64031
2021-06-14 09:24:31,2759.25,64039
2021-06-14 09:24:32,2759.2,64159
2021-06-14 09:24:33,2759.3,64160
2021-06-14 09:24:34,2758.8,64166
2021-06-14 09:24:35,2759.25,64180
2021-06-14 09:24:35,2759.25,64180
2021-06-14 09:24:37,2757.45,64207
2021-06-14 09:24:38,2755.15,64233
2021-06-14 09:24:39,2756.05,64240
2021-06-14 09:24:40,2756.05,64492
2021-06-14 09:24:41,2756.05,64512
2021-06-14 09:24:42,2756.75,64609
2021-06-14 09:24:43,2758.0,64654
2021-06-14 09:24:44,2758.0,64655
2021-06-14 09:24:45,2758.0,64705
2021-06-14 09:24:46,2757.95,64745
2021-06-14 09:24:47,2757.9,64763
2021-06-14 09:24:48,2757.35,64770
2021-06-14 09:24:50,2757.05,64848
2021-06-14 09:24:51,2757.05,64864
2021-06-14 09:24:52,2757.05,64864
2021-06-14 09:24:53,2756.05,64871
2021-06-14 09:24:54,2757.4,64875
2021-06-14 09:24:55,2757.4,64875
2021-06-14 09:24:56,2756.2,64888
2021-06-14 09:24:58,2756.25,64892
2021-06-14 09:25:00,2754.95,65458
2021-06-14 09:24:59,2754.95,65458
2021-06-14 09:25:01,2754.95,65458
2021-06-14 09:25:02,2754.2,65564
2021-06-14 09:25:03,2755.85,65584
2021-06-14 09:25:04,2756.25,65694
2021-06-14 09:25:05,2755.05,65705
2021-06-14 09:25:06,2756.25,65707
2021-06-14 09:25:07,2756.25,65765
2021-06-14 09:25:08,2756.25,65769
2021-06-14 09:25:10,2756.25,65771
2021-06-14 09:25:09,2756.25,65771
2021-06-14 09:25:11,2756.85,65873
2021-06-14 09:25:12,2756.85,65873
2021-06-14 09:25:13,2757.3,65900
2021-06-14 09:25:14,2756.0,66010
2021-06-14 09:25:15,2756.8,66012
2021-06-14 09:25:16,2756.45,66017
2021-06-14 09:25:17,2757.7,66029
2021-06-14 09:25:18,2757.7,66029
2021-06-14 09:25:19,2757.0,66032
2021-06-14 09:25:20,2756.95,66048
2021-06-14 09:25:21,2756.45,66053
2021-06-14 09:25:22,2757.8,66235
2021-06-14 09:25:24,2757.4,66789
2021-06-14 09:25:23,2757.4,66789
2021-06-14 09:25:25,2756.5,66799
2021-06-14 09:25:26,2756.8,66875
2021-06-14 09:25:27,2757.15,66910
2021-06-14 09:25:28,2757.0,66978
2021-06-14 09:25:29,2757.8,67072
2021-06-14 09:25:30,2757.85,67158
2021-06-14 09:25:31,2757.85,67158
2021-06-14 09:25:33,2756.8,67280
2021-06-14 09:25:32,2757.0,67209
2021-06-14 09:25:34,2756.45,67376
2021-06-14 09:25:35,2757.2,67533
2021-06-14 09:25:36,2755.4,67583
2021-06-14 09:25:37,2757.2,67585
2021-06-14 09:25:38,2757.2,67604
2021-06-14 09:25:40,2755.4,67834
2021-06-14 09:25:41,2755.4,67834
2021-06-14 09:25:42,2755.4,67834
2021-06-14 09:25:43,2754.55,67894
2021-06-14 09:25:44,2756.35,67900
2021-06-14 09:25:45,2756.9,67998
2021-06-14 09:25:46,2757.0,68050
2021-06-14 09:25:47,2757.0,68061
2021-06-14 09:25:48,2757.85,68079
2021-06-14 09:25:50,2757.85,68079
2021-06-14 09:25:49,2757.85,68079
2021-06-14 09:25:51,2758.0,68106
2021-06-14 09:25:52,2758.0,68110
2021-06-14 09:25:53,2758.0,68114
2021-06-14 09:25:54,2758.0,68207
2021-06-14 09:25:55,2758.0,68371
2021-06-14 09:25:56,2758.3,68381
2021-06-14 09:25:57,2758.3,68385
2021-06-14 09:25:58,2758.3,68385
2021-06-14 09:25:59,2758.0,68403
2021-06-14 09:26:01,2758.3,68430
2021-06-14 09:26:00,2758.3,68430
2021-06-14 09:26:02,2757.85,68444
2021-06-14 09:26:03,2758.9,68464
2021-06-14 09:26:04,2757.85,68498
2021-06-14 09:26:05,2758.0,68649
2021-06-14 09:26:06,2758.0,68651
2021-06-14 09:26:07,2758.95,68684
2021-06-14 09:26:08,2757.85,68784
2021-06-14 09:26:09,2758.9,68833
2021-06-14 09:26:10,2758.9,68872
2021-06-14 09:26:11,2759.0,70501
2021-06-14 09:26:12,2760.0,70741
2021-06-14 09:26:13,2760.0,70741
2021-06-14 09:26:14,2758.55,70917
2021-06-14 09:26:15,2758.55,70917
2021-06-14 09:26:17,2762.5,74027
2021-06-14 09:26:18,2762.5,74123
2021-06-14 09:26:19,2762.5,74552
2021-06-14 09:26:20,2763.0,75249
2021-06-14 09:26:21,2763.2,75567
2021-06-14 09:26:22,2763.2,75579
2021-06-14 09:26:23,2766.2,77521
2021-06-14 09:26:24,2765.0,78172
2021-06-14 09:26:25,2767.05,78336
2021-06-14 09:26:26,2768.3,78774
2021-06-14 09:26:27,2768.3,78827
2021-06-14 09:26:28,2767.05,79559
2021-06-14 09:26:30,2770.35,80753
2021-06-14 09:26:31,2766.8,81519
2021-06-14 09:26:32,2768.4,81657
2021-06-14 09:26:33,2767.05,81959
2021-06-14 09:26:34,2767.45,81967
2021-06-14 09:26:35,2767.5,82204
2021-06-14 09:26:36,2769.2,82548
2021-06-14 09:26:37,2769.1,82973
2021-06-14 09:26:38,2767.65,83474
2021-06-14 09:26:40,2768.7,84317
2021-06-14 09:26:41,2771.75,84370
2021-06-14 09:26:42,2770.0,84393
2021-06-14 09:26:43,2767.45,85064
2021-06-14 09:26:44,2767.3,85131
2021-06-14 09:26:45,2767.9,85601
2021-06-14 09:26:46,2767.9,85601
2021-06-14 09:26:48,2770.0,86451
2021-06-14 09:26:49,2769.35,86588
2021-06-14 09:26:50,2769.35,86799
2021-06-14 09:26:51,2770.0,87282
2021-06-14 09:26:52,2768.55,87428
2021-06-14 09:26:53,2769.75,87546
2021-06-14 09:26:54,2769.05,87958
2021-06-14 09:26:55,2769.45,88144
2021-06-14 09:26:56,2768.05,88175
2021-06-14 09:26:57,2768.95,88205
2021-06-14 09:26:58,2765.0,88892
2021-06-14 09:26:59,2766.9,88894
2021-06-14 09:27:01,2767.0,88926
2021-06-14 09:27:02,2768.8,89427
2021-06-14 09:27:03,2767.55,89428
2021-06-14 09:27:04,2767.85,89758
2021-06-14 09:27:05,2769.0,89781
2021-06-14 09:27:07,2767.85,89956
2021-06-14 09:27:08,2767.6,90033
2021-06-14 09:27:09,2767.6,90033
2021-06-14 09:27:11,2765.5,90155
2021-06-14 09:27:12,2762.25,90561
2021-06-14 09:27:13,2765.0,90629
2021-06-14 09:27:14,2765.0,90813
2021-06-14 09:27:15,2764.5,91063
2021-06-14 09:27:16,2764.9,91191
2021-06-14 09:27:17,2763.4,91302
2021-06-14 09:27:18,2763.15,91338
2021-06-14 09:27:19,2759.95,91698
2021-06-14 09:27:20,2763.1,91800
2021-06-14 09:27:21,2761.7,91860
2021-06-14 09:27:22,2762.3,91931
2021-06-14 09:27:23,2763.85,91984
2021-06-14 09:27:24,2762.2,92005
2021-06-14 09:27:25,2763.05,92024
2021-06-14 09:27:26,2761.2,92127
2021-06-14 09:27:27,2760.9,92157
2021-06-14 09:27:28,2761.45,92170
2021-06-14 09:27:29,2760.0,92241
2021-06-14 09:27:30,2761.6,92243
2021-06-14 09:27:31,2761.6,92247
2021-06-14 09:27:33,2761.0,92489
2021-06-14 09:27:34,2758.5,92517
2021-06-14 09:27:35,2760.65,92527
2021-06-14 09:27:37,2758.0,92866
2021-06-14 09:27:38,2758.0,92925
2021-06-14 09:27:40,2758.6,93277
2021-06-14 09:27:40,2757.6,93500
2021-06-14 09:27:41,2758.55,93529
2021-06-14 09:27:42,2758.15,93681
2021-06-14 09:27:44,2759.55,93708
2021-06-14 09:27:44,2759.55,93708
2021-06-14 09:27:45,2760.0,94291
2021-06-14 09:27:47,2760.95,94353
2021-06-14 09:27:48,2760.0,94402
2021-06-14 09:27:49,2760.0,94402
2021-06-14 09:27:50,2759.95,94428
2021-06-14 09:27:51,2761.0,94476
2021-06-14 09:27:52,2759.6,94532
2021-06-14 09:27:53,2759.6,94532
2021-06-14 09:27:54,2760.3,94617
2021-06-14 09:27:55,2760.3,94619
2021-06-14 09:27:56,2761.0,94766
2021-06-14 09:27:57,2761.0,94766
2021-06-14 09:27:58,2760.55,94774
2021-06-14 09:27:59,2760.55,94774
2021-06-14 09:28:00,2760.8,94796
2021-06-14 09:28:01,2761.25,94889
2021-06-14 09:28:02,2760.85,94954
2021-06-14 09:28:03,2759.0,95100
2021-06-14 09:28:04,2760.95,95129
2021-06-14 09:28:05,2758.8,95190
2021-06-14 09:28:06,2761.35,95200
2021-06-14 09:28:07,2759.0,95400
2021-06-14 09:28:08,2761.05,95447
2021-06-14 09:28:09,2761.2,95682
2021-06-14 09:28:10,2759.25,95702
2021-06-14 09:28:11,2762.0,95816
2021-06-14 09:28:12,2761.1,96107
2021-06-14 09:28:13,2761.1,96239
2021-06-14 09:28:14,2761.1,96269
2021-06-14 09:28:15,2760.1,96416
2021-06-14 09:28:16,2760.0,96471
2021-06-14 09:28:17,2760.0,96511
2021-06-14 09:28:18,2759.85,96554
2021-06-14 09:28:19,2759.85,96594
2021-06-14 09:28:20,2759.0,96629
2021-06-14 09:28:21,2759.0,96699
2021-06-14 09:28:22,2759.1,96794
2021-06-14 09:28:23,2759.55,97003
2021-06-14 09:28:24,2760.15,97063
2021-06-14 09:28:25,2759.45,97133
2021-06-14 09:28:26,2757.3,97759
2021-06-14 09:28:27,2758.15,97999
2021-06-14 09:28:28,2758.85,98026
2021-06-14 09:28:29,2757.8,98040
2021-06-14 09:28:30,2759.65,98149
2021-06-14 09:28:31,2758.85,98239
2021-06-14 09:28:32,2759.85,98340
2021-06-14 09:28:33,2759.85,98401
2021-06-14 09:28:34,2758.35,98663
2021-06-14 09:28:35,2758.35,98663
2021-06-14 09:28:36,2759.7,98737
2021-06-14 09:28:38,2760.1,98803
2021-06-14 09:28:40,2761.2,98901
2021-06-14 09:28:41,2761.35,99093
2021-06-14 09:28:42,2760.2,99187
2021-06-14 09:28:43,2759.0,99750
2021-06-14 09:28:44,2761.7,99921
2021-06-14 09:28:45,2761.0,99931
2021-06-14 09:28:46,2761.0,99931
2021-06-14 09:28:47,2761.65,99945
2021-06-14 09:28:48,2762.0,100108
2021-06-14 09:28:49,2762.0,100116
2021-06-14 09:28:50,2761.75,100232
2021-06-14 09:28:51,2761.7,100371
2021-06-14 09:28:52,2761.7,100372
2021-06-14 09:28:53,2761.65,100534
2021-06-14 09:28:54,2763.3,100537
2021-06-14 09:28:55,2762.75,100538
2021-06-14 09:28:56,2763.35,100543
2021-06-14 09:28:57,2764.9,101362
2021-06-14 09:28:59,2762.5,101610
2021-06-14 09:29:00,2762.5,101610
2021-06-14 09:29:01,2762.6,101665
2021-06-14 09:29:02,2764.9,101685
2021-06-14 09:29:03,2764.9,102094
2021-06-14 09:29:04,2766.35,102202
2021-06-14 09:29:05,2766.35,102203
2021-06-14 09:29:06,2766.35,102203
2021-06-14 09:29:07,2766.3,102412
2021-06-14 09:29:08,2765.4,102424
2021-06-14 09:29:10,2765.4,102473
2021-06-14 09:29:11,2766.35,102474
2021-06-14 09:29:12,2766.35,102481
2021-06-14 09:29:13,2766.3,102513
2021-06-14 09:29:14,2764.25,102553
2021-06-14 09:29:15,2764.25,102553
2021-06-14 09:29:16,2765.0,102577
2021-06-14 09:29:17,2766.3,102746
2021-06-14 09:29:17,2766.25,102767
2021-06-14 09:29:18,2765.35,102945
2021-06-14 09:29:19,2766.3,103107
2021-06-14 09:29:20,2766.3,103107
2021-06-14 09:29:21,2766.35,103210
2021-06-14 09:29:22,2766.35,103210
2021-06-14 09:29:23,2766.95,103256
2021-06-14 09:29:24,2766.95,103312
2021-06-14 09:29:25,2765.7,103429
2021-06-14 09:29:26,2766.3,103544
2021-06-14 09:29:27,2765.65,103549
2021-06-14 09:29:29,2764.85,104277
2021-06-14 09:29:29,2764.8,104495
2021-06-14 09:29:30,2761.0,105039
2021-06-14 09:29:33,2763.25,105238
2021-06-14 09:29:34,2763.5,105260
2021-06-14 09:29:37,2765.55,105435
2021-06-14 09:29:37,2763.75,105560
2021-06-14 09:29:38,2765.75,105565
2021-06-14 09:29:39,2765.9,105765
2021-06-14 09:29:40,2764.15,105938
2021-06-14 09:29:42,2763.95,106162
2021-06-14 09:29:43,2763.95,106162
2021-06-14 09:29:44,2764.8,106167
2021-06-14 09:29:45,2763.9,106269
2021-06-14 09:29:46,2765.9,106376
2021-06-14 09:29:47,2766.4,106907
2021-06-14 09:29:49,2765.95,106995
2021-06-14 09:29:50,2764.5,107874
2021-06-14 09:29:51,2764.5,107874
2021-06-14 09:29:52,2765.05,107888
2021-06-14 09:29:53,2766.1,108003
2021-06-14 09:29:54,2765.85,108042
2021-06-14 09:29:55,2765.9,108080
2021-06-14 09:29:56,2766.8,108278
2021-06-14 09:29:57,2766.45,108305
2021-06-14 09:29:59,2764.3,108785
2021-06-14 09:30:01,2765.9,109290
2021-06-14 09:30:02,2766.1,109418
2021-06-14 09:30:03,2766.55,109490
2021-06-14 09:30:04,2766.2,109494
2021-06-14 09:30:05,2767.05,109838
2021-06-14 09:30:06,2767.85,110435
2021-06-14 09:30:08,2766.3,110503
2021-06-14 09:30:09,2767.2,110735
2021-06-14 09:30:10,2767.25,111737
2021-06-14 09:30:11,2767.2,111823
2021-06-14 09:30:12,2765.25,112166
2021-06-14 09:30:13,2767.25,112274
2021-06-14 09:30:14,2767.8,112483
2021-06-14 09:30:15,2765.75,112568
2021-06-14 09:30:16,2767.0,112849
2021-06-14 09:30:17,2765.3,112985
2021-06-14 09:30:18,2766.0,113182
2021-06-14 09:30:19,2767.6,113228
2021-06-14 09:30:20,2767.05,113243
2021-06-14 09:30:21,2767.05,113433
2021-06-14 09:30:22,2767.45,113462
2021-06-14 09:30:23,2765.1,113755
2021-06-14 09:30:24,2763.85,113916
2021-06-14 09:30:26,2764.05,114240
2021-06-14 09:30:27,2765.25,114278
2021-06-14 09:30:30,2766.25,114402
2021-06-14 09:30:32,2765.6,114773
2021-06-14 09:30:33,2765.6,114835
2021-06-14 09:30:37,2766.6,115174
2021-06-14 09:30:38,2766.55,115336
2021-06-14 09:30:40,2765.25,115338
2021-06-14 09:30:41,2766.0,115388
2021-06-14 09:30:42,2764.1,115685
2021-06-14 09:30:43,2765.3,115820
2021-06-14 09:30:44,2764.25,115930
2021-06-14 09:30:45,2765.4,115940
2021-06-14 09:30:46,2766.0,116001
2021-06-14 09:30:47,2766.0,116006
2021-06-14 09:30:48,2765.4,116014
2021-06-14 09:30:49,2766.0,116092
2021-06-14 09:30:50,2764.3,116445
2021-06-14 09:30:51,2764.35,116457
2021-06-14 09:30:53,2764.3,116878
2021-06-14 09:30:54,2764.3,116879
2021-06-14 09:30:55,2764.3,116881
2021-06-14 09:30:57,2764.3,116895
2021-06-14 09:30:59,2762.5,117494
2021-06-14 09:30:59,2762.5,117494
2021-06-14 09:31:00,2762.8,117849
2021-06-14 09:31:01,2763.0,117860
2021-06-14 09:31:02,2763.9,118566
2021-06-14 09:31:03,2763.9,118577
2021-06-14 09:31:04,2762.6,118712
2021-06-14 09:31:05,2763.55,118720
2021-06-14 09:31:06,2762.6,118730
2021-06-14 09:31:07,2763.0,118744
2021-06-14 09:31:08,2763.4,118754
2021-06-14 09:31:09,2763.45,118757
2021-06-14 09:31:10,2763.45,118757
2021-06-14 09:31:11,2762.55,118785
2021-06-14 09:31:12,2762.55,118789
2021-06-14 09:31:13,2762.6,118840
2021-06-14 09:31:14,2762.0,118842
2021-06-14 09:31:15,2762.4,118930
2021-06-14 09:31:16,2763.0,118994
2021-06-14 09:31:17,2763.0,119056
2021-06-14 09:31:18,2763.75,119113
2021-06-14 09:31:19,2763.8,119229
2021-06-14 09:31:20,2763.4,119231
2021-06-14 09:31:21,2763.75,119282
2021-06-14 09:31:22,2763.8,119307
2021-06-14 09:31:23,2763.0,119383
2021-06-14 09:31:24,2763.0,119383
2021-06-14 09:31:25,2763.0,119469
2021-06-14 09:31:26,2763.0,119654
2021-06-14 09:31:27,2762.5,119696
2021-06-14 09:31:28,2762.8,119724
2021-06-14 09:31:29,2763.0,119906
2021-06-14 09:31:30,2762.95,119935
2021-06-14 09:31:32,2762.05,119941
2021-06-14 09:31:33,2761.15,120073
2021-06-14 09:31:34,2761.15,120073
2021-06-14 09:31:35,2761.15,120176
2021-06-14 09:31:36,2762.8,120227
2021-06-14 09:31:37,2762.0,120260
2021-06-14 09:31:38,2761.4,120296
2021-06-14 09:31:39,2760.25,120416
2021-06-14 09:31:40,2761.15,120417
2021-06-14 09:31:41,2760.2,120421
2021-06-14 09:31:42,2762.0,120472
2021-06-14 09:31:43,2760.0,120816
2021-06-14 09:31:44,2760.7,120854
2021-06-14 09:31:46,2760.7,120930
2021-06-14 09:31:48,2760.05,121502
2021-06-14 09:31:49,2760.35,121594
2021-06-14 09:31:50,2760.35,121733
2021-06-14 09:31:51,2757.15,122450
2021-06-14 09:31:52,2757.15,122590
2021-06-14 09:31:53,2757.15,122605
2021-06-14 09:31:54,2758.25,122643
2021-06-14 09:31:54,2758.65,122686
2021-06-14 09:31:55,2758.65,122729
2021-06-14 09:31:56,2758.4,122736
2021-06-14 09:31:57,2756.55,123160
2021-06-14 09:31:58,2756.0,123326
2021-06-14 09:31:59,2756.0,123336
2021-06-14 09:32:02,2757.9,123601
2021-06-14 09:32:03,2756.05,123669
2021-06-14 09:32:04,2757.8,123680
2021-06-14 09:32:05,2757.8,123737
2021-06-14 09:32:06,2757.7,123761
2021-06-14 09:32:07,2757.15,123790
2021-06-14 09:32:08,2756.0,123914
2021-06-14 09:32:09,2755.55,124290
2021-06-14 09:32:10,2756.0,124393
2021-06-14 09:32:11,2752.95,126619
2021-06-14 09:32:13,2752.1,127140
2021-06-14 09:32:14,2750.15,127517
2021-06-14 09:32:15,2750.15,128187
2021-06-14 09:32:16,2750.6,128404
2021-06-14 09:32:17,2750.6,128525
2021-06-14 09:32:18,2750.6,128882
2021-06-14 09:32:19,2751.0,128998
2021-06-14 09:32:19,2751.95,129104
2021-06-14 09:32:20,2751.65,129136
2021-06-14 09:32:22,2751.0,129200
2021-06-14 09:32:23,2751.0,129277
2021-06-14 09:32:24,2751.55,129393
2021-06-14 09:32:25,2750.35,130163
2021-06-14 09:32:26,2751.35,130266
2021-06-14 09:32:27,2751.95,130481
2021-06-14 09:32:28,2751.45,130613
2021-06-14 09:32:29,2751.85,130847
2021-06-14 09:32:30,2751.95,130884
2021-06-14 09:32:31,2751.95,130919
2021-06-14 09:32:32,2752.0,130991
2021-06-14 09:32:33,2749.7,131339
2021-06-14 09:32:34,2751.0,131356
2021-06-14 09:32:36,2752.05,131473
2021-06-14 09:32:37,2751.95,131481
2021-06-14 09:32:38,2751.85,131901
2021-06-14 09:32:39,2751.45,131905
2021-06-14 09:32:40,2751.25,131934
2021-06-14 09:32:40,2751.75,132064
2021-06-14 09:32:45,2749.95,133128
2021-06-14 09:32:45,2750.25,133632
2021-06-14 09:32:46,2750.0,133663
2021-06-14 09:32:48,2750.0,133959
2021-06-14 09:32:48,2749.45,133989
2021-06-14 09:32:49,2748.0,134042
2021-06-14 09:32:50,2749.45,134215
2021-06-14 09:32:51,2749.0,134307
2021-06-14 09:32:52,2748.0,134378
2021-06-14 09:32:53,2746.0,134899
2021-06-14 09:32:55,2745.05,135272
2021-06-14 09:32:55,2746.0,135274
2021-06-14 09:32:56,2745.55,135458
2021-06-14 09:32:58,2745.55,135551
2021-06-14 09:32:59,2747.0,135668
2021-06-14 09:33:00,2747.45,135824
2021-06-14 09:33:01,2746.0,135842
2021-06-14 09:33:03,2745.6,136139
2021-06-14 09:33:03,2745.6,136023
2021-06-14 09:33:04,2745.6,136213
2021-06-14 09:33:05,2745.65,136260
2021-06-14 09:33:06,2745.6,136504
2021-06-14 09:33:08,2745.85,136878
2021-06-14 09:33:09,2742.05,138124
2021-06-14 09:33:09,2742.2,138159
2021-06-14 09:33:10,2744.05,138912
2021-06-14 09:33:11,2741.85,138942
2021-06-14 09:33:12,2743.7,139052
2021-06-14 09:33:13,2744.55,139095
2021-06-14 09:33:16,2742.65,139573
2021-06-14 09:33:17,2742.5,139576
2021-06-14 09:33:19,2744.0,139629
2021-06-14 09:33:20,2744.0,139633
2021-06-14 09:33:21,2742.45,139801
2021-06-14 09:33:22,2742.45,139801
2021-06-14 09:33:23,2742.45,139924
2021-06-14 09:33:24,2744.0,139944
2021-06-14 09:33:25,2744.0,139961
2021-06-14 09:33:26,2742.6,140056
2021-06-14 09:33:26,2742.6,140056
2021-06-14 09:33:29,2744.1,140079
2021-06-14 09:33:30,2745.0,140311
2021-06-14 09:33:31,2744.3,140641
2021-06-14 09:33:32,2742.05,140978
2021-06-14 09:33:33,2745.0,141100
2021-06-14 09:33:34,2745.4,141937
2021-06-14 09:33:35,2745.6,142100
2021-06-14 09:33:36,2745.85,142417
2021-06-14 09:33:37,2745.0,142427
2021-06-14 09:33:38,2745.4,142439
2021-06-14 09:33:39,2745.85,142476
2021-06-14 09:33:40,2744.1,142634
2021-06-14 09:33:41,2744.1,142635
2021-06-14 09:33:42,2745.7,142715
2021-06-14 09:33:43,2745.35,143820
2021-06-14 09:33:43,2745.35,143820
2021-06-14 09:33:44,2744.15,143851
2021-06-14 09:33:46,2746.0,144144
2021-06-14 09:33:47,2745.95,144364
2021-06-14 09:33:48,2744.25,144371
2021-06-14 09:33:49,2744.1,144373
2021-06-14 09:33:50,2744.3,144385
2021-06-14 09:33:51,2743.85,145192
2021-06-14 09:33:54,2744.2,145285
2021-06-14 09:33:55,2742.7,145945
2021-06-14 09:33:56,2745.85,146145
2021-06-14 09:33:57,2746.0,146152
2021-06-14 09:33:58,2746.0,146164
2021-06-14 09:33:59,2745.9,146271
2021-06-14 09:34:00,2745.9,146289
2021-06-14 09:34:01,2745.45,146318
2021-06-14 09:34:02,2746.0,146332
2021-06-14 09:34:03,2746.0,146336
2021-06-14 09:34:04,2745.4,146383
2021-06-14 09:34:05,2745.4,146388
2021-06-14 09:34:07,2743.45,146881
2021-06-14 09:34:08,2745.35,146904
2021-06-14 09:34:08,2745.35,146906
2021-06-14 09:34:09,2745.25,146910
2021-06-14 09:34:10,2744.85,147077
2021-06-14 09:34:12,2744.05,147280
2021-06-14 09:34:13,2745.45,147533
2021-06-14 09:34:14,2743.45,147633
2021-06-14 09:34:15,2743.45,147633
2021-06-14 09:34:16,2743.45,147633
2021-06-14 09:34:16,2738.8,152825
2021-06-14 09:34:17,2736.25,153371
2021-06-14 09:34:18,2736.4,153676
2021-06-14 09:34:19,2739.6,154034
2021-06-14 09:34:20,2739.6,154037
2021-06-14 09:34:22,2736.65,155249
2021-06-14 09:34:22,2738.05,155299
2021-06-14 09:34:23,2736.25,155300
2021-06-14 09:34:24,2736.25,155311
2021-06-14 09:34:26,2735.3,156109
2021-06-14 09:34:26,2733.8,156169
2021-06-14 09:34:27,2735.65,156303
2021-06-14 09:34:28,2736.35,156405
2021-06-14 09:34:29,2734.6,156529
2021-06-14 09:34:30,2734.7,156582
2021-06-14 09:34:32,2735.6,156675
2021-06-14 09:34:33,2734.05,156743
2021-06-14 09:34:34,2736.3,156798
2021-06-14 09:34:35,2734.85,156903
2021-06-14 09:34:36,2735.9,156964
2021-06-14 09:34:38,2734.7,157169
2021-06-14 09:34:38,2733.95,157198
2021-06-14 09:34:39,2734.7,157200
2021-06-14 09:34:40,2733.1,157417
2021-06-14 09:34:41,2732.9,157788
2021-06-14 09:34:42,2734.85,158178
2021-06-14 09:34:43,2733.2,158193
2021-06-14 09:34:44,2735.15,158194
2021-06-14 09:34:45,2734.95,158493
2021-06-14 09:34:46,2734.8,158515
2021-06-14 09:34:48,2734.15,158621
2021-06-14 09:34:49,2734.75,158815
2021-06-14 09:34:50,2733.05,158861
2021-06-14 09:34:51,2733.3,158948
2021-06-14 09:34:51,2733.3,158948
2021-06-14 09:34:53,2733.5,158978
2021-06-14 09:34:54,2735.0,159502
2021-06-14 09:34:55,2733.5,159607
2021-06-14 09:34:56,2733.3,160179
2021-06-14 09:34:57,2733.35,160196
2021-06-14 09:35:00,2731.0,160737
2021-06-14 09:35:01,2733.05,161396
2021-06-14 09:35:02,2733.1,161557
2021-06-14 09:35:03,2732.15,161741
2021-06-14 09:35:04,2732.75,161976
2021-06-14 09:35:05,2731.45,162046
2021-06-14 09:35:06,2731.45,162046
2021-06-14 09:35:07,2732.7,162053
2021-06-14 09:35:08,2732.95,162201
2021-06-14 09:35:09,2733.15,162242
2021-06-14 09:35:10,2732.8,162275
2021-06-14 09:35:11,2732.85,162279
2021-06-14 09:35:12,2732.75,162419
2021-06-14 09:35:13,2732.1,162482
2021-06-14 09:35:14,2732.1,162483
2021-06-14 09:35:15,2734.0,162607
2021-06-14 09:35:16,2733.2,162660
2021-06-14 09:35:17,2734.6,162942
2021-06-14 09:35:18,2736.4,163069
2021-06-14 09:35:27,2736.95,163408
2021-06-14 09:35:30,2736.9,163531
2021-06-14 09:35:29,2736.9,163531
2021-06-14 09:35:32,2736.05,164297
2021-06-14 09:35:33,2736.4,164318
2021-06-14 09:35:35,2737.0,164593
2021-06-14 09:35:36,2738.5,164637
2021-06-14 09:35:37,2737.3,164654
2021-06-14 09:35:38,2737.4,164673
2021-06-14 09:35:39,2736.0,165623
2021-06-14 09:35:40,2736.6,165628
2021-06-14 09:35:41,2735.2,165637
2021-06-14 09:35:42,2735.0,165640
2021-06-14 09:35:43,2737.95,166434
2021-06-14 09:35:44,2738.0,166444
2021-06-14 09:35:45,2739.9,166614
2021-06-14 09:35:46,2738.35,166622
2021-06-14 09:35:47,2742.6,166804
2021-06-14 09:35:48,2743.25,167234
2021-06-14 09:35:50,2743.3,167303
2021-06-14 09:35:51,2741.9,167440
2021-06-14 09:35:52,2741.7,167663
2021-06-14 09:35:53,2741.45,168008
2021-06-14 09:35:55,2741.95,168090
2021-06-14 09:35:59,2743.05,168430
2021-06-14 09:35:58,2741.5,168426
2021-06-14 09:36:00,2741.6,168475
2021-06-14 09:36:01,2743.05,168656
2021-06-14 09:36:03,2741.5,168657
2021-06-14 09:36:04,2743.0,168727
2021-06-14 09:36:05,2744.6,168749
2021-06-14 09:36:08,2740.55,170480
2021-06-14 09:36:09,2740.55,170482
2021-06-14 09:36:10,2740.55,170482
2021-06-14 09:36:11,2739.0,170488
2021-06-14 09:36:12,2739.0,170488
2021-06-14 09:36:13,2740.0,170494
2021-06-14 09:36:14,2738.25,170539
2021-06-14 09:36:15,2739.25,170543
2021-06-14 09:36:16,2737.85,170568
2021-06-14 09:36:17,2737.85,170568
2021-06-14 09:36:18,2737.9,170582
2021-06-14 09:36:19,2737.9,170590
2021-06-14 09:36:20,2737.9,170590
2021-06-14 09:36:21,2739.25,170711
2021-06-14 09:36:22,2740.35,170760
2021-06-14 09:36:23,2737.85,170860
2021-06-14 09:36:24,2739.95,170923
2021-06-14 09:36:25,2739.85,170924
2021-06-14 09:36:26,2737.85,170935
2021-06-14 09:36:27,2737.85,170935
2021-06-14 09:36:28,2737.55,170937
2021-06-14 09:36:29,2739.0,170994
2021-06-14 09:36:30,2738.85,170998
2021-06-14 09:36:31,2737.45,171048
2021-06-14 09:36:32,2739.2,171053
2021-06-14 09:36:33,2739.2,171053
2021-06-14 09:36:34,2739.05,171078
2021-06-14 09:36:35,2739.05,171078
2021-06-14 09:36:36,2739.05,171078
2021-06-14 09:36:37,2739.05,171078
2021-06-14 09:36:38,2737.4,171100
2021-06-14 09:36:39,2738.75,171110
2021-06-14 09:36:41,2739.95,171183
2021-06-14 09:36:42,2737.6,171231
2021-06-14 09:36:43,2738.75,171237
2021-06-14 09:36:44,2738.75,171237
2021-06-14 09:36:45,2737.85,171242
2021-06-14 09:36:46,2737.45,171293
2021-06-14 09:36:47,2738.0,171382
2021-06-14 09:36:48,2737.35,171385
2021-06-14 09:36:49,2737.35,171385
2021-06-14 09:36:50,2737.35,171385
2021-06-14 09:36:51,2738.8,171397
2021-06-14 09:36:52,2738.9,171417
2021-06-14 09:36:53,2739.15,171480
2021-06-14 09:36:54,2739.15,171580
2021-06-14 09:36:55,2737.6,171585
2021-06-14 09:36:56,2739.1,171685
2021-06-14 09:36:57,2739.1,171685
2021-06-14 09:36:58,2738.2,171700
2021-06-14 09:36:59,2739.1,171705
2021-06-14 09:37:01,2739.15,171857
2021-06-14 09:37:02,2739.15,171860
2021-06-14 09:37:03,2739.15,171860
2021-06-14 09:37:05,2739.15,171877
2021-06-14 09:37:06,2739.15,171887
2021-06-14 09:37:07,2739.15,171888
2021-06-14 09:37:08,2739.15,171903
2021-06-14 09:37:09,2739.15,171906
2021-06-14 09:37:10,2738.4,171932
2021-06-14 09:37:11,2740.0,171994
2021-06-14 09:37:12,2739.3,172037
2021-06-14 09:37:13,2739.3,172037
2021-06-14 09:37:14,2739.3,172037
2021-06-14 09:37:15,2739.15,172064
2021-06-14 09:37:16,2739.3,172164
2021-06-14 09:37:17,2739.15,172208
2021-06-14 09:37:18,2739.15,172276
2021-06-14 09:37:20,2739.0,172279
2021-06-14 09:37:19,2739.15,172276
2021-06-14 09:37:21,2739.0,172279
2021-06-14 09:37:22,2739.15,172300
2021-06-14 09:37:23,2739.15,172314
2021-06-14 09:37:24,2737.4,172824
2021-06-14 09:37:25,2739.5,172829
2021-06-14 09:37:26,2739.5,172829
2021-06-14 09:37:27,2739.5,172829
2021-06-14 09:37:28,2739.0,172832
2021-06-14 09:37:29,2737.45,172843
2021-06-14 09:37:30,2737.45,172843
2021-06-14 09:37:31,2739.45,172973
2021-06-14 09:37:32,2739.45,172973
2021-06-14 09:37:33,2739.45,172973
2021-06-14 09:37:34,2739.45,172973
2021-06-14 09:37:35,2738.0,172974
2021-06-14 09:37:36,2738.0,172974
2021-06-14 09:37:37,2738.0,172979
2021-06-14 09:37:38,2738.0,173073
2021-06-14 09:37:39,2737.5,173083
2021-06-14 09:37:40,2736.45,173790
2021-06-14 09:37:41,2738.75,173825
2021-06-14 09:37:42,2739.0,173875
2021-06-14 09:37:43,2739.0,173875
2021-06-14 09:37:44,2738.0,173885
2021-06-14 09:37:45,2739.85,174165
2021-06-14 09:37:46,2739.05,174170
2021-06-14 09:37:47,2739.05,174170
2021-06-14 09:37:48,2739.45,174172
2021-06-14 09:37:49,2741.0,174379
2021-06-14 09:37:50,2741.05,174385
2021-06-14 09:37:51,2741.05,174385
2021-06-14 09:37:52,2741.05,174385
2021-06-14 09:37:53,2743.75,174573
2021-06-14 09:37:54,2743.75,174573
2021-06-14 09:37:55,2741.25,174589
2021-06-14 09:37:56,2741.25,174589
2021-06-14 09:37:57,2743.15,175018
2021-06-14 09:37:58,2741.55,175021
2021-06-14 09:37:59,2742.95,175066
2021-06-14 09:38:00,2742.95,175066
2021-06-14 09:38:01,2742.95,175066
2021-06-14 09:38:02,2742.95,175066
2021-06-14 09:38:03,2742.95,175066
2021-06-14 09:38:04,2742.95,175066
2021-06-14 09:38:07,2741.35,175563
2021-06-14 09:38:08,2741.3,175565
2021-06-14 09:38:09,2741.3,175565
2021-06-14 09:38:10,2743.45,175582
2021-06-14 09:38:12,2741.85,175687
2021-06-14 09:38:13,2738.05,175842
2021-06-14 09:38:14,2738.05,175842
2021-06-14 09:38:15,2738.05,175842
2021-06-14 09:38:16,2739.65,175844
2021-06-14 09:38:17,2739.65,175844
2021-06-14 09:38:18,2738.25,175847
2021-06-14 09:38:19,2738.25,175847
2021-06-14 09:38:20,2739.9,175949
2021-06-14 09:38:22,2741.1,175954
2021-06-14 09:38:22,2741.1,175954
2021-06-14 09:38:23,2741.1,175979
2021-06-14 09:38:24,2741.1,175979
2021-06-14 09:38:25,2741.15,176010
2021-06-14 09:38:26,2738.7,176260
2021-06-14 09:38:27,2741.0,176283
2021-06-14 09:38:28,2739.75,176285
2021-06-14 09:38:29,2739.75,176285
2021-06-14 09:38:30,2739.75,176285
2021-06-14 09:38:31,2741.0,176316
2021-06-14 09:38:32,2739.8,176366
2021-06-14 09:38:33,2741.6,176408
2021-06-14 09:38:34,2741.6,176408
2021-06-14 09:38:35,2740.1,176429
2021-06-14 09:38:36,2740.1,176441
2021-06-14 09:38:37,2740.1,176441
2021-06-14 09:38:38,2740.1,176444
2021-06-14 09:38:39,2740.1,176444
2021-06-14 09:38:40,2740.1,176444
2021-06-14 09:38:41,2741.25,176960
2021-06-14 09:38:42,2741.2,176970
2021-06-14 09:38:44,2741.6,177428
2021-06-14 09:38:45,2741.65,177440
2021-06-14 09:38:46,2741.65,177461
2021-06-14 09:38:48,2741.65,177465
2021-06-14 09:38:49,2741.65,177630
2021-06-14 09:38:50,2741.65,177630
2021-06-14 09:38:52,2741.3,177758
2021-06-14 09:38:53,2741.35,177760
2021-06-14 09:38:53,2741.35,177760
2021-06-14 09:38:54,2741.35,177760
2021-06-14 09:38:55,2741.35,177876
2021-06-14 09:38:56,2741.35,177889
2021-06-14 09:38:57,2742.45,177929
2021-06-14 09:38:58,2742.45,177929
2021-06-14 09:38:59,2742.55,177980
2021-06-14 09:39:00,2742.55,177990
2021-06-14 09:39:01,2744.0,177993
2021-06-14 09:39:02,2742.6,178050
2021-06-14 09:39:03,2742.6,178050
2021-06-14 09:39:04,2742.4,178137
2021-06-14 09:39:05,2742.4,178137
2021-06-14 09:39:06,2742.4,178137
2021-06-14 09:39:08,2742.4,178137
2021-06-14 09:39:09,2742.4,178137
2021-06-14 09:39:10,2742.25,178138
2021-06-14 09:39:11,2742.25,178138
2021-06-14 09:39:11,2744.0,178194
2021-06-14 09:39:12,2742.3,178197
2021-06-14 09:39:13,2742.3,178197
2021-06-14 09:39:14,2742.3,178197
2021-06-14 09:39:15,2742.3,178238
2021-06-14 09:39:16,2742.35,178384
2021-06-14 09:39:17,2742.35,178384
2021-06-14 09:39:18,2742.35,178384
2021-06-14 09:39:19,2742.35,178384
2021-06-14 09:39:20,2742.35,178384
2021-06-14 09:39:21,2742.35,178384
2021-06-14 09:39:22,2742.35,178384
2021-06-14 09:39:23,2742.5,178387
2021-06-14 09:39:24,2742.5,178387
2021-06-14 09:39:25,2744.0,178393
2021-06-14 09:39:26,2744.0,178393
2021-06-14 09:39:27,2744.0,178450
2021-06-14 09:39:28,2742.0,178758
2021-06-14 09:39:29,2742.0,178758
2021-06-14 09:39:30,2743.65,178759
2021-06-14 09:39:31,2743.65,178759
2021-06-14 09:39:32,2743.65,178759
2021-06-14 09:39:33,2743.65,178812
2021-06-14 09:39:34,2742.1,178832
2021-06-14 09:39:37,2743.65,178835
2021-06-14 09:39:38,2743.65,178835
2021-06-14 09:39:39,2743.65,178839
2021-06-14 09:39:40,2742.05,178844
2021-06-14 09:39:41,2742.0,178899
2021-06-14 09:39:43,2742.0,178901
2021-06-14 09:39:44,2743.55,178902
2021-06-14 09:39:45,2742.0,179011
2021-06-14 09:39:46,2741.65,179161
2021-06-14 09:39:47,2741.65,179161
2021-06-14 09:39:47,2741.65,179161
2021-06-14 09:39:48,2741.65,179161
2021-06-14 09:39:49,2741.65,179161
2021-06-14 09:39:50,2741.65,179161
2021-06-14 09:39:51,2740.1,179165
2021-06-14 09:39:52,2740.1,179165
2021-06-14 09:39:53,2740.1,179165
2021-06-14 09:39:54,2741.35,179175
2021-06-14 09:39:55,2741.0,179275
2021-06-14 09:39:57,2737.5,180362
2021-06-14 09:39:58,2737.45,180407
2021-06-14 09:39:59,2737.45,180407
2021-06-14 09:40:00,2738.5,180414
2021-06-14 09:40:01,2738.5,180414
2021-06-14 09:40:02,2737.45,180592
2021-06-14 09:40:03,2737.45,180592
2021-06-14 09:40:05,2737.5,180596
2021-06-14 09:40:05,2737.5,180596
2021-06-14 09:40:08,2739.5,180605
2021-06-14 09:40:09,2739.5,180605
2021-06-14 09:40:10,2739.5,180605
2021-06-14 09:40:10,2739.3,180680
2021-06-14 09:40:12,2739.3,180680
2021-06-14 09:40:12,2739.3,180685
2021-06-14 09:40:13,2739.3,180685
2021-06-14 09:40:14,2737.95,180722
2021-06-14 09:40:15,2737.95,180722
2021-06-14 09:40:16,2737.95,180722
2021-06-14 09:40:18,2737.9,180732
2021-06-14 09:40:19,2737.9,180732
2021-06-14 09:40:19,2737.9,180732
2021-06-14 09:40:21,2738.7,180742
2021-06-14 09:40:22,2738.7,180742
2021-06-14 09:40:23,2737.4,180743
2021-06-14 09:40:24,2737.4,180743
2021-06-14 09:40:26,2737.4,180743
2021-06-14 09:40:28,2737.4,180743
2021-06-14 09:40:28,2736.85,180843
2021-06-14 09:40:29,2737.35,180953
2021-06-14 09:40:30,2737.3,180979
2021-06-14 09:40:33,2737.35,181089
2021-06-14 09:40:34,2736.0,181114
2021-06-14 09:40:34,2736.0,181114
2021-06-14 09:40:35,2735.25,181116
2021-06-14 09:40:36,2736.9,181146
2021-06-14 09:40:37,2735.15,181346
2021-06-14 09:40:38,2736.0,181347
2021-06-14 09:40:39,2736.0,181368
2021-06-14 09:40:40,2734.1,182193
2021-06-14 09:40:41,2732.55,182217
2021-06-14 09:40:42,2734.7,182223
2021-06-14 09:40:43,2734.75,182234
2021-06-14 09:40:45,2732.55,182332
2021-06-14 09:40:47,2733.9,182575
2021-06-14 09:40:48,2733.85,182577
2021-06-14 09:40:49,2733.85,182577
2021-06-14 09:40:50,2731.4,182995
2021-06-14 09:40:51,2733.25,183002
2021-06-14 09:40:53,2733.75,183005
2021-06-14 09:40:54,2733.75,183016
2021-06-14 09:40:56,2731.65,183054
2021-06-14 09:40:57,2733.6,183124
2021-06-14 09:40:58,2731.9,183261
2021-06-14 09:41:01,2731.9,183261
2021-06-14 09:41:02,2733.6,183302
2021-06-14 09:41:03,2733.45,183303
2021-06-14 09:41:04,2733.45,183303
2021-06-14 09:41:05,2733.45,183308
2021-06-14 09:41:06,2733.45,183308
2021-06-14 09:41:07,2733.5,183311
2021-06-14 09:41:09,2732.05,183312
2021-06-14 09:41:09,2732.05,183352
2021-06-14 09:41:10,2733.5,183355
2021-06-14 09:41:12,2732.05,183379
2021-06-14 09:41:12,2732.0,183382
2021-06-14 09:41:14,2733.15,183526
2021-06-14 09:41:15,2733.15,183541
2021-06-14 09:41:16,2733.15,183543
2021-06-14 09:41:17,2733.15,183543
2021-06-14 09:41:18,2731.95,183572
2021-06-14 09:41:19,2733.15,183662
2021-06-14 09:41:20,2733.15,183681
2021-06-14 09:41:21,2733.15,183681
2021-06-14 09:41:22,2732.0,183689
2021-06-14 09:41:23,2731.9,183939
2021-06-14 09:41:24,2731.9,183944
2021-06-14 09:41:25,2731.9,183944
2021-06-14 09:41:26,2731.9,183944
2021-06-14 09:41:27,2731.9,184157
2021-06-14 09:41:28,2731.9,184157
2021-06-14 09:41:29,2731.65,184172
2021-06-14 09:41:30,2731.65,184172
2021-06-14 09:41:31,2731.65,184172
2021-06-14 09:41:32,2731.5,184351
2021-06-14 09:41:33,2731.75,184352
2021-06-14 09:41:34,2731.75,184352
2021-06-14 09:41:36,2731.75,184352
2021-06-14 09:41:36,2732.6,184477
2021-06-14 09:41:38,2731.65,184508
2021-06-14 09:41:38,2731.65,184508
2021-06-14 09:41:39,2732.85,184548
2021-06-14 09:41:40,2732.85,184548
2021-06-14 09:41:41,2734.0,184831
2021-06-14 09:41:42,2732.4,184881
2021-06-14 09:41:43,2732.4,184881
2021-06-14 09:41:44,2732.4,184881
2021-06-14 09:41:46,2732.4,184881
2021-06-14 09:41:48,2732.1,184903
2021-06-14 09:41:49,2735.0,185034
2021-06-14 09:41:50,2735.0,185034
2021-06-14 09:41:52,2735.0,185034
2021-06-14 09:41:52,2732.9,185039
2021-06-14 09:41:53,2734.65,185054
2021-06-14 09:41:54,2734.65,185072
2021-06-14 09:41:55,2734.65,185072
2021-06-14 09:41:56,2734.65,185072
2021-06-14 09:41:58,2735.0,185075
2021-06-14 09:41:59,2735.0,185075
2021-06-14 09:42:00,2735.0,185075
2021-06-14 09:42:00,2735.0,185075
2021-06-14 09:42:01,2735.0,185075
2021-06-14 09:42:02,2735.0,185075
2021-06-14 09:42:03,2735.0,185077
2021-06-14 09:42:05,2735.0,185127
2021-06-14 09:42:06,2733.45,185138
2021-06-14 09:42:08,2733.45,185138
2021-06-14 09:42:11,2735.0,185145
2021-06-14 09:42:12,2735.0,185145
2021-06-14 09:42:13,2733.8,185220
2021-06-14 09:42:14,2733.8,185220
2021-06-14 09:42:15,2734.0,185270
2021-06-14 09:42:16,2734.0,185271
2021-06-14 09:42:17,2734.0,185271
2021-06-14 09:42:18,2736.6,185663
2021-06-14 09:42:19,2737.0,185673
2021-06-14 09:42:20,2737.4,185683
2021-06-14 09:42:21,2737.85,185688
2021-06-14 09:42:22,2737.85,185688
2021-06-14 09:42:23,2737.85,185688
2021-06-14 09:42:24,2737.85,185688
2021-06-14 09:42:25,2737.85,185688
2021-06-14 09:42:25,2736.55,185689
2021-06-14 09:42:26,2738.0,185739
2021-06-14 09:42:27,2738.0,185739
2021-06-14 09:42:29,2737.35,185743
2021-06-14 09:42:30,2737.35,185743
2021-06-14 09:42:30,2737.35,185743
2021-06-14 09:42:32,2737.35,185743
2021-06-14 09:42:33,2737.35,185751
2021-06-14 09:42:34,2737.35,185751
2021-06-14 09:42:35,2738.7,185752
2021-06-14 09:42:36,2737.35,185753
2021-06-14 09:42:37,2738.0,185754
2021-06-14 09:42:38,2738.0,185754
2021-06-14 09:42:39,2738.75,185755
2021-06-14 09:42:40,2737.45,185805
2021-06-14 09:42:41,2737.45,185805
2021-06-14 09:42:42,2737.45,185806
2021-06-14 09:42:43,2738.75,185807
2021-06-14 09:42:46,2738.15,185895
2021-06-14 09:42:47,2738.45,185905
2021-06-14 09:42:48,2738.7,185913
2021-06-14 09:42:49,2737.35,186116
2021-06-14 09:42:50,2737.35,186116
2021-06-14 09:42:51,2738.65,186119
2021-06-14 09:42:52,2738.65,186131
2021-06-14 09:42:53,2738.65,186131
2021-06-14 09:42:54,2739.0,186331
2021-06-14 09:42:55,2739.0,186331
2021-06-14 09:42:55,2737.35,186336
2021-06-14 09:42:56,2737.25,186380
2021-06-14 09:42:57,2738.65,186383
2021-06-14 09:42:59,2736.75,186483
2021-06-14 09:42:59,2737.05,186487
2021-06-14 09:43:01,2738.55,186497
2021-06-14 09:43:03,2737.1,186499
2021-06-14 09:43:04,2738.0,186605
2021-06-14 09:43:05,2738.55,186705
2021-06-14 09:43:06,2737.05,186707
2021-06-14 09:43:07,2737.05,186707
2021-06-14 09:43:08,2738.6,186732
2021-06-14 09:43:09,2736.0,186784
2021-06-14 09:43:10,2736.0,186784
2021-06-14 09:43:12,2735.0,186804
2021-06-14 09:43:13,2735.0,186895
2021-06-14 09:43:14,2734.55,186975
2021-06-14 09:43:16,2734.5,186995
2021-06-14 09:43:17,2734.5,186995
2021-06-14 09:43:18,2734.5,186995
2021-06-14 09:43:19,2732.95,187055
2021-06-14 09:43:22,2732.65,187191
2021-06-14 09:43:25,2732.2,187254
2021-06-14 09:43:26,2734.15,187299
2021-06-14 09:43:27,2734.15,187299
2021-06-14 09:43:28,2732.4,187307
2021-06-14 09:43:29,2732.4,187307
2021-06-14 09:43:30,2733.0,187529
2021-06-14 09:43:31,2732.8,187629
2021-06-14 09:43:32,2732.8,187903
2021-06-14 09:43:33,2732.8,187903
2021-06-14 09:43:35,2732.75,187980
2021-06-14 09:43:36,2733.0,187981
2021-06-14 09:43:37,2733.0,188057
2021-06-14 09:43:38,2733.0,188057
2021-06-14 09:43:39,2733.0,188060
2021-06-14 09:43:40,2732.4,188070
2021-06-14 09:43:41,2732.4,188070
2021-06-14 09:43:42,2733.0,188095
2021-06-14 09:43:43,2733.0,188095
2021-06-14 09:43:44,2733.0,188095
2021-06-14 09:43:45,2733.0,188095
2021-06-14 09:43:46,2733.0,188265
2021-06-14 09:43:47,2733.0,188265
2021-06-14 09:43:48,2732.25,188305
2021-06-14 09:43:49,2732.25,188305
2021-06-14 09:43:49,2732.4,188306
2021-06-14 09:43:50,2732.4,188306
2021-06-14 09:43:51,2733.0,188307
2021-06-14 09:43:52,2732.15,188406
2021-06-14 09:43:53,2733.0,188407
2021-06-14 09:43:54,2733.0,188407
2021-06-14 09:43:55,2733.0,188423
2021-06-14 09:43:56,2732.5,188523
2021-06-14 09:43:58,2733.8,189571
2021-06-14 09:43:59,2732.4,189676
2021-06-14 09:44:01,2730.6,190263
2021-06-14 09:44:02,2730.45,190466
2021-06-14 09:44:03,2731.0,190467
2021-06-14 09:44:04,2728.0,192576
2021-06-14 09:44:05,2730.25,192603
2021-06-14 09:44:06,2730.25,192603
2021-06-14 09:44:07,2730.25,192603
2021-06-14 09:44:08,2730.0,192608
2021-06-14 09:44:09,2730.0,192868
2021-06-14 09:44:10,2730.0,193198
2021-06-14 09:44:11,2730.0,193388
2021-06-14 09:44:12,2730.0,193432
2021-06-14 09:44:13,2730.0,193457
2021-06-14 09:44:14,2730.0,193557
2021-06-14 09:44:15,2730.0,193557
2021-06-14 09:44:16,2729.85,193572
2021-06-14 09:44:17,2728.35,193753
2021-06-14 09:44:17,2728.35,193753
2021-06-14 09:44:19,2730.0,193830
2021-06-14 09:44:21,2728.7,193916
2021-06-14 09:44:22,2730.0,193917
2021-06-14 09:44:23,2730.0,193933
2021-06-14 09:44:24,2730.0,193954
2021-06-14 09:44:25,2730.0,193987
2021-06-14 09:44:26,2730.0,193988
2021-06-14 09:44:26,2730.0,193988
2021-06-14 09:44:28,2728.5,194043
2021-06-14 09:44:29,2728.5,194043
2021-06-14 09:44:30,2728.05,194223
2021-06-14 09:44:32,2724.25,199041
2021-06-14 09:44:33,2723.15,199066
2021-06-14 09:44:35,2723.4,199072
2021-06-14 09:44:35,2726.8,199300
2021-06-14 09:44:37,2725.4,199373
2021-06-14 09:44:38,2725.4,199373
2021-06-14 09:44:39,2725.0,199463
2021-06-14 09:44:40,2725.0,199489
2021-06-14 09:44:41,2727.2,199743
2021-06-14 09:44:42,2724.4,199966
2021-06-14 09:44:43,2724.05,200061
2021-06-14 09:44:45,2724.5,200308
2021-06-14 09:44:46,2725.0,200723
2021-06-14 09:44:47,2725.0,200748
2021-06-14 09:44:50,2725.0,201335
2021-06-14 09:44:51,2724.5,201424
2021-06-14 09:44:52,2724.5,201424
2021-06-14 09:44:54,2724.0,201844
2021-06-14 09:44:54,2723.4,201925
2021-06-14 09:44:55,2723.4,201925
2021-06-14 09:44:56,2722.05,202190
2021-06-14 09:44:57,2720.3,202260
2021-06-14 09:44:58,2720.15,202285
2021-06-14 09:44:59,2722.95,204007
2021-06-14 09:45:01,2723.05,204088
2021-06-14 09:45:00,2723.1,204022
2021-06-14 09:45:02,2722.15,204326
2021-06-14 09:45:03,2722.6,204499
2021-06-14 09:45:04,2722.55,204516
2021-06-14 09:45:06,2721.15,204815
2021-06-14 09:45:06,2720.7,204987
2021-06-14 09:45:08,2720.7,204987
2021-06-14 09:45:09,2718.9,205884
2021-06-14 09:45:10,2721.5,205993
2021-06-14 09:45:12,2720.7,206255
2021-06-14 09:45:13,2720.7,206260
2021-06-14 09:45:14,2718.7,206360
2021-06-14 09:45:14,2720.6,206370
2021-06-14 09:45:15,2720.0,206480
2021-06-14 09:45:16,2716.9,206723
2021-06-14 09:45:17,2716.8,207066
2021-06-14 09:45:18,2718.35,207126
2021-06-14 09:45:19,2716.85,207538
2021-06-14 09:45:20,2717.9,207595
2021-06-14 09:45:21,2717.9,207605
2021-06-14 09:45:22,2715.3,208417
2021-06-14 09:45:24,2712.05,209344
2021-06-14 09:45:25,2713.55,209659
2021-06-14 09:45:26,2713.9,210013
2021-06-14 09:45:27,2714.55,210060
2021-06-14 09:45:28,2713.9,210160
2021-06-14 09:45:29,2713.0,210443
2021-06-14 09:45:30,2713.25,210805
2021-06-14 09:45:31,2713.25,210805
2021-06-14 09:45:33,2715.15,211005
2021-06-14 09:45:34,2712.95,211769
2021-06-14 09:45:35,2714.55,212014
2021-06-14 09:45:36,2714.4,212035
2021-06-14 09:45:37,2711.7,212280
2021-06-14 09:45:38,2711.3,212440
2021-06-14 09:45:39,2711.3,212440
2021-06-14 09:45:40,2713.3,212598
2021-06-14 09:45:41,2714.35,212974
2021-06-14 09:45:42,2711.1,213178
2021-06-14 09:45:43,2712.8,213237
2021-06-14 09:45:44,2713.25,213450
2021-06-14 09:45:45,2711.35,213550
2021-06-14 09:45:46,2711.35,213568
2021-06-14 09:45:47,2711.35,213609
2021-06-14 09:45:48,2712.9,213612
2021-06-14 09:45:49,2712.9,213612
2021-06-14 09:45:50,2713.3,213732
2021-06-14 09:45:51,2713.35,213760
2021-06-14 09:45:52,2713.25,213800
2021-06-14 09:45:53,2713.45,214028
2021-06-14 09:45:54,2712.1,214048
2021-06-14 09:45:56,2713.35,214306
2021-06-14 09:45:57,2711.4,214503
2021-06-14 09:45:58,2713.1,214543
2021-06-14 09:45:59,2713.7,214795
2021-06-14 09:46:00,2713.65,214835
2021-06-14 09:46:01,2712.9,215816
2021-06-14 09:46:02,2714.0,215936
2021-06-14 09:46:03,2713.45,215938
2021-06-14 09:46:04,2712.6,215942
2021-06-14 09:46:05,2713.65,216133
2021-06-14 09:46:06,2714.0,216253
2021-06-14 09:46:08,2714.0,216263
2021-06-14 09:46:10,2712.15,216630
2021-06-14 09:46:11,2712.0,216919
2021-06-14 09:46:12,2712.0,216919
2021-06-14 09:46:13,2712.0,216919
2021-06-14 09:46:14,2712.0,216919
2021-06-14 09:46:16,2714.7,217078
2021-06-14 09:46:17,2714.9,217122
2021-06-14 09:46:18,2715.0,217273
2021-06-14 09:46:19,2713.5,217293
2021-06-14 09:46:20,2713.5,217293
2021-06-14 09:46:21,2714.8,217303
2021-06-14 09:46:22,2715.25,218357
2021-06-14 09:46:23,2720.0,219963
2021-06-14 09:46:24,2720.0,219969
2021-06-14 09:46:25,2721.0,219979
2021-06-14 09:46:26,2721.0,220244
2021-06-14 09:46:27,2722.45,220294
2021-06-14 09:46:28,2722.45,220294
2021-06-14 09:46:29,2721.2,220296
2021-06-14 09:46:30,2723.0,220302
2021-06-14 09:46:31,2722.95,220303
2021-06-14 09:46:32,2722.95,220303
2021-06-14 09:46:33,2722.05,220308
2021-06-14 09:46:34,2723.85,220338
2021-06-14 09:46:35,2722.95,220340
2021-06-14 09:46:36,2722.45,220544
2021-06-14 09:46:37,2722.45,220544
2021-06-14 09:46:38,2724.25,220547
2021-06-14 09:46:42,2726.4,223941
2021-06-14 09:46:43,2726.4,223941
2021-06-14 09:46:44,2728.05,223944
2021-06-14 09:46:45,2726.65,224544
2021-06-14 09:46:46,2726.65,224554
2021-06-14 09:46:47,2725.45,224830
2021-06-14 09:46:48,2725.4,224842
2021-06-14 09:46:49,2727.15,224892
2021-06-14 09:46:51,2725.25,224922
2021-06-14 09:46:52,2725.0,225127
2021-06-14 09:46:53,2726.9,225279
2021-06-14 09:46:54,2726.9,225380
2021-06-14 09:46:55,2726.95,225390
2021-06-14 09:46:56,2730.0,228809
2021-06-14 09:46:57,2730.0,232223
2021-06-14 09:46:58,2732.0,232588
2021-06-14 09:46:59,2735.0,232703
2021-06-14 09:47:00,2734.9,232912
2021-06-14 09:47:01,2732.15,233069
2021-06-14 09:47:02,2734.15,233092
2021-06-14 09:47:04,2732.15,233490
2021-06-14 09:47:05,2727.5,235930
2021-06-14 09:47:06,2729.4,236005
2021-06-14 09:47:07,2729.4,236005
2021-06-14 09:47:08,2727.45,236116
2021-06-14 09:47:09,2727.45,236116
2021-06-14 09:47:10,2729.0,236401
2021-06-14 09:47:12,2728.6,236427
2021-06-14 09:47:13,2728.9,236527
2021-06-14 09:47:14,2728.9,236541
2021-06-14 09:47:15,2728.9,236541
2021-06-14 09:47:16,2728.9,236543
2021-06-14 09:47:17,2728.9,236543
2021-06-14 09:47:18,2728.4,236727
2021-06-14 09:47:19,2728.4,236727
2021-06-14 09:47:20,2729.4,236807
2021-06-14 09:47:21,2730.0,236810
2021-06-14 09:47:22,2728.95,236965
2021-06-14 09:47:23,2728.95,236965
2021-06-14 09:47:24,2728.95,236965
2021-06-14 09:47:25,2728.95,236965
2021-06-14 09:47:26,2727.15,236977
2021-06-14 09:47:27,2729.55,237031
2021-06-14 09:47:28,2729.95,237037
2021-06-14 09:47:29,2727.8,237039
2021-06-14 09:47:30,2727.8,237039
2021-06-14 09:47:31,2727.8,237039
2021-06-14 09:47:32,2728.05,237079
2021-06-14 09:47:33,2728.0,237093
2021-06-14 09:47:34,2727.8,237100
2021-06-14 09:47:35,2727.8,237104
2021-06-14 09:47:36,2727.8,237104
2021-06-14 09:47:37,2727.8,237114
2021-06-14 09:47:38,2727.8,237129
2021-06-14 09:47:39,2727.8,237129
2021-06-14 09:47:40,2727.8,237129
2021-06-14 09:47:41,2728.05,237139
2021-06-14 09:47:42,2730.1,237729
2021-06-14 09:47:43,2730.15,237731
2021-06-14 09:47:44,2730.15,237732
2021-06-14 09:47:45,2730.15,237732
2021-06-14 09:47:46,2730.15,237732
2021-06-14 09:47:47,2731.0,237740
2021-06-14 09:47:48,2730.15,237750
2021-06-14 09:47:49,2730.0,237850
2021-06-14 09:47:50,2731.0,237869
2021-06-14 09:47:51,2732.0,237870
2021-06-14 09:47:52,2732.0,237870
2021-06-14 09:47:53,2732.0,237870
2021-06-14 09:47:54,2732.0,237870
2021-06-14 09:47:55,2732.0,237870
2021-06-14 09:47:57,2732.0,237885
2021-06-14 09:47:58,2732.0,237885
2021-06-14 09:47:59,2733.0,237886
2021-06-14 09:48:00,2731.2,237916
2021-06-14 09:48:01,2731.2,237916
2021-06-14 09:48:02,2731.2,237916
2021-06-14 09:48:04,2731.2,237916
2021-06-14 09:48:03,2731.2,237916
2021-06-14 09:48:05,2732.55,237918
2021-06-14 09:48:06,2732.55,237918
2021-06-14 09:48:07,2732.55,237918
2021-06-14 09:48:08,2732.55,237918
2021-06-14 09:48:10,2732.55,237918
2021-06-14 09:48:09,2732.55,237918
2021-06-14 09:48:11,2732.0,237969
2021-06-14 09:48:12,2731.95,237985
2021-06-14 09:48:13,2732.0,238185
2021-06-14 09:48:14,2732.0,238185
2021-06-14 09:48:15,2732.15,238244
2021-06-14 09:48:16,2731.0,238255
2021-06-14 09:48:17,2731.0,238262
2021-06-14 09:48:18,2732.0,238263
2021-06-14 09:48:19,2732.0,238263
2021-06-14 09:48:20,2730.35,239653
2021-06-14 09:48:21,2730.35,239653
2021-06-14 09:48:22,2732.45,239692
2021-06-14 09:48:24,2732.0,239850
2021-06-14 09:48:25,2731.95,239907
2021-06-14 09:48:27,2731.95,239907
2021-06-14 09:48:28,2731.95,239907
2021-06-14 09:48:29,2730.8,239909
2021-06-14 09:48:30,2730.8,239909
2021-06-14 09:48:31,2732.55,240265
2021-06-14 09:48:32,2733.0,240268
2021-06-14 09:48:33,2731.7,240270
2021-06-14 09:48:34,2731.7,240270
2021-06-14 09:48:35,2730.85,240295
2021-06-14 09:48:36,2732.4,240298
2021-06-14 09:48:37,2730.8,240368
2021-06-14 09:48:38,2730.55,240388
2021-06-14 09:48:39,2732.25,240396
2021-06-14 09:48:40,2732.25,240396
2021-06-14 09:48:41,2733.0,240398
2021-06-14 09:48:42,2733.0,240524
2021-06-14 09:48:43,2733.0,240524
2021-06-14 09:48:44,2732.0,240545
2021-06-14 09:48:45,2732.1,240655
2021-06-14 09:48:46,2732.1,240655
2021-06-14 09:48:47,2732.2,240656
2021-06-14 09:48:49,2732.2,240656
2021-06-14 09:48:50,2732.2,240656
2021-06-14 09:48:51,2731.7,240661
2021-06-14 09:48:52,2732.95,240877
2021-06-14 09:48:53,2732.0,240882
2021-06-14 09:48:54,2732.0,240882
2021-06-14 09:48:56,2733.0,241341
2021-06-14 09:48:57,2733.0,241341
2021-06-14 09:48:58,2732.25,241348
2021-06-14 09:48:59,2732.25,241348
2021-06-14 09:49:00,2732.75,241479
2021-06-14 09:49:01,2732.15,241496
2021-06-14 09:49:03,2732.4,241634
2021-06-14 09:49:04,2732.4,241634
2021-06-14 09:49:05,2732.4,241634
2021-06-14 09:49:06,2732.8,241687
2021-06-14 09:49:07,2732.75,241689
2021-06-14 09:49:08,2733.0,241913
2021-06-14 09:49:10,2732.75,241973
2021-06-14 09:49:11,2732.75,241973
2021-06-14 09:49:12,2732.95,241983
2021-06-14 09:49:13,2733.4,241997
2021-06-14 09:49:14,2734.0,241998
2021-06-14 09:49:16,2733.2,242010
2021-06-14 09:49:17,2734.0,242015
2021-06-14 09:49:18,2734.0,242018
2021-06-14 09:49:19,2734.0,242109
2021-06-14 09:49:20,2735.0,242254
2021-06-14 09:49:21,2734.95,242255
2021-06-14 09:49:22,2735.0,242270
2021-06-14 09:49:23,2735.9,242413
2021-06-14 09:49:25,2737.65,242544
2021-06-14 09:49:25,2737.65,242544
2021-06-14 09:49:26,2737.65,242544
2021-06-14 09:49:27,2737.55,242545
2021-06-14 09:49:28,2738.0,242550
2021-06-14 09:49:29,2740.0,242885
2021-06-14 09:49:30,2740.0,243133
2021-06-14 09:49:31,2739.5,243135
2021-06-14 09:49:32,2740.0,243140
2021-06-14 09:49:33,2740.5,243907
2021-06-14 09:49:34,2741.0,243914
2021-06-14 09:49:35,2741.95,243940
2021-06-14 09:49:36,2740.85,244294
2021-06-14 09:49:38,2740.65,244629
2021-06-14 09:49:38,2740.65,244629
2021-06-14 09:49:39,2740.65,244629
2021-06-14 09:49:40,2740.65,244629
2021-06-14 09:49:41,2741.4,244897
2021-06-14 09:49:42,2741.4,244908
2021-06-14 09:49:43,2741.0,245034
2021-06-14 09:49:44,2740.65,245042
2021-06-14 09:49:45,2740.65,245074
2021-06-14 09:49:46,2740.65,245215
2021-06-14 09:49:48,2740.8,245337
2021-06-14 09:49:49,2740.0,245340
2021-06-14 09:49:49,2740.0,245340
2021-06-14 09:49:50,2740.0,245340
2021-06-14 09:49:51,2741.15,245344
2021-06-14 09:49:52,2740.2,245345
2021-06-14 09:49:53,2739.0,245449
2021-06-14 09:49:54,2738.6,245456
2021-06-14 09:49:55,2740.35,245466
2021-06-14 09:49:56,2738.8,245468
2021-06-14 09:49:57,2740.45,245513
2021-06-14 09:50:00,2740.8,245552
2021-06-14 09:50:01,2739.4,245559
2021-06-14 09:50:03,2739.4,245559
2021-06-14 09:50:04,2740.8,245561
2021-06-14 09:50:05,2740.8,245561
2021-06-14 09:50:06,2740.8,245561
2021-06-14 09:50:07,2740.8,245814
2021-06-14 09:50:08,2741.0,245924
2021-06-14 09:50:09,2741.0,245924
2021-06-14 09:50:11,2739.55,245955
2021-06-14 09:50:12,2739.55,245955
2021-06-14 09:50:13,2740.45,245970
2021-06-14 09:50:14,2738.75,246071
2021-06-14 09:50:15,2738.75,246071
2021-06-14 09:50:16,2740.45,246098
2021-06-14 09:50:17,2740.45,246100
2021-06-14 09:50:18,2740.45,246100
2021-06-14 09:50:19,2740.45,246110
2021-06-14 09:50:20,2740.45,246110
2021-06-14 09:50:22,2740.45,246111
2021-06-14 09:50:22,2740.45,246111
2021-06-14 09:50:24,2740.45,246757
2021-06-14 09:50:25,2739.65,246772
2021-06-14 09:50:26,2739.65,246772
2021-06-14 09:50:27,2740.4,246798
2021-06-14 09:50:28,2740.1,246800
2021-06-14 09:50:29,2740.1,246800
2021-06-14 09:50:30,2739.1,246803
2021-06-14 09:50:32,2739.1,246803
2021-06-14 09:50:32,2738.8,246817
2021-06-14 09:50:33,2740.0,246847
2021-06-14 09:50:34,2740.0,246847
2021-06-14 09:50:36,2738.85,246852
2021-06-14 09:50:36,2738.85,246858
2021-06-14 09:50:38,2740.0,247013
2021-06-14 09:50:38,2740.0,247013
2021-06-14 09:50:39,2738.9,247028
2021-06-14 09:50:40,2740.0,247116
2021-06-14 09:50:41,2740.0,247116
2021-06-14 09:50:42,2739.25,247160
2021-06-14 09:50:43,2739.25,247160
2021-06-14 09:50:44,2740.65,247161
2021-06-14 09:50:46,2740.55,247170
2021-06-14 09:50:46,2740.55,247170
2021-06-14 09:50:48,2740.55,247170
2021-06-14 09:50:50,2739.2,247175
2021-06-14 09:50:52,2739.0,247185
2021-06-14 09:50:53,2738.0,247190
2021-06-14 09:50:54,2738.05,247193
2021-06-14 09:50:54,2738.05,247193
2021-06-14 09:50:55,2738.0,247198
2021-06-14 09:50:56,2737.5,247534
2021-06-14 09:50:57,2737.5,247539
2021-06-14 09:50:58,2737.5,247539
2021-06-14 09:51:00,2737.5,247579
2021-06-14 09:51:01,2738.7,247580
2021-06-14 09:51:02,2737.15,247723
2021-06-14 09:51:03,2737.15,247723
2021-06-14 09:51:03,2737.15,247723
2021-06-14 09:51:04,2737.15,247723
2021-06-14 09:51:05,2737.5,247724
2021-06-14 09:51:06,2737.5,247724
2021-06-14 09:51:07,2737.45,247730
2021-06-14 09:51:08,2736.1,247735
2021-06-14 09:51:11,2736.1,247740
2021-06-14 09:51:12,2735.65,247752
2021-06-14 09:51:13,2735.65,247752
2021-06-14 09:51:15,2735.9,247763
2021-06-14 09:51:18,2734.0,247897
2021-06-14 09:51:19,2734.0,247898
2021-06-14 09:51:20,2733.65,247919
2021-06-14 09:51:21,2733.65,247919
2021-06-14 09:51:22,2733.65,247919
2021-06-14 09:51:22,2733.65,247919
2021-06-14 09:51:23,2733.65,247919
2021-06-14 09:51:25,2734.0,247926
2021-06-14 09:51:26,2734.45,248170
2021-06-14 09:51:27,2736.3,248176
2021-06-14 09:51:27,2736.3,248176
2021-06-14 09:51:28,2736.8,248272
2021-06-14 09:51:29,2736.0,248282
2021-06-14 09:51:30,2736.0,248282
2021-06-14 09:51:31,2736.0,248282
2021-06-14 09:51:32,2734.9,248291
2021-06-14 09:51:35,2733.2,248374
2021-06-14 09:51:36,2733.2,248374
2021-06-14 09:51:37,2733.2,248374
2021-06-14 09:51:38,2733.95,248381
2021-06-14 09:51:39,2733.95,248381
2021-06-14 09:51:40,2735.0,248590
2021-06-14 09:51:40,2735.0,248590
2021-06-14 09:51:41,2735.0,248590
2021-06-14 09:51:42,2736.0,248594
2021-06-14 09:51:43,2735.1,248634
2021-06-14 09:51:44,2736.8,248700
2021-06-14 09:51:45,2737.5,248818
2021-06-14 09:51:46,2737.5,248818
2021-06-14 09:51:47,2738.5,248822
2021-06-14 09:51:48,2737.15,248837
2021-06-14 09:51:49,2739.35,249127
2021-06-14 09:51:51,2740.0,249138
2021-06-14 09:51:52,2740.0,249138
2021-06-14 09:51:53,2739.65,249139
2021-06-14 09:51:53,2739.65,249139
2021-06-14 09:51:54,2740.0,249151
2021-06-14 09:51:55,2740.15,249172
2021-06-14 09:51:57,2740.55,249175
2021-06-14 09:51:58,2740.55,249175
2021-06-14 09:51:59,2740.0,249185
2021-06-14 09:51:59,2740.0,249185
2021-06-14 09:52:00,2740.4,249688
2021-06-14 09:52:01,2740.4,249688
2021-06-14 09:52:02,2740.0,249689
2021-06-14 09:52:03,2740.0,249689
2021-06-14 09:52:04,2740.55,249690
2021-06-14 09:52:05,2741.0,249797
2021-06-14 09:52:06,2741.0,249893
2021-06-14 09:52:07,2740.5,249901
2021-06-14 09:52:09,2740.5,249901
2021-06-14 09:52:10,2741.0,250146
2021-06-14 09:52:11,2741.0,250738
2021-06-14 09:52:12,2740.55,250739
2021-06-14 09:52:13,2740.0,250839
2021-06-14 09:52:14,2740.0,250839
2021-06-14 09:52:15,2740.55,250894
2021-06-14 09:52:15,2740.0,250943
2021-06-14 09:52:16,2739.75,250990
2021-06-14 09:52:17,2739.75,250990
2021-06-14 09:52:18,2740.1,251490
2021-06-14 09:52:19,2740.1,251490
2021-06-14 09:52:21,2739.85,251492
2021-06-14 09:52:22,2740.1,251527
2021-06-14 09:52:24,2740.1,251527
2021-06-14 09:52:24,2740.1,251527
2021-06-14 09:52:25,2740.1,251535
2021-06-14 09:52:27,2740.0,251582
2021-06-14 09:52:29,2740.0,251592
2021-06-14 09:52:30,2740.0,251592
2021-06-14 09:52:31,2740.0,251592
2021-06-14 09:52:32,2740.0,251642
2021-06-14 09:52:33,2740.1,251692
2021-06-14 09:52:34,2739.25,251697
2021-06-14 09:52:34,2739.25,251697
2021-06-14 09:52:35,2739.25,251697
2021-06-14 09:52:39,2740.7,251720
2021-06-14 09:52:40,2740.7,251720
2021-06-14 09:52:41,2740.7,251730
2021-06-14 09:52:42,2740.65,251751
2021-06-14 09:52:43,2740.5,251757
2021-06-14 09:52:44,2740.5,251757
2021-06-14 09:52:45,2740.5,251757
2021-06-14 09:52:46,2740.5,251757
2021-06-14 09:52:46,2740.0,251758
2021-06-14 09:52:47,2740.0,251759
2021-06-14 09:52:48,2740.0,251759
2021-06-14 09:52:49,2740.0,251760
2021-06-14 09:52:55,2740.05,251819
2021-06-14 09:52:56,2740.05,251819
2021-06-14 09:52:57,2740.7,251820
2021-06-14 09:52:58,2740.7,251820
2021-06-14 09:52:59,2739.0,251865
2021-06-14 09:52:59,2739.0,251865
2021-06-14 09:53:00,2739.0,251865
2021-06-14 09:53:01,2739.0,251865
2021-06-14 09:53:02,2739.0,251865
2021-06-14 09:53:04,2739.0,251865
2021-06-14 09:53:05,2740.0,251866
2021-06-14 09:53:06,2740.35,251868
2021-06-14 09:53:07,2740.35,251868
2021-06-14 09:53:07,2740.35,251868
2021-06-14 09:53:08,2740.35,251868
2021-06-14 09:53:09,2740.35,251872
2021-06-14 09:53:11,2740.3,251880
2021-06-14 09:53:12,2740.3,251880
2021-06-14 09:53:13,2739.2,251882
2021-06-14 09:53:14,2739.2,251882
2021-06-14 09:53:15,2739.2,251882
2021-06-14 09:53:16,2739.2,251882
2021-06-14 09:53:17,2739.2,251882
2021-06-14 09:53:18,2739.2,251882
2021-06-14 09:53:19,2739.2,251882
2021-06-14 09:53:22,2739.2,251882
2021-06-14 09:53:23,2740.0,251883
2021-06-14 09:53:24,2740.0,251883
2021-06-14 09:53:25,2740.0,251883
2021-06-14 09:53:26,2739.0,251888
2021-06-14 09:53:27,2740.0,251893
2021-06-14 09:53:28,2740.0,251893
2021-06-14 09:53:29,2739.0,251895
2021-06-14 09:53:30,2740.0,251947
2021-06-14 09:53:32,2739.0,251957
2021-06-14 09:53:34,2740.25,252067
2021-06-14 09:53:35,2740.25,252067
2021-06-14 09:53:36,2740.25,252067
2021-06-14 09:53:36,2740.25,252067
2021-06-14 09:53:37,2740.3,252071
2021-06-14 09:53:38,2740.3,252071
2021-06-14 09:53:39,2740.3,252071
2021-06-14 09:53:41,2739.3,252298
2021-06-14 09:53:42,2739.3,252298
2021-06-14 09:53:43,2741.0,253995
2021-06-14 09:53:44,2741.0,253995
2021-06-14 09:53:46,2741.2,254007
2021-06-14 09:53:48,2741.25,254029
2021-06-14 09:53:49,2742.0,254352
2021-06-14 09:53:50,2742.6,254628
2021-06-14 09:53:51,2742.6,254628
2021-06-14 09:53:52,2742.0,254680
2021-06-14 09:53:53,2742.0,254680
2021-06-14 09:53:54,2742.5,254699
2021-06-14 09:53:55,2742.55,254706
2021-06-14 09:53:55,2742.55,254706
2021-06-14 09:53:57,2742.55,254709
2021-06-14 09:53:58,2742.55,254711
2021-06-14 09:53:58,2742.5,254712
2021-06-14 09:53:59,2742.5,254790
2021-06-14 09:54:00,2741.0,254806
2021-06-14 09:54:02,2740.8,254812
2021-06-14 09:54:04,2740.8,254812
2021-06-14 09:54:05,2740.95,254825
2021-06-14 09:54:06,2740.95,254829
2021-06-14 09:54:07,2740.95,254829
2021-06-14 09:54:08,2741.0,254854
2021-06-14 09:54:09,2741.0,254857
2021-06-14 09:54:10,2741.0,254957
2021-06-14 09:54:11,2740.8,254965
2021-06-14 09:54:11,2740.8,254965
2021-06-14 09:54:12,2740.8,254965
2021-06-14 09:54:13,2740.5,254966
2021-06-14 09:54:14,2739.1,255016
2021-06-14 09:54:16,2739.1,255016
2021-06-14 09:54:18,2739.1,255016
2021-06-14 09:54:19,2739.1,255016
2021-06-14 09:54:20,2740.5,255018
2021-06-14 09:54:21,2740.5,255018
2021-06-14 09:54:22,2739.1,255027
2021-06-14 09:54:23,2740.15,255032
2021-06-14 09:54:24,2738.4,255037
2021-06-14 09:54:25,2738.4,255037
2021-06-14 09:54:26,2739.95,255039
2021-06-14 09:54:27,2739.95,255039
2021-06-14 09:54:28,2739.95,255039
2021-06-14 09:54:29,2738.75,255118
2021-06-14 09:54:30,2738.9,255120
2021-06-14 09:54:31,2738.9,255120
2021-06-14 09:54:32,2738.9,255120
2021-06-14 09:54:33,2738.9,255420
2021-06-14 09:54:34,2738.9,255420
2021-06-14 09:54:35,2739.85,255422
2021-06-14 09:54:36,2738.35,255423
2021-06-14 09:54:37,2739.85,255478
2021-06-14 09:54:38,2739.9,255484
2021-06-14 09:54:39,2739.9,255499
2021-06-14 09:54:39,2739.9,255499
2021-06-14 09:54:40,2739.9,255500
2021-06-14 09:54:41,2740.2,255570
2021-06-14 09:54:43,2740.2,255573
2021-06-14 09:54:43,2739.95,255576
2021-06-14 09:54:45,2740.2,255586
2021-06-14 09:54:46,2739.9,255591
2021-06-14 09:54:46,2739.9,255591
2021-06-14 09:54:48,2740.2,255601
2021-06-14 09:54:49,2739.9,255606
2021-06-14 09:54:50,2740.15,255607
2021-06-14 09:54:51,2740.2,255666
2021-06-14 09:54:52,2740.2,255666
2021-06-14 09:54:53,2740.15,255667
2021-06-14 09:54:54,2739.4,255737
2021-06-14 09:54:55,2739.4,255737
2021-06-14 09:54:56,2740.8,255792
2021-06-14 09:54:57,2740.35,255813
2021-06-14 09:54:58,2740.95,255815
2021-06-14 09:54:59,2741.2,257066
2021-06-14 09:55:00,2741.0,257177
2021-06-14 09:55:01,2740.0,257179
2021-06-14 09:55:02,2739.95,257239
2021-06-14 09:55:03,2739.95,257239
2021-06-14 09:55:04,2739.9,257289
2021-06-14 09:55:05,2740.95,257309
2021-06-14 09:55:06,2740.95,257309
2021-06-14 09:55:07,2740.95,257311
2021-06-14 09:55:07,2740.95,257311
2021-06-14 09:55:08,2740.0,257330
2021-06-14 09:55:10,2740.0,257330
2021-06-14 09:55:11,2740.0,257330
2021-06-14 09:55:12,2739.6,257345
2021-06-14 09:55:12,2739.6,257345
2021-06-14 09:55:13,2740.9,257348
2021-06-14 09:55:14,2740.9,257348
2021-06-14 09:55:16,2740.0,257358
2021-06-14 09:55:17,2740.0,257358
2021-06-14 09:55:18,2740.0,257358
2021-06-14 09:55:19,2740.0,257358
2021-06-14 09:55:22,2740.0,257494
2021-06-14 09:55:23,2740.0,257494
2021-06-14 09:55:23,2740.0,257494
2021-06-14 09:55:24,2740.0,257494
2021-06-14 09:55:25,2738.9,257495
2021-06-14 09:55:27,2738.45,257569
2021-06-14 09:55:28,2738.3,257589
2021-06-14 09:55:29,2738.3,257589
2021-06-14 09:55:30,2738.3,257589
2021-06-14 09:55:31,2738.3,257589
2021-06-14 09:55:32,2739.8,257593
2021-06-14 09:55:33,2739.8,257593
2021-06-14 09:55:34,2738.7,257594
2021-06-14 09:55:35,2738.7,257594
2021-06-14 09:55:36,2738.7,257594
2021-06-14 09:55:37,2739.5,257595
2021-06-14 09:55:39,2738.7,257597
2021-06-14 09:55:40,2738.7,257597
2021-06-14 09:55:41,2738.7,257597
2021-06-14 09:55:42,2738.7,257597
2021-06-14 09:55:43,2738.7,257597
2021-06-14 09:55:44,2738.5,257607
2021-06-14 09:55:46,2738.5,257607
2021-06-14 09:55:47,2739.0,257608
2021-06-14 09:55:48,2738.45,257658
2021-06-14 09:55:49,2738.5,257689
2021-06-14 09:55:50,2738.5,257689
2021-06-14 09:55:51,2738.5,257689
2021-06-14 09:55:52,2738.5,257689
2021-06-14 09:55:52,2738.5,257689
2021-06-14 09:55:54,2739.0,257693
2021-06-14 09:55:55,2739.0,257713
2021-06-14 09:55:56,2739.0,257713
2021-06-14 09:55:57,2739.0,257713
2021-06-14 09:55:58,2738.7,257714
2021-06-14 09:55:59,2739.0,257721
2021-06-14 09:56:00,2739.0,257721
2021-06-14 09:56:01,2739.0,257721
2021-06-14 09:56:02,2739.45,257724
2021-06-14 09:56:03,2739.45,257724
2021-06-14 09:56:04,2739.45,257724
2021-06-14 09:56:05,2739.5,257776
2021-06-14 09:56:06,2739.45,257801
2021-06-14 09:56:07,2739.45,257807
2021-06-14 09:56:08,2740.0,257859
2021-06-14 09:56:09,2740.0,257869
2021-06-14 09:56:10,2740.45,257872
2021-06-14 09:56:11,2740.45,257872
2021-06-14 09:56:12,2740.45,257872
2021-06-14 09:56:13,2740.45,257872
2021-06-14 09:56:15,2740.45,257874
2021-06-14 09:56:14,2740.45,257874
2021-06-14 09:56:16,2740.45,257874
2021-06-14 09:56:17,2740.85,257912
2021-06-14 09:56:18,2740.85,257912
2021-06-14 09:56:19,2740.9,258014
2021-06-14 09:56:20,2740.9,258014
2021-06-14 09:56:21,2740.9,258019
2021-06-14 09:56:22,2740.95,258020
2021-06-14 09:56:23,2740.4,258033
2021-06-14 09:56:24,2741.2,258039
2021-06-14 09:56:25,2741.55,258043
2021-06-14 09:56:26,2740.4,258054
2021-06-14 09:56:27,2741.55,258073
2021-06-14 09:56:27,2741.55,258073
2021-06-14 09:56:29,2741.55,258073
2021-06-14 09:56:30,2741.55,258073
2021-06-14 09:56:31,2741.55,258073
2021-06-14 09:56:32,2742.0,258478
2021-06-14 09:56:33,2742.5,258480
2021-06-14 09:56:34,2742.5,258480
2021-06-14 09:56:35,2742.5,258514
2021-06-14 09:56:36,2742.9,258622
2021-06-14 09:56:37,2742.95,258638
2021-06-14 09:56:38,2741.5,258640
2021-06-14 09:56:40,2743.25,258772
2021-06-14 09:56:41,2743.45,258775
2021-06-14 09:56:42,2743.5,258809
2021-06-14 09:56:43,2744.95,259106
2021-06-14 09:56:45,2745.0,259160
2021-06-14 09:56:46,2745.0,259160
2021-06-14 09:56:47,2745.0,259222
2021-06-14 09:56:48,2744.55,259223
2021-06-14 09:56:49,2745.0,259236
2021-06-14 09:56:50,2745.0,259237
2021-06-14 09:56:51,2745.0,259237
2021-06-14 09:56:52,2745.0,259237
2021-06-14 09:56:53,2745.0,259242
2021-06-14 09:56:54,2745.0,259308
2021-06-14 09:56:55,2745.0,259326
2021-06-14 09:56:56,2745.0,259326
2021-06-14 09:56:57,2745.0,259326
2021-06-14 09:56:58,2745.0,259356
2021-06-14 09:56:59,2745.0,259356
2021-06-14 09:57:00,2745.0,259604
2021-06-14 09:57:01,2745.45,259607
2021-06-14 09:57:02,2745.45,259607
2021-06-14 09:57:03,2745.45,259607
2021-06-14 09:57:04,2745.25,259608
2021-06-14 09:57:05,2744.25,259630
2021-06-14 09:57:06,2744.25,259630
2021-06-14 09:57:07,2745.5,259631
2021-06-14 09:57:08,2745.5,259631
2021-06-14 09:57:09,2745.0,259634
2021-06-14 09:57:10,2745.0,259636
2021-06-14 09:57:11,2745.0,259640
2021-06-14 09:57:12,2744.7,259643
2021-06-14 09:57:15,2744.25,259742
2021-06-14 09:57:16,2744.25,259742
2021-06-14 09:57:17,2743.8,259747
2021-06-14 09:57:18,2743.8,259751
2021-06-14 09:57:20,2744.25,259893
2021-06-14 09:57:21,2744.25,259893
2021-06-14 09:57:22,2744.35,259903
2021-06-14 09:57:23,2744.15,259953
2021-06-14 09:57:24,2744.05,259957
2021-06-14 09:57:25,2744.05,259959
2021-06-14 09:57:26,2744.05,259959
2021-06-14 09:57:27,2745.9,259982
2021-06-14 09:57:28,2744.1,259986
2021-06-14 09:57:29,2744.1,259989
2021-06-14 09:57:30,2745.55,259992
2021-06-14 09:57:31,2744.1,259995
2021-06-14 09:57:32,2745.6,260059
2021-06-14 09:57:33,2744.0,260209
2021-06-14 09:57:34,2744.0,260209
2021-06-14 09:57:35,2744.0,260209
2021-06-14 09:57:36,2743.85,260222
2021-06-14 09:57:37,2742.1,260569
2021-06-14 09:57:38,2742.1,260569
2021-06-14 09:57:39,2742.1,260569
2021-06-14 09:57:40,2742.1,260569
2021-06-14 09:57:42,2744.4,260692
2021-06-14 09:57:43,2743.6,260704
2021-06-14 09:57:44,2743.6,260704
2021-06-14 09:57:45,2744.0,260705
2021-06-14 09:57:46,2744.05,260706
2021-06-14 09:57:47,2744.7,260708
2021-06-14 09:57:49,2744.7,260708
2021-06-14 09:57:48,2744.7,260708
2021-06-14 09:57:51,2744.65,260709
2021-06-14 09:57:52,2744.65,260709
2021-06-14 09:57:53,2743.7,260714
2021-06-14 09:57:54,2743.7,260714
2021-06-14 09:57:55,2745.0,260715
2021-06-14 09:57:56,2745.0,260725
2021-06-14 09:57:57,2745.0,260725
2021-06-14 09:57:59,2745.0,260725
2021-06-14 09:58:00,2744.7,260727
2021-06-14 09:58:01,2744.7,260727
2021-06-14 09:58:02,2744.7,260727
2021-06-14 09:58:03,2744.7,260727
2021-06-14 09:58:04,2744.7,260727
2021-06-14 09:58:05,2744.8,260737
2021-06-14 09:58:06,2744.8,260737
2021-06-14 09:58:07,2744.8,260737
2021-06-14 09:58:08,2744.8,260737
2021-06-14 09:58:09,2744.8,260737
2021-06-14 09:58:10,2744.8,260737
2021-06-14 09:58:11,2744.8,260787
2021-06-14 09:58:12,2744.8,260787
2021-06-14 09:58:13,2745.0,260836
2021-06-14 09:58:14,2745.0,260836
2021-06-14 09:58:15,2744.6,260893
2021-06-14 09:58:16,2744.6,260893
2021-06-14 09:58:17,2744.6,260893
2021-06-14 09:58:18,2746.0,260978
2021-06-14 09:58:19,2746.0,260978
2021-06-14 09:58:20,2746.0,260980
2021-06-14 09:58:21,2745.0,261080
2021-06-14 09:58:22,2745.0,261080
2021-06-14 09:58:23,2745.0,261082
2021-06-14 09:58:24,2745.0,261089
2021-06-14 09:58:25,2745.0,261089
2021-06-14 09:58:26,2745.0,261178
2021-06-14 09:58:28,2745.4,261182
2021-06-14 09:58:27,2745.4,261182
2021-06-14 09:58:29,2745.4,261182
2021-06-14 09:58:30,2745.0,261202
2021-06-14 09:58:31,2745.0,261222
2021-06-14 09:58:33,2745.0,261238
2021-06-14 09:58:34,2745.0,261238
2021-06-14 09:58:35,2746.0,261240
2021-06-14 09:58:36,2746.4,261241
2021-06-14 09:58:37,2746.4,261241
2021-06-14 09:58:38,2747.0,261254
2021-06-14 09:58:39,2747.0,261254
2021-06-14 09:58:40,2748.5,261444
2021-06-14 09:58:41,2748.5,261444
2021-06-14 09:58:42,2747.75,261445
2021-06-14 09:58:43,2747.75,261445
2021-06-14 09:58:44,2748.9,261477
2021-06-14 09:58:45,2749.0,261484
2021-06-14 09:58:46,2749.0,261484
2021-06-14 09:58:47,2749.95,261609
2021-06-14 09:58:48,2749.85,261610
2021-06-14 09:58:49,2749.85,261610
2021-06-14 09:58:50,2749.95,261625
2021-06-14 09:58:51,2749.9,261631
2021-06-14 09:58:52,2749.85,261634
2021-06-14 09:58:53,2750.0,262130
2021-06-14 09:58:54,2748.55,262207
2021-06-14 09:58:55,2749.0,262222
2021-06-14 09:58:56,2749.0,262227
2021-06-14 09:58:57,2749.0,262227
2021-06-14 09:58:58,2749.0,262227
2021-06-14 09:59:01,2749.0,262393
2021-06-14 09:59:02,2749.0,262397
2021-06-14 09:59:03,2749.0,262398
2021-06-14 09:59:04,2749.0,262398
2021-06-14 09:59:05,2749.0,262403
2021-06-14 09:59:06,2749.0,262403
2021-06-14 09:59:07,2749.0,262403
2021-06-14 09:59:08,2749.0,262415
2021-06-14 09:59:09,2749.0,262480
2021-06-14 09:59:11,2749.0,262482
2021-06-14 09:59:11,2749.0,262482
2021-06-14 09:59:13,2748.1,262519
2021-06-14 09:59:13,2748.1,262569
2021-06-14 09:59:14,2748.1,262569
2021-06-14 09:59:15,2748.95,262609
2021-06-14 09:59:16,2748.1,262618
2021-06-14 09:59:17,2748.1,262702
2021-06-14 09:59:18,2748.1,262702
2021-06-14 09:59:19,2748.1,262702
2021-06-14 09:59:20,2748.1,262702
2021-06-14 09:59:21,2747.7,262725
2021-06-14 09:59:22,2747.55,262855
2021-06-14 09:59:24,2746.4,262877
2021-06-14 09:59:26,2747.45,262881
2021-06-14 09:59:26,2747.55,262886
2021-06-14 09:59:27,2747.45,262988
2021-06-14 09:59:28,2745.7,263000
2021-06-14 09:59:29,2747.4,263020
2021-06-14 09:59:30,2747.4,263027
2021-06-14 09:59:31,2747.35,263033
2021-06-14 09:59:32,2747.35,263033
2021-06-14 09:59:35,2745.75,263052
2021-06-14 09:59:35,2745.75,263052
2021-06-14 09:59:36,2745.75,263052
2021-06-14 09:59:37,2745.75,263055
2021-06-14 09:59:38,2745.4,263404
2021-06-14 09:59:39,2745.9,263424
2021-06-14 09:59:40,2745.9,263424
2021-06-14 09:59:41,2746.4,263430
2021-06-14 09:59:42,2746.35,263448
2021-06-14 09:59:43,2746.35,263451
2021-06-14 09:59:44,2746.35,263451
2021-06-14 09:59:45,2746.3,263452
2021-06-14 09:59:46,2746.3,263452
2021-06-14 09:59:47,2745.7,263454
2021-06-14 09:59:48,2745.0,263456
2021-06-14 09:59:50,2745.0,263471
2021-06-14 09:59:50,2745.0,263472
2021-06-14 09:59:52,2745.0,263614
2021-06-14 09:59:52,2745.0,263614
2021-06-14 09:59:55,2746.3,263620
2021-06-14 09:59:56,2746.3,263620
2021-06-14 09:59:59,2745.0,263629
2021-06-14 10:00:00,2745.0,263749
2021-06-14 10:00:00,2745.0,263749
2021-06-14 10:00:01,2745.0,263749
2021-06-14 10:00:02,2745.0,263757
2021-06-14 10:00:03,2745.0,263757
2021-06-14 10:00:04,2745.75,263758
2021-06-14 10:00:06,2744.0,263901
2021-06-14 10:00:06,2745.0,263801
2021-06-14 10:00:07,2744.0,263901
2021-06-14 10:00:08,2744.0,263901
2021-06-14 10:00:10,2745.4,263904
2021-06-14 10:00:11,2745.7,263907
2021-06-14 10:00:11,2745.7,263907
2021-06-14 10:00:14,2745.4,264321
2021-06-14 10:00:15,2745.4,264321
2021-06-14 10:00:16,2748.2,264346
2021-06-14 10:00:17,2746.7,264349
2021-06-14 10:00:18,2747.4,264718
2021-06-14 10:00:19,2747.4,264718
2021-06-14 10:00:21,2747.9,264751
2021-06-14 10:00:22,2747.9,264751
2021-06-14 10:00:23,2748.5,264816
2021-06-14 10:00:24,2748.3,264867
2021-06-14 10:00:26,2748.4,264868
2021-06-14 10:00:27,2747.6,264869
2021-06-14 10:00:28,2748.2,264874
2021-06-14 10:00:30,2748.1,264875
2021-06-14 10:00:31,2748.1,264875
2021-06-14 10:00:32,2748.1,264900
2021-06-14 10:00:33,2748.1,264900
2021-06-14 10:00:34,2746.8,264903
2021-06-14 10:00:35,2748.4,264904
2021-06-14 10:00:36,2748.4,264904
2021-06-14 10:00:37,2748.4,264904
2021-06-14 10:00:38,2748.6,264924
2021-06-14 10:00:39,2748.6,264924
2021-06-14 10:00:40,2748.6,264924
2021-06-14 10:00:41,2748.6,264924
2021-06-14 10:00:43,2748.8,264925
2021-06-14 10:00:43,2748.8,264925
2021-06-14 10:00:44,2748.8,264935
2021-06-14 10:00:45,2749.0,265235
2021-06-14 10:00:46,2749.4,265239
2021-06-14 10:00:47,2749.0,265439
2021-06-14 10:00:48,2749.0,265439
2021-06-14 10:00:49,2749.35,265444
2021-06-14 10:00:50,2749.5,265447
2021-06-14 10:00:51,2749.5,265468
2021-06-14 10:00:52,2749.5,265468
2021-06-14 10:00:53,2750.0,265668
2021-06-14 10:00:54,2749.95,265669
2021-06-14 10:00:55,2749.95,265674
2021-06-14 10:00:58,2749.95,265796
2021-06-14 10:00:59,2749.6,265860
2021-06-14 10:01:00,2749.75,265861
2021-06-14 10:01:02,2749.75,265891
2021-06-14 10:01:02,2749.75,265896
2021-06-14 10:01:03,2749.75,265896
2021-06-14 10:01:04,2749.75,265896
2021-06-14 10:01:05,2749.7,265897
2021-06-14 10:01:06,2749.8,265919
2021-06-14 10:01:07,2750.0,265921
2021-06-14 10:01:09,2749.95,265957
2021-06-14 10:01:08,2749.75,265956
2021-06-14 10:01:10,2749.95,266011
2021-06-14 10:01:11,2748.55,266041
2021-06-14 10:01:12,2749.85,266141
2021-06-14 10:01:14,2749.7,266151
2021-06-14 10:01:15,2749.75,266404
2021-06-14 10:01:16,2749.2,266406
2021-06-14 10:01:17,2749.75,266416
2021-06-14 10:01:18,2749.8,266445
2021-06-14 10:01:19,2749.8,266445
2021-06-14 10:01:21,2749.8,266447
2021-06-14 10:01:21,2749.8,266447
2021-06-14 10:01:22,2750.0,266464
2021-06-14 10:01:23,2750.0,266464
2021-06-14 10:01:24,2749.7,266483
2021-06-14 10:01:25,2749.7,266483
2021-06-14 10:01:26,2749.7,266484
2021-06-14 10:01:27,2749.7,266484
2021-06-14 10:01:28,2749.2,266485
2021-06-14 10:01:29,2748.6,266490
2021-06-14 10:01:30,2748.6,266490
2021-06-14 10:01:32,2747.5,266846
2021-06-14 10:01:33,2747.8,266957
2021-06-14 10:01:34,2747.8,266957
2021-06-14 10:01:35,2748.3,266959
2021-06-14 10:01:35,2748.25,266969
2021-06-14 10:01:37,2749.9,266972
2021-06-14 10:01:39,2750.0,266998
2021-06-14 10:01:40,2750.0,267009
2021-06-14 10:01:41,2750.0,267009
2021-06-14 10:01:42,2749.45,267027
2021-06-14 10:01:42,2749.45,267027
2021-06-14 10:01:43,2749.45,267027
2021-06-14 10:01:45,2749.45,267027
2021-06-14 10:01:46,2750.0,267102
2021-06-14 10:01:46,2750.0,267103
2021-06-14 10:01:47,2750.0,267120
2021-06-14 10:01:48,2750.0,267121
2021-06-14 10:01:50,2749.0,267128
2021-06-14 10:01:51,2748.6,267129
2021-06-14 10:01:55,2748.4,267130
2021-06-14 10:01:57,2748.2,267136
2021-06-14 10:01:57,2748.2,267136
2021-06-14 10:01:59,2750.0,267161
2021-06-14 10:01:59,2750.0,267161
2021-06-14 10:02:00,2750.0,267161
2021-06-14 10:02:02,2749.0,267169
2021-06-14 10:02:03,2749.0,267170
2021-06-14 10:02:04,2749.0,267170
2021-06-14 10:02:05,2749.0,267170
2021-06-14 10:02:06,2748.2,267179
2021-06-14 10:02:07,2748.2,267179
2021-06-14 10:02:08,2749.3,267185
2021-06-14 10:02:09,2749.3,267185
2021-06-14 10:02:10,2749.3,267185
2021-06-14 10:02:11,2749.3,267185
2021-06-14 10:02:13,2747.0,267439
2021-06-14 10:02:13,2746.95,267598
2021-06-14 10:02:16,2746.8,268057
2021-06-14 10:02:17,2746.9,268073
2021-06-14 10:02:18,2745.6,268074
2021-06-14 10:02:19,2745.55,268166
2021-06-14 10:02:20,2745.45,268173
2021-06-14 10:02:21,2745.5,268201
2021-06-14 10:02:22,2745.5,268201
2021-06-14 10:02:23,2745.5,268201
2021-06-14 10:02:24,2746.85,268206
2021-06-14 10:02:25,2746.85,268206
2021-06-14 10:02:26,2746.85,268206
2021-06-14 10:02:28,2747.0,268379
2021-06-14 10:02:29,2748.55,268380
2021-06-14 10:02:29,2748.55,268380
2021-06-14 10:02:30,2746.8,268480
2021-06-14 10:02:31,2746.8,268480
2021-06-14 10:02:34,2746.9,268530
2021-06-14 10:02:35,2746.9,268532
2021-06-14 10:02:36,2746.9,268541
2021-06-14 10:02:38,2746.45,268641
2021-06-14 10:02:39,2746.45,268641
2021-06-14 10:02:40,2746.45,268641
2021-06-14 10:02:41,2746.45,268641
2021-06-14 10:02:42,2748.5,268647
2021-06-14 10:02:43,2748.5,268647
2021-06-14 10:02:44,2748.5,268647
2021-06-14 10:02:44,2748.5,268647
2021-06-14 10:02:45,2748.55,268678
2021-06-14 10:02:46,2748.55,268678
2021-06-14 10:02:47,2748.55,268678
2021-06-14 10:02:48,2748.55,268678
2021-06-14 10:02:49,2748.9,268679
2021-06-14 10:02:50,2748.95,268680
2021-06-14 10:02:51,2748.95,268680
2021-06-14 10:02:52,2748.95,268680
2021-06-14 10:02:53,2748.0,268681
2021-06-14 10:02:55,2748.0,268681
2021-06-14 10:02:55,2748.0,268681
2021-06-14 10:02:57,2747.35,268683
2021-06-14 10:02:57,2747.35,268683
2021-06-14 10:02:59,2747.35,268683
2021-06-14 10:03:00,2748.55,268687
2021-06-14 10:03:00,2748.55,268687
2021-06-14 10:03:01,2747.3,268697
2021-06-14 10:03:02,2747.3,268697
2021-06-14 10:03:03,2747.3,268697
2021-06-14 10:03:05,2747.95,268698
2021-06-14 10:03:06,2747.95,268698
2021-06-14 10:03:07,2746.3,268703
2021-06-14 10:03:08,2748.0,268728
2021-06-14 10:03:08,2748.0,268728
2021-06-14 10:03:09,2746.4,268798
2021-06-14 10:03:10,2744.05,269648
2021-06-14 10:03:11,2744.0,269748
2021-06-14 10:03:12,2744.0,269748
2021-06-14 10:03:13,2744.0,269748
2021-06-14 10:03:14,2744.0,269748
2021-06-14 10:03:15,2744.0,269998
2021-06-14 10:03:16,2744.0,269998
2021-06-14 10:03:17,2744.0,269998
2021-06-14 10:03:18,2743.9,270048
2021-06-14 10:03:19,2743.9,270048
2021-06-14 10:03:21,2743.9,270048
2021-06-14 10:03:22,2743.9,270048
2021-06-14 10:03:23,2744.9,270050
2021-06-14 10:03:23,2744.0,270052
2021-06-14 10:03:24,2743.9,270067
2021-06-14 10:03:29,2743.3,270215
2021-06-14 10:03:32,2743.25,270222
2021-06-14 10:03:33,2744.9,270224
2021-06-14 10:03:33,2744.9,270224
2021-06-14 10:03:34,2744.9,270224
2021-06-14 10:03:35,2743.25,270225
2021-06-14 10:03:37,2743.25,270225
2021-06-14 10:03:40,2743.25,270227
2021-06-14 10:03:41,2743.25,270227
2021-06-14 10:03:41,2745.0,270267
2021-06-14 10:03:43,2746.2,277272
2021-06-14 10:03:44,2747.0,277292
2021-06-14 10:03:45,2746.95,277305
2021-06-14 10:03:46,2745.9,277308
2021-06-14 10:03:47,2745.9,277308
2021-06-14 10:03:47,2745.2,277310
2021-06-14 10:03:50,2747.05,278928
2021-06-14 10:03:51,2747.2,278931
2021-06-14 10:03:52,2747.2,278931
2021-06-14 10:03:53,2746.35,278936
2021-06-14 10:03:55,2748.0,279011
2021-06-14 10:03:56,2748.0,279011
2021-06-14 10:03:57,2748.0,279011
2021-06-14 10:03:58,2748.0,279011
2021-06-14 10:04:00,2749.4,279062
2021-06-14 10:04:01,2747.95,279064
2021-06-14 10:04:02,2749.5,279065
2021-06-14 10:04:03,2747.65,279070
2021-06-14 10:04:04,2747.9,279071
2021-06-14 10:04:04,2747.9,279071
2021-06-14 10:04:05,2747.9,279071
2021-06-14 10:04:06,2747.9,279071
2021-06-14 10:04:07,2747.9,279071
2021-06-14 10:04:08,2747.9,279071
2021-06-14 10:04:10,2749.2,279072
2021-06-14 10:04:11,2749.05,279073
2021-06-14 10:04:11,2749.05,279073
2021-06-14 10:04:12,2749.05,279073
2021-06-14 10:04:13,2747.65,279077
2021-06-14 10:04:14,2747.65,279077
2021-06-14 10:04:16,2747.65,279077
2021-06-14 10:04:17,2747.7,279079
2021-06-14 10:04:18,2747.7,279079
2021-06-14 10:04:19,2747.8,279087
2021-06-14 10:04:20,2747.8,279087
2021-06-14 10:04:21,2749.1,279097
2021-06-14 10:04:21,2749.1,279097
2021-06-14 10:04:22,2749.1,279098
2021-06-14 10:04:23,2749.1,279098
2021-06-14 10:04:24,2749.1,279103
2021-06-14 10:04:27,2749.35,279104
2021-06-14 10:04:28,2749.35,279107
2021-06-14 10:04:28,2749.35,279107
2021-06-14 10:04:30,2747.95,279111
2021-06-14 10:04:31,2747.85,279163
2021-06-14 10:04:32,2747.55,279213
2021-06-14 10:04:32,2747.55,279243
2021-06-14 10:04:33,2747.55,279243
2021-06-14 10:04:34,2747.55,279243
2021-06-14 10:04:35,2748.4,279244
2021-06-14 10:04:36,2749.0,279248
2021-06-14 10:04:37,2749.35,279278
2021-06-14 10:04:39,2748.1,279293
2021-06-14 10:04:40,2749.35,279296
2021-06-14 10:04:41,2749.35,279296
2021-06-14 10:04:42,2749.35,279296
2021-06-14 10:04:43,2749.35,279299
2021-06-14 10:04:44,2749.3,279300
2021-06-14 10:04:45,2749.0,279302
2021-06-14 10:04:46,2749.35,279312
2021-06-14 10:04:47,2749.35,279312
2021-06-14 10:04:48,2749.95,279342
2021-06-14 10:04:49,2749.95,279342
2021-06-14 10:04:50,2749.95,279342
2021-06-14 10:04:50,2749.95,279342
2021-06-14 10:04:51,2749.95,279343
2021-06-14 10:04:52,2749.35,279349
2021-06-14 10:04:53,2749.35,279349
2021-06-14 10:04:54,2750.0,279351
2021-06-14 10:04:55,2750.0,279351
2021-06-14 10:04:56,2750.0,279351
2021-06-14 10:04:57,2750.0,279351
2021-06-14 10:04:58,2750.0,279352
2021-06-14 10:04:59,2750.0,279352
2021-06-14 10:05:00,2750.0,279352
2021-06-14 10:05:01,2750.0,279352
2021-06-14 10:05:02,2750.0,279372
2021-06-14 10:05:03,2750.0,279372
2021-06-14 10:05:04,2750.0,279383
2021-06-14 10:05:05,2750.0,279383
2021-06-14 10:05:06,2750.0,279388
2021-06-14 10:05:07,2749.35,279411
2021-06-14 10:05:08,2749.35,279411
2021-06-14 10:05:10,2749.35,279411
2021-06-14 10:05:11,2749.35,279411
2021-06-14 10:05:11,2749.35,279411
2021-06-14 10:05:12,2749.2,279412
2021-06-14 10:05:13,2749.2,279412
2021-06-14 10:05:14,2749.2,279412
2021-06-14 10:05:15,2749.2,279412
2021-06-14 10:05:16,2749.2,279412
2021-06-14 10:05:17,2749.2,279412
2021-06-14 10:05:20,2749.35,279458
2021-06-14 10:05:20,2749.35,279458
2021-06-14 10:05:21,2749.35,279458
2021-06-14 10:05:23,2749.35,279458
2021-06-14 10:05:23,2749.35,279458
2021-06-14 10:05:24,2749.35,279458
2021-06-14 10:05:25,2749.35,279460
2021-06-14 10:05:26,2748.0,279537
2021-06-14 10:05:27,2748.0,279537
2021-06-14 10:05:28,2748.0,279537
2021-06-14 10:05:29,2748.0,279537
2021-06-14 10:05:31,2748.0,279537
2021-06-14 10:05:32,2749.0,279540
2021-06-14 10:05:33,2749.0,279655
2021-06-14 10:05:34,2749.0,279655
2021-06-14 10:05:35,2749.0,279655
2021-06-14 10:05:37,2749.95,279661
2021-06-14 10:05:37,2749.8,279659
2021-06-14 10:05:38,2749.0,279664
2021-06-14 10:05:40,2748.05,279666
2021-06-14 10:05:40,2748.05,279666
2021-06-14 10:05:42,2748.05,279666
2021-06-14 10:05:43,2746.7,279697
2021-06-14 10:05:43,2746.7,279697
2021-06-14 10:05:45,2746.7,279697
2021-06-14 10:05:46,2746.8,279707
2021-06-14 10:05:47,2748.2,279717
2021-06-14 10:05:49,2748.2,279717
2021-06-14 10:05:50,2748.2,279717
2021-06-14 10:05:52,2748.35,279718
2021-06-14 10:05:53,2748.35,279718
2021-06-14 10:05:54,2748.35,279718
2021-06-14 10:05:55,2748.85,279768
2021-06-14 10:05:56,2749.5,279868
2021-06-14 10:05:56,2749.5,279868
2021-06-14 10:05:57,2749.5,279868
2021-06-14 10:05:58,2749.5,279868
2021-06-14 10:06:00,2748.2,279877
2021-06-14 10:06:01,2748.2,279877
2021-06-14 10:06:02,2748.2,279877
2021-06-14 10:06:03,2748.2,279877
2021-06-14 10:06:05,2749.6,279903
2021-06-14 10:06:06,2749.6,279903
2021-06-14 10:06:07,2748.85,279954
2021-06-14 10:06:08,2748.95,280008
2021-06-14 10:06:09,2747.3,280015
2021-06-14 10:06:09,2747.3,280015
2021-06-14 10:06:10,2748.85,280075
2021-06-14 10:06:11,2747.25,280087
2021-06-14 10:06:12,2748.75,280102
2021-06-14 10:06:13,2748.75,280102
2021-06-14 10:06:14,2748.95,280105
2021-06-14 10:06:15,2748.95,280105
2021-06-14 10:06:16,2748.95,280105
2021-06-14 10:06:18,2747.45,280317
2021-06-14 10:06:19,2747.45,280317
2021-06-14 10:06:20,2746.6,280318
2021-06-14 10:06:21,2746.6,280318
2021-06-14 10:06:22,2746.3,280539
2021-06-14 10:06:22,2746.3,280539
2021-06-14 10:06:23,2746.3,280539
2021-06-14 10:06:24,2748.2,280542
2021-06-14 10:06:26,2748.2,280542
2021-06-14 10:06:27,2748.0,280545
2021-06-14 10:06:28,2746.75,280570
2021-06-14 10:06:30,2746.75,280570
2021-06-14 10:06:31,2747.95,280571
2021-06-14 10:06:32,2746.8,280576
2021-06-14 10:06:33,2746.8,280601
2021-06-14 10:06:33,2746.8,280601
2021-06-14 10:06:34,2748.0,280603
2021-06-14 10:06:35,2746.9,280613
2021-06-14 10:06:36,2746.9,280613
2021-06-14 10:06:37,2746.9,280613
2021-06-14 10:06:38,2746.9,280613
2021-06-14 10:06:39,2746.9,280613
2021-06-14 10:06:40,2748.0,280828
2021-06-14 10:06:41,2748.0,280829
2021-06-14 10:06:42,2749.0,281115
2021-06-14 10:06:43,2747.95,281119
2021-06-14 10:06:44,2747.95,281119
2021-06-14 10:06:45,2747.95,281119
2021-06-14 10:06:47,2747.2,281476
2021-06-14 10:06:48,2747.2,281476
2021-06-14 10:06:49,2748.7,281529
2021-06-14 10:06:49,2748.7,281529
2021-06-14 10:06:51,2748.4,281547
2021-06-14 10:06:52,2748.4,281547
2021-06-14 10:06:52,2748.4,281547
2021-06-14 10:06:53,2748.5,281597
2021-06-14 10:06:54,2748.55,281653
2021-06-14 10:06:55,2748.9,281708
2021-06-14 10:06:56,2748.9,281708
2021-06-14 10:06:57,2747.1,282078
2021-06-14 10:06:58,2747.1,282078
2021-06-14 10:06:59,2746.5,283181
2021-06-14 10:07:01,2746.8,283189
2021-06-14 10:07:01,2747.75,283262
2021-06-14 10:07:02,2747.75,283264
2021-06-14 10:07:03,2747.1,283320
2021-06-14 10:07:05,2747.1,283320
2021-06-14 10:07:06,2747.7,283330
2021-06-14 10:07:08,2747.7,283340
2021-06-14 10:07:09,2747.45,283341
2021-06-14 10:07:10,2747.65,283342
2021-06-14 10:07:11,2747.7,283343
2021-06-14 10:07:12,2747.7,283343
2021-06-14 10:07:13,2747.7,283343
2021-06-14 10:07:15,2749.5,283400
2021-06-14 10:07:15,2749.8,283402
2021-06-14 10:07:16,2748.15,283412
2021-06-14 10:07:17,2748.15,283412
2021-06-14 10:07:18,2748.15,283412
2021-06-14 10:07:19,2749.8,283414
2021-06-14 10:07:20,2751.35,284737
2021-06-14 10:07:22,2751.95,284739
2021-06-14 10:07:23,2752.0,284891
2021-06-14 10:07:25,2753.0,284911
2021-06-14 10:07:27,2752.95,284979
2021-06-14 10:07:28,2753.0,284980
2021-06-14 10:07:29,2753.5,285210
2021-06-14 10:07:30,2752.3,285212
2021-06-14 10:07:31,2752.6,285213
2021-06-14 10:07:32,2752.8,286289
2021-06-14 10:07:33,2752.8,286289
2021-06-14 10:07:34,2752.8,286299
2021-06-14 10:07:35,2753.0,286310
2021-06-14 10:07:36,2752.0,286384
2021-06-14 10:07:37,2752.8,286397
2021-06-14 10:07:38,2751.7,286473
2021-06-14 10:07:39,2753.0,286478
2021-06-14 10:07:41,2752.4,286483
2021-06-14 10:07:42,2751.8,286488
2021-06-14 10:07:43,2752.5,286498
2021-06-14 10:07:44,2752.9,286518
2021-06-14 10:07:45,2752.9,286518
2021-06-14 10:07:46,2752.9,286520
2021-06-14 10:07:47,2751.1,286620
2021-06-14 10:07:48,2751.1,286620
2021-06-14 10:07:49,2751.1,286620
2021-06-14 10:07:50,2752.05,286625
2021-06-14 10:07:51,2752.9,286630
2021-06-14 10:07:52,2752.9,286630
2021-06-14 10:07:53,2750.75,286631
2021-06-14 10:07:54,2752.65,286733
2021-06-14 10:07:55,2751.65,286734
2021-06-14 10:07:56,2752.4,286749
2021-06-14 10:07:57,2751.5,286754
2021-06-14 10:07:58,2751.5,286754
2021-06-14 10:07:59,2750.6,286756
2021-06-14 10:08:00,2750.6,286756
2021-06-14 10:08:01,2750.6,286756
2021-06-14 10:08:02,2750.6,286762
2021-06-14 10:08:03,2750.6,286762
2021-06-14 10:08:04,2750.6,286762
2021-06-14 10:08:05,2750.6,286762
2021-06-14 10:08:06,2750.6,286762
2021-06-14 10:08:07,2750.6,286762
2021-06-14 10:08:08,2751.95,286763
2021-06-14 10:08:09,2750.6,286773
2021-06-14 10:08:10,2750.65,286774
2021-06-14 10:08:11,2750.65,286774
2021-06-14 10:08:12,2750.7,286784
2021-06-14 10:08:13,2750.7,286784
2021-06-14 10:08:14,2750.45,286786
2021-06-14 10:08:15,2750.45,286786
2021-06-14 10:08:16,2750.45,286786
2021-06-14 10:08:17,2750.2,286846
2021-06-14 10:08:18,2750.8,286847
2021-06-14 10:08:19,2750.8,286847
2021-06-14 10:08:20,2750.8,286847
2021-06-14 10:08:21,2750.8,286847
2021-06-14 10:08:22,2750.8,286850
2021-06-14 10:08:23,2749.85,286899
2021-06-14 10:08:24,2749.85,286899
2021-06-14 10:08:25,2749.8,286919
2021-06-14 10:08:26,2749.8,286925
2021-06-14 10:08:27,2749.8,286934
2021-06-14 10:08:28,2749.1,287206
2021-06-14 10:08:29,2747.85,287364
2021-06-14 10:08:30,2747.2,287365
2021-06-14 10:08:31,2747.2,287365
2021-06-14 10:08:32,2747.45,287369
2021-06-14 10:08:33,2747.85,287387
2021-06-14 10:08:34,2747.85,287659
2021-06-14 10:08:35,2747.85,287669
2021-06-14 10:08:36,2747.85,287669
2021-06-14 10:08:38,2746.65,287689
2021-06-14 10:08:39,2746.65,287689
2021-06-14 10:08:40,2747.85,287708
2021-06-14 10:08:41,2747.85,287708
2021-06-14 10:08:42,2748.5,287709
2021-06-14 10:08:43,2748.5,287709
