timestamp,ltp,volume
2021-06-14 09:15:48,981.8,33741
2021-06-14 09:15:49,981.9,34062
2021-06-14 09:15:53,982.85,35718
2021-06-14 09:15:54,982.75,35795
2021-06-14 09:15:55,982.75,35949
2021-06-14 09:15:56,982.75,35949
2021-06-14 09:15:57,983.0,37188
2021-06-14 09:15:58,982.85,37304
2021-06-14 09:15:59,983.0,37445
2021-06-14 09:16:00,983.0,37470
2021-06-14 09:16:01,983.0,37795
2021-06-14 09:16:03,982.4,40700
2021-06-14 09:16:02,982.6,40609
2021-06-14 09:16:05,981.95,41229
2021-06-14 09:16:04,982.35,40785
2021-06-14 09:16:06,982.05,41306
2021-06-14 09:16:07,982.1,41380
2021-06-14 09:16:08,982.05,41452
2021-06-14 09:16:09,982.4,41497
2021-06-14 09:16:10,982.05,41530
2021-06-14 09:16:11,982.55,42071
2021-06-14 09:16:12,982.05,42219
2021-06-14 09:16:13,982.05,44321
2021-06-14 09:16:14,982.15,44436
2021-06-14 09:16:15,982.0,44647
2021-06-14 09:16:17,982.1,45113
2021-06-14 09:16:18,982.1,45148
2021-06-14 09:16:19,982.0,45516
2021-06-14 09:16:20,981.85,45543
2021-06-14 09:16:24,982.3,47125
2021-06-14 09:16:25,982.25,47170
2021-06-14 09:16:26,982.3,47336
2021-06-14 09:16:27,982.85,47406
2021-06-14 09:16:28,982.35,47442
2021-06-14 09:16:29,983.0,47967
2021-06-14 09:16:30,983.0,48042
2021-06-14 09:16:31,982.6,49120
2021-06-14 09:16:32,983.5,49482
2021-06-14 09:16:33,983.7,52038
2021-06-14 09:16:35,984.65,53183
2021-06-14 09:16:35,984.65,52936
2021-06-14 09:16:36,984.35,54311
2021-06-14 09:16:37,984.9,55307
2021-06-14 09:16:38,984.9,55517
2021-06-14 09:16:39,984.95,55710
2021-06-14 09:16:40,984.95,55893
2021-06-14 09:16:41,984.5,56364
2021-06-14 09:16:42,984.5,56364
2021-06-14 09:16:43,984.6,56430
2021-06-14 09:16:44,984.95,56540
2021-06-14 09:16:45,985.0,56638
2021-06-14 09:16:46,984.55,56760
2021-06-14 09:16:47,985.0,57626
2021-06-14 09:16:48,985.0,57725
2021-06-14 09:16:51,985.4,57949
2021-06-14 09:16:52,985.35,57998
2021-06-14 09:16:52,985.35,57998
2021-06-14 09:16:53,985.45,58048
2021-06-14 09:16:54,985.35,58273
2021-06-14 09:16:55,985.45,58453
2021-06-14 09:16:56,985.05,58675
2021-06-14 09:16:57,985.0,58719
2021-06-14 09:16:58,985.35,58749
2021-06-14 09:17:00,985.1,58802
2021-06-14 09:17:01,985.35,60054
2021-06-14 09:17:02,985.6,60224
2021-06-14 09:17:03,985.8,60358
2021-06-14 09:17:04,985.75,61067
2021-06-14 09:17:06,986.45,61461
2021-06-14 09:17:06,985.95,61531
2021-06-14 09:17:07,985.85,61599
2021-06-14 09:17:08,986.05,61740
2021-06-14 09:17:09,986.5,61867
2021-06-14 09:17:10,987.15,63502
2021-06-14 09:17:11,987.1,63625
2021-06-14 09:17:12,987.2,63885
2021-06-14 09:17:13,986.6,64355
2021-06-14 09:17:14,986.75,64509
2021-06-14 09:17:15,986.5,65005
2021-06-14 09:17:16,986.6,65167
2021-06-14 09:17:17,987.7,68320
2021-06-14 09:17:18,987.0,68345
2021-06-14 09:17:19,987.0,68737
2021-06-14 09:17:20,986.8,68897
2021-06-14 09:17:21,987.2,68972
2021-06-14 09:17:22,986.95,69981
2021-06-14 09:17:23,987.2,70125
2021-06-14 09:17:24,987.15,70453
2021-06-14 09:17:25,987.75,71134
2021-06-14 09:17:26,987.65,72996
2021-06-14 09:17:28,987.35,74170
2021-06-14 09:17:29,987.4,74271
2021-06-14 09:17:30,987.0,74739
2021-06-14 09:17:31,987.2,74936
2021-06-14 09:17:32,987.15,75433
2021-06-14 09:17:32,986.65,75333
2021-06-14 09:17:33,986.9,75518
2021-06-14 09:17:34,986.5,75608
2021-06-14 09:17:35,987.0,76293
2021-06-14 09:17:36,986.65,78083
2021-06-14 09:17:37,986.55,78143
2021-06-14 09:17:38,987.0,78383
2021-06-14 09:17:39,987.0,78655
2021-06-14 09:17:40,986.65,80255
2021-06-14 09:17:41,986.5,80439
2021-06-14 09:17:42,986.65,80548
2021-06-14 09:17:43,987.3,81114
2021-06-14 09:17:44,987.25,81142
2021-06-14 09:17:45,987.4,81405
2021-06-14 09:17:46,987.0,81417
2021-06-14 09:17:47,987.0,81559
2021-06-14 09:17:48,986.9,81624
2021-06-14 09:17:49,987.0,83142
2021-06-14 09:17:50,987.0,83171
2021-06-14 09:17:51,986.95,83380
2021-06-14 09:17:53,986.95,84475
2021-06-14 09:17:53,986.95,84475
2021-06-14 09:17:54,986.95,85178
2021-06-14 09:17:55,987.35,85628
2021-06-14 09:17:56,987.4,85729
2021-06-14 09:17:58,987.1,86128
2021-06-14 09:18:00,986.2,89212
2021-06-14 09:18:01,986.3,89691
2021-06-14 09:18:02,986.35,89746
2021-06-14 09:18:03,986.95,90530
2021-06-14 09:18:04,986.9,91793
2021-06-14 09:18:05,986.3,91837
2021-06-14 09:18:06,986.65,92139
2021-06-14 09:18:07,986.35,92315
2021-06-14 09:18:08,986.5,93196
2021-06-14 09:18:10,986.3,93237
2021-06-14 09:18:11,986.25,93336
2021-06-14 09:18:12,985.95,95590
2021-06-14 09:18:12,985.95,95590
2021-06-14 09:18:13,985.9,95621
2021-06-14 09:18:14,985.45,95952
2021-06-14 09:18:15,986.0,96279
2021-06-14 09:18:16,985.35,96422
2021-06-14 09:18:17,985.7,96551
2021-06-14 09:18:18,985.35,96946
2021-06-14 09:18:19,985.45,97019
2021-06-14 09:18:20,985.15,97628
2021-06-14 09:18:22,985.4,99112
2021-06-14 09:18:23,985.0,99197
2021-06-14 09:18:24,985.45,100802
2021-06-14 09:18:25,984.9,100864
2021-06-14 09:18:26,985.2,101008
2021-06-14 09:18:28,985.2,101310
2021-06-14 09:18:27,985.2,101187
2021-06-14 09:18:28,984.8,101540
2021-06-14 09:18:29,985.0,101893
2021-06-14 09:18:31,984.95,101917
2021-06-14 09:18:32,984.35,102229
2021-06-14 09:18:33,984.85,102279
2021-06-14 09:18:34,984.2,102364
2021-06-14 09:18:35,984.85,103054
2021-06-14 09:18:36,984.4,103362
2021-06-14 09:18:37,984.4,103482
2021-06-14 09:18:38,984.4,103602
2021-06-14 09:18:39,984.3,103934
2021-06-14 09:18:40,984.3,103935
2021-06-14 09:18:41,984.2,104237
2021-06-14 09:18:42,983.55,104387
2021-06-14 09:18:43,983.55,104529
2021-06-14 09:18:43,983.4,105180
2021-06-14 09:18:44,983.9,105288
2021-06-14 09:18:45,983.55,105321
2021-06-14 09:18:46,983.9,105328
2021-06-14 09:18:48,983.6,105448
2021-06-14 09:18:48,983.9,105538
2021-06-14 09:18:50,983.95,106109
2021-06-14 09:18:51,984.15,106215
2021-06-14 09:18:52,983.9,106266
2021-06-14 09:18:54,983.9,106712
2021-06-14 09:18:55,983.85,106737
2021-06-14 09:18:56,984.05,106886
2021-06-14 09:18:57,983.85,107020
2021-06-14 09:18:58,983.9,107163
2021-06-14 09:18:59,983.6,107497
2021-06-14 09:19:00,983.75,107641
2021-06-14 09:19:01,984.35,108594
2021-06-14 09:19:02,984.35,108864
2021-06-14 09:19:03,983.6,109029
2021-06-14 09:19:04,983.85,109031
2021-06-14 09:19:05,983.15,110160
2021-06-14 09:19:07,983.8,111468
2021-06-14 09:19:08,983.6,111490
2021-06-14 09:19:09,983.6,111514
2021-06-14 09:19:10,983.0,112959
2021-06-14 09:19:11,982.8,113040
2021-06-14 09:19:12,983.05,113091
2021-06-14 09:19:12,982.5,113301
2021-06-14 09:19:13,983.0,113548
2021-06-14 09:19:14,983.3,113806
2021-06-14 09:19:15,983.6,114394
2021-06-14 09:19:16,983.85,115044
2021-06-14 09:19:17,983.85,115044
2021-06-14 09:19:18,983.15,116055
2021-06-14 09:19:19,983.65,116156
2021-06-14 09:19:20,983.3,116251
2021-06-14 09:19:21,983.65,116263
2021-06-14 09:19:22,983.65,116283
2021-06-14 09:19:23,983.5,116314
2021-06-14 09:19:24,983.5,116331
2021-06-14 09:19:25,983.5,116602
2021-06-14 09:19:26,983.0,117307
2021-06-14 09:19:27,983.15,117517
2021-06-14 09:19:29,983.5,117521
2021-06-14 09:19:30,983.5,118087
2021-06-14 09:19:31,983.5,118539
2021-06-14 09:19:34,983.5,118714
2021-06-14 09:19:35,983.0,119044
2021-06-14 09:19:35,983.2,119220
2021-06-14 09:19:36,982.9,119658
2021-06-14 09:19:37,982.85,119747
2021-06-14 09:19:38,983.25,119813
2021-06-14 09:19:39,983.15,119843
2021-06-14 09:19:40,983.05,120036
2021-06-14 09:19:41,983.45,120131
2021-06-14 09:19:42,983.5,120309
2021-06-14 09:19:44,983.25,120510
2021-06-14 09:19:44,983.25,120529
2021-06-14 09:19:45,983.1,120568
2021-06-14 09:19:47,983.4,120905
2021-06-14 09:19:48,983.45,120994
2021-06-14 09:19:49,983.5,121856
2021-06-14 09:19:49,983.5,121860
2021-06-14 09:19:50,983.5,122021
2021-06-14 09:19:51,983.5,122510
2021-06-14 09:19:52,983.5,122629
2021-06-14 09:19:53,983.5,122673
2021-06-14 09:19:55,983.7,122674
2021-06-14 09:19:56,983.2,123291
2021-06-14 09:19:57,983.05,123650
2021-06-14 09:19:58,983.5,123815
2021-06-14 09:19:59,983.5,123897
2021-06-14 09:20:00,983.5,124040
2021-06-14 09:20:00,983.0,124639
2021-06-14 09:20:01,983.35,124767
2021-06-14 09:20:03,983.5,125343
2021-06-14 09:20:04,982.8,125698
2021-06-14 09:20:05,983.15,125981
2021-06-14 09:20:05,982.75,126019
2021-06-14 09:20:07,983.15,126087
2021-06-14 09:20:08,983.15,126158
2021-06-14 09:20:09,983.4,126263
2021-06-14 09:20:10,983.4,126392
2021-06-14 09:20:11,982.95,126909
2021-06-14 09:20:11,983.35,127005
2021-06-14 09:20:12,983.25,127196
2021-06-14 09:20:13,983.0,127256
2021-06-14 09:20:14,982.05,128165
2021-06-14 09:20:15,982.65,128201
2021-06-14 09:20:17,982.15,128351
2021-06-14 09:20:18,982.6,128631
2021-06-14 09:20:19,982.05,128792
2021-06-14 09:20:20,982.55,128893
2021-06-14 09:20:21,982.0,129502
2021-06-14 09:20:22,982.5,129548
2021-06-14 09:20:23,982.5,129548
2021-06-14 09:20:24,982.0,129699
2021-06-14 09:20:25,982.05,129719
2021-06-14 09:20:26,982.05,129724
2021-06-14 09:20:27,982.4,129875
2021-06-14 09:20:27,982.05,129824
2021-06-14 09:20:28,982.0,130162
2021-06-14 09:20:30,981.75,131589
2021-06-14 09:20:31,982.0,131592
2021-06-14 09:20:33,981.95,131689
2021-06-14 09:20:34,982.2,131818
2021-06-14 09:20:35,981.7,132025
2021-06-14 09:20:36,982.15,132296
2021-06-14 09:20:36,981.9,132685
2021-06-14 09:20:37,982.15,132807
2021-06-14 09:20:38,982.15,133007
2021-06-14 09:20:40,982.05,133018
2021-06-14 09:20:41,982.05,133034
2021-06-14 09:20:42,981.9,133110
2021-06-14 09:20:43,982.0,133260
2021-06-14 09:20:44,982.1,133362
2021-06-14 09:20:45,981.7,133862
2021-06-14 09:20:46,981.45,135866
2021-06-14 09:20:47,981.4,135890
2021-06-14 09:20:48,981.05,136393
2021-06-14 09:20:49,981.2,138182
2021-06-14 09:20:50,981.7,138372
2021-06-14 09:20:51,981.05,138672
2021-06-14 09:20:52,981.7,138958
2021-06-14 09:20:53,981.7,138963
2021-06-14 09:20:54,982.05,140229
2021-06-14 09:20:55,981.15,140262
2021-06-14 09:20:56,981.05,140551
2021-06-14 09:20:57,981.15,141231
2021-06-14 09:20:58,981.55,141367
2021-06-14 09:20:59,981.45,141627
2021-06-14 09:21:00,981.55,141859
2021-06-14 09:21:01,981.1,141919
2021-06-14 09:21:02,982.0,143719
2021-06-14 09:21:03,981.7,143864
2021-06-14 09:21:04,981.65,144079
2021-06-14 09:21:05,980.9,147294
2021-06-14 09:21:06,980.6,147526
2021-06-14 09:21:07,981.05,147742
2021-06-14 09:21:08,981.1,147892
2021-06-14 09:21:09,981.1,147892
2021-06-14 09:21:10,981.0,147899
2021-06-14 09:21:11,980.7,148055
2021-06-14 09:21:12,980.6,148097
2021-06-14 09:21:13,981.2,148617
2021-06-14 09:21:14,980.75,148658
2021-06-14 09:21:15,981.05,148684
2021-06-14 09:21:15,981.05,148684
2021-06-14 09:21:16,980.6,148783
2021-06-14 09:21:18,980.3,149467
2021-06-14 09:21:19,980.95,149837
2021-06-14 09:21:20,980.95,149852
2021-06-14 09:21:21,980.75,150622
2021-06-14 09:21:22,980.65,150719
2021-06-14 09:21:23,980.6,150741
2021-06-14 09:21:24,981.15,150891
2021-06-14 09:21:25,981.15,150891
2021-06-14 09:21:26,980.95,151003
2021-06-14 09:21:27,981.0,151013
2021-06-14 09:21:28,981.1,151019
2021-06-14 09:21:29,980.7,151129
2021-06-14 09:21:31,981.0,151749
2021-06-14 09:21:33,981.2,152169
2021-06-14 09:21:34,980.45,154829
2021-06-14 09:21:35,980.45,155109
2021-06-14 09:21:37,980.4,155276
2021-06-14 09:21:38,980.4,155276
2021-06-14 09:21:39,980.35,155981
2021-06-14 09:21:40,980.25,156037
2021-06-14 09:21:40,980.25,156037
2021-06-14 09:21:41,980.7,156063
2021-06-14 09:21:42,980.8,156273
2021-06-14 09:21:44,980.75,156300
2021-06-14 09:21:45,980.45,156310
2021-06-14 09:21:46,980.4,156410
2021-06-14 09:21:47,980.9,157100
2021-06-14 09:21:49,980.3,157982
2021-06-14 09:21:50,980.35,157985
2021-06-14 09:21:51,980.75,158067
2021-06-14 09:21:52,980.4,158100
2021-06-14 09:21:53,980.9,158306
2021-06-14 09:21:54,980.9,158611
2021-06-14 09:21:55,980.9,158611
2021-06-14 09:21:56,980.25,158726
2021-06-14 09:21:57,980.05,158831
2021-06-14 09:21:58,980.2,159384
2021-06-14 09:21:59,980.25,159426
2021-06-14 09:22:00,980.65,159467
2021-06-14 09:22:00,980.65,159467
2021-06-14 09:22:01,980.25,159568
2021-06-14 09:22:02,980.95,159647
2021-06-14 09:22:03,980.9,159768
2021-06-14 09:22:04,980.6,160053
2021-06-14 09:22:06,980.95,160569
2021-06-14 09:22:07,980.45,160589
2021-06-14 09:22:08,981.0,160730
2021-06-14 09:22:09,980.55,160741
2021-06-14 09:22:10,980.95,160843
2021-06-14 09:22:11,980.55,161458
2021-06-14 09:22:12,980.6,161483
2021-06-14 09:22:13,981.0,161612
2021-06-14 09:22:14,980.6,161732
2021-06-14 09:22:15,980.95,161893
2021-06-14 09:22:17,980.95,162008
2021-06-14 09:22:20,980.9,162094
2021-06-14 09:22:21,980.9,162094
2021-06-14 09:22:21,980.95,162095
2021-06-14 09:22:22,981.0,162231
2021-06-14 09:22:23,981.0,162281
2021-06-14 09:22:24,980.95,162382
2021-06-14 09:22:25,980.95,162390
2021-06-14 09:22:27,981.0,162450
2021-06-14 09:22:28,981.0,162625
2021-06-14 09:22:29,981.0,162925
2021-06-14 09:22:30,981.0,162965
2021-06-14 09:22:31,981.0,162965
2021-06-14 09:22:32,981.0,163099
2021-06-14 09:22:33,980.7,163189
2021-06-14 09:22:34,980.7,163189
2021-06-14 09:22:35,980.7,163189
2021-06-14 09:22:36,980.55,163352
2021-06-14 09:22:37,980.55,163624
2021-06-14 09:22:38,980.4,163856
2021-06-14 09:22:39,980.35,164881
2021-06-14 09:22:40,980.3,164919
2021-06-14 09:22:41,980.05,164953
2021-06-14 09:22:42,980.0,172761
2021-06-14 09:22:43,979.15,173538
2021-06-14 09:22:44,979.8,173708
2021-06-14 09:22:45,980.2,174004
2021-06-14 09:22:45,980.2,174059
2021-06-14 09:22:47,980.6,174137
2021-06-14 09:22:48,980.1,174640
2021-06-14 09:22:49,980.1,174640
2021-06-14 09:22:50,980.55,174974
2021-06-14 09:22:51,980.15,175024
2021-06-14 09:22:52,980.5,175034
2021-06-14 09:22:53,980.1,175114
2021-06-14 09:22:54,980.1,175114
2021-06-14 09:22:55,980.5,175922
2021-06-14 09:22:56,980.5,175957
2021-06-14 09:22:57,980.5,176058
2021-06-14 09:22:58,980.5,176078
2021-06-14 09:22:59,980.5,176078
2021-06-14 09:23:00,980.5,176383
2021-06-14 09:23:01,980.15,176456
2021-06-14 09:23:02,980.15,176456
2021-06-14 09:23:03,980.05,176556
2021-06-14 09:23:04,980.05,176556
2021-06-14 09:23:05,980.4,176935
2021-06-14 09:23:06,980.5,177013
2021-06-14 09:23:08,980.5,178115
2021-06-14 09:23:09,980.4,178161
2021-06-14 09:23:10,980.05,178536
2021-06-14 09:23:11,980.65,182587
2021-06-14 09:23:13,980.05,183343
2021-06-14 09:23:14,980.35,183344
2021-06-14 09:23:15,980.15,183345
2021-06-14 09:23:16,979.85,183732
2021-06-14 09:23:17,980.05,183733
2021-06-14 09:23:18,980.15,183744
2021-06-14 09:23:19,980.15,183798
2021-06-14 09:23:20,980.15,183798
2021-06-14 09:23:21,979.65,183888
2021-06-14 09:23:22,979.5,183967
2021-06-14 09:23:23,980.05,184441
2021-06-14 09:23:24,980.05,184441
2021-06-14 09:23:25,980.05,184441
2021-06-14 09:23:26,979.65,185127
2021-06-14 09:23:28,979.5,185235
2021-06-14 09:23:30,979.85,185237
2021-06-14 09:23:31,979.35,185302
2021-06-14 09:23:32,979.35,185323
2021-06-14 09:23:33,979.35,185323
2021-06-14 09:23:33,979.35,185323
2021-06-14 09:23:35,979.05,185626
2021-06-14 09:23:36,979.55,185899
2021-06-14 09:23:37,979.55,185899
2021-06-14 09:23:38,979.55,185906
2021-06-14 09:23:38,979.55,185906
2021-06-14 09:23:40,979.5,186017
2021-06-14 09:23:41,979.2,186256
2021-06-14 09:23:42,979.5,186449
2021-06-14 09:23:43,979.3,186511
2021-06-14 09:23:44,979.6,186734
2021-06-14 09:23:44,979.6,186734
2021-06-14 09:23:46,979.6,186734
2021-06-14 09:23:47,980.05,186846
2021-06-14 09:23:48,980.05,186988
2021-06-14 09:23:49,980.1,187016
2021-06-14 09:23:50,979.85,187116
2021-06-14 09:23:51,979.75,187183
2021-06-14 09:23:51,979.75,187193
2021-06-14 09:23:53,980.0,187234
2021-06-14 09:23:54,980.05,187284
2021-06-14 09:23:55,979.65,187672
2021-06-14 09:23:56,979.55,187892
2021-06-14 09:23:57,979.55,187982
2021-06-14 09:23:57,979.55,187982
2021-06-14 09:23:59,979.8,188044
2021-06-14 09:24:00,979.1,188257
2021-06-14 09:24:01,979.15,188268
2021-06-14 09:24:02,979.15,188294
2021-06-14 09:24:03,979.55,188634
2021-06-14 09:24:04,979.5,188946
2021-06-14 09:24:04,979.5,188966
2021-06-14 09:24:06,979.5,189220
2021-06-14 09:24:07,979.45,189273
2021-06-14 09:24:08,979.45,189292
2021-06-14 09:24:09,979.5,189316
2021-06-14 09:24:10,979.05,189486
2021-06-14 09:24:10,979.0,189551
2021-06-14 09:24:12,979.0,189569
2021-06-14 09:24:13,979.0,189584
2021-06-14 09:24:14,979.0,189718
2021-06-14 09:24:15,979.0,189718
2021-06-14 09:24:15,979.0,189718
2021-06-14 09:24:17,979.35,190038
2021-06-14 09:24:18,979.35,190288
2021-06-14 09:24:19,979.3,190308
2021-06-14 09:24:20,979.3,190310
2021-06-14 09:24:21,979.05,190398
2021-06-14 09:24:22,979.05,190418
2021-06-14 09:24:22,979.35,190463
2021-06-14 09:24:24,979.8,190985
2021-06-14 09:24:26,979.45,191374
2021-06-14 09:24:27,979.3,191381
2021-06-14 09:24:27,979.3,191383
2021-06-14 09:24:28,979.4,191454
2021-06-14 09:24:30,979.25,191535
2021-06-14 09:24:31,979.25,191560
2021-06-14 09:24:33,979.7,191732
2021-06-14 09:24:33,979.7,191732
2021-06-14 09:24:35,979.5,191740
2021-06-14 09:24:36,979.85,191825
2021-06-14 09:24:37,979.85,191825
2021-06-14 09:24:38,979.55,192100
2021-06-14 09:24:39,979.85,192127
2021-06-14 09:24:41,979.5,192433
2021-06-14 09:24:42,979.75,192529
2021-06-14 09:24:44,979.45,192672
2021-06-14 09:24:43,979.45,192672
2021-06-14 09:24:45,979.45,192723
2021-06-14 09:24:46,979.1,193022
2021-06-14 09:24:47,979.45,193086
2021-06-14 09:24:48,979.05,193145
2021-06-14 09:24:49,979.55,193483
2021-06-14 09:24:50,979.45,193533
2021-06-14 09:24:51,979.45,193533
2021-06-14 09:24:52,979.4,193627
2021-06-14 09:24:53,979.4,193627
2021-06-14 09:24:54,979.35,193663
2021-06-14 09:24:55,979.05,193763
2021-06-14 09:24:56,979.05,193913
2021-06-14 09:24:57,979.5,194133
2021-06-14 09:24:58,979.4,194902
2021-06-14 09:24:59,979.65,194931
2021-06-14 09:25:00,979.0,195683
2021-06-14 09:25:01,979.05,197280
2021-06-14 09:25:02,979.05,197295
2021-06-14 09:25:03,978.65,197360
2021-06-14 09:25:04,979.05,197391
2021-06-14 09:25:05,978.9,197420
2021-06-14 09:25:06,978.85,197493
2021-06-14 09:25:07,979.05,197543
2021-06-14 09:25:08,979.0,197580
2021-06-14 09:25:09,979.55,197843
2021-06-14 09:25:10,979.55,197843
2021-06-14 09:25:11,979.85,198096
2021-06-14 09:25:12,979.85,198096
2021-06-14 09:25:13,979.75,198115
2021-06-14 09:25:15,979.35,198175
2021-06-14 09:25:14,979.35,198175
2021-06-14 09:25:16,979.4,198275
2021-06-14 09:25:17,979.4,198275
2021-06-14 09:25:18,978.95,198444
2021-06-14 09:25:19,978.9,198608
2021-06-14 09:25:20,979.25,198708
2021-06-14 09:25:21,979.25,198708
2021-06-14 09:25:22,979.25,198708
2021-06-14 09:25:23,979.05,198934
2021-06-14 09:25:24,978.9,199070
2021-06-14 09:25:25,979.05,199130
2021-06-14 09:25:26,978.5,199353
2021-06-14 09:25:27,978.85,199439
2021-06-14 09:25:28,978.85,199458
2021-06-14 09:25:29,978.95,199525
2021-06-14 09:25:30,978.9,199606
2021-06-14 09:25:31,978.5,199607
2021-06-14 09:25:32,978.9,199692
2021-06-14 09:25:33,978.9,199692
2021-06-14 09:25:34,978.9,200100
2021-06-14 09:25:35,978.8,200550
2021-06-14 09:25:36,978.55,202771
2021-06-14 09:25:37,977.2,205968
2021-06-14 09:25:38,977.55,206674
2021-06-14 09:25:39,977.55,206674
2021-06-14 09:25:40,977.55,206696
2021-06-14 09:25:41,976.85,207365
2021-06-14 09:25:42,976.6,207757
2021-06-14 09:25:43,977.05,207981
2021-06-14 09:25:44,977.05,207981
2021-06-14 09:25:45,976.6,208034
2021-06-14 09:25:46,976.5,208568
2021-06-14 09:25:47,976.8,209395
2021-06-14 09:25:48,976.3,209680
2021-06-14 09:25:49,976.6,209900
2021-06-14 09:25:50,976.6,209930
2021-06-14 09:25:51,977.2,214949
2021-06-14 09:25:53,977.0,216105
2021-06-14 09:25:54,977.0,216162
2021-06-14 09:25:56,976.6,216504
2021-06-14 09:25:57,976.95,217107
2021-06-14 09:25:58,976.65,217327
2021-06-14 09:25:59,977.25,217856
2021-06-14 09:26:00,977.15,217945
2021-06-14 09:26:01,977.45,217974
2021-06-14 09:26:02,977.15,218359
2021-06-14 09:26:03,977.2,218593
2021-06-14 09:26:04,977.05,218898
2021-06-14 09:26:05,977.05,218898
2021-06-14 09:26:06,977.7,219070
2021-06-14 09:26:07,977.7,219070
2021-06-14 09:26:08,977.2,219443
2021-06-14 09:26:09,977.0,220343
2021-06-14 09:26:10,977.0,220563
2021-06-14 09:26:11,976.6,221038
2021-06-14 09:26:12,977.15,221454
2021-06-14 09:26:13,976.4,221913
2021-06-14 09:26:14,976.4,221913
2021-06-14 09:26:15,976.9,221932
2021-06-14 09:26:16,976.45,221983
2021-06-14 09:26:17,976.6,222180
2021-06-14 09:26:18,976.55,222220
2021-06-14 09:26:19,977.0,222222
2021-06-14 09:26:21,976.25,222395
2021-06-14 09:26:22,976.05,222908
2021-06-14 09:26:23,976.0,223015
2021-06-14 09:26:24,976.8,223419
2021-06-14 09:26:25,976.8,223456
2021-06-14 09:26:26,976.8,223530
2021-06-14 09:26:27,976.5,223532
2021-06-14 09:26:28,976.8,223593
2021-06-14 09:26:30,977.0,224030
2021-06-14 09:26:31,977.0,224891
2021-06-14 09:26:32,977.0,225543
2021-06-14 09:26:33,977.0,225543
2021-06-14 09:26:34,977.1,225552
2021-06-14 09:26:35,977.3,226072
2021-06-14 09:26:36,977.25,226087
2021-06-14 09:26:37,977.2,226137
2021-06-14 09:26:38,977.2,226157
2021-06-14 09:26:39,977.2,226177
2021-06-14 09:26:40,978.0,226294
2021-06-14 09:26:41,977.75,226462
2021-06-14 09:26:42,977.25,226544
2021-06-14 09:26:43,977.25,226544
2021-06-14 09:26:44,977.25,226544
2021-06-14 09:26:45,977.25,226544
2021-06-14 09:26:46,977.65,226591
2021-06-14 09:26:47,977.6,226651
2021-06-14 09:26:48,977.55,227066
2021-06-14 09:26:49,977.2,227343
2021-06-14 09:26:50,977.7,227483
2021-06-14 09:26:51,977.25,227666
2021-06-14 09:26:52,977.2,227725
2021-06-14 09:26:54,977.6,227997
2021-06-14 09:26:55,977.6,227997
2021-06-14 09:26:56,977.85,228013
2021-06-14 09:26:57,977.85,228013
2021-06-14 09:26:58,977.75,228079
2021-06-14 09:27:00,977.5,228204
2021-06-14 09:27:00,977.5,228204
2021-06-14 09:27:01,979.05,230146
2021-06-14 09:27:02,979.0,230205
2021-06-14 09:27:03,979.15,230240
2021-06-14 09:27:04,978.9,230301
2021-06-14 09:27:05,978.9,230307
2021-06-14 09:27:06,978.95,230362
2021-06-14 09:27:07,978.65,230383
2021-06-14 09:27:08,978.2,230413
2021-06-14 09:27:09,978.65,230424
2021-06-14 09:27:10,978.7,230445
2021-06-14 09:27:11,978.7,230445
2021-06-14 09:27:12,978.25,230456
2021-06-14 09:27:13,978.25,230526
2021-06-14 09:27:14,978.25,230608
2021-06-14 09:27:15,978.75,230775
2021-06-14 09:27:16,978.7,230810
2021-06-14 09:27:18,978.7,230955
2021-06-14 09:27:19,978.7,231005
2021-06-14 09:27:20,978.3,231125
2021-06-14 09:27:21,978.75,231126
2021-06-14 09:27:22,978.75,231139
2021-06-14 09:27:23,978.3,231220
2021-06-14 09:27:24,978.25,231300
2021-06-14 09:27:25,978.2,231530
2021-06-14 09:27:26,978.4,231775
2021-06-14 09:27:27,978.5,231776
2021-06-14 09:27:28,978.5,231809
2021-06-14 09:27:29,978.2,231814
2021-06-14 09:27:30,978.5,231966
2021-06-14 09:27:31,978.2,231976
2021-06-14 09:27:34,978.6,232221
2021-06-14 09:27:35,978.25,232246
2021-06-14 09:27:36,978.3,232266
2021-06-14 09:27:37,978.3,232266
2021-06-14 09:27:38,979.2,233116
2021-06-14 09:27:39,979.4,233266
2021-06-14 09:27:40,979.6,233334
2021-06-14 09:27:42,980.0,233451
2021-06-14 09:27:42,980.0,233501
2021-06-14 09:27:44,980.0,233573
2021-06-14 09:27:45,979.45,233585
2021-06-14 09:27:46,979.45,233585
2021-06-14 09:27:47,979.5,233885
2021-06-14 09:27:48,979.95,233925
2021-06-14 09:27:49,979.9,234106
2021-06-14 09:27:50,979.9,234108
2021-06-14 09:27:51,979.5,234233
2021-06-14 09:27:52,979.9,234236
2021-06-14 09:27:53,979.6,234286
2021-06-14 09:27:54,979.9,234299
2021-06-14 09:27:55,980.0,234357
2021-06-14 09:27:56,980.0,234490
2021-06-14 09:27:57,980.0,234497
2021-06-14 09:27:58,979.95,234556
2021-06-14 09:27:59,979.95,234556
2021-06-14 09:28:00,979.95,234716
2021-06-14 09:28:01,979.95,234716
2021-06-14 09:28:02,979.4,234997
2021-06-14 09:28:03,979.35,235040
2021-06-14 09:28:04,979.0,235064
2021-06-14 09:28:05,979.0,235139
2021-06-14 09:28:06,979.0,235139
2021-06-14 09:28:07,979.3,235149
2021-06-14 09:28:08,979.0,235180
2021-06-14 09:28:09,979.2,235195
2021-06-14 09:28:10,979.0,235220
2021-06-14 09:28:11,979.0,235345
2021-06-14 09:28:12,979.35,236055
2021-06-14 09:28:14,979.1,236075
2021-06-14 09:28:15,978.1,236080
2021-06-14 09:28:16,978.85,236157
2021-06-14 09:28:17,978.85,236157
2021-06-14 09:28:18,978.4,236177
2021-06-14 09:28:19,979.0,237177
2021-06-14 09:28:20,978.65,237287
2021-06-14 09:28:21,978.65,237287
2021-06-14 09:28:22,978.65,237287
2021-06-14 09:28:23,979.1,237788
2021-06-14 09:28:24,978.65,237800
2021-06-14 09:28:25,978.65,237870
2021-06-14 09:28:26,978.65,237870
2021-06-14 09:28:27,978.65,237870
2021-06-14 09:28:28,978.95,238005
2021-06-14 09:28:29,978.05,239641
2021-06-14 09:28:30,978.7,239921
2021-06-14 09:28:31,978.7,239921
2021-06-14 09:28:32,978.65,240022
2021-06-14 09:28:33,978.65,240022
2021-06-14 09:28:34,978.65,240022
2021-06-14 09:28:35,978.7,240024
2021-06-14 09:28:36,978.7,240024
2021-06-14 09:28:37,978.25,240127
2021-06-14 09:28:38,978.25,240182
2021-06-14 09:28:39,978.65,240402
2021-06-14 09:28:40,978.6,240452
2021-06-14 09:28:41,978.6,240452
2021-06-14 09:28:41,978.6,240489
2021-06-14 09:28:42,978.1,240539
2021-06-14 09:28:43,978.35,240549
2021-06-14 09:28:44,978.1,240566
2021-06-14 09:28:45,978.0,240666
2021-06-14 09:28:46,978.15,240683
2021-06-14 09:28:47,978.0,240714
2021-06-14 09:28:49,978.0,240799
2021-06-14 09:28:50,978.6,240899
2021-06-14 09:28:51,978.35,240954
2021-06-14 09:28:52,978.65,240964
2021-06-14 09:28:53,978.85,240999
2021-06-14 09:28:54,978.45,241014
2021-06-14 09:28:55,978.45,241014
2021-06-14 09:28:56,978.45,241014
2021-06-14 09:28:57,978.45,241014
2021-06-14 09:29:00,978.95,241054
2021-06-14 09:29:01,979.0,241061
2021-06-14 09:29:02,979.1,241182
2021-06-14 09:29:03,979.0,241236
2021-06-14 09:29:04,979.0,241259
2021-06-14 09:29:05,979.0,241285
2021-06-14 09:29:06,979.0,241285
2021-06-14 09:29:07,979.1,241295
2021-06-14 09:29:08,979.05,241345
2021-06-14 09:29:09,979.25,241350
2021-06-14 09:29:10,979.15,241360
2021-06-14 09:29:11,979.15,241360
2021-06-14 09:29:12,979.5,241410
2021-06-14 09:29:12,979.05,241870
2021-06-14 09:29:13,979.05,241870
2021-06-14 09:29:14,979.5,241881
2021-06-14 09:29:15,979.0,241936
2021-06-14 09:29:16,979.0,241949
2021-06-14 09:29:17,979.0,241974
2021-06-14 09:29:18,979.35,242034
2021-06-14 09:29:19,979.4,242134
2021-06-14 09:29:20,979.4,242176
2021-06-14 09:29:21,979.4,242236
2021-06-14 09:29:22,979.05,242297
2021-06-14 09:29:23,979.0,242485
2021-06-14 09:29:24,979.0,242485
2021-06-14 09:29:25,979.0,242485
2021-06-14 09:29:26,979.3,242502
2021-06-14 09:29:27,979.3,242502
2021-06-14 09:29:29,979.35,242650
2021-06-14 09:29:30,979.0,242681
2021-06-14 09:29:31,979.0,242681
2021-06-14 09:29:32,979.0,243090
2021-06-14 09:29:33,979.4,243256
2021-06-14 09:29:34,979.4,243356
2021-06-14 09:29:35,979.0,243396
2021-06-14 09:29:36,979.0,243596
2021-06-14 09:29:37,979.0,243607
2021-06-14 09:29:38,979.25,243662
2021-06-14 09:29:39,979.0,243712
2021-06-14 09:29:40,979.0,243832
2021-06-14 09:29:41,979.0,243832
2021-06-14 09:29:42,979.35,243877
2021-06-14 09:29:43,979.0,243978
2021-06-14 09:29:45,979.3,244017
2021-06-14 09:29:46,979.3,244018
2021-06-14 09:29:47,979.3,244041
2021-06-14 09:29:48,979.05,244061
2021-06-14 09:29:49,979.3,244219
2021-06-14 09:29:50,979.05,244224
2021-06-14 09:29:51,979.0,245797
2021-06-14 09:29:52,979.15,245939
2021-06-14 09:29:53,979.25,245996
2021-06-14 09:29:54,979.25,246006
2021-06-14 09:29:55,978.6,246176
2021-06-14 09:29:56,978.6,246176
2021-06-14 09:29:57,978.5,246205
2021-06-14 09:29:58,978.9,246207
2021-06-14 09:29:59,978.95,246404
2021-06-14 09:30:00,978.95,246404
2021-06-14 09:30:01,978.95,246404
2021-06-14 09:30:02,978.7,246425
2021-06-14 09:30:03,978.7,246452
2021-06-14 09:30:04,978.5,246455
2021-06-14 09:30:05,978.45,246485
2021-06-14 09:30:06,978.6,247065
2021-06-14 09:30:07,978.75,247113
2021-06-14 09:30:08,978.3,247233
2021-06-14 09:30:09,978.45,247239
2021-06-14 09:30:10,978.05,247254
2021-06-14 09:30:11,978.05,247273
2021-06-14 09:30:12,978.45,247377
2021-06-14 09:30:13,978.65,247828
2021-06-14 09:30:14,978.65,247865
2021-06-14 09:30:15,978.4,247925
2021-06-14 09:30:16,978.4,247925
2021-06-14 09:30:17,978.75,248388
2021-06-14 09:30:18,978.7,248430
2021-06-14 09:30:19,978.7,248440
2021-06-14 09:30:21,978.7,248453
2021-06-14 09:30:23,978.4,248498
2021-06-14 09:30:24,979.0,248654
2021-06-14 09:30:25,979.0,249919
2021-06-14 09:30:26,979.05,250698
2021-06-14 09:30:27,979.05,250698
2021-06-14 09:30:29,979.35,251382
2021-06-14 09:30:30,979.35,251484
2021-06-14 09:30:31,979.35,251485
2021-06-14 09:30:32,979.0,251518
2021-06-14 09:30:33,979.0,251543
2021-06-14 09:30:34,979.0,251555
2021-06-14 09:30:36,979.35,251884
2021-06-14 09:30:37,979.55,252014
2021-06-14 09:30:38,979.8,252167
2021-06-14 09:30:39,979.8,252279
2021-06-14 09:30:40,979.9,252303
2021-06-14 09:30:41,979.9,252401
2021-06-14 09:30:42,979.9,252401
2021-06-14 09:30:43,980.05,253689
2021-06-14 09:30:44,980.25,254252
2021-06-14 09:30:45,980.5,254889
2021-06-14 09:30:46,980.25,254922
2021-06-14 09:30:47,980.85,254999
2021-06-14 09:30:48,980.85,255064
2021-06-14 09:30:49,980.7,255269
2021-06-14 09:30:50,981.0,255580
2021-06-14 09:30:51,980.3,255821
2021-06-14 09:30:52,980.8,255861
2021-06-14 09:30:53,980.8,255861
2021-06-14 09:30:54,980.9,255940
2021-06-14 09:30:55,980.7,256008
2021-06-14 09:30:56,980.9,256053
2021-06-14 09:30:57,980.6,256084
2021-06-14 09:30:59,980.0,256156
2021-06-14 09:31:00,980.5,256458
2021-06-14 09:31:01,980.5,256458
2021-06-14 09:31:02,979.75,256478
2021-06-14 09:31:03,979.8,256578
2021-06-14 09:31:04,979.8,256579
2021-06-14 09:31:05,979.9,256629
2021-06-14 09:31:06,979.85,256843
2021-06-14 09:31:08,979.8,256895
2021-06-14 09:31:09,979.3,256913
2021-06-14 09:31:10,979.4,257092
2021-06-14 09:31:10,979.4,257092
2021-06-14 09:31:11,979.3,257193
2021-06-14 09:31:12,979.25,257212
2021-06-14 09:31:13,979.25,257212
2021-06-14 09:31:14,979.25,257212
2021-06-14 09:31:15,979.4,257259
2021-06-14 09:31:16,979.1,257275
2021-06-14 09:31:17,979.15,257354
2021-06-14 09:31:18,979.55,257394
2021-06-14 09:31:19,979.4,257500
2021-06-14 09:31:20,979.2,259307
2021-06-14 09:31:21,979.2,259307
2021-06-14 09:31:22,979.0,259332
2021-06-14 09:31:23,978.6,259532
2021-06-14 09:31:24,979.2,259548
2021-06-14 09:31:25,979.2,259549
2021-06-14 09:31:26,979.0,259569
2021-06-14 09:31:27,979.05,259581
2021-06-14 09:31:28,978.3,259701
2021-06-14 09:31:29,978.3,259701
2021-06-14 09:31:30,978.3,259701
2021-06-14 09:31:32,978.7,259858
2021-06-14 09:31:33,978.7,259858
2021-06-14 09:31:34,978.95,259969
2021-06-14 09:31:35,978.55,260138
2021-06-14 09:31:36,978.55,260238
2021-06-14 09:31:37,979.2,260329
2021-06-14 09:31:38,978.85,260411
2021-06-14 09:31:40,978.85,260414
2021-06-14 09:31:41,978.7,260427
2021-06-14 09:31:43,978.6,260487
2021-06-14 09:31:44,978.5,260498
2021-06-14 09:31:45,978.55,260508
2021-06-14 09:31:46,978.5,260568
2021-06-14 09:31:47,978.85,260660
2021-06-14 09:31:49,978.75,260688
2021-06-14 09:31:50,978.6,260694
2021-06-14 09:31:51,978.4,261088
2021-06-14 09:31:52,978.2,261099
2021-06-14 09:31:53,978.05,261806
2021-06-14 09:31:54,977.7,261816
2021-06-14 09:31:55,978.05,261867
2021-06-14 09:31:56,978.05,261880
2021-06-14 09:31:56,977.6,261920
2021-06-14 09:31:57,977.45,262220
2021-06-14 09:31:58,978.05,262677
2021-06-14 09:31:59,977.55,262717
2021-06-14 09:32:02,978.05,262777
2021-06-14 09:32:03,978.45,262884
2021-06-14 09:32:04,978.0,262920
2021-06-14 09:32:05,977.8,262976
2021-06-14 09:32:07,978.0,263099
2021-06-14 09:32:08,977.5,263130
2021-06-14 09:32:09,977.5,263192
2021-06-14 09:32:13,977.5,263532
2021-06-14 09:32:14,977.4,263632
2021-06-14 09:32:15,977.4,263632
2021-06-14 09:32:17,977.8,264145
2021-06-14 09:32:18,977.0,264452
2021-06-14 09:32:19,977.0,264452
2021-06-14 09:32:20,977.0,264881
2021-06-14 09:32:21,977.0,264941
2021-06-14 09:32:23,977.0,264965
2021-06-14 09:32:24,977.25,265198
2021-06-14 09:32:25,977.0,265239
2021-06-14 09:32:26,977.25,266007
2021-06-14 09:32:27,977.0,266008
2021-06-14 09:32:28,977.0,266129
2021-06-14 09:32:29,977.0,266398
2021-06-14 09:32:30,976.8,268116
2021-06-14 09:32:31,976.85,268168
2021-06-14 09:32:32,976.5,268418
2021-06-14 09:32:33,976.5,268672
2021-06-14 09:32:34,976.5,268672
2021-06-14 09:32:36,976.8,268938
2021-06-14 09:32:37,976.8,268938
2021-06-14 09:32:38,976.5,269737
2021-06-14 09:32:39,977.0,270903
2021-06-14 09:32:40,977.0,270937
2021-06-14 09:32:41,976.3,271367
2021-06-14 09:32:43,976.3,271473
2021-06-14 09:32:44,976.3,271473
2021-06-14 09:32:45,976.5,271542
2021-06-14 09:32:45,976.5,271573
2021-06-14 09:32:46,976.75,271615
2021-06-14 09:32:48,976.65,271777
2021-06-14 09:32:48,976.7,271782
2021-06-14 09:32:49,977.4,272170
2021-06-14 09:32:50,978.0,272415
2021-06-14 09:32:51,978.0,272425
2021-06-14 09:32:52,978.0,272511
2021-06-14 09:32:54,978.95,274111
2021-06-14 09:32:55,979.1,274810
2021-06-14 09:32:55,979.1,274835
2021-06-14 09:32:56,978.75,274929
2021-06-14 09:32:58,978.95,275089
2021-06-14 09:32:59,978.95,275090
2021-06-14 09:33:00,979.0,275195
2021-06-14 09:33:01,978.95,275724
2021-06-14 09:33:03,978.5,276144
2021-06-14 09:33:04,978.35,276149
2021-06-14 09:33:05,978.0,276209
2021-06-14 09:33:06,978.4,276228
2021-06-14 09:33:06,978.4,276278
2021-06-14 09:33:08,978.05,276298
2021-06-14 09:33:09,977.85,276773
2021-06-14 09:33:09,977.85,276773
2021-06-14 09:33:10,977.9,276874
2021-06-14 09:33:11,977.3,277034
2021-06-14 09:33:12,977.85,277044
2021-06-14 09:33:14,977.3,277457
2021-06-14 09:33:17,978.3,278068
2021-06-14 09:33:17,978.3,278073
2021-06-14 09:33:19,978.75,278179
2021-06-14 09:33:20,978.25,278299
2021-06-14 09:33:21,978.25,278299
2021-06-14 09:33:22,978.2,278870
2021-06-14 09:33:23,978.15,278946
2021-06-14 09:33:24,977.8,281997
2021-06-14 09:33:25,977.7,281998
2021-06-14 09:33:26,977.7,281998
2021-06-14 09:33:27,977.7,281998
2021-06-14 09:33:28,977.0,282020
2021-06-14 09:33:29,977.4,282048
2021-06-14 09:33:30,977.4,282058
2021-06-14 09:33:31,977.4,282058
2021-06-14 09:33:32,977.0,282078
2021-06-14 09:33:33,977.35,282278
2021-06-14 09:33:34,976.3,285997
2021-06-14 09:33:35,976.85,286698
2021-06-14 09:33:36,977.1,286728
2021-06-14 09:33:37,977.1,286904
2021-06-14 09:33:38,976.7,287125
2021-06-14 09:33:39,976.6,287137
2021-06-14 09:33:40,976.6,287137
2021-06-14 09:33:41,977.0,287318
2021-06-14 09:33:42,976.6,287583
2021-06-14 09:33:42,976.6,287583
2021-06-14 09:33:43,976.6,287728
2021-06-14 09:33:45,976.6,287828
2021-06-14 09:33:46,976.95,287976
2021-06-14 09:33:47,976.5,287977
2021-06-14 09:33:48,976.55,288002
2021-06-14 09:33:49,976.95,288056
2021-06-14 09:33:50,976.95,288056
2021-06-14 09:33:51,976.8,288105
2021-06-14 09:33:54,976.7,288375
2021-06-14 09:33:55,976.65,288387
2021-06-14 09:33:56,976.65,288387
2021-06-14 09:33:57,976.55,288512
2021-06-14 09:33:58,976.55,288530
2021-06-14 09:33:59,976.7,288553
2021-06-14 09:34:00,976.7,288594
2021-06-14 09:34:01,976.7,289069
2021-06-14 09:34:02,977.0,289430
2021-06-14 09:34:03,976.6,289498
2021-06-14 09:34:04,976.7,289594
2021-06-14 09:34:05,977.0,289634
2021-06-14 09:34:06,977.15,289869
2021-06-14 09:34:07,977.2,289892
2021-06-14 09:34:07,977.0,290068
2021-06-14 09:34:08,977.0,290106
2021-06-14 09:34:09,977.0,290169
2021-06-14 09:34:11,977.2,290426
2021-06-14 09:34:12,977.2,290441
2021-06-14 09:34:13,977.7,290543
2021-06-14 09:34:14,977.3,290587
2021-06-14 09:34:15,977.3,290587
2021-06-14 09:34:16,977.25,290637
2021-06-14 09:34:16,977.25,290637
2021-06-14 09:34:17,977.0,290656
2021-06-14 09:34:18,977.3,290829
2021-06-14 09:34:20,977.4,292369
2021-06-14 09:34:20,977.4,292369
2021-06-14 09:34:22,977.75,292628
2021-06-14 09:34:22,977.75,292678
2021-06-14 09:34:23,977.3,293529
2021-06-14 09:34:25,977.75,293752
2021-06-14 09:34:26,977.75,293752
2021-06-14 09:34:26,977.75,293762
2021-06-14 09:34:28,977.3,293790
2021-06-14 09:34:29,977.1,293862
2021-06-14 09:34:30,977.7,293984
2021-06-14 09:34:31,977.7,293984
2021-06-14 09:34:32,976.75,294026
2021-06-14 09:34:33,977.15,294380
2021-06-14 09:34:34,977.1,294644
2021-06-14 09:34:35,976.75,294706
2021-06-14 09:34:36,977.1,294725
2021-06-14 09:34:37,977.1,294802
2021-06-14 09:34:38,976.7,294876
2021-06-14 09:34:38,976.7,294876
2021-06-14 09:34:39,977.0,295109
2021-06-14 09:34:40,977.1,295126
2021-06-14 09:34:41,977.0,295191
2021-06-14 09:34:42,977.0,295191
2021-06-14 09:34:43,976.7,295239
2021-06-14 09:34:44,977.0,295240
2021-06-14 09:34:45,977.0,295389
2021-06-14 09:34:46,977.0,295410
2021-06-14 09:34:48,976.7,295480
2021-06-14 09:34:50,977.2,295771
2021-06-14 09:34:51,977.0,295988
2021-06-14 09:34:51,977.0,295988
2021-06-14 09:34:53,977.15,296822
2021-06-14 09:34:54,977.4,296832
2021-06-14 09:34:55,977.35,296888
2021-06-14 09:34:56,977.35,296888
2021-06-14 09:34:57,977.0,296899
2021-06-14 09:34:57,976.65,297699
2021-06-14 09:34:58,976.7,297722
2021-06-14 09:35:00,977.25,298026
2021-06-14 09:35:02,977.3,298190
2021-06-14 09:35:03,977.6,300201
2021-06-14 09:35:04,978.0,300203
2021-06-14 09:35:05,977.65,300319
2021-06-14 09:35:07,977.55,300651
2021-06-14 09:35:08,977.65,300671
2021-06-14 09:35:09,978.5,300844
2021-06-14 09:35:10,978.5,300844
2021-06-14 09:35:11,978.15,301050
2021-06-14 09:35:12,978.05,301362
2021-06-14 09:35:13,977.9,301394
2021-06-14 09:35:14,977.9,301494
2021-06-14 09:35:15,977.9,301615
2021-06-14 09:35:16,977.9,301725
2021-06-14 09:35:17,977.45,301733
2021-06-14 09:35:17,977.4,301916
2021-06-14 09:35:19,977.95,302336
2021-06-14 09:35:27,978.35,303542
2021-06-14 09:35:29,978.4,303680
2021-06-14 09:35:28,978.4,303680
2021-06-14 09:35:30,978.4,303680
2021-06-14 09:35:32,978.95,303782
2021-06-14 09:35:33,978.4,303817
2021-06-14 09:35:35,978.95,303879
2021-06-14 09:35:36,978.95,303997
2021-06-14 09:35:37,978.9,304036
2021-06-14 09:35:38,978.55,304185
2021-06-14 09:35:39,978.9,304655
2021-06-14 09:35:40,978.9,304725
2021-06-14 09:35:41,978.9,304725
2021-06-14 09:35:42,978.35,304785
2021-06-14 09:35:43,978.35,304785
2021-06-14 09:35:44,978.45,304820
2021-06-14 09:35:45,978.85,304860
2021-06-14 09:35:46,978.9,304908
2021-06-14 09:35:47,978.45,304924
2021-06-14 09:35:48,978.9,305347
2021-06-14 09:35:50,978.9,305511
2021-06-14 09:35:51,978.9,305511
2021-06-14 09:35:52,978.6,305612
2021-06-14 09:35:53,979.0,305782
2021-06-14 09:35:56,978.9,305897
2021-06-14 09:35:59,978.95,306224
2021-06-14 09:36:00,978.9,306424
2021-06-14 09:36:01,978.95,306524
2021-06-14 09:36:03,978.95,306842
2021-06-14 09:36:04,978.55,307043
2021-06-14 09:36:05,978.55,307175
2021-06-14 09:36:08,978.1,312766
2021-06-14 09:36:09,978.4,312807
2021-06-14 09:36:10,978.4,313842
2021-06-14 09:36:11,978.45,314031
2021-06-14 09:36:12,978.4,314241
2021-06-14 09:36:13,978.4,314347
2021-06-14 09:36:14,978.4,314392
2021-06-14 09:36:15,978.25,314467
2021-06-14 09:36:16,978.0,314867
2021-06-14 09:36:17,978.0,314867
2021-06-14 09:36:18,978.0,315059
2021-06-14 09:36:19,977.8,315074
2021-06-14 09:36:20,978.0,315142
2021-06-14 09:36:21,978.0,315490
2021-06-14 09:36:22,978.3,316322
2021-06-14 09:36:23,978.3,316322
2021-06-14 09:36:24,978.5,316332
2021-06-14 09:36:25,978.3,316336
2021-06-14 09:36:26,978.6,316438
2021-06-14 09:36:27,978.05,316832
2021-06-14 09:36:28,978.1,316904
2021-06-14 09:36:29,978.05,316929
2021-06-14 09:36:30,978.65,317102
2021-06-14 09:36:31,978.05,317602
2021-06-14 09:36:32,978.0,317745
2021-06-14 09:36:33,978.55,317755
2021-06-14 09:36:34,978.55,317755
2021-06-14 09:36:35,978.55,317820
2021-06-14 09:36:36,978.55,317820
2021-06-14 09:36:37,978.5,317841
2021-06-14 09:36:38,978.3,317861
2021-06-14 09:36:39,978.0,317879
2021-06-14 09:36:41,978.2,318234
2021-06-14 09:36:42,978.0,318316
2021-06-14 09:36:43,977.65,318320
2021-06-14 09:36:44,978.0,318321
2021-06-14 09:36:45,978.15,318431
2021-06-14 09:36:46,978.15,318431
2021-06-14 09:36:47,978.1,318653
2021-06-14 09:36:48,977.65,318678
2021-06-14 09:36:49,977.65,318678
2021-06-14 09:36:50,978.05,318738
2021-06-14 09:36:51,978.05,318738
2021-06-14 09:36:53,978.05,318795
2021-06-14 09:36:54,978.05,318873
2021-06-14 09:36:55,978.05,318873
2021-06-14 09:36:56,977.65,318914
2021-06-14 09:36:57,978.0,318917
2021-06-14 09:36:58,978.0,318947
2021-06-14 09:36:59,978.0,318990
2021-06-14 09:37:01,977.45,319170
2021-06-14 09:37:02,977.6,319201
2021-06-14 09:37:03,977.75,319451
2021-06-14 09:37:05,977.75,319451
2021-06-14 09:37:06,977.5,319468
2021-06-14 09:37:07,977.6,319473
2021-06-14 09:37:08,977.75,319608
2021-06-14 09:37:09,977.95,319754
2021-06-14 09:37:10,977.95,319774
2021-06-14 09:37:11,977.85,319805
2021-06-14 09:37:13,977.85,319964
2021-06-14 09:37:12,977.85,319964
2021-06-14 09:37:14,977.9,320079
2021-06-14 09:37:15,977.5,320114
2021-06-14 09:37:16,977.7,320194
2021-06-14 09:37:17,977.85,320199
2021-06-14 09:37:18,977.75,320859
2021-06-14 09:37:19,977.7,320914
2021-06-14 09:37:20,977.5,320958
2021-06-14 09:37:21,977.5,320964
2021-06-14 09:37:22,977.5,321034
2021-06-14 09:37:23,977.6,321071
2021-06-14 09:37:24,977.65,321297
2021-06-14 09:37:25,977.4,321357
2021-06-14 09:37:26,977.65,321377
2021-06-14 09:37:27,977.65,321380
2021-06-14 09:37:28,977.5,321415
2021-06-14 09:37:29,977.65,321416
2021-06-14 09:37:30,977.4,321500
2021-06-14 09:37:31,977.4,321520
2021-06-14 09:37:32,977.4,321620
2021-06-14 09:37:33,977.4,321631
2021-06-14 09:37:34,977.65,321651
2021-06-14 09:37:35,977.65,321730
2021-06-14 09:37:36,977.4,321770
2021-06-14 09:37:37,977.85,321788
2021-06-14 09:37:38,977.4,321860
2021-06-14 09:37:39,977.85,321990
2021-06-14 09:37:40,977.4,322009
2021-06-14 09:37:41,977.5,322093
2021-06-14 09:37:42,977.4,322153
2021-06-14 09:37:43,977.65,322205
2021-06-14 09:37:44,977.65,322255
2021-06-14 09:37:45,977.8,322258
2021-06-14 09:37:46,977.85,322314
2021-06-14 09:37:47,978.0,322319
2021-06-14 09:37:48,977.85,322339
2021-06-14 09:37:49,977.8,322378
2021-06-14 09:37:50,977.8,322402
2021-06-14 09:37:51,977.8,322417
2021-06-14 09:37:52,978.7,324070
2021-06-14 09:37:53,978.5,324097
2021-06-14 09:37:54,978.9,324210
2021-06-14 09:37:55,978.65,324466
2021-06-14 09:37:56,978.5,324554
2021-06-14 09:37:57,978.05,324615
2021-06-14 09:37:58,978.4,324662
2021-06-14 09:37:59,978.4,324662
2021-06-14 09:38:00,978.3,324902
2021-06-14 09:38:01,978.3,324928
2021-06-14 09:38:02,978.9,324976
2021-06-14 09:38:03,978.9,324976
2021-06-14 09:38:04,978.9,324976
2021-06-14 09:38:08,978.45,325471
2021-06-14 09:38:09,978.9,325483
2021-06-14 09:38:10,978.8,325534
2021-06-14 09:38:12,978.1,325582
2021-06-14 09:38:13,978.35,325633
2021-06-14 09:38:14,978.05,325748
2021-06-14 09:38:15,978.35,325750
2021-06-14 09:38:16,978.35,325750
2021-06-14 09:38:17,978.3,325828
2021-06-14 09:38:18,978.1,325848
2021-06-14 09:38:19,978.35,325885
2021-06-14 09:38:21,978.35,325905
2021-06-14 09:38:21,978.35,325905
2021-06-14 09:38:23,978.3,326239
2021-06-14 09:38:24,978.3,326249
2021-06-14 09:38:25,978.3,326249
2021-06-14 09:38:26,978.3,327254
2021-06-14 09:38:27,977.7,327295
2021-06-14 09:38:28,977.65,327331
2021-06-14 09:38:29,977.65,327331
2021-06-14 09:38:29,977.65,327381
2021-06-14 09:38:30,977.65,327381
2021-06-14 09:38:31,977.65,327381
2021-06-14 09:38:32,978.1,328432
2021-06-14 09:38:33,977.8,328489
2021-06-14 09:38:34,978.1,328501
2021-06-14 09:38:36,978.2,328606
2021-06-14 09:38:38,978.1,328812
2021-06-14 09:38:38,978.1,329032
2021-06-14 09:38:39,978.35,329043
2021-06-14 09:38:40,978.35,329060
2021-06-14 09:38:41,978.75,329171
2021-06-14 09:38:42,978.75,329171
2021-06-14 09:38:43,978.4,329176
2021-06-14 09:38:44,979.0,329380
2021-06-14 09:38:45,978.95,329392
2021-06-14 09:38:46,978.95,329445
2021-06-14 09:38:47,978.95,329445
2021-06-14 09:38:48,978.55,329455
2021-06-14 09:38:49,978.55,329455
2021-06-14 09:38:50,978.55,329465
2021-06-14 09:38:52,978.95,329467
2021-06-14 09:38:53,978.95,329477
2021-06-14 09:38:54,978.95,329487
2021-06-14 09:38:55,978.95,329487
2021-06-14 09:38:56,979.2,330739
2021-06-14 09:38:57,979.15,330759
2021-06-14 09:38:58,979.65,330770
2021-06-14 09:38:59,979.0,330869
2021-06-14 09:39:01,979.1,330880
2021-06-14 09:39:02,979.1,330880
2021-06-14 09:39:03,979.1,330880
2021-06-14 09:39:04,979.5,330885
2021-06-14 09:39:05,979.45,330991
2021-06-14 09:39:06,979.45,330991
2021-06-14 09:39:07,979.5,331260
2021-06-14 09:39:07,979.0,331034
2021-06-14 09:39:08,979.0,331273
2021-06-14 09:39:09,979.4,331623
2021-06-14 09:39:10,979.4,331623
2021-06-14 09:39:11,979.4,331628
2021-06-14 09:39:12,979.0,331691
2021-06-14 09:39:13,979.4,331693
2021-06-14 09:39:14,979.4,331693
2021-06-14 09:39:15,979.4,331744
2021-06-14 09:39:16,979.4,331744
2021-06-14 09:39:17,979.4,331745
2021-06-14 09:39:19,979.0,331880
2021-06-14 09:39:20,979.0,331880
2021-06-14 09:39:21,979.35,331980
2021-06-14 09:39:22,979.4,332230
2021-06-14 09:39:23,979.4,332300
2021-06-14 09:39:24,979.45,332310
2021-06-14 09:39:25,979.05,332411
2021-06-14 09:39:25,979.5,332611
2021-06-14 09:39:26,979.5,332956
2021-06-14 09:39:27,979.25,332961
2021-06-14 09:39:28,979.5,332983
2021-06-14 09:39:29,979.5,332983
2021-06-14 09:39:30,979.5,334997
2021-06-14 09:39:31,979.5,334997
2021-06-14 09:39:32,979.95,335167
2021-06-14 09:39:33,979.5,335190
2021-06-14 09:39:34,979.5,335216
2021-06-14 09:39:37,979.9,335324
2021-06-14 09:39:38,979.9,335386
2021-06-14 09:39:39,979.9,335387
2021-06-14 09:39:40,979.9,335387
2021-06-14 09:39:42,979.9,335501
2021-06-14 09:39:43,979.7,335530
2021-06-14 09:39:44,980.05,340251
2021-06-14 09:39:45,980.05,340252
2021-06-14 09:39:46,980.05,340277
2021-06-14 09:39:47,980.5,340280
2021-06-14 09:39:47,980.5,340280
2021-06-14 09:39:48,979.8,340959
2021-06-14 09:39:50,980.25,340962
2021-06-14 09:39:50,980.0,340967
2021-06-14 09:39:51,980.0,340967
2021-06-14 09:39:52,980.0,340967
2021-06-14 09:39:53,980.05,341016
2021-06-14 09:39:54,980.55,342396
2021-06-14 09:39:56,980.6,342532
2021-06-14 09:39:57,980.35,342534
2021-06-14 09:39:58,980.6,342545
2021-06-14 09:40:00,981.0,343516
2021-06-14 09:40:00,981.5,344259
2021-06-14 09:40:01,981.45,344419
2021-06-14 09:40:02,981.5,344467
2021-06-14 09:40:05,981.35,345553
2021-06-14 09:40:05,981.35,345553
2021-06-14 09:40:08,981.55,346157
2021-06-14 09:40:09,981.4,346179
2021-06-14 09:40:10,981.95,346184
2021-06-14 09:40:11,981.9,346235
2021-06-14 09:40:12,981.8,346255
2021-06-14 09:40:12,981.8,346255
2021-06-14 09:40:13,981.0,347414
2021-06-14 09:40:15,980.55,352471
2021-06-14 09:40:15,980.55,352471
2021-06-14 09:40:16,981.35,352590
2021-06-14 09:40:18,981.35,352590
2021-06-14 09:40:19,981.05,352693
2021-06-14 09:40:20,981.05,352702
2021-06-14 09:40:21,981.3,352864
2021-06-14 09:40:22,981.55,353364
2021-06-14 09:40:23,981.55,353364
2021-06-14 09:40:24,981.45,353367
2021-06-14 09:40:25,981.45,353367
2021-06-14 09:40:28,981.35,353372
2021-06-14 09:40:28,981.35,353380
2021-06-14 09:40:29,981.5,353645
2021-06-14 09:40:31,981.5,353647
2021-06-14 09:40:32,981.5,353707
2021-06-14 09:40:32,981.55,353709
2021-06-14 09:40:33,980.95,353847
2021-06-14 09:40:34,980.85,353849
2021-06-14 09:40:35,980.85,353981
2021-06-14 09:40:36,980.8,354004
2021-06-14 09:40:37,980.8,354004
2021-06-14 09:40:38,980.8,354004
2021-06-14 09:40:39,981.3,354021
2021-06-14 09:40:40,981.3,354251
2021-06-14 09:40:41,981.3,354457
2021-06-14 09:40:43,981.1,355858
2021-06-14 09:40:43,981.35,356429
2021-06-14 09:40:44,981.35,356533
2021-06-14 09:40:45,981.3,356620
2021-06-14 09:40:46,981.3,356775
2021-06-14 09:40:48,980.85,356825
2021-06-14 09:40:48,980.85,356825
2021-06-14 09:40:49,981.3,356845
2021-06-14 09:40:51,981.55,356979
2021-06-14 09:40:51,981.55,356979
2021-06-14 09:40:52,981.55,356985
2021-06-14 09:40:53,981.55,356986
2021-06-14 09:40:54,981.0,357106
2021-06-14 09:40:55,981.0,357106
2021-06-14 09:40:56,981.3,357126
2021-06-14 09:40:57,981.05,357132
2021-06-14 09:40:59,981.25,357135
2021-06-14 09:41:00,981.25,357135
2021-06-14 09:41:01,981.25,357139
2021-06-14 09:41:03,981.25,357139
2021-06-14 09:41:05,981.0,357391
2021-06-14 09:41:05,981.0,357391
2021-06-14 09:41:06,981.25,357436
2021-06-14 09:41:08,981.25,357519
2021-06-14 09:41:09,981.2,357545
2021-06-14 09:41:09,981.2,357595
2021-06-14 09:41:11,981.05,357613
2021-06-14 09:41:12,981.3,357743
2021-06-14 09:41:13,981.5,358048
2021-06-14 09:41:14,981.1,358128
2021-06-14 09:41:14,981.5,358143
2021-06-14 09:41:16,981.45,358157
2021-06-14 09:41:17,981.25,358188
2021-06-14 09:41:19,981.5,358400
2021-06-14 09:41:19,981.5,358408
2021-06-14 09:41:20,981.8,359651
2021-06-14 09:41:21,981.45,359751
2021-06-14 09:41:23,981.8,359794
2021-06-14 09:41:24,981.8,359794
2021-06-14 09:41:24,981.55,360284
2021-06-14 09:41:25,981.55,360284
2021-06-14 09:41:26,981.55,360284
2021-06-14 09:41:27,981.8,360299
2021-06-14 09:41:29,981.8,360309
2021-06-14 09:41:29,981.55,360319
2021-06-14 09:41:30,981.55,360321
2021-06-14 09:41:31,981.8,360371
2021-06-14 09:41:32,981.8,360371
2021-06-14 09:41:34,981.55,360556
2021-06-14 09:41:35,982.0,360689
2021-06-14 09:41:36,981.5,360709
2021-06-14 09:41:37,981.75,360809
2021-06-14 09:41:38,982.0,360863
2021-06-14 09:41:38,981.5,360868
2021-06-14 09:41:39,981.8,360874
2021-06-14 09:41:40,981.55,360979
2021-06-14 09:41:41,981.55,360984
2021-06-14 09:41:43,981.5,360989
2021-06-14 09:41:44,981.5,361252
2021-06-14 09:41:45,981.5,361252
2021-06-14 09:41:45,981.5,361598
2021-06-14 09:41:46,981.25,361606
2021-06-14 09:41:48,981.25,361606
2021-06-14 09:41:49,981.2,361722
2021-06-14 09:41:50,981.5,361894
2021-06-14 09:41:51,981.5,361894
2021-06-14 09:41:52,981.2,361899
2021-06-14 09:41:53,981.2,362429
2021-06-14 09:41:54,981.2,362534
2021-06-14 09:41:55,981.2,362600
2021-06-14 09:41:56,981.0,362639
2021-06-14 09:41:57,981.0,362644
2021-06-14 09:41:58,981.0,362840
2021-06-14 09:41:59,981.0,362855
2021-06-14 09:42:01,980.65,363849
2021-06-14 09:42:01,980.95,363850
2021-06-14 09:42:03,980.5,364100
2021-06-14 09:42:04,980.5,364100
2021-06-14 09:42:05,980.5,364115
2021-06-14 09:42:06,980.9,364125
2021-06-14 09:42:07,980.9,364125
2021-06-14 09:42:08,980.85,364135
2021-06-14 09:42:10,980.9,364183
2021-06-14 09:42:11,980.9,364284
2021-06-14 09:42:12,980.9,364284
2021-06-14 09:42:13,980.9,364284
2021-06-14 09:42:14,980.9,364363
2021-06-14 09:42:15,980.85,364364
2021-06-14 09:42:16,980.9,364371
2021-06-14 09:42:17,980.55,364899
2021-06-14 09:42:18,980.55,364899
2021-06-14 09:42:19,980.9,364954
2021-06-14 09:42:20,980.9,364954
2021-06-14 09:42:21,980.9,365004
2021-06-14 09:42:22,980.9,365006
2021-06-14 09:42:23,980.65,365016
2021-06-14 09:42:24,980.55,365062
2021-06-14 09:42:25,980.9,365065
2021-06-14 09:42:26,980.9,365066
2021-06-14 09:42:27,980.9,365066
2021-06-14 09:42:28,980.85,365120
2021-06-14 09:42:29,980.5,365121
2021-06-14 09:42:30,980.85,365151
2021-06-14 09:42:31,980.5,365181
2021-06-14 09:42:32,980.85,365282
2021-06-14 09:42:33,980.5,365334
2021-06-14 09:42:34,980.5,365334
2021-06-14 09:42:35,980.5,365334
2021-06-14 09:42:36,980.75,365437
2021-06-14 09:42:37,980.5,365440
2021-06-14 09:42:38,980.5,365443
2021-06-14 09:42:39,980.5,365444
2021-06-14 09:42:41,980.75,365496
2021-06-14 09:42:42,980.75,365496
2021-06-14 09:42:43,980.75,365496
2021-06-14 09:42:44,980.75,365498
2021-06-14 09:42:45,980.95,365638
2021-06-14 09:42:46,980.35,365864
2021-06-14 09:42:48,980.35,365864
2021-06-14 09:42:49,980.8,366391
2021-06-14 09:42:50,981.05,366416
2021-06-14 09:42:51,981.15,366916
2021-06-14 09:42:52,980.75,366926
2021-06-14 09:42:53,981.05,366957
2021-06-14 09:42:54,980.75,367010
2021-06-14 09:42:55,980.75,367010
2021-06-14 09:42:55,981.05,367020
2021-06-14 09:42:56,981.05,367081
2021-06-14 09:42:58,981.0,367104
2021-06-14 09:42:58,981.0,367104
2021-06-14 09:43:00,980.75,367175
2021-06-14 09:43:01,980.7,367202
2021-06-14 09:43:02,980.7,367202
2021-06-14 09:43:03,980.5,367221
2021-06-14 09:43:04,980.5,367221
2021-06-14 09:43:05,980.5,367221
2021-06-14 09:43:06,980.65,367239
2021-06-14 09:43:07,980.8,367281
2021-06-14 09:43:08,980.85,367286
2021-06-14 09:43:09,980.8,367291
2021-06-14 09:43:10,981.0,367846
2021-06-14 09:43:11,980.85,367847
2021-06-14 09:43:12,980.85,367849
2021-06-14 09:43:13,980.85,367869
2021-06-14 09:43:14,980.85,368261
2021-06-14 09:43:15,980.85,368333
2021-06-14 09:43:16,980.85,368333
2021-06-14 09:43:17,980.8,368358
2021-06-14 09:43:18,980.95,368388
2021-06-14 09:43:19,980.95,368448
2021-06-14 09:43:20,980.8,368462
2021-06-14 09:43:21,980.95,368500
2021-06-14 09:43:22,980.95,368500
2021-06-14 09:43:23,980.95,368501
2021-06-14 09:43:24,980.95,368503
2021-06-14 09:43:25,980.8,368582
2021-06-14 09:43:26,980.85,368642
2021-06-14 09:43:27,980.85,368642
2021-06-14 09:43:28,980.75,368912
2021-06-14 09:43:29,981.0,368953
2021-06-14 09:43:31,981.5,369103
2021-06-14 09:43:30,981.5,369103
2021-06-14 09:43:32,981.45,369115
2021-06-14 09:43:33,981.4,369140
2021-06-14 09:43:34,981.3,369241
2021-06-14 09:43:35,981.45,369741
2021-06-14 09:43:36,981.45,369741
2021-06-14 09:43:38,981.35,370302
2021-06-14 09:43:39,981.35,370302
2021-06-14 09:43:40,981.4,370304
2021-06-14 09:43:41,981.4,370304
2021-06-14 09:43:42,981.4,370304
2021-06-14 09:43:43,980.95,370347
2021-06-14 09:43:44,980.95,370348
2021-06-14 09:43:45,980.95,370448
2021-06-14 09:43:46,980.95,370493
2021-06-14 09:43:47,980.95,370493
2021-06-14 09:43:48,980.8,370530
2021-06-14 09:43:48,980.8,370582
2021-06-14 09:43:49,980.95,370732
2021-06-14 09:43:51,981.1,370844
2021-06-14 09:43:52,981.1,370934
2021-06-14 09:43:55,980.95,370951
2021-06-14 09:43:56,980.5,371404
2021-06-14 09:43:57,980.6,371566
2021-06-14 09:43:58,980.5,371572
2021-06-14 09:43:59,980.2,371598
2021-06-14 09:44:00,980.0,371609
2021-06-14 09:44:00,980.0,371609
2021-06-14 09:44:01,980.35,371659
2021-06-14 09:44:02,980.35,371665
2021-06-14 09:44:03,980.35,371743
2021-06-14 09:44:04,980.35,371763
2021-06-14 09:44:06,980.35,371789
2021-06-14 09:44:07,980.35,371789
2021-06-14 09:44:08,980.3,371801
2021-06-14 09:44:09,980.3,371816
2021-06-14 09:44:12,980.3,371854
2021-06-14 09:44:13,980.0,372025
2021-06-14 09:44:14,980.3,372043
2021-06-14 09:44:15,980.3,372119
2021-06-14 09:44:16,980.3,372119
2021-06-14 09:44:18,980.8,372216
2021-06-14 09:44:19,980.8,372216
2021-06-14 09:44:20,980.8,372216
2021-06-14 09:44:21,980.35,372347
2021-06-14 09:44:22,980.8,372362
2021-06-14 09:44:23,980.8,372412
2021-06-14 09:44:24,980.3,372665
2021-06-14 09:44:25,980.8,372699
2021-06-14 09:44:26,980.8,372699
2021-06-14 09:44:27,981.0,373279
2021-06-14 09:44:28,980.8,375361
2021-06-14 09:44:29,981.5,375882
2021-06-14 09:44:30,980.9,376232
2021-06-14 09:44:31,980.9,376232
2021-06-14 09:44:32,980.9,376232
2021-06-14 09:44:33,981.35,376235
2021-06-14 09:44:34,980.9,376267
2021-06-14 09:44:35,980.9,376267
2021-06-14 09:44:36,980.9,376287
2021-06-14 09:44:37,980.9,376288
2021-06-14 09:44:38,980.9,376288
2021-06-14 09:44:40,980.9,376298
2021-06-14 09:44:41,980.9,376323
2021-06-14 09:44:42,980.6,376451
2021-06-14 09:44:42,980.9,376455
2021-06-14 09:44:43,980.6,376474
2021-06-14 09:44:44,980.9,376484
2021-06-14 09:44:45,980.6,376492
2021-06-14 09:44:46,980.6,376492
2021-06-14 09:44:47,980.8,376495
2021-06-14 09:44:48,980.8,376495
2021-06-14 09:44:49,980.85,376552
2021-06-14 09:44:50,980.5,376577
2021-06-14 09:44:51,980.5,376577
2021-06-14 09:44:52,980.3,376596
2021-06-14 09:44:53,980.3,376596
2021-06-14 09:44:55,980.6,376798
2021-06-14 09:44:56,980.75,376908
2021-06-14 09:44:57,980.75,376908
2021-06-14 09:44:58,980.75,376958
2021-06-14 09:44:59,980.7,376977
2021-06-14 09:45:01,980.3,377032
2021-06-14 09:45:02,980.3,377032
2021-06-14 09:45:03,980.7,377037
2021-06-14 09:45:04,980.7,377204
2021-06-14 09:45:05,980.3,377366
2021-06-14 09:45:05,980.3,377367
2021-06-14 09:45:07,980.7,377437
2021-06-14 09:45:08,980.7,377462
2021-06-14 09:45:09,980.5,377463
2021-06-14 09:45:10,980.5,377493
2021-06-14 09:45:11,980.5,377494
2021-06-14 09:45:12,980.5,377534
2021-06-14 09:45:13,980.5,377579
2021-06-14 09:45:14,980.5,377579
2021-06-14 09:45:15,980.5,377581
2021-06-14 09:45:15,980.4,377600
2021-06-14 09:45:17,980.5,377635
2021-06-14 09:45:18,980.5,377652
2021-06-14 09:45:19,980.5,377652
2021-06-14 09:45:20,980.6,377852
2021-06-14 09:45:21,980.6,377994
2021-06-14 09:45:22,980.6,377994
2021-06-14 09:45:23,980.6,378054
2021-06-14 09:45:24,980.6,378354
2021-06-14 09:45:25,980.6,378389
2021-06-14 09:45:26,981.0,378489
2021-06-14 09:45:27,981.0,378489
2021-06-14 09:45:29,981.0,378489
2021-06-14 09:45:30,981.0,378827
2021-06-14 09:45:31,981.05,378852
2021-06-14 09:45:32,981.05,378910
2021-06-14 09:45:33,981.05,378910
2021-06-14 09:45:35,981.5,379018
2021-06-14 09:45:36,981.05,379038
2021-06-14 09:45:37,981.05,379038
2021-06-14 09:45:40,981.25,379172
2021-06-14 09:45:41,980.6,383465
2021-06-14 09:45:42,980.6,383465
2021-06-14 09:45:43,980.6,383465
2021-06-14 09:45:44,981.05,383525
2021-06-14 09:45:45,981.05,383525
2021-06-14 09:45:46,981.05,383525
2021-06-14 09:45:48,981.05,383541
2021-06-14 09:45:49,981.05,383541
2021-06-14 09:45:51,981.05,383641
2021-06-14 09:45:52,981.0,383898
2021-06-14 09:45:53,981.3,383960
2021-06-14 09:45:54,981.0,384071
2021-06-14 09:45:55,980.95,384471
2021-06-14 09:45:56,981.15,384649
2021-06-14 09:45:57,980.95,384656
2021-06-14 09:45:58,981.0,384666
2021-06-14 09:45:59,981.05,384696
2021-06-14 09:46:00,981.05,384696
2021-06-14 09:46:01,981.0,384701
2021-06-14 09:46:02,981.0,384701
2021-06-14 09:46:03,980.9,385001
2021-06-14 09:46:04,980.5,385051
2021-06-14 09:46:05,980.85,385054
2021-06-14 09:46:06,980.85,385054
2021-06-14 09:46:07,980.85,385054
2021-06-14 09:46:08,980.85,385071
2021-06-14 09:46:09,980.95,385280
2021-06-14 09:46:10,980.95,385280
2021-06-14 09:46:11,981.05,385289
2021-06-14 09:46:12,981.05,385289
2021-06-14 09:46:13,981.05,385534
2021-06-14 09:46:14,981.05,385592
2021-06-14 09:46:15,981.05,385592
2021-06-14 09:46:16,981.0,385612
2021-06-14 09:46:17,981.05,385615
2021-06-14 09:46:18,981.0,385772
2021-06-14 09:46:19,981.0,385772
2021-06-14 09:46:20,981.0,385772
2021-06-14 09:46:21,981.05,385927
2021-06-14 09:46:22,981.05,386133
2021-06-14 09:46:23,981.05,386133
2021-06-14 09:46:24,981.05,386133
2021-06-14 09:46:25,981.0,386183
2021-06-14 09:46:26,981.45,386393
2021-06-14 09:46:28,981.05,386398
2021-06-14 09:46:29,981.05,386398
2021-06-14 09:46:32,981.45,386477
2021-06-14 09:46:33,981.0,386627
2021-06-14 09:46:34,981.0,386678
2021-06-14 09:46:35,981.0,386780
2021-06-14 09:46:36,981.0,386780
2021-06-14 09:46:37,980.8,387801
2021-06-14 09:46:38,981.35,387834
2021-06-14 09:46:39,981.5,388008
2021-06-14 09:46:43,981.05,388036
2021-06-14 09:46:44,981.35,388064
2021-06-14 09:46:45,981.35,388064
2021-06-14 09:46:46,981.0,388066
2021-06-14 09:46:47,981.0,388066
2021-06-14 09:46:48,981.0,388066
2021-06-14 09:46:49,981.0,388116
2021-06-14 09:46:50,981.0,388116
2021-06-14 09:46:51,981.05,388119
2021-06-14 09:46:52,981.05,388119
2021-06-14 09:46:53,981.05,388119
2021-06-14 09:46:54,981.05,388139
2021-06-14 09:46:55,981.0,388238
2021-06-14 09:46:56,981.0,388240
2021-06-14 09:46:57,981.0,388240
2021-06-14 09:46:58,981.25,388320
2021-06-14 09:46:59,981.0,388354
2021-06-14 09:47:00,981.0,388354
2021-06-14 09:47:01,981.2,389414
2021-06-14 09:47:02,981.35,389430
2021-06-14 09:47:03,981.35,389430
2021-06-14 09:47:04,981.35,389430
2021-06-14 09:47:05,981.15,389671
2021-06-14 09:47:06,981.2,389871
2021-06-14 09:47:07,981.2,389871
2021-06-14 09:47:08,981.2,389871
2021-06-14 09:47:09,981.1,389908
2021-06-14 09:47:10,981.0,389928
2021-06-14 09:47:11,981.1,389934
2021-06-14 09:47:12,981.0,389935
2021-06-14 09:47:13,981.0,389935
2021-06-14 09:47:14,981.1,389945
2021-06-14 09:47:15,981.1,389945
2021-06-14 09:47:16,981.0,390955
2021-06-14 09:47:17,980.4,391542
2021-06-14 09:47:18,980.4,391542
2021-06-14 09:47:19,980.5,391594
2021-06-14 09:47:20,980.5,391594
2021-06-14 09:47:21,980.95,391604
2021-06-14 09:47:22,980.95,391604
2021-06-14 09:47:23,981.0,391658
2021-06-14 09:47:24,980.75,391768
2021-06-14 09:47:25,981.0,391797
2021-06-14 09:47:26,981.0,391822
2021-06-14 09:47:27,981.05,391940
2021-06-14 09:47:28,981.05,391940
2021-06-14 09:47:29,981.05,392076
2021-06-14 09:47:30,981.4,392091
2021-06-14 09:47:31,981.4,392091
2021-06-14 09:47:32,981.05,393714
2021-06-14 09:47:33,981.55,393719
2021-06-14 09:47:34,981.1,393729
2021-06-14 09:47:35,981.6,394029
2021-06-14 09:47:37,981.1,394030
2021-06-14 09:47:38,981.5,394140
2021-06-14 09:47:39,980.95,394278
2021-06-14 09:47:40,980.95,394378
2021-06-14 09:47:42,981.45,394683
2021-06-14 09:47:41,981.05,394583
2021-06-14 09:47:43,981.45,394683
2021-06-14 09:47:45,981.35,394705
2021-06-14 09:47:46,981.35,394710
2021-06-14 09:47:47,981.4,394810
2021-06-14 09:47:48,981.35,394821
2021-06-14 09:47:49,981.5,394921
2021-06-14 09:47:50,981.5,394921
2021-06-14 09:47:51,981.5,394950
2021-06-14 09:47:52,980.85,395455
2021-06-14 09:47:53,981.1,395505
2021-06-14 09:47:54,980.95,395579
2021-06-14 09:47:55,980.95,395593
2021-06-14 09:47:56,980.95,395594
2021-06-14 09:47:57,981.05,395595
2021-06-14 09:47:58,981.05,395595
2021-06-14 09:47:59,981.0,395598
2021-06-14 09:48:00,981.5,395834
2021-06-14 09:48:01,981.05,395863
2021-06-14 09:48:02,981.5,395865
2021-06-14 09:48:03,981.5,395871
2021-06-14 09:48:04,981.5,395871
2021-06-14 09:48:05,981.5,395871
2021-06-14 09:48:06,981.1,395878
2021-06-14 09:48:07,980.8,395882
2021-06-14 09:48:08,981.15,395982
2021-06-14 09:48:09,980.8,396115
2021-06-14 09:48:10,980.8,396115
2021-06-14 09:48:11,980.8,396126
2021-06-14 09:48:13,980.65,396136
2021-06-14 09:48:13,980.8,396146
2021-06-14 09:48:15,980.55,397384
2021-06-14 09:48:16,980.85,397407
2021-06-14 09:48:17,980.5,397434
2021-06-14 09:48:18,981.05,397444
2021-06-14 09:48:19,980.65,398260
2021-06-14 09:48:19,980.7,397455
2021-06-14 09:48:20,980.8,398271
2021-06-14 09:48:21,981.0,398389
2021-06-14 09:48:22,980.9,398398
2021-06-14 09:48:25,981.0,398628
2021-06-14 09:48:26,981.35,398728
2021-06-14 09:48:27,981.45,398769
2021-06-14 09:48:28,981.15,398820
2021-06-14 09:48:29,981.15,398820
2021-06-14 09:48:30,981.2,398821
2021-06-14 09:48:30,981.2,398821
2021-06-14 09:48:31,981.2,398822
2021-06-14 09:48:32,981.2,398841
2021-06-14 09:48:33,981.2,398841
2021-06-14 09:48:34,981.2,398891
2021-06-14 09:48:36,981.2,398894
2021-06-14 09:48:37,981.35,398913
2021-06-14 09:48:38,981.35,398913
2021-06-14 09:48:39,981.2,398943
2021-06-14 09:48:39,981.2,398978
2021-06-14 09:48:41,981.2,398978
2021-06-14 09:48:42,981.2,398989
2021-06-14 09:48:43,981.5,400189
2021-06-14 09:48:43,981.5,400189
2021-06-14 09:48:45,981.65,400232
2021-06-14 09:48:46,981.35,400307
2021-06-14 09:48:46,981.35,400307
2021-06-14 09:48:47,981.25,400562
2021-06-14 09:48:48,981.7,400568
2021-06-14 09:48:50,981.55,400635
2021-06-14 09:48:50,981.7,400637
2021-06-14 09:48:51,981.75,400719
2021-06-14 09:48:53,981.95,400931
2021-06-14 09:48:54,981.9,400937
2021-06-14 09:48:55,982.15,403891
2021-06-14 09:48:55,982.15,403891
2021-06-14 09:48:57,982.6,404066
2021-06-14 09:48:59,982.95,404160
2021-06-14 09:48:59,982.95,404170
2021-06-14 09:49:01,983.0,404557
2021-06-14 09:49:02,983.0,404677
2021-06-14 09:49:03,982.75,404690
2021-06-14 09:49:03,983.0,404700
2021-06-14 09:49:04,983.0,404710
2021-06-14 09:49:05,983.0,404910
2021-06-14 09:49:06,982.95,404948
2021-06-14 09:49:07,983.0,405088
2021-06-14 09:49:08,983.0,406501
2021-06-14 09:49:10,983.3,406623
2021-06-14 09:49:11,983.0,406633
2021-06-14 09:49:12,983.05,406773
2021-06-14 09:49:13,983.3,406945
2021-06-14 09:49:14,983.25,407800
2021-06-14 09:49:15,983.25,407870
2021-06-14 09:49:16,983.0,407901
2021-06-14 09:49:17,983.0,407928
2021-06-14 09:49:19,983.05,407936
2021-06-14 09:49:20,983.0,408011
2021-06-14 09:49:19,983.05,407936
2021-06-14 09:49:21,983.25,408311
2021-06-14 09:49:22,983.0,409356
2021-06-14 09:49:23,983.1,409431
2021-06-14 09:49:24,983.0,409476
2021-06-14 09:49:25,983.05,409480
2021-06-14 09:49:27,983.0,409685
2021-06-14 09:49:27,983.05,409480
2021-06-14 09:49:29,983.1,410755
2021-06-14 09:49:29,983.2,410796
2021-06-14 09:49:31,983.1,411316
2021-06-14 09:49:32,983.5,411651
2021-06-14 09:49:33,983.9,411835
2021-06-14 09:49:34,983.9,411840
2021-06-14 09:49:36,983.85,411851
2021-06-14 09:49:36,983.85,411853
2021-06-14 09:49:38,983.75,411998
2021-06-14 09:49:38,983.75,411998
2021-06-14 09:49:40,983.7,412041
2021-06-14 09:49:41,983.7,412101
2021-06-14 09:49:42,983.3,412228
2021-06-14 09:49:44,983.65,413696
2021-06-14 09:49:45,983.75,413837
2021-06-14 09:49:47,983.7,413878
2021-06-14 09:49:49,984.15,416966
2021-06-14 09:49:50,984.0,417016
2021-06-14 09:49:51,984.0,417096
2021-06-14 09:49:52,984.2,417124
2021-06-14 09:49:53,984.0,417574
2021-06-14 09:49:54,984.0,417636
2021-06-14 09:49:55,984.5,418111
2021-06-14 09:49:56,984.45,418172
2021-06-14 09:49:57,984.55,418205
2021-06-14 09:49:58,984.6,418307
2021-06-14 09:49:59,984.7,418339
2021-06-14 09:50:00,984.95,419692
2021-06-14 09:50:01,984.95,419709
2021-06-14 09:50:02,984.95,419909
2021-06-14 09:50:03,984.95,421189
2021-06-14 09:50:04,984.95,421419
2021-06-14 09:50:05,984.95,421419
2021-06-14 09:50:07,984.95,422046
2021-06-14 09:50:07,984.55,422106
2021-06-14 09:50:09,984.95,422338
2021-06-14 09:50:10,984.9,422381
2021-06-14 09:50:11,984.95,422787
2021-06-14 09:50:12,985.0,423244
2021-06-14 09:50:13,985.0,423244
2021-06-14 09:50:14,984.75,424591
2021-06-14 09:50:15,985.0,427753
2021-06-14 09:50:16,985.65,428098
2021-06-14 09:50:17,985.65,428173
2021-06-14 09:50:18,985.65,428178
2021-06-14 09:50:19,985.65,428178
2021-06-14 09:50:21,985.65,428702
2021-06-14 09:50:23,985.0,428951
2021-06-14 09:50:24,985.5,429236
2021-06-14 09:50:25,985.55,429380
2021-06-14 09:50:26,985.55,429380
2021-06-14 09:50:27,985.55,429380
2021-06-14 09:50:28,985.55,429380
2021-06-14 09:50:29,985.7,429619
2021-06-14 09:50:30,985.7,429619
2021-06-14 09:50:31,985.7,429619
2021-06-14 09:50:32,985.7,429728
2021-06-14 09:50:33,985.7,430810
2021-06-14 09:50:34,984.9,431614
2021-06-14 09:50:35,984.9,431784
2021-06-14 09:50:35,984.9,431784
2021-06-14 09:50:37,985.25,432066
2021-06-14 09:50:38,984.8,432280
2021-06-14 09:50:39,985.0,432346
2021-06-14 09:50:40,985.3,432405
2021-06-14 09:50:41,985.3,432475
2021-06-14 09:50:42,984.75,432645
2021-06-14 09:50:43,984.75,432865
2021-06-14 09:50:44,984.9,433015
2021-06-14 09:50:44,985.05,433025
2021-06-14 09:50:45,985.15,433368
2021-06-14 09:50:47,985.0,433378
2021-06-14 09:50:47,985.0,433378
2021-06-14 09:50:48,984.65,433438
2021-06-14 09:50:49,984.55,435168
2021-06-14 09:50:52,984.7,435214
2021-06-14 09:50:52,984.7,435214
2021-06-14 09:50:55,984.5,435485
2021-06-14 09:50:57,984.4,435575
2021-06-14 09:50:58,984.65,435939
2021-06-14 09:50:59,984.65,435952
2021-06-14 09:51:00,984.65,436153
2021-06-14 09:51:01,984.4,436493
2021-06-14 09:51:02,984.35,436505
2021-06-14 09:51:03,984.5,436565
2021-06-14 09:51:04,984.65,436601
2021-06-14 09:51:05,984.65,436601
2021-06-14 09:51:05,985.05,436709
2021-06-14 09:51:07,984.55,437157
2021-06-14 09:51:07,984.55,437157
2021-06-14 09:51:09,984.5,437403
2021-06-14 09:51:10,984.95,437427
2021-06-14 09:51:11,984.95,437427
2021-06-14 09:51:11,984.95,437427
2021-06-14 09:51:12,984.95,437427
2021-06-14 09:51:13,984.95,437487
2021-06-14 09:51:14,984.7,437550
2021-06-14 09:51:15,985.0,437585
2021-06-14 09:51:16,985.0,437705
2021-06-14 09:51:18,985.0,438016
2021-06-14 09:51:19,985.0,438142
2021-06-14 09:51:20,985.0,438192
2021-06-14 09:51:21,984.65,438261
2021-06-14 09:51:22,985.0,438521
2021-06-14 09:51:23,985.0,438521
2021-06-14 09:51:25,984.9,438685
2021-06-14 09:51:26,984.9,438785
2021-06-14 09:51:27,984.9,438785
2021-06-14 09:51:28,984.55,439030
2021-06-14 09:51:29,984.95,439031
2021-06-14 09:51:30,984.9,439035
2021-06-14 09:51:31,984.9,439036
2021-06-14 09:51:32,984.6,439396
2021-06-14 09:51:33,984.9,439481
2021-06-14 09:51:34,984.9,439481
2021-06-14 09:51:34,984.9,439481
2021-06-14 09:51:35,984.9,439711
2021-06-14 09:51:37,984.95,440046
2021-06-14 09:51:38,984.95,440046
2021-06-14 09:51:38,984.95,440046
2021-06-14 09:51:39,985.2,442088
2021-06-14 09:51:40,985.45,442299
2021-06-14 09:51:42,985.2,442373
2021-06-14 09:51:43,985.5,443045
2021-06-14 09:51:43,985.1,442423
2021-06-14 09:51:44,985.6,443065
2021-06-14 09:51:45,985.35,443235
2021-06-14 09:51:47,985.55,443777
2021-06-14 09:51:47,985.95,443778
2021-06-14 09:51:49,985.55,443834
2021-06-14 09:51:50,985.55,443904
2021-06-14 09:51:51,985.55,443933
2021-06-14 09:51:52,985.55,444097
2021-06-14 09:51:54,985.9,444137
2021-06-14 09:51:55,985.95,444191
2021-06-14 09:51:56,985.95,444291
2021-06-14 09:51:58,985.6,444408
2021-06-14 09:51:59,985.6,444706
2021-06-14 09:52:00,985.85,444832
2021-06-14 09:52:01,985.6,445399
2021-06-14 09:52:02,985.8,445420
2021-06-14 09:52:03,985.8,445548
2021-06-14 09:52:05,985.5,446225
2021-06-14 09:52:06,985.5,446525
2021-06-14 09:52:07,985.5,446562
2021-06-14 09:52:08,985.5,446893
2021-06-14 09:52:09,985.5,447236
2021-06-14 09:52:10,985.9,447516
2021-06-14 09:52:11,985.9,447516
2021-06-14 09:52:12,985.4,447661
2021-06-14 09:52:12,985.4,447661
2021-06-14 09:52:14,985.45,447906
2021-06-14 09:52:14,985.45,447906
2021-06-14 09:52:15,986.0,448597
2021-06-14 09:52:16,985.9,448654
2021-06-14 09:52:17,985.9,448654
2021-06-14 09:52:18,985.85,448893
2021-06-14 09:52:20,985.55,449042
2021-06-14 09:52:21,985.55,449555
2021-06-14 09:52:21,985.55,449505
2021-06-14 09:52:23,985.6,449630
2021-06-14 09:52:24,985.65,449775
2021-06-14 09:52:28,985.4,450387
2021-06-14 09:52:28,985.4,450387
2021-06-14 09:52:29,985.85,450437
2021-06-14 09:52:30,985.6,450482
2021-06-14 09:52:31,985.6,450487
2021-06-14 09:52:32,985.6,450487
2021-06-14 09:52:33,985.6,450487
2021-06-14 09:52:34,985.8,450497
2021-06-14 09:52:36,985.8,450564
2021-06-14 09:52:36,985.8,450562
2021-06-14 09:52:38,985.6,450690
2021-06-14 09:52:39,985.65,450827
2021-06-14 09:52:39,985.65,450827
2021-06-14 09:52:41,985.55,450862
2021-06-14 09:52:42,985.45,451074
2021-06-14 09:52:43,985.45,451074
2021-06-14 09:52:44,985.55,451089
2021-06-14 09:52:44,985.5,451116
2021-06-14 09:52:45,985.0,451146
2021-06-14 09:52:46,985.3,451246
2021-06-14 09:52:47,985.45,451273
2021-06-14 09:52:49,985.45,451275
2021-06-14 09:52:50,985.45,451943
2021-06-14 09:52:52,985.6,452043
2021-06-14 09:52:53,985.55,452078
2021-06-14 09:52:54,985.45,452245
2021-06-14 09:52:55,985.35,452445
2021-06-14 09:52:57,985.3,452454
2021-06-14 09:52:58,985.3,452594
2021-06-14 09:52:59,985.6,452606
2021-06-14 09:53:00,985.15,452786
2021-06-14 09:53:01,985.15,452786
2021-06-14 09:53:02,985.35,452876
2021-06-14 09:53:02,985.35,452905
2021-06-14 09:53:04,985.35,452905
2021-06-14 09:53:05,985.45,453130
2021-06-14 09:53:06,985.5,453330
2021-06-14 09:53:07,985.55,453432
2021-06-14 09:53:07,985.55,453432
2021-06-14 09:53:08,985.1,453436
2021-06-14 09:53:09,985.55,453496
2021-06-14 09:53:10,985.55,453496
2021-06-14 09:53:11,985.55,453496
2021-06-14 09:53:13,985.35,453643
2021-06-14 09:53:16,985.45,454158
2021-06-14 09:53:17,985.45,454165
2021-06-14 09:53:18,985.45,454169
2021-06-14 09:53:18,985.45,454389
2021-06-14 09:53:20,985.45,454389
2021-06-14 09:53:20,984.4,466075
2021-06-14 09:53:21,984.35,466699
2021-06-14 09:53:22,984.35,466699
2021-06-14 09:53:23,984.3,467270
2021-06-14 09:53:24,984.4,468405
2021-06-14 09:53:25,984.4,468532
2021-06-14 09:53:27,984.4,468532
2021-06-14 09:53:28,984.6,468586
2021-06-14 09:53:28,984.6,468690
2021-06-14 09:53:30,984.6,468690
2021-06-14 09:53:34,984.8,468983
2021-06-14 09:53:35,984.8,468983
2021-06-14 09:53:36,984.95,469033
2021-06-14 09:53:37,984.4,469255
2021-06-14 09:53:38,984.6,469310
2021-06-14 09:53:40,985.0,469330
2021-06-14 09:53:41,985.0,469451
2021-06-14 09:53:41,985.2,469471
2021-06-14 09:53:43,985.15,469473
2021-06-14 09:53:44,985.15,469473
2021-06-14 09:53:45,985.15,469473
2021-06-14 09:53:46,984.85,470193
2021-06-14 09:53:47,985.3,470212
2021-06-14 09:53:48,985.3,470212
2021-06-14 09:53:48,985.3,470212
2021-06-14 09:53:50,985.0,470218
2021-06-14 09:53:51,985.0,470233
2021-06-14 09:53:52,984.85,470247
2021-06-14 09:53:53,985.0,470424
2021-06-14 09:53:53,985.0,470424
2021-06-14 09:53:55,985.0,470456
2021-06-14 09:53:56,984.8,470459
2021-06-14 09:53:56,984.75,470609
2021-06-14 09:53:57,985.0,470648
2021-06-14 09:53:58,984.95,470659
2021-06-14 09:54:01,985.0,470758
2021-06-14 09:54:02,985.1,471088
2021-06-14 09:54:02,984.75,471090
2021-06-14 09:54:03,984.75,471119
2021-06-14 09:54:05,985.0,471158
2021-06-14 09:54:07,984.95,471334
2021-06-14 09:54:09,984.95,471438
2021-06-14 09:54:08,984.65,471428
2021-06-14 09:54:09,985.0,471542
2021-06-14 09:54:10,985.0,471545
2021-06-14 09:54:11,985.0,471595
2021-06-14 09:54:13,985.0,471634
2021-06-14 09:54:14,984.85,471636
2021-06-14 09:54:14,984.85,471636
2021-06-14 09:54:16,984.9,471687
2021-06-14 09:54:17,984.85,471699
2021-06-14 09:54:18,985.0,472476
2021-06-14 09:54:18,984.6,472566
2021-06-14 09:54:19,984.6,472566
2021-06-14 09:54:21,984.7,473108
2021-06-14 09:54:22,984.65,473110
2021-06-14 09:54:23,984.65,473110
2021-06-14 09:54:23,984.65,473115
2021-06-14 09:54:25,984.65,473128
2021-06-14 09:54:27,984.45,473136
2021-06-14 09:54:28,984.45,473161
2021-06-14 09:54:28,984.45,473161
2021-06-14 09:54:30,984.6,473209
2021-06-14 09:54:30,984.6,473209
2021-06-14 09:54:31,984.6,473224
2021-06-14 09:54:32,984.4,473327
2021-06-14 09:54:34,984.55,473612
2021-06-14 09:54:35,984.6,473672
2021-06-14 09:54:35,984.6,473672
2021-06-14 09:54:37,984.6,473697
2021-06-14 09:54:37,984.6,473697
2021-06-14 09:54:38,984.15,473731
2021-06-14 09:54:40,984.55,473833
2021-06-14 09:54:41,984.55,473920
2021-06-14 09:54:42,984.55,473920
2021-06-14 09:54:43,984.55,473920
2021-06-14 09:54:44,984.4,473926
2021-06-14 09:54:45,984.4,473932
2021-06-14 09:54:46,984.0,474017
2021-06-14 09:54:47,984.0,474107
2021-06-14 09:54:48,984.0,474107
2021-06-14 09:54:49,984.2,474113
2021-06-14 09:54:49,984.2,474113
2021-06-14 09:54:50,984.2,474138
2021-06-14 09:54:51,984.0,474492
2021-06-14 09:54:52,984.2,474501
2021-06-14 09:54:54,984.2,474854
2021-06-14 09:54:55,984.6,474924
2021-06-14 09:54:56,984.6,474924
2021-06-14 09:54:58,984.35,474974
2021-06-14 09:54:59,984.05,475096
2021-06-14 09:55:00,984.05,475096
2021-06-14 09:55:01,984.45,475116
2021-06-14 09:55:02,984.0,475131
2021-06-14 09:55:04,984.0,475231
2021-06-14 09:55:05,984.4,475281
2021-06-14 09:55:07,984.4,475323
2021-06-14 09:55:06,984.4,475319
2021-06-14 09:55:08,984.0,475373
2021-06-14 09:55:09,984.0,475532
2021-06-14 09:55:10,983.35,477195
2021-06-14 09:55:11,983.35,477195
2021-06-14 09:55:12,983.3,477199
2021-06-14 09:55:13,984.2,477517
2021-06-14 09:55:14,983.95,477519
2021-06-14 09:55:15,983.6,477521
2021-06-14 09:55:16,983.9,477528
2021-06-14 09:55:16,983.9,477528
2021-06-14 09:55:17,983.5,477683
2021-06-14 09:55:19,983.8,477693
2021-06-14 09:55:20,983.8,477693
2021-06-14 09:55:21,983.7,477705
2021-06-14 09:55:22,983.7,477705
2021-06-14 09:55:23,983.3,477740
2021-06-14 09:55:24,983.65,477840
2021-06-14 09:55:25,983.3,477865
2021-06-14 09:55:26,983.3,477865
2021-06-14 09:55:27,983.6,477875
2021-06-14 09:55:28,983.35,477937
2021-06-14 09:55:29,983.65,477987
2021-06-14 09:55:30,983.3,478204
2021-06-14 09:55:31,983.65,478205
2021-06-14 09:55:32,983.65,478205
2021-06-14 09:55:33,983.8,478333
2021-06-14 09:55:34,983.9,478423
2021-06-14 09:55:35,984.3,478475
2021-06-14 09:55:36,984.45,478975
2021-06-14 09:55:37,983.8,479075
2021-06-14 09:55:38,983.8,479075
2021-06-14 09:55:39,984.8,479076
2021-06-14 09:55:40,984.8,479076
2021-06-14 09:55:41,984.8,479091
2021-06-14 09:55:42,984.8,479091
2021-06-14 09:55:43,984.8,479091
2021-06-14 09:55:44,985.0,479236
2021-06-14 09:55:45,985.0,479236
2021-06-14 09:55:45,985.0,479236
2021-06-14 09:55:47,984.75,479556
2021-06-14 09:55:48,984.15,479611
2021-06-14 09:55:49,984.0,479711
2021-06-14 09:55:50,984.75,479821
2021-06-14 09:55:51,984.8,479836
2021-06-14 09:55:52,984.8,479845
2021-06-14 09:55:52,984.8,479845
2021-06-14 09:55:53,984.3,479863
2021-06-14 09:55:54,984.75,480066
2021-06-14 09:55:55,984.8,480072
2021-06-14 09:55:56,984.8,480072
2021-06-14 09:55:57,985.0,480622
2021-06-14 09:55:58,985.0,480623
2021-06-14 09:56:00,984.6,480654
2021-06-14 09:56:01,984.9,480755
2021-06-14 09:56:02,984.9,480780
2021-06-14 09:56:03,984.9,480791
2021-06-14 09:56:05,984.45,480795
2021-06-14 09:56:07,984.45,480857
2021-06-14 09:56:08,985.0,482392
2021-06-14 09:56:09,985.0,482559
2021-06-14 09:56:10,985.0,482589
2021-06-14 09:56:11,985.0,482589
2021-06-14 09:56:12,985.0,482589
2021-06-14 09:56:13,985.0,482590
2021-06-14 09:56:13,985.0,482590
2021-06-14 09:56:14,985.0,482590
2021-06-14 09:56:15,985.0,482835
2021-06-14 09:56:17,984.9,482894
2021-06-14 09:56:18,985.15,483994
2021-06-14 09:56:19,984.6,484645
2021-06-14 09:56:20,984.6,484648
2021-06-14 09:56:21,985.05,484656
2021-06-14 09:56:22,985.0,484751
2021-06-14 09:56:23,984.75,484778
2021-06-14 09:56:24,985.15,484828
2021-06-14 09:56:25,985.0,484934
2021-06-14 09:56:26,984.9,484939
2021-06-14 09:56:27,985.15,484989
2021-06-14 09:56:28,985.5,485239
2021-06-14 09:56:29,985.5,485569
2021-06-14 09:56:30,985.05,485831
2021-06-14 09:56:31,985.05,485973
2021-06-14 09:56:32,985.05,485973
2021-06-14 09:56:33,985.05,485973
2021-06-14 09:56:34,985.15,485974
2021-06-14 09:56:36,985.25,486244
2021-06-14 09:56:37,985.75,486294
2021-06-14 09:56:38,985.75,486294
2021-06-14 09:56:39,985.8,486571
2021-06-14 09:56:40,985.85,486872
2021-06-14 09:56:41,985.75,486887
2021-06-14 09:56:42,985.75,487390
2021-06-14 09:56:43,985.95,488182
2021-06-14 09:56:44,985.95,488184
2021-06-14 09:56:46,985.95,488247
2021-06-14 09:56:45,985.75,488186
2021-06-14 09:56:47,985.8,488252
2021-06-14 09:56:47,985.95,488984
2021-06-14 09:56:49,985.8,489029
2021-06-14 09:56:50,985.8,489186
2021-06-14 09:56:55,986.0,491554
2021-06-14 09:56:56,985.95,491655
2021-06-14 09:56:57,985.95,492287
2021-06-14 09:56:58,985.95,492287
2021-06-14 09:56:59,986.0,492392
2021-06-14 09:57:00,986.2,493935
2021-06-14 09:57:01,986.2,493935
2021-06-14 09:57:02,986.2,493935
2021-06-14 09:57:03,985.55,493955
2021-06-14 09:57:04,985.85,493999
2021-06-14 09:57:05,986.0,494571
2021-06-14 09:57:06,986.0,494571
2021-06-14 09:57:08,985.95,494741
2021-06-14 09:57:09,985.95,494744
2021-06-14 09:57:10,985.75,495063
2021-06-14 09:57:11,985.9,495150
2021-06-14 09:57:12,985.6,495170
2021-06-14 09:57:13,985.25,495573
2021-06-14 09:57:14,985.4,495587
2021-06-14 09:57:15,985.4,495687
2021-06-14 09:57:16,985.3,495707
2021-06-14 09:57:17,985.55,495728
2021-06-14 09:57:18,985.6,496015
2021-06-14 09:57:19,985.6,496187
2021-06-14 09:57:20,985.6,496187
2021-06-14 09:57:21,985.6,496187
2021-06-14 09:57:23,985.15,496222
2021-06-14 09:57:24,985.05,496552
2021-06-14 09:57:25,985.05,496552
2021-06-14 09:57:26,985.0,496822
2021-06-14 09:57:27,985.0,496866
2021-06-14 09:57:28,985.45,497008
2021-06-14 09:57:29,985.45,497040
2021-06-14 09:57:30,984.95,497080
2021-06-14 09:57:32,985.45,497199
2021-06-14 09:57:31,985.45,497199
2021-06-14 09:57:33,984.9,497365
2021-06-14 09:57:34,985.45,497421
2021-06-14 09:57:35,985.35,497471
2021-06-14 09:57:36,985.35,497512
2021-06-14 09:57:37,985.5,497742
2021-06-14 09:57:38,985.55,497803
2021-06-14 09:57:39,985.55,497803
2021-06-14 09:57:40,984.85,497812
2021-06-14 09:57:42,985.3,498042
2021-06-14 09:57:43,985.3,498062
2021-06-14 09:57:44,985.3,498062
2021-06-14 09:57:45,984.8,498211
2021-06-14 09:57:46,984.8,498211
2021-06-14 09:57:47,984.8,498211
2021-06-14 09:57:48,984.2,498581
2021-06-14 09:57:49,984.6,498661
2021-06-14 09:57:50,984.6,498662
2021-06-14 09:57:52,984.6,498697
2021-06-14 09:57:51,984.6,498662
2021-06-14 09:57:53,984.6,498749
2021-06-14 09:57:54,984.2,498806
2021-06-14 09:57:55,984.6,498854
2021-06-14 09:57:57,984.7,498889
2021-06-14 09:57:58,984.7,498889
2021-06-14 09:57:59,985.0,498909
2021-06-14 09:58:00,985.0,498909
2021-06-14 09:58:01,985.25,498914
2021-06-14 09:58:02,985.25,498947
2021-06-14 09:58:03,985.1,498957
2021-06-14 09:58:04,985.1,499007
2021-06-14 09:58:05,984.9,499052
2021-06-14 09:58:06,985.25,499084
2021-06-14 09:58:07,985.25,499084
2021-06-14 09:58:08,985.0,499118
2021-06-14 09:58:09,985.0,499118
2021-06-14 09:58:10,985.0,499138
2021-06-14 09:58:11,985.0,499138
2021-06-14 09:58:12,985.0,499138
2021-06-14 09:58:14,985.25,499143
2021-06-14 09:58:13,985.25,499143
2021-06-14 09:58:15,985.6,499193
2021-06-14 09:58:16,985.25,499250
2021-06-14 09:58:17,985.0,499353
2021-06-14 09:58:18,985.3,499378
2021-06-14 09:58:19,985.0,499397
2021-06-14 09:58:20,985.25,499400
2021-06-14 09:58:21,985.0,499765
2021-06-14 09:58:22,985.2,499807
2021-06-14 09:58:23,985.0,499876
2021-06-14 09:58:24,985.05,499883
2021-06-14 09:58:25,985.05,499903
2021-06-14 09:58:26,985.5,499927
2021-06-14 09:58:27,985.5,500038
2021-06-14 09:58:28,985.2,500094
2021-06-14 09:58:29,985.15,500095
2021-06-14 09:58:30,985.15,500095
2021-06-14 09:58:31,985.45,500110
2021-06-14 09:58:32,985.15,500212
2021-06-14 09:58:33,985.2,500214
2021-06-14 09:58:34,985.2,500214
2021-06-14 09:58:35,985.25,500251
2021-06-14 09:58:36,985.25,500261
2021-06-14 09:58:37,985.5,500686
2021-06-14 09:58:38,985.5,500706
2021-06-14 09:58:39,985.05,500756
2021-06-14 09:58:40,985.0,501256
2021-06-14 09:58:41,985.0,501256
2021-06-14 09:58:42,985.0,501256
2021-06-14 09:58:43,985.45,501271
2021-06-14 09:58:44,985.5,501341
2021-06-14 09:58:45,985.5,501341
2021-06-14 09:58:46,985.5,501346
2021-06-14 09:58:47,985.5,501361
2021-06-14 09:58:48,985.5,501361
2021-06-14 09:58:49,985.5,501361
2021-06-14 09:58:51,985.2,501379
2021-06-14 09:58:52,985.45,501380
2021-06-14 09:58:53,984.5,501986
2021-06-14 09:58:54,984.9,502266
2021-06-14 09:58:55,984.9,502266
2021-06-14 09:58:57,985.0,502469
2021-06-14 09:58:59,984.5,502579
2021-06-14 09:59:00,984.25,502581
2021-06-14 09:59:02,984.75,503106
2021-06-14 09:59:03,984.75,503211
2021-06-14 09:59:03,984.75,503211
2021-06-14 09:59:04,984.75,503236
2021-06-14 09:59:05,984.85,503332
2021-06-14 09:59:06,984.75,503377
2021-06-14 09:59:07,985.0,503427
2021-06-14 09:59:08,984.55,503477
2021-06-14 09:59:10,984.85,503807
2021-06-14 09:59:10,984.45,503808
2021-06-14 09:59:11,984.8,504318
2021-06-14 09:59:12,984.8,504338
2021-06-14 09:59:13,984.85,504488
2021-06-14 09:59:14,984.8,504495
2021-06-14 09:59:15,984.45,504556
2021-06-14 09:59:17,984.4,504694
2021-06-14 09:59:18,984.2,504814
2021-06-14 09:59:18,984.65,504819
2021-06-14 09:59:19,984.65,504824
2021-06-14 09:59:20,984.65,504824
2021-06-14 09:59:21,984.1,504954
2021-06-14 09:59:22,984.25,504980
2021-06-14 09:59:23,984.45,505066
2021-06-14 09:59:24,984.05,505254
2021-06-14 09:59:26,984.65,505843
2021-06-14 09:59:27,984.65,505843
2021-06-14 09:59:28,984.45,506243
2021-06-14 09:59:29,984.4,506261
2021-06-14 09:59:30,984.4,506261
2021-06-14 09:59:30,984.4,506261
2021-06-14 09:59:32,984.1,508443
2021-06-14 09:59:33,984.05,508469
2021-06-14 09:59:34,984.15,508509
2021-06-14 09:59:35,984.0,508610
2021-06-14 09:59:35,984.0,508610
2021-06-14 09:59:36,984.3,509560
2021-06-14 09:59:37,984.0,509656
2021-06-14 09:59:38,984.0,509662
2021-06-14 09:59:39,984.3,510162
2021-06-14 09:59:40,984.2,510172
2021-06-14 09:59:41,983.95,510211
2021-06-14 09:59:42,983.95,510211
2021-06-14 09:59:43,983.95,510211
2021-06-14 09:59:44,983.95,510211
2021-06-14 09:59:45,983.95,510219
2021-06-14 09:59:46,984.2,510356
2021-06-14 09:59:47,983.95,510364
2021-06-14 09:59:48,983.95,510511
2021-06-14 09:59:49,984.0,510521
2021-06-14 09:59:50,984.0,510565
2021-06-14 09:59:51,983.8,511232
2021-06-14 09:59:52,983.5,511288
2021-06-14 09:59:53,983.35,511323
2021-06-14 09:59:54,983.4,511433
2021-06-14 09:59:55,983.8,511593
2021-06-14 09:59:58,983.85,511782
2021-06-14 09:59:59,983.85,511903
2021-06-14 10:00:00,983.35,511968
2021-06-14 10:00:01,983.65,512078
2021-06-14 10:00:02,983.65,512141
2021-06-14 10:00:04,983.35,512234
2021-06-14 10:00:05,983.35,512234
2021-06-14 10:00:05,983.35,512234
2021-06-14 10:00:06,983.3,512340
2021-06-14 10:00:07,983.3,512340
2021-06-14 10:00:08,983.7,512378
2021-06-14 10:00:09,983.3,512648
2021-06-14 10:00:10,983.7,512689
2021-06-14 10:00:11,983.35,512711
2021-06-14 10:00:14,984.15,513377
2021-06-14 10:00:14,984.15,513377
2021-06-14 10:00:15,983.55,514877
2021-06-14 10:00:16,983.75,514947
2021-06-14 10:00:17,984.15,514993
2021-06-14 10:00:18,983.75,515123
2021-06-14 10:00:19,983.7,515369
2021-06-14 10:00:21,983.7,515411
2021-06-14 10:00:21,983.7,515411
2021-06-14 10:00:22,983.7,515416
2021-06-14 10:00:23,983.6,515653
2021-06-14 10:00:24,984.0,515656
2021-06-14 10:00:25,983.75,515770
2021-06-14 10:00:28,984.0,516072
2021-06-14 10:00:29,983.45,516082
2021-06-14 10:00:30,984.0,516432
2021-06-14 10:00:31,984.0,516432
2021-06-14 10:00:32,983.6,516442
2021-06-14 10:00:33,983.6,516442
2021-06-14 10:00:34,984.0,516443
2021-06-14 10:00:35,983.55,516596
2021-06-14 10:00:37,983.5,516601
2021-06-14 10:00:37,983.5,516601
2021-06-14 10:00:38,983.65,516636
2021-06-14 10:00:39,983.65,516652
2021-06-14 10:00:40,983.9,516752
2021-06-14 10:00:41,983.85,516852
2021-06-14 10:00:42,983.45,516872
2021-06-14 10:00:43,983.9,516922
2021-06-14 10:00:44,984.0,517174
2021-06-14 10:00:45,984.0,517174
2021-06-14 10:00:47,984.0,517174
2021-06-14 10:00:47,984.0,517174
2021-06-14 10:00:48,983.95,517227
2021-06-14 10:00:49,983.7,517233
2021-06-14 10:00:50,983.9,517234
2021-06-14 10:00:51,983.9,517250
2021-06-14 10:00:52,983.6,517253
2021-06-14 10:00:54,983.95,517297
2021-06-14 10:00:54,983.95,517297
2021-06-14 10:00:55,984.0,517311
2021-06-14 10:00:56,984.0,517313
2021-06-14 10:00:58,984.05,517514
2021-06-14 10:00:59,983.9,517521
2021-06-14 10:01:01,984.0,517554
2021-06-14 10:01:01,984.0,517554
2021-06-14 10:01:03,984.0,517582
2021-06-14 10:01:04,983.65,517652
2021-06-14 10:01:06,983.6,517663
2021-06-14 10:01:06,983.6,517663
2021-06-14 10:01:07,983.6,517667
2021-06-14 10:01:08,984.0,517716
2021-06-14 10:01:09,984.0,517716
2021-06-14 10:01:10,983.5,517946
2021-06-14 10:01:11,983.95,517951
2021-06-14 10:01:12,983.95,517951
2021-06-14 10:01:13,983.5,517978
2021-06-14 10:01:14,983.95,518028
2021-06-14 10:01:16,983.85,518031
2021-06-14 10:01:17,983.85,518064
2021-06-14 10:01:18,983.5,518162
2021-06-14 10:01:19,983.9,518252
2021-06-14 10:01:20,983.9,518252
2021-06-14 10:01:20,983.9,518252
2021-06-14 10:01:21,983.8,518255
2021-06-14 10:01:22,984.0,518647
2021-06-14 10:01:24,983.6,518696
2021-06-14 10:01:25,984.0,518711
2021-06-14 10:01:26,984.0,518711
2021-06-14 10:01:27,984.0,518711
2021-06-14 10:01:28,984.0,518811
2021-06-14 10:01:29,983.75,518818
2021-06-14 10:01:30,983.75,518838
2021-06-14 10:01:32,983.75,518838
2021-06-14 10:01:33,983.75,519075
2021-06-14 10:01:34,983.75,519075
2021-06-14 10:01:35,984.0,519083
2021-06-14 10:01:36,984.0,519084
2021-06-14 10:01:36,984.0,519084
2021-06-14 10:01:37,983.6,519154
2021-06-14 10:01:38,983.5,519692
2021-06-14 10:01:40,983.75,519712
2021-06-14 10:01:41,983.85,520062
2021-06-14 10:01:42,983.8,520067
2021-06-14 10:01:42,983.8,520067
2021-06-14 10:01:43,983.8,520067
2021-06-14 10:01:44,983.9,520172
2021-06-14 10:01:45,983.85,520182
2021-06-14 10:01:46,983.1,523653
2021-06-14 10:01:47,983.4,523756
2021-06-14 10:01:48,983.4,523756
2021-06-14 10:01:50,983.05,524053
2021-06-14 10:01:51,983.05,524069
2021-06-14 10:01:52,983.05,524069
2021-06-14 10:01:53,982.6,527212
2021-06-14 10:01:53,982.6,527212
2021-06-14 10:01:54,982.5,527373
2021-06-14 10:01:55,982.35,527878
2021-06-14 10:01:58,982.4,528377
2021-06-14 10:01:57,982.8,528306
2021-06-14 10:02:00,982.35,528397
2021-06-14 10:02:01,982.7,528401
2021-06-14 10:02:02,982.25,528402
2021-06-14 10:02:03,982.35,528557
2021-06-14 10:02:04,982.35,528579
2021-06-14 10:02:05,982.35,528579
2021-06-14 10:02:06,982.75,528735
2021-06-14 10:02:07,982.75,528735
2021-06-14 10:02:08,982.3,528829
2021-06-14 10:02:09,982.75,528879
2021-06-14 10:02:10,982.75,528929
2021-06-14 10:02:11,982.75,528929
2021-06-14 10:02:12,982.75,528929
2021-06-14 10:02:13,982.5,529092
2021-06-14 10:02:14,982.85,529122
2021-06-14 10:02:16,982.85,529163
2021-06-14 10:02:17,982.45,529213
2021-06-14 10:02:17,982.45,529213
2021-06-14 10:02:18,982.6,529289
2021-06-14 10:02:19,982.6,529289
2021-06-14 10:02:20,982.6,529289
2021-06-14 10:02:21,982.55,529291
2021-06-14 10:02:22,982.55,529291
2021-06-14 10:02:23,982.25,529328
2021-06-14 10:02:24,982.45,529827
2021-06-14 10:02:26,982.45,529827
2021-06-14 10:02:27,982.05,530128
2021-06-14 10:02:28,982.05,530153
2021-06-14 10:02:28,982.05,530153
2021-06-14 10:02:29,982.45,530174
2021-06-14 10:02:30,982.2,530925
2021-06-14 10:02:31,982.2,530932
2021-06-14 10:02:32,982.0,530992
2021-06-14 10:02:33,982.0,530992
2021-06-14 10:02:34,982.0,531147
2021-06-14 10:02:35,982.0,531202
2021-06-14 10:02:36,982.0,531412
2021-06-14 10:02:37,982.0,531412
2021-06-14 10:02:38,982.0,531671
2021-06-14 10:02:39,981.8,531952
2021-06-14 10:02:40,982.15,531958
2021-06-14 10:02:42,981.75,532104
2021-06-14 10:02:43,982.05,532124
2021-06-14 10:02:44,982.05,532124
2021-06-14 10:02:45,982.05,532134
2021-06-14 10:02:46,982.05,532197
2021-06-14 10:02:47,981.8,532317
2021-06-14 10:02:48,982.0,532332
2021-06-14 10:02:49,982.0,532332
2021-06-14 10:02:50,982.05,532883
2021-06-14 10:02:51,982.05,532893
2021-06-14 10:02:53,982.45,532955
2021-06-14 10:02:54,981.9,533519
2021-06-14 10:02:54,981.9,533519
2021-06-14 10:02:56,981.9,533519
2021-06-14 10:02:56,981.9,533519
2021-06-14 10:02:57,982.0,533539
2021-06-14 10:02:58,982.1,533659
2021-06-14 10:02:59,982.2,533669
2021-06-14 10:03:01,982.2,533669
2021-06-14 10:03:02,982.3,533679
2021-06-14 10:03:02,982.3,533679
2021-06-14 10:03:03,982.25,533930
2021-06-14 10:03:04,982.25,533980
2021-06-14 10:03:05,982.2,534182
2021-06-14 10:03:06,981.95,535182
2021-06-14 10:03:09,982.25,535211
2021-06-14 10:03:10,982.15,535212
2021-06-14 10:03:13,982.15,535287
2021-06-14 10:03:14,982.15,535352
2021-06-14 10:03:15,982.15,535352
2021-06-14 10:03:15,982.15,535352
2021-06-14 10:03:16,982.0,535369
2021-06-14 10:03:17,982.0,535369
2021-06-14 10:03:18,982.0,535369
2021-06-14 10:03:19,982.0,535369
2021-06-14 10:03:21,982.25,535371
2021-06-14 10:03:22,982.25,535371
2021-06-14 10:03:24,981.95,535478
2021-06-14 10:03:29,982.15,535713
2021-06-14 10:03:30,982.15,535807
2021-06-14 10:03:31,982.25,535908
2021-06-14 10:03:32,982.6,536011
2021-06-14 10:03:33,982.6,536011
2021-06-14 10:03:34,982.85,536358
2021-06-14 10:03:35,982.85,536358
2021-06-14 10:03:36,982.85,536474
2021-06-14 10:03:37,982.85,536474
2021-06-14 10:03:38,982.3,536574
2021-06-14 10:03:39,982.3,536574
2021-06-14 10:03:40,982.5,536575
2021-06-14 10:03:42,982.5,536602
2021-06-14 10:03:43,982.5,536602
2021-06-14 10:03:44,982.5,536602
2021-06-14 10:03:45,982.5,536602
2021-06-14 10:03:46,982.5,536602
2021-06-14 10:03:47,982.5,536602
2021-06-14 10:03:48,982.5,536602
2021-06-14 10:03:49,982.5,536602
2021-06-14 10:03:50,982.5,536622
2021-06-14 10:03:52,982.5,536627
2021-06-14 10:03:53,982.5,536627
2021-06-14 10:03:54,982.45,536667
2021-06-14 10:03:54,982.6,536778
2021-06-14 10:03:56,982.6,536834
2021-06-14 10:03:56,982.6,536834
2021-06-14 10:03:57,982.6,536834
2021-06-14 10:03:58,983.0,537884
2021-06-14 10:04:00,982.5,537934
2021-06-14 10:04:01,982.5,537949
2021-06-14 10:04:02,982.5,537949
2021-06-14 10:04:03,982.5,537949
2021-06-14 10:04:04,982.5,537949
2021-06-14 10:04:05,982.5,537959
2021-06-14 10:04:06,982.3,537981
2021-06-14 10:04:07,982.5,538081
2021-06-14 10:04:08,982.3,538127
2021-06-14 10:04:09,982.3,538127
2021-06-14 10:04:10,982.5,538138
2021-06-14 10:04:11,982.5,538139
2021-06-14 10:04:12,982.3,538172
2021-06-14 10:04:13,982.5,538182
2021-06-14 10:04:14,982.5,538282
2021-06-14 10:04:14,982.5,538282
2021-06-14 10:04:16,982.3,538382
2021-06-14 10:04:17,982.5,538407
2021-06-14 10:04:20,982.5,538412
2021-06-14 10:04:21,982.5,538418
2021-06-14 10:04:22,982.3,538769
2021-06-14 10:04:23,982.1,538808
2021-06-14 10:04:24,982.45,538818
2021-06-14 10:04:25,982.45,538850
2021-06-14 10:04:26,982.45,538850
2021-06-14 10:04:27,982.45,538850
2021-06-14 10:04:28,982.45,538880
2021-06-14 10:04:28,982.45,538880
2021-06-14 10:04:29,982.1,538890
2021-06-14 10:04:30,982.1,538890
2021-06-14 10:04:31,982.1,538890
2021-06-14 10:04:33,982.1,538890
2021-06-14 10:04:34,982.45,538950
2021-06-14 10:04:35,982.45,538950
2021-06-14 10:04:36,982.45,538950
2021-06-14 10:04:37,982.45,538950
2021-06-14 10:04:37,982.45,538950
2021-06-14 10:04:38,982.15,540143
2021-06-14 10:04:39,982.15,540143
2021-06-14 10:04:40,982.1,540144
2021-06-14 10:04:41,982.4,540156
2021-06-14 10:04:43,982.4,540159
2021-06-14 10:04:43,982.5,540194
2021-06-14 10:04:45,982.65,540196
2021-06-14 10:04:46,983.0,540197
2021-06-14 10:04:46,982.6,540289
2021-06-14 10:04:47,982.6,540289
2021-06-14 10:04:49,983.0,540292
2021-06-14 10:04:50,982.6,540302
2021-06-14 10:04:51,982.6,540302
2021-06-14 10:04:52,982.6,540302
2021-06-14 10:04:53,982.55,540337
2021-06-14 10:04:54,982.9,540342
2021-06-14 10:04:55,982.9,540342
2021-06-14 10:04:56,982.9,540342
2021-06-14 10:04:56,982.9,540342
2021-06-14 10:04:58,982.85,540377
2021-06-14 10:04:59,982.2,540979
2021-06-14 10:05:00,982.2,540979
2021-06-14 10:05:00,982.6,541096
2021-06-14 10:05:02,982.45,541107
2021-06-14 10:05:03,982.45,541107
2021-06-14 10:05:04,982.45,541107
2021-06-14 10:05:05,982.45,541107
2021-06-14 10:05:05,982.45,541107
2021-06-14 10:05:06,982.45,541107
2021-06-14 10:05:07,982.5,541368
2021-06-14 10:05:09,982.85,541417
2021-06-14 10:05:10,982.9,541447
2021-06-14 10:05:11,982.55,541493
2021-06-14 10:05:12,983.0,541522
2021-06-14 10:05:13,983.0,541546
2021-06-14 10:05:14,982.85,541551
2021-06-14 10:05:15,982.85,541551
2021-06-14 10:05:16,982.85,541566
2021-06-14 10:05:17,982.85,541566
2021-06-14 10:05:17,982.85,541566
2021-06-14 10:05:19,982.9,541568
2021-06-14 10:05:20,982.5,541669
2021-06-14 10:05:21,982.9,541670
2021-06-14 10:05:22,982.8,541680
2021-06-14 10:05:23,982.45,541712
2021-06-14 10:05:25,982.45,541801
2021-06-14 10:05:26,982.45,541801
2021-06-14 10:05:27,982.45,541801
2021-06-14 10:05:29,982.45,541801
2021-06-14 10:05:30,982.35,541813
2021-06-14 10:05:30,982.35,541813
2021-06-14 10:05:31,982.75,541818
2021-06-14 10:05:33,982.75,541818
2021-06-14 10:05:34,982.75,541818
2021-06-14 10:05:35,982.75,541818
2021-06-14 10:05:36,982.45,541928
2021-06-14 10:05:37,982.45,541928
2021-06-14 10:05:38,982.5,541978
2021-06-14 10:05:39,982.6,541980
2021-06-14 10:05:40,982.6,541980
2021-06-14 10:05:41,982.6,541980
2021-06-14 10:05:42,982.6,541980
2021-06-14 10:05:43,982.6,541980
2021-06-14 10:05:44,982.6,542230
2021-06-14 10:05:45,982.6,542230
2021-06-14 10:05:46,982.65,542429
2021-06-14 10:05:47,982.5,542430
2021-06-14 10:05:48,982.5,542470
2021-06-14 10:05:49,982.6,542473
2021-06-14 10:05:50,982.6,542473
2021-06-14 10:05:51,982.6,542473
2021-06-14 10:05:52,982.55,542513
2021-06-14 10:05:53,982.3,542548
2021-06-14 10:05:54,982.3,542548
2021-06-14 10:05:55,982.3,542548
2021-06-14 10:05:56,982.6,543313
2021-06-14 10:05:57,982.5,543333
2021-06-14 10:05:58,982.65,543334
2021-06-14 10:05:59,982.65,543346
2021-06-14 10:06:01,982.65,544348
2021-06-14 10:06:01,982.65,544348
2021-06-14 10:06:03,982.45,544388
2021-06-14 10:06:04,982.0,544703
2021-06-14 10:06:05,982.4,544708
2021-06-14 10:06:06,982.4,544708
2021-06-14 10:06:07,982.4,544708
2021-06-14 10:06:08,982.0,544797
2021-06-14 10:06:09,982.0,544797
2021-06-14 10:06:10,982.0,545791
2021-06-14 10:06:11,982.0,545792
2021-06-14 10:06:12,982.0,545792
2021-06-14 10:06:13,982.0,545792
2021-06-14 10:06:14,982.3,545812
2021-06-14 10:06:15,982.3,545812
2021-06-14 10:06:16,982.3,545812
2021-06-14 10:06:17,982.3,545812
2021-06-14 10:06:18,982.05,545962
2021-06-14 10:06:19,982.4,546187
2021-06-14 10:06:20,982.4,546187
2021-06-14 10:06:21,982.4,546217
2021-06-14 10:06:22,982.4,546222
2021-06-14 10:06:23,982.4,546314
2021-06-14 10:06:24,982.4,546314
2021-06-14 10:06:25,982.4,546488
2021-06-14 10:06:25,982.4,546488
2021-06-14 10:06:26,982.15,546534
2021-06-14 10:06:28,982.4,546558
2021-06-14 10:06:29,982.1,546670
2021-06-14 10:06:31,982.4,546693
2021-06-14 10:06:32,982.4,546705
2021-06-14 10:06:33,982.4,546705
2021-06-14 10:06:34,982.35,546706
2021-06-14 10:06:35,982.35,546706
2021-06-14 10:06:36,982.35,546706
2021-06-14 10:06:38,982.4,546841
2021-06-14 10:06:39,982.5,546851
2021-06-14 10:06:40,982.5,546857
2021-06-14 10:06:40,982.5,546857
2021-06-14 10:06:42,982.5,546857
2021-06-14 10:06:43,982.5,547157
2021-06-14 10:06:44,982.5,547158
2021-06-14 10:06:45,982.5,547158
2021-06-14 10:06:46,982.5,547158
2021-06-14 10:06:47,982.4,547243
2021-06-14 10:06:47,982.5,547248
2021-06-14 10:06:49,982.5,547423
2021-06-14 10:06:50,982.5,547448
2021-06-14 10:06:52,982.5,547459
2021-06-14 10:06:53,982.4,547494
2021-06-14 10:06:54,982.15,547519
2021-06-14 10:06:55,982.15,547519
2021-06-14 10:06:56,982.15,547519
2021-06-14 10:06:58,982.15,547519
2021-06-14 10:06:59,982.4,547520
2021-06-14 10:07:00,982.15,547530
2021-06-14 10:07:01,982.15,547530
2021-06-14 10:07:02,982.4,547540
2021-06-14 10:07:03,982.4,547540
2021-06-14 10:07:04,982.4,547540
2021-06-14 10:07:04,982.4,547540
2021-06-14 10:07:05,982.4,547540
2021-06-14 10:07:08,982.15,547574
2021-06-14 10:07:09,982.15,547574
2021-06-14 10:07:10,982.1,547624
2021-06-14 10:07:11,982.1,547624
2021-06-14 10:07:13,982.1,547676
2021-06-14 10:07:14,982.1,547777
2021-06-14 10:07:14,982.4,547827
2021-06-14 10:07:16,982.4,547827
2021-06-14 10:07:17,982.2,547828
2021-06-14 10:07:18,982.3,547882
2021-06-14 10:07:19,982.4,547906
2021-06-14 10:07:20,982.4,547906
2021-06-14 10:07:21,982.5,548506
2021-06-14 10:07:22,982.5,548512
2021-06-14 10:07:23,982.5,548512
2021-06-14 10:07:24,982.8,548634
2021-06-14 10:07:24,982.8,548634
2021-06-14 10:07:25,982.8,548634
2021-06-14 10:07:26,982.4,548661
2021-06-14 10:07:27,982.8,548663
2021-06-14 10:07:28,982.8,548663
2021-06-14 10:07:29,982.8,548663
2021-06-14 10:07:31,982.75,548688
2021-06-14 10:07:32,982.75,548688
2021-06-14 10:07:33,982.75,548688
2021-06-14 10:07:34,982.75,548688
2021-06-14 10:07:35,982.75,548688
2021-06-14 10:07:36,982.75,548788
2021-06-14 10:07:37,982.4,548792
2021-06-14 10:07:38,982.3,548826
2021-06-14 10:07:39,982.3,548826
2021-06-14 10:07:40,982.3,548826
2021-06-14 10:07:43,982.3,548826
2021-06-14 10:07:44,982.15,548831
2021-06-14 10:07:45,982.3,548832
2021-06-14 10:07:46,982.3,548832
2021-06-14 10:07:47,982.3,548832
2021-06-14 10:07:48,982.3,548832
2021-06-14 10:07:49,982.3,548840
2021-06-14 10:07:50,982.3,548840
2021-06-14 10:07:51,982.4,548890
2021-06-14 10:07:52,982.3,548891
2021-06-14 10:07:53,982.3,548926
2021-06-14 10:07:54,982.3,548976
2021-06-14 10:07:55,982.3,548976
2021-06-14 10:07:56,982.7,549011
2021-06-14 10:07:57,982.7,549011
2021-06-14 10:07:58,982.8,549016
2021-06-14 10:07:59,982.5,549026
2021-06-14 10:08:00,982.5,549078
2021-06-14 10:08:02,982.5,549078
2021-06-14 10:08:01,982.5,549078
2021-06-14 10:08:03,982.8,549179
2021-06-14 10:08:04,982.8,549179
2021-06-14 10:08:05,982.8,549179
2021-06-14 10:08:06,982.5,549188
2021-06-14 10:08:07,982.55,549291
2021-06-14 10:08:08,982.55,549291
2021-06-14 10:08:09,982.55,549291
2021-06-14 10:08:10,982.55,549291
2021-06-14 10:08:11,982.55,549291
2021-06-14 10:08:12,982.55,549810
2021-06-14 10:08:13,982.5,550057
2021-06-14 10:08:14,982.5,550057
2021-06-14 10:08:15,982.5,550057
2021-06-14 10:08:16,983.0,550089
2021-06-14 10:08:17,982.65,550095
2021-06-14 10:08:18,982.6,550145
2021-06-14 10:08:19,982.75,550275
2021-06-14 10:08:20,982.75,550275
2021-06-14 10:08:21,982.75,550275
2021-06-14 10:08:22,982.75,550277
2021-06-14 10:08:23,982.75,550299
2021-06-14 10:08:24,982.75,550299
2021-06-14 10:08:25,982.75,550299
2021-06-14 10:08:26,982.65,550314
2021-06-14 10:08:27,982.65,550314
2021-06-14 10:08:28,982.5,550353
2021-06-14 10:08:30,982.6,550379
2021-06-14 10:08:31,982.65,550384
2021-06-14 10:08:32,982.65,550384
2021-06-14 10:08:33,983.0,550644
2021-06-14 10:08:34,983.1,550696
2021-06-14 10:08:35,983.1,550696
2021-06-14 10:08:36,983.1,550696
2021-06-14 10:08:37,983.1,550696
2021-06-14 10:08:39,983.1,550696
2021-06-14 10:08:38,983.1,550696
2021-06-14 10:08:40,982.6,550697
2021-06-14 10:08:41,982.6,550706
2021-06-14 10:08:42,983.15,550728
2021-06-14 10:08:43,983.15,550728
2021-06-14 10:08:44,983.15,550728
2021-06-14 10:08:45,983.15,550728
2021-06-14 10:08:46,983.15,550728
2021-06-14 10:08:47,983.15,550728
2021-06-14 10:08:49,983.15,550733
2021-06-14 10:08:48,983.15,550733
2021-06-14 10:08:50,983.0,550788
2021-06-14 10:08:51,983.2,550888
2021-06-14 10:08:52,983.15,551248
2021-06-14 10:08:53,983.0,551268
2021-06-14 10:08:54,983.0,551268
2021-06-14 10:08:55,982.9,551274
2021-06-14 10:08:56,983.2,551324
2021-06-14 10:08:57,982.85,551454
2021-06-14 10:08:58,982.85,551454
2021-06-14 10:08:59,983.3,551458
2021-06-14 10:09:00,983.3,551458
2021-06-14 10:09:01,983.3,551461
2021-06-14 10:09:02,983.3,551461
2021-06-14 10:09:03,983.3,551461
2021-06-14 10:09:04,983.3,551462
2021-06-14 10:09:05,983.5,551663
2021-06-14 10:09:06,983.3,551664
2021-06-14 10:09:07,983.3,551664
2021-06-14 10:09:08,983.3,551688
2021-06-14 10:09:09,983.3,551689
2021-06-14 10:09:10,983.3,551699
2021-06-14 10:09:11,983.3,551739
2021-06-14 10:09:12,983.3,551739
2021-06-14 10:09:13,983.3,551740
2021-06-14 10:09:14,983.45,551857
2021-06-14 10:09:15,983.45,551867
2021-06-14 10:09:16,983.05,551967
2021-06-14 10:09:17,983.35,552138
2021-06-14 10:09:18,983.35,552158
2021-06-14 10:09:19,983.35,552159
2021-06-14 10:09:20,982.95,552200
2021-06-14 10:09:22,983.3,552243
