timestamp,ltp,volume
2021-06-14 09:15:47,2533.3,77206
2021-06-14 09:15:48,2533.7,78439
2021-06-14 09:15:49,2532.05,78847
2021-06-14 09:15:50,2533.95,79808
2021-06-14 09:15:51,2533.5,80511
2021-06-14 09:15:52,2534.0,81417
2021-06-14 09:15:53,2532.75,81556
2021-06-14 09:15:54,2532.65,82651
2021-06-14 09:15:55,2532.6,83271
2021-06-14 09:15:56,2532.0,83414
2021-06-14 09:15:57,2532.4,84063
2021-06-14 09:15:58,2532.1,84988
2021-06-14 09:15:59,2533.35,85054
2021-06-14 09:16:00,2533.5,86200
2021-06-14 09:16:01,2533.5,86333
2021-06-14 09:16:04,2547.55,94015
2021-06-14 09:16:05,2549.9,97281
2021-06-14 09:16:06,2549.25,97881
2021-06-14 09:16:07,2548.05,98650
2021-06-14 09:16:08,2547.95,99660
2021-06-14 09:16:09,2548.8,101421
2021-06-14 09:16:10,2548.8,101875
2021-06-14 09:16:11,2546.4,102389
2021-06-14 09:16:12,2545.5,102601
2021-06-14 09:16:13,2544.5,102726
2021-06-14 09:16:14,2544.4,102737
2021-06-14 09:16:15,2543.45,102752
2021-06-14 09:16:17,2541.6,103138
2021-06-14 09:16:18,2542.95,103574
2021-06-14 09:16:19,2543.0,103668
2021-06-14 09:16:20,2541.75,103820
2021-06-14 09:16:24,2543.1,105180
2021-06-14 09:16:25,2542.05,105300
2021-06-14 09:16:26,2541.6,105471
2021-06-14 09:16:27,2542.15,105690
2021-06-14 09:16:28,2541.0,105762
2021-06-14 09:16:29,2539.8,105879
2021-06-14 09:16:30,2540.55,106029
2021-06-14 09:16:31,2537.55,106422
2021-06-14 09:16:32,2538.75,106638
2021-06-14 09:16:33,2539.75,108794
2021-06-14 09:16:34,2539.65,109260
2021-06-14 09:16:36,2537.95,109444
2021-06-14 09:16:36,2537.9,109369
2021-06-14 09:16:37,2538.95,109633
2021-06-14 09:16:39,2538.95,110025
2021-06-14 09:16:40,2538.0,110104
2021-06-14 09:16:41,2538.0,110317
2021-06-14 09:16:42,2538.95,111292
2021-06-14 09:16:42,2537.95,111404
2021-06-14 09:16:43,2538.95,112855
2021-06-14 09:16:44,2539.8,112868
2021-06-14 09:16:45,2539.8,113306
2021-06-14 09:16:46,2539.8,113355
2021-06-14 09:16:47,2539.8,113388
2021-06-14 09:16:49,2539.8,113535
2021-06-14 09:16:50,2539.45,113625
2021-06-14 09:16:51,2539.8,114007
2021-06-14 09:16:53,2538.95,114524
2021-06-14 09:16:53,2539.05,114550
2021-06-14 09:16:54,2539.05,114573
2021-06-14 09:16:55,2539.05,114645
2021-06-14 09:16:56,2539.05,115638
2021-06-14 09:16:57,2540.3,115696
2021-06-14 09:16:58,2541.65,115867
2021-06-14 09:16:59,2541.65,116092
2021-06-14 09:17:00,2540.25,116380
2021-06-14 09:17:02,2540.3,116580
2021-06-14 09:17:03,2540.3,116589
2021-06-14 09:17:04,2540.2,117133
2021-06-14 09:17:06,2540.25,117233
2021-06-14 09:17:06,2540.15,117238
2021-06-14 09:17:07,2540.15,117544
2021-06-14 09:17:08,2540.2,117572
2021-06-14 09:17:09,2541.45,117741
2021-06-14 09:17:10,2540.9,117743
2021-06-14 09:17:11,2540.85,118579
2021-06-14 09:17:12,2540.3,118609
2021-06-14 09:17:13,2540.85,118730
2021-06-14 09:17:14,2540.3,118755
2021-06-14 09:17:15,2540.85,118833
2021-06-14 09:17:16,2540.85,119038
2021-06-14 09:17:17,2540.3,119456
2021-06-14 09:17:18,2540.85,119647
2021-06-14 09:17:19,2540.55,119737
2021-06-14 09:17:20,2540.85,119926
2021-06-14 09:17:21,2540.85,119932
2021-06-14 09:17:22,2540.85,119953
2021-06-14 09:17:23,2540.95,120329
2021-06-14 09:17:24,2540.95,120389
2021-06-14 09:17:25,2540.85,120457
2021-06-14 09:17:26,2542.0,121581
2021-06-14 09:17:27,2541.9,121625
2021-06-14 09:17:28,2542.9,121709
2021-06-14 09:17:29,2541.9,121938
2021-06-14 09:17:30,2541.9,122598
2021-06-14 09:17:31,2541.9,122627
2021-06-14 09:17:32,2542.0,123181
2021-06-14 09:17:33,2541.15,123201
2021-06-14 09:17:34,2542.05,125235
2021-06-14 09:17:36,2543.7,125250
2021-06-14 09:17:36,2542.0,125356
2021-06-14 09:17:37,2542.0,125356
2021-06-14 09:17:38,2543.6,125506
2021-06-14 09:17:39,2543.0,125516
2021-06-14 09:17:40,2543.0,125548
2021-06-14 09:17:41,2543.6,125841
2021-06-14 09:17:42,2543.0,125901
2021-06-14 09:17:43,2543.6,125911
2021-06-14 09:17:44,2543.55,126008
2021-06-14 09:17:45,2543.0,126134
2021-06-14 09:17:46,2543.8,127430
2021-06-14 09:17:47,2544.0,127432
2021-06-14 09:17:48,2544.05,127526
2021-06-14 09:17:49,2544.9,127542
2021-06-14 09:17:50,2544.9,127754
2021-06-14 09:17:51,2544.0,127845
2021-06-14 09:17:52,2544.35,127998
2021-06-14 09:17:53,2543.45,128099
2021-06-14 09:17:54,2544.35,128149
2021-06-14 09:17:55,2544.35,128170
2021-06-14 09:17:56,2544.9,128894
2021-06-14 09:17:57,2544.05,129269
2021-06-14 09:17:58,2544.9,129279
2021-06-14 09:17:59,2544.05,129372
2021-06-14 09:18:00,2544.35,129479
2021-06-14 09:18:01,2544.9,129747
2021-06-14 09:18:02,2544.4,129779
2021-06-14 09:18:03,2547.95,131242
2021-06-14 09:18:04,2545.8,131262
2021-06-14 09:18:05,2545.95,131466
2021-06-14 09:18:06,2546.8,133525
2021-06-14 09:18:07,2546.45,134014
2021-06-14 09:18:08,2547.7,134334
2021-06-14 09:18:09,2547.8,134450
2021-06-14 09:18:10,2546.1,134994
2021-06-14 09:18:11,2547.5,135044
2021-06-14 09:18:13,2546.75,135099
2021-06-14 09:18:14,2546.8,135107
2021-06-14 09:18:15,2546.75,135116
2021-06-14 09:18:16,2547.25,136293
2021-06-14 09:18:17,2547.45,136344
2021-06-14 09:18:18,2546.9,136350
2021-06-14 09:18:19,2546.9,136350
2021-06-14 09:18:19,2547.0,136358
2021-06-14 09:18:21,2546.9,138586
2021-06-14 09:18:22,2546.9,140037
2021-06-14 09:18:23,2546.9,140037
2021-06-14 09:18:24,2547.05,141457
2021-06-14 09:18:24,2547.55,141467
2021-06-14 09:18:25,2547.2,141487
2021-06-14 09:18:27,2548.0,141517
2021-06-14 09:18:27,2547.5,141519
2021-06-14 09:18:28,2548.0,141522
2021-06-14 09:18:29,2547.2,141920
2021-06-14 09:18:31,2547.75,141981
2021-06-14 09:18:32,2547.55,143170
2021-06-14 09:18:32,2547.75,143242
2021-06-14 09:18:33,2547.55,143278
2021-06-14 09:18:35,2546.8,143590
2021-06-14 09:18:36,2546.35,144086
2021-06-14 09:18:37,2546.2,144099
2021-06-14 09:18:38,2547.55,144336
2021-06-14 09:18:39,2547.9,145306
2021-06-14 09:18:40,2549.0,145414
2021-06-14 09:18:41,2549.1,146488
2021-06-14 09:18:41,2550.0,146629
2021-06-14 09:18:42,2550.0,146629
2021-06-14 09:18:44,2549.1,147043
2021-06-14 09:18:45,2549.0,147800
2021-06-14 09:18:46,2550.25,148017
2021-06-14 09:18:47,2551.45,148055
2021-06-14 09:18:48,2550.45,148149
2021-06-14 09:18:49,2550.3,148359
2021-06-14 09:18:50,2550.15,148981
2021-06-14 09:18:51,2550.15,149109
2021-06-14 09:18:53,2553.0,150765
2021-06-14 09:18:54,2551.15,151059
2021-06-14 09:18:54,2550.85,151602
2021-06-14 09:18:55,2550.4,151803
2021-06-14 09:18:56,2550.4,151805
2021-06-14 09:18:57,2550.0,151881
2021-06-14 09:18:59,2550.4,152127
2021-06-14 09:18:59,2550.0,152137
2021-06-14 09:19:01,2548.55,152659
2021-06-14 09:19:01,2548.5,152661
2021-06-14 09:19:03,2547.85,152729
2021-06-14 09:19:04,2547.9,152798
2021-06-14 09:19:05,2549.05,154838
2021-06-14 09:19:06,2546.65,155353
2021-06-14 09:19:07,2546.45,156575
2021-06-14 09:19:08,2546.45,156575
2021-06-14 09:19:08,2546.25,156694
2021-06-14 09:19:10,2546.25,156762
2021-06-14 09:19:10,2546.25,156762
2021-06-14 09:19:11,2546.75,156843
2021-06-14 09:19:12,2546.75,156843
2021-06-14 09:19:13,2546.2,156846
2021-06-14 09:19:14,2545.2,157133
2021-06-14 09:19:15,2546.0,157152
2021-06-14 09:19:17,2545.9,157222
2021-06-14 09:19:17,2545.9,157222
2021-06-14 09:19:18,2545.8,157342
2021-06-14 09:19:20,2544.4,157621
2021-06-14 09:19:21,2545.0,157805
2021-06-14 09:19:22,2544.0,157869
2021-06-14 09:19:23,2543.5,157963
2021-06-14 09:19:24,2543.6,157984
2021-06-14 09:19:25,2543.6,157984
2021-06-14 09:19:26,2544.8,158510
2021-06-14 09:19:26,2544.8,158520
2021-06-14 09:19:27,2544.95,159137
2021-06-14 09:19:28,2544.95,159671
2021-06-14 09:19:29,2544.1,159681
2021-06-14 09:19:30,2544.95,159701
2021-06-14 09:19:31,2544.95,159915
2021-06-14 09:19:32,2544.2,159945
2021-06-14 09:19:33,2544.2,160548
2021-06-14 09:19:34,2544.1,161331
2021-06-14 09:19:35,2544.9,161346
2021-06-14 09:19:36,2544.4,161441
2021-06-14 09:19:37,2545.05,162465
2021-06-14 09:19:38,2545.05,162465
2021-06-14 09:19:40,2544.0,162526
2021-06-14 09:19:41,2544.0,162526
2021-06-14 09:19:42,2544.95,162802
2021-06-14 09:19:43,2543.8,162958
2021-06-14 09:19:44,2543.8,162958
2021-06-14 09:19:45,2544.85,163061
2021-06-14 09:19:46,2544.7,163818
2021-06-14 09:19:46,2544.7,163817
2021-06-14 09:19:47,2543.65,163900
2021-06-14 09:19:48,2543.65,164067
2021-06-14 09:19:49,2543.65,164098
2021-06-14 09:19:50,2543.65,164129
2021-06-14 09:19:51,2543.95,164293
2021-06-14 09:19:52,2542.75,164450
2021-06-14 09:19:53,2542.7,164487
2021-06-14 09:19:54,2542.7,164568
2021-06-14 09:19:55,2542.3,164832
2021-06-14 09:19:56,2542.55,165608
2021-06-14 09:19:58,2542.55,166549
2021-06-14 09:19:59,2542.5,166713
2021-06-14 09:20:01,2542.55,168126
2021-06-14 09:20:01,2541.75,167753
2021-06-14 09:20:03,2541.6,168360
2021-06-14 09:20:03,2542.55,168314
2021-06-14 09:20:04,2541.7,169308
2021-06-14 09:20:05,2541.7,169660
2021-06-14 09:20:06,2541.7,169722
2021-06-14 09:20:08,2541.65,169971
2021-06-14 09:20:09,2540.45,170048
2021-06-14 09:20:10,2540.35,170185
2021-06-14 09:20:11,2540.1,170529
2021-06-14 09:20:12,2540.1,170637
2021-06-14 09:20:12,2539.8,171958
2021-06-14 09:20:13,2540.1,172344
2021-06-14 09:20:14,2538.65,173031
2021-06-14 09:20:15,2539.65,173077
2021-06-14 09:20:16,2539.65,173327
2021-06-14 09:20:17,2539.4,173476
2021-06-14 09:20:18,2539.65,174131
2021-06-14 09:20:20,2539.65,174217
2021-06-14 09:20:21,2539.6,174234
2021-06-14 09:20:21,2540.2,175046
2021-06-14 09:20:23,2541.55,175583
2021-06-14 09:20:24,2539.75,175638
2021-06-14 09:20:25,2541.05,175736
2021-06-14 09:20:26,2541.1,176138
2021-06-14 09:20:27,2540.0,176211
2021-06-14 09:20:28,2540.0,176243
2021-06-14 09:20:30,2540.0,176307
2021-06-14 09:20:31,2540.0,176361
2021-06-14 09:20:32,2539.65,176692
2021-06-14 09:20:33,2539.65,176754
2021-06-14 09:20:34,2540.6,177275
2021-06-14 09:20:34,2540.55,177276
2021-06-14 09:20:35,2540.0,177668
2021-06-14 09:20:36,2540.55,177754
2021-06-14 09:20:38,2539.95,177940
2021-06-14 09:20:38,2539.6,178106
2021-06-14 09:20:40,2540.55,178444
2021-06-14 09:20:41,2540.5,178448
2021-06-14 09:20:42,2539.35,178483
2021-06-14 09:20:43,2539.35,178483
2021-06-14 09:20:44,2541.7,181144
2021-06-14 09:20:45,2542.0,181246
2021-06-14 09:20:46,2542.0,181250
2021-06-14 09:20:47,2542.0,181259
2021-06-14 09:20:48,2543.1,181280
2021-06-14 09:20:49,2543.1,181280
2021-06-14 09:20:50,2543.05,181281
2021-06-14 09:20:51,2543.05,181284
2021-06-14 09:20:52,2542.0,181290
2021-06-14 09:20:52,2542.0,181320
2021-06-14 09:20:53,2542.0,181320
2021-06-14 09:20:54,2542.95,181370
2021-06-14 09:20:55,2542.85,181692
2021-06-14 09:20:56,2542.85,181692
2021-06-14 09:20:57,2541.4,181930
2021-06-14 09:20:59,2541.65,182373
2021-06-14 09:21:01,2542.6,182438
2021-06-14 09:21:02,2542.6,182584
2021-06-14 09:21:04,2542.1,182589
2021-06-14 09:21:05,2542.1,183044
2021-06-14 09:21:06,2542.55,183064
2021-06-14 09:21:07,2542.55,183206
2021-06-14 09:21:08,2542.05,183224
2021-06-14 09:21:09,2542.1,183226
2021-06-14 09:21:10,2542.6,183437
2021-06-14 09:21:11,2542.6,183575
2021-06-14 09:21:12,2542.6,183577
2021-06-14 09:21:13,2542.5,184277
2021-06-14 09:21:14,2543.95,184345
2021-06-14 09:21:15,2542.65,184385
2021-06-14 09:21:16,2543.95,184687
2021-06-14 09:21:17,2543.05,184713
2021-06-14 09:21:18,2543.15,184745
2021-06-14 09:21:19,2543.15,184745
2021-06-14 09:21:20,2543.15,184745
2021-06-14 09:21:21,2543.95,184855
2021-06-14 09:21:22,2542.95,184863
2021-06-14 09:21:23,2543.1,185493
2021-06-14 09:21:24,2543.85,185616
2021-06-14 09:21:25,2544.7,186175
2021-06-14 09:21:26,2544.05,186189
2021-06-14 09:21:27,2544.0,186237
2021-06-14 09:21:27,2544.0,186237
2021-06-14 09:21:28,2544.0,186237
2021-06-14 09:21:29,2544.0,186268
2021-06-14 09:21:30,2544.0,186279
2021-06-14 09:21:31,2544.15,186389
2021-06-14 09:21:32,2544.7,186428
2021-06-14 09:21:33,2544.8,187771
2021-06-14 09:21:34,2544.8,187777
2021-06-14 09:21:35,2544.2,187788
2021-06-14 09:21:36,2544.2,187788
2021-06-14 09:21:37,2544.8,187807
2021-06-14 09:21:38,2544.25,188339
2021-06-14 09:21:39,2544.15,188459
2021-06-14 09:21:41,2544.15,188459
2021-06-14 09:21:42,2544.05,188635
2021-06-14 09:21:44,2544.05,188969
2021-06-14 09:21:45,2544.25,189214
2021-06-14 09:21:46,2544.1,189340
2021-06-14 09:21:47,2544.1,189435
2021-06-14 09:21:49,2544.15,189454
2021-06-14 09:21:50,2543.5,189605
2021-06-14 09:21:51,2543.5,189605
2021-06-14 09:21:52,2543.5,189605
2021-06-14 09:21:53,2543.5,189605
2021-06-14 09:21:53,2543.5,189605
2021-06-14 09:21:54,2543.75,189726
2021-06-14 09:21:55,2543.65,190311
2021-06-14 09:21:56,2543.05,190314
2021-06-14 09:21:57,2543.05,190356
2021-06-14 09:21:58,2543.6,190379
2021-06-14 09:22:00,2543.05,190394
2021-06-14 09:22:01,2543.4,190476
2021-06-14 09:22:02,2543.05,190499
2021-06-14 09:22:03,2543.05,190966
2021-06-14 09:22:04,2543.45,190976
2021-06-14 09:22:05,2543.0,191432
2021-06-14 09:22:06,2543.4,191465
2021-06-14 09:22:07,2542.95,191811
2021-06-14 09:22:09,2543.3,192293
2021-06-14 09:22:10,2543.4,192403
2021-06-14 09:22:11,2543.4,192412
2021-06-14 09:22:12,2543.4,192422
2021-06-14 09:22:13,2542.55,192440
2021-06-14 09:22:14,2542.55,192466
2021-06-14 09:22:15,2542.55,192530
2021-06-14 09:22:15,2543.4,192580
2021-06-14 09:22:16,2543.3,192586
2021-06-14 09:22:17,2542.5,192595
2021-06-14 09:22:19,2542.95,193133
2021-06-14 09:22:20,2543.25,193134
2021-06-14 09:22:21,2543.25,193143
2021-06-14 09:22:22,2543.25,193143
2021-06-14 09:22:23,2543.0,193588
2021-06-14 09:22:24,2543.0,193656
2021-06-14 09:22:25,2543.0,193667
2021-06-14 09:22:26,2543.0,193667
2021-06-14 09:22:27,2542.0,193772
2021-06-14 09:22:28,2542.85,193920
2021-06-14 09:22:30,2540.5,194387
2021-06-14 09:22:30,2540.5,194387
2021-06-14 09:22:32,2541.65,194417
2021-06-14 09:22:33,2541.0,194428
2021-06-14 09:22:33,2541.55,194429
2021-06-14 09:22:35,2541.45,194814
2021-06-14 09:22:36,2541.0,195117
2021-06-14 09:22:37,2540.5,195362
2021-06-14 09:22:38,2540.5,195759
2021-06-14 09:22:39,2539.0,196568
2021-06-14 09:22:40,2539.0,196677
2021-06-14 09:22:41,2540.45,198332
2021-06-14 09:22:42,2541.35,198337
2021-06-14 09:22:43,2540.0,198547
2021-06-14 09:22:44,2540.3,198558
2021-06-14 09:22:46,2539.85,198606
2021-06-14 09:22:47,2540.5,198836
2021-06-14 09:22:48,2540.5,198897
2021-06-14 09:22:50,2540.45,198938
2021-06-14 09:22:56,2539.25,199766
2021-06-14 09:22:57,2538.35,199897
2021-06-14 09:22:58,2538.35,200158
2021-06-14 09:22:59,2539.35,200239
2021-06-14 09:23:00,2539.0,200270
2021-06-14 09:23:01,2538.95,200491
2021-06-14 09:23:02,2539.35,201160
2021-06-14 09:23:03,2539.35,201853
2021-06-14 09:23:04,2539.35,201970
2021-06-14 09:23:05,2539.35,201976
2021-06-14 09:23:07,2539.0,202062
2021-06-14 09:23:08,2539.0,202096
2021-06-14 09:23:09,2539.0,202101
2021-06-14 09:23:10,2538.7,202131
2021-06-14 09:23:11,2538.7,202144
2021-06-14 09:23:12,2538.7,202144
2021-06-14 09:23:13,2539.0,202154
2021-06-14 09:23:15,2538.8,203523
2021-06-14 09:23:16,2539.35,203607
2021-06-14 09:23:17,2539.35,203626
2021-06-14 09:23:18,2539.35,203707
2021-06-14 09:23:19,2540.0,208456
2021-06-14 09:23:20,2540.3,208541
2021-06-14 09:23:22,2540.45,208566
2021-06-14 09:23:23,2541.5,208581
2021-06-14 09:23:24,2540.45,208595
2021-06-14 09:23:25,2540.45,208601
2021-06-14 09:23:26,2540.45,208810
2021-06-14 09:23:27,2540.45,208818
2021-06-14 09:23:28,2540.45,209597
2021-06-14 09:23:29,2541.0,209670
2021-06-14 09:23:30,2541.15,209830
2021-06-14 09:23:31,2541.1,209857
2021-06-14 09:23:31,2541.1,209857
2021-06-14 09:23:33,2540.6,209868
2021-06-14 09:23:34,2541.05,209869
2021-06-14 09:23:35,2540.65,210325
2021-06-14 09:23:36,2541.0,210326
2021-06-14 09:23:36,2540.65,210325
2021-06-14 09:23:38,2540.65,210356
2021-06-14 09:23:39,2540.9,210364
2021-06-14 09:23:40,2540.9,210364
2021-06-14 09:23:41,2540.65,210685
2021-06-14 09:23:42,2540.65,210713
2021-06-14 09:23:42,2540.85,210714
2021-06-14 09:23:44,2540.65,210860
2021-06-14 09:23:45,2540.45,210967
2021-06-14 09:23:46,2540.5,210995
2021-06-14 09:23:47,2540.0,211028
2021-06-14 09:23:48,2540.5,211034
2021-06-14 09:23:49,2540.45,211196
2021-06-14 09:23:49,2540.0,211216
2021-06-14 09:23:51,2540.5,211274
2021-06-14 09:23:52,2540.5,211405
2021-06-14 09:23:53,2540.0,211490
2021-06-14 09:23:54,2540.4,211507
2021-06-14 09:23:55,2540.0,211740
2021-06-14 09:23:55,2540.0,211740
2021-06-14 09:23:58,2540.0,212013
2021-06-14 09:23:59,2540.35,212187
2021-06-14 09:24:00,2539.95,212238
2021-06-14 09:24:00,2539.95,212238
2021-06-14 09:24:02,2540.0,212356
2021-06-14 09:24:02,2540.0,212387
2021-06-14 09:24:03,2539.75,212547
2021-06-14 09:24:05,2539.4,213041
2021-06-14 09:24:06,2539.45,213304
2021-06-14 09:24:07,2539.75,213469
2021-06-14 09:24:08,2539.65,213618
2021-06-14 09:24:08,2539.65,213619
2021-06-14 09:24:09,2539.6,213652
2021-06-14 09:24:11,2539.0,213786
2021-06-14 09:24:12,2539.5,214026
2021-06-14 09:24:13,2539.5,214041
2021-06-14 09:24:14,2539.15,214848
2021-06-14 09:24:14,2539.5,214910
2021-06-14 09:24:16,2539.45,215930
2021-06-14 09:24:17,2538.35,216054
2021-06-14 09:24:18,2539.5,216374
2021-06-14 09:24:19,2539.5,216377
2021-06-14 09:24:20,2539.5,216410
2021-06-14 09:24:20,2539.5,216410
2021-06-14 09:24:21,2539.45,216425
2021-06-14 09:24:23,2539.15,216438
2021-06-14 09:24:24,2539.0,216542
2021-06-14 09:24:25,2539.3,216933
2021-06-14 09:24:26,2539.25,216966
2021-06-14 09:24:26,2539.25,216966
2021-06-14 09:24:28,2538.65,217243
2021-06-14 09:24:29,2539.0,217371
2021-06-14 09:24:30,2538.25,217595
2021-06-14 09:24:31,2538.25,217639
2021-06-14 09:24:32,2538.9,217671
2021-06-14 09:24:32,2539.0,217871
2021-06-14 09:24:34,2539.0,217891
2021-06-14 09:24:35,2539.0,217907
2021-06-14 09:24:36,2539.0,217938
2021-06-14 09:24:37,2539.0,217942
2021-06-14 09:24:37,2539.0,217952
2021-06-14 09:24:39,2539.0,217953
2021-06-14 09:24:40,2539.0,217953
2021-06-14 09:24:41,2539.0,217969
2021-06-14 09:24:42,2539.0,218008
2021-06-14 09:24:43,2539.0,218008
2021-06-14 09:24:44,2539.0,218021
2021-06-14 09:24:45,2539.0,218023
2021-06-14 09:24:46,2539.0,218063
2021-06-14 09:24:47,2538.2,220398
2021-06-14 09:24:48,2538.2,220398
2021-06-14 09:24:49,2538.2,221461
2021-06-14 09:24:50,2538.15,221491
2021-06-14 09:24:51,2538.2,221566
2021-06-14 09:24:52,2538.15,221632
2021-06-14 09:24:53,2538.15,221632
2021-06-14 09:24:54,2537.9,221810
2021-06-14 09:24:55,2537.25,221837
2021-06-14 09:24:56,2537.25,221896
2021-06-14 09:24:58,2537.5,222001
2021-06-14 09:24:59,2537.55,222041
2021-06-14 09:25:00,2537.15,222050
2021-06-14 09:25:01,2537.35,222228
2021-06-14 09:25:02,2537.35,222245
2021-06-14 09:25:03,2537.35,222270
2021-06-14 09:25:04,2536.15,222452
2021-06-14 09:25:06,2536.7,222655
2021-06-14 09:25:05,2536.7,222655
2021-06-14 09:25:07,2536.15,222739
2021-06-14 09:25:08,2536.55,222831
2021-06-14 09:25:09,2536.6,224068
2021-06-14 09:25:10,2536.55,224175
2021-06-14 09:25:11,2536.55,224190
2021-06-14 09:25:12,2537.15,224573
2021-06-14 09:25:13,2537.5,224766
2021-06-14 09:25:14,2536.9,224809
2021-06-14 09:25:15,2537.65,225111
2021-06-14 09:25:16,2538.0,226197
2021-06-14 09:25:17,2538.25,226329
2021-06-14 09:25:18,2537.3,226364
2021-06-14 09:25:19,2538.25,226369
2021-06-14 09:25:21,2538.2,226375
2021-06-14 09:25:22,2538.15,226567
2021-06-14 09:25:23,2538.0,226687
2021-06-14 09:25:24,2538.15,226706
2021-06-14 09:25:26,2536.5,227650
2021-06-14 09:25:27,2537.4,228034
2021-06-14 09:25:28,2537.6,228263
2021-06-14 09:25:29,2537.55,228349
2021-06-14 09:25:30,2537.4,228555
2021-06-14 09:25:31,2537.55,228795
2021-06-14 09:25:32,2537.55,228828
2021-06-14 09:25:33,2537.55,228968
2021-06-14 09:25:34,2537.55,229094
2021-06-14 09:25:35,2536.7,229126
2021-06-14 09:25:36,2536.55,229373
2021-06-14 09:25:37,2535.3,229504
2021-06-14 09:25:38,2535.0,230352
2021-06-14 09:25:39,2534.0,231559
2021-06-14 09:25:40,2534.0,232014
2021-06-14 09:25:41,2533.8,233515
2021-06-14 09:25:43,2532.4,234480
2021-06-14 09:25:42,2532.3,233842
2021-06-14 09:25:44,2533.25,235228
2021-06-14 09:25:45,2532.25,235333
2021-06-14 09:25:46,2532.3,235632
2021-06-14 09:25:48,2534.15,237337
2021-06-14 09:25:47,2533.3,237285
2021-06-14 09:25:49,2533.2,237580
2021-06-14 09:25:50,2534.15,237630
2021-06-14 09:25:51,2534.0,237740
2021-06-14 09:25:52,2533.15,237946
2021-06-14 09:25:53,2534.1,238031
2021-06-14 09:25:55,2534.55,238293
2021-06-14 09:25:56,2534.5,238399
2021-06-14 09:25:57,2534.4,238668
2021-06-14 09:25:58,2534.4,238787
2021-06-14 09:25:59,2534.55,239228
2021-06-14 09:26:00,2534.65,239838
2021-06-14 09:26:01,2535.2,239931
2021-06-14 09:26:02,2535.7,240091
2021-06-14 09:26:03,2535.7,240107
2021-06-14 09:26:04,2535.7,240112
2021-06-14 09:26:05,2534.65,240122
2021-06-14 09:26:06,2535.55,240136
2021-06-14 09:26:07,2535.6,240789
2021-06-14 09:26:08,2535.7,240844
2021-06-14 09:26:09,2535.7,240847
2021-06-14 09:26:10,2534.75,240852
2021-06-14 09:26:11,2535.7,240866
2021-06-14 09:26:13,2534.95,240960
2021-06-14 09:26:14,2534.75,241031
2021-06-14 09:26:15,2535.7,241090
2021-06-14 09:26:16,2535.7,241094
2021-06-14 09:26:17,2535.7,241094
2021-06-14 09:26:18,2535.7,241125
2021-06-14 09:26:19,2534.85,241155
2021-06-14 09:26:20,2535.7,241280
2021-06-14 09:26:21,2535.65,241288
2021-06-14 09:26:22,2535.0,241293
2021-06-14 09:26:23,2536.0,241736
2021-06-14 09:26:24,2535.25,242059
2021-06-14 09:26:25,2535.25,242059
2021-06-14 09:26:27,2537.5,242595
2021-06-14 09:26:28,2538.0,242759
2021-06-14 09:26:29,2537.9,242855
2021-06-14 09:26:30,2537.9,243004
2021-06-14 09:26:31,2536.9,243051
2021-06-14 09:26:32,2536.9,243051
2021-06-14 09:26:33,2536.9,243297
2021-06-14 09:26:34,2535.65,243305
2021-06-14 09:26:35,2536.5,243362
2021-06-14 09:26:36,2534.7,243398
2021-06-14 09:26:37,2534.7,243398
2021-06-14 09:26:38,2535.0,243546
2021-06-14 09:26:39,2535.0,243710
2021-06-14 09:26:41,2536.55,244160
2021-06-14 09:26:42,2536.5,244278
2021-06-14 09:26:43,2535.65,244282
2021-06-14 09:26:44,2535.65,244311
2021-06-14 09:26:45,2536.5,244448
2021-06-14 09:26:46,2535.55,244457
2021-06-14 09:26:48,2536.05,244640
2021-06-14 09:26:49,2535.95,244676
2021-06-14 09:26:50,2536.5,244830
2021-06-14 09:26:51,2536.0,244867
2021-06-14 09:26:52,2536.5,244880
2021-06-14 09:26:53,2536.0,244906
2021-06-14 09:26:54,2537.0,245007
2021-06-14 09:26:55,2537.0,245016
2021-06-14 09:26:57,2537.0,245131
2021-06-14 09:26:57,2537.0,245016
2021-06-14 09:26:59,2536.95,245425
2021-06-14 09:27:00,2537.0,245468
2021-06-14 09:27:01,2536.85,245471
2021-06-14 09:27:02,2536.0,245542
2021-06-14 09:27:03,2536.0,245542
2021-06-14 09:27:04,2536.7,245548
2021-06-14 09:27:05,2536.7,245548
2021-06-14 09:27:06,2536.05,245549
2021-06-14 09:27:07,2536.05,245854
2021-06-14 09:27:08,2536.65,246060
2021-06-14 09:27:10,2536.15,246482
2021-06-14 09:27:11,2534.8,247045
2021-06-14 09:27:11,2534.8,247101
2021-06-14 09:27:13,2533.5,248154
2021-06-14 09:27:13,2533.5,248154
2021-06-14 09:27:14,2532.6,249098
2021-06-14 09:27:15,2532.45,249318
2021-06-14 09:27:16,2532.25,249520
2021-06-14 09:27:17,2532.0,249657
2021-06-14 09:27:18,2531.15,249743
2021-06-14 09:27:19,2531.95,249765
2021-06-14 09:27:20,2531.8,249819
2021-06-14 09:27:21,2531.8,249855
2021-06-14 09:27:22,2531.15,249967
2021-06-14 09:27:23,2531.15,250373
2021-06-14 09:27:24,2531.45,250408
2021-06-14 09:27:25,2531.45,250680
2021-06-14 09:27:26,2531.05,250686
2021-06-14 09:27:27,2531.05,250812
2021-06-14 09:27:28,2530.05,251186
2021-06-14 09:27:30,2531.05,252239
2021-06-14 09:27:34,2530.7,252381
2021-06-14 09:27:36,2530.55,252390
2021-06-14 09:27:37,2530.55,252953
2021-06-14 09:27:38,2530.55,253057
2021-06-14 09:27:39,2530.7,253134
2021-06-14 09:27:39,2530.55,253146
2021-06-14 09:27:40,2530.7,253509
2021-06-14 09:27:41,2530.75,254113
2021-06-14 09:27:42,2531.75,254505
2021-06-14 09:27:43,2532.0,254721
2021-06-14 09:27:44,2529.7,258903
2021-06-14 09:27:45,2529.0,260146
2021-06-14 09:27:46,2528.85,260720
2021-06-14 09:27:47,2529.7,260834
2021-06-14 09:27:48,2529.6,260918
2021-06-14 09:27:49,2529.6,260939
2021-06-14 09:27:50,2529.6,261136
2021-06-14 09:27:51,2529.6,261183
2021-06-14 09:27:52,2528.6,261422
2021-06-14 09:27:53,2529.6,261611
2021-06-14 09:27:54,2529.4,261934
2021-06-14 09:27:55,2528.65,262073
2021-06-14 09:27:56,2529.4,262584
2021-06-14 09:27:57,2530.0,262812
2021-06-14 09:27:58,2530.0,263375
2021-06-14 09:27:59,2530.55,263588
2021-06-14 09:28:00,2530.55,263603
2021-06-14 09:28:01,2530.55,263643
2021-06-14 09:28:02,2530.55,263772
2021-06-14 09:28:03,2530.6,263876
2021-06-14 09:28:04,2530.6,263999
2021-06-14 09:28:05,2532.0,264252
2021-06-14 09:28:06,2532.35,264352
2021-06-14 09:28:07,2532.2,264408
2021-06-14 09:28:08,2532.05,264445
2021-06-14 09:28:09,2532.0,264449
2021-06-14 09:28:10,2531.95,264474
2021-06-14 09:28:11,2532.05,264525
2021-06-14 09:28:12,2531.95,264623
2021-06-14 09:28:14,2532.7,264642
2021-06-14 09:28:15,2532.0,264643
2021-06-14 09:28:16,2532.35,264644
2021-06-14 09:28:17,2532.35,264644
2021-06-14 09:28:18,2532.0,264713
2021-06-14 09:28:19,2532.05,264723
2021-06-14 09:28:20,2531.95,264976
2021-06-14 09:28:21,2532.0,265086
2021-06-14 09:28:22,2531.95,265146
2021-06-14 09:28:23,2531.95,265164
2021-06-14 09:28:24,2531.95,265172
2021-06-14 09:28:25,2531.95,265177
2021-06-14 09:28:26,2531.15,265368
2021-06-14 09:28:27,2531.15,265714
2021-06-14 09:28:28,2531.05,266028
2021-06-14 09:28:29,2532.0,266056
2021-06-14 09:28:30,2531.25,266368
2021-06-14 09:28:31,2531.15,266515
2021-06-14 09:28:32,2532.0,266621
2021-06-14 09:28:33,2531.95,266697
2021-06-14 09:28:34,2532.0,266803
2021-06-14 09:28:35,2532.0,266811
2021-06-14 09:28:36,2532.0,266820
2021-06-14 09:28:37,2532.0,267082
2021-06-14 09:28:38,2532.85,267200
2021-06-14 09:28:39,2531.5,267236
2021-06-14 09:28:40,2532.0,267713
2021-06-14 09:28:41,2532.8,267776
2021-06-14 09:28:41,2532.8,267776
2021-06-14 09:28:42,2532.75,267818
2021-06-14 09:28:43,2532.0,267823
2021-06-14 09:28:44,2532.7,267826
2021-06-14 09:28:45,2531.0,268940
2021-06-14 09:28:46,2532.05,268956
2021-06-14 09:28:47,2532.35,269071
2021-06-14 09:28:49,2530.85,269132
2021-06-14 09:28:50,2532.0,270147
2021-06-14 09:28:51,2532.95,270169
2021-06-14 09:28:52,2532.55,270317
2021-06-14 09:28:53,2532.05,270379
2021-06-14 09:28:54,2531.55,270605
2021-06-14 09:28:55,2531.8,270829
2021-06-14 09:28:56,2531.55,271016
2021-06-14 09:28:57,2532.0,271268
2021-06-14 09:29:00,2532.15,272037
2021-06-14 09:29:01,2532.9,272048
2021-06-14 09:29:02,2532.75,272090
2021-06-14 09:29:03,2532.7,272095
2021-06-14 09:29:04,2532.0,272145
2021-06-14 09:29:05,2532.65,272197
2021-06-14 09:29:06,2532.6,272206
2021-06-14 09:29:07,2532.6,272206
2021-06-14 09:29:08,2532.45,272313
2021-06-14 09:29:09,2532.0,272343
2021-06-14 09:29:10,2532.4,272357
2021-06-14 09:29:11,2533.1,273678
2021-06-14 09:29:12,2533.8,273739
2021-06-14 09:29:12,2533.95,273742
2021-06-14 09:29:13,2534.9,273957
2021-06-14 09:29:14,2534.9,273957
2021-06-14 09:29:15,2534.85,273992
2021-06-14 09:29:16,2533.8,273994
2021-06-14 09:29:17,2533.85,274041
2021-06-14 09:29:18,2533.85,274105
2021-06-14 09:29:19,2533.85,274617
2021-06-14 09:29:20,2533.8,274752
2021-06-14 09:29:21,2533.8,274777
2021-06-14 09:29:22,2533.0,275936
2021-06-14 09:29:24,2533.65,276299
2021-06-14 09:29:23,2533.1,276126
2021-06-14 09:29:25,2533.75,276304
2021-06-14 09:29:26,2533.1,276332
2021-06-14 09:29:28,2532.45,277770
2021-06-14 09:29:30,2531.75,278287
2021-06-14 09:29:31,2531.8,278495
2021-06-14 09:29:32,2531.5,278700
2021-06-14 09:29:33,2531.5,278890
2021-06-14 09:29:34,2532.45,279100
2021-06-14 09:29:35,2531.15,279415
2021-06-14 09:29:36,2531.0,279488
2021-06-14 09:29:36,2531.0,279488
2021-06-14 09:29:37,2531.0,279544
2021-06-14 09:29:38,2531.0,279684
2021-06-14 09:29:39,2532.0,279710
2021-06-14 09:29:40,2532.0,279714
2021-06-14 09:29:41,2532.0,279715
2021-06-14 09:29:42,2532.0,279762
2021-06-14 09:29:43,2531.4,279787
2021-06-14 09:29:45,2531.4,279885
2021-06-14 09:29:46,2532.0,280277
2021-06-14 09:29:47,2531.3,280280
2021-06-14 09:29:48,2530.2,280744
2021-06-14 09:29:49,2529.4,283497
2021-06-14 09:29:50,2528.7,284232
2021-06-14 09:29:51,2529.3,285004
2021-06-14 09:29:52,2530.45,285375
2021-06-14 09:29:53,2531.55,285583
2021-06-14 09:29:54,2531.55,285756
2021-06-14 09:29:55,2531.55,285784
2021-06-14 09:29:56,2531.4,285799
2021-06-14 09:29:57,2531.4,285814
2021-06-14 09:29:58,2530.45,285834
2021-06-14 09:29:59,2530.35,285874
2021-06-14 09:30:00,2530.2,285877
2021-06-14 09:30:01,2529.9,285908
2021-06-14 09:30:02,2529.5,285999
2021-06-14 09:30:03,2528.65,286012
2021-06-14 09:30:04,2528.65,286042
2021-06-14 09:30:05,2528.65,286241
2021-06-14 09:30:06,2529.0,286609
2021-06-14 09:30:07,2528.15,286794
2021-06-14 09:30:08,2528.0,288481
2021-06-14 09:30:09,2527.05,289194
2021-06-14 09:30:10,2527.15,290950
2021-06-14 09:30:11,2527.05,291900
2021-06-14 09:30:12,2525.65,292422
2021-06-14 09:30:13,2525.75,292763
2021-06-14 09:30:14,2526.8,292994
2021-06-14 09:30:15,2526.8,293140
2021-06-14 09:30:16,2526.5,294184
2021-06-14 09:30:17,2526.5,294789
2021-06-14 09:30:18,2525.6,295668
2021-06-14 09:30:19,2526.0,295910
2021-06-14 09:30:20,2526.0,295995
2021-06-14 09:30:22,2523.0,303613
2021-06-14 09:30:23,2524.95,308150
2021-06-14 09:30:24,2524.0,308895
2021-06-14 09:30:25,2522.75,311182
2021-06-14 09:30:26,2521.45,312527
2021-06-14 09:30:27,2521.65,313149
2021-06-14 09:30:28,2523.75,313855
2021-06-14 09:30:29,2522.15,314094
2021-06-14 09:30:30,2522.0,315145
2021-06-14 09:30:31,2522.15,315792
2021-06-14 09:30:32,2522.9,317972
2021-06-14 09:30:33,2522.9,318369
2021-06-14 09:30:34,2523.55,318443
2021-06-14 09:30:35,2523.95,318694
2021-06-14 09:30:36,2523.55,319860
2021-06-14 09:30:38,2524.35,320481
2021-06-14 09:30:39,2525.3,320837
2021-06-14 09:30:40,2523.95,321018
2021-06-14 09:30:41,2525.4,321190
2021-06-14 09:30:42,2524.9,321504
2021-06-14 09:30:43,2524.9,322038
2021-06-14 09:30:44,2525.05,322681
2021-06-14 09:30:45,2524.35,322804
2021-06-14 09:30:46,2524.9,322845
2021-06-14 09:30:47,2525.55,323207
2021-06-14 09:30:48,2526.3,323355
2021-06-14 09:30:49,2525.25,323571
2021-06-14 09:30:50,2526.6,324017
2021-06-14 09:30:51,2525.7,324168
2021-06-14 09:30:53,2527.3,324359
2021-06-14 09:30:54,2526.3,324399
2021-06-14 09:30:55,2527.3,324552
2021-06-14 09:30:57,2527.0,325195
2021-06-14 09:30:59,2527.0,325510
2021-06-14 09:31:00,2526.35,325545
2021-06-14 09:31:01,2527.65,325716
2021-06-14 09:31:02,2527.0,325757
2021-06-14 09:31:03,2527.35,325803
2021-06-14 09:31:04,2527.25,325878
2021-06-14 09:31:05,2527.0,325931
2021-06-14 09:31:06,2527.0,326008
2021-06-14 09:31:07,2527.85,326026
2021-06-14 09:31:08,2527.1,326139
2021-06-14 09:31:09,2527.0,326203
2021-06-14 09:31:10,2527.85,326292
2021-06-14 09:31:11,2527.05,326338
2021-06-14 09:31:12,2527.85,326379
2021-06-14 09:31:13,2527.85,326417
2021-06-14 09:31:14,2527.65,326542
2021-06-14 09:31:15,2527.0,326708
2021-06-14 09:31:16,2527.0,326783
2021-06-14 09:31:17,2527.0,326815
2021-06-14 09:31:18,2527.0,326933
2021-06-14 09:31:19,2527.7,327195
2021-06-14 09:31:20,2528.0,327205
2021-06-14 09:31:21,2528.0,327336
2021-06-14 09:31:22,2528.0,327513
2021-06-14 09:31:23,2528.0,327688
2021-06-14 09:31:24,2528.1,327919
2021-06-14 09:31:25,2527.75,327960
2021-06-14 09:31:26,2527.55,328159
2021-06-14 09:31:27,2527.7,328199
2021-06-14 09:31:28,2527.0,328453
2021-06-14 09:31:29,2527.0,328471
2021-06-14 09:31:31,2527.65,328498
2021-06-14 09:31:30,2527.0,328471
2021-06-14 09:31:32,2527.65,328498
2021-06-14 09:31:33,2527.75,328867
2021-06-14 09:31:34,2527.25,328919
2021-06-14 09:31:35,2527.75,329202
2021-06-14 09:31:36,2527.65,329207
2021-06-14 09:31:38,2528.35,329804
2021-06-14 09:31:39,2528.0,329871
2021-06-14 09:31:40,2527.8,330181
2021-06-14 09:31:41,2527.8,330391
2021-06-14 09:31:42,2527.8,330659
2021-06-14 09:31:43,2527.75,330814
2021-06-14 09:31:44,2528.65,330849
2021-06-14 09:31:45,2527.55,330867
2021-06-14 09:31:46,2527.8,330884
2021-06-14 09:31:47,2527.25,330905
2021-06-14 09:31:48,2528.25,330942
2021-06-14 09:31:48,2528.25,330942
2021-06-14 09:31:49,2527.0,330961
2021-06-14 09:31:50,2527.6,330973
2021-06-14 09:31:51,2527.6,330973
2021-06-14 09:31:52,2526.95,331270
2021-06-14 09:31:53,2527.0,331857
2021-06-14 09:31:54,2527.95,331965
2021-06-14 09:31:55,2527.25,332122
2021-06-14 09:31:57,2527.25,332148
2021-06-14 09:31:59,2526.5,332430
2021-06-14 09:32:00,2528.3,332591
2021-06-14 09:32:01,2525.8,333013
2021-06-14 09:32:02,2527.9,333077
2021-06-14 09:32:05,2527.05,333450
2021-06-14 09:32:06,2527.05,333463
2021-06-14 09:32:07,2527.6,333494
2021-06-14 09:32:08,2527.05,333628
2021-06-14 09:32:09,2527.0,333691
2021-06-14 09:32:10,2527.05,333788
2021-06-14 09:32:11,2527.6,334099
2021-06-14 09:32:12,2527.0,334963
2021-06-14 09:32:13,2526.05,335039
2021-06-14 09:32:14,2525.25,335300
2021-06-14 09:32:15,2525.5,335646
2021-06-14 09:32:17,2525.65,335782
2021-06-14 09:32:18,2525.5,335866
2021-06-14 09:32:19,2525.4,336117
2021-06-14 09:32:20,2525.1,336130
2021-06-14 09:32:21,2525.0,337549
2021-06-14 09:32:23,2524.8,337816
2021-06-14 09:32:24,2525.2,338023
2021-06-14 09:32:25,2524.0,338089
2021-06-14 09:32:26,2524.95,338115
2021-06-14 09:32:27,2524.95,338351
2021-06-14 09:32:28,2524.1,338457
2021-06-14 09:32:29,2524.95,338486
2021-06-14 09:32:30,2524.95,338536
2021-06-14 09:32:31,2524.95,338546
2021-06-14 09:32:32,2524.95,338696
2021-06-14 09:32:33,2524.25,338828
2021-06-14 09:32:34,2524.95,338982
2021-06-14 09:32:36,2525.9,340279
2021-06-14 09:32:37,2526.95,340377
2021-06-14 09:32:38,2527.0,340597
2021-06-14 09:32:39,2527.6,340840
2021-06-14 09:32:40,2528.0,340910
2021-06-14 09:32:41,2527.2,340967
2021-06-14 09:32:43,2528.4,341073
2021-06-14 09:32:44,2528.1,341087
2021-06-14 09:32:45,2528.1,341132
2021-06-14 09:32:45,2529.0,341829
2021-06-14 09:32:46,2528.65,341885
2021-06-14 09:32:48,2529.1,342011
2021-06-14 09:32:49,2531.0,342052
2021-06-14 09:32:50,2530.05,342172
2021-06-14 09:32:51,2529.35,342240
2021-06-14 09:32:52,2530.1,342350
2021-06-14 09:32:53,2529.4,342418
2021-06-14 09:32:54,2530.5,342543
2021-06-14 09:32:55,2530.5,342749
2021-06-14 09:32:56,2528.1,343014
2021-06-14 09:32:57,2528.95,343122
2021-06-14 09:32:58,2526.85,343412
2021-06-14 09:32:59,2527.4,343619
2021-06-14 09:33:00,2526.3,343681
2021-06-14 09:33:01,2527.3,343787
2021-06-14 09:33:02,2528.4,343980
2021-06-14 09:33:03,2527.8,343990
2021-06-14 09:33:04,2527.0,344077
2021-06-14 09:33:05,2526.0,346336
2021-06-14 09:33:06,2526.0,346848
2021-06-14 09:33:07,2526.3,347229
2021-06-14 09:33:08,2526.95,348138
2021-06-14 09:33:08,2527.3,347922
2021-06-14 09:33:09,2527.05,348379
2021-06-14 09:33:11,2526.15,348514
2021-06-14 09:33:13,2527.35,349135
2021-06-14 09:33:14,2527.5,349243
2021-06-14 09:33:16,2528.25,349348
2021-06-14 09:33:16,2528.25,349342
2021-06-14 09:33:17,2527.4,349550
2021-06-14 09:33:18,2528.55,349756
2021-06-14 09:33:19,2528.5,349786
2021-06-14 09:33:20,2527.35,350014
2021-06-14 09:33:21,2527.0,350032
2021-06-14 09:33:22,2527.25,350136
2021-06-14 09:33:23,2527.15,350143
2021-06-14 09:33:25,2527.0,350251
2021-06-14 09:33:26,2527.1,350466
2021-06-14 09:33:27,2527.1,350476
2021-06-14 09:33:29,2526.5,350519
2021-06-14 09:33:30,2527.1,350570
2021-06-14 09:33:31,2526.0,351028
2021-06-14 09:33:32,2525.05,351225
2021-06-14 09:33:33,2525.05,351244
2021-06-14 09:33:34,2526.15,351400
2021-06-14 09:33:35,2526.45,351430
2021-06-14 09:33:36,2525.05,351450
2021-06-14 09:33:37,2525.05,351459
2021-06-14 09:33:38,2525.05,351517
2021-06-14 09:33:39,2526.1,351544
2021-06-14 09:33:40,2524.05,352226
2021-06-14 09:33:41,2525.15,352287
2021-06-14 09:33:42,2525.05,352328
2021-06-14 09:33:43,2524.05,352530
2021-06-14 09:33:44,2524.95,352535
2021-06-14 09:33:44,2524.95,352535
2021-06-14 09:33:45,2524.95,352536
2021-06-14 09:33:46,2524.55,352927
2021-06-14 09:33:47,2523.1,352999
2021-06-14 09:33:49,2524.3,353086
2021-06-14 09:33:50,2523.0,353415
2021-06-14 09:33:51,2524.2,353427
2021-06-14 09:33:52,2524.2,353427
2021-06-14 09:33:55,2523.2,353752
2021-06-14 09:33:56,2523.9,353758
2021-06-14 09:33:58,2523.9,353923
2021-06-14 09:33:59,2523.9,353954
2021-06-14 09:34:00,2523.0,354024
2021-06-14 09:34:01,2522.25,354584
2021-06-14 09:34:02,2522.75,354814
2021-06-14 09:34:03,2522.75,354881
2021-06-14 09:34:04,2522.8,354989
2021-06-14 09:34:05,2522.7,355117
2021-06-14 09:34:06,2522.7,355117
2021-06-14 09:34:07,2522.35,355172
2021-06-14 09:34:07,2522.35,355182
2021-06-14 09:34:09,2522.7,355429
2021-06-14 09:34:10,2522.35,355475
2021-06-14 09:34:11,2522.7,355537
2021-06-14 09:34:12,2522.35,355573
2021-06-14 09:34:13,2522.0,355931
2021-06-14 09:34:14,2521.95,356154
2021-06-14 09:34:15,2522.1,360180
2021-06-14 09:34:16,2522.0,360357
2021-06-14 09:34:17,2522.5,360460
2021-06-14 09:34:18,2522.0,360489
2021-06-14 09:34:19,2521.85,360493
2021-06-14 09:34:20,2521.6,361766
2021-06-14 09:34:21,2520.65,361781
2021-06-14 09:34:22,2520.65,362034
2021-06-14 09:34:23,2520.65,362349
2021-06-14 09:34:24,2519.1,370170
2021-06-14 09:34:24,2519.0,370140
2021-06-14 09:34:26,2519.0,370304
2021-06-14 09:34:27,2519.1,370755
2021-06-14 09:34:28,2519.15,371737
2021-06-14 09:34:29,2519.7,371831
2021-06-14 09:34:30,2519.55,371937
2021-06-14 09:34:31,2519.0,373012
2021-06-14 09:34:32,2518.0,373039
2021-06-14 09:34:33,2519.6,373310
2021-06-14 09:34:34,2518.05,373428
2021-06-14 09:34:35,2518.6,373564
2021-06-14 09:34:36,2519.0,374629
2021-06-14 09:34:38,2518.05,377856
2021-06-14 09:34:39,2518.6,377954
2021-06-14 09:34:40,2517.05,378611
2021-06-14 09:34:41,2517.65,378776
2021-06-14 09:34:42,2517.8,379564
2021-06-14 09:34:43,2517.8,379817
2021-06-14 09:34:44,2517.9,380089
2021-06-14 09:34:45,2516.35,380184
2021-06-14 09:34:46,2516.95,380202
2021-06-14 09:34:47,2517.55,380270
2021-06-14 09:34:48,2516.45,380355
2021-06-14 09:34:49,2517.25,380392
2021-06-14 09:34:50,2517.5,380462
2021-06-14 09:34:51,2517.5,380782
2021-06-14 09:34:52,2520.0,381534
2021-06-14 09:34:53,2520.0,381569
2021-06-14 09:34:54,2519.75,381690
2021-06-14 09:34:55,2519.75,381695
2021-06-14 09:34:56,2520.0,381805
2021-06-14 09:34:57,2519.1,381911
2021-06-14 09:35:00,2518.05,382079
2021-06-14 09:35:02,2518.65,382585
2021-06-14 09:35:03,2519.3,382736
2021-06-14 09:35:04,2518.7,383062
2021-06-14 09:35:05,2519.5,383084
2021-06-14 09:35:07,2518.0,385774
2021-06-14 09:35:08,2518.7,385826
2021-06-14 09:35:09,2519.3,385931
2021-06-14 09:35:10,2519.3,385971
2021-06-14 09:35:11,2518.25,385975
2021-06-14 09:35:12,2517.95,386078
2021-06-14 09:35:13,2520.0,386795
2021-06-14 09:35:14,2520.65,387023
2021-06-14 09:35:14,2520.65,387023
2021-06-14 09:35:15,2520.3,387076
2021-06-14 09:35:17,2521.6,387396
2021-06-14 09:35:18,2521.4,387632
2021-06-14 09:35:19,2520.85,387648
2021-06-14 09:35:20,2521.3,387653
2021-06-14 09:35:21,2520.85,387656
2021-06-14 09:35:22,2521.4,387869
2021-06-14 09:35:23,2521.5,388227
2021-06-14 09:35:24,2523.05,388513
2021-06-14 09:35:25,2523.6,388606
2021-06-14 09:35:26,2522.05,388624
2021-06-14 09:35:27,2521.9,388754
2021-06-14 09:35:30,2523.8,388964
2021-06-14 09:35:29,2523.8,388964
2021-06-14 09:35:32,2522.2,389222
2021-06-14 09:35:33,2521.5,389227
2021-06-14 09:35:35,2523.0,389509
2021-06-14 09:35:36,2522.85,389663
2021-06-14 09:35:37,2523.0,389795
2021-06-14 09:35:38,2523.0,389953
2021-06-14 09:35:39,2523.55,390006
2021-06-14 09:35:40,2523.8,390212
2021-06-14 09:35:41,2523.5,390222
2021-06-14 09:35:43,2523.5,390249
2021-06-14 09:35:44,2523.75,390350
2021-06-14 09:35:45,2523.75,390352
2021-06-14 09:35:46,2523.5,390481
2021-06-14 09:35:47,2523.1,391132
2021-06-14 09:35:48,2522.35,391198
2021-06-14 09:35:50,2523.0,391417
2021-06-14 09:35:51,2524.75,391652
2021-06-14 09:35:52,2524.35,391698
2021-06-14 09:35:53,2523.25,391779
2021-06-14 09:35:55,2523.95,391820
2021-06-14 09:35:56,2523.5,391931
2021-06-14 09:35:57,2524.6,392061
2021-06-14 09:35:58,2523.9,392157
2021-06-14 09:35:59,2524.0,392377
2021-06-14 09:36:00,2524.95,392390
2021-06-14 09:36:01,2524.3,392456
2021-06-14 09:36:03,2524.2,392788
2021-06-14 09:36:04,2524.3,392789
2021-06-14 09:36:05,2524.2,392799
2021-06-14 09:36:06,2523.05,392844
2021-06-14 09:36:08,2523.5,393033
2021-06-14 09:36:09,2523.0,393050
2021-06-14 09:36:10,2524.0,393180
2021-06-14 09:36:11,2524.0,393180
2021-06-14 09:36:12,2524.0,393356
2021-06-14 09:36:13,2524.0,393356
2021-06-14 09:36:14,2523.25,393541
2021-06-14 09:36:15,2524.0,393553
2021-06-14 09:36:16,2524.1,393804
2021-06-14 09:36:17,2523.35,393970
2021-06-14 09:36:18,2523.25,394200
2021-06-14 09:36:19,2523.25,394339
2021-06-14 09:36:20,2524.0,394387
2021-06-14 09:36:21,2524.0,394389
2021-06-14 09:36:22,2524.0,394399
2021-06-14 09:36:23,2524.7,395589
2021-06-14 09:36:24,2524.5,395590
2021-06-14 09:36:25,2525.0,395599
2021-06-14 09:36:26,2524.6,395700
2021-06-14 09:36:27,2524.6,395724
2021-06-14 09:36:28,2524.95,395976
2021-06-14 09:36:29,2527.25,396100
2021-06-14 09:36:30,2526.4,396177
2021-06-14 09:36:31,2527.2,396187
2021-06-14 09:36:32,2527.2,396196
2021-06-14 09:36:33,2527.2,396223
2021-06-14 09:36:34,2527.2,396353
2021-06-14 09:36:35,2527.2,396515
2021-06-14 09:36:36,2527.2,396609
2021-06-14 09:36:38,2526.7,396643
2021-06-14 09:36:40,2526.8,396893
2021-06-14 09:36:41,2527.2,396904
2021-06-14 09:36:42,2527.2,397017
2021-06-14 09:36:43,2527.2,397019
2021-06-14 09:36:44,2526.55,397052
2021-06-14 09:36:45,2526.55,397067
2021-06-14 09:36:46,2527.15,397104
2021-06-14 09:36:47,2527.0,397109
2021-06-14 09:36:48,2527.0,397134
2021-06-14 09:36:49,2527.2,397146
2021-06-14 09:36:50,2527.0,397148
2021-06-14 09:36:51,2526.2,397248
2021-06-14 09:36:52,2527.0,397249
2021-06-14 09:36:53,2526.0,397274
2021-06-14 09:36:54,2526.0,397312
2021-06-14 09:36:55,2526.9,397382
2021-06-14 09:36:56,2527.0,397653
2021-06-14 09:36:57,2526.5,397668
2021-06-14 09:36:58,2526.0,397732
2021-06-14 09:36:59,2525.7,397784
2021-06-14 09:37:01,2526.35,397804
2021-06-14 09:37:06,2525.0,400217
2021-06-14 09:37:08,2524.45,400279
2021-06-14 09:37:09,2524.45,400286
2021-06-14 09:37:10,2524.0,400343
2021-06-14 09:37:11,2524.1,400372
2021-06-14 09:37:12,2524.1,400390
2021-06-14 09:37:13,2523.15,401000
2021-06-14 09:37:14,2524.1,401056
2021-06-14 09:37:15,2524.1,401083
2021-06-14 09:37:16,2524.0,401087
2021-06-14 09:37:17,2524.0,401313
2021-06-14 09:37:18,2523.95,401415
2021-06-14 09:37:19,2523.95,401421
2021-06-14 09:37:20,2523.95,401473
2021-06-14 09:37:21,2523.35,401575
2021-06-14 09:37:22,2522.9,402123
2021-06-14 09:37:23,2522.05,402162
2021-06-14 09:37:24,2522.9,402222
2021-06-14 09:37:25,2522.9,402222
2021-06-14 09:37:27,2523.0,402226
2021-06-14 09:37:26,2523.0,402225
2021-06-14 09:37:28,2522.05,402340
2021-06-14 09:37:29,2523.0,402448
2021-06-14 09:37:30,2522.05,402462
2021-06-14 09:37:31,2522.9,402582
2021-06-14 09:37:32,2522.75,402799
2021-06-14 09:37:35,2522.6,402833
2021-06-14 09:37:36,2522.6,402833
2021-06-14 09:37:37,2521.25,402979
2021-06-14 09:37:38,2522.05,403047
2021-06-14 09:37:39,2522.05,403055
2021-06-14 09:37:40,2522.2,403196
2021-06-14 09:37:41,2522.0,403350
2021-06-14 09:37:42,2522.0,403372
2021-06-14 09:37:43,2522.05,403418
2021-06-14 09:37:44,2521.95,404508
2021-06-14 09:37:45,2521.95,404508
2021-06-14 09:37:46,2520.6,404611
2021-06-14 09:37:47,2520.05,404661
2021-06-14 09:37:48,2521.85,405624
2021-06-14 09:37:49,2520.9,405732
2021-06-14 09:37:50,2521.75,405775
2021-06-14 09:37:51,2521.75,405830
2021-06-14 09:37:52,2521.6,405886
2021-06-14 09:37:53,2521.05,405956
2021-06-14 09:37:54,2519.5,406580
2021-06-14 09:37:55,2519.7,406661
2021-06-14 09:37:56,2519.7,406719
2021-06-14 09:37:57,2519.7,406786
2021-06-14 09:37:58,2518.75,406830
2021-06-14 09:37:59,2519.7,407345
2021-06-14 09:38:00,2519.7,407358
2021-06-14 09:38:01,2520.0,408183
2021-06-14 09:38:02,2520.0,408183
2021-06-14 09:38:03,2520.3,408188
2021-06-14 09:38:04,2520.4,408342
2021-06-14 09:38:05,2523.1,408483
2021-06-14 09:38:06,2521.45,408522
2021-06-14 09:38:07,2522.35,408636
2021-06-14 09:38:08,2521.45,408716
2021-06-14 09:38:09,2522.3,408728
2021-06-14 09:38:10,2521.6,409003
2021-06-14 09:38:11,2521.95,409104
2021-06-14 09:38:12,2521.9,409164
2021-06-14 09:38:13,2521.9,409166
2021-06-14 09:38:14,2521.9,409203
2021-06-14 09:38:15,2521.85,409291
2021-06-14 09:38:16,2521.45,409297
2021-06-14 09:38:17,2521.9,409502
2021-06-14 09:38:18,2522.05,409520
2021-06-14 09:38:19,2521.95,409541
2021-06-14 09:38:21,2521.05,409706
2021-06-14 09:38:21,2521.9,409711
2021-06-14 09:38:22,2521.9,409724
2021-06-14 09:38:23,2521.45,409741
2021-06-14 09:38:25,2521.95,410772
2021-06-14 09:38:26,2522.05,410799
2021-06-14 09:38:27,2522.05,410832
2021-06-14 09:38:28,2522.05,410983
2021-06-14 09:38:29,2522.0,410985
2021-06-14 09:38:30,2522.0,411228
2021-06-14 09:38:32,2522.0,411299
2021-06-14 09:38:33,2522.0,411366
2021-06-14 09:38:34,2522.0,411366
2021-06-14 09:38:35,2522.0,411441
2021-06-14 09:38:36,2522.0,411618
2021-06-14 09:38:37,2521.0,411628
2021-06-14 09:38:39,2522.0,411713
2021-06-14 09:38:39,2522.0,411729
2021-06-14 09:38:40,2522.0,411729
2021-06-14 09:38:41,2522.0,411733
2021-06-14 09:38:42,2522.0,411748
2021-06-14 09:38:43,2522.0,411769
2021-06-14 09:38:44,2522.5,412965
2021-06-14 09:38:45,2523.9,413096
2021-06-14 09:38:46,2524.1,413126
2021-06-14 09:38:47,2522.85,413183
2021-06-14 09:38:48,2524.1,414224
2021-06-14 09:38:50,2523.1,414342
2021-06-14 09:38:50,2523.1,414342
2021-06-14 09:38:51,2524.1,414352
2021-06-14 09:38:52,2524.1,414450
2021-06-14 09:38:53,2524.6,414772
2021-06-14 09:38:55,2525.75,415858
2021-06-14 09:38:57,2524.6,415866
2021-06-14 09:38:58,2525.4,415906
2021-06-14 09:38:59,2525.4,415992
2021-06-14 09:39:00,2525.4,416049
2021-06-14 09:39:01,2524.95,416054
2021-06-14 09:39:02,2526.6,416215
2021-06-14 09:39:03,2526.6,416215
2021-06-14 09:39:04,2526.6,416225
2021-06-14 09:39:05,2526.6,416261
2021-06-14 09:39:06,2526.6,416349
2021-06-14 09:39:07,2525.95,416368
2021-06-14 09:39:09,2526.6,416403
2021-06-14 09:39:10,2526.55,416635
2021-06-14 09:39:11,2525.95,417712
2021-06-14 09:39:12,2525.7,417979
2021-06-14 09:39:13,2525.0,417990
2021-06-14 09:39:14,2524.0,418370
2021-06-14 09:39:15,2524.95,418383
2021-06-14 09:39:16,2524.4,418384
2021-06-14 09:39:17,2524.95,418445
2021-06-14 09:39:19,2524.35,418486
2021-06-14 09:39:20,2524.6,418537
2021-06-14 09:39:21,2524.95,418660
2021-06-14 09:39:22,2524.95,418677
2021-06-14 09:39:23,2524.2,418683
2021-06-14 09:39:24,2524.55,418693
2021-06-14 09:39:25,2524.65,418697
2021-06-14 09:39:26,2526.7,418949
2021-06-14 09:39:27,2526.65,419049
2021-06-14 09:39:28,2524.75,419167
2021-06-14 09:39:28,2526.0,419139
2021-06-14 09:39:29,2525.75,419173
2021-06-14 09:39:32,2526.15,419491
2021-06-14 09:39:33,2526.6,419501
2021-06-14 09:39:34,2526.6,419742
2021-06-14 09:39:37,2527.2,421605
2021-06-14 09:39:39,2526.0,421610
2021-06-14 09:39:39,2526.0,421610
2021-06-14 09:39:40,2526.0,421610
2021-06-14 09:39:41,2527.05,421632
2021-06-14 09:39:42,2527.0,421675
2021-06-14 09:39:43,2526.85,421720
2021-06-14 09:39:44,2526.95,421777
2021-06-14 09:39:45,2525.95,421853
2021-06-14 09:39:46,2525.95,421867
2021-06-14 09:39:47,2525.95,421869
2021-06-14 09:39:48,2525.0,422802
2021-06-14 09:39:49,2524.75,422807
2021-06-14 09:39:50,2525.25,422883
2021-06-14 09:39:51,2525.25,422958
2021-06-14 09:39:52,2525.0,422959
2021-06-14 09:39:53,2525.25,422960
2021-06-14 09:39:54,2524.95,424663
2021-06-14 09:39:57,2523.85,424863
2021-06-14 09:39:58,2523.1,424928
2021-06-14 09:39:59,2523.75,424933
2021-06-14 09:40:00,2522.4,424988
2021-06-14 09:40:01,2523.1,424990
2021-06-14 09:40:02,2522.35,424996
2021-06-14 09:40:05,2522.35,425088
2021-06-14 09:40:06,2522.4,425126
2021-06-14 09:40:07,2522.95,425161
2021-06-14 09:40:09,2522.95,425161
2021-06-14 09:40:10,2522.95,425164
2021-06-14 09:40:10,2522.4,425183
2021-06-14 09:40:11,2522.7,425432
2021-06-14 09:40:12,2522.7,425434
2021-06-14 09:40:13,2522.7,425474
2021-06-14 09:40:14,2522.7,425725
2021-06-14 09:40:15,2522.7,426470
2021-06-14 09:40:16,2523.0,426537
2021-06-14 09:40:17,2523.0,426538
2021-06-14 09:40:18,2523.05,426738
2021-06-14 09:40:19,2522.4,426851
2021-06-14 09:40:21,2523.05,427255
2021-06-14 09:40:22,2521.5,438219
2021-06-14 09:40:23,2521.45,438261
2021-06-14 09:40:24,2521.4,438298
2021-06-14 09:40:26,2521.0,439372
2021-06-14 09:40:28,2521.0,440423
2021-06-14 09:40:29,2521.0,440439
2021-06-14 09:40:29,2521.0,440439
2021-06-14 09:40:30,2520.75,440659
2021-06-14 09:40:31,2520.75,440754
2021-06-14 09:40:32,2520.7,442250
2021-06-14 09:40:33,2519.0,444168
2021-06-14 09:40:34,2518.5,444589
2021-06-14 09:40:35,2518.1,444756
2021-06-14 09:40:36,2518.05,444774
2021-06-14 09:40:37,2518.9,444996
2021-06-14 09:40:38,2518.9,445042
2021-06-14 09:40:39,2518.9,445083
2021-06-14 09:40:40,2518.9,445095
2021-06-14 09:40:41,2518.9,445101
2021-06-14 09:40:42,2518.0,445283
2021-06-14 09:40:44,2518.85,445306
2021-06-14 09:40:46,2518.65,445693
2021-06-14 09:40:48,2518.75,445720
2021-06-14 09:40:49,2518.75,445944
2021-06-14 09:40:50,2518.3,446114
2021-06-14 09:40:50,2518.75,446099
2021-06-14 09:40:51,2518.2,446147
2021-06-14 09:40:52,2518.75,446194
2021-06-14 09:40:53,2518.75,446329
2021-06-14 09:40:54,2518.9,446799
2021-06-14 09:40:56,2518.85,446838
2021-06-14 09:40:58,2518.1,446855
2021-06-14 09:40:59,2518.9,446964
2021-06-14 09:40:59,2518.3,447189
2021-06-14 09:41:00,2518.75,448545
2021-06-14 09:41:01,2518.95,448647
2021-06-14 09:41:02,2518.9,448678
2021-06-14 09:41:03,2518.9,448779
2021-06-14 09:41:04,2518.3,448807
2021-06-14 09:41:05,2518.0,449120
2021-06-14 09:41:06,2518.0,449175
2021-06-14 09:41:07,2518.35,449837
2021-06-14 09:41:09,2516.35,453424
2021-06-14 09:41:10,2515.25,453549
2021-06-14 09:41:11,2515.0,455912
2021-06-14 09:41:12,2515.0,457350
2021-06-14 09:41:13,2514.9,460031
2021-06-14 09:41:13,2514.6,459969
2021-06-14 09:41:14,2514.9,460280
2021-06-14 09:41:15,2514.85,460598
2021-06-14 09:41:16,2513.45,461108
2021-06-14 09:41:18,2513.45,461902
2021-06-14 09:41:19,2514.2,462318
2021-06-14 09:41:20,2514.5,462470
2021-06-14 09:41:22,2515.0,462824
2021-06-14 09:41:23,2513.05,462974
2021-06-14 09:41:24,2514.15,463103
2021-06-14 09:41:25,2514.15,463145
2021-06-14 09:41:26,2514.1,463436
2021-06-14 09:41:27,2513.7,464173
2021-06-14 09:41:28,2515.0,464206
2021-06-14 09:41:29,2515.0,464226
2021-06-14 09:41:30,2514.25,464351
2021-06-14 09:41:31,2516.05,464985
2021-06-14 09:41:31,2516.05,464985
2021-06-14 09:41:32,2516.05,464985
2021-06-14 09:41:33,2515.45,465255
2021-06-14 09:41:34,2516.3,465259
2021-06-14 09:41:35,2516.3,465490
2021-06-14 09:41:36,2516.3,465491
2021-06-14 09:41:37,2516.35,465588
2021-06-14 09:41:38,2516.6,465658
2021-06-14 09:41:39,2516.75,465694
2021-06-14 09:41:40,2516.75,465759
2021-06-14 09:41:41,2516.5,465853
2021-06-14 09:41:43,2516.75,465864
2021-06-14 09:41:44,2517.2,466182
2021-06-14 09:41:45,2516.8,466183
2021-06-14 09:41:46,2516.7,466311
2021-06-14 09:41:47,2516.7,466354
2021-06-14 09:41:48,2516.3,466402
2021-06-14 09:41:49,2516.7,466498
2021-06-14 09:41:50,2516.75,466728
2021-06-14 09:41:51,2517.15,466873
2021-06-14 09:41:52,2516.7,467248
2021-06-14 09:41:53,2518.45,467271
2021-06-14 09:41:54,2517.2,467322
2021-06-14 09:41:55,2518.15,467323
2021-06-14 09:41:56,2518.15,467351
2021-06-14 09:41:56,2518.15,467352
2021-06-14 09:41:57,2518.15,467686
2021-06-14 09:41:59,2517.15,467815
2021-06-14 09:42:00,2517.2,467835
2021-06-14 09:42:01,2518.15,467840
2021-06-14 09:42:02,2518.75,468018
2021-06-14 09:42:03,2518.75,468051
2021-06-14 09:42:04,2518.8,468096
2021-06-14 09:42:05,2518.75,468238
2021-06-14 09:42:07,2519.7,468276
2021-06-14 09:42:08,2520.0,468302
2021-06-14 09:42:09,2517.3,468800
2021-06-14 09:42:10,2518.8,468910
2021-06-14 09:42:11,2518.65,468943
2021-06-14 09:42:11,2518.65,468944
2021-06-14 09:42:12,2518.65,468953
2021-06-14 09:42:13,2518.65,468953
2021-06-14 09:42:14,2518.65,468968
2021-06-14 09:42:16,2519.05,469134
2021-06-14 09:42:17,2519.05,469134
2021-06-14 09:42:18,2519.05,469170
2021-06-14 09:42:19,2519.05,469170
2021-06-14 09:42:21,2519.7,469814
2021-06-14 09:42:22,2519.7,469814
2021-06-14 09:42:23,2520.75,469927
2021-06-14 09:42:24,2520.0,469943
2021-06-14 09:42:25,2520.25,470097
2021-06-14 09:42:26,2520.25,470103
2021-06-14 09:42:28,2520.25,470141
2021-06-14 09:42:29,2521.1,470316
2021-06-14 09:42:29,2521.1,470316
2021-06-14 09:42:30,2521.1,470348
2021-06-14 09:42:31,2521.65,470381
2021-06-14 09:42:32,2521.1,470451
2021-06-14 09:42:33,2521.5,470471
2021-06-14 09:42:34,2521.6,470487
2021-06-14 09:42:35,2521.45,470612
2021-06-14 09:42:36,2521.95,471617
2021-06-14 09:42:37,2521.65,471801
2021-06-14 09:42:38,2521.55,471856
2021-06-14 09:42:39,2521.5,472115
2021-06-14 09:42:40,2521.5,472204
2021-06-14 09:42:42,2521.5,472454
2021-06-14 09:42:43,2520.55,472462
2021-06-14 09:42:44,2521.5,472494
2021-06-14 09:42:45,2521.5,472655
2021-06-14 09:42:46,2521.3,472765
2021-06-14 09:42:47,2521.5,472777
2021-06-14 09:42:49,2521.5,472863
2021-06-14 09:42:50,2521.6,473034
2021-06-14 09:42:51,2522.0,473059
2021-06-14 09:42:52,2522.0,473099
2021-06-14 09:42:53,2522.0,473109
2021-06-14 09:42:54,2522.0,473303
2021-06-14 09:42:55,2522.85,473351
2021-06-14 09:42:56,2522.0,473662
2021-06-14 09:42:57,2523.0,473683
2021-06-14 09:42:58,2523.0,473717
2021-06-14 09:42:59,2523.0,473743
2021-06-14 09:43:00,2523.1,474091
2021-06-14 09:43:01,2522.9,474227
2021-06-14 09:43:02,2522.0,474422
2021-06-14 09:43:03,2522.9,474442
2021-06-14 09:43:04,2522.9,474501
2021-06-14 09:43:07,2523.0,474944
2021-06-14 09:43:10,2521.25,476595
2021-06-14 09:43:11,2521.5,477265
2021-06-14 09:43:12,2521.5,477276
2021-06-14 09:43:13,2521.5,477363
2021-06-14 09:43:14,2521.45,477374
2021-06-14 09:43:15,2521.45,477389
2021-06-14 09:43:16,2521.45,477425
2021-06-14 09:43:17,2521.45,477445
2021-06-14 09:43:18,2521.45,477703
2021-06-14 09:43:19,2521.45,478194
2021-06-14 09:43:20,2521.45,478242
2021-06-14 09:43:21,2521.45,478430
2021-06-14 09:43:22,2521.45,478451
2021-06-14 09:43:23,2521.45,478491
2021-06-14 09:43:25,2521.45,478495
2021-06-14 09:43:26,2521.45,478501
2021-06-14 09:43:27,2521.45,478524
2021-06-14 09:43:28,2521.05,478576
2021-06-14 09:43:29,2521.05,478843
2021-06-14 09:43:30,2521.45,478848
2021-06-14 09:43:31,2521.5,478927
2021-06-14 09:43:32,2521.5,479218
2021-06-14 09:43:33,2521.5,479220
2021-06-14 09:43:34,2521.45,479324
2021-06-14 09:43:35,2521.5,479359
2021-06-14 09:43:36,2521.05,479419
2021-06-14 09:43:37,2521.3,479429
2021-06-14 09:43:39,2521.4,479493
2021-06-14 09:43:40,2521.35,479498
2021-06-14 09:43:42,2521.3,479504
2021-06-14 09:43:43,2521.05,479623
2021-06-14 09:43:44,2521.2,480126
2021-06-14 09:43:45,2521.2,480237
2021-06-14 09:43:46,2521.2,480242
2021-06-14 09:43:47,2521.2,480397
2021-06-14 09:43:49,2521.2,480478
2021-06-14 09:43:50,2521.2,482131
2021-06-14 09:43:51,2521.5,482221
2021-06-14 09:43:52,2521.5,482221
2021-06-14 09:43:53,2521.4,482471
2021-06-14 09:43:54,2521.4,482486
2021-06-14 09:43:55,2521.5,482608
2021-06-14 09:43:56,2521.5,482650
2021-06-14 09:43:59,2521.0,482989
2021-06-14 09:44:00,2521.0,483029
2021-06-14 09:44:01,2521.4,483030
2021-06-14 09:44:02,2521.4,483030
2021-06-14 09:44:03,2522.0,483070
2021-06-14 09:44:04,2521.95,483324
2021-06-14 09:44:05,2521.5,483339
2021-06-14 09:44:06,2522.0,483349
2021-06-14 09:44:07,2522.0,483351
2021-06-14 09:44:08,2522.0,483532
2021-06-14 09:44:09,2522.0,483665
2021-06-14 09:44:10,2522.25,487517
2021-06-14 09:44:11,2522.3,487646
2021-06-14 09:44:12,2522.35,487799
2021-06-14 09:44:13,2522.95,487907
2021-06-14 09:44:13,2522.35,487926
2021-06-14 09:44:15,2522.35,488205
2021-06-14 09:44:16,2523.1,488206
2021-06-14 09:44:17,2523.1,488246
2021-06-14 09:44:18,2523.9,488334
2021-06-14 09:44:19,2523.9,488366
2021-06-14 09:44:21,2523.9,488430
2021-06-14 09:44:22,2524.0,488535
2021-06-14 09:44:23,2523.35,488589
2021-06-14 09:44:24,2524.0,488630
2021-06-14 09:44:25,2523.85,488681
2021-06-14 09:44:27,2523.45,488941
2021-06-14 09:44:28,2523.35,489408
2021-06-14 09:44:29,2523.3,489505
2021-06-14 09:44:30,2523.4,489541
2021-06-14 09:44:31,2523.4,489570
2021-06-14 09:44:33,2523.1,489601
2021-06-14 09:44:34,2523.1,489601
2021-06-14 09:44:35,2523.3,489784
2021-06-14 09:44:37,2522.35,489982
2021-06-14 09:44:38,2522.35,489982
2021-06-14 09:44:39,2522.4,490094
2021-06-14 09:44:40,2522.7,490318
2021-06-14 09:44:41,2522.7,490318
2021-06-14 09:44:42,2522.65,491113
2021-06-14 09:44:44,2522.2,491681
2021-06-14 09:44:45,2522.4,491896
2021-06-14 09:44:46,2522.1,491990
2021-06-14 09:44:47,2521.9,492337
2021-06-14 09:44:48,2521.9,492337
2021-06-14 09:44:49,2522.15,492347
2021-06-14 09:44:50,2521.4,492406
2021-06-14 09:44:51,2521.4,492408
2021-06-14 09:44:52,2521.7,492456
2021-06-14 09:44:53,2521.7,492456
2021-06-14 09:44:54,2522.05,492476
2021-06-14 09:44:55,2522.05,492476
2021-06-14 09:44:56,2521.9,492511
2021-06-14 09:44:57,2521.9,492511
2021-06-14 09:44:58,2521.3,492518
2021-06-14 09:44:59,2521.05,492767
2021-06-14 09:45:01,2521.6,492782
2021-06-14 09:45:02,2521.6,492782
2021-06-14 09:45:03,2520.9,493190
2021-06-14 09:45:04,2520.9,493196
2021-06-14 09:45:05,2521.05,493206
2021-06-14 09:45:06,2521.0,493248
2021-06-14 09:45:07,2521.1,493311
2021-06-14 09:45:08,2521.05,493426
2021-06-14 09:45:09,2521.1,493440
2021-06-14 09:45:10,2521.05,493441
2021-06-14 09:45:11,2521.0,493445
2021-06-14 09:45:12,2521.0,493450
2021-06-14 09:45:13,2521.0,493450
2021-06-14 09:45:14,2521.0,493557
2021-06-14 09:45:15,2520.75,493619
2021-06-14 09:45:16,2520.5,493671
2021-06-14 09:45:17,2520.85,493891
2021-06-14 09:45:18,2520.9,493902
2021-06-14 09:45:18,2520.9,493912
2021-06-14 09:45:19,2520.5,493918
2021-06-14 09:45:20,2520.5,494158
2021-06-14 09:45:21,2520.9,495189
2021-06-14 09:45:22,2520.9,495195
2021-06-14 09:45:23,2520.9,495210
2021-06-14 09:45:24,2521.0,495791
2021-06-14 09:45:25,2520.75,495830
2021-06-14 09:45:26,2520.5,495863
2021-06-14 09:45:28,2521.0,495963
2021-06-14 09:45:29,2521.0,495974
2021-06-14 09:45:30,2520.75,495975
2021-06-14 09:45:31,2520.9,495979
2021-06-14 09:45:32,2520.9,496016
2021-06-14 09:45:33,2521.0,496020
2021-06-14 09:45:34,2520.6,496139
2021-06-14 09:45:35,2520.85,496192
2021-06-14 09:45:37,2520.85,496268
2021-06-14 09:45:40,2519.85,498710
2021-06-14 09:45:41,2519.85,498733
2021-06-14 09:45:43,2519.85,498735
2021-06-14 09:45:44,2519.1,498788
2021-06-14 09:45:45,2519.1,498843
2021-06-14 09:45:46,2518.05,499086
2021-06-14 09:45:47,2518.95,499368
2021-06-14 09:45:48,2517.6,499876
2021-06-14 09:45:49,2518.2,499891
2021-06-14 09:45:51,2517.6,499992
2021-06-14 09:45:52,2518.2,500508
2021-06-14 09:45:53,2518.2,500527
2021-06-14 09:45:54,2518.3,500729
2021-06-14 09:45:55,2518.45,500746
2021-06-14 09:45:56,2519.1,500873
2021-06-14 09:45:57,2519.1,500874
2021-06-14 09:45:58,2518.25,500976
2021-06-14 09:45:59,2519.1,501042
2021-06-14 09:46:00,2518.45,501069
2021-06-14 09:46:01,2518.45,501129
2021-06-14 09:46:02,2519.85,501964
2021-06-14 09:46:03,2520.25,501973
2021-06-14 09:46:04,2519.1,502202
2021-06-14 09:46:05,2519.9,502241
2021-06-14 09:46:06,2519.85,502242
2021-06-14 09:46:07,2519.1,502262
2021-06-14 09:46:08,2519.0,502329
2021-06-14 09:46:09,2521.0,503146
2021-06-14 09:46:10,2521.0,503363
2021-06-14 09:46:11,2519.95,503425
2021-06-14 09:46:13,2521.0,503465
2021-06-14 09:46:14,2521.0,503480
2021-06-14 09:46:15,2521.0,503493
2021-06-14 09:46:16,2521.0,503622
2021-06-14 09:46:17,2520.8,503624
2021-06-14 09:46:18,2520.8,503712
2021-06-14 09:46:19,2520.25,504125
2021-06-14 09:46:20,2520.0,504130
2021-06-14 09:46:21,2520.0,504131
2021-06-14 09:46:22,2520.0,504151
2021-06-14 09:46:23,2520.0,504432
2021-06-14 09:46:24,2519.4,504616
2021-06-14 09:46:25,2519.4,504620
2021-06-14 09:46:26,2519.4,504801
2021-06-14 09:46:27,2519.4,504833
2021-06-14 09:46:28,2519.2,504862
2021-06-14 09:46:29,2518.5,504876
2021-06-14 09:46:30,2518.2,505165
2021-06-14 09:46:31,2518.2,505215
2021-06-14 09:46:32,2517.7,505541
2021-06-14 09:46:33,2516.9,505586
2021-06-14 09:46:34,2517.7,505616
2021-06-14 09:46:35,2517.7,505632
2021-06-14 09:46:36,2516.75,505742
2021-06-14 09:46:37,2517.7,506431
2021-06-14 09:46:38,2517.3,507081
2021-06-14 09:46:42,2517.45,507521
2021-06-14 09:46:43,2517.7,507532
2021-06-14 09:46:44,2517.7,507828
2021-06-14 09:46:45,2517.7,507828
2021-06-14 09:46:46,2517.7,507916
2021-06-14 09:46:47,2518.0,507941
2021-06-14 09:46:48,2517.7,508280
2021-06-14 09:46:50,2516.5,509036
2021-06-14 09:46:49,2517.2,508759
2021-06-14 09:46:51,2516.85,509200
2021-06-14 09:46:52,2516.5,509232
2021-06-14 09:46:53,2516.5,509232
2021-06-14 09:46:54,2516.3,509353
2021-06-14 09:46:55,2516.3,509781
2021-06-14 09:46:56,2516.0,510908
2021-06-14 09:46:57,2515.55,511039
2021-06-14 09:46:58,2515.55,511196
2021-06-14 09:46:59,2515.5,511333
2021-06-14 09:47:00,2515.55,511334
2021-06-14 09:47:01,2515.8,511354
2021-06-14 09:47:02,2515.8,511543
2021-06-14 09:47:03,2515.6,511595
2021-06-14 09:47:04,2515.55,511708
2021-06-14 09:47:05,2515.8,512618
2021-06-14 09:47:06,2515.05,512688
2021-06-14 09:47:07,2515.55,512705
2021-06-14 09:47:08,2515.45,512711
2021-06-14 09:47:09,2515.15,512981
2021-06-14 09:47:10,2515.45,513057
2021-06-14 09:47:11,2515.45,513240
2021-06-14 09:47:13,2515.25,513472
2021-06-14 09:47:14,2515.85,513552
2021-06-14 09:47:15,2515.75,513821
2021-06-14 09:47:16,2515.75,513873
2021-06-14 09:47:17,2515.85,513946
2021-06-14 09:47:18,2515.85,513978
2021-06-14 09:47:19,2515.85,513981
2021-06-14 09:47:20,2515.85,514043
2021-06-14 09:47:21,2515.85,514059
2021-06-14 09:47:22,2515.75,514214
2021-06-14 09:47:23,2516.2,514227
2021-06-14 09:47:24,2516.2,514249
2021-06-14 09:47:25,2515.85,515335
2021-06-14 09:47:26,2516.45,515348
2021-06-14 09:47:27,2515.85,515444
2021-06-14 09:47:28,2515.85,515869
2021-06-14 09:47:30,2516.35,515872
2021-06-14 09:47:31,2516.35,515874
2021-06-14 09:47:32,2516.35,515919
2021-06-14 09:47:33,2516.35,516135
2021-06-14 09:47:34,2516.35,516300
2021-06-14 09:47:35,2516.4,516658
2021-06-14 09:47:36,2516.25,516787
2021-06-14 09:47:37,2516.2,516793
2021-06-14 09:47:38,2516.75,516810
2021-06-14 09:47:39,2516.8,516861
2021-06-14 09:47:40,2516.7,516913
2021-06-14 09:47:42,2516.2,516948
2021-06-14 09:47:43,2516.6,517353
2021-06-14 09:47:45,2516.6,517480
2021-06-14 09:47:46,2516.6,517485
2021-06-14 09:47:47,2516.55,517546
2021-06-14 09:47:48,2516.8,517816
2021-06-14 09:47:49,2516.45,518395
2021-06-14 09:47:50,2516.6,518439
2021-06-14 09:47:51,2516.8,518560
2021-06-14 09:47:52,2517.4,518565
2021-06-14 09:47:53,2517.3,518567
2021-06-14 09:47:54,2517.4,518570
2021-06-14 09:47:55,2517.4,518570
2021-06-14 09:47:56,2517.3,518675
2021-06-14 09:47:57,2517.15,518680
2021-06-14 09:47:58,2516.8,519456
2021-06-14 09:47:59,2516.8,519511
2021-06-14 09:48:00,2516.8,519571
2021-06-14 09:48:01,2516.55,519604
2021-06-14 09:48:03,2516.8,519668
2021-06-14 09:48:04,2516.8,519680
2021-06-14 09:48:05,2516.8,519680
2021-06-14 09:48:06,2516.8,519700
2021-06-14 09:48:07,2516.8,519704
2021-06-14 09:48:08,2516.45,519786
2021-06-14 09:48:10,2516.3,520161
2021-06-14 09:48:09,2516.4,520149
2021-06-14 09:48:11,2515.2,521623
2021-06-14 09:48:12,2515.2,521723
2021-06-14 09:48:13,2515.15,521951
2021-06-14 09:48:14,2515.65,522100
2021-06-14 09:48:15,2515.65,522274
2021-06-14 09:48:16,2515.65,522312
2021-06-14 09:48:17,2515.65,522719
2021-06-14 09:48:18,2515.65,522749
2021-06-14 09:48:19,2516.8,523006
2021-06-14 09:48:20,2516.0,523008
2021-06-14 09:48:21,2516.0,523008
2021-06-14 09:48:22,2516.0,523375
2021-06-14 09:48:23,2515.85,523705
2021-06-14 09:48:24,2515.85,523823
2021-06-14 09:48:25,2515.85,524013
2021-06-14 09:48:27,2515.85,524150
2021-06-14 09:48:28,2515.85,524150
2021-06-14 09:48:29,2516.35,524200
2021-06-14 09:48:30,2516.0,524266
2021-06-14 09:48:31,2515.65,524640
2021-06-14 09:48:32,2516.4,524758
2021-06-14 09:48:33,2516.1,524774
2021-06-14 09:48:34,2516.0,524879
2021-06-14 09:48:35,2515.85,525223
2021-06-14 09:48:36,2515.85,525377
2021-06-14 09:48:37,2515.85,525387
2021-06-14 09:48:38,2515.85,525443
2021-06-14 09:48:39,2515.85,525458
2021-06-14 09:48:40,2515.85,525486
2021-06-14 09:48:41,2515.85,525716
2021-06-14 09:48:42,2515.85,525835
2021-06-14 09:48:43,2516.1,527201
2021-06-14 09:48:44,2516.1,527201
2021-06-14 09:48:45,2515.7,527623
2021-06-14 09:48:46,2515.7,527623
2021-06-14 09:48:47,2515.95,527924
2021-06-14 09:48:48,2515.65,527986
2021-06-14 09:48:49,2516.3,528066
2021-06-14 09:48:50,2516.05,528073
2021-06-14 09:48:51,2516.05,528108
2021-06-14 09:48:52,2515.95,528111
2021-06-14 09:48:53,2515.85,528112
2021-06-14 09:48:54,2515.85,528112
2021-06-14 09:48:55,2515.85,528283
2021-06-14 09:48:56,2515.9,528893
2021-06-14 09:48:57,2515.4,528996
2021-06-14 09:48:58,2515.15,529160
2021-06-14 09:48:59,2515.65,529165
2021-06-14 09:49:00,2515.85,529475
2021-06-14 09:49:01,2515.85,529601
2021-06-14 09:49:03,2516.6,530131
2021-06-14 09:49:04,2516.6,530131
2021-06-14 09:49:05,2516.6,530148
2021-06-14 09:49:06,2516.3,530170
2021-06-14 09:49:07,2515.9,530448
2021-06-14 09:49:08,2515.9,530660
2021-06-14 09:49:09,2516.3,530798
2021-06-14 09:49:11,2516.5,531490
2021-06-14 09:49:11,2516.8,530897
2021-06-14 09:49:12,2516.8,531520
2021-06-14 09:49:13,2516.55,531556
2021-06-14 09:49:14,2516.0,531860
2021-06-14 09:49:15,2515.95,531942
2021-06-14 09:49:17,2515.95,531942
2021-06-14 09:49:18,2516.8,533259
2021-06-14 09:49:19,2516.5,533310
2021-06-14 09:49:20,2515.95,533555
2021-06-14 09:49:21,2516.5,533569
2021-06-14 09:49:22,2516.0,533573
2021-06-14 09:49:23,2516.45,533624
2021-06-14 09:49:24,2516.15,533625
2021-06-14 09:49:26,2516.5,534096
2021-06-14 09:49:27,2516.05,534489
2021-06-14 09:49:27,2516.05,534489
2021-06-14 09:49:28,2516.05,534489
2021-06-14 09:49:29,2516.25,534679
2021-06-14 09:49:30,2516.25,534691
2021-06-14 09:49:31,2516.45,534857
2021-06-14 09:49:32,2516.15,534958
2021-06-14 09:49:33,2516.8,535675
2021-06-14 09:49:34,2517.35,535695
2021-06-14 09:49:35,2516.45,535830
2021-06-14 09:49:36,2516.65,535855
2021-06-14 09:49:37,2516.55,535859
2021-06-14 09:49:39,2515.95,536504
2021-06-14 09:49:40,2515.9,536731
2021-06-14 09:49:41,2516.4,537097
2021-06-14 09:49:41,2515.95,537108
2021-06-14 09:49:42,2515.95,537382
2021-06-14 09:49:43,2515.8,537397
2021-06-14 09:49:44,2515.95,537523
2021-06-14 09:49:45,2515.95,537697
2021-06-14 09:49:46,2515.95,537842
2021-06-14 09:49:47,2515.8,537911
2021-06-14 09:49:49,2515.95,537931
2021-06-14 09:49:49,2515.95,537933
2021-06-14 09:49:50,2515.8,537939
2021-06-14 09:49:51,2515.9,538021
2021-06-14 09:49:52,2515.5,538267
2021-06-14 09:49:53,2515.95,538337
2021-06-14 09:49:54,2515.95,538442
2021-06-14 09:49:55,2515.95,538580
2021-06-14 09:49:56,2515.95,538580
2021-06-14 09:49:57,2515.95,538625
2021-06-14 09:50:00,2516.8,538707
2021-06-14 09:50:01,2516.8,538732
2021-06-14 09:50:03,2517.45,538734
2021-06-14 09:50:04,2517.25,538745
2021-06-14 09:50:05,2517.2,538796
2021-06-14 09:50:06,2518.5,539005
2021-06-14 09:50:07,2518.5,539010
2021-06-14 09:50:08,2518.5,539010
2021-06-14 09:50:09,2518.45,539013
2021-06-14 09:50:11,2518.0,539445
2021-06-14 09:50:12,2517.7,539500
2021-06-14 09:50:13,2518.05,539555
2021-06-14 09:50:14,2517.4,539596
2021-06-14 09:50:15,2517.1,539651
2021-06-14 09:50:16,2517.05,542212
2021-06-14 09:50:17,2517.05,542338
2021-06-14 09:50:18,2517.05,542347
2021-06-14 09:50:19,2517.05,542347
2021-06-14 09:50:20,2517.05,542449
2021-06-14 09:50:21,2517.05,542550
2021-06-14 09:50:22,2517.05,542565
2021-06-14 09:50:23,2517.05,542565
2021-06-14 09:50:24,2517.05,542693
2021-06-14 09:50:25,2517.0,542813
2021-06-14 09:50:26,2517.0,542846
2021-06-14 09:50:27,2517.05,542908
2021-06-14 09:50:28,2517.0,543154
2021-06-14 09:50:29,2517.05,543237
2021-06-14 09:50:30,2517.0,543405
2021-06-14 09:50:31,2517.25,543466
2021-06-14 09:50:32,2517.25,543466
2021-06-14 09:50:33,2517.25,543466
2021-06-14 09:50:34,2517.65,543836
2021-06-14 09:50:35,2517.0,543966
2021-06-14 09:50:36,2517.6,544298
2021-06-14 09:50:37,2517.05,544300
2021-06-14 09:50:38,2517.05,544323
2021-06-14 09:50:39,2517.0,544609
2021-06-14 09:50:40,2517.0,544697
2021-06-14 09:50:41,2516.75,544717
2021-06-14 09:50:42,2516.5,545394
2021-06-14 09:50:43,2516.25,545467
2021-06-14 09:50:44,2516.05,545641
2021-06-14 09:50:45,2516.25,545802
2021-06-14 09:50:46,2516.25,545814
2021-06-14 09:50:48,2517.0,548890
2021-06-14 09:50:50,2516.5,549250
2021-06-14 09:50:52,2516.2,549965
2021-06-14 09:50:52,2516.2,549965
2021-06-14 09:50:54,2516.15,551088
2021-06-14 09:50:55,2516.0,551113
2021-06-14 09:50:56,2516.0,551258
2021-06-14 09:50:56,2516.0,551260
2021-06-14 09:50:57,2516.0,551263
2021-06-14 09:50:58,2516.0,551298
2021-06-14 09:51:00,2516.0,551610
2021-06-14 09:51:01,2516.0,551620
2021-06-14 09:51:02,2517.8,551849
2021-06-14 09:51:03,2517.75,551866
2021-06-14 09:51:03,2517.1,551864
2021-06-14 09:51:04,2516.7,551931
2021-06-14 09:51:05,2517.75,551974
2021-06-14 09:51:06,2517.75,551974
2021-06-14 09:51:07,2517.7,552233
2021-06-14 09:51:08,2516.75,552383
2021-06-14 09:51:09,2517.75,552395
2021-06-14 09:51:10,2517.7,552405
2021-06-14 09:51:11,2517.4,552406
2021-06-14 09:51:12,2516.95,552913
2021-06-14 09:51:13,2516.0,553087
2021-06-14 09:51:15,2516.95,553949
2021-06-14 09:51:18,2516.0,554079
2021-06-14 09:51:19,2516.0,554079
2021-06-14 09:51:20,2516.15,554091
2021-06-14 09:51:20,2516.15,554081
2021-06-14 09:51:22,2516.05,554439
2021-06-14 09:51:22,2516.05,554439
2021-06-14 09:51:23,2516.15,554473
2021-06-14 09:51:25,2516.0,555091
2021-06-14 09:51:26,2516.15,555138
2021-06-14 09:51:27,2517.0,555338
2021-06-14 09:51:28,2517.35,555343
2021-06-14 09:51:28,2517.35,555343
2021-06-14 09:51:29,2517.35,555354
2021-06-14 09:51:30,2517.35,555382
2021-06-14 09:51:31,2517.35,555425
2021-06-14 09:51:32,2516.7,555584
2021-06-14 09:51:34,2516.6,555777
2021-06-14 09:51:36,2517.35,555896
2021-06-14 09:51:37,2517.75,556012
2021-06-14 09:51:38,2517.5,556016
2021-06-14 09:51:39,2517.5,556037
2021-06-14 09:51:39,2517.75,556039
2021-06-14 09:51:40,2517.75,556039
2021-06-14 09:51:41,2517.5,556059
2021-06-14 09:51:42,2517.75,556069
2021-06-14 09:51:43,2517.75,556085
2021-06-14 09:51:44,2517.7,556086
2021-06-14 09:51:45,2517.75,556234
2021-06-14 09:51:46,2517.75,556234
2021-06-14 09:51:47,2517.8,556294
2021-06-14 09:51:49,2518.0,556612
2021-06-14 09:51:50,2518.1,556646
2021-06-14 09:51:51,2518.1,556656
2021-06-14 09:51:53,2518.1,556656
2021-06-14 09:51:54,2517.95,556786
2021-06-14 09:51:54,2517.95,556786
2021-06-14 09:51:55,2518.0,556869
2021-06-14 09:51:56,2517.95,556876
2021-06-14 09:51:57,2517.95,556879
2021-06-14 09:51:59,2517.95,556890
2021-06-14 09:52:00,2517.75,557226
2021-06-14 09:52:01,2518.0,557427
2021-06-14 09:52:02,2518.0,557681
2021-06-14 09:52:03,2517.9,558034
2021-06-14 09:52:04,2517.9,558038
2021-06-14 09:52:05,2517.8,558261
2021-06-14 09:52:06,2517.75,558461
2021-06-14 09:52:07,2517.6,558667
2021-06-14 09:52:09,2516.0,559167
2021-06-14 09:52:10,2517.0,559217
2021-06-14 09:52:10,2516.0,559526
2021-06-14 09:52:12,2516.9,559725
2021-06-14 09:52:13,2516.85,560009
2021-06-14 09:52:14,2516.8,560012
2021-06-14 09:52:15,2516.8,560072
2021-06-14 09:52:15,2516.8,560072
2021-06-14 09:52:16,2516.0,560306
2021-06-14 09:52:17,2516.8,560331
2021-06-14 09:52:18,2516.75,560369
2021-06-14 09:52:19,2516.75,560371
2021-06-14 09:52:20,2516.75,560373
2021-06-14 09:52:22,2516.75,560419
2021-06-14 09:52:23,2516.75,560435
2021-06-14 09:52:24,2516.75,560747
2021-06-14 09:52:24,2516.65,560755
2021-06-14 09:52:25,2516.65,560854
2021-06-14 09:52:27,2516.0,560896
2021-06-14 09:52:29,2516.65,560996
2021-06-14 09:52:30,2516.0,561529
2021-06-14 09:52:31,2516.75,561700
2021-06-14 09:52:32,2516.75,561712
2021-06-14 09:52:33,2516.75,561712
2021-06-14 09:52:34,2516.75,562222
2021-06-14 09:52:35,2516.75,562528
2021-06-14 09:52:36,2516.75,562541
2021-06-14 09:52:36,2516.75,562541
2021-06-14 09:52:37,2516.55,562886
2021-06-14 09:52:38,2516.75,562983
2021-06-14 09:52:40,2516.75,563147
2021-06-14 09:52:41,2516.5,563155
2021-06-14 09:52:42,2515.95,568709
2021-06-14 09:52:43,2514.8,569124
2021-06-14 09:52:44,2514.65,569155
2021-06-14 09:52:45,2514.75,569458
2021-06-14 09:52:46,2514.75,569458
2021-06-14 09:52:47,2514.75,569458
2021-06-14 09:52:48,2514.65,569631
2021-06-14 09:52:49,2514.7,569642
2021-06-14 09:52:50,2515.95,570920
2021-06-14 09:52:50,2515.95,570920
2021-06-14 09:52:52,2515.95,571199
2021-06-14 09:52:54,2515.95,571258
2021-06-14 09:52:54,2515.95,571258
2021-06-14 09:52:55,2515.6,571335
2021-06-14 09:52:56,2515.95,571342
2021-06-14 09:52:58,2515.95,571347
2021-06-14 09:52:59,2515.95,571347
2021-06-14 09:53:00,2515.95,571399
2021-06-14 09:53:01,2516.75,571409
2021-06-14 09:53:02,2515.75,571461
2021-06-14 09:53:03,2516.0,571466
2021-06-14 09:53:03,2516.0,571466
2021-06-14 09:53:04,2516.0,571545
2021-06-14 09:53:05,2516.0,571561
2021-06-14 09:53:07,2516.0,571563
2021-06-14 09:53:08,2516.0,571567
2021-06-14 09:53:09,2516.0,571597
2021-06-14 09:53:10,2516.0,571692
2021-06-14 09:53:10,2516.0,571692
2021-06-14 09:53:11,2516.0,571723
2021-06-14 09:53:12,2516.0,571823
2021-06-14 09:53:13,2516.1,572136
2021-06-14 09:53:16,2517.0,572251
2021-06-14 09:53:17,2517.0,572253
2021-06-14 09:53:18,2517.0,572294
2021-06-14 09:53:19,2516.35,572361
2021-06-14 09:53:20,2516.35,572361
2021-06-14 09:53:20,2517.0,572411
2021-06-14 09:53:21,2516.75,572421
2021-06-14 09:53:22,2516.75,572421
2021-06-14 09:53:23,2516.75,572659
2021-06-14 09:53:26,2517.0,572835
2021-06-14 09:53:27,2517.1,573110
2021-06-14 09:53:28,2517.55,573123
2021-06-14 09:53:29,2517.55,573127
2021-06-14 09:53:30,2517.5,573143
2021-06-14 09:53:31,2518.0,573148
2021-06-14 09:53:31,2518.0,573148
2021-06-14 09:53:32,2517.9,573173
2021-06-14 09:53:33,2518.0,573174
2021-06-14 09:53:34,2518.0,573189
2021-06-14 09:53:36,2518.5,573246
2021-06-14 09:53:38,2518.25,573580
2021-06-14 09:53:39,2518.5,573581
2021-06-14 09:53:40,2518.0,573612
2021-06-14 09:53:41,2518.0,573652
2021-06-14 09:53:42,2518.5,573667
2021-06-14 09:53:43,2518.5,574091
2021-06-14 09:53:44,2518.2,574117
2021-06-14 09:53:45,2518.2,574117
2021-06-14 09:53:46,2519.0,574245
2021-06-14 09:53:46,2519.0,574279
2021-06-14 09:53:47,2518.0,574899
2021-06-14 09:53:48,2518.5,574900
2021-06-14 09:53:49,2518.85,574905
2021-06-14 09:53:50,2518.85,574921
2021-06-14 09:53:51,2518.85,574944
2021-06-14 09:53:52,2518.85,574948
2021-06-14 09:53:54,2518.85,575021
2021-06-14 09:53:55,2518.85,575159
2021-06-14 09:53:56,2518.85,575224
2021-06-14 09:53:56,2518.85,575224
2021-06-14 09:53:58,2519.05,575297
2021-06-14 09:53:59,2519.75,575307
2021-06-14 09:54:00,2519.8,575346
2021-06-14 09:54:01,2519.05,575386
2021-06-14 09:54:01,2519.05,575386
2021-06-14 09:54:02,2519.8,575391
2021-06-14 09:54:03,2519.8,575441
2021-06-14 09:54:05,2519.75,575531
2021-06-14 09:54:06,2520.0,575709
2021-06-14 09:54:08,2519.8,575714
2021-06-14 09:54:08,2520.35,575730
2021-06-14 09:54:09,2519.8,575890
2021-06-14 09:54:11,2520.0,576530
2021-06-14 09:54:13,2519.4,577391
2021-06-14 09:54:14,2519.0,577486
2021-06-14 09:54:15,2519.65,577564
2021-06-14 09:54:15,2519.65,577564
2021-06-14 09:54:17,2519.0,577645
2021-06-14 09:54:18,2519.35,578039
2021-06-14 09:54:20,2519.0,578099
2021-06-14 09:54:22,2519.3,578182
2021-06-14 09:54:21,2519.15,578105
2021-06-14 09:54:22,2519.0,578222
2021-06-14 09:54:23,2519.3,578232
2021-06-14 09:54:25,2519.0,578257
2021-06-14 09:54:26,2519.3,578317
2021-06-14 09:54:27,2519.3,578457
2021-06-14 09:54:28,2519.3,578457
2021-06-14 09:54:30,2519.3,578508
2021-06-14 09:54:30,2519.3,578599
2021-06-14 09:54:31,2519.35,578703
2021-06-14 09:54:33,2519.3,578710
2021-06-14 09:54:34,2519.35,578720
2021-06-14 09:54:34,2519.35,578772
2021-06-14 09:54:36,2519.4,578894
2021-06-14 09:54:38,2519.4,579176
2021-06-14 09:54:39,2519.8,579545
2021-06-14 09:54:40,2520.0,579550
2021-06-14 09:54:41,2520.0,579650
2021-06-14 09:54:42,2520.0,579873
2021-06-14 09:54:43,2520.0,579884
2021-06-14 09:54:44,2520.0,579955
2021-06-14 09:54:45,2520.0,580035
2021-06-14 09:54:46,2520.0,580161
2021-06-14 09:54:47,2520.0,580186
2021-06-14 09:54:48,2519.4,580228
2021-06-14 09:54:49,2520.0,580303
2021-06-14 09:54:50,2520.0,580337
2021-06-14 09:54:51,2520.0,580361
2021-06-14 09:54:52,2520.0,580382
2021-06-14 09:54:53,2519.95,580410
2021-06-14 09:54:54,2520.0,580510
2021-06-14 09:54:55,2520.0,580520
2021-06-14 09:54:57,2519.4,580631
2021-06-14 09:54:57,2520.0,580656
2021-06-14 09:54:58,2520.0,580676
2021-06-14 09:54:59,2519.9,580809
2021-06-14 09:55:01,2519.3,581663
2021-06-14 09:55:02,2518.05,581693
2021-06-14 09:55:03,2518.05,581693
2021-06-14 09:55:04,2518.85,581723
2021-06-14 09:55:05,2518.85,581998
2021-06-14 09:55:06,2518.85,582003
2021-06-14 09:55:07,2518.85,582144
2021-06-14 09:55:08,2518.85,582185
2021-06-14 09:55:09,2518.85,582230
2021-06-14 09:55:10,2519.95,584730
2021-06-14 09:55:11,2519.95,584730
2021-06-14 09:55:12,2519.15,584796
2021-06-14 09:55:13,2520.0,584841
2021-06-14 09:55:14,2520.0,584846
2021-06-14 09:55:15,2519.95,584906
2021-06-14 09:55:15,2520.0,584920
2021-06-14 09:55:18,2519.9,585404
2021-06-14 09:55:19,2519.9,585419
2021-06-14 09:55:20,2519.9,585455
2021-06-14 09:55:21,2519.0,585459
2021-06-14 09:55:22,2519.65,585499
2021-06-14 09:55:23,2519.65,585510
2021-06-14 09:55:24,2519.65,585587
2021-06-14 09:55:25,2519.65,585727
2021-06-14 09:55:26,2519.65,586006
2021-06-14 09:55:27,2519.05,586105
2021-06-14 09:55:27,2519.05,586184
2021-06-14 09:55:29,2519.05,586298
2021-06-14 09:55:30,2519.7,586301
2021-06-14 09:55:31,2519.7,586327
2021-06-14 09:55:33,2519.7,586557
2021-06-14 09:55:34,2519.7,586563
2021-06-14 09:55:35,2519.8,586652
2021-06-14 09:55:36,2519.8,586653
2021-06-14 09:55:37,2519.8,586653
2021-06-14 09:55:38,2519.8,586653
2021-06-14 09:55:39,2519.75,586711
2021-06-14 09:55:39,2519.75,586711
2021-06-14 09:55:40,2519.8,586717
2021-06-14 09:55:42,2519.8,586911
2021-06-14 09:55:43,2519.8,587087
2021-06-14 09:55:45,2519.8,587540
2021-06-14 09:55:46,2519.8,587546
2021-06-14 09:55:47,2520.5,590490
2021-06-14 09:55:48,2520.0,590518
2021-06-14 09:55:49,2520.5,590903
2021-06-14 09:55:50,2520.05,591458
2021-06-14 09:55:51,2519.95,591528
2021-06-14 09:55:52,2519.85,591800
2021-06-14 09:55:53,2519.85,591800
2021-06-14 09:55:53,2519.85,591870
2021-06-14 09:55:55,2519.85,591982
2021-06-14 09:55:56,2519.85,591982
2021-06-14 09:55:57,2519.95,592094
2021-06-14 09:55:58,2520.05,592204
2021-06-14 09:55:59,2520.2,592221
2021-06-14 09:56:00,2520.05,592241
2021-06-14 09:56:01,2520.2,592301
2021-06-14 09:56:02,2519.95,592456
2021-06-14 09:56:03,2520.35,592469
2021-06-14 09:56:05,2520.35,592552
2021-06-14 09:56:07,2520.05,592563
2021-06-14 09:56:08,2519.0,593851
2021-06-14 09:56:09,2518.4,594342
2021-06-14 09:56:10,2518.9,594394
2021-06-14 09:56:11,2518.85,594424
2021-06-14 09:56:12,2518.85,594636
2021-06-14 09:56:13,2518.85,594786
2021-06-14 09:56:14,2518.85,594841
2021-06-14 09:56:15,2518.85,594842
2021-06-14 09:56:16,2518.45,594856
2021-06-14 09:56:17,2518.7,594868
2021-06-14 09:56:17,2518.7,594868
2021-06-14 09:56:18,2518.35,594881
2021-06-14 09:56:19,2518.6,594901
2021-06-14 09:56:20,2518.6,594911
2021-06-14 09:56:21,2518.35,595233
2021-06-14 09:56:25,2519.45,595590
2021-06-14 09:56:26,2519.6,595591
2021-06-14 09:56:27,2519.75,595592
2021-06-14 09:56:29,2519.9,595668
2021-06-14 09:56:29,2519.9,595668
2021-06-14 09:56:30,2520.05,595669
2021-06-14 09:56:31,2520.05,595739
2021-06-14 09:56:32,2520.55,595752
2021-06-14 09:56:33,2520.7,595810
2021-06-14 09:56:34,2519.55,595823
2021-06-14 09:56:36,2520.85,595920
2021-06-14 09:56:37,2520.55,596025
2021-06-14 09:56:38,2520.4,596035
2021-06-14 09:56:39,2520.35,596036
2021-06-14 09:56:40,2520.2,596047
2021-06-14 09:56:41,2520.2,596047
2021-06-14 09:56:42,2520.65,596567
2021-06-14 09:56:43,2520.0,596857
2021-06-14 09:56:44,2520.4,596893
2021-06-14 09:56:46,2520.8,596903
2021-06-14 09:56:45,2520.8,596901
2021-06-14 09:56:46,2520.8,596903
2021-06-14 09:56:47,2520.95,596986
2021-06-14 09:56:49,2521.25,597488
2021-06-14 09:56:50,2520.95,597501
2021-06-14 09:56:52,2521.45,597598
2021-06-14 09:56:53,2521.45,597598
2021-06-14 09:56:54,2521.0,597920
2021-06-14 09:56:55,2521.0,597920
2021-06-14 09:56:56,2521.05,597935
2021-06-14 09:56:57,2521.05,598015
2021-06-14 09:56:58,2521.6,598285
2021-06-14 09:56:59,2521.6,598285
2021-06-14 09:57:00,2521.8,598385
2021-06-14 09:57:01,2521.8,598451
2021-06-14 09:57:02,2522.0,598524
2021-06-14 09:57:03,2522.0,598524
2021-06-14 09:57:04,2522.0,598524
2021-06-14 09:57:05,2521.8,598584
2021-06-14 09:57:06,2521.1,598742
2021-06-14 09:57:07,2522.0,598794
2021-06-14 09:57:08,2521.8,598839
2021-06-14 09:57:09,2521.85,599175
2021-06-14 09:57:10,2522.0,599267
2021-06-14 09:57:11,2522.0,599823
2021-06-14 09:57:12,2521.8,599931
2021-06-14 09:57:13,2521.05,600136
2021-06-14 09:57:14,2521.05,600139
2021-06-14 09:57:15,2521.85,600196
2021-06-14 09:57:16,2521.05,600298
2021-06-14 09:57:17,2521.1,600319
2021-06-14 09:57:19,2521.9,600895
2021-06-14 09:57:20,2521.9,600895
2021-06-14 09:57:21,2521.45,601450
2021-06-14 09:57:22,2522.0,601462
2021-06-14 09:57:23,2522.0,601462
2021-06-14 09:57:25,2521.4,601790
2021-06-14 09:57:26,2521.8,602072
2021-06-14 09:57:27,2522.0,602633
2021-06-14 09:57:28,2522.0,602694
2021-06-14 09:57:29,2522.0,602695
2021-06-14 09:57:30,2522.0,602695
2021-06-14 09:57:31,2522.0,602803
2021-06-14 09:57:32,2522.5,602925
2021-06-14 09:57:33,2521.8,603035
2021-06-14 09:57:34,2522.0,603038
2021-06-14 09:57:35,2522.0,603059
2021-06-14 09:57:36,2521.85,603553
2021-06-14 09:57:37,2520.8,604970
2021-06-14 09:57:38,2520.8,604970
2021-06-14 09:57:39,2520.8,604975
2021-06-14 09:57:40,2520.8,605063
2021-06-14 09:57:41,2520.8,605066
2021-06-14 09:57:42,2520.8,605083
2021-06-14 09:57:43,2520.8,605083
2021-06-14 09:57:44,2520.8,605143
2021-06-14 09:57:45,2520.8,605144
2021-06-14 09:57:46,2520.8,605145
2021-06-14 09:57:48,2520.8,605150
2021-06-14 09:57:49,2520.8,605938
2021-06-14 09:57:50,2521.4,606024
2021-06-14 09:57:51,2522.0,606073
2021-06-14 09:57:52,2521.5,606124
2021-06-14 09:57:54,2522.0,606348
2021-06-14 09:57:53,2522.0,606348
2021-06-14 09:57:55,2521.9,606395
2021-06-14 09:57:56,2521.9,606395
2021-06-14 09:57:57,2522.05,606410
2021-06-14 09:57:58,2522.5,606420
2021-06-14 09:57:59,2522.5,606420
2021-06-14 09:58:00,2522.0,606439
2021-06-14 09:58:01,2522.5,606495
2021-06-14 09:58:03,2522.5,606616
2021-06-14 09:58:02,2522.5,606495
2021-06-14 09:58:04,2522.65,606623
2021-06-14 09:58:05,2523.45,606829
2021-06-14 09:58:06,2522.6,606910
2021-06-14 09:58:07,2523.5,606967
2021-06-14 09:58:08,2524.0,607116
2021-06-14 09:58:09,2524.0,607116
2021-06-14 09:58:10,2524.0,607251
2021-06-14 09:58:12,2524.0,607304
2021-06-14 09:58:11,2524.0,607304
2021-06-14 09:58:13,2523.5,607354
2021-06-14 09:58:14,2524.0,607423
2021-06-14 09:58:15,2524.0,607424
2021-06-14 09:58:16,2524.0,607437
2021-06-14 09:58:17,2524.1,607479
2021-06-14 09:58:18,2524.1,607479
2021-06-14 09:58:19,2524.0,607507
2021-06-14 09:58:20,2524.05,607545
2021-06-14 09:58:21,2524.1,607670
2021-06-14 09:58:22,2524.1,607675
2021-06-14 09:58:23,2524.1,607726
2021-06-14 09:58:24,2524.0,608209
2021-06-14 09:58:26,2524.5,608993
2021-06-14 09:58:27,2525.0,608997
2021-06-14 09:58:28,2525.0,609318
2021-06-14 09:58:29,2525.0,609412
2021-06-14 09:58:31,2525.0,609543
2021-06-14 09:58:32,2524.55,609598
2021-06-14 09:58:33,2524.55,609598
2021-06-14 09:58:34,2525.0,609703
2021-06-14 09:58:36,2524.85,610097
2021-06-14 09:58:35,2524.85,610097
2021-06-14 09:58:37,2525.8,610110
2021-06-14 09:58:38,2525.8,610113
2021-06-14 09:58:39,2525.1,610137
2021-06-14 09:58:40,2525.8,610169
2021-06-14 09:58:41,2526.0,610421
2021-06-14 09:58:43,2526.0,610453
2021-06-14 09:58:44,2525.8,610471
2021-06-14 09:58:45,2525.8,610473
2021-06-14 09:58:46,2526.0,610644
2021-06-14 09:58:47,2525.2,610912
2021-06-14 09:58:48,2525.0,611007
2021-06-14 09:58:49,2525.75,611027
2021-06-14 09:58:50,2525.5,611103
2021-06-14 09:58:51,2525.5,611161
2021-06-14 09:58:52,2525.0,611176
2021-06-14 09:58:53,2525.5,611196
2021-06-14 09:58:55,2525.5,611244
2021-06-14 09:58:57,2525.45,611350
2021-06-14 09:58:57,2525.5,611450
2021-06-14 09:58:59,2525.45,611451
2021-06-14 09:58:59,2525.45,611477
2021-06-14 09:59:01,2523.35,613576
2021-06-14 09:59:02,2524.1,613690
2021-06-14 09:59:03,2523.25,614105
2021-06-14 09:59:05,2524.1,614388
2021-06-14 09:59:05,2524.1,614453
2021-06-14 09:59:06,2524.1,614706
2021-06-14 09:59:07,2524.1,614722
2021-06-14 09:59:08,2524.1,614790
2021-06-14 09:59:09,2524.1,614791
2021-06-14 09:59:10,2523.7,614824
2021-06-14 09:59:12,2523.7,614828
2021-06-14 09:59:13,2524.95,614974
2021-06-14 09:59:13,2524.95,614948
2021-06-14 09:59:14,2524.8,614984
2021-06-14 09:59:15,2524.8,614990
2021-06-14 09:59:16,2524.6,615153
2021-06-14 09:59:17,2524.6,615153
2021-06-14 09:59:20,2524.75,615180
2021-06-14 09:59:20,2524.5,615175
2021-06-14 09:59:21,2524.75,615180
2021-06-14 09:59:22,2524.75,615180
2021-06-14 09:59:23,2524.5,615222
2021-06-14 09:59:24,2524.15,615258
2021-06-14 09:59:25,2524.7,615310
2021-06-14 09:59:26,2525.0,615420
2021-06-14 09:59:27,2524.7,615480
2021-06-14 09:59:29,2524.8,615501
2021-06-14 09:59:30,2524.8,615502
2021-06-14 09:59:32,2524.75,615508
2021-06-14 09:59:33,2524.8,615776
2021-06-14 09:59:34,2524.8,615792
2021-06-14 09:59:35,2525.0,616122
2021-06-14 09:59:36,2524.7,616353
2021-06-14 09:59:37,2525.0,616355
2021-06-14 09:59:38,2525.0,616435
2021-06-14 09:59:39,2525.0,616435
2021-06-14 09:59:40,2525.0,616485
2021-06-14 09:59:42,2525.0,616487
2021-06-14 09:59:43,2524.8,616596
2021-06-14 09:59:44,2525.0,616597
2021-06-14 09:59:44,2525.0,616602
2021-06-14 09:59:45,2524.8,616723
2021-06-14 09:59:46,2524.8,616799
2021-06-14 09:59:47,2524.8,616849
2021-06-14 09:59:48,2524.75,616880
2021-06-14 09:59:49,2524.75,617170
2021-06-14 09:59:50,2524.75,617266
2021-06-14 09:59:51,2525.0,617316
2021-06-14 09:59:52,2525.0,617627
2021-06-14 09:59:53,2525.0,617657
2021-06-14 09:59:54,2524.8,617659
2021-06-14 09:59:55,2525.0,617709
2021-06-14 09:59:56,2525.0,617726
2021-06-14 09:59:57,2524.8,617805
2021-06-14 09:59:58,2525.0,618367
2021-06-14 10:00:00,2524.95,618490
2021-06-14 10:00:00,2524.8,618487
2021-06-14 10:00:01,2524.95,618506
2021-06-14 10:00:02,2524.55,618974
2021-06-14 10:00:03,2524.5,619046
2021-06-14 10:00:04,2524.5,619046
2021-06-14 10:00:05,2524.1,619069
2021-06-14 10:00:07,2524.1,619097
2021-06-14 10:00:08,2524.45,619129
2021-06-14 10:00:09,2524.45,619129
2021-06-14 10:00:09,2524.45,619129
2021-06-14 10:00:10,2524.45,619129
2021-06-14 10:00:11,2524.45,619139
2021-06-14 10:00:12,2524.45,619164
2021-06-14 10:00:13,2524.45,619315
2021-06-14 10:00:14,2524.45,619350
2021-06-14 10:00:15,2524.45,619352
2021-06-14 10:00:16,2524.45,619391
2021-06-14 10:00:18,2524.45,619401
2021-06-14 10:00:19,2524.4,619403
2021-06-14 10:00:19,2524.4,619403
2021-06-14 10:00:20,2524.4,619521
2021-06-14 10:00:21,2524.4,619521
2021-06-14 10:00:22,2524.4,619650
2021-06-14 10:00:24,2524.3,619725
2021-06-14 10:00:24,2524.4,619755
2021-06-14 10:00:25,2524.4,619796
2021-06-14 10:00:26,2524.4,619801
2021-06-14 10:00:27,2524.4,619801
2021-06-14 10:00:28,2524.4,619861
2021-06-14 10:00:30,2524.4,619888
2021-06-14 10:00:30,2524.4,619888
2021-06-14 10:00:31,2524.35,619899
2021-06-14 10:00:33,2524.4,620008
2021-06-14 10:00:34,2524.35,620011
2021-06-14 10:00:34,2524.35,620011
2021-06-14 10:00:35,2524.4,620021
2021-06-14 10:00:36,2524.45,620032
2021-06-14 10:00:37,2524.4,620158
2021-06-14 10:00:39,2524.45,620214
2021-06-14 10:00:39,2524.45,620217
2021-06-14 10:00:41,2524.45,620317
2021-06-14 10:00:42,2524.4,620337
2021-06-14 10:00:42,2524.4,620337
2021-06-14 10:00:44,2524.45,620384
2021-06-14 10:00:44,2524.45,620399
2021-06-14 10:00:45,2524.45,620399
2021-06-14 10:00:46,2524.45,620399
2021-06-14 10:00:47,2524.5,620626
2021-06-14 10:00:49,2524.5,620639
2021-06-14 10:00:49,2524.5,620639
2021-06-14 10:00:50,2524.5,620661
2021-06-14 10:00:51,2524.5,620663
2021-06-14 10:00:52,2524.5,620676
2021-06-14 10:00:53,2524.5,620704
2021-06-14 10:00:54,2524.5,620710
2021-06-14 10:00:55,2524.5,620804
2021-06-14 10:00:57,2524.5,620855
2021-06-14 10:00:57,2524.5,620865
2021-06-14 10:00:58,2524.55,620906
2021-06-14 10:01:00,2524.55,621310
2021-06-14 10:01:01,2524.55,621359
2021-06-14 10:01:03,2524.5,621528
2021-06-14 10:01:03,2524.5,621528
2021-06-14 10:01:04,2524.55,621538
2021-06-14 10:01:05,2524.55,622184
2021-06-14 10:01:07,2524.55,622194
2021-06-14 10:01:08,2524.55,622281
2021-06-14 10:01:09,2524.55,622333
2021-06-14 10:01:10,2524.55,622355
2021-06-14 10:01:11,2524.55,622375
2021-06-14 10:01:12,2524.55,622375
2021-06-14 10:01:13,2524.8,622427
2021-06-14 10:01:14,2524.5,622539
2021-06-14 10:01:14,2524.5,622539
2021-06-14 10:01:15,2524.55,622550
2021-06-14 10:01:17,2524.5,622941
2021-06-14 10:01:21,2524.9,623754
2021-06-14 10:01:22,2524.9,623754
2021-06-14 10:01:22,2524.9,623755
2021-06-14 10:01:23,2524.55,623799
2021-06-14 10:01:24,2524.95,623809
2021-06-14 10:01:26,2524.95,623900
2021-06-14 10:01:28,2525.0,623930
2021-06-14 10:01:29,2525.0,623930
2021-06-14 10:01:29,2525.0,623930
2021-06-14 10:01:30,2525.0,624071
2021-06-14 10:01:31,2525.0,624098
2021-06-14 10:01:34,2524.55,624713
2021-06-14 10:01:35,2525.0,624838
2021-06-14 10:01:38,2525.0,624928
2021-06-14 10:01:38,2525.0,624898
2021-06-14 10:01:39,2525.0,624932
2021-06-14 10:01:40,2525.0,624984
2021-06-14 10:01:41,2524.8,625034
2021-06-14 10:01:43,2524.8,625056
2021-06-14 10:01:44,2524.8,625056
2021-06-14 10:01:45,2524.8,625216
2021-06-14 10:01:46,2524.55,625321
2021-06-14 10:01:47,2524.75,625372
2021-06-14 10:01:48,2524.55,625402
2021-06-14 10:01:48,2524.55,625402
2021-06-14 10:01:50,2524.75,625414
2021-06-14 10:01:51,2524.5,625716
2021-06-14 10:01:52,2524.2,625961
2021-06-14 10:01:54,2524.45,625970
2021-06-14 10:01:55,2524.0,626079
2021-06-14 10:01:56,2524.25,626109
2021-06-14 10:01:57,2524.25,626217
2021-06-14 10:01:57,2524.0,626211
2021-06-14 10:01:58,2524.25,626242
2021-06-14 10:01:59,2524.25,626291
2021-06-14 10:02:00,2524.45,626527
2021-06-14 10:02:01,2524.45,626594
2021-06-14 10:02:04,2524.45,626956
2021-06-14 10:02:06,2524.9,626960
2021-06-14 10:02:07,2524.5,626964
2021-06-14 10:02:08,2524.9,626965
2021-06-14 10:02:09,2524.9,626986
2021-06-14 10:02:10,2524.45,627288
2021-06-14 10:02:11,2524.9,627317
2021-06-14 10:02:12,2525.0,627890
2021-06-14 10:02:13,2525.0,627898
2021-06-14 10:02:16,2525.5,627982
2021-06-14 10:02:18,2525.8,628027
2021-06-14 10:02:19,2525.0,628048
2021-06-14 10:02:22,2525.95,628186
2021-06-14 10:02:23,2525.95,628205
2021-06-14 10:02:24,2525.95,628211
2021-06-14 10:02:25,2525.8,628213
2021-06-14 10:02:26,2526.0,628414
2021-06-14 10:02:29,2525.95,628876
2021-06-14 10:02:30,2525.95,628878
2021-06-14 10:02:31,2525.4,629004
2021-06-14 10:02:32,2525.95,629069
2021-06-14 10:02:34,2525.95,629069
2021-06-14 10:02:35,2525.4,629191
2021-06-14 10:02:36,2525.95,629193
2021-06-14 10:02:37,2525.4,629303
2021-06-14 10:02:38,2525.95,629324
2021-06-14 10:02:38,2525.95,629324
2021-06-14 10:02:39,2526.5,629824
2021-06-14 10:02:40,2526.35,629838
2021-06-14 10:02:41,2526.35,629888
2021-06-14 10:02:42,2526.35,629888
2021-06-14 10:02:43,2526.35,629888
2021-06-14 10:02:44,2525.2,629895
2021-06-14 10:02:46,2525.95,630006
2021-06-14 10:02:47,2525.95,630013
2021-06-14 10:02:48,2525.95,630015
2021-06-14 10:02:49,2525.95,630044
2021-06-14 10:02:50,2525.95,630049
2021-06-14 10:02:51,2525.95,630092
2021-06-14 10:02:52,2525.9,630112
2021-06-14 10:02:53,2525.9,630114
2021-06-14 10:02:54,2525.9,630171
2021-06-14 10:02:56,2525.95,630703
2021-06-14 10:02:57,2525.95,630703
2021-06-14 10:02:58,2526.3,630707
2021-06-14 10:03:00,2525.65,631617
2021-06-14 10:03:01,2525.85,632947
2021-06-14 10:03:02,2525.2,632952
2021-06-14 10:03:03,2525.3,632955
2021-06-14 10:03:03,2525.3,632955
2021-06-14 10:03:04,2525.05,633092
2021-06-14 10:03:05,2525.0,633102
2021-06-14 10:03:06,2525.0,633102
2021-06-14 10:03:09,2525.05,633122
2021-06-14 10:03:10,2525.05,633262
2021-06-14 10:03:11,2524.9,633620
2021-06-14 10:03:11,2524.9,633620
2021-06-14 10:03:12,2524.9,633725
2021-06-14 10:03:14,2524.9,633749
2021-06-14 10:03:15,2524.0,633758
2021-06-14 10:03:16,2524.0,633968
2021-06-14 10:03:16,2524.0,633968
2021-06-14 10:03:17,2524.9,634142
2021-06-14 10:03:18,2524.9,634192
2021-06-14 10:03:20,2524.85,634221
2021-06-14 10:03:21,2524.85,634251
2021-06-14 10:03:22,2524.0,634386
2021-06-14 10:03:23,2524.0,634506
2021-06-14 10:03:24,2524.85,634508
2021-06-14 10:03:28,2524.85,634520
2021-06-14 10:03:29,2524.85,634531
2021-06-14 10:03:30,2524.0,634715
2021-06-14 10:03:32,2524.7,634976
2021-06-14 10:03:33,2524.7,634976
2021-06-14 10:03:33,2524.7,635022
2021-06-14 10:03:34,2524.9,635128
2021-06-14 10:03:35,2524.9,635179
2021-06-14 10:03:38,2524.0,635288
2021-06-14 10:03:39,2524.9,635468
2021-06-14 10:03:40,2524.9,635468
2021-06-14 10:03:41,2524.9,635470
2021-06-14 10:03:42,2524.85,635490
2021-06-14 10:03:43,2524.9,635591
2021-06-14 10:03:44,2524.9,635691
2021-06-14 10:03:45,2524.85,635742
2021-06-14 10:03:46,2524.85,635742
2021-06-14 10:03:47,2524.85,635744
2021-06-14 10:03:48,2524.1,635755
2021-06-14 10:03:50,2524.1,635807
2021-06-14 10:03:51,2524.85,635809
2021-06-14 10:03:53,2524.0,636012
2021-06-14 10:03:54,2524.0,636012
2021-06-14 10:03:55,2524.8,636017
2021-06-14 10:03:56,2524.1,636067
2021-06-14 10:03:57,2524.8,636079
2021-06-14 10:03:58,2524.8,636184
2021-06-14 10:04:00,2524.05,636209
2021-06-14 10:04:01,2524.8,636229
2021-06-14 10:04:02,2524.8,636269
2021-06-14 10:04:03,2524.05,636325
2021-06-14 10:04:04,2524.8,636344
2021-06-14 10:04:05,2524.85,636644
2021-06-14 10:04:06,2524.8,636645
2021-06-14 10:04:06,2524.8,636645
2021-06-14 10:04:07,2524.8,636645
2021-06-14 10:04:08,2524.8,636755
2021-06-14 10:04:09,2524.8,636790
2021-06-14 10:04:10,2524.8,636790
2021-06-14 10:04:12,2524.8,636790
2021-06-14 10:04:13,2524.8,636799
2021-06-14 10:04:14,2524.8,637293
2021-06-14 10:04:14,2524.8,637294
2021-06-14 10:04:17,2524.15,637511
2021-06-14 10:04:18,2524.95,637714
2021-06-14 10:04:19,2524.95,637714
2021-06-14 10:04:20,2524.95,637714
2021-06-14 10:04:20,2524.95,637714
2021-06-14 10:04:21,2524.95,637714
2021-06-14 10:04:23,2524.95,637764
2021-06-14 10:04:24,2524.95,637765
2021-06-14 10:04:25,2524.95,637785
2021-06-14 10:04:26,2524.3,637793
2021-06-14 10:04:27,2524.3,637793
2021-06-14 10:04:28,2524.5,637803
2021-06-14 10:04:29,2524.8,637928
2021-06-14 10:04:30,2524.8,637941
2021-06-14 10:04:30,2524.8,637941
2021-06-14 10:04:31,2524.95,638363
2021-06-14 10:04:32,2524.95,638574
2021-06-14 10:04:34,2524.8,638576
2021-06-14 10:04:35,2525.9,641117
2021-06-14 10:04:36,2525.6,641186
2021-06-14 10:04:37,2526.75,642135
2021-06-14 10:04:37,2526.75,642135
2021-06-14 10:04:38,2527.0,642170
2021-06-14 10:04:39,2527.0,642170
2021-06-14 10:04:40,2527.0,642292
2021-06-14 10:04:42,2527.75,642732
2021-06-14 10:04:43,2528.5,642885
2021-06-14 10:04:44,2529.0,643119
2021-06-14 10:04:45,2529.0,643161
2021-06-14 10:04:45,2529.0,643161
2021-06-14 10:04:46,2529.4,643309
2021-06-14 10:04:47,2529.25,643458
2021-06-14 10:04:49,2529.25,643458
2021-06-14 10:04:50,2528.15,643459
2021-06-14 10:04:51,2529.35,643462
2021-06-14 10:04:51,2529.35,643462
2021-06-14 10:04:54,2528.95,643464
2021-06-14 10:04:55,2528.95,643464
2021-06-14 10:04:56,2528.95,643464
2021-06-14 10:04:57,2528.8,643467
2021-06-14 10:04:58,2528.0,643473
2021-06-14 10:04:59,2528.9,643498
2021-06-14 10:05:00,2528.8,643761
2021-06-14 10:05:01,2528.8,643771
2021-06-14 10:05:02,2529.1,643923
2021-06-14 10:05:02,2529.1,643923
2021-06-14 10:05:05,2529.05,644010
2021-06-14 10:05:06,2529.05,644041
2021-06-14 10:05:07,2528.25,644046
2021-06-14 10:05:07,2528.25,644046
2021-06-14 10:05:08,2528.2,644072
2021-06-14 10:05:09,2529.0,644088
2021-06-14 10:05:10,2529.0,644099
2021-06-14 10:05:11,2529.0,644119
2021-06-14 10:05:13,2529.0,644142
2021-06-14 10:05:14,2529.0,644155
2021-06-14 10:05:15,2529.05,644165
2021-06-14 10:05:16,2529.05,644175
2021-06-14 10:05:17,2529.0,644176
2021-06-14 10:05:17,2529.0,644407
2021-06-14 10:05:18,2529.05,644604
2021-06-14 10:05:19,2529.05,644605
2021-06-14 10:05:21,2529.05,644606
2021-06-14 10:05:22,2528.95,644769
2021-06-14 10:05:23,2528.2,644770
2021-06-14 10:05:24,2528.2,644770
2021-06-14 10:05:25,2528.2,644770
2021-06-14 10:05:25,2528.2,644770
2021-06-14 10:05:26,2528.2,644770
2021-06-14 10:05:28,2528.95,644840
2021-06-14 10:05:29,2528.0,645401
2021-06-14 10:05:31,2528.2,645664
2021-06-14 10:05:31,2528.2,645664
2021-06-14 10:05:33,2528.2,645692
2021-06-14 10:05:34,2528.2,645782
2021-06-14 10:05:35,2528.2,645894
2021-06-14 10:05:36,2528.2,645945
2021-06-14 10:05:37,2526.55,645977
2021-06-14 10:05:38,2528.2,645987
2021-06-14 10:05:38,2528.2,645987
2021-06-14 10:05:39,2528.2,645992
2021-06-14 10:05:40,2528.2,645992
2021-06-14 10:05:41,2528.2,645992
2021-06-14 10:05:43,2528.2,645996
2021-06-14 10:05:44,2528.2,646021
2021-06-14 10:05:45,2528.2,646021
2021-06-14 10:05:46,2528.2,646021
2021-06-14 10:05:47,2528.2,646022
2021-06-14 10:05:47,2528.2,646022
2021-06-14 10:05:49,2528.2,646022
2021-06-14 10:05:50,2529.0,649023
2021-06-14 10:05:51,2529.0,649023
2021-06-14 10:05:52,2528.0,649031
2021-06-14 10:05:53,2529.0,649131
2021-06-14 10:05:54,2529.0,649136
2021-06-14 10:05:54,2529.0,649136
2021-06-14 10:05:55,2528.05,649362
2021-06-14 10:05:56,2529.0,649363
2021-06-14 10:05:58,2529.0,649468
2021-06-14 10:05:59,2529.0,649468
2021-06-14 10:06:00,2529.0,649469
2021-06-14 10:06:01,2529.0,649469
2021-06-14 10:06:02,2528.15,649533
2021-06-14 10:06:03,2528.15,649553
2021-06-14 10:06:04,2528.9,649653
2021-06-14 10:06:05,2528.15,649663
2021-06-14 10:06:06,2528.15,649663
2021-06-14 10:06:07,2528.15,649663
2021-06-14 10:06:08,2528.15,649663
2021-06-14 10:06:09,2525.95,650380
2021-06-14 10:06:09,2525.95,650380
2021-06-14 10:06:10,2526.75,650455
2021-06-14 10:06:11,2526.25,650496
2021-06-14 10:06:13,2526.25,650621
2021-06-14 10:06:15,2526.25,650627
2021-06-14 10:06:16,2525.0,650727
2021-06-14 10:06:16,2525.0,650727
2021-06-14 10:06:17,2525.95,650737
2021-06-14 10:06:19,2525.7,650738
2021-06-14 10:06:20,2525.6,650757
2021-06-14 10:06:21,2525.6,650798
2021-06-14 10:06:22,2525.6,650798
2021-06-14 10:06:23,2525.6,650798
2021-06-14 10:06:23,2525.6,650798
2021-06-14 10:06:24,2525.4,650848
2021-06-14 10:06:26,2525.0,650899
2021-06-14 10:06:27,2525.0,650899
2021-06-14 10:06:28,2525.35,650954
2021-06-14 10:06:29,2525.35,650984
2021-06-14 10:06:30,2525.35,650984
2021-06-14 10:06:31,2525.35,651004
2021-06-14 10:06:32,2525.35,651004
2021-06-14 10:06:32,2525.35,651004
2021-06-14 10:06:33,2525.35,651006
2021-06-14 10:06:34,2525.35,651017
2021-06-14 10:06:36,2525.0,651127
2021-06-14 10:06:37,2525.3,651133
2021-06-14 10:06:38,2525.35,651138
2021-06-14 10:06:39,2525.35,651438
2021-06-14 10:06:40,2525.35,651441
2021-06-14 10:06:40,2525.35,651442
2021-06-14 10:06:41,2525.0,651443
2021-06-14 10:06:42,2525.0,651443
2021-06-14 10:06:44,2525.35,651452
2021-06-14 10:06:45,2525.35,651672
2021-06-14 10:06:46,2525.3,651682
2021-06-14 10:06:47,2525.45,652782
2021-06-14 10:06:47,2525.45,652782
2021-06-14 10:06:49,2525.45,652807
2021-06-14 10:06:50,2525.45,652807
2021-06-14 10:06:51,2525.45,652808
2021-06-14 10:06:52,2525.45,652819
2021-06-14 10:06:53,2525.3,652869
2021-06-14 10:06:54,2525.0,652901
2021-06-14 10:06:55,2525.45,652943
2021-06-14 10:06:56,2525.45,652944
2021-06-14 10:06:56,2525.45,652944
2021-06-14 10:06:58,2525.45,652955
2021-06-14 10:06:59,2525.45,652980
2021-06-14 10:07:00,2525.45,653130
2021-06-14 10:07:01,2525.45,653130
2021-06-14 10:07:02,2525.45,653130
2021-06-14 10:07:03,2525.45,653156
2021-06-14 10:07:04,2525.45,653156
2021-06-14 10:07:05,2525.35,653166
2021-06-14 10:07:06,2525.35,653166
2021-06-14 10:07:07,2525.45,653171
2021-06-14 10:07:09,2525.45,653196
2021-06-14 10:07:10,2525.45,653234
2021-06-14 10:07:12,2525.45,653312
2021-06-14 10:07:14,2526.3,653438
2021-06-14 10:07:15,2526.3,653438
2021-06-14 10:07:16,2526.8,653443
2021-06-14 10:07:17,2526.8,653446
2021-06-14 10:07:18,2526.8,653477
2021-06-14 10:07:19,2526.8,653477
2021-06-14 10:07:20,2525.95,653518
2021-06-14 10:07:20,2526.25,653519
2021-06-14 10:07:21,2526.25,653705
2021-06-14 10:07:23,2526.05,653775
2021-06-14 10:07:25,2526.25,653804
2021-06-14 10:07:26,2526.25,653816
2021-06-14 10:07:27,2526.1,653819
2021-06-14 10:07:27,2526.1,653819
2021-06-14 10:07:29,2526.1,653819
2021-06-14 10:07:30,2526.1,653825
2021-06-14 10:07:31,2526.1,653834
2021-06-14 10:07:32,2526.1,653859
2021-06-14 10:07:33,2526.1,653859
2021-06-14 10:07:34,2526.25,653866
2021-06-14 10:07:35,2526.25,653951
2021-06-14 10:07:36,2526.25,654050
2021-06-14 10:07:37,2526.25,654408
2021-06-14 10:07:38,2526.25,654483
2021-06-14 10:07:39,2526.25,654483
2021-06-14 10:07:40,2526.25,654533
2021-06-14 10:07:41,2526.25,654551
2021-06-14 10:07:42,2526.25,654601
2021-06-14 10:07:43,2526.25,654601
2021-06-14 10:07:44,2526.25,654604
2021-06-14 10:07:45,2526.25,654604
2021-06-14 10:07:46,2526.2,654661
2021-06-14 10:07:47,2526.2,654662
2021-06-14 10:07:48,2526.2,654662
2021-06-14 10:07:49,2526.2,654675
2021-06-14 10:07:50,2526.2,654675
2021-06-14 10:07:51,2526.2,654675
2021-06-14 10:07:52,2526.2,654675
2021-06-14 10:07:53,2526.2,654675
2021-06-14 10:07:54,2526.2,654731
2021-06-14 10:07:55,2526.2,654740
2021-06-14 10:07:56,2526.1,654741
2021-06-14 10:07:57,2526.1,654741
2021-06-14 10:07:58,2526.1,654741
