timestamp,ltp,volume
2021-06-14 09:15:43,632.75,159075
2021-06-14 09:15:48,632.7,161031
2021-06-14 09:15:49,632.7,161251
2021-06-14 09:15:50,632.8,162206
2021-06-14 09:15:51,632.6,162577
2021-06-14 09:15:52,632.95,164992
2021-06-14 09:15:53,632.95,165160
2021-06-14 09:15:54,633.2,165186
2021-06-14 09:15:55,633.25,165339
2021-06-14 09:15:56,633.3,168050
2021-06-14 09:15:57,633.25,168470
2021-06-14 09:15:58,632.85,168904
2021-06-14 09:15:59,633.0,168920
2021-06-14 09:16:00,632.95,169995
2021-06-14 09:16:01,632.7,170689
2021-06-14 09:16:03,632.7,177286
2021-06-14 09:16:05,633.0,184878
2021-06-14 09:16:06,633.0,186831
2021-06-14 09:16:07,633.15,189069
2021-06-14 09:16:08,632.8,192686
2021-06-14 09:16:09,633.0,192931
2021-06-14 09:16:10,633.0,193127
2021-06-14 09:16:11,633.0,194509
2021-06-14 09:16:12,633.0,195075
2021-06-14 09:16:13,632.65,195661
2021-06-14 09:16:14,633.0,198222
2021-06-14 09:16:15,633.0,198527
2021-06-14 09:16:16,633.2,198832
2021-06-14 09:16:17,633.15,201092
2021-06-14 09:16:18,633.0,201152
2021-06-14 09:16:19,633.0,202063
2021-06-14 09:16:20,632.85,202122
2021-06-14 09:16:21,633.0,202478
2021-06-14 09:16:22,633.0,204979
2021-06-14 09:16:24,633.0,205580
2021-06-14 09:16:25,632.9,207107
2021-06-14 09:16:26,633.0,207862
2021-06-14 09:16:28,633.05,209609
2021-06-14 09:16:29,632.95,210603
2021-06-14 09:16:30,632.6,213582
2021-06-14 09:16:31,632.5,215594
2021-06-14 09:16:32,632.6,216354
2021-06-14 09:16:33,632.5,218319
2021-06-14 09:16:34,632.6,218969
2021-06-14 09:16:35,632.5,219613
2021-06-14 09:16:36,632.55,220717
2021-06-14 09:16:37,632.5,221560
2021-06-14 09:16:38,632.7,222132
2021-06-14 09:16:39,632.4,225136
2021-06-14 09:16:40,632.45,226546
2021-06-14 09:16:41,632.5,227582
2021-06-14 09:16:42,632.5,227728
2021-06-14 09:16:43,632.35,228219
2021-06-14 09:16:44,632.3,230106
2021-06-14 09:16:45,632.35,230735
2021-06-14 09:16:46,632.2,231220
2021-06-14 09:16:47,632.2,232956
2021-06-14 09:16:48,632.3,233927
2021-06-14 09:16:49,632.05,235408
2021-06-14 09:16:50,632.2,235413
2021-06-14 09:16:51,632.0,236755
2021-06-14 09:16:52,632.05,237221
2021-06-14 09:16:53,632.1,237648
2021-06-14 09:16:54,632.2,237941
2021-06-14 09:16:55,632.1,238436
2021-06-14 09:16:56,632.1,238809
2021-06-14 09:16:58,632.15,239128
2021-06-14 09:16:59,632.15,239829
2021-06-14 09:17:00,632.1,239884
2021-06-14 09:17:00,632.1,239884
2021-06-14 09:17:01,632.15,241221
2021-06-14 09:17:02,632.15,242747
2021-06-14 09:17:03,632.0,244436
2021-06-14 09:17:04,632.0,244436
2021-06-14 09:17:05,632.1,244989
2021-06-14 09:17:06,632.0,246133
2021-06-14 09:17:07,632.05,246401
2021-06-14 09:17:08,632.1,246979
2021-06-14 09:17:09,632.05,248535
2021-06-14 09:17:11,632.1,249037
2021-06-14 09:17:12,632.0,250846
2021-06-14 09:17:13,632.1,250999
2021-06-14 09:17:14,632.1,252371
2021-06-14 09:17:14,632.1,252371
2021-06-14 09:17:15,632.15,252938
2021-06-14 09:17:16,632.15,253334
2021-06-14 09:17:17,632.15,254524
2021-06-14 09:17:18,632.2,255171
2021-06-14 09:17:19,632.2,255172
2021-06-14 09:17:20,632.2,255385
2021-06-14 09:17:21,632.2,256161
2021-06-14 09:17:22,632.1,256781
2021-06-14 09:17:23,632.2,256849
2021-06-14 09:17:24,632.05,257364
2021-06-14 09:17:25,632.05,257447
2021-06-14 09:17:26,632.2,257967
2021-06-14 09:17:27,632.2,259053
2021-06-14 09:17:28,632.25,262697
2021-06-14 09:17:29,632.2,264878
2021-06-14 09:17:30,632.2,266499
2021-06-14 09:17:31,632.25,268598
2021-06-14 09:17:32,632.2,269137
2021-06-14 09:17:33,632.2,270583
2021-06-14 09:17:35,632.2,270994
2021-06-14 09:17:35,632.2,271002
2021-06-14 09:17:36,632.1,274557
2021-06-14 09:17:37,632.25,275909
2021-06-14 09:17:38,632.25,276736
2021-06-14 09:17:39,632.3,277477
2021-06-14 09:17:40,632.3,277777
2021-06-14 09:17:41,632.25,279590
2021-06-14 09:17:42,632.25,279687
2021-06-14 09:17:43,632.25,279990
2021-06-14 09:17:44,632.25,281093
2021-06-14 09:17:45,632.5,281413
2021-06-14 09:17:46,632.35,282292
2021-06-14 09:17:47,632.35,282564
2021-06-14 09:17:48,632.35,282692
2021-06-14 09:17:49,632.5,284419
2021-06-14 09:17:50,632.3,284715
2021-06-14 09:17:51,632.3,285409
2021-06-14 09:17:52,632.3,286187
2021-06-14 09:17:54,632.55,287996
2021-06-14 09:17:53,632.3,287313
2021-06-14 09:17:55,632.5,288168
2021-06-14 09:17:56,632.55,288522
2021-06-14 09:17:57,632.55,290248
2021-06-14 09:17:58,632.5,290299
2021-06-14 09:17:59,632.55,291751
2021-06-14 09:18:00,632.55,291804
2021-06-14 09:18:02,632.6,293701
2021-06-14 09:18:03,632.55,293998
2021-06-14 09:18:04,632.55,294453
2021-06-14 09:18:05,632.55,305597
2021-06-14 09:18:06,632.65,310687
2021-06-14 09:18:07,632.65,313788
2021-06-14 09:18:08,632.65,314555
2021-06-14 09:18:09,632.8,314580
2021-06-14 09:18:10,632.65,317145
2021-06-14 09:18:11,632.75,322282
2021-06-14 09:18:13,632.75,322532
2021-06-14 09:18:14,632.75,322632
2021-06-14 09:18:15,632.65,322645
2021-06-14 09:18:16,632.65,322911
2021-06-14 09:18:17,632.6,325125
2021-06-14 09:18:18,632.5,327133
2021-06-14 09:18:19,632.65,327199
2021-06-14 09:18:20,632.6,327294
2021-06-14 09:18:20,632.7,327298
2021-06-14 09:18:21,632.5,329206
2021-06-14 09:18:22,632.65,334969
2021-06-14 09:18:23,632.65,335087
2021-06-14 09:18:24,632.5,335239
2021-06-14 09:18:25,632.65,336253
2021-06-14 09:18:26,632.65,336954
2021-06-14 09:18:27,632.65,337480
2021-06-14 09:18:28,632.55,338234
2021-06-14 09:18:29,632.55,338428
2021-06-14 09:18:30,632.7,340263
2021-06-14 09:18:31,632.7,340376
2021-06-14 09:18:32,632.65,342087
2021-06-14 09:18:33,632.65,342979
2021-06-14 09:18:34,632.85,345328
2021-06-14 09:18:35,632.85,345560
2021-06-14 09:18:36,632.85,345966
2021-06-14 09:18:37,632.85,346020
2021-06-14 09:18:38,632.85,346039
2021-06-14 09:18:39,632.85,346040
2021-06-14 09:18:40,632.85,346138
2021-06-14 09:18:41,632.85,346357
2021-06-14 09:18:42,632.85,346734
2021-06-14 09:18:43,632.75,347048
2021-06-14 09:18:44,632.75,347836
2021-06-14 09:18:45,633.0,347838
2021-06-14 09:18:46,632.75,347885
2021-06-14 09:18:47,632.75,348007
2021-06-14 09:18:48,632.85,350700
2021-06-14 09:18:49,632.8,354057
2021-06-14 09:18:50,632.9,355196
2021-06-14 09:18:51,632.7,356068
2021-06-14 09:18:52,632.9,356408
2021-06-14 09:18:53,632.9,357237
2021-06-14 09:18:54,632.6,358446
2021-06-14 09:18:55,632.8,358487
2021-06-14 09:18:56,632.8,359011
2021-06-14 09:18:57,632.55,360387
2021-06-14 09:18:59,632.65,362149
2021-06-14 09:19:00,632.9,362196
2021-06-14 09:19:01,632.7,362473
2021-06-14 09:19:02,632.85,362692
2021-06-14 09:19:03,632.85,363196
2021-06-14 09:19:04,632.55,364242
2021-06-14 09:19:06,632.25,375484
2021-06-14 09:19:07,632.45,375718
2021-06-14 09:19:08,632.45,375780
2021-06-14 09:19:09,632.4,375943
2021-06-14 09:19:10,632.25,376444
2021-06-14 09:19:11,632.35,379409
2021-06-14 09:19:13,632.2,379518
2021-06-14 09:19:14,632.15,383984
2021-06-14 09:19:15,632.15,384244
2021-06-14 09:19:16,632.0,384748
2021-06-14 09:19:16,632.05,384929
2021-06-14 09:19:19,632.0,398768
2021-06-14 09:19:20,632.0,400860
2021-06-14 09:19:21,631.75,401693
2021-06-14 09:19:22,631.95,402705
2021-06-14 09:19:23,631.75,402888
2021-06-14 09:19:24,631.7,404727
2021-06-14 09:19:25,631.85,404891
2021-06-14 09:19:25,631.85,404891
2021-06-14 09:19:26,631.85,405648
2021-06-14 09:19:27,631.85,405852
2021-06-14 09:19:28,631.75,413706
2021-06-14 09:19:29,631.75,415240
2021-06-14 09:19:30,631.9,415558
2021-06-14 09:19:31,631.9,418782
2021-06-14 09:19:32,631.8,419198
2021-06-14 09:19:33,631.75,419209
2021-06-14 09:19:34,631.55,419839
2021-06-14 09:19:36,631.6,421891
2021-06-14 09:19:37,631.85,423936
2021-06-14 09:19:38,631.8,424097
2021-06-14 09:19:39,631.6,424328
2021-06-14 09:19:40,631.75,424372
2021-06-14 09:19:40,631.75,424372
2021-06-14 09:19:41,631.75,426323
2021-06-14 09:19:42,631.6,427660
2021-06-14 09:19:43,631.75,429130
2021-06-14 09:19:44,631.85,432343
2021-06-14 09:19:45,631.5,432993
2021-06-14 09:19:46,631.25,433745
2021-06-14 09:19:47,631.45,434543
2021-06-14 09:19:48,631.4,434766
2021-06-14 09:19:49,631.4,435458
2021-06-14 09:19:50,631.35,436893
2021-06-14 09:19:51,631.2,437173
2021-06-14 09:19:52,631.2,437448
2021-06-14 09:19:54,631.2,440920
2021-06-14 09:19:55,631.1,443153
2021-06-14 09:19:56,631.5,444633
2021-06-14 09:19:58,631.35,445763
2021-06-14 09:19:59,631.35,446482
2021-06-14 09:20:00,631.35,447105
2021-06-14 09:20:01,631.3,449708
2021-06-14 09:20:02,631.2,453303
2021-06-14 09:20:03,631.2,453773
2021-06-14 09:20:04,631.1,455550
2021-06-14 09:20:05,631.2,456381
2021-06-14 09:20:06,631.0,457602
2021-06-14 09:20:07,631.2,457833
2021-06-14 09:20:08,631.0,457942
2021-06-14 09:20:09,631.0,458391
2021-06-14 09:20:10,631.2,460559
2021-06-14 09:20:11,631.1,465728
2021-06-14 09:20:12,631.1,468794
2021-06-14 09:20:13,631.0,469809
2021-06-14 09:20:14,631.1,470986
2021-06-14 09:20:15,631.0,471917
2021-06-14 09:20:16,631.0,474498
2021-06-14 09:20:17,631.05,474860
2021-06-14 09:20:18,631.0,476115
2021-06-14 09:20:19,631.0,477025
2021-06-14 09:20:20,631.0,477557
2021-06-14 09:20:21,631.05,478907
2021-06-14 09:20:22,631.15,479249
2021-06-14 09:20:24,630.6,481567
2021-06-14 09:20:25,630.85,481851
2021-06-14 09:20:27,630.85,482830
2021-06-14 09:20:28,631.0,482953
2021-06-14 09:20:29,631.0,484098
2021-06-14 09:20:30,630.6,485202
2021-06-14 09:20:31,630.55,485862
2021-06-14 09:20:32,630.55,488555
2021-06-14 09:20:32,630.45,488816
2021-06-14 09:20:33,630.45,489264
2021-06-14 09:20:34,630.4,489897
2021-06-14 09:20:36,630.4,496760
2021-06-14 09:20:37,630.05,501873
2021-06-14 09:20:38,630.25,502953
2021-06-14 09:20:39,630.45,503832
2021-06-14 09:20:39,630.4,503927
2021-06-14 09:20:40,630.35,504860
2021-06-14 09:20:41,630.1,507130
2021-06-14 09:20:42,630.4,508583
2021-06-14 09:20:43,630.25,512130
2021-06-14 09:20:44,630.25,513628
2021-06-14 09:20:45,630.3,514635
2021-06-14 09:20:46,630.55,515254
2021-06-14 09:20:47,630.35,516469
2021-06-14 09:20:48,630.4,516855
2021-06-14 09:20:49,630.4,517167
2021-06-14 09:20:50,630.5,517762
2021-06-14 09:20:52,630.7,518253
2021-06-14 09:20:52,630.5,518354
2021-06-14 09:20:53,630.55,519892
2021-06-14 09:20:54,630.7,520939
2021-06-14 09:20:55,630.8,522817
2021-06-14 09:20:56,630.7,523207
2021-06-14 09:20:57,630.8,530899
2021-06-14 09:20:59,630.95,533005
2021-06-14 09:21:01,630.5,534376
2021-06-14 09:21:02,630.5,534532
2021-06-14 09:21:03,630.75,536259
2021-06-14 09:21:04,630.7,537486
2021-06-14 09:21:05,630.5,537554
2021-06-14 09:21:06,630.4,538027
2021-06-14 09:21:08,630.5,540263
2021-06-14 09:21:08,630.95,552827
2021-06-14 09:21:11,630.7,556919
2021-06-14 09:21:12,630.75,558050
2021-06-14 09:21:13,630.85,558907
2021-06-14 09:21:14,630.6,559637
2021-06-14 09:21:15,630.55,559768
2021-06-14 09:21:16,630.7,562089
2021-06-14 09:21:17,630.75,563755
2021-06-14 09:21:18,630.85,563858
2021-06-14 09:21:19,630.75,566717
2021-06-14 09:21:21,630.65,567131
2021-06-14 09:21:22,630.65,567330
2021-06-14 09:21:23,630.9,569027
2021-06-14 09:21:24,631.0,569407
2021-06-14 09:21:25,631.0,569407
2021-06-14 09:21:26,631.0,569478
2021-06-14 09:21:26,631.0,569480
2021-06-14 09:21:27,630.9,569505
2021-06-14 09:21:28,631.0,572535
2021-06-14 09:21:29,630.85,572568
2021-06-14 09:21:30,631.0,572584
2021-06-14 09:21:31,630.8,572913
2021-06-14 09:21:32,630.75,573142
2021-06-14 09:21:33,630.85,573244
2021-06-14 09:21:34,630.65,576240
2021-06-14 09:21:35,630.8,579079
2021-06-14 09:21:36,630.85,584046
2021-06-14 09:21:37,631.05,584255
2021-06-14 09:21:38,631.05,584319
2021-06-14 09:21:40,631.05,584910
2021-06-14 09:21:41,631.15,585047
2021-06-14 09:21:42,630.8,586262
2021-06-14 09:21:43,630.8,587930
2021-06-14 09:21:43,631.05,587940
2021-06-14 09:21:44,631.0,587991
2021-06-14 09:21:45,631.0,588103
2021-06-14 09:21:46,631.0,589564
2021-06-14 09:21:47,631.15,590851
2021-06-14 09:21:48,631.0,590888
2021-06-14 09:21:49,631.0,591546
2021-06-14 09:21:50,631.0,591606
2021-06-14 09:21:51,630.95,591740
2021-06-14 09:21:52,630.85,594736
2021-06-14 09:21:53,631.0,595291
2021-06-14 09:21:54,630.9,595754
2021-06-14 09:21:55,630.75,596904
2021-06-14 09:21:56,631.0,597881
2021-06-14 09:21:57,631.0,598138
2021-06-14 09:21:58,631.0,598139
2021-06-14 09:22:00,630.8,598698
2021-06-14 09:22:01,630.9,599953
2021-06-14 09:22:02,631.0,600276
2021-06-14 09:22:03,630.95,600457
2021-06-14 09:22:04,630.85,600568
2021-06-14 09:22:05,630.95,600776
2021-06-14 09:22:05,630.6,602357
2021-06-14 09:22:06,630.95,602837
2021-06-14 09:22:07,630.75,603038
2021-06-14 09:22:08,631.05,605909
2021-06-14 09:22:09,631.05,606049
2021-06-14 09:22:10,631.0,606550
2021-06-14 09:22:11,631.0,607544
2021-06-14 09:22:12,631.05,607583
2021-06-14 09:22:13,631.05,607810
2021-06-14 09:22:14,631.05,608230
2021-06-14 09:22:15,631.25,609314
2021-06-14 09:22:16,631.1,609325
2021-06-14 09:22:17,631.3,609601
2021-06-14 09:22:18,631.25,610772
2021-06-14 09:22:20,631.55,611817
2021-06-14 09:22:21,631.35,611987
2021-06-14 09:22:22,631.35,612089
2021-06-14 09:22:23,631.5,614240
2021-06-14 09:22:24,631.4,614241
2021-06-14 09:22:25,631.05,614781
2021-06-14 09:22:26,631.2,616043
2021-06-14 09:22:26,631.2,616053
2021-06-14 09:22:27,631.2,617435
2021-06-14 09:22:28,631.1,618857
2021-06-14 09:22:29,631.0,619329
2021-06-14 09:22:30,631.1,619410
2021-06-14 09:22:31,631.0,619776
2021-06-14 09:22:32,631.05,620037
2021-06-14 09:22:34,631.0,620220
2021-06-14 09:22:34,631.0,621649
2021-06-14 09:22:36,631.0,627823
2021-06-14 09:22:37,631.05,631474
2021-06-14 09:22:37,630.8,632372
2021-06-14 09:22:38,630.8,632643
2021-06-14 09:22:39,630.85,633004
2021-06-14 09:22:41,630.65,633273
2021-06-14 09:22:41,630.65,634563
2021-06-14 09:22:43,630.5,638756
2021-06-14 09:22:44,630.55,639333
2021-06-14 09:22:44,630.5,639334
2021-06-14 09:22:46,630.4,639733
2021-06-14 09:22:47,630.5,640153
2021-06-14 09:22:48,630.65,640588
2021-06-14 09:22:49,630.55,641103
2021-06-14 09:22:50,630.5,641118
2021-06-14 09:22:51,630.7,641382
2021-06-14 09:22:52,630.65,641862
2021-06-14 09:22:53,630.4,642119
2021-06-14 09:22:55,630.6,644394
2021-06-14 09:22:56,630.65,645023
2021-06-14 09:22:57,630.5,645077
2021-06-14 09:22:58,630.4,645094
2021-06-14 09:22:59,630.5,645530
2021-06-14 09:23:00,630.45,650069
2021-06-14 09:23:01,630.65,651853
2021-06-14 09:23:02,630.7,652834
2021-06-14 09:23:03,630.65,653214
2021-06-14 09:23:04,630.6,653374
2021-06-14 09:23:05,630.6,653682
2021-06-14 09:23:06,630.65,654486
2021-06-14 09:23:07,630.8,655812
2021-06-14 09:23:08,630.6,655863
2021-06-14 09:23:09,630.6,655863
2021-06-14 09:23:10,630.6,656470
2021-06-14 09:23:12,630.65,658047
2021-06-14 09:23:13,630.65,658047
2021-06-14 09:23:14,630.8,658048
2021-06-14 09:23:15,630.8,658053
2021-06-14 09:23:16,630.75,659588
2021-06-14 09:23:17,630.75,659733
2021-06-14 09:23:19,630.75,660064
2021-06-14 09:23:20,630.75,660081
2021-06-14 09:23:21,630.7,660461
2021-06-14 09:23:21,630.7,660461
2021-06-14 09:23:23,630.6,660646
2021-06-14 09:23:24,630.6,660790
2021-06-14 09:23:26,630.5,661033
2021-06-14 09:23:27,630.7,662142
2021-06-14 09:23:28,630.7,662456
2021-06-14 09:23:29,630.75,662459
2021-06-14 09:23:30,630.5,662672
2021-06-14 09:23:31,630.5,662784
2021-06-14 09:23:32,630.75,663043
2021-06-14 09:23:32,630.7,663071
2021-06-14 09:23:34,630.7,663207
2021-06-14 09:23:35,630.7,664009
2021-06-14 09:23:36,630.6,664506
2021-06-14 09:23:37,630.6,665695
2021-06-14 09:23:37,630.6,665719
2021-06-14 09:23:39,630.6,665803
2021-06-14 09:23:40,630.6,665829
2021-06-14 09:23:41,630.6,666085
2021-06-14 09:23:42,630.6,666311
2021-06-14 09:23:43,630.55,666537
2021-06-14 09:23:45,630.6,666619
2021-06-14 09:23:46,630.6,667206
2021-06-14 09:23:47,630.7,667657
2021-06-14 09:23:48,630.6,667673
2021-06-14 09:23:49,630.7,668983
2021-06-14 09:23:50,630.6,669526
2021-06-14 09:23:50,630.6,669526
2021-06-14 09:23:53,630.65,670092
2021-06-14 09:23:54,630.7,670650
2021-06-14 09:23:55,630.6,670828
2021-06-14 09:23:56,630.6,672304
2021-06-14 09:23:56,630.75,672812
2021-06-14 09:23:58,630.75,674058
2021-06-14 09:23:59,630.75,674333
2021-06-14 09:24:00,630.75,674407
2021-06-14 09:24:01,630.7,674703
2021-06-14 09:24:02,630.45,675047
2021-06-14 09:24:03,630.55,675213
2021-06-14 09:24:04,630.55,675709
2021-06-14 09:24:04,630.5,675720
2021-06-14 09:24:06,630.55,677013
2021-06-14 09:24:07,630.5,679166
2021-06-14 09:24:08,630.5,679462
2021-06-14 09:24:09,630.4,679858
2021-06-14 09:24:10,630.4,679923
2021-06-14 09:24:10,630.5,679929
2021-06-14 09:24:12,630.4,681403
2021-06-14 09:24:13,630.5,683923
2021-06-14 09:24:14,630.4,685088
2021-06-14 09:24:15,630.5,685221
2021-06-14 09:24:15,630.5,685225
2021-06-14 09:24:17,630.5,687172
2021-06-14 09:24:18,630.4,687226
2021-06-14 09:24:19,630.4,687373
2021-06-14 09:24:20,630.5,688463
2021-06-14 09:24:21,630.4,688723
2021-06-14 09:24:22,630.5,688974
2021-06-14 09:24:22,630.5,688974
2021-06-14 09:24:24,630.3,689090
2021-06-14 09:24:26,630.35,689320
2021-06-14 09:24:27,630.25,689878
2021-06-14 09:24:27,630.25,689878
2021-06-14 09:24:28,630.5,689940
2021-06-14 09:24:30,630.5,690365
2021-06-14 09:24:31,630.5,690501
2021-06-14 09:24:33,630.45,690648
2021-06-14 09:24:33,630.45,690743
2021-06-14 09:24:35,630.5,690823
2021-06-14 09:24:36,630.55,690891
2021-06-14 09:24:37,630.5,690925
2021-06-14 09:24:38,630.5,691054
2021-06-14 09:24:39,630.5,691054
2021-06-14 09:24:41,630.55,691185
2021-06-14 09:24:42,630.4,691975
2021-06-14 09:24:44,630.5,692480
2021-06-14 09:24:43,630.5,692479
2021-06-14 09:24:45,630.45,693591
2021-06-14 09:24:46,630.45,693978
2021-06-14 09:24:47,630.25,694309
2021-06-14 09:24:48,630.3,694536
2021-06-14 09:24:49,630.4,696558
2021-06-14 09:24:50,630.35,697968
2021-06-14 09:24:51,630.1,699563
2021-06-14 09:24:52,630.15,700047
2021-06-14 09:24:53,630.15,700249
2021-06-14 09:24:54,630.35,700488
2021-06-14 09:24:55,630.2,700714
2021-06-14 09:24:56,630.25,702089
2021-06-14 09:24:57,630.25,704015
2021-06-14 09:24:58,630.05,705917
2021-06-14 09:24:59,630.15,707051
2021-06-14 09:25:01,630.1,708352
2021-06-14 09:25:00,630.1,708352
2021-06-14 09:25:02,630.1,708473
2021-06-14 09:25:03,630.3,708721
2021-06-14 09:25:04,630.1,708722
2021-06-14 09:25:05,630.2,710184
2021-06-14 09:25:07,630.1,710776
2021-06-14 09:25:06,630.1,710776
2021-06-14 09:25:08,630.2,712511
2021-06-14 09:25:09,630.15,714348
2021-06-14 09:25:10,630.2,714820
2021-06-14 09:25:11,630.15,715021
2021-06-14 09:25:12,630.15,715021
2021-06-14 09:25:13,630.2,715051
2021-06-14 09:25:14,630.15,715782
2021-06-14 09:25:15,630.15,716089
2021-06-14 09:25:16,630.1,717064
2021-06-14 09:25:17,629.95,746901
2021-06-14 09:25:18,629.55,753332
2021-06-14 09:25:19,629.65,754834
2021-06-14 09:25:21,629.5,755077
2021-06-14 09:25:22,629.35,758048
2021-06-14 09:25:23,629.5,760123
2021-06-14 09:25:24,629.45,761855
2021-06-14 09:25:25,629.45,763585
2021-06-14 09:25:26,629.4,767095
2021-06-14 09:25:27,629.5,769159
2021-06-14 09:25:28,629.4,769294
2021-06-14 09:25:29,629.7,770597
2021-06-14 09:25:30,629.5,771665
2021-06-14 09:25:31,629.25,772405
2021-06-14 09:25:32,629.45,772793
2021-06-14 09:25:33,629.4,773858
2021-06-14 09:25:34,629.0,776030
2021-06-14 09:25:35,629.0,777549
2021-06-14 09:25:36,629.0,779182
2021-06-14 09:25:37,628.9,789720
2021-06-14 09:25:39,628.25,801686
2021-06-14 09:25:38,628.35,801149
2021-06-14 09:25:40,628.3,804752
2021-06-14 09:25:41,628.25,807270
2021-06-14 09:25:42,628.4,808647
2021-06-14 09:25:43,628.65,811291
2021-06-14 09:25:44,628.85,811403
2021-06-14 09:25:45,628.8,812731
2021-06-14 09:25:46,628.8,813639
2021-06-14 09:25:47,629.35,816666
2021-06-14 09:25:49,628.95,819937
2021-06-14 09:25:48,628.95,819122
2021-06-14 09:25:50,629.2,821572
2021-06-14 09:25:51,629.05,823845
2021-06-14 09:25:53,629.15,826188
2021-06-14 09:25:54,629.15,827526
2021-06-14 09:25:56,629.35,829530
2021-06-14 09:25:57,629.25,830221
2021-06-14 09:25:58,629.1,830762
2021-06-14 09:25:59,629.35,831347
2021-06-14 09:26:00,629.35,831371
2021-06-14 09:26:01,629.4,831543
2021-06-14 09:26:02,629.2,836689
2021-06-14 09:26:03,629.4,838807
2021-06-14 09:26:04,629.35,840055
2021-06-14 09:26:05,629.3,840155
2021-06-14 09:26:06,629.0,840558
2021-06-14 09:26:07,628.95,841349
2021-06-14 09:26:08,629.0,841694
2021-06-14 09:26:09,629.25,842344
2021-06-14 09:26:10,628.95,842720
2021-06-14 09:26:11,629.2,842840
2021-06-14 09:26:12,629.05,843249
2021-06-14 09:26:13,629.05,843249
2021-06-14 09:26:14,629.0,843365
2021-06-14 09:26:15,628.95,843886
2021-06-14 09:26:16,629.15,843937
2021-06-14 09:26:17,629.15,844748
2021-06-14 09:26:18,629.15,844748
2021-06-14 09:26:20,629.15,845490
2021-06-14 09:26:19,629.0,845480
2021-06-14 09:26:21,629.0,845889
2021-06-14 09:26:22,629.2,846963
2021-06-14 09:26:23,628.9,849862
2021-06-14 09:26:24,629.05,850639
2021-06-14 09:26:25,629.0,851069
2021-06-14 09:26:26,629.35,852371
2021-06-14 09:26:28,629.2,855228
2021-06-14 09:26:29,629.3,856420
2021-06-14 09:26:30,629.65,862697
2021-06-14 09:26:31,629.35,864560
2021-06-14 09:26:32,629.5,864739
2021-06-14 09:26:33,629.25,864889
2021-06-14 09:26:34,629.2,865229
2021-06-14 09:26:35,629.35,865836
2021-06-14 09:26:36,629.25,866870
2021-06-14 09:26:37,629.8,867398
2021-06-14 09:26:38,629.5,869027
2021-06-14 09:26:39,629.4,870027
2021-06-14 09:26:40,629.75,870718
2021-06-14 09:26:41,629.65,870890
2021-06-14 09:26:42,629.2,871216
2021-06-14 09:26:43,629.15,872227
2021-06-14 09:26:44,629.15,872277
2021-06-14 09:26:45,629.4,872287
2021-06-14 09:26:46,629.4,872407
2021-06-14 09:26:47,629.4,872573
2021-06-14 09:26:48,629.4,873162
2021-06-14 09:26:49,629.35,873319
2021-06-14 09:26:50,629.55,873804
2021-06-14 09:26:51,629.4,874230
2021-06-14 09:26:52,629.3,874592
2021-06-14 09:26:54,629.75,874679
2021-06-14 09:26:55,629.75,874683
2021-06-14 09:26:56,629.5,875448
2021-06-14 09:26:58,629.5,876242
2021-06-14 09:26:59,629.75,876404
2021-06-14 09:26:59,629.75,876404
2021-06-14 09:27:00,629.75,876451
2021-06-14 09:27:02,629.55,878245
2021-06-14 09:27:04,629.55,878870
2021-06-14 09:27:05,629.6,879146
2021-06-14 09:27:06,629.5,879776
2021-06-14 09:27:07,629.55,879813
2021-06-14 09:27:08,629.5,880049
2021-06-14 09:27:09,629.55,880293
2021-06-14 09:27:10,629.5,880491
2021-06-14 09:27:11,629.4,880947
2021-06-14 09:27:12,629.4,882216
2021-06-14 09:27:14,629.4,883214
2021-06-14 09:27:15,629.2,883330
2021-06-14 09:27:16,629.4,883385
2021-06-14 09:27:17,629.4,883825
2021-06-14 09:27:17,629.2,883890
2021-06-14 09:27:18,629.2,884189
2021-06-14 09:27:19,629.35,884312
2021-06-14 09:27:20,629.35,884353
2021-06-14 09:27:21,629.35,884353
2021-06-14 09:27:22,629.25,884968
2021-06-14 09:27:23,629.4,885029
2021-06-14 09:27:24,629.2,885424
2021-06-14 09:27:25,629.15,885517
2021-06-14 09:27:26,629.1,885829
2021-06-14 09:27:27,629.1,885936
2021-06-14 09:27:28,629.1,886085
2021-06-14 09:27:29,629.1,886901
2021-06-14 09:27:30,629.1,887375
2021-06-14 09:27:31,629.25,888277
2021-06-14 09:27:32,629.1,888989
2021-06-14 09:27:33,629.4,891446
2021-06-14 09:27:34,629.35,891818
2021-06-14 09:27:35,629.0,892017
2021-06-14 09:27:37,629.0,899661
2021-06-14 09:27:38,629.0,899963
2021-06-14 09:27:40,629.1,901462
2021-06-14 09:27:40,629.0,901552
2021-06-14 09:27:42,629.1,902397
2021-06-14 09:27:42,628.9,902452
2021-06-14 09:27:44,628.9,903107
2021-06-14 09:27:45,629.1,903207
2021-06-14 09:27:47,628.9,903559
2021-06-14 09:27:48,629.0,904294
2021-06-14 09:27:49,628.9,904297
2021-06-14 09:27:50,629.0,904507
2021-06-14 09:27:51,629.0,904604
2021-06-14 09:27:52,628.85,904794
2021-06-14 09:27:53,629.0,904804
2021-06-14 09:27:54,629.0,904834
2021-06-14 09:27:55,629.0,905079
2021-06-14 09:27:56,628.75,906827
2021-06-14 09:27:57,629.0,906932
2021-06-14 09:27:58,629.0,908479
2021-06-14 09:27:59,629.0,908615
2021-06-14 09:28:00,629.0,909344
2021-06-14 09:28:01,629.0,909681
2021-06-14 09:28:02,628.9,911022
2021-06-14 09:28:03,628.9,911309
2021-06-14 09:28:04,628.9,911879
2021-06-14 09:28:05,629.0,912277
2021-06-14 09:28:06,629.15,912479
2021-06-14 09:28:07,629.15,912807
2021-06-14 09:28:08,629.15,913538
2021-06-14 09:28:09,629.2,913540
2021-06-14 09:28:10,629.0,913581
2021-06-14 09:28:11,629.1,917169
2021-06-14 09:28:12,629.15,917640
2021-06-14 09:28:13,629.25,917857
2021-06-14 09:28:14,629.25,917875
2021-06-14 09:28:16,629.05,920395
2021-06-14 09:28:17,628.75,920495
2021-06-14 09:28:18,628.8,923285
2021-06-14 09:28:19,628.8,923320
2021-06-14 09:28:20,628.95,927012
2021-06-14 09:28:21,629.05,927067
2021-06-14 09:28:22,629.2,928442
2021-06-14 09:28:23,629.0,928549
2021-06-14 09:28:24,628.95,929610
2021-06-14 09:28:25,629.0,929722
2021-06-14 09:28:26,629.0,930387
2021-06-14 09:28:27,629.0,930622
2021-06-14 09:28:28,628.95,933401
2021-06-14 09:28:29,629.0,933522
2021-06-14 09:28:30,629.0,934242
2021-06-14 09:28:31,628.9,935168
2021-06-14 09:28:32,628.95,935903
2021-06-14 09:28:34,628.95,936243
2021-06-14 09:28:35,628.95,936254
2021-06-14 09:28:36,629.0,936615
2021-06-14 09:28:37,629.0,936980
2021-06-14 09:28:38,628.9,937194
2021-06-14 09:28:39,628.9,937206
2021-06-14 09:28:40,628.75,937776
2021-06-14 09:28:41,628.9,937913
2021-06-14 09:28:42,628.75,938127
2021-06-14 09:28:44,628.85,940293
2021-06-14 09:28:45,628.85,941280
2021-06-14 09:28:46,628.85,941338
2021-06-14 09:28:47,628.8,941347
2021-06-14 09:28:48,628.8,942054
2021-06-14 09:28:49,628.75,942206
2021-06-14 09:28:50,628.85,945493
2021-06-14 09:28:51,628.85,946650
2021-06-14 09:28:52,628.8,946712
2021-06-14 09:28:53,628.85,946947
2021-06-14 09:28:53,628.85,946952
2021-06-14 09:28:54,628.95,948718
2021-06-14 09:28:55,628.9,950000
2021-06-14 09:28:56,629.0,950067
2021-06-14 09:28:57,628.75,952527
2021-06-14 09:28:59,628.6,955722
2021-06-14 09:29:00,628.3,957235
2021-06-14 09:29:01,628.6,957912
2021-06-14 09:29:02,628.6,958900
2021-06-14 09:29:03,628.45,958917
2021-06-14 09:29:04,628.45,958941
2021-06-14 09:29:05,628.45,959196
2021-06-14 09:29:06,628.45,959632
2021-06-14 09:29:07,628.35,959868
2021-06-14 09:29:09,628.3,960301
2021-06-14 09:29:10,628.3,961058
2021-06-14 09:29:11,628.4,964643
2021-06-14 09:29:13,628.45,965477
2021-06-14 09:29:14,628.45,967105
2021-06-14 09:29:15,628.15,967301
2021-06-14 09:29:16,628.4,967322
2021-06-14 09:29:17,628.15,967371
2021-06-14 09:29:18,628.2,967973
2021-06-14 09:29:19,628.2,968383
2021-06-14 09:29:20,628.35,968829
2021-06-14 09:29:20,628.2,968879
2021-06-14 09:29:21,628.3,971406
2021-06-14 09:29:22,628.1,972404
2021-06-14 09:29:23,628.3,972711
2021-06-14 09:29:24,628.3,972737
2021-06-14 09:29:25,628.35,976972
2021-06-14 09:29:26,628.05,981342
2021-06-14 09:29:27,628.35,982282
2021-06-14 09:29:28,628.05,983208
2021-06-14 09:29:29,628.0,986086
2021-06-14 09:29:30,627.85,996888
2021-06-14 09:29:33,627.6,1006798
2021-06-14 09:29:34,627.7,1007504
2021-06-14 09:29:37,628.05,1009995
2021-06-14 09:29:38,627.75,1011271
2021-06-14 09:29:39,627.6,1011871
2021-06-14 09:29:40,627.75,1012521
2021-06-14 09:29:41,627.35,1013224
2021-06-14 09:29:42,627.55,1013920
2021-06-14 09:29:43,627.3,1014088
2021-06-14 09:29:44,627.3,1016158
2021-06-14 09:29:45,627.4,1017547
2021-06-14 09:29:46,627.65,1019137
2021-06-14 09:29:47,627.55,1020378
2021-06-14 09:29:48,627.4,1021461
2021-06-14 09:29:49,627.4,1022347
2021-06-14 09:29:50,627.0,1025440
2021-06-14 09:29:51,627.0,1033852
2021-06-14 09:29:52,627.2,1034662
2021-06-14 09:29:53,627.2,1038347
2021-06-14 09:29:54,627.4,1038745
2021-06-14 09:29:55,627.4,1039316
2021-06-14 09:29:56,627.45,1039844
2021-06-14 09:29:57,627.4,1040360
2021-06-14 09:29:59,627.4,1044693
2021-06-14 09:30:00,627.2,1047175
2021-06-14 09:30:01,627.0,1048731
2021-06-14 09:30:02,627.05,1051793
2021-06-14 09:30:03,626.7,1070671
2021-06-14 09:30:04,626.6,1072579
2021-06-14 09:30:05,626.35,1079685
2021-06-14 09:30:06,626.2,1079692
2021-06-14 09:30:08,625.95,1088316
2021-06-14 09:30:09,625.75,1091396
2021-06-14 09:30:10,625.15,1096847
2021-06-14 09:30:11,625.05,1100582
2021-06-14 09:30:12,625.0,1107759
2021-06-14 09:30:13,624.8,1140743
2021-06-14 09:30:14,625.05,1147394
2021-06-14 09:30:15,625.0,1148539
2021-06-14 09:30:16,624.75,1151115
2021-06-14 09:30:17,625.0,1152883
2021-06-14 09:30:18,625.0,1156514
2021-06-14 09:30:19,624.9,1158978
2021-06-14 09:30:20,624.85,1162583
2021-06-14 09:30:21,624.9,1166409
2021-06-14 09:30:22,624.2,1169123
2021-06-14 09:30:23,624.5,1171771
2021-06-14 09:30:24,624.1,1173994
2021-06-14 09:30:26,624.1,1187165
2021-06-14 09:30:27,624.0,1197647
2021-06-14 09:30:28,623.8,1200803
2021-06-14 09:30:30,624.0,1207904
2021-06-14 09:30:30,624.0,1207904
2021-06-14 09:30:31,623.9,1211724
2021-06-14 09:30:32,623.7,1212987
2021-06-14 09:30:33,623.95,1216010
2021-06-14 09:30:34,624.55,1217480
2021-06-14 09:30:35,624.8,1219502
2021-06-14 09:30:36,624.7,1220976
2021-06-14 09:30:37,625.75,1228926
2021-06-14 09:30:38,625.65,1230258
2021-06-14 09:30:39,625.75,1232172
2021-06-14 09:30:40,625.75,1233107
2021-06-14 09:30:41,625.55,1234596
2021-06-14 09:30:42,625.0,1236420
2021-06-14 09:30:43,625.45,1237276
2021-06-14 09:30:44,625.65,1238972
2021-06-14 09:30:45,625.4,1239953
2021-06-14 09:30:46,625.3,1240442
2021-06-14 09:30:47,626.0,1244192
2021-06-14 09:30:48,625.8,1245163
2021-06-14 09:30:49,625.65,1245410
2021-06-14 09:30:50,625.8,1247281
2021-06-14 09:30:51,625.95,1248560
2021-06-14 09:30:52,625.7,1249413
2021-06-14 09:30:53,625.85,1249810
2021-06-14 09:30:55,625.8,1252355
2021-06-14 09:30:56,625.75,1252816
2021-06-14 09:30:57,625.75,1253195
2021-06-14 09:30:58,625.95,1255468
2021-06-14 09:30:59,625.75,1255589
2021-06-14 09:31:00,626.0,1255839
2021-06-14 09:31:01,625.8,1257196
2021-06-14 09:31:02,625.85,1257575
2021-06-14 09:31:03,625.95,1258336
2021-06-14 09:31:04,625.85,1259322
2021-06-14 09:31:05,625.95,1259572
2021-06-14 09:31:06,625.75,1260473
2021-06-14 09:31:07,626.15,1263373
2021-06-14 09:31:08,626.1,1264479
2021-06-14 09:31:10,626.1,1265341
2021-06-14 09:31:12,626.15,1267090
2021-06-14 09:31:14,626.1,1267546
2021-06-14 09:31:15,626.1,1267789
2021-06-14 09:31:17,626.3,1269249
2021-06-14 09:31:18,626.05,1269776
2021-06-14 09:31:19,626.05,1270623
2021-06-14 09:31:20,626.05,1271417
2021-06-14 09:31:21,626.05,1273087
2021-06-14 09:31:22,626.05,1273201
2021-06-14 09:31:23,626.15,1274081
2021-06-14 09:31:24,626.15,1274254
2021-06-14 09:31:25,626.15,1279680
2021-06-14 09:31:26,625.9,1280959
2021-06-14 09:31:27,625.9,1281453
2021-06-14 09:31:28,625.8,1282092
2021-06-14 09:31:29,625.8,1282364
2021-06-14 09:31:30,625.35,1285854
2021-06-14 09:31:31,625.35,1286492
2021-06-14 09:31:33,625.85,1288072
2021-06-14 09:31:34,625.75,1288296
2021-06-14 09:31:35,625.45,1288341
2021-06-14 09:31:37,625.95,1288822
2021-06-14 09:31:38,625.55,1289110
2021-06-14 09:31:39,625.6,1289285
2021-06-14 09:31:40,625.5,1289365
2021-06-14 09:31:41,625.2,1294106
2021-06-14 09:31:42,625.4,1295108
2021-06-14 09:31:43,625.4,1295190
2021-06-14 09:31:44,625.05,1295566
2021-06-14 09:31:45,625.3,1295777
2021-06-14 09:31:46,625.05,1296065
2021-06-14 09:31:47,624.95,1301280
2021-06-14 09:31:48,624.9,1301544
2021-06-14 09:31:49,624.7,1302248
2021-06-14 09:31:51,624.95,1305189
2021-06-14 09:31:52,625.0,1305526
2021-06-14 09:31:54,624.85,1315812
2021-06-14 09:31:55,625.15,1321368
2021-06-14 09:31:56,625.0,1322184
2021-06-14 09:31:56,625.15,1322700
2021-06-14 09:31:57,625.15,1323221
2021-06-14 09:31:58,625.15,1324258
2021-06-14 09:31:59,625.0,1324263
2021-06-14 09:32:00,625.15,1325164
2021-06-14 09:32:01,625.0,1327104
2021-06-14 09:32:02,625.0,1327919
2021-06-14 09:32:03,624.9,1328145
2021-06-14 09:32:04,624.9,1329259
2021-06-14 09:32:05,625.0,1333578
2021-06-14 09:32:06,625.0,1334288
2021-06-14 09:32:07,625.15,1334687
2021-06-14 09:32:08,625.15,1334858
2021-06-14 09:32:09,625.0,1335005
2021-06-14 09:32:10,625.1,1335255
2021-06-14 09:32:11,625.1,1335279
2021-06-14 09:32:12,624.85,1336394
2021-06-14 09:32:14,624.95,1337077
2021-06-14 09:32:15,624.9,1337245
2021-06-14 09:32:16,624.9,1337300
2021-06-14 09:32:17,624.5,1342122
2021-06-14 09:32:18,624.65,1342407
2021-06-14 09:32:19,624.8,1343437
2021-06-14 09:32:20,624.75,1343600
2021-06-14 09:32:21,624.75,1344823
2021-06-14 09:32:22,624.8,1347257
2021-06-14 09:32:22,624.8,1347257
2021-06-14 09:32:23,624.7,1348831
2021-06-14 09:32:24,624.7,1350426
2021-06-14 09:32:25,624.7,1350765
2021-06-14 09:32:26,624.55,1351202
2021-06-14 09:32:27,624.7,1351204
2021-06-14 09:32:28,624.7,1352035
2021-06-14 09:32:29,624.5,1354596
2021-06-14 09:32:30,624.8,1355415
2021-06-14 09:32:31,624.8,1356353
2021-06-14 09:32:32,624.8,1359716
2021-06-14 09:32:33,625.15,1361759
2021-06-14 09:32:34,625.15,1363409
2021-06-14 09:32:35,625.3,1364166
2021-06-14 09:32:36,625.45,1364742
2021-06-14 09:32:37,625.35,1365332
2021-06-14 09:32:38,625.6,1366361
2021-06-14 09:32:39,625.6,1366880
2021-06-14 09:32:40,625.8,1368112
2021-06-14 09:32:41,625.8,1368307
2021-06-14 09:32:43,626.2,1370151
2021-06-14 09:32:44,625.85,1371360
2021-06-14 09:32:44,626.05,1371362
2021-06-14 09:32:45,626.1,1372065
2021-06-14 09:32:46,626.3,1372096
2021-06-14 09:32:47,626.15,1372244
2021-06-14 09:32:48,626.05,1372483
2021-06-14 09:32:49,626.35,1373004
2021-06-14 09:32:50,626.25,1373746
2021-06-14 09:32:51,626.0,1374446
2021-06-14 09:32:52,625.85,1374950
2021-06-14 09:32:54,626.0,1375314
2021-06-14 09:32:55,625.9,1376496
2021-06-14 09:32:56,625.8,1376687
2021-06-14 09:32:57,625.8,1377340
2021-06-14 09:32:58,625.65,1378118
2021-06-14 09:32:59,625.6,1378210
2021-06-14 09:33:00,625.65,1378423
2021-06-14 09:33:01,625.65,1378795
2021-06-14 09:33:02,625.35,1379253
2021-06-14 09:33:03,625.45,1383844
2021-06-14 09:33:04,625.7,1383877
2021-06-14 09:33:06,625.6,1385822
2021-06-14 09:33:07,625.7,1387558
2021-06-14 09:33:08,625.65,1388553
2021-06-14 09:33:09,625.65,1388703
2021-06-14 09:33:09,625.45,1388603
2021-06-14 09:33:10,625.55,1389099
2021-06-14 09:33:11,625.4,1389712
2021-06-14 09:33:12,625.6,1390157
2021-06-14 09:33:14,625.55,1390455
2021-06-14 09:33:15,625.55,1390718
2021-06-14 09:33:16,625.4,1391226
2021-06-14 09:33:18,625.35,1392825
2021-06-14 09:33:19,625.5,1392847
2021-06-14 09:33:20,625.3,1393096
2021-06-14 09:33:21,625.55,1393157
2021-06-14 09:33:22,625.5,1393938
2021-06-14 09:33:23,625.5,1394000
2021-06-14 09:33:24,625.5,1394082
2021-06-14 09:33:24,625.5,1394082
2021-06-14 09:33:27,625.55,1394251
2021-06-14 09:33:28,625.5,1394323
2021-06-14 09:33:29,625.4,1394527
2021-06-14 09:33:30,625.55,1394626
2021-06-14 09:33:31,625.65,1395114
2021-06-14 09:33:32,625.5,1395614
2021-06-14 09:33:34,625.65,1396379
2021-06-14 09:33:35,625.9,1397545
2021-06-14 09:33:36,625.9,1397906
2021-06-14 09:33:37,625.8,1398279
2021-06-14 09:33:38,625.8,1398354
2021-06-14 09:33:39,625.8,1398604
2021-06-14 09:33:40,625.75,1398977
2021-06-14 09:33:41,625.65,1399404
2021-06-14 09:33:43,625.65,1401095
2021-06-14 09:33:44,626.0,1401336
2021-06-14 09:33:45,625.8,1401432
2021-06-14 09:33:46,626.0,1402073
2021-06-14 09:33:47,625.85,1403465
2021-06-14 09:33:48,625.75,1404400
2021-06-14 09:33:48,625.75,1404290
2021-06-14 09:33:49,626.0,1409703
2021-06-14 09:33:50,625.7,1409799
2021-06-14 09:33:51,625.95,1412817
2021-06-14 09:33:54,626.05,1414568
2021-06-14 09:33:55,625.8,1414834
2021-06-14 09:33:57,626.05,1415290
2021-06-14 09:33:58,625.75,1415938
2021-06-14 09:33:59,625.85,1416515
2021-06-14 09:34:00,625.8,1417514
2021-06-14 09:34:01,625.5,1418283
2021-06-14 09:34:02,625.7,1418777
2021-06-14 09:34:03,625.8,1419421
2021-06-14 09:34:04,625.8,1420113
2021-06-14 09:34:05,625.85,1421672
2021-06-14 09:34:07,625.85,1424196
2021-06-14 09:34:08,625.9,1425131
2021-06-14 09:34:08,625.9,1425315
2021-06-14 09:34:09,625.95,1426631
2021-06-14 09:34:11,625.95,1426929
2021-06-14 09:34:12,625.95,1427005
2021-06-14 09:34:13,625.95,1427769
2021-06-14 09:34:14,625.95,1427791
2021-06-14 09:34:15,625.9,1428169
2021-06-14 09:34:16,625.85,1441817
2021-06-14 09:34:17,625.85,1443081
2021-06-14 09:34:18,625.55,1444909
2021-06-14 09:34:19,625.5,1444959
2021-06-14 09:34:20,625.55,1458598
2021-06-14 09:34:21,625.4,1463153
2021-06-14 09:34:22,625.4,1463270
2021-06-14 09:34:23,625.55,1464217
2021-06-14 09:34:24,625.55,1464458
2021-06-14 09:34:25,625.75,1466495
2021-06-14 09:34:25,625.75,1466495
2021-06-14 09:34:26,625.65,1467344
2021-06-14 09:34:28,625.55,1467903
2021-06-14 09:34:29,625.6,1469373
2021-06-14 09:34:30,625.5,1469525
2021-06-14 09:34:31,625.6,1469751
2021-06-14 09:34:32,625.55,1470057
2021-06-14 09:34:33,625.85,1470615
2021-06-14 09:34:34,625.6,1470780
2021-06-14 09:34:35,625.65,1471071
2021-06-14 09:34:36,625.85,1472530
2021-06-14 09:34:37,625.85,1474001
2021-06-14 09:34:38,625.85,1474308
2021-06-14 09:34:39,625.7,1474549
2021-06-14 09:34:40,625.85,1475320
2021-06-14 09:34:41,625.85,1476125
2021-06-14 09:34:42,625.85,1476227
2021-06-14 09:34:43,625.85,1476231
2021-06-14 09:34:44,625.7,1476801
2021-06-14 09:34:45,625.8,1477656
2021-06-14 09:34:46,625.75,1477888
2021-06-14 09:34:47,625.7,1478149
2021-06-14 09:34:49,625.7,1479133
2021-06-14 09:34:54,625.55,1480588
2021-06-14 09:34:55,625.7,1481179
2021-06-14 09:34:56,625.75,1481214
2021-06-14 09:34:57,625.75,1481246
2021-06-14 09:34:58,625.6,1481367
2021-06-14 09:34:59,625.75,1482927
2021-06-14 09:35:00,625.95,1483025
2021-06-14 09:35:01,625.85,1485590
2021-06-14 09:35:02,626.05,1486719
2021-06-14 09:35:03,626.05,1486741
2021-06-14 09:35:04,625.95,1487067
2021-06-14 09:35:05,626.05,1488187
2021-06-14 09:35:06,626.05,1488338
2021-06-14 09:35:07,626.2,1489708
2021-06-14 09:35:08,626.45,1507408
2021-06-14 09:35:09,626.5,1512994
2021-06-14 09:35:10,626.55,1514254
2021-06-14 09:35:11,626.3,1514721
2021-06-14 09:35:12,626.5,1515733
2021-06-14 09:35:13,626.35,1516961
2021-06-14 09:35:14,626.65,1517122
2021-06-14 09:35:15,626.65,1518343
2021-06-14 09:35:16,626.65,1519061
2021-06-14 09:35:16,626.65,1520009
2021-06-14 09:35:18,627.0,1522668
2021-06-14 09:35:19,627.05,1524281
2021-06-14 09:35:20,627.2,1525233
2021-06-14 09:35:21,627.25,1525513
2021-06-14 09:35:22,627.2,1525633
2021-06-14 09:35:23,626.95,1526008
2021-06-14 09:35:24,627.05,1526946
2021-06-14 09:35:25,627.55,1527633
2021-06-14 09:35:26,627.45,1528074
2021-06-14 09:35:27,627.35,1528177
2021-06-14 09:35:28,627.7,1530272
2021-06-14 09:35:29,627.7,1530759
2021-06-14 09:35:30,627.5,1530979
2021-06-14 09:35:31,627.5,1534683
2021-06-14 09:35:32,627.55,1535318
2021-06-14 09:35:33,627.7,1536688
2021-06-14 09:35:34,627.55,1537208
2021-06-14 09:35:35,627.6,1537797
2021-06-14 09:35:36,627.7,1537975
2021-06-14 09:35:37,627.5,1539231
2021-06-14 09:35:38,627.65,1539586
2021-06-14 09:35:40,627.55,1539725
2021-06-14 09:35:39,627.55,1539695
2021-06-14 09:35:41,627.6,1540380
2021-06-14 09:35:42,627.3,1540631
2021-06-14 09:35:43,627.3,1540840
2021-06-14 09:35:44,627.1,1553459
2021-06-14 09:35:45,627.05,1553991
2021-06-14 09:35:46,627.15,1554514
2021-06-14 09:35:47,627.15,1557281
2021-06-14 09:35:48,627.15,1557433
2021-06-14 09:35:49,627.25,1558907
2021-06-14 09:35:50,627.25,1559024
2021-06-14 09:35:51,627.2,1559250
2021-06-14 09:35:52,627.25,1559865
2021-06-14 09:35:53,627.25,1560143
2021-06-14 09:35:54,627.4,1561056
2021-06-14 09:35:55,627.55,1565166
2021-06-14 09:35:56,627.4,1565450
2021-06-14 09:35:57,627.45,1565997
2021-06-14 09:35:58,627.5,1566859
2021-06-14 09:35:59,627.5,1569656
2021-06-14 09:36:00,627.65,1569971
2021-06-14 09:36:01,627.65,1571361
2021-06-14 09:36:03,627.55,1573870
2021-06-14 09:36:04,627.55,1574473
2021-06-14 09:36:05,627.7,1574595
2021-06-14 09:36:09,627.7,1578360
2021-06-14 09:36:10,627.7,1578607
2021-06-14 09:36:11,627.55,1578958
2021-06-14 09:36:12,627.75,1579998
2021-06-14 09:36:13,627.65,1580179
2021-06-14 09:36:15,627.55,1583524
2021-06-14 09:36:16,627.55,1583637
2021-06-14 09:36:17,627.55,1584209
2021-06-14 09:36:18,627.5,1584889
2021-06-14 09:36:19,627.7,1586047
2021-06-14 09:36:20,627.7,1586047
2021-06-14 09:36:21,627.7,1586988
2021-06-14 09:36:22,627.7,1587097
2021-06-14 09:36:23,627.7,1587188
2021-06-14 09:36:24,627.7,1588057
2021-06-14 09:36:26,627.65,1588562
2021-06-14 09:36:27,627.75,1589970
2021-06-14 09:36:28,627.7,1590108
2021-06-14 09:36:29,628.0,1591057
2021-06-14 09:36:30,628.0,1594888
2021-06-14 09:36:31,628.0,1595098
2021-06-14 09:36:32,628.0,1597438
2021-06-14 09:36:33,628.05,1598504
2021-06-14 09:36:34,628.35,1599653
2021-06-14 09:36:35,628.25,1600271
2021-06-14 09:36:36,628.1,1600803
2021-06-14 09:36:37,628.25,1601011
2021-06-14 09:36:38,628.1,1601390
2021-06-14 09:36:39,628.25,1602941
2021-06-14 09:36:40,628.25,1603346
2021-06-14 09:36:42,628.0,1604085
2021-06-14 09:36:43,628.15,1604332
2021-06-14 09:36:45,628.15,1605792
2021-06-14 09:36:46,628.05,1608291
2021-06-14 09:36:47,628.05,1609786
2021-06-14 09:36:48,628.05,1610433
2021-06-14 09:36:49,628.05,1611000
2021-06-14 09:36:50,628.1,1611239
2021-06-14 09:36:51,628.0,1611628
2021-06-14 09:36:53,628.1,1612389
2021-06-14 09:36:54,628.25,1613450
2021-06-14 09:36:55,628.1,1613524
2021-06-14 09:36:56,628.25,1614644
2021-06-14 09:36:57,628.25,1614847
2021-06-14 09:36:58,628.05,1615073
2021-06-14 09:36:59,628.25,1615333
2021-06-14 09:37:00,628.25,1616398
2021-06-14 09:37:01,628.25,1618403
2021-06-14 09:37:02,628.1,1618530
2021-06-14 09:37:03,628.15,1619411
2021-06-14 09:37:04,628.25,1619563
2021-06-14 09:37:05,628.25,1619614
2021-06-14 09:37:06,628.25,1619758
2021-06-14 09:37:07,628.25,1620781
2021-06-14 09:37:08,628.4,1620969
2021-06-14 09:37:09,628.25,1621059
2021-06-14 09:37:10,628.35,1622994
2021-06-14 09:37:11,628.15,1623328
2021-06-14 09:37:12,628.35,1623713
2021-06-14 09:37:13,628.5,1625010
2021-06-14 09:37:14,628.5,1626515
2021-06-14 09:37:15,628.5,1626805
2021-06-14 09:37:16,628.5,1628353
2021-06-14 09:37:17,628.5,1628412
2021-06-14 09:37:18,628.4,1630856
2021-06-14 09:37:19,628.25,1631356
2021-06-14 09:37:20,628.35,1631463
2021-06-14 09:37:22,628.3,1633728
2021-06-14 09:37:24,628.3,1634346
2021-06-14 09:37:25,628.1,1634411
2021-06-14 09:37:26,628.2,1634928
2021-06-14 09:37:27,628.3,1634972
2021-06-14 09:37:28,628.1,1635069
2021-06-14 09:37:29,628.0,1635307
2021-06-14 09:37:30,628.2,1635739
2021-06-14 09:37:31,628.0,1637382
2021-06-14 09:37:32,628.1,1638294
2021-06-14 09:37:33,628.2,1638779
2021-06-14 09:37:34,628.2,1638795
2021-06-14 09:37:35,628.2,1638896
2021-06-14 09:37:36,628.1,1639392
2021-06-14 09:37:37,628.1,1640504
2021-06-14 09:37:38,628.1,1640635
2021-06-14 09:37:39,628.0,1640754
2021-06-14 09:37:40,628.1,1640950
2021-06-14 09:37:41,628.1,1641325
2021-06-14 09:37:42,628.1,1642156
2021-06-14 09:37:43,628.1,1642158
2021-06-14 09:37:44,628.1,1642368
2021-06-14 09:37:45,628.1,1642469
2021-06-14 09:37:46,628.2,1642989
2021-06-14 09:37:47,628.15,1643089
2021-06-14 09:37:48,628.1,1643259
2021-06-14 09:37:49,628.0,1643643
2021-06-14 09:37:50,628.15,1644178
2021-06-14 09:37:51,628.15,1644213
2021-06-14 09:37:52,628.0,1644561
2021-06-14 09:37:53,627.95,1645930
2021-06-14 09:37:54,628.0,1647152
2021-06-14 09:37:55,628.0,1647252
2021-06-14 09:37:56,627.9,1648241
2021-06-14 09:37:58,627.75,1648940
2021-06-14 09:37:59,627.75,1648995
2021-06-14 09:38:00,627.8,1649366
2021-06-14 09:38:01,627.8,1650262
2021-06-14 09:38:02,628.15,1650439
2021-06-14 09:38:03,628.0,1651276
2021-06-14 09:38:04,628.15,1651727
2021-06-14 09:38:05,628.15,1651884
2021-06-14 09:38:06,628.05,1651961
2021-06-14 09:38:07,628.1,1652011
2021-06-14 09:38:08,628.15,1652780
2021-06-14 09:38:09,627.95,1652912
2021-06-14 09:38:10,627.95,1653398
2021-06-14 09:38:12,627.75,1653592
2021-06-14 09:38:13,627.75,1654052
2021-06-14 09:38:14,627.75,1654309
2021-06-14 09:38:15,627.6,1656709
2021-06-14 09:38:16,627.7,1657393
2021-06-14 09:38:17,627.6,1658180
2021-06-14 09:38:18,627.7,1658383
2021-06-14 09:38:20,627.95,1659102
2021-06-14 09:38:20,627.95,1659414
2021-06-14 09:38:21,627.95,1659610
2021-06-14 09:38:22,627.95,1660516
2021-06-14 09:38:23,627.9,1660787
2021-06-14 09:38:24,627.9,1660806
2021-06-14 09:38:25,627.9,1660961
2021-06-14 09:38:26,627.9,1661085
2021-06-14 09:38:27,627.9,1661753
2021-06-14 09:38:29,627.95,1663060
2021-06-14 09:38:30,628.1,1664893
2021-06-14 09:38:31,628.0,1665410
2021-06-14 09:38:32,627.75,1666310
2021-06-14 09:38:33,628.0,1666390
2021-06-14 09:38:34,628.05,1666421
2021-06-14 09:38:36,628.1,1666605
2021-06-14 09:38:38,627.75,1666922
2021-06-14 09:38:38,627.9,1666926
2021-06-14 09:38:39,627.9,1666936
2021-06-14 09:38:40,627.9,1667202
2021-06-14 09:38:42,627.9,1667466
2021-06-14 09:38:43,627.9,1667515
2021-06-14 09:38:44,627.9,1667614
2021-06-14 09:38:45,627.9,1668139
2021-06-14 09:38:46,628.0,1668266
2021-06-14 09:38:47,627.9,1668277
2021-06-14 09:38:48,627.9,1668511
2021-06-14 09:38:49,627.85,1668576
2021-06-14 09:38:49,627.85,1668591
2021-06-14 09:38:50,628.0,1669069
2021-06-14 09:38:53,628.0,1670067
2021-06-14 09:38:52,627.95,1670042
2021-06-14 09:38:54,627.9,1670167
2021-06-14 09:38:55,627.95,1670597
2021-06-14 09:38:56,628.0,1670630
2021-06-14 09:38:57,627.9,1671048
2021-06-14 09:38:58,628.0,1671603
2021-06-14 09:38:59,628.0,1671724
2021-06-14 09:39:00,628.0,1672827
2021-06-14 09:39:01,627.9,1673054
2021-06-14 09:39:02,627.9,1673122
2021-06-14 09:39:03,628.0,1673473
2021-06-14 09:39:04,628.0,1673652
2021-06-14 09:39:05,628.0,1673872
2021-06-14 09:39:06,627.95,1674083
2021-06-14 09:39:07,627.9,1674098
2021-06-14 09:39:08,627.9,1674208
2021-06-14 09:39:09,628.0,1674612
2021-06-14 09:39:10,628.0,1674670
2021-06-14 09:39:11,628.0,1675043
2021-06-14 09:39:12,627.7,1677587
2021-06-14 09:39:13,627.75,1677606
2021-06-14 09:39:14,627.8,1677917
2021-06-14 09:39:15,627.6,1678160
2021-06-14 09:39:16,627.75,1678631
2021-06-14 09:39:18,627.75,1678850
2021-06-14 09:39:18,627.7,1678947
2021-06-14 09:39:19,627.7,1679318
2021-06-14 09:39:20,627.7,1679456
2021-06-14 09:39:21,627.65,1679492
2021-06-14 09:39:22,627.6,1680059
2021-06-14 09:39:23,627.75,1680474
2021-06-14 09:39:24,627.75,1681062
2021-06-14 09:39:25,627.75,1681133
2021-06-14 09:39:26,627.75,1681506
2021-06-14 09:39:27,627.75,1681751
2021-06-14 09:39:28,627.7,1681805
2021-06-14 09:39:29,627.8,1682632
2021-06-14 09:39:30,628.0,1683208
2021-06-14 09:39:31,627.95,1683304
2021-06-14 09:39:32,628.0,1683507
2021-06-14 09:39:33,628.0,1683512
2021-06-14 09:39:34,628.0,1683610
2021-06-14 09:39:35,628.0,1683710
2021-06-14 09:39:36,628.0,1684162
2021-06-14 09:39:38,628.15,1686036
2021-06-14 09:39:38,628.15,1686037
2021-06-14 09:39:39,628.15,1686861
2021-06-14 09:39:41,628.1,1687547
2021-06-14 09:39:42,628.1,1687678
2021-06-14 09:39:43,627.95,1687898
2021-06-14 09:39:44,628.1,1688398
2021-06-14 09:39:45,627.75,1689095
2021-06-14 09:39:46,628.05,1689717
2021-06-14 09:39:47,628.05,1689735
2021-06-14 09:39:48,628.0,1689832
2021-06-14 09:39:49,628.0,1689842
2021-06-14 09:39:50,628.1,1689976
2021-06-14 09:39:51,628.15,1691310
2021-06-14 09:39:52,628.15,1691462
2021-06-14 09:39:53,628.3,1692165
2021-06-14 09:39:54,628.2,1693738
2021-06-14 09:39:56,628.15,1693782
2021-06-14 09:39:57,628.2,1693817
2021-06-14 09:39:58,628.15,1694169
2021-06-14 09:40:00,628.15,1694433
2021-06-14 09:40:01,628.0,1695881
2021-06-14 09:40:02,627.85,1696384
2021-06-14 09:40:03,628.0,1696754
2021-06-14 09:40:04,628.1,1696944
2021-06-14 09:40:04,628.3,1696949
2021-06-14 09:40:05,628.3,1697096
2021-06-14 09:40:07,628.2,1697194
2021-06-14 09:40:08,628.15,1697730
2021-06-14 09:40:09,628.15,1697855
2021-06-14 09:40:10,628.15,1697868
2021-06-14 09:40:11,628.0,1697970
2021-06-14 09:40:12,628.2,1698199
2021-06-14 09:40:13,628.0,1698411
2021-06-14 09:40:14,628.0,1698643
2021-06-14 09:40:15,628.2,1698980
2021-06-14 09:40:16,628.2,1699057
2021-06-14 09:40:17,628.2,1699169
2021-06-14 09:40:18,628.2,1699184
2021-06-14 09:40:19,628.2,1699186
2021-06-14 09:40:20,628.2,1699318
2021-06-14 09:40:23,628.15,1704020
2021-06-14 09:40:24,628.2,1704023
2021-06-14 09:40:25,628.25,1704046
2021-06-14 09:40:26,628.15,1704120
2021-06-14 09:40:26,628.2,1704395
2021-06-14 09:40:27,628.15,1705122
2021-06-14 09:40:28,628.0,1705150
2021-06-14 09:40:29,628.15,1705477
2021-06-14 09:40:30,628.2,1705613
2021-06-14 09:40:31,628.15,1705661
2021-06-14 09:40:34,628.0,1707845
2021-06-14 09:40:35,628.0,1707855
2021-06-14 09:40:36,628.05,1708199
2021-06-14 09:40:37,627.95,1708885
2021-06-14 09:40:38,628.1,1709246
2021-06-14 09:40:39,628.05,1710046
2021-06-14 09:40:41,627.95,1710463
2021-06-14 09:40:43,627.95,1710742
2021-06-14 09:40:44,627.95,1710794
2021-06-14 09:40:45,627.65,1711757
2021-06-14 09:40:47,627.75,1712213
2021-06-14 09:40:47,627.75,1712203
2021-06-14 09:40:48,627.6,1712251
2021-06-14 09:40:49,627.6,1712344
2021-06-14 09:40:50,627.75,1712412
2021-06-14 09:40:51,627.75,1713432
2021-06-14 09:40:53,627.6,1713626
2021-06-14 09:40:54,627.75,1713844
2021-06-14 09:40:55,627.75,1713871
2021-06-14 09:40:57,627.6,1715254
2021-06-14 09:40:58,627.6,1715429
2021-06-14 09:40:59,627.75,1715464
2021-06-14 09:41:00,628.0,1716697
2021-06-14 09:41:01,627.75,1717256
2021-06-14 09:41:02,628.0,1717476
2021-06-14 09:41:03,627.9,1717578
2021-06-14 09:41:05,627.95,1717579
2021-06-14 09:41:06,627.9,1717707
2021-06-14 09:41:07,627.95,1718058
2021-06-14 09:41:08,627.75,1718258
2021-06-14 09:41:09,627.75,1718474
2021-06-14 09:41:10,628.0,1719096
2021-06-14 09:41:11,627.95,1719641
2021-06-14 09:41:12,627.9,1720161
2021-06-14 09:41:13,627.9,1720444
2021-06-14 09:41:15,627.9,1720598
2021-06-14 09:41:17,627.7,1720839
2021-06-14 09:41:18,627.9,1720897
2021-06-14 09:41:19,627.9,1721902
2021-06-14 09:41:20,627.9,1722103
2021-06-14 09:41:21,627.85,1722673
2021-06-14 09:41:22,627.6,1722688
2021-06-14 09:41:23,627.75,1723504
2021-06-14 09:41:24,627.75,1723574
2021-06-14 09:41:25,627.6,1723604
2021-06-14 09:41:26,627.75,1723643
2021-06-14 09:41:27,627.75,1723946
2021-06-14 09:41:28,627.75,1723946
2021-06-14 09:41:28,627.75,1723946
2021-06-14 09:41:29,627.75,1724078
2021-06-14 09:41:30,627.85,1724252
2021-06-14 09:41:31,627.9,1724253
2021-06-14 09:41:32,627.9,1724253
2021-06-14 09:41:34,627.9,1724257
2021-06-14 09:41:35,627.9,1724273
2021-06-14 09:41:36,627.9,1724387
2021-06-14 09:41:37,627.9,1724709
2021-06-14 09:41:38,627.9,1724774
2021-06-14 09:41:39,628.1,1730174
2021-06-14 09:41:40,628.1,1730230
2021-06-14 09:41:41,628.15,1734224
2021-06-14 09:41:42,628.15,1734245
2021-06-14 09:41:43,628.15,1734393
2021-06-14 09:41:43,628.0,1734725
2021-06-14 09:41:44,628.15,1734761
2021-06-14 09:41:46,628.15,1735511
2021-06-14 09:41:47,628.15,1735676
2021-06-14 09:41:48,628.15,1735680
2021-06-14 09:41:49,628.15,1736086
2021-06-14 09:41:50,628.15,1736197
2021-06-14 09:41:51,628.0,1736366
2021-06-14 09:41:52,628.05,1737065
2021-06-14 09:41:53,628.0,1737066
2021-06-14 09:41:54,628.35,1742101
2021-06-14 09:41:54,628.4,1742126
2021-06-14 09:41:55,628.05,1742525
2021-06-14 09:41:56,628.05,1742761
2021-06-14 09:41:58,628.05,1743039
2021-06-14 09:41:59,628.0,1743339
2021-06-14 09:42:01,628.05,1743649
2021-06-14 09:42:02,628.1,1744159
2021-06-14 09:42:03,628.05,1744166
2021-06-14 09:42:04,628.05,1744212
2021-06-14 09:42:05,628.05,1744212
2021-06-14 09:42:06,628.05,1744672
2021-06-14 09:42:07,628.05,1744781
2021-06-14 09:42:08,628.0,1744910
2021-06-14 09:42:09,628.2,1744995
2021-06-14 09:42:10,628.2,1745110
2021-06-14 09:42:10,628.2,1745110
2021-06-14 09:42:11,628.1,1745210
2021-06-14 09:42:13,628.3,1745247
2021-06-14 09:42:15,628.1,1745249
2021-06-14 09:42:16,628.2,1745255
2021-06-14 09:42:17,628.3,1745476
2021-06-14 09:42:18,628.3,1745487
2021-06-14 09:42:19,628.3,1745537
2021-06-14 09:42:20,628.3,1746152
2021-06-14 09:42:21,628.35,1746829
2021-06-14 09:42:22,628.35,1747039
2021-06-14 09:42:23,628.35,1747157
2021-06-14 09:42:24,628.35,1747159
2021-06-14 09:42:25,628.3,1747196
2021-06-14 09:42:26,628.35,1747294
2021-06-14 09:42:27,628.35,1747350
2021-06-14 09:42:28,628.3,1747778
2021-06-14 09:42:28,628.3,1747793
2021-06-14 09:42:29,628.3,1748116
2021-06-14 09:42:30,628.3,1748356
2021-06-14 09:42:32,628.35,1748949
2021-06-14 09:42:33,628.3,1749578
2021-06-14 09:42:34,628.35,1750017
2021-06-14 09:42:35,628.35,1750017
2021-06-14 09:42:36,628.3,1750124
2021-06-14 09:42:37,628.25,1751160
2021-06-14 09:42:38,628.35,1751162
2021-06-14 09:42:39,628.25,1751752
2021-06-14 09:42:40,628.1,1752921
2021-06-14 09:42:41,628.0,1754240
2021-06-14 09:42:42,627.9,1754242
2021-06-14 09:42:43,628.1,1754320
2021-06-14 09:42:44,628.1,1754525
2021-06-14 09:42:45,628.0,1754575
2021-06-14 09:42:46,627.9,1754764
2021-06-14 09:42:47,628.0,1755344
2021-06-14 09:42:47,628.15,1755294
2021-06-14 09:42:48,628.15,1755345
2021-06-14 09:42:49,628.15,1755345
2021-06-14 09:42:50,628.15,1755394
2021-06-14 09:42:51,628.15,1755757
2021-06-14 09:42:52,628.25,1755779
2021-06-14 09:42:53,628.15,1755865
2021-06-14 09:42:54,628.2,1755876
2021-06-14 09:42:55,628.2,1755893
2021-06-14 09:42:56,628.15,1756087
2021-06-14 09:42:57,628.2,1756092
2021-06-14 09:42:58,628.2,1756185
2021-06-14 09:42:59,628.15,1756318
2021-06-14 09:43:00,628.0,1756488
2021-06-14 09:43:02,628.0,1757038
2021-06-14 09:43:03,628.1,1757284
2021-06-14 09:43:04,628.1,1757307
2021-06-14 09:43:05,628.1,1757332
2021-06-14 09:43:06,627.95,1759169
2021-06-14 09:43:07,627.95,1759199
2021-06-14 09:43:08,627.95,1759311
2021-06-14 09:43:09,627.95,1759319
2021-06-14 09:43:10,627.95,1760141
2021-06-14 09:43:11,627.95,1760196
2021-06-14 09:43:11,627.95,1760198
2021-06-14 09:43:12,627.95,1760208
2021-06-14 09:43:13,627.95,1760328
2021-06-14 09:43:14,627.95,1760344
2021-06-14 09:43:15,627.95,1760378
2021-06-14 09:43:16,627.95,1760496
2021-06-14 09:43:17,627.95,1760876
2021-06-14 09:43:18,628.1,1761256
2021-06-14 09:43:19,628.1,1761561
2021-06-14 09:43:20,628.1,1761561
2021-06-14 09:43:21,628.1,1762113
2021-06-14 09:43:22,628.1,1762117
2021-06-14 09:43:23,627.85,1762337
2021-06-14 09:43:25,628.1,1762405
2021-06-14 09:43:26,628.1,1763011
2021-06-14 09:43:27,628.1,1763361
2021-06-14 09:43:29,628.0,1763481
2021-06-14 09:43:28,628.1,1763440
2021-06-14 09:43:30,628.1,1763593
2021-06-14 09:43:31,628.3,1764571
2021-06-14 09:43:32,628.15,1764683
2021-06-14 09:43:33,628.3,1764685
2021-06-14 09:43:34,628.3,1764724
2021-06-14 09:43:35,628.15,1764763
2021-06-14 09:43:36,628.3,1764824
2021-06-14 09:43:38,628.3,1766131
2021-06-14 09:43:39,628.3,1766281
2021-06-14 09:43:40,628.3,1766634
2021-06-14 09:43:41,628.3,1766736
2021-06-14 09:43:42,628.3,1766782
2021-06-14 09:43:43,628.15,1767035
2021-06-14 09:43:44,628.3,1767225
2021-06-14 09:43:45,628.3,1767318
2021-06-14 09:43:46,628.1,1767742
2021-06-14 09:43:47,628.15,1767900
2021-06-14 09:43:48,628.15,1767998
2021-06-14 09:43:49,628.25,1768343
2021-06-14 09:43:50,628.15,1768639
2021-06-14 09:43:51,628.2,1768807
2021-06-14 09:43:52,628.2,1769188
2021-06-14 09:43:55,628.1,1769337
2021-06-14 09:43:57,628.2,1769687
2021-06-14 09:43:58,628.15,1769938
2021-06-14 09:43:59,627.9,1771300
2021-06-14 09:44:00,627.9,1772564
2021-06-14 09:44:00,627.85,1772655
2021-06-14 09:44:01,627.9,1773181
2021-06-14 09:44:02,627.9,1773359
2021-06-14 09:44:03,627.8,1773362
2021-06-14 09:44:04,627.8,1773445
2021-06-14 09:44:06,627.9,1773561
2021-06-14 09:44:07,627.75,1773938
2021-06-14 09:44:08,627.95,1774518
2021-06-14 09:44:09,627.75,1774630
2021-06-14 09:44:12,628.1,1775218
2021-06-14 09:44:13,628.0,1775285
2021-06-14 09:44:14,627.95,1775585
2021-06-14 09:44:16,627.95,1775808
2021-06-14 09:44:15,627.8,1775683
2021-06-14 09:44:16,627.75,1775846
2021-06-14 09:44:17,627.8,1776392
2021-06-14 09:44:19,628.0,1776938
2021-06-14 09:44:20,627.8,1777040
2021-06-14 09:44:20,627.8,1777040
2021-06-14 09:44:23,628.0,1777480
2021-06-14 09:44:24,628.0,1777802
2021-06-14 09:44:26,628.0,1778177
2021-06-14 09:44:25,627.85,1777867
2021-06-14 09:44:26,627.95,1778255
2021-06-14 09:44:28,628.0,1778334
2021-06-14 09:44:29,627.75,1778466
2021-06-14 09:44:30,627.95,1778507
2021-06-14 09:44:32,628.0,1779289
2021-06-14 09:44:33,628.05,1779309
2021-06-14 09:44:35,628.1,1779513
2021-06-14 09:44:35,628.0,1779580
2021-06-14 09:44:37,628.0,1779802
2021-06-14 09:44:38,628.1,1779901
2021-06-14 09:44:39,628.1,1779938
2021-06-14 09:44:40,628.1,1780045
2021-06-14 09:44:41,628.05,1780085
2021-06-14 09:44:42,628.05,1780301
2021-06-14 09:44:44,628.05,1781010
2021-06-14 09:44:43,628.0,1780550
2021-06-14 09:44:45,627.95,1781781
2021-06-14 09:44:46,627.95,1782070
2021-06-14 09:44:47,628.0,1782549
2021-06-14 09:44:48,628.0,1782677
2021-06-14 09:44:49,627.7,1782929
2021-06-14 09:44:50,628.0,1783006
2021-06-14 09:44:52,627.7,1783194
2021-06-14 09:44:54,627.95,1783563
2021-06-14 09:44:55,627.95,1784691
2021-06-14 09:44:56,627.95,1784970
2021-06-14 09:44:57,627.95,1785308
2021-06-14 09:45:00,627.95,1786031
2021-06-14 09:45:01,627.95,1786067
2021-06-14 09:45:02,627.95,1786072
2021-06-14 09:45:03,627.7,1786462
2021-06-14 09:45:03,628.0,1786385
2021-06-14 09:45:04,628.05,1787494
2021-06-14 09:45:06,628.05,1787852
2021-06-14 09:45:07,628.05,1787982
2021-06-14 09:45:08,627.95,1788000
2021-06-14 09:45:09,627.95,1788010
2021-06-14 09:45:10,627.95,1788023
2021-06-14 09:45:11,627.95,1788083
2021-06-14 09:45:14,627.7,1788871
2021-06-14 09:45:15,627.6,1789556
2021-06-14 09:45:16,627.75,1793013
2021-06-14 09:45:17,627.6,1794602
2021-06-14 09:45:18,627.6,1794796
2021-06-14 09:45:19,627.8,1795260
2021-06-14 09:45:21,627.6,1805670
2021-06-14 09:45:23,627.55,1809076
2021-06-14 09:45:24,627.45,1809217
2021-06-14 09:45:25,627.3,1809620
2021-06-14 09:45:26,627.25,1810050
2021-06-14 09:45:27,627.2,1810663
2021-06-14 09:45:28,627.25,1810892
2021-06-14 09:45:29,627.55,1812111
2021-06-14 09:45:30,627.25,1812473
2021-06-14 09:45:32,627.5,1812690
2021-06-14 09:45:33,627.4,1813392
2021-06-14 09:45:34,627.3,1813723
2021-06-14 09:45:35,627.3,1813820
2021-06-14 09:45:35,627.15,1813833
2021-06-14 09:45:37,627.4,1814133
2021-06-14 09:45:39,627.05,1815675
2021-06-14 09:45:40,627.05,1816568
2021-06-14 09:45:41,627.05,1816896
2021-06-14 09:45:42,627.1,1817254
2021-06-14 09:45:43,626.7,1821946
2021-06-14 09:45:44,626.65,1823590
2021-06-14 09:45:46,626.4,1824837
2021-06-14 09:45:47,626.55,1825194
2021-06-14 09:45:49,626.55,1825249
2021-06-14 09:45:49,626.55,1825299
2021-06-14 09:45:52,626.7,1827056
2021-06-14 09:45:53,626.4,1827121
2021-06-14 09:45:54,626.25,1827741
2021-06-14 09:45:54,626.25,1827741
2021-06-14 09:45:56,626.95,1829693
2021-06-14 09:45:57,626.85,1832993
2021-06-14 09:45:58,626.95,1833061
2021-06-14 09:45:59,626.95,1833161
2021-06-14 09:46:00,626.65,1833244
2021-06-14 09:46:00,626.65,1833244
2021-06-14 09:46:01,626.9,1833789
2021-06-14 09:46:03,626.65,1833851
2021-06-14 09:46:04,626.6,1833899
2021-06-14 09:46:06,626.8,1833999
2021-06-14 09:46:07,626.75,1836655
2021-06-14 09:46:08,626.75,1837066
2021-06-14 09:46:09,627.2,1839492
2021-06-14 09:46:10,627.1,1839502
2021-06-14 09:46:11,627.05,1839631
2021-06-14 09:46:12,627.05,1840448
2021-06-14 09:46:13,627.2,1840668
2021-06-14 09:46:14,627.2,1841511
2021-06-14 09:46:15,627.2,1841957
2021-06-14 09:46:16,627.2,1846303
2021-06-14 09:46:17,627.1,1846534
2021-06-14 09:46:18,627.1,1846543
2021-06-14 09:46:19,627.0,1847109
2021-06-14 09:46:20,627.0,1847109
2021-06-14 09:46:21,627.15,1847719
2021-06-14 09:46:22,627.1,1847990
2021-06-14 09:46:23,627.15,1848228
2021-06-14 09:46:24,627.1,1848601
2021-06-14 09:46:25,627.2,1848627
2021-06-14 09:46:26,627.2,1849322
2021-06-14 09:46:27,627.2,1849323
2021-06-14 09:46:28,627.1,1849333
2021-06-14 09:46:29,627.25,1850056
2021-06-14 09:46:32,627.1,1850677
2021-06-14 09:46:33,627.0,1850790
2021-06-14 09:46:34,627.05,1850884
2021-06-14 09:46:35,627.05,1850886
2021-06-14 09:46:36,627.05,1851110
2021-06-14 09:46:37,627.0,1851269
2021-06-14 09:46:39,627.3,1851437
2021-06-14 09:46:42,627.05,1851853
2021-06-14 09:46:43,627.05,1851938
2021-06-14 09:46:44,627.05,1852194
2021-06-14 09:46:45,627.25,1852366
2021-06-14 09:46:46,627.25,1852418
2021-06-14 09:46:47,627.25,1852462
2021-06-14 09:46:48,627.0,1852937
2021-06-14 09:46:49,627.0,1853288
2021-06-14 09:46:51,627.1,1853479
2021-06-14 09:46:52,626.85,1853953
2021-06-14 09:46:53,626.85,1854003
2021-06-14 09:46:54,626.85,1854180
2021-06-14 09:46:55,626.8,1854241
2021-06-14 09:46:56,626.85,1854405
2021-06-14 09:46:57,627.0,1854535
2021-06-14 09:46:58,626.8,1854537
2021-06-14 09:47:00,626.8,1854562
2021-06-14 09:46:59,626.8,1854562
2021-06-14 09:47:01,627.0,1854578
2021-06-14 09:47:02,627.0,1855587
2021-06-14 09:47:03,626.85,1855608
2021-06-14 09:47:04,626.95,1855635
2021-06-14 09:47:05,626.85,1855701
2021-06-14 09:47:06,626.95,1855997
2021-06-14 09:47:07,626.8,1856612
2021-06-14 09:47:08,626.8,1856833
2021-06-14 09:47:10,626.85,1857131
2021-06-14 09:47:11,626.85,1857151
2021-06-14 09:47:12,626.85,1857233
2021-06-14 09:47:13,626.85,1857261
2021-06-14 09:47:14,626.8,1857817
2021-06-14 09:47:15,626.6,1857918
2021-06-14 09:47:17,626.85,1858464
2021-06-14 09:47:20,626.85,1858727
2021-06-14 09:47:21,626.85,1858752
2021-06-14 09:47:22,626.85,1858787
2021-06-14 09:47:23,626.8,1858966
2021-06-14 09:47:24,626.8,1858966
2021-06-14 09:47:25,626.85,1859084
2021-06-14 09:47:26,626.85,1859084
2021-06-14 09:47:27,626.8,1859094
2021-06-14 09:47:28,627.0,1865097
2021-06-14 09:47:29,627.0,1865148
2021-06-14 09:47:30,627.0,1871793
2021-06-14 09:47:31,627.0,1871880
2021-06-14 09:47:32,627.0,1871938
2021-06-14 09:47:33,627.0,1880041
2021-06-14 09:47:34,627.05,1880043
2021-06-14 09:47:35,627.05,1880043
2021-06-14 09:47:36,627.05,1880696
2021-06-14 09:47:37,627.2,1880723
2021-06-14 09:47:38,627.2,1881729
2021-06-14 09:47:39,627.2,1881729
2021-06-14 09:47:40,627.5,1882644
2021-06-14 09:47:41,627.45,1882798
2021-06-14 09:47:42,627.45,1882972
2021-06-14 09:47:44,627.05,1884518
2021-06-14 09:47:45,627.35,1884524
2021-06-14 09:47:46,627.35,1884539
2021-06-14 09:47:47,627.2,1884662
2021-06-14 09:47:48,627.35,1884769
2021-06-14 09:47:49,627.35,1885129
2021-06-14 09:47:50,627.35,1885506
2021-06-14 09:47:51,627.35,1885507
2021-06-14 09:47:52,627.55,1886546
2021-06-14 09:47:53,627.35,1886559
2021-06-14 09:47:54,627.35,1886559
2021-06-14 09:47:55,627.55,1886774
2021-06-14 09:47:57,627.55,1887250
2021-06-14 09:47:58,627.55,1887260
2021-06-14 09:47:59,627.55,1887277
2021-06-14 09:48:00,627.55,1887456
2021-06-14 09:48:01,627.55,1888036
2021-06-14 09:48:02,627.55,1888425
2021-06-14 09:48:03,627.55,1888485
2021-06-14 09:48:04,627.55,1888585
2021-06-14 09:48:05,627.6,1890156
2021-06-14 09:48:06,627.55,1890350
2021-06-14 09:48:07,627.7,1891204
2021-06-14 09:48:09,627.75,1891504
2021-06-14 09:48:10,627.7,1892378
2021-06-14 09:48:11,627.75,1892426
2021-06-14 09:48:12,627.75,1892644
2021-06-14 09:48:13,627.7,1892655
2021-06-14 09:48:14,627.4,1894901
2021-06-14 09:48:15,627.5,1894909
2021-06-14 09:48:16,627.45,1895060
2021-06-14 09:48:17,627.5,1895142
2021-06-14 09:48:18,627.5,1895197
2021-06-14 09:48:19,627.5,1895261
2021-06-14 09:48:20,627.5,1896449
2021-06-14 09:48:21,627.5,1896451
2021-06-14 09:48:22,627.6,1896456
2021-06-14 09:48:24,627.7,1896635
2021-06-14 09:48:25,627.7,1896644
2021-06-14 09:48:26,627.75,1896949
2021-06-14 09:48:27,627.55,1897069
2021-06-14 09:48:28,627.75,1897070
2021-06-14 09:48:29,627.75,1897070
2021-06-14 09:48:31,627.65,1897502
2021-06-14 09:48:32,627.7,1897560
2021-06-14 09:48:33,627.7,1898263
2021-06-14 09:48:34,627.7,1898263
2021-06-14 09:48:35,627.75,1898533
2021-06-14 09:48:36,627.75,1898777
2021-06-14 09:48:38,627.75,1899069
2021-06-14 09:48:39,627.7,1899094
2021-06-14 09:48:40,627.75,1899185
2021-06-14 09:48:41,627.7,1899278
2021-06-14 09:48:42,627.75,1899387
2021-06-14 09:48:43,627.65,1899474
2021-06-14 09:48:44,627.75,1899638
2021-06-14 09:48:45,627.75,1899648
2021-06-14 09:48:46,627.75,1899760
2021-06-14 09:48:47,627.75,1899771
2021-06-14 09:48:49,627.7,1901050
2021-06-14 09:48:50,627.7,1901150
2021-06-14 09:48:51,627.7,1901150
2021-06-14 09:48:52,627.75,1901173
2021-06-14 09:48:53,627.9,1901522
2021-06-14 09:48:54,627.9,1901547
2021-06-14 09:48:56,628.0,1903288
2021-06-14 09:48:57,627.85,1903340
2021-06-14 09:48:59,627.85,1903733
2021-06-14 09:49:00,627.9,1903767
2021-06-14 09:49:01,627.7,1905274
2021-06-14 09:49:03,627.65,1905285
2021-06-14 09:49:04,627.65,1905352
2021-06-14 09:49:04,627.7,1905842
2021-06-14 09:49:05,627.5,1905920
2021-06-14 09:49:06,627.65,1906030
2021-06-14 09:49:07,627.7,1906035
2021-06-14 09:49:08,627.65,1906086
2021-06-14 09:49:10,627.7,1906107
2021-06-14 09:49:11,627.8,1906301
2021-06-14 09:49:12,627.7,1906372
2021-06-14 09:49:13,627.75,1906391
2021-06-14 09:49:14,627.75,1906426
2021-06-14 09:49:16,627.65,1907036
2021-06-14 09:49:16,627.65,1907036
2021-06-14 09:49:17,627.75,1907117
2021-06-14 09:49:18,627.75,1907211
2021-06-14 09:49:19,627.75,1907576
2021-06-14 09:49:21,627.75,1908108
2021-06-14 09:49:22,627.75,1908108
2021-06-14 09:49:23,627.75,1908158
2021-06-14 09:49:25,627.7,1908176
2021-06-14 09:49:25,627.7,1908181
2021-06-14 09:49:26,627.75,1908227
2021-06-14 09:49:27,627.7,1908431
2021-06-14 09:49:28,627.7,1909143
2021-06-14 09:49:29,627.75,1909186
2021-06-14 09:49:30,627.6,1909679
2021-06-14 09:49:31,627.75,1909704
2021-06-14 09:49:32,627.9,1910714
2021-06-14 09:49:33,627.85,1911381
2021-06-14 09:49:34,627.85,1911386
2021-06-14 09:49:35,627.9,1911587
2021-06-14 09:49:36,627.75,1911699
2021-06-14 09:49:38,627.9,1911877
2021-06-14 09:49:38,627.9,1911877
2021-06-14 09:49:39,627.9,1911879
2021-06-14 09:49:40,627.85,1911907
2021-06-14 09:49:41,627.85,1912037
2021-06-14 09:49:42,627.8,1912042
2021-06-14 09:49:43,627.8,1912042
2021-06-14 09:49:44,627.8,1912206
2021-06-14 09:49:45,627.8,1912308
2021-06-14 09:49:46,627.8,1912343
2021-06-14 09:49:48,627.7,1913082
2021-06-14 09:49:48,627.8,1913132
2021-06-14 09:49:49,627.8,1913178
2021-06-14 09:49:50,627.85,1913500
2021-06-14 09:49:51,627.85,1913644
2021-06-14 09:49:52,627.8,1913671
2021-06-14 09:49:53,627.85,1913752
2021-06-14 09:49:54,627.85,1913852
2021-06-14 09:49:55,627.85,1913871
2021-06-14 09:49:56,627.85,1913988
2021-06-14 09:49:57,627.9,1916057
2021-06-14 09:49:58,627.9,1916107
2021-06-14 09:49:59,627.9,1916517
2021-06-14 09:50:00,627.85,1916657
2021-06-14 09:50:01,627.9,1916673
2021-06-14 09:50:02,627.9,1916688
2021-06-14 09:50:03,627.9,1916916
2021-06-14 09:50:04,627.85,1917126
2021-06-14 09:50:05,627.9,1917243
2021-06-14 09:50:06,627.9,1917949
2021-06-14 09:50:07,628.0,1918488
2021-06-14 09:50:08,628.0,1920189
2021-06-14 09:50:09,628.1,1920240
2021-06-14 09:50:10,628.05,1921819
2021-06-14 09:50:11,628.05,1921827
2021-06-14 09:50:12,628.05,1921877
2021-06-14 09:50:13,628.05,1922454
2021-06-14 09:50:14,628.05,1922484
2021-06-14 09:50:15,628.05,1922576
2021-06-14 09:50:16,628.05,1923132
2021-06-14 09:50:17,628.05,1923547
2021-06-14 09:50:18,628.05,1923572
2021-06-14 09:50:19,628.05,1923634
2021-06-14 09:50:21,628.0,1923941
2021-06-14 09:50:22,627.75,1926368
2021-06-14 09:50:22,627.8,1926383
2021-06-14 09:50:24,627.75,1926417
2021-06-14 09:50:25,627.75,1926437
2021-06-14 09:50:26,627.7,1926781
2021-06-14 09:50:28,627.7,1927046
2021-06-14 09:50:29,627.6,1928675
2021-06-14 09:50:30,627.8,1932625
2021-06-14 09:50:31,627.75,1939007
2021-06-14 09:50:32,627.5,1939237
2021-06-14 09:50:33,627.7,1939273
2021-06-14 09:50:34,627.7,1939384
2021-06-14 09:50:35,627.5,1939869
2021-06-14 09:50:36,627.35,1940503
2021-06-14 09:50:37,627.55,1941054
2021-06-14 09:50:38,627.6,1941165
2021-06-14 09:50:38,627.6,1941171
2021-06-14 09:50:39,627.5,1941176
2021-06-14 09:50:41,627.25,1941402
2021-06-14 09:50:42,627.4,1941412
2021-06-14 09:50:43,627.25,1941522
2021-06-14 09:50:45,627.25,1942069
2021-06-14 09:50:46,627.3,1942104
2021-06-14 09:50:47,627.3,1942630
2021-06-14 09:50:48,627.4,1943643
2021-06-14 09:50:48,627.4,1943643
2021-06-14 09:50:49,627.35,1944138
2021-06-14 09:50:50,627.3,1944263
2021-06-14 09:50:51,627.0,1956367
2021-06-14 09:50:52,627.2,1959310
2021-06-14 09:50:53,627.2,1961536
2021-06-14 09:50:54,627.0,1961714
2021-06-14 09:50:55,626.5,1963911
2021-06-14 09:50:56,626.8,1963933
2021-06-14 09:50:57,626.9,1965571
2021-06-14 09:50:59,626.95,1968201
2021-06-14 09:51:00,626.95,1968282
2021-06-14 09:51:00,626.95,1968282
2021-06-14 09:51:01,627.0,1968285
2021-06-14 09:51:02,626.85,1968521
2021-06-14 09:51:03,627.0,1968723
2021-06-14 09:51:04,627.0,1970481
2021-06-14 09:51:05,627.0,1971458
2021-06-14 09:51:06,627.3,1972170
2021-06-14 09:51:07,627.3,1972188
2021-06-14 09:51:08,627.0,1972693
2021-06-14 09:51:11,627.25,1972923
2021-06-14 09:51:12,627.0,1973264
2021-06-14 09:51:13,627.25,1973291
2021-06-14 09:51:15,627.25,1973441
2021-06-14 09:51:16,627.25,1973442
2021-06-14 09:51:18,626.85,1974220
2021-06-14 09:51:19,626.85,1974221
2021-06-14 09:51:20,627.2,1974726
2021-06-14 09:51:21,627.0,1974756
2021-06-14 09:51:22,627.2,1974926
2021-06-14 09:51:24,627.2,1975148
2021-06-14 09:51:25,627.0,1977128
2021-06-14 09:51:25,627.0,1977128
2021-06-14 09:51:26,627.1,1977436
2021-06-14 09:51:27,626.9,1977442
2021-06-14 09:51:28,627.0,1977526
2021-06-14 09:51:29,627.2,1979548
2021-06-14 09:51:30,627.2,1979548
2021-06-14 09:51:31,627.2,1979598
2021-06-14 09:51:32,627.1,1980101
2021-06-14 09:51:34,626.95,1981657
2021-06-14 09:51:35,627.0,1981692
2021-06-14 09:51:36,626.95,1981780
2021-06-14 09:51:37,626.9,1982090
2021-06-14 09:51:38,627.0,1982667
2021-06-14 09:51:38,627.0,1982667
2021-06-14 09:51:39,627.0,1982780
2021-06-14 09:51:40,627.0,1982785
2021-06-14 09:51:41,627.0,1982800
2021-06-14 09:51:42,627.0,1982955
2021-06-14 09:51:43,626.9,1982971
2021-06-14 09:51:44,627.0,1983016
2021-06-14 09:51:45,627.0,1983104
2021-06-14 09:51:46,627.0,1983202
2021-06-14 09:51:47,627.0,1983216
2021-06-14 09:51:48,626.95,1983352
2021-06-14 09:51:49,627.0,1983463
2021-06-14 09:51:51,627.0,1983807
2021-06-14 09:51:52,627.0,1984022
2021-06-14 09:51:53,627.0,1984194
2021-06-14 09:51:53,627.0,1984194
2021-06-14 09:51:54,627.0,1984494
2021-06-14 09:51:55,626.95,1984509
2021-06-14 09:51:57,626.95,1984689
2021-06-14 09:51:58,626.95,1984742
2021-06-14 09:51:59,626.95,1984764
2021-06-14 09:51:59,626.95,1984764
2021-06-14 09:52:00,626.85,1984870
2021-06-14 09:52:01,626.95,1984890
2021-06-14 09:52:02,626.95,1984896
2021-06-14 09:52:03,626.9,1988981
2021-06-14 09:52:04,626.8,1990551
2021-06-14 09:52:05,626.8,1990559
2021-06-14 09:52:07,626.85,1990693
2021-06-14 09:52:08,626.9,1992196
2021-06-14 09:52:09,626.9,1992413
2021-06-14 09:52:10,626.9,1992538
2021-06-14 09:52:11,626.95,1992639
2021-06-14 09:52:12,626.95,1992770
2021-06-14 09:52:12,626.95,1992770
2021-06-14 09:52:13,626.95,1992791
2021-06-14 09:52:14,626.95,1992897
2021-06-14 09:52:15,626.95,1992956
2021-06-14 09:52:16,626.85,1993146
2021-06-14 09:52:17,626.95,1993347
2021-06-14 09:52:19,626.95,1993395
2021-06-14 09:52:20,626.95,1993607
2021-06-14 09:52:21,626.95,1995586
2021-06-14 09:52:22,626.9,1997581
2021-06-14 09:52:22,627.0,1997582
2021-06-14 09:52:23,627.0,1997582
2021-06-14 09:52:24,627.0,1997672
2021-06-14 09:52:25,627.0,1997782
2021-06-14 09:52:26,627.0,1997975
2021-06-14 09:52:27,627.0,1999261
2021-06-14 09:52:29,627.05,2001244
2021-06-14 09:52:30,626.95,2001483
2021-06-14 09:52:31,627.0,2002077
2021-06-14 09:52:32,627.1,2002082
2021-06-14 09:52:33,627.1,2002083
2021-06-14 09:52:34,627.15,2002307
2021-06-14 09:52:34,627.15,2002307
2021-06-14 09:52:35,627.1,2002409
2021-06-14 09:52:39,627.2,2002589
2021-06-14 09:52:40,627.2,2002630
2021-06-14 09:52:41,627.2,2002709
2021-06-14 09:52:42,627.2,2002724
2021-06-14 09:52:43,627.15,2002729
2021-06-14 09:52:44,627.2,2002752
2021-06-14 09:52:45,627.1,2002787
2021-06-14 09:52:46,627.1,2002915
2021-06-14 09:52:47,627.1,2003367
2021-06-14 09:52:47,627.1,2003366
2021-06-14 09:52:48,627.1,2003418
2021-06-14 09:52:51,627.2,2004060
2021-06-14 09:52:53,627.2,2006911
2021-06-14 09:52:56,627.2,2006949
2021-06-14 09:52:57,627.2,2006949
2021-06-14 09:52:58,627.1,2006962
2021-06-14 09:52:59,627.1,2006991
2021-06-14 09:53:00,627.1,2007070
2021-06-14 09:53:01,627.2,2007700
2021-06-14 09:53:01,627.2,2007700
2021-06-14 09:53:02,626.95,2007811
2021-06-14 09:53:03,626.95,2007904
2021-06-14 09:53:05,626.95,2007920
2021-06-14 09:53:06,626.95,2007968
2021-06-14 09:53:07,626.95,2007983
2021-06-14 09:53:07,626.95,2007993
2021-06-14 09:53:08,626.95,2008656
2021-06-14 09:53:09,626.95,2008762
2021-06-14 09:53:10,626.8,2012907
2021-06-14 09:53:12,626.8,2013155
2021-06-14 09:53:15,627.05,2013935
2021-06-14 09:53:16,627.1,2013937
2021-06-14 09:53:16,627.1,2013937
2021-06-14 09:53:17,627.0,2013941
2021-06-14 09:53:18,627.0,2013944
2021-06-14 09:53:19,626.85,2014140
2021-06-14 09:53:20,627.1,2014176
2021-06-14 09:53:22,626.85,2014483
2021-06-14 09:53:22,627.05,2014777
2021-06-14 09:53:24,626.9,2015807
2021-06-14 09:53:26,627.0,2016361
2021-06-14 09:53:26,627.0,2016361
2021-06-14 09:53:27,627.0,2016414
2021-06-14 09:53:28,627.0,2017014
2021-06-14 09:53:29,627.0,2017024
2021-06-14 09:53:30,627.0,2017026
2021-06-14 09:53:32,627.0,2017718
2021-06-14 09:53:34,627.0,2019537
2021-06-14 09:53:35,627.0,2019538
2021-06-14 09:53:36,627.0,2019538
2021-06-14 09:53:36,627.0,2022339
2021-06-14 09:53:37,627.0,2023484
2021-06-14 09:53:38,627.0,2023584
2021-06-14 09:53:39,627.0,2023691
2021-06-14 09:53:40,627.2,2024179
2021-06-14 09:53:41,627.2,2024342
2021-06-14 09:53:42,627.0,2024452
2021-06-14 09:53:43,627.2,2024453
2021-06-14 09:53:44,627.2,2024704
2021-06-14 09:53:45,627.0,2024904
2021-06-14 09:53:46,627.0,2025089
2021-06-14 09:53:47,627.0,2025089
2021-06-14 09:53:49,627.15,2025103
2021-06-14 09:53:49,627.2,2025216
2021-06-14 09:53:51,627.0,2025420
2021-06-14 09:53:52,627.2,2025430
2021-06-14 09:53:53,627.2,2025490
2021-06-14 09:53:54,627.2,2025711
2021-06-14 09:53:55,627.15,2025716
2021-06-14 09:53:55,627.15,2025716
2021-06-14 09:53:57,627.15,2025801
2021-06-14 09:53:58,627.1,2025804
2021-06-14 09:53:58,627.1,2025804
2021-06-14 09:53:59,627.1,2026437
2021-06-14 09:54:00,627.05,2026444
2021-06-14 09:54:01,626.9,2026748
2021-06-14 09:54:04,627.1,2027107
2021-06-14 09:54:05,627.2,2027617
2021-06-14 09:54:06,627.15,2028108
2021-06-14 09:54:07,627.15,2028108
2021-06-14 09:54:08,627.15,2028128
2021-06-14 09:54:09,627.1,2028145
2021-06-14 09:54:10,626.85,2028831
2021-06-14 09:54:11,627.1,2028833
2021-06-14 09:54:12,627.0,2028938
2021-06-14 09:54:12,627.05,2028962
2021-06-14 09:54:13,627.0,2029025
2021-06-14 09:54:14,626.85,2029057
2021-06-14 09:54:15,627.0,2029098
2021-06-14 09:54:18,627.1,2029753
2021-06-14 09:54:19,627.1,2029761
2021-06-14 09:54:20,627.1,2029787
2021-06-14 09:54:20,627.1,2029787
2021-06-14 09:54:22,627.15,2031985
2021-06-14 09:54:23,627.2,2032080
2021-06-14 09:54:24,627.2,2032080
2021-06-14 09:54:26,627.2,2032179
2021-06-14 09:54:27,627.15,2032181
2021-06-14 09:54:28,627.2,2032196
2021-06-14 09:54:29,627.05,2032806
2021-06-14 09:54:30,627.05,2033322
2021-06-14 09:54:31,627.05,2033327
2021-06-14 09:54:32,627.05,2033330
2021-06-14 09:54:33,627.05,2033611
2021-06-14 09:54:35,627.05,2033778
2021-06-14 09:54:36,627.05,2033927
2021-06-14 09:54:37,627.05,2034084
2021-06-14 09:54:38,627.05,2035509
2021-06-14 09:54:39,627.05,2035519
2021-06-14 09:54:39,627.05,2035519
2021-06-14 09:54:40,627.05,2035865
2021-06-14 09:54:41,627.05,2035870
2021-06-14 09:54:42,627.05,2035875
2021-06-14 09:54:43,627.05,2035894
2021-06-14 09:54:45,627.0,2037645
2021-06-14 09:54:46,627.05,2038805
2021-06-14 09:54:46,626.85,2038816
2021-06-14 09:54:48,627.0,2038926
2021-06-14 09:54:49,627.05,2039029
2021-06-14 09:54:50,627.05,2039054
2021-06-14 09:54:51,627.05,2039585
2021-06-14 09:54:52,627.05,2039600
2021-06-14 09:54:53,627.05,2039839
2021-06-14 09:54:54,627.05,2040544
2021-06-14 09:54:55,627.05,2040571
2021-06-14 09:54:56,627.05,2040621
2021-06-14 09:54:57,627.1,2040714
2021-06-14 09:54:58,627.25,2043016
2021-06-14 09:54:59,627.25,2043402
2021-06-14 09:55:00,627.25,2043501
2021-06-14 09:55:01,627.4,2043635
2021-06-14 09:55:02,627.4,2043655
2021-06-14 09:55:03,627.4,2043665
2021-06-14 09:55:04,627.4,2043745
2021-06-14 09:55:05,627.4,2043797
2021-06-14 09:55:06,627.4,2043847
2021-06-14 09:55:07,627.4,2044674
2021-06-14 09:55:07,627.4,2044674
2021-06-14 09:55:08,627.4,2046243
2021-06-14 09:55:10,627.65,2048477
2021-06-14 09:55:11,627.4,2048606
2021-06-14 09:55:12,627.6,2048662
2021-06-14 09:55:13,627.4,2048886
2021-06-14 09:55:14,627.4,2048921
2021-06-14 09:55:15,627.4,2048996
2021-06-14 09:55:16,627.4,2048996
2021-06-14 09:55:17,627.6,2049117
2021-06-14 09:55:18,627.6,2049282
2021-06-14 09:55:19,627.6,2049332
2021-06-14 09:55:20,627.5,2049442
2021-06-14 09:55:21,627.5,2050240
2021-06-14 09:55:22,627.45,2050365
2021-06-14 09:55:23,627.4,2051893
2021-06-14 09:55:23,627.4,2051893
2021-06-14 09:55:24,627.4,2052114
2021-06-14 09:55:25,627.4,2052166
2021-06-14 09:55:27,627.25,2052427
2021-06-14 09:55:28,627.15,2052463
2021-06-14 09:55:29,627.3,2052717
2021-06-14 09:55:30,627.3,2052812
2021-06-14 09:55:31,627.0,2054598
2021-06-14 09:55:32,627.3,2054712
2021-06-14 09:55:33,627.3,2054796
2021-06-14 09:55:34,627.3,2054811
2021-06-14 09:55:35,627.4,2055017
2021-06-14 09:55:36,627.45,2055045
2021-06-14 09:55:37,627.5,2055210
2021-06-14 09:55:38,627.6,2056214
2021-06-14 09:55:38,627.6,2056214
2021-06-14 09:55:40,627.45,2056224
2021-06-14 09:55:41,627.6,2056306
2021-06-14 09:55:42,627.6,2056383
2021-06-14 09:55:43,627.6,2056447
2021-06-14 09:55:44,627.75,2058798
2021-06-14 09:55:45,627.7,2059005
2021-06-14 09:55:46,627.75,2059219
2021-06-14 09:55:47,627.7,2059478
2021-06-14 09:55:48,627.6,2059832
2021-06-14 09:55:49,627.5,2060747
2021-06-14 09:55:50,627.4,2061308
2021-06-14 09:55:51,627.55,2061423
2021-06-14 09:55:51,627.5,2061473
2021-06-14 09:55:52,627.5,2061634
2021-06-14 09:55:54,627.5,2061695
2021-06-14 09:55:55,627.5,2061705
2021-06-14 09:55:56,627.55,2061843
2021-06-14 09:55:57,627.6,2061878
2021-06-14 09:55:58,627.6,2061884
2021-06-14 09:55:59,627.5,2063144
2021-06-14 09:56:00,627.5,2063218
2021-06-14 09:56:01,627.55,2063316
2021-06-14 09:56:02,627.5,2063418
2021-06-14 09:56:03,627.55,2064204
2021-06-14 09:56:04,627.55,2064279
2021-06-14 09:56:05,627.55,2064426
2021-06-14 09:56:06,627.55,2064530
2021-06-14 09:56:07,627.55,2064906
2021-06-14 09:56:07,627.5,2064888
2021-06-14 09:56:09,627.55,2065450
2021-06-14 09:56:10,627.5,2065550
2021-06-14 09:56:11,627.55,2065670
2021-06-14 09:56:12,627.55,2065735
2021-06-14 09:56:13,627.55,2065932
2021-06-14 09:56:13,627.5,2065955
2021-06-14 09:56:14,627.55,2065962
2021-06-14 09:56:15,627.65,2066213
2021-06-14 09:56:17,627.65,2066239
2021-06-14 09:56:18,627.6,2066300
2021-06-14 09:56:19,627.65,2066353
2021-06-14 09:56:20,627.65,2066355
2021-06-14 09:56:21,627.65,2066448
2021-06-14 09:56:22,627.65,2066483
2021-06-14 09:56:23,627.65,2066860
2021-06-14 09:56:24,627.8,2068718
2021-06-14 09:56:25,627.8,2068831
2021-06-14 09:56:26,627.75,2069134
2021-06-14 09:56:27,627.8,2069492
2021-06-14 09:56:28,627.8,2069735
2021-06-14 09:56:28,627.8,2069735
2021-06-14 09:56:30,627.8,2069781
2021-06-14 09:56:31,627.8,2069818
2021-06-14 09:56:32,627.8,2069821
2021-06-14 09:56:33,627.8,2069899
2021-06-14 09:56:34,627.8,2070099
2021-06-14 09:56:35,627.8,2070315
2021-06-14 09:56:36,627.8,2070594
2021-06-14 09:56:37,627.8,2070780
2021-06-14 09:56:38,627.8,2070805
2021-06-14 09:56:40,627.75,2074211
2021-06-14 09:56:41,627.7,2074311
2021-06-14 09:56:42,627.8,2077059
2021-06-14 09:56:43,627.8,2077280
2021-06-14 09:56:44,627.8,2077282
2021-06-14 09:56:44,627.8,2077286
2021-06-14 09:56:47,627.8,2077593
2021-06-14 09:56:48,627.75,2078660
2021-06-14 09:56:49,627.75,2078988
2021-06-14 09:56:50,627.85,2079029
2021-06-14 09:56:51,628.0,2079735
2021-06-14 09:56:52,627.7,2079769
2021-06-14 09:56:53,627.95,2080022
2021-06-14 09:56:54,627.7,2080143
2021-06-14 09:56:55,627.9,2080355
2021-06-14 09:56:56,627.9,2080355
2021-06-14 09:56:57,627.85,2080884
2021-06-14 09:56:58,627.85,2081852
2021-06-14 09:56:59,627.9,2082002
2021-06-14 09:57:00,627.75,2082022
2021-06-14 09:57:01,627.85,2082034
2021-06-14 09:57:02,628.0,2082501
2021-06-14 09:57:03,628.0,2082875
2021-06-14 09:57:04,627.7,2083570
2021-06-14 09:57:05,627.9,2083670
2021-06-14 09:57:06,628.0,2083796
2021-06-14 09:57:08,627.95,2083922
2021-06-14 09:57:09,628.0,2084304
2021-06-14 09:57:10,627.85,2084548
2021-06-14 09:57:11,627.75,2085043
2021-06-14 09:57:12,627.95,2085046
2021-06-14 09:57:15,628.0,2085388
2021-06-14 09:57:16,627.9,2085607
2021-06-14 09:57:17,628.0,2085990
2021-06-14 09:57:18,628.0,2086002
2021-06-14 09:57:20,628.0,2086606
2021-06-14 09:57:21,627.95,2087227
2021-06-14 09:57:22,627.95,2087239
2021-06-14 09:57:24,627.95,2087534
2021-06-14 09:57:23,627.95,2087366
2021-06-14 09:57:25,627.95,2087726
2021-06-14 09:57:26,627.95,2088088
2021-06-14 09:57:27,628.0,2088218
2021-06-14 09:57:28,628.0,2088778
2021-06-14 09:57:29,628.0,2088801
2021-06-14 09:57:31,627.9,2089578
2021-06-14 09:57:32,628.0,2089598
2021-06-14 09:57:33,628.0,2089600
2021-06-14 09:57:34,628.0,2089664
2021-06-14 09:57:35,628.0,2089789
2021-06-14 09:57:36,627.95,2090122
2021-06-14 09:57:37,628.05,2093467
2021-06-14 09:57:38,628.1,2093477
2021-06-14 09:57:39,628.0,2093625
2021-06-14 09:57:40,628.0,2093625
2021-06-14 09:57:42,628.1,2094241
2021-06-14 09:57:43,628.1,2094242
2021-06-14 09:57:44,628.1,2094273
2021-06-14 09:57:45,628.2,2094984
2021-06-14 09:57:46,628.25,2096196
2021-06-14 09:57:48,628.45,2102330
2021-06-14 09:57:49,628.25,2102350
2021-06-14 09:57:50,628.5,2103163
2021-06-14 09:57:51,628.65,2105066
2021-06-14 09:57:52,628.6,2107097
2021-06-14 09:57:53,628.65,2107179
2021-06-14 09:57:54,628.65,2107264
2021-06-14 09:57:55,628.65,2107370
2021-06-14 09:57:57,628.6,2107902
2021-06-14 09:57:58,628.65,2108151
2021-06-14 09:57:59,628.55,2108263
2021-06-14 09:58:00,628.65,2108372
2021-06-14 09:58:01,628.65,2108504
2021-06-14 09:58:02,628.65,2109120
2021-06-14 09:58:03,628.7,2110123
2021-06-14 09:58:04,628.7,2110243
2021-06-14 09:58:05,628.65,2110258
2021-06-14 09:58:06,628.7,2110352
2021-06-14 09:58:07,628.8,2111315
2021-06-14 09:58:08,628.9,2111730
2021-06-14 09:58:09,628.9,2112723
2021-06-14 09:58:10,628.9,2112800
2021-06-14 09:58:11,628.9,2113082
2021-06-14 09:58:12,628.95,2114150
2021-06-14 09:58:13,628.9,2114226
2021-06-14 09:58:14,628.9,2114231
2021-06-14 09:58:15,629.0,2116939
2021-06-14 09:58:16,628.9,2117707
2021-06-14 09:58:17,628.9,2118719
2021-06-14 09:58:18,628.9,2118991
2021-06-14 09:58:19,629.0,2119447
2021-06-14 09:58:20,628.9,2119639
2021-06-14 09:58:21,628.9,2120460
2021-06-14 09:58:22,629.0,2121100
2021-06-14 09:58:23,629.0,2121509
2021-06-14 09:58:24,629.0,2123677
2021-06-14 09:58:25,628.95,2123834
2021-06-14 09:58:26,628.95,2124434
2021-06-14 09:58:27,629.15,2124484
2021-06-14 09:58:28,629.0,2124621
2021-06-14 09:58:29,629.0,2124982
2021-06-14 09:58:31,629.2,2126106
2021-06-14 09:58:32,629.0,2126671
2021-06-14 09:58:34,629.0,2127578
2021-06-14 09:58:36,629.5,2132073
2021-06-14 09:58:37,629.25,2133782
2021-06-14 09:58:38,629.2,2135084
2021-06-14 09:58:39,629.15,2136114
2021-06-14 09:58:40,629.5,2136219
2021-06-14 09:58:41,629.45,2136322
2021-06-14 09:58:43,629.1,2137595
2021-06-14 09:58:44,629.4,2137905
2021-06-14 09:58:45,629.45,2138691
2021-06-14 09:58:46,629.5,2139190
2021-06-14 09:58:47,629.5,2139576
2021-06-14 09:58:49,629.45,2140680
2021-06-14 09:58:50,629.45,2142553
2021-06-14 09:58:51,629.45,2144300
2021-06-14 09:58:52,629.6,2145027
2021-06-14 09:58:53,629.4,2148481
2021-06-14 09:58:54,629.35,2149797
2021-06-14 09:58:55,629.35,2149797
2021-06-14 09:58:56,629.35,2149852
2021-06-14 09:58:57,629.45,2151103
2021-06-14 09:58:58,629.4,2152328
2021-06-14 09:58:59,629.35,2152405
2021-06-14 09:59:00,629.35,2153740
2021-06-14 09:59:02,629.4,2153886
2021-06-14 09:59:02,629.45,2154517
2021-06-14 09:59:03,629.45,2154697
2021-06-14 09:59:04,629.4,2155917
2021-06-14 09:59:06,629.4,2157132
2021-06-14 09:59:06,629.4,2158128
2021-06-14 09:59:07,629.6,2159063
2021-06-14 09:59:08,629.7,2164140
2021-06-14 09:59:09,629.5,2165692
2021-06-14 09:59:11,629.7,2165927
2021-06-14 09:59:12,629.55,2167841
2021-06-14 09:59:13,629.7,2168106
2021-06-14 09:59:14,629.7,2169229
2021-06-14 09:59:15,629.7,2169291
2021-06-14 09:59:16,629.65,2170535
2021-06-14 09:59:17,629.7,2172063
2021-06-14 09:59:18,629.55,2172928
2021-06-14 09:59:19,629.0,2179578
2021-06-14 09:59:20,629.0,2181027
2021-06-14 09:59:21,629.0,2181542
2021-06-14 09:59:22,629.1,2182761
2021-06-14 09:59:23,628.95,2182892
2021-06-14 09:59:24,629.5,2184880
2021-06-14 09:59:25,629.55,2185064
2021-06-14 09:59:26,629.5,2185595
2021-06-14 09:59:27,629.45,2185734
2021-06-14 09:59:28,629.2,2185854
2021-06-14 09:59:29,629.3,2185926
2021-06-14 09:59:30,629.35,2186116
2021-06-14 09:59:31,629.3,2186136
2021-06-14 09:59:32,629.3,2186204
2021-06-14 09:59:33,629.3,2186359
2021-06-14 09:59:34,629.3,2186568
2021-06-14 09:59:35,629.05,2187383
2021-06-14 09:59:36,629.4,2187653
2021-06-14 09:59:37,629.3,2188257
2021-06-14 09:59:38,629.3,2188979
2021-06-14 09:59:39,629.3,2189034
2021-06-14 09:59:40,629.2,2189113
2021-06-14 09:59:41,629.2,2189138
2021-06-14 09:59:42,629.3,2189648
2021-06-14 09:59:43,629.3,2190224
2021-06-14 09:59:44,629.3,2190337
2021-06-14 09:59:45,629.3,2190430
2021-06-14 09:59:46,629.35,2190529
2021-06-14 09:59:47,629.3,2190764
2021-06-14 09:59:48,629.2,2190886
2021-06-14 09:59:49,629.05,2191715
2021-06-14 09:59:50,629.35,2191970
2021-06-14 09:59:51,629.35,2192445
2021-06-14 09:59:52,629.3,2192520
2021-06-14 09:59:53,629.25,2192555
2021-06-14 09:59:54,629.25,2192904
2021-06-14 09:59:55,629.25,2193125
2021-06-14 09:59:56,629.3,2193503
2021-06-14 09:59:57,629.35,2193859
2021-06-14 09:59:59,629.3,2194050
2021-06-14 10:00:00,629.15,2194902
2021-06-14 10:00:01,629.05,2195470
2021-06-14 10:00:02,629.15,2195960
2021-06-14 10:00:04,629.2,2196790
2021-06-14 10:00:05,629.15,2196913
2021-06-14 10:00:06,629.15,2197353
2021-06-14 10:00:07,629.15,2197424
2021-06-14 10:00:08,629.1,2197746
2021-06-14 10:00:09,629.0,2198006
2021-06-14 10:00:10,629.0,2198041
2021-06-14 10:00:11,629.15,2198112
2021-06-14 10:00:12,629.2,2198477
2021-06-14 10:00:13,629.05,2198632
2021-06-14 10:00:14,629.15,2198722
2021-06-14 10:00:15,629.2,2198767
2021-06-14 10:00:16,629.2,2198866
2021-06-14 10:00:17,629.2,2199021
2021-06-14 10:00:18,629.2,2199029
2021-06-14 10:00:19,629.2,2199468
2021-06-14 10:00:21,629.2,2199546
2021-06-14 10:00:22,629.2,2199656
2021-06-14 10:00:24,629.2,2201000
2021-06-14 10:00:24,629.2,2200984
2021-06-14 10:00:27,629.05,2205251
2021-06-14 10:00:29,629.05,2205454
2021-06-14 10:00:30,629.0,2205519
2021-06-14 10:00:31,629.05,2205558
2021-06-14 10:00:32,628.85,2207008
2021-06-14 10:00:33,629.0,2208054
2021-06-14 10:00:34,629.0,2208322
2021-06-14 10:00:35,629.0,2208974
2021-06-14 10:00:36,629.0,2209008
2021-06-14 10:00:38,629.0,2211227
2021-06-14 10:00:38,629.0,2211233
2021-06-14 10:00:39,629.05,2212763
2021-06-14 10:00:41,629.0,2212839
2021-06-14 10:00:41,629.0,2213989
2021-06-14 10:00:42,629.0,2213999
2021-06-14 10:00:43,629.0,2214082
2021-06-14 10:00:44,628.8,2214233
2021-06-14 10:00:45,629.0,2214540
2021-06-14 10:00:46,629.05,2214573
2021-06-14 10:00:47,629.0,2214753
2021-06-14 10:00:48,629.05,2215056
2021-06-14 10:00:49,629.05,2215179
2021-06-14 10:00:50,629.05,2215329
2021-06-14 10:00:51,629.05,2216275
2021-06-14 10:00:52,629.05,2216327
2021-06-14 10:00:53,629.05,2217830
2021-06-14 10:00:54,629.05,2217930
2021-06-14 10:00:55,629.05,2218260
2021-06-14 10:00:56,629.05,2218495
2021-06-14 10:00:57,629.05,2218605
2021-06-14 10:00:58,629.05,2218799
2021-06-14 10:01:00,629.05,2220004
2021-06-14 10:01:00,629.05,2220318
2021-06-14 10:01:01,629.1,2220617
2021-06-14 10:01:03,629.05,2220720
2021-06-14 10:01:04,629.05,2220870
2021-06-14 10:01:05,629.1,2222142
2021-06-14 10:01:06,629.15,2225180
2021-06-14 10:01:07,629.15,2225238
2021-06-14 10:01:09,629.2,2226713
2021-06-14 10:01:09,629.2,2226733
2021-06-14 10:01:11,629.25,2226950
2021-06-14 10:01:12,629.25,2228728
2021-06-14 10:01:12,629.25,2228982
2021-06-14 10:01:13,629.3,2229345
2021-06-14 10:01:15,629.3,2229647
2021-06-14 10:01:16,629.4,2229981
2021-06-14 10:01:17,629.3,2230253
2021-06-14 10:01:18,629.5,2230588
2021-06-14 10:01:20,629.3,2231654
2021-06-14 10:01:21,629.5,2231911
2021-06-14 10:01:22,629.35,2231944
2021-06-14 10:01:23,629.25,2236059
2021-06-14 10:01:24,629.4,2237016
2021-06-14 10:01:25,629.45,2237096
2021-06-14 10:01:26,629.35,2237156
2021-06-14 10:01:28,629.4,2237523
2021-06-14 10:01:29,629.35,2237763
2021-06-14 10:01:30,629.3,2238077
2021-06-14 10:01:31,629.2,2238885
2021-06-14 10:01:31,629.2,2238885
2021-06-14 10:01:32,629.35,2239801
2021-06-14 10:01:33,629.35,2239861
2021-06-14 10:01:34,629.35,2239996
2021-06-14 10:01:35,629.35,2240167
2021-06-14 10:01:37,629.35,2240276
2021-06-14 10:01:38,629.3,2240286
2021-06-14 10:01:39,629.35,2240591
2021-06-14 10:01:40,629.35,2240643
2021-06-14 10:01:41,629.35,2241192
2021-06-14 10:01:42,629.4,2241412
2021-06-14 10:01:43,629.4,2241437
2021-06-14 10:01:44,629.4,2241462
2021-06-14 10:01:46,629.3,2241527
2021-06-14 10:01:47,629.3,2241625
2021-06-14 10:01:48,629.3,2241731
2021-06-14 10:01:50,629.25,2241735
2021-06-14 10:01:51,629.3,2242658
2021-06-14 10:01:51,629.25,2242897
2021-06-14 10:01:52,629.3,2243447
2021-06-14 10:01:54,629.2,2243571
2021-06-14 10:01:55,629.2,2243573
2021-06-14 10:01:55,629.2,2243603
2021-06-14 10:01:57,629.2,2243808
2021-06-14 10:01:58,629.1,2248518
2021-06-14 10:01:59,629.15,2250008
2021-06-14 10:02:01,629.1,2250312
2021-06-14 10:02:02,629.1,2250314
2021-06-14 10:02:03,629.1,2250944
2021-06-14 10:02:04,629.0,2251716
2021-06-14 10:02:06,629.1,2251959
2021-06-14 10:02:07,629.1,2252069
2021-06-14 10:02:08,629.05,2252278
2021-06-14 10:02:09,629.1,2252385
2021-06-14 10:02:10,629.05,2252510
2021-06-14 10:02:11,629.3,2255723
2021-06-14 10:02:12,629.45,2256527
2021-06-14 10:02:12,629.45,2256527
2021-06-14 10:02:14,629.3,2256625
2021-06-14 10:02:16,629.4,2256826
2021-06-14 10:02:17,629.45,2257116
2021-06-14 10:02:18,629.45,2257688
2021-06-14 10:02:19,629.45,2258235
2021-06-14 10:02:22,629.35,2259782
2021-06-14 10:02:24,629.2,2260340
2021-06-14 10:02:23,629.35,2259794
2021-06-14 10:02:25,629.2,2260380
2021-06-14 10:02:27,629.25,2264481
2021-06-14 10:02:27,629.25,2264485
2021-06-14 10:02:28,629.25,2264585
2021-06-14 10:02:29,629.25,2264795
2021-06-14 10:02:30,629.2,2265117
2021-06-14 10:02:31,629.35,2266907
2021-06-14 10:02:32,629.35,2267106
2021-06-14 10:02:33,629.4,2267132
2021-06-14 10:02:34,629.4,2267137
2021-06-14 10:02:35,629.35,2267307
2021-06-14 10:02:36,629.35,2267447
2021-06-14 10:02:37,629.35,2267462
2021-06-14 10:02:38,629.2,2267572
2021-06-14 10:02:39,629.35,2267587
2021-06-14 10:02:40,629.35,2267619
2021-06-14 10:02:41,629.1,2268084
2021-06-14 10:02:42,629.2,2268451
2021-06-14 10:02:43,629.25,2268460
2021-06-14 10:02:44,629.0,2268491
2021-06-14 10:02:45,629.25,2268539
2021-06-14 10:02:46,629.25,2268552
2021-06-14 10:02:47,629.25,2268667
2021-06-14 10:02:48,629.3,2268927
2021-06-14 10:02:49,629.3,2269137
2021-06-14 10:02:51,629.1,2269384
2021-06-14 10:02:52,629.3,2269866
2021-06-14 10:02:53,629.25,2269879
2021-06-14 10:02:54,629.3,2271023
2021-06-14 10:02:55,629.3,2271023
2021-06-14 10:02:55,629.3,2271023
2021-06-14 10:02:56,629.05,2271519
2021-06-14 10:02:57,629.25,2271818
2021-06-14 10:02:58,629.3,2271843
2021-06-14 10:02:59,629.25,2272017
2021-06-14 10:03:01,629.3,2273087
2021-06-14 10:03:02,629.25,2273102
2021-06-14 10:03:03,629.1,2273330
2021-06-14 10:03:04,629.3,2273361
2021-06-14 10:03:04,629.3,2273376
2021-06-14 10:03:06,629.25,2273666
2021-06-14 10:03:07,629.3,2273668
2021-06-14 10:03:09,629.25,2273770
2021-06-14 10:03:10,629.0,2274056
2021-06-14 10:03:12,629.2,2274060
2021-06-14 10:03:15,629.0,2274485
2021-06-14 10:03:17,629.1,2275283
2021-06-14 10:03:17,629.1,2275283
2021-06-14 10:03:18,629.1,2275284
2021-06-14 10:03:19,629.1,2275649
2021-06-14 10:03:21,629.1,2275960
2021-06-14 10:03:22,629.0,2285466
2021-06-14 10:03:23,629.0,2285521
2021-06-14 10:03:24,628.85,2285581
2021-06-14 10:03:24,629.0,2285584
2021-06-14 10:03:29,628.7,2286676
2021-06-14 10:03:30,628.95,2287931
2021-06-14 10:03:31,628.85,2287984
2021-06-14 10:03:32,628.95,2288184
2021-06-14 10:03:33,628.85,2288304
2021-06-14 10:03:34,628.7,2288485
2021-06-14 10:03:34,628.7,2288619
2021-06-14 10:03:35,628.7,2288739
2021-06-14 10:03:37,628.65,2289208
2021-06-14 10:03:39,628.85,2289266
2021-06-14 10:03:40,628.75,2289383
2021-06-14 10:03:41,628.7,2289983
2021-06-14 10:03:42,628.9,2292358
2021-06-14 10:03:42,628.9,2292358
2021-06-14 10:03:43,628.95,2292414
2021-06-14 10:03:44,628.95,2292501
2021-06-14 10:03:45,628.95,2292501
2021-06-14 10:03:47,628.95,2292811
2021-06-14 10:03:48,628.9,2293278
2021-06-14 10:03:49,628.7,2294095
2021-06-14 10:03:51,628.75,2294167
2021-06-14 10:03:52,628.75,2294993
2021-06-14 10:03:53,628.75,2295531
2021-06-14 10:03:55,628.6,2297972
2021-06-14 10:03:55,628.7,2297952
2021-06-14 10:03:56,628.55,2298562
2021-06-14 10:03:57,628.7,2298935
2021-06-14 10:03:58,628.85,2299302
2021-06-14 10:03:59,628.85,2299304
2021-06-14 10:04:01,628.85,2299394
2021-06-14 10:04:03,628.85,2300307
2021-06-14 10:04:05,628.7,2300347
2021-06-14 10:04:06,628.85,2300354
2021-06-14 10:04:07,628.8,2300357
2021-06-14 10:04:08,628.85,2301785
2021-06-14 10:04:08,628.85,2301785
2021-06-14 10:04:09,628.85,2301951
2021-06-14 10:04:10,628.95,2304117
2021-06-14 10:04:13,628.95,2306366
2021-06-14 10:04:14,628.95,2307508
2021-06-14 10:04:15,628.95,2308178
2021-06-14 10:04:16,629.0,2312555
2021-06-14 10:04:17,629.0,2312625
2021-06-14 10:04:19,629.0,2312671
2021-06-14 10:04:20,629.0,2312848
2021-06-14 10:04:21,629.0,2313051
2021-06-14 10:04:21,628.95,2313476
2021-06-14 10:04:22,629.0,2313477
2021-06-14 10:04:24,629.0,2313780
2021-06-14 10:04:25,628.85,2313964
2021-06-14 10:04:26,628.85,2313994
2021-06-14 10:04:27,628.95,2314004
2021-06-14 10:04:28,628.95,2314259
2021-06-14 10:04:29,629.0,2314970
2021-06-14 10:04:30,628.85,2314979
2021-06-14 10:04:31,628.9,2315045
2021-06-14 10:04:31,628.9,2315045
2021-06-14 10:04:32,628.9,2315350
2021-06-14 10:04:33,628.9,2315587
2021-06-14 10:04:34,628.9,2315792
2021-06-14 10:04:36,628.85,2316913
2021-06-14 10:04:37,629.0,2316920
2021-06-14 10:04:38,628.6,2319646
2021-06-14 10:04:38,628.6,2319646
2021-06-14 10:04:39,628.65,2320032
2021-06-14 10:04:40,628.65,2320032
2021-06-14 10:04:41,628.65,2320032
2021-06-14 10:04:43,628.7,2320530
2021-06-14 10:04:44,628.95,2320549
2021-06-14 10:04:45,628.85,2320576
2021-06-14 10:04:46,628.9,2320937
2021-06-14 10:04:47,628.85,2320953
2021-06-14 10:04:47,628.55,2321353
2021-06-14 10:04:48,628.6,2321892
2021-06-14 10:04:50,628.8,2321902
2021-06-14 10:04:51,628.85,2322157
2021-06-14 10:04:52,628.85,2322282
2021-06-14 10:04:52,628.85,2322282
2021-06-14 10:04:53,628.65,2322286
2021-06-14 10:04:55,628.9,2322348
2021-06-14 10:04:56,628.9,2322502
2021-06-14 10:04:57,628.9,2322563
2021-06-14 10:04:58,628.9,2322591
2021-06-14 10:04:59,628.9,2322599
2021-06-14 10:05:00,628.85,2323649
2021-06-14 10:05:01,628.85,2323808
2021-06-14 10:05:02,628.85,2323820
2021-06-14 10:05:03,628.9,2323992
2021-06-14 10:05:03,628.9,2323992
2021-06-14 10:05:04,628.9,2324196
2021-06-14 10:05:06,628.9,2324787
2021-06-14 10:05:07,628.95,2325345
2021-06-14 10:05:08,628.9,2325348
2021-06-14 10:05:09,629.0,2332671
2021-06-14 10:05:10,629.0,2334132
2021-06-14 10:05:10,629.0,2334132
2021-06-14 10:05:11,629.2,2334367
2021-06-14 10:05:12,629.2,2334367
2021-06-14 10:05:14,629.1,2334772
2021-06-14 10:05:15,629.1,2334772
2021-06-14 10:05:16,629.1,2334826
2021-06-14 10:05:17,629.25,2335077
2021-06-14 10:05:18,629.25,2335472
2021-06-14 10:05:19,629.3,2336063
2021-06-14 10:05:19,629.35,2336100
2021-06-14 10:05:20,629.4,2336201
2021-06-14 10:05:22,629.4,2336426
2021-06-14 10:05:23,629.4,2336428
2021-06-14 10:05:26,629.35,2340087
2021-06-14 10:05:27,629.45,2340104
2021-06-14 10:05:27,629.45,2340089
2021-06-14 10:05:29,629.6,2343452
2021-06-14 10:05:30,629.45,2343662
2021-06-14 10:05:31,629.6,2343755
2021-06-14 10:05:32,629.65,2343802
2021-06-14 10:05:33,629.45,2343814
2021-06-14 10:05:34,629.45,2343864
2021-06-14 10:05:35,629.45,2343916
2021-06-14 10:05:37,629.45,2344166
2021-06-14 10:05:38,629.6,2346593
2021-06-14 10:05:39,629.5,2349397
2021-06-14 10:05:40,629.35,2349864
2021-06-14 10:05:41,629.5,2349968
2021-06-14 10:05:42,629.45,2349978
2021-06-14 10:05:42,629.45,2349978
2021-06-14 10:05:43,629.5,2350811
2021-06-14 10:05:45,629.25,2351402
2021-06-14 10:05:46,629.45,2351482
2021-06-14 10:05:47,629.65,2351689
2021-06-14 10:05:48,629.45,2351799
2021-06-14 10:05:48,629.6,2352087
2021-06-14 10:05:49,629.6,2352149
2021-06-14 10:05:51,629.6,2352149
2021-06-14 10:05:52,629.6,2352253
2021-06-14 10:05:53,629.6,2352263
2021-06-14 10:05:54,629.6,2352361
2021-06-14 10:05:55,629.5,2352683
2021-06-14 10:05:56,629.65,2352720
2021-06-14 10:05:57,629.65,2352868
2021-06-14 10:05:57,629.65,2352868
2021-06-14 10:05:59,629.5,2353005
2021-06-14 10:06:00,629.65,2353096
2021-06-14 10:06:01,629.5,2353343
2021-06-14 10:06:02,629.5,2353343
2021-06-14 10:06:03,629.5,2353628
2021-06-14 10:06:05,629.5,2354728
2021-06-14 10:06:06,629.5,2354928
2021-06-14 10:06:07,629.5,2354955
2021-06-14 10:06:08,629.5,2354970
2021-06-14 10:06:09,629.55,2355081
2021-06-14 10:06:10,629.4,2355149
2021-06-14 10:06:11,629.5,2355331
2021-06-14 10:06:12,629.4,2355386
2021-06-14 10:06:13,629.4,2355743
2021-06-14 10:06:14,629.45,2355747
2021-06-14 10:06:15,629.5,2355748
2021-06-14 10:06:16,629.5,2355862
2021-06-14 10:06:17,629.5,2355862
2021-06-14 10:06:18,629.5,2355893
2021-06-14 10:06:20,629.4,2356018
2021-06-14 10:06:21,629.3,2357724
2021-06-14 10:06:22,629.25,2358507
2021-06-14 10:06:23,629.35,2358519
2021-06-14 10:06:24,629.35,2358715
2021-06-14 10:06:25,629.45,2359035
2021-06-14 10:06:27,629.45,2359035
2021-06-14 10:06:28,629.45,2359235
2021-06-14 10:06:29,629.5,2359735
2021-06-14 10:06:30,629.5,2359745
2021-06-14 10:06:31,629.45,2359844
2021-06-14 10:06:32,629.45,2359881
2021-06-14 10:06:33,629.45,2360294
2021-06-14 10:06:34,629.25,2361184
2021-06-14 10:06:35,629.2,2361767
2021-06-14 10:06:37,629.4,2361842
2021-06-14 10:06:38,629.4,2361867
2021-06-14 10:06:39,629.3,2361957
2021-06-14 10:06:40,629.3,2361979
2021-06-14 10:06:41,629.3,2362103
2021-06-14 10:06:42,629.3,2362115
2021-06-14 10:06:42,629.3,2362115
2021-06-14 10:06:43,629.3,2362225
2021-06-14 10:06:45,629.15,2362335
2021-06-14 10:06:46,629.3,2362478
2021-06-14 10:06:47,629.15,2362583
2021-06-14 10:06:48,629.15,2362583
2021-06-14 10:06:48,629.15,2362583
2021-06-14 10:06:49,629.2,2362593
2021-06-14 10:06:50,629.15,2362594
2021-06-14 10:06:52,629.3,2362714
2021-06-14 10:06:53,629.05,2362814
2021-06-14 10:06:54,629.3,2362854
2021-06-14 10:06:55,629.3,2362903
2021-06-14 10:06:56,629.35,2362937
2021-06-14 10:06:57,629.25,2363037
2021-06-14 10:06:57,629.25,2363037
2021-06-14 10:06:58,629.35,2363039
2021-06-14 10:07:00,629.25,2363054
2021-06-14 10:07:01,629.05,2363127
2021-06-14 10:07:02,629.05,2363668
2021-06-14 10:07:03,629.05,2363668
2021-06-14 10:07:04,629.25,2363705
2021-06-14 10:07:05,629.25,2363712
2021-06-14 10:07:06,629.25,2363806
2021-06-14 10:07:07,629.25,2363806
2021-06-14 10:07:08,629.25,2363828
2021-06-14 10:07:09,629.25,2363828
2021-06-14 10:07:10,629.25,2363918
2021-06-14 10:07:11,629.25,2368092
2021-06-14 10:07:12,629.15,2368929
2021-06-14 10:07:12,629.15,2368929
2021-06-14 10:07:13,629.15,2368929
2021-06-14 10:07:14,629.3,2369041
2021-06-14 10:07:15,629.3,2369061
2021-06-14 10:07:17,629.5,2370959
2021-06-14 10:07:18,629.45,2371154
2021-06-14 10:07:19,629.45,2371154
2021-06-14 10:07:20,629.8,2374035
2021-06-14 10:07:21,629.8,2374361
2021-06-14 10:07:22,629.8,2374681
2021-06-14 10:07:22,629.8,2374681
2021-06-14 10:07:23,629.8,2374720
2021-06-14 10:07:25,629.8,2375330
2021-06-14 10:07:27,629.8,2377050
2021-06-14 10:07:28,629.8,2377077
2021-06-14 10:07:30,629.8,2377122
2021-06-14 10:07:31,629.75,2377187
2021-06-14 10:07:32,629.55,2377212
2021-06-14 10:07:33,629.5,2377267
2021-06-14 10:07:34,629.65,2377278
2021-06-14 10:07:35,629.65,2377299
2021-06-14 10:07:36,629.6,2377545
2021-06-14 10:07:37,629.6,2377946
2021-06-14 10:07:38,629.6,2378006
2021-06-14 10:07:39,629.6,2378006
2021-06-14 10:07:40,629.6,2378006
2021-06-14 10:07:42,629.6,2378098
2021-06-14 10:07:43,629.55,2379098
2021-06-14 10:07:44,629.6,2379187
2021-06-14 10:07:45,629.6,2379187
2021-06-14 10:07:46,629.6,2379202
2021-06-14 10:07:47,629.6,2379206
2021-06-14 10:07:48,629.7,2380006
2021-06-14 10:07:49,629.55,2380015
2021-06-14 10:07:50,629.3,2384952
2021-06-14 10:07:51,629.65,2386007
2021-06-14 10:07:52,629.65,2386007
2021-06-14 10:07:53,629.65,2386007
2021-06-14 10:07:54,629.6,2386044
2021-06-14 10:07:55,629.6,2386044
2021-06-14 10:07:56,629.75,2386269
2021-06-14 10:07:57,629.75,2386270
2021-06-14 10:07:58,629.75,2386270
2021-06-14 10:07:59,629.75,2386270
2021-06-14 10:08:00,629.75,2386398
2021-06-14 10:08:01,629.75,2386403
2021-06-14 10:08:02,629.75,2386475
2021-06-14 10:08:03,629.75,2386503
2021-06-14 10:08:04,629.75,2386509
2021-06-14 10:08:05,629.75,2386610
2021-06-14 10:08:06,629.75,2386729
2021-06-14 10:08:07,629.65,2386826
2021-06-14 10:08:08,629.65,2386826
2021-06-14 10:08:09,629.6,2386837
2021-06-14 10:08:10,629.6,2386837
2021-06-14 10:08:11,629.6,2392071
2021-06-14 10:08:12,629.15,2392850
2021-06-14 10:08:13,629.25,2393374
2021-06-14 10:08:14,629.2,2394259
