timestamp,ltp,volume
2021-06-14 09:15:47,1466.05,283168
2021-06-14 09:15:48,1466.2,283896
2021-06-14 09:15:49,1465.45,298114
2021-06-14 09:15:50,1466.85,298648
2021-06-14 09:15:51,1466.2,298776
2021-06-14 09:15:52,1466.35,299636
2021-06-14 09:15:53,1466.4,301518
2021-06-14 09:15:54,1466.9,302217
2021-06-14 09:16:00,1467.5,308538
2021-06-14 09:16:02,1466.45,312921
2021-06-14 09:16:04,1466.9,319200
2021-06-14 09:16:05,1467.3,320209
2021-06-14 09:16:06,1467.35,321749
2021-06-14 09:16:07,1467.2,322359
2021-06-14 09:16:08,1467.75,323390
2021-06-14 09:16:09,1468.4,325177
2021-06-14 09:16:10,1467.75,325484
2021-06-14 09:16:11,1467.75,325838
2021-06-14 09:16:12,1468.55,326494
2021-06-14 09:16:13,1468.45,327208
2021-06-14 09:16:15,1468.65,328145
2021-06-14 09:16:16,1469.65,328608
2021-06-14 09:16:17,1469.25,329110
2021-06-14 09:16:18,1469.9,329585
2021-06-14 09:16:19,1470.0,336171
2021-06-14 09:16:20,1469.5,339764
2021-06-14 09:16:21,1469.55,340462
2021-06-14 09:16:22,1469.85,341255
2021-06-14 09:16:23,1469.85,341563
2021-06-14 09:16:24,1470.0,341949
2021-06-14 09:16:25,1470.75,343087
2021-06-14 09:16:26,1470.85,344822
2021-06-14 09:16:27,1470.8,345473
2021-06-14 09:16:28,1470.5,346128
2021-06-14 09:16:29,1471.0,352272
2021-06-14 09:16:30,1471.6,354889
2021-06-14 09:16:31,1471.8,356447
2021-06-14 09:16:32,1471.75,359893
2021-06-14 09:16:33,1472.3,362789
2021-06-14 09:16:34,1472.95,368280
2021-06-14 09:16:36,1473.35,370719
2021-06-14 09:16:36,1473.45,372775
2021-06-14 09:16:37,1473.45,373687
2021-06-14 09:16:38,1473.85,374767
2021-06-14 09:16:39,1474.2,378663
2021-06-14 09:16:40,1474.45,379930
2021-06-14 09:16:41,1474.7,381842
2021-06-14 09:16:42,1474.85,384437
2021-06-14 09:16:43,1474.7,385784
2021-06-14 09:16:44,1474.2,387661
2021-06-14 09:16:45,1475.0,388769
2021-06-14 09:16:46,1474.2,391133
2021-06-14 09:16:47,1475.0,394892
2021-06-14 09:16:49,1475.0,397169
2021-06-14 09:16:50,1474.05,399716
2021-06-14 09:16:51,1474.15,401468
2021-06-14 09:16:53,1474.15,402027
2021-06-14 09:16:54,1474.7,403242
2021-06-14 09:16:55,1475.0,406526
2021-06-14 09:16:56,1475.0,408293
2021-06-14 09:16:57,1475.0,409566
2021-06-14 09:16:57,1475.0,410247
2021-06-14 09:16:58,1475.0,411719
2021-06-14 09:16:59,1475.0,413324
2021-06-14 09:17:00,1475.0,414820
2021-06-14 09:17:01,1474.95,418340
2021-06-14 09:17:02,1474.9,434915
2021-06-14 09:17:03,1475.5,437173
2021-06-14 09:17:04,1474.75,438501
2021-06-14 09:17:05,1475.3,439870
2021-06-14 09:17:07,1475.0,440935
2021-06-14 09:17:08,1474.8,445796
2021-06-14 09:17:09,1475.2,447102
2021-06-14 09:17:10,1475.95,448772
2021-06-14 09:17:10,1476.6,451266
2021-06-14 09:17:11,1476.55,452620
2021-06-14 09:17:12,1475.85,453900
2021-06-14 09:17:13,1476.9,454684
2021-06-14 09:17:14,1476.35,455752
2021-06-14 09:17:15,1476.45,456754
2021-06-14 09:17:16,1476.6,458439
2021-06-14 09:17:17,1476.55,459632
2021-06-14 09:17:18,1476.45,460093
2021-06-14 09:17:19,1476.45,464679
2021-06-14 09:17:20,1476.6,466453
2021-06-14 09:17:21,1476.9,467067
2021-06-14 09:17:22,1476.5,467571
2021-06-14 09:17:23,1476.15,469587
2021-06-14 09:17:24,1476.7,469839
2021-06-14 09:17:25,1476.2,471438
2021-06-14 09:17:26,1476.7,473161
2021-06-14 09:17:27,1475.35,483009
2021-06-14 09:17:28,1475.05,484281
2021-06-14 09:17:29,1475.25,487830
2021-06-14 09:17:30,1475.8,490239
2021-06-14 09:17:31,1475.15,491540
2021-06-14 09:17:33,1475.15,492480
2021-06-14 09:17:34,1475.1,496056
2021-06-14 09:17:34,1475.05,493532
2021-06-14 09:17:35,1475.7,498166
2021-06-14 09:17:36,1475.65,498918
2021-06-14 09:17:37,1475.1,499982
2021-06-14 09:17:38,1475.15,500704
2021-06-14 09:17:39,1475.5,502714
2021-06-14 09:17:40,1475.5,503141
2021-06-14 09:17:41,1475.55,503615
2021-06-14 09:17:42,1475.75,504202
2021-06-14 09:17:43,1475.05,504892
2021-06-14 09:17:44,1475.05,506077
2021-06-14 09:17:45,1475.5,506971
2021-06-14 09:17:46,1474.65,507534
2021-06-14 09:17:47,1475.0,508741
2021-06-14 09:17:48,1475.35,510175
2021-06-14 09:17:49,1475.65,514979
2021-06-14 09:17:50,1474.9,515973
2021-06-14 09:17:51,1475.05,518711
2021-06-14 09:17:52,1475.1,520291
2021-06-14 09:17:54,1475.0,525417
2021-06-14 09:17:54,1474.9,525606
2021-06-14 09:17:56,1474.3,531289
2021-06-14 09:17:57,1473.65,532846
2021-06-14 09:17:58,1474.0,536204
2021-06-14 09:17:59,1474.4,538853
2021-06-14 09:18:00,1474.0,539253
2021-06-14 09:18:01,1474.15,540566
2021-06-14 09:18:01,1474.15,540670
2021-06-14 09:18:02,1474.15,541559
2021-06-14 09:18:03,1474.0,542902
2021-06-14 09:18:04,1473.45,545060
2021-06-14 09:18:05,1474.0,546369
2021-06-14 09:18:06,1473.3,547341
2021-06-14 09:18:07,1473.35,551532
2021-06-14 09:18:08,1473.55,552143
2021-06-14 09:18:09,1473.4,553512
2021-06-14 09:18:12,1473.45,555381
2021-06-14 09:18:13,1473.45,556777
2021-06-14 09:18:14,1473.8,557928
2021-06-14 09:18:15,1473.7,558286
2021-06-14 09:18:16,1472.5,561675
2021-06-14 09:18:17,1471.7,563063
2021-06-14 09:18:17,1471.7,563063
2021-06-14 09:18:18,1472.45,563998
2021-06-14 09:18:19,1471.85,565099
2021-06-14 09:18:20,1471.75,565873
2021-06-14 09:18:21,1471.7,566937
2021-06-14 09:18:22,1471.4,567648
2021-06-14 09:18:23,1471.2,568836
2021-06-14 09:18:24,1470.55,570728
2021-06-14 09:18:25,1471.0,572275
2021-06-14 09:18:27,1470.7,573554
2021-06-14 09:18:27,1471.5,574530
2021-06-14 09:18:29,1471.0,577433
2021-06-14 09:18:30,1471.0,579540
2021-06-14 09:18:31,1470.85,580997
2021-06-14 09:18:32,1470.75,581908
2021-06-14 09:18:33,1470.55,582940
2021-06-14 09:18:35,1471.0,584298
2021-06-14 09:18:37,1470.35,584792
2021-06-14 09:18:38,1470.4,586214
2021-06-14 09:18:39,1470.5,586522
2021-06-14 09:18:39,1470.35,587336
2021-06-14 09:18:40,1470.95,587653
2021-06-14 09:18:41,1470.85,588639
2021-06-14 09:18:42,1470.15,589914
2021-06-14 09:18:43,1471.0,591189
2021-06-14 09:18:44,1470.55,592088
2021-06-14 09:18:45,1470.75,592345
2021-06-14 09:18:46,1470.35,592858
2021-06-14 09:18:47,1470.55,593339
2021-06-14 09:18:48,1470.5,596114
2021-06-14 09:18:49,1470.85,597331
2021-06-14 09:18:50,1471.1,598087
2021-06-14 09:18:51,1471.0,598808
2021-06-14 09:18:52,1470.35,603507
2021-06-14 09:18:53,1470.55,605264
2021-06-14 09:18:54,1470.5,605858
2021-06-14 09:18:55,1470.5,606600
2021-06-14 09:18:57,1470.95,607659
2021-06-14 09:18:58,1471.1,609804
2021-06-14 09:18:59,1470.55,610259
2021-06-14 09:19:00,1470.6,614673
2021-06-14 09:19:01,1471.0,616064
2021-06-14 09:19:02,1470.35,617046
2021-06-14 09:19:03,1470.5,618412
2021-06-14 09:19:04,1470.3,618807
2021-06-14 09:19:05,1470.5,619551
2021-06-14 09:19:06,1471.0,620418
2021-06-14 09:19:07,1470.85,621615
2021-06-14 09:19:08,1470.5,621873
2021-06-14 09:19:09,1471.0,622302
2021-06-14 09:19:11,1470.35,623065
2021-06-14 09:19:12,1471.0,625214
2021-06-14 09:19:13,1471.0,625397
2021-06-14 09:19:14,1470.8,625868
2021-06-14 09:19:15,1471.0,626898
2021-06-14 09:19:16,1470.5,627437
2021-06-14 09:19:17,1470.3,628243
2021-06-14 09:19:18,1470.9,629037
2021-06-14 09:19:19,1470.35,629165
2021-06-14 09:19:20,1471.0,631055
2021-06-14 09:19:20,1471.0,631495
2021-06-14 09:19:21,1470.65,631971
2021-06-14 09:19:22,1470.75,632069
2021-06-14 09:19:23,1471.0,632717
2021-06-14 09:19:24,1471.0,634035
2021-06-14 09:19:25,1471.0,634485
2021-06-14 09:19:26,1470.55,635499
2021-06-14 09:19:27,1470.65,637161
2021-06-14 09:19:28,1470.8,637999
2021-06-14 09:19:29,1471.0,638696
2021-06-14 09:19:30,1471.0,639103
2021-06-14 09:19:31,1470.7,639389
2021-06-14 09:19:32,1470.95,639573
2021-06-14 09:19:33,1471.0,641144
2021-06-14 09:19:35,1470.55,641900
2021-06-14 09:19:36,1470.85,643284
2021-06-14 09:19:37,1470.85,643867
2021-06-14 09:19:37,1470.95,643883
2021-06-14 09:19:38,1470.7,644792
2021-06-14 09:19:39,1471.0,645190
2021-06-14 09:19:40,1471.3,647271
2021-06-14 09:19:41,1471.5,648091
2021-06-14 09:19:42,1471.0,648645
2021-06-14 09:19:43,1471.0,651277
2021-06-14 09:19:44,1471.0,652352
2021-06-14 09:19:45,1471.0,652968
2021-06-14 09:19:46,1471.25,653706
2021-06-14 09:19:47,1471.15,654075
2021-06-14 09:19:48,1470.6,654481
2021-06-14 09:19:49,1471.3,654873
2021-06-14 09:19:50,1470.7,655883
2021-06-14 09:19:51,1471.0,656048
2021-06-14 09:19:52,1471.0,656599
2021-06-14 09:19:53,1471.0,657070
2021-06-14 09:19:54,1470.95,658212
2021-06-14 09:19:55,1470.2,663002
2021-06-14 09:19:56,1470.0,673054
2021-06-14 09:19:58,1470.0,674329
2021-06-14 09:19:59,1470.7,674656
2021-06-14 09:20:00,1470.0,675205
2021-06-14 09:20:00,1470.05,676026
2021-06-14 09:20:01,1470.0,678616
2021-06-14 09:20:02,1469.8,679039
2021-06-14 09:20:03,1470.1,679491
2021-06-14 09:20:04,1469.45,681474
2021-06-14 09:20:05,1469.8,681899
2021-06-14 09:20:06,1469.8,682552
2021-06-14 09:20:07,1469.0,683701
2021-06-14 09:20:08,1469.0,686486
2021-06-14 09:20:09,1469.4,687339
2021-06-14 09:20:10,1469.2,688833
2021-06-14 09:20:11,1469.55,689591
2021-06-14 09:20:12,1469.2,690649
2021-06-14 09:20:13,1469.0,693020
2021-06-14 09:20:14,1468.65,693571
2021-06-14 09:20:15,1468.4,694203
2021-06-14 09:20:16,1468.5,694842
2021-06-14 09:20:17,1468.45,699304
2021-06-14 09:20:18,1468.0,702651
2021-06-14 09:20:19,1468.1,708366
2021-06-14 09:20:20,1468.6,710097
2021-06-14 09:20:21,1468.5,710301
2021-06-14 09:20:23,1468.95,711366
2021-06-14 09:20:23,1468.95,711463
2021-06-14 09:20:25,1468.3,712579
2021-06-14 09:20:26,1468.35,714024
2021-06-14 09:20:27,1468.95,714505
2021-06-14 09:20:28,1468.8,715829
2021-06-14 09:20:30,1469.0,720119
2021-06-14 09:20:31,1469.15,721286
2021-06-14 09:20:31,1468.45,721175
2021-06-14 09:20:32,1468.1,723467
2021-06-14 09:20:33,1468.1,725788
2021-06-14 09:20:35,1468.05,727747
2021-06-14 09:20:36,1468.05,732590
2021-06-14 09:20:37,1468.1,733539
2021-06-14 09:20:38,1468.05,734078
2021-06-14 09:20:39,1468.45,736401
2021-06-14 09:20:40,1468.6,736941
2021-06-14 09:20:41,1468.1,737445
2021-06-14 09:20:42,1468.0,738300
2021-06-14 09:20:43,1467.55,739464
2021-06-14 09:20:44,1467.75,739636
2021-06-14 09:20:46,1468.0,739918
2021-06-14 09:20:47,1467.55,740789
2021-06-14 09:20:48,1467.5,741377
2021-06-14 09:20:48,1467.95,743834
2021-06-14 09:20:50,1467.1,744298
2021-06-14 09:20:51,1467.1,744817
2021-06-14 09:20:52,1467.75,745171
2021-06-14 09:20:52,1467.95,745452
2021-06-14 09:20:54,1467.1,745908
2021-06-14 09:20:54,1467.35,746877
2021-06-14 09:20:55,1467.35,747760
2021-06-14 09:20:56,1467.85,749263
2021-06-14 09:20:57,1467.35,750308
2021-06-14 09:20:59,1466.5,756430
2021-06-14 09:20:59,1466.9,756953
2021-06-14 09:21:01,1466.25,761419
2021-06-14 09:21:02,1467.0,761873
2021-06-14 09:21:04,1466.55,762619
2021-06-14 09:21:05,1465.0,777540
2021-06-14 09:21:06,1464.7,779480
2021-06-14 09:21:07,1464.9,780785
2021-06-14 09:21:08,1465.65,782761
2021-06-14 09:21:09,1465.9,782800
2021-06-14 09:21:10,1465.2,784069
2021-06-14 09:21:11,1465.05,784815
2021-06-14 09:21:12,1464.75,785431
2021-06-14 09:21:13,1466.0,786591
2021-06-14 09:21:14,1466.05,787549
2021-06-14 09:21:15,1465.0,787938
2021-06-14 09:21:16,1465.0,789107
2021-06-14 09:21:17,1465.95,789552
2021-06-14 09:21:17,1465.3,789714
2021-06-14 09:21:18,1466.0,789958
2021-06-14 09:21:20,1465.4,790702
2021-06-14 09:21:21,1465.95,791647
2021-06-14 09:21:22,1465.95,792518
2021-06-14 09:21:23,1465.75,792968
2021-06-14 09:21:24,1466.0,794012
2021-06-14 09:21:25,1465.4,795333
2021-06-14 09:21:26,1465.95,796847
2021-06-14 09:21:27,1465.95,797027
2021-06-14 09:21:27,1465.05,797713
2021-06-14 09:21:29,1465.15,798927
2021-06-14 09:21:30,1465.3,799589
2021-06-14 09:21:31,1465.15,800240
2021-06-14 09:21:33,1465.3,801246
2021-06-14 09:21:34,1465.05,802179
2021-06-14 09:21:34,1465.9,803554
2021-06-14 09:21:35,1465.15,804381
2021-06-14 09:21:36,1465.35,804642
2021-06-14 09:21:37,1465.1,812223
2021-06-14 09:21:40,1464.45,815410
2021-06-14 09:21:41,1465.1,816393
2021-06-14 09:21:41,1465.1,816390
2021-06-14 09:21:42,1464.55,817962
2021-06-14 09:21:44,1464.9,820666
2021-06-14 09:21:47,1463.6,823469
2021-06-14 09:21:48,1463.7,827909
2021-06-14 09:21:49,1463.75,830441
2021-06-14 09:21:50,1463.7,831164
2021-06-14 09:21:51,1464.05,831856
2021-06-14 09:21:53,1464.6,832051
2021-06-14 09:21:53,1464.05,832221
2021-06-14 09:21:54,1464.4,834291
2021-06-14 09:21:56,1464.3,835209
2021-06-14 09:21:57,1464.35,837029
2021-06-14 09:21:58,1464.6,838417
2021-06-14 09:21:59,1464.95,839154
2021-06-14 09:22:00,1464.85,840509
2021-06-14 09:22:01,1464.85,840679
2021-06-14 09:22:02,1465.0,840959
2021-06-14 09:22:03,1464.05,850220
2021-06-14 09:22:04,1464.65,852673
2021-06-14 09:22:04,1464.65,853810
2021-06-14 09:22:05,1464.75,854178
2021-06-14 09:22:06,1466.35,859359
2021-06-14 09:22:07,1466.0,859783
2021-06-14 09:22:08,1465.8,860255
2021-06-14 09:22:09,1465.5,861354
2021-06-14 09:22:11,1466.25,862424
2021-06-14 09:22:11,1465.65,863133
2021-06-14 09:22:13,1465.65,863469
2021-06-14 09:22:14,1466.35,864481
2021-06-14 09:22:14,1466.05,864633
2021-06-14 09:22:16,1465.8,865769
2021-06-14 09:22:18,1466.15,866963
2021-06-14 09:22:19,1466.15,868948
2021-06-14 09:22:20,1466.45,870195
2021-06-14 09:22:21,1466.15,870385
2021-06-14 09:22:22,1466.8,871517
2021-06-14 09:22:23,1466.8,871638
2021-06-14 09:22:24,1466.2,872246
2021-06-14 09:22:25,1467.0,873335
2021-06-14 09:22:25,1466.3,873641
2021-06-14 09:22:26,1466.6,876837
2021-06-14 09:22:27,1467.25,877068
2021-06-14 09:22:28,1467.35,877867
2021-06-14 09:22:29,1467.1,878162
2021-06-14 09:22:31,1467.2,878277
2021-06-14 09:22:32,1467.25,878802
2021-06-14 09:22:33,1467.2,879045
2021-06-14 09:22:34,1467.2,879373
2021-06-14 09:22:35,1467.2,880014
2021-06-14 09:22:36,1467.1,881184
2021-06-14 09:22:37,1467.75,881526
2021-06-14 09:22:38,1467.15,882323
2021-06-14 09:22:39,1467.6,882915
2021-06-14 09:22:40,1467.5,883065
2021-06-14 09:22:41,1467.7,883648
2021-06-14 09:22:42,1467.6,883971
2021-06-14 09:22:43,1466.2,888584
2021-06-14 09:22:44,1466.05,891226
2021-06-14 09:22:45,1466.8,891388
2021-06-14 09:22:46,1466.95,891931
2021-06-14 09:22:46,1466.35,891936
2021-06-14 09:22:47,1467.25,893565
2021-06-14 09:22:49,1466.75,893776
2021-06-14 09:22:50,1467.0,894132
2021-06-14 09:22:51,1466.8,894787
2021-06-14 09:22:52,1467.05,894956
2021-06-14 09:22:53,1466.85,895064
2021-06-14 09:22:54,1466.3,895750
2021-06-14 09:22:55,1466.4,896104
2021-06-14 09:22:56,1467.45,897593
2021-06-14 09:22:57,1466.8,898326
2021-06-14 09:22:58,1467.0,898486
2021-06-14 09:22:59,1466.75,898976
2021-06-14 09:23:00,1467.0,899502
2021-06-14 09:23:01,1467.15,900321
2021-06-14 09:23:02,1467.0,900455
2021-06-14 09:23:03,1467.45,900819
2021-06-14 09:23:04,1467.5,901644
2021-06-14 09:23:05,1466.9,902291
2021-06-14 09:23:06,1466.9,902741
2021-06-14 09:23:07,1467.05,903181
2021-06-14 09:23:08,1467.0,903791
2021-06-14 09:23:09,1467.65,903903
2021-06-14 09:23:10,1467.0,904404
2021-06-14 09:23:11,1466.75,904748
2021-06-14 09:23:12,1467.45,905213
2021-06-14 09:23:13,1467.45,906395
2021-06-14 09:23:14,1467.45,906688
2021-06-14 09:23:15,1466.75,907057
2021-06-14 09:23:16,1466.75,907247
2021-06-14 09:23:17,1466.85,907530
2021-06-14 09:23:18,1466.75,908880
2021-06-14 09:23:19,1467.45,910130
2021-06-14 09:23:20,1467.0,910415
2021-06-14 09:23:21,1466.5,910634
2021-06-14 09:23:22,1466.15,911872
2021-06-14 09:23:23,1466.1,911983
2021-06-14 09:23:24,1465.95,919358
2021-06-14 09:23:25,1465.95,919669
2021-06-14 09:23:27,1466.25,921806
2021-06-14 09:23:28,1466.15,922152
2021-06-14 09:23:29,1465.95,922445
2021-06-14 09:23:31,1465.35,923009
2021-06-14 09:23:32,1465.25,923292
2021-06-14 09:23:33,1465.5,923423
2021-06-14 09:23:34,1465.15,924247
2021-06-14 09:23:34,1465.15,924246
2021-06-14 09:23:36,1465.05,924865
2021-06-14 09:23:37,1465.0,925389
2021-06-14 09:23:38,1465.15,925745
2021-06-14 09:23:39,1465.45,927058
2021-06-14 09:23:39,1465.0,926721
2021-06-14 09:23:41,1464.55,934111
2021-06-14 09:23:42,1465.0,935504
2021-06-14 09:23:43,1465.0,935769
2021-06-14 09:23:44,1465.35,936159
2021-06-14 09:23:45,1465.0,936573
2021-06-14 09:23:45,1464.5,936823
2021-06-14 09:23:46,1465.0,937366
2021-06-14 09:23:48,1465.0,937556
2021-06-14 09:23:49,1464.45,937597
2021-06-14 09:23:50,1464.5,937773
2021-06-14 09:23:51,1464.95,938590
2021-06-14 09:23:52,1465.0,939884
2021-06-14 09:23:52,1465.0,939884
2021-06-14 09:23:55,1464.55,940904
2021-06-14 09:23:56,1464.9,942115
2021-06-14 09:23:57,1464.4,943386
2021-06-14 09:23:58,1464.5,943589
2021-06-14 09:23:58,1464.5,943688
2021-06-14 09:24:00,1464.5,944000
2021-06-14 09:24:02,1464.5,944314
2021-06-14 09:24:03,1464.5,944659
2021-06-14 09:24:04,1464.55,945039
2021-06-14 09:24:05,1464.6,946135
2021-06-14 09:24:06,1464.5,947073
2021-06-14 09:24:06,1464.4,947123
2021-06-14 09:24:08,1463.7,951490
2021-06-14 09:24:09,1463.85,952850
2021-06-14 09:24:10,1464.65,953098
2021-06-14 09:24:11,1464.3,953253
2021-06-14 09:24:12,1464.3,953661
2021-06-14 09:24:12,1464.4,954283
2021-06-14 09:24:14,1463.55,955952
2021-06-14 09:24:15,1463.55,956390
2021-06-14 09:24:16,1464.0,956781
2021-06-14 09:24:17,1463.5,957414
2021-06-14 09:24:18,1464.0,957599
2021-06-14 09:24:18,1464.0,957599
2021-06-14 09:24:20,1464.0,957942
2021-06-14 09:24:21,1464.0,958345
2021-06-14 09:24:22,1464.0,958813
2021-06-14 09:24:23,1463.3,960309
2021-06-14 09:24:24,1463.75,962113
2021-06-14 09:24:24,1463.75,961108
2021-06-14 09:24:26,1464.4,962841
2021-06-14 09:24:27,1464.0,963254
2021-06-14 09:24:28,1464.0,963738
2021-06-14 09:24:29,1464.2,964056
2021-06-14 09:24:30,1464.0,965085
2021-06-14 09:24:30,1464.25,965075
2021-06-14 09:24:32,1464.05,965383
2021-06-14 09:24:33,1464.0,965502
2021-06-14 09:24:34,1463.9,966221
2021-06-14 09:24:35,1463.95,966826
2021-06-14 09:24:35,1463.95,966966
2021-06-14 09:24:37,1464.0,967227
2021-06-14 09:24:38,1464.0,967697
2021-06-14 09:24:39,1464.0,969132
2021-06-14 09:24:40,1464.0,969281
2021-06-14 09:24:41,1463.15,969301
2021-06-14 09:24:42,1463.8,969538
2021-06-14 09:24:43,1463.9,969903
2021-06-14 09:24:44,1463.75,970059
2021-06-14 09:24:46,1463.35,970745
2021-06-14 09:24:45,1463.75,970740
2021-06-14 09:24:47,1463.2,971383
2021-06-14 09:24:48,1463.8,971781
2021-06-14 09:24:51,1463.2,974661
2021-06-14 09:24:50,1463.1,974601
2021-06-14 09:24:52,1463.1,975151
2021-06-14 09:24:53,1463.05,975362
2021-06-14 09:24:54,1463.0,976744
2021-06-14 09:24:55,1463.6,977091
2021-06-14 09:24:56,1463.1,977854
2021-06-14 09:24:57,1463.1,977875
2021-06-14 09:24:58,1463.0,978576
2021-06-14 09:24:59,1462.6,983183
2021-06-14 09:25:00,1462.55,983690
2021-06-14 09:25:01,1462.25,984427
2021-06-14 09:25:03,1462.25,985336
2021-06-14 09:25:02,1462.25,985336
2021-06-14 09:25:04,1462.0,987336
2021-06-14 09:25:05,1462.55,990536
2021-06-14 09:25:06,1462.0,990651
2021-06-14 09:25:07,1462.15,991164
2021-06-14 09:25:08,1462.25,991876
2021-06-14 09:25:09,1462.05,992143
2021-06-14 09:25:10,1462.0,992561
2021-06-14 09:25:11,1462.45,994376
2021-06-14 09:25:12,1461.8,994873
2021-06-14 09:25:13,1462.0,995175
2021-06-14 09:25:14,1461.55,995941
2021-06-14 09:25:15,1461.65,996309
2021-06-14 09:25:16,1461.65,996333
2021-06-14 09:25:17,1462.0,996996
2021-06-14 09:25:18,1461.8,997677
2021-06-14 09:25:19,1461.85,997976
2021-06-14 09:25:20,1462.15,999180
2021-06-14 09:25:21,1462.2,999428
2021-06-14 09:25:23,1462.0,1000334
2021-06-14 09:25:22,1462.0,1000271
2021-06-14 09:25:24,1461.6,1001072
2021-06-14 09:25:25,1461.0,1002339
2021-06-14 09:25:26,1461.45,1004204
2021-06-14 09:25:27,1461.0,1005160
2021-06-14 09:25:28,1461.0,1006124
2021-06-14 09:25:30,1460.6,1007388
2021-06-14 09:25:29,1460.6,1006948
2021-06-14 09:25:31,1460.6,1008375
2021-06-14 09:25:32,1460.45,1008679
2021-06-14 09:25:33,1461.1,1009126
2021-06-14 09:25:34,1460.95,1009485
2021-06-14 09:25:35,1460.2,1011021
2021-06-14 09:25:36,1460.2,1011083
2021-06-14 09:25:37,1460.1,1026549
2021-06-14 09:25:38,1458.6,1027819
2021-06-14 09:25:39,1458.55,1028640
2021-06-14 09:25:40,1459.0,1029214
2021-06-14 09:25:41,1458.5,1029226
2021-06-14 09:25:42,1458.4,1031373
2021-06-14 09:25:43,1458.1,1031789
2021-06-14 09:25:44,1458.75,1033148
2021-06-14 09:25:46,1458.6,1034049
2021-06-14 09:25:45,1458.6,1034039
2021-06-14 09:25:47,1458.5,1035440
2021-06-14 09:25:48,1458.7,1037322
2021-06-14 09:25:49,1458.2,1037904
2021-06-14 09:25:50,1458.6,1039746
2021-06-14 09:25:51,1458.1,1039985
2021-06-14 09:25:52,1458.1,1040522
2021-06-14 09:25:53,1458.5,1041556
2021-06-14 09:25:54,1458.25,1043035
2021-06-14 09:25:55,1458.15,1044112
2021-06-14 09:25:56,1458.05,1045320
2021-06-14 09:25:58,1458.25,1048288
2021-06-14 09:25:59,1458.1,1048780
2021-06-14 09:26:00,1458.15,1049219
2021-06-14 09:26:01,1458.5,1049650
2021-06-14 09:26:02,1458.65,1049775
2021-06-14 09:26:03,1458.2,1050908
2021-06-14 09:26:04,1458.65,1051901
2021-06-14 09:26:05,1458.25,1052593
2021-06-14 09:26:06,1458.5,1053489
2021-06-14 09:26:07,1458.25,1053763
2021-06-14 09:26:08,1458.3,1055633
2021-06-14 09:26:09,1458.9,1056912
2021-06-14 09:26:10,1458.95,1057216
2021-06-14 09:26:11,1458.0,1057473
2021-06-14 09:26:12,1458.0,1058304
2021-06-14 09:26:13,1457.5,1063507
2021-06-14 09:26:14,1457.2,1066304
2021-06-14 09:26:15,1457.8,1066850
2021-06-14 09:26:17,1457.95,1067672
2021-06-14 09:26:18,1458.0,1067953
2021-06-14 09:26:19,1457.3,1068283
2021-06-14 09:26:20,1457.9,1068575
2021-06-14 09:26:21,1457.5,1069102
2021-06-14 09:26:23,1457.2,1069287
2021-06-14 09:26:24,1457.25,1070668
2021-06-14 09:26:25,1457.85,1072381
2021-06-14 09:26:26,1458.0,1074239
2021-06-14 09:26:27,1458.0,1076002
2021-06-14 09:26:28,1458.5,1076225
2021-06-14 09:26:29,1458.8,1076969
2021-06-14 09:26:30,1459.6,1078348
2021-06-14 09:26:31,1459.85,1080337
2021-06-14 09:26:32,1459.9,1081016
2021-06-14 09:26:33,1460.3,1081647
2021-06-14 09:26:34,1460.35,1081822
2021-06-14 09:26:35,1461.0,1081846
2021-06-14 09:26:36,1460.45,1083443
2021-06-14 09:26:37,1461.5,1085187
2021-06-14 09:26:38,1460.85,1085418
2021-06-14 09:26:40,1461.7,1086351
2021-06-14 09:26:41,1461.75,1086614
2021-06-14 09:26:42,1461.0,1086798
2021-06-14 09:26:43,1461.0,1087351
2021-06-14 09:26:44,1461.95,1087807
2021-06-14 09:26:45,1461.2,1088708
2021-06-14 09:26:46,1461.1,1089458
2021-06-14 09:26:47,1461.35,1090018
2021-06-14 09:26:49,1462.15,1090954
2021-06-14 09:26:50,1462.05,1091649
2021-06-14 09:26:51,1462.35,1091862
2021-06-14 09:26:52,1462.15,1093036
2021-06-14 09:26:53,1463.0,1093623
2021-06-14 09:26:53,1463.0,1093623
2021-06-14 09:26:54,1462.35,1093787
2021-06-14 09:26:55,1463.0,1094204
2021-06-14 09:26:56,1463.0,1094461
2021-06-14 09:26:57,1462.85,1095178
2021-06-14 09:26:58,1463.2,1095554
2021-06-14 09:26:59,1463.25,1096802
2021-06-14 09:27:01,1464.0,1099096
2021-06-14 09:27:02,1465.2,1104285
2021-06-14 09:27:03,1463.7,1105599
2021-06-14 09:27:04,1464.0,1106186
2021-06-14 09:27:05,1464.25,1106223
2021-06-14 09:27:07,1464.7,1107013
2021-06-14 09:27:08,1464.1,1107864
2021-06-14 09:27:09,1464.6,1110740
2021-06-14 09:27:10,1464.05,1110749
2021-06-14 09:27:11,1464.5,1110933
2021-06-14 09:27:12,1464.65,1111285
2021-06-14 09:27:13,1464.7,1111411
2021-06-14 09:27:14,1464.6,1111723
2021-06-14 09:27:15,1464.35,1112783
2021-06-14 09:27:16,1465.2,1117589
2021-06-14 09:27:17,1465.2,1123790
2021-06-14 09:27:19,1464.95,1124674
2021-06-14 09:27:20,1464.45,1124751
2021-06-14 09:27:21,1464.5,1126196
2021-06-14 09:27:22,1464.15,1126788
2021-06-14 09:27:23,1464.15,1127197
2021-06-14 09:27:24,1464.15,1127675
2021-06-14 09:27:26,1464.7,1129518
2021-06-14 09:27:27,1463.95,1129852
2021-06-14 09:27:28,1464.5,1130304
2021-06-14 09:27:29,1463.85,1130318
2021-06-14 09:27:30,1464.5,1130646
2021-06-14 09:27:31,1464.7,1130946
2021-06-14 09:27:32,1463.9,1131107
2021-06-14 09:27:33,1464.3,1131246
2021-06-14 09:27:34,1465.0,1131918
2021-06-14 09:27:36,1464.2,1132591
2021-06-14 09:27:37,1464.2,1132651
2021-06-14 09:27:38,1464.0,1132881
2021-06-14 09:27:39,1464.75,1133343
2021-06-14 09:27:40,1464.2,1133615
2021-06-14 09:27:41,1465.0,1134877
2021-06-14 09:27:42,1464.85,1136473
2021-06-14 09:27:44,1465.0,1136853
2021-06-14 09:27:44,1465.0,1136853
2021-06-14 09:27:45,1464.9,1137243
2021-06-14 09:27:46,1464.9,1137359
2021-06-14 09:27:47,1464.7,1138322
2021-06-14 09:27:48,1464.25,1138857
2021-06-14 09:27:49,1464.7,1139023
2021-06-14 09:27:50,1464.3,1139267
2021-06-14 09:27:51,1464.4,1139448
2021-06-14 09:27:52,1464.85,1140074
2021-06-14 09:27:53,1464.9,1140180
2021-06-14 09:27:54,1464.7,1140563
2021-06-14 09:27:55,1464.7,1141443
2021-06-14 09:27:56,1465.2,1142096
2021-06-14 09:27:57,1464.55,1142809
2021-06-14 09:27:59,1464.85,1143116
2021-06-14 09:28:00,1465.0,1143525
2021-06-14 09:28:02,1464.95,1144922
2021-06-14 09:28:03,1464.55,1146196
2021-06-14 09:28:04,1464.7,1146579
2021-06-14 09:28:06,1464.8,1151026
2021-06-14 09:28:07,1464.8,1151115
2021-06-14 09:28:08,1464.75,1152159
2021-06-14 09:28:09,1464.55,1152207
2021-06-14 09:28:11,1464.75,1152673
2021-06-14 09:28:12,1464.85,1152714
2021-06-14 09:28:13,1464.45,1152803
2021-06-14 09:28:13,1464.95,1153853
2021-06-14 09:28:14,1464.85,1153863
2021-06-14 09:28:15,1464.95,1154252
2021-06-14 09:28:16,1465.0,1154373
2021-06-14 09:28:17,1464.95,1156763
2021-06-14 09:28:18,1464.95,1157370
2021-06-14 09:28:19,1464.85,1157554
2021-06-14 09:28:20,1464.85,1157884
2021-06-14 09:28:21,1464.8,1158151
2021-06-14 09:28:22,1465.0,1158534
2021-06-14 09:28:23,1464.8,1158767
2021-06-14 09:28:24,1464.5,1159413
2021-06-14 09:28:26,1464.4,1160301
2021-06-14 09:28:28,1464.95,1160974
2021-06-14 09:28:29,1465.0,1161595
2021-06-14 09:28:30,1464.95,1161666
2021-06-14 09:28:31,1464.9,1161803
2021-06-14 09:28:32,1464.4,1162181
2021-06-14 09:28:34,1464.9,1162823
2021-06-14 09:28:35,1464.9,1163095
2021-06-14 09:28:36,1464.9,1163144
2021-06-14 09:28:37,1464.9,1163216
2021-06-14 09:28:38,1464.8,1163359
2021-06-14 09:28:39,1464.8,1163420
2021-06-14 09:28:40,1464.85,1163964
2021-06-14 09:28:41,1464.4,1164266
2021-06-14 09:28:42,1464.25,1164937
2021-06-14 09:28:43,1464.45,1165021
2021-06-14 09:28:44,1464.7,1165190
2021-06-14 09:28:45,1464.55,1165396
2021-06-14 09:28:47,1464.7,1166134
2021-06-14 09:28:48,1464.7,1166271
2021-06-14 09:28:49,1464.0,1166432
2021-06-14 09:28:50,1464.7,1166527
2021-06-14 09:28:51,1464.15,1166723
2021-06-14 09:28:52,1464.85,1167867
2021-06-14 09:28:53,1464.7,1167943
2021-06-14 09:28:54,1464.9,1168160
2021-06-14 09:28:55,1464.45,1168475
2021-06-14 09:28:56,1464.7,1168660
2021-06-14 09:28:58,1464.55,1168944
2021-06-14 09:28:59,1464.55,1169707
2021-06-14 09:29:00,1464.55,1169991
2021-06-14 09:29:01,1464.55,1170084
2021-06-14 09:29:02,1464.55,1170140
2021-06-14 09:29:03,1464.55,1170351
2021-06-14 09:29:04,1464.25,1175414
2021-06-14 09:29:05,1464.1,1175455
2021-06-14 09:29:06,1464.9,1175786
2021-06-14 09:29:07,1464.55,1175942
2021-06-14 09:29:07,1464.45,1175892
2021-06-14 09:29:08,1464.45,1176385
2021-06-14 09:29:09,1464.6,1177617
2021-06-14 09:29:10,1464.55,1178436
2021-06-14 09:29:11,1464.55,1178504
2021-06-14 09:29:12,1464.0,1178509
2021-06-14 09:29:13,1464.6,1178689
2021-06-14 09:29:14,1464.3,1178759
2021-06-14 09:29:15,1464.55,1178838
2021-06-14 09:29:16,1464.3,1178974
2021-06-14 09:29:17,1464.3,1179209
2021-06-14 09:29:18,1464.3,1179308
2021-06-14 09:29:19,1464.8,1179450
2021-06-14 09:29:21,1464.25,1179552
2021-06-14 09:29:22,1464.3,1179743
2021-06-14 09:29:23,1464.3,1180096
2021-06-14 09:29:24,1464.5,1180153
2021-06-14 09:29:25,1464.35,1180405
2021-06-14 09:29:26,1464.35,1180452
2021-06-14 09:29:27,1464.35,1180526
2021-06-14 09:29:28,1464.4,1182542
2021-06-14 09:29:28,1464.4,1182542
2021-06-14 09:29:29,1464.4,1182746
2021-06-14 09:29:30,1464.8,1182851
2021-06-14 09:29:31,1464.85,1185297
2021-06-14 09:29:32,1464.85,1185413
2021-06-14 09:29:33,1464.8,1185623
2021-06-14 09:29:34,1464.75,1185788
2021-06-14 09:29:35,1464.05,1185887
2021-06-14 09:29:36,1464.5,1186147
2021-06-14 09:29:37,1464.4,1186254
2021-06-14 09:29:38,1464.4,1186543
2021-06-14 09:29:39,1464.4,1186647
2021-06-14 09:29:40,1464.5,1186952
2021-06-14 09:29:41,1464.55,1187063
2021-06-14 09:29:42,1464.4,1187358
2021-06-14 09:29:43,1464.3,1187437
2021-06-14 09:29:44,1464.15,1187802
2021-06-14 09:29:45,1464.3,1188202
2021-06-14 09:29:46,1464.3,1188759
2021-06-14 09:29:47,1464.05,1188899
2021-06-14 09:29:48,1464.4,1189634
2021-06-14 09:29:49,1464.85,1190238
2021-06-14 09:29:51,1464.6,1191702
2021-06-14 09:29:52,1465.0,1192121
2021-06-14 09:29:53,1464.45,1192699
2021-06-14 09:29:54,1464.85,1192901
2021-06-14 09:29:55,1464.25,1193001
2021-06-14 09:29:56,1464.3,1193287
2021-06-14 09:29:57,1464.8,1193301
2021-06-14 09:29:58,1464.0,1194056
2021-06-14 09:29:59,1464.6,1194275
2021-06-14 09:30:00,1464.6,1194915
2021-06-14 09:30:01,1464.2,1198999
2021-06-14 09:30:02,1464.7,1199090
2021-06-14 09:30:03,1464.7,1199123
2021-06-14 09:30:04,1464.7,1199240
2021-06-14 09:30:05,1464.3,1199411
2021-06-14 09:30:06,1464.3,1199867
2021-06-14 09:30:07,1464.6,1200223
2021-06-14 09:30:08,1464.4,1201753
2021-06-14 09:30:09,1464.0,1202152
2021-06-14 09:30:10,1463.9,1202225
2021-06-14 09:30:11,1463.9,1202834
2021-06-14 09:30:12,1464.0,1202945
2021-06-14 09:30:13,1464.0,1203246
2021-06-14 09:30:14,1463.7,1204738
2021-06-14 09:30:15,1463.6,1205647
2021-06-14 09:30:16,1464.0,1206010
2021-06-14 09:30:17,1465.25,1213722
2021-06-14 09:30:19,1464.9,1214459
2021-06-14 09:30:20,1465.0,1215002
2021-06-14 09:30:22,1465.0,1215463
2021-06-14 09:30:23,1464.4,1216309
2021-06-14 09:30:25,1465.15,1220577
2021-06-14 09:30:27,1465.25,1221407
2021-06-14 09:30:29,1465.5,1222764
2021-06-14 09:30:31,1465.5,1223372
2021-06-14 09:30:32,1465.9,1223825
2021-06-14 09:30:33,1465.9,1223902
2021-06-14 09:30:34,1465.8,1224082
2021-06-14 09:30:35,1465.3,1224712
2021-06-14 09:30:36,1465.65,1225213
2021-06-14 09:30:37,1466.0,1226301
2021-06-14 09:30:38,1466.0,1227020
2021-06-14 09:30:39,1466.0,1227276
2021-06-14 09:30:40,1466.0,1227419
2021-06-14 09:30:41,1466.0,1228243
2021-06-14 09:30:42,1465.35,1228626
2021-06-14 09:30:43,1465.9,1228794
2021-06-14 09:30:44,1465.95,1232713
2021-06-14 09:30:45,1466.5,1233553
2021-06-14 09:30:46,1465.8,1234174
2021-06-14 09:30:47,1466.75,1234814
2021-06-14 09:30:48,1466.0,1235593
2021-06-14 09:30:49,1466.05,1237184
2021-06-14 09:30:50,1466.85,1237251
2021-06-14 09:30:51,1466.55,1239354
2021-06-14 09:30:52,1466.6,1239597
2021-06-14 09:30:53,1465.9,1240312
2021-06-14 09:30:54,1466.65,1240730
2021-06-14 09:30:55,1466.85,1241137
2021-06-14 09:30:56,1466.8,1241152
2021-06-14 09:30:57,1466.9,1241827
2021-06-14 09:30:58,1466.05,1242525
2021-06-14 09:30:59,1466.0,1243595
2021-06-14 09:31:00,1466.1,1244828
2021-06-14 09:31:01,1466.9,1244893
2021-06-14 09:31:02,1466.7,1245725
2021-06-14 09:31:03,1466.7,1246023
2021-06-14 09:31:04,1466.65,1246643
2021-06-14 09:31:05,1466.6,1247430
2021-06-14 09:31:06,1466.6,1247532
2021-06-14 09:31:07,1465.85,1248536
2021-06-14 09:31:08,1466.0,1249057
2021-06-14 09:31:09,1466.15,1249218
2021-06-14 09:31:10,1466.6,1249567
2021-06-14 09:31:11,1466.6,1249744
2021-06-14 09:31:12,1466.7,1249984
2021-06-14 09:31:13,1466.4,1250104
2021-06-14 09:31:14,1466.7,1250404
2021-06-14 09:31:15,1466.7,1251971
2021-06-14 09:31:16,1466.75,1252116
2021-06-14 09:31:17,1466.2,1252259
2021-06-14 09:31:18,1466.7,1252897
2021-06-14 09:31:19,1466.7,1253099
2021-06-14 09:31:20,1466.6,1254012
2021-06-14 09:31:21,1466.1,1257279
2021-06-14 09:31:22,1466.2,1257426
2021-06-14 09:31:23,1467.0,1258408
2021-06-14 09:31:24,1466.9,1258706
2021-06-14 09:31:25,1466.15,1258895
2021-06-14 09:31:26,1466.15,1259969
2021-06-14 09:31:27,1466.75,1260176
2021-06-14 09:31:30,1466.0,1261985
2021-06-14 09:31:31,1466.25,1262396
2021-06-14 09:31:32,1466.3,1262645
2021-06-14 09:31:33,1466.65,1263914
2021-06-14 09:31:34,1466.55,1264258
2021-06-14 09:31:35,1466.4,1264332
2021-06-14 09:31:36,1466.55,1265369
2021-06-14 09:31:36,1465.8,1265222
2021-06-14 09:31:37,1465.8,1265557
2021-06-14 09:31:38,1465.85,1266206
2021-06-14 09:31:39,1465.6,1267160
2021-06-14 09:31:40,1465.3,1267995
2021-06-14 09:31:41,1465.95,1268167
2021-06-14 09:31:42,1466.2,1268849
2021-06-14 09:31:43,1465.55,1268963
2021-06-14 09:31:44,1465.85,1269652
2021-06-14 09:31:45,1465.25,1269787
2021-06-14 09:31:46,1465.0,1270160
2021-06-14 09:31:47,1465.4,1272966
2021-06-14 09:31:48,1465.45,1273202
2021-06-14 09:31:49,1465.35,1273740
2021-06-14 09:31:50,1465.45,1274131
2021-06-14 09:31:51,1465.0,1274393
2021-06-14 09:31:52,1464.55,1274886
2021-06-14 09:31:53,1464.5,1275108
2021-06-14 09:31:54,1465.35,1276454
2021-06-14 09:31:55,1464.55,1276591
2021-06-14 09:31:57,1464.55,1276873
2021-06-14 09:31:58,1465.25,1277468
2021-06-14 09:31:59,1464.85,1278408
2021-06-14 09:32:00,1464.5,1278673
2021-06-14 09:32:01,1464.5,1278769
2021-06-14 09:32:02,1464.55,1279458
2021-06-14 09:32:03,1464.1,1279933
2021-06-14 09:32:05,1464.65,1281078
2021-06-14 09:32:08,1464.0,1283268
2021-06-14 09:32:09,1464.0,1283591
2021-06-14 09:32:10,1464.0,1283813
2021-06-14 09:32:11,1464.1,1284373
2021-06-14 09:32:12,1464.6,1284527
2021-06-14 09:32:12,1464.6,1284527
2021-06-14 09:32:13,1464.0,1285694
2021-06-14 09:32:14,1464.6,1286287
2021-06-14 09:32:15,1464.6,1286517
2021-06-14 09:32:16,1464.45,1287564
2021-06-14 09:32:17,1463.65,1288080
2021-06-14 09:32:18,1464.0,1288170
2021-06-14 09:32:19,1463.5,1289821
2021-06-14 09:32:20,1463.9,1293650
2021-06-14 09:32:22,1463.0,1296230
2021-06-14 09:32:23,1463.2,1300293
2021-06-14 09:32:24,1462.75,1304112
2021-06-14 09:32:25,1462.8,1304490
2021-06-14 09:32:26,1462.55,1305692
2021-06-14 09:32:27,1463.0,1306712
2021-06-14 09:32:28,1463.0,1307629
2021-06-14 09:32:29,1463.0,1309836
2021-06-14 09:32:30,1462.45,1310239
2021-06-14 09:32:31,1462.9,1310550
2021-06-14 09:32:32,1462.25,1311381
2021-06-14 09:32:33,1462.45,1311616
2021-06-14 09:32:34,1462.75,1314042
2021-06-14 09:32:35,1461.2,1316744
2021-06-14 09:32:36,1462.7,1317098
2021-06-14 09:32:37,1462.1,1317305
2021-06-14 09:32:38,1461.95,1317497
2021-06-14 09:32:39,1462.25,1318159
2021-06-14 09:32:40,1462.0,1318895
2021-06-14 09:32:41,1461.6,1319577
2021-06-14 09:32:42,1462.45,1320419
2021-06-14 09:32:42,1462.0,1320509
2021-06-14 09:32:43,1462.0,1320866
2021-06-14 09:32:44,1461.45,1321723
2021-06-14 09:32:45,1461.95,1323488
2021-06-14 09:32:46,1462.0,1324109
2021-06-14 09:32:48,1462.6,1327432
2021-06-14 09:32:49,1462.4,1328100
2021-06-14 09:32:50,1463.25,1337679
2021-06-14 09:32:51,1464.0,1338988
2021-06-14 09:32:52,1464.0,1339297
2021-06-14 09:32:53,1464.3,1339768
2021-06-14 09:32:54,1464.55,1341259
2021-06-14 09:32:55,1464.5,1342510
2021-06-14 09:32:56,1464.3,1343372
2021-06-14 09:32:57,1463.45,1344311
2021-06-14 09:32:58,1463.45,1344411
2021-06-14 09:32:59,1464.5,1344927
2021-06-14 09:33:00,1464.55,1345069
2021-06-14 09:33:01,1464.4,1345851
2021-06-14 09:33:02,1463.25,1345909
2021-06-14 09:33:03,1463.35,1346231
2021-06-14 09:33:04,1463.0,1346769
2021-06-14 09:33:05,1463.25,1347324
2021-06-14 09:33:06,1462.65,1347578
2021-06-14 09:33:07,1463.1,1348916
2021-06-14 09:33:08,1463.05,1350346
2021-06-14 09:33:08,1463.05,1350346
2021-06-14 09:33:09,1462.75,1351417
2021-06-14 09:33:11,1462.6,1352728
2021-06-14 09:33:13,1463.1,1353007
2021-06-14 09:33:14,1463.8,1353370
2021-06-14 09:33:16,1464.3,1355320
2021-06-14 09:33:16,1464.3,1355320
2021-06-14 09:33:17,1463.7,1355557
2021-06-14 09:33:18,1463.8,1357130
2021-06-14 09:33:19,1464.05,1357843
2021-06-14 09:33:20,1463.35,1358183
2021-06-14 09:33:21,1463.25,1358446
2021-06-14 09:33:22,1463.35,1358944
2021-06-14 09:33:23,1463.35,1359084
2021-06-14 09:33:25,1464.4,1359532
2021-06-14 09:33:26,1463.3,1359688
2021-06-14 09:33:27,1463.25,1359842
2021-06-14 09:33:29,1463.0,1361173
2021-06-14 09:33:30,1463.85,1361582
2021-06-14 09:33:31,1463.75,1362024
2021-06-14 09:33:32,1463.5,1362232
2021-06-14 09:33:33,1463.25,1362489
2021-06-14 09:33:34,1463.8,1362874
2021-06-14 09:33:35,1463.15,1363195
2021-06-14 09:33:36,1463.65,1363708
2021-06-14 09:33:37,1463.35,1364505
2021-06-14 09:33:38,1463.2,1364799
2021-06-14 09:33:39,1463.2,1364909
2021-06-14 09:33:40,1463.25,1365145
2021-06-14 09:33:41,1463.25,1365427
2021-06-14 09:33:42,1463.25,1366239
2021-06-14 09:33:43,1463.25,1366450
2021-06-14 09:33:44,1463.45,1366923
2021-06-14 09:33:44,1463.35,1366938
2021-06-14 09:33:45,1463.45,1367245
2021-06-14 09:33:46,1463.0,1367726
2021-06-14 09:33:47,1463.35,1367859
2021-06-14 09:33:49,1463.35,1368829
2021-06-14 09:33:50,1463.35,1368905
2021-06-14 09:33:51,1462.85,1370157
2021-06-14 09:33:52,1462.85,1370315
2021-06-14 09:33:55,1462.95,1371103
2021-06-14 09:33:56,1462.95,1372190
2021-06-14 09:33:58,1462.05,1372877
2021-06-14 09:33:59,1462.5,1373138
2021-06-14 09:34:00,1462.65,1373940
2021-06-14 09:34:01,1462.4,1374965
2021-06-14 09:34:02,1462.95,1375269
2021-06-14 09:34:03,1462.85,1377490
2021-06-14 09:34:04,1463.3,1377668
2021-06-14 09:34:05,1462.5,1378179
2021-06-14 09:34:06,1462.7,1378305
2021-06-14 09:34:07,1462.55,1378526
2021-06-14 09:34:07,1462.8,1378590
2021-06-14 09:34:09,1462.85,1378862
2021-06-14 09:34:10,1463.2,1381370
2021-06-14 09:34:11,1463.95,1381776
2021-06-14 09:34:12,1464.2,1382498
2021-06-14 09:34:13,1464.3,1382742
2021-06-14 09:34:14,1463.9,1383321
2021-06-14 09:34:15,1464.15,1383518
2021-06-14 09:34:16,1464.3,1383551
2021-06-14 09:34:17,1463.4,1383751
2021-06-14 09:34:18,1463.95,1384869
2021-06-14 09:34:19,1464.5,1385769
2021-06-14 09:34:20,1463.8,1386169
2021-06-14 09:34:21,1463.95,1387247
2021-06-14 09:34:22,1463.85,1387562
2021-06-14 09:34:23,1464.35,1388594
2021-06-14 09:34:24,1464.3,1388712
2021-06-14 09:34:24,1463.6,1388743
2021-06-14 09:34:26,1463.7,1389977
2021-06-14 09:34:27,1463.9,1390590
2021-06-14 09:34:28,1464.5,1391308
2021-06-14 09:34:29,1463.8,1391395
2021-06-14 09:34:30,1464.2,1391538
2021-06-14 09:34:31,1464.2,1391593
2021-06-14 09:34:32,1464.0,1391651
2021-06-14 09:34:33,1463.9,1394862
2021-06-14 09:34:34,1463.9,1395493
2021-06-14 09:34:35,1463.65,1395757
2021-06-14 09:34:36,1463.7,1396861
2021-06-14 09:34:38,1463.6,1399286
2021-06-14 09:34:39,1463.65,1399915
2021-06-14 09:34:40,1464.2,1400652
2021-06-14 09:34:41,1464.0,1400706
2021-06-14 09:34:42,1463.75,1400857
2021-06-14 09:34:43,1463.75,1400879
2021-06-14 09:34:44,1464.2,1401145
2021-06-14 09:34:45,1463.9,1401205
2021-06-14 09:34:46,1463.75,1401282
2021-06-14 09:34:47,1463.75,1401553
2021-06-14 09:34:48,1463.95,1401734
2021-06-14 09:34:49,1463.75,1401921
2021-06-14 09:34:50,1464.2,1402084
2021-06-14 09:34:51,1463.8,1402330
2021-06-14 09:34:52,1464.5,1403800
2021-06-14 09:34:53,1464.1,1404303
2021-06-14 09:34:54,1464.7,1404956
2021-06-14 09:34:55,1463.85,1405095
2021-06-14 09:34:56,1464.65,1405418
2021-06-14 09:34:57,1464.65,1405456
2021-06-14 09:35:00,1464.5,1407518
2021-06-14 09:35:02,1464.6,1408024
2021-06-14 09:35:03,1464.6,1409114
2021-06-14 09:35:04,1464.95,1409236
2021-06-14 09:35:05,1464.6,1409356
2021-06-14 09:35:07,1464.4,1409800
2021-06-14 09:35:08,1464.4,1410527
2021-06-14 09:35:09,1464.4,1410860
2021-06-14 09:35:10,1464.4,1410912
2021-06-14 09:35:11,1464.15,1411166
2021-06-14 09:35:12,1464.2,1411362
2021-06-14 09:35:13,1464.65,1412342
2021-06-14 09:35:14,1464.45,1412456
2021-06-14 09:35:14,1464.65,1412657
2021-06-14 09:35:15,1464.65,1413060
2021-06-14 09:35:17,1464.6,1413146
2021-06-14 09:35:18,1464.1,1414036
2021-06-14 09:35:19,1464.1,1414086
2021-06-14 09:35:20,1464.3,1414227
2021-06-14 09:35:21,1464.2,1415895
2021-06-14 09:35:22,1464.0,1416257
2021-06-14 09:35:23,1464.0,1416559
2021-06-14 09:35:24,1464.6,1418598
2021-06-14 09:35:25,1464.45,1420719
2021-06-14 09:35:26,1464.55,1422360
2021-06-14 09:35:27,1466.0,1429080
2021-06-14 09:35:29,1465.55,1429923
2021-06-14 09:35:30,1466.0,1430048
2021-06-14 09:35:32,1465.5,1431167
2021-06-14 09:35:33,1465.5,1431898
2021-06-14 09:35:35,1466.0,1433227
2021-06-14 09:35:36,1465.35,1433692
2021-06-14 09:35:37,1465.9,1433897
2021-06-14 09:35:38,1464.75,1436978
2021-06-14 09:35:39,1464.65,1437213
2021-06-14 09:35:40,1464.75,1437988
2021-06-14 09:35:41,1464.65,1438152
2021-06-14 09:35:43,1465.0,1438511
2021-06-14 09:35:44,1465.3,1438926
2021-06-14 09:35:45,1465.45,1439169
2021-06-14 09:35:46,1464.6,1440147
2021-06-14 09:35:47,1464.9,1440709
2021-06-14 09:35:48,1465.65,1440973
2021-06-14 09:35:50,1465.7,1441451
2021-06-14 09:35:51,1465.85,1442152
2021-06-14 09:35:52,1465.35,1442629
2021-06-14 09:35:53,1465.25,1442996
2021-06-14 09:35:55,1465.8,1443830
2021-06-14 09:35:56,1465.8,1444071
2021-06-14 09:35:57,1465.05,1444524
2021-06-14 09:35:58,1465.55,1444750
2021-06-14 09:35:59,1464.9,1445228
2021-06-14 09:36:00,1465.4,1445458
2021-06-14 09:36:01,1465.25,1446724
2021-06-14 09:36:03,1464.85,1446894
2021-06-14 09:36:04,1464.9,1447205
2021-06-14 09:36:05,1464.95,1447365
2021-06-14 09:36:08,1465.1,1450617
2021-06-14 09:36:09,1465.05,1450731
2021-06-14 09:36:10,1464.35,1451099
2021-06-14 09:36:11,1464.3,1452276
2021-06-14 09:36:12,1465.2,1452891
2021-06-14 09:36:13,1465.0,1452925
2021-06-14 09:36:14,1464.85,1453036
2021-06-14 09:36:15,1464.15,1453366
2021-06-14 09:36:16,1464.75,1453436
2021-06-14 09:36:17,1464.25,1453879
2021-06-14 09:36:18,1464.35,1454102
2021-06-14 09:36:19,1465.0,1454503
2021-06-14 09:36:20,1465.0,1454697
2021-06-14 09:36:21,1465.05,1455766
2021-06-14 09:36:22,1464.6,1458891
2021-06-14 09:36:23,1464.85,1459023
2021-06-14 09:36:24,1464.75,1459270
2021-06-14 09:36:25,1464.05,1459437
2021-06-14 09:36:26,1464.65,1459534
2021-06-14 09:36:27,1464.75,1459784
2021-06-14 09:36:28,1464.75,1459941
2021-06-14 09:36:29,1464.2,1459982
2021-06-14 09:36:30,1464.75,1460259
2021-06-14 09:36:31,1464.75,1460346
2021-06-14 09:36:32,1464.2,1460383
2021-06-14 09:36:33,1464.05,1460426
2021-06-14 09:36:34,1464.75,1460538
2021-06-14 09:36:35,1464.75,1460850
2021-06-14 09:36:36,1464.75,1461242
2021-06-14 09:36:37,1464.95,1461666
2021-06-14 09:36:38,1464.85,1461847
2021-06-14 09:36:39,1464.55,1461961
2021-06-14 09:36:40,1464.75,1462196
2021-06-14 09:36:41,1464.75,1462343
2021-06-14 09:36:42,1464.15,1462745
2021-06-14 09:36:43,1464.75,1462800
2021-06-14 09:36:44,1464.8,1463052
2021-06-14 09:36:45,1464.35,1463055
2021-06-14 09:36:46,1464.15,1463216
2021-06-14 09:36:47,1464.5,1463611
2021-06-14 09:36:48,1464.5,1464586
2021-06-14 09:36:49,1464.0,1464713
2021-06-14 09:36:50,1464.0,1466028
2021-06-14 09:36:51,1464.35,1466145
2021-06-14 09:36:53,1464.0,1466515
2021-06-14 09:36:54,1464.0,1467094
2021-06-14 09:36:55,1463.7,1467113
2021-06-14 09:36:56,1463.7,1467213
2021-06-14 09:36:57,1464.2,1467538
2021-06-14 09:36:58,1464.0,1467824
2021-06-14 09:36:59,1463.5,1468001
2021-06-14 09:37:01,1463.15,1469508
2021-06-14 09:37:02,1463.7,1470042
2021-06-14 09:37:03,1463.2,1470257
2021-06-14 09:37:04,1463.7,1470369
2021-06-14 09:37:05,1463.65,1470642
2021-06-14 09:37:07,1463.05,1471007
2021-06-14 09:37:08,1463.65,1471228
2021-06-14 09:37:09,1463.0,1471270
2021-06-14 09:37:10,1463.5,1471405
2021-06-14 09:37:11,1463.45,1472653
2021-06-14 09:37:12,1463.0,1473605
2021-06-14 09:37:13,1463.1,1474104
2021-06-14 09:37:14,1463.1,1474104
2021-06-14 09:37:15,1463.05,1474245
2021-06-14 09:37:16,1463.05,1475269
2021-06-14 09:37:17,1463.0,1475565
2021-06-14 09:37:18,1463.0,1476093
2021-06-14 09:37:19,1463.0,1476123
2021-06-14 09:37:20,1462.7,1476333
2021-06-14 09:37:21,1463.2,1476559
2021-06-14 09:37:22,1463.2,1476872
2021-06-14 09:37:23,1463.45,1476966
2021-06-14 09:37:24,1462.8,1478186
2021-06-14 09:37:25,1463.0,1478302
2021-06-14 09:37:26,1463.6,1478852
2021-06-14 09:37:27,1463.0,1479043
2021-06-14 09:37:28,1463.0,1479168
2021-06-14 09:37:29,1463.1,1480681
2021-06-14 09:37:31,1462.85,1482330
2021-06-14 09:37:32,1463.0,1482462
2021-06-14 09:37:33,1462.95,1482591
2021-06-14 09:37:34,1462.5,1483726
2021-06-14 09:37:35,1462.3,1484435
2021-06-14 09:37:36,1462.6,1485179
2021-06-14 09:37:38,1462.25,1485450
2021-06-14 09:37:39,1462.55,1485487
2021-06-14 09:37:40,1462.25,1485980
2021-06-14 09:37:41,1462.55,1486149
2021-06-14 09:37:42,1462.05,1486583
2021-06-14 09:37:43,1462.7,1486664
2021-06-14 09:37:44,1462.05,1486819
2021-06-14 09:37:46,1462.4,1487095
2021-06-14 09:37:47,1462.4,1487299
2021-06-14 09:37:48,1462.1,1488257
2021-06-14 09:37:49,1462.05,1488681
2021-06-14 09:37:50,1462.0,1489241
2021-06-14 09:37:51,1462.7,1489274
2021-06-14 09:37:52,1463.2,1497816
2021-06-14 09:37:53,1463.7,1498542
2021-06-14 09:37:54,1463.75,1499755
2021-06-14 09:37:55,1463.7,1500301
2021-06-14 09:37:56,1463.2,1500321
2021-06-14 09:37:57,1463.35,1500434
2021-06-14 09:37:58,1463.35,1500437
2021-06-14 09:37:59,1462.7,1500536
2021-06-14 09:38:00,1463.3,1500640
2021-06-14 09:38:01,1463.4,1500740
2021-06-14 09:38:01,1463.4,1500740
2021-06-14 09:38:02,1463.2,1501452
2021-06-14 09:38:03,1463.35,1501565
2021-06-14 09:38:04,1463.35,1501689
2021-06-14 09:38:05,1463.05,1502237
2021-06-14 09:38:06,1463.7,1502612
2021-06-14 09:38:07,1463.1,1502706
2021-06-14 09:38:08,1463.3,1502982
2021-06-14 09:38:09,1463.3,1503027
2021-06-14 09:38:10,1463.2,1503326
2021-06-14 09:38:11,1463.5,1504404
2021-06-14 09:38:12,1463.0,1504731
2021-06-14 09:38:13,1462.7,1504864
2021-06-14 09:38:14,1463.0,1504865
2021-06-14 09:38:15,1463.05,1505064
2021-06-14 09:38:16,1463.0,1505097
2021-06-14 09:38:17,1463.05,1505463
2021-06-14 09:38:18,1463.05,1505596
2021-06-14 09:38:19,1463.0,1506483
2021-06-14 09:38:20,1462.35,1506790
2021-06-14 09:38:22,1462.35,1507151
2021-06-14 09:38:23,1462.35,1507251
2021-06-14 09:38:24,1462.9,1507263
2021-06-14 09:38:25,1462.9,1507315
2021-06-14 09:38:26,1462.3,1507365
2021-06-14 09:38:27,1462.35,1507500
2021-06-14 09:38:28,1462.2,1507779
2021-06-14 09:38:29,1462.2,1508108
2021-06-14 09:38:30,1462.7,1508491
2021-06-14 09:38:30,1462.1,1508501
2021-06-14 09:38:31,1462.75,1508714
2021-06-14 09:38:32,1462.8,1509728
2021-06-14 09:38:33,1462.45,1509811
2021-06-14 09:38:34,1462.65,1510633
2021-06-14 09:38:35,1463.05,1511719
2021-06-14 09:38:36,1463.15,1511823
2021-06-14 09:38:37,1463.15,1512030
2021-06-14 09:38:38,1463.7,1512210
2021-06-14 09:38:39,1463.0,1512430
2021-06-14 09:38:40,1463.5,1512531
2021-06-14 09:38:41,1463.4,1513577
2021-06-14 09:38:42,1463.6,1513677
2021-06-14 09:38:43,1463.35,1513762
2021-06-14 09:38:44,1463.3,1513837
2021-06-14 09:38:45,1463.7,1513967
2021-06-14 09:38:46,1464.0,1515066
2021-06-14 09:38:47,1463.95,1515352
2021-06-14 09:38:48,1464.1,1517152
2021-06-14 09:38:49,1464.3,1517369
2021-06-14 09:38:51,1464.5,1517738
2021-06-14 09:38:52,1464.65,1517918
2021-06-14 09:38:53,1464.1,1517985
2021-06-14 09:38:54,1464.7,1518118
2021-06-14 09:38:55,1464.85,1518342
2021-06-14 09:38:56,1464.75,1518407
2021-06-14 09:38:57,1464.25,1518538
2021-06-14 09:38:57,1464.25,1518538
2021-06-14 09:38:58,1464.25,1518538
2021-06-14 09:38:59,1464.9,1518550
2021-06-14 09:39:00,1464.95,1519179
2021-06-14 09:39:04,1464.1,1520239
2021-06-14 09:39:05,1464.65,1520538
2021-06-14 09:39:06,1464.65,1520583
2021-06-14 09:39:07,1464.25,1520679
2021-06-14 09:39:09,1464.65,1521431
2021-06-14 09:39:10,1464.65,1521780
2021-06-14 09:39:11,1464.2,1521798
2021-06-14 09:39:12,1464.65,1521964
2021-06-14 09:39:13,1464.85,1522890
2021-06-14 09:39:14,1464.6,1523149
2021-06-14 09:39:15,1464.2,1523593
2021-06-14 09:39:16,1464.2,1523620
2021-06-14 09:39:17,1464.25,1523770
2021-06-14 09:39:18,1464.25,1524449
2021-06-14 09:39:19,1464.15,1524516
2021-06-14 09:39:20,1464.65,1524741
2021-06-14 09:39:21,1464.7,1524835
2021-06-14 09:39:22,1464.3,1524851
2021-06-14 09:39:23,1464.25,1525005
2021-06-14 09:39:24,1464.5,1525405
2021-06-14 09:39:25,1464.6,1525482
2021-06-14 09:39:26,1464.65,1525581
2021-06-14 09:39:27,1464.65,1525878
2021-06-14 09:39:29,1464.45,1526068
2021-06-14 09:39:30,1464.9,1527241
2021-06-14 09:39:30,1464.65,1527242
2021-06-14 09:39:31,1464.95,1527277
2021-06-14 09:39:32,1465.55,1532688
2021-06-14 09:39:33,1465.0,1532797
2021-06-14 09:39:35,1465.2,1533524
2021-06-14 09:39:37,1465.8,1533755
2021-06-14 09:39:38,1465.75,1534081
2021-06-14 09:39:40,1466.0,1534157
2021-06-14 09:39:41,1465.9,1542787
2021-06-14 09:39:42,1466.35,1543061
2021-06-14 09:39:43,1465.85,1543241
2021-06-14 09:39:44,1465.9,1543487
2021-06-14 09:39:45,1466.5,1543729
2021-06-14 09:39:46,1466.0,1543874
2021-06-14 09:39:47,1466.05,1544428
2021-06-14 09:39:48,1466.6,1544648
2021-06-14 09:39:49,1466.8,1545215
2021-06-14 09:39:49,1466.8,1545215
2021-06-14 09:39:50,1466.4,1547204
2021-06-14 09:39:51,1466.55,1547490
2021-06-14 09:39:52,1466.6,1547719
2021-06-14 09:39:53,1466.6,1547856
2021-06-14 09:39:54,1468.7,1555339
2021-06-14 09:39:55,1468.25,1555627
2021-06-14 09:39:56,1468.6,1557056
2021-06-14 09:39:57,1468.5,1557936
2021-06-14 09:39:58,1468.95,1558270
2021-06-14 09:39:59,1468.85,1559164
2021-06-14 09:40:00,1468.4,1559454
2021-06-14 09:40:01,1469.65,1562010
2021-06-14 09:40:02,1469.0,1563204
2021-06-14 09:40:03,1469.35,1563668
2021-06-14 09:40:05,1469.3,1564210
2021-06-14 09:40:06,1469.6,1575136
2021-06-14 09:40:06,1469.9,1575606
2021-06-14 09:40:07,1468.9,1598638
2021-06-14 09:40:09,1469.75,1600885
2021-06-14 09:40:09,1469.75,1601098
2021-06-14 09:40:10,1469.7,1604636
2021-06-14 09:40:11,1469.1,1605950
2021-06-14 09:40:12,1468.35,1607414
2021-06-14 09:40:13,1467.6,1645285
2021-06-14 09:40:14,1466.8,1662388
2021-06-14 09:40:15,1467.65,1663271
2021-06-14 09:40:16,1467.3,1664524
2021-06-14 09:40:17,1467.4,1688150
2021-06-14 09:40:18,1467.0,1689715
2021-06-14 09:40:19,1466.5,1689809
2021-06-14 09:40:21,1467.0,1693301
2021-06-14 09:40:22,1466.9,1693351
2021-06-14 09:40:23,1467.3,1693544
2021-06-14 09:40:24,1467.5,1694334
2021-06-14 09:40:25,1467.1,1694842
2021-06-14 09:40:28,1466.1,1697006
2021-06-14 09:40:29,1466.15,1697276
2021-06-14 09:40:30,1466.2,1697445
2021-06-14 09:40:30,1466.25,1697455
2021-06-14 09:40:31,1466.1,1697656
2021-06-14 09:40:32,1466.0,1698244
2021-06-14 09:40:33,1466.0,1698430
2021-06-14 09:40:34,1465.8,1698540
2021-06-14 09:40:35,1465.4,1699525
2021-06-14 09:40:36,1466.0,1699560
2021-06-14 09:40:37,1465.95,1700425
2021-06-14 09:40:39,1465.0,1704905
2021-06-14 09:40:38,1464.85,1702874
2021-06-14 09:40:40,1465.0,1705126
2021-06-14 09:40:41,1465.0,1706347
2021-06-14 09:40:42,1465.1,1709536
2021-06-14 09:40:44,1465.85,1712109
2021-06-14 09:40:46,1465.55,1717361
2021-06-14 09:40:48,1465.4,1717592
2021-06-14 09:40:49,1465.7,1717662
2021-06-14 09:40:50,1465.65,1717713
2021-06-14 09:40:50,1465.65,1717775
2021-06-14 09:40:51,1465.95,1718830
2021-06-14 09:40:52,1465.05,1722037
2021-06-14 09:40:53,1465.05,1722161
2021-06-14 09:40:54,1465.05,1722295
2021-06-14 09:40:56,1464.85,1722806
2021-06-14 09:40:58,1465.05,1723357
2021-06-14 09:40:59,1465.0,1723501
2021-06-14 09:40:59,1465.9,1723502
2021-06-14 09:41:00,1465.7,1723627
2021-06-14 09:41:01,1465.05,1723850
2021-06-14 09:41:02,1465.55,1725898
2021-06-14 09:41:03,1465.9,1725984
2021-06-14 09:41:04,1465.3,1726563
2021-06-14 09:41:05,1466.0,1726671
2021-06-14 09:41:06,1465.4,1726727
2021-06-14 09:41:07,1465.35,1726840
2021-06-14 09:41:08,1465.55,1727055
2021-06-14 09:41:09,1466.0,1727409
2021-06-14 09:41:11,1466.0,1727436
2021-06-14 09:41:12,1466.1,1727925
2021-06-14 09:41:13,1466.15,1727957
2021-06-14 09:41:13,1465.75,1727959
2021-06-14 09:41:14,1466.45,1728015
2021-06-14 09:41:15,1466.0,1728150
2021-06-14 09:41:16,1466.0,1728208
2021-06-14 09:41:17,1466.45,1728243
2021-06-14 09:41:18,1466.2,1729540
2021-06-14 09:41:19,1466.35,1729696
2021-06-14 09:41:20,1466.35,1729969
2021-06-14 09:41:22,1466.3,1730320
2021-06-14 09:41:23,1466.9,1730636
2021-06-14 09:41:24,1466.4,1730653
2021-06-14 09:41:25,1466.9,1730666
2021-06-14 09:41:26,1466.9,1730817
2021-06-14 09:41:27,1466.4,1730890
2021-06-14 09:41:28,1466.5,1731097
2021-06-14 09:41:29,1466.5,1731337
2021-06-14 09:41:30,1466.6,1731794
2021-06-14 09:41:31,1466.6,1731995
2021-06-14 09:41:31,1466.6,1731995
2021-06-14 09:41:32,1466.1,1732681
2021-06-14 09:41:33,1466.1,1732930
2021-06-14 09:41:34,1466.1,1733068
2021-06-14 09:41:35,1465.55,1735067
2021-06-14 09:41:36,1465.75,1735809
2021-06-14 09:41:37,1465.75,1736606
2021-06-14 09:41:38,1465.2,1738052
2021-06-14 09:41:39,1465.75,1739798
2021-06-14 09:41:40,1465.25,1740133
2021-06-14 09:41:41,1465.7,1740204
2021-06-14 09:41:42,1465.7,1740317
2021-06-14 09:41:44,1465.75,1740399
2021-06-14 09:41:45,1465.2,1740521
2021-06-14 09:41:45,1465.65,1740594
2021-06-14 09:41:46,1465.1,1740698
2021-06-14 09:41:48,1465.0,1740937
2021-06-14 09:41:49,1465.55,1741076
2021-06-14 09:41:50,1465.0,1744403
2021-06-14 09:41:52,1465.0,1748471
2021-06-14 09:41:53,1465.0,1751293
2021-06-14 09:41:54,1465.0,1751556
2021-06-14 09:41:55,1464.7,1751960
2021-06-14 09:41:56,1465.0,1752682
2021-06-14 09:41:57,1465.0,1752885
2021-06-14 09:41:57,1465.0,1752970
2021-06-14 09:42:00,1465.0,1755015
2021-06-14 09:42:01,1465.0,1755025
2021-06-14 09:42:02,1464.6,1755230
2021-06-14 09:42:03,1464.95,1755500
2021-06-14 09:42:03,1464.55,1755617
2021-06-14 09:42:06,1464.95,1755933
2021-06-14 09:42:07,1465.0,1756009
2021-06-14 09:42:08,1465.0,1756321
2021-06-14 09:42:10,1465.0,1757705
2021-06-14 09:42:11,1465.0,1758182
2021-06-14 09:42:12,1464.8,1758533
2021-06-14 09:42:13,1464.55,1758870
2021-06-14 09:42:14,1465.0,1759665
2021-06-14 09:42:14,1465.0,1759670
2021-06-14 09:42:15,1465.0,1759757
2021-06-14 09:42:16,1464.95,1759818
2021-06-14 09:42:17,1464.95,1759897
2021-06-14 09:42:18,1465.0,1759933
2021-06-14 09:42:19,1465.0,1760446
2021-06-14 09:42:20,1464.95,1760521
2021-06-14 09:42:21,1464.95,1761094
2021-06-14 09:42:22,1465.1,1761592
2021-06-14 09:42:24,1465.1,1761836
2021-06-14 09:42:24,1465.1,1761872
2021-06-14 09:42:26,1465.35,1761986
2021-06-14 09:42:28,1465.0,1763185
2021-06-14 09:42:29,1465.35,1763394
2021-06-14 09:42:29,1465.35,1763407
2021-06-14 09:42:30,1465.0,1763424
2021-06-14 09:42:31,1465.0,1763438
2021-06-14 09:42:32,1465.35,1763493
2021-06-14 09:42:33,1464.95,1763639
2021-06-14 09:42:34,1464.95,1763738
2021-06-14 09:42:35,1465.0,1763931
2021-06-14 09:42:36,1464.95,1764133
2021-06-14 09:42:37,1464.65,1765390
2021-06-14 09:42:38,1465.0,1765604
2021-06-14 09:42:39,1464.55,1765634
2021-06-14 09:42:40,1465.0,1766967
2021-06-14 09:42:41,1464.95,1767047
2021-06-14 09:42:42,1465.0,1767323
2021-06-14 09:42:44,1464.95,1770742
2021-06-14 09:42:45,1465.0,1770748
2021-06-14 09:42:46,1464.55,1770934
2021-06-14 09:42:47,1465.0,1771565
2021-06-14 09:42:49,1464.5,1772118
2021-06-14 09:42:51,1464.8,1773080
2021-06-14 09:42:52,1464.5,1773223
2021-06-14 09:42:53,1464.5,1773454
2021-06-14 09:42:54,1464.8,1773456
2021-06-14 09:42:55,1464.8,1774319
2021-06-14 09:42:56,1464.8,1774324
2021-06-14 09:42:57,1464.8,1774856
2021-06-14 09:42:58,1464.0,1776115
2021-06-14 09:42:59,1464.65,1776287
2021-06-14 09:43:00,1464.05,1776909
2021-06-14 09:43:01,1464.7,1776979
2021-06-14 09:43:02,1464.0,1777102
2021-06-14 09:43:03,1464.25,1777211
2021-06-14 09:43:04,1464.0,1777702
2021-06-14 09:43:07,1464.6,1782158
2021-06-14 09:43:10,1464.55,1782519
2021-06-14 09:43:12,1464.35,1783522
2021-06-14 09:43:13,1463.95,1783571
2021-06-14 09:43:14,1464.25,1783966
2021-06-14 09:43:15,1464.25,1784065
2021-06-14 09:43:16,1464.1,1784496
2021-06-14 09:43:17,1463.5,1785635
2021-06-14 09:43:18,1464.1,1785905
2021-06-14 09:43:19,1463.55,1785979
2021-06-14 09:43:20,1464.15,1786155
2021-06-14 09:43:21,1464.1,1786284
2021-06-14 09:43:22,1463.9,1787610
2021-06-14 09:43:23,1464.0,1787858
2021-06-14 09:43:25,1463.9,1789185
2021-06-14 09:43:26,1463.55,1789671
2021-06-14 09:43:27,1463.9,1790228
2021-06-14 09:43:28,1463.9,1790359
2021-06-14 09:43:29,1463.5,1790481
2021-06-14 09:43:30,1464.0,1791717
2021-06-14 09:43:31,1464.0,1792201
2021-06-14 09:43:32,1463.5,1792462
2021-06-14 09:43:33,1463.9,1792727
2021-06-14 09:43:34,1463.65,1796208
2021-06-14 09:43:35,1463.65,1796261
2021-06-14 09:43:36,1463.2,1797050
2021-06-14 09:43:37,1463.55,1797248
2021-06-14 09:43:39,1463.25,1797282
2021-06-14 09:43:40,1463.25,1797395
2021-06-14 09:43:41,1463.65,1797479
2021-06-14 09:43:42,1463.7,1797540
2021-06-14 09:43:43,1463.85,1798256
2021-06-14 09:43:44,1463.2,1798869
2021-06-14 09:43:45,1462.6,1802075
2021-06-14 09:43:46,1463.45,1802327
2021-06-14 09:43:47,1462.75,1802961
2021-06-14 09:43:49,1462.55,1803647
2021-06-14 09:43:50,1462.95,1803727
2021-06-14 09:43:51,1462.95,1804405
2021-06-14 09:43:52,1462.95,1804765
2021-06-14 09:43:53,1462.5,1804809
2021-06-14 09:43:54,1462.95,1805407
2021-06-14 09:43:55,1462.65,1805804
2021-06-14 09:43:56,1462.55,1806900
2021-06-14 09:43:59,1462.6,1808023
2021-06-14 09:44:00,1462.5,1808192
2021-06-14 09:44:01,1462.85,1808356
2021-06-14 09:44:02,1462.95,1808521
2021-06-14 09:44:03,1462.9,1809249
2021-06-14 09:44:04,1462.6,1809370
2021-06-14 09:44:05,1462.85,1809502
2021-06-14 09:44:06,1462.95,1809606
2021-06-14 09:44:07,1462.85,1809736
2021-06-14 09:44:08,1462.7,1810388
2021-06-14 09:44:09,1462.95,1811539
2021-06-14 09:44:10,1462.95,1811571
2021-06-14 09:44:11,1462.95,1812262
2021-06-14 09:44:12,1462.95,1812346
2021-06-14 09:44:13,1462.6,1813379
2021-06-14 09:44:13,1462.6,1813400
2021-06-14 09:44:14,1462.6,1814179
2021-06-14 09:44:15,1463.0,1814634
2021-06-14 09:44:17,1463.0,1814758
2021-06-14 09:44:18,1462.95,1814892
2021-06-14 09:44:18,1462.95,1814928
2021-06-14 09:44:19,1462.95,1814942
2021-06-14 09:44:21,1462.95,1815064
2021-06-14 09:44:22,1462.95,1815107
2021-06-14 09:44:22,1462.95,1815215
2021-06-14 09:44:25,1463.0,1815770
2021-06-14 09:44:27,1463.0,1816057
2021-06-14 09:44:28,1463.1,1817346
2021-06-14 09:44:29,1463.1,1818352
2021-06-14 09:44:30,1463.15,1818972
2021-06-14 09:44:31,1463.0,1819411
2021-06-14 09:44:33,1463.15,1820046
2021-06-14 09:44:34,1463.5,1820583
2021-06-14 09:44:35,1464.55,1824862
2021-06-14 09:44:36,1463.95,1824999
2021-06-14 09:44:36,1463.9,1825160
2021-06-14 09:44:38,1464.0,1825413
2021-06-14 09:44:40,1463.65,1825488
2021-06-14 09:44:41,1464.2,1825517
2021-06-14 09:44:42,1463.6,1825518
2021-06-14 09:44:43,1464.2,1825533
2021-06-14 09:44:45,1464.05,1825812
2021-06-14 09:44:46,1464.15,1825862
2021-06-14 09:44:47,1463.65,1825875
2021-06-14 09:44:50,1463.8,1826240
2021-06-14 09:44:51,1464.6,1826251
2021-06-14 09:44:52,1463.95,1827814
2021-06-14 09:44:54,1464.0,1828826
2021-06-14 09:44:55,1463.95,1828944
2021-06-14 09:44:56,1464.55,1828946
2021-06-14 09:44:57,1464.35,1828947
2021-06-14 09:44:58,1464.25,1828954
2021-06-14 09:44:59,1464.0,1830912
2021-06-14 09:45:00,1464.0,1831102
2021-06-14 09:45:01,1463.5,1831194
2021-06-14 09:45:02,1463.25,1831290
2021-06-14 09:45:03,1463.7,1831476
2021-06-14 09:45:04,1463.5,1831502
2021-06-14 09:45:05,1463.25,1831533
2021-06-14 09:45:06,1463.75,1832017
2021-06-14 09:45:07,1463.8,1832019
2021-06-14 09:45:08,1463.5,1832119
2021-06-14 09:45:09,1463.7,1832128
2021-06-14 09:45:10,1463.8,1832145
2021-06-14 09:45:11,1463.7,1832375
2021-06-14 09:45:12,1463.5,1832428
2021-06-14 09:45:13,1463.4,1832682
2021-06-14 09:45:14,1463.8,1833170
2021-06-14 09:45:15,1463.35,1833297
2021-06-14 09:45:16,1463.3,1833397
2021-06-14 09:45:17,1463.35,1833659
2021-06-14 09:45:18,1463.5,1834330
2021-06-14 09:45:19,1463.6,1834346
2021-06-14 09:45:19,1463.3,1834399
2021-06-14 09:45:20,1463.25,1834590
2021-06-14 09:45:21,1463.3,1839660
2021-06-14 09:45:22,1463.25,1839715
2021-06-14 09:45:23,1464.0,1843685
2021-06-14 09:45:24,1464.05,1848417
2021-06-14 09:45:25,1464.05,1853555
2021-06-14 09:45:26,1464.95,1853739
2021-06-14 09:45:28,1464.25,1853759
2021-06-14 09:45:29,1465.2,1857955
2021-06-14 09:45:29,1465.2,1858119
2021-06-14 09:45:31,1465.4,1858245
2021-06-14 09:45:31,1465.2,1858277
2021-06-14 09:45:32,1465.8,1858294
2021-06-14 09:45:33,1465.85,1865149
2021-06-14 09:45:34,1465.85,1865165
2021-06-14 09:45:36,1465.0,1865723
2021-06-14 09:45:37,1465.65,1866373
2021-06-14 09:45:39,1464.85,2871442
2021-06-14 09:45:40,1465.2,2873081
2021-06-14 09:45:41,1465.55,2879774
2021-06-14 09:45:42,1465.3,2880051
2021-06-14 09:45:43,1465.5,2881963
2021-06-14 09:45:44,1465.0,2892558
2021-06-14 09:45:45,1464.95,2892846
2021-06-14 09:45:45,1465.45,2895579
2021-06-14 09:45:46,1465.5,2895649
2021-06-14 09:45:47,1465.5,2895698
2021-06-14 09:45:48,1465.0,2895705
2021-06-14 09:45:50,1465.2,2895707
2021-06-14 09:45:51,1465.4,2895759
2021-06-14 09:45:52,1465.0,2895787
2021-06-14 09:45:55,1464.95,2898629
2021-06-14 09:45:55,1464.95,2898639
2021-06-14 09:45:57,1464.85,2899163
2021-06-14 09:45:58,1464.75,2899333
2021-06-14 09:45:59,1464.75,2899369
2021-06-14 09:46:00,1464.75,2899405
2021-06-14 09:46:01,1464.85,2899451
2021-06-14 09:46:02,1464.1,2900552
2021-06-14 09:46:03,1464.1,2900751
2021-06-14 09:46:04,1463.7,2901311
2021-06-14 09:46:05,1464.4,2901382
2021-06-14 09:46:06,1464.0,2901394
2021-06-14 09:46:07,1463.95,2901470
2021-06-14 09:46:08,1464.1,2901536
2021-06-14 09:46:09,1464.45,2901582
2021-06-14 09:46:10,1464.3,2901693
2021-06-14 09:46:11,1464.45,2901829
2021-06-14 09:46:12,1464.35,2901903
2021-06-14 09:46:13,1464.35,2902165
2021-06-14 09:46:14,1464.5,2902237
2021-06-14 09:46:15,1464.45,2903567
2021-06-14 09:46:16,1464.4,2904034
2021-06-14 09:46:17,1464.4,2904211
2021-06-14 09:46:18,1464.35,2904294
2021-06-14 09:46:19,1464.45,2904392
2021-06-14 09:46:20,1464.4,2904586
2021-06-14 09:46:21,1464.4,2904688
2021-06-14 09:46:22,1463.7,2905026
2021-06-14 09:46:23,1464.35,2905027
2021-06-14 09:46:24,1464.5,2906839
2021-06-14 09:46:25,1464.6,2906953
2021-06-14 09:46:26,1464.5,2907140
2021-06-14 09:46:27,1464.5,2907247
2021-06-14 09:46:28,1464.5,2907267
2021-06-14 09:46:29,1464.5,2907791
2021-06-14 09:46:30,1464.5,2908518
2021-06-14 09:46:31,1464.6,2908559
2021-06-14 09:46:32,1464.6,2909653
2021-06-14 09:46:33,1464.5,2909778
2021-06-14 09:46:34,1464.6,2909828
2021-06-14 09:46:35,1464.75,2910009
2021-06-14 09:46:36,1464.5,2910111
2021-06-14 09:46:37,1464.7,2910576
2021-06-14 09:46:38,1464.8,2911023
2021-06-14 09:46:42,1464.95,2913242
2021-06-14 09:46:43,1464.95,2914087
2021-06-14 09:46:44,1464.95,2914092
2021-06-14 09:46:45,1464.95,2914866
2021-06-14 09:46:46,1464.5,2914902
2021-06-14 09:46:47,1464.5,2919142
2021-06-14 09:46:48,1464.8,2919286
2021-06-14 09:46:50,1464.6,2919464
2021-06-14 09:46:49,1464.6,2919409
2021-06-14 09:46:51,1464.85,2919574
2021-06-14 09:46:52,1464.6,2920437
2021-06-14 09:46:53,1464.5,2921401
2021-06-14 09:46:54,1464.5,2921503
2021-06-14 09:46:55,1464.5,2921728
2021-06-14 09:46:56,1464.55,2921770
2021-06-14 09:46:57,1464.55,2921770
2021-06-14 09:46:58,1464.6,2921790
2021-06-14 09:46:59,1464.55,2922005
2021-06-14 09:47:00,1464.8,2923565
2021-06-14 09:47:01,1464.95,2923595
2021-06-14 09:47:02,1464.95,2923827
2021-06-14 09:47:03,1464.95,2923962
2021-06-14 09:47:04,1464.95,2923995
2021-06-14 09:47:05,1464.95,2924064
2021-06-14 09:47:06,1464.5,2924067
2021-06-14 09:47:07,1464.65,2924367
2021-06-14 09:47:08,1464.65,2924406
2021-06-14 09:47:09,1464.65,2924966
2021-06-14 09:47:10,1464.95,2924978
2021-06-14 09:47:11,1464.95,2925183
2021-06-14 09:47:12,1464.95,2925184
2021-06-14 09:47:13,1464.8,2925190
2021-06-14 09:47:15,1464.5,2925634
2021-06-14 09:47:16,1464.5,2925976
2021-06-14 09:47:17,1465.0,2925995
2021-06-14 09:47:18,1464.5,2925999
2021-06-14 09:47:19,1464.5,2926367
2021-06-14 09:47:20,1464.95,2926469
2021-06-14 09:47:21,1464.5,2927471
2021-06-14 09:47:22,1465.0,2928034
2021-06-14 09:47:23,1464.5,2928046
2021-06-14 09:47:24,1464.95,2928083
2021-06-14 09:47:25,1464.95,2928153
2021-06-14 09:47:26,1464.9,2928195
2021-06-14 09:47:27,1464.5,2928240
2021-06-14 09:47:28,1464.9,2928260
2021-06-14 09:47:29,1464.9,2928291
2021-06-14 09:47:30,1464.8,2928453
2021-06-14 09:47:31,1464.6,2928532
2021-06-14 09:47:32,1464.55,2928603
2021-06-14 09:47:33,1465.0,2928613
2021-06-14 09:47:34,1464.55,2928642
2021-06-14 09:47:35,1464.55,2928675
2021-06-14 09:47:36,1465.0,2928683
2021-06-14 09:47:37,1465.0,2928698
2021-06-14 09:47:38,1464.8,2928748
2021-06-14 09:47:39,1465.0,2928911
2021-06-14 09:47:40,1465.0,2928923
2021-06-14 09:47:42,1464.9,2929365
2021-06-14 09:47:43,1465.0,2929622
2021-06-14 09:47:44,1465.0,2929705
2021-06-14 09:47:45,1465.0,2929766
2021-06-14 09:47:46,1465.0,2929791
2021-06-14 09:47:47,1465.0,2930638
2021-06-14 09:47:48,1464.65,2930648
2021-06-14 09:47:49,1464.65,2930845
2021-06-14 09:47:50,1465.0,2930895
2021-06-14 09:47:51,1465.0,2931511
2021-06-14 09:47:52,1465.0,2931654
2021-06-14 09:47:53,1465.05,2931778
2021-06-14 09:47:54,1465.05,2931931
2021-06-14 09:47:55,1465.05,2932199
2021-06-14 09:47:56,1465.05,2932310
2021-06-14 09:47:57,1465.05,2932316
2021-06-14 09:47:58,1465.0,2932448
2021-06-14 09:47:59,1465.05,2932781
2021-06-14 09:48:00,1465.0,2934215
2021-06-14 09:48:01,1465.0,2934335
2021-06-14 09:48:02,1465.05,2934516
2021-06-14 09:48:03,1465.05,2934524
2021-06-14 09:48:04,1465.05,2934826
2021-06-14 09:48:05,1465.0,2935036
2021-06-14 09:48:06,1465.0,2935036
2021-06-14 09:48:07,1465.05,2935185
2021-06-14 09:48:08,1465.1,2936390
2021-06-14 09:48:09,1465.15,2936568
2021-06-14 09:48:10,1465.0,2936977
2021-06-14 09:48:12,1465.15,2937173
2021-06-14 09:48:13,1465.1,2937231
2021-06-14 09:48:15,1465.05,2937448
2021-06-14 09:48:15,1465.0,2944351
2021-06-14 09:48:16,1465.0,2944471
2021-06-14 09:48:17,1466.0,2963363
2021-06-14 09:48:18,1466.0,2963418
2021-06-14 09:48:19,1466.0,2963448
2021-06-14 09:48:20,1466.2,2964219
2021-06-14 09:48:21,1466.2,2966614
2021-06-14 09:48:23,1466.2,2966690
2021-06-14 09:48:23,1466.2,2966750
2021-06-14 09:48:24,1466.1,2966752
2021-06-14 09:48:25,1466.2,2966810
2021-06-14 09:48:26,1466.2,2966856
2021-06-14 09:48:28,1467.0,2972369
2021-06-14 09:48:29,1467.0,2972495
2021-06-14 09:48:31,1467.0,2973428
2021-06-14 09:48:32,1466.85,2974529
2021-06-14 09:48:33,1466.85,2975588
2021-06-14 09:48:33,1466.85,2975590
2021-06-14 09:48:34,1466.85,2978507
2021-06-14 09:48:35,1466.85,2978524
2021-06-14 09:48:36,1467.0,2978609
2021-06-14 09:48:37,1467.8,2984791
2021-06-14 09:48:38,1467.7,2984853
2021-06-14 09:48:39,1467.15,2985157
2021-06-14 09:48:40,1467.15,2985179
2021-06-14 09:48:41,1467.65,2985256
2021-06-14 09:48:42,1468.0,2991993
2021-06-14 09:48:43,1468.0,3004951
2021-06-14 09:48:44,1468.0,3006140
2021-06-14 09:48:45,1468.0,3006525
2021-06-14 09:48:46,1468.65,3007821
2021-06-14 09:48:47,1468.65,3008479
2021-06-14 09:48:48,1469.0,3022329
2021-06-14 09:48:49,1469.0,3030426
2021-06-14 09:48:50,1469.0,3030741
2021-06-14 09:48:51,1469.0,3035878
2021-06-14 09:48:52,1469.0,3039538
2021-06-14 09:48:53,1469.0,3045694
2021-06-14 09:48:54,1469.75,3046772
2021-06-14 09:48:55,1469.5,3074637
2021-06-14 09:48:56,1470.0,3081936
2021-06-14 09:48:57,1470.0,3083891
2021-06-14 09:48:59,1469.15,3086125
2021-06-14 09:49:00,1469.65,3088580
2021-06-14 09:49:01,1469.95,3089916
2021-06-14 09:49:02,1470.0,3098799
2021-06-14 09:49:03,1469.95,3100019
2021-06-14 09:49:04,1470.5,3102538
2021-06-14 09:49:05,1470.25,3104228
2021-06-14 09:49:06,1470.0,3105413
2021-06-14 09:49:07,1469.5,3105823
2021-06-14 09:49:08,1469.2,3106395
2021-06-14 09:49:09,1469.9,3106607
2021-06-14 09:49:10,1469.65,3107857
2021-06-14 09:49:12,1469.55,3108434
2021-06-14 09:49:13,1469.75,3108758
2021-06-14 09:49:14,1469.2,3108980
2021-06-14 09:49:15,1469.8,3109269
2021-06-14 09:49:16,1469.75,3109486
2021-06-14 09:49:17,1469.1,3110729
2021-06-14 09:49:19,1469.85,3111173
2021-06-14 09:49:19,1469.3,3111181
2021-06-14 09:49:20,1469.7,3113017
2021-06-14 09:49:21,1469.85,3114082
2021-06-14 09:49:24,1469.7,3115670
2021-06-14 09:49:25,1468.7,3116263
2021-06-14 09:49:26,1469.5,3116460
2021-06-14 09:49:28,1469.15,3117440
2021-06-14 09:49:29,1469.45,3117701
2021-06-14 09:49:31,1470.25,3126496
2021-06-14 09:49:32,1470.25,3126983
2021-06-14 09:49:33,1470.0,3127272
2021-06-14 09:49:34,1470.4,3128115
2021-06-14 09:49:35,1470.5,3128567
2021-06-14 09:49:36,1470.0,3130851
2021-06-14 09:49:37,1470.0,3131326
2021-06-14 09:49:38,1470.0,3131586
2021-06-14 09:49:39,1470.0,3136806
2021-06-14 09:49:41,1470.1,3136946
2021-06-14 09:49:40,1470.0,3136914
2021-06-14 09:49:42,1470.0,3137451
2021-06-14 09:49:43,1470.0,3137783
2021-06-14 09:49:44,1470.25,3138224
2021-06-14 09:49:45,1470.25,3138658
2021-06-14 09:49:47,1470.2,3139720
2021-06-14 09:49:48,1470.45,3139794
2021-06-14 09:49:49,1470.25,3140129
2021-06-14 09:49:50,1470.0,3141283
2021-06-14 09:49:52,1470.2,3142033
2021-06-14 09:49:52,1470.2,3142262
2021-06-14 09:49:53,1470.0,3142541
2021-06-14 09:49:54,1470.0,3142546
2021-06-14 09:49:56,1470.3,3142886
2021-06-14 09:49:56,1470.3,3143029
2021-06-14 09:49:58,1470.25,3143386
2021-06-14 09:49:58,1470.3,3143442
2021-06-14 09:49:59,1469.7,3150611
2021-06-14 09:50:00,1469.7,3151183
2021-06-14 09:50:01,1470.3,3151284
2021-06-14 09:50:02,1470.3,3152288
2021-06-14 09:50:04,1470.0,3153320
2021-06-14 09:50:05,1470.0,3154434
2021-06-14 09:50:08,1470.0,3155119
2021-06-14 09:50:10,1470.3,3155583
2021-06-14 09:50:11,1470.0,3155941
2021-06-14 09:50:12,1470.0,3156425
2021-06-14 09:50:14,1470.3,3156726
2021-06-14 09:50:15,1470.3,3156982
2021-06-14 09:50:16,1470.25,3157440
2021-06-14 09:50:16,1470.0,3157540
2021-06-14 09:50:17,1470.25,3157971
2021-06-14 09:50:18,1470.25,3158223
2021-06-14 09:50:19,1470.0,3158293
2021-06-14 09:50:21,1470.3,3158829
2021-06-14 09:50:23,1470.25,3159066
2021-06-14 09:50:25,1470.25,3159253
2021-06-14 09:50:24,1470.25,3159251
2021-06-14 09:50:26,1470.25,3159468
2021-06-14 09:50:27,1470.25,3159807
2021-06-14 09:50:27,1470.25,3159817
2021-06-14 09:50:28,1470.0,3160040
2021-06-14 09:50:29,1470.0,3160183
2021-06-14 09:50:30,1470.3,3160404
2021-06-14 09:50:31,1470.25,3160558
2021-06-14 09:50:32,1470.0,3161123
2021-06-14 09:50:33,1470.3,3161283
2021-06-14 09:50:34,1470.25,3161475
2021-06-14 09:50:35,1469.8,3162901
2021-06-14 09:50:36,1469.75,3162963
2021-06-14 09:50:37,1469.3,3163427
2021-06-14 09:50:38,1469.75,3163512
2021-06-14 09:50:40,1469.45,3166527
2021-06-14 09:50:41,1469.5,3166648
2021-06-14 09:50:42,1468.65,3166934
2021-06-14 09:50:43,1469.25,3167624
2021-06-14 09:50:43,1469.25,3167638
2021-06-14 09:50:44,1469.25,3167897
2021-06-14 09:50:45,1469.5,3168136
2021-06-14 09:50:48,1468.0,3168778
2021-06-14 09:50:49,1468.0,3168795
2021-06-14 09:50:53,1468.55,3169595
2021-06-14 09:50:56,1467.4,3170692
2021-06-14 09:50:57,1468.2,3171349
2021-06-14 09:50:58,1468.0,3171366
2021-06-14 09:50:58,1468.0,3171435
2021-06-14 09:50:59,1467.0,3172714
2021-06-14 09:51:00,1468.2,3174359
2021-06-14 09:51:02,1468.7,3176423
2021-06-14 09:51:04,1468.1,3177009
2021-06-14 09:51:05,1468.8,3177138
2021-06-14 09:51:05,1468.8,3177153
2021-06-14 09:51:06,1468.5,3178278
2021-06-14 09:51:07,1469.05,3178366
2021-06-14 09:51:08,1469.0,3178452
2021-06-14 09:51:09,1468.15,3179510
2021-06-14 09:51:10,1468.65,3179681
2021-06-14 09:51:11,1469.0,3179721
2021-06-14 09:51:13,1468.9,3179970
2021-06-14 09:51:12,1468.35,3179849
2021-06-14 09:51:14,1469.45,3180501
2021-06-14 09:51:15,1469.0,3180532
2021-06-14 09:51:16,1469.5,3180616
2021-06-14 09:51:17,1468.3,3180969
2021-06-14 09:51:18,1469.25,3181147
2021-06-14 09:51:19,1469.3,3181181
2021-06-14 09:51:21,1468.55,3181411
2021-06-14 09:51:21,1468.9,3182700
2021-06-14 09:51:23,1468.35,3182858
2021-06-14 09:51:23,1468.35,3182839
2021-06-14 09:51:24,1469.0,3183789
2021-06-14 09:51:25,1469.1,3184345
2021-06-14 09:51:26,1468.6,3184550
2021-06-14 09:51:28,1468.7,3184946
2021-06-14 09:51:29,1468.6,3185474
2021-06-14 09:51:30,1468.7,3185527
2021-06-14 09:51:31,1468.7,3185591
2021-06-14 09:51:32,1468.05,3187835
2021-06-14 09:51:32,1468.55,3185605
2021-06-14 09:51:33,1468.65,3188162
2021-06-14 09:51:34,1468.7,3188550
2021-06-14 09:51:35,1468.7,3188909
2021-06-14 09:51:36,1468.6,3188935
2021-06-14 09:51:37,1468.65,3189307
2021-06-14 09:51:38,1468.6,3189347
2021-06-14 09:51:40,1468.6,3194384
2021-06-14 09:51:41,1468.7,3194542
2021-06-14 09:51:42,1468.5,3194664
2021-06-14 09:51:43,1468.45,3194764
2021-06-14 09:51:44,1468.6,3194777
2021-06-14 09:51:45,1468.55,3195064
2021-06-14 09:51:45,1468.45,3195314
2021-06-14 09:51:47,1468.55,3195976
2021-06-14 09:51:49,1469.0,3196456
2021-06-14 09:51:49,1469.0,3196456
2021-06-14 09:51:50,1468.75,3197406
2021-06-14 09:51:52,1468.65,3198245
2021-06-14 09:51:54,1468.75,3198537
2021-06-14 09:51:55,1468.75,3198869
2021-06-14 09:51:55,1468.65,3199009
2021-06-14 09:51:56,1469.45,3199674
2021-06-14 09:51:57,1469.1,3200056
2021-06-14 09:51:58,1469.6,3200278
2021-06-14 09:52:00,1469.2,3200375
2021-06-14 09:52:01,1469.0,3200712
2021-06-14 09:52:02,1469.45,3200913
2021-06-14 09:52:04,1468.8,3201250
2021-06-14 09:52:07,1469.45,3202407
2021-06-14 09:52:08,1469.4,3203161
2021-06-14 09:52:09,1469.2,3203300
2021-06-14 09:52:10,1469.2,3203353
2021-06-14 09:52:11,1469.4,3203464
2021-06-14 09:52:12,1469.2,3203568
2021-06-14 09:52:13,1469.4,3203784
2021-06-14 09:52:14,1469.4,3204052
2021-06-14 09:52:16,1469.4,3204166
2021-06-14 09:52:18,1469.45,3204827
2021-06-14 09:52:18,1469.4,3204826
2021-06-14 09:52:19,1469.4,3204902
2021-06-14 09:52:20,1469.5,3206281
2021-06-14 09:52:21,1468.7,3206714
2021-06-14 09:52:22,1468.7,3206782
2021-06-14 09:52:23,1469.2,3206861
2021-06-14 09:52:25,1469.5,3207194
2021-06-14 09:52:26,1469.4,3207251
2021-06-14 09:52:27,1469.2,3207297
2021-06-14 09:52:28,1469.5,3207411
2021-06-14 09:52:28,1469.0,3207410
2021-06-14 09:52:29,1469.5,3207459
2021-06-14 09:52:31,1469.5,3207512
2021-06-14 09:52:32,1469.5,3207626
2021-06-14 09:52:33,1469.5,3207712
2021-06-14 09:52:34,1469.45,3208126
2021-06-14 09:52:35,1469.45,3208309
2021-06-14 09:52:36,1469.5,3208481
2021-06-14 09:52:37,1469.5,3208626
2021-06-14 09:52:38,1469.35,3208689
2021-06-14 09:52:38,1469.35,3208764
2021-06-14 09:52:39,1469.05,3209925
2021-06-14 09:52:40,1469.0,3210001
2021-06-14 09:52:41,1469.0,3210022
2021-06-14 09:52:42,1468.95,3210136
2021-06-14 09:52:43,1468.9,3210517
2021-06-14 09:52:44,1468.9,3210555
2021-06-14 09:52:45,1468.85,3210733
2021-06-14 09:52:48,1468.85,3211968
2021-06-14 09:52:49,1468.6,3212191
2021-06-14 09:52:50,1468.45,3212451
2021-06-14 09:52:51,1468.95,3212534
2021-06-14 09:52:52,1469.0,3212640
2021-06-14 09:52:53,1469.0,3212678
2021-06-14 09:52:54,1468.95,3212705
2021-06-14 09:52:55,1468.95,3212801
2021-06-14 09:52:56,1468.85,3213050
2021-06-14 09:52:57,1468.85,3213090
2021-06-14 09:52:57,1468.85,3213165
2021-06-14 09:52:58,1468.85,3213279
2021-06-14 09:52:59,1468.85,3213544
2021-06-14 09:53:00,1468.85,3213561
2021-06-14 09:53:02,1468.6,3213705
2021-06-14 09:53:03,1468.2,3214207
2021-06-14 09:53:04,1468.8,3214363
2021-06-14 09:53:05,1468.5,3214401
2021-06-14 09:53:06,1468.7,3214417
2021-06-14 09:53:06,1468.7,3214417
2021-06-14 09:53:08,1468.7,3214756
2021-06-14 09:53:10,1468.6,3214828
2021-06-14 09:53:11,1468.2,3214854
2021-06-14 09:53:12,1468.6,3215000
2021-06-14 09:53:13,1468.6,3215003
2021-06-14 09:53:14,1468.6,3215025
2021-06-14 09:53:14,1468.6,3215057
2021-06-14 09:53:15,1468.5,3215418
2021-06-14 09:53:16,1468.45,3215455
2021-06-14 09:53:18,1468.6,3216076
2021-06-14 09:53:20,1468.25,3216184
2021-06-14 09:53:21,1467.4,3220008
2021-06-14 09:53:22,1467.95,3220448
2021-06-14 09:53:23,1467.95,3220448
2021-06-14 09:53:23,1467.95,3220470
2021-06-14 09:53:24,1468.35,3221487
2021-06-14 09:53:25,1468.35,3221524
2021-06-14 09:53:27,1467.95,3222067
2021-06-14 09:53:28,1467.95,3222428
2021-06-14 09:53:29,1467.55,3222528
2021-06-14 09:53:30,1468.2,3222635
2021-06-14 09:53:32,1467.95,3222704
2021-06-14 09:53:33,1467.95,3222763
2021-06-14 09:53:34,1468.2,3222789
2021-06-14 09:53:34,1468.2,3222794
2021-06-14 09:53:35,1467.5,3223025
2021-06-14 09:53:37,1468.4,3223086
2021-06-14 09:53:38,1467.65,3223231
2021-06-14 09:53:38,1467.65,3223261
2021-06-14 09:53:40,1467.65,3223265
2021-06-14 09:53:41,1467.65,3223359
2021-06-14 09:53:42,1467.95,3223432
2021-06-14 09:53:43,1467.95,3223442
2021-06-14 09:53:45,1468.05,3223483
2021-06-14 09:53:46,1468.05,3223508
2021-06-14 09:53:47,1468.5,3223683
2021-06-14 09:53:48,1468.0,3223950
2021-06-14 09:53:49,1468.05,3224230
2021-06-14 09:53:50,1468.5,3224273
2021-06-14 09:53:51,1468.05,3224511
2021-06-14 09:53:51,1468.05,3224496
2021-06-14 09:53:52,1468.6,3224579
2021-06-14 09:53:53,1468.3,3224581
2021-06-14 09:53:54,1468.05,3224745
2021-06-14 09:53:55,1468.05,3224753
2021-06-14 09:53:56,1468.3,3224794
2021-06-14 09:53:57,1468.3,3225287
2021-06-14 09:53:59,1468.0,3225425
2021-06-14 09:54:00,1468.05,3225510
2021-06-14 09:54:01,1468.05,3225628
2021-06-14 09:54:02,1468.5,3225654
2021-06-14 09:54:03,1468.0,3225790
2021-06-14 09:54:03,1468.0,3225790
2021-06-14 09:54:04,1468.0,3225951
2021-06-14 09:54:05,1468.5,3225981
2021-06-14 09:54:06,1468.0,3226302
2021-06-14 09:54:07,1468.0,3226482
2021-06-14 09:54:08,1468.45,3226520
2021-06-14 09:54:09,1468.4,3226767
2021-06-14 09:54:10,1468.0,3226864
2021-06-14 09:54:11,1468.5,3227091
2021-06-14 09:54:12,1468.0,3227107
2021-06-14 09:54:14,1468.0,3227158
2021-06-14 09:54:15,1468.0,3227248
2021-06-14 09:54:16,1468.0,3227352
2021-06-14 09:54:17,1468.05,3227357
2021-06-14 09:54:18,1468.0,3227401
2021-06-14 09:54:19,1468.05,3227893
2021-06-14 09:54:20,1468.05,3228023
2021-06-14 09:54:21,1468.05,3228061
2021-06-14 09:54:22,1468.05,3228085
2021-06-14 09:54:23,1468.05,3228465
2021-06-14 09:54:24,1468.45,3228483
2021-06-14 09:54:25,1468.05,3228867
2021-06-14 09:54:26,1468.0,3229595
2021-06-14 09:54:27,1467.9,3229700
2021-06-14 09:54:28,1467.5,3229853
2021-06-14 09:54:29,1467.9,3230016
2021-06-14 09:54:30,1467.9,3230397
2021-06-14 09:54:31,1468.0,3230490
2021-06-14 09:54:32,1467.5,3230510
2021-06-14 09:54:33,1467.95,3230677
2021-06-14 09:54:34,1467.25,3230872
2021-06-14 09:54:35,1467.5,3230958
2021-06-14 09:54:36,1467.5,3230968
2021-06-14 09:54:37,1467.45,3231040
2021-06-14 09:54:39,1467.0,3231295
2021-06-14 09:54:40,1467.0,3231746
2021-06-14 09:54:41,1467.35,3231928
2021-06-14 09:54:42,1467.0,3232160
2021-06-14 09:54:43,1466.85,3232270
2021-06-14 09:54:44,1466.85,3232276
2021-06-14 09:54:45,1466.85,3232387
2021-06-14 09:54:46,1466.5,3233014
2021-06-14 09:54:47,1466.45,3233591
2021-06-14 09:54:48,1466.3,3233780
2021-06-14 09:54:49,1466.3,3233956
2021-06-14 09:54:50,1466.45,3234406
2021-06-14 09:54:51,1466.35,3234507
2021-06-14 09:54:52,1466.35,3234515
2021-06-14 09:54:53,1466.35,3234515
2021-06-14 09:54:54,1466.4,3234689
2021-06-14 09:54:55,1466.65,3234746
2021-06-14 09:54:56,1467.05,3235196
2021-06-14 09:54:57,1466.8,3235324
2021-06-14 09:54:58,1466.25,3236308
2021-06-14 09:54:59,1466.85,3236783
2021-06-14 09:55:00,1466.85,3236835
2021-06-14 09:55:00,1466.85,3236855
2021-06-14 09:55:01,1466.05,3236907
2021-06-14 09:55:02,1466.65,3236979
2021-06-14 09:55:04,1466.8,3237445
2021-06-14 09:55:05,1466.8,3237445
2021-06-14 09:55:07,1466.4,3237450
2021-06-14 09:55:08,1466.5,3237473
2021-06-14 09:55:09,1466.5,3237552
2021-06-14 09:55:09,1466.05,3237823
2021-06-14 09:55:10,1466.4,3237883
2021-06-14 09:55:11,1466.05,3237902
2021-06-14 09:55:13,1466.15,3238110
2021-06-14 09:55:14,1466.25,3239166
2021-06-14 09:55:15,1466.35,3239266
2021-06-14 09:55:16,1465.6,3240565
2021-06-14 09:55:17,1465.7,3240680
2021-06-14 09:55:17,1465.7,3240680
2021-06-14 09:55:18,1466.0,3240974
2021-06-14 09:55:19,1466.0,3241219
2021-06-14 09:55:20,1466.0,3241601
2021-06-14 09:55:21,1465.6,3242168
2021-06-14 09:55:23,1466.1,3243250
2021-06-14 09:55:24,1465.6,3243788
2021-06-14 09:55:25,1466.15,3243977
2021-06-14 09:55:26,1466.0,3244215
2021-06-14 09:55:27,1466.45,3245638
2021-06-14 09:55:28,1466.55,3245822
2021-06-14 09:55:28,1466.55,3245822
2021-06-14 09:55:29,1467.05,3247421
2021-06-14 09:55:30,1466.45,3247746
2021-06-14 09:55:31,1466.45,3247776
2021-06-14 09:55:32,1467.15,3247834
2021-06-14 09:55:33,1467.15,3248016
2021-06-14 09:55:34,1466.95,3248453
2021-06-14 09:55:36,1466.95,3248509
2021-06-14 09:55:37,1468.0,3249320
2021-06-14 09:55:38,1467.95,3249420
2021-06-14 09:55:39,1467.95,3249470
2021-06-14 09:55:40,1467.95,3249581
2021-06-14 09:55:41,1467.95,3249766
2021-06-14 09:55:42,1467.95,3249782
2021-06-14 09:55:43,1467.95,3249813
2021-06-14 09:55:44,1467.35,3249857
2021-06-14 09:55:45,1467.75,3249957
2021-06-14 09:55:45,1467.3,3249955
2021-06-14 09:55:46,1467.3,3249971
2021-06-14 09:55:47,1467.45,3250050
2021-06-14 09:55:48,1467.45,3250374
2021-06-14 09:55:49,1467.05,3250405
2021-06-14 09:55:51,1467.15,3250534
2021-06-14 09:55:52,1467.9,3251044
2021-06-14 09:55:53,1467.15,3251094
2021-06-14 09:55:54,1467.85,3251171
2021-06-14 09:55:55,1467.85,3251222
2021-06-14 09:55:55,1467.85,3251323
2021-06-14 09:55:56,1467.95,3252102
2021-06-14 09:55:57,1467.95,3252208
2021-06-14 09:55:58,1467.95,3252328
2021-06-14 09:55:59,1467.85,3252340
2021-06-14 09:56:00,1467.85,3252358
2021-06-14 09:56:01,1467.85,3252488
2021-06-14 09:56:02,1467.85,3252493
2021-06-14 09:56:03,1467.85,3252497
2021-06-14 09:56:04,1467.85,3252554
2021-06-14 09:56:05,1467.85,3252562
2021-06-14 09:56:07,1468.0,3253261
2021-06-14 09:56:08,1468.0,3253495
2021-06-14 09:56:09,1468.0,3253772
2021-06-14 09:56:10,1468.0,3253818
2021-06-14 09:56:11,1468.0,3253885
2021-06-14 09:56:12,1467.95,3253935
2021-06-14 09:56:13,1467.95,3253974
2021-06-14 09:56:15,1467.95,3254090
2021-06-14 09:56:16,1467.95,3254140
2021-06-14 09:56:17,1468.0,3254792
2021-06-14 09:56:18,1468.35,3256811
2021-06-14 09:56:19,1468.2,3256816
2021-06-14 09:56:20,1468.2,3256880
2021-06-14 09:56:21,1467.95,3256966
2021-06-14 09:56:22,1467.95,3257130
2021-06-14 09:56:23,1468.0,3258663
2021-06-14 09:56:23,1467.95,3258664
2021-06-14 09:56:24,1468.0,3258766
2021-06-14 09:56:25,1467.5,3258821
2021-06-14 09:56:26,1468.0,3258844
2021-06-14 09:56:28,1468.3,3259126
2021-06-14 09:56:29,1467.75,3259833
2021-06-14 09:56:30,1468.25,3260584
2021-06-14 09:56:31,1468.5,3260618
2021-06-14 09:56:32,1467.7,3260823
2021-06-14 09:56:33,1468.25,3260988
2021-06-14 09:56:34,1467.65,3261001
2021-06-14 09:56:35,1468.5,3262096
2021-06-14 09:56:35,1468.25,3262101
2021-06-14 09:56:36,1468.45,3262163
2021-06-14 09:56:37,1468.45,3262238
2021-06-14 09:56:38,1467.75,3262250
2021-06-14 09:56:39,1467.95,3262403
2021-06-14 09:56:40,1468.0,3262645
2021-06-14 09:56:41,1468.5,3263482
2021-06-14 09:56:43,1468.45,3264707
2021-06-14 09:56:44,1468.2,3265041
2021-06-14 09:56:45,1468.25,3265469
2021-06-14 09:56:46,1468.25,3265535
2021-06-14 09:56:47,1467.6,3265626
2021-06-14 09:56:48,1468.2,3265715
2021-06-14 09:56:49,1467.6,3265802
2021-06-14 09:56:50,1467.75,3265804
2021-06-14 09:56:51,1467.75,3265878
2021-06-14 09:56:54,1467.7,3266688
2021-06-14 09:56:55,1467.0,3266760
2021-06-14 09:56:56,1467.0,3267883
2021-06-14 09:56:57,1467.75,3268557
2021-06-14 09:56:58,1467.65,3269000
2021-06-14 09:56:59,1467.55,3269224
2021-06-14 09:57:00,1467.05,3269267
2021-06-14 09:57:02,1467.55,3269278
2021-06-14 09:57:03,1467.5,3269293
2021-06-14 09:57:04,1467.35,3269351
2021-06-14 09:57:05,1467.35,3269926
2021-06-14 09:57:06,1467.45,3269955
2021-06-14 09:57:07,1468.25,3271293
2021-06-14 09:57:09,1467.95,3271360
2021-06-14 09:57:10,1467.7,3271579
2021-06-14 09:57:11,1467.5,3271784
2021-06-14 09:57:12,1467.25,3272459
2021-06-14 09:57:13,1467.45,3272531
2021-06-14 09:57:14,1467.45,3272561
2021-06-14 09:57:15,1467.4,3272576
2021-06-14 09:57:16,1467.4,3272634
2021-06-14 09:57:17,1467.1,3272903
2021-06-14 09:57:18,1467.0,3274381
2021-06-14 09:57:19,1467.05,3274397
2021-06-14 09:57:20,1466.95,3275416
2021-06-14 09:57:21,1467.25,3276419
2021-06-14 09:57:22,1467.05,3276738
2021-06-14 09:57:23,1467.05,3276856
2021-06-14 09:57:25,1467.2,3277745
2021-06-14 09:57:26,1466.65,3277837
2021-06-14 09:57:27,1466.65,3278097
2021-06-14 09:57:28,1467.3,3278164
2021-06-14 09:57:29,1467.1,3278631
2021-06-14 09:57:30,1466.35,3278844
2021-06-14 09:57:31,1466.85,3278929
2021-06-14 09:57:32,1466.2,3278967
2021-06-14 09:57:33,1466.15,3279238
2021-06-14 09:57:35,1466.75,3279252
2021-06-14 09:57:36,1466.05,3279811
2021-06-14 09:57:37,1466.85,3280678
2021-06-14 09:57:38,1466.85,3280678
2021-06-14 09:57:39,1466.25,3280698
2021-06-14 09:57:40,1466.25,3280924
2021-06-14 09:57:41,1466.0,3280925
2021-06-14 09:57:42,1466.5,3281169
2021-06-14 09:57:43,1466.5,3281418
2021-06-14 09:57:44,1466.5,3281480
2021-06-14 09:57:45,1466.0,3281482
2021-06-14 09:57:46,1466.2,3281543
2021-06-14 09:57:47,1466.0,3281643
2021-06-14 09:57:48,1466.0,3281703
2021-06-14 09:57:49,1466.0,3281703
2021-06-14 09:57:50,1466.45,3281708
2021-06-14 09:57:51,1466.45,3281708
2021-06-14 09:57:52,1466.5,3282112
2021-06-14 09:57:53,1466.0,3282272
2021-06-14 09:57:54,1466.0,3282302
2021-06-14 09:57:56,1466.4,3282486
2021-06-14 09:57:55,1466.0,3282470
2021-06-14 09:57:57,1466.4,3282748
2021-06-14 09:57:58,1466.05,3283180
2021-06-14 09:57:59,1466.0,3283238
2021-06-14 09:58:00,1466.4,3283410
2021-06-14 09:58:01,1466.0,3283456
2021-06-14 09:58:02,1466.0,3283618
2021-06-14 09:58:03,1466.0,3283618
2021-06-14 09:58:04,1466.0,3283623
2021-06-14 09:58:05,1466.45,3283780
2021-06-14 09:58:06,1466.0,3284036
2021-06-14 09:58:07,1466.5,3284092
2021-06-14 09:58:08,1466.0,3284595
2021-06-14 09:58:09,1466.5,3284746
2021-06-14 09:58:10,1466.5,3285478
2021-06-14 09:58:11,1466.0,3285581
2021-06-14 09:58:13,1466.35,3285907
2021-06-14 09:58:12,1466.05,3285760
2021-06-14 09:58:14,1466.35,3285932
2021-06-14 09:58:15,1466.05,3285966
2021-06-14 09:58:16,1466.35,3286063
2021-06-14 09:58:17,1466.0,3286156
2021-06-14 09:58:18,1466.35,3286206
2021-06-14 09:58:19,1466.35,3286240
2021-06-14 09:58:20,1466.35,3286243
2021-06-14 09:58:21,1466.0,3286373
2021-06-14 09:58:22,1466.0,3286396
2021-06-14 09:58:23,1466.05,3286440
2021-06-14 09:58:24,1466.35,3286562
2021-06-14 09:58:25,1466.35,3286582
2021-06-14 09:58:26,1466.0,3286794
2021-06-14 09:58:27,1466.35,3287413
2021-06-14 09:58:28,1466.35,3287702
2021-06-14 09:58:29,1466.0,3287773
2021-06-14 09:58:31,1466.35,3287995
2021-06-14 09:58:32,1466.35,3288069
2021-06-14 09:58:33,1466.3,3288164
2021-06-14 09:58:34,1466.3,3288216
2021-06-14 09:58:35,1466.05,3288262
2021-06-14 09:58:36,1466.05,3288294
2021-06-14 09:58:37,1466.3,3288346
2021-06-14 09:58:38,1466.0,3288548
2021-06-14 09:58:39,1466.0,3288556
2021-06-14 09:58:40,1466.0,3288752
2021-06-14 09:58:41,1466.05,3289685
2021-06-14 09:58:42,1466.05,3289931
2021-06-14 09:58:43,1465.95,3290965
2021-06-14 09:58:44,1465.7,3291143
2021-06-14 09:58:45,1466.15,3291287
2021-06-14 09:58:46,1465.6,3291598
2021-06-14 09:58:47,1465.65,3291675
2021-06-14 09:58:49,1465.55,3292374
2021-06-14 09:58:50,1465.5,3292601
2021-06-14 09:58:51,1466.0,3292695
2021-06-14 09:58:52,1465.5,3292908
2021-06-14 09:58:53,1465.1,3292990
2021-06-14 09:58:54,1465.25,3293166
2021-06-14 09:58:55,1465.25,3293198
2021-06-14 09:58:56,1465.1,3293518
2021-06-14 09:58:58,1465.1,3294383
2021-06-14 09:58:59,1465.35,3294960
2021-06-14 09:59:01,1465.25,3295125
2021-06-14 09:59:01,1465.1,3295135
2021-06-14 09:59:02,1465.35,3295331
2021-06-14 09:59:03,1465.35,3295370
2021-06-14 09:59:04,1465.35,3296055
2021-06-14 09:59:05,1465.35,3297268
2021-06-14 09:59:07,1465.4,3297516
2021-06-14 09:59:08,1465.8,3297652
2021-06-14 09:59:08,1465.8,3297662
2021-06-14 09:59:09,1465.15,3297978
2021-06-14 09:59:10,1466.0,3298792
2021-06-14 09:59:11,1466.0,3299578
2021-06-14 09:59:12,1466.0,3299700
2021-06-14 09:59:14,1465.35,3301719
2021-06-14 09:59:14,1465.5,3302418
2021-06-14 09:59:15,1465.25,3302453
2021-06-14 09:59:16,1465.1,3303307
2021-06-14 09:59:17,1465.4,3303693
2021-06-14 09:59:18,1465.35,3304962
2021-06-14 09:59:19,1465.15,3306032
2021-06-14 09:59:20,1464.8,3319167
2021-06-14 09:59:21,1464.25,3321861
2021-06-14 09:59:22,1464.1,3322721
2021-06-14 09:59:25,1464.0,3323026
2021-06-14 09:59:25,1463.55,3323025
2021-06-14 09:59:26,1463.4,3324490
2021-06-14 09:59:27,1464.0,3324694
2021-06-14 09:59:28,1464.0,3325145
2021-06-14 09:59:29,1463.15,3325913
2021-06-14 09:59:30,1463.8,3326486
2021-06-14 09:59:31,1463.75,3326699
2021-06-14 09:59:32,1463.75,3328296
2021-06-14 09:59:33,1464.35,3329363
2021-06-14 09:59:34,1464.35,3329521
2021-06-14 09:59:35,1464.0,3330036
2021-06-14 09:59:36,1464.35,3330082
2021-06-14 09:59:37,1464.35,3330238
2021-06-14 09:59:38,1463.75,3330314
2021-06-14 09:59:39,1463.8,3330353
2021-06-14 09:59:40,1463.55,3330757
2021-06-14 09:59:41,1463.75,3330915
2021-06-14 09:59:42,1464.7,3331958
2021-06-14 09:59:45,1464.35,3332041
2021-06-14 09:59:46,1464.05,3332263
2021-06-14 09:59:47,1464.55,3332299
2021-06-14 09:59:48,1464.0,3333273
2021-06-14 09:59:49,1464.7,3333426
2021-06-14 09:59:50,1463.65,3334835
2021-06-14 09:59:51,1463.95,3336013
2021-06-14 09:59:52,1463.95,3336269
2021-06-14 09:59:53,1463.9,3336421
2021-06-14 09:59:54,1463.75,3336698
2021-06-14 09:59:55,1463.9,3336914
2021-06-14 09:59:56,1463.75,3337449
2021-06-14 09:59:57,1463.9,3337554
2021-06-14 09:59:58,1464.45,3337583
2021-06-14 09:59:59,1464.45,3337588
2021-06-14 10:00:01,1464.3,3338001
2021-06-14 10:00:02,1464.35,3338144
2021-06-14 10:00:02,1464.35,3338117
2021-06-14 10:00:03,1464.3,3338153
2021-06-14 10:00:04,1464.35,3338316
2021-06-14 10:00:05,1464.35,3338429
2021-06-14 10:00:06,1464.45,3338593
2021-06-14 10:00:07,1464.05,3339154
2021-06-14 10:00:09,1464.0,3339195
2021-06-14 10:00:11,1464.0,3339432
2021-06-14 10:00:11,1464.0,3339421
2021-06-14 10:00:13,1464.05,3340215
2021-06-14 10:00:14,1464.45,3340339
2021-06-14 10:00:15,1464.45,3340408
2021-06-14 10:00:16,1464.45,3340479
2021-06-14 10:00:17,1464.45,3340754
2021-06-14 10:00:18,1464.1,3340765
2021-06-14 10:00:20,1464.45,3340844
2021-06-14 10:00:20,1464.15,3340848
2021-06-14 10:00:21,1464.0,3341269
2021-06-14 10:00:22,1464.45,3342503
2021-06-14 10:00:23,1464.0,3342576
2021-06-14 10:00:24,1464.45,3342628
2021-06-14 10:00:26,1464.45,3342673
2021-06-14 10:00:27,1464.45,3342756
2021-06-14 10:00:28,1464.45,3342773
2021-06-14 10:00:29,1464.45,3342829
2021-06-14 10:00:30,1464.3,3345962
2021-06-14 10:00:31,1463.8,3346149
2021-06-14 10:00:32,1464.0,3346189
2021-06-14 10:00:33,1464.0,3346222
2021-06-14 10:00:35,1463.8,3346427
2021-06-14 10:00:35,1464.0,3346436
2021-06-14 10:00:36,1463.85,3346556
2021-06-14 10:00:37,1463.8,3346649
2021-06-14 10:00:38,1464.0,3346673
2021-06-14 10:00:39,1464.0,3346813
2021-06-14 10:00:40,1463.75,3346942
2021-06-14 10:00:41,1463.75,3346973
2021-06-14 10:00:42,1463.85,3346987
2021-06-14 10:00:45,1463.75,3347639
2021-06-14 10:00:45,1463.75,3347642
2021-06-14 10:00:46,1464.0,3347688
2021-06-14 10:00:47,1463.95,3348317
2021-06-14 10:00:48,1463.8,3348493
2021-06-14 10:00:50,1463.5,3348540
2021-06-14 10:00:51,1463.8,3348572
2021-06-14 10:00:51,1463.5,3348574
2021-06-14 10:00:52,1463.5,3348654
2021-06-14 10:00:53,1463.8,3348678
2021-06-14 10:00:54,1463.8,3348690
2021-06-14 10:00:55,1463.75,3348796
2021-06-14 10:00:56,1463.6,3348867
2021-06-14 10:00:57,1463.8,3349205
2021-06-14 10:00:59,1464.0,3349634
2021-06-14 10:00:59,1463.5,3349657
2021-06-14 10:01:01,1463.6,3349896
2021-06-14 10:01:02,1463.8,3350055
2021-06-14 10:01:03,1463.6,3350126
2021-06-14 10:01:05,1463.8,3350829
2021-06-14 10:01:05,1463.7,3350415
2021-06-14 10:01:06,1463.8,3350893
2021-06-14 10:01:07,1463.8,3350930
2021-06-14 10:01:08,1463.5,3351016
2021-06-14 10:01:09,1463.8,3351250
2021-06-14 10:01:10,1463.8,3351709
2021-06-14 10:01:12,1463.4,3352664
2021-06-14 10:01:14,1463.6,3352803
2021-06-14 10:01:15,1463.7,3353126
2021-06-14 10:01:15,1463.7,3353096
2021-06-14 10:01:16,1464.0,3353181
2021-06-14 10:01:17,1463.8,3353229
2021-06-14 10:01:18,1463.5,3353547
2021-06-14 10:01:19,1463.8,3353883
2021-06-14 10:01:20,1464.0,3354007
2021-06-14 10:01:21,1463.7,3354402
2021-06-14 10:01:23,1463.85,3354576
2021-06-14 10:01:24,1464.5,3356892
2021-06-14 10:01:25,1463.85,3357037
2021-06-14 10:01:26,1463.85,3357586
2021-06-14 10:01:26,1464.45,3357643
2021-06-14 10:01:27,1464.3,3357682
2021-06-14 10:01:28,1464.0,3357724
2021-06-14 10:01:30,1464.25,3357861
2021-06-14 10:01:31,1464.35,3358126
2021-06-14 10:01:32,1464.35,3358462
2021-06-14 10:01:32,1464.0,3358505
2021-06-14 10:01:33,1464.3,3358536
2021-06-14 10:01:34,1464.0,3358904
2021-06-14 10:01:35,1464.3,3358967
2021-06-14 10:01:37,1463.85,3359397
2021-06-14 10:01:39,1465.0,3362400
2021-06-14 10:01:40,1464.3,3363821
2021-06-14 10:01:41,1464.15,3365132
2021-06-14 10:01:41,1463.55,3365184
2021-06-14 10:01:42,1464.0,3365234
2021-06-14 10:01:43,1464.0,3365244
2021-06-14 10:01:44,1464.0,3365315
2021-06-14 10:01:46,1463.4,3370947
2021-06-14 10:01:48,1463.8,3374441
2021-06-14 10:01:49,1463.1,3374580
2021-06-14 10:01:49,1463.3,3374448
2021-06-14 10:01:50,1463.2,3374754
2021-06-14 10:01:51,1463.15,3374943
2021-06-14 10:01:53,1463.1,3377822
2021-06-14 10:01:55,1463.0,3378413
2021-06-14 10:01:56,1463.0,3378447
2021-06-14 10:01:57,1463.15,3378678
2021-06-14 10:01:58,1463.0,3379559
2021-06-14 10:01:59,1463.55,3380610
2021-06-14 10:01:59,1463.0,3380652
2021-06-14 10:02:00,1462.75,3387757
2021-06-14 10:02:01,1462.7,3388269
2021-06-14 10:02:02,1462.5,3388981
2021-06-14 10:02:03,1462.5,3389247
2021-06-14 10:02:04,1463.15,3389284
2021-06-14 10:02:05,1463.5,3389490
2021-06-14 10:02:06,1463.05,3389616
2021-06-14 10:02:07,1462.6,3389730
2021-06-14 10:02:08,1463.0,3389920
2021-06-14 10:02:09,1463.0,3389952
2021-06-14 10:02:10,1463.0,3389974
2021-06-14 10:02:11,1463.0,3390145
2021-06-14 10:02:12,1462.6,3390413
2021-06-14 10:02:13,1463.0,3390520
2021-06-14 10:02:14,1463.2,3390598
2021-06-14 10:02:15,1462.7,3390818
2021-06-14 10:02:16,1462.65,3390841
2021-06-14 10:02:17,1463.65,3391874
2021-06-14 10:02:18,1463.6,3392037
2021-06-14 10:02:19,1462.6,3392123
2021-06-14 10:02:20,1462.55,3392303
2021-06-14 10:02:21,1463.0,3392363
2021-06-14 10:02:22,1462.55,3392549
2021-06-14 10:02:23,1462.5,3392951
2021-06-14 10:02:24,1463.0,3393403
2021-06-14 10:02:25,1463.0,3393438
2021-06-14 10:02:26,1463.0,3394520
2021-06-14 10:02:28,1463.0,3394736
2021-06-14 10:02:29,1462.9,3394834
2021-06-14 10:02:30,1462.9,3395540
2021-06-14 10:02:31,1462.55,3395653
2021-06-14 10:02:32,1462.45,3395772
2021-06-14 10:02:33,1462.5,3395792
2021-06-14 10:02:34,1462.95,3396006
2021-06-14 10:02:38,1462.95,3396269
2021-06-14 10:02:39,1463.0,3396415
2021-06-14 10:02:40,1462.4,3396456
2021-06-14 10:02:41,1462.55,3396476
2021-06-14 10:02:41,1462.55,3396477
2021-06-14 10:02:42,1462.95,3396478
2021-06-14 10:02:43,1462.95,3396513
2021-06-14 10:02:44,1462.95,3396524
2021-06-14 10:02:45,1462.55,3396589
2021-06-14 10:02:46,1462.55,3398038
2021-06-14 10:02:47,1463.0,3398466
2021-06-14 10:02:48,1462.55,3398515
2021-06-14 10:02:49,1463.0,3398557
2021-06-14 10:02:50,1463.0,3398794
2021-06-14 10:02:51,1463.0,3398827
2021-06-14 10:02:52,1462.95,3398869
2021-06-14 10:02:53,1462.95,3398877
2021-06-14 10:02:54,1463.0,3399105
2021-06-14 10:02:56,1462.6,3399156
2021-06-14 10:02:57,1463.25,3400339
2021-06-14 10:02:58,1463.15,3400387
2021-06-14 10:02:59,1463.25,3400592
2021-06-14 10:02:59,1463.25,3400691
2021-06-14 10:03:00,1463.25,3400695
2021-06-14 10:03:01,1463.15,3401195
2021-06-14 10:03:02,1463.55,3401217
2021-06-14 10:03:03,1463.55,3401220
2021-06-14 10:03:05,1463.55,3401409
2021-06-14 10:03:06,1463.55,3401434
2021-06-14 10:03:07,1463.15,3401475
2021-06-14 10:03:07,1463.1,3401485
2021-06-14 10:03:08,1463.25,3401546
2021-06-14 10:03:09,1463.1,3401557
2021-06-14 10:03:10,1463.15,3401676
2021-06-14 10:03:13,1463.55,3402089
2021-06-14 10:03:14,1463.55,3402132
2021-06-14 10:03:14,1463.55,3402134
2021-06-14 10:03:15,1463.85,3402173
2021-06-14 10:03:17,1463.85,3402189
2021-06-14 10:03:18,1463.75,3402324
2021-06-14 10:03:20,1463.0,3402741
2021-06-14 10:03:21,1463.6,3402851
2021-06-14 10:03:23,1463.25,3402907
2021-06-14 10:03:24,1463.15,3402927
2021-06-14 10:03:25,1463.15,3402966
2021-06-14 10:03:28,1463.25,3403322
2021-06-14 10:03:30,1463.55,3403369
2021-06-14 10:03:31,1463.2,3403528
2021-06-14 10:03:32,1463.55,3403585
2021-06-14 10:03:34,1463.45,3403598
2021-06-14 10:03:35,1463.7,3403621
2021-06-14 10:03:36,1464.0,3403955
2021-06-14 10:03:37,1463.9,3404093
2021-06-14 10:03:38,1464.9,3406800
2021-06-14 10:03:38,1464.3,3406909
2021-06-14 10:03:39,1464.8,3406981
2021-06-14 10:03:40,1464.3,3407014
2021-06-14 10:03:42,1464.8,3407360
2021-06-14 10:03:43,1464.7,3407684
2021-06-14 10:03:44,1463.95,3408007
2021-06-14 10:03:45,1463.95,3408026
2021-06-14 10:03:46,1464.3,3408173
2021-06-14 10:03:47,1463.95,3409714
2021-06-14 10:03:48,1463.85,3409823
2021-06-14 10:03:49,1463.55,3410309
2021-06-14 10:03:50,1463.55,3410413
2021-06-14 10:03:50,1463.55,3410427
2021-06-14 10:03:51,1463.85,3410879
2021-06-14 10:03:54,1463.6,3411617
2021-06-14 10:03:55,1463.6,3411829
2021-06-14 10:03:56,1463.3,3412017
2021-06-14 10:03:57,1463.5,3412072
2021-06-14 10:03:58,1463.4,3412203
2021-06-14 10:03:59,1463.15,3412210
2021-06-14 10:04:00,1463.3,3412316
2021-06-14 10:04:01,1463.3,3412554
2021-06-14 10:04:02,1463.15,3412579
2021-06-14 10:04:03,1463.15,3412608
2021-06-14 10:04:04,1463.0,3412685
2021-06-14 10:04:04,1463.05,3412855
2021-06-14 10:04:07,1463.1,3413531
2021-06-14 10:04:08,1463.1,3413681
2021-06-14 10:04:09,1463.1,3413773
2021-06-14 10:04:10,1463.2,3414087
2021-06-14 10:04:11,1463.2,3414385
2021-06-14 10:04:12,1463.05,3414663
2021-06-14 10:04:12,1463.05,3414675
2021-06-14 10:04:13,1463.05,3414927
2021-06-14 10:04:15,1463.1,3415042
2021-06-14 10:04:16,1462.95,3415303
2021-06-14 10:04:17,1463.05,3415726
2021-06-14 10:04:18,1463.5,3415968
2021-06-14 10:04:19,1463.5,3416082
2021-06-14 10:04:21,1462.95,3416097
2021-06-14 10:04:22,1463.15,3416166
2021-06-14 10:04:23,1463.2,3416357
2021-06-14 10:04:23,1463.2,3416384
2021-06-14 10:04:24,1463.4,3416433
2021-06-14 10:04:27,1463.5,3416588
2021-06-14 10:04:28,1463.5,3416690
2021-06-14 10:04:29,1463.4,3416733
2021-06-14 10:04:31,1463.5,3416951
2021-06-14 10:04:32,1463.2,3417245
2021-06-14 10:04:33,1463.4,3417277
2021-06-14 10:04:34,1463.75,3417414
2021-06-14 10:04:35,1463.65,3417481
2021-06-14 10:04:35,1463.6,3417504
2021-06-14 10:04:36,1463.8,3417751
2021-06-14 10:04:38,1463.7,3417809
2021-06-14 10:04:39,1463.2,3418816
2021-06-14 10:04:40,1463.6,3418873
2021-06-14 10:04:41,1463.5,3418931
2021-06-14 10:04:42,1463.6,3419072
2021-06-14 10:04:42,1463.6,3419081
2021-06-14 10:04:43,1463.2,3419283
2021-06-14 10:04:44,1463.45,3419450
2021-06-14 10:04:46,1463.5,3419489
2021-06-14 10:04:47,1463.55,3419502
2021-06-14 10:04:48,1463.5,3419656
2021-06-14 10:04:49,1463.6,3419822
2021-06-14 10:04:49,1463.6,3419879
2021-06-14 10:04:50,1463.55,3420333
2021-06-14 10:04:53,1463.25,3420370
2021-06-14 10:04:54,1463.25,3420602
2021-06-14 10:04:54,1463.25,3420632
2021-06-14 10:04:55,1463.25,3420900
2021-06-14 10:04:56,1463.35,3421343
2021-06-14 10:04:57,1463.2,3421432
2021-06-14 10:04:58,1463.2,3421476
2021-06-14 10:04:59,1463.25,3421769
2021-06-14 10:05:00,1463.2,3421892
2021-06-14 10:05:03,1463.2,3422004
2021-06-14 10:05:04,1463.35,3422226
2021-06-14 10:05:05,1463.3,3422332
2021-06-14 10:05:05,1463.3,3422369
2021-06-14 10:05:06,1463.3,3422543
2021-06-14 10:05:08,1463.2,3422732
2021-06-14 10:05:09,1463.35,3423414
2021-06-14 10:05:10,1463.25,3423734
2021-06-14 10:05:11,1463.35,3423955
2021-06-14 10:05:12,1463.25,3423992
2021-06-14 10:05:13,1463.35,3424248
2021-06-14 10:05:13,1463.2,3424287
2021-06-14 10:05:14,1464.0,3425821
2021-06-14 10:05:15,1463.95,3426580
2021-06-14 10:05:16,1463.3,3426624
2021-06-14 10:05:18,1463.75,3426858
2021-06-14 10:05:19,1463.75,3427217
2021-06-14 10:05:20,1463.35,3427587
2021-06-14 10:05:21,1463.45,3427679
2021-06-14 10:05:21,1463.35,3427709
2021-06-14 10:05:22,1463.45,3427731
2021-06-14 10:05:24,1463.35,3427765
2021-06-14 10:05:25,1463.35,3427777
2021-06-14 10:05:26,1463.4,3428123
2021-06-14 10:05:27,1463.35,3428206
2021-06-14 10:05:28,1463.25,3428272
2021-06-14 10:05:29,1463.25,3428445
2021-06-14 10:05:29,1463.2,3428814
2021-06-14 10:05:31,1463.6,3429193
2021-06-14 10:05:32,1463.2,3429327
2021-06-14 10:05:33,1463.75,3429745
2021-06-14 10:05:34,1463.3,3430396
2021-06-14 10:05:34,1463.0,3430422
2021-06-14 10:05:35,1463.0,3430554
2021-06-14 10:05:37,1463.1,3430729
2021-06-14 10:05:38,1463.0,3430798
2021-06-14 10:05:39,1463.05,3430912
2021-06-14 10:05:40,1463.05,3431116
2021-06-14 10:05:41,1463.1,3431298
2021-06-14 10:05:42,1462.9,3431349
2021-06-14 10:05:43,1462.55,3432271
2021-06-14 10:05:44,1462.85,3432415
2021-06-14 10:05:45,1462.95,3432674
2021-06-14 10:05:45,1462.7,3432684
2021-06-14 10:05:47,1463.2,3432980
2021-06-14 10:05:48,1462.8,3433092
2021-06-14 10:05:49,1463.0,3433217
2021-06-14 10:05:50,1462.9,3433235
2021-06-14 10:05:51,1462.8,3433273
2021-06-14 10:05:51,1462.8,3433286
2021-06-14 10:05:52,1462.85,3433354
2021-06-14 10:05:54,1462.65,3433589
2021-06-14 10:05:55,1462.75,3433660
2021-06-14 10:05:56,1462.75,3433797
2021-06-14 10:05:57,1462.85,3433905
2021-06-14 10:05:58,1462.6,3434047
2021-06-14 10:05:59,1462.65,3434085
2021-06-14 10:06:00,1462.65,3434200
2021-06-14 10:06:01,1462.55,3434288
2021-06-14 10:06:02,1462.65,3434320
2021-06-14 10:06:04,1462.55,3434495
2021-06-14 10:06:05,1462.85,3434694
2021-06-14 10:06:06,1463.0,3435193
2021-06-14 10:06:07,1463.1,3435509
2021-06-14 10:06:08,1463.1,3435620
2021-06-14 10:06:10,1463.05,3435701
2021-06-14 10:06:11,1462.9,3435893
2021-06-14 10:06:12,1462.95,3436009
2021-06-14 10:06:13,1462.7,3437073
2021-06-14 10:06:14,1463.05,3437181
2021-06-14 10:06:15,1462.6,3437295
2021-06-14 10:06:16,1462.6,3437360
2021-06-14 10:06:17,1462.9,3437592
2021-06-14 10:06:18,1463.55,3438747
2021-06-14 10:06:19,1463.35,3438898
2021-06-14 10:06:20,1462.9,3439206
2021-06-14 10:06:20,1463.25,3439194
2021-06-14 10:06:22,1463.15,3439216
2021-06-14 10:06:23,1462.9,3439247
2021-06-14 10:06:24,1462.95,3439470
2021-06-14 10:06:25,1463.0,3439652
2021-06-14 10:06:26,1462.95,3440595
