timestamp,ltp,volume
2021-06-14 09:15:47,208.05,474246
2021-06-14 09:15:48,207.95,476629
2021-06-14 09:15:49,207.95,477906
2021-06-14 09:15:50,208.0,478788
2021-06-14 09:15:51,208.1,479371
2021-06-14 09:15:52,208.1,480771
2021-06-14 09:15:53,208.1,480940
2021-06-14 09:15:54,208.0,493986
2021-06-14 09:15:55,207.9,500865
2021-06-14 09:15:56,207.95,501106
2021-06-14 09:16:00,208.0,506965
2021-06-14 09:16:02,208.25,596396
2021-06-14 09:16:03,208.45,602406
2021-06-14 09:16:04,208.45,607252
2021-06-14 09:16:05,208.25,608401
2021-06-14 09:16:06,208.2,610611
2021-06-14 09:16:07,208.25,612086
2021-06-14 09:16:08,208.15,612503
2021-06-14 09:16:09,208.1,616240
2021-06-14 09:16:10,208.1,617109
2021-06-14 09:16:11,208.1,617941
2021-06-14 09:16:12,208.1,641244
2021-06-14 09:16:13,208.15,642601
2021-06-14 09:16:14,208.0,645889
2021-06-14 09:16:15,208.1,647277
2021-06-14 09:16:16,208.0,650478
2021-06-14 09:16:17,208.0,651661
2021-06-14 09:16:18,208.0,655335
2021-06-14 09:16:19,208.0,658808
2021-06-14 09:16:20,207.95,665372
2021-06-14 09:16:21,207.95,666320
2021-06-14 09:16:22,207.9,675131
2021-06-14 09:16:23,207.9,680640
2021-06-14 09:16:24,207.95,680881
2021-06-14 09:16:26,208.0,682995
2021-06-14 09:16:26,208.0,684162
2021-06-14 09:16:27,207.95,689743
2021-06-14 09:16:28,207.95,690439
2021-06-14 09:16:29,207.95,694132
2021-06-14 09:16:31,207.95,702847
2021-06-14 09:16:31,207.9,705785
2021-06-14 09:16:32,207.95,711866
2021-06-14 09:16:33,207.9,712886
2021-06-14 09:16:34,207.9,714046
2021-06-14 09:16:36,207.9,719367
2021-06-14 09:16:37,207.9,720688
2021-06-14 09:16:37,207.9,721228
2021-06-14 09:16:38,207.8,723279
2021-06-14 09:16:39,207.9,725874
2021-06-14 09:16:40,207.9,730251
2021-06-14 09:16:41,207.8,733130
2021-06-14 09:16:43,207.9,734575
2021-06-14 09:16:44,207.9,740247
2021-06-14 09:16:44,207.85,740795
2021-06-14 09:16:45,207.85,741886
2021-06-14 09:16:46,207.85,759173
2021-06-14 09:16:47,207.85,759909
2021-06-14 09:16:49,207.85,760935
2021-06-14 09:16:50,207.8,762423
2021-06-14 09:16:51,207.8,766125
2021-06-14 09:16:53,207.8,769886
2021-06-14 09:16:54,207.75,770300
2021-06-14 09:16:54,207.8,771975
2021-06-14 09:16:55,207.8,772068
2021-06-14 09:16:56,207.8,774502
2021-06-14 09:16:57,207.8,776583
2021-06-14 09:17:00,207.75,782884
2021-06-14 09:17:02,207.65,788307
2021-06-14 09:17:02,207.65,791697
2021-06-14 09:17:03,207.65,792458
2021-06-14 09:17:05,207.55,805024
2021-06-14 09:17:05,207.75,813149
2021-06-14 09:17:06,207.55,828513
2021-06-14 09:17:07,207.6,831533
2021-06-14 09:17:08,207.65,833994
2021-06-14 09:17:09,207.65,835735
2021-06-14 09:17:10,207.15,903281
2021-06-14 09:17:11,207.3,904615
2021-06-14 09:17:12,207.3,913099
2021-06-14 09:17:13,207.25,916485
2021-06-14 09:17:14,207.2,920245
2021-06-14 09:17:15,207.35,922631
2021-06-14 09:17:16,207.3,928077
2021-06-14 09:17:17,207.3,929748
2021-06-14 09:17:18,207.2,930491
2021-06-14 09:17:19,207.25,937320
2021-06-14 09:17:20,207.3,938399
2021-06-14 09:17:22,207.15,941720
2021-06-14 09:17:23,207.2,945435
2021-06-14 09:17:23,207.2,949645
2021-06-14 09:17:24,207.15,955430
2021-06-14 09:17:25,207.1,958152
2021-06-14 09:17:26,207.2,964777
2021-06-14 09:17:27,207.15,970839
2021-06-14 09:17:28,207.1,971826
2021-06-14 09:17:29,207.3,984581
2021-06-14 09:17:30,207.25,985492
2021-06-14 09:17:31,207.15,987107
2021-06-14 09:17:32,207.2,989752
2021-06-14 09:17:33,207.35,1011825
2021-06-14 09:17:35,207.3,1011913
2021-06-14 09:17:35,207.35,1011925
2021-06-14 09:17:37,207.5,1016482
2021-06-14 09:17:38,207.3,1035157
2021-06-14 09:17:39,207.35,1040275
2021-06-14 09:17:40,207.35,1043796
2021-06-14 09:17:41,207.3,1044618
2021-06-14 09:17:42,207.3,1044995
2021-06-14 09:17:43,207.25,1046855
2021-06-14 09:17:44,207.25,1058743
2021-06-14 09:17:45,207.3,1062543
2021-06-14 09:17:47,207.35,1072178
2021-06-14 09:17:47,207.35,1072178
2021-06-14 09:17:48,207.2,1085310
2021-06-14 09:17:49,207.25,1085922
2021-06-14 09:17:50,207.3,1088179
2021-06-14 09:17:51,207.3,1090289
2021-06-14 09:17:53,207.3,1099007
2021-06-14 09:17:53,207.25,1094069
2021-06-14 09:17:54,207.3,1107348
2021-06-14 09:17:55,207.3,1107861
2021-06-14 09:17:56,207.2,1108914
2021-06-14 09:17:57,207.2,1109648
2021-06-14 09:17:58,207.3,1110220
2021-06-14 09:17:59,207.3,1110967
2021-06-14 09:18:00,207.2,1113026
2021-06-14 09:18:01,207.3,1114865
2021-06-14 09:18:03,207.35,1118496
2021-06-14 09:18:03,207.25,1120444
2021-06-14 09:18:04,207.3,1121323
2021-06-14 09:18:05,207.25,1133586
2021-06-14 09:18:06,207.25,1134059
2021-06-14 09:18:07,207.25,1137439
2021-06-14 09:18:08,207.3,1137800
2021-06-14 09:18:09,207.35,1138676
2021-06-14 09:18:11,207.3,1140304
2021-06-14 09:18:12,207.3,1141422
2021-06-14 09:18:13,207.35,1143535
2021-06-14 09:18:14,207.35,1145040
2021-06-14 09:18:15,207.35,1147185
2021-06-14 09:18:16,207.35,1147683
2021-06-14 09:18:17,207.3,1148194
2021-06-14 09:18:18,207.3,1150871
2021-06-14 09:18:20,207.3,1152160
2021-06-14 09:18:19,207.3,1151655
2021-06-14 09:18:21,207.25,1155947
2021-06-14 09:18:22,207.25,1156786
2021-06-14 09:18:23,207.25,1161418
2021-06-14 09:18:24,207.25,1161881
2021-06-14 09:18:25,207.25,1162219
2021-06-14 09:18:26,207.25,1164304
2021-06-14 09:18:27,207.25,1171153
2021-06-14 09:18:28,207.3,1171971
2021-06-14 09:18:29,207.2,1172774
2021-06-14 09:18:30,207.2,1174108
2021-06-14 09:18:31,207.25,1179700
2021-06-14 09:18:32,207.2,1184056
2021-06-14 09:18:33,207.2,1185631
2021-06-14 09:18:34,207.3,1188356
2021-06-14 09:18:35,207.3,1189418
2021-06-14 09:18:35,207.3,1189418
2021-06-14 09:18:36,207.25,1192594
2021-06-14 09:18:38,207.3,1194841
2021-06-14 09:18:39,207.2,1195128
2021-06-14 09:18:40,207.3,1201299
2021-06-14 09:18:41,207.25,1210323
2021-06-14 09:18:42,207.2,1211270
2021-06-14 09:18:43,207.15,1219611
2021-06-14 09:18:44,207.1,1219952
2021-06-14 09:18:45,207.2,1221778
2021-06-14 09:18:45,207.2,1221973
2021-06-14 09:18:46,207.2,1222545
2021-06-14 09:18:47,207.2,1223616
2021-06-14 09:18:48,207.2,1224085
2021-06-14 09:18:49,207.1,1225376
2021-06-14 09:18:50,207.25,1226633
2021-06-14 09:18:51,207.1,1228962
2021-06-14 09:18:53,207.2,1230565
2021-06-14 09:18:54,207.2,1231897
2021-06-14 09:18:54,207.25,1233409
2021-06-14 09:18:55,207.25,1233598
2021-06-14 09:18:57,207.15,1235702
2021-06-14 09:18:58,207.25,1241002
2021-06-14 09:18:59,207.25,1241225
2021-06-14 09:19:00,207.05,1268791
2021-06-14 09:19:02,207.1,1284624
2021-06-14 09:19:01,207.15,1283666
2021-06-14 09:19:04,207.0,1290454
2021-06-14 09:19:05,207.05,1293386
2021-06-14 09:19:06,207.1,1294653
2021-06-14 09:19:07,207.05,1295014
2021-06-14 09:19:08,207.15,1295018
2021-06-14 09:19:09,207.05,1296803
2021-06-14 09:19:08,207.1,1296451
2021-06-14 09:19:10,207.0,1443129
2021-06-14 09:19:11,206.85,1444857
2021-06-14 09:19:12,207.05,1457353
2021-06-14 09:19:13,207.0,1459739
2021-06-14 09:19:14,207.0,1482907
2021-06-14 09:19:15,207.1,1482943
2021-06-14 09:19:17,207.1,1485191
2021-06-14 09:19:19,207.1,1488719
2021-06-14 09:19:18,207.1,1487748
2021-06-14 09:19:20,207.1,1497506
2021-06-14 09:19:21,207.1,1497727
2021-06-14 09:19:22,207.0,1505229
2021-06-14 09:19:23,207.05,1508521
2021-06-14 09:19:24,207.1,1511461
2021-06-14 09:19:25,207.0,1511876
2021-06-14 09:19:26,207.0,1516868
2021-06-14 09:19:27,207.0,1518172
2021-06-14 09:19:28,207.05,1519855
2021-06-14 09:19:29,207.05,1520639
2021-06-14 09:19:30,207.1,1521313
2021-06-14 09:19:31,207.05,1552196
2021-06-14 09:19:32,207.1,1562794
2021-06-14 09:19:33,207.15,1568882
2021-06-14 09:19:34,207.1,1569387
2021-06-14 09:19:35,207.1,1570415
2021-06-14 09:19:36,207.1,1570872
2021-06-14 09:19:37,206.95,1604356
2021-06-14 09:19:38,206.95,1605595
2021-06-14 09:19:40,206.95,1608239
2021-06-14 09:19:41,206.85,1612305
2021-06-14 09:19:42,207.0,1617189
2021-06-14 09:19:43,206.95,1618669
2021-06-14 09:19:43,206.95,1618669
2021-06-14 09:19:44,206.9,1624724
2021-06-14 09:19:45,207.0,1627475
2021-06-14 09:19:46,206.9,1628628
2021-06-14 09:19:47,206.95,1630342
2021-06-14 09:19:48,206.9,1661884
2021-06-14 09:19:49,206.9,1662668
2021-06-14 09:19:50,206.9,1664452
2021-06-14 09:19:51,206.9,1676905
2021-06-14 09:19:52,206.9,1680017
2021-06-14 09:19:53,206.95,1682926
2021-06-14 09:19:55,206.9,1683691
2021-06-14 09:19:55,206.95,1684745
2021-06-14 09:19:56,206.95,1690288
2021-06-14 09:19:58,206.95,1693342
2021-06-14 09:19:58,207.0,1692013
2021-06-14 09:19:59,206.85,1752338
2021-06-14 09:20:01,207.0,1760223
2021-06-14 09:20:02,206.8,1762273
2021-06-14 09:20:03,206.95,1765256
2021-06-14 09:20:04,206.95,1766932
2021-06-14 09:20:05,206.9,1770792
2021-06-14 09:20:05,206.95,1772572
2021-06-14 09:20:07,206.9,1795431
2021-06-14 09:20:08,206.85,1797278
2021-06-14 09:20:09,206.9,1808676
2021-06-14 09:20:10,206.85,1812640
2021-06-14 09:20:12,206.95,1817446
2021-06-14 09:20:13,206.9,1820317
2021-06-14 09:20:14,206.9,1822259
2021-06-14 09:20:15,206.75,1875291
2021-06-14 09:20:16,206.7,1878246
2021-06-14 09:20:17,206.65,1887879
2021-06-14 09:20:18,206.65,1888768
2021-06-14 09:20:19,206.65,1890237
2021-06-14 09:20:20,206.7,1891252
2021-06-14 09:20:21,206.65,1892038
2021-06-14 09:20:22,206.7,1893435
2021-06-14 09:20:23,206.7,1897337
2021-06-14 09:20:24,206.7,1899651
2021-06-14 09:20:25,206.7,1901659
2021-06-14 09:20:26,206.6,1917699
2021-06-14 09:20:27,206.65,1919266
2021-06-14 09:20:27,206.6,1919924
2021-06-14 09:20:28,206.55,1926077
2021-06-14 09:20:30,206.7,1930753
2021-06-14 09:20:31,206.7,1932282
2021-06-14 09:20:31,206.6,1933732
2021-06-14 09:20:32,206.6,1938895
2021-06-14 09:20:33,206.55,1950429
2021-06-14 09:20:34,206.75,1954368
2021-06-14 09:20:35,206.8,1957980
2021-06-14 09:20:37,206.8,1959598
2021-06-14 09:20:38,206.7,1961745
2021-06-14 09:20:39,206.7,1963867
2021-06-14 09:20:40,206.75,1964508
2021-06-14 09:20:41,206.7,1969288
2021-06-14 09:20:42,206.75,1971288
2021-06-14 09:20:43,206.8,1975712
2021-06-14 09:20:45,206.8,1985395
2021-06-14 09:20:46,206.75,1994878
2021-06-14 09:20:47,206.8,1995269
2021-06-14 09:20:47,206.75,1996390
2021-06-14 09:20:49,206.9,1997066
2021-06-14 09:20:50,206.9,1997790
2021-06-14 09:20:51,206.9,1999682
2021-06-14 09:20:51,206.9,1999682
2021-06-14 09:20:52,206.95,2010018
2021-06-14 09:20:53,206.85,2010177
2021-06-14 09:20:54,206.9,2014800
2021-06-14 09:20:55,206.8,2016532
2021-06-14 09:20:56,206.9,2016951
2021-06-14 09:20:57,206.9,2018657
2021-06-14 09:20:59,206.95,2021758
2021-06-14 09:20:59,206.8,2023619
2021-06-14 09:21:01,206.95,2024022
2021-06-14 09:21:02,206.85,2025302
2021-06-14 09:21:03,206.8,2027859
2021-06-14 09:21:04,206.85,2039621
2021-06-14 09:21:05,206.85,2041213
2021-06-14 09:21:06,206.85,2042622
2021-06-14 09:21:07,206.8,2044028
2021-06-14 09:21:08,206.8,2046763
2021-06-14 09:21:09,206.9,2050624
2021-06-14 09:21:10,206.9,2052258
2021-06-14 09:21:11,206.9,2053928
2021-06-14 09:21:12,206.9,2054326
2021-06-14 09:21:13,206.9,2054485
2021-06-14 09:21:14,206.9,2054666
2021-06-14 09:21:15,206.9,2055277
2021-06-14 09:21:16,206.9,2056230
2021-06-14 09:21:17,206.95,2057514
2021-06-14 09:21:18,206.95,2058516
2021-06-14 09:21:19,206.9,2059587
2021-06-14 09:21:20,206.95,2063631
2021-06-14 09:21:20,206.9,2063657
2021-06-14 09:21:22,206.95,2063877
2021-06-14 09:21:23,206.95,2064697
2021-06-14 09:21:24,206.95,2065340
2021-06-14 09:21:25,206.95,2066436
2021-06-14 09:21:26,206.95,2066986
2021-06-14 09:21:26,206.95,2067108
2021-06-14 09:21:28,206.95,2068471
2021-06-14 09:21:29,206.9,2079687
2021-06-14 09:21:30,207.0,2083913
2021-06-14 09:21:31,207.0,2084157
2021-06-14 09:21:33,206.9,2094178
2021-06-14 09:21:34,206.95,2101409
2021-06-14 09:21:34,206.95,2106926
2021-06-14 09:21:35,206.95,2112519
2021-06-14 09:21:37,206.85,2113923
2021-06-14 09:21:37,206.95,2114257
2021-06-14 09:21:39,206.85,2115239
2021-06-14 09:21:40,206.95,2116984
2021-06-14 09:21:41,206.95,2117703
2021-06-14 09:21:42,206.9,2119497
2021-06-14 09:21:43,206.9,2127807
2021-06-14 09:21:44,206.9,2129207
2021-06-14 09:21:45,207.0,2129327
2021-06-14 09:21:46,207.0,2136215
2021-06-14 09:21:47,206.95,2136400
2021-06-14 09:21:49,207.0,2137648
2021-06-14 09:21:50,207.0,2137848
2021-06-14 09:21:51,207.0,2139057
2021-06-14 09:21:52,207.0,2142373
2021-06-14 09:21:53,207.0,2143475
2021-06-14 09:21:53,206.95,2143550
2021-06-14 09:21:54,207.0,2144784
2021-06-14 09:21:55,207.0,2146457
2021-06-14 09:21:57,207.0,2149203
2021-06-14 09:21:58,207.0,2149369
2021-06-14 09:21:59,207.0,2153743
2021-06-14 09:22:00,207.0,2158377
2021-06-14 09:22:01,206.9,2161622
2021-06-14 09:22:02,207.0,2162051
2021-06-14 09:22:03,206.9,2163866
2021-06-14 09:22:04,206.9,2164596
2021-06-14 09:22:05,206.9,2165982
2021-06-14 09:22:06,206.95,2166214
2021-06-14 09:22:07,207.0,2167035
2021-06-14 09:22:10,207.0,2176434
2021-06-14 09:22:11,207.0,2176484
2021-06-14 09:22:12,207.0,2185393
2021-06-14 09:22:13,206.95,2185409
2021-06-14 09:22:14,207.0,2186070
2021-06-14 09:22:15,207.05,2186724
2021-06-14 09:22:15,206.95,2186737
2021-06-14 09:22:16,206.95,2186877
2021-06-14 09:22:18,207.0,2188469
2021-06-14 09:22:19,207.05,2188524
2021-06-14 09:22:20,207.0,2188586
2021-06-14 09:22:21,207.05,2194026
2021-06-14 09:22:22,207.0,2198220
2021-06-14 09:22:23,207.0,2198546
2021-06-14 09:22:24,207.0,2199624
2021-06-14 09:22:25,207.0,2200802
2021-06-14 09:22:26,207.0,2201809
2021-06-14 09:22:27,207.0,2202761
2021-06-14 09:22:28,207.0,2202967
2021-06-14 09:22:28,207.0,2203178
2021-06-14 09:22:29,207.05,2205224
2021-06-14 09:22:30,206.95,2205494
2021-06-14 09:22:32,207.0,2210438
2021-06-14 09:22:32,207.0,2210438
2021-06-14 09:22:35,207.1,2211721
2021-06-14 09:22:36,207.0,2220082
2021-06-14 09:22:37,207.1,2220188
2021-06-14 09:22:38,207.0,2220732
2021-06-14 09:22:39,207.0,2230328
2021-06-14 09:22:39,207.0,2230371
2021-06-14 09:22:40,207.0,2231082
2021-06-14 09:22:41,207.0,2235707
2021-06-14 09:22:43,207.0,2261482
2021-06-14 09:22:44,207.0,2262235
2021-06-14 09:22:45,207.0,2262355
2021-06-14 09:22:46,206.95,2270033
2021-06-14 09:22:47,206.95,2271728
2021-06-14 09:22:48,206.95,2271913
2021-06-14 09:22:49,207.0,2276194
2021-06-14 09:22:50,206.9,2288090
2021-06-14 09:22:51,206.75,2310937
2021-06-14 09:22:52,206.85,2312221
2021-06-14 09:22:53,206.75,2312555
2021-06-14 09:22:54,206.8,2313576
2021-06-14 09:22:55,206.8,2316000
2021-06-14 09:22:56,206.85,2316747
2021-06-14 09:22:57,206.85,2316862
2021-06-14 09:22:58,206.85,2316864
2021-06-14 09:22:59,206.8,2317144
2021-06-14 09:23:00,206.8,2317632
2021-06-14 09:23:01,206.75,2322588
2021-06-14 09:23:02,206.8,2324084
2021-06-14 09:23:03,206.75,2324565
2021-06-14 09:23:04,206.75,2335397
2021-06-14 09:23:05,206.75,2335452
2021-06-14 09:23:06,206.75,2337886
2021-06-14 09:23:07,206.75,2338002
2021-06-14 09:23:07,206.7,2338109
2021-06-14 09:23:09,206.75,2346869
2021-06-14 09:23:10,206.75,2348830
2021-06-14 09:23:11,206.65,2350738
2021-06-14 09:23:12,206.7,2353126
2021-06-14 09:23:13,206.8,2353616
2021-06-14 09:23:14,206.75,2353748
2021-06-14 09:23:15,206.7,2355903
2021-06-14 09:23:16,206.75,2371133
2021-06-14 09:23:17,206.75,2372052
2021-06-14 09:23:18,206.75,2372232
2021-06-14 09:23:18,206.75,2373010
2021-06-14 09:23:19,206.75,2373100
2021-06-14 09:23:20,206.65,2374219
2021-06-14 09:23:22,206.7,2374746
2021-06-14 09:23:23,206.65,2376975
2021-06-14 09:23:24,206.75,2378674
2021-06-14 09:23:25,206.75,2378722
2021-06-14 09:23:27,206.6,2382972
2021-06-14 09:23:28,206.7,2384122
2021-06-14 09:23:29,206.65,2384452
2021-06-14 09:23:30,206.65,2384975
2021-06-14 09:23:30,206.6,2385119
2021-06-14 09:23:32,206.65,2387238
2021-06-14 09:23:33,206.65,2390288
2021-06-14 09:23:34,206.65,2391237
2021-06-14 09:23:35,206.65,2392033
2021-06-14 09:23:36,206.65,2392605
2021-06-14 09:23:37,206.7,2395167
2021-06-14 09:23:38,206.6,2395433
2021-06-14 09:23:39,206.7,2397517
2021-06-14 09:23:40,206.75,2401191
2021-06-14 09:23:42,206.75,2401988
2021-06-14 09:23:43,206.7,2402008
2021-06-14 09:23:44,206.65,2412923
2021-06-14 09:23:45,206.65,2414854
2021-06-14 09:23:45,206.65,2414854
2021-06-14 09:23:46,206.7,2416622
2021-06-14 09:23:48,206.7,2416827
2021-06-14 09:23:48,206.6,2418404
2021-06-14 09:23:50,206.7,2421616
2021-06-14 09:23:51,206.65,2422614
2021-06-14 09:23:52,206.7,2423241
2021-06-14 09:23:53,206.7,2423672
2021-06-14 09:23:54,206.6,2424897
2021-06-14 09:23:55,206.6,2424897
2021-06-14 09:23:56,206.65,2427917
2021-06-14 09:23:57,206.6,2428259
2021-06-14 09:23:58,206.65,2428924
2021-06-14 09:23:59,206.7,2429741
2021-06-14 09:23:59,206.7,2429925
2021-06-14 09:24:02,206.7,2432262
2021-06-14 09:24:03,206.65,2433910
2021-06-14 09:24:04,206.65,2434655
2021-06-14 09:24:05,206.7,2436484
2021-06-14 09:24:06,206.6,2464226
2021-06-14 09:24:07,206.6,2464792
2021-06-14 09:24:08,206.65,2467109
2021-06-14 09:24:08,206.6,2467231
2021-06-14 09:24:09,206.6,2468341
2021-06-14 09:24:10,206.6,2468827
2021-06-14 09:24:12,206.6,2470918
2021-06-14 09:24:13,206.6,2471847
2021-06-14 09:24:14,206.65,2472574
2021-06-14 09:24:15,206.65,2473752
2021-06-14 09:24:16,206.65,2474012
2021-06-14 09:24:17,206.6,2476574
2021-06-14 09:24:18,206.65,2476713
2021-06-14 09:24:19,206.65,2476987
2021-06-14 09:24:20,206.65,2477353
2021-06-14 09:24:21,206.65,2478378
2021-06-14 09:24:22,206.6,2480451
2021-06-14 09:24:23,206.65,2481300
2021-06-14 09:24:23,206.65,2481304
2021-06-14 09:24:24,206.65,2481573
2021-06-14 09:24:26,206.65,2483999
2021-06-14 09:24:27,206.6,2485727
2021-06-14 09:24:28,206.65,2486083
2021-06-14 09:24:29,206.65,2486501
2021-06-14 09:24:30,206.55,2498323
2021-06-14 09:24:31,206.6,2498528
2021-06-14 09:24:33,206.65,2500203
2021-06-14 09:24:34,206.65,2502268
2021-06-14 09:24:34,206.6,2502996
2021-06-14 09:24:36,206.7,2507050
2021-06-14 09:24:37,206.65,2507645
2021-06-14 09:24:38,206.65,2517755
2021-06-14 09:24:39,206.6,2519189
2021-06-14 09:24:40,206.6,2519363
2021-06-14 09:24:41,206.65,2520018
2021-06-14 09:24:42,206.65,2520133
2021-06-14 09:24:43,206.65,2520283
2021-06-14 09:24:44,206.65,2521100
2021-06-14 09:24:45,206.6,2521219
2021-06-14 09:24:46,206.65,2522460
2021-06-14 09:24:47,206.6,2523246
2021-06-14 09:24:49,206.65,2530823
2021-06-14 09:24:50,206.6,2530835
2021-06-14 09:24:51,206.6,2543217
2021-06-14 09:24:53,206.6,2554908
2021-06-14 09:24:52,206.6,2553293
2021-06-14 09:24:54,206.6,2557504
2021-06-14 09:24:55,206.6,2558592
2021-06-14 09:24:59,206.5,2560519
2021-06-14 09:24:58,206.55,2560206
2021-06-14 09:25:00,206.65,2563707
2021-06-14 09:25:01,206.6,2564099
2021-06-14 09:25:02,206.55,2564424
2021-06-14 09:25:03,206.55,2567144
2021-06-14 09:25:04,206.5,2578894
2021-06-14 09:25:05,206.6,2579636
2021-06-14 09:25:06,206.5,2581478
2021-06-14 09:25:08,206.5,2585436
2021-06-14 09:25:07,206.6,2585390
2021-06-14 09:25:09,206.5,2641040
2021-06-14 09:25:10,206.45,2649029
2021-06-14 09:25:11,206.4,2650651
2021-06-14 09:25:12,206.5,2652862
2021-06-14 09:25:13,206.5,2653898
2021-06-14 09:25:14,206.5,2654895
2021-06-14 09:25:15,206.45,2655901
2021-06-14 09:25:16,206.45,2656436
2021-06-14 09:25:17,206.4,2658747
2021-06-14 09:25:18,206.45,2659764
2021-06-14 09:25:19,206.4,2661044
2021-06-14 09:25:20,206.45,2661843
2021-06-14 09:25:21,206.5,2662270
2021-06-14 09:25:22,206.5,2662907
2021-06-14 09:25:23,206.5,2663407
2021-06-14 09:25:24,206.5,2663850
2021-06-14 09:25:25,206.45,2664818
2021-06-14 09:25:26,206.45,2666661
2021-06-14 09:25:27,206.45,2667389
2021-06-14 09:25:28,206.45,2670775
2021-06-14 09:25:29,206.4,2680252
2021-06-14 09:25:30,206.4,2680887
2021-06-14 09:25:31,206.4,2682026
2021-06-14 09:25:32,206.4,2682490
2021-06-14 09:25:33,206.35,2683072
2021-06-14 09:25:34,206.5,2686197
2021-06-14 09:25:35,206.4,2686455
2021-06-14 09:25:36,206.45,2687374
2021-06-14 09:25:37,206.45,2687863
2021-06-14 09:25:38,206.35,2691502
2021-06-14 09:25:40,206.4,2698705
2021-06-14 09:25:39,206.35,2698267
2021-06-14 09:25:41,206.3,2719381
2021-06-14 09:25:42,206.3,2723470
2021-06-14 09:25:43,206.3,2726140
2021-06-14 09:25:44,206.3,2727556
2021-06-14 09:25:45,206.25,2730529
2021-06-14 09:25:46,206.25,2742037
2021-06-14 09:25:48,206.35,2744842
2021-06-14 09:25:47,206.35,2744685
2021-06-14 09:25:49,206.35,2745570
2021-06-14 09:25:50,206.3,2747060
2021-06-14 09:25:51,206.3,2747257
2021-06-14 09:25:52,206.35,2747710
2021-06-14 09:25:53,206.25,2752801
2021-06-14 09:25:54,206.25,2767066
2021-06-14 09:25:55,206.25,2768730
2021-06-14 09:25:56,206.25,2770794
2021-06-14 09:25:57,206.25,2771246
2021-06-14 09:25:59,206.4,2793679
2021-06-14 09:25:58,206.35,2793153
2021-06-14 09:26:00,206.4,2794474
2021-06-14 09:26:01,206.35,2805721
2021-06-14 09:26:02,206.4,2809177
2021-06-14 09:26:03,206.3,2829305
2021-06-14 09:26:04,206.4,2829887
2021-06-14 09:26:05,206.3,2830579
2021-06-14 09:26:06,206.3,2830684
2021-06-14 09:26:07,206.3,2833131
2021-06-14 09:26:08,206.35,2833857
2021-06-14 09:26:09,206.4,2834538
2021-06-14 09:26:10,206.4,2834589
2021-06-14 09:26:11,206.3,2835278
2021-06-14 09:26:12,206.4,2835318
2021-06-14 09:26:13,206.4,2835587
2021-06-14 09:26:14,206.3,2835649
2021-06-14 09:26:15,206.35,2840603
2021-06-14 09:26:16,206.35,2841388
2021-06-14 09:26:17,206.5,2857542
2021-06-14 09:26:18,206.4,2858152
2021-06-14 09:26:19,206.6,2869321
2021-06-14 09:26:20,206.55,2870014
2021-06-14 09:26:21,206.55,2870645
2021-06-14 09:26:22,206.45,2874072
2021-06-14 09:26:23,206.55,2877090
2021-06-14 09:26:24,206.6,2878473
2021-06-14 09:26:25,206.65,2885674
2021-06-14 09:26:26,206.55,2887782
2021-06-14 09:26:27,206.55,2888048
2021-06-14 09:26:28,206.65,2889768
2021-06-14 09:26:29,206.6,2890181
2021-06-14 09:26:30,206.65,2891273
2021-06-14 09:26:31,206.65,2891480
2021-06-14 09:26:32,206.65,2891495
2021-06-14 09:26:33,206.5,2894558
2021-06-14 09:26:34,206.5,2894671
2021-06-14 09:26:35,206.6,2894891
2021-06-14 09:26:36,206.6,2895878
2021-06-14 09:26:37,206.6,2896079
2021-06-14 09:26:38,206.6,2896462
2021-06-14 09:26:39,206.6,2897539
2021-06-14 09:26:40,206.6,2897539
2021-06-14 09:26:41,206.6,2898818
2021-06-14 09:26:42,206.55,2899971
2021-06-14 09:26:43,206.45,2901395
2021-06-14 09:26:44,206.5,2902134
2021-06-14 09:26:45,206.5,2902352
2021-06-14 09:26:46,206.5,2906277
2021-06-14 09:26:48,206.55,2908624
2021-06-14 09:26:49,206.55,2909783
2021-06-14 09:26:50,206.55,2910849
2021-06-14 09:26:51,206.6,2911009
2021-06-14 09:26:52,206.5,2911859
2021-06-14 09:26:53,206.5,2912138
2021-06-14 09:26:54,206.55,2912143
2021-06-14 09:26:55,206.55,2912373
2021-06-14 09:26:56,206.55,2912650
2021-06-14 09:26:58,206.55,2913741
2021-06-14 09:26:58,206.55,2914167
2021-06-14 09:27:00,206.5,2920493
2021-06-14 09:27:00,206.5,2920571
2021-06-14 09:27:01,206.55,2920841
2021-06-14 09:27:02,206.55,2921141
2021-06-14 09:27:03,206.5,2921361
2021-06-14 09:27:04,206.5,2922074
2021-06-14 09:27:05,206.55,2922282
2021-06-14 09:27:06,206.5,2922792
2021-06-14 09:27:07,206.5,2923352
2021-06-14 09:27:08,206.55,2925614
2021-06-14 09:27:09,206.45,2926548
2021-06-14 09:27:10,206.5,2927096
2021-06-14 09:27:11,206.5,2927371
2021-06-14 09:27:12,206.45,2928735
2021-06-14 09:27:13,206.45,2929385
2021-06-14 09:27:14,206.45,2930525
2021-06-14 09:27:15,206.45,2944779
2021-06-14 09:27:16,206.45,2944878
2021-06-14 09:27:17,206.45,2945310
2021-06-14 09:27:20,206.4,2952491
2021-06-14 09:27:19,206.4,2952480
2021-06-14 09:27:21,206.4,2953847
2021-06-14 09:27:22,206.4,2954718
2021-06-14 09:27:23,206.4,2954739
2021-06-14 09:27:24,206.3,2954826
2021-06-14 09:27:25,206.35,2955727
2021-06-14 09:27:26,206.4,2958755
2021-06-14 09:27:27,206.4,2959104
2021-06-14 09:27:28,206.4,2961053
2021-06-14 09:27:29,206.4,2987603
2021-06-14 09:27:30,206.4,2987902
2021-06-14 09:27:31,206.4,2988316
2021-06-14 09:27:32,206.4,2988347
2021-06-14 09:27:33,206.4,2988754
2021-06-14 09:27:34,206.5,2989354
2021-06-14 09:27:37,206.5,2990225
2021-06-14 09:27:38,206.4,2990797
2021-06-14 09:27:39,206.4,2993186
2021-06-14 09:27:39,206.45,2993564
2021-06-14 09:27:40,206.4,2994111
2021-06-14 09:27:42,206.45,2997462
2021-06-14 09:27:42,206.45,2997462
2021-06-14 09:27:43,206.5,3007070
2021-06-14 09:27:44,206.5,3010547
2021-06-14 09:27:46,206.45,3012525
2021-06-14 09:27:46,206.35,3013930
2021-06-14 09:27:47,206.35,3015453
2021-06-14 09:27:48,206.35,3015898
2021-06-14 09:27:49,206.35,3018532
2021-06-14 09:27:50,206.35,3018955
2021-06-14 09:27:51,206.3,3023229
2021-06-14 09:27:52,206.3,3023609
2021-06-14 09:27:53,206.3,3023659
2021-06-14 09:27:54,206.25,3025198
2021-06-14 09:27:55,206.3,3035976
2021-06-14 09:27:56,206.35,3036597
2021-06-14 09:27:57,206.35,3036703
2021-06-14 09:27:59,206.35,3040559
2021-06-14 09:28:00,206.35,3045040
2021-06-14 09:28:02,206.35,3046332
2021-06-14 09:28:03,206.3,3047545
2021-06-14 09:28:04,206.3,3051265
2021-06-14 09:28:06,206.3,3056495
2021-06-14 09:28:07,206.3,3058034
2021-06-14 09:28:08,206.35,3058617
2021-06-14 09:28:08,206.35,3059418
2021-06-14 09:28:09,206.25,3059808
2021-06-14 09:28:10,206.25,3060250
2021-06-14 09:28:11,206.3,3060354
2021-06-14 09:28:12,206.35,3061361
2021-06-14 09:28:14,206.35,3061953
2021-06-14 09:28:15,206.35,3062364
2021-06-14 09:28:16,206.3,3064440
2021-06-14 09:28:16,206.3,3066900
2021-06-14 09:28:17,206.25,3067322
2021-06-14 09:28:18,206.3,3067693
2021-06-14 09:28:19,206.25,3068050
2021-06-14 09:28:20,206.35,3068633
2021-06-14 09:28:21,206.35,3070777
2021-06-14 09:28:22,206.35,3070992
2021-06-14 09:28:23,206.3,3071332
2021-06-14 09:28:24,206.35,3071342
2021-06-14 09:28:25,206.3,3071917
2021-06-14 09:28:26,206.3,3072189
2021-06-14 09:28:27,206.35,3072249
2021-06-14 09:28:28,206.35,3072805
2021-06-14 09:28:29,206.35,3072930
2021-06-14 09:28:30,206.3,3075419
2021-06-14 09:28:31,206.25,3075670
2021-06-14 09:28:32,206.3,3079538
2021-06-14 09:28:34,206.25,3080376
2021-06-14 09:28:35,206.25,3082101
2021-06-14 09:28:36,206.3,3083296
2021-06-14 09:28:37,206.35,3084826
2021-06-14 09:28:38,206.3,3085153
2021-06-14 09:28:39,206.25,3085313
2021-06-14 09:28:40,206.3,3085537
2021-06-14 09:28:41,206.3,3091703
2021-06-14 09:28:42,206.3,3091754
2021-06-14 09:28:43,206.25,3093211
2021-06-14 09:28:44,206.3,3096605
2021-06-14 09:28:45,206.3,3096715
2021-06-14 09:28:46,206.3,3097209
2021-06-14 09:28:47,206.3,3097535
2021-06-14 09:28:48,206.3,3098210
2021-06-14 09:28:49,206.25,3098873
2021-06-14 09:28:50,206.25,3100825
2021-06-14 09:28:51,206.25,3100894
2021-06-14 09:28:52,206.25,3100935
2021-06-14 09:28:53,206.2,3103501
2021-06-14 09:28:54,206.25,3104666
2021-06-14 09:28:55,206.25,3104699
2021-06-14 09:28:56,206.05,3312427
2021-06-14 09:28:57,206.05,3314277
2021-06-14 09:28:59,206.0,3318828
2021-06-14 09:29:00,206.05,3320330
2021-06-14 09:29:01,206.05,3320896
2021-06-14 09:29:02,206.05,3321165
2021-06-14 09:29:03,206.05,3321196
2021-06-14 09:29:04,206.05,3322295
2021-06-14 09:29:05,206.05,3323014
2021-06-14 09:29:06,206.05,3324113
2021-06-14 09:29:07,206.1,3324398
2021-06-14 09:29:08,206.05,3325901
2021-06-14 09:29:09,206.15,3330650
2021-06-14 09:29:10,206.05,3332948
2021-06-14 09:29:11,206.1,3335109
2021-06-14 09:29:12,206.1,3336749
2021-06-14 09:29:13,206.05,3336975
2021-06-14 09:29:15,206.05,3337916
2021-06-14 09:29:16,206.05,3339715
2021-06-14 09:29:17,206.05,3339720
2021-06-14 09:29:18,206.1,3340105
2021-06-14 09:29:19,206.1,3341109
2021-06-14 09:29:20,206.05,3341271
2021-06-14 09:29:21,206.1,3343434
2021-06-14 09:29:22,206.0,3346057
2021-06-14 09:29:23,206.0,3348677
2021-06-14 09:29:24,206.05,3349289
2021-06-14 09:29:25,206.1,3352005
2021-06-14 09:29:26,206.0,3352314
2021-06-14 09:29:27,206.1,3353001
2021-06-14 09:29:28,206.0,3353910
2021-06-14 09:29:29,206.15,3356249
2021-06-14 09:29:30,206.1,3356625
2021-06-14 09:29:31,206.15,3361940
2021-06-14 09:29:32,206.1,3365302
2021-06-14 09:29:33,206.1,3366654
2021-06-14 09:29:34,206.2,3366964
2021-06-14 09:29:35,206.15,3367273
2021-06-14 09:29:36,206.1,3367375
2021-06-14 09:29:37,206.1,3370983
2021-06-14 09:29:38,206.1,3375730
2021-06-14 09:29:39,206.05,3376737
2021-06-14 09:29:40,206.15,3377091
2021-06-14 09:29:41,206.15,3378671
2021-06-14 09:29:42,206.15,3379683
2021-06-14 09:29:43,206.15,3380273
2021-06-14 09:29:45,206.15,3381156
2021-06-14 09:29:46,206.2,3381644
2021-06-14 09:29:47,206.2,3381861
2021-06-14 09:29:48,206.15,3382907
2021-06-14 09:29:49,206.15,3382958
2021-06-14 09:29:50,206.15,3385696
2021-06-14 09:29:51,206.1,3385862
2021-06-14 09:29:52,206.15,3387706
2021-06-14 09:29:53,206.1,3393167
2021-06-14 09:29:54,206.1,3393308
2021-06-14 09:29:55,206.1,3393514
2021-06-14 09:29:56,206.05,3394214
2021-06-14 09:29:57,206.1,3395279
2021-06-14 09:29:58,206.15,3399274
2021-06-14 09:29:59,206.1,3400362
2021-06-14 09:30:00,206.15,3402761
2021-06-14 09:30:01,206.1,3408205
2021-06-14 09:30:02,206.05,3441070
2021-06-14 09:30:03,206.0,3472391
2021-06-14 09:30:04,205.95,3495229
2021-06-14 09:30:05,206.0,3497660
2021-06-14 09:30:06,206.0,3498246
2021-06-14 09:30:07,205.9,3502113
2021-06-14 09:30:08,206.0,3503047
2021-06-14 09:30:09,206.0,3503757
2021-06-14 09:30:10,205.7,3549410
2021-06-14 09:30:11,205.75,3553390
2021-06-14 09:30:12,205.75,3562967
2021-06-14 09:30:13,205.75,3571746
2021-06-14 09:30:14,205.7,3574764
2021-06-14 09:30:15,205.7,3577706
2021-06-14 09:30:16,205.75,3579537
2021-06-14 09:30:17,205.75,3581303
2021-06-14 09:30:18,205.65,3583554
2021-06-14 09:30:19,205.75,3584993
2021-06-14 09:30:20,205.6,3588918
2021-06-14 09:30:22,205.7,3594908
2021-06-14 09:30:23,205.6,3595917
2021-06-14 09:30:25,205.7,3598425
2021-06-14 09:30:24,205.75,3597525
2021-06-14 09:30:26,205.7,3600609
2021-06-14 09:30:27,205.7,3601994
2021-06-14 09:30:29,205.65,3613858
2021-06-14 09:30:30,205.65,3614344
2021-06-14 09:30:31,205.65,3614963
2021-06-14 09:30:32,205.65,3615409
2021-06-14 09:30:33,205.65,3615523
2021-06-14 09:30:34,205.75,3671953
2021-06-14 09:30:35,205.85,3675246
2021-06-14 09:30:36,205.6,3693426
2021-06-14 09:30:38,205.6,3711203
2021-06-14 09:30:39,205.6,3718566
2021-06-14 09:30:40,205.55,3719709
2021-06-14 09:30:41,205.55,3724077
2021-06-14 09:30:42,205.5,3727922
2021-06-14 09:30:43,205.55,3761439
2021-06-14 09:30:44,205.55,3761957
2021-06-14 09:30:45,205.55,3763293
2021-06-14 09:30:46,205.55,3765005
2021-06-14 09:30:47,205.5,3768927
2021-06-14 09:30:48,205.6,3770999
2021-06-14 09:30:49,205.6,3773481
2021-06-14 09:30:50,205.55,3773973
2021-06-14 09:30:51,205.55,3774862
2021-06-14 09:30:52,205.6,3776540
2021-06-14 09:30:53,205.6,3776829
2021-06-14 09:30:55,205.55,3784487
2021-06-14 09:30:56,205.55,3790437
2021-06-14 09:30:57,205.6,3793094
2021-06-14 09:30:58,205.55,3795096
2021-06-14 09:30:59,205.55,3796140
2021-06-14 09:31:00,205.5,3798856
2021-06-14 09:31:01,205.6,3801465
2021-06-14 09:31:02,205.5,3802295
2021-06-14 09:31:04,205.6,3804291
2021-06-14 09:31:06,205.6,3805789
2021-06-14 09:31:07,205.5,3809702
2021-06-14 09:31:08,205.55,3810751
2021-06-14 09:31:09,205.6,3813430
2021-06-14 09:31:10,205.5,3814334
2021-06-14 09:31:11,205.55,3814709
2021-06-14 09:31:12,205.55,3815511
2021-06-14 09:31:13,205.55,3818944
2021-06-14 09:31:14,205.45,3823699
2021-06-14 09:31:15,205.5,3824768
2021-06-14 09:31:16,205.5,3825427
2021-06-14 09:31:17,205.5,3827952
2021-06-14 09:31:18,205.5,3828697
2021-06-14 09:31:19,205.4,3829850
2021-06-14 09:31:20,205.5,3833015
2021-06-14 09:31:21,205.5,3833594
2021-06-14 09:31:22,205.5,3833739
2021-06-14 09:31:23,205.5,3834325
2021-06-14 09:31:24,205.4,3847807
2021-06-14 09:31:25,205.45,3850969
2021-06-14 09:31:26,205.45,3857484
2021-06-14 09:31:27,205.45,3858758
2021-06-14 09:31:31,205.45,3870980
2021-06-14 09:31:32,205.45,3871508
2021-06-14 09:31:33,205.3,3875513
2021-06-14 09:31:34,205.4,3879171
2021-06-14 09:31:35,205.3,3881925
2021-06-14 09:31:36,205.3,3883069
2021-06-14 09:31:36,205.4,3883572
2021-06-14 09:31:37,205.35,3884902
2021-06-14 09:31:39,205.4,3885900
2021-06-14 09:31:40,205.4,3886472
2021-06-14 09:31:41,205.4,3886920
2021-06-14 09:31:42,205.4,3886985
2021-06-14 09:31:43,205.35,3887206
2021-06-14 09:31:44,205.35,3889646
2021-06-14 09:31:45,205.4,3889845
2021-06-14 09:31:46,205.35,3892011
2021-06-14 09:31:47,205.35,3892546
2021-06-14 09:31:47,205.35,3892607
2021-06-14 09:31:48,205.4,3895030
2021-06-14 09:31:49,205.3,3895719
2021-06-14 09:31:50,205.4,3897255
2021-06-14 09:31:51,205.4,3897533
2021-06-14 09:31:52,205.45,3898489
2021-06-14 09:31:53,205.4,3900728
2021-06-14 09:31:55,205.4,3901370
2021-06-14 09:31:56,205.4,3903877
2021-06-14 09:31:57,205.4,3905852
2021-06-14 09:31:58,205.35,3912331
2021-06-14 09:31:59,205.35,3914934
2021-06-14 09:32:00,205.4,3916659
2021-06-14 09:32:00,205.4,3915627
2021-06-14 09:32:01,205.35,3925012
2021-06-14 09:32:02,205.45,3926573
2021-06-14 09:32:03,205.4,3934336
2021-06-14 09:32:05,205.4,3940859
2021-06-14 09:32:08,205.4,3944708
2021-06-14 09:32:09,205.4,3945566
2021-06-14 09:32:10,205.4,3945597
2021-06-14 09:32:11,205.35,3946347
2021-06-14 09:32:12,205.4,3954014
2021-06-14 09:32:12,205.35,3954039
2021-06-14 09:32:13,205.3,3955451
2021-06-14 09:32:14,205.35,3956034
2021-06-14 09:32:15,205.35,3958192
2021-06-14 09:32:17,205.4,3960850
2021-06-14 09:32:18,205.4,3962496
2021-06-14 09:32:20,205.4,3968936
2021-06-14 09:32:21,205.35,3970561
2021-06-14 09:32:21,205.35,3970899
2021-06-14 09:32:22,205.3,3978023
2021-06-14 09:32:23,205.35,3980188
2021-06-14 09:32:24,205.4,3982089
2021-06-14 09:32:25,205.35,3983168
2021-06-14 09:32:26,205.3,3984876
2021-06-14 09:32:27,205.4,3989825
2021-06-14 09:32:28,205.3,3991273
2021-06-14 09:32:29,205.3,3991848
2021-06-14 09:32:30,205.35,3992143
2021-06-14 09:32:31,205.4,3994894
2021-06-14 09:32:32,205.35,3995361
2021-06-14 09:32:33,205.35,3996214
2021-06-14 09:32:34,205.4,3998052
2021-06-14 09:32:37,205.35,4003116
2021-06-14 09:32:38,205.3,4005670
2021-06-14 09:32:39,205.3,4009122
2021-06-14 09:32:41,205.35,4010203
2021-06-14 09:32:42,205.35,4010491
2021-06-14 09:32:43,205.25,4039060
2021-06-14 09:32:44,205.25,4045555
2021-06-14 09:32:46,205.35,4059143
2021-06-14 09:32:47,205.3,4060417
2021-06-14 09:32:47,205.3,4060417
2021-06-14 09:32:49,205.35,4068903
2021-06-14 09:32:50,205.4,4074687
2021-06-14 09:32:51,205.35,4076927
2021-06-14 09:32:52,205.35,4078948
2021-06-14 09:32:53,205.35,4082672
2021-06-14 09:32:53,205.3,4082677
2021-06-14 09:32:54,205.35,4083076
2021-06-14 09:32:56,205.25,4085263
2021-06-14 09:32:57,205.35,4085759
2021-06-14 09:32:58,205.35,4087501
2021-06-14 09:32:59,205.35,4088375
2021-06-14 09:33:00,205.35,4088640
2021-06-14 09:33:01,205.35,4089807
2021-06-14 09:33:02,205.35,4099298
2021-06-14 09:33:02,205.3,4100098
2021-06-14 09:33:03,205.35,4100370
2021-06-14 09:33:04,205.3,4100965
2021-06-14 09:33:05,205.35,4112435
2021-06-14 09:33:07,205.35,4116048
2021-06-14 09:33:07,205.35,4116229
2021-06-14 09:33:09,205.4,4120125
2021-06-14 09:33:10,205.35,4121128
2021-06-14 09:33:11,205.35,4128805
2021-06-14 09:33:12,205.4,4130011
2021-06-14 09:33:13,205.4,4130297
2021-06-14 09:33:14,205.35,4130593
2021-06-14 09:33:16,205.45,4136122
2021-06-14 09:33:16,205.45,4136132
2021-06-14 09:33:18,205.4,4147973
2021-06-14 09:33:21,205.5,4151999
2021-06-14 09:33:23,205.5,4153699
2021-06-14 09:33:24,205.5,4154219
2021-06-14 09:33:25,205.5,4154219
2021-06-14 09:33:27,205.5,4155928
2021-06-14 09:33:28,205.4,4156542
2021-06-14 09:33:28,205.4,4156943
2021-06-14 09:33:30,205.45,4159827
2021-06-14 09:33:32,205.45,4162629
2021-06-14 09:33:31,205.45,4161822
2021-06-14 09:33:33,205.45,4162790
2021-06-14 09:33:34,205.5,4164011
2021-06-14 09:33:35,205.5,4165270
2021-06-14 09:33:36,205.5,4165965
2021-06-14 09:33:37,205.5,4166278
2021-06-14 09:33:38,205.45,4174974
2021-06-14 09:33:39,205.45,4175179
2021-06-14 09:33:40,205.45,4175974
2021-06-14 09:33:41,205.5,4184809
2021-06-14 09:33:43,205.5,4190205
2021-06-14 09:33:44,205.55,4191622
2021-06-14 09:33:45,205.5,4191699
2021-06-14 09:33:46,205.55,4192325
2021-06-14 09:33:47,205.45,4193719
2021-06-14 09:33:48,205.5,4194080
2021-06-14 09:33:49,205.5,4194282
2021-06-14 09:33:50,205.5,4199656
2021-06-14 09:33:51,205.45,4201272
2021-06-14 09:33:52,205.5,4201627
2021-06-14 09:33:55,205.5,4205964
2021-06-14 09:33:56,205.45,4206727
2021-06-14 09:33:57,205.45,4207101
2021-06-14 09:33:58,205.45,4208073
2021-06-14 09:33:59,205.5,4212022
2021-06-14 09:34:00,205.45,4212664
2021-06-14 09:34:01,205.4,4213002
2021-06-14 09:34:02,205.5,4221002
2021-06-14 09:34:03,205.4,4221449
2021-06-14 09:34:04,205.45,4221774
2021-06-14 09:34:06,205.45,4223702
2021-06-14 09:34:08,205.5,4225654
2021-06-14 09:34:09,205.45,4226553
2021-06-14 09:34:10,205.45,4226870
2021-06-14 09:34:11,205.5,4229711
2021-06-14 09:34:12,205.5,4231367
2021-06-14 09:34:13,205.55,4237412
2021-06-14 09:34:14,205.4,4239335
2021-06-14 09:34:15,205.5,4244986
2021-06-14 09:34:16,205.5,4248166
2021-06-14 09:34:17,205.5,4248834
2021-06-14 09:34:18,205.55,4250428
2021-06-14 09:34:19,205.55,4250502
2021-06-14 09:34:20,205.55,4250883
2021-06-14 09:34:21,205.55,4251570
2021-06-14 09:34:22,205.5,4251840
2021-06-14 09:34:23,205.5,4254520
2021-06-14 09:34:24,205.5,4255908
2021-06-14 09:34:25,205.5,4258625
2021-06-14 09:34:26,205.5,4258858
2021-06-14 09:34:27,205.55,4259335
2021-06-14 09:34:28,205.5,4259767
2021-06-14 09:34:29,205.5,4259772
2021-06-14 09:34:30,205.5,4260130
2021-06-14 09:34:32,205.5,4262076
2021-06-14 09:34:33,205.5,4262331
2021-06-14 09:34:34,205.45,4280755
2021-06-14 09:34:35,205.45,4282202
2021-06-14 09:34:36,205.55,4283899
2021-06-14 09:34:37,205.5,4285469
2021-06-14 09:34:38,205.45,4287887
2021-06-14 09:34:39,205.5,4289280
2021-06-14 09:34:40,205.45,4290191
2021-06-14 09:34:41,205.5,4290308
2021-06-14 09:34:42,205.55,4292602
2021-06-14 09:34:43,205.5,4293765
2021-06-14 09:34:44,205.5,4294463
2021-06-14 09:34:45,205.45,4297873
2021-06-14 09:34:46,205.45,4298254
2021-06-14 09:34:47,205.45,4306010
2021-06-14 09:34:49,205.45,4311526
2021-06-14 09:34:52,205.45,4320834
2021-06-14 09:34:54,205.4,4329127
2021-06-14 09:34:55,205.3,4329484
2021-06-14 09:34:56,205.4,4329646
2021-06-14 09:34:57,205.4,4330069
2021-06-14 09:34:58,205.4,4330571
2021-06-14 09:34:59,205.4,4331194
2021-06-14 09:35:01,205.35,4332637
2021-06-14 09:35:02,205.35,4334958
2021-06-14 09:35:03,205.35,4336978
2021-06-14 09:35:04,205.3,4337601
2021-06-14 09:35:05,205.3,4342980
2021-06-14 09:35:06,205.3,4343517
2021-06-14 09:35:07,205.35,4348869
2021-06-14 09:35:08,205.3,4349478
2021-06-14 09:35:09,205.3,4351240
2021-06-14 09:35:10,205.35,4352685
2021-06-14 09:35:11,205.3,4353781
2021-06-14 09:35:12,205.3,4354093
2021-06-14 09:35:14,205.3,4354873
2021-06-14 09:35:15,205.3,4359578
2021-06-14 09:35:16,205.35,4361029
2021-06-14 09:35:17,205.4,4367968
2021-06-14 09:35:19,205.35,4368450
2021-06-14 09:35:18,205.45,4368265
2021-06-14 09:35:20,205.35,4368683
2021-06-14 09:35:21,205.45,4372160
2021-06-14 09:35:22,205.45,4374894
2021-06-14 09:35:23,205.45,4375648
2021-06-14 09:35:24,205.45,4376660
2021-06-14 09:35:25,205.45,4381525
2021-06-14 09:35:26,205.45,4381992
2021-06-14 09:35:27,205.45,4382281
2021-06-14 09:35:28,205.45,4385559
2021-06-14 09:35:29,205.45,4385714
2021-06-14 09:35:30,205.4,4386861
2021-06-14 09:35:31,205.45,4386998
2021-06-14 09:35:32,205.45,4387435
2021-06-14 09:35:34,205.45,4396433
2021-06-14 09:35:35,205.4,4398371
2021-06-14 09:35:36,205.45,4399484
2021-06-14 09:35:38,205.35,4403750
2021-06-14 09:35:37,205.4,4403301
2021-06-14 09:35:39,205.4,4404336
2021-06-14 09:35:40,205.35,4405360
2021-06-14 09:35:41,205.4,4408188
2021-06-14 09:35:42,205.45,4408929
2021-06-14 09:35:43,205.45,4409114
2021-06-14 09:35:44,205.45,4409429
2021-06-14 09:35:45,205.45,4409483
2021-06-14 09:35:46,205.45,4410845
2021-06-14 09:35:47,205.45,4410877
2021-06-14 09:35:48,205.4,4415493
2021-06-14 09:35:49,205.5,4434246
2021-06-14 09:35:50,205.5,4434784
2021-06-14 09:35:51,205.5,4435111
2021-06-14 09:35:52,205.5,4435756
2021-06-14 09:35:53,205.5,4435928
2021-06-14 09:35:55,205.55,4444176
2021-06-14 09:35:56,205.55,4444365
2021-06-14 09:35:57,205.5,4444742
2021-06-14 09:35:58,205.6,4447186
2021-06-14 09:36:00,205.6,4450073
2021-06-14 09:35:59,205.55,4448960
2021-06-14 09:36:01,205.6,4452288
2021-06-14 09:36:03,205.5,4454792
2021-06-14 09:36:04,205.6,4455362
2021-06-14 09:36:05,205.6,4455544
2021-06-14 09:36:09,205.6,4475944
2021-06-14 09:36:10,205.6,4476775
2021-06-14 09:36:11,205.55,4478015
2021-06-14 09:36:12,205.55,4481517
2021-06-14 09:36:13,205.6,4483615
2021-06-14 09:36:15,205.6,4485064
2021-06-14 09:36:16,205.6,4486749
2021-06-14 09:36:17,205.6,4490008
2021-06-14 09:36:18,205.6,4491427
2021-06-14 09:36:19,205.55,4497238
2021-06-14 09:36:20,205.5,4499180
2021-06-14 09:36:21,205.6,4500905
2021-06-14 09:36:22,205.6,4501267
2021-06-14 09:36:23,205.6,4501481
2021-06-14 09:36:24,205.55,4501797
2021-06-14 09:36:26,205.6,4509859
2021-06-14 09:36:27,205.6,4510645
2021-06-14 09:36:28,205.55,4510904
2021-06-14 09:36:29,205.6,4515862
2021-06-14 09:36:30,205.6,4519662
2021-06-14 09:36:31,205.55,4524237
2021-06-14 09:36:32,205.55,4524486
2021-06-14 09:36:33,205.65,4538586
2021-06-14 09:36:34,205.6,4539001
2021-06-14 09:36:35,205.7,4560158
2021-06-14 09:36:36,205.65,4562346
2021-06-14 09:36:37,205.8,4572638
2021-06-14 09:36:38,205.75,4580060
2021-06-14 09:36:40,205.85,4580730
2021-06-14 09:36:41,205.85,4580983
2021-06-14 09:36:42,205.85,4581370
2021-06-14 09:36:43,205.85,4584637
2021-06-14 09:36:45,205.95,4598141
2021-06-14 09:36:46,205.95,4599892
2021-06-14 09:36:47,205.9,4601785
2021-06-14 09:36:48,205.95,4602034
2021-06-14 09:36:49,205.95,4604263
2021-06-14 09:36:50,206.0,4605195
2021-06-14 09:36:51,206.0,4607555
2021-06-14 09:36:53,206.05,4620726
2021-06-14 09:36:54,206.0,4621811
2021-06-14 09:36:55,205.95,4624188
2021-06-14 09:36:56,206.05,4624587
2021-06-14 09:36:57,205.95,4634788
2021-06-14 09:36:58,206.05,4635365
2021-06-14 09:36:59,206.1,4638724
2021-06-14 09:37:01,206.05,4645168
2021-06-14 09:37:06,206.1,4648901
2021-06-14 09:37:08,206.05,4649425
2021-06-14 09:37:09,206.1,4649639
2021-06-14 09:37:11,206.05,4652796
2021-06-14 09:37:12,206.1,4654184
2021-06-14 09:37:13,206.05,4657672
2021-06-14 09:37:14,206.05,4660463
2021-06-14 09:37:15,206.15,4661095
2021-06-14 09:37:16,206.15,4662098
2021-06-14 09:37:17,206.15,4662587
2021-06-14 09:37:18,206.15,4667405
2021-06-14 09:37:19,206.15,4668351
2021-06-14 09:37:20,206.2,4670069
2021-06-14 09:37:22,206.2,4677354
2021-06-14 09:37:24,206.2,4678116
2021-06-14 09:37:25,206.2,4681166
2021-06-14 09:37:26,206.2,4681229
2021-06-14 09:37:27,206.2,4681528
2021-06-14 09:37:28,206.2,4681965
2021-06-14 09:37:29,206.2,4682721
2021-06-14 09:37:30,206.2,4684040
2021-06-14 09:37:31,206.2,4685685
2021-06-14 09:37:32,206.2,4685992
2021-06-14 09:37:33,206.2,4686295
2021-06-14 09:37:36,206.2,4689976
2021-06-14 09:37:36,206.15,4690227
2021-06-14 09:37:37,206.2,4693822
2021-06-14 09:37:38,206.15,4694568
2021-06-14 09:37:39,206.15,4696521
2021-06-14 09:37:40,206.15,4696836
2021-06-14 09:37:41,206.15,4700175
2021-06-14 09:37:42,206.15,4700935
2021-06-14 09:37:43,206.15,4701201
2021-06-14 09:37:44,206.05,4701461
2021-06-14 09:37:45,206.15,4701462
2021-06-14 09:37:46,206.15,4701715
2021-06-14 09:37:47,206.05,4702236
2021-06-14 09:37:48,206.15,4703250
2021-06-14 09:37:49,206.1,4703706
2021-06-14 09:37:50,206.1,4706858
2021-06-14 09:37:51,206.05,4709054
2021-06-14 09:37:52,206.05,4709132
2021-06-14 09:37:53,206.1,4709222
2021-06-14 09:37:54,206.0,4709358
2021-06-14 09:37:55,206.15,4736827
2021-06-14 09:37:56,206.05,4736937
2021-06-14 09:37:57,206.05,4748077
2021-06-14 09:37:58,206.0,4752491
2021-06-14 09:37:59,206.05,4753670
2021-06-14 09:38:00,206.0,4753786
2021-06-14 09:38:01,206.0,4754560
2021-06-14 09:38:02,206.05,4755189
2021-06-14 09:38:03,205.95,4755542
2021-06-14 09:38:04,206.0,4758475
2021-06-14 09:38:05,206.05,4758654
2021-06-14 09:38:06,206.0,4759034
2021-06-14 09:38:07,206.0,4759584
2021-06-14 09:38:08,206.0,4759874
2021-06-14 09:38:09,206.0,4760617
2021-06-14 09:38:10,206.05,4761526
2021-06-14 09:38:11,206.0,4763961
2021-06-14 09:38:12,206.0,4764754
2021-06-14 09:38:13,206.0,4765299
2021-06-14 09:38:14,206.0,4766367
2021-06-14 09:38:15,206.0,4767012
2021-06-14 09:38:16,205.9,4768459
2021-06-14 09:38:17,206.0,4770295
2021-06-14 09:38:18,205.95,4771003
2021-06-14 09:38:19,205.95,4771117
2021-06-14 09:38:20,205.95,4771329
2021-06-14 09:38:21,206.0,4773894
2021-06-14 09:38:22,205.95,4774989
2021-06-14 09:38:23,205.95,4785362
2021-06-14 09:38:24,206.0,4785588
2021-06-14 09:38:25,206.0,4785754
2021-06-14 09:38:26,206.0,4786814
2021-06-14 09:38:27,205.95,4786824
2021-06-14 09:38:30,205.9,4788993
2021-06-14 09:38:30,205.9,4789543
2021-06-14 09:38:31,205.95,4790284
2021-06-14 09:38:32,205.95,4790437
2021-06-14 09:38:33,205.95,4791637
2021-06-14 09:38:34,205.95,4792306
2021-06-14 09:38:35,206.0,4793343
2021-06-14 09:38:36,206.0,4796674
2021-06-14 09:38:37,206.0,4805435
2021-06-14 09:38:39,206.0,4807376
2021-06-14 09:38:41,206.1,4841064
2021-06-14 09:38:42,206.15,4847694
2021-06-14 09:38:43,206.1,4855423
2021-06-14 09:38:44,206.15,4855429
2021-06-14 09:38:45,206.15,4855457
2021-06-14 09:38:46,206.1,4859289
2021-06-14 09:38:47,206.15,4860933
2021-06-14 09:38:48,206.15,4861131
2021-06-14 09:38:48,206.15,4866496
2021-06-14 09:38:50,206.2,4866654
2021-06-14 09:38:50,206.2,4866754
2021-06-14 09:38:52,206.25,4867905
2021-06-14 09:38:52,206.25,4867970
2021-06-14 09:38:53,206.25,4880270
2021-06-14 09:38:55,206.25,4883838
2021-06-14 09:38:57,206.25,4886553
2021-06-14 09:38:57,206.25,4886553
2021-06-14 09:38:59,206.2,4887402
2021-06-14 09:39:00,206.25,4887708
2021-06-14 09:39:00,206.25,4888779
2021-06-14 09:39:01,206.25,4888892
2021-06-14 09:39:02,206.25,4890123
2021-06-14 09:39:03,206.3,4891483
2021-06-14 09:39:04,206.3,4891843
2021-06-14 09:39:05,206.3,4891856
2021-06-14 09:39:06,206.3,4892346
2021-06-14 09:39:07,206.3,4893269
2021-06-14 09:39:08,206.3,4893838
2021-06-14 09:39:09,206.25,4895667
2021-06-14 09:39:11,206.3,4902577
2021-06-14 09:39:11,206.3,4902567
2021-06-14 09:39:13,206.3,4909092
2021-06-14 09:39:14,206.25,4909342
2021-06-14 09:39:14,206.3,4909644
2021-06-14 09:39:15,206.2,4912119
2021-06-14 09:39:16,206.3,4912890
2021-06-14 09:39:17,206.3,4913124
2021-06-14 09:39:18,206.3,4916155
2021-06-14 09:39:19,206.3,4917088
2021-06-14 09:39:20,206.35,4917437
2021-06-14 09:39:21,206.35,4917700
2021-06-14 09:39:22,206.3,4918116
2021-06-14 09:39:23,206.25,4918310
2021-06-14 09:39:24,206.3,4918800
2021-06-14 09:39:25,206.3,4920696
2021-06-14 09:39:27,206.35,4924613
2021-06-14 09:39:28,206.3,4924743
2021-06-14 09:39:28,206.2,4931559
2021-06-14 09:39:29,206.2,4931788
2021-06-14 09:39:30,206.25,4932036
2021-06-14 09:39:31,206.25,4932169
2021-06-14 09:39:32,206.25,4932501
2021-06-14 09:39:33,206.25,4933087
2021-06-14 09:39:36,206.2,4941700
2021-06-14 09:39:37,206.3,4949013
2021-06-14 09:39:38,206.25,4949028
2021-06-14 09:39:39,206.25,4949395
2021-06-14 09:39:40,206.25,4949527
2021-06-14 09:39:41,206.2,4950255
2021-06-14 09:39:42,206.25,4950431
2021-06-14 09:39:43,206.25,4951121
2021-06-14 09:39:44,206.2,4954339
2021-06-14 09:39:45,206.25,4954788
2021-06-14 09:39:46,206.2,4955164
2021-06-14 09:39:48,206.2,4961941
2021-06-14 09:39:49,206.2,4962232
2021-06-14 09:39:49,206.2,4962252
2021-06-14 09:39:50,206.1,4963914
2021-06-14 09:39:52,206.15,4966262
2021-06-14 09:39:53,206.05,4968030
2021-06-14 09:39:54,206.15,4971256
2021-06-14 09:39:55,206.15,4972582
2021-06-14 09:39:57,206.0,4981573
2021-06-14 09:39:58,206.1,4981814
2021-06-14 09:39:59,206.0,4982993
2021-06-14 09:39:59,206.1,4983043
2021-06-14 09:40:00,206.15,4983304
2021-06-14 09:40:01,206.0,4983716
2021-06-14 09:40:02,206.1,4986438
2021-06-14 09:40:03,206.1,4987303
2021-06-14 09:40:04,206.1,4987802
2021-06-14 09:40:05,206.15,4988982
2021-06-14 09:40:06,206.15,4989851
2021-06-14 09:40:07,206.15,4990680
2021-06-14 09:40:08,206.15,4990841
2021-06-14 09:40:09,206.15,4991892
2021-06-14 09:40:10,206.1,4992431
2021-06-14 09:40:11,206.15,4993183
2021-06-14 09:40:12,206.15,4999440
2021-06-14 09:40:13,206.15,4999853
2021-06-14 09:40:14,206.15,5001438
2021-06-14 09:40:15,206.1,5003475
2021-06-14 09:40:16,206.15,5004615
2021-06-14 09:40:17,206.15,5006164
2021-06-14 09:40:18,206.15,5008806
2021-06-14 09:40:19,206.15,5013771
2021-06-14 09:40:22,206.1,5017264
2021-06-14 09:40:23,206.15,5020894
2021-06-14 09:40:24,206.2,5024093
2021-06-14 09:40:25,206.15,5024355
2021-06-14 09:40:26,206.2,5024380
2021-06-14 09:40:27,206.25,5034523
2021-06-14 09:40:28,206.2,5034527
2021-06-14 09:40:29,206.2,5037514
2021-06-14 09:40:30,206.15,5042959
2021-06-14 09:40:31,206.15,5046042
2021-06-14 09:40:32,206.15,5046740
2021-06-14 09:40:33,206.15,5048177
2021-06-14 09:40:34,206.15,5048231
2021-06-14 09:40:35,206.15,5048577
2021-06-14 09:40:37,206.15,5050208
2021-06-14 09:40:38,206.15,5050529
2021-06-14 09:40:39,206.1,5051526
2021-06-14 09:40:40,206.15,5059153
2021-06-14 09:40:41,206.1,5060997
2021-06-14 09:40:41,206.1,5061007
2021-06-14 09:40:42,206.1,5061089
2021-06-14 09:40:44,206.15,5061807
2021-06-14 09:40:45,206.0,5062797
2021-06-14 09:40:47,206.0,5063251
2021-06-14 09:40:47,206.0,5063251
2021-06-14 09:40:49,206.0,5087817
2021-06-14 09:40:50,206.0,5088706
2021-06-14 09:40:50,205.9,5088772
2021-06-14 09:40:52,206.0,5089009
2021-06-14 09:40:53,206.0,5090250
2021-06-14 09:40:54,205.9,5090443
2021-06-14 09:40:56,206.0,5092617
2021-06-14 09:40:56,206.0,5092747
2021-06-14 09:40:58,206.0,5093010
2021-06-14 09:40:59,205.9,5097704
2021-06-14 09:41:00,206.0,5098326
2021-06-14 09:41:01,206.0,5100337
2021-06-14 09:41:02,206.0,5103606
2021-06-14 09:41:03,205.9,5104269
2021-06-14 09:41:04,206.0,5104344
2021-06-14 09:41:06,205.95,5105053
2021-06-14 09:41:07,205.95,5105593
2021-06-14 09:41:08,206.0,5107232
2021-06-14 09:41:09,206.0,5107239
2021-06-14 09:41:11,206.0,5107919
2021-06-14 09:41:12,205.95,5107955
2021-06-14 09:41:13,205.95,5108357
2021-06-14 09:41:14,205.95,5108987
2021-06-14 09:41:15,206.0,5109196
2021-06-14 09:41:16,205.95,5109379
2021-06-14 09:41:18,206.0,5114356
2021-06-14 09:41:19,206.0,5115737
2021-06-14 09:41:20,205.95,5118026
2021-06-14 09:41:21,206.0,5118126
2021-06-14 09:41:22,206.0,5118533
2021-06-14 09:41:23,205.95,5121315
2021-06-14 09:41:24,206.0,5124793
2021-06-14 09:41:25,206.0,5125295
2021-06-14 09:41:26,206.0,5126644
2021-06-14 09:41:27,206.0,5127245
2021-06-14 09:41:28,206.0,5127522
2021-06-14 09:41:29,206.0,5131008
2021-06-14 09:41:30,206.0,5131574
2021-06-14 09:41:31,206.0,5132441
2021-06-14 09:41:32,206.0,5132613
2021-06-14 09:41:33,206.0,5134670
2021-06-14 09:41:34,206.0,5135031
2021-06-14 09:41:35,206.0,5135065
2021-06-14 09:41:37,206.0,5135398
2021-06-14 09:41:37,206.0,5135608
2021-06-14 09:41:39,206.0,5139302
2021-06-14 09:41:40,206.05,5141536
2021-06-14 09:41:41,206.05,5142902
2021-06-14 09:41:42,206.05,5145050
2021-06-14 09:41:43,206.0,5145914
2021-06-14 09:41:44,206.1,5146339
2021-06-14 09:41:46,206.05,5149042
2021-06-14 09:41:47,206.05,5149730
2021-06-14 09:41:48,206.1,5149821
2021-06-14 09:41:49,206.15,5149864
2021-06-14 09:41:50,206.05,5149966
2021-06-14 09:41:51,206.05,5150859
2021-06-14 09:41:51,206.05,5150859
2021-06-14 09:41:53,206.05,5152694
2021-06-14 09:41:54,206.15,5153809
2021-06-14 09:41:54,206.15,5153809
2021-06-14 09:41:56,206.15,5154197
2021-06-14 09:41:56,206.15,5154217
2021-06-14 09:41:57,206.15,5154296
2021-06-14 09:41:58,206.15,5154398
2021-06-14 09:41:59,206.2,5160004
2021-06-14 09:42:00,206.2,5167225
2021-06-14 09:42:02,206.25,5167523
2021-06-14 09:42:02,206.25,5167523
2021-06-14 09:42:04,206.25,5168732
2021-06-14 09:42:05,206.25,5169345
2021-06-14 09:42:05,206.25,5169360
2021-06-14 09:42:07,206.15,5170548
2021-06-14 09:42:08,206.25,5173901
2021-06-14 09:42:09,206.15,5175155
2021-06-14 09:42:10,206.25,5175724
2021-06-14 09:42:10,206.3,5176467
2021-06-14 09:42:11,206.25,5184477
2021-06-14 09:42:13,206.3,5186895
2021-06-14 09:42:15,206.3,5189837
2021-06-14 09:42:16,206.3,5190510
2021-06-14 09:42:17,206.3,5191090
2021-06-14 09:42:18,206.3,5193589
2021-06-14 09:42:20,206.3,5195140
2021-06-14 09:42:21,206.35,5195217
2021-06-14 09:42:22,206.35,5195431
2021-06-14 09:42:23,206.3,5195681
2021-06-14 09:42:24,206.3,5199054
2021-06-14 09:42:25,206.35,5201608
2021-06-14 09:42:26,206.25,5205005
2021-06-14 09:42:27,206.3,5205610
2021-06-14 09:42:28,206.35,5206683
2021-06-14 09:42:28,206.35,5206733
2021-06-14 09:42:29,206.25,5207678
2021-06-14 09:42:31,206.35,5208001
2021-06-14 09:42:31,206.3,5208013
2021-06-14 09:42:32,206.35,5208303
2021-06-14 09:42:33,206.3,5208553
2021-06-14 09:42:34,206.35,5211806
2021-06-14 09:42:35,206.3,5212695
2021-06-14 09:42:36,206.3,5213982
2021-06-14 09:42:37,206.3,5214206
2021-06-14 09:42:38,206.3,5216639
2021-06-14 09:42:39,206.25,5222821
2021-06-14 09:42:40,206.35,5224892
2021-06-14 09:42:41,206.35,5225249
2021-06-14 09:42:42,206.35,5225261
2021-06-14 09:42:43,206.35,5225261
2021-06-14 09:42:44,206.35,5226920
2021-06-14 09:42:46,206.35,5228431
2021-06-14 09:42:47,206.35,5228772
2021-06-14 09:42:48,206.4,5230779
2021-06-14 09:42:49,206.35,5231147
2021-06-14 09:42:50,206.35,5233173
2021-06-14 09:42:51,206.4,5238970
2021-06-14 09:42:52,206.25,5243382
2021-06-14 09:42:53,206.25,5253612
2021-06-14 09:42:54,206.2,5254269
2021-06-14 09:42:55,206.25,5254769
2021-06-14 09:42:55,206.25,5255593
2021-06-14 09:42:56,206.25,5256163
2021-06-14 09:42:57,206.25,5256245
2021-06-14 09:42:58,206.2,5261629
2021-06-14 09:42:59,206.2,5266357
2021-06-14 09:43:01,206.35,5266730
2021-06-14 09:43:03,206.35,5268290
2021-06-14 09:43:04,206.3,5268560
2021-06-14 09:43:05,206.35,5270718
2021-06-14 09:43:06,206.35,5271148
2021-06-14 09:43:07,206.35,5271600
2021-06-14 09:43:08,206.35,5272300
2021-06-14 09:43:09,206.35,5272556
2021-06-14 09:43:10,206.3,5276690
2021-06-14 09:43:12,206.3,5281736
2021-06-14 09:43:13,206.3,5282028
2021-06-14 09:43:14,206.3,5282849
2021-06-14 09:43:16,206.2,5289034
2021-06-14 09:43:17,206.3,5292356
2021-06-14 09:43:18,206.25,5292589
2021-06-14 09:43:19,206.3,5293901
2021-06-14 09:43:22,206.25,5294307
2021-06-14 09:43:23,206.35,5294318
2021-06-14 09:43:25,206.3,5294670
2021-06-14 09:43:26,206.3,5294787
2021-06-14 09:43:27,206.3,5294932
2021-06-14 09:43:28,206.3,5295037
2021-06-14 09:43:29,206.25,5295157
2021-06-14 09:43:30,206.25,5296420
2021-06-14 09:43:31,206.2,5296548
2021-06-14 09:43:32,206.3,5297874
2021-06-14 09:43:33,206.3,5297976
2021-06-14 09:43:35,206.25,5300296
2021-06-14 09:43:36,206.3,5300434
2021-06-14 09:43:37,206.3,5300949
2021-06-14 09:43:38,206.25,5301334
2021-06-14 09:43:39,206.25,5301458
2021-06-14 09:43:40,206.3,5301977
2021-06-14 09:43:41,206.3,5302475
2021-06-14 09:43:42,206.25,5302555
2021-06-14 09:43:43,206.25,5303770
2021-06-14 09:43:44,206.2,5304590
2021-06-14 09:43:45,206.15,5305010
2021-06-14 09:43:46,206.25,5306973
2021-06-14 09:43:47,206.3,5308032
2021-06-14 09:43:47,206.3,5308032
2021-06-14 09:43:49,206.3,5308762
2021-06-14 09:43:49,206.3,5308762
2021-06-14 09:43:50,206.3,5308776
2021-06-14 09:43:51,206.3,5309538
2021-06-14 09:43:52,206.3,5310478
2021-06-14 09:43:53,206.3,5311533
2021-06-14 09:43:54,206.3,5311663
2021-06-14 09:43:55,206.3,5312181
2021-06-14 09:43:56,206.25,5314038
2021-06-14 09:43:58,206.3,5314435
2021-06-14 09:43:59,206.25,5314510
2021-06-14 09:44:01,206.25,5315065
2021-06-14 09:44:02,206.3,5315170
2021-06-14 09:44:03,206.3,5315718
2021-06-14 09:44:04,206.3,5315728
2021-06-14 09:44:05,206.3,5315881
2021-06-14 09:44:06,206.3,5316347
2021-06-14 09:44:07,206.3,5316657
2021-06-14 09:44:08,206.3,5319068
2021-06-14 09:44:09,206.25,5320201
2021-06-14 09:44:10,206.25,5320994
2021-06-14 09:44:12,206.25,5322247
2021-06-14 09:44:13,206.25,5323779
2021-06-14 09:44:14,206.25,5324039
2021-06-14 09:44:15,206.2,5324255
2021-06-14 09:44:16,206.25,5324340
2021-06-14 09:44:18,206.25,5327227
2021-06-14 09:44:19,206.3,5327727
2021-06-14 09:44:20,206.3,5327828
2021-06-14 09:44:21,206.25,5328091
2021-06-14 09:44:23,206.25,5329547
2021-06-14 09:44:24,206.25,5330800
2021-06-14 09:44:25,206.25,5331102
2021-06-14 09:44:26,206.2,5331218
2021-06-14 09:44:28,206.25,5331400
2021-06-14 09:44:27,206.25,5331238
2021-06-14 09:44:29,206.25,5334657
2021-06-14 09:44:30,206.3,5334758
2021-06-14 09:44:32,206.25,5334890
2021-06-14 09:44:31,206.3,5334833
2021-06-14 09:44:33,206.3,5334992
2021-06-14 09:44:33,206.3,5335142
2021-06-14 09:44:34,206.3,5335873
2021-06-14 09:44:35,206.25,5342982
2021-06-14 09:44:37,206.25,5343186
2021-06-14 09:44:38,206.25,5343732
2021-06-14 09:44:39,206.25,5345240
2021-06-14 09:44:40,206.3,5345869
2021-06-14 09:44:41,206.3,5346074
2021-06-14 09:44:42,206.3,5346556
2021-06-14 09:44:43,206.25,5346561
2021-06-14 09:44:45,206.3,5348500
2021-06-14 09:44:46,206.3,5348804
2021-06-14 09:44:47,206.3,5349345
2021-06-14 09:44:50,206.25,5355443
2021-06-14 09:44:51,206.25,5355485
2021-06-14 09:44:52,206.2,5357653
2021-06-14 09:44:52,206.25,5358211
2021-06-14 09:44:54,206.25,5359352
2021-06-14 09:44:54,206.15,5372114
2021-06-14 09:44:55,206.2,5372201
2021-06-14 09:44:56,206.2,5372484
2021-06-14 09:44:57,206.2,5372893
2021-06-14 09:44:58,206.25,5374000
2021-06-14 09:44:59,206.25,5374297
2021-06-14 09:45:00,206.25,5374872
2021-06-14 09:45:01,206.25,5375073
2021-06-14 09:45:02,206.2,5375634
2021-06-14 09:45:03,206.2,5379116
2021-06-14 09:45:04,206.2,5382138
2021-06-14 09:45:05,206.25,5393743
2021-06-14 09:45:06,206.2,5393934
2021-06-14 09:45:08,206.25,5394820
2021-06-14 09:45:09,206.25,5397171
2021-06-14 09:45:10,206.25,5397281
2021-06-14 09:45:12,206.2,5398189
2021-06-14 09:45:13,206.25,5400285
2021-06-14 09:45:14,206.2,5400431
2021-06-14 09:45:14,206.2,5402846
2021-06-14 09:45:15,206.15,5403819
2021-06-14 09:45:16,206.15,5403989
2021-06-14 09:45:17,206.2,5404121
2021-06-14 09:45:18,206.15,5404347
2021-06-14 09:45:19,206.15,5404817
2021-06-14 09:45:20,206.1,5410378
2021-06-14 09:45:21,206.15,5410446
2021-06-14 09:45:22,206.15,5411540
2021-06-14 09:45:24,206.15,5411886
2021-06-14 09:45:25,206.15,5412402
2021-06-14 09:45:26,206.15,5413414
2021-06-14 09:45:27,206.2,5417018
2021-06-14 09:45:28,206.1,5417609
2021-06-14 09:45:29,206.1,5419187
2021-06-14 09:45:30,206.2,5419188
2021-06-14 09:45:31,206.15,5419335
2021-06-14 09:45:33,206.2,5420357
2021-06-14 09:45:34,206.2,5420492
2021-06-14 09:45:35,206.2,5424297
2021-06-14 09:45:36,206.2,5424304
2021-06-14 09:45:37,206.25,5424420
2021-06-14 09:45:38,206.25,5424595
2021-06-14 09:45:39,206.2,5426613
2021-06-14 09:45:40,206.2,5426744
2021-06-14 09:45:41,206.2,5428879
2021-06-14 09:45:42,206.15,5428927
2021-06-14 09:45:43,206.2,5429588
2021-06-14 09:45:44,206.2,5430279
2021-06-14 09:45:45,206.2,5430914
2021-06-14 09:45:46,206.15,5432474
2021-06-14 09:45:47,206.2,5433465
2021-06-14 09:45:48,206.15,5434491
2021-06-14 09:45:49,206.15,5434829
2021-06-14 09:45:50,206.15,5434996
2021-06-14 09:45:51,206.15,5435796
2021-06-14 09:45:52,206.15,5437313
2021-06-14 09:45:53,206.1,5437935
2021-06-14 09:45:54,206.1,5438599
2021-06-14 09:45:56,206.15,5442535
2021-06-14 09:45:57,206.15,5444518
2021-06-14 09:45:58,206.15,5446164
2021-06-14 09:45:59,206.15,5446825
2021-06-14 09:46:00,206.15,5447083
2021-06-14 09:46:01,206.15,5447735
2021-06-14 09:46:02,206.15,5448097
2021-06-14 09:46:03,206.15,5448327
2021-06-14 09:46:04,206.15,5448658
2021-06-14 09:46:05,206.15,5448810
2021-06-14 09:46:06,206.15,5449785
2021-06-14 09:46:08,206.2,5453267
2021-06-14 09:46:10,206.15,5454675
2021-06-14 09:46:11,206.1,5455007
2021-06-14 09:46:12,206.2,5455229
2021-06-14 09:46:13,206.2,5455341
2021-06-14 09:46:14,206.2,5461429
2021-06-14 09:46:16,206.2,5465548
2021-06-14 09:46:17,206.2,5466433
2021-06-14 09:46:18,206.2,5467524
2021-06-14 09:46:19,206.2,5468851
2021-06-14 09:46:20,206.25,5471203
2021-06-14 09:46:21,206.25,5471911
2021-06-14 09:46:22,206.25,5472879
2021-06-14 09:46:23,206.3,5473362
2021-06-14 09:46:24,206.3,5473506
2021-06-14 09:46:25,206.2,5474550
2021-06-14 09:46:26,206.25,5474970
2021-06-14 09:46:27,206.3,5476123
2021-06-14 09:46:28,206.25,5476471
2021-06-14 09:46:29,206.3,5476862
2021-06-14 09:46:30,206.3,5479995
2021-06-14 09:46:31,206.3,5480935
2021-06-14 09:46:32,206.3,5481217
2021-06-14 09:46:33,206.25,5482529
2021-06-14 09:46:34,206.25,5483813
2021-06-14 09:46:35,206.3,5484469
2021-06-14 09:46:36,206.3,5485201
2021-06-14 09:46:37,206.25,5493500
2021-06-14 09:46:38,206.3,5496215
2021-06-14 09:46:42,206.35,5536616
2021-06-14 09:46:43,206.35,5540159
2021-06-14 09:46:44,206.4,5541241
2021-06-14 09:46:45,206.4,5541590
2021-06-14 09:46:46,206.35,5545000
2021-06-14 09:46:47,206.4,5547004
2021-06-14 09:46:48,206.4,5547605
2021-06-14 09:46:49,206.3,5547960
2021-06-14 09:46:51,206.4,5548272
2021-06-14 09:46:52,206.3,5548346
2021-06-14 09:46:53,206.4,5548519
2021-06-14 09:46:54,206.4,5548892
2021-06-14 09:46:55,206.4,5549031
2021-06-14 09:46:56,206.4,5551100
2021-06-14 09:46:58,206.4,5558642
2021-06-14 09:46:57,206.35,5555383
2021-06-14 09:46:59,206.3,5561865
2021-06-14 09:47:00,206.4,5563967
2021-06-14 09:47:01,206.4,5569272
2021-06-14 09:47:02,206.4,5570892
2021-06-14 09:47:04,206.35,5573324
2021-06-14 09:47:05,206.45,5574221
2021-06-14 09:47:06,206.4,5575341
2021-06-14 09:47:07,206.4,5575559
2021-06-14 09:47:08,206.45,5575929
2021-06-14 09:47:09,206.45,5577547
2021-06-14 09:47:10,206.45,5577711
2021-06-14 09:47:12,206.4,5579145
2021-06-14 09:47:13,206.45,5579815
2021-06-14 09:47:14,206.45,5580390
2021-06-14 09:47:15,206.45,5580838
2021-06-14 09:47:16,206.4,5581067
2021-06-14 09:47:17,206.45,5581261
2021-06-14 09:47:18,206.45,5581535
2021-06-14 09:47:19,206.45,5581692
2021-06-14 09:47:20,206.45,5582308
2021-06-14 09:47:21,206.45,5583193
2021-06-14 09:47:22,206.45,5584266
2021-06-14 09:47:23,206.45,5584925
2021-06-14 09:47:24,206.45,5586189
2021-06-14 09:47:25,206.4,5587055
2021-06-14 09:47:26,206.4,5588328
2021-06-14 09:47:27,206.4,5588997
2021-06-14 09:47:28,206.45,5590639
2021-06-14 09:47:29,206.45,5591172
2021-06-14 09:47:30,206.4,5591532
2021-06-14 09:47:31,206.45,5592157
2021-06-14 09:47:32,206.4,5592528
2021-06-14 09:47:33,206.45,5592791
2021-06-14 09:47:34,206.45,5593272
2021-06-14 09:47:35,206.45,5593969
2021-06-14 09:47:36,206.4,5594460
2021-06-14 09:47:37,206.4,5595380
2021-06-14 09:47:38,206.45,5597720
2021-06-14 09:47:39,206.45,5598631
2021-06-14 09:47:40,206.4,5599075
2021-06-14 09:47:42,206.45,5599808
2021-06-14 09:47:43,206.45,5602499
2021-06-14 09:47:44,206.4,5603387
2021-06-14 09:47:45,206.4,5604921
2021-06-14 09:47:49,206.4,5605800
2021-06-14 09:47:52,206.4,5610271
2021-06-14 09:47:56,206.35,5612741
2021-06-14 09:47:59,206.4,5616332
2021-06-14 09:48:03,206.4,5620576
2021-06-14 09:48:06,206.5,5624198
2021-06-14 09:48:10,206.5,5626631
2021-06-14 09:48:13,206.5,5629802
2021-06-14 09:48:17,206.4,5634998
2021-06-14 09:48:21,206.5,5637317
2021-06-14 09:48:24,206.4,5638140
2021-06-14 09:48:27,206.45,5639874
2021-06-14 09:48:31,206.5,5658484
2021-06-14 09:48:35,206.5,5662265
2021-06-14 09:48:38,206.5,5664583
2021-06-14 09:48:42,206.5,5666668
2021-06-14 09:48:46,206.45,5670410
2021-06-14 09:48:49,206.45,5673371
2021-06-14 09:48:53,206.45,5674996
2021-06-14 09:48:56,206.5,5679690
2021-06-14 09:49:00,206.4,5685147
2021-06-14 09:49:03,206.4,5696030
2021-06-14 09:49:07,206.5,5702700
2021-06-14 09:49:10,206.45,5709051
2021-06-14 09:49:17,206.45,5747895
2021-06-14 09:49:21,206.4,5766509
2021-06-14 09:49:24,206.5,5789071
2021-06-14 09:49:28,206.55,5798265
2021-06-14 09:49:31,206.55,5801721
2021-06-14 09:49:35,206.6,5805901
2021-06-14 09:49:38,206.6,5809200
2021-06-14 09:49:41,206.7,5822075
2021-06-14 09:49:44,206.7,5823871
2021-06-14 09:49:48,206.65,5827381
2021-06-14 09:49:51,206.65,5829300
2021-06-14 09:49:54,206.65,5830170
2021-06-14 09:49:58,206.65,5840348
2021-06-14 09:50:01,206.7,5845088
2021-06-14 09:50:08,206.75,5855018
2021-06-14 09:50:12,206.7,5860161
2021-06-14 09:50:15,206.7,5862559
2021-06-14 09:50:19,206.7,5864303
2021-06-14 09:50:22,206.65,5869395
2021-06-14 09:50:26,206.75,5875194
2021-06-14 09:50:29,206.7,5876531
2021-06-14 09:50:33,206.7,5894345
2021-06-14 09:50:36,206.5,5928995
2021-06-14 09:50:39,206.6,5930060
2021-06-14 09:50:43,206.5,5934642
2021-06-14 09:50:46,206.6,5938546
2021-06-14 09:50:49,206.6,5942951
2021-06-14 09:50:56,206.45,5956040
2021-06-14 09:50:59,206.5,5956594
2021-06-14 09:51:03,206.5,5959640
2021-06-14 09:51:06,206.45,5962021
2021-06-14 09:51:10,206.4,5967836
2021-06-14 09:51:13,206.4,5970542
2021-06-14 09:51:20,206.45,5973112
2021-06-14 09:51:23,206.35,5983476
2021-06-14 09:51:27,206.4,5988671
2021-06-14 09:51:30,206.4,5989668
2021-06-14 09:51:34,206.35,5990760
2021-06-14 09:51:37,206.3,5992771
2021-06-14 09:51:41,206.4,5993934
2021-06-14 09:51:44,206.3,5994806
2021-06-14 09:51:47,206.25,5999138
2021-06-14 09:51:51,206.25,6001255
2021-06-14 09:51:54,206.35,6002424
2021-06-14 09:51:58,206.35,6003732
2021-06-14 09:52:01,206.25,6006909
2021-06-14 09:52:04,206.3,6021636
2021-06-14 09:52:08,206.3,6027677
2021-06-14 09:52:11,206.2,6033920
2021-06-14 09:52:14,206.35,6040665
2021-06-14 09:52:18,206.35,6050907
2021-06-14 09:52:21,206.35,6051675
2021-06-14 09:52:24,206.25,6057399
2021-06-14 09:52:27,206.3,6060330
2021-06-14 09:52:31,206.3,6060698
2021-06-14 09:52:38,206.25,6072987
2021-06-14 09:52:42,206.3,6078320
2021-06-14 09:52:45,206.3,6079977
2021-06-14 09:52:46,206.3,6080135
2021-06-14 09:52:47,206.35,6080387
2021-06-14 09:52:48,206.35,6080465
2021-06-14 09:52:49,206.35,6080466
2021-06-14 09:52:50,206.35,6080467
2021-06-14 09:52:51,206.35,6084230
2021-06-14 09:52:51,206.3,6084300
2021-06-14 09:52:53,206.25,6085408
2021-06-14 09:52:55,206.35,6087128
2021-06-14 09:52:56,206.35,6087543
2021-06-14 09:52:57,206.3,6087663
2021-06-14 09:52:58,206.3,6088415
2021-06-14 09:53:00,206.3,6088774
2021-06-14 09:53:00,206.3,6088895
2021-06-14 09:53:01,206.3,6089257
2021-06-14 09:53:02,206.3,6089339
2021-06-14 09:53:03,206.25,6114644
2021-06-14 09:53:04,206.3,6116813
2021-06-14 09:53:06,206.3,6116931
2021-06-14 09:53:07,206.3,6116931
2021-06-14 09:53:08,206.3,6117318
2021-06-14 09:53:09,206.3,6123140
2021-06-14 09:53:10,206.35,6123218
2021-06-14 09:53:11,206.25,6126481
2021-06-14 09:53:12,206.25,6127998
2021-06-14 09:53:13,206.2,6129900
2021-06-14 09:53:13,206.35,6129915
2021-06-14 09:53:14,206.35,6130095
2021-06-14 09:53:15,206.35,6130270
2021-06-14 09:53:16,206.35,6130863
2021-06-14 09:53:17,206.25,6132638
2021-06-14 09:53:18,206.3,6132893
2021-06-14 09:53:19,206.3,6132974
2021-06-14 09:53:20,206.25,6133203
2021-06-14 09:53:21,206.4,6135210
2021-06-14 09:53:23,206.3,6135502
2021-06-14 09:53:24,206.3,6148718
2021-06-14 09:53:24,206.3,6148728
2021-06-14 09:53:25,206.25,6148858
2021-06-14 09:53:26,206.35,6149299
2021-06-14 09:53:27,206.4,6151038
2021-06-14 09:53:28,206.3,6151049
2021-06-14 09:53:29,206.3,6151066
2021-06-14 09:53:30,206.4,6153032
2021-06-14 09:53:32,206.4,6153660
2021-06-14 09:53:32,206.4,6153710
2021-06-14 09:53:33,206.3,6154052
2021-06-14 09:53:34,206.35,6157277
2021-06-14 09:53:35,206.35,6157282
2021-06-14 09:53:37,206.4,6157299
2021-06-14 09:53:38,206.4,6157339
2021-06-14 09:53:39,206.4,6157557
2021-06-14 09:53:39,206.4,6157637
2021-06-14 09:53:42,206.4,6159604
2021-06-14 09:53:42,206.4,6159605
2021-06-14 09:53:43,206.3,6159673
2021-06-14 09:53:44,206.4,6161354
2021-06-14 09:53:45,206.4,6161562
2021-06-14 09:53:48,206.3,6165391
2021-06-14 09:53:49,206.45,6165724
2021-06-14 09:53:50,206.45,6165782
2021-06-14 09:53:52,206.45,6165805
2021-06-14 09:53:53,206.45,6165831
2021-06-14 09:53:54,206.4,6165981
2021-06-14 09:53:54,206.45,6166013
2021-06-14 09:53:56,206.45,6171584
2021-06-14 09:53:56,206.45,6171584
2021-06-14 09:53:57,206.5,6172715
2021-06-14 09:53:58,206.5,6175000
2021-06-14 09:53:59,206.35,6175329
2021-06-14 09:54:02,206.45,6175906
2021-06-14 09:54:03,206.45,6176196
2021-06-14 09:54:04,206.45,6176234
2021-06-14 09:54:05,206.45,6176690
2021-06-14 09:54:06,206.5,6177996
2021-06-14 09:54:07,206.45,6178046
2021-06-14 09:54:08,206.4,6179177
2021-06-14 09:54:10,206.4,6180687
2021-06-14 09:54:11,206.35,6180881
2021-06-14 09:54:12,206.45,6180925
2021-06-14 09:54:12,206.45,6180926
2021-06-14 09:54:13,206.35,6181672
2021-06-14 09:54:15,206.45,6182519
2021-06-14 09:54:16,206.35,6182752
2021-06-14 09:54:17,206.45,6182911
2021-06-14 09:54:18,206.35,6182927
2021-06-14 09:54:19,206.45,6183103
2021-06-14 09:54:20,206.45,6183408
2021-06-14 09:54:21,206.35,6183483
2021-06-14 09:54:22,206.4,6183633
2021-06-14 09:54:23,206.35,6185838
2021-06-14 09:54:24,206.4,6187601
2021-06-14 09:54:25,206.35,6187668
2021-06-14 09:54:27,206.35,6193979
2021-06-14 09:54:28,206.3,6194014
2021-06-14 09:54:28,206.3,6194016
2021-06-14 09:54:29,206.4,6194987
2021-06-14 09:54:30,206.3,6196376
2021-06-14 09:54:32,206.4,6197145
2021-06-14 09:54:32,206.4,6197435
2021-06-14 09:54:34,206.45,6199030
2021-06-14 09:54:35,206.4,6199249
2021-06-14 09:54:36,206.35,6199590
2021-06-14 09:54:37,206.35,6200723
2021-06-14 09:54:39,206.4,6202916
2021-06-14 09:54:40,206.4,6203160
2021-06-14 09:54:41,206.35,6203562
2021-06-14 09:54:42,206.35,6203697
2021-06-14 09:54:43,206.4,6203698
2021-06-14 09:54:45,206.4,6208091
2021-06-14 09:54:46,206.3,6208847
2021-06-14 09:54:48,206.3,6214312
2021-06-14 09:54:48,206.3,6214542
2021-06-14 09:54:50,206.3,6216758
2021-06-14 09:54:51,206.3,6217461
2021-06-14 09:54:52,206.3,6217531
2021-06-14 09:54:53,206.3,6219378
2021-06-14 09:54:54,206.35,6220938
2021-06-14 09:54:55,206.25,6221058
2021-06-14 09:54:56,206.3,6221341
2021-06-14 09:54:57,206.3,6221341
2021-06-14 09:54:58,206.3,6221936
2021-06-14 09:54:59,206.3,6222364
2021-06-14 09:55:00,206.35,6227517
2021-06-14 09:55:00,206.35,6227517
2021-06-14 09:55:02,206.3,6228202
2021-06-14 09:55:03,206.3,6228349
2021-06-14 09:55:04,206.3,6228711
2021-06-14 09:55:05,206.25,6229495
2021-06-14 09:55:06,206.4,6230202
2021-06-14 09:55:07,206.25,6230275
2021-06-14 09:55:08,206.3,6230302
2021-06-14 09:55:09,206.4,6230316
2021-06-14 09:55:10,206.4,6230536
2021-06-14 09:55:11,206.4,6230687
2021-06-14 09:55:12,206.3,6230707
2021-06-14 09:55:13,206.4,6230727
2021-06-14 09:55:14,206.4,6231332
2021-06-14 09:55:15,206.35,6231491
2021-06-14 09:55:16,206.35,6231658
2021-06-14 09:55:17,206.4,6233180
2021-06-14 09:55:18,206.3,6234122
2021-06-14 09:55:20,206.35,6244374
2021-06-14 09:55:21,206.35,6244669
2021-06-14 09:55:23,206.3,6245294
2021-06-14 09:55:24,206.15,6246420
2021-06-14 09:55:25,206.3,6246424
2021-06-14 09:55:25,206.15,6249924
2021-06-14 09:55:26,206.3,6250614
2021-06-14 09:55:29,206.15,6252576
2021-06-14 09:55:30,206.3,6252846
2021-06-14 09:55:31,206.3,6252949
2021-06-14 09:55:32,206.3,6253108
2021-06-14 09:55:33,206.3,6253108
2021-06-14 09:55:34,206.3,6253670
2021-06-14 09:55:35,206.3,6253869
2021-06-14 09:55:36,206.3,6254147
2021-06-14 09:55:37,206.2,6254177
2021-06-14 09:55:38,206.3,6254183
2021-06-14 09:55:39,206.25,6257711
2021-06-14 09:55:40,206.3,6257823
2021-06-14 09:55:41,206.2,6259063
2021-06-14 09:55:42,206.2,6259325
2021-06-14 09:55:43,206.25,6260431
2021-06-14 09:55:44,206.35,6265765
2021-06-14 09:55:45,206.35,6265858
2021-06-14 09:55:46,206.35,6266037
2021-06-14 09:55:47,206.2,6266294
2021-06-14 09:55:48,206.2,6266722
2021-06-14 09:55:49,206.25,6270382
2021-06-14 09:55:50,206.25,6270792
2021-06-14 09:55:51,206.25,6271111
2021-06-14 09:55:52,206.3,6272524
2021-06-14 09:55:53,206.15,6272653
2021-06-14 09:55:54,206.15,6273471
2021-06-14 09:55:55,206.15,6277468
2021-06-14 09:55:56,206.2,6278302
2021-06-14 09:55:57,206.2,6278612
2021-06-14 09:55:58,206.2,6278698
2021-06-14 09:55:59,206.15,6278748
2021-06-14 09:56:00,206.2,6279800
2021-06-14 09:56:01,206.25,6280841
2021-06-14 09:56:01,206.25,6280841
2021-06-14 09:56:03,206.2,6281300
2021-06-14 09:56:04,206.2,6281460
2021-06-14 09:56:04,206.2,6281613
2021-06-14 09:56:06,206.2,6281745
2021-06-14 09:56:07,206.15,6286518
2021-06-14 09:56:07,206.15,6286518
2021-06-14 09:56:09,206.2,6286838
2021-06-14 09:56:10,206.2,6287095
2021-06-14 09:56:11,206.2,6287315
2021-06-14 09:56:12,206.2,6287515
2021-06-14 09:56:13,206.15,6287622
2021-06-14 09:56:14,206.25,6287797
2021-06-14 09:56:15,206.25,6287802
2021-06-14 09:56:16,206.2,6287887
2021-06-14 09:56:17,206.25,6287923
2021-06-14 09:56:17,206.25,6287923
2021-06-14 09:56:19,206.25,6288056
2021-06-14 09:56:20,206.2,6289709
2021-06-14 09:56:22,206.25,6292936
2021-06-14 09:56:25,206.25,6296435
2021-06-14 09:56:25,206.35,6296460
2021-06-14 09:56:26,206.25,6296972
2021-06-14 09:56:27,206.25,6297030
2021-06-14 09:56:29,206.35,6297709
2021-06-14 09:56:30,206.35,6297778
2021-06-14 09:56:31,206.35,6298928
2021-06-14 09:56:32,206.25,6298931
2021-06-14 09:56:33,206.3,6300690
2021-06-14 09:56:34,206.25,6300740
2021-06-14 09:56:35,206.35,6301390
2021-06-14 09:56:36,206.35,6301890
2021-06-14 09:56:36,206.35,6301925
2021-06-14 09:56:37,206.35,6301975
2021-06-14 09:56:38,206.35,6303060
2021-06-14 09:56:40,206.35,6304031
2021-06-14 09:56:41,206.4,6304196
2021-06-14 09:56:42,206.45,6316013
2021-06-14 09:56:43,206.45,6316319
2021-06-14 09:56:44,206.35,6316323
2021-06-14 09:56:45,206.45,6319081
2021-06-14 09:56:46,206.3,6319102
2021-06-14 09:56:47,206.45,6320814
2021-06-14 09:56:48,206.45,6330345
2021-06-14 09:56:49,206.5,6330368
2021-06-14 09:56:50,206.5,6330870
2021-06-14 09:56:51,206.45,6330920
2021-06-14 09:56:52,206.5,6331201
2021-06-14 09:56:53,206.5,6345029
2021-06-14 09:56:54,206.5,6345474
2021-06-14 09:56:55,206.4,6348944
2021-06-14 09:56:56,206.4,6349075
2021-06-14 09:56:57,206.4,6349292
2021-06-14 09:56:58,206.3,6349433
2021-06-14 09:56:59,206.3,6351241
2021-06-14 09:57:00,206.4,6352436
2021-06-14 09:57:01,206.4,6353111
2021-06-14 09:57:02,206.4,6353142
2021-06-14 09:57:03,206.3,6357725
2021-06-14 09:57:04,206.4,6357981
2021-06-14 09:57:05,206.4,6358166
2021-06-14 09:57:06,206.45,6358276
2021-06-14 09:57:07,206.3,6358602
2021-06-14 09:57:09,206.35,6358958
2021-06-14 09:57:10,206.3,6362376
2021-06-14 09:57:11,206.4,6363137
2021-06-14 09:57:12,206.4,6363493
2021-06-14 09:57:13,206.3,6363625
2021-06-14 09:57:14,206.3,6365169
2021-06-14 09:57:15,206.4,6365321
2021-06-14 09:57:16,206.4,6365823
2021-06-14 09:57:17,206.35,6365976
2021-06-14 09:57:18,206.4,6366820
2021-06-14 09:57:19,206.4,6366829
2021-06-14 09:57:20,206.35,6366908
2021-06-14 09:57:21,206.3,6367437
2021-06-14 09:57:22,206.45,6368677
2021-06-14 09:57:23,206.4,6368682
2021-06-14 09:57:24,206.5,6377040
2021-06-14 09:57:25,206.4,6378246
2021-06-14 09:57:26,206.3,6379509
2021-06-14 09:57:27,206.3,6379509
2021-06-14 09:57:28,206.35,6380349
2021-06-14 09:57:29,206.3,6381862
2021-06-14 09:57:30,206.4,6382493
2021-06-14 09:57:32,206.4,6382889
2021-06-14 09:57:31,206.4,6382884
2021-06-14 09:57:33,206.4,6382904
2021-06-14 09:57:34,206.4,6383251
2021-06-14 09:57:36,206.45,6387165
2021-06-14 09:57:35,206.45,6386678
2021-06-14 09:57:37,206.4,6387331
2021-06-14 09:57:38,206.35,6387467
2021-06-14 09:57:39,206.35,6387985
2021-06-14 09:57:40,206.3,6388240
2021-06-14 09:57:41,206.35,6390502
2021-06-14 09:57:42,206.4,6390601
2021-06-14 09:57:43,206.4,6390722
2021-06-14 09:57:44,206.4,6390742
2021-06-14 09:57:45,206.35,6390940
2021-06-14 09:57:46,206.4,6391027
2021-06-14 09:57:47,206.35,6391317
2021-06-14 09:57:48,206.4,6391318
2021-06-14 09:57:49,206.4,6391428
2021-06-14 09:57:51,206.35,6394711
2021-06-14 09:57:52,206.4,6395731
2021-06-14 09:57:53,206.4,6395826
2021-06-14 09:57:54,206.35,6396138
2021-06-14 09:57:55,206.45,6398623
2021-06-14 09:57:56,206.45,6398710
2021-06-14 09:57:57,206.35,6398850
2021-06-14 09:57:58,206.35,6399456
2021-06-14 09:57:59,206.35,6401488
2021-06-14 09:58:01,206.35,6402334
2021-06-14 09:58:00,206.45,6402175
2021-06-14 09:58:02,206.35,6402356
2021-06-14 09:58:03,206.4,6402850
2021-06-14 09:58:04,206.35,6403550
2021-06-14 09:58:05,206.3,6404512
2021-06-14 09:58:06,206.4,6404817
2021-06-14 09:58:07,206.4,6404861
2021-06-14 09:58:09,206.4,6404894
2021-06-14 09:58:10,206.3,6409114
2021-06-14 09:58:11,206.45,6409389
2021-06-14 09:58:12,206.45,6409656
2021-06-14 09:58:13,206.45,6409682
2021-06-14 09:58:14,206.45,6409867
2021-06-14 09:58:15,206.45,6409952
2021-06-14 09:58:16,206.45,6410366
2021-06-14 09:58:17,206.45,6412606
2021-06-14 09:58:18,206.45,6412781
2021-06-14 09:58:19,206.4,6412797
2021-06-14 09:58:20,206.4,6413438
2021-06-14 09:58:21,206.4,6413543
2021-06-14 09:58:22,206.4,6413911
2021-06-14 09:58:23,206.4,6414124
2021-06-14 09:58:24,206.5,6419398
2021-06-14 09:58:25,206.5,6419419
2021-06-14 09:58:26,206.5,6419816
2021-06-14 09:58:27,206.4,6419993
2021-06-14 09:58:29,206.45,6420100
2021-06-14 09:58:28,206.45,6420100
2021-06-14 09:58:30,206.45,6421237
2021-06-14 09:58:31,206.45,6421262
2021-06-14 09:58:33,206.5,6423950
2021-06-14 09:58:32,206.5,6423780
2021-06-14 09:58:34,206.5,6424052
2021-06-14 09:58:35,206.5,6430799
2021-06-14 09:58:36,206.45,6480413
2021-06-14 09:58:37,206.45,6482548
2021-06-14 09:58:38,206.5,6482588
2021-06-14 09:58:39,206.5,6482809
2021-06-14 09:58:41,206.4,6488897
2021-06-14 09:58:42,206.4,6489020
2021-06-14 09:58:43,206.4,6490946
2021-06-14 09:58:44,206.4,6491196
2021-06-14 09:58:45,206.4,6491836
2021-06-14 09:58:46,206.4,6492043
2021-06-14 09:58:47,206.4,6492184
2021-06-14 09:58:48,206.4,6492215
2021-06-14 09:58:49,206.4,6492612
2021-06-14 09:58:51,206.4,6493687
2021-06-14 09:58:52,206.4,6493969
2021-06-14 09:58:53,206.45,6496693
2021-06-14 09:58:55,206.45,6497088
2021-06-14 09:58:56,206.45,6498750
2021-06-14 09:58:57,206.45,6499078
2021-06-14 09:58:58,206.45,6499110
2021-06-14 09:59:01,206.45,6503452
2021-06-14 09:59:02,206.45,6503789
2021-06-14 09:59:03,206.45,6503845
2021-06-14 09:59:04,206.4,6504131
2021-06-14 09:59:05,206.45,6504435
2021-06-14 09:59:06,206.4,6504651
2021-06-14 09:59:07,206.4,6504851
2021-06-14 09:59:08,206.45,6506587
2021-06-14 09:59:09,206.4,6507389
2021-06-14 09:59:11,206.45,6508765
2021-06-14 09:59:11,206.45,6508765
2021-06-14 09:59:13,206.45,6509579
2021-06-14 09:59:13,206.45,6509579
2021-06-14 09:59:14,206.45,6509740
2021-06-14 09:59:15,206.4,6509840
2021-06-14 09:59:16,206.4,6510448
2021-06-14 09:59:17,206.4,6513914
2021-06-14 09:59:18,206.4,6514094
2021-06-14 09:59:19,206.45,6514206
2021-06-14 09:59:20,206.45,6514501
2021-06-14 09:59:21,206.4,6514648
2021-06-14 09:59:22,206.45,6518215
2021-06-14 09:59:23,206.5,6518242
2021-06-14 09:59:24,206.5,6518271
2021-06-14 09:59:26,206.45,6518274
2021-06-14 09:59:26,206.4,6518974
2021-06-14 09:59:27,206.5,6519039
2021-06-14 09:59:28,206.5,6519046
2021-06-14 09:59:29,206.45,6519967
2021-06-14 09:59:30,206.5,6521494
2021-06-14 09:59:31,206.5,6521652
2021-06-14 09:59:32,206.45,6521718
2021-06-14 09:59:34,206.5,6522282
2021-06-14 09:59:33,206.5,6522266
2021-06-14 09:59:35,206.5,6524135
2021-06-14 09:59:36,206.55,6524589
2021-06-14 09:59:37,206.5,6525007
2021-06-14 09:59:38,206.5,6525073
2021-06-14 09:59:39,206.5,6525408
2021-06-14 09:59:40,206.55,6526420
2021-06-14 09:59:41,206.5,6526570
2021-06-14 09:59:42,206.5,6527596
2021-06-14 09:59:43,206.55,6528110
2021-06-14 09:59:44,206.55,6528259
2021-06-14 09:59:45,206.55,6529971
2021-06-14 09:59:46,206.55,6530381
2021-06-14 09:59:47,206.55,6530482
2021-06-14 09:59:48,206.45,6534707
2021-06-14 09:59:50,206.45,6535448
2021-06-14 09:59:50,206.5,6535957
2021-06-14 09:59:52,206.4,6537523
2021-06-14 09:59:52,206.5,6537650
2021-06-14 09:59:55,206.5,6539130
2021-06-14 09:59:55,206.5,6539158
2021-06-14 09:59:58,206.6,6541702
2021-06-14 09:59:59,206.55,6541722
2021-06-14 10:00:00,206.55,6542230
2021-06-14 10:00:01,206.55,6542353
2021-06-14 10:00:02,206.5,6544362
2021-06-14 10:00:03,206.5,6544558
2021-06-14 10:00:04,206.5,6544629
2021-06-14 10:00:05,206.4,6547737
2021-06-14 10:00:06,206.45,6547909
2021-06-14 10:00:07,206.5,6548429
2021-06-14 10:00:08,206.5,6548522
2021-06-14 10:00:10,206.5,6550774
2021-06-14 10:00:10,206.5,6550774
2021-06-14 10:00:11,206.5,6550826
2021-06-14 10:00:14,206.5,6551151
2021-06-14 10:00:15,206.5,6553054
2021-06-14 10:00:16,206.5,6555315
2021-06-14 10:00:17,206.55,6555412
2021-06-14 10:00:18,206.55,6555426
2021-06-14 10:00:19,206.5,6555531
2021-06-14 10:00:21,206.5,6557167
2021-06-14 10:00:22,206.6,6557194
2021-06-14 10:00:23,206.6,6557197
2021-06-14 10:00:24,206.55,6558217
2021-06-14 10:00:25,206.55,6558242
2021-06-14 10:00:27,206.55,6559925
2021-06-14 10:00:28,206.55,6560268
2021-06-14 10:00:30,206.6,6560818
2021-06-14 10:00:31,206.6,6561570
2021-06-14 10:00:31,206.55,6561556
2021-06-14 10:00:33,206.55,6561820
2021-06-14 10:00:34,206.6,6561876
2021-06-14 10:00:34,206.6,6562076
2021-06-14 10:00:35,206.55,6563151
2021-06-14 10:00:36,206.6,6565359
2021-06-14 10:00:37,206.6,6565541
2021-06-14 10:00:38,206.6,6566156
2021-06-14 10:00:39,206.6,6566185
2021-06-14 10:00:40,206.6,6566460
2021-06-14 10:00:41,206.6,6568233
2021-06-14 10:00:43,206.6,6574562
2021-06-14 10:00:43,206.5,6574642
2021-06-14 10:00:44,206.6,6574928
2021-06-14 10:00:45,206.5,6575160
2021-06-14 10:00:46,206.5,6575365
2021-06-14 10:00:47,206.55,6575698
2021-06-14 10:00:48,206.6,6580792
2021-06-14 10:00:49,206.6,6580873
2021-06-14 10:00:50,206.6,6580939
2021-06-14 10:00:51,206.55,6581423
2021-06-14 10:00:52,206.6,6581507
2021-06-14 10:00:53,206.55,6582174
2021-06-14 10:00:54,206.6,6582286
2021-06-14 10:00:55,206.55,6582378
2021-06-14 10:00:58,206.55,6585650
2021-06-14 10:00:59,206.55,6587254
2021-06-14 10:01:00,206.6,6588134
2021-06-14 10:01:01,206.5,6588216
2021-06-14 10:01:03,206.6,6588520
2021-06-14 10:01:03,206.55,6588820
2021-06-14 10:01:04,206.6,6589880
2021-06-14 10:01:05,206.6,6589885
2021-06-14 10:01:06,206.6,6590102
2021-06-14 10:01:07,206.5,6591306
2021-06-14 10:01:08,206.6,6592861
2021-06-14 10:01:09,206.6,6592934
2021-06-14 10:01:10,206.55,6593797
2021-06-14 10:01:11,206.6,6593803
2021-06-14 10:01:12,206.6,6593860
2021-06-14 10:01:13,206.6,6594045
2021-06-14 10:01:15,206.6,6595244
2021-06-14 10:01:16,206.6,6596356
2021-06-14 10:01:17,206.6,6596808
2021-06-14 10:01:18,206.6,6596958
2021-06-14 10:01:19,206.6,6597357
2021-06-14 10:01:21,206.55,6599513
2021-06-14 10:01:22,206.6,6600381
2021-06-14 10:01:22,206.6,6600399
2021-06-14 10:01:23,206.6,6600778
2021-06-14 10:01:24,206.6,6605981
2021-06-14 10:01:25,206.6,6606044
2021-06-14 10:01:26,206.55,6607180
2021-06-14 10:01:27,206.55,6608024
2021-06-14 10:01:28,206.55,6608099
2021-06-14 10:01:29,206.5,6609164
2021-06-14 10:01:30,206.55,6609287
2021-06-14 10:01:32,206.55,6610725
2021-06-14 10:01:33,206.55,6610988
2021-06-14 10:01:34,206.55,6611539
2021-06-14 10:01:35,206.6,6614160
2021-06-14 10:01:35,206.5,6614155
2021-06-14 10:01:36,206.6,6614217
2021-06-14 10:01:37,206.6,6615419
2021-06-14 10:01:39,206.6,6616780
2021-06-14 10:01:40,206.6,6616862
2021-06-14 10:01:41,206.6,6616981
2021-06-14 10:01:42,206.6,6617052
2021-06-14 10:01:42,206.6,6617052
2021-06-14 10:01:43,206.6,6617846
2021-06-14 10:01:45,206.6,6618123
2021-06-14 10:01:46,206.55,6618697
2021-06-14 10:01:46,206.55,6618697
2021-06-14 10:01:47,206.6,6619982
2021-06-14 10:01:48,206.55,6620393
2021-06-14 10:01:50,206.6,6630357
2021-06-14 10:01:51,206.55,6632827
2021-06-14 10:01:54,206.55,6634146
2021-06-14 10:01:55,206.6,6634384
2021-06-14 10:01:57,206.6,6634561
2021-06-14 10:01:57,206.6,6634561
2021-06-14 10:01:59,206.55,6635649
2021-06-14 10:02:00,206.6,6637266
2021-06-14 10:02:00,206.6,6637827
2021-06-14 10:02:02,206.5,6638529
2021-06-14 10:02:03,206.6,6638679
2021-06-14 10:02:04,206.6,6639144
2021-06-14 10:02:05,206.6,6639164
2021-06-14 10:02:06,206.6,6639404
2021-06-14 10:02:07,206.6,6639573
2021-06-14 10:02:08,206.6,6641378
2021-06-14 10:02:09,206.6,6642463
2021-06-14 10:02:10,206.5,6670722
2021-06-14 10:02:11,206.45,6670807
2021-06-14 10:02:12,206.4,6672084
2021-06-14 10:02:13,206.45,6672144
2021-06-14 10:02:16,206.5,6673888
2021-06-14 10:02:17,206.5,6674186
2021-06-14 10:02:18,206.5,6674256
2021-06-14 10:02:19,206.4,6674677
2021-06-14 10:02:20,206.45,6674699
2021-06-14 10:02:21,206.45,6674910
2021-06-14 10:02:22,206.45,6675425
2021-06-14 10:02:23,206.45,6675827
2021-06-14 10:02:24,206.5,6675948
2021-06-14 10:02:25,206.4,6676471
2021-06-14 10:02:26,206.5,6678057
2021-06-14 10:02:28,206.5,6678135
2021-06-14 10:02:29,206.5,6678168
2021-06-14 10:02:30,206.5,6678284
2021-06-14 10:02:31,206.55,6678508
2021-06-14 10:02:34,206.55,6679121
2021-06-14 10:02:35,206.55,6679357
2021-06-14 10:02:36,206.4,6683631
2021-06-14 10:02:37,206.55,6683976
2021-06-14 10:02:39,206.55,6685625
2021-06-14 10:02:40,206.55,6685775
2021-06-14 10:02:41,206.55,6689200
2021-06-14 10:02:42,206.55,6690369
2021-06-14 10:02:43,206.55,6690369
2021-06-14 10:02:44,206.4,6690590
2021-06-14 10:02:45,206.5,6690726
2021-06-14 10:02:46,206.5,6690729
2021-06-14 10:02:47,206.5,6690837
2021-06-14 10:02:48,206.5,6690882
2021-06-14 10:02:49,206.4,6691415
2021-06-14 10:02:49,206.4,6691564
2021-06-14 10:02:50,206.5,6692190
2021-06-14 10:02:52,206.45,6692907
2021-06-14 10:02:53,206.4,6693868
2021-06-14 10:02:54,206.45,6693921
2021-06-14 10:02:54,206.45,6694931
2021-06-14 10:02:55,206.5,6696542
2021-06-14 10:02:56,206.5,6696549
2021-06-14 10:02:57,206.5,6696584
2021-06-14 10:02:58,206.4,6699289
2021-06-14 10:02:59,206.5,6699424
2021-06-14 10:03:00,206.55,6699447
2021-06-14 10:03:01,206.5,6703517
2021-06-14 10:03:02,206.5,6703534
2021-06-14 10:03:03,206.45,6703561
2021-06-14 10:03:04,206.5,6705308
2021-06-14 10:03:05,206.5,6705421
2021-06-14 10:03:06,206.5,6706506
2021-06-14 10:03:07,206.55,6707106
2021-06-14 10:03:08,206.5,6707513
2021-06-14 10:03:09,206.55,6712525
2021-06-14 10:03:10,206.45,6714527
2021-06-14 10:03:12,206.55,6714544
2021-06-14 10:03:14,206.55,6714544
2021-06-14 10:03:15,206.55,6714704
2021-06-14 10:03:17,206.5,6716452
2021-06-14 10:03:17,206.55,6716477
2021-06-14 10:03:18,206.55,6716477
2021-06-14 10:03:20,206.55,6718906
2021-06-14 10:03:21,206.55,6719160
2021-06-14 10:03:24,206.55,6724369
2021-06-14 10:03:25,206.55,6724920
2021-06-14 10:03:27,206.55,6725671
2021-06-14 10:03:28,206.5,6727906
2021-06-14 10:03:29,206.55,6728026
2021-06-14 10:03:30,206.55,6728269
2021-06-14 10:03:31,206.55,6729770
2021-06-14 10:03:31,206.55,6729659
2021-06-14 10:03:33,206.5,6731008
2021-06-14 10:03:34,206.5,6731015
2021-06-14 10:03:35,206.45,6731629
2021-06-14 10:03:36,206.55,6731880
2021-06-14 10:03:37,206.55,6731930
2021-06-14 10:03:38,206.55,6732010
2021-06-14 10:03:39,206.55,6732123
2021-06-14 10:03:39,206.55,6732110
2021-06-14 10:03:40,206.55,6732328
2021-06-14 10:03:42,206.6,6733199
2021-06-14 10:03:42,206.6,6733198
2021-06-14 10:03:43,206.5,6733251
2021-06-14 10:03:44,206.5,6733623
2021-06-14 10:03:45,206.5,6733665
2021-06-14 10:03:48,206.45,6734978
2021-06-14 10:03:49,206.55,6735227
2021-06-14 10:03:50,206.55,6735340
2021-06-14 10:03:50,206.5,6735360
2021-06-14 10:03:51,206.55,6735479
2021-06-14 10:03:53,206.55,6735505
2021-06-14 10:03:54,206.55,6735518
2021-06-14 10:03:55,206.55,6735714
2021-06-14 10:03:56,206.55,6737716
2021-06-14 10:03:57,206.55,6739821
2021-06-14 10:03:58,206.6,6740201
2021-06-14 10:03:59,206.6,6740810
2021-06-14 10:04:01,206.45,6741510
2021-06-14 10:04:02,206.55,6741513
2021-06-14 10:04:03,206.5,6744513
2021-06-14 10:04:04,206.6,6745533
2021-06-14 10:04:05,206.6,6745934
2021-06-14 10:04:06,206.6,6746043
2021-06-14 10:04:07,206.55,6746230
2021-06-14 10:04:08,206.6,6746505
2021-06-14 10:04:09,206.55,6747054
2021-06-14 10:04:10,206.55,6747806
2021-06-14 10:04:10,206.6,6765811
2021-06-14 10:04:12,206.65,6767116
2021-06-14 10:04:13,206.55,6767165
2021-06-14 10:04:14,206.6,6769604
2021-06-14 10:04:15,206.5,6769874
2021-06-14 10:04:16,206.55,6770075
2021-06-14 10:04:16,206.6,6769975
2021-06-14 10:04:17,206.6,6770323
2021-06-14 10:04:19,206.6,6771838
2021-06-14 10:04:21,206.55,6771950
2021-06-14 10:04:22,206.55,6772044
2021-06-14 10:04:23,206.5,6774041
2021-06-14 10:04:24,206.55,6774064
2021-06-14 10:04:25,206.6,6774234
2021-06-14 10:04:26,206.55,6774284
2021-06-14 10:04:26,206.55,6775983
2021-06-14 10:04:27,206.55,6777186
2021-06-14 10:04:29,206.5,6778174
2021-06-14 10:04:29,206.55,6778194
2021-06-14 10:04:30,206.6,6778403
2021-06-14 10:04:31,206.6,6778460
2021-06-14 10:04:33,206.55,6779037
2021-06-14 10:04:35,206.55,6781782
2021-06-14 10:04:36,206.55,6782167
2021-06-14 10:04:37,206.6,6782280
2021-06-14 10:04:38,206.6,6782380
2021-06-14 10:04:38,206.6,6782380
2021-06-14 10:04:39,206.5,6782705
2021-06-14 10:04:40,206.55,6782731
2021-06-14 10:04:41,206.5,6783088
2021-06-14 10:04:42,206.55,6783229
2021-06-14 10:04:43,206.55,6783235
2021-06-14 10:04:44,206.55,6783346
2021-06-14 10:04:45,206.55,6783371
2021-06-14 10:04:46,206.55,6783666
2021-06-14 10:04:47,206.55,6783776
2021-06-14 10:04:48,206.55,6784808
2021-06-14 10:04:50,206.5,6786454
2021-06-14 10:04:51,206.55,6786582
2021-06-14 10:04:53,206.55,6787478
2021-06-14 10:04:54,206.55,6787537
2021-06-14 10:04:55,206.55,6787966
2021-06-14 10:04:56,206.55,6788283
2021-06-14 10:04:57,206.6,6788740
2021-06-14 10:04:58,206.6,6789321
2021-06-14 10:04:59,206.6,6794371
2021-06-14 10:05:00,206.5,6794377
2021-06-14 10:05:01,206.6,6794425
2021-06-14 10:05:02,206.6,6796214
2021-06-14 10:05:03,206.55,6796296
2021-06-14 10:05:04,206.6,6796396
2021-06-14 10:05:05,206.6,6796491
2021-06-14 10:05:06,206.6,6796501
2021-06-14 10:05:07,206.65,6797140
2021-06-14 10:05:08,206.65,6797142
2021-06-14 10:05:09,206.65,6798844
2021-06-14 10:05:09,206.65,6799400
2021-06-14 10:05:10,206.6,6804308
2021-06-14 10:05:12,206.6,6804309
2021-06-14 10:05:13,206.6,6804402
2021-06-14 10:05:14,206.6,6804854
2021-06-14 10:05:15,206.6,6806865
2021-06-14 10:05:16,206.6,6807004
2021-06-14 10:05:17,206.6,6807084
2021-06-14 10:05:18,206.6,6807244
2021-06-14 10:05:18,206.6,6807349
2021-06-14 10:05:19,206.6,6807375
2021-06-14 10:05:21,206.6,6807917
2021-06-14 10:05:22,206.6,6808136
2021-06-14 10:05:23,206.6,6808200
2021-06-14 10:05:24,206.65,6808920
2021-06-14 10:05:25,206.55,6809056
2021-06-14 10:05:26,206.6,6809182
2021-06-14 10:05:27,206.65,6809663
2021-06-14 10:05:29,206.5,6816669
2021-06-14 10:05:31,206.55,6816835
2021-06-14 10:05:32,206.6,6817269
2021-06-14 10:05:32,206.6,6817559
2021-06-14 10:05:33,206.6,6817609
2021-06-14 10:05:34,206.6,6817961
2021-06-14 10:05:35,206.65,6818136
2021-06-14 10:05:37,206.55,6818267
2021-06-14 10:05:38,206.6,6818678
2021-06-14 10:05:39,206.6,6818833
2021-06-14 10:05:40,206.65,6819078
2021-06-14 10:05:41,206.6,6820205
2021-06-14 10:05:41,206.6,6820205
2021-06-14 10:05:43,206.6,6820207
2021-06-14 10:05:44,206.55,6822044
2021-06-14 10:05:44,206.65,6822273
2021-06-14 10:05:45,206.65,6822575
2021-06-14 10:05:47,206.65,6822677
2021-06-14 10:05:48,206.6,6822687
2021-06-14 10:05:49,206.65,6822959
2021-06-14 10:05:50,206.65,6822989
2021-06-14 10:05:51,206.65,6823442
2021-06-14 10:05:52,206.65,6823602
2021-06-14 10:05:53,206.6,6823722
2021-06-14 10:05:54,206.6,6824822
2021-06-14 10:05:55,206.6,6825078
2021-06-14 10:05:56,206.65,6826073
2021-06-14 10:05:57,206.65,6826073
2021-06-14 10:05:58,206.65,6826136
2021-06-14 10:05:59,206.55,6827048
2021-06-14 10:06:00,206.65,6827250
2021-06-14 10:06:02,206.65,6827344
2021-06-14 10:06:03,206.65,6828344
2021-06-14 10:06:04,206.65,6828612
2021-06-14 10:06:05,206.6,6828686
2021-06-14 10:06:06,206.65,6828706
2021-06-14 10:06:07,206.6,6830635
2021-06-14 10:06:08,206.65,6831010
2021-06-14 10:06:10,206.65,6831104
2021-06-14 10:06:11,206.5,6834556
2021-06-14 10:06:12,206.5,6834916
2021-06-14 10:06:13,206.6,6835124
2021-06-14 10:06:14,206.6,6835137
2021-06-14 10:06:15,206.55,6835313
2021-06-14 10:06:16,206.6,6836746
2021-06-14 10:06:17,206.6,6836947
2021-06-14 10:06:18,206.6,6837659
2021-06-14 10:06:19,206.6,6837876
2021-06-14 10:06:20,206.6,6838982
2021-06-14 10:06:21,206.6,6840859
2021-06-14 10:06:22,206.6,6841179
2021-06-14 10:06:23,206.6,6841310
2021-06-14 10:06:24,206.5,6842366
2021-06-14 10:06:25,206.6,6842468
2021-06-14 10:06:26,206.55,6842666
2021-06-14 10:06:27,206.6,6842818
2021-06-14 10:06:27,206.55,6842903
2021-06-14 10:06:28,206.6,6843008
2021-06-14 10:06:30,206.65,6845694
2021-06-14 10:06:31,206.65,6846273
2021-06-14 10:06:32,206.65,6846296
2021-06-14 10:06:34,206.5,6847054
2021-06-14 10:06:35,206.6,6848413
2021-06-14 10:06:36,206.5,6848738
2021-06-14 10:06:37,206.55,6848753
2021-06-14 10:06:38,206.55,6849274
2021-06-14 10:06:39,206.6,6849275
2021-06-14 10:06:40,206.6,6849354
2021-06-14 10:06:41,206.65,6849436
2021-06-14 10:06:42,206.65,6849499
2021-06-14 10:06:43,206.6,6849517
2021-06-14 10:06:44,206.55,6849683
2021-06-14 10:06:45,206.6,6850183
2021-06-14 10:06:46,206.55,6850439
2021-06-14 10:06:47,206.6,6852078
2021-06-14 10:06:48,206.6,6853360
2021-06-14 10:06:48,206.6,6853410
2021-06-14 10:06:50,206.6,6853585
2021-06-14 10:06:51,206.6,6853685
2021-06-14 10:06:53,206.6,6854660
2021-06-14 10:06:54,206.6,6856751
2021-06-14 10:06:55,206.65,6857110
2021-06-14 10:06:56,206.65,6860310
2021-06-14 10:06:57,206.65,6860608
2021-06-14 10:06:58,206.65,6860690
2021-06-14 10:06:59,206.6,6862445
2021-06-14 10:07:00,206.65,6862447
2021-06-14 10:07:01,206.65,6866012
2021-06-14 10:07:02,206.65,6866089
2021-06-14 10:07:03,206.65,6866123
2021-06-14 10:07:04,206.6,6867260
2021-06-14 10:07:05,206.6,6867661
2021-06-14 10:07:05,206.6,6867682
2021-06-14 10:07:08,206.65,6872107
2021-06-14 10:07:09,206.65,6872417
2021-06-14 10:07:10,206.55,6872577
2021-06-14 10:07:11,206.65,6872630
2021-06-14 10:07:12,206.6,6873368
2021-06-14 10:07:12,206.6,6873373
2021-06-14 10:07:13,206.55,6873375
2021-06-14 10:07:15,206.6,6875671
2021-06-14 10:07:16,206.5,6880672
2021-06-14 10:07:17,206.6,6880786
2021-06-14 10:07:18,206.6,6880836
2021-06-14 10:07:19,206.6,6880856
2021-06-14 10:07:20,206.55,6882901
2021-06-14 10:07:21,206.5,6882964
2021-06-14 10:07:22,206.6,6883484
2021-06-14 10:07:23,206.5,6883547
2021-06-14 10:07:24,206.5,6883547
2021-06-14 10:07:25,206.55,6885302
2021-06-14 10:07:26,206.55,6886870
2021-06-14 10:07:27,206.6,6886895
2021-06-14 10:07:28,206.6,6886901
2021-06-14 10:07:29,206.6,6887001
2021-06-14 10:07:30,206.6,6887378
2021-06-14 10:07:31,206.6,6887433
2021-06-14 10:07:32,206.6,6887445
2021-06-14 10:07:33,206.6,6887503
2021-06-14 10:07:34,206.6,6887580
2021-06-14 10:07:35,206.6,6887852
2021-06-14 10:07:36,206.6,6887945
2021-06-14 10:07:37,206.65,6888416
2021-06-14 10:07:38,206.6,6888441
2021-06-14 10:07:39,206.65,6890184
2021-06-14 10:07:40,206.65,6890694
2021-06-14 10:07:41,206.6,6893249
2021-06-14 10:07:42,206.55,6893982
2021-06-14 10:07:43,206.6,6894044
2021-06-14 10:07:44,206.6,6894301
2021-06-14 10:07:46,206.6,6894588
2021-06-14 10:07:50,206.55,6895348
2021-06-14 10:07:53,206.55,6897907
2021-06-14 10:07:56,206.55,6898756
2021-06-14 10:07:59,206.55,6901010
2021-06-14 10:08:02,206.55,6904466
2021-06-14 10:08:05,206.6,6906932
2021-06-14 10:08:08,206.6,6907161
2021-06-14 10:08:10,206.45,6911418
2021-06-14 10:08:13,206.55,6914180
2021-06-14 10:08:16,206.6,6915365
2021-06-14 10:08:19,206.55,6915631
2021-06-14 10:08:22,206.5,6916406
2021-06-14 10:08:25,206.5,6917932
2021-06-14 10:08:28,206.5,6918361
2021-06-14 10:08:31,206.5,6918906
2021-06-14 10:08:34,206.5,6921904
2021-06-14 10:08:37,206.45,6922126
2021-06-14 10:08:39,206.5,6922392
2021-06-14 10:08:42,206.5,6926475
2021-06-14 10:08:44,206.4,6933947
2021-06-14 10:08:47,206.55,6935286
2021-06-14 10:08:53,206.55,6935904
2021-06-14 10:08:57,206.5,6938801
2021-06-14 10:09:00,206.55,6952568
2021-06-14 10:09:03,206.55,6955753
2021-06-14 10:09:06,206.55,6957301
2021-06-14 10:09:08,206.5,6964102
2021-06-14 10:09:11,206.6,6964271
2021-06-14 10:09:14,206.55,6964842
2021-06-14 10:09:18,206.55,6966025
2021-06-14 10:09:21,206.6,6967638
2021-06-14 10:09:24,206.6,6969945
2021-06-14 10:09:27,206.6,6970477
2021-06-14 10:09:30,206.6,6970828
2021-06-14 10:09:34,206.6,6982485
2021-06-14 10:09:37,206.65,6984770
2021-06-14 10:09:40,206.65,6989694
2021-06-14 10:09:44,206.65,6993709
2021-06-14 10:09:47,206.65,6994367
2021-06-14 10:09:50,206.65,6997878
2021-06-14 10:09:54,206.65,7008881
2021-06-14 10:09:57,206.7,7021824
2021-06-14 10:10:00,206.65,7023387
2021-06-14 10:10:03,206.65,7025498
2021-06-14 10:10:06,206.65,7026179
2021-06-14 10:10:09,206.65,7026751
2021-06-14 10:10:12,206.6,7027289
2021-06-14 10:10:15,206.6,7029668
2021-06-14 10:10:19,206.7,7030528
2021-06-14 10:10:22,206.75,7058613
2021-06-14 10:10:26,206.75,7059245
2021-06-14 10:10:29,206.7,7063594
2021-06-14 10:10:32,206.75,7088972
2021-06-14 10:10:35,206.7,7133032
2021-06-14 10:10:38,206.7,7134501
2021-06-14 10:10:41,206.7,7137413
2021-06-14 10:10:44,206.75,7139914
2021-06-14 10:10:47,206.65,7140397
2021-06-14 10:10:50,206.75,7140487
2021-06-14 10:10:53,206.75,7142534
2021-06-14 10:10:56,206.75,7145880
2021-06-14 10:10:59,206.75,7147194
2021-06-14 10:11:02,206.75,7147622
2021-06-14 10:11:04,206.75,7147856
2021-06-14 10:11:07,206.75,7149800
2021-06-14 10:11:10,206.75,7150239
2021-06-14 10:11:13,206.7,7158228
2021-06-14 10:11:15,206.75,7158428
2021-06-14 10:11:18,206.75,7159006
2021-06-14 10:11:21,206.7,7159985
2021-06-14 10:11:24,206.7,7161324
2021-06-14 10:11:27,206.7,7162976
2021-06-14 10:11:30,206.75,7168793
2021-06-14 10:11:33,206.7,7171131
2021-06-14 10:11:36,206.7,7174671
2021-06-14 10:11:39,206.7,7175762
2021-06-14 10:11:42,206.75,7180865
2021-06-14 10:11:44,206.65,7181052
2021-06-14 10:11:47,206.65,7182349
2021-06-14 10:11:50,206.75,7183549
2021-06-14 10:11:53,206.6,7184004
2021-06-14 10:11:55,206.7,7184187
2021-06-14 10:11:58,206.7,7184838
2021-06-14 10:12:03,206.7,7190138
2021-06-14 10:12:06,206.7,7190985
2021-06-14 10:12:09,206.7,7191623
2021-06-14 10:12:12,206.6,7194285
2021-06-14 10:12:16,206.7,7196612
2021-06-14 10:12:19,206.7,7197012
2021-06-14 10:12:22,206.65,7204897
2021-06-14 10:12:25,206.7,7205403
2021-06-14 10:12:28,206.65,7207613
2021-06-14 10:12:31,206.7,7208090
2021-06-14 10:12:34,206.7,7214545
2021-06-14 10:12:36,206.75,7216660
2021-06-14 10:12:39,206.7,7219057
2021-06-14 10:12:42,206.75,7219909
2021-06-14 10:12:45,206.75,7223478
2021-06-14 10:12:46,206.75,7223618
2021-06-14 10:12:47,206.7,7223894
2021-06-14 10:12:47,206.7,7223894
2021-06-14 10:12:48,206.7,7224589
2021-06-14 10:12:49,206.7,7224876
2021-06-14 10:12:50,206.75,7224999
2021-06-14 10:12:51,206.7,7225323
2021-06-14 10:12:53,206.75,7226547
2021-06-14 10:12:54,206.65,7226621
2021-06-14 10:12:55,206.7,7226987
2021-06-14 10:12:56,206.75,7227146
2021-06-14 10:12:57,206.75,7227272
2021-06-14 10:12:59,206.7,7227606
2021-06-14 10:13:00,206.7,7227807
2021-06-14 10:13:00,206.7,7227807
2021-06-14 10:13:02,206.7,7228357
2021-06-14 10:13:02,206.7,7228357
2021-06-14 10:13:03,206.7,7228508
2021-06-14 10:13:04,206.75,7230202
2021-06-14 10:13:05,206.75,7230325
2021-06-14 10:13:06,206.75,7230330
2021-06-14 10:13:07,206.75,7230719
2021-06-14 10:13:08,206.75,7231890
2021-06-14 10:13:09,206.75,7231934
2021-06-14 10:13:10,206.75,7232097
2021-06-14 10:13:11,206.75,7232257
2021-06-14 10:13:12,206.65,7237407
2021-06-14 10:13:13,206.65,7237407
2021-06-14 10:13:14,206.75,7237575
2021-06-14 10:13:16,206.75,7237606
2021-06-14 10:13:17,206.7,7238137
2021-06-14 10:13:18,206.7,7239130
2021-06-14 10:13:18,206.75,7239510
2021-06-14 10:13:19,206.75,7240590
2021-06-14 10:13:20,206.75,7240820
2021-06-14 10:13:21,206.75,7244931
2021-06-14 10:13:22,206.75,7245061
2021-06-14 10:13:24,206.75,7245268
2021-06-14 10:13:24,206.75,7245802
2021-06-14 10:13:25,206.75,7245807
2021-06-14 10:13:26,206.75,7246229
2021-06-14 10:13:27,206.7,7246640
2021-06-14 10:13:29,206.75,7246671
2021-06-14 10:13:30,206.75,7248441
2021-06-14 10:13:30,206.75,7249067
2021-06-14 10:13:31,206.75,7249069
2021-06-14 10:13:32,206.75,7249119
2021-06-14 10:13:33,206.75,7249263
2021-06-14 10:13:34,206.75,7249303
2021-06-14 10:13:35,206.7,7249578
2021-06-14 10:13:36,206.75,7249603
2021-06-14 10:13:37,206.75,7249858
2021-06-14 10:13:39,206.7,7250034
2021-06-14 10:13:39,206.75,7250073
2021-06-14 10:13:40,206.75,7250578
2021-06-14 10:13:41,206.75,7250588
2021-06-14 10:13:42,206.75,7250743
2021-06-14 10:13:43,206.7,7252276
2021-06-14 10:13:44,206.75,7252398
2021-06-14 10:13:45,206.75,7252453
2021-06-14 10:13:47,206.8,7254550
2021-06-14 10:13:47,206.8,7254551
2021-06-14 10:13:48,206.8,7254552
2021-06-14 10:13:49,206.8,7254558
2021-06-14 10:13:50,206.8,7254708
2021-06-14 10:13:51,206.8,7254713
2021-06-14 10:13:52,206.75,7254725
2021-06-14 10:13:53,206.8,7254747
2021-06-14 10:13:54,206.8,7255135
2021-06-14 10:13:55,206.8,7255845
2021-06-14 10:13:57,206.8,7257589
2021-06-14 10:13:59,206.8,7258060
2021-06-14 10:14:00,206.8,7258630
2021-06-14 10:14:01,206.75,7259794
2021-06-14 10:14:02,206.8,7260137
2021-06-14 10:14:03,206.75,7260164
2021-06-14 10:14:04,206.8,7260788
2021-06-14 10:14:04,206.8,7260788
2021-06-14 10:14:06,206.8,7261061
2021-06-14 10:14:08,206.75,7261506
2021-06-14 10:14:07,206.75,7261498
2021-06-14 10:14:09,206.75,7262672
2021-06-14 10:14:09,206.8,7263494
2021-06-14 10:14:10,206.8,7263752
2021-06-14 10:14:11,206.8,7264303
2021-06-14 10:14:12,206.8,7264442
2021-06-14 10:14:13,206.8,7264574
2021-06-14 10:14:14,206.8,7265045
2021-06-14 10:14:15,206.8,7265273
2021-06-14 10:14:16,206.8,7265836
2021-06-14 10:14:17,206.75,7266017
2021-06-14 10:14:18,206.75,7266310
2021-06-14 10:14:20,206.75,7266622
2021-06-14 10:14:21,206.75,7266622
2021-06-14 10:14:22,206.75,7268330
2021-06-14 10:14:23,206.8,7268725
2021-06-14 10:14:24,206.75,7268888
2021-06-14 10:14:25,206.7,7273733
