timestamp,ltp,volume
2021-06-14 09:15:40,1501.45,19454
2021-06-14 09:15:41,1504.85,21580
2021-06-14 09:15:42,1503.35,22395
2021-06-14 09:15:43,1502.9,22604
2021-06-14 09:15:45,1502.3,22729
2021-06-14 09:15:46,1503.3,23421
2021-06-14 09:15:45,1503.05,23416
2021-06-14 09:15:49,1503.4,23496
2021-06-14 09:15:48,1503.4,23471
2021-06-14 09:15:50,1503.45,23587
2021-06-14 09:15:51,1502.55,23853
2021-06-14 09:15:52,1502.3,24144
2021-06-14 09:15:53,1502.95,24244
2021-06-14 09:15:54,1502.15,24284
2021-06-14 09:15:55,1503.7,24895
2021-06-14 09:15:56,1503.7,24895
2021-06-14 09:15:57,1503.4,25206
2021-06-14 09:15:58,1503.3,25489
2021-06-14 09:16:00,1503.5,26345
2021-06-14 09:16:00,1504.5,26087
2021-06-14 09:16:01,1504.6,28201
2021-06-14 09:16:02,1503.45,28547
2021-06-14 09:16:03,1504.85,32464
2021-06-14 09:16:04,1504.65,34287
2021-06-14 09:16:05,1504.0,35102
2021-06-14 09:16:06,1502.2,35613
2021-06-14 09:16:07,1503.0,35898
2021-06-14 09:16:08,1502.0,35919
2021-06-14 09:16:09,1502.0,35919
2021-06-14 09:16:10,1503.2,35933
2021-06-14 09:16:11,1502.4,35943
2021-06-14 09:16:12,1503.1,35991
2021-06-14 09:16:13,1503.1,36014
2021-06-14 09:16:14,1503.1,36156
2021-06-14 09:16:16,1502.35,36478
2021-06-14 09:16:16,1502.35,36478
2021-06-14 09:16:17,1503.2,36608
2021-06-14 09:16:18,1503.2,36678
2021-06-14 09:16:19,1502.45,36688
2021-06-14 09:16:20,1502.3,37190
2021-06-14 09:16:21,1502.15,37240
2021-06-14 09:16:22,1502.75,38264
2021-06-14 09:16:24,1503.45,38531
2021-06-14 09:16:23,1502.75,38436
2021-06-14 09:16:25,1502.2,38816
2021-06-14 09:16:26,1503.7,39898
2021-06-14 09:16:27,1502.45,40063
2021-06-14 09:16:28,1502.45,40063
2021-06-14 09:16:29,1502.45,40277
2021-06-14 09:16:30,1502.45,40277
2021-06-14 09:16:31,1502.45,40277
2021-06-14 09:16:32,1503.0,40477
2021-06-14 09:16:33,1502.75,40482
2021-06-14 09:16:35,1502.3,40575
2021-06-14 09:16:35,1502.3,40581
2021-06-14 09:16:36,1502.15,40632
2021-06-14 09:16:37,1502.0,40803
2021-06-14 09:16:38,1502.3,41133
2021-06-14 09:16:39,1502.3,41133
2021-06-14 09:16:40,1502.25,41189
2021-06-14 09:16:41,1503.05,41314
2021-06-14 09:16:42,1502.2,41340
2021-06-14 09:16:43,1502.7,41361
2021-06-14 09:16:44,1502.7,41366
2021-06-14 09:16:45,1502.0,41517
2021-06-14 09:16:46,1502.0,41603
2021-06-14 09:16:47,1502.0,41623
2021-06-14 09:16:48,1502.0,41623
2021-06-14 09:16:49,1502.75,41687
2021-06-14 09:16:50,1502.05,41725
2021-06-14 09:16:51,1502.0,41741
2021-06-14 09:16:52,1502.0,41741
2021-06-14 09:16:53,1502.75,45037
2021-06-14 09:16:54,1502.75,45037
2021-06-14 09:16:55,1502.75,45037
2021-06-14 09:16:56,1502.75,45047
2021-06-14 09:16:57,1502.75,45198
2021-06-14 09:16:58,1502.0,45320
2021-06-14 09:17:00,1502.1,46450
2021-06-14 09:17:00,1501.85,46452
2021-06-14 09:17:01,1500.9,46453
2021-06-14 09:17:02,1501.5,46513
2021-06-14 09:17:03,1500.65,46571
2021-06-14 09:17:04,1501.5,46582
2021-06-14 09:17:05,1501.4,46652
2021-06-14 09:17:06,1500.45,46991
2021-06-14 09:17:08,1500.5,47883
2021-06-14 09:17:10,1500.75,47944
2021-06-14 09:17:10,1500.75,47944
2021-06-14 09:17:11,1500.7,47954
2021-06-14 09:17:12,1500.1,47986
2021-06-14 09:17:13,1500.6,48063
2021-06-14 09:17:14,1500.5,48224
2021-06-14 09:17:15,1500.6,48426
2021-06-14 09:17:17,1500.1,48526
2021-06-14 09:17:17,1500.6,48527
2021-06-14 09:17:18,1500.2,48565
2021-06-14 09:17:19,1500.25,49372
2021-06-14 09:17:21,1500.6,49636
2021-06-14 09:17:22,1500.25,49909
2021-06-14 09:17:22,1500.25,49909
2021-06-14 09:17:23,1501.0,49913
2021-06-14 09:17:24,1500.6,49992
2021-06-14 09:17:25,1500.7,51068
2021-06-14 09:17:26,1500.65,51088
2021-06-14 09:17:27,1501.55,51108
2021-06-14 09:17:28,1500.45,51273
2021-06-14 09:17:29,1500.5,51612
2021-06-14 09:17:30,1501.45,51639
2021-06-14 09:17:31,1501.45,51740
2021-06-14 09:17:32,1501.4,51871
2021-06-14 09:17:33,1501.4,51871
2021-06-14 09:17:34,1500.95,52345
2021-06-14 09:17:36,1500.7,52357
2021-06-14 09:17:37,1501.4,52457
2021-06-14 09:17:38,1500.65,52513
2021-06-14 09:17:38,1500.65,52513
2021-06-14 09:17:39,1500.5,52548
2021-06-14 09:17:40,1501.0,52567
2021-06-14 09:17:41,1501.55,52690
2021-06-14 09:17:42,1501.45,52738
2021-06-14 09:17:44,1501.55,52759
2021-06-14 09:17:44,1501.0,52794
2021-06-14 09:17:45,1501.0,52810
2021-06-14 09:17:47,1501.0,52812
2021-06-14 09:17:48,1501.55,52844
2021-06-14 09:17:48,1501.55,52956
2021-06-14 09:17:50,1501.55,52991
2021-06-14 09:17:51,1501.0,53036
2021-06-14 09:17:51,1501.0,53036
2021-06-14 09:17:52,1501.55,53086
2021-06-14 09:17:53,1501.5,53110
2021-06-14 09:17:54,1501.55,53220
2021-06-14 09:17:55,1501.55,53220
2021-06-14 09:17:56,1502.0,53269
2021-06-14 09:17:57,1501.55,53311
2021-06-14 09:17:58,1501.55,53321
2021-06-14 09:17:59,1502.15,53436
2021-06-14 09:18:00,1502.15,53612
2021-06-14 09:18:01,1502.15,53612
2021-06-14 09:18:02,1502.1,53654
2021-06-14 09:18:03,1501.55,53706
2021-06-14 09:18:04,1501.5,53972
2021-06-14 09:18:05,1501.1,54025
2021-06-14 09:18:06,1501.05,54251
2021-06-14 09:18:07,1501.15,55440
2021-06-14 09:18:08,1501.4,55504
2021-06-14 09:18:09,1501.4,55913
2021-06-14 09:18:10,1502.1,55914
2021-06-14 09:18:11,1502.05,55917
2021-06-14 09:18:12,1501.0,55967
2021-06-14 09:18:14,1502.1,55992
2021-06-14 09:18:14,1502.1,55992
2021-06-14 09:18:15,1502.1,55992
2021-06-14 09:18:17,1501.45,56072
2021-06-14 09:18:18,1501.55,56154
2021-06-14 09:18:19,1501.55,56415
2021-06-14 09:18:19,1501.55,56415
2021-06-14 09:18:20,1501.55,56418
2021-06-14 09:18:21,1501.0,57959
2021-06-14 09:18:22,1500.75,57984
2021-06-14 09:18:23,1501.2,57985
2021-06-14 09:18:24,1500.75,58049
2021-06-14 09:18:25,1501.2,58059
2021-06-14 09:18:26,1501.15,58078
2021-06-14 09:18:27,1501.1,58105
2021-06-14 09:18:28,1500.7,58255
2021-06-14 09:18:29,1500.85,58730
2021-06-14 09:18:30,1500.8,58908
2021-06-14 09:18:31,1500.75,59008
2021-06-14 09:18:32,1500.5,59070
2021-06-14 09:18:33,1500.8,59254
2021-06-14 09:18:34,1500.4,59301
2021-06-14 09:18:35,1500.35,59582
2021-06-14 09:18:37,1500.85,60362
2021-06-14 09:18:37,1500.8,60364
2021-06-14 09:18:38,1500.25,60395
2021-06-14 09:18:39,1500.85,61181
2021-06-14 09:18:40,1500.3,61182
2021-06-14 09:18:41,1500.85,61194
2021-06-14 09:18:42,1500.8,61316
2021-06-14 09:18:44,1500.85,61341
2021-06-14 09:18:45,1500.8,62221
2021-06-14 09:18:46,1500.85,62231
2021-06-14 09:18:47,1502.55,63497
2021-06-14 09:18:49,1501.7,64411
2021-06-14 09:18:50,1500.9,65146
2021-06-14 09:18:50,1501.8,65207
2021-06-14 09:18:52,1500.85,65835
2021-06-14 09:18:53,1500.5,66065
2021-06-14 09:18:54,1500.5,66134
2021-06-14 09:18:55,1501.4,66187
2021-06-14 09:18:56,1501.4,66288
2021-06-14 09:18:58,1500.5,66314
2021-06-14 09:18:59,1500.85,66504
2021-06-14 09:18:59,1500.85,66816
2021-06-14 09:19:00,1500.4,67483
2021-06-14 09:19:01,1500.3,67490
2021-06-14 09:19:02,1500.05,67557
2021-06-14 09:19:03,1500.0,68674
2021-06-14 09:19:04,1500.1,69410
2021-06-14 09:19:06,1500.0,69935
2021-06-14 09:19:07,1500.05,70772
2021-06-14 09:19:08,1500.0,70972
2021-06-14 09:19:08,1500.0,70972
2021-06-14 09:19:09,1499.7,70977
2021-06-14 09:19:10,1499.9,71333
2021-06-14 09:19:11,1499.85,71365
2021-06-14 09:19:12,1499.15,71437
2021-06-14 09:19:13,1499.15,71533
2021-06-14 09:19:14,1500.1,73003
2021-06-14 09:19:15,1500.0,73632
2021-06-14 09:19:16,1499.7,73682
2021-06-14 09:19:18,1500.0,74323
2021-06-14 09:19:19,1500.0,74323
2021-06-14 09:19:20,1500.25,74678
2021-06-14 09:19:21,1501.1,74705
2021-06-14 09:19:22,1500.2,75167
2021-06-14 09:19:23,1500.25,75177
2021-06-14 09:19:24,1500.25,75233
2021-06-14 09:19:25,1501.1,75234
2021-06-14 09:19:26,1500.3,75346
2021-06-14 09:19:27,1500.35,75445
2021-06-14 09:19:28,1500.35,75453
2021-06-14 09:19:28,1500.5,75463
2021-06-14 09:19:29,1501.15,75480
2021-06-14 09:19:30,1500.45,75500
2021-06-14 09:19:31,1500.25,75700
2021-06-14 09:19:32,1500.1,75780
2021-06-14 09:19:33,1500.65,76105
2021-06-14 09:19:34,1500.05,76179
2021-06-14 09:19:35,1499.95,76505
2021-06-14 09:19:36,1499.95,76505
2021-06-14 09:19:37,1499.95,76505
2021-06-14 09:19:38,1500.0,76508
2021-06-14 09:19:40,1499.7,77594
2021-06-14 09:19:41,1499.7,77594
2021-06-14 09:19:42,1500.35,77889
2021-06-14 09:19:43,1500.5,78156
2021-06-14 09:19:44,1500.5,78156
2021-06-14 09:19:45,1500.55,78255
2021-06-14 09:19:45,1500.55,78255
2021-06-14 09:19:47,1500.55,78318
2021-06-14 09:19:49,1500.55,78371
2021-06-14 09:19:50,1500.55,78434
2021-06-14 09:19:50,1500.55,78392
2021-06-14 09:19:51,1500.25,78746
2021-06-14 09:19:52,1500.1,78772
2021-06-14 09:19:53,1500.3,78999
2021-06-14 09:19:54,1500.7,79000
2021-06-14 09:19:55,1500.25,79063
2021-06-14 09:19:56,1499.95,79409
2021-06-14 09:19:58,1500.05,79541
2021-06-14 09:19:59,1500.05,79955
2021-06-14 09:19:59,1500.75,80004
2021-06-14 09:20:00,1499.75,80657
2021-06-14 09:20:01,1500.0,81204
2021-06-14 09:20:03,1499.95,81293
2021-06-14 09:20:04,1499.6,81993
2021-06-14 09:20:06,1499.6,83015
2021-06-14 09:20:07,1499.6,83015
2021-06-14 09:20:08,1499.45,83265
2021-06-14 09:20:09,1501.0,83925
2021-06-14 09:20:10,1500.7,84264
2021-06-14 09:20:11,1500.7,84410
2021-06-14 09:20:13,1499.85,85198
2021-06-14 09:20:14,1499.4,85485
2021-06-14 09:20:15,1499.25,85759
2021-06-14 09:20:16,1499.95,85803
2021-06-14 09:20:17,1499.95,85804
2021-06-14 09:20:17,1499.95,85804
2021-06-14 09:20:18,1499.95,85829
2021-06-14 09:20:19,1499.95,85950
2021-06-14 09:20:20,1499.95,85950
2021-06-14 09:20:21,1499.35,86006
2021-06-14 09:20:23,1499.35,86006
2021-06-14 09:20:24,1499.35,86065
2021-06-14 09:20:25,1499.65,86090
2021-06-14 09:20:25,1499.65,86090
2021-06-14 09:20:26,1499.65,86135
2021-06-14 09:20:27,1499.65,86390
2021-06-14 09:20:28,1499.1,87313
2021-06-14 09:20:29,1499.2,87910
2021-06-14 09:20:30,1499.1,87933
2021-06-14 09:20:31,1499.1,87943
2021-06-14 09:20:32,1499.1,88015
2021-06-14 09:20:34,1499.35,88104
2021-06-14 09:20:34,1499.35,88104
2021-06-14 09:20:36,1499.05,88348
2021-06-14 09:20:37,1498.65,88513
2021-06-14 09:20:38,1499.0,89667
2021-06-14 09:20:39,1499.0,89767
2021-06-14 09:20:40,1499.0,89918
2021-06-14 09:20:40,1498.65,89938
2021-06-14 09:20:41,1499.9,90523
2021-06-14 09:20:42,1499.55,90548
2021-06-14 09:20:45,1499.7,90635
2021-06-14 09:20:46,1499.55,91598
2021-06-14 09:20:47,1499.7,91608
2021-06-14 09:20:48,1499.7,92382
2021-06-14 09:20:49,1499.25,92437
2021-06-14 09:20:50,1499.65,92440
2021-06-14 09:20:51,1499.25,92798
2021-06-14 09:20:52,1499.7,93430
2021-06-14 09:20:53,1499.7,93530
2021-06-14 09:20:54,1499.25,93549
2021-06-14 09:20:54,1499.25,93549
2021-06-14 09:20:55,1499.0,94298
2021-06-14 09:20:56,1499.35,94408
2021-06-14 09:20:58,1499.65,94481
2021-06-14 09:20:59,1499.65,94481
2021-06-14 09:21:00,1499.0,94638
2021-06-14 09:21:01,1499.6,94658
2021-06-14 09:21:02,1499.05,94676
2021-06-14 09:21:03,1499.0,94870
2021-06-14 09:21:04,1499.0,94931
2021-06-14 09:21:05,1499.5,95606
2021-06-14 09:21:06,1499.0,95626
2021-06-14 09:21:07,1499.5,95700
2021-06-14 09:21:08,1498.95,95720
2021-06-14 09:21:09,1498.95,95821
2021-06-14 09:21:10,1499.5,96456
2021-06-14 09:21:12,1499.5,96599
2021-06-14 09:21:13,1498.95,96659
2021-06-14 09:21:14,1498.95,96659
2021-06-14 09:21:15,1499.05,96662
2021-06-14 09:21:16,1499.5,97051
2021-06-14 09:21:17,1499.5,97053
2021-06-14 09:21:18,1499.5,97244
2021-06-14 09:21:19,1499.0,97572
2021-06-14 09:21:20,1499.05,97574
2021-06-14 09:21:21,1499.05,97586
2021-06-14 09:21:22,1499.05,97597
2021-06-14 09:21:22,1499.05,97597
2021-06-14 09:21:23,1499.05,97908
2021-06-14 09:21:25,1499.1,98148
2021-06-14 09:21:26,1499.5,98211
2021-06-14 09:21:27,1499.5,98213
2021-06-14 09:21:28,1499.1,98218
2021-06-14 09:21:29,1499.1,98339
2021-06-14 09:21:30,1499.1,98540
2021-06-14 09:21:31,1499.1,98540
2021-06-14 09:21:32,1499.5,98581
2021-06-14 09:21:33,1499.1,98587
2021-06-14 09:21:34,1499.45,98607
2021-06-14 09:21:35,1499.1,98630
2021-06-14 09:21:36,1499.1,98630
2021-06-14 09:21:37,1499.1,98685
2021-06-14 09:21:38,1499.1,98685
2021-06-14 09:21:39,1498.55,99649
2021-06-14 09:21:40,1498.3,99833
2021-06-14 09:21:41,1497.85,101868
2021-06-14 09:21:42,1497.25,102152
2021-06-14 09:21:43,1497.25,102308
2021-06-14 09:21:44,1497.65,103000
2021-06-14 09:21:45,1496.8,103229
2021-06-14 09:21:46,1497.25,103239
2021-06-14 09:21:47,1497.3,103277
2021-06-14 09:21:49,1497.55,103278
2021-06-14 09:21:50,1497.55,103278
2021-06-14 09:21:51,1497.55,103399
2021-06-14 09:21:52,1497.3,103666
2021-06-14 09:21:52,1497.3,103666
2021-06-14 09:21:53,1497.3,103672
2021-06-14 09:21:54,1497.1,104272
2021-06-14 09:21:55,1497.05,104476
2021-06-14 09:21:57,1496.9,105112
2021-06-14 09:21:58,1496.85,105563
2021-06-14 09:21:59,1496.85,105565
2021-06-14 09:22:00,1496.25,105870
2021-06-14 09:22:01,1496.4,106035
2021-06-14 09:22:02,1496.4,106035
2021-06-14 09:22:03,1496.8,106236
2021-06-14 09:22:05,1496.15,106867
2021-06-14 09:22:07,1496.15,107442
2021-06-14 09:22:08,1496.75,107634
2021-06-14 09:22:09,1496.4,108741
2021-06-14 09:22:10,1496.3,109062
2021-06-14 09:22:10,1496.9,109261
2021-06-14 09:22:11,1496.9,109463
2021-06-14 09:22:12,1496.9,109727
2021-06-14 09:22:14,1496.1,109818
2021-06-14 09:22:14,1496.85,110208
2021-06-14 09:22:15,1496.8,110209
2021-06-14 09:22:16,1496.9,110210
2021-06-14 09:22:17,1496.75,110212
2021-06-14 09:22:18,1496.9,112031
2021-06-14 09:22:19,1496.9,112081
2021-06-14 09:22:21,1496.75,112098
2021-06-14 09:22:22,1497.0,112867
2021-06-14 09:22:23,1497.0,113061
2021-06-14 09:22:24,1496.5,113262
2021-06-14 09:22:25,1496.9,113845
2021-06-14 09:22:26,1496.7,113947
2021-06-14 09:22:27,1497.4,114064
2021-06-14 09:22:28,1497.4,114074
2021-06-14 09:22:30,1496.65,114184
2021-06-14 09:22:31,1496.6,114294
2021-06-14 09:22:32,1496.8,114344
2021-06-14 09:22:32,1496.8,114344
2021-06-14 09:22:33,1496.95,114365
2021-06-14 09:22:34,1496.9,114700
2021-06-14 09:22:35,1496.9,114726
2021-06-14 09:22:36,1496.9,114732
2021-06-14 09:22:38,1496.75,119895
2021-06-14 09:22:39,1494.9,131069
2021-06-14 09:22:40,1495.3,135048
2021-06-14 09:22:41,1494.95,135584
2021-06-14 09:22:43,1494.5,136217
2021-06-14 09:22:44,1495.45,136242
2021-06-14 09:22:45,1494.95,136258
2021-06-14 09:22:46,1494.95,136769
2021-06-14 09:22:47,1494.95,136902
2021-06-14 09:22:48,1494.95,136936
2021-06-14 09:22:49,1495.0,137210
2021-06-14 09:22:50,1495.7,137315
2021-06-14 09:22:51,1494.4,137338
2021-06-14 09:22:52,1493.7,138927
2021-06-14 09:22:53,1493.95,139292
2021-06-14 09:22:54,1493.9,139661
2021-06-14 09:22:56,1493.6,140994
2021-06-14 09:22:57,1493.6,140994
2021-06-14 09:22:58,1493.9,141019
2021-06-14 09:22:58,1493.9,141019
2021-06-14 09:23:00,1493.55,141234
2021-06-14 09:23:01,1493.5,141245
2021-06-14 09:23:02,1493.45,141392
2021-06-14 09:23:03,1493.4,141978
2021-06-14 09:23:04,1493.4,142600
2021-06-14 09:23:05,1493.1,142638
2021-06-14 09:23:07,1494.6,143790
2021-06-14 09:23:08,1493.6,144243
2021-06-14 09:23:09,1493.65,144624
2021-06-14 09:23:10,1494.45,144630
2021-06-14 09:23:11,1495.0,145179
2021-06-14 09:23:12,1495.05,145374
2021-06-14 09:23:13,1495.6,145717
2021-06-14 09:23:15,1494.9,147353
2021-06-14 09:23:16,1496.05,148934
2021-06-14 09:23:17,1495.75,148984
2021-06-14 09:23:20,1495.9,149079
2021-06-14 09:23:21,1495.85,149174
2021-06-14 09:23:22,1495.65,149210
2021-06-14 09:23:23,1496.0,149310
2021-06-14 09:23:24,1496.25,149432
2021-06-14 09:23:25,1495.55,149757
2021-06-14 09:23:26,1496.2,150402
2021-06-14 09:23:27,1495.8,150409
2021-06-14 09:23:28,1496.55,150410
2021-06-14 09:23:29,1496.55,150606
2021-06-14 09:23:30,1496.05,150610
2021-06-14 09:23:31,1496.0,150850
2021-06-14 09:23:32,1496.55,152417
2021-06-14 09:23:33,1497.4,153780
2021-06-14 09:23:34,1497.4,153805
2021-06-14 09:23:35,1496.55,153855
2021-06-14 09:23:36,1497.4,153856
2021-06-14 09:23:37,1497.3,153884
2021-06-14 09:23:38,1497.3,153985
2021-06-14 09:23:39,1497.25,154011
2021-06-14 09:23:41,1496.5,154211
2021-06-14 09:23:42,1497.3,154338
2021-06-14 09:23:43,1496.4,154932
2021-06-14 09:23:44,1496.5,154977
2021-06-14 09:23:45,1497.15,155478
2021-06-14 09:23:46,1496.05,155646
2021-06-14 09:23:47,1496.4,155681
2021-06-14 09:23:48,1496.4,155956
2021-06-14 09:23:49,1496.4,156007
2021-06-14 09:23:50,1496.4,156007
2021-06-14 09:23:51,1496.4,156124
2021-06-14 09:23:52,1496.4,156125
2021-06-14 09:23:53,1497.1,156702
2021-06-14 09:23:54,1496.1,156802
2021-06-14 09:23:55,1496.4,156809
2021-06-14 09:23:56,1496.0,156953
2021-06-14 09:23:57,1495.95,157036
2021-06-14 09:23:58,1495.65,157284
2021-06-14 09:23:59,1496.95,157335
2021-06-14 09:24:00,1496.4,157347
2021-06-14 09:24:01,1496.0,157358
2021-06-14 09:24:02,1496.0,157369
2021-06-14 09:24:03,1496.0,157476
2021-06-14 09:24:04,1496.0,157766
2021-06-14 09:24:05,1496.0,158031
2021-06-14 09:24:06,1496.0,158093
2021-06-14 09:24:07,1495.65,158408
2021-06-14 09:24:08,1496.35,158426
2021-06-14 09:24:09,1495.85,158484
2021-06-14 09:24:10,1496.55,158608
2021-06-14 09:24:11,1496.45,158628
2021-06-14 09:24:12,1497.0,158629
2021-06-14 09:24:13,1496.0,160804
2021-06-14 09:24:14,1496.8,160805
2021-06-14 09:24:15,1496.05,160865
2021-06-14 09:24:16,1496.7,160866
2021-06-14 09:24:17,1496.0,161220
2021-06-14 09:24:18,1496.65,161459
2021-06-14 09:24:19,1495.95,161523
2021-06-14 09:24:20,1496.4,161529
2021-06-14 09:24:21,1496.45,161696
2021-06-14 09:24:22,1496.45,161743
2021-06-14 09:24:23,1496.0,161748
2021-06-14 09:24:24,1496.05,161868
2021-06-14 09:24:25,1496.05,161898
2021-06-14 09:24:26,1496.05,161898
2021-06-14 09:24:27,1496.45,161933
2021-06-14 09:24:28,1496.45,161935
2021-06-14 09:24:30,1496.45,162171
2021-06-14 09:24:31,1495.4,162922
2021-06-14 09:24:32,1495.65,162929
2021-06-14 09:24:33,1495.05,162983
2021-06-14 09:24:35,1494.7,163494
2021-06-14 09:24:36,1494.0,164069
2021-06-14 09:24:37,1494.65,164194
2021-06-14 09:24:38,1494.0,164205
2021-06-14 09:24:39,1494.0,164214
2021-06-14 09:24:40,1494.0,164215
2021-06-14 09:24:41,1495.1,164338
2021-06-14 09:24:42,1494.9,164377
2021-06-14 09:24:43,1494.65,164577
2021-06-14 09:24:44,1495.45,164581
2021-06-14 09:24:45,1495.4,164708
2021-06-14 09:24:46,1494.75,164774
2021-06-14 09:24:47,1494.7,164786
2021-06-14 09:24:48,1495.3,164887
2021-06-14 09:24:49,1495.45,165237
2021-06-14 09:24:50,1494.7,165362
2021-06-14 09:24:51,1494.7,165362
2021-06-14 09:24:53,1495.2,165504
2021-06-14 09:24:54,1495.0,165555
2021-06-14 09:24:55,1494.65,165575
2021-06-14 09:24:56,1494.7,165631
2021-06-14 09:24:57,1495.0,165899
2021-06-14 09:24:58,1494.8,165911
2021-06-14 09:24:59,1494.7,166047
2021-06-14 09:25:00,1494.25,166189
2021-06-14 09:25:01,1494.25,166189
2021-06-14 09:25:02,1494.6,166199
2021-06-14 09:25:03,1494.25,166246
2021-06-14 09:25:04,1494.25,166252
2021-06-14 09:25:05,1494.25,166307
2021-06-14 09:25:06,1494.25,166543
2021-06-14 09:25:07,1493.85,167413
2021-06-14 09:25:08,1493.85,167413
2021-06-14 09:25:09,1493.65,167759
2021-06-14 09:25:10,1494.0,167788
2021-06-14 09:25:11,1493.6,167821
2021-06-14 09:25:12,1494.0,168453
2021-06-14 09:25:13,1493.85,168519
2021-06-14 09:25:14,1493.9,168671
2021-06-14 09:25:15,1493.9,168672
2021-06-14 09:25:16,1493.6,169057
2021-06-14 09:25:17,1493.6,169157
2021-06-14 09:25:18,1493.6,169157
2021-06-14 09:25:19,1493.6,169415
2021-06-14 09:25:20,1493.6,169496
2021-06-14 09:25:21,1493.6,169886
2021-06-14 09:25:22,1493.6,169886
2021-06-14 09:25:23,1493.1,169903
2021-06-14 09:25:24,1493.55,170094
2021-06-14 09:25:25,1493.1,170321
2021-06-14 09:25:26,1493.6,170553
2021-06-14 09:25:27,1493.6,170645
2021-06-14 09:25:28,1493.6,170828
2021-06-14 09:25:29,1493.0,172454
2021-06-14 09:25:30,1493.0,172515
2021-06-14 09:25:31,1492.5,173726
2021-06-14 09:25:32,1492.0,173867
2021-06-14 09:25:33,1492.5,174156
2021-06-14 09:25:34,1492.5,174243
2021-06-14 09:25:35,1492.2,174249
2021-06-14 09:25:36,1492.5,174407
2021-06-14 09:25:37,1492.0,174530
2021-06-14 09:25:38,1492.05,176642
2021-06-14 09:25:39,1491.2,176711
2021-06-14 09:25:40,1491.7,176712
2021-06-14 09:25:41,1491.1,176779
2021-06-14 09:25:42,1491.35,177133
2021-06-14 09:25:43,1491.15,177164
2021-06-14 09:25:44,1491.6,178576
2021-06-14 09:25:45,1491.1,178658
2021-06-14 09:25:46,1491.0,178752
2021-06-14 09:25:47,1491.55,179132
2021-06-14 09:25:48,1491.0,179273
2021-06-14 09:25:49,1491.45,179283
2021-06-14 09:25:50,1491.45,179304
2021-06-14 09:25:51,1491.7,179377
2021-06-14 09:25:52,1491.65,179627
2021-06-14 09:25:53,1491.65,179696
2021-06-14 09:25:54,1491.65,179786
2021-06-14 09:25:55,1491.7,179911
2021-06-14 09:25:56,1491.75,180354
2021-06-14 09:25:57,1491.95,180375
2021-06-14 09:25:58,1492.05,181871
2021-06-14 09:25:59,1492.5,182252
2021-06-14 09:26:00,1492.3,182254
2021-06-14 09:26:01,1491.8,184266
2021-06-14 09:26:02,1491.75,184547
2021-06-14 09:26:03,1491.3,184556
2021-06-14 09:26:04,1491.7,184747
2021-06-14 09:26:05,1492.65,185188
2021-06-14 09:26:06,1491.35,185343
2021-06-14 09:26:07,1491.5,185353
2021-06-14 09:26:08,1491.5,186085
2021-06-14 09:26:09,1491.25,186109
2021-06-14 09:26:10,1491.25,186109
2021-06-14 09:26:11,1491.7,186694
2021-06-14 09:26:12,1491.5,186838
2021-06-14 09:26:13,1491.55,187093
2021-06-14 09:26:14,1491.6,187176
2021-06-14 09:26:15,1491.95,187248
2021-06-14 09:26:16,1491.95,187403
2021-06-14 09:26:17,1492.35,187562
2021-06-14 09:26:18,1491.5,187682
2021-06-14 09:26:19,1491.5,187732
2021-06-14 09:26:20,1491.5,187865
2021-06-14 09:26:21,1492.25,187885
2021-06-14 09:26:22,1492.2,187896
2021-06-14 09:26:23,1492.25,187979
2021-06-14 09:26:24,1492.3,188041
2021-06-14 09:26:25,1491.6,188113
2021-06-14 09:26:26,1492.35,188263
2021-06-14 09:26:27,1492.35,188330
2021-06-14 09:26:28,1492.25,188377
2021-06-14 09:26:29,1492.3,188420
2021-06-14 09:26:30,1491.75,188584
2021-06-14 09:26:31,1492.35,188757
2021-06-14 09:26:32,1492.35,188757
2021-06-14 09:26:33,1493.0,190642
2021-06-14 09:26:34,1493.0,190642
2021-06-14 09:26:35,1492.1,190819
2021-06-14 09:26:36,1492.1,190869
2021-06-14 09:26:37,1492.1,190930
2021-06-14 09:26:38,1492.05,191064
2021-06-14 09:26:39,1492.0,191200
2021-06-14 09:26:40,1492.8,191252
2021-06-14 09:26:41,1492.05,191254
2021-06-14 09:26:42,1492.75,191317
2021-06-14 09:26:43,1492.75,191317
2021-06-14 09:26:44,1492.75,191518
2021-06-14 09:26:45,1492.05,191641
2021-06-14 09:26:46,1492.0,191865
2021-06-14 09:26:47,1492.0,191907
2021-06-14 09:26:48,1492.0,192001
2021-06-14 09:26:49,1492.75,192053
2021-06-14 09:26:50,1493.0,192061
2021-06-14 09:26:51,1492.2,192089
2021-06-14 09:26:52,1492.2,192349
2021-06-14 09:26:53,1492.9,192350
2021-06-14 09:26:54,1492.15,192400
2021-06-14 09:26:55,1492.15,192400
2021-06-14 09:26:56,1492.35,192403
2021-06-14 09:26:57,1492.05,192495
2021-06-14 09:26:58,1492.15,192523
2021-06-14 09:26:59,1492.15,192598
2021-06-14 09:27:00,1492.0,192658
2021-06-14 09:27:01,1492.0,192712
2021-06-14 09:27:02,1492.0,192763
2021-06-14 09:27:03,1492.0,192803
2021-06-14 09:27:04,1492.0,192804
2021-06-14 09:27:06,1492.0,192814
2021-06-14 09:27:06,1491.75,192823
2021-06-14 09:27:07,1491.75,192823
2021-06-14 09:27:08,1491.7,193095
2021-06-14 09:27:09,1491.95,193096
2021-06-14 09:27:10,1491.95,193106
2021-06-14 09:27:11,1491.5,194094
2021-06-14 09:27:12,1491.95,194856
2021-06-14 09:27:13,1491.95,194881
2021-06-14 09:27:14,1491.05,194922
2021-06-14 09:27:15,1491.55,195427
2021-06-14 09:27:16,1491.55,195427
2021-06-14 09:27:17,1491.55,195458
2021-06-14 09:27:18,1491.0,195481
2021-06-14 09:27:19,1491.0,195485
2021-06-14 09:27:20,1491.55,195505
2021-06-14 09:27:21,1491.0,195615
2021-06-14 09:27:23,1491.0,195673
2021-06-14 09:27:24,1491.0,195673
2021-06-14 09:27:25,1491.6,195693
2021-06-14 09:27:26,1491.75,195847
2021-06-14 09:27:27,1491.05,195852
2021-06-14 09:27:28,1491.1,195889
2021-06-14 09:27:29,1491.1,195895
2021-06-14 09:27:30,1491.75,195950
2021-06-14 09:27:30,1491.75,195950
2021-06-14 09:27:31,1491.1,196050
2021-06-14 09:27:32,1491.0,196238
2021-06-14 09:27:33,1491.0,196273
2021-06-14 09:27:34,1491.0,196528
2021-06-14 09:27:35,1491.15,196593
2021-06-14 09:27:37,1491.15,196667
2021-06-14 09:27:38,1491.0,196672
2021-06-14 09:27:39,1491.0,196682
2021-06-14 09:27:40,1491.65,196743
2021-06-14 09:27:41,1491.75,196963
2021-06-14 09:27:42,1491.7,197026
2021-06-14 09:27:43,1490.8,198234
2021-06-14 09:27:44,1490.5,198245
2021-06-14 09:27:45,1491.3,198447
2021-06-14 09:27:45,1491.3,198447
2021-06-14 09:27:46,1490.55,198468
2021-06-14 09:27:47,1491.25,198508
2021-06-14 09:27:48,1490.7,198603
2021-06-14 09:27:49,1490.55,198625
2021-06-14 09:27:51,1491.15,198626
2021-06-14 09:27:52,1491.15,198628
2021-06-14 09:27:53,1490.8,198633
2021-06-14 09:27:54,1491.15,198705
2021-06-14 09:27:55,1491.15,198755
2021-06-14 09:27:56,1490.8,198804
2021-06-14 09:27:57,1490.8,198866
2021-06-14 09:27:58,1490.65,199123
2021-06-14 09:27:58,1490.8,198918
2021-06-14 09:27:59,1490.8,199128
2021-06-14 09:28:00,1490.6,199594
2021-06-14 09:28:01,1490.55,199604
2021-06-14 09:28:02,1490.8,199681
2021-06-14 09:28:03,1490.6,199738
2021-06-14 09:28:04,1490.8,199804
2021-06-14 09:28:05,1490.8,199819
2021-06-14 09:28:06,1490.6,199851
2021-06-14 09:28:07,1490.8,200091
2021-06-14 09:28:08,1490.65,200117
2021-06-14 09:28:09,1490.55,200431
2021-06-14 09:28:10,1490.55,200731
2021-06-14 09:28:11,1490.55,200731
2021-06-14 09:28:12,1490.55,200739
2021-06-14 09:28:13,1490.6,200749
2021-06-14 09:28:14,1490.55,200863
2021-06-14 09:28:15,1490.6,200878
2021-06-14 09:28:16,1490.55,200938
2021-06-14 09:28:18,1490.55,200986
2021-06-14 09:28:19,1490.55,201303
2021-06-14 09:28:20,1490.2,201421
2021-06-14 09:28:21,1490.2,201652
2021-06-14 09:28:22,1490.55,201693
2021-06-14 09:28:23,1490.55,201723
2021-06-14 09:28:24,1490.2,202180
2021-06-14 09:28:25,1490.6,203180
2021-06-14 09:28:26,1491.9,205666
2021-06-14 09:28:27,1491.25,205686
2021-06-14 09:28:28,1491.25,205689
2021-06-14 09:28:29,1490.95,205714
2021-06-14 09:28:30,1490.95,205714
2021-06-14 09:28:31,1490.95,205748
2021-06-14 09:28:32,1490.95,205753
2021-06-14 09:28:33,1491.25,205763
2021-06-14 09:28:34,1490.95,205795
2021-06-14 09:28:35,1490.9,206033
2021-06-14 09:28:36,1491.05,206098
2021-06-14 09:28:37,1491.05,206098
2021-06-14 09:28:38,1491.0,206122
2021-06-14 09:28:40,1491.0,206328
2021-06-14 09:28:41,1491.75,206338
2021-06-14 09:28:42,1491.05,206378
2021-06-14 09:28:43,1491.25,206384
2021-06-14 09:28:44,1491.7,206417
2021-06-14 09:28:45,1491.7,206417
2021-06-14 09:28:46,1491.05,206529
2021-06-14 09:28:47,1491.7,206541
2021-06-14 09:28:48,1491.05,206755
2021-06-14 09:28:49,1491.7,206800
2021-06-14 09:28:50,1491.05,206822
2021-06-14 09:28:51,1491.05,206822
2021-06-14 09:28:52,1490.9,207172
2021-06-14 09:28:53,1491.7,207197
2021-06-14 09:28:53,1491.7,207197
2021-06-14 09:28:54,1491.15,207214
2021-06-14 09:28:55,1490.9,207282
2021-06-14 09:28:56,1491.0,207324
2021-06-14 09:28:57,1491.6,207325
2021-06-14 09:28:59,1491.0,207406
2021-06-14 09:29:00,1491.65,207604
2021-06-14 09:29:01,1491.7,207663
2021-06-14 09:29:02,1491.9,207730
2021-06-14 09:29:03,1491.9,207743
2021-06-14 09:29:04,1491.45,207763
2021-06-14 09:29:05,1491.5,208265
2021-06-14 09:29:06,1491.85,208315
2021-06-14 09:29:07,1491.5,208374
2021-06-14 09:29:08,1491.5,208396
2021-06-14 09:29:09,1491.6,208532
2021-06-14 09:29:10,1491.6,208535
2021-06-14 09:29:11,1491.45,208547
2021-06-14 09:29:12,1491.45,208553
2021-06-14 09:29:13,1491.6,208583
2021-06-14 09:29:15,1491.6,208606
2021-06-14 09:29:16,1491.45,208626
2021-06-14 09:29:17,1491.1,208943
2021-06-14 09:29:18,1491.1,209067
2021-06-14 09:29:19,1491.6,209070
2021-06-14 09:29:20,1491.15,209094
2021-06-14 09:29:21,1491.6,209122
2021-06-14 09:29:22,1491.6,209127
2021-06-14 09:29:23,1491.15,209154
2021-06-14 09:29:24,1491.15,209155
2021-06-14 09:29:25,1491.6,209531
2021-06-14 09:29:26,1491.6,209612
2021-06-14 09:29:27,1491.6,209622
2021-06-14 09:29:29,1491.2,209644
2021-06-14 09:29:29,1491.15,209714
2021-06-14 09:29:31,1491.15,209770
2021-06-14 09:29:32,1491.6,209941
2021-06-14 09:29:33,1491.6,210065
2021-06-14 09:29:34,1491.6,210133
2021-06-14 09:29:34,1491.6,210133
2021-06-14 09:29:35,1491.6,210134
2021-06-14 09:29:36,1491.2,210248
2021-06-14 09:29:37,1491.6,210399
2021-06-14 09:29:38,1491.6,210518
2021-06-14 09:29:39,1491.6,210553
2021-06-14 09:29:40,1491.6,210553
2021-06-14 09:29:41,1491.6,210636
2021-06-14 09:29:42,1491.6,210656
2021-06-14 09:29:43,1491.6,210656
2021-06-14 09:29:45,1491.2,210717
2021-06-14 09:29:46,1491.35,210851
2021-06-14 09:29:47,1491.35,210851
2021-06-14 09:29:50,1491.15,212267
2021-06-14 09:29:52,1490.55,212355
2021-06-14 09:29:53,1491.1,212684
2021-06-14 09:29:54,1491.1,212684
2021-06-14 09:29:55,1490.55,212934
2021-06-14 09:29:56,1491.1,213117
2021-06-14 09:29:57,1490.55,213222
2021-06-14 09:29:58,1491.1,213542
2021-06-14 09:29:59,1491.15,213628
2021-06-14 09:30:00,1490.85,213638
2021-06-14 09:30:00,1490.85,213633
2021-06-14 09:30:01,1490.6,213661
2021-06-14 09:30:02,1490.6,213680
2021-06-14 09:30:03,1490.6,213764
2021-06-14 09:30:05,1490.85,213831
2021-06-14 09:30:06,1490.6,213839
2021-06-14 09:30:07,1490.6,214015
2021-06-14 09:30:08,1489.5,217241
2021-06-14 09:30:08,1489.5,217241
2021-06-14 09:30:09,1490.1,217244
2021-06-14 09:30:10,1489.5,217282
2021-06-14 09:30:12,1490.15,217350
2021-06-14 09:30:13,1490.15,217365
2021-06-14 09:30:14,1490.2,217529
2021-06-14 09:30:15,1489.5,217840
2021-06-14 09:30:16,1490.0,217893
2021-06-14 09:30:17,1489.55,218184
2021-06-14 09:30:17,1490.0,218191
2021-06-14 09:30:18,1489.6,218240
2021-06-14 09:30:20,1489.9,218931
2021-06-14 09:30:22,1489.2,219209
2021-06-14 09:30:25,1489.85,219910
2021-06-14 09:30:26,1489.5,219914
2021-06-14 09:30:27,1489.95,220116
2021-06-14 09:30:28,1489.25,220539
2021-06-14 09:30:29,1490.0,220549
2021-06-14 09:30:29,1490.0,220588
2021-06-14 09:30:30,1489.15,220829
2021-06-14 09:30:31,1489.25,220885
2021-06-14 09:30:33,1489.25,220900
2021-06-14 09:30:34,1489.0,220930
2021-06-14 09:30:35,1489.25,222457
2021-06-14 09:30:36,1489.1,222472
2021-06-14 09:30:37,1489.25,222589
2021-06-14 09:30:39,1489.35,222775
2021-06-14 09:30:40,1489.3,222787
2021-06-14 09:30:41,1490.0,222828
2021-06-14 09:30:42,1489.4,222871
2021-06-14 09:30:43,1490.0,223054
2021-06-14 09:30:43,1490.55,223284
2021-06-14 09:30:44,1490.9,223362
2021-06-14 09:30:45,1490.1,223366
2021-06-14 09:30:46,1490.1,223372
2021-06-14 09:30:47,1491.0,223479
2021-06-14 09:30:48,1491.05,223555
2021-06-14 09:30:49,1491.6,224305
2021-06-14 09:30:50,1490.85,224356
2021-06-14 09:30:51,1491.0,224520
2021-06-14 09:30:52,1490.55,224629
2021-06-14 09:30:53,1490.55,224631
2021-06-14 09:30:54,1490.6,224637
2021-06-14 09:30:55,1491.6,224783
2021-06-14 09:30:57,1490.85,224938
2021-06-14 09:30:58,1490.25,225092
2021-06-14 09:30:59,1490.55,225107
2021-06-14 09:31:00,1490.15,225207
2021-06-14 09:31:02,1490.6,225265
2021-06-14 09:31:03,1490.9,225335
2021-06-14 09:31:04,1490.55,225563
2021-06-14 09:31:07,1490.5,226023
2021-06-14 09:31:08,1490.2,226327
2021-06-14 09:31:08,1490.0,226307
2021-06-14 09:31:10,1490.4,226363
2021-06-14 09:31:11,1489.55,226381
2021-06-14 09:31:12,1490.2,226402
2021-06-14 09:31:13,1490.3,226522
2021-06-14 09:31:14,1490.25,226601
2021-06-14 09:31:15,1489.55,226739
2021-06-14 09:31:15,1490.3,226839
2021-06-14 09:31:16,1490.3,226839
2021-06-14 09:31:17,1490.3,226854
2021-06-14 09:31:18,1490.2,226945
2021-06-14 09:31:19,1489.25,227155
2021-06-14 09:31:20,1490.3,227386
2021-06-14 09:31:22,1490.3,227392
2021-06-14 09:31:23,1490.3,227422
2021-06-14 09:31:24,1489.65,227598
2021-06-14 09:31:25,1489.35,227688
2021-06-14 09:31:26,1490.15,227738
2021-06-14 09:31:27,1490.15,227738
2021-06-14 09:31:28,1489.9,227800
2021-06-14 09:31:29,1489.85,227815
2021-06-14 09:31:30,1489.35,227955
2021-06-14 09:31:31,1490.1,228105
2021-06-14 09:31:32,1490.1,228105
2021-06-14 09:31:33,1489.4,228211
2021-06-14 09:31:34,1490.0,228243
2021-06-14 09:31:35,1490.0,228248
2021-06-14 09:31:35,1490.0,228248
2021-06-14 09:31:36,1489.4,228403
2021-06-14 09:31:37,1489.4,228413
2021-06-14 09:31:38,1489.95,228437
2021-06-14 09:31:39,1489.35,228517
2021-06-14 09:31:40,1489.35,228517
2021-06-14 09:31:41,1489.35,228529
2021-06-14 09:31:43,1489.85,228661
2021-06-14 09:31:44,1489.85,228681
2021-06-14 09:31:46,1489.35,229235
2021-06-14 09:31:47,1488.8,229275
2021-06-14 09:31:48,1488.8,229484
2021-06-14 09:31:49,1489.0,229490
2021-06-14 09:31:51,1489.35,229645
2021-06-14 09:31:53,1489.3,229754
2021-06-14 09:31:54,1488.95,230056
2021-06-14 09:31:56,1488.25,230170
2021-06-14 09:31:56,1488.9,230070
2021-06-14 09:31:59,1488.35,230416
2021-06-14 09:32:00,1489.15,230420
2021-06-14 09:32:01,1488.8,230572
2021-06-14 09:32:02,1489.1,230663
2021-06-14 09:32:04,1488.85,230729
2021-06-14 09:32:05,1488.15,230837
2021-06-14 09:32:06,1487.6,232600
2021-06-14 09:32:07,1488.0,232621
2021-06-14 09:32:08,1487.05,233144
2021-06-14 09:32:09,1486.7,233601
2021-06-14 09:32:10,1486.15,233825
2021-06-14 09:32:11,1486.15,234057
2021-06-14 09:32:12,1485.6,234795
2021-06-14 09:32:13,1485.7,234973
2021-06-14 09:32:14,1484.0,238396
2021-06-14 09:32:15,1484.4,238594
2021-06-14 09:32:16,1484.85,239059
2021-06-14 09:32:17,1485.35,239213
2021-06-14 09:32:18,1485.55,239292
2021-06-14 09:32:19,1485.55,239304
2021-06-14 09:32:20,1484.6,239796
2021-06-14 09:32:21,1484.55,239907
2021-06-14 09:32:22,1484.45,240063
2021-06-14 09:32:23,1485.15,240085
2021-06-14 09:32:24,1485.15,240212
2021-06-14 09:32:25,1485.15,240413
2021-06-14 09:32:25,1485.15,240413
2021-06-14 09:32:26,1484.25,240913
2021-06-14 09:32:27,1484.1,241059
2021-06-14 09:32:28,1484.85,241114
2021-06-14 09:32:29,1484.55,241154
2021-06-14 09:32:31,1483.9,241399
2021-06-14 09:32:32,1484.15,241650
2021-06-14 09:32:33,1484.55,241723
2021-06-14 09:32:34,1484.55,241764
2021-06-14 09:32:35,1483.9,243306
2021-06-14 09:32:36,1484.55,244465
2021-06-14 09:32:37,1485.1,244486
2021-06-14 09:32:38,1484.45,244599
2021-06-14 09:32:39,1484.65,244687
2021-06-14 09:32:40,1484.35,244964
2021-06-14 09:32:42,1484.4,245351
2021-06-14 09:32:43,1484.45,245612
2021-06-14 09:32:44,1484.35,246473
2021-06-14 09:32:45,1484.35,246577
2021-06-14 09:32:46,1485.1,246854
2021-06-14 09:32:47,1484.45,247462
2021-06-14 09:32:48,1484.45,247811
2021-06-14 09:32:48,1484.45,247811
2021-06-14 09:32:50,1484.5,248132
2021-06-14 09:32:51,1485.15,248172
2021-06-14 09:32:52,1484.55,248237
2021-06-14 09:32:53,1484.55,248237
2021-06-14 09:32:54,1484.7,248294
2021-06-14 09:32:55,1484.7,248301
2021-06-14 09:32:56,1484.7,248376
2021-06-14 09:32:57,1484.55,248490
2021-06-14 09:32:58,1484.7,248569
2021-06-14 09:32:59,1485.15,249375
2021-06-14 09:33:00,1485.2,250902
2021-06-14 09:33:02,1485.15,251727
2021-06-14 09:33:03,1484.6,252324
2021-06-14 09:33:04,1484.35,252378
2021-06-14 09:33:05,1484.8,252498
2021-06-14 09:33:06,1484.0,252848
2021-06-14 09:33:07,1484.9,252963
2021-06-14 09:33:08,1484.15,252985
2021-06-14 09:33:09,1484.0,253027
2021-06-14 09:33:10,1484.0,253035
2021-06-14 09:33:11,1484.0,253036
2021-06-14 09:33:12,1484.0,253105
2021-06-14 09:33:13,1484.0,253309
2021-06-14 09:33:14,1484.4,253435
2021-06-14 09:33:15,1484.0,253466
2021-06-14 09:33:16,1484.0,253519
2021-06-14 09:33:17,1484.4,253623
2021-06-14 09:33:19,1483.95,254220
2021-06-14 09:33:18,1484.0,253955
2021-06-14 09:33:20,1483.7,254257
2021-06-14 09:33:21,1483.7,254520
2021-06-14 09:33:23,1483.1,255023
2021-06-14 09:33:22,1483.85,254871
2021-06-14 09:33:24,1484.0,255028
2021-06-14 09:33:25,1483.65,255083
2021-06-14 09:33:26,1483.8,255289
2021-06-14 09:33:27,1483.75,255319
2021-06-14 09:33:28,1483.1,255412
2021-06-14 09:33:29,1483.05,255475
2021-06-14 09:33:30,1483.15,255785
2021-06-14 09:33:32,1484.0,255789
2021-06-14 09:33:33,1483.65,255876
2021-06-14 09:33:34,1483.9,255897
2021-06-14 09:33:36,1483.8,256112
2021-06-14 09:33:37,1483.8,256114
2021-06-14 09:33:38,1483.1,256337
2021-06-14 09:33:40,1483.8,256538
2021-06-14 09:33:41,1483.5,256555
2021-06-14 09:33:42,1484.0,256718
2021-06-14 09:33:43,1484.0,256868
2021-06-14 09:33:44,1484.0,256868
2021-06-14 09:33:45,1483.5,256880
2021-06-14 09:33:46,1484.0,256884
2021-06-14 09:33:47,1483.95,256985
2021-06-14 09:33:48,1483.5,257113
2021-06-14 09:33:49,1483.95,257139
2021-06-14 09:33:51,1483.95,257253
2021-06-14 09:33:52,1483.65,257354
2021-06-14 09:33:53,1483.95,257544
2021-06-14 09:33:55,1483.7,257690
2021-06-14 09:33:56,1483.95,257720
2021-06-14 09:33:57,1483.95,257741
2021-06-14 09:33:58,1483.95,257786
2021-06-14 09:33:59,1483.5,257797
2021-06-14 09:34:00,1483.95,257859
2021-06-14 09:34:01,1483.95,257890
2021-06-14 09:34:02,1483.5,257959
2021-06-14 09:34:03,1483.5,258075
2021-06-14 09:34:04,1483.25,258097
2021-06-14 09:34:07,1483.4,258576
2021-06-14 09:34:08,1483.2,259135
2021-06-14 09:34:09,1483.4,259189
2021-06-14 09:34:10,1483.4,259234
2021-06-14 09:34:11,1483.2,259243
2021-06-14 09:34:12,1483.4,259704
2021-06-14 09:34:13,1483.1,260204
2021-06-14 09:34:15,1483.4,260402
2021-06-14 09:34:16,1483.4,260426
2021-06-14 09:34:17,1483.4,260426
2021-06-14 09:34:18,1483.4,260429
2021-06-14 09:34:19,1483.3,260483
2021-06-14 09:34:20,1483.4,260488
2021-06-14 09:34:21,1483.3,260590
2021-06-14 09:34:22,1483.1,260800
2021-06-14 09:34:23,1483.1,260822
2021-06-14 09:34:24,1483.6,260823
2021-06-14 09:34:25,1483.65,261242
2021-06-14 09:34:27,1483.4,261648
2021-06-14 09:34:28,1483.05,262447
2021-06-14 09:34:29,1483.0,262501
2021-06-14 09:34:31,1483.05,262644
2021-06-14 09:34:32,1483.1,262767
2021-06-14 09:34:33,1482.25,263033
2021-06-14 09:34:35,1482.7,263356
2021-06-14 09:34:36,1482.55,263377
2021-06-14 09:34:37,1482.4,263460
2021-06-14 09:34:38,1482.4,263774
2021-06-14 09:34:39,1482.35,263980
2021-06-14 09:34:40,1482.0,264038
2021-06-14 09:34:41,1481.7,265557
2021-06-14 09:34:42,1481.1,265658
2021-06-14 09:34:43,1481.8,265793
2021-06-14 09:34:44,1481.2,265829
2021-06-14 09:34:45,1481.2,265829
2021-06-14 09:34:46,1481.2,265882
2021-06-14 09:34:47,1481.45,265996
2021-06-14 09:34:48,1481.1,266082
2021-06-14 09:34:49,1481.0,266898
2021-06-14 09:34:50,1481.1,266910
2021-06-14 09:34:51,1481.0,267592
2021-06-14 09:34:52,1481.3,267644
2021-06-14 09:34:53,1480.95,270863
2021-06-14 09:34:54,1480.95,270863
2021-06-14 09:34:55,1480.65,271014
2021-06-14 09:34:56,1480.7,271113
2021-06-14 09:34:57,1480.15,271119
2021-06-14 09:34:58,1480.65,271246
2021-06-14 09:34:59,1480.1,272110
2021-06-14 09:35:00,1480.1,273290
2021-06-14 09:35:01,1480.1,273537
2021-06-14 09:35:02,1478.85,282347
2021-06-14 09:35:03,1478.7,284255
2021-06-14 09:35:04,1479.6,284381
2021-06-14 09:35:05,1479.6,284842
2021-06-14 09:35:06,1478.9,284880
2021-06-14 09:35:07,1478.85,284996
2021-06-14 09:35:08,1478.5,285298
2021-06-14 09:35:09,1478.7,285398
2021-06-14 09:35:11,1478.7,285618
2021-06-14 09:35:10,1478.7,285618
2021-06-14 09:35:12,1478.65,285914
2021-06-14 09:35:13,1478.7,286164
2021-06-14 09:35:14,1479.35,286387
2021-06-14 09:35:15,1479.5,286876
2021-06-14 09:35:16,1479.9,288503
2021-06-14 09:35:17,1480.1,289941
2021-06-14 09:35:18,1480.1,290074
2021-06-14 09:35:19,1480.65,290501
2021-06-14 09:35:20,1479.5,291011
2021-06-14 09:35:21,1480.55,291047
2021-06-14 09:35:22,1480.85,291079
2021-06-14 09:35:23,1480.85,291098
2021-06-14 09:35:24,1481.0,291307
2021-06-14 09:35:25,1481.9,291920
2021-06-14 09:35:26,1481.35,292246
2021-06-14 09:35:27,1482.15,292521
2021-06-14 09:35:28,1482.0,292708
2021-06-14 09:35:29,1483.0,292859
2021-06-14 09:35:30,1483.0,292859
2021-06-14 09:35:31,1482.6,293163
2021-06-14 09:35:32,1482.05,294347
2021-06-14 09:35:33,1481.9,294506
2021-06-14 09:35:34,1481.9,294515
2021-06-14 09:35:35,1481.95,294598
2021-06-14 09:35:37,1481.4,294661
2021-06-14 09:35:36,1481.4,294640
2021-06-14 09:35:38,1481.4,294754
2021-06-14 09:35:39,1481.4,294819
2021-06-14 09:35:40,1481.4,294860
2021-06-14 09:35:41,1482.05,294917
2021-06-14 09:35:42,1481.8,294945
2021-06-14 09:35:43,1482.0,295081
2021-06-14 09:35:44,1481.4,295316
2021-06-14 09:35:45,1482.05,295457
2021-06-14 09:35:46,1482.85,295836
2021-06-14 09:35:47,1482.8,295908
2021-06-14 09:35:48,1482.8,295974
2021-06-14 09:35:50,1483.0,296029
2021-06-14 09:35:51,1482.5,296119
2021-06-14 09:35:52,1482.85,296158
2021-06-14 09:35:53,1483.0,296689
2021-06-14 09:35:54,1483.75,296812
2021-06-14 09:35:56,1483.65,297349
2021-06-14 09:35:57,1484.05,297543
2021-06-14 09:35:58,1483.5,297684
2021-06-14 09:35:59,1484.5,297877
2021-06-14 09:36:00,1484.5,297903
2021-06-14 09:36:01,1484.5,298026
2021-06-14 09:36:03,1484.7,298219
2021-06-14 09:36:04,1484.7,298219
2021-06-14 09:36:05,1484.6,298236
2021-06-14 09:36:06,1484.8,298329
2021-06-14 09:36:08,1484.9,299355
2021-06-14 09:36:09,1485.55,299712
2021-06-14 09:36:10,1484.9,299732
2021-06-14 09:36:11,1485.8,300433
2021-06-14 09:36:12,1484.75,300451
2021-06-14 09:36:13,1485.5,300516
2021-06-14 09:36:14,1485.4,300580
2021-06-14 09:36:15,1484.75,300593
2021-06-14 09:36:16,1485.4,300669
2021-06-14 09:36:17,1485.55,300832
2021-06-14 09:36:18,1484.7,300887
2021-06-14 09:36:19,1484.7,300899
2021-06-14 09:36:20,1485.5,300946
2021-06-14 09:36:21,1485.4,300996
2021-06-14 09:36:22,1485.55,301090
2021-06-14 09:36:23,1484.9,301235
2021-06-14 09:36:24,1485.5,301443
2021-06-14 09:36:25,1485.7,302160
2021-06-14 09:36:26,1485.6,302516
2021-06-14 09:36:27,1485.0,302670
2021-06-14 09:36:28,1484.75,302779
2021-06-14 09:36:29,1485.5,303048
2021-06-14 09:36:31,1485.45,303082
2021-06-14 09:36:32,1485.4,303092
2021-06-14 09:36:33,1485.1,303173
2021-06-14 09:36:34,1484.7,303255
2021-06-14 09:36:35,1485.0,303270
2021-06-14 09:36:36,1484.4,303271
2021-06-14 09:36:37,1485.0,303386
2021-06-14 09:36:38,1485.0,303578
2021-06-14 09:36:39,1484.3,303585
2021-06-14 09:36:40,1484.15,303610
2021-06-14 09:36:40,1484.15,303625
2021-06-14 09:36:41,1484.4,303786
2021-06-14 09:36:42,1483.8,303856
2021-06-14 09:36:43,1483.5,304034
2021-06-14 09:36:44,1483.1,304075
2021-06-14 09:36:45,1483.35,304701
2021-06-14 09:36:46,1483.5,304953
2021-06-14 09:36:47,1483.2,305032
2021-06-14 09:36:48,1482.6,305056
2021-06-14 09:36:49,1482.6,305068
2021-06-14 09:36:50,1483.3,305099
2021-06-14 09:36:51,1482.9,305172
2021-06-14 09:36:52,1483.35,305196
2021-06-14 09:36:53,1483.85,305340
2021-06-14 09:36:54,1483.2,305348
2021-06-14 09:36:55,1484.0,305404
2021-06-14 09:36:57,1484.0,305414
2021-06-14 09:36:58,1484.0,305496
2021-06-14 09:36:59,1484.0,305526
2021-06-14 09:37:01,1483.4,305608
2021-06-14 09:37:02,1483.25,305795
2021-06-14 09:37:03,1483.5,305867
2021-06-14 09:37:04,1483.0,305902
2021-06-14 09:37:05,1483.0,305939
2021-06-14 09:37:07,1483.5,306028
2021-06-14 09:37:08,1483.4,306109
2021-06-14 09:37:09,1484.0,306121
2021-06-14 09:37:10,1484.0,306632
2021-06-14 09:37:11,1483.8,306799
2021-06-14 09:37:12,1485.2,307359
2021-06-14 09:37:13,1485.45,307369
2021-06-14 09:37:14,1484.75,307431
2021-06-14 09:37:15,1484.55,307797
2021-06-14 09:37:16,1484.5,308102
2021-06-14 09:37:17,1483.8,308222
2021-06-14 09:37:18,1483.8,308412
2021-06-14 09:37:19,1484.15,308462
2021-06-14 09:37:20,1484.25,308493
2021-06-14 09:37:22,1485.9,308741
2021-06-14 09:37:23,1484.3,309425
2021-06-14 09:37:25,1483.5,310325
2021-06-14 09:37:25,1483.35,310335
2021-06-14 09:37:26,1483.95,310451
2021-06-14 09:37:27,1484.3,310488
2021-06-14 09:37:29,1484.35,310679
2021-06-14 09:37:30,1484.55,310723
2021-06-14 09:37:31,1483.6,310957
2021-06-14 09:37:32,1484.7,311394
2021-06-14 09:37:33,1484.65,311618
2021-06-14 09:37:34,1485.0,311874
2021-06-14 09:37:35,1484.55,312439
2021-06-14 09:37:36,1485.45,312466
2021-06-14 09:37:37,1484.5,312467
2021-06-14 09:37:38,1485.35,312519
2021-06-14 09:37:39,1484.55,312565
2021-06-14 09:37:40,1485.55,312583
2021-06-14 09:37:41,1486.0,313724
2021-06-14 09:37:42,1484.95,313888
2021-06-14 09:37:43,1484.45,313994
2021-06-14 09:37:45,1484.85,314287
2021-06-14 09:37:46,1485.0,314317
2021-06-14 09:37:47,1485.0,314786
2021-06-14 09:37:48,1485.0,314913
2021-06-14 09:37:49,1485.0,314960
2021-06-14 09:37:50,1484.45,315019
2021-06-14 09:37:51,1485.45,315457
2021-06-14 09:37:52,1485.15,316404
2021-06-14 09:37:53,1484.25,316645
2021-06-14 09:37:54,1484.85,316740
2021-06-14 09:37:55,1484.85,316743
2021-06-14 09:37:56,1484.45,316746
2021-06-14 09:37:57,1484.9,316998
2021-06-14 09:37:58,1484.25,317077
2021-06-14 09:37:59,1484.8,317218
2021-06-14 09:38:01,1484.9,317413
2021-06-14 09:38:02,1484.3,317454
2021-06-14 09:38:03,1485.0,317471
2021-06-14 09:38:04,1485.0,317568
2021-06-14 09:38:05,1485.65,317590
2021-06-14 09:38:06,1485.6,317668
2021-06-14 09:38:07,1485.6,317694
2021-06-14 09:38:08,1485.0,317719
2021-06-14 09:38:09,1484.8,317987
2021-06-14 09:38:10,1485.0,318060
2021-06-14 09:38:11,1485.0,318064
2021-06-14 09:38:12,1485.0,318117
2021-06-14 09:38:13,1485.2,318126
2021-06-14 09:38:14,1483.9,319173
2021-06-14 09:38:15,1483.75,319501
2021-06-14 09:38:16,1483.75,320040
2021-06-14 09:38:17,1483.65,320198
2021-06-14 09:38:18,1483.0,320231
2021-06-14 09:38:19,1484.05,320400
2021-06-14 09:38:20,1483.5,320451
2021-06-14 09:38:21,1483.5,320464
2021-06-14 09:38:22,1483.8,320679
2021-06-14 09:38:23,1483.05,320716
2021-06-14 09:38:24,1483.65,320745
2021-06-14 09:38:25,1483.65,320753
2021-06-14 09:38:26,1483.6,320987
2021-06-14 09:38:27,1483.65,321165
2021-06-14 09:38:28,1483.05,321206
2021-06-14 09:38:29,1483.65,322398
2021-06-14 09:38:30,1483.75,322421
2021-06-14 09:38:32,1483.65,323052
2021-06-14 09:38:33,1484.1,323056
2021-06-14 09:38:34,1484.35,323888
2021-06-14 09:38:35,1483.05,324182
2021-06-14 09:38:37,1484.0,324356
2021-06-14 09:38:38,1483.05,324382
2021-06-14 09:38:39,1483.8,324497
2021-06-14 09:38:40,1483.85,324528
2021-06-14 09:38:41,1484.85,324608
2021-06-14 09:38:42,1484.0,324660
2021-06-14 09:38:43,1484.65,324678
2021-06-14 09:38:44,1484.7,324768
2021-06-14 09:38:45,1485.0,324840
2021-06-14 09:38:46,1484.75,324886
2021-06-14 09:38:47,1484.75,324943
2021-06-14 09:38:49,1485.2,325013
2021-06-14 09:38:50,1485.0,325014
2021-06-14 09:38:51,1485.2,325017
2021-06-14 09:38:52,1485.2,325207
2021-06-14 09:38:52,1485.0,325210
2021-06-14 09:38:53,1485.5,325261
2021-06-14 09:38:54,1485.5,325262
2021-06-14 09:38:55,1485.2,325540
2021-06-14 09:38:56,1485.95,325654
2021-06-14 09:38:57,1485.0,325709
2021-06-14 09:38:58,1485.2,325887
2021-06-14 09:39:00,1486.0,326041
2021-06-14 09:39:01,1486.5,326199
2021-06-14 09:39:02,1486.5,326247
2021-06-14 09:39:03,1486.5,326247
2021-06-14 09:39:04,1486.5,326463
2021-06-14 09:39:05,1486.75,326676
2021-06-14 09:39:06,1486.75,326838
2021-06-14 09:39:07,1486.6,326998
2021-06-14 09:39:08,1486.6,327006
2021-06-14 09:39:09,1486.0,327011
2021-06-14 09:39:10,1486.65,327018
2021-06-14 09:39:11,1486.6,327043
2021-06-14 09:39:12,1485.95,327156
2021-06-14 09:39:13,1485.85,327163
2021-06-14 09:39:14,1486.0,327219
2021-06-14 09:39:15,1486.0,327220
2021-06-14 09:39:16,1486.55,327415
2021-06-14 09:39:17,1486.5,327547
2021-06-14 09:39:18,1486.1,327553
2021-06-14 09:39:19,1486.5,327684
2021-06-14 09:39:20,1486.5,327784
2021-06-14 09:39:21,1486.6,327786
2021-06-14 09:39:23,1486.6,327829
2021-06-14 09:39:24,1486.1,328049
2021-06-14 09:39:24,1486.0,328104
2021-06-14 09:39:25,1486.6,328176
2021-06-14 09:39:26,1486.8,328227
2021-06-14 09:39:27,1486.15,328228
2021-06-14 09:39:28,1487.0,328283
2021-06-14 09:39:30,1486.9,328306
2021-06-14 09:39:31,1486.0,328932
2021-06-14 09:39:32,1486.5,329316
2021-06-14 09:39:33,1486.55,329392
2021-06-14 09:39:33,1486.05,329409
2021-06-14 09:39:37,1486.7,329463
2021-06-14 09:39:38,1486.6,329536
2021-06-14 09:39:39,1486.05,329552
2021-06-14 09:39:40,1486.7,329578
2021-06-14 09:39:41,1486.05,329620
2021-06-14 09:39:43,1486.65,329723
2021-06-14 09:39:44,1486.05,329738
2021-06-14 09:39:45,1486.05,329742
2021-06-14 09:39:46,1486.65,330525
2021-06-14 09:39:47,1486.5,330981
2021-06-14 09:39:48,1486.0,331088
2021-06-14 09:39:49,1485.55,331102
2021-06-14 09:39:50,1485.55,331106
2021-06-14 09:39:51,1486.5,331238
2021-06-14 09:39:52,1486.5,331273
2021-06-14 09:39:53,1485.9,331276
2021-06-14 09:39:54,1486.5,331296
2021-06-14 09:39:55,1485.9,331302
2021-06-14 09:39:56,1485.6,331487
2021-06-14 09:39:57,1485.55,331901
2021-06-14 09:39:58,1483.95,334112
2021-06-14 09:39:59,1484.45,334680
2021-06-14 09:40:01,1484.55,334751
2021-06-14 09:40:02,1484.55,334868
2021-06-14 09:40:03,1484.8,335039
2021-06-14 09:40:04,1485.15,335150
2021-06-14 09:40:05,1484.55,335280
2021-06-14 09:40:06,1485.1,335462
2021-06-14 09:40:07,1485.35,335562
2021-06-14 09:40:08,1484.55,335602
2021-06-14 09:40:09,1485.65,335765
2021-06-14 09:40:10,1485.65,335765
2021-06-14 09:40:11,1485.6,336106
2021-06-14 09:40:12,1486.0,336328
2021-06-14 09:40:14,1485.9,336368
2021-06-14 09:40:16,1486.8,336895
2021-06-14 09:40:17,1486.5,336945
2021-06-14 09:40:18,1486.05,337072
2021-06-14 09:40:19,1486.5,337205
2021-06-14 09:40:21,1486.5,337343
2021-06-14 09:40:22,1486.5,337531
2021-06-14 09:40:22,1486.5,337566
2021-06-14 09:40:23,1486.5,337834
2021-06-14 09:40:25,1486.5,338731
2021-06-14 09:40:25,1486.5,338941
2021-06-14 09:40:26,1487.0,338943
2021-06-14 09:40:27,1487.0,338953
2021-06-14 09:40:28,1486.5,338990
2021-06-14 09:40:29,1486.95,339056
2021-06-14 09:40:30,1487.0,339072
2021-06-14 09:40:31,1487.0,339088
2021-06-14 09:40:32,1486.05,339632
2021-06-14 09:40:33,1486.4,339775
2021-06-14 09:40:34,1486.15,340215
2021-06-14 09:40:35,1485.85,340328
2021-06-14 09:40:36,1486.3,340409
2021-06-14 09:40:37,1485.7,340416
2021-06-14 09:40:38,1486.3,340419
2021-06-14 09:40:39,1486.2,340438
2021-06-14 09:40:40,1486.2,340440
2021-06-14 09:40:41,1486.2,340440
2021-06-14 09:40:42,1486.2,340451
2021-06-14 09:40:43,1486.2,340521
2021-06-14 09:40:44,1486.2,340521
2021-06-14 09:40:45,1485.85,340736
2021-06-14 09:40:46,1485.85,340736
2021-06-14 09:40:47,1486.05,340760
2021-06-14 09:40:48,1486.2,340795
2021-06-14 09:40:49,1486.2,340969
2021-06-14 09:40:50,1484.8,341627
2021-06-14 09:40:51,1486.05,341695
2021-06-14 09:40:52,1486.05,341843
2021-06-14 09:40:54,1486.55,341844
2021-06-14 09:40:54,1486.0,341849
2021-06-14 09:40:56,1485.75,341876
2021-06-14 09:40:57,1486.0,341886
2021-06-14 09:40:57,1485.85,342011
2021-06-14 09:40:58,1486.3,342149
2021-06-14 09:40:59,1485.8,342400
2021-06-14 09:41:00,1485.8,342400
2021-06-14 09:41:01,1486.55,342403
2021-06-14 09:41:02,1486.8,342413
2021-06-14 09:41:04,1486.5,342414
2021-06-14 09:41:05,1486.1,342479
2021-06-14 09:41:06,1486.0,342703
2021-06-14 09:41:07,1486.65,342939
2021-06-14 09:41:08,1486.45,342992
2021-06-14 09:41:08,1486.45,343035
2021-06-14 09:41:09,1486.0,343249
2021-06-14 09:41:11,1486.1,343334
2021-06-14 09:41:13,1486.1,343395
2021-06-14 09:41:14,1486.1,343433
2021-06-14 09:41:15,1485.45,344733
2021-06-14 09:41:16,1485.2,344796
2021-06-14 09:41:18,1485.25,344951
2021-06-14 09:41:19,1485.95,344988
2021-06-14 09:41:20,1485.3,344989
2021-06-14 09:41:21,1485.1,345234
2021-06-14 09:41:23,1485.2,345291
2021-06-14 09:41:24,1485.95,345302
2021-06-14 09:41:25,1485.9,345361
2021-06-14 09:41:26,1486.0,345714
2021-06-14 09:41:27,1485.9,345716
2021-06-14 09:41:27,1485.45,345736
2021-06-14 09:41:28,1485.9,345826
2021-06-14 09:41:29,1485.3,346226
2021-06-14 09:41:30,1485.9,346276
2021-06-14 09:41:31,1485.9,346686
2021-06-14 09:41:32,1485.9,346686
2021-06-14 09:41:33,1485.9,346686
2021-06-14 09:41:34,1485.9,346686
2021-06-14 09:41:35,1485.9,346724
2021-06-14 09:41:38,1485.9,346930
2021-06-14 09:41:38,1485.9,346944
2021-06-14 09:41:39,1486.6,347073
2021-06-14 09:41:40,1486.6,347073
2021-06-14 09:41:42,1486.2,347269
2021-06-14 09:41:42,1486.85,347271
2021-06-14 09:41:43,1486.75,347281
2021-06-14 09:41:44,1486.1,347381
2021-06-14 09:41:46,1486.5,347436
2021-06-14 09:41:47,1486.5,347438
2021-06-14 09:41:48,1486.5,347448
2021-06-14 09:41:49,1486.5,347448
2021-06-14 09:41:50,1486.5,347448
2021-06-14 09:41:50,1486.5,347448
2021-06-14 09:41:51,1486.5,347448
2021-06-14 09:41:54,1486.7,347484
2021-06-14 09:41:55,1486.7,347484
2021-06-14 09:41:56,1486.9,348579
2021-06-14 09:41:57,1486.7,348654
2021-06-14 09:41:58,1486.95,348702
2021-06-14 09:41:59,1486.95,348756
2021-06-14 09:42:00,1486.8,348760
2021-06-14 09:42:01,1486.8,348760
2021-06-14 09:42:02,1487.7,349609
2021-06-14 09:42:03,1488.0,349709
2021-06-14 09:42:05,1487.5,349824
2021-06-14 09:42:06,1487.2,350014
2021-06-14 09:42:08,1488.05,350280
2021-06-14 09:42:08,1488.05,350292
2021-06-14 09:42:10,1488.05,350292
2021-06-14 09:42:11,1488.75,350571
2021-06-14 09:42:12,1488.85,350606
2021-06-14 09:42:13,1488.6,350620
2021-06-14 09:42:14,1488.6,350623
2021-06-14 09:42:15,1488.6,350624
2021-06-14 09:42:16,1488.1,350625
2021-06-14 09:42:17,1488.65,350670
2021-06-14 09:42:17,1488.65,350671
2021-06-14 09:42:19,1488.0,351341
2021-06-14 09:42:20,1488.1,351366
2021-06-14 09:42:21,1488.0,351461
2021-06-14 09:42:23,1488.0,351508
2021-06-14 09:42:24,1488.6,351510
2021-06-14 09:42:25,1488.6,351619
2021-06-14 09:42:26,1488.15,351720
2021-06-14 09:42:27,1488.6,351876
2021-06-14 09:42:28,1488.9,351898
2021-06-14 09:42:29,1488.85,351903
2021-06-14 09:42:30,1488.5,351904
2021-06-14 09:42:32,1488.8,352063
2021-06-14 09:42:33,1488.15,352163
2021-06-14 09:42:34,1488.75,352184
2021-06-14 09:42:35,1488.6,352190
2021-06-14 09:42:35,1488.6,352190
2021-06-14 09:42:37,1488.6,352190
2021-06-14 09:42:38,1488.6,352241
2021-06-14 09:42:39,1488.8,352352
2021-06-14 09:42:40,1488.9,352432
2021-06-14 09:42:41,1488.5,352536
2021-06-14 09:42:42,1489.0,353166
2021-06-14 09:42:43,1488.25,353374
2021-06-14 09:42:44,1488.25,353413
2021-06-14 09:42:45,1488.9,353465
2021-06-14 09:42:46,1489.0,353468
2021-06-14 09:42:47,1489.0,353480
2021-06-14 09:42:48,1489.0,353497
2021-06-14 09:42:50,1489.0,353569
2021-06-14 09:42:50,1489.0,353569
2021-06-14 09:42:52,1489.0,353614
2021-06-14 09:42:53,1489.0,353614
2021-06-14 09:42:54,1489.1,353744
2021-06-14 09:42:54,1489.1,353744
2021-06-14 09:42:55,1489.1,353744
2021-06-14 09:42:56,1489.1,353784
2021-06-14 09:42:57,1489.1,353791
2021-06-14 09:42:58,1489.15,353830
2021-06-14 09:43:00,1489.4,353990
2021-06-14 09:43:01,1489.0,354011
2021-06-14 09:43:02,1489.0,354170
2021-06-14 09:43:03,1488.9,354191
2021-06-14 09:43:04,1488.6,354464
2021-06-14 09:43:06,1487.0,354736
2021-06-14 09:43:07,1487.55,354740
2021-06-14 09:43:08,1487.0,354810
2021-06-14 09:43:09,1487.0,354810
2021-06-14 09:43:10,1487.05,354813
2021-06-14 09:43:11,1487.05,354813
2021-06-14 09:43:12,1486.7,354967
2021-06-14 09:43:13,1487.4,355228
2021-06-14 09:43:14,1487.4,355233
2021-06-14 09:43:15,1487.4,355235
2021-06-14 09:43:16,1488.0,356190
2021-06-14 09:43:17,1488.0,356190
2021-06-14 09:43:18,1488.0,356190
2021-06-14 09:43:19,1487.65,356385
2021-06-14 09:43:20,1487.55,356670
2021-06-14 09:43:21,1487.15,356973
2021-06-14 09:43:22,1487.15,356991
2021-06-14 09:43:23,1487.15,357041
2021-06-14 09:43:24,1487.15,357041
2021-06-14 09:43:25,1488.0,357056
2021-06-14 09:43:26,1488.0,357075
2021-06-14 09:43:27,1488.0,357075
2021-06-14 09:43:29,1488.6,357429
2021-06-14 09:43:30,1488.75,357440
2021-06-14 09:43:31,1488.9,357450
2021-06-14 09:43:32,1488.9,357450
2021-06-14 09:43:33,1488.1,357485
2021-06-14 09:43:34,1488.7,357495
2021-06-14 09:43:34,1488.7,357495
2021-06-14 09:43:35,1488.95,357499
2021-06-14 09:43:37,1488.1,357811
2021-06-14 09:43:38,1488.1,357811
2021-06-14 09:43:39,1488.8,357916
2021-06-14 09:43:40,1489.0,358467
2021-06-14 09:43:41,1488.8,358792
2021-06-14 09:43:43,1488.45,358992
2021-06-14 09:43:44,1488.8,359002
2021-06-14 09:43:45,1489.15,359006
2021-06-14 09:43:46,1489.15,359012
2021-06-14 09:43:47,1489.6,359121
2021-06-14 09:43:48,1489.6,359121
2021-06-14 09:43:49,1489.55,359126
2021-06-14 09:43:50,1489.55,359166
2021-06-14 09:43:51,1489.55,359166
2021-06-14 09:43:52,1489.55,359166
2021-06-14 09:43:52,1489.55,359166
2021-06-14 09:43:54,1489.2,359221
2021-06-14 09:43:55,1489.5,359263
2021-06-14 09:43:56,1489.5,359263
2021-06-14 09:43:57,1490.5,360431
2021-06-14 09:43:58,1490.05,360434
2021-06-14 09:43:59,1490.05,360454
2021-06-14 09:44:00,1489.5,360936
2021-06-14 09:44:01,1489.65,360993
2021-06-14 09:44:02,1489.65,361054
2021-06-14 09:44:03,1489.65,361054
2021-06-14 09:44:04,1489.65,361059
2021-06-14 09:44:05,1489.1,361177
2021-06-14 09:44:07,1489.05,361454
2021-06-14 09:44:06,1488.7,361429
2021-06-14 09:44:08,1489.0,361673
2021-06-14 09:44:09,1488.7,361924
2021-06-14 09:44:10,1488.3,362033
2021-06-14 09:44:11,1488.7,362035
2021-06-14 09:44:12,1488.7,362045
2021-06-14 09:44:13,1488.7,362060
2021-06-14 09:44:14,1488.7,362060
2021-06-14 09:44:14,1488.7,362573
2021-06-14 09:44:16,1488.7,362586
2021-06-14 09:44:18,1488.7,362608
2021-06-14 09:44:17,1488.7,362586
2021-06-14 09:44:19,1488.7,362841
2021-06-14 09:44:20,1488.7,363031
2021-06-14 09:44:22,1488.75,363246
2021-06-14 09:44:23,1489.3,363251
2021-06-14 09:44:24,1489.4,363256
2021-06-14 09:44:24,1489.4,363256
2021-06-14 09:44:27,1489.4,363264
2021-06-14 09:44:29,1489.4,363264
2021-06-14 09:44:30,1489.0,363285
2021-06-14 09:44:31,1489.45,363333
2021-06-14 09:44:32,1489.45,363333
2021-06-14 09:44:33,1489.4,363334
2021-06-14 09:44:34,1489.45,363354
2021-06-14 09:44:35,1488.7,363523
2021-06-14 09:44:36,1489.2,363602
2021-06-14 09:44:37,1489.2,363726
2021-06-14 09:44:38,1489.2,363727
2021-06-14 09:44:39,1489.5,364878
2021-06-14 09:44:40,1488.75,364894
2021-06-14 09:44:41,1489.35,368025
2021-06-14 09:44:42,1489.15,368535
2021-06-14 09:44:43,1488.45,369175
2021-06-14 09:44:45,1489.5,369929
2021-06-14 09:44:46,1489.5,369929
2021-06-14 09:44:48,1489.15,370314
2021-06-14 09:44:49,1489.55,370353
2021-06-14 09:44:50,1489.55,370366
2021-06-14 09:44:51,1489.55,370406
2021-06-14 09:44:52,1489.5,370447
2021-06-14 09:44:53,1489.5,371031
2021-06-14 09:44:54,1489.55,371832
2021-06-14 09:44:55,1489.55,371882
2021-06-14 09:44:57,1489.55,371884
2021-06-14 09:44:58,1489.5,371885
2021-06-14 09:44:59,1488.7,372142
2021-06-14 09:45:00,1488.5,372192
2021-06-14 09:45:01,1488.4,372657
2021-06-14 09:45:02,1488.7,372704
2021-06-14 09:45:03,1488.15,372926
2021-06-14 09:45:04,1488.9,372928
2021-06-14 09:45:05,1487.2,373563
2021-06-14 09:45:06,1487.9,373652
2021-06-14 09:45:07,1488.2,373833
2021-06-14 09:45:08,1488.65,373834
2021-06-14 09:45:09,1488.65,373844
2021-06-14 09:45:10,1488.65,373852
2021-06-14 09:45:11,1488.65,373862
2021-06-14 09:45:12,1488.2,374032
2021-06-14 09:45:14,1488.2,374032
2021-06-14 09:45:15,1488.55,374039
2021-06-14 09:45:16,1487.1,374281
2021-06-14 09:45:17,1487.95,374312
2021-06-14 09:45:18,1487.95,374312
2021-06-14 09:45:19,1487.85,374337
2021-06-14 09:45:20,1487.85,374337
2021-06-14 09:45:21,1487.3,374379
2021-06-14 09:45:23,1488.0,374390
2021-06-14 09:45:24,1488.0,374401
2021-06-14 09:45:25,1488.0,374570
2021-06-14 09:45:26,1487.5,374610
2021-06-14 09:45:27,1488.0,374647
2021-06-14 09:45:28,1488.0,374647
2021-06-14 09:45:29,1488.55,374785
2021-06-14 09:45:30,1488.3,375073
2021-06-14 09:45:31,1488.35,375083
2021-06-14 09:45:32,1488.5,375354
2021-06-14 09:45:33,1488.5,375354
2021-06-14 09:45:34,1489.2,375454
2021-06-14 09:45:35,1489.5,375696
2021-06-14 09:45:36,1489.5,375711
2021-06-14 09:45:40,1489.45,375726
2021-06-14 09:45:41,1489.45,375726
2021-06-14 09:45:42,1489.5,375727
2021-06-14 09:45:43,1488.6,375832
2021-06-14 09:45:44,1488.6,375853
2021-06-14 09:45:45,1488.95,376535
2021-06-14 09:45:46,1488.1,376539
2021-06-14 09:45:47,1488.75,376546
2021-06-14 09:45:48,1489.0,376633
2021-06-14 09:45:49,1489.0,376638
2021-06-14 09:45:50,1489.0,376638
2021-06-14 09:45:51,1488.95,376672
2021-06-14 09:45:52,1488.95,376673
2021-06-14 09:45:53,1489.0,376774
2021-06-14 09:45:54,1488.95,376813
2021-06-14 09:45:55,1488.85,376843
2021-06-14 09:45:56,1488.85,376843
2021-06-14 09:45:57,1489.0,376943
2021-06-14 09:45:58,1489.0,376943
2021-06-14 09:46:01,1488.75,377055
2021-06-14 09:46:02,1488.9,377339
2021-06-14 09:46:03,1488.95,377370
2021-06-14 09:46:05,1488.5,377835
2021-06-14 09:46:06,1488.5,377847
2021-06-14 09:46:07,1488.5,377847
2021-06-14 09:46:08,1488.05,377909
2021-06-14 09:46:09,1488.5,378006
2021-06-14 09:46:10,1488.5,378011
2021-06-14 09:46:11,1488.15,378031
2021-06-14 09:46:12,1488.15,378043
2021-06-14 09:46:13,1488.15,378043
2021-06-14 09:46:14,1488.15,378070
2021-06-14 09:46:15,1488.5,378101
2021-06-14 09:46:16,1488.5,378101
2021-06-14 09:46:17,1488.15,378131
2021-06-14 09:46:18,1488.15,378181
2021-06-14 09:46:19,1488.5,378186
2021-06-14 09:46:20,1488.15,378189
2021-06-14 09:46:21,1488.15,378209
2021-06-14 09:46:22,1488.4,378238
2021-06-14 09:46:23,1488.4,378238
2021-06-14 09:46:24,1488.5,378375
2021-06-14 09:46:25,1488.5,378375
2021-06-14 09:46:26,1488.5,378476
2021-06-14 09:46:28,1487.7,378799
2021-06-14 09:46:29,1487.85,378811
2021-06-14 09:46:31,1487.9,378868
2021-06-14 09:46:32,1487.9,378868
2021-06-14 09:46:33,1487.45,379046
2021-06-14 09:46:34,1487.95,379071
2021-06-14 09:46:35,1487.45,379096
2021-06-14 09:46:36,1487.85,379122
2021-06-14 09:46:37,1487.4,379136
2021-06-14 09:46:38,1488.2,379152
2021-06-14 09:46:39,1488.2,379165
2021-06-14 09:46:41,1487.85,379197
2021-06-14 09:46:42,1488.2,379198
2021-06-14 09:46:43,1488.05,379261
2021-06-14 09:46:44,1488.0,379271
2021-06-14 09:46:45,1488.0,379302
2021-06-14 09:46:46,1487.75,379305
2021-06-14 09:46:47,1487.7,379334
2021-06-14 09:46:49,1487.0,379343
2021-06-14 09:46:49,1487.0,379355
2021-06-14 09:46:50,1487.7,379366
2021-06-14 09:46:51,1487.7,379376
2021-06-14 09:46:52,1487.85,379480
2021-06-14 09:46:53,1487.85,379480
2021-06-14 09:46:54,1487.85,379480
2021-06-14 09:46:55,1487.7,379630
2021-06-14 09:46:56,1487.6,379632
2021-06-14 09:46:57,1487.6,379632
2021-06-14 09:46:58,1487.05,379641
2021-06-14 09:46:59,1486.35,380341
2021-06-14 09:47:00,1486.5,380557
2021-06-14 09:47:02,1486.9,380661
2021-06-14 09:47:03,1486.9,380663
2021-06-14 09:47:04,1486.9,380743
2021-06-14 09:47:05,1486.9,380806
2021-06-14 09:47:06,1486.05,381466
2021-06-14 09:47:07,1486.35,381573
2021-06-14 09:47:08,1486.75,381610
2021-06-14 09:47:09,1486.9,381612
2021-06-14 09:47:10,1486.2,381667
2021-06-14 09:47:11,1486.9,381669
2021-06-14 09:47:12,1486.2,381679
2021-06-14 09:47:13,1486.15,381778
2021-06-14 09:47:14,1486.05,381798
2021-06-14 09:47:16,1486.2,382240
2021-06-14 09:47:16,1486.5,382250
2021-06-14 09:47:17,1486.75,382403
2021-06-14 09:47:19,1486.5,382429
2021-06-14 09:47:20,1485.95,382640
2021-06-14 09:47:21,1485.9,382650
2021-06-14 09:47:22,1486.25,382656
2021-06-14 09:47:23,1486.5,382661
2021-06-14 09:47:23,1486.25,382662
2021-06-14 09:47:24,1486.5,382663
2021-06-14 09:47:25,1486.25,382666
2021-06-14 09:47:27,1486.2,382874
2021-06-14 09:47:28,1486.5,383086
2021-06-14 09:47:30,1486.25,383611
2021-06-14 09:47:31,1485.5,383978
2021-06-14 09:47:32,1485.6,384133
2021-06-14 09:47:33,1486.15,384248
2021-06-14 09:47:34,1486.1,384253
2021-06-14 09:47:35,1485.6,384359
2021-06-14 09:47:36,1485.5,384516
2021-06-14 09:47:37,1486.1,384519
2021-06-14 09:47:38,1486.0,384529
2021-06-14 09:47:39,1485.15,384672
2021-06-14 09:47:41,1485.85,384734
2021-06-14 09:47:42,1485.25,384756
2021-06-14 09:47:44,1485.9,385191
2021-06-14 09:47:44,1485.9,385191
2021-06-14 09:47:45,1485.95,385396
2021-06-14 09:47:46,1485.95,385397
2021-06-14 09:47:47,1485.6,385431
2021-06-14 09:47:48,1485.95,385435
2021-06-14 09:47:49,1485.95,385435
2021-06-14 09:47:50,1485.95,385455
2021-06-14 09:47:51,1485.95,385455
2021-06-14 09:47:52,1485.95,385465
2021-06-14 09:47:54,1485.95,385465
2021-06-14 09:47:54,1485.95,385465
2021-06-14 09:47:55,1485.9,385472
2021-06-14 09:47:56,1485.95,385477
2021-06-14 09:47:57,1486.0,385601
2021-06-14 09:47:58,1486.25,385925
2021-06-14 09:47:59,1487.0,385975
2021-06-14 09:48:01,1486.2,385985
2021-06-14 09:48:02,1487.0,386010
2021-06-14 09:48:02,1487.0,386010
2021-06-14 09:48:03,1487.0,386011
2021-06-14 09:48:04,1487.0,386013
2021-06-14 09:48:05,1486.6,386128
2021-06-14 09:48:06,1487.05,386241
2021-06-14 09:48:07,1487.05,386241
2021-06-14 09:48:08,1487.8,386268
2021-06-14 09:48:09,1487.55,386269
2021-06-14 09:48:10,1487.75,386296
2021-06-14 09:48:11,1487.75,386310
2021-06-14 09:48:13,1487.75,386310
2021-06-14 09:48:13,1487.75,386310
2021-06-14 09:48:14,1487.75,386310
2021-06-14 09:48:15,1487.7,386320
2021-06-14 09:48:17,1487.55,386327
2021-06-14 09:48:18,1487.7,386432
2021-06-14 09:48:20,1487.7,386432
2021-06-14 09:48:20,1487.5,386433
2021-06-14 09:48:21,1487.5,386433
2021-06-14 09:48:22,1487.7,386609
2021-06-14 09:48:23,1487.55,386672
2021-06-14 09:48:25,1487.55,386836
2021-06-14 09:48:26,1487.55,386839
2021-06-14 09:48:27,1487.0,387111
2021-06-14 09:48:28,1487.55,387216
2021-06-14 09:48:28,1487.55,387217
2021-06-14 09:48:30,1487.5,387228
2021-06-14 09:48:31,1486.8,387259
2021-06-14 09:48:32,1487.1,387276
2021-06-14 09:48:34,1487.0,387326
2021-06-14 09:48:35,1487.1,387426
2021-06-14 09:48:37,1487.05,387481
2021-06-14 09:48:37,1487.0,387544
2021-06-14 09:48:38,1486.5,387882
2021-06-14 09:48:39,1487.25,387932
2021-06-14 09:48:40,1487.0,388002
2021-06-14 09:48:41,1487.5,388102
2021-06-14 09:48:42,1487.0,388256
2021-06-14 09:48:44,1487.0,388256
2021-06-14 09:48:45,1487.0,388316
2021-06-14 09:48:46,1487.0,388316
2021-06-14 09:48:46,1486.95,388332
2021-06-14 09:48:47,1486.4,388342
2021-06-14 09:48:48,1487.0,388357
2021-06-14 09:48:49,1487.25,388557
2021-06-14 09:48:50,1487.0,388563
2021-06-14 09:48:52,1487.0,388563
2021-06-14 09:48:53,1487.0,388568
2021-06-14 09:48:54,1487.0,388573
2021-06-14 09:48:55,1486.4,388704
2021-06-14 09:48:55,1486.4,388704
2021-06-14 09:48:57,1487.0,388710
2021-06-14 09:48:58,1487.0,388710
2021-06-14 09:48:59,1486.4,388751
2021-06-14 09:49:00,1487.15,388864
2021-06-14 09:49:01,1487.15,388864
2021-06-14 09:49:01,1487.15,388864
2021-06-14 09:49:02,1486.5,388919
2021-06-14 09:49:05,1487.15,388954
2021-06-14 09:49:05,1487.0,388964
2021-06-14 09:49:06,1487.0,388971
2021-06-14 09:49:07,1487.0,389059
2021-06-14 09:49:08,1486.55,389236
2021-06-14 09:49:10,1487.0,389237
2021-06-14 09:49:11,1487.0,389237
2021-06-14 09:49:11,1487.0,389237
2021-06-14 09:49:12,1487.15,389307
2021-06-14 09:49:13,1486.35,389807
2021-06-14 09:49:14,1486.35,389807
2021-06-14 09:49:15,1486.35,389976
2021-06-14 09:49:16,1486.05,390511
2021-06-14 09:49:20,1487.25,390522
2021-06-14 09:49:20,1486.55,390606
2021-06-14 09:49:21,1486.55,390606
2021-06-14 09:49:24,1486.75,390708
2021-06-14 09:49:25,1486.75,390708
2021-06-14 09:49:26,1486.75,390708
2021-06-14 09:49:27,1486.75,390720
2021-06-14 09:49:29,1487.3,390730
2021-06-14 09:49:30,1486.75,390732
2021-06-14 09:49:30,1487.3,390837
2021-06-14 09:49:31,1487.3,390841
2021-06-14 09:49:32,1487.3,390841
2021-06-14 09:49:33,1486.75,390882
2021-06-14 09:49:34,1486.65,390905
2021-06-14 09:49:36,1487.3,390910
2021-06-14 09:49:37,1487.3,390910
2021-06-14 09:49:38,1487.3,390910
2021-06-14 09:49:39,1487.3,390910
2021-06-14 09:49:41,1487.3,390940
2021-06-14 09:49:44,1487.3,390943
2021-06-14 09:49:45,1487.0,390976
2021-06-14 09:49:46,1487.0,391076
2021-06-14 09:49:47,1487.0,391078
2021-06-14 09:49:48,1487.0,391101
2021-06-14 09:49:50,1486.6,391226
2021-06-14 09:49:51,1487.65,391276
2021-06-14 09:49:52,1486.9,391280
2021-06-14 09:49:52,1486.9,391280
2021-06-14 09:49:53,1486.9,391280
2021-06-14 09:49:54,1486.9,391280
2021-06-14 09:49:55,1487.3,391281
2021-06-14 09:49:56,1487.7,391286
2021-06-14 09:49:58,1487.7,391286
2021-06-14 09:49:59,1486.95,391469
2021-06-14 09:49:59,1486.9,391479
2021-06-14 09:50:00,1486.9,391558
2021-06-14 09:50:01,1487.5,391587
2021-06-14 09:50:02,1487.5,391587
2021-06-14 09:50:03,1487.65,391627
2021-06-14 09:50:04,1487.65,391627
2021-06-14 09:50:05,1487.65,391699
2021-06-14 09:50:07,1487.65,391699
2021-06-14 09:50:07,1487.9,391704
2021-06-14 09:50:09,1487.9,391821
2021-06-14 09:50:10,1487.4,392050
2021-06-14 09:50:11,1488.0,392134
2021-06-14 09:50:12,1487.3,392591
2021-06-14 09:50:14,1488.15,392649
2021-06-14 09:50:15,1488.15,392649
2021-06-14 09:50:16,1488.15,392649
2021-06-14 09:50:17,1487.9,392651
2021-06-14 09:50:18,1487.7,392718
2021-06-14 09:50:18,1487.7,392718
2021-06-14 09:50:19,1487.65,393032
2021-06-14 09:50:20,1487.0,393045
2021-06-14 09:50:21,1487.5,393446
2021-06-14 09:50:22,1487.5,393446
2021-06-14 09:50:23,1487.0,393466
2021-06-14 09:50:24,1487.0,393466
2021-06-14 09:50:25,1487.0,393470
2021-06-14 09:50:26,1487.65,393476
2021-06-14 09:50:27,1487.65,393476
2021-06-14 09:50:29,1488.05,395597
2021-06-14 09:50:30,1487.95,395638
2021-06-14 09:50:30,1487.95,395608
2021-06-14 09:50:31,1486.8,395818
2021-06-14 09:50:32,1487.3,395826
2021-06-14 09:50:33,1486.8,395836
2021-06-14 09:50:34,1486.85,395840
2021-06-14 09:50:35,1487.3,395945
2021-06-14 09:50:36,1487.3,395950
2021-06-14 09:50:37,1487.3,395951
2021-06-14 09:50:38,1487.1,396133
2021-06-14 09:50:39,1487.0,396135
2021-06-14 09:50:41,1487.8,396448
2021-06-14 09:50:42,1487.8,396448
2021-06-14 09:50:42,1487.8,396448
2021-06-14 09:50:43,1487.8,396448
2021-06-14 09:50:44,1487.8,396460
2021-06-14 09:50:45,1487.8,396460
2021-06-14 09:50:46,1487.8,396460
2021-06-14 09:50:47,1487.4,396471
2021-06-14 09:50:49,1487.35,396619
2021-06-14 09:50:50,1487.8,396819
2021-06-14 09:50:50,1487.8,396819
2021-06-14 09:50:51,1487.4,396880
2021-06-14 09:50:52,1487.85,396905
2021-06-14 09:50:53,1487.7,396997
2021-06-14 09:50:54,1487.7,396997
2021-06-14 09:50:56,1487.8,397112
2021-06-14 09:50:57,1487.8,397118
2021-06-14 09:50:58,1487.8,397119
2021-06-14 09:50:59,1487.8,397119
2021-06-14 09:51:00,1487.75,397134
2021-06-14 09:51:02,1487.8,397145
2021-06-14 09:51:02,1487.5,397165
2021-06-14 09:51:03,1487.4,397192
2021-06-14 09:51:04,1487.15,397219
2021-06-14 09:51:06,1487.8,397309
2021-06-14 09:51:07,1487.95,397319
2021-06-14 09:51:08,1487.75,397327
2021-06-14 09:51:09,1487.0,397521
2021-06-14 09:51:10,1487.0,397521
2021-06-14 09:51:11,1487.0,397521
2021-06-14 09:51:11,1487.0,397521
2021-06-14 09:51:12,1487.0,397764
2021-06-14 09:51:13,1487.0,397807
2021-06-14 09:51:15,1487.0,397807
2021-06-14 09:51:16,1487.0,397810
2021-06-14 09:51:18,1487.0,397938
2021-06-14 09:51:17,1486.8,397882
2021-06-14 09:51:19,1487.0,397942
2021-06-14 09:51:20,1486.8,397944
2021-06-14 09:51:21,1486.8,397944
2021-06-14 09:51:22,1487.0,397958
2021-06-14 09:51:24,1487.0,398094
2021-06-14 09:51:25,1487.0,398235
2021-06-14 09:51:26,1486.75,398236
2021-06-14 09:51:27,1487.0,398241
2021-06-14 09:51:28,1486.85,398271
2021-06-14 09:51:29,1486.85,398273
2021-06-14 09:51:30,1486.85,398278
2021-06-14 09:51:30,1486.85,398278
2021-06-14 09:51:32,1486.6,398494
2021-06-14 09:51:33,1486.0,398886
2021-06-14 09:51:34,1486.55,398936
2021-06-14 09:51:35,1486.0,399002
2021-06-14 09:51:35,1486.0,399002
2021-06-14 09:51:36,1486.0,399012
2021-06-14 09:51:37,1486.3,399020
2021-06-14 09:51:39,1486.3,399031
2021-06-14 09:51:40,1486.7,399083
2021-06-14 09:51:41,1486.7,399093
2021-06-14 09:51:42,1486.5,399099
2021-06-14 09:51:42,1486.5,399099
2021-06-14 09:51:43,1486.0,399269
2021-06-14 09:51:44,1486.1,399313
2021-06-14 09:51:45,1486.65,399316
2021-06-14 09:51:47,1486.75,399341
2021-06-14 09:51:48,1486.75,399341
2021-06-14 09:51:49,1486.75,399344
2021-06-14 09:51:51,1486.75,399478
2021-06-14 09:51:52,1486.55,399731
2021-06-14 09:51:54,1486.75,399806
2021-06-14 09:51:55,1486.55,399818
2021-06-14 09:51:56,1486.75,399831
2021-06-14 09:51:57,1486.75,399856
2021-06-14 09:51:59,1486.75,399856
2021-06-14 09:52:00,1486.75,399856
2021-06-14 09:52:01,1486.55,399957
2021-06-14 09:52:02,1486.75,399972
2021-06-14 09:52:03,1487.0,400441
2021-06-14 09:52:03,1486.75,400442
2021-06-14 09:52:04,1487.0,400443
2021-06-14 09:52:06,1486.75,400512
2021-06-14 09:52:07,1486.4,401008
2021-06-14 09:52:08,1486.75,401009
2021-06-14 09:52:08,1486.75,401009
2021-06-14 09:52:09,1486.95,401092
2021-06-14 09:52:11,1486.95,401092
2021-06-14 09:52:12,1486.95,401107
2021-06-14 09:52:13,1486.2,403624
2021-06-14 09:52:14,1486.2,403624
2021-06-14 09:52:15,1485.6,403626
2021-06-14 09:52:16,1486.0,403729
2021-06-14 09:52:16,1486.0,403729
2021-06-14 09:52:17,1485.95,403734
2021-06-14 09:52:18,1485.95,403734
2021-06-14 09:52:19,1485.95,403784
2021-06-14 09:52:21,1485.95,403804
2021-06-14 09:52:22,1485.95,403804
2021-06-14 09:52:23,1485.55,403834
2021-06-14 09:52:24,1485.95,403846
2021-06-14 09:52:25,1485.45,404007
2021-06-14 09:52:25,1485.55,403857
2021-06-14 09:52:26,1485.9,404019
2021-06-14 09:52:28,1485.9,404027
2021-06-14 09:52:29,1485.9,404127
2021-06-14 09:52:30,1485.1,404511
2021-06-14 09:52:30,1485.1,404511
2021-06-14 09:52:31,1485.55,404742
2021-06-14 09:52:32,1484.95,408414
2021-06-14 09:52:33,1484.95,408438
2021-06-14 09:52:34,1485.0,408441
2021-06-14 09:52:35,1485.0,408456
2021-06-14 09:52:36,1484.5,408486
2021-06-14 09:52:38,1484.5,408486
2021-06-14 09:52:39,1484.5,408486
2021-06-14 09:52:40,1484.85,408488
2021-06-14 09:52:42,1484.25,408593
2021-06-14 09:52:42,1484.25,408593
2021-06-14 09:52:43,1484.85,408601
2021-06-14 09:52:44,1484.85,408601
2021-06-14 09:52:47,1484.15,409306
2021-06-14 09:52:46,1484.4,408627
2021-06-14 09:52:48,1484.2,409366
2021-06-14 09:52:49,1484.15,409401
2021-06-14 09:52:50,1484.85,409403
2021-06-14 09:52:52,1484.85,409405
2021-06-14 09:52:55,1484.85,409421
2021-06-14 09:52:54,1484.85,409411
2021-06-14 09:52:56,1484.85,409426
2021-06-14 09:52:56,1484.85,409438
2021-06-14 09:52:57,1484.85,409460
2021-06-14 09:52:58,1484.15,409484
2021-06-14 09:52:59,1484.15,409484
2021-06-14 09:53:02,1484.85,409551
2021-06-14 09:53:03,1484.85,409582
2021-06-14 09:53:04,1484.75,409712
2021-06-14 09:53:05,1484.75,409772
2021-06-14 09:53:06,1485.0,409841
2021-06-14 09:53:09,1484.45,410397
2021-06-14 09:53:09,1485.3,410417
2021-06-14 09:53:10,1485.3,410429
2021-06-14 09:53:11,1485.3,410429
2021-06-14 09:53:13,1485.4,410431
2021-06-14 09:53:14,1485.0,410442
2021-06-14 09:53:15,1485.3,410632
2021-06-14 09:53:16,1485.3,410632
2021-06-14 09:53:17,1485.0,410713
2021-06-14 09:53:18,1485.0,410713
2021-06-14 09:53:19,1485.0,410713
2021-06-14 09:53:20,1485.7,410714
2021-06-14 09:53:21,1485.7,410718
2021-06-14 09:53:22,1485.7,410718
2021-06-14 09:53:23,1485.6,410721
2021-06-14 09:53:23,1485.6,410721
2021-06-14 09:53:26,1485.65,410734
2021-06-14 09:53:27,1485.7,410765
2021-06-14 09:53:27,1485.7,410771
2021-06-14 09:53:29,1485.7,410775
2021-06-14 09:53:29,1485.7,410775
2021-06-14 09:53:32,1486.0,410945
2021-06-14 09:53:33,1486.1,410975
2021-06-14 09:53:34,1485.1,411125
2021-06-14 09:53:34,1485.1,411125
2021-06-14 09:53:35,1485.5,411128
2021-06-14 09:53:36,1485.5,411129
2021-06-14 09:53:38,1485.5,411184
2021-06-14 09:53:39,1485.5,411193
2021-06-14 09:53:40,1485.5,411193
2021-06-14 09:53:41,1485.1,411283
2021-06-14 09:53:42,1485.5,411289
2021-06-14 09:53:43,1485.65,411399
2021-06-14 09:53:44,1485.65,411399
2021-06-14 09:53:45,1485.65,411409
2021-06-14 09:53:46,1485.65,411409
2021-06-14 09:53:47,1485.1,411429
2021-06-14 09:53:48,1485.65,411430
2021-06-14 09:53:49,1485.6,411438
2021-06-14 09:53:50,1485.6,411438
2021-06-14 09:53:51,1485.65,411439
2021-06-14 09:53:52,1485.6,411490
2021-06-14 09:53:53,1485.6,411496
2021-06-14 09:53:54,1485.6,411496
2021-06-14 09:53:55,1485.5,411581
2021-06-14 09:53:55,1485.5,411581
2021-06-14 09:53:56,1485.5,411582
2021-06-14 09:53:57,1485.6,411592
2021-06-14 09:53:58,1485.65,411614
2021-06-14 09:54:00,1485.65,411622
2021-06-14 09:54:01,1485.2,411624
2021-06-14 09:54:02,1485.2,411734
2021-06-14 09:54:03,1485.6,411834
2021-06-14 09:54:04,1485.2,411835
2021-06-14 09:54:05,1485.2,411888
2021-06-14 09:54:07,1485.6,412013
2021-06-14 09:54:08,1485.7,412024
2021-06-14 09:54:09,1485.7,412024
2021-06-14 09:54:10,1485.5,412033
2021-06-14 09:54:10,1485.5,412033
2021-06-14 09:54:11,1485.1,412070
2021-06-14 09:54:12,1485.8,412105
2021-06-14 09:54:13,1485.8,412105
2021-06-14 09:54:15,1485.8,412121
2021-06-14 09:54:16,1485.8,412121
2021-06-14 09:54:17,1485.8,412121
2021-06-14 09:54:18,1486.1,412132
2021-06-14 09:54:18,1486.1,412132
2021-06-14 09:54:20,1486.1,412132
2021-06-14 09:54:21,1485.15,413489
2021-06-14 09:54:22,1485.3,413493
2021-06-14 09:54:22,1485.3,413493
2021-06-14 09:54:24,1485.3,413499
2021-06-14 09:54:25,1485.0,413510
2021-06-14 09:54:25,1485.0,413510
2021-06-14 09:54:26,1485.0,413511
2021-06-14 09:54:28,1485.35,413607
2021-06-14 09:54:30,1485.3,413641
2021-06-14 09:54:31,1484.35,414085
2021-06-14 09:54:32,1484.5,414125
2021-06-14 09:54:33,1485.3,414126
2021-06-14 09:54:34,1485.35,414139
2021-06-14 09:54:36,1485.0,414179
2021-06-14 09:54:37,1485.35,414229
2021-06-14 09:54:38,1485.35,414249
2021-06-14 09:54:39,1485.0,414271
2021-06-14 09:54:40,1485.4,414282
2021-06-14 09:54:41,1485.0,414286
2021-06-14 09:54:42,1485.0,414286
2021-06-14 09:54:42,1485.4,414291
2021-06-14 09:54:43,1485.4,414301
2021-06-14 09:54:45,1485.0,414326
2021-06-14 09:54:45,1485.0,414326
2021-06-14 09:54:46,1485.2,414421
2021-06-14 09:54:48,1485.25,414836
2021-06-14 09:54:48,1485.25,414836
2021-06-14 09:54:50,1485.5,414858
2021-06-14 09:54:51,1485.5,414858
2021-06-14 09:54:52,1485.4,414896
2021-06-14 09:54:53,1485.0,414918
2021-06-14 09:54:54,1485.5,414972
2021-06-14 09:54:55,1485.5,414993
2021-06-14 09:54:55,1485.5,414994
2021-06-14 09:54:56,1485.5,415010
2021-06-14 09:54:58,1485.5,415010
2021-06-14 09:54:58,1485.45,415312
2021-06-14 09:55:00,1484.7,415490
2021-06-14 09:55:01,1485.4,415664
2021-06-14 09:55:02,1485.5,415665
2021-06-14 09:55:03,1485.5,415680
2021-06-14 09:55:04,1485.5,415681
2021-06-14 09:55:05,1485.5,415682
2021-06-14 09:55:06,1485.0,415852
2021-06-14 09:55:07,1485.5,415952
2021-06-14 09:55:08,1485.5,415972
2021-06-14 09:55:09,1485.45,415982
2021-06-14 09:55:10,1485.45,415982
2021-06-14 09:55:11,1485.0,415999
2021-06-14 09:55:12,1485.45,416019
2021-06-14 09:55:13,1485.45,416059
2021-06-14 09:55:14,1485.45,416071
2021-06-14 09:55:15,1485.4,416073
2021-06-14 09:55:16,1485.5,416078
2021-06-14 09:55:17,1485.45,416103
2021-06-14 09:55:18,1485.65,416180
2021-06-14 09:55:19,1485.35,416197
2021-06-14 09:55:20,1485.35,416326
2021-06-14 09:55:22,1484.0,417726
2021-06-14 09:55:23,1484.0,417732
2021-06-14 09:55:24,1482.8,419848
2021-06-14 09:55:25,1483.35,421201
2021-06-14 09:55:26,1483.5,421372
2021-06-14 09:55:27,1483.65,421694
2021-06-14 09:55:28,1483.9,421724
2021-06-14 09:55:29,1483.9,421874
2021-06-14 09:55:30,1483.5,422050
2021-06-14 09:55:31,1483.6,422228
2021-06-14 09:55:32,1483.25,422563
2021-06-14 09:55:33,1484.6,422842
2021-06-14 09:55:35,1484.6,423236
2021-06-14 09:55:36,1484.6,423236
2021-06-14 09:55:37,1484.6,423236
2021-06-14 09:55:38,1484.0,423246
2021-06-14 09:55:39,1484.6,423397
2021-06-14 09:55:40,1484.7,423409
2021-06-14 09:55:42,1484.7,423419
2021-06-14 09:55:43,1484.7,423420
2021-06-14 09:55:44,1484.7,423420
2021-06-14 09:55:45,1484.5,423617
2021-06-14 09:55:46,1484.5,423617
2021-06-14 09:55:47,1484.5,423617
2021-06-14 09:55:48,1485.0,423649
2021-06-14 09:55:49,1484.15,424010
2021-06-14 09:55:50,1484.5,424139
2021-06-14 09:55:51,1484.7,424260
2021-06-14 09:55:52,1485.0,424265
2021-06-14 09:55:53,1485.0,424265
2021-06-14 09:55:54,1484.5,424282
2021-06-14 09:55:55,1485.0,424332
2021-06-14 09:55:56,1485.0,424332
2021-06-14 09:55:57,1485.0,424332
2021-06-14 09:55:58,1485.0,424412
2021-06-14 09:55:59,1484.95,424422
2021-06-14 09:56:00,1485.0,424588
2021-06-14 09:56:01,1485.0,424588
2021-06-14 09:56:05,1485.0,424634
2021-06-14 09:56:06,1484.5,425009
2021-06-14 09:56:07,1484.5,425257
2021-06-14 09:56:08,1484.5,425257
2021-06-14 09:56:09,1484.85,425349
2021-06-14 09:56:10,1484.9,425402
2021-06-14 09:56:11,1484.95,425449
2021-06-14 09:56:12,1484.95,425479
2021-06-14 09:56:13,1484.95,425479
2021-06-14 09:56:14,1484.5,425520
2021-06-14 09:56:15,1484.95,425523
2021-06-14 09:56:16,1484.95,425529
2021-06-14 09:56:17,1485.0,425636
2021-06-14 09:56:18,1484.5,425751
2021-06-14 09:56:19,1485.25,425779
2021-06-14 09:56:20,1485.25,425779
2021-06-14 09:56:21,1485.25,425779
2021-06-14 09:56:22,1486.0,425789
2021-06-14 09:56:23,1485.85,425798
2021-06-14 09:56:24,1486.4,425815
2021-06-14 09:56:25,1486.5,425825
2021-06-14 09:56:26,1486.5,425825
2021-06-14 09:56:27,1487.8,425876
2021-06-14 09:56:28,1487.8,425876
2021-06-14 09:56:29,1487.85,425879
2021-06-14 09:56:31,1487.85,425892
2021-06-14 09:56:30,1487.85,425892
2021-06-14 09:56:32,1487.55,425899
2021-06-14 09:56:33,1487.25,426126
2021-06-14 09:56:34,1487.7,426160
2021-06-14 09:56:35,1487.85,426186
2021-06-14 09:56:36,1487.95,426286
2021-06-14 09:56:37,1487.7,426313
2021-06-14 09:56:38,1488.0,426315
2021-06-14 09:56:39,1488.0,426315
2021-06-14 09:56:40,1487.9,426375
2021-06-14 09:56:41,1487.95,426434
2021-06-14 09:56:42,1488.15,428236
2021-06-14 09:56:43,1487.7,428487
2021-06-14 09:56:44,1487.7,428487
2021-06-14 09:56:46,1487.0,428503
2021-06-14 09:56:45,1487.45,428488
2021-06-14 09:56:47,1487.0,428503
2021-06-14 09:56:48,1487.55,428506
2021-06-14 09:56:49,1487.0,428510
2021-06-14 09:56:50,1488.0,428523
2021-06-14 09:56:51,1488.4,428773
2021-06-14 09:56:52,1488.4,428775
2021-06-14 09:56:53,1487.55,429276
2021-06-14 09:56:55,1488.55,429288
2021-06-14 09:56:56,1488.55,429288
2021-06-14 09:56:57,1488.4,429338
2021-06-14 09:56:58,1488.4,429338
2021-06-14 09:56:59,1488.75,429348
2021-06-14 09:57:00,1488.9,429748
2021-06-14 09:57:01,1488.9,429758
2021-06-14 09:57:02,1488.9,429758
2021-06-14 09:57:03,1488.65,429760
2021-06-14 09:57:04,1488.65,429782
2021-06-14 09:57:05,1488.65,429782
2021-06-14 09:57:06,1488.9,429850
2021-06-14 09:57:07,1489.0,430250
2021-06-14 09:57:08,1488.8,430350
2021-06-14 09:57:09,1488.95,430956
2021-06-14 09:57:10,1488.8,431019
2021-06-14 09:57:11,1488.4,431182
2021-06-14 09:57:12,1488.9,431232
2021-06-14 09:57:13,1488.9,431238
2021-06-14 09:57:14,1488.2,431244
2021-06-14 09:57:15,1488.2,431244
2021-06-14 09:57:16,1488.85,431345
2021-06-14 09:57:17,1488.85,431345
2021-06-14 09:57:18,1488.75,431411
2021-06-14 09:57:19,1488.8,431443
2021-06-14 09:57:21,1488.8,431443
2021-06-14 09:57:22,1488.7,431449
2021-06-14 09:57:23,1488.2,431506
2021-06-14 09:57:25,1488.05,431562
2021-06-14 09:57:26,1487.8,431586
2021-06-14 09:57:27,1487.75,431649
2021-06-14 09:57:28,1487.75,431649
2021-06-14 09:57:29,1487.75,431649
2021-06-14 09:57:31,1488.2,431684
2021-06-14 09:57:31,1487.75,431705
2021-06-14 09:57:32,1487.75,431715
2021-06-14 09:57:33,1487.4,432471
2021-06-14 09:57:34,1487.45,432506
2021-06-14 09:57:35,1487.45,432509
2021-06-14 09:57:36,1486.9,432657
2021-06-14 09:57:37,1487.45,432663
2021-06-14 09:57:38,1487.45,432663
2021-06-14 09:57:39,1487.05,432698
2021-06-14 09:57:40,1487.55,433068
2021-06-14 09:57:42,1487.55,433071
2021-06-14 09:57:42,1487.55,433071
2021-06-14 09:57:43,1487.55,433097
2021-06-14 09:57:44,1486.65,433422
2021-06-14 09:57:45,1487.45,433426
2021-06-14 09:57:46,1487.1,433806
2021-06-14 09:57:47,1487.7,433832
2021-06-14 09:57:48,1486.85,433838
2021-06-14 09:57:50,1486.85,433864
2021-06-14 09:57:50,1486.85,433864
2021-06-14 09:57:51,1486.65,434001
2021-06-14 09:57:52,1487.5,434012
2021-06-14 09:57:53,1487.45,434058
2021-06-14 09:57:54,1487.5,434117
2021-06-14 09:57:55,1487.45,434129
2021-06-14 09:57:56,1487.45,434129
2021-06-14 09:57:57,1487.45,434129
2021-06-14 09:57:59,1487.55,434140
2021-06-14 09:58:00,1488.05,434143
2021-06-14 09:58:00,1488.05,434143
2021-06-14 09:58:01,1488.05,434143
2021-06-14 09:58:02,1487.75,434442
2021-06-14 09:58:03,1487.75,434443
2021-06-14 09:58:04,1487.75,434443
2021-06-14 09:58:05,1487.55,434687
2021-06-14 09:58:06,1487.75,434733
2021-06-14 09:58:07,1487.75,434751
2021-06-14 09:58:08,1487.75,434761
2021-06-14 09:58:10,1487.75,434862
2021-06-14 09:58:11,1488.0,434887
2021-06-14 09:58:12,1488.0,434895
2021-06-14 09:58:13,1488.0,434895
2021-06-14 09:58:14,1488.0,435002
2021-06-14 09:58:15,1488.0,435003
2021-06-14 09:58:16,1488.0,435082
2021-06-14 09:58:17,1488.0,435333
2021-06-14 09:58:18,1487.3,435336
2021-06-14 09:58:21,1488.0,435341
2021-06-14 09:58:22,1487.3,435451
2021-06-14 09:58:23,1487.3,435451
2021-06-14 09:58:24,1488.0,435548
2021-06-14 09:58:25,1488.0,435799
2021-06-14 09:58:27,1488.0,435799
2021-06-14 09:58:27,1488.0,435927
2021-06-14 09:58:28,1488.0,435929
2021-06-14 09:58:29,1488.0,435929
2021-06-14 09:58:31,1487.5,436220
2021-06-14 09:58:32,1487.9,436252
2021-06-14 09:58:33,1487.1,436253
2021-06-14 09:58:34,1487.2,436258
2021-06-14 09:58:35,1487.9,436261
2021-06-14 09:58:36,1487.9,436310
2021-06-14 09:58:38,1488.05,436383
2021-06-14 09:58:39,1488.6,437256
2021-06-14 09:58:40,1488.9,437262
2021-06-14 09:58:41,1488.9,437263
2021-06-14 09:58:42,1488.9,437341
2021-06-14 09:58:44,1488.9,437341
2021-06-14 09:58:45,1489.4,437433
2021-06-14 09:58:45,1489.4,437433
2021-06-14 09:58:46,1489.4,437433
2021-06-14 09:58:47,1489.4,437433
2021-06-14 09:58:48,1488.25,437753
2021-06-14 09:58:49,1489.35,438183
2021-06-14 09:58:51,1489.3,438203
2021-06-14 09:58:52,1489.3,438203
2021-06-14 09:58:53,1489.3,438263
2021-06-14 09:58:53,1489.3,438263
2021-06-14 09:58:54,1489.2,438291
2021-06-14 09:58:55,1489.2,438292
2021-06-14 09:58:56,1489.2,438392
2021-06-14 09:58:57,1489.2,438392
2021-06-14 09:58:58,1489.2,438407
2021-06-14 09:58:59,1489.2,438417
2021-06-14 09:59:00,1489.2,438417
2021-06-14 09:59:01,1489.8,438517
2021-06-14 09:59:02,1489.1,438601
2021-06-14 09:59:03,1489.0,438626
2021-06-14 09:59:04,1489.7,438636
2021-06-14 09:59:06,1489.1,438696
2021-06-14 09:59:07,1489.05,438711
2021-06-14 09:59:08,1489.7,438724
2021-06-14 09:59:08,1489.7,438724
2021-06-14 09:59:11,1489.75,438879
2021-06-14 09:59:12,1489.65,439129
2021-06-14 09:59:14,1489.85,439329
2021-06-14 09:59:14,1489.75,439334
2021-06-14 09:59:15,1489.5,439385
2021-06-14 09:59:16,1489.5,439492
2021-06-14 09:59:17,1489.3,439499
2021-06-14 09:59:19,1489.85,439509
2021-06-14 09:59:21,1489.0,439735
2021-06-14 09:59:22,1489.8,439745
2021-06-14 09:59:23,1489.8,439812
2021-06-14 09:59:24,1489.9,439817
2021-06-14 09:59:25,1489.85,439937
2021-06-14 09:59:25,1489.85,439947
2021-06-14 09:59:27,1489.9,440022
2021-06-14 09:59:28,1489.9,440022
2021-06-14 09:59:28,1489.9,440022
2021-06-14 09:59:29,1489.9,440022
2021-06-14 09:59:30,1489.6,440535
2021-06-14 09:59:31,1489.85,440550
2021-06-14 09:59:32,1489.9,440563
2021-06-14 09:59:34,1489.9,440764
2021-06-14 09:59:35,1489.9,440784
2021-06-14 09:59:36,1489.6,440836
2021-06-14 09:59:37,1489.9,440846
2021-06-14 09:59:38,1489.9,440854
2021-06-14 09:59:40,1489.9,440854
2021-06-14 09:59:41,1489.9,440870
2021-06-14 09:59:42,1491.0,443091
2021-06-14 09:59:42,1491.0,443091
2021-06-14 09:59:43,1490.2,443111
2021-06-14 09:59:44,1490.5,443180
2021-06-14 09:59:45,1490.7,443232
2021-06-14 09:59:46,1490.7,443232
2021-06-14 09:59:47,1491.0,443270
2021-06-14 09:59:49,1491.0,443304
2021-06-14 09:59:50,1490.7,443396
2021-06-14 09:59:51,1491.0,443574
2021-06-14 09:59:51,1491.0,443624
2021-06-14 09:59:52,1491.0,443625
2021-06-14 09:59:55,1491.0,443875
2021-06-14 09:59:56,1491.4,444400
2021-06-14 09:59:57,1490.45,444523
2021-06-14 09:59:58,1491.0,444588
2021-06-14 09:59:58,1491.0,444588
2021-06-14 09:59:59,1491.1,444677
2021-06-14 10:00:02,1490.5,444829
2021-06-14 10:00:03,1491.05,444844
2021-06-14 10:00:04,1491.1,444854
2021-06-14 10:00:04,1491.1,444854
2021-06-14 10:00:05,1491.05,444855
2021-06-14 10:00:06,1490.5,444934
2021-06-14 10:00:07,1491.25,445034
2021-06-14 10:00:08,1491.25,445035
2021-06-14 10:00:10,1490.8,445042
2021-06-14 10:00:11,1491.15,445047
2021-06-14 10:00:11,1491.15,445047
2021-06-14 10:00:12,1490.8,445105
2021-06-14 10:00:14,1491.25,445166
2021-06-14 10:00:15,1491.0,445306
2021-06-14 10:00:17,1490.9,445530
2021-06-14 10:00:17,1490.9,445530
2021-06-14 10:00:19,1491.85,445837
2021-06-14 10:00:20,1491.85,445837
2021-06-14 10:00:21,1491.55,445861
2021-06-14 10:00:22,1491.55,445908
2021-06-14 10:00:23,1491.15,445910
2021-06-14 10:00:24,1491.55,446010
2021-06-14 10:00:26,1491.5,446015
2021-06-14 10:00:27,1491.5,446027
2021-06-14 10:00:29,1491.55,446712
2021-06-14 10:00:30,1491.55,446732
2021-06-14 10:00:30,1491.0,446762
2021-06-14 10:00:32,1491.65,447001
2021-06-14 10:00:33,1491.9,447303
2021-06-14 10:00:33,1491.9,447303
2021-06-14 10:00:34,1491.95,447314
2021-06-14 10:00:36,1492.0,447427
2021-06-14 10:00:36,1491.9,447428
2021-06-14 10:00:37,1491.9,447455
2021-06-14 10:00:38,1491.65,447568
2021-06-14 10:00:39,1491.9,447578
2021-06-14 10:00:40,1491.5,447594
2021-06-14 10:00:42,1491.95,447672
2021-06-14 10:00:43,1492.0,447677
2021-06-14 10:00:44,1492.0,447684
2021-06-14 10:00:44,1492.0,447677
2021-06-14 10:00:45,1492.0,448043
2021-06-14 10:00:46,1491.55,448148
2021-06-14 10:00:48,1491.55,448223
2021-06-14 10:00:48,1491.55,448223
2021-06-14 10:00:49,1491.55,448223
2021-06-14 10:00:50,1492.0,448227
2021-06-14 10:00:51,1492.0,448249
2021-06-14 10:00:52,1491.55,448254
2021-06-14 10:00:53,1492.0,448276
2021-06-14 10:00:55,1492.0,448336
2021-06-14 10:00:56,1491.6,448653
2021-06-14 10:00:57,1491.8,448727
2021-06-14 10:00:58,1492.3,448840
2021-06-14 10:00:59,1492.2,448967
2021-06-14 10:01:00,1491.5,448970
2021-06-14 10:01:00,1491.5,448970
2021-06-14 10:01:01,1492.25,449368
2021-06-14 10:01:02,1492.3,449418
2021-06-14 10:01:03,1492.0,449592
2021-06-14 10:01:05,1491.5,449656
2021-06-14 10:01:06,1492.55,451682
2021-06-14 10:01:06,1492.55,451682
2021-06-14 10:01:08,1492.4,451690
2021-06-14 10:01:08,1491.6,451800
2021-06-14 10:01:09,1491.6,451800
2021-06-14 10:01:10,1492.4,451916
2021-06-14 10:01:11,1492.0,452358
2021-06-14 10:01:13,1492.0,452458
2021-06-14 10:01:14,1492.0,452458
2021-06-14 10:01:15,1491.9,452459
2021-06-14 10:01:15,1491.9,452459
2021-06-14 10:01:17,1491.75,452515
2021-06-14 10:01:20,1492.35,453168
2021-06-14 10:01:21,1492.95,455363
2021-06-14 10:01:22,1493.15,456333
2021-06-14 10:01:23,1494.4,457635
2021-06-14 10:01:24,1493.8,457700
2021-06-14 10:01:25,1494.3,457744
2021-06-14 10:01:26,1494.1,457814
2021-06-14 10:01:27,1493.45,457817
2021-06-14 10:01:28,1493.85,457904
2021-06-14 10:01:29,1493.85,457904
2021-06-14 10:01:31,1492.9,459729
2021-06-14 10:01:32,1492.9,459859
2021-06-14 10:01:33,1492.9,459859
2021-06-14 10:01:33,1492.95,459869
2021-06-14 10:01:35,1493.15,459943
2021-06-14 10:01:37,1492.0,460843
2021-06-14 10:01:39,1492.0,460949
2021-06-14 10:01:40,1491.55,461150
2021-06-14 10:01:40,1492.0,461151
2021-06-14 10:01:41,1492.0,461419
2021-06-14 10:01:42,1492.0,461424
2021-06-14 10:01:44,1492.0,461537
2021-06-14 10:01:45,1492.0,461547
2021-06-14 10:01:46,1492.0,461811
2021-06-14 10:01:47,1492.0,461858
2021-06-14 10:01:49,1492.0,461931
2021-06-14 10:01:50,1491.6,461997
2021-06-14 10:01:51,1491.55,462151
2021-06-14 10:01:52,1492.0,462176
2021-06-14 10:01:53,1492.0,462260
2021-06-14 10:01:54,1491.55,462261
2021-06-14 10:01:55,1491.3,462512
2021-06-14 10:01:56,1491.8,462514
2021-06-14 10:01:57,1491.5,462521
2021-06-14 10:01:58,1491.55,462722
2021-06-14 10:01:59,1491.55,462722
2021-06-14 10:02:00,1491.55,462724
2021-06-14 10:02:01,1491.55,462729
2021-06-14 10:02:01,1491.55,462729
2021-06-14 10:02:02,1491.55,462729
2021-06-14 10:02:03,1491.55,462729
2021-06-14 10:02:04,1491.0,462769
2021-06-14 10:02:06,1490.8,463090
2021-06-14 10:02:07,1491.45,463095
2021-06-14 10:02:08,1491.45,463138
2021-06-14 10:02:09,1491.05,463142
2021-06-14 10:02:10,1491.05,463142
2021-06-14 10:02:11,1491.8,463144
2021-06-14 10:02:13,1491.45,463149
2021-06-14 10:02:15,1491.05,463206
2021-06-14 10:02:16,1491.0,463269
2021-06-14 10:02:16,1491.0,463269
2021-06-14 10:02:17,1491.15,463271
2021-06-14 10:02:18,1491.05,463284
2021-06-14 10:02:19,1491.15,463302
2021-06-14 10:02:24,1491.15,463514
2021-06-14 10:02:23,1491.15,463514
2021-06-14 10:02:25,1491.15,463514
2021-06-14 10:02:26,1491.5,463524
2021-06-14 10:02:27,1491.35,463525
2021-06-14 10:02:28,1491.8,463856
2021-06-14 10:02:29,1491.35,463902
2021-06-14 10:02:29,1491.35,463902
2021-06-14 10:02:30,1491.8,463928
2021-06-14 10:02:32,1491.8,464078
2021-06-14 10:02:32,1491.8,464078
2021-06-14 10:02:33,1492.1,475481
2021-06-14 10:02:35,1493.45,476041
2021-06-14 10:02:36,1493.5,476328
2021-06-14 10:02:37,1494.0,476669
2021-06-14 10:02:37,1494.0,476669
2021-06-14 10:02:38,1493.55,476677
2021-06-14 10:02:39,1493.6,476766
2021-06-14 10:02:40,1493.6,476774
2021-06-14 10:02:41,1494.35,477083
2021-06-14 10:02:42,1494.15,477531
2021-06-14 10:02:43,1494.15,477620
2021-06-14 10:02:46,1494.7,477760
2021-06-14 10:02:47,1494.55,478011
2021-06-14 10:02:48,1494.55,478086
2021-06-14 10:02:49,1494.45,478187
2021-06-14 10:02:49,1494.0,478206
2021-06-14 10:02:50,1494.0,478206
2021-06-14 10:02:52,1493.35,478226
2021-06-14 10:02:53,1494.0,478248
2021-06-14 10:02:54,1494.35,478302
2021-06-14 10:02:55,1494.0,478304
2021-06-14 10:02:56,1494.35,478362
2021-06-14 10:02:57,1494.2,478619
2021-06-14 10:02:58,1494.2,478647
2021-06-14 10:02:59,1494.3,479222
2021-06-14 10:03:00,1494.3,479222
2021-06-14 10:03:01,1494.0,479257
2021-06-14 10:03:02,1494.0,479257
2021-06-14 10:03:03,1494.2,479272
2021-06-14 10:03:04,1494.25,479282
2021-06-14 10:03:06,1494.0,479504
2021-06-14 10:03:06,1493.4,479497
2021-06-14 10:03:07,1494.15,479537
2021-06-14 10:03:08,1493.65,480060
2021-06-14 10:03:09,1494.25,480065
2021-06-14 10:03:10,1494.05,480236
2021-06-14 10:03:11,1494.0,480306
2021-06-14 10:03:13,1493.0,480588
2021-06-14 10:03:14,1492.9,480788
2021-06-14 10:03:15,1492.1,480935
2021-06-14 10:03:16,1492.8,480996
2021-06-14 10:03:17,1492.65,481277
2021-06-14 10:03:18,1492.65,481277
2021-06-14 10:03:19,1492.65,481297
2021-06-14 10:03:21,1492.95,481312
2021-06-14 10:03:22,1491.9,481515
2021-06-14 10:03:23,1492.75,481540
2021-06-14 10:03:25,1492.2,481545
2021-06-14 10:03:29,1492.7,481697
2021-06-14 10:03:30,1492.7,481757
2021-06-14 10:03:31,1492.65,481758
2021-06-14 10:03:32,1492.2,482017
2021-06-14 10:03:33,1492.2,482017
2021-06-14 10:03:35,1492.3,482061
2021-06-14 10:03:36,1492.3,482068
2021-06-14 10:03:37,1491.6,482090
2021-06-14 10:03:38,1492.45,482141
2021-06-14 10:03:39,1492.35,482203
2021-06-14 10:03:40,1492.35,482203
2021-06-14 10:03:40,1492.35,482203
2021-06-14 10:03:41,1491.65,482451
2021-06-14 10:03:43,1492.8,482754
2021-06-14 10:03:45,1493.0,483080
2021-06-14 10:03:46,1492.85,483238
2021-06-14 10:03:47,1493.5,483240
2021-06-14 10:03:48,1493.2,483432
2021-06-14 10:03:49,1493.85,483697
2021-06-14 10:03:50,1493.85,483697
2021-06-14 10:03:51,1493.2,483702
2021-06-14 10:03:52,1493.55,483762
2021-06-14 10:03:53,1493.55,483762
2021-06-14 10:03:54,1493.55,483833
2021-06-14 10:03:55,1493.6,483854
2021-06-14 10:03:56,1492.05,483997
2021-06-14 10:03:57,1493.05,484009
2021-06-14 10:03:58,1493.05,484009
2021-06-14 10:03:59,1493.0,484019
2021-06-14 10:04:00,1493.0,484019
2021-06-14 10:04:01,1492.2,484131
2021-06-14 10:04:02,1492.2,484234
2021-06-14 10:04:03,1493.05,484267
2021-06-14 10:04:04,1492.15,484375
2021-06-14 10:04:05,1492.15,484402
2021-06-14 10:04:06,1492.15,484402
2021-06-14 10:04:07,1492.15,484425
2021-06-14 10:04:08,1492.1,484452
2021-06-14 10:04:09,1492.5,484510
2021-06-14 10:04:09,1492.5,484510
2021-06-14 10:04:10,1492.5,484510
2021-06-14 10:04:12,1492.55,484516
2021-06-14 10:04:13,1492.55,484517
2021-06-14 10:04:14,1492.55,484517
2021-06-14 10:04:15,1492.55,484521
2021-06-14 10:04:16,1492.55,484521
2021-06-14 10:04:17,1492.5,484526
2021-06-14 10:04:18,1492.5,484526
2021-06-14 10:04:19,1492.5,484551
2021-06-14 10:04:20,1492.5,484551
2021-06-14 10:04:21,1492.5,484629
2021-06-14 10:04:22,1492.5,484689
2021-06-14 10:04:23,1492.55,484721
2021-06-14 10:04:25,1493.45,484981
2021-06-14 10:04:25,1493.45,484981
2021-06-14 10:04:27,1493.0,484982
2021-06-14 10:04:28,1493.3,484991
2021-06-14 10:04:29,1493.45,484996
2021-06-14 10:04:30,1493.2,485046
2021-06-14 10:04:31,1493.45,485086
2021-06-14 10:04:32,1493.1,485111
2021-06-14 10:04:33,1493.45,485161
2021-06-14 10:04:33,1493.1,485151
2021-06-14 10:04:35,1493.45,485171
2021-06-14 10:04:36,1494.0,486211
2021-06-14 10:04:38,1493.75,486372
2021-06-14 10:04:39,1493.15,486387
2021-06-14 10:04:40,1493.15,486387
2021-06-14 10:04:41,1493.15,486387
2021-06-14 10:04:42,1493.95,486417
2021-06-14 10:04:42,1493.95,486417
2021-06-14 10:04:43,1493.95,486427
2021-06-14 10:04:44,1493.95,486427
2021-06-14 10:04:46,1493.8,486433
2021-06-14 10:04:47,1493.35,486724
2021-06-14 10:04:49,1493.95,486774
2021-06-14 10:04:49,1493.95,486774
2021-06-14 10:04:50,1493.95,486774
2021-06-14 10:04:53,1493.1,487138
2021-06-14 10:04:54,1493.85,487140
2021-06-14 10:04:55,1493.85,487142
2021-06-14 10:04:56,1493.25,487255
2021-06-14 10:04:56,1493.25,487255
2021-06-14 10:04:58,1493.75,487345
2021-06-14 10:04:58,1493.75,487345
2021-06-14 10:04:59,1493.75,487454
2021-06-14 10:05:00,1493.4,487465
2021-06-14 10:05:01,1493.75,487576
2021-06-14 10:05:03,1493.75,487576
2021-06-14 10:05:04,1493.3,487739
2021-06-14 10:05:05,1493.3,487799
2021-06-14 10:05:06,1493.3,487799
2021-06-14 10:05:07,1493.3,487814
2021-06-14 10:05:08,1493.3,487814
2021-06-14 10:05:09,1493.3,487842
2021-06-14 10:05:10,1493.75,487852
2021-06-14 10:05:11,1493.75,487874
2021-06-14 10:05:12,1493.75,487878
2021-06-14 10:05:13,1493.95,488005
2021-06-14 10:05:13,1493.4,488015
2021-06-14 10:05:15,1493.45,488121
2021-06-14 10:05:16,1493.3,488372
2021-06-14 10:05:17,1493.3,488372
2021-06-14 10:05:18,1493.3,488372
2021-06-14 10:05:19,1493.2,488402
2021-06-14 10:05:19,1493.2,488402
2021-06-14 10:05:21,1493.9,488432
2021-06-14 10:05:22,1493.2,488507
2021-06-14 10:05:23,1493.85,488517
2021-06-14 10:05:24,1492.65,488818
2021-06-14 10:05:25,1492.65,488820
2021-06-14 10:05:26,1493.25,488870
2021-06-14 10:05:27,1493.65,488970
2021-06-14 10:05:28,1493.3,489080
2021-06-14 10:05:29,1493.3,489155
2021-06-14 10:05:30,1493.3,489155
2021-06-14 10:05:31,1493.3,489155
2021-06-14 10:05:32,1493.3,489203
2021-06-14 10:05:33,1493.75,489233
2021-06-14 10:05:34,1493.75,489233
2021-06-14 10:05:34,1493.75,489233
2021-06-14 10:05:35,1493.7,489312
2021-06-14 10:05:36,1493.75,489322
2021-06-14 10:05:38,1493.75,489382
2021-06-14 10:05:39,1493.75,489460
2021-06-14 10:05:40,1493.75,489460
2021-06-14 10:05:41,1493.95,489657
2021-06-14 10:05:42,1494.7,490893
2021-06-14 10:05:43,1494.7,490893
2021-06-14 10:05:44,1494.8,491258
2021-06-14 10:05:45,1494.5,491268
2021-06-14 10:05:46,1494.8,491289
2021-06-14 10:05:46,1494.8,491289
2021-06-14 10:05:48,1494.8,491314
2021-06-14 10:05:49,1494.8,491322
2021-06-14 10:05:50,1494.8,491375
2021-06-14 10:05:51,1494.9,491490
2021-06-14 10:05:52,1494.9,491525
2021-06-14 10:05:53,1494.9,491526
2021-06-14 10:05:54,1494.95,491538
2021-06-14 10:05:55,1494.95,491538
2021-06-14 10:05:55,1494.95,491538
2021-06-14 10:05:57,1494.95,491538
2021-06-14 10:05:58,1494.95,491538
2021-06-14 10:05:59,1495.0,491687
2021-06-14 10:06:00,1494.95,491697
2021-06-14 10:06:01,1494.95,491714
2021-06-14 10:06:02,1494.8,491724
2021-06-14 10:06:03,1494.8,491724
2021-06-14 10:06:04,1494.95,491825
2021-06-14 10:06:05,1494.75,492092
2021-06-14 10:06:06,1494.75,492092
2021-06-14 10:06:08,1494.75,492097
2021-06-14 10:06:07,1494.75,492097
2021-06-14 10:06:09,1494.5,492156
2021-06-14 10:06:10,1494.5,492162
2021-06-14 10:06:11,1494.5,492162
2021-06-14 10:06:12,1494.9,492192
2021-06-14 10:06:13,1494.9,492232
2021-06-14 10:06:15,1494.9,492282
2021-06-14 10:06:16,1494.8,492392
2021-06-14 10:06:17,1494.8,492393
2021-06-14 10:06:18,1494.9,492458
2021-06-14 10:06:19,1495.0,492608
2021-06-14 10:06:20,1495.0,492608
2021-06-14 10:06:21,1495.0,492627
2021-06-14 10:06:22,1494.8,492662
2021-06-14 10:06:23,1494.8,492662
2021-06-14 10:06:24,1494.8,492729
2021-06-14 10:06:25,1494.8,492729
2021-06-14 10:06:26,1494.8,493234
2021-06-14 10:06:28,1494.8,493269
2021-06-14 10:06:27,1495.0,493259
2021-06-14 10:06:29,1495.0,493630
2021-06-14 10:06:30,1495.0,493631
2021-06-14 10:06:31,1495.0,493838
2021-06-14 10:06:32,1495.0,494039
2021-06-14 10:06:33,1495.0,494039
2021-06-14 10:06:34,1495.0,494039
2021-06-14 10:06:35,1494.5,494044
2021-06-14 10:06:36,1495.0,494159
2021-06-14 10:06:37,1495.0,494260
2021-06-14 10:06:38,1495.0,494372
2021-06-14 10:06:39,1494.8,494382
2021-06-14 10:06:40,1495.0,494405
2021-06-14 10:06:41,1495.0,494406
2021-06-14 10:06:42,1495.0,494426
2021-06-14 10:06:43,1494.95,494431
2021-06-14 10:06:44,1495.0,494531
2021-06-14 10:06:45,1495.0,494531
2021-06-14 10:06:46,1495.0,494581
2021-06-14 10:06:47,1495.05,494693
2021-06-14 10:06:48,1495.05,494693
2021-06-14 10:06:49,1495.0,495049
2021-06-14 10:06:50,1495.0,495055
2021-06-14 10:06:51,1495.3,495123
2021-06-14 10:06:52,1495.0,495128
2021-06-14 10:06:53,1495.0,495248
2021-06-14 10:06:54,1495.0,495248
2021-06-14 10:06:55,1495.0,495298
2021-06-14 10:06:56,1495.25,495339
2021-06-14 10:06:57,1495.25,495339
2021-06-14 10:06:58,1495.5,495360
2021-06-14 10:06:59,1495.5,495361
2021-06-14 10:07:00,1495.5,495461
2021-06-14 10:07:01,1495.5,495467
2021-06-14 10:07:02,1495.5,495473
2021-06-14 10:07:03,1495.5,495473
2021-06-14 10:07:04,1495.5,495473
2021-06-14 10:07:06,1495.5,495622
2021-06-14 10:07:07,1495.4,495655
2021-06-14 10:07:08,1495.4,495665
2021-06-14 10:07:09,1495.45,495667
2021-06-14 10:07:10,1495.55,495891
2021-06-14 10:07:11,1495.4,495893
2021-06-14 10:07:12,1495.4,495893
2021-06-14 10:07:13,1495.9,495964
2021-06-14 10:07:14,1496.0,496295
2021-06-14 10:07:15,1496.0,496295
2021-06-14 10:07:16,1496.1,497070
2021-06-14 10:07:17,1496.55,498010
2021-06-14 10:07:18,1497.05,498567
2021-06-14 10:07:19,1496.8,499040
2021-06-14 10:07:20,1496.8,499040
2021-06-14 10:07:21,1497.0,501321
2021-06-14 10:07:22,1497.75,501481
2021-06-14 10:07:23,1497.0,502913
2021-06-14 10:07:25,1497.25,503138
2021-06-14 10:07:27,1496.5,503177
2021-06-14 10:07:28,1496.55,503252
2021-06-14 10:07:29,1497.25,503272
