timestamp,ltp,volume
2021-06-14 09:15:48,807.85,28478
2021-06-14 09:15:49,808.0,28504
2021-06-14 09:15:50,808.0,28504
2021-06-14 09:15:51,807.55,28514
2021-06-14 09:15:52,807.6,28562
2021-06-14 09:15:53,807.6,28562
2021-06-14 09:15:55,807.65,28572
2021-06-14 09:15:56,808.25,29669
2021-06-14 09:15:57,808.45,29788
2021-06-14 09:15:58,808.95,29792
2021-06-14 09:15:59,808.55,29905
2021-06-14 09:16:01,808.7,30537
2021-06-14 09:16:02,808.5,30637
2021-06-14 09:16:04,808.0,31540
2021-06-14 09:16:05,808.0,31847
2021-06-14 09:16:06,808.05,32580
2021-06-14 09:16:07,808.2,32647
2021-06-14 09:16:08,808.3,32681
2021-06-14 09:16:09,808.9,33502
2021-06-14 09:16:10,808.9,33502
2021-06-14 09:16:11,808.9,33502
2021-06-14 09:16:13,808.45,33940
2021-06-14 09:16:14,808.45,33990
2021-06-14 09:16:15,808.45,33990
2021-06-14 09:16:17,808.85,34096
2021-06-14 09:16:18,808.85,34096
2021-06-14 09:16:19,808.8,34136
2021-06-14 09:16:20,808.45,34188
2021-06-14 09:16:21,808.45,34188
2021-06-14 09:16:22,808.45,34234
2021-06-14 09:16:23,808.45,34290
2021-06-14 09:16:24,808.45,34290
2021-06-14 09:16:25,808.45,34340
2021-06-14 09:16:26,808.5,34540
2021-06-14 09:16:27,808.5,34540
2021-06-14 09:16:28,808.5,34540
2021-06-14 09:16:29,808.45,41838
2021-06-14 09:16:30,808.55,41947
2021-06-14 09:16:31,808.55,41947
2021-06-14 09:16:33,808.55,44398
2021-06-14 09:16:34,808.5,44872
2021-06-14 09:16:36,808.5,44872
2021-06-14 09:16:37,808.45,44891
2021-06-14 09:16:38,808.95,45592
2021-06-14 09:16:40,808.35,45718
2021-06-14 09:16:40,808.35,45718
2021-06-14 09:16:41,808.55,46038
2021-06-14 09:16:42,808.85,46100
2021-06-14 09:16:43,808.55,46255
2021-06-14 09:16:45,808.9,46256
2021-06-14 09:16:45,808.9,46256
2021-06-14 09:16:46,808.9,46286
2021-06-14 09:16:47,808.5,46305
2021-06-14 09:16:48,808.5,46305
2021-06-14 09:16:49,808.5,46305
2021-06-14 09:16:50,808.0,47326
2021-06-14 09:16:51,808.0,47326
2021-06-14 09:16:52,808.55,47689
2021-06-14 09:16:53,808.45,47714
2021-06-14 09:16:54,808.85,47814
2021-06-14 09:16:55,808.9,47936
2021-06-14 09:16:56,808.7,47948
2021-06-14 09:16:57,808.75,48065
2021-06-14 09:16:58,809.0,48511
2021-06-14 09:16:59,808.75,48611
2021-06-14 09:17:01,808.7,48628
2021-06-14 09:17:02,809.0,48639
2021-06-14 09:17:03,808.9,49033
2021-06-14 09:17:03,808.9,49033
2021-06-14 09:17:04,808.65,50134
2021-06-14 09:17:05,808.65,50529
2021-06-14 09:17:06,808.65,50544
2021-06-14 09:17:07,808.7,50669
2021-06-14 09:17:08,808.55,50698
2021-06-14 09:17:11,808.5,50749
2021-06-14 09:17:12,808.5,50980
2021-06-14 09:17:12,808.5,50980
2021-06-14 09:17:13,808.65,51064
2021-06-14 09:17:14,808.65,51065
2021-06-14 09:17:15,808.15,51142
2021-06-14 09:17:16,808.55,51342
2021-06-14 09:17:17,808.65,51344
2021-06-14 09:17:18,808.65,51344
2021-06-14 09:17:19,808.15,51794
2021-06-14 09:17:20,808.7,51822
2021-06-14 09:17:23,808.15,51928
2021-06-14 09:17:24,808.2,51956
2021-06-14 09:17:25,808.6,52325
2021-06-14 09:17:25,808.6,52325
2021-06-14 09:17:26,808.25,53290
2021-06-14 09:17:27,808.0,53306
2021-06-14 09:17:28,808.7,56818
2021-06-14 09:17:29,808.15,57041
2021-06-14 09:17:30,808.25,57105
2021-06-14 09:17:31,808.2,57129
2021-06-14 09:17:32,808.15,57424
2021-06-14 09:17:33,808.0,57695
2021-06-14 09:17:34,808.05,57798
2021-06-14 09:17:35,807.95,58040
2021-06-14 09:17:36,807.9,58059
2021-06-14 09:17:38,807.9,58366
2021-06-14 09:17:39,808.1,58445
2021-06-14 09:17:40,808.05,59097
2021-06-14 09:17:41,808.05,59181
2021-06-14 09:17:41,807.95,59182
2021-06-14 09:17:42,807.95,59233
2021-06-14 09:17:43,807.95,59238
2021-06-14 09:17:44,807.95,59284
2021-06-14 09:17:45,807.65,59309
2021-06-14 09:17:46,807.95,59334
2021-06-14 09:17:48,808.05,59931
2021-06-14 09:17:48,808.2,59898
2021-06-14 09:17:49,808.4,60986
2021-06-14 09:17:51,808.35,61349
2021-06-14 09:17:52,808.5,62135
2021-06-14 09:17:53,808.1,62215
2021-06-14 09:17:53,808.05,62231
2021-06-14 09:17:54,808.4,62232
2021-06-14 09:17:55,808.4,62232
2021-06-14 09:17:56,808.5,62741
2021-06-14 09:17:57,808.4,62852
2021-06-14 09:17:58,808.65,62860
2021-06-14 09:17:59,808.65,62931
2021-06-14 09:18:00,808.65,62931
2021-06-14 09:18:01,808.7,62987
2021-06-14 09:18:02,808.85,62989
2021-06-14 09:18:03,808.45,63076
2021-06-14 09:18:04,808.4,63355
2021-06-14 09:18:05,808.75,63356
2021-06-14 09:18:06,808.4,63389
2021-06-14 09:18:07,808.45,64330
2021-06-14 09:18:08,808.4,64441
2021-06-14 09:18:09,808.4,64441
2021-06-14 09:18:10,808.4,64441
2021-06-14 09:18:11,808.7,64542
2021-06-14 09:18:12,808.95,64632
2021-06-14 09:18:13,808.45,64957
2021-06-14 09:18:14,808.7,65208
2021-06-14 09:18:15,808.4,65248
2021-06-14 09:18:16,808.3,65273
2021-06-14 09:18:17,808.7,65284
2021-06-14 09:18:19,808.7,65285
2021-06-14 09:18:20,808.75,65287
2021-06-14 09:18:21,808.7,65361
2021-06-14 09:18:23,808.7,65367
2021-06-14 09:18:24,808.35,65678
2021-06-14 09:18:25,808.35,65689
2021-06-14 09:18:26,808.8,66301
2021-06-14 09:18:27,808.45,66491
2021-06-14 09:18:28,808.85,66492
2021-06-14 09:18:29,808.85,66493
2021-06-14 09:18:30,808.85,66493
2021-06-14 09:18:31,808.75,66498
2021-06-14 09:18:32,808.95,66599
2021-06-14 09:18:33,808.7,66974
2021-06-14 09:18:35,808.55,67188
2021-06-14 09:18:36,808.7,67339
2021-06-14 09:18:37,808.85,67414
2021-06-14 09:18:38,808.95,67615
2021-06-14 09:18:39,808.95,67615
2021-06-14 09:18:40,808.75,67617
2021-06-14 09:18:41,808.95,67618
2021-06-14 09:18:42,808.75,67765
2021-06-14 09:18:43,808.95,67815
2021-06-14 09:18:44,808.95,67816
2021-06-14 09:18:45,808.95,67816
2021-06-14 09:18:46,808.8,69985
2021-06-14 09:18:47,809.0,70447
2021-06-14 09:18:48,808.8,70495
2021-06-14 09:18:50,808.8,70512
2021-06-14 09:18:51,808.75,70740
2021-06-14 09:18:52,808.85,71974
2021-06-14 09:18:52,808.75,72514
2021-06-14 09:18:53,808.8,73378
2021-06-14 09:18:54,808.8,73394
2021-06-14 09:18:55,809.0,73526
2021-06-14 09:18:56,809.4,74527
2021-06-14 09:18:57,809.0,75104
2021-06-14 09:18:59,809.35,75154
2021-06-14 09:19:00,809.05,75190
2021-06-14 09:19:01,809.0,75349
2021-06-14 09:19:02,809.15,75359
2021-06-14 09:19:02,809.15,75360
2021-06-14 09:19:03,808.9,75407
2021-06-14 09:19:04,808.5,77057
2021-06-14 09:19:05,808.35,77254
2021-06-14 09:19:06,808.3,77679
2021-06-14 09:19:08,808.3,77744
2021-06-14 09:19:09,808.3,77755
2021-06-14 09:19:10,808.3,77755
2021-06-14 09:19:11,808.3,77783
2021-06-14 09:19:12,807.95,77791
2021-06-14 09:19:13,807.95,77959
2021-06-14 09:19:13,807.95,77959
2021-06-14 09:19:14,808.3,78143
2021-06-14 09:19:15,808.3,78243
2021-06-14 09:19:16,808.3,78243
2021-06-14 09:19:17,808.25,78544
2021-06-14 09:19:18,808.05,78548
2021-06-14 09:19:20,808.45,78574
2021-06-14 09:19:21,808.45,78585
2021-06-14 09:19:22,808.45,78585
2021-06-14 09:19:23,808.3,78602
2021-06-14 09:19:25,808.55,78633
2021-06-14 09:19:26,808.55,78643
2021-06-14 09:19:27,808.6,78644
2021-06-14 09:19:28,808.6,78644
2021-06-14 09:19:29,808.35,78695
2021-06-14 09:19:30,808.6,78697
2021-06-14 09:19:31,808.35,78897
2021-06-14 09:19:32,808.65,78908
2021-06-14 09:19:33,808.1,79509
2021-06-14 09:19:33,808.1,79509
2021-06-14 09:19:34,808.05,79917
2021-06-14 09:19:35,808.4,80032
2021-06-14 09:19:36,808.1,80042
2021-06-14 09:19:37,808.1,80042
2021-06-14 09:19:38,808.5,80080
2021-06-14 09:19:39,808.2,80131
2021-06-14 09:19:40,808.25,80214
2021-06-14 09:19:41,808.75,80289
2021-06-14 09:19:42,808.35,80366
2021-06-14 09:19:44,808.35,80399
2021-06-14 09:19:45,808.35,80460
2021-06-14 09:19:46,808.3,80506
2021-06-14 09:19:46,808.35,80914
2021-06-14 09:19:47,808.3,80987
2021-06-14 09:19:49,808.3,81013
2021-06-14 09:19:51,808.25,81064
2021-06-14 09:19:52,808.3,81080
2021-06-14 09:19:53,808.3,81174
2021-06-14 09:19:53,808.35,81158
2021-06-14 09:19:54,808.2,81494
2021-06-14 09:19:55,808.2,81499
2021-06-14 09:19:56,808.65,81500
2021-06-14 09:19:57,808.2,81577
2021-06-14 09:19:58,808.35,81861
2021-06-14 09:19:59,808.7,81921
2021-06-14 09:20:00,808.25,82262
2021-06-14 09:20:01,808.0,84373
2021-06-14 09:20:02,808.3,84499
2021-06-14 09:20:03,807.95,84601
2021-06-14 09:20:04,808.2,84658
2021-06-14 09:20:05,807.9,84938
2021-06-14 09:20:06,807.9,84954
2021-06-14 09:20:08,807.85,85270
2021-06-14 09:20:09,808.1,85271
2021-06-14 09:20:10,807.65,85514
2021-06-14 09:20:11,808.1,85584
2021-06-14 09:20:11,807.7,85592
2021-06-14 09:20:12,807.65,85709
2021-06-14 09:20:14,808.0,85719
2021-06-14 09:20:15,807.0,86375
2021-06-14 09:20:16,807.0,88647
2021-06-14 09:20:17,807.0,88712
2021-06-14 09:20:18,806.8,88763
2021-06-14 09:20:19,807.15,88813
2021-06-14 09:20:19,807.15,88833
2021-06-14 09:20:20,807.15,88834
2021-06-14 09:20:21,807.15,88834
2021-06-14 09:20:22,807.0,88839
2021-06-14 09:20:24,807.0,88842
2021-06-14 09:20:26,806.95,89222
2021-06-14 09:20:25,806.95,89191
2021-06-14 09:20:27,807.3,89274
2021-06-14 09:20:28,806.95,89354
2021-06-14 09:20:30,806.95,89429
2021-06-14 09:20:31,806.95,89444
2021-06-14 09:20:32,807.25,89526
2021-06-14 09:20:33,807.1,89760
2021-06-14 09:20:34,806.7,89872
2021-06-14 09:20:35,806.55,90101
2021-06-14 09:20:37,806.9,90437
2021-06-14 09:20:38,806.6,90627
2021-06-14 09:20:39,806.6,90829
2021-06-14 09:20:40,807.0,90830
2021-06-14 09:20:41,807.05,90831
2021-06-14 09:20:42,807.05,90831
2021-06-14 09:20:42,806.7,90969
2021-06-14 09:20:43,806.7,90969
2021-06-14 09:20:44,806.7,91031
2021-06-14 09:20:45,806.65,91044
2021-06-14 09:20:47,806.6,91045
2021-06-14 09:20:48,806.65,91442
2021-06-14 09:20:49,806.65,91517
2021-06-14 09:20:50,806.95,92740
2021-06-14 09:20:50,807.25,92741
2021-06-14 09:20:52,807.0,92896
2021-06-14 09:20:53,807.0,92896
2021-06-14 09:20:54,807.0,92897
2021-06-14 09:20:55,806.85,93078
2021-06-14 09:20:56,806.85,93082
2021-06-14 09:20:57,807.0,93756
2021-06-14 09:20:59,806.8,93882
2021-06-14 09:21:01,806.8,93882
2021-06-14 09:21:02,806.8,93882
2021-06-14 09:21:04,806.95,93948
2021-06-14 09:21:05,806.95,93948
2021-06-14 09:21:06,806.8,94059
2021-06-14 09:21:07,807.0,94359
2021-06-14 09:21:08,806.55,97228
2021-06-14 09:21:09,806.75,97234
2021-06-14 09:21:09,806.55,97233
2021-06-14 09:21:10,806.8,97239
2021-06-14 09:21:11,806.8,97513
2021-06-14 09:21:12,806.75,98418
2021-06-14 09:21:14,806.75,98418
2021-06-14 09:21:15,806.85,98618
2021-06-14 09:21:16,807.0,98826
2021-06-14 09:21:17,807.0,98826
2021-06-14 09:21:18,806.9,98833
2021-06-14 09:21:19,806.9,98833
2021-06-14 09:21:20,807.0,98888
2021-06-14 09:21:21,807.0,98888
2021-06-14 09:21:22,807.0,98939
2021-06-14 09:21:23,807.4,99006
2021-06-14 09:21:24,806.95,99056
2021-06-14 09:21:24,806.95,99056
2021-06-14 09:21:25,806.95,99056
2021-06-14 09:21:26,807.0,99057
2021-06-14 09:21:28,807.0,99070
2021-06-14 09:21:29,807.0,99070
2021-06-14 09:21:30,807.4,99071
2021-06-14 09:21:32,807.4,99071
2021-06-14 09:21:33,807.4,99071
2021-06-14 09:21:34,807.0,99271
2021-06-14 09:21:35,806.8,99619
2021-06-14 09:21:36,806.8,99620
2021-06-14 09:21:37,807.0,99900
2021-06-14 09:21:37,806.7,99916
2021-06-14 09:21:38,806.7,99936
2021-06-14 09:21:39,807.05,99943
2021-06-14 09:21:41,806.7,99946
2021-06-14 09:21:42,807.05,99947
2021-06-14 09:21:43,807.0,99963
2021-06-14 09:21:44,806.95,99980
2021-06-14 09:21:45,806.8,100010
2021-06-14 09:21:46,806.8,100010
2021-06-14 09:21:47,807.2,100046
2021-06-14 09:21:49,806.75,101681
2021-06-14 09:21:50,806.95,101793
2021-06-14 09:21:52,806.7,101993
2021-06-14 09:21:53,806.7,102095
2021-06-14 09:21:54,807.0,102146
2021-06-14 09:21:55,807.0,102146
2021-06-14 09:21:56,806.7,102209
2021-06-14 09:21:56,806.7,102209
2021-06-14 09:21:58,806.65,102860
2021-06-14 09:21:59,806.5,103014
2021-06-14 09:21:59,806.7,103079
2021-06-14 09:22:01,806.5,103094
2021-06-14 09:22:02,806.7,103126
2021-06-14 09:22:03,806.65,103209
2021-06-14 09:22:04,806.5,103213
2021-06-14 09:22:05,806.6,103500
2021-06-14 09:22:07,806.6,103500
2021-06-14 09:22:08,806.6,103500
2021-06-14 09:22:09,806.6,103500
2021-06-14 09:22:10,806.6,103500
2021-06-14 09:22:12,806.6,104938
2021-06-14 09:22:12,806.6,104938
2021-06-14 09:22:13,806.6,104997
2021-06-14 09:22:15,806.6,104997
2021-06-14 09:22:16,806.3,105027
2021-06-14 09:22:17,806.3,105027
2021-06-14 09:22:18,806.6,105049
2021-06-14 09:22:19,806.6,105049
2021-06-14 09:22:20,806.3,105099
2021-06-14 09:22:20,806.6,105100
2021-06-14 09:22:22,806.3,105160
2021-06-14 09:22:23,806.6,105185
2021-06-14 09:22:24,806.6,105185
2021-06-14 09:22:25,806.6,105185
2021-06-14 09:22:26,806.6,105185
2021-06-14 09:22:27,806.65,105220
2021-06-14 09:22:28,806.7,105254
2021-06-14 09:22:30,806.6,105324
2021-06-14 09:22:31,806.6,105324
2021-06-14 09:22:32,806.6,105369
2021-06-14 09:22:34,806.65,105376
2021-06-14 09:22:35,806.3,105562
2021-06-14 09:22:36,806.3,105562
2021-06-14 09:22:37,806.3,105700
2021-06-14 09:22:37,806.3,105700
2021-06-14 09:22:38,806.5,106298
2021-06-14 09:22:40,806.3,106517
2021-06-14 09:22:41,806.3,106534
2021-06-14 09:22:42,806.2,106779
2021-06-14 09:22:43,806.5,107034
2021-06-14 09:22:43,806.3,107111
2021-06-14 09:22:48,806.1,107144
2021-06-14 09:22:54,805.2,113444
2021-06-14 09:22:59,805.75,114021
2021-06-14 09:23:17,806.0,118397
2021-06-14 09:23:22,805.85,118897
2021-06-14 09:23:28,806.4,119580
2021-06-14 09:23:34,806.05,119739
2021-06-14 09:23:40,806.5,120190
2021-06-14 09:23:45,806.05,120842
2021-06-14 09:23:51,806.1,120996
2021-06-14 09:23:56,806.0,121656
2021-06-14 09:24:02,805.95,123010
2021-06-14 09:24:07,805.8,124675
2021-06-14 09:24:13,805.6,125182
2021-06-14 09:24:19,805.3,125798
2021-06-14 09:24:25,805.6,125973
2021-06-14 09:24:31,805.3,127323
2021-06-14 09:24:36,805.1,129056
2021-06-14 09:24:42,805.1,129270
2021-06-14 09:24:47,804.8,134767
2021-06-14 09:24:53,804.55,139092
2021-06-14 09:24:58,804.75,140102
2021-06-14 09:25:04,804.35,140957
2021-06-14 09:25:09,804.95,145700
2021-06-14 09:25:15,804.85,147413
2021-06-14 09:25:21,804.05,148709
2021-06-14 09:25:26,804.2,151894
2021-06-14 09:25:32,804.2,153365
2021-06-14 09:25:38,803.8,155111
2021-06-14 09:25:44,803.55,156394
2021-06-14 09:25:49,803.9,157775
2021-06-14 09:25:55,803.9,160185
2021-06-14 09:26:00,804.6,161360
2021-06-14 09:26:06,804.55,161526
2021-06-14 09:26:12,804.0,162446
2021-06-14 09:26:18,804.0,162886
2021-06-14 09:26:23,804.45,163025
2021-06-14 09:26:29,804.8,165373
2021-06-14 09:26:35,804.95,166474
2021-06-14 09:26:40,804.6,169663
2021-06-14 09:26:46,804.65,170758
2021-06-14 09:26:51,804.5,171313
2021-06-14 09:26:57,804.3,171582
2021-06-14 09:27:03,803.5,174337
2021-06-14 09:27:09,803.1,175224
2021-06-14 09:27:14,802.9,180012
2021-06-14 09:27:20,802.1,182342
2021-06-14 09:27:26,802.0,184492
2021-06-14 09:27:31,801.35,186592
2021-06-14 09:27:37,801.4,187874
2021-06-14 09:27:43,801.4,190361
2021-06-14 09:27:45,801.3,190527
2021-06-14 09:27:46,801.3,190527
2021-06-14 09:27:47,801.3,190727
2021-06-14 09:27:48,801.0,190746
2021-06-14 09:27:49,801.0,190912
2021-06-14 09:27:51,801.0,191524
2021-06-14 09:27:51,801.25,191554
2021-06-14 09:27:53,801.0,191704
2021-06-14 09:27:54,801.0,191704
2021-06-14 09:27:54,801.0,191704
2021-06-14 09:27:56,801.3,191791
2021-06-14 09:27:58,801.3,191913
2021-06-14 09:27:59,801.1,191963
2021-06-14 09:27:59,801.1,191963
2021-06-14 09:28:00,801.25,192094
2021-06-14 09:28:02,801.25,192513
2021-06-14 09:28:02,801.3,192574
2021-06-14 09:28:04,801.3,193059
2021-06-14 09:28:05,801.3,193059
2021-06-14 09:28:06,801.0,193731
2021-06-14 09:28:07,801.3,194131
2021-06-14 09:28:08,801.0,194267
2021-06-14 09:28:09,801.3,194268
2021-06-14 09:28:10,801.0,194507
2021-06-14 09:28:11,801.3,194557
2021-06-14 09:28:12,801.3,195127
2021-06-14 09:28:13,801.3,195127
2021-06-14 09:28:14,801.0,195261
2021-06-14 09:28:16,801.15,195315
2021-06-14 09:28:17,801.2,195570
2021-06-14 09:28:18,801.3,195762
2021-06-14 09:28:19,801.25,195833
2021-06-14 09:28:20,801.2,195899
2021-06-14 09:28:21,801.0,196757
2021-06-14 09:28:22,801.3,197011
2021-06-14 09:28:23,801.3,197211
2021-06-14 09:28:24,801.3,197217
2021-06-14 09:28:25,801.3,197342
2021-06-14 09:28:26,801.3,197342
2021-06-14 09:28:27,801.3,197471
2021-06-14 09:28:28,801.25,198190
2021-06-14 09:28:29,801.3,198591
2021-06-14 09:28:30,801.3,198592
2021-06-14 09:28:31,801.3,198689
2021-06-14 09:28:31,801.3,198701
2021-06-14 09:28:32,801.3,198859
2021-06-14 09:28:33,801.3,198909
2021-06-14 09:28:34,801.5,199990
2021-06-14 09:28:36,801.5,200071
2021-06-14 09:28:37,801.5,200071
2021-06-14 09:28:38,801.35,200149
2021-06-14 09:28:39,801.7,200399
2021-06-14 09:28:39,801.7,200399
2021-06-14 09:28:41,801.65,200491
2021-06-14 09:28:41,801.65,200491
2021-06-14 09:28:42,801.65,200491
2021-06-14 09:28:43,801.3,200544
2021-06-14 09:28:44,801.7,200656
2021-06-14 09:28:45,801.4,201039
2021-06-14 09:28:47,801.45,201058
2021-06-14 09:28:48,801.55,201276
2021-06-14 09:28:49,801.85,201277
2021-06-14 09:28:50,801.85,201287
2021-06-14 09:28:50,801.95,201288
2021-06-14 09:28:52,801.95,201290
2021-06-14 09:28:53,801.95,201293
2021-06-14 09:28:54,801.7,201479
2021-06-14 09:28:55,801.7,201579
2021-06-14 09:28:56,801.95,201621
2021-06-14 09:28:57,801.95,201671
2021-06-14 09:28:58,801.7,201810
2021-06-14 09:28:59,801.9,201820
2021-06-14 09:29:00,802.1,202178
2021-06-14 09:29:01,801.95,202180
2021-06-14 09:29:02,801.95,202190
2021-06-14 09:29:03,801.55,202200
2021-06-14 09:29:04,801.7,202204
2021-06-14 09:29:05,801.8,202309
2021-06-14 09:29:06,801.8,202309
2021-06-14 09:29:07,801.8,202309
2021-06-14 09:29:08,801.6,202426
2021-06-14 09:29:09,801.95,202483
2021-06-14 09:29:10,801.6,202683
2021-06-14 09:29:11,801.95,202743
2021-06-14 09:29:12,801.95,202743
2021-06-14 09:29:13,801.9,202747
2021-06-14 09:29:14,801.9,202752
2021-06-14 09:29:15,801.9,202904
2021-06-14 09:29:16,801.9,202904
2021-06-14 09:29:17,801.9,202908
2021-06-14 09:29:18,801.9,202972
2021-06-14 09:29:18,801.9,202972
2021-06-14 09:29:19,801.9,203082
2021-06-14 09:29:20,801.85,203464
2021-06-14 09:29:22,801.8,205740
2021-06-14 09:29:22,801.9,205794
2021-06-14 09:29:23,801.55,205814
2021-06-14 09:29:24,801.55,205814
2021-06-14 09:29:25,801.7,205859
2021-06-14 09:29:26,801.85,205860
2021-06-14 09:29:27,801.45,206389
2021-06-14 09:29:28,801.65,208784
2021-06-14 09:29:29,801.15,209352
2021-06-14 09:29:30,801.4,209762
2021-06-14 09:29:31,801.5,210042
2021-06-14 09:29:32,801.8,210058
2021-06-14 09:29:34,801.8,210058
2021-06-14 09:29:35,801.6,210061
2021-06-14 09:29:36,801.6,210111
2021-06-14 09:29:37,801.6,210129
2021-06-14 09:29:38,801.7,210229
2021-06-14 09:29:38,801.7,210229
2021-06-14 09:29:39,801.25,210330
2021-06-14 09:29:40,801.65,210338
2021-06-14 09:29:42,801.65,210367
2021-06-14 09:29:42,801.7,210467
2021-06-14 09:29:43,801.7,210467
2021-06-14 09:29:45,801.7,210483
2021-06-14 09:29:46,801.65,210552
2021-06-14 09:29:47,801.55,210677
2021-06-14 09:29:48,801.45,210801
2021-06-14 09:29:49,801.45,210801
2021-06-14 09:29:50,801.6,210946
2021-06-14 09:29:51,801.65,211263
2021-06-14 09:29:53,801.55,211479
2021-06-14 09:29:54,801.1,212202
2021-06-14 09:29:55,801.1,212202
2021-06-14 09:29:56,801.1,212215
2021-06-14 09:29:57,801.4,212235
2021-06-14 09:29:58,801.1,212254
2021-06-14 09:29:59,801.3,212361
2021-06-14 09:30:00,801.05,212439
2021-06-14 09:30:00,801.05,212497
2021-06-14 09:30:02,801.25,212847
2021-06-14 09:30:03,801.05,213040
2021-06-14 09:30:04,800.95,217316
2021-06-14 09:30:05,800.8,217375
2021-06-14 09:30:06,800.8,217680
2021-06-14 09:30:07,800.8,217711
2021-06-14 09:30:07,800.55,217909
2021-06-14 09:30:08,801.0,218178
2021-06-14 09:30:10,800.7,218210
2021-06-14 09:30:11,801.1,218319
2021-06-14 09:30:12,801.05,218369
2021-06-14 09:30:13,801.05,218369
2021-06-14 09:30:14,800.65,218692
2021-06-14 09:30:16,800.7,219975
2021-06-14 09:30:17,800.5,219977
2021-06-14 09:30:18,800.5,220180
2021-06-14 09:30:19,800.75,220330
2021-06-14 09:30:20,800.75,220330
2021-06-14 09:30:21,800.3,220437
2021-06-14 09:30:22,800.3,220689
2021-06-14 09:30:23,800.2,221239
2021-06-14 09:30:29,800.35,222455
2021-06-14 09:30:31,800.8,222768
2021-06-14 09:30:32,800.35,222774
2021-06-14 09:30:33,800.6,222804
2021-06-14 09:30:34,800.35,222904
2021-06-14 09:30:35,800.3,223004
2021-06-14 09:30:36,800.3,223227
2021-06-14 09:30:37,800.4,223295
2021-06-14 09:30:38,800.0,224351
2021-06-14 09:30:39,800.0,224492
2021-06-14 09:30:40,800.0,224666
2021-06-14 09:30:41,800.6,224887
2021-06-14 09:30:42,800.3,225113
2021-06-14 09:30:42,800.3,225165
2021-06-14 09:30:43,800.8,225224
2021-06-14 09:30:45,800.3,225404
2021-06-14 09:30:45,800.3,225404
2021-06-14 09:30:46,800.3,225492
2021-06-14 09:30:47,800.95,226190
2021-06-14 09:30:48,800.65,226329
2021-06-14 09:30:49,800.8,226401
2021-06-14 09:30:50,800.9,226411
2021-06-14 09:30:51,800.45,226451
2021-06-14 09:30:52,800.35,226572
2021-06-14 09:30:53,800.45,226666
2021-06-14 09:30:54,800.35,226673
2021-06-14 09:30:55,800.45,226690
2021-06-14 09:30:56,800.8,227390
2021-06-14 09:30:58,800.35,227476
2021-06-14 09:30:59,800.3,227502
2021-06-14 09:31:00,800.3,227742
2021-06-14 09:31:01,800.2,227780
2021-06-14 09:31:02,800.2,227780
2021-06-14 09:31:03,800.2,227780
2021-06-14 09:31:04,800.35,227792
2021-06-14 09:31:06,800.6,227902
2021-06-14 09:31:07,800.7,228083
2021-06-14 09:31:08,800.35,228150
2021-06-14 09:31:09,800.45,228167
2021-06-14 09:31:10,800.2,228709
2021-06-14 09:31:11,800.3,228770
2021-06-14 09:31:12,800.0,229117
2021-06-14 09:31:13,800.35,229231
2021-06-14 09:31:14,799.6,236040
2021-06-14 09:31:15,799.85,236057
2021-06-14 09:31:17,800.0,236848
2021-06-14 09:31:18,799.6,237223
2021-06-14 09:31:19,799.65,237345
2021-06-14 09:31:20,799.35,237542
2021-06-14 09:31:21,799.35,237542
2021-06-14 09:31:22,799.5,237594
2021-06-14 09:31:22,799.5,237697
2021-06-14 09:31:23,799.5,237712
2021-06-14 09:31:24,799.5,237746
2021-06-14 09:31:26,799.5,237793
2021-06-14 09:31:27,799.2,237842
2021-06-14 09:31:28,799.0,238095
2021-06-14 09:31:29,799.35,238193
2021-06-14 09:31:30,799.0,238430
2021-06-14 09:31:31,799.15,238505
2021-06-14 09:31:32,799.4,239123
2021-06-14 09:31:33,799.0,239392
2021-06-14 09:31:34,798.8,239528
2021-06-14 09:31:35,799.0,239532
2021-06-14 09:31:36,799.4,240588
2021-06-14 09:31:37,799.65,240729
2021-06-14 09:31:37,799.65,240729
2021-06-14 09:31:39,799.5,241034
2021-06-14 09:31:40,799.2,241245
2021-06-14 09:31:41,799.35,241250
2021-06-14 09:31:42,799.3,241271
2021-06-14 09:31:43,798.6,241888
2021-06-14 09:31:44,798.7,242008
2021-06-14 09:31:45,798.55,243072
2021-06-14 09:31:46,798.4,243106
2021-06-14 09:31:47,798.3,244100
2021-06-14 09:31:48,798.0,244193
2021-06-14 09:31:49,798.3,244359
2021-06-14 09:31:51,798.3,244989
2021-06-14 09:31:52,798.0,245005
2021-06-14 09:31:54,798.1,246068
2021-06-14 09:31:55,798.15,246296
2021-06-14 09:31:56,798.25,246398
2021-06-14 09:31:57,797.95,246529
2021-06-14 09:31:57,797.95,246529
2021-06-14 09:31:58,797.7,246652
2021-06-14 09:32:00,798.0,246719
2021-06-14 09:32:01,797.55,246770
2021-06-14 09:32:02,797.65,246891
2021-06-14 09:32:03,797.65,246907
2021-06-14 09:32:05,798.2,247639
2021-06-14 09:32:06,798.0,247789
2021-06-14 09:32:07,798.4,247971
2021-06-14 09:32:08,798.5,248013
2021-06-14 09:32:09,798.65,248944
2021-06-14 09:32:10,798.5,249157
2021-06-14 09:32:11,798.45,249198
2021-06-14 09:32:12,798.8,249203
2021-06-14 09:32:12,798.8,249203
2021-06-14 09:32:14,798.2,249382
2021-06-14 09:32:15,798.45,249392
2021-06-14 09:32:16,798.0,249442
2021-06-14 09:32:17,798.0,249542
2021-06-14 09:32:18,798.0,249567
2021-06-14 09:32:19,798.35,249590
2021-06-14 09:32:20,798.4,249681
2021-06-14 09:32:21,798.0,250100
2021-06-14 09:32:22,798.0,250220
2021-06-14 09:32:23,798.4,250230
2021-06-14 09:32:24,798.4,250297
2021-06-14 09:32:26,798.4,250367
2021-06-14 09:32:27,798.05,250465
2021-06-14 09:32:28,798.05,250535
2021-06-14 09:32:29,798.2,250545
2021-06-14 09:32:30,798.2,250545
2021-06-14 09:32:31,797.6,251843
2021-06-14 09:32:32,798.05,252008
2021-06-14 09:32:33,798.05,252011
2021-06-14 09:32:34,798.05,252135
2021-06-14 09:32:35,798.2,252151
2021-06-14 09:32:36,798.4,252272
2021-06-14 09:32:37,798.4,252282
2021-06-14 09:32:38,798.4,252303
2021-06-14 09:32:39,798.2,252998
2021-06-14 09:32:40,798.65,253107
2021-06-14 09:32:41,798.55,253112
2021-06-14 09:32:42,798.55,253112
2021-06-14 09:32:43,798.3,253138
2021-06-14 09:32:44,798.5,253148
2021-06-14 09:32:45,798.5,253226
2021-06-14 09:32:46,798.3,253287
2021-06-14 09:32:47,798.25,253335
2021-06-14 09:32:48,798.2,253455
2021-06-14 09:32:49,798.25,253626
2021-06-14 09:32:50,798.7,253879
2021-06-14 09:32:51,798.1,254430
2021-06-14 09:32:52,798.1,254430
2021-06-14 09:32:53,798.1,254430
2021-06-14 09:32:54,798.8,254530
2021-06-14 09:32:55,798.5,254592
2021-06-14 09:32:56,798.5,254630
2021-06-14 09:32:57,798.6,254638
2021-06-14 09:32:58,798.2,254689
2021-06-14 09:33:00,798.1,254870
2021-06-14 09:33:01,798.1,255799
2021-06-14 09:33:02,797.7,255890
2021-06-14 09:33:03,798.0,255909
2021-06-14 09:33:04,797.85,255934
2021-06-14 09:33:05,797.65,256487
2021-06-14 09:33:06,797.65,256492
2021-06-14 09:33:07,797.4,256558
2021-06-14 09:33:08,797.4,256581
2021-06-14 09:33:09,797.8,256649
2021-06-14 09:33:10,797.35,256679
2021-06-14 09:33:11,797.55,257057
2021-06-14 09:33:12,797.55,257057
2021-06-14 09:33:13,797.45,257429
2021-06-14 09:33:14,797.0,258094
2021-06-14 09:33:15,797.0,258930
2021-06-14 09:33:16,797.0,258958
2021-06-14 09:33:17,797.0,260614
2021-06-14 09:33:19,796.1,263059
2021-06-14 09:33:20,796.1,263519
2021-06-14 09:33:21,796.1,263545
2021-06-14 09:33:22,796.1,263650
2021-06-14 09:33:23,796.1,263680
2021-06-14 09:33:24,796.1,263782
2021-06-14 09:33:25,796.2,264870
2021-06-14 09:33:26,796.2,264880
2021-06-14 09:33:27,796.2,264887
2021-06-14 09:33:28,796.4,264978
2021-06-14 09:33:30,795.8,265618
2021-06-14 09:33:29,796.2,265038
2021-06-14 09:33:31,796.0,265882
2021-06-14 09:33:32,795.9,265913
2021-06-14 09:33:33,795.9,266344
2021-06-14 09:33:34,795.65,266483
2021-06-14 09:33:35,796.15,268034
2021-06-14 09:33:36,796.75,268434
2021-06-14 09:33:37,796.15,268554
2021-06-14 09:33:38,796.15,268573
2021-06-14 09:33:39,796.45,268708
2021-06-14 09:33:40,795.95,268776
2021-06-14 09:33:41,796.4,268931
2021-06-14 09:33:42,795.9,269207
2021-06-14 09:33:43,795.9,269207
2021-06-14 09:33:44,796.35,269322
2021-06-14 09:33:45,796.1,269415
2021-06-14 09:33:46,795.85,269485
2021-06-14 09:33:47,796.15,269685
2021-06-14 09:33:48,796.0,269951
2021-06-14 09:33:49,796.45,270176
2021-06-14 09:33:50,796.45,270176
2021-06-14 09:33:51,796.15,270346
2021-06-14 09:33:55,796.7,270816
2021-06-14 09:33:56,796.3,270826
2021-06-14 09:33:58,796.3,271123
2021-06-14 09:34:00,796.2,272027
2021-06-14 09:34:01,796.25,272174
2021-06-14 09:34:02,796.2,272980
2021-06-14 09:34:03,796.4,273152
2021-06-14 09:34:04,796.4,273196
2021-06-14 09:34:05,796.15,273586
2021-06-14 09:34:06,796.0,274058
2021-06-14 09:34:07,796.35,274207
2021-06-14 09:34:08,796.35,274256
2021-06-14 09:34:09,796.2,274315
2021-06-14 09:34:10,796.4,274342
2021-06-14 09:34:13,796.0,274402
2021-06-14 09:34:14,796.15,274851
2021-06-14 09:34:15,796.35,274967
2021-06-14 09:34:16,796.3,275042
2021-06-14 09:34:17,796.0,275063
2021-06-14 09:34:18,796.3,275282
2021-06-14 09:34:19,796.25,275292
2021-06-14 09:34:20,796.25,275292
2021-06-14 09:34:21,796.1,275572
2021-06-14 09:34:22,796.1,275597
2021-06-14 09:34:23,796.1,275597
2021-06-14 09:34:24,796.2,276039
2021-06-14 09:34:25,796.1,276043
2021-06-14 09:34:27,795.55,276718
2021-06-14 09:34:28,795.6,277128
2021-06-14 09:34:29,795.75,277138
2021-06-14 09:34:31,795.9,277240
2021-06-14 09:34:32,795.9,277250
2021-06-14 09:34:33,795.9,277255
2021-06-14 09:34:34,795.9,277255
2021-06-14 09:34:35,795.9,277510
2021-06-14 09:34:36,796.0,278070
2021-06-14 09:34:37,796.0,278070
2021-06-14 09:34:38,795.9,278155
2021-06-14 09:34:39,796.0,278192
2021-06-14 09:34:40,795.9,278220
2021-06-14 09:34:41,795.95,278411
2021-06-14 09:34:42,795.95,278411
2021-06-14 09:34:43,795.95,279742
2021-06-14 09:34:44,795.45,279776
2021-06-14 09:34:45,795.85,280254
2021-06-14 09:34:46,795.85,280254
2021-06-14 09:34:48,795.6,280437
2021-06-14 09:34:49,795.1,281644
2021-06-14 09:34:50,795.25,282125
2021-06-14 09:34:51,795.25,283153
2021-06-14 09:34:52,795.4,284585
2021-06-14 09:34:53,795.5,284652
2021-06-14 09:34:54,795.45,284871
2021-06-14 09:34:55,795.0,285343
2021-06-14 09:34:56,795.1,285515
2021-06-14 09:34:57,795.45,285568
2021-06-14 09:34:58,795.05,285788
2021-06-14 09:34:59,795.45,285888
2021-06-14 09:35:00,795.45,285923
2021-06-14 09:35:01,795.0,294211
2021-06-14 09:35:02,794.85,294286
2021-06-14 09:35:03,794.85,294323
2021-06-14 09:35:04,794.65,294494
2021-06-14 09:35:05,794.7,294826
2021-06-14 09:35:06,794.95,294881
2021-06-14 09:35:07,795.0,295215
2021-06-14 09:35:08,795.1,295236
2021-06-14 09:35:09,794.55,295251
2021-06-14 09:35:10,794.6,296305
2021-06-14 09:35:11,794.15,296758
2021-06-14 09:35:13,794.4,297316
2021-06-14 09:35:14,794.3,297358
2021-06-14 09:35:15,794.2,297572
2021-06-14 09:35:16,794.2,297735
2021-06-14 09:35:17,794.4,297745
2021-06-14 09:35:18,795.9,302023
2021-06-14 09:35:19,795.6,302048
2021-06-14 09:35:20,795.4,302098
2021-06-14 09:35:21,795.8,302173
2021-06-14 09:35:22,795.85,302450
2021-06-14 09:35:23,795.55,302461
2021-06-14 09:35:24,795.7,302681
2021-06-14 09:35:25,795.5,302732
2021-06-14 09:35:27,795.75,302898
2021-06-14 09:35:28,795.35,302946
2021-06-14 09:35:29,795.25,302963
2021-06-14 09:35:31,795.75,303102
2021-06-14 09:35:32,796.0,303122
2021-06-14 09:35:33,795.85,303132
2021-06-14 09:35:34,795.2,303514
2021-06-14 09:35:35,795.4,303608
2021-06-14 09:35:36,795.7,303708
2021-06-14 09:35:37,795.55,304049
2021-06-14 09:35:38,795.15,304067
2021-06-14 09:35:39,795.75,304072
2021-06-14 09:35:40,795.15,304164
2021-06-14 09:35:41,795.15,304164
2021-06-14 09:35:42,795.0,304437
2021-06-14 09:35:43,795.1,304926
2021-06-14 09:35:44,794.95,305391
2021-06-14 09:35:45,795.45,305628
2021-06-14 09:35:46,794.9,305678
2021-06-14 09:35:47,794.95,305710
2021-06-14 09:35:48,794.85,305807
2021-06-14 09:35:49,795.3,305888
2021-06-14 09:35:50,795.35,305920
2021-06-14 09:35:51,794.9,305958
2021-06-14 09:35:52,795.35,306051
2021-06-14 09:35:53,795.4,306106
2021-06-14 09:35:54,795.0,306152
2021-06-14 09:35:55,795.0,306152
2021-06-14 09:35:56,795.4,306162
2021-06-14 09:35:57,795.15,306626
2021-06-14 09:35:58,795.0,306952
2021-06-14 09:35:59,794.9,307023
2021-06-14 09:36:00,795.1,307583
2021-06-14 09:36:01,795.4,307633
2021-06-14 09:36:03,795.35,307711
2021-06-14 09:36:04,795.25,307912
2021-06-14 09:36:05,795.45,308016
2021-06-14 09:36:06,795.8,308080
2021-06-14 09:36:08,795.65,308349
2021-06-14 09:36:09,795.65,308400
2021-06-14 09:36:10,795.35,308422
2021-06-14 09:36:11,795.4,308609
2021-06-14 09:36:12,795.4,308609
2021-06-14 09:36:13,795.9,309114
2021-06-14 09:36:14,795.75,309500
2021-06-14 09:36:15,795.8,309507
2021-06-14 09:36:16,795.95,310631
2021-06-14 09:36:17,795.8,310657
2021-06-14 09:36:18,795.8,310733
2021-06-14 09:36:19,795.8,310900
2021-06-14 09:36:20,795.8,310987
2021-06-14 09:36:21,795.8,311910
2021-06-14 09:36:22,795.8,311916
2021-06-14 09:36:23,796.2,311977
2021-06-14 09:36:24,796.25,312177
2021-06-14 09:36:25,795.8,312329
2021-06-14 09:36:26,795.6,312475
2021-06-14 09:36:27,796.05,313038
2021-06-14 09:36:28,795.8,313330
2021-06-14 09:36:29,796.05,313408
2021-06-14 09:36:30,796.25,313418
2021-06-14 09:36:31,796.0,313454
2021-06-14 09:36:32,796.0,313474
2021-06-14 09:36:33,796.35,314024
2021-06-14 09:36:34,796.35,314024
2021-06-14 09:36:36,796.35,314203
2021-06-14 09:36:37,796.4,315938
2021-06-14 09:36:38,796.45,316021
2021-06-14 09:36:39,796.45,316021
2021-06-14 09:36:39,796.65,316046
2021-06-14 09:36:42,797.0,316392
2021-06-14 09:36:43,797.0,316392
2021-06-14 09:36:44,796.65,316393
2021-06-14 09:36:45,797.0,317000
2021-06-14 09:36:46,797.0,317001
2021-06-14 09:36:47,796.8,317752
2021-06-14 09:36:48,796.4,318762
2021-06-14 09:36:49,797.0,319021
2021-06-14 09:36:49,797.25,319129
2021-06-14 09:36:51,797.35,319440
2021-06-14 09:36:51,796.8,319462
2021-06-14 09:36:52,796.65,319533
2021-06-14 09:36:53,796.75,319621
2021-06-14 09:36:54,797.1,320022
2021-06-14 09:36:56,796.7,320277
2021-06-14 09:36:57,796.65,320589
2021-06-14 09:36:58,796.5,320596
2021-06-14 09:36:59,796.5,320600
2021-06-14 09:37:01,797.1,320809
2021-06-14 09:37:02,796.95,321077
2021-06-14 09:37:03,797.15,321427
2021-06-14 09:37:04,797.15,321522
2021-06-14 09:37:05,796.8,321592
2021-06-14 09:37:07,797.55,322115
2021-06-14 09:37:08,798.05,322430
2021-06-14 09:37:09,798.05,322505
2021-06-14 09:37:10,798.05,322513
2021-06-14 09:37:11,798.25,323309
2021-06-14 09:37:12,798.15,323452
2021-06-14 09:37:13,798.15,323454
2021-06-14 09:37:14,798.15,323454
2021-06-14 09:37:15,798.05,323475
2021-06-14 09:37:16,797.9,323501
2021-06-14 09:37:17,797.5,323770
2021-06-14 09:37:18,797.35,323914
2021-06-14 09:37:19,797.75,324585
2021-06-14 09:37:20,797.75,325310
2021-06-14 09:37:22,798.05,325451
2021-06-14 09:37:23,797.8,325462
2021-06-14 09:37:24,797.8,325476
2021-06-14 09:37:26,798.0,325608
2021-06-14 09:37:26,797.8,325508
2021-06-14 09:37:27,797.35,325807
2021-06-14 09:37:28,797.25,325834
2021-06-14 09:37:29,797.45,325838
2021-06-14 09:37:30,797.0,326744
2021-06-14 09:37:31,797.3,326787
2021-06-14 09:37:33,798.0,327777
2021-06-14 09:37:35,798.25,328290
2021-06-14 09:37:36,798.25,328290
2021-06-14 09:37:37,798.0,328326
2021-06-14 09:37:39,798.4,328577
2021-06-14 09:37:40,798.5,328627
2021-06-14 09:37:41,798.5,328627
2021-06-14 09:37:42,798.25,329017
2021-06-14 09:37:43,798.25,329117
2021-06-14 09:37:45,798.35,329185
2021-06-14 09:37:46,798.5,329222
2021-06-14 09:37:47,798.5,329341
2021-06-14 09:37:48,798.35,329731
2021-06-14 09:37:49,798.35,329779
2021-06-14 09:37:50,798.35,330109
2021-06-14 09:37:52,798.75,330469
2021-06-14 09:37:54,798.85,330968
2021-06-14 09:37:55,798.8,331006
2021-06-14 09:37:56,798.75,331008
2021-06-14 09:37:57,798.75,331447
2021-06-14 09:37:58,798.75,332050
2021-06-14 09:37:59,799.0,332660
2021-06-14 09:38:00,799.0,332719
2021-06-14 09:38:01,798.5,332764
2021-06-14 09:38:02,798.7,332824
2021-06-14 09:38:03,799.0,333989
2021-06-14 09:38:04,799.0,334402
2021-06-14 09:38:06,799.0,334456
2021-06-14 09:38:07,799.1,334641
2021-06-14 09:38:08,799.1,334733
2021-06-14 09:38:09,799.6,334974
2021-06-14 09:38:09,799.2,335043
2021-06-14 09:38:10,799.2,335059
2021-06-14 09:38:11,798.7,338125
2021-06-14 09:38:12,798.95,338289
2021-06-14 09:38:13,798.35,341211
2021-06-14 09:38:14,798.2,342965
2021-06-14 09:38:15,797.85,343036
2021-06-14 09:38:16,797.75,343106
2021-06-14 09:38:17,797.5,343205
2021-06-14 09:38:18,797.75,343334
2021-06-14 09:38:19,797.75,343334
2021-06-14 09:38:20,798.2,343339
2021-06-14 09:38:21,798.0,343939
2021-06-14 09:38:22,797.8,343951
2021-06-14 09:38:23,797.8,343951
2021-06-14 09:38:24,797.75,343978
2021-06-14 09:38:25,797.7,344105
2021-06-14 09:38:26,798.0,344256
2021-06-14 09:38:27,798.05,344268
2021-06-14 09:38:28,797.7,344320
2021-06-14 09:38:29,798.15,344323
2021-06-14 09:38:30,798.15,344323
2021-06-14 09:38:32,798.05,344747
2021-06-14 09:38:33,798.25,344751
2021-06-14 09:38:34,798.15,345101
2021-06-14 09:38:35,798.05,345154
2021-06-14 09:38:37,797.7,345346
2021-06-14 09:38:38,798.1,345376
2021-06-14 09:38:39,798.1,345376
2021-06-14 09:38:40,797.8,345416
2021-06-14 09:38:42,797.85,345530
2021-06-14 09:38:43,798.3,345780
2021-06-14 09:38:44,798.35,345887
2021-06-14 09:38:45,798.35,345887
2021-06-14 09:38:46,798.35,345887
2021-06-14 09:38:47,798.1,345985
2021-06-14 09:38:48,798.0,346003
2021-06-14 09:38:49,798.3,346029
2021-06-14 09:38:50,798.45,346090
2021-06-14 09:38:51,798.45,346090
2021-06-14 09:38:52,798.45,346090
2021-06-14 09:38:52,798.45,346338
2021-06-14 09:38:53,798.15,346340
2021-06-14 09:38:54,798.5,346550
2021-06-14 09:38:55,798.5,346598
2021-06-14 09:38:56,798.5,346598
2021-06-14 09:38:57,798.35,346661
2021-06-14 09:38:58,798.45,346726
2021-06-14 09:38:59,798.55,346780
2021-06-14 09:39:00,798.0,347586
2021-06-14 09:39:01,798.05,347591
2021-06-14 09:39:02,798.0,347652
2021-06-14 09:39:03,797.85,347749
2021-06-14 09:39:04,798.05,349819
2021-06-14 09:39:05,798.2,349833
2021-06-14 09:39:06,798.0,349977
2021-06-14 09:39:07,797.95,349987
2021-06-14 09:39:08,797.7,350012
2021-06-14 09:39:09,797.55,350125
2021-06-14 09:39:10,797.55,350133
2021-06-14 09:39:12,797.35,350232
2021-06-14 09:39:12,797.95,350234
2021-06-14 09:39:13,797.7,350235
2021-06-14 09:39:14,797.7,350264
2021-06-14 09:39:16,797.7,350425
2021-06-14 09:39:16,797.6,350591
2021-06-14 09:39:17,797.15,350592
2021-06-14 09:39:19,797.15,352139
2021-06-14 09:39:19,797.15,352194
2021-06-14 09:39:21,797.75,354058
2021-06-14 09:39:22,797.75,354060
2021-06-14 09:39:23,797.85,354710
2021-06-14 09:39:24,797.9,355423
2021-06-14 09:39:24,797.55,356191
2021-06-14 09:39:25,797.35,357169
2021-06-14 09:39:26,797.35,357169
2021-06-14 09:39:27,797.4,357193
2021-06-14 09:39:29,797.25,358158
2021-06-14 09:39:30,797.25,358158
2021-06-14 09:39:31,796.8,358338
2021-06-14 09:39:31,797.15,358478
2021-06-14 09:39:32,797.15,358633
2021-06-14 09:39:33,796.9,358710
2021-06-14 09:39:37,797.05,358796
2021-06-14 09:39:38,797.15,358913
2021-06-14 09:39:40,797.65,358918
2021-06-14 09:39:42,797.2,358968
2021-06-14 09:39:43,797.25,359037
2021-06-14 09:39:45,797.55,359098
2021-06-14 09:39:45,797.6,359109
2021-06-14 09:39:46,797.6,359210
2021-06-14 09:39:47,797.2,359339
2021-06-14 09:39:48,797.5,359340
2021-06-14 09:39:49,797.35,359346
2021-06-14 09:39:50,797.35,359346
2021-06-14 09:39:51,797.25,359386
2021-06-14 09:39:53,797.95,359570
2021-06-14 09:39:53,797.35,359605
2021-06-14 09:39:54,797.35,359605
2021-06-14 09:39:55,797.35,359605
2021-06-14 09:39:56,796.75,360620
2021-06-14 09:39:57,797.05,360989
2021-06-14 09:39:58,796.8,361050
2021-06-14 09:39:59,797.25,361576
2021-06-14 09:40:01,796.85,361675
2021-06-14 09:40:02,797.25,361727
2021-06-14 09:40:03,797.2,361842
2021-06-14 09:40:04,797.5,361874
2021-06-14 09:40:05,797.5,361901
2021-06-14 09:40:06,797.35,362002
2021-06-14 09:40:07,797.6,362010
2021-06-14 09:40:08,797.3,362060
2021-06-14 09:40:09,797.3,362060
2021-06-14 09:40:10,797.45,362071
2021-06-14 09:40:11,797.5,362563
2021-06-14 09:40:12,797.5,362663
2021-06-14 09:40:13,797.5,362735
2021-06-14 09:40:14,797.5,362805
2021-06-14 09:40:16,797.45,362869
2021-06-14 09:40:17,797.45,362896
2021-06-14 09:40:18,797.45,362898
2021-06-14 09:40:19,796.4,365017
2021-06-14 09:40:21,796.0,366139
2021-06-14 09:40:22,796.35,366220
2021-06-14 09:40:22,796.4,366255
2021-06-14 09:40:23,796.1,368961
2021-06-14 09:40:26,796.4,369134
2021-06-14 09:40:26,796.15,369272
2021-06-14 09:40:29,795.6,369790
2021-06-14 09:40:30,795.95,369962
2021-06-14 09:40:31,796.2,370516
2021-06-14 09:40:32,796.4,370617
2021-06-14 09:40:33,796.4,370617
2021-06-14 09:40:34,796.15,370618
2021-06-14 09:40:35,796.0,370715
2021-06-14 09:40:37,795.8,370971
2021-06-14 09:40:36,796.05,370741
2021-06-14 09:40:38,796.0,371076
2021-06-14 09:40:39,796.0,371190
2021-06-14 09:40:41,796.25,371205
2021-06-14 09:40:41,796.05,371232
2021-06-14 09:40:42,796.0,371237
2021-06-14 09:40:43,796.0,371291
2021-06-14 09:40:44,796.05,371317
2021-06-14 09:40:45,795.85,371798
2021-06-14 09:40:46,795.3,372164
2021-06-14 09:40:48,795.4,372569
2021-06-14 09:40:48,795.7,372938
2021-06-14 09:40:49,795.25,372940
2021-06-14 09:40:50,795.85,373308
2021-06-14 09:40:51,795.85,373308
2021-06-14 09:40:52,795.35,373344
2021-06-14 09:40:54,795.45,373347
2021-06-14 09:40:55,795.85,373765
2021-06-14 09:40:56,795.75,373868
2021-06-14 09:40:57,795.95,375940
2021-06-14 09:40:58,795.85,376286
2021-06-14 09:40:58,795.85,376288
2021-06-14 09:41:00,795.9,376396
2021-06-14 09:41:00,795.75,376436
2021-06-14 09:41:01,795.9,376660
2021-06-14 09:41:02,795.9,376682
2021-06-14 09:41:04,795.5,376827
2021-06-14 09:41:06,795.6,377173
2021-06-14 09:41:07,796.0,377197
2021-06-14 09:41:08,796.15,377223
2021-06-14 09:41:09,795.75,377224
2021-06-14 09:41:10,796.75,377467
2021-06-14 09:41:11,796.65,377553
2021-06-14 09:41:13,796.9,377563
2021-06-14 09:41:14,796.65,377564
2021-06-14 09:41:15,796.35,379346
2021-06-14 09:41:16,796.0,379416
2021-06-14 09:41:18,796.5,379925
2021-06-14 09:41:19,795.95,379947
2021-06-14 09:41:21,795.9,379952
2021-06-14 09:41:22,795.9,379952
2021-06-14 09:41:23,796.25,380069
2021-06-14 09:41:24,796.45,380079
2021-06-14 09:41:25,796.45,380079
2021-06-14 09:41:26,797.0,382615
2021-06-14 09:41:26,797.0,382615
2021-06-14 09:41:27,796.45,383322
2021-06-14 09:41:28,796.45,383322
2021-06-14 09:41:29,796.45,383412
2021-06-14 09:41:30,796.95,385116
2021-06-14 09:41:31,796.95,385116
2021-06-14 09:41:32,796.9,385266
2021-06-14 09:41:33,796.65,385366
2021-06-14 09:41:35,796.9,385666
2021-06-14 09:41:36,796.9,385666
2021-06-14 09:41:37,796.9,385671
2021-06-14 09:41:38,796.75,385679
2021-06-14 09:41:38,796.9,385856
2021-06-14 09:41:40,796.9,386017
2021-06-14 09:41:40,796.85,386026
2021-06-14 09:41:43,797.15,387531
2021-06-14 09:41:42,797.15,387531
2021-06-14 09:41:44,797.0,387837
2021-06-14 09:41:45,797.0,387837
2021-06-14 09:41:46,797.3,388012
2021-06-14 09:41:47,797.4,388013
2021-06-14 09:41:48,797.05,388040
2021-06-14 09:41:49,797.2,388057
2021-06-14 09:41:50,796.75,388757
2021-06-14 09:41:51,797.1,388774
2021-06-14 09:41:52,796.75,388836
2021-06-14 09:41:53,797.0,388854
2021-06-14 09:41:54,797.0,388854
2021-06-14 09:41:55,797.3,388904
2021-06-14 09:41:56,797.3,388904
2021-06-14 09:41:57,797.35,389004
2021-06-14 09:41:58,797.4,389009
2021-06-14 09:41:59,797.4,389010
2021-06-14 09:42:00,797.45,389135
2021-06-14 09:42:01,797.5,389353
2021-06-14 09:42:03,797.8,389467
2021-06-14 09:42:04,798.0,389470
2021-06-14 09:42:05,798.0,389470
2021-06-14 09:42:06,798.0,389473
2021-06-14 09:42:07,798.0,389473
2021-06-14 09:42:08,797.95,389641
2021-06-14 09:42:09,797.95,389654
2021-06-14 09:42:10,798.35,389755
2021-06-14 09:42:11,798.55,389969
2021-06-14 09:42:12,798.55,389971
2021-06-14 09:42:13,798.4,389972
2021-06-14 09:42:14,798.45,390047
2021-06-14 09:42:15,798.4,390280
2021-06-14 09:42:16,798.55,390675
2021-06-14 09:42:17,798.4,390701
2021-06-14 09:42:17,798.6,390751
2021-06-14 09:42:19,798.2,390814
2021-06-14 09:42:20,798.7,390845
2021-06-14 09:42:21,798.7,390864
2021-06-14 09:42:23,798.65,390926
2021-06-14 09:42:24,799.25,399328
2021-06-14 09:42:25,799.05,399800
2021-06-14 09:42:26,799.65,404461
2021-06-14 09:42:27,799.8,405460
2021-06-14 09:42:28,800.0,408758
2021-06-14 09:42:29,800.05,410594
2021-06-14 09:42:30,800.45,410595
2021-06-14 09:42:32,800.45,410610
2021-06-14 09:42:33,800.45,410610
2021-06-14 09:42:34,800.5,410768
2021-06-14 09:42:35,800.1,410818
2021-06-14 09:42:36,800.8,411436
2021-06-14 09:42:37,800.8,411436
2021-06-14 09:42:38,800.45,411492
2021-06-14 09:42:39,800.45,411492
2021-06-14 09:42:40,800.35,411818
2021-06-14 09:42:41,800.0,412286
2021-06-14 09:42:42,799.9,412543
2021-06-14 09:42:43,800.1,412831
2021-06-14 09:42:44,799.85,413332
2021-06-14 09:42:45,799.9,413578
2021-06-14 09:42:46,799.9,413593
2021-06-14 09:42:47,799.9,413593
2021-06-14 09:42:48,800.05,413598
2021-06-14 09:42:49,800.05,413598
2021-06-14 09:42:50,800.0,413703
2021-06-14 09:42:51,800.0,413703
2021-06-14 09:42:52,800.0,413853
2021-06-14 09:42:53,800.2,413903
2021-06-14 09:42:53,800.2,413903
2021-06-14 09:42:54,800.2,413915
2021-06-14 09:42:55,799.6,414548
2021-06-14 09:42:57,799.5,414748
2021-06-14 09:42:58,799.5,414748
2021-06-14 09:42:59,799.5,414748
2021-06-14 09:43:00,799.7,414787
2021-06-14 09:43:01,799.9,415005
2021-06-14 09:43:02,799.6,415095
2021-06-14 09:43:03,799.5,415616
2021-06-14 09:43:04,799.8,415820
2021-06-14 09:43:06,799.0,415998
2021-06-14 09:43:08,799.75,416197
2021-06-14 09:43:09,799.15,416227
2021-06-14 09:43:11,799.0,417232
2021-06-14 09:43:12,798.6,419141
2021-06-14 09:43:14,798.55,421042
2021-06-14 09:43:16,798.8,421174
2021-06-14 09:43:17,798.8,421174
2021-06-14 09:43:18,799.1,421210
2021-06-14 09:43:19,798.95,421271
2021-06-14 09:43:20,799.15,421314
2021-06-14 09:43:21,799.15,421316
2021-06-14 09:43:22,799.15,421331
2021-06-14 09:43:23,799.15,421333
2021-06-14 09:43:24,799.15,421335
2021-06-14 09:43:25,799.15,421920
2021-06-14 09:43:26,799.15,421920
2021-06-14 09:43:27,799.2,421922
2021-06-14 09:43:28,799.35,422424
2021-06-14 09:43:30,799.95,423238
2021-06-14 09:43:31,799.95,423240
2021-06-14 09:43:32,799.95,423294
2021-06-14 09:43:33,799.8,423296
2021-06-14 09:43:33,799.8,423296
2021-06-14 09:43:34,799.75,423298
2021-06-14 09:43:35,799.95,423406
2021-06-14 09:43:37,799.95,423921
2021-06-14 09:43:38,799.95,423921
2021-06-14 09:43:39,799.7,424222
2021-06-14 09:43:40,800.0,424351
2021-06-14 09:43:42,799.8,424353
2021-06-14 09:43:43,800.0,424354
2021-06-14 09:43:44,800.0,424354
2021-06-14 09:43:45,800.0,424356
2021-06-14 09:43:46,800.45,425740
2021-06-14 09:43:47,800.15,425805
2021-06-14 09:43:47,799.8,425886
2021-06-14 09:43:48,799.8,425886
2021-06-14 09:43:49,799.95,425913
2021-06-14 09:43:50,800.0,426041
2021-06-14 09:43:51,800.0,426041
2021-06-14 09:43:52,800.0,426143
2021-06-14 09:43:53,800.0,428701
2021-06-14 09:43:54,800.3,428956
2021-06-14 09:43:56,800.05,428970
2021-06-14 09:43:57,800.45,428977
2021-06-14 09:43:58,800.05,429027
2021-06-14 09:43:59,800.0,429040
2021-06-14 09:44:00,799.7,430087
2021-06-14 09:44:01,800.0,431087
2021-06-14 09:44:02,799.65,431089
2021-06-14 09:44:03,799.75,431099
2021-06-14 09:44:04,799.7,431177
2021-06-14 09:44:05,799.9,431204
2021-06-14 09:44:05,799.65,431195
2021-06-14 09:44:06,799.8,431415
2021-06-14 09:44:08,799.7,431429
2021-06-14 09:44:09,799.7,431433
2021-06-14 09:44:10,799.5,431762
2021-06-14 09:44:11,799.5,431806
2021-06-14 09:44:12,799.85,431810
2021-06-14 09:44:13,799.5,431889
2021-06-14 09:44:14,799.15,431959
2021-06-14 09:44:15,799.55,432085
2021-06-14 09:44:16,799.65,432100
2021-06-14 09:44:17,799.35,432117
2021-06-14 09:44:18,799.35,432117
2021-06-14 09:44:20,799.65,432147
2021-06-14 09:44:21,799.35,432160
2021-06-14 09:44:22,799.5,432174
2021-06-14 09:44:23,799.5,432174
2021-06-14 09:44:24,799.35,432194
2021-06-14 09:44:25,799.65,432278
2021-06-14 09:44:26,799.5,432383
2021-06-14 09:44:29,799.25,432423
2021-06-14 09:44:30,799.25,432489
2021-06-14 09:44:31,799.25,432499
2021-06-14 09:44:32,799.25,432499
2021-06-14 09:44:33,799.1,432549
2021-06-14 09:44:34,799.1,432577
2021-06-14 09:44:35,799.05,433348
2021-06-14 09:44:36,799.05,433348
2021-06-14 09:44:37,799.0,433373
2021-06-14 09:44:38,799.05,433383
2021-06-14 09:44:40,799.0,433531
2021-06-14 09:44:41,799.0,433551
2021-06-14 09:44:42,798.55,436596
2021-06-14 09:44:43,798.6,436697
2021-06-14 09:44:44,798.25,436739
2021-06-14 09:44:45,798.25,436739
2021-06-14 09:44:46,798.75,436890
2021-06-14 09:44:47,799.2,436895
2021-06-14 09:44:48,798.8,437077
2021-06-14 09:44:49,798.75,437294
2021-06-14 09:44:50,799.0,437401
2021-06-14 09:44:51,799.2,437915
2021-06-14 09:44:53,798.7,438157
2021-06-14 09:44:54,799.0,438177
2021-06-14 09:44:55,798.95,438179
2021-06-14 09:44:57,798.7,438228
2021-06-14 09:44:58,798.55,438229
2021-06-14 09:44:59,798.55,438279
2021-06-14 09:45:00,798.6,438354
2021-06-14 09:45:01,798.6,438354
2021-06-14 09:45:02,798.6,438554
2021-06-14 09:45:03,798.45,438584
2021-06-14 09:45:04,798.35,438590
2021-06-14 09:45:05,798.45,438625
2021-06-14 09:45:06,798.35,438737
2021-06-14 09:45:08,798.2,438772
2021-06-14 09:45:09,798.6,438781
2021-06-14 09:45:10,798.6,438801
2021-06-14 09:45:11,798.55,438826
2021-06-14 09:45:12,798.5,438880
2021-06-14 09:45:13,798.5,438882
2021-06-14 09:45:14,798.45,438916
2021-06-14 09:45:15,798.45,438932
2021-06-14 09:45:16,798.55,438961
2021-06-14 09:45:17,798.35,439024
2021-06-14 09:45:18,798.35,439024
2021-06-14 09:45:19,798.35,439059
2021-06-14 09:45:20,798.25,439066
2021-06-14 09:45:21,798.15,439538
2021-06-14 09:45:23,798.6,439644
2021-06-14 09:45:24,799.0,441645
2021-06-14 09:45:25,799.0,441645
2021-06-14 09:45:26,799.0,441645
2021-06-14 09:45:27,799.2,441731
2021-06-14 09:45:28,798.9,441797
2021-06-14 09:45:29,799.2,441852
2021-06-14 09:45:30,798.9,442062
2021-06-14 09:45:31,798.8,442145
2021-06-14 09:45:32,798.85,442177
2021-06-14 09:45:34,799.05,442471
2021-06-14 09:45:35,799.25,442486
2021-06-14 09:45:36,799.25,442486
2021-06-14 09:45:37,799.25,442486
2021-06-14 09:45:40,798.8,442612
2021-06-14 09:45:41,798.55,442763
2021-06-14 09:45:42,798.75,442918
2021-06-14 09:45:43,798.5,443058
2021-06-14 09:45:44,798.65,443327
2021-06-14 09:45:45,798.9,443592
2021-06-14 09:45:46,798.75,443644
2021-06-14 09:45:47,798.75,443647
2021-06-14 09:45:49,798.95,443727
2021-06-14 09:45:50,798.95,443727
2021-06-14 09:45:51,798.95,443728
2021-06-14 09:45:52,798.8,443734
2021-06-14 09:45:54,798.65,443855
2021-06-14 09:45:55,798.65,443855
2021-06-14 09:45:57,799.2,444861
2021-06-14 09:45:56,799.2,444861
2021-06-14 09:45:58,799.3,445011
2021-06-14 09:46:02,799.05,445081
2021-06-14 09:46:03,799.25,445683
2021-06-14 09:46:04,799.25,445683
2021-06-14 09:46:05,799.25,445696
2021-06-14 09:46:07,799.0,445716
2021-06-14 09:46:06,799.25,445696
2021-06-14 09:46:08,798.9,445815
2021-06-14 09:46:09,799.1,445845
2021-06-14 09:46:11,798.65,446679
2021-06-14 09:46:12,798.8,446780
2021-06-14 09:46:13,798.8,446782
2021-06-14 09:46:14,798.95,446886
2021-06-14 09:46:15,799.2,446897
2021-06-14 09:46:16,799.2,446897
2021-06-14 09:46:17,799.2,446913
2021-06-14 09:46:18,798.7,447001
2021-06-14 09:46:19,799.1,447053
2021-06-14 09:46:20,798.75,447104
2021-06-14 09:46:21,798.85,447166
2021-06-14 09:46:22,798.6,447426
2021-06-14 09:46:23,798.6,447427
2021-06-14 09:46:24,798.6,447427
2021-06-14 09:46:25,798.6,447427
2021-06-14 09:46:26,798.75,447439
2021-06-14 09:46:28,798.8,447498
2021-06-14 09:46:29,798.65,447552
2021-06-14 09:46:32,798.5,447788
2021-06-14 09:46:31,798.5,447788
2021-06-14 09:46:33,798.75,447849
2021-06-14 09:46:34,798.75,447849
2021-06-14 09:46:35,798.75,447849
2021-06-14 09:46:36,798.5,448036
2021-06-14 09:46:37,798.7,448038
2021-06-14 09:46:38,798.75,448053
2021-06-14 09:46:41,798.65,448402
2021-06-14 09:46:42,798.5,448469
2021-06-14 09:46:43,798.55,448472
2021-06-14 09:46:44,798.55,448505
2021-06-14 09:46:45,798.85,448705
2021-06-14 09:46:46,798.5,449405
2021-06-14 09:46:47,798.5,449444
2021-06-14 09:46:49,798.45,449495
2021-06-14 09:46:51,798.0,450658
2021-06-14 09:46:52,797.75,453661
2021-06-14 09:46:53,797.6,453725
2021-06-14 09:46:54,797.6,453725
2021-06-14 09:46:55,797.6,453726
2021-06-14 09:46:56,797.35,453746
2021-06-14 09:46:57,797.3,453927
2021-06-14 09:46:58,797.6,454359
2021-06-14 09:46:59,798.1,454370
2021-06-14 09:47:00,798.1,454370
2021-06-14 09:47:02,798.75,454520
2021-06-14 09:47:03,798.75,454520
2021-06-14 09:47:04,798.5,454524
2021-06-14 09:47:05,798.4,454554
2021-06-14 09:47:06,798.4,454554
2021-06-14 09:47:08,798.15,454622
2021-06-14 09:47:08,798.15,454622
2021-06-14 09:47:09,798.15,454632
2021-06-14 09:47:10,798.1,454634
2021-06-14 09:47:11,798.05,454635
2021-06-14 09:47:12,797.75,454696
2021-06-14 09:47:13,797.75,454697
2021-06-14 09:47:14,797.75,454697
2021-06-14 09:47:15,797.5,454760
2021-06-14 09:47:16,797.5,454821
2021-06-14 09:47:17,797.5,454876
2021-06-14 09:47:18,797.5,454876
2021-06-14 09:47:19,797.5,454926
2021-06-14 09:47:20,797.55,454928
2021-06-14 09:47:21,797.5,454981
2021-06-14 09:47:22,797.8,455031
2021-06-14 09:47:23,797.65,455041
2021-06-14 09:47:25,797.5,455068
2021-06-14 09:47:26,797.85,455268
2021-06-14 09:47:27,797.85,455268
2021-06-14 09:47:28,797.5,455368
2021-06-14 09:47:30,797.65,455378
2021-06-14 09:47:31,797.65,455378
2021-06-14 09:47:32,797.5,455469
2021-06-14 09:47:33,797.7,455479
2021-06-14 09:47:34,797.55,455484
2021-06-14 09:47:35,797.95,455533
2021-06-14 09:47:36,797.8,455563
2021-06-14 09:47:37,797.8,455563
2021-06-14 09:47:38,797.9,455616
2021-06-14 09:47:39,797.9,455636
2021-06-14 09:47:40,797.85,455686
2021-06-14 09:47:41,797.8,455719
2021-06-14 09:47:42,797.95,455720
2021-06-14 09:47:43,797.95,455720
2021-06-14 09:47:45,797.8,455772
2021-06-14 09:47:46,797.65,455972
2021-06-14 09:47:47,797.65,455972
2021-06-14 09:47:48,797.85,455982
2021-06-14 09:47:48,797.85,455982
2021-06-14 09:47:49,797.6,456099
2021-06-14 09:47:50,797.6,456193
2021-06-14 09:47:51,797.95,456198
2021-06-14 09:47:52,797.8,456199
2021-06-14 09:47:53,797.8,456209
2021-06-14 09:47:54,797.65,456305
2021-06-14 09:47:55,797.65,456305
2021-06-14 09:47:56,797.95,456306
2021-06-14 09:47:57,797.95,456306
2021-06-14 09:47:58,797.95,456308
2021-06-14 09:47:59,797.95,456308
2021-06-14 09:48:00,797.95,456308
2021-06-14 09:48:01,797.85,456410
2021-06-14 09:48:02,797.8,456421
2021-06-14 09:48:03,797.7,456520
2021-06-14 09:48:04,797.7,457865
2021-06-14 09:48:05,797.8,457887
2021-06-14 09:48:06,797.65,457998
2021-06-14 09:48:07,797.7,458070
2021-06-14 09:48:08,797.7,458070
2021-06-14 09:48:09,797.9,458170
2021-06-14 09:48:11,797.9,458175
2021-06-14 09:48:12,797.9,458175
2021-06-14 09:48:12,797.9,458175
2021-06-14 09:48:13,797.85,458186
2021-06-14 09:48:15,797.8,458192
2021-06-14 09:48:16,797.7,458193
2021-06-14 09:48:17,797.85,458429
2021-06-14 09:48:18,797.85,458429
2021-06-14 09:48:19,797.8,458470
2021-06-14 09:48:20,797.7,458488
2021-06-14 09:48:21,797.7,458488
2021-06-14 09:48:24,797.7,458845
2021-06-14 09:48:25,797.8,458856
2021-06-14 09:48:26,797.7,458885
2021-06-14 09:48:27,797.7,458885
2021-06-14 09:48:28,797.7,458885
2021-06-14 09:48:30,797.7,458956
2021-06-14 09:48:30,797.7,458956
2021-06-14 09:48:31,797.8,459132
2021-06-14 09:48:32,798.0,459134
2021-06-14 09:48:33,797.9,459145
2021-06-14 09:48:34,797.8,459165
2021-06-14 09:48:35,797.8,459479
2021-06-14 09:48:37,798.0,459482
2021-06-14 09:48:37,798.0,459482
2021-06-14 09:48:38,798.0,459512
2021-06-14 09:48:40,797.95,459528
2021-06-14 09:48:40,797.95,459528
2021-06-14 09:48:41,798.0,460138
2021-06-14 09:48:43,798.1,460151
2021-06-14 09:48:44,798.1,460151
2021-06-14 09:48:45,798.1,460278
2021-06-14 09:48:46,798.1,460278
2021-06-14 09:48:47,798.1,460278
2021-06-14 09:48:50,798.1,460278
2021-06-14 09:48:50,798.2,460298
2021-06-14 09:48:51,798.05,460323
2021-06-14 09:48:52,798.05,460323
2021-06-14 09:48:53,798.35,460459
2021-06-14 09:48:54,798.1,460506
2021-06-14 09:48:55,798.25,460517
2021-06-14 09:48:56,798.25,460517
2021-06-14 09:48:57,798.25,460597
2021-06-14 09:48:58,798.1,460676
2021-06-14 09:48:59,798.4,460683
2021-06-14 09:49:01,798.4,460733
2021-06-14 09:49:02,798.3,460748
2021-06-14 09:49:04,798.3,460748
2021-06-14 09:49:05,798.4,460853
2021-06-14 09:49:06,798.4,460861
2021-06-14 09:49:07,798.2,460881
2021-06-14 09:49:09,798.2,460901
2021-06-14 09:49:10,798.25,460961
2021-06-14 09:49:11,798.25,460961
2021-06-14 09:49:12,798.2,460966
2021-06-14 09:49:13,798.2,460966
2021-06-14 09:49:14,798.2,461003
2021-06-14 09:49:16,798.35,461006
2021-06-14 09:49:16,798.35,461006
2021-06-14 09:49:17,798.35,461007
2021-06-14 09:49:18,798.3,461062
2021-06-14 09:49:20,798.55,461224
2021-06-14 09:49:21,798.2,461268
2021-06-14 09:49:23,798.25,461278
2021-06-14 09:49:24,798.3,461472
2021-06-14 09:49:26,798.3,461472
2021-06-14 09:49:27,798.2,462128
2021-06-14 09:49:28,798.2,462163
2021-06-14 09:49:29,798.15,462173
2021-06-14 09:49:30,798.15,462178
2021-06-14 09:49:31,798.1,462208
2021-06-14 09:49:32,798.15,462233
2021-06-14 09:49:33,798.1,462283
2021-06-14 09:49:35,798.2,462294
2021-06-14 09:49:36,798.2,462297
2021-06-14 09:49:37,798.2,462403
2021-06-14 09:49:38,798.2,462403
2021-06-14 09:49:39,798.2,462404
2021-06-14 09:49:40,798.2,462404
2021-06-14 09:49:41,798.2,462452
2021-06-14 09:49:42,798.2,462490
2021-06-14 09:49:43,798.15,462695
2021-06-14 09:49:44,798.2,462720
2021-06-14 09:49:45,798.2,462720
2021-06-14 09:49:46,798.2,462720
2021-06-14 09:49:47,798.2,462730
2021-06-14 09:49:47,798.2,462730
2021-06-14 09:49:49,798.2,462882
2021-06-14 09:49:51,798.2,462987
2021-06-14 09:49:51,798.2,462987
2021-06-14 09:49:52,798.2,462992
2021-06-14 09:49:53,798.2,462992
2021-06-14 09:49:54,798.2,462992
2021-06-14 09:49:55,798.2,463201
2021-06-14 09:49:56,798.15,463290
2021-06-14 09:49:58,798.1,463525
2021-06-14 09:49:58,798.2,463325
2021-06-14 09:49:59,798.1,463525
2021-06-14 09:50:01,798.15,463531
2021-06-14 09:50:01,798.1,463599
2021-06-14 09:50:03,798.1,463599
2021-06-14 09:50:03,798.1,463599
2021-06-14 09:50:05,798.15,463679
2021-06-14 09:50:06,798.1,463715
2021-06-14 09:50:08,798.2,463731
2021-06-14 09:50:09,798.2,463742
2021-06-14 09:50:10,798.25,463807
2021-06-14 09:50:11,798.2,463818
2021-06-14 09:50:12,798.25,463919
2021-06-14 09:50:13,798.45,463986
2021-06-14 09:50:15,798.4,464036
2021-06-14 09:50:16,798.4,464036
2021-06-14 09:50:17,798.65,464037
2021-06-14 09:50:18,798.6,464038
2021-06-14 09:50:19,798.25,464057
2021-06-14 09:50:20,798.25,464057
2021-06-14 09:50:21,798.25,464057
2021-06-14 09:50:22,798.35,464107
2021-06-14 09:50:23,798.65,464155
2021-06-14 09:50:24,798.65,464275
2021-06-14 09:50:25,798.8,464488
2021-06-14 09:50:26,798.8,464488
2021-06-14 09:50:27,798.15,465288
2021-06-14 09:50:28,798.2,465344
2021-06-14 09:50:29,798.2,465344
2021-06-14 09:50:30,798.2,465344
2021-06-14 09:50:32,798.25,465363
2021-06-14 09:50:33,798.25,465363
2021-06-14 09:50:34,798.25,465363
2021-06-14 09:50:35,798.5,465433
2021-06-14 09:50:35,798.5,465433
2021-06-14 09:50:36,798.3,465440
2021-06-14 09:50:38,798.65,465537
2021-06-14 09:50:38,798.65,465537
2021-06-14 09:50:39,798.75,465539
2021-06-14 09:50:41,798.65,465559
2021-06-14 09:50:42,798.7,466309
2021-06-14 09:50:42,798.7,466309
2021-06-14 09:50:44,798.5,466316
2021-06-14 09:50:44,798.5,466316
2021-06-14 09:50:46,798.25,466350
2021-06-14 09:50:46,798.25,466350
2021-06-14 09:50:47,798.45,466354
2021-06-14 09:50:48,798.25,466520
2021-06-14 09:50:49,798.25,466520
2021-06-14 09:50:50,798.65,466626
2021-06-14 09:50:51,798.25,466660
2021-06-14 09:50:53,798.25,466698
2021-06-14 09:50:54,798.25,466698
2021-06-14 09:50:55,798.25,466764
2021-06-14 09:50:56,798.35,466864
2021-06-14 09:50:57,798.2,466879
2021-06-14 09:50:59,799.0,468399
2021-06-14 09:50:59,798.85,468400
2021-06-14 09:51:00,798.8,468411
2021-06-14 09:51:02,798.75,468482
2021-06-14 09:51:03,798.75,468497
2021-06-14 09:51:03,798.75,468497
2021-06-14 09:51:05,799.0,468632
2021-06-14 09:51:05,799.0,468632
2021-06-14 09:51:06,799.0,468636
2021-06-14 09:51:07,798.95,468638
2021-06-14 09:51:08,798.65,468715
2021-06-14 09:51:09,798.95,468720
2021-06-14 09:51:10,798.7,468731
2021-06-14 09:51:11,798.65,468843
2021-06-14 09:51:12,798.95,468848
2021-06-14 09:51:13,798.95,468853
2021-06-14 09:51:15,798.9,468855
2021-06-14 09:51:16,798.8,468865
2021-06-14 09:51:18,798.4,469092
2021-06-14 09:51:18,798.4,469092
2021-06-14 09:51:20,798.85,469301
2021-06-14 09:51:21,798.75,469311
2021-06-14 09:51:22,798.5,469416
2021-06-14 09:51:22,798.5,469416
2021-06-14 09:51:23,798.8,469419
2021-06-14 09:51:24,798.65,469495
2021-06-14 09:51:25,798.95,469813
2021-06-14 09:51:27,798.95,469853
2021-06-14 09:51:28,798.9,469886
2021-06-14 09:51:29,798.9,469886
2021-06-14 09:51:30,798.9,470077
2021-06-14 09:51:30,798.75,470132
2021-06-14 09:51:31,798.7,470175
2021-06-14 09:51:32,798.65,470313
2021-06-14 09:51:34,798.9,470338
2021-06-14 09:51:35,798.75,470340
2021-06-14 09:51:37,798.75,470341
2021-06-14 09:51:39,798.85,470579
2021-06-14 09:51:40,798.85,470579
2021-06-14 09:51:41,798.85,470579
2021-06-14 09:51:42,798.85,470600
2021-06-14 09:51:43,798.8,470601
2021-06-14 09:51:44,798.55,470931
2021-06-14 09:51:45,798.75,470935
2021-06-14 09:51:46,798.7,470936
2021-06-14 09:51:47,798.6,471011
2021-06-14 09:51:48,798.5,471709
2021-06-14 09:51:51,799.0,471906
2021-06-14 09:51:52,798.95,471926
2021-06-14 09:51:53,799.0,471976
2021-06-14 09:51:54,798.7,472011
2021-06-14 09:51:55,798.7,472145
2021-06-14 09:51:57,798.7,472145
2021-06-14 09:51:58,798.55,472146
2021-06-14 09:51:58,798.55,472176
2021-06-14 09:51:59,798.65,472677
2021-06-14 09:52:01,798.65,472712
2021-06-14 09:52:02,798.65,472717
2021-06-14 09:52:05,798.55,472720
2021-06-14 09:52:06,798.55,472720
2021-06-14 09:52:07,798.9,473332
2021-06-14 09:52:08,798.9,473334
2021-06-14 09:52:09,798.9,473334
2021-06-14 09:52:10,798.9,473337
2021-06-14 09:52:12,799.1,473814
2021-06-14 09:52:14,799.1,473814
2021-06-14 09:52:15,799.1,473819
2021-06-14 09:52:17,799.1,473858
2021-06-14 09:52:18,799.1,473858
2021-06-14 09:52:19,799.05,473883
2021-06-14 09:52:20,799.3,473973
2021-06-14 09:52:22,799.3,473975
2021-06-14 09:52:21,799.3,473975
2021-06-14 09:52:23,799.3,474177
2021-06-14 09:52:24,799.3,474185
2021-06-14 09:52:25,799.25,474186
2021-06-14 09:52:25,799.25,474186
2021-06-14 09:52:27,799.15,474187
2021-06-14 09:52:29,799.15,474226
2021-06-14 09:52:30,799.1,474227
2021-06-14 09:52:31,799.0,474289
2021-06-14 09:52:32,799.3,474694
2021-06-14 09:52:34,799.3,474709
2021-06-14 09:52:35,799.2,474710
2021-06-14 09:52:36,799.3,474778
2021-06-14 09:52:38,799.25,474827
2021-06-14 09:52:39,799.2,474832
2021-06-14 09:52:40,799.15,475352
2021-06-14 09:52:41,799.0,475493
2021-06-14 09:52:42,799.3,475803
2021-06-14 09:52:43,799.3,475803
2021-06-14 09:52:44,799.2,475911
2021-06-14 09:52:46,799.2,475911
2021-06-14 09:52:47,799.0,475922
2021-06-14 09:52:49,799.0,475922
2021-06-14 09:52:50,799.0,476027
2021-06-14 09:52:51,799.0,476027
2021-06-14 09:52:52,799.0,476027
2021-06-14 09:52:53,799.0,476027
2021-06-14 09:52:54,799.0,476027
2021-06-14 09:52:55,799.15,476127
2021-06-14 09:52:56,799.3,476134
2021-06-14 09:52:57,799.3,476234
2021-06-14 09:52:58,799.3,476249
2021-06-14 09:52:59,799.05,476322
2021-06-14 09:53:00,799.05,476332
2021-06-14 09:53:01,799.3,476635
2021-06-14 09:53:01,799.3,476635
2021-06-14 09:53:03,799.05,476691
2021-06-14 09:53:05,799.3,476704
2021-06-14 09:53:06,799.25,476705
2021-06-14 09:53:07,799.0,476716
2021-06-14 09:53:08,799.15,476729
2021-06-14 09:53:08,799.15,476729
2021-06-14 09:53:10,799.15,476879
2021-06-14 09:53:11,799.15,476879
2021-06-14 09:53:12,799.15,476880
2021-06-14 09:53:13,799.15,476880
2021-06-14 09:53:14,799.1,476885
2021-06-14 09:53:15,799.1,476900
2021-06-14 09:53:16,799.1,476900
2021-06-14 09:53:17,799.2,477005
2021-06-14 09:53:18,799.2,477005
2021-06-14 09:53:18,799.2,477005
2021-06-14 09:53:19,799.2,477005
2021-06-14 09:53:21,799.2,477005
2021-06-14 09:53:22,799.2,477005
2021-06-14 09:53:23,799.15,477007
2021-06-14 09:53:24,799.15,477007
2021-06-14 09:53:25,799.1,477130
2021-06-14 09:53:25,799.1,477130
2021-06-14 09:53:26,799.05,477372
2021-06-14 09:53:28,799.15,478182
2021-06-14 09:53:29,799.15,478237
2021-06-14 09:53:30,799.15,478257
2021-06-14 09:53:31,799.15,478268
2021-06-14 09:53:34,799.15,478320
2021-06-14 09:53:35,799.0,478390
2021-06-14 09:53:36,799.0,478396
2021-06-14 09:53:37,799.0,478401
2021-06-14 09:53:38,799.15,478447
2021-06-14 09:53:39,799.05,478589
2021-06-14 09:53:40,799.3,478891
2021-06-14 09:53:41,799.3,478951
2021-06-14 09:53:42,799.1,478954
2021-06-14 09:53:43,799.2,478984
2021-06-14 09:53:44,799.15,478989
2021-06-14 09:53:44,799.15,478989
2021-06-14 09:53:45,799.1,479057
2021-06-14 09:53:47,799.3,479088
2021-06-14 09:53:49,799.3,479088
2021-06-14 09:53:50,799.05,479093
2021-06-14 09:53:53,799.3,479227
2021-06-14 09:53:54,799.3,479227
2021-06-14 09:53:55,799.3,479249
2021-06-14 09:53:56,799.3,479373
2021-06-14 09:53:57,799.05,479374
2021-06-14 09:53:58,799.3,479379
2021-06-14 09:53:59,799.3,479845
2021-06-14 09:54:00,799.2,479962
2021-06-14 09:54:01,799.75,480072
2021-06-14 09:54:02,799.7,480084
2021-06-14 09:54:03,799.7,480084
2021-06-14 09:54:04,799.7,480086
2021-06-14 09:54:05,799.6,480113
2021-06-14 09:54:07,799.7,480309
2021-06-14 09:54:08,799.95,480524
2021-06-14 09:54:09,800.0,480581
2021-06-14 09:54:11,799.85,480676
2021-06-14 09:54:12,800.0,480973
2021-06-14 09:54:13,800.0,481776
2021-06-14 09:54:14,800.0,481831
2021-06-14 09:54:15,800.35,481924
2021-06-14 09:54:16,800.2,481974
2021-06-14 09:54:17,800.2,481974
2021-06-14 09:54:18,800.15,481994
2021-06-14 09:54:19,800.15,481995
2021-06-14 09:54:20,800.05,482047
2021-06-14 09:54:22,800.15,482293
2021-06-14 09:54:21,800.05,482279
2021-06-14 09:54:23,800.3,482295
2021-06-14 09:54:24,800.05,482331
2021-06-14 09:54:26,800.05,482361
2021-06-14 09:54:27,800.05,482537
2021-06-14 09:54:28,800.05,482537
2021-06-14 09:54:29,800.05,482564
2021-06-14 09:54:31,800.0,482699
2021-06-14 09:54:32,800.0,482699
2021-06-14 09:54:33,800.0,482699
2021-06-14 09:54:34,800.05,482702
2021-06-14 09:54:35,800.05,482702
2021-06-14 09:54:36,800.15,482749
2021-06-14 09:54:37,800.05,482844
2021-06-14 09:54:38,800.05,482845
2021-06-14 09:54:39,800.1,482976
2021-06-14 09:54:40,800.0,483056
2021-06-14 09:54:41,800.65,483287
2021-06-14 09:54:42,800.65,483287
2021-06-14 09:54:43,800.25,483315
2021-06-14 09:54:44,800.7,483815
2021-06-14 09:54:45,800.6,483819
2021-06-14 09:54:46,800.0,483895
2021-06-14 09:54:47,800.0,484015
2021-06-14 09:54:48,800.05,484016
2021-06-14 09:54:49,800.25,484066
2021-06-14 09:54:50,800.25,484066
2021-06-14 09:54:51,800.25,484066
2021-06-14 09:54:52,800.25,484066
2021-06-14 09:54:53,800.1,484086
2021-06-14 09:54:54,800.1,484098
2021-06-14 09:54:55,800.05,484105
2021-06-14 09:54:56,800.6,484198
2021-06-14 09:54:57,800.6,484198
2021-06-14 09:54:58,800.55,484253
2021-06-14 09:54:59,800.5,484344
2021-06-14 09:54:59,800.5,484344
2021-06-14 09:55:00,800.6,484561
2021-06-14 09:55:01,800.6,484919
2021-06-14 09:55:02,800.75,484922
2021-06-14 09:55:04,800.6,484971
2021-06-14 09:55:04,800.55,485121
2021-06-14 09:55:05,800.7,485122
2021-06-14 09:55:06,800.55,485465
2021-06-14 09:55:07,800.55,485465
2021-06-14 09:55:08,800.65,485568
2021-06-14 09:55:09,801.2,486865
2021-06-14 09:55:10,801.6,487845
2021-06-14 09:55:12,801.2,488208
2021-06-14 09:55:12,801.55,488287
2021-06-14 09:55:13,801.6,488362
2021-06-14 09:55:14,801.6,488362
2021-06-14 09:55:16,801.5,488418
2021-06-14 09:55:17,801.55,488678
2021-06-14 09:55:18,802.0,489833
2021-06-14 09:55:20,802.0,490358
2021-06-14 09:55:21,801.75,490470
2021-06-14 09:55:22,801.75,490727
2021-06-14 09:55:23,801.55,490988
2021-06-14 09:55:24,801.5,491088
2021-06-14 09:55:25,801.55,491340
2021-06-14 09:55:26,801.5,491360
2021-06-14 09:55:27,801.55,491580
2021-06-14 09:55:28,801.55,491580
2021-06-14 09:55:29,801.5,491641
2021-06-14 09:55:30,801.5,491641
2021-06-14 09:55:31,801.5,491641
2021-06-14 09:55:32,801.35,491649
2021-06-14 09:55:33,801.9,491876
2021-06-14 09:55:34,801.7,491936
2021-06-14 09:55:35,801.7,491936
2021-06-14 09:55:36,802.0,492012
2021-06-14 09:55:37,802.0,492022
2021-06-14 09:55:38,802.0,492022
2021-06-14 09:55:39,802.0,492322
2021-06-14 09:55:40,801.85,492377
2021-06-14 09:55:41,801.85,492508
2021-06-14 09:55:42,801.85,492508
2021-06-14 09:55:43,802.0,492669
2021-06-14 09:55:44,801.7,492879
2021-06-14 09:55:45,802.0,493347
2021-06-14 09:55:46,802.0,493347
2021-06-14 09:55:47,802.0,493407
2021-06-14 09:55:48,802.0,493407
2021-06-14 09:55:49,801.5,494076
2021-06-14 09:55:50,801.7,494540
2021-06-14 09:55:51,801.75,495172
2021-06-14 09:55:52,801.2,495593
2021-06-14 09:55:53,801.2,495593
2021-06-14 09:55:54,801.7,495744
2021-06-14 09:55:55,802.1,497617
2021-06-14 09:55:56,801.95,497825
2021-06-14 09:55:57,802.45,498471
2021-06-14 09:55:58,802.35,498481
2021-06-14 09:55:59,802.5,498734
2021-06-14 09:56:00,802.5,498734
2021-06-14 09:56:01,802.5,498986
2021-06-14 09:56:02,803.0,499500
2021-06-14 09:56:03,802.65,499751
2021-06-14 09:56:04,802.65,499801
2021-06-14 09:56:05,803.0,499901
2021-06-14 09:56:06,802.55,500401
2021-06-14 09:56:07,802.6,500464
2021-06-14 09:56:08,802.55,500612
2021-06-14 09:56:09,802.1,500637
2021-06-14 09:56:10,802.8,501096
2021-06-14 09:56:11,802.65,501121
2021-06-14 09:56:12,802.65,501296
2021-06-14 09:56:13,803.0,501545
2021-06-14 09:56:14,803.0,501545
2021-06-14 09:56:16,803.0,502191
2021-06-14 09:56:15,803.0,501730
2021-06-14 09:56:17,802.6,502491
2021-06-14 09:56:18,803.0,502521
2021-06-14 09:56:19,803.0,502521
2021-06-14 09:56:20,802.95,502525
2021-06-14 09:56:22,802.9,502837
2021-06-14 09:56:23,802.9,502867
2021-06-14 09:56:24,802.95,502882
2021-06-14 09:56:25,802.95,502889
2021-06-14 09:56:27,802.65,502894
2021-06-14 09:56:28,802.7,503544
2021-06-14 09:56:29,802.95,503548
2021-06-14 09:56:30,803.45,504797
2021-06-14 09:56:31,803.2,504841
2021-06-14 09:56:32,802.7,505366
2021-06-14 09:56:33,802.7,505576
2021-06-14 09:56:35,802.8,505630
2021-06-14 09:56:36,803.15,505666
2021-06-14 09:56:38,803.0,505696
2021-06-14 09:56:37,803.15,505666
2021-06-14 09:56:40,803.25,505866
2021-06-14 09:56:41,803.2,506169
2021-06-14 09:56:42,803.4,506517
2021-06-14 09:56:43,803.15,506567
2021-06-14 09:56:44,803.15,506567
2021-06-14 09:56:45,803.15,506567
2021-06-14 09:56:46,803.15,506567
2021-06-14 09:56:47,803.45,506784
2021-06-14 09:56:48,803.15,506796
2021-06-14 09:56:49,803.2,506797
2021-06-14 09:56:50,803.2,506800
2021-06-14 09:56:51,803.2,506800
2021-06-14 09:56:52,803.2,506957
2021-06-14 09:56:53,803.2,506972
2021-06-14 09:56:54,803.2,506972
2021-06-14 09:56:55,803.3,506982
2021-06-14 09:56:56,803.2,507008
2021-06-14 09:56:57,803.25,507134
2021-06-14 09:56:58,803.45,507141
2021-06-14 09:56:59,803.45,507147
2021-06-14 09:57:00,803.2,507157
2021-06-14 09:57:02,803.3,507162
2021-06-14 09:57:03,803.3,507162
2021-06-14 09:57:04,803.5,507722
2021-06-14 09:57:06,803.4,507757
2021-06-14 09:57:07,803.4,507757
2021-06-14 09:57:08,803.35,507763
2021-06-14 09:57:09,803.3,507764
2021-06-14 09:57:10,803.3,507844
2021-06-14 09:57:11,803.0,509244
2021-06-14 09:57:12,803.35,509456
2021-06-14 09:57:16,803.0,509747
2021-06-14 09:57:17,803.2,509974
2021-06-14 09:57:18,803.0,509992
2021-06-14 09:57:19,803.15,509993
2021-06-14 09:57:20,803.0,510014
2021-06-14 09:57:21,803.0,510014
2021-06-14 09:57:22,803.05,510114
2021-06-14 09:57:23,803.25,510124
2021-06-14 09:57:24,803.0,510174
2021-06-14 09:57:25,803.0,510174
2021-06-14 09:57:26,803.0,510194
2021-06-14 09:57:27,803.0,510379
2021-06-14 09:57:28,803.0,510388
2021-06-14 09:57:29,803.0,510592
2021-06-14 09:57:30,803.0,511038
2021-06-14 09:57:31,802.75,511064
2021-06-14 09:57:32,802.65,511114
2021-06-14 09:57:33,802.65,511124
2021-06-14 09:57:34,802.8,511145
2021-06-14 09:57:36,802.5,511175
2021-06-14 09:57:36,802.5,511202
2021-06-14 09:57:38,802.95,511403
2021-06-14 09:57:39,802.8,511413
2021-06-14 09:57:40,802.65,511453
2021-06-14 09:57:41,802.5,511463
2021-06-14 09:57:42,802.5,511463
2021-06-14 09:57:43,802.5,511473
2021-06-14 09:57:45,803.0,513873
2021-06-14 09:57:46,803.0,513873
2021-06-14 09:57:46,802.9,513883
2021-06-14 09:57:47,802.8,513903
2021-06-14 09:57:48,802.6,513913
2021-06-14 09:57:49,802.5,513928
2021-06-14 09:57:50,802.5,513998
2021-06-14 09:57:51,802.5,513998
2021-06-14 09:57:52,802.8,514008
2021-06-14 09:57:54,802.7,514057
2021-06-14 09:57:56,802.7,514057
2021-06-14 09:57:56,802.65,514112
2021-06-14 09:57:58,802.65,514112
2021-06-14 09:57:58,802.6,514114
2021-06-14 09:57:59,802.9,514528
2021-06-14 09:58:00,802.9,514529
2021-06-14 09:58:01,802.9,514529
2021-06-14 09:58:02,802.75,514539
2021-06-14 09:58:03,802.75,514643
2021-06-14 09:58:04,802.85,514646
2021-06-14 09:58:05,802.85,514646
2021-06-14 09:58:06,802.85,514679
2021-06-14 09:58:07,802.85,514679
2021-06-14 09:58:09,802.8,514694
2021-06-14 09:58:10,802.75,514696
2021-06-14 09:58:11,802.85,514790
2021-06-14 09:58:13,802.95,514848
2021-06-14 09:58:13,802.95,514848
2021-06-14 09:58:14,802.95,514908
2021-06-14 09:58:15,802.7,515020
2021-06-14 09:58:16,802.85,515070
2021-06-14 09:58:17,802.85,515070
2021-06-14 09:58:18,802.85,515070
2021-06-14 09:58:19,802.7,515079
2021-06-14 09:58:20,802.75,515086
2021-06-14 09:58:21,802.75,515086
2021-06-14 09:58:23,802.9,517575
2021-06-14 09:58:23,802.9,517575
2021-06-14 09:58:24,802.95,517869
2021-06-14 09:58:25,803.05,517969
2021-06-14 09:58:26,803.05,517969
2021-06-14 09:58:28,803.2,518015
2021-06-14 09:58:28,803.2,518015
2021-06-14 09:58:29,803.25,518025
2021-06-14 09:58:30,803.3,518264
2021-06-14 09:58:31,803.3,518264
2021-06-14 09:58:32,803.35,518279
2021-06-14 09:58:33,803.45,518477
2021-06-14 09:58:34,803.3,518582
2021-06-14 09:58:35,803.55,519997
2021-06-14 09:58:36,803.9,520087
2021-06-14 09:58:37,803.6,520212
2021-06-14 09:58:38,803.6,520212
2021-06-14 09:58:39,803.6,520515
2021-06-14 09:58:40,803.6,520516
2021-06-14 09:58:41,804.0,520883
2021-06-14 09:58:42,804.0,520883
2021-06-14 09:58:44,803.95,520899
2021-06-14 09:58:45,803.65,521056
2021-06-14 09:58:45,803.65,521056
2021-06-14 09:58:46,803.6,521217
2021-06-14 09:58:47,803.85,521577
2021-06-14 09:58:48,803.75,521677
2021-06-14 09:58:49,803.75,521677
2021-06-14 09:58:50,803.6,521688
2021-06-14 09:58:51,803.45,521931
2021-06-14 09:58:52,803.55,522083
2021-06-14 09:58:53,803.5,522353
2021-06-14 09:58:54,803.6,522553
2021-06-14 09:58:55,803.6,522553
2021-06-14 09:58:56,803.6,522553
2021-06-14 09:58:57,803.45,522574
2021-06-14 09:58:58,803.6,523850
2021-06-14 09:58:59,803.4,523858
2021-06-14 09:59:00,803.4,523858
2021-06-14 09:59:01,803.35,523950
2021-06-14 09:59:02,803.35,524104
2021-06-14 09:59:03,803.4,524144
2021-06-14 09:59:04,804.0,524840
2021-06-14 09:59:05,803.65,524875
2021-06-14 09:59:06,804.0,525087
2021-06-14 09:59:07,804.0,525762
2021-06-14 09:59:08,804.0,525762
2021-06-14 09:59:09,804.0,526512
2021-06-14 09:59:10,804.0,526663
2021-06-14 09:59:11,804.0,526663
2021-06-14 09:59:12,804.0,526673
2021-06-14 09:59:13,804.0,526673
2021-06-14 09:59:14,803.55,527183
2021-06-14 09:59:15,803.55,527236
2021-06-14 09:59:17,803.95,527273
2021-06-14 09:59:17,803.95,527273
2021-06-14 09:59:19,803.6,527779
2021-06-14 09:59:20,803.6,527779
2021-06-14 09:59:21,804.0,527792
2021-06-14 09:59:22,804.0,527792
2021-06-14 09:59:23,804.0,527793
2021-06-14 09:59:24,803.7,528295
2021-06-14 09:59:25,803.7,528295
2021-06-14 09:59:26,804.2,529000
2021-06-14 09:59:27,804.2,529000
2021-06-14 09:59:28,804.2,529000
2021-06-14 09:59:29,804.0,529496
2021-06-14 09:59:30,804.0,529830
2021-06-14 09:59:31,804.0,529830
2021-06-14 09:59:32,804.0,529870
2021-06-14 09:59:34,803.95,529930
2021-06-14 09:59:34,804.0,529940
2021-06-14 09:59:35,803.95,530006
2021-06-14 09:59:36,803.8,530353
2021-06-14 09:59:37,804.0,530921
2021-06-14 09:59:38,803.7,530940
2021-06-14 09:59:40,803.95,530941
2021-06-14 09:59:42,804.0,531051
2021-06-14 09:59:43,804.1,531261
2021-06-14 09:59:44,804.0,531286
2021-06-14 09:59:44,804.0,531286
2021-06-14 09:59:45,803.55,533306
2021-06-14 09:59:46,803.75,533360
2021-06-14 09:59:48,803.5,533380
2021-06-14 09:59:49,803.55,533433
2021-06-14 09:59:50,803.4,533530
2021-06-14 09:59:51,803.45,533946
2021-06-14 09:59:52,803.35,535054
2021-06-14 09:59:52,803.35,535054
2021-06-14 09:59:53,803.35,535054
2021-06-14 09:59:54,803.25,535055
2021-06-14 09:59:55,803.7,535075
2021-06-14 09:59:56,803.4,535100
2021-06-14 09:59:57,803.35,535116
2021-06-14 09:59:58,803.15,535120
2021-06-14 09:59:59,803.15,535122
2021-06-14 10:00:01,803.15,535155
2021-06-14 10:00:02,803.15,535372
2021-06-14 10:00:03,803.15,535376
2021-06-14 10:00:04,803.45,535396
2021-06-14 10:00:04,803.45,535396
2021-06-14 10:00:05,803.45,535411
2021-06-14 10:00:06,803.45,535411
2021-06-14 10:00:07,803.3,535517
2021-06-14 10:00:08,803.3,535517
2021-06-14 10:00:09,803.3,535517
2021-06-14 10:00:10,803.3,535517
2021-06-14 10:00:12,803.3,535517
2021-06-14 10:00:13,803.3,535644
2021-06-14 10:00:14,803.3,535644
2021-06-14 10:00:15,803.8,535813
2021-06-14 10:00:16,803.7,535964
2021-06-14 10:00:17,803.7,535964
2021-06-14 10:00:18,803.7,535964
2021-06-14 10:00:19,803.45,535969
2021-06-14 10:00:20,803.45,535969
2021-06-14 10:00:22,803.45,535974
2021-06-14 10:00:22,803.55,536079
2021-06-14 10:00:23,803.8,536383
2021-06-14 10:00:24,803.65,536578
2021-06-14 10:00:25,803.65,536578
2021-06-14 10:00:26,803.7,536603
2021-06-14 10:00:27,803.7,536603
2021-06-14 10:00:28,803.75,536963
2021-06-14 10:00:30,803.8,537088
2021-06-14 10:00:31,803.45,537128
2021-06-14 10:00:31,803.35,537353
2021-06-14 10:00:32,803.8,537378
2021-06-14 10:00:33,803.65,537548
2021-06-14 10:00:35,804.2,540441
2021-06-14 10:00:37,803.95,540463
2021-06-14 10:00:39,804.4,540744
2021-06-14 10:00:40,804.5,541426
2021-06-14 10:00:41,804.45,541441
2021-06-14 10:00:42,804.65,541671
2021-06-14 10:00:42,804.55,541523
2021-06-14 10:00:44,804.8,542990
2021-06-14 10:00:45,804.95,548694
2021-06-14 10:00:46,804.65,548852
2021-06-14 10:00:47,804.95,549159
2021-06-14 10:00:48,804.95,549159
2021-06-14 10:00:49,804.85,549249
2021-06-14 10:00:51,804.7,549271
2021-06-14 10:00:52,804.95,549781
2021-06-14 10:00:53,804.95,549781
2021-06-14 10:00:54,804.95,549981
2021-06-14 10:00:55,804.6,550031
2021-06-14 10:00:57,804.8,550061
2021-06-14 10:00:58,804.6,550150
2021-06-14 10:00:59,804.95,550254
2021-06-14 10:00:59,804.95,550254
2021-06-14 10:01:00,804.95,550324
2021-06-14 10:01:01,804.6,550334
2021-06-14 10:01:03,804.7,550444
2021-06-14 10:01:05,804.95,550494
2021-06-14 10:01:06,804.6,550505
2021-06-14 10:01:07,804.6,550655
2021-06-14 10:01:08,804.95,550775
2021-06-14 10:01:09,805.3,555648
2021-06-14 10:01:10,805.4,556950
2021-06-14 10:01:10,805.4,556950
2021-06-14 10:01:12,805.1,557251
2021-06-14 10:01:12,805.1,557251
2021-06-14 10:01:13,805.1,557251
2021-06-14 10:01:14,804.95,557491
2021-06-14 10:01:16,804.6,557492
2021-06-14 10:01:17,805.0,557847
2021-06-14 10:01:18,805.05,557867
2021-06-14 10:01:19,805.2,557887
2021-06-14 10:01:19,805.2,557887
2021-06-14 10:01:20,805.2,557889
2021-06-14 10:01:21,805.2,557889
2021-06-14 10:01:22,805.4,558064
2021-06-14 10:01:23,805.0,558205
2021-06-14 10:01:24,805.0,558210
2021-06-14 10:01:25,804.75,558349
2021-06-14 10:01:27,804.7,559469
2021-06-14 10:01:28,804.95,560704
2021-06-14 10:01:29,804.5,560745
2021-06-14 10:01:30,804.5,560745
2021-06-14 10:01:32,804.7,560780
2021-06-14 10:01:33,804.7,560780
2021-06-14 10:01:34,804.3,560833
2021-06-14 10:01:35,804.3,560833
2021-06-14 10:01:35,804.2,560850
2021-06-14 10:01:37,804.25,560950
2021-06-14 10:01:38,804.4,560951
2021-06-14 10:01:39,804.4,560951
2021-06-14 10:01:40,804.3,560953
2021-06-14 10:01:41,804.2,561171
2021-06-14 10:01:42,804.2,561171
2021-06-14 10:01:44,803.95,561219
2021-06-14 10:01:45,804.0,561226
2021-06-14 10:01:46,803.95,561331
2021-06-14 10:01:47,803.8,561541
2021-06-14 10:01:48,803.8,561562
2021-06-14 10:01:49,803.8,561579
2021-06-14 10:01:50,804.05,561702
2021-06-14 10:01:51,804.05,561702
2021-06-14 10:01:52,803.55,561845
2021-06-14 10:01:53,803.5,561875
2021-06-14 10:01:54,803.55,561883
2021-06-14 10:01:55,803.55,561883
2021-06-14 10:01:56,803.5,561967
2021-06-14 10:01:57,803.45,563131
2021-06-14 10:01:59,803.4,563194
2021-06-14 10:01:59,803.4,563194
2021-06-14 10:02:01,803.2,563756
2021-06-14 10:02:02,803.15,563943
2021-06-14 10:02:03,803.1,563948
2021-06-14 10:02:04,803.15,564117
2021-06-14 10:02:05,803.85,564122
2021-06-14 10:02:06,803.15,564425
2021-06-14 10:02:08,803.0,565574
2021-06-14 10:02:09,803.0,565574
2021-06-14 10:02:10,802.95,565644
2021-06-14 10:02:11,802.95,565728
2021-06-14 10:02:12,802.95,565728
2021-06-14 10:02:16,802.6,566309
2021-06-14 10:02:15,802.75,566023
2021-06-14 10:02:18,802.55,566898
2021-06-14 10:02:19,802.55,566898
2021-06-14 10:02:20,802.55,566898
2021-06-14 10:02:21,802.8,566932
2021-06-14 10:02:22,802.55,566946
2021-06-14 10:02:24,802.9,567068
2021-06-14 10:02:25,802.95,568180
2021-06-14 10:02:26,802.95,568180
2021-06-14 10:02:27,802.95,568180
2021-06-14 10:02:28,802.55,568691
2021-06-14 10:02:29,802.5,568894
2021-06-14 10:02:29,802.55,568988
2021-06-14 10:02:30,802.55,568988
2021-06-14 10:02:32,802.95,569308
2021-06-14 10:02:33,802.55,569583
2021-06-14 10:02:34,802.95,569699
2021-06-14 10:02:35,802.7,569714
2021-06-14 10:02:36,802.7,569714
2021-06-14 10:02:36,802.95,569717
2021-06-14 10:02:37,802.95,569717
2021-06-14 10:02:39,802.95,569717
2021-06-14 10:02:40,802.75,569718
2021-06-14 10:02:41,802.9,569728
2021-06-14 10:02:42,802.85,569729
2021-06-14 10:02:43,802.85,569729
2021-06-14 10:02:44,802.8,569740
2021-06-14 10:02:46,802.75,569823
2021-06-14 10:02:47,802.6,569944
2021-06-14 10:02:48,802.75,569980
2021-06-14 10:02:49,802.6,570180
2021-06-14 10:02:50,802.6,570326
2021-06-14 10:02:51,802.5,570450
2021-06-14 10:02:52,802.45,570766
2021-06-14 10:02:53,802.75,570771
2021-06-14 10:02:53,802.75,570771
2021-06-14 10:02:55,802.7,570966
2021-06-14 10:02:56,802.7,570983
2021-06-14 10:02:57,802.5,571107
2021-06-14 10:02:58,802.5,571128
2021-06-14 10:02:59,802.2,571528
2021-06-14 10:03:00,802.25,571648
2021-06-14 10:03:01,802.65,571653
2021-06-14 10:03:02,802.15,571753
2021-06-14 10:03:03,802.15,571753
2021-06-14 10:03:04,802.25,571858
2021-06-14 10:03:05,802.25,571858
2021-06-14 10:03:06,802.25,571868
2021-06-14 10:03:07,802.25,571868
2021-06-14 10:03:08,802.9,572878
2021-06-14 10:03:08,802.9,572878
2021-06-14 10:03:09,802.5,572928
2021-06-14 10:03:11,802.5,572928
2021-06-14 10:03:11,802.5,572928
2021-06-14 10:03:13,802.8,572938
2021-06-14 10:03:14,802.8,572938
2021-06-14 10:03:15,803.0,572996
2021-06-14 10:03:16,802.8,573117
2021-06-14 10:03:17,803.0,573137
2021-06-14 10:03:18,802.6,574445
2021-06-14 10:03:19,802.6,574445
2021-06-14 10:03:20,803.0,574465
2021-06-14 10:03:21,803.0,574465
2021-06-14 10:03:22,803.0,574465
2021-06-14 10:03:23,802.65,574466
2021-06-14 10:03:24,802.6,574621
2021-06-14 10:03:24,802.6,574621
2021-06-14 10:03:28,802.55,574719
2021-06-14 10:03:29,802.55,574719
2021-06-14 10:03:31,802.55,574719
2021-06-14 10:03:33,802.55,574719
2021-06-14 10:03:34,802.25,574878
2021-06-14 10:03:35,802.25,574878
2021-06-14 10:03:35,802.2,574945
2021-06-14 10:03:36,802.3,574950
2021-06-14 10:03:38,801.9,576079
2021-06-14 10:03:39,801.65,577641
2021-06-14 10:03:39,801.6,577802
2021-06-14 10:03:41,801.6,577802
2021-06-14 10:03:42,802.8,578287
2021-06-14 10:03:43,802.15,578387
2021-06-14 10:03:45,801.5,578862
2021-06-14 10:03:46,801.5,579402
2021-06-14 10:03:47,802.2,579932
2021-06-14 10:03:48,802.0,580012
2021-06-14 10:03:49,802.0,580012
2021-06-14 10:03:49,802.0,580012
2021-06-14 10:03:50,802.0,580012
2021-06-14 10:03:51,802.05,580042
2021-06-14 10:03:53,802.05,580052
2021-06-14 10:03:54,802.05,580052
2021-06-14 10:03:55,802.0,580123
2021-06-14 10:03:56,802.0,580123
2021-06-14 10:03:58,802.0,580125
2021-06-14 10:03:59,802.0,580125
2021-06-14 10:04:00,802.05,580230
2021-06-14 10:04:01,802.05,580285
2021-06-14 10:04:02,802.05,580285
2021-06-14 10:04:03,802.05,580285
2021-06-14 10:04:05,802.25,580290
2021-06-14 10:04:06,802.5,580440
2021-06-14 10:04:07,802.5,580440
2021-06-14 10:04:08,802.3,580634
2021-06-14 10:04:09,802.25,581331
2021-06-14 10:04:10,802.25,581331
2021-06-14 10:04:11,802.3,581336
2021-06-14 10:04:12,802.2,581347
2021-06-14 10:04:13,802.2,581347
2021-06-14 10:04:14,802.15,581374
2021-06-14 10:04:14,802.1,581474
2021-06-14 10:04:17,802.05,581562
2021-06-14 10:04:18,802.05,581573
2021-06-14 10:04:19,802.05,581573
2021-06-14 10:04:20,802.0,581623
2021-06-14 10:04:21,802.0,581623
2021-06-14 10:04:22,802.0,581623
2021-06-14 10:04:23,802.0,581723
2021-06-14 10:04:24,802.0,581829
2021-06-14 10:04:24,802.0,581829
2021-06-14 10:04:26,802.3,581944
2021-06-14 10:04:27,802.3,582430
2021-06-14 10:04:28,802.3,582430
2021-06-14 10:04:29,802.3,582430
2021-06-14 10:04:30,802.3,582430
2021-06-14 10:04:32,802.2,582533
2021-06-14 10:04:33,802.2,582533
2021-06-14 10:04:34,802.5,583033
2021-06-14 10:04:34,802.5,583033
2021-06-14 10:04:35,802.5,583041
2021-06-14 10:04:36,802.5,583041
2021-06-14 10:04:37,802.5,583041
2021-06-14 10:04:38,802.5,583041
2021-06-14 10:04:39,802.7,583052
2021-06-14 10:04:41,802.5,583171
2021-06-14 10:04:42,802.75,583371
2021-06-14 10:04:43,802.75,583371
2021-06-14 10:04:44,803.0,583471
2021-06-14 10:04:45,803.0,583476
2021-06-14 10:04:46,802.55,583501
2021-06-14 10:04:47,802.9,583515
2021-06-14 10:04:48,802.8,583569
2021-06-14 10:04:49,802.8,583579
2021-06-14 10:04:50,802.75,583588
2021-06-14 10:04:51,802.75,583588
2021-06-14 10:04:53,802.55,583671
2021-06-14 10:04:54,802.55,583672
2021-06-14 10:04:55,802.55,583682
2021-06-14 10:04:57,802.6,583824
2021-06-14 10:04:58,802.65,583914
2021-06-14 10:04:59,802.75,583919
2021-06-14 10:05:00,802.75,583920
2021-06-14 10:05:01,802.6,583933
2021-06-14 10:05:02,802.65,583964
2021-06-14 10:05:03,802.65,583964
2021-06-14 10:05:04,802.65,583964
2021-06-14 10:05:05,802.65,583964
2021-06-14 10:05:06,802.6,584038
2021-06-14 10:05:07,802.6,584048
2021-06-14 10:05:08,802.6,584048
2021-06-14 10:05:09,802.6,584048
2021-06-14 10:05:10,802.6,584048
2021-06-14 10:05:11,802.65,584049
2021-06-14 10:05:12,802.6,584153
2021-06-14 10:05:13,802.6,584153
2021-06-14 10:05:14,802.3,584903
2021-06-14 10:05:15,802.75,585103
2021-06-14 10:05:16,802.75,585103
2021-06-14 10:05:17,802.75,585103
2021-06-14 10:05:18,802.45,585114
2021-06-14 10:05:19,802.45,585114
2021-06-14 10:05:20,802.35,585148
2021-06-14 10:05:21,802.5,585159
2021-06-14 10:05:22,802.5,585159
2021-06-14 10:05:23,802.4,585664
2021-06-14 10:05:24,802.3,585666
2021-06-14 10:05:25,802.3,585760
2021-06-14 10:05:25,802.6,585769
2021-06-14 10:05:26,802.35,585790
2021-06-14 10:05:27,802.2,585855
2021-06-14 10:05:28,802.55,585866
2021-06-14 10:05:29,802.6,585886
2021-06-14 10:05:30,802.6,585901
2021-06-14 10:05:31,802.5,585916
2021-06-14 10:05:33,802.55,586137
2021-06-14 10:05:34,802.5,586173
2021-06-14 10:05:35,802.5,587057
2021-06-14 10:05:36,802.3,587143
2021-06-14 10:05:37,802.35,587146
2021-06-14 10:05:38,802.5,587646
2021-06-14 10:05:38,802.5,587646
2021-06-14 10:05:40,802.5,587646
2021-06-14 10:05:41,802.5,587647
2021-06-14 10:05:42,802.5,587647
2021-06-14 10:05:43,802.5,587847
2021-06-14 10:05:44,802.5,587847
2021-06-14 10:05:45,802.5,587847
2021-06-14 10:05:46,802.6,587849
2021-06-14 10:05:47,802.6,587849
2021-06-14 10:05:48,802.6,587849
2021-06-14 10:05:48,802.55,587899
2021-06-14 10:05:49,802.55,587899
2021-06-14 10:05:50,802.55,587899
2021-06-14 10:05:51,802.55,587899
2021-06-14 10:05:53,802.15,587929
2021-06-14 10:05:54,802.45,588039
2021-06-14 10:05:55,802.45,588039
2021-06-14 10:05:56,802.4,588050
2021-06-14 10:05:57,802.45,588181
2021-06-14 10:05:58,802.15,588206
2021-06-14 10:06:00,802.15,588206
2021-06-14 10:06:01,802.15,588206
2021-06-14 10:06:02,802.4,588226
2021-06-14 10:06:03,802.4,588241
2021-06-14 10:06:04,802.4,588241
2021-06-14 10:06:05,802.2,588266
2021-06-14 10:06:06,802.25,588300
2021-06-14 10:06:08,802.05,590003
2021-06-14 10:06:09,801.9,590113
2021-06-14 10:06:10,801.9,590113
2021-06-14 10:06:11,801.75,590114
2021-06-14 10:06:12,801.75,590114
2021-06-14 10:06:13,801.3,590425
2021-06-14 10:06:14,801.3,590529
2021-06-14 10:06:15,801.3,590604
2021-06-14 10:06:16,801.3,590609
2021-06-14 10:06:17,801.3,590609
2021-06-14 10:06:19,801.3,590674
2021-06-14 10:06:20,801.3,590714
2021-06-14 10:06:21,801.3,590714
2021-06-14 10:06:22,801.45,590734
2021-06-14 10:06:23,801.45,590736
2021-06-14 10:06:24,801.45,590736
2021-06-14 10:06:25,801.45,590739
2021-06-14 10:06:26,801.45,590739
2021-06-14 10:06:27,801.3,590762
2021-06-14 10:06:28,801.35,590864
2021-06-14 10:06:29,801.35,590864
2021-06-14 10:06:30,801.35,590864
2021-06-14 10:06:31,801.35,590864
2021-06-14 10:06:32,801.3,590874
2021-06-14 10:06:33,801.3,590979
2021-06-14 10:06:34,801.35,590999
2021-06-14 10:06:35,801.3,591011
2021-06-14 10:06:36,801.3,591099
2021-06-14 10:06:37,801.2,591171
2021-06-14 10:06:38,801.2,591171
2021-06-14 10:06:39,801.05,591256
2021-06-14 10:06:40,801.35,591311
2021-06-14 10:06:41,801.35,591311
2021-06-14 10:06:42,801.35,591311
2021-06-14 10:06:43,801.35,591311
2021-06-14 10:06:44,801.05,591356
2021-06-14 10:06:45,801.05,591732
2021-06-14 10:06:46,801.05,591732
2021-06-14 10:06:47,801.15,591757
2021-06-14 10:06:48,801.15,591757
2021-06-14 10:06:49,801.15,591757
2021-06-14 10:06:50,801.1,591853
2021-06-14 10:06:51,801.0,592861
2021-06-14 10:06:52,801.2,593058
2021-06-14 10:06:53,801.2,593058
2021-06-14 10:06:54,801.2,593058
2021-06-14 10:06:55,801.2,593058
2021-06-14 10:06:56,801.2,593058
2021-06-14 10:06:57,801.2,593058
2021-06-14 10:06:58,801.2,593058
2021-06-14 10:06:59,801.2,593363
2021-06-14 10:07:00,801.2,593363
2021-06-14 10:07:01,801.2,593513
2021-06-14 10:07:02,801.2,593513
2021-06-14 10:07:03,801.2,593513
2021-06-14 10:07:04,801.2,593523
2021-06-14 10:07:05,801.45,593873
2021-06-14 10:07:06,801.45,593873
2021-06-14 10:07:08,801.5,593977
2021-06-14 10:07:09,801.75,594040
2021-06-14 10:07:10,802.0,594091
2021-06-14 10:07:11,801.95,594092
2021-06-14 10:07:12,802.2,594132
2021-06-14 10:07:13,802.2,594132
2021-06-14 10:07:14,802.2,594132
2021-06-14 10:07:15,802.25,594237
2021-06-14 10:07:16,802.2,594262
2021-06-14 10:07:17,802.5,594269
2021-06-14 10:07:18,802.2,594297
2021-06-14 10:07:19,802.2,594297
2021-06-14 10:07:20,802.5,594526
2021-06-14 10:07:21,802.8,594536
2021-06-14 10:07:22,802.45,594565
2021-06-14 10:07:23,802.45,594565
2021-06-14 10:07:24,802.45,594565
2021-06-14 10:07:25,802.8,594566
2021-06-14 10:07:27,802.45,594576
2021-06-14 10:07:28,802.6,594580
2021-06-14 10:07:29,802.5,594587
2021-06-14 10:07:31,802.5,594692
2021-06-14 10:07:33,802.6,594792
2021-06-14 10:07:34,802.45,594802
2021-06-14 10:07:35,802.45,594802
2021-06-14 10:07:36,802.45,594802
2021-06-14 10:07:37,802.05,596752
2021-06-14 10:07:38,802.05,596752
2021-06-14 10:07:39,802.15,596787
2021-06-14 10:07:40,801.8,596797
2021-06-14 10:07:41,801.6,596809
2021-06-14 10:07:42,801.6,596809
2021-06-14 10:07:43,801.5,596822
2021-06-14 10:07:44,801.4,596825
2021-06-14 10:07:45,801.4,596825
2021-06-14 10:07:46,801.4,596835
2021-06-14 10:07:47,801.4,596835
2021-06-14 10:07:48,801.4,596835
2021-06-14 10:07:49,801.35,596839
2021-06-14 10:07:50,801.3,596984
2021-06-14 10:07:51,801.3,597010
2021-06-14 10:07:52,801.3,597010
2021-06-14 10:07:53,801.25,597119
2021-06-14 10:07:55,801.2,597221
2021-06-14 10:07:56,801.2,597221
2021-06-14 10:07:57,801.3,597229
2021-06-14 10:07:58,801.5,597695
2021-06-14 10:07:59,801.5,597695
2021-06-14 10:08:00,801.5,597695
2021-06-14 10:08:01,801.5,597695
2021-06-14 10:08:02,801.5,597695
2021-06-14 10:08:03,801.85,597709
2021-06-14 10:08:04,801.85,597709
2021-06-14 10:08:05,801.85,597709
2021-06-14 10:08:06,801.6,597799
2021-06-14 10:08:07,801.65,597800
2021-06-14 10:08:08,801.65,597800
2021-06-14 10:08:09,802.0,597805
2021-06-14 10:08:10,802.0,597805
2021-06-14 10:08:11,801.7,597816
2021-06-14 10:08:12,802.0,597915
2021-06-14 10:08:13,802.0,597965
2021-06-14 10:08:14,802.0,597968
2021-06-14 10:08:16,802.0,597968
2021-06-14 10:08:17,802.0,597973
2021-06-14 10:08:18,802.05,597993
2021-06-14 10:08:19,802.05,597993
2021-06-14 10:08:20,802.0,598023
2021-06-14 10:08:22,802.2,598136
2021-06-14 10:08:22,802.0,598152
2021-06-14 10:08:23,802.0,598167
2021-06-14 10:08:24,802.0,598167
2021-06-14 10:08:26,802.05,598208
2021-06-14 10:08:26,802.05,598258
2021-06-14 10:08:28,802.0,598263
2021-06-14 10:08:28,802.25,598264
2021-06-14 10:08:30,802.0,598291
2021-06-14 10:08:31,802.0,598293
2021-06-14 10:08:32,802.0,598293
2021-06-14 10:08:33,801.85,598295
2021-06-14 10:08:34,801.9,598297
2021-06-14 10:08:35,801.9,598302
2021-06-14 10:08:37,802.0,598424
2021-06-14 10:08:37,802.0,598529
2021-06-14 10:08:39,802.0,598529
2021-06-14 10:08:40,802.0,598532
2021-06-14 10:08:40,802.0,598567
2021-06-14 10:08:41,802.0,598567
2021-06-14 10:08:42,802.0,598687
2021-06-14 10:08:43,802.0,598687
2021-06-14 10:08:44,802.0,598792
2021-06-14 10:08:45,802.0,598798
2021-06-14 10:08:46,802.0,598800
2021-06-14 10:08:47,802.0,598810
2021-06-14 10:08:48,802.05,598825
2021-06-14 10:08:49,802.05,598825
2021-06-14 10:08:50,802.05,598850
2021-06-14 10:08:51,802.0,598973
2021-06-14 10:08:52,802.0,598976
2021-06-14 10:08:53,802.05,598979
2021-06-14 10:08:54,802.05,598979
2021-06-14 10:08:55,802.0,599031
2021-06-14 10:08:57,802.0,599186
2021-06-14 10:08:57,802.0,599186
2021-06-14 10:08:59,802.0,599300
2021-06-14 10:09:02,802.05,599359
2021-06-14 10:09:02,802.05,599359
2021-06-14 10:09:03,802.25,600229
2021-06-14 10:09:04,802.0,600479
2021-06-14 10:09:05,802.0,600479
2021-06-14 10:09:06,802.05,600502
2021-06-14 10:09:07,802.0,600551
2021-06-14 10:09:08,802.0,600635
2021-06-14 10:09:09,802.05,600718
2021-06-14 10:09:11,802.3,601218
2021-06-14 10:09:12,802.3,601218
2021-06-14 10:09:13,802.3,601218
2021-06-14 10:09:14,802.3,601218
2021-06-14 10:09:15,802.3,601218
2021-06-14 10:09:16,802.05,601246
2021-06-14 10:09:17,802.05,601352
2021-06-14 10:09:18,802.35,601353
2021-06-14 10:09:19,802.35,601353
2021-06-14 10:09:20,802.35,601353
2021-06-14 10:09:21,801.5,602050
2021-06-14 10:09:22,801.5,602050
2021-06-14 10:09:23,801.5,602155
2021-06-14 10:09:24,801.5,602155
2021-06-14 10:09:26,801.5,602155
2021-06-14 10:09:27,801.5,602155
2021-06-14 10:09:28,801.5,602343
2021-06-14 10:09:29,801.5,602343
2021-06-14 10:09:30,801.5,602343
2021-06-14 10:09:31,801.35,602370
2021-06-14 10:09:32,801.35,602370
2021-06-14 10:09:33,801.3,602568
2021-06-14 10:09:34,801.3,602613
2021-06-14 10:09:35,801.35,602627
2021-06-14 10:09:37,801.35,602727
2021-06-14 10:09:37,801.35,602727
2021-06-14 10:09:38,801.7,602927
2021-06-14 10:09:39,801.7,602937
2021-06-14 10:09:40,801.35,602978
2021-06-14 10:09:41,801.35,602978
2021-06-14 10:09:42,801.25,603079
2021-06-14 10:09:43,801.25,603079
2021-06-14 10:09:44,801.3,603132
2021-06-14 10:09:45,801.3,603132
2021-06-14 10:09:46,801.3,603132
2021-06-14 10:09:47,801.3,603132
2021-06-14 10:09:48,801.25,603184
2021-06-14 10:09:50,801.3,603191
2021-06-14 10:09:49,801.25,603184
2021-06-14 10:09:51,801.25,603351
2021-06-14 10:09:52,801.25,603351
2021-06-14 10:09:53,801.35,603354
2021-06-14 10:09:55,801.15,603440
2021-06-14 10:09:54,801.15,603440
2021-06-14 10:09:56,801.15,603440
2021-06-14 10:09:57,801.1,603460
2021-06-14 10:09:59,801.1,603556
2021-06-14 10:09:59,801.1,603460
2021-06-14 10:10:00,801.1,603579
2021-06-14 10:10:01,801.7,604579
2021-06-14 10:10:02,801.7,604579
2021-06-14 10:10:04,801.2,604661
2021-06-14 10:10:05,801.2,604661
2021-06-14 10:10:07,801.3,604671
2021-06-14 10:10:07,801.3,604671
2021-06-14 10:10:08,801.0,605183
2021-06-14 10:10:09,801.15,605193
2021-06-14 10:10:10,801.15,605223
2021-06-14 10:10:11,801.05,605288
2021-06-14 10:10:12,801.05,605288
2021-06-14 10:10:13,801.05,605289
2021-06-14 10:10:14,801.5,605389
2021-06-14 10:10:15,801.15,605422
2021-06-14 10:10:16,801.3,605472
2021-06-14 10:10:17,801.3,605472
2021-06-14 10:10:18,801.5,605572
2021-06-14 10:10:20,801.5,605572
2021-06-14 10:10:21,801.5,605572
2021-06-14 10:10:22,801.5,605572
2021-06-14 10:10:23,801.5,605572
2021-06-14 10:10:24,801.6,605594
2021-06-14 10:10:25,801.6,605663
2021-06-14 10:10:26,801.5,605674
2021-06-14 10:10:27,801.5,605674
2021-06-14 10:10:28,801.45,605744
2021-06-14 10:10:29,801.6,605865
2021-06-14 10:10:29,801.6,605865
2021-06-14 10:10:30,801.6,605865
2021-06-14 10:10:31,801.6,605868
2021-06-14 10:10:32,801.6,605873
2021-06-14 10:10:33,801.45,605916
2021-06-14 10:10:34,801.45,605916
2021-06-14 10:10:36,801.3,606084
2021-06-14 10:10:39,801.3,606292
2021-06-14 10:10:41,801.45,606855
2021-06-14 10:10:42,801.45,606857
2021-06-14 10:10:44,801.45,606857
2021-06-14 10:10:44,801.45,606857
2021-06-14 10:10:46,801.25,606873
2021-06-14 10:10:47,801.2,606885
2021-06-14 10:10:48,801.3,606964
2021-06-14 10:10:49,801.3,606964
2021-06-14 10:10:50,801.3,607019
2021-06-14 10:10:52,801.25,607077
2021-06-14 10:10:53,801.25,607077
2021-06-14 10:10:54,801.25,607077
2021-06-14 10:10:55,801.25,607108
2021-06-14 10:10:56,801.25,607108
2021-06-14 10:10:58,802.25,607688
2021-06-14 10:10:59,802.15,607765
2021-06-14 10:11:00,802.0,607915
2021-06-14 10:11:01,802.0,607915
2021-06-14 10:11:02,802.1,607958
2021-06-14 10:11:03,802.1,607958
2021-06-14 10:11:04,802.1,607983
2021-06-14 10:11:05,802.1,607983
2021-06-14 10:11:06,802.0,608096
2021-06-14 10:11:07,801.85,608111
2021-06-14 10:11:08,801.9,608162
2021-06-14 10:11:09,801.9,608162
2021-06-14 10:11:10,801.85,608216
2021-06-14 10:11:12,802.15,608227
2021-06-14 10:11:13,802.0,608297
2021-06-14 10:11:14,801.85,608298
2021-06-14 10:11:15,801.9,608309
2021-06-14 10:11:16,802.15,608369
2021-06-14 10:11:17,802.15,608369
2021-06-14 10:11:18,802.15,608369
2021-06-14 10:11:19,802.1,608370
2021-06-14 10:11:20,802.1,608370
2021-06-14 10:11:21,802.1,608370
2021-06-14 10:11:22,802.1,608370
2021-06-14 10:11:23,802.1,608370
2021-06-14 10:11:24,801.85,608433
2021-06-14 10:11:24,801.85,608433
2021-06-14 10:11:25,801.85,608435
2021-06-14 10:11:26,801.8,608576
2021-06-14 10:11:27,801.75,608579
2021-06-14 10:11:28,801.75,608579
2021-06-14 10:11:29,802.15,608580
2021-06-14 10:11:30,802.15,608580
2021-06-14 10:11:31,802.25,608617
2021-06-14 10:11:32,802.25,608617
2021-06-14 10:11:33,802.25,608617
2021-06-14 10:11:34,802.25,608617
2021-06-14 10:11:36,802.0,608683
2021-06-14 10:11:38,801.95,608718
2021-06-14 10:11:39,801.95,608718
2021-06-14 10:11:39,801.95,608718
2021-06-14 10:11:40,801.85,608728
2021-06-14 10:11:42,801.65,608760
2021-06-14 10:11:43,801.5,608926
2021-06-14 10:11:44,801.8,608929
2021-06-14 10:11:45,802.0,608930
2021-06-14 10:11:46,801.95,608980
2021-06-14 10:11:47,801.95,608980
2021-06-14 10:11:48,801.95,608980
2021-06-14 10:11:48,802.05,609030
2021-06-14 10:11:50,802.1,609235
2021-06-14 10:11:51,802.1,609235
2021-06-14 10:11:53,802.1,609235
2021-06-14 10:11:54,802.3,609246
2021-06-14 10:11:55,802.3,609246
2021-06-14 10:11:56,802.2,609260
2021-06-14 10:11:57,802.2,609260
2021-06-14 10:11:58,802.1,609297
2021-06-14 10:11:59,802.1,609297
2021-06-14 10:12:00,802.1,609332
2021-06-14 10:12:02,802.15,609368
2021-06-14 10:12:03,802.05,609423
2021-06-14 10:12:03,802.05,609423
2021-06-14 10:12:04,802.05,609446
2021-06-14 10:12:05,802.05,609446
2021-06-14 10:12:06,802.05,609479
2021-06-14 10:12:07,802.0,609519
2021-06-14 10:12:08,801.95,609524
2021-06-14 10:12:10,801.9,609570
2021-06-14 10:12:11,801.9,609570
2021-06-14 10:12:12,802.05,609677
2021-06-14 10:12:13,802.05,609677
2021-06-14 10:12:14,802.1,609688
2021-06-14 10:12:15,802.1,609688
2021-06-14 10:12:16,802.0,609708
2021-06-14 10:12:17,802.05,609908
2021-06-14 10:12:18,802.05,609908
2021-06-14 10:12:19,802.05,609908
2021-06-14 10:12:20,802.0,609938
2021-06-14 10:12:21,801.9,609954
2021-06-14 10:12:23,801.8,610054
2021-06-14 10:12:24,801.85,610204
2021-06-14 10:12:25,801.8,610209
2021-06-14 10:12:26,801.8,610209
2021-06-14 10:12:27,801.8,610209
2021-06-14 10:12:29,801.8,610309
2021-06-14 10:12:30,801.85,610311
2021-06-14 10:12:31,801.85,610317
2021-06-14 10:12:32,801.85,610317
2021-06-14 10:12:33,801.85,610317
2021-06-14 10:12:34,801.8,610454
2021-06-14 10:12:35,801.9,610484
2021-06-14 10:12:36,801.8,610487
2021-06-14 10:12:37,801.8,610487
2021-06-14 10:12:37,801.8,610487
2021-06-14 10:12:38,801.8,610487
2021-06-14 10:12:39,801.8,610591
2021-06-14 10:12:41,801.8,610591
2021-06-14 10:12:42,801.8,610591
2021-06-14 10:12:43,801.85,610671
2021-06-14 10:12:44,801.8,610708
2021-06-14 10:12:48,801.9,610747
2021-06-14 10:12:52,801.85,610804
2021-06-14 10:12:56,801.8,610979
2021-06-14 10:13:00,801.8,610979
2021-06-14 10:13:05,801.85,611099
2021-06-14 10:13:09,801.85,611153
2021-06-14 10:13:14,801.95,611287
2021-06-14 10:13:18,801.9,613720
2021-06-14 10:13:23,801.8,613795
2021-06-14 10:13:27,801.95,613829
2021-06-14 10:13:31,801.8,613900
2021-06-14 10:13:35,802.2,614529
2021-06-14 10:13:40,802.6,616059
2021-06-14 10:13:45,802.5,616070
2021-06-14 10:13:49,802.1,616199
2021-06-14 10:13:53,802.15,616206
2021-06-14 10:13:58,802.5,616392
2021-06-14 10:14:02,802.25,616542
2021-06-14 10:14:07,802.5,616714
2021-06-14 10:14:11,802.45,617642
2021-06-14 10:14:15,802.45,617642
2021-06-14 10:14:19,802.2,617738
2021-06-14 10:14:24,802.25,618242
2021-06-14 10:14:28,802.35,618249
2021-06-14 10:14:32,802.35,618397
2021-06-14 10:14:37,802.3,618556
2021-06-14 10:14:42,802.25,618734
2021-06-14 10:14:46,802.35,618815
2021-06-14 10:14:50,802.35,618922
2021-06-14 10:14:55,802.35,618932
2021-06-14 10:14:59,802.35,618932
2021-06-14 10:15:04,802.2,619247
2021-06-14 10:15:08,802.35,619303
2021-06-14 10:15:12,802.15,619576
2021-06-14 10:15:17,802.2,619769
2021-06-14 10:15:21,802.1,619826
2021-06-14 10:15:25,802.0,620760
2021-06-14 10:15:29,801.95,620868
2021-06-14 10:15:33,801.85,620888
2021-06-14 10:15:37,801.65,621093
2021-06-14 10:15:42,801.8,621134
2021-06-14 10:15:46,801.85,621144
2021-06-14 10:15:50,801.65,621168
2021-06-14 10:15:54,802.1,622568
2021-06-14 10:15:58,801.8,622678
2021-06-14 10:16:03,801.8,623266
2021-06-14 10:16:07,801.55,623406
2021-06-14 10:16:12,801.5,623443
2021-06-14 10:16:16,801.65,623807
2021-06-14 10:16:21,801.7,623830
2021-06-14 10:16:25,801.7,624014
2021-06-14 10:16:30,801.7,624161
2021-06-14 10:16:34,801.75,624167
2021-06-14 10:16:38,801.7,624296
2021-06-14 10:16:43,801.7,624449
2021-06-14 10:16:47,801.6,624464
2021-06-14 10:16:52,801.6,624569
2021-06-14 10:16:56,801.7,624571
2021-06-14 10:17:00,801.6,624677
2021-06-14 10:17:04,801.95,624871
2021-06-14 10:17:08,801.9,624900
2021-06-14 10:17:12,801.8,624906
2021-06-14 10:17:21,801.65,625506
2021-06-14 10:17:25,801.7,625689
2021-06-14 10:17:29,801.7,625719
2021-06-14 10:17:37,801.6,625954
2021-06-14 10:17:41,801.6,626060
2021-06-14 10:17:45,801.6,626239
2021-06-14 10:17:49,801.7,626342
2021-06-14 10:17:53,801.5,627204
2021-06-14 10:17:57,801.55,627214
