timestamp,ltp,volume
2021-06-14 09:15:34,117.7,141635
2021-06-14 09:15:41,117.75,143356
2021-06-14 09:15:48,117.85,146205
2021-06-14 09:15:54,117.75,153076
2021-06-14 09:16:00,117.75,168631
2021-06-14 09:16:07,117.75,213523
2021-06-14 09:16:13,117.55,217365
2021-06-14 09:16:20,117.5,219296
2021-06-14 09:16:26,117.5,238100
2021-06-14 09:16:32,117.55,266914
2021-06-14 09:16:38,117.55,284163
2021-06-14 09:16:45,117.55,306543
2021-06-14 09:16:51,117.6,308904
2021-06-14 09:16:57,117.65,320909
2021-06-14 09:17:04,117.6,333370
2021-06-14 09:17:10,117.4,376061
2021-06-14 09:17:16,117.35,383669
2021-06-14 09:17:22,117.55,388633
2021-06-14 09:17:28,117.45,391554
2021-06-14 09:17:34,117.4,393937
2021-06-14 09:17:40,117.35,407573
2021-06-14 09:17:46,117.4,414322
2021-06-14 09:17:52,117.3,419454
2021-06-14 09:17:59,117.3,431846
2021-06-14 09:18:05,117.3,441743
2021-06-14 09:18:11,117.3,455798
2021-06-14 09:18:17,117.1,474808
2021-06-14 09:18:23,117.1,486595
2021-06-14 09:18:29,117.15,497821
2021-06-14 09:18:35,117.15,502490
2021-06-14 09:18:47,117.15,517817
2021-06-14 09:18:53,117.25,538416
2021-06-14 09:18:59,117.25,540737
2021-06-14 09:19:05,117.25,550651
2021-06-14 09:19:11,117.4,554741
2021-06-14 09:19:17,117.35,560032
2021-06-14 09:19:23,117.3,562125
2021-06-14 09:19:29,117.45,571341
2021-06-14 09:19:35,117.35,576784
2021-06-14 09:19:41,117.45,581174
2021-06-14 09:19:47,117.45,591232
2021-06-14 09:19:52,117.5,596175
2021-06-14 09:19:58,117.5,598123
2021-06-14 09:20:04,117.5,609518
2021-06-14 09:20:10,117.35,616047
2021-06-14 09:20:16,117.3,622289
2021-06-14 09:20:22,117.35,634679
2021-06-14 09:20:28,117.35,635756
2021-06-14 09:20:34,117.35,639686
2021-06-14 09:20:40,117.35,645346
2021-06-14 09:20:46,117.45,646459
2021-06-14 09:20:51,117.35,646748
2021-06-14 09:20:57,117.55,660853
2021-06-14 09:21:03,117.5,661979
2021-06-14 09:21:09,117.5,665417
2021-06-14 09:21:15,117.55,669995
2021-06-14 09:21:21,117.55,670236
2021-06-14 09:21:27,117.55,673240
2021-06-14 09:21:33,117.55,680511
2021-06-14 09:21:38,117.5,685343
2021-06-14 09:21:44,117.5,685704
2021-06-14 09:21:49,117.4,689876
2021-06-14 09:21:55,117.35,695260
2021-06-14 09:22:06,117.3,700248
2021-06-14 09:22:12,117.3,701840
2021-06-14 09:22:18,117.4,702594
2021-06-14 09:22:23,117.35,703950
2021-06-14 09:22:29,117.35,714450
2021-06-14 09:22:34,117.3,716008
2021-06-14 09:22:39,117.3,732235
2021-06-14 09:22:45,117.3,750313
2021-06-14 09:22:50,117.3,751475
2021-06-14 09:22:56,117.2,758306
2021-06-14 09:23:02,117.2,760329
2021-06-14 09:23:07,117.05,777536
2021-06-14 09:23:13,117.2,779001
2021-06-14 09:23:19,117.1,782408
2021-06-14 09:23:24,117.2,785232
2021-06-14 09:23:30,117.05,790720
2021-06-14 09:23:36,117.1,804046
2021-06-14 09:23:42,117.15,823168
2021-06-14 09:23:47,117.2,832047
2021-06-14 09:23:53,117.1,834594
2021-06-14 09:23:59,117.2,836118
2021-06-14 09:24:04,117.2,850065
2021-06-14 09:24:10,117.1,857653
2021-06-14 09:24:15,117.15,867377
2021-06-14 09:24:21,117.2,869613
2021-06-14 09:24:27,117.15,874903
2021-06-14 09:24:33,117.2,875484
2021-06-14 09:24:38,117.15,876995
2021-06-14 09:24:44,117.1,879462
2021-06-14 09:24:49,117.15,883547
2021-06-14 09:24:55,117.15,885795
2021-06-14 09:25:00,117.1,888581
2021-06-14 09:25:06,117.0,895154
2021-06-14 09:25:12,117.0,898703
2021-06-14 09:25:17,117.0,901831
2021-06-14 09:25:23,116.9,958071
2021-06-14 09:25:28,116.95,970251
2021-06-14 09:25:34,117.05,978892
2021-06-14 09:25:40,117.0,985396
2021-06-14 09:25:46,116.95,989622
2021-06-14 09:25:51,116.95,994404
2021-06-14 09:25:57,116.9,1001430
2021-06-14 09:26:03,117.0,1008210
2021-06-14 09:26:08,117.0,1015056
2021-06-14 09:26:14,117.0,1029813
2021-06-14 09:26:20,117.05,1037541
2021-06-14 09:26:25,117.05,1045197
2021-06-14 09:26:31,117.05,1047372
2021-06-14 09:26:37,117.0,1048254
2021-06-14 09:26:42,116.95,1060847
2021-06-14 09:26:48,116.9,1063167
2021-06-14 09:26:59,116.8,1083416
2021-06-14 09:27:05,116.8,1098084
2021-06-14 09:27:11,116.8,1103174
2021-06-14 09:27:16,116.85,1107140
2021-06-14 09:27:22,116.8,1108369
2021-06-14 09:27:28,116.8,1110296
2021-06-14 09:27:33,116.8,1122584
2021-06-14 09:27:39,116.65,1137461
2021-06-14 09:27:45,116.7,1145324
2021-06-14 09:27:51,116.7,1146067
2021-06-14 09:27:57,116.75,1168235
2021-06-14 09:28:02,116.7,1173388
2021-06-14 09:28:08,116.75,1197259
2021-06-14 09:28:13,116.75,1197694
2021-06-14 09:28:19,116.75,1204526
2021-06-14 09:28:24,116.75,1214674
2021-06-14 09:28:30,116.75,1223069
2021-06-14 09:28:36,116.8,1234393
2021-06-14 09:28:42,116.8,1235332
2021-06-14 09:28:47,116.8,1251711
2021-06-14 09:28:53,116.9,1266050
2021-06-14 09:28:59,116.85,1268535
2021-06-14 09:29:04,116.9,1270119
2021-06-14 09:29:10,116.85,1288141
2021-06-14 09:29:15,116.85,1288325
2021-06-14 09:29:21,116.85,1296554
2021-06-14 09:29:26,116.85,1302785
2021-06-14 09:29:32,116.8,1308597
2021-06-14 09:29:37,116.75,1315268
2021-06-14 09:29:43,116.7,1318631
2021-06-14 09:29:48,116.75,1319548
2021-06-14 09:29:54,116.75,1321758
2021-06-14 09:29:59,116.7,1327613
2021-06-14 09:30:05,116.7,1335423
2021-06-14 09:30:10,116.65,1347235
2021-06-14 09:30:16,116.7,1355273
2021-06-14 09:30:26,116.7,1362524
2021-06-14 09:30:32,116.6,1378255
2021-06-14 09:30:43,116.6,1390474
2021-06-14 09:30:49,116.6,1393158
2021-06-14 09:30:54,116.5,1397714
2021-06-14 09:31:00,116.6,1402667
2021-06-14 09:31:05,116.55,1407788
2021-06-14 09:31:11,116.5,1426364
2021-06-14 09:31:16,116.3,1446595
2021-06-14 09:31:22,116.3,1454863
2021-06-14 09:31:27,116.4,1466496
2021-06-14 09:31:33,116.4,1471199
2021-06-14 09:31:39,116.5,1477307
2021-06-14 09:31:50,116.5,1530584
2021-06-14 09:31:56,116.65,1542643
2021-06-14 09:32:01,116.7,1546236
2021-06-14 09:32:07,116.7,1554886
2021-06-14 09:32:13,116.65,1556628
2021-06-14 09:32:18,116.65,1559581
2021-06-14 09:32:24,116.65,1560396
2021-06-14 09:32:29,116.65,1568016
2021-06-14 09:32:35,116.65,1568351
2021-06-14 09:32:40,116.7,1571213
2021-06-14 09:32:46,116.7,1573006
2021-06-14 09:32:51,116.7,1575891
2021-06-14 09:32:57,116.6,1580730
2021-06-14 09:33:03,116.7,1587929
2021-06-14 09:33:14,116.75,1598014
2021-06-14 09:33:20,116.75,1599461
2021-06-14 09:33:25,116.7,1605695
2021-06-14 09:33:31,116.7,1606703
2021-06-14 09:33:36,116.8,1611024
2021-06-14 09:33:42,116.75,1611501
2021-06-14 09:33:47,116.8,1615308
2021-06-14 09:33:53,116.8,1616266
2021-06-14 09:33:58,116.8,1624170
2021-06-14 09:34:04,116.65,1649116
2021-06-14 09:34:10,116.7,1654961
2021-06-14 09:34:15,116.65,1661261
2021-06-14 09:34:21,116.65,1663398
2021-06-14 09:34:27,116.65,1670423
2021-06-14 09:34:32,116.65,1677393
2021-06-14 09:34:38,116.75,1683453
2021-06-14 09:34:44,116.45,1720051
2021-06-14 09:34:49,116.5,1724324
2021-06-14 09:34:55,116.5,1728645
2021-06-14 09:35:00,116.5,1738303
2021-06-14 09:35:06,116.6,1744062
2021-06-14 09:35:12,116.65,1745964
2021-06-14 09:35:17,116.75,1755906
2021-06-14 09:35:28,116.95,1776802
2021-06-14 09:35:34,117.15,1809918
2021-06-14 09:35:39,117.15,1815019
2021-06-14 09:35:44,117.2,1820269
2021-06-14 09:35:50,117.3,1824881
2021-06-14 09:35:56,117.3,1857403
2021-06-14 09:36:01,117.2,1883747
2021-06-14 09:36:12,117.3,1924884
2021-06-14 09:36:18,117.3,1940072
2021-06-14 09:36:23,117.35,1946456
2021-06-14 09:36:28,117.4,2078244
2021-06-14 09:36:34,117.2,2129308
2021-06-14 09:36:44,117.25,2148765
2021-06-14 09:36:50,117.05,2179082
2021-06-14 09:37:00,117.25,2207301
2021-06-14 09:37:06,117.25,2211151
2021-06-14 09:37:11,117.3,2214930
2021-06-14 09:37:17,117.35,2231737
2021-06-14 09:37:22,117.35,2233660
2021-06-14 09:37:27,117.45,2243081
2021-06-14 09:37:33,117.4,2270376
2021-06-14 09:37:38,117.45,2279373
2021-06-14 09:37:43,117.45,2281735
2021-06-14 09:37:49,117.45,2285931
2021-06-14 09:37:54,117.45,2286656
2021-06-14 09:38:05,117.45,2287824
2021-06-14 09:38:10,117.25,2327434
2021-06-14 09:38:16,117.2,2328067
2021-06-14 09:38:22,117.2,2329328
2021-06-14 09:38:27,117.15,2335134
2021-06-14 09:38:33,117.1,2335447
2021-06-14 09:38:38,117.15,2338761
2021-06-14 09:38:43,117.05,2366503
2021-06-14 09:38:49,116.95,2391804
2021-06-14 09:38:54,116.85,2396982
2021-06-14 09:38:59,116.6,2515880
2021-06-14 09:39:05,116.75,2540552
2021-06-14 09:39:10,116.8,2541243
2021-06-14 09:39:15,116.75,2550812
2021-06-14 09:39:27,116.9,2557613
2021-06-14 09:39:32,116.95,2564304
2021-06-14 09:39:37,116.95,2565576
2021-06-14 09:39:47,116.95,2566960
2021-06-14 09:39:53,116.9,2569285
2021-06-14 09:39:58,116.95,2569666
2021-06-14 09:40:04,116.9,2569934
2021-06-14 09:40:09,116.9,2577786
2021-06-14 09:40:14,116.95,2579606
2021-06-14 09:40:20,116.9,2579973
2021-06-14 09:40:25,116.95,2580539
2021-06-14 09:40:30,116.85,2586442
2021-06-14 09:40:35,116.85,2586589
2021-06-14 09:40:41,116.95,2587573
2021-06-14 09:40:46,116.8,2607365
2021-06-14 09:40:52,116.8,2621390
2021-06-14 09:40:57,116.65,2629991
2021-06-14 09:41:02,116.65,2630051
2021-06-14 09:41:08,116.7,2635712
2021-06-14 09:41:13,116.75,2639998
2021-06-14 09:41:23,116.8,2661470
2021-06-14 09:41:29,116.9,2667862
2021-06-14 09:41:34,116.95,2668363
2021-06-14 09:41:39,116.95,2668963
2021-06-14 09:41:44,116.95,2676041
2021-06-14 09:41:49,117.0,2680905
2021-06-14 09:41:55,117.1,2681260
2021-06-14 09:42:00,117.0,2687556
2021-06-14 09:42:05,117.05,2687904
2021-06-14 09:42:10,117.0,2688621
2021-06-14 09:42:15,117.0,2689904
2021-06-14 09:42:20,117.1,2692416
2021-06-14 09:42:26,117.15,2695216
2021-06-14 09:42:36,117.05,2699100
2021-06-14 09:42:41,117.05,2700171
2021-06-14 09:42:46,117.05,2702913
2021-06-14 09:42:52,117.1,2704871
2021-06-14 09:42:57,117.1,2707713
2021-06-14 09:43:02,117.1,2708013
2021-06-14 09:43:08,116.9,2750172
2021-06-14 09:43:13,116.95,2758579
2021-06-14 09:43:19,117.0,2761317
2021-06-14 09:43:24,117.0,2764183
2021-06-14 09:43:29,117.0,2764937
2021-06-14 09:43:34,117.05,2765960
2021-06-14 09:43:39,117.1,2771771
2021-06-14 09:43:44,117.1,2786517
2021-06-14 09:43:49,117.1,2787404
2021-06-14 09:43:54,117.05,2788598
2021-06-14 09:44:00,117.1,2790473
2021-06-14 09:44:05,117.1,2790833
2021-06-14 09:44:15,117.1,2791270
2021-06-14 09:44:20,116.95,2799798
2021-06-14 09:44:26,116.95,2814060
2021-06-14 09:44:31,116.9,2824370
2021-06-14 09:44:36,116.95,2829996
2021-06-14 09:44:41,116.95,2834382
2021-06-14 09:44:46,116.95,2839453
2021-06-14 09:44:51,117.0,2841965
2021-06-14 09:44:57,116.9,2842651
2021-06-14 09:45:02,117.0,2843871
2021-06-14 09:45:07,116.9,2845213
2021-06-14 09:45:12,116.9,2846776
2021-06-14 09:45:17,116.9,2848904
2021-06-14 09:45:27,116.8,2855256
2021-06-14 09:45:42,116.7,2902099
2021-06-14 09:45:47,116.7,2906431
2021-06-14 09:45:52,116.7,2912342
2021-06-14 09:45:57,116.75,2927480
2021-06-14 09:46:03,116.75,2952391
2021-06-14 09:46:08,116.7,2955482
2021-06-14 09:46:13,116.9,2969508
2021-06-14 09:46:19,116.8,2970504
2021-06-14 09:46:24,116.75,2976311
2021-06-14 09:46:29,116.85,2980022
2021-06-14 09:46:34,116.75,2980796
2021-06-14 09:46:38,116.8,2985333
2021-06-14 09:46:43,116.65,2997762
2021-06-14 09:46:49,116.55,3010772
2021-06-14 09:46:54,116.6,3016093
2021-06-14 09:46:58,116.65,3017991
2021-06-14 09:47:04,116.6,3030103
2021-06-14 09:47:09,116.75,3032148
2021-06-14 09:47:14,116.6,3043306
2021-06-14 09:47:19,116.6,3045366
2021-06-14 09:47:24,116.55,3048271
2021-06-14 09:47:34,116.6,3050408
2021-06-14 09:47:39,116.6,3051329
2021-06-14 09:47:44,116.7,3053902
2021-06-14 09:47:49,116.65,3054728
2021-06-14 09:47:54,116.65,3055102
2021-06-14 09:47:58,116.75,3057627
2021-06-14 09:48:03,116.7,3058603
2021-06-14 09:48:08,116.75,3059327
2021-06-14 09:48:13,116.7,3065265
2021-06-14 09:48:18,116.7,3067359
2021-06-14 09:48:28,116.7,3085600
2021-06-14 09:48:33,116.65,3087201
2021-06-14 09:48:38,116.7,3088431
2021-06-14 09:48:43,116.7,3089805
2021-06-14 09:48:48,116.7,3090218
2021-06-14 09:48:53,116.65,3097750
2021-06-14 09:48:58,116.7,3101605
2021-06-14 09:49:03,116.6,3103886
2021-06-14 09:49:08,116.7,3105987
2021-06-14 09:49:13,116.7,3106837
2021-06-14 09:49:18,116.7,3109503
2021-06-14 09:49:23,116.7,3110777
2021-06-14 09:49:28,116.75,3119735
2021-06-14 09:49:32,116.9,3127380
2021-06-14 09:49:37,117.0,3138882
2021-06-14 09:49:42,116.9,3139492
2021-06-14 09:49:47,116.9,3141304
2021-06-14 09:49:52,116.95,3144633
2021-06-14 09:49:57,116.95,3146102
2021-06-14 09:50:02,116.9,3148987
2021-06-14 09:50:06,116.9,3150036
2021-06-14 09:50:11,116.9,3150670
2021-06-14 09:50:17,116.9,3152592
2021-06-14 09:50:22,117.0,3153203
2021-06-14 09:50:26,116.9,3162517
2021-06-14 09:50:31,117.0,3162738
2021-06-14 09:50:36,116.95,3163181
2021-06-14 09:50:41,117.0,3164006
2021-06-14 09:50:46,117.0,3166625
2021-06-14 09:50:50,117.0,3168160
2021-06-14 09:50:55,116.8,3240702
2021-06-14 09:51:00,116.9,3270006
2021-06-14 09:51:05,117.0,3279919
2021-06-14 09:51:09,117.05,3301294
2021-06-14 09:51:14,117.05,3309939
2021-06-14 09:51:19,117.05,3314104
2021-06-14 09:51:24,117.05,3316742
2021-06-14 09:51:29,117.05,3318334
2021-06-14 09:51:34,117.05,3320695
2021-06-14 09:51:39,117.05,3322736
2021-06-14 09:51:43,117.05,3323791
2021-06-14 09:51:48,117.0,3325119
2021-06-14 09:51:52,117.1,3326379
2021-06-14 09:51:57,117.1,3327857
2021-06-14 09:52:02,117.0,3328653
2021-06-14 09:52:07,117.05,3329417
2021-06-14 09:52:11,117.1,3330181
2021-06-14 09:52:16,117.05,3330551
2021-06-14 09:52:21,117.05,3330726
2021-06-14 09:52:31,117.1,3334794
2021-06-14 09:52:35,117.05,3338339
2021-06-14 09:52:41,117.05,3338346
2021-06-14 09:52:45,117.05,3339017
2021-06-14 09:52:50,117.0,3341318
2021-06-14 09:52:55,117.0,3344200
2021-06-14 09:53:00,117.0,3344235
2021-06-14 09:53:04,116.95,3345682
2021-06-14 09:53:09,117.05,3346182
2021-06-14 09:53:14,117.0,3347788
2021-06-14 09:53:23,117.0,3348778
2021-06-14 09:53:28,117.0,3353916
2021-06-14 09:53:32,117.0,3354148
2021-06-14 09:53:37,117.0,3354149
2021-06-14 09:53:42,116.95,3354316
2021-06-14 09:53:47,117.0,3359151
2021-06-14 09:53:52,117.05,3368755
2021-06-14 09:53:57,117.1,3368887
2021-06-14 09:54:02,117.05,3369825
2021-06-14 09:54:06,117.1,3385120
2021-06-14 09:54:11,117.05,3386508
2021-06-14 09:54:15,117.1,3388010
2021-06-14 09:54:24,117.1,3393040
2021-06-14 09:54:29,117.1,3393240
2021-06-14 09:54:34,117.05,3393611
2021-06-14 09:54:38,117.05,3393611
2021-06-14 09:54:43,117.05,3394079
2021-06-14 09:54:47,117.05,3394773
2021-06-14 09:54:52,117.05,3396963
2021-06-14 09:54:56,117.15,3397951
2021-06-14 09:55:01,117.05,3404163
2021-06-14 09:55:06,117.05,3404180
2021-06-14 09:55:10,117.15,3405811
2021-06-14 09:55:15,117.1,3405816
2021-06-14 09:55:19,117.15,3407408
2021-06-14 09:55:24,117.2,3412608
2021-06-14 09:55:29,117.1,3421654
2021-06-14 09:55:34,117.0,3429054
2021-06-14 09:55:38,117.0,3429289
2021-06-14 09:55:43,117.1,3429449
2021-06-14 09:55:47,117.1,3429499
2021-06-14 09:55:52,117.05,3432127
2021-06-14 09:55:57,117.05,3433233
2021-06-14 09:56:01,117.1,3434755
2021-06-14 09:56:05,117.1,3436374
2021-06-14 09:56:10,117.2,3444656
2021-06-14 09:56:14,117.15,3449787
2021-06-14 09:56:19,117.25,3450443
2021-06-14 09:56:23,117.4,3469559
2021-06-14 09:56:27,117.35,3470362
2021-06-14 09:56:32,117.35,3472566
2021-06-14 09:56:36,117.25,3473770
2021-06-14 09:56:41,117.3,3474058
2021-06-14 09:56:50,117.35,3484082
2021-06-14 09:56:58,117.35,3484660
2021-06-14 09:57:03,117.3,3485410
2021-06-14 09:57:07,117.4,3505523
2021-06-14 09:57:12,117.45,3511983
2021-06-14 09:57:17,117.35,3512560
2021-06-14 09:57:21,117.35,3514056
2021-06-14 09:57:26,117.4,3520174
2021-06-14 09:57:31,117.4,3520420
2021-06-14 09:57:35,117.4,3520730
2021-06-14 09:57:40,117.45,3521248
2021-06-14 09:57:44,117.45,3522703
2021-06-14 09:57:49,117.45,3523393
2021-06-14 09:57:53,117.45,3528471
2021-06-14 09:57:58,117.4,3528701
2021-06-14 09:58:03,117.5,3541064
2021-06-14 09:58:07,117.45,3542497
2021-06-14 09:58:12,117.45,3547350
2021-06-14 09:58:16,117.45,3553810
2021-06-14 09:58:25,117.45,3561292
2021-06-14 09:58:34,117.45,3562492
2021-06-14 09:58:39,117.5,3562580
2021-06-14 09:58:44,117.45,3563385
2021-06-14 09:58:48,117.5,3569938
2021-06-14 09:58:53,117.55,3570221
2021-06-14 09:58:58,117.4,3579190
2021-06-14 09:59:03,117.45,3580580
2021-06-14 09:59:08,117.4,3580940
2021-06-14 09:59:13,117.4,3581742
2021-06-14 09:59:17,117.4,3582081
2021-06-14 09:59:22,117.35,3607293
2021-06-14 09:59:26,117.3,3612920
2021-06-14 09:59:31,117.7,3771030
2021-06-14 09:59:36,117.7,3784921
2021-06-14 09:59:40,117.7,3791337
2021-06-14 09:59:45,117.65,3796508
2021-06-14 09:59:50,117.65,3797869
2021-06-14 09:59:54,117.7,3812757
2021-06-14 09:59:59,117.55,3841632
2021-06-14 10:00:03,117.55,3841775
2021-06-14 10:00:08,117.6,3841777
2021-06-14 10:00:12,117.55,3843676
2021-06-14 10:00:17,117.6,3843868
2021-06-14 10:00:22,117.6,3844434
2021-06-14 10:00:27,117.6,3847086
2021-06-14 10:00:31,117.65,3848068
2021-06-14 10:00:36,117.65,3849318
2021-06-14 10:00:41,117.6,3850251
2021-06-14 10:00:45,117.65,3850327
2021-06-14 10:00:54,117.65,3857184
2021-06-14 10:00:59,117.65,3857734
2021-06-14 10:01:03,117.6,3868394
2021-06-14 10:01:08,117.7,3868445
2021-06-14 10:01:18,117.7,3870118
2021-06-14 10:01:23,117.7,3872440
2021-06-14 10:01:27,117.7,3872460
2021-06-14 10:01:32,117.8,3894792
2021-06-14 10:01:41,117.8,3899536
2021-06-14 10:01:46,117.75,3900039
2021-06-14 10:01:51,117.75,3909756
2021-06-14 10:01:56,117.6,3918469
2021-06-14 10:02:01,117.6,3922399
2021-06-14 10:02:06,117.55,3923172
2021-06-14 10:02:11,117.5,3932515
2021-06-14 10:02:20,117.55,3964879
2021-06-14 10:02:25,117.5,3966285
2021-06-14 10:02:30,117.5,3968721
2021-06-14 10:02:35,117.5,3970544
2021-06-14 10:02:39,117.4,3970654
2021-06-14 10:02:44,117.4,3973579
2021-06-14 10:02:49,117.35,3977635
2021-06-14 10:02:53,117.35,3977635
2021-06-14 10:02:58,117.4,3977786
2021-06-14 10:03:03,117.45,3978541
2021-06-14 10:03:08,117.4,3978655
2021-06-14 10:03:13,117.3,3980812
2021-06-14 10:03:17,117.25,3980861
2021-06-14 10:03:27,117.25,3990127
2021-06-14 10:03:31,117.3,3990222
2021-06-14 10:03:36,117.2,4003048
2021-06-14 10:03:40,117.25,4003633
2021-06-14 10:03:45,117.35,4014720
2021-06-14 10:03:50,117.35,4015776
2021-06-14 10:03:55,117.3,4015787
2021-06-14 10:04:00,117.25,4027416
2021-06-14 10:04:05,117.2,4027417
2021-06-14 10:04:09,117.3,4027423
2021-06-14 10:04:14,117.25,4027473
2021-06-14 10:04:19,117.3,4028624
2021-06-14 10:04:28,117.35,4033279
2021-06-14 10:04:32,117.4,4048779
2021-06-14 10:04:41,117.35,4069243
2021-06-14 10:04:46,117.35,4069643
2021-06-14 10:04:51,117.35,4069693
2021-06-14 10:04:55,117.35,4072218
2021-06-14 10:05:00,117.35,4073019
2021-06-14 10:05:04,117.3,4074482
2021-06-14 10:05:09,117.35,4075484
2021-06-14 10:05:14,117.35,4075495
2021-06-14 10:05:18,117.35,4075495
2021-06-14 10:05:23,117.3,4075583
2021-06-14 10:05:27,117.35,4075603
2021-06-14 10:05:31,117.35,4075963
2021-06-14 10:05:37,117.25,4100069
2021-06-14 10:05:41,117.25,4100090
2021-06-14 10:05:46,117.2,4105200
2021-06-14 10:05:50,117.2,4105609
2021-06-14 10:05:55,117.2,4105760
2021-06-14 10:05:59,117.2,4107090
2021-06-14 10:06:04,117.2,4107514
2021-06-14 10:06:09,117.15,4107671
2021-06-14 10:06:14,117.1,4122241
2021-06-14 10:06:19,117.0,4124264
2021-06-14 10:06:23,117.0,4125430
2021-06-14 10:06:28,117.1,4126835
2021-06-14 10:06:32,117.05,4131049
2021-06-14 10:06:37,117.1,4131884
2021-06-14 10:06:41,117.1,4132189
2021-06-14 10:06:46,117.1,4141189
2021-06-14 10:06:50,117.1,4141201
2021-06-14 10:06:55,117.15,4145082
2021-06-14 10:07:00,117.1,4145141
2021-06-14 10:07:05,117.15,4145401
2021-06-14 10:07:09,117.15,4145415
2021-06-14 10:07:15,117.2,4147255
2021-06-14 10:07:20,117.2,4147274
2021-06-14 10:07:25,117.2,4147276
2021-06-14 10:07:29,117.2,4147718
2021-06-14 10:07:34,117.15,4148794
2021-06-14 10:07:40,117.2,4148804
2021-06-14 10:07:44,117.15,4152904
2021-06-14 10:07:49,117.1,4153014
2021-06-14 10:07:54,117.1,4154190
2021-06-14 10:07:59,117.1,4155341
2021-06-14 10:08:03,117.15,4155369
2021-06-14 10:08:07,117.1,4155669
2021-06-14 10:08:11,117.15,4156170
2021-06-14 10:08:16,117.1,4156455
2021-06-14 10:08:20,117.1,4157142
2021-06-14 10:08:24,117.15,4157599
2021-06-14 10:08:29,117.15,4157604
2021-06-14 10:08:33,117.15,4157705
2021-06-14 10:08:37,117.15,4157732
2021-06-14 10:08:41,117.2,4158904
2021-06-14 10:08:45,117.15,4159349
2021-06-14 10:08:49,117.15,4159600
2021-06-14 10:08:54,117.15,4159892
2021-06-14 10:08:59,117.1,4160147
2021-06-14 10:09:03,117.15,4160262
2021-06-14 10:09:07,117.1,4160508
2021-06-14 10:09:12,117.15,4162434
2021-06-14 10:09:17,117.1,4162637
2021-06-14 10:09:21,117.05,4221401
2021-06-14 10:09:26,117.1,4223552
2021-06-14 10:09:30,117.1,4223603
2021-06-14 10:09:35,117.05,4234095
2021-06-14 10:09:40,117.0,4236804
2021-06-14 10:09:44,116.95,4277230
2021-06-14 10:09:49,116.95,4279913
2021-06-14 10:09:54,116.95,4280252
2021-06-14 10:09:59,117.0,4280258
2021-06-14 10:10:03,117.0,4280259
2021-06-14 10:10:08,117.0,4281946
2021-06-14 10:10:13,117.0,4282505
2021-06-14 10:10:17,117.0,4283504
2021-06-14 10:10:27,117.1,4294088
2021-06-14 10:10:32,117.1,4294471
2021-06-14 10:10:37,117.0,4294774
2021-06-14 10:10:41,117.0,4295325
2021-06-14 10:10:45,117.1,4295336
2021-06-14 10:10:50,117.1,4295604
2021-06-14 10:10:54,117.0,4299925
2021-06-14 10:10:59,117.1,4300026
2021-06-14 10:11:03,117.1,4301867
2021-06-14 10:11:07,117.15,4301917
2021-06-14 10:11:11,117.1,4303027
2021-06-14 10:11:15,117.25,4310114
2021-06-14 10:11:19,117.15,4311965
2021-06-14 10:11:23,117.25,4312688
2021-06-14 10:11:27,117.3,4320744
2021-06-14 10:11:32,117.3,4320886
2021-06-14 10:11:36,117.3,4320988
2021-06-14 10:11:40,117.3,4322098
2021-06-14 10:11:45,117.3,4322619
2021-06-14 10:11:49,117.3,4323309
2021-06-14 10:11:53,117.3,4340489
2021-06-14 10:11:58,117.3,4340599
2021-06-14 10:12:02,117.3,4340699
2021-06-14 10:12:06,117.4,4354671
2021-06-14 10:12:10,117.35,4356874
2021-06-14 10:12:14,117.3,4358292
2021-06-14 10:12:19,117.4,4358300
2021-06-14 10:12:23,117.4,4358453
2021-06-14 10:12:28,117.35,4358774
2021-06-14 10:12:32,117.4,4358803
2021-06-14 10:12:36,117.35,4358827
2021-06-14 10:12:41,117.3,4362114
2021-06-14 10:12:49,117.35,4369865
2021-06-14 10:12:53,117.35,4369866
2021-06-14 10:13:02,117.35,4369871
2021-06-14 10:13:07,117.35,4370781
2021-06-14 10:13:11,117.25,4370811
2021-06-14 10:13:15,117.35,4370856
2021-06-14 10:13:20,117.3,4371107
2021-06-14 10:13:24,117.3,4372259
2021-06-14 10:13:28,117.25,4372269
2021-06-14 10:13:33,117.25,4372470
2021-06-14 10:13:37,117.35,4376834
2021-06-14 10:13:42,117.4,4376835
2021-06-14 10:13:47,117.4,4392817
2021-06-14 10:13:51,117.35,4393127
2021-06-14 10:14:00,117.55,4436310
2021-06-14 10:14:04,117.55,4436770
2021-06-14 10:14:08,117.55,4437290
2021-06-14 10:14:13,117.55,4438090
2021-06-14 10:14:17,117.5,4438111
2021-06-14 10:14:21,117.55,4439161
2021-06-14 10:14:25,117.5,4440631
2021-06-14 10:14:30,117.5,4441773
2021-06-14 10:14:34,117.5,4443138
2021-06-14 10:14:39,117.4,4443883
2021-06-14 10:14:43,117.45,4443994
2021-06-14 10:14:48,117.35,4452821
2021-06-14 10:14:52,117.4,4453537
2021-06-14 10:14:56,117.35,4453578
2021-06-14 10:15:01,117.4,4455204
2021-06-14 10:15:05,117.35,4456210
2021-06-14 10:15:14,117.45,4459578
2021-06-14 10:15:18,117.45,4459578
2021-06-14 10:15:22,117.45,4460042
2021-06-14 10:15:26,117.55,4460065
2021-06-14 10:15:31,117.5,4460331
2021-06-14 10:15:35,117.45,4461435
2021-06-14 10:15:39,117.55,4461835
2021-06-14 10:15:43,117.5,4462371
2021-06-14 10:15:47,117.55,4467350
2021-06-14 10:15:51,117.55,4467438
2021-06-14 10:15:55,117.55,4474953
2021-06-14 10:16:00,117.5,4475041
2021-06-14 10:16:05,117.55,4476091
2021-06-14 10:16:09,117.55,4502615
2021-06-14 10:16:14,117.6,4504675
2021-06-14 10:16:18,117.6,4504775
2021-06-14 10:16:22,117.6,4505530
2021-06-14 10:16:27,117.65,4522632
2021-06-14 10:16:31,117.7,4523101
2021-06-14 10:16:36,117.6,4523106
2021-06-14 10:16:40,117.6,4523800
2021-06-14 10:16:45,117.6,4523965
2021-06-14 10:16:49,117.6,4525185
2021-06-14 10:16:53,117.6,4526688
2021-06-14 10:16:58,117.6,4526838
2021-06-14 10:17:02,117.55,4529785
2021-06-14 10:17:06,117.5,4530476
2021-06-14 10:17:10,117.55,4530486
2021-06-14 10:17:14,117.5,4532353
2021-06-14 10:17:18,117.55,4532357
2021-06-14 10:17:27,117.5,4535232
2021-06-14 10:17:31,117.6,4551522
2021-06-14 10:17:35,117.65,4569400
2021-06-14 10:17:39,117.65,4569974
2021-06-14 10:17:43,117.6,4570175
2021-06-14 10:17:47,117.65,4570482
2021-06-14 10:17:51,117.7,4570918
2021-06-14 10:17:55,117.6,4571847
2021-06-14 10:17:59,117.6,4571847
2021-06-14 10:18:03,117.6,4572232
2021-06-14 10:18:07,117.65,4576045
2021-06-14 10:18:11,117.6,4576665
2021-06-14 10:18:16,117.6,4578109
2021-06-14 10:18:20,117.6,4578669
2021-06-14 10:18:24,117.7,4621923
2021-06-14 10:18:28,117.7,4626371
2021-06-14 10:18:32,117.8,4631779
2021-06-14 10:18:36,117.85,4632177
2021-06-14 10:18:41,117.85,4641552
2021-06-14 10:18:45,117.85,4643847
2021-06-14 10:18:50,117.75,4647738
2021-06-14 10:18:54,117.8,4662536
2021-06-14 10:18:57,117.75,4662752
2021-06-14 10:19:02,117.75,4664730
2021-06-14 10:19:06,117.75,4664730
2021-06-14 10:19:10,117.75,4664732
2021-06-14 10:19:14,117.75,4664732
2021-06-14 10:19:18,117.85,4672045
2021-06-14 10:19:22,117.85,4672045
2021-06-14 10:19:26,117.9,4673020
2021-06-14 10:19:30,117.85,4674485
2021-06-14 10:19:34,117.85,4674486
2021-06-14 10:19:38,117.85,4677387
2021-06-14 10:19:43,117.85,4678686
2021-06-14 10:19:47,117.9,4679306
2021-06-14 10:19:51,117.9,4680672
2021-06-14 10:19:55,117.9,4681077
2021-06-14 10:19:59,117.85,4694785
2021-06-14 10:20:03,117.85,4694841
2021-06-14 10:20:07,117.85,4695094
2021-06-14 10:20:11,117.8,4695106
2021-06-14 10:20:15,117.8,4695136
2021-06-14 10:20:20,117.8,4695831
2021-06-14 10:20:24,117.8,4706216
2021-06-14 10:20:28,117.8,4706471
2021-06-14 10:20:31,117.8,4706972
2021-06-14 10:20:36,117.75,4708402
2021-06-14 10:20:40,117.75,4708942
2021-06-14 10:20:44,117.9,4722796
2021-06-14 10:20:48,117.85,4723907
2021-06-14 10:20:52,117.9,4741837
2021-06-14 10:20:56,117.9,4751702
2021-06-14 10:21:00,117.9,4751818
2021-06-14 10:21:05,117.85,4752459
2021-06-14 10:21:13,117.85,4755569
2021-06-14 10:21:17,117.9,4755658
2021-06-14 10:21:21,117.85,4755944
2021-06-14 10:21:25,117.9,4755953
2021-06-14 10:21:29,117.85,4755961
2021-06-14 10:21:34,117.9,4767166
2021-06-14 10:21:38,117.85,4767316
2021-06-14 10:21:41,117.9,4767321
2021-06-14 10:21:45,117.8,4771119
2021-06-14 10:21:50,117.85,4774814
2021-06-14 10:21:54,117.9,4774941
2021-06-14 10:21:59,117.8,4775704
2021-06-14 10:22:03,117.9,4776240
2021-06-14 10:22:07,117.9,4776255
2021-06-14 10:22:11,117.8,4776466
2021-06-14 10:22:15,117.8,4777223
2021-06-14 10:22:19,117.8,4777830
2021-06-14 10:22:23,117.8,4778309
2021-06-14 10:22:27,117.8,4779504
2021-06-14 10:22:31,117.8,4781336
2021-06-14 10:22:35,117.8,4781457
2021-06-14 10:22:39,117.85,4784611
2021-06-14 10:22:42,117.85,4785036
2021-06-14 10:22:46,117.8,4785487
2021-06-14 10:22:50,117.8,4785487
2021-06-14 10:22:54,117.9,4809926
2021-06-14 10:22:58,117.85,4813046
2021-06-14 10:23:03,117.9,4821804
2021-06-14 10:23:07,117.85,4822308
2021-06-14 10:23:11,117.9,4822470
2021-06-14 10:23:15,117.8,4829371
2021-06-14 10:23:18,117.9,4834116
2021-06-14 10:23:22,117.9,4849226
2021-06-14 10:23:26,117.85,4849326
2021-06-14 10:23:29,117.9,4849381
2021-06-14 10:23:33,117.9,4850383
2021-06-14 10:23:38,117.9,4851113
2021-06-14 10:23:42,117.95,4851434
2021-06-14 10:23:46,117.9,4852199
2021-06-14 10:23:50,117.9,4852329
2021-06-14 10:23:54,117.95,4852466
2021-06-14 10:23:58,117.9,4864979
2021-06-14 10:24:02,117.95,4865493
2021-06-14 10:24:06,117.95,4865512
2021-06-14 10:24:10,117.95,4865512
2021-06-14 10:24:14,117.95,4867604
2021-06-14 10:24:19,117.95,4867965
2021-06-14 10:24:23,117.95,4868026
2021-06-14 10:24:27,117.95,4868130
2021-06-14 10:24:31,117.95,4868675
2021-06-14 10:24:35,117.85,4870544
2021-06-14 10:24:39,117.85,4870544
2021-06-14 10:24:43,117.9,4871075
2021-06-14 10:24:47,117.85,4871146
2021-06-14 10:24:52,117.85,4872466
2021-06-14 10:24:56,117.9,4875359
2021-06-14 10:25:04,117.9,4877237
2021-06-14 10:25:08,117.85,4877240
2021-06-14 10:25:12,117.9,4877411
2021-06-14 10:25:16,117.85,4877703
2021-06-14 10:25:20,117.85,4879773
2021-06-14 10:25:23,117.95,4895957
2021-06-14 10:25:27,117.95,4896057
2021-06-14 10:25:32,117.95,4896808
2021-06-14 10:25:35,118.0,4898428
2021-06-14 10:25:39,117.95,4898813
2021-06-14 10:25:43,118.0,4898987
2021-06-14 10:25:47,118.0,4901522
2021-06-14 10:25:51,117.95,4901568
2021-06-14 10:25:55,117.95,4901868
2021-06-14 10:25:58,118.0,4902006
2021-06-14 10:26:02,118.0,4903098
2021-06-14 10:26:06,118.0,4903299
2021-06-14 10:26:10,117.95,4909045
2021-06-14 10:26:15,117.85,4923273
2021-06-14 10:26:19,117.85,4927558
2021-06-14 10:26:23,117.85,4927693
2021-06-14 10:26:27,117.8,4932680
2021-06-14 10:26:31,117.85,4932682
2021-06-14 10:26:35,117.85,4934218
2021-06-14 10:26:40,117.8,4934519
2021-06-14 10:26:44,117.85,4934526
2021-06-14 10:26:48,117.8,4938136
2021-06-14 10:26:51,117.75,4947072
2021-06-14 10:26:56,117.8,4947697
2021-06-14 10:27:00,117.8,4948016
2021-06-14 10:27:09,117.8,4960829
2021-06-14 10:27:13,117.9,4963902
2021-06-14 10:27:17,117.8,4964701
2021-06-14 10:27:21,117.85,4965011
2021-06-14 10:27:25,117.85,4965112
2021-06-14 10:27:29,117.85,4965413
2021-06-14 10:27:33,117.85,4965914
2021-06-14 10:27:37,117.85,4966360
2021-06-14 10:27:45,117.85,4973713
2021-06-14 10:27:49,117.8,4973723
2021-06-14 10:27:53,117.8,4973739
2021-06-14 10:27:57,117.8,4974128
2021-06-14 10:28:01,117.75,4974274
2021-06-14 10:28:06,117.75,4976395
2021-06-14 10:28:10,117.7,4977402
2021-06-14 10:28:14,117.75,4977465
2021-06-14 10:28:17,117.7,4979783
2021-06-14 10:28:21,117.75,4997090
2021-06-14 10:28:24,117.75,4997235
2021-06-14 10:28:28,117.75,4997727
2021-06-14 10:28:32,117.75,4997791
2021-06-14 10:28:36,117.65,4998673
2021-06-14 10:28:40,117.65,4998683
2021-06-14 10:28:44,117.65,4999864
2021-06-14 10:28:47,117.65,4999984
2021-06-14 10:28:51,117.7,5000495
2021-06-14 10:28:55,117.7,5000517
2021-06-14 10:29:02,117.75,5000547
2021-06-14 10:29:06,117.7,5000637
2021-06-14 10:29:09,117.7,5000737
2021-06-14 10:29:13,117.75,5001167
2021-06-14 10:29:16,117.65,5001178
2021-06-14 10:29:20,117.7,5001328
2021-06-14 10:29:24,117.7,5002291
2021-06-14 10:29:28,117.65,5002293
2021-06-14 10:29:31,117.7,5002463
2021-06-14 10:29:36,117.55,5012901
2021-06-14 10:29:39,117.5,5017186
2021-06-14 10:29:42,117.5,5017186
2021-06-14 10:29:46,117.5,5017187
2021-06-14 10:29:49,117.5,5021842
2021-06-14 10:29:53,117.6,5021843
2021-06-14 10:29:56,117.6,5022448
2021-06-14 10:30:00,117.55,5022548
2021-06-14 10:30:04,117.6,5022832
2021-06-14 10:30:08,117.65,5023066
2021-06-14 10:30:11,117.65,5023417
2021-06-14 10:30:15,117.7,5023418
2021-06-14 10:30:19,117.65,5024418
2021-06-14 10:30:24,117.7,5024422
2021-06-14 10:30:27,117.6,5024715
2021-06-14 10:30:31,117.6,5025996
2021-06-14 10:30:35,117.6,5026167
2021-06-14 10:30:38,117.6,5027199
2021-06-14 10:30:42,117.6,5027211
2021-06-14 10:30:45,117.6,5027231
2021-06-14 10:30:49,117.6,5027231
2021-06-14 10:30:53,117.65,5027681
2021-06-14 10:30:57,117.6,5028682
2021-06-14 10:31:00,117.65,5029455
2021-06-14 10:31:04,117.6,5029513
2021-06-14 10:31:08,117.6,5029590
2021-06-14 10:31:12,117.6,5029645
2021-06-14 10:31:16,117.65,5029896
2021-06-14 10:31:20,117.6,5030023
2021-06-14 10:31:24,117.65,5030040
2021-06-14 10:31:28,117.65,5030149
2021-06-14 10:31:32,117.65,5030208
2021-06-14 10:31:36,117.65,5030323
2021-06-14 10:31:40,117.65,5030331
2021-06-14 10:31:44,117.6,5030409
2021-06-14 10:31:49,117.65,5031609
2021-06-14 10:31:53,117.65,5031710
2021-06-14 10:31:57,117.65,5032720
2021-06-14 10:32:00,117.65,5032720
2021-06-14 10:32:04,117.6,5032919
2021-06-14 10:32:08,117.6,5032919
2021-06-14 10:32:11,117.6,5033076
2021-06-14 10:32:15,117.65,5034115
2021-06-14 10:32:20,117.65,5034515
2021-06-14 10:32:24,117.45,5069576
2021-06-14 10:32:28,117.45,5070566
2021-06-14 10:32:31,117.4,5070590
2021-06-14 10:32:35,117.4,5070687
2021-06-14 10:32:39,117.45,5071049
2021-06-14 10:32:43,117.4,5071463
2021-06-14 10:32:46,117.4,5072195
2021-06-14 10:32:50,117.4,5072200
2021-06-14 10:32:53,117.45,5072312
2021-06-14 10:32:57,117.4,5072870
2021-06-14 10:33:00,117.3,5136884
2021-06-14 10:33:04,117.15,5175012
2021-06-14 10:33:08,117.0,5219908
2021-06-14 10:33:12,117.05,5248747
2021-06-14 10:33:15,117.1,5252760
2021-06-14 10:33:19,117.2,5253024
2021-06-14 10:33:23,117.2,5253024
2021-06-14 10:33:27,117.2,5264261
2021-06-14 10:33:31,117.3,5266244
2021-06-14 10:33:35,117.3,5268380
2021-06-14 10:33:39,117.35,5268383
2021-06-14 10:33:42,117.3,5268645
2021-06-14 10:33:46,117.35,5268646
2021-06-14 10:33:50,117.3,5269776
2021-06-14 10:33:54,117.35,5270358
2021-06-14 10:33:57,117.4,5282386
2021-06-14 10:34:02,117.35,5289501
2021-06-14 10:34:06,117.4,5289959
2021-06-14 10:34:10,117.4,5290069
2021-06-14 10:34:14,117.4,5290179
2021-06-14 10:34:17,117.4,5290229
2021-06-14 10:34:21,117.4,5290344
2021-06-14 10:34:25,117.35,5292727
2021-06-14 10:34:30,117.35,5292834
2021-06-14 10:34:34,117.35,5295400
2021-06-14 10:34:37,117.2,5308631
2021-06-14 10:34:41,117.2,5309276
2021-06-14 10:34:45,117.3,5313806
2021-06-14 10:34:48,117.3,5314253
2021-06-14 10:34:52,117.35,5315701
2021-06-14 10:34:56,117.3,5316001
2021-06-14 10:35:00,117.35,5316008
2021-06-14 10:35:04,117.35,5316442
2021-06-14 10:35:07,117.35,5316742
2021-06-14 10:35:10,117.35,5316842
2021-06-14 10:35:14,117.4,5319873
2021-06-14 10:35:17,117.45,5319933
2021-06-14 10:35:21,117.4,5319953
2021-06-14 10:35:25,117.45,5319958
2021-06-14 10:35:28,117.4,5322738
2021-06-14 10:35:32,117.4,5322898
2021-06-14 10:35:36,117.4,5323925
2021-06-14 10:35:40,117.45,5324266
2021-06-14 10:35:43,117.4,5324491
2021-06-14 10:35:47,117.45,5324772
2021-06-14 10:35:51,117.45,5324812
2021-06-14 10:35:55,117.45,5325404
2021-06-14 10:35:59,117.45,5325604
2021-06-14 10:36:03,117.45,5325665
2021-06-14 10:36:06,117.4,5325767
2021-06-14 10:36:10,117.45,5325910
2021-06-14 10:36:13,117.6,5338269
2021-06-14 10:36:17,117.6,5338269
2021-06-14 10:36:21,117.55,5339269
2021-06-14 10:36:25,117.6,5340554
2021-06-14 10:36:28,117.55,5340594
2021-06-14 10:36:32,117.6,5340802
2021-06-14 10:36:36,117.55,5341463
2021-06-14 10:36:40,117.55,5341463
2021-06-14 10:36:43,117.55,5352955
2021-06-14 10:36:47,117.55,5352956
2021-06-14 10:36:50,117.5,5353016
2021-06-14 10:36:54,117.5,5353098
2021-06-14 10:36:58,117.55,5353129
2021-06-14 10:37:01,117.55,5353129
2021-06-14 10:37:05,117.55,5361830
2021-06-14 10:37:08,117.55,5361831
2021-06-14 10:37:12,117.6,5361841
2021-06-14 10:37:16,117.55,5362190
2021-06-14 10:37:19,117.6,5362192
2021-06-14 10:37:22,117.55,5362304
2021-06-14 10:37:26,117.55,5362387
2021-06-14 10:37:30,117.65,5363469
2021-06-14 10:37:34,117.65,5363528
2021-06-14 10:37:37,117.65,5363528
2021-06-14 10:37:41,117.6,5363710
2021-06-14 10:37:44,117.55,5363755
2021-06-14 10:37:47,117.6,5363785
2021-06-14 10:37:51,117.55,5363895
2021-06-14 10:37:54,117.55,5363907
2021-06-14 10:37:58,117.6,5364221
2021-06-14 10:38:01,117.6,5364221
2021-06-14 10:38:05,117.6,5364630
2021-06-14 10:38:08,117.6,5364652
2021-06-14 10:38:12,117.6,5364668
2021-06-14 10:38:16,117.6,5364869
2021-06-14 10:38:19,117.6,5365019
2021-06-14 10:38:23,117.6,5365219
2021-06-14 10:38:27,117.6,5365839
2021-06-14 10:38:32,117.55,5365911
2021-06-14 10:38:35,117.6,5366142
2021-06-14 10:38:39,117.55,5366148
2021-06-14 10:38:46,117.55,5366454
2021-06-14 10:38:49,117.6,5366485
2021-06-14 10:38:53,117.6,5366570
2021-06-14 10:38:57,117.55,5366670
2021-06-14 10:39:00,117.55,5366670
2021-06-14 10:39:04,117.6,5366830
2021-06-14 10:39:07,117.6,5366830
2021-06-14 10:39:10,117.55,5367011
2021-06-14 10:39:14,117.55,5367111
2021-06-14 10:39:18,117.55,5367317
2021-06-14 10:39:22,117.55,5368318
2021-06-14 10:39:26,117.55,5373668
2021-06-14 10:39:33,117.55,5374326
2021-06-14 10:39:37,117.55,5374481
2021-06-14 10:39:41,117.5,5374681
2021-06-14 10:39:45,117.5,5374942
2021-06-14 10:39:48,117.5,5374942
2021-06-14 10:39:51,117.55,5375043
2021-06-14 10:39:55,117.5,5375053
2021-06-14 10:39:58,117.55,5375058
2021-06-14 10:40:02,117.55,5375058
2021-06-14 10:40:05,117.5,5375746
2021-06-14 10:40:09,117.55,5381447
2021-06-14 10:40:12,117.55,5381646
2021-06-14 10:40:16,117.55,5381646
2021-06-14 10:40:20,117.55,5381838
2021-06-14 10:40:24,117.5,5381851
2021-06-14 10:40:28,117.55,5381961
2021-06-14 10:40:31,117.5,5381969
2021-06-14 10:40:35,117.55,5382027
2021-06-14 10:40:38,117.55,5382737
2021-06-14 10:40:42,117.5,5382779
2021-06-14 10:40:46,117.55,5382909
2021-06-14 10:40:49,117.5,5383952
2021-06-14 10:40:53,117.5,5384125
2021-06-14 10:40:57,117.55,5386238
2021-06-14 10:41:00,117.5,5386591
2021-06-14 10:41:04,117.55,5386649
2021-06-14 10:41:07,117.55,5387850
2021-06-14 10:41:10,117.55,5393560
2021-06-14 10:41:13,117.6,5412345
2021-06-14 10:41:17,117.6,5412345
2021-06-14 10:41:20,117.6,5412370
2021-06-14 10:41:24,117.6,5412504
2021-06-14 10:41:28,117.6,5412534
2021-06-14 10:41:32,117.65,5414042
2021-06-14 10:41:36,117.6,5414242
2021-06-14 10:41:40,117.65,5414607
2021-06-14 10:41:43,117.65,5414707
2021-06-14 10:41:47,117.65,5415015
2021-06-14 10:41:50,117.7,5418982
2021-06-14 10:41:54,117.65,5419008
2021-06-14 10:41:57,117.7,5419109
2021-06-14 10:42:01,117.65,5419220
2021-06-14 10:42:05,117.65,5419819
2021-06-14 10:42:09,117.65,5419880
2021-06-14 10:42:13,117.65,5420181
2021-06-14 10:42:17,117.65,5420184
2021-06-14 10:42:20,117.65,5420369
2021-06-14 10:42:24,117.7,5420421
2021-06-14 10:42:28,117.7,5426173
2021-06-14 10:42:31,117.7,5428367
2021-06-14 10:42:35,117.75,5429315
2021-06-14 10:42:38,117.7,5429662
2021-06-14 10:42:42,117.75,5430177
2021-06-14 10:42:45,117.7,5430440
2021-06-14 10:42:48,117.7,5430440
2021-06-14 10:42:51,117.7,5431302
2021-06-14 10:42:54,117.7,5432370
2021-06-14 10:42:57,117.7,5432370
2021-06-14 10:43:00,117.7,5432372
2021-06-14 10:43:04,117.75,5432480
2021-06-14 10:43:07,117.75,5432480
2021-06-14 10:43:12,117.75,5432481
2021-06-14 10:43:15,117.7,5435081
2021-06-14 10:43:19,117.7,5435082
2021-06-14 10:43:22,117.75,5435286
2021-06-14 10:43:26,117.7,5435486
2021-06-14 10:43:29,117.7,5435486
2021-06-14 10:43:33,117.7,5437572
2021-06-14 10:43:37,117.7,5437587
2021-06-14 10:43:40,117.7,5437687
2021-06-14 10:43:44,117.7,5438035
2021-06-14 10:43:47,117.7,5445365
2021-06-14 10:43:51,117.75,5445375
2021-06-14 10:43:54,117.7,5446023
2021-06-14 10:43:58,117.75,5446269
2021-06-14 10:44:01,117.7,5446369
2021-06-14 10:44:04,117.7,5446437
2021-06-14 10:44:07,117.75,5446637
2021-06-14 10:44:10,117.75,5446687
2021-06-14 10:44:13,117.7,5446863
2021-06-14 10:44:16,117.7,5446863
2021-06-14 10:44:19,117.75,5447863
2021-06-14 10:44:22,117.75,5447863
2021-06-14 10:44:25,117.75,5447863
2021-06-14 10:44:28,117.7,5449017
2021-06-14 10:44:32,117.7,5449067
2021-06-14 10:44:35,117.75,5449225
2021-06-14 10:44:38,117.75,5449225
2021-06-14 10:44:42,117.75,5449826
2021-06-14 10:44:45,117.7,5450302
2021-06-14 10:44:48,117.75,5450352
2021-06-14 10:44:51,117.75,5450352
2021-06-14 10:44:54,117.75,5450352
2021-06-14 10:44:57,117.7,5451346
2021-06-14 10:45:00,117.7,5451447
2021-06-14 10:45:04,117.65,5459610
2021-06-14 10:45:07,117.7,5460215
2021-06-14 10:45:10,117.75,5461137
2021-06-14 10:45:14,117.75,5461140
2021-06-14 10:45:17,117.75,5461140
2021-06-14 10:45:20,117.65,5461477
2021-06-14 10:45:23,117.65,5461677
2021-06-14 10:45:26,117.65,5461677
2021-06-14 10:45:29,117.65,5461687
2021-06-14 10:45:37,117.7,5462665
2021-06-14 10:45:41,117.65,5464166
2021-06-14 10:45:44,117.65,5468602
2021-06-14 10:45:48,117.6,5468702
2021-06-14 10:45:51,117.6,5468702
2021-06-14 10:45:54,117.6,5468707
2021-06-14 10:45:57,117.6,5470917
2021-06-14 10:46:00,117.65,5470918
2021-06-14 10:46:04,117.6,5471126
2021-06-14 10:46:07,117.55,5472860
2021-06-14 10:46:11,117.6,5472900
2021-06-14 10:46:15,117.6,5475178
2021-06-14 10:46:19,117.6,5475279
2021-06-14 10:46:23,117.55,5475979
2021-06-14 10:46:27,117.55,5476762
2021-06-14 10:46:30,117.55,5481077
2021-06-14 10:46:34,117.6,5481270
2021-06-14 10:46:37,117.55,5482856
2021-06-14 10:46:41,117.6,5484456
2021-06-14 10:46:45,117.55,5486362
2021-06-14 10:46:48,117.6,5486413
2021-06-14 10:46:55,117.55,5486562
2021-06-14 10:46:59,117.5,5486627
2021-06-14 10:47:03,117.6,5486685
2021-06-14 10:47:06,117.6,5486685
2021-06-14 10:47:10,117.5,5486709
2021-06-14 10:47:13,117.6,5486711
2021-06-14 10:47:16,117.6,5486712
2021-06-14 10:47:20,117.5,5486912
2021-06-14 10:47:23,117.5,5487422
2021-06-14 10:47:26,117.5,5487622
2021-06-14 10:47:29,117.5,5487674
2021-06-14 10:47:33,117.55,5487731
2021-06-14 10:47:36,117.55,5487731
2021-06-14 10:47:40,117.55,5487989
2021-06-14 10:47:44,117.5,5499073
2021-06-14 10:47:48,117.55,5499125
2021-06-14 10:47:51,117.55,5499125
2021-06-14 10:47:54,117.55,5499130
2021-06-14 10:47:57,117.55,5499130
2021-06-14 10:48:00,117.55,5499130
2021-06-14 10:48:04,117.5,5499200
2021-06-14 10:48:07,117.55,5499797
2021-06-14 10:48:11,117.5,5499847
2021-06-14 10:48:14,117.55,5499898
2021-06-14 10:48:17,117.5,5500298
2021-06-14 10:48:20,117.5,5500298
2021-06-14 10:48:23,117.5,5500683
2021-06-14 10:48:26,117.55,5500690
2021-06-14 10:48:30,117.55,5500741
2021-06-14 10:48:33,117.55,5501100
2021-06-14 10:48:36,117.55,5501111
2021-06-14 10:48:39,117.55,5501111
2021-06-14 10:48:42,117.55,5501295
2021-06-14 10:48:45,117.55,5501315
2021-06-14 10:48:48,117.55,5502492
2021-06-14 10:48:52,117.55,5502924
2021-06-14 10:48:55,117.55,5502934
2021-06-14 10:48:59,117.55,5502984
2021-06-14 10:49:02,117.55,5503123
2021-06-14 10:49:06,117.55,5503294
2021-06-14 10:49:09,117.55,5503314
2021-06-14 10:49:13,117.55,5503455
2021-06-14 10:49:16,117.5,5503855
2021-06-14 10:49:19,117.5,5503855
2021-06-14 10:49:22,117.5,5504185
2021-06-14 10:49:26,117.5,5504185
2021-06-14 10:49:29,117.5,5504297
2021-06-14 10:49:32,117.55,5504360
2021-06-14 10:49:36,117.5,5505050
2021-06-14 10:49:39,117.5,5505272
2021-06-14 10:49:43,117.5,5505272
2021-06-14 10:49:46,117.55,5505473
2021-06-14 10:49:50,117.5,5510769
2021-06-14 10:49:53,117.5,5511055
2021-06-14 10:49:57,117.5,5515055
2021-06-14 10:50:00,117.55,5515060
2021-06-14 10:50:03,117.5,5515293
2021-06-14 10:50:07,117.5,5515380
2021-06-14 10:50:10,117.55,5515381
2021-06-14 10:50:14,117.55,5515381
2021-06-14 10:50:17,117.55,5515381
2021-06-14 10:50:20,117.5,5515511
2021-06-14 10:50:24,117.55,5515514
2021-06-14 10:50:27,117.55,5519103
2021-06-14 10:50:31,117.55,5520846
2021-06-14 10:50:34,117.6,5520903
2021-06-14 10:50:37,117.55,5520905
2021-06-14 10:50:40,117.55,5521915
2021-06-14 10:50:43,117.6,5522015
2021-06-14 10:50:46,117.55,5522265
2021-06-14 10:50:49,117.55,5522277
2021-06-14 10:50:52,117.55,5522277
2021-06-14 10:50:55,117.55,5522278
2021-06-14 10:50:58,117.55,5522288
2021-06-14 10:51:01,117.55,5522568
2021-06-14 10:51:04,117.6,5522633
2021-06-14 10:51:07,117.55,5523643
2021-06-14 10:51:14,117.6,5523778
2021-06-14 10:51:18,117.55,5523788
2021-06-14 10:51:21,117.55,5523788
2021-06-14 10:51:24,117.6,5523990
2021-06-14 10:51:28,117.55,5524990
2021-06-14 10:51:31,117.55,5524990
2021-06-14 10:51:34,117.6,5525048
2021-06-14 10:51:38,117.6,5525048
2021-06-14 10:51:41,117.55,5525049
2021-06-14 10:51:44,117.6,5525054
2021-06-14 10:51:48,117.6,5525054
2021-06-14 10:51:52,117.6,5525054
2021-06-14 10:51:55,117.6,5525176
2021-06-14 10:51:59,117.55,5525201
2021-06-14 10:52:03,117.55,5545658
2021-06-14 10:52:06,117.55,5545664
2021-06-14 10:52:10,117.55,5545684
2021-06-14 10:52:14,117.55,5545693
2021-06-14 10:52:17,117.55,5545693
2021-06-14 10:52:20,117.55,5545743
2021-06-14 10:52:24,117.55,5545743
2021-06-14 10:52:27,117.55,5545963
2021-06-14 10:52:30,117.5,5545968
2021-06-14 10:52:33,117.55,5546026
2021-06-14 10:52:36,117.55,5546030
2021-06-14 10:52:39,117.55,5546250
2021-06-14 10:52:42,117.55,5548280
2021-06-14 10:52:46,117.55,5548293
2021-06-14 10:52:49,117.55,5548438
2021-06-14 10:52:52,117.5,5553438
2021-06-14 10:52:55,117.5,5553914
2021-06-14 10:52:58,117.5,5553914
2021-06-14 10:53:01,117.6,5553966
2021-06-14 10:53:04,117.6,5555477
2021-06-14 10:53:07,117.55,5555502
2021-06-14 10:53:11,117.55,5555502
2021-06-14 10:53:14,117.55,5555502
2021-06-14 10:53:17,117.55,5555542
2021-06-14 10:53:20,117.6,5556543
2021-06-14 10:53:24,117.6,5556544
2021-06-14 10:53:28,117.6,5556550
2021-06-14 10:53:31,117.55,5556551
2021-06-14 10:53:35,117.6,5556758
2021-06-14 10:53:38,117.55,5557458
2021-06-14 10:53:41,117.55,5557458
2021-06-14 10:53:45,117.55,5557491
2021-06-14 10:53:48,117.6,5557991
2021-06-14 10:53:51,117.6,5557991
2021-06-14 10:53:54,117.6,5557996
2021-06-14 10:53:57,117.6,5557996
2021-06-14 10:54:00,117.55,5558006
2021-06-14 10:54:03,117.6,5558065
2021-06-14 10:54:07,117.6,5558366
2021-06-14 10:54:10,117.6,5562367
2021-06-14 10:54:14,117.55,5563370
2021-06-14 10:54:18,117.6,5563390
2021-06-14 10:54:21,117.6,5563418
2021-06-14 10:54:24,117.6,5563459
2021-06-14 10:54:27,117.55,5563470
2021-06-14 10:54:31,117.6,5563780
2021-06-14 10:54:34,117.6,5563837
2021-06-14 10:54:37,117.55,5563867
2021-06-14 10:54:40,117.55,5563917
2021-06-14 10:54:43,117.55,5563917
2021-06-14 10:54:46,117.55,5563917
2021-06-14 10:54:49,117.55,5564022
2021-06-14 10:54:52,117.6,5564027
2021-06-14 10:54:56,117.6,5565055
2021-06-14 10:55:00,117.55,5565279
2021-06-14 10:55:04,117.55,5565366
2021-06-14 10:55:07,117.55,5571166
2021-06-14 10:55:11,117.55,5571202
2021-06-14 10:55:14,117.45,5655747
2021-06-14 10:55:18,117.5,5671880
2021-06-14 10:55:22,117.45,5677594
2021-06-14 10:55:26,117.45,5677600
2021-06-14 10:55:30,117.4,5683400
2021-06-14 10:55:34,117.5,5683758
2021-06-14 10:55:38,117.5,5683758
2021-06-14 10:55:41,117.4,5683761
2021-06-14 10:55:45,117.4,5683811
2021-06-14 10:55:48,117.45,5683812
2021-06-14 10:55:51,117.4,5684619
2021-06-14 10:55:54,117.35,5685119
2021-06-14 10:55:57,117.4,5685720
2021-06-14 10:56:00,117.45,5686220
2021-06-14 10:56:03,117.35,5686286
2021-06-14 10:56:06,117.35,5686286
2021-06-14 10:56:09,117.4,5686287
2021-06-14 10:56:13,117.4,5686293
2021-06-14 10:56:17,117.35,5687901
2021-06-14 10:56:20,117.3,5687951
2021-06-14 10:56:23,117.35,5690000
2021-06-14 10:56:26,117.35,5690570
2021-06-14 10:56:30,117.35,5690683
2021-06-14 10:56:33,117.35,5690842
2021-06-14 10:56:36,117.35,5690975
2021-06-14 10:56:39,117.35,5691481
2021-06-14 10:56:43,117.35,5691531
2021-06-14 10:56:46,117.35,5694428
2021-06-14 10:56:50,117.35,5694735
2021-06-14 10:56:54,117.35,5694735
2021-06-14 10:56:57,117.3,5725290
2021-06-14 10:57:00,117.3,5725340
2021-06-14 10:57:07,117.35,5727049
2021-06-14 10:57:10,117.3,5728253
2021-06-14 10:57:14,117.35,5728323
2021-06-14 10:57:17,117.35,5728723
2021-06-14 10:57:20,117.35,5728723
2021-06-14 10:57:23,117.3,5728829
2021-06-14 10:57:26,117.35,5728844
2021-06-14 10:57:29,117.3,5728958
2021-06-14 10:57:32,117.35,5729159
2021-06-14 10:57:35,117.35,5729216
2021-06-14 10:57:38,117.35,5729216
2021-06-14 10:57:41,117.3,5729564
2021-06-14 10:57:45,117.35,5729584
2021-06-14 10:57:48,117.3,5729675
2021-06-14 10:57:52,117.3,5729675
2021-06-14 10:57:55,117.3,5729675
2021-06-14 10:57:58,117.3,5729676
2021-06-14 10:58:05,117.35,5729942
2021-06-14 10:58:08,117.35,5731103
2021-06-14 10:58:11,117.3,5731133
2021-06-14 10:58:14,117.3,5731168
2021-06-14 10:58:17,117.3,5731231
2021-06-14 10:58:20,117.35,5731445
2021-06-14 10:58:24,117.35,5733869
2021-06-14 10:58:27,117.35,5733869
2021-06-14 10:58:30,117.35,5733905
2021-06-14 10:58:36,117.3,5734213
2021-06-14 10:58:40,117.35,5734263
2021-06-14 10:58:43,117.3,5734386
2021-06-14 10:58:46,117.35,5734396
2021-06-14 10:58:48,117.35,5734396
2021-06-14 10:58:52,117.3,5735401
2021-06-14 10:58:55,117.3,5735401
2021-06-14 10:58:59,117.3,5735402
2021-06-14 10:59:02,117.35,5735509
2021-06-14 10:59:05,117.3,5735568
2021-06-14 10:59:09,117.3,5735683
2021-06-14 10:59:12,117.35,5735783
2021-06-14 10:59:15,117.3,5737150
2021-06-14 10:59:19,117.3,5737350
2021-06-14 10:59:22,117.3,5737370
2021-06-14 10:59:26,117.3,5737389
2021-06-14 10:59:29,117.35,5740918
2021-06-14 10:59:32,117.35,5741100
2021-06-14 10:59:36,117.35,5741200
2021-06-14 10:59:39,117.35,5741355
2021-06-14 10:59:42,117.35,5741355
2021-06-14 10:59:45,117.35,5741405
2021-06-14 10:59:49,117.35,5742706
2021-06-14 10:59:52,117.35,5742731
2021-06-14 10:59:55,117.35,5742732
2021-06-14 10:59:59,117.35,5742735
2021-06-14 11:00:03,117.4,5742795
2021-06-14 11:00:07,117.4,5742805
2021-06-14 11:00:10,117.4,5743430
2021-06-14 11:00:13,117.4,5743618
2021-06-14 11:00:17,117.35,5743623
2021-06-14 11:00:20,117.35,5744053
2021-06-14 11:00:23,117.35,5744064
2021-06-14 11:00:27,117.35,5744064
2021-06-14 11:00:30,117.4,5744068
2021-06-14 11:00:33,117.35,5744426
2021-06-14 11:00:36,117.35,5744428
2021-06-14 11:00:39,117.4,5744433
2021-06-14 11:00:42,117.35,5744435
2021-06-14 11:00:45,117.35,5744441
2021-06-14 11:00:48,117.35,5744442
2021-06-14 11:00:51,117.35,5744442
2021-06-14 11:00:55,117.4,5746078
2021-06-14 11:00:58,117.35,5747009
2021-06-14 11:01:02,117.3,5747512
2021-06-14 11:01:06,117.4,5748071
2021-06-14 11:01:10,117.4,5748071
2021-06-14 11:01:14,117.35,5748078
2021-06-14 11:01:17,117.35,5748118
2021-06-14 11:01:20,117.35,5748253
2021-06-14 11:01:23,117.35,5748409
2021-06-14 11:01:27,117.35,5748410
2021-06-14 11:01:31,117.35,5748518
2021-06-14 11:01:34,117.4,5748776
2021-06-14 11:01:38,117.4,5748776
2021-06-14 11:01:41,117.4,5748976
2021-06-14 11:01:44,117.35,5749076
2021-06-14 11:01:47,117.35,5749078
2021-06-14 11:01:51,117.35,5749078
2021-06-14 11:01:54,117.4,5749174
2021-06-14 11:01:57,117.4,5749774
2021-06-14 11:02:00,117.35,5749850
2021-06-14 11:02:03,117.4,5749948
2021-06-14 11:02:06,117.4,5749953
2021-06-14 11:02:09,117.35,5749968
2021-06-14 11:02:12,117.35,5749968
2021-06-14 11:02:15,117.4,5749969
2021-06-14 11:02:18,117.4,5749979
2021-06-14 11:02:21,117.4,5750099
2021-06-14 11:02:24,117.35,5750163
2021-06-14 11:02:27,117.35,5750163
2021-06-14 11:02:30,117.35,5750213
2021-06-14 11:02:36,117.35,5750330
2021-06-14 11:02:39,117.4,5750422
2021-06-14 11:02:43,117.35,5751422
2021-06-14 11:02:46,117.35,5751423
2021-06-14 11:02:49,117.4,5751478
2021-06-14 11:02:52,117.35,5751498
2021-06-14 11:02:55,117.4,5751506
2021-06-14 11:02:58,117.4,5751506
2021-06-14 11:03:02,117.4,5751519
2021-06-14 11:03:05,117.35,5752054
2021-06-14 11:03:09,117.35,5752054
2021-06-14 11:03:12,117.35,5752054
2021-06-14 11:03:15,117.35,5752067
2021-06-14 11:03:19,117.4,5752267
2021-06-14 11:03:22,117.35,5752292
2021-06-14 11:03:26,117.35,5752329
2021-06-14 11:03:33,117.4,5752419
2021-06-14 11:03:36,117.4,5752419
2021-06-14 11:03:40,117.35,5752935
2021-06-14 11:03:43,117.35,5752935
2021-06-14 11:03:46,117.35,5752990
2021-06-14 11:03:48,117.4,5753075
2021-06-14 11:03:51,117.35,5753425
2021-06-14 11:03:54,117.35,5753952
2021-06-14 11:03:57,117.35,5754848
2021-06-14 11:04:00,117.35,5754848
2021-06-14 11:04:03,117.3,5754957
2021-06-14 11:04:06,117.3,5754982
2021-06-14 11:04:08,117.35,5755032
2021-06-14 11:04:11,117.35,5755033
2021-06-14 11:04:15,117.35,5755033
2021-06-14 11:04:18,117.3,5755034
2021-06-14 11:04:22,117.3,5755089
2021-06-14 11:04:25,117.3,5755091
2021-06-14 11:04:28,117.3,5755242
2021-06-14 11:04:31,117.3,5760742
2021-06-14 11:04:34,117.35,5760800
2021-06-14 11:04:37,117.3,5760825
2021-06-14 11:04:40,117.3,5760825
2021-06-14 11:04:43,117.3,5760833
2021-06-14 11:04:45,117.3,5760833
2021-06-14 11:04:49,117.3,5760903
2021-06-14 11:04:52,117.35,5761066
2021-06-14 11:04:56,117.35,5761376
2021-06-14 11:04:59,117.3,5763476
2021-06-14 11:05:02,117.35,5763534
2021-06-14 11:05:06,117.3,5764133
2021-06-14 11:05:09,117.35,5764134
2021-06-14 11:05:12,117.3,5764434
2021-06-14 11:05:15,117.3,5764434
2021-06-14 11:05:18,117.3,5764478
2021-06-14 11:05:21,117.35,5764479
2021-06-14 11:05:24,117.3,5764481
2021-06-14 11:05:27,117.3,5764487
2021-06-14 11:05:29,117.3,5764487
2021-06-14 11:05:32,117.35,5764489
2021-06-14 11:05:34,117.35,5764555
2021-06-14 11:05:37,117.3,5764905
2021-06-14 11:05:40,117.35,5764906
2021-06-14 11:05:43,117.35,5765506
2021-06-14 11:05:46,117.25,5768627
2021-06-14 11:05:49,117.25,5768629
2021-06-14 11:05:53,117.25,5768629
2021-06-14 11:05:56,117.25,5769151
2021-06-14 11:05:59,117.25,5769201
2021-06-14 11:06:02,117.25,5769766
2021-06-14 11:06:05,117.3,5769825
2021-06-14 11:06:08,117.3,5769827
2021-06-14 11:06:11,117.35,5770028
2021-06-14 11:06:14,117.35,5770028
2021-06-14 11:06:17,117.3,5770311
2021-06-14 11:06:21,117.3,5770314
2021-06-14 11:06:24,117.35,5770334
2021-06-14 11:06:26,117.3,5770400
2021-06-14 11:06:29,117.3,5770401
2021-06-14 11:06:33,117.35,5770459
2021-06-14 11:06:36,117.35,5770474
2021-06-14 11:06:38,117.3,5770974
2021-06-14 11:06:41,117.25,5771974
2021-06-14 11:06:45,117.3,5772094
2021-06-14 11:06:48,117.25,5772096
2021-06-14 11:06:51,117.25,5772207
2021-06-14 11:06:54,117.3,5772262
2021-06-14 11:06:57,117.25,5772267
2021-06-14 11:07:04,117.25,5774483
2021-06-14 11:07:11,117.25,5774583
2021-06-14 11:07:16,117.3,5774584
2021-06-14 11:07:19,117.25,5797115
2021-06-14 11:07:23,117.25,5797234
2021-06-14 11:07:26,117.25,5797536
2021-06-14 11:07:29,117.25,5806421
2021-06-14 11:07:33,117.3,5807754
2021-06-14 11:07:36,117.2,5807830
2021-06-14 11:07:43,117.2,5807923
2021-06-14 11:07:46,117.3,5808035
2021-06-14 11:07:49,117.3,5808135
2021-06-14 11:07:52,117.15,5808286
2021-06-14 11:07:56,117.15,5808312
2021-06-14 11:08:00,117.25,5808898
2021-06-14 11:08:04,117.25,5808971
2021-06-14 11:08:08,117.25,5809973
2021-06-14 11:08:11,117.25,5809973
2021-06-14 11:08:14,117.25,5809973
2021-06-14 11:08:18,117.2,5810174
2021-06-14 11:08:21,117.2,5810199
2021-06-14 11:08:25,117.15,5810799
2021-06-14 11:08:28,117.2,5810816
2021-06-14 11:08:31,117.2,5810816
2021-06-14 11:08:34,117.2,5810874
2021-06-14 11:08:38,117.15,5810880
2021-06-14 11:08:42,117.2,5811088
2021-06-14 11:08:45,117.2,5811339
2021-06-14 11:08:48,117.2,5811344
2021-06-14 11:08:51,117.15,5811515
2021-06-14 11:08:55,117.2,5811625
2021-06-14 11:08:59,117.15,5812581
2021-06-14 11:09:03,117.2,5812905
2021-06-14 11:09:06,117.25,5816565
2021-06-14 11:09:09,117.25,5816647
2021-06-14 11:09:13,117.25,5816668
2021-06-14 11:09:16,117.25,5816689
2021-06-14 11:09:20,117.25,5816744
2021-06-14 11:09:23,117.25,5816764
2021-06-14 11:09:27,117.25,5816764
2021-06-14 11:09:29,117.25,5816846
2021-06-14 11:09:32,117.25,5816904
2021-06-14 11:09:35,117.15,5817505
2021-06-14 11:09:39,117.25,5818317
2021-06-14 11:09:42,117.25,5818317
2021-06-14 11:09:45,117.2,5818322
2021-06-14 11:09:49,117.15,5818507
2021-06-14 11:09:52,117.2,5818508
2021-06-14 11:09:55,117.15,5818553
2021-06-14 11:09:58,117.2,5818574
2021-06-14 11:10:01,117.2,5818634
2021-06-14 11:10:04,117.2,5818793
2021-06-14 11:10:08,117.2,5818793
2021-06-14 11:10:11,117.2,5818793
2021-06-14 11:10:14,117.2,5818793
2021-06-14 11:10:17,117.15,5822361
2021-06-14 11:10:20,117.2,5822366
2021-06-14 11:10:23,117.2,5822716
2021-06-14 11:10:27,117.15,5822724
2021-06-14 11:10:30,117.15,5822724
2021-06-14 11:10:36,117.2,5823436
2021-06-14 11:10:40,117.15,5823587
2021-06-14 11:10:43,117.2,5823648
2021-06-14 11:10:46,117.15,5823658
2021-06-14 11:10:48,117.15,5823658
2021-06-14 11:10:51,117.15,5823880
2021-06-14 11:10:55,117.15,5824033
2021-06-14 11:10:58,117.2,5824384
2021-06-14 11:11:01,117.2,5824405
2021-06-14 11:11:08,117.15,5824663
2021-06-14 11:11:11,117.15,5826333
2021-06-14 11:11:14,117.15,5827133
2021-06-14 11:11:17,117.15,5827133
2021-06-14 11:11:20,117.15,5827134
2021-06-14 11:11:24,117.15,5829643
2021-06-14 11:11:28,117.15,5829643
2021-06-14 11:11:31,117.25,5829874
2021-06-14 11:11:35,117.2,5830052
2021-06-14 11:11:38,117.25,5830054
2021-06-14 11:11:42,117.25,5830404
2021-06-14 11:11:45,117.15,5831431
2021-06-14 11:11:48,117.2,5831436
2021-06-14 11:11:51,117.2,5831537
2021-06-14 11:11:54,117.15,5831931
2021-06-14 11:11:57,117.15,5831936
2021-06-14 11:12:00,117.15,5831962
2021-06-14 11:12:03,117.25,5832021
2021-06-14 11:12:06,117.15,5832422
2021-06-14 11:12:09,117.2,5832424
2021-06-14 11:12:12,117.2,5832424
2021-06-14 11:12:15,117.2,5832424
2021-06-14 11:12:18,117.2,5832444
2021-06-14 11:12:21,117.3,5833444
2021-06-14 11:12:24,117.3,5833444
2021-06-14 11:12:27,117.25,5834526
2021-06-14 11:12:30,117.3,5834651
2021-06-14 11:12:34,117.3,5834708
2021-06-14 11:12:37,117.3,5835709
2021-06-14 11:12:40,117.3,5835714
2021-06-14 11:12:43,117.25,5835744
2021-06-14 11:12:47,117.25,5836018
2021-06-14 11:12:51,117.25,5836072
2021-06-14 11:12:55,117.3,5836077
2021-06-14 11:12:59,117.3,5836077
2021-06-14 11:13:02,117.3,5836138
2021-06-14 11:13:06,117.3,5847562
2021-06-14 11:13:09,117.4,5853944
2021-06-14 11:13:12,117.3,5853949
2021-06-14 11:13:16,117.3,5854029
2021-06-14 11:13:19,117.4,5854679
2021-06-14 11:13:23,117.35,5854688
2021-06-14 11:13:27,117.35,5854858
2021-06-14 11:13:31,117.4,5856236
2021-06-14 11:13:34,117.45,5856333
2021-06-14 11:13:38,117.45,5856343
2021-06-14 11:13:42,117.45,5856394
2021-06-14 11:13:45,117.45,5856394
2021-06-14 11:13:49,117.4,5860353
2021-06-14 11:13:52,117.45,5860364
2021-06-14 11:13:55,117.45,5860364
2021-06-14 11:13:58,117.45,5860364
2021-06-14 11:14:01,117.45,5860364
2021-06-14 11:14:05,117.45,5860433
2021-06-14 11:14:08,117.45,5861202
2021-06-14 11:14:12,117.5,5865034
2021-06-14 11:14:15,117.55,5865103
2021-06-14 11:14:19,117.5,5868379
2021-06-14 11:14:23,117.5,5868555
2021-06-14 11:14:27,117.45,5868566
2021-06-14 11:14:30,117.5,5868596
2021-06-14 11:14:33,117.45,5869037
2021-06-14 11:14:37,117.45,5869172
2021-06-14 11:14:41,117.45,5869189
2021-06-14 11:14:44,117.45,5869189
2021-06-14 11:14:47,117.45,5869189
2021-06-14 11:14:51,117.5,5869709
2021-06-14 11:14:54,117.5,5869709
2021-06-14 11:14:58,117.45,5869717
2021-06-14 11:15:02,117.45,5869732
2021-06-14 11:15:05,117.5,5869992
2021-06-14 11:15:08,117.45,5869998
2021-06-14 11:15:12,117.55,5875278
2021-06-14 11:15:15,117.6,5881275
2021-06-14 11:15:18,117.6,5881276
2021-06-14 11:15:22,117.6,5881276
2021-06-14 11:15:25,117.6,5881311
2021-06-14 11:15:28,117.6,5881318
2021-06-14 11:15:31,117.6,5881328
2021-06-14 11:15:34,117.6,5881667
2021-06-14 11:15:36,117.65,5887660
2021-06-14 11:15:39,117.65,5887684
2021-06-14 11:15:42,117.65,5887685
2021-06-14 11:15:46,117.65,5887685
2021-06-14 11:15:49,117.55,5891158
2021-06-14 11:15:52,117.55,5891162
2021-06-14 11:15:55,117.6,5891213
2021-06-14 11:15:58,117.55,5892212
2021-06-14 11:16:01,117.55,5892212
2021-06-14 11:16:04,117.55,5892303
2021-06-14 11:16:07,117.65,5893803
2021-06-14 11:16:10,117.6,5893824
2021-06-14 11:16:13,117.6,5893824
2021-06-14 11:16:16,117.6,5893824
2021-06-14 11:16:19,117.55,5894430
2021-06-14 11:16:22,117.55,5894430
2021-06-14 11:16:25,117.6,5894530
2021-06-14 11:16:28,117.55,5894603
2021-06-14 11:16:31,117.55,5894803
2021-06-14 11:16:33,117.6,5894911
2021-06-14 11:16:36,117.6,5894912
2021-06-14 11:16:40,117.6,5895013
2021-06-14 11:16:43,117.6,5895013
2021-06-14 11:16:46,117.6,5895013
2021-06-14 11:16:49,117.6,5895014
2021-06-14 11:16:53,117.6,5895019
2021-06-14 11:16:56,117.55,5895059
2021-06-14 11:16:59,117.6,5895449
2021-06-14 11:17:02,117.6,5895450
2021-06-14 11:17:05,117.6,5895518
2021-06-14 11:17:08,117.6,5895518
2021-06-14 11:17:10,117.55,5895569
2021-06-14 11:17:13,117.7,5916494
2021-06-14 11:17:16,117.7,5916494
2021-06-14 11:17:18,117.7,5922195
2021-06-14 11:17:21,117.7,5922195
2021-06-14 11:17:24,117.7,5922195
2021-06-14 11:17:26,117.65,5922213
2021-06-14 11:17:29,117.7,5922383
2021-06-14 11:17:33,117.7,5922441
2021-06-14 11:17:36,117.7,5922461
2021-06-14 11:17:40,117.65,5923526
2021-06-14 11:17:43,117.7,5923528
2021-06-14 11:17:45,117.65,5923558
2021-06-14 11:17:48,117.65,5923558
2021-06-14 11:17:51,117.65,5923559
2021-06-14 11:17:54,117.65,5923742
2021-06-14 11:17:57,117.6,5925524
2021-06-14 11:17:59,117.6,5925524
2021-06-14 11:18:02,117.65,5925583
2021-06-14 11:18:06,117.65,5925752
2021-06-14 11:18:09,117.65,5925893
2021-06-14 11:18:16,117.6,5928509
2021-06-14 11:18:20,117.55,5928784
2021-06-14 11:18:23,117.55,5928784
2021-06-14 11:18:26,117.55,5928784
2021-06-14 11:18:30,117.6,5928991
2021-06-14 11:18:33,117.6,5929059
2021-06-14 11:18:36,117.6,5929059
2021-06-14 11:18:39,117.6,5929385
2021-06-14 11:18:42,117.6,5929393
2021-06-14 11:18:45,117.6,5929393
2021-06-14 11:18:48,117.55,5929402
2021-06-14 11:18:51,117.6,5929411
2021-06-14 11:18:54,117.55,5929612
2021-06-14 11:18:57,117.6,5929962
2021-06-14 11:19:00,117.6,5930412
2021-06-14 11:19:03,117.6,5930470
2021-06-14 11:19:06,117.55,5936215
2021-06-14 11:19:09,117.6,5937037
2021-06-14 11:19:12,117.55,5937141
2021-06-14 11:19:15,117.55,5937192
2021-06-14 11:19:18,117.6,5937193
2021-06-14 11:19:21,117.55,5937600
2021-06-14 11:19:24,117.55,5937760
2021-06-14 11:19:27,117.55,5937760
2021-06-14 11:19:30,117.55,5937760
2021-06-14 11:19:33,117.6,5937818
2021-06-14 11:19:36,117.55,5937863
2021-06-14 11:19:42,117.6,5937874
2021-06-14 11:19:45,117.6,5937904
2021-06-14 11:19:48,117.55,5937905
2021-06-14 11:19:51,117.6,5937908
2021-06-14 11:19:54,117.55,5937918
2021-06-14 11:19:57,117.6,5937928
2021-06-14 11:19:59,117.6,5937928
2021-06-14 11:20:02,117.6,5937996
2021-06-14 11:20:05,117.6,5937996
2021-06-14 11:20:09,117.6,5938142
2021-06-14 11:20:12,117.55,5941261
2021-06-14 11:20:15,117.6,5941262
2021-06-14 11:20:19,117.55,5941376
2021-06-14 11:20:22,117.55,5945351
2021-06-14 11:20:26,117.55,5945351
2021-06-14 11:20:29,117.5,5945374
2021-06-14 11:20:33,117.55,5945573
2021-06-14 11:20:36,117.5,5945628
2021-06-14 11:20:39,117.55,5945729
2021-06-14 11:20:42,117.5,5947231
2021-06-14 11:20:45,117.5,5948731
2021-06-14 11:20:47,117.5,5948731
2021-06-14 11:20:50,117.5,5948731
2021-06-14 11:20:53,117.5,5948796
2021-06-14 11:20:55,117.5,5949819
2021-06-14 11:20:58,117.55,5950201
2021-06-14 11:21:01,117.5,5950203
2021-06-14 11:21:04,117.5,5950288
2021-06-14 11:21:07,117.5,5950288
2021-06-14 11:21:10,117.55,5950309
2021-06-14 11:21:13,117.55,5950546
2021-06-14 11:21:16,117.55,5952296
2021-06-14 11:21:19,117.55,5953348
2021-06-14 11:21:22,117.55,5953348
2021-06-14 11:21:25,117.55,5953349
2021-06-14 11:21:27,117.55,5953351
2021-06-14 11:21:30,117.55,5953876
2021-06-14 11:21:33,117.55,5953934
2021-06-14 11:21:36,117.55,5953934
2021-06-14 11:21:39,117.55,5953934
2021-06-14 11:21:42,117.55,5954134
2021-06-14 11:21:45,117.5,5954154
2021-06-14 11:21:49,117.55,5956827
2021-06-14 11:21:52,117.55,5956837
2021-06-14 11:21:55,117.55,5957039
2021-06-14 11:22:03,117.55,5957072
2021-06-14 11:22:07,117.55,5957075
2021-06-14 11:22:09,117.55,5957397
2021-06-14 11:22:13,117.5,5957398
2021-06-14 11:22:16,117.55,5957898
2021-06-14 11:22:19,117.55,5957898
2021-06-14 11:22:22,117.5,5957998
2021-06-14 11:22:24,117.55,5957999
2021-06-14 11:22:27,117.55,5957999
2021-06-14 11:22:30,117.5,5958099
2021-06-14 11:22:34,117.5,5958979
2021-06-14 11:22:37,117.5,5958979
2021-06-14 11:22:40,117.5,5958981
2021-06-14 11:22:43,117.5,5958981
2021-06-14 11:22:46,117.45,5959051
2021-06-14 11:22:49,117.45,5959131
2021-06-14 11:22:52,117.45,5959283
2021-06-14 11:22:55,117.5,5959289
2021-06-14 11:22:58,117.5,5959289
2021-06-14 11:23:00,117.45,5959408
2021-06-14 11:23:03,117.45,5959408
2021-06-14 11:23:06,117.45,5959408
2021-06-14 11:23:09,117.5,5959933
2021-06-14 11:23:12,117.5,5959933
2021-06-14 11:23:15,117.5,5959937
2021-06-14 11:23:18,117.45,5959987
2021-06-14 11:23:20,117.5,5960838
2021-06-14 11:23:23,117.5,5961169
2021-06-14 11:23:26,117.5,5961171
2021-06-14 11:23:28,117.45,5963446
2021-06-14 11:23:31,117.45,5963466
2021-06-14 11:23:34,117.45,5963466
2021-06-14 11:23:37,117.45,5963466
2021-06-14 11:23:39,117.45,5963466
2021-06-14 11:23:42,117.45,5963466
2021-06-14 11:23:45,117.45,5963467
2021-06-14 11:23:48,117.45,5963467
2021-06-14 11:23:51,117.4,5964001
2021-06-14 11:23:54,117.4,5964001
2021-06-14 11:23:57,117.45,5964005
2021-06-14 11:24:00,117.4,5964063
2021-06-14 11:24:03,117.4,5964256
2021-06-14 11:24:05,117.4,5964257
2021-06-14 11:24:08,117.45,5964268
2021-06-14 11:24:11,117.45,5964289
2021-06-14 11:24:14,117.4,5969993
2021-06-14 11:24:16,117.45,5970193
2021-06-14 11:24:19,117.5,5970194
2021-06-14 11:24:22,117.5,5970194
2021-06-14 11:24:25,117.5,5970194
2021-06-14 11:24:28,117.5,5970194
2021-06-14 11:24:31,117.45,5970195
2021-06-14 11:24:34,117.45,5970345
2021-06-14 11:24:37,117.5,5970379
2021-06-14 11:24:40,117.5,5970379
2021-06-14 11:24:43,117.4,5972822
2021-06-14 11:24:46,117.4,5972822
2021-06-14 11:24:48,117.4,5972822
2021-06-14 11:24:55,117.4,5975474
2021-06-14 11:24:58,117.35,5975485
2021-06-14 11:25:02,117.3,5976985
2021-06-14 11:25:05,117.35,5977989
2021-06-14 11:25:08,117.35,5979561
2021-06-14 11:25:12,117.3,5979732
2021-06-14 11:25:16,117.3,5979732
2021-06-14 11:25:19,117.35,5979736
2021-06-14 11:25:22,117.4,5979737
2021-06-14 11:25:25,117.35,5979827
2021-06-14 11:25:28,117.4,5979922
2021-06-14 11:25:31,117.4,5979922
2021-06-14 11:25:34,117.4,5980322
2021-06-14 11:25:37,117.4,5980322
2021-06-14 11:25:40,117.4,5980323
2021-06-14 11:25:43,117.35,5980429
2021-06-14 11:25:46,117.35,5980659
2021-06-14 11:25:48,117.35,5980659
2021-06-14 11:25:50,117.35,5981779
2021-06-14 11:25:53,117.4,5981780
2021-06-14 11:25:56,117.4,5981780
2021-06-14 11:25:59,117.35,5981830
2021-06-14 11:26:02,117.4,5981834
2021-06-14 11:26:05,117.35,5981934
2021-06-14 11:26:08,117.35,5981934
2021-06-14 11:26:10,117.4,5982418
2021-06-14 11:26:13,117.4,5982555
2021-06-14 11:26:17,117.4,5982555
2021-06-14 11:26:20,117.4,5982555
2021-06-14 11:26:23,117.45,5982556
2021-06-14 11:26:26,117.4,5982592
2021-06-14 11:26:30,117.35,5982693
2021-06-14 11:26:33,117.4,5982712
2021-06-14 11:26:36,117.45,5982718
2021-06-14 11:26:39,117.45,5982719
2021-06-14 11:26:42,117.45,5982719
2021-06-14 11:26:45,117.4,5983019
2021-06-14 11:26:48,117.4,5983030
2021-06-14 11:26:51,117.45,5983031
2021-06-14 11:26:54,117.4,5983036
2021-06-14 11:26:58,117.4,5983036
2021-06-14 11:27:01,117.4,5983036
2021-06-14 11:27:04,117.4,5983036
2021-06-14 11:27:06,117.4,5983036
2021-06-14 11:27:10,117.4,5983077
2021-06-14 11:27:13,117.4,5983078
2021-06-14 11:27:17,117.45,5983083
2021-06-14 11:27:21,117.45,5983088
2021-06-14 11:27:24,117.4,5983110
2021-06-14 11:27:27,117.4,5983110
2021-06-14 11:27:30,117.4,5983145
2021-06-14 11:27:34,117.45,5984629
2021-06-14 11:27:37,117.4,5984791
2021-06-14 11:27:40,117.4,5984791
2021-06-14 11:27:43,117.4,5990207
2021-06-14 11:27:46,117.35,5991657
2021-06-14 11:27:49,117.4,5991674
2021-06-14 11:27:51,117.4,5991674
2021-06-14 11:27:54,117.4,5991788
2021-06-14 11:27:58,117.35,5992043
2021-06-14 11:28:02,117.35,5992096
2021-06-14 11:28:05,117.4,5992108
2021-06-14 11:28:08,117.4,5992108
2021-06-14 11:28:11,117.4,5992129
2021-06-14 11:28:14,117.4,5994172
2021-06-14 11:28:17,117.4,5994192
2021-06-14 11:28:20,117.4,5995372
2021-06-14 11:28:23,117.4,5995372
2021-06-14 11:28:27,117.3,5999250
2021-06-14 11:28:29,117.3,5999250
2021-06-14 11:28:32,117.3,5999250
2021-06-14 11:28:35,117.35,5999450
2021-06-14 11:28:37,117.35,5999450
2021-06-14 11:28:41,117.4,5999953
2021-06-14 11:28:44,117.4,6000018
2021-06-14 11:28:47,117.4,6000019
2021-06-14 11:28:50,117.4,6000039
2021-06-14 11:28:53,117.4,6000039
2021-06-14 11:28:55,117.4,6000039
2021-06-14 11:28:58,117.4,6000057
2021-06-14 11:29:00,117.4,6000557
2021-06-14 11:29:03,117.4,6000557
2021-06-14 11:29:06,117.4,6000557
2021-06-14 11:29:09,117.35,6000603
2021-06-14 11:29:11,117.35,6000603
2021-06-14 11:29:14,117.4,6000611
2021-06-14 11:29:17,117.4,6000621
2021-06-14 11:29:20,117.4,6000621
2021-06-14 11:29:23,117.4,6000642
2021-06-14 11:29:26,117.4,6000649
2021-06-14 11:29:29,117.4,6000649
2021-06-14 11:29:32,117.4,6000649
2021-06-14 11:29:35,117.4,6000650
2021-06-14 11:29:38,117.3,6001500
2021-06-14 11:29:41,117.3,6001500
2021-06-14 11:29:44,117.4,6001505
2021-06-14 11:29:47,117.4,6001505
2021-06-14 11:29:50,117.4,6001505
2021-06-14 11:29:53,117.4,6002105
2021-06-14 11:29:56,117.3,6002110
2021-06-14 11:29:59,117.4,6002160
2021-06-14 11:30:02,117.3,6002164
2021-06-14 11:30:05,117.3,6002166
2021-06-14 11:30:09,117.3,6002668
2021-06-14 11:30:12,117.3,6002668
2021-06-14 11:30:15,117.3,6002778
2021-06-14 11:30:18,117.3,6002778
2021-06-14 11:30:21,117.3,6002778
2021-06-14 11:30:25,117.4,6008789
2021-06-14 11:30:28,117.5,6013909
2021-06-14 11:30:31,117.5,6014060
2021-06-14 11:30:34,117.5,6014060
2021-06-14 11:30:37,117.45,6014062
2021-06-14 11:30:39,117.45,6014087
2021-06-14 11:30:42,117.45,6014341
2021-06-14 11:30:45,117.45,6014341
2021-06-14 11:30:49,117.45,6014342
2021-06-14 11:30:51,117.4,6014812
2021-06-14 11:30:54,117.35,6014817
2021-06-14 11:30:57,117.4,6014849
2021-06-14 11:31:00,117.35,6015049
2021-06-14 11:31:03,117.4,6016049
2021-06-14 11:31:06,117.35,6016434
2021-06-14 11:31:09,117.45,6016955
2021-06-14 11:31:12,117.45,6016955
2021-06-14 11:31:15,117.35,6016956
2021-06-14 11:31:18,117.4,6016972
2021-06-14 11:31:21,117.4,6016981
2021-06-14 11:31:24,117.4,6016981
2021-06-14 11:31:27,117.45,6016987
2021-06-14 11:31:30,117.45,6016987
2021-06-14 11:31:33,117.4,6017046
2021-06-14 11:31:36,117.4,6017046
2021-06-14 11:31:38,117.5,6017330
2021-06-14 11:31:41,117.45,6017334
2021-06-14 11:31:44,117.5,6017335
2021-06-14 11:31:47,117.5,6017340
2021-06-14 11:31:49,117.45,6017440
2021-06-14 11:31:52,117.5,6017755
2021-06-14 11:31:54,117.5,6017755
2021-06-14 11:31:57,117.45,6019288
2021-06-14 11:31:59,117.45,6019288
2021-06-14 11:32:02,117.45,6019488
2021-06-14 11:32:07,117.4,6019794
2021-06-14 11:32:10,117.45,6020015
2021-06-14 11:32:13,117.45,6020045
2021-06-14 11:32:16,117.45,6020045
2021-06-14 11:32:19,117.45,6020077
2021-06-14 11:32:22,117.45,6020079
2021-06-14 11:32:25,117.4,6020479
2021-06-14 11:32:28,117.45,6020481
2021-06-14 11:32:30,117.45,6020481
2021-06-14 11:32:33,117.4,6020562
2021-06-14 11:32:36,117.45,6020563
2021-06-14 11:32:39,117.45,6020563
2021-06-14 11:32:41,117.45,6020643
2021-06-14 11:32:44,117.45,6020643
2021-06-14 11:32:47,117.45,6020743
2021-06-14 11:32:49,117.45,6021154
2021-06-14 11:32:52,117.45,6021377
2021-06-14 11:32:56,117.45,6021427
2021-06-14 11:33:00,117.45,6021427
2021-06-14 11:33:03,117.45,6021477
2021-06-14 11:33:06,117.45,6021477
2021-06-14 11:33:09,117.45,6022834
2021-06-14 11:33:13,117.45,6022859
2021-06-14 11:33:16,117.45,6022859
2021-06-14 11:33:18,117.45,6022910
2021-06-14 11:33:21,117.45,6022912
2021-06-14 11:33:24,117.5,6023012
2021-06-14 11:33:26,117.5,6023022
2021-06-14 11:33:29,117.5,6023022
2021-06-14 11:33:31,117.45,6023023
2021-06-14 11:33:34,117.5,6023241
2021-06-14 11:33:36,117.5,6023241
2021-06-14 11:33:39,117.45,6023285
2021-06-14 11:33:42,117.5,6023286
2021-06-14 11:33:45,117.5,6023308
2021-06-14 11:33:48,117.5,6023338
2021-06-14 11:33:51,117.45,6026314
2021-06-14 11:33:54,117.45,6026314
2021-06-14 11:33:57,117.45,6026314
2021-06-14 11:34:00,117.45,6026514
2021-06-14 11:34:04,117.5,6026554
2021-06-14 11:34:07,117.5,6026595
2021-06-14 11:34:09,117.5,6026595
2021-06-14 11:34:12,117.5,6026595
2021-06-14 11:34:14,117.5,6026605
2021-06-14 11:34:17,117.5,6026655
2021-06-14 11:34:20,117.5,6026655
2021-06-14 11:34:23,117.5,6026655
2021-06-14 11:34:26,117.5,6026655
2021-06-14 11:34:28,117.45,6026665
2021-06-14 11:34:31,117.45,6026665
2021-06-14 11:34:33,117.5,6028723
2021-06-14 11:34:36,117.5,6028723
2021-06-14 11:34:39,117.5,6028724
2021-06-14 11:34:41,117.5,6028724
2021-06-14 11:34:44,117.5,6028724
2021-06-14 11:34:46,117.55,6028737
2021-06-14 11:34:49,117.55,6028737
2021-06-14 11:34:51,117.55,6028737
2021-06-14 11:34:55,117.5,6028738
2021-06-14 11:34:58,117.55,6028774
2021-06-14 11:35:00,117.55,6028774
2021-06-14 11:35:03,117.55,6028774
2021-06-14 11:35:06,117.55,6028874
2021-06-14 11:35:10,117.55,6028874
2021-06-14 11:35:12,117.55,6028895
2021-06-14 11:35:15,117.55,6028896
2021-06-14 11:35:18,117.55,6028901
2021-06-14 11:35:20,117.5,6029101
2021-06-14 11:35:23,117.55,6029222
2021-06-14 11:35:26,117.55,6029309
2021-06-14 11:35:29,117.55,6030890
2021-06-14 11:35:31,117.55,6030890
2021-06-14 11:35:34,117.55,6030890
2021-06-14 11:35:36,117.55,6030960
2021-06-14 11:35:39,117.5,6030990
2021-06-14 11:35:41,117.5,6030990
2021-06-14 11:35:44,117.5,6031176
2021-06-14 11:35:47,117.5,6031176
2021-06-14 11:35:49,117.5,6031241
2021-06-14 11:35:52,117.5,6031286
2021-06-14 11:35:55,117.5,6031286
2021-06-14 11:35:58,117.5,6036286
2021-06-14 11:36:01,117.55,6036310
2021-06-14 11:36:04,117.55,6036310
2021-06-14 11:36:06,117.55,6036315
2021-06-14 11:36:09,117.5,6039025
2021-06-14 11:36:12,117.5,6039025
2021-06-14 11:36:15,117.5,6039040
2021-06-14 11:36:17,117.5,6039040
2021-06-14 11:36:19,117.5,6039040
2021-06-14 11:36:22,117.5,6039040
2021-06-14 11:36:25,117.5,6039040
2021-06-14 11:36:27,117.45,6043150
2021-06-14 11:36:30,117.5,6043200
2021-06-14 11:36:33,117.5,6043200
2021-06-14 11:36:35,117.5,6043280
2021-06-14 11:36:38,117.5,6043310
2021-06-14 11:36:40,117.5,6043310
2021-06-14 11:36:43,117.5,6043310
2021-06-14 11:36:46,117.5,6043310
2021-06-14 11:36:50,117.5,6043318
2021-06-14 11:36:53,117.5,6043318
2021-06-14 11:36:56,117.5,6043321
2021-06-14 11:36:58,117.5,6043796
2021-06-14 11:37:01,117.55,6047996
2021-06-14 11:37:04,117.45,6048516
2021-06-14 11:37:08,117.5,6048666
2021-06-14 11:37:11,117.5,6048666
2021-06-14 11:37:14,117.45,6048668
2021-06-14 11:37:16,117.55,6048672
2021-06-14 11:37:19,117.45,6048743
2021-06-14 11:37:22,117.45,6048743
2021-06-14 11:37:24,117.5,6049252
2021-06-14 11:37:27,117.45,6051252
2021-06-14 11:37:29,117.45,6052852
2021-06-14 11:37:31,117.45,6053352
2021-06-14 11:37:34,117.45,6053352
2021-06-14 11:37:37,117.5,6053382
2021-06-14 11:37:39,117.5,6053382
2021-06-14 11:37:41,117.5,6053382
2021-06-14 11:37:45,117.5,6053432
2021-06-14 11:37:48,117.5,6053432
2021-06-14 11:37:51,117.5,6053432
2021-06-14 11:37:53,117.5,6053432
2021-06-14 11:37:56,117.5,6053433
2021-06-14 11:37:58,117.5,6053433
2021-06-14 11:38:01,117.5,6053433
2021-06-14 11:38:04,117.5,6053503
2021-06-14 11:38:07,117.5,6053503
2021-06-14 11:38:10,117.45,6053519
2021-06-14 11:38:12,117.45,6053620
2021-06-14 11:38:14,117.5,6053670
2021-06-14 11:38:17,117.55,6053838
2021-06-14 11:38:19,117.5,6054867
2021-06-14 11:38:23,117.5,6054867
2021-06-14 11:38:25,117.55,6054909
2021-06-14 11:38:28,117.55,6054939
2021-06-14 11:38:32,117.5,6054969
2021-06-14 11:38:38,117.5,6055000
2021-06-14 11:38:41,117.7,6075058
2021-06-14 11:38:43,117.65,6075143
2021-06-14 11:38:46,117.65,6075143
2021-06-14 11:38:49,117.65,6075143
2021-06-14 11:38:52,117.65,6075152
2021-06-14 11:38:54,117.7,6075688
2021-06-14 11:38:58,117.7,6075688
2021-06-14 11:39:01,117.7,6075988
2021-06-14 11:39:04,117.65,6075989
2021-06-14 11:39:07,117.7,6076050
2021-06-14 11:39:09,117.7,6076550
2021-06-14 11:39:12,117.7,6076550
2021-06-14 11:39:15,117.7,6076760
2021-06-14 11:39:18,117.7,6076761
2021-06-14 11:39:21,117.7,6076761
2021-06-14 11:39:23,117.7,6076861
2021-06-14 11:39:26,117.7,6077361
2021-06-14 11:39:29,117.65,6077373
2021-06-14 11:39:32,117.7,6078074
2021-06-14 11:39:35,117.7,6078075
2021-06-14 11:39:38,117.7,6078075
2021-06-14 11:39:40,117.65,6078105
2021-06-14 11:39:43,117.7,6078115
2021-06-14 11:39:46,117.65,6078415
2021-06-14 11:39:49,117.7,6078771
2021-06-14 11:39:52,117.7,6078771
2021-06-14 11:39:55,117.7,6078771
2021-06-14 11:39:57,117.7,6078771
2021-06-14 11:39:59,117.7,6079251
2021-06-14 11:40:02,117.65,6086200
2021-06-14 11:40:05,117.7,6086700
2021-06-14 11:40:11,117.7,6087221
2021-06-14 11:40:14,117.65,6087721
2021-06-14 11:40:17,117.65,6087721
2021-06-14 11:40:20,117.65,6087721
2021-06-14 11:40:22,117.65,6087722
2021-06-14 11:40:25,117.7,6087763
2021-06-14 11:40:27,117.7,6087764
2021-06-14 11:40:30,117.65,6088484
2021-06-14 11:40:33,117.7,6088584
2021-06-14 11:40:35,117.65,6088734
2021-06-14 11:40:38,117.65,6088734
2021-06-14 11:40:41,117.65,6088934
2021-06-14 11:40:44,117.65,6088935
2021-06-14 11:40:47,117.65,6088967
2021-06-14 11:40:49,117.65,6089776
2021-06-14 11:40:52,117.65,6089795
2021-06-14 11:40:54,117.6,6089813
2021-06-14 11:40:58,117.6,6089820
2021-06-14 11:41:01,117.65,6090357
2021-06-14 11:41:04,117.6,6090390
2021-06-14 11:41:07,117.6,6090390
2021-06-14 11:41:10,117.6,6090390
2021-06-14 11:41:12,117.6,6090390
2021-06-14 11:41:15,117.6,6090392
2021-06-14 11:41:18,117.65,6090492
2021-06-14 11:41:20,117.65,6090492
2021-06-14 11:41:23,117.65,6090492
2021-06-14 11:41:26,117.65,6090492
2021-06-14 11:41:29,117.65,6090733
2021-06-14 11:41:32,117.65,6090948
2021-06-14 11:41:35,117.65,6091448
2021-06-14 11:41:38,117.65,6091498
2021-06-14 11:41:41,117.6,6091631
2021-06-14 11:41:44,117.6,6091741
2021-06-14 11:41:47,117.6,6091841
2021-06-14 11:41:49,117.65,6092041
2021-06-14 11:41:52,117.65,6092041
2021-06-14 11:41:55,117.6,6092045
2021-06-14 11:41:58,117.6,6092045
2021-06-14 11:42:01,117.6,6092045
2021-06-14 11:42:04,117.65,6092059
2021-06-14 11:42:07,117.65,6092085
2021-06-14 11:42:10,117.65,6092085
2021-06-14 11:42:13,117.6,6092086
2021-06-14 11:42:15,117.6,6092086
2021-06-14 11:42:17,117.65,6092319
2021-06-14 11:42:20,117.6,6092422
2021-06-14 11:42:23,117.6,6092422
2021-06-14 11:42:25,117.6,6092422
2021-06-14 11:42:27,117.6,6092422
2021-06-14 11:42:30,117.65,6092563
2021-06-14 11:42:33,117.65,6092563
2021-06-14 11:42:35,117.6,6092763
2021-06-14 11:42:38,117.65,6093811
2021-06-14 11:42:41,117.65,6093816
2021-06-14 11:42:44,117.65,6093817
2021-06-14 11:42:46,117.65,6093820
2021-06-14 11:42:49,117.65,6093823
2021-06-14 11:42:52,117.65,6093823
2021-06-14 11:42:55,117.65,6093823
2021-06-14 11:42:58,117.65,6094823
2021-06-14 11:43:00,117.65,6094823
2021-06-14 11:43:03,117.65,6094823
2021-06-14 11:43:06,117.65,6094924
2021-06-14 11:43:08,117.65,6094926
2021-06-14 11:43:11,117.65,6094926
2021-06-14 11:43:14,117.65,6094928
2021-06-14 11:43:17,117.65,6094928
2021-06-14 11:43:19,117.6,6094935
2021-06-14 11:43:22,117.6,6094936
2021-06-14 11:43:25,117.6,6094936
2021-06-14 11:43:28,117.65,6094992
2021-06-14 11:43:31,117.65,6094992
2021-06-14 11:43:33,117.65,6095992
2021-06-14 11:43:36,117.65,6095992
2021-06-14 11:43:39,117.65,6095992
2021-06-14 11:43:42,117.65,6096002
2021-06-14 11:43:45,117.65,6096002
2021-06-14 11:43:48,117.6,6096004
2021-06-14 11:43:50,117.6,6096312
2021-06-14 11:43:53,117.6,6096312
2021-06-14 11:43:56,117.6,6096312
2021-06-14 11:43:58,117.65,6096362
2021-06-14 11:44:01,117.6,6096462
2021-06-14 11:44:03,117.7,6128002
2021-06-14 11:44:06,117.7,6128002
2021-06-14 11:44:08,117.6,6128022
2021-06-14 11:44:11,117.65,6128272
2021-06-14 11:44:14,117.65,6128688
2021-06-14 11:44:17,117.7,6131501
2021-06-14 11:44:19,117.7,6131501
2021-06-14 11:44:21,117.7,6131501
2021-06-14 11:44:24,117.7,6131501
2021-06-14 11:44:26,117.7,6131501
2021-06-14 11:44:30,117.65,6131512
2021-06-14 11:44:32,117.65,6132639
2021-06-14 11:44:35,117.7,6133245
2021-06-14 11:44:37,117.65,6133280
2021-06-14 11:44:40,117.65,6133280
2021-06-14 11:44:42,117.7,6133588
2021-06-14 11:44:45,117.7,6133589
2021-06-14 11:44:48,117.7,6133589
2021-06-14 11:44:50,117.65,6133789
2021-06-14 11:44:53,117.7,6133795
2021-06-14 11:44:56,117.65,6141076
2021-06-14 11:44:58,117.65,6141076
2021-06-14 11:45:01,117.6,6141077
2021-06-14 11:45:04,117.6,6141077
2021-06-14 11:45:06,117.6,6141077
2021-06-14 11:45:09,117.7,6141078
2021-06-14 11:45:11,117.7,6141078
2021-06-14 11:45:14,117.6,6141181
2021-06-14 11:45:17,117.6,6141333
2021-06-14 11:45:20,117.65,6141336
2021-06-14 11:45:23,117.65,6141336
2021-06-14 11:45:26,117.65,6141386
2021-06-14 11:45:29,117.6,6141483
2021-06-14 11:45:32,117.6,6141483
2021-06-14 11:45:34,117.6,6141498
2021-06-14 11:45:37,117.6,6141498
2021-06-14 11:45:40,117.6,6141635
2021-06-14 11:45:42,117.6,6141636
2021-06-14 11:45:45,117.55,6145932
2021-06-14 11:45:48,117.55,6146034
2021-06-14 11:45:50,117.55,6146034
2021-06-14 11:45:54,117.55,6146174
2021-06-14 11:45:56,117.55,6146484
2021-06-14 11:45:59,117.6,6146490
2021-06-14 11:46:02,117.6,6146490
2021-06-14 11:46:04,117.6,6146490
2021-06-14 11:46:07,117.6,6146530
2021-06-14 11:46:09,117.6,6146530
2021-06-14 11:46:12,117.6,6146630
2021-06-14 11:46:15,117.55,6146654
2021-06-14 11:46:17,117.6,6146854
2021-06-14 11:46:20,117.6,6147154
2021-06-14 11:46:22,117.6,6147161
2021-06-14 11:46:25,117.6,6147166
2021-06-14 11:46:28,117.6,6147166
2021-06-14 11:46:30,117.6,6147171
2021-06-14 11:46:33,117.6,6147171
2021-06-14 11:46:35,117.55,6147181
2021-06-14 11:46:38,117.6,6147760
2021-06-14 11:46:42,117.6,6147760
2021-06-14 11:46:45,117.55,6147781
2021-06-14 11:46:49,117.6,6148366
2021-06-14 11:46:52,117.6,6148942
2021-06-14 11:46:56,117.65,6153751
2021-06-14 11:46:59,117.7,6154411
2021-06-14 11:47:02,117.7,6154511
2021-06-14 11:47:06,117.6,6155547
2021-06-14 11:47:09,117.6,6156224
2021-06-14 11:47:15,117.7,6156808
2021-06-14 11:47:18,117.6,6156961
2021-06-14 11:47:21,117.7,6157536
2021-06-14 11:47:25,117.6,6157556
2021-06-14 11:47:28,117.6,6157556
2021-06-14 11:47:31,117.7,6158285
2021-06-14 11:47:34,117.6,6158289
2021-06-14 11:47:38,117.65,6159089
2021-06-14 11:47:41,117.65,6159125
2021-06-14 11:47:43,117.65,6159125
2021-06-14 11:47:46,117.7,6159126
2021-06-14 11:47:48,117.7,6159126
2021-06-14 11:47:51,117.7,6159126
2021-06-14 11:47:54,117.7,6159126
2021-06-14 11:47:58,117.65,6159206
2021-06-14 11:48:01,117.65,6159586
2021-06-14 11:48:03,117.65,6159586
2021-06-14 11:48:06,117.7,6159587
2021-06-14 11:48:08,117.7,6159597
2021-06-14 11:48:11,117.65,6160117
2021-06-14 11:48:14,117.65,6160117
2021-06-14 11:48:17,117.65,6160117
2021-06-14 11:48:19,117.65,6160117
2021-06-14 11:48:22,117.7,6160268
2021-06-14 11:48:25,117.7,6160606
2021-06-14 11:48:28,117.65,6160696
2021-06-14 11:48:31,117.65,6160906
2021-06-14 11:48:34,117.65,6160906
2021-06-14 11:48:37,117.7,6160966
2021-06-14 11:48:40,117.7,6160969
2021-06-14 11:48:43,117.7,6161025
2021-06-14 11:48:46,117.7,6161226
2021-06-14 11:48:49,117.7,6161262
2021-06-14 11:48:52,117.7,6161387
2021-06-14 11:48:55,117.7,6161927
2021-06-14 11:48:58,117.7,6161927
2021-06-14 11:49:01,117.65,6161977
2021-06-14 11:49:04,117.65,6161977
2021-06-14 11:49:07,117.65,6165263
2021-06-14 11:49:10,117.65,6165263
2021-06-14 11:49:13,117.7,6165737
2021-06-14 11:49:16,117.65,6165862
2021-06-14 11:49:19,117.65,6165912
2021-06-14 11:49:21,117.65,6165912
2021-06-14 11:49:24,117.65,6165962
2021-06-14 11:49:26,117.65,6165962
2021-06-14 11:49:29,117.65,6166034
2021-06-14 11:49:31,117.65,6166034
2021-06-14 11:49:34,117.65,6166035
2021-06-14 11:49:36,117.65,6166035
2021-06-14 11:49:39,117.65,6166035
2021-06-14 11:49:42,117.7,6166070
2021-06-14 11:49:45,117.7,6166240
2021-06-14 11:49:47,117.7,6166241
2021-06-14 11:49:53,117.6,6167417
2021-06-14 11:49:56,117.65,6167487
2021-06-14 11:49:59,117.65,6167487
2021-06-14 11:50:01,117.65,6167487
2021-06-14 11:50:04,117.6,6167844
2021-06-14 11:50:07,117.65,6167846
2021-06-14 11:50:10,117.65,6167846
2021-06-14 11:50:13,117.6,6167906
2021-06-14 11:50:16,117.6,6167906
2021-06-14 11:50:18,117.6,6167906
2021-06-14 11:50:23,117.6,6168086
2021-06-14 11:50:25,117.6,6168086
2021-06-14 11:50:28,117.6,6168106
2021-06-14 11:50:31,117.6,6168106
2021-06-14 11:50:33,117.6,6168106
2021-06-14 11:50:36,117.6,6168106
2021-06-14 11:50:39,117.6,6168106
2021-06-14 11:50:42,117.6,6168131
2021-06-14 11:50:44,117.6,6168131
2021-06-14 11:50:47,117.65,6168141
2021-06-14 11:50:49,117.65,6168302
2021-06-14 11:50:53,117.6,6168322
2021-06-14 11:50:55,117.65,6168324
2021-06-14 11:50:58,117.65,6168324
2021-06-14 11:51:01,117.65,6169834
2021-06-14 11:51:03,117.65,6169834
2021-06-14 11:51:06,117.65,6170134
2021-06-14 11:51:09,117.65,6170135
2021-06-14 11:51:12,117.7,6170437
2021-06-14 11:51:15,117.65,6170937
2021-06-14 11:51:18,117.6,6172118
2021-06-14 11:51:20,117.6,6172118
2021-06-14 11:51:23,117.65,6172128
2021-06-14 11:51:25,117.65,6172132
2021-06-14 11:51:28,117.6,6172173
2021-06-14 11:51:31,117.6,6172173
2021-06-14 11:51:33,117.6,6172173
2021-06-14 11:51:36,117.6,6172373
2021-06-14 11:51:38,117.65,6172463
2021-06-14 11:51:41,117.65,6172765
2021-06-14 11:51:44,117.65,6172765
2021-06-14 11:51:47,117.65,6172855
2021-06-14 11:51:50,117.65,6172855
2021-06-14 11:51:52,117.65,6172891
2021-06-14 11:51:55,117.7,6173391
2021-06-14 11:51:57,117.7,6173465
2021-06-14 11:51:59,117.6,6174395
2021-06-14 11:52:02,117.6,6174785
2021-06-14 11:52:05,117.6,6174835
2021-06-14 11:52:07,117.65,6174866
2021-06-14 11:52:10,117.7,6176866
2021-06-14 11:52:13,117.7,6176866
2021-06-14 11:52:17,117.7,6176866
2021-06-14 11:52:21,117.6,6176881
2021-06-14 11:52:24,117.6,6176881
2021-06-14 11:52:27,117.6,6176881
2021-06-14 11:52:29,117.7,6176887
2021-06-14 11:52:32,117.7,6176887
2021-06-14 11:52:35,117.7,6176887
2021-06-14 11:52:38,117.6,6176897
2021-06-14 11:52:41,117.6,6176997
2021-06-14 11:52:45,117.6,6176997
2021-06-14 11:52:48,117.6,6176997
2021-06-14 11:52:51,117.6,6176997
2021-06-14 11:52:55,117.6,6177097
2021-06-14 11:52:57,117.6,6177097
2021-06-14 11:53:00,117.6,6177112
2021-06-14 11:53:03,117.6,6177422
2021-06-14 11:53:06,117.55,6189101
2021-06-14 11:53:09,117.6,6189791
2021-06-14 11:53:12,117.55,6189801
2021-06-14 11:53:15,117.55,6189801
2021-06-14 11:53:18,117.55,6189814
2021-06-14 11:53:21,117.55,6189842
2021-06-14 11:53:23,117.55,6189855
2021-06-14 11:53:26,117.6,6189864
2021-06-14 11:53:28,117.6,6189864
2021-06-14 11:53:31,117.6,6189864
2021-06-14 11:53:33,117.6,6189864
2021-06-14 11:53:36,117.6,6189864
2021-06-14 11:53:39,117.6,6191871
2021-06-14 11:53:41,117.6,6192421
2021-06-14 11:53:44,117.6,6192421
2021-06-14 11:53:46,117.55,6192677
2021-06-14 11:53:50,117.55,6192758
2021-06-14 11:53:52,117.6,6192773
2021-06-14 11:53:55,117.55,6192823
2021-06-14 11:53:57,117.55,6192843
2021-06-14 11:54:00,117.55,6192843
2021-06-14 11:54:03,117.55,6192844
2021-06-14 11:54:05,117.6,6192894
2021-06-14 11:54:08,117.6,6192894
2021-06-14 11:54:10,117.6,6192894
2021-06-14 11:54:13,117.6,6192994
2021-06-14 11:54:16,117.6,6192994
2021-06-14 11:54:18,117.6,6192994
2021-06-14 11:54:21,117.6,6192994
2021-06-14 11:54:24,117.6,6193044
2021-06-14 11:54:27,117.6,6193044
2021-06-14 11:54:29,117.6,6193044
2021-06-14 11:54:32,117.55,6193045
2021-06-14 11:54:34,117.55,6193045
2021-06-14 11:54:36,117.55,6193045
2021-06-14 11:54:39,117.55,6193047
2021-06-14 11:54:42,117.6,6194047
2021-06-14 11:54:47,117.55,6194579
2021-06-14 11:54:49,117.6,6194842
2021-06-14 11:54:52,117.6,6194874
2021-06-14 11:54:55,117.55,6194880
2021-06-14 11:54:57,117.55,6194880
2021-06-14 11:55:02,117.55,6194880
2021-06-14 11:55:04,117.6,6195080
2021-06-14 11:55:07,117.6,6195080
2021-06-14 11:55:10,117.6,6195090
2021-06-14 11:55:12,117.55,6195091
2021-06-14 11:55:15,117.55,6195091
2021-06-14 11:55:18,117.6,6195101
2021-06-14 11:55:22,117.6,6195201
2021-06-14 11:55:26,117.6,6195201
2021-06-14 11:55:30,117.6,6195301
2021-06-14 11:55:33,117.6,6195301
2021-06-14 11:55:36,117.55,6195311
2021-06-14 11:55:39,117.6,6195361
2021-06-14 11:55:42,117.55,6195362
2021-06-14 11:55:45,117.55,6195362
2021-06-14 11:55:48,117.55,6195362
2021-06-14 11:55:51,117.6,6195462
2021-06-14 11:55:53,117.6,6195962
2021-06-14 11:55:56,117.6,6196193
2021-06-14 11:55:58,117.6,6196193
2021-06-14 11:56:02,117.6,6196201
2021-06-14 11:56:04,117.6,6196201
2021-06-14 11:56:07,117.55,6196451
2021-06-14 11:56:10,117.6,6196452
2021-06-14 11:56:13,117.55,6196632
2021-06-14 11:56:16,117.55,6201632
2021-06-14 11:56:19,117.55,6201682
2021-06-14 11:56:22,117.55,6201682
2021-06-14 11:56:28,117.65,6203049
2021-06-14 11:56:31,117.65,6203095
2021-06-14 11:56:34,117.6,6203105
2021-06-14 11:56:37,117.6,6203105
2021-06-14 11:56:40,117.65,6203206
2021-06-14 11:56:43,117.6,6203209
2021-06-14 11:56:45,117.65,6203309
2021-06-14 11:56:48,117.6,6203366
2021-06-14 11:56:51,117.65,6203420
2021-06-14 11:56:54,117.65,6203643
2021-06-14 11:57:00,117.6,6206167
2021-06-14 11:57:03,117.6,6206191
2021-06-14 11:57:05,117.6,6206346
2021-06-14 11:57:08,117.6,6206573
2021-06-14 11:57:11,117.65,6206591
2021-06-14 11:57:13,117.65,6206591
2021-06-14 11:57:16,117.6,6206592
2021-06-14 11:57:19,117.6,6206592
2021-06-14 11:57:22,117.6,6206592
2021-06-14 11:57:25,117.65,6206596
2021-06-14 11:57:27,117.65,6206596
2021-06-14 11:57:30,117.65,6206596
2021-06-14 11:57:33,117.65,6206974
2021-06-14 11:57:36,117.65,6206974
2021-06-14 11:57:39,117.65,6206974
2021-06-14 11:57:41,117.65,6206974
2021-06-14 11:57:44,117.65,6206999
2021-06-14 11:57:47,117.65,6206999
2021-06-14 11:57:50,117.65,6207611
2021-06-14 11:57:53,117.6,6213311
2021-06-14 11:57:56,117.6,6213311
2021-06-14 11:57:58,117.6,6213311
2021-06-14 11:58:00,117.6,6213311
2021-06-14 11:58:03,117.6,6213311
2021-06-14 11:58:06,117.6,6213311
2021-06-14 11:58:08,117.6,6213326
2021-06-14 11:58:11,117.6,6213326
2021-06-14 11:58:13,117.6,6213328
2021-06-14 11:58:16,117.6,6213328
2021-06-14 11:58:19,117.6,6213329
2021-06-14 11:58:22,117.65,6213394
2021-06-14 11:58:25,117.6,6213952
2021-06-14 11:58:27,117.6,6214512
2021-06-14 11:58:30,117.6,6214512
2021-06-14 11:58:36,117.65,6222544
2021-06-14 11:58:39,117.65,6222544
2021-06-14 11:58:42,117.65,6222618
2021-06-14 11:58:45,117.65,6222618
2021-06-14 11:58:48,117.65,6222618
2021-06-14 11:58:50,117.65,6222618
2021-06-14 11:58:53,117.6,6223258
2021-06-14 11:58:57,117.6,6223346
2021-06-14 11:59:00,117.6,6223346
2021-06-14 11:59:03,117.65,6223497
2021-06-14 11:59:05,117.6,6223552
2021-06-14 11:59:08,117.65,6223602
2021-06-14 11:59:11,117.6,6224309
2021-06-14 11:59:14,117.6,6224309
2021-06-14 11:59:17,117.6,6224309
2021-06-14 11:59:21,117.6,6224309
2021-06-14 11:59:23,117.6,6224309
2021-06-14 11:59:26,117.6,6224309
2021-06-14 11:59:29,117.6,6224696
2021-06-14 11:59:32,117.55,6224697
2021-06-14 11:59:35,117.55,6224757
2021-06-14 11:59:37,117.55,6225082
2021-06-14 11:59:40,117.6,6225083
2021-06-14 11:59:42,117.6,6225591
2021-06-14 11:59:45,117.6,6225601
2021-06-14 11:59:48,117.65,6230669
2021-06-14 11:59:51,117.6,6230678
2021-06-14 11:59:53,117.55,6231128
2021-06-14 11:59:56,117.55,6231700
2021-06-14 11:59:59,117.55,6232257
2021-06-14 12:00:02,117.55,6232399
2021-06-14 12:00:04,117.5,6233025
2021-06-14 12:00:08,117.6,6234525
2021-06-14 12:00:11,117.55,6234625
2021-06-14 12:00:15,117.6,6234675
2021-06-14 12:00:18,117.55,6234677
2021-06-14 12:00:21,117.55,6234677
2021-06-14 12:00:24,117.5,6237597
2021-06-14 12:00:27,117.5,6237597
2021-06-14 12:00:30,117.5,6237597
2021-06-14 12:00:33,117.5,6237597
2021-06-14 12:00:35,117.5,6237642
2021-06-14 12:00:38,117.6,6237643
2021-06-14 12:00:40,117.5,6238200
2021-06-14 12:00:43,117.55,6238202
2021-06-14 12:00:46,117.55,6238287
2021-06-14 12:00:49,117.55,6238297
2021-06-14 12:00:51,117.55,6238297
2021-06-14 12:00:54,117.6,6238352
2021-06-14 12:00:56,117.6,6238352
2021-06-14 12:00:58,117.6,6238352
2021-06-14 12:01:01,117.6,6238352
2021-06-14 12:01:04,117.5,6238372
2021-06-14 12:01:07,117.55,6238380
2021-06-14 12:01:09,117.55,6238380
2021-06-14 12:01:12,117.55,6238380
2021-06-14 12:01:14,117.5,6238381
2021-06-14 12:01:16,117.55,6238382
2021-06-14 12:01:19,117.55,6238382
2021-06-14 12:01:22,117.55,6238382
2021-06-14 12:01:24,117.55,6238382
2021-06-14 12:01:26,117.55,6238383
2021-06-14 12:01:29,117.5,6238393
2021-06-14 12:01:31,117.5,6238493
2021-06-14 12:01:37,117.5,6238495
2021-06-14 12:01:39,117.55,6238496
2021-06-14 12:01:41,117.55,6238496
2021-06-14 12:01:44,117.55,6238496
2021-06-14 12:01:46,117.55,6238496
2021-06-14 12:01:48,117.55,6238497
2021-06-14 12:01:51,117.55,6239257
2021-06-14 12:01:53,117.55,6239257
2021-06-14 12:01:56,117.5,6239283
2021-06-14 12:01:58,117.55,6239333
2021-06-14 12:02:01,117.55,6239333
2021-06-14 12:02:03,117.5,6274126
2021-06-14 12:02:07,117.55,6276818
2021-06-14 12:02:11,117.55,6276818
2021-06-14 12:02:15,117.6,6277317
2021-06-14 12:02:18,117.6,6277317
2021-06-14 12:02:21,117.55,6277348
2021-06-14 12:02:24,117.55,6277348
2021-06-14 12:02:27,117.6,6277745
2021-06-14 12:02:30,117.6,6277745
2021-06-14 12:02:32,117.55,6277803
2021-06-14 12:02:35,117.55,6277803
2021-06-14 12:02:38,117.6,6277809
2021-06-14 12:02:41,117.5,6282094
2021-06-14 12:02:43,117.6,6282130
2021-06-14 12:02:46,117.6,6282130
2021-06-14 12:02:49,117.6,6282130
2021-06-14 12:02:52,117.6,6282136
2021-06-14 12:02:56,117.6,6282146
2021-06-14 12:02:58,117.5,6282147
2021-06-14 12:03:01,117.5,6282647
2021-06-14 12:03:04,117.5,6282647
2021-06-14 12:03:07,117.5,6282648
2021-06-14 12:03:09,117.5,6282648
2021-06-14 12:03:12,117.5,6282681
2021-06-14 12:03:14,117.5,6282681
2021-06-14 12:03:16,117.6,6282684
2021-06-14 12:03:19,117.6,6282694
2021-06-14 12:03:21,117.6,6282694
2021-06-14 12:03:24,117.6,6282700
2021-06-14 12:03:26,117.5,6282800
2021-06-14 12:03:29,117.5,6282800
2021-06-14 12:03:31,117.5,6282800
2021-06-14 12:03:34,117.6,6282954
2021-06-14 12:03:37,117.6,6282954
2021-06-14 12:03:39,117.6,6288054
2021-06-14 12:03:42,117.55,6293807
2021-06-14 12:03:45,117.55,6293807
2021-06-14 12:03:48,117.55,6293817
2021-06-14 12:03:51,117.55,6293832
2021-06-14 12:03:54,117.55,6293832
2021-06-14 12:03:56,117.6,6293833
2021-06-14 12:03:59,117.6,6293834
2021-06-14 12:04:02,117.6,6293834
2021-06-14 12:04:05,117.6,6293834
2021-06-14 12:04:07,117.6,6293874
2021-06-14 12:04:09,117.6,6293874
2021-06-14 12:04:11,117.6,6293874
2021-06-14 12:04:14,117.6,6293924
2021-06-14 12:04:16,117.55,6298060
2021-06-14 12:04:18,117.55,6298061
2021-06-14 12:04:21,117.55,6298062
2021-06-14 12:04:24,117.55,6298363
2021-06-14 12:04:26,117.55,6298363
2021-06-14 12:04:28,117.6,6298368
2021-06-14 12:04:30,117.5,6298369
2021-06-14 12:04:33,117.5,6298504
2021-06-14 12:04:35,117.55,6298507
2021-06-14 12:04:38,117.6,6298510
2021-06-14 12:04:40,117.55,6298537
2021-06-14 12:04:43,117.6,6298587
2021-06-14 12:04:45,117.6,6298596
2021-06-14 12:04:48,117.6,6300229
2021-06-14 12:04:50,117.6,6300229
2021-06-14 12:04:52,117.6,6300939
2021-06-14 12:04:54,117.6,6300941
2021-06-14 12:04:57,117.65,6301241
2021-06-14 12:04:59,117.65,6301241
2021-06-14 12:05:02,117.65,6301251
2021-06-14 12:05:04,117.65,6301251
2021-06-14 12:05:07,117.6,6301252
2021-06-14 12:05:09,117.65,6301267
2021-06-14 12:05:12,117.65,6301267
2021-06-14 12:05:14,117.6,6301340
2021-06-14 12:05:17,117.65,6301691
2021-06-14 12:05:20,117.6,6301693
2021-06-14 12:05:23,117.6,6301893
2021-06-14 12:05:26,117.65,6301895
2021-06-14 12:05:28,117.6,6301955
2021-06-14 12:05:31,117.6,6301960
2021-06-14 12:05:33,117.65,6301970
2021-06-14 12:05:36,117.65,6302387
2021-06-14 12:05:38,117.6,6302395
2021-06-14 12:05:41,117.6,6302395
2021-06-14 12:05:43,117.6,6302397
2021-06-14 12:05:45,117.6,6302397
2021-06-14 12:05:48,117.6,6302397
2021-06-14 12:05:50,117.6,6302647
2021-06-14 12:05:53,117.6,6302751
2021-06-14 12:05:58,117.6,6302751
2021-06-14 12:06:00,117.6,6302751
2021-06-14 12:06:03,117.6,6302751
2021-06-14 12:06:05,117.6,6302751
2021-06-14 12:06:08,117.6,6304772
2021-06-14 12:06:11,117.6,6304772
2021-06-14 12:06:13,117.6,6304772
2021-06-14 12:06:16,117.6,6304772
2021-06-14 12:06:18,117.6,6304788
2021-06-14 12:06:21,117.6,6304788
2021-06-14 12:06:24,117.65,6305253
2021-06-14 12:06:27,117.65,6305253
2021-06-14 12:06:29,117.6,6305303
2021-06-14 12:06:32,117.65,6305318
2021-06-14 12:06:37,117.65,6305318
2021-06-14 12:06:40,117.65,6305318
2021-06-14 12:06:43,117.65,6305918
2021-06-14 12:06:46,117.65,6305918
2021-06-14 12:06:49,117.65,6316217
2021-06-14 12:06:51,117.65,6316217
2021-06-14 12:06:53,117.65,6316217
2021-06-14 12:06:56,117.65,6316217
2021-06-14 12:06:58,117.65,6316217
2021-06-14 12:07:00,117.65,6316230
2021-06-14 12:07:03,117.65,6316230
2021-06-14 12:07:05,117.65,6316230
2021-06-14 12:07:07,117.65,6316680
2021-06-14 12:07:10,117.65,6316681
2021-06-14 12:07:12,117.7,6316883
2021-06-14 12:07:14,117.7,6317282
2021-06-14 12:07:17,117.65,6317297
2021-06-14 12:07:19,117.65,6317342
2021-06-14 12:07:22,117.7,6317752
2021-06-14 12:07:24,117.7,6317752
2021-06-14 12:07:26,117.7,6317755
2021-06-14 12:07:28,117.7,6317755
2021-06-14 12:07:31,117.65,6317757
2021-06-14 12:07:33,117.65,6317775
2021-06-14 12:07:35,117.7,6317867
2021-06-14 12:07:38,117.7,6317867
2021-06-14 12:07:41,117.65,6318067
2021-06-14 12:07:45,117.7,6318169
2021-06-14 12:07:47,117.7,6318169
2021-06-14 12:07:50,117.7,6318169
2021-06-14 12:07:53,117.7,6318169
2021-06-14 12:07:56,117.7,6318319
2021-06-14 12:07:59,117.7,6318319
2021-06-14 12:08:02,117.7,6318623
2021-06-14 12:08:05,117.7,6318623
2021-06-14 12:08:07,117.7,6318623
2021-06-14 12:08:10,117.7,6318623
2021-06-14 12:08:13,117.7,6320443
2021-06-14 12:08:15,117.7,6320443
2021-06-14 12:08:18,117.7,6320443
2021-06-14 12:08:20,117.7,6321443
2021-06-14 12:08:23,117.65,6322443
2021-06-14 12:08:26,117.7,6322448
2021-06-14 12:08:28,117.65,6325548
2021-06-14 12:08:31,117.65,6325548
2021-06-14 12:08:33,117.7,6325562
2021-06-14 12:08:36,117.7,6325562
2021-06-14 12:08:38,117.7,6325562
2021-06-14 12:08:40,117.7,6325562
2021-06-14 12:08:43,117.7,6325562
2021-06-14 12:08:45,117.7,6325562
2021-06-14 12:08:48,117.7,6325562
2021-06-14 12:08:50,117.7,6325572
2021-06-14 12:08:53,117.7,6325964
2021-06-14 12:08:55,117.7,6325964
2021-06-14 12:08:58,117.7,6325964
2021-06-14 12:09:00,117.65,6325965
2021-06-14 12:09:03,117.65,6325970
2021-06-14 12:09:06,117.65,6325970
2021-06-14 12:09:09,117.65,6325970
2021-06-14 12:09:11,117.65,6325970
2021-06-14 12:09:14,117.65,6325970
2021-06-14 12:09:17,117.65,6325970
2021-06-14 12:09:20,117.65,6326020
2021-06-14 12:09:22,117.65,6326020
2021-06-14 12:09:25,117.65,6326034
2021-06-14 12:09:27,117.65,6326034
2021-06-14 12:09:29,117.7,6326834
2021-06-14 12:09:32,117.7,6327084
2021-06-14 12:09:34,117.7,6327094
2021-06-14 12:09:37,117.7,6327094
2021-06-14 12:09:39,117.65,6327105
2021-06-14 12:09:42,117.7,6327205
2021-06-14 12:09:44,117.7,6327205
2021-06-14 12:09:47,117.7,6327205
2021-06-14 12:09:49,117.7,6327205
2021-06-14 12:09:52,117.7,6327205
2021-06-14 12:09:55,117.7,6327205
2021-06-14 12:09:58,117.65,6327760
2021-06-14 12:10:00,117.65,6327760
2021-06-14 12:10:03,117.7,6332055
2021-06-14 12:10:06,117.7,6332316
2021-06-14 12:10:09,117.7,6333668
2021-06-14 12:10:12,117.7,6333674
2021-06-14 12:10:14,117.7,6333674
2021-06-14 12:10:17,117.65,6333675
2021-06-14 12:10:20,117.7,6333696
2021-06-14 12:10:23,117.7,6333996
2021-06-14 12:10:26,117.7,6333996
2021-06-14 12:10:29,117.7,6333996
2021-06-14 12:10:32,117.7,6334105
2021-06-14 12:10:34,117.7,6334255
2021-06-14 12:10:37,117.7,6334255
2021-06-14 12:10:40,117.7,6334255
2021-06-14 12:10:42,117.65,6334256
2021-06-14 12:10:45,117.65,6334257
2021-06-14 12:10:47,117.65,6334257
2021-06-14 12:10:50,117.65,6334257
2021-06-14 12:10:52,117.65,6334257
2021-06-14 12:10:55,117.65,6334257
2021-06-14 12:10:57,117.65,6334257
2021-06-14 12:10:59,117.65,6334257
2021-06-14 12:11:02,117.65,6334309
2021-06-14 12:11:05,117.65,6334309
2021-06-14 12:11:08,117.65,6334309
2021-06-14 12:11:10,117.65,6334309
2021-06-14 12:11:13,117.65,6334309
2021-06-14 12:11:15,117.7,6334320
2021-06-14 12:11:18,117.65,6334820
2021-06-14 12:11:20,117.65,6334820
2021-06-14 12:11:23,117.65,6334830
2021-06-14 12:11:25,117.7,6334913
2021-06-14 12:11:28,117.7,6334922
2021-06-14 12:11:31,117.7,6335222
2021-06-14 12:11:33,117.7,6335272
2021-06-14 12:11:36,117.7,6335272
2021-06-14 12:11:39,117.7,6335722
2021-06-14 12:11:41,117.7,6335722
2021-06-14 12:11:44,117.7,6335762
2021-06-14 12:11:47,117.7,6335765
2021-06-14 12:11:49,117.7,6335765
2021-06-14 12:11:52,117.7,6335765
2021-06-14 12:11:54,117.65,6335785
2021-06-14 12:11:57,117.7,6335793
2021-06-14 12:11:59,117.7,6335793
2021-06-14 12:12:01,117.7,6335793
2021-06-14 12:12:04,117.65,6335893
2021-06-14 12:12:06,117.7,6335977
2021-06-14 12:12:08,117.7,6335978
2021-06-14 12:12:11,117.7,6337000
2021-06-14 12:12:13,117.7,6337000
2021-06-14 12:12:16,117.65,6337498
2021-06-14 12:12:18,117.7,6337501
2021-06-14 12:12:20,117.7,6337501
2021-06-14 12:12:22,117.7,6337501
2021-06-14 12:12:25,117.7,6337501
2021-06-14 12:12:27,117.7,6337502
2021-06-14 12:12:29,117.65,6337652
2021-06-14 12:12:31,117.7,6337743
2021-06-14 12:12:34,117.65,6337744
2021-06-14 12:12:37,117.7,6337844
2021-06-14 12:12:40,117.65,6337894
2021-06-14 12:12:42,117.65,6337894
2021-06-14 12:12:45,117.65,6337894
2021-06-14 12:12:48,117.65,6340101
2021-06-14 12:12:51,117.7,6340103
2021-06-14 12:12:54,117.65,6341103
2021-06-14 12:12:56,117.7,6343170
2021-06-14 12:12:59,117.65,6344670
2021-06-14 12:13:01,117.65,6344670
2021-06-14 12:13:04,117.65,6344670
2021-06-14 12:13:07,117.65,6344970
2021-06-14 12:13:09,117.65,6344970
2021-06-14 12:13:12,117.65,6344970
2021-06-14 12:13:15,117.65,6344970
2021-06-14 12:13:17,117.65,6345010
2021-06-14 12:13:20,117.7,6346106
2021-06-14 12:13:23,117.7,6346184
2021-06-14 12:13:26,117.7,6346184
2021-06-14 12:13:29,117.65,6346235
2021-06-14 12:13:31,117.7,6346289
2021-06-14 12:13:34,117.7,6346289
2021-06-14 12:13:37,117.7,6346539
2021-06-14 12:13:39,117.7,6346539
2021-06-14 12:13:42,117.7,6346539
2021-06-14 12:13:45,117.65,6347259
2021-06-14 12:13:48,117.65,6347359
2021-06-14 12:13:51,117.7,6347509
2021-06-14 12:13:54,117.7,6347509
2021-06-14 12:13:56,117.7,6347509
2021-06-14 12:13:59,117.65,6347510
2021-06-14 12:14:01,117.65,6347710
2021-06-14 12:14:03,117.65,6347720
2021-06-14 12:14:06,117.65,6347720
2021-06-14 12:14:08,117.65,6348049
2021-06-14 12:14:11,117.7,6348141
2021-06-14 12:14:13,117.7,6348147
