timestamp,ltp,volume
2021-06-14 09:15:41,246.15,177321
2021-06-14 09:15:41,246.2,177866
2021-06-14 09:15:43,245.95,195880
2021-06-14 09:15:44,245.85,195976
2021-06-14 09:15:45,245.75,198811
2021-06-14 09:15:46,245.55,201626
2021-06-14 09:15:47,245.8,202388
2021-06-14 09:15:48,245.6,203520
2021-06-14 09:15:49,245.65,211841
2021-06-14 09:15:50,245.8,213743
2021-06-14 09:15:51,245.9,215116
2021-06-14 09:15:53,246.0,229504
2021-06-14 09:15:54,245.85,233232
2021-06-14 09:15:54,245.8,234819
2021-06-14 09:15:56,246.05,237331
2021-06-14 09:15:58,246.15,239779
2021-06-14 09:15:59,246.15,246678
2021-06-14 09:16:00,246.25,246793
2021-06-14 09:16:01,246.45,250401
2021-06-14 09:16:02,246.2,252950
2021-06-14 09:16:04,245.95,258475
2021-06-14 09:16:05,245.95,263466
2021-06-14 09:16:06,245.95,264638
2021-06-14 09:16:07,245.95,265069
2021-06-14 09:16:08,245.9,267887
2021-06-14 09:16:09,245.9,268005
2021-06-14 09:16:10,245.2,282208
2021-06-14 09:16:11,245.4,323278
2021-06-14 09:16:13,245.1,335835
2021-06-14 09:16:14,245.15,339129
2021-06-14 09:16:15,245.25,339165
2021-06-14 09:16:16,245.25,341333
2021-06-14 09:16:17,245.05,341348
2021-06-14 09:16:18,245.05,345206
2021-06-14 09:16:20,245.2,345569
2021-06-14 09:16:20,245.2,345823
2021-06-14 09:16:21,245.05,345838
2021-06-14 09:16:22,245.05,345838
2021-06-14 09:16:23,245.15,346501
2021-06-14 09:16:24,245.15,346601
2021-06-14 09:16:25,245.0,346831
2021-06-14 09:16:26,245.15,347141
2021-06-14 09:16:27,245.15,347307
2021-06-14 09:16:29,245.2,348102
2021-06-14 09:16:29,245.15,348202
2021-06-14 09:16:30,245.0,360618
2021-06-14 09:16:31,244.85,363008
2021-06-14 09:16:32,244.85,363210
2021-06-14 09:16:33,244.95,363318
2021-06-14 09:16:34,245.0,364111
2021-06-14 09:16:35,244.85,365498
2021-06-14 09:16:36,244.85,365838
2021-06-14 09:16:37,244.9,366143
2021-06-14 09:16:39,244.9,367745
2021-06-14 09:16:39,244.9,367549
2021-06-14 09:16:40,244.9,367845
2021-06-14 09:16:41,244.85,368975
2021-06-14 09:16:42,244.85,369080
2021-06-14 09:16:43,244.9,371096
2021-06-14 09:16:44,244.8,372759
2021-06-14 09:16:45,244.85,372857
2021-06-14 09:16:46,244.8,374677
2021-06-14 09:16:47,244.9,376987
2021-06-14 09:16:49,244.9,377192
2021-06-14 09:16:49,244.9,377192
2021-06-14 09:16:50,244.9,377587
2021-06-14 09:16:51,244.9,377777
2021-06-14 09:16:53,244.95,400007
2021-06-14 09:16:53,244.95,400007
2021-06-14 09:16:54,244.8,406310
2021-06-14 09:16:55,244.75,408645
2021-06-14 09:16:56,244.6,411805
2021-06-14 09:16:57,244.8,412597
2021-06-14 09:16:58,244.6,417313
2021-06-14 09:16:59,244.55,419645
2021-06-14 09:17:01,244.55,424746
2021-06-14 09:17:03,244.5,429013
2021-06-14 09:17:04,244.4,429746
2021-06-14 09:17:05,244.3,432143
2021-06-14 09:17:06,243.95,449085
2021-06-14 09:17:06,243.9,449895
2021-06-14 09:17:07,243.9,453983
2021-06-14 09:17:08,243.9,455502
2021-06-14 09:17:09,243.9,457586
2021-06-14 09:17:10,243.7,458066
2021-06-14 09:17:11,243.85,458253
2021-06-14 09:17:12,243.75,461433
2021-06-14 09:17:15,243.95,463179
2021-06-14 09:17:15,243.85,463230
2021-06-14 09:17:16,243.95,463274
2021-06-14 09:17:17,243.9,466079
2021-06-14 09:17:19,243.8,466590
2021-06-14 09:17:19,243.75,468590
2021-06-14 09:17:20,243.9,469514
2021-06-14 09:17:21,243.85,470022
2021-06-14 09:17:22,244.05,479297
2021-06-14 09:17:23,244.0,481499
2021-06-14 09:17:25,244.2,489828
2021-06-14 09:17:26,244.45,490063
2021-06-14 09:17:27,244.3,494745
2021-06-14 09:17:28,244.3,494796
2021-06-14 09:17:29,244.15,495120
2021-06-14 09:17:30,244.3,496402
2021-06-14 09:17:31,244.1,496973
2021-06-14 09:17:31,244.25,497373
2021-06-14 09:17:33,244.2,498589
2021-06-14 09:17:33,244.2,498589
2021-06-14 09:17:34,244.3,499995
2021-06-14 09:17:35,244.3,500095
2021-06-14 09:17:36,244.15,506230
2021-06-14 09:17:37,244.15,506430
2021-06-14 09:17:38,244.25,507979
2021-06-14 09:17:39,244.25,508415
2021-06-14 09:17:40,244.25,510018
2021-06-14 09:17:42,244.15,513856
2021-06-14 09:17:42,244.15,514361
2021-06-14 09:17:43,244.0,518965
2021-06-14 09:17:44,244.15,519621
2021-06-14 09:17:45,244.15,519776
2021-06-14 09:17:46,244.15,520811
2021-06-14 09:17:47,243.95,530421
2021-06-14 09:17:48,243.75,538286
2021-06-14 09:17:49,243.85,544421
2021-06-14 09:17:50,243.8,547169
2021-06-14 09:17:51,243.7,549462
2021-06-14 09:17:52,243.85,550362
2021-06-14 09:17:54,244.1,553965
2021-06-14 09:17:55,244.0,554870
2021-06-14 09:17:56,244.15,557671
2021-06-14 09:17:57,244.15,558315
2021-06-14 09:17:58,244.0,558588
2021-06-14 09:17:58,244.0,558408
2021-06-14 09:17:59,244.15,558598
2021-06-14 09:18:01,244.0,560702
2021-06-14 09:18:02,244.15,560823
2021-06-14 09:18:03,244.15,562018
2021-06-14 09:18:04,244.1,565036
2021-06-14 09:18:05,243.65,575083
2021-06-14 09:18:06,243.75,575215
2021-06-14 09:18:07,243.8,579965
2021-06-14 09:18:08,244.05,580475
2021-06-14 09:18:08,244.05,580374
2021-06-14 09:18:10,244.0,584764
2021-06-14 09:18:11,244.0,585077
2021-06-14 09:18:11,243.95,584914
2021-06-14 09:18:12,244.0,586325
2021-06-14 09:18:13,244.0,586376
2021-06-14 09:18:14,244.0,587505
2021-06-14 09:18:16,243.85,592337
2021-06-14 09:18:17,243.9,592736
2021-06-14 09:18:18,243.9,593386
2021-06-14 09:18:19,243.8,593456
2021-06-14 09:18:20,243.85,593589
2021-06-14 09:18:21,243.9,594684
2021-06-14 09:18:23,243.9,594839
2021-06-14 09:18:24,243.8,598670
2021-06-14 09:18:25,243.75,601365
2021-06-14 09:18:25,243.75,601565
2021-06-14 09:18:27,243.75,603269
2021-06-14 09:18:28,243.8,603639
2021-06-14 09:18:29,243.7,606122
2021-06-14 09:18:30,243.85,606158
2021-06-14 09:18:31,244.0,609950
2021-06-14 09:18:32,244.0,609970
2021-06-14 09:18:33,244.0,610830
2021-06-14 09:18:34,244.0,611886
2021-06-14 09:18:35,244.0,612762
2021-06-14 09:18:35,244.0,612765
2021-06-14 09:18:36,243.95,612890
2021-06-14 09:18:38,244.0,613521
2021-06-14 09:18:39,244.0,613576
2021-06-14 09:18:40,244.0,613956
2021-06-14 09:18:41,244.0,614581
2021-06-14 09:18:42,244.05,616012
2021-06-14 09:18:42,244.05,616012
2021-06-14 09:18:43,244.1,618609
2021-06-14 09:18:44,244.15,620515
2021-06-14 09:18:45,244.15,621123
2021-06-14 09:18:46,244.05,621323
2021-06-14 09:18:47,244.15,621326
2021-06-14 09:18:49,244.05,621886
2021-06-14 09:18:50,244.05,622069
2021-06-14 09:18:51,244.2,622330
2021-06-14 09:18:53,244.2,622620
2021-06-14 09:18:54,244.15,624246
2021-06-14 09:18:55,244.25,624526
2021-06-14 09:18:55,244.15,625040
2021-06-14 09:18:56,244.25,626045
2021-06-14 09:18:57,244.15,626669
2021-06-14 09:18:58,244.25,629828
2021-06-14 09:18:59,244.25,630296
2021-06-14 09:19:01,244.3,630946
2021-06-14 09:19:01,244.3,630996
2021-06-14 09:19:03,244.35,636137
2021-06-14 09:19:04,244.4,637267
2021-06-14 09:19:04,244.15,649611
2021-06-14 09:19:05,244.4,676487
2021-06-14 09:19:06,244.25,681012
2021-06-14 09:19:09,244.4,681447
2021-06-14 09:19:10,244.4,681595
2021-06-14 09:19:11,244.4,683263
2021-06-14 09:19:12,244.25,685318
2021-06-14 09:19:13,244.1,685815
2021-06-14 09:19:14,244.2,686103
2021-06-14 09:19:15,244.0,691286
2021-06-14 09:19:16,243.85,691854
2021-06-14 09:19:17,244.0,692636
2021-06-14 09:19:18,244.0,692640
2021-06-14 09:19:19,244.0,693465
2021-06-14 09:19:19,244.0,693465
2021-06-14 09:19:21,243.85,698232
2021-06-14 09:19:22,244.0,698374
2021-06-14 09:19:23,244.0,699312
2021-06-14 09:19:24,244.0,699312
2021-06-14 09:19:25,244.0,703128
2021-06-14 09:19:26,244.15,703432
2021-06-14 09:19:27,244.15,703472
2021-06-14 09:19:29,244.1,709073
2021-06-14 09:19:30,244.1,710869
2021-06-14 09:19:31,244.35,713293
2021-06-14 09:19:32,244.3,715387
2021-06-14 09:19:33,244.4,715396
2021-06-14 09:19:34,244.25,716872
2021-06-14 09:19:35,244.05,717452
2021-06-14 09:19:36,244.0,718180
2021-06-14 09:19:37,244.15,718290
2021-06-14 09:19:38,244.0,718525
2021-06-14 09:19:39,244.0,719619
2021-06-14 09:19:40,244.25,720127
2021-06-14 09:19:40,244.25,720127
2021-06-14 09:19:41,244.25,720311
2021-06-14 09:19:42,244.0,721045
2021-06-14 09:19:43,244.05,721175
2021-06-14 09:19:44,244.15,722354
2021-06-14 09:19:45,244.15,723128
2021-06-14 09:19:46,244.25,723423
2021-06-14 09:19:47,244.35,723812
2021-06-14 09:19:48,244.25,724067
2021-06-14 09:19:49,244.25,724410
2021-06-14 09:19:51,244.2,725098
2021-06-14 09:19:52,244.3,725215
2021-06-14 09:19:53,244.35,726419
2021-06-14 09:19:54,244.25,726793
2021-06-14 09:19:55,244.35,726795
2021-06-14 09:19:56,244.35,727718
2021-06-14 09:19:57,244.35,728031
2021-06-14 09:19:57,244.35,727897
2021-06-14 09:19:58,244.4,728184
2021-06-14 09:20:00,244.35,728434
2021-06-14 09:20:01,244.3,729057
2021-06-14 09:20:02,244.3,729479
2021-06-14 09:20:03,244.1,734202
2021-06-14 09:20:03,244.25,734232
2021-06-14 09:20:04,244.05,737874
2021-06-14 09:20:05,244.0,739389
2021-06-14 09:20:06,244.0,739558
2021-06-14 09:20:07,244.05,741036
2021-06-14 09:20:08,244.15,741146
2021-06-14 09:20:09,244.0,743665
2021-06-14 09:20:11,244.1,744941
2021-06-14 09:20:12,244.1,747662
2021-06-14 09:20:12,244.1,747662
2021-06-14 09:20:13,244.15,749866
2021-06-14 09:20:14,244.1,751778
2021-06-14 09:20:15,244.3,752579
2021-06-14 09:20:17,244.5,753261
2021-06-14 09:20:18,244.7,764460
2021-06-14 09:20:19,244.7,764785
2021-06-14 09:20:20,244.65,771400
2021-06-14 09:20:21,244.45,775375
2021-06-14 09:20:22,244.6,776530
2021-06-14 09:20:22,244.65,776630
2021-06-14 09:20:23,244.65,776808
2021-06-14 09:20:24,244.65,777515
2021-06-14 09:20:25,244.65,777717
2021-06-14 09:20:27,244.65,777807
2021-06-14 09:20:28,244.65,777947
2021-06-14 09:20:29,244.65,778411
2021-06-14 09:20:30,244.55,778458
2021-06-14 09:20:31,244.8,782636
2021-06-14 09:20:32,244.9,784041
2021-06-14 09:20:33,244.75,784134
2021-06-14 09:20:34,244.9,784985
2021-06-14 09:20:35,244.75,786691
2021-06-14 09:20:36,244.9,787238
2021-06-14 09:20:36,244.9,787238
2021-06-14 09:20:37,244.9,787773
2021-06-14 09:20:38,244.95,788503
2021-06-14 09:20:40,244.9,790308
2021-06-14 09:20:41,244.95,790708
2021-06-14 09:20:42,244.95,790761
2021-06-14 09:20:43,244.95,790971
2021-06-14 09:20:44,244.9,791036
2021-06-14 09:20:45,244.95,795770
2021-06-14 09:20:45,245.05,799742
2021-06-14 09:20:46,245.05,802029
2021-06-14 09:20:47,245.1,802082
2021-06-14 09:20:48,245.25,802382
2021-06-14 09:20:49,245.25,802886
2021-06-14 09:20:50,245.3,803411
2021-06-14 09:20:51,245.3,803411
2021-06-14 09:20:52,245.3,803521
2021-06-14 09:20:53,245.15,803864
2021-06-14 09:20:55,245.3,804139
2021-06-14 09:20:56,245.45,808133
2021-06-14 09:20:57,245.3,810638
2021-06-14 09:20:59,245.3,811080
2021-06-14 09:21:02,245.3,813789
2021-06-14 09:21:03,245.4,814094
2021-06-14 09:21:04,245.4,815704
2021-06-14 09:21:05,245.45,816915
2021-06-14 09:21:06,245.5,819164
2021-06-14 09:21:08,245.5,819415
2021-06-14 09:21:09,245.45,819441
2021-06-14 09:21:10,245.45,819848
2021-06-14 09:21:11,245.6,821098
2021-06-14 09:21:12,245.5,821548
2021-06-14 09:21:13,245.45,822165
2021-06-14 09:21:14,245.6,822266
2021-06-14 09:21:15,245.5,822366
2021-06-14 09:21:15,245.5,822386
2021-06-14 09:21:16,245.6,822394
2021-06-14 09:21:18,245.6,822474
2021-06-14 09:21:18,245.6,822525
2021-06-14 09:21:19,245.6,823580
2021-06-14 09:21:21,245.6,824353
2021-06-14 09:21:23,245.5,824616
2021-06-14 09:21:24,245.6,826230
2021-06-14 09:21:25,245.5,828308
2021-06-14 09:21:26,245.6,828612
2021-06-14 09:21:27,245.6,828674
2021-06-14 09:21:27,245.6,828674
2021-06-14 09:21:28,245.55,828840
2021-06-14 09:21:29,245.5,830210
2021-06-14 09:21:31,245.6,830911
2021-06-14 09:21:32,245.35,834816
2021-06-14 09:21:32,245.25,836909
2021-06-14 09:21:33,245.3,837019
2021-06-14 09:21:35,245.3,838176
2021-06-14 09:21:36,245.3,838186
2021-06-14 09:21:36,245.35,838796
2021-06-14 09:21:38,245.35,838846
2021-06-14 09:21:39,245.4,838966
2021-06-14 09:21:40,245.4,841367
2021-06-14 09:21:41,245.45,843570
2021-06-14 09:21:41,245.45,843570
2021-06-14 09:21:42,245.25,845375
2021-06-14 09:21:43,245.4,845400
2021-06-14 09:21:44,245.45,848600
2021-06-14 09:21:45,245.5,849200
2021-06-14 09:21:47,245.45,856665
2021-06-14 09:21:47,245.45,856665
2021-06-14 09:21:48,245.45,856665
2021-06-14 09:21:49,245.45,857015
2021-06-14 09:21:51,245.6,857035
2021-06-14 09:21:52,245.6,857341
2021-06-14 09:21:53,245.6,857466
2021-06-14 09:21:54,245.5,857593
2021-06-14 09:21:55,245.6,857884
2021-06-14 09:21:56,245.6,858343
2021-06-14 09:21:57,245.35,861765
2021-06-14 09:21:58,245.55,864358
2021-06-14 09:21:58,245.55,864358
2021-06-14 09:22:00,245.6,865393
2021-06-14 09:22:01,245.6,865429
2021-06-14 09:22:02,245.5,865539
2021-06-14 09:22:02,245.5,865539
2021-06-14 09:22:03,245.2,875654
2021-06-14 09:22:04,245.3,879347
2021-06-14 09:22:05,245.3,879357
2021-06-14 09:22:06,245.35,879557
2021-06-14 09:22:08,245.35,880177
2021-06-14 09:22:09,245.3,880244
2021-06-14 09:22:10,245.3,880304
2021-06-14 09:22:11,245.2,881683
2021-06-14 09:22:13,245.4,881713
2021-06-14 09:22:14,245.2,886920
2021-06-14 09:22:15,245.2,886920
2021-06-14 09:22:16,245.3,889000
2021-06-14 09:22:17,245.3,889000
2021-06-14 09:22:18,245.3,891026
2021-06-14 09:22:19,245.3,891028
2021-06-14 09:22:20,245.2,891304
2021-06-14 09:22:21,245.2,891304
2021-06-14 09:22:22,245.35,892106
2021-06-14 09:22:23,245.4,894112
2021-06-14 09:22:23,245.4,894112
2021-06-14 09:22:25,245.3,894188
2021-06-14 09:22:25,245.4,894324
2021-06-14 09:22:26,245.45,894529
2021-06-14 09:22:27,245.45,894738
2021-06-14 09:22:28,245.45,894738
2021-06-14 09:22:30,245.35,894848
2021-06-14 09:22:31,245.45,895003
2021-06-14 09:22:32,245.45,895128
2021-06-14 09:22:33,245.4,895786
2021-06-14 09:22:34,245.3,897494
2021-06-14 09:22:35,245.45,897614
2021-06-14 09:22:36,245.45,897816
2021-06-14 09:22:37,245.4,897817
2021-06-14 09:22:39,245.4,898464
2021-06-14 09:22:40,245.45,898689
2021-06-14 09:22:40,245.45,898739
2021-06-14 09:22:41,245.45,898793
2021-06-14 09:22:42,245.35,898844
2021-06-14 09:22:44,245.45,899213
2021-06-14 09:22:45,245.45,899231
2021-06-14 09:22:46,245.4,899868
2021-06-14 09:22:47,245.3,907885
2021-06-14 09:22:48,245.3,908437
2021-06-14 09:22:48,245.3,908437
2021-06-14 09:22:50,245.15,912240
2021-06-14 09:22:51,245.15,912331
2021-06-14 09:22:52,245.15,912436
2021-06-14 09:22:53,245.15,912446
2021-06-14 09:22:54,245.15,912679
2021-06-14 09:22:55,245.15,912679
2021-06-14 09:22:56,245.15,912779
2021-06-14 09:22:58,245.05,912789
2021-06-14 09:22:59,245.2,914089
2021-06-14 09:23:00,245.15,914197
2021-06-14 09:23:01,245.15,914480
2021-06-14 09:23:02,245.05,914580
2021-06-14 09:23:03,245.05,914996
2021-06-14 09:23:04,245.1,915350
2021-06-14 09:23:05,245.05,915495
2021-06-14 09:23:07,244.8,938862
2021-06-14 09:23:08,244.85,938992
2021-06-14 09:23:09,244.9,940542
2021-06-14 09:23:10,244.9,940542
2021-06-14 09:23:12,244.7,940692
2021-06-14 09:23:13,244.75,940728
2021-06-14 09:23:13,244.9,941104
2021-06-14 09:23:14,244.75,941150
2021-06-14 09:23:15,244.75,941350
2021-06-14 09:23:16,244.75,945357
2021-06-14 09:23:17,244.75,945357
2021-06-14 09:23:20,244.75,945357
2021-06-14 09:23:19,244.75,945357
2021-06-14 09:23:21,244.9,945482
2021-06-14 09:23:22,244.75,945752
2021-06-14 09:23:23,244.9,946272
2021-06-14 09:23:24,244.7,946572
2021-06-14 09:23:25,244.85,947133
2021-06-14 09:23:26,244.85,947133
2021-06-14 09:23:27,244.85,947337
2021-06-14 09:23:28,244.85,948679
2021-06-14 09:23:29,244.7,948684
2021-06-14 09:23:30,244.85,948888
2021-06-14 09:23:31,244.85,948956
2021-06-14 09:23:32,244.8,949611
2021-06-14 09:23:33,244.85,954732
2021-06-14 09:23:34,244.75,954748
2021-06-14 09:23:35,244.75,954748
2021-06-14 09:23:36,244.85,955000
2021-06-14 09:23:37,244.5,959582
2021-06-14 09:23:38,244.6,960400
2021-06-14 09:23:39,244.6,962851
2021-06-14 09:23:40,244.6,962871
2021-06-14 09:23:41,244.6,962871
2021-06-14 09:23:42,244.5,964260
2021-06-14 09:23:43,244.5,964311
2021-06-14 09:23:44,244.5,964334
2021-06-14 09:23:45,244.6,964654
2021-06-14 09:23:46,244.6,964744
2021-06-14 09:23:47,244.6,964745
2021-06-14 09:23:48,244.3,982083
2021-06-14 09:23:49,244.35,982193
2021-06-14 09:23:50,244.4,982554
2021-06-14 09:23:52,244.35,982818
2021-06-14 09:23:53,244.35,983018
2021-06-14 09:23:54,244.5,983021
2021-06-14 09:23:55,244.5,983193
2021-06-14 09:23:56,244.35,983295
2021-06-14 09:23:57,244.5,983395
2021-06-14 09:23:58,244.35,986311
2021-06-14 09:23:59,244.25,989524
2021-06-14 09:24:00,244.4,989525
2021-06-14 09:24:02,244.4,989855
2021-06-14 09:24:03,244.35,990043
2021-06-14 09:24:04,244.4,991103
2021-06-14 09:24:05,244.35,991313
2021-06-14 09:24:06,244.35,991778
2021-06-14 09:24:07,244.35,991972
2021-06-14 09:24:08,244.35,992172
2021-06-14 09:24:09,244.35,992529
2021-06-14 09:24:10,244.25,993229
2021-06-14 09:24:11,244.25,993830
2021-06-14 09:24:12,244.35,993883
2021-06-14 09:24:13,244.25,993934
2021-06-14 09:24:14,244.25,993934
2021-06-14 09:24:15,244.35,993984
2021-06-14 09:24:16,244.3,993985
2021-06-14 09:24:17,244.35,993990
2021-06-14 09:24:18,244.35,994136
2021-06-14 09:24:19,244.35,994136
2021-06-14 09:24:20,244.3,994141
2021-06-14 09:24:21,244.25,994341
2021-06-14 09:24:22,244.25,994341
2021-06-14 09:24:23,244.25,994341
2021-06-14 09:24:24,244.25,995376
2021-06-14 09:24:25,244.25,995526
2021-06-14 09:24:26,244.2,996146
2021-06-14 09:24:27,244.25,996404
2021-06-14 09:24:28,244.25,996504
2021-06-14 09:24:29,244.2,996515
2021-06-14 09:24:30,244.25,996615
2021-06-14 09:24:31,244.25,996696
2021-06-14 09:24:32,244.2,997400
2021-06-14 09:24:33,244.25,997453
2021-06-14 09:24:35,244.25,997752
2021-06-14 09:24:36,244.2,997763
2021-06-14 09:24:37,244.2,998925
2021-06-14 09:24:38,244.2,998925
2021-06-14 09:24:39,244.2,999926
2021-06-14 09:24:40,244.25,1001061
2021-06-14 09:24:41,244.25,1001372
2021-06-14 09:24:42,244.25,1001472
2021-06-14 09:24:43,244.2,1001482
2021-06-14 09:24:44,244.2,1001502
2021-06-14 09:24:46,244.25,1005897
2021-06-14 09:24:47,244.1,1007775
2021-06-14 09:24:48,244.2,1007864
2021-06-14 09:24:49,244.1,1008581
2021-06-14 09:24:50,244.2,1008592
2021-06-14 09:24:51,244.1,1008792
2021-06-14 09:24:52,244.2,1008891
2021-06-14 09:24:53,244.2,1008956
2021-06-14 09:24:54,244.2,1009277
2021-06-14 09:24:55,244.1,1010457
2021-06-14 09:24:56,244.2,1010562
2021-06-14 09:24:57,244.1,1010612
2021-06-14 09:24:58,244.1,1010676
2021-06-14 09:24:59,244.1,1010750
2021-06-14 09:25:00,244.1,1010800
2021-06-14 09:25:01,244.05,1016635
2021-06-14 09:25:02,244.1,1016685
2021-06-14 09:25:04,243.9,1048218
2021-06-14 09:25:05,243.85,1051582
2021-06-14 09:25:06,243.65,1051914
2021-06-14 09:25:07,243.6,1055852
2021-06-14 09:25:08,243.8,1056161
2021-06-14 09:25:09,243.8,1056388
2021-06-14 09:25:10,243.6,1056896
2021-06-14 09:25:11,243.65,1057051
2021-06-14 09:25:12,243.6,1057270
2021-06-14 09:25:13,243.6,1062628
2021-06-14 09:25:14,243.75,1065378
2021-06-14 09:25:15,243.55,1066017
2021-06-14 09:25:16,243.75,1066156
2021-06-14 09:25:17,243.75,1066171
2021-06-14 09:25:18,243.75,1066245
2021-06-14 09:25:19,243.7,1069490
2021-06-14 09:25:20,243.5,1069625
2021-06-14 09:25:21,243.5,1069625
2021-06-14 09:25:22,243.75,1069825
2021-06-14 09:25:23,243.6,1070950
2021-06-14 09:25:24,243.75,1072081
2021-06-14 09:25:25,243.55,1073664
2021-06-14 09:25:26,243.75,1073992
2021-06-14 09:25:27,243.7,1074124
2021-06-14 09:25:28,243.55,1074423
2021-06-14 09:25:29,243.75,1075631
2021-06-14 09:25:30,243.75,1075720
2021-06-14 09:25:32,243.6,1075936
2021-06-14 09:25:34,243.75,1076537
2021-06-14 09:25:35,243.7,1076604
2021-06-14 09:25:36,243.7,1076805
2021-06-14 09:25:37,243.7,1076918
2021-06-14 09:25:38,243.55,1077018
2021-06-14 09:25:39,243.55,1077048
2021-06-14 09:25:40,243.65,1078073
2021-06-14 09:25:41,243.65,1078073
2021-06-14 09:25:42,243.55,1078373
2021-06-14 09:25:43,243.55,1080508
2021-06-14 09:25:44,243.6,1081508
2021-06-14 09:25:45,243.55,1081528
2021-06-14 09:25:46,243.55,1082698
2021-06-14 09:25:47,243.6,1083010
2021-06-14 09:25:49,243.6,1084384
2021-06-14 09:25:50,243.65,1088471
2021-06-14 09:25:51,243.8,1095680
2021-06-14 09:25:52,243.75,1096638
2021-06-14 09:25:53,243.8,1099733
2021-06-14 09:25:54,243.8,1099922
2021-06-14 09:25:55,243.8,1100055
2021-06-14 09:25:56,243.8,1100099
2021-06-14 09:25:57,243.8,1100829
2021-06-14 09:25:58,243.8,1100849
2021-06-14 09:25:59,243.8,1101333
2021-06-14 09:26:00,243.7,1101571
2021-06-14 09:26:01,243.8,1102083
2021-06-14 09:26:02,243.8,1102359
2021-06-14 09:26:03,243.7,1102799
2021-06-14 09:26:04,243.7,1102829
2021-06-14 09:26:05,243.8,1103229
2021-06-14 09:26:06,243.65,1104348
2021-06-14 09:26:07,243.8,1104349
2021-06-14 09:26:08,243.8,1104744
2021-06-14 09:26:09,243.8,1105854
2021-06-14 09:26:09,243.8,1106854
2021-06-14 09:26:10,243.7,1106857
2021-06-14 09:26:11,243.8,1107382
2021-06-14 09:26:12,243.8,1108282
2021-06-14 09:26:13,243.8,1108302
2021-06-14 09:26:14,243.85,1110812
2021-06-14 09:26:18,243.8,1115349
2021-06-14 09:26:19,243.7,1115357
2021-06-14 09:26:20,243.8,1115372
2021-06-14 09:26:21,243.8,1115422
2021-06-14 09:26:22,243.8,1115472
2021-06-14 09:26:23,243.8,1116545
2021-06-14 09:26:24,243.8,1117830
2021-06-14 09:26:25,243.8,1117918
2021-06-14 09:26:26,243.65,1118140
2021-06-14 09:26:27,243.8,1118809
2021-06-14 09:26:28,243.75,1119544
2021-06-14 09:26:29,243.45,1129287
2021-06-14 09:26:30,243.6,1135684
2021-06-14 09:26:31,243.7,1136606
2021-06-14 09:26:32,243.5,1136611
2021-06-14 09:26:33,243.65,1136711
2021-06-14 09:26:34,243.7,1137862
2021-06-14 09:26:35,243.75,1137882
2021-06-14 09:26:36,243.55,1137987
2021-06-14 09:26:37,243.75,1140567
2021-06-14 09:26:38,243.6,1141040
2021-06-14 09:26:39,243.65,1144099
2021-06-14 09:26:40,243.7,1145122
2021-06-14 09:26:41,243.7,1146122
2021-06-14 09:26:42,243.75,1160756
2021-06-14 09:26:43,243.75,1163832
2021-06-14 09:26:44,243.75,1164794
2021-06-14 09:26:45,243.75,1165356
2021-06-14 09:26:46,243.75,1165459
2021-06-14 09:26:47,243.75,1165503
2021-06-14 09:26:48,243.55,1165879
2021-06-14 09:26:49,243.7,1166278
2021-06-14 09:26:50,243.75,1166528
2021-06-14 09:26:51,243.65,1168349
2021-06-14 09:26:52,243.75,1169294
2021-06-14 09:26:53,243.75,1169444
2021-06-14 09:26:54,243.6,1169920
2021-06-14 09:26:55,243.6,1169920
2021-06-14 09:26:56,243.75,1169955
2021-06-14 09:26:57,243.75,1169955
2021-06-14 09:26:58,243.6,1170879
2021-06-14 09:26:59,243.6,1170879
2021-06-14 09:27:00,243.65,1171479
2021-06-14 09:27:01,243.6,1175569
2021-06-14 09:27:02,243.5,1175593
2021-06-14 09:27:03,243.45,1179815
2021-06-14 09:27:04,243.5,1182410
2021-06-14 09:27:05,243.55,1182863
2021-06-14 09:27:06,243.4,1182864
2021-06-14 09:27:07,243.4,1182865
2021-06-14 09:27:08,243.4,1182912
2021-06-14 09:27:09,243.55,1182923
2021-06-14 09:27:10,243.55,1182923
2021-06-14 09:27:11,243.55,1182923
2021-06-14 09:27:12,243.5,1183049
2021-06-14 09:27:13,243.65,1183554
2021-06-14 09:27:14,243.55,1185215
2021-06-14 09:27:15,243.55,1185215
2021-06-14 09:27:16,243.5,1185715
2021-06-14 09:27:17,243.8,1195733
2021-06-14 09:27:18,243.6,1196080
2021-06-14 09:27:19,243.5,1200474
2021-06-14 09:27:20,243.5,1200573
2021-06-14 09:27:21,243.65,1200598
2021-06-14 09:27:23,243.75,1203176
2021-06-14 09:27:24,243.75,1203176
2021-06-14 09:27:24,243.75,1203176
2021-06-14 09:27:25,243.65,1203277
2021-06-14 09:27:27,243.65,1203712
2021-06-14 09:27:28,243.7,1204081
2021-06-14 09:27:29,243.65,1204131
2021-06-14 09:27:30,243.75,1204141
2021-06-14 09:27:31,243.75,1204657
2021-06-14 09:27:32,243.75,1204667
2021-06-14 09:27:33,243.65,1205007
2021-06-14 09:27:35,243.65,1205107
2021-06-14 09:27:34,243.65,1205057
2021-06-14 09:27:36,243.65,1205217
2021-06-14 09:27:37,243.65,1205217
2021-06-14 09:27:38,243.5,1215778
2021-06-14 09:27:40,243.55,1219421
2021-06-14 09:27:41,243.5,1219665
2021-06-14 09:27:42,243.4,1220650
2021-06-14 09:27:42,243.5,1220694
2021-06-14 09:27:43,243.45,1220744
2021-06-14 09:27:44,243.5,1223316
2021-06-14 09:27:46,243.45,1223341
2021-06-14 09:27:52,243.45,1227036
2021-06-14 09:27:58,243.65,1229131
2021-06-14 09:28:03,243.45,1231696
2021-06-14 09:28:09,243.7,1232050
2021-06-14 09:28:14,243.55,1232316
2021-06-14 09:28:20,243.55,1232786
2021-06-14 09:28:26,243.6,1238541
2021-06-14 09:28:32,243.45,1241036
2021-06-14 09:28:43,243.65,1244238
2021-06-14 09:28:49,243.7,1254809
2021-06-14 09:28:54,243.75,1265050
2021-06-14 09:29:00,243.65,1268666
2021-06-14 09:29:06,243.4,1270327
2021-06-14 09:29:11,243.35,1273949
2021-06-14 09:29:16,243.25,1275467
2021-06-14 09:29:22,243.3,1277093
2021-06-14 09:29:27,243.4,1280354
2021-06-14 09:29:33,243.25,1282525
2021-06-14 09:29:38,243.15,1291532
2021-06-14 09:29:49,243.2,1296395
2021-06-14 09:29:55,243.15,1299314
2021-06-14 09:30:00,243.15,1302248
2021-06-14 09:30:06,243.2,1313229
2021-06-14 09:30:12,243.35,1316828
2021-06-14 09:30:17,243.35,1319298
2021-06-14 09:30:28,243.15,1334496
2021-06-14 09:30:33,242.9,1362140
2021-06-14 09:30:39,242.95,1383456
2021-06-14 09:30:44,242.95,1399085
2021-06-14 09:30:50,242.8,1402559
2021-06-14 09:30:55,242.8,1404057
2021-06-14 09:31:01,242.9,1405966
2021-06-14 09:31:07,242.75,1410405
2021-06-14 09:31:12,242.9,1413119
2021-06-14 09:31:18,242.85,1413901
2021-06-14 09:31:23,242.85,1429944
2021-06-14 09:31:28,242.65,1433119
2021-06-14 09:31:35,242.65,1433862
2021-06-14 09:31:40,242.55,1447007
2021-06-14 09:31:46,242.85,1456354
2021-06-14 09:31:52,242.7,1460652
2021-06-14 09:31:57,243.1,1471286
2021-06-14 09:32:03,243.2,1485608
2021-06-14 09:32:08,243.1,1491378
2021-06-14 09:32:14,243.05,1502513
2021-06-14 09:32:19,242.95,1505947
2021-06-14 09:32:30,242.5,1514998
2021-06-14 09:32:42,242.85,1521981
2021-06-14 09:32:45,242.5,1558695
2021-06-14 09:32:46,242.5,1561147
2021-06-14 09:32:47,242.45,1561791
2021-06-14 09:32:48,242.1,1567937
2021-06-14 09:32:49,242.25,1568887
2021-06-14 09:32:50,242.15,1570707
2021-06-14 09:32:51,242.35,1570808
2021-06-14 09:32:52,242.4,1571010
2021-06-14 09:32:53,242.4,1571054
2021-06-14 09:32:54,242.35,1571264
2021-06-14 09:32:55,242.35,1571364
2021-06-14 09:32:56,242.2,1572951
2021-06-14 09:32:57,242.2,1572951
2021-06-14 09:32:58,242.35,1574027
2021-06-14 09:33:00,242.2,1574208
2021-06-14 09:33:01,242.3,1574808
2021-06-14 09:33:02,242.3,1574852
2021-06-14 09:33:03,242.35,1575017
2021-06-14 09:33:04,242.4,1575077
2021-06-14 09:33:05,242.25,1576485
2021-06-14 09:33:06,242.4,1576626
2021-06-14 09:33:07,242.4,1576886
2021-06-14 09:33:08,242.25,1577220
2021-06-14 09:33:10,242.4,1577281
2021-06-14 09:33:11,242.55,1582926
2021-06-14 09:33:12,242.5,1583269
2021-06-14 09:33:13,242.5,1583319
2021-06-14 09:33:14,242.5,1583320
2021-06-14 09:33:15,242.5,1584189
2021-06-14 09:33:16,242.5,1584236
2021-06-14 09:33:17,242.55,1585164
2021-06-14 09:33:18,242.5,1585446
2021-06-14 09:33:19,242.55,1585496
2021-06-14 09:33:20,242.55,1585511
2021-06-14 09:33:21,242.55,1585511
2021-06-14 09:33:22,242.55,1585582
2021-06-14 09:33:23,242.55,1585701
2021-06-14 09:33:24,242.55,1586259
2021-06-14 09:33:25,242.55,1586284
2021-06-14 09:33:26,242.5,1586301
2021-06-14 09:33:27,242.55,1586321
2021-06-14 09:33:28,242.5,1586398
2021-06-14 09:33:29,242.5,1587766
2021-06-14 09:33:30,242.5,1588602
2021-06-14 09:33:31,242.5,1588711
2021-06-14 09:33:32,242.45,1589969
2021-06-14 09:33:33,242.45,1589969
2021-06-14 09:33:35,242.6,1594247
2021-06-14 09:33:36,242.65,1594267
2021-06-14 09:33:37,242.65,1594277
2021-06-14 09:33:38,242.65,1594444
2021-06-14 09:33:40,242.45,1598984
2021-06-14 09:33:41,242.5,1601781
2021-06-14 09:33:42,242.65,1601969
2021-06-14 09:33:43,242.65,1602174
2021-06-14 09:33:45,242.7,1603105
2021-06-14 09:33:44,242.65,1603003
2021-06-14 09:33:46,242.6,1603705
2021-06-14 09:33:47,242.7,1603707
2021-06-14 09:33:48,242.6,1613173
2021-06-14 09:33:48,242.7,1613223
2021-06-14 09:33:49,242.5,1613393
2021-06-14 09:33:50,242.65,1613707
2021-06-14 09:33:51,242.7,1613999
2021-06-14 09:33:54,242.5,1614199
2021-06-14 09:33:55,242.7,1614209
2021-06-14 09:33:56,242.5,1614309
2021-06-14 09:33:57,242.7,1614353
2021-06-14 09:33:58,242.7,1614444
2021-06-14 09:34:00,242.6,1615497
2021-06-14 09:34:01,242.6,1615576
2021-06-14 09:34:02,242.6,1617244
2021-06-14 09:34:03,242.5,1617981
2021-06-14 09:34:04,242.5,1618039
2021-06-14 09:34:05,242.6,1618228
2021-06-14 09:34:06,242.55,1618248
2021-06-14 09:34:07,242.6,1618304
2021-06-14 09:34:08,242.6,1618750
2021-06-14 09:34:09,242.6,1621597
2021-06-14 09:34:10,242.7,1621702
2021-06-14 09:34:13,242.8,1624454
2021-06-14 09:34:14,242.8,1624482
2021-06-14 09:34:15,242.8,1624517
2021-06-14 09:34:16,242.8,1624518
2021-06-14 09:34:17,242.75,1624937
2021-06-14 09:34:18,242.65,1625035
2021-06-14 09:34:19,242.65,1625035
2021-06-14 09:34:20,242.6,1625047
2021-06-14 09:34:21,242.6,1625047
2021-06-14 09:34:22,242.6,1625047
2021-06-14 09:34:23,242.7,1625247
2021-06-14 09:34:24,242.6,1627178
2021-06-14 09:34:25,242.5,1627278
2021-06-14 09:34:27,242.5,1627512
2021-06-14 09:34:28,242.6,1627619
2021-06-14 09:34:29,242.7,1627719
2021-06-14 09:34:31,242.6,1627856
2021-06-14 09:34:32,242.6,1627881
2021-06-14 09:34:33,242.7,1627899
2021-06-14 09:34:34,242.6,1627955
2021-06-14 09:34:35,242.6,1628500
2021-06-14 09:34:36,242.7,1628546
2021-06-14 09:34:37,242.7,1628546
2021-06-14 09:34:38,242.6,1629074
2021-06-14 09:34:39,242.7,1629168
2021-06-14 09:34:40,242.65,1629172
2021-06-14 09:34:41,242.6,1632330
2021-06-14 09:34:42,242.4,1650849
2021-06-14 09:34:43,242.45,1651341
2021-06-14 09:34:44,242.25,1656689
2021-06-14 09:34:45,242.4,1656809
2021-06-14 09:34:46,242.35,1656893
2021-06-14 09:34:48,242.3,1657367
2021-06-14 09:34:49,242.4,1657411
2021-06-14 09:34:51,242.4,1657926
2021-06-14 09:34:53,242.3,1663726
2021-06-14 09:34:54,242.25,1663745
2021-06-14 09:34:56,242.4,1666613
2021-06-14 09:34:57,242.45,1666754
2021-06-14 09:34:59,242.3,1666901
2021-06-14 09:35:00,242.4,1667101
2021-06-14 09:35:01,242.4,1667101
2021-06-14 09:35:02,242.45,1667169
2021-06-14 09:35:03,242.45,1667188
2021-06-14 09:35:04,242.45,1667255
2021-06-14 09:35:05,242.55,1669523
2021-06-14 09:35:06,242.5,1670152
2021-06-14 09:35:07,242.5,1670152
2021-06-14 09:35:08,242.5,1670199
2021-06-14 09:35:09,242.5,1670229
2021-06-14 09:35:10,242.5,1670229
2021-06-14 09:35:11,242.5,1670229
2021-06-14 09:35:13,242.45,1670526
2021-06-14 09:35:14,242.5,1671279
2021-06-14 09:35:15,242.45,1671289
2021-06-14 09:35:16,242.55,1672731
2021-06-14 09:35:17,242.6,1679392
2021-06-14 09:35:18,242.6,1679929
2021-06-14 09:35:19,242.6,1680179
2021-06-14 09:35:20,242.65,1682616
2021-06-14 09:35:21,242.95,1685444
2021-06-14 09:35:22,242.95,1687258
2021-06-14 09:35:23,242.95,1687603
2021-06-14 09:35:24,242.95,1687787
2021-06-14 09:35:25,242.95,1687875
2021-06-14 09:35:27,243.0,1690133
2021-06-14 09:35:28,242.95,1690330
2021-06-14 09:35:29,243.0,1691035
2021-06-14 09:35:31,243.15,1699545
2021-06-14 09:35:32,243.35,1704450
2021-06-14 09:35:33,243.45,1705937
2021-06-14 09:35:34,243.4,1706568
2021-06-14 09:35:35,243.5,1707035
2021-06-14 09:35:36,243.45,1707136
2021-06-14 09:35:37,243.35,1709167
2021-06-14 09:35:38,243.3,1710790
2021-06-14 09:35:39,243.4,1711202
2021-06-14 09:35:40,243.4,1711304
2021-06-14 09:35:41,243.5,1711425
2021-06-14 09:35:42,243.4,1713128
2021-06-14 09:35:43,243.5,1714984
2021-06-14 09:35:44,243.5,1714984
2021-06-14 09:35:45,243.45,1716134
2021-06-14 09:35:46,243.5,1716312
2021-06-14 09:35:47,243.45,1716640
2021-06-14 09:35:48,243.5,1716856
2021-06-14 09:35:49,243.65,1723003
2021-06-14 09:35:50,243.55,1723079
2021-06-14 09:35:51,243.6,1723104
2021-06-14 09:35:52,243.65,1723107
2021-06-14 09:35:54,243.65,1723257
2021-06-14 09:35:53,243.65,1723257
2021-06-14 09:35:55,243.65,1723257
2021-06-14 09:35:56,243.65,1723357
2021-06-14 09:35:57,243.65,1727857
2021-06-14 09:35:58,243.65,1729639
2021-06-14 09:35:59,243.35,1737596
2021-06-14 09:36:00,243.35,1738627
2021-06-14 09:36:01,243.15,1738835
2021-06-14 09:36:03,243.3,1740151
2021-06-14 09:36:04,243.35,1740191
2021-06-14 09:36:05,243.25,1740497
2021-06-14 09:36:06,243.25,1740497
2021-06-14 09:36:08,243.65,1745471
2021-06-14 09:36:09,243.65,1748495
2021-06-14 09:36:10,243.8,1748723
2021-06-14 09:36:11,243.8,1749023
2021-06-14 09:36:12,243.8,1749126
2021-06-14 09:36:13,243.7,1749152
2021-06-14 09:36:14,243.65,1749321
2021-06-14 09:36:15,243.8,1749705
2021-06-14 09:36:16,243.8,1751109
2021-06-14 09:36:17,243.8,1751109
2021-06-14 09:36:18,243.7,1751726
2021-06-14 09:36:19,243.7,1751728
2021-06-14 09:36:20,243.7,1751783
2021-06-14 09:36:21,243.7,1751850
2021-06-14 09:36:22,243.7,1751857
2021-06-14 09:36:23,243.8,1752033
2021-06-14 09:36:24,243.8,1754059
2021-06-14 09:36:25,243.8,1754079
2021-06-14 09:36:26,243.8,1754079
2021-06-14 09:36:27,243.75,1754094
2021-06-14 09:36:28,243.7,1754941
2021-06-14 09:36:29,243.8,1755123
2021-06-14 09:36:30,243.7,1755318
2021-06-14 09:36:31,243.8,1755518
2021-06-14 09:36:32,243.8,1755718
2021-06-14 09:36:33,243.7,1755818
2021-06-14 09:36:34,243.8,1756727
2021-06-14 09:36:35,243.8,1756827
2021-06-14 09:36:36,243.8,1757289
2021-06-14 09:36:38,243.8,1760412
2021-06-14 09:36:39,243.7,1760561
2021-06-14 09:36:42,243.65,1760992
2021-06-14 09:36:43,243.75,1760993
2021-06-14 09:36:44,243.75,1761143
2021-06-14 09:36:45,243.75,1761449
2021-06-14 09:36:47,243.8,1762516
2021-06-14 09:36:48,243.8,1762904
2021-06-14 09:36:49,243.75,1763169
2021-06-14 09:36:50,243.75,1764841
2021-06-14 09:36:51,243.8,1764961
2021-06-14 09:36:52,243.8,1765063
2021-06-14 09:36:53,243.8,1765081
2021-06-14 09:36:54,243.75,1765286
2021-06-14 09:36:55,243.75,1765286
2021-06-14 09:36:56,243.75,1765286
2021-06-14 09:36:57,243.75,1765496
2021-06-14 09:36:58,243.75,1765543
2021-06-14 09:36:59,243.9,1778717
2021-06-14 09:37:01,243.95,1791077
2021-06-14 09:37:02,243.95,1791077
2021-06-14 09:37:03,243.85,1791477
2021-06-14 09:37:04,243.8,1791480
2021-06-14 09:37:05,244.0,1792180
2021-06-14 09:37:07,243.95,1792224
2021-06-14 09:37:08,243.85,1792471
2021-06-14 09:37:09,244.0,1792581
2021-06-14 09:37:10,244.2,1799500
2021-06-14 09:37:11,244.15,1800009
2021-06-14 09:37:12,244.0,1800019
2021-06-14 09:37:13,244.15,1800863
2021-06-14 09:37:15,244.2,1801509
2021-06-14 09:37:14,244.2,1800997
2021-06-14 09:37:16,244.4,1802624
2021-06-14 09:37:17,244.25,1803174
2021-06-14 09:37:18,244.45,1805942
2021-06-14 09:37:19,244.5,1807375
2021-06-14 09:37:20,244.45,1807779
2021-06-14 09:37:21,244.4,1807844
2021-06-14 09:37:22,244.45,1808018
2021-06-14 09:37:23,244.4,1808178
2021-06-14 09:37:25,244.35,1808203
2021-06-14 09:37:25,244.45,1808703
2021-06-14 09:37:26,244.45,1808750
2021-06-14 09:37:27,244.45,1808750
2021-06-14 09:37:28,244.4,1809032
2021-06-14 09:37:29,244.5,1809127
2021-06-14 09:37:30,244.5,1809627
2021-06-14 09:37:31,244.5,1809948
2021-06-14 09:37:33,244.5,1810550
2021-06-14 09:37:34,244.55,1811773
2021-06-14 09:37:35,244.55,1811813
2021-06-14 09:37:36,244.5,1813029
2021-06-14 09:37:37,244.55,1813039
2021-06-14 09:37:38,244.5,1813257
2021-06-14 09:37:38,244.55,1813317
2021-06-14 09:37:40,244.7,1814428
2021-06-14 09:37:41,244.7,1814428
2021-06-14 09:37:42,244.7,1815164
2021-06-14 09:37:43,244.75,1817189
2021-06-14 09:37:50,245.0,1827080
2021-06-14 09:37:55,244.9,1833976
2021-06-14 09:38:06,244.8,1841276
2021-06-14 09:38:11,244.55,1848198
2021-06-14 09:38:17,244.35,1855529
2021-06-14 09:38:23,244.25,1856540
2021-06-14 09:38:28,244.25,1859038
2021-06-14 09:38:34,244.35,1859841
2021-06-14 09:38:39,244.15,1862028
2021-06-14 09:38:45,244.15,1863069
2021-06-14 09:38:50,244.15,1867376
2021-06-14 09:38:55,244.1,1874915
2021-06-14 09:39:01,244.0,1876181
2021-06-14 09:39:06,244.0,1877344
2021-06-14 09:39:11,243.95,1880714
2021-06-14 09:39:17,243.95,1881886
2021-06-14 09:39:22,243.95,1883366
2021-06-14 09:39:28,243.95,1885983
2021-06-14 09:39:33,243.75,1887566
2021-06-14 09:39:38,243.7,1889285
2021-06-14 09:39:43,243.65,1891241
2021-06-14 09:39:48,243.7,1892316
2021-06-14 09:39:54,243.75,1897762
2021-06-14 09:39:59,243.95,1902936
2021-06-14 09:40:05,243.9,1906078
2021-06-14 09:40:10,243.9,1906299
2021-06-14 09:40:15,243.95,1907567
2021-06-14 09:40:26,244.0,1910919
2021-06-14 09:40:31,243.8,1919293
2021-06-14 09:40:37,243.65,1926976
2021-06-14 09:40:42,243.75,1929028
2021-06-14 09:40:48,243.65,1932170
2021-06-14 09:40:53,243.45,1934173
2021-06-14 09:40:58,243.45,1938195
2021-06-14 09:41:03,243.35,1938369
2021-06-14 09:41:09,243.5,1942315
2021-06-14 09:41:14,243.5,1945076
2021-06-14 09:41:25,243.4,1968239
2021-06-14 09:41:30,243.55,1969178
2021-06-14 09:41:35,243.5,1969318
2021-06-14 09:41:40,243.65,1975598
2021-06-14 09:41:45,243.65,1976214
2021-06-14 09:41:50,243.6,1976797
2021-06-14 09:41:56,243.9,1979607
2021-06-14 09:42:01,243.75,1983236
2021-06-14 09:42:11,243.85,1984618
2021-06-14 09:42:16,243.85,1986765
2021-06-14 09:42:21,244.1,1989711
2021-06-14 09:42:27,244.15,1991170
2021-06-14 09:42:32,244.15,1992842
2021-06-14 09:42:42,244.05,1998476
2021-06-14 09:42:45,244.15,2004295
2021-06-14 09:42:47,244.15,2005336
2021-06-14 09:42:48,244.15,2005336
2021-06-14 09:42:49,244.05,2006386
2021-06-14 09:42:50,244.05,2006386
2021-06-14 09:42:52,244.2,2007440
2021-06-14 09:42:53,244.2,2007440
2021-06-14 09:42:54,244.2,2007573
2021-06-14 09:42:55,244.2,2011364
2021-06-14 09:42:56,244.2,2014485
2021-06-14 09:42:57,244.15,2014487
2021-06-14 09:42:58,244.25,2014488
2021-06-14 09:42:59,244.3,2014988
2021-06-14 09:42:59,244.15,2015032
2021-06-14 09:43:01,244.15,2015097
2021-06-14 09:43:02,244.25,2015181
2021-06-14 09:43:03,244.25,2015220
2021-06-14 09:43:04,244.25,2015420
2021-06-14 09:43:05,244.15,2018700
2021-06-14 09:43:06,244.0,2020913
2021-06-14 09:43:07,244.05,2021046
2021-06-14 09:43:08,244.05,2021071
2021-06-14 09:43:09,244.05,2021071
2021-06-14 09:43:10,244.05,2021140
2021-06-14 09:43:11,244.15,2023791
2021-06-14 09:43:12,244.1,2023811
2021-06-14 09:43:13,244.1,2025861
2021-06-14 09:43:13,244.1,2025861
2021-06-14 09:43:14,244.1,2026061
2021-06-14 09:43:15,244.1,2026061
2021-06-14 09:43:17,244.05,2026076
2021-06-14 09:43:18,244.05,2026076
2021-06-14 09:43:19,244.15,2026376
2021-06-14 09:43:20,244.05,2026576
2021-06-14 09:43:21,244.05,2026576
2021-06-14 09:43:22,244.05,2026576
2021-06-14 09:43:23,244.15,2026581
2021-06-14 09:43:24,244.15,2026581
2021-06-14 09:43:25,244.15,2026581
2021-06-14 09:43:26,244.05,2027430
2021-06-14 09:43:27,244.15,2028530
2021-06-14 09:43:28,244.15,2028530
2021-06-14 09:43:29,244.0,2028554
2021-06-14 09:43:30,244.0,2028554
2021-06-14 09:43:31,244.15,2028615
2021-06-14 09:43:32,244.15,2028961
2021-06-14 09:43:33,244.15,2028961
2021-06-14 09:43:34,244.15,2028961
2021-06-14 09:43:36,244.15,2028986
2021-06-14 09:43:39,244.1,2029042
2021-06-14 09:43:40,244.15,2031133
2021-06-14 09:43:43,244.15,2031254
2021-06-14 09:43:44,244.15,2031425
2021-06-14 09:43:45,244.15,2032154
2021-06-14 09:43:45,244.15,2032154
2021-06-14 09:43:47,244.1,2032494
2021-06-14 09:43:47,244.1,2032494
2021-06-14 09:43:48,244.15,2032534
2021-06-14 09:43:50,244.2,2032554
2021-06-14 09:43:51,244.2,2032559
2021-06-14 09:43:52,244.1,2032607
2021-06-14 09:43:54,244.1,2032607
2021-06-14 09:43:55,244.2,2032907
2021-06-14 09:43:55,244.2,2033611
2021-06-14 09:43:58,244.1,2034311
2021-06-14 09:43:59,244.2,2034591
2021-06-14 09:43:59,244.2,2034591
2021-06-14 09:44:02,244.2,2035605
2021-06-14 09:44:03,244.2,2035605
2021-06-14 09:44:04,244.1,2035630
2021-06-14 09:44:06,244.1,2038029
2021-06-14 09:44:07,244.15,2038184
2021-06-14 09:44:09,244.15,2038436
2021-06-14 09:44:11,244.15,2038662
2021-06-14 09:44:12,244.15,2038662
2021-06-14 09:44:14,244.15,2038962
2021-06-14 09:44:16,244.15,2039062
2021-06-14 09:44:15,244.15,2038962
2021-06-14 09:44:17,244.15,2039062
2021-06-14 09:44:18,244.15,2039203
2021-06-14 09:44:20,244.05,2045184
2021-06-14 09:44:20,244.1,2045186
2021-06-14 09:44:23,243.9,2060845
2021-06-14 09:44:24,243.75,2064895
2021-06-14 09:44:25,243.75,2065297
2021-06-14 09:44:26,243.7,2065939
2021-06-14 09:44:26,243.7,2065939
2021-06-14 09:44:27,243.65,2066268
2021-06-14 09:44:29,243.75,2069348
2021-06-14 09:44:30,243.75,2069872
2021-06-14 09:44:30,243.75,2069872
2021-06-14 09:44:32,243.75,2070096
2021-06-14 09:44:34,243.75,2070100
2021-06-14 09:44:35,243.75,2070100
2021-06-14 09:44:40,243.9,2071632
2021-06-14 09:44:41,243.8,2071932
2021-06-14 09:44:42,243.9,2072082
2021-06-14 09:44:43,243.95,2072202
2021-06-14 09:44:44,243.85,2072250
2021-06-14 09:44:45,243.95,2072253
2021-06-14 09:44:46,243.95,2072253
2021-06-14 09:44:47,243.95,2072253
2021-06-14 09:44:48,243.95,2072253
2021-06-14 09:44:49,243.95,2072826
2021-06-14 09:44:51,243.8,2075013
2021-06-14 09:44:52,243.9,2075018
2021-06-14 09:44:54,243.9,2075208
2021-06-14 09:44:56,243.9,2076220
2021-06-14 09:44:57,243.8,2076771
2021-06-14 09:44:58,243.8,2076771
2021-06-14 09:44:59,243.8,2076796
2021-06-14 09:45:00,243.9,2076996
2021-06-14 09:45:01,243.9,2078771
2021-06-14 09:45:02,244.0,2080979
2021-06-14 09:45:03,244.0,2081031
2021-06-14 09:45:04,243.9,2081071
2021-06-14 09:45:05,243.9,2081071
2021-06-14 09:45:06,243.9,2081071
2021-06-14 09:45:07,243.9,2081071
2021-06-14 09:45:08,244.05,2081271
2021-06-14 09:45:09,244.05,2081286
2021-06-14 09:45:10,244.05,2081286
2021-06-14 09:45:11,244.05,2081286
2021-06-14 09:45:12,244.05,2081586
2021-06-14 09:45:13,244.0,2081594
2021-06-14 09:45:14,244.0,2081594
2021-06-14 09:45:15,244.05,2081894
2021-06-14 09:45:16,244.05,2081894
2021-06-14 09:45:17,244.05,2082128
2021-06-14 09:45:18,244.05,2082208
2021-06-14 09:45:19,244.0,2082323
2021-06-14 09:45:20,244.05,2083086
2021-06-14 09:45:21,244.0,2089482
2021-06-14 09:45:22,243.9,2095386
2021-06-14 09:45:23,243.9,2095421
2021-06-14 09:45:24,243.9,2095421
2021-06-14 09:45:26,243.9,2102145
2021-06-14 09:45:28,243.85,2103065
2021-06-14 09:45:29,243.85,2103085
2021-06-14 09:45:31,243.85,2103238
2021-06-14 09:45:33,243.75,2103908
2021-06-14 09:45:34,243.75,2103908
2021-06-14 09:45:35,243.75,2104752
2021-06-14 09:45:37,243.85,2104797
2021-06-14 09:45:39,243.85,2105989
2021-06-14 09:45:40,243.85,2105989
2021-06-14 09:45:41,243.8,2106173
2021-06-14 09:45:42,243.9,2106180
2021-06-14 09:45:43,243.85,2107268
2021-06-14 09:45:44,243.85,2107269
2021-06-14 09:45:45,243.85,2107271
2021-06-14 09:45:46,243.85,2107271
2021-06-14 09:45:47,243.85,2107872
2021-06-14 09:45:49,243.7,2118753
2021-06-14 09:45:50,243.65,2118817
2021-06-14 09:45:52,243.65,2118837
2021-06-14 09:45:54,243.7,2118842
2021-06-14 09:45:55,243.7,2119258
2021-06-14 09:45:57,243.7,2119308
2021-06-14 09:45:56,243.7,2119308
2021-06-14 09:45:58,243.7,2119308
2021-06-14 09:45:59,243.7,2119310
2021-06-14 09:46:00,243.6,2120310
2021-06-14 09:46:01,243.7,2122956
2021-06-14 09:46:02,243.75,2122960
2021-06-14 09:46:04,243.75,2122960
2021-06-14 09:46:03,243.75,2122960
2021-06-14 09:46:05,243.75,2122965
2021-06-14 09:46:06,243.75,2122965
2021-06-14 09:46:07,243.75,2122988
2021-06-14 09:46:08,243.75,2122988
2021-06-14 09:46:09,243.85,2124416
2021-06-14 09:46:10,243.85,2124416
2021-06-14 09:46:11,243.85,2124416
2021-06-14 09:46:12,243.85,2126201
2021-06-14 09:46:13,244.0,2126501
2021-06-14 09:46:14,243.9,2126511
2021-06-14 09:46:15,244.0,2126528
2021-06-14 09:46:16,244.0,2126528
2021-06-14 09:46:17,244.0,2126528
2021-06-14 09:46:18,243.85,2126559
2021-06-14 09:46:19,243.95,2126563
2021-06-14 09:46:20,243.95,2126688
2021-06-14 09:46:21,243.95,2126688
2021-06-14 09:46:22,243.95,2126688
2021-06-14 09:46:23,244.0,2127188
2021-06-14 09:46:24,244.0,2127188
2021-06-14 09:46:25,244.0,2127188
2021-06-14 09:46:27,243.9,2127254
2021-06-14 09:46:28,243.9,2127254
2021-06-14 09:46:29,243.85,2127473
2021-06-14 09:46:30,243.85,2127473
2021-06-14 09:46:31,243.8,2129115
2021-06-14 09:46:32,243.8,2129115
2021-06-14 09:46:33,243.85,2129215
2021-06-14 09:46:34,243.95,2129285
2021-06-14 09:46:36,244.0,2130786
2021-06-14 09:46:35,244.0,2130786
2021-06-14 09:46:37,243.95,2130806
2021-06-14 09:46:39,244.0,2130867
2021-06-14 09:46:42,243.95,2130919
2021-06-14 09:46:41,244.0,2130897
2021-06-14 09:46:43,244.0,2131163
2021-06-14 09:46:44,244.0,2131164
2021-06-14 09:46:45,244.0,2131168
2021-06-14 09:46:46,244.0,2131168
2021-06-14 09:46:47,244.0,2131168
2021-06-14 09:46:48,244.0,2131188
2021-06-14 09:46:49,244.0,2131268
2021-06-14 09:46:51,243.95,2132406
2021-06-14 09:46:52,244.0,2132409
2021-06-14 09:46:53,244.0,2132409
2021-06-14 09:46:54,244.0,2132409
2021-06-14 09:46:56,244.0,2132436
2021-06-14 09:46:57,244.0,2132436
2021-06-14 09:46:58,244.0,2132486
2021-06-14 09:46:59,244.0,2132486
2021-06-14 09:47:01,244.0,2132587
2021-06-14 09:47:01,243.95,2132598
2021-06-14 09:47:02,244.0,2132798
2021-06-14 09:47:03,244.0,2132818
2021-06-14 09:47:04,243.95,2132836
2021-06-14 09:47:05,243.95,2133336
2021-06-14 09:47:06,243.95,2133336
2021-06-14 09:47:07,243.95,2133384
2021-06-14 09:47:08,244.0,2133404
2021-06-14 09:47:09,244.0,2133404
2021-06-14 09:47:10,244.0,2133409
2021-06-14 09:47:11,243.95,2133429
2021-06-14 09:47:12,243.95,2133429
2021-06-14 09:47:14,243.95,2134439
2021-06-14 09:47:14,243.95,2134439
2021-06-14 09:47:15,243.9,2134472
2021-06-14 09:47:16,243.9,2134882
2021-06-14 09:47:17,243.9,2134884
2021-06-14 09:47:18,243.9,2134884
2021-06-14 09:47:19,243.9,2134894
2021-06-14 09:47:20,243.9,2134899
2021-06-14 09:47:21,243.95,2135403
2021-06-14 09:47:22,243.95,2135403
2021-06-14 09:47:23,243.85,2135488
2021-06-14 09:47:25,243.7,2144027
2021-06-14 09:47:25,243.7,2146770
2021-06-14 09:47:26,243.7,2149989
2021-06-14 09:47:28,243.7,2149989
2021-06-14 09:47:30,243.85,2151263
2021-06-14 09:47:31,243.7,2151845
2021-06-14 09:47:31,243.9,2151885
2021-06-14 09:47:32,243.9,2152192
2021-06-14 09:47:33,243.9,2152192
2021-06-14 09:47:34,243.9,2152195
2021-06-14 09:47:35,243.9,2152215
2021-06-14 09:47:36,243.9,2152215
2021-06-14 09:47:37,243.8,2153271
2021-06-14 09:47:39,243.8,2153493
2021-06-14 09:47:40,243.8,2154161
2021-06-14 09:47:41,243.8,2154779
2021-06-14 09:47:42,243.8,2154809
2021-06-14 09:47:43,243.8,2154810
2021-06-14 09:47:44,243.8,2154810
2021-06-14 09:47:45,243.75,2154849
2021-06-14 09:47:46,243.8,2163459
2021-06-14 09:47:47,243.8,2163955
2021-06-14 09:47:48,243.8,2164135
2021-06-14 09:47:49,243.75,2164165
2021-06-14 09:47:50,243.75,2164175
2021-06-14 09:47:52,243.8,2164187
2021-06-14 09:47:53,243.8,2164188
2021-06-14 09:47:53,243.8,2164188
2021-06-14 09:47:54,243.8,2164288
2021-06-14 09:47:55,243.8,2164298
2021-06-14 09:47:56,243.8,2164298
2021-06-14 09:47:57,243.8,2164303
2021-06-14 09:47:58,243.8,2164313
2021-06-14 09:47:59,243.8,2164313
2021-06-14 09:48:01,243.8,2165273
2021-06-14 09:48:01,243.8,2165485
2021-06-14 09:48:03,243.8,2165689
2021-06-14 09:48:03,243.8,2165689
2021-06-14 09:48:04,243.8,2165705
2021-06-14 09:48:05,243.8,2167254
2021-06-14 09:48:06,243.8,2167254
2021-06-14 09:48:07,243.85,2167427
2021-06-14 09:48:08,243.85,2167923
2021-06-14 09:48:09,243.85,2167923
2021-06-14 09:48:10,243.85,2167943
2021-06-14 09:48:11,243.9,2169197
2021-06-14 09:48:12,243.85,2169237
2021-06-14 09:48:13,243.85,2169258
2021-06-14 09:48:14,243.9,2169266
2021-06-14 09:48:15,243.9,2169297
2021-06-14 09:48:16,243.9,2169297
2021-06-14 09:48:18,243.9,2169297
2021-06-14 09:48:19,243.9,2169397
2021-06-14 09:48:20,244.0,2169538
2021-06-14 09:48:21,244.0,2169538
2021-06-14 09:48:23,243.9,2172403
2021-06-14 09:48:25,243.95,2173155
2021-06-14 09:48:25,243.95,2173220
2021-06-14 09:48:26,243.95,2173221
2021-06-14 09:48:27,243.9,2173315
2021-06-14 09:48:28,244.05,2174325
2021-06-14 09:48:29,244.05,2174344
2021-06-14 09:48:31,244.05,2174344
2021-06-14 09:48:32,244.0,2174437
2021-06-14 09:48:34,244.1,2174598
2021-06-14 09:48:35,244.15,2174619
2021-06-14 09:48:36,244.0,2175629
2021-06-14 09:48:38,244.0,2175824
2021-06-14 09:48:39,244.1,2175827
2021-06-14 09:48:40,244.15,2176327
2021-06-14 09:48:41,244.1,2176328
2021-06-14 09:48:42,244.1,2176328
2021-06-14 09:48:44,244.1,2176493
2021-06-14 09:48:44,244.1,2176493
2021-06-14 09:48:45,244.1,2176493
2021-06-14 09:48:46,244.05,2176523
2021-06-14 09:48:47,244.05,2176724
2021-06-14 09:48:48,244.1,2176934
2021-06-14 09:48:49,244.1,2176964
2021-06-14 09:48:50,244.05,2176994
2021-06-14 09:48:51,244.1,2177169
2021-06-14 09:48:53,244.1,2177219
2021-06-14 09:48:54,244.05,2177269
2021-06-14 09:48:55,244.1,2177286
2021-06-14 09:48:56,244.1,2177286
2021-06-14 09:48:57,244.05,2177531
2021-06-14 09:48:58,244.05,2177531
2021-06-14 09:48:58,244.0,2177620
2021-06-14 09:48:59,244.05,2177729
2021-06-14 09:49:00,243.8,2186094
2021-06-14 09:49:01,243.9,2190104
2021-06-14 09:49:03,243.9,2190158
2021-06-14 09:49:03,243.9,2190158
2021-06-14 09:49:04,243.9,2190159
2021-06-14 09:49:05,243.9,2190159
2021-06-14 09:49:06,243.9,2190336
2021-06-14 09:49:07,243.8,2190356
2021-06-14 09:49:08,243.8,2190356
2021-06-14 09:49:09,243.8,2190456
2021-06-14 09:49:10,243.9,2190468
2021-06-14 09:49:11,243.8,2190754
2021-06-14 09:49:12,243.8,2190754
2021-06-14 09:49:13,243.8,2190799
2021-06-14 09:49:14,243.8,2190799
2021-06-14 09:49:15,243.8,2190799
2021-06-14 09:49:16,243.8,2190799
2021-06-14 09:49:17,243.8,2190799
2021-06-14 09:49:18,243.8,2190799
2021-06-14 09:49:19,243.85,2190907
2021-06-14 09:49:21,243.95,2191118
2021-06-14 09:49:22,243.85,2192618
2021-06-14 09:49:23,243.85,2192618
2021-06-14 09:49:24,243.95,2194497
2021-06-14 09:49:24,243.8,2194257
2021-06-14 09:49:26,243.9,2194548
2021-06-14 09:49:28,243.95,2196396
2021-06-14 09:49:29,243.95,2196396
2021-06-14 09:49:30,243.95,2196396
2021-06-14 09:49:31,244.0,2196988
2021-06-14 09:49:32,243.95,2198786
2021-06-14 09:49:33,243.95,2198786
2021-06-14 09:49:34,243.95,2198786
2021-06-14 09:49:35,244.1,2198889
2021-06-14 09:49:36,244.1,2198889
2021-06-14 09:49:37,244.15,2198939
2021-06-14 09:49:38,244.15,2198939
2021-06-14 09:49:39,244.15,2198941
2021-06-14 09:49:40,244.05,2199048
2021-06-14 09:49:41,244.05,2199048
2021-06-14 09:49:42,244.05,2199048
2021-06-14 09:49:43,244.05,2199048
2021-06-14 09:49:44,244.05,2199048
2021-06-14 09:49:45,244.15,2199354
2021-06-14 09:49:46,244.1,2199408
2021-06-14 09:49:47,244.15,2199458
2021-06-14 09:49:49,244.15,2199458
2021-06-14 09:49:50,244.15,2199564
2021-06-14 09:49:50,244.1,2199616
2021-06-14 09:49:52,244.1,2199616
2021-06-14 09:49:54,244.1,2199624
2021-06-14 09:49:55,244.1,2199624
2021-06-14 09:49:56,244.1,2199824
2021-06-14 09:49:57,244.1,2199853
2021-06-14 09:49:59,244.1,2199903
2021-06-14 09:49:59,244.1,2199903
2021-06-14 09:50:00,244.1,2199923
2021-06-14 09:50:02,244.1,2199923
2021-06-14 09:50:02,244.05,2199925
2021-06-14 09:50:04,244.1,2200246
2021-06-14 09:50:04,244.1,2200251
2021-06-14 09:50:05,244.15,2202636
2021-06-14 09:50:06,244.15,2206475
2021-06-14 09:50:07,244.25,2208116
2021-06-14 09:50:08,244.25,2208116
2021-06-14 09:50:09,244.3,2208221
2021-06-14 09:50:11,244.3,2208224
2021-06-14 09:50:12,244.25,2208244
2021-06-14 09:50:13,244.3,2208354
2021-06-14 09:50:13,244.3,2208354
2021-06-14 09:50:14,244.3,2208454
2021-06-14 09:50:15,244.3,2208554
2021-06-14 09:50:16,244.3,2208559
2021-06-14 09:50:17,244.35,2209055
2021-06-14 09:50:18,244.4,2209283
2021-06-14 09:50:19,244.4,2209283
2021-06-14 09:50:23,244.5,2209387
2021-06-14 09:50:24,244.5,2209393
2021-06-14 09:50:24,244.5,2209393
2021-06-14 09:50:26,244.5,2209656
2021-06-14 09:50:27,244.5,2210424
2021-06-14 09:50:28,244.45,2210474
2021-06-14 09:50:29,244.45,2210525
2021-06-14 09:50:30,244.5,2210575
2021-06-14 09:50:30,244.5,2210575
2021-06-14 09:50:31,244.5,2210670
2021-06-14 09:50:32,244.5,2210775
2021-06-14 09:50:33,244.45,2210892
2021-06-14 09:50:34,244.45,2211257
2021-06-14 09:50:36,244.4,2212486
2021-06-14 09:50:37,244.5,2218267
2021-06-14 09:50:37,244.5,2218267
2021-06-14 09:50:38,244.5,2218267
2021-06-14 09:50:39,244.5,2218516
2021-06-14 09:50:40,244.5,2218516
2021-06-14 09:50:41,244.45,2219767
2021-06-14 09:50:42,244.5,2221167
2021-06-14 09:50:43,244.45,2222711
2021-06-14 09:50:44,244.5,2222731
2021-06-14 09:50:45,244.7,2230832
2021-06-14 09:50:46,244.55,2231782
2021-06-14 09:50:48,244.5,2233815
2021-06-14 09:50:49,244.5,2234248
2021-06-14 09:50:50,244.5,2234248
2021-06-14 09:50:50,244.5,2234248
2021-06-14 09:50:51,244.6,2234940
2021-06-14 09:50:52,244.65,2235142
2021-06-14 09:50:54,244.45,2242763
2021-06-14 09:50:55,244.4,2245210
2021-06-14 09:50:55,244.4,2246504
2021-06-14 09:50:57,244.6,2249915
2021-06-14 09:50:58,244.6,2249915
2021-06-14 09:50:58,244.6,2250465
2021-06-14 09:51:00,244.4,2251834
2021-06-14 09:51:01,244.55,2251974
2021-06-14 09:51:02,244.55,2252224
2021-06-14 09:51:03,244.55,2252229
2021-06-14 09:51:04,244.55,2252229
2021-06-14 09:51:05,244.55,2252230
2021-06-14 09:51:06,244.55,2252230
2021-06-14 09:51:07,244.55,2252416
2021-06-14 09:51:08,244.5,2252431
2021-06-14 09:51:09,244.6,2252659
2021-06-14 09:51:10,244.5,2253723
2021-06-14 09:51:11,244.6,2255185
2021-06-14 09:51:12,244.7,2259022
2021-06-14 09:51:13,244.65,2260983
2021-06-14 09:51:12,244.75,2259072
2021-06-14 09:51:14,244.65,2260983
2021-06-14 09:51:15,244.75,2260984
2021-06-14 09:51:16,244.75,2261184
2021-06-14 09:51:17,244.6,2262476
2021-06-14 09:51:19,244.75,2262485
2021-06-14 09:51:19,244.75,2262485
2021-06-14 09:51:21,244.8,2264518
2021-06-14 09:51:20,244.8,2264518
2021-06-14 09:51:24,244.75,2265237
2021-06-14 09:51:25,244.8,2265439
2021-06-14 09:51:28,244.8,2265989
2021-06-14 09:51:29,244.8,2265989
2021-06-14 09:51:30,244.8,2266223
2021-06-14 09:51:32,244.8,2266965
2021-06-14 09:51:33,244.75,2267643
2021-06-14 09:51:34,244.8,2269533
2021-06-14 09:51:35,244.65,2269733
2021-06-14 09:51:36,244.75,2269782
2021-06-14 09:51:36,244.8,2270307
2021-06-14 09:51:37,244.8,2270347
2021-06-14 09:51:38,244.8,2270372
2021-06-14 09:51:39,244.8,2270372
2021-06-14 09:51:40,244.75,2270622
2021-06-14 09:51:41,244.8,2271726
2021-06-14 09:51:42,244.75,2272734
2021-06-14 09:51:43,244.75,2272734
2021-06-14 09:51:44,244.8,2273449
2021-06-14 09:51:45,244.8,2273499
2021-06-14 09:51:46,244.9,2276737
2021-06-14 09:51:47,244.65,2284696
2021-06-14 09:51:49,244.65,2286321
2021-06-14 09:51:50,244.6,2287043
2021-06-14 09:51:51,244.65,2287093
2021-06-14 09:51:52,244.65,2287279
2021-06-14 09:51:53,244.65,2287279
2021-06-14 09:51:54,244.6,2287379
2021-06-14 09:51:55,244.6,2287379
2021-06-14 09:51:56,244.65,2287423
2021-06-14 09:51:57,244.65,2287423
2021-06-14 09:51:58,244.75,2288430
2021-06-14 09:51:59,244.65,2288775
2021-06-14 09:52:00,244.65,2288775
2021-06-14 09:52:00,244.65,2289130
2021-06-14 09:52:01,244.65,2289130
2021-06-14 09:52:02,244.65,2289370
2021-06-14 09:52:03,244.65,2289370
2021-06-14 09:52:05,244.65,2289750
2021-06-14 09:52:06,244.6,2291750
2021-06-14 09:52:07,244.65,2294248
2021-06-14 09:52:08,244.65,2294248
2021-06-14 09:52:09,244.5,2294273
2021-06-14 09:52:10,244.6,2294408
2021-06-14 09:52:12,244.6,2294508
2021-06-14 09:52:13,244.5,2294525
2021-06-14 09:52:14,244.65,2294625
2021-06-14 09:52:15,244.55,2294750
2021-06-14 09:52:16,244.65,2295419
2021-06-14 09:52:16,244.65,2295419
2021-06-14 09:52:17,244.65,2295619
2021-06-14 09:52:18,244.65,2295619
2021-06-14 09:52:19,244.55,2295827
2021-06-14 09:52:20,244.55,2295827
2021-06-14 09:52:21,244.55,2295827
2021-06-14 09:52:22,244.65,2295852
2021-06-14 09:52:23,244.7,2296082
2021-06-14 09:52:24,244.7,2296132
2021-06-14 09:52:26,244.7,2296270
2021-06-14 09:52:27,244.7,2296272
2021-06-14 09:52:29,244.7,2296272
2021-06-14 09:52:28,244.7,2296272
2021-06-14 09:52:30,244.7,2296272
2021-06-14 09:52:31,244.7,2296282
2021-06-14 09:52:32,244.7,2296303
2021-06-14 09:52:33,244.7,2296303
2021-06-14 09:52:34,244.7,2296503
2021-06-14 09:52:35,244.7,2296510
2021-06-14 09:52:36,244.7,2296535
2021-06-14 09:52:37,244.7,2296535
2021-06-14 09:52:38,244.7,2296535
2021-06-14 09:52:39,244.7,2296641
2021-06-14 09:52:40,244.7,2297404
2021-06-14 09:52:42,244.55,2300231
2021-06-14 09:52:43,244.55,2300236
2021-06-14 09:52:45,244.55,2300437
2021-06-14 09:52:44,244.6,2300436
2021-06-14 09:52:45,244.6,2300444
2021-06-14 09:52:47,244.6,2300612
2021-06-14 09:52:49,244.6,2300638
2021-06-14 09:52:49,244.6,2300638
2021-06-14 09:52:50,244.6,2300638
2021-06-14 09:52:51,244.6,2300638
2021-06-14 09:52:53,244.6,2300638
2021-06-14 09:52:54,244.6,2300788
2021-06-14 09:52:55,244.6,2300788
2021-06-14 09:52:56,244.55,2301318
2021-06-14 09:52:57,244.6,2301459
2021-06-14 09:52:58,244.6,2301459
2021-06-14 09:52:59,244.6,2301459
2021-06-14 09:53:00,244.55,2301959
2021-06-14 09:53:01,244.55,2301961
2021-06-14 09:53:01,244.55,2302912
2021-06-14 09:53:03,244.6,2303229
2021-06-14 09:53:05,244.6,2303229
2021-06-14 09:53:06,244.6,2303229
2021-06-14 09:53:07,244.6,2303234
2021-06-14 09:53:08,244.6,2303394
2021-06-14 09:53:08,244.6,2303394
2021-06-14 09:53:10,244.6,2303398
2021-06-14 09:53:11,244.6,2303448
2021-06-14 09:53:12,244.6,2303453
2021-06-14 09:53:13,244.6,2303453
2021-06-14 09:53:14,244.55,2303783
2021-06-14 09:53:15,244.6,2303787
2021-06-14 09:53:16,244.6,2303977
2021-06-14 09:53:17,244.6,2304107
2021-06-14 09:53:18,244.6,2304222
2021-06-14 09:53:18,244.6,2304322
2021-06-14 09:53:19,244.6,2304772
2021-06-14 09:53:21,244.6,2304872
2021-06-14 09:53:22,244.6,2304872
2021-06-14 09:53:23,244.6,2304872
2021-06-14 09:53:24,244.6,2304972
2021-06-14 09:53:25,244.6,2305031
2021-06-14 09:53:25,244.6,2305031
2021-06-14 09:53:26,244.6,2305031
2021-06-14 09:53:28,244.6,2305341
2021-06-14 09:53:29,244.6,2305341
2021-06-14 09:53:30,244.6,2305343
2021-06-14 09:53:31,244.5,2307021
2021-06-14 09:53:34,244.5,2308881
2021-06-14 09:53:35,244.6,2308921
2021-06-14 09:53:36,244.6,2308921
2021-06-14 09:53:37,244.6,2309036
2021-06-14 09:53:38,244.6,2309037
2021-06-14 09:53:39,244.6,2309039
2021-06-14 09:53:40,244.6,2309739
2021-06-14 09:53:41,244.6,2309814
2021-06-14 09:53:42,244.55,2309874
2021-06-14 09:53:43,244.55,2309874
2021-06-14 09:53:44,244.6,2309880
2021-06-14 09:53:44,244.6,2309880
2021-06-14 09:53:45,244.55,2309897
2021-06-14 09:53:46,244.55,2309941
2021-06-14 09:53:47,244.6,2309943
2021-06-14 09:53:48,244.6,2309943
2021-06-14 09:53:50,244.6,2310043
2021-06-14 09:53:53,244.6,2310062
2021-06-14 09:53:54,244.6,2310267
2021-06-14 09:53:55,244.6,2310267
2021-06-14 09:53:56,244.6,2310267
2021-06-14 09:53:57,244.6,2310267
2021-06-14 09:53:58,244.6,2310267
2021-06-14 09:53:59,244.6,2310267
2021-06-14 09:54:00,244.6,2310269
2021-06-14 09:54:01,244.6,2310369
2021-06-14 09:54:02,244.6,2310479
2021-06-14 09:54:03,244.7,2316957
2021-06-14 09:54:04,244.7,2317122
2021-06-14 09:54:05,244.7,2317122
2021-06-14 09:54:07,244.7,2317301
2021-06-14 09:54:08,244.8,2317302
2021-06-14 09:54:09,244.8,2317308
2021-06-14 09:54:11,244.8,2317308
2021-06-14 09:54:12,244.7,2317458
2021-06-14 09:54:13,244.8,2317630
2021-06-14 09:54:14,244.8,2317630
2021-06-14 09:54:15,244.8,2317630
2021-06-14 09:54:16,244.85,2317640
2021-06-14 09:54:17,244.85,2317709
2021-06-14 09:54:18,244.75,2321074
2021-06-14 09:54:19,244.7,2322554
2021-06-14 09:54:21,244.75,2322664
2021-06-14 09:54:22,244.75,2322664
2021-06-14 09:54:23,244.75,2322744
2021-06-14 09:54:24,244.8,2322866
2021-06-14 09:54:26,244.75,2323074
2021-06-14 09:54:28,244.9,2324182
2021-06-14 09:54:27,244.85,2323374
2021-06-14 09:54:29,244.75,2324412
2021-06-14 09:54:31,244.9,2324585
2021-06-14 09:54:32,244.9,2324585
2021-06-14 09:54:33,244.8,2324835
2021-06-14 09:54:34,244.8,2324835
2021-06-14 09:54:35,244.8,2324856
2021-06-14 09:54:36,244.9,2324922
2021-06-14 09:54:37,244.9,2325547
2021-06-14 09:54:38,244.9,2325557
2021-06-14 09:54:39,244.9,2325807
2021-06-14 09:54:40,244.9,2325807
2021-06-14 09:54:41,244.8,2326859
2021-06-14 09:54:42,244.9,2329854
2021-06-14 09:54:43,244.8,2331470
2021-06-14 09:54:44,244.8,2331470
2021-06-14 09:54:45,244.8,2331470
2021-06-14 09:54:46,244.8,2331698
2021-06-14 09:54:47,244.8,2331698
2021-06-14 09:54:48,244.8,2331698
2021-06-14 09:54:49,244.8,2331778
2021-06-14 09:54:50,244.9,2331918
2021-06-14 09:54:51,244.9,2332118
2021-06-14 09:54:52,244.8,2333201
2021-06-14 09:54:53,244.8,2333243
2021-06-14 09:54:54,244.8,2333243
2021-06-14 09:54:55,244.9,2333324
2021-06-14 09:54:56,244.9,2333831
2021-06-14 09:54:57,244.9,2333831
2021-06-14 09:54:58,245.1,2356030
2021-06-14 09:54:59,245.0,2360961
2021-06-14 09:54:59,245.0,2360961
2021-06-14 09:55:00,245.0,2361611
2021-06-14 09:55:01,245.0,2361611
2021-06-14 09:55:02,244.95,2362330
2021-06-14 09:55:03,245.05,2362332
2021-06-14 09:55:04,245.1,2362532
2021-06-14 09:55:05,245.1,2362582
2021-06-14 09:55:06,245.0,2362584
2021-06-14 09:55:07,245.05,2362769
2021-06-14 09:55:08,245.15,2362788
2021-06-14 09:55:09,245.05,2362854
2021-06-14 09:55:10,245.15,2362889
2021-06-14 09:55:12,245.15,2362999
2021-06-14 09:55:12,245.05,2363024
2021-06-14 09:55:13,245.1,2363164
2021-06-14 09:55:14,245.2,2363293
2021-06-14 09:55:16,245.1,2363426
2021-06-14 09:55:17,245.1,2363456
2021-06-14 09:55:18,245.2,2364157
2021-06-14 09:55:20,245.2,2364157
2021-06-14 09:55:21,245.2,2364307
2021-06-14 09:55:22,245.2,2364307
2021-06-14 09:55:23,245.2,2364439
2021-06-14 09:55:24,245.2,2364524
2021-06-14 09:55:25,244.95,2369262
2021-06-14 09:55:26,245.0,2369277
2021-06-14 09:55:27,244.8,2373518
2021-06-14 09:55:28,244.85,2373800
2021-06-14 09:55:29,244.9,2373830
2021-06-14 09:55:30,244.9,2373988
2021-06-14 09:55:31,244.75,2374028
2021-06-14 09:55:32,244.75,2374028
2021-06-14 09:55:33,244.9,2374328
2021-06-14 09:55:34,244.9,2374328
2021-06-14 09:55:35,244.9,2374456
2021-06-14 09:55:36,244.75,2374767
2021-06-14 09:55:37,244.9,2375269
2021-06-14 09:55:38,244.9,2375269
2021-06-14 09:55:39,244.9,2375410
2021-06-14 09:55:40,244.9,2375530
2021-06-14 09:55:41,244.9,2375543
2021-06-14 09:55:42,244.8,2375577
2021-06-14 09:55:43,245.0,2380578
2021-06-14 09:55:44,244.8,2380678
2021-06-14 09:55:45,244.9,2380753
2021-06-14 09:55:46,245.0,2381259
2021-06-14 09:55:47,245.0,2381259
2021-06-14 09:55:48,245.0,2381259
2021-06-14 09:55:49,244.9,2381391
2021-06-14 09:55:50,244.9,2381459
2021-06-14 09:55:51,245.0,2382059
2021-06-14 09:55:52,245.0,2382059
2021-06-14 09:55:53,245.0,2382059
2021-06-14 09:55:54,245.0,2382060
2021-06-14 09:55:55,244.9,2382160
2021-06-14 09:55:56,245.1,2387380
2021-06-14 09:55:57,245.1,2387380
2021-06-14 09:55:58,245.2,2387700
2021-06-14 09:55:59,245.2,2387701
2021-06-14 09:56:00,245.2,2388251
2021-06-14 09:56:01,245.2,2388251
2021-06-14 09:56:02,245.2,2388286
2021-06-14 09:56:03,245.05,2388755
2021-06-14 09:56:04,245.1,2388905
2021-06-14 09:56:05,245.25,2388906
2021-06-14 09:56:06,245.25,2388907
2021-06-14 09:56:07,245.25,2389549
2021-06-14 09:56:08,245.25,2390547
2021-06-14 09:56:09,245.15,2390591
2021-06-14 09:56:10,245.15,2391399
2021-06-14 09:56:11,245.15,2391399
2021-06-14 09:56:12,245.25,2392203
2021-06-14 09:56:13,245.25,2392258
2021-06-14 09:56:14,245.25,2392258
2021-06-14 09:56:15,245.25,2392258
2021-06-14 09:56:16,245.25,2392294
2021-06-14 09:56:17,245.25,2392294
2021-06-14 09:56:18,245.25,2392302
2021-06-14 09:56:19,245.25,2392402
2021-06-14 09:56:20,245.25,2394351
2021-06-14 09:56:22,245.3,2395952
2021-06-14 09:56:23,245.25,2396302
2021-06-14 09:56:24,245.25,2396872
2021-06-14 09:56:25,245.25,2396887
2021-06-14 09:56:27,245.25,2396887
2021-06-14 09:56:28,245.3,2396917
2021-06-14 09:56:29,245.3,2396917
2021-06-14 09:56:30,245.25,2397940
2021-06-14 09:56:31,245.2,2398435
2021-06-14 09:56:32,245.25,2399186
2021-06-14 09:56:33,245.15,2401068
2021-06-14 09:56:34,245.3,2401168
2021-06-14 09:56:35,245.1,2401242
2021-06-14 09:56:36,245.1,2403242
2021-06-14 09:56:37,245.1,2403242
2021-06-14 09:56:38,245.2,2403402
2021-06-14 09:56:39,245.2,2403402
2021-06-14 09:56:40,245.15,2403452
2021-06-14 09:56:41,245.05,2407462
2021-06-14 09:56:42,245.2,2407843
2021-06-14 09:56:43,245.05,2409547
2021-06-14 09:56:44,245.2,2409822
2021-06-14 09:56:45,245.25,2409922
2021-06-14 09:56:47,245.25,2409922
2021-06-14 09:56:48,245.1,2410072
2021-06-14 09:56:49,245.25,2411074
2021-06-14 09:56:50,245.25,2411074
2021-06-14 09:56:51,245.25,2411074
2021-06-14 09:56:52,245.3,2412074
2021-06-14 09:56:53,245.3,2412074
2021-06-14 09:56:54,245.3,2412074
2021-06-14 09:56:55,245.25,2412075
2021-06-14 09:56:56,245.3,2412220
2021-06-14 09:56:57,245.3,2412220
2021-06-14 09:56:58,245.3,2412220
2021-06-14 09:56:59,245.35,2419092
2021-06-14 09:57:00,245.35,2419192
2021-06-14 09:57:02,245.4,2419712
2021-06-14 09:57:03,245.4,2419997
2021-06-14 09:57:04,245.4,2420003
2021-06-14 09:57:07,245.4,2420063
2021-06-14 09:57:06,245.4,2420063
2021-06-14 09:57:08,245.4,2420873
2021-06-14 09:57:09,245.4,2421123
2021-06-14 09:57:10,245.35,2421228
2021-06-14 09:57:11,245.4,2421358
2021-06-14 09:57:12,245.4,2421586
2021-06-14 09:57:13,245.4,2421586
2021-06-14 09:57:16,245.35,2423819
2021-06-14 09:57:17,245.3,2423953
2021-06-14 09:57:18,245.3,2423997
2021-06-14 09:57:19,245.4,2424097
2021-06-14 09:57:20,245.4,2424103
2021-06-14 09:57:21,245.4,2424153
2021-06-14 09:57:22,245.4,2424400
2021-06-14 09:57:23,245.4,2424546
2021-06-14 09:57:25,245.45,2425030
2021-06-14 09:57:26,245.4,2425232
2021-06-14 09:57:27,245.4,2425365
2021-06-14 09:57:28,245.4,2425409
2021-06-14 09:57:29,245.4,2425409
2021-06-14 09:57:30,245.45,2426566
2021-06-14 09:57:31,245.5,2427269
2021-06-14 09:57:32,245.5,2427269
2021-06-14 09:57:33,245.5,2427269
2021-06-14 09:57:34,245.5,2432709
2021-06-14 09:57:36,245.5,2434453
2021-06-14 09:57:36,245.6,2434637
2021-06-14 09:57:38,245.6,2434958
2021-06-14 09:57:39,245.55,2437176
2021-06-14 09:57:40,245.65,2437237
2021-06-14 09:57:41,245.5,2438913
2021-06-14 09:57:42,245.5,2438913
2021-06-14 09:57:43,245.5,2439413
2021-06-14 09:57:44,245.5,2439413
2021-06-14 09:57:50,245.5,2440677
2021-06-14 09:57:54,245.35,2442865
2021-06-14 09:57:59,245.4,2443529
2021-06-14 09:58:03,245.35,2444069
2021-06-14 09:58:08,245.35,2445733
2021-06-14 09:58:13,245.2,2446257
2021-06-14 09:58:17,245.25,2447142
2021-06-14 09:58:26,245.15,2448420
2021-06-14 09:58:31,245.05,2450302
2021-06-14 09:58:36,245.15,2450402
2021-06-14 09:58:40,245.15,2450730
2021-06-14 09:58:45,245.0,2452755
2021-06-14 09:58:49,245.1,2454685
2021-06-14 09:58:59,245.0,2456599
2021-06-14 09:59:04,245.1,2457678
2021-06-14 09:59:14,245.15,2458981
2021-06-14 09:59:18,245.2,2461243
2021-06-14 09:59:23,245.0,2472517
2021-06-14 09:59:27,244.55,2493179
2021-06-14 09:59:32,244.95,2507515
2021-06-14 09:59:37,244.75,2512190
2021-06-14 09:59:41,244.55,2512341
2021-06-14 09:59:46,244.55,2516868
2021-06-14 09:59:51,244.45,2519267
2021-06-14 09:59:55,244.7,2521395
2021-06-14 10:00:00,244.6,2522718
2021-06-14 10:00:04,244.55,2524937
2021-06-14 10:00:09,244.6,2524998
2021-06-14 10:00:18,244.7,2526683
2021-06-14 10:00:23,244.7,2526717
2021-06-14 10:00:28,244.65,2527951
2021-06-14 10:00:32,244.75,2528025
2021-06-14 10:00:37,244.7,2528050
2021-06-14 10:00:41,244.85,2528081
2021-06-14 10:00:46,244.8,2528412
2021-06-14 10:00:51,244.85,2529923
2021-06-14 10:01:00,245.0,2531291
2021-06-14 10:01:04,245.0,2531411
2021-06-14 10:01:09,245.1,2531667
2021-06-14 10:01:14,245.0,2531862
2021-06-14 10:01:19,245.1,2532188
2021-06-14 10:01:24,245.05,2532843
2021-06-14 10:01:28,245.05,2534723
2021-06-14 10:01:33,245.1,2536669
2021-06-14 10:01:37,245.3,2538052
2021-06-14 10:01:42,245.3,2538418
2021-06-14 10:01:47,245.3,2539637
2021-06-14 10:01:52,245.25,2541438
2021-06-14 10:01:57,245.0,2551706
2021-06-14 10:02:07,245.1,2554485
2021-06-14 10:02:12,245.0,2555222
2021-06-14 10:02:16,244.9,2561443
2021-06-14 10:02:21,244.8,2566042
2021-06-14 10:02:26,244.75,2567340
2021-06-14 10:02:31,244.8,2569277
2021-06-14 10:02:36,244.75,2569367
2021-06-14 10:02:40,244.9,2569842
2021-06-14 10:02:45,244.75,2570717
2021-06-14 10:02:46,244.75,2570717
2021-06-14 10:02:48,244.9,2570797
2021-06-14 10:02:49,244.75,2571167
2021-06-14 10:02:50,244.75,2571167
2021-06-14 10:02:50,244.9,2571168
2021-06-14 10:02:51,244.9,2571548
2021-06-14 10:02:52,244.9,2571549
2021-06-14 10:02:54,244.75,2571649
2021-06-14 10:02:54,244.75,2571649
2021-06-14 10:02:55,244.75,2572149
2021-06-14 10:02:56,244.75,2572149
2021-06-14 10:02:57,244.85,2572150
2021-06-14 10:02:58,244.85,2572150
2021-06-14 10:02:59,244.85,2572185
2021-06-14 10:03:00,244.9,2572186
2021-06-14 10:03:01,244.85,2572201
2021-06-14 10:03:02,244.85,2572201
2021-06-14 10:03:03,244.8,2572701
2021-06-14 10:03:04,244.75,2574043
2021-06-14 10:03:05,244.75,2574043
2021-06-14 10:03:06,244.8,2574058
2021-06-14 10:03:07,244.75,2574559
2021-06-14 10:03:09,244.75,2574559
2021-06-14 10:03:10,244.7,2577618
2021-06-14 10:03:10,244.7,2577618
2021-06-14 10:03:12,244.7,2577618
2021-06-14 10:03:12,244.7,2577618
2021-06-14 10:03:14,244.7,2577618
2021-06-14 10:03:15,244.6,2578143
2021-06-14 10:03:15,244.75,2578997
2021-06-14 10:03:16,244.75,2579002
2021-06-14 10:03:17,244.65,2579190
2021-06-14 10:03:18,244.7,2579191
2021-06-14 10:03:19,244.7,2579200
2021-06-14 10:03:20,244.7,2579200
2021-06-14 10:03:21,244.7,2579240
2021-06-14 10:03:22,244.7,2579240
2021-06-14 10:03:24,244.7,2579241
2021-06-14 10:03:25,244.7,2579241
2021-06-14 10:03:29,244.7,2579254
2021-06-14 10:03:30,244.6,2579554
2021-06-14 10:03:30,244.7,2579679
2021-06-14 10:03:31,244.7,2579789
2021-06-14 10:03:33,244.6,2582366
2021-06-14 10:03:34,244.65,2582541
2021-06-14 10:03:34,244.65,2582541
2021-06-14 10:03:36,244.65,2582541
2021-06-14 10:03:37,244.5,2583673
2021-06-14 10:03:37,244.5,2583673
2021-06-14 10:03:40,244.5,2591683
2021-06-14 10:03:40,244.5,2593648
2021-06-14 10:03:41,244.5,2593651
2021-06-14 10:03:42,244.5,2594332
2021-06-14 10:03:43,244.7,2594497
2021-06-14 10:03:44,244.7,2594503
2021-06-14 10:03:45,244.65,2594603
2021-06-14 10:03:46,244.65,2594640
2021-06-14 10:03:47,244.65,2594690
2021-06-14 10:03:48,244.65,2594693
2021-06-14 10:03:50,244.65,2594693
2021-06-14 10:03:51,244.65,2594693
2021-06-14 10:03:52,244.55,2595000
2021-06-14 10:03:53,244.55,2595000
2021-06-14 10:03:54,244.55,2595000
2021-06-14 10:03:55,244.6,2595001
2021-06-14 10:03:56,244.6,2595001
2021-06-14 10:03:57,244.5,2595101
2021-06-14 10:03:58,244.5,2595101
2021-06-14 10:03:59,244.6,2595121
2021-06-14 10:04:00,244.6,2595121
2021-06-14 10:04:01,244.6,2595121
2021-06-14 10:04:02,244.6,2595131
2021-06-14 10:04:03,244.6,2595306
2021-06-14 10:04:04,244.55,2595316
2021-06-14 10:04:05,244.6,2595426
2021-06-14 10:04:06,244.6,2595426
2021-06-14 10:04:07,244.6,2595446
2021-06-14 10:04:08,244.6,2595446
2021-06-14 10:04:09,244.6,2595471
2021-06-14 10:04:10,244.65,2601198
2021-06-14 10:04:11,244.6,2601213
2021-06-14 10:04:12,244.65,2601563
2021-06-14 10:04:13,244.65,2601563
2021-06-14 10:04:14,244.65,2601563
2021-06-14 10:04:15,244.65,2601563
2021-06-14 10:04:16,244.65,2601909
2021-06-14 10:04:17,244.7,2601925
2021-06-14 10:04:17,244.7,2601924
2021-06-14 10:04:20,244.65,2601968
2021-06-14 10:04:21,244.7,2602012
2021-06-14 10:04:22,244.7,2602012
2021-06-14 10:04:23,244.7,2602052
2021-06-14 10:04:25,244.7,2602052
2021-06-14 10:04:27,244.7,2602067
2021-06-14 10:04:28,244.7,2602367
2021-06-14 10:04:29,244.7,2602367
2021-06-14 10:04:30,244.7,2602367
2021-06-14 10:04:31,244.7,2602377
2021-06-14 10:04:32,244.7,2602827
2021-06-14 10:04:33,244.7,2602986
2021-06-14 10:04:35,244.7,2603405
2021-06-14 10:04:36,244.7,2603405
2021-06-14 10:04:37,244.7,2603920
2021-06-14 10:04:38,244.7,2603920
2021-06-14 10:04:39,244.7,2603922
2021-06-14 10:04:40,244.7,2604127
2021-06-14 10:04:41,244.7,2604128
2021-06-14 10:04:42,244.7,2604128
2021-06-14 10:04:43,244.7,2604138
2021-06-14 10:04:44,244.7,2604139
2021-06-14 10:04:45,244.7,2604598
2021-06-14 10:04:46,244.65,2604790
2021-06-14 10:04:47,244.65,2604790
2021-06-14 10:04:47,244.65,2604790
2021-06-14 10:04:48,244.65,2604790
2021-06-14 10:04:50,244.65,2604790
2021-06-14 10:04:51,244.8,2604850
2021-06-14 10:04:52,244.8,2604870
2021-06-14 10:04:53,244.8,2604870
2021-06-14 10:04:53,244.8,2604870
2021-06-14 10:04:54,244.8,2604870
2021-06-14 10:04:55,244.8,2604870
2021-06-14 10:04:56,244.8,2604885
2021-06-14 10:04:58,244.8,2604905
2021-06-14 10:04:59,244.8,2604977
2021-06-14 10:05:00,244.8,2605317
2021-06-14 10:05:01,244.8,2605317
2021-06-14 10:05:02,244.8,2605317
2021-06-14 10:05:03,244.8,2605317
2021-06-14 10:05:04,244.8,2605317
2021-06-14 10:05:05,244.8,2605423
2021-06-14 10:05:06,244.8,2605523
2021-06-14 10:05:07,244.8,2605540
2021-06-14 10:05:08,244.8,2605540
2021-06-14 10:05:09,244.8,2605540
2021-06-14 10:05:10,244.75,2605682
2021-06-14 10:05:11,244.8,2605722
2021-06-14 10:05:12,244.8,2605722
2021-06-14 10:05:13,244.8,2605822
2021-06-14 10:05:13,244.8,2605822
2021-06-14 10:05:14,244.8,2606117
2021-06-14 10:05:15,244.8,2606117
2021-06-14 10:05:17,244.8,2606147
2021-06-14 10:05:17,244.8,2606648
2021-06-14 10:05:19,244.8,2606649
2021-06-14 10:05:21,244.8,2606765
2021-06-14 10:05:22,244.8,2606765
2021-06-14 10:05:23,244.85,2606828
2021-06-14 10:05:24,244.8,2606959
2021-06-14 10:05:25,244.9,2607227
2021-06-14 10:05:26,244.9,2607282
2021-06-14 10:05:27,244.9,2607334
2021-06-14 10:05:28,244.9,2607344
2021-06-14 10:05:29,244.9,2607344
2021-06-14 10:05:30,244.9,2607345
2021-06-14 10:05:31,244.85,2607521
2021-06-14 10:05:32,244.85,2607854
2021-06-14 10:05:32,245.0,2611855
2021-06-14 10:05:33,245.05,2611937
2021-06-14 10:05:34,245.0,2612948
2021-06-14 10:05:36,244.9,2614736
2021-06-14 10:05:37,244.9,2614762
2021-06-14 10:05:38,245.0,2614764
2021-06-14 10:05:40,245.05,2614871
2021-06-14 10:05:41,245.05,2614871
2021-06-14 10:05:42,245.05,2614871
2021-06-14 10:05:42,245.05,2614871
2021-06-14 10:05:43,245.0,2614931
2021-06-14 10:05:44,245.0,2614931
2021-06-14 10:05:46,245.05,2614962
2021-06-14 10:05:47,245.0,2614977
2021-06-14 10:05:48,245.0,2615037
2021-06-14 10:05:49,245.0,2615179
2021-06-14 10:05:50,245.0,2615514
2021-06-14 10:05:51,245.0,2615514
2021-06-14 10:05:52,245.05,2617514
2021-06-14 10:05:53,245.0,2617647
2021-06-14 10:05:53,245.05,2617648
2021-06-14 10:05:55,245.1,2617848
2021-06-14 10:05:55,245.1,2617848
2021-06-14 10:05:57,245.1,2617848
2021-06-14 10:05:58,245.1,2617848
2021-06-14 10:05:59,245.05,2617948
2021-06-14 10:06:00,244.95,2625928
2021-06-14 10:06:01,244.75,2633105
2021-06-14 10:06:02,244.75,2633105
2021-06-14 10:06:03,244.95,2633606
2021-06-14 10:06:04,244.9,2633628
2021-06-14 10:06:05,244.9,2633728
2021-06-14 10:06:06,244.9,2633728
2021-06-14 10:06:07,244.8,2633753
2021-06-14 10:06:08,244.85,2633755
2021-06-14 10:06:09,244.85,2633768
2021-06-14 10:06:10,244.9,2633788
2021-06-14 10:06:11,244.9,2634119
2021-06-14 10:06:12,244.9,2634119
2021-06-14 10:06:13,244.7,2637103
2021-06-14 10:06:14,244.6,2640604
2021-06-14 10:06:15,244.55,2641103
2021-06-14 10:06:16,244.65,2641303
2021-06-14 10:06:17,244.7,2641583
2021-06-14 10:06:18,244.7,2641593
2021-06-14 10:06:19,244.7,2641593
2021-06-14 10:06:20,244.7,2641693
2021-06-14 10:06:21,244.7,2641693
2021-06-14 10:06:22,244.7,2641693
2021-06-14 10:06:23,244.7,2641693
2021-06-14 10:06:24,244.7,2641693
2021-06-14 10:06:25,244.7,2641721
2021-06-14 10:06:26,244.7,2641976
2021-06-14 10:06:27,244.65,2641978
2021-06-14 10:06:28,244.65,2641978
2021-06-14 10:06:29,244.65,2641978
2021-06-14 10:06:30,244.7,2642168
2021-06-14 10:06:31,244.7,2642168
2021-06-14 10:06:32,244.7,2642181
2021-06-14 10:06:33,244.7,2642181
2021-06-14 10:06:34,244.65,2642256
2021-06-14 10:06:35,244.65,2642357
2021-06-14 10:06:36,244.7,2642363
2021-06-14 10:06:37,244.7,2642478
2021-06-14 10:06:38,244.7,2642528
2021-06-14 10:06:39,244.7,2642528
2021-06-14 10:06:40,244.7,2642528
2021-06-14 10:06:41,244.7,2642528
2021-06-14 10:06:42,244.7,2642528
2021-06-14 10:06:43,244.65,2642547
2021-06-14 10:06:44,244.65,2642547
2021-06-14 10:06:45,244.65,2642847
2021-06-14 10:06:46,244.7,2642918
2021-06-14 10:06:47,244.7,2642934
2021-06-14 10:06:48,244.7,2642934
2021-06-14 10:06:49,244.7,2642934
2021-06-14 10:06:50,244.65,2642996
2021-06-14 10:06:52,244.7,2643246
2021-06-14 10:06:53,244.7,2643246
2021-06-14 10:06:54,244.7,2643246
2021-06-14 10:06:55,244.7,2643246
2021-06-14 10:06:56,244.7,2643261
2021-06-14 10:06:57,244.65,2643411
2021-06-14 10:06:58,244.65,2643411
2021-06-14 10:06:59,244.65,2643411
2021-06-14 10:07:00,244.7,2643412
2021-06-14 10:07:01,244.7,2643412
2021-06-14 10:07:02,244.7,2643412
2021-06-14 10:07:03,244.7,2643412
2021-06-14 10:07:04,244.7,2643522
2021-06-14 10:07:05,244.7,2643522
2021-06-14 10:07:06,244.7,2643547
2021-06-14 10:07:07,244.7,2643607
2021-06-14 10:07:08,244.7,2643607
2021-06-14 10:07:09,244.65,2643717
2021-06-14 10:07:10,244.7,2643767
2021-06-14 10:07:11,244.7,2643767
2021-06-14 10:07:12,244.7,2643767
2021-06-14 10:07:13,244.7,2644117
2021-06-14 10:07:14,244.7,2644117
2021-06-14 10:07:15,244.7,2644217
2021-06-14 10:07:16,244.7,2644217
2021-06-14 10:07:17,244.7,2644232
2021-06-14 10:07:18,244.7,2644282
2021-06-14 10:07:19,244.7,2644282
2021-06-14 10:07:20,244.7,2645198
2021-06-14 10:07:21,244.7,2645198
2021-06-14 10:07:22,244.8,2645233
2021-06-14 10:07:23,244.8,2645313
2021-06-14 10:07:25,244.8,2645313
2021-06-14 10:07:26,244.8,2645347
2021-06-14 10:07:27,244.8,2645347
2021-06-14 10:07:28,244.8,2645347
2021-06-14 10:07:29,244.8,2645367
2021-06-14 10:07:30,244.85,2645642
2021-06-14 10:07:31,244.85,2645642
2021-06-14 10:07:32,244.85,2645642
2021-06-14 10:07:33,244.85,2645644
2021-06-14 10:07:34,244.85,2645845
2021-06-14 10:07:35,244.85,2645845
2021-06-14 10:07:36,244.85,2646160
2021-06-14 10:07:37,244.85,2646160
2021-06-14 10:07:38,244.85,2646160
2021-06-14 10:07:39,244.85,2646165
2021-06-14 10:07:40,244.85,2646165
2021-06-14 10:07:41,244.75,2646465
2021-06-14 10:07:42,244.8,2646490
2021-06-14 10:07:43,244.75,2646590
2021-06-14 10:07:44,244.75,2646590
2021-06-14 10:07:45,244.75,2647963
2021-06-14 10:07:50,244.8,2648001
2021-06-14 10:07:55,244.9,2648620
2021-06-14 10:07:59,244.8,2648860
2021-06-14 10:08:04,244.9,2649000
2021-06-14 10:08:08,244.95,2649222
2021-06-14 10:08:12,244.85,2649508
2021-06-14 10:08:17,244.9,2649531
2021-06-14 10:08:21,244.85,2649845
2021-06-14 10:08:25,244.85,2649969
2021-06-14 10:08:33,244.85,2651171
2021-06-14 10:08:38,244.95,2651592
2021-06-14 10:08:42,244.9,2651696
2021-06-14 10:08:46,244.95,2651809
2021-06-14 10:08:50,244.85,2651994
2021-06-14 10:08:55,244.9,2652458
2021-06-14 10:09:00,244.9,2652458
2021-06-14 10:09:04,245.0,2652994
2021-06-14 10:09:08,245.0,2653709
2021-06-14 10:09:13,244.95,2655614
2021-06-14 10:09:17,244.95,2655665
2021-06-14 10:09:22,244.8,2664697
2021-06-14 10:09:27,244.8,2670846
2021-06-14 10:09:31,244.8,2671496
2021-06-14 10:09:36,244.8,2671745
2021-06-14 10:09:41,244.8,2671761
2021-06-14 10:09:45,244.8,2672049
2021-06-14 10:09:50,244.75,2672193
2021-06-14 10:09:55,244.75,2672538
2021-06-14 10:10:00,244.75,2672551
2021-06-14 10:10:04,244.8,2672744
2021-06-14 10:10:09,244.7,2672973
2021-06-14 10:10:13,244.8,2672993
2021-06-14 10:10:18,244.7,2673268
2021-06-14 10:10:23,244.75,2673368
2021-06-14 10:10:28,244.75,2674799
2021-06-14 10:10:33,244.8,2674856
2021-06-14 10:10:38,244.8,2675437
2021-06-14 10:10:42,244.7,2675741
2021-06-14 10:10:46,244.8,2675895
2021-06-14 10:10:51,244.8,2676032
2021-06-14 10:10:55,244.75,2676295
2021-06-14 10:10:59,244.75,2676600
2021-06-14 10:11:04,244.75,2677103
2021-06-14 10:11:08,244.7,2677226
2021-06-14 10:11:12,244.7,2677378
2021-06-14 10:11:16,244.7,2677468
2021-06-14 10:11:20,244.75,2677627
2021-06-14 10:11:24,244.75,2677627
2021-06-14 10:11:28,244.7,2678954
2021-06-14 10:11:33,244.8,2682423
2021-06-14 10:11:41,244.8,2683735
2021-06-14 10:11:46,244.8,2683751
2021-06-14 10:11:50,244.8,2684029
2021-06-14 10:11:54,244.75,2684828
2021-06-14 10:11:58,244.75,2685894
2021-06-14 10:12:02,244.8,2685949
2021-06-14 10:12:07,245.0,2688773
2021-06-14 10:12:11,244.95,2688798
2021-06-14 10:12:15,245.0,2689013
2021-06-14 10:12:20,245.1,2690901
2021-06-14 10:12:24,245.15,2691333
2021-06-14 10:12:29,245.15,2691648
2021-06-14 10:12:33,245.15,2691848
2021-06-14 10:12:37,245.15,2692509
2021-06-14 10:12:42,245.0,2700016
2021-06-14 10:12:46,245.0,2702129
2021-06-14 10:12:50,245.0,2702154
2021-06-14 10:12:54,245.0,2702592
2021-06-14 10:12:59,244.9,2703137
2021-06-14 10:13:03,244.9,2707466
2021-06-14 10:13:07,244.95,2707576
2021-06-14 10:13:12,244.95,2707631
2021-06-14 10:13:16,244.9,2708261
2021-06-14 10:13:21,244.9,2708447
2021-06-14 10:13:25,244.9,2708649
2021-06-14 10:13:29,244.9,2709109
2021-06-14 10:13:38,245.05,2715167
2021-06-14 10:13:43,245.3,2718131
2021-06-14 10:13:48,245.25,2718365
2021-06-14 10:13:52,245.4,2718903
2021-06-14 10:13:56,245.3,2718917
2021-06-14 10:14:01,245.4,2720999
2021-06-14 10:14:05,245.3,2722105
2021-06-14 10:14:09,245.45,2723124
2021-06-14 10:14:13,245.4,2724510
2021-06-14 10:14:18,245.4,2725182
2021-06-14 10:14:22,245.35,2726592
2021-06-14 10:14:26,245.35,2726729
2021-06-14 10:14:31,245.3,2728136
2021-06-14 10:14:35,245.3,2729519
2021-06-14 10:14:40,245.35,2729944
2021-06-14 10:14:48,245.2,2733056
2021-06-14 10:14:53,245.15,2733169
2021-06-14 10:14:57,245.25,2733284
2021-06-14 10:15:02,245.25,2733699
2021-06-14 10:15:06,245.2,2735009
2021-06-14 10:15:10,245.3,2739474
2021-06-14 10:15:15,245.3,2739712
2021-06-14 10:15:19,245.3,2739728
2021-06-14 10:15:23,245.3,2739828
2021-06-14 10:15:27,245.3,2740002
2021-06-14 10:15:31,245.25,2741187
2021-06-14 10:15:36,245.25,2741375
2021-06-14 10:15:40,245.25,2741415
2021-06-14 10:15:44,245.25,2741794
2021-06-14 10:15:48,245.3,2742642
2021-06-14 10:15:52,245.25,2742787
2021-06-14 10:15:56,245.3,2743002
2021-06-14 10:16:01,245.3,2743202
2021-06-14 10:16:06,245.3,2743332
2021-06-14 10:16:10,245.3,2743573
2021-06-14 10:16:15,245.3,2743943
2021-06-14 10:16:19,245.35,2745709
2021-06-14 10:16:23,245.3,2746754
2021-06-14 10:16:28,245.3,2749306
2021-06-14 10:16:32,245.25,2750924
2021-06-14 10:16:36,245.35,2750952
2021-06-14 10:16:41,245.35,2752077
2021-06-14 10:16:45,245.35,2756702
2021-06-14 10:16:50,245.4,2756837
2021-06-14 10:16:54,245.4,2757188
2021-06-14 10:16:58,245.4,2757324
2021-06-14 10:17:03,245.45,2757694
2021-06-14 10:17:07,245.45,2757763
2021-06-14 10:17:11,245.4,2759394
2021-06-14 10:17:15,245.45,2760931
2021-06-14 10:17:19,245.5,2762484
2021-06-14 10:17:28,245.5,2766103
2021-06-14 10:17:32,245.5,2767163
2021-06-14 10:17:36,245.6,2768202
2021-06-14 10:17:40,245.65,2770770
2021-06-14 10:17:44,245.65,2776700
2021-06-14 10:17:48,245.65,2777884
2021-06-14 10:17:52,245.65,2778039
2021-06-14 10:17:55,245.6,2778532
2021-06-14 10:17:59,245.7,2779717
2021-06-14 10:18:04,245.65,2780831
2021-06-14 10:18:08,245.7,2783345
2021-06-14 10:18:12,245.7,2784652
2021-06-14 10:18:17,245.6,2787088
2021-06-14 10:18:21,245.65,2787294
2021-06-14 10:18:25,245.65,2788305
2021-06-14 10:18:29,245.65,2788561
2021-06-14 10:18:33,245.6,2788582
2021-06-14 10:18:37,245.6,2788648
2021-06-14 10:18:42,245.65,2798424
2021-06-14 10:18:46,245.6,2799356
2021-06-14 10:18:50,245.6,2806255
2021-06-14 10:18:54,245.65,2809335
2021-06-14 10:18:58,245.65,2809389
2021-06-14 10:19:02,245.6,2809703
2021-06-14 10:19:06,245.65,2809816
2021-06-14 10:19:10,245.75,2812407
2021-06-14 10:19:15,245.85,2813369
2021-06-14 10:19:19,245.8,2814267
2021-06-14 10:19:23,245.85,2814395
2021-06-14 10:19:27,245.85,2814985
2021-06-14 10:19:31,245.8,2815217
2021-06-14 10:19:35,245.9,2822026
2021-06-14 10:19:39,245.85,2822885
2021-06-14 10:19:44,245.95,2823577
2021-06-14 10:19:48,245.95,2824927
2021-06-14 10:19:52,245.95,2825979
2021-06-14 10:19:56,245.9,2827169
2021-06-14 10:20:00,245.9,2827216
2021-06-14 10:20:04,245.95,2829754
2021-06-14 10:20:08,245.85,2831861
2021-06-14 10:20:12,245.95,2832711
2021-06-14 10:20:16,245.95,2832831
2021-06-14 10:20:21,245.9,2833434
2021-06-14 10:20:25,245.85,2833953
2021-06-14 10:20:29,245.95,2835377
2021-06-14 10:20:32,245.95,2836390
2021-06-14 10:20:37,245.9,2837895
2021-06-14 10:20:41,246.0,2850481
2021-06-14 10:20:45,246.0,2851790
2021-06-14 10:20:49,246.1,2869563
2021-06-14 10:20:53,246.2,2872324
2021-06-14 10:20:57,246.15,2873707
2021-06-14 10:21:01,246.25,2875571
2021-06-14 10:21:05,246.25,2877003
2021-06-14 10:21:09,246.1,2879651
2021-06-14 10:21:18,246.1,2885629
2021-06-14 10:21:22,246.1,2886025
2021-06-14 10:21:26,246.15,2887130
2021-06-14 10:21:35,246.2,2889705
2021-06-14 10:21:38,246.1,2893590
2021-06-14 10:21:42,246.2,2901070
2021-06-14 10:21:46,246.1,2905029
2021-06-14 10:21:51,246.05,2906300
2021-06-14 10:21:55,246.1,2907877
2021-06-14 10:21:59,246.2,2910298
2021-06-14 10:22:04,246.25,2913689
2021-06-14 10:22:08,246.3,2916239
2021-06-14 10:22:12,246.15,2917250
2021-06-14 10:22:16,246.3,2919297
2021-06-14 10:22:20,246.25,2920710
2021-06-14 10:22:24,246.2,2921806
2021-06-14 10:22:32,246.15,2941610
2021-06-14 10:22:36,246.35,2943349
2021-06-14 10:22:40,246.4,2945982
2021-06-14 10:22:43,246.4,2950239
2021-06-14 10:22:45,246.4,2952439
2021-06-14 10:22:46,246.35,2952691
2021-06-14 10:22:47,246.4,2954046
2021-06-14 10:22:48,246.4,2956282
2021-06-14 10:22:50,246.4,2956297
2021-06-14 10:22:51,246.4,2961434
2021-06-14 10:22:51,246.4,2961434
2021-06-14 10:22:52,246.35,2961457
2021-06-14 10:22:53,246.45,2962547
2021-06-14 10:22:54,246.35,2962637
2021-06-14 10:22:55,246.45,2962691
2021-06-14 10:22:56,246.45,2962701
2021-06-14 10:22:57,246.5,2964496
2021-06-14 10:22:58,246.4,2964571
2021-06-14 10:22:59,246.45,2964587
2021-06-14 10:23:00,246.45,2964609
2021-06-14 10:23:01,246.45,2964609
2021-06-14 10:23:02,246.5,2965614
2021-06-14 10:23:04,246.5,2965766
2021-06-14 10:23:05,246.5,2965775
2021-06-14 10:23:06,246.55,2968644
2021-06-14 10:23:07,246.55,2968749
2021-06-14 10:23:09,246.55,2976196
2021-06-14 10:23:10,246.45,2978288
2021-06-14 10:23:11,246.45,2978288
2021-06-14 10:23:11,246.45,2978288
2021-06-14 10:23:12,246.45,2978817
2021-06-14 10:23:14,246.25,2984127
2021-06-14 10:23:16,246.3,2987863
2021-06-14 10:23:17,246.35,2987873
2021-06-14 10:23:18,246.4,2988873
2021-06-14 10:23:19,246.4,2989230
2021-06-14 10:23:20,246.4,2989236
2021-06-14 10:23:20,246.4,2989236
2021-06-14 10:23:21,246.4,2989797
2021-06-14 10:23:23,246.35,2989863
2021-06-14 10:23:23,246.25,2992341
2021-06-14 10:23:24,246.4,2993651
2021-06-14 10:23:25,246.3,2993901
2021-06-14 10:23:26,246.3,2994126
2021-06-14 10:23:27,246.4,2994448
2021-06-14 10:23:28,246.4,2994448
2021-06-14 10:23:29,246.4,2994452
2021-06-14 10:23:31,246.5,2995513
2021-06-14 10:23:32,246.65,2997113
2021-06-14 10:23:32,246.6,2997163
2021-06-14 10:23:33,246.6,2997703
2021-06-14 10:23:34,246.5,2997749
2021-06-14 10:23:35,246.6,2997989
2021-06-14 10:23:36,246.6,2999064
2021-06-14 10:23:37,246.65,2999874
2021-06-14 10:23:38,246.55,3001184
2021-06-14 10:23:40,246.5,3002429
2021-06-14 10:23:41,246.5,3002977
2021-06-14 10:23:42,246.6,3003127
2021-06-14 10:23:43,246.5,3003149
2021-06-14 10:23:44,246.6,3004029
2021-06-14 10:23:45,246.7,3005424
2021-06-14 10:23:46,246.5,3010986
2021-06-14 10:23:47,246.5,3011570
2021-06-14 10:23:48,246.55,3016187
2021-06-14 10:23:49,246.5,3018602
2021-06-14 10:23:50,246.5,3018704
2021-06-14 10:23:51,246.5,3019254
2021-06-14 10:23:53,246.5,3023132
2021-06-14 10:23:54,246.5,3023232
2021-06-14 10:23:55,246.5,3023652
2021-06-14 10:23:55,246.5,3023767
2021-06-14 10:23:56,246.5,3023768
2021-06-14 10:23:58,246.5,3023829
2021-06-14 10:23:59,246.55,3024880
2021-06-14 10:24:00,246.55,3024884
2021-06-14 10:24:01,246.45,3024886
2021-06-14 10:24:02,246.45,3024886
2021-06-14 10:24:03,246.5,3026104
2021-06-14 10:24:03,246.55,3027104
2021-06-14 10:24:04,246.45,3029347
2021-06-14 10:24:05,246.6,3034120
2021-06-14 10:24:06,246.55,3034540
2021-06-14 10:24:07,246.55,3034540
2021-06-14 10:24:08,246.65,3034874
2021-06-14 10:24:09,246.55,3035035
2021-06-14 10:24:10,246.55,3035587
2021-06-14 10:24:12,246.75,3036587
2021-06-14 10:24:13,246.45,3043364
2021-06-14 10:24:14,246.45,3045590
2021-06-14 10:24:15,246.5,3046590
2021-06-14 10:24:15,246.5,3046656
2021-06-14 10:24:16,246.55,3047657
2021-06-14 10:24:17,246.5,3047857
2021-06-14 10:24:18,246.5,3048274
2021-06-14 10:24:19,246.45,3048324
2021-06-14 10:24:21,246.45,3048563
2021-06-14 10:24:21,246.5,3049350
2021-06-14 10:24:22,246.5,3049402
2021-06-14 10:24:23,246.5,3049402
2021-06-14 10:24:25,246.4,3056494
2021-06-14 10:24:25,246.2,3060625
2021-06-14 10:24:27,246.4,3063479
2021-06-14 10:24:28,246.4,3063531
2021-06-14 10:24:29,246.35,3063606
2021-06-14 10:24:29,246.4,3063612
2021-06-14 10:24:30,246.45,3065162
2021-06-14 10:24:31,246.45,3065183
2021-06-14 10:24:32,246.35,3066183
2021-06-14 10:24:33,246.35,3066183
2021-06-14 10:24:34,246.4,3066195
2021-06-14 10:24:35,246.4,3066205
2021-06-14 10:24:36,246.3,3066215
2021-06-14 10:24:37,246.3,3066247
2021-06-14 10:24:38,246.3,3066247
2021-06-14 10:24:39,246.3,3066293
2021-06-14 10:24:40,246.45,3067404
2021-06-14 10:24:41,246.3,3068341
2021-06-14 10:24:42,246.3,3068891
2021-06-14 10:24:43,246.4,3071480
2021-06-14 10:24:44,246.35,3072770
2021-06-14 10:24:45,246.4,3073664
2021-06-14 10:24:46,246.4,3073664
2021-06-14 10:24:48,246.3,3073814
2021-06-14 10:24:49,246.4,3074814
2021-06-14 10:24:51,246.4,3075429
2021-06-14 10:24:52,246.4,3075538
2021-06-14 10:24:53,246.4,3075538
2021-06-14 10:24:53,246.4,3075538
2021-06-14 10:24:54,246.3,3075738
2021-06-14 10:24:55,246.3,3075789
2021-06-14 10:24:56,246.3,3075789
2021-06-14 10:24:57,246.4,3075914
2021-06-14 10:24:58,246.4,3075914
2021-06-14 10:24:59,246.45,3076140
2021-06-14 10:25:00,246.45,3077117
2021-06-14 10:25:01,246.45,3077117
2021-06-14 10:25:03,246.45,3077542
2021-06-14 10:25:04,246.45,3077607
2021-06-14 10:25:05,246.5,3077743
2021-06-14 10:25:06,246.5,3077743
2021-06-14 10:25:07,246.5,3077743
2021-06-14 10:25:08,246.5,3077845
2021-06-14 10:25:09,246.45,3077855
2021-06-14 10:25:10,246.4,3077865
2021-06-14 10:25:11,246.5,3079637
2021-06-14 10:25:11,246.5,3079637
2021-06-14 10:25:12,246.5,3080087
2021-06-14 10:25:13,246.5,3081099
2021-06-14 10:25:14,246.45,3081105
2021-06-14 10:25:16,246.45,3081105
2021-06-14 10:25:16,246.45,3081105
2021-06-14 10:25:17,246.45,3081420
2021-06-14 10:25:19,246.5,3081970
2021-06-14 10:25:19,246.5,3081970
2021-06-14 10:25:20,246.45,3082025
2021-06-14 10:25:21,246.45,3082183
2021-06-14 10:25:22,246.45,3082183
2021-06-14 10:25:23,246.5,3082662
2021-06-14 10:25:24,246.55,3082912
2021-06-14 10:25:26,246.55,3083112
2021-06-14 10:25:27,246.7,3083262
2021-06-14 10:25:28,246.55,3083263
2021-06-14 10:25:29,246.6,3083358
2021-06-14 10:25:30,246.5,3083755
2021-06-14 10:25:31,246.6,3083956
2021-06-14 10:25:32,246.6,3083957
2021-06-14 10:25:33,246.5,3085973
2021-06-14 10:25:34,246.5,3085973
2021-06-14 10:25:35,246.55,3085993
2021-06-14 10:25:36,246.55,3085993
2021-06-14 10:25:37,246.6,3086013
2021-06-14 10:25:38,246.5,3086412
2021-06-14 10:25:39,246.55,3086427
2021-06-14 10:25:40,246.55,3086815
2021-06-14 10:25:41,246.55,3086815
2021-06-14 10:25:42,246.55,3086815
2021-06-14 10:25:42,246.55,3086915
2021-06-14 10:25:43,246.55,3086920
2021-06-14 10:25:45,246.6,3087043
2021-06-14 10:25:46,246.55,3087433
2021-06-14 10:25:47,246.6,3087633
2021-06-14 10:25:48,246.55,3087728
2021-06-14 10:25:49,246.55,3087729
2021-06-14 10:25:50,246.55,3087744
2021-06-14 10:25:50,246.55,3088144
2021-06-14 10:25:51,246.55,3088164
2021-06-14 10:25:52,246.5,3089007
2021-06-14 10:25:53,246.6,3089017
2021-06-14 10:25:54,246.55,3089058
2021-06-14 10:25:55,246.55,3089382
2021-06-14 10:25:56,246.6,3089667
2021-06-14 10:25:58,246.5,3089685
2021-06-14 10:25:59,246.5,3090101
2021-06-14 10:26:00,246.6,3090516
2021-06-14 10:26:01,246.55,3090697
2021-06-14 10:26:02,246.5,3094760
2021-06-14 10:26:03,246.5,3097579
2021-06-14 10:26:04,246.5,3097579
2021-06-14 10:26:04,246.5,3097587
2021-06-14 10:26:05,246.5,3097637
2021-06-14 10:26:06,246.55,3097709
2021-06-14 10:26:08,246.55,3097723
2021-06-14 10:26:09,246.45,3097819
2021-06-14 10:26:12,246.3,3113408
2021-06-14 10:26:12,246.3,3113408
2021-06-14 10:26:13,246.15,3115711
2021-06-14 10:26:14,246.1,3118511
2021-06-14 10:26:15,246.25,3118611
2021-06-14 10:26:16,246.25,3118786
2021-06-14 10:26:17,246.1,3122135
2021-06-14 10:26:18,246.05,3123739
2021-06-14 10:26:20,246.2,3123750
2021-06-14 10:26:21,246.1,3124020
2021-06-14 10:26:22,246.05,3124372
2021-06-14 10:26:23,246.05,3124492
2021-06-14 10:26:24,246.05,3126492
2021-06-14 10:26:25,246.1,3126542
2021-06-14 10:26:26,246.05,3127043
2021-06-14 10:26:27,246.15,3130773
2021-06-14 10:26:29,246.1,3135724
2021-06-14 10:26:30,246.1,3135745
2021-06-14 10:26:31,245.9,3139528
2021-06-14 10:26:32,245.9,3141276
2021-06-14 10:26:33,246.0,3141337
2021-06-14 10:26:34,246.0,3141337
2021-06-14 10:26:35,245.9,3141592
2021-06-14 10:26:35,245.9,3141592
2021-06-14 10:26:37,246.0,3141728
2021-06-14 10:26:38,245.9,3141788
2021-06-14 10:26:39,246.0,3143887
2021-06-14 10:26:40,245.85,3144097
2021-06-14 10:26:41,245.85,3144197
2021-06-14 10:26:43,245.9,3144864
2021-06-14 10:26:44,245.9,3144864
2021-06-14 10:26:45,245.85,3145384
2021-06-14 10:26:46,245.85,3145384
2021-06-14 10:26:47,245.85,3145417
2021-06-14 10:26:49,245.9,3145499
2021-06-14 10:26:50,245.85,3146370
2021-06-14 10:26:51,245.8,3148266
2021-06-14 10:26:52,245.7,3148316
2021-06-14 10:26:53,245.7,3149457
2021-06-14 10:26:54,245.85,3149783
2021-06-14 10:26:54,245.85,3149943
2021-06-14 10:26:55,246.0,3150150
2021-06-14 10:26:56,245.85,3150151
2021-06-14 10:26:59,246.0,3150597
2021-06-14 10:26:59,246.0,3150636
2021-06-14 10:27:01,246.0,3150736
2021-06-14 10:27:02,245.8,3151736
2021-06-14 10:27:02,245.8,3151736
2021-06-14 10:27:03,245.85,3152967
2021-06-14 10:27:06,246.0,3155144
2021-06-14 10:27:07,245.9,3156462
2021-06-14 10:27:08,245.9,3156466
2021-06-14 10:27:09,245.9,3156474
2021-06-14 10:27:10,245.9,3156696
2021-06-14 10:27:11,245.9,3156972
2021-06-14 10:27:12,245.95,3157597
2021-06-14 10:27:13,245.9,3157602
2021-06-14 10:27:14,246.0,3157939
2021-06-14 10:27:15,245.85,3158320
2021-06-14 10:27:16,245.9,3158671
2021-06-14 10:27:17,246.0,3159171
2021-06-14 10:27:18,245.9,3159216
2021-06-14 10:27:19,245.9,3159216
2021-06-14 10:27:20,246.0,3162294
2021-06-14 10:27:21,246.0,3162404
2021-06-14 10:27:22,245.95,3162654
2021-06-14 10:27:24,246.15,3168151
2021-06-14 10:27:25,246.2,3168171
2021-06-14 10:27:26,246.2,3168172
2021-06-14 10:27:27,246.2,3168522
2021-06-14 10:27:28,246.15,3168824
2021-06-14 10:27:29,246.15,3168839
2021-06-14 10:27:30,246.2,3169059
2021-06-14 10:27:31,246.2,3169059
2021-06-14 10:27:32,246.1,3169061
2021-06-14 10:27:33,246.1,3169061
2021-06-14 10:27:34,246.1,3169061
2021-06-14 10:27:35,246.2,3169186
2021-06-14 10:27:36,246.1,3170595
2021-06-14 10:27:37,246.0,3172058
2021-06-14 10:27:38,245.95,3172168
2021-06-14 10:27:39,246.05,3172218
2021-06-14 10:27:40,246.1,3172227
2021-06-14 10:27:41,246.0,3172244
2021-06-14 10:27:42,246.0,3172244
2021-06-14 10:27:43,245.95,3172744
2021-06-14 10:27:44,245.95,3172744
2021-06-14 10:27:45,246.1,3172844
2021-06-14 10:27:46,246.1,3172844
2021-06-14 10:27:47,246.1,3173172
2021-06-14 10:27:48,246.1,3173172
2021-06-14 10:27:50,246.1,3173172
2021-06-14 10:27:52,246.1,3173200
2021-06-14 10:27:53,246.1,3173200
2021-06-14 10:27:54,246.2,3173435
2021-06-14 10:27:55,246.1,3173552
2021-06-14 10:27:56,246.1,3173552
2021-06-14 10:27:57,246.1,3173552
2021-06-14 10:27:58,246.15,3173557
2021-06-14 10:27:59,246.15,3173557
2021-06-14 10:28:00,246.15,3173572
2021-06-14 10:28:01,246.1,3173673
2021-06-14 10:28:02,246.1,3173673
2021-06-14 10:28:03,246.1,3173673
2021-06-14 10:28:04,246.15,3173725
2021-06-14 10:28:05,246.1,3173985
2021-06-14 10:28:06,246.1,3173985
2021-06-14 10:28:08,246.15,3174285
2021-06-14 10:28:09,246.15,3174305
2021-06-14 10:28:10,246.1,3174486
2021-06-14 10:28:11,246.15,3174831
2021-06-14 10:28:12,246.15,3174831
2021-06-14 10:28:13,246.15,3174831
2021-06-14 10:28:14,246.15,3174881
2021-06-14 10:28:15,246.15,3175531
2021-06-14 10:28:16,246.15,3175561
2021-06-14 10:28:17,246.15,3175661
2021-06-14 10:28:18,246.15,3175661
2021-06-14 10:28:19,246.15,3175676
2021-06-14 10:28:20,246.15,3175726
2021-06-14 10:28:21,246.15,3175726
2021-06-14 10:28:22,246.15,3175726
2021-06-14 10:28:23,246.15,3175726
2021-06-14 10:28:24,246.15,3175726
2021-06-14 10:28:26,246.15,3175733
2021-06-14 10:28:27,246.15,3175733
2021-06-14 10:28:28,246.1,3175737
2021-06-14 10:28:29,246.15,3176177
2021-06-14 10:28:30,246.15,3176177
2021-06-14 10:28:31,246.15,3176895
2021-06-14 10:28:32,246.15,3176917
2021-06-14 10:28:33,246.15,3176917
2021-06-14 10:28:34,246.1,3180381
2021-06-14 10:28:35,246.1,3182547
2021-06-14 10:28:36,246.1,3182547
2021-06-14 10:28:37,245.95,3182897
2021-06-14 10:28:38,245.95,3182897
2021-06-14 10:28:39,245.95,3183140
2021-06-14 10:28:40,245.95,3183140
2021-06-14 10:28:41,246.1,3183260
2021-06-14 10:28:43,246.1,3183260
2021-06-14 10:28:44,246.1,3183260
2021-06-14 10:28:45,245.9,3183270
2021-06-14 10:28:46,245.9,3183270
2021-06-14 10:28:47,245.9,3183270
2021-06-14 10:28:49,246.05,3183326
2021-06-14 10:28:50,246.05,3183426
2021-06-14 10:28:51,246.05,3183426
2021-06-14 10:28:52,246.05,3183426
2021-06-14 10:28:53,246.05,3183436
2021-06-14 10:28:54,246.05,3183451
2021-06-14 10:28:55,246.05,3183597
2021-06-14 10:28:56,246.05,3183597
2021-06-14 10:28:57,246.1,3187597
2021-06-14 10:28:59,246.1,3189179
2021-06-14 10:29:00,246.1,3189179
2021-06-14 10:29:02,246.1,3189429
2021-06-14 10:29:03,246.1,3189429
2021-06-14 10:29:04,246.1,3189445
2021-06-14 10:29:05,246.1,3189445
2021-06-14 10:29:06,246.1,3189445
2021-06-14 10:29:07,246.1,3189945
2021-06-14 10:29:08,246.1,3189945
2021-06-14 10:29:09,246.1,3189961
2021-06-14 10:29:10,246.1,3189961
2021-06-14 10:29:11,246.1,3189961
2021-06-14 10:29:12,246.1,3189961
2021-06-14 10:29:13,246.1,3189961
2021-06-14 10:29:14,246.05,3189971
2021-06-14 10:29:15,246.1,3189976
2021-06-14 10:29:16,246.1,3189976
2021-06-14 10:29:17,246.1,3189976
2021-06-14 10:29:18,246.1,3189976
2021-06-14 10:29:19,246.1,3190036
2021-06-14 10:29:20,246.1,3190036
2021-06-14 10:29:21,246.0,3190086
2021-06-14 10:29:22,246.0,3190086
2021-06-14 10:29:23,246.0,3190086
2021-06-14 10:29:24,246.1,3190091
2021-06-14 10:29:25,246.1,3190091
2021-06-14 10:29:26,246.1,3190391
2021-06-14 10:29:27,245.9,3191991
2021-06-14 10:29:28,246.05,3192034
2021-06-14 10:29:29,245.95,3192584
2021-06-14 10:29:30,245.95,3192586
2021-06-14 10:29:31,245.95,3192586
2021-06-14 10:29:32,245.95,3192586
2021-06-14 10:29:34,246.05,3196063
2021-06-14 10:29:35,246.05,3196063
2021-06-14 10:29:36,246.0,3198103
2021-06-14 10:29:37,246.0,3198103
2021-06-14 10:29:38,246.0,3198103
2021-06-14 10:29:39,245.9,3200467
2021-06-14 10:29:40,245.95,3200487
2021-06-14 10:29:41,245.95,3200487
2021-06-14 10:29:42,245.95,3200487
2021-06-14 10:29:43,245.95,3200487
2021-06-14 10:29:44,245.95,3200498
2021-06-14 10:29:45,245.9,3200548
2021-06-14 10:29:46,245.85,3200998
2021-06-14 10:29:47,245.75,3202232
2021-06-14 10:29:48,245.9,3202732
2021-06-14 10:29:49,245.7,3205021
2021-06-14 10:29:50,245.7,3205021
2021-06-14 10:29:51,245.9,3205131
2021-06-14 10:29:52,245.9,3205196
2021-06-14 10:29:53,245.8,3205346
2021-06-14 10:29:54,245.8,3205346
2021-06-14 10:29:55,245.8,3205348
2021-06-14 10:29:56,245.8,3205348
2021-06-14 10:29:57,245.8,3205348
2021-06-14 10:29:58,245.8,3205348
2021-06-14 10:29:59,245.9,3205399
2021-06-14 10:30:00,245.9,3205399
2021-06-14 10:30:01,245.75,3205900
2021-06-14 10:30:02,245.9,3205912
2021-06-14 10:30:03,245.9,3206143
2021-06-14 10:30:05,245.9,3206143
2021-06-14 10:30:06,245.9,3206147
2021-06-14 10:30:07,245.9,3206347
2021-06-14 10:30:08,245.9,3206361
2021-06-14 10:30:09,245.9,3206376
2021-06-14 10:30:10,245.8,3206404
2021-06-14 10:30:11,245.9,3206507
2021-06-14 10:30:12,245.8,3206574
2021-06-14 10:30:13,245.85,3206724
2021-06-14 10:30:14,245.8,3206732
2021-06-14 10:30:15,245.85,3206969
2021-06-14 10:30:17,246.0,3210165
2021-06-14 10:30:18,246.0,3210365
2021-06-14 10:30:21,246.0,3210390
2021-06-14 10:30:22,246.0,3210890
2021-06-14 10:30:23,246.0,3210890
2021-06-14 10:30:24,246.0,3210890
2021-06-14 10:30:25,246.0,3210891
2021-06-14 10:30:26,245.95,3211421
2021-06-14 10:30:27,246.0,3211461
2021-06-14 10:30:29,246.0,3211876
2021-06-14 10:30:30,245.95,3211930
2021-06-14 10:30:31,245.95,3211930
2021-06-14 10:30:32,245.95,3211930
2021-06-14 10:30:33,246.0,3211965
2021-06-14 10:30:34,245.95,3212053
2021-06-14 10:30:35,245.95,3212055
2021-06-14 10:30:36,246.0,3212256
2021-06-14 10:30:37,246.0,3212256
2021-06-14 10:30:38,246.0,3212256
2021-06-14 10:30:39,245.95,3212311
2021-06-14 10:30:41,245.95,3212561
2021-06-14 10:30:42,245.95,3212561
2021-06-14 10:30:43,246.0,3213766
2021-06-14 10:30:44,246.0,3213767
2021-06-14 10:30:45,245.95,3215274
2021-06-14 10:30:46,245.95,3216576
2021-06-14 10:30:47,245.9,3218014
2021-06-14 10:30:48,245.9,3218014
2021-06-14 10:30:49,245.8,3218039
2021-06-14 10:30:50,245.8,3218039
2021-06-14 10:30:51,245.8,3218039
2021-06-14 10:30:52,245.85,3218092
2021-06-14 10:30:54,245.85,3218092
2021-06-14 10:30:54,245.9,3218105
2021-06-14 10:30:55,245.9,3218105
2021-06-14 10:30:56,245.85,3218147
2021-06-14 10:30:57,245.95,3218397
2021-06-14 10:30:58,245.95,3218397
2021-06-14 10:30:59,245.95,3218397
2021-06-14 10:31:00,245.95,3218397
2021-06-14 10:31:01,245.95,3218447
2021-06-14 10:31:02,245.95,3218447
2021-06-14 10:31:03,245.95,3218547
2021-06-14 10:31:04,245.95,3218564
2021-06-14 10:31:06,245.95,3218601
2021-06-14 10:31:07,245.95,3218601
2021-06-14 10:31:08,245.95,3218601
2021-06-14 10:31:09,245.95,3218657
2021-06-14 10:31:10,245.95,3218657
2021-06-14 10:31:11,245.9,3218757
2021-06-14 10:31:12,245.9,3218757
2021-06-14 10:31:13,245.9,3218857
2021-06-14 10:31:14,246.0,3218872
2021-06-14 10:31:15,246.0,3218872
2021-06-14 10:31:16,245.95,3218874
2021-06-14 10:31:17,245.9,3218889
2021-06-14 10:31:18,245.9,3219139
2021-06-14 10:31:19,245.9,3219304
2021-06-14 10:31:20,245.95,3219364
