timestamp,ltp,volume
2021-06-14 09:15:34,28098.0,303
2021-06-14 09:15:42,28192.95,351
2021-06-14 09:15:50,28140.8,458
2021-06-14 09:15:57,28160.4,487
2021-06-14 09:16:05,28168.45,569
2021-06-14 09:16:12,28168.45,640
2021-06-14 09:16:20,28179.85,714
2021-06-14 09:16:27,28187.3,770
2021-06-14 09:16:34,28167.1,799
2021-06-14 09:16:40,28138.95,831
2021-06-14 09:16:47,28152.2,902
2021-06-14 09:16:53,28145.65,936
2021-06-14 09:17:07,28125.05,966
2021-06-14 09:17:14,28127.65,975
2021-06-14 09:17:21,28125.0,988
2021-06-14 09:17:28,28125.0,1087
2021-06-14 09:17:35,28117.9,1092
2021-06-14 09:17:42,28117.9,1092
2021-06-14 09:17:49,28087.9,1100
2021-06-14 09:17:56,28096.75,1114
2021-06-14 09:18:03,28096.7,1148
2021-06-14 09:18:10,28098.65,1205
2021-06-14 09:18:17,28108.0,1257
2021-06-14 09:18:24,28130.65,1298
2021-06-14 09:18:30,28135.0,1304
2021-06-14 09:18:37,28130.6,1322
2021-06-14 09:18:44,28153.2,1358
2021-06-14 09:18:51,28170.0,1375
2021-06-14 09:18:57,28170.0,1381
2021-06-14 09:19:04,28180.0,1410
2021-06-14 09:19:11,28179.7,1444
2021-06-14 09:19:18,28198.9,1458
2021-06-14 09:19:25,28222.0,1505
2021-06-14 09:19:32,28222.0,1506
2021-06-14 09:19:39,28222.0,1543
2021-06-14 09:19:46,28222.0,1595
2021-06-14 09:19:53,28180.15,1617
2021-06-14 09:19:59,28189.25,1651
2021-06-14 09:20:06,28197.5,1665
2021-06-14 09:20:13,28194.85,1682
2021-06-14 09:20:19,28172.8,1746
2021-06-14 09:20:26,28190.75,1788
2021-06-14 09:20:33,28170.05,1796
2021-06-14 09:20:39,28166.25,1821
2021-06-14 09:20:52,28147.5,2097
2021-06-14 09:21:05,28146.7,2123
2021-06-14 09:21:11,28152.7,2177
2021-06-14 09:21:18,28152.7,2206
2021-06-14 09:21:24,28140.0,2415
2021-06-14 09:21:31,28105.0,2573
2021-06-14 09:21:38,28100.0,2619
2021-06-14 09:21:44,28121.75,2624
2021-06-14 09:21:51,28100.0,2650
2021-06-14 09:21:57,28119.25,2684
2021-06-14 09:22:04,28110.05,2709
2021-06-14 09:22:10,28122.0,2768
2021-06-14 09:22:16,28105.0,2773
2021-06-14 09:22:23,28121.3,2793
2021-06-14 09:22:35,28110.75,2825
2021-06-14 09:22:41,28101.3,2864
2021-06-14 09:22:45,28055.0,3032
2021-06-14 09:22:45,28057.45,3030
2021-06-14 09:22:46,28055.0,3032
2021-06-14 09:22:48,28055.0,3032
2021-06-14 09:22:49,28055.0,3033
2021-06-14 09:22:50,28054.25,3034
2021-06-14 09:22:51,28054.25,3034
2021-06-14 09:22:52,28050.0,3038
2021-06-14 09:22:53,28050.0,3045
2021-06-14 09:22:54,28050.0,3045
2021-06-14 09:22:55,28050.0,3045
2021-06-14 09:22:56,28050.0,3053
2021-06-14 09:22:57,28050.0,3053
2021-06-14 09:22:58,28065.0,3054
2021-06-14 09:22:59,28050.0,3064
2021-06-14 09:23:00,28050.0,3064
2021-06-14 09:23:01,28050.0,3094
2021-06-14 09:23:02,28042.45,3147
2021-06-14 09:23:03,28047.5,3161
2021-06-14 09:23:04,28037.5,3169
2021-06-14 09:23:05,28048.4,3170
2021-06-14 09:23:06,28048.4,3170
2021-06-14 09:23:07,28048.4,3170
2021-06-14 09:23:08,28032.5,3171
2021-06-14 09:23:09,28032.5,3171
2021-06-14 09:23:10,28032.5,3171
2021-06-14 09:23:11,28047.05,3172
2021-06-14 09:23:12,28048.4,3173
2021-06-14 09:23:13,28076.4,3194
2021-06-14 09:23:14,28094.15,3195
2021-06-14 09:23:15,28094.15,3202
2021-06-14 09:23:16,28094.15,3202
2021-06-14 09:23:17,28104.9,3232
2021-06-14 09:23:18,28104.9,3232
2021-06-14 09:23:19,28104.9,3232
2021-06-14 09:23:20,28104.9,3232
2021-06-14 09:23:20,28104.9,3232
2021-06-14 09:23:21,28104.9,3232
2021-06-14 09:23:22,28104.9,3232
2021-06-14 09:23:23,28114.35,3234
2021-06-14 09:23:24,28114.35,3234
2021-06-14 09:23:25,28114.35,3234
2021-06-14 09:23:26,28114.35,3234
2021-06-14 09:23:27,28114.35,3234
2021-06-14 09:23:28,28088.2,3237
2021-06-14 09:23:29,28088.2,3237
2021-06-14 09:23:30,28098.85,3250
2021-06-14 09:23:31,28098.85,3250
2021-06-14 09:23:32,28098.85,3250
2021-06-14 09:23:34,28097.55,3252
2021-06-14 09:23:35,28090.0,3253
2021-06-14 09:23:36,28090.0,3253
2021-06-14 09:23:37,28090.0,3253
2021-06-14 09:23:38,28090.0,3253
2021-06-14 09:23:39,28090.0,3253
2021-06-14 09:23:40,28085.5,3254
2021-06-14 09:23:41,28085.5,3254
2021-06-14 09:23:42,28071.8,3264
2021-06-14 09:23:43,28071.8,3264
2021-06-14 09:23:44,28071.8,3264
2021-06-14 09:23:45,28087.9,3269
2021-06-14 09:23:46,28087.9,3269
2021-06-14 09:23:47,28087.9,3269
2021-06-14 09:23:48,28083.85,3293
2021-06-14 09:23:49,28083.85,3293
2021-06-14 09:23:50,28083.85,3293
2021-06-14 09:23:51,28083.85,3293
2021-06-14 09:23:52,28083.85,3293
2021-06-14 09:23:53,28083.85,3293
2021-06-14 09:23:54,28083.85,3293
2021-06-14 09:23:55,28083.85,3293
2021-06-14 09:23:56,28083.85,3293
2021-06-14 09:23:57,28083.85,3293
2021-06-14 09:23:58,28122.5,3295
2021-06-14 09:23:59,28122.65,3296
2021-06-14 09:24:00,28112.5,3300
2021-06-14 09:24:01,28112.5,3300
2021-06-14 09:24:02,28115.0,3304
2021-06-14 09:24:03,28115.0,3304
2021-06-14 09:24:04,28102.5,3307
2021-06-14 09:24:05,28092.5,3308
2021-06-14 09:24:06,28092.5,3308
2021-06-14 09:24:07,28092.5,3308
2021-06-14 09:24:08,28092.5,3308
2021-06-14 09:24:09,28092.5,3308
2021-06-14 09:24:10,28092.5,3308
2021-06-14 09:24:11,28092.5,3308
2021-06-14 09:24:12,28100.0,3309
2021-06-14 09:24:13,28100.0,3309
2021-06-14 09:24:15,28100.0,3309
2021-06-14 09:24:16,28100.0,3309
2021-06-14 09:24:17,28100.0,3309
2021-06-14 09:24:19,28087.6,3310
2021-06-14 09:24:20,28087.6,3310
2021-06-14 09:24:21,28068.65,3313
2021-06-14 09:24:22,28068.7,3316
2021-06-14 09:24:23,28068.7,3316
2021-06-14 09:24:24,28066.15,3317
2021-06-14 09:24:25,28066.15,3317
2021-06-14 09:24:26,28086.7,3319
2021-06-14 09:24:27,28122.5,3448
2021-06-14 09:24:28,28122.5,3449
2021-06-14 09:24:29,28122.5,3449
2021-06-14 09:24:30,28117.0,3452
2021-06-14 09:24:31,28117.0,3452
2021-06-14 09:24:32,28117.0,3452
2021-06-14 09:24:33,28117.0,3452
2021-06-14 09:24:34,28117.0,3452
2021-06-14 09:24:35,28117.0,3452
2021-06-14 09:24:36,28117.0,3452
2021-06-14 09:24:36,28117.0,3452
2021-06-14 09:24:37,28117.0,3452
2021-06-14 09:24:38,28117.0,3452
2021-06-14 09:24:39,28117.0,3452
2021-06-14 09:24:40,28117.0,3452
2021-06-14 09:24:41,28117.0,3452
2021-06-14 09:24:43,28117.0,3452
2021-06-14 09:24:44,28100.15,3476
2021-06-14 09:24:45,28089.75,3481
2021-06-14 09:24:46,28089.75,3481
2021-06-14 09:24:47,28089.75,3481
2021-06-14 09:24:48,28087.3,3485
2021-06-14 09:24:49,28094.95,3495
2021-06-14 09:24:50,28052.65,3632
2021-06-14 09:24:51,28052.9,3634
2021-06-14 09:24:52,28075.0,3635
2021-06-14 09:24:53,28057.5,3637
2021-06-14 09:24:54,28052.9,3638
2021-06-14 09:24:55,28052.9,3638
2021-06-14 09:24:56,28079.9,3663
2021-06-14 09:24:57,28079.9,3663
2021-06-14 09:24:58,28070.0,3665
2021-06-14 09:24:59,28070.0,3665
2021-06-14 09:25:01,28066.25,3666
2021-06-14 09:25:02,28082.4,3670
2021-06-14 09:25:03,28082.4,3670
2021-06-14 09:25:04,28082.4,3670
2021-06-14 09:25:05,28084.5,3671
2021-06-14 09:25:06,28084.5,3671
2021-06-14 09:25:07,28066.2,3672
2021-06-14 09:25:08,28066.2,3673
2021-06-14 09:25:09,28066.2,3674
2021-06-14 09:25:11,28079.65,3675
2021-06-14 09:25:12,28079.65,3675
2021-06-14 09:25:13,28079.65,3675
2021-06-14 09:25:14,28060.0,3680
2021-06-14 09:25:15,28056.7,3682
2021-06-14 09:25:16,28056.7,3683
2021-06-14 09:25:17,28052.9,3686
2021-06-14 09:25:18,28052.9,3686
2021-06-14 09:25:19,28052.9,3686
2021-06-14 09:25:20,28072.85,3697
2021-06-14 09:25:21,28067.5,3708
2021-06-14 09:25:22,28050.05,3709
2021-06-14 09:25:23,28050.05,3710
2021-06-14 09:25:24,28050.0,3713
2021-06-14 09:25:24,28057.5,3732
2021-06-14 09:25:26,28047.25,3734
2021-06-14 09:25:27,28044.15,3736
2021-06-14 09:25:28,28050.0,3738
2021-06-14 09:25:29,28050.0,3740
2021-06-14 09:25:30,28050.0,3743
2021-06-14 09:25:31,28050.0,3743
2021-06-14 09:25:32,28080.05,3774
2021-06-14 09:25:33,28100.0,3788
2021-06-14 09:25:34,28073.4,3792
2021-06-14 09:25:35,28080.0,3795
2021-06-14 09:25:35,28072.5,3800
2021-06-14 09:25:36,28084.45,3833
2021-06-14 09:25:37,28057.5,3840
2021-06-14 09:25:39,28057.5,3840
2021-06-14 09:25:40,28057.5,3840
2021-06-14 09:25:41,28040.0,3902
2021-06-14 09:25:43,28049.95,3941
2021-06-14 09:25:44,28050.55,3944
2021-06-14 09:25:45,28024.15,3978
2021-06-14 09:25:46,28024.15,3978
2021-06-14 09:25:47,28036.45,3979
2021-06-14 09:25:48,28036.45,3979
2021-06-14 09:25:49,28036.45,3979
2021-06-14 09:25:50,28036.45,3979
2021-06-14 09:25:51,28036.45,3979
2021-06-14 09:25:52,28036.45,3979
2021-06-14 09:25:53,28042.05,3982
2021-06-14 09:25:54,28055.45,3983
2021-06-14 09:25:55,28055.45,3983
2021-06-14 09:25:56,28053.2,4001
2021-06-14 09:25:57,28070.35,4002
2021-06-14 09:25:58,28018.7,4028
2021-06-14 09:25:59,28042.45,4035
2021-06-14 09:26:00,28042.45,4035
2021-06-14 09:26:01,28042.45,4035
2021-06-14 09:26:02,28025.05,4037
2021-06-14 09:26:03,28025.05,4037
2021-06-14 09:26:04,28025.05,4037
2021-06-14 09:26:05,28025.05,4037
2021-06-14 09:26:06,28030.5,4043
2021-06-14 09:26:07,28030.5,4043
2021-06-14 09:26:08,28030.5,4043
2021-06-14 09:26:09,28025.05,4044
2021-06-14 09:26:10,28025.05,4044
2021-06-14 09:26:11,28025.05,4044
2021-06-14 09:26:12,28025.05,4044
2021-06-14 09:26:14,28025.05,4044
2021-06-14 09:26:15,28025.05,4044
2021-06-14 09:26:16,28045.0,4049
2021-06-14 09:26:17,28045.0,4049
2021-06-14 09:26:18,28045.0,4049
2021-06-14 09:26:19,28045.0,4049
2021-06-14 09:26:20,28027.5,4050
2021-06-14 09:26:21,28027.5,4050
2021-06-14 09:26:22,28027.5,4050
2021-06-14 09:26:23,28048.95,4051
2021-06-14 09:26:24,28048.95,4051
2021-06-14 09:26:25,28048.95,4051
2021-06-14 09:26:26,28048.95,4051
2021-06-14 09:26:27,28048.95,4051
2021-06-14 09:26:28,28042.45,4061
2021-06-14 09:26:29,28042.45,4061
2021-06-14 09:26:30,28050.8,4075
2021-06-14 09:26:31,28055.45,4095
2021-06-14 09:26:32,28070.35,4101
2021-06-14 09:26:33,28070.35,4101
2021-06-14 09:26:34,28070.35,4101
2021-06-14 09:26:35,28070.35,4101
2021-06-14 09:26:36,28070.35,4101
2021-06-14 09:26:37,28070.35,4101
2021-06-14 09:26:38,28070.35,4101
2021-06-14 09:26:39,28070.4,4102
2021-06-14 09:26:40,28070.4,4102
2021-06-14 09:26:41,28070.4,4102
2021-06-14 09:26:43,28070.4,4102
2021-06-14 09:26:44,28070.05,4117
2021-06-14 09:26:45,28055.25,4184
2021-06-14 09:26:46,28055.25,4184
2021-06-14 09:26:48,28055.25,4184
2021-06-14 09:26:49,28055.25,4184
2021-06-14 09:26:50,28070.3,4194
2021-06-14 09:26:51,28070.25,4195
2021-06-14 09:26:53,28070.25,4195
2021-06-14 09:26:52,28070.25,4195
2021-06-14 09:26:54,28050.0,4209
2021-06-14 09:26:55,28042.45,4210
2021-06-14 09:26:56,28042.45,4210
2021-06-14 09:26:57,28042.45,4210
2021-06-14 09:26:58,28069.95,4211
2021-06-14 09:26:59,28074.95,4212
2021-06-14 09:27:00,28055.0,4214
2021-06-14 09:27:01,28055.0,4214
2021-06-14 09:27:02,28055.0,4214
2021-06-14 09:27:03,28055.0,4216
2021-06-14 09:27:04,28055.0,4216
2021-06-14 09:27:05,28055.0,4216
2021-06-14 09:27:06,28055.0,4216
2021-06-14 09:27:07,28055.0,4216
2021-06-14 09:27:08,28062.5,4217
2021-06-14 09:27:09,28062.5,4217
2021-06-14 09:27:10,28062.5,4218
2021-06-14 09:27:11,28064.95,4219
2021-06-14 09:27:12,28064.95,4219
2021-06-14 09:27:13,28042.5,4220
2021-06-14 09:27:14,28042.5,4220
2021-06-14 09:27:15,28042.5,4220
2021-06-14 09:27:17,28042.5,4220
2021-06-14 09:27:18,28042.5,4220
2021-06-14 09:27:19,28042.5,4220
2021-06-14 09:27:20,28042.5,4220
2021-06-14 09:27:21,28042.75,4225
2021-06-14 09:27:22,28031.0,4359
2021-06-14 09:27:23,28031.0,4359
2021-06-14 09:27:24,28031.0,4359
2021-06-14 09:27:25,28042.45,4369
2021-06-14 09:27:26,28040.0,4371
2021-06-14 09:27:27,28040.0,4371
2021-06-14 09:27:28,28040.0,4371
2021-06-14 09:27:29,28040.0,4371
2021-06-14 09:27:30,28027.9,4381
2021-06-14 09:27:31,28027.9,4381
2021-06-14 09:27:32,28027.9,4381
2021-06-14 09:27:33,28027.05,4384
2021-06-14 09:27:35,28027.0,4385
2021-06-14 09:27:36,28027.0,4385
2021-06-14 09:27:37,28031.0,4386
2021-06-14 09:27:38,28031.0,4386
2021-06-14 09:27:39,28031.0,4386
2021-06-14 09:27:40,28031.0,4386
2021-06-14 09:27:41,28031.0,4387
2021-06-14 09:27:42,28031.0,4387
2021-06-14 09:27:43,28031.0,4387
2021-06-14 09:27:44,28031.0,4387
2021-06-14 09:27:45,28031.0,4387
2021-06-14 09:27:46,28031.0,4387
2021-06-14 09:27:47,28031.0,4387
2021-06-14 09:27:48,28031.0,4387
2021-06-14 09:27:49,28031.0,4387
2021-06-14 09:27:50,28031.0,4387
2021-06-14 09:27:51,28031.0,4387
2021-06-14 09:27:52,28031.0,4387
2021-06-14 09:27:53,28031.0,4387
2021-06-14 09:27:54,28031.0,4388
2021-06-14 09:27:55,28031.0,4391
2021-06-14 09:27:56,28031.0,4391
2021-06-14 09:27:57,28031.0,4391
2021-06-14 09:27:58,28031.0,4393
2021-06-14 09:28:00,28031.0,4393
2021-06-14 09:28:02,28031.0,4393
2021-06-14 09:28:01,28031.0,4393
2021-06-14 09:28:03,28040.0,4394
2021-06-14 09:28:04,28040.0,4394
2021-06-14 09:28:05,28027.0,4409
2021-06-14 09:28:06,28027.0,4409
2021-06-14 09:28:06,28040.0,4411
2021-06-14 09:28:07,28042.5,4416
2021-06-14 09:28:08,28042.5,4416
2021-06-14 09:28:09,28042.5,4416
2021-06-14 09:28:10,28042.5,4416
2021-06-14 09:28:11,28042.5,4416
2021-06-14 09:28:12,28042.5,4416
2021-06-14 09:28:14,28042.5,4416
2021-06-14 09:28:15,28042.5,4416
2021-06-14 09:28:16,28042.5,4416
2021-06-14 09:28:17,28040.0,4424
2021-06-14 09:28:18,28040.0,4424
2021-06-14 09:28:19,28040.0,4424
2021-06-14 09:28:20,28040.0,4424
2021-06-14 09:28:21,28040.0,4424
2021-06-14 09:28:23,28040.0,4424
2021-06-14 09:28:24,28040.0,4424
2021-06-14 09:28:25,28040.0,4424
2021-06-14 09:28:26,28040.0,4424
2021-06-14 09:28:27,28020.05,4465
2021-06-14 09:28:28,28020.0,4466
2021-06-14 09:28:29,28020.0,4466
2021-06-14 09:28:30,28010.0,4477
2021-06-14 09:28:31,28010.0,4477
2021-06-14 09:28:31,28000.05,4573
2021-06-14 09:28:32,28000.05,4573
2021-06-14 09:28:33,28000.05,4573
2021-06-14 09:28:34,27999.05,4577
2021-06-14 09:28:35,27999.05,4577
2021-06-14 09:28:36,27999.05,4577
2021-06-14 09:28:37,27999.05,4577
2021-06-14 09:28:38,27982.0,4602
2021-06-14 09:28:40,27982.0,4602
2021-06-14 09:28:40,27982.0,4602
2021-06-14 09:28:42,27995.4,4610
2021-06-14 09:28:43,27995.4,4610
2021-06-14 09:28:44,27995.4,4610
2021-06-14 09:28:46,27978.0,4679
2021-06-14 09:28:47,27978.0,4679
2021-06-14 09:28:48,27987.5,4682
2021-06-14 09:28:49,27965.0,4692
2021-06-14 09:28:50,27995.3,4699
2021-06-14 09:28:51,28004.0,4705
2021-06-14 09:28:51,28004.0,4705
2021-06-14 09:28:52,27994.05,4706
2021-06-14 09:28:53,28002.4,4723
2021-06-14 09:28:54,28002.4,4723
2021-06-14 09:28:55,28008.35,4725
2021-06-14 09:28:56,28008.35,4725
2021-06-14 09:28:57,28008.35,4725
2021-06-14 09:28:59,28008.35,4725
2021-06-14 09:29:00,28008.35,4725
2021-06-14 09:29:02,28008.35,4725
2021-06-14 09:29:03,27993.75,4740
2021-06-14 09:29:04,27977.25,4748
2021-06-14 09:29:04,27977.25,4748
2021-06-14 09:29:05,27962.55,4749
2021-06-14 09:29:06,27962.55,4749
2021-06-14 09:29:09,27950.0,4794
2021-06-14 09:29:10,27950.0,4794
2021-06-14 09:29:12,27950.0,4794
2021-06-14 09:29:13,27960.0,4795
2021-06-14 09:29:14,27960.0,4795
2021-06-14 09:29:14,27960.0,4795
2021-06-14 09:29:15,27960.0,4795
2021-06-14 09:29:16,27960.0,4795
2021-06-14 09:29:17,27970.8,4802
2021-06-14 09:29:18,27970.8,4802
2021-06-14 09:29:19,27966.95,4821
2021-06-14 09:29:20,27950.55,4822
2021-06-14 09:29:21,27950.55,4822
2021-06-14 09:29:22,27950.55,4823
2021-06-14 09:29:23,27950.55,4825
2021-06-14 09:29:25,27957.5,4870
2021-06-14 09:29:26,27957.5,4870
2021-06-14 09:29:27,27957.5,4870
2021-06-14 09:29:27,27957.5,4870
2021-06-14 09:29:28,27950.55,4871
2021-06-14 09:29:29,27962.5,4894
2021-06-14 09:29:30,27947.5,4895
2021-06-14 09:29:31,27947.5,4895
2021-06-14 09:29:32,27947.5,4895
2021-06-14 09:29:33,27947.5,4895
2021-06-14 09:29:34,27947.5,4895
2021-06-14 09:29:36,27947.5,4895
2021-06-14 09:29:38,27950.0,4896
2021-06-14 09:29:38,27950.0,4896
2021-06-14 09:29:39,27950.0,4896
2021-06-14 09:29:40,27950.0,4896
2021-06-14 09:29:41,27950.0,4905
2021-06-14 09:29:42,27950.0,4905
2021-06-14 09:29:43,27965.0,4906
2021-06-14 09:29:45,27967.5,4907
2021-06-14 09:29:46,27967.5,4907
2021-06-14 09:29:47,27967.5,4907
2021-06-14 09:29:48,27967.5,4908
2021-06-14 09:29:49,27950.15,4909
2021-06-14 09:29:51,27964.35,4911
2021-06-14 09:29:52,27964.9,4912
2021-06-14 09:29:53,27964.9,4912
2021-06-14 09:29:54,27950.15,4914
2021-06-14 09:29:55,27950.15,4914
2021-06-14 09:29:56,27965.8,4933
2021-06-14 09:29:57,27965.8,4933
2021-06-14 09:29:58,27965.8,4933
2021-06-14 09:30:00,27965.8,4933
2021-06-14 09:30:01,27965.8,4933
2021-06-14 09:30:02,27962.5,4935
2021-06-14 09:30:03,27962.5,4935
2021-06-14 09:30:04,27955.0,4949
2021-06-14 09:30:05,27955.0,4949
2021-06-14 09:30:06,27965.0,4951
2021-06-14 09:30:07,27965.0,4951
2021-06-14 09:30:08,27950.05,4953
2021-06-14 09:30:09,27950.05,4953
2021-06-14 09:30:10,27950.05,4953
2021-06-14 09:30:11,27950.05,4953
2021-06-14 09:30:13,27950.05,4953
2021-06-14 09:30:14,27950.05,4953
2021-06-14 09:30:15,27963.3,4954
2021-06-14 09:30:16,27963.3,4954
2021-06-14 09:30:17,27963.3,4954
2021-06-14 09:30:19,27963.0,4956
2021-06-14 09:30:19,27950.05,4955
2021-06-14 09:30:23,27950.95,5049
2021-06-14 09:30:25,27950.05,5059
2021-06-14 09:30:27,27950.0,5061
2021-06-14 09:30:29,27928.25,5083
2021-06-14 09:30:30,27945.55,5084
2021-06-14 09:30:31,27945.55,5084
2021-06-14 09:30:32,27940.0,5092
2021-06-14 09:30:33,27940.0,5092
2021-06-14 09:30:34,27930.0,5095
2021-06-14 09:30:35,27927.15,5106
2021-06-14 09:30:36,27927.15,5106
2021-06-14 09:30:37,27950.95,5127
2021-06-14 09:30:38,27962.95,5128
2021-06-14 09:30:39,27962.95,5128
2021-06-14 09:30:40,27962.9,5130
2021-06-14 09:30:41,27942.65,5135
2021-06-14 09:30:42,27942.65,5135
2021-06-14 09:30:43,27963.3,5142
2021-06-14 09:30:44,27964.9,5160
2021-06-14 09:30:45,27964.9,5160
2021-06-14 09:30:46,27964.9,5160
2021-06-14 09:30:47,27963.85,5161
2021-06-14 09:30:48,27963.85,5161
2021-06-14 09:30:49,27968.55,5209
2021-06-14 09:30:51,27968.55,5209
2021-06-14 09:30:52,27968.55,5209
2021-06-14 09:30:53,27968.55,5209
2021-06-14 09:30:54,27968.55,5209
2021-06-14 09:30:55,27968.55,5209
2021-06-14 09:30:56,27968.55,5209
2021-06-14 09:30:57,27960.05,5210
2021-06-14 09:30:58,27960.05,5210
2021-06-14 09:30:58,27960.05,5210
2021-06-14 09:30:59,27957.55,5211
2021-06-14 09:31:00,27957.55,5211
2021-06-14 09:31:01,27972.45,5213
2021-06-14 09:31:02,27972.45,5213
2021-06-14 09:31:03,27960.0,5214
2021-06-14 09:31:04,27957.55,5215
2021-06-14 09:31:05,27957.55,5215
2021-06-14 09:31:06,27957.55,5215
2021-06-14 09:31:09,27948.85,5217
2021-06-14 09:31:10,27950.0,5219
2021-06-14 09:31:11,27950.0,5219
2021-06-14 09:31:12,27950.0,5219
2021-06-14 09:31:14,27944.1,5240
2021-06-14 09:31:14,27963.0,5220
2021-06-14 09:31:15,27945.2,5241
2021-06-14 09:31:16,27945.2,5241
2021-06-14 09:31:19,27945.2,5241
2021-06-14 09:31:20,27945.2,5241
2021-06-14 09:31:21,27945.2,5241
2021-06-14 09:31:22,27950.0,5242
2021-06-14 09:31:24,27962.5,5250
2021-06-14 09:31:25,27962.5,5250
2021-06-14 09:31:27,27963.0,5254
2021-06-14 09:31:28,27950.0,5256
2021-06-14 09:31:28,27950.0,5256
2021-06-14 09:31:29,27946.15,5257
2021-06-14 09:31:30,27946.15,5257
2021-06-14 09:31:31,27946.15,5257
2021-06-14 09:31:32,27946.15,5257
2021-06-14 09:31:33,27962.0,5260
2021-06-14 09:31:34,27962.0,5260
2021-06-14 09:31:35,27962.0,5260
2021-06-14 09:31:37,27965.8,5272
2021-06-14 09:31:38,27965.8,5272
2021-06-14 09:31:39,27965.8,5272
2021-06-14 09:31:40,27965.8,5272
2021-06-14 09:31:41,27965.8,5272
2021-06-14 09:31:42,27965.8,5272
2021-06-14 09:31:43,27965.8,5272
2021-06-14 09:31:44,27965.8,5272
2021-06-14 09:31:45,27965.8,5272
2021-06-14 09:31:45,27965.8,5272
2021-06-14 09:31:47,27946.0,5283
2021-06-14 09:31:48,27962.5,5285
2021-06-14 09:31:49,27962.5,5285
2021-06-14 09:31:51,27931.2,5340
2021-06-14 09:31:52,27931.2,5340
2021-06-14 09:31:52,27931.2,5340
2021-06-14 09:31:53,27924.25,5344
2021-06-14 09:31:55,27924.25,5344
2021-06-14 09:31:57,27924.25,5344
2021-06-14 09:31:58,27936.2,5354
2021-06-14 09:31:59,27920.05,5355
2021-06-14 09:32:00,27920.05,5355
2021-06-14 09:32:01,27920.05,5355
2021-06-14 09:32:02,27932.45,5358
2021-06-14 09:32:03,27924.25,5383
2021-06-14 09:32:05,27924.25,5383
2021-06-14 09:32:06,27924.25,5383
2021-06-14 09:32:07,27935.8,5401
2021-06-14 09:32:08,27935.8,5401
2021-06-14 09:32:09,27920.0,5402
2021-06-14 09:32:10,27932.5,5403
2021-06-14 09:32:11,27920.0,5406
2021-06-14 09:32:12,27920.0,5406
2021-06-14 09:32:13,27921.0,5409
2021-06-14 09:32:14,27920.0,5415
2021-06-14 09:32:15,27920.0,5415
2021-06-14 09:32:16,27903.55,5419
2021-06-14 09:32:17,27903.55,5419
2021-06-14 09:32:18,27910.0,5421
2021-06-14 09:32:19,27912.25,5425
2021-06-14 09:32:20,27905.0,5426
2021-06-14 09:32:21,27905.0,5426
2021-06-14 09:32:21,27905.0,5426
2021-06-14 09:32:22,27905.0,5427
2021-06-14 09:32:23,27905.0,5427
2021-06-14 09:32:24,27917.5,5428
2021-06-14 09:32:25,27917.5,5428
2021-06-14 09:32:26,27917.5,5428
2021-06-14 09:32:27,27917.5,5428
2021-06-14 09:32:28,27900.0,5449
2021-06-14 09:32:30,27917.5,5450
2021-06-14 09:32:31,27917.5,5450
2021-06-14 09:32:32,27900.05,5452
2021-06-14 09:32:34,27900.05,5462
2021-06-14 09:32:35,27900.05,5462
2021-06-14 09:32:37,27924.1,5498
2021-06-14 09:32:38,27924.1,5498
2021-06-14 09:32:39,27924.1,5498
2021-06-14 09:32:40,27910.0,5500
2021-06-14 09:32:41,27910.0,5500
2021-06-14 09:32:42,27910.0,5500
2021-06-14 09:32:43,27910.0,5500
2021-06-14 09:32:44,27920.0,5506
2021-06-14 09:32:45,27930.0,5507
2021-06-14 09:32:46,27930.0,5507
2021-06-14 09:32:47,27930.0,5507
2021-06-14 09:32:48,27930.0,5507
2021-06-14 09:32:49,27920.0,5508
2021-06-14 09:32:50,27920.0,5508
2021-06-14 09:32:51,27930.0,5509
2021-06-14 09:32:52,27930.0,5509
2021-06-14 09:32:53,27930.0,5509
2021-06-14 09:32:55,27915.0,5516
2021-06-14 09:32:56,27915.0,5516
2021-06-14 09:32:57,27910.0,5538
2021-06-14 09:32:58,27910.0,5538
2021-06-14 09:32:59,27910.0,5538
2021-06-14 09:33:00,27900.0,5540
2021-06-14 09:33:01,27900.0,5540
2021-06-14 09:33:02,27900.0,5540
2021-06-14 09:33:03,27900.0,5540
2021-06-14 09:33:04,27900.0,5540
2021-06-14 09:33:05,27900.0,5579
2021-06-14 09:33:06,27880.0,5600
2021-06-14 09:33:07,27892.5,5601
2021-06-14 09:33:08,27892.5,5601
2021-06-14 09:33:08,27892.5,5601
2021-06-14 09:33:09,27892.5,5601
2021-06-14 09:33:10,27892.5,5601
2021-06-14 09:33:11,27892.5,5601
2021-06-14 09:33:12,27913.75,5612
2021-06-14 09:33:13,27913.75,5612
2021-06-14 09:33:15,27887.25,5674
2021-06-14 09:33:16,27887.25,5674
2021-06-14 09:33:17,27887.25,5674
2021-06-14 09:33:18,27887.25,5674
2021-06-14 09:33:19,27887.25,5674
2021-06-14 09:33:20,27887.25,5674
2021-06-14 09:33:21,27887.25,5674
2021-06-14 09:33:22,27896.2,5675
2021-06-14 09:33:23,27892.5,5676
2021-06-14 09:33:24,27892.5,5676
2021-06-14 09:33:25,27892.5,5676
2021-06-14 09:33:26,27892.5,5676
2021-06-14 09:33:27,27903.95,5699
2021-06-14 09:33:28,27903.9,5700
2021-06-14 09:33:29,27903.9,5700
2021-06-14 09:33:30,27903.9,5700
2021-06-14 09:33:31,27903.9,5700
2021-06-14 09:33:32,27903.9,5700
2021-06-14 09:33:33,27903.9,5700
2021-06-14 09:33:34,27903.9,5700
2021-06-14 09:33:35,27903.9,5700
2021-06-14 09:33:36,27903.9,5700
2021-06-14 09:33:37,27903.9,5700
2021-06-14 09:33:38,27903.9,5704
2021-06-14 09:33:40,27903.9,5704
2021-06-14 09:33:41,27903.9,5704
2021-06-14 09:33:42,27905.0,5705
2021-06-14 09:33:43,27903.9,5707
2021-06-14 09:33:44,27900.05,5715
2021-06-14 09:33:45,27900.05,5715
2021-06-14 09:33:46,27903.9,5716
2021-06-14 09:33:47,27873.7,5728
2021-06-14 09:33:48,27872.0,5730
2021-06-14 09:33:49,27872.0,5730
2021-06-14 09:33:50,27872.0,5730
2021-06-14 09:33:51,27876.0,5740
2021-06-14 09:33:51,27876.0,5740
2021-06-14 09:33:53,27876.0,5740
2021-06-14 09:33:54,27875.1,5744
2021-06-14 09:33:55,27875.1,5744
2021-06-14 09:33:56,27872.65,5756
2021-06-14 09:33:57,27894.45,5816
2021-06-14 09:33:58,27887.45,5818
2021-06-14 09:33:59,27892.2,5820
2021-06-14 09:34:00,27892.2,5820
2021-06-14 09:34:01,27889.8,5822
2021-06-14 09:34:02,27887.5,5824
2021-06-14 09:34:03,27892.5,5839
2021-06-14 09:34:04,27870.0,5842
2021-06-14 09:34:05,27882.5,5843
2021-06-14 09:34:06,27882.5,5844
2021-06-14 09:34:07,27882.25,5845
2021-06-14 09:34:09,27892.45,5898
2021-06-14 09:34:10,27892.5,5900
2021-06-14 09:34:12,27882.5,5903
2021-06-14 09:34:13,27892.45,5904
2021-06-14 09:34:15,27882.5,5912
2021-06-14 09:34:16,27892.45,5913
2021-06-14 09:34:17,27882.5,5918
2021-06-14 09:34:19,27882.5,5918
2021-06-14 09:34:20,27882.5,5918
2021-06-14 09:34:21,27882.5,5918
2021-06-14 09:34:22,27882.5,5918
2021-06-14 09:34:23,27892.45,5922
2021-06-14 09:34:24,27892.45,5922
2021-06-14 09:34:25,27882.5,5924
2021-06-14 09:34:27,27824.9,5978
2021-06-14 09:34:28,27824.9,5978
2021-06-14 09:34:29,27841.65,5984
2021-06-14 09:34:30,27841.65,5984
2021-06-14 09:34:31,27843.3,6039
2021-06-14 09:34:32,27843.3,6039
2021-06-14 09:34:33,27854.95,6041
2021-06-14 09:34:34,27854.95,6041
2021-06-14 09:34:35,27860.35,6042
2021-06-14 09:34:36,27860.35,6042
2021-06-14 09:34:37,27860.35,6042
2021-06-14 09:34:38,27875.0,6043
2021-06-14 09:34:39,27860.0,6044
2021-06-14 09:34:40,27875.0,6047
2021-06-14 09:34:40,27875.0,6047
2021-06-14 09:34:43,27875.0,6057
2021-06-14 09:34:46,27860.0,6060
2021-06-14 09:34:48,27860.0,6060
2021-06-14 09:34:49,27860.0,6060
2021-06-14 09:34:51,27860.0,6060
2021-06-14 09:34:52,27792.45,6219
2021-06-14 09:34:53,27792.75,6250
2021-06-14 09:34:54,27792.75,6250
2021-06-14 09:34:56,27765.15,6261
2021-06-14 09:34:57,27792.3,6266
2021-06-14 09:34:58,27792.3,6266
2021-06-14 09:34:59,27790.95,6276
2021-06-14 09:35:00,27790.95,6276
2021-06-14 09:35:01,27801.85,6305
2021-06-14 09:35:02,27790.9,6317
2021-06-14 09:35:03,27815.05,6338
2021-06-14 09:35:04,27843.75,6348
2021-06-14 09:35:05,27843.75,6348
2021-06-14 09:35:06,27843.75,6348
2021-06-14 09:35:07,27843.75,6348
2021-06-14 09:35:09,27842.3,6350
2021-06-14 09:35:12,27825.0,6351
2021-06-14 09:35:13,27825.0,6351
2021-06-14 09:35:14,27825.0,6351
2021-06-14 09:35:15,27825.0,6354
2021-06-14 09:35:16,27840.0,6364
2021-06-14 09:35:17,27825.0,6375
2021-06-14 09:35:18,27850.0,6381
2021-06-14 09:35:18,27850.0,6381
2021-06-14 09:35:19,27850.0,6381
2021-06-14 09:35:22,27877.5,6439
2021-06-14 09:35:24,27881.6,6450
2021-06-14 09:35:25,27862.5,6451
2021-06-14 09:35:26,27862.5,6451
2021-06-14 09:35:27,27862.55,6465
2021-06-14 09:35:28,27862.55,6465
2021-06-14 09:35:29,27862.55,6465
2021-06-14 09:35:30,27862.55,6465
2021-06-14 09:35:31,27892.45,6490
2021-06-14 09:35:32,27892.45,6490
2021-06-14 09:35:33,27868.55,6494
2021-06-14 09:35:34,27892.45,6495
2021-06-14 09:35:35,27892.45,6502
2021-06-14 09:35:36,27875.0,6504
2021-06-14 09:35:37,27875.0,6504
2021-06-14 09:35:38,27887.5,6505
2021-06-14 09:35:39,27887.5,6505
2021-06-14 09:35:40,27867.65,6506
2021-06-14 09:35:41,27867.65,6506
2021-06-14 09:35:42,27867.5,6514
2021-06-14 09:35:45,27865.0,6525
2021-06-14 09:35:46,27867.55,6554
2021-06-14 09:35:47,27867.55,6554
2021-06-14 09:35:48,27884.95,6555
2021-06-14 09:35:51,27884.95,6555
2021-06-14 09:35:52,27891.85,6556
2021-06-14 09:35:53,27891.85,6556
2021-06-14 09:35:54,27891.85,6557
2021-06-14 09:35:55,27891.85,6557
2021-06-14 09:35:56,27891.85,6557
2021-06-14 09:35:57,27892.45,6558
2021-06-14 09:35:58,27892.45,6558
2021-06-14 09:35:59,27891.0,6560
2021-06-14 09:36:00,27891.0,6560
2021-06-14 09:36:01,27891.0,6561
2021-06-14 09:36:03,27891.0,6561
2021-06-14 09:36:04,27875.0,6566
2021-06-14 09:36:05,27875.0,6566
2021-06-14 09:36:06,27890.0,6567
2021-06-14 09:36:08,27903.9,6625
2021-06-14 09:36:09,27903.9,6625
2021-06-14 09:36:10,27903.9,6625
2021-06-14 09:36:11,27923.05,6642
2021-06-14 09:36:12,27923.05,6642
2021-06-14 09:36:13,27923.05,6642
2021-06-14 09:36:14,27923.05,6642
2021-06-14 09:36:15,27923.05,6642
2021-06-14 09:36:16,27923.05,6642
2021-06-14 09:36:18,27923.05,6642
2021-06-14 09:36:19,27942.5,6652
2021-06-14 09:36:20,27942.5,6652
2021-06-14 09:36:21,27942.5,6652
2021-06-14 09:36:22,27942.5,6652
2021-06-14 09:36:23,27959.1,6771
2021-06-14 09:36:24,27943.25,6773
2021-06-14 09:36:25,27950.1,6777
2021-06-14 09:36:26,27950.1,6777
2021-06-14 09:36:27,27950.1,6777
2021-06-14 09:36:28,27977.5,6778
2021-06-14 09:36:29,27967.55,6802
2021-06-14 09:36:30,27967.55,6802
2021-06-14 09:36:31,27967.55,6802
2021-06-14 09:36:32,27967.55,6802
2021-06-14 09:36:33,27967.55,6802
2021-06-14 09:36:34,27967.55,6802
2021-06-14 09:36:35,27967.55,6802
2021-06-14 09:36:36,27967.8,6805
2021-06-14 09:36:37,27967.8,6805
2021-06-14 09:36:38,27975.05,6806
2021-06-14 09:36:39,27989.95,6812
2021-06-14 09:36:40,27989.95,6812
2021-06-14 09:36:41,27989.95,6812
2021-06-14 09:36:42,27989.95,6812
2021-06-14 09:36:44,27989.95,6812
2021-06-14 09:36:45,27989.95,6812
2021-06-14 09:36:46,28010.05,6872
2021-06-14 09:36:47,27993.0,6880
2021-06-14 09:36:48,27995.0,6882
2021-06-14 09:36:49,28019.9,6884
2021-06-14 09:36:50,28027.3,6885
2021-06-14 09:36:51,28027.3,6885
2021-06-14 09:36:52,28027.3,6885
2021-06-14 09:36:53,28027.3,6885
2021-06-14 09:36:54,28027.3,6885
2021-06-14 09:36:55,28027.3,6885
2021-06-14 09:36:56,28027.3,6885
2021-06-14 09:36:57,28031.95,6888
2021-06-14 09:36:58,28031.95,6888
2021-06-14 09:36:59,28011.35,6893
2021-06-14 09:37:00,28011.35,6893
2021-06-14 09:37:01,28027.0,6903
2021-06-14 09:37:02,28040.0,6917
2021-06-14 09:37:03,28043.05,6942
2021-06-14 09:37:04,28022.15,6949
2021-06-14 09:37:05,28022.15,6949
2021-06-14 09:37:06,28035.0,6950
2021-06-14 09:37:08,28035.0,6950
2021-06-14 09:37:07,28035.0,6950
2021-06-14 09:37:09,28035.0,6950
2021-06-14 09:37:10,28035.0,6950
2021-06-14 09:37:11,28035.0,6950
2021-06-14 09:37:12,28035.0,6950
2021-06-14 09:37:13,28050.0,6963
2021-06-14 09:37:14,28050.0,6963
2021-06-14 09:37:15,28043.05,6968
2021-06-14 09:37:16,28035.0,6978
2021-06-14 09:37:17,28035.0,6978
2021-06-14 09:37:18,28035.0,6978
2021-06-14 09:37:19,28035.0,6978
2021-06-14 09:37:20,28035.0,6978
2021-06-14 09:37:21,28050.0,6979
2021-06-14 09:37:22,28050.0,6979
2021-06-14 09:37:24,28050.0,6982
2021-06-14 09:37:25,28050.0,6982
2021-06-14 09:37:26,28050.0,6982
2021-06-14 09:37:27,28050.0,6982
2021-06-14 09:37:28,28051.0,7003
2021-06-14 09:37:29,28051.0,7003
2021-06-14 09:37:30,28051.0,7003
2021-06-14 09:37:31,28051.0,7003
2021-06-14 09:37:32,28051.0,7003
2021-06-14 09:37:33,28051.0,7003
2021-06-14 09:37:34,28055.5,7019
2021-06-14 09:37:35,28077.55,7020
2021-06-14 09:37:36,28077.55,7020
2021-06-14 09:37:37,28079.8,7030
2021-06-14 09:37:38,28067.3,7044
2021-06-14 09:37:39,28074.65,7048
2021-06-14 09:37:40,28100.0,7078
2021-06-14 09:37:41,28089.0,7079
2021-06-14 09:37:42,28075.0,7105
2021-06-14 09:37:44,28075.0,7105
2021-06-14 09:37:43,28075.0,7105
2021-06-14 09:37:45,28090.0,7118
2021-06-14 09:37:46,28100.0,7128
2021-06-14 09:37:47,28100.0,7128
2021-06-14 09:37:48,28089.0,7139
2021-06-14 09:37:49,28089.0,7139
2021-06-14 09:37:50,28089.0,7139
2021-06-14 09:37:51,28089.0,7139
2021-06-14 09:37:52,28089.0,7139
2021-06-14 09:37:53,28075.0,7182
2021-06-14 09:37:54,28075.0,7182
2021-06-14 09:37:55,28075.0,7182
2021-06-14 09:37:56,28075.0,7182
2021-06-14 09:37:57,28075.0,7182
2021-06-14 09:37:58,28077.7,7183
2021-06-14 09:37:59,28077.7,7183
2021-06-14 09:38:01,28075.0,7207
2021-06-14 09:38:02,28075.0,7207
2021-06-14 09:38:03,28075.0,7207
2021-06-14 09:38:04,28050.0,7210
2021-06-14 09:38:05,28050.0,7210
2021-06-14 09:38:06,28050.0,7210
2021-06-14 09:38:07,28050.0,7215
2021-06-14 09:38:08,28062.5,7216
2021-06-14 09:38:09,28062.5,7216
2021-06-14 09:38:10,28062.5,7216
2021-06-14 09:38:11,28062.5,7216
2021-06-14 09:38:12,28062.5,7216
2021-06-14 09:38:13,28062.5,7216
2021-06-14 09:38:14,28062.5,7216
2021-06-14 09:38:15,28062.5,7216
2021-06-14 09:38:16,28062.5,7216
2021-06-14 09:38:17,28062.5,7216
2021-06-14 09:38:18,28062.5,7216
2021-06-14 09:38:19,28050.05,7248
2021-06-14 09:38:20,28065.0,7259
2021-06-14 09:38:21,28070.0,7269
2021-06-14 09:38:22,28070.0,7269
2021-06-14 09:38:23,28070.0,7269
2021-06-14 09:38:24,28070.0,7269
2021-06-14 09:38:25,28065.55,7288
2021-06-14 09:38:26,28065.55,7288
2021-06-14 09:38:27,28065.55,7288
2021-06-14 09:38:28,28064.75,7289
2021-06-14 09:38:29,28064.75,7289
2021-06-14 09:38:30,28064.75,7289
2021-06-14 09:38:31,28064.75,7289
2021-06-14 09:38:32,28064.75,7289
2021-06-14 09:38:33,28064.75,7289
2021-06-14 09:38:34,28064.75,7289
2021-06-14 09:38:35,28064.75,7289
2021-06-14 09:38:37,28064.75,7289
2021-06-14 09:38:38,28064.75,7294
2021-06-14 09:38:39,28064.75,7294
2021-06-14 09:38:40,28064.75,7294
2021-06-14 09:38:41,28064.75,7294
2021-06-14 09:38:42,28064.75,7294
2021-06-14 09:38:43,28050.35,7301
2021-06-14 09:38:44,28050.0,7312
2021-06-14 09:38:45,28060.4,7317
2021-06-14 09:38:46,28060.4,7317
2021-06-14 09:38:47,28060.4,7317
2021-06-14 09:38:48,28064.75,7318
2021-06-14 09:38:49,28064.75,7318
2021-06-14 09:38:50,28064.75,7318
2021-06-14 09:38:52,28064.75,7318
2021-06-14 09:38:52,28050.5,7326
2021-06-14 09:38:53,28050.5,7326
2021-06-14 09:38:54,28050.5,7326
2021-06-14 09:38:55,28050.5,7326
2021-06-14 09:38:56,28064.75,7327
2021-06-14 09:38:57,28064.75,7327
2021-06-14 09:38:58,28064.75,7327
2021-06-14 09:38:59,28064.75,7327
2021-06-14 09:39:00,28064.75,7327
2021-06-14 09:39:01,28064.75,7327
2021-06-14 09:39:02,28064.0,7328
2021-06-14 09:39:04,28064.0,7328
2021-06-14 09:39:06,28064.0,7328
2021-06-14 09:39:07,28064.0,7328
2021-06-14 09:39:08,28073.8,7348
2021-06-14 09:39:09,28073.8,7348
2021-06-14 09:39:10,28080.0,7349
2021-06-14 09:39:11,28080.0,7349
2021-06-14 09:39:11,28080.0,7349
2021-06-14 09:39:12,28080.0,7349
2021-06-14 09:39:13,28050.0,7363
2021-06-14 09:39:14,28035.0,7377
2021-06-14 09:39:15,28035.0,7377
2021-06-14 09:39:16,28035.0,7377
2021-06-14 09:39:17,28035.0,7377
2021-06-14 09:39:18,28035.0,7377
2021-06-14 09:39:20,28035.0,7377
2021-06-14 09:39:21,28035.0,7377
2021-06-14 09:39:22,28035.0,7377
2021-06-14 09:39:23,28035.0,7377
2021-06-14 09:39:24,28035.0,7377
2021-06-14 09:39:25,28035.0,7377
2021-06-14 09:39:26,28035.0,7377
2021-06-14 09:39:27,28035.0,7377
2021-06-14 09:39:28,28035.0,7378
2021-06-14 09:39:29,28028.85,7394
2021-06-14 09:39:30,28028.85,7394
2021-06-14 09:39:31,28028.85,7394
2021-06-14 09:39:32,28028.85,7394
2021-06-14 09:39:33,28025.15,7395
2021-06-14 09:39:37,28027.55,7464
2021-06-14 09:39:38,28027.55,7464
2021-06-14 09:39:39,28027.55,7464
2021-06-14 09:39:41,28027.55,7476
2021-06-14 09:39:42,28027.55,7476
2021-06-14 09:39:43,28027.55,7476
2021-06-14 09:39:44,28027.55,7476
2021-06-14 09:39:45,28027.55,7476
2021-06-14 09:39:46,28027.55,7476
2021-06-14 09:39:47,28005.05,7477
2021-06-14 09:39:48,28005.05,7477
2021-06-14 09:39:49,28005.05,7477
2021-06-14 09:39:50,28017.5,7480
2021-06-14 09:39:51,28019.95,7481
2021-06-14 09:39:52,28019.95,7481
2021-06-14 09:39:53,28005.15,7487
2021-06-14 09:39:54,28005.05,7495
2021-06-14 09:39:55,28005.05,7495
2021-06-14 09:39:56,28005.05,7495
2021-06-14 09:39:57,27991.4,7517
2021-06-14 09:39:58,27991.4,7517
2021-06-14 09:39:59,27991.4,7517
2021-06-14 09:40:00,27991.4,7517
2021-06-14 09:40:02,27940.45,7553
2021-06-14 09:40:03,27942.55,7563
2021-06-14 09:40:04,27942.55,7563
2021-06-14 09:40:04,27942.55,7563
2021-06-14 09:40:08,27942.55,7576
2021-06-14 09:40:09,27942.55,7576
2021-06-14 09:40:10,27942.55,7576
2021-06-14 09:40:11,27944.4,7583
2021-06-14 09:40:12,27943.25,7585
2021-06-14 09:40:13,27943.25,7585
2021-06-14 09:40:14,27943.25,7585
2021-06-14 09:40:15,27959.95,7588
2021-06-14 09:40:16,27940.45,7598
2021-06-14 09:40:18,27940.45,7598
2021-06-14 09:40:19,27940.45,7598
2021-06-14 09:40:20,27952.5,7624
2021-06-14 09:40:22,27964.45,7638
2021-06-14 09:40:23,27964.45,7638
2021-06-14 09:40:24,27945.0,7639
2021-06-14 09:40:24,27964.45,7642
2021-06-14 09:40:25,27964.45,7642
2021-06-14 09:40:27,27964.45,7642
2021-06-14 09:40:28,27964.45,7642
2021-06-14 09:40:30,27964.45,7642
2021-06-14 09:40:31,27964.45,7642
2021-06-14 09:40:31,27964.45,7642
2021-06-14 09:40:32,27964.45,7642
2021-06-14 09:40:33,27964.45,7642
2021-06-14 09:40:34,27945.1,7652
2021-06-14 09:40:36,27945.1,7652
2021-06-14 09:40:37,27945.1,7652
2021-06-14 09:40:38,27945.1,7652
2021-06-14 09:40:39,27945.1,7652
2021-06-14 09:40:40,27945.1,7652
2021-06-14 09:40:41,27945.1,7652
2021-06-14 09:40:42,27945.1,7652
2021-06-14 09:40:44,27945.1,7652
2021-06-14 09:40:45,27945.1,7652
2021-06-14 09:40:46,27965.8,7759
2021-06-14 09:40:47,27965.8,7759
2021-06-14 09:40:48,27965.8,7759
2021-06-14 09:40:49,27965.8,7759
2021-06-14 09:40:50,27965.8,7759
2021-06-14 09:40:51,27965.8,7759
2021-06-14 09:40:52,27965.8,7759
2021-06-14 09:40:52,27965.8,7759
2021-06-14 09:40:53,27969.75,7760
2021-06-14 09:40:55,27969.75,7760
2021-06-14 09:40:56,27969.75,7760
2021-06-14 09:40:57,27969.75,7760
2021-06-14 09:40:58,27952.55,7762
2021-06-14 09:41:00,27952.55,7762
2021-06-14 09:41:01,27952.55,7762
2021-06-14 09:41:03,27967.5,7765
2021-06-14 09:41:07,27952.7,7766
2021-06-14 09:41:07,27952.7,7766
2021-06-14 09:41:08,27952.7,7766
2021-06-14 09:41:10,27964.0,7779
2021-06-14 09:41:11,27964.0,7779
2021-06-14 09:41:12,27964.0,7783
2021-06-14 09:41:13,27964.0,7783
2021-06-14 09:41:14,27964.0,7783
2021-06-14 09:41:14,27964.0,7783
2021-06-14 09:41:15,27969.75,7788
2021-06-14 09:41:16,27969.75,7788
2021-06-14 09:41:18,27969.75,7788
2021-06-14 09:41:19,27982.6,7790
2021-06-14 09:41:21,27982.6,7790
2021-06-14 09:41:22,27982.6,7790
2021-06-14 09:41:24,27982.6,7790
2021-06-14 09:41:25,27982.6,7790
2021-06-14 09:41:27,27980.0,7816
2021-06-14 09:41:28,27980.0,7816
2021-06-14 09:41:29,27980.0,7816
2021-06-14 09:41:31,27970.0,7818
2021-06-14 09:41:32,27970.0,7818
2021-06-14 09:41:33,27970.0,7818
2021-06-14 09:41:34,27970.0,7818
2021-06-14 09:41:35,27970.0,7818
2021-06-14 09:41:36,27970.0,7818
2021-06-14 09:41:37,28008.45,7838
2021-06-14 09:41:38,28008.45,7838
2021-06-14 09:41:39,28010.2,7839
2021-06-14 09:41:40,28017.5,7840
2021-06-14 09:41:40,28017.5,7840
2021-06-14 09:41:41,28031.0,7843
2021-06-14 09:41:42,28031.0,7843
2021-06-14 09:41:43,28031.0,7843
2021-06-14 09:41:44,28031.0,7843
2021-06-14 09:41:45,28031.0,7843
2021-06-14 09:41:46,28031.0,7843
2021-06-14 09:41:47,28031.0,7843
2021-06-14 09:41:48,28031.0,7843
2021-06-14 09:41:49,28031.0,7843
2021-06-14 09:41:50,28046.0,7845
2021-06-14 09:41:51,28046.0,7845
2021-06-14 09:41:52,28046.0,7845
2021-06-14 09:41:53,28046.0,7845
2021-06-14 09:41:54,28046.0,7845
2021-06-14 09:41:55,28046.0,7845
2021-06-14 09:41:56,28046.0,7845
2021-06-14 09:41:57,28046.0,7845
2021-06-14 09:41:58,28047.5,7863
2021-06-14 09:41:59,28047.5,7863
2021-06-14 09:42:00,28047.5,7863
2021-06-14 09:42:01,28047.5,7863
2021-06-14 09:42:02,28047.5,7863
2021-06-14 09:42:04,28047.5,7863
2021-06-14 09:42:06,28047.5,7863
2021-06-14 09:42:07,28047.5,7863
2021-06-14 09:42:08,28047.5,7863
2021-06-14 09:42:09,28047.5,7863
2021-06-14 09:42:10,28047.5,7863
2021-06-14 09:42:12,28047.5,7863
2021-06-14 09:42:15,28047.5,7863
2021-06-14 09:42:17,28047.5,7863
2021-06-14 09:42:18,28047.5,7863
2021-06-14 09:42:19,28047.5,7863
2021-06-14 09:42:20,28070.0,7865
2021-06-14 09:42:21,28055.0,7866
2021-06-14 09:42:22,28055.0,7867
2021-06-14 09:42:23,28055.0,7867
2021-06-14 09:42:24,28055.0,7867
2021-06-14 09:42:25,28055.0,7867
2021-06-14 09:42:27,28055.0,7868
2021-06-14 09:42:28,28055.0,7868
2021-06-14 09:42:30,28055.0,7868
2021-06-14 09:42:31,28055.0,7868
2021-06-14 09:42:32,28055.0,7868
2021-06-14 09:42:33,28055.0,7868
2021-06-14 09:42:35,28055.0,7868
2021-06-14 09:42:38,28055.0,7868
2021-06-14 09:42:39,28055.0,7868
2021-06-14 09:42:41,28069.5,7870
2021-06-14 09:42:42,28069.5,7870
2021-06-14 09:42:43,28069.5,7870
2021-06-14 09:42:44,28069.5,7870
2021-06-14 09:42:46,28069.5,7870
2021-06-14 09:42:47,28069.5,7870
2021-06-14 09:42:48,28069.5,7870
2021-06-14 09:42:48,28052.5,7871
2021-06-14 09:42:49,28052.5,7871
2021-06-14 09:42:50,28052.5,7871
2021-06-14 09:42:54,28052.5,7871
2021-06-14 09:42:55,28052.5,7871
2021-06-14 09:42:56,28052.5,7871
2021-06-14 09:42:57,28052.5,7871
2021-06-14 09:42:58,28052.5,7871
2021-06-14 09:42:59,28052.5,7975
2021-06-14 09:43:00,28052.5,7975
2021-06-14 09:43:01,28052.5,7975
2021-06-14 09:43:02,28052.5,7975
2021-06-14 09:43:03,28052.5,7975
2021-06-14 09:43:04,28052.5,7975
2021-06-14 09:43:05,28032.5,7978
2021-06-14 09:43:07,28019.95,7997
2021-06-14 09:43:08,28019.95,7997
2021-06-14 09:43:08,28019.95,7997
2021-06-14 09:43:09,28019.95,7997
2021-06-14 09:43:10,28019.95,7997
2021-06-14 09:43:11,28019.95,7997
2021-06-14 09:43:12,28019.95,7997
2021-06-14 09:43:13,27995.0,7998
2021-06-14 09:43:14,27995.0,7998
2021-06-14 09:43:15,27995.0,7998
2021-06-14 09:43:17,27995.0,7998
2021-06-14 09:43:17,27995.0,7998
2021-06-14 09:43:18,27995.0,7998
2021-06-14 09:43:19,27995.0,7998
2021-06-14 09:43:20,27995.0,7998
2021-06-14 09:43:22,27995.0,7998
2021-06-14 09:43:22,27995.0,7998
2021-06-14 09:43:23,27995.0,7998
2021-06-14 09:43:24,27995.0,7998
2021-06-14 09:43:25,27995.0,7998
2021-06-14 09:43:26,27995.0,7998
2021-06-14 09:43:27,27995.0,7998
2021-06-14 09:43:28,27995.0,7998
2021-06-14 09:43:29,27995.0,7998
2021-06-14 09:43:31,27995.0,7998
2021-06-14 09:43:32,27995.0,7998
2021-06-14 09:43:33,27995.0,7998
2021-06-14 09:43:34,27995.0,7998
2021-06-14 09:43:35,27995.0,7998
2021-06-14 09:43:36,27995.0,7998
2021-06-14 09:43:37,27995.0,7998
2021-06-14 09:43:38,28040.0,8000
2021-06-14 09:43:39,28040.0,8000
2021-06-14 09:43:40,28040.0,8000
2021-06-14 09:43:41,28040.0,8000
2021-06-14 09:43:43,28040.0,8000
2021-06-14 09:43:43,28040.0,8000
2021-06-14 09:43:44,28040.0,8000
2021-06-14 09:43:45,28040.0,8000
2021-06-14 09:43:46,28040.0,8000
2021-06-14 09:43:47,28040.0,8000
2021-06-14 09:43:48,28040.0,8000
2021-06-14 09:43:49,28067.45,8003
2021-06-14 09:43:50,28067.45,8003
2021-06-14 09:43:51,28067.45,8003
2021-06-14 09:43:52,28067.45,8003
2021-06-14 09:43:53,28067.45,8003
2021-06-14 09:43:54,28067.45,8003
2021-06-14 09:43:55,28067.45,8003
2021-06-14 09:43:56,28078.4,8023
2021-06-14 09:43:58,28079.95,8024
2021-06-14 09:43:59,28079.95,8024
2021-06-14 09:44:00,28079.95,8024
2021-06-14 09:44:01,28079.95,8024
2021-06-14 09:44:02,28060.0,8028
2021-06-14 09:44:03,28060.0,8028
2021-06-14 09:44:04,28060.0,8028
2021-06-14 09:44:05,28060.0,8028
2021-06-14 09:44:06,28060.0,8028
2021-06-14 09:44:07,28072.5,8030
2021-06-14 09:44:08,28072.5,8030
2021-06-14 09:44:09,28072.5,8030
2021-06-14 09:44:10,28087.4,8041
2021-06-14 09:44:11,28093.75,8048
2021-06-14 09:44:13,28093.75,8048
2021-06-14 09:44:14,28093.75,8048
2021-06-14 09:44:16,28079.0,8049
2021-06-14 09:44:17,28075.0,8050
2021-06-14 09:44:18,28075.0,8050
2021-06-14 09:44:19,28075.0,8050
2021-06-14 09:44:20,28075.0,8050
2021-06-14 09:44:21,28075.0,8050
2021-06-14 09:44:22,28075.0,8050
2021-06-14 09:44:23,28075.0,8050
2021-06-14 09:44:24,28080.0,8051
2021-06-14 09:44:25,28080.0,8051
2021-06-14 09:44:26,28080.0,8051
2021-06-14 09:44:27,28080.0,8051
2021-06-14 09:44:28,28095.0,8052
2021-06-14 09:44:32,28095.0,8052
2021-06-14 09:44:34,28095.0,8052
2021-06-14 09:44:35,28095.0,8054
2021-06-14 09:44:36,28099.0,8056
2021-06-14 09:44:37,28099.0,8056
2021-06-14 09:44:38,28099.0,8059
2021-06-14 09:44:39,28099.0,8059
2021-06-14 09:44:40,28099.0,8059
2021-06-14 09:44:41,28099.0,8059
2021-06-14 09:44:42,28099.0,8062
2021-06-14 09:44:43,28099.0,8063
2021-06-14 09:44:44,28099.0,8064
2021-06-14 09:44:45,28099.0,8066
2021-06-14 09:44:46,28099.0,8068
2021-06-14 09:44:47,28099.0,8068
2021-06-14 09:44:48,28120.0,8164
2021-06-14 09:44:49,28120.0,8164
2021-06-14 09:44:50,28120.0,8164
2021-06-14 09:44:51,28120.0,8164
2021-06-14 09:44:53,28129.0,8165
2021-06-14 09:44:54,28132.5,8172
2021-06-14 09:44:54,28132.5,8172
2021-06-14 09:44:55,28131.2,8173
2021-06-14 09:44:56,28128.95,8203
2021-06-14 09:44:58,28149.85,8209
2021-06-14 09:44:58,28139.5,8210
2021-06-14 09:45:00,28139.5,8210
2021-06-14 09:45:00,28125.0,8211
2021-06-14 09:45:01,28125.0,8211
2021-06-14 09:45:02,28125.0,8211
2021-06-14 09:45:03,28125.0,8211
2021-06-14 09:45:05,28137.5,8212
2021-06-14 09:45:05,28137.5,8212
2021-06-14 09:45:06,28137.5,8214
2021-06-14 09:45:08,28112.55,8218
2021-06-14 09:45:09,28112.55,8218
2021-06-14 09:45:10,28129.55,8219
2021-06-14 09:45:11,28129.55,8219
2021-06-14 09:45:12,28125.0,8225
2021-06-14 09:45:13,28125.0,8225
2021-06-14 09:45:14,28125.0,8225
2021-06-14 09:45:14,28125.0,8225
2021-06-14 09:45:16,28107.55,8230
2021-06-14 09:45:17,28107.55,8230
2021-06-14 09:45:18,28122.4,8232
2021-06-14 09:45:19,28125.0,8233
2021-06-14 09:45:20,28125.0,8235
2021-06-14 09:45:21,28103.6,8239
2021-06-14 09:45:22,28103.6,8239
2021-06-14 09:45:23,28103.6,8239
2021-06-14 09:45:24,28103.6,8239
2021-06-14 09:45:25,28122.1,8245
2021-06-14 09:45:26,28122.1,8245
2021-06-14 09:45:28,28122.1,8245
2021-06-14 09:45:29,28122.1,8245
2021-06-14 09:45:30,28122.1,8245
2021-06-14 09:45:31,28122.1,8245
2021-06-14 09:45:32,28122.1,8245
2021-06-14 09:45:34,28128.7,8250
2021-06-14 09:45:35,28128.7,8250
2021-06-14 09:45:36,28095.1,8252
2021-06-14 09:45:37,28095.1,8252
2021-06-14 09:45:39,28070.1,8287
2021-06-14 09:45:40,28070.0,8293
2021-06-14 09:45:41,28071.15,8299
2021-06-14 09:45:42,28071.15,8299
2021-06-14 09:45:43,28071.15,8299
2021-06-14 09:45:44,28071.15,8299
2021-06-14 09:45:46,28069.8,8300
2021-06-14 09:45:47,28069.8,8300
2021-06-14 09:45:49,28032.95,8320
2021-06-14 09:45:49,28032.95,8320
2021-06-14 09:45:50,28032.95,8320
2021-06-14 09:45:51,28032.95,8320
2021-06-14 09:45:52,28032.95,8320
2021-06-14 09:45:54,28056.1,8345
2021-06-14 09:45:55,28056.1,8345
2021-06-14 09:45:56,28047.75,8349
2021-06-14 09:45:57,28047.75,8349
2021-06-14 09:45:58,28047.75,8349
2021-06-14 09:45:59,28047.75,8349
2021-06-14 09:46:00,28038.3,8355
2021-06-14 09:46:01,28038.3,8355
2021-06-14 09:46:02,28038.3,8355
2021-06-14 09:46:04,28038.3,8355
2021-06-14 09:46:05,28038.3,8355
2021-06-14 09:46:06,28038.3,8355
2021-06-14 09:46:07,28038.3,8355
2021-06-14 09:46:08,28038.3,8355
2021-06-14 09:46:09,28064.6,8359
2021-06-14 09:46:10,28064.6,8359
2021-06-14 09:46:11,28070.0,8360
2021-06-14 09:46:12,28070.0,8360
2021-06-14 09:46:14,28070.0,8360
2021-06-14 09:46:15,28070.0,8360
2021-06-14 09:46:16,28070.0,8360
2021-06-14 09:46:17,28070.0,8360
2021-06-14 09:46:17,28070.0,8360
2021-06-14 09:46:19,28070.0,8360
2021-06-14 09:46:20,28070.0,8360
2021-06-14 09:46:21,28070.0,8360
2021-06-14 09:46:22,28070.0,8360
2021-06-14 09:46:23,28070.0,8360
2021-06-14 09:46:24,28070.0,8360
2021-06-14 09:46:25,28070.0,8360
2021-06-14 09:46:26,28070.0,8360
2021-06-14 09:46:28,28070.0,8360
2021-06-14 09:46:29,28070.0,8360
2021-06-14 09:46:30,28070.0,8360
2021-06-14 09:46:31,28070.0,8360
2021-06-14 09:46:32,28070.0,8360
2021-06-14 09:46:33,28070.0,8360
2021-06-14 09:46:34,28070.0,8360
2021-06-14 09:46:35,28070.0,8360
2021-06-14 09:46:36,28070.0,8360
2021-06-14 09:46:37,28070.0,8360
2021-06-14 09:46:38,28095.0,8367
2021-06-14 09:46:39,28099.75,8369
2021-06-14 09:46:42,28099.75,8369
2021-06-14 09:46:43,28099.75,8369
2021-06-14 09:46:44,28099.75,8369
2021-06-14 09:46:45,28095.0,8379
2021-06-14 09:46:46,28077.5,8380
2021-06-14 09:46:47,28077.5,8381
2021-06-14 09:46:48,28077.5,8381
2021-06-14 09:46:49,28077.5,8381
2021-06-14 09:46:51,28077.5,8381
2021-06-14 09:46:52,28087.6,8385
2021-06-14 09:46:53,28087.6,8385
2021-06-14 09:46:53,28070.0,8406
2021-06-14 09:46:54,28070.0,8406
2021-06-14 09:46:57,28070.0,8406
2021-06-14 09:46:58,28070.0,8406
2021-06-14 09:46:59,28070.0,8406
2021-06-14 09:47:00,28070.0,8406
2021-06-14 09:47:01,28070.0,8406
2021-06-14 09:47:02,28070.0,8406
2021-06-14 09:47:03,28095.0,8409
2021-06-14 09:47:04,28095.0,8409
2021-06-14 09:47:05,28095.0,8409
2021-06-14 09:47:07,28095.0,8409
2021-06-14 09:47:08,28095.0,8409
2021-06-14 09:47:09,28095.0,8409
2021-06-14 09:47:10,28100.0,8415
2021-06-14 09:47:11,28100.0,8415
2021-06-14 09:47:12,28095.0,8416
2021-06-14 09:47:13,28095.0,8416
2021-06-14 09:47:14,28095.0,8416
2021-06-14 09:47:15,28090.0,8417
2021-06-14 09:47:16,28089.75,8418
2021-06-14 09:47:17,28089.75,8418
2021-06-14 09:47:18,28089.75,8418
2021-06-14 09:47:19,28089.75,8418
2021-06-14 09:47:20,28089.75,8418
2021-06-14 09:47:21,28089.75,8418
2021-06-14 09:47:22,28089.75,8418
2021-06-14 09:47:23,28089.75,8418
2021-06-14 09:47:24,28089.75,8418
2021-06-14 09:47:25,28089.75,8418
2021-06-14 09:47:27,28089.75,8418
2021-06-14 09:47:29,28075.15,8419
2021-06-14 09:47:30,28075.15,8419
2021-06-14 09:47:31,28075.15,8419
2021-06-14 09:47:32,28075.15,8419
2021-06-14 09:47:34,28075.15,8419
2021-06-14 09:47:38,28090.0,8420
2021-06-14 09:47:39,28090.0,8420
2021-06-14 09:47:41,28090.0,8420
2021-06-14 09:47:42,28090.0,8420
2021-06-14 09:47:43,28090.0,8420
2021-06-14 09:47:44,28090.0,8420
2021-06-14 09:47:45,28090.0,8420
2021-06-14 09:47:46,28090.0,8424
2021-06-14 09:47:47,28090.0,8424
2021-06-14 09:47:49,28090.0,8426
2021-06-14 09:47:50,28090.0,8426
2021-06-14 09:47:52,28090.0,8426
2021-06-14 09:47:53,28090.0,8430
2021-06-14 09:47:54,28090.0,8430
2021-06-14 09:47:55,28090.0,8430
2021-06-14 09:47:56,28090.0,8430
2021-06-14 09:47:57,28090.0,8430
2021-06-14 09:47:58,28090.0,8430
2021-06-14 09:47:59,28090.0,8430
2021-06-14 09:48:00,28090.0,8430
2021-06-14 09:48:01,28082.5,8431
2021-06-14 09:48:02,28082.5,8431
2021-06-14 09:48:03,28082.5,8431
2021-06-14 09:48:04,28082.5,8431
2021-06-14 09:48:05,28082.5,8431
2021-06-14 09:48:06,28100.0,8438
2021-06-14 09:48:07,28100.0,8438
2021-06-14 09:48:08,28100.0,8438
2021-06-14 09:48:09,28100.0,8438
2021-06-14 09:48:10,28100.0,8438
2021-06-14 09:48:11,28100.0,8438
2021-06-14 09:48:12,28100.0,8438
2021-06-14 09:48:15,28110.0,8439
2021-06-14 09:48:16,28110.0,8439
2021-06-14 09:48:17,28110.0,8439
2021-06-14 09:48:18,28110.0,8439
2021-06-14 09:48:19,28110.0,8439
2021-06-14 09:48:20,28110.0,8439
2021-06-14 09:48:21,28110.0,8439
2021-06-14 09:48:23,28128.0,8441
2021-06-14 09:48:24,28128.0,8441
2021-06-14 09:48:25,28128.0,8441
2021-06-14 09:48:26,28128.0,8441
2021-06-14 09:48:27,28127.5,8445
2021-06-14 09:48:28,28127.5,8445
2021-06-14 09:48:29,28117.5,8449
2021-06-14 09:48:30,28117.5,8449
2021-06-14 09:48:31,28117.5,8449
2021-06-14 09:48:32,28117.5,8449
2021-06-14 09:48:34,28117.5,8449
2021-06-14 09:48:35,28117.5,8449
2021-06-14 09:48:36,28117.5,8449
2021-06-14 09:48:37,28117.5,8449
2021-06-14 09:48:38,28117.5,8449
2021-06-14 09:48:39,28117.5,8449
2021-06-14 09:48:40,28130.0,8455
2021-06-14 09:48:41,28130.0,8455
2021-06-14 09:48:42,28136.0,8460
2021-06-14 09:48:43,28136.0,8460
2021-06-14 09:48:44,28136.0,8460
2021-06-14 09:48:45,28125.0,8461
2021-06-14 09:48:46,28125.0,8461
2021-06-14 09:48:48,28125.0,8466
2021-06-14 09:48:47,28125.0,8466
2021-06-14 09:48:49,28140.0,8476
2021-06-14 09:48:50,28140.0,8476
2021-06-14 09:48:51,28140.0,8476
2021-06-14 09:48:52,28140.0,8476
2021-06-14 09:48:54,28140.0,8476
2021-06-14 09:48:55,28140.0,8476
2021-06-14 09:48:56,28140.0,8477
2021-06-14 09:48:57,28140.0,8477
2021-06-14 09:48:58,28125.3,8478
2021-06-14 09:48:59,28125.3,8478
2021-06-14 09:49:00,28125.3,8478
2021-06-14 09:49:01,28125.3,8478
2021-06-14 09:49:02,28125.3,8478
2021-06-14 09:49:03,28125.3,8478
2021-06-14 09:49:05,28120.0,8502
2021-06-14 09:49:05,28120.0,8502
2021-06-14 09:49:06,28120.0,8502
2021-06-14 09:49:07,28120.0,8502
2021-06-14 09:49:08,28117.5,8506
2021-06-14 09:49:09,28117.5,8506
2021-06-14 09:49:10,28117.5,8506
2021-06-14 09:49:13,28117.5,8506
2021-06-14 09:49:13,28117.5,8506
2021-06-14 09:49:15,28117.5,8506
2021-06-14 09:49:16,28115.0,8507
2021-06-14 09:49:17,28115.0,8507
2021-06-14 09:49:18,28115.0,8507
2021-06-14 09:49:19,28115.0,8507
2021-06-14 09:49:20,28115.0,8507
2021-06-14 09:49:21,28115.0,8507
2021-06-14 09:49:22,28100.15,8508
2021-06-14 09:49:23,28117.4,8513
2021-06-14 09:49:25,28117.4,8513
2021-06-14 09:49:25,28117.4,8513
2021-06-14 09:49:26,28117.4,8513
2021-06-14 09:49:27,28117.4,8513
2021-06-14 09:49:28,28117.4,8513
2021-06-14 09:49:29,28117.4,8513
2021-06-14 09:49:31,28102.5,8515
2021-06-14 09:49:33,28102.5,8515
2021-06-14 09:49:33,28102.5,8515
2021-06-14 09:49:34,28102.5,8515
2021-06-14 09:49:35,28102.5,8515
2021-06-14 09:49:36,28102.5,8515
2021-06-14 09:49:38,28102.5,8518
2021-06-14 09:49:39,28102.5,8518
2021-06-14 09:49:40,28123.3,8532
2021-06-14 09:49:41,28123.3,8532
2021-06-14 09:49:42,28123.3,8532
2021-06-14 09:49:43,28123.3,8532
2021-06-14 09:49:45,28123.3,8532
2021-06-14 09:49:46,28123.3,8532
2021-06-14 09:49:46,28123.3,8532
2021-06-14 09:49:47,28123.3,8532
2021-06-14 09:49:48,28123.3,8532
2021-06-14 09:49:49,28123.3,8532
2021-06-14 09:49:51,28123.3,8532
2021-06-14 09:49:52,28111.0,8533
2021-06-14 09:49:53,28111.0,8533
2021-06-14 09:49:55,28123.45,8550
2021-06-14 09:49:56,28123.45,8550
2021-06-14 09:49:56,28123.45,8550
2021-06-14 09:49:58,28123.3,8553
2021-06-14 09:49:59,28123.3,8553
2021-06-14 09:50:00,28123.3,8553
2021-06-14 09:50:01,28123.3,8553
2021-06-14 09:50:03,28110.0,8554
2021-06-14 09:50:04,28110.0,8554
2021-06-14 09:50:05,28110.0,8554
2021-06-14 09:50:06,28110.0,8555
2021-06-14 09:50:07,28110.0,8555
2021-06-14 09:50:08,28120.0,8556
2021-06-14 09:50:09,28123.0,8557
2021-06-14 09:50:10,28123.0,8557
2021-06-14 09:50:11,28123.0,8558
2021-06-14 09:50:12,28123.0,8558
2021-06-14 09:50:13,28123.0,8558
2021-06-14 09:50:14,28123.0,8558
2021-06-14 09:50:15,28123.0,8558
2021-06-14 09:50:16,28123.0,8558
2021-06-14 09:50:18,28123.0,8558
2021-06-14 09:50:18,28123.0,8558
2021-06-14 09:50:19,28123.0,8558
2021-06-14 09:50:22,28123.0,8559
2021-06-14 09:50:23,28123.0,8578
2021-06-14 09:50:24,28123.0,8578
2021-06-14 09:50:26,28123.0,8578
2021-06-14 09:50:26,28123.0,8578
2021-06-14 09:50:27,28123.0,8578
2021-06-14 09:50:28,28123.0,8578
2021-06-14 09:50:29,28123.0,8578
2021-06-14 09:50:30,28123.0,8578
2021-06-14 09:50:31,28123.0,8578
2021-06-14 09:50:32,28123.0,8578
2021-06-14 09:50:33,28125.0,8580
2021-06-14 09:50:35,28125.0,8580
2021-06-14 09:50:36,28125.0,8580
2021-06-14 09:50:37,28125.0,8581
2021-06-14 09:50:38,28125.0,8581
2021-06-14 09:50:39,28125.0,8581
2021-06-14 09:50:40,28139.0,8583
2021-06-14 09:50:41,28139.0,8583
2021-06-14 09:50:42,28139.0,8583
2021-06-14 09:50:43,28139.0,8583
2021-06-14 09:50:44,28139.0,8583
2021-06-14 09:50:45,28139.0,8583
2021-06-14 09:50:46,28139.0,8583
2021-06-14 09:50:47,28139.0,8583
2021-06-14 09:50:48,28149.15,8601
2021-06-14 09:50:49,28148.5,8611
2021-06-14 09:50:50,28139.0,8761
2021-06-14 09:50:51,28146.2,8762
2021-06-14 09:50:52,28146.2,8762
2021-06-14 09:50:53,28146.2,8762
2021-06-14 09:50:54,28172.0,8772
2021-06-14 09:50:55,28150.0,8776
2021-06-14 09:50:56,28150.0,8776
2021-06-14 09:50:58,28150.0,8776
2021-06-14 09:50:59,28150.0,8776
2021-06-14 09:50:59,28150.0,8776
2021-06-14 09:51:00,28150.0,8776
2021-06-14 09:51:01,28150.0,8776
2021-06-14 09:51:02,28150.0,8776
2021-06-14 09:51:03,28150.0,8776
2021-06-14 09:51:05,28150.0,8776
2021-06-14 09:51:05,28150.0,8796
2021-06-14 09:51:06,28150.0,8796
2021-06-14 09:51:07,28150.0,8796
2021-06-14 09:51:08,28150.2,8797
2021-06-14 09:51:09,28150.2,8797
2021-06-14 09:51:11,28150.2,8797
2021-06-14 09:51:13,28150.2,8797
2021-06-14 09:51:15,28172.0,8805
2021-06-14 09:51:15,28172.0,8805
2021-06-14 09:51:16,28172.0,8805
2021-06-14 09:51:17,28172.0,8805
2021-06-14 09:51:18,28157.5,8806
2021-06-14 09:51:19,28157.5,8811
2021-06-14 09:51:20,28172.0,8815
2021-06-14 09:51:21,28172.0,8815
2021-06-14 09:51:22,28157.5,8816
2021-06-14 09:51:23,28157.5,8816
2021-06-14 09:51:25,28157.5,8817
2021-06-14 09:51:26,28157.5,8817
2021-06-14 09:51:27,28170.0,8818
2021-06-14 09:51:28,28170.0,8818
2021-06-14 09:51:30,28170.0,8818
2021-06-14 09:51:31,28170.0,8818
2021-06-14 09:51:32,28170.0,8818
2021-06-14 09:51:33,28146.2,8876
2021-06-14 09:51:33,28146.2,8876
2021-06-14 09:51:34,28146.2,8876
2021-06-14 09:51:35,28146.2,8876
2021-06-14 09:51:36,28147.5,8877
2021-06-14 09:51:37,28147.5,8877
2021-06-14 09:51:38,28147.5,8877
2021-06-14 09:51:40,28147.5,8877
2021-06-14 09:51:41,28157.4,8879
2021-06-14 09:51:43,28164.95,8885
2021-06-14 09:51:44,28164.95,8885
2021-06-14 09:51:45,28164.95,8886
2021-06-14 09:51:45,28164.95,8885
2021-06-14 09:51:46,28138.5,8891
2021-06-14 09:51:47,28138.5,8891
2021-06-14 09:51:49,28138.5,8891
2021-06-14 09:51:50,28162.35,8892
2021-06-14 09:51:51,28162.35,8892
2021-06-14 09:51:53,28162.35,8892
2021-06-14 09:51:54,28146.2,8896
2021-06-14 09:51:55,28146.2,8896
2021-06-14 09:51:56,28146.2,8896
2021-06-14 09:51:57,28162.0,8898
2021-06-14 09:51:58,28162.0,8898
2021-06-14 09:51:59,28162.0,8898
2021-06-14 09:51:59,28162.0,8898
2021-06-14 09:52:02,28162.0,8898
2021-06-14 09:52:05,28162.0,8898
2021-06-14 09:52:06,28162.0,8898
2021-06-14 09:52:08,28146.2,8899
2021-06-14 09:52:10,28162.0,8901
2021-06-14 09:52:10,28162.0,8901
2021-06-14 09:52:12,28162.0,8901
2021-06-14 09:52:13,28162.0,8901
2021-06-14 09:52:14,28162.0,8901
2021-06-14 09:52:15,28162.0,8901
2021-06-14 09:52:16,28162.0,8901
2021-06-14 09:52:18,28162.35,8902
2021-06-14 09:52:18,28162.35,8902
2021-06-14 09:52:20,28162.0,8903
2021-06-14 09:52:21,28162.0,8903
2021-06-14 09:52:22,28162.0,8903
2021-06-14 09:52:23,28162.0,8903
2021-06-14 09:52:24,28162.0,8903
2021-06-14 09:52:25,28162.0,8903
2021-06-14 09:52:27,28162.35,8904
2021-06-14 09:52:30,28162.35,8904
2021-06-14 09:52:33,28162.35,8904
2021-06-14 09:52:34,28162.35,8904
2021-06-14 09:52:35,28162.35,8904
2021-06-14 09:52:36,28162.35,8904
2021-06-14 09:52:38,28165.0,8905
2021-06-14 09:52:39,28165.0,8905
2021-06-14 09:52:40,28165.0,8905
2021-06-14 09:52:41,28165.0,8905
2021-06-14 09:52:42,28165.0,8906
2021-06-14 09:52:43,28165.05,8909
2021-06-14 09:52:43,28165.05,8909
2021-06-14 09:52:44,28165.05,8909
2021-06-14 09:52:46,28165.05,8909
2021-06-14 09:52:47,28170.0,8910
2021-06-14 09:52:48,28170.0,8910
2021-06-14 09:52:50,28172.0,8914
2021-06-14 09:52:50,28172.0,8914
2021-06-14 09:52:52,28172.0,8914
2021-06-14 09:52:54,28172.0,8916
2021-06-14 09:52:55,28172.0,8916
2021-06-14 09:52:56,28180.0,8952
2021-06-14 09:52:57,28180.0,8952
2021-06-14 09:52:58,28175.0,8953
2021-06-14 09:53:00,28190.0,8963
2021-06-14 09:53:01,28190.0,8963
2021-06-14 09:53:03,28190.0,8973
2021-06-14 09:53:03,28190.0,8973
2021-06-14 09:53:04,28190.0,8974
2021-06-14 09:53:06,28190.0,8974
2021-06-14 09:53:07,28190.0,8974
2021-06-14 09:53:08,28190.0,8974
2021-06-14 09:53:09,28190.0,8974
2021-06-14 09:53:10,28190.0,8974
2021-06-14 09:53:11,28190.0,8974
2021-06-14 09:53:12,28190.0,8974
2021-06-14 09:53:13,28190.0,8974
2021-06-14 09:53:14,28190.0,8974
2021-06-14 09:53:15,28190.0,8974
2021-06-14 09:53:16,28190.0,8974
2021-06-14 09:53:17,28190.0,8974
2021-06-14 09:53:19,28190.0,8974
2021-06-14 09:53:20,28190.0,8974
2021-06-14 09:53:21,28190.0,8974
2021-06-14 09:53:25,28190.0,8974
2021-06-14 09:53:26,28190.0,8975
2021-06-14 09:53:27,28190.0,8975
2021-06-14 09:53:30,28194.0,8985
2021-06-14 09:53:31,28194.0,8985
2021-06-14 09:53:34,28194.0,9013
2021-06-14 09:53:34,28194.0,9013
2021-06-14 09:53:35,28190.0,9014
2021-06-14 09:53:36,28190.0,9014
2021-06-14 09:53:38,28198.0,9016
2021-06-14 09:53:39,28198.0,9016
2021-06-14 09:53:40,28198.0,9016
2021-06-14 09:53:41,28198.0,9017
2021-06-14 09:53:41,28190.0,9056
2021-06-14 09:53:42,28190.0,9056
2021-06-14 09:53:43,28190.0,9056
2021-06-14 09:53:44,28190.0,9056
2021-06-14 09:53:48,28200.0,9060
2021-06-14 09:53:49,28200.0,9060
2021-06-14 09:53:50,28200.0,9120
2021-06-14 09:53:50,28211.8,9140
2021-06-14 09:53:51,28200.0,9142
2021-06-14 09:53:52,28200.0,9142
2021-06-14 09:53:53,28200.0,9142
2021-06-14 09:53:54,28218.95,9148
2021-06-14 09:53:57,28218.3,9150
2021-06-14 09:53:58,28202.5,9151
2021-06-14 09:53:59,28202.5,9151
2021-06-14 09:54:00,28202.5,9151
2021-06-14 09:54:01,28202.5,9151
2021-06-14 09:54:02,28218.3,9152
2021-06-14 09:54:03,28218.3,9152
2021-06-14 09:54:04,28218.3,9152
2021-06-14 09:54:05,28230.0,9232
2021-06-14 09:54:06,28212.65,9235
2021-06-14 09:54:06,28212.65,9235
2021-06-14 09:54:07,28212.65,9235
2021-06-14 09:54:09,28212.65,9235
2021-06-14 09:54:10,28235.0,9260
2021-06-14 09:54:11,28235.0,9260
2021-06-14 09:54:12,28235.0,9260
2021-06-14 09:54:12,28225.0,9263
2021-06-14 09:54:14,28225.0,9263
2021-06-14 09:54:15,28218.3,9293
2021-06-14 09:54:16,28218.3,9293
2021-06-14 09:54:17,28217.5,9322
2021-06-14 09:54:18,28217.5,9322
2021-06-14 09:54:19,28217.5,9322
2021-06-14 09:54:20,28217.5,9322
2021-06-14 09:54:22,28215.0,9391
2021-06-14 09:54:23,28212.8,9392
2021-06-14 09:54:24,28208.2,9408
2021-06-14 09:54:26,28203.65,9423
2021-06-14 09:54:28,28203.65,9423
2021-06-14 09:54:29,28203.65,9423
2021-06-14 09:54:30,28212.5,9424
2021-06-14 09:54:30,28212.5,9424
2021-06-14 09:54:31,28226.3,9431
2021-06-14 09:54:33,28212.5,9434
2021-06-14 09:54:33,28212.5,9434
2021-06-14 09:54:36,28232.5,9435
2021-06-14 09:54:37,28232.5,9435
2021-06-14 09:54:37,28232.5,9435
2021-06-14 09:54:39,28232.5,9435
2021-06-14 09:54:41,28236.15,9446
2021-06-14 09:54:40,28212.55,9439
2021-06-14 09:54:42,28215.05,9450
2021-06-14 09:54:43,28232.5,9455
2021-06-14 09:54:44,28232.5,9455
2021-06-14 09:54:44,28239.3,9461
2021-06-14 09:54:45,28239.3,9461
2021-06-14 09:54:46,28239.3,9461
2021-06-14 09:54:47,28239.3,9461
2021-06-14 09:54:48,28222.5,9462
2021-06-14 09:54:49,28244.9,9548
2021-06-14 09:54:50,28244.9,9548
2021-06-14 09:54:51,28238.45,9550
2021-06-14 09:54:52,28238.5,9551
2021-06-14 09:54:53,28238.5,9551
2021-06-14 09:54:54,28238.5,9551
2021-06-14 09:54:55,28239.0,9558
2021-06-14 09:54:57,28239.0,9558
2021-06-14 09:54:57,28239.0,9558
2021-06-14 09:54:58,28239.0,9558
2021-06-14 09:54:59,28238.5,9562
2021-06-14 09:55:02,28238.5,9566
2021-06-14 09:55:03,28238.5,9566
2021-06-14 09:55:05,28238.5,9566
2021-06-14 09:55:06,28238.5,9566
2021-06-14 09:55:07,28238.5,9566
2021-06-14 09:55:08,28238.5,9566
2021-06-14 09:55:09,28238.5,9566
2021-06-14 09:55:10,28238.5,9577
2021-06-14 09:55:11,28238.5,9577
2021-06-14 09:55:11,28238.5,9577
2021-06-14 09:55:12,28238.5,9578
2021-06-14 09:55:14,28238.5,9578
2021-06-14 09:55:14,28238.5,9578
2021-06-14 09:55:16,28226.5,9606
2021-06-14 09:55:18,28236.9,9626
2021-06-14 09:55:19,28236.9,9626
2021-06-14 09:55:18,28236.9,9626
2021-06-14 09:55:20,28236.9,9626
2021-06-14 09:55:21,28236.9,9626
2021-06-14 09:55:22,28217.5,9632
2021-06-14 09:55:23,28217.5,9632
2021-06-14 09:55:24,28217.5,9632
2021-06-14 09:55:26,28234.95,9636
2021-06-14 09:55:27,28234.95,9636
2021-06-14 09:55:28,28234.95,9636
2021-06-14 09:55:29,28234.95,9636
2021-06-14 09:55:30,28234.95,9636
2021-06-14 09:55:32,28234.95,9636
2021-06-14 09:55:33,28234.95,9636
2021-06-14 09:55:33,28234.95,9636
2021-06-14 09:55:35,28234.95,9636
2021-06-14 09:55:36,28234.0,9642
2021-06-14 09:55:37,28234.0,9642
2021-06-14 09:55:38,28233.0,9652
2021-06-14 09:55:41,28217.5,9656
2021-06-14 09:55:42,28217.5,9656
2021-06-14 09:55:43,28217.5,9656
2021-06-14 09:55:43,28217.5,9656
2021-06-14 09:55:45,28217.5,9656
2021-06-14 09:55:46,28217.5,9656
2021-06-14 09:55:47,28217.5,9656
2021-06-14 09:55:48,28217.5,9656
2021-06-14 09:55:49,28200.0,9719
2021-06-14 09:55:50,28212.35,9795
2021-06-14 09:55:51,28212.35,9795
2021-06-14 09:55:52,28185.7,9800
2021-06-14 09:55:53,28185.7,9800
2021-06-14 09:55:54,28185.7,9800
2021-06-14 09:55:55,28185.7,9800
2021-06-14 09:55:56,28185.7,9800
2021-06-14 09:55:57,28185.7,9800
2021-06-14 09:55:58,28180.0,9802
2021-06-14 09:56:00,28175.0,9813
2021-06-14 09:56:02,28175.0,9813
2021-06-14 09:56:03,28175.0,9813
2021-06-14 09:56:05,28162.5,9835
2021-06-14 09:56:06,28162.5,9835
2021-06-14 09:56:07,28162.5,9835
2021-06-14 09:56:08,28162.5,9835
2021-06-14 09:56:09,28175.0,9837
2021-06-14 09:56:11,28182.5,9843
2021-06-14 09:56:10,28182.5,9843
2021-06-14 09:56:12,28171.25,9868
2021-06-14 09:56:13,28163.25,9870
2021-06-14 09:56:14,28163.25,9870
2021-06-14 09:56:15,28163.25,9870
2021-06-14 09:56:16,28163.25,9870
2021-06-14 09:56:17,28167.7,9874
2021-06-14 09:56:18,28167.7,9874
2021-06-14 09:56:19,28167.7,9874
2021-06-14 09:56:21,28167.7,9874
2021-06-14 09:56:20,28167.7,9874
2021-06-14 09:56:22,28167.7,9874
2021-06-14 09:56:23,28167.7,9874
2021-06-14 09:56:25,28167.7,9874
2021-06-14 09:56:25,28195.0,9875
2021-06-14 09:56:26,28195.0,9875
2021-06-14 09:56:28,28195.0,9875
2021-06-14 09:56:28,28195.0,9875
2021-06-14 09:56:29,28195.0,9875
2021-06-14 09:56:30,28195.0,9875
2021-06-14 09:56:31,28195.0,9875
2021-06-14 09:56:33,28195.0,9875
2021-06-14 09:56:34,28195.0,9875
2021-06-14 09:56:35,28195.0,9875
2021-06-14 09:56:36,28195.0,9875
2021-06-14 09:56:36,28195.0,9875
2021-06-14 09:56:37,28195.0,9875
2021-06-14 09:56:38,28195.0,9875
2021-06-14 09:56:39,28195.0,9877
2021-06-14 09:56:40,28195.0,9878
2021-06-14 09:56:41,28211.8,9882
2021-06-14 09:56:43,28211.8,9882
2021-06-14 09:56:43,28211.8,9882
2021-06-14 09:56:45,28211.8,9882
2021-06-14 09:56:47,28211.8,9882
2021-06-14 09:56:48,28211.8,9882
2021-06-14 09:56:49,28211.8,9882
2021-06-14 09:56:50,28211.8,9882
2021-06-14 09:56:51,28211.8,9882
2021-06-14 09:56:51,28211.8,9882
2021-06-14 09:56:53,28211.8,9882
2021-06-14 09:56:53,28211.8,9882
2021-06-14 09:56:54,28211.8,9882
2021-06-14 09:56:55,28211.8,9882
2021-06-14 09:56:56,28211.8,9882
2021-06-14 09:56:57,28226.15,9884
2021-06-14 09:56:58,28205.0,9885
2021-06-14 09:56:59,28205.0,9885
2021-06-14 09:57:00,28205.0,9885
2021-06-14 09:57:01,28205.0,9885
2021-06-14 09:57:03,28205.0,9885
2021-06-14 09:57:04,28205.0,9885
2021-06-14 09:57:05,28205.0,9885
2021-06-14 09:57:06,28205.0,9885
2021-06-14 09:57:07,28202.8,9886
2021-06-14 09:57:08,28202.8,9886
2021-06-14 09:57:09,28202.8,9886
2021-06-14 09:57:13,28245.0,10150
2021-06-14 09:57:13,28250.0,10153
2021-06-14 09:57:14,28250.0,10153
2021-06-14 09:57:15,28249.6,10159
2021-06-14 09:57:16,28249.6,10159
2021-06-14 09:57:17,28245.0,10175
2021-06-14 09:57:18,28241.55,10176
2021-06-14 09:57:19,28241.55,10176
2021-06-14 09:57:21,28238.4,10183
2021-06-14 09:57:22,28238.4,10183
2021-06-14 09:57:26,28265.0,10196
2021-06-14 09:57:27,28265.0,10205
2021-06-14 09:57:29,28265.0,10205
2021-06-14 09:57:30,28265.0,10205
2021-06-14 09:57:31,28251.95,10206
2021-06-14 09:57:32,28251.95,10206
2021-06-14 09:57:33,28251.95,10206
2021-06-14 09:57:34,28251.95,10206
2021-06-14 09:57:34,28265.0,10208
2021-06-14 09:57:36,28265.0,10208
2021-06-14 09:57:38,28260.0,10211
2021-06-14 09:57:39,28260.0,10211
2021-06-14 09:57:40,28270.0,10213
2021-06-14 09:57:41,28271.5,10215
2021-06-14 09:57:42,28270.0,10216
2021-06-14 09:57:44,28252.5,10217
2021-06-14 09:57:45,28252.5,10217
2021-06-14 09:57:47,28265.0,10238
2021-06-14 09:57:46,28265.0,10238
2021-06-14 09:57:48,28265.0,10238
2021-06-14 09:57:49,28265.0,10238
2021-06-14 09:57:50,28265.0,10238
2021-06-14 09:57:51,28265.0,10238
2021-06-14 09:57:52,28260.0,10239
2021-06-14 09:57:53,28260.0,10239
2021-06-14 09:57:54,28265.0,10240
2021-06-14 09:57:55,28265.0,10240
2021-06-14 09:57:56,28265.0,10240
2021-06-14 09:57:57,28265.0,10240
2021-06-14 09:57:58,28265.0,10240
2021-06-14 09:57:59,28250.0,10242
2021-06-14 09:58:00,28250.0,10242
2021-06-14 09:58:01,28250.0,10242
2021-06-14 09:58:02,28250.0,10245
2021-06-14 09:58:03,28250.0,10245
2021-06-14 09:58:04,28250.0,10245
2021-06-14 09:58:05,28250.0,10245
2021-06-14 09:58:06,28250.0,10256
2021-06-14 09:58:07,28250.0,10256
2021-06-14 09:58:08,28250.0,10256
2021-06-14 09:58:10,28260.0,10257
2021-06-14 09:58:11,28260.0,10257
2021-06-14 09:58:12,28250.0,10259
2021-06-14 09:58:13,28250.0,10259
2021-06-14 09:58:14,28250.0,10259
2021-06-14 09:58:15,28250.0,10259
2021-06-14 09:58:17,28250.0,10259
2021-06-14 09:58:18,28250.0,10259
2021-06-14 09:58:19,28250.0,10259
2021-06-14 09:58:21,28250.0,10259
2021-06-14 09:58:23,28250.0,10260
2021-06-14 09:58:24,28250.0,10260
2021-06-14 09:58:25,28250.0,10260
2021-06-14 09:58:26,28250.0,10260
2021-06-14 09:58:27,28250.0,10260
2021-06-14 09:58:28,28250.0,10260
2021-06-14 09:58:29,28250.0,10260
2021-06-14 09:58:30,28250.0,10260
2021-06-14 09:58:31,28250.0,10260
2021-06-14 09:58:33,28250.0,10260
2021-06-14 09:58:34,28250.0,10263
2021-06-14 09:58:35,28250.0,10263
2021-06-14 09:58:36,28250.1,10268
2021-06-14 09:58:37,28250.1,10268
2021-06-14 09:58:38,28250.1,10268
2021-06-14 09:58:39,28250.1,10268
2021-06-14 09:58:41,28250.0,10269
2021-06-14 09:58:42,28250.1,10270
2021-06-14 09:58:43,28250.1,10270
2021-06-14 09:58:45,28250.1,10270
2021-06-14 09:58:46,28250.1,10270
2021-06-14 09:58:48,28250.1,10270
2021-06-14 09:58:49,28250.1,10270
2021-06-14 09:58:50,28250.1,10270
2021-06-14 09:58:51,28250.1,10270
2021-06-14 09:58:52,28250.1,10270
2021-06-14 09:58:54,28250.0,10274
2021-06-14 09:58:55,28260.0,10275
2021-06-14 09:58:56,28250.0,10277
2021-06-14 09:58:57,28250.0,10277
2021-06-14 09:58:58,28250.0,10277
2021-06-14 09:58:59,28250.0,10277
2021-06-14 09:59:00,28250.0,10277
2021-06-14 09:59:01,28250.0,10277
2021-06-14 09:59:02,28250.0,10277
2021-06-14 09:59:03,28250.0,10277
2021-06-14 09:59:04,28250.0,10278
2021-06-14 09:59:05,28250.0,10280
2021-06-14 09:59:06,28250.0,10280
2021-06-14 09:59:07,28245.0,10295
2021-06-14 09:59:08,28245.0,10295
2021-06-14 09:59:09,28242.0,10297
2021-06-14 09:59:10,28242.0,10297
2021-06-14 09:59:11,28280.0,10367
2021-06-14 09:59:12,28280.0,10367
2021-06-14 09:59:13,28280.0,10367
2021-06-14 09:59:14,28280.0,10367
2021-06-14 09:59:15,28280.0,10367
2021-06-14 09:59:16,28277.55,10368
2021-06-14 09:59:18,28277.55,10368
2021-06-14 09:59:19,28277.55,10368
2021-06-14 09:59:20,28277.55,10368
2021-06-14 09:59:21,28277.55,10368
2021-06-14 09:59:22,28277.55,10368
2021-06-14 09:59:24,28280.0,10369
2021-06-14 09:59:26,28280.0,10370
2021-06-14 09:59:27,28280.0,10370
2021-06-14 09:59:28,28280.0,10370
2021-06-14 09:59:30,28289.85,10380
2021-06-14 09:59:31,28289.85,10380
2021-06-14 09:59:32,28289.85,10380
2021-06-14 09:59:34,28289.85,10380
2021-06-14 09:59:36,28280.0,10381
2021-06-14 09:59:37,28280.0,10381
2021-06-14 09:59:38,28280.0,10381
2021-06-14 09:59:39,28289.85,10382
2021-06-14 09:59:42,28280.0,10388
2021-06-14 09:59:43,28262.45,10391
2021-06-14 09:59:43,28262.45,10391
2021-06-14 09:59:44,28262.45,10391
2021-06-14 09:59:45,28262.45,10391
2021-06-14 09:59:46,28262.45,10391
2021-06-14 09:59:47,28252.5,10392
2021-06-14 09:59:48,28255.0,10393
2021-06-14 09:59:49,28255.0,10393
2021-06-14 09:59:50,28242.0,10394
2021-06-14 09:59:52,28260.65,10399
2021-06-14 09:59:52,28260.65,10399
2021-06-14 09:59:53,28260.65,10399
2021-06-14 09:59:54,28260.65,10399
2021-06-14 09:59:55,28260.65,10399
2021-06-14 09:59:56,28260.65,10399
2021-06-14 09:59:57,28250.5,10405
2021-06-14 09:59:58,28250.5,10405
2021-06-14 09:59:59,28250.5,10405
2021-06-14 10:00:01,28250.5,10405
2021-06-14 10:00:02,28250.5,10405
2021-06-14 10:00:04,28250.5,10405
2021-06-14 10:00:05,28250.5,10405
2021-06-14 10:00:06,28250.5,10405
2021-06-14 10:00:07,28250.5,10405
2021-06-14 10:00:08,28250.5,10405
2021-06-14 10:00:09,28250.5,10405
2021-06-14 10:00:10,28250.5,10405
2021-06-14 10:00:11,28250.5,10405
2021-06-14 10:00:12,28250.5,10405
2021-06-14 10:00:13,28250.05,10406
2021-06-14 10:00:14,28250.05,10406
2021-06-14 10:00:15,28250.05,10406
2021-06-14 10:00:16,28250.05,10406
2021-06-14 10:00:17,28250.05,10406
2021-06-14 10:00:18,28250.05,10406
2021-06-14 10:00:19,28250.05,10406
2021-06-14 10:00:21,28250.05,10406
2021-06-14 10:00:22,28250.05,10406
2021-06-14 10:00:23,28250.05,10406
2021-06-14 10:00:24,28250.05,10406
2021-06-14 10:00:25,28250.05,10406
2021-06-14 10:00:26,28250.05,10406
2021-06-14 10:00:27,28250.05,10406
2021-06-14 10:00:29,28255.0,10413
2021-06-14 10:00:30,28255.0,10413
2021-06-14 10:00:31,28255.0,10413
2021-06-14 10:00:32,28255.0,10413
2021-06-14 10:00:33,28255.0,10413
2021-06-14 10:00:34,28255.0,10413
2021-06-14 10:00:35,28255.0,10414
2021-06-14 10:00:36,28268.0,10416
2021-06-14 10:00:37,28268.0,10416
2021-06-14 10:00:38,28268.0,10416
2021-06-14 10:00:39,28268.0,10416
2021-06-14 10:00:40,28268.0,10416
2021-06-14 10:00:42,28268.0,10424
2021-06-14 10:00:43,28268.0,10424
2021-06-14 10:00:44,28268.0,10424
2021-06-14 10:00:45,28268.0,10424
2021-06-14 10:00:45,28268.0,10424
2021-06-14 10:00:47,28280.0,10442
2021-06-14 10:00:47,28280.0,10442
2021-06-14 10:00:48,28280.0,10442
2021-06-14 10:00:49,28280.0,10442
2021-06-14 10:00:51,28280.0,10442
2021-06-14 10:00:51,28280.0,10442
2021-06-14 10:00:52,28280.0,10442
2021-06-14 10:00:53,28255.0,10467
2021-06-14 10:00:54,28255.0,10467
2021-06-14 10:00:55,28255.0,10467
2021-06-14 10:00:57,28255.0,10467
2021-06-14 10:00:58,28255.0,10467
2021-06-14 10:00:59,28255.0,10467
2021-06-14 10:01:00,28255.0,10467
2021-06-14 10:01:01,28255.0,10467
2021-06-14 10:01:03,28255.0,10467
2021-06-14 10:01:04,28255.0,10467
2021-06-14 10:01:05,28277.0,10469
2021-06-14 10:01:06,28277.0,10469
2021-06-14 10:01:06,28277.0,10469
2021-06-14 10:01:07,28257.5,10471
2021-06-14 10:01:08,28257.5,10471
2021-06-14 10:01:09,28257.5,10471
2021-06-14 10:01:10,28257.5,10471
2021-06-14 10:01:11,28257.5,10472
2021-06-14 10:01:12,28257.5,10472
2021-06-14 10:01:14,28257.5,10472
2021-06-14 10:01:15,28257.5,10472
2021-06-14 10:01:16,28257.5,10472
2021-06-14 10:01:17,28257.5,10472
2021-06-14 10:01:19,28257.5,10472
2021-06-14 10:01:20,28257.5,10472
2021-06-14 10:01:22,28257.5,10472
2021-06-14 10:01:24,28257.5,10472
2021-06-14 10:01:25,28257.5,10472
2021-06-14 10:01:25,28257.5,10472
2021-06-14 10:01:26,28257.5,10472
2021-06-14 10:01:27,28257.5,10472
2021-06-14 10:01:28,28257.5,10472
2021-06-14 10:01:29,28257.5,10472
2021-06-14 10:01:30,28276.95,10473
2021-06-14 10:01:32,28276.95,10473
2021-06-14 10:01:33,28276.95,10473
2021-06-14 10:01:33,28276.95,10473
2021-06-14 10:01:35,28276.95,10473
2021-06-14 10:01:37,28276.95,10473
2021-06-14 10:01:38,28276.95,10473
2021-06-14 10:01:39,28260.1,10474
2021-06-14 10:01:40,28260.1,10474
2021-06-14 10:01:41,28276.95,10479
2021-06-14 10:01:42,28276.95,10479
2021-06-14 10:01:43,28276.65,10482
2021-06-14 10:01:44,28276.65,10482
2021-06-14 10:01:45,28276.65,10482
2021-06-14 10:01:47,28276.65,10482
2021-06-14 10:01:48,28276.65,10482
2021-06-14 10:01:48,28274.0,10483
2021-06-14 10:01:49,28276.6,10490
2021-06-14 10:01:52,28276.6,10491
2021-06-14 10:01:53,28276.6,10491
2021-06-14 10:01:53,28276.6,10491
2021-06-14 10:01:54,28276.6,10491
2021-06-14 10:01:55,28276.6,10491
2021-06-14 10:01:56,28261.75,10492
2021-06-14 10:01:57,28275.0,10493
2021-06-14 10:01:58,28275.0,10494
2021-06-14 10:01:59,28275.0,10494
2021-06-14 10:02:00,28274.0,10495
2021-06-14 10:02:01,28274.0,10495
2021-06-14 10:02:03,28274.0,10495
2021-06-14 10:02:06,28274.0,10495
2021-06-14 10:02:08,28274.0,10495
2021-06-14 10:02:09,28265.0,10548
2021-06-14 10:02:09,28265.0,10548
2021-06-14 10:02:10,28265.0,10548
2021-06-14 10:02:12,28261.7,10549
2021-06-14 10:02:14,28242.0,10554
2021-06-14 10:02:15,28237.65,10555
2021-06-14 10:02:17,28237.5,10558
2021-06-14 10:02:18,28237.5,10558
2021-06-14 10:02:19,28237.5,10558
2021-06-14 10:02:20,28237.5,10558
2021-06-14 10:02:20,28237.5,10558
2021-06-14 10:02:21,28237.5,10558
2021-06-14 10:02:22,28237.5,10558
2021-06-14 10:02:23,28237.35,10559
2021-06-14 10:02:24,28237.35,10559
2021-06-14 10:02:25,28235.0,10560
2021-06-14 10:02:26,28235.0,10560
2021-06-14 10:02:29,28235.0,10560
2021-06-14 10:02:29,28235.0,10560
2021-06-14 10:02:30,28235.0,10560
2021-06-14 10:02:31,28235.0,10560
2021-06-14 10:02:32,28227.35,10561
2021-06-14 10:02:33,28235.0,10568
2021-06-14 10:02:35,28236.95,10570
2021-06-14 10:02:36,28237.0,10595
2021-06-14 10:02:37,28239.7,10652
2021-06-14 10:02:38,28235.0,10657
2021-06-14 10:02:38,28225.05,10662
2021-06-14 10:02:39,28225.05,10662
2021-06-14 10:02:40,28225.05,10662
2021-06-14 10:02:41,28225.05,10662
2021-06-14 10:02:42,28225.05,10662
2021-06-14 10:02:43,28225.05,10662
2021-06-14 10:02:49,28222.0,10682
2021-06-14 10:02:54,28225.05,10683
2021-06-14 10:02:59,28230.0,10685
2021-06-14 10:03:04,28222.0,10687
2021-06-14 10:03:09,28225.35,10690
2021-06-14 10:03:14,28225.35,10690
2021-06-14 10:03:19,28210.0,10796
2021-06-14 10:03:30,28210.0,10809
2021-06-14 10:03:36,28202.8,10810
2021-06-14 10:03:41,28202.8,10810
2021-06-14 10:03:46,28202.8,10812
2021-06-14 10:03:52,28195.0,10833
2021-06-14 10:03:57,28180.0,10846
2021-06-14 10:04:02,28180.0,10849
2021-06-14 10:04:07,28168.5,10863
2021-06-14 10:04:12,28168.0,10883
2021-06-14 10:04:17,28168.0,10884
2021-06-14 10:04:22,28201.95,10907
2021-06-14 10:04:27,28201.95,10907
2021-06-14 10:04:32,28185.0,10910
2021-06-14 10:04:42,28195.85,10913
2021-06-14 10:04:47,28195.85,10914
2021-06-14 10:04:52,28185.0,10915
2021-06-14 10:04:57,28199.85,10930
2021-06-14 10:05:02,28199.85,10930
2021-06-14 10:05:07,28213.9,10978
2021-06-14 10:05:12,28235.0,10979
2021-06-14 10:05:17,28235.0,10981
2021-06-14 10:05:22,28237.6,10982
2021-06-14 10:05:27,28237.6,10982
2021-06-14 10:05:32,28250.0,10994
2021-06-14 10:05:37,28250.0,10995
2021-06-14 10:05:42,28250.0,11000
2021-06-14 10:05:47,28250.0,11002
2021-06-14 10:05:52,28250.0,11002
2021-06-14 10:05:56,28237.0,11007
2021-06-14 10:06:01,28230.0,11013
2021-06-14 10:06:06,28239.6,11038
2021-06-14 10:06:12,28239.6,11038
2021-06-14 10:06:17,28239.6,11038
2021-06-14 10:06:22,28229.4,11040
2021-06-14 10:06:27,28229.4,11040
2021-06-14 10:06:32,28229.4,11040
2021-06-14 10:06:36,28229.4,11040
2021-06-14 10:06:41,28217.5,11041
2021-06-14 10:06:45,28215.3,11045
2021-06-14 10:06:50,28215.3,11045
2021-06-14 10:06:55,28215.3,11045
2021-06-14 10:07:00,28238.0,11046
2021-06-14 10:07:05,28237.4,11048
2021-06-14 10:07:11,28237.4,11048
2021-06-14 10:07:16,28227.5,11049
2021-06-14 10:07:22,28227.5,11051
2021-06-14 10:07:27,28227.5,11051
2021-06-14 10:07:33,28230.0,11052
2021-06-14 10:07:38,28230.0,11052
2021-06-14 10:07:43,28230.0,11052
2021-06-14 10:07:44,28230.0,11052
2021-06-14 10:07:46,28230.0,11052
2021-06-14 10:07:47,28230.0,11052
2021-06-14 10:07:48,28230.0,11052
2021-06-14 10:07:50,28230.0,11052
2021-06-14 10:07:51,28222.0,11072
2021-06-14 10:07:52,28222.0,11072
2021-06-14 10:07:56,28230.0,11073
2021-06-14 10:07:57,28240.0,11076
2021-06-14 10:07:58,28240.0,11076
2021-06-14 10:07:59,28230.65,11077
2021-06-14 10:08:00,28230.65,11077
2021-06-14 10:08:01,28230.65,11077
2021-06-14 10:08:02,28230.65,11077
2021-06-14 10:08:03,28230.65,11077
2021-06-14 10:08:04,28240.0,11081
2021-06-14 10:08:05,28240.0,11081
2021-06-14 10:08:06,28240.0,11083
2021-06-14 10:08:07,28240.0,11083
2021-06-14 10:08:08,28240.0,11083
2021-06-14 10:08:10,28240.0,11083
2021-06-14 10:08:11,28240.0,11083
2021-06-14 10:08:12,28240.0,11083
2021-06-14 10:08:13,28240.0,11083
2021-06-14 10:08:15,28240.0,11083
2021-06-14 10:08:16,28240.0,11083
2021-06-14 10:08:17,28240.0,11083
2021-06-14 10:08:19,28240.0,11083
2021-06-14 10:08:21,28240.0,11083
2021-06-14 10:08:22,28240.0,11083
2021-06-14 10:08:24,28240.0,11083
2021-06-14 10:08:25,28240.0,11083
2021-06-14 10:08:26,28240.0,11083
2021-06-14 10:08:28,28240.0,11083
2021-06-14 10:08:29,28239.95,11085
2021-06-14 10:08:30,28239.95,11085
2021-06-14 10:08:31,28240.0,11089
2021-06-14 10:08:32,28240.0,11089
2021-06-14 10:08:33,28240.0,11089
2021-06-14 10:08:34,28240.0,11089
2021-06-14 10:08:38,28238.4,11090
2021-06-14 10:08:41,28240.0,11092
2021-06-14 10:08:43,28240.0,11092
2021-06-14 10:08:44,28247.75,11093
2021-06-14 10:08:45,28249.95,11129
2021-06-14 10:08:46,28249.95,11129
2021-06-14 10:08:47,28249.95,11129
2021-06-14 10:08:50,28254.8,11176
2021-06-14 10:08:49,28254.85,11137
2021-06-14 10:08:51,28250.0,11177
2021-06-14 10:08:52,28250.0,11177
2021-06-14 10:08:53,28264.9,11178
2021-06-14 10:08:54,28264.9,11178
2021-06-14 10:08:56,28250.0,11182
2021-06-14 10:08:57,28250.0,11182
2021-06-14 10:08:59,28250.0,11182
2021-06-14 10:09:00,28250.0,11182
2021-06-14 10:09:01,28250.0,11182
2021-06-14 10:09:03,28250.0,11182
2021-06-14 10:09:04,28250.0,11182
2021-06-14 10:09:05,28250.0,11182
2021-06-14 10:09:06,28250.0,11182
2021-06-14 10:09:08,28250.0,11182
2021-06-14 10:09:09,28250.0,11182
2021-06-14 10:09:10,28250.0,11182
2021-06-14 10:09:11,28250.0,11182
2021-06-14 10:09:12,28250.0,11182
2021-06-14 10:09:13,28250.0,11182
2021-06-14 10:09:14,28250.0,11182
2021-06-14 10:09:16,28250.0,11182
2021-06-14 10:09:18,28250.0,11182
2021-06-14 10:09:19,28250.0,11184
2021-06-14 10:09:20,28250.0,11184
2021-06-14 10:09:21,28250.0,11184
2021-06-14 10:09:22,28250.0,11184
2021-06-14 10:09:23,28250.0,11184
2021-06-14 10:09:24,28249.95,11185
2021-06-14 10:09:25,28249.95,11185
2021-06-14 10:09:29,28249.95,11185
2021-06-14 10:09:30,28249.95,11185
2021-06-14 10:09:31,28249.95,11185
2021-06-14 10:09:32,28249.95,11185
2021-06-14 10:09:33,28249.95,11185
2021-06-14 10:09:34,28249.95,11185
2021-06-14 10:09:35,28249.95,11186
2021-06-14 10:09:36,28249.95,11186
2021-06-14 10:09:37,28249.95,11186
2021-06-14 10:09:38,28249.95,11186
2021-06-14 10:09:39,28249.95,11186
2021-06-14 10:09:40,28249.95,11186
2021-06-14 10:09:41,28249.95,11186
2021-06-14 10:09:42,28249.95,11186
2021-06-14 10:09:43,28257.4,11187
2021-06-14 10:09:44,28257.4,11187
2021-06-14 10:09:45,28257.4,11187
2021-06-14 10:09:46,28257.4,11187
2021-06-14 10:09:47,28257.4,11196
2021-06-14 10:09:48,28257.4,11196
2021-06-14 10:09:49,28257.4,11196
2021-06-14 10:09:50,28257.4,11196
2021-06-14 10:09:51,28257.4,11196
2021-06-14 10:09:52,28257.4,11196
2021-06-14 10:09:53,28257.4,11196
2021-06-14 10:09:54,28257.4,11196
2021-06-14 10:09:55,28257.4,11196
2021-06-14 10:09:57,28260.0,11201
2021-06-14 10:09:58,28260.0,11201
2021-06-14 10:09:59,28260.0,11201
2021-06-14 10:10:00,28260.0,11201
2021-06-14 10:10:01,28260.0,11201
2021-06-14 10:10:02,28260.0,11201
2021-06-14 10:10:05,28260.0,11201
2021-06-14 10:10:06,28260.0,11201
2021-06-14 10:10:08,28260.0,11201
2021-06-14 10:10:09,28260.0,11201
2021-06-14 10:10:10,28260.0,11201
2021-06-14 10:10:12,28260.0,11201
2021-06-14 10:10:13,28260.0,11201
2021-06-14 10:10:15,28251.0,11202
2021-06-14 10:10:16,28251.0,11202
2021-06-14 10:10:17,28251.0,11202
2021-06-14 10:10:19,28251.0,11202
2021-06-14 10:10:21,28251.0,11202
2021-06-14 10:10:22,28259.0,11204
2021-06-14 10:10:23,28275.9,11252
2021-06-14 10:10:24,28275.9,11252
2021-06-14 10:10:25,28275.9,11252
2021-06-14 10:10:26,28275.9,11252
2021-06-14 10:10:27,28275.9,11252
2021-06-14 10:10:29,28276.95,11254
2021-06-14 10:10:29,28276.95,11254
2021-06-14 10:10:30,28276.95,11254
2021-06-14 10:10:31,28276.95,11254
2021-06-14 10:10:32,28276.95,11254
2021-06-14 10:10:34,28264.0,11261
2021-06-14 10:10:33,28264.0,11261
2021-06-14 10:10:35,28264.0,11261
2021-06-14 10:10:36,28264.0,11261
2021-06-14 10:10:39,28262.6,11265
2021-06-14 10:10:42,28262.6,11266
2021-06-14 10:10:42,28275.0,11271
2021-06-14 10:10:43,28275.0,11271
2021-06-14 10:10:44,28275.0,11271
2021-06-14 10:10:45,28259.4,11280
2021-06-14 10:10:46,28259.4,11280
2021-06-14 10:10:47,28259.4,11280
2021-06-14 10:10:48,28259.4,11280
2021-06-14 10:10:49,28285.4,11339
2021-06-14 10:10:50,28267.5,11340
2021-06-14 10:10:51,28267.5,11340
2021-06-14 10:10:53,28267.5,11340
2021-06-14 10:10:54,28267.5,11340
2021-06-14 10:10:55,28267.5,11340
2021-06-14 10:10:56,28267.5,11340
2021-06-14 10:10:57,28267.5,11340
2021-06-14 10:10:58,28267.5,11340
2021-06-14 10:11:00,28267.5,11340
2021-06-14 10:11:01,28267.5,11340
2021-06-14 10:11:02,28267.5,11340
2021-06-14 10:11:03,28267.5,11340
2021-06-14 10:11:05,28267.5,11340
2021-06-14 10:11:06,28267.5,11340
2021-06-14 10:11:07,28267.5,11340
2021-06-14 10:11:08,28267.5,11340
2021-06-14 10:11:10,28267.5,11340
2021-06-14 10:11:10,28267.5,11340
2021-06-14 10:11:12,28267.5,11340
2021-06-14 10:11:12,28267.5,11340
2021-06-14 10:11:14,28274.0,11342
2021-06-14 10:11:15,28274.0,11342
2021-06-14 10:11:17,28274.0,11342
2021-06-14 10:11:18,28292.2,11388
2021-06-14 10:11:18,28292.2,11388
2021-06-14 10:11:20,28292.2,11388
2021-06-14 10:11:21,28292.2,11388
2021-06-14 10:11:22,28292.2,11388
2021-06-14 10:11:22,28292.2,11388
2021-06-14 10:11:24,28292.2,11388
2021-06-14 10:11:24,28292.2,11388
2021-06-14 10:11:25,28290.0,11392
2021-06-14 10:11:26,28290.0,11392
2021-06-14 10:11:28,28290.0,11392
2021-06-14 10:11:28,28290.0,11392
2021-06-14 10:11:31,28290.0,11392
2021-06-14 10:11:31,28290.0,11392
2021-06-14 10:11:32,28275.0,11397
2021-06-14 10:11:33,28275.0,11397
2021-06-14 10:11:35,28275.0,11397
2021-06-14 10:11:36,28275.0,11397
2021-06-14 10:11:38,28275.0,11397
2021-06-14 10:11:39,28295.0,11461
2021-06-14 10:11:40,28295.0,11461
2021-06-14 10:11:41,28295.0,11461
2021-06-14 10:11:42,28295.0,11461
2021-06-14 10:11:43,28295.0,11461
2021-06-14 10:11:45,28295.0,11461
2021-06-14 10:11:46,28295.0,11461
2021-06-14 10:11:47,28295.0,11461
2021-06-14 10:11:47,28312.4,11476
2021-06-14 10:11:48,28312.4,11476
2021-06-14 10:11:49,28312.4,11476
2021-06-14 10:11:51,28312.4,11476
2021-06-14 10:11:53,28312.4,11476
2021-06-14 10:11:55,28312.4,11476
2021-06-14 10:11:56,28300.0,11493
2021-06-14 10:11:57,28305.0,11498
2021-06-14 10:11:57,28305.0,11498
2021-06-14 10:11:58,28300.0,11500
2021-06-14 10:11:59,28300.0,11500
2021-06-14 10:12:00,28300.0,11500
2021-06-14 10:12:01,28300.0,11500
2021-06-14 10:12:02,28300.0,11500
2021-06-14 10:12:03,28317.45,11530
2021-06-14 10:12:04,28317.45,11530
2021-06-14 10:12:05,28307.5,11534
2021-06-14 10:12:07,28290.3,11536
2021-06-14 10:12:09,28300.0,11550
2021-06-14 10:12:10,28300.0,11550
2021-06-14 10:12:11,28300.0,11550
2021-06-14 10:12:12,28289.0,11551
2021-06-14 10:12:13,28290.3,11552
2021-06-14 10:12:14,28309.95,11555
2021-06-14 10:12:17,28309.95,11555
2021-06-14 10:12:18,28309.95,11555
2021-06-14 10:12:18,28309.85,11556
2021-06-14 10:12:19,28309.85,11556
2021-06-14 10:12:20,28309.85,11556
2021-06-14 10:12:21,28309.75,11567
2021-06-14 10:12:22,28300.0,11576
2021-06-14 10:12:24,28309.6,11578
2021-06-14 10:12:27,28309.6,11578
2021-06-14 10:12:28,28309.85,11580
2021-06-14 10:12:29,28314.8,11583
2021-06-14 10:12:30,28314.8,11583
2021-06-14 10:12:32,28314.8,11583
2021-06-14 10:12:33,28309.6,11584
2021-06-14 10:12:34,28307.5,11589
2021-06-14 10:12:36,28307.5,11589
2021-06-14 10:12:37,28307.5,11589
2021-06-14 10:12:38,28307.5,11589
2021-06-14 10:12:40,28307.5,11589
2021-06-14 10:12:41,28307.5,11589
2021-06-14 10:12:42,28307.5,11589
2021-06-14 10:12:43,28307.5,11589
2021-06-14 10:12:44,28307.5,11589
2021-06-14 10:12:47,28307.5,11597
2021-06-14 10:12:52,28313.95,11610
2021-06-14 10:12:57,28301.0,11651
2021-06-14 10:13:01,28319.95,11662
2021-06-14 10:13:10,28318.8,11676
2021-06-14 10:13:15,28290.0,11738
2021-06-14 10:13:19,28290.05,11744
2021-06-14 10:13:23,28290.0,11754
2021-06-14 10:13:27,28290.0,11754
2021-06-14 10:13:32,28299.9,11756
2021-06-14 10:13:36,28299.9,11756
2021-06-14 10:13:41,28295.0,11759
2021-06-14 10:13:45,28297.5,11796
2021-06-14 10:13:50,28297.5,11796
2021-06-14 10:13:55,28291.05,11797
2021-06-14 10:14:03,28295.0,11803
2021-06-14 10:14:08,28295.0,11803
2021-06-14 10:14:12,28295.0,11830
2021-06-14 10:14:16,28295.0,11835
2021-06-14 10:14:25,28295.0,11851
2021-06-14 10:14:29,28295.0,11853
2021-06-14 10:14:34,28295.0,11853
2021-06-14 10:14:39,28295.0,11856
2021-06-14 10:14:44,28300.0,12046
2021-06-14 10:14:48,28285.0,12056
2021-06-14 10:14:53,28285.0,12056
2021-06-14 10:14:58,28290.0,12057
2021-06-14 10:15:03,28285.0,12058
2021-06-14 10:15:08,28298.8,12064
2021-06-14 10:15:18,28285.0,12067
2021-06-14 10:15:23,28299.0,12072
2021-06-14 10:15:28,28285.0,12073
2021-06-14 10:15:33,28285.0,12073
2021-06-14 10:15:38,28285.0,12073
2021-06-14 10:15:42,28285.0,12075
2021-06-14 10:15:47,28285.0,12075
2021-06-14 10:15:51,28285.0,12078
2021-06-14 10:15:56,28294.55,12084
2021-06-14 10:16:06,28294.55,12084
2021-06-14 10:16:11,28285.0,12086
2021-06-14 10:16:15,28285.0,12091
2021-06-14 10:16:20,28285.0,12103
2021-06-14 10:16:25,28275.0,12106
2021-06-14 10:16:30,28270.0,12111
2021-06-14 10:16:35,28270.0,12113
2021-06-14 10:16:39,28262.5,12116
2021-06-14 10:16:44,28262.5,12116
2021-06-14 10:16:57,28266.15,12121
2021-06-14 10:17:01,28266.15,12121
2021-06-14 10:17:06,28262.5,12122
2021-06-14 10:17:10,28262.5,12131
2021-06-14 10:17:15,28264.9,12144
2021-06-14 10:17:20,28245.15,12188
2021-06-14 10:17:25,28240.0,12228
2021-06-14 10:17:30,28240.0,12228
2021-06-14 10:17:34,28240.0,12228
2021-06-14 10:17:39,28251.85,12239
2021-06-14 10:17:43,28240.0,12240
2021-06-14 10:17:44,28240.0,12240
2021-06-14 10:17:45,28240.0,12240
2021-06-14 10:17:47,28240.0,12240
2021-06-14 10:17:48,28240.0,12240
2021-06-14 10:17:49,28237.5,12241
2021-06-14 10:17:49,28237.5,12241
2021-06-14 10:17:50,28237.5,12241
2021-06-14 10:17:51,28237.5,12241
2021-06-14 10:17:53,28220.8,12244
2021-06-14 10:17:53,28220.8,12244
2021-06-14 10:17:54,28220.8,12244
2021-06-14 10:17:56,28220.8,12244
2021-06-14 10:17:56,28220.8,12244
2021-06-14 10:17:57,28220.8,12244
2021-06-14 10:17:59,28220.8,12244
2021-06-14 10:18:00,28220.8,12244
2021-06-14 10:18:01,28220.8,12244
2021-06-14 10:18:02,28220.8,12244
2021-06-14 10:18:02,28220.8,12244
2021-06-14 10:18:03,28237.5,12245
2021-06-14 10:18:04,28220.05,12251
2021-06-14 10:18:06,28220.05,12251
2021-06-14 10:18:07,28220.05,12251
2021-06-14 10:18:09,28235.0,12254
2021-06-14 10:18:10,28235.0,12254
2021-06-14 10:18:11,28235.0,12254
2021-06-14 10:18:12,28235.0,12254
2021-06-14 10:18:13,28220.05,12255
2021-06-14 10:18:15,28220.05,12255
2021-06-14 10:18:16,28220.05,12257
2021-06-14 10:18:17,28234.95,12260
2021-06-14 10:18:17,28234.95,12260
2021-06-14 10:18:18,28234.95,12260
2021-06-14 10:18:19,28220.1,12262
2021-06-14 10:18:21,28220.1,12262
2021-06-14 10:18:21,28195.0,12467
2021-06-14 10:18:22,28172.05,12478
2021-06-14 10:18:23,28172.05,12478
2021-06-14 10:18:24,28172.05,12478
2021-06-14 10:18:25,28197.45,12483
2021-06-14 10:18:26,28195.0,12484
2021-06-14 10:18:28,28199.9,12489
2021-06-14 10:18:29,28199.9,12489
2021-06-14 10:18:30,28199.9,12489
2021-06-14 10:18:31,28199.9,12489
2021-06-14 10:18:32,28200.0,12570
2021-06-14 10:18:33,28192.5,12661
2021-06-14 10:18:34,28192.5,12661
2021-06-14 10:18:35,28192.5,12661
2021-06-14 10:18:36,28192.5,12661
2021-06-14 10:18:36,28192.5,12661
2021-06-14 10:18:37,28192.5,12661
2021-06-14 10:18:38,28176.2,12662
2021-06-14 10:18:41,28190.05,12691
2021-06-14 10:18:42,28190.05,12691
2021-06-14 10:18:44,28187.5,12793
2021-06-14 10:18:45,28200.0,12914
2021-06-14 10:18:46,28200.0,12914
2021-06-14 10:18:47,28200.0,12914
2021-06-14 10:18:48,28187.5,12915
2021-06-14 10:18:50,28187.5,12915
2021-06-14 10:18:51,28187.5,12915
2021-06-14 10:18:52,28187.5,12915
2021-06-14 10:18:53,28187.5,12915
2021-06-14 10:18:54,28187.5,12915
2021-06-14 10:18:55,28187.5,12916
2021-06-14 10:18:56,28187.5,12916
2021-06-14 10:18:57,28187.5,12916
2021-06-14 10:18:58,28192.55,12918
2021-06-14 10:18:59,28192.55,12918
2021-06-14 10:19:00,28192.55,12918
2021-06-14 10:19:01,28200.0,12932
2021-06-14 10:19:02,28200.0,12932
2021-06-14 10:19:03,28200.0,12932
2021-06-14 10:19:04,28200.0,12932
2021-06-14 10:19:05,28189.5,13019
2021-06-14 10:19:06,28200.0,13026
2021-06-14 10:19:07,28200.0,13026
2021-06-14 10:19:08,28200.0,13026
2021-06-14 10:19:09,28189.95,13030
2021-06-14 10:19:10,28189.95,13030
2021-06-14 10:19:11,28187.55,13048
2021-06-14 10:19:12,28187.55,13048
2021-06-14 10:19:13,28200.0,13049
2021-06-14 10:19:14,28200.0,13049
2021-06-14 10:19:15,28184.25,13050
2021-06-14 10:19:16,28184.25,13050
2021-06-14 10:19:17,28184.25,13050
2021-06-14 10:19:18,28190.0,13051
2021-06-14 10:19:19,28190.0,13051
2021-06-14 10:19:20,28190.0,13051
2021-06-14 10:19:21,28190.0,13051
2021-06-14 10:19:22,28190.0,13051
2021-06-14 10:19:23,28200.0,13052
2021-06-14 10:19:24,28200.0,13052
2021-06-14 10:19:26,28200.0,13052
2021-06-14 10:19:25,28200.0,13052
2021-06-14 10:19:27,28200.0,13052
2021-06-14 10:19:28,28187.8,13054
2021-06-14 10:19:29,28187.5,13055
2021-06-14 10:19:30,28187.5,13055
2021-06-14 10:19:31,28185.0,13085
2021-06-14 10:19:32,28187.0,13090
2021-06-14 10:19:33,28187.0,13090
2021-06-14 10:19:34,28187.0,13090
2021-06-14 10:19:35,28187.45,13092
2021-06-14 10:19:37,28150.0,13352
2021-06-14 10:19:36,28140.0,13313
2021-06-14 10:19:38,28150.0,13352
2021-06-14 10:19:39,28150.0,13361
2021-06-14 10:19:40,28150.0,13364
2021-06-14 10:19:41,28150.0,13364
2021-06-14 10:19:42,28150.0,13364
2021-06-14 10:19:43,28150.0,13364
2021-06-14 10:19:45,28150.0,13364
2021-06-14 10:19:46,28150.0,13367
2021-06-14 10:19:47,28150.0,13367
2021-06-14 10:19:48,28136.9,13377
2021-06-14 10:19:49,28136.9,13377
2021-06-14 10:19:50,28136.9,13377
2021-06-14 10:19:51,28136.9,13377
2021-06-14 10:19:52,28136.9,13377
2021-06-14 10:19:53,28136.9,13377
2021-06-14 10:19:54,28135.0,13388
2021-06-14 10:19:56,28120.05,13408
2021-06-14 10:19:57,28120.05,13408
2021-06-14 10:19:58,28120.0,13413
2021-06-14 10:19:59,28110.15,13414
2021-06-14 10:20:01,28107.5,13422
2021-06-14 10:20:02,28107.5,13423
2021-06-14 10:20:03,28130.0,13432
2021-06-14 10:20:04,28130.0,13432
2021-06-14 10:20:06,28118.05,13442
2021-06-14 10:20:08,28091.15,13515
2021-06-14 10:20:09,28091.15,13515
2021-06-14 10:20:10,28091.15,13515
2021-06-14 10:20:11,28119.1,13522
2021-06-14 10:20:12,28089.95,13546
2021-06-14 10:20:13,28089.95,13546
2021-06-14 10:20:14,28102.5,13547
2021-06-14 10:20:15,28107.4,13551
2021-06-14 10:20:16,28107.4,13551
2021-06-14 10:20:17,28110.0,13556
2021-06-14 10:20:18,28123.1,13559
2021-06-14 10:20:19,28120.1,13560
2021-06-14 10:20:20,28120.1,13560
2021-06-14 10:20:21,28120.1,13560
2021-06-14 10:20:22,28120.1,13560
2021-06-14 10:20:23,28120.1,13560
2021-06-14 10:20:25,28120.1,13560
2021-06-14 10:20:26,28120.1,13560
2021-06-14 10:20:27,28119.95,13566
2021-06-14 10:20:28,28119.95,13566
2021-06-14 10:20:29,28111.1,13567
2021-06-14 10:20:31,28111.1,13567
2021-06-14 10:20:32,28111.1,13567
2021-06-14 10:20:33,28111.1,13567
2021-06-14 10:20:34,28111.1,13567
2021-06-14 10:20:35,28111.1,13567
2021-06-14 10:20:36,28111.1,13567
2021-06-14 10:20:37,28111.1,13567
2021-06-14 10:20:38,28132.4,13569
2021-06-14 10:20:39,28139.35,13574
2021-06-14 10:20:40,28139.35,13574
2021-06-14 10:20:41,28135.0,13583
2021-06-14 10:20:42,28135.0,13583
2021-06-14 10:20:43,28135.0,13583
2021-06-14 10:20:45,28135.0,13583
2021-06-14 10:20:46,28135.0,13583
2021-06-14 10:20:47,28115.0,13622
2021-06-14 10:20:48,28115.0,13622
2021-06-14 10:20:49,28115.0,13622
2021-06-14 10:20:50,28115.0,13622
2021-06-14 10:20:52,28144.95,13901
2021-06-14 10:20:53,28144.95,13901
2021-06-14 10:20:53,28140.95,13903
2021-06-14 10:20:54,28140.95,13903
2021-06-14 10:20:56,28140.95,13903
2021-06-14 10:20:57,28140.95,13903
2021-06-14 10:20:58,28140.95,13903
2021-06-14 10:20:59,28140.95,13903
2021-06-14 10:20:59,28140.95,13903
2021-06-14 10:21:00,28150.0,13941
2021-06-14 10:21:01,28150.0,13941
2021-06-14 10:21:03,28150.0,13941
2021-06-14 10:21:03,28150.0,13941
2021-06-14 10:21:05,28100.0,14569
2021-06-14 10:21:06,28100.0,14571
2021-06-14 10:21:07,28100.0,14577
2021-06-14 10:21:08,28100.0,14578
2021-06-14 10:21:09,28100.0,14578
2021-06-14 10:21:11,28100.0,14581
2021-06-14 10:21:13,28100.0,14581
2021-06-14 10:21:13,28100.0,14581
2021-06-14 10:21:15,28100.0,14582
2021-06-14 10:21:16,28100.0,14582
2021-06-14 10:21:17,28100.0,14584
2021-06-14 10:21:18,28100.0,14595
2021-06-14 10:21:19,28100.0,14605
2021-06-14 10:21:20,28100.0,14605
2021-06-14 10:21:21,28100.0,14605
2021-06-14 10:21:22,28100.0,14605
2021-06-14 10:21:23,28091.0,14608
2021-06-14 10:21:24,28091.0,14608
2021-06-14 10:21:25,28091.0,14608
2021-06-14 10:21:26,28091.0,14608
2021-06-14 10:21:27,28091.0,14608
2021-06-14 10:21:28,28100.0,14609
2021-06-14 10:21:29,28100.0,14609
2021-06-14 10:21:30,28087.05,14612
2021-06-14 10:21:31,28087.05,14612
2021-06-14 10:21:32,28087.05,14612
2021-06-14 10:21:33,28087.05,14612
2021-06-14 10:21:34,28083.05,14622
2021-06-14 10:21:35,28083.05,14622
2021-06-14 10:21:36,28083.05,14622
2021-06-14 10:21:37,28083.05,14622
2021-06-14 10:21:38,28083.05,14622
2021-06-14 10:21:39,28080.2,14623
2021-06-14 10:21:40,28080.2,14623
2021-06-14 10:21:41,28090.0,14625
2021-06-14 10:21:43,28080.05,14626
2021-06-14 10:21:44,28080.05,14628
2021-06-14 10:21:45,28080.05,14628
2021-06-14 10:21:47,28080.05,14629
2021-06-14 10:21:48,28080.05,14629
2021-06-14 10:21:48,28080.05,14629
2021-06-14 10:21:49,28080.05,14629
2021-06-14 10:21:50,28080.05,14629
2021-06-14 10:21:51,28080.05,14629
2021-06-14 10:21:52,28080.05,14629
2021-06-14 10:21:53,28080.0,14644
2021-06-14 10:21:54,28080.0,14644
2021-06-14 10:21:55,28080.0,14644
2021-06-14 10:21:57,28080.0,14644
2021-06-14 10:21:57,28080.0,14644
2021-06-14 10:21:58,28080.0,14646
2021-06-14 10:21:59,28080.0,14646
2021-06-14 10:22:00,28092.5,14647
2021-06-14 10:22:01,28092.5,14651
2021-06-14 10:22:02,28092.5,14651
2021-06-14 10:22:04,28092.5,14651
2021-06-14 10:22:05,28092.5,14651
2021-06-14 10:22:06,28080.05,14652
2021-06-14 10:22:07,28060.0,14892
2021-06-14 10:22:07,28060.0,14892
2021-06-14 10:22:08,28050.4,14905
2021-06-14 10:22:09,28049.95,14954
2021-06-14 10:22:10,28049.95,14954
2021-06-14 10:22:11,28059.95,14979
2021-06-14 10:22:12,28033.15,14981
2021-06-14 10:22:13,28052.45,14982
2021-06-14 10:22:14,28032.5,14983
2021-06-14 10:22:15,28032.5,14983
2021-06-14 10:22:16,28032.5,14983
2021-06-14 10:22:18,28052.4,14985
2021-06-14 10:22:18,28052.4,14985
2021-06-14 10:22:19,28052.4,14985
2021-06-14 10:22:21,28060.0,15441
2021-06-14 10:22:21,28060.0,15441
2021-06-14 10:22:22,28040.0,15442
2021-06-14 10:22:23,28035.0,15449
2021-06-14 10:22:24,28032.5,15504
2021-06-14 10:22:25,28060.0,15579
2021-06-14 10:22:26,28006.6,15843
2021-06-14 10:22:29,28009.45,15894
2021-06-14 10:22:29,28030.05,16016
2021-06-14 10:22:30,28030.05,16016
2021-06-14 10:22:32,28028.25,16019
2021-06-14 10:22:32,28030.1,16049
2021-06-14 10:22:33,28030.1,16049
2021-06-14 10:22:34,28030.0,16064
2021-06-14 10:22:35,28030.0,16064
2021-06-14 10:22:36,28022.6,16078
2021-06-14 10:22:37,28030.1,16079
2021-06-14 10:22:40,28012.15,16102
2021-06-14 10:22:40,28012.15,16102
2021-06-14 10:22:42,28012.15,16102
2021-06-14 10:22:43,28012.15,16102
2021-06-14 10:22:44,28040.5,16112
2021-06-14 10:22:45,28040.5,16112
2021-06-14 10:22:46,28040.5,16112
2021-06-14 10:22:47,28035.0,16138
2021-06-14 10:22:48,28035.0,16138
2021-06-14 10:22:49,28035.0,16138
2021-06-14 10:22:50,27960.0,16629
2021-06-14 10:22:51,27968.35,16634
2021-06-14 10:22:52,27937.5,16660
2021-06-14 10:22:53,27937.5,16660
2021-06-14 10:22:54,27947.4,16684
2021-06-14 10:22:56,27977.4,16693
2021-06-14 10:22:57,27978.65,16697
2021-06-14 10:22:58,27978.65,16697
2021-06-14 10:22:58,27978.65,16697
2021-06-14 10:22:59,27978.65,16697
2021-06-14 10:23:00,27999.95,16698
2021-06-14 10:23:01,27999.95,16698
2021-06-14 10:23:02,27997.45,16701
2021-06-14 10:23:03,27997.45,16701
2021-06-14 10:23:05,28000.0,16706
2021-06-14 10:23:06,28000.0,16706
2021-06-14 10:23:07,27975.05,16717
2021-06-14 10:23:07,27975.05,16717
2021-06-14 10:23:08,27975.05,16717
2021-06-14 10:23:09,28000.0,16743
2021-06-14 10:23:11,28000.0,16743
2021-06-14 10:23:12,27978.7,16744
2021-06-14 10:23:13,27978.7,16744
2021-06-14 10:23:14,27964.05,16760
2021-06-14 10:23:14,27964.05,16760
2021-06-14 10:23:15,27964.05,16760
2021-06-14 10:23:16,27992.45,16761
2021-06-14 10:23:17,27992.45,16761
2021-06-14 10:23:19,27992.45,16761
2021-06-14 10:23:20,27992.45,16761
2021-06-14 10:23:21,27975.0,16785
2021-06-14 10:23:22,27975.0,16785
2021-06-14 10:23:23,27975.0,16785
2021-06-14 10:23:24,27980.0,16788
2021-06-14 10:23:24,27980.0,16788
2021-06-14 10:23:25,27980.0,16788
2021-06-14 10:23:26,27999.9,16789
2021-06-14 10:23:27,27999.9,16789
2021-06-14 10:23:29,27980.0,16819
2021-06-14 10:23:30,27980.0,16819
2021-06-14 10:23:30,27980.0,16819
2021-06-14 10:23:32,27978.7,16874
2021-06-14 10:23:33,27969.95,16875
2021-06-14 10:23:34,27969.95,16875
2021-06-14 10:23:34,27969.95,16875
2021-06-14 10:23:35,27969.95,16875
2021-06-14 10:23:36,27969.0,16881
2021-06-14 10:23:38,27975.0,16883
2021-06-14 10:23:39,27974.95,16884
2021-06-14 10:23:40,27974.95,16884
2021-06-14 10:23:41,27960.15,16940
2021-06-14 10:23:41,27965.0,16943
2021-06-14 10:23:42,27969.0,16958
2021-06-14 10:23:43,27962.7,16961
2021-06-14 10:23:45,27958.8,16990
2021-06-14 10:23:46,27958.8,16990
2021-06-14 10:23:49,27958.8,16990
2021-06-14 10:23:49,27979.95,16991
2021-06-14 10:23:51,27954.2,17001
2021-06-14 10:23:52,27954.2,17001
2021-06-14 10:23:53,27954.2,17001
2021-06-14 10:23:54,27954.2,17001
2021-06-14 10:23:54,27972.45,17002
2021-06-14 10:23:55,27972.45,17002
2021-06-14 10:23:57,27957.5,17009
2021-06-14 10:23:58,27974.95,17010
2021-06-14 10:23:59,27974.95,17010
2021-06-14 10:23:59,27974.95,17010
2021-06-14 10:24:00,27972.05,17171
2021-06-14 10:24:01,27984.95,17174
2021-06-14 10:24:03,27984.95,17174
2021-06-14 10:24:04,27975.0,17186
2021-06-14 10:24:04,27989.95,17180
2021-06-14 10:24:05,27975.0,17186
2021-06-14 10:24:06,27975.0,17186
2021-06-14 10:24:08,27975.0,17186
2021-06-14 10:24:10,27975.0,17186
2021-06-14 10:24:10,27975.0,17186
2021-06-14 10:24:12,27982.5,17199
2021-06-14 10:24:14,27967.5,17204
2021-06-14 10:24:15,27967.5,17204
2021-06-14 10:24:16,27967.5,17204
2021-06-14 10:24:17,27967.5,17204
2021-06-14 10:24:17,27967.5,17204
2021-06-14 10:24:18,27965.05,17221
2021-06-14 10:24:19,27965.05,17221
2021-06-14 10:24:20,27965.05,17221
2021-06-14 10:24:22,27960.1,17229
2021-06-14 10:24:23,27975.0,17230
2021-06-14 10:24:24,27975.0,17230
2021-06-14 10:24:24,27975.0,17230
2021-06-14 10:24:26,27975.0,17230
2021-06-14 10:24:27,27975.0,17230
2021-06-14 10:24:28,27975.0,17230
2021-06-14 10:24:29,27975.0,17230
2021-06-14 10:24:30,27975.0,17230
2021-06-14 10:24:31,27975.0,17230
2021-06-14 10:24:31,27975.0,17230
2021-06-14 10:24:32,27975.0,17230
2021-06-14 10:24:34,27975.0,17230
2021-06-14 10:24:35,27975.0,17230
2021-06-14 10:24:36,27975.0,17230
2021-06-14 10:24:37,27975.0,17230
2021-06-14 10:24:39,27975.0,17242
2021-06-14 10:24:41,27975.0,17242
2021-06-14 10:24:42,27975.0,17242
2021-06-14 10:24:43,27989.95,17243
2021-06-14 10:24:44,27989.95,17243
2021-06-14 10:24:44,27989.95,17243
