timestamp,ltp,volume
2021-06-14 09:15:43,713.45,14479
2021-06-14 09:15:51,715.0,16321
2021-06-14 09:15:58,715.5,18517
2021-06-14 09:16:05,715.2,20028
2021-06-14 09:16:13,715.05,21151
2021-06-14 09:16:20,714.8,22288
2021-06-14 09:16:27,714.95,22919
2021-06-14 09:16:34,714.55,23929
2021-06-14 09:16:40,715.05,24123
2021-06-14 09:16:47,715.0,24748
2021-06-14 09:16:54,714.85,25557
2021-06-14 09:17:01,714.15,26040
2021-06-14 09:17:08,714.2,28330
2021-06-14 09:17:15,713.5,29157
2021-06-14 09:17:28,712.35,33771
2021-06-14 09:17:35,713.15,34696
2021-06-14 09:17:43,713.05,36020
2021-06-14 09:17:50,712.7,38596
2021-06-14 09:17:57,713.05,39082
2021-06-14 09:18:03,713.05,39429
2021-06-14 09:18:10,713.0,54847
2021-06-14 09:18:17,713.4,55346
2021-06-14 09:18:24,713.9,56047
2021-06-14 09:18:31,714.4,56879
2021-06-14 09:18:38,714.2,58490
2021-06-14 09:18:44,714.5,58822
2021-06-14 09:18:58,713.05,59954
2021-06-14 09:19:05,712.75,65667
2021-06-14 09:19:12,711.75,71145
2021-06-14 09:19:19,712.95,80422
2021-06-14 09:19:26,714.0,82632
2021-06-14 09:19:33,714.0,83326
2021-06-14 09:19:39,714.65,87063
2021-06-14 09:19:46,713.85,92781
2021-06-14 09:19:53,713.8,99715
2021-06-14 09:20:00,715.1,110779
2021-06-14 09:20:07,714.85,112584
2021-06-14 09:20:13,714.85,113759
2021-06-14 09:20:19,713.45,116181
2021-06-14 09:20:26,714.35,117460
2021-06-14 09:20:33,714.35,117804
2021-06-14 09:20:39,714.2,118949
2021-06-14 09:20:46,713.85,119571
2021-06-14 09:20:52,713.75,119819
2021-06-14 09:20:59,713.7,120291
2021-06-14 09:21:05,713.85,122256
2021-06-14 09:21:12,713.8,122871
2021-06-14 09:21:18,713.8,123341
2021-06-14 09:21:25,713.8,123787
2021-06-14 09:21:31,713.3,124123
2021-06-14 09:21:38,713.0,124634
2021-06-14 09:21:44,713.25,125199
2021-06-14 09:21:57,713.25,128520
2021-06-14 09:22:04,712.6,128911
2021-06-14 09:22:10,712.6,129249
2021-06-14 09:22:16,712.7,129655
2021-06-14 09:22:23,712.7,129799
2021-06-14 09:22:29,713.0,130544
2021-06-14 09:22:36,712.5,131214
2021-06-14 09:22:45,711.75,135756
2021-06-14 09:22:46,712.15,136018
2021-06-14 09:22:47,712.25,136255
2021-06-14 09:22:48,711.15,136670
2021-06-14 09:22:49,711.0,137041
2021-06-14 09:22:51,710.9,137802
2021-06-14 09:22:52,710.9,137815
2021-06-14 09:22:53,710.4,138395
2021-06-14 09:22:54,710.55,140150
2021-06-14 09:22:55,711.0,140261
2021-06-14 09:22:56,710.45,140361
2021-06-14 09:22:57,710.4,140562
2021-06-14 09:22:58,710.9,140780
2021-06-14 09:22:59,710.4,141313
2021-06-14 09:23:00,710.95,141683
2021-06-14 09:23:01,710.75,141988
2021-06-14 09:23:02,711.0,142482
2021-06-14 09:23:03,711.0,142487
2021-06-14 09:23:04,711.0,142947
2021-06-14 09:23:05,711.3,143023
2021-06-14 09:23:06,711.0,143026
2021-06-14 09:23:07,712.4,144933
2021-06-14 09:23:08,712.7,145258
2021-06-14 09:23:09,712.3,145378
2021-06-14 09:23:10,711.0,147447
2021-06-14 09:23:11,711.0,148491
2021-06-14 09:23:12,711.0,148691
2021-06-14 09:23:13,711.0,148691
2021-06-14 09:23:14,711.0,148691
2021-06-14 09:23:15,711.25,148701
2021-06-14 09:23:16,711.6,148820
2021-06-14 09:23:17,711.0,148836
2021-06-14 09:23:18,711.6,148858
2021-06-14 09:23:19,711.0,149806
2021-06-14 09:23:20,711.0,149806
2021-06-14 09:23:20,711.0,149811
2021-06-14 09:23:21,711.0,149941
2021-06-14 09:23:22,711.0,149943
2021-06-14 09:23:23,711.0,150073
2021-06-14 09:23:24,711.0,150163
2021-06-14 09:23:25,711.05,150678
2021-06-14 09:23:26,711.05,150751
2021-06-14 09:23:27,711.05,150751
2021-06-14 09:23:28,711.05,150763
2021-06-14 09:23:29,711.6,150764
2021-06-14 09:23:30,711.6,150926
2021-06-14 09:23:31,711.45,151456
2021-06-14 09:23:33,711.5,151472
2021-06-14 09:23:34,711.5,151902
2021-06-14 09:23:35,711.05,151916
2021-06-14 09:23:37,711.15,152366
2021-06-14 09:23:39,711.1,152385
2021-06-14 09:23:38,711.1,152385
2021-06-14 09:23:40,711.1,152385
2021-06-14 09:23:41,711.1,152385
2021-06-14 09:23:42,711.1,152385
2021-06-14 09:23:43,711.1,152405
2021-06-14 09:23:44,711.1,152451
2021-06-14 09:23:45,711.45,154466
2021-06-14 09:23:46,711.45,154471
2021-06-14 09:23:47,711.1,154556
2021-06-14 09:23:48,711.1,154624
2021-06-14 09:23:49,711.15,154654
2021-06-14 09:23:50,711.15,154889
2021-06-14 09:23:50,711.15,154889
2021-06-14 09:23:52,711.15,154944
2021-06-14 09:23:53,711.15,154949
2021-06-14 09:23:54,711.1,155361
2021-06-14 09:23:55,711.15,155413
2021-06-14 09:23:56,711.15,155413
2021-06-14 09:23:57,711.45,155463
2021-06-14 09:23:58,711.1,155479
2021-06-14 09:23:59,711.1,155503
2021-06-14 09:24:00,711.15,155528
2021-06-14 09:24:01,711.5,155603
2021-06-14 09:24:02,711.15,155608
2021-06-14 09:24:03,711.4,155618
2021-06-14 09:24:04,711.45,155765
2021-06-14 09:24:05,711.5,155855
2021-06-14 09:24:06,711.5,155865
2021-06-14 09:24:07,711.5,156176
2021-06-14 09:24:08,711.15,156189
2021-06-14 09:24:09,711.15,156298
2021-06-14 09:24:10,710.9,162012
2021-06-14 09:24:11,710.9,162012
2021-06-14 09:24:12,710.85,162013
2021-06-14 09:24:13,710.4,162114
2021-06-14 09:24:15,710.35,162246
2021-06-14 09:24:16,710.35,162256
2021-06-14 09:24:17,710.95,162348
2021-06-14 09:24:18,711.0,162351
2021-06-14 09:24:19,710.4,162397
2021-06-14 09:24:20,710.4,162785
2021-06-14 09:24:21,710.95,162838
2021-06-14 09:24:22,710.45,162853
2021-06-14 09:24:23,710.45,162853
2021-06-14 09:24:24,710.6,171361
2021-06-14 09:24:25,710.4,171412
2021-06-14 09:24:26,710.85,171432
2021-06-14 09:24:27,710.85,171446
2021-06-14 09:24:28,710.35,171476
2021-06-14 09:24:29,710.8,171662
2021-06-14 09:24:30,710.3,171903
2021-06-14 09:24:31,710.3,171903
2021-06-14 09:24:32,710.7,171904
2021-06-14 09:24:33,710.25,172048
2021-06-14 09:24:34,710.2,172244
2021-06-14 09:24:35,710.2,172244
2021-06-14 09:24:36,710.6,172355
2021-06-14 09:24:37,710.6,172356
2021-06-14 09:24:38,710.0,175021
2021-06-14 09:24:39,710.0,175123
2021-06-14 09:24:40,710.15,175148
2021-06-14 09:24:41,709.9,175508
2021-06-14 09:24:42,709.8,176025
2021-06-14 09:24:43,710.0,176026
2021-06-14 09:24:44,710.15,176227
2021-06-14 09:24:45,710.0,176337
2021-06-14 09:24:46,710.0,176370
2021-06-14 09:24:47,710.0,176734
2021-06-14 09:24:48,710.35,176813
2021-06-14 09:24:49,710.55,177085
2021-06-14 09:24:50,710.05,177187
2021-06-14 09:24:51,709.65,177465
2021-06-14 09:24:52,710.25,177475
2021-06-14 09:24:53,710.0,177705
2021-06-14 09:24:54,709.5,177945
2021-06-14 09:24:55,710.0,178020
2021-06-14 09:24:56,710.0,178030
2021-06-14 09:24:57,710.0,178030
2021-06-14 09:24:58,709.65,178105
2021-06-14 09:24:59,709.65,178166
2021-06-14 09:25:00,709.65,178166
2021-06-14 09:25:01,709.95,178460
2021-06-14 09:25:02,709.8,178569
2021-06-14 09:25:03,709.55,178944
2021-06-14 09:25:04,710.0,178946
2021-06-14 09:25:05,710.0,179512
2021-06-14 09:25:06,710.0,179543
2021-06-14 09:25:07,709.5,179863
2021-06-14 09:25:08,710.0,179893
2021-06-14 09:25:09,709.55,180033
2021-06-14 09:25:11,709.5,180179
2021-06-14 09:25:12,709.4,180309
2021-06-14 09:25:13,709.65,180401
2021-06-14 09:25:14,709.25,180445
2021-06-14 09:25:15,709.05,181760
2021-06-14 09:25:16,709.05,181760
2021-06-14 09:25:17,709.6,181807
2021-06-14 09:25:19,709.6,185092
2021-06-14 09:25:18,709.55,183251
2021-06-14 09:25:20,710.1,185224
2021-06-14 09:25:21,709.7,185233
2021-06-14 09:25:22,709.7,185269
2021-06-14 09:25:23,709.7,185329
2021-06-14 09:25:24,710.0,185679
2021-06-14 09:25:25,709.7,185824
2021-06-14 09:25:26,710.1,185835
2021-06-14 09:25:27,709.75,185977
2021-06-14 09:25:28,709.7,186343
2021-06-14 09:25:29,709.7,186343
2021-06-14 09:25:30,709.7,186749
2021-06-14 09:25:31,710.15,186770
2021-06-14 09:25:32,710.15,186785
2021-06-14 09:25:33,710.0,186810
2021-06-14 09:25:34,709.7,187161
2021-06-14 09:25:36,709.7,187476
2021-06-14 09:25:35,710.1,187441
2021-06-14 09:25:37,709.7,187556
2021-06-14 09:25:38,709.7,187606
2021-06-14 09:25:39,709.7,189224
2021-06-14 09:25:40,709.0,189637
2021-06-14 09:25:41,710.0,193711
2021-06-14 09:25:42,709.6,194630
2021-06-14 09:25:43,709.6,194713
2021-06-14 09:25:44,709.15,194803
2021-06-14 09:25:45,709.15,194843
2021-06-14 09:25:46,709.15,194885
2021-06-14 09:25:47,709.7,194905
2021-06-14 09:25:48,709.95,195166
2021-06-14 09:25:49,710.0,195186
2021-06-14 09:25:50,710.0,195196
2021-06-14 09:25:51,709.7,195260
2021-06-14 09:25:52,709.85,195635
2021-06-14 09:25:53,709.3,195716
2021-06-14 09:25:54,709.85,195746
2021-06-14 09:25:55,709.8,195779
2021-06-14 09:25:56,709.8,195800
2021-06-14 09:25:57,709.75,195820
2021-06-14 09:25:58,709.85,196320
2021-06-14 09:25:59,709.95,196393
2021-06-14 09:26:00,709.35,196416
2021-06-14 09:26:01,709.95,196644
2021-06-14 09:26:02,709.85,196678
2021-06-14 09:26:03,709.85,196678
2021-06-14 09:26:04,709.45,196683
2021-06-14 09:26:05,709.5,196757
2021-06-14 09:26:06,709.45,197147
2021-06-14 09:26:07,709.45,197287
2021-06-14 09:26:08,709.35,197413
2021-06-14 09:26:09,709.65,197486
2021-06-14 09:26:10,709.65,197486
2021-06-14 09:26:11,709.35,197595
2021-06-14 09:26:12,709.0,197812
2021-06-14 09:26:13,709.0,197892
2021-06-14 09:26:14,709.4,197902
2021-06-14 09:26:15,709.4,197912
2021-06-14 09:26:16,709.05,197937
2021-06-14 09:26:17,709.1,197952
2021-06-14 09:26:18,709.45,197962
2021-06-14 09:26:19,709.45,197962
2021-06-14 09:26:20,709.05,197965
2021-06-14 09:26:21,709.1,197975
2021-06-14 09:26:22,709.05,198121
2021-06-14 09:26:23,709.05,198193
2021-06-14 09:26:24,709.45,198628
2021-06-14 09:26:25,709.4,199109
2021-06-14 09:26:26,709.45,199215
2021-06-14 09:26:27,709.0,199555
2021-06-14 09:26:28,709.45,199608
2021-06-14 09:26:29,709.05,199872
2021-06-14 09:26:30,709.0,199988
2021-06-14 09:26:31,709.45,200253
2021-06-14 09:26:32,709.0,200288
2021-06-14 09:26:33,709.55,201088
2021-06-14 09:26:34,709.55,201088
2021-06-14 09:26:35,709.4,201177
2021-06-14 09:26:36,709.4,201298
2021-06-14 09:26:37,709.5,201368
2021-06-14 09:26:38,709.05,201383
2021-06-14 09:26:39,709.05,201443
2021-06-14 09:26:40,709.45,201453
2021-06-14 09:26:41,709.4,201474
2021-06-14 09:26:42,709.4,201474
2021-06-14 09:26:43,709.0,201729
2021-06-14 09:26:44,709.0,202951
2021-06-14 09:26:45,708.4,203081
2021-06-14 09:26:46,708.35,203224
2021-06-14 09:26:48,708.8,203505
2021-06-14 09:26:49,708.85,203575
2021-06-14 09:26:50,708.85,203585
2021-06-14 09:26:51,708.6,203695
2021-06-14 09:26:52,709.0,203706
2021-06-14 09:26:53,708.6,203710
2021-06-14 09:26:54,708.6,203792
2021-06-14 09:26:55,708.6,203847
2021-06-14 09:26:56,709.0,204437
2021-06-14 09:26:57,708.6,204531
2021-06-14 09:26:58,708.6,205382
2021-06-14 09:26:59,708.2,205802
2021-06-14 09:27:01,708.75,205982
2021-06-14 09:27:00,708.2,205976
2021-06-14 09:27:02,708.75,205982
2021-06-14 09:27:03,708.15,206427
2021-06-14 09:27:04,708.55,206848
2021-06-14 09:27:05,708.55,206848
2021-06-14 09:27:06,708.55,206848
2021-06-14 09:27:07,708.55,206851
2021-06-14 09:27:08,708.7,206898
2021-06-14 09:27:09,708.75,206916
2021-06-14 09:27:10,708.5,207070
2021-06-14 09:27:11,708.4,207105
2021-06-14 09:27:12,708.4,207105
2021-06-14 09:27:13,708.4,207215
2021-06-14 09:27:15,708.75,207477
2021-06-14 09:27:17,708.85,207485
2021-06-14 09:27:18,708.4,207706
2021-06-14 09:27:19,708.8,207710
2021-06-14 09:27:20,708.6,207910
2021-06-14 09:27:21,708.3,207925
2021-06-14 09:27:22,708.25,207999
2021-06-14 09:27:23,708.65,208014
2021-06-14 09:27:24,708.2,208026
2021-06-14 09:27:25,708.2,208026
2021-06-14 09:27:26,708.2,208182
2021-06-14 09:27:27,708.2,208497
2021-06-14 09:27:28,708.2,208543
2021-06-14 09:27:29,708.5,208547
2021-06-14 09:27:30,708.55,208747
2021-06-14 09:27:31,708.5,208961
2021-06-14 09:27:32,708.5,208965
2021-06-14 09:27:33,708.3,209060
2021-06-14 09:27:34,708.2,209110
2021-06-14 09:27:35,708.2,209163
2021-06-14 09:27:36,708.15,209284
2021-06-14 09:27:37,708.2,209294
2021-06-14 09:27:38,708.15,209542
2021-06-14 09:27:39,708.1,210758
2021-06-14 09:27:40,708.15,210814
2021-06-14 09:27:41,708.15,210876
2021-06-14 09:27:42,708.2,210987
2021-06-14 09:27:43,708.2,211010
2021-06-14 09:27:45,708.05,211215
2021-06-14 09:27:46,708.05,211223
2021-06-14 09:27:47,708.0,211343
2021-06-14 09:27:48,708.0,211354
2021-06-14 09:27:49,708.2,211457
2021-06-14 09:27:50,707.85,214777
2021-06-14 09:27:51,707.95,215130
2021-06-14 09:27:52,707.4,215534
2021-06-14 09:27:54,707.4,215560
2021-06-14 09:27:53,707.4,215556
2021-06-14 09:27:55,707.9,215647
2021-06-14 09:27:56,707.45,216008
2021-06-14 09:27:57,708.0,216442
2021-06-14 09:27:58,707.55,217686
2021-06-14 09:27:59,707.55,217846
2021-06-14 09:28:00,707.45,217975
2021-06-14 09:28:01,707.85,217985
2021-06-14 09:28:02,707.9,218216
2021-06-14 09:28:03,707.85,218367
2021-06-14 09:28:04,707.85,218387
2021-06-14 09:28:05,707.85,218660
2021-06-14 09:28:06,707.8,218779
2021-06-14 09:28:07,707.8,218779
2021-06-14 09:28:08,707.55,218840
2021-06-14 09:28:09,707.7,218890
2021-06-14 09:28:10,707.7,218890
2021-06-14 09:28:11,707.4,219020
2021-06-14 09:28:12,707.85,219293
2021-06-14 09:28:13,707.85,219293
2021-06-14 09:28:15,707.3,219810
2021-06-14 09:28:16,707.3,219814
2021-06-14 09:28:16,707.3,219814
2021-06-14 09:28:17,707.3,219945
2021-06-14 09:28:18,707.3,220036
2021-06-14 09:28:19,707.85,221018
2021-06-14 09:28:20,707.4,221019
2021-06-14 09:28:21,707.2,221099
2021-06-14 09:28:22,707.65,221300
2021-06-14 09:28:23,707.15,221389
2021-06-14 09:28:24,707.65,221990
2021-06-14 09:28:25,707.0,224325
2021-06-14 09:28:26,706.8,225460
2021-06-14 09:28:27,706.8,225542
2021-06-14 09:28:28,707.0,225633
2021-06-14 09:28:29,706.8,225839
2021-06-14 09:28:30,706.8,225859
2021-06-14 09:28:31,706.8,225937
2021-06-14 09:28:32,706.8,225937
2021-06-14 09:28:34,706.8,226042
2021-06-14 09:28:35,707.0,226387
2021-06-14 09:28:36,707.0,226387
2021-06-14 09:28:37,706.8,226562
2021-06-14 09:28:38,706.8,226573
2021-06-14 09:28:39,706.8,226583
2021-06-14 09:28:40,707.0,226614
2021-06-14 09:28:41,707.2,227191
2021-06-14 09:28:43,706.8,227211
2021-06-14 09:28:44,707.1,227677
2021-06-14 09:28:44,707.1,227677
2021-06-14 09:28:45,707.1,227687
2021-06-14 09:28:46,706.65,227835
2021-06-14 09:28:47,706.6,227950
2021-06-14 09:28:48,706.6,227967
2021-06-14 09:28:49,706.95,228234
2021-06-14 09:28:50,707.0,228235
2021-06-14 09:28:51,707.2,228805
2021-06-14 09:28:52,707.1,228913
2021-06-14 09:28:53,707.3,229668
2021-06-14 09:28:54,707.3,229668
2021-06-14 09:28:55,707.0,229688
2021-06-14 09:28:56,706.95,229853
2021-06-14 09:28:57,706.95,229903
2021-06-14 09:28:58,706.95,229914
2021-06-14 09:28:59,706.9,230314
2021-06-14 09:29:00,707.85,232635
2021-06-14 09:29:01,707.45,232677
2021-06-14 09:29:02,707.45,232692
2021-06-14 09:29:03,708.1,233917
2021-06-14 09:29:04,708.1,233917
2021-06-14 09:29:05,707.85,233967
2021-06-14 09:29:06,707.85,233967
2021-06-14 09:29:09,707.85,233998
2021-06-14 09:29:10,708.1,235003
2021-06-14 09:29:11,708.25,235004
2021-06-14 09:29:12,707.85,235572
2021-06-14 09:29:14,708.25,235665
2021-06-14 09:29:14,708.25,235665
2021-06-14 09:29:15,707.85,235695
2021-06-14 09:29:16,707.85,235695
2021-06-14 09:29:17,708.0,235965
2021-06-14 09:29:19,708.0,236614
2021-06-14 09:29:19,707.95,236714
2021-06-14 09:29:20,707.95,236714
2021-06-14 09:29:21,708.25,236921
2021-06-14 09:29:22,708.2,236931
2021-06-14 09:29:23,708.0,237399
2021-06-14 09:29:24,707.75,237502
2021-06-14 09:29:25,707.75,237522
2021-06-14 09:29:26,707.7,237817
2021-06-14 09:29:27,707.7,237852
2021-06-14 09:29:28,707.65,238288
2021-06-14 09:29:29,707.9,238507
2021-06-14 09:29:30,707.3,238532
2021-06-14 09:29:31,707.3,238542
2021-06-14 09:29:32,707.65,238613
2021-06-14 09:29:33,707.65,238632
2021-06-14 09:29:34,707.3,238743
2021-06-14 09:29:35,707.7,238753
2021-06-14 09:29:36,707.3,238756
2021-06-14 09:29:37,707.45,238811
2021-06-14 09:29:38,707.5,238828
2021-06-14 09:29:39,706.8,239406
2021-06-14 09:29:40,706.45,240016
2021-06-14 09:29:41,707.15,240053
2021-06-14 09:29:42,706.7,240156
2021-06-14 09:29:43,706.9,240157
2021-06-14 09:29:45,707.15,240469
2021-06-14 09:29:46,707.15,240680
2021-06-14 09:29:47,706.65,240851
2021-06-14 09:29:48,706.65,240949
2021-06-14 09:29:49,707.0,241060
2021-06-14 09:29:50,707.0,241065
2021-06-14 09:29:51,706.65,241071
2021-06-14 09:29:52,707.1,241407
2021-06-14 09:29:53,708.0,241959
2021-06-14 09:29:54,707.35,242063
2021-06-14 09:29:55,707.35,242063
2021-06-14 09:29:56,707.15,242178
2021-06-14 09:29:57,707.0,242224
2021-06-14 09:29:58,707.3,242310
2021-06-14 09:29:59,707.3,242315
2021-06-14 09:30:01,707.35,242573
2021-06-14 09:30:02,707.0,242689
2021-06-14 09:30:03,707.45,242839
2021-06-14 09:30:05,707.45,242909
2021-06-14 09:30:06,707.5,243239
2021-06-14 09:30:07,707.95,243740
2021-06-14 09:30:08,707.75,243775
2021-06-14 09:30:09,707.2,243895
2021-06-14 09:30:11,707.15,243896
2021-06-14 09:30:12,707.45,243974
2021-06-14 09:30:13,707.5,244007
2021-06-14 09:30:14,707.55,244040
2021-06-14 09:30:16,707.15,244194
2021-06-14 09:30:16,707.15,244194
2021-06-14 09:30:18,707.15,244241
2021-06-14 09:30:19,706.9,244551
2021-06-14 09:30:22,706.7,244805
2021-06-14 09:30:21,706.9,244595
2021-06-14 09:30:23,706.7,244805
2021-06-14 09:30:24,706.9,244857
2021-06-14 09:30:25,707.0,245332
2021-06-14 09:30:26,706.7,245361
2021-06-14 09:30:27,706.7,245361
2021-06-14 09:30:28,706.7,245428
2021-06-14 09:30:29,706.7,245428
2021-06-14 09:30:30,707.0,245470
2021-06-14 09:30:31,706.7,245488
2021-06-14 09:30:32,707.0,245493
2021-06-14 09:30:34,707.0,245506
2021-06-14 09:30:34,706.7,245526
2021-06-14 09:30:36,706.65,247761
2021-06-14 09:30:38,707.0,247818
2021-06-14 09:30:39,706.55,247858
2021-06-14 09:30:40,707.0,247965
2021-06-14 09:30:41,707.0,248075
2021-06-14 09:30:42,706.1,249858
2021-06-14 09:30:43,706.05,251441
2021-06-14 09:30:44,705.9,251508
2021-06-14 09:30:45,705.8,251718
2021-06-14 09:30:46,705.8,251719
2021-06-14 09:30:47,706.0,251896
2021-06-14 09:30:48,705.9,252118
2021-06-14 09:30:49,705.85,252190
2021-06-14 09:30:50,705.55,252297
2021-06-14 09:30:51,706.0,252317
2021-06-14 09:30:52,705.6,252381
2021-06-14 09:30:53,705.6,252431
2021-06-14 09:30:54,706.0,252441
2021-06-14 09:30:55,706.1,252595
2021-06-14 09:30:56,705.7,252799
2021-06-14 09:30:57,705.75,252984
2021-06-14 09:30:59,706.2,253019
2021-06-14 09:30:59,706.2,253019
2021-06-14 09:31:00,706.0,253029
2021-06-14 09:31:01,706.0,253054
2021-06-14 09:31:02,706.0,253055
2021-06-14 09:31:03,706.0,253060
2021-06-14 09:31:04,706.1,254520
2021-06-14 09:31:05,706.35,254576
2021-06-14 09:31:06,705.85,254634
2021-06-14 09:31:07,705.85,254684
2021-06-14 09:31:08,705.75,254985
2021-06-14 09:31:09,706.25,254993
2021-06-14 09:31:10,705.85,255183
2021-06-14 09:31:12,705.65,255184
2021-06-14 09:31:12,705.45,255295
2021-06-14 09:31:13,705.45,255398
2021-06-14 09:31:14,705.45,255424
2021-06-14 09:31:15,705.85,255434
2021-06-14 09:31:16,705.5,255534
2021-06-14 09:31:17,705.75,255555
2021-06-14 09:31:18,705.75,255578
2021-06-14 09:31:20,705.8,255597
2021-06-14 09:31:21,705.4,255720
2021-06-14 09:31:22,705.8,255721
2021-06-14 09:31:22,705.75,255733
2021-06-14 09:31:23,705.75,255733
2021-06-14 09:31:24,705.75,255733
2021-06-14 09:31:25,705.75,255737
2021-06-14 09:31:27,705.75,255777
2021-06-14 09:31:28,705.7,255789
2021-06-14 09:31:29,705.2,256278
2021-06-14 09:31:30,705.5,257772
2021-06-14 09:31:31,705.1,262777
2021-06-14 09:31:32,704.6,263123
2021-06-14 09:31:33,704.6,263725
2021-06-14 09:31:34,704.65,263761
2021-06-14 09:31:35,704.65,264027
2021-06-14 09:31:36,705.1,264369
2021-06-14 09:31:38,704.7,264384
2021-06-14 09:31:38,704.7,264384
2021-06-14 09:31:39,704.6,264399
2021-06-14 09:31:40,705.05,264403
2021-06-14 09:31:41,704.95,264594
2021-06-14 09:31:43,704.65,264623
2021-06-14 09:31:44,704.95,264631
2021-06-14 09:31:46,704.75,265260
2021-06-14 09:31:47,704.65,265441
2021-06-14 09:31:48,704.8,265503
2021-06-14 09:31:49,704.5,265703
2021-06-14 09:31:50,704.25,266225
2021-06-14 09:31:50,704.25,266225
2021-06-14 09:31:51,704.1,266245
2021-06-14 09:31:53,704.1,266263
2021-06-14 09:31:54,704.05,266382
2021-06-14 09:31:54,704.05,266382
2021-06-14 09:31:55,703.7,267458
2021-06-14 09:31:57,703.65,267919
2021-06-14 09:31:58,703.25,268098
2021-06-14 09:31:59,703.7,268178
2021-06-14 09:32:00,703.25,268300
2021-06-14 09:32:01,703.2,268440
2021-06-14 09:32:02,703.55,268556
2021-06-14 09:32:03,703.6,268623
2021-06-14 09:32:04,703.25,268638
2021-06-14 09:32:05,702.9,271255
2021-06-14 09:32:06,703.3,271364
2021-06-14 09:32:07,702.9,271425
2021-06-14 09:32:08,703.3,271997
2021-06-14 09:32:09,702.9,272017
2021-06-14 09:32:10,703.3,272044
2021-06-14 09:32:11,703.25,272240
2021-06-14 09:32:12,702.85,272425
2021-06-14 09:32:13,703.2,272428
2021-06-14 09:32:14,702.9,272783
2021-06-14 09:32:15,702.9,272783
2021-06-14 09:32:16,702.9,273057
2021-06-14 09:32:17,702.9,273057
2021-06-14 09:32:18,702.8,273142
2021-06-14 09:32:20,702.7,273229
2021-06-14 09:32:21,702.65,273239
2021-06-14 09:32:22,702.6,273284
2021-06-14 09:32:23,703.0,273303
2021-06-14 09:32:23,703.0,273332
2021-06-14 09:32:24,703.0,273366
2021-06-14 09:32:25,702.7,273386
2021-06-14 09:32:26,702.7,273387
2021-06-14 09:32:27,703.0,273417
2021-06-14 09:32:28,702.7,273588
2021-06-14 09:32:30,702.7,273758
2021-06-14 09:32:31,703.0,274006
2021-06-14 09:32:33,702.6,274126
2021-06-14 09:32:34,703.0,274227
2021-06-14 09:32:35,703.55,274719
2021-06-14 09:32:36,703.6,274756
2021-06-14 09:32:37,703.0,275237
2021-06-14 09:32:38,703.1,275350
2021-06-14 09:32:39,703.05,275524
2021-06-14 09:32:40,703.4,275846
2021-06-14 09:32:41,703.0,276092
2021-06-14 09:32:42,703.05,276112
2021-06-14 09:32:43,703.05,276152
2021-06-14 09:32:44,703.0,276380
2021-06-14 09:32:45,703.35,276590
2021-06-14 09:32:46,703.65,277551
2021-06-14 09:32:47,703.7,277596
2021-06-14 09:32:48,703.7,277653
2021-06-14 09:32:49,703.95,277734
2021-06-14 09:32:50,703.45,277844
2021-06-14 09:32:50,703.45,277859
2021-06-14 09:32:51,703.7,278129
2021-06-14 09:32:52,703.65,278244
2021-06-14 09:32:53,703.6,278306
2021-06-14 09:32:54,704.0,278316
2021-06-14 09:32:55,704.0,278318
2021-06-14 09:32:56,703.6,278616
2021-06-14 09:32:57,704.0,278671
2021-06-14 09:32:58,704.0,278734
2021-06-14 09:32:59,703.6,278751
2021-06-14 09:33:00,704.2,279301
2021-06-14 09:33:01,704.25,279349
2021-06-14 09:33:02,704.05,279668
2021-06-14 09:33:03,704.05,280582
2021-06-14 09:33:04,704.05,280725
2021-06-14 09:33:05,704.4,280939
2021-06-14 09:33:06,704.05,280993
2021-06-14 09:33:07,704.5,281124
2021-06-14 09:33:09,704.65,281377
2021-06-14 09:33:11,705.0,282004
2021-06-14 09:33:12,705.2,282224
2021-06-14 09:33:13,705.05,283145
2021-06-14 09:33:14,705.55,283287
2021-06-14 09:33:15,705.75,284197
2021-06-14 09:33:16,705.8,284482
2021-06-14 09:33:17,705.45,284602
2021-06-14 09:33:18,705.6,284629
2021-06-14 09:33:19,705.6,284919
2021-06-14 09:33:20,705.85,284961
2021-06-14 09:33:21,705.5,284967
2021-06-14 09:33:22,705.5,285226
2021-06-14 09:33:23,705.45,285348
2021-06-14 09:33:24,705.8,286067
2021-06-14 09:33:25,706.0,286379
2021-06-14 09:33:26,706.3,286404
2021-06-14 09:33:29,706.35,286465
2021-06-14 09:33:30,706.35,287053
2021-06-14 09:33:31,706.35,287131
2021-06-14 09:33:32,706.3,287332
2021-06-14 09:33:33,705.75,287921
2021-06-14 09:33:34,705.65,288026
2021-06-14 09:33:36,705.8,288566
2021-06-14 09:33:37,705.95,288779
2021-06-14 09:33:38,705.75,288832
2021-06-14 09:33:39,705.65,288957
2021-06-14 09:33:40,705.95,288975
2021-06-14 09:33:41,705.25,290127
2021-06-14 09:33:42,705.7,290265
2021-06-14 09:33:43,705.3,290300
2021-06-14 09:33:43,705.3,290300
2021-06-14 09:33:44,705.3,290300
2021-06-14 09:33:46,705.05,290407
2021-06-14 09:33:46,705.1,290450
2021-06-14 09:33:47,705.15,291112
2021-06-14 09:33:48,705.1,291201
2021-06-14 09:33:49,705.45,291217
2021-06-14 09:33:50,704.85,291291
2021-06-14 09:33:51,704.85,291323
2021-06-14 09:33:54,705.25,291326
2021-06-14 09:33:55,704.8,291341
2021-06-14 09:33:56,705.0,291592
2021-06-14 09:33:57,705.0,292638
2021-06-14 09:33:58,704.9,292818
2021-06-14 09:33:59,704.85,292928
2021-06-14 09:34:01,704.5,293123
2021-06-14 09:34:02,704.9,293179
2021-06-14 09:34:03,704.9,293209
2021-06-14 09:34:04,704.75,293257
2021-06-14 09:34:06,704.05,293390
2021-06-14 09:34:06,704.5,293408
2021-06-14 09:34:07,704.4,293504
2021-06-14 09:34:08,704.45,293619
2021-06-14 09:34:09,704.45,294465
2021-06-14 09:34:10,704.6,294849
2021-06-14 09:34:11,704.6,295009
2021-06-14 09:34:12,704.7,295059
2021-06-14 09:34:13,704.7,295162
2021-06-14 09:34:14,704.65,295359
2021-06-14 09:34:15,704.75,295650
2021-06-14 09:34:16,705.25,295697
2021-06-14 09:34:17,704.8,295747
2021-06-14 09:34:18,705.2,295852
2021-06-14 09:34:19,705.3,296246
2021-06-14 09:34:21,705.7,296679
2021-06-14 09:34:22,705.25,296895
2021-06-14 09:34:23,705.8,297409
2021-06-14 09:34:24,705.6,297489
2021-06-14 09:34:25,705.6,297489
2021-06-14 09:34:26,705.6,297489
2021-06-14 09:34:27,706.0,297860
2021-06-14 09:34:28,705.6,297915
2021-06-14 09:34:29,706.0,298090
2021-06-14 09:34:30,706.0,298136
2021-06-14 09:34:31,706.0,298136
2021-06-14 09:34:32,706.0,298140
2021-06-14 09:34:33,706.0,298183
2021-06-14 09:34:34,706.0,298194
2021-06-14 09:34:35,706.0,298220
2021-06-14 09:34:36,706.0,298294
2021-06-14 09:34:37,706.3,299371
2021-06-14 09:34:38,705.75,299735
2021-06-14 09:34:39,706.0,299826
2021-06-14 09:34:41,706.9,300333
2021-06-14 09:34:41,706.25,300395
2021-06-14 09:34:42,706.25,300422
2021-06-14 09:34:43,706.55,301578
2021-06-14 09:34:44,706.25,301696
2021-06-14 09:34:45,706.65,301821
2021-06-14 09:34:46,706.6,302050
2021-06-14 09:34:47,706.7,302074
2021-06-14 09:34:48,706.2,302095
2021-06-14 09:34:49,706.25,302185
2021-06-14 09:34:50,706.25,302185
2021-06-14 09:34:51,706.25,302315
2021-06-14 09:34:52,706.25,303651
2021-06-14 09:34:53,706.35,303943
2021-06-14 09:34:54,706.3,303964
2021-06-14 09:34:55,706.3,303964
2021-06-14 09:34:56,706.8,303971
2021-06-14 09:34:57,706.8,303971
2021-06-14 09:34:58,706.75,304082
2021-06-14 09:34:59,706.4,304146
2021-06-14 09:35:00,706.3,304446
2021-06-14 09:35:01,706.3,304585
2021-06-14 09:35:02,706.3,304646
2021-06-14 09:35:04,706.1,304882
2021-06-14 09:35:05,705.6,305674
2021-06-14 09:35:06,705.95,305769
2021-06-14 09:35:07,705.35,305850
2021-06-14 09:35:08,705.05,305927
2021-06-14 09:35:09,705.45,306031
2021-06-14 09:35:11,705.5,306156
2021-06-14 09:35:14,705.2,306410
2021-06-14 09:35:15,705.35,306588
2021-06-14 09:35:16,705.8,306605
2021-06-14 09:35:17,705.75,306681
2021-06-14 09:35:19,705.25,306742
2021-06-14 09:35:20,705.35,306769
2021-06-14 09:35:21,705.35,306783
2021-06-14 09:35:22,705.35,306823
2021-06-14 09:35:23,705.8,306824
2021-06-14 09:35:23,705.8,306914
2021-06-14 09:35:24,705.75,307339
2021-06-14 09:35:25,706.15,307449
2021-06-14 09:35:27,706.0,307486
2021-06-14 09:35:28,705.85,307623
2021-06-14 09:35:29,705.85,307650
2021-06-14 09:35:31,706.3,308013
2021-06-14 09:35:33,706.85,308204
2021-06-14 09:35:34,706.3,308495
2021-06-14 09:35:35,707.25,309009
2021-06-14 09:35:36,707.35,309272
2021-06-14 09:35:37,706.8,309367
2021-06-14 09:35:38,707.2,309504
2021-06-14 09:35:39,707.2,309504
2021-06-14 09:35:39,706.8,309732
2021-06-14 09:35:40,706.7,309827
2021-06-14 09:35:41,707.25,309880
2021-06-14 09:35:42,706.8,309924
2021-06-14 09:35:43,706.65,310543
2021-06-14 09:35:44,707.25,310579
2021-06-14 09:35:45,707.35,310650
2021-06-14 09:35:46,706.7,310690
2021-06-14 09:35:47,707.2,310813
2021-06-14 09:35:48,707.25,310924
2021-06-14 09:35:50,707.4,310945
2021-06-14 09:35:51,707.4,311087
2021-06-14 09:35:52,706.95,311133
2021-06-14 09:35:53,706.95,311133
2021-06-14 09:35:54,706.95,311133
2021-06-14 09:35:55,707.5,311311
2021-06-14 09:35:56,707.1,311694
2021-06-14 09:35:57,707.75,311707
2021-06-14 09:35:58,707.2,311718
2021-06-14 09:35:59,707.7,311739
2021-06-14 09:36:00,707.75,311749
2021-06-14 09:36:01,707.25,311840
2021-06-14 09:36:03,707.2,311848
2021-06-14 09:36:04,707.25,311859
2021-06-14 09:36:05,707.1,312179
2021-06-14 09:36:06,707.55,312180
2021-06-14 09:36:08,707.8,312581
2021-06-14 09:36:09,707.9,312599
2021-06-14 09:36:10,707.75,312930
2021-06-14 09:36:11,707.6,313903
2021-06-14 09:36:12,708.0,314137
2021-06-14 09:36:13,707.4,314368
2021-06-14 09:36:14,707.9,314369
2021-06-14 09:36:15,707.85,314578
2021-06-14 09:36:15,707.85,314578
2021-06-14 09:36:18,707.5,314843
2021-06-14 09:36:21,707.65,316434
2021-06-14 09:36:22,707.6,316524
2021-06-14 09:36:23,707.6,316584
2021-06-14 09:36:24,707.75,316810
2021-06-14 09:36:25,708.25,317123
2021-06-14 09:36:26,708.25,317131
2021-06-14 09:36:27,707.9,317166
2021-06-14 09:36:28,707.95,317677
2021-06-14 09:36:29,707.9,317731
2021-06-14 09:36:30,708.0,317752
2021-06-14 09:36:31,708.35,317824
2021-06-14 09:36:32,708.35,317824
2021-06-14 09:36:33,708.0,317949
2021-06-14 09:36:34,708.35,317952
2021-06-14 09:36:35,708.0,317972
2021-06-14 09:36:36,708.4,318095
2021-06-14 09:36:37,708.4,318370
2021-06-14 09:36:38,708.4,318404
2021-06-14 09:36:39,708.0,318444
2021-06-14 09:36:41,708.5,318928
2021-06-14 09:36:42,708.9,318932
2021-06-14 09:36:43,708.45,319449
2021-06-14 09:36:44,708.5,319469
2021-06-14 09:36:45,708.95,319495
2021-06-14 09:36:46,708.5,319520
2021-06-14 09:36:47,708.5,319530
2021-06-14 09:36:48,708.5,319541
2021-06-14 09:36:49,708.55,319651
2021-06-14 09:36:51,708.8,320007
2021-06-14 09:36:52,709.0,320018
2021-06-14 09:36:53,709.0,320026
2021-06-14 09:36:54,709.0,320026
2021-06-14 09:36:55,709.4,320298
2021-06-14 09:36:56,709.4,320381
2021-06-14 09:36:57,709.7,320738
2021-06-14 09:36:58,709.6,320886
2021-06-14 09:36:59,709.7,320978
2021-06-14 09:37:00,709.8,321028
2021-06-14 09:37:01,709.9,321293
2021-06-14 09:37:02,709.9,321358
2021-06-14 09:37:03,710.5,324105
2021-06-14 09:37:04,710.35,324267
2021-06-14 09:37:05,710.8,324383
2021-06-14 09:37:06,710.45,324492
2021-06-14 09:37:07,711.0,325767
2021-06-14 09:37:08,711.1,325816
2021-06-14 09:37:09,711.35,326370
2021-06-14 09:37:10,711.3,326460
2021-06-14 09:37:11,711.3,326538
2021-06-14 09:37:12,710.8,326541
2021-06-14 09:37:13,711.55,326693
2021-06-14 09:37:14,710.9,326793
2021-06-14 09:37:15,710.95,326819
2021-06-14 09:37:16,711.1,326831
2021-06-14 09:37:17,710.7,328181
2021-06-14 09:37:18,710.6,328702
2021-06-14 09:37:19,711.0,329201
2021-06-14 09:37:20,710.55,329970
2021-06-14 09:37:21,710.55,330025
2021-06-14 09:37:22,711.1,330096
2021-06-14 09:37:25,710.8,330736
2021-06-14 09:37:26,710.75,330771
2021-06-14 09:37:27,710.9,330871
2021-06-14 09:37:28,710.35,330982
2021-06-14 09:37:29,710.5,330994
2021-06-14 09:37:30,710.3,330996
2021-06-14 09:37:31,710.55,331071
2021-06-14 09:37:32,710.3,331196
2021-06-14 09:37:33,710.15,331867
2021-06-14 09:37:35,710.7,331941
2021-06-14 09:37:36,710.7,331941
2021-06-14 09:37:37,710.7,331941
2021-06-14 09:37:38,710.25,331952
2021-06-14 09:37:39,710.25,331952
2021-06-14 09:37:40,710.25,331952
2021-06-14 09:37:41,710.75,332007
2021-06-14 09:37:42,710.75,332007
2021-06-14 09:37:43,710.75,332007
2021-06-14 09:37:44,710.3,332177
2021-06-14 09:37:45,710.45,332361
2021-06-14 09:37:46,710.85,332386
2021-06-14 09:37:47,710.85,332386
2021-06-14 09:37:48,710.9,332412
2021-06-14 09:37:49,710.5,332482
2021-06-14 09:37:50,710.9,332532
2021-06-14 09:37:51,710.9,333138
2021-06-14 09:37:52,711.3,335463
2021-06-14 09:37:53,711.4,335515
2021-06-14 09:37:54,711.75,335520
2021-06-14 09:37:55,711.75,335539
2021-06-14 09:37:56,711.35,335574
2021-06-14 09:37:57,711.4,335579
2021-06-14 09:37:58,711.4,335601
2021-06-14 09:37:59,711.4,335694
2021-06-14 09:38:00,711.85,335929
2021-06-14 09:38:01,712.0,336074
2021-06-14 09:38:02,711.35,336286
2021-06-14 09:38:03,712.0,336313
2021-06-14 09:38:04,711.65,336497
2021-06-14 09:38:05,711.85,336609
2021-06-14 09:38:06,712.0,336745
2021-06-14 09:38:07,711.5,336755
2021-06-14 09:38:08,711.85,336786
2021-06-14 09:38:09,712.2,337515
2021-06-14 09:38:10,711.8,337573
2021-06-14 09:38:11,712.25,337576
2021-06-14 09:38:12,712.5,337695
2021-06-14 09:38:13,712.0,337788
2021-06-14 09:38:14,712.05,338388
2021-06-14 09:38:15,712.55,338851
2021-06-14 09:38:16,712.05,339622
2021-06-14 09:38:17,712.05,339780
2021-06-14 09:38:18,712.5,339811
2021-06-14 09:38:19,712.15,340076
2021-06-14 09:38:20,712.5,340111
2021-06-14 09:38:21,712.5,340111
2021-06-14 09:38:22,712.65,340113
2021-06-14 09:38:23,712.25,340124
2021-06-14 09:38:24,712.6,340139
2021-06-14 09:38:26,712.5,340231
2021-06-14 09:38:27,712.75,340233
2021-06-14 09:38:28,712.5,340511
2021-06-14 09:38:29,712.8,340562
2021-06-14 09:38:30,712.8,340562
2021-06-14 09:38:31,712.85,340794
2021-06-14 09:38:32,712.85,340876
2021-06-14 09:38:33,712.5,341076
2021-06-14 09:38:34,712.8,341111
2021-06-14 09:38:35,712.8,341111
2021-06-14 09:38:36,712.45,341511
2021-06-14 09:38:37,712.7,341691
2021-06-14 09:38:38,712.3,341702
2021-06-14 09:38:39,712.75,341705
2021-06-14 09:38:40,712.4,341720
2021-06-14 09:38:41,712.8,341745
2021-06-14 09:38:42,712.5,342050
2021-06-14 09:38:43,712.55,342089
2021-06-14 09:38:44,712.8,342124
2021-06-14 09:38:45,712.85,342309
2021-06-14 09:38:46,712.85,343711
2021-06-14 09:38:47,712.9,343911
2021-06-14 09:38:48,712.85,343923
2021-06-14 09:38:49,713.0,343947
2021-06-14 09:38:50,712.9,344031
2021-06-14 09:38:52,713.0,344287
2021-06-14 09:38:54,713.3,344585
2021-06-14 09:38:54,712.95,344335
2021-06-14 09:38:55,713.4,345085
2021-06-14 09:38:56,713.0,345122
2021-06-14 09:38:57,713.25,345272
2021-06-14 09:38:58,713.45,346363
2021-06-14 09:38:59,712.9,346597
2021-06-14 09:39:00,713.6,346940
2021-06-14 09:39:01,713.05,347071
2021-06-14 09:39:02,713.8,347536
2021-06-14 09:39:03,713.75,347598
2021-06-14 09:39:04,713.7,347718
2021-06-14 09:39:05,713.4,347871
2021-06-14 09:39:06,713.8,347881
2021-06-14 09:39:07,713.4,347933
2021-06-14 09:39:09,714.0,348392
2021-06-14 09:39:11,714.0,348611
2021-06-14 09:39:12,713.75,348721
2021-06-14 09:39:13,713.95,348821
2021-06-14 09:39:14,713.8,349030
2021-06-14 09:39:15,713.85,349060
2021-06-14 09:39:16,713.05,350993
2021-06-14 09:39:17,713.6,351033
2021-06-14 09:39:19,714.0,351411
2021-06-14 09:39:20,713.8,351438
2021-06-14 09:39:21,713.95,351587
2021-06-14 09:39:22,713.85,351602
2021-06-14 09:39:24,713.55,351639
2021-06-14 09:39:26,713.9,351764
2021-06-14 09:39:27,714.0,351772
2021-06-14 09:39:28,713.7,354452
2021-06-14 09:39:29,713.65,354513
2021-06-14 09:39:30,713.8,354516
2021-06-14 09:39:31,713.65,354521
2021-06-14 09:39:32,713.4,355411
2021-06-14 09:39:33,713.1,355431
2021-06-14 09:39:37,712.8,356692
2021-06-14 09:39:38,713.35,356854
2021-06-14 09:39:39,713.3,356855
2021-06-14 09:39:40,713.3,356855
2021-06-14 09:39:41,713.3,356855
2021-06-14 09:39:42,712.75,357896
2021-06-14 09:39:43,712.45,358121
2021-06-14 09:39:44,712.85,358160
2021-06-14 09:39:45,713.0,358258
2021-06-14 09:39:46,713.0,358286
2021-06-14 09:39:47,712.8,358313
2021-06-14 09:39:48,713.0,358515
2021-06-14 09:39:49,712.75,359290
2021-06-14 09:39:50,712.55,359439
2021-06-14 09:39:51,712.55,359463
2021-06-14 09:39:52,712.55,359545
2021-06-14 09:39:54,712.6,359745
2021-06-14 09:39:55,712.55,360340
2021-06-14 09:39:56,712.15,360442
2021-06-14 09:39:57,712.15,360563
2021-06-14 09:39:58,712.55,361409
2021-06-14 09:39:59,712.15,361556
2021-06-14 09:40:00,712.15,361616
2021-06-14 09:40:02,712.85,361678
2021-06-14 09:40:03,712.5,361707
2021-06-14 09:40:04,712.55,361719
2021-06-14 09:40:05,712.75,362463
2021-06-14 09:40:06,712.9,363364
2021-06-14 09:40:07,713.2,363395
2021-06-14 09:40:08,713.3,364531
2021-06-14 09:40:09,713.6,364873
2021-06-14 09:40:10,713.05,366516
2021-06-14 09:40:11,713.45,366580
2021-06-14 09:40:12,713.0,366863
2021-06-14 09:40:14,713.55,367188
2021-06-14 09:40:15,713.5,367243
2021-06-14 09:40:16,713.5,367244
2021-06-14 09:40:17,713.5,367244
2021-06-14 09:40:18,713.3,367754
2021-06-14 09:40:19,713.3,367842
2021-06-14 09:40:21,712.95,367917
2021-06-14 09:40:22,712.95,367930
2021-06-14 09:40:23,712.5,368086
2021-06-14 09:40:24,712.95,368113
2021-06-14 09:40:25,712.6,368214
2021-06-14 09:40:26,713.2,368428
2021-06-14 09:40:28,713.0,368474
2021-06-14 09:40:30,713.0,368577
2021-06-14 09:40:31,713.0,368578
2021-06-14 09:40:33,713.0,368592
2021-06-14 09:40:36,712.6,368672
2021-06-14 09:40:36,712.6,368608
2021-06-14 09:40:37,712.95,368703
2021-06-14 09:40:38,712.6,368706
2021-06-14 09:40:39,712.6,368706
2021-06-14 09:40:40,712.6,368706
2021-06-14 09:40:41,712.8,368806
2021-06-14 09:40:42,712.55,369096
2021-06-14 09:40:44,712.8,369107
2021-06-14 09:40:44,712.9,369143
2021-06-14 09:40:47,712.65,369204
2021-06-14 09:40:48,712.6,369367
2021-06-14 09:40:49,712.6,369400
2021-06-14 09:40:50,712.2,369611
2021-06-14 09:40:50,712.55,369648
2021-06-14 09:40:51,712.35,371376
2021-06-14 09:40:52,712.4,371666
2021-06-14 09:40:53,712.4,371668
2021-06-14 09:40:55,712.3,372644
2021-06-14 09:40:56,712.0,372828
2021-06-14 09:40:57,712.6,373856
2021-06-14 09:40:58,712.55,374202
2021-06-14 09:41:00,712.8,374898
2021-06-14 09:41:00,712.75,374950
2021-06-14 09:41:01,712.9,375015
2021-06-14 09:41:02,712.45,375080
2021-06-14 09:41:03,712.45,375098
2021-06-14 09:41:04,712.45,375150
2021-06-14 09:41:05,712.4,375193
2021-06-14 09:41:08,712.25,375403
2021-06-14 09:41:08,712.2,375405
2021-06-14 09:41:09,712.2,375405
2021-06-14 09:41:10,712.2,375405
2021-06-14 09:41:15,712.75,375582
2021-06-14 09:41:16,712.35,375592
2021-06-14 09:41:17,712.4,375602
2021-06-14 09:41:22,713.35,376609
2021-06-14 09:41:23,713.3,376716
2021-06-14 09:41:24,713.0,376867
2021-06-14 09:41:26,712.9,376997
2021-06-14 09:41:26,713.25,377011
2021-06-14 09:41:27,713.25,377011
2021-06-14 09:41:28,713.3,377286
2021-06-14 09:41:29,713.4,377607
2021-06-14 09:41:30,713.05,377660
2021-06-14 09:41:32,713.05,377660
2021-06-14 09:41:33,713.05,377660
2021-06-14 09:41:34,713.05,377660
2021-06-14 09:41:35,713.2,380819
2021-06-14 09:41:36,713.75,380980
2021-06-14 09:41:37,713.75,381583
2021-06-14 09:41:38,713.3,381662
2021-06-14 09:41:39,713.3,381662
2021-06-14 09:41:39,713.3,381862
2021-06-14 09:41:40,713.7,381905
2021-06-14 09:41:41,713.35,381919
2021-06-14 09:41:43,713.65,382157
2021-06-14 09:41:44,713.7,382207
2021-06-14 09:41:46,714.45,386108
2021-06-14 09:41:48,714.5,387027
2021-06-14 09:41:49,714.3,387080
2021-06-14 09:41:50,713.8,387711
2021-06-14 09:41:51,714.5,387773
2021-06-14 09:41:52,714.75,387860
2021-06-14 09:41:53,714.85,388427
2021-06-14 09:41:56,714.9,389618
2021-06-14 09:41:57,714.85,389655
2021-06-14 09:41:58,714.85,389675
2021-06-14 09:41:59,714.85,389715
2021-06-14 09:42:00,715.05,393764
2021-06-14 09:42:03,715.7,394504
2021-06-14 09:42:04,715.7,394588
2021-06-14 09:42:05,715.3,394714
2021-06-14 09:42:05,715.3,394714
2021-06-14 09:42:06,715.3,394717
2021-06-14 09:42:07,715.3,395740
2021-06-14 09:42:08,715.3,395740
2021-06-14 09:42:09,715.0,395934
2021-06-14 09:42:10,714.9,396066
2021-06-14 09:42:11,715.3,396297
2021-06-14 09:42:12,715.35,396397
2021-06-14 09:42:13,715.15,396614
2021-06-14 09:42:14,715.0,396823
2021-06-14 09:42:15,715.25,397403
2021-06-14 09:42:16,714.65,397744
2021-06-14 09:42:17,715.2,397839
2021-06-14 09:42:18,715.3,398006
2021-06-14 09:42:19,715.3,398006
2021-06-14 09:42:20,715.3,398007
2021-06-14 09:42:21,715.2,398027
2021-06-14 09:42:22,715.25,398169
2021-06-14 09:42:23,714.8,398170
2021-06-14 09:42:24,714.85,398286
2021-06-14 09:42:25,714.8,398376
2021-06-14 09:42:26,714.8,398470
2021-06-14 09:42:28,715.0,398851
2021-06-14 09:42:29,714.8,398852
2021-06-14 09:42:30,715.2,398903
2021-06-14 09:42:31,714.9,398978
2021-06-14 09:42:33,715.3,399030
2021-06-14 09:42:34,715.3,399030
2021-06-14 09:42:35,714.5,403491
2021-06-14 09:42:36,714.5,403501
2021-06-14 09:42:37,714.75,404275
2021-06-14 09:42:38,714.5,404550
2021-06-14 09:42:39,714.0,404680
2021-06-14 09:42:40,714.05,404700
2021-06-14 09:42:42,714.5,404712
2021-06-14 09:42:43,714.5,404885
2021-06-14 09:42:44,714.5,405004
2021-06-14 09:42:45,714.5,405019
2021-06-14 09:42:46,714.5,405019
2021-06-14 09:42:46,714.5,405019
2021-06-14 09:42:47,714.5,405019
2021-06-14 09:42:48,714.5,405024
2021-06-14 09:42:49,714.7,405119
2021-06-14 09:42:51,714.7,405119
2021-06-14 09:42:52,714.7,405119
2021-06-14 09:42:53,714.3,405669
2021-06-14 09:42:55,714.7,406070
2021-06-14 09:42:56,714.85,406077
2021-06-14 09:42:56,714.85,406077
2021-06-14 09:42:57,714.95,406102
2021-06-14 09:42:58,714.5,406202
2021-06-14 09:42:59,714.45,406237
2021-06-14 09:43:01,714.45,406248
2021-06-14 09:43:01,714.45,406248
2021-06-14 09:43:02,714.85,406298
2021-06-14 09:43:04,714.85,406310
2021-06-14 09:43:05,714.45,406320
2021-06-14 09:43:06,714.1,406372
2021-06-14 09:43:07,714.45,406463
2021-06-14 09:43:08,714.45,406528
2021-06-14 09:43:08,714.45,406528
2021-06-14 09:43:09,714.45,406528
2021-06-14 09:43:10,714.45,406528
2021-06-14 09:43:11,714.45,406528
2021-06-14 09:43:12,714.15,406532
2021-06-14 09:43:13,714.45,406542
2021-06-14 09:43:14,714.15,406564
2021-06-14 09:43:15,714.45,406567
2021-06-14 09:43:17,714.15,406667
2021-06-14 09:43:18,714.45,406687
2021-06-14 09:43:19,714.45,407445
2021-06-14 09:43:20,714.45,407582
2021-06-14 09:43:21,714.1,407639
2021-06-14 09:43:23,714.45,407649
2021-06-14 09:43:22,714.45,407649
2021-06-14 09:43:24,714.05,407750
2021-06-14 09:43:25,714.45,407768
2021-06-14 09:43:26,714.15,407868
2021-06-14 09:43:27,714.5,409889
2021-06-14 09:43:28,714.5,409963
2021-06-14 09:43:29,714.5,410116
2021-06-14 09:43:30,714.7,410293
2021-06-14 09:43:31,714.7,410310
2021-06-14 09:43:32,715.15,415254
2021-06-14 09:43:33,714.95,415274
2021-06-14 09:43:34,715.6,416274
2021-06-14 09:43:35,715.6,416274
2021-06-14 09:43:35,715.6,416274
2021-06-14 09:43:36,715.45,416302
2021-06-14 09:43:37,715.45,416302
2021-06-14 09:43:39,715.3,416902
2021-06-14 09:43:40,714.95,416937
2021-06-14 09:43:41,715.0,416958
2021-06-14 09:43:42,715.0,416958
2021-06-14 09:43:43,715.0,417058
2021-06-14 09:43:44,714.85,417258
2021-06-14 09:43:45,714.85,417258
2021-06-14 09:43:46,714.8,417308
2021-06-14 09:43:47,715.1,417318
2021-06-14 09:43:48,715.05,417322
2021-06-14 09:43:48,715.05,417322
2021-06-14 09:43:50,714.8,417332
2021-06-14 09:43:50,714.75,417337
2021-06-14 09:43:52,714.7,417347
2021-06-14 09:43:54,714.75,417473
2021-06-14 09:43:55,715.0,417479
2021-06-14 09:43:56,714.8,417992
2021-06-14 09:43:57,715.0,418012
2021-06-14 09:43:58,715.0,418069
2021-06-14 09:44:00,715.15,418098
2021-06-14 09:44:01,715.05,418198
2021-06-14 09:44:02,715.0,418202
2021-06-14 09:44:03,715.0,418202
2021-06-14 09:44:04,714.85,418217
2021-06-14 09:44:06,714.5,419599
2021-06-14 09:44:07,714.85,419851
2021-06-14 09:44:08,714.8,420069
2021-06-14 09:44:09,714.5,420120
2021-06-14 09:44:10,714.5,420120
2021-06-14 09:44:11,714.8,420125
2021-06-14 09:44:12,714.8,420125
2021-06-14 09:44:13,714.5,420508
2021-06-14 09:44:14,714.5,420579
2021-06-14 09:44:15,714.5,420639
2021-06-14 09:44:16,714.5,420650
2021-06-14 09:44:16,714.5,420650
2021-06-14 09:44:17,714.5,420700
2021-06-14 09:44:18,714.15,420834
2021-06-14 09:44:19,714.45,421876
2021-06-14 09:44:20,714.5,422076
2021-06-14 09:44:21,714.15,422096
2021-06-14 09:44:22,714.15,422096
2021-06-14 09:44:23,714.55,422196
2021-06-14 09:44:24,714.65,422296
2021-06-14 09:44:27,714.6,423557
2021-06-14 09:44:28,714.55,423660
2021-06-14 09:44:29,714.65,423769
2021-06-14 09:44:29,714.8,423794
2021-06-14 09:44:30,714.55,423908
2021-06-14 09:44:33,714.55,423910
2021-06-14 09:44:34,714.0,424475
2021-06-14 09:44:34,714.55,424570
2021-06-14 09:44:35,714.55,424670
2021-06-14 09:44:36,714.55,424688
2021-06-14 09:44:37,714.6,424823
2021-06-14 09:44:38,714.5,424962
2021-06-14 09:44:39,714.3,425103
2021-06-14 09:44:41,714.5,425155
2021-06-14 09:44:43,714.2,425170
2021-06-14 09:44:44,714.2,425331
2021-06-14 09:44:46,714.25,425369
2021-06-14 09:44:47,714.15,425570
2021-06-14 09:44:48,714.15,425627
2021-06-14 09:44:49,714.15,425627
2021-06-14 09:44:51,714.15,425627
2021-06-14 09:44:52,714.0,425652
2021-06-14 09:44:54,714.25,425678
2021-06-14 09:44:55,714.25,425678
2021-06-14 09:44:56,714.0,425788
2021-06-14 09:44:57,714.25,425857
2021-06-14 09:44:58,714.25,425857
2021-06-14 09:45:00,714.0,425864
2021-06-14 09:45:01,714.25,425881
2021-06-14 09:45:02,714.0,425896
2021-06-14 09:45:03,714.6,426894
2021-06-14 09:45:04,714.1,427107
2021-06-14 09:45:05,714.5,427307
2021-06-14 09:45:06,714.25,427348
2021-06-14 09:45:07,714.1,427352
2021-06-14 09:45:08,714.05,427358
2021-06-14 09:45:09,714.05,427366
2021-06-14 09:45:10,714.0,428366
2021-06-14 09:45:11,714.45,428436
2021-06-14 09:45:12,714.45,428526
2021-06-14 09:45:14,714.45,428530
2021-06-14 09:45:15,714.45,428597
2021-06-14 09:45:16,714.45,428902
2021-06-14 09:45:17,714.15,429025
2021-06-14 09:45:18,714.45,429035
2021-06-14 09:45:19,714.45,429085
2021-06-14 09:45:20,714.45,429085
2021-06-14 09:45:21,714.1,429166
2021-06-14 09:45:22,714.45,429189
2021-06-14 09:45:23,714.1,429259
2021-06-14 09:45:24,714.1,429391
2021-06-14 09:45:26,714.4,429412
2021-06-14 09:45:27,714.05,429418
2021-06-14 09:45:28,714.4,429841
2021-06-14 09:45:29,714.1,429966
2021-06-14 09:45:30,714.1,429966
2021-06-14 09:45:31,714.1,429966
2021-06-14 09:45:33,714.4,429968
2021-06-14 09:45:34,714.45,429978
2021-06-14 09:45:35,714.1,430047
2021-06-14 09:45:36,714.45,430059
2021-06-14 09:45:37,714.1,430087
2021-06-14 09:45:38,713.4,433580
2021-06-14 09:45:39,713.6,434360
2021-06-14 09:45:40,713.2,434452
2021-06-14 09:45:41,713.2,434464
2021-06-14 09:45:42,713.65,434581
2021-06-14 09:45:42,713.65,434602
2021-06-14 09:45:43,713.3,434652
2021-06-14 09:45:44,713.5,434653
2021-06-14 09:45:45,713.45,434663
2021-06-14 09:45:46,713.45,434663
2021-06-14 09:45:47,713.1,434708
2021-06-14 09:45:48,713.1,434708
2021-06-14 09:45:50,712.75,434858
2021-06-14 09:45:51,713.05,435057
2021-06-14 09:45:52,713.0,435091
2021-06-14 09:45:53,712.95,435191
2021-06-14 09:45:54,713.2,435206
2021-06-14 09:45:55,713.15,435264
2021-06-14 09:45:56,713.5,435268
2021-06-14 09:45:57,713.5,435475
2021-06-14 09:45:58,713.55,435579
2021-06-14 09:45:59,713.15,435619
2021-06-14 09:46:00,713.2,435620
2021-06-14 09:46:01,713.2,435621
2021-06-14 09:46:02,713.2,435621
2021-06-14 09:46:03,713.6,435631
2021-06-14 09:46:04,713.5,435746
2021-06-14 09:46:05,713.55,435773
2021-06-14 09:46:06,713.55,435773
2021-06-14 09:46:07,713.5,436314
2021-06-14 09:46:08,713.55,436328
2021-06-14 09:46:09,713.55,436436
2021-06-14 09:46:10,713.8,436507
2021-06-14 09:46:11,713.5,436532
2021-06-14 09:46:12,713.9,436602
2021-06-14 09:46:13,713.9,436617
2021-06-14 09:46:14,713.45,436624
2021-06-14 09:46:15,713.9,436657
2021-06-14 09:46:16,713.9,436657
2021-06-14 09:46:17,713.9,436707
2021-06-14 09:46:18,713.85,436768
2021-06-14 09:46:19,713.85,436768
2021-06-14 09:46:20,713.85,436768
2021-06-14 09:46:21,713.5,436778
2021-06-14 09:46:22,713.8,436859
2021-06-14 09:46:23,713.55,436933
2021-06-14 09:46:24,713.55,437044
2021-06-14 09:46:25,713.8,437147
2021-06-14 09:46:26,713.55,437173
2021-06-14 09:46:27,713.95,437289
2021-06-14 09:46:28,714.1,437420
2021-06-14 09:46:29,714.2,437620
2021-06-14 09:46:30,714.3,437655
2021-06-14 09:46:31,714.3,437655
2021-06-14 09:46:32,714.3,437655
2021-06-14 09:46:33,714.0,437656
2021-06-14 09:46:34,714.3,437666
2021-06-14 09:46:34,714.3,437666
2021-06-14 09:46:35,714.3,437666
2021-06-14 09:46:36,714.0,437802
2021-06-14 09:46:38,714.3,437849
2021-06-14 09:46:41,714.2,438344
2021-06-14 09:46:42,714.2,438355
2021-06-14 09:46:43,714.3,438359
2021-06-14 09:46:44,714.3,438359
2021-06-14 09:46:45,714.0,438385
2021-06-14 09:46:46,714.3,438386
2021-06-14 09:46:47,714.3,438386
2021-06-14 09:46:49,714.0,438387
2021-06-14 09:46:50,714.0,438462
2021-06-14 09:46:50,714.0,438493
2021-06-14 09:46:52,714.0,438513
2021-06-14 09:46:54,714.3,438553
2021-06-14 09:46:56,714.0,438609
2021-06-14 09:46:57,714.2,438613
2021-06-14 09:46:58,714.25,438714
2021-06-14 09:46:59,714.25,438731
2021-06-14 09:47:01,714.25,439003
2021-06-14 09:47:02,713.95,439043
2021-06-14 09:47:03,714.3,439070
2021-06-14 09:47:04,713.95,439202
2021-06-14 09:47:05,714.2,439234
2021-06-14 09:47:06,714.2,439244
2021-06-14 09:47:07,714.2,439244
2021-06-14 09:47:08,714.15,439252
2021-06-14 09:47:09,713.95,439363
2021-06-14 09:47:10,714.0,439445
2021-06-14 09:47:12,713.6,439494
2021-06-14 09:47:13,713.6,439494
2021-06-14 09:47:14,713.95,439501
2021-06-14 09:47:15,713.5,439747
2021-06-14 09:47:16,712.9,439839
2021-06-14 09:47:17,713.85,440839
2021-06-14 09:47:18,713.5,441041
2021-06-14 09:47:19,713.5,441041
2021-06-14 09:47:20,713.25,441042
2021-06-14 09:47:21,713.6,441047
2021-06-14 09:47:22,713.6,441047
2021-06-14 09:47:23,713.5,441049
2021-06-14 09:47:24,713.5,441147
2021-06-14 09:47:25,713.25,441170
2021-06-14 09:47:26,713.15,441195
2021-06-14 09:47:27,713.3,441219
2021-06-14 09:47:28,713.3,441247
2021-06-14 09:47:29,713.55,441281
2021-06-14 09:47:30,713.55,441281
2021-06-14 09:47:32,713.55,441335
2021-06-14 09:47:33,713.55,441348
2021-06-14 09:47:34,713.05,441798
2021-06-14 09:47:35,713.25,442353
2021-06-14 09:47:36,713.55,442397
2021-06-14 09:47:37,713.15,442547
2021-06-14 09:47:38,713.25,442622
2021-06-14 09:47:39,713.6,442632
2021-06-14 09:47:40,713.6,442688
2021-06-14 09:47:41,713.6,442688
2021-06-14 09:47:42,713.6,442776
2021-06-14 09:47:43,713.8,442789
2021-06-14 09:47:44,713.3,442889
2021-06-14 09:47:45,713.75,442907
2021-06-14 09:47:46,713.6,443007
2021-06-14 09:47:48,714.0,443092
2021-06-14 09:47:47,713.65,443082
2021-06-14 09:47:49,713.7,443385
2021-06-14 09:47:50,713.7,443446
2021-06-14 09:47:51,713.75,443476
2021-06-14 09:47:52,713.75,443476
2021-06-14 09:47:53,713.75,443476
2021-06-14 09:47:54,713.75,443502
2021-06-14 09:47:55,713.6,443727
2021-06-14 09:47:56,713.55,443785
2021-06-14 09:47:57,713.85,443861
2021-06-14 09:47:58,714.0,443888
2021-06-14 09:47:59,714.0,443888
2021-06-14 09:48:00,713.85,443890
2021-06-14 09:48:01,713.85,443896
2021-06-14 09:48:02,714.0,444452
2021-06-14 09:48:03,714.2,444554
2021-06-14 09:48:04,714.2,444554
2021-06-14 09:48:05,714.2,444569
2021-06-14 09:48:06,714.05,444619
2021-06-14 09:48:07,714.3,444631
2021-06-14 09:48:08,714.3,444631
2021-06-14 09:48:09,714.3,444631
2021-06-14 09:48:10,714.3,444631
2021-06-14 09:48:11,714.85,446369
2021-06-14 09:48:12,714.8,446678
2021-06-14 09:48:15,714.3,446928
2021-06-14 09:48:16,714.7,446972
2021-06-14 09:48:18,714.1,447573
2021-06-14 09:48:19,714.55,447774
2021-06-14 09:48:20,714.75,447897
2021-06-14 09:48:21,714.75,447915
2021-06-14 09:48:22,714.7,447935
2021-06-14 09:48:24,714.55,448004
2021-06-14 09:48:25,714.6,448008
2021-06-14 09:48:26,714.6,448008
2021-06-14 09:48:27,714.6,448008
2021-06-14 09:48:28,714.7,448021
2021-06-14 09:48:29,714.7,448021
2021-06-14 09:48:30,714.7,448071
2021-06-14 09:48:31,714.7,448071
2021-06-14 09:48:32,714.6,448081
2021-06-14 09:48:33,714.45,448592
2021-06-14 09:48:34,714.7,448680
2021-06-14 09:48:35,714.7,448680
2021-06-14 09:48:36,714.7,448680
2021-06-14 09:48:38,714.7,449853
2021-06-14 09:48:39,714.3,450162
2021-06-14 09:48:40,714.65,450170
2021-06-14 09:48:41,714.7,450191
2021-06-14 09:48:42,714.7,450540
2021-06-14 09:48:43,714.55,451693
2021-06-14 09:48:44,714.65,451854
2021-06-14 09:48:45,714.65,451854
2021-06-14 09:48:46,714.1,451904
2021-06-14 09:48:47,714.1,451904
2021-06-14 09:48:48,714.5,452004
2021-06-14 09:48:49,714.25,452042
2021-06-14 09:48:50,714.25,452043
2021-06-14 09:48:51,714.2,452045
2021-06-14 09:48:52,714.2,452046
2021-06-14 09:48:53,714.7,452256
2021-06-14 09:48:54,714.35,452409
2021-06-14 09:48:55,714.8,452429
2021-06-14 09:48:56,714.8,452429
2021-06-14 09:48:57,714.4,452478
2021-06-14 09:48:58,714.75,452506
2021-06-14 09:48:59,714.75,452519
2021-06-14 09:49:00,714.75,452519
2021-06-14 09:49:01,714.3,452848
2021-06-14 09:49:02,714.7,452920
2021-06-14 09:49:04,714.7,452935
2021-06-14 09:49:04,714.7,452935
2021-06-14 09:49:06,714.75,452940
2021-06-14 09:49:07,714.75,452986
2021-06-14 09:49:07,714.45,453010
2021-06-14 09:49:08,714.8,453029
2021-06-14 09:49:10,714.8,453029
2021-06-14 09:49:11,714.75,453044
2021-06-14 09:49:11,714.75,453044
2021-06-14 09:49:12,714.85,453062
2021-06-14 09:49:13,714.9,453302
2021-06-14 09:49:14,714.5,453471
2021-06-14 09:49:15,714.9,453493
2021-06-14 09:49:17,715.0,456524
2021-06-14 09:49:17,714.9,457059
2021-06-14 09:49:21,714.5,457083
2021-06-14 09:49:22,714.5,457083
2021-06-14 09:49:23,714.5,457155
2021-06-14 09:49:23,714.8,457212
2021-06-14 09:49:24,714.8,457212
2021-06-14 09:49:25,714.8,457212
2021-06-14 09:49:26,714.5,457213
2021-06-14 09:49:29,714.5,457213
2021-06-14 09:49:30,714.8,457265
2021-06-14 09:49:30,714.6,458411
2021-06-14 09:49:31,714.9,458611
2021-06-14 09:49:32,714.9,458611
2021-06-14 09:49:34,714.9,458611
2021-06-14 09:49:35,714.6,458649
2021-06-14 09:49:36,714.6,458649
2021-06-14 09:49:37,714.8,458650
2021-06-14 09:49:38,714.65,458675
2021-06-14 09:49:39,714.8,458686
2021-06-14 09:49:40,714.65,458704
2021-06-14 09:49:41,714.5,460054
2021-06-14 09:49:42,715.3,465834
2021-06-14 09:49:43,715.1,465848
2021-06-14 09:49:45,715.1,465848
2021-06-14 09:49:45,715.1,465848
2021-06-14 09:49:46,715.1,465848
2021-06-14 09:49:47,715.65,465998
2021-06-14 09:49:48,715.2,465999
2021-06-14 09:49:49,715.65,466110
2021-06-14 09:49:51,715.2,466210
2021-06-14 09:49:52,715.2,466210
2021-06-14 09:49:53,715.65,466230
2021-06-14 09:49:54,715.25,466231
2021-06-14 09:49:55,715.15,468383
2021-06-14 09:49:57,715.15,468496
2021-06-14 09:49:57,715.15,468495
2021-06-14 09:49:58,715.15,468597
2021-06-14 09:49:59,715.2,468599
2021-06-14 09:50:00,715.2,468601
2021-06-14 09:50:01,715.2,468611
2021-06-14 09:50:02,715.2,468800
2021-06-14 09:50:03,715.2,468925
2021-06-14 09:50:04,715.2,468945
2021-06-14 09:50:05,715.2,468985
2021-06-14 09:50:06,715.2,468987
2021-06-14 09:50:07,715.2,468987
2021-06-14 09:50:09,715.15,468989
2021-06-14 09:50:12,714.9,469540
2021-06-14 09:50:12,715.0,469571
2021-06-14 09:50:13,715.0,469643
2021-06-14 09:50:14,715.0,469645
2021-06-14 09:50:15,715.0,469647
2021-06-14 09:50:16,715.0,469965
2021-06-14 09:50:17,714.95,470036
2021-06-14 09:50:18,714.95,470202
2021-06-14 09:50:19,714.7,470447
2021-06-14 09:50:20,714.75,471139
2021-06-14 09:50:22,714.3,471485
2021-06-14 09:50:22,714.45,471541
2021-06-14 09:50:23,714.45,471541
2021-06-14 09:50:24,714.45,471686
2021-06-14 09:50:26,714.0,473027
2021-06-14 09:50:26,714.2,473259
2021-06-14 09:50:27,714.25,473658
2021-06-14 09:50:28,714.15,474043
2021-06-14 09:50:29,714.0,474110
2021-06-14 09:50:30,714.3,474224
2021-06-14 09:50:31,714.25,474294
2021-06-14 09:50:32,713.6,475366
2021-06-14 09:50:33,713.9,475386
2021-06-14 09:50:35,713.95,475959
2021-06-14 09:50:35,714.0,476031
2021-06-14 09:50:36,714.0,476031
2021-06-14 09:50:37,713.85,476086
2021-06-14 09:50:38,713.85,476164
2021-06-14 09:50:39,713.9,476179
2021-06-14 09:50:40,713.85,476189
2021-06-14 09:50:41,713.55,476249
2021-06-14 09:50:42,713.85,476262
2021-06-14 09:50:43,713.55,476273
2021-06-14 09:50:44,713.55,476273
2021-06-14 09:50:46,713.8,476327
2021-06-14 09:50:46,713.8,476327
2021-06-14 09:50:48,713.55,476358
2021-06-14 09:50:49,713.55,476577
2021-06-14 09:50:50,713.7,476584
2021-06-14 09:50:50,713.6,476660
2021-06-14 09:50:51,713.6,476680
2021-06-14 09:50:52,713.8,476690
2021-06-14 09:50:53,713.55,476711
2021-06-14 09:50:54,713.8,476722
2021-06-14 09:50:55,713.6,476803
2021-06-14 09:50:56,713.5,477328
2021-06-14 09:50:57,714.1,477483
2021-06-14 09:50:58,713.55,477633
2021-06-14 09:51:00,713.95,477678
2021-06-14 09:51:00,713.95,477678
2021-06-14 09:51:01,713.6,477687
2021-06-14 09:51:02,713.6,477712
2021-06-14 09:51:03,713.6,477712
2021-06-14 09:51:04,713.9,477917
2021-06-14 09:51:06,714.2,477923
2021-06-14 09:51:07,714.45,477989
2021-06-14 09:51:08,714.15,478046
2021-06-14 09:51:08,713.95,478383
2021-06-14 09:51:09,714.2,478516
2021-06-14 09:51:10,714.05,478559
2021-06-14 09:51:11,714.35,478622
2021-06-14 09:51:12,714.35,478646
2021-06-14 09:51:14,713.9,478846
2021-06-14 09:51:15,714.0,478956
2021-06-14 09:51:16,714.4,478971
2021-06-14 09:51:18,714.05,479105
2021-06-14 09:51:19,714.0,479126
2021-06-14 09:51:20,713.7,479154
2021-06-14 09:51:21,713.7,479154
2021-06-14 09:51:22,713.8,479219
2021-06-14 09:51:23,714.05,479263
2021-06-14 09:51:24,714.3,479313
2021-06-14 09:51:24,714.4,479351
2021-06-14 09:51:25,714.0,479612
2021-06-14 09:51:27,714.0,479812
2021-06-14 09:51:28,714.0,479864
2021-06-14 09:51:29,713.75,479869
2021-06-14 09:51:31,714.0,479871
2021-06-14 09:51:31,714.0,479871
2021-06-14 09:51:34,714.0,480022
2021-06-14 09:51:35,714.35,480115
2021-06-14 09:51:36,714.0,480157
2021-06-14 09:51:37,713.95,480179
2021-06-14 09:51:39,713.95,480775
2021-06-14 09:51:40,714.0,480785
2021-06-14 09:51:40,714.0,480800
2021-06-14 09:51:42,713.9,480835
2021-06-14 09:51:43,713.95,480870
2021-06-14 09:51:44,714.3,480884
2021-06-14 09:51:44,714.25,480886
2021-06-14 09:51:45,714.35,480892
2021-06-14 09:51:46,714.1,480910
2021-06-14 09:51:47,714.1,480910
2021-06-14 09:51:48,714.05,480964
2021-06-14 09:51:49,714.35,481002
2021-06-14 09:51:50,714.35,481002
2021-06-14 09:51:51,714.1,481220
2021-06-14 09:51:52,714.1,481304
2021-06-14 09:51:53,714.05,481404
2021-06-14 09:51:54,714.5,481535
2021-06-14 09:51:56,714.55,481553
2021-06-14 09:51:57,714.55,481560
2021-06-14 09:51:58,714.55,481560
2021-06-14 09:51:59,714.55,481560
2021-06-14 09:51:59,714.55,481560
2021-06-14 09:52:01,714.5,482466
2021-06-14 09:52:02,714.55,482555
2021-06-14 09:52:04,714.7,482686
2021-06-14 09:52:05,714.7,482806
2021-06-14 09:52:06,714.7,482836
2021-06-14 09:52:07,714.6,482872
2021-06-14 09:52:08,714.6,482910
2021-06-14 09:52:09,714.6,482910
2021-06-14 09:52:10,714.15,483112
2021-06-14 09:52:11,714.5,483118
2021-06-14 09:52:12,714.5,483118
2021-06-14 09:52:14,714.6,483169
2021-06-14 09:52:15,714.5,483188
2021-06-14 09:52:16,714.15,483688
2021-06-14 09:52:18,714.6,483734
2021-06-14 09:52:18,714.6,483734
2021-06-14 09:52:20,714.7,483818
2021-06-14 09:52:21,714.7,483818
2021-06-14 09:52:21,714.75,483821
2021-06-14 09:52:22,714.75,483821
2021-06-14 09:52:23,714.35,483904
2021-06-14 09:52:24,714.75,483925
2021-06-14 09:52:27,714.0,485043
2021-06-14 09:52:29,714.5,485058
2021-06-14 09:52:30,714.7,485070
2021-06-14 09:52:31,714.85,485191
2021-06-14 09:52:32,714.85,485324
2021-06-14 09:52:33,714.7,485424
2021-06-14 09:52:34,714.75,485444
2021-06-14 09:52:34,714.7,485454
2021-06-14 09:52:36,714.7,485454
2021-06-14 09:52:37,714.85,485460
2021-06-14 09:52:38,714.7,485470
2021-06-14 09:52:39,714.5,485515
2021-06-14 09:52:42,714.7,485579
2021-06-14 09:52:43,714.65,485597
2021-06-14 09:52:44,714.65,485597
2021-06-14 09:52:45,714.65,485597
2021-06-14 09:52:46,714.65,485597
2021-06-14 09:52:47,714.35,485598
2021-06-14 09:52:48,714.5,485601
2021-06-14 09:52:50,714.7,485602
2021-06-14 09:52:51,714.7,485602
2021-06-14 09:52:53,714.5,485603
2021-06-14 09:52:54,714.5,485603
2021-06-14 09:52:55,714.7,485623
2021-06-14 09:52:56,714.7,485634
2021-06-14 09:52:56,714.7,485645
2021-06-14 09:52:57,714.7,485645
2021-06-14 09:52:58,714.5,485665
2021-06-14 09:52:59,714.5,485665
2021-06-14 09:53:02,714.7,485670
2021-06-14 09:53:04,714.7,485670
2021-06-14 09:53:05,714.7,485680
2021-06-14 09:53:06,714.7,485710
2021-06-14 09:53:07,714.7,486182
2021-06-14 09:53:09,714.85,486264
2021-06-14 09:53:09,714.95,486267
2021-06-14 09:53:10,714.7,486442
2021-06-14 09:53:12,714.7,486629
2021-06-14 09:53:13,714.7,486667
2021-06-14 09:53:14,714.7,486730
2021-06-14 09:53:15,714.7,486745
2021-06-14 09:53:16,714.7,486745
2021-06-14 09:53:18,714.7,486745
2021-06-14 09:53:20,714.3,486755
2021-06-14 09:53:20,714.3,486755
2021-06-14 09:53:21,714.3,486755
2021-06-14 09:53:23,714.3,486755
2021-06-14 09:53:23,714.3,486755
2021-06-14 09:53:26,714.3,487405
2021-06-14 09:53:27,714.7,487427
2021-06-14 09:53:28,714.7,487580
2021-06-14 09:53:29,714.7,487580
2021-06-14 09:53:30,714.3,487631
2021-06-14 09:53:30,714.7,487647
2021-06-14 09:53:31,714.7,487647
2021-06-14 09:53:33,714.25,487730
2021-06-14 09:53:34,714.65,487756
2021-06-14 09:53:35,714.65,487756
2021-06-14 09:53:36,714.3,487763
2021-06-14 09:53:37,714.6,487816
2021-06-14 09:53:38,714.65,487852
2021-06-14 09:53:39,714.65,487852
2021-06-14 09:53:42,714.7,487918
2021-06-14 09:53:43,714.7,487918
2021-06-14 09:53:44,714.45,487923
2021-06-14 09:53:45,714.55,488741
2021-06-14 09:53:46,714.9,488933
2021-06-14 09:53:46,714.9,488923
2021-06-14 09:53:47,714.9,488933
2021-06-14 09:53:49,714.65,488958
2021-06-14 09:53:50,714.9,488970
2021-06-14 09:53:51,714.9,488970
2021-06-14 09:53:52,714.55,489077
2021-06-14 09:53:52,714.85,489104
2021-06-14 09:53:54,714.7,490007
2021-06-14 09:53:56,714.35,490454
2021-06-14 09:53:57,714.65,490479
2021-06-14 09:53:58,714.25,490485
2021-06-14 09:53:59,714.25,490486
2021-06-14 09:54:00,714.25,490487
2021-06-14 09:54:00,714.65,490505
2021-06-14 09:54:01,714.3,490510
2021-06-14 09:54:03,714.3,490593
2021-06-14 09:54:05,714.55,490663
2021-06-14 09:54:05,714.65,490680
2021-06-14 09:54:07,714.55,490711
2021-06-14 09:54:08,714.55,490731
2021-06-14 09:54:08,714.2,490845
2021-06-14 09:54:09,714.6,490873
2021-06-14 09:54:10,714.6,490873
2021-06-14 09:54:11,714.6,490873
2021-06-14 09:54:13,714.6,490873
2021-06-14 09:54:14,714.6,490954
2021-06-14 09:54:15,714.6,490954
2021-06-14 09:54:16,714.6,490954
2021-06-14 09:54:17,714.65,490976
2021-06-14 09:54:18,714.6,490991
2021-06-14 09:54:19,714.65,491103
2021-06-14 09:54:20,714.65,491338
2021-06-14 09:54:21,714.65,491390
2021-06-14 09:54:21,714.65,491390
2021-06-14 09:54:22,714.65,491390
2021-06-14 09:54:23,714.65,491390
2021-06-14 09:54:24,714.65,491583
2021-06-14 09:54:26,714.7,491638
2021-06-14 09:54:27,714.7,491638
2021-06-14 09:54:28,714.7,491638
2021-06-14 09:54:29,714.7,491638
2021-06-14 09:54:31,714.95,491678
2021-06-14 09:54:32,714.95,491678
2021-06-14 09:54:32,714.95,491678
2021-06-14 09:54:34,714.95,491678
2021-06-14 09:54:36,714.95,491678
2021-06-14 09:54:35,714.95,491678
2021-06-14 09:54:36,714.95,491678
2021-06-14 09:54:37,714.95,491879
2021-06-14 09:54:38,715.0,492596
2021-06-14 09:54:40,715.0,492762
2021-06-14 09:54:40,715.2,494706
2021-06-14 09:54:42,715.2,494706
2021-06-14 09:54:43,715.2,494706
2021-06-14 09:54:43,715.5,494756
2021-06-14 09:54:45,715.25,494865
2021-06-14 09:54:46,715.45,494923
2021-06-14 09:54:47,715.45,494924
2021-06-14 09:54:48,715.4,494945
2021-06-14 09:54:49,715.4,494947
2021-06-14 09:54:50,715.4,494947
2021-06-14 09:54:51,715.4,494986
2021-06-14 09:54:52,715.45,495011
2021-06-14 09:54:53,715.45,495020
2021-06-14 09:54:54,715.5,495144
2021-06-14 09:54:55,715.5,495144
2021-06-14 09:54:57,715.5,495244
2021-06-14 09:55:00,715.15,495400
2021-06-14 09:55:00,715.5,495498
2021-06-14 09:55:01,715.2,495508
2021-06-14 09:55:03,715.5,495515
2021-06-14 09:55:03,715.3,495526
2021-06-14 09:55:04,715.5,496326
2021-06-14 09:55:05,715.5,496336
2021-06-14 09:55:06,715.5,496336
2021-06-14 09:55:08,715.5,496351
2021-06-14 09:55:09,715.5,496377
2021-06-14 09:55:10,715.5,496377
2021-06-14 09:55:11,715.5,496402
2021-06-14 09:55:12,715.15,496928
2021-06-14 09:55:13,715.5,497028
2021-06-14 09:55:13,715.5,497053
2021-06-14 09:55:14,715.5,497053
2021-06-14 09:55:15,715.5,497131
2021-06-14 09:55:16,715.5,497157
2021-06-14 09:55:17,715.5,497187
2021-06-14 09:55:19,715.5,497187
2021-06-14 09:55:20,715.15,497197
2021-06-14 09:55:21,715.5,497201
2021-06-14 09:55:22,715.5,497258
2021-06-14 09:55:23,715.5,497258
2021-06-14 09:55:24,715.5,497398
2021-06-14 09:55:25,715.15,497423
2021-06-14 09:55:25,715.15,497428
2021-06-14 09:55:28,715.5,497431
2021-06-14 09:55:29,715.15,497435
2021-06-14 09:55:30,715.5,497573
2021-06-14 09:55:31,715.15,497603
2021-06-14 09:55:32,715.55,497604
2021-06-14 09:55:33,715.6,497863
2021-06-14 09:55:34,715.6,497863
2021-06-14 09:55:35,715.6,497863
2021-06-14 09:55:36,715.6,497863
2021-06-14 09:55:37,715.6,497863
2021-06-14 09:55:38,715.6,497913
2021-06-14 09:55:39,715.5,497914
2021-06-14 09:55:40,715.5,497914
2021-06-14 09:55:40,715.6,497926
2021-06-14 09:55:41,715.2,498249
2021-06-14 09:55:42,715.2,498249
2021-06-14 09:55:44,715.2,498301
2021-06-14 09:55:45,714.9,500802
2021-06-14 09:55:45,714.9,500802
2021-06-14 09:55:47,715.45,500852
2021-06-14 09:55:48,715.2,500862
2021-06-14 09:55:49,715.1,500893
2021-06-14 09:55:50,715.25,501204
2021-06-14 09:55:51,715.25,501204
2021-06-14 09:55:52,715.0,501304
2021-06-14 09:55:53,715.0,501309
2021-06-14 09:55:54,715.0,501309
2021-06-14 09:55:55,715.0,501309
2021-06-14 09:55:56,715.0,501589
2021-06-14 09:55:57,715.0,501689
2021-06-14 09:55:58,715.0,501689
2021-06-14 09:55:59,715.0,501689
2021-06-14 09:56:00,715.0,501689
2021-06-14 09:56:01,715.0,501689
2021-06-14 09:56:01,714.95,501691
2021-06-14 09:56:02,714.95,501691
2021-06-14 09:56:03,714.95,501691
2021-06-14 09:56:06,714.25,501897
2021-06-14 09:56:07,714.25,501897
2021-06-14 09:56:08,714.25,502103
2021-06-14 09:56:09,714.05,502177
2021-06-14 09:56:10,714.05,502177
2021-06-14 09:56:10,714.05,502177
2021-06-14 09:56:11,714.0,502227
2021-06-14 09:56:12,714.05,502244
2021-06-14 09:56:14,714.05,502244
2021-06-14 09:56:15,714.05,502244
2021-06-14 09:56:16,714.0,502295
2021-06-14 09:56:17,714.05,502298
2021-06-14 09:56:18,714.05,502441
2021-06-14 09:56:20,714.05,502484
2021-06-14 09:56:21,714.05,503080
2021-06-14 09:56:22,714.0,504455
2021-06-14 09:56:22,714.25,504604
2021-06-14 09:56:23,714.3,504767
2021-06-14 09:56:25,714.3,504767
2021-06-14 09:56:28,714.25,505157
2021-06-14 09:56:29,714.25,505309
2021-06-14 09:56:30,714.05,505369
2021-06-14 09:56:31,714.45,505404
2021-06-14 09:56:32,714.45,505413
2021-06-14 09:56:32,714.3,505421
2021-06-14 09:56:33,714.45,505441
2021-06-14 09:56:34,714.45,505541
2021-06-14 09:56:35,714.55,505687
2021-06-14 09:56:38,714.3,505776
2021-06-14 09:56:39,714.5,505793
2021-06-14 09:56:40,714.3,505843
2021-06-14 09:56:41,714.55,505946
2021-06-14 09:56:42,715.2,506023
2021-06-14 09:56:43,714.85,506035
2021-06-14 09:56:44,714.85,506035
2021-06-14 09:56:44,714.85,506035
2021-06-14 09:56:47,715.05,506038
2021-06-14 09:56:48,715.5,506066
2021-06-14 09:56:49,715.5,506066
2021-06-14 09:56:50,715.5,506066
2021-06-14 09:56:51,715.5,506066
2021-06-14 09:56:52,715.5,506066
2021-06-14 09:56:53,715.5,506066
2021-06-14 09:56:54,715.05,506161
2021-06-14 09:56:55,715.45,506177
2021-06-14 09:56:56,715.45,506177
2021-06-14 09:56:57,715.45,506237
2021-06-14 09:56:58,715.5,506338
2021-06-14 09:56:59,715.5,506338
2021-06-14 09:57:00,715.4,506339
2021-06-14 09:57:02,715.05,506342
2021-06-14 09:57:03,715.05,506342
2021-06-14 09:57:04,715.05,506342
2021-06-14 09:57:05,715.05,506342
2021-06-14 09:57:06,715.0,506529
2021-06-14 09:57:07,715.0,506529
2021-06-14 09:57:08,715.35,506532
2021-06-14 09:57:09,715.35,506532
2021-06-14 09:57:10,715.05,506544
2021-06-14 09:57:11,715.0,506554
2021-06-14 09:57:12,715.35,506784
2021-06-14 09:57:13,715.35,506804
2021-06-14 09:57:14,715.35,506804
2021-06-14 09:57:16,715.35,506854
2021-06-14 09:57:17,715.0,506925
2021-06-14 09:57:18,715.0,506940
2021-06-14 09:57:20,715.0,506940
2021-06-14 09:57:21,715.0,506940
2021-06-14 09:57:23,715.35,506959
2021-06-14 09:57:22,715.35,506953
2021-06-14 09:57:24,715.35,506959
2021-06-14 09:57:25,715.0,507181
2021-06-14 09:57:26,715.0,507181
2021-06-14 09:57:27,715.0,507241
2021-06-14 09:57:28,715.0,507256
2021-06-14 09:57:29,715.0,507316
2021-06-14 09:57:30,715.0,507356
2021-06-14 09:57:31,715.0,507366
2021-06-14 09:57:32,715.0,507381
2021-06-14 09:57:33,715.0,507382
2021-06-14 09:57:34,715.1,507482
2021-06-14 09:57:35,715.0,507642
2021-06-14 09:57:36,715.0,507663
2021-06-14 09:57:37,715.1,507708
2021-06-14 09:57:38,715.35,507733
2021-06-14 09:57:39,715.35,507933
2021-06-14 09:57:40,715.35,507933
2021-06-14 09:57:41,715.35,507933
2021-06-14 09:57:42,715.35,507933
2021-06-14 09:57:43,715.35,507933
2021-06-14 09:57:44,715.1,507950
2021-06-14 09:57:50,715.35,508066
2021-06-14 09:57:55,715.3,508394
2021-06-14 09:58:00,715.3,508470
2021-06-14 09:58:05,715.35,508564
2021-06-14 09:58:10,715.3,508598
2021-06-14 09:58:15,715.35,509136
2021-06-14 09:58:21,715.5,509231
2021-06-14 09:58:26,715.7,510028
2021-06-14 09:58:31,715.35,510843
2021-06-14 09:58:36,715.7,510929
2021-06-14 09:58:41,715.8,510990
2021-06-14 09:58:46,715.8,511011
2021-06-14 09:58:51,715.55,511027
2021-06-14 09:58:57,715.65,511267
2021-06-14 09:59:02,715.85,511799
2021-06-14 09:59:08,715.9,511815
2021-06-14 09:59:13,715.95,513040
2021-06-14 09:59:18,715.95,513094
2021-06-14 09:59:23,715.95,513390
2021-06-14 09:59:29,715.95,513882
2021-06-14 09:59:34,715.95,514702
2021-06-14 09:59:39,715.95,514746
2021-06-14 09:59:44,715.95,515055
2021-06-14 09:59:49,715.6,516649
2021-06-14 09:59:54,715.6,517013
2021-06-14 09:59:59,715.65,518609
2021-06-14 10:00:04,715.3,518745
2021-06-14 10:00:10,715.35,518850
2021-06-14 10:00:15,715.35,518959
2021-06-14 10:00:20,715.2,520079
2021-06-14 10:00:25,715.45,520093
2021-06-14 10:00:31,715.5,520224
2021-06-14 10:00:36,715.5,520344
2021-06-14 10:00:41,715.4,520403
2021-06-14 10:00:46,715.1,520693
2021-06-14 10:00:51,714.3,523812
2021-06-14 10:00:56,714.75,524195
2021-06-14 10:01:01,714.8,524342
2021-06-14 10:01:05,714.65,524727
2021-06-14 10:01:11,715.0,524789
2021-06-14 10:01:16,715.0,524941
2021-06-14 10:01:21,715.0,525612
2021-06-14 10:01:26,714.75,526131
2021-06-14 10:01:31,714.95,527344
2021-06-14 10:01:35,714.95,527488
2021-06-14 10:01:40,714.95,528716
2021-06-14 10:01:46,714.95,529291
2021-06-14 10:01:51,714.85,529583
2021-06-14 10:01:56,714.75,529878
2021-06-14 10:02:01,714.5,529909
2021-06-14 10:02:06,714.55,530231
2021-06-14 10:02:12,714.3,530371
2021-06-14 10:02:17,714.35,531142
2021-06-14 10:02:22,714.35,531505
2021-06-14 10:02:28,714.25,532306
2021-06-14 10:02:33,714.7,532422
2021-06-14 10:02:39,714.65,532715
2021-06-14 10:02:44,714.25,532861
2021-06-14 10:02:49,714.35,532958
2021-06-14 10:02:54,714.5,533062
2021-06-14 10:02:59,714.45,533120
2021-06-14 10:03:04,714.35,533157
2021-06-14 10:03:09,714.35,533208
2021-06-14 10:03:15,714.35,533208
2021-06-14 10:03:20,713.6,534201
2021-06-14 10:03:25,714.2,535051
2021-06-14 10:03:31,714.3,535937
2021-06-14 10:03:36,713.8,536789
2021-06-14 10:03:41,713.6,537771
2021-06-14 10:03:47,713.65,538354
2021-06-14 10:03:52,713.7,538640
2021-06-14 10:03:57,714.0,539077
2021-06-14 10:04:02,714.2,539723
2021-06-14 10:04:07,713.85,541253
2021-06-14 10:04:12,714.25,541964
2021-06-14 10:04:17,714.15,542391
2021-06-14 10:04:22,714.65,543046
2021-06-14 10:04:27,714.6,543291
2021-06-14 10:04:32,714.35,544937
2021-06-14 10:04:37,714.4,545193
2021-06-14 10:04:42,714.8,545922
2021-06-14 10:04:48,714.85,546514
2021-06-14 10:04:52,714.95,547457
2021-06-14 10:04:57,714.6,548843
2021-06-14 10:05:02,714.5,549577
2021-06-14 10:05:07,714.35,549939
2021-06-14 10:05:12,714.75,550122
2021-06-14 10:05:17,714.75,550170
2021-06-14 10:05:22,714.95,550738
2021-06-14 10:05:27,714.95,552289
2021-06-14 10:05:32,714.6,552716
2021-06-14 10:05:37,714.6,554032
2021-06-14 10:05:43,714.9,558009
2021-06-14 10:05:47,714.95,563510
2021-06-14 10:05:52,715.3,567723
2021-06-14 10:06:01,715.3,569193
2021-06-14 10:06:07,714.6,569744
2021-06-14 10:06:12,715.15,569807
2021-06-14 10:06:17,714.85,570074
2021-06-14 10:06:22,714.75,570106
2021-06-14 10:06:27,714.8,570311
2021-06-14 10:06:32,714.35,570473
2021-06-14 10:06:36,714.6,570560
2021-06-14 10:06:41,714.1,570660
2021-06-14 10:06:46,714.6,571305
2021-06-14 10:06:51,714.5,571361
2021-06-14 10:06:55,714.25,571362
2021-06-14 10:07:00,714.5,571442
2021-06-14 10:07:06,714.5,571443
2021-06-14 10:07:11,714.75,571478
2021-06-14 10:07:17,714.4,571593
2021-06-14 10:07:22,714.75,571604
2021-06-14 10:07:28,714.75,571615
2021-06-14 10:07:33,714.9,571827
2021-06-14 10:07:38,714.65,571939
2021-06-14 10:07:43,714.65,572102
2021-06-14 10:07:44,714.9,572116
2021-06-14 10:07:45,714.9,572116
2021-06-14 10:07:46,714.9,572116
2021-06-14 10:07:47,714.65,572216
2021-06-14 10:07:48,714.65,572216
2021-06-14 10:07:49,714.65,572232
2021-06-14 10:07:50,714.65,572232
2021-06-14 10:07:52,714.65,572232
2021-06-14 10:07:53,714.65,572233
2021-06-14 10:07:54,714.9,572243
2021-06-14 10:07:55,714.65,572261
2021-06-14 10:07:56,714.9,572267
2021-06-14 10:07:57,714.9,572267
2021-06-14 10:07:58,714.9,572267
2021-06-14 10:07:59,714.65,572327
2021-06-14 10:08:01,714.85,572359
2021-06-14 10:08:02,714.9,572459
2021-06-14 10:08:03,714.9,572459
2021-06-14 10:08:04,714.9,572459
2021-06-14 10:08:05,714.65,572460
2021-06-14 10:08:06,714.65,572460
2021-06-14 10:08:07,714.65,572461
2021-06-14 10:08:08,714.9,572561
2021-06-14 10:08:09,714.9,572621
2021-06-14 10:08:10,714.9,572631
2021-06-14 10:08:11,714.9,572632
2021-06-14 10:08:12,714.65,572694
2021-06-14 10:08:13,714.65,572709
2021-06-14 10:08:14,714.65,572709
2021-06-14 10:08:15,714.65,572709
2021-06-14 10:08:16,714.65,572709
2021-06-14 10:08:17,714.65,572709
2021-06-14 10:08:18,714.65,572709
2021-06-14 10:08:19,714.9,572813
2021-06-14 10:08:20,714.9,572826
2021-06-14 10:08:21,714.9,572826
2021-06-14 10:08:22,714.55,572827
2021-06-14 10:08:23,714.9,572887
2021-06-14 10:08:25,714.55,572888
2021-06-14 10:08:24,714.55,572888
2021-06-14 10:08:26,714.55,572888
2021-06-14 10:08:27,714.9,572913
2021-06-14 10:08:28,714.85,572918
2021-06-14 10:08:29,714.85,572918
2021-06-14 10:08:30,714.55,573018
2021-06-14 10:08:31,714.85,573023
2021-06-14 10:08:32,714.9,573031
2021-06-14 10:08:33,714.9,573031
2021-06-14 10:08:34,714.9,573031
2021-06-14 10:08:35,714.9,573032
2021-06-14 10:08:36,714.9,573045
2021-06-14 10:08:37,714.9,573045
2021-06-14 10:08:38,714.9,573060
2021-06-14 10:08:39,714.9,573060
2021-06-14 10:08:40,714.9,573067
2021-06-14 10:08:41,714.9,573077
2021-06-14 10:08:42,714.9,573077
2021-06-14 10:08:43,714.9,573077
2021-06-14 10:08:44,714.9,573077
2021-06-14 10:08:45,714.75,573098
2021-06-14 10:08:46,714.75,573098
2021-06-14 10:08:48,714.95,573125
2021-06-14 10:08:49,714.85,573135
2021-06-14 10:08:50,714.85,573135
2021-06-14 10:08:51,714.75,573145
2021-06-14 10:08:52,714.75,573196
2021-06-14 10:08:53,714.9,573210
2021-06-14 10:08:54,715.0,573260
2021-06-14 10:08:55,714.75,573285
2021-06-14 10:08:56,714.75,573285
2021-06-14 10:08:57,714.75,573285
2021-06-14 10:08:58,714.75,573285
2021-06-14 10:08:59,715.0,573295
2021-06-14 10:09:00,714.85,573340
2021-06-14 10:09:01,714.85,573340
2021-06-14 10:09:02,715.0,573343
2021-06-14 10:09:03,715.0,573343
2021-06-14 10:09:04,715.0,573343
2021-06-14 10:09:05,715.0,573343
2021-06-14 10:09:06,714.95,573405
2021-06-14 10:09:07,714.85,573535
2021-06-14 10:09:08,714.95,573548
2021-06-14 10:09:09,714.85,573596
2021-06-14 10:09:10,714.85,573606
2021-06-14 10:09:11,714.85,573606
2021-06-14 10:09:12,714.85,573619
2021-06-14 10:09:13,714.85,573619
2021-06-14 10:09:14,714.85,573619
2021-06-14 10:09:15,714.85,573619
2021-06-14 10:09:16,714.85,573619
2021-06-14 10:09:17,714.8,573635
2021-06-14 10:09:18,714.8,573635
2021-06-14 10:09:19,714.75,573875
2021-06-14 10:09:20,714.75,573915
2021-06-14 10:09:21,714.75,573925
2021-06-14 10:09:22,714.75,573925
2021-06-14 10:09:23,714.85,573926
2021-06-14 10:09:24,714.85,573926
2021-06-14 10:09:25,714.85,573926
2021-06-14 10:09:26,714.95,574029
2021-06-14 10:09:27,714.95,574033
2021-06-14 10:09:28,714.95,574033
2021-06-14 10:09:29,714.95,574033
2021-06-14 10:09:30,714.95,574033
2021-06-14 10:09:31,714.95,574033
2021-06-14 10:09:32,714.95,574033
2021-06-14 10:09:33,714.95,574033
2021-06-14 10:09:34,714.95,574089
2021-06-14 10:09:35,714.95,574099
2021-06-14 10:09:36,714.95,574099
2021-06-14 10:09:37,714.95,574099
2021-06-14 10:09:38,714.75,574142
2021-06-14 10:09:39,715.0,574242
2021-06-14 10:09:40,715.0,574242
2021-06-14 10:09:41,715.0,574242
2021-06-14 10:09:42,715.0,574247
2021-06-14 10:09:43,715.0,575232
2021-06-14 10:09:44,714.9,575293
2021-06-14 10:09:45,714.9,575293
2021-06-14 10:09:46,714.9,575293
2021-06-14 10:09:47,714.9,575293
2021-06-14 10:09:48,714.5,577040
2021-06-14 10:09:49,714.65,577153
2021-06-14 10:09:50,714.65,577153
2021-06-14 10:09:51,713.7,578740
2021-06-14 10:09:52,714.35,578833
2021-06-14 10:09:53,714.3,578848
2021-06-14 10:09:54,714.3,578848
2021-06-14 10:09:55,713.85,578864
2021-06-14 10:09:56,714.3,578874
2021-06-14 10:09:57,714.3,578876
2021-06-14 10:09:58,714.3,578886
2021-06-14 10:10:00,714.3,578886
2021-06-14 10:10:01,714.3,578886
2021-06-14 10:10:02,714.0,579087
2021-06-14 10:10:03,714.0,579101
2021-06-14 10:10:04,714.0,579101
2021-06-14 10:10:05,714.0,579111
2021-06-14 10:10:07,713.65,579153
2021-06-14 10:10:08,714.0,579163
2021-06-14 10:10:09,714.0,579163
2021-06-14 10:10:10,714.0,579176
2021-06-14 10:10:11,714.0,579176
2021-06-14 10:10:12,713.95,579206
2021-06-14 10:10:13,713.95,579210
2021-06-14 10:10:14,713.95,579210
2021-06-14 10:10:15,713.95,579230
2021-06-14 10:10:16,713.95,579235
2021-06-14 10:10:17,713.95,579235
2021-06-14 10:10:18,713.95,579246
2021-06-14 10:10:22,713.95,579283
2021-06-14 10:10:23,713.95,579343
2021-06-14 10:10:24,713.95,579384
2021-06-14 10:10:25,713.95,579384
2021-06-14 10:10:26,713.95,579384
2021-06-14 10:10:27,713.65,579620
2021-06-14 10:10:28,713.6,579757
2021-06-14 10:10:30,714.0,579870
2021-06-14 10:10:31,714.0,579982
2021-06-14 10:10:31,714.0,579982
2021-06-14 10:10:32,714.0,579982
2021-06-14 10:10:33,714.0,579982
2021-06-14 10:10:35,714.0,579982
2021-06-14 10:10:36,714.0,579982
2021-06-14 10:10:37,713.7,579992
2021-06-14 10:10:37,713.7,579992
2021-06-14 10:10:38,714.0,579999
2021-06-14 10:10:39,713.75,580099
2021-06-14 10:10:40,713.6,580253
2021-06-14 10:10:41,713.9,580271
2021-06-14 10:10:42,713.9,580271
2021-06-14 10:10:43,713.9,580273
2021-06-14 10:10:44,714.0,580333
2021-06-14 10:10:45,714.0,580343
2021-06-14 10:10:46,714.0,580343
2021-06-14 10:10:47,713.7,580348
2021-06-14 10:10:48,713.7,580348
2021-06-14 10:10:49,713.7,580356
2021-06-14 10:10:50,713.7,580374
2021-06-14 10:10:51,713.95,580384
2021-06-14 10:10:53,713.95,580384
2021-06-14 10:10:54,713.95,580389
2021-06-14 10:10:55,713.6,580839
2021-06-14 10:10:56,713.9,580878
2021-06-14 10:10:57,713.95,580989
2021-06-14 10:10:59,713.95,580989
2021-06-14 10:11:00,713.95,580990
2021-06-14 10:11:01,713.95,580990
2021-06-14 10:11:02,713.95,580990
2021-06-14 10:11:03,713.95,580990
2021-06-14 10:11:04,713.95,580990
2021-06-14 10:11:05,713.65,580991
2021-06-14 10:11:06,713.65,580991
2021-06-14 10:11:07,713.65,581071
2021-06-14 10:11:08,713.95,581087
2021-06-14 10:11:09,713.65,581147
2021-06-14 10:11:10,713.65,581147
2021-06-14 10:11:12,713.65,581147
2021-06-14 10:11:11,713.65,581147
2021-06-14 10:11:13,713.65,581147
2021-06-14 10:11:14,713.65,581147
2021-06-14 10:11:15,713.65,581162
2021-06-14 10:11:16,713.65,581162
2021-06-14 10:11:17,713.9,581168
2021-06-14 10:11:18,713.9,581168
2021-06-14 10:11:19,713.9,581168
2021-06-14 10:11:21,713.9,581177
2021-06-14 10:11:22,713.9,581178
2021-06-14 10:11:23,713.9,581178
2021-06-14 10:11:24,713.9,581228
2021-06-14 10:11:25,713.9,581228
2021-06-14 10:11:26,713.9,581228
2021-06-14 10:11:27,713.9,581340
2021-06-14 10:11:28,713.95,581355
2021-06-14 10:11:29,713.95,581367
2021-06-14 10:11:30,713.95,581367
2021-06-14 10:11:32,713.7,581371
2021-06-14 10:11:34,713.7,581372
2021-06-14 10:11:35,713.7,581456
2021-06-14 10:11:36,713.7,581460
2021-06-14 10:11:37,713.7,581461
2021-06-14 10:11:39,713.7,581486
2021-06-14 10:11:39,713.7,581461
2021-06-14 10:11:41,713.7,581486
2021-06-14 10:11:42,713.9,581505
2021-06-14 10:11:42,714.0,581530
2021-06-14 10:11:43,714.0,581540
2021-06-14 10:11:44,714.0,581540
2021-06-14 10:11:45,714.0,581540
2021-06-14 10:11:46,713.8,581555
2021-06-14 10:11:47,713.8,581555
2021-06-14 10:11:48,713.85,581558
2021-06-14 10:11:49,713.85,581758
2021-06-14 10:11:50,713.95,581771
2021-06-14 10:11:51,713.95,581786
2021-06-14 10:11:52,713.65,581916
2021-06-14 10:11:53,713.95,581968
2021-06-14 10:11:54,713.95,581978
2021-06-14 10:11:55,713.95,582013
2021-06-14 10:11:56,713.95,582013
2021-06-14 10:11:57,714.0,582124
2021-06-14 10:11:58,714.0,582124
2021-06-14 10:11:59,714.0,582124
2021-06-14 10:12:00,713.85,582130
2021-06-14 10:12:01,713.85,582130
2021-06-14 10:12:02,713.85,582139
2021-06-14 10:12:03,713.7,582141
2021-06-14 10:12:04,713.95,582161
2021-06-14 10:12:06,714.5,583879
2021-06-14 10:12:07,714.45,583973
2021-06-14 10:12:08,714.85,583974
2021-06-14 10:12:09,714.85,583991
2021-06-14 10:12:10,714.85,583991
2021-06-14 10:12:11,714.5,584016
2021-06-14 10:12:12,714.5,584016
2021-06-14 10:12:13,714.5,584016
2021-06-14 10:12:14,714.5,584016
2021-06-14 10:12:15,714.5,584016
2021-06-14 10:12:16,714.5,584016
2021-06-14 10:12:18,714.5,584016
2021-06-14 10:12:19,714.8,584017
2021-06-14 10:12:19,714.8,584017
2021-06-14 10:12:21,714.5,584051
2021-06-14 10:12:21,714.5,584051
2021-06-14 10:12:23,714.5,584056
2021-06-14 10:12:24,714.5,584056
2021-06-14 10:12:25,714.5,584056
2021-06-14 10:12:26,714.5,584056
2021-06-14 10:12:27,714.5,584056
2021-06-14 10:12:28,714.5,584056
2021-06-14 10:12:30,714.5,584056
2021-06-14 10:12:30,714.5,584056
2021-06-14 10:12:31,714.5,584056
2021-06-14 10:12:32,714.5,584056
2021-06-14 10:12:33,714.8,584058
2021-06-14 10:12:34,714.8,584071
2021-06-14 10:12:35,714.8,584071
2021-06-14 10:12:36,714.8,584071
2021-06-14 10:12:38,714.8,584071
2021-06-14 10:12:39,714.8,584071
2021-06-14 10:12:40,714.8,584206
2021-06-14 10:12:40,714.75,584219
2021-06-14 10:12:41,714.75,584219
2021-06-14 10:12:42,714.75,584219
2021-06-14 10:12:43,714.75,584219
2021-06-14 10:12:44,714.75,584219
2021-06-14 10:12:45,714.75,584219
2021-06-14 10:12:46,714.75,584219
2021-06-14 10:12:47,714.75,584219
2021-06-14 10:12:49,714.75,584219
2021-06-14 10:12:50,714.75,584219
2021-06-14 10:12:51,714.7,584223
2021-06-14 10:12:52,714.9,584231
2021-06-14 10:12:53,714.9,584231
2021-06-14 10:12:53,714.9,584234
2021-06-14 10:12:54,714.75,584334
2021-06-14 10:12:56,714.9,584335
2021-06-14 10:12:57,714.75,584734
2021-06-14 10:12:58,714.75,584761
2021-06-14 10:12:59,714.75,584761
2021-06-14 10:12:59,714.75,584761
2021-06-14 10:13:01,714.55,585134
2021-06-14 10:13:02,714.55,585177
2021-06-14 10:13:02,714.55,585177
2021-06-14 10:13:03,714.5,585187
2021-06-14 10:13:04,714.5,585187
2021-06-14 10:13:05,714.5,585187
2021-06-14 10:13:06,714.5,585187
2021-06-14 10:13:07,714.5,585187
2021-06-14 10:13:08,714.5,585187
2021-06-14 10:13:10,714.8,585189
2021-06-14 10:13:10,714.8,585190
2021-06-14 10:13:11,714.8,585190
2021-06-14 10:13:12,714.8,585190
2021-06-14 10:13:13,714.8,585190
2021-06-14 10:13:14,714.5,585194
2021-06-14 10:13:15,714.5,585194
2021-06-14 10:13:16,714.5,585198
2021-06-14 10:13:17,714.5,585198
2021-06-14 10:13:18,714.5,585198
2021-06-14 10:13:19,714.8,585202
2021-06-14 10:13:20,714.8,585202
2021-06-14 10:13:21,714.85,585245
2021-06-14 10:13:23,714.9,585255
2021-06-14 10:13:24,714.9,585255
2021-06-14 10:13:24,714.9,585255
2021-06-14 10:13:25,714.9,585255
2021-06-14 10:13:26,714.9,585255
2021-06-14 10:13:27,714.9,585255
2021-06-14 10:13:29,714.9,585255
2021-06-14 10:13:30,714.9,585255
2021-06-14 10:13:31,714.9,585255
2021-06-14 10:13:32,714.85,585455
2021-06-14 10:13:33,714.95,585472
2021-06-14 10:13:34,714.85,585483
2021-06-14 10:13:35,714.85,585483
2021-06-14 10:13:36,714.9,585494
2021-06-14 10:13:37,714.9,585494
2021-06-14 10:13:38,714.85,585496
2021-06-14 10:13:39,714.8,585500
2021-06-14 10:13:40,715.0,585580
2021-06-14 10:13:41,715.0,585580
2021-06-14 10:13:42,715.0,585580
2021-06-14 10:13:43,715.0,585587
2021-06-14 10:13:44,715.0,585587
2021-06-14 10:13:45,715.0,585587
2021-06-14 10:13:46,715.0,585587
2021-06-14 10:13:48,715.0,585587
2021-06-14 10:13:48,715.0,585587
2021-06-14 10:13:50,715.0,585612
2021-06-14 10:13:51,715.0,585672
2021-06-14 10:13:52,714.8,585705
2021-06-14 10:13:54,714.7,585716
2021-06-14 10:13:55,714.7,585952
2021-06-14 10:13:56,714.7,585952
2021-06-14 10:13:57,715.0,585964
2021-06-14 10:13:58,715.0,585974
2021-06-14 10:13:59,715.0,585974
2021-06-14 10:14:00,715.0,585974
2021-06-14 10:14:01,715.0,585974
2021-06-14 10:14:02,714.8,586024
2021-06-14 10:14:03,714.8,586024
2021-06-14 10:14:04,714.8,586024
2021-06-14 10:14:05,714.8,586700
2021-06-14 10:14:06,715.0,586739
2021-06-14 10:14:06,715.0,586740
2021-06-14 10:14:08,715.0,586740
2021-06-14 10:14:09,715.0,586740
2021-06-14 10:14:10,714.75,586815
2021-06-14 10:14:12,714.75,586915
2021-06-14 10:14:11,714.75,586915
2021-06-14 10:14:14,715.0,586925
2021-06-14 10:14:14,715.0,586935
2021-06-14 10:14:15,714.75,586940
2021-06-14 10:14:16,714.75,586940
2021-06-14 10:14:17,714.75,586955
2021-06-14 10:14:19,714.75,586955
2021-06-14 10:14:20,714.75,586955
2021-06-14 10:14:20,714.75,586955
2021-06-14 10:14:21,714.75,586955
2021-06-14 10:14:22,715.0,586967
2021-06-14 10:14:23,715.0,587007
2021-06-14 10:14:24,715.0,587007
2021-06-14 10:14:25,715.0,587007
2021-06-14 10:14:26,715.0,587007
2021-06-14 10:14:27,715.0,587007
2021-06-14 10:14:28,715.0,587010
2021-06-14 10:14:30,715.0,587011
2021-06-14 10:14:31,715.0,587015
2021-06-14 10:14:32,714.75,587016
2021-06-14 10:14:33,714.75,587016
2021-06-14 10:14:34,715.0,587017
2021-06-14 10:14:35,715.0,587067
2021-06-14 10:14:36,715.0,587093
2021-06-14 10:14:37,715.0,587098
2021-06-14 10:14:38,715.0,587098
2021-06-14 10:14:39,715.0,587098
2021-06-14 10:14:39,715.0,587105
2021-06-14 10:14:41,715.0,587105
2021-06-14 10:14:42,715.0,587106
2021-06-14 10:14:43,714.75,587120
2021-06-14 10:14:44,715.0,587130
2021-06-14 10:14:45,715.0,587140
2021-06-14 10:14:46,715.0,587140
2021-06-14 10:14:47,715.0,587140
2021-06-14 10:14:48,714.7,587240
2021-06-14 10:14:49,714.7,587240
2021-06-14 10:14:50,714.7,587240
2021-06-14 10:14:51,714.7,587240
2021-06-14 10:14:52,714.7,587240
2021-06-14 10:14:53,714.7,587240
2021-06-14 10:14:54,714.7,587240
2021-06-14 10:14:56,714.7,587240
2021-06-14 10:14:57,714.7,587240
2021-06-14 10:14:58,714.95,587245
2021-06-14 10:15:00,714.95,587245
2021-06-14 10:15:01,715.0,587445
2021-06-14 10:15:02,715.0,587461
2021-06-14 10:15:03,715.0,587461
2021-06-14 10:15:04,715.0,587461
2021-06-14 10:15:05,714.75,587562
2021-06-14 10:15:06,715.0,587812
2021-06-14 10:15:07,714.75,587832
2021-06-14 10:15:08,714.7,587897
2021-06-14 10:15:08,714.7,587897
2021-06-14 10:15:09,714.75,588153
2021-06-14 10:15:10,714.8,588170
2021-06-14 10:15:11,714.8,588170
2021-06-14 10:15:13,714.8,588170
2021-06-14 10:15:14,714.8,588170
2021-06-14 10:15:15,714.8,588170
2021-06-14 10:15:16,714.8,588190
2021-06-14 10:15:17,714.8,588190
2021-06-14 10:15:18,714.8,588190
2021-06-14 10:15:19,714.8,588190
2021-06-14 10:15:19,715.0,588210
2021-06-14 10:15:21,714.8,588216
2021-06-14 10:15:22,715.0,588416
2021-06-14 10:15:23,714.8,588459
2021-06-14 10:15:24,714.8,588459
2021-06-14 10:15:26,714.8,588459
2021-06-14 10:15:27,715.0,588474
2021-06-14 10:15:28,715.0,588476
2021-06-14 10:15:29,715.0,588491
2021-06-14 10:15:30,715.0,588491
2021-06-14 10:15:31,715.0,588492
2021-06-14 10:15:32,715.0,588493
2021-06-14 10:15:33,715.0,588507
2021-06-14 10:15:33,715.0,588507
2021-06-14 10:15:34,714.8,588512
2021-06-14 10:15:36,715.0,588582
2021-06-14 10:15:37,715.0,588627
2021-06-14 10:15:38,715.0,588663
2021-06-14 10:15:40,715.0,588663
2021-06-14 10:15:41,715.0,588663
2021-06-14 10:15:42,714.95,588668
2021-06-14 10:15:43,714.95,588668
2021-06-14 10:15:44,715.0,588683
2021-06-14 10:15:44,715.0,588683
2021-06-14 10:15:47,715.0,588699
2021-06-14 10:15:46,714.75,588698
2021-06-14 10:15:48,714.75,588704
2021-06-14 10:15:49,714.75,588715
2021-06-14 10:15:50,715.0,588745
2021-06-14 10:15:51,715.0,588745
2021-06-14 10:15:53,715.0,588745
2021-06-14 10:15:54,715.0,588745
2021-06-14 10:15:55,714.75,588765
2021-06-14 10:15:57,714.75,588765
2021-06-14 10:15:58,714.75,588765
2021-06-14 10:15:59,715.0,588865
2021-06-14 10:16:00,715.0,588872
2021-06-14 10:16:01,715.0,588882
2021-06-14 10:16:02,715.0,588884
2021-06-14 10:16:03,714.75,589034
2021-06-14 10:16:04,714.75,589034
2021-06-14 10:16:05,714.75,589034
2021-06-14 10:16:06,714.75,589034
2021-06-14 10:16:07,714.75,589034
2021-06-14 10:16:08,714.75,589034
2021-06-14 10:16:09,714.75,589040
2021-06-14 10:16:10,714.75,589040
2021-06-14 10:16:11,715.0,589041
2021-06-14 10:16:13,715.0,589041
2021-06-14 10:16:14,715.0,589051
2021-06-14 10:16:15,715.0,589051
2021-06-14 10:16:15,715.0,589051
2021-06-14 10:16:16,715.0,589051
2021-06-14 10:16:17,715.0,589051
2021-06-14 10:16:19,715.0,589111
2021-06-14 10:16:20,714.5,589317
2021-06-14 10:16:21,714.75,589330
2021-06-14 10:16:22,714.75,589505
2021-06-14 10:16:24,714.75,589526
2021-06-14 10:16:25,714.75,589526
2021-06-14 10:16:27,714.75,589616
2021-06-14 10:16:28,714.75,589616
2021-06-14 10:16:29,714.75,589616
2021-06-14 10:16:30,714.75,589646
2021-06-14 10:16:31,714.75,589646
2021-06-14 10:16:32,714.75,589646
2021-06-14 10:16:34,714.75,589646
2021-06-14 10:16:35,714.75,589646
2021-06-14 10:16:36,714.75,589646
2021-06-14 10:16:37,714.5,589656
2021-06-14 10:16:38,714.5,589656
2021-06-14 10:16:38,714.5,589731
2021-06-14 10:16:40,714.5,589731
2021-06-14 10:16:41,714.35,589741
2021-06-14 10:16:42,714.35,589744
2021-06-14 10:16:43,714.35,589815
2021-06-14 10:16:44,714.05,589830
2021-06-14 10:16:45,714.0,590030
2021-06-14 10:16:46,714.3,590041
2021-06-14 10:16:47,714.3,590041
2021-06-14 10:16:49,714.35,590043
2021-06-14 10:16:50,714.35,590043
2021-06-14 10:16:50,714.35,590043
2021-06-14 10:16:52,714.0,591055
2021-06-14 10:16:53,714.3,591108
2021-06-14 10:16:54,714.3,591108
2021-06-14 10:16:55,714.05,591118
2021-06-14 10:16:56,714.05,591118
2021-06-14 10:16:57,714.05,591118
2021-06-14 10:16:58,714.35,591128
2021-06-14 10:16:59,714.05,591138
2021-06-14 10:17:00,714.05,591138
2021-06-14 10:17:02,714.35,591355
2021-06-14 10:17:03,714.35,591355
2021-06-14 10:17:04,714.35,591355
2021-06-14 10:17:05,714.35,591355
2021-06-14 10:17:06,714.05,591367
2021-06-14 10:17:07,714.35,591372
2021-06-14 10:17:08,714.35,591372
2021-06-14 10:17:09,714.05,591373
2021-06-14 10:17:10,714.05,591394
2021-06-14 10:17:11,714.05,591394
2021-06-14 10:17:12,714.05,591394
2021-06-14 10:17:13,714.3,591396
2021-06-14 10:17:14,714.3,591396
2021-06-14 10:17:15,714.0,591485
2021-06-14 10:17:16,714.0,591485
2021-06-14 10:17:17,714.0,591485
2021-06-14 10:17:18,714.0,591720
2021-06-14 10:17:19,714.0,591750
2021-06-14 10:17:20,714.0,591750
2021-06-14 10:17:21,714.0,591820
2021-06-14 10:17:25,714.3,591935
2021-06-14 10:17:25,714.0,591925
2021-06-14 10:17:27,714.3,591935
2021-06-14 10:17:28,714.3,591940
2021-06-14 10:17:29,714.3,591940
2021-06-14 10:17:31,714.05,591941
2021-06-14 10:17:32,714.05,591941
2021-06-14 10:17:33,714.3,591951
2021-06-14 10:17:35,714.05,592116
2021-06-14 10:17:36,713.75,597141
2021-06-14 10:17:37,713.9,597475
2021-06-14 10:17:38,713.9,597475
2021-06-14 10:17:39,713.9,597475
2021-06-14 10:17:40,713.9,597475
2021-06-14 10:17:41,713.9,597480
2021-06-14 10:17:42,714.25,597485
2021-06-14 10:17:43,714.25,597485
2021-06-14 10:17:44,713.9,599254
2021-06-14 10:17:44,714.3,597486
2021-06-14 10:17:46,713.9,599404
2021-06-14 10:17:47,713.8,599428
2021-06-14 10:17:48,713.8,599438
2021-06-14 10:17:49,713.8,599438
2021-06-14 10:17:50,713.8,599438
2021-06-14 10:17:50,713.9,599448
2021-06-14 10:17:53,713.8,599518
2021-06-14 10:17:52,713.8,599518
2021-06-14 10:17:54,713.9,599538
2021-06-14 10:17:55,713.9,599548
2021-06-14 10:17:56,713.9,599548
2021-06-14 10:17:57,713.9,599661
2021-06-14 10:17:58,713.9,599661
2021-06-14 10:17:59,713.9,599661
2021-06-14 10:18:02,713.9,599728
2021-06-14 10:18:02,713.65,599747
2021-06-14 10:18:03,713.6,599748
2021-06-14 10:18:04,713.9,599760
2021-06-14 10:18:06,713.6,599810
2021-06-14 10:18:07,713.6,599810
2021-06-14 10:18:08,713.9,599812
2021-06-14 10:18:08,713.9,599812
2021-06-14 10:18:09,713.6,599882
2021-06-14 10:18:11,713.1,603632
2021-06-14 10:18:12,713.55,603839
2021-06-14 10:18:13,713.55,603843
2021-06-14 10:18:14,713.15,603988
2021-06-14 10:18:15,713.15,603988
2021-06-14 10:18:16,713.45,604166
2021-06-14 10:18:17,713.4,604184
2021-06-14 10:18:19,713.15,604192
2021-06-14 10:18:19,713.4,604198
2021-06-14 10:18:21,713.4,604198
2021-06-14 10:18:22,713.4,604198
2021-06-14 10:18:23,713.4,604199
2021-06-14 10:18:24,713.4,604199
2021-06-14 10:18:25,713.4,604199
2021-06-14 10:18:26,713.4,604199
2021-06-14 10:18:27,713.45,604372
2021-06-14 10:18:27,713.45,604382
2021-06-14 10:18:29,713.1,604392
2021-06-14 10:18:30,713.1,604392
2021-06-14 10:18:31,713.4,604397
2021-06-14 10:18:32,713.4,604397
2021-06-14 10:18:33,713.1,604412
2021-06-14 10:18:34,713.1,604412
2021-06-14 10:18:35,713.1,604412
2021-06-14 10:18:36,713.45,604413
2021-06-14 10:18:36,713.4,604448
2021-06-14 10:18:38,713.4,604513
2021-06-14 10:18:39,713.4,604525
2021-06-14 10:18:42,713.15,604563
2021-06-14 10:18:44,713.15,604563
2021-06-14 10:18:45,713.15,604563
2021-06-14 10:18:46,713.45,604666
2021-06-14 10:18:47,713.45,604666
2021-06-14 10:18:48,713.45,604666
2021-06-14 10:18:49,713.45,604666
2021-06-14 10:18:50,713.15,604737
2021-06-14 10:18:51,713.15,604771
2021-06-14 10:18:52,713.15,604771
2021-06-14 10:18:53,713.15,604771
2021-06-14 10:18:54,713.15,604771
2021-06-14 10:18:55,713.15,604771
2021-06-14 10:18:56,713.15,604771
2021-06-14 10:18:57,713.4,604883
2021-06-14 10:18:58,713.45,604933
2021-06-14 10:18:59,713.45,604943
2021-06-14 10:19:00,713.45,604943
2021-06-14 10:19:01,713.45,604943
2021-06-14 10:19:02,713.45,604943
2021-06-14 10:19:03,713.45,604953
2021-06-14 10:19:04,713.45,604963
2021-06-14 10:19:05,713.45,604963
2021-06-14 10:19:06,713.45,604963
2021-06-14 10:19:07,713.4,604972
2021-06-14 10:19:08,713.4,604975
2021-06-14 10:19:09,713.4,604975
2021-06-14 10:19:10,713.6,606474
2021-06-14 10:19:11,714.0,606514
2021-06-14 10:19:12,713.85,606601
2021-06-14 10:19:13,713.85,606601
2021-06-14 10:19:14,713.85,606601
2021-06-14 10:19:15,713.85,606601
2021-06-14 10:19:16,714.35,606637
2021-06-14 10:19:17,713.85,606824
2021-06-14 10:19:18,714.0,606834
2021-06-14 10:19:19,713.75,606928
2021-06-14 10:19:20,713.75,606928
2021-06-14 10:19:21,713.75,606928
2021-06-14 10:19:22,713.75,606928
2021-06-14 10:19:23,713.75,606928
2021-06-14 10:19:24,714.0,606930
2021-06-14 10:19:26,714.1,606945
2021-06-14 10:19:25,714.0,606930
2021-06-14 10:19:27,714.1,606945
2021-06-14 10:19:28,714.2,606995
2021-06-14 10:19:29,714.2,606995
2021-06-14 10:19:30,714.2,606995
2021-06-14 10:19:31,714.2,606995
2021-06-14 10:19:32,714.2,606995
2021-06-14 10:19:33,714.2,606995
2021-06-14 10:19:34,714.2,606995
2021-06-14 10:19:35,713.5,607825
2021-06-14 10:19:36,713.95,607877
2021-06-14 10:19:37,713.95,607879
2021-06-14 10:19:38,713.95,607879
2021-06-14 10:19:39,713.95,607879
2021-06-14 10:19:40,713.95,607879
2021-06-14 10:19:41,714.0,607889
2021-06-14 10:19:42,713.65,607890
2021-06-14 10:19:43,713.65,607890
2021-06-14 10:19:44,714.0,607901
2021-06-14 10:19:46,714.0,607901
2021-06-14 10:19:47,714.05,607910
2021-06-14 10:19:48,714.05,607920
2021-06-14 10:19:49,714.05,607920
2021-06-14 10:19:50,714.0,607924
2021-06-14 10:19:51,714.0,607924
2021-06-14 10:19:53,714.0,607924
2021-06-14 10:19:54,714.0,607929
2021-06-14 10:19:55,714.0,607929
2021-06-14 10:19:56,714.0,607949
2021-06-14 10:19:57,714.4,608464
2021-06-14 10:19:58,714.35,608496
2021-06-14 10:19:59,714.35,608496
2021-06-14 10:20:01,714.35,608496
2021-06-14 10:20:02,714.35,608496
2021-06-14 10:20:03,714.35,608496
2021-06-14 10:20:04,714.35,608496
2021-06-14 10:20:06,714.3,608511
2021-06-14 10:20:07,714.3,608517
2021-06-14 10:20:08,714.05,608529
2021-06-14 10:20:09,714.05,608529
2021-06-14 10:20:10,714.5,609529
2021-06-14 10:20:11,714.45,609583
2021-06-14 10:20:12,714.15,609585
2021-06-14 10:20:13,714.15,609625
2021-06-14 10:20:14,714.3,609627
2021-06-14 10:20:15,714.3,609627
2021-06-14 10:20:16,714.3,609627
2021-06-14 10:20:17,714.45,609629
2021-06-14 10:20:18,714.45,609629
2021-06-14 10:20:19,714.45,609629
2021-06-14 10:20:20,714.45,609629
2021-06-14 10:20:21,714.45,609629
2021-06-14 10:20:22,714.45,609629
2021-06-14 10:20:23,714.45,609629
2021-06-14 10:20:24,714.35,609729
2021-06-14 10:20:25,714.35,609752
2021-06-14 10:20:26,714.45,609770
2021-06-14 10:20:27,714.45,609780
2021-06-14 10:20:28,714.45,609780
2021-06-14 10:20:29,714.45,609781
2021-06-14 10:20:31,714.45,609781
2021-06-14 10:20:32,714.45,609781
2021-06-14 10:20:33,714.45,609781
2021-06-14 10:20:34,714.35,609799
2021-06-14 10:20:35,714.35,609801
2021-06-14 10:20:36,714.35,610011
2021-06-14 10:20:37,714.45,610024
2021-06-14 10:20:38,714.45,610024
2021-06-14 10:20:39,714.45,610024
2021-06-14 10:20:40,714.45,610024
2021-06-14 10:20:41,714.45,610024
2021-06-14 10:20:42,714.45,610024
2021-06-14 10:20:43,714.45,610024
2021-06-14 10:20:44,714.45,610024
2021-06-14 10:20:45,714.45,610024
2021-06-14 10:20:46,714.45,610027
2021-06-14 10:20:47,714.45,610028
2021-06-14 10:20:49,714.45,610028
2021-06-14 10:20:50,714.45,610028
2021-06-14 10:20:52,714.45,610058
2021-06-14 10:20:53,714.45,610063
2021-06-14 10:20:54,714.35,610066
2021-06-14 10:20:55,714.35,610066
2021-06-14 10:20:56,714.35,610066
2021-06-14 10:20:57,714.35,610066
2021-06-14 10:20:58,714.3,610113
2021-06-14 10:20:59,714.35,610130
2021-06-14 10:21:00,714.35,610130
2021-06-14 10:21:02,714.35,610130
2021-06-14 10:21:02,714.35,610130
2021-06-14 10:21:03,714.35,610157
2021-06-14 10:21:05,714.35,610158
2021-06-14 10:21:06,714.35,610158
2021-06-14 10:21:07,714.35,610158
2021-06-14 10:21:08,714.35,610158
2021-06-14 10:21:09,714.35,610164
2021-06-14 10:21:11,714.4,610233
2021-06-14 10:21:12,714.35,610265
2021-06-14 10:21:13,714.3,610270
2021-06-14 10:21:15,714.3,610270
2021-06-14 10:21:16,714.3,610270
2021-06-14 10:21:17,714.3,610270
2021-06-14 10:21:18,714.35,610271
2021-06-14 10:21:19,714.35,610282
2021-06-14 10:21:20,714.35,610282
2021-06-14 10:21:21,714.35,610282
2021-06-14 10:21:22,714.35,610282
2021-06-14 10:21:23,714.35,610282
2021-06-14 10:21:24,714.35,610282
2021-06-14 10:21:25,714.3,610288
2021-06-14 10:21:26,714.3,610288
2021-06-14 10:21:27,714.3,610306
2021-06-14 10:21:28,714.3,610331
2021-06-14 10:21:29,714.3,610331
2021-06-14 10:21:30,714.35,610336
2021-06-14 10:21:31,714.35,610336
2021-06-14 10:21:32,714.35,610336
2021-06-14 10:21:33,714.35,610336
2021-06-14 10:21:34,714.3,610344
2021-06-14 10:21:35,714.3,610344
2021-06-14 10:21:36,714.3,610344
2021-06-14 10:21:37,714.3,610444
2021-06-14 10:21:38,714.4,610555
2021-06-14 10:21:40,714.4,610555
2021-06-14 10:21:40,714.4,610555
2021-06-14 10:21:41,714.4,610555
2021-06-14 10:21:43,714.35,610722
2021-06-14 10:21:46,714.4,610736
2021-06-14 10:21:46,714.25,611213
2021-06-14 10:21:47,714.35,611238
2021-06-14 10:21:48,714.15,611248
2021-06-14 10:21:49,714.15,611248
2021-06-14 10:21:50,714.15,611248
2021-06-14 10:21:52,714.15,611248
2021-06-14 10:21:52,714.15,611248
2021-06-14 10:21:54,714.15,611268
2021-06-14 10:21:55,714.15,611268
2021-06-14 10:21:56,714.15,611293
2021-06-14 10:21:57,714.3,611310
2021-06-14 10:21:57,714.3,611310
2021-06-14 10:21:58,714.1,611380
2021-06-14 10:21:59,714.1,611380
2021-06-14 10:22:00,714.05,611384
2021-06-14 10:22:01,714.05,611384
2021-06-14 10:22:02,714.35,611452
2021-06-14 10:22:03,714.4,611464
2021-06-14 10:22:04,714.05,611761
2021-06-14 10:22:05,714.0,611794
2021-06-14 10:22:06,714.35,611796
2021-06-14 10:22:07,714.35,611796
2021-06-14 10:22:08,714.35,611796
2021-06-14 10:22:11,714.35,611796
2021-06-14 10:22:11,714.35,611796
2021-06-14 10:22:12,714.0,611866
2021-06-14 10:22:13,714.15,611869
2021-06-14 10:22:15,714.55,613969
2021-06-14 10:22:16,714.5,614150
2021-06-14 10:22:17,714.5,614150
2021-06-14 10:22:18,714.5,614150
2021-06-14 10:22:19,714.05,614220
2021-06-14 10:22:21,714.05,614220
2021-06-14 10:22:21,714.05,614220
2021-06-14 10:22:22,714.05,614221
2021-06-14 10:22:23,714.05,614221
2021-06-14 10:22:24,714.05,614221
2021-06-14 10:22:25,714.35,614223
2021-06-14 10:22:27,714.0,614293
2021-06-14 10:22:27,714.35,614304
2021-06-14 10:22:28,714.35,614304
2021-06-14 10:22:29,714.35,614304
2021-06-14 10:22:30,714.25,614315
2021-06-14 10:22:31,714.0,614385
2021-06-14 10:22:32,714.0,614385
2021-06-14 10:22:33,714.0,614385
2021-06-14 10:22:34,714.0,614426
2021-06-14 10:22:35,714.15,614434
2021-06-14 10:22:36,714.1,614453
2021-06-14 10:22:37,713.9,615005
2021-06-14 10:22:38,713.8,615034
2021-06-14 10:22:39,713.8,615034
2021-06-14 10:22:40,713.8,615034
2021-06-14 10:22:41,713.8,615092
2021-06-14 10:22:43,713.8,615092
2021-06-14 10:22:45,713.8,615092
2021-06-14 10:22:46,713.8,615093
2021-06-14 10:22:47,713.8,615093
2021-06-14 10:22:48,713.8,615094
2021-06-14 10:22:49,713.8,615094
2021-06-14 10:22:50,713.8,615109
2021-06-14 10:22:51,713.8,615114
2021-06-14 10:22:52,713.8,615114
2021-06-14 10:22:53,713.55,615164
2021-06-14 10:22:55,713.8,615165
2021-06-14 10:22:56,713.8,615165
2021-06-14 10:22:56,713.8,615165
2021-06-14 10:22:57,713.8,615170
2021-06-14 10:22:58,713.8,615170
2021-06-14 10:22:59,713.8,615170
2021-06-14 10:23:00,713.8,615170
2021-06-14 10:23:01,713.95,615174
2021-06-14 10:23:02,713.95,615283
2021-06-14 10:23:04,713.95,615296
2021-06-14 10:23:05,713.95,615296
2021-06-14 10:23:06,713.85,615503
2021-06-14 10:23:06,713.95,615514
2021-06-14 10:23:07,713.95,615514
2021-06-14 10:23:09,713.95,615514
2021-06-14 10:23:09,713.95,615514
2021-06-14 10:23:10,713.95,615514
2021-06-14 10:23:11,713.95,615514
2021-06-14 10:23:12,713.85,615515
2021-06-14 10:23:13,713.95,615538
2021-06-14 10:23:15,713.95,615538
2021-06-14 10:23:16,713.95,615538
