timestamp,ltp,volume
2021-06-14 09:15:40,1160.35,252025
2021-06-14 09:15:41,1159.8,256507
2021-06-14 09:15:42,1159.05,258374
2021-06-14 09:15:43,1158.9,270645
2021-06-14 09:15:44,1158.85,274550
2021-06-14 09:15:45,1159.0,278567
2021-06-14 09:15:46,1159.1,282082
2021-06-14 09:15:47,1159.0,284077
2021-06-14 09:15:48,1158.6,285856
2021-06-14 09:15:49,1159.0,287729
2021-06-14 09:15:50,1158.35,295217
2021-06-14 09:15:51,1158.35,299297
2021-06-14 09:15:52,1160.1,315231
2021-06-14 09:15:53,1159.35,318888
2021-06-14 09:15:54,1159.85,321397
2021-06-14 09:15:55,1160.35,323725
2021-06-14 09:15:56,1159.95,329332
2021-06-14 09:15:57,1160.0,333433
2021-06-14 09:15:58,1160.8,336158
2021-06-14 09:15:59,1160.7,337184
2021-06-14 09:16:01,1160.55,339409
2021-06-14 09:16:00,1160.55,339354
2021-06-14 09:16:02,1160.8,340850
2021-06-14 09:16:03,1160.4,344761
2021-06-14 09:16:04,1161.05,352553
2021-06-14 09:16:05,1160.7,355381
2021-06-14 09:16:06,1160.45,359177
2021-06-14 09:16:07,1160.45,363079
2021-06-14 09:16:08,1160.7,364681
2021-06-14 09:16:09,1160.65,367094
2021-06-14 09:16:10,1161.0,368908
2021-06-14 09:16:11,1160.45,373679
2021-06-14 09:16:13,1160.45,381830
2021-06-14 09:16:14,1161.0,384096
2021-06-14 09:16:15,1161.4,387051
2021-06-14 09:16:16,1161.1,390533
2021-06-14 09:16:17,1161.3,391814
2021-06-14 09:16:18,1161.45,394201
2021-06-14 09:16:19,1161.9,396119
2021-06-14 09:16:20,1162.45,401799
2021-06-14 09:16:21,1162.55,404999
2021-06-14 09:16:22,1162.2,408267
2021-06-14 09:16:23,1162.1,408609
2021-06-14 09:16:24,1162.55,409953
2021-06-14 09:16:25,1161.3,412060
2021-06-14 09:16:26,1162.0,413474
2021-06-14 09:16:27,1162.4,415375
2021-06-14 09:16:28,1162.0,418638
2021-06-14 09:16:29,1162.45,419325
2021-06-14 09:16:30,1162.4,421771
2021-06-14 09:16:31,1161.15,433292
2021-06-14 09:16:33,1161.65,437213
2021-06-14 09:16:34,1161.35,443153
2021-06-14 09:16:35,1161.1,444555
2021-06-14 09:16:36,1161.6,444773
2021-06-14 09:16:37,1161.6,445582
2021-06-14 09:16:38,1161.5,453276
2021-06-14 09:16:39,1161.35,457424
2021-06-14 09:16:40,1161.2,466259
2021-06-14 09:16:42,1161.5,474139
2021-06-14 09:16:43,1161.45,474462
2021-06-14 09:16:44,1161.1,476357
2021-06-14 09:16:45,1160.6,481064
2021-06-14 09:16:46,1161.4,483780
2021-06-14 09:16:47,1161.4,486140
2021-06-14 09:16:48,1161.4,488549
2021-06-14 09:16:49,1160.75,490205
2021-06-14 09:16:50,1160.95,493438
2021-06-14 09:16:51,1160.05,503657
2021-06-14 09:16:52,1160.35,504166
2021-06-14 09:16:53,1160.45,526940
2021-06-14 09:16:54,1160.75,527359
2021-06-14 09:16:55,1161.5,533994
2021-06-14 09:16:56,1160.95,534124
2021-06-14 09:16:57,1161.0,535226
2021-06-14 09:16:58,1160.85,537115
2021-06-14 09:16:59,1161.3,537556
2021-06-14 09:17:00,1161.35,537987
2021-06-14 09:17:01,1160.95,539852
2021-06-14 09:17:02,1161.05,541809
2021-06-14 09:17:03,1160.4,543057
2021-06-14 09:17:04,1160.8,546615
2021-06-14 09:17:05,1160.25,554131
2021-06-14 09:17:06,1160.4,557058
2021-06-14 09:17:07,1160.0,560089
2021-06-14 09:17:08,1160.0,562236
2021-06-14 09:17:09,1160.5,564666
2021-06-14 09:17:10,1160.2,565505
2021-06-14 09:17:11,1160.5,567273
2021-06-14 09:17:12,1160.5,568595
2021-06-14 09:17:13,1160.05,569120
2021-06-14 09:17:14,1160.45,570613
2021-06-14 09:17:15,1160.35,573492
2021-06-14 09:17:16,1160.7,575134
2021-06-14 09:17:17,1160.5,576609
2021-06-14 09:17:18,1161.0,579470
2021-06-14 09:17:20,1160.7,581012
2021-06-14 09:17:20,1160.7,581056
2021-06-14 09:17:21,1160.0,582840
2021-06-14 09:17:22,1159.6,594859
2021-06-14 09:17:23,1159.55,596027
2021-06-14 09:17:24,1159.65,597582
2021-06-14 09:17:25,1159.55,598751
2021-06-14 09:17:26,1159.45,601165
2021-06-14 09:17:27,1158.75,628846
2021-06-14 09:17:29,1158.1,629879
2021-06-14 09:17:29,1158.6,635989
2021-06-14 09:17:31,1158.4,639985
2021-06-14 09:17:31,1158.3,640648
2021-06-14 09:17:32,1157.7,642981
2021-06-14 09:17:33,1157.8,645245
2021-06-14 09:17:34,1158.0,646510
2021-06-14 09:17:35,1157.6,648788
2021-06-14 09:17:36,1157.7,653031
2021-06-14 09:17:37,1157.95,654426
2021-06-14 09:17:38,1157.5,657423
2021-06-14 09:17:39,1157.2,661301
2021-06-14 09:17:40,1156.7,662968
2021-06-14 09:17:41,1156.6,665082
2021-06-14 09:17:42,1156.6,666450
2021-06-14 09:17:44,1155.9,669756
2021-06-14 09:17:44,1156.2,671395
2021-06-14 09:17:45,1155.8,673700
2021-06-14 09:17:46,1155.45,676963
2021-06-14 09:17:47,1154.85,686096
2021-06-14 09:17:48,1155.05,690328
2021-06-14 09:17:49,1154.55,694177
2021-06-14 09:17:51,1154.85,696808
2021-06-14 09:17:51,1154.3,698781
2021-06-14 09:17:52,1154.25,700720
2021-06-14 09:17:53,1154.0,703639
2021-06-14 09:17:54,1154.8,706517
2021-06-14 09:17:55,1154.7,708318
2021-06-14 09:17:57,1155.8,714380
2021-06-14 09:17:57,1156.0,713539
2021-06-14 09:17:58,1156.5,718487
2021-06-14 09:17:59,1156.55,719933
2021-06-14 09:18:00,1155.85,722602
2021-06-14 09:18:01,1156.25,723338
2021-06-14 09:18:02,1156.55,726408
2021-06-14 09:18:03,1156.7,727190
2021-06-14 09:18:05,1156.25,731980
2021-06-14 09:18:06,1156.55,733525
2021-06-14 09:18:07,1156.0,735341
2021-06-14 09:18:08,1156.15,737292
2021-06-14 09:18:09,1156.55,738138
2021-06-14 09:18:10,1155.5,740244
2021-06-14 09:18:10,1155.6,740639
2021-06-14 09:18:11,1156.05,742040
2021-06-14 09:18:12,1156.3,746242
2021-06-14 09:18:13,1155.6,746756
2021-06-14 09:18:14,1155.5,751237
2021-06-14 09:18:16,1155.0,755531
2021-06-14 09:18:17,1155.0,757842
2021-06-14 09:18:18,1155.15,759110
2021-06-14 09:18:18,1155.5,759365
2021-06-14 09:18:19,1155.1,760755
2021-06-14 09:18:20,1155.3,762091
2021-06-14 09:18:21,1155.5,764348
2021-06-14 09:18:22,1155.0,765613
2021-06-14 09:18:23,1155.15,766828
2021-06-14 09:18:24,1155.5,767913
2021-06-14 09:18:25,1155.1,769016
2021-06-14 09:18:26,1155.55,769924
2021-06-14 09:18:27,1155.1,771601
2021-06-14 09:18:29,1155.25,776512
2021-06-14 09:18:30,1155.7,778200
2021-06-14 09:18:30,1155.25,779045
2021-06-14 09:18:31,1155.5,780605
2021-06-14 09:18:32,1155.25,785732
2021-06-14 09:18:33,1155.25,787516
2021-06-14 09:18:35,1155.5,789511
2021-06-14 09:18:36,1154.45,792166
2021-06-14 09:18:37,1154.75,793013
2021-06-14 09:18:38,1155.05,793435
2021-06-14 09:18:39,1154.65,794246
2021-06-14 09:18:40,1154.4,798140
2021-06-14 09:18:41,1154.75,803596
2021-06-14 09:18:43,1154.95,805387
2021-06-14 09:18:43,1155.0,805914
2021-06-14 09:18:44,1154.95,807073
2021-06-14 09:18:46,1155.5,808309
2021-06-14 09:18:46,1155.6,810641
2021-06-14 09:18:47,1156.0,817179
2021-06-14 09:18:49,1155.4,821262
2021-06-14 09:18:50,1155.7,821703
2021-06-14 09:18:52,1156.2,825325
2021-06-14 09:18:53,1155.55,826024
2021-06-14 09:18:54,1156.0,827459
2021-06-14 09:18:55,1156.0,828167
2021-06-14 09:18:56,1155.8,829578
2021-06-14 09:18:57,1155.9,830236
2021-06-14 09:18:58,1156.3,832054
2021-06-14 09:19:00,1156.35,832429
2021-06-14 09:19:00,1156.9,833516
2021-06-14 09:19:01,1157.0,835004
2021-06-14 09:19:03,1157.0,837951
2021-06-14 09:19:04,1156.85,838387
2021-06-14 09:19:04,1157.15,838380
2021-06-14 09:19:05,1157.55,840025
2021-06-14 09:19:06,1157.1,843217
2021-06-14 09:19:07,1157.2,845262
2021-06-14 09:19:08,1157.0,847106
2021-06-14 09:19:09,1157.55,848486
2021-06-14 09:19:10,1157.25,848941
2021-06-14 09:19:11,1157.7,850285
2021-06-14 09:19:12,1157.25,851474
2021-06-14 09:19:15,1157.5,852799
2021-06-14 09:19:16,1157.2,854024
2021-06-14 09:19:17,1157.5,856344
2021-06-14 09:19:18,1157.45,857094
2021-06-14 09:19:19,1157.6,859290
2021-06-14 09:19:20,1157.0,860270
2021-06-14 09:19:21,1157.0,861093
2021-06-14 09:19:22,1158.0,923936
2021-06-14 09:19:23,1158.45,925983
2021-06-14 09:19:24,1158.0,927433
2021-06-14 09:19:25,1157.9,928568
2021-06-14 09:19:26,1158.35,929738
2021-06-14 09:19:27,1158.35,930575
2021-06-14 09:19:27,1158.5,930720
2021-06-14 09:19:28,1158.55,935138
2021-06-14 09:19:29,1159.2,936206
2021-06-14 09:19:30,1158.8,938119
2021-06-14 09:19:31,1158.45,939041
2021-06-14 09:19:32,1159.0,942042
2021-06-14 09:19:33,1159.85,942608
2021-06-14 09:19:34,1159.75,944097
2021-06-14 09:19:35,1159.1,945381
2021-06-14 09:19:36,1159.25,947579
2021-06-14 09:19:37,1159.5,949569
2021-06-14 09:19:38,1159.95,952552
2021-06-14 09:19:40,1159.85,955071
2021-06-14 09:19:41,1159.95,966592
2021-06-14 09:19:42,1160.45,967889
2021-06-14 09:19:43,1160.65,968841
2021-06-14 09:19:44,1160.45,971205
2021-06-14 09:19:45,1160.2,974842
2021-06-14 09:19:47,1160.1,979938
2021-06-14 09:19:48,1160.15,983881
2021-06-14 09:19:48,1160.5,984002
2021-06-14 09:19:49,1160.85,986370
2021-06-14 09:19:50,1160.65,990055
2021-06-14 09:19:51,1160.15,992208
2021-06-14 09:19:52,1160.65,992909
2021-06-14 09:19:54,1160.65,996017
2021-06-14 09:19:55,1160.8,997516
2021-06-14 09:19:56,1160.5,997771
2021-06-14 09:19:57,1161.0,998667
2021-06-14 09:19:58,1160.8,999338
2021-06-14 09:19:59,1161.0,1001847
2021-06-14 09:20:00,1160.95,1004638
2021-06-14 09:20:01,1161.0,1006082
2021-06-14 09:20:02,1161.15,1009443
2021-06-14 09:20:02,1161.2,1009418
2021-06-14 09:20:03,1161.1,1010810
2021-06-14 09:20:04,1161.2,1013254
2021-06-14 09:20:05,1161.0,1017451
2021-06-14 09:20:06,1161.1,1022178
2021-06-14 09:20:08,1161.4,1024497
2021-06-14 09:20:09,1161.55,1025339
2021-06-14 09:20:10,1160.85,1030824
2021-06-14 09:20:11,1161.0,1032552
2021-06-14 09:20:12,1161.05,1034663
2021-06-14 09:20:13,1161.45,1037154
2021-06-14 09:20:14,1161.0,1042039
2021-06-14 09:20:15,1161.3,1044383
2021-06-14 09:20:16,1161.55,1047608
2021-06-14 09:20:17,1161.0,1048793
2021-06-14 09:20:18,1161.6,1051148
2021-06-14 09:20:20,1161.15,1055499
2021-06-14 09:20:21,1161.35,1056080
2021-06-14 09:20:22,1161.0,1057693
2021-06-14 09:20:22,1161.0,1057816
2021-06-14 09:20:23,1161.1,1058474
2021-06-14 09:20:24,1161.35,1059365
2021-06-14 09:20:25,1161.2,1064923
2021-06-14 09:20:26,1161.3,1067234
2021-06-14 09:20:27,1161.1,1069023
2021-06-14 09:20:28,1161.15,1070871
2021-06-14 09:20:30,1160.4,1077905
2021-06-14 09:20:31,1160.2,1086667
2021-06-14 09:20:32,1160.0,1090224
2021-06-14 09:20:33,1160.1,1092711
2021-06-14 09:20:34,1160.0,1093467
2021-06-14 09:20:35,1160.0,1094592
2021-06-14 09:20:36,1159.45,1095372
2021-06-14 09:20:37,1159.5,1099057
2021-06-14 09:20:38,1158.85,1099672
2021-06-14 09:20:39,1158.75,1099951
2021-06-14 09:20:40,1158.2,1102844
2021-06-14 09:20:41,1158.1,1104400
2021-06-14 09:20:42,1158.15,1108366
2021-06-14 09:20:44,1157.1,1110770
2021-06-14 09:20:45,1157.5,1113131
2021-06-14 09:20:46,1157.4,1115906
2021-06-14 09:20:46,1157.4,1116261
2021-06-14 09:20:47,1156.75,1121877
2021-06-14 09:20:48,1157.95,1125189
2021-06-14 09:20:50,1157.95,1127171
2021-06-14 09:20:51,1157.1,1138994
2021-06-14 09:20:51,1156.55,1141532
2021-06-14 09:20:52,1156.8,1143454
2021-06-14 09:20:53,1157.05,1146556
2021-06-14 09:20:54,1157.0,1146863
2021-06-14 09:20:56,1157.5,1150711
2021-06-14 09:20:57,1157.7,1153701
2021-06-14 09:20:59,1157.55,1156400
2021-06-14 09:21:01,1158.2,1168349
2021-06-14 09:21:02,1157.6,1168505
2021-06-14 09:21:03,1158.2,1170328
2021-06-14 09:21:04,1156.65,1174503
2021-06-14 09:21:05,1156.25,1178810
2021-06-14 09:21:06,1156.4,1182935
2021-06-14 09:21:08,1156.6,1183412
2021-06-14 09:21:09,1157.25,1185813
2021-06-14 09:21:10,1156.95,1186238
2021-06-14 09:21:11,1157.4,1187108
2021-06-14 09:21:12,1156.85,1187447
2021-06-14 09:21:13,1157.4,1190203
2021-06-14 09:21:13,1157.4,1190203
2021-06-14 09:21:14,1157.5,1190691
2021-06-14 09:21:15,1157.35,1192361
2021-06-14 09:21:16,1157.15,1193106
2021-06-14 09:21:17,1156.8,1193602
2021-06-14 09:21:18,1156.95,1194636
2021-06-14 09:21:19,1157.3,1195237
2021-06-14 09:21:21,1157.2,1196492
2021-06-14 09:21:22,1157.0,1197017
2021-06-14 09:21:23,1157.45,1199580
2021-06-14 09:21:24,1156.8,1200792
2021-06-14 09:21:25,1157.0,1201192
2021-06-14 09:21:26,1156.6,1201568
2021-06-14 09:21:27,1156.5,1204092
2021-06-14 09:21:27,1156.5,1204092
2021-06-14 09:21:28,1156.85,1205833
2021-06-14 09:21:29,1156.95,1206293
2021-06-14 09:21:31,1156.4,1206948
2021-06-14 09:21:32,1156.65,1207379
2021-06-14 09:21:33,1156.5,1207805
2021-06-14 09:21:34,1156.0,1210035
2021-06-14 09:21:36,1156.35,1210694
2021-06-14 09:21:37,1156.0,1213306
2021-06-14 09:21:38,1156.0,1214689
2021-06-14 09:21:39,1156.5,1214863
2021-06-14 09:21:40,1156.3,1215209
2021-06-14 09:21:41,1156.35,1215880
2021-06-14 09:21:41,1156.0,1215976
2021-06-14 09:21:42,1156.0,1216734
2021-06-14 09:21:44,1156.05,1219330
2021-06-14 09:21:45,1155.9,1219975
2021-06-14 09:21:46,1155.85,1221292
2021-06-14 09:21:47,1156.5,1221887
2021-06-14 09:21:47,1156.55,1222367
2021-06-14 09:21:48,1156.5,1223757
2021-06-14 09:21:50,1156.2,1224729
2021-06-14 09:21:51,1156.3,1225941
2021-06-14 09:21:52,1156.15,1226675
2021-06-14 09:21:53,1157.0,1229340
2021-06-14 09:21:54,1156.45,1229536
2021-06-14 09:21:54,1156.45,1229537
2021-06-14 09:21:55,1156.45,1229624
2021-06-14 09:21:56,1156.5,1229731
2021-06-14 09:21:58,1156.5,1230190
2021-06-14 09:21:59,1157.55,1233081
2021-06-14 09:22:01,1156.35,1235952
2021-06-14 09:22:02,1156.1,1236225
2021-06-14 09:22:02,1156.45,1236429
2021-06-14 09:22:03,1156.15,1236984
2021-06-14 09:22:04,1156.3,1238123
2021-06-14 09:22:06,1155.9,1244622
2021-06-14 09:22:07,1154.75,1264211
2021-06-14 09:22:08,1154.85,1266011
2021-06-14 09:22:09,1155.9,1272941
2021-06-14 09:22:10,1156.0,1273643
2021-06-14 09:22:10,1155.5,1273669
2021-06-14 09:22:11,1155.5,1274098
2021-06-14 09:22:13,1155.4,1274397
2021-06-14 09:22:14,1155.9,1275414
2021-06-14 09:22:15,1155.5,1276929
2021-06-14 09:22:15,1155.55,1276973
2021-06-14 09:22:16,1155.6,1278022
2021-06-14 09:22:18,1155.65,1280644
2021-06-14 09:22:19,1155.3,1283549
2021-06-14 09:22:20,1155.55,1284129
2021-06-14 09:22:21,1155.1,1284970
2021-06-14 09:22:22,1155.0,1285301
2021-06-14 09:22:23,1154.9,1286877
2021-06-14 09:22:24,1155.0,1288193
2021-06-14 09:22:25,1154.7,1288688
2021-06-14 09:22:25,1155.0,1288700
2021-06-14 09:22:26,1154.65,1290009
2021-06-14 09:22:27,1154.7,1290924
2021-06-14 09:22:28,1154.95,1291797
2021-06-14 09:22:29,1155.1,1293600
2021-06-14 09:22:30,1155.25,1294496
2021-06-14 09:22:32,1155.85,1295760
2021-06-14 09:22:33,1155.8,1296566
2021-06-14 09:22:34,1155.85,1297792
2021-06-14 09:22:35,1155.65,1298453
2021-06-14 09:22:35,1155.8,1298983
2021-06-14 09:22:36,1155.4,1299079
2021-06-14 09:22:37,1155.85,1300534
2021-06-14 09:22:38,1155.35,1303288
2021-06-14 09:22:39,1155.05,1303651
2021-06-14 09:22:40,1155.05,1304812
2021-06-14 09:22:42,1154.85,1310841
2021-06-14 09:22:43,1154.95,1313665
2021-06-14 09:22:44,1154.9,1314772
2021-06-14 09:22:45,1154.9,1315662
2021-06-14 09:22:46,1154.65,1316897
2021-06-14 09:22:47,1154.85,1317347
2021-06-14 09:22:48,1154.4,1317694
2021-06-14 09:22:49,1154.55,1318305
2021-06-14 09:22:50,1154.5,1319387
2021-06-14 09:22:50,1154.5,1319643
2021-06-14 09:22:51,1154.2,1320183
2021-06-14 09:22:52,1154.5,1321793
2021-06-14 09:22:53,1154.0,1324232
2021-06-14 09:22:55,1153.8,1333576
2021-06-14 09:22:56,1154.55,1335859
2021-06-14 09:22:57,1154.2,1336665
2021-06-14 09:22:58,1154.15,1337548
2021-06-14 09:22:59,1154.7,1338225
2021-06-14 09:23:00,1154.35,1338736
2021-06-14 09:23:01,1154.2,1339201
2021-06-14 09:23:02,1154.85,1342634
2021-06-14 09:23:03,1154.6,1345999
2021-06-14 09:23:04,1154.7,1346300
2021-06-14 09:23:05,1155.0,1348407
2021-06-14 09:23:06,1155.35,1352078
2021-06-14 09:23:07,1155.7,1352769
2021-06-14 09:23:08,1155.5,1355555
2021-06-14 09:23:09,1154.8,1356480
2021-06-14 09:23:10,1155.2,1356871
2021-06-14 09:23:11,1156.6,1383812
2021-06-14 09:23:12,1156.55,1384615
2021-06-14 09:23:13,1157.15,1386079
2021-06-14 09:23:14,1157.35,1386522
2021-06-14 09:23:15,1157.35,1386698
2021-06-14 09:23:16,1157.65,1387778
2021-06-14 09:23:17,1157.6,1389064
2021-06-14 09:23:18,1157.55,1392552
2021-06-14 09:23:19,1157.35,1392833
2021-06-14 09:23:20,1157.1,1393050
2021-06-14 09:23:21,1156.3,1393515
2021-06-14 09:23:22,1155.95,1395797
2021-06-14 09:23:23,1155.95,1395919
2021-06-14 09:23:24,1156.0,1396155
2021-06-14 09:23:25,1156.3,1396281
2021-06-14 09:23:27,1156.4,1402457
2021-06-14 09:23:28,1156.3,1402534
2021-06-14 09:23:29,1156.55,1402564
2021-06-14 09:23:30,1156.05,1404675
2021-06-14 09:23:31,1156.05,1404816
2021-06-14 09:23:32,1156.0,1405381
2021-06-14 09:23:33,1156.3,1406080
2021-06-14 09:23:34,1156.1,1406320
2021-06-14 09:23:34,1156.1,1406470
2021-06-14 09:23:35,1156.5,1407270
2021-06-14 09:23:36,1156.0,1407460
2021-06-14 09:23:37,1156.0,1410355
2021-06-14 09:23:38,1156.25,1413226
2021-06-14 09:23:39,1156.1,1413355
2021-06-14 09:23:40,1156.0,1413494
2021-06-14 09:23:41,1156.5,1413964
2021-06-14 09:23:43,1156.45,1417319
2021-06-14 09:23:44,1156.3,1418455
2021-06-14 09:23:45,1157.5,1420591
2021-06-14 09:23:46,1157.2,1420704
2021-06-14 09:23:47,1157.55,1421764
2021-06-14 09:23:48,1157.55,1423886
2021-06-14 09:23:49,1158.0,1424747
2021-06-14 09:23:50,1157.7,1425819
2021-06-14 09:23:50,1157.65,1426329
2021-06-14 09:23:52,1157.6,1428270
2021-06-14 09:23:54,1157.0,1429367
2021-06-14 09:23:55,1157.4,1430697
2021-06-14 09:23:56,1157.25,1431747
2021-06-14 09:23:57,1156.8,1432888
2021-06-14 09:23:58,1157.3,1433197
2021-06-14 09:23:59,1157.0,1433282
2021-06-14 09:24:00,1156.55,1434653
2021-06-14 09:24:02,1156.85,1436041
2021-06-14 09:24:03,1156.85,1436696
2021-06-14 09:24:04,1157.5,1437399
2021-06-14 09:24:05,1157.0,1438676
2021-06-14 09:24:06,1157.0,1438728
2021-06-14 09:24:07,1156.75,1442691
2021-06-14 09:24:08,1157.05,1443328
2021-06-14 09:24:09,1157.25,1443446
2021-06-14 09:24:10,1157.5,1445792
2021-06-14 09:24:11,1157.1,1446026
2021-06-14 09:24:12,1157.75,1446831
2021-06-14 09:24:13,1157.4,1446926
2021-06-14 09:24:14,1157.5,1448472
2021-06-14 09:24:15,1157.45,1448952
2021-06-14 09:24:16,1157.0,1450162
2021-06-14 09:24:17,1156.9,1450312
2021-06-14 09:24:18,1156.45,1450944
2021-06-14 09:24:19,1156.45,1451206
2021-06-14 09:24:20,1156.9,1454847
2021-06-14 09:24:21,1156.45,1455509
2021-06-14 09:24:22,1156.9,1458428
2021-06-14 09:24:23,1156.75,1460843
2021-06-14 09:24:24,1156.45,1461178
2021-06-14 09:24:25,1156.65,1461646
2021-06-14 09:24:26,1156.9,1468399
2021-06-14 09:24:27,1156.05,1468733
2021-06-14 09:24:28,1156.75,1470571
2021-06-14 09:24:29,1156.65,1470725
2021-06-14 09:24:30,1156.5,1471377
2021-06-14 09:24:31,1156.45,1471441
2021-06-14 09:24:32,1156.15,1472106
2021-06-14 09:24:33,1156.45,1472322
2021-06-14 09:24:34,1156.4,1472739
2021-06-14 09:24:34,1156.15,1472826
2021-06-14 09:24:35,1156.15,1474495
2021-06-14 09:24:36,1156.3,1474578
2021-06-14 09:24:37,1156.45,1476608
2021-06-14 09:24:38,1155.8,1478109
2021-06-14 09:24:39,1155.75,1478118
2021-06-14 09:24:40,1155.65,1478774
2021-06-14 09:24:41,1156.2,1479080
2021-06-14 09:24:43,1155.75,1479730
2021-06-14 09:24:44,1155.75,1479778
2021-06-14 09:24:45,1155.45,1480404
2021-06-14 09:24:46,1155.2,1481869
2021-06-14 09:24:47,1155.1,1482549
2021-06-14 09:24:48,1155.0,1482884
2021-06-14 09:24:49,1155.0,1484245
2021-06-14 09:24:50,1154.65,1488108
2021-06-14 09:24:51,1155.0,1488836
2021-06-14 09:24:53,1154.65,1489167
2021-06-14 09:24:54,1154.65,1489566
2021-06-14 09:24:55,1154.85,1491228
2021-06-14 09:24:55,1154.95,1491248
2021-06-14 09:24:56,1155.0,1491631
2021-06-14 09:24:57,1155.0,1492162
2021-06-14 09:24:58,1154.65,1493201
2021-06-14 09:24:59,1155.0,1493335
2021-06-14 09:25:00,1154.5,1494818
2021-06-14 09:25:01,1155.35,1496196
2021-06-14 09:25:02,1155.0,1497253
2021-06-14 09:25:03,1154.65,1497574
2021-06-14 09:25:04,1154.6,1497793
2021-06-14 09:25:05,1155.05,1498395
2021-06-14 09:25:06,1154.5,1502946
2021-06-14 09:25:07,1154.15,1504185
2021-06-14 09:25:08,1154.2,1506197
2021-06-14 09:25:10,1154.15,1508000
2021-06-14 09:25:11,1154.5,1508723
2021-06-14 09:25:12,1154.25,1508961
2021-06-14 09:25:13,1154.75,1509753
2021-06-14 09:25:14,1154.6,1509860
2021-06-14 09:25:15,1154.5,1510021
2021-06-14 09:25:16,1154.65,1512676
2021-06-14 09:25:17,1154.45,1513258
2021-06-14 09:25:18,1154.5,1513727
2021-06-14 09:25:19,1154.75,1514835
2021-06-14 09:25:20,1154.5,1515366
2021-06-14 09:25:21,1154.5,1515720
2021-06-14 09:25:22,1155.1,1520537
2021-06-14 09:25:23,1155.2,1521186
2021-06-14 09:25:24,1154.8,1521659
2021-06-14 09:25:25,1154.95,1521856
2021-06-14 09:25:25,1154.95,1521870
2021-06-14 09:25:26,1154.8,1522593
2021-06-14 09:25:28,1154.5,1523181
2021-06-14 09:25:29,1154.95,1523298
2021-06-14 09:25:30,1154.75,1523564
2021-06-14 09:25:31,1154.85,1524802
2021-06-14 09:25:32,1155.45,1525454
2021-06-14 09:25:33,1154.95,1527370
2021-06-14 09:25:33,1155.55,1527181
2021-06-14 09:25:35,1155.05,1528234
2021-06-14 09:25:36,1154.95,1528624
2021-06-14 09:25:37,1155.0,1531018
2021-06-14 09:25:38,1154.65,1532888
2021-06-14 09:25:39,1154.35,1534905
2021-06-14 09:25:40,1154.5,1535646
2021-06-14 09:25:41,1154.55,1536229
2021-06-14 09:25:43,1154.0,1540836
2021-06-14 09:25:44,1154.05,1558079
2021-06-14 09:25:45,1154.0,1566138
2021-06-14 09:25:46,1154.0,1567876
2021-06-14 09:25:47,1154.15,1568387
2021-06-14 09:25:48,1154.35,1569878
2021-06-14 09:25:49,1154.6,1570150
2021-06-14 09:25:50,1154.4,1570348
2021-06-14 09:25:51,1154.45,1570366
2021-06-14 09:25:52,1154.0,1572344
2021-06-14 09:25:53,1154.0,1573019
2021-06-14 09:25:54,1154.2,1575547
2021-06-14 09:25:55,1154.0,1577303
2021-06-14 09:25:56,1154.05,1578764
2021-06-14 09:25:57,1154.2,1579607
2021-06-14 09:25:58,1154.35,1580072
2021-06-14 09:25:59,1154.35,1581297
2021-06-14 09:26:00,1154.35,1582312
2021-06-14 09:26:01,1154.85,1583537
2021-06-14 09:26:02,1154.5,1584490
2021-06-14 09:26:03,1154.65,1584821
2021-06-14 09:26:04,1154.5,1585512
2021-06-14 09:26:05,1154.85,1587963
2021-06-14 09:26:06,1154.05,1588643
2021-06-14 09:26:07,1154.05,1589049
2021-06-14 09:26:08,1154.3,1589456
2021-06-14 09:26:09,1154.0,1589609
2021-06-14 09:26:10,1154.0,1595046
2021-06-14 09:26:11,1153.0,1616281
2021-06-14 09:26:12,1153.25,1620071
2021-06-14 09:26:13,1153.3,1620485
2021-06-14 09:26:14,1153.75,1620590
2021-06-14 09:26:15,1152.9,1624461
2021-06-14 09:26:16,1152.8,1627454
2021-06-14 09:26:17,1152.95,1629822
2021-06-14 09:26:18,1153.7,1633552
2021-06-14 09:26:19,1152.9,1634494
2021-06-14 09:26:20,1153.95,1637415
2021-06-14 09:26:21,1153.35,1637784
2021-06-14 09:26:22,1153.4,1638105
2021-06-14 09:26:23,1153.7,1640967
2021-06-14 09:26:24,1154.45,1644651
2021-06-14 09:26:25,1154.5,1645732
2021-06-14 09:26:26,1154.85,1647655
2021-06-14 09:26:27,1154.75,1647911
2021-06-14 09:26:28,1154.15,1648459
2021-06-14 09:26:29,1154.3,1649112
2021-06-14 09:26:30,1154.6,1649799
2021-06-14 09:26:31,1154.15,1660480
2021-06-14 09:26:32,1154.55,1660978
2021-06-14 09:26:33,1154.6,1661524
2021-06-14 09:26:34,1154.45,1661668
2021-06-14 09:26:35,1154.35,1662038
2021-06-14 09:26:36,1154.4,1663213
2021-06-14 09:26:37,1154.5,1663382
2021-06-14 09:26:38,1154.5,1664558
2021-06-14 09:26:39,1154.55,1666624
2021-06-14 09:26:40,1154.9,1667871
2021-06-14 09:26:41,1154.75,1679604
2021-06-14 09:26:42,1155.35,1679905
2021-06-14 09:26:43,1155.2,1680544
2021-06-14 09:26:44,1154.2,1681960
2021-06-14 09:26:45,1153.75,1683748
2021-06-14 09:26:46,1153.6,1684516
2021-06-14 09:26:48,1153.55,1693380
2021-06-14 09:26:49,1153.6,1693410
2021-06-14 09:26:50,1153.7,1694745
2021-06-14 09:26:51,1153.8,1695264
2021-06-14 09:26:52,1154.65,1695592
2021-06-14 09:26:53,1154.25,1696890
2021-06-14 09:26:55,1155.3,1699623
2021-06-14 09:26:56,1154.75,1701448
2021-06-14 09:26:57,1155.05,1701988
2021-06-14 09:26:58,1155.0,1703380
2021-06-14 09:26:59,1154.15,1703913
2021-06-14 09:27:00,1154.0,1704829
2021-06-14 09:27:01,1154.5,1704912
2021-06-14 09:27:02,1154.35,1706433
2021-06-14 09:27:03,1154.5,1706717
2021-06-14 09:27:05,1154.6,1708069
2021-06-14 09:27:06,1154.6,1708094
2021-06-14 09:27:07,1154.7,1708282
2021-06-14 09:27:08,1154.8,1708467
2021-06-14 09:27:09,1155.9,1710775
2021-06-14 09:27:10,1155.55,1712135
2021-06-14 09:27:11,1155.55,1712706
2021-06-14 09:27:12,1155.1,1712795
2021-06-14 09:27:13,1155.8,1714506
2021-06-14 09:27:14,1155.8,1714610
2021-06-14 09:27:15,1155.8,1714790
2021-06-14 09:27:16,1155.1,1715393
2021-06-14 09:27:17,1155.55,1716627
2021-06-14 09:27:18,1155.4,1716750
2021-06-14 09:27:19,1155.0,1718642
2021-06-14 09:27:20,1154.55,1721084
2021-06-14 09:27:21,1154.65,1721452
2021-06-14 09:27:22,1154.65,1724764
2021-06-14 09:27:23,1154.6,1725064
2021-06-14 09:27:24,1154.05,1725560
2021-06-14 09:27:25,1154.7,1725610
2021-06-14 09:27:26,1154.7,1726100
2021-06-14 09:27:27,1154.15,1726328
2021-06-14 09:27:28,1154.15,1726368
2021-06-14 09:27:29,1154.15,1726368
2021-06-14 09:27:30,1154.45,1726524
2021-06-14 09:27:31,1154.5,1726728
2021-06-14 09:27:32,1154.0,1727462
2021-06-14 09:27:33,1154.0,1728107
2021-06-14 09:27:35,1154.05,1729493
2021-06-14 09:27:36,1154.15,1734289
2021-06-14 09:27:37,1154.5,1734357
2021-06-14 09:27:38,1154.0,1734879
2021-06-14 09:27:39,1154.45,1737027
2021-06-14 09:27:40,1154.5,1737568
2021-06-14 09:27:41,1154.55,1737770
2021-06-14 09:27:42,1154.7,1738596
2021-06-14 09:27:43,1154.15,1738697
2021-06-14 09:27:44,1153.7,1741426
2021-06-14 09:27:45,1153.7,1742166
2021-06-14 09:27:46,1153.3,1742447
2021-06-14 09:27:47,1153.2,1742557
2021-06-14 09:27:48,1153.4,1743387
2021-06-14 09:27:49,1153.1,1743687
2021-06-14 09:27:50,1153.1,1744061
2021-06-14 09:27:51,1153.1,1744111
2021-06-14 09:27:52,1153.55,1744278
2021-06-14 09:27:54,1153.25,1746232
2021-06-14 09:27:55,1153.9,1747276
2021-06-14 09:27:57,1154.4,1748344
2021-06-14 09:27:58,1154.4,1748611
2021-06-14 09:27:59,1154.1,1749720
2021-06-14 09:27:59,1154.1,1749720
2021-06-14 09:28:00,1154.1,1750679
2021-06-14 09:28:01,1154.95,1751878
2021-06-14 09:28:02,1154.45,1752182
2021-06-14 09:28:03,1154.6,1752600
2021-06-14 09:28:04,1155.0,1752929
2021-06-14 09:28:05,1154.95,1752986
2021-06-14 09:28:06,1154.65,1753770
2021-06-14 09:28:07,1155.0,1753873
2021-06-14 09:28:09,1155.5,1756992
2021-06-14 09:28:09,1155.4,1756997
2021-06-14 09:28:10,1155.0,1759798
2021-06-14 09:28:11,1155.05,1760168
2021-06-14 09:28:12,1155.6,1760528
2021-06-14 09:28:13,1155.6,1762076
2021-06-14 09:28:14,1155.7,1766564
2021-06-14 09:28:15,1155.65,1767053
2021-06-14 09:28:16,1156.05,1767539
2021-06-14 09:28:17,1155.8,1768317
2021-06-14 09:28:18,1155.8,1768539
2021-06-14 09:28:19,1156.1,1769049
2021-06-14 09:28:20,1155.2,1769716
2021-06-14 09:28:21,1155.6,1769917
2021-06-14 09:28:22,1156.0,1771413
2021-06-14 09:28:23,1155.6,1773759
2021-06-14 09:28:24,1156.0,1774131
2021-06-14 09:28:25,1156.9,1775808
2021-06-14 09:28:26,1156.45,1779533
2021-06-14 09:28:27,1156.65,1780705
2021-06-14 09:28:28,1156.55,1784879
2021-06-14 09:28:29,1156.55,1786288
2021-06-14 09:28:30,1156.65,1786336
2021-06-14 09:28:31,1156.55,1786671
2021-06-14 09:28:32,1157.2,1848589
2021-06-14 09:28:34,1157.1,1855761
2021-06-14 09:28:35,1156.6,1858167
2021-06-14 09:28:37,1156.75,1858357
2021-06-14 09:28:37,1156.55,1858379
2021-06-14 09:28:38,1156.8,1858945
2021-06-14 09:28:39,1156.75,1860269
2021-06-14 09:28:40,1156.5,1861284
2021-06-14 09:28:41,1156.0,1861783
2021-06-14 09:28:43,1156.4,1862071
2021-06-14 09:28:44,1156.55,1862490
2021-06-14 09:28:44,1156.55,1862490
2021-06-14 09:28:47,1156.4,1863518
2021-06-14 09:28:48,1156.5,1865245
2021-06-14 09:28:49,1156.3,1865522
2021-06-14 09:28:50,1156.1,1865778
2021-06-14 09:28:51,1156.1,1866119
2021-06-14 09:28:52,1156.55,1866296
2021-06-14 09:28:53,1156.0,1866694
2021-06-14 09:28:54,1156.0,1868514
2021-06-14 09:28:55,1156.35,1869059
2021-06-14 09:28:57,1156.3,1872680
2021-06-14 09:28:58,1156.0,1878564
2021-06-14 09:28:59,1156.55,1879504
2021-06-14 09:28:59,1156.5,1879178
2021-06-14 09:29:00,1156.35,1880524
2021-06-14 09:29:01,1156.6,1881157
2021-06-14 09:29:02,1156.15,1881161
2021-06-14 09:29:03,1156.35,1881223
2021-06-14 09:29:04,1155.65,1884736
2021-06-14 09:29:05,1155.55,1885299
2021-06-14 09:29:06,1155.6,1887244
2021-06-14 09:29:08,1155.2,1887482
2021-06-14 09:29:08,1155.2,1887485
2021-06-14 09:29:09,1155.15,1888861
2021-06-14 09:29:10,1155.85,1889034
2021-06-14 09:29:11,1155.85,1889216
2021-06-14 09:29:12,1155.55,1889360
2021-06-14 09:29:13,1155.45,1889560
2021-06-14 09:29:14,1155.4,1892318
2021-06-14 09:29:15,1155.45,1892797
2021-06-14 09:29:16,1155.2,1894361
2021-06-14 09:29:17,1155.2,1894871
2021-06-14 09:29:18,1155.4,1895389
2021-06-14 09:29:19,1155.2,1895772
2021-06-14 09:29:20,1155.7,1896234
2021-06-14 09:29:21,1155.7,1897584
2021-06-14 09:29:23,1155.3,1898189
2021-06-14 09:29:23,1155.3,1898119
2021-06-14 09:29:24,1154.65,1899450
2021-06-14 09:29:25,1155.4,1900425
2021-06-14 09:29:26,1155.35,1901103
2021-06-14 09:29:27,1155.4,1901333
2021-06-14 09:29:28,1155.25,1901393
2021-06-14 09:29:29,1155.45,1901606
2021-06-14 09:29:30,1155.4,1901713
2021-06-14 09:29:31,1155.4,1902303
2021-06-14 09:29:32,1155.4,1903194
2021-06-14 09:29:33,1155.4,1903201
2021-06-14 09:29:34,1155.4,1903467
2021-06-14 09:29:36,1155.25,1903596
2021-06-14 09:29:37,1155.4,1903987
2021-06-14 09:29:38,1155.55,1904498
2021-06-14 09:29:39,1155.4,1904691
2021-06-14 09:29:40,1155.4,1905126
2021-06-14 09:29:41,1155.2,1905474
2021-06-14 09:29:42,1155.25,1905760
2021-06-14 09:29:43,1155.25,1905795
2021-06-14 09:29:44,1155.4,1906219
2021-06-14 09:29:45,1155.4,1906493
2021-06-14 09:29:46,1155.2,1906689
2021-06-14 09:29:48,1155.2,1906974
2021-06-14 09:29:49,1155.4,1907258
2021-06-14 09:29:49,1155.35,1907262
2021-06-14 09:29:50,1155.2,1907628
2021-06-14 09:29:51,1155.15,1909874
2021-06-14 09:29:52,1155.2,1910259
2021-06-14 09:29:53,1154.8,1911552
2021-06-14 09:29:54,1155.2,1912437
2021-06-14 09:29:55,1155.0,1913287
2021-06-14 09:29:56,1155.0,1913504
2021-06-14 09:29:57,1155.0,1914213
2021-06-14 09:29:58,1154.5,1916677
2021-06-14 09:29:59,1155.1,1917271
2021-06-14 09:30:00,1154.5,1918056
2021-06-14 09:30:01,1154.3,1918207
2021-06-14 09:30:02,1154.2,1918476
2021-06-14 09:30:03,1154.0,1919529
2021-06-14 09:30:04,1154.05,1919701
2021-06-14 09:30:05,1154.8,1926356
2021-06-14 09:30:06,1154.4,1928241
2021-06-14 09:30:07,1154.8,1929026
2021-06-14 09:30:08,1154.8,1929527
2021-06-14 09:30:09,1154.6,1929912
2021-06-14 09:30:11,1154.0,1932741
2021-06-14 09:30:12,1153.55,1935580
2021-06-14 09:30:12,1153.75,1935610
2021-06-14 09:30:13,1153.55,1937135
2021-06-14 09:30:14,1153.85,1937323
2021-06-14 09:30:15,1153.85,1937734
2021-06-14 09:30:16,1153.05,1944229
2021-06-14 09:30:17,1153.65,1944832
2021-06-14 09:30:18,1153.35,1945375
2021-06-14 09:30:19,1153.85,1946944
2021-06-14 09:30:20,1153.1,1947510
2021-06-14 09:30:22,1153.5,1949050
2021-06-14 09:30:23,1153.0,1950018
2021-06-14 09:30:24,1153.35,1950479
2021-06-14 09:30:26,1153.0,1961581
2021-06-14 09:30:27,1150.8,1993656
2021-06-14 09:30:28,1150.55,1995612
2021-06-14 09:30:29,1150.3,1998640
2021-06-14 09:30:30,1150.6,1999089
2021-06-14 09:30:31,1150.35,2001622
2021-06-14 09:30:32,1150.1,2025829
2021-06-14 09:30:33,1150.5,2029673
2021-06-14 09:30:35,1150.05,2036821
2021-06-14 09:30:36,1150.1,2037778
2021-06-14 09:30:37,1152.0,2049828
2021-06-14 09:30:38,1153.0,2052325
2021-06-14 09:30:39,1150.9,2065512
2021-06-14 09:30:40,1150.05,2068455
2021-06-14 09:30:41,1150.5,2073062
2021-06-14 09:30:42,1150.35,2074881
2021-06-14 09:30:43,1150.0,2091468
2021-06-14 09:30:44,1150.15,2094378
2021-06-14 09:30:45,1150.1,2095517
2021-06-14 09:30:46,1149.1,2100671
2021-06-14 09:30:47,1150.0,2103343
2021-06-14 09:30:48,1149.8,2104595
2021-06-14 09:30:49,1150.05,2104986
2021-06-14 09:30:50,1150.1,2109168
2021-06-14 09:30:50,1149.7,2106259
2021-06-14 09:30:51,1149.6,2111748
2021-06-14 09:30:52,1149.4,2114250
2021-06-14 09:30:53,1149.0,2119204
2021-06-14 09:30:54,1149.4,2121182
2021-06-14 09:30:56,1148.85,2128301
2021-06-14 09:30:57,1149.05,2132696
2021-06-14 09:30:58,1149.0,2133811
2021-06-14 09:30:59,1150.0,2138605
2021-06-14 09:31:00,1150.4,2140953
2021-06-14 09:31:01,1150.2,2142722
2021-06-14 09:31:02,1150.0,2143114
2021-06-14 09:31:04,1150.0,2144451
2021-06-14 09:31:05,1150.05,2145272
2021-06-14 09:31:06,1149.7,2146027
2021-06-14 09:31:07,1150.3,2147767
2021-06-14 09:31:08,1150.2,2148132
2021-06-14 09:31:09,1149.65,2148496
2021-06-14 09:31:10,1149.9,2151453
2021-06-14 09:31:11,1149.8,2151733
2021-06-14 09:31:12,1149.55,2153089
2021-06-14 09:31:13,1150.0,2155175
2021-06-14 09:31:13,1149.7,2154115
2021-06-14 09:31:15,1149.8,2160218
2021-06-14 09:31:16,1149.55,2160723
2021-06-14 09:31:17,1148.5,2172442
2021-06-14 09:31:18,1148.55,2174868
2021-06-14 09:31:19,1148.2,2176286
2021-06-14 09:31:21,1148.2,2176800
2021-06-14 09:31:22,1148.75,2178022
2021-06-14 09:31:23,1149.1,2179058
2021-06-14 09:31:24,1148.5,2180288
2021-06-14 09:31:25,1148.8,2182633
2021-06-14 09:31:26,1148.9,2183391
2021-06-14 09:31:26,1149.3,2183641
2021-06-14 09:31:27,1148.85,2185213
2021-06-14 09:31:28,1148.5,2187975
2021-06-14 09:31:29,1149.1,2191144
2021-06-14 09:31:30,1149.15,2192383
2021-06-14 09:31:31,1149.25,2193073
2021-06-14 09:31:33,1149.95,2197219
2021-06-14 09:31:34,1150.0,2200900
2021-06-14 09:31:35,1149.2,2201389
2021-06-14 09:31:36,1149.35,2202197
2021-06-14 09:31:37,1148.95,2215848
2021-06-14 09:31:37,1148.55,2215953
2021-06-14 09:31:38,1148.8,2216567
2021-06-14 09:31:39,1148.4,2217561
2021-06-14 09:31:40,1148.2,2221402
2021-06-14 09:31:41,1148.15,2222662
2021-06-14 09:31:42,1148.1,2222754
2021-06-14 09:31:43,1148.0,2227590
2021-06-14 09:31:44,1147.0,2244105
2021-06-14 09:31:45,1147.05,2249500
2021-06-14 09:31:46,1146.85,2250269
2021-06-14 09:31:47,1147.05,2253814
2021-06-14 09:31:48,1147.15,2254510
2021-06-14 09:31:49,1146.6,2255000
2021-06-14 09:31:50,1146.3,2256907
2021-06-14 09:31:51,1146.7,2258988
2021-06-14 09:31:52,1146.4,2260372
2021-06-14 09:31:54,1146.35,2263593
2021-06-14 09:31:55,1146.4,2266489
2021-06-14 09:31:56,1146.0,2268158
2021-06-14 09:31:57,1146.1,2269801
2021-06-14 09:31:58,1146.05,2271341
2021-06-14 09:31:59,1146.6,2272858
2021-06-14 09:32:00,1146.0,2277275
2021-06-14 09:32:01,1146.0,2279587
2021-06-14 09:32:02,1146.0,2280690
2021-06-14 09:32:02,1145.7,2280948
2021-06-14 09:32:03,1145.6,2282279
2021-06-14 09:32:05,1145.65,2286574
2021-06-14 09:32:06,1145.25,2287884
2021-06-14 09:32:07,1145.2,2294783
2021-06-14 09:32:08,1145.55,2297223
2021-06-14 09:32:09,1145.4,2298315
2021-06-14 09:32:10,1144.9,2329674
2021-06-14 09:32:11,1145.0,2331635
2021-06-14 09:32:12,1145.05,2333539
2021-06-14 09:32:13,1144.0,2339786
2021-06-14 09:32:14,1143.9,2342909
2021-06-14 09:32:15,1143.7,2345387
2021-06-14 09:32:16,1143.5,2348280
2021-06-14 09:32:17,1143.65,2349296
2021-06-14 09:32:18,1143.15,2351493
2021-06-14 09:32:19,1143.15,2352707
2021-06-14 09:32:20,1143.0,2357768
2021-06-14 09:32:21,1142.5,2362096
2021-06-14 09:32:23,1142.05,2367342
2021-06-14 09:32:24,1142.45,2368777
2021-06-14 09:32:25,1142.35,2369942
2021-06-14 09:32:26,1141.45,2372610
2021-06-14 09:32:27,1141.6,2374138
2021-06-14 09:32:28,1141.35,2381158
2021-06-14 09:32:29,1142.05,2385684
2021-06-14 09:32:32,1141.4,2392205
2021-06-14 09:32:33,1141.05,2393585
2021-06-14 09:32:34,1141.55,2395981
2021-06-14 09:32:35,1142.5,2405439
2021-06-14 09:32:36,1142.05,2408373
2021-06-14 09:32:37,1141.85,2409328
2021-06-14 09:32:38,1142.0,2410231
2021-06-14 09:32:39,1142.0,2417345
2021-06-14 09:32:40,1141.55,2418701
2021-06-14 09:32:40,1141.9,2419076
2021-06-14 09:32:41,1141.95,2422060
2021-06-14 09:32:42,1142.0,2423227
2021-06-14 09:32:43,1141.5,2427242
2021-06-14 09:32:45,1141.5,2430036
2021-06-14 09:32:46,1141.55,2433340
2021-06-14 09:32:47,1141.1,2436377
2021-06-14 09:32:48,1141.5,2436988
2021-06-14 09:32:49,1141.0,2437562
2021-06-14 09:32:50,1141.55,2439679
2021-06-14 09:32:51,1141.0,2441422
2021-06-14 09:32:52,1140.6,2444887
2021-06-14 09:32:53,1140.6,2445679
2021-06-14 09:32:54,1140.75,2446453
2021-06-14 09:32:55,1140.75,2447461
2021-06-14 09:32:56,1140.35,2455172
2021-06-14 09:32:57,1140.95,2458684
2021-06-14 09:32:58,1140.7,2459187
2021-06-14 09:32:59,1140.45,2464600
2021-06-14 09:33:00,1140.6,2465804
2021-06-14 09:33:01,1141.5,2469615
2021-06-14 09:33:02,1140.65,2472012
2021-06-14 09:33:03,1140.85,2472999
2021-06-14 09:33:04,1140.7,2474145
2021-06-14 09:33:05,1140.65,2474633
2021-06-14 09:33:07,1140.9,2475851
2021-06-14 09:33:08,1141.05,2476619
2021-06-14 09:33:09,1141.05,2478912
2021-06-14 09:33:10,1141.1,2480010
2021-06-14 09:33:11,1141.45,2482238
2021-06-14 09:33:12,1142.2,2492522
2021-06-14 09:33:13,1142.6,2493758
2021-06-14 09:33:14,1142.3,2495913
2021-06-14 09:33:15,1142.95,2499017
2021-06-14 09:33:16,1143.05,2502537
2021-06-14 09:33:17,1143.5,2504708
2021-06-14 09:33:18,1142.8,2511455
2021-06-14 09:33:19,1142.55,2514470
2021-06-14 09:33:20,1143.05,2518901
2021-06-14 09:33:21,1143.15,2527333
2021-06-14 09:33:22,1143.0,2529299
2021-06-14 09:33:23,1143.4,2534201
2021-06-14 09:33:24,1144.05,2540883
2021-06-14 09:33:25,1143.75,2541949
2021-06-14 09:33:26,1143.35,2547159
2021-06-14 09:33:27,1143.4,2548380
2021-06-14 09:33:28,1143.55,2549666
2021-06-14 09:33:29,1143.1,2554571
2021-06-14 09:33:30,1142.8,2556447
2021-06-14 09:33:31,1143.55,2559359
2021-06-14 09:33:32,1143.5,2560808
2021-06-14 09:33:33,1143.1,2561459
2021-06-14 09:33:34,1143.1,2561774
2021-06-14 09:33:35,1143.1,2565515
2021-06-14 09:33:36,1143.35,2567276
2021-06-14 09:33:37,1143.65,2569293
2021-06-14 09:33:38,1143.7,2569403
2021-06-14 09:33:39,1143.35,2569762
2021-06-14 09:33:40,1144.0,2572226
2021-06-14 09:33:41,1143.8,2574148
2021-06-14 09:33:42,1144.05,2575482
2021-06-14 09:33:43,1144.1,2576161
2021-06-14 09:33:43,1144.15,2576171
2021-06-14 09:33:44,1144.05,2577606
2021-06-14 09:33:45,1144.45,2579785
2021-06-14 09:33:47,1143.9,2581431
2021-06-14 09:33:49,1144.15,2589138
2021-06-14 09:33:50,1144.95,2595388
2021-06-14 09:33:51,1144.95,2596065
2021-06-14 09:33:52,1144.45,2596893
2021-06-14 09:33:55,1144.6,2598389
2021-06-14 09:33:56,1144.45,2599130
2021-06-14 09:33:57,1144.0,2602610
2021-06-14 09:33:58,1144.05,2603492
2021-06-14 09:33:58,1143.9,2603594
2021-06-14 09:33:59,1144.0,2603837
2021-06-14 09:34:01,1142.05,2612727
2021-06-14 09:34:03,1142.85,2618496
2021-06-14 09:34:04,1142.25,2619587
2021-06-14 09:34:05,1142.45,2620138
2021-06-14 09:34:06,1142.6,2621802
2021-06-14 09:34:07,1142.75,2623253
2021-06-14 09:34:08,1143.35,2626833
2021-06-14 09:34:08,1143.25,2626846
2021-06-14 09:34:09,1143.55,2627048
2021-06-14 09:34:10,1143.25,2628235
2021-06-14 09:34:11,1143.15,2630654
2021-06-14 09:34:13,1142.8,2631161
2021-06-14 09:34:14,1143.05,2632432
2021-06-14 09:34:15,1143.35,2633854
2021-06-14 09:34:16,1143.0,2636251
2021-06-14 09:34:17,1142.5,2637568
2021-06-14 09:34:18,1142.4,2637873
2021-06-14 09:34:19,1142.4,2638020
2021-06-14 09:34:20,1142.85,2639652
2021-06-14 09:34:21,1142.5,2640175
2021-06-14 09:34:22,1142.65,2640426
2021-06-14 09:34:23,1142.65,2640622
2021-06-14 09:34:24,1142.4,2640831
2021-06-14 09:34:25,1142.0,2643092
2021-06-14 09:34:27,1142.35,2644384
2021-06-14 09:34:28,1142.05,2645013
2021-06-14 09:34:29,1142.05,2645283
2021-06-14 09:34:30,1141.35,2652893
2021-06-14 09:34:31,1141.2,2656087
2021-06-14 09:34:32,1141.65,2656299
2021-06-14 09:34:33,1141.1,2656545
2021-06-14 09:34:34,1141.35,2658477
2021-06-14 09:34:35,1141.4,2659040
2021-06-14 09:34:36,1142.0,2659319
2021-06-14 09:34:38,1142.2,2661300
2021-06-14 09:34:39,1143.45,2665846
2021-06-14 09:34:41,1144.0,2684324
2021-06-14 09:34:42,1144.35,2684595
2021-06-14 09:34:43,1144.45,2684875
2021-06-14 09:34:44,1144.4,2685369
2021-06-14 09:34:45,1143.1,2686122
2021-06-14 09:34:46,1142.6,2687812
2021-06-14 09:34:47,1142.35,2688589
2021-06-14 09:34:48,1142.5,2688953
2021-06-14 09:34:49,1142.25,2689391
2021-06-14 09:34:50,1142.0,2690823
2021-06-14 09:34:51,1142.0,2692004
2021-06-14 09:34:52,1142.25,2692356
2021-06-14 09:34:53,1143.2,2692986
2021-06-14 09:34:55,1142.65,2694873
2021-06-14 09:34:56,1142.65,2694962
2021-06-14 09:34:57,1143.5,2696825
2021-06-14 09:34:58,1142.7,2697773
2021-06-14 09:34:59,1142.65,2697980
2021-06-14 09:35:00,1143.05,2698205
2021-06-14 09:35:01,1142.4,2699768
2021-06-14 09:35:03,1142.3,2700958
2021-06-14 09:35:04,1142.6,2701642
2021-06-14 09:35:05,1142.35,2702778
2021-06-14 09:35:07,1142.0,2709210
2021-06-14 09:35:09,1141.95,2710261
2021-06-14 09:35:11,1141.85,2712215
2021-06-14 09:35:12,1142.45,2712832
2021-06-14 09:35:13,1142.3,2713256
2021-06-14 09:35:14,1142.5,2713774
2021-06-14 09:35:16,1143.45,2717833
2021-06-14 09:35:16,1144.2,2720056
2021-06-14 09:35:17,1143.95,2721007
2021-06-14 09:35:19,1144.4,2723054
2021-06-14 09:35:20,1144.45,2724286
2021-06-14 09:35:21,1144.5,2725305
2021-06-14 09:35:22,1144.9,2727284
2021-06-14 09:35:23,1144.95,2727658
2021-06-14 09:35:24,1144.55,2728394
2021-06-14 09:35:25,1145.2,2739358
2021-06-14 09:35:26,1144.75,2740182
2021-06-14 09:35:27,1144.25,2743330
2021-06-14 09:35:28,1144.3,2744761
2021-06-14 09:35:29,1144.9,2745686
2021-06-14 09:35:30,1145.0,2745966
2021-06-14 09:35:31,1145.25,2750351
2021-06-14 09:35:32,1145.6,2751128
2021-06-14 09:35:34,1145.2,2755130
2021-06-14 09:35:35,1145.55,2755503
2021-06-14 09:35:36,1145.25,2755955
2021-06-14 09:35:37,1145.55,2757910
2021-06-14 09:35:38,1145.5,2760029
2021-06-14 09:35:39,1145.5,2760537
2021-06-14 09:35:40,1145.65,2762914
2021-06-14 09:35:41,1145.6,2763509
2021-06-14 09:35:42,1145.15,2764214
2021-06-14 09:35:43,1145.9,2764794
2021-06-14 09:35:44,1145.5,2765898
2021-06-14 09:35:45,1145.85,2768069
2021-06-14 09:35:46,1145.35,2768715
2021-06-14 09:35:47,1145.55,2770643
2021-06-14 09:35:48,1145.25,2776147
2021-06-14 09:35:50,1145.65,2777872
2021-06-14 09:35:51,1145.8,2780075
2021-06-14 09:35:52,1146.0,2781281
2021-06-14 09:35:53,1146.35,2782867
2021-06-14 09:35:54,1146.15,2784580
2021-06-14 09:35:55,1146.3,2785047
2021-06-14 09:35:56,1146.75,2785447
2021-06-14 09:35:57,1146.8,2786594
2021-06-14 09:35:58,1146.7,2790000
2021-06-14 09:35:59,1147.7,2791583
2021-06-14 09:36:00,1147.55,2791989
2021-06-14 09:36:01,1147.3,2793099
2021-06-14 09:36:02,1147.4,2793853
2021-06-14 09:36:03,1147.85,2797088
2021-06-14 09:36:05,1148.2,2798341
2021-06-14 09:36:09,1149.5,2806149
2021-06-14 09:36:10,1148.9,2806974
2021-06-14 09:36:11,1148.55,2808499
2021-06-14 09:36:12,1148.25,2809518
2021-06-14 09:36:13,1148.7,2812382
2021-06-14 09:36:14,1148.85,2818620
2021-06-14 09:36:15,1148.75,2821828
2021-06-14 09:36:16,1149.65,2824221
2021-06-14 09:36:17,1149.8,2825398
2021-06-14 09:36:18,1149.9,2826453
2021-06-14 09:36:19,1149.9,2827430
2021-06-14 09:36:20,1149.9,2828128
2021-06-14 09:36:21,1149.05,2830052
2021-06-14 09:36:22,1149.35,2830719
2021-06-14 09:36:23,1150.0,2833630
2021-06-14 09:36:24,1150.65,2840593
2021-06-14 09:36:25,1150.65,2842071
2021-06-14 09:36:26,1150.55,2842396
2021-06-14 09:36:27,1150.45,2843554
2021-06-14 09:36:28,1149.45,2846051
2021-06-14 09:36:29,1152.4,2921450
2021-06-14 09:36:30,1152.75,2923707
2021-06-14 09:36:31,1152.35,2928078
2021-06-14 09:36:32,1152.25,2931002
2021-06-14 09:36:33,1152.05,2932039
2021-06-14 09:36:34,1152.75,2933474
2021-06-14 09:36:35,1152.6,2934148
2021-06-14 09:36:36,1152.7,2935058
2021-06-14 09:36:38,1151.5,2939790
2021-06-14 09:36:40,1152.5,2949841
2021-06-14 09:36:42,1151.75,2952863
2021-06-14 09:36:43,1151.8,2954307
2021-06-14 09:36:45,1151.85,2956231
2021-06-14 09:36:47,1151.4,2958636
2021-06-14 09:36:49,1151.75,2962621
2021-06-14 09:36:50,1152.1,2962675
2021-06-14 09:36:51,1152.25,2963857
2021-06-14 09:36:54,1151.9,2970631
2021-06-14 09:36:55,1151.8,2971972
2021-06-14 09:36:56,1152.0,2972378
2021-06-14 09:36:57,1152.0,2973235
2021-06-14 09:36:58,1152.5,2975210
2021-06-14 09:36:59,1152.0,2976305
2021-06-14 09:37:01,1152.5,2977866
2021-06-14 09:37:02,1152.05,2979348
2021-06-14 09:37:03,1152.45,2980105
2021-06-14 09:37:04,1152.6,2980731
2021-06-14 09:37:05,1152.05,2980960
2021-06-14 09:37:06,1152.45,2981248
2021-06-14 09:37:08,1152.45,2983957
2021-06-14 09:37:07,1152.5,2983859
2021-06-14 09:37:09,1153.25,2994501
2021-06-14 09:37:10,1153.3,2999337
2021-06-14 09:37:11,1153.7,3000358
2021-06-14 09:37:12,1154.4,3003978
2021-06-14 09:37:13,1154.7,3004979
2021-06-14 09:37:14,1154.6,3007495
2021-06-14 09:37:15,1154.7,3008691
2021-06-14 09:37:18,1154.95,3024675
2021-06-14 09:37:19,1155.0,3025485
2021-06-14 09:37:20,1154.05,3028264
2021-06-14 09:37:21,1153.75,3029064
2021-06-14 09:37:22,1154.25,3029452
2021-06-14 09:37:23,1154.35,3031065
2021-06-14 09:37:24,1154.55,3036711
2021-06-14 09:37:25,1154.8,3037799
2021-06-14 09:37:26,1154.6,3038933
2021-06-14 09:37:27,1154.85,3040459
2021-06-14 09:37:28,1154.6,3043115
2021-06-14 09:37:29,1154.6,3043353
2021-06-14 09:37:30,1155.8,3046317
2021-06-14 09:37:31,1155.25,3051236
2021-06-14 09:37:32,1155.35,3051475
2021-06-14 09:37:33,1156.05,3058707
2021-06-14 09:37:34,1155.85,3060729
2021-06-14 09:37:35,1155.7,3061847
2021-06-14 09:37:36,1155.8,3065051
2021-06-14 09:37:37,1155.85,3066088
2021-06-14 09:37:38,1155.25,3069773
2021-06-14 09:37:39,1155.2,3070775
2021-06-14 09:37:40,1156.05,3074442
2021-06-14 09:37:41,1156.55,3076034
2021-06-14 09:37:42,1155.8,3077698
2021-06-14 09:37:43,1156.25,3080361
2021-06-14 09:37:45,1156.2,3085232
2021-06-14 09:37:46,1156.0,3086042
2021-06-14 09:37:47,1156.15,3088819
2021-06-14 09:37:48,1156.8,3090467
2021-06-14 09:37:49,1156.8,3090866
2021-06-14 09:37:50,1156.8,3091338
2021-06-14 09:37:51,1156.3,3092854
2021-06-14 09:37:52,1156.35,3095379
2021-06-14 09:37:53,1156.15,3097989
2021-06-14 09:37:54,1156.65,3099154
2021-06-14 09:37:55,1156.4,3099685
2021-06-14 09:37:56,1156.6,3101133
2021-06-14 09:37:57,1156.2,3102782
2021-06-14 09:37:58,1155.75,3109062
2021-06-14 09:37:59,1156.25,3109790
2021-06-14 09:38:00,1156.0,3110014
2021-06-14 09:38:01,1156.05,3111808
2021-06-14 09:38:02,1156.0,3114595
2021-06-14 09:38:03,1155.8,3115846
2021-06-14 09:38:04,1156.4,3116367
2021-06-14 09:38:05,1156.05,3119612
2021-06-14 09:38:06,1156.0,3121122
2021-06-14 09:38:07,1155.1,3123179
2021-06-14 09:38:08,1155.55,3124506
2021-06-14 09:38:09,1155.6,3125486
2021-06-14 09:38:10,1155.5,3127446
2021-06-14 09:38:11,1155.2,3131216
2021-06-14 09:38:12,1154.35,3135348
2021-06-14 09:38:13,1154.25,3137954
2021-06-14 09:38:14,1154.8,3139355
2021-06-14 09:38:15,1153.95,3141447
2021-06-14 09:38:16,1154.05,3144128
2021-06-14 09:38:17,1154.0,3144396
2021-06-14 09:38:18,1153.8,3148220
2021-06-14 09:38:19,1154.8,3150446
2021-06-14 09:38:20,1155.05,3152879
2021-06-14 09:38:21,1155.0,3153394
2021-06-14 09:38:22,1154.85,3154019
2021-06-14 09:38:23,1155.45,3155224
2021-06-14 09:38:24,1155.45,3156865
2021-06-14 09:38:25,1156.2,3159785
2021-06-14 09:38:27,1156.4,3160322
2021-06-14 09:38:28,1156.3,3162748
2021-06-14 09:38:29,1156.05,3166699
2021-06-14 09:38:30,1156.25,3167943
2021-06-14 09:38:32,1156.3,3171644
2021-06-14 09:38:33,1156.0,3173268
2021-06-14 09:38:34,1156.1,3173860
2021-06-14 09:38:36,1156.0,3175002
2021-06-14 09:38:36,1156.3,3175305
2021-06-14 09:38:37,1156.0,3181442
2021-06-14 09:38:38,1156.05,3181953
2021-06-14 09:38:39,1156.0,3183264
2021-06-14 09:38:40,1155.6,3185331
2021-06-14 09:38:41,1156.05,3185639
2021-06-14 09:38:42,1156.25,3188781
2021-06-14 09:38:43,1156.7,3190954
2021-06-14 09:38:44,1156.25,3192497
2021-06-14 09:38:45,1157.0,3199368
2021-06-14 09:38:46,1156.45,3201556
2021-06-14 09:38:47,1156.45,3202191
2021-06-14 09:38:48,1156.45,3202312
2021-06-14 09:38:49,1157.0,3206418
2021-06-14 09:38:50,1157.45,3207248
2021-06-14 09:38:51,1157.65,3212415
2021-06-14 09:38:52,1157.7,3213490
2021-06-14 09:38:53,1157.9,3214368
2021-06-14 09:38:54,1157.8,3218534
2021-06-14 09:38:55,1158.75,3221670
2021-06-14 09:38:56,1158.85,3223712
2021-06-14 09:38:57,1158.85,3225593
2021-06-14 09:38:58,1158.75,3226623
2021-06-14 09:38:59,1158.7,3228154
2021-06-14 09:39:00,1158.55,3228988
2021-06-14 09:39:01,1158.3,3231264
2021-06-14 09:39:02,1158.55,3235592
2021-06-14 09:39:03,1157.8,3244690
2021-06-14 09:39:05,1158.1,3246076
2021-06-14 09:39:05,1158.15,3246248
2021-06-14 09:39:06,1157.75,3246853
2021-06-14 09:39:07,1158.55,3247850
2021-06-14 09:39:08,1158.5,3249126
2021-06-14 09:39:09,1158.55,3252462
2021-06-14 09:39:10,1158.55,3256575
2021-06-14 09:39:11,1157.95,3257835
2021-06-14 09:39:12,1157.6,3261471
2021-06-14 09:39:13,1157.6,3262892
2021-06-14 09:39:14,1157.75,3263661
2021-06-14 09:39:15,1158.0,3266062
2021-06-14 09:39:16,1157.9,3268341
2021-06-14 09:39:17,1158.1,3269827
2021-06-14 09:39:18,1157.8,3270470
2021-06-14 09:39:19,1158.0,3270531
2021-06-14 09:39:20,1157.4,3271633
2021-06-14 09:39:21,1157.25,3272188
2021-06-14 09:39:22,1157.9,3273692
2021-06-14 09:39:23,1158.0,3274757
2021-06-14 09:39:24,1158.0,3275428
2021-06-14 09:39:25,1157.5,3276309
2021-06-14 09:39:26,1157.25,3276766
2021-06-14 09:39:27,1157.55,3277328
2021-06-14 09:39:28,1157.4,3279125
2021-06-14 09:39:29,1157.5,3280014
2021-06-14 09:39:30,1157.9,3280542
2021-06-14 09:39:31,1158.0,3280919
2021-06-14 09:39:32,1158.0,3282154
2021-06-14 09:39:33,1158.0,3282293
2021-06-14 09:39:34,1157.65,3282850
2021-06-14 09:39:37,1157.65,3284090
2021-06-14 09:39:38,1157.65,3284684
2021-06-14 09:39:39,1157.75,3284956
2021-06-14 09:39:40,1158.4,3302762
2021-06-14 09:39:41,1158.1,3306071
2021-06-14 09:39:43,1158.55,3307294
2021-06-14 09:39:44,1158.2,3307820
2021-06-14 09:39:45,1158.7,3308619
2021-06-14 09:39:46,1158.4,3309307
2021-06-14 09:39:47,1158.2,3309377
2021-06-14 09:39:48,1158.3,3311472
2021-06-14 09:39:49,1158.5,3312352
2021-06-14 09:39:50,1158.7,3312975
2021-06-14 09:39:51,1158.7,3313862
2021-06-14 09:39:53,1159.0,3326417
2021-06-14 09:39:54,1159.2,3328631
2021-06-14 09:39:55,1159.0,3331185
2021-06-14 09:39:56,1158.5,3334266
2021-06-14 09:39:57,1158.35,3335976
2021-06-14 09:39:58,1158.55,3342866
2021-06-14 09:39:59,1157.75,3346179
2021-06-14 09:40:00,1157.6,3347497
2021-06-14 09:40:01,1157.65,3347717
2021-06-14 09:40:02,1157.5,3350184
2021-06-14 09:40:03,1158.0,3354201
2021-06-14 09:40:04,1158.55,3354756
2021-06-14 09:40:05,1158.5,3355419
2021-06-14 09:40:06,1158.35,3356309
2021-06-14 09:40:07,1158.5,3362516
2021-06-14 09:40:08,1158.0,3362882
2021-06-14 09:40:09,1158.5,3363026
2021-06-14 09:40:10,1158.0,3364021
2021-06-14 09:40:11,1158.45,3365122
2021-06-14 09:40:12,1158.45,3366277
2021-06-14 09:40:13,1158.45,3367475
2021-06-14 09:40:14,1158.75,3368545
2021-06-14 09:40:15,1158.35,3369399
2021-06-14 09:40:16,1158.75,3370388
2021-06-14 09:40:17,1158.95,3375863
2021-06-14 09:40:18,1159.1,3382417
2021-06-14 09:40:19,1158.95,3384734
2021-06-14 09:40:22,1160.0,3392792
2021-06-14 09:40:23,1160.0,3399214
2021-06-14 09:40:24,1160.0,3401001
2021-06-14 09:40:25,1160.65,3411549
2021-06-14 09:40:26,1160.65,3413358
2021-06-14 09:40:27,1160.85,3420711
2021-06-14 09:40:28,1161.4,3421830
2021-06-14 09:40:29,1161.6,3424820
2021-06-14 09:40:30,1161.5,3426554
2021-06-14 09:40:31,1161.5,3427407
2021-06-14 09:40:32,1161.25,3435517
2021-06-14 09:40:33,1161.0,3437182
2021-06-14 09:40:34,1161.45,3441173
2021-06-14 09:40:36,1160.45,3445492
2021-06-14 09:40:37,1160.8,3447327
2021-06-14 09:40:38,1159.55,3453607
2021-06-14 09:40:39,1160.0,3457944
2021-06-14 09:40:41,1159.8,3461455
2021-06-14 09:40:42,1159.85,3463836
2021-06-14 09:40:43,1159.65,3465886
2021-06-14 09:40:44,1158.95,3469109
2021-06-14 09:40:45,1158.45,3472518
2021-06-14 09:40:47,1158.1,3482364
2021-06-14 09:40:48,1158.0,3483688
2021-06-14 09:40:49,1158.75,3486859
2021-06-14 09:40:49,1158.75,3487860
2021-06-14 09:40:50,1158.45,3488142
2021-06-14 09:40:51,1159.05,3489202
2021-06-14 09:40:52,1160.0,3491175
2021-06-14 09:40:53,1160.6,3498104
2021-06-14 09:40:54,1160.6,3498342
2021-06-14 09:40:56,1160.2,3499997
2021-06-14 09:40:57,1160.0,3500958
2021-06-14 09:40:58,1160.75,3504018
2021-06-14 09:41:00,1160.4,3509007
2021-06-14 09:41:01,1160.9,3509535
2021-06-14 09:41:02,1160.5,3510755
2021-06-14 09:41:03,1160.25,3511409
2021-06-14 09:41:04,1160.35,3512921
2021-06-14 09:41:05,1160.35,3514706
2021-06-14 09:41:08,1160.55,3519020
2021-06-14 09:41:09,1160.5,3519575
2021-06-14 09:41:10,1160.0,3520909
2021-06-14 09:41:11,1160.35,3521267
2021-06-14 09:41:12,1160.25,3522486
2021-06-14 09:41:13,1160.0,3523238
2021-06-14 09:41:14,1160.05,3524821
2021-06-14 09:41:15,1160.0,3525692
2021-06-14 09:41:16,1160.0,3527163
2021-06-14 09:41:18,1159.65,3528314
2021-06-14 09:41:19,1160.0,3530817
2021-06-14 09:41:20,1159.8,3531199
2021-06-14 09:41:21,1160.4,3534444
2021-06-14 09:41:22,1160.0,3535807
2021-06-14 09:41:23,1160.2,3536543
2021-06-14 09:41:23,1160.0,3536468
2021-06-14 09:41:24,1160.5,3537450
2021-06-14 09:41:25,1160.55,3539489
2021-06-14 09:41:26,1160.75,3541817
2021-06-14 09:41:28,1160.9,3543816
2021-06-14 09:41:29,1160.65,3544237
2021-06-14 09:41:30,1160.8,3544775
2021-06-14 09:41:31,1160.95,3550902
2021-06-14 09:41:32,1161.05,3552537
2021-06-14 09:41:33,1161.9,3557033
2021-06-14 09:41:34,1161.9,3558313
2021-06-14 09:41:35,1161.55,3560300
2021-06-14 09:41:36,1162.0,3561651
2021-06-14 09:41:37,1162.1,3578754
2021-06-14 09:41:38,1162.45,3582289
2021-06-14 09:41:39,1162.7,3583998
2021-06-14 09:41:40,1162.85,3585118
2021-06-14 09:41:41,1163.45,3597622
2021-06-14 09:41:43,1163.75,3602762
2021-06-14 09:41:44,1163.35,3605247
2021-06-14 09:41:46,1163.0,3610486
2021-06-14 09:41:48,1163.35,3620083
2021-06-14 09:41:49,1163.4,3621904
2021-06-14 09:41:50,1163.7,3624912
2021-06-14 09:41:51,1163.65,3628685
2021-06-14 09:41:52,1164.0,3631419
2021-06-14 09:41:53,1163.65,3635191
2021-06-14 09:41:56,1163.75,3646134
2021-06-14 09:41:57,1163.95,3647712
2021-06-14 09:41:59,1163.9,3653751
2021-06-14 09:42:01,1163.35,3656211
2021-06-14 09:42:02,1163.65,3658776
2021-06-14 09:42:03,1163.8,3659728
2021-06-14 09:42:04,1163.55,3663793
2021-06-14 09:42:05,1163.5,3667265
2021-06-14 09:42:05,1163.8,3667326
2021-06-14 09:42:06,1163.95,3671872
2021-06-14 09:42:07,1163.85,3672938
2021-06-14 09:42:08,1163.95,3679465
2021-06-14 09:42:09,1164.0,3681480
2021-06-14 09:42:10,1163.9,3683166
2021-06-14 09:42:11,1163.35,3684178
2021-06-14 09:42:12,1163.75,3685107
2021-06-14 09:42:13,1163.65,3687618
2021-06-14 09:42:14,1163.75,3688921
2021-06-14 09:42:15,1163.6,3689875
2021-06-14 09:42:16,1163.75,3690657
2021-06-14 09:42:17,1164.0,3692092
2021-06-14 09:42:18,1164.0,3693340
2021-06-14 09:42:19,1163.9,3695777
2021-06-14 09:42:20,1164.6,3699167
2021-06-14 09:42:21,1164.5,3702469
2021-06-14 09:42:22,1164.0,3703769
2021-06-14 09:42:23,1164.0,3705358
2021-06-14 09:42:24,1163.75,3706930
2021-06-14 09:42:25,1164.0,3708696
2021-06-14 09:42:26,1164.25,3709809
2021-06-14 09:42:27,1164.25,3713229
2021-06-14 09:42:28,1164.5,3714397
2021-06-14 09:42:29,1164.9,3717244
2021-06-14 09:42:30,1164.8,3718672
2021-06-14 09:42:31,1164.9,3722729
2021-06-14 09:42:32,1164.5,3723576
2021-06-14 09:42:33,1164.5,3724503
2021-06-14 09:42:34,1164.5,3725668
2021-06-14 09:42:35,1164.3,3726507
2021-06-14 09:42:36,1164.0,3729961
2021-06-14 09:42:37,1163.9,3736201
2021-06-14 09:42:38,1161.95,3754930
2021-06-14 09:42:39,1163.05,3760991
2021-06-14 09:42:40,1162.9,3762051
2021-06-14 09:42:41,1163.05,3762245
2021-06-14 09:42:42,1163.4,3763112
2021-06-14 09:42:43,1163.4,3764169
2021-06-14 09:42:44,1163.5,3765688
2021-06-14 09:42:45,1163.8,3767035
2021-06-14 09:42:46,1163.3,3772562
2021-06-14 09:42:48,1163.4,3773312
2021-06-14 09:42:49,1163.45,3776672
2021-06-14 09:42:50,1163.4,3777168
2021-06-14 09:42:51,1163.6,3778627
2021-06-14 09:42:52,1163.6,3780421
2021-06-14 09:42:53,1163.1,3781565
2021-06-14 09:42:54,1163.4,3782017
2021-06-14 09:42:55,1163.0,3785079
2021-06-14 09:42:56,1163.05,3786853
2021-06-14 09:42:58,1163.1,3787903
2021-06-14 09:42:59,1163.55,3790137
2021-06-14 09:43:00,1163.5,3794366
2021-06-14 09:43:01,1162.4,3795058
2021-06-14 09:43:02,1162.7,3796884
2021-06-14 09:43:03,1162.0,3798644
2021-06-14 09:43:05,1161.3,3802901
2021-06-14 09:43:06,1160.9,3808281
2021-06-14 09:43:06,1160.9,3809053
2021-06-14 09:43:07,1160.55,3812130
2021-06-14 09:43:08,1160.25,3814307
2021-06-14 09:43:09,1160.5,3816371
2021-06-14 09:43:11,1160.3,3817458
2021-06-14 09:43:12,1160.45,3818279
2021-06-14 09:43:13,1160.55,3821857
2021-06-14 09:43:13,1160.0,3823293
2021-06-14 09:43:14,1160.0,3823778
2021-06-14 09:43:15,1160.0,3824364
2021-06-14 09:43:16,1160.0,3826914
2021-06-14 09:43:17,1159.95,3829682
2021-06-14 09:43:19,1159.75,3830644
2021-06-14 09:43:19,1160.0,3832127
2021-06-14 09:43:20,1160.0,3832945
2021-06-14 09:43:22,1160.55,3834589
2021-06-14 09:43:22,1160.55,3835664
2021-06-14 09:43:24,1160.7,3838713
2021-06-14 09:43:25,1160.9,3841522
2021-06-14 09:43:25,1160.9,3842425
2021-06-14 09:43:26,1160.8,3842654
2021-06-14 09:43:27,1160.65,3842766
2021-06-14 09:43:28,1160.65,3844487
2021-06-14 09:43:30,1160.55,3845205
2021-06-14 09:43:31,1160.75,3846391
2021-06-14 09:43:32,1161.0,3847252
2021-06-14 09:43:33,1161.2,3848291
2021-06-14 09:43:34,1160.65,3848392
2021-06-14 09:43:35,1161.6,3850997
2021-06-14 09:43:35,1161.6,3850997
2021-06-14 09:43:37,1162.4,3906744
2021-06-14 09:43:38,1162.7,3907807
2021-06-14 09:43:39,1162.3,3909759
2021-06-14 09:43:40,1162.45,3910238
2021-06-14 09:43:42,1162.85,3910446
2021-06-14 09:43:43,1163.0,3910543
2021-06-14 09:43:44,1163.55,3913346
2021-06-14 09:43:45,1163.65,3915040
2021-06-14 09:43:46,1163.55,3915727
2021-06-14 09:43:47,1163.75,3915969
2021-06-14 09:43:49,1164.65,3932254
2021-06-14 09:43:49,1164.7,3932547
2021-06-14 09:43:51,1164.55,3934532
2021-06-14 09:43:52,1164.7,3935126
2021-06-14 09:43:53,1164.25,3936841
2021-06-14 09:43:54,1164.0,3940276
2021-06-14 09:43:55,1164.2,3941141
2021-06-14 09:43:56,1164.8,3942198
2021-06-14 09:43:57,1164.9,3943633
2021-06-14 09:43:58,1164.7,3944651
2021-06-14 09:43:59,1164.6,3947455
2021-06-14 09:44:00,1165.0,3948681
2021-06-14 09:44:01,1164.6,3949996
2021-06-14 09:44:02,1164.9,3951744
2021-06-14 09:44:03,1165.0,3953318
2021-06-14 09:44:04,1164.95,3954697
2021-06-14 09:44:05,1164.4,3955594
2021-06-14 09:44:05,1163.75,3960358
2021-06-14 09:44:06,1163.7,3961504
2021-06-14 09:44:08,1164.35,3964315
2021-06-14 09:44:09,1164.75,3965213
2021-06-14 09:44:11,1164.45,3968807
2021-06-14 09:44:13,1164.7,3970509
2021-06-14 09:44:14,1164.8,3971055
2021-06-14 09:44:15,1164.5,3971519
2021-06-14 09:44:16,1164.35,3972599
2021-06-14 09:44:18,1164.5,3973700
2021-06-14 09:44:19,1164.85,3977515
2021-06-14 09:44:20,1164.9,3978072
2021-06-14 09:44:21,1164.7,3978737
2021-06-14 09:44:22,1164.9,3980532
2021-06-14 09:44:27,1164.85,3985455
2021-06-14 09:44:28,1164.55,3985758
2021-06-14 09:44:29,1164.55,3986823
2021-06-14 09:44:30,1164.5,3989010
2021-06-14 09:44:31,1164.0,3989469
2021-06-14 09:44:33,1164.0,3992558
2021-06-14 09:44:34,1163.9,3993634
2021-06-14 09:44:35,1164.45,3994915
2021-06-14 09:44:35,1164.5,3995675
2021-06-14 09:44:36,1164.0,3997283
2021-06-14 09:44:37,1163.9,3998090
2021-06-14 09:44:38,1164.15,3998779
2021-06-14 09:44:40,1163.85,4000266
2021-06-14 09:44:41,1163.85,4000629
2021-06-14 09:44:42,1163.9,4000904
2021-06-14 09:44:43,1164.15,4002056
2021-06-14 09:44:43,1164.35,4003878
2021-06-14 09:44:44,1164.3,4004155
2021-06-14 09:44:48,1164.6,4007617
2021-06-14 09:44:49,1165.2,4040259
2021-06-14 09:44:50,1165.05,4042330
2021-06-14 09:44:51,1164.7,4044473
2021-06-14 09:44:52,1165.35,4045035
2021-06-14 09:44:53,1165.35,4045970
2021-06-14 09:44:54,1165.75,4047498
2021-06-14 09:44:55,1165.45,4049353
2021-06-14 09:44:57,1165.05,4056236
2021-06-14 09:44:57,1165.0,4056367
2021-06-14 09:44:58,1165.2,4057073
2021-06-14 09:44:59,1164.95,4059188
2021-06-14 09:45:00,1165.0,4059821
2021-06-14 09:45:02,1165.15,4062798
2021-06-14 09:45:03,1164.7,4063925
2021-06-14 09:45:04,1165.05,4067941
2021-06-14 09:45:05,1165.2,4073512
2021-06-14 09:45:06,1165.25,4074328
2021-06-14 09:45:07,1165.7,4076224
2021-06-14 09:45:09,1165.65,4080013
2021-06-14 09:45:10,1165.45,4081720
2021-06-14 09:45:10,1165.45,4082153
2021-06-14 09:45:12,1165.1,4083959
2021-06-14 09:45:13,1165.25,4086046
2021-06-14 09:45:14,1165.35,4086845
2021-06-14 09:45:15,1165.2,4088390
2021-06-14 09:45:16,1164.7,4090028
2021-06-14 09:45:18,1164.4,4094977
2021-06-14 09:45:19,1164.65,4095461
2021-06-14 09:45:20,1164.95,4095867
2021-06-14 09:45:21,1164.7,4096772
2021-06-14 09:45:22,1164.75,4097986
2021-06-14 09:45:23,1164.35,4098656
2021-06-14 09:45:24,1164.25,4099353
2021-06-14 09:45:26,1164.4,4102143
2021-06-14 09:45:27,1163.65,4106878
2021-06-14 09:45:28,1164.2,4107542
2021-06-14 09:45:29,1164.2,4110181
2021-06-14 09:45:30,1163.7,4111551
2021-06-14 09:45:31,1164.0,4112131
2021-06-14 09:45:33,1164.3,4117452
2021-06-14 09:45:35,1163.5,4120673
2021-06-14 09:45:36,1163.6,4121124
2021-06-14 09:45:36,1163.55,4121450
2021-06-14 09:45:40,1162.8,4128443
2021-06-14 09:45:41,1162.45,4131038
2021-06-14 09:45:42,1162.15,4131793
2021-06-14 09:45:43,1162.15,4135406
2021-06-14 09:45:44,1161.6,4135961
2021-06-14 09:45:45,1161.55,4137355
2021-06-14 09:45:46,1161.9,4138958
2021-06-14 09:45:47,1162.0,4140118
2021-06-14 09:45:48,1161.35,4141382
2021-06-14 09:45:49,1161.35,4142047
2021-06-14 09:45:50,1161.6,4142960
2021-06-14 09:45:51,1161.65,4143232
2021-06-14 09:45:52,1161.55,4143854
2021-06-14 09:45:53,1161.35,4144928
2021-06-14 09:45:54,1161.7,4146801
2021-06-14 09:45:56,1161.4,4149379
2021-06-14 09:45:57,1161.95,4150747
2021-06-14 09:45:58,1162.0,4156446
2021-06-14 09:45:59,1162.0,4157676
2021-06-14 09:46:00,1161.55,4158510
2021-06-14 09:46:01,1161.8,4159077
2021-06-14 09:46:02,1161.8,4160742
2021-06-14 09:46:03,1161.5,4160929
2021-06-14 09:46:04,1161.35,4161920
2021-06-14 09:46:05,1161.35,4162014
2021-06-14 09:46:06,1161.3,4162516
2021-06-14 09:46:07,1161.45,4163545
2021-06-14 09:46:08,1161.25,4164885
2021-06-14 09:46:08,1161.25,4164905
2021-06-14 09:46:09,1161.4,4165452
2021-06-14 09:46:11,1161.65,4165798
2021-06-14 09:46:12,1161.1,4166262
2021-06-14 09:46:13,1161.0,4166562
2021-06-14 09:46:14,1160.95,4171462
2021-06-14 09:46:15,1161.3,4172216
2021-06-14 09:46:15,1161.35,4172428
2021-06-14 09:46:17,1161.0,4172883
2021-06-14 09:46:18,1160.9,4180103
2021-06-14 09:46:19,1161.25,4180793
2021-06-14 09:46:20,1160.7,4183382
2021-06-14 09:46:21,1160.65,4185462
2021-06-14 09:46:22,1161.0,4185576
2021-06-14 09:46:23,1161.1,4186379
2021-06-14 09:46:24,1161.0,4188156
2021-06-14 09:46:24,1161.0,4188156
2021-06-14 09:46:25,1160.95,4188863
2021-06-14 09:46:27,1160.5,4191418
2021-06-14 09:46:28,1160.55,4197080
2021-06-14 09:46:29,1160.55,4197406
2021-06-14 09:46:30,1160.5,4197763
2021-06-14 09:46:31,1160.55,4198997
2021-06-14 09:46:32,1160.15,4199850
2021-06-14 09:46:33,1160.8,4200948
2021-06-14 09:46:34,1160.9,4202793
2021-06-14 09:46:35,1160.15,4203220
2021-06-14 09:46:35,1160.5,4203371
2021-06-14 09:46:37,1160.55,4206404
2021-06-14 09:46:38,1160.1,4208115
2021-06-14 09:46:39,1160.75,4208915
2021-06-14 09:46:41,1161.0,4215663
2021-06-14 09:46:42,1160.9,4216304
2021-06-14 09:46:43,1160.4,4219272
2021-06-14 09:46:45,1160.9,4219837
2021-06-14 09:46:46,1160.75,4220804
2021-06-14 09:46:47,1160.8,4221519
2021-06-14 09:46:49,1160.85,4221831
2021-06-14 09:46:51,1160.55,4223423
2021-06-14 09:46:52,1161.0,4224470
2021-06-14 09:46:53,1160.45,4224799
2021-06-14 09:46:54,1160.85,4225705
2021-06-14 09:46:55,1160.5,4226532
2021-06-14 09:46:57,1160.9,4227334
2021-06-14 09:46:58,1160.85,4227934
2021-06-14 09:46:59,1160.5,4228400
2021-06-14 09:47:00,1160.9,4229077
2021-06-14 09:47:01,1161.0,4232267
2021-06-14 09:47:02,1160.85,4232692
2021-06-14 09:47:03,1160.75,4232907
2021-06-14 09:47:04,1160.6,4233019
2021-06-14 09:47:05,1160.5,4234381
2021-06-14 09:47:06,1160.5,4235284
2021-06-14 09:47:07,1161.1,4235458
2021-06-14 09:47:08,1160.9,4235926
2021-06-14 09:47:09,1160.4,4242229
2021-06-14 09:47:10,1159.75,4254826
2021-06-14 09:47:12,1159.25,4258275
2021-06-14 09:47:13,1159.2,4259063
2021-06-14 09:47:14,1159.15,4263084
2021-06-14 09:47:15,1159.15,4263084
2021-06-14 09:47:16,1158.7,4263461
2021-06-14 09:47:17,1157.95,4279183
2021-06-14 09:47:19,1157.8,4282860
2021-06-14 09:47:18,1157.5,4281143
2021-06-14 09:47:20,1158.1,4285519
2021-06-14 09:47:21,1157.55,4286933
2021-06-14 09:47:22,1157.05,4290581
2021-06-14 09:47:23,1157.2,4291192
2021-06-14 09:47:24,1156.65,4296993
2021-06-14 09:47:25,1157.0,4298581
2021-06-14 09:47:26,1156.1,4300721
2021-06-14 09:47:27,1156.0,4306746
2021-06-14 09:47:28,1157.45,4310821
2021-06-14 09:47:29,1156.8,4310978
2021-06-14 09:47:31,1156.55,4314344
2021-06-14 09:47:32,1156.5,4315584
2021-06-14 09:47:33,1156.35,4316194
2021-06-14 09:47:34,1156.5,4316910
2021-06-14 09:47:35,1156.35,4318913
2021-06-14 09:47:36,1156.95,4323708
2021-06-14 09:47:37,1158.55,4327282
2021-06-14 09:47:38,1157.75,4329474
2021-06-14 09:47:39,1158.0,4330241
2021-06-14 09:47:40,1157.75,4330962
2021-06-14 09:47:41,1157.95,4331655
2021-06-14 09:47:42,1157.95,4333106
2021-06-14 09:47:43,1157.25,4333505
2021-06-14 09:47:44,1157.0,4333742
2021-06-14 09:47:45,1156.95,4336568
2021-06-14 09:47:46,1156.85,4340070
2021-06-14 09:47:47,1156.95,4342592
2021-06-14 09:47:48,1156.95,4342592
2021-06-14 09:47:49,1157.0,4343632
2021-06-14 09:47:50,1157.55,4346573
2021-06-14 09:47:51,1158.0,4347716
2021-06-14 09:47:52,1157.3,4348015
2021-06-14 09:47:53,1157.9,4349030
2021-06-14 09:47:54,1157.85,4350519
2021-06-14 09:47:55,1157.85,4351306
2021-06-14 09:47:56,1157.4,4351748
2021-06-14 09:47:57,1157.5,4357995
2021-06-14 09:47:58,1157.45,4358412
2021-06-14 09:47:59,1157.4,4358833
2021-06-14 09:48:00,1157.0,4364309
2021-06-14 09:48:02,1157.55,4367764
2021-06-14 09:48:03,1157.6,4368212
2021-06-14 09:48:04,1157.85,4368501
2021-06-14 09:48:05,1157.45,4368570
2021-06-14 09:48:06,1157.9,4369002
2021-06-14 09:48:07,1157.5,4370038
2021-06-14 09:48:08,1157.85,4372389
2021-06-14 09:48:09,1157.85,4377324
2021-06-14 09:48:10,1157.8,4377990
2021-06-14 09:48:11,1157.95,4378242
2021-06-14 09:48:12,1158.0,4378765
2021-06-14 09:48:13,1158.4,4378916
2021-06-14 09:48:14,1158.1,4379127
2021-06-14 09:48:15,1158.5,4380120
2021-06-14 09:48:16,1158.6,4380725
2021-06-14 09:48:17,1159.0,4381866
2021-06-14 09:48:18,1159.45,4384742
2021-06-14 09:48:19,1159.45,4384887
2021-06-14 09:48:20,1159.5,4385658
2021-06-14 09:48:21,1159.55,4385845
2021-06-14 09:48:22,1159.95,4386332
2021-06-14 09:48:23,1159.65,4387541
2021-06-14 09:48:24,1160.0,4388318
2021-06-14 09:48:25,1160.3,4390847
2021-06-14 09:48:26,1160.9,4393317
2021-06-14 09:48:27,1161.0,4394395
2021-06-14 09:48:28,1161.35,4397527
2021-06-14 09:48:29,1161.25,4398680
2021-06-14 09:48:30,1161.35,4398837
2021-06-14 09:48:31,1161.7,4401302
2021-06-14 09:48:33,1161.25,4404260
2021-06-14 09:48:34,1161.0,4405076
2021-06-14 09:48:35,1160.5,4405687
2021-06-14 09:48:36,1160.55,4406057
2021-06-14 09:48:37,1160.5,4406296
2021-06-14 09:48:38,1160.05,4408667
2021-06-14 09:48:39,1160.5,4409664
2021-06-14 09:48:40,1160.1,4410372
2021-06-14 09:48:41,1160.5,4410393
2021-06-14 09:48:42,1160.1,4411192
2021-06-14 09:48:43,1160.0,4411610
2021-06-14 09:48:44,1160.0,4411839
2021-06-14 09:48:45,1160.05,4412530
2021-06-14 09:48:46,1160.0,4413195
2021-06-14 09:48:47,1160.1,4413752
2021-06-14 09:48:48,1160.0,4414013
2021-06-14 09:48:49,1160.35,4414193
2021-06-14 09:48:50,1160.3,4416035
2021-06-14 09:48:51,1160.8,4417123
2021-06-14 09:48:52,1160.35,4417383
2021-06-14 09:48:53,1160.7,4418655
2021-06-14 09:48:54,1160.0,4436868
2021-06-14 09:48:55,1160.45,4437133
2021-06-14 09:48:56,1159.65,4437938
2021-06-14 09:48:57,1160.0,4438051
2021-06-14 09:48:58,1160.0,4440679
2021-06-14 09:48:59,1160.0,4441054
2021-06-14 09:49:00,1159.85,4441143
2021-06-14 09:49:01,1159.2,4442896
2021-06-14 09:49:02,1159.25,4443169
2021-06-14 09:49:03,1159.0,4443322
2021-06-14 09:49:05,1159.7,4443788
2021-06-14 09:49:06,1159.85,4443990
2021-06-14 09:49:07,1159.85,4445291
2021-06-14 09:49:08,1159.85,4445479
2021-06-14 09:49:10,1159.7,4445701
2021-06-14 09:49:10,1159.0,4446231
2021-06-14 09:49:11,1159.7,4447465
2021-06-14 09:49:12,1159.85,4447516
2021-06-14 09:49:13,1159.45,4447721
2021-06-14 09:49:14,1159.4,4448298
2021-06-14 09:49:15,1159.85,4448551
2021-06-14 09:49:16,1159.85,4448581
2021-06-14 09:49:17,1159.65,4449268
2021-06-14 09:49:18,1159.5,4449580
2021-06-14 09:49:19,1159.85,4449756
2021-06-14 09:49:21,1159.55,4451078
2021-06-14 09:49:21,1159.55,4451076
2021-06-14 09:49:22,1159.55,4451427
2021-06-14 09:49:23,1159.6,4451806
2021-06-14 09:49:24,1159.6,4452074
2021-06-14 09:49:26,1159.45,4455129
2021-06-14 09:49:31,1159.8,4460845
2021-06-14 09:49:32,1160.0,4460878
2021-06-14 09:49:32,1160.0,4460851
2021-06-14 09:49:34,1160.35,4463842
2021-06-14 09:49:35,1160.3,4465467
2021-06-14 09:49:36,1160.35,4465598
2021-06-14 09:49:37,1160.3,4465952
2021-06-14 09:49:38,1160.85,4466841
2021-06-14 09:49:40,1161.0,4467329
2021-06-14 09:49:40,1160.9,4469570
2021-06-14 09:49:41,1160.85,4469674
2021-06-14 09:49:43,1161.4,4471654
2021-06-14 09:49:43,1161.4,4471679
2021-06-14 09:49:44,1160.95,4471781
2021-06-14 09:49:45,1161.0,4472095
2021-06-14 09:49:46,1161.2,4472970
2021-06-14 09:49:47,1161.0,4474115
2021-06-14 09:49:49,1161.0,4474743
2021-06-14 09:49:50,1161.0,4474818
2021-06-14 09:49:51,1160.9,4475555
2021-06-14 09:49:52,1161.3,4478950
2021-06-14 09:49:53,1161.0,4479490
2021-06-14 09:49:55,1161.45,4481692
2021-06-14 09:49:57,1161.2,4482745
2021-06-14 09:49:58,1161.25,4483241
2021-06-14 09:49:59,1161.45,4483555
2021-06-14 09:50:01,1161.55,4483950
2021-06-14 09:50:01,1161.55,4483960
2021-06-14 09:50:02,1161.7,4485246
2021-06-14 09:50:03,1161.9,4485342
2021-06-14 09:50:04,1162.7,4499835
2021-06-14 09:50:06,1162.95,4500556
2021-06-14 09:50:08,1163.05,4507250
2021-06-14 09:50:09,1162.6,4511625
2021-06-14 09:50:11,1162.3,4512191
2021-06-14 09:50:12,1162.75,4513867
2021-06-14 09:50:13,1163.0,4516155
2021-06-14 09:50:14,1163.0,4516340
2021-06-14 09:50:15,1163.0,4517658
2021-06-14 09:50:17,1163.0,4521023
2021-06-14 09:50:17,1163.0,4521036
2021-06-14 09:50:18,1162.95,4522145
2021-06-14 09:50:20,1163.0,4522775
2021-06-14 09:50:21,1162.6,4523153
2021-06-14 09:50:23,1163.2,4524260
2021-06-14 09:50:23,1162.8,4524265
2021-06-14 09:50:24,1163.4,4524610
2021-06-14 09:50:25,1163.0,4525668
2021-06-14 09:50:26,1162.85,4526217
2021-06-14 09:50:27,1162.95,4526454
2021-06-14 09:50:28,1162.8,4527347
2021-06-14 09:50:29,1163.5,4527977
2021-06-14 09:50:31,1163.4,4528232
2021-06-14 09:50:32,1163.5,4528772
2021-06-14 09:50:33,1164.0,4531330
2021-06-14 09:50:33,1163.6,4531393
2021-06-14 09:50:34,1163.75,4532249
2021-06-14 09:50:35,1163.85,4532833
2021-06-14 09:50:36,1163.9,4533203
2021-06-14 09:50:37,1163.55,4534106
2021-06-14 09:50:38,1163.5,4535008
2021-06-14 09:50:39,1163.8,4535132
2021-06-14 09:50:40,1164.0,4535972
2021-06-14 09:50:41,1164.0,4536563
2021-06-14 09:50:42,1164.0,4537315
2021-06-14 09:50:43,1164.0,4538446
2021-06-14 09:50:44,1163.75,4539882
2021-06-14 09:50:45,1163.55,4541675
2021-06-14 09:50:46,1164.0,4542209
2021-06-14 09:50:47,1163.75,4543455
2021-06-14 09:50:48,1163.8,4543789
2021-06-14 09:50:49,1164.0,4545184
2021-06-14 09:50:50,1163.85,4545320
2021-06-14 09:50:51,1164.0,4545796
2021-06-14 09:50:52,1164.0,4546276
2021-06-14 09:50:53,1163.8,4546806
2021-06-14 09:50:54,1163.9,4548565
2021-06-14 09:50:56,1163.75,4550846
2021-06-14 09:50:57,1163.75,4551480
2021-06-14 09:50:57,1163.8,4551770
2021-06-14 09:50:58,1163.45,4552887
2021-06-14 09:50:59,1163.8,4553127
2021-06-14 09:51:00,1163.95,4553440
2021-06-14 09:51:01,1163.9,4554430
2021-06-14 09:51:02,1164.3,4571309
2021-06-14 09:51:03,1164.05,4571410
2021-06-14 09:51:04,1164.1,4577296
2021-06-14 09:51:06,1164.1,4579212
2021-06-14 09:51:07,1163.95,4580113
2021-06-14 09:51:08,1164.0,4580229
2021-06-14 09:51:09,1163.5,4582860
2021-06-14 09:51:10,1163.65,4583375
2021-06-14 09:51:11,1163.8,4583986
2021-06-14 09:51:12,1163.65,4584135
2021-06-14 09:51:12,1163.75,4584151
2021-06-14 09:51:13,1163.95,4584836
2021-06-14 09:51:14,1163.75,4585462
2021-06-14 09:51:15,1164.0,4585979
2021-06-14 09:51:16,1163.75,4586316
2021-06-14 09:51:17,1163.65,4587172
2021-06-14 09:51:18,1163.85,4587342
2021-06-14 09:51:19,1163.65,4588680
2021-06-14 09:51:21,1164.0,4589285
2021-06-14 09:51:22,1163.8,4590825
2021-06-14 09:51:23,1163.5,4592019
2021-06-14 09:51:24,1163.55,4593202
2021-06-14 09:51:24,1163.55,4593202
2021-06-14 09:51:25,1163.5,4594958
2021-06-14 09:51:26,1163.5,4595214
2021-06-14 09:51:27,1163.05,4595458
2021-06-14 09:51:28,1163.0,4597859
2021-06-14 09:51:29,1163.0,4599902
2021-06-14 09:51:30,1163.0,4600373
2021-06-14 09:51:31,1163.0,4601472
2021-06-14 09:51:32,1163.0,4601824
2021-06-14 09:51:33,1162.9,4602855
2021-06-14 09:51:34,1162.85,4603335
2021-06-14 09:51:35,1162.25,4603638
2021-06-14 09:51:36,1162.25,4603958
2021-06-14 09:51:37,1162.0,4605659
2021-06-14 09:51:38,1162.85,4608234
2021-06-14 09:51:40,1162.5,4608499
2021-06-14 09:51:41,1162.9,4609441
2021-06-14 09:51:42,1162.45,4609878
2021-06-14 09:51:42,1162.45,4609878
2021-06-14 09:51:43,1162.95,4610077
2021-06-14 09:51:44,1162.0,4612665
2021-06-14 09:51:45,1162.0,4612970
2021-06-14 09:51:47,1162.0,4613085
2021-06-14 09:51:48,1162.6,4613517
2021-06-14 09:51:48,1162.8,4614139
2021-06-14 09:51:51,1163.1,4618380
2021-06-14 09:51:52,1163.1,4618582
2021-06-14 09:51:53,1163.15,4618780
2021-06-14 09:51:54,1163.25,4619434
2021-06-14 09:51:56,1162.95,4621076
2021-06-14 09:51:57,1162.3,4621222
2021-06-14 09:51:58,1162.6,4621459
2021-06-14 09:51:59,1162.55,4621925
2021-06-14 09:52:00,1162.55,4622039
2021-06-14 09:52:01,1162.0,4622097
2021-06-14 09:52:02,1161.9,4623632
2021-06-14 09:52:03,1161.65,4624041
2021-06-14 09:52:04,1162.05,4630136
2021-06-14 09:52:05,1162.8,4630728
2021-06-14 09:52:06,1162.8,4631237
2021-06-14 09:52:07,1162.8,4631367
2021-06-14 09:52:08,1163.0,4632282
2021-06-14 09:52:09,1162.7,4633182
2021-06-14 09:52:10,1163.0,4634793
2021-06-14 09:52:11,1162.7,4634924
2021-06-14 09:52:12,1162.55,4635687
2021-06-14 09:52:14,1162.7,4636378
2021-06-14 09:52:15,1162.8,4637483
2021-06-14 09:52:17,1162.85,4637815
2021-06-14 09:52:18,1162.75,4638539
2021-06-14 09:52:19,1162.9,4639055
2021-06-14 09:52:19,1162.9,4639295
2021-06-14 09:52:20,1162.9,4639673
2021-06-14 09:52:21,1162.9,4640083
2021-06-14 09:52:22,1163.3,4644914
2021-06-14 09:52:23,1163.1,4645904
2021-06-14 09:52:24,1163.05,4646456
2021-06-14 09:52:27,1163.05,4647397
2021-06-14 09:52:28,1163.05,4647397
2021-06-14 09:52:29,1163.05,4647446
2021-06-14 09:52:30,1163.5,4647531
2021-06-14 09:52:32,1163.5,4649089
2021-06-14 09:52:33,1163.15,4649865
2021-06-14 09:52:34,1163.3,4652020
2021-06-14 09:52:35,1163.1,4652100
2021-06-14 09:52:36,1163.3,4652260
2021-06-14 09:52:37,1163.1,4652354
2021-06-14 09:52:38,1163.3,4653099
2021-06-14 09:52:42,1163.7,4654258
2021-06-14 09:52:43,1163.7,4655206
2021-06-14 09:52:44,1163.95,4658919
2021-06-14 09:52:45,1163.7,4659555
2021-06-14 09:52:46,1163.7,4659661
2021-06-14 09:52:48,1163.95,4659892
2021-06-14 09:52:49,1163.75,4661548
2021-06-14 09:52:49,1163.75,4661548
2021-06-14 09:52:50,1163.7,4662630
2021-06-14 09:52:51,1163.7,4662863
2021-06-14 09:52:53,1164.15,4672731
2021-06-14 09:52:55,1164.15,4672793
2021-06-14 09:52:56,1164.2,4673063
2021-06-14 09:52:57,1164.5,4673761
2021-06-14 09:52:57,1164.4,4673762
2021-06-14 09:52:58,1164.35,4675078
2021-06-14 09:52:59,1164.05,4675455
2021-06-14 09:53:01,1164.5,4676165
2021-06-14 09:53:02,1164.4,4676781
2021-06-14 09:53:03,1164.05,4677101
2021-06-14 09:53:04,1164.4,4678202
2021-06-14 09:53:05,1164.4,4679205
2021-06-14 09:53:06,1164.4,4679359
2021-06-14 09:53:07,1164.4,4679532
2021-06-14 09:53:08,1164.45,4679677
2021-06-14 09:53:09,1164.25,4680012
2021-06-14 09:53:10,1164.5,4680919
2021-06-14 09:53:11,1164.6,4682806
2021-06-14 09:53:12,1164.45,4684147
2021-06-14 09:53:13,1164.6,4686476
2021-06-14 09:53:15,1164.95,4691637
2021-06-14 09:53:16,1165.0,4694675
2021-06-14 09:53:17,1165.0,4695852
2021-06-14 09:53:18,1165.5,4724006
2021-06-14 09:53:19,1165.45,4725359
2021-06-14 09:53:21,1165.65,4726882
2021-06-14 09:53:22,1165.5,4727094
2021-06-14 09:53:24,1165.95,4732548
2021-06-14 09:53:24,1165.95,4732868
2021-06-14 09:53:25,1165.6,4743593
2021-06-14 09:53:26,1165.75,4749381
2021-06-14 09:53:28,1166.0,4751453
2021-06-14 09:53:29,1165.4,4752992
2021-06-14 09:53:30,1165.5,4754461
2021-06-14 09:53:30,1165.95,4754357
2021-06-14 09:53:31,1165.75,4760061
2021-06-14 09:53:32,1166.0,4766193
2021-06-14 09:53:34,1166.15,4771812
2021-06-14 09:53:35,1166.65,4773768
2021-06-14 09:53:36,1166.3,4777404
2021-06-14 09:53:37,1166.95,4778969
2021-06-14 09:53:38,1167.0,4785864
2021-06-14 09:53:38,1167.0,4785964
2021-06-14 09:53:39,1167.0,4788330
2021-06-14 09:53:41,1167.3,4797069
2021-06-14 09:53:42,1167.8,4798054
2021-06-14 09:53:44,1167.85,4801159
2021-06-14 09:53:45,1167.8,4803845
2021-06-14 09:53:46,1168.1,4835960
2021-06-14 09:53:47,1167.9,4839084
2021-06-14 09:53:48,1168.1,4841470
2021-06-14 09:53:49,1168.5,4844005
2021-06-14 09:53:50,1168.95,4848376
2021-06-14 09:53:50,1168.75,4848105
2021-06-14 09:53:51,1168.25,4853721
2021-06-14 09:53:53,1168.45,4858072
2021-06-14 09:53:54,1168.5,4859706
2021-06-14 09:53:55,1169.0,4862091
2021-06-14 09:53:56,1168.7,4865570
2021-06-14 09:53:57,1169.4,4867684
2021-06-14 09:53:58,1169.35,4870571
2021-06-14 09:53:59,1169.35,4871798
2021-06-14 09:54:00,1169.0,4876715
2021-06-14 09:54:01,1169.65,4880833
2021-06-14 09:54:01,1169.7,4880813
2021-06-14 09:54:02,1169.4,4884169
2021-06-14 09:54:03,1169.2,4885599
2021-06-14 09:54:04,1169.45,4888052
2021-06-14 09:54:05,1169.9,4891774
2021-06-14 09:54:06,1170.0,4907233
2021-06-14 09:54:08,1170.0,4912413
2021-06-14 09:54:09,1170.0,4916066
2021-06-14 09:54:10,1169.9,4923114
2021-06-14 09:54:11,1170.0,4930127
2021-06-14 09:54:12,1170.1,4934507
2021-06-14 09:54:13,1170.6,4942521
2021-06-14 09:54:14,1170.85,4947578
2021-06-14 09:54:15,1170.9,4949938
2021-06-14 09:54:16,1170.95,4953253
2021-06-14 09:54:17,1170.7,4963126
2021-06-14 09:54:17,1170.8,4963432
2021-06-14 09:54:18,1170.8,4967918
2021-06-14 09:54:20,1170.3,4971747
2021-06-14 09:54:21,1170.2,4977787
2021-06-14 09:54:22,1170.25,4980102
2021-06-14 09:54:23,1170.4,4983223
2021-06-14 09:54:24,1170.35,4985356
2021-06-14 09:54:28,1170.35,5000335
2021-06-14 09:54:29,1170.35,5003066
2021-06-14 09:54:30,1170.05,5005147
2021-06-14 09:54:31,1170.0,5007331
2021-06-14 09:54:32,1170.3,5008485
2021-06-14 09:54:33,1171.5,5028510
2021-06-14 09:54:34,1171.45,5030696
2021-06-14 09:54:36,1171.6,5035501
2021-06-14 09:54:37,1172.45,5063733
2021-06-14 09:54:38,1172.4,5073160
2021-06-14 09:54:39,1172.0,5078308
2021-06-14 09:54:40,1173.0,5092015
2021-06-14 09:54:41,1173.0,5096111
2021-06-14 09:54:42,1172.45,5100713
2021-06-14 09:54:42,1172.45,5102070
2021-06-14 09:54:44,1172.8,5111169
2021-06-14 09:54:45,1173.15,5121477
2021-06-14 09:54:46,1172.85,5126605
2021-06-14 09:54:46,1173.55,5126946
2021-06-14 09:54:47,1174.0,5132805
2021-06-14 09:54:49,1173.55,5136808
2021-06-14 09:54:50,1174.0,5142146
2021-06-14 09:54:51,1174.0,5145225
2021-06-14 09:54:52,1174.3,5160469
2021-06-14 09:54:53,1174.05,5168081
2021-06-14 09:54:53,1174.0,5168421
2021-06-14 09:54:54,1174.2,5171859
2021-06-14 09:54:55,1174.25,5174134
2021-06-14 09:54:56,1174.3,5175141
2021-06-14 09:54:57,1174.45,5178714
2021-06-14 09:54:58,1174.3,5185459
2021-06-14 09:55:00,1174.6,5189301
2021-06-14 09:55:01,1174.35,5192724
2021-06-14 09:55:02,1174.65,5197837
2021-06-14 09:55:03,1174.6,5199943
2021-06-14 09:55:04,1174.25,5204417
2021-06-14 09:55:05,1174.6,5207260
2021-06-14 09:55:06,1174.55,5220283
2021-06-14 09:55:06,1174.4,5222616
2021-06-14 09:55:07,1174.95,5227944
2021-06-14 09:55:09,1175.0,5230900
2021-06-14 09:55:10,1174.6,5233097
2021-06-14 09:55:11,1175.0,5246136
2021-06-14 09:55:12,1174.6,5250587
2021-06-14 09:55:13,1175.0,5258460
2021-06-14 09:55:14,1175.0,5261392
2021-06-14 09:55:15,1174.6,5263503
2021-06-14 09:55:16,1174.8,5265865
2021-06-14 09:55:17,1175.0,5267264
2021-06-14 09:55:18,1174.75,5273163
2021-06-14 09:55:19,1174.75,5277245
2021-06-14 09:55:20,1175.0,5281322
2021-06-14 09:55:20,1175.0,5281649
2021-06-14 09:55:21,1174.5,5283783
2021-06-14 09:55:23,1174.8,5291873
2021-06-14 09:55:24,1174.75,5294399
2021-06-14 09:55:26,1174.6,5295832
2021-06-14 09:55:27,1174.7,5297659
2021-06-14 09:55:28,1175.0,5300228
2021-06-14 09:55:29,1174.5,5303267
2021-06-14 09:55:30,1174.35,5305768
2021-06-14 09:55:32,1174.6,5318068
2021-06-14 09:55:33,1174.55,5319461
2021-06-14 09:55:34,1174.65,5322323
2021-06-14 09:55:35,1173.85,5336106
2021-06-14 09:55:36,1173.65,5338803
2021-06-14 09:55:37,1173.65,5340699
2021-06-14 09:55:38,1173.55,5355779
2021-06-14 09:55:39,1172.95,5357264
2021-06-14 09:55:39,1173.35,5358848
2021-06-14 09:55:40,1173.35,5364265
2021-06-14 09:55:42,1172.05,5369236
2021-06-14 09:55:43,1172.0,5373634
2021-06-14 09:55:45,1172.85,5387330
2021-06-14 09:55:46,1172.8,5394412
2021-06-14 09:55:46,1172.6,5394571
2021-06-14 09:55:48,1171.6,5397112
2021-06-14 09:55:49,1172.0,5398432
2021-06-14 09:55:50,1171.6,5399332
2021-06-14 09:55:51,1171.9,5400770
2021-06-14 09:55:52,1171.95,5402436
2021-06-14 09:55:53,1171.6,5406095
2021-06-14 09:55:54,1171.75,5407141
2021-06-14 09:55:55,1171.6,5408254
2021-06-14 09:55:56,1171.6,5409045
2021-06-14 09:55:56,1171.55,5410387
2021-06-14 09:55:57,1171.05,5411046
2021-06-14 09:55:58,1171.2,5417816
2021-06-14 09:56:00,1170.5,5421354
2021-06-14 09:56:01,1171.0,5422932
2021-06-14 09:56:02,1170.65,5423517
2021-06-14 09:56:03,1171.45,5427559
2021-06-14 09:56:04,1171.55,5428983
2021-06-14 09:56:04,1171.35,5429066
2021-06-14 09:56:06,1171.35,5431037
2021-06-14 09:56:07,1172.7,5438031
2021-06-14 09:56:08,1171.65,5442027
2021-06-14 09:56:09,1171.9,5443905
2021-06-14 09:56:10,1171.95,5444921
2021-06-14 09:56:11,1172.0,5446403
2021-06-14 09:56:12,1171.95,5447387
2021-06-14 09:56:13,1171.65,5450839
2021-06-14 09:56:14,1171.75,5451895
2021-06-14 09:56:14,1171.9,5452045
2021-06-14 09:56:16,1171.65,5452328
2021-06-14 09:56:17,1171.95,5452594
2021-06-14 09:56:19,1172.25,5455821
2021-06-14 09:56:20,1171.8,5456800
2021-06-14 09:56:21,1172.0,5459548
2021-06-14 09:56:22,1171.4,5461213
2021-06-14 09:56:23,1171.45,5463990
2021-06-14 09:56:24,1171.4,5465069
2021-06-14 09:56:24,1171.4,5465099
2021-06-14 09:56:25,1171.0,5468514
2021-06-14 09:56:27,1170.6,5469719
2021-06-14 09:56:28,1171.1,5470497
2021-06-14 09:56:29,1171.7,5471307
2021-06-14 09:56:30,1171.35,5472200
2021-06-14 09:56:31,1171.35,5473361
2021-06-14 09:56:32,1171.35,5474736
2021-06-14 09:56:33,1171.05,5475683
2021-06-14 09:56:34,1171.25,5476892
2021-06-14 09:56:35,1171.3,5477418
2021-06-14 09:56:36,1171.05,5478105
2021-06-14 09:56:38,1171.15,5480175
2021-06-14 09:56:39,1171.5,5480386
2021-06-14 09:56:40,1171.45,5481527
2021-06-14 09:56:41,1171.4,5481954
2021-06-14 09:56:41,1171.5,5482160
2021-06-14 09:56:42,1171.5,5482511
2021-06-14 09:56:43,1172.0,5486303
2021-06-14 09:56:45,1171.8,5488242
2021-06-14 09:56:47,1172.2,5492432
2021-06-14 09:56:48,1172.05,5493203
2021-06-14 09:56:49,1172.2,5494718
2021-06-14 09:56:49,1172.35,5495748
2021-06-14 09:56:51,1172.4,5496774
2021-06-14 09:56:52,1172.4,5498550
2021-06-14 09:56:53,1172.45,5500188
2021-06-14 09:56:54,1173.0,5501506
2021-06-14 09:56:55,1172.85,5502439
2021-06-14 09:56:55,1173.0,5502447
2021-06-14 09:56:56,1172.55,5503391
2021-06-14 09:56:58,1172.95,5504978
2021-06-14 09:56:59,1173.35,5507626
2021-06-14 09:57:00,1172.7,5510395
2021-06-14 09:57:01,1173.55,5512060
2021-06-14 09:57:02,1173.3,5513273
2021-06-14 09:57:03,1173.3,5515202
2021-06-14 09:57:04,1173.05,5515896
2021-06-14 09:57:05,1173.5,5518724
2021-06-14 09:57:07,1173.3,5521258
2021-06-14 09:57:08,1173.35,5522616
2021-06-14 09:57:09,1173.25,5525731
2021-06-14 09:57:10,1173.9,5526665
2021-06-14 09:57:12,1173.95,5529572
2021-06-14 09:57:12,1173.95,5530117
2021-06-14 09:57:14,1173.65,5531166
2021-06-14 09:57:15,1174.8,5539184
2021-06-14 09:57:16,1174.4,5539663
2021-06-14 09:57:17,1174.8,5540652
2021-06-14 09:57:20,1175.0,5548935
2021-06-14 09:57:21,1175.0,5551467
2021-06-14 09:57:22,1175.0,5554668
2021-06-14 09:57:23,1174.85,5556297
2021-06-14 09:57:24,1174.55,5559736
2021-06-14 09:57:25,1174.9,5564272
2021-06-14 09:57:27,1175.0,5567470
2021-06-14 09:57:28,1174.6,5568489
2021-06-14 09:57:29,1174.4,5572400
2021-06-14 09:57:30,1174.3,5576219
2021-06-14 09:57:31,1174.4,5579843
2021-06-14 09:57:31,1174.6,5579962
2021-06-14 09:57:33,1174.9,5580568
2021-06-14 09:57:34,1174.9,5589104
2021-06-14 09:57:35,1174.95,5591796
2021-06-14 09:57:36,1174.7,5593556
2021-06-14 09:57:38,1174.95,5595379
2021-06-14 09:57:39,1174.8,5596743
2021-06-14 09:57:40,1174.9,5599497
2021-06-14 09:57:42,1174.95,5602363
2021-06-14 09:57:43,1175.0,5604460
2021-06-14 09:57:44,1174.8,5607591
2021-06-14 09:57:45,1174.4,5608394
2021-06-14 09:57:46,1174.85,5609695
2021-06-14 09:57:47,1174.7,5611097
2021-06-14 09:57:48,1174.55,5614096
2021-06-14 09:57:49,1174.7,5615146
2021-06-14 09:57:50,1174.3,5616664
2021-06-14 09:57:51,1174.4,5618242
2021-06-14 09:57:52,1174.6,5619873
2021-06-14 09:57:53,1174.4,5621500
2021-06-14 09:57:54,1174.35,5622799
2021-06-14 09:57:56,1174.55,5625993
2021-06-14 09:57:55,1174.25,5625773
2021-06-14 09:57:57,1174.95,5626319
2021-06-14 09:57:58,1174.75,5627063
2021-06-14 09:57:59,1175.0,5631157
2021-06-14 09:58:00,1174.9,5652982
2021-06-14 09:58:01,1174.9,5653042
2021-06-14 09:58:02,1174.75,5658725
2021-06-14 09:58:03,1174.7,5660855
2021-06-14 09:58:04,1174.5,5662838
2021-06-14 09:58:06,1174.65,5665277
2021-06-14 09:58:05,1174.7,5664074
2021-06-14 09:58:07,1174.5,5666154
2021-06-14 09:58:08,1174.0,5667302
2021-06-14 09:58:09,1174.35,5670720
2021-06-14 09:58:10,1173.05,5674340
2021-06-14 09:58:11,1173.15,5677192
2021-06-14 09:58:13,1173.0,5678416
2021-06-14 09:58:12,1173.15,5678150
2021-06-14 09:58:14,1173.0,5680323
2021-06-14 09:58:15,1173.4,5691826
2021-06-14 09:58:16,1172.8,5692458
2021-06-14 09:58:17,1172.6,5693863
2021-06-14 09:58:18,1172.55,5696206
2021-06-14 09:58:19,1173.05,5697456
2021-06-14 09:58:20,1172.5,5698084
2021-06-14 09:58:21,1172.2,5703989
2021-06-14 09:58:23,1172.1,5706973
2021-06-14 09:58:22,1171.95,5706832
2021-06-14 09:58:24,1171.6,5707444
2021-06-14 09:58:25,1171.7,5708901
2021-06-14 09:58:26,1171.65,5709454
2021-06-14 09:58:27,1171.7,5710333
2021-06-14 09:58:28,1171.75,5711590
2021-06-14 09:58:29,1171.2,5712564
2021-06-14 09:58:30,1171.65,5713007
2021-06-14 09:58:31,1171.1,5713449
2021-06-14 09:58:32,1171.05,5713995
2021-06-14 09:58:33,1172.0,5715190
2021-06-14 09:58:34,1171.75,5715635
2021-06-14 09:58:35,1172.4,5717004
2021-06-14 09:58:36,1173.0,5718645
2021-06-14 09:58:37,1172.5,5719130
2021-06-14 09:58:38,1173.0,5720303
2021-06-14 09:58:39,1172.9,5720647
2021-06-14 09:58:40,1172.4,5721053
2021-06-14 09:58:41,1172.8,5721264
2021-06-14 09:58:42,1172.15,5724852
2021-06-14 09:58:43,1173.1,5726679
2021-06-14 09:58:44,1172.65,5727361
2021-06-14 09:58:45,1173.15,5727653
2021-06-14 09:58:46,1173.1,5727827
2021-06-14 09:58:47,1173.35,5729274
2021-06-14 09:58:48,1173.5,5731078
2021-06-14 09:58:49,1173.7,5733158
2021-06-14 09:58:50,1173.45,5734131
2021-06-14 09:58:51,1172.9,5735500
2021-06-14 09:58:52,1173.0,5735679
2021-06-14 09:58:53,1172.9,5738077
2021-06-14 09:58:54,1172.5,5738866
2021-06-14 09:58:55,1172.9,5739021
2021-06-14 09:58:57,1173.0,5746616
2021-06-14 09:58:58,1172.95,5747454
2021-06-14 09:58:59,1172.4,5752256
2021-06-14 09:59:00,1173.0,5753519
2021-06-14 09:59:01,1173.25,5754830
2021-06-14 09:59:02,1173.5,5756196
2021-06-14 09:59:04,1173.4,5757961
2021-06-14 09:59:03,1173.4,5757954
2021-06-14 09:59:05,1173.05,5759365
2021-06-14 09:59:06,1173.1,5760233
2021-06-14 09:59:07,1173.8,5761651
2021-06-14 09:59:08,1173.25,5762104
2021-06-14 09:59:09,1173.5,5762514
2021-06-14 09:59:10,1173.15,5763749
2021-06-14 09:59:11,1173.65,5764335
2021-06-14 09:59:13,1173.15,5765294
2021-06-14 09:59:12,1173.65,5764634
2021-06-14 09:59:14,1173.4,5765931
2021-06-14 09:59:15,1174.4,5775566
2021-06-14 09:59:16,1174.4,5776279
2021-06-14 09:59:17,1174.2,5779716
2021-06-14 09:59:19,1174.75,5783616
2021-06-14 09:59:20,1174.3,5784747
2021-06-14 09:59:21,1174.55,5785827
2021-06-14 09:59:22,1174.65,5786485
2021-06-14 09:59:23,1174.7,5789573
2021-06-14 09:59:24,1174.55,5790306
2021-06-14 09:59:25,1175.0,5801196
2021-06-14 09:59:26,1175.0,5802809
2021-06-14 09:59:27,1174.95,5842503
2021-06-14 09:59:28,1175.5,5844045
2021-06-14 09:59:29,1175.3,5845061
2021-06-14 09:59:30,1175.8,5853358
2021-06-14 09:59:31,1175.55,5859320
2021-06-14 09:59:32,1175.6,5860957
2021-06-14 09:59:33,1175.65,5864097
2021-06-14 09:59:34,1176.0,5869295
2021-06-14 09:59:35,1176.0,5871850
2021-06-14 09:59:36,1176.35,5878085
2021-06-14 09:59:37,1176.8,5882659
2021-06-14 09:59:38,1176.55,5883174
2021-06-14 09:59:39,1176.5,5888926
2021-06-14 09:59:40,1176.5,5891774
2021-06-14 09:59:41,1176.65,5898392
2021-06-14 09:59:42,1176.65,5899969
2021-06-14 09:59:44,1176.95,5904510
2021-06-14 09:59:45,1176.95,5906310
2021-06-14 09:59:45,1177.0,5907190
2021-06-14 09:59:46,1176.8,5912363
2021-06-14 09:59:47,1176.65,5919125
2021-06-14 09:59:48,1176.4,5924923
2021-06-14 09:59:49,1176.35,5927987
2021-06-14 09:59:51,1176.3,5928883
2021-06-14 09:59:51,1176.3,5928782
2021-06-14 09:59:52,1176.8,5940299
2021-06-14 09:59:53,1176.75,5946795
2021-06-14 09:59:54,1176.75,5949712
2021-06-14 09:59:57,1176.35,5953125
2021-06-14 09:59:58,1176.55,5954674
2021-06-14 09:59:59,1176.8,5956876
2021-06-14 10:00:00,1176.4,5957611
2021-06-14 10:00:01,1176.55,5959053
2021-06-14 10:00:02,1176.8,5961133
2021-06-14 10:00:04,1176.8,5963545
2021-06-14 10:00:05,1176.8,5965555
2021-06-14 10:00:06,1176.8,5967033
2021-06-14 10:00:07,1176.8,5971392
2021-06-14 10:00:08,1176.8,5973340
2021-06-14 10:00:11,1176.7,5976271
2021-06-14 10:00:11,1176.7,5976445
2021-06-14 10:00:12,1176.7,5977777
2021-06-14 10:00:13,1176.5,5978647
2021-06-14 10:00:14,1176.6,5979335
2021-06-14 10:00:15,1176.7,5979932
2021-06-14 10:00:16,1176.7,5981390
2021-06-14 10:00:18,1176.6,5983102
2021-06-14 10:00:18,1176.7,5983385
2021-06-14 10:00:19,1176.6,5986732
2021-06-14 10:00:21,1176.45,5992297
2021-06-14 10:00:22,1176.8,5993507
2021-06-14 10:00:24,1176.45,5994954
2021-06-14 10:00:24,1176.35,5995198
2021-06-14 10:00:25,1175.75,6001843
2021-06-14 10:00:26,1175.8,6005133
2021-06-14 10:00:27,1175.35,6006796
2021-06-14 10:00:28,1174.0,6013348
2021-06-14 10:00:29,1174.4,6014708
2021-06-14 10:00:31,1174.45,6019124
2021-06-14 10:00:31,1174.7,6019472
2021-06-14 10:00:32,1175.0,6021191
2021-06-14 10:00:33,1174.75,6022352
2021-06-14 10:00:34,1175.0,6023822
2021-06-14 10:00:36,1175.0,6025563
2021-06-14 10:00:36,1175.0,6025574
2021-06-14 10:00:37,1175.0,6025891
2021-06-14 10:00:38,1174.7,6026615
2021-06-14 10:00:39,1174.7,6027403
2021-06-14 10:00:40,1174.7,6028989
2021-06-14 10:00:42,1174.7,6031683
2021-06-14 10:00:42,1174.4,6031885
2021-06-14 10:00:43,1174.55,6034559
2021-06-14 10:00:44,1173.8,6036576
2021-06-14 10:00:45,1173.8,6037011
2021-06-14 10:00:46,1174.2,6048265
2021-06-14 10:00:47,1174.25,6049518
2021-06-14 10:00:48,1174.45,6050384
2021-06-14 10:00:50,1174.1,6051196
2021-06-14 10:00:50,1174.3,6051321
2021-06-14 10:00:51,1174.1,6052194
2021-06-14 10:00:52,1173.35,6057013
2021-06-14 10:00:53,1173.8,6057765
2021-06-14 10:00:54,1173.5,6061025
2021-06-14 10:00:55,1173.35,6062726
2021-06-14 10:00:56,1173.25,6063117
2021-06-14 10:00:57,1173.55,6063874
2021-06-14 10:00:58,1173.2,6067002
2021-06-14 10:01:00,1173.0,6068026
2021-06-14 10:01:00,1173.15,6070099
2021-06-14 10:01:01,1173.9,6071701
2021-06-14 10:01:03,1173.55,6074860
2021-06-14 10:01:04,1173.35,6076692
2021-06-14 10:01:05,1173.65,6076953
2021-06-14 10:01:06,1173.6,6078269
2021-06-14 10:01:07,1173.55,6080194
2021-06-14 10:01:08,1174.15,6084743
2021-06-14 10:01:09,1174.7,6087215
2021-06-14 10:01:11,1174.65,6090295
2021-06-14 10:01:11,1175.0,6090786
2021-06-14 10:01:12,1174.85,6091998
2021-06-14 10:01:13,1174.5,6092055
2021-06-14 10:01:14,1174.5,6092426
2021-06-14 10:01:15,1174.9,6093513
2021-06-14 10:01:16,1174.85,6093655
2021-06-14 10:01:18,1174.4,6094994
2021-06-14 10:01:18,1174.45,6095164
2021-06-14 10:01:19,1174.5,6096604
2021-06-14 10:01:20,1174.5,6097414
2021-06-14 10:01:21,1174.0,6099281
2021-06-14 10:01:23,1174.0,6099860
2021-06-14 10:01:23,1174.0,6099963
2021-06-14 10:01:24,1173.95,6101835
2021-06-14 10:01:25,1174.0,6103627
2021-06-14 10:01:27,1174.35,6105304
2021-06-14 10:01:28,1174.4,6105576
2021-06-14 10:01:30,1174.55,6107998
2021-06-14 10:01:30,1174.15,6107874
2021-06-14 10:01:31,1174.35,6108536
2021-06-14 10:01:32,1174.75,6109127
2021-06-14 10:01:33,1174.05,6110839
2021-06-14 10:01:34,1174.6,6111127
2021-06-14 10:01:36,1174.2,6113757
2021-06-14 10:01:37,1174.4,6115324
2021-06-14 10:01:36,1174.5,6113766
2021-06-14 10:01:38,1174.7,6115773
2021-06-14 10:01:39,1174.35,6116190
2021-06-14 10:01:40,1174.4,6117617
2021-06-14 10:01:41,1174.1,6123480
2021-06-14 10:01:43,1174.05,6125051
2021-06-14 10:01:44,1173.6,6127317
2021-06-14 10:01:45,1174.0,6127821
2021-06-14 10:01:45,1174.2,6127792
2021-06-14 10:01:47,1173.9,6130836
2021-06-14 10:01:49,1173.5,6132115
2021-06-14 10:01:50,1173.5,6133105
2021-06-14 10:01:51,1173.15,6142685
2021-06-14 10:01:51,1173.0,6141621
2021-06-14 10:01:54,1172.95,6148439
2021-06-14 10:01:55,1172.9,6149212
2021-06-14 10:01:57,1172.4,6150794
2021-06-14 10:01:58,1172.4,6152651
2021-06-14 10:01:59,1172.4,6153223
2021-06-14 10:02:00,1172.4,6154207
2021-06-14 10:02:00,1172.0,6156060
2021-06-14 10:02:01,1172.3,6156615
2021-06-14 10:02:02,1172.35,6159457
2021-06-14 10:02:03,1172.15,6160396
2021-06-14 10:02:04,1172.2,6163924
2021-06-14 10:02:06,1171.7,6166500
2021-06-14 10:02:08,1171.4,6182231
2021-06-14 10:02:09,1171.4,6185349
2021-06-14 10:02:09,1171.4,6185400
2021-06-14 10:02:10,1170.65,6187273
2021-06-14 10:02:11,1170.1,6203217
2021-06-14 10:02:12,1170.75,6206102
2021-06-14 10:02:16,1169.2,6235507
2021-06-14 10:02:17,1169.25,6236192
2021-06-14 10:02:18,1169.2,6237991
2021-06-14 10:02:19,1169.3,6241144
2021-06-14 10:02:21,1169.7,6246429
2021-06-14 10:02:22,1169.65,6250049
2021-06-14 10:02:23,1170.45,6252379
2021-06-14 10:02:24,1170.5,6256769
2021-06-14 10:02:24,1170.15,6257282
2021-06-14 10:02:25,1170.5,6259454
2021-06-14 10:02:26,1170.0,6260736
2021-06-14 10:02:29,1170.35,6263256
2021-06-14 10:02:29,1170.0,6264156
2021-06-14 10:02:30,1170.0,6266717
2021-06-14 10:02:31,1170.65,6268107
2021-06-14 10:02:32,1171.0,6268252
2021-06-14 10:02:33,1170.4,6269014
2021-06-14 10:02:35,1170.2,6270082
2021-06-14 10:02:36,1170.45,6271670
2021-06-14 10:02:36,1170.65,6271699
2021-06-14 10:02:37,1170.35,6272230
2021-06-14 10:02:38,1170.55,6274182
2021-06-14 10:02:40,1170.45,6274445
2021-06-14 10:02:41,1171.0,6275009
2021-06-14 10:02:41,1170.8,6275017
2021-06-14 10:02:42,1171.0,6275385
2021-06-14 10:02:43,1170.7,6275769
2021-06-14 10:02:44,1171.0,6276408
2021-06-14 10:02:45,1170.9,6276766
2021-06-14 10:02:46,1170.65,6280578
2021-06-14 10:02:48,1170.45,6281695
2021-06-14 10:02:49,1170.7,6282027
2021-06-14 10:02:50,1170.65,6282929
2021-06-14 10:02:50,1170.75,6283340
2021-06-14 10:02:51,1170.5,6291444
2021-06-14 10:02:52,1170.85,6293634
2021-06-14 10:02:53,1170.2,6295750
2021-06-14 10:02:54,1170.7,6297279
2021-06-14 10:02:55,1170.0,6306240
2021-06-14 10:02:57,1169.65,6307999
2021-06-14 10:02:59,1169.75,6311606
2021-06-14 10:03:00,1169.65,6312168
2021-06-14 10:03:01,1169.45,6313074
2021-06-14 10:03:02,1169.85,6313859
2021-06-14 10:03:03,1169.65,6314144
2021-06-14 10:03:03,1169.85,6315145
2021-06-14 10:03:04,1169.65,6315942
2021-06-14 10:03:06,1168.85,6326295
2021-06-14 10:03:07,1169.0,6329713
2021-06-14 10:03:08,1168.5,6332451
2021-06-14 10:03:09,1168.25,6333152
2021-06-14 10:03:10,1168.4,6337031
2021-06-14 10:03:11,1168.95,6337482
2021-06-14 10:03:12,1168.3,6341131
2021-06-14 10:03:13,1168.85,6343493
2021-06-14 10:03:15,1169.0,6349523
2021-06-14 10:03:16,1169.1,6350246
2021-06-14 10:03:17,1169.6,6350845
2021-06-14 10:03:17,1169.15,6350876
2021-06-14 10:03:18,1169.25,6351608
2021-06-14 10:03:19,1169.55,6353397
2021-06-14 10:03:21,1169.0,6355955
2021-06-14 10:03:22,1169.45,6356884
2021-06-14 10:03:23,1169.05,6356990
2021-06-14 10:03:24,1169.0,6357239
2021-06-14 10:03:25,1169.1,6357528
2021-06-14 10:03:28,1169.0,6365092
2021-06-14 10:03:29,1168.3,6366599
2021-06-14 10:03:30,1168.85,6368832
2021-06-14 10:03:31,1168.05,6371213
2021-06-14 10:03:32,1168.0,6379182
2021-06-14 10:03:33,1167.55,6381481
2021-06-14 10:03:34,1167.4,6384505
2021-06-14 10:03:35,1168.0,6384851
2021-06-14 10:03:36,1168.2,6386005
2021-06-14 10:03:38,1167.8,6387548
2021-06-14 10:03:38,1167.45,6389152
2021-06-14 10:03:39,1167.95,6389637
2021-06-14 10:03:40,1167.8,6390599
2021-06-14 10:03:41,1167.9,6393520
2021-06-14 10:03:42,1167.55,6397190
2021-06-14 10:03:43,1167.5,6397757
2021-06-14 10:03:45,1167.55,6398800
2021-06-14 10:03:46,1167.7,6399387
2021-06-14 10:03:47,1167.85,6400512
2021-06-14 10:03:48,1168.3,6403772
2021-06-14 10:03:48,1167.6,6401259
2021-06-14 10:03:49,1168.4,6404785
2021-06-14 10:03:50,1168.3,6406022
2021-06-14 10:03:51,1169.55,6409936
2021-06-14 10:03:52,1169.45,6410959
2021-06-14 10:03:54,1169.6,6412115
2021-06-14 10:03:55,1169.95,6413229
2021-06-14 10:03:55,1169.5,6412930
2021-06-14 10:03:56,1170.2,6417182
2021-06-14 10:03:57,1170.5,6419705
2021-06-14 10:03:59,1170.65,6420130
2021-06-14 10:04:00,1170.9,6420862
2021-06-14 10:04:01,1170.6,6420993
2021-06-14 10:04:02,1171.0,6421702
2021-06-14 10:04:03,1170.95,6421988
2021-06-14 10:04:04,1171.45,6423321
2021-06-14 10:04:04,1171.45,6423351
2021-06-14 10:04:05,1171.5,6423697
2021-06-14 10:04:06,1171.2,6423753
2021-06-14 10:04:09,1171.9,6427690
2021-06-14 10:04:10,1171.9,6429026
2021-06-14 10:04:10,1171.85,6429675
2021-06-14 10:04:12,1172.0,6430318
2021-06-14 10:04:12,1172.0,6430490
2021-06-14 10:04:13,1171.3,6435505
2021-06-14 10:04:14,1171.8,6438455
2021-06-14 10:04:16,1172.0,6442590
2021-06-14 10:04:17,1172.0,6444498
2021-06-14 10:04:19,1172.0,6445711
2021-06-14 10:04:21,1171.65,6448813
2021-06-14 10:04:22,1171.8,6450586
2021-06-14 10:04:23,1172.3,6452113
2021-06-14 10:04:24,1172.0,6455150
2021-06-14 10:04:25,1172.0,6455511
2021-06-14 10:04:26,1171.7,6456923
2021-06-14 10:04:27,1171.3,6458276
2021-06-14 10:04:29,1171.8,6458955
2021-06-14 10:04:29,1172.0,6459409
2021-06-14 10:04:30,1171.85,6459958
2021-06-14 10:04:31,1171.4,6461444
2021-06-14 10:04:33,1171.55,6462659
2021-06-14 10:04:34,1172.25,6464874
2021-06-14 10:04:34,1172.25,6464943
2021-06-14 10:04:35,1172.25,6465625
2021-06-14 10:04:38,1172.0,6471064
2021-06-14 10:04:39,1172.25,6471536
2021-06-14 10:04:40,1172.25,6471869
2021-06-14 10:04:41,1172.35,6472311
2021-06-14 10:04:41,1172.35,6472661
2021-06-14 10:04:42,1172.35,6472828
2021-06-14 10:04:43,1172.35,6473865
2021-06-14 10:04:44,1172.6,6474884
2021-06-14 10:04:45,1172.4,6475412
2021-06-14 10:04:46,1173.0,6476597
2021-06-14 10:04:47,1173.0,6478423
2021-06-14 10:04:48,1173.5,6478747
2021-06-14 10:04:50,1173.5,6479574
2021-06-14 10:04:51,1173.5,6480027
2021-06-14 10:04:52,1173.5,6481369
2021-06-14 10:04:52,1173.25,6481371
2021-06-14 10:04:53,1173.85,6483168
2021-06-14 10:04:54,1173.8,6483456
2021-06-14 10:04:55,1173.55,6484433
2021-06-14 10:04:56,1173.65,6484932
2021-06-14 10:04:58,1173.85,6486893
2021-06-14 10:05:00,1174.3,6492764
2021-06-14 10:05:01,1174.0,6495523
2021-06-14 10:05:02,1174.05,6497004
2021-06-14 10:05:02,1174.05,6497373
2021-06-14 10:05:03,1174.1,6497621
2021-06-14 10:05:04,1174.35,6498746
2021-06-14 10:05:05,1174.6,6500078
2021-06-14 10:05:06,1174.7,6501031
2021-06-14 10:05:07,1174.35,6501701
2021-06-14 10:05:08,1174.35,6502019
2021-06-14 10:05:09,1174.35,6502226
2021-06-14 10:05:10,1174.35,6502588
2021-06-14 10:05:11,1174.35,6502737
2021-06-14 10:05:12,1174.35,6504275
2021-06-14 10:05:13,1174.35,6506967
2021-06-14 10:05:15,1174.35,6508746
2021-06-14 10:05:16,1174.4,6510071
2021-06-14 10:05:17,1174.0,6512067
2021-06-14 10:05:17,1174.15,6512118
2021-06-14 10:05:18,1174.1,6512664
2021-06-14 10:05:19,1174.15,6513216
2021-06-14 10:05:20,1173.65,6518530
2021-06-14 10:05:22,1173.5,6521035
2021-06-14 10:05:23,1173.7,6522324
2021-06-14 10:05:24,1173.7,6522724
2021-06-14 10:05:24,1173.55,6523350
2021-06-14 10:05:26,1173.65,6523907
2021-06-14 10:05:27,1173.65,6523985
2021-06-14 10:05:28,1173.7,6525150
2021-06-14 10:05:29,1174.0,6525477
2021-06-14 10:05:29,1174.0,6525477
2021-06-14 10:05:30,1173.55,6525824
2021-06-14 10:05:31,1173.5,6526275
2021-06-14 10:05:32,1173.25,6527308
2021-06-14 10:05:33,1173.05,6529045
2021-06-14 10:05:35,1173.05,6529173
2021-06-14 10:05:36,1173.4,6529431
2021-06-14 10:05:37,1173.0,6531828
2021-06-14 10:05:38,1173.45,6533777
2021-06-14 10:05:38,1173.45,6533777
2021-06-14 10:05:39,1173.05,6534039
2021-06-14 10:05:40,1173.3,6535031
2021-06-14 10:05:42,1173.0,6535195
2021-06-14 10:05:43,1173.3,6535463
2021-06-14 10:05:44,1173.0,6535997
2021-06-14 10:05:45,1173.0,6537292
2021-06-14 10:05:45,1173.0,6537506
2021-06-14 10:05:46,1173.25,6539042
2021-06-14 10:05:48,1173.0,6539996
2021-06-14 10:05:49,1173.05,6541988
2021-06-14 10:05:50,1173.35,6542365
2021-06-14 10:05:50,1173.1,6542405
2021-06-14 10:05:51,1172.9,6543590
2021-06-14 10:05:52,1173.0,6543796
2021-06-14 10:05:54,1172.65,6544875
2021-06-14 10:05:54,1172.6,6545171
2021-06-14 10:05:56,1173.1,6547405
2021-06-14 10:05:57,1172.9,6548228
2021-06-14 10:05:58,1172.85,6548763
2021-06-14 10:05:59,1173.0,6550116
2021-06-14 10:05:59,1173.1,6550616
2021-06-14 10:06:01,1172.65,6552660
2021-06-14 10:06:02,1172.6,6553172
2021-06-14 10:06:03,1172.55,6553445
2021-06-14 10:06:04,1172.0,6561569
2021-06-14 10:06:05,1172.05,6561811
2021-06-14 10:06:06,1171.95,6565643
2021-06-14 10:06:06,1171.6,6565961
