timestamp,ltp,volume
2021-06-14 09:15:47,3277.55,33766
2021-06-14 09:15:48,3277.55,34016
2021-06-14 09:15:49,3277.2,34201
2021-06-14 09:15:50,3278.95,34279
2021-06-14 09:15:51,3278.3,34291
2021-06-14 09:15:52,3278.95,34296
2021-06-14 09:15:53,3278.3,34380
2021-06-14 09:15:54,3278.6,34723
2021-06-14 09:15:55,3279.3,34726
2021-06-14 09:15:56,3279.25,34807
2021-06-14 09:15:57,3277.7,34957
2021-06-14 09:15:58,3277.7,35028
2021-06-14 09:15:59,3280.45,35490
2021-06-14 09:16:00,3280.65,35749
2021-06-14 09:16:02,3278.0,36123
2021-06-14 09:16:03,3281.1,38288
2021-06-14 09:16:04,3279.75,38856
2021-06-14 09:16:05,3280.3,39028
2021-06-14 09:16:06,3280.2,39219
2021-06-14 09:16:07,3280.65,39577
2021-06-14 09:16:08,3280.75,39658
2021-06-14 09:16:09,3282.4,39968
2021-06-14 09:16:10,3280.75,40156
2021-06-14 09:16:11,3280.75,41034
2021-06-14 09:16:12,3281.7,41267
2021-06-14 09:16:13,3281.0,41354
2021-06-14 09:16:14,3280.75,41488
2021-06-14 09:16:15,3281.05,42379
2021-06-14 09:16:16,3278.4,42435
2021-06-14 09:16:18,3279.3,42818
2021-06-14 09:16:19,3279.25,43085
2021-06-14 09:16:20,3280.05,43715
2021-06-14 09:16:21,3281.2,43914
2021-06-14 09:16:22,3281.15,43926
2021-06-14 09:16:23,3282.5,43942
2021-06-14 09:16:24,3282.95,44089
2021-06-14 09:16:25,3283.0,44184
2021-06-14 09:16:26,3281.95,44319
2021-06-14 09:16:27,3281.95,44526
2021-06-14 09:16:28,3280.5,44665
2021-06-14 09:16:29,3281.1,44974
2021-06-14 09:16:30,3281.0,45255
2021-06-14 09:16:31,3284.65,45943
2021-06-14 09:16:33,3287.55,47100
2021-06-14 09:16:34,3286.55,47623
2021-06-14 09:16:35,3286.6,47814
2021-06-14 09:16:36,3289.5,48117
2021-06-14 09:16:37,3289.7,48753
2021-06-14 09:16:38,3289.9,49102
2021-06-14 09:16:39,3288.35,49107
2021-06-14 09:16:40,3287.8,49532
2021-06-14 09:16:42,3289.7,49907
2021-06-14 09:16:43,3289.2,49929
2021-06-14 09:16:44,3289.2,51217
2021-06-14 09:16:45,3289.2,51914
2021-06-14 09:16:46,3290.15,52513
2021-06-14 09:16:47,3290.95,52682
2021-06-14 09:16:48,3290.75,53442
2021-06-14 09:16:49,3290.75,53847
2021-06-14 09:16:50,3290.75,55768
2021-06-14 09:16:51,3290.6,56272
2021-06-14 09:16:52,3290.15,56463
2021-06-14 09:16:53,3290.25,56713
2021-06-14 09:16:54,3291.95,56918
2021-06-14 09:16:55,3292.0,57428
2021-06-14 09:16:56,3291.0,57694
2021-06-14 09:16:57,3290.75,58480
2021-06-14 09:16:58,3290.95,58633
2021-06-14 09:16:59,3291.75,58677
2021-06-14 09:17:00,3291.3,58963
2021-06-14 09:17:01,3290.95,59306
2021-06-14 09:17:02,3290.4,59759
2021-06-14 09:17:03,3290.0,59839
2021-06-14 09:17:04,3289.65,60147
2021-06-14 09:17:05,3289.6,60792
2021-06-14 09:17:06,3290.4,61383
2021-06-14 09:17:07,3292.15,62525
2021-06-14 09:17:08,3290.0,63306
2021-06-14 09:17:09,3291.15,63716
2021-06-14 09:17:11,3291.2,63733
2021-06-14 09:17:12,3290.75,64006
2021-06-14 09:17:15,3290.75,64314
2021-06-14 09:17:16,3292.0,64923
2021-06-14 09:17:17,3292.0,65283
2021-06-14 09:17:18,3292.25,65380
2021-06-14 09:17:19,3292.45,65978
2021-06-14 09:17:19,3292.5,66040
2021-06-14 09:17:20,3293.15,67296
2021-06-14 09:17:21,3293.5,67372
2021-06-14 09:17:22,3292.25,67861
2021-06-14 09:17:23,3293.5,68079
2021-06-14 09:17:24,3293.7,68454
2021-06-14 09:17:25,3292.65,69075
2021-06-14 09:17:26,3293.5,69625
2021-06-14 09:17:28,3293.0,69814
2021-06-14 09:17:28,3293.0,69861
2021-06-14 09:17:30,3292.8,70108
2021-06-14 09:17:30,3293.0,70181
2021-06-14 09:17:31,3293.65,70937
2021-06-14 09:17:32,3294.65,71489
2021-06-14 09:17:33,3294.6,71990
2021-06-14 09:17:34,3293.2,72937
2021-06-14 09:17:35,3294.4,73238
2021-06-14 09:17:36,3293.55,73510
2021-06-14 09:17:37,3294.35,74007
2021-06-14 09:17:38,3295.0,74528
2021-06-14 09:17:39,3295.0,74834
2021-06-14 09:17:41,3294.4,75630
2021-06-14 09:17:42,3295.0,76096
2021-06-14 09:17:43,3294.4,76707
2021-06-14 09:17:43,3294.4,76667
2021-06-14 09:17:44,3295.0,76759
2021-06-14 09:17:45,3295.55,77134
2021-06-14 09:17:46,3295.55,77431
2021-06-14 09:17:47,3295.55,77717
2021-06-14 09:17:48,3295.0,78100
2021-06-14 09:17:50,3296.3,78808
2021-06-14 09:17:52,3296.3,79533
2021-06-14 09:17:53,3296.3,79670
2021-06-14 09:17:54,3296.3,80272
2021-06-14 09:17:55,3296.8,80592
2021-06-14 09:17:56,3296.95,80805
2021-06-14 09:17:56,3296.95,80805
2021-06-14 09:17:57,3296.15,81941
2021-06-14 09:17:58,3294.45,82668
2021-06-14 09:17:59,3296.1,83124
2021-06-14 09:18:00,3296.1,83398
2021-06-14 09:18:02,3296.15,83846
2021-06-14 09:18:03,3295.8,84205
2021-06-14 09:18:04,3294.95,84458
2021-06-14 09:18:04,3294.25,84438
2021-06-14 09:18:05,3294.15,85560
2021-06-14 09:18:06,3295.0,86147
2021-06-14 09:18:07,3294.35,86983
2021-06-14 09:18:08,3293.9,87070
2021-06-14 09:18:09,3293.7,88150
2021-06-14 09:18:10,3293.0,88637
2021-06-14 09:18:11,3293.0,89152
2021-06-14 09:18:12,3293.9,89492
2021-06-14 09:18:13,3293.0,89797
2021-06-14 09:18:15,3293.9,89860
2021-06-14 09:18:15,3293.9,89862
2021-06-14 09:18:16,3293.0,90655
2021-06-14 09:18:17,3292.0,91396
2021-06-14 09:18:18,3293.0,91420
2021-06-14 09:18:19,3292.0,91990
2021-06-14 09:18:20,3292.95,92109
2021-06-14 09:18:21,3292.95,92312
2021-06-14 09:18:22,3292.0,92468
2021-06-14 09:18:23,3292.95,92477
2021-06-14 09:18:25,3292.95,92716
2021-06-14 09:18:26,3292.0,92820
2021-06-14 09:18:27,3292.95,92881
2021-06-14 09:18:28,3292.5,92930
2021-06-14 09:18:28,3292.95,92995
2021-06-14 09:18:29,3292.5,93013
2021-06-14 09:18:30,3292.95,93307
2021-06-14 09:18:31,3292.5,93403
2021-06-14 09:18:32,3292.45,93534
2021-06-14 09:18:33,3292.45,93791
2021-06-14 09:18:34,3292.0,93822
2021-06-14 09:18:35,3292.0,94046
2021-06-14 09:18:37,3292.45,94177
2021-06-14 09:18:38,3292.9,94336
2021-06-14 09:18:39,3292.45,94592
2021-06-14 09:18:40,3292.0,94799
2021-06-14 09:18:41,3292.3,95367
2021-06-14 09:18:42,3292.3,95489
2021-06-14 09:18:42,3292.3,95489
2021-06-14 09:18:44,3292.2,95799
2021-06-14 09:18:45,3292.0,95965
2021-06-14 09:18:45,3292.3,96070
2021-06-14 09:18:46,3292.2,96246
2021-06-14 09:18:47,3292.5,96873
2021-06-14 09:18:48,3293.0,97421
2021-06-14 09:18:49,3292.5,97452
2021-06-14 09:18:50,3292.3,97759
2021-06-14 09:18:51,3292.95,97833
2021-06-14 09:18:52,3292.2,98187
2021-06-14 09:18:53,3293.0,98382
2021-06-14 09:18:54,3294.0,98715
2021-06-14 09:18:55,3294.1,99138
2021-06-14 09:18:56,3294.5,99166
2021-06-14 09:18:58,3293.05,99739
2021-06-14 09:18:59,3294.85,99817
2021-06-14 09:18:59,3294.0,99827
2021-06-14 09:19:01,3293.4,100108
2021-06-14 09:19:02,3293.95,100290
2021-06-14 09:19:02,3293.95,100290
2021-06-14 09:19:03,3294.35,100560
2021-06-14 09:19:04,3293.85,101152
2021-06-14 09:19:05,3292.95,103231
2021-06-14 09:19:06,3294.4,103263
2021-06-14 09:19:07,3294.4,103286
2021-06-14 09:19:08,3294.0,103739
2021-06-14 09:19:09,3294.4,103970
2021-06-14 09:19:10,3294.05,104199
2021-06-14 09:19:11,3294.0,104244
2021-06-14 09:19:13,3293.0,104260
2021-06-14 09:19:14,3294.0,104800
2021-06-14 09:19:15,3294.0,105170
2021-06-14 09:19:16,3293.05,105236
2021-06-14 09:19:17,3293.05,105356
2021-06-14 09:19:18,3294.0,105421
2021-06-14 09:19:19,3294.0,105530
2021-06-14 09:19:20,3293.95,105559
2021-06-14 09:19:21,3294.0,105616
2021-06-14 09:19:22,3293.95,105637
2021-06-14 09:19:22,3293.95,105637
2021-06-14 09:19:23,3293.9,105946
2021-06-14 09:19:24,3293.4,106211
2021-06-14 09:19:25,3293.1,106266
2021-06-14 09:19:26,3293.45,106556
2021-06-14 09:19:27,3293.1,106637
2021-06-14 09:19:28,3294.0,106739
2021-06-14 09:19:29,3294.0,106786
2021-06-14 09:19:30,3293.95,106828
2021-06-14 09:19:31,3293.3,106848
2021-06-14 09:19:32,3293.9,107002
2021-06-14 09:19:33,3293.45,107152
2021-06-14 09:19:34,3293.25,107265
2021-06-14 09:19:35,3293.25,107313
2021-06-14 09:19:36,3293.25,107340
2021-06-14 09:19:37,3293.25,107411
2021-06-14 09:19:39,3293.1,107611
2021-06-14 09:19:40,3294.0,107704
2021-06-14 09:19:41,3293.25,107815
2021-06-14 09:19:42,3293.45,108994
2021-06-14 09:19:42,3293.45,109002
2021-06-14 09:19:44,3293.45,109242
2021-06-14 09:19:45,3293.45,109389
2021-06-14 09:19:45,3293.45,109389
2021-06-14 09:19:46,3293.75,109476
2021-06-14 09:19:47,3294.75,109753
2021-06-14 09:19:48,3294.9,110083
2021-06-14 09:19:49,3294.8,110165
2021-06-14 09:19:50,3293.7,110315
2021-06-14 09:19:52,3294.75,110343
2021-06-14 09:19:53,3295.25,110971
2021-06-14 09:19:54,3294.75,111045
2021-06-14 09:19:54,3294.75,111045
2021-06-14 09:19:56,3294.7,111303
2021-06-14 09:19:57,3294.7,111453
2021-06-14 09:19:58,3293.75,112061
2021-06-14 09:19:59,3294.0,112136
2021-06-14 09:20:00,3293.95,112642
2021-06-14 09:20:01,3292.35,113939
2021-06-14 09:20:02,3293.45,114047
2021-06-14 09:20:03,3293.0,114185
2021-06-14 09:20:04,3293.2,115190
2021-06-14 09:20:05,3293.4,115418
2021-06-14 09:20:06,3293.75,115441
2021-06-14 09:20:08,3293.75,115819
2021-06-14 09:20:09,3293.7,115842
2021-06-14 09:20:10,3293.75,116150
2021-06-14 09:20:11,3293.7,116679
2021-06-14 09:20:12,3294.65,117079
2021-06-14 09:20:13,3294.55,117268
2021-06-14 09:20:14,3292.2,117925
2021-06-14 09:20:15,3292.2,118703
2021-06-14 09:20:16,3293.5,118864
2021-06-14 09:20:17,3293.45,118945
2021-06-14 09:20:18,3292.2,118950
2021-06-14 09:20:20,3293.2,119040
2021-06-14 09:20:21,3293.2,119052
2021-06-14 09:20:22,3292.2,119165
2021-06-14 09:20:22,3292.0,119665
2021-06-14 09:20:23,3293.35,119721
2021-06-14 09:20:24,3293.2,119908
2021-06-14 09:20:25,3293.2,120220
2021-06-14 09:20:26,3293.0,120227
2021-06-14 09:20:27,3292.95,120970
2021-06-14 09:20:28,3292.95,121058
2021-06-14 09:20:30,3292.95,121206
2021-06-14 09:20:31,3291.0,121221
2021-06-14 09:20:32,3292.75,121326
2021-06-14 09:20:33,3291.1,121639
2021-06-14 09:20:34,3292.1,122070
2021-06-14 09:20:35,3291.05,122331
2021-06-14 09:20:36,3290.0,122566
2021-06-14 09:20:38,3291.35,122802
2021-06-14 09:20:39,3291.35,122807
2021-06-14 09:20:40,3291.35,122953
2021-06-14 09:20:41,3290.35,123035
2021-06-14 09:20:42,3290.0,123313
2021-06-14 09:20:43,3290.0,124373
2021-06-14 09:20:44,3290.0,124401
2021-06-14 09:20:44,3291.5,124501
2021-06-14 09:20:45,3290.0,125133
2021-06-14 09:20:46,3286.45,129069
2021-06-14 09:20:47,3287.8,129096
2021-06-14 09:20:49,3287.05,129209
2021-06-14 09:20:50,3285.4,129383
2021-06-14 09:20:50,3285.4,129383
2021-06-14 09:20:51,3285.1,129455
2021-06-14 09:20:52,3286.3,130204
2021-06-14 09:20:53,3285.2,130331
2021-06-14 09:20:54,3286.3,130363
2021-06-14 09:20:56,3285.0,130741
2021-06-14 09:20:57,3285.0,130889
2021-06-14 09:20:59,3283.35,132621
2021-06-14 09:21:01,3282.75,133188
2021-06-14 09:21:02,3283.45,133208
2021-06-14 09:21:03,3283.45,133523
2021-06-14 09:21:04,3282.7,133680
2021-06-14 09:21:05,3281.75,133763
2021-06-14 09:21:07,3281.75,133948
2021-06-14 09:21:08,3281.8,134005
2021-06-14 09:21:09,3282.0,134079
2021-06-14 09:21:10,3282.0,134086
2021-06-14 09:21:11,3282.0,134111
2021-06-14 09:21:12,3282.4,134544
2021-06-14 09:21:12,3282.35,134846
2021-06-14 09:21:13,3282.0,135848
2021-06-14 09:21:14,3282.55,135932
2021-06-14 09:21:15,3281.5,135948
2021-06-14 09:21:16,3282.0,136022
2021-06-14 09:21:17,3282.35,136233
2021-06-14 09:21:18,3282.35,136257
2021-06-14 09:21:19,3281.25,136589
2021-06-14 09:21:21,3282.0,136698
2021-06-14 09:21:22,3282.0,136946
2021-06-14 09:21:23,3282.0,137158
2021-06-14 09:21:24,3282.0,137194
2021-06-14 09:21:25,3281.25,137279
2021-06-14 09:21:26,3281.5,137399
2021-06-14 09:21:27,3281.25,138242
2021-06-14 09:21:27,3281.5,138192
2021-06-14 09:21:28,3283.0,138859
2021-06-14 09:21:30,3283.0,139168
2021-06-14 09:21:31,3284.0,139198
2021-06-14 09:21:32,3283.15,139199
2021-06-14 09:21:33,3283.1,139253
2021-06-14 09:21:34,3283.1,139576
2021-06-14 09:21:35,3283.15,139597
2021-06-14 09:21:36,3283.15,139631
2021-06-14 09:21:37,3283.9,139675
2021-06-14 09:21:38,3283.9,139696
2021-06-14 09:21:38,3283.15,139698
2021-06-14 09:21:39,3283.15,139736
2021-06-14 09:21:40,3283.75,139994
2021-06-14 09:21:41,3283.15,140228
2021-06-14 09:21:43,3283.7,140355
2021-06-14 09:21:44,3283.7,140439
2021-06-14 09:21:45,3283.7,140439
2021-06-14 09:21:45,3283.7,140439
2021-06-14 09:21:46,3283.7,140477
2021-06-14 09:21:47,3283.7,140527
2021-06-14 09:21:48,3283.55,140640
2021-06-14 09:21:50,3283.55,141049
2021-06-14 09:21:51,3283.7,141075
2021-06-14 09:21:52,3283.7,141118
2021-06-14 09:21:53,3283.7,141228
2021-06-14 09:21:54,3283.7,141600
2021-06-14 09:21:55,3283.55,141636
2021-06-14 09:21:55,3283.6,141639
2021-06-14 09:21:57,3283.6,141749
2021-06-14 09:21:58,3283.6,142054
2021-06-14 09:21:59,3283.6,142817
2021-06-14 09:22:01,3283.55,143321
2021-06-14 09:22:02,3283.6,143412
2021-06-14 09:22:02,3283.6,143434
2021-06-14 09:22:03,3283.5,143627
2021-06-14 09:22:04,3282.15,143731
2021-06-14 09:22:06,3283.6,143819
2021-06-14 09:22:07,3283.55,143883
2021-06-14 09:22:08,3283.55,144106
2021-06-14 09:22:09,3283.55,144168
2021-06-14 09:22:10,3283.45,144299
2021-06-14 09:22:10,3283.55,144258
2021-06-14 09:22:11,3283.55,144407
2021-06-14 09:22:13,3283.5,144570
2021-06-14 09:22:14,3283.95,144820
2021-06-14 09:22:15,3283.95,145275
2021-06-14 09:22:15,3283.95,144974
2021-06-14 09:22:16,3284.25,145356
2021-06-14 09:22:18,3284.25,145410
2021-06-14 09:22:19,3284.4,146034
2021-06-14 09:22:20,3286.1,146274
2021-06-14 09:22:21,3286.3,146345
2021-06-14 09:22:22,3286.3,146348
2021-06-14 09:22:23,3285.05,146546
2021-06-14 09:22:24,3286.25,146569
2021-06-14 09:22:25,3286.05,146654
2021-06-14 09:22:25,3286.05,146654
2021-06-14 09:22:26,3286.3,146785
2021-06-14 09:22:27,3286.05,147248
2021-06-14 09:22:29,3283.9,147414
2021-06-14 09:22:30,3284.55,147440
2021-06-14 09:22:31,3283.55,147628
2021-06-14 09:22:32,3284.65,147890
2021-06-14 09:22:34,3284.65,148514
2021-06-14 09:22:34,3284.65,148514
2021-06-14 09:22:35,3284.7,148530
2021-06-14 09:22:36,3284.7,148530
2021-06-14 09:22:38,3284.7,148530
2021-06-14 09:22:39,3283.95,149219
2021-06-14 09:22:40,3282.9,149760
2021-06-14 09:22:41,3282.85,149877
2021-06-14 09:22:43,3282.5,150302
2021-06-14 09:22:44,3282.45,150621
2021-06-14 09:22:45,3282.45,150668
2021-06-14 09:22:46,3282.6,151197
2021-06-14 09:22:47,3284.0,151227
2021-06-14 09:22:48,3284.5,151344
2021-06-14 09:22:48,3284.5,151369
2021-06-14 09:22:49,3283.3,151374
2021-06-14 09:22:50,3283.75,151526
2021-06-14 09:22:51,3283.3,151570
2021-06-14 09:22:52,3283.3,151580
2021-06-14 09:22:53,3283.9,151610
2021-06-14 09:22:54,3283.9,151768
2021-06-14 09:22:55,3283.9,151831
2021-06-14 09:22:57,3283.0,151997
2021-06-14 09:22:58,3282.05,152058
2021-06-14 09:22:59,3282.75,152081
2021-06-14 09:23:00,3282.75,152145
2021-06-14 09:23:01,3282.7,153059
2021-06-14 09:23:02,3283.1,153153
2021-06-14 09:23:03,3283.1,153477
2021-06-14 09:23:04,3282.65,153686
2021-06-14 09:23:05,3282.7,153869
2021-06-14 09:23:06,3282.65,153948
2021-06-14 09:23:07,3282.85,153954
2021-06-14 09:23:08,3282.85,154024
2021-06-14 09:23:09,3283.05,154030
2021-06-14 09:23:10,3283.05,154030
2021-06-14 09:23:11,3282.75,154449
2021-06-14 09:23:12,3283.0,154514
2021-06-14 09:23:13,3283.0,154514
2021-06-14 09:23:14,3282.85,154777
2021-06-14 09:23:15,3282.1,154781
2021-06-14 09:23:16,3282.7,155062
2021-06-14 09:23:17,3282.0,155247
2021-06-14 09:23:18,3282.75,155298
2021-06-14 09:23:19,3282.85,155311
2021-06-14 09:23:20,3282.0,155342
2021-06-14 09:23:21,3282.7,155351
2021-06-14 09:23:22,3282.7,155554
2021-06-14 09:23:23,3281.75,155997
2021-06-14 09:23:24,3282.55,156091
2021-06-14 09:23:25,3282.5,156174
2021-06-14 09:23:26,3282.5,156183
2021-06-14 09:23:27,3282.5,156185
2021-06-14 09:23:28,3282.85,156724
2021-06-14 09:23:29,3282.5,156778
2021-06-14 09:23:30,3282.45,156905
2021-06-14 09:23:31,3282.45,156915
2021-06-14 09:23:32,3282.45,157118
2021-06-14 09:23:32,3282.4,157121
2021-06-14 09:23:33,3282.3,157286
2021-06-14 09:23:35,3282.3,157406
2021-06-14 09:23:37,3281.8,157587
2021-06-14 09:23:38,3281.8,157615
2021-06-14 09:23:39,3282.2,157711
2021-06-14 09:23:40,3281.45,158438
2021-06-14 09:23:41,3281.45,158613
2021-06-14 09:23:42,3281.4,158620
2021-06-14 09:23:43,3281.4,158748
2021-06-14 09:23:44,3280.95,159305
2021-06-14 09:23:45,3281.4,159386
2021-06-14 09:23:46,3280.95,160739
2021-06-14 09:23:46,3280.95,160739
2021-06-14 09:23:47,3282.0,160759
2021-06-14 09:23:48,3282.1,161030
2021-06-14 09:23:50,3282.4,161303
2021-06-14 09:23:51,3283.0,161446
2021-06-14 09:23:52,3282.2,161489
2021-06-14 09:23:53,3281.45,163029
2021-06-14 09:23:54,3280.95,163045
2021-06-14 09:23:55,3281.8,163248
2021-06-14 09:23:56,3281.9,163359
2021-06-14 09:23:57,3281.9,163375
2021-06-14 09:23:58,3281.9,163532
2021-06-14 09:23:59,3281.1,163632
2021-06-14 09:24:00,3281.75,163802
2021-06-14 09:24:01,3280.0,164716
2021-06-14 09:24:02,3280.95,165380
2021-06-14 09:24:03,3280.05,166083
2021-06-14 09:24:04,3280.4,166405
2021-06-14 09:24:05,3280.4,166452
2021-06-14 09:24:06,3280.4,166497
2021-06-14 09:24:07,3281.05,166994
2021-06-14 09:24:08,3281.05,166995
2021-06-14 09:24:09,3281.0,167325
2021-06-14 09:24:10,3281.1,169040
2021-06-14 09:24:11,3281.25,169393
2021-06-14 09:24:11,3281.25,169393
2021-06-14 09:24:12,3281.85,169713
2021-06-14 09:24:13,3282.65,169867
2021-06-14 09:24:15,3282.9,170085
2021-06-14 09:24:16,3282.0,170156
2021-06-14 09:24:17,3282.75,170184
2021-06-14 09:24:18,3282.1,170891
2021-06-14 09:24:19,3283.85,171121
2021-06-14 09:24:20,3282.0,171700
2021-06-14 09:24:21,3282.0,171843
2021-06-14 09:24:22,3283.3,172066
2021-06-14 09:24:23,3282.85,172229
2021-06-14 09:24:24,3283.4,172230
2021-06-14 09:24:25,3283.4,172291
2021-06-14 09:24:26,3282.85,172470
2021-06-14 09:24:28,3283.0,172625
2021-06-14 09:24:30,3281.9,173208
2021-06-14 09:24:31,3282.0,173255
2021-06-14 09:24:32,3282.0,173368
2021-06-14 09:24:33,3282.0,173404
2021-06-14 09:24:35,3281.3,174424
2021-06-14 09:24:36,3280.5,174514
2021-06-14 09:24:37,3281.3,174566
2021-06-14 09:24:38,3280.1,174684
2021-06-14 09:24:39,3280.5,174729
2021-06-14 09:24:40,3280.85,174734
2021-06-14 09:24:41,3281.3,175211
2021-06-14 09:24:42,3281.0,175248
2021-06-14 09:24:43,3280.0,176181
2021-06-14 09:24:44,3280.05,176278
2021-06-14 09:24:45,3280.95,176353
2021-06-14 09:24:46,3280.2,177109
2021-06-14 09:24:47,3279.8,178801
2021-06-14 09:24:48,3280.15,179159
2021-06-14 09:24:49,3280.55,181830
2021-06-14 09:24:50,3281.6,182401
2021-06-14 09:24:51,3281.8,182600
2021-06-14 09:24:52,3281.8,182717
2021-06-14 09:24:53,3281.8,183062
2021-06-14 09:24:53,3281.8,183022
2021-06-14 09:24:55,3281.2,183089
2021-06-14 09:24:56,3281.7,183159
2021-06-14 09:24:57,3281.0,183432
2021-06-14 09:24:59,3281.35,184260
2021-06-14 09:25:00,3281.3,184376
2021-06-14 09:25:01,3281.3,184427
2021-06-14 09:25:02,3280.8,186040
2021-06-14 09:25:04,3281.0,186798
2021-06-14 09:25:05,3280.6,187007
2021-06-14 09:25:06,3280.6,187065
2021-06-14 09:25:07,3280.95,187085
2021-06-14 09:25:08,3281.05,187635
2021-06-14 09:25:09,3281.05,187701
2021-06-14 09:25:10,3280.0,189971
2021-06-14 09:25:11,3280.0,190316
2021-06-14 09:25:13,3279.65,191430
2021-06-14 09:25:14,3280.5,191727
2021-06-14 09:25:14,3280.0,191725
2021-06-14 09:25:15,3280.25,191754
2021-06-14 09:25:16,3280.5,192953
2021-06-14 09:25:17,3279.95,193661
2021-06-14 09:25:18,3280.0,194146
2021-06-14 09:25:20,3279.3,194193
2021-06-14 09:25:21,3278.4,196186
2021-06-14 09:25:22,3278.3,196517
2021-06-14 09:25:23,3278.4,196685
2021-06-14 09:25:24,3277.65,197068
2021-06-14 09:25:25,3277.65,197642
2021-06-14 09:25:26,3277.65,197785
2021-06-14 09:25:27,3277.95,198230
2021-06-14 09:25:28,3277.65,198689
2021-06-14 09:25:29,3277.7,200987
2021-06-14 09:25:30,3278.7,201696
2021-06-14 09:25:31,3275.4,203807
2021-06-14 09:25:31,3275.4,203807
2021-06-14 09:25:33,3277.5,204697
2021-06-14 09:25:34,3276.7,204920
2021-06-14 09:25:35,3276.25,205035
2021-06-14 09:25:36,3275.85,205809
2021-06-14 09:25:37,3272.3,208720
2021-06-14 09:25:38,3273.9,209194
2021-06-14 09:25:40,3272.7,209638
2021-06-14 09:25:41,3272.9,209986
2021-06-14 09:25:42,3272.6,210177
2021-06-14 09:25:44,3272.45,211579
2021-06-14 09:25:43,3272.5,211577
2021-06-14 09:25:45,3273.6,212919
2021-06-14 09:25:46,3272.35,213331
2021-06-14 09:25:47,3272.7,213722
2021-06-14 09:25:48,3272.85,214164
2021-06-14 09:25:49,3272.7,214277
2021-06-14 09:25:50,3272.7,214682
2021-06-14 09:25:51,3273.25,214978
2021-06-14 09:25:52,3272.5,218356
2021-06-14 09:25:53,3270.5,218709
2021-06-14 09:25:54,3271.3,219412
2021-06-14 09:25:55,3271.25,219634
2021-06-14 09:25:56,3270.4,219875
2021-06-14 09:25:57,3270.7,220116
2021-06-14 09:25:58,3270.7,220136
2021-06-14 09:25:59,3270.7,220254
2021-06-14 09:26:00,3270.55,221780
2021-06-14 09:26:01,3271.6,222719
2021-06-14 09:26:02,3271.7,222851
2021-06-14 09:26:03,3271.5,223355
2021-06-14 09:26:04,3270.55,223527
2021-06-14 09:26:05,3270.55,223704
2021-06-14 09:26:06,3273.85,228805
2021-06-14 09:26:07,3271.95,229505
2021-06-14 09:26:08,3272.25,230677
2021-06-14 09:26:09,3272.7,230943
2021-06-14 09:26:10,3271.45,231849
2021-06-14 09:26:11,3271.6,232047
2021-06-14 09:26:13,3272.95,232200
2021-06-14 09:26:14,3272.45,232737
2021-06-14 09:26:15,3273.2,233088
2021-06-14 09:26:16,3273.2,233212
2021-06-14 09:26:17,3272.8,233239
2021-06-14 09:26:18,3272.8,233527
2021-06-14 09:26:19,3272.8,234024
2021-06-14 09:26:20,3272.8,234087
2021-06-14 09:26:21,3272.8,234172
2021-06-14 09:26:22,3272.75,234889
2021-06-14 09:26:23,3272.8,235362
2021-06-14 09:26:24,3271.55,235367
2021-06-14 09:26:25,3273.0,235698
2021-06-14 09:26:26,3273.0,236897
2021-06-14 09:26:27,3273.25,237288
2021-06-14 09:26:28,3271.55,237564
2021-06-14 09:26:29,3273.15,238904
2021-06-14 09:26:30,3277.0,243179
2021-06-14 09:26:31,3277.1,244997
2021-06-14 09:26:32,3277.0,245428
2021-06-14 09:26:33,3277.3,245736
2021-06-14 09:26:34,3278.85,245961
2021-06-14 09:26:36,3279.35,247115
2021-06-14 09:26:39,3278.25,247704
2021-06-14 09:26:40,3277.05,248376
2021-06-14 09:26:41,3277.1,248452
2021-06-14 09:26:42,3277.1,248452
2021-06-14 09:26:43,3277.1,248494
2021-06-14 09:26:44,3277.1,248589
2021-06-14 09:26:45,3276.45,248697
2021-06-14 09:26:46,3277.1,248737
2021-06-14 09:26:47,3277.1,248737
2021-06-14 09:26:48,3277.0,248875
2021-06-14 09:26:49,3277.0,249031
2021-06-14 09:26:50,3277.1,249617
2021-06-14 09:26:51,3278.5,249728
2021-06-14 09:26:52,3278.5,249744
2021-06-14 09:26:53,3277.65,249885
2021-06-14 09:26:54,3277.65,249947
2021-06-14 09:26:55,3277.7,249964
2021-06-14 09:26:56,3277.65,250266
2021-06-14 09:26:57,3277.65,250315
2021-06-14 09:26:58,3277.65,250354
2021-06-14 09:26:59,3277.65,250519
2021-06-14 09:27:00,3279.6,250626
2021-06-14 09:27:01,3278.8,250736
2021-06-14 09:27:02,3278.6,251056
2021-06-14 09:27:03,3278.6,251204
2021-06-14 09:27:04,3277.75,251206
2021-06-14 09:27:05,3278.9,251207
2021-06-14 09:27:06,3279.15,251307
2021-06-14 09:27:07,3278.85,251411
2021-06-14 09:27:08,3278.1,251429
2021-06-14 09:27:09,3278.1,251473
2021-06-14 09:27:10,3278.9,251480
2021-06-14 09:27:11,3279.75,251788
2021-06-14 09:27:12,3279.75,251824
2021-06-14 09:27:13,3279.75,251836
2021-06-14 09:27:14,3279.75,251842
2021-06-14 09:27:15,3279.75,251918
2021-06-14 09:27:17,3279.8,252093
2021-06-14 09:27:18,3279.9,252135
2021-06-14 09:27:19,3279.9,252152
2021-06-14 09:27:20,3279.95,252172
2021-06-14 09:27:21,3279.75,252272
2021-06-14 09:27:23,3279.95,253063
2021-06-14 09:27:24,3279.95,253064
2021-06-14 09:27:26,3279.9,253314
2021-06-14 09:27:25,3279.9,253314
2021-06-14 09:27:27,3279.95,253350
2021-06-14 09:27:28,3279.0,253406
2021-06-14 09:27:29,3279.0,253427
2021-06-14 09:27:30,3279.0,253427
2021-06-14 09:27:31,3279.75,253450
2021-06-14 09:27:32,3279.75,253450
2021-06-14 09:27:33,3279.0,253462
2021-06-14 09:27:34,3279.75,253484
2021-06-14 09:27:35,3279.75,253790
2021-06-14 09:27:36,3279.75,253992
2021-06-14 09:27:37,3279.75,254005
2021-06-14 09:27:38,3279.65,254031
2021-06-14 09:27:39,3279.75,254076
2021-06-14 09:27:40,3279.75,254093
2021-06-14 09:27:41,3279.1,254139
2021-06-14 09:27:42,3279.15,254272
2021-06-14 09:27:43,3279.9,254277
2021-06-14 09:27:44,3279.85,254397
2021-06-14 09:27:45,3279.9,254582
2021-06-14 09:27:46,3279.9,254676
2021-06-14 09:27:47,3279.9,254802
2021-06-14 09:27:48,3279.75,254826
2021-06-14 09:27:50,3280.55,255979
2021-06-14 09:27:51,3280.55,256008
2021-06-14 09:27:53,3281.0,256532
2021-06-14 09:27:54,3280.55,256558
2021-06-14 09:27:56,3281.0,256722
2021-06-14 09:27:56,3280.55,256742
2021-06-14 09:27:57,3281.75,256776
2021-06-14 09:27:58,3281.9,256844
2021-06-14 09:27:59,3280.7,257092
2021-06-14 09:28:00,3281.55,257184
2021-06-14 09:28:01,3281.6,257194
2021-06-14 09:28:02,3281.6,257275
2021-06-14 09:28:03,3281.0,257349
2021-06-14 09:28:04,3281.0,257378
2021-06-14 09:28:05,3282.85,257925
2021-06-14 09:28:06,3281.15,257981
2021-06-14 09:28:07,3282.65,258150
2021-06-14 09:28:09,3281.75,258266
2021-06-14 09:28:09,3281.15,258276
2021-06-14 09:28:10,3281.6,258277
2021-06-14 09:28:11,3281.6,258297
2021-06-14 09:28:12,3283.0,258779
2021-06-14 09:28:13,3283.0,258785
2021-06-14 09:28:14,3283.0,258820
2021-06-14 09:28:15,3284.0,259036
2021-06-14 09:28:16,3283.3,259064
2021-06-14 09:28:17,3283.65,259075
2021-06-14 09:28:18,3284.0,259234
2021-06-14 09:28:19,3283.9,259362
2021-06-14 09:28:20,3283.9,260124
2021-06-14 09:28:21,3283.95,260281
2021-06-14 09:28:22,3284.95,260834
2021-06-14 09:28:23,3284.9,260975
2021-06-14 09:28:24,3284.95,261007
2021-06-14 09:28:25,3284.95,261028
2021-06-14 09:28:26,3284.0,261398
2021-06-14 09:28:27,3284.0,261401
2021-06-14 09:28:28,3284.0,262702
2021-06-14 09:28:29,3284.0,262723
2021-06-14 09:28:30,3284.0,263734
2021-06-14 09:28:31,3285.0,263739
2021-06-14 09:28:32,3285.0,263850
2021-06-14 09:28:34,3285.0,263960
2021-06-14 09:28:35,3285.0,264143
2021-06-14 09:28:37,3286.35,264211
2021-06-14 09:28:37,3286.35,264236
2021-06-14 09:28:38,3286.45,264281
2021-06-14 09:28:39,3285.45,264315
2021-06-14 09:28:40,3285.45,264529
2021-06-14 09:28:41,3285.9,264550
2021-06-14 09:28:43,3286.0,264766
2021-06-14 09:28:44,3285.5,264799
2021-06-14 09:28:44,3285.5,264799
2021-06-14 09:28:47,3285.0,266917
2021-06-14 09:28:48,3285.0,266935
2021-06-14 09:28:49,3286.0,266957
2021-06-14 09:28:50,3286.3,267078
2021-06-14 09:28:51,3286.95,267158
2021-06-14 09:28:52,3285.35,267168
2021-06-14 09:28:53,3286.3,267437
2021-06-14 09:28:54,3286.7,267521
2021-06-14 09:28:55,3285.9,267528
2021-06-14 09:28:57,3286.65,267591
2021-06-14 09:28:58,3286.3,267798
2021-06-14 09:28:59,3286.3,268118
2021-06-14 09:28:59,3286.3,268009
2021-06-14 09:29:00,3286.3,268157
2021-06-14 09:29:01,3286.35,268212
2021-06-14 09:29:02,3285.7,270261
2021-06-14 09:29:03,3286.3,270392
2021-06-14 09:29:04,3285.95,270841
2021-06-14 09:29:05,3286.3,270993
2021-06-14 09:29:06,3286.05,271187
2021-06-14 09:29:08,3286.0,271610
2021-06-14 09:29:08,3286.0,271610
2021-06-14 09:29:09,3285.05,272437
2021-06-14 09:29:10,3286.3,272443
2021-06-14 09:29:11,3286.0,272605
2021-06-14 09:29:12,3285.25,272654
2021-06-14 09:29:13,3286.0,272663
2021-06-14 09:29:14,3285.25,272688
2021-06-14 09:29:15,3285.25,272738
2021-06-14 09:29:16,3285.25,272916
2021-06-14 09:29:17,3285.05,273011
2021-06-14 09:29:18,3285.0,273215
2021-06-14 09:29:19,3285.25,275403
2021-06-14 09:29:20,3285.25,275442
2021-06-14 09:29:21,3284.25,276488
2021-06-14 09:29:23,3284.0,276717
2021-06-14 09:29:24,3285.0,276737
2021-06-14 09:29:24,3285.0,276737
2021-06-14 09:29:25,3285.0,276807
2021-06-14 09:29:26,3284.1,276812
2021-06-14 09:29:27,3284.05,276839
2021-06-14 09:29:28,3284.95,276999
2021-06-14 09:29:29,3284.0,277000
2021-06-14 09:29:30,3284.95,277072
2021-06-14 09:29:32,3284.35,277354
2021-06-14 09:29:33,3284.95,277477
2021-06-14 09:29:34,3284.45,277898
2021-06-14 09:29:35,3284.45,277910
2021-06-14 09:29:35,3284.45,277945
2021-06-14 09:29:37,3284.45,278102
2021-06-14 09:29:38,3284.45,278230
2021-06-14 09:29:39,3285.0,278384
2021-06-14 09:29:40,3284.6,278914
2021-06-14 09:29:41,3285.95,278999
2021-06-14 09:29:42,3285.85,279028
2021-06-14 09:29:43,3285.0,279036
2021-06-14 09:29:44,3285.95,279647
2021-06-14 09:29:45,3285.95,279667
2021-06-14 09:29:46,3285.1,279672
2021-06-14 09:29:48,3285.95,279713
2021-06-14 09:29:49,3286.0,279814
2021-06-14 09:29:49,3286.0,279814
2021-06-14 09:29:50,3286.0,279815
2021-06-14 09:29:51,3285.95,279855
2021-06-14 09:29:52,3286.3,280079
2021-06-14 09:29:53,3287.0,280409
2021-06-14 09:29:54,3287.35,280688
2021-06-14 09:29:55,3285.7,280689
2021-06-14 09:29:56,3287.0,280707
2021-06-14 09:29:57,3285.7,280717
2021-06-14 09:29:58,3285.7,280761
2021-06-14 09:29:59,3285.7,280909
2021-06-14 09:30:00,3286.8,280953
2021-06-14 09:30:01,3286.0,281017
2021-06-14 09:30:02,3286.0,281170
2021-06-14 09:30:03,3286.8,281188
2021-06-14 09:30:04,3286.0,281230
2021-06-14 09:30:05,3285.7,281238
2021-06-14 09:30:06,3285.0,283058
2021-06-14 09:30:07,3285.0,283262
2021-06-14 09:30:08,3285.55,283973
2021-06-14 09:30:09,3284.35,284445
2021-06-14 09:30:11,3285.55,284674
2021-06-14 09:30:12,3285.55,284769
2021-06-14 09:30:12,3285.55,284769
2021-06-14 09:30:13,3285.0,284770
2021-06-14 09:30:14,3285.55,284882
2021-06-14 09:30:15,3285.0,284984
2021-06-14 09:30:16,3285.55,285021
2021-06-14 09:30:17,3285.05,285684
2021-06-14 09:30:18,3285.4,286218
2021-06-14 09:30:19,3285.2,286261
2021-06-14 09:30:21,3285.2,286261
2021-06-14 09:30:22,3285.0,286386
2021-06-14 09:30:23,3285.55,286393
2021-06-14 09:30:25,3285.25,286493
2021-06-14 09:30:26,3285.55,286712
2021-06-14 09:30:27,3285.95,286723
2021-06-14 09:30:28,3287.9,287303
2021-06-14 09:30:29,3287.9,287386
2021-06-14 09:30:30,3287.4,287436
2021-06-14 09:30:31,3288.0,287456
2021-06-14 09:30:32,3287.4,287582
2021-06-14 09:30:33,3287.4,287602
2021-06-14 09:30:35,3287.0,288409
2021-06-14 09:30:36,3288.0,288734
2021-06-14 09:30:37,3287.85,288854
2021-06-14 09:30:38,3287.9,288984
2021-06-14 09:30:39,3287.95,289001
2021-06-14 09:30:40,3288.0,289043
2021-06-14 09:30:41,3289.5,289607
2021-06-14 09:30:42,3288.0,289662
2021-06-14 09:30:43,3289.1,290844
2021-06-14 09:30:44,3289.55,291301
2021-06-14 09:30:45,3288.0,291582
2021-06-14 09:30:46,3289.65,291684
2021-06-14 09:30:47,3290.0,291951
2021-06-14 09:30:48,3289.45,292025
2021-06-14 09:30:49,3289.65,293717
2021-06-14 09:30:50,3291.9,293814
2021-06-14 09:30:50,3291.95,293829
2021-06-14 09:30:51,3291.9,293912
2021-06-14 09:30:52,3291.75,294216
2021-06-14 09:30:53,3291.75,294319
2021-06-14 09:30:54,3291.75,294319
2021-06-14 09:30:56,3291.45,295728
2021-06-14 09:30:57,3291.15,296345
2021-06-14 09:30:58,3291.75,296565
2021-06-14 09:30:59,3291.95,296623
2021-06-14 09:31:00,3292.0,296747
2021-06-14 09:31:01,3291.55,297415
2021-06-14 09:31:02,3291.2,298412
2021-06-14 09:31:04,3291.15,298593
2021-06-14 09:31:05,3289.75,298608
2021-06-14 09:31:06,3289.95,298936
2021-06-14 09:31:07,3290.9,298950
2021-06-14 09:31:08,3289.7,299086
2021-06-14 09:31:08,3289.7,299091
2021-06-14 09:31:09,3290.0,299196
2021-06-14 09:31:10,3290.75,299292
2021-06-14 09:31:11,3289.9,300733
2021-06-14 09:31:12,3290.8,300780
2021-06-14 09:31:13,3288.55,301885
2021-06-14 09:31:14,3287.2,301951
2021-06-14 09:31:15,3288.55,302130
2021-06-14 09:31:16,3288.6,302200
2021-06-14 09:31:17,3287.75,302961
2021-06-14 09:31:18,3287.35,303005
2021-06-14 09:31:20,3287.45,303110
2021-06-14 09:31:21,3286.4,304513
2021-06-14 09:31:22,3287.35,304574
2021-06-14 09:31:23,3287.35,304595
2021-06-14 09:31:23,3287.35,304625
2021-06-14 09:31:24,3287.35,304635
2021-06-14 09:31:25,3288.6,304882
2021-06-14 09:31:27,3287.0,305464
2021-06-14 09:31:28,3287.0,306199
2021-06-14 09:31:30,3286.9,306322
2021-06-14 09:31:31,3286.95,306417
2021-06-14 09:31:32,3287.0,306467
2021-06-14 09:31:33,3286.95,306528
2021-06-14 09:31:34,3286.6,306658
2021-06-14 09:31:35,3286.6,306695
2021-06-14 09:31:36,3285.6,306769
2021-06-14 09:31:36,3286.95,306779
2021-06-14 09:31:37,3286.15,306920
2021-06-14 09:31:38,3287.0,306959
2021-06-14 09:31:39,3286.6,306974
2021-06-14 09:31:40,3287.0,307031
2021-06-14 09:31:41,3287.0,307064
2021-06-14 09:31:42,3287.0,307158
2021-06-14 09:31:43,3287.0,307163
2021-06-14 09:31:44,3287.0,307200
2021-06-14 09:31:46,3286.95,307450
2021-06-14 09:31:47,3286.55,307470
2021-06-14 09:31:48,3286.95,307717
2021-06-14 09:31:49,3286.05,307780
2021-06-14 09:31:50,3285.05,308052
2021-06-14 09:31:51,3286.45,308072
2021-06-14 09:31:53,3286.0,308211
2021-06-14 09:31:54,3285.95,308800
2021-06-14 09:31:55,3285.0,308918
2021-06-14 09:31:56,3285.0,308941
2021-06-14 09:31:56,3285.0,308942
2021-06-14 09:31:57,3284.0,309327
2021-06-14 09:31:58,3285.3,309398
2021-06-14 09:31:59,3285.25,309503
2021-06-14 09:32:00,3284.0,309507
2021-06-14 09:32:01,3284.35,309566
2021-06-14 09:32:02,3284.35,309703
2021-06-14 09:32:03,3284.0,309754
2021-06-14 09:32:04,3284.0,309935
2021-06-14 09:32:05,3284.1,310149
2021-06-14 09:32:06,3284.1,310327
2021-06-14 09:32:07,3284.1,310335
2021-06-14 09:32:08,3284.1,310357
2021-06-14 09:32:09,3284.8,310392
2021-06-14 09:32:10,3285.0,310512
2021-06-14 09:32:11,3284.45,310672
2021-06-14 09:32:12,3284.45,310672
2021-06-14 09:32:13,3285.0,310781
2021-06-14 09:32:14,3284.0,310806
2021-06-14 09:32:15,3284.0,310826
2021-06-14 09:32:16,3285.0,311177
2021-06-14 09:32:17,3284.0,311178
2021-06-14 09:32:18,3284.7,311304
2021-06-14 09:32:19,3284.1,311356
2021-06-14 09:32:20,3284.1,311427
2021-06-14 09:32:22,3284.1,311511
2021-06-14 09:32:23,3285.0,311636
2021-06-14 09:32:24,3281.25,316421
2021-06-14 09:32:26,3279.65,317429
2021-06-14 09:32:27,3281.15,317539
2021-06-14 09:32:28,3280.15,317645
2021-06-14 09:32:29,3280.45,317935
2021-06-14 09:32:30,3280.55,317938
2021-06-14 09:32:31,3282.9,318707
2021-06-14 09:32:32,3281.35,318716
2021-06-14 09:32:32,3282.9,318710
2021-06-14 09:32:34,3283.7,318948
2021-06-14 09:32:36,3284.0,319061
2021-06-14 09:32:37,3282.35,321087
2021-06-14 09:32:38,3281.75,321190
2021-06-14 09:32:39,3281.35,321380
2021-06-14 09:32:40,3282.95,321565
2021-06-14 09:32:41,3282.0,321576
2021-06-14 09:32:42,3282.0,321602
2021-06-14 09:32:43,3282.6,321831
2021-06-14 09:32:45,3283.65,321975
2021-06-14 09:32:46,3283.8,322348
2021-06-14 09:32:47,3283.65,322501
2021-06-14 09:32:48,3283.2,322656
2021-06-14 09:32:49,3285.0,322677
2021-06-14 09:32:50,3284.95,322816
2021-06-14 09:32:51,3285.05,322979
2021-06-14 09:32:52,3285.0,323099
2021-06-14 09:32:53,3285.95,323118
2021-06-14 09:32:54,3286.95,323542
2021-06-14 09:32:55,3287.0,323562
2021-06-14 09:32:56,3286.1,323570
2021-06-14 09:32:57,3286.1,323570
2021-06-14 09:32:58,3286.15,323626
2021-06-14 09:32:59,3286.2,323632
2021-06-14 09:33:00,3286.25,323672
2021-06-14 09:33:01,3287.6,324719
2021-06-14 09:33:02,3288.45,325292
2021-06-14 09:33:03,3287.75,325356
2021-06-14 09:33:04,3288.3,325588
2021-06-14 09:33:05,3288.2,325866
2021-06-14 09:33:06,3287.2,326122
2021-06-14 09:33:07,3287.2,326228
2021-06-14 09:33:08,3287.2,326246
2021-06-14 09:33:08,3287.2,326246
2021-06-14 09:33:09,3287.2,326267
2021-06-14 09:33:10,3287.2,326562
2021-06-14 09:33:11,3287.2,326688
2021-06-14 09:33:12,3287.2,326736
2021-06-14 09:33:13,3287.75,326744
2021-06-14 09:33:14,3287.5,327005
2021-06-14 09:33:15,3287.15,327055
2021-06-14 09:33:16,3288.0,327278
2021-06-14 09:33:17,3288.3,327279
2021-06-14 09:33:18,3288.95,327315
2021-06-14 09:33:19,3288.85,327350
2021-06-14 09:33:20,3289.55,328242
2021-06-14 09:33:21,3289.6,328266
2021-06-14 09:33:22,3289.55,328302
2021-06-14 09:33:23,3288.25,328425
2021-06-14 09:33:24,3288.9,328574
2021-06-14 09:33:25,3288.85,328729
2021-06-14 09:33:26,3287.2,328844
2021-06-14 09:33:29,3287.0,329014
2021-06-14 09:33:30,3286.95,329016
2021-06-14 09:33:31,3287.0,329112
2021-06-14 09:33:32,3286.55,329513
2021-06-14 09:33:33,3286.65,329521
2021-06-14 09:33:34,3286.0,329564
2021-06-14 09:33:35,3285.95,329765
2021-06-14 09:33:36,3284.4,330123
2021-06-14 09:33:37,3284.55,330162
2021-06-14 09:33:38,3285.75,330206
2021-06-14 09:33:39,3283.6,330442
2021-06-14 09:33:40,3283.45,330624
2021-06-14 09:33:41,3285.15,330932
2021-06-14 09:33:42,3285.05,331136
2021-06-14 09:33:44,3284.05,331164
2021-06-14 09:33:45,3284.15,331182
2021-06-14 09:33:46,3283.85,331470
2021-06-14 09:33:47,3284.95,331540
2021-06-14 09:33:48,3284.1,331664
2021-06-14 09:33:49,3284.1,331830
2021-06-14 09:33:50,3285.55,331870
2021-06-14 09:33:50,3284.1,331875
2021-06-14 09:33:51,3281.65,332516
2021-06-14 09:33:53,3284.0,332626
2021-06-14 09:33:54,3283.1,332790
2021-06-14 09:33:55,3283.55,332810
2021-06-14 09:33:56,3284.8,332829
2021-06-14 09:33:57,3284.75,332863
2021-06-14 09:34:00,3284.35,333484
2021-06-14 09:34:01,3284.3,333535
2021-06-14 09:34:02,3284.3,333713
2021-06-14 09:34:03,3284.3,333788
2021-06-14 09:34:03,3284.3,333788
2021-06-14 09:34:04,3284.1,333868
2021-06-14 09:34:05,3284.1,333886
2021-06-14 09:34:06,3283.45,333903
2021-06-14 09:34:09,3283.45,334512
2021-06-14 09:34:10,3284.75,334629
2021-06-14 09:34:11,3283.5,334639
2021-06-14 09:34:13,3285.4,335666
2021-06-14 09:34:15,3285.65,335723
2021-06-14 09:34:16,3285.65,335998
2021-06-14 09:34:17,3286.0,336130
2021-06-14 09:34:18,3285.65,336326
2021-06-14 09:34:19,3285.65,336385
2021-06-14 09:34:19,3286.75,336435
2021-06-14 09:34:21,3285.65,336497
2021-06-14 09:34:22,3285.65,336502
2021-06-14 09:34:23,3286.0,336525
2021-06-14 09:34:25,3287.0,336904
2021-06-14 09:34:26,3285.85,337310
2021-06-14 09:34:27,3285.55,337312
2021-06-14 09:34:28,3285.0,337384
2021-06-14 09:34:29,3285.6,337448
2021-06-14 09:34:30,3285.0,337480
2021-06-14 09:34:31,3285.0,337518
2021-06-14 09:34:32,3285.0,337588
2021-06-14 09:34:33,3285.0,337954
2021-06-14 09:34:34,3284.95,337988
2021-06-14 09:34:35,3284.95,338067
2021-06-14 09:34:36,3284.6,338331
2021-06-14 09:34:37,3284.6,338374
2021-06-14 09:34:38,3284.3,338390
2021-06-14 09:34:39,3283.95,338443
2021-06-14 09:34:41,3282.35,338534
2021-06-14 09:34:42,3281.85,338768
2021-06-14 09:34:43,3283.35,338918
2021-06-14 09:34:44,3283.3,338949
2021-06-14 09:34:45,3282.0,339022
2021-06-14 09:34:46,3281.9,339047
2021-06-14 09:34:47,3283.2,339185
2021-06-14 09:34:48,3282.0,339338
2021-06-14 09:34:49,3282.35,339691
2021-06-14 09:34:50,3283.15,339710
2021-06-14 09:34:51,3283.0,339792
2021-06-14 09:34:52,3284.0,340086
2021-06-14 09:34:53,3283.35,340372
2021-06-14 09:34:54,3283.35,340383
2021-06-14 09:34:55,3284.0,340551
2021-06-14 09:34:56,3282.95,340553
2021-06-14 09:34:57,3284.0,340587
2021-06-14 09:34:58,3284.0,340749
2021-06-14 09:34:59,3284.2,340836
2021-06-14 09:35:00,3284.3,340841
2021-06-14 09:35:01,3284.3,340841
2021-06-14 09:35:02,3285.05,341203
2021-06-14 09:35:02,3285.05,341203
2021-06-14 09:35:03,3284.1,341236
2021-06-14 09:35:04,3284.1,341346
2021-06-14 09:35:06,3285.0,341437
2021-06-14 09:35:07,3285.0,341447
2021-06-14 09:35:08,3284.1,341470
2021-06-14 09:35:09,3284.1,341515
2021-06-14 09:35:10,3284.15,341516
2021-06-14 09:35:11,3284.15,341516
2021-06-14 09:35:12,3284.15,341524
2021-06-14 09:35:13,3285.0,341546
2021-06-14 09:35:15,3285.0,341800
2021-06-14 09:35:16,3284.15,341859
2021-06-14 09:35:17,3284.95,342134
2021-06-14 09:35:18,3284.95,342158
2021-06-14 09:35:19,3285.0,342301
2021-06-14 09:35:20,3285.0,342301
2021-06-14 09:35:21,3284.2,342343
2021-06-14 09:35:22,3285.0,342389
2021-06-14 09:35:23,3285.0,342674
2021-06-14 09:35:24,3285.0,343401
2021-06-14 09:35:25,3286.8,343457
2021-06-14 09:35:26,3286.0,343475
2021-06-14 09:35:27,3286.4,343674
2021-06-14 09:35:28,3286.4,343725
2021-06-14 09:35:29,3286.4,343749
2021-06-14 09:35:30,3287.0,343791
2021-06-14 09:35:31,3286.4,343831
2021-06-14 09:35:32,3287.0,343958
2021-06-14 09:35:33,3287.0,344078
2021-06-14 09:35:34,3287.0,344740
2021-06-14 09:35:35,3286.4,344825
2021-06-14 09:35:36,3287.0,344827
2021-06-14 09:35:39,3286.95,345113
2021-06-14 09:35:41,3287.0,345455
2021-06-14 09:35:42,3287.0,345633
2021-06-14 09:35:43,3287.0,345647
2021-06-14 09:35:44,3286.4,345657
2021-06-14 09:35:45,3286.4,345735
2021-06-14 09:35:46,3286.4,345751
2021-06-14 09:35:47,3287.4,346355
2021-06-14 09:35:48,3287.0,346449
2021-06-14 09:35:50,3286.95,346736
2021-06-14 09:35:51,3286.95,346814
2021-06-14 09:35:52,3287.0,347849
2021-06-14 09:35:53,3285.85,347887
2021-06-14 09:35:54,3287.0,347925
2021-06-14 09:35:55,3287.0,348172
2021-06-14 09:35:56,3287.0,348259
2021-06-14 09:35:57,3287.0,348275
2021-06-14 09:35:58,3287.0,348334
2021-06-14 09:35:59,3287.0,348496
2021-06-14 09:36:00,3287.4,348589
2021-06-14 09:36:01,3287.85,348727
2021-06-14 09:36:03,3287.8,348739
2021-06-14 09:36:04,3288.0,349310
2021-06-14 09:36:05,3287.95,349336
2021-06-14 09:36:06,3287.0,349424
2021-06-14 09:36:08,3288.0,350110
2021-06-14 09:36:09,3287.4,350244
2021-06-14 09:36:10,3288.0,350254
2021-06-14 09:36:11,3287.4,350340
2021-06-14 09:36:12,3288.0,350382
2021-06-14 09:36:13,3288.0,351059
2021-06-14 09:36:14,3288.0,351086
2021-06-14 09:36:15,3287.7,351096
2021-06-14 09:36:15,3287.7,351097
2021-06-14 09:36:16,3287.7,351245
2021-06-14 09:36:19,3288.0,351825
2021-06-14 09:36:21,3288.0,352874
2021-06-14 09:36:22,3287.85,352906
2021-06-14 09:36:23,3287.85,352910
2021-06-14 09:36:24,3288.0,353007
2021-06-14 09:36:25,3288.55,353184
2021-06-14 09:36:26,3288.2,353922
2021-06-14 09:36:27,3287.7,353994
2021-06-14 09:36:28,3287.7,354043
2021-06-14 09:36:29,3288.6,354185
2021-06-14 09:36:30,3286.8,354234
2021-06-14 09:36:31,3288.0,354268
2021-06-14 09:36:32,3288.0,354269
2021-06-14 09:36:33,3288.0,354334
2021-06-14 09:36:34,3288.15,354466
2021-06-14 09:36:35,3287.8,354472
2021-06-14 09:36:36,3288.15,354617
2021-06-14 09:36:37,3287.8,354628
2021-06-14 09:36:38,3287.7,354699
2021-06-14 09:36:39,3286.0,355042
2021-06-14 09:36:41,3286.15,355107
2021-06-14 09:36:42,3287.35,355122
2021-06-14 09:36:43,3287.35,355139
2021-06-14 09:36:44,3286.15,355153
2021-06-14 09:36:45,3286.15,355153
2021-06-14 09:36:46,3286.0,355293
2021-06-14 09:36:47,3286.8,355313
2021-06-14 09:36:48,3286.0,355336
2021-06-14 09:36:49,3286.0,355336
2021-06-14 09:36:50,3286.0,355351
2021-06-14 09:36:51,3286.0,355367
2021-06-14 09:36:52,3285.35,355433
2021-06-14 09:36:53,3286.75,355469
2021-06-14 09:36:54,3286.0,355558
2021-06-14 09:36:55,3286.75,355613
2021-06-14 09:36:56,3286.75,355714
2021-06-14 09:36:57,3286.75,355716
2021-06-14 09:36:58,3286.0,355856
2021-06-14 09:36:59,3286.0,355862
2021-06-14 09:37:00,3286.0,355882
2021-06-14 09:37:01,3286.8,356246
2021-06-14 09:37:02,3286.0,356258
2021-06-14 09:37:03,3286.8,356359
2021-06-14 09:37:04,3286.8,356619
2021-06-14 09:37:05,3286.1,356716
2021-06-14 09:37:07,3286.05,356755
2021-06-14 09:37:08,3287.45,356928
2021-06-14 09:37:09,3286.05,356943
2021-06-14 09:37:10,3287.0,356961
2021-06-14 09:37:12,3286.05,357741
2021-06-14 09:37:11,3286.05,357741
2021-06-14 09:37:13,3286.05,358172
2021-06-14 09:37:14,3286.1,358173
2021-06-14 09:37:15,3285.95,358175
2021-06-14 09:37:16,3285.95,358206
2021-06-14 09:37:17,3286.85,358261
2021-06-14 09:37:18,3285.4,358444
2021-06-14 09:37:19,3285.0,358552
2021-06-14 09:37:20,3285.95,358618
2021-06-14 09:37:21,3285.0,358733
2021-06-14 09:37:22,3286.1,358833
2021-06-14 09:37:23,3285.2,358890
2021-06-14 09:37:24,3285.2,358890
2021-06-14 09:37:25,3285.0,359290
2021-06-14 09:37:26,3285.0,359320
2021-06-14 09:37:27,3285.0,359325
2021-06-14 09:37:28,3285.0,359357
2021-06-14 09:37:29,3286.0,359362
2021-06-14 09:37:30,3284.9,359766
2021-06-14 09:37:31,3284.65,359995
2021-06-14 09:37:32,3283.9,360090
2021-06-14 09:37:33,3283.85,360129
2021-06-14 09:37:34,3283.85,360136
2021-06-14 09:37:35,3283.85,360143
2021-06-14 09:37:36,3283.25,360145
2021-06-14 09:37:37,3283.7,360371
2021-06-14 09:37:38,3283.7,360441
2021-06-14 09:37:39,3283.0,360450
2021-06-14 09:37:40,3283.0,360483
2021-06-14 09:37:41,3283.8,360690
2021-06-14 09:37:42,3283.0,360695
2021-06-14 09:37:43,3283.8,360699
2021-06-14 09:37:44,3283.85,361160
2021-06-14 09:37:45,3283.85,361160
2021-06-14 09:37:46,3283.8,361179
2021-06-14 09:37:47,3283.8,361229
2021-06-14 09:37:48,3283.85,361351
2021-06-14 09:37:49,3283.8,361356
2021-06-14 09:37:50,3283.8,361373
2021-06-14 09:37:51,3283.8,361396
2021-06-14 09:37:52,3285.0,361512
2021-06-14 09:37:53,3285.0,361512
2021-06-14 09:37:54,3285.0,361611
2021-06-14 09:37:55,3284.1,361658
2021-06-14 09:37:56,3284.95,361691
2021-06-14 09:37:57,3284.95,361694
2021-06-14 09:37:58,3284.1,361727
2021-06-14 09:37:59,3284.1,361727
2021-06-14 09:38:00,3284.95,361833
2021-06-14 09:38:01,3284.8,361883
2021-06-14 09:38:02,3284.1,362081
2021-06-14 09:38:03,3284.1,362081
2021-06-14 09:38:04,3284.1,362433
2021-06-14 09:38:05,3284.55,362449
2021-06-14 09:38:06,3284.55,362449
2021-06-14 09:38:07,3284.55,362456
2021-06-14 09:38:08,3284.0,363008
2021-06-14 09:38:09,3283.0,363026
2021-06-14 09:38:10,3283.8,363034
2021-06-14 09:38:11,3283.9,363057
2021-06-14 09:38:12,3283.0,363144
2021-06-14 09:38:13,3282.2,363149
2021-06-14 09:38:14,3283.05,363406
2021-06-14 09:38:15,3283.05,363488
2021-06-14 09:38:16,3283.05,363518
2021-06-14 09:38:17,3283.05,363519
2021-06-14 09:38:18,3283.0,363565
2021-06-14 09:38:19,3283.0,363567
2021-06-14 09:38:20,3282.3,363593
2021-06-14 09:38:21,3281.8,364236
2021-06-14 09:38:22,3282.8,364248
2021-06-14 09:38:23,3282.15,364272
2021-06-14 09:38:24,3282.15,364379
2021-06-14 09:38:25,3281.8,364417
2021-06-14 09:38:27,3281.8,364441
2021-06-14 09:38:28,3282.0,364504
2021-06-14 09:38:29,3281.8,364550
2021-06-14 09:38:30,3281.8,364563
2021-06-14 09:38:32,3282.0,364782
2021-06-14 09:38:33,3282.15,364783
2021-06-14 09:38:34,3282.15,364783
2021-06-14 09:38:35,3283.0,365342
2021-06-14 09:38:37,3282.7,365625
2021-06-14 09:38:38,3282.7,365772
2021-06-14 09:38:39,3283.9,365886
2021-06-14 09:38:40,3282.7,365976
2021-06-14 09:38:41,3284.0,366060
2021-06-14 09:38:42,3284.0,366075
2021-06-14 09:38:43,3283.05,366107
2021-06-14 09:38:44,3283.05,366232
2021-06-14 09:38:45,3284.0,366234
2021-06-14 09:38:46,3283.15,366356
2021-06-14 09:38:47,3283.15,366391
2021-06-14 09:38:48,3284.0,366464
2021-06-14 09:38:49,3283.3,366469
2021-06-14 09:38:51,3283.3,366474
2021-06-14 09:38:52,3284.0,366529
2021-06-14 09:38:52,3284.0,366529
2021-06-14 09:38:53,3283.3,366561
2021-06-14 09:38:54,3283.7,366762
2021-06-14 09:38:55,3283.7,366762
2021-06-14 09:38:56,3283.7,366868
2021-06-14 09:38:57,3283.7,366868
2021-06-14 09:39:00,3284.0,367310
2021-06-14 09:39:01,3284.95,367506
2021-06-14 09:39:02,3283.9,367518
2021-06-14 09:39:03,3283.5,367555
2021-06-14 09:39:04,3283.5,367576
2021-06-14 09:39:06,3283.7,367626
2021-06-14 09:39:07,3283.65,367828
2021-06-14 09:39:08,3283.65,367843
2021-06-14 09:39:08,3283.7,367983
2021-06-14 09:39:09,3284.0,368030
2021-06-14 09:39:10,3284.0,368035
2021-06-14 09:39:11,3284.0,368194
2021-06-14 09:39:12,3284.0,368222
2021-06-14 09:39:13,3284.0,368437
2021-06-14 09:39:14,3284.0,368555
2021-06-14 09:39:15,3284.65,368775
2021-06-14 09:39:16,3284.65,368870
2021-06-14 09:39:17,3284.65,368900
2021-06-14 09:39:18,3284.65,368900
2021-06-14 09:39:19,3284.95,368959
2021-06-14 09:39:20,3284.65,369259
2021-06-14 09:39:21,3284.65,370184
2021-06-14 09:39:22,3284.9,370750
2021-06-14 09:39:23,3284.9,370750
2021-06-14 09:39:24,3284.8,370804
2021-06-14 09:39:25,3284.65,370810
2021-06-14 09:39:26,3284.8,370811
2021-06-14 09:39:27,3284.8,370944
2021-06-14 09:39:28,3284.65,371002
2021-06-14 09:39:29,3284.8,371052
2021-06-14 09:39:30,3284.65,371091
2021-06-14 09:39:31,3284.65,371091
2021-06-14 09:39:32,3284.25,371212
2021-06-14 09:39:33,3284.65,371235
2021-06-14 09:39:37,3284.0,371403
2021-06-14 09:39:38,3284.65,371443
2021-06-14 09:39:39,3284.65,371446
2021-06-14 09:39:40,3284.0,371451
2021-06-14 09:39:41,3284.0,371491
2021-06-14 09:39:43,3284.5,371641
2021-06-14 09:39:44,3284.0,371684
2021-06-14 09:39:46,3283.5,371819
2021-06-14 09:39:47,3283.0,372463
2021-06-14 09:39:48,3283.4,372524
2021-06-14 09:39:49,3283.4,372548
2021-06-14 09:39:50,3283.0,372624
2021-06-14 09:39:51,3285.0,374963
2021-06-14 09:39:53,3285.15,377129
2021-06-14 09:39:54,3288.0,379594
2021-06-14 09:39:55,3288.0,379602
2021-06-14 09:39:56,3286.65,379607
2021-06-14 09:39:57,3286.3,379608
2021-06-14 09:39:58,3287.65,379613
2021-06-14 09:39:59,3287.25,379814
2021-06-14 09:40:00,3285.9,379832
2021-06-14 09:40:01,3285.9,379850
2021-06-14 09:40:03,3286.95,380625
2021-06-14 09:40:04,3288.0,380673
2021-06-14 09:40:05,3288.5,380807
2021-06-14 09:40:07,3287.3,380963
2021-06-14 09:40:08,3288.8,381905
2021-06-14 09:40:09,3288.8,381955
2021-06-14 09:40:10,3288.95,382006
2021-06-14 09:40:11,3288.8,382074
2021-06-14 09:40:12,3288.8,382202
2021-06-14 09:40:13,3286.65,382345
2021-06-14 09:40:14,3287.45,382355
2021-06-14 09:40:15,3287.45,382363
2021-06-14 09:40:16,3285.6,382674
2021-06-14 09:40:17,3286.6,382689
2021-06-14 09:40:18,3287.3,382824
2021-06-14 09:40:19,3287.3,382825
2021-06-14 09:40:22,3288.0,382950
2021-06-14 09:40:23,3288.1,383113
2021-06-14 09:40:25,3287.85,383268
2021-06-14 09:40:25,3287.85,383268
2021-06-14 09:40:26,3287.8,383279
2021-06-14 09:40:27,3286.15,383369
2021-06-14 09:40:28,3286.1,383679
2021-06-14 09:40:29,3287.45,383683
2021-06-14 09:40:30,3286.35,383688
2021-06-14 09:40:31,3286.0,383889
2021-06-14 09:40:32,3288.0,384663
2021-06-14 09:40:33,3288.65,384719
2021-06-14 09:40:34,3288.7,384720
2021-06-14 09:40:35,3288.0,384755
2021-06-14 09:40:36,3288.0,384842
2021-06-14 09:40:37,3288.7,384872
2021-06-14 09:40:38,3288.1,384883
2021-06-14 09:40:40,3289.3,385300
2021-06-14 09:40:41,3289.3,385300
2021-06-14 09:40:41,3289.6,385449
2021-06-14 09:40:43,3289.85,385648
2021-06-14 09:40:44,3289.55,385698
2021-06-14 09:40:45,3289.85,385699
2021-06-14 09:40:48,3290.0,387061
2021-06-14 09:40:49,3289.85,387176
2021-06-14 09:40:50,3289.5,387467
2021-06-14 09:40:51,3290.0,387808
2021-06-14 09:40:51,3290.0,387905
2021-06-14 09:40:53,3289.5,387927
2021-06-14 09:40:53,3289.85,387928
2021-06-14 09:40:54,3289.85,387970
2021-06-14 09:40:55,3289.85,387982
2021-06-14 09:40:56,3289.5,387991
2021-06-14 09:40:57,3289.85,388301
2021-06-14 09:40:58,3289.5,388568
2021-06-14 09:41:01,3289.75,388684
2021-06-14 09:41:02,3289.5,388688
2021-06-14 09:41:03,3289.5,388714
2021-06-14 09:41:04,3289.0,388779
2021-06-14 09:41:05,3289.5,388781
2021-06-14 09:41:06,3289.5,388846
2021-06-14 09:41:07,3289.0,388904
2021-06-14 09:41:07,3288.95,388909
2021-06-14 09:41:08,3289.0,388935
2021-06-14 09:41:10,3288.0,388959
2021-06-14 09:41:10,3289.0,388996
2021-06-14 09:41:11,3289.0,389067
2021-06-14 09:41:12,3289.0,389077
2021-06-14 09:41:13,3288.35,389192
2021-06-14 09:41:15,3288.6,389206
2021-06-14 09:41:15,3288.6,389226
2021-06-14 09:41:16,3289.0,389230
2021-06-14 09:41:18,3288.6,389257
2021-06-14 09:41:18,3289.0,389325
2021-06-14 09:41:19,3288.55,389459
2021-06-14 09:41:20,3289.0,389469
2021-06-14 09:41:22,3289.0,389724
2021-06-14 09:41:22,3288.45,389728
2021-06-14 09:41:24,3288.4,389837
2021-06-14 09:41:25,3288.3,389920
2021-06-14 09:41:26,3289.0,390170
2021-06-14 09:41:26,3289.0,390162
2021-06-14 09:41:28,3289.0,390234
2021-06-14 09:41:28,3289.0,390284
2021-06-14 09:41:30,3289.0,390296
2021-06-14 09:41:31,3289.0,390326
2021-06-14 09:41:32,3288.45,390415
2021-06-14 09:41:33,3288.45,390416
2021-06-14 09:41:33,3288.45,390416
2021-06-14 09:41:34,3289.0,390478
2021-06-14 09:41:35,3288.45,390479
2021-06-14 09:41:36,3288.5,390598
2021-06-14 09:41:37,3288.5,390716
2021-06-14 09:41:38,3288.5,390768
2021-06-14 09:41:39,3288.05,390784
2021-06-14 09:41:41,3288.05,390784
2021-06-14 09:41:41,3288.05,390911
2021-06-14 09:41:42,3288.0,390921
2021-06-14 09:41:43,3288.0,390936
2021-06-14 09:41:44,3288.5,390947
2021-06-14 09:41:45,3288.0,390948
2021-06-14 09:41:47,3288.0,390950
2021-06-14 09:41:48,3288.05,391073
2021-06-14 09:41:49,3288.05,391085
2021-06-14 09:41:51,3288.0,391285
2021-06-14 09:41:52,3288.05,391300
2021-06-14 09:41:53,3288.05,391331
2021-06-14 09:41:54,3288.05,391332
2021-06-14 09:41:55,3288.0,391339
2021-06-14 09:41:56,3288.05,391359
2021-06-14 09:41:57,3288.05,391359
2021-06-14 09:41:58,3288.05,391495
2021-06-14 09:41:59,3286.8,392302
2021-06-14 09:42:01,3286.7,392393
2021-06-14 09:42:01,3286.75,392418
2021-06-14 09:42:02,3285.3,392422
2021-06-14 09:42:03,3286.7,392455
2021-06-14 09:42:04,3285.3,392489
2021-06-14 09:42:05,3285.3,392489
2021-06-14 09:42:06,3286.7,392494
2021-06-14 09:42:07,3286.7,392510
2021-06-14 09:42:08,3286.7,392511
2021-06-14 09:42:09,3285.35,392514
2021-06-14 09:42:10,3285.35,392514
2021-06-14 09:42:11,3286.7,392964
2021-06-14 09:42:13,3286.7,393064
2021-06-14 09:42:14,3286.7,393074
2021-06-14 09:42:15,3286.7,393074
2021-06-14 09:42:16,3286.7,393118
2021-06-14 09:42:17,3285.45,393144
2021-06-14 09:42:19,3286.25,393168
2021-06-14 09:42:20,3286.25,393200
2021-06-14 09:42:21,3286.25,393217
2021-06-14 09:42:22,3286.25,393245
2021-06-14 09:42:24,3286.7,393254
2021-06-14 09:42:25,3286.25,393255
2021-06-14 09:42:27,3285.5,393291
2021-06-14 09:42:28,3286.0,393301
2021-06-14 09:42:29,3286.25,393303
2021-06-14 09:42:30,3286.0,393305
2021-06-14 09:42:31,3286.0,393305
2021-06-14 09:42:32,3286.25,393325
2021-06-14 09:42:33,3286.0,393329
2021-06-14 09:42:33,3286.0,393334
2021-06-14 09:42:35,3286.0,393364
2021-06-14 09:42:35,3286.0,393366
2021-06-14 09:42:38,3286.25,393534
2021-06-14 09:42:38,3286.0,393539
2021-06-14 09:42:39,3286.0,393539
2021-06-14 09:42:40,3286.0,393541
2021-06-14 09:42:41,3286.25,393546
2021-06-14 09:42:42,3286.0,393551
2021-06-14 09:42:43,3286.0,393556
2021-06-14 09:42:44,3286.25,393575
2021-06-14 09:42:45,3286.0,393695
2021-06-14 09:42:46,3286.0,393916
2021-06-14 09:42:48,3286.25,393943
2021-06-14 09:42:49,3286.0,393964
2021-06-14 09:42:50,3286.0,393987
2021-06-14 09:42:51,3286.25,394017
2021-06-14 09:42:52,3286.0,394027
2021-06-14 09:42:53,3286.25,394085
2021-06-14 09:42:53,3286.0,394081
2021-06-14 09:42:54,3286.25,394085
2021-06-14 09:42:55,3286.0,394089
2021-06-14 09:42:57,3286.25,394105
2021-06-14 09:42:58,3286.0,394917
2021-06-14 09:42:59,3286.0,394917
2021-06-14 09:43:00,3286.25,395042
2021-06-14 09:43:02,3286.0,395082
2021-06-14 09:43:03,3286.0,395115
2021-06-14 09:43:05,3286.25,395147
2021-06-14 09:43:06,3285.6,397346
2021-06-14 09:43:06,3285.6,397346
2021-06-14 09:43:07,3285.6,397346
2021-06-14 09:43:09,3284.7,398763
2021-06-14 09:43:10,3284.05,398810
2021-06-14 09:43:11,3284.65,398835
2021-06-14 09:43:12,3284.0,398838
2021-06-14 09:43:13,3284.0,398870
2021-06-14 09:43:14,3284.0,398904
2021-06-14 09:43:15,3284.0,398912
2021-06-14 09:43:16,3284.0,398964
2021-06-14 09:43:16,3284.0,398964
2021-06-14 09:43:18,3284.6,399702
2021-06-14 09:43:19,3284.1,400325
2021-06-14 09:43:20,3284.1,400325
2021-06-14 09:43:21,3285.2,401951
2021-06-14 09:43:21,3286.0,401954
2021-06-14 09:43:23,3285.1,402005
2021-06-14 09:43:24,3286.0,402023
2021-06-14 09:43:25,3286.0,402023
2021-06-14 09:43:26,3286.0,402023
2021-06-14 09:43:27,3285.1,402028
2021-06-14 09:43:28,3285.1,402028
2021-06-14 09:43:29,3285.0,402228
2021-06-14 09:43:30,3285.0,402251
2021-06-14 09:43:30,3285.0,402251
2021-06-14 09:43:31,3286.0,402276
2021-06-14 09:43:32,3286.0,402282
2021-06-14 09:43:33,3286.0,402299
2021-06-14 09:43:34,3285.0,402308
2021-06-14 09:43:35,3285.0,402310
2021-06-14 09:43:38,3284.9,402752
2021-06-14 09:43:39,3284.85,402802
2021-06-14 09:43:40,3284.85,402803
2021-06-14 09:43:41,3285.0,402807
2021-06-14 09:43:42,3285.1,402832
2021-06-14 09:43:44,3284.2,402842
2021-06-14 09:43:45,3284.1,402847
2021-06-14 09:43:46,3284.1,402850
2021-06-14 09:43:47,3284.1,402852
2021-06-14 09:43:49,3285.0,402893
2021-06-14 09:43:50,3285.0,402935
2021-06-14 09:43:51,3285.0,402935
2021-06-14 09:43:52,3285.05,403102
2021-06-14 09:43:53,3285.05,403102
2021-06-14 09:43:54,3285.0,403228
2021-06-14 09:43:55,3284.2,403280
2021-06-14 09:43:56,3284.8,403307
2021-06-14 09:43:57,3284.2,403392
2021-06-14 09:43:58,3284.15,403870
2021-06-14 09:43:59,3283.45,404839
2021-06-14 09:44:00,3283.45,404846
2021-06-14 09:44:01,3283.0,404905
2021-06-14 09:44:02,3283.2,404906
2021-06-14 09:44:03,3283.0,404926
2021-06-14 09:44:04,3283.0,404940
2021-06-14 09:44:05,3283.0,404940
2021-06-14 09:44:06,3283.2,405096
2021-06-14 09:44:07,3283.2,405096
2021-06-14 09:44:08,3283.0,405129
2021-06-14 09:44:09,3283.0,405220
2021-06-14 09:44:10,3283.15,405225
2021-06-14 09:44:11,3282.6,405289
2021-06-14 09:44:12,3282.15,405449
2021-06-14 09:44:13,3282.85,405512
2021-06-14 09:44:14,3282.85,405512
2021-06-14 09:44:15,3282.0,405551
2021-06-14 09:44:16,3282.85,405558
2021-06-14 09:44:17,3282.85,405558
2021-06-14 09:44:18,3282.85,405582
2021-06-14 09:44:19,3282.0,405652
2021-06-14 09:44:20,3282.85,405662
2021-06-14 09:44:21,3282.85,405696
2021-06-14 09:44:22,3282.0,405745
2021-06-14 09:44:27,3282.75,406169
2021-06-14 09:44:28,3282.35,406183
2021-06-14 09:44:29,3282.65,406210
2021-06-14 09:44:30,3282.65,406210
2021-06-14 09:44:31,3284.25,406340
2021-06-14 09:44:33,3284.0,406446
2021-06-14 09:44:33,3283.05,406447
2021-06-14 09:44:35,3284.0,406496
2021-06-14 09:44:36,3283.1,406556
2021-06-14 09:44:37,3284.0,406560
2021-06-14 09:44:38,3284.5,406590
2021-06-14 09:44:39,3283.05,406593
2021-06-14 09:44:40,3283.1,406602
2021-06-14 09:44:41,3283.1,406670
2021-06-14 09:44:42,3283.1,406683
2021-06-14 09:44:43,3283.1,406752
2021-06-14 09:44:44,3283.1,406818
2021-06-14 09:44:45,3283.1,406828
2021-06-14 09:44:46,3283.4,406878
2021-06-14 09:44:47,3283.4,406902
2021-06-14 09:44:48,3283.85,407002
2021-06-14 09:44:49,3283.45,407052
2021-06-14 09:44:50,3283.05,407334
2021-06-14 09:44:51,3283.0,407434
2021-06-14 09:44:52,3283.1,407489
2021-06-14 09:44:53,3283.05,407496
2021-06-14 09:44:53,3283.05,407499
2021-06-14 09:44:55,3282.0,407590
2021-06-14 09:44:57,3283.05,407786
2021-06-14 09:44:58,3283.05,407786
2021-06-14 09:44:59,3282.0,407791
2021-06-14 09:45:00,3282.0,407800
2021-06-14 09:45:04,3281.5,408964
2021-06-14 09:45:05,3281.5,409014
2021-06-14 09:45:06,3281.5,409014
2021-06-14 09:45:09,3282.35,409321
2021-06-14 09:45:09,3281.0,409583
2021-06-14 09:45:10,3282.25,409585
2021-06-14 09:45:11,3281.0,409594
2021-06-14 09:45:12,3281.0,409638
2021-06-14 09:45:13,3281.0,409797
2021-06-14 09:45:15,3281.0,409885
2021-06-14 09:45:16,3281.0,409925
2021-06-14 09:45:17,3281.75,409941
2021-06-14 09:45:18,3281.75,410113
2021-06-14 09:45:19,3281.75,410114
2021-06-14 09:45:20,3281.75,410114
2021-06-14 09:45:21,3280.4,410173
2021-06-14 09:45:23,3280.4,410204
2021-06-14 09:45:24,3282.35,411124
2021-06-14 09:45:25,3282.3,411144
2021-06-14 09:45:26,3282.3,411286
2021-06-14 09:45:27,3282.3,411286
2021-06-14 09:45:28,3283.0,411297
2021-06-14 09:45:29,3283.0,411297
2021-06-14 09:45:30,3283.0,411307
2021-06-14 09:45:31,3283.0,411307
2021-06-14 09:45:33,3283.0,411405
2021-06-14 09:45:35,3283.0,411471
2021-06-14 09:45:36,3283.0,411471
2021-06-14 09:45:40,3283.0,411515
2021-06-14 09:45:41,3283.0,411560
2021-06-14 09:45:42,3283.0,411762
2021-06-14 09:45:43,3282.7,411782
2021-06-14 09:45:44,3284.4,411845
2021-06-14 09:45:45,3284.4,411845
2021-06-14 09:45:46,3284.4,411845
2021-06-14 09:45:47,3284.4,411845
2021-06-14 09:45:48,3284.85,411908
2021-06-14 09:45:49,3284.85,411923
2021-06-14 09:45:50,3285.0,411973
2021-06-14 09:45:51,3284.35,411998
2021-06-14 09:45:52,3285.0,412161
2021-06-14 09:45:53,3285.0,412193
2021-06-14 09:45:54,3284.85,412242
2021-06-14 09:45:56,3284.85,412278
2021-06-14 09:45:57,3285.0,412318
2021-06-14 09:45:58,3284.85,412375
2021-06-14 09:45:59,3285.05,412380
2021-06-14 09:46:01,3284.85,412382
2021-06-14 09:46:02,3284.85,412382
2021-06-14 09:46:03,3285.0,412463
2021-06-14 09:46:04,3284.85,412713
2021-06-14 09:46:05,3285.0,412778
2021-06-14 09:46:06,3285.0,412778
2021-06-14 09:46:07,3285.0,412782
2021-06-14 09:46:08,3285.0,412911
2021-06-14 09:46:08,3285.0,412911
2021-06-14 09:46:09,3285.0,412942
2021-06-14 09:46:11,3285.0,412977
2021-06-14 09:46:12,3283.75,413177
2021-06-14 09:46:13,3283.75,413177
2021-06-14 09:46:14,3285.0,413183
2021-06-14 09:46:15,3285.0,413238
2021-06-14 09:46:16,3284.85,413278
2021-06-14 09:46:17,3284.85,413278
2021-06-14 09:46:18,3284.85,413278
2021-06-14 09:46:19,3284.85,413296
2021-06-14 09:46:20,3284.85,413296
2021-06-14 09:46:21,3284.85,413296
2021-06-14 09:46:22,3285.0,413398
2021-06-14 09:46:23,3284.95,413399
2021-06-14 09:46:24,3284.95,413419
2021-06-14 09:46:25,3284.95,413419
2021-06-14 09:46:26,3284.65,413940
2021-06-14 09:46:27,3284.65,413996
2021-06-14 09:46:28,3284.6,413997
2021-06-14 09:46:29,3284.6,414022
2021-06-14 09:46:31,3283.0,414445
2021-06-14 09:46:32,3283.0,414445
2021-06-14 09:46:33,3282.05,414451
2021-06-14 09:46:35,3282.05,414464
2021-06-14 09:46:36,3283.0,414582
2021-06-14 09:46:37,3283.0,414583
2021-06-14 09:46:38,3283.5,415537
2021-06-14 09:46:38,3283.85,415647
2021-06-14 09:46:43,3282.05,416100
2021-06-14 09:46:44,3282.0,416110
2021-06-14 09:46:45,3283.0,416120
2021-06-14 09:46:46,3283.65,416123
2021-06-14 09:46:47,3283.6,416140
2021-06-14 09:46:48,3283.6,416140
2021-06-14 09:46:48,3283.6,416140
2021-06-14 09:46:49,3283.65,416150
2021-06-14 09:46:51,3283.65,416150
2021-06-14 09:46:51,3283.65,416150
2021-06-14 09:46:54,3282.85,416169
2021-06-14 09:46:55,3282.55,416187
2021-06-14 09:46:57,3283.65,416307
2021-06-14 09:46:56,3283.65,416303
2021-06-14 09:46:58,3283.65,416307
2021-06-14 09:46:59,3282.95,416520
2021-06-14 09:47:00,3283.65,416540
2021-06-14 09:47:01,3284.0,416736
2021-06-14 09:47:02,3283.3,416756
2021-06-14 09:47:04,3284.55,416759
2021-06-14 09:47:05,3283.65,416760
2021-06-14 09:47:06,3283.65,416760
2021-06-14 09:47:07,3283.65,416766
2021-06-14 09:47:09,3283.65,416806
2021-06-14 09:47:08,3283.65,416768
2021-06-14 09:47:10,3283.65,416916
2021-06-14 09:47:12,3283.65,416940
2021-06-14 09:47:14,3284.45,416984
2021-06-14 09:47:15,3284.45,416984
2021-06-14 09:47:16,3283.65,417252
2021-06-14 09:47:17,3284.4,417259
2021-06-14 09:47:18,3284.4,417259
2021-06-14 09:47:19,3284.4,417259
2021-06-14 09:47:20,3284.4,417259
2021-06-14 09:47:21,3284.0,417260
2021-06-14 09:47:22,3283.0,417561
2021-06-14 09:47:23,3283.0,417562
2021-06-14 09:47:24,3283.0,417602
2021-06-14 09:47:25,3283.0,417602
2021-06-14 09:47:26,3283.0,417605
2021-06-14 09:47:27,3283.0,417605
2021-06-14 09:47:28,3283.15,418098
2021-06-14 09:47:29,3283.15,418098
2021-06-14 09:47:30,3283.3,418103
2021-06-14 09:47:31,3283.65,418104
2021-06-14 09:47:32,3283.65,418111
2021-06-14 09:47:33,3283.3,418172
2021-06-14 09:47:34,3283.3,418185
2021-06-14 09:47:35,3283.65,418481
2021-06-14 09:47:36,3283.65,418481
2021-06-14 09:47:37,3283.65,418481
2021-06-14 09:47:38,3284.0,418516
2021-06-14 09:47:39,3283.0,418554
2021-06-14 09:47:40,3283.0,418554
2021-06-14 09:47:41,3282.55,418612
2021-06-14 09:47:42,3284.0,418681
2021-06-14 09:47:43,3283.25,418808
2021-06-14 09:47:44,3283.3,418879
2021-06-14 09:47:45,3284.8,418910
2021-06-14 09:47:46,3284.8,418910
2021-06-14 09:47:47,3284.8,418915
2021-06-14 09:47:49,3284.05,419053
2021-06-14 09:47:50,3285.0,419054
2021-06-14 09:47:51,3285.0,419058
2021-06-14 09:47:52,3284.65,419059
2021-06-14 09:47:53,3284.65,419069
2021-06-14 09:47:54,3284.65,419072
2021-06-14 09:47:55,3284.65,419072
2021-06-14 09:47:56,3284.0,419351
2021-06-14 09:47:57,3284.65,419362
2021-06-14 09:47:58,3284.0,419369
2021-06-14 09:47:59,3284.0,419369
2021-06-14 09:48:00,3284.65,419376
2021-06-14 09:48:01,3284.65,419376
2021-06-14 09:48:02,3284.65,419376
2021-06-14 09:48:03,3284.65,419376
2021-06-14 09:48:04,3284.65,419376
2021-06-14 09:48:05,3284.65,419378
2021-06-14 09:48:07,3284.65,419379
2021-06-14 09:48:08,3284.65,419402
2021-06-14 09:48:10,3284.0,419442
2021-06-14 09:48:09,3284.0,419442
2021-06-14 09:48:11,3284.0,419442
2021-06-14 09:48:12,3284.0,419442
2021-06-14 09:48:13,3284.0,419543
2021-06-14 09:48:14,3283.95,419937
2021-06-14 09:48:15,3283.9,419947
2021-06-14 09:48:16,3283.9,419948
2021-06-14 09:48:17,3283.9,419999
2021-06-14 09:48:18,3283.95,420146
2021-06-14 09:48:19,3283.95,420147
2021-06-14 09:48:20,3283.1,420247
2021-06-14 09:48:21,3285.0,420882
2021-06-14 09:48:22,3284.05,420917
2021-06-14 09:48:23,3285.0,421039
2021-06-14 09:48:24,3284.05,421044
2021-06-14 09:48:25,3284.05,421044
2021-06-14 09:48:28,3284.05,421073
2021-06-14 09:48:29,3284.05,421073
2021-06-14 09:48:30,3284.05,421121
2021-06-14 09:48:31,3284.25,422547
2021-06-14 09:48:32,3285.0,422558
2021-06-14 09:48:33,3285.0,422893
2021-06-14 09:48:34,3284.25,422900
2021-06-14 09:48:35,3284.25,422901
2021-06-14 09:48:36,3284.25,422901
2021-06-14 09:48:37,3285.0,422903
2021-06-14 09:48:38,3285.0,422903
2021-06-14 09:48:39,3284.35,422928
2021-06-14 09:48:40,3285.0,422935
2021-06-14 09:48:41,3285.05,422990
2021-06-14 09:48:43,3285.95,423042
2021-06-14 09:48:44,3285.95,423042
2021-06-14 09:48:45,3285.95,423042
2021-06-14 09:48:46,3285.95,423042
2021-06-14 09:48:47,3285.95,423042
2021-06-14 09:48:49,3285.1,424726
2021-06-14 09:48:50,3285.1,424743
2021-06-14 09:48:51,3286.0,424746
2021-06-14 09:48:52,3286.0,424747
2021-06-14 09:48:53,3286.0,424747
2021-06-14 09:48:54,3285.1,424767
2021-06-14 09:48:55,3285.1,424767
2021-06-14 09:48:56,3285.1,424769
2021-06-14 09:48:57,3285.1,424794
2021-06-14 09:48:58,3285.1,424840
2021-06-14 09:48:59,3285.1,424865
2021-06-14 09:49:00,3285.95,424898
2021-06-14 09:49:01,3286.25,424924
2021-06-14 09:49:02,3286.25,424976
2021-06-14 09:49:03,3288.05,426301
2021-06-14 09:49:04,3287.5,426332
2021-06-14 09:49:05,3287.55,426407
2021-06-14 09:49:06,3287.45,426408
2021-06-14 09:49:07,3288.5,426423
2021-06-14 09:49:08,3287.45,426424
2021-06-14 09:49:09,3287.45,426424
2021-06-14 09:49:10,3288.0,426438
2021-06-14 09:49:11,3288.0,426439
2021-06-14 09:49:13,3288.0,426444
2021-06-14 09:49:13,3288.0,426444
2021-06-14 09:49:15,3288.0,426716
2021-06-14 09:49:16,3288.0,426719
2021-06-14 09:49:17,3288.0,426719
2021-06-14 09:49:18,3288.0,428013
2021-06-14 09:49:20,3288.0,428122
2021-06-14 09:49:21,3288.5,428147
2021-06-14 09:49:22,3288.5,428147
2021-06-14 09:49:23,3288.0,428157
2021-06-14 09:49:24,3288.5,428253
2021-06-14 09:49:26,3288.0,428323
2021-06-14 09:49:27,3288.5,428325
2021-06-14 09:49:29,3288.25,428535
2021-06-14 09:49:31,3287.7,428816
2021-06-14 09:49:33,3289.15,432572
2021-06-14 09:49:33,3289.9,432561
2021-06-14 09:49:34,3289.0,432772
2021-06-14 09:49:35,3289.2,432803
2021-06-14 09:49:36,3288.95,432844
2021-06-14 09:49:38,3288.65,433016
2021-06-14 09:49:39,3288.65,433028
2021-06-14 09:49:41,3289.2,433207
2021-06-14 09:49:43,3288.85,433249
2021-06-14 09:49:44,3289.2,433326
2021-06-14 09:49:45,3290.0,433895
2021-06-14 09:49:46,3289.2,434006
2021-06-14 09:49:47,3290.0,434090
2021-06-14 09:49:49,3290.0,434206
2021-06-14 09:49:50,3289.25,434216
2021-06-14 09:49:51,3290.0,434222
2021-06-14 09:49:51,3290.0,434247
2021-06-14 09:49:52,3290.0,434308
2021-06-14 09:49:53,3290.0,434406
2021-06-14 09:49:54,3289.15,434488
2021-06-14 09:49:55,3289.55,434510
2021-06-14 09:49:56,3289.15,434538
2021-06-14 09:49:57,3290.0,434640
2021-06-14 09:49:58,3289.2,434674
2021-06-14 09:50:00,3290.0,434695
2021-06-14 09:50:00,3290.0,434765
2021-06-14 09:50:01,3291.0,434981
2021-06-14 09:50:02,3291.0,434989
2021-06-14 09:50:03,3291.0,435320
2021-06-14 09:50:04,3291.0,435320
2021-06-14 09:50:05,3290.0,435455
2021-06-14 09:50:06,3291.0,435531
2021-06-14 09:50:07,3290.0,435717
2021-06-14 09:50:08,3291.0,435900
2021-06-14 09:50:09,3290.05,435922
2021-06-14 09:50:12,3290.2,436268
2021-06-14 09:50:13,3291.55,436270
2021-06-14 09:50:15,3291.75,436533
2021-06-14 09:50:15,3291.95,436584
2021-06-14 09:50:16,3291.0,436605
2021-06-14 09:50:17,3291.0,436607
2021-06-14 09:50:18,3291.0,436641
2021-06-14 09:50:20,3292.0,437885
2021-06-14 09:50:21,3292.0,438125
2021-06-14 09:50:22,3292.25,438629
2021-06-14 09:50:23,3292.3,438685
2021-06-14 09:50:24,3293.0,438741
2021-06-14 09:50:25,3292.95,439090
2021-06-14 09:50:26,3293.7,439183
2021-06-14 09:50:27,3293.7,439534
2021-06-14 09:50:28,3293.0,439627
2021-06-14 09:50:29,3292.95,440285
2021-06-14 09:50:30,3293.7,440328
2021-06-14 09:50:31,3294.0,440380
2021-06-14 09:50:32,3293.7,440558
2021-06-14 09:50:33,3293.05,440786
2021-06-14 09:50:34,3293.15,440863
2021-06-14 09:50:35,3294.0,441673
2021-06-14 09:50:36,3293.45,442099
2021-06-14 09:50:38,3293.95,442716
2021-06-14 09:50:38,3292.95,442860
2021-06-14 09:50:39,3293.4,442949
2021-06-14 09:50:40,3294.0,443000
2021-06-14 09:50:41,3293.4,443041
2021-06-14 09:50:42,3294.0,443157
2021-06-14 09:50:44,3294.0,443323
2021-06-14 09:50:44,3294.0,443353
2021-06-14 09:50:45,3294.7,443740
2021-06-14 09:50:46,3293.85,443814
2021-06-14 09:50:47,3294.0,443826
2021-06-14 09:50:48,3293.5,444050
2021-06-14 09:50:49,3294.65,444242
2021-06-14 09:50:50,3294.5,444292
2021-06-14 09:50:51,3293.5,444351
2021-06-14 09:50:52,3293.5,444558
2021-06-14 09:50:53,3294.0,444725
2021-06-14 09:50:54,3293.5,444768
2021-06-14 09:50:56,3293.3,445973
2021-06-14 09:50:58,3294.55,446265
2021-06-14 09:50:59,3294.7,446311
2021-06-14 09:51:00,3294.35,446594
2021-06-14 09:51:01,3294.7,447081
2021-06-14 09:51:02,3294.7,447113
2021-06-14 09:51:03,3294.7,447214
2021-06-14 09:51:04,3294.05,447217
2021-06-14 09:51:05,3294.7,447268
2021-06-14 09:51:06,3294.15,447296
2021-06-14 09:51:07,3294.0,447580
2021-06-14 09:51:08,3293.5,447808
2021-06-14 09:51:09,3293.5,447808
2021-06-14 09:51:10,3293.35,448013
2021-06-14 09:51:11,3294.7,448053
2021-06-14 09:51:12,3294.0,448054
2021-06-14 09:51:13,3294.7,448421
2021-06-14 09:51:14,3293.45,448425
2021-06-14 09:51:15,3293.35,448649
2021-06-14 09:51:16,3293.35,448751
2021-06-14 09:51:17,3294.0,448977
2021-06-14 09:51:18,3294.0,449008
2021-06-14 09:51:19,3294.5,449223
2021-06-14 09:51:20,3294.5,449257
2021-06-14 09:51:21,3294.0,449327
2021-06-14 09:51:22,3294.7,449831
2021-06-14 09:51:24,3294.7,449884
2021-06-14 09:51:25,3294.9,450318
2021-06-14 09:51:26,3294.95,450661
2021-06-14 09:51:27,3294.45,451185
2021-06-14 09:51:27,3294.45,451210
2021-06-14 09:51:28,3295.0,451335
2021-06-14 09:51:29,3295.0,451592
2021-06-14 09:51:30,3295.0,451954
2021-06-14 09:51:31,3294.85,451974
2021-06-14 09:51:32,3294.8,452146
2021-06-14 09:51:35,3294.7,452521
2021-06-14 09:51:36,3295.0,453066
2021-06-14 09:51:38,3295.0,456502
2021-06-14 09:51:41,3298.0,460958
2021-06-14 09:51:41,3297.0,457950
2021-06-14 09:51:42,3298.2,461848
2021-06-14 09:51:43,3299.65,463484
2021-06-14 09:51:45,3299.25,464248
2021-06-14 09:51:46,3299.9,464411
2021-06-14 09:51:47,3299.95,464563
2021-06-14 09:51:48,3299.8,465279
2021-06-14 09:51:49,3299.85,465659
2021-06-14 09:51:50,3299.8,468441
2021-06-14 09:51:51,3299.0,469900
2021-06-14 09:51:53,3298.0,471099
2021-06-14 09:51:54,3299.55,471408
2021-06-14 09:51:55,3300.0,472070
2021-06-14 09:51:55,3299.9,472130
2021-06-14 09:51:57,3299.6,472702
2021-06-14 09:51:58,3300.0,473379
2021-06-14 09:51:59,3300.4,479980
2021-06-14 09:52:00,3302.0,480326
2021-06-14 09:52:00,3302.0,480529
2021-06-14 09:52:02,3301.65,482327
2021-06-14 09:52:03,3303.75,483303
2021-06-14 09:52:03,3303.0,483651
2021-06-14 09:52:05,3302.75,484226
2021-06-14 09:52:06,3302.0,484920
2021-06-14 09:52:07,3301.25,485201
2021-06-14 09:52:08,3303.0,486873
2021-06-14 09:52:10,3303.0,487147
2021-06-14 09:52:10,3303.0,487147
2021-06-14 09:52:12,3302.7,487600
2021-06-14 09:52:12,3303.0,487496
2021-06-14 09:52:13,3302.3,488050
2021-06-14 09:52:14,3302.0,488726
2021-06-14 09:52:15,3300.45,489528
2021-06-14 09:52:16,3301.2,489681
2021-06-14 09:52:17,3302.0,489856
2021-06-14 09:52:18,3302.3,489990
2021-06-14 09:52:19,3301.0,490107
2021-06-14 09:52:20,3301.05,490312
2021-06-14 09:52:21,3301.5,490565
2021-06-14 09:52:23,3301.8,490655
2021-06-14 09:52:24,3301.55,491009
2021-06-14 09:52:25,3301.55,491014
2021-06-14 09:52:27,3302.0,491557
2021-06-14 09:52:26,3302.25,491044
2021-06-14 09:52:28,3301.95,491815
2021-06-14 09:52:28,3302.35,491805
2021-06-14 09:52:29,3302.0,491997
2021-06-14 09:52:30,3301.55,492165
2021-06-14 09:52:31,3302.4,492309
2021-06-14 09:52:32,3302.0,492634
2021-06-14 09:52:33,3302.0,492854
2021-06-14 09:52:34,3302.55,493094
2021-06-14 09:52:35,3302.0,493249
2021-06-14 09:52:37,3302.55,493277
2021-06-14 09:52:38,3302.0,493380
2021-06-14 09:52:39,3302.0,494135
2021-06-14 09:52:41,3302.0,494665
2021-06-14 09:52:42,3301.35,495043
2021-06-14 09:52:43,3301.0,495329
2021-06-14 09:52:44,3300.0,496273
2021-06-14 09:52:44,3301.0,496292
2021-06-14 09:52:45,3300.0,498580
2021-06-14 09:52:47,3300.35,498933
2021-06-14 09:52:48,3300.45,499040
2021-06-14 09:52:48,3300.45,499040
2021-06-14 09:52:50,3299.0,499309
2021-06-14 09:52:51,3299.75,500033
2021-06-14 09:52:52,3298.9,500310
2021-06-14 09:52:54,3300.95,500678
2021-06-14 09:52:55,3299.7,501422
2021-06-14 09:52:55,3298.0,501576
2021-06-14 09:52:56,3298.0,501778
2021-06-14 09:52:57,3298.1,501937
2021-06-14 09:52:58,3298.1,502653
2021-06-14 09:53:00,3298.9,502720
2021-06-14 09:53:01,3298.1,502832
2021-06-14 09:53:01,3298.9,502854
2021-06-14 09:53:03,3296.5,503685
2021-06-14 09:53:04,3296.45,503911
2021-06-14 09:53:05,3296.5,503971
2021-06-14 09:53:06,3298.0,503975
2021-06-14 09:53:07,3296.65,504477
2021-06-14 09:53:08,3296.45,504570
2021-06-14 09:53:09,3296.5,504804
2021-06-14 09:53:10,3297.9,504861
2021-06-14 09:53:12,3297.0,504946
2021-06-14 09:53:14,3297.9,505050
2021-06-14 09:53:15,3298.0,505184
2021-06-14 09:53:16,3296.85,505289
2021-06-14 09:53:16,3296.85,505289
2021-06-14 09:53:17,3298.0,505568
2021-06-14 09:53:18,3298.0,505630
2021-06-14 09:53:20,3297.8,505777
2021-06-14 09:53:21,3296.0,505934
2021-06-14 09:53:22,3295.05,506395
2021-06-14 09:53:23,3296.75,506478
2021-06-14 09:53:23,3296.75,506503
2021-06-14 09:53:24,3297.25,507083
2021-06-14 09:53:25,3296.05,507134
2021-06-14 09:53:27,3297.0,507137
2021-06-14 09:53:28,3297.0,507237
2021-06-14 09:53:29,3296.05,507309
2021-06-14 09:53:29,3296.05,507309
2021-06-14 09:53:30,3296.45,508500
2021-06-14 09:53:32,3296.45,508510
2021-06-14 09:53:33,3297.35,508774
2021-06-14 09:53:34,3296.45,508821
2021-06-14 09:53:35,3296.45,508821
2021-06-14 09:53:35,3296.45,508821
2021-06-14 09:53:36,3297.0,508831
2021-06-14 09:53:37,3297.65,515645
2021-06-14 09:53:38,3298.25,516145
2021-06-14 09:53:39,3298.4,516320
2021-06-14 09:53:41,3299.2,516410
2021-06-14 09:53:42,3300.0,517129
2021-06-14 09:53:43,3299.55,517217
2021-06-14 09:53:44,3300.0,517291
2021-06-14 09:53:45,3299.75,517332
2021-06-14 09:53:46,3300.0,517458
2021-06-14 09:53:46,3299.75,517575
2021-06-14 09:53:47,3299.75,517715
2021-06-14 09:53:48,3300.0,517720
2021-06-14 09:53:49,3300.0,517809
2021-06-14 09:53:50,3299.9,518050
2021-06-14 09:53:52,3300.0,518220
2021-06-14 09:53:53,3300.0,518228
2021-06-14 09:53:54,3300.0,518855
2021-06-14 09:53:57,3300.25,519607
2021-06-14 09:53:58,3299.0,519700
2021-06-14 09:53:58,3299.0,519700
2021-06-14 09:53:59,3300.0,519720
2021-06-14 09:54:00,3299.15,519730
2021-06-14 09:54:01,3300.0,519755
2021-06-14 09:54:03,3300.4,520194
2021-06-14 09:54:04,3300.0,520223
2021-06-14 09:54:05,3299.8,520426
2021-06-14 09:54:06,3298.55,520501
2021-06-14 09:54:07,3299.0,520539
2021-06-14 09:54:08,3299.8,520629
2021-06-14 09:54:09,3299.8,520696
2021-06-14 09:54:11,3298.75,520893
2021-06-14 09:54:12,3299.8,520932
2021-06-14 09:54:13,3299.8,520965
2021-06-14 09:54:14,3299.75,520976
2021-06-14 09:54:15,3298.55,521156
2021-06-14 09:54:15,3298.2,521267
2021-06-14 09:54:17,3298.7,521549
2021-06-14 09:54:19,3297.45,521571
2021-06-14 09:54:22,3297.45,521829
2021-06-14 09:54:21,3298.65,521675
2021-06-14 09:54:23,3297.05,521854
2021-06-14 09:54:25,3298.25,522269
2021-06-14 09:54:25,3298.25,522269
2021-06-14 09:54:27,3298.4,522424
2021-06-14 09:54:27,3298.4,522424
2021-06-14 09:54:28,3298.4,522460
2021-06-14 09:54:29,3296.7,522920
2021-06-14 09:54:31,3296.5,523154
2021-06-14 09:54:32,3297.85,523311
2021-06-14 09:54:33,3296.5,523416
2021-06-14 09:54:34,3297.35,523527
2021-06-14 09:54:35,3297.35,523527
2021-06-14 09:54:36,3296.5,523543
2021-06-14 09:54:37,3296.5,523580
2021-06-14 09:54:38,3296.5,523700
2021-06-14 09:54:39,3296.5,523812
2021-06-14 09:54:40,3297.0,523996
2021-06-14 09:54:40,3296.5,524074
2021-06-14 09:54:41,3300.0,531022
2021-06-14 09:54:42,3300.0,531272
2021-06-14 09:54:44,3300.0,539475
2021-06-14 09:54:45,3300.0,541141
2021-06-14 09:54:45,3300.0,541141
2021-06-14 09:54:46,3300.65,542301
2021-06-14 09:54:48,3300.0,542512
2021-06-14 09:54:49,3300.0,543302
2021-06-14 09:54:50,3300.2,543666
2021-06-14 09:54:51,3300.1,544688
2021-06-14 09:54:52,3300.1,544915
2021-06-14 09:54:52,3301.0,545390
2021-06-14 09:54:53,3300.5,545784
2021-06-14 09:54:54,3300.45,546110
2021-06-14 09:54:55,3300.05,546949
2021-06-14 09:54:57,3300.05,547056
2021-06-14 09:54:58,3300.05,547115
2021-06-14 09:54:59,3300.05,547260
2021-06-14 09:55:00,3300.0,548821
2021-06-14 09:55:01,3300.05,550241
2021-06-14 09:55:02,3300.35,550281
2021-06-14 09:55:03,3300.0,551123
2021-06-14 09:55:04,3300.35,551128
2021-06-14 09:55:04,3300.35,551138
2021-06-14 09:55:05,3300.0,551523
2021-06-14 09:55:06,3300.0,551576
2021-06-14 09:55:08,3300.0,551683
2021-06-14 09:55:09,3300.2,551827
2021-06-14 09:55:10,3300.1,557072
2021-06-14 09:55:11,3300.1,557125
2021-06-14 09:55:12,3300.0,558282
2021-06-14 09:55:13,3300.0,560404
2021-06-14 09:55:13,3300.0,559504
2021-06-14 09:55:15,3300.1,561464
2021-06-14 09:55:16,3301.0,562186
2021-06-14 09:55:17,3301.0,562713
2021-06-14 09:55:17,3301.0,562713
2021-06-14 09:55:19,3301.0,563017
2021-06-14 09:55:19,3300.55,563265
2021-06-14 09:55:20,3300.2,563544
2021-06-14 09:55:21,3300.0,564902
2021-06-14 09:55:22,3300.2,565450
2021-06-14 09:55:24,3300.2,565464
2021-06-14 09:55:25,3300.0,567705
2021-06-14 09:55:26,3300.2,567707
2021-06-14 09:55:27,3300.0,568079
2021-06-14 09:55:28,3300.0,568436
2021-06-14 09:55:29,3300.0,568497
2021-06-14 09:55:31,3300.0,568560
2021-06-14 09:55:32,3300.2,568720
2021-06-14 09:55:33,3300.05,569782
2021-06-14 09:55:34,3300.2,569809
2021-06-14 09:55:35,3300.0,570035
2021-06-14 09:55:36,3300.0,570241
2021-06-14 09:55:37,3300.0,570248
2021-06-14 09:55:37,3300.0,570248
2021-06-14 09:55:38,3300.0,570331
2021-06-14 09:55:41,3300.0,570842
2021-06-14 09:55:42,3300.35,570845
2021-06-14 09:55:43,3300.0,570872
2021-06-14 09:55:44,3300.45,572291
2021-06-14 09:55:45,3301.0,572294
2021-06-14 09:55:45,3301.0,572294
2021-06-14 09:55:47,3301.0,572330
2021-06-14 09:55:48,3301.75,573801
2021-06-14 09:55:49,3300.9,574927
2021-06-14 09:55:50,3302.55,578789
2021-06-14 09:55:51,3305.0,588619
2021-06-14 09:55:52,3305.0,588732
2021-06-14 09:55:54,3306.0,592313
2021-06-14 09:55:55,3306.45,592566
2021-06-14 09:55:57,3305.55,593360
2021-06-14 09:55:58,3306.0,593476
2021-06-14 09:55:59,3306.65,593493
2021-06-14 09:56:00,3305.55,593672
2021-06-14 09:56:01,3305.45,594632
2021-06-14 09:56:02,3305.0,594961
2021-06-14 09:56:02,3305.0,594962
2021-06-14 09:56:03,3305.9,595113
2021-06-14 09:56:06,3305.95,595921
2021-06-14 09:56:07,3305.5,597163
2021-06-14 09:56:08,3306.15,597428
2021-06-14 09:56:09,3306.9,597606
2021-06-14 09:56:10,3305.9,597976
2021-06-14 09:56:11,3304.0,599274
2021-06-14 09:56:12,3305.0,599506
2021-06-14 09:56:12,3306.0,599392
2021-06-14 09:56:13,3307.2,600001
2021-06-14 09:56:15,3306.3,600135
2021-06-14 09:56:16,3307.25,600186
2021-06-14 09:56:17,3305.75,600366
2021-06-14 09:56:18,3307.0,600537
2021-06-14 09:56:19,3307.0,600567
2021-06-14 09:56:20,3306.95,600707
2021-06-14 09:56:22,3307.0,601205
2021-06-14 09:56:22,3307.0,601265
2021-06-14 09:56:23,3306.65,601273
2021-06-14 09:56:25,3308.0,602362
2021-06-14 09:56:26,3306.65,602707
2021-06-14 09:56:27,3307.95,603052
2021-06-14 09:56:29,3307.4,603171
2021-06-14 09:56:30,3307.9,603717
2021-06-14 09:56:31,3307.9,603967
2021-06-14 09:56:32,3305.55,605164
2021-06-14 09:56:33,3305.25,605305
2021-06-14 09:56:34,3305.4,605668
2021-06-14 09:56:35,3306.7,605824
2021-06-14 09:56:36,3305.55,605929
2021-06-14 09:56:37,3306.0,606013
2021-06-14 09:56:38,3306.7,606121
2021-06-14 09:56:39,3305.55,606137
2021-06-14 09:56:39,3305.55,606137
2021-06-14 09:56:40,3306.0,606355
2021-06-14 09:56:42,3306.45,606427
2021-06-14 09:56:43,3308.0,609196
2021-06-14 09:56:44,3306.7,609239
2021-06-14 09:56:45,3307.35,609429
2021-06-14 09:56:46,3307.55,609584
2021-06-14 09:56:47,3306.1,609939
2021-06-14 09:56:47,3307.45,609952
2021-06-14 09:56:48,3307.65,610261
2021-06-14 09:56:50,3306.1,610754
2021-06-14 09:56:51,3307.65,611005
2021-06-14 09:56:52,3306.15,611134
2021-06-14 09:56:53,3307.6,611214
2021-06-14 09:56:54,3307.1,612542
2021-06-14 09:56:56,3307.35,614129
2021-06-14 09:56:57,3307.1,614255
2021-06-14 09:56:58,3307.1,614312
2021-06-14 09:56:59,3307.45,614620
2021-06-14 09:57:00,3307.45,614655
2021-06-14 09:57:02,3307.45,615237
2021-06-14 09:57:02,3306.7,615240
2021-06-14 09:57:04,3306.7,615305
2021-06-14 09:57:04,3306.0,615310
2021-06-14 09:57:06,3306.0,615388
2021-06-14 09:57:08,3306.7,615449
2021-06-14 09:57:09,3306.0,615514
2021-06-14 09:57:09,3306.0,615532
2021-06-14 09:57:11,3306.55,615906
2021-06-14 09:57:11,3306.55,615906
2021-06-14 09:57:13,3305.9,617115
2021-06-14 09:57:14,3306.3,617349
2021-06-14 09:57:16,3306.0,617686
2021-06-14 09:57:17,3305.05,617855
2021-06-14 09:57:18,3304.0,618200
2021-06-14 09:57:19,3304.9,618352
2021-06-14 09:57:19,3304.9,618352
2021-06-14 09:57:21,3304.7,618403
2021-06-14 09:57:22,3303.05,618404
2021-06-14 09:57:23,3304.45,618415
2021-06-14 09:57:23,3303.05,618434
2021-06-14 09:57:25,3306.7,622228
2021-06-14 09:57:26,3305.65,622442
2021-06-14 09:57:27,3307.0,622521
2021-06-14 09:57:28,3306.7,622650
2021-06-14 09:57:29,3305.55,623128
2021-06-14 09:57:29,3305.55,623134
2021-06-14 09:57:30,3305.55,623537
2021-06-14 09:57:32,3305.25,623601
2021-06-14 09:57:33,3305.0,623964
2021-06-14 09:57:34,3305.0,624221
2021-06-14 09:57:35,3305.95,624289
2021-06-14 09:57:36,3306.0,624391
2021-06-14 09:57:37,3305.0,624938
2021-06-14 09:57:38,3305.0,625104
2021-06-14 09:57:39,3305.0,625144
2021-06-14 09:57:40,3306.1,625184
2021-06-14 09:57:41,3305.05,625394
2021-06-14 09:57:42,3305.0,625459
2021-06-14 09:57:43,3306.85,625710
2021-06-14 09:57:44,3306.15,626019
2021-06-14 09:57:46,3305.05,626063
2021-06-14 09:57:47,3305.0,626078
2021-06-14 09:57:48,3305.0,626425
2021-06-14 09:57:49,3305.95,626535
2021-06-14 09:57:50,3305.0,626547
2021-06-14 09:57:51,3306.5,626568
2021-06-14 09:57:52,3305.0,627103
2021-06-14 09:57:53,3306.5,627153
2021-06-14 09:57:54,3306.4,627200
2021-06-14 09:57:55,3306.5,627254
2021-06-14 09:57:56,3305.2,627298
2021-06-14 09:57:57,3305.2,627371
2021-06-14 09:57:58,3305.2,627516
2021-06-14 09:57:59,3305.2,627566
2021-06-14 09:58:00,3306.0,627669
2021-06-14 09:58:01,3305.2,627694
2021-06-14 09:58:02,3306.0,627696
2021-06-14 09:58:03,3305.9,627798
2021-06-14 09:58:04,3305.9,627849
2021-06-14 09:58:05,3305.45,627915
2021-06-14 09:58:06,3305.25,627997
2021-06-14 09:58:07,3306.0,628020
2021-06-14 09:58:08,3305.25,628057
2021-06-14 09:58:09,3305.9,628058
2021-06-14 09:58:11,3306.0,628297
2021-06-14 09:58:12,3306.0,628419
2021-06-14 09:58:13,3305.0,628480
2021-06-14 09:58:14,3306.4,628678
2021-06-14 09:58:15,3305.75,628741
2021-06-14 09:58:16,3305.75,628741
2021-06-14 09:58:17,3305.75,628798
2021-06-14 09:58:18,3306.0,629248
2021-06-14 09:58:19,3305.0,629263
2021-06-14 09:58:20,3305.0,629263
2021-06-14 09:58:22,3305.4,630405
2021-06-14 09:58:23,3305.45,630456
2021-06-14 09:58:24,3305.75,630459
2021-06-14 09:58:25,3306.0,630945
2021-06-14 09:58:26,3307.0,631881
2021-06-14 09:58:27,3306.0,631933
2021-06-14 09:58:28,3305.35,632016
2021-06-14 09:58:29,3306.0,632320
2021-06-14 09:58:31,3305.35,632554
2021-06-14 09:58:33,3306.0,632609
2021-06-14 09:58:34,3305.75,632621
2021-06-14 09:58:35,3305.75,632905
2021-06-14 09:58:36,3306.5,632946
2021-06-14 09:58:37,3306.5,633068
2021-06-14 09:58:38,3305.75,633094
2021-06-14 09:58:39,3306.0,633100
2021-06-14 09:58:40,3306.6,633152
2021-06-14 09:58:41,3305.35,633187
2021-06-14 09:58:42,3305.75,633319
2021-06-14 09:58:43,3305.95,633393
2021-06-14 09:58:44,3305.95,633393
2021-06-14 09:58:45,3305.35,633444
2021-06-14 09:58:46,3305.05,633490
2021-06-14 09:58:47,3305.35,633518
2021-06-14 09:58:48,3305.35,633551
2021-06-14 09:58:49,3305.35,633556
2021-06-14 09:58:50,3305.0,637477
2021-06-14 09:58:51,3305.35,638338
2021-06-14 09:58:52,3305.0,641592
2021-06-14 09:58:53,3305.0,641592
2021-06-14 09:58:55,3305.15,642070
2021-06-14 09:58:56,3305.35,642585
2021-06-14 09:58:57,3305.2,642701
2021-06-14 09:58:58,3305.35,642752
2021-06-14 09:58:59,3305.35,642753
2021-06-14 09:59:00,3305.35,642785
2021-06-14 09:59:01,3305.2,643300
2021-06-14 09:59:02,3305.1,644013
2021-06-14 09:59:03,3305.1,644042
2021-06-14 09:59:04,3305.1,644142
2021-06-14 09:59:06,3305.0,644733
2021-06-14 09:59:07,3305.1,644921
2021-06-14 09:59:08,3305.1,644935
2021-06-14 09:59:09,3305.25,645238
2021-06-14 09:59:10,3305.0,645444
2021-06-14 09:59:11,3305.05,645464
2021-06-14 09:59:12,3305.0,646800
2021-06-14 09:59:13,3305.0,648876
2021-06-14 09:59:14,3305.0,648915
2021-06-14 09:59:15,3305.0,648928
2021-06-14 09:59:16,3305.05,650378
2021-06-14 09:59:18,3305.05,652243
2021-06-14 09:59:17,3305.05,652243
2021-06-14 09:59:19,3305.05,653176
2021-06-14 09:59:20,3305.0,655922
2021-06-14 09:59:21,3303.8,656009
2021-06-14 09:59:22,3303.4,656806
2021-06-14 09:59:23,3303.4,657618
2021-06-14 09:59:24,3303.0,657650
2021-06-14 09:59:25,3303.0,657650
2021-06-14 09:59:26,3301.45,658167
2021-06-14 09:59:27,3301.6,658181
2021-06-14 09:59:28,3302.1,658233
2021-06-14 09:59:29,3302.1,658233
2021-06-14 09:59:30,3302.1,658281
2021-06-14 09:59:31,3299.95,661222
2021-06-14 09:59:32,3299.35,662826
2021-06-14 09:59:34,3298.7,663942
2021-06-14 09:59:35,3299.95,664132
2021-06-14 09:59:36,3299.95,664132
2021-06-14 09:59:37,3299.55,664220
2021-06-14 09:59:38,3297.45,664351
2021-06-14 09:59:39,3298.4,664393
2021-06-14 09:59:41,3298.0,664559
2021-06-14 09:59:42,3297.85,664570
2021-06-14 09:59:43,3297.95,664697
2021-06-14 09:59:44,3297.9,664796
2021-06-14 09:59:45,3297.85,664946
2021-06-14 09:59:46,3297.9,665103
2021-06-14 09:59:47,3297.9,665138
2021-06-14 09:59:49,3297.9,665496
2021-06-14 09:59:49,3297.9,665496
2021-06-14 09:59:50,3297.45,665657
2021-06-14 09:59:51,3297.45,665811
2021-06-14 09:59:52,3296.55,666969
2021-06-14 09:59:55,3296.35,667991
2021-06-14 09:59:55,3296.35,667991
2021-06-14 09:59:56,3296.35,668095
2021-06-14 09:59:57,3296.35,668133
2021-06-14 09:59:58,3297.2,668219
2021-06-14 10:00:00,3296.35,668393
2021-06-14 10:00:00,3296.35,668393
2021-06-14 10:00:02,3296.2,668522
2021-06-14 10:00:02,3296.35,668622
2021-06-14 10:00:03,3296.0,668898
2021-06-14 10:00:04,3297.0,669509
2021-06-14 10:00:05,3296.35,669811
2021-06-14 10:00:06,3297.85,669999
2021-06-14 10:00:09,3297.2,670655
2021-06-14 10:00:09,3297.2,670655
2021-06-14 10:00:10,3298.55,670712
2021-06-14 10:00:11,3296.8,671237
2021-06-14 10:00:12,3297.2,671366
2021-06-14 10:00:14,3298.45,671521
2021-06-14 10:00:15,3298.85,671844
2021-06-14 10:00:15,3297.1,671847
2021-06-14 10:00:16,3297.05,671951
2021-06-14 10:00:17,3297.95,672067
2021-06-14 10:00:18,3297.2,672073
2021-06-14 10:00:19,3298.2,672337
2021-06-14 10:00:20,3298.1,672477
2021-06-14 10:00:22,3297.95,672593
2021-06-14 10:00:23,3297.2,672693
2021-06-14 10:00:24,3297.35,673027
2021-06-14 10:00:25,3297.35,673027
2021-06-14 10:00:26,3297.0,673043
2021-06-14 10:00:28,3297.75,673153
2021-06-14 10:00:29,3297.75,673258
2021-06-14 10:00:29,3297.75,673258
2021-06-14 10:00:30,3297.0,673402
2021-06-14 10:00:31,3297.45,673725
2021-06-14 10:00:32,3297.0,673769
2021-06-14 10:00:34,3297.0,673950
2021-06-14 10:00:35,3297.0,673992
2021-06-14 10:00:36,3297.0,674020
2021-06-14 10:00:37,3297.2,674297
2021-06-14 10:00:38,3297.0,674381
2021-06-14 10:00:40,3296.0,674918
2021-06-14 10:00:40,3296.9,674657
2021-06-14 10:00:41,3296.9,674985
2021-06-14 10:00:42,3296.0,675070
2021-06-14 10:00:43,3296.0,675117
2021-06-14 10:00:45,3296.0,675265
2021-06-14 10:00:46,3296.0,675370
2021-06-14 10:00:46,3296.0,675370
2021-06-14 10:00:47,3296.05,676380
2021-06-14 10:00:48,3296.0,676534
2021-06-14 10:00:50,3296.0,676839
2021-06-14 10:00:51,3296.0,676848
2021-06-14 10:00:52,3296.2,676941
2021-06-14 10:00:53,3296.0,677047
2021-06-14 10:00:54,3296.0,677771
2021-06-14 10:00:56,3296.2,677772
2021-06-14 10:00:57,3296.2,677793
2021-06-14 10:00:58,3296.65,677803
2021-06-14 10:00:58,3296.65,677803
2021-06-14 10:00:59,3296.2,677857
2021-06-14 10:01:00,3296.65,677939
2021-06-14 10:01:01,3296.2,678095
2021-06-14 10:01:02,3296.2,678115
2021-06-14 10:01:03,3296.65,678130
2021-06-14 10:01:05,3296.65,678190
2021-06-14 10:01:06,3296.2,678355
2021-06-14 10:01:07,3296.65,678400
2021-06-14 10:01:07,3296.2,678401
2021-06-14 10:01:08,3296.6,679304
2021-06-14 10:01:09,3296.6,679308
2021-06-14 10:01:10,3296.6,679717
2021-06-14 10:01:11,3296.6,679822
2021-06-14 10:01:13,3295.5,681357
2021-06-14 10:01:15,3295.0,681481
2021-06-14 10:01:15,3295.0,681497
2021-06-14 10:01:16,3295.5,681500
2021-06-14 10:01:17,3295.05,681509
2021-06-14 10:01:18,3295.5,681521
2021-06-14 10:01:19,3295.05,681731
2021-06-14 10:01:21,3295.5,681867
2021-06-14 10:01:21,3295.05,681887
2021-06-14 10:01:22,3295.5,681989
2021-06-14 10:01:23,3295.05,681990
2021-06-14 10:01:24,3295.5,682137
2021-06-14 10:01:26,3295.0,682577
2021-06-14 10:01:27,3295.0,682705
2021-06-14 10:01:27,3295.4,682717
2021-06-14 10:01:28,3295.0,682788
2021-06-14 10:01:29,3295.0,682938
2021-06-14 10:01:30,3295.0,682967
2021-06-14 10:01:31,3295.0,683001
2021-06-14 10:01:33,3292.6,687017
2021-06-14 10:01:33,3294.0,686415
2021-06-14 10:01:34,3292.5,687037
2021-06-14 10:01:35,3292.5,687040
2021-06-14 10:01:37,3292.65,687838
2021-06-14 10:01:39,3292.4,688017
2021-06-14 10:01:39,3292.4,688169
2021-06-14 10:01:40,3292.7,688270
2021-06-14 10:01:41,3290.95,688659
2021-06-14 10:01:42,3290.6,689054
2021-06-14 10:01:44,3291.8,689294
2021-06-14 10:01:45,3291.8,689489
2021-06-14 10:01:47,3290.05,690137
2021-06-14 10:01:48,3288.75,693209
2021-06-14 10:01:48,3288.85,693197
2021-06-14 10:01:49,3288.7,693620
2021-06-14 10:01:50,3287.3,694019
2021-06-14 10:01:51,3288.15,694093
2021-06-14 10:01:54,3287.2,695033
2021-06-14 10:01:55,3287.0,695556
2021-06-14 10:01:56,3287.9,696500
2021-06-14 10:01:56,3289.0,696538
2021-06-14 10:01:57,3288.0,696569
2021-06-14 10:01:58,3288.0,696714
2021-06-14 10:01:59,3287.5,696924
2021-06-14 10:02:01,3288.2,698720
2021-06-14 10:02:03,3286.9,699051
2021-06-14 10:02:04,3287.5,699195
2021-06-14 10:02:04,3287.5,699195
2021-06-14 10:02:06,3286.9,699238
2021-06-14 10:02:07,3287.75,700212
2021-06-14 10:02:08,3287.5,700215
2021-06-14 10:02:09,3287.95,700240
2021-06-14 10:02:10,3287.75,700419
2021-06-14 10:02:12,3287.95,700424
2021-06-14 10:02:14,3286.75,700694
2021-06-14 10:02:15,3286.7,700755
2021-06-14 10:02:16,3288.0,700772
2021-06-14 10:02:17,3287.15,700859
2021-06-14 10:02:19,3287.1,700979
2021-06-14 10:02:20,3287.2,701057
2021-06-14 10:02:20,3287.2,701057
2021-06-14 10:02:21,3287.95,701137
2021-06-14 10:02:22,3287.0,701358
2021-06-14 10:02:23,3286.65,701461
2021-06-14 10:02:26,3286.95,701565
2021-06-14 10:02:27,3286.4,701830
2021-06-14 10:02:27,3286.95,701835
2021-06-14 10:02:28,3287.0,701938
2021-06-14 10:02:29,3287.35,702288
2021-06-14 10:02:30,3287.8,702385
2021-06-14 10:02:31,3287.95,702400
2021-06-14 10:02:33,3287.15,702520
2021-06-14 10:02:34,3287.0,702578
2021-06-14 10:02:34,3287.0,702578
2021-06-14 10:02:35,3287.0,702675
2021-06-14 10:02:36,3287.95,702827
2021-06-14 10:02:38,3287.9,702886
2021-06-14 10:02:39,3287.95,702930
2021-06-14 10:02:39,3287.95,702930
2021-06-14 10:02:40,3287.85,703076
2021-06-14 10:02:41,3287.0,703413
2021-06-14 10:02:43,3287.45,703416
2021-06-14 10:02:43,3286.0,703566
2021-06-14 10:02:45,3286.0,703573
2021-06-14 10:02:46,3287.35,703891
2021-06-14 10:02:47,3287.6,704222
2021-06-14 10:02:48,3287.85,704435
2021-06-14 10:02:48,3287.85,704435
2021-06-14 10:02:49,3288.35,705339
2021-06-14 10:02:50,3288.75,705347
2021-06-14 10:02:51,3288.55,705397
2021-06-14 10:02:52,3288.95,705492
2021-06-14 10:02:53,3290.0,705623
2021-06-14 10:02:55,3289.0,705624
2021-06-14 10:02:56,3289.0,705678
2021-06-14 10:02:56,3289.05,705783
2021-06-14 10:02:57,3290.0,706565
2021-06-14 10:02:58,3291.4,706701
2021-06-14 10:02:59,3290.95,706744
2021-06-14 10:03:00,3292.7,706939
2021-06-14 10:03:01,3291.1,706978
2021-06-14 10:03:02,3292.1,706984
2021-06-14 10:03:03,3292.3,706988
2021-06-14 10:03:04,3290.95,707045
2021-06-14 10:03:05,3291.15,707701
2021-06-14 10:03:06,3291.15,708394
2021-06-14 10:03:08,3290.0,708606
2021-06-14 10:03:09,3290.0,708686
2021-06-14 10:03:10,3290.0,708782
2021-06-14 10:03:11,3290.0,708886
2021-06-14 10:03:13,3290.0,708981
2021-06-14 10:03:14,3290.0,709004
2021-06-14 10:03:14,3290.4,709013
2021-06-14 10:03:15,3290.4,709034
2021-06-14 10:03:16,3290.4,709070
2021-06-14 10:03:17,3291.15,709253
2021-06-14 10:03:18,3290.05,709284
2021-06-14 10:03:20,3290.05,709344
2021-06-14 10:03:21,3291.2,709402
2021-06-14 10:03:22,3292.3,710078
2021-06-14 10:03:23,3292.1,710240
2021-06-14 10:03:24,3292.3,710397
2021-06-14 10:03:25,3292.4,710500
2021-06-14 10:03:30,3291.9,711201
2021-06-14 10:03:32,3291.1,711234
2021-06-14 10:03:33,3292.0,711259
2021-06-14 10:03:34,3292.0,711483
2021-06-14 10:03:35,3291.9,711580
2021-06-14 10:03:35,3291.15,711562
2021-06-14 10:03:37,3291.9,711665
2021-06-14 10:03:38,3292.0,711860
2021-06-14 10:03:39,3291.9,711925
2021-06-14 10:03:39,3291.1,711931
2021-06-14 10:03:40,3292.0,711936
2021-06-14 10:03:42,3292.0,711949
2021-06-14 10:03:43,3291.1,712012
2021-06-14 10:03:44,3291.15,712093
2021-06-14 10:03:45,3291.15,712096
2021-06-14 10:03:47,3291.15,712528
2021-06-14 10:03:48,3292.0,712636
2021-06-14 10:03:50,3292.2,712727
2021-06-14 10:03:51,3291.7,713422
2021-06-14 10:03:52,3290.85,713423
2021-06-14 10:03:53,3291.1,713548
2021-06-14 10:03:54,3291.25,713562
2021-06-14 10:03:54,3291.15,713606
2021-06-14 10:03:55,3291.25,713687
2021-06-14 10:03:56,3290.0,713700
2021-06-14 10:03:58,3290.4,713831
2021-06-14 10:03:59,3290.0,713854
2021-06-14 10:04:00,3290.4,713875
2021-06-14 10:04:01,3290.0,714013
2021-06-14 10:04:02,3290.0,714322
2021-06-14 10:04:02,3290.0,714373
2021-06-14 10:04:03,3290.0,714373
2021-06-14 10:04:04,3290.4,714375
2021-06-14 10:04:05,3290.4,714375
2021-06-14 10:04:07,3290.4,714397
2021-06-14 10:04:08,3290.55,714734
2021-06-14 10:04:09,3292.0,714865
2021-06-14 10:04:09,3292.0,714852
2021-06-14 10:04:11,3291.3,714999
2021-06-14 10:04:12,3292.0,715037
2021-06-14 10:04:12,3291.3,715182
2021-06-14 10:04:14,3291.3,715209
2021-06-14 10:04:15,3291.9,715405
2021-06-14 10:04:16,3291.3,715497
2021-06-14 10:04:17,3291.05,715943
2021-06-14 10:04:18,3290.5,716020
2021-06-14 10:04:19,3291.2,716523
2021-06-14 10:04:20,3290.55,716612
2021-06-14 10:04:21,3291.3,716613
2021-06-14 10:04:22,3291.3,716674
2021-06-14 10:04:22,3291.15,716675
2021-06-14 10:04:24,3291.15,716779
2021-06-14 10:04:25,3291.35,716845
2021-06-14 10:04:26,3292.0,717112
2021-06-14 10:04:27,3292.0,717174
2021-06-14 10:04:28,3292.0,717178
2021-06-14 10:04:29,3292.0,717239
2021-06-14 10:04:31,3292.0,717287
2021-06-14 10:04:32,3291.35,717296
2021-06-14 10:04:33,3291.35,717296
2021-06-14 10:04:34,3292.4,717499
2021-06-14 10:04:35,3292.0,717588
2021-06-14 10:04:36,3292.7,717611
2021-06-14 10:04:37,3292.7,717649
2021-06-14 10:04:38,3292.0,717711
2021-06-14 10:04:38,3292.0,717721
2021-06-14 10:04:39,3292.0,717721
2021-06-14 10:04:40,3292.7,717722
2021-06-14 10:04:41,3292.35,717766
2021-06-14 10:04:43,3292.35,717786
2021-06-14 10:04:43,3292.35,717788
2021-06-14 10:04:45,3292.35,717788
2021-06-14 10:04:45,3292.45,717789
2021-06-14 10:04:47,3292.7,718399
2021-06-14 10:04:48,3292.7,718508
2021-06-14 10:04:49,3293.2,718792
2021-06-14 10:04:50,3293.2,718842
2021-06-14 10:04:50,3293.65,718852
2021-06-14 10:04:51,3293.65,718855
2021-06-14 10:04:52,3293.9,718936
2021-06-14 10:04:53,3293.9,718955
2021-06-14 10:04:54,3293.9,718955
2021-06-14 10:04:56,3293.9,719028
2021-06-14 10:04:58,3293.9,719068
2021-06-14 10:04:59,3293.75,719374
2021-06-14 10:05:00,3293.5,720072
2021-06-14 10:05:00,3293.2,720074
2021-06-14 10:05:01,3293.2,720199
2021-06-14 10:05:02,3293.45,720307
2021-06-14 10:05:04,3293.0,720413
2021-06-14 10:05:05,3293.35,720441
2021-06-14 10:05:07,3292.4,720460
2021-06-14 10:05:08,3293.15,720519
2021-06-14 10:05:09,3293.7,720776
2021-06-14 10:05:09,3293.3,720779
2021-06-14 10:05:11,3293.0,720886
2021-06-14 10:05:11,3292.8,721050
2021-06-14 10:05:13,3292.8,721073
2021-06-14 10:05:14,3293.75,721118
2021-06-14 10:05:15,3292.4,721257
2021-06-14 10:05:16,3293.65,721385
2021-06-14 10:05:16,3293.0,721403
2021-06-14 10:05:17,3293.0,721403
2021-06-14 10:05:19,3293.0,721413
2021-06-14 10:05:22,3293.3,721425
2021-06-14 10:05:23,3293.3,721490
2021-06-14 10:05:23,3293.65,721480
2021-06-14 10:05:25,3293.65,721541
2021-06-14 10:05:26,3293.9,721569
2021-06-14 10:05:27,3293.3,721573
2021-06-14 10:05:27,3293.3,721573
2021-06-14 10:05:28,3293.3,721573
2021-06-14 10:05:29,3293.9,721732
2021-06-14 10:05:30,3293.9,721764
2021-06-14 10:05:31,3293.9,721770
2021-06-14 10:05:33,3293.75,721789
2021-06-14 10:05:34,3293.75,721793
2021-06-14 10:05:35,3293.0,723387
2021-06-14 10:05:36,3293.25,723672
2021-06-14 10:05:36,3293.0,723673
2021-06-14 10:05:37,3293.3,723730
2021-06-14 10:05:39,3293.3,723742
2021-06-14 10:05:40,3293.3,723790
2021-06-14 10:05:41,3293.3,723880
2021-06-14 10:05:42,3293.3,724263
2021-06-14 10:05:43,3293.0,724612
2021-06-14 10:05:43,3293.3,724568
2021-06-14 10:05:44,3293.0,724622
2021-06-14 10:05:46,3294.1,724924
2021-06-14 10:05:47,3294.25,725053
2021-06-14 10:05:48,3294.25,725116
2021-06-14 10:05:48,3293.0,725125
2021-06-14 10:05:49,3293.3,725129
2021-06-14 10:05:50,3293.0,725194
2021-06-14 10:05:52,3293.3,725207
2021-06-14 10:05:53,3293.3,725290
2021-06-14 10:05:54,3293.0,725416
2021-06-14 10:05:55,3293.0,725435
2021-06-14 10:05:56,3293.3,725474
2021-06-14 10:05:57,3294.1,725515
2021-06-14 10:05:57,3293.3,725521
2021-06-14 10:05:59,3294.1,725622
2021-06-14 10:06:00,3293.3,725960
2021-06-14 10:06:01,3293.25,726273
2021-06-14 10:06:02,3293.0,726372
2021-06-14 10:06:03,3293.25,726381
2021-06-14 10:06:05,3293.0,726390
2021-06-14 10:06:06,3293.0,726445
2021-06-14 10:06:07,3293.0,726454
2021-06-14 10:06:08,3293.0,726512
2021-06-14 10:06:09,3293.0,726523
2021-06-14 10:06:10,3293.0,726536
2021-06-14 10:06:11,3293.25,726551
2021-06-14 10:06:12,3293.0,726583
2021-06-14 10:06:13,3293.05,726594
2021-06-14 10:06:13,3293.25,726593
2021-06-14 10:06:15,3293.05,726594
2021-06-14 10:06:16,3293.05,726600
2021-06-14 10:06:17,3293.05,726601
2021-06-14 10:06:18,3293.25,726605
2021-06-14 10:06:19,3293.05,726629
2021-06-14 10:06:20,3293.25,726788
2021-06-14 10:06:21,3293.25,726825
2021-06-14 10:06:22,3293.25,726883
2021-06-14 10:06:22,3293.15,726893
2021-06-14 10:06:23,3293.25,726903
2021-06-14 10:06:25,3293.25,726940
2021-06-14 10:06:26,3293.25,726955
2021-06-14 10:06:27,3293.2,727957
2021-06-14 10:06:28,3293.2,728170
2021-06-14 10:06:29,3293.85,728201
2021-06-14 10:06:30,3293.85,728256
2021-06-14 10:06:31,3293.25,728265
2021-06-14 10:06:31,3293.55,728266
2021-06-14 10:06:33,3293.5,728588
2021-06-14 10:06:34,3293.5,728653
2021-06-14 10:06:35,3293.8,728655
2021-06-14 10:06:36,3293.55,728659
2021-06-14 10:06:38,3293.8,728811
2021-06-14 10:06:38,3293.6,728826
2021-06-14 10:06:40,3293.8,728831
2021-06-14 10:06:41,3293.8,728915
2021-06-14 10:06:42,3293.8,728946
2021-06-14 10:06:43,3293.8,728950
2021-06-14 10:06:44,3293.65,728998
2021-06-14 10:06:44,3293.7,729003
2021-06-14 10:06:46,3293.7,729061
2021-06-14 10:06:47,3293.05,730393
2021-06-14 10:06:48,3291.0,730735
2021-06-14 10:06:49,3292.05,730821
2021-06-14 10:06:50,3291.0,730828
2021-06-14 10:06:51,3291.0,730853
2021-06-14 10:06:51,3291.9,730849
2021-06-14 10:06:52,3291.0,730948
2021-06-14 10:06:54,3290.55,730954
2021-06-14 10:06:56,3291.0,730984
2021-06-14 10:06:57,3290.55,731111
2021-06-14 10:06:58,3291.0,731214
2021-06-14 10:06:59,3290.2,731238
2021-06-14 10:07:00,3291.0,731276
2021-06-14 10:07:01,3290.2,731333
2021-06-14 10:07:02,3290.15,731376
2021-06-14 10:07:03,3290.15,731411
2021-06-14 10:07:04,3290.85,731489
2021-06-14 10:07:06,3290.2,731542
2021-06-14 10:07:07,3290.2,731611
2021-06-14 10:07:08,3290.2,731745
2021-06-14 10:07:09,3290.2,731779
2021-06-14 10:07:10,3290.15,731814
2021-06-14 10:07:11,3290.15,731891
2021-06-14 10:07:12,3290.15,731958
2021-06-14 10:07:12,3290.2,732025
2021-06-14 10:07:14,3290.1,732084
2021-06-14 10:07:15,3290.0,732730
2021-06-14 10:07:16,3290.0,732937
2021-06-14 10:07:17,3290.2,733023
2021-06-14 10:07:18,3290.0,733075
2021-06-14 10:07:19,3290.0,733104
2021-06-14 10:07:20,3290.0,733116
2021-06-14 10:07:20,3290.0,733119
2021-06-14 10:07:22,3290.2,733151
2021-06-14 10:07:23,3290.0,733754
2021-06-14 10:07:25,3290.0,734043
2021-06-14 10:07:26,3289.25,734193
2021-06-14 10:07:26,3289.25,734193
2021-06-14 10:07:27,3290.0,734197
2021-06-14 10:07:28,3290.0,734232
2021-06-14 10:07:30,3290.0,734288
2021-06-14 10:07:31,3290.0,734313
2021-06-14 10:07:32,3290.0,734327
2021-06-14 10:07:33,3290.2,734478
2021-06-14 10:07:34,3290.0,734595
2021-06-14 10:07:35,3290.0,734596
2021-06-14 10:07:36,3290.0,734621
2021-06-14 10:07:37,3290.0,734691
2021-06-14 10:07:37,3289.0,734716
2021-06-14 10:07:39,3290.0,734718
2021-06-14 10:07:41,3289.8,735023
2021-06-14 10:07:42,3289.25,735065
2021-06-14 10:07:43,3289.8,735073
2021-06-14 10:07:44,3289.8,735078
2021-06-14 10:07:45,3289.8,735078
2021-06-14 10:07:46,3289.8,735131
2021-06-14 10:07:47,3289.8,735172
2021-06-14 10:07:48,3289.25,735472
2021-06-14 10:07:49,3289.75,735772
2021-06-14 10:07:50,3289.75,735889
2021-06-14 10:07:52,3289.75,735991
2021-06-14 10:07:53,3289.0,736072
2021-06-14 10:07:54,3289.75,736073
