timestamp,ltp,volume
2021-06-14 09:15:48,1069.0,57980
2021-06-14 09:15:49,1068.7,57996
2021-06-14 09:15:50,1069.0,58037
2021-06-14 09:15:51,1068.7,58088
2021-06-14 09:15:53,1069.75,58160
2021-06-14 09:15:58,1069.35,58711
2021-06-14 09:16:00,1069.4,58968
2021-06-14 09:16:01,1068.7,59029
2021-06-14 09:16:02,1068.5,59124
2021-06-14 09:16:04,1068.0,59454
2021-06-14 09:16:05,1068.0,59594
2021-06-14 09:16:06,1068.15,59737
2021-06-14 09:16:07,1068.05,59833
2021-06-14 09:16:08,1068.0,59884
2021-06-14 09:16:09,1068.35,59940
2021-06-14 09:16:10,1068.0,61410
2021-06-14 09:16:11,1068.0,61600
2021-06-14 09:16:13,1067.85,62110
2021-06-14 09:16:12,1068.0,61949
2021-06-14 09:16:14,1067.0,62212
2021-06-14 09:16:15,1067.0,62289
2021-06-14 09:16:16,1067.0,62487
2021-06-14 09:16:17,1067.0,62702
2021-06-14 09:16:18,1066.45,62755
2021-06-14 09:16:19,1066.1,62814
2021-06-14 09:16:20,1066.1,63115
2021-06-14 09:16:21,1066.0,63225
2021-06-14 09:16:22,1067.75,65641
2021-06-14 09:16:23,1067.4,66477
2021-06-14 09:16:24,1067.3,67002
2021-06-14 09:16:25,1067.2,67112
2021-06-14 09:16:26,1066.95,67428
2021-06-14 09:16:27,1067.4,67771
2021-06-14 09:16:28,1067.4,67926
2021-06-14 09:16:29,1067.8,68062
2021-06-14 09:16:31,1067.3,68126
2021-06-14 09:16:30,1067.15,68097
2021-06-14 09:16:32,1067.3,68237
2021-06-14 09:16:33,1069.25,69850
2021-06-14 09:16:34,1067.35,70816
2021-06-14 09:16:35,1067.95,71424
2021-06-14 09:16:36,1069.9,72606
2021-06-14 09:16:38,1068.8,73207
2021-06-14 09:16:39,1068.3,73222
2021-06-14 09:16:40,1068.65,73318
2021-06-14 09:16:41,1068.65,73418
2021-06-14 09:16:42,1068.05,73438
2021-06-14 09:16:44,1068.05,73566
2021-06-14 09:16:45,1068.65,73640
2021-06-14 09:16:46,1068.05,73665
2021-06-14 09:16:47,1068.55,73715
2021-06-14 09:16:48,1068.55,73715
2021-06-14 09:16:49,1068.25,73795
2021-06-14 09:16:50,1068.25,73895
2021-06-14 09:16:51,1068.25,73995
2021-06-14 09:16:52,1068.55,74250
2021-06-14 09:16:53,1068.0,74265
2021-06-14 09:16:54,1068.45,74342
2021-06-14 09:16:55,1068.3,74352
2021-06-14 09:16:56,1068.25,74377
2021-06-14 09:16:57,1068.25,74377
2021-06-14 09:16:58,1068.25,74397
2021-06-14 09:16:59,1067.75,74618
2021-06-14 09:17:00,1068.9,77546
2021-06-14 09:17:01,1069.1,79079
2021-06-14 09:17:02,1068.5,79382
2021-06-14 09:17:03,1068.5,79382
2021-06-14 09:17:06,1069.5,85005
2021-06-14 09:17:07,1069.75,87064
2021-06-14 09:17:07,1069.3,87082
2021-06-14 09:17:08,1069.65,89346
2021-06-14 09:17:09,1070.0,91520
2021-06-14 09:17:10,1075.35,110866
2021-06-14 09:17:11,1074.75,117173
2021-06-14 09:17:12,1073.2,120837
2021-06-14 09:17:13,1072.95,123992
2021-06-14 09:17:14,1072.0,128397
2021-06-14 09:17:15,1071.0,131964
2021-06-14 09:17:16,1070.4,136973
2021-06-14 09:17:17,1069.65,140494
2021-06-14 09:17:18,1069.65,151763
2021-06-14 09:17:19,1069.7,157169
2021-06-14 09:17:20,1069.65,158426
2021-06-14 09:17:21,1069.35,158608
2021-06-14 09:17:22,1069.35,158608
2021-06-14 09:17:23,1068.95,158660
2021-06-14 09:17:24,1070.0,158975
2021-06-14 09:17:25,1068.9,160039
2021-06-14 09:17:27,1068.8,160390
2021-06-14 09:17:27,1069.2,160491
2021-06-14 09:17:28,1069.3,160542
2021-06-14 09:17:29,1068.8,160587
2021-06-14 09:17:30,1068.55,167392
2021-06-14 09:17:31,1067.8,168208
2021-06-14 09:17:32,1068.55,174594
2021-06-14 09:17:33,1068.5,174744
2021-06-14 09:17:34,1068.65,176140
2021-06-14 09:17:35,1068.85,176818
2021-06-14 09:17:36,1067.9,176902
2021-06-14 09:17:37,1069.0,177222
2021-06-14 09:17:38,1068.85,177257
2021-06-14 09:17:40,1070.1,177919
2021-06-14 09:17:41,1069.65,177929
2021-06-14 09:17:43,1070.05,178373
2021-06-14 09:17:44,1070.05,178373
2021-06-14 09:17:45,1070.05,178374
2021-06-14 09:17:47,1070.1,180496
2021-06-14 09:17:48,1069.45,181204
2021-06-14 09:17:49,1069.0,181339
2021-06-14 09:17:49,1068.6,181673
2021-06-14 09:17:50,1068.5,181695
2021-06-14 09:17:51,1069.05,182210
2021-06-14 09:17:52,1068.05,182741
2021-06-14 09:17:53,1067.85,182885
2021-06-14 09:17:54,1068.55,183149
2021-06-14 09:17:55,1068.45,183224
2021-06-14 09:17:56,1068.9,183327
2021-06-14 09:17:57,1068.45,183437
2021-06-14 09:17:58,1067.9,183750
2021-06-14 09:17:59,1068.45,183834
2021-06-14 09:18:01,1068.65,184162
2021-06-14 09:18:01,1068.35,184267
2021-06-14 09:18:02,1068.5,184277
2021-06-14 09:18:03,1068.75,184289
2021-06-14 09:18:04,1068.15,184424
2021-06-14 09:18:05,1069.5,185667
2021-06-14 09:18:06,1068.0,185766
2021-06-14 09:18:07,1068.5,187260
2021-06-14 09:18:08,1068.5,187588
2021-06-14 09:18:09,1067.95,188521
2021-06-14 09:18:10,1068.1,188526
2021-06-14 09:18:11,1068.1,188527
2021-06-14 09:18:13,1067.8,188802
2021-06-14 09:18:14,1067.2,189158
2021-06-14 09:18:14,1067.05,190521
2021-06-14 09:18:16,1066.0,194692
2021-06-14 09:18:17,1066.55,195174
2021-06-14 09:18:18,1066.55,195174
2021-06-14 09:18:19,1066.8,195723
2021-06-14 09:18:20,1066.4,196223
2021-06-14 09:18:22,1066.05,196225
2021-06-14 09:18:23,1066.05,196225
2021-06-14 09:18:24,1066.05,196287
2021-06-14 09:18:24,1066.05,196287
2021-06-14 09:18:25,1066.05,196390
2021-06-14 09:18:26,1066.35,196958
2021-06-14 09:18:27,1066.6,197139
2021-06-14 09:18:28,1066.6,197176
2021-06-14 09:18:29,1066.55,197191
2021-06-14 09:18:30,1066.55,197405
2021-06-14 09:18:31,1066.8,197818
2021-06-14 09:18:33,1067.0,198089
2021-06-14 09:18:34,1067.0,198814
2021-06-14 09:18:35,1067.0,198827
2021-06-14 09:18:36,1067.2,198878
2021-06-14 09:18:36,1067.2,198928
2021-06-14 09:18:37,1066.95,199013
2021-06-14 09:18:38,1066.9,199023
2021-06-14 09:18:39,1066.9,199083
2021-06-14 09:18:40,1066.9,199085
2021-06-14 09:18:41,1067.0,199429
2021-06-14 09:18:42,1067.2,199441
2021-06-14 09:18:43,1067.2,199491
2021-06-14 09:18:44,1067.2,199492
2021-06-14 09:18:45,1067.2,199512
2021-06-14 09:18:46,1067.2,199512
2021-06-14 09:18:47,1067.0,199609
2021-06-14 09:18:48,1067.0,199692
2021-06-14 09:18:49,1067.25,200838
2021-06-14 09:18:50,1067.25,201054
2021-06-14 09:18:51,1067.45,201081
2021-06-14 09:18:53,1068.0,202713
2021-06-14 09:18:54,1068.0,202860
2021-06-14 09:18:55,1068.1,203017
2021-06-14 09:18:56,1068.1,203542
2021-06-14 09:18:57,1068.65,204230
2021-06-14 09:18:57,1068.65,204229
2021-06-14 09:18:58,1069.1,204271
2021-06-14 09:19:00,1068.8,204972
2021-06-14 09:18:59,1068.8,204351
2021-06-14 09:19:01,1068.8,205446
2021-06-14 09:19:02,1068.8,206178
2021-06-14 09:19:03,1068.3,206681
2021-06-14 09:19:04,1067.4,206828
2021-06-14 09:19:05,1067.4,206844
2021-06-14 09:19:07,1067.95,209504
2021-06-14 09:19:08,1067.9,209703
2021-06-14 09:19:09,1067.7,210249
2021-06-14 09:19:10,1067.4,211377
2021-06-14 09:19:12,1067.85,211535
2021-06-14 09:19:12,1067.85,211535
2021-06-14 09:19:13,1067.85,211535
2021-06-14 09:19:14,1067.4,211886
2021-06-14 09:19:15,1067.4,212500
2021-06-14 09:19:16,1067.4,212501
2021-06-14 09:19:17,1067.2,212514
2021-06-14 09:19:18,1067.4,212655
2021-06-14 09:19:19,1067.4,212655
2021-06-14 09:19:20,1067.4,212666
2021-06-14 09:19:21,1067.25,214995
2021-06-14 09:19:22,1067.4,215697
2021-06-14 09:19:23,1067.35,215773
2021-06-14 09:19:24,1067.0,215873
2021-06-14 09:19:25,1067.35,216062
2021-06-14 09:19:26,1067.55,216348
2021-06-14 09:19:27,1068.05,216930
2021-06-14 09:19:29,1068.05,217130
2021-06-14 09:19:30,1068.05,217240
2021-06-14 09:19:31,1068.05,217240
2021-06-14 09:19:32,1068.0,217454
2021-06-14 09:19:33,1067.8,217546
2021-06-14 09:19:34,1067.45,217589
2021-06-14 09:19:35,1068.0,218197
2021-06-14 09:19:36,1068.45,218198
2021-06-14 09:19:37,1068.0,218828
2021-06-14 09:19:38,1068.15,219614
2021-06-14 09:19:39,1068.25,219867
2021-06-14 09:19:39,1068.25,219867
2021-06-14 09:19:40,1068.3,220620
2021-06-14 09:19:41,1069.4,222969
2021-06-14 09:19:42,1069.1,223900
2021-06-14 09:19:44,1069.3,224147
2021-06-14 09:19:45,1069.5,224316
2021-06-14 09:19:46,1070.75,230819
2021-06-14 09:19:47,1070.75,231596
2021-06-14 09:19:48,1070.05,232228
2021-06-14 09:19:49,1069.95,232247
2021-06-14 09:19:51,1071.35,236853
2021-06-14 09:19:52,1071.9,238000
2021-06-14 09:19:53,1071.9,238324
2021-06-14 09:19:53,1071.9,238324
2021-06-14 09:19:54,1071.55,238344
2021-06-14 09:19:55,1071.55,238393
2021-06-14 09:19:56,1071.55,238508
2021-06-14 09:19:57,1070.75,238746
2021-06-14 09:19:58,1071.6,239619
2021-06-14 09:19:59,1071.65,240028
2021-06-14 09:20:00,1071.3,240136
2021-06-14 09:20:01,1071.3,241136
2021-06-14 09:20:02,1071.4,241693
2021-06-14 09:20:03,1070.7,241770
2021-06-14 09:20:04,1070.15,241941
2021-06-14 09:20:06,1070.15,241951
2021-06-14 09:20:07,1070.35,241966
2021-06-14 09:20:07,1070.7,241977
2021-06-14 09:20:08,1070.7,242017
2021-06-14 09:20:09,1070.7,242017
2021-06-14 09:20:10,1070.2,242160
2021-06-14 09:20:11,1070.7,242172
2021-06-14 09:20:12,1070.15,242248
2021-06-14 09:20:14,1070.3,244812
2021-06-14 09:20:15,1069.6,245737
2021-06-14 09:20:16,1069.25,245933
2021-06-14 09:20:17,1069.15,245952
2021-06-14 09:20:18,1069.0,246133
2021-06-14 09:20:19,1069.1,246461
2021-06-14 09:20:19,1069.0,246462
2021-06-14 09:20:21,1067.85,249486
2021-06-14 09:20:22,1067.5,249576
2021-06-14 09:20:23,1067.4,249589
2021-06-14 09:20:24,1067.25,249951
2021-06-14 09:20:25,1067.0,250588
2021-06-14 09:20:26,1067.25,250613
2021-06-14 09:20:27,1067.05,251177
2021-06-14 09:20:28,1067.2,252623
2021-06-14 09:20:30,1067.45,253048
2021-06-14 09:20:31,1067.35,253109
2021-06-14 09:20:32,1066.5,253351
2021-06-14 09:20:34,1066.35,253684
2021-06-14 09:20:34,1066.6,254203
2021-06-14 09:20:36,1065.95,256767
2021-06-14 09:20:37,1065.1,257070
2021-06-14 09:20:38,1065.05,257928
2021-06-14 09:20:39,1065.0,259534
2021-06-14 09:20:40,1064.2,260345
2021-06-14 09:20:41,1064.2,260578
2021-06-14 09:20:42,1064.8,261008
2021-06-14 09:20:43,1064.8,261138
2021-06-14 09:20:43,1065.0,261374
2021-06-14 09:20:44,1064.8,261425
2021-06-14 09:20:45,1065.25,261625
2021-06-14 09:20:46,1064.3,261737
2021-06-14 09:20:48,1064.85,262065
2021-06-14 09:20:49,1064.05,262143
2021-06-14 09:20:49,1064.6,262148
2021-06-14 09:20:50,1064.05,262400
2021-06-14 09:20:51,1064.05,262941
2021-06-14 09:20:52,1064.65,263091
2021-06-14 09:20:53,1064.1,263337
2021-06-14 09:20:54,1064.6,264257
2021-06-14 09:20:55,1064.55,264456
2021-06-14 09:20:57,1064.3,264581
2021-06-14 09:20:58,1064.3,264629
2021-06-14 09:20:59,1064.2,264639
2021-06-14 09:21:00,1064.1,264915
2021-06-14 09:21:01,1064.8,265008
2021-06-14 09:21:02,1064.75,265153
2021-06-14 09:21:03,1064.75,265162
2021-06-14 09:21:04,1064.8,265354
2021-06-14 09:21:05,1064.2,266816
2021-06-14 09:21:06,1064.5,266852
2021-06-14 09:21:06,1065.0,267382
2021-06-14 09:21:07,1065.05,267438
2021-06-14 09:21:08,1065.8,267443
2021-06-14 09:21:09,1065.8,267541
2021-06-14 09:21:10,1066.4,267580
2021-06-14 09:21:11,1066.5,267809
2021-06-14 09:21:12,1066.35,268232
2021-06-14 09:21:13,1065.8,268334
2021-06-14 09:21:15,1066.3,268364
2021-06-14 09:21:16,1065.65,268417
2021-06-14 09:21:17,1066.25,268829
2021-06-14 09:21:18,1066.25,268829
2021-06-14 09:21:19,1066.5,269141
2021-06-14 09:21:20,1066.0,269196
2021-06-14 09:21:20,1066.0,269196
2021-06-14 09:21:21,1066.4,269246
2021-06-14 09:21:22,1066.45,269376
2021-06-14 09:21:23,1066.0,269384
2021-06-14 09:21:24,1065.9,269409
2021-06-14 09:21:25,1066.4,269674
2021-06-14 09:21:26,1066.4,270020
2021-06-14 09:21:28,1065.8,270118
2021-06-14 09:21:29,1065.9,270228
2021-06-14 09:21:30,1065.9,270245
2021-06-14 09:21:31,1065.9,270245
2021-06-14 09:21:32,1066.5,270395
2021-06-14 09:21:33,1065.95,270449
2021-06-14 09:21:34,1065.55,270609
2021-06-14 09:21:35,1065.5,270682
2021-06-14 09:21:36,1065.5,270682
2021-06-14 09:21:36,1065.5,270682
2021-06-14 09:21:37,1066.2,270889
2021-06-14 09:21:38,1066.2,270932
2021-06-14 09:21:39,1066.05,271371
2021-06-14 09:21:40,1065.5,271449
2021-06-14 09:21:42,1066.1,271775
2021-06-14 09:21:43,1066.1,272007
2021-06-14 09:21:44,1066.1,272040
2021-06-14 09:21:44,1066.1,272040
2021-06-14 09:21:45,1066.1,272040
2021-06-14 09:21:46,1065.9,272287
2021-06-14 09:21:49,1065.55,272412
2021-06-14 09:21:50,1066.0,272710
2021-06-14 09:21:50,1066.15,272720
2021-06-14 09:21:51,1065.5,272785
2021-06-14 09:21:52,1066.0,272915
2021-06-14 09:21:53,1065.05,273714
2021-06-14 09:21:54,1065.0,273852
2021-06-14 09:21:56,1065.1,273902
2021-06-14 09:21:57,1065.5,274083
2021-06-14 09:21:58,1065.15,274128
2021-06-14 09:21:58,1065.15,274330
2021-06-14 09:21:59,1065.55,274379
2021-06-14 09:22:00,1065.75,274418
2021-06-14 09:22:01,1065.15,274433
2021-06-14 09:22:03,1065.05,274570
2021-06-14 09:22:04,1065.0,274752
2021-06-14 09:22:06,1065.0,274870
2021-06-14 09:22:06,1065.0,274870
2021-06-14 09:22:07,1065.6,274941
2021-06-14 09:22:08,1066.05,275051
2021-06-14 09:22:09,1065.3,275068
2021-06-14 09:22:11,1065.3,275068
2021-06-14 09:22:13,1065.35,275199
2021-06-14 09:22:13,1065.35,275199
2021-06-14 09:22:14,1065.95,275223
2021-06-14 09:22:16,1066.0,275393
2021-06-14 09:22:17,1065.2,275425
2021-06-14 09:22:18,1065.85,275500
2021-06-14 09:22:19,1066.0,275643
2021-06-14 09:22:20,1065.85,275682
2021-06-14 09:22:20,1065.85,275682
2021-06-14 09:22:21,1065.85,275702
2021-06-14 09:22:22,1065.35,275737
2021-06-14 09:22:23,1065.5,275800
2021-06-14 09:22:24,1065.3,276327
2021-06-14 09:22:26,1065.45,276410
2021-06-14 09:22:27,1065.3,276430
2021-06-14 09:22:28,1065.65,276475
2021-06-14 09:22:30,1065.85,276810
2021-06-14 09:22:31,1066.0,277084
2021-06-14 09:22:32,1065.85,277364
2021-06-14 09:22:33,1066.0,277447
2021-06-14 09:22:34,1065.65,277460
2021-06-14 09:22:36,1065.6,277643
2021-06-14 09:22:37,1066.25,277879
2021-06-14 09:22:38,1066.35,277917
2021-06-14 09:22:39,1065.9,277972
2021-06-14 09:22:40,1065.7,277983
2021-06-14 09:22:41,1065.7,278263
2021-06-14 09:22:43,1064.55,279999
2021-06-14 09:22:43,1064.8,279865
2021-06-14 09:22:44,1065.1,280043
2021-06-14 09:22:45,1065.75,280193
2021-06-14 09:22:46,1064.75,280222
2021-06-14 09:22:47,1065.3,280232
2021-06-14 09:22:48,1064.95,280332
2021-06-14 09:22:51,1065.0,280596
2021-06-14 09:22:52,1064.6,280599
2021-06-14 09:22:53,1064.55,280619
2021-06-14 09:22:54,1064.95,280680
2021-06-14 09:22:55,1064.95,280680
2021-06-14 09:22:56,1064.35,280805
2021-06-14 09:22:57,1064.9,280833
2021-06-14 09:22:58,1064.9,280833
2021-06-14 09:22:59,1064.9,280854
2021-06-14 09:23:00,1064.9,280854
2021-06-14 09:23:01,1065.05,281054
2021-06-14 09:23:02,1064.95,281108
2021-06-14 09:23:03,1064.5,281177
2021-06-14 09:23:04,1064.7,281347
2021-06-14 09:23:05,1064.7,281362
2021-06-14 09:23:06,1064.15,281562
2021-06-14 09:23:07,1064.15,281562
2021-06-14 09:23:08,1065.3,281912
2021-06-14 09:23:09,1065.3,281912
2021-06-14 09:23:10,1064.85,281913
2021-06-14 09:23:11,1064.15,282151
2021-06-14 09:23:12,1064.75,282451
2021-06-14 09:23:13,1064.75,282577
2021-06-14 09:23:14,1064.75,282577
2021-06-14 09:23:15,1064.75,282657
2021-06-14 09:23:16,1064.8,282667
2021-06-14 09:23:17,1064.75,282668
2021-06-14 09:23:18,1064.75,282668
2021-06-14 09:23:19,1064.9,282681
2021-06-14 09:23:20,1064.95,283051
2021-06-14 09:23:21,1064.85,283154
2021-06-14 09:23:22,1064.7,283249
2021-06-14 09:23:23,1064.8,283549
2021-06-14 09:23:24,1064.8,283549
2021-06-14 09:23:25,1064.5,283550
2021-06-14 09:23:26,1064.2,284158
2021-06-14 09:23:27,1064.1,284221
2021-06-14 09:23:28,1064.1,284221
2021-06-14 09:23:29,1064.1,284221
2021-06-14 09:23:30,1064.2,284226
2021-06-14 09:23:31,1064.2,284236
2021-06-14 09:23:32,1063.55,286174
2021-06-14 09:23:33,1063.55,286174
2021-06-14 09:23:35,1063.45,286397
2021-06-14 09:23:36,1063.8,286453
2021-06-14 09:23:37,1063.2,286786
2021-06-14 09:23:38,1063.0,286841
2021-06-14 09:23:39,1063.0,286841
2021-06-14 09:23:40,1063.55,286959
2021-06-14 09:23:41,1063.0,287074
2021-06-14 09:23:42,1063.0,287074
2021-06-14 09:23:43,1063.0,287844
2021-06-14 09:23:44,1063.45,288310
2021-06-14 09:23:45,1064.3,288909
2021-06-14 09:23:46,1064.05,288929
2021-06-14 09:23:46,1064.0,288994
2021-06-14 09:23:47,1064.0,289007
2021-06-14 09:23:48,1064.0,289055
2021-06-14 09:23:50,1063.55,289403
2021-06-14 09:23:51,1063.75,289423
2021-06-14 09:23:52,1063.75,289423
2021-06-14 09:23:53,1063.85,289429
2021-06-14 09:23:54,1064.35,290570
2021-06-14 09:23:55,1063.85,290717
2021-06-14 09:23:56,1063.85,290717
2021-06-14 09:23:57,1064.35,290720
2021-06-14 09:23:58,1064.35,290720
2021-06-14 09:23:59,1063.65,290726
2021-06-14 09:24:00,1063.65,290726
2021-06-14 09:24:01,1064.15,290786
2021-06-14 09:24:02,1064.0,290827
2021-06-14 09:24:03,1063.5,291087
2021-06-14 09:24:04,1063.5,291143
2021-06-14 09:24:05,1064.0,291163
2021-06-14 09:24:06,1064.0,291324
2021-06-14 09:24:07,1064.2,291485
2021-06-14 09:24:08,1064.2,291485
2021-06-14 09:24:09,1064.2,291496
2021-06-14 09:24:10,1064.2,291496
2021-06-14 09:24:11,1064.0,291548
2021-06-14 09:24:11,1064.0,291548
2021-06-14 09:24:12,1064.95,292548
2021-06-14 09:24:13,1064.95,292548
2021-06-14 09:24:15,1064.0,292557
2021-06-14 09:24:16,1064.45,292559
2021-06-14 09:24:17,1064.55,292564
2021-06-14 09:24:18,1063.9,292609
2021-06-14 09:24:19,1064.0,292626
2021-06-14 09:24:20,1064.5,292631
2021-06-14 09:24:21,1064.0,292636
2021-06-14 09:24:22,1064.0,292641
2021-06-14 09:24:23,1064.1,292917
2021-06-14 09:24:24,1064.1,292967
2021-06-14 09:24:25,1064.0,292983
2021-06-14 09:24:26,1064.1,293043
2021-06-14 09:24:28,1064.5,293144
2021-06-14 09:24:30,1064.45,293264
2021-06-14 09:24:31,1064.4,293277
2021-06-14 09:24:32,1064.4,293277
2021-06-14 09:24:33,1064.0,293436
2021-06-14 09:24:35,1063.85,294057
2021-06-14 09:24:36,1063.85,294092
2021-06-14 09:24:37,1063.85,294094
2021-06-14 09:24:38,1063.9,294194
2021-06-14 09:24:39,1063.85,294214
2021-06-14 09:24:40,1063.55,294215
2021-06-14 09:24:41,1063.6,294320
2021-06-14 09:24:42,1063.6,294320
2021-06-14 09:24:43,1063.8,294330
2021-06-14 09:24:44,1063.6,295008
2021-06-14 09:24:45,1063.55,295020
2021-06-14 09:24:46,1063.65,295221
2021-06-14 09:24:47,1063.65,295317
2021-06-14 09:24:48,1063.65,295387
2021-06-14 09:24:49,1063.9,295560
2021-06-14 09:24:50,1063.2,295691
2021-06-14 09:24:51,1063.2,295691
2021-06-14 09:24:52,1063.9,295813
2021-06-14 09:24:53,1063.9,295813
2021-06-14 09:24:53,1063.7,295834
2021-06-14 09:24:55,1063.5,295886
2021-06-14 09:24:56,1063.5,295907
2021-06-14 09:24:57,1063.6,295909
2021-06-14 09:24:59,1063.6,296200
2021-06-14 09:25:00,1063.05,296240
2021-06-14 09:25:01,1062.5,297319
2021-06-14 09:25:02,1061.7,297964
2021-06-14 09:25:04,1061.0,299697
2021-06-14 09:25:05,1061.5,299944
2021-06-14 09:25:06,1061.0,300044
2021-06-14 09:25:07,1061.5,300338
2021-06-14 09:25:08,1061.45,300478
2021-06-14 09:25:09,1061.65,300541
2021-06-14 09:25:10,1061.65,300541
2021-06-14 09:25:11,1061.25,301012
2021-06-14 09:25:13,1061.5,301126
2021-06-14 09:25:14,1060.6,301171
2021-06-14 09:25:14,1060.6,301171
2021-06-14 09:25:15,1060.45,301494
2021-06-14 09:25:16,1060.45,301549
2021-06-14 09:25:17,1060.15,301852
2021-06-14 09:25:18,1060.75,302022
2021-06-14 09:25:20,1060.1,302182
2021-06-14 09:25:21,1060.65,302807
2021-06-14 09:25:22,1060.8,302963
2021-06-14 09:25:23,1061.0,303068
2021-06-14 09:25:24,1061.3,303935
2021-06-14 09:25:25,1060.8,304700
2021-06-14 09:25:26,1061.4,304820
2021-06-14 09:25:27,1061.0,304866
2021-06-14 09:25:28,1061.25,305497
2021-06-14 09:25:29,1061.3,305746
2021-06-14 09:25:30,1061.3,306159
2021-06-14 09:25:31,1061.1,306893
2021-06-14 09:25:31,1061.05,307497
2021-06-14 09:25:33,1061.05,307728
2021-06-14 09:25:34,1061.05,307814
2021-06-14 09:25:35,1060.85,308661
2021-06-14 09:25:36,1060.15,314542
2021-06-14 09:25:37,1059.9,314963
2021-06-14 09:25:38,1058.35,315865
2021-06-14 09:25:40,1058.65,317886
2021-06-14 09:25:41,1058.85,318497
2021-06-14 09:25:42,1058.25,318719
2021-06-14 09:25:44,1058.6,319449
2021-06-14 09:25:43,1058.1,319430
2021-06-14 09:25:45,1058.35,319569
2021-06-14 09:25:46,1058.25,319762
2021-06-14 09:25:47,1058.4,320043
2021-06-14 09:25:48,1059.3,320290
2021-06-14 09:25:49,1059.75,320955
2021-06-14 09:25:50,1059.7,321005
2021-06-14 09:25:51,1058.4,321347
2021-06-14 09:25:52,1059.1,322241
2021-06-14 09:25:53,1058.6,322282
2021-06-14 09:25:54,1058.7,322466
2021-06-14 09:25:55,1058.7,322492
2021-06-14 09:25:56,1058.85,322715
2021-06-14 09:25:57,1059.0,323749
2021-06-14 09:25:58,1059.0,323749
2021-06-14 09:25:59,1059.0,323960
2021-06-14 09:26:00,1059.05,323970
2021-06-14 09:26:01,1060.0,324776
2021-06-14 09:26:02,1060.0,324927
2021-06-14 09:26:03,1060.0,325366
2021-06-14 09:26:04,1060.0,325466
2021-06-14 09:26:05,1061.0,327035
2021-06-14 09:26:06,1059.6,327248
2021-06-14 09:26:07,1059.6,327413
2021-06-14 09:26:08,1059.25,327443
2021-06-14 09:26:09,1060.8,328555
2021-06-14 09:26:10,1060.05,328647
2021-06-14 09:26:11,1060.0,328663
2021-06-14 09:26:13,1059.05,329543
2021-06-14 09:26:14,1059.35,330385
2021-06-14 09:26:15,1059.3,330653
2021-06-14 09:26:16,1059.35,330712
2021-06-14 09:26:17,1059.25,330742
2021-06-14 09:26:18,1059.25,330747
2021-06-14 09:26:19,1060.0,331101
2021-06-14 09:26:20,1059.75,331502
2021-06-14 09:26:21,1059.25,331613
2021-06-14 09:26:22,1059.15,331678
2021-06-14 09:26:23,1059.4,331792
2021-06-14 09:26:24,1059.15,331793
2021-06-14 09:26:25,1059.65,331865
2021-06-14 09:26:26,1060.0,332107
2021-06-14 09:26:27,1060.7,332254
2021-06-14 09:26:28,1059.5,333862
2021-06-14 09:26:29,1059.55,334205
2021-06-14 09:26:30,1059.7,334307
2021-06-14 09:26:31,1059.6,335044
2021-06-14 09:26:32,1060.0,335172
2021-06-14 09:26:33,1060.0,335272
2021-06-14 09:26:34,1060.5,335807
2021-06-14 09:26:36,1060.0,335903
2021-06-14 09:26:39,1060.45,336195
2021-06-14 09:26:40,1060.25,336218
2021-06-14 09:26:41,1060.0,336259
2021-06-14 09:26:42,1060.0,336279
2021-06-14 09:26:43,1060.0,336284
2021-06-14 09:26:44,1060.0,336322
2021-06-14 09:26:45,1060.5,336458
2021-06-14 09:26:46,1060.45,336575
2021-06-14 09:26:47,1060.45,336575
2021-06-14 09:26:48,1060.5,336907
2021-06-14 09:26:49,1060.3,336917
2021-06-14 09:26:50,1060.3,336970
2021-06-14 09:26:51,1060.3,336970
2021-06-14 09:26:52,1060.3,337121
2021-06-14 09:26:53,1060.0,337151
2021-06-14 09:26:54,1060.15,337172
2021-06-14 09:26:55,1060.15,337252
2021-06-14 09:26:56,1060.3,337386
2021-06-14 09:26:57,1060.3,338252
2021-06-14 09:26:58,1060.0,338284
2021-06-14 09:26:59,1060.2,338550
2021-06-14 09:27:00,1062.0,340027
2021-06-14 09:27:01,1061.6,340643
2021-06-14 09:27:02,1061.65,340739
2021-06-14 09:27:04,1060.9,340758
2021-06-14 09:27:03,1060.9,340758
2021-06-14 09:27:05,1060.75,341008
2021-06-14 09:27:06,1060.6,341053
2021-06-14 09:27:07,1060.6,341053
2021-06-14 09:27:08,1060.6,341064
2021-06-14 09:27:09,1061.3,341307
2021-06-14 09:27:10,1060.75,341419
2021-06-14 09:27:11,1060.95,341467
2021-06-14 09:27:12,1060.95,341509
2021-06-14 09:27:13,1060.95,341534
2021-06-14 09:27:14,1060.95,341534
2021-06-14 09:27:15,1061.4,341592
2021-06-14 09:27:17,1062.5,342539
2021-06-14 09:27:18,1062.55,343131
2021-06-14 09:27:19,1062.25,344303
2021-06-14 09:27:20,1062.5,345098
2021-06-14 09:27:21,1061.95,345342
2021-06-14 09:27:23,1062.4,345453
2021-06-14 09:27:24,1061.9,345473
2021-06-14 09:27:25,1061.9,345473
2021-06-14 09:27:26,1062.9,345973
2021-06-14 09:27:27,1061.95,346061
2021-06-14 09:27:28,1062.4,346087
2021-06-14 09:27:29,1062.4,346087
2021-06-14 09:27:30,1062.4,346097
2021-06-14 09:27:31,1062.4,346097
2021-06-14 09:27:32,1062.4,346097
2021-06-14 09:27:33,1062.5,346147
2021-06-14 09:27:34,1063.0,346647
2021-06-14 09:27:35,1063.0,346647
2021-06-14 09:27:36,1061.6,346747
2021-06-14 09:27:37,1061.65,347047
2021-06-14 09:27:38,1062.25,347140
2021-06-14 09:27:39,1062.25,347161
2021-06-14 09:27:40,1062.25,347171
2021-06-14 09:27:41,1062.6,347362
2021-06-14 09:27:42,1062.55,347468
2021-06-14 09:27:43,1062.55,347468
2021-06-14 09:27:44,1062.6,347484
2021-06-14 09:27:45,1062.6,347984
2021-06-14 09:27:46,1062.55,348061
2021-06-14 09:27:47,1062.5,348171
2021-06-14 09:27:48,1062.4,348341
2021-06-14 09:27:49,1062.4,348446
2021-06-14 09:27:50,1062.25,348447
2021-06-14 09:27:51,1062.05,348459
2021-06-14 09:27:54,1062.25,348494
2021-06-14 09:27:55,1062.4,348506
2021-06-14 09:27:56,1062.4,348735
2021-06-14 09:27:57,1062.0,348745
2021-06-14 09:27:58,1062.0,348957
2021-06-14 09:27:59,1062.0,348957
2021-06-14 09:28:00,1062.1,348967
2021-06-14 09:28:02,1061.9,349009
2021-06-14 09:28:03,1061.8,349030
2021-06-14 09:28:04,1061.8,349251
2021-06-14 09:28:05,1061.45,349261
2021-06-14 09:28:06,1061.25,349375
2021-06-14 09:28:07,1061.25,349425
2021-06-14 09:28:08,1061.25,349456
2021-06-14 09:28:09,1061.25,349832
2021-06-14 09:28:11,1061.45,350123
2021-06-14 09:28:11,1061.4,350398
2021-06-14 09:28:12,1061.4,350636
2021-06-14 09:28:13,1061.4,350636
2021-06-14 09:28:14,1061.25,351139
2021-06-14 09:28:15,1061.0,351241
2021-06-14 09:28:16,1061.55,351743
2021-06-14 09:28:17,1061.3,351800
2021-06-14 09:28:18,1061.0,351815
2021-06-14 09:28:19,1061.0,351917
2021-06-14 09:28:20,1061.0,351917
2021-06-14 09:28:21,1061.45,352192
2021-06-14 09:28:22,1061.0,352207
2021-06-14 09:28:23,1061.3,352209
2021-06-14 09:28:24,1061.0,352341
2021-06-14 09:28:25,1061.0,352341
2021-06-14 09:28:26,1060.5,352441
2021-06-14 09:28:27,1060.75,352445
2021-06-14 09:28:28,1060.5,352495
2021-06-14 09:28:29,1060.75,352648
2021-06-14 09:28:30,1060.75,352648
2021-06-14 09:28:31,1061.25,353148
2021-06-14 09:28:32,1060.5,353186
2021-06-14 09:28:33,1060.5,353186
2021-06-14 09:28:34,1060.5,353197
2021-06-14 09:28:35,1060.5,353197
2021-06-14 09:28:36,1060.85,353217
2021-06-14 09:28:37,1060.85,353221
2021-06-14 09:28:38,1060.5,353233
2021-06-14 09:28:39,1060.5,353233
2021-06-14 09:28:40,1060.8,353634
2021-06-14 09:28:41,1060.8,353692
2021-06-14 09:28:43,1060.8,353758
2021-06-14 09:28:44,1060.8,353758
2021-06-14 09:28:46,1061.2,354084
2021-06-14 09:28:47,1060.85,354125
2021-06-14 09:28:48,1060.8,354138
2021-06-14 09:28:49,1060.8,354138
2021-06-14 09:28:50,1060.9,354188
2021-06-14 09:28:50,1060.9,354188
2021-06-14 09:28:52,1060.9,354238
2021-06-14 09:28:53,1060.8,356955
2021-06-14 09:28:53,1060.8,356960
2021-06-14 09:28:54,1061.4,357887
2021-06-14 09:28:55,1060.9,358134
2021-06-14 09:28:56,1060.75,358149
2021-06-14 09:28:57,1061.0,358399
2021-06-14 09:28:58,1060.7,358532
2021-06-14 09:28:59,1060.45,358982
2021-06-14 09:29:00,1061.0,359121
2021-06-14 09:29:01,1060.65,359221
2021-06-14 09:29:02,1061.0,359222
2021-06-14 09:29:03,1061.05,359321
2021-06-14 09:29:04,1060.95,360061
2021-06-14 09:29:05,1060.95,360061
2021-06-14 09:29:06,1060.95,360061
2021-06-14 09:29:07,1061.25,360187
2021-06-14 09:29:08,1061.5,360395
2021-06-14 09:29:09,1062.0,360470
2021-06-14 09:29:10,1062.0,360470
2021-06-14 09:29:11,1061.8,360524
2021-06-14 09:29:12,1061.85,360544
2021-06-14 09:29:13,1061.85,360544
2021-06-14 09:29:14,1061.85,360566
2021-06-14 09:29:15,1061.95,360997
2021-06-14 09:29:17,1061.45,361022
2021-06-14 09:29:18,1061.3,361023
2021-06-14 09:29:18,1061.3,361023
2021-06-14 09:29:20,1061.15,361198
2021-06-14 09:29:21,1061.65,364242
2021-06-14 09:29:23,1061.75,364577
2021-06-14 09:29:23,1061.75,364577
2021-06-14 09:29:24,1061.05,365136
2021-06-14 09:29:25,1061.05,365483
2021-06-14 09:29:26,1061.05,365483
2021-06-14 09:29:28,1060.95,365504
2021-06-14 09:29:28,1060.95,365504
2021-06-14 09:29:29,1060.95,365504
2021-06-14 09:29:30,1061.5,365704
2021-06-14 09:29:32,1061.5,365745
2021-06-14 09:29:33,1061.55,365880
2021-06-14 09:29:34,1061.65,365929
2021-06-14 09:29:35,1061.65,365929
2021-06-14 09:29:35,1061.65,365929
2021-06-14 09:29:36,1061.45,365939
2021-06-14 09:29:37,1061.4,365952
2021-06-14 09:29:38,1061.75,366066
2021-06-14 09:29:39,1061.75,366066
2021-06-14 09:29:40,1061.5,366076
2021-06-14 09:29:41,1061.4,366126
2021-06-14 09:29:42,1061.75,366136
2021-06-14 09:29:43,1061.75,366284
2021-06-14 09:29:45,1061.75,366296
2021-06-14 09:29:46,1061.75,366296
2021-06-14 09:29:47,1061.4,366342
2021-06-14 09:29:48,1061.4,366360
2021-06-14 09:29:49,1061.7,366363
2021-06-14 09:29:50,1061.7,366382
2021-06-14 09:29:51,1061.7,366472
2021-06-14 09:29:52,1061.7,366712
2021-06-14 09:29:53,1061.4,367199
2021-06-14 09:29:54,1062.05,367272
2021-06-14 09:29:55,1061.7,367283
2021-06-14 09:29:56,1061.7,367394
2021-06-14 09:29:57,1061.45,367621
2021-06-14 09:29:58,1061.45,367672
2021-06-14 09:29:59,1061.6,367690
2021-06-14 09:30:00,1061.85,367724
2021-06-14 09:30:01,1061.6,367819
2021-06-14 09:30:02,1061.45,368229
2021-06-14 09:30:03,1061.75,368297
2021-06-14 09:30:04,1061.5,368322
2021-06-14 09:30:05,1061.0,368476
2021-06-14 09:30:06,1061.5,368499
2021-06-14 09:30:07,1061.25,368519
2021-06-14 09:30:08,1061.5,368561
2021-06-14 09:30:09,1060.1,369210
2021-06-14 09:30:10,1060.25,369649
2021-06-14 09:30:11,1060.25,370096
2021-06-14 09:30:13,1060.85,370425
2021-06-14 09:30:14,1061.65,370646
2021-06-14 09:30:15,1061.65,370702
2021-06-14 09:30:15,1061.6,370710
2021-06-14 09:30:17,1061.6,370798
2021-06-14 09:30:18,1061.2,371020
2021-06-14 09:30:18,1061.65,371053
2021-06-14 09:30:19,1061.65,371058
2021-06-14 09:30:21,1061.4,371614
2021-06-14 09:30:22,1061.65,372024
2021-06-14 09:30:23,1061.95,372630
2021-06-14 09:30:25,1062.5,373985
2021-06-14 09:30:26,1062.2,374513
2021-06-14 09:30:27,1062.8,374605
2021-06-14 09:30:28,1062.4,375206
2021-06-14 09:30:29,1063.0,375296
2021-06-14 09:30:30,1062.55,375322
2021-06-14 09:30:31,1062.7,375376
2021-06-14 09:30:32,1062.7,375551
2021-06-14 09:30:33,1062.85,375678
2021-06-14 09:30:35,1062.85,375707
2021-06-14 09:30:35,1062.85,375750
2021-06-14 09:30:36,1062.85,375756
2021-06-14 09:30:37,1062.85,375778
2021-06-14 09:30:38,1062.5,375794
2021-06-14 09:30:39,1062.9,375908
2021-06-14 09:30:40,1062.95,376016
2021-06-14 09:30:41,1063.05,376370
2021-06-14 09:30:42,1063.3,376477
2021-06-14 09:30:43,1063.3,376510
2021-06-14 09:30:44,1064.35,377614
2021-06-14 09:30:45,1064.25,378089
2021-06-14 09:30:46,1064.35,378160
2021-06-14 09:30:47,1064.35,378377
2021-06-14 09:30:48,1065.0,379415
2021-06-14 09:30:49,1064.95,379761
2021-06-14 09:30:50,1065.0,379813
2021-06-14 09:30:51,1065.0,379904
2021-06-14 09:30:52,1065.0,379917
2021-06-14 09:30:53,1064.45,379940
2021-06-14 09:30:54,1064.45,379945
2021-06-14 09:30:55,1065.0,379988
2021-06-14 09:30:56,1064.45,379996
2021-06-14 09:30:57,1064.95,380007
2021-06-14 09:30:58,1064.95,380044
2021-06-14 09:30:59,1064.5,380089
2021-06-14 09:31:01,1064.95,380122
2021-06-14 09:31:02,1064.3,380427
2021-06-14 09:31:03,1064.4,380574
2021-06-14 09:31:04,1064.35,380599
2021-06-14 09:31:06,1063.7,380610
2021-06-14 09:31:08,1063.6,380729
2021-06-14 09:31:09,1063.55,381100
2021-06-14 09:31:10,1063.55,381178
2021-06-14 09:31:10,1063.55,381190
2021-06-14 09:31:11,1063.2,381194
2021-06-14 09:31:12,1063.55,381205
2021-06-14 09:31:13,1063.55,381821
2021-06-14 09:31:15,1063.4,381988
2021-06-14 09:31:16,1063.4,381999
2021-06-14 09:31:17,1063.6,382226
2021-06-14 09:31:18,1063.55,382291
2021-06-14 09:31:19,1063.5,382376
2021-06-14 09:31:20,1063.45,382458
2021-06-14 09:31:21,1063.45,382484
2021-06-14 09:31:22,1063.45,382487
2021-06-14 09:31:23,1063.45,382488
2021-06-14 09:31:24,1063.45,382488
2021-06-14 09:31:25,1063.55,382497
2021-06-14 09:31:26,1063.05,382512
2021-06-14 09:31:27,1063.35,382515
2021-06-14 09:31:28,1062.95,382550
2021-06-14 09:31:29,1062.9,382591
2021-06-14 09:31:30,1063.35,382598
2021-06-14 09:31:31,1063.0,382599
2021-06-14 09:31:32,1063.35,382613
2021-06-14 09:31:33,1063.35,382616
2021-06-14 09:31:34,1063.35,382616
2021-06-14 09:31:35,1063.35,382616
2021-06-14 09:31:36,1063.35,382773
2021-06-14 09:31:37,1063.35,382850
2021-06-14 09:31:38,1063.35,382889
2021-06-14 09:31:39,1063.55,382895
2021-06-14 09:31:40,1063.0,382927
2021-06-14 09:31:41,1063.0,382943
2021-06-14 09:31:42,1063.55,382945
2021-06-14 09:31:43,1063.5,382946
2021-06-14 09:31:44,1063.45,382948
2021-06-14 09:31:46,1062.55,383035
2021-06-14 09:31:48,1062.85,383080
2021-06-14 09:31:49,1062.85,383086
2021-06-14 09:31:50,1062.85,383087
2021-06-14 09:31:51,1062.4,383223
2021-06-14 09:31:52,1062.65,383259
2021-06-14 09:31:53,1062.85,383291
2021-06-14 09:31:55,1062.85,383360
2021-06-14 09:31:56,1062.85,383465
2021-06-14 09:31:57,1062.85,383485
2021-06-14 09:31:58,1062.85,383611
2021-06-14 09:31:59,1062.85,383640
2021-06-14 09:32:00,1062.85,383644
2021-06-14 09:32:01,1062.3,383925
2021-06-14 09:32:02,1062.8,384525
2021-06-14 09:32:03,1062.85,384626
2021-06-14 09:32:05,1061.5,385539
2021-06-14 09:32:06,1061.0,386148
2021-06-14 09:32:07,1061.0,386522
2021-06-14 09:32:08,1061.0,386594
2021-06-14 09:32:09,1061.0,386606
2021-06-14 09:32:10,1061.0,387229
2021-06-14 09:32:11,1061.0,387345
2021-06-14 09:32:12,1061.0,387429
2021-06-14 09:32:13,1061.3,387549
2021-06-14 09:32:14,1061.0,387613
2021-06-14 09:32:15,1061.15,387913
2021-06-14 09:32:16,1061.2,388058
2021-06-14 09:32:17,1061.1,388093
2021-06-14 09:32:18,1061.0,388110
2021-06-14 09:32:20,1061.15,392315
2021-06-14 09:32:21,1060.1,393279
2021-06-14 09:32:22,1060.05,393654
2021-06-14 09:32:23,1060.0,394542
2021-06-14 09:32:25,1060.45,395047
2021-06-14 09:32:26,1059.75,395080
2021-06-14 09:32:27,1060.1,395085
2021-06-14 09:32:28,1059.7,395133
2021-06-14 09:32:29,1060.1,395140
2021-06-14 09:32:30,1060.1,395146
2021-06-14 09:32:32,1060.05,395544
2021-06-14 09:32:34,1059.9,396042
2021-06-14 09:32:36,1060.45,396138
2021-06-14 09:32:37,1060.0,396152
2021-06-14 09:32:38,1059.75,396205
2021-06-14 09:32:39,1059.6,396622
2021-06-14 09:32:40,1059.85,396758
2021-06-14 09:32:41,1059.55,397057
2021-06-14 09:32:43,1059.6,397159
2021-06-14 09:32:44,1059.2,397253
2021-06-14 09:32:45,1059.25,399036
2021-06-14 09:32:46,1059.3,399810
2021-06-14 09:32:47,1060.0,400039
2021-06-14 09:32:48,1059.6,400228
2021-06-14 09:32:49,1060.0,400458
2021-06-14 09:32:51,1060.2,400580
2021-06-14 09:32:51,1060.2,400671
2021-06-14 09:32:54,1061.5,400994
2021-06-14 09:32:54,1060.7,401078
2021-06-14 09:32:55,1060.7,401093
2021-06-14 09:32:56,1061.4,401131
2021-06-14 09:32:57,1061.25,401171
2021-06-14 09:32:58,1060.8,401191
2021-06-14 09:32:59,1060.95,401195
2021-06-14 09:33:00,1060.95,401195
2021-06-14 09:33:01,1061.35,401251
2021-06-14 09:33:02,1061.35,401260
2021-06-14 09:33:03,1061.3,401595
2021-06-14 09:33:04,1061.35,401865
2021-06-14 09:33:05,1060.35,401952
2021-06-14 09:33:07,1060.55,401966
2021-06-14 09:33:08,1060.8,402099
2021-06-14 09:33:09,1060.8,402142
2021-06-14 09:33:10,1061.15,402148
2021-06-14 09:33:11,1060.8,402154
2021-06-14 09:33:12,1061.15,402155
2021-06-14 09:33:13,1061.15,402183
2021-06-14 09:33:14,1061.35,402188
2021-06-14 09:33:15,1061.35,402199
2021-06-14 09:33:16,1061.35,402201
2021-06-14 09:33:17,1062.1,402648
2021-06-14 09:33:18,1062.75,407042
2021-06-14 09:33:19,1062.05,407779
2021-06-14 09:33:20,1061.55,407900
2021-06-14 09:33:21,1061.55,408568
2021-06-14 09:33:23,1062.55,408756
2021-06-14 09:33:24,1061.85,408769
2021-06-14 09:33:26,1062.2,408776
2021-06-14 09:33:27,1062.2,408776
2021-06-14 09:33:29,1062.15,408806
2021-06-14 09:33:30,1062.15,408807
2021-06-14 09:33:31,1062.15,408812
2021-06-14 09:33:32,1062.15,408814
2021-06-14 09:33:33,1062.15,408814
2021-06-14 09:33:34,1061.5,408815
2021-06-14 09:33:35,1061.55,408835
2021-06-14 09:33:36,1062.25,408957
2021-06-14 09:33:37,1062.25,409040
2021-06-14 09:33:38,1062.25,409065
2021-06-14 09:33:39,1062.55,409069
2021-06-14 09:33:40,1062.55,409069
2021-06-14 09:33:41,1062.55,409069
2021-06-14 09:33:42,1062.15,409482
2021-06-14 09:33:43,1062.05,410064
2021-06-14 09:33:44,1061.8,410152
2021-06-14 09:33:45,1061.55,410171
2021-06-14 09:33:46,1061.8,410174
2021-06-14 09:33:48,1060.75,411499
2021-06-14 09:33:49,1060.65,411649
2021-06-14 09:33:51,1060.6,411673
2021-06-14 09:33:52,1060.6,411677
2021-06-14 09:33:53,1060.6,411677
2021-06-14 09:33:54,1060.55,411684
2021-06-14 09:33:55,1060.6,411900
2021-06-14 09:33:56,1061.15,411978
2021-06-14 09:33:57,1061.3,411993
2021-06-14 09:34:00,1061.15,412282
2021-06-14 09:34:01,1061.9,412827
2021-06-14 09:34:01,1061.85,412939
2021-06-14 09:34:03,1061.35,413076
2021-06-14 09:34:04,1061.8,413143
2021-06-14 09:34:06,1061.35,413342
2021-06-14 09:34:09,1061.4,413521
2021-06-14 09:34:09,1061.8,413571
2021-06-14 09:34:10,1061.9,413618
2021-06-14 09:34:12,1062.15,413808
2021-06-14 09:34:12,1061.9,413896
2021-06-14 09:34:14,1061.85,413939
2021-06-14 09:34:15,1062.25,413946
2021-06-14 09:34:16,1062.0,413952
2021-06-14 09:34:17,1062.25,413999
2021-06-14 09:34:18,1061.85,414040
2021-06-14 09:34:19,1062.4,417150
2021-06-14 09:34:20,1063.35,419244
2021-06-14 09:34:21,1062.55,419839
2021-06-14 09:34:22,1063.1,419929
2021-06-14 09:34:23,1063.0,420043
2021-06-14 09:34:24,1062.75,420279
2021-06-14 09:34:25,1063.35,421401
2021-06-14 09:34:26,1063.7,421761
2021-06-14 09:34:27,1063.6,422090
2021-06-14 09:34:28,1063.7,422255
2021-06-14 09:34:29,1063.7,422504
2021-06-14 09:34:30,1063.7,422541
2021-06-14 09:34:31,1063.0,422575
2021-06-14 09:34:32,1063.4,422680
2021-06-14 09:34:33,1063.0,422766
2021-06-14 09:34:34,1063.7,422979
2021-06-14 09:34:35,1063.75,423209
2021-06-14 09:34:36,1063.75,423293
2021-06-14 09:34:37,1063.95,423316
2021-06-14 09:34:38,1063.75,423346
2021-06-14 09:34:39,1063.7,423759
2021-06-14 09:34:41,1063.55,424192
2021-06-14 09:34:42,1063.45,424808
2021-06-14 09:34:43,1063.0,425000
2021-06-14 09:34:44,1063.4,425129
2021-06-14 09:34:45,1063.0,425175
2021-06-14 09:34:46,1063.0,425232
2021-06-14 09:34:47,1063.0,425256
2021-06-14 09:34:48,1063.0,425270
2021-06-14 09:34:49,1063.4,425353
2021-06-14 09:34:50,1063.5,425366
2021-06-14 09:34:51,1063.5,425378
2021-06-14 09:34:52,1063.5,425451
2021-06-14 09:34:53,1063.1,425634
2021-06-14 09:34:54,1063.0,425665
2021-06-14 09:34:55,1063.0,425690
2021-06-14 09:34:56,1063.45,425694
2021-06-14 09:34:57,1063.0,425741
2021-06-14 09:34:58,1063.0,425760
2021-06-14 09:34:59,1063.0,425769
2021-06-14 09:35:00,1063.0,425774
2021-06-14 09:35:01,1063.0,425800
2021-06-14 09:35:04,1063.45,425854
2021-06-14 09:35:03,1063.45,425848
2021-06-14 09:35:05,1063.45,425855
2021-06-14 09:35:07,1063.5,426271
2021-06-14 09:35:06,1063.45,425974
2021-06-14 09:35:08,1064.1,426748
2021-06-14 09:35:09,1064.1,426898
2021-06-14 09:35:10,1064.5,426922
2021-06-14 09:35:11,1064.1,427015
2021-06-14 09:35:13,1063.5,427207
2021-06-14 09:35:12,1064.1,427029
2021-06-14 09:35:14,1063.15,427350
2021-06-14 09:35:15,1063.15,427382
2021-06-14 09:35:17,1063.5,427392
2021-06-14 09:35:16,1063.1,427389
2021-06-14 09:35:18,1063.5,427443
2021-06-14 09:35:19,1063.05,427455
2021-06-14 09:35:20,1063.1,427459
2021-06-14 09:35:21,1063.05,427470
2021-06-14 09:35:22,1063.05,427499
2021-06-14 09:35:24,1063.5,427587
2021-06-14 09:35:23,1063.05,427524
2021-06-14 09:35:25,1063.5,427627
2021-06-14 09:35:26,1063.5,427643
2021-06-14 09:35:27,1064.0,428567
2021-06-14 09:35:28,1063.7,428760
2021-06-14 09:35:29,1063.9,428789
2021-06-14 09:35:30,1063.7,428813
2021-06-14 09:35:31,1064.05,429187
2021-06-14 09:35:32,1064.65,429488
2021-06-14 09:35:32,1064.6,429533
2021-06-14 09:35:33,1064.05,429640
2021-06-14 09:35:34,1064.15,429656
2021-06-14 09:35:35,1064.2,429705
2021-06-14 09:35:36,1064.05,429763
2021-06-14 09:35:37,1064.2,429771
2021-06-14 09:35:38,1064.2,429797
2021-06-14 09:35:40,1064.05,429895
2021-06-14 09:35:41,1064.2,429910
2021-06-14 09:35:42,1064.2,430068
2021-06-14 09:35:43,1064.2,430183
2021-06-14 09:35:44,1064.2,430200
2021-06-14 09:35:45,1064.2,430426
2021-06-14 09:35:46,1064.2,430509
2021-06-14 09:35:47,1064.7,430526
2021-06-14 09:35:48,1064.6,430568
2021-06-14 09:35:50,1064.6,430711
2021-06-14 09:35:51,1064.6,430876
2021-06-14 09:35:52,1064.1,430953
2021-06-14 09:35:53,1064.6,430965
2021-06-14 09:35:54,1064.6,430967
2021-06-14 09:35:55,1064.7,431125
2021-06-14 09:35:56,1064.6,431176
2021-06-14 09:35:57,1064.7,431184
2021-06-14 09:35:58,1064.0,431346
2021-06-14 09:35:59,1064.65,431507
2021-06-14 09:36:00,1064.65,431531
2021-06-14 09:36:01,1064.5,431560
2021-06-14 09:36:02,1064.5,431564
2021-06-14 09:36:03,1064.05,431594
2021-06-14 09:36:05,1064.25,431848
2021-06-14 09:36:07,1064.5,431981
2021-06-14 09:36:08,1064.0,432396
2021-06-14 09:36:10,1064.1,432478
2021-06-14 09:36:11,1063.8,432605
2021-06-14 09:36:12,1064.05,433633
2021-06-14 09:36:13,1063.25,433940
2021-06-14 09:36:14,1063.8,434061
2021-06-14 09:36:16,1063.4,435229
2021-06-14 09:36:17,1064.2,435404
2021-06-14 09:36:18,1063.5,435467
2021-06-14 09:36:19,1063.8,435542
2021-06-14 09:36:20,1063.8,435553
2021-06-14 09:36:21,1064.1,436070
2021-06-14 09:36:22,1064.05,436410
2021-06-14 09:36:23,1064.85,436461
2021-06-14 09:36:24,1064.5,436469
2021-06-14 09:36:25,1064.1,436472
2021-06-14 09:36:26,1064.45,436473
2021-06-14 09:36:27,1064.9,437521
2021-06-14 09:36:28,1064.2,437725
2021-06-14 09:36:29,1064.45,437756
2021-06-14 09:36:30,1064.45,437802
2021-06-14 09:36:31,1064.45,437809
2021-06-14 09:36:32,1064.0,437980
2021-06-14 09:36:33,1064.45,438066
2021-06-14 09:36:34,1064.45,438079
2021-06-14 09:36:35,1064.45,438081
2021-06-14 09:36:36,1064.05,438096
2021-06-14 09:36:38,1064.05,438112
2021-06-14 09:36:40,1064.05,438224
2021-06-14 09:36:42,1063.95,438350
2021-06-14 09:36:43,1063.15,438458
2021-06-14 09:36:45,1063.45,438484
2021-06-14 09:36:47,1063.35,438776
2021-06-14 09:36:48,1063.2,438814
2021-06-14 09:36:49,1063.2,438820
2021-06-14 09:36:50,1063.15,438840
2021-06-14 09:36:51,1063.15,438843
2021-06-14 09:36:52,1063.15,438843
2021-06-14 09:36:53,1063.15,438843
2021-06-14 09:36:56,1063.05,439971
2021-06-14 09:36:57,1062.6,440320
2021-06-14 09:36:58,1062.6,440384
2021-06-14 09:36:59,1062.7,440428
2021-06-14 09:37:01,1063.1,440707
2021-06-14 09:37:02,1062.75,440798
2021-06-14 09:37:03,1063.0,440873
2021-06-14 09:37:04,1063.95,441894
2021-06-14 09:37:05,1063.2,442225
2021-06-14 09:37:07,1063.55,442282
2021-06-14 09:37:08,1063.05,442294
2021-06-14 09:37:09,1063.55,442407
2021-06-14 09:37:10,1063.55,442424
2021-06-14 09:37:11,1062.7,442825
2021-06-14 09:37:12,1062.95,442886
2021-06-14 09:37:13,1062.95,442895
2021-06-14 09:37:15,1062.85,442902
2021-06-14 09:37:14,1062.2,442901
2021-06-14 09:37:18,1062.0,443093
2021-06-14 09:37:19,1062.2,443097
2021-06-14 09:37:20,1062.2,443152
2021-06-14 09:37:21,1062.2,443181
2021-06-14 09:37:22,1063.0,443545
2021-06-14 09:37:23,1063.45,443600
2021-06-14 09:37:24,1063.0,444118
2021-06-14 09:37:25,1063.25,444296
2021-06-14 09:37:26,1062.5,444422
2021-06-14 09:37:27,1063.0,444441
2021-06-14 09:37:28,1062.25,445200
2021-06-14 09:37:29,1062.95,445349
2021-06-14 09:37:30,1062.95,445372
2021-06-14 09:37:31,1062.95,445376
2021-06-14 09:37:32,1063.95,446169
2021-06-14 09:37:33,1063.85,446288
2021-06-14 09:37:34,1063.85,446306
2021-06-14 09:37:35,1063.85,446317
2021-06-14 09:37:36,1063.95,446532
2021-06-14 09:37:37,1063.8,446565
2021-06-14 09:37:38,1063.3,446870
2021-06-14 09:37:39,1063.3,446944
2021-06-14 09:37:40,1063.3,446971
2021-06-14 09:37:41,1063.25,447131
2021-06-14 09:37:42,1063.3,447192
2021-06-14 09:37:43,1063.8,447202
2021-06-14 09:37:44,1063.8,447204
2021-06-14 09:37:45,1063.8,447204
2021-06-14 09:37:46,1064.05,447381
2021-06-14 09:37:48,1064.15,447454
2021-06-14 09:37:49,1064.15,447462
2021-06-14 09:37:52,1064.65,447488
2021-06-14 09:37:53,1064.7,447492
2021-06-14 09:37:54,1064.7,447493
2021-06-14 09:37:55,1064.15,447506
2021-06-14 09:37:56,1064.55,447508
2021-06-14 09:37:57,1064.65,447514
2021-06-14 09:37:58,1064.0,447537
2021-06-14 09:37:59,1064.5,447640
2021-06-14 09:38:00,1064.5,447729
2021-06-14 09:38:01,1064.5,447742
2021-06-14 09:38:02,1064.5,447744
2021-06-14 09:38:03,1064.5,447895
2021-06-14 09:38:04,1064.5,447968
2021-06-14 09:38:05,1064.5,448379
2021-06-14 09:38:06,1064.5,448941
2021-06-14 09:38:07,1064.1,449053
2021-06-14 09:38:08,1064.1,449081
2021-06-14 09:38:09,1064.1,449146
2021-06-14 09:38:10,1064.2,449187
2021-06-14 09:38:11,1064.0,449416
2021-06-14 09:38:12,1064.25,449450
2021-06-14 09:38:13,1064.2,449455
2021-06-14 09:38:14,1064.2,449456
2021-06-14 09:38:15,1064.2,449456
2021-06-14 09:38:16,1064.1,449499
2021-06-14 09:38:17,1064.05,449581
2021-06-14 09:38:18,1064.05,449655
2021-06-14 09:38:19,1064.2,449697
2021-06-14 09:38:20,1064.2,449703
2021-06-14 09:38:21,1064.2,449704
2021-06-14 09:38:22,1064.2,449705
2021-06-14 09:38:23,1064.1,449726
2021-06-14 09:38:24,1064.15,449730
2021-06-14 09:38:25,1064.1,449734
2021-06-14 09:38:26,1064.15,449735
2021-06-14 09:38:27,1064.15,449833
2021-06-14 09:38:28,1064.25,450737
2021-06-14 09:38:29,1064.4,450872
2021-06-14 09:38:30,1064.25,450893
2021-06-14 09:38:31,1064.15,450896
2021-06-14 09:38:32,1064.15,450896
2021-06-14 09:38:33,1064.0,450921
2021-06-14 09:38:34,1064.15,451073
2021-06-14 09:38:35,1064.15,451141
2021-06-14 09:38:36,1064.0,452029
2021-06-14 09:38:37,1063.8,452273
2021-06-14 09:38:38,1063.95,452422
2021-06-14 09:38:39,1063.95,452444
2021-06-14 09:38:40,1063.95,452447
2021-06-14 09:38:41,1063.85,452449
2021-06-14 09:38:42,1063.85,452449
2021-06-14 09:38:43,1063.85,452449
2021-06-14 09:38:44,1063.85,452449
2021-06-14 09:38:45,1063.85,452556
2021-06-14 09:38:47,1063.85,452572
2021-06-14 09:38:48,1063.6,452586
2021-06-14 09:38:49,1063.6,452593
2021-06-14 09:38:50,1063.85,452650
2021-06-14 09:38:51,1064.0,455925
2021-06-14 09:38:52,1064.85,457025
2021-06-14 09:38:53,1064.85,457190
2021-06-14 09:38:54,1064.75,457214
2021-06-14 09:38:55,1064.4,457738
2021-06-14 09:38:56,1065.5,458561
2021-06-14 09:38:57,1064.95,459299
2021-06-14 09:38:58,1065.55,459410
2021-06-14 09:38:59,1065.2,459441
2021-06-14 09:39:00,1065.2,459693
2021-06-14 09:39:01,1065.55,459826
2021-06-14 09:39:02,1065.55,459856
2021-06-14 09:39:03,1065.55,459860
2021-06-14 09:39:05,1065.55,459881
2021-06-14 09:39:05,1065.55,459884
2021-06-14 09:39:06,1065.55,459884
2021-06-14 09:39:07,1065.55,459884
2021-06-14 09:39:08,1065.35,459895
2021-06-14 09:39:09,1065.55,459899
2021-06-14 09:39:10,1066.3,461016
2021-06-14 09:39:11,1066.5,461366
2021-06-14 09:39:12,1066.55,461946
2021-06-14 09:39:13,1066.55,462083
2021-06-14 09:39:14,1066.7,462206
2021-06-14 09:39:15,1067.25,462849
2021-06-14 09:39:16,1066.65,463561
2021-06-14 09:39:17,1066.95,463673
2021-06-14 09:39:18,1066.95,463690
2021-06-14 09:39:19,1067.0,463886
2021-06-14 09:39:20,1066.95,464169
2021-06-14 09:39:21,1067.4,467221
2021-06-14 09:39:22,1067.7,468238
2021-06-14 09:39:23,1067.7,468442
2021-06-14 09:39:24,1067.7,468478
2021-06-14 09:39:25,1067.5,468563
2021-06-14 09:39:26,1067.5,468575
2021-06-14 09:39:27,1067.4,469806
2021-06-14 09:39:28,1067.4,470191
2021-06-14 09:39:29,1067.2,470406
2021-06-14 09:39:30,1067.2,470518
2021-06-14 09:39:31,1067.2,470565
2021-06-14 09:39:32,1067.2,470577
2021-06-14 09:39:33,1067.2,470688
2021-06-14 09:39:34,1066.25,471705
2021-06-14 09:39:38,1066.95,472274
2021-06-14 09:39:39,1066.95,472279
2021-06-14 09:39:40,1066.95,472283
2021-06-14 09:39:41,1066.35,472340
2021-06-14 09:39:42,1066.2,472364
2021-06-14 09:39:43,1066.9,472659
2021-06-14 09:39:44,1066.9,475444
2021-06-14 09:39:45,1066.9,476393
2021-06-14 09:39:46,1066.5,479516
2021-06-14 09:39:47,1066.55,481183
2021-06-14 09:39:48,1066.95,481433
2021-06-14 09:39:49,1066.95,481471
2021-06-14 09:39:50,1066.75,481482
2021-06-14 09:39:51,1066.75,481608
2021-06-14 09:39:52,1066.75,481657
2021-06-14 09:39:53,1067.0,482277
2021-06-14 09:39:54,1067.35,482519
2021-06-14 09:39:55,1067.3,482805
2021-06-14 09:39:56,1067.3,482848
2021-06-14 09:39:57,1068.85,485206
2021-06-14 09:39:58,1068.55,485936
2021-06-14 09:39:59,1068.65,486599
2021-06-14 09:40:00,1068.8,486940
2021-06-14 09:40:01,1068.4,487097
2021-06-14 09:40:02,1068.15,487125
2021-06-14 09:40:03,1068.2,487141
2021-06-14 09:40:04,1068.45,487338
2021-06-14 09:40:05,1069.0,487584
2021-06-14 09:40:06,1068.85,488614
2021-06-14 09:40:07,1068.2,488824
2021-06-14 09:40:08,1068.7,488855
2021-06-14 09:40:09,1068.5,488910
2021-06-14 09:40:10,1068.25,488929
2021-06-14 09:40:11,1068.45,488932
2021-06-14 09:40:12,1068.45,488973
2021-06-14 09:40:13,1068.45,488979
2021-06-14 09:40:14,1069.0,490141
2021-06-14 09:40:15,1068.1,490523
2021-06-14 09:40:16,1068.7,490590
2021-06-14 09:40:17,1068.4,490709
2021-06-14 09:40:18,1068.3,490892
2021-06-14 09:40:20,1068.2,490928
2021-06-14 09:40:22,1069.3,492398
2021-06-14 09:40:23,1068.4,493242
2021-06-14 09:40:24,1068.4,493515
2021-06-14 09:40:24,1068.5,495593
2021-06-14 09:40:25,1068.95,496236
2021-06-14 09:40:26,1068.8,496672
2021-06-14 09:40:27,1068.55,496838
2021-06-14 09:40:28,1068.8,496863
2021-06-14 09:40:29,1068.8,496891
2021-06-14 09:40:30,1068.4,497044
2021-06-14 09:40:31,1069.0,498066
2021-06-14 09:40:32,1068.5,498343
2021-06-14 09:40:33,1068.95,498518
2021-06-14 09:40:34,1068.9,498570
2021-06-14 09:40:35,1068.85,498612
2021-06-14 09:40:38,1068.35,498880
2021-06-14 09:40:39,1068.7,498886
2021-06-14 09:40:40,1068.75,498887
2021-06-14 09:40:41,1068.1,498929
2021-06-14 09:40:41,1068.8,499435
2021-06-14 09:40:43,1068.2,500070
2021-06-14 09:40:44,1068.55,500151
2021-06-14 09:40:45,1068.55,500174
2021-06-14 09:40:48,1068.55,500207
2021-06-14 09:40:49,1068.55,500207
2021-06-14 09:40:51,1069.0,501885
2021-06-14 09:40:53,1069.0,502043
2021-06-14 09:40:54,1069.0,502236
2021-06-14 09:40:54,1069.0,502265
2021-06-14 09:40:55,1069.1,502322
2021-06-14 09:40:56,1068.9,502345
2021-06-14 09:40:57,1068.6,502417
2021-06-14 09:40:58,1069.0,502727
2021-06-14 09:41:01,1069.1,503022
2021-06-14 09:41:02,1068.15,504097
2021-06-14 09:41:03,1068.15,504278
2021-06-14 09:41:04,1069.15,505807
2021-06-14 09:41:05,1069.15,506036
2021-06-14 09:41:06,1068.7,506070
2021-06-14 09:41:06,1068.55,506075
2021-06-14 09:41:07,1068.2,506088
2021-06-14 09:41:09,1068.25,506297
2021-06-14 09:41:10,1068.55,506475
2021-06-14 09:41:11,1068.55,506502
2021-06-14 09:41:13,1068.55,506658
2021-06-14 09:41:14,1068.85,506681
2021-06-14 09:41:16,1068.35,508381
2021-06-14 09:41:15,1068.0,508072
2021-06-14 09:41:17,1068.35,508427
2021-06-14 09:41:18,1068.95,508838
2021-06-14 09:41:19,1068.95,508900
2021-06-14 09:41:20,1068.35,508983
2021-06-14 09:41:21,1068.95,508995
2021-06-14 09:41:22,1068.5,509922
2021-06-14 09:41:23,1068.5,510061
2021-06-14 09:41:24,1068.2,510219
2021-06-14 09:41:25,1068.2,510266
2021-06-14 09:41:27,1068.35,510274
2021-06-14 09:41:28,1068.35,510284
2021-06-14 09:41:29,1068.35,510285
2021-06-14 09:41:30,1068.0,511068
2021-06-14 09:41:31,1067.9,511332
2021-06-14 09:41:32,1068.0,511443
2021-06-14 09:41:33,1067.9,511559
2021-06-14 09:41:34,1067.75,511587
2021-06-14 09:41:35,1068.0,511701
2021-06-14 09:41:36,1068.0,513692
2021-06-14 09:41:37,1068.1,515523
2021-06-14 09:41:38,1068.7,515797
2021-06-14 09:41:39,1068.2,515859
2021-06-14 09:41:41,1068.1,515946
2021-06-14 09:41:42,1068.3,515959
2021-06-14 09:41:43,1068.1,516011
2021-06-14 09:41:44,1068.15,516070
2021-06-14 09:41:45,1068.3,517643
2021-06-14 09:41:46,1068.85,517879
2021-06-14 09:41:47,1068.55,517967
2021-06-14 09:41:48,1068.1,518030
2021-06-14 09:41:49,1068.15,518059
2021-06-14 09:41:50,1068.3,518239
2021-06-14 09:41:51,1068.05,518269
2021-06-14 09:41:52,1068.45,518282
2021-06-14 09:41:53,1068.45,518285
2021-06-14 09:41:54,1068.45,518387
2021-06-14 09:41:55,1068.45,518405
2021-06-14 09:41:56,1068.0,518588
2021-06-14 09:41:57,1068.5,518615
2021-06-14 09:41:58,1068.45,518639
2021-06-14 09:41:59,1068.9,519243
2021-06-14 09:42:00,1068.8,519333
2021-06-14 09:42:01,1068.75,519347
2021-06-14 09:42:01,1068.7,519349
2021-06-14 09:42:02,1068.05,520277
2021-06-14 09:42:03,1068.1,520580
2021-06-14 09:42:04,1068.0,520791
2021-06-14 09:42:06,1068.0,520856
2021-06-14 09:42:07,1068.45,521001
2021-06-14 09:42:08,1068.0,521053
2021-06-14 09:42:09,1067.9,521076
2021-06-14 09:42:10,1067.45,521112
2021-06-14 09:42:11,1067.95,521133
2021-06-14 09:42:12,1068.85,522285
2021-06-14 09:42:13,1068.15,522659
2021-06-14 09:42:14,1068.15,522719
2021-06-14 09:42:14,1068.0,522749
2021-06-14 09:42:16,1068.2,523264
2021-06-14 09:42:17,1068.2,523396
2021-06-14 09:42:18,1068.0,523430
2021-06-14 09:42:19,1068.15,523448
2021-06-14 09:42:20,1068.6,523451
2021-06-14 09:42:21,1068.25,523502
2021-06-14 09:42:22,1068.6,523691
2021-06-14 09:42:22,1068.2,523721
2021-06-14 09:42:24,1068.2,523756
2021-06-14 09:42:25,1068.6,523761
2021-06-14 09:42:27,1068.3,523763
2021-06-14 09:42:28,1068.15,524263
2021-06-14 09:42:29,1068.45,524988
2021-06-14 09:42:30,1068.45,525210
2021-06-14 09:42:31,1068.95,526342
2021-06-14 09:42:32,1068.25,527512
2021-06-14 09:42:33,1068.75,527984
2021-06-14 09:42:33,1069.0,528054
2021-06-14 09:42:35,1068.4,528118
2021-06-14 09:42:36,1068.4,528153
2021-06-14 09:42:37,1068.45,528239
2021-06-14 09:42:39,1068.4,528252
2021-06-14 09:42:40,1068.15,528275
2021-06-14 09:42:40,1068.45,528303
2021-06-14 09:42:41,1068.5,528318
2021-06-14 09:42:42,1068.5,528321
2021-06-14 09:42:43,1068.5,528321
2021-06-14 09:42:44,1068.5,528321
2021-06-14 09:42:46,1068.5,528446
2021-06-14 09:42:47,1068.45,529466
2021-06-14 09:42:47,1069.25,529619
2021-06-14 09:42:48,1068.5,529794
2021-06-14 09:42:49,1068.5,529847
2021-06-14 09:42:51,1069.0,529855
2021-06-14 09:42:51,1069.0,529976
2021-06-14 09:42:53,1069.0,530141
2021-06-14 09:42:55,1068.85,530217
2021-06-14 09:42:56,1069.05,530221
2021-06-14 09:42:56,1069.05,530222
2021-06-14 09:42:57,1068.95,530249
2021-06-14 09:42:58,1069.4,530292
2021-06-14 09:42:59,1068.85,530460
2021-06-14 09:43:00,1068.95,530537
2021-06-14 09:43:01,1069.0,530644
2021-06-14 09:43:02,1068.95,530674
2021-06-14 09:43:03,1069.0,530699
2021-06-14 09:43:04,1069.55,530908
2021-06-14 09:43:06,1068.75,530991
2021-06-14 09:43:07,1069.3,531004
2021-06-14 09:43:08,1069.3,531005
2021-06-14 09:43:08,1068.8,531006
2021-06-14 09:43:09,1068.8,531092
2021-06-14 09:43:10,1068.5,531426
2021-06-14 09:43:11,1068.4,531477
2021-06-14 09:43:12,1068.2,531531
2021-06-14 09:43:13,1068.2,531546
2021-06-14 09:43:14,1068.4,531563
2021-06-14 09:43:15,1068.4,531759
2021-06-14 09:43:17,1068.2,531824
2021-06-14 09:43:17,1068.5,531833
2021-06-14 09:43:19,1068.2,531840
2021-06-14 09:43:19,1068.5,531841
2021-06-14 09:43:21,1068.5,532000
2021-06-14 09:43:22,1069.05,532072
2021-06-14 09:43:22,1069.05,532083
2021-06-14 09:43:23,1068.95,532110
2021-06-14 09:43:24,1068.5,532182
2021-06-14 09:43:25,1068.95,532193
2021-06-14 09:43:26,1068.75,532195
2021-06-14 09:43:27,1068.5,532291
2021-06-14 09:43:28,1068.75,532409
2021-06-14 09:43:30,1068.9,532426
2021-06-14 09:43:31,1068.8,532455
2021-06-14 09:43:32,1068.9,532459
2021-06-14 09:43:33,1068.9,532460
2021-06-14 09:43:34,1068.55,532475
2021-06-14 09:43:35,1068.5,532527
2021-06-14 09:43:36,1068.5,532647
2021-06-14 09:43:36,1068.5,532676
2021-06-14 09:43:37,1068.85,532680
2021-06-14 09:43:38,1068.6,532681
2021-06-14 09:43:39,1068.6,532681
2021-06-14 09:43:40,1068.6,532681
2021-06-14 09:43:42,1068.6,532681
2021-06-14 09:43:43,1068.5,532743
2021-06-14 09:43:43,1068.5,532976
2021-06-14 09:43:45,1068.75,533180
2021-06-14 09:43:45,1068.75,533211
2021-06-14 09:43:46,1068.75,533216
2021-06-14 09:43:48,1068.25,533222
2021-06-14 09:43:48,1068.55,533223
2021-06-14 09:43:49,1068.55,533223
2021-06-14 09:43:50,1068.55,533253
2021-06-14 09:43:51,1068.55,533258
2021-06-14 09:43:52,1068.2,533275
2021-06-14 09:43:53,1068.55,533302
2021-06-14 09:43:55,1068.55,533306
2021-06-14 09:43:55,1068.5,533332
2021-06-14 09:43:56,1068.5,533336
2021-06-14 09:43:58,1067.75,535535
2021-06-14 09:43:59,1067.2,536276
2021-06-14 09:44:01,1067.9,536517
2021-06-14 09:44:01,1067.95,536604
2021-06-14 09:44:02,1067.9,536618
2021-06-14 09:44:03,1067.9,536621
2021-06-14 09:44:04,1067.9,536641
2021-06-14 09:44:06,1067.9,536644
2021-06-14 09:44:06,1067.55,536656
2021-06-14 09:44:08,1067.65,536658
2021-06-14 09:44:08,1067.6,536659
2021-06-14 09:44:09,1067.9,536714
2021-06-14 09:44:10,1068.2,536722
2021-06-14 09:44:11,1068.2,536723
2021-06-14 09:44:13,1068.05,536747
2021-06-14 09:44:13,1068.05,536751
2021-06-14 09:44:14,1067.85,536752
2021-06-14 09:44:15,1068.5,537813
2021-06-14 09:44:16,1067.9,538404
2021-06-14 09:44:17,1067.85,538598
2021-06-14 09:44:18,1067.9,538704
2021-06-14 09:44:19,1068.3,538719
2021-06-14 09:44:20,1068.1,538722
2021-06-14 09:44:21,1068.35,538875
2021-06-14 09:44:22,1068.3,539306
2021-06-14 09:44:23,1068.5,539444
2021-06-14 09:44:24,1068.5,539464
2021-06-14 09:44:25,1068.4,539467
2021-06-14 09:44:26,1068.1,539473
2021-06-14 09:44:27,1068.4,539474
2021-06-14 09:44:28,1068.5,541476
2021-06-14 09:44:29,1068.5,542424
2021-06-14 09:44:30,1068.2,543767
2021-06-14 09:44:33,1068.1,544187
2021-06-14 09:44:34,1068.5,544216
2021-06-14 09:44:34,1068.45,544220
2021-06-14 09:44:35,1069.4,545394
2021-06-14 09:44:36,1068.75,545777
2021-06-14 09:44:37,1069.3,545878
2021-06-14 09:44:38,1068.8,545896
2021-06-14 09:44:39,1068.8,545898
2021-06-14 09:44:41,1068.7,547008
2021-06-14 09:44:43,1069.65,547291
2021-06-14 09:44:44,1069.25,547407
2021-06-14 09:44:46,1069.0,547452
2021-06-14 09:44:47,1068.9,547490
2021-06-14 09:44:48,1068.9,547532
2021-06-14 09:44:49,1068.8,547545
2021-06-14 09:44:50,1068.65,547567
2021-06-14 09:44:52,1068.9,547657
2021-06-14 09:44:54,1069.05,547701
2021-06-14 09:44:55,1069.05,547803
2021-06-14 09:44:56,1069.7,547818
2021-06-14 09:44:57,1069.5,547824
2021-06-14 09:44:58,1069.5,547824
2021-06-14 09:44:59,1069.65,550924
2021-06-14 09:45:00,1069.15,553163
2021-06-14 09:45:01,1069.9,553499
2021-06-14 09:45:02,1069.15,553813
2021-06-14 09:45:03,1069.5,553960
2021-06-14 09:45:04,1069.5,554026
2021-06-14 09:45:05,1069.5,554676
2021-06-14 09:45:06,1069.1,554788
2021-06-14 09:45:07,1069.1,554883
2021-06-14 09:45:08,1069.3,554897
2021-06-14 09:45:09,1069.3,555470
2021-06-14 09:45:10,1068.9,555576
2021-06-14 09:45:11,1069.35,557021
2021-06-14 09:45:14,1068.45,558032
2021-06-14 09:45:15,1068.4,558151
2021-06-14 09:45:16,1068.25,558220
2021-06-14 09:45:17,1068.0,558329
2021-06-14 09:45:18,1068.25,558351
2021-06-14 09:45:19,1068.25,558355
2021-06-14 09:45:20,1067.9,558505
2021-06-14 09:45:21,1067.9,558549
2021-06-14 09:45:22,1068.15,558556
2021-06-14 09:45:23,1068.05,558567
2021-06-14 09:45:24,1068.05,558569
2021-06-14 09:45:25,1068.6,558969
2021-06-14 09:45:26,1068.25,559030
2021-06-14 09:45:27,1068.0,559108
2021-06-14 09:45:28,1068.9,559480
2021-06-14 09:45:29,1069.0,559536
2021-06-14 09:45:30,1069.0,559645
2021-06-14 09:45:31,1069.0,559712
2021-06-14 09:45:32,1068.55,559732
2021-06-14 09:45:34,1068.9,562373
2021-06-14 09:45:35,1068.6,562909
2021-06-14 09:45:36,1069.0,562989
2021-06-14 09:45:37,1069.0,563695
2021-06-14 09:45:39,1069.0,564170
2021-06-14 09:45:38,1069.0,563801
2021-06-14 09:45:40,1069.25,565025
2021-06-14 09:45:41,1070.0,565405
2021-06-14 09:45:42,1069.5,565777
2021-06-14 09:45:42,1069.95,566004
2021-06-14 09:45:43,1069.95,566308
2021-06-14 09:45:44,1070.0,568845
2021-06-14 09:45:45,1069.95,569356
2021-06-14 09:45:46,1070.2,574959
2021-06-14 09:45:47,1070.05,577023
2021-06-14 09:45:48,1070.2,578374
2021-06-14 09:45:49,1070.2,578982
2021-06-14 09:45:51,1071.0,579181
2021-06-14 09:45:51,1070.9,579333
2021-06-14 09:45:52,1071.4,580034
2021-06-14 09:45:55,1071.7,580849
2021-06-14 09:45:55,1071.3,581392
2021-06-14 09:45:57,1070.4,583150
2021-06-14 09:45:58,1069.55,584304
2021-06-14 09:45:59,1070.25,584498
2021-06-14 09:46:00,1070.25,584527
2021-06-14 09:46:01,1069.7,584706
2021-06-14 09:46:02,1070.05,584779
2021-06-14 09:46:03,1070.05,584800
2021-06-14 09:46:04,1070.0,584873
2021-06-14 09:46:05,1070.15,585063
2021-06-14 09:46:06,1070.0,585120
2021-06-14 09:46:07,1070.45,585191
2021-06-14 09:46:08,1070.2,586162
2021-06-14 09:46:09,1070.2,586508
2021-06-14 09:46:10,1070.2,586829
2021-06-14 09:46:11,1070.1,587080
2021-06-14 09:46:12,1070.75,587118
2021-06-14 09:46:13,1070.55,587185
2021-06-14 09:46:14,1070.6,587207
2021-06-14 09:46:15,1070.2,587443
2021-06-14 09:46:16,1070.9,587486
2021-06-14 09:46:17,1070.05,595724
2021-06-14 09:46:18,1070.85,596941
2021-06-14 09:46:19,1070.4,597488
2021-06-14 09:46:20,1071.0,597671
2021-06-14 09:46:21,1070.75,598037
2021-06-14 09:46:22,1071.1,603100
2021-06-14 09:46:23,1070.65,604306
2021-06-14 09:46:24,1070.9,605337
2021-06-14 09:46:25,1071.4,605604
2021-06-14 09:46:26,1071.45,605806
2021-06-14 09:46:27,1071.45,605984
2021-06-14 09:46:28,1071.9,606504
2021-06-14 09:46:29,1072.0,606668
2021-06-14 09:46:30,1071.5,606833
2021-06-14 09:46:31,1072.0,606942
2021-06-14 09:46:32,1071.45,607809
2021-06-14 09:46:33,1072.0,608281
2021-06-14 09:46:34,1072.0,609539
2021-06-14 09:46:35,1072.45,611479
2021-06-14 09:46:35,1072.45,611812
2021-06-14 09:46:36,1072.0,613237
2021-06-14 09:46:37,1072.65,614083
2021-06-14 09:46:39,1072.2,617547
2021-06-14 09:46:41,1072.0,620477
2021-06-14 09:46:43,1071.85,620951
2021-06-14 09:46:44,1072.0,621570
2021-06-14 09:46:44,1071.85,621665
2021-06-14 09:46:46,1071.95,622439
2021-06-14 09:46:46,1072.0,622555
2021-06-14 09:46:47,1072.0,623095
2021-06-14 09:46:49,1072.0,623357
2021-06-14 09:46:51,1072.0,624683
2021-06-14 09:46:52,1072.0,624996
2021-06-14 09:46:54,1071.45,625692
2021-06-14 09:46:56,1071.75,626875
2021-06-14 09:46:57,1071.85,627336
2021-06-14 09:46:58,1071.5,627479
2021-06-14 09:46:59,1071.95,627597
2021-06-14 09:47:01,1072.0,627768
2021-06-14 09:47:02,1071.95,628051
2021-06-14 09:47:03,1071.95,628246
2021-06-14 09:47:04,1072.0,628529
2021-06-14 09:47:05,1072.0,628581
2021-06-14 09:47:06,1072.0,628744
2021-06-14 09:47:07,1072.0,628943
2021-06-14 09:47:08,1071.95,629009
2021-06-14 09:47:09,1071.9,629392
2021-06-14 09:47:10,1071.9,630179
2021-06-14 09:47:12,1071.5,630533
2021-06-14 09:47:13,1071.75,631854
2021-06-14 09:47:14,1071.75,632467
2021-06-14 09:47:15,1071.85,632954
2021-06-14 09:47:16,1071.75,633160
2021-06-14 09:47:17,1071.8,633611
2021-06-14 09:47:18,1071.35,633920
2021-06-14 09:47:19,1071.75,634161
2021-06-14 09:47:20,1071.95,634373
2021-06-14 09:47:21,1071.95,634405
2021-06-14 09:47:22,1071.05,634746
2021-06-14 09:47:23,1071.0,635501
2021-06-14 09:47:24,1071.6,635634
2021-06-14 09:47:25,1071.4,635897
2021-06-14 09:47:27,1070.95,637142
2021-06-14 09:47:28,1071.0,637258
2021-06-14 09:47:29,1071.45,637414
2021-06-14 09:47:30,1071.4,637677
2021-06-14 09:47:32,1071.15,638518
2021-06-14 09:47:33,1070.85,638912
2021-06-14 09:47:34,1071.05,639033
2021-06-14 09:47:35,1071.45,639161
2021-06-14 09:47:36,1071.4,639382
2021-06-14 09:47:37,1071.4,639469
2021-06-14 09:47:38,1071.25,639546
2021-06-14 09:47:39,1071.45,639898
2021-06-14 09:47:40,1071.45,640105
2021-06-14 09:47:41,1071.45,640161
2021-06-14 09:47:42,1071.4,640412
2021-06-14 09:47:43,1071.45,641428
2021-06-14 09:47:44,1071.45,641995
2021-06-14 09:47:45,1071.25,642753
2021-06-14 09:47:46,1071.0,643046
2021-06-14 09:47:47,1071.45,643090
2021-06-14 09:47:48,1071.15,643245
2021-06-14 09:47:49,1071.4,644053
2021-06-14 09:47:50,1071.45,645231
2021-06-14 09:47:51,1071.1,645488
2021-06-14 09:47:52,1071.05,645735
2021-06-14 09:47:53,1071.1,645839
2021-06-14 09:47:54,1071.45,646649
2021-06-14 09:47:55,1071.8,647542
2021-06-14 09:47:56,1071.9,648074
2021-06-14 09:47:57,1071.65,648474
2021-06-14 09:47:58,1071.65,649592
2021-06-14 09:47:59,1071.2,650166
2021-06-14 09:48:00,1071.45,650363
2021-06-14 09:48:01,1072.0,650581
2021-06-14 09:48:02,1072.0,651328
2021-06-14 09:48:03,1071.55,651614
2021-06-14 09:48:04,1072.1,651657
2021-06-14 09:48:05,1072.1,651695
2021-06-14 09:48:06,1072.2,651824
2021-06-14 09:48:07,1072.2,651854
2021-06-14 09:48:08,1072.2,651906
2021-06-14 09:48:09,1072.5,652353
2021-06-14 09:48:10,1072.0,652739
2021-06-14 09:48:11,1071.75,653012
2021-06-14 09:48:12,1072.3,653364
2021-06-14 09:48:13,1072.0,653492
2021-06-14 09:48:14,1072.0,653548
2021-06-14 09:48:15,1072.35,653738
2021-06-14 09:48:16,1072.4,653767
2021-06-14 09:48:17,1072.0,653957
2021-06-14 09:48:18,1072.3,654035
2021-06-14 09:48:19,1072.4,657134
2021-06-14 09:48:20,1072.45,658711
2021-06-14 09:48:21,1072.75,659182
2021-06-14 09:48:22,1072.45,659354
2021-06-14 09:48:23,1072.75,659578
2021-06-14 09:48:24,1072.75,659945
2021-06-14 09:48:25,1072.8,660150
2021-06-14 09:48:26,1072.85,660368
2021-06-14 09:48:27,1072.8,660525
2021-06-14 09:48:28,1072.45,660608
2021-06-14 09:48:29,1073.0,660796
2021-06-14 09:48:30,1072.95,662128
2021-06-14 09:48:31,1072.35,662947
2021-06-14 09:48:32,1072.35,663102
2021-06-14 09:48:33,1072.75,663821
2021-06-14 09:48:34,1072.95,664442
2021-06-14 09:48:35,1072.9,665716
2021-06-14 09:48:36,1072.95,666414
2021-06-14 09:48:38,1073.0,668142
2021-06-14 09:48:39,1073.0,669272
2021-06-14 09:48:40,1072.6,669697
2021-06-14 09:48:41,1072.75,669869
2021-06-14 09:48:43,1072.95,671070
2021-06-14 09:48:44,1072.95,671471
2021-06-14 09:48:45,1072.95,671651
2021-06-14 09:48:46,1072.8,672897
2021-06-14 09:48:47,1072.75,673442
2021-06-14 09:48:48,1072.8,676575
2021-06-14 09:48:49,1072.8,677123
2021-06-14 09:48:50,1072.95,678250
2021-06-14 09:48:51,1074.2,682903
2021-06-14 09:48:52,1073.6,684001
2021-06-14 09:48:53,1073.6,684001
2021-06-14 09:48:54,1074.3,684463
2021-06-14 09:48:55,1074.4,685220
2021-06-14 09:48:56,1074.15,685601
2021-06-14 09:48:57,1074.4,685702
2021-06-14 09:48:58,1074.85,685968
2021-06-14 09:48:59,1074.2,686464
2021-06-14 09:49:00,1073.95,688756
2021-06-14 09:49:01,1074.0,689184
2021-06-14 09:49:02,1073.45,689395
2021-06-14 09:49:04,1073.45,689896
2021-06-14 09:49:04,1073.45,690015
2021-06-14 09:49:05,1074.0,690235
2021-06-14 09:49:06,1074.45,690907
2021-06-14 09:49:07,1074.5,691673
2021-06-14 09:49:09,1074.5,693908
2021-06-14 09:49:10,1074.3,695081
2021-06-14 09:49:11,1074.5,696901
2021-06-14 09:49:12,1074.35,697089
2021-06-14 09:49:13,1074.5,698212
2021-06-14 09:49:14,1074.3,699789
2021-06-14 09:49:15,1074.0,700116
2021-06-14 09:49:16,1074.4,700195
2021-06-14 09:49:18,1074.5,700848
2021-06-14 09:49:19,1074.5,701615
2021-06-14 09:49:20,1074.45,701920
2021-06-14 09:49:21,1074.25,703946
2021-06-14 09:49:23,1074.25,704890
2021-06-14 09:49:24,1074.5,705216
2021-06-14 09:49:25,1074.4,705961
2021-06-14 09:49:26,1074.5,706876
2021-06-14 09:49:28,1074.5,708256
2021-06-14 09:49:28,1074.5,708256
2021-06-14 09:49:29,1074.5,708621
2021-06-14 09:49:30,1074.65,710272
2021-06-14 09:49:31,1074.9,716203
2021-06-14 09:49:32,1074.8,718090
2021-06-14 09:49:33,1074.65,718113
2021-06-14 09:49:34,1074.45,719770
2021-06-14 09:49:35,1074.35,719837
2021-06-14 09:49:36,1074.0,721030
2021-06-14 09:49:37,1074.05,721515
2021-06-14 09:49:39,1073.6,721748
2021-06-14 09:49:39,1073.6,721748
2021-06-14 09:49:40,1073.85,721904
2021-06-14 09:49:41,1073.5,722711
2021-06-14 09:49:42,1073.35,722929
2021-06-14 09:49:43,1073.6,724327
2021-06-14 09:49:44,1073.35,724571
2021-06-14 09:49:45,1073.6,725396
2021-06-14 09:49:46,1073.4,725467
2021-06-14 09:49:47,1073.4,725553
2021-06-14 09:49:48,1073.75,730778
2021-06-14 09:49:49,1073.1,730910
2021-06-14 09:49:50,1073.05,731326
2021-06-14 09:49:51,1073.6,732161
2021-06-14 09:49:52,1073.4,732296
2021-06-14 09:49:54,1073.15,732747
2021-06-14 09:49:54,1073.15,732806
2021-06-14 09:49:55,1073.1,733052
2021-06-14 09:49:56,1073.75,733603
2021-06-14 09:49:57,1073.6,733703
2021-06-14 09:49:58,1074.8,734428
2021-06-14 09:50:00,1074.25,734656
2021-06-14 09:50:00,1074.25,734656
2021-06-14 09:50:01,1074.05,734806
2021-06-14 09:50:02,1074.6,734893
2021-06-14 09:50:03,1074.1,735024
2021-06-14 09:50:04,1074.1,735024
2021-06-14 09:50:05,1074.5,735355
2021-06-14 09:50:06,1074.65,737612
2021-06-14 09:50:07,1074.85,737748
2021-06-14 09:50:12,1074.75,740528
2021-06-14 09:50:13,1075.15,741490
2021-06-14 09:50:15,1075.15,741948
2021-06-14 09:50:15,1075.15,741948
2021-06-14 09:50:16,1075.45,742372
2021-06-14 09:50:17,1075.5,747148
2021-06-14 09:50:18,1075.0,748325
2021-06-14 09:50:19,1075.3,749106
2021-06-14 09:50:20,1076.0,749892
2021-06-14 09:50:22,1075.65,751640
2021-06-14 09:50:22,1075.75,751701
2021-06-14 09:50:23,1075.75,752904
2021-06-14 09:50:24,1076.15,753599
2021-06-14 09:50:25,1077.0,754681
2021-06-14 09:50:26,1077.15,755970
2021-06-14 09:50:27,1077.15,756663
2021-06-14 09:50:28,1076.65,757716
2021-06-14 09:50:30,1077.0,758701
2021-06-14 09:50:30,1076.55,758702
2021-06-14 09:50:31,1076.95,760069
2021-06-14 09:50:32,1076.2,760676
2021-06-14 09:50:33,1076.85,761644
2021-06-14 09:50:34,1076.55,761996
2021-06-14 09:50:35,1077.0,763128
2021-06-14 09:50:36,1076.5,763767
2021-06-14 09:50:37,1076.9,764164
2021-06-14 09:50:38,1076.45,764266
2021-06-14 09:50:39,1076.95,764765
2021-06-14 09:50:40,1076.8,766046
2021-06-14 09:50:41,1076.1,766492
2021-06-14 09:50:42,1076.5,767418
2021-06-14 09:50:43,1076.5,776709
2021-06-14 09:50:44,1076.5,779706
2021-06-14 09:50:45,1076.6,779881
2021-06-14 09:50:46,1076.6,781046
2021-06-14 09:50:47,1076.2,781323
2021-06-14 09:50:48,1076.5,782230
2021-06-14 09:50:49,1076.1,782357
2021-06-14 09:50:50,1076.5,782547
2021-06-14 09:50:51,1076.5,783213
2021-06-14 09:50:52,1076.05,783949
2021-06-14 09:50:53,1076.1,785385
2021-06-14 09:50:55,1075.5,785755
2021-06-14 09:50:55,1075.9,786760
2021-06-14 09:50:56,1075.6,787027
2021-06-14 09:50:57,1075.25,787302
2021-06-14 09:50:58,1075.8,787568
2021-06-14 09:50:59,1075.1,787952
2021-06-14 09:51:00,1075.95,788663
2021-06-14 09:51:02,1075.3,789021
2021-06-14 09:51:03,1075.85,789251
2021-06-14 09:51:04,1075.9,789846
2021-06-14 09:51:04,1075.8,789646
2021-06-14 09:51:05,1075.85,791925
2021-06-14 09:51:06,1075.45,792026
2021-06-14 09:51:07,1075.85,793228
2021-06-14 09:51:08,1075.85,793761
2021-06-14 09:51:09,1075.1,793869
2021-06-14 09:51:10,1075.0,794389
2021-06-14 09:51:11,1075.7,795110
2021-06-14 09:51:12,1075.1,796449
2021-06-14 09:51:13,1075.0,796955
2021-06-14 09:51:14,1075.55,797558
2021-06-14 09:51:15,1075.45,797738
2021-06-14 09:51:16,1075.0,798247
2021-06-14 09:51:18,1076.05,801057
2021-06-14 09:51:19,1075.75,802034
2021-06-14 09:51:20,1076.2,802412
2021-06-14 09:51:21,1075.8,802607
2021-06-14 09:51:23,1075.7,803090
2021-06-14 09:51:24,1075.6,803865
2021-06-14 09:51:25,1076.0,804380
2021-06-14 09:51:26,1075.95,805891
2021-06-14 09:51:27,1075.75,806966
2021-06-14 09:51:28,1076.0,807588
2021-06-14 09:51:29,1075.9,807608
2021-06-14 09:51:30,1075.6,808239
2021-06-14 09:51:31,1075.8,808630
2021-06-14 09:51:32,1075.45,810078
2021-06-14 09:51:35,1075.8,811024
2021-06-14 09:51:36,1075.8,811024
2021-06-14 09:51:39,1075.6,811611
2021-06-14 09:51:40,1075.8,811623
2021-06-14 09:51:40,1075.8,811658
2021-06-14 09:51:41,1075.8,811710
2021-06-14 09:51:42,1076.0,814216
2021-06-14 09:51:43,1076.35,814971
2021-06-14 09:51:44,1076.35,815072
2021-06-14 09:51:46,1076.35,815196
2021-06-14 09:51:47,1076.85,816341
2021-06-14 09:51:47,1076.85,816341
2021-06-14 09:51:48,1076.55,816735
2021-06-14 09:51:49,1076.9,816940
2021-06-14 09:51:50,1076.9,816940
2021-06-14 09:51:51,1076.9,816980
2021-06-14 09:51:52,1077.0,817751
2021-06-14 09:51:53,1077.0,818211
2021-06-14 09:51:54,1077.0,818703
2021-06-14 09:51:55,1076.85,819294
2021-06-14 09:51:56,1077.0,819554
2021-06-14 09:51:57,1076.85,819824
2021-06-14 09:51:58,1076.85,821839
2021-06-14 09:51:59,1076.55,821909
2021-06-14 09:52:00,1076.75,822761
2021-06-14 09:52:01,1076.7,823133
2021-06-14 09:52:02,1076.75,823284
2021-06-14 09:52:03,1076.55,823290
2021-06-14 09:52:04,1076.8,823400
2021-06-14 09:52:05,1076.8,823475
2021-06-14 09:52:06,1076.9,823695
2021-06-14 09:52:07,1076.95,823931
2021-06-14 09:52:08,1078.0,828317
2021-06-14 09:52:09,1077.75,829879
2021-06-14 09:52:12,1077.75,830608
2021-06-14 09:52:13,1077.75,830762
2021-06-14 09:52:14,1077.85,832670
2021-06-14 09:52:16,1077.4,833051
2021-06-14 09:52:17,1077.0,837753
2021-06-14 09:52:18,1076.6,839285
2021-06-14 09:52:19,1077.65,840275
2021-06-14 09:52:20,1077.65,840991
2021-06-14 09:52:21,1077.2,841183
2021-06-14 09:52:22,1077.4,841257
2021-06-14 09:52:23,1077.4,841519
2021-06-14 09:52:24,1078.5,843484
2021-06-14 09:52:25,1078.5,844481
2021-06-14 09:52:28,1077.8,855310
2021-06-14 09:52:28,1077.4,856219
2021-06-14 09:52:29,1077.05,857009
2021-06-14 09:52:30,1077.0,859297
2021-06-14 09:52:31,1077.0,860035
2021-06-14 09:52:34,1077.05,860601
2021-06-14 09:52:35,1077.35,860607
2021-06-14 09:52:36,1077.35,860618
2021-06-14 09:52:38,1077.1,861932
2021-06-14 09:52:39,1077.25,862192
2021-06-14 09:52:40,1077.15,863734
2021-06-14 09:52:41,1076.9,864291
2021-06-14 09:52:42,1076.95,865051
2021-06-14 09:52:43,1076.95,865056
2021-06-14 09:52:44,1076.45,866860
2021-06-14 09:52:45,1076.3,867537
2021-06-14 09:52:46,1076.75,868083
2021-06-14 09:52:48,1076.6,868243
2021-06-14 09:52:49,1076.65,868253
2021-06-14 09:52:49,1076.65,868253
2021-06-14 09:52:50,1076.65,868353
2021-06-14 09:52:51,1078.0,868786
2021-06-14 09:52:53,1077.95,869581
2021-06-14 09:52:55,1078.95,875029
2021-06-14 09:52:56,1077.95,875129
2021-06-14 09:52:56,1077.95,875129
2021-06-14 09:52:57,1078.45,875192
2021-06-14 09:52:58,1078.55,875672
2021-06-14 09:52:59,1078.2,875716
2021-06-14 09:53:01,1078.2,875716
2021-06-14 09:53:02,1077.75,877209
2021-06-14 09:53:03,1077.2,877359
2021-06-14 09:53:04,1077.65,878026
2021-06-14 09:53:05,1077.6,878230
2021-06-14 09:53:06,1078.0,878825
2021-06-14 09:53:07,1077.85,879189
2021-06-14 09:53:08,1077.75,879499
2021-06-14 09:53:09,1077.95,879683
2021-06-14 09:53:10,1078.0,880439
2021-06-14 09:53:12,1077.2,880980
2021-06-14 09:53:14,1077.8,882396
2021-06-14 09:53:15,1077.35,882426
2021-06-14 09:53:16,1077.2,883691
2021-06-14 09:53:17,1077.2,884377
2021-06-14 09:53:17,1077.2,884377
2021-06-14 09:53:18,1077.15,884537
2021-06-14 09:53:20,1077.0,884946
2021-06-14 09:53:21,1076.4,886325
2021-06-14 09:53:22,1075.8,886926
2021-06-14 09:53:23,1076.8,890091
2021-06-14 09:53:23,1076.8,890091
2021-06-14 09:53:24,1076.95,890467
2021-06-14 09:53:25,1076.85,891246
2021-06-14 09:53:26,1076.8,891491
2021-06-14 09:53:28,1076.75,891505
2021-06-14 09:53:29,1076.75,891540
2021-06-14 09:53:30,1076.65,891605
2021-06-14 09:53:30,1076.5,891603
2021-06-14 09:53:31,1076.4,892287
2021-06-14 09:53:32,1075.95,892558
2021-06-14 09:53:34,1075.9,892909
2021-06-14 09:53:35,1076.4,893161
2021-06-14 09:53:36,1076.45,893211
2021-06-14 09:53:36,1075.95,893246
2021-06-14 09:53:37,1075.8,893273
2021-06-14 09:53:38,1076.45,893406
2021-06-14 09:53:39,1075.7,894243
2021-06-14 09:53:41,1075.65,894566
2021-06-14 09:53:42,1076.0,894632
2021-06-14 09:53:44,1076.0,894722
2021-06-14 09:53:45,1076.0,894729
2021-06-14 09:53:46,1076.0,894760
2021-06-14 09:53:47,1076.0,895004
2021-06-14 09:53:47,1075.75,895031
2021-06-14 09:53:48,1076.0,895645
2021-06-14 09:53:49,1075.8,895679
2021-06-14 09:53:50,1075.8,895844
2021-06-14 09:53:52,1076.0,896074
2021-06-14 09:53:53,1076.4,896308
2021-06-14 09:53:54,1076.35,896464
2021-06-14 09:53:55,1076.0,896509
2021-06-14 09:53:56,1076.0,896665
2021-06-14 09:53:57,1076.35,897271
2021-06-14 09:53:58,1075.8,897639
2021-06-14 09:53:59,1076.35,898072
2021-06-14 09:53:59,1076.35,898072
2021-06-14 09:54:00,1076.05,899379
2021-06-14 09:54:01,1075.55,899796
2021-06-14 09:54:02,1075.55,900028
2021-06-14 09:54:03,1076.4,900178
2021-06-14 09:54:04,1075.75,900288
2021-06-14 09:54:06,1076.0,900350
2021-06-14 09:54:07,1076.0,900361
2021-06-14 09:54:08,1076.4,900497
2021-06-14 09:54:09,1076.0,900531
2021-06-14 09:54:10,1076.15,901107
2021-06-14 09:54:11,1076.05,901405
2021-06-14 09:54:12,1076.15,902013
2021-06-14 09:54:13,1075.65,902381
2021-06-14 09:54:14,1076.1,902442
2021-06-14 09:54:15,1076.1,902442
2021-06-14 09:54:16,1076.0,904346
2021-06-14 09:54:17,1075.45,905022
2021-06-14 09:54:19,1075.3,905098
2021-06-14 09:54:22,1075.0,905617
2021-06-14 09:54:21,1075.3,905578
2021-06-14 09:54:23,1075.75,906780
2021-06-14 09:54:26,1075.75,910469
2021-06-14 09:54:28,1076.0,910688
2021-06-14 09:54:29,1076.0,910828
2021-06-14 09:54:30,1076.6,910886
2021-06-14 09:54:31,1076.0,910887
2021-06-14 09:54:32,1076.9,911387
2021-06-14 09:54:33,1076.0,911596
2021-06-14 09:54:35,1076.0,911601
2021-06-14 09:54:36,1076.1,911694
2021-06-14 09:54:37,1076.65,911704
2021-06-14 09:54:38,1077.0,912304
2021-06-14 09:54:39,1077.0,912304
2021-06-14 09:54:40,1077.0,913399
2021-06-14 09:54:41,1076.15,913566
2021-06-14 09:54:41,1076.55,913666
2021-06-14 09:54:42,1076.55,913673
2021-06-14 09:54:44,1076.15,913928
2021-06-14 09:54:45,1076.4,914145
2021-06-14 09:54:46,1076.05,914188
2021-06-14 09:54:46,1076.05,914188
2021-06-14 09:54:47,1076.5,914492
2021-06-14 09:54:49,1076.55,914636
2021-06-14 09:54:50,1076.55,914701
2021-06-14 09:54:51,1076.85,914911
2021-06-14 09:54:52,1076.6,915179
2021-06-14 09:54:53,1075.9,915601
2021-06-14 09:54:53,1075.95,915670
2021-06-14 09:54:54,1075.95,915868
2021-06-14 09:54:55,1076.7,915887
2021-06-14 09:54:56,1076.5,915997
2021-06-14 09:54:57,1077.0,916072
2021-06-14 09:54:58,1077.0,916072
2021-06-14 09:55:00,1076.65,916359
2021-06-14 09:55:01,1076.25,916387
2021-06-14 09:55:02,1076.25,916387
2021-06-14 09:55:03,1076.1,916817
2021-06-14 09:55:04,1075.85,916945
2021-06-14 09:55:05,1076.15,917095
2021-06-14 09:55:05,1076.15,917095
2021-06-14 09:55:06,1076.3,917249
2021-06-14 09:55:08,1076.3,917249
2021-06-14 09:55:09,1076.3,917449
2021-06-14 09:55:10,1076.05,917554
2021-06-14 09:55:11,1076.05,917574
2021-06-14 09:55:12,1075.65,918177
2021-06-14 09:55:13,1075.65,918330
2021-06-14 09:55:14,1075.5,918363
2021-06-14 09:55:15,1075.5,918393
2021-06-14 09:55:16,1075.5,918393
2021-06-14 09:55:17,1075.5,918393
2021-06-14 09:55:18,1075.25,918558
2021-06-14 09:55:19,1075.1,918762
2021-06-14 09:55:20,1074.7,923455
2021-06-14 09:55:20,1074.5,923517
2021-06-14 09:55:21,1074.5,923754
2021-06-14 09:55:23,1075.0,926750
2021-06-14 09:55:25,1074.05,927204
2021-06-14 09:55:26,1074.6,927356
2021-06-14 09:55:27,1074.25,927909
2021-06-14 09:55:28,1075.3,929127
2021-06-14 09:55:29,1075.2,929132
2021-06-14 09:55:31,1075.15,929181
2021-06-14 09:55:32,1075.55,929361
2021-06-14 09:55:33,1075.55,929471
2021-06-14 09:55:34,1075.55,929767
2021-06-14 09:55:35,1075.35,929768
2021-06-14 09:55:36,1075.5,929931
2021-06-14 09:55:37,1075.75,930154
2021-06-14 09:55:38,1076.95,930553
2021-06-14 09:55:39,1076.75,930903
2021-06-14 09:55:39,1076.65,930918
2021-06-14 09:55:40,1076.65,931019
2021-06-14 09:55:42,1076.15,931194
2021-06-14 09:55:43,1076.35,931255
2021-06-14 09:55:45,1076.7,931906
2021-06-14 09:55:46,1076.2,932515
2021-06-14 09:55:46,1076.2,932515
2021-06-14 09:55:48,1076.15,932524
2021-06-14 09:55:49,1076.45,932682
2021-06-14 09:55:50,1076.45,932685
2021-06-14 09:55:51,1076.45,932690
2021-06-14 09:55:52,1076.35,932725
2021-06-14 09:55:53,1076.35,932923
2021-06-14 09:55:54,1076.4,932976
2021-06-14 09:55:55,1076.45,933183
2021-06-14 09:55:56,1076.4,933186
2021-06-14 09:55:56,1076.65,933893
2021-06-14 09:55:57,1076.45,934166
2021-06-14 09:55:58,1076.85,934815
2021-06-14 09:56:00,1076.95,935425
2021-06-14 09:56:01,1077.0,935675
2021-06-14 09:56:02,1077.0,936750
2021-06-14 09:56:03,1076.9,936886
2021-06-14 09:56:04,1077.5,937374
2021-06-14 09:56:04,1077.1,937453
2021-06-14 09:56:06,1077.6,937553
2021-06-14 09:56:07,1077.7,937606
2021-06-14 09:56:08,1077.0,937648
2021-06-14 09:56:09,1077.15,938384
2021-06-14 09:56:10,1077.15,938565
2021-06-14 09:56:11,1076.95,938829
2021-06-14 09:56:12,1077.75,939045
2021-06-14 09:56:13,1078.0,939601
2021-06-14 09:56:13,1078.0,939601
2021-06-14 09:56:15,1077.9,940354
2021-06-14 09:56:16,1077.35,940805
2021-06-14 09:56:17,1077.1,957577
2021-06-14 09:56:18,1077.7,966202
2021-06-14 09:56:19,1077.45,966311
2021-06-14 09:56:20,1077.5,966955
2021-06-14 09:56:22,1077.7,990887
2021-06-14 09:56:23,1078.6,995211
2021-06-14 09:56:23,1078.0,993054
2021-06-14 09:56:25,1078.1,997635
2021-06-14 09:56:26,1078.3,997940
2021-06-14 09:56:27,1078.8,999178
2021-06-14 09:56:28,1078.8,999242
2021-06-14 09:56:29,1078.8,999622
2021-06-14 09:56:30,1078.7,1002012
2021-06-14 09:56:31,1078.75,1002344
2021-06-14 09:56:32,1078.6,1002799
2021-06-14 09:56:33,1078.7,1013509
2021-06-14 09:56:34,1078.15,1016320
2021-06-14 09:56:35,1078.45,1019294
2021-06-14 09:56:36,1078.95,1019601
2021-06-14 09:56:38,1078.75,1020508
2021-06-14 09:56:39,1078.75,1020718
2021-06-14 09:56:40,1079.0,1021594
2021-06-14 09:56:41,1078.6,1033970
2021-06-14 09:56:41,1078.75,1034608
2021-06-14 09:56:43,1079.25,1041826
2021-06-14 09:56:44,1078.85,1043688
2021-06-14 09:56:45,1078.35,1043831
2021-06-14 09:56:46,1078.2,1044210
2021-06-14 09:56:47,1078.1,1044508
2021-06-14 09:56:48,1078.2,1045039
2021-06-14 09:56:48,1078.2,1045042
2021-06-14 09:56:50,1078.1,1045057
2021-06-14 09:56:51,1078.1,1045224
2021-06-14 09:56:52,1078.1,1045354
2021-06-14 09:56:53,1078.05,1045477
2021-06-14 09:56:54,1077.6,1046740
2021-06-14 09:56:56,1077.95,1047458
2021-06-14 09:56:57,1077.9,1047498
2021-06-14 09:56:58,1077.8,1048160
2021-06-14 09:56:59,1077.8,1049400
2021-06-14 09:57:00,1077.5,1049481
2021-06-14 09:57:01,1077.75,1051090
2021-06-14 09:57:02,1077.05,1052217
2021-06-14 09:57:03,1077.45,1052497
2021-06-14 09:57:04,1077.5,1052811
2021-06-14 09:57:05,1077.5,1054729
2021-06-14 09:57:07,1077.95,1055845
2021-06-14 09:57:08,1077.7,1057958
2021-06-14 09:57:09,1077.95,1057978
2021-06-14 09:57:10,1077.05,1058914
2021-06-14 09:57:12,1076.7,1059935
2021-06-14 09:57:12,1076.7,1059935
2021-06-14 09:57:14,1076.3,1059955
2021-06-14 09:57:15,1076.2,1069031
2021-06-14 09:57:16,1075.6,1070133
2021-06-14 09:57:17,1075.55,1074177
2021-06-14 09:57:18,1075.55,1074206
2021-06-14 09:57:20,1075.6,1074419
2021-06-14 09:57:21,1075.5,1074429
2021-06-14 09:57:22,1075.5,1074660
2021-06-14 09:57:23,1075.6,1075165
2021-06-14 09:57:23,1075.2,1075415
2021-06-14 09:57:25,1075.6,1075547
2021-06-14 09:57:26,1075.1,1076119
2021-06-14 09:57:27,1075.45,1076510
2021-06-14 09:57:28,1075.4,1077263
2021-06-14 09:57:29,1075.05,1078201
2021-06-14 09:57:29,1075.05,1078201
2021-06-14 09:57:30,1075.25,1078442
2021-06-14 09:57:32,1075.1,1079399
2021-06-14 09:57:33,1075.85,1079727
2021-06-14 09:57:34,1075.85,1079742
2021-06-14 09:57:35,1076.0,1079776
2021-06-14 09:57:36,1075.25,1079973
2021-06-14 09:57:38,1075.3,1080261
2021-06-14 09:57:39,1075.95,1080559
2021-06-14 09:57:40,1076.75,1081878
2021-06-14 09:57:42,1075.65,1082445
2021-06-14 09:57:43,1076.0,1083294
2021-06-14 09:57:44,1075.25,1083422
2021-06-14 09:57:46,1075.5,1093043
2021-06-14 09:57:47,1075.5,1093877
2021-06-14 09:57:48,1075.8,1095496
2021-06-14 09:57:49,1075.25,1096352
2021-06-14 09:57:50,1075.0,1096615
2021-06-14 09:57:51,1075.25,1100034
2021-06-14 09:57:52,1075.0,1100788
2021-06-14 09:57:53,1075.0,1100788
2021-06-14 09:57:54,1075.15,1101329
2021-06-14 09:57:55,1075.15,1101444
2021-06-14 09:57:56,1075.25,1101567
2021-06-14 09:57:57,1075.15,1101825
2021-06-14 09:57:58,1075.25,1101995
2021-06-14 09:57:59,1075.1,1101998
2021-06-14 09:58:00,1075.7,1102098
2021-06-14 09:58:01,1075.7,1102098
2021-06-14 09:58:02,1075.45,1102293
2021-06-14 09:58:03,1075.15,1102317
2021-06-14 09:58:04,1075.15,1102333
2021-06-14 09:58:05,1075.15,1102462
2021-06-14 09:58:06,1075.15,1102711
2021-06-14 09:58:07,1075.1,1102807
2021-06-14 09:58:08,1075.15,1103176
2021-06-14 09:58:09,1075.25,1103379
2021-06-14 09:58:11,1075.85,1103843
2021-06-14 09:58:12,1075.25,1104045
2021-06-14 09:58:13,1075.25,1104652
2021-06-14 09:58:14,1075.25,1105052
2021-06-14 09:58:15,1075.05,1105325
2021-06-14 09:58:16,1075.25,1106959
2021-06-14 09:58:17,1074.95,1107106
2021-06-14 09:58:18,1075.0,1107206
2021-06-14 09:58:19,1075.0,1107471
2021-06-14 09:58:20,1075.0,1107529
2021-06-14 09:58:22,1074.6,1107819
2021-06-14 09:58:23,1075.4,1107882
2021-06-14 09:58:24,1075.4,1107882
2021-06-14 09:58:25,1075.4,1107895
2021-06-14 09:58:26,1075.4,1107895
2021-06-14 09:58:27,1075.5,1107905
2021-06-14 09:58:28,1075.5,1107905
2021-06-14 09:58:29,1075.5,1107916
2021-06-14 09:58:31,1075.7,1107942
2021-06-14 09:58:33,1077.0,1108212
2021-06-14 09:58:34,1077.0,1108212
2021-06-14 09:58:35,1077.0,1108212
2021-06-14 09:58:36,1077.0,1108212
2021-06-14 09:58:37,1076.95,1108327
2021-06-14 09:58:38,1076.95,1108327
2021-06-14 09:58:39,1077.0,1108347
2021-06-14 09:58:40,1077.0,1108354
2021-06-14 09:58:41,1076.4,1108619
2021-06-14 09:58:42,1076.5,1108874
2021-06-14 09:58:43,1076.45,1108974
2021-06-14 09:58:44,1076.95,1108979
2021-06-14 09:58:45,1076.95,1108979
2021-06-14 09:58:46,1076.95,1108979
2021-06-14 09:58:47,1076.95,1109089
2021-06-14 09:58:48,1076.45,1109340
2021-06-14 09:58:49,1076.9,1109440
2021-06-14 09:58:50,1076.8,1109555
2021-06-14 09:58:51,1076.8,1109605
2021-06-14 09:58:52,1076.65,1109625
2021-06-14 09:58:53,1076.65,1109625
2021-06-14 09:58:55,1076.4,1109956
2021-06-14 09:58:56,1076.35,1110019
2021-06-14 09:58:57,1076.4,1110069
2021-06-14 09:58:58,1076.4,1110575
2021-06-14 09:58:59,1076.8,1111575
2021-06-14 09:59:00,1076.1,1111855
2021-06-14 09:59:01,1076.65,1111870
2021-06-14 09:59:03,1076.65,1111870
2021-06-14 09:59:02,1076.65,1111870
2021-06-14 09:59:04,1076.8,1111881
2021-06-14 09:59:06,1076.3,1112300
2021-06-14 09:59:07,1076.4,1112525
2021-06-14 09:59:08,1075.4,1113008
2021-06-14 09:59:09,1076.05,1113370
2021-06-14 09:59:10,1075.5,1113420
2021-06-14 09:59:11,1076.0,1113670
2021-06-14 09:59:12,1075.95,1113712
2021-06-14 09:59:13,1075.5,1113788
2021-06-14 09:59:14,1075.95,1113798
2021-06-14 09:59:15,1076.1,1113909
2021-06-14 09:59:16,1076.05,1113959
2021-06-14 09:59:18,1075.5,1114276
2021-06-14 09:59:17,1075.7,1114242
2021-06-14 09:59:19,1075.2,1114315
2021-06-14 09:59:20,1075.35,1114321
2021-06-14 09:59:21,1074.85,1118268
2021-06-14 09:59:22,1074.85,1118346
2021-06-14 09:59:23,1074.85,1118348
2021-06-14 09:59:24,1075.0,1118607
2021-06-14 09:59:25,1075.0,1118607
2021-06-14 09:59:26,1074.95,1118612
2021-06-14 09:59:27,1074.9,1118768
2021-06-14 09:59:28,1074.95,1118774
2021-06-14 09:59:29,1074.4,1118874
2021-06-14 09:59:30,1074.4,1118874
2021-06-14 09:59:31,1074.85,1118977
2021-06-14 09:59:32,1074.85,1118977
2021-06-14 09:59:34,1074.1,1121038
2021-06-14 09:59:35,1074.1,1121038
2021-06-14 09:59:36,1074.1,1121038
2021-06-14 09:59:37,1074.35,1121104
2021-06-14 09:59:38,1074.75,1121135
2021-06-14 09:59:39,1074.75,1121135
2021-06-14 09:59:40,1074.9,1121150
2021-06-14 09:59:42,1074.9,1121150
2021-06-14 09:59:43,1074.9,1121175
2021-06-14 09:59:43,1074.9,1121175
2021-06-14 09:59:44,1074.9,1121194
2021-06-14 09:59:45,1074.9,1121194
2021-06-14 09:59:46,1074.75,1121216
2021-06-14 09:59:47,1074.6,1123239
2021-06-14 09:59:49,1074.55,1123290
2021-06-14 09:59:49,1074.55,1123290
2021-06-14 09:59:50,1074.0,1124089
2021-06-14 09:59:51,1074.05,1124382
2021-06-14 09:59:52,1073.65,1124632
2021-06-14 09:59:55,1074.0,1125753
2021-06-14 09:59:56,1074.2,1126126
2021-06-14 09:59:56,1074.2,1126126
2021-06-14 09:59:57,1074.0,1126152
2021-06-14 09:59:58,1073.55,1126283
2021-06-14 09:59:59,1074.0,1126685
2021-06-14 10:00:01,1074.35,1126686
2021-06-14 10:00:01,1073.25,1127785
2021-06-14 10:00:03,1073.35,1127904
2021-06-14 10:00:03,1073.35,1127904
2021-06-14 10:00:04,1073.55,1127911
2021-06-14 10:00:05,1074.0,1127971
2021-06-14 10:00:06,1073.55,1128171
2021-06-14 10:00:07,1073.55,1128247
2021-06-14 10:00:08,1073.2,1128578
2021-06-14 10:00:10,1073.2,1128588
2021-06-14 10:00:10,1073.55,1128642
2021-06-14 10:00:11,1074.05,1130549
2021-06-14 10:00:12,1073.9,1130574
2021-06-14 10:00:14,1074.35,1130862
2021-06-14 10:00:16,1074.95,1130933
2021-06-14 10:00:17,1075.2,1131583
2021-06-14 10:00:18,1074.7,1131585
2021-06-14 10:00:19,1074.7,1131585
2021-06-14 10:00:21,1074.55,1131672
2021-06-14 10:00:23,1074.95,1131692
2021-06-14 10:00:23,1074.95,1131692
2021-06-14 10:00:24,1074.85,1131694
2021-06-14 10:00:25,1074.7,1131941
2021-06-14 10:00:26,1074.75,1132089
2021-06-14 10:00:27,1075.3,1132090
2021-06-14 10:00:28,1075.3,1132110
2021-06-14 10:00:30,1074.75,1132690
2021-06-14 10:00:30,1074.75,1132690
2021-06-14 10:00:31,1074.4,1132779
2021-06-14 10:00:32,1074.4,1132779
2021-06-14 10:00:33,1074.75,1132784
2021-06-14 10:00:35,1074.3,1133044
2021-06-14 10:00:36,1074.3,1133074
2021-06-14 10:00:37,1074.0,1133167
2021-06-14 10:00:38,1073.85,1133198
2021-06-14 10:00:39,1074.3,1133450
2021-06-14 10:00:41,1074.3,1133452
2021-06-14 10:00:41,1074.3,1133452
2021-06-14 10:00:42,1074.3,1133452
2021-06-14 10:00:43,1074.3,1133452
2021-06-14 10:00:44,1074.3,1133637
2021-06-14 10:00:45,1074.3,1133648
2021-06-14 10:00:47,1074.3,1133658
2021-06-14 10:00:48,1074.3,1133658
2021-06-14 10:00:49,1073.75,1133757
2021-06-14 10:00:50,1074.25,1133807
2021-06-14 10:00:51,1074.25,1133818
2021-06-14 10:00:52,1074.25,1133848
2021-06-14 10:00:53,1074.25,1133848
2021-06-14 10:00:54,1073.8,1134098
2021-06-14 10:00:56,1073.8,1134098
2021-06-14 10:00:57,1073.65,1134109
2021-06-14 10:00:58,1074.2,1134110
2021-06-14 10:00:58,1074.2,1134110
2021-06-14 10:00:59,1073.75,1134388
2021-06-14 10:01:00,1073.75,1134439
2021-06-14 10:01:01,1074.0,1134625
2021-06-14 10:01:02,1074.0,1134635
2021-06-14 10:01:03,1073.9,1134755
2021-06-14 10:01:05,1073.1,1135292
2021-06-14 10:01:06,1073.75,1135312
2021-06-14 10:01:07,1073.75,1135362
2021-06-14 10:01:07,1073.75,1135464
2021-06-14 10:01:08,1073.9,1135482
2021-06-14 10:01:09,1074.0,1135483
2021-06-14 10:01:10,1073.75,1135486
2021-06-14 10:01:11,1073.85,1135587
2021-06-14 10:01:13,1073.3,1135665
2021-06-14 10:01:14,1073.45,1135824
2021-06-14 10:01:16,1073.5,1136088
2021-06-14 10:01:17,1073.5,1136103
2021-06-14 10:01:17,1073.2,1136128
2021-06-14 10:01:20,1074.05,1139068
2021-06-14 10:01:22,1074.05,1139098
2021-06-14 10:01:22,1074.05,1139098
2021-06-14 10:01:23,1073.55,1139699
2021-06-14 10:01:24,1073.95,1139715
2021-06-14 10:01:25,1073.95,1139715
2021-06-14 10:01:26,1073.95,1139715
2021-06-14 10:01:28,1073.5,1139865
2021-06-14 10:01:29,1073.5,1139865
2021-06-14 10:01:30,1073.5,1139865
2021-06-14 10:01:30,1073.5,1139885
2021-06-14 10:01:31,1074.3,1140900
2021-06-14 10:01:34,1074.3,1140900
2021-06-14 10:01:35,1073.95,1140910
2021-06-14 10:01:35,1074.3,1140900
2021-06-14 10:01:37,1074.15,1141194
2021-06-14 10:01:39,1074.15,1141214
2021-06-14 10:01:39,1074.15,1141214
2021-06-14 10:01:40,1073.6,1141269
2021-06-14 10:01:41,1073.5,1141369
2021-06-14 10:01:42,1073.65,1141855
2021-06-14 10:01:44,1073.65,1141865
2021-06-14 10:01:45,1073.65,1141865
2021-06-14 10:01:47,1073.0,1142470
2021-06-14 10:01:48,1073.45,1142540
2021-06-14 10:01:48,1073.45,1142540
2021-06-14 10:01:49,1072.5,1146658
2021-06-14 10:01:50,1073.0,1148392
2021-06-14 10:01:51,1073.3,1148505
2021-06-14 10:01:52,1072.95,1148641
2021-06-14 10:01:54,1072.5,1149111
2021-06-14 10:01:55,1073.35,1149258
2021-06-14 10:01:56,1072.55,1149268
2021-06-14 10:01:57,1073.95,1150269
2021-06-14 10:01:58,1073.75,1150274
2021-06-14 10:01:59,1073.75,1150275
2021-06-14 10:02:00,1073.75,1150277
2021-06-14 10:02:01,1073.45,1150329
2021-06-14 10:02:04,1073.55,1150372
2021-06-14 10:02:05,1073.45,1150967
2021-06-14 10:02:06,1073.45,1151070
2021-06-14 10:02:07,1072.95,1151890
2021-06-14 10:02:08,1073.0,1151933
2021-06-14 10:02:09,1073.0,1151953
2021-06-14 10:02:10,1073.0,1152003
2021-06-14 10:02:12,1073.0,1152003
2021-06-14 10:02:15,1073.1,1152212
2021-06-14 10:02:16,1073.0,1152364
2021-06-14 10:02:17,1073.2,1152379
2021-06-14 10:02:18,1073.85,1152469
2021-06-14 10:02:20,1073.55,1152472
2021-06-14 10:02:21,1073.7,1152787
2021-06-14 10:02:22,1073.7,1152792
2021-06-14 10:02:23,1073.2,1152818
2021-06-14 10:02:24,1072.85,1153447
2021-06-14 10:02:25,1073.45,1153476
2021-06-14 10:02:27,1073.45,1153476
2021-06-14 10:02:28,1073.0,1153496
2021-06-14 10:02:28,1073.0,1153496
2021-06-14 10:02:29,1073.0,1153786
2021-06-14 10:02:30,1073.4,1154436
2021-06-14 10:02:31,1073.0,1154546
2021-06-14 10:02:33,1073.0,1154563
2021-06-14 10:02:34,1072.85,1154570
2021-06-14 10:02:34,1073.0,1154571
2021-06-14 10:02:35,1073.0,1154575
2021-06-14 10:02:36,1073.0,1154576
2021-06-14 10:02:38,1072.85,1154616
2021-06-14 10:02:39,1072.85,1154639
2021-06-14 10:02:39,1073.0,1154644
2021-06-14 10:02:40,1073.0,1154644
2021-06-14 10:02:41,1073.0,1154659
2021-06-14 10:02:42,1072.6,1156418
2021-06-14 10:02:43,1072.15,1156764
2021-06-14 10:02:45,1072.5,1157580
2021-06-14 10:02:45,1073.0,1157803
2021-06-14 10:02:46,1072.85,1157866
2021-06-14 10:02:47,1073.0,1157914
2021-06-14 10:02:48,1073.85,1158014
2021-06-14 10:02:49,1073.85,1158014
2021-06-14 10:02:51,1073.55,1158024
2021-06-14 10:02:52,1073.95,1158190
2021-06-14 10:02:53,1073.95,1158190
2021-06-14 10:02:54,1073.85,1158209
2021-06-14 10:02:55,1074.0,1158369
2021-06-14 10:02:56,1073.5,1158394
2021-06-14 10:02:57,1073.95,1158556
2021-06-14 10:02:58,1073.45,1158646
2021-06-14 10:02:59,1073.45,1158646
2021-06-14 10:03:00,1074.0,1158936
2021-06-14 10:03:01,1074.0,1158936
2021-06-14 10:03:02,1073.5,1159036
2021-06-14 10:03:04,1073.6,1159104
2021-06-14 10:03:05,1073.6,1159104
2021-06-14 10:03:06,1073.55,1159259
2021-06-14 10:03:07,1073.5,1159425
2021-06-14 10:03:07,1074.05,1159475
2021-06-14 10:03:08,1073.6,1159575
2021-06-14 10:03:09,1073.5,1159610
2021-06-14 10:03:10,1073.5,1159610
2021-06-14 10:03:11,1073.5,1159610
2021-06-14 10:03:12,1074.0,1159660
2021-06-14 10:03:14,1074.0,1159682
2021-06-14 10:03:16,1074.0,1159682
2021-06-14 10:03:17,1074.0,1159914
2021-06-14 10:03:18,1074.0,1159914
2021-06-14 10:03:19,1074.05,1159989
2021-06-14 10:03:19,1074.05,1159989
2021-06-14 10:03:21,1074.1,1160005
2021-06-14 10:03:22,1074.1,1160039
2021-06-14 10:03:23,1074.1,1160061
2021-06-14 10:03:24,1074.1,1160061
2021-06-14 10:03:28,1073.85,1163979
2021-06-14 10:03:30,1073.85,1164033
2021-06-14 10:03:31,1073.5,1164360
2021-06-14 10:03:33,1073.5,1164360
2021-06-14 10:03:34,1073.8,1164370
2021-06-14 10:03:35,1073.9,1164540
2021-06-14 10:03:36,1074.05,1165141
2021-06-14 10:03:37,1074.1,1165176
2021-06-14 10:03:40,1073.7,1165215
2021-06-14 10:03:41,1073.8,1165225
2021-06-14 10:03:42,1073.8,1165225
2021-06-14 10:03:43,1073.85,1165235
2021-06-14 10:03:44,1073.7,1165360
2021-06-14 10:03:45,1073.7,1165584
2021-06-14 10:03:46,1073.7,1165584
2021-06-14 10:03:48,1073.75,1165684
2021-06-14 10:03:49,1073.5,1165734
2021-06-14 10:03:49,1073.5,1165734
2021-06-14 10:03:50,1073.85,1165964
2021-06-14 10:03:51,1073.5,1166455
2021-06-14 10:03:52,1073.75,1166525
2021-06-14 10:03:55,1073.15,1166551
2021-06-14 10:03:56,1073.15,1166551
2021-06-14 10:03:57,1073.5,1166567
2021-06-14 10:03:57,1073.55,1166587
2021-06-14 10:03:58,1073.15,1166597
2021-06-14 10:03:59,1073.05,1166647
2021-06-14 10:04:00,1073.05,1166648
2021-06-14 10:04:03,1073.95,1168267
2021-06-14 10:04:04,1073.85,1168331
2021-06-14 10:04:05,1074.05,1168600
2021-06-14 10:04:06,1074.05,1168600
2021-06-14 10:04:07,1074.05,1168611
2021-06-14 10:04:07,1074.05,1168611
2021-06-14 10:04:08,1074.05,1168636
2021-06-14 10:04:09,1074.05,1168768
2021-06-14 10:04:10,1074.05,1169278
2021-06-14 10:04:11,1074.05,1169278
2021-06-14 10:04:13,1073.85,1169288
2021-06-14 10:04:14,1074.05,1169313
2021-06-14 10:04:15,1074.1,1169328
2021-06-14 10:04:16,1073.9,1169428
2021-06-14 10:04:17,1073.9,1169428
2021-06-14 10:04:18,1074.0,1169516
2021-06-14 10:04:18,1074.1,1169514
2021-06-14 10:04:19,1074.1,1170160
2021-06-14 10:04:20,1074.2,1170290
2021-06-14 10:04:21,1073.0,1173322
2021-06-14 10:04:22,1073.0,1173927
2021-06-14 10:04:23,1073.0,1174138
2021-06-14 10:04:24,1073.0,1174138
2021-06-14 10:04:25,1073.1,1174242
2021-06-14 10:04:27,1073.5,1174263
2021-06-14 10:04:28,1073.5,1174263
2021-06-14 10:04:29,1073.05,1174313
2021-06-14 10:04:30,1073.05,1174393
2021-06-14 10:04:31,1073.5,1174398
2021-06-14 10:04:32,1073.5,1174518
2021-06-14 10:04:33,1073.5,1174629
2021-06-14 10:04:34,1073.5,1174629
2021-06-14 10:04:35,1073.5,1174629
2021-06-14 10:04:36,1073.45,1174660
2021-06-14 10:04:37,1073.5,1174696
2021-06-14 10:04:38,1073.5,1174696
2021-06-14 10:04:40,1073.5,1174738
2021-06-14 10:04:42,1073.5,1174738
2021-06-14 10:04:43,1073.65,1175859
2021-06-14 10:04:44,1074.4,1177477
2021-06-14 10:04:45,1074.4,1178830
2021-06-14 10:04:46,1074.4,1178830
2021-06-14 10:04:47,1074.25,1178935
2021-06-14 10:04:47,1074.25,1178935
2021-06-14 10:04:48,1074.25,1178965
2021-06-14 10:04:49,1074.7,1178985
2021-06-14 10:04:51,1074.7,1179005
2021-06-14 10:04:52,1074.7,1179035
2021-06-14 10:04:53,1074.7,1179035
2021-06-14 10:04:54,1074.5,1179431
2021-06-14 10:04:55,1074.7,1179481
2021-06-14 10:04:56,1074.75,1179526
2021-06-14 10:04:56,1074.7,1179599
2021-06-14 10:04:57,1074.7,1179599
2021-06-14 10:04:58,1074.7,1179672
2021-06-14 10:04:59,1074.3,1180587
2021-06-14 10:05:01,1074.05,1180634
2021-06-14 10:05:02,1073.05,1180845
2021-06-14 10:05:03,1073.5,1180896
2021-06-14 10:05:04,1074.1,1182064
2021-06-14 10:05:04,1073.5,1182356
2021-06-14 10:05:05,1074.15,1182606
2021-06-14 10:05:06,1073.6,1182709
2021-06-14 10:05:07,1074.55,1183709
2021-06-14 10:05:08,1073.95,1184133
2021-06-14 10:05:11,1074.0,1184328
2021-06-14 10:05:12,1074.05,1184461
2021-06-14 10:05:13,1073.45,1184511
2021-06-14 10:05:14,1074.05,1184521
2021-06-14 10:05:14,1074.05,1184521
2021-06-14 10:05:15,1073.55,1184666
2021-06-14 10:05:17,1074.0,1184717
2021-06-14 10:05:18,1074.0,1184717
2021-06-14 10:05:20,1073.6,1184784
2021-06-14 10:05:20,1073.6,1184784
2021-06-14 10:05:21,1074.0,1184794
2021-06-14 10:05:22,1073.8,1184939
2021-06-14 10:05:23,1074.05,1185090
2021-06-14 10:05:24,1073.55,1185118
2021-06-14 10:05:25,1073.55,1185118
2021-06-14 10:05:26,1073.55,1185118
2021-06-14 10:05:27,1074.05,1185375
2021-06-14 10:05:29,1073.95,1185603
2021-06-14 10:05:30,1073.2,1186237
2021-06-14 10:05:31,1073.05,1186452
2021-06-14 10:05:32,1073.1,1186795
2021-06-14 10:05:33,1073.75,1186927
2021-06-14 10:05:33,1073.75,1186927
2021-06-14 10:05:34,1072.9,1187759
2021-06-14 10:05:35,1073.4,1188047
2021-06-14 10:05:37,1073.4,1188493
2021-06-14 10:05:38,1073.15,1188508
2021-06-14 10:05:39,1073.0,1188608
2021-06-14 10:05:39,1073.0,1188608
2021-06-14 10:05:40,1073.0,1188613
2021-06-14 10:05:41,1073.0,1188613
2021-06-14 10:05:42,1073.05,1188683
2021-06-14 10:05:44,1073.05,1188710
2021-06-14 10:05:45,1073.0,1188720
2021-06-14 10:05:46,1073.05,1188725
2021-06-14 10:05:46,1073.05,1188723
2021-06-14 10:05:47,1073.05,1188725
2021-06-14 10:05:49,1073.1,1188760
2021-06-14 10:05:50,1073.25,1189026
2021-06-14 10:05:51,1073.1,1189088
2021-06-14 10:05:52,1073.4,1189113
2021-06-14 10:05:53,1073.05,1189647
2021-06-14 10:05:53,1073.05,1189647
2021-06-14 10:05:54,1073.8,1189795
2021-06-14 10:05:55,1073.8,1189795
2021-06-14 10:05:58,1073.45,1189796
2021-06-14 10:05:59,1074.05,1190406
2021-06-14 10:06:00,1073.6,1190611
2021-06-14 10:06:00,1073.95,1190631
2021-06-14 10:06:01,1073.5,1190671
2021-06-14 10:06:03,1073.5,1190671
2021-06-14 10:06:04,1073.6,1190704
2021-06-14 10:06:05,1073.4,1190859
2021-06-14 10:06:06,1073.4,1190890
2021-06-14 10:06:07,1073.0,1190975
2021-06-14 10:06:08,1073.45,1191102
2021-06-14 10:06:09,1073.4,1191589
2021-06-14 10:06:10,1072.95,1191820
2021-06-14 10:06:11,1073.25,1191978
2021-06-14 10:06:11,1073.0,1192428
2021-06-14 10:06:13,1073.0,1192560
2021-06-14 10:06:14,1072.95,1192580
2021-06-14 10:06:15,1072.8,1192583
2021-06-14 10:06:16,1072.5,1192788
2021-06-14 10:06:17,1072.5,1193029
2021-06-14 10:06:19,1072.8,1193186
2021-06-14 10:06:19,1072.55,1193189
2021-06-14 10:06:21,1072.2,1193597
2021-06-14 10:06:22,1072.15,1193761
2021-06-14 10:06:23,1072.2,1193917
2021-06-14 10:06:24,1072.15,1193953
2021-06-14 10:06:25,1072.35,1193959
2021-06-14 10:06:26,1072.25,1193960
2021-06-14 10:06:27,1072.35,1194010
2021-06-14 10:06:27,1072.2,1194024
2021-06-14 10:06:28,1072.35,1194666
2021-06-14 10:06:29,1071.95,1195873
2021-06-14 10:06:31,1071.8,1196134
2021-06-14 10:06:32,1072.25,1196647
2021-06-14 10:06:33,1071.75,1196805
2021-06-14 10:06:34,1072.3,1196851
2021-06-14 10:06:35,1071.65,1197132
2021-06-14 10:06:35,1072.3,1197174
2021-06-14 10:06:36,1071.75,1197271
2021-06-14 10:06:38,1071.7,1197305
2021-06-14 10:06:39,1071.7,1197313
2021-06-14 10:06:40,1072.25,1197330
2021-06-14 10:06:41,1071.8,1197382
2021-06-14 10:06:42,1072.35,1198046
2021-06-14 10:06:42,1072.7,1198146
2021-06-14 10:06:44,1071.95,1198207
2021-06-14 10:06:45,1072.0,1198331
2021-06-14 10:06:46,1072.1,1198403
2021-06-14 10:06:47,1072.1,1198553
2021-06-14 10:06:48,1072.1,1198611
2021-06-14 10:06:48,1072.25,1198620
2021-06-14 10:06:49,1072.25,1198621
2021-06-14 10:06:51,1072.25,1198627
2021-06-14 10:06:52,1072.25,1198657
2021-06-14 10:06:53,1072.0,1198883
2021-06-14 10:06:54,1072.2,1198917
2021-06-14 10:06:55,1072.05,1199177
2021-06-14 10:06:56,1072.0,1199717
2021-06-14 10:06:57,1072.05,1199989
2021-06-14 10:06:58,1072.55,1200050
2021-06-14 10:06:59,1072.35,1200060
2021-06-14 10:07:01,1072.1,1200128
2021-06-14 10:07:02,1072.1,1200176
2021-06-14 10:07:03,1072.25,1200184
2021-06-14 10:07:04,1072.25,1200184
2021-06-14 10:07:05,1072.1,1200504
2021-06-14 10:07:06,1072.1,1200578
2021-06-14 10:07:07,1072.05,1200611
2021-06-14 10:07:08,1072.15,1200628
2021-06-14 10:07:09,1072.3,1200657
2021-06-14 10:07:10,1072.5,1200734
2021-06-14 10:07:12,1072.5,1200746
2021-06-14 10:07:13,1072.3,1200748
2021-06-14 10:07:15,1072.45,1200815
2021-06-14 10:07:16,1072.45,1200917
2021-06-14 10:07:17,1072.15,1201667
2021-06-14 10:07:18,1072.15,1201898
2021-06-14 10:07:18,1072.0,1202073
2021-06-14 10:07:20,1072.0,1202129
2021-06-14 10:07:21,1072.05,1202142
2021-06-14 10:07:22,1072.3,1202144
2021-06-14 10:07:23,1072.3,1202144
2021-06-14 10:07:23,1072.6,1202240
2021-06-14 10:07:24,1072.85,1202255
2021-06-14 10:07:27,1072.4,1202353
2021-06-14 10:07:28,1072.6,1202453
2021-06-14 10:07:29,1072.9,1202474
2021-06-14 10:07:30,1072.85,1202580
2021-06-14 10:07:31,1072.75,1202596
2021-06-14 10:07:32,1072.9,1202598
2021-06-14 10:07:33,1072.6,1202619
2021-06-14 10:07:33,1072.7,1202622
2021-06-14 10:07:35,1072.6,1202656
2021-06-14 10:07:35,1072.6,1202671
2021-06-14 10:07:37,1072.6,1202787
