timestamp,ltp,volume
2021-06-14 09:15:46,1734.5,19650
2021-06-14 09:15:48,1733.25,20041
2021-06-14 09:15:49,1733.3,20171
2021-06-14 09:15:50,1733.35,20347
2021-06-14 09:15:51,1733.55,20989
2021-06-14 09:15:52,1733.0,21347
2021-06-14 09:15:53,1733.0,21347
2021-06-14 09:15:54,1733.35,21573
2021-06-14 09:15:55,1732.55,21663
2021-06-14 09:15:56,1732.6,21778
2021-06-14 09:15:57,1732.65,22068
2021-06-14 09:15:58,1733.8,22083
2021-06-14 09:15:59,1732.05,22656
2021-06-14 09:16:00,1731.55,23077
2021-06-14 09:16:01,1731.55,23684
2021-06-14 09:16:02,1731.6,23734
2021-06-14 09:16:03,1731.1,23967
2021-06-14 09:16:04,1731.1,23967
2021-06-14 09:16:05,1731.4,24087
2021-06-14 09:16:06,1732.15,24350
2021-06-14 09:16:07,1730.55,24738
2021-06-14 09:16:08,1729.95,24785
2021-06-14 09:16:09,1730.75,25231
2021-06-14 09:16:10,1731.0,25715
2021-06-14 09:16:11,1731.5,25839
2021-06-14 09:16:12,1731.5,25839
2021-06-14 09:16:14,1731.4,26186
2021-06-14 09:16:15,1730.1,26506
2021-06-14 09:16:16,1728.15,28193
2021-06-14 09:16:17,1728.15,28193
2021-06-14 09:16:18,1730.4,28349
2021-06-14 09:16:19,1730.4,28354
2021-06-14 09:16:20,1728.45,28554
2021-06-14 09:16:21,1730.0,29244
2021-06-14 09:16:22,1730.2,29634
2021-06-14 09:16:23,1730.9,29885
2021-06-14 09:16:25,1730.9,29885
2021-06-14 09:16:24,1730.9,29885
2021-06-14 09:16:26,1730.2,29910
2021-06-14 09:16:27,1730.85,29985
2021-06-14 09:16:28,1732.2,32735
2021-06-14 09:16:29,1731.9,32764
2021-06-14 09:16:30,1732.55,33187
2021-06-14 09:16:31,1731.75,34893
2021-06-14 09:16:32,1731.5,35238
2021-06-14 09:16:33,1732.0,36224
2021-06-14 09:16:34,1732.7,36461
2021-06-14 09:16:35,1732.7,36560
2021-06-14 09:16:36,1733.0,36863
2021-06-14 09:16:37,1733.95,36913
2021-06-14 09:16:38,1733.15,36964
2021-06-14 09:16:39,1734.0,36991
2021-06-14 09:16:40,1733.8,36993
2021-06-14 09:16:41,1735.0,37121
2021-06-14 09:16:42,1734.4,37184
2021-06-14 09:16:43,1735.1,37208
2021-06-14 09:16:44,1735.6,37510
2021-06-14 09:16:45,1735.6,37510
2021-06-14 09:16:46,1735.6,37510
2021-06-14 09:16:47,1736.3,37614
2021-06-14 09:16:48,1735.75,37650
2021-06-14 09:16:49,1736.3,37688
2021-06-14 09:16:50,1734.4,37966
2021-06-14 09:16:51,1732.85,38240
2021-06-14 09:16:52,1732.4,38419
2021-06-14 09:16:53,1732.0,39316
2021-06-14 09:16:54,1731.4,40109
2021-06-14 09:16:55,1735.05,42998
2021-06-14 09:16:57,1734.4,43934
2021-06-14 09:16:58,1736.4,44696
2021-06-14 09:16:59,1736.15,44759
2021-06-14 09:17:01,1734.25,44995
2021-06-14 09:17:00,1734.85,44814
2021-06-14 09:17:02,1734.8,45350
2021-06-14 09:17:03,1735.8,45533
2021-06-14 09:17:04,1735.9,45642
2021-06-14 09:17:05,1735.9,45798
2021-06-14 09:17:06,1735.9,45838
2021-06-14 09:17:07,1736.45,46166
2021-06-14 09:17:08,1737.7,46441
2021-06-14 09:17:09,1737.1,46648
2021-06-14 09:17:10,1737.05,46825
2021-06-14 09:17:11,1737.7,47196
2021-06-14 09:17:12,1736.95,47404
2021-06-14 09:17:13,1737.8,47419
2021-06-14 09:17:14,1737.75,47598
2021-06-14 09:17:15,1737.65,47738
2021-06-14 09:17:16,1737.35,48090
2021-06-14 09:17:17,1736.05,48213
2021-06-14 09:17:18,1736.1,48258
2021-06-14 09:17:19,1737.05,48368
2021-06-14 09:17:21,1736.9,48474
2021-06-14 09:17:22,1736.8,48667
2021-06-14 09:17:23,1736.9,48739
2021-06-14 09:17:24,1736.7,48947
2021-06-14 09:17:25,1737.75,49406
2021-06-14 09:17:26,1737.3,49470
2021-06-14 09:17:27,1737.3,49689
2021-06-14 09:17:28,1737.45,50146
2021-06-14 09:17:29,1737.45,50526
2021-06-14 09:17:30,1737.0,50840
2021-06-14 09:17:32,1737.65,51036
2021-06-14 09:17:33,1738.4,51099
2021-06-14 09:17:34,1737.75,51283
2021-06-14 09:17:34,1737.75,51283
2021-06-14 09:17:35,1737.75,51325
2021-06-14 09:17:36,1737.75,51400
2021-06-14 09:17:37,1738.4,51440
2021-06-14 09:17:38,1738.3,52164
2021-06-14 09:17:39,1739.9,52248
2021-06-14 09:17:40,1739.75,53269
2021-06-14 09:17:41,1739.2,53272
2021-06-14 09:17:42,1738.05,53359
2021-06-14 09:17:43,1739.4,56019
2021-06-14 09:17:45,1738.35,56162
2021-06-14 09:17:45,1738.35,56162
2021-06-14 09:17:46,1739.05,56349
2021-06-14 09:17:47,1738.05,56557
2021-06-14 09:17:48,1736.55,56631
2021-06-14 09:17:49,1737.6,56756
2021-06-14 09:17:51,1738.0,57883
2021-06-14 09:17:50,1738.0,57883
2021-06-14 09:17:52,1737.0,58995
2021-06-14 09:17:53,1738.05,59125
2021-06-14 09:17:54,1737.0,59545
2021-06-14 09:17:55,1737.1,59844
2021-06-14 09:17:56,1736.55,59848
2021-06-14 09:17:58,1736.1,59865
2021-06-14 09:17:58,1736.1,59865
2021-06-14 09:17:59,1736.15,59951
2021-06-14 09:18:00,1737.3,60024
2021-06-14 09:18:01,1737.35,60027
2021-06-14 09:18:02,1735.8,60615
2021-06-14 09:18:03,1735.75,60855
2021-06-14 09:18:04,1737.05,61030
2021-06-14 09:18:05,1737.0,61194
2021-06-14 09:18:06,1735.95,61555
2021-06-14 09:18:07,1736.0,61745
2021-06-14 09:18:08,1736.7,61889
2021-06-14 09:18:09,1735.45,61896
2021-06-14 09:18:11,1735.4,62340
2021-06-14 09:18:11,1735.15,62178
2021-06-14 09:18:13,1735.3,62575
2021-06-14 09:18:14,1735.85,63315
2021-06-14 09:18:15,1735.9,63365
2021-06-14 09:18:16,1735.2,63374
2021-06-14 09:18:17,1736.1,63375
2021-06-14 09:18:19,1735.0,63496
2021-06-14 09:18:19,1735.0,63496
2021-06-14 09:18:20,1735.4,63497
2021-06-14 09:18:21,1735.15,63667
2021-06-14 09:18:22,1735.15,63667
2021-06-14 09:18:23,1735.4,63694
2021-06-14 09:18:24,1734.5,63696
2021-06-14 09:18:25,1734.55,63707
2021-06-14 09:18:26,1735.0,63722
2021-06-14 09:18:27,1735.4,63747
2021-06-14 09:18:28,1734.65,63882
2021-06-14 09:18:29,1734.0,63888
2021-06-14 09:18:31,1735.25,64190
2021-06-14 09:18:31,1735.25,64190
2021-06-14 09:18:32,1735.25,64190
2021-06-14 09:18:33,1735.1,64359
2021-06-14 09:18:34,1735.2,64389
2021-06-14 09:18:35,1735.2,64390
2021-06-14 09:18:36,1733.7,64506
2021-06-14 09:18:37,1733.05,64628
2021-06-14 09:18:38,1733.05,64628
2021-06-14 09:18:39,1734.85,64696
2021-06-14 09:18:40,1734.85,64696
2021-06-14 09:18:41,1733.7,64956
2021-06-14 09:18:42,1734.0,64961
2021-06-14 09:18:43,1734.45,64981
2021-06-14 09:18:44,1733.0,65106
2021-06-14 09:18:45,1732.0,65196
2021-06-14 09:18:47,1733.0,65801
2021-06-14 09:18:47,1733.0,65801
2021-06-14 09:18:48,1731.7,65918
2021-06-14 09:18:49,1731.8,65924
2021-06-14 09:18:50,1731.9,65977
2021-06-14 09:18:51,1731.75,66020
2021-06-14 09:18:52,1732.9,66135
2021-06-14 09:18:53,1732.85,66274
2021-06-14 09:18:54,1732.0,66304
2021-06-14 09:18:55,1731.6,66354
2021-06-14 09:18:56,1731.65,66355
2021-06-14 09:18:57,1731.75,66393
2021-06-14 09:18:58,1732.0,66419
2021-06-14 09:18:59,1732.0,66504
2021-06-14 09:19:00,1732.25,66527
2021-06-14 09:19:01,1732.25,66527
2021-06-14 09:19:02,1731.4,66565
2021-06-14 09:19:03,1731.4,66612
2021-06-14 09:19:05,1730.5,67162
2021-06-14 09:19:06,1730.2,67215
2021-06-14 09:19:07,1731.1,67218
2021-06-14 09:19:08,1731.15,67351
2021-06-14 09:19:09,1730.0,68180
2021-06-14 09:19:10,1729.0,68265
2021-06-14 09:19:10,1729.0,68265
2021-06-14 09:19:11,1730.0,68353
2021-06-14 09:19:12,1730.25,68498
2021-06-14 09:19:14,1728.45,68868
2021-06-14 09:19:15,1726.9,69067
2021-06-14 09:19:16,1728.55,69116
2021-06-14 09:19:17,1726.95,69120
2021-06-14 09:19:18,1727.0,69172
2021-06-14 09:19:19,1726.85,69187
2021-06-14 09:19:21,1726.75,69350
2021-06-14 09:19:23,1727.55,70360
2021-06-14 09:19:24,1729.8,70881
2021-06-14 09:19:25,1729.15,70956
2021-06-14 09:19:26,1728.9,71056
2021-06-14 09:19:27,1728.95,71139
2021-06-14 09:19:28,1728.95,71164
2021-06-14 09:19:28,1728.95,71164
2021-06-14 09:19:29,1729.95,71173
2021-06-14 09:19:30,1728.95,71184
2021-06-14 09:19:31,1728.95,71191
2021-06-14 09:19:32,1728.95,71201
2021-06-14 09:19:33,1728.35,71451
2021-06-14 09:19:34,1727.9,71580
2021-06-14 09:19:35,1727.9,71590
2021-06-14 09:19:36,1728.55,71731
2021-06-14 09:19:37,1728.1,71813
2021-06-14 09:19:38,1728.1,71830
2021-06-14 09:19:39,1727.9,71838
2021-06-14 09:19:40,1727.9,71838
2021-06-14 09:19:41,1728.5,71873
2021-06-14 09:19:43,1727.5,72398
2021-06-14 09:19:43,1728.15,72445
2021-06-14 09:19:44,1727.4,72462
2021-06-14 09:19:46,1727.45,72490
2021-06-14 09:19:47,1727.35,72505
2021-06-14 09:19:49,1727.85,72639
2021-06-14 09:19:50,1726.95,72834
2021-06-14 09:19:51,1727.35,72853
2021-06-14 09:19:52,1726.95,72941
2021-06-14 09:19:53,1726.85,72964
2021-06-14 09:19:55,1726.85,73351
2021-06-14 09:19:55,1726.85,73351
2021-06-14 09:19:56,1727.1,73532
2021-06-14 09:19:57,1727.0,73562
2021-06-14 09:19:59,1726.85,73674
2021-06-14 09:20:00,1727.0,73698
2021-06-14 09:20:01,1726.05,74233
2021-06-14 09:20:02,1726.0,74264
2021-06-14 09:20:03,1726.75,74307
2021-06-14 09:20:04,1726.0,74479
2021-06-14 09:20:05,1726.8,74539
2021-06-14 09:20:05,1726.85,74696
2021-06-14 09:20:06,1727.0,74748
2021-06-14 09:20:07,1726.3,74769
2021-06-14 09:20:08,1726.3,74769
2021-06-14 09:20:10,1726.4,74833
2021-06-14 09:20:11,1726.2,74933
2021-06-14 09:20:12,1726.2,75050
2021-06-14 09:20:13,1726.2,75146
2021-06-14 09:20:13,1726.95,75226
2021-06-14 09:20:14,1725.75,76276
2021-06-14 09:20:15,1725.0,76314
2021-06-14 09:20:16,1726.1,76438
2021-06-14 09:20:17,1724.65,77277
2021-06-14 09:20:18,1724.0,78897
2021-06-14 09:20:19,1723.65,79391
2021-06-14 09:20:20,1723.75,79492
2021-06-14 09:20:22,1723.0,80924
2021-06-14 09:20:23,1722.35,82350
2021-06-14 09:20:24,1722.45,82381
2021-06-14 09:20:25,1724.15,82543
2021-06-14 09:20:26,1722.65,82610
2021-06-14 09:20:27,1723.6,82837
2021-06-14 09:20:28,1722.7,83155
2021-06-14 09:20:30,1724.15,83379
2021-06-14 09:20:31,1724.45,85702
2021-06-14 09:20:32,1724.45,85716
2021-06-14 09:20:33,1722.85,85830
2021-06-14 09:20:34,1722.7,85956
2021-06-14 09:20:35,1722.4,86246
2021-06-14 09:20:35,1723.65,86247
2021-06-14 09:20:36,1723.0,86735
2021-06-14 09:20:37,1723.1,86852
2021-06-14 09:20:38,1723.6,86922
2021-06-14 09:20:39,1723.6,86952
2021-06-14 09:20:40,1723.0,87452
2021-06-14 09:20:41,1723.0,88175
2021-06-14 09:20:42,1722.25,89091
2021-06-14 09:20:45,1722.0,89855
2021-06-14 09:20:46,1721.6,90082
2021-06-14 09:20:47,1721.0,90127
2021-06-14 09:20:47,1722.0,90128
2021-06-14 09:20:48,1721.4,90564
2021-06-14 09:20:49,1720.0,91118
2021-06-14 09:20:51,1719.0,92103
2021-06-14 09:20:52,1720.0,92454
2021-06-14 09:20:53,1720.65,92608
2021-06-14 09:20:53,1721.65,92609
2021-06-14 09:20:55,1720.25,92790
2021-06-14 09:20:56,1719.75,93867
2021-06-14 09:20:56,1721.0,93859
2021-06-14 09:20:57,1720.9,95243
2021-06-14 09:20:59,1721.35,96309
2021-06-14 09:21:02,1723.0,98153
2021-06-14 09:21:03,1723.0,98153
2021-06-14 09:21:04,1723.85,98344
2021-06-14 09:21:05,1723.9,98557
2021-06-14 09:21:06,1723.0,98671
2021-06-14 09:21:08,1723.55,98845
2021-06-14 09:21:09,1724.55,98875
2021-06-14 09:21:10,1724.6,98987
2021-06-14 09:21:11,1724.6,99019
2021-06-14 09:21:13,1724.05,99288
2021-06-14 09:21:14,1725.0,99632
2021-06-14 09:21:14,1725.0,99632
2021-06-14 09:21:15,1725.0,99807
2021-06-14 09:21:16,1725.0,99818
2021-06-14 09:21:17,1725.0,99926
2021-06-14 09:21:18,1725.0,99926
2021-06-14 09:21:19,1725.0,100027
2021-06-14 09:21:22,1724.55,100074
2021-06-14 09:21:23,1725.05,100186
2021-06-14 09:21:24,1725.05,100275
2021-06-14 09:21:25,1725.0,100593
2021-06-14 09:21:26,1725.0,100596
2021-06-14 09:21:27,1726.45,100807
2021-06-14 09:21:28,1725.3,100893
2021-06-14 09:21:28,1725.3,100893
2021-06-14 09:21:29,1726.7,100897
2021-06-14 09:21:30,1725.9,100987
2021-06-14 09:21:31,1727.0,101029
2021-06-14 09:21:32,1726.3,101037
2021-06-14 09:21:33,1726.0,101165
2021-06-14 09:21:35,1725.75,101876
2021-06-14 09:21:37,1725.75,101876
2021-06-14 09:21:38,1726.05,101881
2021-06-14 09:21:39,1727.45,101995
2021-06-14 09:21:40,1725.5,102408
2021-06-14 09:21:41,1726.7,102508
2021-06-14 09:21:42,1725.6,102708
2021-06-14 09:21:42,1725.6,102708
2021-06-14 09:21:43,1725.6,102708
2021-06-14 09:21:45,1725.6,102708
2021-06-14 09:21:46,1725.6,102708
2021-06-14 09:21:47,1726.05,102713
2021-06-14 09:21:48,1727.05,102963
2021-06-14 09:21:48,1727.05,102963
2021-06-14 09:21:49,1726.65,103039
2021-06-14 09:21:51,1726.65,103080
2021-06-14 09:21:52,1726.75,103090
2021-06-14 09:21:53,1725.8,103222
2021-06-14 09:21:54,1725.8,103222
2021-06-14 09:21:55,1726.4,103224
2021-06-14 09:21:56,1726.45,103229
2021-06-14 09:21:56,1726.45,103229
2021-06-14 09:21:57,1725.6,103374
2021-06-14 09:21:59,1726.75,103384
2021-06-14 09:22:00,1725.5,103434
2021-06-14 09:22:02,1725.3,104450
2021-06-14 09:22:03,1724.9,105138
2021-06-14 09:22:03,1724.0,105249
2021-06-14 09:22:04,1725.0,105449
2021-06-14 09:22:05,1725.0,105449
2021-06-14 09:22:07,1724.9,105463
2021-06-14 09:22:08,1724.1,105570
2021-06-14 09:22:09,1724.0,105820
2021-06-14 09:22:10,1724.75,105823
2021-06-14 09:22:11,1724.8,105842
2021-06-14 09:22:11,1724.7,105844
2021-06-14 09:22:12,1724.7,105844
2021-06-14 09:22:14,1724.75,105846
2021-06-14 09:22:15,1724.75,105846
2021-06-14 09:22:16,1724.75,105846
2021-06-14 09:22:16,1724.75,105846
2021-06-14 09:22:17,1724.0,105912
2021-06-14 09:22:18,1724.0,105952
2021-06-14 09:22:19,1724.0,106003
2021-06-14 09:22:21,1724.75,106006
2021-06-14 09:22:22,1724.0,106031
2021-06-14 09:22:23,1723.8,106351
2021-06-14 09:22:24,1723.8,106351
2021-06-14 09:22:25,1723.6,106361
2021-06-14 09:22:26,1724.5,106411
2021-06-14 09:22:27,1723.6,106531
2021-06-14 09:22:27,1723.6,106531
2021-06-14 09:22:28,1723.45,106586
2021-06-14 09:22:29,1721.4,107640
2021-06-14 09:22:30,1722.35,107706
2021-06-14 09:22:31,1722.8,107851
2021-06-14 09:22:33,1722.75,107922
2021-06-14 09:22:34,1723.05,108189
2021-06-14 09:22:35,1721.9,108227
2021-06-14 09:22:37,1721.6,108245
2021-06-14 09:22:37,1721.6,108245
2021-06-14 09:22:38,1722.0,108794
2021-06-14 09:22:39,1721.6,108821
2021-06-14 09:22:40,1721.6,108843
2021-06-14 09:22:41,1721.95,109564
2021-06-14 09:22:42,1722.1,109635
2021-06-14 09:22:44,1722.25,109915
2021-06-14 09:22:45,1720.6,109944
2021-06-14 09:22:46,1720.7,109947
2021-06-14 09:22:47,1722.1,109997
2021-06-14 09:22:47,1722.05,110007
2021-06-14 09:22:49,1721.25,110052
2021-06-14 09:22:50,1722.15,110053
2021-06-14 09:22:50,1722.15,110053
2021-06-14 09:22:51,1721.0,110153
2021-06-14 09:22:52,1721.0,110253
2021-06-14 09:22:53,1721.05,110354
2021-06-14 09:22:55,1721.35,110370
2021-06-14 09:22:56,1721.3,110546
2021-06-14 09:22:57,1721.1,110550
2021-06-14 09:22:58,1720.55,110743
2021-06-14 09:22:59,1720.95,110923
2021-06-14 09:23:00,1721.05,110928
2021-06-14 09:23:01,1720.55,111025
2021-06-14 09:23:02,1721.7,111050
2021-06-14 09:23:03,1721.8,111180
2021-06-14 09:23:04,1720.55,111630
2021-06-14 09:23:07,1720.7,111852
2021-06-14 09:23:08,1720.9,111864
2021-06-14 09:23:09,1720.9,111864
2021-06-14 09:23:10,1720.4,111891
2021-06-14 09:23:12,1720.4,111911
2021-06-14 09:23:13,1720.9,112036
2021-06-14 09:23:14,1720.9,112048
2021-06-14 09:23:15,1721.0,112161
2021-06-14 09:23:16,1720.9,112352
2021-06-14 09:23:17,1720.9,112352
2021-06-14 09:23:19,1721.25,112466
2021-06-14 09:23:21,1720.9,113323
2021-06-14 09:23:22,1721.0,113333
2021-06-14 09:23:23,1720.95,113360
2021-06-14 09:23:24,1720.5,113385
2021-06-14 09:23:25,1720.5,113385
2021-06-14 09:23:26,1721.4,113386
2021-06-14 09:23:27,1720.95,113396
2021-06-14 09:23:28,1720.95,113396
2021-06-14 09:23:29,1721.0,113397
2021-06-14 09:23:30,1721.0,113397
2021-06-14 09:23:31,1721.95,113449
2021-06-14 09:23:32,1721.0,113456
2021-06-14 09:23:33,1721.75,113494
2021-06-14 09:23:33,1720.95,113564
2021-06-14 09:23:34,1720.8,113612
2021-06-14 09:23:37,1720.8,113748
2021-06-14 09:23:38,1721.55,113844
2021-06-14 09:23:38,1721.55,113844
2021-06-14 09:23:39,1720.7,113865
2021-06-14 09:23:40,1721.8,114067
2021-06-14 09:23:41,1721.0,114118
2021-06-14 09:23:43,1721.95,114122
2021-06-14 09:23:44,1721.95,114123
2021-06-14 09:23:45,1721.95,114133
2021-06-14 09:23:45,1721.95,114133
2021-06-14 09:23:47,1721.9,114134
2021-06-14 09:23:48,1721.8,114135
2021-06-14 09:23:49,1721.8,114136
2021-06-14 09:23:50,1721.8,114175
2021-06-14 09:23:51,1721.9,114348
2021-06-14 09:23:52,1721.85,114358
2021-06-14 09:23:53,1721.0,114359
2021-06-14 09:23:54,1721.85,114360
2021-06-14 09:23:55,1721.0,114371
2021-06-14 09:23:57,1721.0,114374
2021-06-14 09:23:57,1721.0,114374
2021-06-14 09:23:59,1721.5,114523
2021-06-14 09:24:00,1720.9,114666
2021-06-14 09:24:01,1720.55,114844
2021-06-14 09:24:02,1720.95,114851
2021-06-14 09:24:03,1720.55,114867
2021-06-14 09:24:04,1719.15,115819
2021-06-14 09:24:05,1719.9,115920
2021-06-14 09:24:06,1719.25,115932
2021-06-14 09:24:07,1720.5,116027
2021-06-14 09:24:08,1719.4,116129
2021-06-14 09:24:09,1719.45,116148
2021-06-14 09:24:10,1720.55,116260
2021-06-14 09:24:11,1719.85,116395
2021-06-14 09:24:11,1719.95,116495
2021-06-14 09:24:12,1719.95,116495
2021-06-14 09:24:13,1719.9,116528
2021-06-14 09:24:14,1719.9,116528
2021-06-14 09:24:15,1720.55,116530
2021-06-14 09:24:16,1719.4,116542
2021-06-14 09:24:17,1719.4,116542
2021-06-14 09:24:18,1720.0,116546
2021-06-14 09:24:19,1719.45,116576
2021-06-14 09:24:20,1719.55,116587
2021-06-14 09:24:21,1719.3,116605
2021-06-14 09:24:22,1719.4,116624
2021-06-14 09:24:23,1720.0,116671
2021-06-14 09:24:24,1719.4,116696
2021-06-14 09:24:25,1719.4,116751
2021-06-14 09:24:26,1719.1,116786
2021-06-14 09:24:27,1720.0,117631
2021-06-14 09:24:28,1721.0,118183
2021-06-14 09:24:29,1720.95,118224
2021-06-14 09:24:30,1720.15,118247
2021-06-14 09:24:31,1720.15,118247
2021-06-14 09:24:32,1720.5,118253
2021-06-14 09:24:33,1719.8,118286
2021-06-14 09:24:35,1719.75,118368
2021-06-14 09:24:35,1719.25,118541
2021-06-14 09:24:41,1719.25,118707
2021-06-14 09:24:42,1719.0,119037
2021-06-14 09:24:43,1719.0,119095
2021-06-14 09:24:44,1719.0,119095
2021-06-14 09:24:45,1719.2,119109
2021-06-14 09:24:46,1719.9,119116
2021-06-14 09:24:46,1719.95,119117
2021-06-14 09:24:48,1719.75,119189
2021-06-14 09:24:49,1719.0,119453
2021-06-14 09:24:50,1719.0,119453
2021-06-14 09:24:51,1719.05,119468
2021-06-14 09:24:52,1719.9,119483
2021-06-14 09:24:53,1719.1,119773
2021-06-14 09:24:53,1719.9,119787
2021-06-14 09:24:54,1719.05,119807
2021-06-14 09:24:56,1719.0,119810
2021-06-14 09:24:57,1719.9,119967
2021-06-14 09:24:58,1719.0,120197
2021-06-14 09:24:59,1719.9,120314
2021-06-14 09:25:00,1719.0,120316
2021-06-14 09:25:01,1719.0,120318
2021-06-14 09:25:02,1718.3,120443
2021-06-14 09:25:03,1719.0,120612
2021-06-14 09:25:04,1719.0,120722
2021-06-14 09:25:05,1718.1,120987
2021-06-14 09:25:06,1718.1,121075
2021-06-14 09:25:07,1718.0,121326
2021-06-14 09:25:08,1719.7,121533
2021-06-14 09:25:09,1718.3,121567
2021-06-14 09:25:10,1718.1,121874
2021-06-14 09:25:11,1719.3,121907
2021-06-14 09:25:12,1718.45,121947
2021-06-14 09:25:13,1719.0,121954
2021-06-14 09:25:13,1718.15,121964
2021-06-14 09:25:14,1718.9,122094
2021-06-14 09:25:15,1718.9,122372
2021-06-14 09:25:16,1718.9,122372
2021-06-14 09:25:18,1718.9,122372
2021-06-14 09:25:19,1718.35,122491
2021-06-14 09:25:20,1718.5,124411
2021-06-14 09:25:21,1718.5,124532
2021-06-14 09:25:22,1718.45,124545
2021-06-14 09:25:22,1718.45,124548
2021-06-14 09:25:23,1718.6,124661
2021-06-14 09:25:25,1720.0,125082
2021-06-14 09:25:26,1720.0,125153
2021-06-14 09:25:27,1719.55,125391
2021-06-14 09:25:27,1720.0,125167
2021-06-14 09:25:29,1720.85,125497
2021-06-14 09:25:30,1719.55,125668
2021-06-14 09:25:31,1719.55,125668
2021-06-14 09:25:32,1719.0,125701
2021-06-14 09:25:34,1719.55,125743
2021-06-14 09:25:35,1719.0,125752
2021-06-14 09:25:36,1719.65,125853
2021-06-14 09:25:37,1719.0,125857
2021-06-14 09:25:38,1719.0,125857
2021-06-14 09:25:39,1718.5,126308
2021-06-14 09:25:40,1718.1,126406
2021-06-14 09:25:41,1719.15,126407
2021-06-14 09:25:42,1718.15,126436
2021-06-14 09:25:43,1718.7,126565
2021-06-14 09:25:44,1718.7,126565
2021-06-14 09:25:46,1718.6,126625
2021-06-14 09:25:47,1718.6,126641
2021-06-14 09:25:48,1719.0,126738
2021-06-14 09:25:49,1719.0,126766
2021-06-14 09:25:50,1719.0,126766
2021-06-14 09:25:51,1719.0,126788
2021-06-14 09:25:52,1719.0,126961
2021-06-14 09:25:53,1719.0,127025
2021-06-14 09:25:54,1719.0,127057
2021-06-14 09:25:55,1719.0,127064
2021-06-14 09:25:56,1719.0,127116
2021-06-14 09:25:57,1718.15,127308
2021-06-14 09:25:58,1718.15,127308
2021-06-14 09:25:59,1719.0,127415
2021-06-14 09:26:00,1718.6,127419
2021-06-14 09:26:01,1719.0,127455
2021-06-14 09:26:02,1718.45,127467
2021-06-14 09:26:03,1718.5,127483
2021-06-14 09:26:04,1718.4,127565
2021-06-14 09:26:05,1718.4,127565
2021-06-14 09:26:06,1718.4,127565
2021-06-14 09:26:07,1719.0,127569
2021-06-14 09:26:08,1718.6,127617
2021-06-14 09:26:09,1719.3,127650
2021-06-14 09:26:10,1719.0,127651
2021-06-14 09:26:11,1719.45,127728
2021-06-14 09:26:13,1719.45,127728
2021-06-14 09:26:14,1718.65,127835
2021-06-14 09:26:15,1719.4,127842
2021-06-14 09:26:16,1718.7,127862
2021-06-14 09:26:17,1719.65,128004
2021-06-14 09:26:18,1719.3,129081
2021-06-14 09:26:19,1719.4,129111
2021-06-14 09:26:20,1719.4,129111
2021-06-14 09:26:21,1718.65,129207
2021-06-14 09:26:22,1718.75,129309
2021-06-14 09:26:23,1718.65,129367
2021-06-14 09:26:24,1719.7,129396
2021-06-14 09:26:25,1720.0,129694
2021-06-14 09:26:26,1720.2,130655
2021-06-14 09:26:27,1720.0,130664
2021-06-14 09:26:28,1720.0,130699
2021-06-14 09:26:29,1720.35,130906
2021-06-14 09:26:30,1720.35,131002
2021-06-14 09:26:31,1721.4,131164
2021-06-14 09:26:32,1720.55,131211
2021-06-14 09:26:33,1721.45,131261
2021-06-14 09:26:34,1720.6,131262
2021-06-14 09:26:35,1721.45,131288
2021-06-14 09:26:36,1721.95,131369
2021-06-14 09:26:37,1721.95,131378
2021-06-14 09:26:38,1721.9,131434
2021-06-14 09:26:39,1721.1,131484
2021-06-14 09:26:40,1721.6,131529
2021-06-14 09:26:41,1721.55,131546
2021-06-14 09:26:42,1721.55,131546
2021-06-14 09:26:43,1721.0,131747
2021-06-14 09:26:44,1720.55,131763
2021-06-14 09:26:45,1721.6,131770
2021-06-14 09:26:46,1721.6,131770
2021-06-14 09:26:48,1720.25,132357
2021-06-14 09:26:47,1721.55,131827
2021-06-14 09:26:49,1720.3,132371
2021-06-14 09:26:50,1719.9,132483
2021-06-14 09:26:52,1720.45,132517
2021-06-14 09:26:51,1720.45,132494
2021-06-14 09:26:53,1719.6,132518
2021-06-14 09:26:54,1720.3,132546
2021-06-14 09:26:55,1719.55,132556
2021-06-14 09:26:56,1720.0,132576
2021-06-14 09:26:57,1720.0,132596
2021-06-14 09:26:58,1719.55,132604
2021-06-14 09:27:00,1719.2,132669
2021-06-14 09:26:59,1719.2,132669
2021-06-14 09:27:01,1720.0,132670
2021-06-14 09:27:02,1718.7,133014
2021-06-14 09:27:03,1718.7,133014
2021-06-14 09:27:04,1718.7,133014
2021-06-14 09:27:05,1718.0,133500
2021-06-14 09:27:06,1718.0,133500
2021-06-14 09:27:07,1718.55,133510
2021-06-14 09:27:08,1718.0,133520
2021-06-14 09:27:09,1718.0,133592
2021-06-14 09:27:10,1717.35,133972
2021-06-14 09:27:11,1718.25,134034
2021-06-14 09:27:12,1717.25,134050
2021-06-14 09:27:13,1717.0,134128
2021-06-14 09:27:14,1716.75,134331
2021-06-14 09:27:15,1716.75,134331
2021-06-14 09:27:16,1716.7,134417
2021-06-14 09:27:17,1716.65,134452
2021-06-14 09:27:18,1717.5,134499
2021-06-14 09:27:19,1716.2,134654
2021-06-14 09:27:20,1716.65,134676
2021-06-14 09:27:22,1716.65,134676
2021-06-14 09:27:21,1716.65,134676
2021-06-14 09:27:23,1717.7,134748
2021-06-14 09:27:24,1717.7,134748
2021-06-14 09:27:25,1716.75,135008
2021-06-14 09:27:26,1716.75,135008
2021-06-14 09:27:27,1716.7,136869
2021-06-14 09:27:28,1716.05,137023
2021-06-14 09:27:29,1716.1,137053
2021-06-14 09:27:30,1716.35,137315
2021-06-14 09:27:31,1716.65,137346
2021-06-14 09:27:32,1716.65,137346
2021-06-14 09:27:33,1716.65,137346
2021-06-14 09:27:34,1717.0,137363
2021-06-14 09:27:35,1717.8,137463
2021-06-14 09:27:36,1716.5,137594
2021-06-14 09:27:37,1716.5,137594
2021-06-14 09:27:38,1716.5,137605
2021-06-14 09:27:39,1716.65,137607
2021-06-14 09:27:40,1716.5,137724
2021-06-14 09:27:41,1717.4,137822
2021-06-14 09:27:42,1717.5,137843
2021-06-14 09:27:43,1717.35,137850
2021-06-14 09:27:44,1717.35,137850
2021-06-14 09:27:45,1716.65,137862
2021-06-14 09:27:46,1717.85,137863
2021-06-14 09:27:47,1716.35,138154
2021-06-14 09:27:48,1716.4,138224
2021-06-14 09:27:49,1717.35,138307
2021-06-14 09:27:50,1716.55,138313
2021-06-14 09:27:51,1717.7,138413
2021-06-14 09:27:52,1717.7,138413
2021-06-14 09:27:53,1717.7,138413
2021-06-14 09:27:54,1716.65,138550
2021-06-14 09:27:55,1717.5,138571
2021-06-14 09:27:57,1717.35,138643
2021-06-14 09:27:57,1717.0,138653
2021-06-14 09:27:58,1717.4,138702
2021-06-14 09:27:59,1716.4,138857
2021-06-14 09:28:00,1716.15,139108
2021-06-14 09:28:01,1716.05,139254
2021-06-14 09:28:02,1717.1,139304
2021-06-14 09:28:03,1716.3,139548
2021-06-14 09:28:04,1716.65,139573
2021-06-14 09:28:05,1717.0,139676
2021-06-14 09:28:06,1717.0,139738
2021-06-14 09:28:07,1717.0,139819
2021-06-14 09:28:08,1717.0,139873
2021-06-14 09:28:10,1716.65,139960
2021-06-14 09:28:10,1716.05,140021
2021-06-14 09:28:11,1716.05,140104
2021-06-14 09:28:12,1716.6,140648
2021-06-14 09:28:13,1716.2,140777
2021-06-14 09:28:14,1716.95,141282
2021-06-14 09:28:15,1716.95,141282
2021-06-14 09:28:16,1715.9,141400
2021-06-14 09:28:17,1715.0,142561
2021-06-14 09:28:18,1715.0,142575
2021-06-14 09:28:19,1715.0,142791
2021-06-14 09:28:20,1715.8,142832
2021-06-14 09:28:21,1715.0,142882
2021-06-14 09:28:22,1716.0,142905
2021-06-14 09:28:23,1715.25,142930
2021-06-14 09:28:24,1715.25,142955
2021-06-14 09:28:25,1715.25,143002
2021-06-14 09:28:26,1715.25,143002
2021-06-14 09:28:27,1715.9,143069
2021-06-14 09:28:28,1715.9,143092
2021-06-14 09:28:29,1715.95,143107
2021-06-14 09:28:30,1716.0,143137
2021-06-14 09:28:32,1716.3,144000
2021-06-14 09:28:32,1716.3,144000
2021-06-14 09:28:34,1717.5,144141
2021-06-14 09:28:36,1717.85,144351
2021-06-14 09:28:36,1717.85,144351
2021-06-14 09:28:37,1717.85,144351
2021-06-14 09:28:38,1717.9,144373
2021-06-14 09:28:40,1717.5,144378
2021-06-14 09:28:40,1717.5,144403
2021-06-14 09:28:41,1716.85,144499
2021-06-14 09:28:43,1716.6,144509
2021-06-14 09:28:44,1716.4,144521
2021-06-14 09:28:45,1717.6,144624
2021-06-14 09:28:46,1716.4,144629
2021-06-14 09:28:47,1716.45,144779
2021-06-14 09:28:48,1716.45,144787
2021-06-14 09:28:49,1716.45,144787
2021-06-14 09:28:50,1716.45,144787
2021-06-14 09:28:51,1717.6,144788
2021-06-14 09:28:52,1717.6,144788
2021-06-14 09:28:53,1717.6,144788
2021-06-14 09:28:54,1717.6,144788
2021-06-14 09:28:55,1717.6,144788
2021-06-14 09:28:56,1717.6,144788
2021-06-14 09:28:57,1716.9,144889
2021-06-14 09:28:59,1716.9,144897
2021-06-14 09:29:00,1717.5,144977
2021-06-14 09:29:01,1717.5,144977
2021-06-14 09:29:02,1717.5,144977
2021-06-14 09:29:03,1717.9,144998
2021-06-14 09:29:04,1718.0,145008
2021-06-14 09:29:05,1718.0,145008
2021-06-14 09:29:06,1718.0,145008
2021-06-14 09:29:07,1717.75,145009
2021-06-14 09:29:09,1718.55,145675
2021-06-14 09:29:10,1718.55,145675
2021-06-14 09:29:11,1718.55,145675
2021-06-14 09:29:12,1719.0,145825
2021-06-14 09:29:13,1719.0,145825
2021-06-14 09:29:14,1718.5,145925
2021-06-14 09:29:15,1718.5,145925
2021-06-14 09:29:16,1718.5,145925
2021-06-14 09:29:18,1717.6,146125
2021-06-14 09:29:19,1717.6,146125
2021-06-14 09:29:20,1717.8,146254
2021-06-14 09:29:21,1717.8,146532
2021-06-14 09:29:22,1717.8,146532
2021-06-14 09:29:23,1718.55,146793
2021-06-14 09:29:24,1717.7,146798
2021-06-14 09:29:25,1717.7,146798
2021-06-14 09:29:26,1717.7,146798
2021-06-14 09:29:27,1717.7,146798
2021-06-14 09:29:28,1716.8,146815
2021-06-14 09:29:29,1716.8,146815
2021-06-14 09:29:30,1717.3,146821
2021-06-14 09:29:31,1718.35,146944
2021-06-14 09:29:32,1718.35,146944
2021-06-14 09:29:33,1718.7,146951
2021-06-14 09:29:34,1717.2,147003
2021-06-14 09:29:35,1718.0,147161
2021-06-14 09:29:36,1718.0,147161
2021-06-14 09:29:37,1718.4,147284
2021-06-14 09:29:38,1717.35,147312
2021-06-14 09:29:39,1718.35,147313
2021-06-14 09:29:40,1718.1,147373
2021-06-14 09:29:41,1718.05,147374
2021-06-14 09:29:42,1717.35,147394
2021-06-14 09:29:43,1717.1,147532
2021-06-14 09:29:44,1718.4,147590
2021-06-14 09:29:45,1717.25,147594
2021-06-14 09:29:46,1718.4,147626
2021-06-14 09:29:47,1717.3,147635
2021-06-14 09:29:48,1717.1,147756
2021-06-14 09:29:50,1717.0,147936
2021-06-14 09:29:51,1717.0,147936
2021-06-14 09:29:52,1718.5,148023
2021-06-14 09:29:53,1717.9,148072
2021-06-14 09:29:54,1717.95,148078
2021-06-14 09:29:55,1717.95,148078
2021-06-14 09:29:55,1716.0,148128
2021-06-14 09:29:56,1716.85,148133
2021-06-14 09:29:57,1716.1,148157
2021-06-14 09:29:58,1715.55,148267
2021-06-14 09:29:59,1716.35,148287
2021-06-14 09:30:01,1715.3,148347
2021-06-14 09:30:02,1716.0,148419
2021-06-14 09:30:03,1715.1,148636
2021-06-14 09:30:04,1715.05,148711
2021-06-14 09:30:05,1715.0,148812
2021-06-14 09:30:06,1715.0,148830
2021-06-14 09:30:07,1715.0,148861
2021-06-14 09:30:08,1715.0,148958
2021-06-14 09:30:09,1715.0,149000
2021-06-14 09:30:10,1715.0,149032
2021-06-14 09:30:10,1715.0,149032
2021-06-14 09:30:11,1715.0,150040
2021-06-14 09:30:13,1715.0,150244
2021-06-14 09:30:14,1715.9,150292
2021-06-14 09:30:15,1715.0,150547
2021-06-14 09:30:16,1715.0,150576
2021-06-14 09:30:17,1715.0,150576
2021-06-14 09:30:18,1715.0,150592
2021-06-14 09:30:19,1715.5,150667
2021-06-14 09:30:23,1716.7,151095
2021-06-14 09:30:25,1715.85,151132
2021-06-14 09:30:26,1715.8,151163
2021-06-14 09:30:28,1716.0,151172
2021-06-14 09:30:29,1715.8,151204
2021-06-14 09:30:30,1715.8,151217
2021-06-14 09:30:31,1716.45,151292
2021-06-14 09:30:32,1716.45,151292
2021-06-14 09:30:33,1715.65,151446
2021-06-14 09:30:33,1715.65,151465
2021-06-14 09:30:34,1716.85,151765
2021-06-14 09:30:36,1717.7,151925
2021-06-14 09:30:37,1717.0,151928
2021-06-14 09:30:38,1717.1,151976
2021-06-14 09:30:39,1716.35,152076
2021-06-14 09:30:40,1716.9,152126
2021-06-14 09:30:41,1717.85,152354
2021-06-14 09:30:42,1716.85,152396
2021-06-14 09:30:43,1717.35,152407
2021-06-14 09:30:44,1718.0,152436
2021-06-14 09:30:45,1718.15,152556
2021-06-14 09:30:46,1716.9,152566
2021-06-14 09:30:47,1717.85,152626
2021-06-14 09:30:48,1717.55,152649
2021-06-14 09:30:49,1718.2,152700
2021-06-14 09:30:50,1717.2,152722
2021-06-14 09:30:51,1717.25,152725
2021-06-14 09:30:52,1717.3,152727
2021-06-14 09:30:53,1717.3,152727
2021-06-14 09:30:54,1717.3,152732
2021-06-14 09:30:55,1718.0,152739
2021-06-14 09:30:56,1717.25,152809
2021-06-14 09:30:57,1717.3,152824
2021-06-14 09:30:58,1717.65,152851
2021-06-14 09:30:58,1717.2,152843
2021-06-14 09:30:59,1717.65,152851
2021-06-14 09:31:00,1716.85,152861
2021-06-14 09:31:01,1717.9,152961
2021-06-14 09:31:02,1717.9,152961
2021-06-14 09:31:03,1717.9,152961
2021-06-14 09:31:05,1717.3,152962
2021-06-14 09:31:05,1717.3,152962
2021-06-14 09:31:07,1717.7,153018
2021-06-14 09:31:07,1717.3,153019
2021-06-14 09:31:08,1717.3,153026
2021-06-14 09:31:09,1718.0,153051
2021-06-14 09:31:11,1717.3,153077
2021-06-14 09:31:11,1717.3,153078
2021-06-14 09:31:14,1716.65,153192
2021-06-14 09:31:15,1717.0,153253
2021-06-14 09:31:16,1717.0,153253
2021-06-14 09:31:17,1717.45,153258
2021-06-14 09:31:18,1717.45,153274
2021-06-14 09:31:19,1717.0,153289
2021-06-14 09:31:19,1717.0,153289
2021-06-14 09:31:20,1717.2,153355
2021-06-14 09:31:21,1717.2,153355
2021-06-14 09:31:23,1718.0,153357
2021-06-14 09:31:24,1717.55,153437
2021-06-14 09:31:25,1717.55,153487
2021-06-14 09:31:27,1718.0,153592
2021-06-14 09:31:29,1717.35,153606
2021-06-14 09:31:30,1717.95,153763
2021-06-14 09:31:31,1718.0,153938
2021-06-14 09:31:32,1717.3,154009
2021-06-14 09:31:33,1717.7,154020
2021-06-14 09:31:34,1717.7,154020
2021-06-14 09:31:35,1717.7,154020
2021-06-14 09:31:36,1717.05,154021
2021-06-14 09:31:37,1717.95,154051
2021-06-14 09:31:37,1717.95,154051
2021-06-14 09:31:39,1717.9,154168
2021-06-14 09:31:40,1717.75,154182
2021-06-14 09:31:41,1717.75,154182
2021-06-14 09:31:42,1717.15,154277
2021-06-14 09:31:43,1717.9,154290
2021-06-14 09:31:44,1717.9,154290
2021-06-14 09:31:45,1717.2,154292
2021-06-14 09:31:45,1717.2,154292
2021-06-14 09:31:46,1717.3,154302
2021-06-14 09:31:47,1717.3,154302
2021-06-14 09:31:48,1717.3,154310
2021-06-14 09:31:49,1717.3,154310
2021-06-14 09:31:51,1717.3,154353
2021-06-14 09:31:52,1717.3,154353
2021-06-14 09:31:52,1717.2,154416
2021-06-14 09:31:53,1717.0,155832
2021-06-14 09:31:55,1717.0,155838
2021-06-14 09:31:56,1717.35,155912
2021-06-14 09:31:57,1717.0,155920
2021-06-14 09:31:58,1717.4,155942
2021-06-14 09:31:59,1717.0,155952
2021-06-14 09:32:00,1717.0,155952
2021-06-14 09:32:01,1717.0,156731
2021-06-14 09:32:02,1717.35,156753
2021-06-14 09:32:03,1716.25,156812
2021-06-14 09:32:05,1716.2,156813
2021-06-14 09:32:04,1716.25,156812
2021-06-14 09:32:06,1716.2,156836
2021-06-14 09:32:07,1716.2,156836
2021-06-14 09:32:08,1715.95,156856
2021-06-14 09:32:09,1715.65,156859
2021-06-14 09:32:10,1715.65,156859
2021-06-14 09:32:11,1715.6,157175
2021-06-14 09:32:12,1715.5,157179
2021-06-14 09:32:13,1715.5,157179
2021-06-14 09:32:14,1715.6,157258
2021-06-14 09:32:15,1714.0,158338
2021-06-14 09:32:17,1713.0,158957
2021-06-14 09:32:18,1713.2,159027
2021-06-14 09:32:19,1713.6,159028
2021-06-14 09:32:19,1713.7,159029
2021-06-14 09:32:20,1713.75,159109
2021-06-14 09:32:21,1713.75,159109
2021-06-14 09:32:22,1713.05,159119
2021-06-14 09:32:24,1713.9,159172
2021-06-14 09:32:26,1713.5,159285
2021-06-14 09:32:27,1713.9,159310
2021-06-14 09:32:28,1713.25,159318
2021-06-14 09:32:29,1713.25,159324
2021-06-14 09:32:30,1713.25,159402
2021-06-14 09:32:32,1713.3,159456
2021-06-14 09:32:33,1713.25,159556
2021-06-14 09:32:34,1713.25,159556
2021-06-14 09:32:35,1715.7,160227
2021-06-14 09:32:37,1716.35,160368
2021-06-14 09:32:38,1715.8,160868
2021-06-14 09:32:39,1717.0,160906
2021-06-14 09:32:40,1717.0,161007
2021-06-14 09:32:41,1717.0,161007
2021-06-14 09:32:41,1717.0,161007
2021-06-14 09:32:43,1717.0,161025
2021-06-14 09:32:44,1717.0,161495
2021-06-14 09:32:45,1718.3,162329
2021-06-14 09:32:46,1718.3,162336
2021-06-14 09:32:47,1718.3,162343
2021-06-14 09:32:48,1717.8,162354
2021-06-14 09:32:49,1717.85,162393
2021-06-14 09:32:50,1717.8,162484
2021-06-14 09:32:51,1718.5,162490
2021-06-14 09:32:53,1717.1,162547
2021-06-14 09:32:53,1717.1,162547
2021-06-14 09:32:54,1716.05,162697
2021-06-14 09:32:55,1717.2,162726
2021-06-14 09:32:56,1717.2,162726
2021-06-14 09:32:57,1716.8,162810
2021-06-14 09:32:58,1715.9,162818
2021-06-14 09:32:59,1715.9,162818
2021-06-14 09:33:00,1715.9,162818
2021-06-14 09:33:01,1717.6,162889
2021-06-14 09:33:02,1716.95,162892
2021-06-14 09:33:03,1716.95,162892
2021-06-14 09:33:04,1716.75,162897
2021-06-14 09:33:05,1716.8,162904
2021-06-14 09:33:06,1716.8,162926
2021-06-14 09:33:07,1716.8,162926
2021-06-14 09:33:09,1716.7,162934
2021-06-14 09:33:10,1716.7,162934
2021-06-14 09:33:11,1716.8,162970
2021-06-14 09:33:12,1716.1,162973
2021-06-14 09:33:13,1716.0,163048
2021-06-14 09:33:14,1715.05,163548
2021-06-14 09:33:15,1715.05,163548
2021-06-14 09:33:16,1715.55,163549
2021-06-14 09:33:17,1715.0,163556
2021-06-14 09:33:19,1714.6,163641
2021-06-14 09:33:18,1714.05,163606
2021-06-14 09:33:20,1714.6,163641
2021-06-14 09:33:21,1713.95,163767
2021-06-14 09:33:23,1714.5,165107
2021-06-14 09:33:24,1714.9,165114
2021-06-14 09:33:26,1714.65,165159
2021-06-14 09:33:27,1714.65,165159
2021-06-14 09:33:29,1714.7,165200
2021-06-14 09:33:30,1714.7,165202
2021-06-14 09:33:31,1714.7,165202
2021-06-14 09:33:32,1714.7,165276
2021-06-14 09:33:33,1714.7,165276
2021-06-14 09:33:34,1715.25,165300
2021-06-14 09:33:36,1715.5,165312
2021-06-14 09:33:37,1715.4,165313
2021-06-14 09:33:38,1716.0,165424
2021-06-14 09:33:40,1714.85,165529
2021-06-14 09:33:41,1715.1,165830
2021-06-14 09:33:42,1715.05,165855
2021-06-14 09:33:43,1715.0,165887
2021-06-14 09:33:44,1715.0,165887
2021-06-14 09:33:44,1715.0,165887
2021-06-14 09:33:45,1716.0,165943
2021-06-14 09:33:46,1715.25,165944
2021-06-14 09:33:48,1715.0,165952
2021-06-14 09:33:49,1715.0,165952
2021-06-14 09:33:51,1715.0,166172
2021-06-14 09:33:52,1715.0,166212
2021-06-14 09:33:53,1715.0,166218
2021-06-14 09:33:54,1715.0,166243
2021-06-14 09:33:55,1715.0,166248
2021-06-14 09:33:56,1715.0,166248
2021-06-14 09:33:57,1715.8,166276
2021-06-14 09:33:58,1715.7,166291
2021-06-14 09:33:59,1715.65,166313
2021-06-14 09:34:00,1715.65,166327
2021-06-14 09:34:00,1715.0,166342
2021-06-14 09:34:01,1715.65,166375
2021-06-14 09:34:02,1715.7,166454
2021-06-14 09:34:04,1715.75,166461
2021-06-14 09:34:05,1715.7,166468
2021-06-14 09:34:06,1715.8,166527
2021-06-14 09:34:07,1715.7,166534
2021-06-14 09:34:09,1715.75,166602
2021-06-14 09:34:10,1715.1,166624
2021-06-14 09:34:11,1715.7,166634
2021-06-14 09:34:11,1715.7,166634
2021-06-14 09:34:12,1715.05,166664
2021-06-14 09:34:13,1715.05,166664
2021-06-14 09:34:15,1715.1,166709
2021-06-14 09:34:16,1715.75,166740
2021-06-14 09:34:17,1715.75,166740
2021-06-14 09:34:18,1715.1,166749
2021-06-14 09:34:19,1715.1,166749
2021-06-14 09:34:20,1715.7,166750
2021-06-14 09:34:21,1715.7,166750
2021-06-14 09:34:22,1715.1,166801
2021-06-14 09:34:23,1715.55,167115
2021-06-14 09:34:24,1715.7,167194
2021-06-14 09:34:25,1714.7,167263
2021-06-14 09:34:27,1715.1,167283
2021-06-14 09:34:28,1715.1,167303
2021-06-14 09:34:29,1715.1,167303
2021-06-14 09:34:30,1714.7,167309
2021-06-14 09:34:31,1714.6,167406
2021-06-14 09:34:32,1714.6,167406
2021-06-14 09:34:33,1714.6,167406
2021-06-14 09:34:34,1715.1,167441
2021-06-14 09:34:35,1715.1,167556
2021-06-14 09:34:36,1715.45,167563
2021-06-14 09:34:37,1715.45,167563
2021-06-14 09:34:38,1715.6,167579
2021-06-14 09:34:39,1715.0,167586
2021-06-14 09:34:40,1715.0,167663
2021-06-14 09:34:40,1715.0,167663
2021-06-14 09:34:41,1714.75,167690
2021-06-14 09:34:42,1714.8,167705
2021-06-14 09:34:43,1714.8,167715
2021-06-14 09:34:44,1714.8,167715
2021-06-14 09:34:45,1714.9,167920
2021-06-14 09:34:46,1714.75,167928
2021-06-14 09:34:47,1714.75,167928
2021-06-14 09:34:48,1714.75,167943
2021-06-14 09:34:49,1714.75,167943
2021-06-14 09:34:50,1714.05,167947
2021-06-14 09:34:51,1714.05,167973
2021-06-14 09:34:52,1714.75,168010
2021-06-14 09:34:53,1714.75,168070
2021-06-14 09:34:54,1714.0,168071
2021-06-14 09:34:55,1714.0,168108
2021-06-14 09:34:56,1714.0,168148
2021-06-14 09:34:57,1714.8,168268
2021-06-14 09:34:59,1714.0,168296
2021-06-14 09:35:00,1714.15,168372
2021-06-14 09:35:01,1714.0,168903
2021-06-14 09:35:03,1714.05,168993
2021-06-14 09:35:04,1714.05,168993
2021-06-14 09:35:05,1714.0,169018
2021-06-14 09:35:07,1714.1,169030
2021-06-14 09:35:09,1714.8,169287
2021-06-14 09:35:11,1714.65,169297
2021-06-14 09:35:12,1714.0,169302
2021-06-14 09:35:13,1714.0,169379
2021-06-14 09:35:14,1714.0,169506
2021-06-14 09:35:15,1714.65,169507
2021-06-14 09:35:16,1714.65,169507
2021-06-14 09:35:17,1714.65,169507
2021-06-14 09:35:19,1714.0,169527
2021-06-14 09:35:20,1714.0,169528
2021-06-14 09:35:21,1714.65,169553
2021-06-14 09:35:22,1714.0,169653
2021-06-14 09:35:23,1714.0,169653
2021-06-14 09:35:24,1714.0,169683
2021-06-14 09:35:25,1715.5,169905
2021-06-14 09:35:26,1715.5,169995
2021-06-14 09:35:27,1715.5,169995
2021-06-14 09:35:28,1715.1,170031
2021-06-14 09:35:29,1714.85,170102
2021-06-14 09:35:30,1715.8,170535
2021-06-14 09:35:31,1717.4,171300
2021-06-14 09:35:32,1717.4,171300
2021-06-14 09:35:34,1716.9,171420
2021-06-14 09:35:35,1717.75,171442
2021-06-14 09:35:36,1718.0,171490
2021-06-14 09:35:37,1717.85,171560
2021-06-14 09:35:38,1717.2,171751
2021-06-14 09:35:39,1717.2,171789
2021-06-14 09:35:40,1717.2,171789
2021-06-14 09:35:41,1718.2,172329
2021-06-14 09:35:42,1717.25,172399
2021-06-14 09:35:43,1717.7,172401
2021-06-14 09:35:44,1718.1,172503
2021-06-14 09:35:45,1718.2,172618
2021-06-14 09:35:46,1718.5,172679
2021-06-14 09:35:47,1717.75,172680
2021-06-14 09:35:48,1719.5,172946
2021-06-14 09:35:50,1718.6,173076
2021-06-14 09:35:51,1719.5,173195
2021-06-14 09:35:52,1719.5,173295
2021-06-14 09:35:53,1719.5,173295
2021-06-14 09:35:54,1719.5,173296
2021-06-14 09:35:55,1719.5,173296
2021-06-14 09:35:56,1718.65,173376
2021-06-14 09:35:57,1719.45,173431
2021-06-14 09:35:58,1718.65,173439
2021-06-14 09:35:59,1719.25,173509
2021-06-14 09:36:00,1719.95,173914
2021-06-14 09:36:01,1719.95,173914
2021-06-14 09:36:02,1719.9,173965
2021-06-14 09:36:03,1719.4,173986
2021-06-14 09:36:05,1719.3,174193
2021-06-14 09:36:09,1718.6,174257
2021-06-14 09:36:10,1719.4,174262
2021-06-14 09:36:11,1719.1,174359
2021-06-14 09:36:12,1718.6,174370
2021-06-14 09:36:13,1718.6,174370
2021-06-14 09:36:14,1719.35,174451
2021-06-14 09:36:15,1718.6,174483
2021-06-14 09:36:16,1720.25,175512
2021-06-14 09:36:17,1720.25,175512
2021-06-14 09:36:18,1719.25,175521
2021-06-14 09:36:19,1720.45,175566
2021-06-14 09:36:20,1719.95,175571
2021-06-14 09:36:21,1719.55,175590
2021-06-14 09:36:22,1719.4,175745
2021-06-14 09:36:23,1719.05,175846
2021-06-14 09:36:24,1719.05,175846
2021-06-14 09:36:25,1719.1,175851
2021-06-14 09:36:26,1719.1,175851
2021-06-14 09:36:27,1719.9,175852
2021-06-14 09:36:28,1719.1,175942
2021-06-14 09:36:29,1719.1,175946
2021-06-14 09:36:30,1719.15,176014
2021-06-14 09:36:31,1719.2,176023
2021-06-14 09:36:32,1719.95,176136
2021-06-14 09:36:33,1719.95,176141
2021-06-14 09:36:34,1719.95,176141
2021-06-14 09:36:35,1719.95,176141
2021-06-14 09:36:36,1719.3,176166
2021-06-14 09:36:38,1719.3,176198
2021-06-14 09:36:40,1718.6,177919
2021-06-14 09:36:42,1719.05,177933
2021-06-14 09:36:43,1719.3,177944
2021-06-14 09:36:45,1719.95,177979
2021-06-14 09:36:47,1719.5,178089
2021-06-14 09:36:49,1719.1,178108
2021-06-14 09:36:50,1719.1,178108
2021-06-14 09:36:51,1719.1,178108
2021-06-14 09:36:54,1719.4,178161
2021-06-14 09:36:55,1719.4,178161
2021-06-14 09:36:56,1719.95,178177
2021-06-14 09:36:57,1719.95,178257
2021-06-14 09:36:58,1719.95,178260
2021-06-14 09:36:59,1719.95,178260
2021-06-14 09:37:01,1719.95,178331
2021-06-14 09:37:02,1719.15,178339
2021-06-14 09:37:03,1719.95,178402
2021-06-14 09:37:04,1719.3,178452
2021-06-14 09:37:05,1719.25,178462
2021-06-14 09:37:06,1720.0,178518
2021-06-14 09:37:07,1720.0,178518
2021-06-14 09:37:08,1719.35,178525
2021-06-14 09:37:09,1719.35,178525
2021-06-14 09:37:10,1719.35,178525
2021-06-14 09:37:11,1719.95,178539
2021-06-14 09:37:12,1719.95,178709
2021-06-14 09:37:13,1719.95,178709
2021-06-14 09:37:14,1719.95,178709
2021-06-14 09:37:15,1719.15,178728
2021-06-14 09:37:18,1719.2,178738
2021-06-14 09:37:19,1719.0,178842
2021-06-14 09:37:20,1719.0,178842
2021-06-14 09:37:21,1719.0,178842
2021-06-14 09:37:22,1719.0,178842
2021-06-14 09:37:23,1719.0,178842
2021-06-14 09:37:24,1719.05,178892
2021-06-14 09:37:25,1720.0,180522
2021-06-14 09:37:26,1720.25,180527
2021-06-14 09:37:27,1720.25,180527
2021-06-14 09:37:28,1719.9,180568
2021-06-14 09:37:29,1719.9,180568
2021-06-14 09:37:30,1720.7,180611
2021-06-14 09:37:31,1720.7,180611
2021-06-14 09:37:32,1720.7,180611
2021-06-14 09:37:33,1720.0,180615
2021-06-14 09:37:34,1720.0,180615
2021-06-14 09:37:35,1720.0,180620
2021-06-14 09:37:36,1720.65,180630
2021-06-14 09:37:37,1720.0,180705
2021-06-14 09:37:38,1721.0,181384
2021-06-14 09:37:39,1721.0,181384
2021-06-14 09:37:40,1720.8,181721
2021-06-14 09:37:41,1721.7,181844
2021-06-14 09:37:42,1721.75,181845
2021-06-14 09:37:43,1721.75,181853
2021-06-14 09:37:45,1721.0,181935
2021-06-14 09:37:46,1720.95,181955
2021-06-14 09:37:47,1723.0,184019
2021-06-14 09:37:48,1724.0,184143
2021-06-14 09:37:49,1724.0,184143
2021-06-14 09:37:50,1724.4,184646
2021-06-14 09:37:51,1724.1,184647
2021-06-14 09:37:52,1724.35,184747
2021-06-14 09:37:53,1724.4,184847
2021-06-14 09:37:54,1724.9,184902
2021-06-14 09:37:55,1724.8,184922
2021-06-14 09:37:56,1724.8,184922
2021-06-14 09:37:57,1724.8,184922
2021-06-14 09:37:58,1724.1,185332
2021-06-14 09:37:59,1724.3,185387
2021-06-14 09:38:01,1724.2,185399
2021-06-14 09:38:02,1723.45,185414
2021-06-14 09:38:03,1723.4,185470
2021-06-14 09:38:04,1723.4,185470
2021-06-14 09:38:05,1724.0,185520
2021-06-14 09:38:06,1723.45,185555
2021-06-14 09:38:07,1723.45,185555
2021-06-14 09:38:08,1724.25,185619
2021-06-14 09:38:09,1724.15,185979
2021-06-14 09:38:10,1723.05,186092
2021-06-14 09:38:11,1724.05,186123
2021-06-14 09:38:12,1724.0,186273
2021-06-14 09:38:13,1724.0,186273
2021-06-14 09:38:14,1724.0,186276
2021-06-14 09:38:15,1724.0,186281
2021-06-14 09:38:16,1724.0,186281
2021-06-14 09:38:17,1724.0,186286
2021-06-14 09:38:18,1722.7,186616
2021-06-14 09:38:19,1723.1,186647
2021-06-14 09:38:20,1722.9,186685
2021-06-14 09:38:21,1722.9,186685
2021-06-14 09:38:22,1723.9,186790
2021-06-14 09:38:23,1723.9,186790
2021-06-14 09:38:24,1723.0,186927
2021-06-14 09:38:26,1723.65,186967
2021-06-14 09:38:27,1722.75,187067
2021-06-14 09:38:28,1723.75,187080
2021-06-14 09:38:29,1722.8,187130
2021-06-14 09:38:30,1722.8,187192
2021-06-14 09:38:31,1723.5,187197
2021-06-14 09:38:32,1723.5,187197
2021-06-14 09:38:33,1722.65,187222
2021-06-14 09:38:34,1723.4,187337
2021-06-14 09:38:35,1722.6,187358
2021-06-14 09:38:36,1722.8,187360
2021-06-14 09:38:37,1722.6,187376
2021-06-14 09:38:38,1723.9,187493
2021-06-14 09:38:39,1723.75,187507
2021-06-14 09:38:40,1723.05,187520
2021-06-14 09:38:41,1723.05,187524
2021-06-14 09:38:42,1724.0,187529
2021-06-14 09:38:43,1723.1,187579
2021-06-14 09:38:44,1723.1,187580
2021-06-14 09:38:45,1723.95,187591
2021-06-14 09:38:46,1723.95,187597
2021-06-14 09:38:47,1723.0,187902
2021-06-14 09:38:48,1722.8,187953
2021-06-14 09:38:49,1722.8,187954
2021-06-14 09:38:50,1722.8,187954
2021-06-14 09:38:51,1722.8,187969
2021-06-14 09:38:53,1723.1,187972
2021-06-14 09:38:53,1723.1,187972
2021-06-14 09:38:54,1722.8,187982
2021-06-14 09:38:55,1722.8,187997
2021-06-14 09:38:56,1723.1,188009
2021-06-14 09:38:57,1723.1,188010
2021-06-14 09:38:58,1723.1,188010
2021-06-14 09:38:59,1723.1,188010
2021-06-14 09:39:00,1723.1,188110
2021-06-14 09:39:01,1723.1,188110
2021-06-14 09:39:02,1722.8,188115
2021-06-14 09:39:04,1722.8,188135
2021-06-14 09:39:05,1722.8,188135
2021-06-14 09:39:06,1724.0,188475
2021-06-14 09:39:07,1723.0,188495
2021-06-14 09:39:09,1722.8,188535
2021-06-14 09:39:11,1723.0,188545
2021-06-14 09:39:12,1722.5,188662
2021-06-14 09:39:13,1722.4,188677
2021-06-14 09:39:14,1721.25,188822
2021-06-14 09:39:15,1721.2,188882
2021-06-14 09:39:16,1721.2,188884
2021-06-14 09:39:17,1721.2,188884
2021-06-14 09:39:19,1721.35,188922
2021-06-14 09:39:20,1721.35,188922
2021-06-14 09:39:21,1721.35,188922
2021-06-14 09:39:24,1721.55,188975
2021-06-14 09:39:26,1721.55,188987
2021-06-14 09:39:27,1721.55,188987
2021-06-14 09:39:28,1722.05,188988
2021-06-14 09:39:29,1722.05,188988
2021-06-14 09:39:30,1722.1,189006
2021-06-14 09:39:31,1722.9,189011
2021-06-14 09:39:32,1722.9,189011
2021-06-14 09:39:33,1722.9,189011
2021-06-14 09:39:37,1722.9,189016
2021-06-14 09:39:38,1723.0,189084
2021-06-14 09:39:39,1722.7,189200
2021-06-14 09:39:40,1722.7,189200
2021-06-14 09:39:41,1722.7,189200
2021-06-14 09:39:42,1722.7,189200
2021-06-14 09:39:43,1722.75,189207
2021-06-14 09:39:44,1722.7,189308
2021-06-14 09:39:45,1722.7,189308
2021-06-14 09:39:46,1722.75,189365
2021-06-14 09:39:47,1722.75,189365
2021-06-14 09:39:48,1722.75,189365
2021-06-14 09:39:49,1722.75,189365
2021-06-14 09:39:50,1722.75,189365
2021-06-14 09:39:51,1722.8,189385
2021-06-14 09:39:52,1722.8,189385
2021-06-14 09:39:55,1722.8,189410
2021-06-14 09:39:56,1722.8,189410
2021-06-14 09:39:57,1722.85,189421
2021-06-14 09:39:58,1722.85,189421
2021-06-14 09:39:59,1723.3,189641
2021-06-14 09:40:00,1722.75,189648
2021-06-14 09:40:02,1722.55,189717
2021-06-14 09:40:03,1722.95,189729
2021-06-14 09:40:04,1723.15,189891
2021-06-14 09:40:05,1722.15,189898
2021-06-14 09:40:06,1722.85,189903
2021-06-14 09:40:07,1722.0,189913
2021-06-14 09:40:08,1722.0,189923
2021-06-14 09:40:09,1721.85,190076
2021-06-14 09:40:10,1721.85,190076
2021-06-14 09:40:11,1721.85,190076
2021-06-14 09:40:12,1721.85,190076
2021-06-14 09:40:13,1721.25,190086
2021-06-14 09:40:14,1721.25,190086
2021-06-14 09:40:15,1721.3,190097
2021-06-14 09:40:16,1721.25,190176
2021-06-14 09:40:17,1721.25,190176
2021-06-14 09:40:18,1721.25,190176
2021-06-14 09:40:19,1721.25,190177
2021-06-14 09:40:21,1721.15,191180
2021-06-14 09:40:22,1721.15,191190
2021-06-14 09:40:23,1721.15,191190
2021-06-14 09:40:24,1721.15,191250
2021-06-14 09:40:26,1721.15,191250
2021-06-14 09:40:27,1721.15,191250
2021-06-14 09:40:28,1721.45,191252
2021-06-14 09:40:29,1721.45,191252
2021-06-14 09:40:30,1721.15,191279
2021-06-14 09:40:31,1721.15,191279
2021-06-14 09:40:32,1721.0,191316
2021-06-14 09:40:33,1721.0,191316
2021-06-14 09:40:34,1721.0,191316
2021-06-14 09:40:35,1721.15,191333
2021-06-14 09:40:36,1721.15,191340
2021-06-14 09:40:36,1721.15,191340
2021-06-14 09:40:37,1721.15,191340
2021-06-14 09:40:38,1721.15,191340
2021-06-14 09:40:39,1721.15,191350
2021-06-14 09:40:40,1721.15,191350
2021-06-14 09:40:41,1721.0,192052
2021-06-14 09:40:43,1720.2,192054
2021-06-14 09:40:44,1720.2,192054
2021-06-14 09:40:44,1720.15,192104
2021-06-14 09:40:47,1720.55,192369
2021-06-14 09:40:48,1720.0,192380
2021-06-14 09:40:49,1720.0,192380
2021-06-14 09:40:50,1720.0,192568
2021-06-14 09:40:51,1720.25,192963
2021-06-14 09:40:51,1720.25,192963
2021-06-14 09:40:52,1721.1,192965
2021-06-14 09:40:53,1720.0,192981
2021-06-14 09:40:54,1720.5,192982
2021-06-14 09:40:55,1720.5,192982
2021-06-14 09:40:56,1720.5,192982
2021-06-14 09:40:57,1720.0,193007
2021-06-14 09:40:58,1720.0,193012
2021-06-14 09:40:59,1720.0,193018
2021-06-14 09:41:00,1719.0,193898
2021-06-14 09:41:01,1720.0,193928
2021-06-14 09:41:02,1720.0,193929
2021-06-14 09:41:03,1720.0,193929
2021-06-14 09:41:05,1718.75,194031
2021-06-14 09:41:05,1719.8,194062
2021-06-14 09:41:07,1718.8,194188
2021-06-14 09:41:08,1718.6,194208
2021-06-14 09:41:08,1718.6,194208
2021-06-14 09:41:09,1718.65,194212
2021-06-14 09:41:10,1718.65,194212
2021-06-14 09:41:14,1718.65,194220
2021-06-14 09:41:15,1718.8,194225
2021-06-14 09:41:16,1718.8,194260
2021-06-14 09:41:17,1719.8,194380
2021-06-14 09:41:21,1719.25,194463
2021-06-14 09:41:22,1719.25,194513
2021-06-14 09:41:23,1719.9,194519
2021-06-14 09:41:24,1719.9,194519
2021-06-14 09:41:26,1719.25,194527
2021-06-14 09:41:26,1718.65,194543
2021-06-14 09:41:27,1720.25,194554
2021-06-14 09:41:28,1719.25,194574
2021-06-14 09:41:29,1719.65,194624
2021-06-14 09:41:31,1719.25,194649
2021-06-14 09:41:32,1719.25,194649
2021-06-14 09:41:33,1719.65,194654
2021-06-14 09:41:34,1718.65,194864
2021-06-14 09:41:34,1718.65,194864
2021-06-14 09:41:35,1719.6,194870
2021-06-14 09:41:36,1719.6,194870
2021-06-14 09:41:37,1719.2,194875
2021-06-14 09:41:38,1719.2,194875
2021-06-14 09:41:39,1719.1,194878
2021-06-14 09:41:40,1719.1,194878
2021-06-14 09:41:41,1719.9,194899
2021-06-14 09:41:43,1719.4,195956
2021-06-14 09:41:44,1719.4,195956
2021-06-14 09:41:46,1719.5,196013
2021-06-14 09:41:48,1718.9,196095
2021-06-14 09:41:49,1718.9,196095
2021-06-14 09:41:50,1718.9,196095
2021-06-14 09:41:51,1718.9,196095
2021-06-14 09:41:53,1718.9,196095
2021-06-14 09:41:54,1720.25,196276
2021-06-14 09:41:55,1720.0,196297
2021-06-14 09:41:56,1721.0,196887
2021-06-14 09:41:57,1721.0,196987
2021-06-14 09:41:58,1721.0,196987
2021-06-14 09:41:59,1721.25,196989
2021-06-14 09:42:00,1721.25,196989
2021-06-14 09:42:02,1722.0,196990
2021-06-14 09:42:03,1722.0,196990
2021-06-14 09:42:04,1722.0,196990
2021-06-14 09:42:05,1722.0,197100
2021-06-14 09:42:06,1722.5,197101
2021-06-14 09:42:07,1722.5,197101
2021-06-14 09:42:08,1722.5,197106
2021-06-14 09:42:09,1722.5,197106
2021-06-14 09:42:10,1722.5,197126
2021-06-14 09:42:11,1722.1,197185
2021-06-14 09:42:12,1722.5,197187
2021-06-14 09:42:13,1722.1,197200
2021-06-14 09:42:14,1722.1,197201
2021-06-14 09:42:15,1722.1,197201
2021-06-14 09:42:16,1722.0,197204
2021-06-14 09:42:17,1722.5,197220
2021-06-14 09:42:18,1722.5,197220
2021-06-14 09:42:19,1722.0,197227
2021-06-14 09:42:20,1721.6,197332
2021-06-14 09:42:21,1722.5,197533
2021-06-14 09:42:22,1721.9,197534
2021-06-14 09:42:23,1722.5,197573
2021-06-14 09:42:25,1722.5,197578
2021-06-14 09:42:26,1722.5,197578
2021-06-14 09:42:27,1721.9,197619
2021-06-14 09:42:28,1722.4,197624
2021-06-14 09:42:29,1721.85,199627
2021-06-14 09:42:30,1721.85,199627
2021-06-14 09:42:32,1721.85,199778
2021-06-14 09:42:33,1721.75,199888
2021-06-14 09:42:34,1720.95,200006
2021-06-14 09:42:35,1720.95,200006
2021-06-14 09:42:36,1720.95,200006
2021-06-14 09:42:38,1720.2,200053
2021-06-14 09:42:38,1720.85,200055
2021-06-14 09:42:39,1720.0,200140
2021-06-14 09:42:40,1719.05,200161
2021-06-14 09:42:42,1718.65,200239
2021-06-14 09:42:43,1718.65,200255
2021-06-14 09:42:44,1719.2,200322
2021-06-14 09:42:45,1719.4,200347
2021-06-14 09:42:45,1719.4,200347
2021-06-14 09:42:46,1719.4,200353
2021-06-14 09:42:48,1719.4,200388
2021-06-14 09:42:49,1720.05,200818
2021-06-14 09:42:50,1720.05,200818
2021-06-14 09:42:51,1720.9,200868
2021-06-14 09:42:52,1720.9,200868
2021-06-14 09:42:53,1720.9,200873
2021-06-14 09:42:54,1720.2,200895
2021-06-14 09:42:55,1720.2,200895
2021-06-14 09:42:56,1720.9,200938
2021-06-14 09:42:58,1721.45,200980
2021-06-14 09:42:59,1720.6,200982
2021-06-14 09:43:00,1721.05,200989
2021-06-14 09:43:01,1721.05,201260
2021-06-14 09:43:02,1721.4,201302
2021-06-14 09:43:03,1721.0,201358
2021-06-14 09:43:05,1720.0,201385
2021-06-14 09:43:06,1720.9,201447
2021-06-14 09:43:06,1720.9,201427
2021-06-14 09:43:07,1719.4,201746
2021-06-14 09:43:08,1719.5,201772
2021-06-14 09:43:09,1719.45,201775
2021-06-14 09:43:10,1719.5,201795
2021-06-14 09:43:11,1719.4,201927
2021-06-14 09:43:13,1719.3,201980
2021-06-14 09:43:13,1719.3,201980
2021-06-14 09:43:14,1719.3,201985
2021-06-14 09:43:15,1720.15,201993
2021-06-14 09:43:16,1719.5,201997
2021-06-14 09:43:17,1719.5,202018
2021-06-14 09:43:18,1719.55,202019
2021-06-14 09:43:19,1719.25,202139
2021-06-14 09:43:20,1719.25,202143
2021-06-14 09:43:21,1720.0,202293
2021-06-14 09:43:22,1720.0,202299
2021-06-14 09:43:23,1719.75,202303
2021-06-14 09:43:24,1719.7,202394
2021-06-14 09:43:25,1720.0,202428
2021-06-14 09:43:26,1720.0,202428
2021-06-14 09:43:27,1720.0,202467
2021-06-14 09:43:28,1720.0,202467
2021-06-14 09:43:29,1720.5,202468
2021-06-14 09:43:31,1720.45,202489
2021-06-14 09:43:32,1720.45,202489
2021-06-14 09:43:33,1720.8,202532
2021-06-14 09:43:34,1720.8,202532
2021-06-14 09:43:35,1720.8,202532
2021-06-14 09:43:36,1720.8,202532
2021-06-14 09:43:36,1720.8,202532
2021-06-14 09:43:37,1720.8,202532
2021-06-14 09:43:38,1720.0,202540
2021-06-14 09:43:39,1720.0,202620
2021-06-14 09:43:40,1720.0,202620
2021-06-14 09:43:41,1720.0,202623
2021-06-14 09:43:43,1720.5,202636
2021-06-14 09:43:44,1720.5,202636
2021-06-14 09:43:45,1720.5,202641
2021-06-14 09:43:46,1720.0,202651
2021-06-14 09:43:47,1720.0,202651
2021-06-14 09:43:48,1720.8,202659
2021-06-14 09:43:49,1720.0,202660
2021-06-14 09:43:50,1720.25,202712
2021-06-14 09:43:51,1720.25,202712
2021-06-14 09:43:52,1720.0,202737
2021-06-14 09:43:53,1720.0,202737
2021-06-14 09:43:54,1720.65,202740
2021-06-14 09:43:55,1720.65,202740
2021-06-14 09:43:56,1720.5,202749
2021-06-14 09:43:57,1720.2,202755
2021-06-14 09:43:58,1720.2,202761
2021-06-14 09:43:59,1720.6,202766
2021-06-14 09:44:00,1720.6,202766
2021-06-14 09:44:01,1720.0,202775
2021-06-14 09:44:02,1720.0,202776
2021-06-14 09:44:03,1720.0,202777
2021-06-14 09:44:04,1720.0,202778
2021-06-14 09:44:05,1720.1,202780
2021-06-14 09:44:06,1720.0,202942
2021-06-14 09:44:07,1720.0,202942
2021-06-14 09:44:08,1719.1,202943
2021-06-14 09:44:09,1719.1,202943
2021-06-14 09:44:10,1719.1,202943
2021-06-14 09:44:11,1719.1,202943
2021-06-14 09:44:12,1719.1,202978
2021-06-14 09:44:12,1719.1,202978
2021-06-14 09:44:14,1719.1,202978
2021-06-14 09:44:15,1719.1,202978
2021-06-14 09:44:16,1720.0,203036
2021-06-14 09:44:17,1719.2,203043
2021-06-14 09:44:18,1719.2,203043
2021-06-14 09:44:19,1720.25,203058
2021-06-14 09:44:20,1720.25,203059
2021-06-14 09:44:21,1720.25,203062
2021-06-14 09:44:22,1720.25,203062
2021-06-14 09:44:23,1720.25,203062
2021-06-14 09:44:27,1720.0,203063
2021-06-14 09:44:28,1720.0,203063
2021-06-14 09:44:29,1720.0,203063
2021-06-14 09:44:30,1720.25,203070
2021-06-14 09:44:31,1720.25,203070
2021-06-14 09:44:33,1720.6,203101
2021-06-14 09:44:34,1720.6,203101
2021-06-14 09:44:35,1720.6,203101
2021-06-14 09:44:35,1720.4,203150
2021-06-14 09:44:36,1720.4,203150
2021-06-14 09:44:37,1720.35,203152
2021-06-14 09:44:38,1720.3,203198
2021-06-14 09:44:40,1720.35,203231
2021-06-14 09:44:41,1720.35,203250
2021-06-14 09:44:41,1721.15,203261
2021-06-14 09:44:43,1720.45,203278
2021-06-14 09:44:44,1720.45,203287
2021-06-14 09:44:48,1720.45,203291
2021-06-14 09:44:49,1720.45,203292
2021-06-14 09:44:50,1720.45,203304
2021-06-14 09:44:51,1720.45,203304
2021-06-14 09:44:52,1720.45,203312
2021-06-14 09:44:53,1720.45,203312
2021-06-14 09:44:54,1720.45,203313
2021-06-14 09:44:55,1721.15,203320
2021-06-14 09:44:56,1720.45,203323
2021-06-14 09:44:57,1720.45,203323
2021-06-14 09:44:58,1720.45,203323
2021-06-14 09:44:59,1720.5,203328
2021-06-14 09:44:59,1720.5,203328
2021-06-14 09:45:00,1720.45,203330
2021-06-14 09:45:01,1720.45,203330
2021-06-14 09:45:03,1720.45,203340
2021-06-14 09:45:04,1720.45,203345
2021-06-14 09:45:05,1720.45,203346
2021-06-14 09:45:06,1720.45,203373
2021-06-14 09:45:07,1720.4,203973
2021-06-14 09:45:08,1720.45,203974
2021-06-14 09:45:09,1720.35,203975
2021-06-14 09:45:10,1720.75,203977
2021-06-14 09:45:11,1720.35,203990
2021-06-14 09:45:11,1720.35,203990
2021-06-14 09:45:12,1720.3,204108
2021-06-14 09:45:13,1720.3,204108
2021-06-14 09:45:14,1719.8,204231
2021-06-14 09:45:16,1719.1,204239
2021-06-14 09:45:17,1719.8,204296
2021-06-14 09:45:18,1719.3,204328
2021-06-14 09:45:19,1719.3,204328
2021-06-14 09:45:20,1720.0,204378
2021-06-14 09:45:21,1719.65,204394
2021-06-14 09:45:22,1720.7,204439
2021-06-14 09:45:23,1720.7,204439
2021-06-14 09:45:24,1719.7,204440
2021-06-14 09:45:25,1719.7,204440
2021-06-14 09:45:26,1720.5,204451
2021-06-14 09:45:27,1719.7,204509
2021-06-14 09:45:28,1720.45,204514
2021-06-14 09:45:29,1720.45,204514
2021-06-14 09:45:30,1720.45,204514
2021-06-14 09:45:31,1719.65,204517
2021-06-14 09:45:33,1720.4,204607
2021-06-14 09:45:35,1720.0,204728
2021-06-14 09:45:36,1719.3,204738
2021-06-14 09:45:36,1719.3,204738
2021-06-14 09:45:40,1719.15,204767
2021-06-14 09:45:41,1719.1,204769
2021-06-14 09:45:42,1719.15,204933
2021-06-14 09:45:43,1720.0,205174
2021-06-14 09:45:44,1720.0,205174
2021-06-14 09:45:45,1720.0,205174
2021-06-14 09:45:46,1720.0,205174
2021-06-14 09:45:47,1719.1,205184
2021-06-14 09:45:48,1720.0,206046
2021-06-14 09:45:49,1719.1,206185
2021-06-14 09:45:50,1719.85,206291
2021-06-14 09:45:51,1719.85,206291
2021-06-14 09:45:52,1719.85,206291
2021-06-14 09:45:53,1719.1,206371
2021-06-14 09:45:54,1719.1,206371
2021-06-14 09:45:56,1719.05,206440
2021-06-14 09:45:57,1719.05,206483
2021-06-14 09:45:58,1719.05,206550
2021-06-14 09:45:59,1718.75,206560
2021-06-14 09:46:00,1718.75,206560
2021-06-14 09:46:01,1718.15,206663
2021-06-14 09:46:02,1719.6,206767
2021-06-14 09:46:03,1719.05,206795
2021-06-14 09:46:04,1718.5,206798
2021-06-14 09:46:05,1718.2,206997
2021-06-14 09:46:06,1718.35,207037
2021-06-14 09:46:07,1718.4,207079
2021-06-14 09:46:08,1718.35,207105
2021-06-14 09:46:08,1718.35,207105
2021-06-14 09:46:09,1718.35,207105
2021-06-14 09:46:10,1718.55,207202
2021-06-14 09:46:12,1718.55,207209
2021-06-14 09:46:13,1718.55,207217
2021-06-14 09:46:14,1718.3,207370
2021-06-14 09:46:15,1718.3,207370
2021-06-14 09:46:16,1718.35,207491
2021-06-14 09:46:16,1718.35,207491
2021-06-14 09:46:17,1718.35,207543
2021-06-14 09:46:19,1718.35,207543
2021-06-14 09:46:20,1718.35,207543
2021-06-14 09:46:21,1718.35,207543
2021-06-14 09:46:22,1718.4,207564
2021-06-14 09:46:23,1718.05,208232
2021-06-14 09:46:24,1718.05,208232
2021-06-14 09:46:24,1718.05,208232
2021-06-14 09:46:25,1718.8,208292
2021-06-14 09:46:27,1718.8,208292
2021-06-14 09:46:28,1718.75,208312
2021-06-14 09:46:29,1718.0,208434
2021-06-14 09:46:30,1718.0,209165
2021-06-14 09:46:31,1717.15,209234
2021-06-14 09:46:32,1717.15,209234
2021-06-14 09:46:33,1717.85,209249
2021-06-14 09:46:34,1717.15,209252
2021-06-14 09:46:35,1717.15,209422
2021-06-14 09:46:36,1717.15,209445
2021-06-14 09:46:36,1717.85,209457
2021-06-14 09:46:38,1718.65,209602
2021-06-14 09:46:39,1718.65,209602
2021-06-14 09:46:42,1717.6,209659
2021-06-14 09:46:43,1717.55,209676
2021-06-14 09:46:44,1717.25,209696
2021-06-14 09:46:44,1717.25,209696
2021-06-14 09:46:45,1717.35,209705
2021-06-14 09:46:47,1717.4,209757
2021-06-14 09:46:49,1716.65,211405
2021-06-14 09:46:51,1716.65,211411
2021-06-14 09:46:52,1716.65,211420
2021-06-14 09:46:54,1716.65,211452
2021-06-14 09:46:55,1716.35,211468
2021-06-14 09:46:56,1716.35,211468
2021-06-14 09:46:57,1716.35,211472
2021-06-14 09:46:58,1716.35,211472
2021-06-14 09:46:59,1716.3,211747
2021-06-14 09:47:00,1716.6,211769
2021-06-14 09:47:01,1716.6,211769
2021-06-14 09:47:02,1716.4,211816
2021-06-14 09:47:03,1716.6,211817
2021-06-14 09:47:04,1716.65,211845
2021-06-14 09:47:05,1716.1,211910
2021-06-14 09:47:06,1716.1,211910
2021-06-14 09:47:07,1716.1,211910
2021-06-14 09:47:08,1716.1,211910
2021-06-14 09:47:09,1715.8,211984
2021-06-14 09:47:10,1715.7,212061
2021-06-14 09:47:11,1716.45,212074
2021-06-14 09:47:12,1716.45,212074
2021-06-14 09:47:13,1715.6,212210
2021-06-14 09:47:14,1715.6,212210
2021-06-14 09:47:15,1715.6,212210
2021-06-14 09:47:16,1715.8,212225
2021-06-14 09:47:17,1716.0,212247
2021-06-14 09:47:18,1716.15,212254
2021-06-14 09:47:19,1716.8,212287
2021-06-14 09:47:20,1716.9,212288
2021-06-14 09:47:21,1716.0,212312
2021-06-14 09:47:22,1716.0,212312
2021-06-14 09:47:23,1716.9,212474
2021-06-14 09:47:24,1716.9,212475
2021-06-14 09:47:25,1716.9,212475
2021-06-14 09:47:27,1716.05,212513
2021-06-14 09:47:28,1716.1,212543
2021-06-14 09:47:29,1716.1,212543
2021-06-14 09:47:30,1716.9,212552
2021-06-14 09:47:31,1716.25,212575
2021-06-14 09:47:32,1716.3,212579
2021-06-14 09:47:33,1716.4,212582
2021-06-14 09:47:34,1716.9,212608
2021-06-14 09:47:35,1716.9,212608
2021-06-14 09:47:36,1716.5,212644
2021-06-14 09:47:37,1716.5,212648
2021-06-14 09:47:38,1716.5,212649
2021-06-14 09:47:39,1716.9,212655
2021-06-14 09:47:40,1716.65,212657
2021-06-14 09:47:41,1716.65,212657
2021-06-14 09:47:42,1716.65,212661
2021-06-14 09:47:44,1716.0,212936
2021-06-14 09:47:43,1716.0,212936
2021-06-14 09:47:45,1716.45,212938
2021-06-14 09:47:46,1716.45,212939
2021-06-14 09:47:47,1716.45,213014
2021-06-14 09:47:48,1716.45,213016
2021-06-14 09:47:49,1716.45,213058
2021-06-14 09:47:50,1716.5,213108
2021-06-14 09:47:51,1716.9,213118
2021-06-14 09:47:52,1717.75,213818
2021-06-14 09:47:53,1717.4,213945
2021-06-14 09:47:54,1717.4,213957
2021-06-14 09:47:55,1717.4,213957
2021-06-14 09:47:56,1718.0,213961
2021-06-14 09:47:57,1718.0,213961
2021-06-14 09:47:58,1718.0,213961
2021-06-14 09:47:59,1718.0,213994
2021-06-14 09:48:00,1718.3,214012
2021-06-14 09:48:01,1718.3,214012
2021-06-14 09:48:03,1718.3,214012
2021-06-14 09:48:04,1717.55,214018
2021-06-14 09:48:05,1717.55,214018
2021-06-14 09:48:06,1717.5,214221
2021-06-14 09:48:07,1717.5,214221
2021-06-14 09:48:08,1717.55,214241
2021-06-14 09:48:09,1717.55,214241
2021-06-14 09:48:10,1717.65,214242
2021-06-14 09:48:11,1717.6,214279
2021-06-14 09:48:12,1717.65,214280
2021-06-14 09:48:13,1717.65,214283
2021-06-14 09:48:14,1717.2,214426
2021-06-14 09:48:15,1717.2,214426
2021-06-14 09:48:16,1717.2,214426
2021-06-14 09:48:17,1716.95,214433
2021-06-14 09:48:18,1717.05,214445
2021-06-14 09:48:19,1717.05,214471
2021-06-14 09:48:20,1717.05,214471
2021-06-14 09:48:21,1717.05,214471
2021-06-14 09:48:22,1717.05,214471
2021-06-14 09:48:23,1717.75,214488
2021-06-14 09:48:24,1717.05,214490
2021-06-14 09:48:25,1717.1,214495
2021-06-14 09:48:26,1717.75,214505
2021-06-14 09:48:27,1717.75,214513
2021-06-14 09:48:28,1718.3,214614
2021-06-14 09:48:29,1717.55,214621
2021-06-14 09:48:31,1717.6,214628
2021-06-14 09:48:32,1717.6,214628
2021-06-14 09:48:34,1718.25,214661
2021-06-14 09:48:35,1718.25,214668
2021-06-14 09:48:36,1717.15,214873
2021-06-14 09:48:37,1716.7,215060
2021-06-14 09:48:38,1716.7,215060
2021-06-14 09:48:39,1717.2,215062
2021-06-14 09:48:40,1717.2,215064
2021-06-14 09:48:41,1717.65,215567
2021-06-14 09:48:43,1717.65,215649
2021-06-14 09:48:45,1717.15,215650
2021-06-14 09:48:46,1717.65,215672
2021-06-14 09:48:47,1716.75,215842
2021-06-14 09:48:48,1716.75,215847
2021-06-14 09:48:49,1717.15,215848
2021-06-14 09:48:50,1717.1,215849
2021-06-14 09:48:51,1717.1,215849
2021-06-14 09:48:52,1716.8,215853
2021-06-14 09:48:53,1716.85,215900
2021-06-14 09:48:54,1716.9,216107
2021-06-14 09:48:55,1716.95,216122
2021-06-14 09:48:56,1716.95,216129
2021-06-14 09:48:57,1716.95,216154
2021-06-14 09:48:58,1716.95,216169
2021-06-14 09:48:59,1716.95,216169
2021-06-14 09:49:00,1716.8,216446
2021-06-14 09:49:01,1716.5,216449
2021-06-14 09:49:03,1716.55,216451
2021-06-14 09:49:03,1716.55,216455
2021-06-14 09:49:05,1716.95,216494
2021-06-14 09:49:06,1716.5,216506
2021-06-14 09:49:07,1716.5,216546
2021-06-14 09:49:10,1716.0,216761
2021-06-14 09:49:11,1716.1,216764
2021-06-14 09:49:12,1716.0,216771
2021-06-14 09:49:13,1716.2,216812
2021-06-14 09:49:14,1716.55,216813
2021-06-14 09:49:15,1716.55,216813
2021-06-14 09:49:16,1716.55,216813
2021-06-14 09:49:17,1716.15,216823
2021-06-14 09:49:18,1716.15,216823
2021-06-14 09:49:20,1716.15,216869
2021-06-14 09:49:19,1716.15,216840
2021-06-14 09:49:21,1716.15,216869
2021-06-14 09:49:22,1716.15,216869
2021-06-14 09:49:23,1717.15,216886
2021-06-14 09:49:24,1716.2,216899
2021-06-14 09:49:25,1716.9,216900
2021-06-14 09:49:27,1716.9,216904
2021-06-14 09:49:27,1716.9,216904
2021-06-14 09:49:28,1716.9,216904
2021-06-14 09:49:29,1716.9,216907
2021-06-14 09:49:30,1716.9,216909
2021-06-14 09:49:31,1716.9,216909
2021-06-14 09:49:32,1716.45,217060
2021-06-14 09:49:33,1717.0,217128
2021-06-14 09:49:35,1716.7,217129
2021-06-14 09:49:36,1716.7,217129
2021-06-14 09:49:37,1716.7,217129
2021-06-14 09:49:37,1716.7,217129
2021-06-14 09:49:38,1717.7,217163
2021-06-14 09:49:40,1717.7,217163
2021-06-14 09:49:40,1716.9,217183
2021-06-14 09:49:41,1716.9,217183
2021-06-14 09:49:42,1717.85,217185
2021-06-14 09:49:44,1717.1,217196
2021-06-14 09:49:44,1717.1,217196
2021-06-14 09:49:45,1717.1,217196
2021-06-14 09:49:46,1717.55,217200
2021-06-14 09:49:47,1717.55,217200
2021-06-14 09:49:48,1718.0,217240
2021-06-14 09:49:49,1718.0,217240
2021-06-14 09:49:50,1718.0,217240
2021-06-14 09:49:51,1718.0,217240
2021-06-14 09:49:52,1718.0,217240
2021-06-14 09:49:53,1717.6,217250
2021-06-14 09:49:55,1717.6,217348
2021-06-14 09:49:56,1718.0,217399
2021-06-14 09:49:57,1717.55,217417
2021-06-14 09:49:58,1717.55,217417
2021-06-14 09:49:59,1717.55,217419
2021-06-14 09:50:00,1717.9,217440
2021-06-14 09:50:01,1717.8,217448
2021-06-14 09:50:02,1717.8,217448
2021-06-14 09:50:04,1718.0,217458
2021-06-14 09:50:05,1718.0,217458
2021-06-14 09:50:05,1718.0,217458
2021-06-14 09:50:07,1717.55,217470
2021-06-14 09:50:07,1717.8,217476
2021-06-14 09:50:08,1718.0,217477
2021-06-14 09:50:10,1718.0,217480
2021-06-14 09:50:10,1718.3,218156
2021-06-14 09:50:11,1718.3,218156
2021-06-14 09:50:12,1718.3,218166
2021-06-14 09:50:13,1718.3,218166
2021-06-14 09:50:14,1718.3,218166
2021-06-14 09:50:15,1717.8,218182
2021-06-14 09:50:16,1717.8,218304
2021-06-14 09:50:18,1717.8,218306
2021-06-14 09:50:18,1718.55,218476
2021-06-14 09:50:20,1718.55,218476
2021-06-14 09:50:20,1718.55,218476
2021-06-14 09:50:21,1718.55,218476
2021-06-14 09:50:22,1718.55,218476
2021-06-14 09:50:23,1718.0,218477
2021-06-14 09:50:24,1718.95,218510
2021-06-14 09:50:25,1718.95,218521
2021-06-14 09:50:26,1718.95,218521
2021-06-14 09:50:27,1718.1,218531
2021-06-14 09:50:28,1718.1,218543
2021-06-14 09:50:30,1718.15,218549
2021-06-14 09:50:30,1718.15,218549
2021-06-14 09:50:31,1718.15,218559
2021-06-14 09:50:32,1718.15,218559
2021-06-14 09:50:33,1718.15,218561
2021-06-14 09:50:34,1718.15,218565
2021-06-14 09:50:35,1718.15,218595
2021-06-14 09:50:36,1718.15,218597
2021-06-14 09:50:37,1718.2,218599
2021-06-14 09:50:38,1717.8,218899
2021-06-14 09:50:39,1717.8,218906
2021-06-14 09:50:40,1717.8,218952
2021-06-14 09:50:41,1717.8,218962
2021-06-14 09:50:42,1718.45,218975
2021-06-14 09:50:43,1717.8,219030
2021-06-14 09:50:44,1717.8,219032
2021-06-14 09:50:45,1718.4,219042
2021-06-14 09:50:46,1718.45,219057
2021-06-14 09:50:47,1718.45,219057
2021-06-14 09:50:48,1717.8,219090
2021-06-14 09:50:49,1718.4,219175
2021-06-14 09:50:51,1718.4,219175
2021-06-14 09:50:52,1717.8,219190
2021-06-14 09:50:53,1717.8,219205
2021-06-14 09:50:53,1717.8,219210
2021-06-14 09:50:55,1718.45,219235
2021-06-14 09:50:55,1718.45,219235
2021-06-14 09:50:56,1717.8,219269
2021-06-14 09:50:58,1717.8,219269
2021-06-14 09:50:59,1717.8,219269
2021-06-14 09:50:59,1717.8,219269
2021-06-14 09:51:00,1718.25,219284
2021-06-14 09:51:01,1718.35,219294
2021-06-14 09:51:02,1718.35,219294
2021-06-14 09:51:03,1719.0,219344
2021-06-14 09:51:05,1719.0,219369
2021-06-14 09:51:05,1719.0,219369
2021-06-14 09:51:06,1718.25,219424
2021-06-14 09:51:07,1718.25,219425
2021-06-14 09:51:08,1718.25,219425
2021-06-14 09:51:10,1717.95,219814
2021-06-14 09:51:11,1717.85,219824
2021-06-14 09:51:12,1717.85,219844
2021-06-14 09:51:13,1717.05,219854
2021-06-14 09:51:15,1717.05,219855
2021-06-14 09:51:16,1717.1,219927
2021-06-14 09:51:17,1717.1,219932
2021-06-14 09:51:18,1717.05,219961
2021-06-14 09:51:19,1717.0,219986
2021-06-14 09:51:20,1717.0,219986
2021-06-14 09:51:21,1717.0,220004
2021-06-14 09:51:22,1717.0,220005
2021-06-14 09:51:23,1717.85,220155
2021-06-14 09:51:24,1717.1,220184
2021-06-14 09:51:25,1717.1,220188
2021-06-14 09:51:26,1717.0,220198
2021-06-14 09:51:27,1717.8,220200
2021-06-14 09:51:29,1716.9,220387
2021-06-14 09:51:30,1717.0,220393
2021-06-14 09:51:30,1717.0,220393
2021-06-14 09:51:32,1717.05,220422
2021-06-14 09:51:32,1717.05,220422
2021-06-14 09:51:33,1717.0,220452
2021-06-14 09:51:34,1717.05,220486
2021-06-14 09:51:35,1717.05,220487
2021-06-14 09:51:36,1717.05,220487
2021-06-14 09:51:37,1717.05,220492
2021-06-14 09:51:38,1717.05,220493
2021-06-14 09:51:39,1717.05,220499
2021-06-14 09:51:40,1717.0,220505
2021-06-14 09:51:41,1717.0,220505
2021-06-14 09:51:42,1717.0,220505
2021-06-14 09:51:43,1717.05,220506
2021-06-14 09:51:44,1717.0,220507
2021-06-14 09:51:45,1717.0,220508
2021-06-14 09:51:46,1717.0,220508
2021-06-14 09:51:47,1717.0,220508
2021-06-14 09:51:48,1718.0,220537
2021-06-14 09:51:49,1718.0,220608
2021-06-14 09:51:50,1717.6,220621
2021-06-14 09:51:51,1717.35,220631
2021-06-14 09:51:52,1717.35,220642
2021-06-14 09:51:53,1717.3,220745
2021-06-14 09:51:54,1717.3,220745
2021-06-14 09:51:56,1717.3,220759
2021-06-14 09:51:57,1717.35,220761
2021-06-14 09:51:58,1718.25,221761
2021-06-14 09:51:59,1718.25,221761
2021-06-14 09:52:00,1718.25,221761
2021-06-14 09:52:01,1718.25,221761
2021-06-14 09:52:02,1718.25,221761
2021-06-14 09:52:03,1718.25,221761
2021-06-14 09:52:04,1717.35,221941
2021-06-14 09:52:05,1717.35,221941
2021-06-14 09:52:06,1717.35,221941
2021-06-14 09:52:07,1717.35,221941
2021-06-14 09:52:08,1717.35,221941
2021-06-14 09:52:09,1717.1,221962
2021-06-14 09:52:12,1717.15,221964
2021-06-14 09:52:13,1717.2,221965
2021-06-14 09:52:14,1717.25,221997
2021-06-14 09:52:16,1718.0,222014
2021-06-14 09:52:17,1717.15,222414
2021-06-14 09:52:18,1717.15,222439
2021-06-14 09:52:19,1717.15,222439
2021-06-14 09:52:19,1717.0,222799
2021-06-14 09:52:21,1717.15,222802
2021-06-14 09:52:22,1717.15,222802
2021-06-14 09:52:22,1717.2,222874
2021-06-14 09:52:23,1717.2,222879
2021-06-14 09:52:24,1717.2,222943
2021-06-14 09:52:25,1717.2,222943
2021-06-14 09:52:27,1717.2,222944
2021-06-14 09:52:29,1717.45,222981
2021-06-14 09:52:30,1717.45,222992
2021-06-14 09:52:32,1718.2,223260
2021-06-14 09:52:33,1718.2,223260
2021-06-14 09:52:34,1717.85,223286
2021-06-14 09:52:35,1717.85,223286
2021-06-14 09:52:36,1717.8,223299
2021-06-14 09:52:38,1717.7,223300
2021-06-14 09:52:39,1717.7,223300
2021-06-14 09:52:40,1717.75,223305
2021-06-14 09:52:41,1718.35,223345
2021-06-14 09:52:42,1717.75,223380
2021-06-14 09:52:43,1717.75,223380
2021-06-14 09:52:44,1717.75,223380
2021-06-14 09:52:46,1717.75,223380
2021-06-14 09:52:47,1717.5,223387
2021-06-14 09:52:47,1717.5,223387
2021-06-14 09:52:48,1717.75,223401
2021-06-14 09:52:50,1717.75,223457
2021-06-14 09:52:51,1717.75,223457
2021-06-14 09:52:53,1717.75,223457
2021-06-14 09:52:54,1717.75,223457
2021-06-14 09:52:55,1717.75,223557
2021-06-14 09:52:55,1717.75,223557
2021-06-14 09:52:57,1717.75,223557
2021-06-14 09:52:58,1717.95,223558
2021-06-14 09:52:59,1717.75,223608
2021-06-14 09:52:59,1717.75,223608
2021-06-14 09:53:00,1717.75,223644
2021-06-14 09:53:02,1717.75,223648
2021-06-14 09:53:04,1717.75,223657
2021-06-14 09:53:05,1717.75,223657
2021-06-14 09:53:07,1717.75,223664
2021-06-14 09:53:09,1717.75,223664
2021-06-14 09:53:09,1717.75,223666
2021-06-14 09:53:10,1717.75,223671
2021-06-14 09:53:11,1717.75,223671
2021-06-14 09:53:12,1717.75,223672
2021-06-14 09:53:13,1717.75,223672
2021-06-14 09:53:14,1717.75,223674
2021-06-14 09:53:15,1717.75,223675
2021-06-14 09:53:16,1718.45,224035
2021-06-14 09:53:18,1718.45,224035
2021-06-14 09:53:20,1718.0,224135
2021-06-14 09:53:20,1718.0,224135
2021-06-14 09:53:22,1718.65,224136
2021-06-14 09:53:23,1718.35,224209
2021-06-14 09:53:24,1718.35,224212
2021-06-14 09:53:26,1718.35,224402
2021-06-14 09:53:27,1718.35,224402
2021-06-14 09:53:28,1718.35,224416
2021-06-14 09:53:29,1718.35,224416
2021-06-14 09:53:30,1718.35,224428
2021-06-14 09:53:30,1718.35,224428
2021-06-14 09:53:31,1718.35,224491
2021-06-14 09:53:33,1718.35,224491
2021-06-14 09:53:34,1718.35,224495
2021-06-14 09:53:35,1719.0,224565
2021-06-14 09:53:36,1718.35,224590
2021-06-14 09:53:37,1718.95,224740
2021-06-14 09:53:38,1718.95,224745
2021-06-14 09:53:39,1719.0,224860
2021-06-14 09:53:42,1718.35,224864
2021-06-14 09:53:43,1718.35,224864
2021-06-14 09:53:43,1718.95,224870
2021-06-14 09:53:45,1719.0,224975
2021-06-14 09:53:45,1718.95,224901
2021-06-14 09:53:46,1719.0,224983
2021-06-14 09:53:47,1718.6,225332
2021-06-14 09:53:49,1718.6,225332
2021-06-14 09:53:50,1719.5,225334
2021-06-14 09:53:51,1719.2,225351
2021-06-14 09:53:51,1719.15,225449
2021-06-14 09:53:52,1719.5,225469
2021-06-14 09:53:54,1719.15,225524
2021-06-14 09:53:56,1719.15,225524
2021-06-14 09:53:57,1718.95,225529
2021-06-14 09:53:58,1718.9,225534
2021-06-14 09:53:59,1718.9,225535
2021-06-14 09:54:00,1718.9,225551
2021-06-14 09:54:00,1718.8,225636
2021-06-14 09:54:02,1718.0,226037
2021-06-14 09:54:03,1718.45,226162
2021-06-14 09:54:05,1718.6,226423
2021-06-14 09:54:05,1718.0,226812
2021-06-14 09:54:07,1717.2,226851
2021-06-14 09:54:08,1717.7,226857
2021-06-14 09:54:08,1717.2,226851
2021-06-14 09:54:09,1717.2,226869
2021-06-14 09:54:10,1717.2,226931
2021-06-14 09:54:11,1717.15,226939
2021-06-14 09:54:13,1717.1,226951
2021-06-14 09:54:14,1717.1,226951
2021-06-14 09:54:15,1717.1,226952
2021-06-14 09:54:16,1717.1,227020
2021-06-14 09:54:17,1717.1,227022
2021-06-14 09:54:18,1717.1,227065
2021-06-14 09:54:19,1717.0,227092
2021-06-14 09:54:20,1717.0,227092
2021-06-14 09:54:21,1717.0,227104
2021-06-14 09:54:21,1717.0,227104
2021-06-14 09:54:22,1717.1,227105
2021-06-14 09:54:23,1717.1,227112
2021-06-14 09:54:24,1717.1,227121
2021-06-14 09:54:26,1717.1,227121
2021-06-14 09:54:27,1717.1,227121
2021-06-14 09:54:28,1717.1,227146
2021-06-14 09:54:29,1717.5,227168
2021-06-14 09:54:32,1717.1,227202
2021-06-14 09:54:31,1717.5,227170
2021-06-14 09:54:32,1717.1,227204
2021-06-14 09:54:34,1717.5,227308
2021-06-14 09:54:35,1717.1,227388
2021-06-14 09:54:36,1717.1,227388
2021-06-14 09:54:36,1717.1,227388
2021-06-14 09:54:37,1717.1,227388
2021-06-14 09:54:38,1717.0,227413
2021-06-14 09:54:40,1717.0,227455
2021-06-14 09:54:41,1717.0,227470
2021-06-14 09:54:42,1717.0,227470
2021-06-14 09:54:43,1717.5,227496
2021-06-14 09:54:43,1717.0,227500
2021-06-14 09:54:45,1717.0,227510
2021-06-14 09:54:46,1717.0,227541
2021-06-14 09:54:47,1717.0,227541
2021-06-14 09:54:47,1717.0,227541
2021-06-14 09:54:48,1717.0,227638
2021-06-14 09:54:50,1717.5,227640
2021-06-14 09:54:51,1717.0,227642
2021-06-14 09:54:52,1717.5,227697
2021-06-14 09:54:52,1717.5,227697
2021-06-14 09:54:53,1717.1,227698
2021-06-14 09:54:54,1717.0,227736
2021-06-14 09:54:55,1717.0,227736
2021-06-14 09:54:56,1717.5,227811
2021-06-14 09:54:57,1717.05,227821
2021-06-14 09:54:58,1718.8,227875
2021-06-14 09:54:59,1717.8,227897
2021-06-14 09:55:00,1717.75,227898
2021-06-14 09:55:01,1717.75,227898
2021-06-14 09:55:03,1717.75,227898
2021-06-14 09:55:03,1717.8,227908
2021-06-14 09:55:05,1718.6,227922
2021-06-14 09:55:05,1718.6,227922
2021-06-14 09:55:07,1718.6,227922
2021-06-14 09:55:08,1717.8,227926
2021-06-14 09:55:09,1717.8,227928
2021-06-14 09:55:10,1718.6,227929
2021-06-14 09:55:11,1717.8,227932
2021-06-14 09:55:12,1718.45,227933
2021-06-14 09:55:13,1718.35,227968
2021-06-14 09:55:13,1718.35,227968
2021-06-14 09:55:14,1717.8,227969
2021-06-14 09:55:16,1717.8,227969
2021-06-14 09:55:16,1717.8,227969
2021-06-14 09:55:17,1718.6,227999
2021-06-14 09:55:19,1718.6,227999
2021-06-14 09:55:20,1718.6,227999
2021-06-14 09:55:21,1718.6,227999
2021-06-14 09:55:22,1718.6,227999
2021-06-14 09:55:23,1718.0,228007
2021-06-14 09:55:23,1718.0,228007
2021-06-14 09:55:24,1718.0,228007
2021-06-14 09:55:25,1717.85,228060
2021-06-14 09:55:28,1717.85,228060
2021-06-14 09:55:29,1718.6,228089
2021-06-14 09:55:30,1718.15,228092
2021-06-14 09:55:31,1718.15,228092
2021-06-14 09:55:32,1718.15,228092
2021-06-14 09:55:33,1718.15,228092
2021-06-14 09:55:34,1718.15,228097
2021-06-14 09:55:35,1718.15,228097
2021-06-14 09:55:35,1718.15,228097
2021-06-14 09:55:36,1719.05,228179
2021-06-14 09:55:37,1719.05,228179
2021-06-14 09:55:39,1719.05,228184
2021-06-14 09:55:40,1719.05,228184
2021-06-14 09:55:40,1719.05,228184
2021-06-14 09:55:41,1718.3,228209
2021-06-14 09:55:43,1718.3,228224
2021-06-14 09:55:44,1718.3,228240
2021-06-14 09:55:44,1718.3,228240
2021-06-14 09:55:46,1719.05,228242
2021-06-14 09:55:47,1720.0,228345
2021-06-14 09:55:48,1720.0,228345
2021-06-14 09:55:49,1718.9,228367
2021-06-14 09:55:50,1718.9,228367
2021-06-14 09:55:51,1719.8,228371
2021-06-14 09:55:52,1718.9,228424
2021-06-14 09:55:53,1718.9,228424
2021-06-14 09:55:54,1718.9,228424
2021-06-14 09:55:55,1718.9,228428
2021-06-14 09:55:56,1719.85,228546
2021-06-14 09:55:57,1719.85,228546
2021-06-14 09:55:58,1719.0,228571
2021-06-14 09:55:59,1719.0,228571
2021-06-14 09:56:00,1719.0,228571
2021-06-14 09:56:01,1719.0,228593
2021-06-14 09:56:01,1719.0,228599
2021-06-14 09:56:03,1718.95,228803
2021-06-14 09:56:06,1720.0,228935
2021-06-14 09:56:07,1720.0,228935
2021-06-14 09:56:08,1719.0,228956
2021-06-14 09:56:09,1719.0,229017
2021-06-14 09:56:10,1719.8,229027
2021-06-14 09:56:10,1719.8,229027
2021-06-14 09:56:11,1719.0,229035
2021-06-14 09:56:12,1719.0,229035
2021-06-14 09:56:14,1718.9,229038
2021-06-14 09:56:15,1718.9,229059
2021-06-14 09:56:16,1718.9,229071
2021-06-14 09:56:17,1719.5,229098
2021-06-14 09:56:18,1719.5,229098
2021-06-14 09:56:20,1719.5,229101
2021-06-14 09:56:20,1719.5,229101
2021-06-14 09:56:21,1719.5,229101
2021-06-14 09:56:22,1719.05,229103
2021-06-14 09:56:23,1719.05,229103
2021-06-14 09:56:25,1719.05,229103
2021-06-14 09:56:28,1719.5,229116
2021-06-14 09:56:29,1719.5,229116
2021-06-14 09:56:30,1720.0,229210
2021-06-14 09:56:31,1720.0,229210
2021-06-14 09:56:32,1719.5,229227
2021-06-14 09:56:32,1719.5,229227
2021-06-14 09:56:33,1719.5,229229
2021-06-14 09:56:34,1719.5,229229
2021-06-14 09:56:36,1719.5,229246
2021-06-14 09:56:38,1719.5,229249
2021-06-14 09:56:39,1719.5,229249
2021-06-14 09:56:40,1719.5,229249
2021-06-14 09:56:41,1719.5,229263
2021-06-14 09:56:42,1720.0,229543
2021-06-14 09:56:42,1719.55,229544
2021-06-14 09:56:44,1720.05,229625
2021-06-14 09:56:44,1720.05,229625
2021-06-14 09:56:46,1720.05,229625
2021-06-14 09:56:47,1719.75,229632
2021-06-14 09:56:48,1719.75,229632
2021-06-14 09:56:49,1719.75,229632
2021-06-14 09:56:50,1720.0,229650
2021-06-14 09:56:51,1720.0,229650
2021-06-14 09:56:52,1720.0,229657
2021-06-14 09:56:53,1720.0,229657
2021-06-14 09:56:54,1720.0,229657
2021-06-14 09:56:55,1720.5,229672
2021-06-14 09:56:56,1721.0,229863
2021-06-14 09:56:57,1721.0,229913
2021-06-14 09:56:58,1720.15,229923
2021-06-14 09:56:59,1721.0,229958
2021-06-14 09:57:00,1721.0,229958
2021-06-14 09:57:02,1720.2,229991
2021-06-14 09:57:03,1720.15,230008
2021-06-14 09:57:04,1720.15,230008
2021-06-14 09:57:05,1720.15,230015
2021-06-14 09:57:06,1720.95,230074
2021-06-14 09:57:07,1720.95,230074
2021-06-14 09:57:08,1721.0,230082
2021-06-14 09:57:09,1721.0,230082
2021-06-14 09:57:10,1720.3,230143
2021-06-14 09:57:11,1720.3,230143
2021-06-14 09:57:12,1720.3,230157
2021-06-14 09:57:13,1720.3,230262
2021-06-14 09:57:14,1720.15,230289
2021-06-14 09:57:16,1719.6,230430
2021-06-14 09:57:17,1719.3,230544
2021-06-14 09:57:18,1719.0,230552
2021-06-14 09:57:20,1719.0,230557
2021-06-14 09:57:21,1719.0,230557
2021-06-14 09:57:22,1719.0,230557
2021-06-14 09:57:23,1719.0,230580
2021-06-14 09:57:24,1719.0,230606
2021-06-14 09:57:25,1719.0,230613
2021-06-14 09:57:26,1719.0,230614
2021-06-14 09:57:27,1719.0,230629
2021-06-14 09:57:28,1720.95,232300
2021-06-14 09:57:29,1721.9,233023
2021-06-14 09:57:30,1725.0,240590
2021-06-14 09:57:31,1725.0,240614
2021-06-14 09:57:32,1725.0,242788
2021-06-14 09:57:33,1725.0,242888
2021-06-14 09:57:34,1725.0,242888
2021-06-14 09:57:35,1725.5,243011
2021-06-14 09:57:36,1725.0,244423
2021-06-14 09:57:37,1726.0,245949
2021-06-14 09:57:38,1726.0,245949
2021-06-14 09:57:39,1725.15,246249
2021-06-14 09:57:40,1725.15,246249
2021-06-14 09:57:41,1726.95,246985
2021-06-14 09:57:42,1726.95,246985
2021-06-14 09:57:43,1726.95,246985
2021-06-14 09:57:44,1726.95,246985
2021-06-14 09:57:45,1726.1,246995
2021-06-14 09:57:46,1726.05,247115
2021-06-14 09:57:47,1726.7,247229
2021-06-14 09:57:48,1726.0,247240
2021-06-14 09:57:49,1725.95,247245
2021-06-14 09:57:50,1725.95,247257
2021-06-14 09:57:51,1726.7,247260
2021-06-14 09:57:52,1726.7,247264
2021-06-14 09:57:53,1727.9,247900
2021-06-14 09:57:54,1727.85,247903
2021-06-14 09:57:55,1727.85,247913
2021-06-14 09:57:56,1727.8,248048
2021-06-14 09:57:57,1727.4,248056
2021-06-14 09:57:58,1727.8,248062
2021-06-14 09:57:59,1727.3,248158
2021-06-14 09:58:00,1727.35,248161
2021-06-14 09:58:01,1727.35,248164
2021-06-14 09:58:02,1727.35,248222
2021-06-14 09:58:03,1729.0,250727
2021-06-14 09:58:04,1729.0,250727
2021-06-14 09:58:05,1729.0,250736
2021-06-14 09:58:06,1728.0,250839
2021-06-14 09:58:07,1728.0,250839
2021-06-14 09:58:09,1728.1,251190
2021-06-14 09:58:08,1728.9,250849
2021-06-14 09:58:10,1728.1,251246
2021-06-14 09:58:11,1727.2,251607
2021-06-14 09:58:12,1727.2,251607
2021-06-14 09:58:13,1727.2,251679
2021-06-14 09:58:14,1726.4,251800
2021-06-14 09:58:15,1726.4,251835
2021-06-14 09:58:16,1726.35,251882
2021-06-14 09:58:17,1726.3,252104
2021-06-14 09:58:18,1726.3,252209
2021-06-14 09:58:19,1726.3,252221
2021-06-14 09:58:20,1726.3,252248
2021-06-14 09:58:21,1726.3,252248
2021-06-14 09:58:23,1726.0,252347
2021-06-14 09:58:24,1726.0,252364
2021-06-14 09:58:25,1726.45,252403
2021-06-14 09:58:26,1726.0,252414
2021-06-14 09:58:27,1726.0,252414
2021-06-14 09:58:28,1726.45,252439
2021-06-14 09:58:29,1726.45,252439
2021-06-14 09:58:31,1726.0,252446
2021-06-14 09:58:32,1726.45,252486
2021-06-14 09:58:34,1727.0,252587
2021-06-14 09:58:35,1727.0,252587
2021-06-14 09:58:36,1727.0,252587
2021-06-14 09:58:37,1727.0,252587
2021-06-14 09:58:38,1726.5,252605
2021-06-14 09:58:39,1727.0,252606
2021-06-14 09:58:41,1727.15,252607
2021-06-14 09:58:42,1726.55,252617
2021-06-14 09:58:43,1726.5,252780
2021-06-14 09:58:45,1727.0,252785
2021-06-14 09:58:46,1727.0,252785
2021-06-14 09:58:47,1727.0,252840
2021-06-14 09:58:48,1726.5,252841
2021-06-14 09:58:49,1726.45,252850
2021-06-14 09:58:50,1726.45,252863
2021-06-14 09:58:51,1725.45,253303
2021-06-14 09:58:52,1725.5,253313
2021-06-14 09:58:53,1725.5,253380
2021-06-14 09:58:54,1726.15,253455
2021-06-14 09:58:55,1725.0,254455
2021-06-14 09:58:56,1725.0,254457
2021-06-14 09:58:57,1725.0,254540
2021-06-14 09:58:58,1726.0,254557
2021-06-14 09:58:59,1725.0,254568
2021-06-14 09:59:00,1725.05,254763
2021-06-14 09:59:01,1725.05,254773
2021-06-14 09:59:02,1725.1,254837
2021-06-14 09:59:03,1725.1,254837
2021-06-14 09:59:04,1725.9,254849
2021-06-14 09:59:05,1725.45,254853
2021-06-14 09:59:06,1725.45,254855
2021-06-14 09:59:07,1725.9,254865
2021-06-14 09:59:08,1725.9,254883
2021-06-14 09:59:09,1725.7,254904
2021-06-14 09:59:10,1725.4,255004
2021-06-14 09:59:11,1725.4,255004
2021-06-14 09:59:12,1725.35,255104
2021-06-14 09:59:13,1725.9,255105
2021-06-14 09:59:14,1725.35,255108
2021-06-14 09:59:15,1725.35,255246
2021-06-14 09:59:16,1725.35,255261
2021-06-14 09:59:17,1725.35,255279
2021-06-14 09:59:18,1725.35,255279
2021-06-14 09:59:19,1725.35,255283
2021-06-14 09:59:20,1725.35,255283
2021-06-14 09:59:21,1725.35,255308
2021-06-14 09:59:22,1725.65,255351
2021-06-14 09:59:23,1725.1,255354
2021-06-14 09:59:24,1725.95,255454
2021-06-14 09:59:25,1725.95,255454
2021-06-14 09:59:26,1725.95,255454
2021-06-14 09:59:27,1725.15,255457
2021-06-14 09:59:28,1725.15,255457
2021-06-14 09:59:29,1725.15,255457
2021-06-14 09:59:30,1725.3,255475
2021-06-14 09:59:31,1725.3,255475
2021-06-14 09:59:32,1725.2,255476
2021-06-14 09:59:33,1725.2,255476
2021-06-14 09:59:34,1726.0,255496
2021-06-14 09:59:35,1726.0,255496
2021-06-14 09:59:36,1725.5,255503
2021-06-14 09:59:37,1725.5,255503
2021-06-14 09:59:38,1725.5,255503
2021-06-14 09:59:39,1725.5,255507
2021-06-14 09:59:40,1725.5,255507
2021-06-14 09:59:41,1726.0,255582
2021-06-14 09:59:42,1726.0,255604
2021-06-14 09:59:43,1726.0,255631
2021-06-14 09:59:44,1726.45,255698
2021-06-14 09:59:45,1726.35,255700
2021-06-14 09:59:46,1726.7,255801
2021-06-14 09:59:47,1726.7,255801
2021-06-14 09:59:48,1726.0,255814
2021-06-14 09:59:49,1726.0,255814
2021-06-14 09:59:51,1725.9,255861
2021-06-14 09:59:51,1725.9,255861
2021-06-14 09:59:52,1726.0,255879
2021-06-14 09:59:53,1726.0,255879
2021-06-14 09:59:54,1726.0,255881
2021-06-14 09:59:56,1726.0,255912
2021-06-14 09:59:57,1726.0,255932
2021-06-14 09:59:58,1726.6,255933
2021-06-14 09:59:59,1726.6,255933
2021-06-14 10:00:01,1726.05,255936
2021-06-14 10:00:01,1726.55,255950
2021-06-14 10:00:02,1726.05,255958
2021-06-14 10:00:04,1726.05,255962
2021-06-14 10:00:05,1726.55,256017
2021-06-14 10:00:06,1726.05,256093
2021-06-14 10:00:07,1726.05,256096
2021-06-14 10:00:08,1726.05,256109
2021-06-14 10:00:09,1726.05,256110
2021-06-14 10:00:10,1726.55,256160
2021-06-14 10:00:11,1726.55,256160
2021-06-14 10:00:12,1726.55,256160
2021-06-14 10:00:13,1726.55,256160
2021-06-14 10:00:14,1726.5,256262
2021-06-14 10:00:15,1726.1,256269
2021-06-14 10:00:16,1726.1,256269
2021-06-14 10:00:17,1726.5,256270
2021-06-14 10:00:18,1726.5,256270
2021-06-14 10:00:19,1726.5,256270
2021-06-14 10:00:21,1726.15,256295
2021-06-14 10:00:22,1726.1,256397
2021-06-14 10:00:23,1726.5,256401
2021-06-14 10:00:24,1726.4,256514
2021-06-14 10:00:26,1726.0,256726
2021-06-14 10:00:26,1726.25,256729
2021-06-14 10:00:27,1726.0,256872
2021-06-14 10:00:28,1726.05,256900
2021-06-14 10:00:29,1726.0,256905
2021-06-14 10:00:30,1726.0,256955
2021-06-14 10:00:31,1726.0,256993
2021-06-14 10:00:32,1726.0,256994
2021-06-14 10:00:33,1726.0,257025
2021-06-14 10:00:34,1726.05,257060
2021-06-14 10:00:35,1726.05,257060
2021-06-14 10:00:36,1726.0,257076
2021-06-14 10:00:37,1726.0,257077
2021-06-14 10:00:38,1726.0,257077
2021-06-14 10:00:39,1726.0,257237
2021-06-14 10:00:41,1726.0,257237
2021-06-14 10:00:41,1726.0,257237
2021-06-14 10:00:42,1725.1,257240
2021-06-14 10:00:43,1725.1,257279
2021-06-14 10:00:44,1725.0,257399
2021-06-14 10:00:45,1725.45,257540
2021-06-14 10:00:47,1726.0,267527
2021-06-14 10:00:47,1726.0,267527
2021-06-14 10:00:48,1726.6,267980
2021-06-14 10:00:50,1726.0,267981
2021-06-14 10:00:51,1725.85,269611
2021-06-14 10:00:52,1725.45,271830
2021-06-14 10:00:53,1725.45,273078
2021-06-14 10:00:54,1725.05,273160
2021-06-14 10:00:56,1725.05,273389
2021-06-14 10:00:57,1725.0,273451
2021-06-14 10:00:58,1723.95,277160
2021-06-14 10:00:59,1723.0,277417
2021-06-14 10:01:00,1723.8,277910
2021-06-14 10:01:01,1722.9,278266
2021-06-14 10:01:03,1722.8,278282
2021-06-14 10:01:04,1722.75,278854
2021-06-14 10:01:05,1722.65,278867
2021-06-14 10:01:06,1722.65,279044
2021-06-14 10:01:07,1722.35,279109
2021-06-14 10:01:08,1724.2,279488
2021-06-14 10:01:09,1724.4,279493
2021-06-14 10:01:10,1724.4,279493
2021-06-14 10:01:11,1724.0,279593
2021-06-14 10:01:12,1724.0,279593
2021-06-14 10:01:13,1724.0,279593
2021-06-14 10:01:14,1723.25,279671
2021-06-14 10:01:15,1723.3,279672
2021-06-14 10:01:17,1723.3,279690
2021-06-14 10:01:19,1723.65,279725
2021-06-14 10:01:20,1723.3,279739
2021-06-14 10:01:21,1723.3,279739
2021-06-14 10:01:22,1723.3,279749
2021-06-14 10:01:23,1723.25,279755
2021-06-14 10:01:24,1723.55,279756
2021-06-14 10:01:25,1722.9,279762
2021-06-14 10:01:26,1722.9,279765
2021-06-14 10:01:27,1722.9,279765
2021-06-14 10:01:28,1722.9,279766
2021-06-14 10:01:29,1723.5,279779
2021-06-14 10:01:30,1722.9,279780
2021-06-14 10:01:31,1722.9,279781
2021-06-14 10:01:32,1723.5,279782
2021-06-14 10:01:33,1723.5,279782
2021-06-14 10:01:35,1723.0,279785
2021-06-14 10:01:37,1723.0,279785
2021-06-14 10:01:38,1723.0,279785
2021-06-14 10:01:39,1722.95,279886
2021-06-14 10:01:40,1722.95,279887
2021-06-14 10:01:41,1722.9,279888
2021-06-14 10:01:43,1722.95,280031
2021-06-14 10:01:43,1722.65,280081
2021-06-14 10:01:44,1722.95,280103
2021-06-14 10:01:45,1722.65,280121
2021-06-14 10:01:47,1722.65,280122
2021-06-14 10:01:47,1722.65,280122
2021-06-14 10:01:48,1722.65,280135
2021-06-14 10:01:49,1722.95,280150
2021-06-14 10:01:51,1722.65,280151
2021-06-14 10:01:52,1722.65,280152
2021-06-14 10:01:53,1722.65,280152
2021-06-14 10:01:53,1722.65,280152
2021-06-14 10:01:54,1723.0,280163
2021-06-14 10:01:55,1723.0,280163
2021-06-14 10:01:56,1722.95,280166
2021-06-14 10:01:57,1722.95,280166
2021-06-14 10:01:58,1722.95,280166
2021-06-14 10:01:59,1722.75,280168
2021-06-14 10:02:01,1723.0,280247
2021-06-14 10:02:03,1723.0,280248
2021-06-14 10:02:06,1722.8,280278
2021-06-14 10:02:06,1722.8,280278
2021-06-14 10:02:07,1722.8,280278
2021-06-14 10:02:08,1722.8,280278
2021-06-14 10:02:09,1722.8,280278
2021-06-14 10:02:11,1722.8,280281
2021-06-14 10:02:12,1722.8,280283
2021-06-14 10:02:14,1722.8,280283
2021-06-14 10:02:15,1722.15,281771
2021-06-14 10:02:16,1722.05,281772
2021-06-14 10:02:17,1722.45,281872
2021-06-14 10:02:18,1722.45,281874
2021-06-14 10:02:19,1722.45,281874
2021-06-14 10:02:20,1722.0,282202
2021-06-14 10:02:21,1722.2,282445
2021-06-14 10:02:22,1721.5,282463
2021-06-14 10:02:23,1721.5,282464
2021-06-14 10:02:25,1721.45,282523
2021-06-14 10:02:27,1721.4,282578
2021-06-14 10:02:29,1721.35,282616
2021-06-14 10:02:30,1721.4,282617
2021-06-14 10:02:30,1721.4,282617
2021-06-14 10:02:31,1721.35,282628
2021-06-14 10:02:32,1721.1,282638
2021-06-14 10:02:34,1721.9,282658
2021-06-14 10:02:35,1721.9,282658
2021-06-14 10:02:36,1721.9,282658
2021-06-14 10:02:37,1721.9,282658
2021-06-14 10:02:38,1721.9,282658
2021-06-14 10:02:38,1721.9,282658
2021-06-14 10:02:39,1721.3,282661
2021-06-14 10:02:40,1721.3,282661
2021-06-14 10:02:41,1721.4,282664
2021-06-14 10:02:42,1721.4,282667
2021-06-14 10:02:43,1721.4,282668
2021-06-14 10:02:44,1721.05,282669
2021-06-14 10:02:45,1721.05,282669
2021-06-14 10:02:46,1721.05,282669
2021-06-14 10:02:47,1721.05,282670
2021-06-14 10:02:48,1721.05,282674
2021-06-14 10:02:49,1721.05,282679
2021-06-14 10:02:50,1721.05,282679
2021-06-14 10:02:52,1721.05,282679
2021-06-14 10:02:52,1721.0,282680
2021-06-14 10:02:53,1721.0,282680
2021-06-14 10:02:54,1721.0,282680
2021-06-14 10:02:55,1721.0,282681
2021-06-14 10:02:57,1721.4,282831
2021-06-14 10:02:58,1721.0,282833
2021-06-14 10:02:59,1721.0,282833
2021-06-14 10:03:00,1721.4,282843
2021-06-14 10:03:01,1720.95,282930
2021-06-14 10:03:02,1720.35,282957
2021-06-14 10:03:03,1720.35,282957
2021-06-14 10:03:05,1720.35,282958
2021-06-14 10:03:06,1720.3,282994
2021-06-14 10:03:08,1720.25,283042
2021-06-14 10:03:09,1720.25,283072
2021-06-14 10:03:10,1720.25,283077
2021-06-14 10:03:11,1719.5,284848
2021-06-14 10:03:13,1719.55,284861
2021-06-14 10:03:14,1719.5,284894
2021-06-14 10:03:14,1720.15,284944
2021-06-14 10:03:15,1719.5,284945
2021-06-14 10:03:17,1719.3,285065
2021-06-14 10:03:18,1719.3,285066
2021-06-14 10:03:19,1719.2,285228
2021-06-14 10:03:21,1718.95,285325
2021-06-14 10:03:22,1718.5,285328
2021-06-14 10:03:23,1718.5,285328
2021-06-14 10:03:24,1718.5,285357
2021-06-14 10:03:28,1718.85,285437
2021-06-14 10:03:28,1718.85,285437
2021-06-14 10:03:30,1718.25,285442
2021-06-14 10:03:31,1718.85,285443
2021-06-14 10:03:32,1718.85,285443
2021-06-14 10:03:32,1718.85,285443
2021-06-14 10:03:33,1718.2,285477
2021-06-14 10:03:34,1718.2,285477
2021-06-14 10:03:35,1718.5,285488
2021-06-14 10:03:37,1718.5,285488
2021-06-14 10:03:38,1718.5,285488
2021-06-14 10:03:38,1718.5,285495
2021-06-14 10:03:39,1718.5,285495
2021-06-14 10:03:40,1718.5,285495
2021-06-14 10:03:41,1718.5,285497
2021-06-14 10:03:42,1718.75,285577
2021-06-14 10:03:43,1718.75,285577
2021-06-14 10:03:44,1718.75,285577
2021-06-14 10:03:45,1718.95,285578
2021-06-14 10:03:46,1718.95,285578
2021-06-14 10:03:47,1718.7,285592
2021-06-14 10:03:48,1718.7,285592
2021-06-14 10:03:49,1718.7,285592
2021-06-14 10:03:50,1720.25,286592
2021-06-14 10:03:51,1719.5,286605
2021-06-14 10:03:52,1719.5,286606
2021-06-14 10:03:53,1719.5,286606
2021-06-14 10:03:56,1719.5,286787
2021-06-14 10:03:56,1719.5,286787
2021-06-14 10:03:57,1719.5,286797
2021-06-14 10:04:00,1719.75,286900
2021-06-14 10:04:01,1719.75,286900
2021-06-14 10:04:02,1719.75,286900
2021-06-14 10:04:03,1720.65,287255
2021-06-14 10:04:04,1720.65,287255
2021-06-14 10:04:05,1720.65,287255
2021-06-14 10:04:05,1720.65,287255
2021-06-14 10:04:07,1720.65,287255
2021-06-14 10:04:08,1720.45,287681
2021-06-14 10:04:09,1720.45,287681
2021-06-14 10:04:10,1721.1,288236
2021-06-14 10:04:11,1721.2,288246
2021-06-14 10:04:12,1722.15,288253
2021-06-14 10:04:12,1722.15,288267
2021-06-14 10:04:13,1721.25,288277
2021-06-14 10:04:14,1721.25,288277
2021-06-14 10:04:16,1720.7,288411
2021-06-14 10:04:17,1720.7,288415
2021-06-14 10:04:19,1720.8,288417
2021-06-14 10:04:21,1720.8,288436
2021-06-14 10:04:22,1720.8,288451
2021-06-14 10:04:23,1721.7,288482
2021-06-14 10:04:24,1720.9,288489
2021-06-14 10:04:25,1720.9,288489
2021-06-14 10:04:26,1720.9,288489
2021-06-14 10:04:27,1720.9,288489
2021-06-14 10:04:28,1721.0,288494
2021-06-14 10:04:28,1721.0,288494
2021-06-14 10:04:30,1721.25,288495
2021-06-14 10:04:32,1721.25,288495
2021-06-14 10:04:33,1722.0,288550
2021-06-14 10:04:35,1722.0,288550
2021-06-14 10:04:36,1722.85,288558
2021-06-14 10:04:37,1722.85,288558
2021-06-14 10:04:38,1722.15,288559
2021-06-14 10:04:38,1722.15,288559
2021-06-14 10:04:39,1722.1,288679
2021-06-14 10:04:40,1722.2,288683
2021-06-14 10:04:42,1722.85,288685
2021-06-14 10:04:43,1722.15,288785
2021-06-14 10:04:44,1722.15,288785
2021-06-14 10:04:45,1722.15,288805
2021-06-14 10:04:46,1722.15,288805
2021-06-14 10:04:47,1722.15,288805
2021-06-14 10:04:48,1722.15,288806
2021-06-14 10:04:49,1722.15,288824
2021-06-14 10:04:50,1722.15,288824
2021-06-14 10:04:51,1722.15,288827
2021-06-14 10:04:53,1722.15,288827
2021-06-14 10:04:54,1722.15,288828
2021-06-14 10:04:55,1722.9,288889
2021-06-14 10:04:56,1722.8,289094
2021-06-14 10:04:58,1722.8,289094
2021-06-14 10:05:00,1722.15,289099
2021-06-14 10:05:01,1722.15,289147
2021-06-14 10:05:02,1722.15,289171
2021-06-14 10:05:03,1722.15,289171
2021-06-14 10:05:04,1722.15,289171
2021-06-14 10:05:05,1722.15,289172
2021-06-14 10:05:06,1722.15,289172
2021-06-14 10:05:07,1722.15,289181
2021-06-14 10:05:07,1722.15,289185
2021-06-14 10:05:09,1722.15,289185
2021-06-14 10:05:09,1722.15,289185
2021-06-14 10:05:10,1722.15,289185
2021-06-14 10:05:11,1722.15,289185
2021-06-14 10:05:12,1722.2,289187
2021-06-14 10:05:14,1722.8,289193
2021-06-14 10:05:15,1722.2,289216
2021-06-14 10:05:16,1722.8,289228
2021-06-14 10:05:17,1722.8,289228
2021-06-14 10:05:18,1722.2,289258
2021-06-14 10:05:20,1722.25,289263
2021-06-14 10:05:20,1722.25,289263
2021-06-14 10:05:22,1722.7,289273
2021-06-14 10:05:23,1722.25,289279
2021-06-14 10:05:24,1722.8,289291
2021-06-14 10:05:24,1722.8,289291
2021-06-14 10:05:26,1722.3,289351
2021-06-14 10:05:27,1722.3,289351
2021-06-14 10:05:28,1722.3,289351
2021-06-14 10:05:29,1722.25,289353
2021-06-14 10:05:29,1722.25,289353
2021-06-14 10:05:30,1722.55,290356
2021-06-14 10:05:31,1722.05,290367
2021-06-14 10:05:32,1722.05,290367
2021-06-14 10:05:33,1722.05,290367
2021-06-14 10:05:34,1722.05,290367
2021-06-14 10:05:35,1722.0,290559
2021-06-14 10:05:37,1721.95,290561
2021-06-14 10:05:38,1721.95,290561
2021-06-14 10:05:39,1722.3,290591
2021-06-14 10:05:40,1722.3,290591
2021-06-14 10:05:41,1722.05,290649
2021-06-14 10:05:42,1724.0,291809
2021-06-14 10:05:43,1722.95,292009
2021-06-14 10:05:44,1722.95,292009
2021-06-14 10:05:45,1722.95,292009
2021-06-14 10:05:46,1722.95,292009
2021-06-14 10:05:47,1723.8,292010
2021-06-14 10:05:49,1722.9,292194
2021-06-14 10:05:50,1722.9,292212
2021-06-14 10:05:50,1722.9,292212
2021-06-14 10:05:51,1722.9,292212
2021-06-14 10:05:52,1722.05,292219
2021-06-14 10:05:53,1722.15,292289
2021-06-14 10:05:54,1722.15,292289
2021-06-14 10:05:55,1722.1,292292
2021-06-14 10:05:56,1722.05,292346
2021-06-14 10:05:57,1722.55,292432
2021-06-14 10:05:59,1722.55,292432
2021-06-14 10:06:00,1722.55,292442
2021-06-14 10:06:01,1722.55,292442
2021-06-14 10:06:02,1722.15,292448
2021-06-14 10:06:03,1722.15,292448
2021-06-14 10:06:04,1722.15,292472
2021-06-14 10:06:05,1721.8,292522
2021-06-14 10:06:05,1721.8,292523
2021-06-14 10:06:07,1721.8,292528
2021-06-14 10:06:07,1721.8,292529
2021-06-14 10:06:09,1721.8,292529
2021-06-14 10:06:10,1721.5,292534
2021-06-14 10:06:11,1721.5,292543
2021-06-14 10:06:12,1721.95,292545
2021-06-14 10:06:15,1721.5,292550
2021-06-14 10:06:16,1721.5,292552
2021-06-14 10:06:17,1721.5,292552
2021-06-14 10:06:17,1721.5,292553
2021-06-14 10:06:20,1721.5,292553
2021-06-14 10:06:21,1721.95,292557
2021-06-14 10:06:22,1721.95,292557
2021-06-14 10:06:23,1721.5,292558
2021-06-14 10:06:23,1721.5,292558
2021-06-14 10:06:24,1721.5,292558
2021-06-14 10:06:25,1721.4,292908
2021-06-14 10:06:27,1721.35,292926
2021-06-14 10:06:28,1721.35,292954
2021-06-14 10:06:29,1721.35,292954
2021-06-14 10:06:30,1721.95,292959
2021-06-14 10:06:31,1721.3,292969
2021-06-14 10:06:32,1721.0,292973
2021-06-14 10:06:32,1721.3,292974
2021-06-14 10:06:33,1721.0,292979
2021-06-14 10:06:35,1721.0,292979
2021-06-14 10:06:36,1721.0,292980
2021-06-14 10:06:37,1721.0,292980
2021-06-14 10:06:38,1720.3,292981
2021-06-14 10:06:39,1720.3,292982
2021-06-14 10:06:40,1720.25,293195
2021-06-14 10:06:41,1720.25,293215
2021-06-14 10:06:42,1720.2,293226
2021-06-14 10:06:43,1720.45,293234
2021-06-14 10:06:44,1720.45,293234
2021-06-14 10:06:45,1720.2,293267
2021-06-14 10:06:46,1720.2,293270
2021-06-14 10:06:47,1720.2,293271
2021-06-14 10:06:48,1720.2,293273
2021-06-14 10:06:49,1720.45,293276
2021-06-14 10:06:50,1720.2,293284
2021-06-14 10:06:52,1720.9,293293
2021-06-14 10:06:53,1720.9,293293
2021-06-14 10:06:54,1720.9,293293
2021-06-14 10:06:55,1720.9,293293
2021-06-14 10:06:56,1720.95,293370
2021-06-14 10:06:57,1720.95,293370
2021-06-14 10:06:58,1720.95,293370
2021-06-14 10:06:59,1720.35,293371
2021-06-14 10:07:01,1721.25,293511
2021-06-14 10:07:02,1721.25,293511
2021-06-14 10:07:03,1720.95,293541
2021-06-14 10:07:04,1720.95,293541
2021-06-14 10:07:04,1720.95,293541
2021-06-14 10:07:05,1720.95,293551
2021-06-14 10:07:07,1720.95,293556
2021-06-14 10:07:08,1720.95,293556
2021-06-14 10:07:09,1721.35,293561
2021-06-14 10:07:10,1721.35,293561
2021-06-14 10:07:11,1721.0,293562
2021-06-14 10:07:12,1721.0,293562
2021-06-14 10:07:13,1721.0,293570
2021-06-14 10:07:15,1721.0,293571
2021-06-14 10:07:16,1721.0,293571
2021-06-14 10:07:16,1721.35,293573
2021-06-14 10:07:18,1721.05,293574
2021-06-14 10:07:19,1721.05,293574
2021-06-14 10:07:20,1721.05,293574
2021-06-14 10:07:21,1721.05,293574
2021-06-14 10:07:22,1721.05,293574
2021-06-14 10:07:23,1721.05,293574
2021-06-14 10:07:25,1721.2,293575
2021-06-14 10:07:27,1721.2,293621
2021-06-14 10:07:28,1721.15,293700
2021-06-14 10:07:28,1721.15,293700
2021-06-14 10:07:29,1721.05,293701
2021-06-14 10:07:30,1721.05,293701
2021-06-14 10:07:31,1721.8,293706
2021-06-14 10:07:32,1721.05,293711
2021-06-14 10:07:34,1721.05,293725
2021-06-14 10:07:34,1721.05,293725
2021-06-14 10:07:35,1721.05,293725
2021-06-14 10:07:37,1721.05,293726
2021-06-14 10:07:38,1721.05,293727
2021-06-14 10:07:39,1721.05,293727
2021-06-14 10:07:41,1721.05,293830
2021-06-14 10:07:42,1721.05,293830
2021-06-14 10:07:43,1721.05,293830
2021-06-14 10:07:44,1721.05,293830
2021-06-14 10:07:48,1721.05,293849
2021-06-14 10:07:54,1721.1,293879
2021-06-14 10:07:59,1721.1,294369
2021-06-14 10:08:03,1721.85,294372
2021-06-14 10:08:08,1721.5,294537
2021-06-14 10:08:13,1721.85,294767
2021-06-14 10:08:18,1721.85,294830
2021-06-14 10:08:23,1721.0,294878
2021-06-14 10:08:27,1721.0,294890
2021-06-14 10:08:32,1721.5,294907
2021-06-14 10:08:37,1721.0,294914
2021-06-14 10:08:41,1721.1,294917
2021-06-14 10:08:46,1721.1,294991
2021-06-14 10:08:51,1721.5,294994
2021-06-14 10:08:55,1721.85,295024
2021-06-14 10:09:01,1721.5,295059
2021-06-14 10:09:06,1721.85,295106
2021-06-14 10:09:10,1721.65,295131
2021-06-14 10:09:15,1721.65,295169
2021-06-14 10:09:20,1721.95,295206
2021-06-14 10:09:26,1721.95,295274
