timestamp,ltp,volume
2021-06-14 09:15:40,6658.05,3435
2021-06-14 09:15:41,6667.3,3654
2021-06-14 09:15:42,6667.3,3654
2021-06-14 09:15:43,6670.0,3688
2021-06-14 09:15:44,6667.3,3750
2021-06-14 09:15:45,6667.8,3775
2021-06-14 09:15:46,6667.8,3775
2021-06-14 09:15:47,6667.8,3775
2021-06-14 09:15:48,6667.8,3775
2021-06-14 09:15:49,6670.15,3783
2021-06-14 09:15:50,6670.15,3783
2021-06-14 09:15:51,6670.05,3788
2021-06-14 09:15:52,6673.9,3847
2021-06-14 09:15:53,6673.9,3847
2021-06-14 09:15:54,6673.9,3847
2021-06-14 09:15:55,6673.9,3888
2021-06-14 09:15:56,6673.95,3900
2021-06-14 09:15:57,6673.95,3900
2021-06-14 09:15:58,6670.8,4001
2021-06-14 09:15:59,6670.8,4001
2021-06-14 09:16:00,6670.8,4001
2021-06-14 09:16:02,6671.45,4040
2021-06-14 09:16:03,6683.4,4289
2021-06-14 09:16:04,6683.4,4289
2021-06-14 09:16:05,6670.95,4346
2021-06-14 09:16:06,6670.35,4355
2021-06-14 09:16:07,6670.35,4357
2021-06-14 09:16:08,6670.85,4418
2021-06-14 09:16:09,6676.55,4461
2021-06-14 09:16:10,6677.0,4463
2021-06-14 09:16:11,6681.15,4563
2021-06-14 09:16:12,6681.35,4572
2021-06-14 09:16:13,6680.0,4692
2021-06-14 09:16:14,6676.55,4715
2021-06-14 09:16:15,6683.25,4760
2021-06-14 09:16:16,6680.25,4845
2021-06-14 09:16:18,6677.0,4874
2021-06-14 09:16:19,6675.0,4892
2021-06-14 09:16:20,6679.55,4898
2021-06-14 09:16:21,6679.55,4898
2021-06-14 09:16:22,6679.8,4927
2021-06-14 09:16:23,6679.8,4927
2021-06-14 09:16:24,6670.25,5045
2021-06-14 09:16:25,6674.7,5054
2021-06-14 09:16:26,6667.3,5131
2021-06-14 09:16:27,6674.0,5159
2021-06-14 09:16:28,6674.0,5159
2021-06-14 09:16:29,6674.5,5164
2021-06-14 09:16:30,6674.45,5182
2021-06-14 09:16:31,6674.45,5182
2021-06-14 09:16:32,6667.3,5259
2021-06-14 09:16:33,6667.3,5259
2021-06-14 09:16:34,6665.25,5275
2021-06-14 09:16:35,6662.0,5293
2021-06-14 09:16:36,6662.0,5329
2021-06-14 09:16:37,6670.0,5459
2021-06-14 09:16:38,6670.0,5459
2021-06-14 09:16:39,6668.4,5483
2021-06-14 09:16:40,6665.0,5493
2021-06-14 09:16:41,6667.9,5494
2021-06-14 09:16:42,6667.9,5494
2021-06-14 09:16:43,6667.9,5494
2021-06-14 09:16:44,6661.9,5495
2021-06-14 09:16:45,6661.9,5495
2021-06-14 09:16:46,6667.7,5500
2021-06-14 09:16:48,6661.75,5539
2021-06-14 09:16:49,6661.75,5539
2021-06-14 09:16:50,6661.75,5539
2021-06-14 09:16:51,6660.9,5557
2021-06-14 09:16:52,6657.9,5598
2021-06-14 09:16:53,6657.9,5598
2021-06-14 09:16:54,6663.6,5608
2021-06-14 09:16:55,6658.85,5657
2021-06-14 09:16:56,6656.65,5720
2021-06-14 09:16:57,6661.65,5725
2021-06-14 09:16:58,6662.85,5730
2021-06-14 09:16:59,6662.85,5730
2021-06-14 09:17:00,6662.85,5730
2021-06-14 09:17:01,6662.85,5730
2021-06-14 09:17:02,6662.85,5730
2021-06-14 09:17:03,6662.8,5735
2021-06-14 09:17:05,6656.6,5817
2021-06-14 09:17:04,6659.05,5814
2021-06-14 09:17:06,6655.95,5838
2021-06-14 09:17:07,6655.95,5838
2021-06-14 09:17:08,6655.85,5857
2021-06-14 09:17:09,6655.9,5858
2021-06-14 09:17:10,6655.9,5858
2021-06-14 09:17:11,6660.05,5859
2021-06-14 09:17:12,6660.05,5859
2021-06-14 09:17:13,6660.05,5859
2021-06-14 09:17:14,6660.05,5859
2021-06-14 09:17:15,6655.9,5860
2021-06-14 09:17:16,6655.9,5860
2021-06-14 09:17:17,6660.1,5865
2021-06-14 09:17:18,6660.1,5865
2021-06-14 09:17:19,6657.1,6312
2021-06-14 09:17:20,6657.1,6312
2021-06-14 09:17:21,6651.6,6340
2021-06-14 09:17:22,6651.6,6340
2021-06-14 09:17:23,6648.55,6373
2021-06-14 09:17:24,6655.4,6417
2021-06-14 09:17:25,6657.7,6532
2021-06-14 09:17:26,6651.6,6590
2021-06-14 09:17:27,6650.0,6592
2021-06-14 09:17:28,6657.7,6595
2021-06-14 09:17:29,6656.5,6603
2021-06-14 09:17:30,6656.1,6609
2021-06-14 09:17:31,6658.9,6648
2021-06-14 09:17:32,6656.55,6650
2021-06-14 09:17:33,6656.6,6658
2021-06-14 09:17:34,6656.55,6666
2021-06-14 09:17:35,6655.0,6697
2021-06-14 09:17:36,6652.85,6705
2021-06-14 09:17:37,6655.55,6819
2021-06-14 09:17:38,6655.6,6822
2021-06-14 09:17:39,6660.0,6852
2021-06-14 09:17:40,6660.0,6852
2021-06-14 09:17:41,6655.5,6855
2021-06-14 09:17:43,6655.5,6855
2021-06-14 09:17:44,6654.0,6870
2021-06-14 09:17:45,6654.0,6870
2021-06-14 09:17:46,6657.4,6878
2021-06-14 09:17:47,6657.4,6878
2021-06-14 09:17:48,6657.4,6878
2021-06-14 09:17:49,6653.15,6934
2021-06-14 09:17:50,6653.55,6954
2021-06-14 09:17:51,6655.5,6961
2021-06-14 09:17:52,6655.5,6961
2021-06-14 09:17:53,6655.5,6961
2021-06-14 09:17:54,6652.35,6965
2021-06-14 09:17:55,6652.85,7055
2021-06-14 09:17:56,6652.8,7060
2021-06-14 09:17:57,6652.8,7069
2021-06-14 09:17:58,6652.75,7078
2021-06-14 09:17:59,6652.75,7078
2021-06-14 09:18:00,6652.8,7103
2021-06-14 09:18:01,6652.8,7103
2021-06-14 09:18:02,6652.8,7103
2021-06-14 09:18:04,6650.0,7140
2021-06-14 09:18:04,6650.0,7140
2021-06-14 09:18:06,6648.5,7278
2021-06-14 09:18:07,6648.5,7282
2021-06-14 09:18:08,6652.7,7290
2021-06-14 09:18:09,6652.65,7341
2021-06-14 09:18:10,6652.65,7341
2021-06-14 09:18:11,6655.5,7401
2021-06-14 09:18:11,6655.5,7401
2021-06-14 09:18:12,6655.5,7421
2021-06-14 09:18:13,6655.5,7421
2021-06-14 09:18:14,6658.4,7526
2021-06-14 09:18:15,6658.4,7526
2021-06-14 09:18:16,6658.4,7526
2021-06-14 09:18:17,6658.4,7526
2021-06-14 09:18:18,6658.4,7526
2021-06-14 09:18:19,6650.2,7651
2021-06-14 09:18:20,6650.2,7663
2021-06-14 09:18:21,6650.4,7687
2021-06-14 09:18:22,6650.4,7687
2021-06-14 09:18:23,6650.2,7689
2021-06-14 09:18:24,6653.25,7691
2021-06-14 09:18:25,6653.2,7693
2021-06-14 09:18:26,6653.2,7693
2021-06-14 09:18:27,6652.9,7694
2021-06-14 09:18:28,6648.05,7709
2021-06-14 09:18:29,6648.9,7711
2021-06-14 09:18:30,6648.9,7719
2021-06-14 09:18:31,6653.2,7721
2021-06-14 09:18:32,6648.45,7755
2021-06-14 09:18:33,6648.45,7755
2021-06-14 09:18:34,6652.1,7814
2021-06-14 09:18:35,6652.1,7814
2021-06-14 09:18:36,6650.95,7829
2021-06-14 09:18:37,6650.95,7829
2021-06-14 09:18:38,6651.6,7856
2021-06-14 09:18:39,6648.45,7867
2021-06-14 09:18:40,6648.45,7867
2021-06-14 09:18:41,6652.45,7872
2021-06-14 09:18:42,6652.45,7872
2021-06-14 09:18:43,6652.45,7872
2021-06-14 09:18:44,6652.9,7882
2021-06-14 09:18:45,6652.9,7891
2021-06-14 09:18:46,6650.15,7901
2021-06-14 09:18:47,6650.15,7901
2021-06-14 09:18:48,6650.3,7907
2021-06-14 09:18:49,6652.45,7928
2021-06-14 09:18:51,6651.75,7934
2021-06-14 09:18:52,6650.7,7940
2021-06-14 09:18:52,6650.7,7940
2021-06-14 09:18:53,6650.75,7942
2021-06-14 09:18:54,6653.0,7971
2021-06-14 09:18:55,6650.6,7973
2021-06-14 09:18:56,6653.0,7974
2021-06-14 09:18:57,6649.0,7977
2021-06-14 09:18:58,6649.0,7977
2021-06-14 09:18:59,6649.0,7981
2021-06-14 09:19:00,6649.0,7981
2021-06-14 09:19:01,6649.0,7984
2021-06-14 09:19:02,6648.0,8030
2021-06-14 09:19:03,6648.0,8030
2021-06-14 09:19:04,6646.35,8062
2021-06-14 09:19:05,6648.75,8063
2021-06-14 09:19:06,6648.75,8063
2021-06-14 09:19:07,6645.3,8066
2021-06-14 09:19:08,6645.3,8068
2021-06-14 09:19:09,6645.1,8123
2021-06-14 09:19:10,6645.1,8123
2021-06-14 09:19:11,6645.1,8123
2021-06-14 09:19:12,6645.1,8123
2021-06-14 09:19:13,6645.1,8123
2021-06-14 09:19:14,6648.0,8233
2021-06-14 09:19:15,6648.0,8234
2021-06-14 09:19:16,6648.0,8234
2021-06-14 09:19:18,6648.0,8234
2021-06-14 09:19:19,6648.0,8252
2021-06-14 09:19:19,6648.0,8252
2021-06-14 09:19:20,6648.0,8262
2021-06-14 09:19:21,6648.0,8267
2021-06-14 09:19:22,6646.65,8270
2021-06-14 09:19:23,6649.8,8298
2021-06-14 09:19:24,6649.8,8298
2021-06-14 09:19:25,6649.8,8298
2021-06-14 09:19:26,6652.65,8473
2021-06-14 09:19:27,6652.65,8473
2021-06-14 09:19:28,6651.0,8486
2021-06-14 09:19:29,6651.0,8486
2021-06-14 09:19:31,6647.55,8519
2021-06-14 09:19:32,6645.1,8669
2021-06-14 09:19:32,6645.1,8669
2021-06-14 09:19:33,6649.6,8674
2021-06-14 09:19:34,6648.0,8720
2021-06-14 09:19:35,6648.0,8720
2021-06-14 09:19:36,6648.0,8720
2021-06-14 09:19:37,6648.0,8720
2021-06-14 09:19:38,6650.0,8725
2021-06-14 09:19:39,6650.0,8727
2021-06-14 09:19:40,6650.0,8728
2021-06-14 09:19:41,6650.0,8786
2021-06-14 09:19:42,6651.0,8844
2021-06-14 09:19:44,6655.0,8870
2021-06-14 09:19:45,6651.25,8874
2021-06-14 09:19:46,6651.25,8876
2021-06-14 09:19:47,6651.0,8878
2021-06-14 09:19:48,6651.0,8883
2021-06-14 09:19:49,6651.0,8885
2021-06-14 09:19:50,6651.0,8887
2021-06-14 09:19:51,6651.05,8891
2021-06-14 09:19:52,6651.25,8918
2021-06-14 09:19:53,6654.0,8921
2021-06-14 09:19:54,6655.45,8931
2021-06-14 09:19:55,6656.95,8992
2021-06-14 09:19:56,6657.1,9009
2021-06-14 09:19:57,6672.1,9831
2021-06-14 09:19:58,6666.6,9901
2021-06-14 09:19:59,6666.55,9907
2021-06-14 09:20:00,6666.65,9916
2021-06-14 09:20:01,6668.25,9951
2021-06-14 09:20:02,6665.05,9959
2021-06-14 09:20:03,6666.8,10052
2021-06-14 09:20:04,6667.65,10057
2021-06-14 09:20:05,6667.65,10057
2021-06-14 09:20:06,6667.65,10059
2021-06-14 09:20:07,6671.0,10070
2021-06-14 09:20:08,6671.0,10070
2021-06-14 09:20:10,6671.0,10095
2021-06-14 09:20:11,6671.0,10097
2021-06-14 09:20:12,6672.9,10116
2021-06-14 09:20:13,6671.95,10117
2021-06-14 09:20:14,6666.0,10139
2021-06-14 09:20:15,6666.0,10139
2021-06-14 09:20:16,6659.4,10165
2021-06-14 09:20:18,6662.6,10166
2021-06-14 09:20:18,6662.6,10166
2021-06-14 09:20:19,6662.6,10166
2021-06-14 09:20:21,6660.35,10167
2021-06-14 09:20:22,6656.75,10227
2021-06-14 09:20:23,6662.1,10232
2021-06-14 09:20:24,6662.1,10232
2021-06-14 09:20:25,6662.6,10237
2021-06-14 09:20:26,6661.8,10240
2021-06-14 09:20:27,6661.8,10240
2021-06-14 09:20:28,6662.6,10243
2021-06-14 09:20:30,6657.5,10519
2021-06-14 09:20:31,6656.4,10520
2021-06-14 09:20:32,6658.15,11002
2021-06-14 09:20:33,6654.6,11056
2021-06-14 09:20:34,6653.6,11063
2021-06-14 09:20:35,6653.65,11085
2021-06-14 09:20:36,6655.4,11086
2021-06-14 09:20:37,6650.0,11280
2021-06-14 09:20:38,6650.0,11280
2021-06-14 09:20:39,6649.95,11347
2021-06-14 09:20:40,6648.05,11351
2021-06-14 09:20:41,6651.0,11393
2021-06-14 09:20:42,6646.0,11448
2021-06-14 09:20:43,6648.5,11459
2021-06-14 09:20:44,6648.5,11459
2021-06-14 09:20:46,6650.0,11561
2021-06-14 09:20:46,6650.0,11561
2021-06-14 09:20:47,6649.85,11571
2021-06-14 09:20:48,6648.5,11671
2021-06-14 09:20:49,6648.5,11671
2021-06-14 09:20:50,6649.85,11688
2021-06-14 09:20:51,6646.0,11689
2021-06-14 09:20:52,6646.0,11689
2021-06-14 09:20:53,6646.0,11689
2021-06-14 09:20:54,6646.0,11689
2021-06-14 09:20:56,6646.0,11709
2021-06-14 09:20:57,6646.0,11713
2021-06-14 09:20:59,6645.4,11782
2021-06-14 09:21:01,6645.4,11782
2021-06-14 09:21:02,6649.4,11807
2021-06-14 09:21:03,6649.4,11807
2021-06-14 09:21:04,6649.2,11845
2021-06-14 09:21:05,6649.15,11854
2021-06-14 09:21:06,6649.15,11854
2021-06-14 09:21:08,6649.15,11854
2021-06-14 09:21:09,6648.6,11856
2021-06-14 09:21:10,6648.6,11856
2021-06-14 09:21:11,6648.6,11856
2021-06-14 09:21:12,6648.6,11856
2021-06-14 09:21:13,6648.6,11861
2021-06-14 09:21:14,6648.6,11861
2021-06-14 09:21:15,6649.75,11902
2021-06-14 09:21:16,6649.75,11903
2021-06-14 09:21:17,6649.75,11903
2021-06-14 09:21:18,6649.75,11903
2021-06-14 09:21:19,6649.7,11908
2021-06-14 09:21:20,6646.0,11918
2021-06-14 09:21:22,6646.0,11918
2021-06-14 09:21:23,6646.0,11918
2021-06-14 09:21:24,6649.35,11928
2021-06-14 09:21:25,6646.15,11929
2021-06-14 09:21:26,6646.15,11929
2021-06-14 09:21:27,6649.35,11930
2021-06-14 09:21:28,6649.35,11930
2021-06-14 09:21:30,6649.35,11930
2021-06-14 09:21:31,6649.35,11930
2021-06-14 09:21:32,6649.35,11930
2021-06-14 09:21:33,6649.35,11930
2021-06-14 09:21:34,6649.35,11969
2021-06-14 09:21:34,6649.35,11969
2021-06-14 09:21:35,6649.35,11969
2021-06-14 09:21:36,6645.45,11995
2021-06-14 09:21:37,6640.85,12195
2021-06-14 09:21:38,6640.0,12221
2021-06-14 09:21:39,6640.0,12221
2021-06-14 09:21:40,6645.95,12423
2021-06-14 09:21:41,6645.95,12423
2021-06-14 09:21:42,6640.25,12428
2021-06-14 09:21:43,6640.25,12428
2021-06-14 09:21:45,6640.25,12428
2021-06-14 09:21:46,6640.55,12429
2021-06-14 09:21:47,6640.55,12429
2021-06-14 09:21:47,6640.55,12429
2021-06-14 09:21:48,6640.55,12429
2021-06-14 09:21:49,6643.8,12434
2021-06-14 09:21:50,6643.8,12435
2021-06-14 09:21:51,6643.95,12445
2021-06-14 09:21:52,6641.1,12451
2021-06-14 09:21:53,6644.0,12453
2021-06-14 09:21:54,6644.0,12454
2021-06-14 09:21:55,6640.4,12494
2021-06-14 09:21:57,6643.2,12499
2021-06-14 09:21:58,6643.2,12499
2021-06-14 09:21:59,6643.2,12499
2021-06-14 09:21:59,6643.2,12499
2021-06-14 09:22:00,6645.0,12544
2021-06-14 09:22:01,6644.0,12549
2021-06-14 09:22:02,6644.0,12549
2021-06-14 09:22:04,6644.0,12577
2021-06-14 09:22:05,6644.0,12577
2021-06-14 09:22:05,6644.0,12597
2021-06-14 09:22:06,6644.0,12597
2021-06-14 09:22:07,6646.0,12599
2021-06-14 09:22:08,6646.0,12599
2021-06-14 09:22:09,6646.0,12599
2021-06-14 09:22:11,6646.0,12599
2021-06-14 09:22:13,6646.0,12599
2021-06-14 09:22:14,6646.0,12599
2021-06-14 09:22:15,6646.0,12599
2021-06-14 09:22:15,6646.0,12599
2021-06-14 09:22:16,6649.4,12601
2021-06-14 09:22:17,6649.4,12601
2021-06-14 09:22:18,6644.85,12621
2021-06-14 09:22:19,6645.0,12646
2021-06-14 09:22:20,6648.6,12647
2021-06-14 09:22:21,6648.6,12647
2021-06-14 09:22:22,6648.6,12647
2021-06-14 09:22:23,6648.6,12647
2021-06-14 09:22:24,6648.6,12647
2021-06-14 09:22:25,6648.6,12647
2021-06-14 09:22:26,6648.6,12647
2021-06-14 09:22:27,6648.6,12647
2021-06-14 09:22:28,6644.85,12676
2021-06-14 09:22:29,6647.8,12701
2021-06-14 09:22:30,6647.8,12701
2021-06-14 09:22:31,6647.8,12701
2021-06-14 09:22:32,6643.7,13242
2021-06-14 09:22:33,6643.7,13242
2021-06-14 09:22:34,6641.05,13243
2021-06-14 09:22:35,6646.0,13283
2021-06-14 09:22:36,6640.75,13323
2021-06-14 09:22:38,6640.75,13323
2021-06-14 09:22:38,6640.5,13335
2021-06-14 09:22:39,6643.8,13337
2021-06-14 09:22:41,6643.2,13346
2021-06-14 09:22:43,6636.8,14064
2021-06-14 09:22:44,6636.5,14085
2021-06-14 09:22:46,6633.85,14357
2021-06-14 09:22:47,6636.45,14358
2021-06-14 09:22:48,6633.3,14379
2021-06-14 09:22:49,6633.3,14379
2021-06-14 09:22:51,6637.4,14430
2021-06-14 09:22:52,6637.4,14430
2021-06-14 09:22:53,6633.75,14432
2021-06-14 09:22:54,6638.0,14435
2021-06-14 09:22:55,6638.0,14435
2021-06-14 09:22:56,6638.0,14435
2021-06-14 09:22:57,6637.1,14510
2021-06-14 09:22:58,6637.1,14510
2021-06-14 09:22:59,6637.1,14510
2021-06-14 09:23:00,6637.1,14510
2021-06-14 09:23:01,6630.2,14613
2021-06-14 09:23:02,6630.2,14613
2021-06-14 09:23:03,6630.2,14613
2021-06-14 09:23:04,6631.75,14638
2021-06-14 09:23:05,6630.25,14650
2021-06-14 09:23:06,6630.25,14650
2021-06-14 09:23:07,6637.55,14655
2021-06-14 09:23:08,6637.55,14655
2021-06-14 09:23:09,6637.55,14655
2021-06-14 09:23:10,6637.55,14655
2021-06-14 09:23:11,6637.55,14655
2021-06-14 09:23:12,6637.55,14655
2021-06-14 09:23:13,6633.0,14665
2021-06-14 09:23:14,6632.55,14670
2021-06-14 09:23:15,6633.1,14710
2021-06-14 09:23:16,6633.1,14710
2021-06-14 09:23:17,6636.6,14720
2021-06-14 09:23:18,6633.6,14725
2021-06-14 09:23:19,6633.6,14725
2021-06-14 09:23:20,6633.6,14725
2021-06-14 09:23:20,6633.6,14725
2021-06-14 09:23:21,6637.4,14773
2021-06-14 09:23:22,6637.4,14773
2021-06-14 09:23:23,6637.4,14773
2021-06-14 09:23:24,6637.4,14773
2021-06-14 09:23:25,6637.4,14773
2021-06-14 09:23:26,6637.4,14773
2021-06-14 09:23:27,6636.0,14776
2021-06-14 09:23:28,6636.0,14776
2021-06-14 09:23:29,6634.0,14782
2021-06-14 09:23:30,6637.0,14783
2021-06-14 09:23:31,6637.0,14783
2021-06-14 09:23:32,6637.0,14783
2021-06-14 09:23:34,6633.25,14812
2021-06-14 09:23:35,6637.0,14833
2021-06-14 09:23:36,6637.0,14833
2021-06-14 09:23:37,6637.0,14833
2021-06-14 09:23:38,6637.0,14833
2021-06-14 09:23:39,6635.0,14843
2021-06-14 09:23:40,6635.0,14843
2021-06-14 09:23:41,6636.0,14844
2021-06-14 09:23:42,6636.0,14844
2021-06-14 09:23:43,6636.0,14844
2021-06-14 09:23:45,6637.0,14845
2021-06-14 09:23:44,6636.0,14844
2021-06-14 09:23:46,6637.2,14854
2021-06-14 09:23:47,6637.2,14854
2021-06-14 09:23:48,6637.2,14854
2021-06-14 09:23:49,6633.6,14857
2021-06-14 09:23:50,6633.6,14857
2021-06-14 09:23:52,6635.3,14884
2021-06-14 09:23:51,6633.6,14859
2021-06-14 09:23:53,6635.3,14884
2021-06-14 09:23:54,6635.3,14884
2021-06-14 09:23:55,6635.3,14884
2021-06-14 09:23:56,6633.55,14892
2021-06-14 09:23:57,6631.0,14929
2021-06-14 09:23:58,6631.0,14929
2021-06-14 09:23:59,6631.0,14929
2021-06-14 09:24:00,6631.0,14929
2021-06-14 09:24:01,6635.35,14981
2021-06-14 09:24:02,6635.35,14981
2021-06-14 09:24:03,6636.3,14983
2021-06-14 09:24:04,6631.8,15009
2021-06-14 09:24:05,6635.4,15011
2021-06-14 09:24:06,6635.8,15013
2021-06-14 09:24:07,6630.0,15438
2021-06-14 09:24:08,6632.2,15440
2021-06-14 09:24:09,6632.2,15440
2021-06-14 09:24:10,6632.25,15442
2021-06-14 09:24:11,6632.0,15443
2021-06-14 09:24:12,6632.0,15444
2021-06-14 09:24:13,6632.0,15444
2021-06-14 09:24:15,6632.0,15445
2021-06-14 09:24:16,6635.05,15889
2021-06-14 09:24:17,6635.05,15889
2021-06-14 09:24:18,6635.05,15889
2021-06-14 09:24:19,6635.05,15889
2021-06-14 09:24:20,6639.0,15890
2021-06-14 09:24:21,6635.25,15903
2021-06-14 09:24:22,6635.25,15903
2021-06-14 09:24:23,6635.25,15903
2021-06-14 09:24:24,6635.45,15905
2021-06-14 09:24:25,6635.45,15905
2021-06-14 09:24:26,6638.75,15921
2021-06-14 09:24:27,6647.8,15925
2021-06-14 09:24:28,6642.85,15928
2021-06-14 09:24:29,6647.4,15929
2021-06-14 09:24:30,6647.4,15929
2021-06-14 09:24:31,6641.2,16011
2021-06-14 09:24:32,6641.45,16012
2021-06-14 09:24:33,6641.45,16012
2021-06-14 09:24:34,6641.45,16012
2021-06-14 09:24:35,6641.55,16013
2021-06-14 09:24:36,6641.55,16013
2021-06-14 09:24:36,6641.55,16013
2021-06-14 09:24:37,6641.55,16013
2021-06-14 09:24:38,6641.55,16013
2021-06-14 09:24:39,6639.7,16023
2021-06-14 09:24:40,6635.25,16066
2021-06-14 09:24:41,6635.25,16066
2021-06-14 09:24:43,6635.25,16066
2021-06-14 09:24:44,6632.25,16076
2021-06-14 09:24:45,6632.25,16076
2021-06-14 09:24:46,6632.25,16076
2021-06-14 09:24:47,6632.3,16088
2021-06-14 09:24:48,6635.4,16092
2021-06-14 09:24:49,6636.5,16124
2021-06-14 09:24:50,6636.5,16124
2021-06-14 09:24:51,6636.5,16124
2021-06-14 09:24:52,6632.55,16136
2021-06-14 09:24:53,6635.8,16138
2021-06-14 09:24:54,6634.75,16142
2021-06-14 09:24:55,6633.0,16146
2021-06-14 09:24:56,6635.85,16149
2021-06-14 09:24:57,6633.2,16154
2021-06-14 09:24:58,6633.2,16154
2021-06-14 09:24:59,6636.2,16156
2021-06-14 09:25:01,6636.35,16199
2021-06-14 09:25:02,6636.35,16199
2021-06-14 09:25:03,6636.35,16199
2021-06-14 09:25:04,6636.35,16199
2021-06-14 09:25:05,6636.45,16201
2021-06-14 09:25:06,6636.45,16201
2021-06-14 09:25:07,6636.7,16203
2021-06-14 09:25:08,6636.75,16207
2021-06-14 09:25:09,6637.15,16223
2021-06-14 09:25:11,6633.8,16232
2021-06-14 09:25:12,6633.8,16232
2021-06-14 09:25:13,6636.45,16234
2021-06-14 09:25:14,6636.45,16234
2021-06-14 09:25:15,6636.45,16234
2021-06-14 09:25:16,6636.0,16236
2021-06-14 09:25:17,6636.0,16236
2021-06-14 09:25:18,6636.0,16238
2021-06-14 09:25:19,6636.0,16238
2021-06-14 09:25:20,6636.0,16243
2021-06-14 09:25:21,6633.0,16246
2021-06-14 09:25:22,6633.0,16246
2021-06-14 09:25:23,6630.65,16366
2021-06-14 09:25:24,6630.65,16383
2021-06-14 09:25:25,6633.0,16388
2021-06-14 09:25:26,6634.75,16390
2021-06-14 09:25:27,6634.75,16394
2021-06-14 09:25:28,6636.05,16400
2021-06-14 09:25:29,6631.2,16401
2021-06-14 09:25:30,6635.3,16403
2021-06-14 09:25:31,6635.3,16403
2021-06-14 09:25:32,6635.95,16407
2021-06-14 09:25:33,6635.5,16408
2021-06-14 09:25:34,6635.9,16414
2021-06-14 09:25:35,6635.0,16417
2021-06-14 09:25:36,6630.0,16567
2021-06-14 09:25:37,6632.4,16574
2021-06-14 09:25:38,6632.4,16574
2021-06-14 09:25:39,6626.05,16860
2021-06-14 09:25:40,6626.05,16860
2021-06-14 09:25:41,6626.05,16860
2021-06-14 09:25:42,6626.0,16964
2021-06-14 09:25:43,6628.9,16969
2021-06-14 09:25:44,6625.0,17140
2021-06-14 09:25:45,6625.0,17140
2021-06-14 09:25:46,6625.0,17148
2021-06-14 09:25:47,6627.0,17256
2021-06-14 09:25:48,6628.5,17277
2021-06-14 09:25:49,6628.4,17286
2021-06-14 09:25:50,6623.65,17294
2021-06-14 09:25:51,6629.0,17315
2021-06-14 09:25:52,6627.0,17317
2021-06-14 09:25:53,6624.15,17331
2021-06-14 09:25:54,6627.0,17337
2021-06-14 09:25:55,6628.0,17353
2021-06-14 09:25:56,6628.35,17367
2021-06-14 09:25:57,6629.0,17371
2021-06-14 09:25:58,6625.5,17372
2021-06-14 09:25:59,6629.0,17374
2021-06-14 09:26:00,6629.0,17374
2021-06-14 09:26:01,6629.0,17376
2021-06-14 09:26:02,6627.0,17386
2021-06-14 09:26:03,6627.0,17386
2021-06-14 09:26:04,6625.0,17391
2021-06-14 09:26:05,6625.2,17395
2021-06-14 09:26:06,6625.0,17418
2021-06-14 09:26:07,6625.0,17418
2021-06-14 09:26:08,6628.8,17419
2021-06-14 09:26:09,6628.8,17419
2021-06-14 09:26:10,6628.8,17419
2021-06-14 09:26:11,6628.8,17419
2021-06-14 09:26:12,6628.8,17419
2021-06-14 09:26:13,6627.05,17421
2021-06-14 09:26:14,6628.8,17423
2021-06-14 09:26:15,6628.2,17426
2021-06-14 09:26:16,6628.2,17426
2021-06-14 09:26:17,6628.2,17426
2021-06-14 09:26:18,6628.95,17428
2021-06-14 09:26:19,6628.95,17428
2021-06-14 09:26:20,6628.95,17428
2021-06-14 09:26:21,6627.05,17438
2021-06-14 09:26:22,6623.65,17440
2021-06-14 09:26:23,6624.4,17443
2021-06-14 09:26:24,6628.35,17446
2021-06-14 09:26:25,6628.35,17452
2021-06-14 09:26:26,6628.4,17464
2021-06-14 09:26:27,6628.4,17466
2021-06-14 09:26:28,6628.4,17475
2021-06-14 09:26:29,6628.5,17477
2021-06-14 09:26:30,6630.4,17767
2021-06-14 09:26:31,6635.0,17770
2021-06-14 09:26:32,6633.0,17799
2021-06-14 09:26:33,6633.0,17799
2021-06-14 09:26:34,6628.45,17813
2021-06-14 09:26:35,6633.0,17816
2021-06-14 09:26:36,6624.2,17880
2021-06-14 09:26:37,6624.2,17880
2021-06-14 09:26:38,6624.6,17882
2021-06-14 09:26:39,6624.6,17882
2021-06-14 09:26:40,6628.2,17884
2021-06-14 09:26:41,6629.0,17893
2021-06-14 09:26:43,6629.0,17893
2021-06-14 09:26:44,6623.0,17999
2021-06-14 09:26:45,6623.0,18005
2021-06-14 09:26:46,6622.3,18024
2021-06-14 09:26:48,6625.2,18041
2021-06-14 09:26:49,6625.2,18046
2021-06-14 09:26:50,6623.15,18051
2021-06-14 09:26:51,6623.15,18051
2021-06-14 09:26:52,6625.2,18156
2021-06-14 09:26:53,6626.05,18166
2021-06-14 09:26:54,6625.75,18170
2021-06-14 09:26:55,6625.75,18170
2021-06-14 09:26:56,6625.75,18170
2021-06-14 09:26:57,6624.0,18270
2021-06-14 09:26:58,6622.95,18273
2021-06-14 09:26:59,6622.95,18273
2021-06-14 09:27:01,6622.05,18275
2021-06-14 09:27:00,6622.95,18273
2021-06-14 09:27:02,6622.05,18275
2021-06-14 09:27:03,6623.0,18283
2021-06-14 09:27:04,6623.0,18303
2021-06-14 09:27:05,6624.0,18311
2021-06-14 09:27:06,6620.25,18445
2021-06-14 09:27:07,6620.25,18445
2021-06-14 09:27:08,6620.15,18526
2021-06-14 09:27:09,6620.0,18534
2021-06-14 09:27:10,6620.0,18534
2021-06-14 09:27:11,6620.0,18543
2021-06-14 09:27:12,6620.0,18543
2021-06-14 09:27:13,6619.0,18564
2021-06-14 09:27:15,6618.2,18566
2021-06-14 09:27:17,6615.2,18594
2021-06-14 09:27:18,6615.15,18597
2021-06-14 09:27:19,6615.15,18597
2021-06-14 09:27:20,6615.15,18597
2021-06-14 09:27:21,6615.0,18625
2021-06-14 09:27:22,6618.75,18626
2021-06-14 09:27:23,6616.1,18653
2021-06-14 09:27:24,6616.1,18653
2021-06-14 09:27:25,6616.1,18653
2021-06-14 09:27:26,6618.1,18786
2021-06-14 09:27:27,6618.1,18786
2021-06-14 09:27:28,6618.1,18786
2021-06-14 09:27:29,6615.2,18816
2021-06-14 09:27:30,6615.2,18816
2021-06-14 09:27:31,6615.15,18820
2021-06-14 09:27:32,6621.8,18900
2021-06-14 09:27:33,6616.2,18927
2021-06-14 09:27:34,6616.2,18927
2021-06-14 09:27:35,6616.2,18936
2021-06-14 09:27:36,6616.2,18936
2021-06-14 09:27:37,6615.85,18939
2021-06-14 09:27:38,6616.1,18940
2021-06-14 09:27:39,6616.75,18942
2021-06-14 09:27:40,6621.0,18954
2021-06-14 09:27:41,6621.6,18958
2021-06-14 09:27:42,6621.6,18960
2021-06-14 09:27:43,6621.6,18960
2021-06-14 09:27:44,6621.0,18962
2021-06-14 09:27:45,6621.0,18962
2021-06-14 09:27:46,6616.25,18969
2021-06-14 09:27:47,6616.25,18969
2021-06-14 09:27:48,6617.0,18971
2021-06-14 09:27:49,6617.0,18976
2021-06-14 09:27:50,6617.0,18976
2021-06-14 09:27:51,6617.0,18976
2021-06-14 09:27:52,6617.0,18976
2021-06-14 09:27:53,6617.0,18976
2021-06-14 09:27:54,6619.2,18989
2021-06-14 09:27:55,6619.2,18995
2021-06-14 09:27:56,6619.2,19005
2021-06-14 09:27:57,6619.2,19005
2021-06-14 09:27:58,6621.1,19024
2021-06-14 09:27:59,6621.1,19024
2021-06-14 09:28:00,6619.2,19033
2021-06-14 09:28:01,6619.2,19033
2021-06-14 09:28:02,6621.45,19039
2021-06-14 09:28:03,6621.45,19041
2021-06-14 09:28:04,6621.6,19045
2021-06-14 09:28:05,6621.6,19045
2021-06-14 09:28:06,6617.1,19051
2021-06-14 09:28:07,6622.35,19059
2021-06-14 09:28:08,6622.45,19062
2021-06-14 09:28:09,6621.05,19065
2021-06-14 09:28:10,6621.05,19065
2021-06-14 09:28:11,6621.05,19065
2021-06-14 09:28:12,6621.05,19065
2021-06-14 09:28:13,6621.05,19065
2021-06-14 09:28:14,6621.05,19065
2021-06-14 09:28:15,6621.05,19065
2021-06-14 09:28:16,6621.0,19068
2021-06-14 09:28:17,6619.2,19074
2021-06-14 09:28:18,6619.2,19076
2021-06-14 09:28:19,6619.2,19076
2021-06-14 09:28:20,6621.0,19086
2021-06-14 09:28:21,6621.0,19086
2021-06-14 09:28:22,6619.2,19092
2021-06-14 09:28:23,6619.2,19092
2021-06-14 09:28:24,6619.2,19092
2021-06-14 09:28:25,6621.0,19105
2021-06-14 09:28:26,6619.2,19107
2021-06-14 09:28:27,6621.0,19110
2021-06-14 09:28:28,6617.9,19113
2021-06-14 09:28:29,6621.0,19163
2021-06-14 09:28:30,6621.0,19163
2021-06-14 09:28:31,6624.0,19213
2021-06-14 09:28:32,6624.0,19213
2021-06-14 09:28:34,6624.0,19213
2021-06-14 09:28:35,6624.0,19213
2021-06-14 09:28:37,6624.0,19213
2021-06-14 09:28:37,6624.0,19213
2021-06-14 09:28:38,6622.45,19215
2021-06-14 09:28:41,6622.45,19215
2021-06-14 09:28:42,6622.45,19215
2021-06-14 09:28:42,6622.45,19215
2021-06-14 09:28:43,6622.45,19215
2021-06-14 09:28:44,6625.85,19265
2021-06-14 09:28:47,6621.45,19280
2021-06-14 09:28:48,6621.45,19282
2021-06-14 09:28:49,6621.45,19282
2021-06-14 09:28:50,6621.45,19282
2021-06-14 09:28:51,6621.45,19282
2021-06-14 09:28:52,6626.45,19333
2021-06-14 09:28:53,6625.25,19344
2021-06-14 09:28:54,6625.25,19344
2021-06-14 09:28:55,6625.25,19344
2021-06-14 09:28:56,6625.25,19344
2021-06-14 09:28:57,6625.25,19344
2021-06-14 09:28:59,6619.0,19419
2021-06-14 09:29:00,6619.0,19419
2021-06-14 09:29:01,6616.0,19466
2021-06-14 09:29:02,6617.95,19467
2021-06-14 09:29:03,6613.0,19681
2021-06-14 09:29:04,6615.2,19711
2021-06-14 09:29:05,6614.0,19736
2021-06-14 09:29:06,6614.0,19756
2021-06-14 09:29:07,6614.0,19781
2021-06-14 09:29:09,6610.3,19940
2021-06-14 09:29:10,6614.0,19943
2021-06-14 09:29:11,6615.2,19974
2021-06-14 09:29:12,6615.2,19974
2021-06-14 09:29:13,6617.5,19975
2021-06-14 09:29:14,6615.0,20011
2021-06-14 09:29:15,6615.0,20011
2021-06-14 09:29:16,6610.75,20046
2021-06-14 09:29:17,6610.35,20151
2021-06-14 09:29:18,6611.4,20153
2021-06-14 09:29:19,6610.75,20173
2021-06-14 09:29:20,6615.05,20175
2021-06-14 09:29:21,6615.05,20175
2021-06-14 09:29:22,6615.05,20175
2021-06-14 09:29:23,6610.0,20275
2021-06-14 09:29:24,6614.4,20285
2021-06-14 09:29:25,6614.4,20285
2021-06-14 09:29:26,6610.0,20434
2021-06-14 09:29:27,6610.0,20434
2021-06-14 09:29:28,6610.0,20437
2021-06-14 09:29:29,6610.0,20437
2021-06-14 09:29:30,6608.0,20455
2021-06-14 09:29:31,6608.0,20498
2021-06-14 09:29:32,6609.1,20551
2021-06-14 09:29:33,6604.1,20605
2021-06-14 09:29:34,6604.1,20605
2021-06-14 09:29:35,6606.35,20624
2021-06-14 09:29:36,6603.0,20676
2021-06-14 09:29:37,6602.4,20696
2021-06-14 09:29:38,6602.2,20699
2021-06-14 09:29:39,6605.45,20700
2021-06-14 09:29:40,6605.45,20700
2021-06-14 09:29:41,6605.45,20700
2021-06-14 09:29:42,6602.05,20710
2021-06-14 09:29:43,6602.05,20710
2021-06-14 09:29:44,6605.0,20713
2021-06-14 09:29:45,6602.15,20865
2021-06-14 09:29:46,6605.0,20867
2021-06-14 09:29:47,6605.0,20867
2021-06-14 09:29:48,6602.05,20886
2021-06-14 09:29:49,6602.05,20886
2021-06-14 09:29:51,6604.95,20910
2021-06-14 09:29:52,6603.6,20932
2021-06-14 09:29:53,6602.75,20982
2021-06-14 09:29:54,6604.95,20998
2021-06-14 09:29:55,6604.95,20998
2021-06-14 09:29:56,6602.9,21003
2021-06-14 09:29:57,6604.95,21005
2021-06-14 09:29:58,6604.95,21017
2021-06-14 09:29:59,6602.2,21027
2021-06-14 09:30:00,6603.05,21033
2021-06-14 09:30:01,6603.05,21033
2021-06-14 09:30:02,6603.05,21050
2021-06-14 09:30:03,6603.05,21050
2021-06-14 09:30:04,6603.0,21051
2021-06-14 09:30:05,6603.0,21056
2021-06-14 09:30:07,6602.0,21110
2021-06-14 09:30:08,6602.0,21114
2021-06-14 09:30:09,6603.0,21129
2021-06-14 09:30:10,6603.05,21132
2021-06-14 09:30:11,6603.05,21132
2021-06-14 09:30:11,6603.0,21133
2021-06-14 09:30:12,6603.0,21133
2021-06-14 09:30:13,6603.0,21133
2021-06-14 09:30:14,6602.95,21137
2021-06-14 09:30:15,6602.0,21261
2021-06-14 09:30:16,6603.0,21291
2021-06-14 09:30:17,6603.05,21356
2021-06-14 09:30:18,6603.05,21362
2021-06-14 09:30:19,6603.05,21372
2021-06-14 09:30:22,6603.0,21395
2021-06-14 09:30:23,6603.0,21395
2021-06-14 09:30:24,6603.05,21399
2021-06-14 09:30:25,6603.05,21399
2021-06-14 09:30:26,6603.05,21399
2021-06-14 09:30:27,6602.95,21402
2021-06-14 09:30:29,6603.05,21446
2021-06-14 09:30:29,6603.05,21446
2021-06-14 09:30:30,6603.05,21446
2021-06-14 09:30:31,6603.0,21450
2021-06-14 09:30:32,6603.0,21450
2021-06-14 09:30:33,6601.2,21464
2021-06-14 09:30:34,6603.0,21467
2021-06-14 09:30:36,6601.2,21471
2021-06-14 09:30:37,6604.8,21581
2021-06-14 09:30:38,6606.55,21586
2021-06-14 09:30:39,6606.55,21586
2021-06-14 09:30:39,6606.55,21586
2021-06-14 09:30:40,6605.85,21627
2021-06-14 09:30:41,6606.5,21629
2021-06-14 09:30:43,6604.1,21650
2021-06-14 09:30:44,6604.2,21655
2021-06-14 09:30:46,6604.2,21656
2021-06-14 09:30:46,6604.2,21656
2021-06-14 09:30:47,6605.5,21670
2021-06-14 09:30:48,6604.0,21676
2021-06-14 09:30:49,6604.0,21679
2021-06-14 09:30:51,6604.0,21679
2021-06-14 09:30:52,6604.0,21679
2021-06-14 09:30:54,6601.0,21692
2021-06-14 09:30:55,6605.5,21694
2021-06-14 09:30:56,6605.5,21694
2021-06-14 09:30:57,6605.5,21694
2021-06-14 09:30:58,6606.0,21698
2021-06-14 09:30:59,6605.95,21705
2021-06-14 09:31:00,6605.95,21705
2021-06-14 09:31:00,6605.95,21705
2021-06-14 09:31:01,6604.0,21706
2021-06-14 09:31:02,6604.0,21706
2021-06-14 09:31:03,6604.95,21727
2021-06-14 09:31:04,6604.95,21727
2021-06-14 09:31:05,6601.65,21774
2021-06-14 09:31:06,6605.4,21775
2021-06-14 09:31:07,6606.0,21815
2021-06-14 09:31:08,6603.0,21817
2021-06-14 09:31:09,6606.0,21821
2021-06-14 09:31:11,6606.0,21821
2021-06-14 09:31:12,6606.0,21825
2021-06-14 09:31:12,6604.2,21827
2021-06-14 09:31:14,6603.15,21893
2021-06-14 09:31:15,6603.15,21893
2021-06-14 09:31:15,6607.65,21925
2021-06-14 09:31:16,6603.45,21962
2021-06-14 09:31:17,6603.45,21962
2021-06-14 09:31:19,6603.4,21981
2021-06-14 09:31:20,6603.4,21981
2021-06-14 09:31:21,6603.4,21981
2021-06-14 09:31:22,6607.0,21986
2021-06-14 09:31:23,6604.2,21988
2021-06-14 09:31:24,6604.2,21988
2021-06-14 09:31:25,6603.7,21998
2021-06-14 09:31:25,6607.2,22000
2021-06-14 09:31:26,6607.2,22000
2021-06-14 09:31:27,6607.2,22000
2021-06-14 09:31:29,6604.0,22013
2021-06-14 09:31:30,6603.4,22033
2021-06-14 09:31:31,6603.6,22061
2021-06-14 09:31:32,6603.5,22067
2021-06-14 09:31:33,6601.2,22167
2021-06-14 09:31:34,6601.2,22167
2021-06-14 09:31:35,6601.2,22167
2021-06-14 09:31:36,6601.2,22167
2021-06-14 09:31:37,6604.15,22209
2021-06-14 09:31:38,6603.5,22213
2021-06-14 09:31:39,6603.5,22213
2021-06-14 09:31:40,6601.2,22224
2021-06-14 09:31:41,6602.05,22226
2021-06-14 09:31:42,6601.2,22236
2021-06-14 09:31:43,6601.2,22236
2021-06-14 09:31:44,6602.05,22269
2021-06-14 09:31:47,6600.6,22511
2021-06-14 09:31:48,6600.1,22516
2021-06-14 09:31:49,6599.0,23164
2021-06-14 09:31:51,6598.8,23169
2021-06-14 09:31:52,6598.55,23189
2021-06-14 09:31:53,6595.25,23204
2021-06-14 09:31:55,6595.25,23204
2021-06-14 09:31:56,6595.25,23204
2021-06-14 09:31:57,6595.25,23204
2021-06-14 09:31:58,6599.0,23318
2021-06-14 09:31:58,6593.1,23405
2021-06-14 09:31:59,6593.1,23405
2021-06-14 09:32:00,6593.2,23407
2021-06-14 09:32:01,6597.6,23409
2021-06-14 09:32:04,6597.6,23464
2021-06-14 09:32:05,6598.85,23474
2021-06-14 09:32:06,6597.0,23499
2021-06-14 09:32:07,6597.0,23499
2021-06-14 09:32:08,6594.65,23501
2021-06-14 09:32:09,6594.65,23501
2021-06-14 09:32:10,6594.65,23501
2021-06-14 09:32:11,6598.2,23503
2021-06-14 09:32:12,6598.2,23503
2021-06-14 09:32:13,6593.4,23505
2021-06-14 09:32:14,6595.25,23510
2021-06-14 09:32:15,6595.25,23510
2021-06-14 09:32:17,6593.25,23515
2021-06-14 09:32:18,6593.25,23522
2021-06-14 09:32:19,6593.25,23522
2021-06-14 09:32:20,6593.7,23581
2021-06-14 09:32:21,6596.0,23624
2021-06-14 09:32:21,6593.0,23626
2021-06-14 09:32:22,6593.0,23626
2021-06-14 09:32:24,6593.05,23796
2021-06-14 09:32:25,6592.9,23798
2021-06-14 09:32:26,6592.9,23798
2021-06-14 09:32:27,6592.9,23798
2021-06-14 09:32:28,6591.0,23800
2021-06-14 09:32:29,6590.0,23900
2021-06-14 09:32:32,6590.0,23944
2021-06-14 09:32:34,6586.0,24467
2021-06-14 09:32:35,6583.2,24484
2021-06-14 09:32:37,6587.3,24606
2021-06-14 09:32:38,6587.3,24619
2021-06-14 09:32:39,6589.65,24627
2021-06-14 09:32:40,6589.55,24639
2021-06-14 09:32:41,6589.55,24639
2021-06-14 09:32:42,6585.2,24669
2021-06-14 09:32:43,6583.2,24779
2021-06-14 09:32:44,6589.0,24782
2021-06-14 09:32:44,6589.0,24782
2021-06-14 09:32:50,6593.25,25237
2021-06-14 09:32:57,6592.2,25355
2021-06-14 09:33:03,6588.0,25394
2021-06-14 09:33:10,6585.0,25651
2021-06-14 09:33:16,6588.0,25719
2021-06-14 09:33:22,6591.0,25816
2021-06-14 09:33:28,6590.8,25896
2021-06-14 09:33:34,6587.0,26079
2021-06-14 09:33:41,6591.85,26084
2021-06-14 09:33:47,6590.05,26096
2021-06-14 09:34:05,6589.55,26584
2021-06-14 09:34:11,6589.75,26724
2021-06-14 09:34:17,6588.0,26836
2021-06-14 09:34:23,6589.7,26844
2021-06-14 09:34:29,6589.2,27075
2021-06-14 09:34:35,6591.25,27114
2021-06-14 09:34:41,6592.0,27159
2021-06-14 09:34:47,6590.85,27195
2021-06-14 09:34:53,6590.35,27370
2021-06-14 09:34:59,6585.55,28172
2021-06-14 09:35:05,6582.0,28193
2021-06-14 09:35:12,6580.85,28258
2021-06-14 09:35:24,6593.45,29105
2021-06-14 09:35:30,6590.05,30215
2021-06-14 09:35:36,6591.95,30228
2021-06-14 09:35:42,6592.2,30254
2021-06-14 09:35:48,6586.7,30374
2021-06-14 09:35:54,6598.2,30698
2021-06-14 09:36:00,6590.4,30818
2021-06-14 09:36:06,6589.8,30850
2021-06-14 09:36:12,6594.0,31126
2021-06-14 09:36:18,6602.55,31539
2021-06-14 09:36:25,6618.0,32022
2021-06-14 09:36:31,6612.5,32294
2021-06-14 09:36:43,6615.55,32307
2021-06-14 09:36:48,6617.85,32619
2021-06-14 09:36:54,6620.0,32651
2021-06-14 09:37:12,6626.2,33109
2021-06-14 09:37:18,6627.75,33188
2021-06-14 09:37:24,6628.0,33301
2021-06-14 09:37:30,6627.8,33345
2021-06-14 09:37:36,6621.85,33479
2021-06-14 09:37:42,6627.5,33490
2021-06-14 09:37:45,6627.5,33518
2021-06-14 09:37:46,6627.65,33522
2021-06-14 09:37:47,6627.65,33522
2021-06-14 09:37:48,6627.8,33551
2021-06-14 09:37:49,6629.0,33651
2021-06-14 09:37:50,6629.05,33678
2021-06-14 09:37:51,6629.05,33678
2021-06-14 09:37:52,6629.6,33725
2021-06-14 09:37:53,6629.6,33725
2021-06-14 09:37:54,6629.6,33725
2021-06-14 09:37:55,6629.6,33725
2021-06-14 09:37:56,6630.0,33777
2021-06-14 09:37:57,6630.0,33797
2021-06-14 09:37:58,6626.7,34109
2021-06-14 09:37:59,6629.0,34110
2021-06-14 09:38:02,6629.4,34114
2021-06-14 09:38:04,6626.4,34119
2021-06-14 09:38:05,6626.4,34119
2021-06-14 09:38:06,6626.4,34119
2021-06-14 09:38:07,6629.9,34121
2021-06-14 09:38:08,6626.95,34125
2021-06-14 09:38:09,6626.95,34125
2021-06-14 09:38:10,6627.0,34127
2021-06-14 09:38:11,6625.45,34135
2021-06-14 09:38:12,6625.7,34140
2021-06-14 09:38:13,6625.7,34140
2021-06-14 09:38:14,6625.7,34140
2021-06-14 09:38:15,6625.7,34140
2021-06-14 09:38:16,6629.4,34148
2021-06-14 09:38:17,6629.4,34148
2021-06-14 09:38:18,6625.0,34157
2021-06-14 09:38:21,6625.2,34173
2021-06-14 09:38:20,6625.0,34172
2021-06-14 09:38:24,6625.4,34258
2021-06-14 09:38:25,6625.4,34258
2021-06-14 09:38:26,6625.4,34258
2021-06-14 09:38:27,6625.95,34280
2021-06-14 09:38:28,6625.95,34280
2021-06-14 09:38:30,6625.8,34330
2021-06-14 09:38:31,6629.4,34361
2021-06-14 09:38:32,6626.05,34363
2021-06-14 09:38:32,6629.4,34361
2021-06-14 09:38:34,6626.05,34363
2021-06-14 09:38:35,6629.95,34364
2021-06-14 09:38:35,6629.95,34364
2021-06-14 09:38:38,6625.0,34402
2021-06-14 09:38:39,6622.25,34535
2021-06-14 09:38:40,6622.25,34535
2021-06-14 09:38:41,6620.0,34544
2021-06-14 09:38:41,6622.0,34540
2021-06-14 09:38:42,6620.0,34554
2021-06-14 09:38:43,6620.0,34554
2021-06-14 09:38:44,6620.0,34554
2021-06-14 09:38:45,6622.5,34556
2021-06-14 09:38:46,6622.5,34556
2021-06-14 09:38:47,6622.5,34556
2021-06-14 09:38:48,6620.0,34558
2021-06-14 09:38:49,6620.0,34558
2021-06-14 09:38:50,6620.0,34558
2021-06-14 09:38:51,6619.7,34583
2021-06-14 09:38:53,6619.7,34583
2021-06-14 09:38:55,6623.4,34585
2021-06-14 09:38:56,6623.4,34585
2021-06-14 09:38:56,6623.4,34585
2021-06-14 09:38:57,6623.4,34585
2021-06-14 09:38:58,6623.4,34585
2021-06-14 09:39:00,6624.95,34594
2021-06-14 09:39:01,6624.6,34597
2021-06-14 09:39:01,6624.6,34597
2021-06-14 09:39:03,6624.6,34597
2021-06-14 09:39:03,6624.6,34597
2021-06-14 09:39:04,6624.6,34597
2021-06-14 09:39:05,6624.95,34602
2021-06-14 09:39:06,6621.5,34617
2021-06-14 09:39:08,6621.5,34617
2021-06-14 09:39:09,6621.5,34617
2021-06-14 09:39:10,6624.55,34627
2021-06-14 09:39:11,6624.9,34631
2021-06-14 09:39:12,6620.1,34633
2021-06-14 09:39:13,6620.1,34633
2021-06-14 09:39:14,6620.1,34633
2021-06-14 09:39:15,6620.1,34633
2021-06-14 09:39:16,6620.1,34633
2021-06-14 09:39:16,6620.1,34633
2021-06-14 09:39:18,6622.05,34638
2021-06-14 09:39:19,6622.05,34638
2021-06-14 09:39:20,6622.05,34638
2021-06-14 09:39:21,6622.05,34642
2021-06-14 09:39:22,6620.0,34643
2021-06-14 09:39:23,6620.0,34643
2021-06-14 09:39:24,6620.0,34643
2021-06-14 09:39:25,6622.2,34644
2021-06-14 09:39:26,6622.2,34644
2021-06-14 09:39:27,6622.2,34644
2021-06-14 09:39:28,6624.25,34664
2021-06-14 09:39:29,6624.15,34665
2021-06-14 09:39:30,6620.0,34672
2021-06-14 09:39:31,6620.0,34672
2021-06-14 09:39:32,6620.0,34772
2021-06-14 09:39:33,6620.0,34772
2021-06-14 09:39:38,6620.0,34772
2021-06-14 09:39:39,6623.4,34773
2021-06-14 09:39:40,6623.4,34773
2021-06-14 09:39:41,6623.4,34779
2021-06-14 09:39:42,6620.2,34784
2021-06-14 09:39:43,6620.0,34791
2021-06-14 09:39:44,6622.05,34792
2021-06-14 09:39:45,6620.0,35187
2021-06-14 09:39:47,6616.4,35223
2021-06-14 09:39:48,6614.0,35225
2021-06-14 09:39:49,6616.45,35230
2021-06-14 09:39:49,6616.45,35230
2021-06-14 09:39:51,6615.5,35234
2021-06-14 09:39:53,6615.5,35234
2021-06-14 09:39:54,6616.8,35251
2021-06-14 09:39:54,6616.8,35251
2021-06-14 09:39:56,6616.0,35331
2021-06-14 09:39:57,6616.0,35331
2021-06-14 09:39:58,6611.65,35335
2021-06-14 09:39:59,6604.05,35603
2021-06-14 09:40:01,6609.7,35608
2021-06-14 09:40:02,6609.7,35609
2021-06-14 09:40:03,6609.7,35609
2021-06-14 09:40:04,6607.2,35614
2021-06-14 09:40:05,6607.25,35616
2021-06-14 09:40:08,6609.7,35619
2021-06-14 09:40:09,6609.7,35619
2021-06-14 09:40:12,6610.05,35669
2021-06-14 09:40:13,6609.0,35671
2021-06-14 09:40:13,6609.0,35671
2021-06-14 09:40:14,6609.0,35671
2021-06-14 09:40:15,6609.0,35671
2021-06-14 09:40:16,6609.0,35671
2021-06-14 09:40:17,6611.35,35681
2021-06-14 09:40:18,6609.4,35686
2021-06-14 09:40:19,6609.4,35686
2021-06-14 09:40:21,6609.4,35686
2021-06-14 09:40:22,6613.1,35786
2021-06-14 09:40:23,6615.15,35836
2021-06-14 09:40:24,6618.3,35906
2021-06-14 09:40:25,6614.5,35911
2021-06-14 09:40:26,6614.5,35911
2021-06-14 09:40:27,6614.5,35912
2021-06-14 09:40:28,6614.5,35917
2021-06-14 09:40:29,6614.5,35924
2021-06-14 09:40:30,6614.5,35930
2021-06-14 09:40:31,6614.5,35930
2021-06-14 09:40:32,6614.5,35930
2021-06-14 09:40:33,6614.5,35930
2021-06-14 09:40:34,6612.0,35944
2021-06-14 09:40:35,6612.0,35946
2021-06-14 09:40:37,6609.45,35952
2021-06-14 09:40:38,6612.05,35972
2021-06-14 09:40:39,6612.05,35972
2021-06-14 09:40:39,6612.05,35972
2021-06-14 09:40:40,6612.05,35972
2021-06-14 09:40:42,6610.25,36018
2021-06-14 09:40:42,6610.25,36018
2021-06-14 09:40:43,6610.25,36018
2021-06-14 09:40:45,6613.9,36033
2021-06-14 09:40:45,6613.9,36033
2021-06-14 09:40:46,6613.65,36044
2021-06-14 09:40:47,6613.65,36044
2021-06-14 09:40:48,6613.65,36044
2021-06-14 09:40:49,6613.65,36044
2021-06-14 09:40:50,6614.35,36048
2021-06-14 09:40:52,6613.65,36148
2021-06-14 09:40:52,6613.65,36148
2021-06-14 09:40:53,6613.65,36148
2021-06-14 09:40:55,6616.6,36158
2021-06-14 09:40:56,6615.6,36168
2021-06-14 09:40:57,6615.6,36168
2021-06-14 09:40:58,6615.6,36168
2021-06-14 09:40:59,6615.6,36168
2021-06-14 09:40:59,6615.6,36168
2021-06-14 09:41:00,6615.6,36168
2021-06-14 09:41:01,6621.85,36173
2021-06-14 09:41:02,6621.85,36173
2021-06-14 09:41:03,6621.85,36173
2021-06-14 09:41:04,6621.85,36173
2021-06-14 09:41:05,6618.6,36199
2021-06-14 09:41:06,6622.05,36301
2021-06-14 09:41:07,6622.05,36301
2021-06-14 09:41:09,6622.05,36301
2021-06-14 09:41:09,6622.05,36301
2021-06-14 09:41:11,6622.0,36306
2021-06-14 09:41:12,6622.0,36306
2021-06-14 09:41:13,6622.0,36306
2021-06-14 09:41:14,6622.0,36306
2021-06-14 09:41:14,6622.0,36306
2021-06-14 09:41:16,6621.2,36317
2021-06-14 09:41:17,6621.2,36317
2021-06-14 09:41:18,6619.85,36347
2021-06-14 09:41:19,6619.85,36420
2021-06-14 09:41:20,6619.85,36420
2021-06-14 09:41:21,6619.85,36420
2021-06-14 09:41:21,6619.85,36420
2021-06-14 09:41:23,6622.05,36424
2021-06-14 09:41:23,6622.05,36424
2021-06-14 09:41:24,6617.7,36428
2021-06-14 09:41:25,6617.7,36428
2021-06-14 09:41:27,6617.7,36428
2021-06-14 09:41:28,6617.7,36428
2021-06-14 09:41:29,6617.7,36428
2021-06-14 09:41:30,6617.45,36446
2021-06-14 09:41:31,6619.0,36466
2021-06-14 09:41:32,6619.0,36466
2021-06-14 09:41:33,6619.0,36466
2021-06-14 09:41:35,6619.0,36466
2021-06-14 09:41:36,6619.0,36466
2021-06-14 09:41:38,6622.05,36481
2021-06-14 09:41:39,6623.4,36501
2021-06-14 09:41:40,6623.4,36501
2021-06-14 09:41:40,6625.0,36505
2021-06-14 09:41:42,6625.8,36632
2021-06-14 09:41:43,6626.4,36647
2021-06-14 09:41:44,6624.6,36649
2021-06-14 09:41:45,6624.6,36649
2021-06-14 09:41:46,6624.0,36651
2021-06-14 09:41:47,6624.0,36651
2021-06-14 09:41:48,6624.0,36656
2021-06-14 09:41:49,6624.6,36661
2021-06-14 09:41:50,6628.8,36679
2021-06-14 09:41:51,6628.8,36684
2021-06-14 09:41:52,6628.8,36684
2021-06-14 09:41:53,6628.85,36746
2021-06-14 09:41:54,6628.15,36777
2021-06-14 09:41:55,6628.15,36777
2021-06-14 09:41:56,6628.15,36777
2021-06-14 09:41:57,6628.15,36777
2021-06-14 09:41:58,6628.15,36777
2021-06-14 09:42:00,6628.15,36777
2021-06-14 09:42:00,6627.7,36780
2021-06-14 09:42:02,6627.7,36780
2021-06-14 09:42:03,6627.7,36780
2021-06-14 09:42:04,6627.45,36781
2021-06-14 09:42:05,6627.45,36781
2021-06-14 09:42:06,6627.45,36781
2021-06-14 09:42:07,6627.45,36781
2021-06-14 09:42:08,6629.0,36796
2021-06-14 09:42:09,6627.65,36797
2021-06-14 09:42:10,6629.95,36803
2021-06-14 09:42:11,6626.75,36836
2021-06-14 09:42:12,6626.75,36836
2021-06-14 09:42:13,6626.75,36836
2021-06-14 09:42:14,6630.0,36852
2021-06-14 09:42:15,6626.7,36853
2021-06-14 09:42:15,6626.7,36853
2021-06-14 09:42:17,6630.0,37030
2021-06-14 09:42:18,6630.0,37030
2021-06-14 09:42:19,6630.0,37030
2021-06-14 09:42:20,6631.1,37172
2021-06-14 09:42:21,6632.0,37176
2021-06-14 09:42:22,6630.0,37277
2021-06-14 09:42:23,6631.8,37484
2021-06-14 09:42:23,6631.8,37484
2021-06-14 09:42:24,6631.8,37484
2021-06-14 09:42:25,6628.3,37494
2021-06-14 09:42:26,6631.2,37510
2021-06-14 09:42:27,6631.2,37510
2021-06-14 09:42:28,6631.2,37510
2021-06-14 09:42:29,6631.2,37510
2021-06-14 09:42:30,6631.8,37545
2021-06-14 09:42:31,6631.8,37590
2021-06-14 09:42:32,6631.8,37590
2021-06-14 09:42:34,6631.0,37591
2021-06-14 09:42:35,6631.0,37591
2021-06-14 09:42:36,6631.0,37591
2021-06-14 09:42:37,6631.0,37591
2021-06-14 09:42:38,6631.0,37591
2021-06-14 09:42:39,6631.0,37591
2021-06-14 09:42:40,6631.0,37591
2021-06-14 09:42:41,6630.6,37595
2021-06-14 09:42:41,6630.6,37595
2021-06-14 09:42:42,6630.6,37595
2021-06-14 09:42:43,6630.6,37596
2021-06-14 09:42:45,6630.6,37596
2021-06-14 09:42:45,6630.6,37596
2021-06-14 09:42:47,6630.6,37599
2021-06-14 09:42:48,6630.6,37599
2021-06-14 09:42:49,6630.6,37599
2021-06-14 09:42:50,6630.6,37599
2021-06-14 09:42:51,6631.0,37603
2021-06-14 09:42:52,6631.0,37603
2021-06-14 09:42:53,6624.8,37768
2021-06-14 09:42:53,6624.8,37768
2021-06-14 09:42:54,6624.8,37768
2021-06-14 09:42:55,6624.8,37768
2021-06-14 09:42:57,6631.0,37859
2021-06-14 09:42:58,6628.4,37860
2021-06-14 09:42:59,6628.4,37860
2021-06-14 09:43:00,6628.5,37862
2021-06-14 09:43:02,6632.0,37866
2021-06-14 09:43:04,6631.95,37869
2021-06-14 09:43:05,6631.95,37869
2021-06-14 09:43:06,6624.6,37986
2021-06-14 09:43:06,6624.85,37987
2021-06-14 09:43:07,6625.0,38294
2021-06-14 09:43:09,6625.0,38294
2021-06-14 09:43:11,6626.95,38298
2021-06-14 09:43:12,6626.95,38298
2021-06-14 09:43:13,6626.95,38298
2021-06-14 09:43:14,6626.95,38298
2021-06-14 09:43:15,6625.5,38299
2021-06-14 09:43:16,6625.5,38299
2021-06-14 09:43:16,6625.5,38299
2021-06-14 09:43:18,6626.5,38300
2021-06-14 09:43:19,6626.5,38300
2021-06-14 09:43:20,6626.5,38300
2021-06-14 09:43:20,6626.5,38414
2021-06-14 09:43:21,6632.0,38416
2021-06-14 09:43:23,6631.9,38441
2021-06-14 09:43:24,6631.9,38441
2021-06-14 09:43:25,6631.9,38441
2021-06-14 09:43:26,6631.9,38441
2021-06-14 09:43:27,6631.9,38441
2021-06-14 09:43:28,6631.9,38441
2021-06-14 09:43:29,6631.9,38441
2021-06-14 09:43:30,6628.9,38454
2021-06-14 09:43:31,6628.9,38454
2021-06-14 09:43:32,6632.0,38457
2021-06-14 09:43:33,6632.65,38458
2021-06-14 09:43:34,6632.65,38473
2021-06-14 09:43:35,6632.65,38473
2021-06-14 09:43:38,6632.65,38473
2021-06-14 09:43:40,6633.7,38483
2021-06-14 09:43:41,6633.7,38483
2021-06-14 09:43:42,6633.65,38487
2021-06-14 09:43:44,6633.0,38492
2021-06-14 09:43:45,6633.0,38492
2021-06-14 09:43:46,6633.0,38492
2021-06-14 09:43:47,6633.0,38497
2021-06-14 09:43:47,6633.0,38497
2021-06-14 09:43:49,6633.0,38497
2021-06-14 09:43:50,6633.0,38502
2021-06-14 09:43:51,6635.2,38844
2021-06-14 09:43:52,6636.35,38885
2021-06-14 09:43:53,6636.3,38886
2021-06-14 09:43:54,6636.3,38886
2021-06-14 09:43:55,6636.3,38903
2021-06-14 09:43:56,6636.3,38903
2021-06-14 09:43:57,6636.35,39206
2021-06-14 09:43:58,6636.35,39206
2021-06-14 09:43:59,6636.35,39206
2021-06-14 09:44:00,6636.6,39215
2021-06-14 09:44:01,6636.6,39218
2021-06-14 09:44:02,6636.0,39219
2021-06-14 09:44:03,6636.0,39219
2021-06-14 09:44:05,6634.5,39249
2021-06-14 09:44:04,6634.5,39249
2021-06-14 09:44:06,6632.15,39256
2021-06-14 09:44:07,6632.15,39256
2021-06-14 09:44:08,6632.15,39256
2021-06-14 09:44:09,6634.45,39259
2021-06-14 09:44:10,6633.8,39263
2021-06-14 09:44:11,6633.8,39263
2021-06-14 09:44:12,6633.8,39264
2021-06-14 09:44:12,6633.8,39264
2021-06-14 09:44:14,6633.8,39264
2021-06-14 09:44:15,6636.5,39385
2021-06-14 09:44:16,6636.5,39385
2021-06-14 09:44:17,6635.75,39386
2021-06-14 09:44:18,6634.1,39392
2021-06-14 09:44:19,6633.8,39395
2021-06-14 09:44:20,6633.8,39395
2021-06-14 09:44:21,6636.5,39411
2021-06-14 09:44:22,6636.5,39411
2021-06-14 09:44:25,6636.5,39411
2021-06-14 09:44:26,6636.5,39411
2021-06-14 09:44:27,6636.5,39411
2021-06-14 09:44:28,6636.4,39412
2021-06-14 09:44:29,6633.05,39414
2021-06-14 09:44:30,6633.05,39414
2021-06-14 09:44:31,6636.15,39420
2021-06-14 09:44:32,6636.15,39420
2021-06-14 09:44:33,6636.15,39420
2021-06-14 09:44:34,6636.0,39450
2021-06-14 09:44:35,6636.0,39450
2021-06-14 09:44:36,6636.0,39450
2021-06-14 09:44:37,6636.0,39450
2021-06-14 09:44:38,6636.0,39450
2021-06-14 09:44:39,6636.5,39650
2021-06-14 09:44:40,6632.1,39660
2021-06-14 09:44:41,6637.15,39714
2021-06-14 09:44:42,6637.15,39714
2021-06-14 09:44:43,6637.15,39714
2021-06-14 09:44:44,6635.95,39747
2021-06-14 09:44:45,6635.95,39747
2021-06-14 09:44:46,6635.95,39747
2021-06-14 09:44:47,6635.85,39752
2021-06-14 09:44:48,6636.45,39874
2021-06-14 09:44:49,6639.65,39880
2021-06-14 09:44:50,6637.0,39915
2021-06-14 09:44:51,6637.0,39919
2021-06-14 09:44:52,6636.45,39921
2021-06-14 09:44:53,6636.45,39932
2021-06-14 09:44:53,6636.45,39932
2021-06-14 09:44:55,6636.45,39932
2021-06-14 09:44:57,6631.65,40037
2021-06-14 09:44:58,6631.65,40037
2021-06-14 09:44:59,6631.65,40037
2021-06-14 09:45:00,6633.0,40040
2021-06-14 09:45:04,6634.9,40059
2021-06-14 09:45:05,6634.9,40059
2021-06-14 09:45:06,6634.9,40059
2021-06-14 09:45:08,6634.6,40074
2021-06-14 09:45:08,6634.6,40074
2021-06-14 09:45:09,6634.6,40074
2021-06-14 09:45:10,6631.4,40124
2021-06-14 09:45:11,6631.4,40124
2021-06-14 09:45:12,6631.4,40124
2021-06-14 09:45:13,6631.4,40124
2021-06-14 09:45:15,6634.8,40179
2021-06-14 09:45:16,6631.25,40182
2021-06-14 09:45:17,6631.25,40182
2021-06-14 09:45:18,6631.25,40182
2021-06-14 09:45:19,6631.25,40182
2021-06-14 09:45:20,6631.25,40182
2021-06-14 09:45:21,6630.0,40206
2021-06-14 09:45:23,6630.0,40231
2021-06-14 09:45:24,6630.0,40231
2021-06-14 09:45:25,6630.0,40231
2021-06-14 09:45:26,6630.0,40231
2021-06-14 09:45:27,6630.0,40233
2021-06-14 09:45:28,6630.0,40233
2021-06-14 09:45:29,6630.0,40233
2021-06-14 09:45:30,6630.1,40242
2021-06-14 09:45:31,6630.1,40242
2021-06-14 09:45:32,6632.9,40244
2021-06-14 09:45:33,6632.9,40244
2021-06-14 09:45:34,6632.9,40244
2021-06-14 09:45:35,6630.1,40247
2021-06-14 09:45:36,6630.0,40248
2021-06-14 09:45:40,6626.45,40619
2021-06-14 09:45:41,6620.0,40875
2021-06-14 09:45:42,6618.0,40920
2021-06-14 09:45:43,6618.05,40954
2021-06-14 09:45:44,6618.05,40954
2021-06-14 09:45:45,6624.6,41054
2021-06-14 09:45:46,6624.6,41054
2021-06-14 09:45:47,6624.6,41054
2021-06-14 09:45:48,6618.2,41065
2021-06-14 09:45:49,6621.35,41067
2021-06-14 09:45:50,6621.65,41075
2021-06-14 09:45:51,6621.65,41075
2021-06-14 09:45:52,6621.65,41075
2021-06-14 09:45:53,6621.65,41075
2021-06-14 09:45:54,6622.95,41113
2021-06-14 09:45:56,6622.95,41113
2021-06-14 09:45:57,6622.95,41113
2021-06-14 09:45:58,6622.95,41113
2021-06-14 09:45:59,6622.95,41113
2021-06-14 09:46:01,6621.0,41116
2021-06-14 09:46:02,6621.0,41116
2021-06-14 09:46:03,6621.0,41116
2021-06-14 09:46:04,6621.0,41116
2021-06-14 09:46:05,6618.45,41126
2021-06-14 09:46:06,6620.0,41226
2021-06-14 09:46:07,6621.0,41228
2021-06-14 09:46:07,6621.0,41228
2021-06-14 09:46:08,6621.65,41243
2021-06-14 09:46:09,6621.8,41270
2021-06-14 09:46:11,6628.0,41275
2021-06-14 09:46:12,6627.95,41279
2021-06-14 09:46:13,6627.95,41279
2021-06-14 09:46:14,6627.95,41279
2021-06-14 09:46:14,6627.95,41279
2021-06-14 09:46:15,6627.95,41279
2021-06-14 09:46:16,6625.0,41311
2021-06-14 09:46:18,6625.2,41313
2021-06-14 09:46:19,6625.2,41313
2021-06-14 09:46:20,6627.6,41317
2021-06-14 09:46:21,6627.6,41317
2021-06-14 09:46:22,6627.6,41317
2021-06-14 09:46:23,6627.6,41317
2021-06-14 09:46:24,6627.6,41317
2021-06-14 09:46:24,6627.6,41317
2021-06-14 09:46:26,6627.6,41317
2021-06-14 09:46:27,6626.95,41417
2021-06-14 09:46:28,6621.8,41418
2021-06-14 09:46:29,6621.8,41418
2021-06-14 09:46:31,6626.4,41421
2021-06-14 09:46:32,6626.4,41421
2021-06-14 09:46:34,6626.4,41421
2021-06-14 09:46:35,6626.4,41421
2021-06-14 09:46:36,6626.4,41421
2021-06-14 09:46:37,6626.4,41421
2021-06-14 09:46:38,6626.4,41424
2021-06-14 09:46:38,6626.4,41424
2021-06-14 09:46:42,6623.4,41431
2021-06-14 09:46:43,6623.4,41431
2021-06-14 09:46:44,6623.4,41431
2021-06-14 09:46:45,6623.4,41431
2021-06-14 09:46:46,6623.4,41431
2021-06-14 09:46:47,6623.4,41431
2021-06-14 09:46:48,6623.4,41431
2021-06-14 09:46:48,6623.4,41431
2021-06-14 09:46:51,6625.8,41438
2021-06-14 09:46:51,6625.8,41438
2021-06-14 09:46:54,6625.8,41438
2021-06-14 09:46:55,6625.8,41438
2021-06-14 09:46:56,6625.8,41438
2021-06-14 09:46:58,6625.8,41438
2021-06-14 09:46:57,6625.8,41438
2021-06-14 09:46:59,6625.8,41438
2021-06-14 09:47:00,6625.8,41438
2021-06-14 09:47:01,6625.0,41441
2021-06-14 09:47:02,6625.0,41441
2021-06-14 09:47:04,6625.0,41441
2021-06-14 09:47:05,6625.0,41441
2021-06-14 09:47:06,6621.5,41442
2021-06-14 09:47:07,6621.5,41447
2021-06-14 09:47:08,6621.5,41447
2021-06-14 09:47:09,6621.5,41447
2021-06-14 09:47:10,6621.5,41447
2021-06-14 09:47:12,6623.55,41461
2021-06-14 09:47:14,6623.25,41463
2021-06-14 09:47:15,6623.25,41463
2021-06-14 09:47:16,6621.0,41477
2021-06-14 09:47:17,6621.6,41478
2021-06-14 09:47:18,6621.6,41478
2021-06-14 09:47:19,6621.6,41478
2021-06-14 09:47:20,6621.75,41492
2021-06-14 09:47:21,6621.75,41492
2021-06-14 09:47:22,6620.0,41638
2021-06-14 09:47:23,6617.55,41746
2021-06-14 09:47:24,6617.55,41746
2021-06-14 09:47:25,6617.55,41746
2021-06-14 09:47:26,6617.55,41746
2021-06-14 09:47:27,6617.55,41746
2021-06-14 09:47:28,6617.55,41746
2021-06-14 09:47:29,6617.55,41746
2021-06-14 09:47:30,6617.0,41749
2021-06-14 09:47:31,6617.0,41749
2021-06-14 09:47:32,6617.0,41749
2021-06-14 09:47:33,6617.4,41759
2021-06-14 09:47:34,6617.4,41759
2021-06-14 09:47:35,6617.5,41779
2021-06-14 09:47:36,6617.5,41779
2021-06-14 09:47:37,6617.5,41779
2021-06-14 09:47:38,6617.5,41779
2021-06-14 09:47:39,6617.5,41779
2021-06-14 09:47:40,6615.0,41827
2021-06-14 09:47:41,6616.5,42937
2021-06-14 09:47:42,6618.0,42987
2021-06-14 09:47:43,6617.55,43012
2021-06-14 09:47:44,6617.55,43012
2021-06-14 09:47:45,6617.55,43012
2021-06-14 09:47:46,6617.55,43012
2021-06-14 09:47:47,6617.55,43012
2021-06-14 09:47:48,6619.15,43013
2021-06-14 09:47:49,6619.15,43013
2021-06-14 09:47:50,6620.0,43017
2021-06-14 09:47:51,6620.0,43017
2021-06-14 09:47:53,6620.0,43017
2021-06-14 09:47:54,6617.55,43018
2021-06-14 09:47:55,6617.55,43018
2021-06-14 09:47:56,6620.95,43069
2021-06-14 09:47:57,6620.95,43069
2021-06-14 09:47:58,6620.0,43094
2021-06-14 09:47:59,6620.2,43095
2021-06-14 09:48:00,6620.85,43168
2021-06-14 09:48:01,6620.85,43168
2021-06-14 09:48:02,6620.85,43168
2021-06-14 09:48:03,6622.0,43203
2021-06-14 09:48:04,6622.0,43203
2021-06-14 09:48:05,6622.0,43203
2021-06-14 09:48:07,6624.0,43208
2021-06-14 09:48:06,6624.0,43208
2021-06-14 09:48:08,6624.0,43208
2021-06-14 09:48:09,6624.0,43208
2021-06-14 09:48:10,6624.0,43212
2021-06-14 09:48:11,6621.6,43213
2021-06-14 09:48:12,6621.6,43213
2021-06-14 09:48:15,6621.6,43213
2021-06-14 09:48:16,6617.7,43227
2021-06-14 09:48:17,6622.15,43228
2021-06-14 09:48:18,6622.15,43228
2021-06-14 09:48:19,6622.15,43238
2021-06-14 09:48:20,6622.15,43238
2021-06-14 09:48:21,6623.65,43249
2021-06-14 09:48:22,6623.65,43249
2021-06-14 09:48:23,6618.15,43287
2021-06-14 09:48:24,6618.15,43287
2021-06-14 09:48:25,6618.15,43287
2021-06-14 09:48:26,6618.2,43289
2021-06-14 09:48:27,6618.2,43289
2021-06-14 09:48:30,6618.2,43289
2021-06-14 09:48:31,6618.35,43294
2021-06-14 09:48:32,6618.35,43294
2021-06-14 09:48:33,6622.15,43295
2021-06-14 09:48:34,6622.15,43296
2021-06-14 09:48:35,6622.15,43297
2021-06-14 09:48:36,6622.15,43297
2021-06-14 09:48:37,6622.15,43297
2021-06-14 09:48:38,6619.0,43304
2021-06-14 09:48:39,6619.0,43304
2021-06-14 09:48:40,6621.95,43308
2021-06-14 09:48:41,6621.95,43308
2021-06-14 09:48:42,6621.95,43308
2021-06-14 09:48:43,6621.95,43308
2021-06-14 09:48:44,6621.95,43308
2021-06-14 09:48:45,6621.95,43308
2021-06-14 09:48:46,6618.5,43323
2021-06-14 09:48:47,6617.0,43352
2021-06-14 09:48:48,6617.0,43352
2021-06-14 09:48:49,6617.2,43365
2021-06-14 09:48:50,6618.0,43366
2021-06-14 09:48:51,6615.0,43387
2021-06-14 09:48:52,6615.0,43387
2021-06-14 09:48:53,6615.0,43387
2021-06-14 09:48:54,6615.0,43387
2021-06-14 09:48:55,6615.0,43387
2021-06-14 09:48:56,6615.0,43403
2021-06-14 09:48:57,6615.0,43403
2021-06-14 09:48:58,6615.0,43407
2021-06-14 09:48:59,6615.0,43407
2021-06-14 09:49:00,6617.4,43410
2021-06-14 09:49:01,6617.4,43410
2021-06-14 09:49:02,6617.4,43410
2021-06-14 09:49:03,6617.8,43411
2021-06-14 09:49:04,6617.8,43411
2021-06-14 09:49:05,6617.8,43411
2021-06-14 09:49:06,6617.8,43411
2021-06-14 09:49:07,6617.8,43411
2021-06-14 09:49:08,6615.0,43416
2021-06-14 09:49:09,6615.0,43416
2021-06-14 09:49:11,6615.0,43416
2021-06-14 09:49:11,6615.0,43416
2021-06-14 09:49:12,6615.0,43416
2021-06-14 09:49:13,6615.0,43416
2021-06-14 09:49:14,6615.0,43416
2021-06-14 09:49:15,6615.0,43416
2021-06-14 09:49:16,6615.0,43424
2021-06-14 09:49:18,6615.0,43553
2021-06-14 09:49:21,6617.4,43568
2021-06-14 09:49:21,6617.4,43568
2021-06-14 09:49:22,6613.0,43593
2021-06-14 09:49:23,6613.5,43595
2021-06-14 09:49:24,6613.5,43595
2021-06-14 09:49:25,6613.5,43595
2021-06-14 09:49:26,6606.45,43605
2021-06-14 09:49:29,6606.45,43605
2021-06-14 09:49:31,6612.95,43608
2021-06-14 09:49:32,6612.95,43609
2021-06-14 09:49:33,6612.95,43609
2021-06-14 09:49:34,6612.95,43609
2021-06-14 09:49:34,6612.95,43609
2021-06-14 09:49:35,6612.6,43774
2021-06-14 09:49:36,6612.6,43774
2021-06-14 09:49:38,6612.6,43774
2021-06-14 09:49:39,6612.6,43774
2021-06-14 09:49:41,6609.0,43787
2021-06-14 09:49:42,6610.0,43789
2021-06-14 09:49:43,6609.4,43794
2021-06-14 09:49:44,6609.4,43844
2021-06-14 09:49:46,6609.3,43853
2021-06-14 09:49:46,6608.0,43852
2021-06-14 09:49:47,6608.0,43867
2021-06-14 09:49:48,6608.0,43867
2021-06-14 09:49:49,6610.45,44015
2021-06-14 09:49:51,6612.0,44115
2021-06-14 09:49:52,6612.0,44115
2021-06-14 09:49:53,6615.6,44129
2021-06-14 09:49:54,6606.45,44529
2021-06-14 09:49:55,6606.0,44571
2021-06-14 09:49:56,6606.0,44571
2021-06-14 09:49:57,6606.0,44571
2021-06-14 09:49:58,6606.0,44571
2021-06-14 09:49:59,6606.0,44571
2021-06-14 09:50:00,6606.0,44571
2021-06-14 09:50:01,6609.0,44574
2021-06-14 09:50:02,6606.0,44575
2021-06-14 09:50:03,6606.0,44575
2021-06-14 09:50:04,6606.8,44600
2021-06-14 09:50:05,6612.35,44601
2021-06-14 09:50:06,6612.35,44601
2021-06-14 09:50:07,6613.35,44607
2021-06-14 09:50:08,6613.35,44607
2021-06-14 09:50:11,6614.85,44631
2021-06-14 09:50:13,6614.85,44631
2021-06-14 09:50:13,6614.85,44631
2021-06-14 09:50:14,6614.85,44631
2021-06-14 09:50:15,6614.85,44631
2021-06-14 09:50:16,6614.85,44631
2021-06-14 09:50:17,6614.85,44631
2021-06-14 09:50:18,6614.85,44631
2021-06-14 09:50:19,6614.85,44631
2021-06-14 09:50:20,6616.0,44641
2021-06-14 09:50:21,6615.7,44673
2021-06-14 09:50:22,6614.85,44683
2021-06-14 09:50:24,6616.1,44731
2021-06-14 09:50:24,6616.1,44731
2021-06-14 09:50:25,6618.05,44741
2021-06-14 09:50:27,6618.05,44741
2021-06-14 09:50:28,6618.05,44741
2021-06-14 09:50:28,6613.75,44756
2021-06-14 09:50:29,6615.0,44777
2021-06-14 09:50:30,6612.55,44784
2021-06-14 09:50:31,6614.85,44785
2021-06-14 09:50:32,6617.2,44824
2021-06-14 09:50:34,6617.2,44824
2021-06-14 09:50:36,6613.8,44834
2021-06-14 09:50:37,6613.8,44834
2021-06-14 09:50:38,6613.8,44834
2021-06-14 09:50:39,6613.8,44834
2021-06-14 09:50:40,6613.8,44834
2021-06-14 09:50:40,6616.2,44838
2021-06-14 09:50:42,6616.2,44838
2021-06-14 09:50:43,6616.2,44838
2021-06-14 09:50:44,6616.2,44838
2021-06-14 09:50:45,6616.2,44838
2021-06-14 09:50:45,6613.8,44839
2021-06-14 09:50:47,6617.7,44849
2021-06-14 09:50:47,6617.7,44849
2021-06-14 09:50:48,6614.05,44857
2021-06-14 09:50:49,6614.05,44857
2021-06-14 09:50:50,6614.05,44857
2021-06-14 09:50:51,6613.8,44866
2021-06-14 09:50:52,6613.8,44866
2021-06-14 09:50:53,6613.05,44885
2021-06-14 09:50:54,6615.75,44887
2021-06-14 09:50:56,6612.45,44902
2021-06-14 09:50:58,6612.4,44928
2021-06-14 09:50:59,6612.4,44928
2021-06-14 09:51:00,6612.4,44931
2021-06-14 09:51:02,6611.45,44938
2021-06-14 09:51:02,6611.45,44938
2021-06-14 09:51:03,6611.45,44938
2021-06-14 09:51:04,6611.45,44938
2021-06-14 09:51:05,6611.45,44938
2021-06-14 09:51:06,6613.8,44939
2021-06-14 09:51:07,6613.8,44940
2021-06-14 09:51:08,6617.2,45040
2021-06-14 09:51:09,6617.2,45040
2021-06-14 09:51:10,6617.2,45040
2021-06-14 09:51:11,6617.2,45040
2021-06-14 09:51:12,6617.2,45040
2021-06-14 09:51:13,6617.2,45040
2021-06-14 09:51:15,6617.2,45040
2021-06-14 09:51:15,6617.2,45040
2021-06-14 09:51:16,6617.2,45040
2021-06-14 09:51:18,6612.0,45048
2021-06-14 09:51:19,6612.0,45048
2021-06-14 09:51:20,6612.0,45048
2021-06-14 09:51:21,6612.0,45048
2021-06-14 09:51:22,6612.0,45048
2021-06-14 09:51:23,6616.8,45052
2021-06-14 09:51:25,6615.05,45065
2021-06-14 09:51:26,6615.05,45065
2021-06-14 09:51:27,6615.05,45065
2021-06-14 09:51:28,6615.05,45065
2021-06-14 09:51:28,6615.05,45065
2021-06-14 09:51:29,6615.05,45065
2021-06-14 09:51:31,6616.15,45070
2021-06-14 09:51:31,6616.15,45070
2021-06-14 09:51:32,6611.75,45081
2021-06-14 09:51:36,6611.75,45081
2021-06-14 09:51:37,6611.75,45081
2021-06-14 09:51:38,6611.75,45081
2021-06-14 09:51:40,6611.75,45081
2021-06-14 09:51:41,6615.7,45087
2021-06-14 09:51:41,6615.7,45087
2021-06-14 09:51:42,6616.0,45117
2021-06-14 09:51:44,6616.0,45117
2021-06-14 09:51:45,6616.0,45117
2021-06-14 09:51:46,6616.0,45117
2021-06-14 09:51:47,6616.0,45117
2021-06-14 09:51:48,6616.0,45117
2021-06-14 09:51:48,6616.0,45117
2021-06-14 09:51:52,6620.0,45122
2021-06-14 09:51:53,6620.0,45122
2021-06-14 09:51:54,6620.0,45122
2021-06-14 09:51:56,6620.0,45122
2021-06-14 09:51:57,6620.0,45122
2021-06-14 09:51:58,6620.0,45125
2021-06-14 09:51:59,6620.0,45125
2021-06-14 09:52:00,6620.0,45125
2021-06-14 09:52:01,6620.0,45128
2021-06-14 09:52:02,6620.0,45128
2021-06-14 09:52:04,6620.0,45128
2021-06-14 09:52:05,6620.0,45128
2021-06-14 09:52:06,6620.0,45153
2021-06-14 09:52:07,6620.0,45153
2021-06-14 09:52:07,6620.0,45153
2021-06-14 09:52:08,6620.0,45153
2021-06-14 09:52:09,6622.1,45154
2021-06-14 09:52:10,6622.1,45154
2021-06-14 09:52:11,6622.1,45158
2021-06-14 09:52:12,6622.1,45158
2021-06-14 09:52:13,6622.95,45166
2021-06-14 09:52:14,6622.7,45169
2021-06-14 09:52:15,6622.7,45169
2021-06-14 09:52:16,6623.8,45173
2021-06-14 09:52:17,6623.8,45173
2021-06-14 09:52:18,6623.8,45176
2021-06-14 09:52:19,6623.8,45176
2021-06-14 09:52:20,6623.8,45183
2021-06-14 09:52:21,6623.8,45183
2021-06-14 09:52:22,6623.8,45183
2021-06-14 09:52:23,6623.0,45186
2021-06-14 09:52:24,6623.0,45186
2021-06-14 09:52:25,6623.8,45188
2021-06-14 09:52:27,6623.8,45188
2021-06-14 09:52:28,6623.8,45189
2021-06-14 09:52:30,6623.8,45197
2021-06-14 09:52:31,6623.8,45200
2021-06-14 09:52:32,6623.8,45200
2021-06-14 09:52:33,6623.8,45200
2021-06-14 09:52:33,6623.8,45202
2021-06-14 09:52:34,6623.8,45202
2021-06-14 09:52:36,6623.8,45202
2021-06-14 09:52:37,6623.8,45212
2021-06-14 09:52:37,6623.8,45212
2021-06-14 09:52:40,6624.0,45254
2021-06-14 09:52:42,6624.8,45255
2021-06-14 09:52:43,6624.8,45255
2021-06-14 09:52:44,6625.0,45572
2021-06-14 09:52:45,6625.0,45572
2021-06-14 09:52:46,6625.0,45672
2021-06-14 09:52:47,6625.0,45672
2021-06-14 09:52:49,6625.0,45672
2021-06-14 09:52:50,6625.0,45672
2021-06-14 09:52:51,6621.75,45772
2021-06-14 09:52:52,6621.75,45772
2021-06-14 09:52:52,6621.75,45772
2021-06-14 09:52:53,6621.75,45772
2021-06-14 09:52:54,6621.75,45772
2021-06-14 09:52:55,6621.75,45772
2021-06-14 09:52:57,6627.4,45773
2021-06-14 09:52:58,6627.4,45773
2021-06-14 09:53:00,6625.0,45774
2021-06-14 09:53:01,6625.0,45777
2021-06-14 09:53:02,6624.0,45778
2021-06-14 09:53:03,6625.0,45809
2021-06-14 09:53:04,6625.0,45809
2021-06-14 09:53:05,6621.9,45829
2021-06-14 09:53:06,6621.9,45829
2021-06-14 09:53:08,6621.9,45830
2021-06-14 09:53:08,6621.9,45830
2021-06-14 09:53:10,6621.9,45830
2021-06-14 09:53:11,6625.0,45834
2021-06-14 09:53:13,6625.0,45834
2021-06-14 09:53:14,6625.0,45834
2021-06-14 09:53:15,6625.0,45834
2021-06-14 09:53:17,6625.0,45834
2021-06-14 09:53:17,6625.0,45834
2021-06-14 09:53:18,6623.2,45839
2021-06-14 09:53:19,6623.2,45839
2021-06-14 09:53:21,6625.0,45843
2021-06-14 09:53:22,6622.75,45850
2021-06-14 09:53:24,6624.0,45877
2021-06-14 09:53:25,6624.0,45877
2021-06-14 09:53:27,6624.0,45877
2021-06-14 09:53:28,6625.0,45879
2021-06-14 09:53:29,6625.0,45879
2021-06-14 09:53:30,6625.0,45882
2021-06-14 09:53:32,6625.0,45902
2021-06-14 09:53:33,6625.0,45902
2021-06-14 09:53:34,6625.0,45907
2021-06-14 09:53:35,6625.0,45922
2021-06-14 09:53:35,6625.0,45922
2021-06-14 09:53:36,6625.0,45922
2021-06-14 09:53:38,6624.0,45927
2021-06-14 09:53:39,6624.0,45927
2021-06-14 09:53:40,6624.0,45927
2021-06-14 09:53:41,6630.0,46020
2021-06-14 09:53:41,6625.0,45980
2021-06-14 09:53:42,6630.0,46020
2021-06-14 09:53:43,6630.0,46020
2021-06-14 09:53:44,6630.0,46027
2021-06-14 09:53:48,6630.0,46030
2021-06-14 09:53:48,6630.0,46030
2021-06-14 09:53:49,6635.55,46132
2021-06-14 09:53:50,6635.15,46136
2021-06-14 09:53:51,6635.15,46136
2021-06-14 09:53:53,6632.4,46157
2021-06-14 09:53:53,6630.2,46307
2021-06-14 09:53:54,6630.2,46307
2021-06-14 09:53:55,6630.2,46307
2021-06-14 09:53:56,6630.2,46307
2021-06-14 09:53:57,6630.2,46307
2021-06-14 09:53:58,6630.2,46307
2021-06-14 09:53:59,6630.2,46307
2021-06-14 09:54:01,6635.35,46311
2021-06-14 09:54:02,6632.0,46312
2021-06-14 09:54:02,6632.0,46312
2021-06-14 09:54:04,6632.0,46312
2021-06-14 09:54:04,6632.0,46312
2021-06-14 09:54:06,6631.1,46335
2021-06-14 09:54:06,6631.1,46341
2021-06-14 09:54:07,6630.45,46342
2021-06-14 09:54:09,6630.45,46342
2021-06-14 09:54:10,6634.6,46350
2021-06-14 09:54:11,6635.55,46356
2021-06-14 09:54:12,6635.75,46371
2021-06-14 09:54:12,6635.7,46372
2021-06-14 09:54:14,6635.7,46372
2021-06-14 09:54:14,6635.7,46372
2021-06-14 09:54:15,6635.7,46372
2021-06-14 09:54:17,6635.7,46372
2021-06-14 09:54:18,6633.0,46374
2021-06-14 09:54:19,6633.0,46374
2021-06-14 09:54:20,6635.4,46378
2021-06-14 09:54:22,6635.4,46378
2021-06-14 09:54:23,6635.4,46378
2021-06-14 09:54:26,6634.2,46602
2021-06-14 09:54:27,6634.2,46602
2021-06-14 09:54:27,6634.2,46602
2021-06-14 09:54:28,6634.2,46602
2021-06-14 09:54:30,6634.2,46607
2021-06-14 09:54:31,6634.2,46607
2021-06-14 09:54:33,6634.2,46607
2021-06-14 09:54:34,6635.0,46627
2021-06-14 09:54:35,6635.0,46627
2021-06-14 09:54:37,6634.8,46628
2021-06-14 09:54:38,6634.8,46628
2021-06-14 09:54:39,6634.8,46628
2021-06-14 09:54:39,6634.85,46728
2021-06-14 09:54:41,6634.2,46732
2021-06-14 09:54:42,6634.2,46732
2021-06-14 09:54:42,6634.2,46732
2021-06-14 09:54:44,6634.2,46732
2021-06-14 09:54:44,6634.2,46732
2021-06-14 09:54:45,6634.2,46732
2021-06-14 09:54:46,6630.9,46740
2021-06-14 09:54:47,6630.9,46740
2021-06-14 09:54:49,6630.9,46740
2021-06-14 09:54:49,6630.9,46740
2021-06-14 09:54:50,6634.6,46744
2021-06-14 09:54:51,6634.6,46754
2021-06-14 09:54:52,6631.85,46767
2021-06-14 09:54:54,6631.85,46767
2021-06-14 09:54:55,6631.85,46767
2021-06-14 09:54:56,6635.0,46798
2021-06-14 09:54:57,6635.0,46798
2021-06-14 09:54:58,6635.0,46798
2021-06-14 09:54:59,6632.8,46816
2021-06-14 09:55:00,6632.8,46816
2021-06-14 09:55:02,6635.7,46819
2021-06-14 09:55:02,6635.7,46819
2021-06-14 09:55:05,6635.7,46819
2021-06-14 09:55:06,6632.75,46824
2021-06-14 09:55:07,6632.75,46824
2021-06-14 09:55:08,6632.75,46824
2021-06-14 09:55:09,6632.75,46824
2021-06-14 09:55:10,6635.7,46828
2021-06-14 09:55:11,6635.65,46848
2021-06-14 09:55:11,6635.65,46848
2021-06-14 09:55:12,6635.65,46848
2021-06-14 09:55:14,6635.65,46848
2021-06-14 09:55:15,6635.65,46848
2021-06-14 09:55:16,6632.75,46849
2021-06-14 09:55:17,6630.9,46862
2021-06-14 09:55:18,6630.0,46875
2021-06-14 09:55:18,6632.5,46886
2021-06-14 09:55:19,6632.5,46886
2021-06-14 09:55:20,6632.75,46891
2021-06-14 09:55:21,6632.75,46891
2021-06-14 09:55:22,6632.75,46891
2021-06-14 09:55:24,6632.75,46891
2021-06-14 09:55:25,6632.75,46891
2021-06-14 09:55:26,6632.75,46891
2021-06-14 09:55:27,6632.75,46891
2021-06-14 09:55:28,6632.75,46891
2021-06-14 09:55:29,6632.75,46891
2021-06-14 09:55:30,6632.75,46891
2021-06-14 09:55:31,6634.75,46894
2021-06-14 09:55:32,6633.0,46895
2021-06-14 09:55:33,6635.0,46915
2021-06-14 09:55:36,6635.0,46915
2021-06-14 09:55:37,6635.3,46918
2021-06-14 09:55:38,6635.3,46918
2021-06-14 09:55:39,6635.3,46918
2021-06-14 09:55:41,6635.3,46922
2021-06-14 09:55:42,6635.3,46922
2021-06-14 09:55:43,6635.3,46922
2021-06-14 09:55:44,6635.3,46922
2021-06-14 09:55:45,6635.3,46922
2021-06-14 09:55:46,6635.65,46932
2021-06-14 09:55:47,6635.65,46932
2021-06-14 09:55:48,6635.65,46932
2021-06-14 09:55:49,6633.0,46949
2021-06-14 09:55:50,6633.0,46949
2021-06-14 09:55:51,6633.0,46949
2021-06-14 09:55:52,6633.0,46949
2021-06-14 09:55:53,6633.0,46949
2021-06-14 09:55:54,6633.0,46949
2021-06-14 09:55:55,6633.0,46949
2021-06-14 09:55:56,6633.0,46949
2021-06-14 09:55:57,6632.5,47001
2021-06-14 09:55:58,6630.0,47011
2021-06-14 09:55:59,6630.0,47011
2021-06-14 09:56:00,6630.0,47011
2021-06-14 09:56:01,6632.4,47014
2021-06-14 09:56:02,6630.0,47017
2021-06-14 09:56:03,6628.6,47019
2021-06-14 09:56:05,6628.6,47019
2021-06-14 09:56:06,6628.6,47019
2021-06-14 09:56:07,6631.9,47023
2021-06-14 09:56:08,6631.95,47032
2021-06-14 09:56:09,6631.95,47032
2021-06-14 09:56:09,6631.95,47034
2021-06-14 09:56:11,6631.95,47034
2021-06-14 09:56:12,6631.95,47034
2021-06-14 09:56:13,6631.95,47034
2021-06-14 09:56:14,6631.95,47034
2021-06-14 09:56:15,6631.95,47034
2021-06-14 09:56:16,6631.95,47034
2021-06-14 09:56:17,6631.95,47034
2021-06-14 09:56:18,6631.95,47034
2021-06-14 09:56:19,6631.1,47035
2021-06-14 09:56:19,6631.1,47035
2021-06-14 09:56:21,6635.3,47091
2021-06-14 09:56:22,6634.7,47093
2021-06-14 09:56:23,6634.7,47093
2021-06-14 09:56:25,6634.7,47093
2021-06-14 09:56:25,6634.7,47093
2021-06-14 09:56:27,6635.0,47196
2021-06-14 09:56:28,6635.0,47196
2021-06-14 09:56:28,6631.2,47246
2021-06-14 09:56:29,6631.2,47246
2021-06-14 09:56:30,6637.0,47397
2021-06-14 09:56:31,6637.25,47398
2021-06-14 09:56:33,6638.2,47399
2021-06-14 09:56:34,6635.75,47400
2021-06-14 09:56:35,6635.5,47402
2021-06-14 09:56:36,6635.5,47402
2021-06-14 09:56:36,6635.5,47402
2021-06-14 09:56:37,6635.5,47402
2021-06-14 09:56:38,6638.0,47404
2021-06-14 09:56:39,6638.65,47410
2021-06-14 09:56:40,6638.75,47414
2021-06-14 09:56:42,6638.75,47414
2021-06-14 09:56:43,6640.0,47657
2021-06-14 09:56:44,6640.0,47657
2021-06-14 09:56:45,6637.15,47712
2021-06-14 09:56:46,6637.15,47712
2021-06-14 09:56:47,6640.7,47714
2021-06-14 09:56:48,6641.5,47724
2021-06-14 09:56:49,6641.5,47724
2021-06-14 09:56:50,6641.5,47728
2021-06-14 09:56:50,6641.5,47728
2021-06-14 09:56:51,6641.5,47728
2021-06-14 09:56:52,6641.5,47728
2021-06-14 09:56:53,6643.0,47765
2021-06-14 09:56:54,6643.0,47765
2021-06-14 09:56:56,6643.0,47765
2021-06-14 09:56:56,6643.0,47765
2021-06-14 09:56:57,6644.45,47797
2021-06-14 09:56:58,6640.75,47810
2021-06-14 09:57:00,6640.75,47810
2021-06-14 09:57:00,6643.0,47813
2021-06-14 09:57:02,6644.45,47863
2021-06-14 09:57:03,6644.45,47892
2021-06-14 09:57:04,6644.45,47911
2021-06-14 09:57:04,6644.45,47911
2021-06-14 09:57:05,6644.45,47911
2021-06-14 09:57:06,6643.0,47921
2021-06-14 09:57:09,6643.0,47921
2021-06-14 09:57:10,6642.4,47924
2021-06-14 09:57:11,6642.0,47934
2021-06-14 09:57:12,6642.0,47934
2021-06-14 09:57:12,6642.0,47934
2021-06-14 09:57:13,6644.45,47939
2021-06-14 09:57:15,6644.45,47940
2021-06-14 09:57:16,6644.45,47940
2021-06-14 09:57:16,6642.0,47942
2021-06-14 09:57:17,6641.7,47946
2021-06-14 09:57:18,6641.65,47948
2021-06-14 09:57:19,6641.65,47948
2021-06-14 09:57:21,6642.6,47955
2021-06-14 09:57:22,6640.9,47956
2021-06-14 09:57:23,6640.9,47956
2021-06-14 09:57:24,6640.85,47960
2021-06-14 09:57:26,6640.85,47962
2021-06-14 09:57:26,6640.85,47962
2021-06-14 09:57:27,6640.85,47968
2021-06-14 09:57:28,6640.85,47968
2021-06-14 09:57:29,6640.85,47968
2021-06-14 09:57:31,6640.85,47973
2021-06-14 09:57:32,6640.85,47973
2021-06-14 09:57:33,6640.85,47973
2021-06-14 09:57:33,6640.85,47973
2021-06-14 09:57:35,6640.85,47973
2021-06-14 09:57:36,6640.9,47975
2021-06-14 09:57:37,6640.9,47977
2021-06-14 09:57:38,6643.8,48025
2021-06-14 09:57:39,6643.8,48025
2021-06-14 09:57:40,6643.8,48025
2021-06-14 09:57:41,6641.45,48036
2021-06-14 09:57:42,6641.45,48036
2021-06-14 09:57:43,6641.45,48036
2021-06-14 09:57:44,6641.45,48036
2021-06-14 09:57:47,6641.1,48089
2021-06-14 09:57:52,6646.75,48216
2021-06-14 09:57:57,6646.7,48223
2021-06-14 09:58:02,6648.8,48240
2021-06-14 09:58:07,6649.0,48248
2021-06-14 09:58:12,6648.0,48309
2021-06-14 09:58:17,6645.15,48325
2021-06-14 09:58:22,6647.4,48350
2021-06-14 09:58:28,6645.15,48372
2021-06-14 09:58:32,6643.7,48427
2021-06-14 09:58:38,6645.35,48428
2021-06-14 09:58:43,6650.8,49342
2021-06-14 09:58:48,6650.8,49342
2021-06-14 09:58:53,6650.65,49348
2021-06-14 09:58:59,6649.65,49453
2021-06-14 09:59:04,6649.65,49454
2021-06-14 09:59:10,6649.9,49463
2021-06-14 09:59:15,6650.7,49494
2021-06-14 09:59:20,6649.1,49498
2021-06-14 09:59:25,6650.0,49502
2021-06-14 09:59:30,6649.1,49552
2021-06-14 09:59:35,6645.55,49558
2021-06-14 09:59:40,6648.7,49579
2021-06-14 09:59:45,6648.95,49581
2021-06-14 09:59:50,6645.55,49590
2021-06-14 09:59:56,6645.0,49596
2021-06-14 10:00:01,6647.4,49601
2021-06-14 10:00:06,6642.05,49608
2021-06-14 10:00:12,6647.4,49717
2021-06-14 10:00:27,6648.0,49742
2021-06-14 10:00:32,6648.0,49750
2021-06-14 10:00:37,6648.0,49762
2021-06-14 10:00:43,6648.0,49781
2021-06-14 10:00:48,6648.0,49793
2021-06-14 10:00:53,6648.0,49799
2021-06-14 10:00:57,6648.0,49804
2021-06-14 10:01:07,6645.75,49931
2021-06-14 10:01:12,6648.7,49946
2021-06-14 10:01:17,6648.55,49950
2021-06-14 10:01:23,6648.95,49954
2021-06-14 10:01:27,6649.0,49955
2021-06-14 10:01:32,6648.95,49960
2021-06-14 10:01:37,6642.9,50010
2021-06-14 10:01:42,6645.0,50039
2021-06-14 10:01:47,6645.0,50039
2021-06-14 10:02:03,6645.0,50214
2021-06-14 10:02:08,6644.2,50217
2021-06-14 10:02:13,6645.0,50248
2021-06-14 10:02:19,6647.95,50278
2021-06-14 10:02:24,6647.4,50315
2021-06-14 10:02:29,6646.8,50318
2021-06-14 10:02:35,6645.05,50376
2021-06-14 10:02:40,6645.0,50409
2021-06-14 10:02:44,6645.0,50409
2021-06-14 10:02:45,6645.0,50409
2021-06-14 10:02:46,6646.4,50410
2021-06-14 10:02:47,6646.4,50410
2021-06-14 10:02:48,6646.4,50414
2021-06-14 10:02:49,6646.4,50414
2021-06-14 10:02:50,6646.4,50415
2021-06-14 10:02:51,6647.0,50416
2021-06-14 10:02:53,6647.0,50419
2021-06-14 10:02:54,6641.2,50500
2021-06-14 10:02:55,6641.2,50500
2021-06-14 10:02:56,6641.2,50500
2021-06-14 10:02:57,6646.0,50550
2021-06-14 10:02:57,6646.0,50550
2021-06-14 10:02:59,6646.0,50550
2021-06-14 10:03:05,6642.0,50559
2021-06-14 10:03:06,6642.0,50559
2021-06-14 10:03:08,6642.0,50559
2021-06-14 10:03:09,6642.0,50559
2021-06-14 10:03:11,6635.05,50835
2021-06-14 10:03:12,6635.05,50836
2021-06-14 10:03:12,6635.05,50836
2021-06-14 10:03:13,6635.05,50836
2021-06-14 10:03:14,6636.9,50837
2021-06-14 10:03:15,6636.9,50837
2021-06-14 10:03:16,6636.9,50837
2021-06-14 10:03:17,6636.9,50837
2021-06-14 10:03:18,6636.9,50837
2021-06-14 10:03:19,6636.9,50837
2021-06-14 10:03:20,6636.6,50841
2021-06-14 10:03:22,6632.0,50946
2021-06-14 10:03:22,6632.0,50946
2021-06-14 10:03:23,6632.0,50946
2021-06-14 10:03:25,6632.8,50952
2021-06-14 10:03:27,6633.3,50960
2021-06-14 10:03:28,6633.3,50960
2021-06-14 10:03:29,6633.95,50962
2021-06-14 10:03:30,6633.95,50962
2021-06-14 10:03:31,6634.0,50965
2021-06-14 10:03:33,6634.0,50965
2021-06-14 10:03:33,6634.0,50965
2021-06-14 10:03:35,6634.0,50965
2021-06-14 10:03:36,6634.95,51015
2021-06-14 10:03:37,6634.95,51015
2021-06-14 10:03:37,6634.95,51015
2021-06-14 10:03:39,6634.95,51015
2021-06-14 10:03:39,6634.95,51015
2021-06-14 10:03:40,6632.7,51020
2021-06-14 10:03:41,6632.7,51020
2021-06-14 10:03:42,6632.7,51020
2021-06-14 10:03:43,6634.8,51021
2021-06-14 10:03:45,6634.8,51021
2021-06-14 10:03:45,6634.8,51021
2021-06-14 10:03:46,6632.45,51071
2021-06-14 10:03:48,6632.45,51071
2021-06-14 10:03:49,6632.45,51071
2021-06-14 10:03:50,6635.95,51075
2021-06-14 10:03:50,6632.45,51071
2021-06-14 10:03:52,6635.95,51075
2021-06-14 10:03:53,6635.95,51075
2021-06-14 10:03:54,6635.95,51075
2021-06-14 10:03:55,6635.95,51075
2021-06-14 10:03:56,6635.95,51075
2021-06-14 10:03:56,6635.95,51075
2021-06-14 10:03:57,6635.0,51081
2021-06-14 10:03:58,6635.0,51081
2021-06-14 10:04:00,6635.0,51081
2021-06-14 10:04:01,6635.0,51084
2021-06-14 10:04:02,6635.0,51084
2021-06-14 10:04:03,6635.0,51084
2021-06-14 10:04:04,6635.0,51085
2021-06-14 10:04:04,6635.0,51085
2021-06-14 10:04:07,6635.0,51085
2021-06-14 10:04:08,6635.0,51101
2021-06-14 10:04:09,6636.65,51141
2021-06-14 10:04:10,6636.65,51141
2021-06-14 10:04:11,6637.4,51145
2021-06-14 10:04:12,6637.4,51145
2021-06-14 10:04:12,6637.4,51145
2021-06-14 10:04:13,6637.4,51145
2021-06-14 10:04:15,6637.4,51145
2021-06-14 10:04:16,6635.4,51155
2021-06-14 10:04:17,6635.4,51155
2021-06-14 10:04:18,6635.4,51155
2021-06-14 10:04:19,6635.4,51155
2021-06-14 10:04:20,6635.4,51155
2021-06-14 10:04:21,6637.4,51159
2021-06-14 10:04:22,6637.4,51159
2021-06-14 10:04:23,6637.4,51159
2021-06-14 10:04:24,6637.4,51159
2021-06-14 10:04:25,6635.0,51168
2021-06-14 10:04:25,6635.0,51168
2021-06-14 10:04:27,6635.0,51168
2021-06-14 10:04:28,6635.0,51168
2021-06-14 10:04:30,6635.0,51168
2021-06-14 10:04:30,6635.0,51171
2021-06-14 10:04:32,6635.0,51171
2021-06-14 10:04:33,6635.0,51171
2021-06-14 10:04:34,6632.4,51179
2021-06-14 10:04:35,6632.4,51179
2021-06-14 10:04:36,6632.4,51179
2021-06-14 10:04:36,6632.4,51179
2021-06-14 10:04:37,6632.4,51179
2021-06-14 10:04:38,6632.4,51179
2021-06-14 10:04:39,6632.4,51179
2021-06-14 10:04:40,6638.8,51183
2021-06-14 10:04:42,6638.8,51183
2021-06-14 10:04:43,6638.8,51183
2021-06-14 10:04:44,6638.8,51183
2021-06-14 10:04:45,6638.8,51183
2021-06-14 10:04:46,6638.8,51183
2021-06-14 10:04:47,6638.8,51183
2021-06-14 10:04:49,6638.8,51183
2021-06-14 10:04:50,6638.8,51183
2021-06-14 10:04:51,6639.95,51187
2021-06-14 10:04:52,6639.95,51187
2021-06-14 10:04:53,6639.95,51187
2021-06-14 10:04:54,6639.95,51187
2021-06-14 10:04:55,6639.95,51187
2021-06-14 10:04:58,6639.95,51187
2021-06-14 10:04:59,6639.95,51187
2021-06-14 10:05:00,6639.95,51187
2021-06-14 10:05:01,6640.0,51203
2021-06-14 10:05:02,6640.0,51203
2021-06-14 10:05:03,6640.0,51203
2021-06-14 10:05:04,6640.0,51203
2021-06-14 10:05:04,6640.0,51203
2021-06-14 10:05:07,6640.0,51203
2021-06-14 10:05:08,6640.0,51203
2021-06-14 10:05:09,6640.0,51203
2021-06-14 10:05:10,6640.0,51203
2021-06-14 10:05:11,6645.0,51207
2021-06-14 10:05:12,6645.0,51207
2021-06-14 10:05:13,6645.0,51207
2021-06-14 10:05:14,6645.0,51207
2021-06-14 10:05:15,6645.0,51207
2021-06-14 10:05:16,6645.0,51207
2021-06-14 10:05:16,6645.0,51207
2021-06-14 10:05:17,6645.0,51207
2021-06-14 10:05:18,6645.0,51207
2021-06-14 10:05:21,6646.05,51237
2021-06-14 10:05:22,6646.05,51237
2021-06-14 10:05:23,6646.05,51237
2021-06-14 10:05:24,6646.95,51240
2021-06-14 10:05:25,6646.95,51240
2021-06-14 10:05:26,6646.95,51240
2021-06-14 10:05:26,6646.95,51240
2021-06-14 10:05:27,6646.95,51240
2021-06-14 10:05:28,6646.95,51240
2021-06-14 10:05:29,6646.55,51241
2021-06-14 10:05:30,6646.8,51244
2021-06-14 10:05:31,6646.65,51245
2021-06-14 10:05:32,6646.65,51245
2021-06-14 10:05:34,6646.65,51245
2021-06-14 10:05:35,6646.65,51245
2021-06-14 10:05:36,6646.65,51245
2021-06-14 10:05:37,6646.65,51245
2021-06-14 10:05:40,6639.5,51345
2021-06-14 10:05:41,6643.6,51346
2021-06-14 10:05:42,6643.6,51346
2021-06-14 10:05:44,6643.6,51346
2021-06-14 10:05:45,6643.6,51346
2021-06-14 10:05:46,6643.6,51346
2021-06-14 10:05:47,6643.6,51346
2021-06-14 10:05:48,6643.85,51347
2021-06-14 10:05:48,6643.85,51347
2021-06-14 10:05:49,6643.85,51347
2021-06-14 10:05:50,6643.95,51352
2021-06-14 10:05:51,6643.95,51352
2021-06-14 10:05:52,6643.95,51352
2021-06-14 10:05:53,6643.95,51352
2021-06-14 10:05:55,6643.95,51352
2021-06-14 10:05:55,6643.95,51352
2021-06-14 10:05:58,6643.95,51352
2021-06-14 10:05:59,6643.95,51352
2021-06-14 10:06:00,6645.15,51357
2021-06-14 10:06:01,6645.1,51360
2021-06-14 10:06:02,6645.1,51360
2021-06-14 10:06:03,6645.1,51360
2021-06-14 10:06:04,6645.1,51360
2021-06-14 10:06:05,6645.1,51360
2021-06-14 10:06:06,6645.1,51360
2021-06-14 10:06:07,6645.1,51360
2021-06-14 10:06:08,6645.1,51360
2021-06-14 10:06:09,6645.1,51360
2021-06-14 10:06:10,6645.1,51360
2021-06-14 10:06:11,6640.4,51369
2021-06-14 10:06:12,6640.4,51369
2021-06-14 10:06:13,6641.15,51385
2021-06-14 10:06:14,6641.15,51385
2021-06-14 10:06:15,6641.15,51385
2021-06-14 10:06:16,6641.15,51385
2021-06-14 10:06:18,6641.15,51385
2021-06-14 10:06:19,6641.15,51385
2021-06-14 10:06:20,6641.15,51385
2021-06-14 10:06:21,6643.8,51389
2021-06-14 10:06:22,6643.8,51389
2021-06-14 10:06:23,6643.9,51394
2021-06-14 10:06:24,6643.9,51394
2021-06-14 10:06:25,6643.9,51394
2021-06-14 10:06:26,6643.9,51394
2021-06-14 10:06:27,6643.9,51394
2021-06-14 10:06:28,6643.9,51394
2021-06-14 10:06:29,6643.9,51394
2021-06-14 10:06:29,6643.9,51394
2021-06-14 10:06:30,6643.85,51397
2021-06-14 10:06:32,6643.85,51397
2021-06-14 10:06:33,6643.85,51397
2021-06-14 10:06:34,6640.85,51417
2021-06-14 10:06:35,6640.85,51417
2021-06-14 10:06:36,6641.8,51419
2021-06-14 10:06:38,6643.85,51428
2021-06-14 10:06:39,6645.0,51441
2021-06-14 10:06:40,6645.0,51441
2021-06-14 10:06:41,6646.4,51456
2021-06-14 10:06:42,6646.4,51456
2021-06-14 10:06:43,6642.25,51512
2021-06-14 10:06:44,6642.25,51512
2021-06-14 10:06:45,6645.0,51513
2021-06-14 10:06:46,6645.0,51513
2021-06-14 10:06:47,6645.0,51513
2021-06-14 10:06:49,6645.0,51513
2021-06-14 10:06:50,6645.0,51513
2021-06-14 10:06:51,6644.35,51517
2021-06-14 10:06:52,6644.35,51517
2021-06-14 10:06:53,6643.0,51518
2021-06-14 10:06:54,6645.3,51521
2021-06-14 10:06:55,6645.35,51536
2021-06-14 10:06:56,6645.35,51536
2021-06-14 10:06:57,6645.0,51546
2021-06-14 10:06:58,6645.0,51546
2021-06-14 10:06:59,6645.0,51546
2021-06-14 10:07:00,6644.35,51549
2021-06-14 10:07:01,6644.35,51549
2021-06-14 10:07:01,6644.35,51549
2021-06-14 10:07:03,6644.35,51549
2021-06-14 10:07:05,6644.35,51549
2021-06-14 10:07:05,6640.05,51569
2021-06-14 10:07:06,6640.05,51569
2021-06-14 10:07:08,6640.05,51569
2021-06-14 10:07:09,6640.05,51569
2021-06-14 10:07:10,6640.05,51569
2021-06-14 10:07:11,6644.95,51573
2021-06-14 10:07:12,6646.0,51576
2021-06-14 10:07:12,6646.0,51576
2021-06-14 10:07:13,6646.0,51576
2021-06-14 10:07:14,6646.0,51576
2021-06-14 10:07:16,6648.0,51773
2021-06-14 10:07:17,6648.0,51773
2021-06-14 10:07:18,6648.0,51777
2021-06-14 10:07:19,6646.75,51779
2021-06-14 10:07:20,6646.75,51779
2021-06-14 10:07:21,6648.95,51781
2021-06-14 10:07:22,6648.95,51781
2021-06-14 10:07:22,6648.95,51781
2021-06-14 10:07:25,6644.0,51844
2021-06-14 10:07:26,6644.0,51844
2021-06-14 10:07:27,6644.0,51844
2021-06-14 10:07:28,6644.0,51844
2021-06-14 10:07:29,6644.0,51844
2021-06-14 10:07:30,6645.5,51851
2021-06-14 10:07:31,6648.0,51854
2021-06-14 10:07:33,6648.9,51934
2021-06-14 10:07:34,6648.9,51934
2021-06-14 10:07:35,6648.9,51934
2021-06-14 10:07:36,6648.9,51934
2021-06-14 10:07:37,6647.5,51935
2021-06-14 10:07:38,6647.5,51935
2021-06-14 10:07:39,6647.5,51935
2021-06-14 10:07:40,6647.5,51935
2021-06-14 10:07:41,6648.3,51939
2021-06-14 10:07:42,6648.3,51939
2021-06-14 10:07:43,6648.3,51939
2021-06-14 10:07:44,6648.3,51939
2021-06-14 10:07:45,6648.3,51939
2021-06-14 10:07:46,6648.3,51944
2021-06-14 10:07:47,6648.3,51944
2021-06-14 10:07:48,6648.3,51944
2021-06-14 10:07:49,6648.3,51944
2021-06-14 10:07:50,6648.95,51953
2021-06-14 10:07:52,6649.9,52133
2021-06-14 10:07:53,6649.9,52133
2021-06-14 10:07:54,6649.9,52133
2021-06-14 10:07:55,6649.9,52133
2021-06-14 10:07:56,6650.0,52134
2021-06-14 10:07:57,6650.0,52134
2021-06-14 10:07:58,6650.0,52134
2021-06-14 10:07:59,6650.0,52134
2021-06-14 10:08:01,6649.5,52144
2021-06-14 10:08:02,6650.0,52145
2021-06-14 10:08:03,6650.0,52145
2021-06-14 10:08:04,6650.0,52170
2021-06-14 10:08:05,6650.0,52223
2021-06-14 10:08:06,6651.0,52458
2021-06-14 10:08:07,6651.0,52458
2021-06-14 10:08:08,6651.0,52458
2021-06-14 10:08:09,6650.0,52463
2021-06-14 10:08:10,6650.0,52463
2021-06-14 10:08:11,6650.0,52463
2021-06-14 10:08:12,6650.0,52463
2021-06-14 10:08:13,6650.0,52463
2021-06-14 10:08:14,6650.0,52463
2021-06-14 10:08:16,6651.5,52464
2021-06-14 10:08:17,6651.5,52466
2021-06-14 10:08:18,6651.5,52466
2021-06-14 10:08:19,6651.5,52466
2021-06-14 10:08:20,6651.5,52466
2021-06-14 10:08:21,6651.5,52466
2021-06-14 10:08:22,6651.5,52466
2021-06-14 10:08:23,6650.0,52468
2021-06-14 10:08:24,6654.15,52513
2021-06-14 10:08:25,6654.15,52513
2021-06-14 10:08:26,6654.15,52513
2021-06-14 10:08:27,6651.5,52528
2021-06-14 10:08:28,6650.0,52529
2021-06-14 10:08:29,6650.0,52529
2021-06-14 10:08:30,6650.0,52529
2021-06-14 10:08:31,6650.0,52529
2021-06-14 10:08:32,6650.0,52529
2021-06-14 10:08:33,6650.0,52529
2021-06-14 10:08:34,6652.4,52555
2021-06-14 10:08:35,6652.4,52555
2021-06-14 10:08:36,6652.4,52555
2021-06-14 10:08:37,6653.7,52585
2021-06-14 10:08:38,6653.7,52585
2021-06-14 10:08:39,6653.7,52585
2021-06-14 10:08:40,6653.7,52585
2021-06-14 10:08:41,6653.7,52585
2021-06-14 10:08:42,6653.7,52585
2021-06-14 10:08:43,6652.0,52587
2021-06-14 10:08:44,6652.0,52587
2021-06-14 10:08:45,6652.0,52587
2021-06-14 10:08:46,6652.0,52587
2021-06-14 10:08:47,6652.0,52587
2021-06-14 10:08:48,6652.85,52597
2021-06-14 10:08:49,6652.85,52597
2021-06-14 10:08:50,6652.85,52597
2021-06-14 10:08:51,6652.55,52599
2021-06-14 10:08:52,6652.55,52599
2021-06-14 10:08:53,6652.55,52599
2021-06-14 10:08:54,6652.55,52599
2021-06-14 10:08:55,6652.55,52599
2021-06-14 10:08:56,6652.45,52671
2021-06-14 10:08:57,6652.45,52671
2021-06-14 10:08:58,6652.45,52671
2021-06-14 10:08:59,6655.0,52711
2021-06-14 10:09:00,6655.0,52711
2021-06-14 10:09:01,6654.95,52766
2021-06-14 10:09:02,6654.95,52766
2021-06-14 10:09:03,6654.95,52766
2021-06-14 10:09:04,6655.0,52911
2021-06-14 10:09:05,6655.0,52911
2021-06-14 10:09:06,6655.0,52971
2021-06-14 10:09:07,6655.0,52971
2021-06-14 10:09:08,6655.0,52977
2021-06-14 10:09:10,6655.0,52982
2021-06-14 10:09:11,6655.0,52982
2021-06-14 10:09:12,6655.0,52982
2021-06-14 10:09:13,6656.0,53003
2021-06-14 10:09:14,6656.0,53003
2021-06-14 10:09:15,6656.0,53003
2021-06-14 10:09:16,6656.0,53003
2021-06-14 10:09:17,6656.0,53003
2021-06-14 10:09:18,6657.65,53014
2021-06-14 10:09:19,6657.65,53014
2021-06-14 10:09:20,6658.0,53035
2021-06-14 10:09:21,6658.05,53037
2021-06-14 10:09:22,6658.05,53037
2021-06-14 10:09:23,6659.0,53049
2021-06-14 10:09:24,6659.0,53050
2021-06-14 10:09:25,6659.0,53050
2021-06-14 10:09:26,6659.0,53050
2021-06-14 10:09:27,6658.0,53224
2021-06-14 10:09:28,6658.45,53225
2021-06-14 10:09:29,6658.45,53225
2021-06-14 10:09:30,6658.45,53225
2021-06-14 10:09:31,6658.45,53225
2021-06-14 10:09:32,6658.45,53225
2021-06-14 10:09:33,6658.45,53225
2021-06-14 10:09:34,6656.05,53229
2021-06-14 10:09:36,6658.45,53247
2021-06-14 10:09:35,6656.05,53234
2021-06-14 10:09:37,6658.45,53247
2021-06-14 10:09:38,6658.45,53247
2021-06-14 10:09:39,6658.45,53247
2021-06-14 10:09:40,6658.45,53247
2021-06-14 10:09:41,6656.0,53249
2021-06-14 10:09:42,6656.0,53249
2021-06-14 10:09:43,6658.45,53451
2021-06-14 10:09:44,6658.45,53451
2021-06-14 10:09:45,6656.3,53454
2021-06-14 10:09:46,6656.3,53454
2021-06-14 10:09:47,6656.3,53454
2021-06-14 10:09:48,6656.3,53454
2021-06-14 10:09:49,6656.1,53459
2021-06-14 10:09:50,6656.1,53459
2021-06-14 10:09:51,6656.15,53466
2021-06-14 10:09:52,6658.05,53496
2021-06-14 10:09:54,6657.1,53541
2021-06-14 10:09:53,6656.1,53526
2021-06-14 10:09:55,6657.1,53541
2021-06-14 10:09:56,6657.1,53541
2021-06-14 10:09:57,6656.0,53587
2021-06-14 10:09:58,6656.0,53587
2021-06-14 10:09:59,6658.05,53605
2021-06-14 10:10:00,6658.05,53605
2021-06-14 10:10:01,6658.05,53605
2021-06-14 10:10:02,6658.9,53607
2021-06-14 10:10:03,6656.0,53612
2021-06-14 10:10:04,6656.0,53617
2021-06-14 10:10:05,6656.0,53617
2021-06-14 10:10:07,6658.95,53667
2021-06-14 10:10:08,6659.0,53679
2021-06-14 10:10:09,6659.0,53679
2021-06-14 10:10:10,6659.0,53679
2021-06-14 10:10:11,6659.0,53679
2021-06-14 10:10:12,6659.0,53679
2021-06-14 10:10:13,6659.0,53679
2021-06-14 10:10:14,6659.0,53679
2021-06-14 10:10:15,6656.1,53683
2021-06-14 10:10:16,6656.1,53701
2021-06-14 10:10:17,6656.1,53701
2021-06-14 10:10:19,6656.1,53701
2021-06-14 10:10:19,6656.1,53701
2021-06-14 10:10:23,6656.1,53701
2021-06-14 10:10:24,6656.4,53705
2021-06-14 10:10:25,6658.0,53706
2021-06-14 10:10:26,6656.1,53708
2021-06-14 10:10:27,6656.1,53712
2021-06-14 10:10:28,6656.1,53714
2021-06-14 10:10:30,6658.0,53715
2021-06-14 10:10:31,6658.0,53715
2021-06-14 10:10:31,6658.0,53715
2021-06-14 10:10:32,6658.0,53715
2021-06-14 10:10:34,6658.0,53715
2021-06-14 10:10:35,6658.0,53716
2021-06-14 10:10:36,6658.0,53716
2021-06-14 10:10:37,6656.0,53718
2021-06-14 10:10:37,6656.0,53718
2021-06-14 10:10:38,6656.0,53718
2021-06-14 10:10:39,6656.0,53718
2021-06-14 10:10:40,6656.0,53726
2021-06-14 10:10:41,6656.0,53726
2021-06-14 10:10:42,6656.0,53726
2021-06-14 10:10:43,6656.0,53726
2021-06-14 10:10:44,6656.0,53726
2021-06-14 10:10:45,6656.0,53726
2021-06-14 10:10:46,6656.0,53726
2021-06-14 10:10:47,6657.1,53756
2021-06-14 10:10:48,6657.1,53756
2021-06-14 10:10:49,6657.1,53756
2021-06-14 10:10:50,6657.1,53881
2021-06-14 10:10:51,6657.1,53886
2021-06-14 10:10:52,6657.1,53886
2021-06-14 10:10:53,6657.1,53886
2021-06-14 10:10:54,6657.1,53901
2021-06-14 10:10:55,6657.1,53901
2021-06-14 10:10:56,6657.1,53901
2021-06-14 10:10:59,6656.0,53929
2021-06-14 10:11:00,6656.0,53929
2021-06-14 10:11:01,6656.0,53929
2021-06-14 10:11:02,6656.0,53929
2021-06-14 10:11:03,6656.0,53931
2021-06-14 10:11:04,6656.0,53940
2021-06-14 10:11:05,6656.0,53940
2021-06-14 10:11:07,6656.0,53940
2021-06-14 10:11:08,6656.0,53941
2021-06-14 10:11:08,6656.0,53952
2021-06-14 10:11:09,6656.0,53952
2021-06-14 10:11:10,6656.0,53952
2021-06-14 10:11:12,6656.0,53952
2021-06-14 10:11:11,6656.0,53952
2021-06-14 10:11:13,6657.1,53953
2021-06-14 10:11:16,6657.1,54002
2021-06-14 10:11:16,6657.1,54002
2021-06-14 10:11:18,6657.1,54002
2021-06-14 10:11:19,6657.9,54003
2021-06-14 10:11:19,6657.9,54003
2021-06-14 10:11:21,6656.0,54013
2021-06-14 10:11:23,6656.0,54013
2021-06-14 10:11:23,6656.0,54013
2021-06-14 10:11:24,6656.0,54013
2021-06-14 10:11:25,6656.0,54013
2021-06-14 10:11:26,6656.0,54013
2021-06-14 10:11:27,6656.0,54013
2021-06-14 10:11:28,6656.0,54017
2021-06-14 10:11:29,6656.0,54018
2021-06-14 10:11:30,6656.0,54034
2021-06-14 10:11:32,6656.0,54034
2021-06-14 10:11:32,6656.35,54036
2021-06-14 10:11:35,6656.35,54036
2021-06-14 10:11:36,6656.35,54036
2021-06-14 10:11:37,6655.1,54041
2021-06-14 10:11:39,6657.6,54043
2021-06-14 10:11:40,6657.6,54044
2021-06-14 10:11:42,6657.6,54044
2021-06-14 10:11:42,6657.6,54044
2021-06-14 10:11:43,6657.6,54044
2021-06-14 10:11:44,6657.6,54044
2021-06-14 10:11:45,6657.6,54044
2021-06-14 10:11:46,6657.6,54044
2021-06-14 10:11:48,6657.6,54044
2021-06-14 10:11:48,6657.6,54044
2021-06-14 10:11:49,6657.6,54044
2021-06-14 10:11:50,6657.6,54044
2021-06-14 10:11:51,6657.6,54044
2021-06-14 10:11:52,6657.6,54044
2021-06-14 10:11:53,6657.6,54044
2021-06-14 10:11:54,6657.6,54044
2021-06-14 10:11:55,6657.6,54044
2021-06-14 10:11:56,6655.05,54054
2021-06-14 10:11:57,6655.05,54054
2021-06-14 10:11:58,6655.05,54054
2021-06-14 10:11:59,6655.05,54054
2021-06-14 10:12:00,6657.9,54078
2021-06-14 10:12:01,6657.9,54078
2021-06-14 10:12:02,6657.9,54078
2021-06-14 10:12:04,6656.0,54118
2021-06-14 10:12:04,6656.0,54118
2021-06-14 10:12:07,6656.0,54138
2021-06-14 10:12:08,6655.05,54188
2021-06-14 10:12:09,6657.9,54191
2021-06-14 10:12:10,6657.9,54191
2021-06-14 10:12:11,6657.9,54191
2021-06-14 10:12:12,6657.9,54191
2021-06-14 10:12:13,6657.9,54191
2021-06-14 10:12:14,6657.9,54191
2021-06-14 10:12:15,6657.9,54191
2021-06-14 10:12:16,6657.9,54191
2021-06-14 10:12:17,6657.9,54191
2021-06-14 10:12:18,6657.9,54191
2021-06-14 10:12:19,6657.9,54191
2021-06-14 10:12:21,6655.9,54193
2021-06-14 10:12:22,6655.9,54193
2021-06-14 10:12:23,6655.9,54193
2021-06-14 10:12:24,6655.9,54193
2021-06-14 10:12:26,6655.9,54193
2021-06-14 10:12:27,6657.9,54206
2021-06-14 10:12:28,6658.0,54286
2021-06-14 10:12:29,6658.0,54286
2021-06-14 10:12:30,6658.0,54286
2021-06-14 10:12:31,6658.0,54286
2021-06-14 10:12:33,6658.0,54286
2021-06-14 10:12:33,6658.0,54286
2021-06-14 10:12:34,6658.0,54286
2021-06-14 10:12:35,6656.6,54296
2021-06-14 10:12:36,6656.6,54296
2021-06-14 10:12:38,6656.6,54296
2021-06-14 10:12:39,6656.6,54296
2021-06-14 10:12:40,6656.6,54296
2021-06-14 10:12:40,6656.6,54296
2021-06-14 10:12:42,6657.05,54301
2021-06-14 10:12:43,6657.05,54301
2021-06-14 10:12:44,6657.05,54301
2021-06-14 10:12:49,6657.05,54301
2021-06-14 10:12:54,6659.0,54307
2021-06-14 10:12:58,6659.0,54310
2021-06-14 10:13:03,6658.45,54461
2021-06-14 10:13:07,6657.1,54475
2021-06-14 10:13:12,6660.15,54485
2021-06-14 10:13:16,6655.9,54536
2021-06-14 10:13:21,6655.9,54544
2021-06-14 10:13:25,6655.9,54544
2021-06-14 10:13:29,6655.9,54544
2021-06-14 10:13:33,6656.0,54582
2021-06-14 10:13:37,6656.0,54583
2021-06-14 10:13:47,6656.55,54634
2021-06-14 10:13:52,6656.55,54634
2021-06-14 10:13:56,6656.55,54634
2021-06-14 10:14:01,6656.55,54634
2021-06-14 10:14:05,6656.55,54634
2021-06-14 10:14:10,6659.25,54658
2021-06-14 10:14:14,6659.4,54662
2021-06-14 10:14:18,6659.4,54662
2021-06-14 10:14:22,6659.4,54662
2021-06-14 10:14:27,6659.55,54663
2021-06-14 10:14:31,6659.2,54664
2021-06-14 10:14:41,6653.1,54891
2021-06-14 10:14:46,6653.0,54892
2021-06-14 10:14:50,6653.0,54892
2021-06-14 10:14:55,6653.0,54996
2021-06-14 10:15:00,6652.4,54999
2021-06-14 10:15:05,6650.7,55000
2021-06-14 10:15:10,6650.65,55001
2021-06-14 10:15:15,6651.6,55026
2021-06-14 10:15:20,6653.65,55027
2021-06-14 10:15:25,6654.6,55029
2021-06-14 10:15:30,6654.6,55029
2021-06-14 10:15:35,6654.6,55029
2021-06-14 10:15:40,6654.6,55029
2021-06-14 10:15:44,6654.6,55029
2021-06-14 10:15:48,6654.6,55029
2021-06-14 10:15:53,6650.15,55031
2021-06-14 10:15:58,6653.9,55051
2021-06-14 10:16:03,6653.9,55051
2021-06-14 10:16:08,6653.9,55051
2021-06-14 10:16:13,6653.75,55053
2021-06-14 10:16:17,6653.75,55053
2021-06-14 10:16:22,6653.75,55054
2021-06-14 10:16:27,6653.75,55054
2021-06-14 10:16:32,6651.0,55056
2021-06-14 10:16:36,6651.0,55056
2021-06-14 10:16:45,6646.7,55297
2021-06-14 10:16:50,6647.0,55308
2021-06-14 10:16:54,6645.65,55416
2021-06-14 10:16:58,6645.65,55416
2021-06-14 10:17:03,6650.0,55420
2021-06-14 10:17:07,6650.0,55420
2021-06-14 10:17:12,6650.0,55551
2021-06-14 10:17:17,6651.7,55569
2021-06-14 10:17:27,6653.55,55635
2021-06-14 10:17:32,6651.1,55662
2021-06-14 10:17:36,6655.8,55862
2021-06-14 10:17:40,6651.1,55876
2021-06-14 10:17:44,6650.7,55891
2021-06-14 10:17:45,6650.7,55891
2021-06-14 10:17:46,6650.7,55891
2021-06-14 10:17:47,6650.7,55891
2021-06-14 10:17:48,6650.7,55891
2021-06-14 10:17:49,6650.7,55891
2021-06-14 10:17:50,6650.7,55891
2021-06-14 10:17:51,6650.7,55891
2021-06-14 10:17:52,6650.7,55915
2021-06-14 10:17:53,6650.0,55970
2021-06-14 10:17:54,6650.0,55970
2021-06-14 10:17:55,6650.0,55970
2021-06-14 10:17:56,6650.8,55976
2021-06-14 10:17:57,6650.8,55976
2021-06-14 10:17:58,6650.8,55976
2021-06-14 10:17:59,6650.8,55976
2021-06-14 10:18:00,6654.0,55984
2021-06-14 10:18:01,6654.0,55984
2021-06-14 10:18:02,6654.0,55984
2021-06-14 10:18:03,6654.0,55984
2021-06-14 10:18:04,6654.0,55994
2021-06-14 10:18:05,6654.0,55995
2021-06-14 10:18:07,6651.6,55996
2021-06-14 10:18:08,6651.6,55996
2021-06-14 10:18:09,6651.6,55996
2021-06-14 10:18:10,6651.35,56010
2021-06-14 10:18:11,6651.35,56010
2021-06-14 10:18:12,6651.35,56010
2021-06-14 10:18:13,6651.35,56010
2021-06-14 10:18:14,6651.35,56010
2021-06-14 10:18:15,6651.35,56010
2021-06-14 10:18:17,6651.25,56029
2021-06-14 10:18:16,6651.25,56029
2021-06-14 10:18:18,6651.25,56029
2021-06-14 10:18:19,6651.25,56029
2021-06-14 10:18:20,6651.25,56029
2021-06-14 10:18:21,6651.7,56039
2021-06-14 10:18:22,6651.7,56039
2021-06-14 10:18:23,6654.0,56042
2021-06-14 10:18:24,6654.0,56042
2021-06-14 10:18:25,6654.0,56042
2021-06-14 10:18:26,6654.0,56042
2021-06-14 10:18:27,6657.15,56123
2021-06-14 10:18:28,6658.8,56125
2021-06-14 10:18:29,6658.8,56125
2021-06-14 10:18:30,6658.8,56125
2021-06-14 10:18:31,6658.8,56125
2021-06-14 10:18:32,6658.8,56125
2021-06-14 10:18:33,6659.4,56165
2021-06-14 10:18:33,6659.4,56165
2021-06-14 10:18:34,6659.4,56165
2021-06-14 10:18:35,6659.4,56165
2021-06-14 10:18:37,6660.0,56217
2021-06-14 10:18:38,6660.0,56244
2021-06-14 10:18:39,6660.0,56244
2021-06-14 10:18:40,6660.0,56244
2021-06-14 10:18:41,6660.0,56244
2021-06-14 10:18:42,6660.0,56244
2021-06-14 10:18:43,6664.0,56386
2021-06-14 10:18:44,6664.0,56386
2021-06-14 10:18:45,6670.0,56783
2021-06-14 10:18:46,6674.9,56825
2021-06-14 10:18:47,6671.85,57445
2021-06-14 10:18:48,6671.85,57445
2021-06-14 10:18:49,6671.85,57445
2021-06-14 10:18:50,6669.75,57467
2021-06-14 10:18:51,6670.15,57468
2021-06-14 10:18:52,6668.1,57498
2021-06-14 10:18:53,6668.1,57498
2021-06-14 10:18:54,6668.1,57498
2021-06-14 10:18:55,6673.9,57553
2021-06-14 10:18:56,6673.9,57553
2021-06-14 10:18:58,6671.1,58064
2021-06-14 10:18:59,6671.1,58064
2021-06-14 10:19:00,6673.75,58065
2021-06-14 10:19:01,6673.75,58065
2021-06-14 10:19:02,6676.8,58088
2021-06-14 10:19:03,6676.8,58088
2021-06-14 10:19:04,6676.8,58088
2021-06-14 10:19:05,6673.8,58224
2021-06-14 10:19:06,6673.8,58224
2021-06-14 10:19:07,6673.8,58224
2021-06-14 10:19:08,6673.8,58224
2021-06-14 10:19:09,6673.8,58224
2021-06-14 10:19:10,6673.75,58227
2021-06-14 10:19:11,6673.75,58228
2021-06-14 10:19:12,6671.95,58278
2021-06-14 10:19:13,6676.8,58291
2021-06-14 10:19:14,6676.8,58291
2021-06-14 10:19:15,6676.8,58291
2021-06-14 10:19:16,6676.2,58296
2021-06-14 10:19:17,6676.2,58296
2021-06-14 10:19:18,6676.2,58297
2021-06-14 10:19:19,6677.55,58354
2021-06-14 10:19:20,6677.55,58354
2021-06-14 10:19:21,6671.9,58499
2021-06-14 10:19:22,6671.9,58499
2021-06-14 10:19:23,6673.35,58506
2021-06-14 10:19:24,6673.35,58506
2021-06-14 10:19:25,6678.7,58778
2021-06-14 10:19:26,6678.7,58778
2021-06-14 10:19:27,6678.9,58824
2021-06-14 10:19:28,6678.9,58824
2021-06-14 10:19:29,6676.25,58825
2021-06-14 10:19:30,6677.65,58872
2021-06-14 10:19:32,6673.9,58905
2021-06-14 10:19:33,6673.9,58905
2021-06-14 10:19:34,6678.1,58921
2021-06-14 10:19:35,6678.1,58921
2021-06-14 10:19:36,6678.9,58971
2021-06-14 10:19:37,6678.9,58971
2021-06-14 10:19:38,6678.85,59003
2021-06-14 10:19:39,6678.85,59003
2021-06-14 10:19:40,6678.85,59003
2021-06-14 10:19:41,6678.85,59003
2021-06-14 10:19:42,6678.85,59003
2021-06-14 10:19:43,6678.85,59003
2021-06-14 10:19:44,6678.85,59003
2021-06-14 10:19:45,6678.25,59108
2021-06-14 10:19:46,6678.25,59108
2021-06-14 10:19:47,6678.25,59108
2021-06-14 10:19:48,6678.25,59119
2021-06-14 10:19:49,6676.25,59125
2021-06-14 10:19:50,6675.6,59128
2021-06-14 10:19:51,6675.6,59128
2021-06-14 10:19:52,6675.6,59128
2021-06-14 10:19:53,6675.6,59128
2021-06-14 10:19:55,6675.6,59128
2021-06-14 10:19:54,6675.6,59128
2021-06-14 10:19:56,6675.6,59128
2021-06-14 10:19:57,6675.6,59128
2021-06-14 10:19:58,6675.65,59153
2021-06-14 10:19:59,6678.25,59171
2021-06-14 10:20:01,6678.25,59171
2021-06-14 10:20:02,6676.0,59181
2021-06-14 10:20:03,6676.0,59181
2021-06-14 10:20:04,6678.35,59183
2021-06-14 10:20:05,6678.35,59183
2021-06-14 10:20:06,6678.35,59183
2021-06-14 10:20:07,6676.0,59186
2021-06-14 10:20:08,6676.0,59186
2021-06-14 10:20:09,6676.0,59186
2021-06-14 10:20:10,6676.0,59186
2021-06-14 10:20:11,6676.0,59186
2021-06-14 10:20:12,6676.0,59186
2021-06-14 10:20:13,6676.0,59186
2021-06-14 10:20:14,6676.0,59186
2021-06-14 10:20:15,6676.0,59186
2021-06-14 10:20:16,6676.0,59186
2021-06-14 10:20:17,6676.1,59191
2021-06-14 10:20:18,6676.1,59191
2021-06-14 10:20:19,6676.1,59196
2021-06-14 10:20:20,6676.1,59196
2021-06-14 10:20:21,6676.1,59196
2021-06-14 10:20:22,6678.0,59197
2021-06-14 10:20:23,6678.0,59197
2021-06-14 10:20:24,6678.0,59197
2021-06-14 10:20:25,6676.1,59199
2021-06-14 10:20:26,6676.1,59199
2021-06-14 10:20:28,6676.1,59199
2021-06-14 10:20:29,6676.1,59199
2021-06-14 10:20:30,6677.85,59200
2021-06-14 10:20:32,6676.1,59210
2021-06-14 10:20:33,6676.1,59210
2021-06-14 10:20:34,6676.1,59210
2021-06-14 10:20:36,6677.85,59211
2021-06-14 10:20:35,6677.85,59211
2021-06-14 10:20:37,6677.85,59211
2021-06-14 10:20:38,6677.85,59211
2021-06-14 10:20:39,6677.85,59211
2021-06-14 10:20:40,6677.85,59211
2021-06-14 10:20:41,6677.85,59211
2021-06-14 10:20:42,6675.0,59239
2021-06-14 10:20:43,6675.0,59239
2021-06-14 10:20:44,6675.0,59239
2021-06-14 10:20:45,6675.0,59239
2021-06-14 10:20:46,6675.0,59239
2021-06-14 10:20:47,6676.15,59240
2021-06-14 10:20:48,6676.15,59240
2021-06-14 10:20:49,6676.15,59240
2021-06-14 10:20:50,6676.35,59266
2021-06-14 10:20:51,6676.8,59302
2021-06-14 10:20:52,6673.3,59327
2021-06-14 10:20:54,6673.3,59327
2021-06-14 10:20:55,6675.0,59329
2021-06-14 10:20:56,6673.3,59349
2021-06-14 10:20:57,6673.3,59349
2021-06-14 10:20:58,6673.3,59349
2021-06-14 10:21:00,6673.3,59349
2021-06-14 10:21:00,6673.3,59349
2021-06-14 10:21:01,6676.15,59402
2021-06-14 10:21:02,6676.15,59402
2021-06-14 10:21:03,6676.15,59402
2021-06-14 10:21:04,6675.0,59403
2021-06-14 10:21:05,6675.0,59403
2021-06-14 10:21:06,6675.0,59403
2021-06-14 10:21:07,6675.0,59403
2021-06-14 10:21:08,6675.0,59403
2021-06-14 10:21:09,6675.0,59403
2021-06-14 10:21:10,6675.0,59403
2021-06-14 10:21:11,6676.0,59405
2021-06-14 10:21:12,6676.0,59405
2021-06-14 10:21:13,6676.0,59405
2021-06-14 10:21:15,6676.0,59415
2021-06-14 10:21:16,6676.0,59415
2021-06-14 10:21:17,6676.0,59415
2021-06-14 10:21:18,6676.0,59415
2021-06-14 10:21:19,6676.0,59415
2021-06-14 10:21:20,6676.0,59415
2021-06-14 10:21:21,6672.9,59424
2021-06-14 10:21:22,6672.9,59424
2021-06-14 10:21:23,6674.5,59429
2021-06-14 10:21:24,6674.5,59429
2021-06-14 10:21:25,6674.75,59435
2021-06-14 10:21:26,6671.05,59436
2021-06-14 10:21:27,6674.7,59437
2021-06-14 10:21:28,6674.7,59437
2021-06-14 10:21:29,6674.7,59437
2021-06-14 10:21:31,6674.7,59437
2021-06-14 10:21:32,6674.7,59437
2021-06-14 10:21:33,6674.7,59437
2021-06-14 10:21:34,6674.7,59437
2021-06-14 10:21:35,6674.7,59437
2021-06-14 10:21:36,6674.7,59437
2021-06-14 10:21:37,6675.0,59447
