timestamp,ltp,volume
2021-06-24 09:34:38,2998.8,140100
2021-06-24 09:34:40,2997.45,140205
2021-06-24 09:34:41,2998.75,140206
2021-06-24 09:34:42,2998.75,140233
2021-06-24 09:34:43,2998.75,140326
2021-06-24 09:34:44,2998.75,140356
2021-06-24 09:34:45,2998.2,140473
2021-06-24 09:34:47,2998.2,140473
2021-06-24 09:34:48,2998.55,140964
2021-06-24 09:34:49,2998.8,141090
2021-06-24 09:34:50,2998.8,141710
2021-06-24 09:34:51,2998.8,141825
2021-06-24 09:34:52,2998.8,141825
2021-06-24 09:34:52,2997.6,141843
2021-06-24 09:34:53,2998.55,141844
2021-06-24 09:34:54,2998.55,141851
2021-06-24 09:34:55,2998.8,141852
2021-06-24 09:34:56,2998.8,141852
2021-06-24 09:34:57,2998.8,141866
2021-06-24 09:34:59,2998.45,142036
2021-06-24 09:35:00,2997.1,142046
2021-06-24 09:35:01,2998.3,142083
2021-06-24 09:35:02,2998.3,142085
2021-06-24 09:35:04,2997.2,142573
2021-06-24 09:35:05,2998.65,142668
2021-06-24 09:35:06,2998.55,142678
2021-06-24 09:35:07,2998.75,142783
2021-06-24 09:35:09,2998.75,142842
2021-06-24 09:35:09,2998.75,142842
2021-06-24 09:35:11,2997.2,143518
2021-06-24 09:35:12,2998.65,143520
2021-06-24 09:35:13,2997.05,143570
2021-06-24 09:35:14,2997.2,143572
2021-06-24 09:35:15,2997.2,143572
2021-06-24 09:35:16,2997.05,143611
2021-06-24 09:35:17,2997.05,143631
2021-06-24 09:35:19,2997.8,144007
2021-06-24 09:35:20,2997.2,144017
2021-06-24 09:35:21,2997.0,144143
2021-06-24 09:35:22,2997.0,144143
2021-06-24 09:35:23,2997.2,144388
2021-06-24 09:35:25,2995.6,144718
2021-06-24 09:35:26,2996.95,144813
2021-06-24 09:35:27,2996.65,144878
2021-06-24 09:35:28,2996.65,144878
2021-06-24 09:35:29,2996.1,145683
2021-06-24 09:35:30,2994.9,145901
2021-06-24 09:35:31,2994.6,146126
2021-06-24 09:35:31,2994.6,146126
2021-06-24 09:35:32,2996.05,146127
2021-06-24 09:35:33,2996.05,146127
2021-06-24 09:35:34,2995.2,146157
2021-06-24 09:35:35,2995.2,146157
2021-06-24 09:35:36,2994.75,146160
2021-06-24 09:35:37,2996.05,146163
2021-06-24 09:35:38,2995.0,146393
2021-06-24 09:35:39,2995.15,146526
2021-06-24 09:35:41,2995.15,146526
2021-06-24 09:35:42,2993.3,146646
2021-06-24 09:35:43,2994.5,146796
2021-06-24 09:35:43,2994.5,146796
2021-06-24 09:35:44,2994.45,146797
2021-06-24 09:35:45,2994.0,146933
2021-06-24 09:35:46,2994.0,146933
2021-06-24 09:35:49,2994.75,147084
2021-06-24 09:35:50,2994.75,147145
2021-06-24 09:35:51,2994.75,147185
2021-06-24 09:35:51,2994.75,147185
2021-06-24 09:35:52,2993.7,147306
2021-06-24 09:35:53,2995.0,147326
2021-06-24 09:35:55,2994.65,147331
2021-06-24 09:35:56,2995.0,147332
2021-06-24 09:35:57,2995.0,147376
2021-06-24 09:35:59,2994.6,147769
2021-06-24 09:36:00,2995.0,147837
2021-06-24 09:36:01,2994.95,147838
2021-06-24 09:36:01,2994.95,147838
2021-06-24 09:36:02,2994.65,147946
2021-06-24 09:36:03,2994.65,147946
2021-06-24 09:36:04,2994.65,147946
2021-06-24 09:36:05,2994.6,147976
2021-06-24 09:36:07,2994.95,148019
2021-06-24 09:36:07,2994.6,148022
2021-06-24 09:36:09,2994.6,148022
2021-06-24 09:36:10,2994.95,148072
2021-06-24 09:36:11,2994.95,148137
2021-06-24 09:36:12,2995.0,148502
2021-06-24 09:36:13,2995.0,148621
2021-06-24 09:36:14,2994.0,148634
2021-06-24 09:36:15,2994.0,148634
2021-06-24 09:36:16,2994.0,148634
2021-06-24 09:36:17,2994.0,148634
2021-06-24 09:36:18,2995.0,148639
2021-06-24 09:36:19,2995.0,148639
2021-06-24 09:36:19,2995.0,148639
2021-06-24 09:36:20,2994.95,148739
2021-06-24 09:36:21,2994.95,148739
2021-06-24 09:36:22,2994.85,148760
2021-06-24 09:36:23,2994.85,148760
2021-06-24 09:36:25,2994.85,148765
2021-06-24 09:36:26,2994.85,148817
2021-06-24 09:36:27,2994.85,148827
2021-06-24 09:36:30,2994.0,148847
2021-06-24 09:36:31,2994.85,148854
2021-06-24 09:36:32,2994.85,148854
2021-06-24 09:36:33,2994.85,148854
2021-06-24 09:36:35,2994.0,148859
2021-06-24 09:36:35,2994.0,148925
2021-06-24 09:36:36,2994.85,148954
2021-06-24 09:36:37,2994.85,148977
2021-06-24 09:36:38,2994.95,149104
2021-06-24 09:36:39,2995.0,149136
2021-06-24 09:36:40,2994.95,149146
2021-06-24 09:36:41,2993.5,149659
2021-06-24 09:36:43,2994.0,149768
2021-06-24 09:36:44,2994.0,149768
2021-06-24 09:36:45,2994.0,149768
2021-06-24 09:36:46,2994.8,149864
2021-06-24 09:36:47,2994.8,149864
2021-06-24 09:36:48,2994.75,149914
2021-06-24 09:36:49,2994.75,149914
2021-06-24 09:36:50,2994.75,149915
2021-06-24 09:36:51,2992.55,150101
2021-06-24 09:36:53,2992.55,150101
2021-06-24 09:36:53,2992.55,150101
2021-06-24 09:36:54,2992.55,150101
2021-06-24 09:36:55,2992.55,150101
2021-06-24 09:36:56,2992.25,150105
2021-06-24 09:36:57,2992.25,150105
2021-06-24 09:36:59,2992.25,150105
2021-06-24 09:37:00,2992.25,150105
2021-06-24 09:37:02,2993.0,150281
2021-06-24 09:37:03,2993.75,150686
2021-06-24 09:37:04,2993.75,150686
2021-06-24 09:37:05,2993.75,150686
2021-06-24 09:37:06,2993.75,150686
2021-06-24 09:37:07,2993.0,150706
2021-06-24 09:37:08,2993.0,150887
2021-06-24 09:37:09,2993.0,150887
2021-06-24 09:37:10,2993.0,150892
2021-06-24 09:37:11,2993.75,150917
2021-06-24 09:37:12,2993.75,150917
2021-06-24 09:37:12,2993.75,150917
2021-06-24 09:37:13,2993.75,150917
2021-06-24 09:37:14,2993.75,150917
2021-06-24 09:37:16,2993.75,150917
2021-06-24 09:37:17,2993.0,150933
2021-06-24 09:37:18,2993.0,150996
2021-06-24 09:37:19,2992.6,151081
2021-06-24 09:37:20,2992.6,151081
2021-06-24 09:37:20,2993.75,151131
2021-06-24 09:37:22,2993.75,151198
2021-06-24 09:37:23,2993.75,151198
2021-06-24 09:37:25,2993.0,151201
2021-06-24 09:37:27,2993.75,151202
2021-06-24 09:37:28,2993.75,151202
2021-06-24 09:37:29,2993.75,151252
2021-06-24 09:37:30,2993.75,151272
2021-06-24 09:37:31,2993.75,151275
2021-06-24 09:37:32,2993.75,151276
2021-06-24 09:37:33,2993.0,151357
2021-06-24 09:37:34,2993.0,151359
2021-06-24 09:37:35,2993.0,151359
2021-06-24 09:37:36,2993.6,151479
2021-06-24 09:37:37,2993.0,151523
2021-06-24 09:37:38,2993.0,151523
2021-06-24 09:37:39,2992.55,151530
2021-06-24 09:37:41,2993.05,151719
2021-06-24 09:37:42,2993.2,151812
2021-06-24 09:37:43,2993.2,151812
2021-06-24 09:37:44,2993.2,151812
2021-06-24 09:37:45,2991.55,152075
2021-06-24 09:37:46,2992.95,152085
2021-06-24 09:37:47,2992.95,152085
2021-06-24 09:37:48,2992.95,152085
2021-06-24 09:37:49,2992.95,152087
2021-06-24 09:37:50,2992.0,152092
2021-06-24 09:37:52,2992.95,152257
2021-06-24 09:37:53,2992.95,152317
2021-06-24 09:37:55,2991.6,152511
2021-06-24 09:37:56,2991.55,152517
2021-06-24 09:37:57,2993.0,152571
2021-06-24 09:37:57,2993.0,152571
2021-06-24 09:38:00,2991.65,152581
2021-06-24 09:38:01,2991.55,152651
2021-06-24 09:38:01,2991.55,152651
2021-06-24 09:38:02,2992.75,152652
2021-06-24 09:38:04,2992.75,152654
2021-06-24 09:38:05,2992.75,152729
2021-06-24 09:38:06,2992.7,152730
2021-06-24 09:38:07,2992.7,152730
2021-06-24 09:38:08,2992.7,152730
2021-06-24 09:38:09,2992.7,152730
2021-06-24 09:38:10,2991.35,152771
2021-06-24 09:38:11,2991.35,152771
2021-06-24 09:38:12,2991.35,152771
2021-06-24 09:38:13,2992.45,152796
2021-06-24 09:38:14,2992.45,152802
2021-06-24 09:38:15,2991.7,152807
2021-06-24 09:38:15,2991.7,152807
2021-06-24 09:38:16,2991.7,152807
2021-06-24 09:38:18,2991.7,152908
2021-06-24 09:38:19,2991.7,152908
2021-06-24 09:38:20,2991.7,152908
2021-06-24 09:38:21,2991.95,152919
2021-06-24 09:38:22,2991.95,152919
2021-06-24 09:38:23,2991.7,152922
2021-06-24 09:38:24,2991.7,152924
2021-06-24 09:38:25,2991.7,152997
2021-06-24 09:38:26,2991.7,152997
2021-06-24 09:38:27,2991.7,152997
2021-06-24 09:38:29,2991.95,153002
2021-06-24 09:38:30,2991.95,153002
2021-06-24 09:38:31,2991.95,153002
2021-06-24 09:38:32,2991.7,153042
2021-06-24 09:38:33,2991.9,153212
2021-06-24 09:38:34,2991.0,153222
2021-06-24 09:38:35,2991.9,153224
2021-06-24 09:38:35,2991.9,153224
2021-06-24 09:38:36,2991.0,153234
2021-06-24 09:38:37,2991.0,153234
2021-06-24 09:38:38,2991.0,153234
2021-06-24 09:38:41,2993.0,153850
2021-06-24 09:38:42,2992.55,154131
2021-06-24 09:38:43,2992.55,154131
2021-06-24 09:38:44,2992.55,154131
2021-06-24 09:38:45,2992.55,154131
2021-06-24 09:38:47,2993.65,154148
2021-06-24 09:38:47,2993.15,154218
2021-06-24 09:38:48,2993.65,154260
2021-06-24 09:38:49,2993.65,154260
2021-06-24 09:38:50,2993.65,154260
2021-06-24 09:38:51,2993.65,154325
2021-06-24 09:38:52,2993.1,154386
2021-06-24 09:38:53,2993.5,154538
2021-06-24 09:38:54,2994.95,154589
2021-06-24 09:38:56,2994.6,154607
2021-06-24 09:38:57,2994.6,154658
2021-06-24 09:38:58,2994.6,154696
2021-06-24 09:38:59,2995.0,154796
2021-06-24 09:39:00,2995.0,154801
2021-06-24 09:39:01,2995.0,154801
2021-06-24 09:39:02,2995.0,154801
2021-06-24 09:39:03,2995.0,154801
2021-06-24 09:39:04,2995.0,154901
2021-06-24 09:39:05,2994.05,155062
2021-06-24 09:39:07,2995.4,155955
2021-06-24 09:39:08,2995.15,155980
2021-06-24 09:39:09,2996.55,155986
2021-06-24 09:39:09,2996.55,155986
2021-06-24 09:39:10,2995.45,156076
2021-06-24 09:39:12,2995.7,156433
2021-06-24 09:39:13,2995.7,156433
2021-06-24 09:39:14,2995.75,156472
2021-06-24 09:39:15,2995.0,156552
2021-06-24 09:39:15,2995.0,156552
2021-06-24 09:39:17,2995.0,156552
2021-06-24 09:39:18,2995.55,156574
2021-06-24 09:39:19,2995.55,156579
2021-06-24 09:39:20,2993.6,157271
2021-06-24 09:39:21,2994.0,157550
2021-06-24 09:39:22,2994.0,157550
2021-06-24 09:39:23,2994.6,157556
2021-06-24 09:39:24,2993.1,157586
2021-06-24 09:39:24,2993.1,157586
2021-06-24 09:39:25,2993.1,157586
2021-06-24 09:39:26,2993.1,157586
2021-06-24 09:39:27,2994.7,157588
2021-06-24 09:39:29,2994.5,157840
2021-06-24 09:39:30,2994.5,157846
2021-06-24 09:39:31,2994.5,157846
2021-06-24 09:39:32,2994.5,157846
2021-06-24 09:39:33,2995.0,158566
2021-06-24 09:39:34,2995.0,158866
2021-06-24 09:39:35,2995.65,158983
2021-06-24 09:39:36,2995.65,159000
2021-06-24 09:39:37,2995.65,159005
2021-06-24 09:39:38,2995.65,159005
2021-06-24 09:39:40,2995.65,159005
2021-06-24 09:39:41,2995.0,159175
2021-06-24 09:39:42,2995.65,159176
2021-06-24 09:39:43,2995.65,159177
2021-06-24 09:39:44,2994.75,159262
2021-06-24 09:39:45,2994.75,159262
2021-06-24 09:39:45,2994.75,159262
2021-06-24 09:39:47,2995.65,159283
2021-06-24 09:39:48,2995.65,159283
2021-06-24 09:39:48,2995.0,159351
2021-06-24 09:39:50,2995.65,159356
2021-06-24 09:39:52,2995.65,159424
2021-06-24 09:39:53,2995.65,159424
2021-06-24 09:39:54,2995.0,159473
2021-06-24 09:39:55,2995.0,159473
2021-06-24 09:39:56,2995.0,159473
2021-06-24 09:39:57,2995.0,159474
2021-06-24 09:39:58,2995.65,159481
2021-06-24 09:39:59,2995.65,159481
2021-06-24 09:40:00,2995.0,159484
2021-06-24 09:40:01,2995.65,159584
2021-06-24 09:40:03,2995.65,159587
2021-06-24 09:40:02,2995.65,159584
2021-06-24 09:40:04,2995.65,159587
2021-06-24 09:40:05,2995.65,159590
2021-06-24 09:40:06,2995.65,159600
2021-06-24 09:40:07,2995.65,159600
2021-06-24 09:40:08,2995.65,159600
2021-06-24 09:40:09,2995.65,159601
2021-06-24 09:40:11,2995.65,159601
2021-06-24 09:40:12,2995.65,159721
2021-06-24 09:40:13,2994.95,159773
2021-06-24 09:40:14,2995.4,159774
2021-06-24 09:40:15,2995.65,159805
2021-06-24 09:40:16,2995.0,159883
2021-06-24 09:40:17,2995.0,159883
2021-06-24 09:40:18,2995.0,159883
2021-06-24 09:40:19,2995.0,159883
2021-06-24 09:40:20,2994.9,159897
2021-06-24 09:40:21,2994.9,159908
2021-06-24 09:40:22,2994.9,159908
2021-06-24 09:40:23,2994.25,160008
2021-06-24 09:40:24,2994.25,160008
2021-06-24 09:40:25,2994.9,160009
2021-06-24 09:40:26,2994.9,160009
2021-06-24 09:40:27,2994.9,160009
2021-06-24 09:40:28,2993.95,160112
2021-06-24 09:40:29,2994.5,160114
2021-06-24 09:40:30,2994.5,160321
2021-06-24 09:40:31,2994.5,160321
2021-06-24 09:40:32,2994.5,160392
2021-06-24 09:40:33,2994.5,160392
2021-06-24 09:40:34,2994.5,160393
2021-06-24 09:40:35,2994.5,160393
2021-06-24 09:40:36,2994.5,160403
2021-06-24 09:40:37,2994.5,160403
2021-06-24 09:40:38,2994.5,160487
2021-06-24 09:40:39,2994.5,160487
2021-06-24 09:40:40,2993.9,160488
2021-06-24 09:40:41,2994.5,160519
2021-06-24 09:40:42,2994.5,160534
2021-06-24 09:40:43,2994.5,160534
2021-06-24 09:40:44,2994.5,160628
2021-06-24 09:40:45,2994.5,160628
2021-06-24 09:40:46,2994.85,160633
2021-06-24 09:40:47,2994.85,160633
2021-06-24 09:40:48,2994.85,160693
2021-06-24 09:40:49,2994.85,160693
2021-06-24 09:40:50,2994.85,160693
2021-06-24 09:40:51,2994.85,160693
2021-06-24 09:40:52,2994.85,160708
2021-06-24 09:40:53,2994.85,160708
2021-06-24 09:40:54,2994.85,160708
2021-06-24 09:40:55,2996.75,161411
2021-06-24 09:40:56,2996.75,161591
2021-06-24 09:40:57,2996.75,161591
2021-06-24 09:40:58,2996.55,161608
2021-06-24 09:41:01,2996.55,161625
2021-06-24 09:41:02,2996.55,161625
2021-06-24 09:41:03,2996.35,161728
2021-06-24 09:41:04,2996.35,161729
2021-06-24 09:41:05,2996.35,161729
2021-06-24 09:41:06,2996.35,161729
2021-06-24 09:41:07,2996.35,161729
2021-06-24 09:41:08,2996.35,161729
2021-06-24 09:41:09,2996.5,161832
2021-06-24 09:41:10,2995.35,161836
2021-06-24 09:41:11,2996.35,161856
2021-06-24 09:41:12,2996.25,161858
2021-06-24 09:41:13,2996.25,161867
2021-06-24 09:41:14,2995.35,161977
2021-06-24 09:41:15,2996.25,162045
2021-06-24 09:41:16,2996.25,162045
2021-06-24 09:41:17,2995.35,162055
2021-06-24 09:41:18,2995.35,162105
2021-06-24 09:41:19,2996.25,162106
2021-06-24 09:41:20,2996.25,162166
2021-06-24 09:41:21,2995.3,162309
2021-06-24 09:41:22,2995.3,162309
2021-06-24 09:41:23,2995.3,162309
2021-06-24 09:41:24,2995.3,162309
2021-06-24 09:41:25,2995.2,162528
2021-06-24 09:41:26,2995.65,162634
2021-06-24 09:41:27,2995.35,162664
2021-06-24 09:41:28,2995.35,162664
2021-06-24 09:41:29,2995.35,162664
2021-06-24 09:41:30,2995.35,162664
2021-06-24 09:41:31,2995.35,162664
2021-06-24 09:41:33,2995.65,162675
2021-06-24 09:41:34,2995.65,162700
2021-06-24 09:41:35,2994.6,162705
2021-06-24 09:41:36,2994.6,162705
2021-06-24 09:41:37,2995.65,162755
2021-06-24 09:41:39,2995.65,162795
2021-06-24 09:41:40,2995.65,162795
2021-06-24 09:41:41,2995.65,162797
2021-06-24 09:41:42,2995.65,162797
2021-06-24 09:41:43,2995.65,162797
2021-06-24 09:41:44,2995.65,162797
2021-06-24 09:41:45,2995.65,162797
2021-06-24 09:41:47,2995.65,162807
2021-06-24 09:41:48,2995.0,162810
2021-06-24 09:41:49,2995.0,162953
2021-06-24 09:41:50,2994.45,163242
2021-06-24 09:41:51,2994.6,163376
2021-06-24 09:41:52,2994.6,163376
2021-06-24 09:41:53,2994.6,163376
2021-06-24 09:41:55,2994.65,163475
2021-06-24 09:41:56,2994.75,163485
2021-06-24 09:41:57,2994.65,163495
2021-06-24 09:41:58,2994.65,163495
2021-06-24 09:42:00,2994.6,163542
2021-06-24 09:42:01,2994.6,163546
2021-06-24 09:42:02,2993.2,163646
2021-06-24 09:42:03,2993.2,163646
2021-06-24 09:42:04,2993.2,163646
2021-06-24 09:42:05,2994.5,163647
2021-06-24 09:42:06,2994.5,163698
2021-06-24 09:42:07,2994.5,163703
2021-06-24 09:42:09,2993.05,163803
2021-06-24 09:42:09,2993.05,163803
2021-06-24 09:42:10,2993.0,163808
2021-06-24 09:42:12,2994.0,163847
2021-06-24 09:42:13,2993.1,163920
2021-06-24 09:42:14,2994.0,163925
2021-06-24 09:42:16,2993.7,163955
2021-06-24 09:42:16,2993.7,163955
2021-06-24 09:42:17,2993.7,163955
2021-06-24 09:42:18,2993.1,164035
2021-06-24 09:42:19,2994.0,164630
2021-06-24 09:42:21,2993.8,164758
2021-06-24 09:42:21,2993.8,164758
2021-06-24 09:42:22,2993.8,164758
2021-06-24 09:42:23,2994.5,164759
2021-06-24 09:42:24,2994.5,164759
2021-06-24 09:42:25,2993.8,164774
2021-06-24 09:42:26,2993.95,164784
2021-06-24 09:42:27,2993.95,164821
2021-06-24 09:42:28,2993.95,164821
2021-06-24 09:42:30,2993.95,164821
2021-06-24 09:42:31,2993.95,164821
2021-06-24 09:42:31,2993.8,164941
2021-06-24 09:42:32,2993.95,164951
2021-06-24 09:42:33,2993.25,165001
2021-06-24 09:42:35,2993.95,165002
2021-06-24 09:42:35,2993.95,165002
2021-06-24 09:42:36,2993.3,165030
2021-06-24 09:42:37,2993.45,165031
2021-06-24 09:42:38,2993.0,165141
2021-06-24 09:42:39,2993.1,165261
2021-06-24 09:42:41,2993.0,165299
2021-06-24 09:42:41,2993.0,165299
2021-06-24 09:42:42,2993.0,165299
2021-06-24 09:42:43,2993.0,165461
2021-06-24 09:42:44,2993.35,165552
2021-06-24 09:42:45,2993.35,165552
2021-06-24 09:42:46,2993.35,165552
2021-06-24 09:42:47,2992.05,165585
2021-06-24 09:42:49,2992.05,165585
2021-06-24 09:42:50,2993.35,165912
2021-06-24 09:42:51,2992.45,166007
2021-06-24 09:42:53,2992.45,166007
2021-06-24 09:42:53,2992.45,166007
2021-06-24 09:42:54,2992.45,166007
2021-06-24 09:42:55,2992.55,166037
2021-06-24 09:42:56,2992.2,166046
2021-06-24 09:42:57,2992.2,166046
2021-06-24 09:42:58,2992.2,166046
2021-06-24 09:42:59,2992.15,166047
2021-06-24 09:43:01,2992.45,166052
2021-06-24 09:43:02,2992.45,166052
2021-06-24 09:43:03,2992.9,166053
2021-06-24 09:43:04,2992.9,166054
2021-06-24 09:43:05,2992.9,166054
2021-06-24 09:43:06,2992.15,166055
2021-06-24 09:43:07,2992.15,166055
2021-06-24 09:43:09,2992.15,166055
2021-06-24 09:43:09,2992.9,166063
2021-06-24 09:43:10,2994.2,166503
2021-06-24 09:43:11,2994.0,166592
2021-06-24 09:43:12,2993.4,166630
2021-06-24 09:43:13,2993.4,166630
2021-06-24 09:43:14,2993.4,166630
2021-06-24 09:43:15,2993.95,166631
2021-06-24 09:43:17,2993.95,166641
2021-06-24 09:43:19,2993.95,166644
2021-06-24 09:43:20,2993.25,166645
2021-06-24 09:43:22,2993.95,166695
2021-06-24 09:43:22,2993.95,166695
2021-06-24 09:43:23,2993.95,166695
2021-06-24 09:43:24,2993.95,166695
2021-06-24 09:43:25,2993.95,166695
2021-06-24 09:43:26,2993.25,166759
2021-06-24 09:43:28,2993.25,166759
2021-06-24 09:43:28,2993.2,166889
2021-06-24 09:43:29,2993.2,166889
2021-06-24 09:43:30,2992.4,166995
2021-06-24 09:43:31,2992.4,166995
2021-06-24 09:43:32,2992.4,166995
2021-06-24 09:43:34,2993.65,167018
2021-06-24 09:43:34,2993.65,167019
2021-06-24 09:43:35,2993.65,167019
2021-06-24 09:43:36,2993.65,167029
2021-06-24 09:43:37,2993.65,167029
2021-06-24 09:43:38,2993.65,167030
2021-06-24 09:43:40,2992.5,167066
2021-06-24 09:43:41,2991.6,167531
2021-06-24 09:43:42,2992.4,167621
2021-06-24 09:43:43,2992.4,167621
2021-06-24 09:43:44,2992.3,167663
2021-06-24 09:43:46,2992.3,167663
2021-06-24 09:43:47,2992.3,167663
2021-06-24 09:43:47,2991.35,167673
2021-06-24 09:43:48,2991.35,167673
2021-06-24 09:43:49,2991.2,167683
2021-06-24 09:43:50,2991.1,167690
2021-06-24 09:43:51,2992.1,167694
2021-06-24 09:43:52,2992.1,167694
2021-06-24 09:43:53,2992.1,167694
2021-06-24 09:43:55,2991.0,167754
2021-06-24 09:43:56,2992.0,167769
2021-06-24 09:43:57,2992.0,167769
2021-06-24 09:43:58,2991.0,168187
2021-06-24 09:43:59,2991.75,168306
2021-06-24 09:44:01,2991.75,168317
2021-06-24 09:44:02,2991.75,168317
2021-06-24 09:44:02,2991.9,168407
2021-06-24 09:44:03,2991.9,168407
2021-06-24 09:44:04,2991.9,168417
2021-06-24 09:44:05,2991.9,168417
2021-06-24 09:44:06,2990.6,168421
2021-06-24 09:44:07,2991.75,168423
2021-06-24 09:44:08,2991.75,168424
2021-06-24 09:44:09,2991.75,168424
2021-06-24 09:44:10,2991.75,168424
2021-06-24 09:44:12,2991.75,168424
2021-06-24 09:44:14,2991.6,168455
2021-06-24 09:44:14,2991.6,168455
2021-06-24 09:44:15,2991.6,168455
2021-06-24 09:44:16,2991.5,168485
2021-06-24 09:44:17,2991.5,168485
2021-06-24 09:44:18,2991.5,168488
2021-06-24 09:44:20,2991.5,168489
2021-06-24 09:44:21,2991.5,168489
2021-06-24 09:44:22,2991.5,168489
2021-06-24 09:44:22,2991.5,168489
2021-06-24 09:44:23,2991.5,168609
2021-06-24 09:44:24,2990.6,168617
2021-06-24 09:44:26,2991.4,168681
2021-06-24 09:44:27,2990.6,168701
2021-06-24 09:44:27,2991.4,168698
2021-06-24 09:44:28,2990.6,168790
2021-06-24 09:44:29,2990.6,168790
2021-06-24 09:44:30,2990.6,168793
2021-06-24 09:44:31,2991.4,168794
2021-06-24 09:44:32,2990.05,169076
2021-06-24 09:44:33,2991.2,169150
2021-06-24 09:44:34,2991.2,169402
2021-06-24 09:44:35,2991.2,169402
2021-06-24 09:44:37,2991.2,169563
2021-06-24 09:44:39,2991.2,169563
2021-06-24 09:44:39,2990.0,169643
2021-06-24 09:44:40,2990.0,169965
2021-06-24 09:44:42,2990.1,169975
2021-06-24 09:44:44,2990.9,169976
2021-06-24 09:44:45,2990.1,170001
2021-06-24 09:44:45,2990.9,170005
2021-06-24 09:44:46,2988.45,170908
2021-06-24 09:44:47,2989.7,171130
2021-06-24 09:44:48,2990.9,171132
2021-06-24 09:44:50,2989.3,171252
2021-06-24 09:44:51,2989.3,171252
2021-06-24 09:44:52,2989.3,171252
2021-06-24 09:44:53,2989.25,171258
2021-06-24 09:44:54,2989.25,171258
2021-06-24 09:44:55,2989.35,171308
2021-06-24 09:44:56,2989.35,171308
2021-06-24 09:44:56,2989.35,171308
2021-06-24 09:44:57,2989.15,171333
2021-06-24 09:44:58,2990.3,171396
2021-06-24 09:44:59,2990.3,171406
2021-06-24 09:45:00,2989.15,171430
2021-06-24 09:45:02,2989.1,171480
2021-06-24 09:45:04,2989.1,171480
2021-06-24 09:45:05,2990.1,171481
2021-06-24 09:45:05,2990.1,171481
2021-06-24 09:45:06,2990.1,171486
2021-06-24 09:45:10,2990.0,171617
2021-06-24 09:45:11,2990.0,171620
2021-06-24 09:45:12,2990.0,171621
2021-06-24 09:45:12,2990.0,171626
2021-06-24 09:45:13,2990.0,171626
2021-06-24 09:45:14,2989.9,171631
2021-06-24 09:45:15,2989.9,171631
2021-06-24 09:45:17,2989.9,171631
2021-06-24 09:45:18,2989.05,171711
2021-06-24 09:45:18,2989.05,171711
2021-06-24 09:45:19,2989.05,171711
2021-06-24 09:45:20,2988.65,171778
2021-06-24 09:45:21,2989.9,171818
2021-06-24 09:45:22,2988.65,171820
2021-06-24 09:45:23,2989.9,171845
2021-06-24 09:45:24,2989.9,171852
2021-06-24 09:45:26,2988.65,171865
2021-06-24 09:45:27,2988.85,171895
2021-06-24 09:45:28,2989.0,171896
2021-06-24 09:45:28,2989.0,171896
2021-06-24 09:45:29,2989.0,171896
2021-06-24 09:45:30,2989.9,171910
2021-06-24 09:45:31,2989.85,172021
2021-06-24 09:45:32,2989.9,172071
2021-06-24 09:45:33,2989.9,172071
2021-06-24 09:45:35,2989.7,172079
2021-06-24 09:45:36,2989.7,172227
2021-06-24 09:45:36,2989.7,172250
2021-06-24 09:45:37,2988.7,172251
2021-06-24 09:45:38,2988.7,172251
2021-06-24 09:45:39,2989.7,172272
2021-06-24 09:45:40,2989.7,172351
2021-06-24 09:45:42,2989.7,172351
2021-06-24 09:45:43,2989.7,172351
2021-06-24 09:45:44,2989.0,172361
2021-06-24 09:45:44,2989.0,172361
2021-06-24 09:45:45,2989.0,172361
2021-06-24 09:45:46,2989.7,172363
2021-06-24 09:45:48,2989.7,172363
2021-06-24 09:45:48,2989.7,172363
2021-06-24 09:45:50,2988.8,172393
2021-06-24 09:45:51,2988.8,172393
2021-06-24 09:45:51,2988.8,172393
2021-06-24 09:45:52,2989.7,172404
2021-06-24 09:45:53,2989.7,172404
2021-06-24 09:45:54,2989.7,172407
2021-06-24 09:45:55,2989.7,172409
2021-06-24 09:45:56,2989.7,172409
2021-06-24 09:45:57,2989.7,172409
2021-06-24 09:45:58,2989.7,172409
2021-06-24 09:46:00,2989.7,172526
2021-06-24 09:46:01,2989.0,172604
2021-06-24 09:46:02,2989.0,172604
2021-06-24 09:46:03,2989.7,172680
2021-06-24 09:46:04,2989.7,172683
2021-06-24 09:46:06,2989.7,172683
2021-06-24 09:46:07,2989.7,172687
2021-06-24 09:46:08,2989.7,172687
2021-06-24 09:46:08,2989.7,172687
2021-06-24 09:46:09,2989.6,172695
2021-06-24 09:46:10,2988.8,172796
2021-06-24 09:46:11,2988.8,172804
2021-06-24 09:46:12,2989.7,172812
2021-06-24 09:46:14,2989.75,172872
2021-06-24 09:46:15,2988.8,172879
2021-06-24 09:46:15,2989.75,172872
2021-06-24 09:46:16,2988.8,172879
2021-06-24 09:46:17,2988.8,172879
2021-06-24 09:46:18,2988.8,172879
2021-06-24 09:46:19,2989.55,172884
2021-06-24 09:46:20,2988.7,173311
2021-06-24 09:46:21,2988.7,173338
2021-06-24 09:46:23,2989.65,173405
2021-06-24 09:46:24,2989.65,173405
2021-06-24 09:46:24,2989.65,173405
2021-06-24 09:46:25,2989.65,173709
2021-06-24 09:46:28,2989.0,174113
2021-06-24 09:46:29,2989.0,174113
2021-06-24 09:46:30,2989.0,174113
2021-06-24 09:46:31,2989.0,174113
2021-06-24 09:46:31,2989.0,174113
2021-06-24 09:46:32,2988.8,174131
2021-06-24 09:46:34,2988.8,174131
2021-06-24 09:46:35,2989.0,174146
2021-06-24 09:46:36,2989.0,174146
2021-06-24 09:46:36,2989.0,174146
2021-06-24 09:46:37,2989.0,174146
2021-06-24 09:46:38,2989.0,174146
2021-06-24 09:46:40,2988.8,174420
2021-06-24 09:46:41,2988.8,174423
2021-06-24 09:46:42,2988.8,174490
2021-06-24 09:46:43,2988.8,174490
2021-06-24 09:46:43,2988.8,174490
2021-06-24 09:46:44,2988.8,174490
2021-06-24 09:46:46,2988.2,174512
2021-06-24 09:46:46,2988.2,174512
2021-06-24 09:46:47,2988.2,174512
2021-06-24 09:46:49,2988.5,174514
2021-06-24 09:46:50,2988.2,174531
2021-06-24 09:46:51,2988.05,174553
2021-06-24 09:46:52,2988.0,174629
2021-06-24 09:46:52,2988.0,174629
2021-06-24 09:46:53,2987.95,174722
2021-06-24 09:46:54,2987.95,174739
2021-06-24 09:46:55,2986.8,175108
2021-06-24 09:46:56,2985.65,175279
2021-06-24 09:46:57,2987.1,175625
2021-06-24 09:46:59,2985.8,175732
2021-06-24 09:47:00,2987.1,175782
2021-06-24 09:47:01,2985.85,175832
2021-06-24 09:47:03,2985.65,176032
2021-06-24 09:47:04,2985.8,176169
2021-06-24 09:47:06,2985.8,176179
2021-06-24 09:47:07,2985.8,176184
2021-06-24 09:47:09,2985.45,176334
2021-06-24 09:47:11,2985.45,176398
2021-06-24 09:47:12,2986.65,176412
2021-06-24 09:47:13,2986.65,176412
2021-06-24 09:47:14,2986.65,176412
2021-06-24 09:47:14,2986.65,176412
2021-06-24 09:47:15,2985.4,176452
2021-06-24 09:47:16,2985.4,176528
2021-06-24 09:47:17,2985.4,176528
2021-06-24 09:47:18,2986.0,176858
2021-06-24 09:47:20,2986.0,176858
2021-06-24 09:47:21,2986.0,176858
2021-06-24 09:47:23,2986.0,176983
2021-06-24 09:47:24,2986.25,177153
2021-06-24 09:47:25,2985.0,177820
2021-06-24 09:47:26,2986.0,177968
2021-06-24 09:47:27,2986.0,177968
2021-06-24 09:47:28,2985.5,177971
2021-06-24 09:47:29,2984.6,178011
2021-06-24 09:47:30,2985.0,178016
2021-06-24 09:47:31,2985.0,178016
2021-06-24 09:47:32,2985.8,178017
2021-06-24 09:47:33,2986.0,178568
2021-06-24 09:47:34,2985.9,178675
2021-06-24 09:47:35,2985.0,178695
2021-06-24 09:47:37,2984.7,178834
2021-06-24 09:47:37,2984.7,178834
2021-06-24 09:47:39,2985.0,178854
2021-06-24 09:47:40,2984.55,178892
2021-06-24 09:47:41,2984.55,178892
2021-06-24 09:47:42,2985.45,178917
2021-06-24 09:47:43,2985.45,178917
2021-06-24 09:47:43,2985.45,178917
2021-06-24 09:47:45,2984.45,179017
2021-06-24 09:47:47,2984.45,179017
2021-06-24 09:47:48,2984.65,179039
2021-06-24 09:47:49,2985.45,179103
2021-06-24 09:47:50,2985.45,179111
2021-06-24 09:47:50,2985.45,179111
2021-06-24 09:47:51,2984.45,179161
2021-06-24 09:47:52,2985.45,179166
2021-06-24 09:47:53,2984.0,179206
2021-06-24 09:47:54,2985.45,179467
2021-06-24 09:47:55,2985.45,179531
2021-06-24 09:47:57,2984.4,179581
2021-06-24 09:47:58,2984.4,179581
2021-06-24 09:47:59,2984.4,179590
2021-06-24 09:48:00,2984.15,179594
2021-06-24 09:48:01,2984.4,179673
2021-06-24 09:48:02,2984.4,179673
2021-06-24 09:48:03,2984.2,179681
2021-06-24 09:48:04,2985.0,179703
2021-06-24 09:48:04,2985.0,179703
2021-06-24 09:48:05,2984.2,179829
2021-06-24 09:48:07,2984.7,179830
2021-06-24 09:48:08,2984.45,179854
2021-06-24 09:48:11,2983.65,180389
2021-06-24 09:48:12,2984.8,180461
2021-06-24 09:48:14,2983.75,180463
2021-06-24 09:48:15,2983.75,180463
2021-06-24 09:48:15,2983.75,180488
2021-06-24 09:48:16,2983.75,180488
2021-06-24 09:48:18,2984.0,180528
2021-06-24 09:48:19,2984.5,180578
2021-06-24 09:48:20,2983.8,180617
2021-06-24 09:48:21,2983.8,180625
2021-06-24 09:48:22,2984.4,180653
2021-06-24 09:48:23,2983.8,180666
2021-06-24 09:48:24,2983.8,180666
2021-06-24 09:48:25,2983.85,180744
2021-06-24 09:48:26,2984.4,180785
2021-06-24 09:48:28,2983.6,181085
2021-06-24 09:48:29,2983.6,181085
2021-06-24 09:48:30,2983.6,181085
2021-06-24 09:48:31,2984.7,181115
2021-06-24 09:48:32,2984.7,181115
2021-06-24 09:48:33,2984.7,181115
2021-06-24 09:48:34,2984.85,181140
2021-06-24 09:48:36,2984.6,181141
2021-06-24 09:48:38,2983.6,181166
2021-06-24 09:48:38,2983.6,181166
2021-06-24 09:48:40,2984.6,181177
2021-06-24 09:48:41,2984.65,181286
2021-06-24 09:48:43,2985.2,181669
2021-06-24 09:48:44,2984.7,181719
2021-06-24 09:48:45,2984.7,181719
2021-06-24 09:48:46,2984.7,181719
2021-06-24 09:48:47,2985.0,181725
2021-06-24 09:48:48,2985.0,181725
2021-06-24 09:48:49,2984.8,181781
2021-06-24 09:48:50,2984.8,181781
2021-06-24 09:48:51,2984.8,181791
2021-06-24 09:48:52,2985.4,181813
2021-06-24 09:48:53,2985.4,181813
2021-06-24 09:48:54,2985.4,181814
2021-06-24 09:48:55,2985.0,181827
2021-06-24 09:48:56,2985.0,181877
2021-06-24 09:48:57,2985.4,181899
2021-06-24 09:48:58,2984.95,182421
2021-06-24 09:48:59,2985.15,182596
2021-06-24 09:49:00,2985.1,182598
2021-06-24 09:49:01,2984.85,183027
2021-06-24 09:49:01,2983.5,182956
2021-06-24 09:49:02,2985.0,183128
2021-06-24 09:49:03,2985.0,183128
2021-06-24 09:49:06,2985.0,183130
2021-06-24 09:49:07,2985.0,183130
2021-06-24 09:49:08,2985.0,183130
2021-06-24 09:49:09,2985.0,183130
2021-06-24 09:49:10,2985.0,183132
2021-06-24 09:49:10,2985.0,183132
2021-06-24 09:49:11,2985.0,183207
2021-06-24 09:49:13,2985.4,183210
2021-06-24 09:49:14,2985.0,183510
2021-06-24 09:49:15,2985.4,183600
2021-06-24 09:49:16,2985.0,183650
2021-06-24 09:49:17,2985.0,183650
2021-06-24 09:49:18,2985.4,183655
2021-06-24 09:49:19,2985.4,183655
2021-06-24 09:49:20,2985.4,183655
2021-06-24 09:49:21,2985.4,183655
2021-06-24 09:49:22,2985.4,183657
2021-06-24 09:49:22,2985.4,183657
2021-06-24 09:49:23,2985.4,183659
2021-06-24 09:49:24,2985.4,183659
2021-06-24 09:49:26,2985.4,183680
2021-06-24 09:49:27,2985.0,183730
2021-06-24 09:49:29,2985.35,183731
2021-06-24 09:49:30,2985.35,183731
2021-06-24 09:49:31,2985.35,183731
2021-06-24 09:49:31,2985.35,183731
2021-06-24 09:49:33,2985.0,183781
2021-06-24 09:49:34,2984.4,184081
2021-06-24 09:49:35,2985.2,184145
2021-06-24 09:49:36,2983.75,184286
2021-06-24 09:49:37,2985.05,184313
2021-06-24 09:49:38,2985.05,184314
2021-06-24 09:49:39,2985.05,184314
2021-06-24 09:49:40,2983.0,184815
2021-06-24 09:49:40,2985.05,184934
2021-06-24 09:49:42,2984.85,184936
2021-06-24 09:49:43,2984.85,184936
2021-06-24 09:49:44,2984.85,184936
2021-06-24 09:49:45,2984.85,184936
2021-06-24 09:49:46,2983.55,184938
2021-06-24 09:49:47,2984.85,184943
2021-06-24 09:49:48,2983.75,184953
2021-06-24 09:49:49,2984.85,184964
2021-06-24 09:49:51,2984.85,184995
2021-06-24 09:49:52,2984.85,184995
2021-06-24 09:49:53,2984.85,184995
2021-06-24 09:49:54,2984.85,184995
2021-06-24 09:49:55,2984.85,184995
2021-06-24 09:49:56,2984.85,184995
2021-06-24 09:49:57,2983.6,185095
2021-06-24 09:49:58,2983.6,185095
2021-06-24 09:49:59,2983.6,185095
2021-06-24 09:50:00,2984.85,185096
2021-06-24 09:50:01,2984.85,185099
2021-06-24 09:50:01,2984.85,185099
2021-06-24 09:50:03,2983.55,185157
2021-06-24 09:50:04,2983.55,185233
2021-06-24 09:50:05,2984.85,185468
2021-06-24 09:50:06,2984.85,185468
2021-06-24 09:50:07,2984.85,185562
2021-06-24 09:50:08,2984.85,185562
2021-06-24 09:50:09,2984.85,185562
2021-06-24 09:50:09,2984.85,185562
2021-06-24 09:50:10,2984.85,185572
2021-06-24 09:50:11,2984.85,185622
2021-06-24 09:50:13,2984.85,185622
2021-06-24 09:50:14,2984.85,185622
2021-06-24 09:50:15,2984.85,185627
2021-06-24 09:50:16,2984.85,185662
2021-06-24 09:50:17,2984.85,185687
2021-06-24 09:50:18,2984.85,185692
2021-06-24 09:50:19,2984.85,185692
2021-06-24 09:50:19,2984.85,185692
2021-06-24 09:50:21,2983.65,185693
2021-06-24 09:50:21,2983.65,185693
2021-06-24 09:50:22,2983.6,185782
2021-06-24 09:50:23,2983.6,185821
2021-06-24 09:50:25,2983.6,185821
2021-06-24 09:50:26,2983.6,185821
2021-06-24 09:50:27,2983.6,185821
2021-06-24 09:50:28,2983.6,185826
2021-06-24 09:50:29,2983.65,185827
2021-06-24 09:50:30,2983.65,185914
2021-06-24 09:50:31,2983.7,185939
2021-06-24 09:50:32,2983.7,186001
2021-06-24 09:50:32,2983.7,186001
2021-06-24 09:50:34,2983.7,186002
2021-06-24 09:50:35,2983.7,186002
2021-06-24 09:50:36,2984.7,186078
2021-06-24 09:50:37,2984.7,186078
2021-06-24 09:50:38,2984.7,186078
2021-06-24 09:50:39,2984.7,186078
2021-06-24 09:50:40,2984.7,186078
2021-06-24 09:50:41,2984.7,186122
2021-06-24 09:50:42,2984.7,186122
2021-06-24 09:50:43,2984.7,186122
2021-06-24 09:50:44,2984.7,186122
2021-06-24 09:50:45,2984.7,186122
2021-06-24 09:50:46,2984.7,186142
2021-06-24 09:50:47,2983.55,186308
2021-06-24 09:50:48,2983.55,186308
2021-06-24 09:50:49,2984.45,186313
2021-06-24 09:50:50,2984.45,186314
2021-06-24 09:50:51,2984.45,186320
2021-06-24 09:50:53,2984.45,186320
2021-06-24 09:50:54,2984.45,186320
2021-06-24 09:50:55,2984.45,186320
2021-06-24 09:50:56,2983.65,186442
2021-06-24 09:50:57,2983.65,186442
2021-06-24 09:50:58,2983.65,186442
2021-06-24 09:50:59,2983.65,186442
2021-06-24 09:51:00,2984.45,186470
2021-06-24 09:51:01,2984.45,186546
2021-06-24 09:51:02,2984.45,186547
2021-06-24 09:51:03,2984.45,186547
2021-06-24 09:51:04,2982.3,187321
2021-06-24 09:51:05,2983.9,187808
2021-06-24 09:51:06,2983.8,187818
2021-06-24 09:51:07,2983.8,187818
2021-06-24 09:51:08,2983.8,187818
2021-06-24 09:51:09,2983.0,187848
2021-06-24 09:51:10,2983.8,187910
2021-06-24 09:51:11,2983.8,187910
2021-06-24 09:51:12,2983.8,187910
2021-06-24 09:51:13,2983.0,187919
2021-06-24 09:51:14,2982.75,188804
2021-06-24 09:51:15,2983.1,188962
2021-06-24 09:51:16,2983.1,188962
2021-06-24 09:51:17,2982.9,188980
2021-06-24 09:51:18,2981.4,188992
2021-06-24 09:51:19,2981.4,188992
2021-06-24 09:51:22,2983.1,189193
2021-06-24 09:51:23,2983.1,189193
2021-06-24 09:51:24,2983.1,189193
2021-06-24 09:51:26,2982.05,189335
2021-06-24 09:51:25,2982.15,189245
2021-06-24 09:51:27,2982.05,189335
2021-06-24 09:51:28,2981.6,189424
2021-06-24 09:51:29,2981.3,189972
2021-06-24 09:51:30,2982.6,190095
2021-06-24 09:51:31,2982.6,190101
2021-06-24 09:51:32,2981.55,190191
2021-06-24 09:51:33,2982.6,190491
2021-06-24 09:51:34,2981.6,190568
2021-06-24 09:51:35,2981.6,190578
2021-06-24 09:51:36,2982.6,190586
2021-06-24 09:51:37,2981.55,190589
2021-06-24 09:51:38,2981.5,190679
2021-06-24 09:51:39,2981.5,190679
2021-06-24 09:51:40,2982.6,190801
2021-06-24 09:51:41,2982.6,190816
2021-06-24 09:51:42,2982.45,190999
2021-06-24 09:51:43,2984.3,191078
2021-06-24 09:51:44,2982.2,191167
2021-06-24 09:51:45,2983.5,191178
2021-06-24 09:51:46,2982.35,191202
2021-06-24 09:51:47,2982.3,191302
2021-06-24 09:51:48,2982.3,191302
2021-06-24 09:51:49,2982.85,191332
2021-06-24 09:51:50,2982.85,191332
2021-06-24 09:51:51,2982.85,191332
2021-06-24 09:51:52,2982.85,191332
2021-06-24 09:51:53,2982.85,191332
2021-06-24 09:51:54,2983.5,191333
2021-06-24 09:51:55,2982.3,191336
2021-06-24 09:51:56,2982.3,191336
2021-06-24 09:51:57,2982.3,191336
2021-06-24 09:51:58,2982.45,191356
2021-06-24 09:52:00,2983.5,191366
2021-06-24 09:52:01,2982.25,191467
2021-06-24 09:52:03,2983.5,191541
2021-06-24 09:52:04,2983.5,191541
2021-06-24 09:52:06,2983.5,191546
2021-06-24 09:52:07,2983.5,191547
2021-06-24 09:52:08,2982.5,191615
2021-06-24 09:52:09,2983.35,191616
2021-06-24 09:52:10,2983.35,191616
2021-06-24 09:52:11,2982.85,191700
2021-06-24 09:52:12,2982.85,191700
2021-06-24 09:52:13,2982.85,191700
2021-06-24 09:52:14,2983.55,192050
2021-06-24 09:52:15,2982.95,192159
2021-06-24 09:52:16,2982.95,192159
2021-06-24 09:52:17,2982.95,192161
2021-06-24 09:52:18,2982.95,192161
2021-06-24 09:52:19,2982.95,192161
2021-06-24 09:52:20,2984.0,192188
2021-06-24 09:52:21,2984.0,192188
2021-06-24 09:52:22,2984.0,192188
2021-06-24 09:52:24,2984.0,192196
2021-06-24 09:52:26,2984.0,192196
2021-06-24 09:52:25,2984.0,192196
2021-06-24 09:52:27,2984.0,192196
2021-06-24 09:52:28,2982.85,192343
2021-06-24 09:52:29,2982.85,192343
2021-06-24 09:52:30,2984.0,192393
2021-06-24 09:52:31,2982.85,192416
2021-06-24 09:52:32,2982.85,192416
2021-06-24 09:52:33,2984.0,192419
2021-06-24 09:52:34,2984.0,192419
2021-06-24 09:52:35,2984.0,192419
2021-06-24 09:52:36,2983.0,192564
2021-06-24 09:52:38,2983.9,192642
2021-06-24 09:52:39,2983.9,192642
2021-06-24 09:52:41,2983.9,192642
2021-06-24 09:52:41,2983.9,192642
2021-06-24 09:52:42,2983.0,192657
2021-06-24 09:52:43,2983.0,192657
2021-06-24 09:52:44,2983.8,192662
2021-06-24 09:52:45,2983.8,192663
2021-06-24 09:52:46,2983.8,192663
2021-06-24 09:52:48,2983.8,192677
2021-06-24 09:52:48,2983.8,192677
2021-06-24 09:52:49,2983.8,192677
2021-06-24 09:52:50,2983.0,192682
2021-06-24 09:52:52,2983.7,192683
2021-06-24 09:52:54,2983.5,192707
2021-06-24 09:52:54,2983.5,192707
2021-06-24 09:52:55,2983.5,192707
2021-06-24 09:52:56,2983.5,192883
2021-06-24 09:52:57,2983.5,192883
2021-06-24 09:52:58,2983.5,192883
2021-06-24 09:53:00,2983.5,192883
2021-06-24 09:53:00,2983.5,192883
2021-06-24 09:53:01,2983.5,192883
2021-06-24 09:53:02,2983.5,192883
2021-06-24 09:53:03,2983.5,192883
2021-06-24 09:53:05,2983.5,192883
2021-06-24 09:53:05,2983.5,192883
2021-06-24 09:53:06,2983.0,192893
2021-06-24 09:53:07,2983.0,192893
2021-06-24 09:53:08,2983.7,192993
2021-06-24 09:53:09,2983.7,192993
2021-06-24 09:53:10,2983.7,192995
2021-06-24 09:53:12,2983.7,193024
2021-06-24 09:53:13,2983.1,193074
2021-06-24 09:53:13,2983.1,193074
2021-06-24 09:53:14,2983.1,193074
2021-06-24 09:53:15,2983.4,193138
2021-06-24 09:53:16,2983.0,193228
2021-06-24 09:53:18,2982.0,193786
2021-06-24 09:53:19,2982.0,193884
2021-06-24 09:53:20,2981.1,194084
2021-06-24 09:53:20,2981.1,194084
2021-06-24 09:53:21,2981.1,194084
2021-06-24 09:53:22,2981.1,194084
2021-06-24 09:53:23,2981.1,194084
2021-06-24 09:53:25,2982.0,194089
2021-06-24 09:53:26,2982.0,194099
2021-06-24 09:53:27,2982.0,194099
2021-06-24 09:53:28,2981.0,194149
2021-06-24 09:53:29,2982.0,194159
2021-06-24 09:53:31,2982.25,194179
2021-06-24 09:53:32,2981.0,194189
2021-06-24 09:53:33,2981.0,194199
2021-06-24 09:53:34,2981.0,194199
2021-06-24 09:53:35,2981.0,194199
2021-06-24 09:53:36,2982.0,194262
2021-06-24 09:53:38,2982.1,194283
2021-06-24 09:53:39,2982.1,194283
2021-06-24 09:53:39,2981.5,194284
2021-06-24 09:53:40,2981.5,194285
2021-06-24 09:53:41,2982.3,194437
2021-06-24 09:53:42,2981.0,194529
2021-06-24 09:53:44,2981.0,194529
2021-06-24 09:53:44,2981.0,194529
2021-06-24 09:53:45,2981.0,194529
2021-06-24 09:53:46,2981.0,194529
2021-06-24 09:53:47,2981.0,194539
2021-06-24 09:53:48,2981.0,194539
2021-06-24 09:53:50,2981.0,194539
2021-06-24 09:53:51,2981.0,194539
2021-06-24 09:53:52,2982.0,194639
2021-06-24 09:53:53,2982.0,194670
2021-06-24 09:53:54,2982.0,194672
2021-06-24 09:53:55,2982.0,194676
2021-06-24 09:53:56,2982.0,194682
2021-06-24 09:53:59,2982.0,194721
2021-06-24 09:53:59,2982.0,194722
2021-06-24 09:54:02,2982.0,194723
2021-06-24 09:54:03,2982.0,194723
2021-06-24 09:54:04,2982.05,195002
2021-06-24 09:54:05,2982.05,195106
2021-06-24 09:54:06,2981.0,195120
2021-06-24 09:54:07,2981.0,195120
2021-06-24 09:54:08,2981.0,195128
2021-06-24 09:54:09,2981.0,195128
2021-06-24 09:54:11,2981.0,195128
2021-06-24 09:54:11,2981.0,195128
2021-06-24 09:54:12,2982.0,195140
2021-06-24 09:54:13,2982.0,195160
2021-06-24 09:54:14,2982.0,195160
2021-06-24 09:54:15,2982.0,195160
2021-06-24 09:54:16,2981.0,195210
2021-06-24 09:54:17,2982.0,195211
2021-06-24 09:54:18,2981.0,195261
2021-06-24 09:54:19,2981.0,195261
2021-06-24 09:54:20,2981.0,195322
2021-06-24 09:54:22,2982.25,195444
2021-06-24 09:54:23,2981.15,195494
2021-06-24 09:54:24,2981.15,195494
2021-06-24 09:54:25,2982.2,195495
2021-06-24 09:54:26,2982.2,195499
2021-06-24 09:54:27,2982.2,195499
2021-06-24 09:54:29,2982.2,195499
2021-06-24 09:54:29,2982.2,195499
2021-06-24 09:54:30,2982.2,195499
2021-06-24 09:54:31,2982.2,195499
2021-06-24 09:54:32,2982.25,195753
2021-06-24 09:54:33,2982.25,195753
2021-06-24 09:54:35,2982.3,195758
2021-06-24 09:54:35,2982.3,195758
2021-06-24 09:54:36,2982.3,195758
2021-06-24 09:54:37,2983.0,195768
2021-06-24 09:54:38,2983.0,195769
2021-06-24 09:54:39,2983.0,195769
2021-06-24 09:54:40,2983.0,195769
2021-06-24 09:54:41,2982.35,195771
2021-06-24 09:54:42,2982.35,195771
2021-06-24 09:54:44,2983.0,195777
2021-06-24 09:54:44,2982.35,195782
2021-06-24 09:54:45,2983.0,195783
2021-06-24 09:54:46,2983.0,195786
2021-06-24 09:54:47,2982.4,195792
2021-06-24 09:54:48,2983.0,195822
2021-06-24 09:54:51,2982.55,195886
2021-06-24 09:54:52,2983.0,195887
2021-06-24 09:54:53,2983.0,195914
2021-06-24 09:54:53,2982.55,195904
2021-06-24 09:54:54,2983.0,195914
2021-06-24 09:54:55,2983.0,195914
2021-06-24 09:54:56,2983.0,195914
2021-06-24 09:54:57,2982.55,195937
2021-06-24 09:54:59,2983.0,195942
2021-06-24 09:55:00,2982.4,196033
2021-06-24 09:55:01,2982.4,196085
2021-06-24 09:55:02,2983.0,196166
2021-06-24 09:55:02,2983.0,196166
2021-06-24 09:55:03,2983.0,196173
2021-06-24 09:55:04,2983.75,196198
2021-06-24 09:55:06,2982.05,196278
2021-06-24 09:55:08,2983.75,196348
2021-06-24 09:55:09,2983.75,196352
2021-06-24 09:55:09,2983.75,196352
2021-06-24 09:55:10,2983.0,196362
2021-06-24 09:55:11,2983.0,196362
2021-06-24 09:55:12,2983.0,196363
2021-06-24 09:55:13,2983.0,196363
2021-06-24 09:55:14,2983.7,196384
2021-06-24 09:55:15,2983.7,196384
2021-06-24 09:55:17,2983.7,196384
2021-06-24 09:55:18,2983.7,196384
2021-06-24 09:55:18,2983.7,196384
2021-06-24 09:55:19,2983.7,196384
2021-06-24 09:55:21,2983.7,196386
2021-06-24 09:55:22,2983.7,196386
2021-06-24 09:55:23,2983.7,196388
2021-06-24 09:55:24,2983.7,196413
2021-06-24 09:55:24,2983.7,196413
2021-06-24 09:55:25,2983.7,196413
2021-06-24 09:55:27,2983.7,196413
2021-06-24 09:55:29,2983.7,196413
2021-06-24 09:55:30,2983.7,196413
2021-06-24 09:55:31,2983.7,196413
2021-06-24 09:55:32,2983.7,196416
2021-06-24 09:55:33,2983.7,196418
2021-06-24 09:55:34,2983.7,196418
2021-06-24 09:55:34,2983.7,196418
2021-06-24 09:55:35,2983.0,196573
2021-06-24 09:55:36,2982.6,196574
2021-06-24 09:55:38,2982.6,196581
2021-06-24 09:55:39,2982.6,196581
2021-06-24 09:55:42,2982.6,196581
2021-06-24 09:55:44,2982.0,196591
2021-06-24 09:55:45,2982.0,196591
2021-06-24 09:55:46,2982.0,196591
2021-06-24 09:55:47,2981.0,196756
2021-06-24 09:55:48,2982.0,196760
2021-06-24 09:55:49,2982.0,196760
2021-06-24 09:55:50,2981.0,196855
2021-06-24 09:55:51,2981.6,196856
2021-06-24 09:55:52,2981.85,196869
2021-06-24 09:55:53,2981.4,196969
2021-06-24 09:55:54,2980.0,197410
2021-06-24 09:55:55,2981.55,197510
2021-06-24 09:55:56,2981.65,197622
2021-06-24 09:55:57,2981.65,197622
2021-06-24 09:55:57,2981.65,197622
2021-06-24 09:55:58,2981.65,197622
2021-06-24 09:55:59,2981.55,197632
2021-06-24 09:56:01,2981.55,197632
2021-06-24 09:56:02,2981.55,197632
2021-06-24 09:56:03,2980.65,197634
2021-06-24 09:56:03,2980.65,197634
2021-06-24 09:56:05,2981.45,197635
2021-06-24 09:56:06,2980.65,197660
2021-06-24 09:56:06,2980.65,197660
2021-06-24 09:56:07,2980.65,197660
2021-06-24 09:56:09,2980.65,197741
2021-06-24 09:56:10,2981.0,197743
2021-06-24 09:56:11,2981.0,197743
2021-06-24 09:56:12,2981.0,197819
2021-06-24 09:56:14,2981.0,197851
2021-06-24 09:56:15,2981.0,197856
2021-06-24 09:56:16,2981.05,197975
2021-06-24 09:56:18,2982.6,198075
2021-06-24 09:56:19,2982.9,198166
2021-06-24 09:56:20,2982.9,198166
2021-06-24 09:56:20,2982.9,198166
2021-06-24 09:56:21,2982.9,198167
2021-06-24 09:56:23,2982.0,198175
2021-06-24 09:56:24,2982.9,198178
2021-06-24 09:56:25,2982.9,198178
2021-06-24 09:56:28,2982.9,198178
2021-06-24 09:56:29,2982.05,198200
2021-06-24 09:56:30,2982.9,198201
2021-06-24 09:56:31,2982.0,198251
2021-06-24 09:56:32,2982.5,198302
2021-06-24 09:56:33,2982.9,198303
2021-06-24 09:56:34,2982.9,198303
2021-06-24 09:56:35,2982.05,198308
2021-06-24 09:56:36,2982.05,198308
2021-06-24 09:56:37,2982.05,198308
2021-06-24 09:56:38,2982.1,198313
2021-06-24 09:56:40,2982.1,198313
2021-06-24 09:56:41,2982.1,198313
2021-06-24 09:56:42,2982.1,198313
2021-06-24 09:56:43,2982.9,198314
2021-06-24 09:56:43,2982.9,198314
2021-06-24 09:56:44,2982.9,198324
2021-06-24 09:56:45,2982.9,198325
2021-06-24 09:56:46,2982.05,198360
2021-06-24 09:56:47,2982.05,198360
2021-06-24 09:56:49,2982.9,198370
2021-06-24 09:56:49,2982.9,198421
2021-06-24 09:56:50,2982.9,198421
2021-06-24 09:56:52,2982.9,198422
2021-06-24 09:56:53,2982.05,198487
2021-06-24 09:56:54,2982.05,198487
2021-06-24 09:56:55,2982.9,198488
2021-06-24 09:56:56,2982.9,198488
2021-06-24 09:56:56,2982.9,198488
2021-06-24 09:56:58,2982.9,198557
2021-06-24 09:56:59,2982.9,198558
2021-06-24 09:57:00,2981.95,198644
2021-06-24 09:57:01,2981.95,198644
2021-06-24 09:57:02,2981.95,198644
2021-06-24 09:57:04,2982.9,198649
2021-06-24 09:57:05,2982.9,198651
2021-06-24 09:57:06,2982.15,198664
2021-06-24 09:57:07,2982.15,198664
2021-06-24 09:57:08,2982.7,198682
2021-06-24 09:57:09,2982.7,198682
2021-06-24 09:57:09,2982.7,198682
2021-06-24 09:57:10,2982.7,198682
2021-06-24 09:57:11,2982.7,198682
2021-06-24 09:57:12,2982.15,198684
2021-06-24 09:57:14,2982.7,198687
2021-06-24 09:57:15,2982.7,198687
2021-06-24 09:57:16,2982.15,198688
2021-06-24 09:57:17,2982.7,198695
2021-06-24 09:57:18,2982.7,198695
2021-06-24 09:57:18,2982.7,198695
2021-06-24 09:57:19,2982.7,198695
2021-06-24 09:57:20,2982.7,198695
2021-06-24 09:57:21,2982.6,198700
2021-06-24 09:57:22,2982.15,198704
2021-06-24 09:57:23,2982.15,198704
2021-06-24 09:57:24,2982.15,198704
2021-06-24 09:57:25,2982.15,198704
2021-06-24 09:57:26,2982.6,198712
2021-06-24 09:57:28,2982.15,198783
2021-06-24 09:57:28,2982.6,198784
2021-06-24 09:57:29,2982.5,198884
2021-06-24 09:57:31,2982.5,198884
2021-06-24 09:57:32,2982.5,198884
2021-06-24 09:57:33,2982.35,199035
2021-06-24 09:57:34,2982.35,199035
2021-06-24 09:57:35,2982.3,199038
2021-06-24 09:57:36,2982.3,199038
2021-06-24 09:57:37,2982.3,199038
2021-06-24 09:57:38,2982.3,199038
2021-06-24 09:57:39,2982.0,199073
2021-06-24 09:57:40,2981.6,199087
2021-06-24 09:57:40,2981.6,199087
2021-06-24 09:57:43,2981.6,199087
2021-06-24 09:57:44,2981.6,199087
2021-06-24 09:57:44,2982.05,199088
2021-06-24 09:57:45,2981.6,199098
2021-06-24 09:57:46,2981.6,199098
2021-06-24 09:57:48,2981.0,199212
2021-06-24 09:57:49,2981.85,199299
2021-06-24 09:57:50,2981.85,199299
2021-06-24 09:57:51,2981.85,199299
2021-06-24 09:57:52,2980.65,199311
2021-06-24 09:57:53,2981.8,199321
2021-06-24 09:57:54,2981.8,199321
2021-06-24 09:57:55,2981.8,199321
2021-06-24 09:57:56,2980.1,199417
2021-06-24 09:57:57,2980.0,199672
2021-06-24 09:57:58,2981.4,199675
2021-06-24 09:57:59,2981.4,199745
2021-06-24 09:58:00,2981.4,199860
2021-06-24 09:58:01,2981.4,199860
2021-06-24 09:58:01,2981.4,199860
2021-06-24 09:58:02,2980.0,200110
2021-06-24 09:58:03,2980.0,200110
2021-06-24 09:58:04,2980.0,200110
2021-06-24 09:58:06,2981.25,200154
2021-06-24 09:58:06,2980.4,200155
2021-06-24 09:58:08,2980.4,200155
2021-06-24 09:58:08,2981.25,200156
2021-06-24 09:58:09,2981.2,200157
2021-06-24 09:58:11,2981.2,200157
2021-06-24 09:58:12,2981.2,200157
2021-06-24 09:58:13,2981.2,200164
2021-06-24 09:58:14,2980.05,200169
2021-06-24 09:58:15,2980.05,200169
2021-06-24 09:58:16,2981.2,200194
2021-06-24 09:58:17,2981.2,200194
2021-06-24 09:58:18,2981.2,200194
2021-06-24 09:58:19,2981.1,200196
2021-06-24 09:58:20,2981.1,200196
2021-06-24 09:58:21,2980.8,200701
2021-06-24 09:58:22,2981.05,200839
2021-06-24 09:58:23,2980.8,200847
2021-06-24 09:58:24,2980.8,200847
2021-06-24 09:58:25,2980.8,200847
2021-06-24 09:58:26,2980.8,200848
2021-06-24 09:58:27,2980.8,200848
2021-06-24 09:58:28,2980.8,200848
2021-06-24 09:58:30,2980.8,200850
2021-06-24 09:58:31,2980.8,200850
2021-06-24 09:58:32,2980.8,200850
2021-06-24 09:58:32,2980.8,200850
2021-06-24 09:58:34,2980.0,200874
2021-06-24 09:58:36,2980.8,200977
2021-06-24 09:58:37,2980.8,201027
2021-06-24 09:58:39,2980.8,201055
2021-06-24 09:58:40,2980.8,201056
2021-06-24 09:58:41,2981.5,201356
2021-06-24 09:58:42,2981.0,201413
2021-06-24 09:58:44,2981.85,201518
2021-06-24 09:58:45,2981.85,201518
2021-06-24 09:58:46,2980.8,201528
2021-06-24 09:58:47,2980.8,201629
2021-06-24 09:58:48,2980.8,201629
2021-06-24 09:58:49,2980.8,201629
2021-06-24 09:58:50,2980.3,201653
2021-06-24 09:58:51,2980.3,201653
2021-06-24 09:58:52,2980.3,201653
2021-06-24 09:58:54,2980.3,201653
2021-06-24 09:58:55,2981.45,201678
2021-06-24 09:58:56,2981.45,201678
2021-06-24 09:58:57,2981.45,201678
2021-06-24 09:58:58,2981.0,201680
2021-06-24 09:58:59,2981.45,201684
2021-06-24 09:59:00,2981.45,201684
2021-06-24 09:59:01,2981.0,201758
2021-06-24 09:59:02,2981.0,201758
2021-06-24 09:59:03,2981.0,201758
2021-06-24 09:59:04,2981.0,201758
2021-06-24 09:59:04,2981.0,201761
2021-06-24 09:59:05,2981.0,201761
2021-06-24 09:59:07,2981.0,201761
2021-06-24 09:59:08,2981.45,201819
2021-06-24 09:59:09,2981.45,201919
2021-06-24 09:59:11,2981.7,202060
2021-06-24 09:59:12,2981.7,202060
2021-06-24 09:59:13,2980.55,202305
2021-06-24 09:59:14,2980.55,202305
2021-06-24 09:59:15,2980.55,202305
2021-06-24 09:59:16,2981.7,202333
2021-06-24 09:59:17,2982.0,203324
2021-06-24 09:59:19,2982.9,203503
2021-06-24 09:59:20,2982.35,203505
2021-06-24 09:59:21,2982.9,203506
2021-06-24 09:59:22,2982.9,203506
2021-06-24 09:59:23,2982.9,203521
2021-06-24 09:59:24,2982.9,203534
2021-06-24 09:59:24,2982.9,203534
2021-06-24 09:59:25,2982.9,203534
2021-06-24 09:59:26,2982.9,203544
2021-06-24 09:59:27,2982.9,203544
2021-06-24 09:59:29,2982.9,203553
2021-06-24 09:59:30,2982.9,203553
2021-06-24 09:59:31,2981.9,203653
2021-06-24 09:59:32,2981.9,203653
2021-06-24 09:59:33,2981.9,203658
2021-06-24 09:59:34,2982.9,203683
2021-06-24 09:59:35,2982.9,203686
2021-06-24 09:59:36,2982.9,203686
2021-06-24 09:59:37,2982.9,203686
2021-06-24 09:59:38,2982.9,203703
2021-06-24 09:59:39,2982.9,203703
2021-06-24 09:59:40,2982.9,203703
2021-06-24 09:59:41,2982.0,203704
2021-06-24 09:59:41,2982.0,203704
2021-06-24 09:59:42,2982.9,203707
2021-06-24 09:59:44,2982.9,203757
2021-06-24 09:59:45,2981.65,203988
2021-06-24 09:59:46,2983.65,204100
2021-06-24 09:59:47,2983.65,204100
2021-06-24 09:59:48,2983.65,204100
2021-06-24 09:59:49,2983.5,204116
2021-06-24 09:59:50,2983.5,204116
2021-06-24 09:59:52,2983.5,204116
2021-06-24 09:59:52,2983.5,204116
2021-06-24 09:59:53,2983.5,204116
2021-06-24 09:59:55,2983.5,204116
2021-06-24 09:59:57,2983.95,204290
2021-06-24 09:59:58,2983.95,204290
2021-06-24 09:59:59,2983.95,204290
2021-06-24 10:00:00,2982.7,204292
2021-06-24 10:00:01,2983.95,204297
2021-06-24 10:00:02,2983.95,204297
2021-06-24 10:00:03,2983.95,204297
2021-06-24 10:00:04,2983.95,204310
2021-06-24 10:00:05,2982.15,204423
2021-06-24 10:00:06,2983.85,204514
2021-06-24 10:00:06,2983.85,204514
2021-06-24 10:00:07,2982.3,204556
2021-06-24 10:00:09,2982.3,204556
2021-06-24 10:00:11,2982.3,204556
2021-06-24 10:00:12,2982.3,204556
2021-06-24 10:00:13,2982.3,204556
2021-06-24 10:00:14,2982.3,204556
2021-06-24 10:00:15,2983.7,204571
2021-06-24 10:00:16,2983.7,204571
2021-06-24 10:00:16,2983.7,204571
2021-06-24 10:00:18,2982.25,204621
2021-06-24 10:00:19,2982.25,204621
2021-06-24 10:00:20,2983.7,204629
2021-06-24 10:00:22,2983.1,204760
2021-06-24 10:00:23,2982.6,204803
2021-06-24 10:00:24,2983.15,204820
2021-06-24 10:00:25,2983.15,204879
2021-06-24 10:00:26,2983.15,204879
2021-06-24 10:00:27,2983.65,204895
2021-06-24 10:00:28,2984.0,205118
2021-06-24 10:00:29,2984.0,205118
2021-06-24 10:00:30,2984.0,205158
2021-06-24 10:00:32,2984.0,205208
2021-06-24 10:00:33,2984.0,205268
2021-06-24 10:00:33,2983.95,205270
2021-06-24 10:00:35,2983.7,205315
2021-06-24 10:00:36,2983.7,205315
2021-06-24 10:00:37,2983.7,205315
2021-06-24 10:00:38,2983.95,205320
2021-06-24 10:00:39,2983.95,205320
2021-06-24 10:00:40,2983.95,205321
2021-06-24 10:00:41,2982.65,205337
2021-06-24 10:00:42,2983.95,205363
2021-06-24 10:00:43,2983.95,205363
2021-06-24 10:00:43,2983.95,205403
2021-06-24 10:00:45,2983.95,205403
2021-06-24 10:00:47,2983.0,205421
2021-06-24 10:00:49,2983.95,205468
2021-06-24 10:00:49,2983.95,205468
2021-06-24 10:00:51,2984.85,205984
2021-06-24 10:00:51,2984.5,205877
2021-06-24 10:00:54,2984.85,205986
2021-06-24 10:00:55,2984.85,205986
2021-06-24 10:00:56,2984.85,205986
2021-06-24 10:00:57,2984.85,205986
2021-06-24 10:00:58,2984.85,205987
2021-06-24 10:00:58,2984.7,205989
2021-06-24 10:01:00,2984.7,205989
2021-06-24 10:01:01,2984.7,205992
2021-06-24 10:01:02,2983.95,205994
2021-06-24 10:01:03,2983.95,205994
2021-06-24 10:01:04,2984.7,206044
2021-06-24 10:01:04,2983.6,206183
2021-06-24 10:01:06,2984.85,206203
2021-06-24 10:01:08,2984.85,206203
2021-06-24 10:01:09,2984.85,206203
2021-06-24 10:01:11,2984.0,206210
2021-06-24 10:01:12,2984.0,206210
2021-06-24 10:01:13,2983.7,206249
2021-06-24 10:01:14,2984.7,206252
2021-06-24 10:01:15,2984.85,206462
2021-06-24 10:01:16,2984.85,206609
2021-06-24 10:01:18,2984.85,206632
2021-06-24 10:01:19,2985.0,206842
2021-06-24 10:01:20,2985.0,206844
2021-06-24 10:01:21,2985.0,206844
2021-06-24 10:01:22,2985.0,206897
2021-06-24 10:01:23,2985.0,206958
2021-06-24 10:01:24,2985.0,206958
2021-06-24 10:01:25,2985.0,206958
2021-06-24 10:01:26,2984.15,207187
2021-06-24 10:01:27,2984.15,207187
2021-06-24 10:01:28,2984.15,207187
2021-06-24 10:01:29,2985.55,207220
2021-06-24 10:01:30,2985.55,207220
2021-06-24 10:01:31,2985.55,207220
2021-06-24 10:01:32,2985.55,207220
2021-06-24 10:01:33,2984.15,207317
2021-06-24 10:01:34,2985.45,207381
2021-06-24 10:01:35,2984.25,207537
2021-06-24 10:01:36,2984.25,207537
2021-06-24 10:01:37,2984.25,207537
2021-06-24 10:01:39,2985.4,207540
2021-06-24 10:01:40,2985.4,207555
2021-06-24 10:01:41,2985.4,207575
2021-06-24 10:01:42,2985.4,207575
2021-06-24 10:01:43,2985.4,207575
2021-06-24 10:01:44,2985.4,207575
2021-06-24 10:01:45,2985.4,207575
2021-06-24 10:01:46,2985.4,207575
2021-06-24 10:01:47,2984.35,207671
2021-06-24 10:01:48,2984.35,207671
2021-06-24 10:01:49,2984.35,207671
2021-06-24 10:01:50,2984.35,207671
2021-06-24 10:01:51,2984.35,207671
2021-06-24 10:01:53,2984.35,207671
2021-06-24 10:01:54,2985.15,207689
2021-06-24 10:01:55,2985.15,207689
2021-06-24 10:01:56,2984.4,207728
2021-06-24 10:01:57,2985.15,207789
2021-06-24 10:01:58,2985.15,207789
2021-06-24 10:01:59,2985.15,207789
2021-06-24 10:02:00,2985.15,207789
2021-06-24 10:02:01,2985.85,207991
2021-06-24 10:02:02,2985.85,207991
2021-06-24 10:02:03,2985.8,208059
2021-06-24 10:02:04,2985.8,208059
2021-06-24 10:02:05,2985.8,208059
2021-06-24 10:02:06,2985.65,208060
2021-06-24 10:02:08,2985.0,208063
2021-06-24 10:02:09,2985.0,208063
2021-06-24 10:02:10,2985.0,208063
2021-06-24 10:02:12,2985.0,208063
2021-06-24 10:02:13,2985.45,208113
2021-06-24 10:02:15,2985.45,208331
2021-06-24 10:02:16,2985.45,208331
2021-06-24 10:02:17,2985.45,208331
2021-06-24 10:02:18,2985.45,208331
2021-06-24 10:02:19,2985.45,208331
2021-06-24 10:02:20,2985.45,208331
2021-06-24 10:02:21,2985.45,208331
2021-06-24 10:02:22,2985.45,208381
2021-06-24 10:02:23,2985.45,208381
2021-06-24 10:02:25,2984.0,208968
2021-06-24 10:02:26,2984.0,208968
2021-06-24 10:02:27,2984.0,208968
2021-06-24 10:02:28,2983.8,208970
2021-06-24 10:02:29,2983.8,208970
2021-06-24 10:02:30,2983.8,208970
2021-06-24 10:02:31,2983.8,208970
2021-06-24 10:02:32,2983.8,208970
2021-06-24 10:02:33,2982.5,209005
2021-06-24 10:02:34,2982.5,209005
2021-06-24 10:02:35,2982.5,209005
2021-06-24 10:02:36,2982.5,209005
2021-06-24 10:02:37,2982.5,209005
2021-06-24 10:02:38,2983.8,209013
2021-06-24 10:02:39,2983.8,209013
2021-06-24 10:02:40,2983.8,209013
2021-06-24 10:02:41,2983.8,209013
2021-06-24 10:02:42,2983.25,209214
2021-06-24 10:02:43,2983.25,209214
2021-06-24 10:02:44,2983.25,209214
2021-06-24 10:02:45,2983.55,209414
2021-06-24 10:02:46,2983.8,209492
2021-06-24 10:02:47,2983.8,209492
2021-06-24 10:02:48,2982.9,209517
2021-06-24 10:02:49,2983.6,209539
2021-06-24 10:02:50,2982.6,209542
2021-06-24 10:02:51,2983.6,209559
2021-06-24 10:02:52,2983.6,209559
2021-06-24 10:02:53,2983.6,209559
2021-06-24 10:02:54,2983.6,209559
2021-06-24 10:02:55,2983.6,209559
2021-06-24 10:02:56,2983.65,209729
2021-06-24 10:02:57,2983.8,209745
2021-06-24 10:02:58,2983.8,209790
2021-06-24 10:02:59,2983.8,209790
2021-06-24 10:03:00,2983.8,209790
2021-06-24 10:03:01,2983.8,209790
2021-06-24 10:03:02,2983.8,209790
2021-06-24 10:03:03,2983.85,209797
2021-06-24 10:03:04,2983.85,209797
2021-06-24 10:03:05,2983.85,209797
2021-06-24 10:03:06,2983.85,209860
2021-06-24 10:03:07,2983.85,209860
2021-06-24 10:03:08,2984.2,209865
2021-06-24 10:03:09,2984.2,209865
2021-06-24 10:03:10,2983.85,209875
2021-06-24 10:03:11,2984.2,209930
2021-06-24 10:03:12,2983.85,209931
2021-06-24 10:03:13,2983.85,209931
2021-06-24 10:03:14,2983.85,209931
2021-06-24 10:03:15,2983.85,209935
2021-06-24 10:03:16,2983.85,209935
2021-06-24 10:03:18,2983.85,209935
2021-06-24 10:03:19,2983.85,209935
2021-06-24 10:03:20,2983.85,209935
2021-06-24 10:03:22,2983.9,210048
2021-06-24 10:03:23,2983.9,210048
2021-06-24 10:03:24,2983.9,210048
2021-06-24 10:03:25,2983.9,210048
2021-06-24 10:03:26,2984.2,210113
2021-06-24 10:03:27,2984.2,210113
2021-06-24 10:03:29,2984.2,210113
2021-06-24 10:03:28,2984.2,210113
2021-06-24 10:03:30,2985.15,210123
2021-06-24 10:03:31,2985.25,210140
2021-06-24 10:03:32,2985.25,210140
2021-06-24 10:03:33,2985.25,210140
2021-06-24 10:03:34,2985.25,210140
2021-06-24 10:03:35,2985.1,210141
2021-06-24 10:03:36,2985.1,210141
2021-06-24 10:03:37,2985.1,210141
2021-06-24 10:03:38,2985.1,210141
2021-06-24 10:03:39,2985.1,210141
2021-06-24 10:03:40,2985.1,210141
2021-06-24 10:03:41,2985.1,210141
2021-06-24 10:03:43,2983.9,210143
2021-06-24 10:03:43,2983.9,210143
2021-06-24 10:03:44,2984.9,210153
2021-06-24 10:03:45,2984.9,210215
2021-06-24 10:03:47,2984.9,210215
2021-06-24 10:03:49,2985.35,210339
2021-06-24 10:03:50,2985.35,210339
2021-06-24 10:03:51,2985.35,210339
2021-06-24 10:03:52,2985.2,210366
2021-06-24 10:03:53,2983.9,210577
2021-06-24 10:03:54,2983.9,210577
2021-06-24 10:03:55,2983.9,210577
2021-06-24 10:03:56,2983.9,210577
2021-06-24 10:03:57,2984.9,210587
2021-06-24 10:03:58,2984.9,210617
2021-06-24 10:03:59,2984.9,210693
2021-06-24 10:04:00,2984.9,210693
2021-06-24 10:04:02,2984.9,210693
2021-06-24 10:04:03,2984.9,210703
2021-06-24 10:04:04,2984.9,210703
2021-06-24 10:04:05,2984.9,210703
2021-06-24 10:04:06,2984.9,210703
2021-06-24 10:04:08,2984.9,210703
2021-06-24 10:04:09,2984.9,210703
2021-06-24 10:04:10,2984.9,210703
2021-06-24 10:04:11,2984.9,210703
2021-06-24 10:04:12,2984.4,210787
2021-06-24 10:04:13,2984.4,210787
2021-06-24 10:04:14,2984.6,210797
2021-06-24 10:04:15,2983.2,210798
2021-06-24 10:04:16,2983.2,210798
2021-06-24 10:04:17,2983.2,210798
2021-06-24 10:04:18,2984.7,210801
2021-06-24 10:04:19,2984.7,210801
2021-06-24 10:04:20,2984.7,210801
2021-06-24 10:04:21,2984.7,210801
2021-06-24 10:04:22,2984.7,210801
2021-06-24 10:04:23,2984.7,210801
2021-06-24 10:04:24,2984.7,210801
2021-06-24 10:04:25,2983.8,210802
2021-06-24 10:04:26,2983.8,210803
2021-06-24 10:04:27,2983.8,210803
2021-06-24 10:04:28,2983.8,210803
2021-06-24 10:04:29,2983.45,210949
2021-06-24 10:04:30,2983.45,210949
2021-06-24 10:04:31,2984.65,210950
2021-06-24 10:04:32,2984.65,210950
2021-06-24 10:04:33,2984.65,210950
2021-06-24 10:04:34,2983.15,210951
2021-06-24 10:04:35,2983.1,210961
2021-06-24 10:04:36,2983.1,210961
2021-06-24 10:04:37,2983.1,210961
2021-06-24 10:04:38,2983.1,210961
2021-06-24 10:04:39,2983.1,210961
2021-06-24 10:04:41,2983.0,211052
2021-06-24 10:04:42,2983.65,211070
2021-06-24 10:04:43,2983.65,211070
2021-06-24 10:04:44,2983.65,211070
2021-06-24 10:04:45,2983.0,211072
2021-06-24 10:04:46,2983.0,211072
2021-06-24 10:04:47,2983.0,211072
2021-06-24 10:04:49,2983.0,211072
2021-06-24 10:04:49,2983.0,211122
2021-06-24 10:04:50,2983.0,211122
2021-06-24 10:04:52,2983.0,211122
2021-06-24 10:04:52,2983.0,211122
2021-06-24 10:04:54,2983.0,211125
2021-06-24 10:04:55,2983.0,211125
2021-06-24 10:04:56,2983.7,211221
2021-06-24 10:04:57,2983.0,211289
2021-06-24 10:04:57,2983.0,211289
2021-06-24 10:04:58,2983.0,211289
2021-06-24 10:04:59,2983.0,211289
2021-06-24 10:05:00,2983.0,211330
2021-06-24 10:05:01,2983.0,211330
2021-06-24 10:05:02,2983.0,211330
2021-06-24 10:05:03,2982.0,211528
2021-06-24 10:05:04,2983.65,211604
2021-06-24 10:05:05,2982.1,211609
2021-06-24 10:05:06,2982.1,211609
2021-06-24 10:05:07,2982.1,211609
2021-06-24 10:05:08,2983.4,211613
2021-06-24 10:05:09,2983.4,211613
2021-06-24 10:05:10,2983.4,211613
2021-06-24 10:05:11,2983.4,211613
2021-06-24 10:05:12,2983.4,211614
2021-06-24 10:05:13,2983.4,211614
2021-06-24 10:05:14,2983.4,211614
2021-06-24 10:05:15,2983.4,211614
2021-06-24 10:05:17,2982.45,211654
2021-06-24 10:05:17,2982.45,211654
2021-06-24 10:05:18,2982.45,211654
2021-06-24 10:05:19,2983.4,211676
2021-06-24 10:05:21,2983.4,211811
2021-06-24 10:05:22,2983.4,211811
2021-06-24 10:05:23,2985.3,212023
2021-06-24 10:05:23,2983.45,211960
2021-06-24 10:05:24,2985.3,212023
2021-06-24 10:05:25,2985.3,212023
2021-06-24 10:05:26,2983.75,212024
2021-06-24 10:05:27,2983.75,212024
2021-06-24 10:05:28,2983.75,212024
2021-06-24 10:05:29,2984.85,212034
2021-06-24 10:05:30,2984.85,212034
2021-06-24 10:05:31,2984.85,212034
2021-06-24 10:05:32,2984.85,212034
2021-06-24 10:05:33,2983.8,212095
2021-06-24 10:05:34,2983.8,212095
2021-06-24 10:05:36,2983.8,212095
2021-06-24 10:05:37,2984.7,212198
2021-06-24 10:05:37,2984.7,212198
2021-06-24 10:05:39,2984.7,212198
2021-06-24 10:05:40,2984.7,212198
2021-06-24 10:05:41,2984.7,212198
2021-06-24 10:05:41,2984.7,212198
2021-06-24 10:05:42,2984.7,212198
2021-06-24 10:05:43,2984.7,212198
2021-06-24 10:05:44,2984.7,212198
2021-06-24 10:05:45,2984.7,212228
2021-06-24 10:05:46,2984.7,212228
2021-06-24 10:05:47,2984.7,212228
2021-06-24 10:05:48,2984.7,212429
2021-06-24 10:05:50,2984.7,212429
2021-06-24 10:05:50,2984.7,212568
2021-06-24 10:05:51,2984.7,212568
2021-06-24 10:05:53,2984.85,212594
2021-06-24 10:05:54,2984.85,212594
2021-06-24 10:05:55,2984.85,212594
2021-06-24 10:05:56,2984.85,212594
2021-06-24 10:05:57,2984.85,212594
2021-06-24 10:05:57,2984.85,212594
2021-06-24 10:05:58,2984.85,212594
2021-06-24 10:05:59,2984.85,212595
2021-06-24 10:06:01,2984.85,212595
2021-06-24 10:06:02,2984.85,212595
2021-06-24 10:06:03,2984.85,212597
2021-06-24 10:06:04,2984.85,212597
2021-06-24 10:06:05,2984.7,212655
2021-06-24 10:06:06,2984.85,212689
2021-06-24 10:06:07,2984.85,212689
2021-06-24 10:06:08,2984.85,212689
2021-06-24 10:06:09,2984.85,212689
2021-06-24 10:06:10,2984.85,212689
2021-06-24 10:06:12,2984.85,212689
2021-06-24 10:06:15,2985.0,212747
2021-06-24 10:06:15,2985.0,212747
2021-06-24 10:06:16,2985.0,212747
2021-06-24 10:06:17,2985.0,212747
2021-06-24 10:06:18,2984.85,212768
2021-06-24 10:06:19,2984.85,212834
2021-06-24 10:06:21,2984.7,212942
2021-06-24 10:06:22,2984.7,212942
2021-06-24 10:06:23,2984.7,212944
2021-06-24 10:06:24,2984.7,212944
2021-06-24 10:06:25,2984.7,212944
2021-06-24 10:06:25,2984.7,212944
2021-06-24 10:06:26,2985.0,213169
2021-06-24 10:06:27,2985.0,213197
2021-06-24 10:06:28,2985.3,213251
2021-06-24 10:06:29,2985.3,213251
2021-06-24 10:06:31,2985.3,213251
2021-06-24 10:06:31,2985.3,213251
2021-06-24 10:06:33,2985.3,213270
2021-06-24 10:06:34,2985.3,213270
2021-06-24 10:06:35,2985.3,213270
2021-06-24 10:06:36,2985.3,213270
2021-06-24 10:06:36,2985.3,213270
2021-06-24 10:06:37,2985.3,213270
2021-06-24 10:06:38,2985.3,213270
2021-06-24 10:06:40,2985.25,213272
2021-06-24 10:06:41,2985.25,213272
2021-06-24 10:06:42,2985.0,213344
2021-06-24 10:06:42,2985.25,213345
2021-06-24 10:06:43,2985.0,213501
2021-06-24 10:06:45,2985.25,213510
2021-06-24 10:06:45,2985.25,213510
2021-06-24 10:06:46,2985.3,213943
2021-06-24 10:06:47,2985.75,214030
2021-06-24 10:06:48,2985.4,214031
2021-06-24 10:06:49,2986.3,214699
2021-06-24 10:06:50,2986.75,214817
2021-06-24 10:06:51,2986.75,214817
2021-06-24 10:06:52,2986.0,214821
2021-06-24 10:06:53,2986.95,214864
2021-06-24 10:06:54,2986.95,214864
2021-06-24 10:06:55,2986.95,214864
2021-06-24 10:06:56,2986.95,214894
2021-06-24 10:06:57,2985.8,214899
2021-06-24 10:06:58,2985.8,214899
2021-06-24 10:06:59,2985.8,214899
2021-06-24 10:07:00,2986.95,214907
2021-06-24 10:07:01,2986.95,214907
2021-06-24 10:07:03,2986.95,214907
2021-06-24 10:07:04,2986.1,215008
2021-06-24 10:07:05,2986.1,215008
2021-06-24 10:07:06,2986.95,215010
2021-06-24 10:07:07,2986.95,215010
2021-06-24 10:07:08,2986.95,215010
2021-06-24 10:07:08,2986.95,215010
2021-06-24 10:07:09,2986.95,215010
2021-06-24 10:07:10,2986.95,215010
2021-06-24 10:07:11,2986.0,215303
2021-06-24 10:07:12,2986.95,215389
2021-06-24 10:07:13,2986.95,215389
2021-06-24 10:07:14,2986.95,215389
2021-06-24 10:07:15,2986.95,215389
2021-06-24 10:07:16,2986.95,215409
2021-06-24 10:07:17,2987.0,215734
2021-06-24 10:07:18,2987.0,215734
2021-06-24 10:07:19,2987.55,215820
2021-06-24 10:07:20,2987.55,215825
2021-06-24 10:07:21,2987.55,215825
2021-06-24 10:07:22,2987.55,215825
2021-06-24 10:07:23,2987.55,215825
2021-06-24 10:07:25,2987.4,215875
2021-06-24 10:07:26,2987.8,216045
2021-06-24 10:07:27,2987.8,216045
2021-06-24 10:07:28,2987.8,216045
2021-06-24 10:07:28,2987.8,216115
2021-06-24 10:07:29,2988.05,216173
2021-06-24 10:07:30,2988.05,216173
2021-06-24 10:07:31,2988.05,216173
2021-06-24 10:07:34,2987.8,216229
2021-06-24 10:07:35,2987.8,216229
2021-06-24 10:07:35,2987.8,216229
2021-06-24 10:07:36,2987.8,216229
2021-06-24 10:07:38,2987.8,216229
2021-06-24 10:07:39,2987.8,216229
2021-06-24 10:07:40,2987.8,216329
2021-06-24 10:07:41,2987.8,216329
2021-06-24 10:07:42,2987.8,216329
2021-06-24 10:07:43,2987.8,216329
2021-06-24 10:07:45,2987.5,216339
2021-06-24 10:07:46,2987.5,216349
2021-06-24 10:07:47,2987.5,216349
2021-06-24 10:07:47,2987.5,216349
2021-06-24 10:07:48,2987.5,216349
2021-06-24 10:07:50,2987.5,216349
2021-06-24 10:07:51,2987.45,216350
2021-06-24 10:07:52,2987.45,216350
2021-06-24 10:07:53,2987.45,216350
2021-06-24 10:07:53,2987.2,216418
2021-06-24 10:07:54,2987.45,216441
2021-06-24 10:07:55,2987.2,216442
2021-06-24 10:07:56,2987.2,216442
2021-06-24 10:07:58,2987.45,216443
2021-06-24 10:07:59,2987.2,216544
2021-06-24 10:08:00,2987.45,216610
2021-06-24 10:08:01,2987.5,216660
2021-06-24 10:08:02,2987.5,216660
2021-06-24 10:08:02,2987.5,216660
2021-06-24 10:08:04,2987.2,216671
2021-06-24 10:08:05,2987.2,216671
2021-06-24 10:08:06,2987.45,216701
2021-06-24 10:08:07,2988.35,216951
2021-06-24 10:08:08,2987.2,217026
2021-06-24 10:08:09,2987.45,217087
2021-06-24 10:08:10,2988.1,217095
2021-06-24 10:08:11,2988.1,217095
2021-06-24 10:08:12,2987.75,217096
2021-06-24 10:08:13,2987.75,217207
2021-06-24 10:08:13,2988.25,217307
2021-06-24 10:08:14,2988.25,217307
2021-06-24 10:08:15,2988.25,217307
2021-06-24 10:08:16,2988.25,217307
2021-06-24 10:08:17,2988.6,217407
2021-06-24 10:08:20,2988.7,217478
2021-06-24 10:08:21,2987.45,217484
2021-06-24 10:08:22,2987.45,217484
2021-06-24 10:08:23,2987.45,217484
2021-06-24 10:08:23,2987.45,217484
2021-06-24 10:08:24,2987.45,217484
2021-06-24 10:08:25,2988.45,217486
2021-06-24 10:08:26,2988.45,217486
2021-06-24 10:08:27,2988.45,217487
2021-06-24 10:08:29,2988.45,217487
2021-06-24 10:08:30,2988.0,217490
2021-06-24 10:08:31,2987.6,217545
2021-06-24 10:08:32,2988.0,217623
2021-06-24 10:08:33,2988.0,217635
2021-06-24 10:08:34,2988.0,217635
2021-06-24 10:08:35,2987.5,217669
2021-06-24 10:08:36,2989.0,217970
2021-06-24 10:08:36,2989.0,218057
2021-06-24 10:08:37,2987.55,218128
2021-06-24 10:08:40,2988.75,218133
2021-06-24 10:08:41,2988.0,218158
2021-06-24 10:08:42,2988.0,218158
2021-06-24 10:08:43,2988.8,218159
2021-06-24 10:08:43,2988.8,218159
2021-06-24 10:08:45,2988.75,218160
2021-06-24 10:08:46,2987.55,218162
2021-06-24 10:08:47,2988.0,218167
2021-06-24 10:08:48,2988.6,218268
2021-06-24 10:08:48,2988.6,218268
2021-06-24 10:08:49,2988.6,218268
2021-06-24 10:08:50,2988.6,218268
2021-06-24 10:08:52,2988.6,218268
2021-06-24 10:08:53,2988.6,218268
2021-06-24 10:08:54,2988.6,218268
2021-06-24 10:08:55,2988.6,218268
2021-06-24 10:08:56,2988.35,218269
2021-06-24 10:08:57,2988.35,218269
2021-06-24 10:08:57,2988.35,218269
2021-06-24 10:08:59,2988.35,218269
2021-06-24 10:09:00,2987.45,218531
2021-06-24 10:09:01,2988.35,218615
2021-06-24 10:09:02,2988.35,218615
2021-06-24 10:09:03,2988.35,218615
2021-06-24 10:09:04,2988.35,218615
2021-06-24 10:09:05,2988.35,218615
2021-06-24 10:09:06,2987.95,218665
2021-06-24 10:09:08,2987.95,218744
2021-06-24 10:09:08,2987.95,218749
2021-06-24 10:09:09,2987.95,218749
2021-06-24 10:09:11,2988.8,218880
2021-06-24 10:09:12,2988.8,218880
2021-06-24 10:09:12,2988.8,218880
2021-06-24 10:09:14,2988.75,219071
2021-06-24 10:09:15,2988.9,219151
2021-06-24 10:09:16,2988.9,219151
2021-06-24 10:09:17,2988.0,219206
2021-06-24 10:09:18,2988.0,219206
2021-06-24 10:09:18,2988.85,219553
2021-06-24 10:09:21,2988.9,219624
2021-06-24 10:09:22,2988.9,219624
2021-06-24 10:09:23,2988.9,219624
2021-06-24 10:09:24,2988.9,219624
2021-06-24 10:09:25,2987.95,219677
2021-06-24 10:09:27,2988.9,219727
2021-06-24 10:09:26,2988.9,219727
2021-06-24 10:09:28,2988.9,219727
2021-06-24 10:09:30,2988.0,219729
2021-06-24 10:09:31,2988.9,219759
2021-06-24 10:09:31,2988.9,219759
2021-06-24 10:09:33,2988.9,219759
2021-06-24 10:09:34,2988.9,219759
2021-06-24 10:09:36,2988.0,219775
2021-06-24 10:09:37,2988.0,219795
2021-06-24 10:09:38,2988.0,219795
2021-06-24 10:09:39,2989.0,220111
2021-06-24 10:09:40,2989.9,220201
2021-06-24 10:09:41,2989.9,220201
2021-06-24 10:09:42,2989.9,220201
2021-06-24 10:09:43,2989.9,220201
2021-06-24 10:09:44,2989.3,220211
2021-06-24 10:09:45,2989.75,220270
2021-06-24 10:09:46,2989.75,220270
2021-06-24 10:09:47,2989.75,220295
2021-06-24 10:09:47,2989.75,220295
2021-06-24 10:09:48,2989.3,220305
2021-06-24 10:09:51,2989.75,220350
2021-06-24 10:09:52,2989.75,220371
2021-06-24 10:09:54,2989.75,220486
2021-06-24 10:09:55,2989.9,220490
2021-06-24 10:09:56,2989.35,220590
2021-06-24 10:09:56,2989.65,221004
2021-06-24 10:09:57,2991.0,221165
2021-06-24 10:09:59,2991.6,221346
2021-06-24 10:10:00,2991.6,221346
2021-06-24 10:10:01,2990.2,221659
2021-06-24 10:10:02,2990.65,221840
2021-06-24 10:10:03,2990.95,221841
2021-06-24 10:10:04,2991.3,222141
2021-06-24 10:10:05,2991.25,222211
2021-06-24 10:10:05,2991.25,222211
2021-06-24 10:10:06,2991.45,222252
2021-06-24 10:10:07,2991.45,222253
2021-06-24 10:10:09,2991.45,222253
2021-06-24 10:10:10,2991.45,222253
2021-06-24 10:10:11,2991.45,222253
2021-06-24 10:10:12,2991.45,222253
2021-06-24 10:10:13,2991.25,222296
2021-06-24 10:10:14,2991.25,222296
2021-06-24 10:10:16,2991.25,222296
2021-06-24 10:10:17,2990.0,222469
2021-06-24 10:10:18,2989.75,222500
2021-06-24 10:10:19,2990.75,222665
2021-06-24 10:10:20,2990.75,222670
2021-06-24 10:10:21,2990.75,222670
2021-06-24 10:10:22,2990.75,222670
2021-06-24 10:10:23,2990.75,222690
2021-06-24 10:10:24,2989.55,222700
2021-06-24 10:10:25,2989.55,222700
2021-06-24 10:10:26,2989.55,222700
2021-06-24 10:10:27,2989.55,222700
2021-06-24 10:10:28,2989.55,222700
2021-06-24 10:10:29,2990.6,222701
2021-06-24 10:10:30,2990.6,222704
2021-06-24 10:10:31,2990.6,222738
2021-06-24 10:10:32,2990.45,222740
2021-06-24 10:10:33,2990.45,222740
2021-06-24 10:10:34,2989.45,222843
2021-06-24 10:10:35,2989.0,223143
2021-06-24 10:10:35,2989.0,223143
2021-06-24 10:10:36,2989.0,223143
2021-06-24 10:10:38,2989.0,223143
2021-06-24 10:10:38,2989.0,223143
2021-06-24 10:10:40,2989.0,223143
2021-06-24 10:10:42,2988.9,223254
2021-06-24 10:10:43,2988.9,223254
2021-06-24 10:10:44,2988.9,223254
2021-06-24 10:10:45,2989.85,223255
2021-06-24 10:10:46,2989.85,223259
2021-06-24 10:10:47,2989.85,223259
2021-06-24 10:10:48,2989.85,223259
2021-06-24 10:10:49,2989.85,223259
2021-06-24 10:10:50,2989.85,223259
2021-06-24 10:10:51,2989.85,223259
2021-06-24 10:10:52,2989.75,223358
2021-06-24 10:10:53,2989.75,223358
2021-06-24 10:10:54,2989.65,223423
2021-06-24 10:10:56,2988.35,223490
2021-06-24 10:10:57,2988.35,223490
2021-06-24 10:10:58,2988.35,223490
2021-06-24 10:10:59,2988.35,223490
2021-06-24 10:11:00,2988.35,223490
2021-06-24 10:11:02,2988.35,223492
2021-06-24 10:11:04,2988.9,223512
2021-06-24 10:11:07,2988.9,223512
2021-06-24 10:11:08,2988.9,223512
2021-06-24 10:11:09,2988.9,223512
2021-06-24 10:11:10,2988.55,223522
2021-06-24 10:11:11,2988.55,223522
2021-06-24 10:11:12,2988.85,223527
2021-06-24 10:11:13,2988.9,223817
2021-06-24 10:11:14,2988.9,223904
2021-06-24 10:11:15,2988.9,223904
2021-06-24 10:11:16,2988.9,223904
2021-06-24 10:11:17,2988.9,223904
2021-06-24 10:11:18,2988.9,223919
2021-06-24 10:11:19,2988.6,224582
2021-06-24 10:11:20,2990.0,224704
2021-06-24 10:11:21,2990.0,224704
2021-06-24 10:11:22,2990.15,225104
2021-06-24 10:11:22,2990.1,225178
2021-06-24 10:11:24,2988.9,225179
2021-06-24 10:11:25,2988.9,225179
2021-06-24 10:11:26,2988.9,225179
2021-06-24 10:11:26,2990.35,225279
2021-06-24 10:11:27,2990.35,225279
2021-06-24 10:11:29,2988.9,225292
2021-06-24 10:11:30,2988.9,225292
2021-06-24 10:11:31,2989.8,225312
2021-06-24 10:11:32,2989.8,225315
2021-06-24 10:11:33,2989.8,225315
2021-06-24 10:11:34,2989.8,225315
2021-06-24 10:11:35,2989.8,225315
2021-06-24 10:11:36,2989.8,225315
2021-06-24 10:11:37,2989.8,225315
2021-06-24 10:11:38,2989.8,225318
2021-06-24 10:11:39,2989.8,225338
2021-06-24 10:11:40,2989.8,225418
2021-06-24 10:11:41,2989.8,225418
2021-06-24 10:11:42,2989.0,225428
2021-06-24 10:11:43,2989.0,225488
2021-06-24 10:11:44,2989.8,225494
2021-06-24 10:11:45,2989.9,225550
2021-06-24 10:11:46,2989.9,225550
2021-06-24 10:11:47,2989.8,225560
2021-06-24 10:11:48,2989.8,225560
2021-06-24 10:11:50,2989.8,225560
2021-06-24 10:11:51,2989.8,225560
2021-06-24 10:11:52,2989.8,225562
2021-06-24 10:11:53,2989.0,225595
2021-06-24 10:11:54,2989.0,225595
2021-06-24 10:11:55,2989.0,225625
2021-06-24 10:11:57,2989.0,225625
2021-06-24 10:11:56,2989.0,225625
2021-06-24 10:11:58,2989.0,225625
2021-06-24 10:12:00,2989.0,225625
2021-06-24 10:12:01,2989.0,225625
2021-06-24 10:12:02,2989.7,225626
2021-06-24 10:12:03,2989.7,225626
2021-06-24 10:12:04,2989.7,225626
2021-06-24 10:12:06,2989.7,225643
2021-06-24 10:12:07,2989.7,225643
2021-06-24 10:12:08,2989.0,225644
2021-06-24 10:12:09,2989.7,225673
2021-06-24 10:12:10,2989.7,225673
2021-06-24 10:12:11,2989.7,225673
2021-06-24 10:12:12,2989.7,225673
2021-06-24 10:12:13,2989.7,225673
2021-06-24 10:12:15,2989.55,225740
2021-06-24 10:12:16,2989.55,225740
2021-06-24 10:12:17,2989.55,225740
2021-06-24 10:12:18,2989.55,225740
2021-06-24 10:12:19,2990.0,226040
2021-06-24 10:12:20,2989.7,226124
2021-06-24 10:12:21,2989.7,226124
2021-06-24 10:12:23,2989.7,226154
2021-06-24 10:12:25,2989.7,226154
2021-06-24 10:12:26,2989.7,226155
2021-06-24 10:12:27,2989.7,226155
2021-06-24 10:12:28,2989.7,226155
2021-06-24 10:12:29,2989.7,226155
2021-06-24 10:12:30,2989.7,226155
2021-06-24 10:12:31,2988.85,226655
2021-06-24 10:12:32,2989.65,226712
2021-06-24 10:12:33,2989.65,226712
2021-06-24 10:12:34,2988.85,226758
2021-06-24 10:12:35,2988.85,226758
2021-06-24 10:12:36,2988.5,226760
2021-06-24 10:12:38,2988.85,226786
2021-06-24 10:12:39,2988.0,226815
2021-06-24 10:12:40,2988.0,226815
2021-06-24 10:12:41,2988.0,226815
2021-06-24 10:12:44,2988.0,226830
2021-06-24 10:12:45,2987.2,226833
2021-06-24 10:12:47,2988.0,226933
2021-06-24 10:12:48,2988.0,226933
2021-06-24 10:12:49,2988.0,226942
2021-06-24 10:12:50,2987.2,226944
2021-06-24 10:12:51,2987.2,226944
2021-06-24 10:12:52,2987.85,226945
2021-06-24 10:12:54,2987.85,226950
2021-06-24 10:12:55,2987.0,227350
2021-06-24 10:12:56,2987.0,227350
2021-06-24 10:12:57,2987.0,227350
2021-06-24 10:12:58,2987.0,227350
2021-06-24 10:13:00,2987.0,227350
2021-06-24 10:13:01,2987.0,227350
2021-06-24 10:13:02,2987.0,227350
2021-06-24 10:13:03,2987.0,227350
2021-06-24 10:13:04,2987.0,227350
2021-06-24 10:13:05,2987.0,227350
2021-06-24 10:13:06,2987.0,227465
2021-06-24 10:13:07,2987.7,227530
2021-06-24 10:13:08,2987.0,227630
2021-06-24 10:13:09,2986.95,227803
2021-06-24 10:13:10,2986.95,227803
2021-06-24 10:13:11,2986.95,227803
2021-06-24 10:13:12,2986.95,227803
2021-06-24 10:13:13,2986.95,227803
2021-06-24 10:13:14,2986.95,227803
2021-06-24 10:13:15,2986.95,227803
2021-06-24 10:13:16,2986.75,227855
2021-06-24 10:13:17,2987.0,227856
2021-06-24 10:13:18,2987.0,227856
2021-06-24 10:13:19,2987.0,227856
2021-06-24 10:13:20,2987.0,227856
2021-06-24 10:13:21,2987.0,227856
2021-06-24 10:13:22,2986.8,227861
2021-06-24 10:13:23,2986.8,227861
2021-06-24 10:13:25,2986.0,227862
2021-06-24 10:13:26,2986.7,227872
2021-06-24 10:13:27,2986.7,227872
2021-06-24 10:13:28,2986.0,227902
2021-06-24 10:13:29,2986.0,227902
2021-06-24 10:13:30,2986.0,227902
2021-06-24 10:13:31,2986.65,227906
2021-06-24 10:13:32,2986.65,227906
2021-06-24 10:13:33,2986.65,227916
2021-06-24 10:13:34,2986.65,227916
2021-06-24 10:13:35,2986.65,227916
2021-06-24 10:13:36,2986.65,227916
2021-06-24 10:13:37,2986.65,227916
2021-06-24 10:13:38,2986.65,227916
2021-06-24 10:13:39,2986.55,227936
2021-06-24 10:13:40,2986.55,228062
2021-06-24 10:13:41,2986.55,228064
2021-06-24 10:13:42,2986.55,228064
2021-06-24 10:13:44,2986.55,228064
2021-06-24 10:13:45,2985.95,228074
2021-06-24 10:13:46,2986.55,228075
2021-06-24 10:13:47,2986.55,228075
2021-06-24 10:13:48,2985.95,228085
2021-06-24 10:13:49,2985.2,228187
2021-06-24 10:13:50,2985.2,228187
2021-06-24 10:13:51,2985.2,228187
2021-06-24 10:13:52,2986.55,228291
2021-06-24 10:13:53,2985.3,228318
2021-06-24 10:13:54,2986.55,228331
2021-06-24 10:13:55,2986.55,228331
2021-06-24 10:13:56,2986.55,228333
2021-06-24 10:13:57,2986.55,228333
2021-06-24 10:13:58,2985.3,228334
2021-06-24 10:13:59,2986.35,228337
2021-06-24 10:14:00,2985.5,228341
2021-06-24 10:14:01,2985.5,228341
2021-06-24 10:14:02,2986.35,228342
2021-06-24 10:14:03,2986.35,228342
2021-06-24 10:14:04,2986.35,228342
2021-06-24 10:14:05,2986.35,228342
2021-06-24 10:14:06,2986.35,228445
2021-06-24 10:14:07,2986.35,228445
2021-06-24 10:14:08,2985.5,228455
2021-06-24 10:14:09,2986.2,228456
2021-06-24 10:14:11,2986.2,228456
2021-06-24 10:14:11,2986.2,228456
2021-06-24 10:14:13,2986.2,228462
2021-06-24 10:14:13,2986.2,228462
2021-06-24 10:14:14,2986.2,228462
2021-06-24 10:14:15,2986.2,228462
2021-06-24 10:14:16,2986.2,228462
2021-06-24 10:14:17,2986.0,228492
2021-06-24 10:14:18,2986.0,228853
2021-06-24 10:14:19,2985.5,229009
2021-06-24 10:14:20,2985.5,229009
2021-06-24 10:14:21,2986.0,229014
2021-06-24 10:14:22,2986.0,229024
2021-06-24 10:14:23,2986.0,229024
2021-06-24 10:14:24,2985.2,229124
2021-06-24 10:14:26,2986.0,229126
2021-06-24 10:14:27,2986.05,229139
2021-06-24 10:14:27,2986.05,229139
2021-06-24 10:14:28,2986.05,229139
2021-06-24 10:14:29,2986.05,229139
2021-06-24 10:14:30,2986.05,229139
2021-06-24 10:14:31,2986.05,229141
2021-06-24 10:14:32,2986.05,229141
2021-06-24 10:14:33,2986.05,229148
2021-06-24 10:14:34,2986.2,229280
2021-06-24 10:14:35,2986.2,229280
2021-06-24 10:14:36,2986.0,229490
2021-06-24 10:14:37,2986.9,229586
2021-06-24 10:14:39,2986.9,229587
2021-06-24 10:14:39,2986.9,229587
2021-06-24 10:14:40,2986.9,229590
2021-06-24 10:14:41,2986.9,229590
2021-06-24 10:14:42,2986.9,229590
2021-06-24 10:14:43,2987.0,229703
2021-06-24 10:14:44,2987.0,229703
2021-06-24 10:14:45,2987.0,229703
2021-06-24 10:14:46,2987.0,229703
2021-06-24 10:14:47,2987.0,229703
2021-06-24 10:14:48,2987.0,229703
2021-06-24 10:14:49,2987.0,229703
2021-06-24 10:14:50,2987.0,229703
2021-06-24 10:14:51,2987.0,229703
2021-06-24 10:14:52,2987.5,229770
2021-06-24 10:14:53,2987.5,229770
2021-06-24 10:14:54,2988.0,229780
2021-06-24 10:14:55,2988.0,229780
2021-06-24 10:14:56,2988.0,229780
2021-06-24 10:14:57,2988.0,229780
2021-06-24 10:14:58,2988.0,229780
2021-06-24 10:14:59,2987.5,229890
2021-06-24 10:15:00,2987.5,229892
2021-06-24 10:15:01,2987.5,229892
2021-06-24 10:15:02,2987.5,229924
2021-06-24 10:15:03,2987.5,229924
2021-06-24 10:15:05,2987.5,229924
2021-06-24 10:15:05,2987.5,229924
2021-06-24 10:15:06,2987.5,229924
2021-06-24 10:15:07,2987.5,229924
2021-06-24 10:15:08,2987.5,229925
2021-06-24 10:15:09,2987.5,229925
2021-06-24 10:15:10,2988.0,229926
2021-06-24 10:15:11,2988.0,229926
2021-06-24 10:15:12,2988.0,229926
2021-06-24 10:15:13,2988.0,229930
2021-06-24 10:15:14,2987.5,229996
2021-06-24 10:15:15,2987.5,230085
2021-06-24 10:15:16,2988.0,230087
2021-06-24 10:15:17,2988.85,230392
2021-06-24 10:15:18,2988.85,230392
2021-06-24 10:15:19,2988.85,230392
2021-06-24 10:15:20,2988.85,230392
2021-06-24 10:15:21,2988.85,230392
2021-06-24 10:15:22,2988.85,230392
2021-06-24 10:15:23,2988.75,230393
2021-06-24 10:15:24,2988.75,230393
2021-06-24 10:15:25,2988.75,230393
2021-06-24 10:15:26,2988.75,230413
2021-06-24 10:15:27,2988.0,230446
2021-06-24 10:15:28,2988.0,230446
2021-06-24 10:15:29,2988.75,230512
2021-06-24 10:15:30,2988.75,230512
2021-06-24 10:15:31,2988.0,230540
2021-06-24 10:15:32,2988.7,230640
2021-06-24 10:15:33,2988.7,230641
2021-06-24 10:15:34,2988.85,230646
2021-06-24 10:15:35,2988.85,230647
2021-06-24 10:15:36,2988.85,230648
2021-06-24 10:15:37,2988.85,230654
2021-06-24 10:15:38,2988.85,230654
2021-06-24 10:15:39,2988.85,230654
2021-06-24 10:15:40,2987.75,230659
2021-06-24 10:15:41,2987.75,230659
2021-06-24 10:15:42,2987.75,230659
2021-06-24 10:15:43,2987.75,230659
2021-06-24 10:15:44,2987.75,230659
2021-06-24 10:15:45,2987.75,230659
2021-06-24 10:15:46,2987.75,230659
2021-06-24 10:15:47,2987.75,230659
2021-06-24 10:15:48,2987.75,230660
2021-06-24 10:15:50,2987.75,230660
2021-06-24 10:15:50,2988.5,230664
2021-06-24 10:15:53,2988.5,230664
2021-06-24 10:15:54,2988.5,230665
2021-06-24 10:15:56,2988.5,230716
2021-06-24 10:15:57,2988.5,230718
2021-06-24 10:15:57,2988.5,230716
2021-06-24 10:15:58,2988.5,230719
2021-06-24 10:16:01,2988.5,230741
2021-06-24 10:16:02,2988.5,230741
2021-06-24 10:16:02,2988.5,230741
2021-06-24 10:16:03,2988.35,230742
2021-06-24 10:16:04,2988.35,230742
2021-06-24 10:16:06,2988.35,230774
2021-06-24 10:16:07,2988.35,230774
2021-06-24 10:16:08,2987.75,230778
2021-06-24 10:16:09,2987.75,230778
2021-06-24 10:16:10,2987.75,230828
2021-06-24 10:16:11,2987.75,230828
2021-06-24 10:16:12,2987.75,230828
2021-06-24 10:16:13,2987.75,230828
2021-06-24 10:16:14,2987.75,230828
2021-06-24 10:16:15,2987.75,230828
2021-06-24 10:16:16,2988.3,230918
2021-06-24 10:16:17,2988.3,230928
2021-06-24 10:16:18,2988.45,231002
2021-06-24 10:16:19,2988.45,231002
2021-06-24 10:16:20,2987.85,231005
2021-06-24 10:16:21,2987.85,231005
2021-06-24 10:16:22,2988.4,231040
2021-06-24 10:16:23,2988.4,231040
2021-06-24 10:16:25,2988.4,231040
2021-06-24 10:16:27,2988.5,231290
2021-06-24 10:16:28,2988.6,231341
2021-06-24 10:16:29,2988.6,231341
2021-06-24 10:16:30,2988.6,231341
2021-06-24 10:16:31,2988.55,231351
2021-06-24 10:16:32,2988.55,231351
2021-06-24 10:16:33,2988.55,231351
2021-06-24 10:16:34,2988.55,231351
2021-06-24 10:16:35,2988.55,231351
2021-06-24 10:16:36,2988.55,231351
2021-06-24 10:16:37,2988.6,231411
2021-06-24 10:16:38,2990.0,231523
2021-06-24 10:16:39,2988.5,231524
2021-06-24 10:16:40,2988.5,231524
2021-06-24 10:16:41,2990.05,231927
2021-06-24 10:16:42,2990.1,232005
2021-06-24 10:16:43,2988.85,232008
2021-06-24 10:16:44,2988.85,232008
2021-06-24 10:16:47,2988.85,232008
2021-06-24 10:16:48,2988.85,232008
2021-06-24 10:16:48,2990.0,232013
2021-06-24 10:16:49,2989.75,232014
2021-06-24 10:16:50,2989.75,232014
2021-06-24 10:16:51,2989.75,232014
2021-06-24 10:16:53,2989.75,232014
2021-06-24 10:16:53,2989.75,232014
2021-06-24 10:16:54,2989.75,232014
2021-06-24 10:16:55,2990.0,232017
2021-06-24 10:16:56,2990.05,232067
2021-06-24 10:16:57,2990.05,232067
2021-06-24 10:16:58,2990.05,232067
2021-06-24 10:16:59,2990.05,232067
2021-06-24 10:17:01,2990.05,232067
2021-06-24 10:17:02,2990.05,232077
2021-06-24 10:17:02,2990.05,232077
2021-06-24 10:17:04,2990.05,232078
2021-06-24 10:17:05,2990.05,232078
2021-06-24 10:17:07,2990.1,232278
2021-06-24 10:17:09,2990.1,232280
2021-06-24 10:17:10,2990.1,232327
2021-06-24 10:17:11,2990.1,232327
2021-06-24 10:17:12,2990.4,232424
2021-06-24 10:17:13,2991.9,233125
2021-06-24 10:17:15,2991.85,233443
2021-06-24 10:17:16,2991.5,233529
2021-06-24 10:17:16,2991.5,233529
2021-06-24 10:17:18,2992.7,233549
2021-06-24 10:17:19,2992.7,233549
2021-06-24 10:17:20,2992.7,233549
2021-06-24 10:17:21,2991.65,233559
2021-06-24 10:17:21,2991.65,233559
2021-06-24 10:17:22,2991.65,233559
2021-06-24 10:17:23,2992.9,233636
2021-06-24 10:17:24,2993.0,233707
2021-06-24 10:17:25,2991.9,233770
2021-06-24 10:17:26,2992.7,233775
2021-06-24 10:17:27,2992.7,233775
2021-06-24 10:17:28,2992.7,233775
2021-06-24 10:17:29,2992.7,233775
2021-06-24 10:17:30,2992.75,233776
2021-06-24 10:17:31,2992.75,233796
2021-06-24 10:17:32,2992.75,233796
2021-06-24 10:17:33,2992.75,233796
2021-06-24 10:17:34,2992.75,233796
2021-06-24 10:17:35,2992.75,234110
2021-06-24 10:17:38,2992.0,234182
2021-06-24 10:17:39,2992.0,234182
2021-06-24 10:17:40,2992.0,234182
2021-06-24 10:17:41,2992.75,234188
2021-06-24 10:17:41,2992.75,234185
2021-06-24 10:17:42,2992.75,234192
2021-06-24 10:17:43,2991.6,234724
2021-06-24 10:17:44,2993.45,235360
2021-06-24 10:17:45,2992.4,235466
2021-06-24 10:17:47,2993.8,235492
2021-06-24 10:17:48,2992.5,235512
2021-06-24 10:17:49,2992.5,235514
2021-06-24 10:17:49,2992.5,235514
2021-06-24 10:17:51,2993.0,235564
2021-06-24 10:17:51,2993.0,235564
2021-06-24 10:17:52,2993.0,235564
2021-06-24 10:17:53,2994.35,236064
2021-06-24 10:17:54,2994.4,236171
2021-06-24 10:17:55,2993.0,236289
2021-06-24 10:17:56,2992.7,236339
2021-06-24 10:17:57,2993.0,236344
2021-06-24 10:17:59,2993.0,236385
2021-06-24 10:17:59,2993.0,236385
2021-06-24 10:18:01,2993.0,236385
2021-06-24 10:18:01,2993.0,236385
2021-06-24 10:18:02,2993.0,236385
2021-06-24 10:18:03,2993.0,236385
2021-06-24 10:18:04,2993.0,236385
2021-06-24 10:18:05,2992.95,236395
2021-06-24 10:18:06,2992.95,236396
2021-06-24 10:18:07,2992.95,236396
2021-06-24 10:18:09,2992.7,236443
2021-06-24 10:18:10,2992.95,236444
2021-06-24 10:18:11,2992.95,236464
2021-06-24 10:18:13,2992.95,236464
2021-06-24 10:18:14,2992.7,236515
2021-06-24 10:18:14,2992.95,236535
2021-06-24 10:18:15,2992.7,236545
2021-06-24 10:18:16,2992.95,236616
2021-06-24 10:18:17,2992.8,236702
2021-06-24 10:18:19,2992.95,236703
2021-06-24 10:18:20,2992.95,236704
2021-06-24 10:18:21,2992.95,236704
2021-06-24 10:18:22,2992.95,236704
2021-06-24 10:18:23,2992.8,236774
2021-06-24 10:18:23,2992.8,236774
2021-06-24 10:18:24,2992.8,236774
2021-06-24 10:18:25,2992.9,236775
2021-06-24 10:18:26,2992.9,236775
2021-06-24 10:18:27,2992.4,236842
2021-06-24 10:18:28,2992.1,236852
2021-06-24 10:18:29,2992.1,236852
2021-06-24 10:18:30,2992.1,236852
2021-06-24 10:18:31,2992.1,236852
2021-06-24 10:18:33,2992.1,236852
2021-06-24 10:18:35,2992.1,236972
2021-06-24 10:18:36,2992.1,237072
2021-06-24 10:18:37,2992.1,237122
2021-06-24 10:18:38,2992.1,237122
2021-06-24 10:18:39,2992.1,237122
2021-06-24 10:18:40,2992.6,237174
2021-06-24 10:18:41,2992.6,237194
2021-06-24 10:18:42,2992.6,237194
2021-06-24 10:18:43,2992.05,237197
2021-06-24 10:18:44,2992.05,237197
2021-06-24 10:18:47,2992.05,237197
2021-06-24 10:18:46,2992.05,237197
2021-06-24 10:18:49,2992.05,237197
2021-06-24 10:18:50,2992.6,237212
2021-06-24 10:18:51,2992.6,237213
2021-06-24 10:18:52,2992.6,237213
2021-06-24 10:18:53,2992.6,237238
2021-06-24 10:18:53,2992.6,237238
2021-06-24 10:18:54,2992.6,237247
2021-06-24 10:18:55,2992.05,237323
2021-06-24 10:18:56,2992.05,237343
2021-06-24 10:18:57,2992.6,237345
2021-06-24 10:18:58,2992.6,237355
2021-06-24 10:19:00,2992.6,237355
2021-06-24 10:19:01,2992.6,237355
2021-06-24 10:19:02,2992.6,237511
2021-06-24 10:19:02,2992.6,237596
2021-06-24 10:19:04,2992.6,237598
2021-06-24 10:19:05,2992.6,237603
2021-06-24 10:19:06,2992.6,237603
2021-06-24 10:19:07,2992.0,237807
2021-06-24 10:19:08,2992.0,237807
2021-06-24 10:19:09,2992.05,237812
2021-06-24 10:19:10,2992.65,238103
2021-06-24 10:19:11,2992.85,238198
2021-06-24 10:19:12,2992.85,238198
2021-06-24 10:19:13,2992.85,238198
2021-06-24 10:19:14,2992.85,238198
2021-06-24 10:19:15,2993.35,238212
2021-06-24 10:19:17,2993.35,238212
2021-06-24 10:19:18,2993.35,238212
2021-06-24 10:19:19,2993.25,238215
2021-06-24 10:19:20,2993.25,238215
2021-06-24 10:19:20,2993.25,238215
2021-06-24 10:19:21,2993.15,238302
2021-06-24 10:19:24,2993.15,238325
2021-06-24 10:19:25,2992.6,238332
2021-06-24 10:19:25,2992.6,238332
2021-06-24 10:19:26,2992.6,238332
2021-06-24 10:19:27,2992.6,238340
2021-06-24 10:19:28,2993.15,238365
2021-06-24 10:19:29,2993.15,238365
2021-06-24 10:19:31,2993.15,238377
2021-06-24 10:19:31,2993.15,238377
2021-06-24 10:19:32,2992.6,238382
2021-06-24 10:19:34,2993.1,238684
2021-06-24 10:19:34,2993.1,238684
2021-06-24 10:19:36,2993.0,238685
2021-06-24 10:19:37,2993.0,238685
2021-06-24 10:19:38,2993.0,238686
2021-06-24 10:19:39,2993.0,238686
2021-06-24 10:19:40,2993.0,238711
2021-06-24 10:19:41,2993.0,238711
2021-06-24 10:19:42,2993.0,238711
2021-06-24 10:19:43,2993.0,238711
2021-06-24 10:19:44,2993.0,238711
2021-06-24 10:19:44,2993.0,238732
2021-06-24 10:19:46,2992.4,238792
2021-06-24 10:19:47,2993.0,238793
2021-06-24 10:19:48,2993.0,238793
2021-06-24 10:19:49,2993.0,238818
2021-06-24 10:19:50,2993.0,238818
2021-06-24 10:19:51,2993.0,238818
2021-06-24 10:19:52,2993.0,238821
2021-06-24 10:19:54,2993.0,238821
2021-06-24 10:19:55,2993.0,238822
2021-06-24 10:19:56,2993.0,238865
2021-06-24 10:19:57,2992.75,238867
2021-06-24 10:19:58,2992.75,238877
2021-06-24 10:19:59,2992.75,238877
2021-06-24 10:20:00,2992.75,238877
2021-06-24 10:20:01,2992.35,238942
2021-06-24 10:20:02,2992.35,239126
2021-06-24 10:20:03,2992.35,239136
2021-06-24 10:20:04,2992.35,239138
2021-06-24 10:20:05,2992.35,239166
2021-06-24 10:20:06,2992.75,239260
2021-06-24 10:20:08,2992.75,239260
2021-06-24 10:20:10,2992.35,239262
2021-06-24 10:20:11,2992.35,239262
2021-06-24 10:20:11,2992.35,239262
2021-06-24 10:20:13,2992.25,239272
2021-06-24 10:20:14,2992.7,239307
2021-06-24 10:20:17,2992.7,239307
2021-06-24 10:20:18,2992.25,239308
2021-06-24 10:20:19,2992.35,239328
2021-06-24 10:20:20,2992.35,239328
2021-06-24 10:20:20,2992.35,239328
2021-06-24 10:20:21,2992.35,239328
2021-06-24 10:20:22,2992.25,239352
2021-06-24 10:20:23,2992.35,239414
2021-06-24 10:20:24,2992.35,239414
2021-06-24 10:20:25,2992.2,239474
2021-06-24 10:20:26,2992.2,239474
2021-06-24 10:20:27,2992.4,239524
2021-06-24 10:20:28,2992.8,239594
2021-06-24 10:20:29,2992.8,239594
2021-06-24 10:20:30,2992.8,239594
2021-06-24 10:20:32,2992.8,239594
2021-06-24 10:20:33,2992.4,239605
2021-06-24 10:20:34,2992.3,239635
2021-06-24 10:20:35,2992.3,239640
2021-06-24 10:20:35,2992.3,239640
2021-06-24 10:20:37,2992.3,239640
2021-06-24 10:20:38,2992.4,239641
2021-06-24 10:20:39,2992.0,239728
2021-06-24 10:20:40,2992.0,239728
2021-06-24 10:20:41,2992.4,239762
2021-06-24 10:20:43,2992.4,239768
2021-06-24 10:20:44,2992.4,239849
2021-06-24 10:20:45,2992.65,239916
2021-06-24 10:20:46,2992.65,239916
2021-06-24 10:20:48,2992.65,239916
2021-06-24 10:20:47,2992.65,239916
2021-06-24 10:20:49,2992.8,239921
2021-06-24 10:20:50,2992.8,239921
2021-06-24 10:20:51,2992.8,239921
2021-06-24 10:20:52,2992.7,240022
2021-06-24 10:20:53,2992.7,240023
2021-06-24 10:20:54,2992.7,240023
2021-06-24 10:20:55,2992.7,240023
2021-06-24 10:20:56,2993.0,240069
2021-06-24 10:20:57,2992.4,240098
2021-06-24 10:20:58,2992.4,240105
2021-06-24 10:20:59,2993.0,240107
2021-06-24 10:21:00,2992.4,240109
2021-06-24 10:21:02,2992.4,240109
2021-06-24 10:21:03,2992.4,240109
2021-06-24 10:21:04,2993.0,240110
2021-06-24 10:21:05,2993.25,240700
2021-06-24 10:21:05,2994.9,240488
2021-06-24 10:21:07,2993.2,240753
2021-06-24 10:21:08,2993.25,240766
2021-06-24 10:21:09,2993.25,240769
2021-06-24 10:21:11,2993.25,240769
2021-06-24 10:21:13,2994.95,241057
2021-06-24 10:21:12,2993.25,240775
2021-06-24 10:21:13,2993.25,241200
2021-06-24 10:21:14,2994.6,241240
2021-06-24 10:21:15,2994.6,241263
2021-06-24 10:21:16,2993.25,241288
2021-06-24 10:21:19,2994.75,241297
2021-06-24 10:21:20,2993.3,241299
2021-06-24 10:21:21,2995.0,241401
2021-06-24 10:21:22,2994.05,241439
2021-06-24 10:21:23,2994.6,241687
2021-06-24 10:21:24,2993.85,241771
2021-06-24 10:21:25,2994.05,241772
2021-06-24 10:21:26,2995.05,242292
2021-06-24 10:21:27,2994.9,242503
2021-06-24 10:21:28,2994.85,242555
2021-06-24 10:21:28,2994.85,242555
2021-06-24 10:21:29,2994.85,242555
2021-06-24 10:21:31,2994.85,242555
2021-06-24 10:21:32,2996.0,242580
2021-06-24 10:21:33,2996.0,242599
2021-06-24 10:21:34,2994.9,242603
2021-06-24 10:21:35,2996.0,242663
2021-06-24 10:21:36,2995.65,243572
2021-06-24 10:21:36,2996.05,243335
2021-06-24 10:21:37,2995.75,243648
2021-06-24 10:21:38,2995.75,243656
2021-06-24 10:21:40,2995.75,243656
2021-06-24 10:21:40,2995.75,243656
2021-06-24 10:21:41,2995.8,243756
2021-06-24 10:21:44,2995.85,243792
2021-06-24 10:21:45,2997.0,243804
2021-06-24 10:21:45,2997.0,243804
2021-06-24 10:21:47,2995.95,243808
2021-06-24 10:21:47,2995.95,243808
2021-06-24 10:21:49,2995.95,243808
2021-06-24 10:21:50,2997.0,243818
2021-06-24 10:21:51,2997.0,243987
2021-06-24 10:21:52,2997.2,244074
2021-06-24 10:21:53,2997.2,244204
2021-06-24 10:21:54,2997.2,244206
2021-06-24 10:21:55,2997.0,244243
2021-06-24 10:21:56,2997.0,244245
2021-06-24 10:21:58,2997.2,244347
2021-06-24 10:21:59,2997.0,244537
2021-06-24 10:22:00,2996.1,244785
2021-06-24 10:22:01,2996.1,244850
2021-06-24 10:22:02,2996.1,244850
2021-06-24 10:22:03,2996.1,244850
2021-06-24 10:22:04,2997.2,245058
2021-06-24 10:22:05,2996.2,245127
2021-06-24 10:22:06,2997.2,245137
2021-06-24 10:22:06,2996.3,245140
2021-06-24 10:22:07,2996.3,245140
2021-06-24 10:22:09,2996.3,245140
2021-06-24 10:22:11,2997.2,245355
2021-06-24 10:22:12,2996.35,245387
2021-06-24 10:22:13,2996.35,245387
2021-06-24 10:22:14,2996.35,245387
2021-06-24 10:22:15,2996.35,245387
2021-06-24 10:22:16,2997.8,245483
2021-06-24 10:22:17,2997.75,245612
2021-06-24 10:22:18,2998.0,245765
2021-06-24 10:22:19,2998.0,245902
2021-06-24 10:22:20,2996.55,245937
2021-06-24 10:22:21,2996.55,245938
2021-06-24 10:22:22,2996.55,246043
2021-06-24 10:22:23,2996.55,246104
2021-06-24 10:22:24,2996.55,246112
2021-06-24 10:22:26,2996.55,246112
2021-06-24 10:22:25,2996.55,246112
2021-06-24 10:22:27,2996.55,246115
2021-06-24 10:22:28,2996.55,246117
2021-06-24 10:22:29,2996.55,246118
2021-06-24 10:22:30,2997.8,246121
2021-06-24 10:22:32,2996.55,246155
2021-06-24 10:22:31,2997.2,246147
2021-06-24 10:22:33,2997.75,246165
2021-06-24 10:22:34,2996.55,246168
2021-06-24 10:22:35,2996.55,246168
2021-06-24 10:22:36,2996.55,246268
2021-06-24 10:22:37,2996.55,246302
2021-06-24 10:22:39,2996.55,246336
2021-06-24 10:22:38,2996.55,246328
2021-06-24 10:22:40,2996.55,246346
2021-06-24 10:22:43,2996.5,246928
2021-06-24 10:22:42,2997.8,246746
2021-06-24 10:22:44,2996.5,246974
2021-06-24 10:22:45,2997.15,247553
2021-06-24 10:22:46,2996.75,247765
2021-06-24 10:22:47,2995.5,247772
2021-06-24 10:22:49,2995.5,247825
2021-06-24 10:22:50,2995.5,247842
2021-06-24 10:22:51,2995.5,247842
2021-06-24 10:22:52,2995.5,247842
2021-06-24 10:22:53,2995.5,247842
2021-06-24 10:22:55,2995.6,247898
2021-06-24 10:22:56,2996.95,247940
2021-06-24 10:22:57,2995.55,247948
2021-06-24 10:22:58,2996.75,247999
2021-06-24 10:22:59,2995.6,248016
2021-06-24 10:23:00,2997.0,248116
2021-06-24 10:23:01,2995.6,248150
2021-06-24 10:23:02,2995.6,248150
2021-06-24 10:23:03,2996.95,248160
2021-06-24 10:23:04,2996.95,248185
2021-06-24 10:23:05,2995.65,248196
2021-06-24 10:23:06,2996.95,248198
2021-06-24 10:23:07,2995.65,248219
2021-06-24 10:23:08,2995.65,248228
2021-06-24 10:23:09,2995.65,248231
2021-06-24 10:23:10,2995.6,248340
2021-06-24 10:23:11,2996.95,248379
2021-06-24 10:23:12,2995.55,248380
2021-06-24 10:23:13,2995.5,248412
2021-06-24 10:23:14,2996.9,248424
2021-06-24 10:23:15,2996.9,248424
2021-06-24 10:23:16,2996.9,248424
2021-06-24 10:23:17,2996.9,248424
2021-06-24 10:23:18,2996.9,248426
2021-06-24 10:23:19,2995.95,248427
2021-06-24 10:23:20,2995.95,248427
2021-06-24 10:23:21,2995.95,248427
2021-06-24 10:23:22,2995.95,248427
2021-06-24 10:23:23,2995.95,248427
2021-06-24 10:23:25,2997.7,248670
2021-06-24 10:23:26,2996.0,248753
2021-06-24 10:23:27,2997.0,248759
2021-06-24 10:23:28,2996.0,248760
2021-06-24 10:23:29,2996.0,248760
2021-06-24 10:23:30,2996.0,248760
2021-06-24 10:23:31,2996.0,248760
2021-06-24 10:23:32,2996.0,248760
2021-06-24 10:23:33,2996.0,248800
2021-06-24 10:23:34,2996.95,248836
2021-06-24 10:23:35,2996.0,248870
2021-06-24 10:23:36,2996.0,248920
2021-06-24 10:23:37,2996.0,248938
2021-06-24 10:23:38,2996.0,248939
2021-06-24 10:23:39,2996.0,248939
2021-06-24 10:23:40,2996.0,248942
2021-06-24 10:23:41,2996.0,248943
2021-06-24 10:23:42,2996.0,248943
2021-06-24 10:23:43,2997.0,248963
2021-06-24 10:23:44,2996.0,248970
2021-06-24 10:23:45,2997.0,248971
2021-06-24 10:23:46,2997.0,248995
2021-06-24 10:23:47,2996.0,249003
2021-06-24 10:23:48,2996.7,249005
2021-06-24 10:23:49,2997.1,249101
2021-06-24 10:23:50,2997.1,249135
2021-06-24 10:23:51,2997.1,249135
2021-06-24 10:23:52,2996.0,249186
2021-06-24 10:23:53,2995.6,249321
2021-06-24 10:23:54,2995.6,249360
2021-06-24 10:23:55,2996.4,249390
2021-06-24 10:23:56,2995.6,249400
2021-06-24 10:23:57,2996.75,249430
2021-06-24 10:23:58,2995.5,249740
2021-06-24 10:23:59,2996.1,249841
2021-06-24 10:24:00,2995.6,249842
2021-06-24 10:24:02,2996.25,249903
2021-06-24 10:24:03,2995.6,249923
2021-06-24 10:24:04,2995.6,249923
2021-06-24 10:24:06,2995.6,249923
2021-06-24 10:24:05,2995.6,249923
2021-06-24 10:24:07,2995.6,249923
2021-06-24 10:24:08,2995.6,249923
2021-06-24 10:24:09,2997.0,250023
2021-06-24 10:24:10,2995.8,250056
2021-06-24 10:24:11,2997.0,250061
2021-06-24 10:24:12,2995.8,250063
2021-06-24 10:24:13,2995.8,250063
2021-06-24 10:24:14,2997.0,250064
2021-06-24 10:24:15,2997.0,250064
2021-06-24 10:24:16,2997.0,250064
2021-06-24 10:24:17,2995.6,250369
2021-06-24 10:24:18,2995.1,250471
2021-06-24 10:24:19,2995.0,250481
2021-06-24 10:24:20,2996.9,250718
2021-06-24 10:24:21,2996.9,250831
2021-06-24 10:24:22,2995.5,250850
2021-06-24 10:24:23,2996.9,250861
2021-06-24 10:24:24,2995.5,250864
2021-06-24 10:24:25,2995.5,250864
2021-06-24 10:24:26,2995.5,250864
2021-06-24 10:24:27,2995.5,250864
2021-06-24 10:24:28,2995.5,250864
2021-06-24 10:24:30,2995.5,250864
2021-06-24 10:24:31,2995.5,250864
2021-06-24 10:24:32,2995.5,250864
2021-06-24 10:24:33,2996.9,250865
2021-06-24 10:24:34,2996.0,250935
2021-06-24 10:24:35,2996.95,251189
2021-06-24 10:24:36,2996.95,251326
2021-06-24 10:24:37,2995.5,251546
2021-06-24 10:24:38,2996.85,251662
2021-06-24 10:24:39,2995.55,251679
2021-06-24 10:24:40,2996.5,251682
2021-06-24 10:24:41,2996.5,251684
2021-06-24 10:24:42,2996.5,251684
2021-06-24 10:24:43,2996.5,251684
2021-06-24 10:24:44,2996.5,251684
2021-06-24 10:24:45,2996.5,251684
2021-06-24 10:24:46,2996.5,251684
2021-06-24 10:24:47,2996.5,251689
2021-06-24 10:24:48,2995.5,251691
2021-06-24 10:24:49,2996.5,251827
2021-06-24 10:24:50,2996.9,251878
2021-06-24 10:24:51,2995.55,251880
2021-06-24 10:24:52,2995.55,251890
2021-06-24 10:24:54,2995.55,251894
2021-06-24 10:24:54,2995.55,251894
2021-06-24 10:24:56,2997.75,252945
2021-06-24 10:24:56,2996.65,253298
2021-06-24 10:24:57,2997.6,253345
2021-06-24 10:24:58,2996.65,253360
2021-06-24 10:24:59,2996.8,253763
2021-06-24 10:25:01,2996.85,253901
2021-06-24 10:25:01,2996.85,253902
2021-06-24 10:25:02,2996.85,253902
2021-06-24 10:25:03,2996.85,253907
2021-06-24 10:25:04,2997.2,254757
2021-06-24 10:25:05,2998.45,254917
2021-06-24 10:25:06,2997.6,254928
2021-06-24 10:25:07,2998.45,254929
2021-06-24 10:25:08,2997.5,254930
2021-06-24 10:25:09,2997.5,254930
2021-06-24 10:25:10,2997.5,254981
2021-06-24 10:25:11,2998.45,255025
2021-06-24 10:25:12,2997.5,255059
2021-06-24 10:25:14,2998.45,255068
2021-06-24 10:25:15,2998.45,255073
2021-06-24 10:25:16,2997.5,255075
2021-06-24 10:25:17,2997.5,255125
2021-06-24 10:25:18,2997.55,255195
2021-06-24 10:25:19,2997.55,255212
2021-06-24 10:25:20,2998.7,255218
2021-06-24 10:25:21,2998.75,255251
2021-06-24 10:25:22,2998.75,255462
2021-06-24 10:25:23,2997.55,255778
2021-06-24 10:25:24,2998.7,255932
2021-06-24 10:25:25,2996.95,255955
2021-06-24 10:25:26,2998.55,255960
2021-06-24 10:25:27,2998.55,255972
2021-06-24 10:25:28,2997.6,255980
2021-06-24 10:25:29,2997.6,255982
2021-06-24 10:25:30,2997.6,255982
2021-06-24 10:25:31,2997.6,255982
2021-06-24 10:25:32,2997.6,255982
2021-06-24 10:25:33,2998.55,256082
2021-06-24 10:25:34,2997.6,256520
2021-06-24 10:25:36,2997.0,256719
2021-06-24 10:25:36,2997.0,256726
2021-06-24 10:25:37,2997.0,256726
2021-06-24 10:25:39,2997.0,256726
2021-06-24 10:25:40,2998.0,256728
2021-06-24 10:25:41,2998.0,256728
2021-06-24 10:25:42,2998.0,256738
2021-06-24 10:25:43,2997.3,256742
2021-06-24 10:25:44,2997.25,256842
2021-06-24 10:25:46,2998.0,256902
2021-06-24 10:25:47,2997.2,256908
2021-06-24 10:25:48,2998.0,256909
2021-06-24 10:25:49,2998.0,256915
2021-06-24 10:25:50,2997.2,256929
2021-06-24 10:25:51,2997.2,256929
2021-06-24 10:25:52,2997.2,256944
2021-06-24 10:25:53,2997.2,256947
2021-06-24 10:25:54,2997.2,256947
2021-06-24 10:25:55,2997.2,256947
2021-06-24 10:25:56,2997.2,256947
2021-06-24 10:25:57,2998.0,256949
2021-06-24 10:25:58,2998.4,257014
2021-06-24 10:25:59,2997.3,257035
2021-06-24 10:26:00,2998.7,257045
2021-06-24 10:26:01,2998.7,257069
2021-06-24 10:26:02,2997.65,257076
2021-06-24 10:26:03,2997.65,257076
2021-06-24 10:26:04,2997.65,257076
2021-06-24 10:26:05,2998.7,257111
2021-06-24 10:26:06,2998.8,257383
2021-06-24 10:26:07,2998.8,257429
2021-06-24 10:26:08,2998.25,257445
2021-06-24 10:26:09,2999.15,258701
2021-06-24 10:26:10,3000.0,260841
2021-06-24 10:26:11,2998.5,261784
2021-06-24 10:26:12,2999.9,261919
2021-06-24 10:26:13,2999.9,261926
2021-06-24 10:26:14,2999.25,261928
2021-06-24 10:26:15,2999.25,261928
2021-06-24 10:26:16,2999.95,261968
2021-06-24 10:26:17,2999.25,262027
2021-06-24 10:26:18,2999.25,262138
2021-06-24 10:26:19,2999.25,262170
2021-06-24 10:26:20,3000.0,262177
2021-06-24 10:26:21,3000.0,262879
2021-06-24 10:26:22,2999.0,265144
2021-06-24 10:26:23,2999.2,265263
2021-06-24 10:26:24,2999.2,265263
2021-06-24 10:26:26,3001.0,266153
