timestamp,ltp,volume
2021-06-24 09:34:38,4197.95,54645
2021-06-24 09:34:40,4198.8,54713
2021-06-24 09:34:41,4198.0,54726
2021-06-24 09:34:42,4198.0,54726
2021-06-24 09:34:43,4198.0,54727
2021-06-24 09:34:45,4198.0,54727
2021-06-24 09:34:46,4199.7,54779
2021-06-24 09:34:47,4199.7,54779
2021-06-24 09:34:47,4199.05,54818
2021-06-24 09:34:48,4198.8,55173
2021-06-24 09:34:49,4198.8,55228
2021-06-24 09:34:50,4198.8,55228
2021-06-24 09:34:51,4198.8,55358
2021-06-24 09:34:52,4200.3,55397
2021-06-24 09:34:53,4200.0,55517
2021-06-24 09:34:54,4200.0,55517
2021-06-24 09:34:55,4200.0,55567
2021-06-24 09:34:57,4200.0,55567
2021-06-24 09:34:58,4200.75,55589
2021-06-24 09:34:59,4200.85,55609
2021-06-24 09:35:00,4200.85,55630
2021-06-24 09:35:01,4200.75,55651
2021-06-24 09:35:02,4202.05,55694
2021-06-24 09:35:02,4202.05,55694
2021-06-24 09:35:04,4204.4,55822
2021-06-24 09:35:05,4204.4,55829
2021-06-24 09:35:06,4204.4,55829
2021-06-24 09:35:07,4204.4,55833
2021-06-24 09:35:08,4204.4,55865
2021-06-24 09:35:09,4206.95,56075
2021-06-24 09:35:10,4206.95,56075
2021-06-24 09:35:11,4210.0,56369
2021-06-24 09:35:12,4208.0,56443
2021-06-24 09:35:13,4207.65,56473
2021-06-24 09:35:14,4207.65,56473
2021-06-24 09:35:15,4209.9,56517
2021-06-24 09:35:16,4209.95,56522
2021-06-24 09:35:18,4209.75,56575
2021-06-24 09:35:19,4209.75,56575
2021-06-24 09:35:20,4208.9,56585
2021-06-24 09:35:21,4208.9,56660
2021-06-24 09:35:22,4208.9,56660
2021-06-24 09:35:23,4210.35,56986
2021-06-24 09:35:24,4210.35,56986
2021-06-24 09:35:25,4210.35,56986
2021-06-24 09:35:26,4212.0,57179
2021-06-24 09:35:27,4212.0,57302
2021-06-24 09:35:28,4212.0,57307
2021-06-24 09:35:29,4212.0,57329
2021-06-24 09:35:29,4212.0,57331
2021-06-24 09:35:30,4212.0,57331
2021-06-24 09:35:31,4214.0,57786
2021-06-24 09:35:32,4214.8,57816
2021-06-24 09:35:33,4214.85,57848
2021-06-24 09:35:34,4214.85,57848
2021-06-24 09:35:35,4214.85,57848
2021-06-24 09:35:36,4214.85,57853
2021-06-24 09:35:37,4214.8,57859
2021-06-24 09:35:38,4214.0,57869
2021-06-24 09:35:40,4214.85,57870
2021-06-24 09:35:41,4214.85,57870
2021-06-24 09:35:41,4214.85,57870
2021-06-24 09:35:42,4214.0,57880
2021-06-24 09:35:45,4215.0,58178
2021-06-24 09:35:46,4215.0,58188
2021-06-24 09:35:48,4215.05,58213
2021-06-24 09:35:49,4207.8,59349
2021-06-24 09:35:50,4209.95,59358
2021-06-24 09:35:50,4209.95,59358
2021-06-24 09:35:51,4209.95,59358
2021-06-24 09:35:53,4209.95,59358
2021-06-24 09:35:54,4211.05,59366
2021-06-24 09:35:55,4211.05,59366
2021-06-24 09:35:56,4205.2,59506
2021-06-24 09:35:57,4205.2,59506
2021-06-24 09:35:58,4206.15,59532
2021-06-24 09:35:59,4206.5,59584
2021-06-24 09:36:00,4206.5,59584
2021-06-24 09:36:00,4206.5,59584
2021-06-24 09:36:01,4206.5,59584
2021-06-24 09:36:02,4206.5,59584
2021-06-24 09:36:04,4208.1,59585
2021-06-24 09:36:05,4208.1,59585
2021-06-24 09:36:06,4208.1,59585
2021-06-24 09:36:07,4207.85,59610
2021-06-24 09:36:08,4206.5,59635
2021-06-24 09:36:09,4206.5,59671
2021-06-24 09:36:10,4206.5,59671
2021-06-24 09:36:11,4206.5,59671
2021-06-24 09:36:11,4206.5,59671
2021-06-24 09:36:12,4207.8,59696
2021-06-24 09:36:13,4206.5,59746
2021-06-24 09:36:14,4206.5,59746
2021-06-24 09:36:15,4206.5,60210
2021-06-24 09:36:16,4206.5,60210
2021-06-24 09:36:18,4206.8,60310
2021-06-24 09:36:19,4205.25,60319
2021-06-24 09:36:20,4205.25,60319
2021-06-24 09:36:21,4205.0,60328
2021-06-24 09:36:22,4205.0,60344
2021-06-24 09:36:23,4205.0,60344
2021-06-24 09:36:25,4205.0,60344
2021-06-24 09:36:26,4205.15,60352
2021-06-24 09:36:27,4205.15,60352
2021-06-24 09:36:28,4204.4,60354
2021-06-24 09:36:29,4203.75,60380
2021-06-24 09:36:31,4203.75,60380
2021-06-24 09:36:32,4203.75,60380
2021-06-24 09:36:35,4203.75,60380
2021-06-24 09:36:36,4203.75,60380
2021-06-24 09:36:37,4203.0,60391
2021-06-24 09:36:38,4203.55,60395
2021-06-24 09:36:39,4203.6,60398
2021-06-24 09:36:40,4203.6,60398
2021-06-24 09:36:41,4203.6,60454
2021-06-24 09:36:42,4203.6,60454
2021-06-24 09:36:43,4202.1,60464
2021-06-24 09:36:44,4202.1,60464
2021-06-24 09:36:45,4203.0,60472
2021-06-24 09:36:45,4203.0,60472
2021-06-24 09:36:46,4202.1,60473
2021-06-24 09:36:47,4202.1,60473
2021-06-24 09:36:48,4202.1,60492
2021-06-24 09:36:49,4200.75,60495
2021-06-24 09:36:51,4200.75,60495
2021-06-24 09:36:52,4200.75,60495
2021-06-24 09:36:55,4201.75,60610
2021-06-24 09:36:58,4201.75,60610
2021-06-24 09:36:59,4201.7,60612
2021-06-24 09:37:00,4201.7,60612
2021-06-24 09:37:01,4201.7,60613
2021-06-24 09:37:03,4201.65,60619
2021-06-24 09:37:05,4201.65,60619
2021-06-24 09:37:06,4201.6,60681
2021-06-24 09:37:07,4201.6,60684
2021-06-24 09:37:08,4201.6,60690
2021-06-24 09:37:09,4201.6,60690
2021-06-24 09:37:09,4201.6,60690
2021-06-24 09:37:10,4201.6,60690
2021-06-24 09:37:11,4200.0,60857
2021-06-24 09:37:12,4200.0,60857
2021-06-24 09:37:13,4200.0,60867
2021-06-24 09:37:15,4200.0,60867
2021-06-24 09:37:16,4195.9,61263
2021-06-24 09:37:18,4199.4,61380
2021-06-24 09:37:18,4199.4,61380
2021-06-24 09:37:19,4198.05,61381
2021-06-24 09:37:20,4198.05,61381
2021-06-24 09:37:21,4198.05,61381
2021-06-24 09:37:22,4198.05,61381
2021-06-24 09:37:23,4198.05,61381
2021-06-24 09:37:25,4198.05,61429
2021-06-24 09:37:26,4198.05,61429
2021-06-24 09:37:27,4198.05,61431
2021-06-24 09:37:28,4198.05,61452
2021-06-24 09:37:29,4198.05,61453
2021-06-24 09:37:30,4196.3,61509
2021-06-24 09:37:31,4196.3,61509
2021-06-24 09:37:32,4196.3,61509
2021-06-24 09:37:33,4196.3,61509
2021-06-24 09:37:35,4196.3,61509
2021-06-24 09:37:36,4196.3,61509
2021-06-24 09:37:37,4196.3,61509
2021-06-24 09:37:38,4197.95,61570
2021-06-24 09:37:39,4197.95,61570
2021-06-24 09:37:40,4197.95,61570
2021-06-24 09:37:41,4194.0,62120
2021-06-24 09:37:42,4195.0,62170
2021-06-24 09:37:43,4195.0,62170
2021-06-24 09:37:44,4195.0,62170
2021-06-24 09:37:45,4195.0,62170
2021-06-24 09:37:46,4195.0,62176
2021-06-24 09:37:47,4195.0,62176
2021-06-24 09:37:48,4195.0,62176
2021-06-24 09:37:49,4194.95,62247
2021-06-24 09:37:50,4194.95,62247
2021-06-24 09:37:52,4194.75,62249
2021-06-24 09:37:54,4193.2,62266
2021-06-24 09:37:54,4193.2,62266
2021-06-24 09:37:56,4194.35,62398
2021-06-24 09:37:58,4192.05,62400
2021-06-24 09:37:58,4192.05,62400
2021-06-24 09:37:59,4193.2,62430
2021-06-24 09:38:01,4193.3,62431
2021-06-24 09:38:02,4193.2,62475
2021-06-24 09:38:03,4193.2,62475
2021-06-24 09:38:04,4193.1,62978
2021-06-24 09:38:05,4193.2,63080
2021-06-24 09:38:06,4190.8,63201
2021-06-24 09:38:06,4193.05,63216
2021-06-24 09:38:07,4193.05,63216
2021-06-24 09:38:08,4193.05,63216
2021-06-24 09:38:10,4193.05,63216
2021-06-24 09:38:11,4190.8,63219
2021-06-24 09:38:12,4190.8,63219
2021-06-24 09:38:13,4193.05,63223
2021-06-24 09:38:14,4193.05,63223
2021-06-24 09:38:16,4190.8,63231
2021-06-24 09:38:17,4190.8,63231
2021-06-24 09:38:18,4192.0,63250
2021-06-24 09:38:19,4191.3,63303
2021-06-24 09:38:21,4191.3,63303
2021-06-24 09:38:22,4191.3,63303
2021-06-24 09:38:23,4191.3,63303
2021-06-24 09:38:24,4193.0,63327
2021-06-24 09:38:25,4190.2,63476
2021-06-24 09:38:27,4190.2,63476
2021-06-24 09:38:28,4190.2,63476
2021-06-24 09:38:30,4190.2,63476
2021-06-24 09:38:31,4190.2,63476
2021-06-24 09:38:32,4192.75,63477
2021-06-24 09:38:33,4192.75,63477
2021-06-24 09:38:34,4192.75,63477
2021-06-24 09:38:36,4192.75,63477
2021-06-24 09:38:37,4192.75,63477
2021-06-24 09:38:38,4192.75,63477
2021-06-24 09:38:39,4192.75,63477
2021-06-24 09:38:40,4190.45,63484
2021-06-24 09:38:41,4192.75,63494
2021-06-24 09:38:42,4192.75,63524
2021-06-24 09:38:43,4192.75,63524
2021-06-24 09:38:44,4192.75,63524
2021-06-24 09:38:45,4192.75,63524
2021-06-24 09:38:46,4192.8,64209
2021-06-24 09:38:48,4192.8,64209
2021-06-24 09:38:49,4192.8,64209
2021-06-24 09:38:50,4192.8,64209
2021-06-24 09:38:51,4192.8,64219
2021-06-24 09:38:52,4192.8,64262
2021-06-24 09:38:53,4192.8,64262
2021-06-24 09:38:55,4192.8,64295
2021-06-24 09:38:56,4192.8,64298
2021-06-24 09:38:57,4192.8,64331
2021-06-24 09:38:58,4192.75,64332
2021-06-24 09:38:59,4192.75,64332
2021-06-24 09:39:00,4192.8,64344
2021-06-24 09:39:01,4192.8,64344
2021-06-24 09:39:02,4192.8,64344
2021-06-24 09:39:03,4192.8,64344
2021-06-24 09:39:04,4195.0,66071
2021-06-24 09:39:05,4193.0,66875
2021-06-24 09:39:05,4193.0,66875
2021-06-24 09:39:07,4195.9,66927
2021-06-24 09:39:08,4195.9,66927
2021-06-24 09:39:10,4195.95,66931
2021-06-24 09:39:11,4195.95,66931
2021-06-24 09:39:12,4195.95,66946
2021-06-24 09:39:13,4196.6,67476
2021-06-24 09:39:14,4195.9,67523
2021-06-24 09:39:14,4195.9,67523
2021-06-24 09:39:16,4195.9,67523
2021-06-24 09:39:17,4195.9,67523
2021-06-24 09:39:18,4195.9,67523
2021-06-24 09:39:19,4195.9,67523
2021-06-24 09:39:21,4195.9,67523
2021-06-24 09:39:22,4195.9,67523
2021-06-24 09:39:22,4195.9,67523
2021-06-24 09:39:23,4195.9,67523
2021-06-24 09:39:25,4195.9,67523
2021-06-24 09:39:28,4195.9,67523
2021-06-24 09:39:29,4195.9,67523
2021-06-24 09:39:30,4195.8,67547
2021-06-24 09:39:31,4195.8,67547
2021-06-24 09:39:31,4195.8,67547
2021-06-24 09:39:32,4195.8,67547
2021-06-24 09:39:34,4195.8,67547
2021-06-24 09:39:35,4195.8,67547
2021-06-24 09:39:36,4195.8,67547
2021-06-24 09:39:37,4195.8,67547
2021-06-24 09:39:38,4195.8,67547
2021-06-24 09:39:39,4195.8,67547
2021-06-24 09:39:40,4196.15,67557
2021-06-24 09:39:41,4196.2,67611
2021-06-24 09:39:43,4196.2,67611
2021-06-24 09:39:43,4196.2,67611
2021-06-24 09:39:44,4197.2,67760
2021-06-24 09:39:46,4197.2,67760
2021-06-24 09:39:46,4197.2,67760
2021-06-24 09:39:48,4197.2,67760
2021-06-24 09:39:50,4200.0,67825
2021-06-24 09:39:52,4198.0,67840
2021-06-24 09:39:53,4198.0,67840
2021-06-24 09:39:54,4198.0,67840
2021-06-24 09:39:55,4199.3,67870
2021-06-24 09:39:56,4199.3,67870
2021-06-24 09:39:57,4199.3,67870
2021-06-24 09:39:58,4199.35,67882
2021-06-24 09:39:59,4199.35,67882
2021-06-24 09:40:01,4197.5,67932
2021-06-24 09:40:02,4197.5,67932
2021-06-24 09:40:03,4197.5,67932
2021-06-24 09:40:04,4197.5,67932
2021-06-24 09:40:05,4199.2,67934
2021-06-24 09:40:06,4199.2,67969
2021-06-24 09:40:07,4199.2,67969
2021-06-24 09:40:08,4199.2,67969
2021-06-24 09:40:09,4199.2,67969
2021-06-24 09:40:10,4199.2,67969
2021-06-24 09:40:11,4199.2,67969
2021-06-24 09:40:12,4199.0,67981
2021-06-24 09:40:13,4199.0,67981
2021-06-24 09:40:14,4199.0,67981
2021-06-24 09:40:15,4199.0,67981
2021-06-24 09:40:17,4199.0,68013
2021-06-24 09:40:18,4199.0,68013
2021-06-24 09:40:19,4199.0,68013
2021-06-24 09:40:20,4199.0,68013
2021-06-24 09:40:21,4199.0,68013
2021-06-24 09:40:22,4199.1,68042
2021-06-24 09:40:23,4199.15,68050
2021-06-24 09:40:24,4199.15,68050
2021-06-24 09:40:25,4199.15,68050
2021-06-24 09:40:26,4199.4,68184
2021-06-24 09:40:27,4199.8,68374
2021-06-24 09:40:28,4199.8,68378
2021-06-24 09:40:29,4199.8,68378
2021-06-24 09:40:30,4199.8,68378
2021-06-24 09:40:31,4200.0,68393
2021-06-24 09:40:32,4200.0,68393
2021-06-24 09:40:33,4200.0,68393
2021-06-24 09:40:34,4200.0,68393
2021-06-24 09:40:35,4200.0,68618
2021-06-24 09:40:37,4201.2,69193
2021-06-24 09:40:38,4201.2,69193
2021-06-24 09:40:39,4201.2,69193
2021-06-24 09:40:40,4201.2,69193
2021-06-24 09:40:41,4201.2,69193
2021-06-24 09:40:42,4201.2,69193
2021-06-24 09:40:43,4201.2,69193
2021-06-24 09:40:44,4200.8,69209
2021-06-24 09:40:46,4200.8,69221
2021-06-24 09:40:47,4201.55,69245
2021-06-24 09:40:48,4201.55,69262
2021-06-24 09:40:49,4201.55,69262
2021-06-24 09:40:50,4201.6,69285
2021-06-24 09:40:51,4201.6,69285
2021-06-24 09:40:52,4201.6,69285
2021-06-24 09:40:53,4201.6,69285
2021-06-24 09:40:54,4201.6,69285
2021-06-24 09:40:55,4201.6,69287
2021-06-24 09:40:56,4201.6,69287
2021-06-24 09:40:57,4201.6,69601
2021-06-24 09:40:58,4201.6,69601
2021-06-24 09:40:59,4201.6,69601
2021-06-24 09:41:01,4202.0,69617
2021-06-24 09:41:02,4202.0,69647
2021-06-24 09:41:03,4202.0,69647
2021-06-24 09:41:04,4202.0,69647
2021-06-24 09:41:05,4202.0,69647
2021-06-24 09:41:06,4202.0,69647
2021-06-24 09:41:07,4200.4,69649
2021-06-24 09:41:08,4200.4,69649
2021-06-24 09:41:09,4200.4,69649
2021-06-24 09:41:10,4201.25,69655
2021-06-24 09:41:11,4202.05,69664
2021-06-24 09:41:13,4202.05,69664
2021-06-24 09:41:14,4202.0,69711
2021-06-24 09:41:15,4202.0,69711
2021-06-24 09:41:17,4200.4,69721
2021-06-24 09:41:19,4201.25,69726
2021-06-24 09:41:20,4202.1,69731
2021-06-24 09:41:21,4202.1,69733
2021-06-24 09:41:22,4202.1,69733
2021-06-24 09:41:23,4202.1,69733
2021-06-24 09:41:24,4202.1,69733
2021-06-24 09:41:25,4202.1,69733
2021-06-24 09:41:27,4202.1,69733
2021-06-24 09:41:28,4202.65,69784
2021-06-24 09:41:29,4202.65,69784
2021-06-24 09:41:30,4202.1,69788
2021-06-24 09:41:31,4202.1,69788
2021-06-24 09:41:32,4202.1,69788
2021-06-24 09:41:33,4202.1,69788
2021-06-24 09:41:34,4202.1,69788
2021-06-24 09:41:35,4202.1,69788
2021-06-24 09:41:36,4201.7,69791
2021-06-24 09:41:38,4202.1,69804
2021-06-24 09:41:37,4202.1,69804
2021-06-24 09:41:39,4202.1,69804
2021-06-24 09:41:40,4202.1,69804
2021-06-24 09:41:41,4202.5,69822
2021-06-24 09:41:42,4202.5,69822
2021-06-24 09:41:43,4202.5,69822
2021-06-24 09:41:44,4203.55,69824
2021-06-24 09:41:45,4203.55,69824
2021-06-24 09:41:46,4206.0,69915
2021-06-24 09:41:47,4206.0,69956
2021-06-24 09:41:48,4206.0,69956
2021-06-24 09:41:49,4206.0,69956
2021-06-24 09:41:50,4206.0,69956
2021-06-24 09:41:51,4205.6,69958
2021-06-24 09:41:52,4205.6,69958
2021-06-24 09:41:53,4205.6,69958
2021-06-24 09:41:54,4205.6,69958
2021-06-24 09:41:55,4205.6,69958
2021-06-24 09:41:56,4205.6,69958
2021-06-24 09:41:57,4205.6,69958
2021-06-24 09:41:58,4208.0,70075
2021-06-24 09:41:59,4208.0,70075
2021-06-24 09:42:00,4206.15,70076
2021-06-24 09:42:01,4207.4,70129
2021-06-24 09:42:02,4204.35,70233
2021-06-24 09:42:03,4204.35,70233
2021-06-24 09:42:04,4202.75,70249
2021-06-24 09:42:05,4202.75,70249
2021-06-24 09:42:08,4202.55,70252
2021-06-24 09:42:10,4202.55,70253
2021-06-24 09:42:12,4202.55,70253
2021-06-24 09:42:13,4202.55,70253
2021-06-24 09:42:14,4201.95,70275
2021-06-24 09:42:15,4201.95,70275
2021-06-24 09:42:16,4201.95,70275
2021-06-24 09:42:17,4201.95,70275
2021-06-24 09:42:18,4201.95,70275
2021-06-24 09:42:19,4201.95,70275
2021-06-24 09:42:20,4201.95,70275
2021-06-24 09:42:21,4201.95,70275
2021-06-24 09:42:22,4201.95,70275
2021-06-24 09:42:23,4201.95,70275
2021-06-24 09:42:24,4201.95,70275
2021-06-24 09:42:25,4202.6,70295
2021-06-24 09:42:26,4202.6,70295
2021-06-24 09:42:27,4202.6,70295
2021-06-24 09:42:28,4202.6,70295
2021-06-24 09:42:29,4202.7,70329
2021-06-24 09:42:30,4202.7,70329
2021-06-24 09:42:31,4203.6,70379
2021-06-24 09:42:32,4203.6,70379
2021-06-24 09:42:33,4203.6,70379
2021-06-24 09:42:34,4203.6,70379
2021-06-24 09:42:35,4203.6,70379
2021-06-24 09:42:36,4203.6,70379
2021-06-24 09:42:38,4203.6,70379
2021-06-24 09:42:39,4203.6,70379
2021-06-24 09:42:40,4202.6,70383
2021-06-24 09:42:41,4202.6,70383
2021-06-24 09:42:44,4202.6,70383
2021-06-24 09:42:44,4204.0,70388
2021-06-24 09:42:45,4204.0,70388
2021-06-24 09:42:46,4204.0,70388
2021-06-24 09:42:47,4204.0,70388
2021-06-24 09:42:48,4204.0,70388
2021-06-24 09:42:49,4204.0,70388
2021-06-24 09:42:50,4204.0,70388
2021-06-24 09:42:51,4204.0,70388
2021-06-24 09:42:52,4204.0,70388
2021-06-24 09:42:53,4204.0,70403
2021-06-24 09:42:54,4204.0,70403
2021-06-24 09:42:55,4204.0,70413
2021-06-24 09:42:56,4204.1,70444
2021-06-24 09:42:57,4204.15,70474
2021-06-24 09:42:58,4204.15,70474
2021-06-24 09:42:59,4204.15,70474
2021-06-24 09:43:00,4204.15,70474
2021-06-24 09:43:01,4204.15,70474
2021-06-24 09:43:02,4204.1,70485
2021-06-24 09:43:03,4204.1,70485
2021-06-24 09:43:04,4204.1,70487
2021-06-24 09:43:05,4204.1,70487
2021-06-24 09:43:06,4204.1,70489
2021-06-24 09:43:07,4204.4,70539
2021-06-24 09:43:08,4203.0,70556
2021-06-24 09:43:09,4200.05,71039
2021-06-24 09:43:10,4199.8,71041
2021-06-24 09:43:11,4199.8,71041
2021-06-24 09:43:12,4199.8,71041
2021-06-24 09:43:13,4199.8,71041
2021-06-24 09:43:14,4197.05,71051
2021-06-24 09:43:16,4197.05,71051
2021-06-24 09:43:17,4197.05,71051
2021-06-24 09:43:18,4197.05,71051
2021-06-24 09:43:19,4198.9,71055
2021-06-24 09:43:20,4199.0,71155
2021-06-24 09:43:22,4199.0,71155
2021-06-24 09:43:22,4199.0,71155
2021-06-24 09:43:23,4199.0,71155
2021-06-24 09:43:25,4199.0,71168
2021-06-24 09:43:26,4199.0,71168
2021-06-24 09:43:27,4199.0,71168
2021-06-24 09:43:28,4199.0,71168
2021-06-24 09:43:29,4199.0,71168
2021-06-24 09:43:30,4198.8,71170
2021-06-24 09:43:31,4198.9,71185
2021-06-24 09:43:32,4198.9,71185
2021-06-24 09:43:33,4198.9,71185
2021-06-24 09:43:34,4198.9,71185
2021-06-24 09:43:35,4198.9,71185
2021-06-24 09:43:36,4198.9,71207
2021-06-24 09:43:37,4198.9,71212
2021-06-24 09:43:38,4198.9,71212
2021-06-24 09:43:39,4198.95,71309
2021-06-24 09:43:40,4198.95,71309
2021-06-24 09:43:41,4199.0,71358
2021-06-24 09:43:42,4199.0,71358
2021-06-24 09:43:43,4199.0,71364
2021-06-24 09:43:45,4199.4,71367
2021-06-24 09:43:46,4199.4,71367
2021-06-24 09:43:47,4199.4,71367
2021-06-24 09:43:49,4199.4,71367
2021-06-24 09:43:50,4200.0,71401
2021-06-24 09:43:51,4200.0,71401
2021-06-24 09:43:52,4202.0,71406
2021-06-24 09:43:53,4202.0,71406
2021-06-24 09:43:54,4202.0,71406
2021-06-24 09:43:55,4202.0,71406
2021-06-24 09:43:56,4202.0,71406
2021-06-24 09:43:57,4202.0,71406
2021-06-24 09:43:58,4202.0,71408
2021-06-24 09:43:59,4202.0,71408
2021-06-24 09:44:00,4202.0,71408
2021-06-24 09:44:01,4202.0,71409
2021-06-24 09:44:02,4202.0,71409
2021-06-24 09:44:03,4202.0,71409
2021-06-24 09:44:04,4202.0,71409
2021-06-24 09:44:05,4201.95,71429
2021-06-24 09:44:06,4201.95,71429
2021-06-24 09:44:07,4201.95,71429
2021-06-24 09:44:08,4202.0,71479
2021-06-24 09:44:09,4202.0,71479
2021-06-24 09:44:10,4202.0,71509
2021-06-24 09:44:12,4204.1,71543
2021-06-24 09:44:13,4204.05,71557
2021-06-24 09:44:14,4204.05,71558
2021-06-24 09:44:15,4204.0,71559
2021-06-24 09:44:17,4204.0,71561
2021-06-24 09:44:17,4204.0,71561
2021-06-24 09:44:18,4204.0,71561
2021-06-24 09:44:19,4204.0,71561
2021-06-24 09:44:20,4203.55,71571
2021-06-24 09:44:21,4204.1,71671
2021-06-24 09:44:23,4204.1,71671
2021-06-24 09:44:24,4203.8,71676
2021-06-24 09:44:25,4202.05,71679
2021-06-24 09:44:26,4202.05,71679
2021-06-24 09:44:26,4202.05,71679
2021-06-24 09:44:28,4203.9,71689
2021-06-24 09:44:28,4203.9,71689
2021-06-24 09:44:29,4203.9,71689
2021-06-24 09:44:30,4203.9,71689
2021-06-24 09:44:32,4202.85,71742
2021-06-24 09:44:32,4202.85,71742
2021-06-24 09:44:33,4202.85,71742
2021-06-24 09:44:34,4202.85,71742
2021-06-24 09:44:35,4202.85,71742
2021-06-24 09:44:36,4202.85,71742
2021-06-24 09:44:37,4202.85,71742
2021-06-24 09:44:39,4202.05,71746
2021-06-24 09:44:40,4202.05,71746
2021-06-24 09:44:41,4202.05,71746
2021-06-24 09:44:42,4202.05,71746
2021-06-24 09:44:43,4199.65,71784
2021-06-24 09:44:45,4199.65,71784
2021-06-24 09:44:46,4199.0,71830
2021-06-24 09:44:47,4199.0,71830
2021-06-24 09:44:48,4199.0,71830
2021-06-24 09:44:49,4199.0,71830
2021-06-24 09:44:50,4199.0,71830
2021-06-24 09:44:51,4199.0,71830
2021-06-24 09:44:52,4199.0,71830
2021-06-24 09:44:53,4199.3,71873
2021-06-24 09:44:56,4199.3,71873
2021-06-24 09:44:57,4199.3,71873
2021-06-24 09:44:58,4198.9,71907
2021-06-24 09:44:59,4199.05,72084
2021-06-24 09:45:01,4198.35,72092
2021-06-24 09:45:02,4198.35,72092
2021-06-24 09:45:03,4198.35,72092
2021-06-24 09:45:04,4198.35,72092
2021-06-24 09:45:05,4198.35,72092
2021-06-24 09:45:06,4198.35,72092
2021-06-24 09:45:07,4198.35,72092
2021-06-24 09:45:08,4198.35,72092
2021-06-24 09:45:09,4198.35,72092
2021-06-24 09:45:10,4198.35,72092
2021-06-24 09:45:11,4196.9,72104
2021-06-24 09:45:12,4196.9,72104
2021-06-24 09:45:13,4196.9,72104
2021-06-24 09:45:15,4196.9,72104
2021-06-24 09:45:16,4196.9,72104
2021-06-24 09:45:17,4196.9,72104
2021-06-24 09:45:18,4196.9,72104
2021-06-24 09:45:19,4196.9,72104
2021-06-24 09:45:20,4196.9,72104
2021-06-24 09:45:20,4196.9,72104
2021-06-24 09:45:21,4196.9,72104
2021-06-24 09:45:22,4198.25,72147
2021-06-24 09:45:23,4198.25,72147
2021-06-24 09:45:24,4198.25,72147
2021-06-24 09:45:26,4196.8,72151
2021-06-24 09:45:27,4196.55,72169
2021-06-24 09:45:28,4196.55,72169
2021-06-24 09:45:29,4198.0,72400
2021-06-24 09:45:29,4198.0,72400
2021-06-24 09:45:30,4198.0,72400
2021-06-24 09:45:31,4198.0,72400
2021-06-24 09:45:32,4198.0,72400
2021-06-24 09:45:33,4196.8,72405
2021-06-24 09:45:34,4196.8,72405
2021-06-24 09:45:35,4196.9,72456
2021-06-24 09:45:36,4196.9,72456
2021-06-24 09:45:37,4196.9,72456
2021-06-24 09:45:38,4196.9,72456
2021-06-24 09:45:39,4196.9,72456
2021-06-24 09:45:40,4197.0,72504
2021-06-24 09:45:41,4197.0,72519
2021-06-24 09:45:42,4197.0,72519
2021-06-24 09:45:43,4197.0,72519
2021-06-24 09:45:45,4197.0,72519
2021-06-24 09:45:46,4197.0,72519
2021-06-24 09:45:46,4197.0,72519
2021-06-24 09:45:47,4198.5,72661
2021-06-24 09:45:48,4198.5,72661
2021-06-24 09:45:49,4198.5,72661
2021-06-24 09:45:50,4198.45,72704
2021-06-24 09:45:51,4198.45,72704
2021-06-24 09:45:52,4198.45,72704
2021-06-24 09:45:53,4198.45,72704
2021-06-24 09:45:54,4198.45,72704
2021-06-24 09:45:55,4198.45,72704
2021-06-24 09:45:56,4197.0,72723
2021-06-24 09:45:57,4197.0,72723
2021-06-24 09:45:58,4197.0,72723
2021-06-24 09:45:59,4198.0,72746
2021-06-24 09:46:00,4198.0,72746
2021-06-24 09:46:01,4198.0,72746
2021-06-24 09:46:02,4198.0,72746
2021-06-24 09:46:03,4198.0,72746
2021-06-24 09:46:04,4198.0,72746
2021-06-24 09:46:05,4198.0,72746
2021-06-24 09:46:06,4198.0,72746
2021-06-24 09:46:08,4198.0,72746
2021-06-24 09:46:09,4198.0,72746
2021-06-24 09:46:10,4198.0,72746
2021-06-24 09:46:11,4198.0,72746
2021-06-24 09:46:11,4198.0,72746
2021-06-24 09:46:12,4198.0,72746
2021-06-24 09:46:13,4198.0,72746
2021-06-24 09:46:14,4197.95,72754
2021-06-24 09:46:15,4197.95,72756
2021-06-24 09:46:16,4198.0,72789
2021-06-24 09:46:17,4198.0,72789
2021-06-24 09:46:18,4198.0,72789
2021-06-24 09:46:19,4198.0,72789
2021-06-24 09:46:20,4198.0,72789
2021-06-24 09:46:23,4198.0,72789
2021-06-24 09:46:24,4198.0,72789
2021-06-24 09:46:25,4198.0,72789
2021-06-24 09:46:26,4198.0,72799
2021-06-24 09:46:27,4198.0,72800
2021-06-24 09:46:28,4198.0,72800
2021-06-24 09:46:29,4198.0,72800
2021-06-24 09:46:30,4198.0,72800
2021-06-24 09:46:31,4198.0,72800
2021-06-24 09:46:32,4197.95,72802
2021-06-24 09:46:33,4197.95,72802
2021-06-24 09:46:34,4197.95,72802
2021-06-24 09:46:34,4197.95,72805
2021-06-24 09:46:35,4197.95,72806
2021-06-24 09:46:36,4197.95,72806
2021-06-24 09:46:37,4197.95,72806
2021-06-24 09:46:38,4197.95,72806
2021-06-24 09:46:39,4197.95,72806
2021-06-24 09:46:40,4197.95,72806
2021-06-24 09:46:41,4197.95,72806
2021-06-24 09:46:42,4197.95,72849
2021-06-24 09:46:43,4197.95,72849
2021-06-24 09:46:44,4197.95,72849
2021-06-24 09:46:45,4197.8,72850
2021-06-24 09:46:47,4197.8,72850
2021-06-24 09:46:48,4197.8,72850
2021-06-24 09:46:49,4197.8,72850
2021-06-24 09:46:50,4197.0,72912
2021-06-24 09:46:51,4197.0,72912
2021-06-24 09:46:52,4197.0,72912
2021-06-24 09:46:53,4197.0,72912
2021-06-24 09:46:54,4197.0,72962
2021-06-24 09:46:55,4196.55,73298
2021-06-24 09:46:56,4196.55,73316
2021-06-24 09:46:57,4196.0,73344
2021-06-24 09:46:59,4194.1,73417
2021-06-24 09:47:00,4194.1,73417
2021-06-24 09:47:01,4194.1,73417
2021-06-24 09:47:02,4194.1,73417
2021-06-24 09:47:03,4194.1,73417
2021-06-24 09:47:04,4194.1,73417
2021-06-24 09:47:06,4192.95,73423
2021-06-24 09:47:07,4192.75,73433
2021-06-24 09:47:09,4192.75,73433
2021-06-24 09:47:12,4192.75,73433
2021-06-24 09:47:13,4192.75,73433
2021-06-24 09:47:14,4192.75,73433
2021-06-24 09:47:15,4192.05,73449
2021-06-24 09:47:16,4191.5,73467
2021-06-24 09:47:17,4191.5,73467
2021-06-24 09:47:18,4191.5,73467
2021-06-24 09:47:20,4191.5,73467
2021-06-24 09:47:21,4191.3,73547
2021-06-24 09:47:23,4191.3,73547
2021-06-24 09:47:23,4191.3,73547
2021-06-24 09:47:24,4191.3,73547
2021-06-24 09:47:26,4191.3,73547
2021-06-24 09:47:26,4191.0,73608
2021-06-24 09:47:27,4191.0,73608
2021-06-24 09:47:28,4191.0,73608
2021-06-24 09:47:29,4192.15,73609
2021-06-24 09:47:30,4190.1,73614
2021-06-24 09:47:31,4190.0,73714
2021-06-24 09:47:32,4192.1,73745
2021-06-24 09:47:33,4190.3,73765
2021-06-24 09:47:34,4192.1,73780
2021-06-24 09:47:35,4192.1,73780
2021-06-24 09:47:37,4192.1,73805
2021-06-24 09:47:38,4192.1,73805
2021-06-24 09:47:39,4192.1,73805
2021-06-24 09:47:40,4192.1,73805
2021-06-24 09:47:41,4192.1,73805
2021-06-24 09:47:41,4192.1,73805
2021-06-24 09:47:43,4190.25,73807
2021-06-24 09:47:44,4191.9,73812
2021-06-24 09:47:45,4191.9,73812
2021-06-24 09:47:46,4190.25,73842
2021-06-24 09:47:46,4190.25,73842
2021-06-24 09:47:49,4191.9,73863
2021-06-24 09:47:49,4191.9,73863
2021-06-24 09:47:50,4191.9,73863
2021-06-24 09:47:51,4191.1,73865
2021-06-24 09:47:53,4191.9,73877
2021-06-24 09:47:54,4191.9,73877
2021-06-24 09:47:55,4191.9,73877
2021-06-24 09:47:56,4191.9,73877
2021-06-24 09:47:56,4191.9,73877
2021-06-24 09:47:57,4191.9,73877
2021-06-24 09:48:00,4191.2,73882
2021-06-24 09:48:00,4191.2,73882
2021-06-24 09:48:01,4191.2,73882
2021-06-24 09:48:03,4191.2,73882
2021-06-24 09:48:04,4191.2,73882
2021-06-24 09:48:04,4191.2,73882
2021-06-24 09:48:05,4191.2,73882
2021-06-24 09:48:06,4191.2,73883
2021-06-24 09:48:07,4191.2,73883
2021-06-24 09:48:08,4191.2,73883
2021-06-24 09:48:09,4191.2,73883
2021-06-24 09:48:10,4191.2,73883
2021-06-24 09:48:12,4191.0,73983
2021-06-24 09:48:13,4190.35,73997
2021-06-24 09:48:14,4190.35,73997
2021-06-24 09:48:15,4190.35,73997
2021-06-24 09:48:16,4190.35,73997
2021-06-24 09:48:17,4191.0,74007
2021-06-24 09:48:18,4191.0,74007
2021-06-24 09:48:19,4191.0,74007
2021-06-24 09:48:19,4191.0,74007
2021-06-24 09:48:20,4192.8,74295
2021-06-24 09:48:21,4192.8,74295
2021-06-24 09:48:23,4193.25,74297
2021-06-24 09:48:24,4195.0,74300
2021-06-24 09:48:25,4193.25,74312
2021-06-24 09:48:26,4193.25,74312
2021-06-24 09:48:28,4194.45,74462
2021-06-24 09:48:28,4194.45,74462
2021-06-24 09:48:29,4194.45,74462
2021-06-24 09:48:32,4194.45,74462
2021-06-24 09:48:33,4194.45,74462
2021-06-24 09:48:34,4194.45,74462
2021-06-24 09:48:35,4194.45,74462
2021-06-24 09:48:36,4194.45,74462
2021-06-24 09:48:38,4195.2,74562
2021-06-24 09:48:39,4195.2,74562
2021-06-24 09:48:40,4195.85,74576
2021-06-24 09:48:40,4195.85,74576
2021-06-24 09:48:43,4195.0,74626
2021-06-24 09:48:44,4195.0,74626
2021-06-24 09:48:45,4195.0,74626
2021-06-24 09:48:46,4195.0,74626
2021-06-24 09:48:48,4195.0,74626
2021-06-24 09:48:49,4195.0,74626
2021-06-24 09:48:50,4195.0,74626
2021-06-24 09:48:51,4195.0,74626
2021-06-24 09:48:52,4195.0,74626
2021-06-24 09:48:53,4195.0,74888
2021-06-24 09:48:54,4195.0,74888
2021-06-24 09:48:55,4195.0,74888
2021-06-24 09:48:56,4195.0,74888
2021-06-24 09:48:57,4195.0,74888
2021-06-24 09:48:58,4195.0,74888
2021-06-24 09:48:59,4195.0,74888
2021-06-24 09:49:00,4195.0,74888
2021-06-24 09:49:01,4195.0,74888
2021-06-24 09:49:01,4195.0,74888
2021-06-24 09:49:03,4195.0,74888
2021-06-24 09:49:04,4195.0,74888
2021-06-24 09:49:05,4195.0,74888
2021-06-24 09:49:06,4194.5,74896
2021-06-24 09:49:07,4194.5,74896
2021-06-24 09:49:08,4194.5,74896
2021-06-24 09:49:09,4194.5,74896
2021-06-24 09:49:10,4194.5,74896
2021-06-24 09:49:11,4194.5,74896
2021-06-24 09:49:12,4194.5,74896
2021-06-24 09:49:13,4194.5,74896
2021-06-24 09:49:13,4194.5,74942
2021-06-24 09:49:15,4194.5,74942
2021-06-24 09:49:16,4194.5,74942
2021-06-24 09:49:17,4194.5,74942
2021-06-24 09:49:18,4194.5,74942
2021-06-24 09:49:20,4194.5,74942
2021-06-24 09:49:21,4194.5,74942
2021-06-24 09:49:24,4195.9,75032
2021-06-24 09:49:25,4195.9,75032
2021-06-24 09:49:25,4195.9,75032
2021-06-24 09:49:26,4195.9,75032
2021-06-24 09:49:27,4195.9,75032
2021-06-24 09:49:28,4195.9,75032
2021-06-24 09:49:30,4195.9,75032
2021-06-24 09:49:31,4195.9,75032
2021-06-24 09:49:32,4195.9,75032
2021-06-24 09:49:33,4195.9,75032
2021-06-24 09:49:34,4195.9,75032
2021-06-24 09:49:35,4195.9,75032
2021-06-24 09:49:36,4196.95,75049
2021-06-24 09:49:37,4196.95,75049
2021-06-24 09:49:38,4196.95,75049
2021-06-24 09:49:39,4196.95,75049
2021-06-24 09:49:40,4196.95,75049
2021-06-24 09:49:41,4196.4,75084
2021-06-24 09:49:42,4196.4,75084
2021-06-24 09:49:43,4196.4,75084
2021-06-24 09:49:44,4196.4,75084
2021-06-24 09:49:45,4196.4,75084
2021-06-24 09:49:46,4196.4,75084
2021-06-24 09:49:47,4196.4,75084
2021-06-24 09:49:49,4196.4,75084
2021-06-24 09:49:49,4196.4,75084
2021-06-24 09:49:50,4197.4,75099
2021-06-24 09:49:51,4197.4,75099
2021-06-24 09:49:52,4197.5,75124
2021-06-24 09:49:53,4197.5,75124
2021-06-24 09:49:55,4197.45,75125
2021-06-24 09:49:56,4197.45,75125
2021-06-24 09:49:57,4197.45,75125
2021-06-24 09:49:58,4197.45,75125
2021-06-24 09:49:59,4197.4,75135
2021-06-24 09:50:00,4197.4,75135
2021-06-24 09:50:01,4197.4,75135
2021-06-24 09:50:01,4197.4,75135
2021-06-24 09:50:02,4197.4,75135
2021-06-24 09:50:04,4197.4,75135
2021-06-24 09:50:05,4197.4,75135
2021-06-24 09:50:05,4197.4,75135
2021-06-24 09:50:06,4197.4,75135
2021-06-24 09:50:08,4197.4,75135
2021-06-24 09:50:09,4197.4,75135
2021-06-24 09:50:12,4196.75,75136
2021-06-24 09:50:11,4197.4,75135
2021-06-24 09:50:13,4196.75,75136
2021-06-24 09:50:14,4196.75,75136
2021-06-24 09:50:15,4196.75,75136
2021-06-24 09:50:15,4196.75,75136
2021-06-24 09:50:16,4196.05,75138
2021-06-24 09:50:18,4196.05,75138
2021-06-24 09:50:19,4196.05,75138
2021-06-24 09:50:20,4196.05,75138
2021-06-24 09:50:22,4196.05,75138
2021-06-24 09:50:23,4196.75,75177
2021-06-24 09:50:24,4196.75,75177
2021-06-24 09:50:25,4196.75,75177
2021-06-24 09:50:26,4196.75,75179
2021-06-24 09:50:27,4196.75,75179
2021-06-24 09:50:28,4196.75,75179
2021-06-24 09:50:31,4196.75,75179
2021-06-24 09:50:32,4196.75,75179
2021-06-24 09:50:33,4196.75,75179
2021-06-24 09:50:34,4196.75,75179
2021-06-24 09:50:35,4196.75,75179
2021-06-24 09:50:36,4198.0,75370
2021-06-24 09:50:37,4197.15,75389
2021-06-24 09:50:38,4197.15,75389
2021-06-24 09:50:39,4196.75,75408
2021-06-24 09:50:40,4196.75,75408
2021-06-24 09:50:41,4196.75,75408
2021-06-24 09:50:42,4196.75,75408
2021-06-24 09:50:43,4197.55,75418
2021-06-24 09:50:44,4197.55,75418
2021-06-24 09:50:45,4197.55,75418
2021-06-24 09:50:46,4197.55,75418
2021-06-24 09:50:47,4197.95,75449
2021-06-24 09:50:48,4197.95,75449
2021-06-24 09:50:49,4197.95,75449
2021-06-24 09:50:50,4197.95,75449
2021-06-24 09:50:51,4197.95,75449
2021-06-24 09:50:52,4197.95,75449
2021-06-24 09:50:53,4197.95,75449
2021-06-24 09:50:54,4197.95,75449
2021-06-24 09:50:55,4197.95,75449
2021-06-24 09:50:56,4197.95,75449
2021-06-24 09:50:57,4197.95,75449
2021-06-24 09:50:59,4197.95,75449
2021-06-24 09:51:00,4197.95,75449
2021-06-24 09:51:01,4197.95,75449
2021-06-24 09:51:02,4197.95,75449
2021-06-24 09:51:03,4197.95,75449
2021-06-24 09:51:04,4197.95,75449
2021-06-24 09:51:05,4197.95,75449
2021-06-24 09:51:06,4198.0,75602
2021-06-24 09:51:07,4198.0,75602
2021-06-24 09:51:09,4198.0,75602
2021-06-24 09:51:10,4198.0,75602
2021-06-24 09:51:11,4198.5,75629
2021-06-24 09:51:12,4198.5,75629
2021-06-24 09:51:13,4198.5,75629
2021-06-24 09:51:14,4198.5,75668
2021-06-24 09:51:16,4198.5,75668
2021-06-24 09:51:17,4197.2,75678
2021-06-24 09:51:18,4197.2,75678
2021-06-24 09:51:19,4197.2,75678
2021-06-24 09:51:20,4197.2,75678
2021-06-24 09:51:22,4198.5,75688
2021-06-24 09:51:23,4198.5,75688
2021-06-24 09:51:24,4198.5,75688
2021-06-24 09:51:25,4198.5,75718
2021-06-24 09:51:26,4198.5,75718
2021-06-24 09:51:27,4198.5,75718
2021-06-24 09:51:29,4198.5,75728
2021-06-24 09:51:30,4198.5,75728
2021-06-24 09:51:31,4198.5,75728
2021-06-24 09:51:32,4198.5,75729
2021-06-24 09:51:33,4198.5,75730
2021-06-24 09:51:34,4198.5,75730
2021-06-24 09:51:35,4198.5,75730
2021-06-24 09:51:36,4198.5,75730
2021-06-24 09:51:37,4198.4,75769
2021-06-24 09:51:38,4197.95,75786
2021-06-24 09:51:39,4197.95,75786
2021-06-24 09:51:40,4197.95,75786
2021-06-24 09:51:41,4197.95,75786
2021-06-24 09:51:42,4197.95,75786
2021-06-24 09:51:43,4197.95,75786
2021-06-24 09:51:44,4197.95,75786
2021-06-24 09:51:45,4197.95,75786
2021-06-24 09:51:46,4197.95,75786
2021-06-24 09:51:48,4197.95,75786
2021-06-24 09:51:49,4197.95,75787
2021-06-24 09:51:50,4197.95,75817
2021-06-24 09:51:51,4197.95,75817
2021-06-24 09:51:52,4197.95,75817
2021-06-24 09:51:54,4197.95,75817
2021-06-24 09:51:55,4197.95,75817
2021-06-24 09:51:57,4197.95,75817
2021-06-24 09:51:58,4197.95,75817
2021-06-24 09:51:59,4197.95,75867
2021-06-24 09:52:00,4197.95,75867
2021-06-24 09:52:01,4197.95,75867
2021-06-24 09:52:02,4197.95,75867
2021-06-24 09:52:03,4198.05,75940
2021-06-24 09:52:04,4198.5,76061
2021-06-24 09:52:05,4199.0,76173
2021-06-24 09:52:06,4199.0,76236
2021-06-24 09:52:07,4199.0,76236
2021-06-24 09:52:08,4199.0,76236
2021-06-24 09:52:09,4199.0,76236
2021-06-24 09:52:10,4198.0,76251
2021-06-24 09:52:11,4198.0,76251
2021-06-24 09:52:12,4198.0,76251
2021-06-24 09:52:14,4198.0,76251
2021-06-24 09:52:15,4198.0,76251
2021-06-24 09:52:16,4198.0,76251
2021-06-24 09:52:17,4198.0,76251
2021-06-24 09:52:18,4198.0,76251
2021-06-24 09:52:19,4198.0,76251
2021-06-24 09:52:20,4198.0,76251
2021-06-24 09:52:21,4198.0,76251
2021-06-24 09:52:22,4198.0,76251
2021-06-24 09:52:24,4198.05,76261
2021-06-24 09:52:25,4198.6,76279
2021-06-24 09:52:26,4198.6,76279
2021-06-24 09:52:27,4198.6,76279
2021-06-24 09:52:28,4198.7,76290
2021-06-24 09:52:29,4198.7,76294
2021-06-24 09:52:30,4198.7,76294
2021-06-24 09:52:31,4198.7,76294
2021-06-24 09:52:32,4200.0,76394
2021-06-24 09:52:33,4200.0,76396
2021-06-24 09:52:34,4200.0,76396
2021-06-24 09:52:35,4200.0,76396
2021-06-24 09:52:36,4200.0,76396
2021-06-24 09:52:39,4200.0,76396
2021-06-24 09:52:38,4200.0,76396
2021-06-24 09:52:40,4200.0,76396
2021-06-24 09:52:41,4198.0,76453
2021-06-24 09:52:42,4199.0,76457
2021-06-24 09:52:43,4199.0,76457
2021-06-24 09:52:44,4199.0,76457
2021-06-24 09:52:45,4199.0,76457
2021-06-24 09:52:46,4199.0,76457
2021-06-24 09:52:47,4199.1,76532
2021-06-24 09:52:48,4199.1,76532
2021-06-24 09:52:49,4199.1,76534
2021-06-24 09:52:50,4199.1,76534
2021-06-24 09:52:52,4199.1,76573
2021-06-24 09:52:53,4199.0,76574
2021-06-24 09:52:54,4199.1,76575
2021-06-24 09:52:55,4199.1,76575
2021-06-24 09:52:56,4199.1,76575
2021-06-24 09:52:57,4199.1,76575
2021-06-24 09:52:58,4199.1,76575
2021-06-24 09:52:59,4199.1,76575
2021-06-24 09:53:00,4199.1,76575
2021-06-24 09:53:01,4199.1,76575
2021-06-24 09:53:02,4199.1,76575
2021-06-24 09:53:03,4199.0,76586
2021-06-24 09:53:04,4199.0,76586
2021-06-24 09:53:06,4199.0,76586
2021-06-24 09:53:07,4199.0,76586
2021-06-24 09:53:06,4199.0,76586
2021-06-24 09:53:08,4199.0,76586
2021-06-24 09:53:09,4199.1,76588
2021-06-24 09:53:10,4199.1,76588
2021-06-24 09:53:11,4199.1,76588
2021-06-24 09:53:12,4199.15,76634
2021-06-24 09:53:13,4199.15,76654
2021-06-24 09:53:15,4200.0,76835
2021-06-24 09:53:16,4200.0,76835
2021-06-24 09:53:17,4200.0,76835
2021-06-24 09:53:18,4200.0,76835
2021-06-24 09:53:19,4200.0,76835
2021-06-24 09:53:20,4200.0,76835
2021-06-24 09:53:21,4200.0,76935
2021-06-24 09:53:24,4200.0,76935
2021-06-24 09:53:25,4199.1,76985
2021-06-24 09:53:26,4198.0,76987
2021-06-24 09:53:27,4197.0,77004
2021-06-24 09:53:28,4197.0,77004
2021-06-24 09:53:29,4197.0,77004
2021-06-24 09:53:30,4197.0,77004
2021-06-24 09:53:31,4197.0,77004
2021-06-24 09:53:32,4197.0,77004
2021-06-24 09:53:33,4198.0,77005
2021-06-24 09:53:34,4198.0,77006
2021-06-24 09:53:35,4198.0,77006
2021-06-24 09:53:37,4198.0,77008
2021-06-24 09:53:37,4198.0,77008
2021-06-24 09:53:38,4198.0,77008
2021-06-24 09:53:39,4198.0,77010
2021-06-24 09:53:40,4198.0,77010
2021-06-24 09:53:41,4197.95,77048
2021-06-24 09:53:42,4197.95,77048
2021-06-24 09:53:43,4197.95,77048
2021-06-24 09:53:45,4197.95,77048
2021-06-24 09:53:47,4197.95,77048
2021-06-24 09:53:48,4197.95,77048
2021-06-24 09:53:49,4197.95,77048
2021-06-24 09:53:51,4196.1,77049
2021-06-24 09:53:51,4196.1,77049
2021-06-24 09:53:53,4197.9,77149
2021-06-24 09:53:54,4197.9,77149
2021-06-24 09:53:55,4195.75,77164
2021-06-24 09:53:56,4194.85,77189
2021-06-24 09:53:57,4194.85,77189
2021-06-24 09:53:59,4194.85,77189
2021-06-24 09:54:00,4194.85,77189
2021-06-24 09:54:01,4194.85,77189
2021-06-24 09:54:02,4194.85,77189
2021-06-24 09:54:03,4194.85,77189
2021-06-24 09:54:05,4194.85,77189
2021-06-24 09:54:05,4194.85,77189
2021-06-24 09:54:06,4194.85,77189
2021-06-24 09:54:07,4194.85,77189
2021-06-24 09:54:08,4197.3,77228
2021-06-24 09:54:09,4197.3,77228
2021-06-24 09:54:11,4196.9,77233
2021-06-24 09:54:12,4196.9,77233
2021-06-24 09:54:13,4196.9,77233
2021-06-24 09:54:15,4194.7,77383
2021-06-24 09:54:15,4194.7,77383
2021-06-24 09:54:16,4196.9,77385
2021-06-24 09:54:18,4196.9,77385
2021-06-24 09:54:19,4196.9,77385
2021-06-24 09:54:19,4196.9,77385
2021-06-24 09:54:20,4196.9,77385
2021-06-24 09:54:21,4194.45,77427
2021-06-24 09:54:22,4194.45,77427
2021-06-24 09:54:23,4194.45,77427
2021-06-24 09:54:24,4194.45,77427
2021-06-24 09:54:26,4196.85,77429
2021-06-24 09:54:26,4196.85,77429
2021-06-24 09:54:27,4196.85,77429
2021-06-24 09:54:28,4196.85,77429
2021-06-24 09:54:30,4196.85,77481
2021-06-24 09:54:31,4196.85,77517
2021-06-24 09:54:32,4196.85,77517
2021-06-24 09:54:33,4196.85,77521
2021-06-24 09:54:34,4196.85,77521
2021-06-24 09:54:35,4196.85,77521
2021-06-24 09:54:36,4196.85,77521
2021-06-24 09:54:37,4196.85,77521
2021-06-24 09:54:38,4196.85,77521
2021-06-24 09:54:40,4196.85,77521
2021-06-24 09:54:40,4196.85,77521
2021-06-24 09:54:42,4196.85,77521
2021-06-24 09:54:42,4196.85,77521
2021-06-24 09:54:43,4196.85,77521
2021-06-24 09:54:44,4196.85,77521
2021-06-24 09:54:45,4196.8,77523
2021-06-24 09:54:46,4196.8,77523
2021-06-24 09:54:47,4196.8,77523
2021-06-24 09:54:48,4196.8,77523
2021-06-24 09:54:49,4196.8,77523
2021-06-24 09:54:50,4198.2,77813
2021-06-24 09:54:51,4196.95,77831
2021-06-24 09:54:52,4196.95,77831
2021-06-24 09:54:54,4196.95,77831
2021-06-24 09:54:54,4196.95,77831
2021-06-24 09:54:55,4196.95,77831
2021-06-24 09:54:56,4196.95,77831
2021-06-24 09:54:57,4196.95,77831
2021-06-24 09:54:58,4199.1,77832
2021-06-24 09:54:59,4199.35,77836
2021-06-24 09:55:00,4199.35,77836
2021-06-24 09:55:01,4199.7,77848
2021-06-24 09:55:02,4199.7,77859
2021-06-24 09:55:03,4199.7,77904
2021-06-24 09:55:04,4199.95,77923
2021-06-24 09:55:05,4199.95,77923
2021-06-24 09:55:06,4199.95,77923
2021-06-24 09:55:07,4199.95,77923
2021-06-24 09:55:08,4199.95,77923
2021-06-24 09:55:10,4199.95,77923
2021-06-24 09:55:09,4199.95,77923
2021-06-24 09:55:11,4199.95,77923
2021-06-24 09:55:13,4199.95,77923
2021-06-24 09:55:13,4199.95,77923
2021-06-24 09:55:14,4199.95,77923
2021-06-24 09:55:15,4199.55,77931
2021-06-24 09:55:16,4199.55,77931
2021-06-24 09:55:17,4199.8,77935
2021-06-24 09:55:18,4199.6,77938
2021-06-24 09:55:20,4199.6,77954
2021-06-24 09:55:21,4199.6,77954
2021-06-24 09:55:21,4199.6,77954
2021-06-24 09:55:22,4200.0,78002
2021-06-24 09:55:24,4200.0,78002
2021-06-24 09:55:25,4198.9,78004
2021-06-24 09:55:25,4198.9,78004
2021-06-24 09:55:27,4198.2,78010
2021-06-24 09:55:28,4198.2,78010
2021-06-24 09:55:29,4198.2,78020
2021-06-24 09:55:30,4198.2,78020
2021-06-24 09:55:31,4198.2,78020
2021-06-24 09:55:32,4198.2,78020
2021-06-24 09:55:34,4198.2,78020
2021-06-24 09:55:35,4198.2,78020
2021-06-24 09:55:37,4198.2,78020
2021-06-24 09:55:38,4198.2,78020
2021-06-24 09:55:38,4197.6,78021
2021-06-24 09:55:39,4197.6,78021
2021-06-24 09:55:41,4197.6,78021
2021-06-24 09:55:42,4197.6,78021
2021-06-24 09:55:44,4197.6,78021
2021-06-24 09:55:44,4197.6,78021
2021-06-24 09:55:45,4196.15,78086
2021-06-24 09:55:46,4196.15,78086
2021-06-24 09:55:48,4196.15,78086
2021-06-24 09:55:49,4196.15,78086
2021-06-24 09:55:49,4196.15,78086
2021-06-24 09:55:50,4196.15,78086
2021-06-24 09:55:51,4196.15,78086
2021-06-24 09:55:53,4196.15,78086
2021-06-24 09:55:54,4196.15,78086
2021-06-24 09:55:55,4193.35,78101
2021-06-24 09:55:56,4193.35,78101
2021-06-24 09:55:57,4195.5,78102
2021-06-24 09:55:58,4193.2,78122
2021-06-24 09:55:58,4193.2,78122
2021-06-24 09:56:01,4193.2,78122
2021-06-24 09:56:01,4193.2,78122
2021-06-24 09:56:02,4193.2,78122
2021-06-24 09:56:04,4193.2,78122
2021-06-24 09:56:04,4193.2,78122
2021-06-24 09:56:06,4193.2,78122
2021-06-24 09:56:07,4193.2,78122
2021-06-24 09:56:08,4195.4,78126
2021-06-24 09:56:09,4195.4,78126
2021-06-24 09:56:10,4195.4,78131
2021-06-24 09:56:11,4195.4,78165
2021-06-24 09:56:13,4195.4,78183
2021-06-24 09:56:14,4196.45,78338
2021-06-24 09:56:15,4199.2,78342
2021-06-24 09:56:15,4199.2,78342
2021-06-24 09:56:16,4199.3,78351
2021-06-24 09:56:17,4199.3,78351
2021-06-24 09:56:18,4199.3,78368
2021-06-24 09:56:19,4199.3,78368
2021-06-24 09:56:21,4199.3,78368
2021-06-24 09:56:22,4199.3,78368
2021-06-24 09:56:22,4199.3,78368
2021-06-24 09:56:25,4199.3,78368
2021-06-24 09:56:26,4199.3,78368
2021-06-24 09:56:27,4199.3,78368
2021-06-24 09:56:28,4199.3,78368
2021-06-24 09:56:29,4199.3,78368
2021-06-24 09:56:30,4199.3,78368
2021-06-24 09:56:30,4199.3,78368
2021-06-24 09:56:32,4199.3,78368
2021-06-24 09:56:33,4199.3,78368
2021-06-24 09:56:33,4199.3,78368
2021-06-24 09:56:34,4199.3,78368
2021-06-24 09:56:35,4199.6,78369
2021-06-24 09:56:36,4199.6,78369
2021-06-24 09:56:37,4199.8,78370
2021-06-24 09:56:38,4199.8,78370
2021-06-24 09:56:40,4199.8,78370
2021-06-24 09:56:41,4199.9,78380
2021-06-24 09:56:42,4199.95,78388
2021-06-24 09:56:43,4199.95,78388
2021-06-24 09:56:43,4199.95,78388
2021-06-24 09:56:44,4200.0,78593
2021-06-24 09:56:45,4200.0,78593
2021-06-24 09:56:46,4200.0,78593
2021-06-24 09:56:47,4200.0,78593
2021-06-24 09:56:48,4200.0,78593
2021-06-24 09:56:49,4200.0,78593
2021-06-24 09:56:50,4200.0,78593
2021-06-24 09:56:51,4199.95,78595
2021-06-24 09:56:52,4201.45,78695
2021-06-24 09:56:53,4201.45,78695
2021-06-24 09:56:54,4201.45,78695
2021-06-24 09:56:55,4201.45,78695
2021-06-24 09:56:57,4201.45,78695
2021-06-24 09:56:58,4201.45,78695
2021-06-24 09:56:59,4201.45,78695
2021-06-24 09:57:00,4201.45,78695
2021-06-24 09:57:01,4201.45,78695
2021-06-24 09:57:02,4201.7,78699
2021-06-24 09:57:04,4201.7,78699
2021-06-24 09:57:05,4202.0,78748
2021-06-24 09:57:06,4202.0,78748
2021-06-24 09:57:08,4202.0,78748
2021-06-24 09:57:09,4202.0,78748
2021-06-24 09:57:10,4202.0,78748
2021-06-24 09:57:11,4202.0,78754
2021-06-24 09:57:12,4202.1,78805
2021-06-24 09:57:12,4202.1,78805
2021-06-24 09:57:13,4202.4,78819
2021-06-24 09:57:14,4202.4,78819
2021-06-24 09:57:15,4202.4,78819
2021-06-24 09:57:17,4202.4,78819
2021-06-24 09:57:18,4202.4,78819
2021-06-24 09:57:19,4202.4,78819
2021-06-24 09:57:20,4202.55,78820
2021-06-24 09:57:21,4202.55,78820
2021-06-24 09:57:22,4202.55,78820
2021-06-24 09:57:23,4202.55,78820
2021-06-24 09:57:24,4202.5,78821
2021-06-24 09:57:25,4202.1,78823
2021-06-24 09:57:26,4202.1,78823
2021-06-24 09:57:28,4202.5,78824
2021-06-24 09:57:29,4202.95,78858
2021-06-24 09:57:30,4202.55,78866
2021-06-24 09:57:30,4202.55,78866
2021-06-24 09:57:31,4204.0,78898
2021-06-24 09:57:32,4204.0,78898
2021-06-24 09:57:33,4204.0,78898
2021-06-24 09:57:34,4204.0,78898
2021-06-24 09:57:35,4204.0,78898
2021-06-24 09:57:36,4204.0,78898
2021-06-24 09:57:37,4204.0,78898
2021-06-24 09:57:38,4204.0,78899
2021-06-24 09:57:39,4204.2,78925
2021-06-24 09:57:41,4204.55,78929
2021-06-24 09:57:42,4204.55,78929
2021-06-24 09:57:43,4204.55,78929
2021-06-24 09:57:45,4204.55,78929
2021-06-24 09:57:46,4204.8,79669
2021-06-24 09:57:46,4204.8,79669
2021-06-24 09:57:47,4204.8,79669
2021-06-24 09:57:48,4206.0,79674
2021-06-24 09:57:49,4206.0,79674
2021-06-24 09:57:50,4205.5,79675
2021-06-24 09:57:51,4207.0,79682
2021-06-24 09:57:52,4206.75,79729
2021-06-24 09:57:53,4204.4,79768
2021-06-24 09:57:54,4204.4,79768
2021-06-24 09:57:56,4206.0,79771
2021-06-24 09:57:57,4206.0,79771
2021-06-24 09:57:58,4204.0,79787
2021-06-24 09:57:59,4204.0,79787
2021-06-24 09:58:00,4206.0,79837
2021-06-24 09:58:02,4206.0,79837
2021-06-24 09:58:03,4206.0,79837
2021-06-24 09:58:04,4206.0,79837
2021-06-24 09:58:05,4206.0,79837
2021-06-24 09:58:06,4206.0,79837
2021-06-24 09:58:07,4206.0,79837
2021-06-24 09:58:08,4206.0,79837
2021-06-24 09:58:09,4206.0,79837
2021-06-24 09:58:10,4206.0,79837
2021-06-24 09:58:10,4206.0,79837
2021-06-24 09:58:11,4206.0,79852
2021-06-24 09:58:12,4206.0,79852
2021-06-24 09:58:13,4206.0,79853
2021-06-24 09:58:14,4204.1,79854
2021-06-24 09:58:15,4204.1,79854
2021-06-24 09:58:16,4204.1,79854
2021-06-24 09:58:17,4204.1,79854
2021-06-24 09:58:18,4204.1,79854
2021-06-24 09:58:19,4205.95,79901
2021-06-24 09:58:21,4205.95,79901
2021-06-24 09:58:22,4204.1,79909
2021-06-24 09:58:23,4204.1,79909
2021-06-24 09:58:24,4206.0,79912
2021-06-24 09:58:24,4206.0,79912
2021-06-24 09:58:26,4206.0,79912
2021-06-24 09:58:27,4206.0,79920
2021-06-24 09:58:28,4206.0,79920
2021-06-24 09:58:30,4206.0,79920
2021-06-24 09:58:31,4206.0,79963
2021-06-24 09:58:32,4206.3,80063
2021-06-24 09:58:33,4207.45,80149
2021-06-24 09:58:34,4204.4,80179
2021-06-24 09:58:35,4204.4,80179
2021-06-24 09:58:36,4204.4,80179
2021-06-24 09:58:37,4206.9,80183
2021-06-24 09:58:38,4206.45,80188
2021-06-24 09:58:39,4206.9,80194
2021-06-24 09:58:40,4206.9,80194
2021-06-24 09:58:41,4206.9,80282
2021-06-24 09:58:42,4207.0,80287
2021-06-24 09:58:44,4207.0,80291
2021-06-24 09:58:45,4207.0,80291
2021-06-24 09:58:46,4207.0,80291
2021-06-24 09:58:47,4207.0,80291
2021-06-24 09:58:48,4206.0,80296
2021-06-24 09:58:49,4206.0,80316
2021-06-24 09:58:50,4206.4,80318
2021-06-24 09:58:51,4206.4,80387
2021-06-24 09:58:53,4209.5,80637
2021-06-24 09:58:53,4209.5,80637
2021-06-24 09:58:54,4209.5,80637
2021-06-24 09:58:55,4209.5,80637
2021-06-24 09:58:56,4207.5,80665
2021-06-24 09:58:57,4207.5,80665
2021-06-24 09:58:58,4207.5,80665
2021-06-24 09:58:59,4207.5,80665
2021-06-24 09:59:00,4207.5,80665
2021-06-24 09:59:02,4207.5,80665
2021-06-24 09:59:03,4210.0,80765
2021-06-24 09:59:04,4207.35,80775
2021-06-24 09:59:05,4209.6,80780
2021-06-24 09:59:06,4209.6,80816
2021-06-24 09:59:07,4209.6,80821
2021-06-24 09:59:08,4210.0,80854
2021-06-24 09:59:09,4210.0,80859
2021-06-24 09:59:10,4210.0,80859
2021-06-24 09:59:11,4206.35,80936
2021-06-24 09:59:12,4207.0,80980
2021-06-24 09:59:13,4207.0,80980
2021-06-24 09:59:14,4207.0,80980
2021-06-24 09:59:15,4207.0,80980
2021-06-24 09:59:16,4207.0,80980
2021-06-24 09:59:17,4207.0,80980
2021-06-24 09:59:18,4205.35,80981
2021-06-24 09:59:19,4205.35,80981
2021-06-24 09:59:20,4205.35,80981
2021-06-24 09:59:21,4205.35,80981
2021-06-24 09:59:22,4205.35,80981
2021-06-24 09:59:23,4207.45,80986
2021-06-24 09:59:24,4206.0,80987
2021-06-24 09:59:25,4205.35,81122
2021-06-24 09:59:26,4206.0,81222
2021-06-24 09:59:27,4205.5,81223
2021-06-24 09:59:28,4205.5,81223
2021-06-24 09:59:29,4205.5,81223
2021-06-24 09:59:29,4205.5,81223
2021-06-24 09:59:30,4205.5,81223
2021-06-24 09:59:31,4206.45,81228
2021-06-24 09:59:32,4206.45,81228
2021-06-24 09:59:34,4206.45,81228
2021-06-24 09:59:34,4205.35,81243
2021-06-24 09:59:35,4205.35,81245
2021-06-24 09:59:36,4205.35,81247
2021-06-24 09:59:37,4205.35,81247
2021-06-24 09:59:39,4205.1,81251
2021-06-24 09:59:41,4204.5,81253
2021-06-24 09:59:42,4204.5,81254
2021-06-24 09:59:43,4205.0,81279
2021-06-24 09:59:44,4205.0,81285
2021-06-24 09:59:44,4205.0,81285
2021-06-24 09:59:45,4203.25,81305
2021-06-24 09:59:46,4205.0,81316
2021-06-24 09:59:47,4205.0,81316
2021-06-24 09:59:48,4204.45,81320
2021-06-24 09:59:49,4204.45,81320
2021-06-24 09:59:50,4204.45,81320
2021-06-24 09:59:51,4205.1,81462
2021-06-24 09:59:53,4206.0,81469
2021-06-24 09:59:54,4206.0,81470
2021-06-24 09:59:54,4206.0,81470
2021-06-24 09:59:56,4206.45,81485
2021-06-24 09:59:57,4206.5,81486
2021-06-24 09:59:58,4206.65,81510
2021-06-24 09:59:58,4206.75,81512
2021-06-24 09:59:59,4206.65,81513
2021-06-24 10:00:01,4205.35,81566
2021-06-24 10:00:02,4205.35,81566
2021-06-24 10:00:04,4206.5,81567
2021-06-24 10:00:05,4206.65,81582
2021-06-24 10:00:06,4206.65,81582
2021-06-24 10:00:07,4208.1,81682
2021-06-24 10:00:08,4205.65,81686
2021-06-24 10:00:09,4205.65,81686
2021-06-24 10:00:09,4205.65,81686
2021-06-24 10:00:10,4207.75,81687
2021-06-24 10:00:11,4207.75,81687
2021-06-24 10:00:12,4207.75,81687
2021-06-24 10:00:14,4207.35,81688
2021-06-24 10:00:15,4206.5,81724
2021-06-24 10:00:16,4206.5,81724
2021-06-24 10:00:17,4206.15,81725
2021-06-24 10:00:18,4207.5,81750
2021-06-24 10:00:18,4207.5,81750
2021-06-24 10:00:19,4206.75,81755
2021-06-24 10:00:21,4206.75,81770
2021-06-24 10:00:22,4207.65,81801
2021-06-24 10:00:23,4207.75,81827
2021-06-24 10:00:24,4207.75,81832
2021-06-24 10:00:25,4207.75,81848
2021-06-24 10:00:26,4207.95,81857
2021-06-24 10:00:27,4207.9,81863
2021-06-24 10:00:27,4207.9,81863
2021-06-24 10:00:29,4209.0,82013
2021-06-24 10:00:30,4207.45,82027
2021-06-24 10:00:31,4206.1,82028
2021-06-24 10:00:32,4207.65,82064
2021-06-24 10:00:33,4207.65,82072
2021-06-24 10:00:36,4208.9,82087
2021-06-24 10:00:38,4208.9,82106
2021-06-24 10:00:39,4208.9,82106
2021-06-24 10:00:40,4208.9,82106
2021-06-24 10:00:40,4206.6,82131
2021-06-24 10:00:41,4208.0,82156
2021-06-24 10:00:42,4208.0,82156
2021-06-24 10:00:44,4208.0,82163
2021-06-24 10:00:44,4208.0,82167
2021-06-24 10:00:47,4208.9,82185
2021-06-24 10:00:48,4208.9,82186
2021-06-24 10:00:49,4207.0,82202
2021-06-24 10:00:50,4207.0,82202
2021-06-24 10:00:51,4207.0,82202
2021-06-24 10:00:52,4208.8,82204
2021-06-24 10:00:53,4208.0,82205
2021-06-24 10:00:54,4207.0,82212
2021-06-24 10:00:55,4207.0,82212
2021-06-24 10:00:56,4207.0,82212
2021-06-24 10:00:57,4207.0,82212
2021-06-24 10:00:58,4207.0,82212
2021-06-24 10:00:59,4207.0,82212
2021-06-24 10:01:00,4207.0,82212
2021-06-24 10:01:01,4207.0,82212
2021-06-24 10:01:01,4207.0,82212
2021-06-24 10:01:02,4207.0,82212
2021-06-24 10:01:03,4208.0,82260
2021-06-24 10:01:05,4208.4,82270
2021-06-24 10:01:06,4208.4,82270
2021-06-24 10:01:07,4208.4,82270
2021-06-24 10:01:08,4208.3,82316
2021-06-24 10:01:09,4208.0,82366
2021-06-24 10:01:10,4208.0,82366
2021-06-24 10:01:11,4208.0,82366
2021-06-24 10:01:12,4208.0,82366
2021-06-24 10:01:13,4208.0,82366
2021-06-24 10:01:14,4208.0,82366
2021-06-24 10:01:15,4208.35,82372
2021-06-24 10:01:16,4208.35,82372
2021-06-24 10:01:17,4208.35,82401
2021-06-24 10:01:18,4208.35,82401
2021-06-24 10:01:19,4208.35,82401
2021-06-24 10:01:20,4208.9,82559
2021-06-24 10:01:21,4208.1,82562
2021-06-24 10:01:23,4208.1,82562
2021-06-24 10:01:22,4208.1,82562
2021-06-24 10:01:24,4208.0,82564
2021-06-24 10:01:25,4208.0,82564
2021-06-24 10:01:26,4208.0,82564
2021-06-24 10:01:27,4208.0,82564
2021-06-24 10:01:28,4209.0,82639
2021-06-24 10:01:29,4209.0,82639
2021-06-24 10:01:30,4209.0,82639
2021-06-24 10:01:31,4209.0,82639
2021-06-24 10:01:32,4209.0,82639
2021-06-24 10:01:33,4209.0,82639
2021-06-24 10:01:34,4209.0,82639
2021-06-24 10:01:35,4209.0,82651
2021-06-24 10:01:36,4209.0,82656
2021-06-24 10:01:37,4209.0,82656
2021-06-24 10:01:38,4209.45,82680
2021-06-24 10:01:39,4209.45,82680
2021-06-24 10:01:40,4209.45,82680
2021-06-24 10:01:41,4209.55,82686
2021-06-24 10:01:42,4209.45,82688
2021-06-24 10:01:43,4209.45,82688
2021-06-24 10:01:44,4209.45,82688
2021-06-24 10:01:45,4209.0,82696
2021-06-24 10:01:46,4209.0,82696
2021-06-24 10:01:47,4209.0,82696
2021-06-24 10:01:48,4209.6,82698
2021-06-24 10:01:49,4209.6,82698
2021-06-24 10:01:50,4207.0,83151
2021-06-24 10:01:51,4207.0,83151
2021-06-24 10:01:52,4207.0,83151
2021-06-24 10:01:53,4207.0,83151
2021-06-24 10:01:54,4207.0,83151
2021-06-24 10:01:55,4207.0,83151
2021-06-24 10:01:56,4207.0,83151
2021-06-24 10:01:57,4207.0,83151
2021-06-24 10:01:58,4207.1,83155
2021-06-24 10:01:59,4207.65,83197
2021-06-24 10:02:00,4207.65,83207
2021-06-24 10:02:01,4207.65,83207
2021-06-24 10:02:02,4207.65,83207
2021-06-24 10:02:03,4207.65,83207
2021-06-24 10:02:04,4207.65,83207
2021-06-24 10:02:05,4207.65,83207
2021-06-24 10:02:07,4207.65,83207
2021-06-24 10:02:08,4207.65,83207
2021-06-24 10:02:09,4207.65,83207
2021-06-24 10:02:10,4207.65,83207
2021-06-24 10:02:11,4207.65,83207
2021-06-24 10:02:12,4207.65,83207
2021-06-24 10:02:15,4207.65,83207
2021-06-24 10:02:16,4207.65,83207
2021-06-24 10:02:17,4207.65,83207
2021-06-24 10:02:18,4207.65,83207
2021-06-24 10:02:19,4207.65,83207
2021-06-24 10:02:21,4207.65,83207
2021-06-24 10:02:22,4207.65,83351
2021-06-24 10:02:23,4207.65,83351
2021-06-24 10:02:24,4207.65,83351
2021-06-24 10:02:26,4207.65,83351
2021-06-24 10:02:27,4207.45,83361
2021-06-24 10:02:28,4207.45,83361
2021-06-24 10:02:29,4207.0,83372
2021-06-24 10:02:30,4207.0,83372
2021-06-24 10:02:31,4207.0,83372
2021-06-24 10:02:32,4206.0,83682
2021-06-24 10:02:33,4207.0,83782
2021-06-24 10:02:34,4207.0,83782
2021-06-24 10:02:35,4207.0,83782
2021-06-24 10:02:36,4207.0,83782
2021-06-24 10:02:37,4207.0,83782
2021-06-24 10:02:38,4207.0,83782
2021-06-24 10:02:39,4206.0,83784
2021-06-24 10:02:40,4206.0,83784
2021-06-24 10:02:41,4206.0,83784
2021-06-24 10:02:42,4206.0,83784
2021-06-24 10:02:43,4206.0,83784
2021-06-24 10:02:44,4206.0,83784
2021-06-24 10:02:45,4206.0,83784
2021-06-24 10:02:46,4206.0,83784
2021-06-24 10:02:47,4206.75,83785
2021-06-24 10:02:48,4206.75,83835
2021-06-24 10:02:49,4206.75,83947
2021-06-24 10:02:50,4206.75,83947
2021-06-24 10:02:51,4207.15,84015
2021-06-24 10:02:52,4208.1,84050
2021-06-24 10:02:53,4208.1,84050
2021-06-24 10:02:54,4208.1,84050
2021-06-24 10:02:55,4208.1,84050
2021-06-24 10:02:56,4209.0,84069
2021-06-24 10:02:57,4209.0,84069
2021-06-24 10:02:58,4209.0,84069
2021-06-24 10:02:59,4209.0,84069
2021-06-24 10:03:00,4209.0,84069
2021-06-24 10:03:01,4209.0,84119
2021-06-24 10:03:02,4208.95,84144
2021-06-24 10:03:03,4206.9,84149
2021-06-24 10:03:04,4206.9,84149
2021-06-24 10:03:05,4206.9,84149
2021-06-24 10:03:06,4206.9,84149
2021-06-24 10:03:07,4206.9,84149
2021-06-24 10:03:08,4206.9,84149
2021-06-24 10:03:09,4206.0,84184
2021-06-24 10:03:10,4206.05,84186
2021-06-24 10:03:11,4206.75,84194
2021-06-24 10:03:12,4207.15,84204
2021-06-24 10:03:13,4207.15,84204
2021-06-24 10:03:14,4207.1,84251
2021-06-24 10:03:15,4206.05,84252
2021-06-24 10:03:17,4206.05,84252
2021-06-24 10:03:17,4206.05,84252
2021-06-24 10:03:20,4206.05,84262
2021-06-24 10:03:20,4206.05,84262
2021-06-24 10:03:22,4206.05,84262
2021-06-24 10:03:23,4206.05,84262
2021-06-24 10:03:24,4206.05,84262
2021-06-24 10:03:25,4206.05,84262
2021-06-24 10:03:25,4206.05,84262
2021-06-24 10:03:26,4206.05,84262
2021-06-24 10:03:27,4206.05,84262
2021-06-24 10:03:28,4206.05,84262
2021-06-24 10:03:29,4206.05,84277
2021-06-24 10:03:30,4206.5,84278
2021-06-24 10:03:31,4206.5,84278
2021-06-24 10:03:32,4206.5,84318
2021-06-24 10:03:34,4206.85,84322
2021-06-24 10:03:35,4206.85,84322
2021-06-24 10:03:36,4206.5,84347
2021-06-24 10:03:37,4206.5,84347
2021-06-24 10:03:38,4206.85,84349
2021-06-24 10:03:39,4206.85,84352
2021-06-24 10:03:41,4206.85,84375
2021-06-24 10:03:41,4206.85,84375
2021-06-24 10:03:42,4206.85,84376
2021-06-24 10:03:43,4206.7,84378
2021-06-24 10:03:44,4206.7,84378
2021-06-24 10:03:45,4206.7,84378
2021-06-24 10:03:46,4206.5,84396
2021-06-24 10:03:47,4206.05,84411
2021-06-24 10:03:48,4207.0,84457
2021-06-24 10:03:49,4207.0,84457
2021-06-24 10:03:50,4207.0,84478
2021-06-24 10:03:51,4207.0,84478
2021-06-24 10:03:52,4207.0,84478
2021-06-24 10:03:53,4207.25,84503
2021-06-24 10:03:55,4207.25,84524
2021-06-24 10:03:55,4207.25,84503
2021-06-24 10:03:56,4207.25,84524
2021-06-24 10:03:57,4206.95,84527
2021-06-24 10:04:00,4206.7,84529
2021-06-24 10:04:00,4206.7,84529
2021-06-24 10:04:01,4206.7,84529
2021-06-24 10:04:02,4206.7,84529
2021-06-24 10:04:04,4206.7,84529
2021-06-24 10:04:04,4206.7,84529
2021-06-24 10:04:05,4206.7,84529
2021-06-24 10:04:06,4206.7,84529
2021-06-24 10:04:07,4207.25,84566
2021-06-24 10:04:08,4207.25,84566
2021-06-24 10:04:09,4207.25,84566
2021-06-24 10:04:10,4208.0,84713
2021-06-24 10:04:11,4208.45,84733
2021-06-24 10:04:12,4208.45,84733
2021-06-24 10:04:14,4208.45,84743
2021-06-24 10:04:15,4208.45,84743
2021-06-24 10:04:15,4208.45,84744
2021-06-24 10:04:16,4208.45,84746
2021-06-24 10:04:18,4208.45,84746
2021-06-24 10:04:19,4208.45,84746
2021-06-24 10:04:19,4208.45,84746
2021-06-24 10:04:21,4207.8,84751
2021-06-24 10:04:22,4207.8,84751
2021-06-24 10:04:23,4207.8,84751
2021-06-24 10:04:24,4207.8,84751
2021-06-24 10:04:25,4207.8,84751
2021-06-24 10:04:26,4208.45,84752
2021-06-24 10:04:27,4208.45,84752
2021-06-24 10:04:28,4208.45,84752
2021-06-24 10:04:29,4208.35,84801
2021-06-24 10:04:30,4208.25,84802
2021-06-24 10:04:31,4208.25,84802
2021-06-24 10:04:32,4208.35,84803
2021-06-24 10:04:33,4208.35,84803
2021-06-24 10:04:35,4208.35,84803
2021-06-24 10:04:35,4208.35,84803
2021-06-24 10:04:37,4208.35,84803
2021-06-24 10:04:38,4208.35,84803
2021-06-24 10:04:39,4208.35,84803
2021-06-24 10:04:39,4208.35,84803
2021-06-24 10:04:40,4207.25,84805
2021-06-24 10:04:41,4208.35,84828
2021-06-24 10:04:42,4208.45,85029
2021-06-24 10:04:43,4207.25,85030
2021-06-24 10:04:44,4207.25,85030
2021-06-24 10:04:45,4207.25,85030
2021-06-24 10:04:47,4207.5,85031
2021-06-24 10:04:48,4207.5,85032
2021-06-24 10:04:48,4207.5,85032
2021-06-24 10:04:49,4207.5,85032
2021-06-24 10:04:50,4207.5,85032
2021-06-24 10:04:51,4207.5,85032
2021-06-24 10:04:52,4208.0,85042
2021-06-24 10:04:53,4207.65,85043
2021-06-24 10:04:54,4207.65,85043
2021-06-24 10:04:56,4208.0,85069
2021-06-24 10:04:56,4208.0,85069
2021-06-24 10:04:57,4207.95,85070
2021-06-24 10:04:58,4207.95,85070
2021-06-24 10:04:59,4208.0,85099
2021-06-24 10:05:00,4208.0,85099
2021-06-24 10:05:01,4208.0,85100
2021-06-24 10:05:02,4208.0,85100
2021-06-24 10:05:03,4208.0,85100
2021-06-24 10:05:04,4208.0,85100
2021-06-24 10:05:05,4207.5,85106
2021-06-24 10:05:06,4207.95,85108
2021-06-24 10:05:07,4207.95,85108
2021-06-24 10:05:08,4208.0,85125
2021-06-24 10:05:09,4208.0,85125
2021-06-24 10:05:10,4208.0,85125
2021-06-24 10:05:12,4208.0,85125
2021-06-24 10:05:13,4208.0,85125
2021-06-24 10:05:15,4208.0,85125
2021-06-24 10:05:16,4208.0,85125
2021-06-24 10:05:17,4208.0,85125
2021-06-24 10:05:17,4208.0,85125
2021-06-24 10:05:18,4208.0,85125
2021-06-24 10:05:20,4207.75,85140
2021-06-24 10:05:21,4207.75,85140
2021-06-24 10:05:21,4207.95,85144
2021-06-24 10:05:22,4207.95,85144
2021-06-24 10:05:23,4208.0,85156
2021-06-24 10:05:24,4208.0,85156
2021-06-24 10:05:25,4208.0,85206
2021-06-24 10:05:26,4208.0,85206
2021-06-24 10:05:27,4208.0,85206
2021-06-24 10:05:28,4208.0,85216
2021-06-24 10:05:29,4207.5,85222
2021-06-24 10:05:30,4207.5,85222
2021-06-24 10:05:31,4207.5,85222
2021-06-24 10:05:33,4207.5,85222
2021-06-24 10:05:34,4207.5,85222
2021-06-24 10:05:35,4207.5,85242
2021-06-24 10:05:36,4207.5,85242
2021-06-24 10:05:36,4207.5,85242
2021-06-24 10:05:37,4207.5,85242
2021-06-24 10:05:38,4207.5,85242
2021-06-24 10:05:39,4207.5,85242
2021-06-24 10:05:40,4207.5,85245
2021-06-24 10:05:41,4207.5,85245
2021-06-24 10:05:42,4207.5,85245
2021-06-24 10:05:43,4207.75,85276
2021-06-24 10:05:44,4207.75,85276
2021-06-24 10:05:45,4207.75,85276
2021-06-24 10:05:46,4207.75,85276
2021-06-24 10:05:48,4207.75,85276
2021-06-24 10:05:49,4207.5,85292
2021-06-24 10:05:52,4207.5,85292
2021-06-24 10:05:53,4207.5,85292
2021-06-24 10:05:53,4207.5,85292
2021-06-24 10:05:55,4207.5,85295
2021-06-24 10:05:55,4207.5,85295
2021-06-24 10:05:56,4207.5,85295
2021-06-24 10:05:57,4207.0,85328
2021-06-24 10:05:58,4207.0,85328
2021-06-24 10:05:59,4207.0,85328
2021-06-24 10:06:00,4207.0,85328
2021-06-24 10:06:01,4207.0,85328
2021-06-24 10:06:02,4207.0,85328
2021-06-24 10:06:03,4207.0,85328
2021-06-24 10:06:04,4207.0,85328
2021-06-24 10:06:05,4207.0,85328
2021-06-24 10:06:06,4207.0,85328
2021-06-24 10:06:08,4206.2,85348
2021-06-24 10:06:09,4206.2,85348
2021-06-24 10:06:10,4206.2,85348
2021-06-24 10:06:11,4207.0,85379
2021-06-24 10:06:12,4207.0,85379
2021-06-24 10:06:12,4207.0,85379
2021-06-24 10:06:13,4207.0,85379
2021-06-24 10:06:14,4207.0,85379
2021-06-24 10:06:15,4207.0,85379
2021-06-24 10:06:17,4207.0,85379
2021-06-24 10:06:17,4207.0,85379
2021-06-24 10:06:19,4207.0,85380
2021-06-24 10:06:22,4207.0,85380
2021-06-24 10:06:22,4207.0,85380
2021-06-24 10:06:24,4207.0,85380
2021-06-24 10:06:25,4207.0,85380
2021-06-24 10:06:25,4207.0,85380
2021-06-24 10:06:26,4207.0,85380
2021-06-24 10:06:27,4207.0,85380
2021-06-24 10:06:28,4207.0,85380
2021-06-24 10:06:29,4207.0,85380
2021-06-24 10:06:31,4207.0,85380
2021-06-24 10:06:32,4206.05,85415
2021-06-24 10:06:33,4206.05,85415
2021-06-24 10:06:33,4206.05,85415
2021-06-24 10:06:35,4206.05,85416
2021-06-24 10:06:39,4206.05,85416
2021-06-24 10:06:40,4206.05,85416
2021-06-24 10:06:41,4206.05,85416
2021-06-24 10:06:41,4206.05,85416
2021-06-24 10:06:42,4205.0,86371
2021-06-24 10:06:43,4203.2,86462
2021-06-24 10:06:44,4206.2,86486
2021-06-24 10:06:45,4206.2,86486
2021-06-24 10:06:46,4206.2,86486
2021-06-24 10:06:47,4206.2,86486
2021-06-24 10:06:48,4206.2,86486
2021-06-24 10:06:49,4206.2,86486
2021-06-24 10:06:50,4204.1,86506
2021-06-24 10:06:51,4204.1,86506
2021-06-24 10:06:52,4204.1,86506
2021-06-24 10:06:53,4204.1,86506
2021-06-24 10:06:54,4204.1,86506
2021-06-24 10:06:55,4204.1,86506
2021-06-24 10:06:56,4204.1,86506
2021-06-24 10:06:57,4204.15,86508
2021-06-24 10:06:58,4205.85,86537
2021-06-24 10:06:59,4205.85,86537
2021-06-24 10:07:00,4205.85,86537
2021-06-24 10:07:01,4205.85,86537
2021-06-24 10:07:02,4204.15,86538
2021-06-24 10:07:04,4204.15,86538
2021-06-24 10:07:05,4204.15,86538
2021-06-24 10:07:06,4204.15,86538
2021-06-24 10:07:07,4204.15,86538
2021-06-24 10:07:08,4204.15,86538
2021-06-24 10:07:08,4204.15,86538
2021-06-24 10:07:09,4204.15,86538
2021-06-24 10:07:10,4204.15,86538
2021-06-24 10:07:11,4204.15,86538
2021-06-24 10:07:12,4204.15,86538
2021-06-24 10:07:13,4204.15,86538
2021-06-24 10:07:14,4204.15,86538
2021-06-24 10:07:15,4204.15,86538
2021-06-24 10:07:16,4204.15,86538
2021-06-24 10:07:17,4203.65,86575
2021-06-24 10:07:18,4203.65,86575
2021-06-24 10:07:19,4205.0,86600
2021-06-24 10:07:20,4203.35,86650
2021-06-24 10:07:21,4203.35,86650
2021-06-24 10:07:22,4203.35,86652
2021-06-24 10:07:23,4203.35,86653
2021-06-24 10:07:24,4203.25,86673
2021-06-24 10:07:26,4203.25,86673
2021-06-24 10:07:27,4203.25,86673
2021-06-24 10:07:28,4203.25,86673
2021-06-24 10:07:28,4203.25,86673
2021-06-24 10:07:29,4203.25,86673
2021-06-24 10:07:30,4203.25,86673
2021-06-24 10:07:31,4203.25,86673
2021-06-24 10:07:34,4203.65,86675
2021-06-24 10:07:35,4202.1,86697
2021-06-24 10:07:35,4203.65,86789
2021-06-24 10:07:36,4203.65,86789
2021-06-24 10:07:37,4203.65,86789
2021-06-24 10:07:38,4203.65,86789
2021-06-24 10:07:39,4203.65,86789
2021-06-24 10:07:40,4203.65,86789
2021-06-24 10:07:41,4203.65,86789
2021-06-24 10:07:42,4203.65,86789
2021-06-24 10:07:43,4203.65,86789
2021-06-24 10:07:45,4203.65,86789
2021-06-24 10:07:46,4203.65,86803
2021-06-24 10:07:47,4202.3,86811
2021-06-24 10:07:48,4202.3,86811
2021-06-24 10:07:48,4202.3,86811
2021-06-24 10:07:49,4202.3,86811
2021-06-24 10:07:51,4202.3,86811
2021-06-24 10:07:52,4202.3,86811
2021-06-24 10:07:53,4203.65,86833
2021-06-24 10:07:53,4203.65,86833
2021-06-24 10:07:54,4203.65,86833
2021-06-24 10:07:55,4203.65,86833
2021-06-24 10:07:56,4203.65,86833
2021-06-24 10:07:58,4203.65,86833
2021-06-24 10:08:00,4202.0,86840
2021-06-24 10:08:01,4202.0,86840
2021-06-24 10:08:02,4202.0,86840
2021-06-24 10:08:02,4202.0,86840
2021-06-24 10:08:03,4202.0,86840
2021-06-24 10:08:04,4202.0,86840
2021-06-24 10:08:07,4202.0,86840
2021-06-24 10:08:08,4202.0,86840
2021-06-24 10:08:09,4202.35,86844
2021-06-24 10:08:10,4203.6,86846
2021-06-24 10:08:11,4203.6,86846
2021-06-24 10:08:12,4202.25,86865
2021-06-24 10:08:13,4202.25,86865
2021-06-24 10:08:13,4203.6,86895
2021-06-24 10:08:14,4203.15,86927
2021-06-24 10:08:15,4202.1,86942
2021-06-24 10:08:16,4202.1,86942
2021-06-24 10:08:18,4202.1,86942
2021-06-24 10:08:19,4202.1,86942
2021-06-24 10:08:20,4202.1,86942
2021-06-24 10:08:21,4202.15,86943
2021-06-24 10:08:22,4202.15,86943
2021-06-24 10:08:23,4202.15,86943
2021-06-24 10:08:23,4202.15,86943
2021-06-24 10:08:24,4202.15,86943
2021-06-24 10:08:25,4202.15,86943
2021-06-24 10:08:26,4202.15,86943
2021-06-24 10:08:27,4202.15,86943
2021-06-24 10:08:29,4202.15,86943
2021-06-24 10:08:30,4202.15,86943
2021-06-24 10:08:31,4202.0,86979
2021-06-24 10:08:32,4202.0,86979
2021-06-24 10:08:33,4202.0,86979
2021-06-24 10:08:35,4202.0,86979
2021-06-24 10:08:36,4202.0,86979
2021-06-24 10:08:36,4202.0,86979
2021-06-24 10:08:37,4202.0,86979
2021-06-24 10:08:40,4203.25,87094
2021-06-24 10:08:41,4203.25,87107
2021-06-24 10:08:42,4203.25,87107
2021-06-24 10:08:43,4203.25,87107
2021-06-24 10:08:44,4203.25,87107
2021-06-24 10:08:46,4203.25,87107
2021-06-24 10:08:47,4203.25,87107
2021-06-24 10:08:47,4203.25,87107
2021-06-24 10:08:48,4203.25,87107
2021-06-24 10:08:49,4203.2,87108
2021-06-24 10:08:50,4203.2,87109
2021-06-24 10:08:51,4202.05,87134
2021-06-24 10:08:53,4202.05,87134
2021-06-24 10:08:55,4202.05,87134
2021-06-24 10:08:56,4202.05,87134
2021-06-24 10:08:57,4202.05,87134
2021-06-24 10:08:57,4202.05,87134
2021-06-24 10:08:58,4202.05,87134
2021-06-24 10:09:00,4202.05,87134
2021-06-24 10:09:02,4202.05,87134
2021-06-24 10:09:03,4202.05,87134
2021-06-24 10:09:04,4202.05,87134
2021-06-24 10:09:05,4203.0,87167
2021-06-24 10:09:06,4203.0,87167
2021-06-24 10:09:08,4202.05,87189
2021-06-24 10:09:09,4202.05,87189
2021-06-24 10:09:09,4202.05,87189
2021-06-24 10:09:10,4202.05,87189
2021-06-24 10:09:12,4202.0,87239
2021-06-24 10:09:12,4202.0,87239
2021-06-24 10:09:14,4202.65,87249
2021-06-24 10:09:15,4202.0,87259
2021-06-24 10:09:16,4202.0,87259
2021-06-24 10:09:17,4202.0,87259
2021-06-24 10:09:18,4202.0,87259
2021-06-24 10:09:18,4202.65,87276
2021-06-24 10:09:20,4202.65,87276
2021-06-24 10:09:22,4202.65,87276
2021-06-24 10:09:23,4202.65,87276
2021-06-24 10:09:24,4202.65,87276
2021-06-24 10:09:25,4202.65,87276
2021-06-24 10:09:26,4202.65,87276
2021-06-24 10:09:27,4202.05,87277
2021-06-24 10:09:28,4202.05,87277
2021-06-24 10:09:30,4202.65,87307
2021-06-24 10:09:31,4202.65,87307
2021-06-24 10:09:32,4202.65,87307
2021-06-24 10:09:33,4202.65,87307
2021-06-24 10:09:34,4202.0,87332
2021-06-24 10:09:35,4202.0,87332
2021-06-24 10:09:36,4202.0,87395
2021-06-24 10:09:37,4202.0,87395
2021-06-24 10:09:38,4202.0,87395
2021-06-24 10:09:39,4202.0,87395
2021-06-24 10:09:40,4200.7,87412
2021-06-24 10:09:42,4200.7,87412
2021-06-24 10:09:43,4200.7,87412
2021-06-24 10:09:45,4200.7,87412
2021-06-24 10:09:46,4202.6,87462
2021-06-24 10:09:47,4202.6,87462
2021-06-24 10:09:48,4202.6,87462
2021-06-24 10:09:51,4202.6,87462
2021-06-24 10:09:52,4202.6,87462
2021-06-24 10:09:54,4201.95,87493
2021-06-24 10:09:55,4201.95,87493
2021-06-24 10:09:56,4201.95,87493
2021-06-24 10:09:56,4201.95,87493
2021-06-24 10:09:57,4201.95,87493
2021-06-24 10:09:59,4201.95,87493
2021-06-24 10:10:00,4201.95,87493
2021-06-24 10:10:01,4201.95,87493
2021-06-24 10:10:02,4201.95,87493
2021-06-24 10:10:03,4198.0,87805
2021-06-24 10:10:04,4199.4,87809
2021-06-24 10:10:05,4198.0,87819
2021-06-24 10:10:06,4198.0,87819
2021-06-24 10:10:07,4198.0,87819
2021-06-24 10:10:08,4198.0,87819
2021-06-24 10:10:09,4198.0,87819
2021-06-24 10:10:10,4198.0,87819
2021-06-24 10:10:11,4198.0,87981
2021-06-24 10:10:12,4198.0,87981
2021-06-24 10:10:13,4198.0,87981
2021-06-24 10:10:14,4198.0,87981
2021-06-24 10:10:16,4198.0,87981
2021-06-24 10:10:17,4198.0,87981
2021-06-24 10:10:18,4198.0,87981
2021-06-24 10:10:19,4198.0,87981
2021-06-24 10:10:20,4198.65,87983
2021-06-24 10:10:21,4197.0,88033
2021-06-24 10:10:22,4197.0,88033
2021-06-24 10:10:23,4198.0,88038
2021-06-24 10:10:24,4195.35,88078
2021-06-24 10:10:25,4195.35,88078
2021-06-24 10:10:27,4195.35,88078
2021-06-24 10:10:28,4197.15,88083
2021-06-24 10:10:29,4197.15,88083
2021-06-24 10:10:30,4195.75,88132
2021-06-24 10:10:31,4195.75,88132
2021-06-24 10:10:32,4197.85,88157
2021-06-24 10:10:33,4197.85,88157
2021-06-24 10:10:34,4197.85,88157
2021-06-24 10:10:35,4198.4,88538
2021-06-24 10:10:35,4198.4,88538
2021-06-24 10:10:36,4197.65,88545
2021-06-24 10:10:38,4197.65,88545
2021-06-24 10:10:38,4197.65,88545
2021-06-24 10:10:40,4197.65,88545
2021-06-24 10:10:42,4198.0,88565
2021-06-24 10:10:43,4197.0,88590
2021-06-24 10:10:44,4197.0,88590
2021-06-24 10:10:45,4197.0,88590
2021-06-24 10:10:46,4197.0,88590
2021-06-24 10:10:48,4197.0,88590
2021-06-24 10:10:49,4197.0,88590
2021-06-24 10:10:50,4197.0,88590
2021-06-24 10:10:51,4197.0,88590
2021-06-24 10:10:53,4198.0,88591
2021-06-24 10:10:54,4198.0,88591
2021-06-24 10:10:56,4197.0,88617
2021-06-24 10:10:57,4197.0,88617
2021-06-24 10:10:58,4197.0,88617
2021-06-24 10:10:58,4197.0,88617
2021-06-24 10:10:59,4198.65,88623
2021-06-24 10:11:00,4198.65,88623
2021-06-24 10:11:02,4198.65,88623
2021-06-24 10:11:03,4198.65,88623
2021-06-24 10:11:05,4198.65,88623
2021-06-24 10:11:05,4198.65,88623
2021-06-24 10:11:06,4198.65,88623
2021-06-24 10:11:08,4198.65,88654
2021-06-24 10:11:08,4198.65,88654
2021-06-24 10:11:10,4198.65,88671
2021-06-24 10:11:11,4198.65,88671
2021-06-24 10:11:12,4198.65,88671
2021-06-24 10:11:13,4198.65,88671
2021-06-24 10:11:14,4198.65,88671
2021-06-24 10:11:15,4198.65,88671
2021-06-24 10:11:16,4198.65,88671
2021-06-24 10:11:17,4198.65,88671
2021-06-24 10:11:18,4198.65,88671
2021-06-24 10:11:19,4198.65,88671
2021-06-24 10:11:20,4198.65,88671
2021-06-24 10:11:21,4199.0,88672
2021-06-24 10:11:24,4199.0,88672
2021-06-24 10:11:25,4199.0,88672
2021-06-24 10:11:26,4199.0,88672
2021-06-24 10:11:27,4199.0,88672
2021-06-24 10:11:27,4199.0,88672
2021-06-24 10:11:30,4199.0,88672
2021-06-24 10:11:31,4199.0,88672
2021-06-24 10:11:32,4199.0,88672
2021-06-24 10:11:33,4199.0,88672
2021-06-24 10:11:34,4199.0,88672
2021-06-24 10:11:35,4199.0,88690
2021-06-24 10:11:36,4199.2,88705
2021-06-24 10:11:37,4199.2,88705
2021-06-24 10:11:38,4199.2,88705
2021-06-24 10:11:39,4199.2,88705
2021-06-24 10:11:40,4199.2,88705
2021-06-24 10:11:41,4199.2,88705
2021-06-24 10:11:42,4199.0,88715
2021-06-24 10:11:43,4199.0,88715
2021-06-24 10:11:44,4199.0,88716
2021-06-24 10:11:45,4199.0,88716
2021-06-24 10:11:46,4199.0,88716
2021-06-24 10:11:48,4199.0,88716
2021-06-24 10:11:50,4199.0,88726
2021-06-24 10:11:52,4199.0,88726
2021-06-24 10:11:51,4199.0,88726
2021-06-24 10:11:53,4199.0,88727
2021-06-24 10:11:54,4199.0,88727
2021-06-24 10:11:55,4199.0,88727
2021-06-24 10:11:56,4199.0,88727
2021-06-24 10:11:57,4199.0,88727
2021-06-24 10:11:58,4199.0,88758
2021-06-24 10:11:59,4199.0,88758
2021-06-24 10:12:00,4199.0,88758
2021-06-24 10:12:01,4198.65,88759
2021-06-24 10:12:02,4198.65,88759
2021-06-24 10:12:04,4198.65,88759
2021-06-24 10:12:05,4198.0,88765
2021-06-24 10:12:06,4198.0,88765
2021-06-24 10:12:07,4198.0,88765
2021-06-24 10:12:08,4198.0,88765
2021-06-24 10:12:09,4198.0,88765
2021-06-24 10:12:10,4198.0,88791
2021-06-24 10:12:11,4198.0,88791
2021-06-24 10:12:12,4198.0,88791
2021-06-24 10:12:13,4198.0,88791
2021-06-24 10:12:14,4198.0,88791
2021-06-24 10:12:15,4198.0,88791
2021-06-24 10:12:16,4198.0,88791
2021-06-24 10:12:17,4198.0,88791
2021-06-24 10:12:18,4198.0,88791
2021-06-24 10:12:19,4198.0,88791
2021-06-24 10:12:20,4198.0,88791
2021-06-24 10:12:21,4198.0,88791
2021-06-24 10:12:22,4198.0,88791
2021-06-24 10:12:23,4197.8,88809
2021-06-24 10:12:25,4197.8,88809
2021-06-24 10:12:26,4195.6,88922
2021-06-24 10:12:27,4195.6,88922
2021-06-24 10:12:28,4195.6,88922
2021-06-24 10:12:29,4195.6,88922
2021-06-24 10:12:30,4195.6,88922
2021-06-24 10:12:31,4195.6,88922
2021-06-24 10:12:32,4195.6,88922
2021-06-24 10:12:33,4195.25,88937
2021-06-24 10:12:34,4195.25,88937
2021-06-24 10:12:35,4195.25,88937
2021-06-24 10:12:36,4195.25,88937
2021-06-24 10:12:37,4195.25,88937
2021-06-24 10:12:38,4195.25,88937
2021-06-24 10:12:39,4195.25,88937
2021-06-24 10:12:40,4195.25,88937
2021-06-24 10:12:41,4195.25,88937
2021-06-24 10:12:42,4195.25,88937
2021-06-24 10:12:43,4195.15,88987
2021-06-24 10:12:45,4195.15,88987
2021-06-24 10:12:46,4195.15,88987
2021-06-24 10:12:47,4195.6,88989
2021-06-24 10:12:48,4195.6,88989
2021-06-24 10:12:49,4195.6,88989
2021-06-24 10:12:50,4197.4,89025
2021-06-24 10:12:51,4197.4,89025
2021-06-24 10:12:52,4197.4,89025
2021-06-24 10:12:55,4197.4,89025
2021-06-24 10:12:56,4197.4,89025
2021-06-24 10:12:57,4195.6,89044
2021-06-24 10:12:58,4195.6,89044
2021-06-24 10:13:00,4195.25,89049
2021-06-24 10:13:01,4195.25,89049
2021-06-24 10:13:02,4196.9,89055
2021-06-24 10:13:03,4196.9,89055
2021-06-24 10:13:04,4196.9,89055
2021-06-24 10:13:05,4196.9,89055
2021-06-24 10:13:06,4196.9,89055
2021-06-24 10:13:07,4196.9,89055
2021-06-24 10:13:08,4196.9,89055
2021-06-24 10:13:09,4196.9,89055
2021-06-24 10:13:10,4196.9,89055
2021-06-24 10:13:11,4196.85,89064
2021-06-24 10:13:12,4196.85,89064
2021-06-24 10:13:13,4196.95,89087
2021-06-24 10:13:14,4196.95,89087
2021-06-24 10:13:15,4196.95,89087
2021-06-24 10:13:17,4196.0,89127
2021-06-24 10:13:18,4195.45,89142
2021-06-24 10:13:19,4196.9,89143
2021-06-24 10:13:20,4196.9,89143
2021-06-24 10:13:21,4196.9,89143
2021-06-24 10:13:22,4196.9,89143
2021-06-24 10:13:24,4195.15,89194
2021-06-24 10:13:23,4195.15,89193
2021-06-24 10:13:25,4195.15,89194
2021-06-24 10:13:26,4195.15,89194
2021-06-24 10:13:27,4196.9,89195
2021-06-24 10:13:28,4196.9,89195
2021-06-24 10:13:29,4196.9,89195
2021-06-24 10:13:30,4196.9,89217
2021-06-24 10:13:31,4196.9,89217
2021-06-24 10:13:33,4196.9,89217
2021-06-24 10:13:34,4196.9,89217
2021-06-24 10:13:35,4195.6,89218
2021-06-24 10:13:36,4195.6,89218
2021-06-24 10:13:38,4195.6,89218
2021-06-24 10:13:39,4195.6,89218
2021-06-24 10:13:40,4196.9,89237
2021-06-24 10:13:41,4196.9,89276
2021-06-24 10:13:42,4196.9,89276
2021-06-24 10:13:43,4196.9,89276
2021-06-24 10:13:44,4197.3,89324
2021-06-24 10:13:45,4197.3,89324
2021-06-24 10:13:47,4197.3,89324
2021-06-24 10:13:48,4197.3,89324
2021-06-24 10:13:48,4197.3,89324
2021-06-24 10:13:49,4197.3,89324
2021-06-24 10:13:50,4197.3,89324
2021-06-24 10:13:52,4195.2,89341
2021-06-24 10:13:51,4197.3,89325
2021-06-24 10:13:53,4195.2,89341
2021-06-24 10:13:55,4197.6,89342
2021-06-24 10:13:55,4197.6,89342
2021-06-24 10:13:57,4197.6,89342
2021-06-24 10:13:57,4197.6,89342
2021-06-24 10:13:58,4197.6,89342
2021-06-24 10:13:59,4197.6,89342
2021-06-24 10:14:00,4197.6,89342
2021-06-24 10:14:01,4197.85,89343
2021-06-24 10:14:02,4197.8,89347
2021-06-24 10:14:03,4197.8,89347
2021-06-24 10:14:04,4197.8,89347
2021-06-24 10:14:05,4198.0,89375
2021-06-24 10:14:06,4198.0,89375
2021-06-24 10:14:07,4198.0,89375
2021-06-24 10:14:09,4198.0,89375
2021-06-24 10:14:10,4198.0,89375
2021-06-24 10:14:11,4198.0,89375
2021-06-24 10:14:12,4197.95,89385
2021-06-24 10:14:13,4197.95,89385
2021-06-24 10:14:14,4197.95,89385
2021-06-24 10:14:15,4195.25,89885
2021-06-24 10:14:16,4195.25,89885
2021-06-24 10:14:17,4195.25,89885
2021-06-24 10:14:18,4195.25,89885
2021-06-24 10:14:19,4195.25,89885
2021-06-24 10:14:20,4197.55,89886
2021-06-24 10:14:21,4197.55,89886
2021-06-24 10:14:22,4197.55,89886
2021-06-24 10:14:23,4197.55,89886
2021-06-24 10:14:24,4197.55,89891
2021-06-24 10:14:25,4197.55,89891
2021-06-24 10:14:26,4197.55,89891
2021-06-24 10:14:27,4197.55,89891
2021-06-24 10:14:28,4195.4,89924
2021-06-24 10:14:29,4195.4,89924
2021-06-24 10:14:30,4195.4,89924
2021-06-24 10:14:31,4195.4,89924
2021-06-24 10:14:32,4195.4,89924
2021-06-24 10:14:34,4195.4,89924
2021-06-24 10:14:35,4195.4,89924
2021-06-24 10:14:36,4195.4,89924
2021-06-24 10:14:38,4195.4,89924
2021-06-24 10:14:41,4195.6,89939
2021-06-24 10:14:41,4195.6,89939
2021-06-24 10:14:42,4195.35,89949
2021-06-24 10:14:43,4195.35,89949
2021-06-24 10:14:44,4195.35,89949
2021-06-24 10:14:45,4195.35,89949
2021-06-24 10:14:46,4195.35,89949
2021-06-24 10:14:48,4195.35,89949
2021-06-24 10:14:49,4195.35,89949
2021-06-24 10:14:50,4195.35,89949
2021-06-24 10:14:51,4195.35,89949
2021-06-24 10:14:52,4195.35,89949
2021-06-24 10:14:53,4195.35,89949
2021-06-24 10:14:54,4197.2,89970
2021-06-24 10:14:55,4197.9,90130
2021-06-24 10:14:57,4197.9,90130
2021-06-24 10:14:58,4197.9,90130
2021-06-24 10:14:59,4197.9,90130
2021-06-24 10:15:00,4197.9,90130
2021-06-24 10:15:01,4197.25,90139
2021-06-24 10:15:03,4196.35,90144
2021-06-24 10:15:04,4196.35,90144
2021-06-24 10:15:05,4196.35,90144
2021-06-24 10:15:06,4196.35,90144
2021-06-24 10:15:07,4196.35,90144
2021-06-24 10:15:08,4196.35,90144
2021-06-24 10:15:09,4196.35,90144
2021-06-24 10:15:11,4196.35,90144
2021-06-24 10:15:12,4196.35,90144
2021-06-24 10:15:12,4196.35,90144
2021-06-24 10:15:13,4196.35,90144
2021-06-24 10:15:14,4196.35,90144
2021-06-24 10:15:15,4196.35,90144
2021-06-24 10:15:17,4197.25,90168
2021-06-24 10:15:18,4197.25,90168
2021-06-24 10:15:18,4197.25,90168
2021-06-24 10:15:19,4196.8,90180
2021-06-24 10:15:20,4197.55,90189
2021-06-24 10:15:21,4197.55,90189
2021-06-24 10:15:22,4197.55,90189
2021-06-24 10:15:23,4197.55,90189
2021-06-24 10:15:25,4197.55,90189
2021-06-24 10:15:25,4197.55,90189
2021-06-24 10:15:26,4197.55,90189
2021-06-24 10:15:29,4197.55,90189
2021-06-24 10:15:30,4197.55,90189
2021-06-24 10:15:31,4197.55,90189
2021-06-24 10:15:32,4197.5,90193
2021-06-24 10:15:34,4197.5,90193
2021-06-24 10:15:35,4197.5,90193
2021-06-24 10:15:37,4197.5,90193
2021-06-24 10:15:37,4197.5,90193
2021-06-24 10:15:39,4197.5,90193
2021-06-24 10:15:40,4197.5,90193
2021-06-24 10:15:41,4197.55,90214
2021-06-24 10:15:43,4197.55,90214
2021-06-24 10:15:43,4197.55,90214
2021-06-24 10:15:44,4197.55,90214
2021-06-24 10:15:45,4197.55,90214
2021-06-24 10:15:49,4197.55,90214
2021-06-24 10:15:50,4197.55,90214
2021-06-24 10:15:52,4197.55,90214
2021-06-24 10:15:52,4197.55,90214
2021-06-24 10:15:53,4197.55,90214
2021-06-24 10:15:54,4197.55,90214
2021-06-24 10:15:55,4197.55,90214
2021-06-24 10:15:56,4197.55,90214
2021-06-24 10:15:57,4197.55,90214
2021-06-24 10:15:58,4197.55,90214
2021-06-24 10:15:59,4197.55,90214
2021-06-24 10:16:00,4197.55,90225
2021-06-24 10:16:01,4197.55,90225
2021-06-24 10:16:02,4197.55,90225
2021-06-24 10:16:03,4197.55,90225
2021-06-24 10:16:05,4197.55,90246
2021-06-24 10:16:06,4197.55,90246
2021-06-24 10:16:07,4197.55,90246
2021-06-24 10:16:08,4197.55,90246
2021-06-24 10:16:09,4197.55,90260
2021-06-24 10:16:10,4197.55,90260
2021-06-24 10:16:11,4197.55,90260
2021-06-24 10:16:12,4197.55,90260
2021-06-24 10:16:13,4197.55,90260
2021-06-24 10:16:14,4196.0,90279
2021-06-24 10:16:15,4196.0,90279
2021-06-24 10:16:16,4196.0,90283
2021-06-24 10:16:17,4196.0,90283
2021-06-24 10:16:18,4196.0,90283
2021-06-24 10:16:19,4196.0,90283
2021-06-24 10:16:20,4196.0,90283
2021-06-24 10:16:21,4196.0,90283
2021-06-24 10:16:22,4196.0,90283
2021-06-24 10:16:23,4196.0,90283
2021-06-24 10:16:24,4196.0,90283
2021-06-24 10:16:26,4196.0,90283
2021-06-24 10:16:27,4196.0,90283
2021-06-24 10:16:28,4196.0,90285
2021-06-24 10:16:29,4196.0,90285
2021-06-24 10:16:29,4196.0,90285
2021-06-24 10:16:30,4196.0,90286
2021-06-24 10:16:31,4196.0,90286
2021-06-24 10:16:32,4196.0,90286
2021-06-24 10:16:33,4196.0,90286
2021-06-24 10:16:35,4196.0,90307
2021-06-24 10:16:36,4196.0,90307
2021-06-24 10:16:37,4196.0,90307
2021-06-24 10:16:37,4196.0,90307
2021-06-24 10:16:39,4196.0,90307
2021-06-24 10:16:40,4196.0,90307
2021-06-24 10:16:41,4196.0,90307
2021-06-24 10:16:42,4196.0,90307
2021-06-24 10:16:43,4195.0,90491
2021-06-24 10:16:44,4195.0,90491
2021-06-24 10:16:45,4195.0,90491
2021-06-24 10:16:45,4195.0,90491
2021-06-24 10:16:46,4195.0,90491
2021-06-24 10:16:47,4195.0,90491
2021-06-24 10:16:49,4193.65,90541
2021-06-24 10:16:51,4193.65,90541
2021-06-24 10:16:51,4193.65,90541
2021-06-24 10:16:52,4193.65,90541
2021-06-24 10:16:54,4193.65,90541
2021-06-24 10:16:56,4194.8,90543
2021-06-24 10:16:56,4194.8,90543
2021-06-24 10:16:57,4194.8,90543
2021-06-24 10:16:58,4194.8,90543
2021-06-24 10:16:59,4194.7,90564
2021-06-24 10:17:00,4193.65,90615
2021-06-24 10:17:02,4192.05,90617
2021-06-24 10:17:03,4192.05,90617
2021-06-24 10:17:05,4192.85,90677
2021-06-24 10:17:07,4192.85,90677
2021-06-24 10:17:08,4192.85,90677
2021-06-24 10:17:10,4192.85,90702
2021-06-24 10:17:11,4192.85,90702
2021-06-24 10:17:12,4192.85,90702
2021-06-24 10:17:14,4192.85,90702
2021-06-24 10:17:14,4192.85,90702
2021-06-24 10:17:16,4194.35,90719
2021-06-24 10:17:17,4194.35,90719
2021-06-24 10:17:18,4193.0,90749
2021-06-24 10:17:19,4192.75,90755
2021-06-24 10:17:20,4192.75,90755
2021-06-24 10:17:21,4192.8,90761
2021-06-24 10:17:22,4194.35,90777
2021-06-24 10:17:23,4194.35,90782
2021-06-24 10:17:25,4194.35,90782
2021-06-24 10:17:27,4194.35,90782
2021-06-24 10:17:28,4194.35,90782
2021-06-24 10:17:29,4194.35,90782
2021-06-24 10:17:30,4192.65,90792
2021-06-24 10:17:31,4192.65,90807
2021-06-24 10:17:31,4192.65,90807
2021-06-24 10:17:32,4192.65,90807
2021-06-24 10:17:34,4192.3,90858
2021-06-24 10:17:36,4192.3,90858
2021-06-24 10:17:36,4192.3,90858
2021-06-24 10:17:38,4194.1,90859
2021-06-24 10:17:40,4194.35,91109
2021-06-24 10:17:40,4194.35,91109
2021-06-24 10:17:41,4194.35,91119
2021-06-24 10:17:42,4194.35,91119
2021-06-24 10:17:43,4194.35,91124
2021-06-24 10:17:44,4194.35,91124
2021-06-24 10:17:46,4194.35,91124
2021-06-24 10:17:46,4194.35,91124
2021-06-24 10:17:47,4194.35,91124
2021-06-24 10:17:48,4194.35,91124
2021-06-24 10:17:49,4194.35,91144
2021-06-24 10:17:50,4194.35,91144
2021-06-24 10:17:51,4194.35,91144
2021-06-24 10:17:54,4194.35,91144
2021-06-24 10:17:55,4194.35,91144
2021-06-24 10:17:56,4194.35,91254
2021-06-24 10:17:57,4194.35,91254
2021-06-24 10:17:58,4194.35,91283
2021-06-24 10:18:00,4194.35,91283
2021-06-24 10:18:01,4194.35,91285
2021-06-24 10:18:02,4195.35,91601
2021-06-24 10:18:03,4195.35,91601
2021-06-24 10:18:04,4195.35,91601
2021-06-24 10:18:05,4195.35,91601
2021-06-24 10:18:06,4195.35,91601
2021-06-24 10:18:07,4194.35,91701
2021-06-24 10:18:08,4194.35,91701
2021-06-24 10:18:09,4194.35,91701
2021-06-24 10:18:10,4194.45,91722
2021-06-24 10:18:12,4194.45,91722
2021-06-24 10:18:12,4194.45,91722
2021-06-24 10:18:13,4194.45,91723
2021-06-24 10:18:15,4192.4,91764
2021-06-24 10:18:16,4192.4,91764
2021-06-24 10:18:17,4192.4,91764
2021-06-24 10:18:18,4194.0,91789
2021-06-24 10:18:18,4194.0,91789
2021-06-24 10:18:19,4194.0,91789
2021-06-24 10:18:20,4194.0,91789
2021-06-24 10:18:21,4194.0,91789
2021-06-24 10:18:23,4194.0,91895
2021-06-24 10:18:24,4194.0,91895
2021-06-24 10:18:25,4194.0,91922
2021-06-24 10:18:26,4195.2,91952
2021-06-24 10:18:27,4195.2,91952
2021-06-24 10:18:28,4195.1,91962
2021-06-24 10:18:29,4195.1,91962
2021-06-24 10:18:30,4195.1,91962
2021-06-24 10:18:31,4196.0,92013
2021-06-24 10:18:32,4196.0,92013
2021-06-24 10:18:32,4196.0,92013
2021-06-24 10:18:33,4196.0,92013
2021-06-24 10:18:34,4196.0,92013
2021-06-24 10:18:35,4196.0,92013
2021-06-24 10:18:36,4196.0,92013
2021-06-24 10:18:38,4197.5,92033
2021-06-24 10:18:38,4197.5,92033
2021-06-24 10:18:40,4197.5,92033
2021-06-24 10:18:40,4197.5,92033
2021-06-24 10:18:41,4197.5,92033
2021-06-24 10:18:42,4197.5,92033
2021-06-24 10:18:43,4197.5,92033
2021-06-24 10:18:44,4197.55,92044
2021-06-24 10:18:45,4197.55,92046
2021-06-24 10:18:47,4197.55,92046
2021-06-24 10:18:48,4197.6,92048
2021-06-24 10:18:49,4197.6,92048
2021-06-24 10:18:50,4197.6,92048
2021-06-24 10:18:51,4197.6,92048
2021-06-24 10:18:52,4197.6,92048
2021-06-24 10:18:53,4197.6,92051
2021-06-24 10:18:54,4198.75,92124
2021-06-24 10:18:55,4198.75,92124
2021-06-24 10:18:56,4198.75,92124
2021-06-24 10:18:57,4198.75,92124
2021-06-24 10:18:58,4198.75,92124
2021-06-24 10:18:59,4198.75,92124
2021-06-24 10:18:59,4197.6,92149
2021-06-24 10:19:00,4197.6,92149
2021-06-24 10:19:02,4198.75,92150
2021-06-24 10:19:03,4198.75,92150
2021-06-24 10:19:04,4198.75,92155
2021-06-24 10:19:05,4198.75,92174
2021-06-24 10:19:06,4198.75,92174
2021-06-24 10:19:07,4198.75,92174
2021-06-24 10:19:08,4199.15,92197
2021-06-24 10:19:09,4199.15,92197
2021-06-24 10:19:10,4199.15,92197
2021-06-24 10:19:11,4199.15,92197
2021-06-24 10:19:12,4199.15,92197
2021-06-24 10:19:13,4199.15,92197
2021-06-24 10:19:13,4199.15,92197
2021-06-24 10:19:16,4199.15,92197
2021-06-24 10:19:16,4199.15,92197
2021-06-24 10:19:17,4199.15,92197
2021-06-24 10:19:19,4199.15,92197
2021-06-24 10:19:21,4199.0,92199
2021-06-24 10:19:22,4199.0,92199
2021-06-24 10:19:22,4199.0,92199
2021-06-24 10:19:23,4199.0,92199
2021-06-24 10:19:24,4200.0,92239
2021-06-24 10:19:26,4200.4,92262
2021-06-24 10:19:27,4200.4,92262
2021-06-24 10:19:27,4200.4,92262
2021-06-24 10:19:29,4200.75,92264
2021-06-24 10:19:30,4200.4,92283
2021-06-24 10:19:30,4200.4,92283
2021-06-24 10:19:32,4200.4,92283
2021-06-24 10:19:33,4200.4,92283
2021-06-24 10:19:33,4200.4,92283
2021-06-24 10:19:35,4200.4,92283
2021-06-24 10:19:35,4200.4,92283
2021-06-24 10:19:36,4200.4,92283
2021-06-24 10:19:37,4200.4,92283
2021-06-24 10:19:38,4200.05,92286
2021-06-24 10:19:40,4200.05,92286
2021-06-24 10:19:40,4200.05,92286
2021-06-24 10:19:42,4199.7,92287
2021-06-24 10:19:42,4199.7,92287
2021-06-24 10:19:43,4199.7,92287
2021-06-24 10:19:45,4199.7,92287
2021-06-24 10:19:46,4199.7,92287
2021-06-24 10:19:46,4199.7,92287
2021-06-24 10:19:47,4199.7,92287
2021-06-24 10:19:49,4199.7,92287
2021-06-24 10:19:50,4199.7,92287
2021-06-24 10:19:51,4199.7,92299
2021-06-24 10:19:51,4197.45,92341
2021-06-24 10:19:52,4197.45,92341
2021-06-24 10:19:53,4197.45,92341
2021-06-24 10:19:54,4197.45,92341
2021-06-24 10:19:55,4197.45,92341
2021-06-24 10:19:56,4197.45,92341
2021-06-24 10:19:57,4197.45,92341
2021-06-24 10:19:58,4197.45,92341
2021-06-24 10:19:59,4197.45,92341
2021-06-24 10:20:00,4197.45,92341
2021-06-24 10:20:01,4197.45,92341
2021-06-24 10:20:02,4195.25,92386
2021-06-24 10:20:03,4195.25,92386
2021-06-24 10:20:06,4196.2,92399
2021-06-24 10:20:08,4196.2,92399
2021-06-24 10:20:09,4196.2,92399
2021-06-24 10:20:10,4196.2,92399
2021-06-24 10:20:11,4196.2,92399
2021-06-24 10:20:12,4196.2,92399
2021-06-24 10:20:13,4196.2,92399
2021-06-24 10:20:13,4196.2,92399
2021-06-24 10:20:14,4196.2,92399
2021-06-24 10:20:15,4196.2,92399
2021-06-24 10:20:16,4196.2,92399
2021-06-24 10:20:18,4196.2,92399
2021-06-24 10:20:19,4196.2,92399
2021-06-24 10:20:20,4197.35,92427
2021-06-24 10:20:21,4197.35,92427
2021-06-24 10:20:22,4197.35,92427
2021-06-24 10:20:23,4197.35,92441
2021-06-24 10:20:24,4197.35,92441
2021-06-24 10:20:25,4197.35,92443
2021-06-24 10:20:26,4197.35,92443
2021-06-24 10:20:27,4197.35,92443
2021-06-24 10:20:28,4197.35,92443
2021-06-24 10:20:29,4197.45,92549
2021-06-24 10:20:30,4197.0,92559
2021-06-24 10:20:32,4197.0,92559
2021-06-24 10:20:33,4197.0,92559
2021-06-24 10:20:33,4197.0,92559
2021-06-24 10:20:34,4197.0,92559
2021-06-24 10:20:36,4197.0,92559
2021-06-24 10:20:37,4196.5,92561
2021-06-24 10:20:38,4196.5,92561
2021-06-24 10:20:39,4196.5,92561
2021-06-24 10:20:39,4196.5,92561
2021-06-24 10:20:40,4196.5,92561
2021-06-24 10:20:42,4196.5,92561
2021-06-24 10:20:42,4196.5,92561
2021-06-24 10:20:45,4198.0,92563
2021-06-24 10:20:46,4198.0,92563
2021-06-24 10:20:47,4198.35,92589
2021-06-24 10:20:47,4198.0,92590
2021-06-24 10:20:49,4196.2,92591
2021-06-24 10:20:50,4196.2,92591
2021-06-24 10:20:50,4196.2,92591
2021-06-24 10:20:51,4196.2,92591
2021-06-24 10:20:53,4196.2,92591
2021-06-24 10:20:54,4196.2,92591
2021-06-24 10:20:55,4196.1,92592
2021-06-24 10:20:56,4196.1,92592
2021-06-24 10:20:57,4196.1,92592
2021-06-24 10:20:58,4196.1,92592
2021-06-24 10:21:00,4196.1,92592
2021-06-24 10:20:59,4196.1,92592
2021-06-24 10:21:01,4196.1,92592
2021-06-24 10:21:02,4196.1,92592
2021-06-24 10:21:03,4196.1,92592
2021-06-24 10:21:04,4196.1,92592
2021-06-24 10:21:05,4196.1,92592
2021-06-24 10:21:06,4196.1,92592
2021-06-24 10:21:06,4196.1,92592
2021-06-24 10:21:07,4196.1,92592
2021-06-24 10:21:09,4197.1,92600
2021-06-24 10:21:10,4197.1,92600
2021-06-24 10:21:11,4197.5,92621
2021-06-24 10:21:12,4197.5,92621
2021-06-24 10:21:13,4197.5,92621
2021-06-24 10:21:14,4197.5,92621
2021-06-24 10:21:16,4197.5,92645
2021-06-24 10:21:17,4199.1,92646
2021-06-24 10:21:18,4199.1,92646
2021-06-24 10:21:19,4199.1,92646
2021-06-24 10:21:19,4199.1,92646
2021-06-24 10:21:20,4199.1,92646
2021-06-24 10:21:21,4199.1,92646
2021-06-24 10:21:22,4199.1,92646
2021-06-24 10:21:23,4199.1,92646
2021-06-24 10:21:24,4199.1,92646
2021-06-24 10:21:25,4199.1,92646
2021-06-24 10:21:26,4199.1,92646
2021-06-24 10:21:28,4199.1,92646
2021-06-24 10:21:29,4198.35,92647
2021-06-24 10:21:30,4199.45,92653
2021-06-24 10:21:31,4198.35,92654
2021-06-24 10:21:34,4198.35,92655
2021-06-24 10:21:35,4198.35,92655
2021-06-24 10:21:36,4198.35,92655
2021-06-24 10:21:37,4198.7,92657
2021-06-24 10:21:38,4199.3,92658
2021-06-24 10:21:39,4199.3,92661
2021-06-24 10:21:40,4199.3,92672
2021-06-24 10:21:41,4199.75,92677
2021-06-24 10:21:42,4199.35,92682
2021-06-24 10:21:43,4199.35,92684
2021-06-24 10:21:44,4199.7,92685
2021-06-24 10:21:45,4199.7,92685
2021-06-24 10:21:46,4199.7,92685
2021-06-24 10:21:47,4199.7,92685
2021-06-24 10:21:48,4199.7,92685
2021-06-24 10:21:49,4199.7,92685
2021-06-24 10:21:49,4199.7,92685
2021-06-24 10:21:50,4199.7,92685
2021-06-24 10:21:51,4198.25,92690
2021-06-24 10:21:53,4197.35,92696
2021-06-24 10:21:54,4197.35,92696
2021-06-24 10:21:55,4197.35,92696
2021-06-24 10:21:56,4196.8,92697
2021-06-24 10:21:57,4196.8,92697
2021-06-24 10:21:57,4196.8,92697
2021-06-24 10:21:59,4197.15,92737
2021-06-24 10:22:00,4197.45,92743
2021-06-24 10:22:01,4197.45,92744
2021-06-24 10:22:02,4197.7,92751
2021-06-24 10:22:03,4197.7,92751
2021-06-24 10:22:04,4197.7,92751
2021-06-24 10:22:07,4199.0,92757
2021-06-24 10:22:08,4199.0,92757
2021-06-24 10:22:09,4199.0,92757
2021-06-24 10:22:09,4199.0,92757
2021-06-24 10:22:10,4199.0,92757
2021-06-24 10:22:12,4199.0,92757
2021-06-24 10:22:13,4199.0,92757
2021-06-24 10:22:14,4199.0,92757
2021-06-24 10:22:15,4199.0,92757
2021-06-24 10:22:16,4199.0,92757
2021-06-24 10:22:17,4196.0,92758
2021-06-24 10:22:18,4196.0,92758
2021-06-24 10:22:19,4196.0,92758
2021-06-24 10:22:20,4196.0,92758
2021-06-24 10:22:21,4196.0,92758
2021-06-24 10:22:22,4196.0,92759
2021-06-24 10:22:23,4196.0,92759
2021-06-24 10:22:24,4196.0,92759
2021-06-24 10:22:25,4196.0,92759
2021-06-24 10:22:26,4196.55,92762
2021-06-24 10:22:28,4196.55,92763
2021-06-24 10:22:29,4196.75,92787
2021-06-24 10:22:30,4196.55,92788
2021-06-24 10:22:31,4196.55,92788
2021-06-24 10:22:32,4196.0,92790
2021-06-24 10:22:33,4193.4,92905
2021-06-24 10:22:34,4193.4,92905
2021-06-24 10:22:35,4193.45,92907
2021-06-24 10:22:36,4193.45,92911
2021-06-24 10:22:37,4193.45,92911
2021-06-24 10:22:38,4193.45,92911
2021-06-24 10:22:39,4193.45,92911
2021-06-24 10:22:40,4193.45,92911
2021-06-24 10:22:42,4193.45,92911
2021-06-24 10:22:43,4193.45,92911
2021-06-24 10:22:44,4192.9,92912
2021-06-24 10:22:45,4192.85,92918
2021-06-24 10:22:46,4192.85,92918
2021-06-24 10:22:47,4194.25,92919
2021-06-24 10:22:48,4194.25,92919
2021-06-24 10:22:49,4194.85,92940
2021-06-24 10:22:50,4195.35,92966
2021-06-24 10:22:51,4195.35,92966
2021-06-24 10:22:52,4195.35,92966
2021-06-24 10:22:53,4195.35,92966
2021-06-24 10:22:54,4195.35,92966
2021-06-24 10:22:55,4195.35,92966
2021-06-24 10:22:56,4195.35,92966
2021-06-24 10:22:58,4195.35,92966
2021-06-24 10:22:59,4195.35,92966
2021-06-24 10:23:00,4195.35,92966
2021-06-24 10:23:01,4195.25,92974
2021-06-24 10:23:02,4195.25,92974
2021-06-24 10:23:03,4193.15,92979
2021-06-24 10:23:04,4195.25,92983
2021-06-24 10:23:05,4195.25,92983
2021-06-24 10:23:06,4195.25,92983
2021-06-24 10:23:07,4195.25,92983
2021-06-24 10:23:08,4195.25,92983
2021-06-24 10:23:09,4195.25,92983
2021-06-24 10:23:10,4195.25,92983
2021-06-24 10:23:11,4195.25,92983
2021-06-24 10:23:12,4195.25,92983
2021-06-24 10:23:13,4194.3,92985
2021-06-24 10:23:15,4195.15,92994
2021-06-24 10:23:16,4195.15,92994
2021-06-24 10:23:17,4195.3,92997
2021-06-24 10:23:18,4196.3,93030
2021-06-24 10:23:19,4196.3,93030
2021-06-24 10:23:20,4197.55,93044
2021-06-24 10:23:21,4197.55,93044
2021-06-24 10:23:22,4197.55,93044
2021-06-24 10:23:23,4197.55,93044
2021-06-24 10:23:25,4197.55,93044
2021-06-24 10:23:26,4197.55,93044
2021-06-24 10:23:27,4197.55,93044
2021-06-24 10:23:29,4197.55,93044
2021-06-24 10:23:30,4195.65,93045
2021-06-24 10:23:32,4195.65,93045
2021-06-24 10:23:33,4195.65,93045
2021-06-24 10:23:34,4196.85,93046
2021-06-24 10:23:35,4196.85,93046
2021-06-24 10:23:36,4197.0,93048
2021-06-24 10:23:37,4196.8,93054
2021-06-24 10:23:38,4197.65,93072
2021-06-24 10:23:39,4197.4,93092
2021-06-24 10:23:40,4197.4,93092
2021-06-24 10:23:41,4198.65,93099
2021-06-24 10:23:42,4197.4,93100
2021-06-24 10:23:43,4197.4,93101
2021-06-24 10:23:44,4197.0,93103
2021-06-24 10:23:45,4197.0,93103
2021-06-24 10:23:46,4196.0,93105
2021-06-24 10:23:47,4197.95,93107
2021-06-24 10:23:49,4197.95,93107
2021-06-24 10:23:50,4197.95,93107
2021-06-24 10:23:51,4197.95,93107
2021-06-24 10:23:52,4197.95,93107
2021-06-24 10:23:53,4197.95,93107
2021-06-24 10:23:55,4196.85,93182
2021-06-24 10:23:54,4196.85,93182
2021-06-24 10:23:56,4196.85,93183
2021-06-24 10:23:57,4197.95,93184
2021-06-24 10:23:59,4196.3,93191
2021-06-24 10:24:00,4196.3,93191
2021-06-24 10:24:02,4197.35,93352
2021-06-24 10:24:03,4197.35,93352
2021-06-24 10:24:04,4197.35,93353
2021-06-24 10:24:05,4197.5,93377
2021-06-24 10:24:06,4197.75,93380
2021-06-24 10:24:07,4197.75,93380
2021-06-24 10:24:08,4197.85,93382
2021-06-24 10:24:09,4197.85,93382
2021-06-24 10:24:11,4197.85,93382
2021-06-24 10:24:10,4197.85,93382
2021-06-24 10:24:12,4197.85,93382
2021-06-24 10:24:13,4197.85,93382
2021-06-24 10:24:14,4197.85,93422
2021-06-24 10:24:15,4197.75,93423
2021-06-24 10:24:16,4197.35,93425
2021-06-24 10:24:17,4197.75,93444
2021-06-24 10:24:18,4197.75,93444
2021-06-24 10:24:20,4197.75,93444
2021-06-24 10:24:20,4197.75,93444
2021-06-24 10:24:21,4197.75,93444
2021-06-24 10:24:22,4197.75,93444
2021-06-24 10:24:23,4197.75,93449
2021-06-24 10:24:24,4197.75,93449
2021-06-24 10:24:25,4197.75,93460
2021-06-24 10:24:26,4197.75,93460
2021-06-24 10:24:27,4197.75,93460
2021-06-24 10:24:29,4197.8,93487
2021-06-24 10:24:30,4197.8,93487
2021-06-24 10:24:31,4197.8,93487
2021-06-24 10:24:32,4197.8,93489
2021-06-24 10:24:33,4197.9,93539
2021-06-24 10:24:34,4197.9,93539
2021-06-24 10:24:35,4197.75,93573
2021-06-24 10:24:36,4197.75,93573
2021-06-24 10:24:37,4197.75,93573
2021-06-24 10:24:38,4197.75,93573
2021-06-24 10:24:39,4197.8,93583
2021-06-24 10:24:40,4197.8,93583
2021-06-24 10:24:41,4197.8,93583
2021-06-24 10:24:42,4197.8,93583
2021-06-24 10:24:43,4197.8,93583
2021-06-24 10:24:44,4197.8,93583
2021-06-24 10:24:45,4197.8,93583
2021-06-24 10:24:46,4197.8,93584
2021-06-24 10:24:47,4197.8,93586
2021-06-24 10:24:48,4196.0,93587
2021-06-24 10:24:49,4196.0,93588
2021-06-24 10:24:51,4196.0,93588
2021-06-24 10:24:52,4196.0,93588
2021-06-24 10:24:52,4196.0,93588
2021-06-24 10:24:53,4198.0,93604
2021-06-24 10:24:54,4198.0,93604
2021-06-24 10:24:55,4198.25,93619
2021-06-24 10:24:56,4198.25,93619
2021-06-24 10:24:58,4198.25,93619
2021-06-24 10:24:58,4198.25,93619
2021-06-24 10:24:59,4198.25,93619
2021-06-24 10:25:00,4198.25,93619
2021-06-24 10:25:01,4198.25,93619
2021-06-24 10:25:02,4198.25,93619
2021-06-24 10:25:03,4198.25,93619
2021-06-24 10:25:04,4198.25,93619
2021-06-24 10:25:05,4198.25,93619
2021-06-24 10:25:06,4198.7,93625
2021-06-24 10:25:07,4198.7,93625
2021-06-24 10:25:08,4198.7,93625
2021-06-24 10:25:09,4198.7,93627
2021-06-24 10:25:10,4198.9,93629
2021-06-24 10:25:11,4198.9,93629
2021-06-24 10:25:12,4198.9,93629
2021-06-24 10:25:13,4198.9,93629
2021-06-24 10:25:14,4198.9,93629
2021-06-24 10:25:16,4198.9,93629
2021-06-24 10:25:17,4198.9,93629
2021-06-24 10:25:17,4198.9,93629
2021-06-24 10:25:18,4198.9,93629
2021-06-24 10:25:19,4198.9,93629
2021-06-24 10:25:20,4198.85,93637
2021-06-24 10:25:21,4198.85,93637
2021-06-24 10:25:22,4198.85,93637
2021-06-24 10:25:23,4199.0,93639
2021-06-24 10:25:24,4199.0,93639
2021-06-24 10:25:25,4199.0,93639
2021-06-24 10:25:26,4197.2,93709
2021-06-24 10:25:27,4197.2,93709
2021-06-24 10:25:28,4199.3,93710
2021-06-24 10:25:29,4199.3,93710
2021-06-24 10:25:30,4199.3,93710
2021-06-24 10:25:31,4199.3,93710
2021-06-24 10:25:33,4199.3,93710
2021-06-24 10:25:33,4199.3,93710
2021-06-24 10:25:34,4199.3,93710
2021-06-24 10:25:36,4199.3,93710
2021-06-24 10:25:36,4199.3,93710
2021-06-24 10:25:37,4199.3,93710
2021-06-24 10:25:39,4199.3,93710
2021-06-24 10:25:40,4199.3,93710
2021-06-24 10:25:41,4199.3,93710
2021-06-24 10:25:42,4199.3,93710
2021-06-24 10:25:43,4199.4,93729
2021-06-24 10:25:45,4199.7,93743
2021-06-24 10:25:45,4199.7,93743
2021-06-24 10:25:46,4199.7,93743
2021-06-24 10:25:47,4199.7,93743
2021-06-24 10:25:48,4199.7,93743
2021-06-24 10:25:49,4199.7,93743
2021-06-24 10:25:50,4199.7,93743
2021-06-24 10:25:52,4199.7,93743
2021-06-24 10:25:51,4199.7,93743
2021-06-24 10:25:53,4199.35,93744
2021-06-24 10:25:54,4199.35,93744
2021-06-24 10:25:55,4199.35,93744
2021-06-24 10:25:56,4199.35,93744
2021-06-24 10:25:57,4199.35,93744
2021-06-24 10:25:58,4199.35,93744
2021-06-24 10:25:59,4197.55,93747
2021-06-24 10:26:00,4197.55,93747
2021-06-24 10:26:01,4197.55,93747
2021-06-24 10:26:02,4197.55,93747
2021-06-24 10:26:03,4197.55,93747
2021-06-24 10:26:04,4199.3,93797
2021-06-24 10:26:05,4198.4,93800
2021-06-24 10:26:06,4198.4,93800
2021-06-24 10:26:07,4199.25,93829
2021-06-24 10:26:08,4199.25,93829
2021-06-24 10:26:09,4198.4,93830
2021-06-24 10:26:10,4198.4,93830
2021-06-24 10:26:11,4198.4,93830
2021-06-24 10:26:12,4197.5,93854
2021-06-24 10:26:14,4197.5,93854
2021-06-24 10:26:15,4197.35,93862
2021-06-24 10:26:16,4197.35,93862
2021-06-24 10:26:16,4197.35,93862
2021-06-24 10:26:17,4197.35,93862
2021-06-24 10:26:18,4196.0,93878
2021-06-24 10:26:19,4196.0,93879
2021-06-24 10:26:20,4198.0,93894
2021-06-24 10:26:21,4198.0,93894
2021-06-24 10:26:22,4198.0,93894
2021-06-24 10:26:23,4198.0,93894
2021-06-24 10:26:24,4198.0,93894
2021-06-24 10:26:25,4198.0,93894
2021-06-24 10:26:26,4198.6,93983
2021-06-24 10:26:27,4198.6,93983
2021-06-24 10:26:29,4198.6,93983
2021-06-24 10:26:30,4198.6,93983
2021-06-24 10:26:31,4198.6,93983
2021-06-24 10:26:31,4198.6,93983
2021-06-24 10:26:32,4199.35,94010
2021-06-24 10:26:33,4199.35,94010
2021-06-24 10:26:34,4199.35,94010
2021-06-24 10:26:35,4199.5,94014
2021-06-24 10:26:36,4199.5,94014
2021-06-24 10:26:38,4199.5,94014
2021-06-24 10:26:39,4199.5,94014
2021-06-24 10:26:39,4199.5,94014
2021-06-24 10:26:41,4199.5,94037
2021-06-24 10:26:43,4199.5,94037
2021-06-24 10:26:44,4199.5,94037
2021-06-24 10:26:45,4199.5,94037
2021-06-24 10:26:46,4199.5,94037
2021-06-24 10:26:47,4199.5,94037
2021-06-24 10:26:48,4199.5,94037
2021-06-24 10:26:49,4199.5,94037
2021-06-24 10:26:50,4199.5,94037
2021-06-24 10:26:51,4199.5,94177
2021-06-24 10:26:53,4199.5,94177
2021-06-24 10:26:54,4199.5,94177
2021-06-24 10:26:55,4199.5,94177
2021-06-24 10:26:56,4199.5,94177
2021-06-24 10:26:57,4199.5,94177
2021-06-24 10:26:58,4199.5,94177
2021-06-24 10:26:59,4199.2,94199
2021-06-24 10:27:01,4197.3,94216
2021-06-24 10:27:02,4197.3,94216
2021-06-24 10:27:03,4199.2,94217
2021-06-24 10:27:03,4199.2,94217
2021-06-24 10:27:04,4199.2,94217
2021-06-24 10:27:06,4199.2,94217
2021-06-24 10:27:07,4199.2,94217
2021-06-24 10:27:08,4199.25,94220
2021-06-24 10:27:09,4200.4,94420
2021-06-24 10:27:09,4200.4,94420
2021-06-24 10:27:11,4199.25,94437
2021-06-24 10:27:12,4199.25,94437
2021-06-24 10:27:13,4199.25,94437
2021-06-24 10:27:14,4199.25,94437
2021-06-24 10:27:16,4199.25,94437
2021-06-24 10:27:17,4199.25,94437
2021-06-24 10:27:17,4199.25,94437
2021-06-24 10:27:18,4199.25,94437
2021-06-24 10:27:19,4201.2,94537
2021-06-24 10:27:20,4201.1,94568
2021-06-24 10:27:22,4201.1,94568
2021-06-24 10:27:23,4201.1,94568
2021-06-24 10:27:24,4201.1,94568
2021-06-24 10:27:25,4201.1,94568
2021-06-24 10:27:26,4201.1,94568
2021-06-24 10:27:26,4201.1,94568
2021-06-24 10:27:27,4201.1,94568
2021-06-24 10:27:28,4201.1,94568
2021-06-24 10:27:29,4201.1,94568
2021-06-24 10:27:30,4199.05,94569
2021-06-24 10:27:32,4199.05,94569
2021-06-24 10:27:33,4199.05,94569
2021-06-24 10:27:34,4199.05,94569
2021-06-24 10:27:35,4199.05,94569
2021-06-24 10:27:35,4199.05,94569
2021-06-24 10:27:36,4199.05,94569
2021-06-24 10:27:37,4199.0,94577
2021-06-24 10:27:38,4199.0,94610
2021-06-24 10:27:39,4199.0,94610
2021-06-24 10:27:40,4199.0,94610
2021-06-24 10:27:41,4199.0,94610
2021-06-24 10:27:42,4199.0,94610
2021-06-24 10:27:44,4199.0,94610
2021-06-24 10:27:44,4199.0,94610
2021-06-24 10:27:45,4199.0,94610
2021-06-24 10:27:46,4199.0,94610
2021-06-24 10:27:47,4199.5,94667
2021-06-24 10:27:49,4199.5,94667
2021-06-24 10:27:50,4199.9,94689
2021-06-24 10:27:51,4199.9,94689
2021-06-24 10:27:51,4199.9,94689
2021-06-24 10:27:52,4199.9,94689
2021-06-24 10:27:53,4200.0,94697
2021-06-24 10:27:54,4200.0,94697
2021-06-24 10:27:56,4200.0,94697
2021-06-24 10:27:57,4200.0,94697
2021-06-24 10:27:58,4200.0,94697
2021-06-24 10:27:59,4200.0,94697
2021-06-24 10:28:00,4200.0,94697
2021-06-24 10:28:01,4200.0,94728
2021-06-24 10:28:02,4200.0,94728
2021-06-24 10:28:04,4200.0,94728
2021-06-24 10:28:05,4200.0,94728
2021-06-24 10:28:06,4200.0,94728
2021-06-24 10:28:06,4200.0,94728
2021-06-24 10:28:07,4200.0,94728
2021-06-24 10:28:08,4200.0,94728
2021-06-24 10:28:09,4200.0,94728
2021-06-24 10:28:11,4201.0,94732
2021-06-24 10:28:12,4201.0,94732
2021-06-24 10:28:14,4201.95,94759
2021-06-24 10:28:15,4201.95,94759
2021-06-24 10:28:15,4201.95,94759
2021-06-24 10:28:16,4200.0,94945
2021-06-24 10:28:18,4198.5,94947
2021-06-24 10:28:19,4198.5,94947
2021-06-24 10:28:19,4198.5,94947
2021-06-24 10:28:20,4198.5,94947
2021-06-24 10:28:21,4198.5,94947
2021-06-24 10:28:23,4198.5,94947
2021-06-24 10:28:24,4198.5,94947
2021-06-24 10:28:25,4198.95,94948
2021-06-24 10:28:26,4198.95,94948
2021-06-24 10:28:27,4198.95,94948
2021-06-24 10:28:28,4198.95,94948
2021-06-24 10:28:28,4198.95,94948
2021-06-24 10:28:29,4198.95,94948
