timestamp,ltp,volume
2021-06-24 09:34:39,6032.5,132782
2021-06-24 09:34:40,6034.8,132783
2021-06-24 09:34:41,6034.95,132784
2021-06-24 09:34:42,6032.55,133091
2021-06-24 09:34:43,6032.55,133091
2021-06-24 09:34:44,6033.4,133101
2021-06-24 09:34:45,6033.4,133101
2021-06-24 09:34:47,6033.4,133101
2021-06-24 09:34:48,6033.4,133115
2021-06-24 09:34:49,6034.6,133160
2021-06-24 09:34:50,6034.6,133160
2021-06-24 09:34:51,6034.6,133160
2021-06-24 09:34:52,6034.6,133160
2021-06-24 09:34:52,6034.6,133160
2021-06-24 09:34:53,6034.25,133259
2021-06-24 09:34:54,6033.4,133267
2021-06-24 09:34:55,6032.85,133277
2021-06-24 09:34:56,6032.6,133290
2021-06-24 09:34:57,6033.4,133293
2021-06-24 09:34:59,6031.7,133673
2021-06-24 09:34:59,6031.7,133702
2021-06-24 09:35:01,6035.95,133959
2021-06-24 09:35:01,6034.9,134014
2021-06-24 09:35:04,6035.75,134015
2021-06-24 09:35:05,6035.75,134015
2021-06-24 09:35:06,6033.65,134416
2021-06-24 09:35:07,6033.65,134416
2021-06-24 09:35:09,6035.75,134541
2021-06-24 09:35:09,6035.75,134541
2021-06-24 09:35:11,6035.0,134576
2021-06-24 09:35:12,6033.65,134579
2021-06-24 09:35:13,6033.65,134579
2021-06-24 09:35:14,6033.65,134581
2021-06-24 09:35:15,6033.65,134581
2021-06-24 09:35:16,6035.75,134727
2021-06-24 09:35:17,6035.95,134867
2021-06-24 09:35:19,6035.4,134874
2021-06-24 09:35:20,6033.0,134901
2021-06-24 09:35:21,6035.6,134917
2021-06-24 09:35:22,6035.6,134918
2021-06-24 09:35:23,6033.4,134953
2021-06-24 09:35:25,6035.9,135004
2021-06-24 09:35:26,6035.95,135007
2021-06-24 09:35:27,6035.5,135062
2021-06-24 09:35:28,6035.75,135075
2021-06-24 09:35:29,6035.95,135105
2021-06-24 09:35:30,6036.0,135108
2021-06-24 09:35:31,6033.55,135110
2021-06-24 09:35:32,6035.95,135114
2021-06-24 09:35:33,6035.8,135118
2021-06-24 09:35:34,6035.75,135126
2021-06-24 09:35:35,6035.75,135127
2021-06-24 09:35:36,6035.75,135153
2021-06-24 09:35:37,6035.75,135158
2021-06-24 09:35:38,6034.0,135169
2021-06-24 09:35:38,6034.0,135169
2021-06-24 09:35:39,6035.7,135174
2021-06-24 09:35:40,6035.7,135175
2021-06-24 09:35:42,6035.75,135178
2021-06-24 09:35:43,6033.4,135344
2021-06-24 09:35:44,6035.0,135421
2021-06-24 09:35:44,6035.0,135421
2021-06-24 09:35:45,6033.4,135443
2021-06-24 09:35:46,6035.0,135445
2021-06-24 09:35:47,6035.2,135532
2021-06-24 09:35:48,6033.4,135538
2021-06-24 09:35:50,6035.2,135539
2021-06-24 09:35:51,6035.0,135540
2021-06-24 09:35:52,6033.4,135542
2021-06-24 09:35:52,6035.0,135543
2021-06-24 09:35:53,6035.0,135624
2021-06-24 09:35:55,6035.0,135685
2021-06-24 09:35:56,6035.25,135686
2021-06-24 09:35:57,6033.5,135689
2021-06-24 09:35:59,6035.25,135690
2021-06-24 09:36:00,6035.0,135713
2021-06-24 09:36:01,6033.45,135721
2021-06-24 09:36:01,6033.45,135721
2021-06-24 09:36:02,6035.6,136161
2021-06-24 09:36:03,6035.65,136168
2021-06-24 09:36:04,6033.5,136329
2021-06-24 09:36:05,6035.7,136335
2021-06-24 09:36:06,6035.7,136367
2021-06-24 09:36:07,6035.7,136368
2021-06-24 09:36:09,6035.25,136371
2021-06-24 09:36:10,6035.25,136386
2021-06-24 09:36:11,6039.0,137090
2021-06-24 09:36:12,6039.0,137090
2021-06-24 09:36:13,6038.25,137138
2021-06-24 09:36:14,6038.25,137138
2021-06-24 09:36:15,6039.65,137149
2021-06-24 09:36:16,6040.0,137201
2021-06-24 09:36:17,6040.05,137623
2021-06-24 09:36:18,6040.05,137703
2021-06-24 09:36:19,6040.9,137717
2021-06-24 09:36:19,6040.9,137717
2021-06-24 09:36:20,6040.9,137717
2021-06-24 09:36:21,6041.05,137858
2021-06-24 09:36:22,6040.9,137887
2021-06-24 09:36:23,6040.25,137897
2021-06-24 09:36:25,6042.15,138213
2021-06-24 09:36:26,6042.9,138267
2021-06-24 09:36:27,6041.0,138393
2021-06-24 09:36:30,6043.3,138466
2021-06-24 09:36:31,6043.3,138476
2021-06-24 09:36:31,6039.65,138945
2021-06-24 09:36:32,6039.45,138946
2021-06-24 09:36:33,6039.3,138947
2021-06-24 09:36:34,6038.6,139087
2021-06-24 09:36:35,6038.65,139155
2021-06-24 09:36:36,6038.75,139192
2021-06-24 09:36:37,6038.75,139192
2021-06-24 09:36:38,6038.75,139192
2021-06-24 09:36:39,6038.2,139204
2021-06-24 09:36:40,6038.2,139204
2021-06-24 09:36:41,6038.2,139226
2021-06-24 09:36:43,6038.2,139226
2021-06-24 09:36:44,6038.2,139226
2021-06-24 09:36:45,6038.2,139226
2021-06-24 09:36:46,6038.2,139226
2021-06-24 09:36:47,6038.2,139226
2021-06-24 09:36:48,6038.05,139394
2021-06-24 09:36:49,6038.05,139394
2021-06-24 09:36:50,6040.4,139404
2021-06-24 09:36:51,6040.4,139404
2021-06-24 09:36:53,6040.6,139416
2021-06-24 09:36:55,6040.5,139516
2021-06-24 09:36:56,6040.35,139596
2021-06-24 09:36:57,6038.25,139597
2021-06-24 09:36:57,6038.25,139597
2021-06-24 09:36:58,6038.25,139600
2021-06-24 09:36:59,6038.25,139600
2021-06-24 09:37:01,6038.25,139624
2021-06-24 09:37:02,6040.35,139628
2021-06-24 09:37:03,6040.35,139628
2021-06-24 09:37:04,6040.35,139628
2021-06-24 09:37:05,6038.5,139634
2021-06-24 09:37:06,6038.5,139634
2021-06-24 09:37:08,6040.45,139639
2021-06-24 09:37:09,6040.45,139639
2021-06-24 09:37:10,6038.7,139649
2021-06-24 09:37:11,6040.35,139651
2021-06-24 09:37:12,6040.35,139701
2021-06-24 09:37:13,6040.35,139701
2021-06-24 09:37:14,6040.35,139701
2021-06-24 09:37:14,6040.35,139701
2021-06-24 09:37:15,6040.35,139701
2021-06-24 09:37:17,6040.35,139701
2021-06-24 09:37:18,6038.7,139776
2021-06-24 09:37:19,6038.6,139840
2021-06-24 09:37:20,6038.6,139910
2021-06-24 09:37:21,6038.6,139910
2021-06-24 09:37:22,6040.35,139959
2021-06-24 09:37:23,6041.0,139996
2021-06-24 09:37:24,6041.0,140010
2021-06-24 09:37:25,6041.0,140027
2021-06-24 09:37:26,6041.0,140027
2021-06-24 09:37:27,6040.6,140198
2021-06-24 09:37:28,6041.4,140393
2021-06-24 09:37:29,6041.4,140405
2021-06-24 09:37:30,6043.45,140416
2021-06-24 09:37:31,6044.0,140556
2021-06-24 09:37:32,6042.0,140696
2021-06-24 09:37:33,6044.0,140721
2021-06-24 09:37:34,6043.95,140741
2021-06-24 09:37:34,6043.95,140741
2021-06-24 09:37:35,6043.0,140830
2021-06-24 09:37:36,6041.5,140943
2021-06-24 09:37:37,6044.0,140944
2021-06-24 09:37:39,6044.0,141107
2021-06-24 09:37:40,6043.35,141111
2021-06-24 09:37:41,6043.35,141164
2021-06-24 09:37:43,6043.95,141222
2021-06-24 09:37:44,6043.95,141231
2021-06-24 09:37:45,6043.95,141236
2021-06-24 09:37:46,6043.35,141266
2021-06-24 09:37:47,6043.35,141300
2021-06-24 09:37:48,6043.95,141306
2021-06-24 09:37:49,6043.95,141306
2021-06-24 09:37:50,6043.95,141306
2021-06-24 09:37:51,6043.95,141306
2021-06-24 09:37:52,6043.35,141338
2021-06-24 09:37:53,6043.35,141365
2021-06-24 09:37:54,6043.95,141367
2021-06-24 09:37:55,6044.0,141391
2021-06-24 09:37:56,6044.0,141391
2021-06-24 09:37:57,6043.35,141392
2021-06-24 09:37:58,6043.35,141509
2021-06-24 09:38:00,6043.95,141525
2021-06-24 09:38:01,6044.0,141627
2021-06-24 09:38:01,6044.0,141625
2021-06-24 09:38:02,6044.0,141718
2021-06-24 09:38:04,6045.2,142997
2021-06-24 09:38:05,6045.0,143070
2021-06-24 09:38:06,6045.0,143090
2021-06-24 09:38:07,6045.0,143212
2021-06-24 09:38:08,6047.45,143297
2021-06-24 09:38:09,6046.9,143328
2021-06-24 09:38:10,6044.3,143463
2021-06-24 09:38:11,6046.9,143477
2021-06-24 09:38:12,6046.9,143485
2021-06-24 09:38:13,6045.85,143491
2021-06-24 09:38:14,6046.9,143501
2021-06-24 09:38:15,6046.8,143511
2021-06-24 09:38:16,6046.0,143523
2021-06-24 09:38:16,6046.0,143523
2021-06-24 09:38:18,6047.1,143543
2021-06-24 09:38:19,6047.95,143554
2021-06-24 09:38:20,6048.0,143627
2021-06-24 09:38:21,6048.0,143674
2021-06-24 09:38:22,6048.5,143774
2021-06-24 09:38:23,6047.95,143799
2021-06-24 09:38:24,6049.0,143869
2021-06-24 09:38:25,6047.95,143957
2021-06-24 09:38:26,6049.0,143962
2021-06-24 09:38:27,6049.0,143962
2021-06-24 09:38:29,6048.1,144145
2021-06-24 09:38:30,6049.05,144157
2021-06-24 09:38:31,6048.1,145255
2021-06-24 09:38:32,6050.0,145426
2021-06-24 09:38:33,6049.9,145438
2021-06-24 09:38:34,6048.0,145521
2021-06-24 09:38:35,6048.5,145534
2021-06-24 09:38:35,6048.5,145534
2021-06-24 09:38:36,6049.9,145541
2021-06-24 09:38:37,6050.0,145591
2021-06-24 09:38:38,6050.0,145591
2021-06-24 09:38:41,6048.0,145720
2021-06-24 09:38:42,6048.0,145720
2021-06-24 09:38:43,6048.0,145720
2021-06-24 09:38:44,6049.05,145750
2021-06-24 09:38:45,6049.0,145769
2021-06-24 09:38:47,6050.0,145818
2021-06-24 09:38:48,6049.05,145869
2021-06-24 09:38:49,6049.05,145869
2021-06-24 09:38:50,6050.0,145917
2021-06-24 09:38:51,6048.5,145921
2021-06-24 09:38:52,6049.9,145943
2021-06-24 09:38:53,6049.9,145958
2021-06-24 09:38:54,6049.8,145961
2021-06-24 09:38:54,6049.8,145961
2021-06-24 09:38:55,6048.1,148087
2021-06-24 09:38:56,6045.0,148659
2021-06-24 09:38:58,6046.3,148784
2021-06-24 09:38:59,6046.3,148784
2021-06-24 09:39:00,6046.3,148792
2021-06-24 09:39:01,6045.0,148867
2021-06-24 09:39:02,6046.85,148868
2021-06-24 09:39:03,6045.0,148886
2021-06-24 09:39:04,6047.1,148890
2021-06-24 09:39:05,6045.0,148964
2021-06-24 09:39:06,6047.0,149009
2021-06-24 09:39:07,6047.8,149135
2021-06-24 09:39:08,6047.8,149167
2021-06-24 09:39:09,6047.1,149168
2021-06-24 09:39:10,6046.0,149407
2021-06-24 09:39:11,6046.0,149407
2021-06-24 09:39:11,6046.0,149407
2021-06-24 09:39:13,6047.0,149425
2021-06-24 09:39:14,6046.0,149426
2021-06-24 09:39:15,6046.0,149460
2021-06-24 09:39:16,6045.0,149467
2021-06-24 09:39:16,6047.0,149468
2021-06-24 09:39:18,6047.0,149658
2021-06-24 09:39:19,6047.0,149733
2021-06-24 09:39:20,6047.0,149737
2021-06-24 09:39:21,6047.0,149746
2021-06-24 09:39:22,6045.0,149796
2021-06-24 09:39:24,6046.95,149800
2021-06-24 09:39:25,6046.95,149825
2021-06-24 09:39:26,6046.95,149830
2021-06-24 09:39:27,6046.95,149840
2021-06-24 09:39:28,6045.0,149921
2021-06-24 09:39:28,6045.0,149921
2021-06-24 09:39:30,6045.0,149934
2021-06-24 09:39:31,6046.95,149937
2021-06-24 09:39:32,6045.0,149939
2021-06-24 09:39:33,6045.0,149949
2021-06-24 09:39:34,6046.95,149959
2021-06-24 09:39:35,6046.95,149959
2021-06-24 09:39:36,6046.95,149959
2021-06-24 09:39:37,6046.95,149986
2021-06-24 09:39:38,6045.5,149987
2021-06-24 09:39:39,6045.5,150036
2021-06-24 09:39:39,6045.5,150036
2021-06-24 09:39:42,6046.85,150146
2021-06-24 09:39:43,6045.35,150478
2021-06-24 09:39:44,6048.65,150578
2021-06-24 09:39:45,6048.45,150583
2021-06-24 09:39:46,6048.45,150583
2021-06-24 09:39:47,6048.7,150646
2021-06-24 09:39:48,6048.0,150808
2021-06-24 09:39:48,6048.0,150808
2021-06-24 09:39:50,6048.0,150808
2021-06-24 09:39:51,6047.0,150833
2021-06-24 09:39:52,6047.0,150833
2021-06-24 09:39:54,6047.0,151000
2021-06-24 09:39:55,6049.4,151040
2021-06-24 09:39:56,6049.4,151066
2021-06-24 09:39:57,6048.0,151089
2021-06-24 09:39:58,6049.7,151123
2021-06-24 09:39:59,6049.25,151226
2021-06-24 09:40:00,6047.1,151254
2021-06-24 09:40:01,6047.15,151279
2021-06-24 09:40:02,6047.15,151281
2021-06-24 09:40:03,6047.1,151405
2021-06-24 09:40:04,6047.0,151433
2021-06-24 09:40:05,6047.0,151433
2021-06-24 09:40:06,6047.1,152126
2021-06-24 09:40:07,6047.0,152491
2021-06-24 09:40:08,6047.7,152566
2021-06-24 09:40:09,6050.0,152586
2021-06-24 09:40:10,6049.25,152658
2021-06-24 09:40:11,6050.0,152697
2021-06-24 09:40:12,6050.0,152697
2021-06-24 09:40:13,6049.7,152834
2021-06-24 09:40:14,6047.0,152939
2021-06-24 09:40:15,6047.1,153055
2021-06-24 09:40:16,6047.1,153071
2021-06-24 09:40:17,6049.5,153091
2021-06-24 09:40:18,6049.5,153091
2021-06-24 09:40:19,6049.45,153097
2021-06-24 09:40:20,6049.0,153133
2021-06-24 09:40:21,6050.0,153417
2021-06-24 09:40:22,6048.5,153463
2021-06-24 09:40:23,6050.0,153617
2021-06-24 09:40:24,6048.0,153647
2021-06-24 09:40:25,6049.45,153673
2021-06-24 09:40:26,6048.0,153711
2021-06-24 09:40:27,6049.55,153803
2021-06-24 09:40:28,6050.0,154003
2021-06-24 09:40:29,6050.0,154003
2021-06-24 09:40:31,6050.0,154115
2021-06-24 09:40:32,6048.0,154117
2021-06-24 09:40:33,6048.0,154117
2021-06-24 09:40:34,6050.0,154182
2021-06-24 09:40:35,6051.8,154719
2021-06-24 09:40:36,6051.65,155004
2021-06-24 09:40:37,6048.4,155005
2021-06-24 09:40:38,6048.4,155040
2021-06-24 09:40:39,6051.25,155090
2021-06-24 09:40:40,6051.25,155090
2021-06-24 09:40:41,6051.25,155090
2021-06-24 09:40:42,6051.5,155107
2021-06-24 09:40:43,6051.7,155164
2021-06-24 09:40:44,6051.7,155214
2021-06-24 09:40:45,6049.95,155236
2021-06-24 09:40:46,6051.9,155360
2021-06-24 09:40:47,6050.0,155385
2021-06-24 09:40:48,6050.0,155395
2021-06-24 09:40:49,6050.0,155395
2021-06-24 09:40:50,6051.7,155433
2021-06-24 09:40:51,6052.0,155542
2021-06-24 09:40:52,6052.15,156106
2021-06-24 09:40:53,6051.45,156116
2021-06-24 09:40:54,6050.0,156137
2021-06-24 09:40:55,6050.35,156192
2021-06-24 09:40:56,6053.15,156228
2021-06-24 09:40:57,6051.7,156264
2021-06-24 09:40:58,6051.7,156264
2021-06-24 09:40:59,6053.15,156270
2021-06-24 09:41:00,6053.15,156298
2021-06-24 09:41:01,6053.15,156336
2021-06-24 09:41:02,6053.15,156336
2021-06-24 09:41:03,6053.85,156407
2021-06-24 09:41:04,6052.0,156546
2021-06-24 09:41:05,6052.0,156547
2021-06-24 09:41:07,6051.7,156809
2021-06-24 09:41:08,6050.55,156825
2021-06-24 09:41:09,6054.0,158213
2021-06-24 09:41:10,6054.3,158233
2021-06-24 09:41:11,6054.0,158278
2021-06-24 09:41:12,6052.1,158503
2021-06-24 09:41:13,6055.0,158640
2021-06-24 09:41:15,6053.7,158748
2021-06-24 09:41:14,6053.7,158748
2021-06-24 09:41:16,6055.0,158760
2021-06-24 09:41:17,6055.0,158829
2021-06-24 09:41:18,6055.0,159145
2021-06-24 09:41:19,6055.0,159156
2021-06-24 09:41:20,6055.0,159163
2021-06-24 09:41:21,6055.0,159414
2021-06-24 09:41:22,6052.15,159449
2021-06-24 09:41:23,6055.0,159524
2021-06-24 09:41:24,6053.0,159587
2021-06-24 09:41:25,6053.0,159607
2021-06-24 09:41:26,6053.0,159630
2021-06-24 09:41:27,6053.0,159630
2021-06-24 09:41:28,6055.0,159735
2021-06-24 09:41:29,6055.0,159735
2021-06-24 09:41:30,6052.0,160156
2021-06-24 09:41:31,6052.0,160156
2021-06-24 09:41:33,6054.55,160177
2021-06-24 09:41:34,6054.55,160177
2021-06-24 09:41:35,6054.55,160178
2021-06-24 09:41:36,6054.6,160190
2021-06-24 09:41:37,6054.6,160190
2021-06-24 09:41:39,6054.6,160288
2021-06-24 09:41:40,6053.0,160313
2021-06-24 09:41:41,6053.0,160313
2021-06-24 09:41:42,6053.7,160390
2021-06-24 09:41:43,6053.75,160391
2021-06-24 09:41:44,6052.0,160404
2021-06-24 09:41:45,6052.0,160404
2021-06-24 09:41:46,6052.9,160590
2021-06-24 09:41:47,6054.35,160840
2021-06-24 09:41:48,6052.0,160935
2021-06-24 09:41:49,6053.0,160940
2021-06-24 09:41:50,6053.0,161426
2021-06-24 09:41:51,6053.0,161426
2021-06-24 09:41:52,6053.85,161474
2021-06-24 09:41:53,6053.75,161543
2021-06-24 09:41:54,6052.0,161561
2021-06-24 09:41:55,6052.0,161561
2021-06-24 09:41:56,6053.5,161631
2021-06-24 09:41:57,6053.5,161631
2021-06-24 09:41:58,6053.5,161631
2021-06-24 09:42:00,6051.0,161683
2021-06-24 09:42:01,6053.5,161694
2021-06-24 09:42:02,6053.5,161694
2021-06-24 09:42:03,6051.0,161704
2021-06-24 09:42:04,6051.0,161733
2021-06-24 09:42:05,6053.0,161799
2021-06-24 09:42:06,6053.0,161877
2021-06-24 09:42:07,6053.0,161877
2021-06-24 09:42:08,6050.55,161977
2021-06-24 09:42:09,6053.0,161987
2021-06-24 09:42:10,6050.7,162007
2021-06-24 09:42:11,6052.0,162008
2021-06-24 09:42:12,6053.0,162015
2021-06-24 09:42:13,6052.85,162048
2021-06-24 09:42:15,6052.85,162049
2021-06-24 09:42:15,6052.85,162049
2021-06-24 09:42:16,6052.85,162049
2021-06-24 09:42:17,6052.0,162067
2021-06-24 09:42:18,6052.0,162067
2021-06-24 09:42:20,6052.0,162126
2021-06-24 09:42:20,6052.0,162126
2021-06-24 09:42:21,6050.0,162234
2021-06-24 09:42:22,6050.0,162334
2021-06-24 09:42:23,6051.0,162430
2021-06-24 09:42:24,6050.0,162487
2021-06-24 09:42:25,6050.0,162487
2021-06-24 09:42:27,6050.0,162487
2021-06-24 09:42:28,6051.0,162488
2021-06-24 09:42:29,6051.0,162499
2021-06-24 09:42:29,6050.0,162498
2021-06-24 09:42:30,6050.0,162530
2021-06-24 09:42:31,6050.0,162530
2021-06-24 09:42:32,6050.0,162565
2021-06-24 09:42:34,6050.45,163376
2021-06-24 09:42:34,6050.45,163376
2021-06-24 09:42:35,6050.45,163376
2021-06-24 09:42:36,6050.05,163402
2021-06-24 09:42:38,6049.0,163538
2021-06-24 09:42:40,6049.0,163552
2021-06-24 09:42:40,6049.0,163552
2021-06-24 09:42:41,6050.0,163577
2021-06-24 09:42:42,6050.0,163577
2021-06-24 09:42:43,6049.55,163628
2021-06-24 09:42:44,6048.1,163643
2021-06-24 09:42:45,6049.75,163653
2021-06-24 09:42:46,6048.9,163855
2021-06-24 09:42:48,6047.05,164174
2021-06-24 09:42:49,6045.0,164354
2021-06-24 09:42:51,6045.0,164423
2021-06-24 09:42:51,6045.0,164423
2021-06-24 09:42:52,6045.0,164519
2021-06-24 09:42:53,6046.95,164582
2021-06-24 09:42:54,6045.0,164595
2021-06-24 09:42:55,6045.0,164612
2021-06-24 09:42:56,6045.0,164728
2021-06-24 09:42:57,6045.0,164728
2021-06-24 09:42:58,6045.0,164729
2021-06-24 09:43:00,6045.0,164890
2021-06-24 09:43:00,6045.0,164890
2021-06-24 09:43:01,6045.0,165009
2021-06-24 09:43:02,6045.55,165110
2021-06-24 09:43:03,6045.55,165110
2021-06-24 09:43:04,6045.0,165359
2021-06-24 09:43:05,6045.0,165391
2021-06-24 09:43:08,6045.0,165561
2021-06-24 09:43:08,6045.0,165561
2021-06-24 09:43:09,6045.0,165566
2021-06-24 09:43:10,6047.0,165676
2021-06-24 09:43:11,6047.0,165677
2021-06-24 09:43:12,6047.7,165879
2021-06-24 09:43:13,6045.45,165880
2021-06-24 09:43:14,6046.0,165910
2021-06-24 09:43:16,6046.3,166063
2021-06-24 09:43:17,6046.3,166063
2021-06-24 09:43:18,6048.4,166094
2021-06-24 09:43:19,6046.1,166114
2021-06-24 09:43:21,6048.4,166124
2021-06-24 09:43:22,6046.4,166156
2021-06-24 09:43:22,6046.4,166156
2021-06-24 09:43:23,6046.4,166156
2021-06-24 09:43:24,6046.2,166624
2021-06-24 09:43:26,6048.8,166639
2021-06-24 09:43:26,6048.8,166639
2021-06-24 09:43:27,6048.8,166639
2021-06-24 09:43:28,6048.4,166643
2021-06-24 09:43:29,6048.4,166645
2021-06-24 09:43:30,6046.7,166773
2021-06-24 09:43:31,6046.7,166773
2021-06-24 09:43:33,6046.7,166783
2021-06-24 09:43:33,6046.7,166783
2021-06-24 09:43:35,6048.0,166785
2021-06-24 09:43:36,6046.8,166867
2021-06-24 09:43:37,6046.7,166932
2021-06-24 09:43:40,6048.4,166971
2021-06-24 09:43:41,6048.5,166991
2021-06-24 09:43:42,6048.5,166991
2021-06-24 09:43:44,6048.0,166996
2021-06-24 09:43:45,6046.85,167011
2021-06-24 09:43:46,6048.0,167066
2021-06-24 09:43:47,6049.8,167366
2021-06-24 09:43:48,6048.0,167382
2021-06-24 09:43:49,6046.65,167441
2021-06-24 09:43:50,6048.0,167445
2021-06-24 09:43:51,6049.8,167468
2021-06-24 09:43:53,6047.4,167496
2021-06-24 09:43:53,6047.4,167496
2021-06-24 09:43:54,6047.4,167496
2021-06-24 09:43:55,6048.0,167522
2021-06-24 09:43:56,6048.0,167527
2021-06-24 09:43:57,6047.4,167555
2021-06-24 09:43:58,6047.4,167555
2021-06-24 09:44:00,6047.4,167565
2021-06-24 09:44:00,6047.4,167565
2021-06-24 09:44:01,6047.0,167630
2021-06-24 09:44:02,6046.3,167806
2021-06-24 09:44:03,6046.3,167806
2021-06-24 09:44:04,6046.3,167806
2021-06-24 09:44:05,6046.3,167806
2021-06-24 09:44:06,6046.3,167806
2021-06-24 09:44:07,6048.9,167858
2021-06-24 09:44:08,6047.1,167871
2021-06-24 09:44:09,6047.1,167871
2021-06-24 09:44:10,6048.9,167877
2021-06-24 09:44:11,6047.1,167882
2021-06-24 09:44:13,6049.75,167887
2021-06-24 09:44:13,6049.75,167887
2021-06-24 09:44:14,6049.8,167894
2021-06-24 09:44:15,6049.8,167894
2021-06-24 09:44:16,6049.95,167905
2021-06-24 09:44:17,6049.95,167905
2021-06-24 09:44:19,6047.3,167910
2021-06-24 09:44:20,6047.3,167910
2021-06-24 09:44:20,6047.3,167910
2021-06-24 09:44:21,6048.05,167921
2021-06-24 09:44:22,6050.0,167922
2021-06-24 09:44:23,6047.4,167978
2021-06-24 09:44:25,6048.3,167996
2021-06-24 09:44:26,6048.3,168002
2021-06-24 09:44:26,6048.3,168002
2021-06-24 09:44:28,6048.3,168002
2021-06-24 09:44:29,6050.0,168007
2021-06-24 09:44:30,6050.0,168007
2021-06-24 09:44:31,6048.0,168107
2021-06-24 09:44:32,6047.15,168209
2021-06-24 09:44:33,6049.95,168230
2021-06-24 09:44:35,6049.95,168230
2021-06-24 09:44:36,6049.8,168260
2021-06-24 09:44:37,6048.0,168300
2021-06-24 09:44:38,6048.0,168300
2021-06-24 09:44:39,6049.95,168301
2021-06-24 09:44:40,6049.95,168301
2021-06-24 09:44:41,6050.0,168339
2021-06-24 09:44:42,6049.5,168340
2021-06-24 09:44:43,6049.5,168340
2021-06-24 09:44:44,6049.9,168343
2021-06-24 09:44:44,6049.9,168343
2021-06-24 09:44:45,6049.9,168343
2021-06-24 09:44:46,6049.9,168343
2021-06-24 09:44:47,6049.9,168344
2021-06-24 09:44:49,6049.9,168350
2021-06-24 09:44:50,6048.1,168352
2021-06-24 09:44:50,6048.1,168352
2021-06-24 09:44:51,6048.1,168352
2021-06-24 09:44:52,6048.1,168352
2021-06-24 09:44:54,6049.9,168365
2021-06-24 09:44:55,6048.25,168375
2021-06-24 09:44:56,6048.25,168375
2021-06-24 09:44:57,6048.3,168385
2021-06-24 09:44:58,6048.1,168460
2021-06-24 09:45:00,6049.9,168465
2021-06-24 09:45:01,6049.9,168484
2021-06-24 09:45:02,6048.4,168505
2021-06-24 09:45:02,6048.4,168505
2021-06-24 09:45:03,6049.9,168690
2021-06-24 09:45:04,6049.9,168690
2021-06-24 09:45:05,6051.0,169028
2021-06-24 09:45:07,6050.65,169087
2021-06-24 09:45:08,6050.65,169087
2021-06-24 09:45:09,6050.5,169092
2021-06-24 09:45:09,6050.5,169092
2021-06-24 09:45:10,6052.0,169102
2021-06-24 09:45:11,6052.0,169102
2021-06-24 09:45:12,6052.0,169104
2021-06-24 09:45:13,6052.5,169154
2021-06-24 09:45:15,6050.5,169164
2021-06-24 09:45:16,6052.5,169165
2021-06-24 09:45:17,6052.5,169165
2021-06-24 09:45:17,6052.5,169165
2021-06-24 09:45:18,6052.5,169185
2021-06-24 09:45:19,6053.0,169215
2021-06-24 09:45:20,6053.0,169215
2021-06-24 09:45:21,6053.2,169299
2021-06-24 09:45:23,6055.0,169550
2021-06-24 09:45:24,6052.25,169603
2021-06-24 09:45:25,6055.0,169610
2021-06-24 09:45:26,6055.0,169620
2021-06-24 09:45:27,6055.0,169684
2021-06-24 09:45:27,6055.0,169684
2021-06-24 09:45:28,6053.25,169716
2021-06-24 09:45:29,6055.0,170203
2021-06-24 09:45:31,6056.75,172285
2021-06-24 09:45:32,6058.0,172308
2021-06-24 09:45:33,6058.0,172500
2021-06-24 09:45:34,6055.95,172660
2021-06-24 09:45:35,6056.75,172712
2021-06-24 09:45:36,6058.0,172822
2021-06-24 09:45:36,6058.0,172812
2021-06-24 09:45:37,6058.2,172888
2021-06-24 09:45:38,6058.2,172890
2021-06-24 09:45:39,6058.0,172911
2021-06-24 09:45:41,6058.0,172911
2021-06-24 09:45:42,6056.35,172936
2021-06-24 09:45:43,6058.0,173028
2021-06-24 09:45:44,6056.0,173133
2021-06-24 09:45:45,6058.0,173206
2021-06-24 09:45:47,6058.0,173247
2021-06-24 09:45:48,6056.35,173381
2021-06-24 09:45:49,6051.55,174382
2021-06-24 09:45:50,6055.0,174408
2021-06-24 09:45:50,6055.0,174408
2021-06-24 09:45:51,6050.75,174419
2021-06-24 09:45:52,6054.05,174517
2021-06-24 09:45:53,6054.95,174526
2021-06-24 09:45:54,6055.1,174580
2021-06-24 09:45:55,6055.1,174585
2021-06-24 09:45:56,6055.1,174587
2021-06-24 09:45:58,6053.8,174762
2021-06-24 09:45:59,6054.05,174794
2021-06-24 09:46:00,6053.7,174814
2021-06-24 09:46:00,6053.95,174864
2021-06-24 09:46:01,6053.95,174864
2021-06-24 09:46:02,6053.95,174864
2021-06-24 09:46:03,6054.95,174874
2021-06-24 09:46:05,6051.65,174880
2021-06-24 09:46:06,6054.55,174931
2021-06-24 09:46:06,6054.55,174931
2021-06-24 09:46:07,6054.35,174932
2021-06-24 09:46:08,6054.6,174982
2021-06-24 09:46:09,6054.6,174982
2021-06-24 09:46:10,6054.6,174982
2021-06-24 09:46:11,6054.35,174992
2021-06-24 09:46:13,6052.5,175068
2021-06-24 09:46:14,6052.5,175073
2021-06-24 09:46:14,6052.5,175073
2021-06-24 09:46:15,6055.0,175095
2021-06-24 09:46:16,6054.9,175103
2021-06-24 09:46:17,6052.6,175105
2021-06-24 09:46:19,6054.9,175195
2021-06-24 09:46:20,6054.9,175198
2021-06-24 09:46:22,6054.9,175302
2021-06-24 09:46:21,6054.85,175219
2021-06-24 09:46:23,6055.0,175315
2021-06-24 09:46:23,6055.0,175315
2021-06-24 09:46:24,6055.0,175430
2021-06-24 09:46:26,6055.0,175430
2021-06-24 09:46:27,6055.0,175445
2021-06-24 09:46:28,6055.0,175450
2021-06-24 09:46:29,6055.0,175550
2021-06-24 09:46:30,6055.0,175550
2021-06-24 09:46:31,6054.5,176128
2021-06-24 09:46:33,6052.0,176133
2021-06-24 09:46:34,6053.1,176141
2021-06-24 09:46:35,6051.65,176430
2021-06-24 09:46:35,6051.65,176430
2021-06-24 09:46:36,6053.35,176512
2021-06-24 09:46:38,6053.35,176512
2021-06-24 09:46:39,6053.35,176512
2021-06-24 09:46:40,6053.4,176513
2021-06-24 09:46:41,6053.4,176513
2021-06-24 09:46:42,6051.65,176563
2021-06-24 09:46:42,6053.1,176613
2021-06-24 09:46:43,6053.1,176634
2021-06-24 09:46:45,6053.4,176680
2021-06-24 09:46:46,6051.0,176685
2021-06-24 09:46:47,6051.0,176685
2021-06-24 09:46:48,6051.65,176720
2021-06-24 09:46:48,6051.65,176720
2021-06-24 09:46:49,6051.0,176760
2021-06-24 09:46:51,6051.0,176786
2021-06-24 09:46:52,6051.0,176786
2021-06-24 09:46:53,6051.0,176796
2021-06-24 09:46:54,6051.0,176806
2021-06-24 09:46:55,6047.0,180652
2021-06-24 09:46:56,6048.95,180768
2021-06-24 09:46:57,6046.7,180890
2021-06-24 09:46:58,6046.7,180903
2021-06-24 09:46:59,6046.0,180978
2021-06-24 09:47:00,6047.0,180991
2021-06-24 09:47:01,6047.0,181034
2021-06-24 09:47:02,6046.85,181036
2021-06-24 09:47:03,6046.0,181037
2021-06-24 09:47:04,6046.85,181047
2021-06-24 09:47:05,6046.0,181167
2021-06-24 09:47:07,6046.0,181177
2021-06-24 09:47:08,6045.0,181224
2021-06-24 09:47:09,6046.0,181265
2021-06-24 09:47:12,6046.0,181553
2021-06-24 09:47:13,6046.0,181561
2021-06-24 09:47:14,6045.0,181641
2021-06-24 09:47:15,6045.0,181641
2021-06-24 09:47:16,6043.6,182066
2021-06-24 09:47:17,6043.2,182071
2021-06-24 09:47:18,6042.85,182108
2021-06-24 09:47:19,6042.85,182109
2021-06-24 09:47:19,6042.85,182109
2021-06-24 09:47:20,6042.85,182134
2021-06-24 09:47:22,6042.9,182170
2021-06-24 09:47:23,6044.75,182173
2021-06-24 09:47:24,6044.3,182208
2021-06-24 09:47:25,6044.05,182258
2021-06-24 09:47:26,6043.65,182358
2021-06-24 09:47:27,6043.75,182373
2021-06-24 09:47:28,6043.95,182374
2021-06-24 09:47:29,6044.0,182396
2021-06-24 09:47:30,6044.0,182396
2021-06-24 09:47:31,6044.0,182426
2021-06-24 09:47:33,6043.75,182436
2021-06-24 09:47:34,6043.75,182521
2021-06-24 09:47:35,6043.75,182521
2021-06-24 09:47:36,6044.0,182522
2021-06-24 09:47:38,6044.0,182522
2021-06-24 09:47:39,6045.0,182532
2021-06-24 09:47:40,6043.1,182533
2021-06-24 09:47:41,6044.0,182544
2021-06-24 09:47:42,6043.2,182550
2021-06-24 09:47:44,6044.0,182602
2021-06-24 09:47:45,6044.0,182687
2021-06-24 09:47:46,6044.0,182687
2021-06-24 09:47:48,6044.05,182695
2021-06-24 09:47:49,6044.1,182707
2021-06-24 09:47:50,6046.0,182812
2021-06-24 09:47:51,6046.0,182812
2021-06-24 09:47:52,6049.0,183385
2021-06-24 09:47:53,6049.45,183455
2021-06-24 09:47:53,6049.55,183435
2021-06-24 09:47:54,6049.45,183460
2021-06-24 09:47:55,6049.45,183460
2021-06-24 09:47:56,6050.0,183471
2021-06-24 09:47:57,6049.3,183595
2021-06-24 09:47:58,6049.0,183597
2021-06-24 09:47:59,6053.0,184107
2021-06-24 09:48:01,6054.7,184356
2021-06-24 09:48:02,6052.2,184358
2021-06-24 09:48:03,6052.2,184358
2021-06-24 09:48:04,6054.65,184368
2021-06-24 09:48:05,6052.2,184384
2021-06-24 09:48:05,6052.2,184384
2021-06-24 09:48:06,6052.2,184384
2021-06-24 09:48:07,6052.3,184385
2021-06-24 09:48:08,6054.65,184435
2021-06-24 09:48:10,6054.65,184435
2021-06-24 09:48:11,6053.0,184455
2021-06-24 09:48:12,6054.6,184459
2021-06-24 09:48:13,6054.6,184460
2021-06-24 09:48:13,6054.6,184460
2021-06-24 09:48:14,6054.6,184460
2021-06-24 09:48:15,6054.4,184482
2021-06-24 09:48:16,6054.65,184486
2021-06-24 09:48:18,6054.5,184491
2021-06-24 09:48:19,6054.5,184491
2021-06-24 09:48:21,6054.5,184501
2021-06-24 09:48:22,6054.5,184501
2021-06-24 09:48:23,6054.0,184553
2021-06-24 09:48:24,6054.0,184553
2021-06-24 09:48:25,6052.0,184678
2021-06-24 09:48:26,6052.4,184679
2021-06-24 09:48:27,6052.4,184689
2021-06-24 09:48:28,6052.25,184693
2021-06-24 09:48:29,6052.25,184705
2021-06-24 09:48:30,6052.2,184725
2021-06-24 09:48:31,6051.9,184815
2021-06-24 09:48:32,6051.25,185068
2021-06-24 09:48:33,6053.2,185077
2021-06-24 09:48:34,6053.2,185077
2021-06-24 09:48:35,6053.95,185087
2021-06-24 09:48:36,6053.95,185125
2021-06-24 09:48:37,6053.95,185125
2021-06-24 09:48:38,6053.95,185299
2021-06-24 09:48:39,6054.0,185613
2021-06-24 09:48:39,6053.95,185614
2021-06-24 09:48:40,6053.95,185633
2021-06-24 09:48:41,6053.95,185665
2021-06-24 09:48:42,6053.95,185665
2021-06-24 09:48:44,6054.0,185670
2021-06-24 09:48:45,6054.0,185670
2021-06-24 09:48:46,6054.0,185720
2021-06-24 09:48:47,6053.95,185732
2021-06-24 09:48:48,6053.95,185732
2021-06-24 09:48:49,6054.0,185733
2021-06-24 09:48:50,6054.0,185733
2021-06-24 09:48:51,6054.0,185737
2021-06-24 09:48:53,6053.95,185961
2021-06-24 09:48:54,6052.05,186066
2021-06-24 09:48:55,6052.05,186076
2021-06-24 09:48:55,6054.0,186086
2021-06-24 09:48:56,6054.0,186086
2021-06-24 09:48:58,6054.0,186086
2021-06-24 09:48:59,6054.0,186086
2021-06-24 09:49:00,6054.0,186086
2021-06-24 09:49:01,6054.0,186121
2021-06-24 09:49:02,6053.9,186131
2021-06-24 09:49:03,6053.9,186136
2021-06-24 09:49:04,6053.9,186136
2021-06-24 09:49:05,6053.9,186151
2021-06-24 09:49:06,6054.0,186169
2021-06-24 09:49:09,6052.15,186202
2021-06-24 09:49:10,6053.9,186217
2021-06-24 09:49:11,6053.9,186217
2021-06-24 09:49:12,6052.0,186439
2021-06-24 09:49:13,6053.9,186489
2021-06-24 09:49:13,6053.9,186489
2021-06-24 09:49:14,6053.9,186490
2021-06-24 09:49:16,6051.95,186520
2021-06-24 09:49:17,6053.9,186749
2021-06-24 09:49:17,6051.95,186754
2021-06-24 09:49:18,6051.95,186754
2021-06-24 09:49:20,6053.9,186760
2021-06-24 09:49:21,6053.9,186760
2021-06-24 09:49:22,6053.9,186760
2021-06-24 09:49:23,6053.0,186766
2021-06-24 09:49:24,6053.0,186768
2021-06-24 09:49:25,6052.6,186778
2021-06-24 09:49:25,6053.9,186806
2021-06-24 09:49:26,6053.9,186806
2021-06-24 09:49:28,6053.95,186816
2021-06-24 09:49:29,6053.95,186816
2021-06-24 09:49:30,6052.2,186818
2021-06-24 09:49:31,6052.2,186818
2021-06-24 09:49:32,6053.0,186960
2021-06-24 09:49:33,6053.95,187015
2021-06-24 09:49:34,6054.75,187474
2021-06-24 09:49:36,6052.9,187479
2021-06-24 09:49:37,6052.9,187479
2021-06-24 09:49:38,6055.15,188255
2021-06-24 09:49:39,6055.15,188255
2021-06-24 09:49:40,6055.2,188257
2021-06-24 09:49:41,6054.35,188454
2021-06-24 09:49:41,6054.35,188454
2021-06-24 09:49:42,6056.75,188464
2021-06-24 09:49:43,6054.35,188465
2021-06-24 09:49:45,6054.35,188489
2021-06-24 09:49:46,6056.75,188523
2021-06-24 09:49:47,6056.95,188526
2021-06-24 09:49:48,6057.0,188744
2021-06-24 09:49:49,6056.75,188764
2021-06-24 09:49:50,6056.7,188806
2021-06-24 09:49:50,6056.7,188806
2021-06-24 09:49:51,6056.7,188806
2021-06-24 09:49:53,6057.0,188881
2021-06-24 09:49:54,6057.75,189034
2021-06-24 09:49:54,6060.05,194469
2021-06-24 09:49:55,6060.05,195687
2021-06-24 09:49:56,6061.55,195858
2021-06-24 09:49:58,6061.45,195999
2021-06-24 09:49:59,6060.0,196206
2021-06-24 09:50:00,6062.2,196282
2021-06-24 09:50:01,6061.9,196285
2021-06-24 09:50:02,6055.4,196764
2021-06-24 09:50:02,6055.4,196764
2021-06-24 09:50:03,6059.55,196873
2021-06-24 09:50:04,6060.05,196893
2021-06-24 09:50:05,6060.85,196898
2021-06-24 09:50:07,6058.0,197053
2021-06-24 09:50:08,6061.4,198347
2021-06-24 09:50:10,6056.8,198678
2021-06-24 09:50:11,6058.45,198688
2021-06-24 09:50:12,6060.0,198691
2021-06-24 09:50:13,6060.0,198708
2021-06-24 09:50:14,6061.0,198758
2021-06-24 09:50:14,6060.0,198759
2021-06-24 09:50:15,6060.0,198760
2021-06-24 09:50:17,6060.0,198760
2021-06-24 09:50:18,6060.0,198861
2021-06-24 09:50:19,6059.55,198938
2021-06-24 09:50:20,6059.55,199194
2021-06-24 09:50:20,6059.55,199194
2021-06-24 09:50:22,6058.5,199226
2021-06-24 09:50:24,6058.65,199316
2021-06-24 09:50:25,6058.65,199323
2021-06-24 09:50:25,6058.65,199353
2021-06-24 09:50:26,6057.1,199362
2021-06-24 09:50:28,6058.45,199463
2021-06-24 09:50:29,6057.05,199521
2021-06-24 09:50:31,6060.0,199695
2021-06-24 09:50:32,6058.1,199746
2021-06-24 09:50:33,6058.1,199746
2021-06-24 09:50:34,6058.95,199762
2021-06-24 09:50:35,6058.95,199762
2021-06-24 09:50:36,6060.0,199777
2021-06-24 09:50:37,6058.5,200104
2021-06-24 09:50:38,6060.0,200107
2021-06-24 09:50:39,6060.0,200107
2021-06-24 09:50:40,6060.05,200278
2021-06-24 09:50:41,6060.0,200349
2021-06-24 09:50:42,6063.0,201108
2021-06-24 09:50:43,6064.95,201241
2021-06-24 09:50:44,6065.0,201333
2021-06-24 09:50:45,6065.0,201335
2021-06-24 09:50:46,6065.0,201542
2021-06-24 09:50:47,6065.0,201587
2021-06-24 09:50:48,6065.0,201714
2021-06-24 09:50:49,6065.0,201716
2021-06-24 09:50:50,6065.0,201738
2021-06-24 09:50:51,6065.0,202083
2021-06-24 09:50:52,6064.95,202109
2021-06-24 09:50:53,6064.25,202139
2021-06-24 09:50:54,6064.95,202234
2021-06-24 09:50:55,6064.0,202244
2021-06-24 09:50:56,6065.0,202365
2021-06-24 09:50:57,6064.1,202470
2021-06-24 09:50:58,6064.15,202477
2021-06-24 09:50:59,6066.0,203047
2021-06-24 09:51:00,6066.35,203078
2021-06-24 09:51:01,6066.8,203088
2021-06-24 09:51:02,6064.3,203106
2021-06-24 09:51:03,6064.3,203106
2021-06-24 09:51:04,6064.35,203127
2021-06-24 09:51:05,6065.0,203140
2021-06-24 09:51:06,6065.0,203225
2021-06-24 09:51:07,6064.35,203260
2021-06-24 09:51:08,6065.5,203361
2021-06-24 09:51:09,6063.1,203669
2021-06-24 09:51:10,6063.1,203669
2021-06-24 09:51:11,6064.35,203704
2021-06-24 09:51:12,6063.0,203736
2021-06-24 09:51:13,6061.65,203903
2021-06-24 09:51:14,6059.95,204963
2021-06-24 09:51:15,6058.1,204973
2021-06-24 09:51:16,6059.5,204994
2021-06-24 09:51:17,6058.0,205005
2021-06-24 09:51:18,6058.0,205028
2021-06-24 09:51:19,6058.0,205120
2021-06-24 09:51:20,6060.0,205122
2021-06-24 09:51:22,6060.0,205335
2021-06-24 09:51:21,6060.0,205335
2021-06-24 09:51:23,6060.0,205335
2021-06-24 09:51:24,6059.0,205355
2021-06-24 09:51:25,6059.0,205626
2021-06-24 09:51:26,6058.0,205650
2021-06-24 09:51:27,6058.05,206234
2021-06-24 09:51:29,6056.45,206347
2021-06-24 09:51:31,6056.0,206507
2021-06-24 09:51:32,6056.0,206515
2021-06-24 09:51:33,6058.2,206635
2021-06-24 09:51:34,6058.0,206672
2021-06-24 09:51:35,6058.0,206672
2021-06-24 09:51:36,6058.0,206672
2021-06-24 09:51:37,6056.0,206749
2021-06-24 09:51:38,6056.05,206751
2021-06-24 09:51:39,6059.25,206777
2021-06-24 09:51:40,6056.0,206979
2021-06-24 09:51:41,6058.55,207437
2021-06-24 09:51:42,6058.7,207453
2021-06-24 09:51:43,6058.7,207454
2021-06-24 09:51:44,6058.0,207461
2021-06-24 09:51:45,6058.0,207540
2021-06-24 09:51:46,6058.2,207551
2021-06-24 09:51:47,6058.0,207560
2021-06-24 09:51:48,6058.6,207572
2021-06-24 09:51:49,6058.5,207581
2021-06-24 09:51:50,6062.0,208362
2021-06-24 09:51:51,6060.6,208380
2021-06-24 09:51:52,6060.55,208386
2021-06-24 09:51:53,6062.0,208389
2021-06-24 09:51:54,6060.75,208390
2021-06-24 09:51:56,6060.75,208401
2021-06-24 09:51:57,6062.0,208402
2021-06-24 09:51:58,6061.85,208532
2021-06-24 09:51:59,6064.35,208560
2021-06-24 09:52:00,6064.9,208678
2021-06-24 09:52:01,6064.9,208678
2021-06-24 09:52:02,6063.15,208704
2021-06-24 09:52:03,6063.6,208731
2021-06-24 09:52:04,6063.7,208846
2021-06-24 09:52:05,6065.0,208861
2021-06-24 09:52:06,6065.0,208871
2021-06-24 09:52:07,6067.0,209749
2021-06-24 09:52:08,6066.0,210422
2021-06-24 09:52:09,6065.0,210612
2021-06-24 09:52:10,6067.05,210642
2021-06-24 09:52:11,6066.75,210657
2021-06-24 09:52:12,6066.75,210657
2021-06-24 09:52:13,6067.0,210889
2021-06-24 09:52:14,6066.9,211058
2021-06-24 09:52:15,6065.7,211150
2021-06-24 09:52:16,6067.0,211464
2021-06-24 09:52:17,6065.15,211681
2021-06-24 09:52:18,6067.0,211752
2021-06-24 09:52:19,6065.15,211801
2021-06-24 09:52:20,6065.05,211890
2021-06-24 09:52:22,6066.75,212039
2021-06-24 09:52:21,6066.75,212038
2021-06-24 09:52:23,6066.75,212298
2021-06-24 09:52:24,6066.8,212364
2021-06-24 09:52:25,6066.75,212386
2021-06-24 09:52:26,6066.65,212454
2021-06-24 09:52:27,6066.2,212480
2021-06-24 09:52:28,6064.7,212869
2021-06-24 09:52:29,6064.5,212896
2021-06-24 09:52:30,6065.3,212930
2021-06-24 09:52:31,6062.15,213080
2021-06-24 09:52:32,6062.15,213093
2021-06-24 09:52:33,6062.15,213108
2021-06-24 09:52:34,6064.9,213147
2021-06-24 09:52:35,6064.9,213147
2021-06-24 09:52:36,6064.75,213155
2021-06-24 09:52:37,6064.75,213421
2021-06-24 09:52:38,6062.4,213479
2021-06-24 09:52:39,6066.0,213549
2021-06-24 09:52:40,6063.75,213556
2021-06-24 09:52:41,6062.85,213934
2021-06-24 09:52:43,6064.75,213964
2021-06-24 09:52:43,6062.75,213962
2021-06-24 09:52:44,6062.3,214030
2021-06-24 09:52:45,6062.65,214108
2021-06-24 09:52:46,6065.35,214145
2021-06-24 09:52:47,6064.0,214195
2021-06-24 09:52:49,6064.1,214531
2021-06-24 09:52:49,6065.0,214539
2021-06-24 09:52:50,6064.45,214580
2021-06-24 09:52:51,6064.45,214598
2021-06-24 09:52:52,6063.95,214760
2021-06-24 09:52:53,6063.95,214768
2021-06-24 09:52:54,6066.0,214791
2021-06-24 09:52:56,6065.75,214999
2021-06-24 09:52:56,6065.75,214999
2021-06-24 09:52:57,6066.0,215347
2021-06-24 09:52:58,6066.0,215406
2021-06-24 09:52:59,6066.7,215532
2021-06-24 09:53:00,6066.0,216548
2021-06-24 09:53:02,6066.0,216573
2021-06-24 09:53:02,6066.0,216573
2021-06-24 09:53:03,6066.0,216632
2021-06-24 09:53:04,6067.45,216708
2021-06-24 09:53:05,6068.0,216763
2021-06-24 09:53:07,6066.0,216837
2021-06-24 09:53:08,6066.05,216847
2021-06-24 09:53:09,6068.0,216914
2021-06-24 09:53:10,6066.75,217054
2021-06-24 09:53:11,6068.0,217090
2021-06-24 09:53:12,6068.0,217100
2021-06-24 09:53:14,6066.75,217328
2021-06-24 09:53:15,6066.85,217333
2021-06-24 09:53:16,6066.9,217488
2021-06-24 09:53:17,6068.7,217503
2021-06-24 09:53:18,6068.7,217503
2021-06-24 09:53:19,6066.75,217508
2021-06-24 09:53:22,6068.0,217585
2021-06-24 09:53:23,6066.05,217725
2021-06-24 09:53:24,6068.7,217736
2021-06-24 09:53:24,6068.7,217736
2021-06-24 09:53:25,6070.0,218243
2021-06-24 09:53:26,6069.35,218303
2021-06-24 09:53:27,6068.4,218427
2021-06-24 09:53:28,6066.0,218529
2021-06-24 09:53:29,6067.9,218563
2021-06-24 09:53:30,6066.0,218573
2021-06-24 09:53:31,6068.35,218614
2021-06-24 09:53:33,6065.5,218660
2021-06-24 09:53:34,6066.8,218720
2021-06-24 09:53:35,6066.8,218720
2021-06-24 09:53:37,6065.45,218840
2021-06-24 09:53:38,6069.0,219040
2021-06-24 09:53:40,6066.3,219056
2021-06-24 09:53:40,6066.3,219056
2021-06-24 09:53:41,6069.3,219118
2021-06-24 09:53:42,6069.35,219147
2021-06-24 09:53:43,6066.9,219151
2021-06-24 09:53:44,6066.9,219153
2021-06-24 09:53:46,6066.9,219153
2021-06-24 09:53:46,6068.4,219621
2021-06-24 09:53:47,6067.75,219711
2021-06-24 09:53:48,6067.35,219751
2021-06-24 09:53:49,6064.75,220037
2021-06-24 09:53:50,6065.0,220038
2021-06-24 09:53:51,6066.15,220088
2021-06-24 09:53:53,6066.2,220141
2021-06-24 09:53:53,6066.2,220141
2021-06-24 09:53:54,6064.0,220209
2021-06-24 09:53:55,6065.15,220220
2021-06-24 09:53:56,6066.55,220365
2021-06-24 09:53:57,6064.45,220367
2021-06-24 09:53:58,6064.6,220464
2021-06-24 09:54:00,6068.55,220612
2021-06-24 09:54:02,6066.2,220613
2021-06-24 09:54:02,6066.2,220613
2021-06-24 09:54:03,6067.55,220614
2021-06-24 09:54:05,6068.85,220716
2021-06-24 09:54:06,6070.0,221067
2021-06-24 09:54:07,6068.0,221122
2021-06-24 09:54:08,6068.0,221124
2021-06-24 09:54:09,6068.55,221135
2021-06-24 09:54:11,6066.0,221222
2021-06-24 09:54:13,6067.45,221265
2021-06-24 09:54:14,6068.55,221365
2021-06-24 09:54:15,6065.4,221387
2021-06-24 09:54:16,6067.4,221557
2021-06-24 09:54:16,6067.4,221557
2021-06-24 09:54:17,6070.05,224067
2021-06-24 09:54:18,6069.75,224094
2021-06-24 09:54:19,6067.1,225124
2021-06-24 09:54:20,6067.3,225220
2021-06-24 09:54:21,6069.6,225408
2021-06-24 09:54:22,6068.2,226663
2021-06-24 09:54:24,6068.55,226875
2021-06-24 09:54:24,6068.55,226875
2021-06-24 09:54:25,6068.55,226875
2021-06-24 09:54:26,6070.0,226903
2021-06-24 09:54:27,6070.55,226943
2021-06-24 09:54:28,6070.0,226996
2021-06-24 09:54:29,6069.6,227065
2021-06-24 09:54:31,6070.0,227066
2021-06-24 09:54:31,6070.0,227066
2021-06-24 09:54:32,6069.6,227077
2021-06-24 09:54:33,6068.9,227165
2021-06-24 09:54:34,6070.0,227182
2021-06-24 09:54:36,6071.0,227197
2021-06-24 09:54:36,6071.0,227197
2021-06-24 09:54:37,6072.0,227693
2021-06-24 09:54:38,6070.9,227714
2021-06-24 09:54:39,6071.0,227783
2021-06-24 09:54:40,6072.0,227841
2021-06-24 09:54:41,6072.0,227912
2021-06-24 09:54:42,6072.35,227927
2021-06-24 09:54:43,6072.0,227947
2021-06-24 09:54:44,6072.0,227954
2021-06-24 09:54:46,6071.0,227966
2021-06-24 09:54:46,6071.0,227966
2021-06-24 09:54:47,6070.95,228394
2021-06-24 09:54:48,6072.0,228559
2021-06-24 09:54:49,6074.0,228624
2021-06-24 09:54:50,6074.0,228645
2021-06-24 09:54:51,6074.5,228774
2021-06-24 09:54:53,6073.0,228839
2021-06-24 09:54:54,6075.0,229314
2021-06-24 09:54:55,6075.0,229394
2021-06-24 09:54:56,6073.35,229408
2021-06-24 09:54:56,6074.5,229409
2021-06-24 09:54:57,6074.0,229413
2021-06-24 09:54:58,6073.0,229649
2021-06-24 09:54:59,6073.05,229748
2021-06-24 09:55:01,6074.0,229839
2021-06-24 09:55:02,6074.0,229841
2021-06-24 09:55:03,6074.0,229998
2021-06-24 09:55:03,6073.0,230001
2021-06-24 09:55:04,6074.0,230120
2021-06-24 09:55:05,6074.0,230251
2021-06-24 09:55:06,6074.0,230376
2021-06-24 09:55:07,6072.7,230453
2021-06-24 09:55:09,6074.0,230489
2021-06-24 09:55:11,6076.0,232666
2021-06-24 09:55:12,6074.0,232810
2021-06-24 09:55:12,6074.0,232808
2021-06-24 09:55:13,6074.0,232821
2021-06-24 09:55:14,6074.0,232881
2021-06-24 09:55:15,6075.0,232946
2021-06-24 09:55:16,6074.0,232951
2021-06-24 09:55:17,6074.0,233063
2021-06-24 09:55:19,6074.85,233088
2021-06-24 09:55:20,6074.2,233176
2021-06-24 09:55:20,6074.2,233176
2021-06-24 09:55:22,6074.25,233308
2021-06-24 09:55:23,6076.0,233327
2021-06-24 09:55:24,6076.0,233367
2021-06-24 09:55:25,6074.2,233384
2021-06-24 09:55:25,6074.2,233384
2021-06-24 09:55:26,6074.0,234243
2021-06-24 09:55:27,6074.0,234243
2021-06-24 09:55:28,6072.0,234480
2021-06-24 09:55:30,6073.7,234555
2021-06-24 09:55:31,6073.9,234606
2021-06-24 09:55:31,6072.0,234863
2021-06-24 09:55:32,6073.95,234868
2021-06-24 09:55:34,6074.1,235069
2021-06-24 09:55:36,6074.75,236280
2021-06-24 09:55:37,6072.0,236568
2021-06-24 09:55:38,6073.55,236626
2021-06-24 09:55:39,6073.5,236828
2021-06-24 09:55:40,6073.5,236828
2021-06-24 09:55:41,6074.45,237379
2021-06-24 09:55:42,6074.7,237622
2021-06-24 09:55:43,6072.2,237798
2021-06-24 09:55:45,6074.5,237845
2021-06-24 09:55:45,6071.6,237875
2021-06-24 09:55:46,6074.4,237907
2021-06-24 09:55:47,6071.05,238022
2021-06-24 09:55:48,6073.9,238023
2021-06-24 09:55:49,6073.15,238024
2021-06-24 09:55:50,6072.0,238079
2021-06-24 09:55:51,6072.95,238142
2021-06-24 09:55:52,6073.0,238182
2021-06-24 09:55:53,6069.3,238546
2021-06-24 09:55:54,6069.35,238550
2021-06-24 09:55:55,6071.9,238556
2021-06-24 09:55:56,6071.9,238560
2021-06-24 09:55:58,6073.85,238621
2021-06-24 09:55:59,6071.9,238631
2021-06-24 09:56:00,6073.0,238705
2021-06-24 09:56:01,6071.45,238744
2021-06-24 09:56:02,6073.7,238844
2021-06-24 09:56:04,6070.45,238873
2021-06-24 09:56:04,6070.0,239009
2021-06-24 09:56:05,6071.95,239035
2021-06-24 09:56:07,6071.9,239333
2021-06-24 09:56:08,6071.9,239351
2021-06-24 09:56:08,6070.5,239362
2021-06-24 09:56:09,6070.85,239939
2021-06-24 09:56:11,6073.5,239940
2021-06-24 09:56:12,6070.9,239945
2021-06-24 09:56:13,6070.9,240134
2021-06-24 09:56:14,6073.25,240169
2021-06-24 09:56:14,6073.65,240187
2021-06-24 09:56:15,6072.85,240314
2021-06-24 09:56:17,6071.25,240379
2021-06-24 09:56:18,6073.5,240491
2021-06-24 09:56:19,6073.5,240492
2021-06-24 09:56:21,6071.1,240505
2021-06-24 09:56:22,6071.1,240515
2021-06-24 09:56:23,6071.1,240515
2021-06-24 09:56:23,6071.1,240515
2021-06-24 09:56:24,6072.0,240681
2021-06-24 09:56:25,6070.15,240701
2021-06-24 09:56:26,6070.15,240701
2021-06-24 09:56:27,6073.0,240886
2021-06-24 09:56:28,6068.0,241296
2021-06-24 09:56:29,6067.7,241373
2021-06-24 09:56:30,6068.3,241380
2021-06-24 09:56:31,6068.2,241490
2021-06-24 09:56:32,6068.45,241494
2021-06-24 09:56:33,6070.75,241946
2021-06-24 09:56:35,6068.0,242026
2021-06-24 09:56:36,6068.35,242176
2021-06-24 09:56:38,6070.85,242211
2021-06-24 09:56:38,6071.8,242455
2021-06-24 09:56:39,6067.7,242766
2021-06-24 09:56:40,6067.7,242766
2021-06-24 09:56:41,6070.35,242868
2021-06-24 09:56:43,6069.95,242969
2021-06-24 09:56:44,6069.95,243021
2021-06-24 09:56:45,6069.15,243181
2021-06-24 09:56:45,6069.15,243181
2021-06-24 09:56:46,6069.35,243231
2021-06-24 09:56:47,6073.0,243509
2021-06-24 09:56:48,6071.0,243514
2021-06-24 09:56:49,6071.0,243529
2021-06-24 09:56:51,6070.95,243538
2021-06-24 09:56:52,6070.5,243588
2021-06-24 09:56:53,6072.0,243679
2021-06-24 09:56:54,6071.05,243702
2021-06-24 09:56:55,6071.05,243712
2021-06-24 09:56:56,6071.0,243728
2021-06-24 09:56:57,6071.0,243728
2021-06-24 09:56:58,6073.0,243832
2021-06-24 09:56:59,6070.95,243852
2021-06-24 09:57:00,6070.75,243903
2021-06-24 09:57:01,6073.0,243917
2021-06-24 09:57:02,6071.05,243947
2021-06-24 09:57:03,6071.05,243980
2021-06-24 09:57:03,6071.05,243980
2021-06-24 09:57:07,6071.0,244128
2021-06-24 09:57:08,6071.1,244164
2021-06-24 09:57:09,6071.9,245507
2021-06-24 09:57:10,6071.9,245507
2021-06-24 09:57:11,6073.0,245514
2021-06-24 09:57:12,6073.05,245520
2021-06-24 09:57:13,6072.0,245546
2021-06-24 09:57:14,6073.9,245633
2021-06-24 09:57:14,6073.9,245633
2021-06-24 09:57:15,6073.45,245743
2021-06-24 09:57:17,6073.45,245774
2021-06-24 09:57:18,6073.45,245781
2021-06-24 09:57:19,6074.0,245782
2021-06-24 09:57:20,6075.0,245787
2021-06-24 09:57:21,6074.0,245832
2021-06-24 09:57:22,6075.0,245845
2021-06-24 09:57:23,6075.0,245862
2021-06-24 09:57:23,6075.0,245862
2021-06-24 09:57:24,6074.1,245867
2021-06-24 09:57:25,6075.0,245885
2021-06-24 09:57:27,6075.0,245954
2021-06-24 09:57:28,6073.05,246267
2021-06-24 09:57:29,6075.0,246278
2021-06-24 09:57:30,6073.0,246288
2021-06-24 09:57:31,6073.0,246291
2021-06-24 09:57:32,6074.0,246545
2021-06-24 09:57:32,6074.0,246545
2021-06-24 09:57:33,6071.5,246561
2021-06-24 09:57:34,6070.9,246566
2021-06-24 09:57:35,6070.9,246593
2021-06-24 09:57:36,6070.3,246603
2021-06-24 09:57:37,6070.9,246611
2021-06-24 09:57:38,6070.9,246626
2021-06-24 09:57:39,6070.35,246876
2021-06-24 09:57:41,6073.6,246901
2021-06-24 09:57:42,6073.05,246913
2021-06-24 09:57:43,6070.85,246923
2021-06-24 09:57:44,6070.4,246975
2021-06-24 09:57:45,6070.9,246985
2021-06-24 09:57:47,6070.85,246992
2021-06-24 09:57:48,6070.3,247164
2021-06-24 09:57:49,6070.3,247164
2021-06-24 09:57:50,6070.3,247164
2021-06-24 09:57:51,6071.15,247224
2021-06-24 09:57:52,6071.15,247224
2021-06-24 09:57:53,6071.0,247259
2021-06-24 09:57:54,6071.0,247350
2021-06-24 09:57:54,6071.0,247354
2021-06-24 09:57:56,6071.05,247364
2021-06-24 09:57:57,6073.3,247388
2021-06-24 09:57:58,6073.05,247657
2021-06-24 09:57:59,6071.2,247689
2021-06-24 09:58:00,6070.55,247720
2021-06-24 09:58:01,6073.45,247739
2021-06-24 09:58:02,6073.6,247779
2021-06-24 09:58:02,6073.6,247779
2021-06-24 09:58:03,6070.55,247810
2021-06-24 09:58:04,6071.2,247812
2021-06-24 09:58:05,6070.7,247842
2021-06-24 09:58:06,6073.0,247843
2021-06-24 09:58:07,6073.0,247853
2021-06-24 09:58:08,6071.15,247857
2021-06-24 09:58:09,6071.15,247857
2021-06-24 09:58:10,6073.0,247970
2021-06-24 09:58:11,6071.25,247990
2021-06-24 09:58:12,6071.25,247990
2021-06-24 09:58:13,6071.25,247990
2021-06-24 09:58:14,6073.0,248079
2021-06-24 09:58:15,6073.0,248112
2021-06-24 09:58:16,6071.55,248129
2021-06-24 09:58:17,6071.25,248164
2021-06-24 09:58:18,6071.25,248172
2021-06-24 09:58:20,6071.25,248172
2021-06-24 09:58:21,6072.95,248273
2021-06-24 09:58:22,6072.95,248273
2021-06-24 09:58:23,6073.0,248274
2021-06-24 09:58:24,6071.6,248300
2021-06-24 09:58:25,6071.6,248438
2021-06-24 09:58:26,6073.0,248488
2021-06-24 09:58:27,6071.25,248595
2021-06-24 09:58:28,6071.25,248595
2021-06-24 09:58:30,6071.5,248600
2021-06-24 09:58:31,6070.5,248933
2021-06-24 09:58:32,6070.55,248945
2021-06-24 09:58:33,6072.85,248967
2021-06-24 09:58:34,6072.85,248976
2021-06-24 09:58:35,6072.0,248991
2021-06-24 09:58:36,6072.9,248998
2021-06-24 09:58:37,6072.05,249026
2021-06-24 09:58:38,6073.0,249357
2021-06-24 09:58:39,6074.0,249478
2021-06-24 09:58:40,6074.0,249641
2021-06-24 09:58:41,6072.35,249656
2021-06-24 09:58:42,6076.45,252415
2021-06-24 09:58:42,6076.45,252415
2021-06-24 09:58:43,6075.65,252463
2021-06-24 09:58:45,6075.4,252595
2021-06-24 09:58:46,6078.9,253174
2021-06-24 09:58:47,6078.9,253224
2021-06-24 09:58:49,6078.9,253565
2021-06-24 09:58:50,6076.45,253585
2021-06-24 09:58:51,6079.0,253758
2021-06-24 09:58:52,6076.25,253938
2021-06-24 09:58:53,6079.0,254087
2021-06-24 09:58:54,6079.0,254087
2021-06-24 09:58:55,6079.0,254274
2021-06-24 09:58:56,6079.0,254296
2021-06-24 09:58:57,6079.0,254423
2021-06-24 09:58:58,6079.65,254446
2021-06-24 09:58:59,6079.0,254546
2021-06-24 09:59:00,6079.25,254604
2021-06-24 09:59:01,6079.25,254616
2021-06-24 09:59:02,6079.25,254631
2021-06-24 09:59:03,6079.0,254686
2021-06-24 09:59:04,6076.2,255046
2021-06-24 09:59:05,6076.5,255272
2021-06-24 09:59:06,6078.85,255312
2021-06-24 09:59:08,6077.15,255672
2021-06-24 09:59:09,6080.0,255695
2021-06-24 09:59:10,6077.45,255835
2021-06-24 09:59:11,6080.0,256110
2021-06-24 09:59:12,6080.0,256284
2021-06-24 09:59:13,6077.95,256303
2021-06-24 09:59:14,6079.95,256343
2021-06-24 09:59:15,6080.0,258361
2021-06-24 09:59:16,6080.0,258488
2021-06-24 09:59:17,6079.25,258564
2021-06-24 09:59:18,6078.2,258595
2021-06-24 09:59:19,6078.5,258726
2021-06-24 09:59:20,6077.85,258848
2021-06-24 09:59:21,6080.0,258858
2021-06-24 09:59:22,6079.0,258870
2021-06-24 09:59:23,6079.95,258883
2021-06-24 09:59:23,6079.95,258898
2021-06-24 09:59:25,6078.9,259205
2021-06-24 09:59:26,6079.9,259324
2021-06-24 09:59:27,6080.0,259476
2021-06-24 09:59:28,6077.2,259565
2021-06-24 09:59:29,6077.5,259605
2021-06-24 09:59:30,6080.0,259712
2021-06-24 09:59:31,6080.0,260013
2021-06-24 09:59:32,6078.2,260200
2021-06-24 09:59:33,6082.0,260927
2021-06-24 09:59:34,6082.0,260975
2021-06-24 09:59:35,6082.0,261016
2021-06-24 09:59:36,6079.15,261239
2021-06-24 09:59:37,6082.0,261311
2021-06-24 09:59:38,6082.0,261427
2021-06-24 09:59:39,6082.0,261492
2021-06-24 09:59:40,6081.55,262131
2021-06-24 09:59:41,6082.0,262288
2021-06-24 09:59:42,6082.0,262453
2021-06-24 09:59:42,6081.0,262463
2021-06-24 09:59:44,6082.9,262487
2021-06-24 09:59:45,6083.85,262541
2021-06-24 09:59:46,6084.0,262777
2021-06-24 09:59:47,6082.0,262824
2021-06-24 09:59:48,6084.0,262996
2021-06-24 09:59:48,6081.1,263061
2021-06-24 09:59:49,6084.45,263457
2021-06-24 09:59:50,6083.9,263810
2021-06-24 09:59:52,6083.55,263906
2021-06-24 09:59:53,6084.1,263960
2021-06-24 09:59:54,6083.9,263970
2021-06-24 09:59:55,6083.9,264032
2021-06-24 09:59:56,6084.0,264625
2021-06-24 09:59:58,6086.0,266629
2021-06-24 09:59:59,6084.65,266650
2021-06-24 10:00:00,6086.95,266925
2021-06-24 10:00:01,6084.35,266949
2021-06-24 10:00:02,6088.0,267269
2021-06-24 10:00:03,6089.15,268431
2021-06-24 10:00:04,6087.85,269151
2021-06-24 10:00:05,6089.9,269515
2021-06-24 10:00:06,6090.0,270722
2021-06-24 10:00:07,6088.25,272220
2021-06-24 10:00:08,6087.6,272668
2021-06-24 10:00:09,6090.25,272738
2021-06-24 10:00:11,6091.25,273517
2021-06-24 10:00:12,6090.0,273944
2021-06-24 10:00:13,6088.45,274129
2021-06-24 10:00:14,6090.0,274516
2021-06-24 10:00:15,6092.0,274539
2021-06-24 10:00:16,6092.4,274650
2021-06-24 10:00:17,6092.95,274807
2021-06-24 10:00:18,6091.4,274921
2021-06-24 10:00:19,6093.45,275927
2021-06-24 10:00:20,6090.35,276034
2021-06-24 10:00:23,6093.0,276368
2021-06-24 10:00:24,6093.65,276542
2021-06-24 10:00:25,6093.85,276705
2021-06-24 10:00:26,6090.9,276846
2021-06-24 10:00:27,6093.85,277100
2021-06-24 10:00:28,6091.35,277285
2021-06-24 10:00:29,6090.45,277384
2021-06-24 10:00:30,6092.7,277770
2021-06-24 10:00:31,6092.95,278054
2021-06-24 10:00:32,6091.3,278733
2021-06-24 10:00:33,6090.45,279135
2021-06-24 10:00:34,6093.45,279417
2021-06-24 10:00:35,6093.5,279453
2021-06-24 10:00:36,6092.15,280204
2021-06-24 10:00:37,6090.85,280320
2021-06-24 10:00:38,6093.0,280799
2021-06-24 10:00:39,6093.0,280820
2021-06-24 10:00:40,6092.35,281146
2021-06-24 10:00:41,6092.5,281182
2021-06-24 10:00:42,6092.85,281241
2021-06-24 10:00:43,6092.85,281402
2021-06-24 10:00:44,6092.95,281454
2021-06-24 10:00:45,6090.45,281497
2021-06-24 10:00:47,6092.15,281627
2021-06-24 10:00:48,6092.75,281686
2021-06-24 10:00:48,6092.15,281690
2021-06-24 10:00:50,6090.0,282098
2021-06-24 10:00:51,6092.0,282197
2021-06-24 10:00:52,6090.0,282281
2021-06-24 10:00:53,6090.0,282297
2021-06-24 10:00:54,6090.0,282428
2021-06-24 10:00:55,6090.75,283444
2021-06-24 10:00:56,6090.75,283840
2021-06-24 10:00:57,6091.8,284450
2021-06-24 10:00:58,6088.15,284864
2021-06-24 10:00:59,6090.0,284992
2021-06-24 10:01:00,6090.0,285148
2021-06-24 10:01:01,6090.0,285175
2021-06-24 10:01:02,6092.0,285884
2021-06-24 10:01:03,6088.0,285894
2021-06-24 10:01:04,6088.0,285905
2021-06-24 10:01:05,6090.0,285984
2021-06-24 10:01:06,6088.15,286273
2021-06-24 10:01:08,6088.0,286484
2021-06-24 10:01:09,6088.0,286768
2021-06-24 10:01:11,6089.95,287138
2021-06-24 10:01:12,6089.9,287168
2021-06-24 10:01:13,6089.95,287275
2021-06-24 10:01:14,6090.0,287617
2021-06-24 10:01:16,6088.05,287967
2021-06-24 10:01:15,6088.05,287967
2021-06-24 10:01:17,6089.2,288190
2021-06-24 10:01:18,6086.2,288227
2021-06-24 10:01:19,6088.0,288405
2021-06-24 10:01:20,6088.15,288865
2021-06-24 10:01:21,6086.05,289008
2021-06-24 10:01:22,6086.2,289055
2021-06-24 10:01:23,6087.95,289122
2021-06-24 10:01:24,6085.5,289132
2021-06-24 10:01:25,6087.9,289174
2021-06-24 10:01:27,6086.2,289548
2021-06-24 10:01:28,6087.3,289549
2021-06-24 10:01:29,6085.0,289687
2021-06-24 10:01:30,6087.15,289770
2021-06-24 10:01:31,6087.15,289891
2021-06-24 10:01:32,6087.0,290247
2021-06-24 10:01:33,6082.5,290925
2021-06-24 10:01:34,6085.75,291435
2021-06-24 10:01:35,6083.7,291737
2021-06-24 10:01:36,6086.25,291798
2021-06-24 10:01:37,6086.0,291998
2021-06-24 10:01:38,6086.7,292149
2021-06-24 10:01:40,6086.7,292182
2021-06-24 10:01:39,6086.7,292182
2021-06-24 10:01:41,6086.7,292195
2021-06-24 10:01:42,6085.0,292246
2021-06-24 10:01:43,6085.0,292291
2021-06-24 10:01:44,6085.0,292301
2021-06-24 10:01:45,6085.0,292597
2021-06-24 10:01:46,6084.7,292951
2021-06-24 10:01:47,6084.7,292951
2021-06-24 10:01:49,6082.55,292962
2021-06-24 10:01:48,6082.55,292962
2021-06-24 10:01:50,6082.35,292964
2021-06-24 10:01:51,6084.7,293060
2021-06-24 10:01:52,6082.35,293135
2021-06-24 10:01:53,6082.0,293261
2021-06-24 10:01:54,6085.55,293621
2021-06-24 10:01:55,6083.0,293635
2021-06-24 10:01:57,6083.0,293678
2021-06-24 10:01:56,6083.0,293677
2021-06-24 10:01:58,6083.0,293678
2021-06-24 10:01:59,6083.0,293689
2021-06-24 10:02:00,6082.0,293750
2021-06-24 10:02:01,6080.45,293862
2021-06-24 10:02:02,6078.3,295320
2021-06-24 10:02:03,6078.6,295435
2021-06-24 10:02:04,6081.5,295453
2021-06-24 10:02:05,6078.25,295541
2021-06-24 10:02:06,6078.75,295650
2021-06-24 10:02:07,6077.35,295996
2021-06-24 10:02:08,6077.95,296085
2021-06-24 10:02:09,6079.95,296180
2021-06-24 10:02:10,6079.95,296180
2021-06-24 10:02:11,6080.5,296731
2021-06-24 10:02:12,6080.0,296851
2021-06-24 10:02:13,6078.45,297004
2021-06-24 10:02:15,6078.45,297093
2021-06-24 10:02:16,6078.45,297132
2021-06-24 10:02:17,6080.0,297135
2021-06-24 10:02:18,6078.45,297145
2021-06-24 10:02:19,6079.9,297205
2021-06-24 10:02:20,6078.45,297255
2021-06-24 10:02:21,6079.4,297359
2021-06-24 10:02:22,6077.0,297361
2021-06-24 10:02:23,6077.0,297424
2021-06-24 10:02:24,6076.0,297534
2021-06-24 10:02:25,6076.0,297972
2021-06-24 10:02:26,6075.0,298493
2021-06-24 10:02:27,6076.1,298544
2021-06-24 10:02:28,6076.0,298634
2021-06-24 10:02:30,6073.55,298695
2021-06-24 10:02:31,6073.55,298795
2021-06-24 10:02:32,6073.8,298835
2021-06-24 10:02:33,6076.0,298855
2021-06-24 10:02:34,6072.25,299756
2021-06-24 10:02:35,6074.85,299867
2021-06-24 10:02:36,6075.7,300157
2021-06-24 10:02:37,6077.55,300457
2021-06-24 10:02:38,6076.95,300534
2021-06-24 10:02:39,6076.0,300585
2021-06-24 10:02:40,6074.55,300798
2021-06-24 10:02:41,6074.5,302022
2021-06-24 10:02:42,6073.25,302035
2021-06-24 10:02:43,6073.0,302123
2021-06-24 10:02:44,6075.0,302186
2021-06-24 10:02:45,6074.4,302196
2021-06-24 10:02:46,6072.4,302298
2021-06-24 10:02:47,6072.4,302298
2021-06-24 10:02:48,6074.95,302360
2021-06-24 10:02:49,6075.0,302405
2021-06-24 10:02:50,6076.0,302581
2021-06-24 10:02:51,6075.0,302586
2021-06-24 10:02:52,6075.0,302685
2021-06-24 10:02:53,6076.1,302708
2021-06-24 10:02:54,6076.1,302710
2021-06-24 10:02:55,6075.0,302715
2021-06-24 10:02:56,6075.0,302769
2021-06-24 10:02:57,6075.0,302812
2021-06-24 10:02:58,6073.35,302866
2021-06-24 10:02:59,6075.0,302903
2021-06-24 10:03:00,6075.0,302903
2021-06-24 10:03:01,6075.0,302932
2021-06-24 10:03:02,6074.0,303007
2021-06-24 10:03:03,6074.0,303012
2021-06-24 10:03:04,6076.0,303136
2021-06-24 10:03:05,6075.95,303176
2021-06-24 10:03:06,6075.0,303178
2021-06-24 10:03:07,6075.0,303189
2021-06-24 10:03:08,6075.0,303355
2021-06-24 10:03:09,6075.95,303367
2021-06-24 10:03:10,6073.8,303468
2021-06-24 10:03:11,6073.35,303569
2021-06-24 10:03:12,6075.0,303733
2021-06-24 10:03:13,6075.6,303758
2021-06-24 10:03:14,6075.0,303876
2021-06-24 10:03:16,6075.0,303946
2021-06-24 10:03:16,6075.0,303946
2021-06-24 10:03:17,6074.05,303961
2021-06-24 10:03:19,6074.1,304114
2021-06-24 10:03:20,6075.5,304124
2021-06-24 10:03:21,6076.05,304194
2021-06-24 10:03:22,6074.25,304199
2021-06-24 10:03:23,6076.45,304210
2021-06-24 10:03:24,6075.1,304215
2021-06-24 10:03:25,6076.45,304216
2021-06-24 10:03:26,6076.45,304219
2021-06-24 10:03:27,6076.45,304271
2021-06-24 10:03:28,6076.55,304322
2021-06-24 10:03:29,6076.55,304322
2021-06-24 10:03:30,6078.0,304338
2021-06-24 10:03:31,6076.45,304347
2021-06-24 10:03:32,6076.45,304347
2021-06-24 10:03:33,6076.45,304375
2021-06-24 10:03:34,6078.95,304501
2021-06-24 10:03:35,6079.0,304556
2021-06-24 10:03:37,6079.0,304556
2021-06-24 10:03:38,6078.0,304557
2021-06-24 10:03:38,6078.0,304557
2021-06-24 10:03:39,6078.0,304557
2021-06-24 10:03:40,6076.45,304586
2021-06-24 10:03:41,6076.0,305270
2021-06-24 10:03:42,6076.0,305279
2021-06-24 10:03:43,6075.5,305302
2021-06-24 10:03:44,6076.0,305303
2021-06-24 10:03:45,6075.5,305308
2021-06-24 10:03:46,6075.5,305411
2021-06-24 10:03:47,6075.0,305415
2021-06-24 10:03:48,6075.0,305425
2021-06-24 10:03:50,6075.0,305598
2021-06-24 10:03:51,6076.45,306600
2021-06-24 10:03:51,6076.45,306600
2021-06-24 10:03:52,6077.85,306618
2021-06-24 10:03:53,6076.45,306636
2021-06-24 10:03:54,6076.45,306641
2021-06-24 10:03:55,6076.45,306651
2021-06-24 10:03:56,6075.75,307005
2021-06-24 10:03:57,6075.75,307005
2021-06-24 10:03:58,6075.75,307005
2021-06-24 10:03:59,6075.0,307167
2021-06-24 10:04:00,6073.0,307357
2021-06-24 10:04:01,6072.0,307497
2021-06-24 10:04:02,6073.75,307549
2021-06-24 10:04:03,6073.75,307549
2021-06-24 10:04:05,6072.0,307745
2021-06-24 10:04:06,6073.0,307767
2021-06-24 10:04:07,6073.0,307767
2021-06-24 10:04:08,6071.6,307784
2021-06-24 10:04:09,6071.6,307829
2021-06-24 10:04:10,6071.6,307834
2021-06-24 10:04:11,6072.0,307884
2021-06-24 10:04:12,6072.25,308104
2021-06-24 10:04:13,6071.0,308281
2021-06-24 10:04:15,6070.0,309757
2021-06-24 10:04:16,6069.1,309770
2021-06-24 10:04:17,6072.5,310163
2021-06-24 10:04:18,6072.5,310163
2021-06-24 10:04:19,6069.45,310164
2021-06-24 10:04:20,6069.15,310252
2021-06-24 10:04:21,6068.75,310352
2021-06-24 10:04:22,6068.75,310352
2021-06-24 10:04:23,6071.6,310378
2021-06-24 10:04:24,6072.0,310385
2021-06-24 10:04:26,6069.65,310562
2021-06-24 10:04:27,6068.4,310672
2021-06-24 10:04:27,6071.75,310663
2021-06-24 10:04:28,6068.4,310686
2021-06-24 10:04:29,6071.55,310696
2021-06-24 10:04:30,6068.0,310946
2021-06-24 10:04:31,6069.0,311201
2021-06-24 10:04:32,6072.05,311370
2021-06-24 10:04:33,6068.1,311475
2021-06-24 10:04:34,6070.85,311590
2021-06-24 10:04:35,6071.55,311764
2021-06-24 10:04:36,6071.5,311782
2021-06-24 10:04:37,6071.5,311838
2021-06-24 10:04:38,6071.5,311854
2021-06-24 10:04:39,6069.0,311947
2021-06-24 10:04:41,6068.0,311988
2021-06-24 10:04:41,6068.0,311988
2021-06-24 10:04:42,6068.0,312013
2021-06-24 10:04:44,6067.0,312344
2021-06-24 10:04:45,6067.0,312451
2021-06-24 10:04:47,6069.55,312502
2021-06-24 10:04:48,6069.5,312504
2021-06-24 10:04:49,6069.3,312509
2021-06-24 10:04:51,6067.2,312514
2021-06-24 10:04:51,6069.3,312546
2021-06-24 10:04:52,6069.75,312571
2021-06-24 10:04:53,6069.55,312695
2021-06-24 10:04:54,6069.55,312695
2021-06-24 10:04:55,6069.35,312745
2021-06-24 10:04:56,6069.65,312796
2021-06-24 10:04:57,6069.7,312816
2021-06-24 10:04:58,6067.1,312826
2021-06-24 10:04:59,6067.85,312854
2021-06-24 10:05:01,6067.85,312898
2021-06-24 10:05:02,6068.9,312915
2021-06-24 10:05:03,6067.85,312951
2021-06-24 10:05:04,6067.85,312951
2021-06-24 10:05:05,6068.9,312978
2021-06-24 10:05:06,6068.0,312988
2021-06-24 10:05:07,6068.0,312995
2021-06-24 10:05:08,6069.7,313095
2021-06-24 10:05:09,6068.05,313096
2021-06-24 10:05:10,6068.05,313096
2021-06-24 10:05:11,6068.9,313117
2021-06-24 10:05:12,6068.0,313152
2021-06-24 10:05:13,6069.7,313164
2021-06-24 10:05:14,6070.0,313179
2021-06-24 10:05:15,6068.0,313196
2021-06-24 10:05:16,6068.0,313196
2021-06-24 10:05:17,6071.8,313686
2021-06-24 10:05:19,6071.65,313697
2021-06-24 10:05:20,6069.1,313722
2021-06-24 10:05:21,6069.1,313722
2021-06-24 10:05:22,6069.2,313747
2021-06-24 10:05:23,6069.2,313747
2021-06-24 10:05:24,6070.7,313817
2021-06-24 10:05:25,6072.0,313838
2021-06-24 10:05:26,6072.0,313838
2021-06-24 10:05:27,6072.0,313948
2021-06-24 10:05:27,6072.0,313948
2021-06-24 10:05:28,6072.0,313968
2021-06-24 10:05:29,6073.0,314052
2021-06-24 10:05:30,6073.0,314057
2021-06-24 10:05:31,6075.0,314063
2021-06-24 10:05:33,6075.0,314185
2021-06-24 10:05:34,6075.0,314458
2021-06-24 10:05:35,6075.0,314491
2021-06-24 10:05:35,6075.0,314491
2021-06-24 10:05:36,6075.05,314521
2021-06-24 10:05:37,6076.0,314533
2021-06-24 10:05:38,6075.25,314695
2021-06-24 10:05:39,6077.0,314696
2021-06-24 10:05:40,6075.3,314771
2021-06-24 10:05:41,6075.25,314772
2021-06-24 10:05:42,6075.25,314772
2021-06-24 10:05:43,6076.35,315049
2021-06-24 10:05:44,6075.95,315079
2021-06-24 10:05:45,6076.0,315080
2021-06-24 10:05:48,6076.0,315240
2021-06-24 10:05:49,6078.55,315390
2021-06-24 10:05:50,6078.5,315453
2021-06-24 10:05:51,6078.4,315498
2021-06-24 10:05:52,6078.4,315498
2021-06-24 10:05:53,6078.4,315575
2021-06-24 10:05:54,6078.0,315600
2021-06-24 10:05:55,6078.4,315617
2021-06-24 10:05:56,6075.65,315708
2021-06-24 10:05:57,6075.65,315728
2021-06-24 10:05:59,6077.9,315778
2021-06-24 10:06:00,6075.7,315813
2021-06-24 10:06:01,6077.85,315839
2021-06-24 10:06:02,6077.8,315840
2021-06-24 10:06:03,6075.15,315866
2021-06-24 10:06:04,6075.65,315894
2021-06-24 10:06:05,6077.7,315950
2021-06-24 10:06:05,6077.7,315950
2021-06-24 10:06:06,6075.0,316054
2021-06-24 10:06:07,6075.0,316074
2021-06-24 10:06:08,6077.0,316076
2021-06-24 10:06:09,6077.0,316088
2021-06-24 10:06:10,6075.0,316152
2021-06-24 10:06:12,6077.0,316162
2021-06-24 10:06:13,6077.7,316212
2021-06-24 10:06:13,6077.7,316212
2021-06-24 10:06:14,6077.7,316212
2021-06-24 10:06:15,6077.7,316212
2021-06-24 10:06:16,6077.0,316217
2021-06-24 10:06:17,6077.0,316226
2021-06-24 10:06:18,6075.0,316247
2021-06-24 10:06:19,6073.05,316579
2021-06-24 10:06:21,6076.85,316781
2021-06-24 10:06:22,6075.9,316803
2021-06-24 10:06:23,6075.0,317436
2021-06-24 10:06:24,6075.0,317436
2021-06-24 10:06:25,6075.0,317436
2021-06-24 10:06:26,6075.0,317456
2021-06-24 10:06:27,6075.0,317720
2021-06-24 10:06:29,6073.85,317824
2021-06-24 10:06:29,6075.0,317819
2021-06-24 10:06:31,6073.15,317905
2021-06-24 10:06:31,6075.55,317895
2021-06-24 10:06:33,6074.0,317937
2021-06-24 10:06:34,6074.0,317937
2021-06-24 10:06:35,6073.0,317993
2021-06-24 10:06:36,6072.75,318043
2021-06-24 10:06:37,6075.0,318044
2021-06-24 10:06:38,6075.0,318044
2021-06-24 10:06:39,6072.5,318054
2021-06-24 10:06:40,6072.5,318054
2021-06-24 10:06:41,6072.8,318198
2021-06-24 10:06:42,6072.8,318198
2021-06-24 10:06:43,6072.75,318208
2021-06-24 10:06:44,6070.0,318244
2021-06-24 10:06:45,6070.0,318244
2021-06-24 10:06:46,6072.0,318254
2021-06-24 10:06:47,6070.0,318265
2021-06-24 10:06:48,6070.55,318266
2021-06-24 10:06:49,6070.55,318276
2021-06-24 10:06:51,6070.0,318296
2021-06-24 10:06:52,6070.0,318302
2021-06-24 10:06:52,6070.0,318302
2021-06-24 10:06:53,6070.0,318402
2021-06-24 10:06:54,6070.0,318442
2021-06-24 10:06:55,6070.0,318577
2021-06-24 10:06:56,6070.0,318577
2021-06-24 10:06:57,6070.0,318577
2021-06-24 10:06:58,6070.0,318577
2021-06-24 10:07:00,6070.1,318582
2021-06-24 10:07:01,6070.1,318582
2021-06-24 10:07:02,6071.45,318611
2021-06-24 10:07:02,6071.45,318620
2021-06-24 10:07:03,6070.0,318630
2021-06-24 10:07:04,6070.0,318630
2021-06-24 10:07:05,6070.0,318656
2021-06-24 10:07:08,6070.0,318682
2021-06-24 10:07:09,6070.1,318683
2021-06-24 10:07:09,6070.1,318683
2021-06-24 10:07:10,6071.0,318685
2021-06-24 10:07:11,6071.0,318695
2021-06-24 10:07:13,6070.3,318797
2021-06-24 10:07:14,6072.0,318807
2021-06-24 10:07:14,6071.85,318806
2021-06-24 10:07:15,6070.0,318812
2021-06-24 10:07:16,6070.0,318832
2021-06-24 10:07:17,6070.35,318888
2021-06-24 10:07:19,6070.5,318940
2021-06-24 10:07:21,6070.5,318940
2021-06-24 10:07:22,6070.5,318940
2021-06-24 10:07:23,6070.5,318943
2021-06-24 10:07:24,6070.5,318943
2021-06-24 10:07:26,6070.5,318955
2021-06-24 10:07:27,6071.0,318956
2021-06-24 10:07:28,6070.5,319162
2021-06-24 10:07:30,6070.0,319418
2021-06-24 10:07:31,6070.4,319448
2021-06-24 10:07:31,6070.4,319448
2021-06-24 10:07:32,6070.0,319468
2021-06-24 10:07:33,6070.0,319488
2021-06-24 10:07:34,6069.0,319685
2021-06-24 10:07:35,6070.75,319722
2021-06-24 10:07:37,6070.0,319732
2021-06-24 10:07:38,6070.0,319789
2021-06-24 10:07:39,6070.4,319840
2021-06-24 10:07:40,6070.8,320005
2021-06-24 10:07:40,6070.8,320005
2021-06-24 10:07:41,6068.05,320014
2021-06-24 10:07:42,6070.0,320025
2021-06-24 10:07:45,6068.0,320210
2021-06-24 10:07:46,6068.5,320213
2021-06-24 10:07:47,6069.35,320367
2021-06-24 10:07:47,6069.35,320367
2021-06-24 10:07:48,6069.3,320372
2021-06-24 10:07:49,6067.0,320380
2021-06-24 10:07:51,6067.0,320495
2021-06-24 10:07:52,6065.0,321010
2021-06-24 10:07:53,6065.65,321039
2021-06-24 10:07:54,6065.3,321201
2021-06-24 10:07:54,6065.0,321301
2021-06-24 10:07:55,6068.1,321361
2021-06-24 10:07:56,6064.65,322564
2021-06-24 10:07:57,6062.2,322588
2021-06-24 10:08:00,6061.45,323115
2021-06-24 10:08:01,6061.15,324016
2021-06-24 10:08:02,6061.55,324052
2021-06-24 10:08:03,6061.55,324062
2021-06-24 10:08:04,6061.45,324093
2021-06-24 10:08:06,6063.85,324102
2021-06-24 10:08:06,6062.0,324194
2021-06-24 10:08:07,6062.0,324230
2021-06-24 10:08:08,6062.0,324255
2021-06-24 10:08:09,6061.55,324294
2021-06-24 10:08:10,6062.0,324369
2021-06-24 10:08:13,6061.25,324464
2021-06-24 10:08:14,6061.0,324653
2021-06-24 10:08:15,6062.0,324850
2021-06-24 10:08:16,6063.75,324955
2021-06-24 10:08:16,6063.75,324955
2021-06-24 10:08:17,6061.05,325049
2021-06-24 10:08:18,6063.6,325074
2021-06-24 10:08:20,6061.6,325125
2021-06-24 10:08:21,6061.6,325178
2021-06-24 10:08:22,6060.0,327538
2021-06-24 10:08:23,6065.25,327727
2021-06-24 10:08:24,6062.8,327734
2021-06-24 10:08:25,6062.55,327859
2021-06-24 10:08:26,6062.35,327909
2021-06-24 10:08:26,6062.35,327909
2021-06-24 10:08:27,6065.3,328006
2021-06-24 10:08:28,6062.35,328039
2021-06-24 10:08:30,6065.25,328084
2021-06-24 10:08:31,6065.25,328084
2021-06-24 10:08:32,6063.1,328135
2021-06-24 10:08:33,6065.55,328198
2021-06-24 10:08:34,6065.55,328198
2021-06-24 10:08:35,6066.0,328295
2021-06-24 10:08:36,6066.0,328300
2021-06-24 10:08:37,6066.0,328300
2021-06-24 10:08:38,6065.25,328301
2021-06-24 10:08:39,6067.45,328404
2021-06-24 10:08:39,6067.45,328404
2021-06-24 10:08:40,6067.5,328409
2021-06-24 10:08:42,6065.25,328461
2021-06-24 10:08:43,6067.6,328594
2021-06-24 10:08:44,6067.6,328594
2021-06-24 10:08:45,6066.0,328596
2021-06-24 10:08:45,6066.0,328596
2021-06-24 10:08:46,6067.5,328601
2021-06-24 10:08:47,6067.9,328651
2021-06-24 10:08:48,6067.9,328651
2021-06-24 10:08:50,6067.0,328665
2021-06-24 10:08:51,6067.0,328665
2021-06-24 10:08:52,6067.0,328665
2021-06-24 10:08:52,6067.0,328665
2021-06-24 10:08:53,6067.0,328665
2021-06-24 10:08:55,6065.25,328785
2021-06-24 10:08:56,6065.25,328787
2021-06-24 10:08:57,6065.25,328788
2021-06-24 10:08:58,6065.25,328788
2021-06-24 10:08:59,6065.25,329036
2021-06-24 10:09:00,6065.25,329041
2021-06-24 10:09:01,6065.25,329041
2021-06-24 10:09:02,6065.25,329051
2021-06-24 10:09:04,6065.25,329060
2021-06-24 10:09:05,6065.3,329085
2021-06-24 10:09:06,6065.9,329196
2021-06-24 10:09:06,6065.9,329202
2021-06-24 10:09:07,6066.0,329734
2021-06-24 10:09:08,6063.35,329776
2021-06-24 10:09:10,6065.0,329809
2021-06-24 10:09:11,6063.5,329840
2021-06-24 10:09:12,6063.5,329840
2021-06-24 10:09:13,6065.0,330269
2021-06-24 10:09:13,6065.0,330269
2021-06-24 10:09:14,6066.05,330370
2021-06-24 10:09:16,6064.0,330371
2021-06-24 10:09:17,6063.2,330409
2021-06-24 10:09:18,6063.2,330409
2021-06-24 10:09:19,6067.6,330441
2021-06-24 10:09:20,6064.8,330497
2021-06-24 10:09:21,6066.0,330498
2021-06-24 10:09:23,6065.25,330513
2021-06-24 10:09:22,6065.25,330499
2021-06-24 10:09:24,6064.0,330547
2021-06-24 10:09:25,6065.0,330548
2021-06-24 10:09:26,6064.0,330574
2021-06-24 10:09:27,6063.0,330624
2021-06-24 10:09:28,6063.0,330725
2021-06-24 10:09:29,6063.25,330742
2021-06-24 10:09:31,6062.8,330792
2021-06-24 10:09:33,6064.35,330861
2021-06-24 10:09:34,6064.45,330911
2021-06-24 10:09:35,6062.15,330937
2021-06-24 10:09:36,6062.1,330987
2021-06-24 10:09:37,6064.0,330997
2021-06-24 10:09:39,6064.0,331002
2021-06-24 10:09:40,6064.0,331015
2021-06-24 10:09:41,6063.0,331017
2021-06-24 10:09:42,6063.75,331027
2021-06-24 10:09:43,6063.0,331030
2021-06-24 10:09:44,6064.0,331046
2021-06-24 10:09:45,6064.0,331046
2021-06-24 10:09:46,6064.0,331051
2021-06-24 10:09:47,6064.0,331052
2021-06-24 10:09:47,6064.0,331052
2021-06-24 10:09:50,6063.0,331160
2021-06-24 10:09:51,6063.75,331163
2021-06-24 10:09:52,6063.75,331173
2021-06-24 10:09:53,6063.0,331233
2021-06-24 10:09:54,6064.0,331238
2021-06-24 10:09:55,6065.9,331338
2021-06-24 10:09:55,6065.9,331338
2021-06-24 10:09:56,6064.0,331418
2021-06-24 10:09:58,6066.0,331420
2021-06-24 10:09:59,6066.0,331420
2021-06-24 10:10:01,6064.85,331434
2021-06-24 10:10:01,6067.35,331445
2021-06-24 10:10:03,6067.35,331445
2021-06-24 10:10:04,6067.0,331451
2021-06-24 10:10:05,6066.5,331580
2021-06-24 10:10:06,6066.5,331580
2021-06-24 10:10:07,6066.8,331608
2021-06-24 10:10:08,6066.8,331608
2021-06-24 10:10:09,6067.0,331609
2021-06-24 10:10:09,6066.8,331608
2021-06-24 10:10:10,6067.0,331616
2021-06-24 10:10:11,6067.0,331616
2021-06-24 10:10:13,6067.0,331617
2021-06-24 10:10:14,6067.0,331617
2021-06-24 10:10:15,6067.0,331617
2021-06-24 10:10:16,6065.15,331737
2021-06-24 10:10:17,6067.35,331839
2021-06-24 10:10:18,6065.15,331855
2021-06-24 10:10:19,6065.15,331855
2021-06-24 10:10:20,6065.15,331855
2021-06-24 10:10:21,6065.75,331859
2021-06-24 10:10:22,6065.3,331909
2021-06-24 10:10:22,6065.3,331909
2021-06-24 10:10:24,6065.0,332113
2021-06-24 10:10:25,6064.0,332370
2021-06-24 10:10:25,6064.0,332370
2021-06-24 10:10:27,6065.3,332376
2021-06-24 10:10:28,6065.0,332416
2021-06-24 10:10:30,6065.3,332469
2021-06-24 10:10:31,6065.75,332521
2021-06-24 10:10:32,6067.0,332581
2021-06-24 10:10:33,6065.4,332583
2021-06-24 10:10:33,6068.0,332966
2021-06-24 10:10:35,6069.9,332995
2021-06-24 10:10:37,6070.0,333020
2021-06-24 10:10:38,6070.0,333030
2021-06-24 10:10:38,6070.0,333032
2021-06-24 10:10:39,6070.0,333032
2021-06-24 10:10:41,6070.0,333197
2021-06-24 10:10:42,6070.0,333228
2021-06-24 10:10:43,6070.0,333229
2021-06-24 10:10:44,6068.25,333239
2021-06-24 10:10:45,6068.25,333274
2021-06-24 10:10:46,6070.0,333295
2021-06-24 10:10:47,6070.0,333315
2021-06-24 10:10:48,6070.0,333315
2021-06-24 10:10:49,6070.0,333318
2021-06-24 10:10:49,6070.0,333318
2021-06-24 10:10:51,6068.35,333388
2021-06-24 10:10:53,6072.1,333988
2021-06-24 10:10:54,6068.6,333993
2021-06-24 10:10:54,6068.6,333993
2021-06-24 10:10:57,6067.85,334561
2021-06-24 10:10:58,6067.0,334613
2021-06-24 10:10:59,6065.55,334616
2021-06-24 10:11:02,6065.0,334626
2021-06-24 10:11:03,6067.5,334690
2021-06-24 10:11:04,6067.5,334690
2021-06-24 10:11:05,6068.25,334715
2021-06-24 10:11:05,6068.25,334715
2021-06-24 10:11:07,6066.65,334725
2021-06-24 10:11:08,6066.65,334725
2021-06-24 10:11:09,6068.95,334826
2021-06-24 10:11:10,6068.95,334826
2021-06-24 10:11:10,6068.95,334826
2021-06-24 10:11:11,6070.0,334851
2021-06-24 10:11:12,6067.2,334931
2021-06-24 10:11:14,6069.35,334959
2021-06-24 10:11:15,6069.35,334959
2021-06-24 10:11:16,6066.5,334964
2021-06-24 10:11:17,6069.1,334990
2021-06-24 10:11:18,6069.05,335005
2021-06-24 10:11:18,6069.05,335005
2021-06-24 10:11:20,6066.55,335016
2021-06-24 10:11:21,6066.0,335098
2021-06-24 10:11:22,6066.0,335098
2021-06-24 10:11:23,6066.05,340106
2021-06-24 10:11:24,6066.05,340106
2021-06-24 10:11:25,6066.5,340108
2021-06-24 10:11:25,6066.5,340111
2021-06-24 10:11:26,6066.5,340111
2021-06-24 10:11:27,6066.5,340111
2021-06-24 10:11:28,6066.5,340111
2021-06-24 10:11:30,6067.75,340114
2021-06-24 10:11:31,6069.0,340118
2021-06-24 10:11:32,6067.7,340168
2021-06-24 10:11:33,6067.3,340240
2021-06-24 10:11:35,6068.2,340280
2021-06-24 10:11:34,6069.0,340277
2021-06-24 10:11:36,6069.0,340306
2021-06-24 10:11:37,6067.2,340316
2021-06-24 10:11:38,6067.2,340320
2021-06-24 10:11:39,6067.2,340320
2021-06-24 10:11:40,6067.2,340325
2021-06-24 10:11:41,6067.2,340325
2021-06-24 10:11:42,6067.2,340328
2021-06-24 10:11:43,6069.0,340338
2021-06-24 10:11:44,6069.0,340358
2021-06-24 10:11:45,6069.0,340362
2021-06-24 10:11:47,6069.0,340362
2021-06-24 10:11:46,6069.0,340362
2021-06-24 10:11:48,6067.25,340504
2021-06-24 10:11:49,6065.0,341083
2021-06-24 10:11:50,6065.0,341138
2021-06-24 10:11:51,6065.1,341192
2021-06-24 10:11:52,6065.1,341192
2021-06-24 10:11:53,6067.2,341207
2021-06-24 10:11:54,6067.7,341392
2021-06-24 10:11:55,6067.7,341392
2021-06-24 10:11:56,6065.0,341518
2021-06-24 10:11:57,6067.25,341520
2021-06-24 10:11:58,6067.2,341610
2021-06-24 10:11:59,6067.55,341626
2021-06-24 10:12:00,6067.55,341626
2021-06-24 10:12:01,6067.55,341626
2021-06-24 10:12:02,6066.0,341652
2021-06-24 10:12:03,6066.0,341652
2021-06-24 10:12:05,6066.6,341678
2021-06-24 10:12:07,6065.0,342079
2021-06-24 10:12:06,6065.0,342079
2021-06-24 10:12:08,6065.0,342079
2021-06-24 10:12:09,6065.5,342084
2021-06-24 10:12:10,6065.0,342089
2021-06-24 10:12:11,6065.9,342111
2021-06-24 10:12:12,6065.0,342116
2021-06-24 10:12:13,6065.0,342122
2021-06-24 10:12:14,6065.0,342122
2021-06-24 10:12:15,6065.0,342122
2021-06-24 10:12:16,6065.05,342123
2021-06-24 10:12:17,6065.5,342124
2021-06-24 10:12:18,6065.05,342139
2021-06-24 10:12:19,6065.0,342179
2021-06-24 10:12:20,6065.5,342234
2021-06-24 10:12:21,6065.0,342242
2021-06-24 10:12:22,6066.8,342393
2021-06-24 10:12:23,6066.4,342405
2021-06-24 10:12:24,6066.4,342743
2021-06-24 10:12:25,6065.0,342766
2021-06-24 10:12:26,6065.0,342786
2021-06-24 10:12:27,6066.25,342796
2021-06-24 10:12:28,6066.7,342797
2021-06-24 10:12:29,6066.7,342797
2021-06-24 10:12:30,6065.0,342802
2021-06-24 10:12:31,6067.1,342818
2021-06-24 10:12:32,6065.0,342943
2021-06-24 10:12:33,6065.0,342943
2021-06-24 10:12:34,6067.0,342944
2021-06-24 10:12:35,6066.0,342974
2021-06-24 10:12:36,6066.0,342975
2021-06-24 10:12:37,6066.0,342980
2021-06-24 10:12:38,6066.0,342980
2021-06-24 10:12:39,6066.9,342981
2021-06-24 10:12:40,6066.9,342981
2021-06-24 10:12:41,6066.9,342986
2021-06-24 10:12:42,6066.9,342986
2021-06-24 10:12:44,6066.6,343269
2021-06-24 10:12:45,6066.6,343269
2021-06-24 10:12:47,6066.6,343269
2021-06-24 10:12:48,6063.0,343271
2021-06-24 10:12:49,6063.0,343272
2021-06-24 10:12:50,6065.25,343287
2021-06-24 10:12:51,6065.25,343287
2021-06-24 10:12:53,6065.25,343287
2021-06-24 10:12:52,6065.25,343287
2021-06-24 10:12:54,6063.0,343291
2021-06-24 10:12:55,6063.0,343307
2021-06-24 10:12:56,6065.5,343378
2021-06-24 10:12:57,6065.0,343383
2021-06-24 10:12:58,6064.95,343400
2021-06-24 10:12:59,6065.0,343443
2021-06-24 10:13:00,6063.0,343470
2021-06-24 10:13:01,6063.0,343570
2021-06-24 10:13:03,6063.0,343570
2021-06-24 10:13:02,6063.0,343570
2021-06-24 10:13:04,6063.0,343570
2021-06-24 10:13:05,6065.0,343599
2021-06-24 10:13:06,6065.0,343599
2021-06-24 10:13:07,6065.0,343599
2021-06-24 10:13:09,6065.0,343599
2021-06-24 10:13:08,6065.0,343599
2021-06-24 10:13:10,6063.0,343619
2021-06-24 10:13:11,6063.0,343619
2021-06-24 10:13:12,6065.0,343641
2021-06-24 10:13:14,6065.0,343684
2021-06-24 10:13:15,6063.75,343784
2021-06-24 10:13:17,6064.25,343894
2021-06-24 10:13:18,6064.1,343898
2021-06-24 10:13:19,6064.1,343898
2021-06-24 10:13:20,6063.0,343948
2021-06-24 10:13:22,6063.1,343956
2021-06-24 10:13:23,6063.1,343956
2021-06-24 10:13:25,6063.1,343967
2021-06-24 10:13:26,6063.1,343967
2021-06-24 10:13:27,6064.0,343981
2021-06-24 10:13:28,6064.0,343981
2021-06-24 10:13:29,6063.1,343985
2021-06-24 10:13:30,6064.95,343986
2021-06-24 10:13:31,6063.15,344007
2021-06-24 10:13:32,6065.0,344037
2021-06-24 10:13:33,6065.0,344047
2021-06-24 10:13:34,6065.0,344047
2021-06-24 10:13:35,6065.0,344074
2021-06-24 10:13:36,6064.0,344075
2021-06-24 10:13:37,6064.0,344080
2021-06-24 10:13:38,6065.0,344095
2021-06-24 10:13:39,6065.0,344103
2021-06-24 10:13:40,6064.8,344116
2021-06-24 10:13:42,6064.0,344349
2021-06-24 10:13:43,6064.0,344349
2021-06-24 10:13:43,6067.0,344449
2021-06-24 10:13:44,6067.0,344449
2021-06-24 10:13:46,6064.95,344451
2021-06-24 10:13:47,6064.95,344451
2021-06-24 10:13:47,6064.95,344451
2021-06-24 10:13:48,6064.95,344451
2021-06-24 10:13:49,6065.0,344618
2021-06-24 10:13:50,6065.6,344625
2021-06-24 10:13:51,6064.0,344671
2021-06-24 10:13:52,6064.0,344671
2021-06-24 10:13:53,6064.0,344671
2021-06-24 10:13:55,6066.15,344711
2021-06-24 10:13:55,6066.15,344711
2021-06-24 10:13:56,6066.2,344721
2021-06-24 10:13:57,6064.0,344781
2021-06-24 10:13:58,6064.0,344781
2021-06-24 10:13:59,6066.0,344782
2021-06-24 10:14:00,6066.0,344782
2021-06-24 10:14:01,6066.0,344782
2021-06-24 10:14:02,6066.0,344782
2021-06-24 10:14:03,6066.0,344785
2021-06-24 10:14:04,6065.0,344787
2021-06-24 10:14:05,6066.0,344804
2021-06-24 10:14:06,6066.0,344804
2021-06-24 10:14:07,6067.0,344839
2021-06-24 10:14:09,6067.0,344839
2021-06-24 10:14:09,6067.0,344839
2021-06-24 10:14:10,6066.05,344841
2021-06-24 10:14:11,6066.05,344841
2021-06-24 10:14:12,6066.0,344901
2021-06-24 10:14:13,6067.0,344902
2021-06-24 10:14:14,6065.3,344912
2021-06-24 10:14:15,6065.3,344912
2021-06-24 10:14:16,6065.3,344912
2021-06-24 10:14:17,6068.4,345062
2021-06-24 10:14:18,6067.0,345136
2021-06-24 10:14:20,6068.55,345283
2021-06-24 10:14:19,6068.55,345283
2021-06-24 10:14:21,6069.55,345353
2021-06-24 10:14:22,6065.8,345418
2021-06-24 10:14:23,6065.3,345443
2021-06-24 10:14:24,6065.5,345461
2021-06-24 10:14:25,6065.4,345476
2021-06-24 10:14:26,6065.3,345493
2021-06-24 10:14:27,6065.3,345508
2021-06-24 10:14:29,6065.3,345527
2021-06-24 10:14:29,6065.3,345527
2021-06-24 10:14:30,6065.3,345527
2021-06-24 10:14:31,6067.95,345529
2021-06-24 10:14:32,6067.95,345529
2021-06-24 10:14:33,6068.0,345531
2021-06-24 10:14:34,6065.85,345538
2021-06-24 10:14:35,6068.0,345613
2021-06-24 10:14:36,6068.0,345613
2021-06-24 10:14:38,6068.0,345613
2021-06-24 10:14:38,6068.0,345613
2021-06-24 10:14:39,6067.95,345635
2021-06-24 10:14:40,6067.95,345635
2021-06-24 10:14:41,6068.0,345645
2021-06-24 10:14:42,6068.0,345645
2021-06-24 10:14:43,6068.0,345645
2021-06-24 10:14:46,6068.0,345645
2021-06-24 10:14:47,6066.4,345671
2021-06-24 10:14:48,6066.4,345671
2021-06-24 10:14:49,6066.4,345671
2021-06-24 10:14:50,6066.4,345671
2021-06-24 10:14:52,6066.4,345671
2021-06-24 10:14:52,6066.4,345671
2021-06-24 10:14:53,6066.4,345671
2021-06-24 10:14:54,6066.4,345671
2021-06-24 10:14:55,6066.3,345698
2021-06-24 10:14:56,6066.5,345712
2021-06-24 10:14:57,6066.5,345712
2021-06-24 10:14:59,6068.0,345733
2021-06-24 10:15:00,6066.5,345735
2021-06-24 10:15:01,6066.5,345739
2021-06-24 10:15:02,6068.0,345789
2021-06-24 10:15:05,6068.0,345826
2021-06-24 10:15:05,6068.0,345826
2021-06-24 10:15:06,6068.0,345827
2021-06-24 10:15:07,6068.0,345827
2021-06-24 10:15:08,6068.0,345827
2021-06-24 10:15:09,6068.0,345834
2021-06-24 10:15:10,6068.0,345834
2021-06-24 10:15:11,6068.0,345844
2021-06-24 10:15:12,6066.5,345912
2021-06-24 10:15:15,6066.5,345912
2021-06-24 10:15:16,6066.5,345912
2021-06-24 10:15:17,6066.5,345919
2021-06-24 10:15:19,6067.1,345952
2021-06-24 10:15:20,6068.0,346185
2021-06-24 10:15:21,6068.0,346185
2021-06-24 10:15:22,6067.2,346215
2021-06-24 10:15:22,6067.2,346215
2021-06-24 10:15:23,6067.2,346215
2021-06-24 10:15:24,6067.2,346215
2021-06-24 10:15:25,6067.2,346215
2021-06-24 10:15:26,6069.0,346220
2021-06-24 10:15:27,6068.0,346221
2021-06-24 10:15:28,6068.0,346231
2021-06-24 10:15:29,6068.0,346231
2021-06-24 10:15:30,6067.15,346232
2021-06-24 10:15:31,6068.55,346247
2021-06-24 10:15:33,6068.55,346247
2021-06-24 10:15:34,6067.15,346342
2021-06-24 10:15:34,6067.15,346342
2021-06-24 10:15:35,6069.4,346378
2021-06-24 10:15:36,6069.4,346378
2021-06-24 10:15:37,6069.4,346406
2021-06-24 10:15:38,6068.05,346408
2021-06-24 10:15:39,6067.35,346593
2021-06-24 10:15:40,6067.0,346993
2021-06-24 10:15:41,6067.0,346993
2021-06-24 10:15:42,6067.0,346993
2021-06-24 10:15:44,6067.0,346993
2021-06-24 10:15:44,6067.0,346993
2021-06-24 10:15:45,6067.5,347001
2021-06-24 10:15:47,6068.05,347011
2021-06-24 10:15:49,6067.5,347091
2021-06-24 10:15:50,6067.5,347091
2021-06-24 10:15:50,6067.5,347091
2021-06-24 10:15:51,6067.5,347091
2021-06-24 10:15:52,6067.5,347091
2021-06-24 10:15:53,6069.0,347092
2021-06-24 10:15:54,6069.0,347092
2021-06-24 10:15:55,6069.0,347092
2021-06-24 10:15:56,6069.0,347092
2021-06-24 10:15:57,6069.2,347122
2021-06-24 10:15:58,6069.2,347122
2021-06-24 10:15:59,6068.0,347165
2021-06-24 10:16:01,6068.75,347191
2021-06-24 10:16:02,6067.5,347202
2021-06-24 10:16:02,6068.75,347191
2021-06-24 10:16:03,6067.5,347331
2021-06-24 10:16:04,6067.5,347331
2021-06-24 10:16:05,6067.5,347331
2021-06-24 10:16:06,6069.9,347352
2021-06-24 10:16:07,6070.0,347452
2021-06-24 10:16:08,6069.2,347509
2021-06-24 10:16:09,6070.0,347513
2021-06-24 10:16:10,6070.0,347518
2021-06-24 10:16:12,6070.0,347536
2021-06-24 10:16:13,6070.0,347536
2021-06-24 10:16:14,6070.0,347540
2021-06-24 10:16:15,6070.0,347890
2021-06-24 10:16:16,6068.05,348035
2021-06-24 10:16:17,6068.05,348035
2021-06-24 10:16:17,6068.05,348035
2021-06-24 10:16:18,6068.05,348035
2021-06-24 10:16:20,6068.0,348116
2021-06-24 10:16:22,6067.5,348136
2021-06-24 10:16:23,6068.0,348146
2021-06-24 10:16:24,6069.5,348190
2021-06-24 10:16:24,6069.5,348190
2021-06-24 10:16:25,6067.5,348191
2021-06-24 10:16:27,6069.95,348194
2021-06-24 10:16:29,6069.95,348194
2021-06-24 10:16:30,6069.95,348195
2021-06-24 10:16:31,6067.75,348258
2021-06-24 10:16:32,6067.75,348258
2021-06-24 10:16:32,6067.75,348258
2021-06-24 10:16:33,6067.7,348260
2021-06-24 10:16:34,6067.7,348260
2021-06-24 10:16:35,6069.95,348286
2021-06-24 10:16:36,6067.7,348289
2021-06-24 10:16:38,6068.9,348291
2021-06-24 10:16:39,6068.9,348291
2021-06-24 10:16:41,6068.9,348910
2021-06-24 10:16:41,6068.9,348910
2021-06-24 10:16:42,6068.9,348910
2021-06-24 10:16:43,6068.9,348926
2021-06-24 10:16:45,6068.9,348926
2021-06-24 10:16:45,6068.9,348926
2021-06-24 10:16:46,6069.15,348937
2021-06-24 10:16:47,6069.15,348937
2021-06-24 10:16:49,6068.9,348987
2021-06-24 10:16:50,6068.9,348987
2021-06-24 10:16:50,6068.9,348987
2021-06-24 10:16:51,6069.6,349002
2021-06-24 10:16:52,6069.6,349002
2021-06-24 10:16:53,6069.6,349002
2021-06-24 10:16:54,6069.6,349002
2021-06-24 10:16:56,6069.2,349003
2021-06-24 10:16:57,6069.0,349103
2021-06-24 10:16:58,6070.0,349104
2021-06-24 10:16:59,6070.0,349104
2021-06-24 10:16:59,6070.0,349104
2021-06-24 10:17:00,6070.0,349104
2021-06-24 10:17:01,6069.1,349109
2021-06-24 10:17:02,6069.1,349135
2021-06-24 10:17:03,6069.1,349135
2021-06-24 10:17:05,6070.0,349159
2021-06-24 10:17:07,6070.05,349169
2021-06-24 10:17:08,6071.0,349185
2021-06-24 10:17:09,6070.05,349195
2021-06-24 10:17:10,6071.0,349224
2021-06-24 10:17:13,6072.0,349238
2021-06-24 10:17:15,6074.7,349570
2021-06-24 10:17:16,6074.55,349571
2021-06-24 10:17:16,6074.55,349571
2021-06-24 10:17:18,6074.4,349606
2021-06-24 10:17:19,6074.5,349607
2021-06-24 10:17:20,6074.55,349612
2021-06-24 10:17:20,6074.55,349612
2021-06-24 10:17:21,6074.85,349662
2021-06-24 10:17:22,6073.8,349799
2021-06-24 10:17:23,6074.2,349809
2021-06-24 10:17:24,6074.2,349809
2021-06-24 10:17:26,6073.6,349812
2021-06-24 10:17:27,6073.6,349812
2021-06-24 10:17:28,6073.6,349812
2021-06-24 10:17:29,6074.95,349837
2021-06-24 10:17:29,6074.95,349837
2021-06-24 10:17:30,6073.95,349839
2021-06-24 10:17:31,6073.95,349839
2021-06-24 10:17:32,6074.0,349890
2021-06-24 10:17:34,6074.0,349915
2021-06-24 10:17:36,6074.0,350002
2021-06-24 10:17:36,6074.0,350002
2021-06-24 10:17:38,6073.0,350003
2021-06-24 10:17:39,6074.6,350006
2021-06-24 10:17:40,6073.0,350131
2021-06-24 10:17:41,6073.0,350257
2021-06-24 10:17:42,6073.0,350257
2021-06-24 10:17:45,6074.6,350279
2021-06-24 10:17:45,6074.6,350279
2021-06-24 10:17:46,6073.95,350382
2021-06-24 10:17:47,6073.95,350382
2021-06-24 10:17:48,6073.95,350382
2021-06-24 10:17:49,6074.6,350414
2021-06-24 10:17:50,6073.0,350479
2021-06-24 10:17:51,6073.0,350529
2021-06-24 10:17:52,6074.0,350730
2021-06-24 10:17:54,6073.0,350735
2021-06-24 10:17:55,6074.0,350741
2021-06-24 10:17:56,6074.95,350762
2021-06-24 10:17:57,6074.95,350782
2021-06-24 10:17:58,6074.95,350782
2021-06-24 10:17:59,6074.55,350797
2021-06-24 10:18:00,6074.55,350797
2021-06-24 10:18:01,6075.0,351502
2021-06-24 10:18:01,6075.0,351502
2021-06-24 10:18:02,6075.0,351508
2021-06-24 10:18:03,6075.0,351509
2021-06-24 10:18:04,6074.1,351544
2021-06-24 10:18:06,6074.1,351595
2021-06-24 10:18:07,6075.0,351630
2021-06-24 10:18:08,6075.0,351630
2021-06-24 10:18:08,6074.6,351631
2021-06-24 10:18:09,6074.6,351637
2021-06-24 10:18:12,6074.55,351789
2021-06-24 10:18:12,6074.55,351814
2021-06-24 10:18:14,6074.8,351815
2021-06-24 10:18:14,6074.0,351865
2021-06-24 10:18:16,6074.0,351875
2021-06-24 10:18:16,6074.0,351879
2021-06-24 10:18:18,6075.0,351885
2021-06-24 10:18:19,6075.0,351885
2021-06-24 10:18:20,6074.55,351914
2021-06-24 10:18:21,6074.3,351925
2021-06-24 10:18:21,6074.3,351925
2021-06-24 10:18:22,6074.3,351925
2021-06-24 10:18:23,6075.0,352025
2021-06-24 10:18:25,6078.0,352694
2021-06-24 10:18:26,6075.7,352726
2021-06-24 10:18:27,6075.75,352731
2021-06-24 10:18:27,6075.75,352731
2021-06-24 10:18:28,6078.0,352732
2021-06-24 10:18:29,6075.6,352842
2021-06-24 10:18:30,6078.0,353059
2021-06-24 10:18:31,6078.0,353059
2021-06-24 10:18:33,6076.05,353224
2021-06-24 10:18:34,6076.15,353227
2021-06-24 10:18:35,6079.1,353255
2021-06-24 10:18:35,6079.1,353255
2021-06-24 10:18:36,6078.0,353271
2021-06-24 10:18:37,6079.35,353272
2021-06-24 10:18:38,6076.5,353311
2021-06-24 10:18:39,6079.15,353331
2021-06-24 10:18:40,6076.0,353462
2021-06-24 10:18:41,6078.8,353577
2021-06-24 10:18:42,6078.8,353577
2021-06-24 10:18:44,6078.85,353579
2021-06-24 10:18:45,6078.95,353615
2021-06-24 10:18:47,6077.0,353630
2021-06-24 10:18:48,6074.1,354630
2021-06-24 10:18:48,6074.1,354630
2021-06-24 10:18:49,6074.1,354698
2021-06-24 10:18:50,6075.7,354720
2021-06-24 10:18:52,6076.2,354745
2021-06-24 10:18:52,6076.15,354746
2021-06-24 10:18:54,6076.5,354750
2021-06-24 10:18:55,6077.15,354841
2021-06-24 10:18:56,6076.8,354858
2021-06-24 10:18:56,6076.8,354858
2021-06-24 10:18:57,6075.0,354862
2021-06-24 10:18:58,6076.0,354914
2021-06-24 10:18:59,6076.0,354914
2021-06-24 10:19:01,6077.1,354919
2021-06-24 10:19:02,6077.1,354919
2021-06-24 10:19:03,6077.1,354919
2021-06-24 10:19:04,6077.1,354919
2021-06-24 10:19:05,6074.75,355163
2021-06-24 10:19:06,6075.5,355165
2021-06-24 10:19:07,6077.15,355180
2021-06-24 10:19:07,6078.05,355280
2021-06-24 10:19:08,6077.1,355285
2021-06-24 10:19:09,6077.1,355286
2021-06-24 10:19:10,6077.05,355368
2021-06-24 10:19:12,6076.0,355373
2021-06-24 10:19:13,6077.55,355500
2021-06-24 10:19:14,6077.55,355515
2021-06-24 10:19:15,6077.55,355515
2021-06-24 10:19:16,6077.95,355530
2021-06-24 10:19:17,6075.4,355570
2021-06-24 10:19:17,6075.4,355570
2021-06-24 10:19:18,6075.4,355570
2021-06-24 10:19:19,6075.4,355570
2021-06-24 10:19:20,6075.4,355570
2021-06-24 10:19:21,6075.4,355570
2021-06-24 10:19:25,6077.0,355574
2021-06-24 10:19:26,6077.0,355574
2021-06-24 10:19:27,6077.0,355588
2021-06-24 10:19:28,6077.0,355588
2021-06-24 10:19:28,6075.0,355613
2021-06-24 10:19:29,6075.0,355613
2021-06-24 10:19:30,6075.1,355679
2021-06-24 10:19:31,6077.0,355721
2021-06-24 10:19:32,6077.4,355728
2021-06-24 10:19:34,6077.25,355730
2021-06-24 10:19:35,6077.35,355833
2021-06-24 10:19:36,6075.3,355902
2021-06-24 10:19:37,6075.3,355902
2021-06-24 10:19:38,6077.4,355938
2021-06-24 10:19:39,6077.4,355938
2021-06-24 10:19:39,6077.4,355938
2021-06-24 10:19:40,6076.0,356045
2021-06-24 10:19:41,6076.0,356096
2021-06-24 10:19:42,6076.05,356115
2021-06-24 10:19:43,6077.55,356135
2021-06-24 10:19:45,6077.55,356135
2021-06-24 10:19:46,6077.55,356135
2021-06-24 10:19:46,6077.55,356135
2021-06-24 10:19:49,6077.55,356135
2021-06-24 10:19:50,6079.0,356310
2021-06-24 10:19:50,6078.9,356311
2021-06-24 10:19:51,6078.9,356324
2021-06-24 10:19:53,6078.9,356324
2021-06-24 10:19:54,6078.75,356325
2021-06-24 10:19:55,6078.75,356352
2021-06-24 10:19:56,6077.0,356368
2021-06-24 10:19:57,6077.25,356389
2021-06-24 10:19:57,6077.25,356389
2021-06-24 10:19:58,6077.5,356390
2021-06-24 10:19:59,6077.5,356390
2021-06-24 10:20:00,6077.4,356518
2021-06-24 10:20:01,6077.4,356518
2021-06-24 10:20:02,6076.0,356586
2021-06-24 10:20:04,6078.35,356638
2021-06-24 10:20:05,6078.45,356724
2021-06-24 10:20:06,6076.0,357044
2021-06-24 10:20:08,6076.25,357054
2021-06-24 10:20:09,6075.0,357283
2021-06-24 10:20:11,6076.0,357284
2021-06-24 10:20:12,6076.95,357295
2021-06-24 10:20:13,6076.95,357295
2021-06-24 10:20:14,6076.7,357308
2021-06-24 10:20:15,6076.7,357308
2021-06-24 10:20:17,6075.4,357343
2021-06-24 10:20:18,6075.4,357343
2021-06-24 10:20:19,6075.4,357343
2021-06-24 10:20:20,6077.0,357390
2021-06-24 10:20:20,6077.0,357390
2021-06-24 10:20:22,6077.0,357391
2021-06-24 10:20:23,6076.95,357394
2021-06-24 10:20:24,6076.95,357394
2021-06-24 10:20:25,6076.9,357399
2021-06-24 10:20:25,6076.9,357399
2021-06-24 10:20:26,6074.25,357447
2021-06-24 10:20:27,6074.25,357447
2021-06-24 10:20:28,6074.25,357447
2021-06-24 10:20:30,6076.25,357456
2021-06-24 10:20:31,6075.4,357487
2021-06-24 10:20:32,6075.4,357546
2021-06-24 10:20:33,6074.25,357705
2021-06-24 10:20:34,6075.35,357756
2021-06-24 10:20:34,6074.1,357786
2021-06-24 10:20:35,6075.25,357841
2021-06-24 10:20:36,6075.3,357864
2021-06-24 10:20:37,6075.3,357864
2021-06-24 10:20:38,6075.3,357872
2021-06-24 10:20:39,6075.05,357902
2021-06-24 10:20:41,6075.25,358093
2021-06-24 10:20:43,6075.3,358589
2021-06-24 10:20:45,6075.0,358590
2021-06-24 10:20:46,6075.0,358590
2021-06-24 10:20:47,6075.0,358590
2021-06-24 10:20:48,6075.0,358590
2021-06-24 10:20:49,6074.95,358595
2021-06-24 10:20:50,6075.0,358745
2021-06-24 10:20:51,6075.0,358745
2021-06-24 10:20:52,6075.05,358750
2021-06-24 10:20:53,6074.0,358780
2021-06-24 10:20:54,6074.0,358780
2021-06-24 10:20:55,6074.0,358781
2021-06-24 10:20:56,6074.0,358781
2021-06-24 10:20:57,6074.0,358781
2021-06-24 10:20:57,6074.0,358781
2021-06-24 10:20:58,6074.0,358781
2021-06-24 10:21:00,6074.55,358782
2021-06-24 10:21:01,6074.0,359078
2021-06-24 10:21:02,6073.0,359114
2021-06-24 10:21:03,6073.0,359114
2021-06-24 10:21:03,6074.0,359121
2021-06-24 10:21:04,6074.0,359121
2021-06-24 10:21:05,6073.0,359186
2021-06-24 10:21:06,6074.0,359306
2021-06-24 10:21:07,6073.0,359317
2021-06-24 10:21:08,6073.0,359317
2021-06-24 10:21:09,6073.0,359317
2021-06-24 10:21:11,6073.0,359387
2021-06-24 10:21:12,6073.0,359387
2021-06-24 10:21:13,6073.0,359387
2021-06-24 10:21:14,6074.0,359402
2021-06-24 10:21:15,6073.1,359421
2021-06-24 10:21:16,6073.1,359421
2021-06-24 10:21:16,6073.05,359430
2021-06-24 10:21:19,6073.0,359961
2021-06-24 10:21:20,6073.0,359961
2021-06-24 10:21:21,6073.1,359971
2021-06-24 10:21:22,6074.0,359996
2021-06-24 10:21:23,6074.0,359996
2021-06-24 10:21:24,6073.0,360006
2021-06-24 10:21:25,6074.0,360013
2021-06-24 10:21:25,6074.0,360013
2021-06-24 10:21:27,6073.0,360023
2021-06-24 10:21:28,6074.0,360084
2021-06-24 10:21:29,6073.0,360100
2021-06-24 10:21:30,6073.0,360100
2021-06-24 10:21:31,6073.0,360100
2021-06-24 10:21:32,6073.0,360100
2021-06-24 10:21:33,6073.0,360151
2021-06-24 10:21:34,6074.0,360156
2021-06-24 10:21:34,6074.0,360152
2021-06-24 10:21:36,6074.0,360181
2021-06-24 10:21:37,6074.0,360183
2021-06-24 10:21:38,6073.05,360185
2021-06-24 10:21:39,6074.0,360228
2021-06-24 10:21:39,6074.0,360234
2021-06-24 10:21:40,6074.0,360234
2021-06-24 10:21:42,6074.0,360236
2021-06-24 10:21:43,6074.0,360244
2021-06-24 10:21:44,6074.0,360244
2021-06-24 10:21:45,6074.0,360244
2021-06-24 10:21:46,6074.0,360246
2021-06-24 10:21:47,6073.0,360405
2021-06-24 10:21:48,6073.0,360405
2021-06-24 10:21:49,6073.1,360414
2021-06-24 10:21:50,6074.0,360443
2021-06-24 10:21:51,6073.15,360453
2021-06-24 10:21:52,6073.15,360453
2021-06-24 10:21:52,6073.15,360453
2021-06-24 10:21:54,6073.15,360453
2021-06-24 10:21:55,6073.15,360453
2021-06-24 10:21:56,6073.15,360456
2021-06-24 10:21:57,6074.05,360889
2021-06-24 10:21:58,6074.05,360889
2021-06-24 10:21:59,6074.05,360889
2021-06-24 10:21:59,6074.05,360889
2021-06-24 10:22:00,6074.0,360893
2021-06-24 10:22:02,6073.9,360903
2021-06-24 10:22:03,6073.95,360905
2021-06-24 10:22:03,6074.0,360908
2021-06-24 10:22:04,6075.3,361458
2021-06-24 10:22:06,6075.45,361483
2021-06-24 10:22:07,6074.1,361489
2021-06-24 10:22:08,6074.05,361499
2021-06-24 10:22:09,6074.05,361499
2021-06-24 10:22:10,6074.05,361499
2021-06-24 10:22:12,6074.05,361500
2021-06-24 10:22:11,6074.05,361500
2021-06-24 10:22:13,6074.1,361501
2021-06-24 10:22:14,6074.05,361553
2021-06-24 10:22:15,6075.0,361554
2021-06-24 10:22:16,6075.0,361589
2021-06-24 10:22:17,6074.05,361614
2021-06-24 10:22:18,6076.95,362114
2021-06-24 10:22:19,6076.95,362121
2021-06-24 10:22:20,6073.6,362150
2021-06-24 10:22:21,6076.35,362204
2021-06-24 10:22:22,6076.9,362210
2021-06-24 10:22:23,6076.9,362210
2021-06-24 10:22:24,6074.25,362215
2021-06-24 10:22:25,6076.95,362241
2021-06-24 10:22:26,6076.95,362252
2021-06-24 10:22:27,6078.0,362387
2021-06-24 10:22:28,6076.05,362688
2021-06-24 10:22:29,6076.05,362688
2021-06-24 10:22:30,6078.0,362690
2021-06-24 10:22:31,6078.5,362881
2021-06-24 10:22:33,6077.2,362883
2021-06-24 10:22:32,6077.2,362883
2021-06-24 10:22:34,6076.05,362884
2021-06-24 10:22:35,6076.05,362893
2021-06-24 10:22:36,6076.05,362893
2021-06-24 10:22:37,6076.05,362893
2021-06-24 10:22:38,6076.95,362894
2021-06-24 10:22:39,6076.1,362897
2021-06-24 10:22:40,6076.1,362898
2021-06-24 10:22:41,6076.95,362901
2021-06-24 10:22:44,6076.95,362939
2021-06-24 10:22:45,6076.95,362954
2021-06-24 10:22:47,6076.95,363039
2021-06-24 10:22:46,6076.95,362984
2021-06-24 10:22:48,6076.2,363056
2021-06-24 10:22:49,6076.95,363076
2021-06-24 10:22:50,6077.0,363093
2021-06-24 10:22:51,6076.2,363102
2021-06-24 10:22:52,6076.2,363102
2021-06-24 10:22:53,6076.2,363137
2021-06-24 10:22:55,6071.2,364052
2021-06-24 10:22:56,6071.2,364052
2021-06-24 10:22:57,6073.55,364103
2021-06-24 10:22:58,6073.5,364104
2021-06-24 10:22:59,6073.5,364104
2021-06-24 10:23:00,6073.25,364124
2021-06-24 10:23:01,6073.85,364134
2021-06-24 10:23:02,6073.85,364134
2021-06-24 10:23:03,6073.0,364161
2021-06-24 10:23:04,6073.0,364163
2021-06-24 10:23:05,6073.0,364189
2021-06-24 10:23:06,6073.0,364198
2021-06-24 10:23:07,6073.0,364198
2021-06-24 10:23:08,6073.0,364398
2021-06-24 10:23:09,6073.0,364403
2021-06-24 10:23:10,6072.0,364421
2021-06-24 10:23:11,6072.0,364431
2021-06-24 10:23:12,6072.0,364431
2021-06-24 10:23:13,6072.0,364446
2021-06-24 10:23:15,6073.9,364558
2021-06-24 10:23:16,6073.9,364558
2021-06-24 10:23:17,6073.9,364558
2021-06-24 10:23:18,6071.0,364624
2021-06-24 10:23:19,6071.0,364627
2021-06-24 10:23:20,6071.0,364822
2021-06-24 10:23:21,6071.0,364862
2021-06-24 10:23:22,6071.0,364884
2021-06-24 10:23:23,6071.0,364884
2021-06-24 10:23:24,6069.0,364909
2021-06-24 10:23:25,6069.0,364909
2021-06-24 10:23:27,6069.0,364923
2021-06-24 10:23:28,6069.0,364923
2021-06-24 10:23:29,6069.95,364927
2021-06-24 10:23:30,6070.0,364931
2021-06-24 10:23:31,6069.0,365225
2021-06-24 10:23:32,6068.2,365227
2021-06-24 10:23:33,6067.0,365372
2021-06-24 10:23:34,6067.0,365372
2021-06-24 10:23:35,6068.0,365397
2021-06-24 10:23:36,6068.0,365412
2021-06-24 10:23:37,6068.0,365412
2021-06-24 10:23:39,6064.1,366179
2021-06-24 10:23:40,6064.1,366179
2021-06-24 10:23:41,6064.0,366252
2021-06-24 10:23:42,6065.0,366259
2021-06-24 10:23:43,6065.0,366259
2021-06-24 10:23:44,6065.0,366259
2021-06-24 10:23:45,6065.0,366279
2021-06-24 10:23:46,6064.0,366292
2021-06-24 10:23:47,6065.0,366695
2021-06-24 10:23:48,6065.0,366695
2021-06-24 10:23:49,6063.15,366769
2021-06-24 10:23:50,6063.1,366776
2021-06-24 10:23:51,6063.15,366828
2021-06-24 10:23:52,6063.15,366830
2021-06-24 10:23:53,6064.0,366842
2021-06-24 10:23:54,6064.0,366842
2021-06-24 10:23:55,6066.2,367103
2021-06-24 10:23:56,6066.0,367115
2021-06-24 10:23:57,6068.25,367116
2021-06-24 10:23:58,6066.15,367161
2021-06-24 10:23:59,6066.15,367161
2021-06-24 10:24:00,6066.35,367208
2021-06-24 10:24:01,6068.0,367209
2021-06-24 10:24:02,6069.05,367282
2021-06-24 10:24:03,6068.0,367284
2021-06-24 10:24:04,6068.0,367284
2021-06-24 10:24:05,6070.0,367310
2021-06-24 10:24:06,6070.0,367312
2021-06-24 10:24:07,6070.0,367312
2021-06-24 10:24:08,6069.0,367317
2021-06-24 10:24:09,6069.0,367317
2021-06-24 10:24:10,6069.0,367320
2021-06-24 10:24:11,6069.0,367320
2021-06-24 10:24:12,6069.0,367331
2021-06-24 10:24:13,6071.45,367431
2021-06-24 10:24:14,6071.45,367431
2021-06-24 10:24:15,6070.55,367433
2021-06-24 10:24:16,6070.1,367434
2021-06-24 10:24:17,6070.0,367478
2021-06-24 10:24:18,6068.15,367523
2021-06-24 10:24:19,6068.7,367580
2021-06-24 10:24:21,6068.1,367626
2021-06-24 10:24:22,6068.1,367626
2021-06-24 10:24:22,6068.1,367626
2021-06-24 10:24:23,6068.1,367626
2021-06-24 10:24:24,6068.1,367626
2021-06-24 10:24:25,6068.2,367754
2021-06-24 10:24:26,6066.05,367898
2021-06-24 10:24:27,6066.05,367898
2021-06-24 10:24:28,6065.0,368346
2021-06-24 10:24:29,6065.0,368346
2021-06-24 10:24:31,6065.3,368407
2021-06-24 10:24:32,6065.3,368423
2021-06-24 10:24:33,6065.15,368553
2021-06-24 10:24:35,6065.4,368578
2021-06-24 10:24:36,6065.0,368598
2021-06-24 10:24:37,6065.3,368651
2021-06-24 10:24:38,6063.05,368719
2021-06-24 10:24:39,6063.05,368719
2021-06-24 10:24:40,6065.3,368720
2021-06-24 10:24:41,6065.55,368758
2021-06-24 10:24:42,6065.45,368815
2021-06-24 10:24:43,6063.0,369145
2021-06-24 10:24:44,6065.0,369155
2021-06-24 10:24:45,6065.0,369155
2021-06-24 10:24:46,6065.0,369206
2021-06-24 10:24:47,6065.0,369206
2021-06-24 10:24:48,6063.05,369208
2021-06-24 10:24:49,6063.05,369208
2021-06-24 10:24:50,6066.0,369447
2021-06-24 10:24:51,6064.35,369448
2021-06-24 10:24:52,6064.35,369448
2021-06-24 10:24:53,6064.35,369448
2021-06-24 10:24:55,6067.45,369613
2021-06-24 10:24:55,6069.0,369614
2021-06-24 10:24:56,6070.0,369654
2021-06-24 10:24:57,6067.75,369705
2021-06-24 10:24:58,6067.75,369705
2021-06-24 10:25:00,6070.0,369706
2021-06-24 10:25:00,6070.0,369706
2021-06-24 10:25:01,6067.75,369718
2021-06-24 10:25:03,6069.0,369820
2021-06-24 10:25:04,6069.0,369827
2021-06-24 10:25:05,6068.8,369863
2021-06-24 10:25:06,6068.8,369863
2021-06-24 10:25:07,6068.8,369863
2021-06-24 10:25:09,6071.0,370019
2021-06-24 10:25:10,6070.45,370034
2021-06-24 10:25:11,6071.75,370100
2021-06-24 10:25:12,6070.6,370110
2021-06-24 10:25:14,6072.0,370220
2021-06-24 10:25:15,6073.0,370340
2021-06-24 10:25:16,6073.0,370341
2021-06-24 10:25:18,6072.15,370355
2021-06-24 10:25:18,6072.15,370355
2021-06-24 10:25:20,6072.1,370387
2021-06-24 10:25:20,6073.7,370389
2021-06-24 10:25:21,6072.0,370425
2021-06-24 10:25:22,6072.0,370425
2021-06-24 10:25:23,6072.0,370425
2021-06-24 10:25:24,6072.0,370425
2021-06-24 10:25:26,6072.0,370425
2021-06-24 10:25:27,6072.0,370475
2021-06-24 10:25:26,6072.0,370475
2021-06-24 10:25:28,6073.7,370504
2021-06-24 10:25:29,6073.7,370504
2021-06-24 10:25:30,6075.0,370530
2021-06-24 10:25:31,6075.0,370540
2021-06-24 10:25:32,6075.0,370540
2021-06-24 10:25:34,6076.65,372106
2021-06-24 10:25:34,6076.65,372106
2021-06-24 10:25:35,6076.65,372106
2021-06-24 10:25:36,6076.65,372106
2021-06-24 10:25:37,6077.0,372163
2021-06-24 10:25:38,6077.0,372171
2021-06-24 10:25:39,6077.0,372171
2021-06-24 10:25:40,6076.7,372195
2021-06-24 10:25:41,6074.7,372223
2021-06-24 10:25:42,6077.0,372235
2021-06-24 10:25:43,6077.0,372235
2021-06-24 10:25:44,6077.0,372235
2021-06-24 10:25:45,6074.7,372263
2021-06-24 10:25:46,6076.7,372288
2021-06-24 10:25:48,6077.0,372298
2021-06-24 10:25:48,6077.0,372298
2021-06-24 10:25:49,6076.7,372322
2021-06-24 10:25:50,6076.7,372323
2021-06-24 10:25:52,6075.1,372463
2021-06-24 10:25:52,6075.1,372463
2021-06-24 10:25:53,6075.05,372555
2021-06-24 10:25:54,6075.0,372620
2021-06-24 10:25:55,6075.1,372678
2021-06-24 10:25:56,6073.7,372682
