timestamp,ltp,volume
2021-06-24 09:35:53,534.5,488820
2021-06-24 09:35:55,534.7,488821
2021-06-24 09:35:56,534.7,488846
2021-06-24 09:35:57,534.55,488856
2021-06-24 09:35:58,534.55,488856
2021-06-24 09:35:59,534.7,488956
2021-06-24 09:36:01,534.65,488957
2021-06-24 09:36:02,534.65,488960
2021-06-24 09:36:02,534.65,488960
2021-06-24 09:36:03,534.55,489074
2021-06-24 09:36:05,534.55,489095
2021-06-24 09:36:06,534.55,489116
2021-06-24 09:36:07,534.7,489216
2021-06-24 09:36:08,534.55,489269
2021-06-24 09:36:08,534.55,489269
2021-06-24 09:36:10,534.7,489294
2021-06-24 09:36:11,534.7,489394
2021-06-24 09:36:12,534.7,489394
2021-06-24 09:36:13,534.7,489394
2021-06-24 09:36:14,534.7,489394
2021-06-24 09:36:14,534.7,489394
2021-06-24 09:36:15,534.55,489395
2021-06-24 09:36:16,534.7,489420
2021-06-24 09:36:19,534.5,489473
2021-06-24 09:36:20,534.5,489473
2021-06-24 09:36:21,534.5,489494
2021-06-24 09:36:22,534.7,489944
2021-06-24 09:36:23,534.7,489944
2021-06-24 09:36:24,534.7,490064
2021-06-24 09:36:25,534.7,490064
2021-06-24 09:36:26,534.7,490064
2021-06-24 09:36:26,534.7,490064
2021-06-24 09:36:28,534.7,490064
2021-06-24 09:36:29,534.7,490064
2021-06-24 09:36:30,534.7,490114
2021-06-24 09:36:31,534.7,490114
2021-06-24 09:36:31,534.7,490114
2021-06-24 09:36:32,534.5,490414
2021-06-24 09:36:33,534.5,491010
2021-06-24 09:36:34,534.5,491020
2021-06-24 09:36:36,534.5,491091
2021-06-24 09:36:37,534.5,491291
2021-06-24 09:36:38,534.5,491291
2021-06-24 09:36:39,534.5,491291
2021-06-24 09:36:40,534.5,491291
2021-06-24 09:36:41,534.5,491292
2021-06-24 09:36:42,534.5,491292
2021-06-24 09:36:43,534.5,491342
2021-06-24 09:36:44,534.5,491344
2021-06-24 09:36:44,534.5,491344
2021-06-24 09:36:46,534.5,491344
2021-06-24 09:36:47,534.5,491344
2021-06-24 09:36:48,534.5,491344
2021-06-24 09:36:49,534.5,491349
2021-06-24 09:36:50,534.5,491599
2021-06-24 09:36:51,534.5,491639
2021-06-24 09:36:52,534.5,491739
2021-06-24 09:36:54,534.5,492360
2021-06-24 09:36:55,534.5,492360
2021-06-24 09:36:57,534.2,493487
2021-06-24 09:36:58,534.15,493488
2021-06-24 09:36:59,534.35,493668
2021-06-24 09:37:00,534.35,493668
2021-06-24 09:37:01,534.3,493718
2021-06-24 09:37:01,534.3,493718
2021-06-24 09:37:02,534.35,493733
2021-06-24 09:37:03,534.35,493733
2021-06-24 09:37:04,534.25,493783
2021-06-24 09:37:05,534.4,494005
2021-06-24 09:37:07,534.2,494010
2021-06-24 09:37:08,534.2,494010
2021-06-24 09:37:09,534.4,494110
2021-06-24 09:37:10,534.4,494110
2021-06-24 09:37:11,534.35,494310
2021-06-24 09:37:12,534.2,494560
2021-06-24 09:37:13,534.4,495060
2021-06-24 09:37:13,534.1,495382
2021-06-24 09:37:15,534.25,495407
2021-06-24 09:37:16,534.25,495482
2021-06-24 09:37:17,534.25,495482
2021-06-24 09:37:18,534.1,495582
2021-06-24 09:37:19,534.2,495882
2021-06-24 09:37:19,534.2,495882
2021-06-24 09:37:20,534.05,496002
2021-06-24 09:37:21,534.05,496002
2021-06-24 09:37:22,534.05,496002
2021-06-24 09:37:23,534.1,496004
2021-06-24 09:37:25,534.2,496156
2021-06-24 09:37:27,534.2,496156
2021-06-24 09:37:28,534.2,496156
2021-06-24 09:37:29,534.1,496157
2021-06-24 09:37:30,534.1,496157
2021-06-24 09:37:31,534.2,496257
2021-06-24 09:37:32,534.2,496257
2021-06-24 09:37:33,534.2,496277
2021-06-24 09:37:34,534.2,496278
2021-06-24 09:37:35,534.1,496480
2021-06-24 09:37:36,534.1,496501
2021-06-24 09:37:37,534.4,497259
2021-06-24 09:37:38,534.4,497263
2021-06-24 09:37:39,534.4,497263
2021-06-24 09:37:40,534.4,497263
2021-06-24 09:37:41,534.4,497263
2021-06-24 09:37:42,534.2,497283
2021-06-24 09:37:43,534.4,497583
2021-06-24 09:37:44,534.4,497583
2021-06-24 09:37:45,534.4,497584
2021-06-24 09:37:46,534.4,497584
2021-06-24 09:37:47,534.4,497584
2021-06-24 09:37:48,534.25,497590
2021-06-24 09:37:49,534.25,497590
2021-06-24 09:37:50,534.25,497590
2021-06-24 09:37:51,534.25,497673
2021-06-24 09:37:52,534.25,497673
2021-06-24 09:37:54,534.25,497673
2021-06-24 09:37:55,534.25,497673
2021-06-24 09:37:56,534.25,497682
2021-06-24 09:37:57,534.4,497684
2021-06-24 09:37:58,534.25,497784
2021-06-24 09:37:59,534.2,498108
2021-06-24 09:37:59,534.2,498108
2021-06-24 09:38:01,534.4,498112
2021-06-24 09:38:02,534.4,498112
2021-06-24 09:38:02,534.45,498329
2021-06-24 09:38:05,534.4,498431
2021-06-24 09:38:06,534.5,500817
2021-06-24 09:38:07,534.4,501522
2021-06-24 09:38:08,534.4,501522
2021-06-24 09:38:09,534.4,501522
2021-06-24 09:38:10,534.65,501532
2021-06-24 09:38:10,534.5,501632
2021-06-24 09:38:12,534.5,501632
2021-06-24 09:38:12,534.5,501632
2021-06-24 09:38:13,534.5,501632
2021-06-24 09:38:15,534.4,501662
2021-06-24 09:38:15,534.4,501662
2021-06-24 09:38:17,534.4,501662
2021-06-24 09:38:18,534.4,501662
2021-06-24 09:38:19,534.5,502312
2021-06-24 09:38:19,534.5,502312
2021-06-24 09:38:21,534.5,502332
2021-06-24 09:38:22,534.5,502332
2021-06-24 09:38:23,534.5,502352
2021-06-24 09:38:24,534.5,503413
2021-06-24 09:38:25,534.4,503434
2021-06-24 09:38:26,534.4,503434
2021-06-24 09:38:27,534.45,503534
2021-06-24 09:38:28,534.45,503534
2021-06-24 09:38:29,534.45,503534
2021-06-24 09:38:30,534.45,503554
2021-06-24 09:38:31,534.45,503554
2021-06-24 09:38:32,534.6,504093
2021-06-24 09:38:33,534.6,504093
2021-06-24 09:38:34,534.4,505944
2021-06-24 09:38:35,534.4,505944
2021-06-24 09:38:36,534.4,506922
2021-06-24 09:38:36,534.45,507322
2021-06-24 09:38:38,534.5,507352
2021-06-24 09:38:39,534.5,507352
2021-06-24 09:38:39,534.5,507552
2021-06-24 09:38:41,534.5,507552
2021-06-24 09:38:42,534.5,507552
2021-06-24 09:38:43,534.5,507552
2021-06-24 09:38:44,534.45,507553
2021-06-24 09:38:45,534.45,507553
2021-06-24 09:38:46,534.45,507553
2021-06-24 09:38:47,534.45,507553
2021-06-24 09:38:48,534.55,507564
2021-06-24 09:38:48,534.55,507564
2021-06-24 09:38:49,534.55,507564
2021-06-24 09:38:50,534.55,507564
2021-06-24 09:38:52,534.45,507598
2021-06-24 09:38:53,534.4,507798
2021-06-24 09:38:54,534.4,507798
2021-06-24 09:38:55,534.4,507798
2021-06-24 09:38:56,534.4,507798
2021-06-24 09:38:58,534.3,507898
2021-06-24 09:38:58,534.3,507918
2021-06-24 09:38:59,534.3,507918
2021-06-24 09:39:01,534.6,507933
2021-06-24 09:39:02,534.6,507933
2021-06-24 09:39:03,534.6,507933
2021-06-24 09:39:03,534.6,507933
2021-06-24 09:39:05,534.6,507933
2021-06-24 09:39:07,534.8,509410
2021-06-24 09:39:08,534.8,509410
2021-06-24 09:39:09,534.8,509410
2021-06-24 09:39:10,534.8,509410
2021-06-24 09:39:11,534.55,509411
2021-06-24 09:39:12,534.55,509443
2021-06-24 09:39:13,534.4,510443
2021-06-24 09:39:14,534.45,510554
2021-06-24 09:39:15,534.45,510554
2021-06-24 09:39:16,534.45,510554
2021-06-24 09:39:16,534.45,510554
2021-06-24 09:39:17,534.45,510554
2021-06-24 09:39:18,534.45,510554
2021-06-24 09:39:20,534.7,510564
2021-06-24 09:39:21,534.45,510585
2021-06-24 09:39:22,534.45,510585
2021-06-24 09:39:24,534.45,510585
2021-06-24 09:39:25,534.7,510595
2021-06-24 09:39:25,534.7,510595
2021-06-24 09:39:26,534.6,510596
2021-06-24 09:39:27,534.6,510596
2021-06-24 09:39:29,534.45,510598
2021-06-24 09:39:30,534.45,510598
2021-06-24 09:39:31,534.6,510599
2021-06-24 09:39:31,534.6,510599
2021-06-24 09:39:33,534.4,511254
2021-06-24 09:39:34,534.4,511254
2021-06-24 09:39:35,534.4,511254
2021-06-24 09:39:36,534.35,511275
2021-06-24 09:39:37,534.4,511300
2021-06-24 09:39:38,534.4,511305
2021-06-24 09:39:39,534.4,511416
2021-06-24 09:39:40,534.4,511458
2021-06-24 09:39:42,534.35,511483
2021-06-24 09:39:44,534.4,511505
2021-06-24 09:39:45,534.35,511530
2021-06-24 09:39:46,534.35,511530
2021-06-24 09:39:47,534.35,511530
2021-06-24 09:39:48,534.35,511530
2021-06-24 09:39:49,534.35,511570
2021-06-24 09:39:50,534.4,511590
2021-06-24 09:39:52,534.4,511756
2021-06-24 09:39:54,534.35,511816
2021-06-24 09:39:55,534.4,511836
2021-06-24 09:39:56,534.4,511836
2021-06-24 09:39:57,534.4,511856
2021-06-24 09:39:58,534.4,511856
2021-06-24 09:39:59,534.35,511906
2021-06-24 09:40:00,534.35,512464
2021-06-24 09:40:01,534.35,512564
2021-06-24 09:40:03,534.35,512564
2021-06-24 09:40:04,534.4,512565
2021-06-24 09:40:05,534.4,512565
2021-06-24 09:40:06,534.35,512696
2021-06-24 09:40:07,534.4,512701
2021-06-24 09:40:08,534.4,512701
2021-06-24 09:40:09,534.4,512701
2021-06-24 09:40:10,534.3,512781
2021-06-24 09:40:11,534.3,512781
2021-06-24 09:40:12,534.3,512781
2021-06-24 09:40:13,534.3,512791
2021-06-24 09:40:14,534.3,512791
2021-06-24 09:40:15,534.3,512799
2021-06-24 09:40:16,534.3,512799
2021-06-24 09:40:17,534.3,512801
2021-06-24 09:40:18,534.35,512901
2021-06-24 09:40:19,534.35,512901
2021-06-24 09:40:20,534.3,512919
2021-06-24 09:40:21,534.3,512981
2021-06-24 09:40:22,534.35,512986
2021-06-24 09:40:23,534.25,513036
2021-06-24 09:40:24,534.25,513036
2021-06-24 09:40:25,534.25,513036
2021-06-24 09:40:26,534.25,513036
2021-06-24 09:40:27,534.25,513036
2021-06-24 09:40:28,534.25,513036
2021-06-24 09:40:29,534.3,513286
2021-06-24 09:40:30,534.3,513286
2021-06-24 09:40:31,534.25,513506
2021-06-24 09:40:32,534.25,513506
2021-06-24 09:40:34,534.2,514394
2021-06-24 09:40:35,534.2,514394
2021-06-24 09:40:36,534.25,514415
2021-06-24 09:40:37,534.25,514415
2021-06-24 09:40:38,534.25,514415
2021-06-24 09:40:39,534.35,514466
2021-06-24 09:40:40,534.25,514475
2021-06-24 09:40:41,534.25,514475
2021-06-24 09:40:42,534.25,514475
2021-06-24 09:40:43,534.25,514475
2021-06-24 09:40:44,534.25,514475
2021-06-24 09:40:45,534.35,514525
2021-06-24 09:40:46,534.35,514525
2021-06-24 09:40:47,534.35,514525
2021-06-24 09:40:48,534.35,514525
2021-06-24 09:40:49,534.35,514525
2021-06-24 09:40:50,534.25,514531
2021-06-24 09:40:51,534.25,514552
2021-06-24 09:40:52,534.25,514552
2021-06-24 09:40:53,534.25,514552
2021-06-24 09:40:54,534.25,514552
2021-06-24 09:40:55,534.25,514552
2021-06-24 09:40:56,534.25,514552
2021-06-24 09:40:57,534.35,514602
2021-06-24 09:40:58,534.35,514602
2021-06-24 09:40:59,534.25,514607
2021-06-24 09:41:00,534.25,514607
2021-06-24 09:41:01,534.25,514607
2021-06-24 09:41:02,534.25,514607
2021-06-24 09:41:03,534.25,514607
2021-06-24 09:41:04,534.25,514607
2021-06-24 09:41:05,534.25,514607
2021-06-24 09:41:06,534.25,514628
2021-06-24 09:41:07,534.4,514638
2021-06-24 09:41:08,534.4,514638
2021-06-24 09:41:10,534.4,514658
2021-06-24 09:41:13,534.25,514726
2021-06-24 09:41:14,534.25,514726
2021-06-24 09:41:15,534.35,514727
2021-06-24 09:41:16,534.35,514727
2021-06-24 09:41:17,534.35,514727
2021-06-24 09:41:18,534.35,514751
2021-06-24 09:41:19,534.35,514762
2021-06-24 09:41:20,534.35,514762
2021-06-24 09:41:21,534.2,517141
2021-06-24 09:41:22,534.2,517141
2021-06-24 09:41:23,534.2,517141
2021-06-24 09:41:24,534.2,517141
2021-06-24 09:41:25,534.2,517141
2021-06-24 09:41:28,534.35,517153
2021-06-24 09:41:29,534.3,517154
2021-06-24 09:41:30,534.35,517379
2021-06-24 09:41:31,534.35,517379
2021-06-24 09:41:32,534.35,517379
2021-06-24 09:41:33,534.35,517394
2021-06-24 09:41:34,534.35,517394
2021-06-24 09:41:35,534.2,517469
2021-06-24 09:41:36,534.2,517491
2021-06-24 09:41:37,534.35,517506
2021-06-24 09:41:38,534.35,517506
2021-06-24 09:41:39,534.25,517507
2021-06-24 09:41:40,534.1,517581
2021-06-24 09:41:41,534.1,517631
2021-06-24 09:41:42,534.1,517631
2021-06-24 09:41:43,534.1,517631
2021-06-24 09:41:44,534.1,517660
2021-06-24 09:41:45,534.1,517660
2021-06-24 09:41:47,534.1,517665
2021-06-24 09:41:48,534.2,517741
2021-06-24 09:41:49,534.05,518242
2021-06-24 09:41:50,534.05,518242
2021-06-24 09:41:51,534.05,518262
2021-06-24 09:41:52,534.05,518290
2021-06-24 09:41:53,534.05,518290
2021-06-24 09:41:54,534.05,518290
2021-06-24 09:41:55,534.3,518308
2021-06-24 09:41:56,534.25,518309
2021-06-24 09:41:57,534.25,518309
2021-06-24 09:41:58,534.25,518309
2021-06-24 09:42:00,534.3,518310
2021-06-24 09:42:01,534.35,518330
2021-06-24 09:42:02,534.3,518380
2021-06-24 09:42:03,534.35,518539
2021-06-24 09:42:04,534.35,518539
2021-06-24 09:42:05,534.35,518539
2021-06-24 09:42:06,534.35,518570
2021-06-24 09:42:07,534.35,518570
2021-06-24 09:42:08,534.35,518570
2021-06-24 09:42:09,534.35,518570
2021-06-24 09:42:10,534.4,523541
2021-06-24 09:42:11,534.4,523541
2021-06-24 09:42:12,534.5,523591
2021-06-24 09:42:13,534.5,523591
2021-06-24 09:42:14,534.35,523898
2021-06-24 09:42:15,534.25,523908
2021-06-24 09:42:16,534.25,523934
2021-06-24 09:42:17,534.35,524034
2021-06-24 09:42:18,534.35,524035
2021-06-24 09:42:19,534.35,524035
2021-06-24 09:42:21,534.35,524057
2021-06-24 09:42:21,534.35,524057
2021-06-24 09:42:22,534.35,524058
2021-06-24 09:42:23,534.5,524442
2021-06-24 09:42:24,534.5,524442
2021-06-24 09:42:25,534.5,524477
2021-06-24 09:42:27,534.6,524577
2021-06-24 09:42:28,534.6,524577
2021-06-24 09:42:29,534.6,524577
2021-06-24 09:42:32,534.6,524577
2021-06-24 09:42:33,534.4,525587
2021-06-24 09:42:33,534.4,525587
2021-06-24 09:42:34,534.45,525600
2021-06-24 09:42:35,534.45,525600
2021-06-24 09:42:36,534.35,525631
2021-06-24 09:42:37,534.35,525631
2021-06-24 09:42:38,534.25,525632
2021-06-24 09:42:39,534.4,525687
2021-06-24 09:42:40,534.4,525687
2021-06-24 09:42:41,534.35,525712
2021-06-24 09:42:42,534.35,525713
2021-06-24 09:42:43,534.2,526362
2021-06-24 09:42:44,534.25,526396
2021-06-24 09:42:45,534.25,526396
2021-06-24 09:42:46,534.25,526402
2021-06-24 09:42:48,534.05,527138
2021-06-24 09:42:49,534.15,527235
2021-06-24 09:42:50,534.15,527235
2021-06-24 09:42:51,533.8,546151
2021-06-24 09:42:52,533.8,546151
2021-06-24 09:42:53,533.8,546151
2021-06-24 09:42:56,533.85,546152
2021-06-24 09:42:56,533.85,546152
2021-06-24 09:42:57,533.85,546202
2021-06-24 09:42:58,533.8,546222
2021-06-24 09:43:00,533.8,546222
2021-06-24 09:43:00,533.8,546322
2021-06-24 09:43:01,533.8,546350
2021-06-24 09:43:02,533.7,546775
2021-06-24 09:43:03,533.8,546782
2021-06-24 09:43:04,533.8,546782
2021-06-24 09:43:05,533.75,546809
2021-06-24 09:43:06,533.8,547058
2021-06-24 09:43:08,533.65,547669
2021-06-24 09:43:08,533.65,547669
2021-06-24 09:43:09,533.75,547694
2021-06-24 09:43:10,533.75,547704
2021-06-24 09:43:11,533.65,547754
2021-06-24 09:43:12,533.75,548254
2021-06-24 09:43:13,533.7,548454
2021-06-24 09:43:14,533.7,548454
2021-06-24 09:43:15,533.5,549204
2021-06-24 09:43:16,533.5,549204
2021-06-24 09:43:17,533.5,549204
2021-06-24 09:43:19,533.75,549650
2021-06-24 09:43:20,533.55,549705
2021-06-24 09:43:21,533.7,549875
2021-06-24 09:43:22,533.5,549914
2021-06-24 09:43:23,533.7,549916
2021-06-24 09:43:24,533.75,549966
2021-06-24 09:43:25,533.75,549968
2021-06-24 09:43:26,533.75,549968
2021-06-24 09:43:27,533.75,549968
2021-06-24 09:43:28,533.6,550197
2021-06-24 09:43:29,533.6,550197
2021-06-24 09:43:30,533.6,550197
2021-06-24 09:43:31,533.5,550598
2021-06-24 09:43:32,533.7,550638
2021-06-24 09:43:33,533.7,550638
2021-06-24 09:43:34,533.6,550771
2021-06-24 09:43:35,533.6,550803
2021-06-24 09:43:36,533.6,550803
2021-06-24 09:43:41,533.7,551246
2021-06-24 09:43:42,533.7,551246
2021-06-24 09:43:43,533.55,551362
2021-06-24 09:43:45,533.7,551382
2021-06-24 09:43:46,533.6,551392
2021-06-24 09:43:47,533.6,551392
2021-06-24 09:43:48,533.6,551442
2021-06-24 09:43:49,533.5,552187
2021-06-24 09:43:50,533.5,552249
2021-06-24 09:43:51,533.4,552749
2021-06-24 09:43:52,533.65,552759
2021-06-24 09:43:53,533.65,552759
2021-06-24 09:43:56,533.7,553760
2021-06-24 09:43:56,533.7,553760
2021-06-24 09:43:57,533.55,553869
2021-06-24 09:43:58,533.75,554182
2021-06-24 09:43:59,533.75,554182
2021-06-24 09:44:01,533.5,554192
2021-06-24 09:44:01,533.5,554192
2021-06-24 09:44:03,533.75,555009
2021-06-24 09:44:03,533.75,555009
2021-06-24 09:44:04,533.75,555009
2021-06-24 09:44:05,533.75,555009
2021-06-24 09:44:06,533.8,555233
2021-06-24 09:44:07,533.75,556116
2021-06-24 09:44:08,533.75,556116
2021-06-24 09:44:09,533.75,556116
2021-06-24 09:44:10,533.8,556218
2021-06-24 09:44:11,533.8,556218
2021-06-24 09:44:12,533.75,557026
2021-06-24 09:44:13,533.75,557036
2021-06-24 09:44:14,533.75,557036
2021-06-24 09:44:15,533.7,557336
2021-06-24 09:44:16,533.7,557336
2021-06-24 09:44:18,533.7,557925
2021-06-24 09:44:19,533.7,557925
2021-06-24 09:44:20,533.75,557971
2021-06-24 09:44:21,533.75,558174
2021-06-24 09:44:22,533.6,558184
2021-06-24 09:44:23,533.6,558184
2021-06-24 09:44:24,533.55,558428
2021-06-24 09:44:25,533.55,558428
2021-06-24 09:44:26,533.55,558428
2021-06-24 09:44:28,533.75,559528
2021-06-24 09:44:29,533.7,559533
2021-06-24 09:44:30,533.7,559533
2021-06-24 09:44:31,533.7,559533
2021-06-24 09:44:32,533.7,559533
2021-06-24 09:44:33,533.7,559533
2021-06-24 09:44:35,533.8,559633
2021-06-24 09:44:36,533.7,559781
2021-06-24 09:44:37,533.7,559781
2021-06-24 09:44:38,533.7,559781
2021-06-24 09:44:39,533.8,559790
2021-06-24 09:44:39,533.8,559796
2021-06-24 09:44:40,533.8,559996
2021-06-24 09:44:41,533.85,560286
2021-06-24 09:44:42,533.85,560287
2021-06-24 09:44:43,533.85,560287
2021-06-24 09:44:44,533.75,560296
2021-06-24 09:44:45,533.8,560346
2021-06-24 09:44:46,533.8,560351
2021-06-24 09:44:48,533.8,560351
2021-06-24 09:44:50,533.8,560372
2021-06-24 09:44:50,533.65,563800
2021-06-24 09:44:51,533.8,564950
2021-06-24 09:44:52,533.85,566030
2021-06-24 09:44:54,533.6,566089
2021-06-24 09:44:55,533.65,566130
2021-06-24 09:44:56,533.85,566230
2021-06-24 09:44:57,533.85,566230
2021-06-24 09:44:58,533.85,566230
2021-06-24 09:44:59,533.85,566230
2021-06-24 09:45:01,533.9,566363
2021-06-24 09:45:02,533.9,566363
2021-06-24 09:45:03,533.6,566463
2021-06-24 09:45:04,533.85,566473
2021-06-24 09:45:05,533.85,566473
2021-06-24 09:45:06,533.85,566494
2021-06-24 09:45:07,533.85,566494
2021-06-24 09:45:08,533.9,566569
2021-06-24 09:45:09,533.9,566569
2021-06-24 09:45:10,534.15,568806
2021-06-24 09:45:11,534.05,568906
2021-06-24 09:45:12,534.05,568906
2021-06-24 09:45:13,534.25,569006
2021-06-24 09:45:14,534.25,569006
2021-06-24 09:45:15,534.0,569028
2021-06-24 09:45:16,534.0,569028
2021-06-24 09:45:17,534.0,569028
2021-06-24 09:45:18,533.9,571028
2021-06-24 09:45:19,534.0,571030
2021-06-24 09:45:20,534.0,571030
2021-06-24 09:45:21,533.95,571051
2021-06-24 09:45:22,533.95,571051
2021-06-24 09:45:23,533.95,571051
2021-06-24 09:45:24,533.95,571051
2021-06-24 09:45:25,533.95,571051
2021-06-24 09:45:26,533.95,571051
2021-06-24 09:45:27,534.2,571151
2021-06-24 09:45:28,533.95,571181
2021-06-24 09:45:29,534.2,571187
2021-06-24 09:45:31,534.2,571187
2021-06-24 09:45:31,534.2,571187
2021-06-24 09:45:33,534.15,571212
2021-06-24 09:45:34,534.15,571212
2021-06-24 09:45:35,534.15,571212
2021-06-24 09:45:35,534.15,571212
2021-06-24 09:45:36,533.95,572310
2021-06-24 09:45:37,534.15,572360
2021-06-24 09:45:39,534.25,572767
2021-06-24 09:45:40,534.15,572817
2021-06-24 09:45:41,534.2,572847
2021-06-24 09:45:42,534.25,572848
2021-06-24 09:45:43,534.25,572856
2021-06-24 09:45:43,534.45,573056
2021-06-24 09:45:44,534.4,573398
2021-06-24 09:45:45,534.15,573498
2021-06-24 09:45:46,534.15,573498
2021-06-24 09:45:47,534.15,573498
2021-06-24 09:45:49,534.35,573599
2021-06-24 09:45:49,534.35,573599
2021-06-24 09:45:50,534.35,573599
2021-06-24 09:45:51,534.15,573618
2021-06-24 09:45:53,534.1,573633
2021-06-24 09:45:54,534.15,573664
2021-06-24 09:45:55,534.15,573664
2021-06-24 09:45:55,534.3,573770
2021-06-24 09:45:56,534.3,573770
2021-06-24 09:45:57,534.35,573801
2021-06-24 09:45:58,534.35,573801
2021-06-24 09:46:00,534.35,573801
2021-06-24 09:46:01,534.2,574311
2021-06-24 09:46:04,534.3,574580
2021-06-24 09:46:05,534.3,574580
2021-06-24 09:46:06,534.1,574602
2021-06-24 09:46:07,534.4,576422
2021-06-24 09:46:08,534.35,576722
2021-06-24 09:46:09,534.35,576724
2021-06-24 09:46:10,534.1,576774
2021-06-24 09:46:12,534.1,576774
2021-06-24 09:46:13,534.1,576774
2021-06-24 09:46:14,534.3,576784
2021-06-24 09:46:15,534.15,577184
2021-06-24 09:46:16,534.1,577365
2021-06-24 09:46:17,534.1,577365
2021-06-24 09:46:17,534.1,577365
2021-06-24 09:46:18,534.1,577365
2021-06-24 09:46:19,534.3,577391
2021-06-24 09:46:20,534.35,577451
2021-06-24 09:46:21,534.1,577471
2021-06-24 09:46:22,534.1,577471
2021-06-24 09:46:23,534.35,579277
2021-06-24 09:46:25,534.35,579277
2021-06-24 09:46:25,534.35,579277
2021-06-24 09:46:27,534.35,579327
2021-06-24 09:46:28,534.35,579327
2021-06-24 09:46:29,534.35,579327
2021-06-24 09:46:30,534.25,579332
2021-06-24 09:46:31,534.1,579632
2021-06-24 09:46:32,534.1,579632
2021-06-24 09:46:32,534.1,579674
2021-06-24 09:46:33,534.25,579704
2021-06-24 09:46:34,534.25,579704
2021-06-24 09:46:35,534.25,579704
2021-06-24 09:46:37,534.2,580325
2021-06-24 09:46:38,534.2,580325
2021-06-24 09:46:39,534.0,580370
2021-06-24 09:46:40,534.0,580370
2021-06-24 09:46:40,534.0,580370
2021-06-24 09:46:42,534.0,580370
2021-06-24 09:46:43,534.3,580399
2021-06-24 09:46:44,534.3,580541
2021-06-24 09:46:45,534.3,580541
2021-06-24 09:46:46,534.25,580793
2021-06-24 09:46:46,534.3,580812
2021-06-24 09:46:47,534.3,580812
2021-06-24 09:46:48,534.3,580812
2021-06-24 09:46:49,534.3,580814
2021-06-24 09:46:50,534.2,582729
2021-06-24 09:46:51,534.3,582731
2021-06-24 09:46:52,534.3,582731
2021-06-24 09:46:53,534.05,582803
2021-06-24 09:46:54,534.05,582901
2021-06-24 09:46:55,533.75,584789
2021-06-24 09:46:56,533.75,585244
2021-06-24 09:46:57,533.6,585628
2021-06-24 09:46:59,533.65,585734
2021-06-24 09:47:00,533.65,585734
2021-06-24 09:47:01,533.95,586199
2021-06-24 09:47:02,533.7,586205
2021-06-24 09:47:03,533.6,586370
2021-06-24 09:47:05,533.6,586425
2021-06-24 09:47:05,533.6,586427
2021-06-24 09:47:06,533.9,587937
2021-06-24 09:47:09,533.9,587937
2021-06-24 09:47:11,533.9,588138
2021-06-24 09:47:13,533.9,588138
2021-06-24 09:47:14,533.9,588138
2021-06-24 09:47:15,533.9,588163
2021-06-24 09:47:16,533.9,588163
2021-06-24 09:47:17,533.9,588263
2021-06-24 09:47:18,533.9,588363
2021-06-24 09:47:19,533.9,588365
2021-06-24 09:47:19,533.9,588365
2021-06-24 09:47:22,533.9,588428
2021-06-24 09:47:21,533.9,588395
2021-06-24 09:47:23,534.0,588469
2021-06-24 09:47:24,534.0,588469
2021-06-24 09:47:25,534.0,588469
2021-06-24 09:47:26,533.9,588470
2021-06-24 09:47:28,533.9,588470
2021-06-24 09:47:29,533.9,588470
2021-06-24 09:47:30,533.9,588470
2021-06-24 09:47:31,533.9,588470
2021-06-24 09:47:33,534.0,588480
2021-06-24 09:47:34,533.9,588530
2021-06-24 09:47:35,534.0,588557
2021-06-24 09:47:36,533.9,588579
2021-06-24 09:47:38,533.9,588579
2021-06-24 09:47:38,533.9,588579
2021-06-24 09:47:39,533.9,588680
2021-06-24 09:47:40,533.9,588680
2021-06-24 09:47:42,534.0,588720
2021-06-24 09:47:42,534.0,588720
2021-06-24 09:47:43,533.8,588872
2021-06-24 09:47:44,533.8,588872
2021-06-24 09:47:45,533.8,588872
2021-06-24 09:47:47,533.8,588872
2021-06-24 09:47:48,533.8,588872
2021-06-24 09:47:48,533.8,588872
2021-06-24 09:47:49,533.8,588875
2021-06-24 09:47:51,533.8,588895
2021-06-24 09:47:52,533.85,588919
2021-06-24 09:47:53,533.85,588919
2021-06-24 09:47:54,533.9,588934
2021-06-24 09:47:55,533.9,588934
2021-06-24 09:47:55,533.9,588934
2021-06-24 09:47:57,533.9,588934
2021-06-24 09:47:58,533.9,588934
2021-06-24 09:47:59,533.95,588984
2021-06-24 09:48:00,533.95,588984
2021-06-24 09:48:01,533.95,588984
2021-06-24 09:48:02,533.95,588984
2021-06-24 09:48:03,533.85,589311
2021-06-24 09:48:03,533.85,589311
2021-06-24 09:48:05,533.85,589311
2021-06-24 09:48:06,533.8,589352
2021-06-24 09:48:07,533.85,589354
2021-06-24 09:48:08,533.95,589904
2021-06-24 09:48:09,533.95,589904
2021-06-24 09:48:10,533.95,589904
2021-06-24 09:48:11,533.95,589904
2021-06-24 09:48:12,533.8,589934
2021-06-24 09:48:12,533.95,589924
2021-06-24 09:48:13,533.95,590014
2021-06-24 09:48:14,533.95,590014
2021-06-24 09:48:15,533.95,590014
2021-06-24 09:48:16,534.0,590514
2021-06-24 09:48:17,534.0,590514
2021-06-24 09:48:18,534.0,590514
2021-06-24 09:48:21,533.95,590544
2021-06-24 09:48:22,533.95,590544
2021-06-24 09:48:23,534.0,590666
2021-06-24 09:48:24,534.0,590666
2021-06-24 09:48:25,534.0,590666
2021-06-24 09:48:26,533.8,592539
2021-06-24 09:48:27,533.8,592539
2021-06-24 09:48:27,533.7,592540
2021-06-24 09:48:29,533.85,592541
2021-06-24 09:48:30,533.85,592542
2021-06-24 09:48:31,533.85,592542
2021-06-24 09:48:32,533.85,592542
2021-06-24 09:48:32,533.85,592542
2021-06-24 09:48:33,533.85,592542
2021-06-24 09:48:34,534.0,593542
2021-06-24 09:48:35,534.0,593542
2021-06-24 09:48:36,534.0,593597
2021-06-24 09:48:37,534.0,593597
2021-06-24 09:48:39,534.0,593597
2021-06-24 09:48:40,534.0,593597
2021-06-24 09:48:41,533.7,593598
2021-06-24 09:48:42,533.7,593598
2021-06-24 09:48:43,533.7,593598
2021-06-24 09:48:44,533.75,593698
2021-06-24 09:48:45,533.75,593698
2021-06-24 09:48:46,534.0,594098
2021-06-24 09:48:47,534.0,594138
2021-06-24 09:48:48,533.7,594141
2021-06-24 09:48:49,534.0,594151
2021-06-24 09:48:50,534.0,594151
2021-06-24 09:48:51,533.7,594171
2021-06-24 09:48:52,533.7,594171
2021-06-24 09:48:53,533.7,594171
2021-06-24 09:48:54,533.95,594180
2021-06-24 09:48:55,533.95,594180
2021-06-24 09:48:55,533.95,594180
2021-06-24 09:48:56,533.7,594181
2021-06-24 09:48:58,533.7,594181
2021-06-24 09:48:59,533.7,594181
2021-06-24 09:49:00,533.7,594181
2021-06-24 09:49:01,533.7,594181
2021-06-24 09:49:02,533.7,594181
2021-06-24 09:49:02,533.7,594181
2021-06-24 09:49:03,533.7,594181
2021-06-24 09:49:04,533.7,594181
2021-06-24 09:49:06,533.7,594359
2021-06-24 09:49:07,533.7,594359
2021-06-24 09:49:09,533.6,594682
2021-06-24 09:49:10,533.6,594784
2021-06-24 09:49:11,533.6,594784
2021-06-24 09:49:12,533.6,594785
2021-06-24 09:49:13,533.6,594785
2021-06-24 09:49:14,533.7,594787
2021-06-24 09:49:14,533.7,594787
2021-06-24 09:49:16,533.7,594789
2021-06-24 09:49:16,533.7,594789
2021-06-24 09:49:18,533.7,594789
2021-06-24 09:49:19,533.5,596648
2021-06-24 09:49:20,533.5,596648
2021-06-24 09:49:21,533.5,596768
2021-06-24 09:49:22,533.65,596769
2021-06-24 09:49:23,533.6,596771
2021-06-24 09:49:24,533.6,596817
2021-06-24 09:49:25,533.6,596817
2021-06-24 09:49:26,533.6,596817
2021-06-24 09:49:27,533.6,596817
2021-06-24 09:49:29,533.6,596817
2021-06-24 09:49:30,533.6,596817
2021-06-24 09:49:31,533.65,596872
2021-06-24 09:49:32,533.65,596872
2021-06-24 09:49:33,533.65,596872
2021-06-24 09:49:34,533.65,596872
2021-06-24 09:49:35,533.6,596974
2021-06-24 09:49:35,533.5,597000
2021-06-24 09:49:36,533.5,597000
2021-06-24 09:49:38,533.5,597000
2021-06-24 09:49:39,533.5,597097
2021-06-24 09:49:39,533.5,597097
2021-06-24 09:49:41,533.5,597132
2021-06-24 09:49:42,533.5,597147
2021-06-24 09:49:42,533.5,597513
2021-06-24 09:49:43,533.5,597513
2021-06-24 09:49:44,533.55,597763
2021-06-24 09:49:46,533.55,597763
2021-06-24 09:49:47,533.55,597765
2021-06-24 09:49:48,533.5,598990
2021-06-24 09:49:49,533.5,599007
2021-06-24 09:49:50,533.5,599007
2021-06-24 09:49:51,533.25,599028
2021-06-24 09:49:52,533.4,599043
2021-06-24 09:49:53,533.4,599043
2021-06-24 09:49:54,533.4,599043
2021-06-24 09:49:54,533.4,599043
2021-06-24 09:49:55,533.2,599069
2021-06-24 09:49:56,533.25,599094
2021-06-24 09:49:58,533.2,599115
2021-06-24 09:49:58,533.2,599115
2021-06-24 09:50:00,533.2,599115
2021-06-24 09:50:01,533.2,599135
2021-06-24 09:50:04,533.2,599623
2021-06-24 09:50:05,533.2,599623
2021-06-24 09:50:06,533.1,600191
2021-06-24 09:50:07,533.05,600306
2021-06-24 09:50:08,533.0,601145
2021-06-24 09:50:09,533.0,601145
2021-06-24 09:50:10,533.0,601145
2021-06-24 09:50:11,533.0,601245
2021-06-24 09:50:12,533.0,605958
2021-06-24 09:50:13,533.0,605963
2021-06-24 09:50:13,533.0,605963
2021-06-24 09:50:14,532.8,606044
2021-06-24 09:50:17,532.85,606095
2021-06-24 09:50:18,533.0,606134
2021-06-24 09:50:19,533.1,606934
2021-06-24 09:50:20,533.0,606990
2021-06-24 09:50:20,533.0,606990
2021-06-24 09:50:21,533.0,608383
2021-06-24 09:50:22,533.1,608444
2021-06-24 09:50:23,533.1,608454
2021-06-24 09:50:24,533.1,608454
2021-06-24 09:50:26,533.1,608454
2021-06-24 09:50:27,533.1,608454
2021-06-24 09:50:28,533.1,608454
2021-06-24 09:50:29,533.15,608554
2021-06-24 09:50:29,533.0,608654
2021-06-24 09:50:30,533.1,608656
2021-06-24 09:50:32,533.1,608656
2021-06-24 09:50:33,533.15,608657
2021-06-24 09:50:34,533.15,608657
2021-06-24 09:50:35,532.9,608662
2021-06-24 09:50:36,532.9,608685
2021-06-24 09:50:37,532.9,608913
2021-06-24 09:50:38,533.0,608963
2021-06-24 09:50:39,533.0,608963
2021-06-24 09:50:40,533.2,609163
2021-06-24 09:50:41,533.25,609297
2021-06-24 09:50:42,533.25,609297
2021-06-24 09:50:43,533.25,609297
2021-06-24 09:50:44,533.3,609302
2021-06-24 09:50:45,533.3,609302
2021-06-24 09:50:46,533.3,609302
2021-06-24 09:50:47,533.3,609308
2021-06-24 09:50:48,532.95,609558
2021-06-24 09:50:49,533.2,609658
2021-06-24 09:50:50,533.2,609658
2021-06-24 09:50:51,532.85,610678
2021-06-24 09:50:52,533.25,610782
2021-06-24 09:50:53,533.3,610783
2021-06-24 09:50:54,533.3,611431
2021-06-24 09:50:55,533.3,611431
2021-06-24 09:50:56,533.3,611431
2021-06-24 09:50:57,533.5,611616
2021-06-24 09:50:58,533.5,611616
2021-06-24 09:50:59,533.3,611916
2021-06-24 09:51:00,533.3,611916
2021-06-24 09:51:01,533.3,611929
2021-06-24 09:51:02,533.45,612241
2021-06-24 09:51:03,533.45,612241
2021-06-24 09:51:04,533.45,612246
2021-06-24 09:51:05,533.45,612246
2021-06-24 09:51:06,533.15,612314
2021-06-24 09:51:07,533.15,612314
2021-06-24 09:51:08,533.05,612477
2021-06-24 09:51:09,533.05,612482
2021-06-24 09:51:10,533.05,612482
2021-06-24 09:51:11,533.05,612482
2021-06-24 09:51:12,533.4,612535
2021-06-24 09:51:13,533.4,612535
2021-06-24 09:51:14,533.4,612535
2021-06-24 09:51:15,533.4,612535
2021-06-24 09:51:16,533.35,612537
2021-06-24 09:51:17,533.35,612537
2021-06-24 09:51:18,533.4,612547
2021-06-24 09:51:19,533.4,612547
2021-06-24 09:51:20,533.4,612547
2021-06-24 09:51:21,533.4,612576
2021-06-24 09:51:22,533.4,612576
2021-06-24 09:51:23,533.4,612613
2021-06-24 09:51:24,533.3,612663
2021-06-24 09:51:25,533.3,612663
2021-06-24 09:51:26,533.3,612663
2021-06-24 09:51:27,533.3,612708
2021-06-24 09:51:28,533.3,612708
2021-06-24 09:51:29,533.35,612710
2021-06-24 09:51:30,533.35,612710
2021-06-24 09:51:31,533.35,612710
2021-06-24 09:51:32,533.35,612710
2021-06-24 09:51:33,533.3,612810
2021-06-24 09:51:34,533.3,612810
2021-06-24 09:51:35,533.4,612820
2021-06-24 09:51:36,533.3,612851
2021-06-24 09:51:37,533.3,612851
2021-06-24 09:51:38,533.3,612851
2021-06-24 09:51:39,533.5,613851
2021-06-24 09:51:40,533.5,613851
2021-06-24 09:51:41,533.55,614351
2021-06-24 09:51:42,533.55,614351
2021-06-24 09:51:43,533.35,614456
2021-06-24 09:51:44,533.35,614456
2021-06-24 09:51:47,533.45,614457
2021-06-24 09:51:51,533.3,614517
2021-06-24 09:51:54,533.1,616403
2021-06-24 09:51:57,533.05,616419
2021-06-24 09:52:01,533.25,616524
2021-06-24 09:52:04,533.0,618678
2021-06-24 09:52:08,533.25,618750
2021-06-24 09:52:11,533.0,618765
2021-06-24 09:52:15,533.0,618785
2021-06-24 09:52:18,533.3,619206
2021-06-24 09:52:21,533.25,619224
2021-06-24 09:52:24,533.25,619235
2021-06-24 09:52:27,533.25,619540
2021-06-24 09:52:30,533.05,620910
2021-06-24 09:52:34,533.05,621071
2021-06-24 09:52:37,533.0,621225
2021-06-24 09:52:40,533.1,621656
2021-06-24 09:52:43,533.1,621789
2021-06-24 09:52:46,532.85,621994
2021-06-24 09:52:49,532.85,622998
2021-06-24 09:52:52,532.95,623180
2021-06-24 09:52:55,533.0,623181
2021-06-24 09:52:58,532.95,623288
2021-06-24 09:53:02,532.9,623439
2021-06-24 09:53:05,532.95,623607
2021-06-24 09:53:08,532.95,623736
2021-06-24 09:53:11,532.95,624679
2021-06-24 09:53:19,532.7,626051
2021-06-24 09:53:26,532.9,626133
2021-06-24 09:53:29,532.9,626141
2021-06-24 09:53:33,532.9,626449
2021-06-24 09:53:36,532.85,626599
2021-06-24 09:53:40,532.85,626599
2021-06-24 09:53:43,532.85,626646
2021-06-24 09:53:46,532.7,626671
2021-06-24 09:53:49,532.8,627131
2021-06-24 09:53:52,532.9,627764
2021-06-24 09:53:55,532.7,627864
2021-06-24 09:53:59,532.7,627884
2021-06-24 09:54:02,532.9,628235
2021-06-24 09:54:05,532.65,628909
2021-06-24 09:54:08,532.85,629355
2021-06-24 09:54:12,532.65,629401
2021-06-24 09:54:15,532.9,629456
2021-06-24 09:54:19,532.9,629701
2021-06-24 09:54:23,532.7,630050
2021-06-24 09:54:26,532.9,630548
2021-06-24 09:54:30,532.9,630558
2021-06-24 09:54:33,532.95,630640
2021-06-24 09:54:37,532.85,630661
2021-06-24 09:54:40,533.1,633574
2021-06-24 09:54:43,532.9,633841
2021-06-24 09:54:46,532.95,634004
2021-06-24 09:54:50,533.05,634514
2021-06-24 09:54:53,533.0,634517
2021-06-24 09:54:56,532.95,634798
2021-06-24 09:54:59,532.9,635137
2021-06-24 09:55:02,532.95,635292
2021-06-24 09:55:05,533.0,635295
2021-06-24 09:55:09,532.75,639561
2021-06-24 09:55:13,532.85,640351
2021-06-24 09:55:16,532.85,640351
2021-06-24 09:55:19,532.5,644060
2021-06-24 09:55:22,532.55,644421
2021-06-24 09:55:25,532.5,644446
2021-06-24 09:55:28,532.5,645291
2021-06-24 09:55:32,532.1,646570
2021-06-24 09:55:43,532.25,648350
2021-06-24 09:55:46,532.2,649413
2021-06-24 09:55:50,532.05,649865
2021-06-24 09:55:53,532.0,660112
2021-06-24 09:55:56,532.05,660913
2021-06-24 09:56:00,532.1,661171
2021-06-24 09:56:03,532.3,661272
2021-06-24 09:56:07,532.45,663357
2021-06-24 09:56:11,532.65,664084
2021-06-24 09:56:14,532.8,664490
2021-06-24 09:56:18,532.8,664611
2021-06-24 09:56:22,532.8,664772
2021-06-24 09:56:25,532.8,665002
2021-06-24 09:56:29,532.75,665152
2021-06-24 09:56:33,532.75,665248
2021-06-24 09:56:36,532.8,665297
2021-06-24 09:56:39,532.75,665312
2021-06-24 09:56:42,532.7,665524
2021-06-24 09:56:46,532.75,665607
2021-06-24 09:56:47,532.75,665607
2021-06-24 09:56:48,532.8,665842
2021-06-24 09:56:49,532.8,665842
2021-06-24 09:56:49,532.8,665842
2021-06-24 09:56:51,532.8,665842
2021-06-24 09:56:52,532.7,665852
2021-06-24 09:56:53,532.8,665862
2021-06-24 09:56:54,532.7,666217
2021-06-24 09:56:55,532.75,666817
2021-06-24 09:56:56,532.7,666917
2021-06-24 09:56:56,532.6,667017
2021-06-24 09:56:58,532.75,667247
2021-06-24 09:56:59,532.65,667322
2021-06-24 09:57:00,532.75,667442
2021-06-24 09:57:01,532.65,667447
2021-06-24 09:57:03,532.75,667547
2021-06-24 09:57:04,532.75,667547
2021-06-24 09:57:05,532.6,667557
2021-06-24 09:57:06,532.6,669623
2021-06-24 09:57:07,532.6,669623
2021-06-24 09:57:08,532.35,669647
2021-06-24 09:57:08,532.35,669647
2021-06-24 09:57:09,532.35,669647
2021-06-24 09:57:10,532.4,669652
2021-06-24 09:57:11,532.5,669878
2021-06-24 09:57:13,532.5,669878
2021-06-24 09:57:14,532.5,669915
2021-06-24 09:57:15,532.6,672168
2021-06-24 09:57:16,532.6,672169
2021-06-24 09:57:17,532.6,672191
2021-06-24 09:57:18,532.6,672191
2021-06-24 09:57:18,532.6,672191
2021-06-24 09:57:19,532.5,672295
2021-06-24 09:57:20,532.5,672295
2021-06-24 09:57:21,532.55,672417
2021-06-24 09:57:22,532.5,672472
2021-06-24 09:57:23,532.5,672472
2021-06-24 09:57:24,532.5,672472
2021-06-24 09:57:25,532.5,672472
2021-06-24 09:57:27,532.55,672610
2021-06-24 09:57:28,532.5,672637
2021-06-24 09:57:29,532.55,672647
2021-06-24 09:57:30,532.55,672647
2021-06-24 09:57:31,532.7,672672
2021-06-24 09:57:32,532.7,672672
2021-06-24 09:57:33,532.55,672674
2021-06-24 09:57:34,532.55,672674
2021-06-24 09:57:35,532.55,672674
2021-06-24 09:57:36,532.5,672705
2021-06-24 09:57:37,532.5,672705
2021-06-24 09:57:38,532.4,673407
2021-06-24 09:57:39,532.4,673407
2021-06-24 09:57:40,532.4,673407
2021-06-24 09:57:42,532.6,673512
2021-06-24 09:57:43,532.6,673512
2021-06-24 09:57:44,532.6,673562
2021-06-24 09:57:44,532.55,673582
2021-06-24 09:57:45,532.75,677907
2021-06-24 09:57:47,532.75,678977
2021-06-24 09:57:48,532.75,678977
2021-06-24 09:57:49,532.75,679002
2021-06-24 09:57:50,532.75,679002
2021-06-24 09:57:51,532.75,679002
2021-06-24 09:57:52,532.75,679047
2021-06-24 09:57:53,532.85,679049
2021-06-24 09:57:54,532.9,679099
2021-06-24 09:57:55,532.75,679129
2021-06-24 09:57:56,532.75,679176
2021-06-24 09:57:57,532.85,679414
2021-06-24 09:57:58,532.6,687089
2021-06-24 09:57:59,532.75,687440
2021-06-24 09:58:00,532.75,687543
2021-06-24 09:58:01,532.8,687684
2021-06-24 09:58:03,532.8,687691
2021-06-24 09:58:03,532.8,687691
2021-06-24 09:58:04,532.55,687695
2021-06-24 09:58:06,532.65,687718
2021-06-24 09:58:07,532.75,689219
2021-06-24 09:58:08,532.7,689419
2021-06-24 09:58:09,532.7,689419
2021-06-24 09:58:10,532.7,689419
2021-06-24 09:58:12,532.75,689433
2021-06-24 09:58:13,532.75,689433
2021-06-24 09:58:14,532.65,689658
2021-06-24 09:58:16,532.95,690507
2021-06-24 09:58:17,532.9,690522
2021-06-24 09:58:18,532.9,690522
2021-06-24 09:58:19,532.9,690522
2021-06-24 09:58:20,532.9,690522
2021-06-24 09:58:21,533.0,690628
2021-06-24 09:58:22,533.0,692128
2021-06-24 09:58:23,532.9,692140
2021-06-24 09:58:24,533.0,692240
2021-06-24 09:58:25,532.9,692241
2021-06-24 09:58:25,532.9,692241
2021-06-24 09:58:27,532.95,692378
2021-06-24 09:58:27,532.95,692378
2021-06-24 09:58:28,532.9,692380
2021-06-24 09:58:29,533.0,692400
2021-06-24 09:58:30,533.0,692478
2021-06-24 09:58:31,533.0,692480
2021-06-24 09:58:32,533.0,692480
2021-06-24 09:58:34,533.0,692480
2021-06-24 09:58:36,533.05,692506
2021-06-24 09:58:37,533.25,692673
2021-06-24 09:58:38,533.25,692835
2021-06-24 09:58:39,533.25,692835
2021-06-24 09:58:40,533.25,692835
2021-06-24 09:58:41,533.0,692836
2021-06-24 09:58:43,533.1,701118
2021-06-24 09:58:44,533.05,701168
2021-06-24 09:58:45,533.05,701168
2021-06-24 09:58:46,533.05,701183
2021-06-24 09:58:47,533.1,701489
2021-06-24 09:58:48,533.1,701491
2021-06-24 09:58:49,533.05,701532
2021-06-24 09:58:50,533.2,701865
2021-06-24 09:58:51,533.2,701865
2021-06-24 09:58:52,533.2,701865
2021-06-24 09:58:53,533.0,701888
2021-06-24 09:58:54,533.0,701893
2021-06-24 09:58:55,533.0,701893
2021-06-24 09:58:56,533.0,701901
2021-06-24 09:58:57,533.0,702250
2021-06-24 09:58:58,533.0,702261
2021-06-24 09:58:59,533.0,702715
2021-06-24 09:59:00,533.1,702915
2021-06-24 09:59:01,533.1,702915
2021-06-24 09:59:03,533.1,702915
2021-06-24 09:59:04,533.2,703025
2021-06-24 09:59:04,533.1,702915
2021-06-24 09:59:05,533.2,703175
2021-06-24 09:59:07,533.0,703176
2021-06-24 09:59:07,533.2,703188
2021-06-24 09:59:09,533.2,703355
2021-06-24 09:59:10,533.2,703355
2021-06-24 09:59:12,533.2,703655
2021-06-24 09:59:12,533.05,703760
2021-06-24 09:59:13,533.05,703760
2021-06-24 09:59:14,533.2,703780
2021-06-24 09:59:15,533.2,703789
2021-06-24 09:59:16,533.2,703810
2021-06-24 09:59:18,533.2,703825
2021-06-24 09:59:19,533.05,703826
2021-06-24 09:59:19,533.2,703867
2021-06-24 09:59:21,533.0,703888
2021-06-24 09:59:22,533.15,703993
2021-06-24 09:59:23,533.15,704080
2021-06-24 09:59:24,533.15,704080
2021-06-24 09:59:25,533.1,704082
2021-06-24 09:59:27,533.2,704244
2021-06-24 09:59:28,533.25,706272
2021-06-24 09:59:29,532.9,708702
2021-06-24 09:59:30,533.05,709712
2021-06-24 09:59:31,533.05,709712
2021-06-24 09:59:32,532.8,709853
2021-06-24 09:59:33,532.8,709853
2021-06-24 09:59:33,532.8,709853
2021-06-24 09:59:35,532.8,709853
2021-06-24 09:59:36,532.7,709875
2021-06-24 09:59:37,532.7,709875
2021-06-24 09:59:38,532.8,710061
2021-06-24 09:59:39,533.3,711157
2021-06-24 09:59:40,533.35,711357
2021-06-24 09:59:41,533.4,711432
2021-06-24 09:59:42,533.4,711432
2021-06-24 09:59:43,533.4,711432
2021-06-24 09:59:44,533.2,711435
2021-06-24 09:59:45,533.45,711603
2021-06-24 09:59:46,533.4,711686
2021-06-24 09:59:47,533.2,712008
2021-06-24 09:59:48,533.2,712008
2021-06-24 09:59:49,533.35,712092
2021-06-24 09:59:50,533.1,712492
2021-06-24 09:59:51,533.05,712512
2021-06-24 09:59:52,533.05,712512
2021-06-24 09:59:52,533.25,712562
2021-06-24 09:59:53,533.25,712672
2021-06-24 09:59:55,533.25,712672
2021-06-24 09:59:56,533.25,712672
2021-06-24 09:59:58,533.4,712812
2021-06-24 09:59:59,533.35,712822
2021-06-24 10:00:00,533.1,712843
2021-06-24 10:00:01,533.1,712843
2021-06-24 10:00:02,533.35,712853
2021-06-24 10:00:03,533.35,712859
2021-06-24 10:00:04,533.35,712929
2021-06-24 10:00:05,533.35,712929
2021-06-24 10:00:06,533.15,712970
2021-06-24 10:00:07,533.15,712970
2021-06-24 10:00:08,533.15,712970
2021-06-24 10:00:09,533.15,713011
2021-06-24 10:00:11,533.15,713111
2021-06-24 10:00:12,533.15,713111
2021-06-24 10:00:13,533.15,713111
2021-06-24 10:00:14,533.15,713111
2021-06-24 10:00:15,533.15,713111
2021-06-24 10:00:16,533.15,713261
2021-06-24 10:00:17,533.15,713361
2021-06-24 10:00:18,533.15,713361
2021-06-24 10:00:19,533.15,713361
2021-06-24 10:00:20,533.35,713462
2021-06-24 10:00:22,533.15,713513
2021-06-24 10:00:23,533.15,713513
2021-06-24 10:00:24,533.25,713516
2021-06-24 10:00:25,533.2,713636
2021-06-24 10:00:26,533.2,713641
2021-06-24 10:00:27,533.45,713858
2021-06-24 10:00:28,533.45,713858
2021-06-24 10:00:29,533.45,714458
2021-06-24 10:00:32,533.5,715047
2021-06-24 10:00:33,533.5,715047
2021-06-24 10:00:34,533.45,715048
2021-06-24 10:00:35,533.5,715203
2021-06-24 10:00:36,533.5,715235
2021-06-24 10:00:37,533.5,715235
2021-06-24 10:00:38,533.45,715323
2021-06-24 10:00:39,533.5,715325
2021-06-24 10:00:40,533.5,715335
2021-06-24 10:00:41,533.5,715439
2021-06-24 10:00:42,533.5,715440
2021-06-24 10:00:43,533.4,715441
2021-06-24 10:00:44,533.4,715441
2021-06-24 10:00:45,533.55,715492
2021-06-24 10:00:48,533.6,716094
2021-06-24 10:00:49,533.65,716294
2021-06-24 10:00:49,533.65,716304
2021-06-24 10:00:51,533.65,716324
2021-06-24 10:00:54,533.5,716691
2021-06-24 10:00:55,533.5,716691
2021-06-24 10:00:56,533.6,716731
2021-06-24 10:00:57,533.5,716991
2021-06-24 10:00:58,533.5,716991
2021-06-24 10:00:59,533.65,717021
2021-06-24 10:01:00,533.5,717071
2021-06-24 10:01:01,533.65,717091
2021-06-24 10:01:02,533.6,718691
2021-06-24 10:01:03,533.5,718843
2021-06-24 10:01:04,533.5,718843
2021-06-24 10:01:04,533.5,718847
2021-06-24 10:01:06,533.5,718869
2021-06-24 10:01:07,533.5,719085
2021-06-24 10:01:08,533.5,719085
2021-06-24 10:01:09,533.6,719446
2021-06-24 10:01:11,533.5,719560
2021-06-24 10:01:12,533.6,719571
2021-06-24 10:01:13,533.6,719571
2021-06-24 10:01:14,533.6,719571
2021-06-24 10:01:15,533.55,719771
2021-06-24 10:01:16,533.65,720071
2021-06-24 10:01:17,533.65,720071
2021-06-24 10:01:18,533.65,720071
2021-06-24 10:01:19,533.5,720072
2021-06-24 10:01:20,533.5,720119
2021-06-24 10:01:21,533.25,720139
2021-06-24 10:01:22,533.25,720317
2021-06-24 10:01:23,533.55,720468
2021-06-24 10:01:24,533.55,720469
2021-06-24 10:01:25,533.55,720514
2021-06-24 10:01:26,533.55,720514
2021-06-24 10:01:27,533.55,720652
2021-06-24 10:01:28,533.5,720702
2021-06-24 10:01:29,533.5,720707
2021-06-24 10:01:30,533.55,720857
2021-06-24 10:01:31,533.55,720857
2021-06-24 10:01:32,533.55,720857
2021-06-24 10:01:33,533.55,720897
2021-06-24 10:01:34,533.55,720902
2021-06-24 10:01:35,533.55,720902
2021-06-24 10:01:36,533.25,720923
2021-06-24 10:01:37,533.25,720923
2021-06-24 10:01:38,533.25,720923
2021-06-24 10:01:39,533.25,720923
2021-06-24 10:01:40,533.5,720933
2021-06-24 10:01:41,533.5,720933
2021-06-24 10:01:42,533.5,720934
2021-06-24 10:01:43,533.5,720934
2021-06-24 10:01:44,533.5,720936
2021-06-24 10:01:45,533.5,720936
2021-06-24 10:01:46,533.5,720936
2021-06-24 10:01:47,533.5,720954
2021-06-24 10:01:48,533.5,720954
2021-06-24 10:01:49,533.4,721120
2021-06-24 10:01:50,533.35,721167
2021-06-24 10:01:51,533.15,723049
2021-06-24 10:01:52,532.95,724960
2021-06-24 10:01:53,533.2,724965
2021-06-24 10:01:54,533.2,724965
2021-06-24 10:01:55,533.2,724965
2021-06-24 10:01:56,533.2,724965
2021-06-24 10:01:57,533.2,725128
2021-06-24 10:01:58,533.0,725147
2021-06-24 10:01:59,533.0,725147
2021-06-24 10:02:00,533.0,725147
2021-06-24 10:02:01,533.0,725147
2021-06-24 10:02:02,533.0,725147
2021-06-24 10:02:03,533.2,725157
2021-06-24 10:02:04,533.15,725177
2021-06-24 10:02:05,533.05,725178
2021-06-24 10:02:07,533.3,725259
2021-06-24 10:02:08,533.0,727285
2021-06-24 10:02:09,533.3,727400
2021-06-24 10:02:10,533.05,729452
2021-06-24 10:02:11,533.05,729452
2021-06-24 10:02:12,533.05,729482
2021-06-24 10:02:13,533.05,729482
2021-06-24 10:02:14,533.05,729482
2021-06-24 10:02:15,533.05,729482
2021-06-24 10:02:16,533.05,729982
2021-06-24 10:02:17,533.05,729982
2021-06-24 10:02:18,533.2,730032
2021-06-24 10:02:19,533.05,730232
2021-06-24 10:02:20,532.8,731883
2021-06-24 10:02:21,533.0,734034
2021-06-24 10:02:22,533.05,734084
2021-06-24 10:02:23,533.05,734087
2021-06-24 10:02:24,533.05,734237
2021-06-24 10:02:25,533.05,734237
2021-06-24 10:02:26,533.05,734337
2021-06-24 10:02:27,532.95,734474
2021-06-24 10:02:28,532.95,734475
2021-06-24 10:02:30,533.0,734510
2021-06-24 10:02:31,533.0,734510
2021-06-24 10:02:32,533.05,734530
2021-06-24 10:02:33,533.0,734590
2021-06-24 10:02:34,533.0,734630
2021-06-24 10:02:35,532.9,734680
2021-06-24 10:02:36,532.9,734703
2021-06-24 10:02:37,533.05,734754
2021-06-24 10:02:38,532.9,734756
2021-06-24 10:02:39,532.8,736607
2021-06-24 10:02:40,532.95,736618
2021-06-24 10:02:41,532.95,736618
2021-06-24 10:02:42,532.8,736775
2021-06-24 10:02:43,532.8,738199
2021-06-24 10:02:44,532.8,738199
2021-06-24 10:02:45,532.7,738731
2021-06-24 10:02:46,532.7,738837
2021-06-24 10:02:47,532.95,738842
2021-06-24 10:02:48,532.7,738854
2021-06-24 10:02:49,532.7,738854
2021-06-24 10:02:50,532.7,739359
2021-06-24 10:02:51,532.95,739369
2021-06-24 10:02:52,532.95,739613
2021-06-24 10:02:53,532.95,739613
2021-06-24 10:02:54,532.95,739613
2021-06-24 10:02:55,532.95,739613
2021-06-24 10:02:56,532.95,739639
2021-06-24 10:02:57,532.95,739836
2021-06-24 10:02:58,532.95,739846
2021-06-24 10:02:59,533.0,739896
2021-06-24 10:03:00,533.0,739896
2021-06-24 10:03:01,533.0,739896
2021-06-24 10:03:02,533.0,739896
2021-06-24 10:03:03,532.8,739938
2021-06-24 10:03:04,533.0,740288
2021-06-24 10:03:05,533.0,740290
2021-06-24 10:03:06,533.05,740312
2021-06-24 10:03:07,532.8,740362
2021-06-24 10:03:08,533.0,740363
2021-06-24 10:03:09,533.05,740529
2021-06-24 10:03:10,533.05,740529
2021-06-24 10:03:11,533.05,740529
2021-06-24 10:03:12,533.05,740529
2021-06-24 10:03:13,533.1,741723
2021-06-24 10:03:15,533.0,741726
2021-06-24 10:03:16,533.0,741726
2021-06-24 10:03:17,533.0,741726
2021-06-24 10:03:18,533.0,741726
2021-06-24 10:03:19,533.05,741736
2021-06-24 10:03:20,533.0,742017
2021-06-24 10:03:21,533.0,742038
2021-06-24 10:03:22,532.55,743889
2021-06-24 10:03:23,532.55,743889
2021-06-24 10:03:24,532.6,746610
2021-06-24 10:03:25,533.1,746612
2021-06-24 10:03:27,532.85,746831
2021-06-24 10:03:28,532.6,748682
2021-06-24 10:03:29,532.6,749082
2021-06-24 10:03:30,532.85,749083
2021-06-24 10:03:31,532.85,749083
2021-06-24 10:03:32,532.85,749083
2021-06-24 10:03:35,532.85,749103
2021-06-24 10:03:35,532.85,749103
2021-06-24 10:03:36,532.85,749103
2021-06-24 10:03:37,532.95,749222
2021-06-24 10:03:38,532.95,749222
2021-06-24 10:03:40,532.95,749222
2021-06-24 10:03:39,532.95,749222
2021-06-24 10:03:41,532.95,749447
2021-06-24 10:03:42,532.95,749497
2021-06-24 10:03:43,532.55,749700
2021-06-24 10:03:44,532.45,751563
2021-06-24 10:03:45,532.25,753415
2021-06-24 10:03:46,532.6,753515
2021-06-24 10:03:47,532.7,753605
2021-06-24 10:03:48,532.55,753640
2021-06-24 10:03:49,532.55,753640
2021-06-24 10:03:50,532.7,753660
2021-06-24 10:03:51,532.7,753662
2021-06-24 10:03:52,532.7,753662
2021-06-24 10:03:54,532.6,754662
2021-06-24 10:03:55,532.6,754662
2021-06-24 10:03:55,532.6,754662
2021-06-24 10:03:56,532.65,754762
2021-06-24 10:03:58,532.65,754909
2021-06-24 10:03:59,532.55,754913
2021-06-24 10:03:59,532.55,754913
2021-06-24 10:04:00,532.65,754916
2021-06-24 10:04:01,532.6,754918
2021-06-24 10:04:02,532.6,754918
2021-06-24 10:04:03,532.6,755018
2021-06-24 10:04:04,532.6,755018
2021-06-24 10:04:05,532.4,755379
2021-06-24 10:04:07,532.45,756870
2021-06-24 10:04:09,532.65,756895
2021-06-24 10:04:10,532.65,756895
2021-06-24 10:04:11,532.65,756895
2021-06-24 10:04:12,532.4,756925
2021-06-24 10:04:12,532.4,756925
2021-06-24 10:04:14,532.4,756925
2021-06-24 10:04:15,532.4,756925
2021-06-24 10:04:16,532.6,756975
2021-06-24 10:04:17,532.55,757245
2021-06-24 10:04:17,532.55,757245
2021-06-24 10:04:18,532.55,757255
2021-06-24 10:04:19,532.55,757256
2021-06-24 10:04:20,532.55,757261
2021-06-24 10:04:21,532.4,757313
2021-06-24 10:04:22,532.35,757318
2021-06-24 10:04:23,532.55,757388
2021-06-24 10:04:24,532.55,757389
2021-06-24 10:04:25,532.35,757497
2021-06-24 10:04:26,532.4,757634
2021-06-24 10:04:27,532.4,757644
2021-06-24 10:04:28,532.35,757649
2021-06-24 10:04:29,532.35,757649
2021-06-24 10:04:31,532.3,757650
2021-06-24 10:04:31,532.3,757650
2021-06-24 10:04:32,532.3,757656
2021-06-24 10:04:33,532.3,757656
2021-06-24 10:04:34,532.3,757656
2021-06-24 10:04:35,532.25,757677
2021-06-24 10:04:36,532.25,757677
2021-06-24 10:04:37,532.25,757712
2021-06-24 10:04:38,532.3,757722
2021-06-24 10:04:39,532.4,757820
2021-06-24 10:04:40,532.4,757820
2021-06-24 10:04:41,532.4,757830
2021-06-24 10:04:42,532.3,759960
2021-06-24 10:04:43,532.3,759960
2021-06-24 10:04:44,532.5,760460
2021-06-24 10:04:46,532.5,760679
2021-06-24 10:04:46,532.5,760679
2021-06-24 10:04:47,532.3,761949
2021-06-24 10:04:48,532.1,762984
2021-06-24 10:04:49,532.2,763144
2021-06-24 10:04:50,532.2,763144
2021-06-24 10:04:51,532.15,763195
2021-06-24 10:04:52,532.15,763195
2021-06-24 10:04:53,532.15,763195
2021-06-24 10:04:54,532.3,763197
2021-06-24 10:04:55,532.3,763202
2021-06-24 10:04:56,532.5,763663
2021-06-24 10:04:57,532.25,763896
2021-06-24 10:04:59,532.45,763906
2021-06-24 10:05:00,532.3,763937
2021-06-24 10:05:01,532.3,763937
2021-06-24 10:05:02,532.3,763937
2021-06-24 10:05:03,532.3,763937
2021-06-24 10:05:04,532.3,763937
2021-06-24 10:05:05,532.25,763966
2021-06-24 10:05:07,532.3,763976
2021-06-24 10:05:08,532.3,763976
2021-06-24 10:05:09,532.3,763976
2021-06-24 10:05:10,532.3,763987
2021-06-24 10:05:11,532.4,764027
2021-06-24 10:05:12,532.4,764027
2021-06-24 10:05:13,532.3,764028
2021-06-24 10:05:14,532.15,764924
2021-06-24 10:05:15,532.1,766038
2021-06-24 10:05:16,532.25,766042
2021-06-24 10:05:17,532.25,766052
2021-06-24 10:05:18,532.15,766947
2021-06-24 10:05:19,532.1,767913
2021-06-24 10:05:23,532.25,768317
2021-06-24 10:05:24,532.25,768317
2021-06-24 10:05:25,532.25,768317
2021-06-24 10:05:26,532.25,768317
2021-06-24 10:05:28,532.25,768504
2021-06-24 10:05:28,532.25,768504
2021-06-24 10:05:29,532.05,768604
2021-06-24 10:05:31,532.05,769985
2021-06-24 10:05:32,532.1,770670
2021-06-24 10:05:33,532.1,771208
2021-06-24 10:05:34,532.1,771208
2021-06-24 10:05:34,532.1,771208
2021-06-24 10:05:35,532.1,771213
2021-06-24 10:05:36,532.1,771245
2021-06-24 10:05:37,532.1,771307
2021-06-24 10:05:38,532.1,771307
2021-06-24 10:05:39,532.05,771667
2021-06-24 10:05:40,532.0,771669
2021-06-24 10:05:41,532.0,771669
2021-06-24 10:05:42,532.05,771674
2021-06-24 10:05:43,532.05,771674
2021-06-24 10:05:45,532.05,771674
2021-06-24 10:05:46,532.05,771674
2021-06-24 10:05:48,532.0,772028
2021-06-24 10:05:48,532.0,772028
2021-06-24 10:05:49,532.1,772038
2021-06-24 10:05:50,532.1,772099
2021-06-24 10:05:51,532.05,772117
2021-06-24 10:05:52,532.1,772618
2021-06-24 10:05:53,532.0,774469
2021-06-24 10:05:54,532.0,774539
2021-06-24 10:05:55,532.1,774541
2021-06-24 10:05:57,532.1,774680
2021-06-24 10:05:58,532.1,774680
2021-06-24 10:05:58,532.1,774680
2021-06-24 10:05:59,532.1,774702
2021-06-24 10:06:00,532.0,775356
2021-06-24 10:06:01,532.0,775356
2021-06-24 10:06:03,532.0,779058
2021-06-24 10:06:04,532.1,780959
2021-06-24 10:06:05,532.0,782810
2021-06-24 10:06:06,532.1,782831
2021-06-24 10:06:07,532.1,782846
2021-06-24 10:06:08,531.95,782909
2021-06-24 10:06:09,531.95,782909
2021-06-24 10:06:09,531.95,782909
2021-06-24 10:06:11,532.1,782939
2021-06-24 10:06:12,532.1,782939
2021-06-24 10:06:13,532.1,782943
2021-06-24 10:06:14,532.1,782943
2021-06-24 10:06:14,532.1,782943
2021-06-24 10:06:15,532.1,782995
2021-06-24 10:06:17,532.1,782996
2021-06-24 10:06:19,532.0,783046
2021-06-24 10:06:20,532.15,783048
2021-06-24 10:06:21,532.0,783174
2021-06-24 10:06:21,532.0,783174
2021-06-24 10:06:22,532.0,783174
2021-06-24 10:06:23,532.0,783275
2021-06-24 10:06:24,531.9,785181
2021-06-24 10:06:26,531.75,786578
2021-06-24 10:06:26,531.9,787391
2021-06-24 10:06:28,531.9,789816
2021-06-24 10:06:29,531.75,791117
2021-06-24 10:06:30,531.75,791117
2021-06-24 10:06:30,531.85,791119
2021-06-24 10:06:32,532.0,791122
2021-06-24 10:06:32,532.0,791122
2021-06-24 10:06:33,532.0,791122
2021-06-24 10:06:35,532.0,791182
2021-06-24 10:06:37,532.0,791325
2021-06-24 10:06:38,532.0,791367
2021-06-24 10:06:39,532.0,791367
2021-06-24 10:06:39,532.0,791367
2021-06-24 10:06:40,531.85,791461
2021-06-24 10:06:41,531.85,791481
2021-06-24 10:06:42,532.1,791550
2021-06-24 10:06:44,532.1,791550
2021-06-24 10:06:44,532.1,791550
2021-06-24 10:06:45,532.05,792140
2021-06-24 10:06:46,532.15,792153
2021-06-24 10:06:47,532.15,792153
2021-06-24 10:06:48,532.15,792153
2021-06-24 10:06:49,532.05,792154
2021-06-24 10:06:50,532.05,792190
2021-06-24 10:06:51,532.05,792190
2021-06-24 10:06:52,532.05,792190
2021-06-24 10:06:53,532.05,792190
2021-06-24 10:06:54,532.1,792200
2021-06-24 10:06:55,532.1,792200
2021-06-24 10:06:56,532.1,792311
2021-06-24 10:06:57,532.1,792311
2021-06-24 10:06:58,532.1,792311
2021-06-24 10:06:59,532.0,794162
2021-06-24 10:07:00,532.0,794162
2021-06-24 10:07:02,532.0,796023
2021-06-24 10:07:03,532.0,796023
2021-06-24 10:07:04,532.4,797923
2021-06-24 10:07:05,532.25,797963
2021-06-24 10:07:06,532.25,797963
2021-06-24 10:07:06,532.25,797963
2021-06-24 10:07:07,532.25,797965
2021-06-24 10:07:08,532.25,797965
2021-06-24 10:07:10,532.05,799816
2021-06-24 10:07:11,532.05,799816
2021-06-24 10:07:12,532.25,799818
2021-06-24 10:07:13,532.25,799818
2021-06-24 10:07:14,532.25,799818
2021-06-24 10:07:15,532.25,799818
2021-06-24 10:07:16,532.25,799818
2021-06-24 10:07:17,532.05,801719
2021-06-24 10:07:19,532.25,801769
2021-06-24 10:07:21,532.05,801808
2021-06-24 10:07:22,532.3,801848
2021-06-24 10:07:22,532.3,801848
2021-06-24 10:07:23,532.2,801863
2021-06-24 10:07:25,532.2,801885
2021-06-24 10:07:26,532.1,802648
2021-06-24 10:07:27,532.2,803741
2021-06-24 10:07:29,532.2,803741
2021-06-24 10:07:30,532.2,803741
2021-06-24 10:07:31,532.2,803856
2021-06-24 10:07:32,532.15,803905
2021-06-24 10:07:34,532.25,805996
2021-06-24 10:07:35,532.25,805996
2021-06-24 10:07:36,532.25,805996
2021-06-24 10:07:37,532.2,806016
2021-06-24 10:07:38,532.2,806016
2021-06-24 10:07:39,532.2,806016
2021-06-24 10:07:40,532.1,806887
2021-06-24 10:07:41,531.95,807967
2021-06-24 10:07:42,531.95,807967
2021-06-24 10:07:43,532.3,809217
2021-06-24 10:07:45,532.2,809243
2021-06-24 10:07:46,532.2,809243
2021-06-24 10:07:46,531.95,809343
2021-06-24 10:07:47,531.95,809343
2021-06-24 10:07:48,531.9,809349
2021-06-24 10:07:50,531.9,809349
2021-06-24 10:07:51,531.9,809370
2021-06-24 10:07:52,531.9,809370
2021-06-24 10:07:53,532.0,809570
2021-06-24 10:07:53,532.0,809570
2021-06-24 10:07:55,532.0,809575
2021-06-24 10:07:56,532.0,809575
2021-06-24 10:07:57,532.0,809590
2021-06-24 10:07:58,532.05,809654
2021-06-24 10:07:59,532.05,809654
2021-06-24 10:08:00,531.95,811415
2021-06-24 10:08:01,531.9,811555
2021-06-24 10:08:02,531.9,811555
2021-06-24 10:08:03,531.9,811555
2021-06-24 10:08:04,531.9,811605
2021-06-24 10:08:05,531.9,811605
2021-06-24 10:08:06,531.9,811626
2021-06-24 10:08:07,532.1,811627
2021-06-24 10:08:09,531.7,818716
2021-06-24 10:08:10,531.55,820567
2021-06-24 10:08:11,531.75,820568
2021-06-24 10:08:12,531.75,820570
2021-06-24 10:08:13,531.75,820570
2021-06-24 10:08:14,531.75,820570
2021-06-24 10:08:15,531.75,820645
2021-06-24 10:08:16,531.8,821045
2021-06-24 10:08:17,531.75,821087
2021-06-24 10:08:17,531.6,821188
2021-06-24 10:08:20,531.75,821281
2021-06-24 10:08:21,531.55,821302
2021-06-24 10:08:22,531.75,821870
2021-06-24 10:08:22,531.55,821879
2021-06-24 10:08:24,531.75,821890
2021-06-24 10:08:25,531.55,821951
2021-06-24 10:08:26,531.55,821951
2021-06-24 10:08:27,531.8,822088
2021-06-24 10:08:28,531.8,822123
2021-06-24 10:08:29,531.55,822473
2021-06-24 10:08:30,531.5,824109
2021-06-24 10:08:31,531.75,826025
2021-06-24 10:08:32,531.7,826045
2021-06-24 10:08:32,531.35,828488
2021-06-24 10:08:34,531.3,830465
2021-06-24 10:08:35,531.35,830822
2021-06-24 10:08:35,531.3,831072
2021-06-24 10:08:36,531.25,831394
2021-06-24 10:08:37,531.5,831404
2021-06-24 10:08:39,531.5,831428
2021-06-24 10:08:40,531.55,831829
2021-06-24 10:08:41,531.65,831929
2021-06-24 10:08:42,531.65,831929
2021-06-24 10:08:43,531.65,831929
2021-06-24 10:08:44,531.65,831929
2021-06-24 10:08:45,531.65,831929
2021-06-24 10:08:46,531.7,831951
2021-06-24 10:08:47,531.65,832034
2021-06-24 10:08:48,531.65,832064
2021-06-24 10:08:49,531.9,832464
2021-06-24 10:08:50,531.6,833049
2021-06-24 10:08:51,531.4,834316
2021-06-24 10:08:52,531.65,834326
2021-06-24 10:08:53,531.75,834451
2021-06-24 10:08:54,531.75,834451
2021-06-24 10:08:55,531.75,834466
2021-06-24 10:08:56,531.75,834466
2021-06-24 10:08:57,531.85,834618
2021-06-24 10:08:58,531.8,834628
2021-06-24 10:08:59,531.8,834631
2021-06-24 10:09:00,531.75,834804
2021-06-24 10:09:01,531.75,834805
2021-06-24 10:09:02,531.8,834955
2021-06-24 10:09:04,531.8,834955
2021-06-24 10:09:05,531.8,834955
2021-06-24 10:09:06,531.5,834997
2021-06-24 10:09:08,531.75,835197
2021-06-24 10:09:09,531.75,835197
2021-06-24 10:09:10,531.75,835197
2021-06-24 10:09:11,531.75,835197
2021-06-24 10:09:12,531.5,835717
2021-06-24 10:09:13,531.65,837337
2021-06-24 10:09:14,531.6,837437
2021-06-24 10:09:15,531.65,837447
2021-06-24 10:09:16,531.65,837447
2021-06-24 10:09:17,531.75,839300
2021-06-24 10:09:18,531.7,839353
2021-06-24 10:09:19,531.7,839353
2021-06-24 10:09:20,531.7,839353
2021-06-24 10:09:21,531.7,839353
2021-06-24 10:09:22,531.7,839353
2021-06-24 10:09:23,531.8,839354
2021-06-24 10:09:24,531.8,839354
2021-06-24 10:09:24,531.8,839354
2021-06-24 10:09:25,531.8,839354
2021-06-24 10:09:26,531.8,839491
2021-06-24 10:09:27,531.8,839491
2021-06-24 10:09:28,531.8,839491
2021-06-24 10:09:30,531.8,839491
2021-06-24 10:09:31,531.8,839491
2021-06-24 10:09:31,531.8,839491
2021-06-24 10:09:33,531.6,841342
2021-06-24 10:09:34,531.55,843193
2021-06-24 10:09:36,531.65,843717
2021-06-24 10:09:37,531.8,843722
2021-06-24 10:09:38,531.8,843722
2021-06-24 10:09:39,531.8,843722
2021-06-24 10:09:40,531.55,845623
2021-06-24 10:09:41,531.55,846053
2021-06-24 10:09:42,531.55,846053
2021-06-24 10:09:43,531.55,846053
2021-06-24 10:09:44,531.8,846063
2021-06-24 10:09:45,531.7,846164
2021-06-24 10:09:46,531.75,846717
2021-06-24 10:09:48,531.9,847157
2021-06-24 10:09:51,531.85,847252
2021-06-24 10:09:52,531.85,847252
2021-06-24 10:09:53,531.7,848164
2021-06-24 10:09:54,531.55,849103
2021-06-24 10:09:55,531.7,849718
2021-06-24 10:09:56,531.5,850954
2021-06-24 10:09:56,531.5,850954
2021-06-24 10:09:58,531.65,851142
2021-06-24 10:09:59,531.5,852963
2021-06-24 10:10:00,531.5,852963
2021-06-24 10:10:01,531.6,853126
2021-06-24 10:10:02,531.6,853141
2021-06-24 10:10:03,531.85,853142
2021-06-24 10:10:04,531.6,853357
2021-06-24 10:10:04,531.6,853477
2021-06-24 10:10:05,531.6,853653
2021-06-24 10:10:06,531.35,855356
2021-06-24 10:10:07,531.6,855358
2021-06-24 10:10:09,531.7,855413
2021-06-24 10:10:10,531.75,855428
2021-06-24 10:10:11,531.75,855928
2021-06-24 10:10:12,531.75,855928
2021-06-24 10:10:13,531.75,855928
2021-06-24 10:10:14,531.75,855928
2021-06-24 10:10:15,531.55,855939
2021-06-24 10:10:16,531.55,855939
2021-06-24 10:10:17,531.55,855969
2021-06-24 10:10:18,531.75,858020
2021-06-24 10:10:19,531.5,858035
2021-06-24 10:10:20,531.4,859888
2021-06-24 10:10:21,531.5,863803
2021-06-24 10:10:22,531.4,865928
2021-06-24 10:10:23,531.3,867505
2021-06-24 10:10:24,531.3,867505
2021-06-24 10:10:25,531.3,867505
2021-06-24 10:10:26,531.3,867505
2021-06-24 10:10:27,531.55,868668
2021-06-24 10:10:28,531.55,868742
2021-06-24 10:10:29,531.4,868842
2021-06-24 10:10:30,531.6,869462
2021-06-24 10:10:30,531.6,869462
2021-06-24 10:10:32,531.4,869850
2021-06-24 10:10:33,531.4,869850
2021-06-24 10:10:34,531.55,869885
2021-06-24 10:10:35,531.55,869886
2021-06-24 10:10:37,531.6,869938
2021-06-24 10:10:38,531.6,870434
2021-06-24 10:10:39,531.3,872334
2021-06-24 10:10:40,531.25,874185
2021-06-24 10:10:42,531.2,877991
2021-06-24 10:10:43,531.2,877991
2021-06-24 10:10:44,531.2,877991
2021-06-24 10:10:45,531.5,878871
2021-06-24 10:10:46,531.3,878901
2021-06-24 10:10:47,531.25,881032
2021-06-24 10:10:48,531.1,883103
2021-06-24 10:10:49,531.1,883103
2021-06-24 10:10:50,531.4,883133
2021-06-24 10:10:51,531.1,885105
2021-06-24 10:10:52,531.1,885105
2021-06-24 10:10:53,531.1,885105
2021-06-24 10:10:54,531.1,885125
2021-06-24 10:10:55,531.45,885333
2021-06-24 10:10:55,531.45,885333
2021-06-24 10:10:56,531.45,885898
2021-06-24 10:10:57,531.45,885898
2021-06-24 10:10:58,531.45,885898
2021-06-24 10:11:00,531.2,886097
2021-06-24 10:11:02,531.2,886097
2021-06-24 10:11:04,531.35,886131
2021-06-24 10:11:05,531.4,886349
2021-06-24 10:11:07,531.1,887930
2021-06-24 10:11:08,531.45,888248
2021-06-24 10:11:09,531.3,889041
2021-06-24 10:11:10,531.1,890609
2021-06-24 10:11:11,531.35,891309
2021-06-24 10:11:12,531.4,892482
2021-06-24 10:11:13,531.15,892532
2021-06-24 10:11:14,531.15,892532
2021-06-24 10:11:15,531.25,892542
2021-06-24 10:11:17,531.25,892644
2021-06-24 10:11:18,531.4,892677
2021-06-24 10:11:19,531.4,892677
2021-06-24 10:11:20,531.4,892731
2021-06-24 10:11:21,531.25,892752
2021-06-24 10:11:22,531.2,894603
2021-06-24 10:11:22,531.2,894603
2021-06-24 10:11:24,531.25,894604
2021-06-24 10:11:25,531.5,894940
2021-06-24 10:11:25,531.5,894940
2021-06-24 10:11:26,531.4,895078
2021-06-24 10:11:27,531.35,900777
2021-06-24 10:11:29,531.2,900810
2021-06-24 10:11:30,531.4,901335
2021-06-24 10:11:32,531.25,901336
2021-06-24 10:11:32,531.25,901471
2021-06-24 10:11:33,531.4,901521
2021-06-24 10:11:34,531.4,903387
2021-06-24 10:11:35,531.2,903536
2021-06-24 10:11:37,531.2,903538
2021-06-24 10:11:38,531.2,903538
2021-06-24 10:11:39,531.4,903558
2021-06-24 10:11:40,531.1,903858
2021-06-24 10:11:41,531.2,904158
2021-06-24 10:11:42,531.4,905158
2021-06-24 10:11:43,531.4,905208
2021-06-24 10:11:44,531.45,905258
2021-06-24 10:11:45,531.25,905358
2021-06-24 10:11:46,531.45,905368
2021-06-24 10:11:47,531.45,905749
2021-06-24 10:11:50,531.5,905911
2021-06-24 10:11:51,531.4,906449
2021-06-24 10:11:52,531.4,906461
2021-06-24 10:11:53,531.6,906561
2021-06-24 10:11:54,531.6,906561
2021-06-24 10:11:55,531.6,906571
2021-06-24 10:11:56,531.7,907388
2021-06-24 10:11:57,531.7,907625
2021-06-24 10:11:58,531.5,907660
2021-06-24 10:11:59,531.4,907662
2021-06-24 10:12:01,531.35,907862
2021-06-24 10:12:02,531.35,908352
2021-06-24 10:12:03,531.35,908352
2021-06-24 10:12:04,531.35,908372
2021-06-24 10:12:05,531.55,908374
2021-06-24 10:12:06,531.6,908815
2021-06-24 10:12:07,531.6,909316
2021-06-24 10:12:08,531.5,909325
2021-06-24 10:12:09,531.4,909330
2021-06-24 10:12:10,531.5,909355
2021-06-24 10:12:12,531.5,909362
2021-06-24 10:12:11,531.5,909361
2021-06-24 10:12:13,531.5,909412
2021-06-24 10:12:14,531.5,909413
2021-06-24 10:12:16,531.6,909904
2021-06-24 10:12:17,531.6,909904
2021-06-24 10:12:18,531.6,909914
2021-06-24 10:12:19,531.6,909914
2021-06-24 10:12:20,531.6,909914
2021-06-24 10:12:21,531.4,909935
2021-06-24 10:12:22,531.4,909935
2021-06-24 10:12:23,531.6,909976
2021-06-24 10:12:24,531.6,909978
2021-06-24 10:12:25,531.6,909979
2021-06-24 10:12:26,531.65,910011
2021-06-24 10:12:27,531.55,910243
2021-06-24 10:12:28,531.5,910252
2021-06-24 10:12:29,531.5,910254
2021-06-24 10:12:30,531.5,910255
2021-06-24 10:12:31,531.45,910285
2021-06-24 10:12:32,531.5,910290
2021-06-24 10:12:33,531.6,910760
2021-06-24 10:12:34,531.6,910770
2021-06-24 10:12:35,531.6,910890
2021-06-24 10:12:36,531.35,911583
2021-06-24 10:12:37,531.2,912750
2021-06-24 10:12:38,531.2,912750
2021-06-24 10:12:40,531.2,912750
2021-06-24 10:12:41,531.5,912970
2021-06-24 10:12:42,531.6,913370
2021-06-24 10:12:45,531.35,913446
2021-06-24 10:12:46,531.5,913476
2021-06-24 10:12:47,531.5,913476
2021-06-24 10:12:48,531.5,913496
2021-06-24 10:12:49,531.55,913721
2021-06-24 10:12:50,531.55,913826
2021-06-24 10:12:51,531.3,913946
2021-06-24 10:12:52,531.3,913946
2021-06-24 10:12:53,531.3,913946
2021-06-24 10:12:54,531.3,913946
2021-06-24 10:12:55,531.4,913947
2021-06-24 10:12:56,531.55,914009
2021-06-24 10:12:57,531.5,914237
2021-06-24 10:12:58,531.55,914287
2021-06-24 10:13:00,531.55,914287
2021-06-24 10:13:01,531.55,914287
2021-06-24 10:13:02,531.55,914287
2021-06-24 10:13:03,531.55,914324
2021-06-24 10:13:04,531.6,914328
2021-06-24 10:13:05,531.6,914328
2021-06-24 10:13:06,531.5,914330
2021-06-24 10:13:07,531.5,914330
2021-06-24 10:13:08,531.55,914335
2021-06-24 10:13:09,531.55,914335
2021-06-24 10:13:10,531.55,914335
2021-06-24 10:13:11,531.55,914335
2021-06-24 10:13:12,531.35,914399
2021-06-24 10:13:13,531.35,914399
2021-06-24 10:13:14,531.6,914573
2021-06-24 10:13:15,531.3,914892
2021-06-24 10:13:16,531.2,916424
2021-06-24 10:13:17,531.2,916424
2021-06-24 10:13:18,531.35,916644
2021-06-24 10:13:19,531.35,916644
2021-06-24 10:13:20,531.6,916691
2021-06-24 10:13:21,531.6,916691
2021-06-24 10:13:22,531.25,917191
2021-06-24 10:13:23,531.5,917197
2021-06-24 10:13:24,531.6,917298
2021-06-24 10:13:25,531.6,917298
2021-06-24 10:13:26,531.5,917435
2021-06-24 10:13:27,531.5,917435
2021-06-24 10:13:28,531.6,917445
2021-06-24 10:13:29,531.6,917445
2021-06-24 10:13:30,531.5,917505
2021-06-24 10:13:31,531.5,917505
2021-06-24 10:13:32,531.6,917518
2021-06-24 10:13:33,531.6,917536
2021-06-24 10:13:34,531.6,917539
2021-06-24 10:13:35,531.6,917649
2021-06-24 10:13:36,531.35,917770
2021-06-24 10:13:38,531.6,918104
2021-06-24 10:13:39,531.6,918620
2021-06-24 10:13:41,531.6,918620
2021-06-24 10:13:41,531.6,918620
2021-06-24 10:13:42,531.6,918620
2021-06-24 10:13:43,531.6,918620
2021-06-24 10:13:44,531.5,919120
2021-06-24 10:13:46,531.6,919240
2021-06-24 10:13:46,531.5,919740
2021-06-24 10:13:47,531.25,921591
2021-06-24 10:13:48,531.55,921692
2021-06-24 10:13:49,531.6,922098
2021-06-24 10:13:50,531.6,922119
2021-06-24 10:13:51,531.3,922442
2021-06-24 10:13:52,531.55,922452
2021-06-24 10:13:54,531.55,922452
2021-06-24 10:13:55,531.55,922452
2021-06-24 10:13:56,531.25,922838
2021-06-24 10:13:57,531.5,922977
2021-06-24 10:13:58,531.5,922977
2021-06-24 10:13:59,531.5,923903
2021-06-24 10:14:00,531.2,923914
2021-06-24 10:14:01,531.45,923944
2021-06-24 10:14:03,531.2,925795
2021-06-24 10:14:04,531.2,925795
2021-06-24 10:14:05,531.4,925964
2021-06-24 10:14:05,531.2,926064
2021-06-24 10:14:06,531.15,926110
2021-06-24 10:14:07,531.15,926110
2021-06-24 10:14:08,531.15,926110
2021-06-24 10:14:09,531.15,926290
2021-06-24 10:14:10,531.15,926290
2021-06-24 10:14:11,531.45,926292
2021-06-24 10:14:12,531.45,926293
2021-06-24 10:14:13,531.45,926469
2021-06-24 10:14:14,531.2,927192
2021-06-24 10:14:15,531.05,928320
2021-06-24 10:14:16,531.15,928620
2021-06-24 10:14:17,531.15,928620
2021-06-24 10:14:18,531.3,928820
2021-06-24 10:14:19,531.3,928822
2021-06-24 10:14:21,531.15,928842
2021-06-24 10:14:21,531.15,928842
2021-06-24 10:14:23,531.4,928942
2021-06-24 10:14:24,531.4,928992
2021-06-24 10:14:25,531.4,928994
2021-06-24 10:14:26,531.4,928994
2021-06-24 10:14:27,531.2,931132
2021-06-24 10:14:28,531.4,931192
2021-06-24 10:14:29,531.4,931267
2021-06-24 10:14:30,531.2,931320
2021-06-24 10:14:31,531.2,931320
2021-06-24 10:14:32,531.4,931430
2021-06-24 10:14:33,531.4,931430
2021-06-24 10:14:34,531.3,931432
2021-06-24 10:14:35,531.45,931632
2021-06-24 10:14:36,531.0,937222
2021-06-24 10:14:37,531.1,937314
2021-06-24 10:14:38,531.1,937314
2021-06-24 10:14:39,531.3,937325
2021-06-24 10:14:40,531.35,937703
2021-06-24 10:14:41,531.05,938013
2021-06-24 10:14:43,531.4,938389
2021-06-24 10:14:42,531.05,938013
2021-06-24 10:14:45,531.35,938399
2021-06-24 10:14:44,531.35,938399
2021-06-24 10:14:46,531.35,938399
2021-06-24 10:14:47,531.35,938399
2021-06-24 10:14:48,531.35,938399
2021-06-24 10:14:49,531.35,938469
2021-06-24 10:14:50,531.35,938474
2021-06-24 10:14:51,531.1,938635
2021-06-24 10:14:52,531.0,940485
2021-06-24 10:14:54,531.25,940585
2021-06-24 10:14:55,531.0,947989
2021-06-24 10:14:56,531.1,949845
2021-06-24 10:14:57,531.05,950035
2021-06-24 10:14:58,531.05,950035
2021-06-24 10:14:59,531.05,950035
2021-06-24 10:15:01,531.0,950056
2021-06-24 10:15:01,531.0,950056
2021-06-24 10:15:02,530.8,954121
2021-06-24 10:15:04,530.65,957804
2021-06-24 10:15:05,530.95,957905
2021-06-24 10:15:06,530.65,958826
2021-06-24 10:15:07,530.95,958851
2021-06-24 10:15:08,530.7,958902
2021-06-24 10:15:09,531.0,958939
2021-06-24 10:15:10,531.0,958939
2021-06-24 10:15:11,530.65,959765
2021-06-24 10:15:12,530.65,961898
2021-06-24 10:15:13,531.0,962078
2021-06-24 10:15:14,530.95,962154
2021-06-24 10:15:15,530.7,962174
2021-06-24 10:15:17,530.95,962234
2021-06-24 10:15:19,531.0,962641
2021-06-24 10:15:19,531.0,962644
2021-06-24 10:15:20,531.0,962654
2021-06-24 10:15:21,530.9,962676
2021-06-24 10:15:22,531.0,963626
2021-06-24 10:15:23,531.0,963630
2021-06-24 10:15:24,531.0,963630
2021-06-24 10:15:25,530.7,966107
2021-06-24 10:15:26,530.75,967671
2021-06-24 10:15:27,530.75,967871
2021-06-24 10:15:28,530.75,967871
2021-06-24 10:15:29,530.75,968077
2021-06-24 10:15:30,530.6,968302
2021-06-24 10:15:32,530.65,968336
2021-06-24 10:15:33,530.7,968391
2021-06-24 10:15:34,530.7,968459
2021-06-24 10:15:35,530.55,968604
2021-06-24 10:15:37,530.8,968629
2021-06-24 10:15:38,530.8,968679
2021-06-24 10:15:39,530.8,968679
2021-06-24 10:15:41,530.65,970837
2021-06-24 10:15:42,530.5,976340
2021-06-24 10:15:44,530.35,978714
2021-06-24 10:15:44,530.35,978714
2021-06-24 10:15:45,530.25,979024
2021-06-24 10:15:46,530.25,979024
2021-06-24 10:15:47,530.35,979035
2021-06-24 10:15:48,530.35,979040
2021-06-24 10:15:49,530.35,979040
2021-06-24 10:15:50,530.25,979140
2021-06-24 10:15:51,530.3,979250
2021-06-24 10:15:52,530.35,979365
2021-06-24 10:15:53,530.55,979509
2021-06-24 10:15:54,530.45,979639
2021-06-24 10:15:55,530.65,979660
2021-06-24 10:15:56,530.7,979819
2021-06-24 10:15:57,530.7,979970
2021-06-24 10:15:58,530.5,979985
2021-06-24 10:15:59,530.4,979986
2021-06-24 10:16:00,530.6,980010
2021-06-24 10:16:01,530.6,980010
2021-06-24 10:16:02,530.7,980241
2021-06-24 10:16:03,530.55,980301
2021-06-24 10:16:05,530.65,980308
2021-06-24 10:16:05,530.65,980311
2021-06-24 10:16:07,530.65,980337
2021-06-24 10:16:07,530.65,980337
2021-06-24 10:16:08,530.65,980341
2021-06-24 10:16:09,530.55,984637
2021-06-24 10:16:11,530.2,986992
2021-06-24 10:16:11,530.2,986992
2021-06-24 10:16:13,530.55,987042
2021-06-24 10:16:14,530.5,987252
2021-06-24 10:16:16,530.5,987262
2021-06-24 10:16:17,530.55,987292
2021-06-24 10:16:18,530.55,987292
2021-06-24 10:16:18,530.5,987300
2021-06-24 10:16:20,530.5,987521
2021-06-24 10:16:20,530.55,988024
2021-06-24 10:16:21,530.35,988045
2021-06-24 10:16:22,530.3,988546
2021-06-24 10:16:23,530.25,990398
2021-06-24 10:16:24,530.15,990499
2021-06-24 10:16:26,530.25,990512
2021-06-24 10:16:27,530.5,991201
2021-06-24 10:16:28,530.25,991207
2021-06-24 10:16:29,530.3,991263
2021-06-24 10:16:30,530.25,991333
2021-06-24 10:16:31,530.2,993669
2021-06-24 10:16:31,530.5,994071
2021-06-24 10:16:32,530.5,994071
2021-06-24 10:16:33,530.5,994124
2021-06-24 10:16:35,530.55,996214
2021-06-24 10:16:35,530.55,996214
2021-06-24 10:16:36,530.3,996219
2021-06-24 10:16:37,530.55,996244
2021-06-24 10:16:38,530.55,996255
2021-06-24 10:16:39,530.55,996269
2021-06-24 10:16:40,530.55,996275
2021-06-24 10:16:42,530.3,996345
2021-06-24 10:16:43,530.55,996445
2021-06-24 10:16:44,530.55,997233
2021-06-24 10:16:45,530.55,997634
2021-06-24 10:16:47,530.55,997869
2021-06-24 10:16:47,530.55,997872
2021-06-24 10:16:48,530.25,997892
2021-06-24 10:16:49,530.55,997992
2021-06-24 10:16:50,530.55,998042
2021-06-24 10:16:52,530.3,998148
2021-06-24 10:16:53,530.3,998150
2021-06-24 10:16:53,530.3,998150
2021-06-24 10:16:54,530.45,998151
2021-06-24 10:16:55,530.5,998203
2021-06-24 10:16:56,530.55,998453
2021-06-24 10:16:57,530.55,998455
2021-06-24 10:17:00,530.55,998557
2021-06-24 10:17:01,530.5,998567
2021-06-24 10:17:02,530.3,999258
2021-06-24 10:17:02,530.3,999258
2021-06-24 10:17:04,530.2,1000839
2021-06-24 10:17:05,530.45,1000864
2021-06-24 10:17:07,530.5,1001018
2021-06-24 10:17:08,530.5,1001018
2021-06-24 10:17:08,530.5,1001018
2021-06-24 10:17:10,530.3,1001123
2021-06-24 10:17:11,530.5,1001128
2021-06-24 10:17:12,530.5,1001132
2021-06-24 10:17:13,530.5,1001136
2021-06-24 10:17:15,530.5,1001137
2021-06-24 10:17:16,530.5,1001157
2021-06-24 10:17:17,530.5,1002515
2021-06-24 10:17:18,530.55,1002517
2021-06-24 10:17:19,530.7,1003207
2021-06-24 10:17:20,530.6,1003208
2021-06-24 10:17:20,530.6,1003208
2021-06-24 10:17:21,530.6,1003208
2021-06-24 10:17:22,530.7,1003308
2021-06-24 10:17:23,530.55,1003312
2021-06-24 10:17:24,530.65,1003313
2021-06-24 10:17:25,530.7,1003322
2021-06-24 10:17:26,530.7,1003502
2021-06-24 10:17:27,530.7,1003506
2021-06-24 10:17:28,530.8,1003643
2021-06-24 10:17:29,530.8,1003746
2021-06-24 10:17:30,530.8,1003748
2021-06-24 10:17:32,530.9,1004131
2021-06-24 10:17:32,530.9,1004144
2021-06-24 10:17:33,530.9,1004156
2021-06-24 10:17:34,530.9,1004166
2021-06-24 10:17:35,530.65,1004198
2021-06-24 10:17:38,530.9,1004203
2021-06-24 10:17:39,530.9,1004291
2021-06-24 10:17:40,530.9,1004341
2021-06-24 10:17:41,530.9,1006389
2021-06-24 10:17:41,530.9,1006389
2021-06-24 10:17:42,530.9,1006389
2021-06-24 10:17:43,530.9,1006510
2021-06-24 10:17:44,530.9,1006552
2021-06-24 10:17:45,530.85,1006558
2021-06-24 10:17:46,530.85,1006558
2021-06-24 10:17:47,530.85,1006565
2021-06-24 10:17:48,530.9,1006671
2021-06-24 10:17:49,530.9,1006684
2021-06-24 10:17:50,530.9,1006688
2021-06-24 10:17:51,530.7,1006708
2021-06-24 10:17:52,530.9,1007408
2021-06-24 10:17:53,530.9,1007415
2021-06-24 10:17:54,530.9,1007417
2021-06-24 10:17:55,530.7,1007453
2021-06-24 10:17:56,530.65,1007602
2021-06-24 10:17:57,530.5,1010577
2021-06-24 10:17:58,530.7,1010582
2021-06-24 10:17:59,530.5,1010632
2021-06-24 10:18:00,530.7,1010732
2021-06-24 10:18:01,530.7,1010732
2021-06-24 10:18:02,530.8,1010832
2021-06-24 10:18:03,530.8,1010832
2021-06-24 10:18:04,530.65,1010835
2021-06-24 10:18:05,530.8,1010837
2021-06-24 10:18:06,530.8,1010839
2021-06-24 10:18:07,530.9,1010899
2021-06-24 10:18:08,530.8,1010910
2021-06-24 10:18:09,530.65,1010915
2021-06-24 10:18:10,530.8,1010936
2021-06-24 10:18:11,530.8,1010936
2021-06-24 10:18:13,530.6,1011036
2021-06-24 10:18:14,530.9,1011082
2021-06-24 10:18:14,530.9,1011082
2021-06-24 10:18:15,530.9,1011092
2021-06-24 10:18:16,531.2,1012147
2021-06-24 10:18:18,530.8,1012333
2021-06-24 10:18:19,531.1,1012335
2021-06-24 10:18:20,531.1,1012337
2021-06-24 10:18:21,531.1,1012338
2021-06-24 10:18:22,531.15,1012346
2021-06-24 10:18:22,531.15,1012351
2021-06-24 10:18:23,531.15,1012351
2021-06-24 10:18:24,531.15,1012363
2021-06-24 10:18:25,531.15,1012363
2021-06-24 10:18:26,531.15,1012363
2021-06-24 10:18:27,531.1,1012523
2021-06-24 10:18:28,531.1,1012535
2021-06-24 10:18:29,531.15,1012552
2021-06-24 10:18:30,531.15,1012553
2021-06-24 10:18:32,530.9,1012559
2021-06-24 10:18:33,531.35,1013005
2021-06-24 10:18:34,531.35,1013010
2021-06-24 10:18:35,531.1,1013210
2021-06-24 10:18:36,531.35,1013216
2021-06-24 10:18:37,531.35,1013216
2021-06-24 10:18:37,531.35,1013338
2021-06-24 10:18:39,531.15,1015598
2021-06-24 10:18:39,531.15,1015598
2021-06-24 10:18:41,531.15,1015768
2021-06-24 10:18:42,531.05,1015869
2021-06-24 10:18:43,531.1,1016219
2021-06-24 10:18:44,531.1,1016219
2021-06-24 10:18:44,531.1,1016219
2021-06-24 10:18:45,531.1,1016219
2021-06-24 10:18:46,531.1,1016219
2021-06-24 10:18:48,530.9,1017508
2021-06-24 10:18:49,531.0,1019379
2021-06-24 10:18:50,531.0,1019390
2021-06-24 10:18:51,531.0,1019411
2021-06-24 10:18:52,531.0,1019416
2021-06-24 10:18:53,531.0,1019736
2021-06-24 10:18:54,531.0,1019736
2021-06-24 10:18:55,531.05,1019783
2021-06-24 10:18:56,531.05,1019885
2021-06-24 10:18:57,531.05,1020026
2021-06-24 10:18:58,530.9,1020037
2021-06-24 10:19:00,530.75,1020378
2021-06-24 10:19:01,530.9,1020403
2021-06-24 10:19:01,530.9,1020403
2021-06-24 10:19:02,530.9,1020414
2021-06-24 10:19:05,530.9,1020425
2021-06-24 10:19:05,530.9,1020425
2021-06-24 10:19:06,530.75,1020447
2021-06-24 10:19:07,530.65,1020947
2021-06-24 10:19:08,530.9,1020969
2021-06-24 10:19:09,530.9,1021014
2021-06-24 10:19:10,530.8,1021059
2021-06-24 10:19:11,530.9,1021085
2021-06-24 10:19:12,530.8,1021104
2021-06-24 10:19:14,530.6,1023436
2021-06-24 10:19:14,530.55,1024352
2021-06-24 10:19:15,531.0,1026393
2021-06-24 10:19:17,531.2,1026569
2021-06-24 10:19:18,531.05,1026629
2021-06-24 10:19:19,531.05,1026738
2021-06-24 10:19:20,531.3,1026848
2021-06-24 10:19:21,531.3,1026848
2021-06-24 10:19:21,531.3,1026908
2021-06-24 10:19:23,531.3,1026908
2021-06-24 10:19:24,531.3,1026908
2021-06-24 10:19:25,531.3,1027008
2021-06-24 10:19:25,531.05,1027014
2021-06-24 10:19:27,531.3,1027151
2021-06-24 10:19:27,531.3,1027151
2021-06-24 10:19:28,531.3,1027151
2021-06-24 10:19:30,531.3,1027251
2021-06-24 10:19:31,531.3,1027251
2021-06-24 10:19:31,531.3,1027251
2021-06-24 10:19:32,531.3,1027251
2021-06-24 10:19:34,531.3,1027271
2021-06-24 10:19:34,531.3,1027271
2021-06-24 10:19:36,530.9,1029143
2021-06-24 10:19:37,531.15,1029146
2021-06-24 10:19:38,531.05,1029162
2021-06-24 10:19:39,531.25,1029163
2021-06-24 10:19:40,531.25,1029228
2021-06-24 10:19:41,531.25,1029326
2021-06-24 10:19:41,531.05,1029308
2021-06-24 10:19:43,531.25,1029326
2021-06-24 10:19:43,531.25,1029763
2021-06-24 10:19:44,531.25,1029763
2021-06-24 10:19:46,531.25,1029763
2021-06-24 10:19:46,531.25,1029763
2021-06-24 10:19:47,531.35,1030035
2021-06-24 10:19:49,531.35,1030035
2021-06-24 10:19:50,531.05,1030139
2021-06-24 10:19:51,531.1,1030160
2021-06-24 10:19:52,531.3,1030173
2021-06-24 10:19:54,531.3,1030173
2021-06-24 10:19:55,531.3,1030183
2021-06-24 10:19:56,531.3,1030183
2021-06-24 10:19:57,531.3,1030321
2021-06-24 10:19:58,531.3,1030323
2021-06-24 10:19:59,531.3,1030323
2021-06-24 10:20:00,531.3,1030823
2021-06-24 10:20:01,531.1,1030843
2021-06-24 10:20:02,531.1,1030863
2021-06-24 10:20:03,531.1,1030863
2021-06-24 10:20:04,531.1,1030863
2021-06-24 10:20:05,531.1,1030863
2021-06-24 10:20:06,531.1,1030929
2021-06-24 10:20:07,531.3,1030933
2021-06-24 10:20:08,531.3,1030938
2021-06-24 10:20:10,531.3,1030938
2021-06-24 10:20:12,531.3,1030943
2021-06-24 10:20:13,531.3,1030943
2021-06-24 10:20:14,531.3,1030969
2021-06-24 10:20:17,531.3,1031046
2021-06-24 10:20:18,531.3,1031046
2021-06-24 10:20:19,531.3,1031247
2021-06-24 10:20:19,531.3,1031247
2021-06-24 10:20:20,531.3,1031247
2021-06-24 10:20:21,531.3,1031877
2021-06-24 10:20:23,531.3,1031877
2021-06-24 10:20:24,531.3,1033730
2021-06-24 10:20:25,531.3,1033730
2021-06-24 10:20:26,531.3,1033730
2021-06-24 10:20:26,531.3,1033930
2021-06-24 10:20:27,531.35,1034067
2021-06-24 10:20:28,531.35,1034067
2021-06-24 10:20:29,531.35,1034067
2021-06-24 10:20:31,531.35,1034072
2021-06-24 10:20:32,531.3,1034090
2021-06-24 10:20:33,531.35,1034091
2021-06-24 10:20:34,531.35,1034091
2021-06-24 10:20:35,531.3,1034174
2021-06-24 10:20:36,531.25,1034260
2021-06-24 10:20:38,531.15,1034421
2021-06-24 10:20:37,531.25,1034411
2021-06-24 10:20:39,531.25,1034429
2021-06-24 10:20:40,531.1,1034533
2021-06-24 10:20:41,531.25,1034633
2021-06-24 10:20:43,531.25,1034659
2021-06-24 10:20:44,531.25,1034690
2021-06-24 10:20:45,531.25,1034698
2021-06-24 10:20:46,531.25,1034950
2021-06-24 10:20:48,531.25,1035413
2021-06-24 10:20:49,531.25,1035568
2021-06-24 10:20:50,531.4,1035886
2021-06-24 10:20:51,531.4,1036194
2021-06-24 10:20:52,531.4,1036194
2021-06-24 10:20:53,531.4,1036274
2021-06-24 10:20:54,531.4,1036274
2021-06-24 10:20:54,531.4,1036274
2021-06-24 10:20:56,531.4,1036274
2021-06-24 10:20:57,531.35,1036277
2021-06-24 10:20:58,531.35,1036277
2021-06-24 10:20:59,531.25,1036527
2021-06-24 10:21:00,531.25,1036527
2021-06-24 10:21:01,531.25,1036527
2021-06-24 10:21:02,531.25,1036527
2021-06-24 10:21:03,531.4,1037027
2021-06-24 10:21:03,531.4,1037027
2021-06-24 10:21:04,531.4,1037102
2021-06-24 10:21:05,531.35,1037103
2021-06-24 10:21:07,531.5,1037143
2021-06-24 10:21:08,531.5,1037194
2021-06-24 10:21:09,531.5,1037194
2021-06-24 10:21:10,531.5,1037194
2021-06-24 10:21:11,531.5,1037294
2021-06-24 10:21:12,531.5,1037318
2021-06-24 10:21:13,531.5,1037328
2021-06-24 10:21:14,531.5,1037386
2021-06-24 10:21:16,531.5,1037486
2021-06-24 10:21:17,531.5,1037486
2021-06-24 10:21:19,531.5,1039415
2021-06-24 10:21:20,531.8,1041914
2021-06-24 10:21:21,531.8,1041914
2021-06-24 10:21:22,531.8,1041944
2021-06-24 10:21:23,531.8,1041986
2021-06-24 10:21:24,531.8,1041986
2021-06-24 10:21:25,531.8,1041987
2021-06-24 10:21:26,531.8,1041987
2021-06-24 10:21:27,531.8,1042225
2021-06-24 10:21:28,531.8,1042325
2021-06-24 10:21:28,531.8,1042275
2021-06-24 10:21:29,531.8,1042330
2021-06-24 10:21:31,531.8,1042330
2021-06-24 10:21:32,531.8,1042381
2021-06-24 10:21:33,531.8,1042381
2021-06-24 10:21:34,531.65,1042391
2021-06-24 10:21:33,531.8,1042381
2021-06-24 10:21:35,531.55,1042551
2021-06-24 10:21:36,531.8,1042822
2021-06-24 10:21:38,531.55,1043177
2021-06-24 10:21:39,531.55,1043177
2021-06-24 10:21:40,531.8,1043412
2021-06-24 10:21:41,531.8,1043412
2021-06-24 10:21:42,531.8,1043787
2021-06-24 10:21:44,531.85,1043797
2021-06-24 10:21:45,531.9,1043966
2021-06-24 10:21:45,531.9,1043966
2021-06-24 10:21:47,531.8,1043971
2021-06-24 10:21:48,531.85,1043973
2021-06-24 10:21:49,531.8,1043976
2021-06-24 10:21:50,531.8,1043991
2021-06-24 10:21:51,531.85,1044319
2021-06-24 10:21:52,531.85,1044319
2021-06-24 10:21:53,531.9,1044366
2021-06-24 10:21:54,531.8,1044396
2021-06-24 10:21:55,531.8,1044396
2021-06-24 10:21:56,531.9,1044398
2021-06-24 10:21:58,531.75,1044736
2021-06-24 10:21:59,531.85,1044738
2021-06-24 10:21:59,531.9,1044808
2021-06-24 10:22:01,531.9,1044828
2021-06-24 10:22:02,531.9,1045578
2021-06-24 10:22:03,531.9,1045716
2021-06-24 10:22:03,531.9,1045716
2021-06-24 10:22:05,531.9,1045716
2021-06-24 10:22:06,531.9,1046680
2021-06-24 10:22:07,531.9,1046690
2021-06-24 10:22:07,531.9,1046680
2021-06-24 10:22:09,531.9,1047221
2021-06-24 10:22:10,531.95,1047222
2021-06-24 10:22:11,531.9,1047272
2021-06-24 10:22:12,531.9,1047372
2021-06-24 10:22:13,531.95,1047437
2021-06-24 10:22:14,531.9,1047537
2021-06-24 10:22:15,531.9,1047587
2021-06-24 10:22:17,531.9,1047950
2021-06-24 10:22:18,531.9,1047950
2021-06-24 10:22:19,531.9,1047950
2021-06-24 10:22:20,531.95,1047992
2021-06-24 10:22:21,531.95,1048015
2021-06-24 10:22:22,531.95,1048015
2021-06-24 10:22:23,531.95,1048315
2021-06-24 10:22:24,531.95,1048315
2021-06-24 10:22:26,531.95,1048425
2021-06-24 10:22:25,531.95,1048425
2021-06-24 10:22:27,532.0,1048810
2021-06-24 10:22:28,532.0,1048810
2021-06-24 10:22:29,531.95,1048811
2021-06-24 10:22:30,532.0,1048815
2021-06-24 10:22:31,532.0,1050664
2021-06-24 10:22:33,532.0,1051065
2021-06-24 10:22:32,532.0,1051040
2021-06-24 10:22:34,531.9,1051166
2021-06-24 10:22:35,532.0,1051176
2021-06-24 10:22:36,531.95,1051356
2021-06-24 10:22:37,531.95,1051356
2021-06-24 10:22:38,531.95,1051978
2021-06-24 10:22:39,531.9,1052028
2021-06-24 10:22:40,531.9,1052028
2021-06-24 10:22:43,531.55,1054446
2021-06-24 10:22:42,531.55,1054446
2021-06-24 10:22:44,531.55,1054446
2021-06-24 10:22:45,531.55,1054446
2021-06-24 10:22:46,531.55,1054446
2021-06-24 10:22:47,531.8,1054447
2021-06-24 10:22:49,531.8,1054447
2021-06-24 10:22:50,531.6,1054452
2021-06-24 10:22:51,531.95,1054475
2021-06-24 10:22:53,531.95,1054475
2021-06-24 10:22:55,531.9,1054526
2021-06-24 10:22:56,531.7,1054534
2021-06-24 10:22:57,531.95,1054673
2021-06-24 10:22:58,531.95,1054673
2021-06-24 10:22:59,531.95,1054673
2021-06-24 10:23:00,531.95,1054673
2021-06-24 10:23:01,531.95,1054678
2021-06-24 10:23:02,531.85,1054682
2021-06-24 10:23:03,531.85,1054682
2021-06-24 10:23:04,531.9,1054749
2021-06-24 10:23:05,531.9,1054759
2021-06-24 10:23:06,531.8,1054969
2021-06-24 10:23:07,531.8,1054969
2021-06-24 10:23:08,531.7,1054970
2021-06-24 10:23:09,531.7,1054995
2021-06-24 10:23:10,531.75,1054996
2021-06-24 10:23:11,531.75,1054996
2021-06-24 10:23:12,531.75,1055006
2021-06-24 10:23:13,531.8,1055107
2021-06-24 10:23:14,531.8,1055108
2021-06-24 10:23:15,531.8,1055108
2021-06-24 10:23:16,531.8,1055110
2021-06-24 10:23:17,531.8,1055110
2021-06-24 10:23:18,531.8,1055200
2021-06-24 10:23:19,531.8,1055200
2021-06-24 10:23:20,531.85,1055238
2021-06-24 10:23:21,531.7,1055288
2021-06-24 10:23:22,531.7,1055288
2021-06-24 10:23:23,531.7,1055288
2021-06-24 10:23:24,531.7,1055288
2021-06-24 10:23:25,531.7,1055289
2021-06-24 10:23:26,531.7,1055289
2021-06-24 10:23:27,531.7,1055436
2021-06-24 10:23:30,531.7,1055436
2021-06-24 10:23:31,531.85,1055636
2021-06-24 10:23:32,531.8,1055654
2021-06-24 10:23:33,531.8,1055654
2021-06-24 10:23:34,531.8,1055679
2021-06-24 10:23:35,531.8,1055679
2021-06-24 10:23:36,531.75,1055709
2021-06-24 10:23:37,531.75,1055709
2021-06-24 10:23:38,531.8,1055809
2021-06-24 10:23:39,531.8,1055809
2021-06-24 10:23:40,531.7,1055810
2021-06-24 10:23:41,531.7,1055810
2021-06-24 10:23:42,531.7,1055810
2021-06-24 10:23:43,531.7,1055810
2021-06-24 10:23:45,531.8,1055811
2021-06-24 10:23:44,531.8,1055811
2021-06-24 10:23:46,531.8,1055811
2021-06-24 10:23:47,531.8,1055854
2021-06-24 10:23:48,531.8,1055855
2021-06-24 10:23:49,531.8,1056185
2021-06-24 10:23:50,531.8,1056185
2021-06-24 10:23:51,531.8,1056213
2021-06-24 10:23:52,531.8,1056213
2021-06-24 10:23:53,531.75,1056343
2021-06-24 10:23:54,531.8,1056480
2021-06-24 10:23:55,531.8,1056480
2021-06-24 10:23:57,531.8,1056649
2021-06-24 10:23:56,531.8,1056509
2021-06-24 10:23:58,531.8,1056669
2021-06-24 10:23:59,531.8,1056681
2021-06-24 10:24:00,531.8,1056682
2021-06-24 10:24:02,531.9,1057585
2021-06-24 10:24:03,531.7,1058085
2021-06-24 10:24:05,531.75,1058090
2021-06-24 10:24:04,531.75,1058090
2021-06-24 10:24:06,531.75,1058090
2021-06-24 10:24:07,531.85,1058120
2021-06-24 10:24:08,531.85,1058154
2021-06-24 10:24:09,531.85,1058154
2021-06-24 10:24:10,531.85,1058154
2021-06-24 10:24:11,531.85,1058174
2021-06-24 10:24:12,531.9,1058184
2021-06-24 10:24:13,531.9,1058184
2021-06-24 10:24:14,531.9,1058205
2021-06-24 10:24:15,531.7,1058305
2021-06-24 10:24:16,531.6,1059064
2021-06-24 10:24:17,531.55,1060660
2021-06-24 10:24:18,531.55,1060660
2021-06-24 10:24:19,531.9,1060995
2021-06-24 10:24:20,531.6,1060998
2021-06-24 10:24:21,531.6,1061039
2021-06-24 10:24:22,531.6,1061059
2021-06-24 10:24:23,531.6,1061059
2021-06-24 10:24:24,531.9,1061081
2021-06-24 10:24:25,531.9,1061081
2021-06-24 10:24:26,531.9,1061091
2021-06-24 10:24:27,531.8,1061228
2021-06-24 10:24:28,531.6,1061238
2021-06-24 10:24:29,531.7,1061239
2021-06-24 10:24:30,531.7,1061239
2021-06-24 10:24:31,531.7,1061239
2021-06-24 10:24:32,531.7,1061239
2021-06-24 10:24:33,531.7,1061239
2021-06-24 10:24:34,531.7,1061240
2021-06-24 10:24:35,531.75,1061241
2021-06-24 10:24:36,531.8,1061312
2021-06-24 10:24:37,531.8,1061312
2021-06-24 10:24:38,531.8,1061312
2021-06-24 10:24:39,531.75,1061313
2021-06-24 10:24:40,531.75,1061313
2021-06-24 10:24:41,531.8,1061314
2021-06-24 10:24:42,531.8,1061314
2021-06-24 10:24:43,531.8,1061319
2021-06-24 10:24:44,531.8,1061319
2021-06-24 10:24:45,531.8,1061319
2021-06-24 10:24:46,531.8,1061422
2021-06-24 10:24:47,531.6,1061568
2021-06-24 10:24:48,531.6,1061568
2021-06-24 10:24:49,531.6,1061623
2021-06-24 10:24:51,531.6,1061658
2021-06-24 10:24:52,531.6,1061658
2021-06-24 10:24:52,531.6,1061658
2021-06-24 10:24:54,531.8,1061695
2021-06-24 10:24:55,531.8,1061717
2021-06-24 10:24:56,531.8,1061717
2021-06-24 10:24:56,531.8,1061717
2021-06-24 10:24:57,531.8,1061855
2021-06-24 10:24:58,531.6,1061875
2021-06-24 10:25:00,531.8,1061883
2021-06-24 10:25:00,531.8,1061891
2021-06-24 10:25:01,531.65,1061917
2021-06-24 10:25:03,531.8,1061918
2021-06-24 10:25:04,531.8,1062118
2021-06-24 10:25:05,531.8,1062118
2021-06-24 10:25:06,531.8,1062156
2021-06-24 10:25:07,531.8,1062156
2021-06-24 10:25:08,531.6,1062266
2021-06-24 10:25:09,531.5,1064117
2021-06-24 10:25:10,531.75,1064140
2021-06-24 10:25:11,531.5,1065968
2021-06-24 10:25:12,531.5,1065968
2021-06-24 10:25:14,531.5,1065968
2021-06-24 10:25:15,531.8,1065978
2021-06-24 10:25:16,531.55,1066028
2021-06-24 10:25:17,531.55,1066028
2021-06-24 10:25:18,531.55,1066028
2021-06-24 10:25:19,531.8,1066042
2021-06-24 10:25:20,531.8,1066045
2021-06-24 10:25:21,531.55,1066065
2021-06-24 10:25:22,531.55,1066085
2021-06-24 10:25:23,531.8,1066086
2021-06-24 10:25:24,531.8,1066086
2021-06-24 10:25:25,531.8,1066136
2021-06-24 10:25:26,531.8,1066273
2021-06-24 10:25:27,531.8,1066273
2021-06-24 10:25:28,531.8,1066273
2021-06-24 10:25:29,531.8,1066307
2021-06-24 10:25:30,531.8,1066307
2021-06-24 10:25:31,531.8,1066307
2021-06-24 10:25:32,531.8,1066307
2021-06-24 10:25:33,531.8,1066324
2021-06-24 10:25:34,531.8,1066326
2021-06-24 10:25:36,531.6,1066347
2021-06-24 10:25:37,531.6,1066347
2021-06-24 10:25:37,531.6,1066347
2021-06-24 10:25:39,531.5,1070049
2021-06-24 10:25:40,531.5,1070049
2021-06-24 10:25:41,531.4,1070594
2021-06-24 10:25:42,531.55,1074234
2021-06-24 10:25:43,531.65,1074244
2021-06-24 10:25:44,531.65,1074261
2021-06-24 10:25:45,531.65,1074261
2021-06-24 10:25:46,531.65,1074261
2021-06-24 10:25:47,531.65,1074267
2021-06-24 10:25:48,531.6,1074537
2021-06-24 10:25:49,531.35,1074539
2021-06-24 10:25:50,531.35,1074539
2021-06-24 10:25:51,531.45,1074560
2021-06-24 10:25:52,531.6,1074630
2021-06-24 10:25:53,531.6,1074630
2021-06-24 10:25:54,531.55,1074634
2021-06-24 10:25:55,531.55,1074634
2021-06-24 10:25:56,531.4,1074641
2021-06-24 10:25:57,531.4,1074784
2021-06-24 10:25:58,531.4,1074784
2021-06-24 10:25:59,531.6,1074809
2021-06-24 10:26:00,531.6,1074809
2021-06-24 10:26:01,531.6,1074809
2021-06-24 10:26:02,531.6,1074836
2021-06-24 10:26:03,531.5,1074847
2021-06-24 10:26:04,531.65,1074865
2021-06-24 10:26:05,531.35,1075399
2021-06-24 10:26:06,531.5,1076879
2021-06-24 10:26:07,531.5,1076880
2021-06-24 10:26:08,531.5,1076880
2021-06-24 10:26:09,531.5,1076883
2021-06-24 10:26:10,531.5,1076883
2021-06-24 10:26:11,531.5,1076893
2021-06-24 10:26:13,531.5,1076918
2021-06-24 10:26:12,531.5,1076918
2021-06-24 10:26:14,531.5,1076918
2021-06-24 10:26:15,531.5,1076954
2021-06-24 10:26:16,531.5,1076954
2021-06-24 10:26:17,531.2,1079007
2021-06-24 10:26:18,531.15,1079308
2021-06-24 10:26:19,531.5,1079310
2021-06-24 10:26:20,531.5,1079410
2021-06-24 10:26:21,531.5,1079435
2021-06-24 10:26:22,531.5,1079435
2021-06-24 10:26:23,531.2,1079585
2021-06-24 10:26:24,531.2,1079585
2021-06-24 10:26:25,531.4,1079601
2021-06-24 10:26:27,531.4,1079816
2021-06-24 10:26:28,531.2,1079817
2021-06-24 10:26:28,531.2,1079817
2021-06-24 10:26:29,531.2,1079817
2021-06-24 10:26:30,531.2,1079817
2021-06-24 10:26:31,531.2,1079817
2021-06-24 10:26:32,531.2,1079817
2021-06-24 10:26:33,531.2,1079817
2021-06-24 10:26:35,531.2,1079962
2021-06-24 10:26:36,531.4,1079985
2021-06-24 10:26:37,531.4,1079985
2021-06-24 10:26:38,531.4,1079985
2021-06-24 10:26:38,531.4,1079985
2021-06-24 10:26:39,531.4,1079985
2021-06-24 10:26:41,531.5,1080090
2021-06-24 10:26:42,531.5,1080110
2021-06-24 10:26:43,531.5,1080110
2021-06-24 10:26:44,531.5,1080127
2021-06-24 10:26:45,531.45,1080137
2021-06-24 10:26:45,531.45,1080276
2021-06-24 10:26:47,531.5,1080280
2021-06-24 10:26:48,531.5,1080280
2021-06-24 10:26:49,531.5,1080280
2021-06-24 10:26:49,531.5,1080280
2021-06-24 10:26:50,531.5,1080280
2021-06-24 10:26:51,531.4,1080315
2021-06-24 10:26:53,531.4,1080315
2021-06-24 10:26:54,531.4,1080315
2021-06-24 10:26:55,531.4,1080340
2021-06-24 10:26:55,531.4,1080340
2021-06-24 10:26:57,531.4,1081129
2021-06-24 10:26:58,531.2,1082193
2021-06-24 10:26:59,531.05,1082435
2021-06-24 10:27:00,531.3,1082955
2021-06-24 10:27:01,531.3,1082955
2021-06-24 10:27:03,531.3,1082955
2021-06-24 10:27:04,531.3,1082955
2021-06-24 10:27:05,531.3,1082955
2021-06-24 10:27:06,531.05,1082976
2021-06-24 10:27:07,531.05,1083076
2021-06-24 10:27:09,531.05,1083076
2021-06-24 10:27:10,531.05,1083076
2021-06-24 10:27:10,531.05,1083076
2021-06-24 10:27:11,531.05,1083076
2021-06-24 10:27:12,531.05,1083076
2021-06-24 10:27:13,531.05,1083076
2021-06-24 10:27:15,531.1,1083096
2021-06-24 10:27:15,531.1,1083096
2021-06-24 10:27:16,531.1,1083096
2021-06-24 10:27:17,531.35,1083183
2021-06-24 10:27:18,531.35,1083183
2021-06-24 10:27:19,531.3,1083219
2021-06-24 10:27:20,531.3,1083219
2021-06-24 10:27:21,531.05,1083241
2021-06-24 10:27:22,531.05,1083291
2021-06-24 10:27:24,531.05,1083291
2021-06-24 10:27:25,531.3,1083301
2021-06-24 10:27:25,531.3,1083322
2021-06-24 10:27:26,531.3,1083324
2021-06-24 10:27:27,531.3,1083474
2021-06-24 10:27:29,531.3,1083474
2021-06-24 10:27:29,531.3,1083476
2021-06-24 10:27:30,531.1,1083481
2021-06-24 10:27:31,531.25,1083490
2021-06-24 10:27:32,531.1,1083494
2021-06-24 10:27:33,531.1,1083520
2021-06-24 10:27:34,531.05,1084134
2021-06-24 10:27:35,531.15,1085426
2021-06-24 10:27:36,531.1,1085454
2021-06-24 10:27:37,531.1,1085454
2021-06-24 10:27:38,531.2,1085854
2021-06-24 10:27:39,531.2,1085854
2021-06-24 10:27:40,531.2,1085854
2021-06-24 10:27:41,531.2,1085854
2021-06-24 10:27:42,531.0,1087805
2021-06-24 10:27:43,531.0,1087805
2021-06-24 10:27:44,531.0,1087805
2021-06-24 10:27:45,531.0,1087805
2021-06-24 10:27:46,531.2,1090825
2021-06-24 10:27:47,531.05,1090851
2021-06-24 10:27:48,531.0,1091530
2021-06-24 10:27:49,531.05,1092819
2021-06-24 10:27:50,531.0,1092849
2021-06-24 10:27:51,530.95,1092852
2021-06-24 10:27:52,530.95,1092852
2021-06-24 10:27:53,530.95,1093852
2021-06-24 10:27:54,530.95,1093852
2021-06-24 10:27:55,531.0,1093903
2021-06-24 10:27:56,531.0,1093913
2021-06-24 10:27:57,531.05,1094051
2021-06-24 10:27:58,530.95,1094057
2021-06-24 10:27:59,531.1,1094062
2021-06-24 10:28:01,531.1,1094062
2021-06-24 10:28:02,531.1,1094062
2021-06-24 10:28:03,531.1,1094062
2021-06-24 10:28:04,530.9,1094578
2021-06-24 10:28:05,530.9,1094578
2021-06-24 10:28:06,530.95,1095685
2021-06-24 10:28:07,530.95,1095982
2021-06-24 10:28:08,531.0,1095992
2021-06-24 10:28:09,531.0,1095992
2021-06-24 10:28:10,531.0,1095992
2021-06-24 10:28:11,530.95,1096951
2021-06-24 10:28:12,530.95,1096951
2021-06-24 10:28:13,530.95,1096951
2021-06-24 10:28:14,530.95,1097245
2021-06-24 10:28:15,530.95,1097245
2021-06-24 10:28:16,530.95,1097245
2021-06-24 10:28:17,530.95,1097245
2021-06-24 10:28:18,530.95,1097245
2021-06-24 10:28:19,530.65,1097769
2021-06-24 10:28:20,530.65,1097769
2021-06-24 10:28:21,530.65,1097791
2021-06-24 10:28:22,530.9,1097793
2021-06-24 10:28:23,530.9,1097793
2021-06-24 10:28:24,530.65,1098039
2021-06-24 10:28:26,530.55,1098767
2021-06-24 10:28:27,530.6,1099459
2021-06-24 10:28:28,530.85,1099609
2021-06-24 10:28:29,530.85,1099694
2021-06-24 10:28:30,530.85,1099694
2021-06-24 10:28:31,530.8,1099704
2021-06-24 10:28:32,530.8,1099704
2021-06-24 10:28:33,530.5,1100213
2021-06-24 10:28:34,530.5,1100213
2021-06-24 10:28:36,530.55,1100234
2021-06-24 10:28:37,530.85,1100334
2021-06-24 10:28:38,530.85,1100354
2021-06-24 10:28:38,530.85,1100354
2021-06-24 10:28:39,530.85,1100354
2021-06-24 10:28:40,530.85,1100354
2021-06-24 10:28:41,530.85,1100454
2021-06-24 10:28:43,531.0,1100679
2021-06-24 10:28:44,530.9,1100683
2021-06-24 10:28:45,530.9,1100783
2021-06-24 10:28:46,530.6,1101010
2021-06-24 10:28:47,530.7,1101247
2021-06-24 10:28:47,530.7,1101247
2021-06-24 10:28:48,530.95,1101267
2021-06-24 10:28:49,530.75,1101269
2021-06-24 10:28:50,530.75,1101294
2021-06-24 10:28:51,530.75,1101315
2021-06-24 10:28:53,530.95,1101365
2021-06-24 10:28:54,531.0,1101416
2021-06-24 10:28:54,530.95,1101466
2021-06-24 10:28:56,531.0,1101520
2021-06-24 10:28:57,530.95,1101659
2021-06-24 10:28:58,530.95,1101659
2021-06-24 10:28:59,530.95,1101659
2021-06-24 10:29:00,530.95,1101659
2021-06-24 10:29:01,530.85,1101660
2021-06-24 10:29:02,530.8,1101664
2021-06-24 10:29:03,530.8,1101694
2021-06-24 10:29:04,530.85,1101794
2021-06-24 10:29:05,530.85,1101803
2021-06-24 10:29:06,530.8,1101825
2021-06-24 10:29:07,530.85,1101830
2021-06-24 10:29:09,530.85,1101850
2021-06-24 10:29:10,530.85,1101850
2021-06-24 10:29:12,530.85,1102066
2021-06-24 10:29:12,530.85,1102066
2021-06-24 10:29:13,530.85,1102066
2021-06-24 10:29:14,530.85,1102157
2021-06-24 10:29:15,530.85,1102157
2021-06-24 10:29:16,530.85,1102158
2021-06-24 10:29:18,530.85,1102383
2021-06-24 10:29:19,530.6,1106438
2021-06-24 10:29:20,530.6,1106438
2021-06-24 10:29:22,531.0,1106638
2021-06-24 10:29:23,531.0,1106750
2021-06-24 10:29:24,531.0,1106760
2021-06-24 10:29:25,531.0,1106762
2021-06-24 10:29:26,531.0,1106762
2021-06-24 10:29:27,531.0,1106899
2021-06-24 10:29:28,531.0,1106899
2021-06-24 10:29:29,531.0,1106899
2021-06-24 10:29:29,531.0,1106899
2021-06-24 10:29:30,531.0,1106899
2021-06-24 10:29:31,530.95,1106901
2021-06-24 10:29:32,530.95,1106901
2021-06-24 10:29:33,530.95,1106901
2021-06-24 10:29:34,531.0,1107053
2021-06-24 10:29:36,530.7,1107076
2021-06-24 10:29:37,530.95,1107086
2021-06-24 10:29:38,530.95,1107086
2021-06-24 10:29:39,530.7,1107121
2021-06-24 10:29:40,530.7,1107121
2021-06-24 10:29:42,530.95,1107122
2021-06-24 10:29:43,530.95,1107122
2021-06-24 10:29:43,530.75,1107134
2021-06-24 10:29:45,530.95,1107188
2021-06-24 10:29:46,530.95,1107188
2021-06-24 10:29:47,530.95,1107292
2021-06-24 10:29:47,531.0,1107288
2021-06-24 10:29:48,530.95,1107292
2021-06-24 10:29:49,530.95,1107292
2021-06-24 10:29:50,530.95,1107292
2021-06-24 10:29:51,530.95,1107312
2021-06-24 10:29:52,530.95,1107312
2021-06-24 10:29:53,531.0,1107322
2021-06-24 10:29:55,530.95,1107332
2021-06-24 10:29:55,531.1,1107351
2021-06-24 10:29:56,530.9,1107361
2021-06-24 10:29:57,531.05,1107509
2021-06-24 10:29:58,531.05,1107509
2021-06-24 10:29:59,531.1,1107511
2021-06-24 10:30:00,531.1,1107741
2021-06-24 10:30:01,531.0,1107771
2021-06-24 10:30:02,531.0,1107771
2021-06-24 10:30:03,531.0,1107771
2021-06-24 10:30:04,531.0,1107771
2021-06-24 10:30:05,531.0,1107771
2021-06-24 10:30:06,531.0,1107802
2021-06-24 10:30:07,531.1,1107812
2021-06-24 10:30:08,531.1,1107912
2021-06-24 10:30:09,531.1,1107912
2021-06-24 10:30:10,531.1,1107912
2021-06-24 10:30:11,531.1,1107912
2021-06-24 10:30:12,531.1,1107912
2021-06-24 10:30:13,531.1,1107927
2021-06-24 10:30:14,531.1,1107977
2021-06-24 10:30:16,531.15,1108177
2021-06-24 10:30:17,531.15,1108177
2021-06-24 10:30:18,531.05,1108195
2021-06-24 10:30:19,531.15,1108296
2021-06-24 10:30:19,531.15,1108396
2021-06-24 10:30:20,531.15,1108396
2021-06-24 10:30:22,531.1,1108479
2021-06-24 10:30:23,531.15,1108480
2021-06-24 10:30:24,531.15,1108480
2021-06-24 10:30:25,531.15,1108480
2021-06-24 10:30:26,531.15,1108480
2021-06-24 10:30:27,531.2,1108661
2021-06-24 10:30:28,531.2,1108661
2021-06-24 10:30:29,531.2,1108661
2021-06-24 10:30:30,531.2,1108661
2021-06-24 10:30:31,531.2,1108661
2021-06-24 10:30:32,531.2,1108661
2021-06-24 10:30:35,531.0,1108778
2021-06-24 10:30:36,531.0,1108928
2021-06-24 10:30:37,531.2,1108938
2021-06-24 10:30:38,531.2,1108938
2021-06-24 10:30:39,531.0,1108988
2021-06-24 10:30:40,531.25,1109065
2021-06-24 10:30:40,531.25,1109238
2021-06-24 10:30:41,531.25,1109238
2021-06-24 10:30:43,531.0,1109338
2021-06-24 10:30:44,531.2,1109363
2021-06-24 10:30:45,531.2,1109363
2021-06-24 10:30:46,531.2,1109363
2021-06-24 10:30:47,531.2,1109363
2021-06-24 10:30:48,531.1,1109431
2021-06-24 10:30:49,531.15,1109441
2021-06-24 10:30:50,531.15,1109441
2021-06-24 10:30:51,531.0,1111339
2021-06-24 10:30:53,531.15,1111373
2021-06-24 10:30:54,531.15,1111408
2021-06-24 10:30:54,531.1,1111608
2021-06-24 10:30:55,531.1,1111608
2021-06-24 10:30:56,531.1,1111611
2021-06-24 10:30:58,531.15,1111749
2021-06-24 10:30:58,531.15,1111749
2021-06-24 10:31:00,531.15,1111749
2021-06-24 10:31:00,531.2,1111750
2021-06-24 10:31:01,531.2,1111760
2021-06-24 10:31:03,531.15,1111765
2021-06-24 10:31:04,531.2,1111767
2021-06-24 10:31:05,531.2,1111767
2021-06-24 10:31:06,531.15,1111789
2021-06-24 10:31:07,531.15,1111789
2021-06-24 10:31:07,531.15,1111789
2021-06-24 10:31:08,531.15,1111789
2021-06-24 10:31:09,531.15,1111789
2021-06-24 10:31:10,531.15,1111789
2021-06-24 10:31:12,531.15,1111809
2021-06-24 10:31:13,530.95,1112104
2021-06-24 10:31:14,531.1,1112105
2021-06-24 10:31:15,531.05,1112124
2021-06-24 10:31:15,531.05,1112124
2021-06-24 10:31:16,531.05,1112124
2021-06-24 10:31:17,531.05,1112124
2021-06-24 10:31:18,531.05,1112149
2021-06-24 10:31:20,530.75,1114049
2021-06-24 10:31:20,530.75,1114049
2021-06-24 10:31:21,530.85,1114199
2021-06-24 10:31:22,530.85,1114199
2021-06-24 10:31:23,530.85,1114199
2021-06-24 10:31:25,530.85,1114199
2021-06-24 10:31:26,530.85,1114199
2021-06-24 10:31:27,531.1,1114427
2021-06-24 10:31:27,531.1,1114427
2021-06-24 10:31:28,531.1,1114427
2021-06-24 10:31:29,531.1,1114427
2021-06-24 10:31:30,531.1,1114427
2021-06-24 10:31:31,531.1,1114462
2021-06-24 10:31:33,531.1,1114462
2021-06-24 10:31:34,531.05,1114464
2021-06-24 10:31:35,531.1,1114466
2021-06-24 10:31:36,531.1,1114566
2021-06-24 10:31:37,531.05,1114587
2021-06-24 10:31:37,531.1,1114641
2021-06-24 10:31:40,531.25,1114902
2021-06-24 10:31:41,531.25,1114902
2021-06-24 10:31:42,531.25,1114902
2021-06-24 10:31:42,531.25,1114902
2021-06-24 10:31:43,531.25,1114944
2021-06-24 10:31:44,531.25,1114944
2021-06-24 10:31:46,531.25,1115244
2021-06-24 10:31:47,531.25,1115244
2021-06-24 10:31:48,531.05,1115264
