timestamp,ltp,volume
2021-06-24 09:35:53,954.85,132499
2021-06-24 09:35:55,955.15,132642
2021-06-24 09:35:56,954.95,132644
2021-06-24 09:35:58,954.95,132645
2021-06-24 09:35:59,954.95,132645
2021-06-24 09:36:00,954.75,132800
2021-06-24 09:36:02,954.75,132800
2021-06-24 09:36:02,954.75,132800
2021-06-24 09:36:03,954.75,133058
2021-06-24 09:36:05,954.95,133089
2021-06-24 09:36:06,954.95,133089
2021-06-24 09:36:07,954.95,133089
2021-06-24 09:36:08,954.85,133099
2021-06-24 09:36:09,954.95,133121
2021-06-24 09:36:10,954.95,133121
2021-06-24 09:36:11,954.8,133265
2021-06-24 09:36:12,954.95,133388
2021-06-24 09:36:13,954.75,133532
2021-06-24 09:36:14,954.75,133532
2021-06-24 09:36:15,954.95,133533
2021-06-24 09:36:16,954.95,133533
2021-06-24 09:36:16,954.95,133533
2021-06-24 09:36:19,954.85,133546
2021-06-24 09:36:20,954.85,133546
2021-06-24 09:36:21,954.85,133546
2021-06-24 09:36:22,954.85,133546
2021-06-24 09:36:23,955.0,133653
2021-06-24 09:36:24,955.0,133653
2021-06-24 09:36:25,955.05,133715
2021-06-24 09:36:26,955.05,133715
2021-06-24 09:36:26,955.1,133745
2021-06-24 09:36:28,955.1,133745
2021-06-24 09:36:29,955.2,133855
2021-06-24 09:36:31,955.2,133985
2021-06-24 09:36:31,955.2,133985
2021-06-24 09:36:32,955.0,134097
2021-06-24 09:36:33,955.0,134097
2021-06-24 09:36:34,955.0,134097
2021-06-24 09:36:36,954.95,134117
2021-06-24 09:36:37,954.95,134117
2021-06-24 09:36:38,955.0,134152
2021-06-24 09:36:39,955.0,134152
2021-06-24 09:36:40,955.05,134252
2021-06-24 09:36:41,955.05,134252
2021-06-24 09:36:42,955.05,134252
2021-06-24 09:36:43,955.05,134252
2021-06-24 09:36:44,955.05,134252
2021-06-24 09:36:47,954.6,134307
2021-06-24 09:36:51,954.55,134735
2021-06-24 09:36:55,954.55,134735
2021-06-24 09:36:59,954.85,134743
2021-06-24 09:37:03,954.85,134755
2021-06-24 09:37:06,954.5,134800
2021-06-24 09:37:10,954.85,135055
2021-06-24 09:37:13,954.6,135085
2021-06-24 09:37:17,954.85,135535
2021-06-24 09:37:21,954.95,137581
2021-06-24 09:37:25,954.95,137581
2021-06-24 09:37:29,954.95,137581
2021-06-24 09:37:32,954.95,137581
2021-06-24 09:37:36,954.95,137581
2021-06-24 09:37:40,955.0,137655
2021-06-24 09:37:43,955.0,137655
2021-06-24 09:37:47,954.9,137760
2021-06-24 09:37:50,954.9,137810
2021-06-24 09:37:54,954.9,137811
2021-06-24 09:37:57,954.55,137836
2021-06-24 09:38:01,954.9,137907
2021-06-24 09:38:05,954.9,137907
2021-06-24 09:38:09,954.9,138543
2021-06-24 09:38:13,954.9,138548
2021-06-24 09:38:17,954.9,138631
2021-06-24 09:38:20,955.0,138731
2021-06-24 09:38:24,955.0,138731
2021-06-24 09:38:27,955.0,138731
2021-06-24 09:38:31,955.0,138938
2021-06-24 09:38:38,954.9,139057
2021-06-24 09:38:42,955.15,139129
2021-06-24 09:38:46,955.0,139130
2021-06-24 09:38:50,955.2,139196
2021-06-24 09:38:53,954.9,139466
2021-06-24 09:38:57,955.1,139917
2021-06-24 09:39:01,955.0,140817
2021-06-24 09:39:04,955.0,140817
2021-06-24 09:39:07,955.0,140883
2021-06-24 09:39:11,954.65,140938
2021-06-24 09:39:14,954.65,140938
2021-06-24 09:39:17,954.6,140944
2021-06-24 09:39:21,954.55,141006
2021-06-24 09:39:24,954.85,141056
2021-06-24 09:39:27,954.85,141056
2021-06-24 09:39:31,954.5,141076
2021-06-24 09:39:34,954.5,141111
2021-06-24 09:39:38,954.35,141541
2021-06-24 09:39:41,954.25,141776
2021-06-24 09:39:44,954.4,141782
2021-06-24 09:39:48,954.4,141782
2021-06-24 09:39:58,953.55,143258
2021-06-24 09:40:01,953.55,143432
2021-06-24 09:40:05,953.45,143612
2021-06-24 09:40:09,953.6,143613
2021-06-24 09:40:13,953.6,143613
2021-06-24 09:40:17,953.6,143864
2021-06-24 09:40:21,953.85,143869
2021-06-24 09:40:25,953.85,143969
2021-06-24 09:40:28,953.8,144614
2021-06-24 09:40:32,953.5,146718
2021-06-24 09:40:36,953.35,147273
2021-06-24 09:40:39,953.5,148056
2021-06-24 09:40:43,953.05,148166
2021-06-24 09:40:47,953.45,148678
2021-06-24 09:40:51,953.05,148679
2021-06-24 09:40:55,953.05,148679
2021-06-24 09:40:58,953.05,148679
2021-06-24 09:41:02,953.35,148890
2021-06-24 09:41:05,953.35,148890
2021-06-24 09:41:09,953.05,149048
2021-06-24 09:41:13,954.05,149199
2021-06-24 09:41:20,954.15,149346
2021-06-24 09:41:24,954.2,149350
2021-06-24 09:41:28,954.2,149350
2021-06-24 09:41:31,954.2,149353
2021-06-24 09:41:35,954.2,150004
2021-06-24 09:41:38,954.2,150004
2021-06-24 09:41:41,954.1,150006
2021-06-24 09:41:48,954.1,150029
2021-06-24 09:41:51,954.0,150069
2021-06-24 09:41:55,954.0,150089
2021-06-24 09:41:58,954.2,150214
2021-06-24 09:42:01,954.2,150214
2021-06-24 09:42:05,954.2,150214
2021-06-24 09:42:13,953.75,150325
2021-06-24 09:42:17,953.75,150325
2021-06-24 09:42:20,953.75,150325
2021-06-24 09:42:24,953.8,150326
2021-06-24 09:42:27,953.75,150339
2021-06-24 09:42:30,954.0,150341
2021-06-24 09:42:34,953.75,150392
2021-06-24 09:42:37,953.75,150403
2021-06-24 09:42:40,953.75,150403
2021-06-24 09:42:43,953.75,150414
2021-06-24 09:42:47,953.75,150417
2021-06-24 09:42:50,953.9,150427
2021-06-24 09:42:53,953.75,150487
2021-06-24 09:43:00,953.75,150706
2021-06-24 09:43:03,953.75,150956
2021-06-24 09:43:06,953.75,151023
2021-06-24 09:43:10,953.75,151023
2021-06-24 09:43:13,953.7,151026
2021-06-24 09:43:16,953.7,151027
2021-06-24 09:43:20,953.45,151153
2021-06-24 09:43:23,953.7,151253
2021-06-24 09:43:27,953.45,151264
2021-06-24 09:43:30,953.65,151772
2021-06-24 09:43:33,953.65,151772
2021-06-24 09:43:37,953.65,151772
2021-06-24 09:43:43,953.2,151783
2021-06-24 09:43:46,953.2,151833
2021-06-24 09:43:50,953.2,151941
2021-06-24 09:43:53,953.2,151941
2021-06-24 09:43:57,953.2,151961
2021-06-24 09:44:00,953.2,151963
2021-06-24 09:44:03,953.2,152094
2021-06-24 09:44:07,953.0,152445
2021-06-24 09:44:10,953.2,152555
2021-06-24 09:44:13,953.2,152560
2021-06-24 09:44:16,953.2,152702
2021-06-24 09:44:20,952.75,152842
2021-06-24 09:44:23,952.75,152842
2021-06-24 09:44:26,953.1,152923
2021-06-24 09:44:29,953.1,152923
2021-06-24 09:44:33,952.85,154605
2021-06-24 09:44:36,952.15,154893
2021-06-24 09:44:39,952.55,154928
2021-06-24 09:44:43,952.55,154931
2021-06-24 09:44:46,952.55,154932
2021-06-24 09:44:49,952.2,155006
2021-06-24 09:44:53,952.1,155465
2021-06-24 09:44:55,952.4,155485
2021-06-24 09:44:58,952.4,155485
2021-06-24 09:45:01,952.1,155535
2021-06-24 09:45:05,952.1,155546
2021-06-24 09:45:08,952.15,156353
2021-06-24 09:45:12,952.3,156398
2021-06-24 09:45:15,952.1,156576
2021-06-24 09:45:19,952.0,156634
2021-06-24 09:45:22,952.0,156744
2021-06-24 09:45:25,952.0,156828
2021-06-24 09:45:29,952.0,159204
2021-06-24 09:45:32,952.0,159299
2021-06-24 09:45:36,952.0,159434
2021-06-24 09:45:40,952.0,159598
2021-06-24 09:45:43,952.3,160217
2021-06-24 09:45:46,952.0,160219
2021-06-24 09:45:50,952.3,160504
2021-06-24 09:45:53,952.35,160508
2021-06-24 09:45:56,952.4,160709
2021-06-24 09:46:00,952.45,160712
2021-06-24 09:46:06,952.5,160879
2021-06-24 09:46:09,952.5,160899
2021-06-24 09:46:13,952.5,160899
2021-06-24 09:46:16,952.3,160907
2021-06-24 09:46:20,952.3,160945
2021-06-24 09:46:22,952.5,160947
2021-06-24 09:46:26,952.3,160952
2021-06-24 09:46:29,952.5,161007
2021-06-24 09:46:32,952.3,161021
2021-06-24 09:46:36,952.3,161347
2021-06-24 09:46:39,952.4,161364
2021-06-24 09:46:42,952.0,161769
2021-06-24 09:46:45,952.0,161769
2021-06-24 09:46:45,952.0,161769
2021-06-24 09:46:46,952.0,161769
2021-06-24 09:46:48,952.0,162019
2021-06-24 09:46:49,952.0,162019
2021-06-24 09:46:51,952.05,162028
2021-06-24 09:46:52,952.05,162028
2021-06-24 09:46:53,952.05,162028
2021-06-24 09:46:54,952.05,162049
2021-06-24 09:46:55,952.0,162155
2021-06-24 09:46:56,952.0,162226
2021-06-24 09:46:57,952.0,162301
2021-06-24 09:46:58,952.0,162326
2021-06-24 09:46:59,952.0,162365
2021-06-24 09:47:00,952.0,162365
2021-06-24 09:47:01,952.0,162395
2021-06-24 09:47:02,952.0,162399
2021-06-24 09:47:03,952.0,162399
2021-06-24 09:47:05,952.0,162399
2021-06-24 09:47:06,952.0,162399
2021-06-24 09:47:07,952.05,162423
2021-06-24 09:47:09,952.0,162438
2021-06-24 09:47:12,952.0,162543
2021-06-24 09:47:13,952.05,162548
2021-06-24 09:47:13,952.05,162549
2021-06-24 09:47:14,952.0,162554
2021-06-24 09:47:15,952.0,162574
2021-06-24 09:47:16,952.0,163602
2021-06-24 09:47:17,951.8,163665
2021-06-24 09:47:18,951.8,163777
2021-06-24 09:47:19,951.8,163777
2021-06-24 09:47:20,951.7,163917
2021-06-24 09:47:22,951.7,163917
2021-06-24 09:47:23,951.7,163917
2021-06-24 09:47:24,951.7,163917
2021-06-24 09:47:25,951.7,163917
2021-06-24 09:47:26,951.7,163917
2021-06-24 09:47:27,951.7,163917
2021-06-24 09:47:28,951.7,163917
2021-06-24 09:47:29,951.95,163931
2021-06-24 09:47:30,951.65,164435
2021-06-24 09:47:31,951.65,164447
2021-06-24 09:47:32,951.65,164497
2021-06-24 09:47:33,951.65,164497
2021-06-24 09:47:34,951.65,164507
2021-06-24 09:47:35,951.6,164657
2021-06-24 09:47:37,951.95,164707
2021-06-24 09:47:37,951.95,164707
2021-06-24 09:47:39,951.6,164887
2021-06-24 09:47:40,951.9,164889
2021-06-24 09:47:40,951.9,164889
2021-06-24 09:47:41,951.9,164889
2021-06-24 09:47:43,951.9,164889
2021-06-24 09:47:45,951.9,164889
2021-06-24 09:47:46,951.9,164889
2021-06-24 09:47:47,951.6,165049
2021-06-24 09:47:47,951.6,165049
2021-06-24 09:47:49,951.9,165069
2021-06-24 09:47:50,951.9,165069
2021-06-24 09:47:51,951.6,165269
2021-06-24 09:47:52,951.6,165269
2021-06-24 09:47:53,951.9,165419
2021-06-24 09:47:54,951.9,165423
2021-06-24 09:47:55,951.9,165439
2021-06-24 09:47:56,951.9,165439
2021-06-24 09:47:57,951.9,165439
2021-06-24 09:47:57,951.9,165439
2021-06-24 09:48:00,951.85,165441
2021-06-24 09:48:02,951.5,167478
2021-06-24 09:48:03,951.5,167478
2021-06-24 09:48:04,951.9,167678
2021-06-24 09:48:05,951.9,167678
2021-06-24 09:48:05,951.9,167678
2021-06-24 09:48:06,951.9,167678
2021-06-24 09:48:07,951.55,167748
2021-06-24 09:48:08,951.85,167758
2021-06-24 09:48:09,951.85,167758
2021-06-24 09:48:10,951.85,167758
2021-06-24 09:48:11,951.6,167780
2021-06-24 09:48:13,951.6,167780
2021-06-24 09:48:14,951.6,167878
2021-06-24 09:48:15,951.6,167880
2021-06-24 09:48:16,951.6,167880
2021-06-24 09:48:17,951.2,169492
2021-06-24 09:48:18,951.45,169525
2021-06-24 09:48:19,951.45,169525
2021-06-24 09:48:20,951.45,169525
2021-06-24 09:48:21,951.6,169526
2021-06-24 09:48:23,951.6,169526
2021-06-24 09:48:25,951.6,169526
2021-06-24 09:48:25,951.45,169531
2021-06-24 09:48:26,951.45,169531
2021-06-24 09:48:28,951.4,169721
2021-06-24 09:48:29,951.4,169888
2021-06-24 09:48:29,951.4,169888
2021-06-24 09:48:32,951.4,170038
2021-06-24 09:48:33,951.4,170038
2021-06-24 09:48:34,951.45,170133
2021-06-24 09:48:35,951.45,170133
2021-06-24 09:48:36,951.4,170138
2021-06-24 09:48:37,951.3,170240
2021-06-24 09:48:38,951.6,170250
2021-06-24 09:48:39,951.4,170261
2021-06-24 09:48:40,951.3,170272
2021-06-24 09:48:41,951.6,170274
2021-06-24 09:48:41,951.6,170274
2021-06-24 09:48:43,951.4,170324
2021-06-24 09:48:44,951.35,170365
2021-06-24 09:48:45,951.4,170435
2021-06-24 09:48:46,951.3,171105
2021-06-24 09:48:47,951.6,171285
2021-06-24 09:48:48,951.8,171286
2021-06-24 09:48:49,951.8,171286
2021-06-24 09:48:50,951.45,172592
2021-06-24 09:48:51,951.45,172592
2021-06-24 09:48:52,951.45,172592
2021-06-24 09:48:53,951.55,172892
2021-06-24 09:48:54,951.55,172892
2021-06-24 09:48:55,951.55,172892
2021-06-24 09:48:56,951.55,172892
2021-06-24 09:48:57,950.9,180377
2021-06-24 09:48:58,951.05,180407
2021-06-24 09:48:59,951.05,180427
2021-06-24 09:49:00,951.05,180457
2021-06-24 09:49:01,951.05,180457
2021-06-24 09:49:02,951.1,181121
2021-06-24 09:49:03,950.9,182169
2021-06-24 09:49:04,950.7,182964
2021-06-24 09:49:05,951.2,183135
2021-06-24 09:49:06,951.2,183135
2021-06-24 09:49:07,950.9,183235
2021-06-24 09:49:08,950.9,183235
2021-06-24 09:49:09,950.9,183235
2021-06-24 09:49:10,951.0,183240
2021-06-24 09:49:11,951.0,183240
2021-06-24 09:49:12,951.05,183244
2021-06-24 09:49:13,950.9,183344
2021-06-24 09:49:14,951.25,183395
2021-06-24 09:49:15,951.25,183419
2021-06-24 09:49:16,951.25,183419
2021-06-24 09:49:17,950.5,184224
2021-06-24 09:49:18,950.75,185027
2021-06-24 09:49:19,950.75,185043
2021-06-24 09:49:20,950.3,185682
2021-06-24 09:49:21,950.75,185684
2021-06-24 09:49:22,950.75,185826
2021-06-24 09:49:23,950.5,185940
2021-06-24 09:49:23,950.5,185940
2021-06-24 09:49:25,950.85,186695
2021-06-24 09:49:26,951.4,188610
2021-06-24 09:49:26,951.2,188612
2021-06-24 09:49:27,951.6,188764
2021-06-24 09:49:28,951.55,188768
2021-06-24 09:49:29,951.9,189175
2021-06-24 09:49:31,952.0,189210
2021-06-24 09:49:32,952.0,189210
2021-06-24 09:49:33,951.7,189213
2021-06-24 09:49:34,951.7,189213
2021-06-24 09:49:35,951.65,189303
2021-06-24 09:49:36,952.0,189343
2021-06-24 09:49:37,951.55,189401
2021-06-24 09:49:38,951.9,189402
2021-06-24 09:49:39,951.9,189406
2021-06-24 09:49:40,951.9,189406
2021-06-24 09:49:41,951.25,189706
2021-06-24 09:49:42,951.4,189708
2021-06-24 09:49:43,951.4,189708
2021-06-24 09:49:44,951.9,189808
2021-06-24 09:49:45,951.9,189808
2021-06-24 09:49:46,951.4,189848
2021-06-24 09:49:47,951.4,190048
2021-06-24 09:49:48,951.8,190352
2021-06-24 09:49:49,951.8,190352
2021-06-24 09:49:51,951.8,190370
2021-06-24 09:49:51,951.8,190370
2021-06-24 09:49:52,951.8,190400
2021-06-24 09:49:53,951.55,190405
2021-06-24 09:49:55,951.55,190405
2021-06-24 09:49:56,951.8,190415
2021-06-24 09:49:57,951.8,190417
2021-06-24 09:49:58,951.8,190417
2021-06-24 09:49:59,951.8,190417
2021-06-24 09:50:00,951.8,190417
2021-06-24 09:50:01,951.8,190417
2021-06-24 09:50:02,951.5,190467
2021-06-24 09:50:03,951.75,190518
2021-06-24 09:50:03,951.75,190518
2021-06-24 09:50:05,952.0,191193
2021-06-24 09:50:06,952.0,191193
2021-06-24 09:50:06,952.0,191193
2021-06-24 09:50:07,952.0,191193
2021-06-24 09:50:09,952.0,191193
2021-06-24 09:50:10,952.0,191193
2021-06-24 09:50:11,952.0,191216
2021-06-24 09:50:11,952.0,191216
2021-06-24 09:50:13,952.0,191216
2021-06-24 09:50:14,952.0,191216
2021-06-24 09:50:15,952.0,191326
2021-06-24 09:50:15,952.0,191326
2021-06-24 09:50:16,951.8,191376
2021-06-24 09:50:17,951.25,192079
2021-06-24 09:50:19,951.3,192094
2021-06-24 09:50:22,950.95,193388
2021-06-24 09:50:23,950.95,193428
2021-06-24 09:50:24,950.95,193428
2021-06-24 09:50:25,950.95,193428
2021-06-24 09:50:26,950.95,193586
2021-06-24 09:50:27,950.95,193589
2021-06-24 09:50:28,950.95,193589
2021-06-24 09:50:29,951.1,193634
2021-06-24 09:50:31,951.1,193634
2021-06-24 09:50:32,951.0,194134
2021-06-24 09:50:33,951.1,194135
2021-06-24 09:50:34,951.1,194135
2021-06-24 09:50:34,951.1,194135
2021-06-24 09:50:36,951.1,194168
2021-06-24 09:50:37,951.1,194226
2021-06-24 09:50:38,951.1,194226
2021-06-24 09:50:39,951.1,194226
2021-06-24 09:50:40,951.1,194226
2021-06-24 09:50:41,951.1,194247
2021-06-24 09:50:42,951.35,194257
2021-06-24 09:50:43,951.35,194257
2021-06-24 09:50:44,951.35,194257
2021-06-24 09:50:45,951.35,194257
2021-06-24 09:50:46,951.35,194257
2021-06-24 09:50:47,951.35,194257
2021-06-24 09:50:48,951.35,194257
2021-06-24 09:50:49,951.1,194282
2021-06-24 09:50:50,951.1,194283
2021-06-24 09:50:51,951.1,194285
2021-06-24 09:50:52,951.1,194285
2021-06-24 09:50:53,951.35,194320
2021-06-24 09:50:54,951.35,194320
2021-06-24 09:50:55,951.35,194320
2021-06-24 09:50:56,951.35,194320
2021-06-24 09:50:57,951.35,194320
2021-06-24 09:50:58,951.3,194330
2021-06-24 09:50:59,951.4,194630
2021-06-24 09:51:00,951.4,194630
2021-06-24 09:51:01,951.4,194630
2021-06-24 09:51:02,951.5,194830
2021-06-24 09:51:03,951.35,194831
2021-06-24 09:51:04,951.35,194831
2021-06-24 09:51:05,951.35,194831
2021-06-24 09:51:06,951.4,194832
2021-06-24 09:51:07,951.4,194832
2021-06-24 09:51:09,951.4,194862
2021-06-24 09:51:10,951.4,194862
2021-06-24 09:51:11,951.4,194862
2021-06-24 09:51:12,951.4,194862
2021-06-24 09:51:13,951.4,194862
2021-06-24 09:51:14,951.4,194862
2021-06-24 09:51:15,951.4,195102
2021-06-24 09:51:16,951.1,195103
2021-06-24 09:51:17,951.1,195103
2021-06-24 09:51:18,951.35,195105
2021-06-24 09:51:19,951.1,195106
2021-06-24 09:51:20,951.35,195109
2021-06-24 09:51:24,951.35,195725
2021-06-24 09:51:25,951.35,195725
2021-06-24 09:51:26,951.35,195725
2021-06-24 09:51:27,951.35,195746
2021-06-24 09:51:28,951.35,195746
2021-06-24 09:51:29,951.35,195746
2021-06-24 09:51:30,951.35,195746
2021-06-24 09:51:31,951.35,195756
2021-06-24 09:51:32,951.35,195756
2021-06-24 09:51:33,951.4,195786
2021-06-24 09:51:34,951.0,195801
2021-06-24 09:51:35,951.4,195831
2021-06-24 09:51:36,951.4,195831
2021-06-24 09:51:37,951.3,195832
2021-06-24 09:51:38,951.5,195852
2021-06-24 09:51:39,951.0,195867
2021-06-24 09:51:40,951.35,195868
2021-06-24 09:51:41,951.35,195868
2021-06-24 09:51:42,951.3,195918
2021-06-24 09:51:43,951.3,196018
2021-06-24 09:51:44,951.0,196076
2021-06-24 09:51:45,951.0,196076
2021-06-24 09:51:46,951.0,196091
2021-06-24 09:51:47,951.3,196115
2021-06-24 09:51:48,951.3,196116
2021-06-24 09:51:49,951.35,196135
2021-06-24 09:51:51,951.3,196137
2021-06-24 09:51:52,951.3,196137
2021-06-24 09:51:53,951.3,196137
2021-06-24 09:51:54,951.3,196137
2021-06-24 09:51:55,951.3,196139
2021-06-24 09:51:56,951.3,196139
2021-06-24 09:51:57,951.3,196145
2021-06-24 09:51:58,951.3,196151
2021-06-24 09:51:59,951.35,196251
2021-06-24 09:52:00,951.35,196251
2021-06-24 09:52:01,951.35,196251
2021-06-24 09:52:03,951.35,196251
2021-06-24 09:52:04,951.35,196251
2021-06-24 09:52:05,951.35,196251
2021-06-24 09:52:06,951.35,196251
2021-06-24 09:52:07,951.4,196369
2021-06-24 09:52:08,951.4,196369
2021-06-24 09:52:09,951.3,196596
2021-06-24 09:52:10,951.6,196625
2021-06-24 09:52:11,951.6,196625
2021-06-24 09:52:12,951.6,196625
2021-06-24 09:52:13,951.6,196625
2021-06-24 09:52:14,951.6,196625
2021-06-24 09:52:15,951.6,196625
2021-06-24 09:52:17,951.6,197125
2021-06-24 09:52:18,951.6,197125
2021-06-24 09:52:19,951.65,197127
2021-06-24 09:52:20,951.65,197130
2021-06-24 09:52:21,951.65,197130
2021-06-24 09:52:22,951.65,197140
2021-06-24 09:52:23,951.85,197220
2021-06-24 09:52:24,951.85,197220
2021-06-24 09:52:26,951.85,197220
2021-06-24 09:52:27,951.85,197220
2021-06-24 09:52:28,951.85,197220
2021-06-24 09:52:29,951.85,197220
2021-06-24 09:52:30,951.85,197220
2021-06-24 09:52:31,951.85,197220
2021-06-24 09:52:32,951.85,197320
2021-06-24 09:52:33,951.85,197344
2021-06-24 09:52:34,952.0,198344
2021-06-24 09:52:35,952.0,198344
2021-06-24 09:52:36,952.0,198344
2021-06-24 09:52:37,952.0,198344
2021-06-24 09:52:38,952.0,198344
2021-06-24 09:52:39,952.0,198483
2021-06-24 09:52:40,952.0,198483
2021-06-24 09:52:41,952.0,198483
2021-06-24 09:52:42,952.0,198483
2021-06-24 09:52:43,952.05,198683
2021-06-24 09:52:44,952.05,198684
2021-06-24 09:52:45,952.05,198684
2021-06-24 09:52:46,952.05,198684
2021-06-24 09:52:47,952.05,198684
2021-06-24 09:52:48,952.0,198724
2021-06-24 09:52:50,952.0,198724
2021-06-24 09:52:50,952.0,198724
2021-06-24 09:52:51,952.0,198724
2021-06-24 09:52:52,952.1,198729
2021-06-24 09:52:54,952.4,199139
2021-06-24 09:52:54,952.4,199139
2021-06-24 09:52:55,952.4,199139
2021-06-24 09:52:56,952.4,199139
2021-06-24 09:52:57,952.4,199139
2021-06-24 09:52:58,952.05,199189
2021-06-24 09:52:59,952.05,199189
2021-06-24 09:53:01,952.05,199189
2021-06-24 09:53:02,952.05,199189
2021-06-24 09:53:02,952.05,199189
2021-06-24 09:53:03,952.05,199189
2021-06-24 09:53:04,952.05,199189
2021-06-24 09:53:05,952.05,199189
2021-06-24 09:53:06,952.05,199189
2021-06-24 09:53:07,952.4,199292
2021-06-24 09:53:08,952.4,199292
2021-06-24 09:53:09,952.05,199412
2021-06-24 09:53:10,952.05,199413
2021-06-24 09:53:11,952.05,199413
2021-06-24 09:53:12,952.4,199445
2021-06-24 09:53:13,952.4,199445
2021-06-24 09:53:15,952.5,199585
2021-06-24 09:53:16,952.3,199595
2021-06-24 09:53:17,952.3,199595
2021-06-24 09:53:18,952.4,199600
2021-06-24 09:53:19,952.4,199600
2021-06-24 09:53:22,952.05,199767
2021-06-24 09:53:23,952.4,199768
2021-06-24 09:53:23,952.4,199770
2021-06-24 09:53:24,952.2,199830
2021-06-24 09:53:25,952.2,199836
2021-06-24 09:53:27,952.2,199836
2021-06-24 09:53:27,952.2,199836
2021-06-24 09:53:28,952.05,201173
2021-06-24 09:53:29,952.15,201175
2021-06-24 09:53:30,952.15,201175
2021-06-24 09:53:31,952.15,201216
2021-06-24 09:53:32,952.15,201216
2021-06-24 09:53:33,952.15,201226
2021-06-24 09:53:35,952.15,201226
2021-06-24 09:53:35,952.15,201226
2021-06-24 09:53:36,952.15,201236
2021-06-24 09:53:37,952.0,201241
2021-06-24 09:53:38,951.8,201508
2021-06-24 09:53:39,951.8,201508
2021-06-24 09:53:40,951.8,201508
2021-06-24 09:53:41,951.8,201508
2021-06-24 09:53:42,951.8,201508
2021-06-24 09:53:43,951.7,201588
2021-06-24 09:53:44,951.7,202067
2021-06-24 09:53:45,951.7,202068
2021-06-24 09:53:46,951.7,202068
2021-06-24 09:53:47,951.7,202069
2021-06-24 09:53:49,951.7,202070
2021-06-24 09:53:49,951.7,202070
2021-06-24 09:53:51,951.7,202080
2021-06-24 09:53:52,951.5,203197
2021-06-24 09:53:53,951.5,203197
2021-06-24 09:53:54,951.5,203203
2021-06-24 09:53:55,951.5,203203
2021-06-24 09:53:56,951.5,203203
2021-06-24 09:53:58,951.5,203203
2021-06-24 09:53:59,951.5,203203
2021-06-24 09:54:02,951.45,203231
2021-06-24 09:54:03,951.45,203243
2021-06-24 09:54:04,951.45,203243
2021-06-24 09:54:05,951.45,203263
2021-06-24 09:54:06,951.45,203263
2021-06-24 09:54:07,951.45,203935
2021-06-24 09:54:08,951.65,205445
2021-06-24 09:54:09,951.7,205630
2021-06-24 09:54:10,951.7,205630
2021-06-24 09:54:12,951.7,205630
2021-06-24 09:54:12,951.7,205630
2021-06-24 09:54:13,951.7,205630
2021-06-24 09:54:14,951.7,205630
2021-06-24 09:54:15,951.65,205660
2021-06-24 09:54:16,952.2,205760
2021-06-24 09:54:17,951.75,205885
2021-06-24 09:54:18,951.75,205915
2021-06-24 09:54:19,951.75,205916
2021-06-24 09:54:20,952.15,205926
2021-06-24 09:54:21,951.8,205991
2021-06-24 09:54:22,951.8,205991
2021-06-24 09:54:24,952.15,205992
2021-06-24 09:54:25,951.75,206052
2021-06-24 09:54:25,951.75,206062
2021-06-24 09:54:26,951.75,206062
2021-06-24 09:54:27,951.75,206062
2021-06-24 09:54:28,951.75,206062
2021-06-24 09:54:29,951.75,206062
2021-06-24 09:54:30,951.8,206652
2021-06-24 09:54:31,951.75,206818
2021-06-24 09:54:32,951.75,206818
2021-06-24 09:54:33,951.75,206843
2021-06-24 09:54:34,951.7,206858
2021-06-24 09:54:35,951.7,206858
2021-06-24 09:54:37,951.45,207018
2021-06-24 09:54:37,951.45,207018
2021-06-24 09:54:38,951.6,207019
2021-06-24 09:54:39,951.6,207019
2021-06-24 09:54:41,951.6,207072
2021-06-24 09:54:42,951.85,207122
2021-06-24 09:54:43,951.85,207122
2021-06-24 09:54:44,951.85,207122
2021-06-24 09:54:45,951.85,207122
2021-06-24 09:54:47,951.85,207122
2021-06-24 09:54:49,951.85,207122
2021-06-24 09:54:50,951.6,207131
2021-06-24 09:54:51,951.6,207131
2021-06-24 09:54:52,951.6,207134
2021-06-24 09:54:52,951.6,207134
2021-06-24 09:54:53,951.6,207134
2021-06-24 09:54:54,951.6,207134
2021-06-24 09:54:55,951.6,207134
2021-06-24 09:54:57,951.6,207149
2021-06-24 09:54:58,951.55,207150
2021-06-24 09:54:59,951.55,207150
2021-06-24 09:55:00,952.05,207278
2021-06-24 09:55:01,952.05,207278
2021-06-24 09:55:02,951.6,207283
2021-06-24 09:55:03,951.6,207283
2021-06-24 09:55:04,952.0,207308
2021-06-24 09:55:05,952.0,207308
2021-06-24 09:55:06,952.0,207308
2021-06-24 09:55:08,952.0,207308
2021-06-24 09:55:09,952.0,207308
2021-06-24 09:55:10,952.0,207308
2021-06-24 09:55:11,951.65,207328
2021-06-24 09:55:13,951.65,207328
2021-06-24 09:55:14,952.0,207378
2021-06-24 09:55:15,952.0,207378
2021-06-24 09:55:16,952.0,207378
2021-06-24 09:55:17,952.0,207378
2021-06-24 09:55:18,952.0,207379
2021-06-24 09:55:19,952.0,207379
2021-06-24 09:55:20,952.05,207439
2021-06-24 09:55:20,952.05,207439
2021-06-24 09:55:22,951.65,207539
2021-06-24 09:55:23,951.65,207539
2021-06-24 09:55:24,951.65,207541
2021-06-24 09:55:25,951.65,207541
2021-06-24 09:55:25,951.95,207896
2021-06-24 09:55:26,951.65,207905
2021-06-24 09:55:28,951.65,207905
2021-06-24 09:55:29,951.65,207988
2021-06-24 09:55:30,951.65,207988
2021-06-24 09:55:31,951.65,207988
2021-06-24 09:55:32,951.65,207988
2021-06-24 09:55:33,951.5,208340
2021-06-24 09:55:34,951.5,208340
2021-06-24 09:55:36,951.65,208370
2021-06-24 09:55:36,951.65,208375
2021-06-24 09:55:37,951.65,208375
2021-06-24 09:55:38,951.65,208375
2021-06-24 09:55:39,951.65,208475
2021-06-24 09:55:40,951.65,208475
2021-06-24 09:55:41,951.65,208475
2021-06-24 09:55:43,951.75,208476
2021-06-24 09:55:44,951.75,208556
2021-06-24 09:55:45,951.75,208556
2021-06-24 09:55:46,951.75,208556
2021-06-24 09:55:47,951.65,208586
2021-06-24 09:55:48,951.65,208606
2021-06-24 09:55:49,951.65,208606
2021-06-24 09:55:50,951.65,208656
2021-06-24 09:55:52,951.65,208656
2021-06-24 09:55:53,951.65,208656
2021-06-24 09:55:54,951.65,208658
2021-06-24 09:55:55,951.55,208663
2021-06-24 09:55:56,951.55,208663
2021-06-24 09:55:56,951.55,208663
2021-06-24 09:55:57,951.6,208674
2021-06-24 09:55:58,951.6,208674
2021-06-24 09:55:59,950.95,212442
2021-06-24 09:56:00,951.85,215502
2021-06-24 09:56:01,951.1,216576
2021-06-24 09:56:02,952.0,217226
2021-06-24 09:56:03,951.7,217255
2021-06-24 09:56:04,952.9,219035
2021-06-24 09:56:06,952.65,219084
2021-06-24 09:56:07,952.65,219084
2021-06-24 09:56:08,953.05,219102
2021-06-24 09:56:09,953.0,219153
2021-06-24 09:56:09,953.0,219153
2021-06-24 09:56:10,953.0,219191
2021-06-24 09:56:11,953.0,219192
2021-06-24 09:56:12,953.05,219692
2021-06-24 09:56:13,952.7,219937
2021-06-24 09:56:14,952.85,220219
2021-06-24 09:56:15,952.7,220494
2021-06-24 09:56:17,952.45,220780
2021-06-24 09:56:17,952.45,220790
2021-06-24 09:56:19,952.9,220807
2021-06-24 09:56:20,952.6,221457
2021-06-24 09:56:21,952.05,222060
2021-06-24 09:56:21,952.05,222060
2021-06-24 09:56:25,951.35,223124
2021-06-24 09:56:26,951.15,223248
2021-06-24 09:56:26,950.8,223519
2021-06-24 09:56:27,951.15,223619
2021-06-24 09:56:28,951.15,223619
2021-06-24 09:56:29,951.15,223619
2021-06-24 09:56:30,951.05,223623
2021-06-24 09:56:32,951.05,223792
2021-06-24 09:56:33,951.35,224033
2021-06-24 09:56:34,951.35,224077
2021-06-24 09:56:36,951.6,224086
2021-06-24 09:56:36,951.25,224257
2021-06-24 09:56:38,951.1,224401
2021-06-24 09:56:39,951.45,224431
2021-06-24 09:56:40,951.45,224431
2021-06-24 09:56:41,951.05,224441
2021-06-24 09:56:42,951.05,224441
2021-06-24 09:56:42,951.05,224441
2021-06-24 09:56:43,951.35,224445
2021-06-24 09:56:44,951.35,224445
2021-06-24 09:56:46,951.4,224545
2021-06-24 09:56:47,951.4,224545
2021-06-24 09:56:48,951.4,224545
2021-06-24 09:56:49,951.4,224545
2021-06-24 09:56:49,951.4,224545
2021-06-24 09:56:50,951.4,224545
2021-06-24 09:56:52,951.0,225676
2021-06-24 09:56:53,951.0,225731
2021-06-24 09:56:54,950.95,225738
2021-06-24 09:56:55,950.95,225744
2021-06-24 09:56:56,950.95,225744
2021-06-24 09:56:56,950.95,225744
2021-06-24 09:56:58,950.8,225811
2021-06-24 09:56:59,950.8,225811
2021-06-24 09:57:00,950.8,225811
2021-06-24 09:57:01,950.8,225811
2021-06-24 09:57:02,950.8,225811
2021-06-24 09:57:04,950.8,225811
2021-06-24 09:57:05,950.95,226332
2021-06-24 09:57:06,950.55,226432
2021-06-24 09:57:07,950.95,226433
2021-06-24 09:57:08,950.55,226520
2021-06-24 09:57:08,950.75,226620
2021-06-24 09:57:09,950.2,227163
2021-06-24 09:57:10,950.6,231453
2021-06-24 09:57:11,950.1,231505
2021-06-24 09:57:12,950.5,231507
2021-06-24 09:57:14,950.05,231574
2021-06-24 09:57:15,950.0,232315
2021-06-24 09:57:16,950.15,232365
2021-06-24 09:57:17,950.0,232422
2021-06-24 09:57:18,950.0,232431
2021-06-24 09:57:18,950.0,232431
2021-06-24 09:57:19,950.15,232504
2021-06-24 09:57:20,950.55,233252
2021-06-24 09:57:21,950.55,233252
2021-06-24 09:57:22,950.1,233763
2021-06-24 09:57:23,950.4,233836
2021-06-24 09:57:24,950.4,233886
2021-06-24 09:57:25,950.05,234682
2021-06-24 09:57:27,950.0,234688
2021-06-24 09:57:28,950.35,234689
2021-06-24 09:57:29,950.35,234690
2021-06-24 09:57:30,950.35,234690
2021-06-24 09:57:31,950.35,234690
2021-06-24 09:57:32,950.35,234690
2021-06-24 09:57:33,950.35,234703
2021-06-24 09:57:34,950.35,234713
2021-06-24 09:57:35,950.55,234899
2021-06-24 09:57:36,950.35,234900
2021-06-24 09:57:37,950.35,234900
2021-06-24 09:57:38,950.35,234900
2021-06-24 09:57:39,950.35,234900
2021-06-24 09:57:40,950.6,235100
2021-06-24 09:57:42,950.35,235463
2021-06-24 09:57:43,950.25,235468
2021-06-24 09:57:44,950.25,235468
2021-06-24 09:57:44,950.25,235468
2021-06-24 09:57:45,950.3,235515
2021-06-24 09:57:46,950.25,235527
2021-06-24 09:57:48,950.25,235528
2021-06-24 09:57:49,950.3,235716
2021-06-24 09:57:50,950.5,235916
2021-06-24 09:57:51,950.1,236366
2021-06-24 09:57:52,950.3,236508
2021-06-24 09:57:53,950.3,236509
2021-06-24 09:57:54,950.5,236619
2021-06-24 09:57:55,950.5,236619
2021-06-24 09:57:56,950.5,236637
2021-06-24 09:57:57,950.5,236637
2021-06-24 09:57:58,950.5,236637
2021-06-24 09:57:59,950.45,236796
2021-06-24 09:58:00,950.45,236796
2021-06-24 09:58:01,950.45,236801
2021-06-24 09:58:02,950.25,236827
2021-06-24 09:58:03,950.2,236877
2021-06-24 09:58:04,950.2,236927
2021-06-24 09:58:06,950.2,236927
2021-06-24 09:58:07,950.2,236927
2021-06-24 09:58:08,950.2,236927
2021-06-24 09:58:09,950.55,236977
2021-06-24 09:58:10,950.55,236977
2021-06-24 09:58:11,950.65,237077
2021-06-24 09:58:12,950.65,237077
2021-06-24 09:58:13,950.65,237077
2021-06-24 09:58:14,950.25,237078
2021-06-24 09:58:16,950.2,237578
2021-06-24 09:58:17,950.2,237578
2021-06-24 09:58:18,950.35,237579
2021-06-24 09:58:20,950.35,237579
2021-06-24 09:58:21,950.35,237579
2021-06-24 09:58:22,950.35,237678
2021-06-24 09:58:23,950.35,237683
2021-06-24 09:58:24,950.35,237683
2021-06-24 09:58:25,950.35,237683
2021-06-24 09:58:26,950.2,238083
2021-06-24 09:58:26,950.2,238083
2021-06-24 09:58:27,950.45,238093
2021-06-24 09:58:28,950.45,238095
2021-06-24 09:58:29,950.45,238095
2021-06-24 09:58:30,950.2,238109
2021-06-24 09:58:31,950.2,238109
2021-06-24 09:58:32,950.2,238109
2021-06-24 09:58:34,950.5,238209
2021-06-24 09:58:36,950.4,238312
2021-06-24 09:58:37,950.6,238331
2021-06-24 09:58:38,950.65,238453
2021-06-24 09:58:39,950.65,238486
2021-06-24 09:58:40,950.65,238486
2021-06-24 09:58:41,950.5,238487
2021-06-24 09:58:42,950.5,238517
2021-06-24 09:58:44,950.9,238534
2021-06-24 09:58:45,950.9,238810
2021-06-24 09:58:46,950.9,238813
2021-06-24 09:58:47,950.9,238813
2021-06-24 09:58:48,950.95,238863
2021-06-24 09:58:49,950.45,238888
2021-06-24 09:58:50,950.45,238888
2021-06-24 09:58:51,950.45,238888
2021-06-24 09:58:52,950.45,238888
2021-06-24 09:58:53,950.45,238888
2021-06-24 09:58:54,950.45,238888
2021-06-24 09:58:55,950.65,238938
2021-06-24 09:58:56,950.4,238946
2021-06-24 09:58:57,950.4,238946
2021-06-24 09:58:58,950.7,238986
2021-06-24 09:58:59,950.7,238986
2021-06-24 09:59:00,950.7,238986
2021-06-24 09:59:01,950.7,238986
2021-06-24 09:59:02,950.7,238986
2021-06-24 09:59:03,950.7,238986
2021-06-24 09:59:04,950.7,238986
2021-06-24 09:59:04,950.7,238986
2021-06-24 09:59:05,950.65,238991
2021-06-24 09:59:07,950.75,239091
2021-06-24 09:59:07,950.75,239091
2021-06-24 09:59:09,950.75,239109
2021-06-24 09:59:10,950.75,239123
2021-06-24 09:59:11,950.8,239141
2021-06-24 09:59:12,950.8,239141
2021-06-24 09:59:13,950.8,239146
2021-06-24 09:59:14,950.8,239146
2021-06-24 09:59:15,950.8,239146
2021-06-24 09:59:16,950.8,239146
2021-06-24 09:59:17,950.8,239147
2021-06-24 09:59:19,950.8,239147
2021-06-24 09:59:20,950.8,239147
2021-06-24 09:59:21,950.8,239148
2021-06-24 09:59:23,950.8,239165
2021-06-24 09:59:24,950.8,239190
2021-06-24 09:59:24,950.8,239190
2021-06-24 09:59:25,950.3,239790
2021-06-24 09:59:26,950.3,239790
2021-06-24 09:59:27,950.3,239790
2021-06-24 09:59:29,950.45,240453
2021-06-24 09:59:30,950.45,240455
2021-06-24 09:59:31,950.45,240455
2021-06-24 09:59:32,950.45,240455
2021-06-24 09:59:33,950.45,240455
2021-06-24 09:59:34,950.45,240455
2021-06-24 09:59:35,950.45,240455
2021-06-24 09:59:36,950.45,240455
2021-06-24 09:59:37,950.45,240455
2021-06-24 09:59:38,950.8,240483
2021-06-24 09:59:39,950.85,240584
2021-06-24 09:59:40,950.85,240584
2021-06-24 09:59:41,950.85,240584
2021-06-24 09:59:43,950.45,240587
2021-06-24 09:59:44,950.45,240587
2021-06-24 09:59:45,950.95,240804
2021-06-24 09:59:46,950.8,240840
2021-06-24 09:59:47,950.8,240840
2021-06-24 09:59:48,950.8,240976
2021-06-24 09:59:49,951.0,241289
2021-06-24 09:59:50,951.35,241299
2021-06-24 09:59:51,951.35,241299
2021-06-24 09:59:52,951.0,241309
2021-06-24 09:59:52,951.0,241309
2021-06-24 09:59:53,951.0,241309
2021-06-24 09:59:55,951.0,241309
2021-06-24 09:59:58,951.5,241359
2021-06-24 09:59:59,951.5,241359
2021-06-24 10:00:00,951.5,241359
2021-06-24 10:00:01,951.35,241360
2021-06-24 10:00:02,951.0,241367
2021-06-24 10:00:03,951.0,241367
2021-06-24 10:00:04,951.0,241367
2021-06-24 10:00:05,951.0,241369
2021-06-24 10:00:06,951.0,241369
2021-06-24 10:00:07,951.0,241369
2021-06-24 10:00:08,951.0,241369
2021-06-24 10:00:09,951.0,241369
2021-06-24 10:00:11,951.85,242869
2021-06-24 10:00:12,951.1,242874
2021-06-24 10:00:13,951.1,242929
2021-06-24 10:00:14,951.1,242929
2021-06-24 10:00:15,951.1,242929
2021-06-24 10:00:16,951.1,242929
2021-06-24 10:00:17,951.0,243029
2021-06-24 10:00:18,951.1,243054
2021-06-24 10:00:19,951.5,243154
2021-06-24 10:00:20,951.35,243164
2021-06-24 10:00:22,951.4,243292
2021-06-24 10:00:23,951.4,243292
2021-06-24 10:00:24,951.4,243292
2021-06-24 10:00:25,950.95,243302
2021-06-24 10:00:26,951.2,243307
2021-06-24 10:00:27,951.2,243325
2021-06-24 10:00:28,951.2,243325
2021-06-24 10:00:29,951.2,243325
2021-06-24 10:00:32,951.2,243344
2021-06-24 10:00:32,951.2,243344
2021-06-24 10:00:34,951.2,243344
2021-06-24 10:00:36,951.2,243563
2021-06-24 10:00:37,950.9,243578
2021-06-24 10:00:38,950.9,243578
2021-06-24 10:00:39,950.9,243578
2021-06-24 10:00:40,950.9,243579
2021-06-24 10:00:41,951.2,243700
2021-06-24 10:00:42,951.2,243700
2021-06-24 10:00:43,950.85,243803
2021-06-24 10:00:43,950.85,243803
2021-06-24 10:00:45,951.35,243903
2021-06-24 10:00:48,951.75,244156
2021-06-24 10:00:49,951.75,244156
2021-06-24 10:00:50,951.75,244156
2021-06-24 10:00:51,951.75,244156
2021-06-24 10:00:52,951.2,244157
2021-06-24 10:00:53,951.2,244157
2021-06-24 10:00:54,951.2,244157
2021-06-24 10:00:55,951.2,244157
2021-06-24 10:00:56,951.2,244157
2021-06-24 10:00:57,951.2,244157
2021-06-24 10:00:58,951.4,244177
2021-06-24 10:00:59,951.7,244184
2021-06-24 10:01:00,951.4,244194
2021-06-24 10:01:01,951.4,244194
2021-06-24 10:01:02,951.4,244194
2021-06-24 10:01:03,951.45,244199
2021-06-24 10:01:04,951.45,244199
2021-06-24 10:01:04,951.45,244199
2021-06-24 10:01:07,951.45,244199
2021-06-24 10:01:08,951.45,244199
2021-06-24 10:01:09,951.7,244300
2021-06-24 10:01:11,951.35,244590
2021-06-24 10:01:12,951.35,244590
2021-06-24 10:01:13,951.75,244591
2021-06-24 10:01:14,951.75,244591
2021-06-24 10:01:15,951.75,244591
2021-06-24 10:01:16,951.75,244591
2021-06-24 10:01:17,951.7,244625
2021-06-24 10:01:18,951.7,244625
2021-06-24 10:01:19,951.6,244628
2021-06-24 10:01:20,951.65,244728
2021-06-24 10:01:21,951.65,244728
2021-06-24 10:01:22,951.65,244728
2021-06-24 10:01:23,951.65,244728
2021-06-24 10:01:24,951.65,244753
2021-06-24 10:01:25,951.15,245517
2021-06-24 10:01:26,951.15,245517
2021-06-24 10:01:27,951.0,245518
2021-06-24 10:01:28,951.0,245518
2021-06-24 10:01:29,951.0,245568
2021-06-24 10:01:30,951.0,245568
2021-06-24 10:01:31,951.0,245568
2021-06-24 10:01:32,951.0,245568
2021-06-24 10:01:33,951.0,245867
2021-06-24 10:01:34,951.0,245867
2021-06-24 10:01:35,951.0,245882
2021-06-24 10:01:36,950.7,246382
2021-06-24 10:01:37,950.85,246407
2021-06-24 10:01:38,950.85,246407
2021-06-24 10:01:39,950.95,246697
2021-06-24 10:01:40,950.95,246697
2021-06-24 10:01:41,950.95,246881
2021-06-24 10:01:42,950.95,246881
2021-06-24 10:01:43,951.0,247150
2021-06-24 10:01:44,951.0,247150
2021-06-24 10:01:47,950.85,247191
2021-06-24 10:01:49,951.15,247205
2021-06-24 10:01:52,951.0,247556
2021-06-24 10:01:55,951.7,247996
2021-06-24 10:01:58,951.7,248421
2021-06-24 10:02:00,951.15,248671
2021-06-24 10:02:03,951.2,248711
2021-06-24 10:02:06,951.2,248718
2021-06-24 10:02:09,951.25,249409
2021-06-24 10:02:15,951.7,249609
2021-06-24 10:02:17,951.6,250009
2021-06-24 10:02:21,951.6,250009
2021-06-24 10:02:23,951.6,250009
2021-06-24 10:02:26,951.6,250009
2021-06-24 10:02:29,951.5,250214
2021-06-24 10:02:32,951.5,250214
2021-06-24 10:02:35,951.5,250220
2021-06-24 10:02:38,951.25,250260
2021-06-24 10:02:41,951.5,250281
2021-06-24 10:02:45,951.5,250281
2021-06-24 10:02:48,951.5,250281
2021-06-24 10:02:56,951.25,250286
2021-06-24 10:02:59,951.65,250786
2021-06-24 10:03:03,951.25,250794
2021-06-24 10:03:07,951.5,250800
2021-06-24 10:03:10,951.5,250815
2021-06-24 10:03:13,951.5,250861
2021-06-24 10:03:16,951.6,251017
2021-06-24 10:03:19,951.6,251017
2021-06-24 10:03:22,951.6,251017
2021-06-24 10:03:25,951.25,251047
2021-06-24 10:03:28,951.25,251047
2021-06-24 10:03:31,951.25,251047
2021-06-24 10:03:35,951.5,251049
2021-06-24 10:03:38,951.25,251050
2021-06-24 10:03:40,951.25,251050
2021-06-24 10:03:43,951.25,251050
2021-06-24 10:03:46,951.5,251051
2021-06-24 10:03:49,951.5,251051
2021-06-24 10:03:51,951.5,251051
2021-06-24 10:03:54,951.5,251051
2021-06-24 10:03:57,951.45,251052
2021-06-24 10:04:00,951.2,251734
2021-06-24 10:04:03,951.2,251734
2021-06-24 10:04:06,951.2,251736
2021-06-24 10:04:08,951.0,251786
2021-06-24 10:04:11,951.2,251836
2021-06-24 10:04:13,951.2,251847
2021-06-24 10:04:16,951.2,251847
2021-06-24 10:04:19,951.4,251868
2021-06-24 10:04:22,951.4,251868
2021-06-24 10:04:25,951.4,251868
2021-06-24 10:04:28,951.45,251911
2021-06-24 10:04:34,951.7,253038
2021-06-24 10:04:36,951.45,253048
2021-06-24 10:04:39,951.7,253064
2021-06-24 10:04:42,952.0,253913
2021-06-24 10:04:45,952.2,253953
2021-06-24 10:04:48,952.2,253953
2021-06-24 10:04:50,952.25,254183
2021-06-24 10:04:56,952.8,254671
2021-06-24 10:04:59,952.3,254755
2021-06-24 10:05:02,952.3,254755
2021-06-24 10:05:05,952.5,254806
2021-06-24 10:05:07,952.5,254816
2021-06-24 10:05:10,952.5,254874
2021-06-24 10:05:12,952.5,254879
2021-06-24 10:05:15,952.5,254880
2021-06-24 10:05:18,952.25,254905
2021-06-24 10:05:21,952.9,255105
2021-06-24 10:05:24,952.35,255756
2021-06-24 10:05:27,952.45,255766
2021-06-24 10:05:30,952.2,256541
2021-06-24 10:05:33,952.2,256541
2021-06-24 10:05:36,952.35,256566
2021-06-24 10:05:39,952.2,256741
2021-06-24 10:05:41,952.2,256743
2021-06-24 10:05:44,952.3,256884
2021-06-24 10:05:47,952.3,256924
2021-06-24 10:05:50,952.3,257346
2021-06-24 10:05:53,952.3,257346
2021-06-24 10:05:56,952.3,257361
2021-06-24 10:05:59,952.3,257362
2021-06-24 10:06:01,952.3,257362
2021-06-24 10:06:04,952.3,257475
2021-06-24 10:06:07,952.3,257475
2021-06-24 10:06:10,952.3,257475
2021-06-24 10:06:12,952.3,257475
2021-06-24 10:06:15,952.3,257481
2021-06-24 10:06:18,952.3,257591
2021-06-24 10:06:21,952.3,257772
2021-06-24 10:06:23,952.3,257772
2021-06-24 10:06:26,952.3,257782
2021-06-24 10:06:28,952.3,257782
2021-06-24 10:06:31,952.3,257782
2021-06-24 10:06:36,952.3,257850
2021-06-24 10:06:39,952.3,257872
2021-06-24 10:06:42,952.3,257872
2021-06-24 10:06:45,952.3,257872
2021-06-24 10:06:46,952.3,257872
2021-06-24 10:06:47,952.3,257892
2021-06-24 10:06:49,952.3,257892
2021-06-24 10:06:49,952.3,257892
2021-06-24 10:06:51,952.3,257892
2021-06-24 10:06:52,952.4,257893
2021-06-24 10:06:54,952.3,257903
2021-06-24 10:06:55,952.3,257903
2021-06-24 10:06:56,952.3,257903
2021-06-24 10:06:58,952.3,257903
2021-06-24 10:06:59,952.3,257903
2021-06-24 10:07:00,952.3,257903
2021-06-24 10:07:00,952.3,257953
2021-06-24 10:07:01,952.3,257963
2021-06-24 10:07:02,952.3,257963
2021-06-24 10:07:03,952.55,258006
2021-06-24 10:07:04,952.55,258006
2021-06-24 10:07:05,952.3,258016
2021-06-24 10:07:07,952.3,258016
2021-06-24 10:07:08,952.3,258228
2021-06-24 10:07:10,952.3,258228
2021-06-24 10:07:11,952.3,258228
2021-06-24 10:07:12,952.3,258228
2021-06-24 10:07:12,952.3,258228
2021-06-24 10:07:13,952.25,258268
2021-06-24 10:07:14,952.25,258268
2021-06-24 10:07:15,952.3,258298
2021-06-24 10:07:16,952.3,258298
2021-06-24 10:07:17,952.3,258298
2021-06-24 10:07:19,952.3,258298
2021-06-24 10:07:20,952.3,258298
2021-06-24 10:07:22,952.3,258298
2021-06-24 10:07:23,952.3,258298
2021-06-24 10:07:23,952.3,258308
2021-06-24 10:07:24,952.3,258308
2021-06-24 10:07:25,952.35,258408
2021-06-24 10:07:26,952.35,258408
2021-06-24 10:07:27,952.35,258408
2021-06-24 10:07:30,952.4,258413
2021-06-24 10:07:31,952.4,258413
2021-06-24 10:07:31,952.4,258413
2021-06-24 10:07:32,952.3,258463
2021-06-24 10:07:33,952.3,258463
2021-06-24 10:07:34,952.3,258463
2021-06-24 10:07:36,952.3,258463
2021-06-24 10:07:37,952.3,258463
2021-06-24 10:07:38,952.3,258463
2021-06-24 10:07:38,952.3,258463
2021-06-24 10:07:39,952.3,258463
2021-06-24 10:07:40,952.3,258463
2021-06-24 10:07:41,952.3,258463
2021-06-24 10:07:42,952.25,258863
2021-06-24 10:07:43,952.25,258863
2021-06-24 10:07:44,952.25,258863
2021-06-24 10:07:45,952.25,258863
2021-06-24 10:07:46,952.4,258866
2021-06-24 10:07:48,952.4,258866
2021-06-24 10:07:49,952.4,258866
2021-06-24 10:07:50,952.4,258866
2021-06-24 10:07:50,952.4,258866
2021-06-24 10:07:51,952.4,258866
2021-06-24 10:07:52,952.4,258866
2021-06-24 10:07:54,952.4,258866
2021-06-24 10:07:55,952.4,258866
2021-06-24 10:07:56,952.4,258866
2021-06-24 10:07:57,952.7,259379
2021-06-24 10:07:57,952.7,259379
2021-06-24 10:07:58,952.7,259379
2021-06-24 10:07:59,952.7,259379
2021-06-24 10:08:00,952.3,259382
2021-06-24 10:08:01,952.3,259382
2021-06-24 10:08:03,952.3,259382
2021-06-24 10:08:04,952.3,259432
2021-06-24 10:08:05,952.3,259432
2021-06-24 10:08:05,952.3,259432
2021-06-24 10:08:06,952.3,259432
2021-06-24 10:08:07,952.3,259432
2021-06-24 10:08:08,952.3,259432
2021-06-24 10:08:09,952.3,259432
2021-06-24 10:08:10,952.3,259432
2021-06-24 10:08:11,952.65,259442
2021-06-24 10:08:12,952.65,259442
2021-06-24 10:08:14,952.65,259442
2021-06-24 10:08:15,952.3,259447
2021-06-24 10:08:15,952.3,259447
2021-06-24 10:08:17,952.3,259447
2021-06-24 10:08:18,952.3,259448
2021-06-24 10:08:19,952.55,259453
2021-06-24 10:08:19,952.55,259478
2021-06-24 10:08:20,952.55,259478
2021-06-24 10:08:21,952.55,259478
2021-06-24 10:08:23,952.55,259478
2021-06-24 10:08:24,952.55,259479
2021-06-24 10:08:25,952.55,259479
2021-06-24 10:08:26,952.5,259559
2021-06-24 10:08:27,952.5,259559
2021-06-24 10:08:28,952.3,259600
2021-06-24 10:08:29,952.3,259600
2021-06-24 10:08:29,952.3,259600
2021-06-24 10:08:30,952.3,259600
2021-06-24 10:08:32,952.3,259600
2021-06-24 10:08:33,952.2,262730
2021-06-24 10:08:34,952.2,262770
2021-06-24 10:08:37,951.85,263420
2021-06-24 10:08:38,952.05,263485
2021-06-24 10:08:38,952.05,263475
2021-06-24 10:08:39,952.05,263485
2021-06-24 10:08:40,952.05,263485
2021-06-24 10:08:42,952.05,263495
2021-06-24 10:08:43,952.05,263495
2021-06-24 10:08:44,952.05,263560
2021-06-24 10:08:44,952.05,263560
2021-06-24 10:08:45,952.05,263560
2021-06-24 10:08:46,952.05,263560
2021-06-24 10:08:47,952.05,263561
2021-06-24 10:08:49,952.05,263581
2021-06-24 10:08:51,952.05,263581
2021-06-24 10:08:52,952.05,263581
2021-06-24 10:08:53,952.05,263581
2021-06-24 10:08:54,952.05,263581
2021-06-24 10:08:55,952.05,263581
2021-06-24 10:08:56,952.05,263581
2021-06-24 10:08:58,951.85,263616
2021-06-24 10:08:59,951.85,263627
2021-06-24 10:08:59,951.85,263627
2021-06-24 10:09:00,951.85,263627
2021-06-24 10:09:01,951.85,263627
2021-06-24 10:09:02,951.85,263627
2021-06-24 10:09:04,951.85,263627
2021-06-24 10:09:05,952.4,263875
2021-06-24 10:09:06,952.4,263875
2021-06-24 10:09:07,952.3,264150
2021-06-24 10:09:09,952.3,264150
2021-06-24 10:09:10,952.3,264150
2021-06-24 10:09:10,952.3,264150
2021-06-24 10:09:11,952.3,264150
2021-06-24 10:09:12,952.3,264150
2021-06-24 10:09:13,952.3,264150
2021-06-24 10:09:14,952.3,264150
2021-06-24 10:09:15,952.3,264150
2021-06-24 10:09:16,952.4,264348
2021-06-24 10:09:17,952.4,264400
2021-06-24 10:09:19,952.3,264408
2021-06-24 10:09:20,952.3,264408
2021-06-24 10:09:20,952.3,264408
2021-06-24 10:09:21,952.3,264408
2021-06-24 10:09:22,952.3,264408
2021-06-24 10:09:23,952.15,264423
2021-06-24 10:09:25,952.15,264423
2021-06-24 10:09:26,952.1,264555
2021-06-24 10:09:28,952.1,264555
2021-06-24 10:09:32,952.5,264558
2021-06-24 10:09:33,952.5,264558
2021-06-24 10:09:34,952.5,264558
2021-06-24 10:09:34,952.5,264558
2021-06-24 10:09:36,952.5,264558
2021-06-24 10:09:37,952.5,264558
2021-06-24 10:09:38,952.5,264558
2021-06-24 10:09:40,952.45,264588
2021-06-24 10:09:41,952.4,264598
2021-06-24 10:09:43,952.4,264598
2021-06-24 10:09:44,952.4,264598
2021-06-24 10:09:46,952.4,264598
2021-06-24 10:09:47,952.4,264598
2021-06-24 10:09:48,952.4,264598
2021-06-24 10:09:49,952.4,264599
2021-06-24 10:09:50,952.4,264624
2021-06-24 10:09:51,952.4,264624
2021-06-24 10:09:53,952.4,264624
2021-06-24 10:09:54,952.4,264624
2021-06-24 10:09:57,952.1,264625
2021-06-24 10:09:58,952.1,264625
2021-06-24 10:10:01,952.4,264626
2021-06-24 10:10:01,952.4,264626
2021-06-24 10:10:03,952.4,264626
2021-06-24 10:10:04,952.4,264626
2021-06-24 10:10:05,952.5,265401
2021-06-24 10:10:06,952.5,265401
2021-06-24 10:10:07,952.15,265455
2021-06-24 10:10:08,952.15,265455
2021-06-24 10:10:09,952.15,265455
2021-06-24 10:10:10,952.15,265455
2021-06-24 10:10:11,952.15,265455
2021-06-24 10:10:12,952.15,265455
2021-06-24 10:10:13,952.15,265455
2021-06-24 10:10:14,952.15,265455
2021-06-24 10:10:15,952.15,265455
2021-06-24 10:10:16,952.15,265455
2021-06-24 10:10:16,952.15,265455
2021-06-24 10:10:18,952.15,265455
2021-06-24 10:10:19,952.15,265455
2021-06-24 10:10:20,952.15,265455
2021-06-24 10:10:22,952.15,265455
2021-06-24 10:10:23,952.15,265455
2021-06-24 10:10:24,952.15,265455
2021-06-24 10:10:25,952.15,265455
2021-06-24 10:10:25,952.15,265455
2021-06-24 10:10:26,952.1,265456
2021-06-24 10:10:27,952.1,265456
2021-06-24 10:10:29,952.1,265456
2021-06-24 10:10:30,952.1,265456
2021-06-24 10:10:31,952.4,265466
2021-06-24 10:10:32,952.15,265470
2021-06-24 10:10:33,952.15,265520
2021-06-24 10:10:34,952.15,265520
2021-06-24 10:10:35,952.15,265520
2021-06-24 10:10:37,952.15,265520
2021-06-24 10:10:38,952.15,265520
2021-06-24 10:10:40,952.15,265520
2021-06-24 10:10:41,952.15,265520
2021-06-24 10:10:42,952.15,265520
2021-06-24 10:10:43,952.15,265520
2021-06-24 10:10:44,952.4,265523
2021-06-24 10:10:45,952.4,265523
2021-06-24 10:10:46,952.4,265523
2021-06-24 10:10:46,952.4,265523
2021-06-24 10:10:47,952.4,265523
2021-06-24 10:10:49,952.4,265523
2021-06-24 10:10:50,952.4,265523
2021-06-24 10:10:51,952.4,265523
2021-06-24 10:10:52,952.25,265538
2021-06-24 10:10:53,951.95,265738
2021-06-24 10:10:54,951.95,265738
2021-06-24 10:10:55,952.25,265743
2021-06-24 10:10:57,952.0,265808
2021-06-24 10:10:58,952.0,265808
2021-06-24 10:11:00,952.0,265808
2021-06-24 10:11:01,952.0,265808
2021-06-24 10:11:02,951.85,266098
2021-06-24 10:11:03,951.85,266098
2021-06-24 10:11:04,951.85,266098
2021-06-24 10:11:05,951.85,266098
2021-06-24 10:11:06,952.2,266099
2021-06-24 10:11:07,952.2,266099
2021-06-24 10:11:08,952.0,266101
2021-06-24 10:11:09,952.0,266101
2021-06-24 10:11:10,952.0,266101
2021-06-24 10:11:13,952.0,266101
2021-06-24 10:11:13,952.0,266101
2021-06-24 10:11:14,952.0,266101
2021-06-24 10:11:16,952.0,266151
2021-06-24 10:11:17,952.2,266166
2021-06-24 10:11:20,952.2,266176
2021-06-24 10:11:21,952.2,266176
2021-06-24 10:11:23,952.2,266176
2021-06-24 10:11:24,952.0,266177
2021-06-24 10:11:25,952.0,266184
2021-06-24 10:11:27,952.0,266184
2021-06-24 10:11:28,952.0,266184
2021-06-24 10:11:30,952.0,266184
2021-06-24 10:11:31,952.0,266264
2021-06-24 10:11:32,952.0,266264
2021-06-24 10:11:33,952.0,266264
2021-06-24 10:11:34,952.2,266301
2021-06-24 10:11:35,952.0,266311
2021-06-24 10:11:36,952.2,266313
2021-06-24 10:11:37,952.0,266333
2021-06-24 10:11:38,952.0,266333
2021-06-24 10:11:39,952.0,266333
2021-06-24 10:11:40,952.0,266333
2021-06-24 10:11:41,952.0,266333
2021-06-24 10:11:42,952.0,266333
2021-06-24 10:11:43,952.2,266338
2021-06-24 10:11:44,952.2,266338
2021-06-24 10:11:46,952.2,266338
2021-06-24 10:11:49,952.2,266353
2021-06-24 10:11:53,952.2,266353
2021-06-24 10:11:56,952.2,266356
2021-06-24 10:11:59,952.2,266356
2021-06-24 10:12:02,952.2,266421
2021-06-24 10:12:05,952.2,266421
2021-06-24 10:12:08,952.2,266422
2021-06-24 10:12:11,952.2,266545
2021-06-24 10:12:17,952.2,266555
2021-06-24 10:12:20,952.15,266587
2021-06-24 10:12:25,952.0,266693
2021-06-24 10:12:28,952.05,267301
2021-06-24 10:12:31,952.05,267316
2021-06-24 10:12:34,952.05,267316
2021-06-24 10:12:36,952.05,267316
2021-06-24 10:12:39,952.05,267326
2021-06-24 10:12:42,952.0,267376
2021-06-24 10:12:47,951.5,268085
2021-06-24 10:12:50,951.5,268085
2021-06-24 10:12:52,951.5,268085
2021-06-24 10:12:55,951.6,268191
2021-06-24 10:12:58,951.5,268266
2021-06-24 10:13:00,951.6,268512
2021-06-24 10:13:04,951.6,268546
2021-06-24 10:13:07,951.6,268546
2021-06-24 10:13:09,951.7,268747
2021-06-24 10:13:12,951.7,268747
2021-06-24 10:13:15,951.8,268957
2021-06-24 10:13:17,951.5,268982
2021-06-24 10:13:20,951.5,269007
2021-06-24 10:13:22,951.5,269007
2021-06-24 10:13:24,951.9,269507
2021-06-24 10:13:27,951.9,269507
2021-06-24 10:13:29,951.9,269507
2021-06-24 10:13:32,951.9,269507
2021-06-24 10:13:35,951.9,269507
2021-06-24 10:13:38,951.5,269532
2021-06-24 10:13:41,951.5,269533
2021-06-24 10:13:44,951.6,269535
2021-06-24 10:13:46,951.6,269546
2021-06-24 10:13:49,951.6,269551
2021-06-24 10:13:52,951.5,269620
2021-06-24 10:13:54,951.6,269962
2021-06-24 10:14:00,951.35,269975
2021-06-24 10:14:03,951.55,269990
2021-06-24 10:14:06,951.35,269991
2021-06-24 10:14:08,951.3,270021
2021-06-24 10:14:11,951.3,270021
2021-06-24 10:14:13,951.3,270021
2021-06-24 10:14:15,951.55,270027
2021-06-24 10:14:18,951.55,270027
2021-06-24 10:14:21,951.05,271213
2021-06-24 10:14:23,951.05,271213
2021-06-24 10:14:25,951.05,271213
2021-06-24 10:14:28,951.05,271213
2021-06-24 10:14:30,951.8,271692
2021-06-24 10:14:33,951.5,272106
2021-06-24 10:14:36,951.75,272146
2021-06-24 10:14:38,951.75,272146
2021-06-24 10:14:41,951.4,272199
2021-06-24 10:14:43,951.4,272199
2021-06-24 10:14:45,951.75,272254
2021-06-24 10:14:48,951.7,272282
2021-06-24 10:14:51,951.15,272283
2021-06-24 10:14:54,951.15,272283
2021-06-24 10:14:57,951.55,272288
2021-06-24 10:15:00,951.55,272288
2021-06-24 10:15:02,951.55,272288
2021-06-24 10:15:05,951.55,272288
2021-06-24 10:15:08,951.55,272288
2021-06-24 10:15:10,951.55,272288
2021-06-24 10:15:13,951.15,272348
2021-06-24 10:15:16,951.15,272348
2021-06-24 10:15:19,951.45,272351
2021-06-24 10:15:22,951.5,272492
2021-06-24 10:15:25,951.9,273492
2021-06-24 10:15:28,951.9,273492
2021-06-24 10:15:33,951.9,273492
2021-06-24 10:15:36,951.7,273502
2021-06-24 10:15:39,951.45,273511
2021-06-24 10:15:42,951.7,273512
2021-06-24 10:15:45,951.7,273539
2021-06-24 10:15:47,951.45,273598
2021-06-24 10:15:50,951.7,273613
2021-06-24 10:15:53,951.7,273623
2021-06-24 10:15:56,952.0,273767
2021-06-24 10:16:01,952.0,273779
2021-06-24 10:16:05,952.0,273779
2021-06-24 10:16:08,952.0,273784
2021-06-24 10:16:10,951.95,273794
2021-06-24 10:16:13,951.5,273795
2021-06-24 10:16:16,951.5,273795
2021-06-24 10:16:18,951.5,273895
2021-06-24 10:16:21,951.5,274016
2021-06-24 10:16:24,951.5,274017
2021-06-24 10:16:29,951.5,274045
2021-06-24 10:16:32,951.8,274055
2021-06-24 10:16:35,951.8,274055
2021-06-24 10:16:37,951.8,274055
2021-06-24 10:16:40,951.8,274055
2021-06-24 10:16:43,951.45,274156
2021-06-24 10:16:46,951.8,274200
2021-06-24 10:16:49,951.45,274240
2021-06-24 10:16:52,951.45,274240
2021-06-24 10:16:55,951.45,274245
2021-06-24 10:16:58,951.7,274543
2021-06-24 10:17:00,951.7,274543
2021-06-24 10:17:03,951.7,274543
2021-06-24 10:17:09,951.7,274543
2021-06-24 10:17:19,951.8,274886
2021-06-24 10:17:22,951.8,274896
2021-06-24 10:17:24,951.8,274896
2021-06-24 10:17:27,951.4,274921
2021-06-24 10:17:30,951.4,274921
2021-06-24 10:17:33,951.4,274921
2021-06-24 10:17:35,951.4,274921
2021-06-24 10:17:38,951.7,274943
2021-06-24 10:17:40,951.9,275053
2021-06-24 10:17:43,951.85,275227
2021-06-24 10:17:45,951.85,275227
2021-06-24 10:17:47,951.85,275227
2021-06-24 10:17:50,951.25,275228
2021-06-24 10:17:52,951.25,275228
2021-06-24 10:17:54,951.25,275228
2021-06-24 10:17:57,951.25,275228
2021-06-24 10:17:59,951.65,275388
2021-06-24 10:18:02,951.65,275390
2021-06-24 10:18:04,951.65,275390
2021-06-24 10:18:06,951.6,275490
2021-06-24 10:18:09,951.6,275490
2021-06-24 10:18:11,951.6,275490
2021-06-24 10:18:14,951.6,275557
2021-06-24 10:18:17,951.65,275639
2021-06-24 10:18:20,951.65,275642
2021-06-24 10:18:22,951.65,275643
2021-06-24 10:18:26,951.25,275793
2021-06-24 10:18:29,951.25,275794
2021-06-24 10:18:33,951.25,275794
2021-06-24 10:18:36,951.25,275794
2021-06-24 10:18:39,952.0,276049
2021-06-24 10:18:41,952.0,276051
2021-06-24 10:18:45,952.0,276051
2021-06-24 10:18:47,951.65,276058
2021-06-24 10:18:50,951.65,276108
2021-06-24 10:18:53,952.0,276183
2021-06-24 10:18:55,952.0,276269
2021-06-24 10:18:58,951.65,276364
2021-06-24 10:19:01,951.95,276565
2021-06-24 10:19:04,951.95,276565
2021-06-24 10:19:07,952.25,276606
2021-06-24 10:19:10,952.25,276606
2021-06-24 10:19:12,952.25,276606
2021-06-24 10:19:17,952.2,276644
2021-06-24 10:19:20,952.1,279196
2021-06-24 10:19:23,951.9,279835
2021-06-24 10:19:26,951.9,279920
2021-06-24 10:19:29,951.9,279941
2021-06-24 10:19:32,952.0,279971
2021-06-24 10:19:34,952.0,279971
2021-06-24 10:19:36,951.75,280108
2021-06-24 10:19:39,951.75,280108
2021-06-24 10:19:41,951.5,280109
2021-06-24 10:19:44,951.75,280138
2021-06-24 10:19:47,951.75,280138
2021-06-24 10:19:49,951.6,280191
2021-06-24 10:19:53,951.45,280262
2021-06-24 10:19:56,951.45,280267
2021-06-24 10:19:58,951.45,280296
2021-06-24 10:20:01,951.95,280494
2021-06-24 10:20:05,952.35,280743
2021-06-24 10:20:08,951.8,280745
2021-06-24 10:20:11,952.25,280805
2021-06-24 10:20:14,952.25,280835
2021-06-24 10:20:17,953.05,285675
2021-06-24 10:20:19,953.2,286345
2021-06-24 10:20:22,953.0,287036
2021-06-24 10:20:27,953.0,287490
2021-06-24 10:20:31,953.0,287642
2021-06-24 10:20:34,953.0,287642
2021-06-24 10:20:37,953.0,287838
2021-06-24 10:20:40,953.0,287865
2021-06-24 10:20:43,953.0,288280
2021-06-24 10:20:46,953.0,288369
2021-06-24 10:20:49,953.05,288459
2021-06-24 10:20:52,953.15,288751
2021-06-24 10:20:55,953.15,288751
2021-06-24 10:20:57,953.0,288801
2021-06-24 10:21:00,953.0,288894
2021-06-24 10:21:03,953.0,289134
2021-06-24 10:21:06,953.2,289201
2021-06-24 10:21:09,953.25,289305
2021-06-24 10:21:12,953.0,289645
2021-06-24 10:21:17,953.2,289660
2021-06-24 10:21:20,953.05,289686
2021-06-24 10:21:24,953.25,290075
2021-06-24 10:21:26,953.6,290575
2021-06-24 10:21:29,953.6,290575
2021-06-24 10:21:31,953.55,290595
2021-06-24 10:21:34,953.5,290699
2021-06-24 10:21:36,953.55,291110
2021-06-24 10:21:39,953.6,291114
2021-06-24 10:21:41,953.5,291118
2021-06-24 10:21:44,953.5,291118
2021-06-24 10:21:45,953.35,291158
2021-06-24 10:21:46,953.35,291158
2021-06-24 10:21:46,953.35,291158
2021-06-24 10:21:48,953.6,291188
2021-06-24 10:21:49,953.6,291188
2021-06-24 10:21:49,953.6,291188
2021-06-24 10:21:50,953.1,292218
2021-06-24 10:21:51,953.1,292218
2021-06-24 10:21:52,953.1,292218
2021-06-24 10:21:53,953.1,292218
2021-06-24 10:21:54,953.5,292318
2021-06-24 10:21:55,953.5,292318
2021-06-24 10:21:57,953.5,292318
2021-06-24 10:21:58,953.5,292320
2021-06-24 10:21:59,953.5,292320
2021-06-24 10:22:00,953.5,292320
2021-06-24 10:22:01,953.5,292320
2021-06-24 10:22:02,953.5,292320
2021-06-24 10:22:03,953.5,292320
2021-06-24 10:22:04,953.5,292321
2021-06-24 10:22:05,953.5,292321
2021-06-24 10:22:06,953.5,292401
2021-06-24 10:22:07,953.5,292461
2021-06-24 10:22:08,953.5,292461
2021-06-24 10:22:08,953.5,292461
2021-06-24 10:22:10,953.5,292461
2021-06-24 10:22:11,953.5,292461
2021-06-24 10:22:12,953.4,292463
2021-06-24 10:22:13,953.4,292464
2021-06-24 10:22:14,954.15,294186
2021-06-24 10:22:15,954.25,294266
2021-06-24 10:22:16,954.0,294267
2021-06-24 10:22:17,954.0,294355
2021-06-24 10:22:19,954.25,294410
2021-06-24 10:22:20,954.0,294411
2021-06-24 10:22:22,953.7,294433
2021-06-24 10:22:23,953.7,294433
2021-06-24 10:22:24,953.7,294433
2021-06-24 10:22:25,953.45,294539
2021-06-24 10:22:26,953.45,294539
2021-06-24 10:22:27,953.95,294559
2021-06-24 10:22:28,953.95,294559
2021-06-24 10:22:29,953.95,294559
2021-06-24 10:22:30,953.35,295659
2021-06-24 10:22:31,953.95,295660
2021-06-24 10:22:32,953.6,295711
2021-06-24 10:22:33,953.95,295712
2021-06-24 10:22:34,953.95,295727
2021-06-24 10:22:35,953.95,295767
2021-06-24 10:22:36,953.95,295768
2021-06-24 10:22:37,953.6,295769
2021-06-24 10:22:38,953.6,295769
2021-06-24 10:22:39,953.95,295779
2021-06-24 10:22:40,953.95,295779
2021-06-24 10:22:41,953.95,295784
2021-06-24 10:22:42,953.95,295958
2021-06-24 10:22:44,953.95,295958
2021-06-24 10:22:45,953.95,295958
2021-06-24 10:22:46,953.95,295958
2021-06-24 10:22:47,953.95,295958
2021-06-24 10:22:48,953.95,295983
2021-06-24 10:22:49,953.95,295983
2021-06-24 10:22:50,953.6,295993
2021-06-24 10:22:51,953.6,295993
2021-06-24 10:22:52,953.6,295993
2021-06-24 10:22:53,953.95,295994
2021-06-24 10:22:54,953.95,295994
2021-06-24 10:22:55,953.95,295994
2021-06-24 10:22:56,953.95,295994
2021-06-24 10:22:57,953.95,295994
2021-06-24 10:22:58,953.95,295994
2021-06-24 10:22:59,953.95,295994
2021-06-24 10:23:00,953.95,295994
2021-06-24 10:23:01,953.6,296004
2021-06-24 10:23:02,953.85,296013
2021-06-24 10:23:03,953.85,296013
2021-06-24 10:23:04,953.85,296013
2021-06-24 10:23:05,953.85,296013
2021-06-24 10:23:06,953.85,296013
2021-06-24 10:23:07,953.5,296235
2021-06-24 10:23:08,953.35,296364
2021-06-24 10:23:09,953.35,296364
2021-06-24 10:23:10,953.35,296364
2021-06-24 10:23:11,953.35,296364
2021-06-24 10:23:12,953.35,296364
2021-06-24 10:23:14,953.35,296364
2021-06-24 10:23:15,953.35,296364
2021-06-24 10:23:16,953.2,296756
2021-06-24 10:23:17,953.0,296786
2021-06-24 10:23:18,953.0,296786
2021-06-24 10:23:19,953.2,296936
2021-06-24 10:23:20,953.0,298814
2021-06-24 10:23:21,952.55,299019
2021-06-24 10:23:22,952.55,299019
2021-06-24 10:23:23,952.55,299019
2021-06-24 10:23:25,952.6,299119
2021-06-24 10:23:27,952.6,299119
2021-06-24 10:23:28,952.6,299119
2021-06-24 10:23:29,952.55,299169
2021-06-24 10:23:30,952.55,299169
2021-06-24 10:23:31,952.55,299169
2021-06-24 10:23:32,952.5,299269
2021-06-24 10:23:33,952.5,299269
2021-06-24 10:23:34,952.5,299269
2021-06-24 10:23:35,952.5,299269
2021-06-24 10:23:36,952.5,299269
2021-06-24 10:23:37,952.5,299269
2021-06-24 10:23:38,952.5,299269
2021-06-24 10:23:39,952.5,299269
2021-06-24 10:23:40,952.5,299269
2021-06-24 10:23:41,952.5,299269
2021-06-24 10:23:42,952.5,299269
2021-06-24 10:23:43,952.5,299269
2021-06-24 10:23:44,952.5,299269
2021-06-24 10:23:45,952.65,299279
2021-06-24 10:23:46,952.65,299279
2021-06-24 10:23:47,952.65,299307
2021-06-24 10:23:48,952.65,299307
2021-06-24 10:23:49,952.65,299307
2021-06-24 10:23:50,952.65,299307
2021-06-24 10:23:51,952.65,299307
2021-06-24 10:23:52,952.65,299307
2021-06-24 10:23:53,952.8,300909
2021-06-24 10:23:54,952.8,300909
2021-06-24 10:23:55,952.8,300909
2021-06-24 10:23:56,952.8,300909
2021-06-24 10:23:57,952.8,300909
2021-06-24 10:23:58,952.8,300909
2021-06-24 10:23:59,952.8,300909
2021-06-24 10:24:00,952.8,300909
2021-06-24 10:24:01,952.8,300909
2021-06-24 10:24:02,952.8,300909
2021-06-24 10:24:03,952.55,300937
2021-06-24 10:24:04,952.55,300937
2021-06-24 10:24:05,952.55,300937
2021-06-24 10:24:06,952.55,300937
2021-06-24 10:24:07,952.55,300937
2021-06-24 10:24:08,952.55,300937
2021-06-24 10:24:09,952.55,300937
2021-06-24 10:24:10,952.8,301009
2021-06-24 10:24:11,952.8,301009
2021-06-24 10:24:12,952.8,301009
2021-06-24 10:24:13,952.8,301009
2021-06-24 10:24:14,952.8,301347
2021-06-24 10:24:15,952.8,301347
2021-06-24 10:24:16,952.8,301347
2021-06-24 10:24:17,952.8,301367
2021-06-24 10:24:18,952.8,301397
2021-06-24 10:24:19,952.8,301397
2021-06-24 10:24:21,952.8,301397
2021-06-24 10:24:21,952.8,301397
2021-06-24 10:24:23,952.8,301397
2021-06-24 10:24:24,952.8,301399
2021-06-24 10:24:25,952.8,301399
2021-06-24 10:24:26,952.8,301417
2021-06-24 10:24:27,952.8,301417
2021-06-24 10:24:28,952.8,301417
2021-06-24 10:24:30,952.8,301417
2021-06-24 10:24:31,952.8,301417
2021-06-24 10:24:32,953.2,301900
2021-06-24 10:24:34,953.65,302203
2021-06-24 10:24:34,953.6,302283
2021-06-24 10:24:36,953.6,302283
2021-06-24 10:24:36,953.6,302283
2021-06-24 10:24:37,953.6,302283
2021-06-24 10:24:39,953.6,302283
2021-06-24 10:24:40,953.6,302283
2021-06-24 10:24:40,953.6,302283
2021-06-24 10:24:41,953.6,302283
2021-06-24 10:24:42,953.6,302283
2021-06-24 10:24:43,953.45,302383
2021-06-24 10:24:44,953.45,302383
2021-06-24 10:24:45,953.45,302383
2021-06-24 10:24:46,953.45,302383
2021-06-24 10:24:47,953.45,302383
2021-06-24 10:24:48,953.45,302394
2021-06-24 10:24:49,953.45,302394
2021-06-24 10:24:50,953.45,302394
2021-06-24 10:24:51,953.45,302394
2021-06-24 10:24:52,953.45,302394
2021-06-24 10:24:53,953.45,302394
2021-06-24 10:24:54,953.1,302494
2021-06-24 10:24:55,953.1,302494
2021-06-24 10:24:56,953.1,302494
2021-06-24 10:24:57,953.55,303144
2021-06-24 10:24:58,953.45,303244
2021-06-24 10:24:59,953.45,303244
2021-06-24 10:25:00,953.4,303248
2021-06-24 10:25:01,953.4,303258
2021-06-24 10:25:02,953.4,303261
2021-06-24 10:25:03,953.4,303276
2021-06-24 10:25:05,953.4,303317
2021-06-24 10:25:05,953.4,303346
2021-06-24 10:25:07,953.5,303532
2021-06-24 10:25:07,953.5,303532
2021-06-24 10:25:08,953.5,303534
2021-06-24 10:25:09,953.5,303534
2021-06-24 10:25:10,953.5,303618
2021-06-24 10:25:11,953.9,304877
2021-06-24 10:25:12,954.2,305646
2021-06-24 10:25:13,954.2,306134
2021-06-24 10:25:15,953.75,306236
2021-06-24 10:25:16,953.75,306236
2021-06-24 10:25:16,953.75,306236
2021-06-24 10:25:17,953.75,306236
2021-06-24 10:25:18,954.2,306349
2021-06-24 10:25:19,954.0,306949
2021-06-24 10:25:20,954.0,306949
2021-06-24 10:25:21,953.2,307049
2021-06-24 10:25:22,953.6,307099
2021-06-24 10:25:23,953.6,307104
2021-06-24 10:25:24,953.6,307104
2021-06-24 10:25:25,953.6,307310
2021-06-24 10:25:26,953.6,307310
2021-06-24 10:25:27,953.5,307320
2021-06-24 10:25:28,953.6,307970
2021-06-24 10:25:29,953.6,307970
2021-06-24 10:25:30,953.6,307970
2021-06-24 10:25:31,953.6,307970
2021-06-24 10:25:33,953.6,307970
2021-06-24 10:25:33,953.6,307970
2021-06-24 10:25:34,953.1,308285
2021-06-24 10:25:35,953.1,308285
2021-06-24 10:25:36,953.1,308285
2021-06-24 10:25:37,953.1,308285
2021-06-24 10:25:39,953.1,308285
2021-06-24 10:25:39,953.1,308285
2021-06-24 10:25:41,953.1,308285
2021-06-24 10:25:41,953.1,308285
2021-06-24 10:25:42,953.5,308310
2021-06-24 10:25:43,953.5,308310
2021-06-24 10:25:44,953.3,308312
2021-06-24 10:25:45,953.3,308312
2021-06-24 10:25:46,953.3,308312
2021-06-24 10:25:47,953.3,308312
2021-06-24 10:25:48,953.0,308812
2021-06-24 10:25:49,953.45,309086
2021-06-24 10:25:51,953.45,309086
2021-06-24 10:25:51,953.45,309086
2021-06-24 10:25:53,953.45,309086
2021-06-24 10:25:54,953.45,309086
2021-06-24 10:25:55,953.45,309086
2021-06-24 10:25:56,953.45,309086
2021-06-24 10:25:56,953.45,309086
2021-06-24 10:25:57,953.45,309086
2021-06-24 10:25:58,953.45,309086
2021-06-24 10:26:00,953.45,309086
2021-06-24 10:26:01,953.05,309091
2021-06-24 10:26:02,953.05,309091
2021-06-24 10:26:03,953.45,309741
2021-06-24 10:26:05,953.45,309741
2021-06-24 10:26:06,953.45,309741
2021-06-24 10:26:07,953.45,309741
2021-06-24 10:26:08,953.3,309756
2021-06-24 10:26:09,953.3,309770
2021-06-24 10:26:11,953.3,309770
2021-06-24 10:26:11,953.3,309770
2021-06-24 10:26:12,953.3,309770
2021-06-24 10:26:13,953.3,309770
2021-06-24 10:26:14,953.0,309941
2021-06-24 10:26:15,953.0,309941
2021-06-24 10:26:16,953.0,309941
2021-06-24 10:26:17,953.0,309941
2021-06-24 10:26:18,953.0,310006
2021-06-24 10:26:20,952.9,311133
2021-06-24 10:26:20,952.9,311133
2021-06-24 10:26:21,952.9,311133
2021-06-24 10:26:22,953.1,311143
2021-06-24 10:26:24,953.0,311198
2021-06-24 10:26:25,952.2,311976
2021-06-24 10:26:25,952.2,311976
2021-06-24 10:26:26,952.2,311976
2021-06-24 10:26:27,952.8,311981
2021-06-24 10:26:28,952.8,311981
2021-06-24 10:26:29,952.8,311981
2021-06-24 10:26:31,952.8,311981
2021-06-24 10:26:32,952.8,311981
2021-06-24 10:26:33,952.8,311981
2021-06-24 10:26:34,952.75,312096
2021-06-24 10:26:34,953.4,312641
2021-06-24 10:26:35,953.4,312641
2021-06-24 10:26:36,953.4,312641
2021-06-24 10:26:38,952.9,312644
2021-06-24 10:26:38,953.4,312641
2021-06-24 10:26:40,952.9,312650
2021-06-24 10:26:40,952.9,312650
2021-06-24 10:26:41,952.9,312650
2021-06-24 10:26:42,952.9,312650
2021-06-24 10:26:43,952.8,312652
2021-06-24 10:26:44,953.25,312654
2021-06-24 10:26:45,953.25,312654
2021-06-24 10:26:48,952.75,312674
2021-06-24 10:26:50,953.2,312724
2021-06-24 10:26:53,953.2,312724
2021-06-24 10:26:56,953.2,312724
2021-06-24 10:26:59,953.15,312726
2021-06-24 10:27:01,953.15,312726
2021-06-24 10:27:04,953.15,312726
2021-06-24 10:27:07,953.15,312775
2021-06-24 10:27:10,953.15,312775
2021-06-24 10:27:12,953.2,312795
2021-06-24 10:27:15,953.2,312795
2021-06-24 10:27:17,953.2,312795
2021-06-24 10:27:19,953.15,312845
2021-06-24 10:27:21,953.15,312850
2021-06-24 10:27:24,952.8,314735
2021-06-24 10:27:26,952.8,314735
2021-06-24 10:27:28,952.8,314735
2021-06-24 10:27:30,952.9,314736
2021-06-24 10:27:33,952.9,314836
2021-06-24 10:27:35,952.9,314936
2021-06-24 10:27:37,952.9,314936
2021-06-24 10:27:39,952.9,314936
2021-06-24 10:27:41,952.8,315143
2021-06-24 10:27:43,952.6,315298
2021-06-24 10:27:45,952.6,315298
2021-06-24 10:27:48,952.0,315708
2021-06-24 10:27:50,952.0,315708
2021-06-24 10:27:53,952.2,315709
2021-06-24 10:27:55,952.2,315709
2021-06-24 10:27:57,952.2,315709
2021-06-24 10:27:59,952.0,315714
2021-06-24 10:28:02,952.0,316006
2021-06-24 10:28:04,952.0,316036
2021-06-24 10:28:07,952.0,316052
2021-06-24 10:28:09,952.05,316152
2021-06-24 10:28:12,952.05,316229
2021-06-24 10:28:14,952.05,316313
2021-06-24 10:28:16,952.05,316315
2021-06-24 10:28:19,952.05,316376
2021-06-24 10:28:22,952.0,316768
2021-06-24 10:28:24,952.0,316768
2021-06-24 10:28:28,951.75,316978
2021-06-24 10:28:31,951.85,316982
2021-06-24 10:28:34,951.75,316984
2021-06-24 10:28:36,951.5,317043
2021-06-24 10:28:38,951.55,317044
2021-06-24 10:28:40,951.5,317072
2021-06-24 10:28:43,951.7,318569
2021-06-24 10:28:45,951.7,320111
2021-06-24 10:28:48,951.7,320111
2021-06-24 10:28:50,951.65,320187
2021-06-24 10:28:52,951.3,321583
2021-06-24 10:28:54,951.55,321587
2021-06-24 10:28:56,951.5,321671
2021-06-24 10:28:59,951.5,321671
2021-06-24 10:29:02,951.2,323667
2021-06-24 10:29:04,951.25,323668
2021-06-24 10:29:07,951.25,324077
2021-06-24 10:29:09,951.15,324104
2021-06-24 10:29:11,951.15,324266
2021-06-24 10:29:13,951.1,324307
2021-06-24 10:29:15,950.95,329541
2021-06-24 10:29:18,950.95,329541
2021-06-24 10:29:20,950.6,329549
2021-06-24 10:29:22,950.6,329549
2021-06-24 10:29:24,950.65,329559
2021-06-24 10:29:27,950.7,329610
2021-06-24 10:29:29,950.65,329725
2021-06-24 10:29:32,951.05,330394
2021-06-24 10:29:35,950.8,330444
2021-06-24 10:29:37,950.8,330444
2021-06-24 10:29:42,951.0,331299
2021-06-24 10:29:45,951.0,331412
2021-06-24 10:29:48,951.0,331415
2021-06-24 10:29:50,950.9,331438
2021-06-24 10:29:53,950.9,331439
2021-06-24 10:29:55,951.1,332153
2021-06-24 10:29:58,951.1,332153
2021-06-24 10:30:00,951.1,332153
2021-06-24 10:30:03,950.3,335698
2021-06-24 10:30:05,950.7,335723
2021-06-24 10:30:08,950.4,335758
2021-06-24 10:30:13,950.65,335761
2021-06-24 10:30:15,950.3,335841
2021-06-24 10:30:17,950.3,335881
2021-06-24 10:30:19,950.7,336391
2021-06-24 10:30:24,950.65,336430
2021-06-24 10:30:26,950.3,336513
2021-06-24 10:30:29,950.35,336628
2021-06-24 10:30:32,950.35,338061
2021-06-24 10:30:34,950.35,338416
2021-06-24 10:30:37,950.65,338417
2021-06-24 10:30:39,950.65,338417
2021-06-24 10:30:42,950.65,338519
2021-06-24 10:30:44,951.2,338669
2021-06-24 10:30:46,951.15,338685
2021-06-24 10:30:49,951.15,338685
2021-06-24 10:30:52,951.15,338685
2021-06-24 10:30:54,950.7,338906
2021-06-24 10:30:57,950.8,338922
2021-06-24 10:31:00,950.8,338922
2021-06-24 10:31:02,951.0,339652
2021-06-24 10:31:05,951.0,340452
2021-06-24 10:31:07,951.0,340452
2021-06-24 10:31:10,951.0,340452
2021-06-24 10:31:12,951.0,340452
2021-06-24 10:31:14,951.0,340452
2021-06-24 10:31:17,950.4,340467
2021-06-24 10:31:20,950.85,340472
2021-06-24 10:31:23,950.85,340472
2021-06-24 10:31:26,950.8,340473
2021-06-24 10:31:28,950.85,340574
2021-06-24 10:31:31,950.85,340624
2021-06-24 10:31:34,950.5,340649
2021-06-24 10:31:36,950.5,340649
2021-06-24 10:31:39,950.85,340669
2021-06-24 10:31:41,950.85,340669
2021-06-24 10:31:44,950.85,340671
2021-06-24 10:31:45,950.85,340671
2021-06-24 10:31:46,950.85,340671
2021-06-24 10:31:47,950.85,340686
2021-06-24 10:31:48,950.85,340686
2021-06-24 10:31:49,950.85,340686
2021-06-24 10:31:50,950.85,340686
2021-06-24 10:31:51,950.5,340687
2021-06-24 10:31:52,950.5,340687
2021-06-24 10:31:53,950.5,340687
2021-06-24 10:31:53,950.5,340687
2021-06-24 10:31:54,950.5,340687
2021-06-24 10:31:56,950.5,340687
2021-06-24 10:31:57,950.5,340687
2021-06-24 10:31:59,951.0,340839
2021-06-24 10:32:00,951.0,340839
2021-06-24 10:32:01,951.0,340839
2021-06-24 10:32:02,950.9,341719
2021-06-24 10:32:04,950.9,341719
2021-06-24 10:32:05,950.9,341719
2021-06-24 10:32:06,950.9,341719
2021-06-24 10:32:07,950.9,341719
2021-06-24 10:32:09,950.35,342364
2021-06-24 10:32:08,950.8,341720
2021-06-24 10:32:10,950.55,342379
2021-06-24 10:32:11,950.55,342379
2021-06-24 10:32:12,950.55,342379
2021-06-24 10:32:14,950.5,342500
2021-06-24 10:32:13,950.5,342500
2021-06-24 10:32:15,950.5,342500
2021-06-24 10:32:16,950.5,342500
2021-06-24 10:32:17,950.5,342500
2021-06-24 10:32:19,950.2,343268
2021-06-24 10:32:18,950.2,343268
2021-06-24 10:32:20,950.4,343269
2021-06-24 10:32:21,950.4,343269
2021-06-24 10:32:22,950.1,343293
2021-06-24 10:32:23,950.1,343293
2021-06-24 10:32:24,950.1,343343
2021-06-24 10:32:25,950.1,343343
2021-06-24 10:32:26,950.1,343343
2021-06-24 10:32:27,950.1,343411
2021-06-24 10:32:28,950.4,343413
2021-06-24 10:32:29,950.4,343414
2021-06-24 10:32:31,950.4,343414
2021-06-24 10:32:31,950.4,343414
2021-06-24 10:32:32,950.4,343414
2021-06-24 10:32:33,950.4,343414
2021-06-24 10:32:35,950.4,343414
2021-06-24 10:32:36,950.4,343414
2021-06-24 10:32:37,950.4,343414
2021-06-24 10:32:38,949.7,358856
2021-06-24 10:32:39,949.85,358861
2021-06-24 10:32:39,949.75,358902
2021-06-24 10:32:40,949.75,359914
2021-06-24 10:32:41,949.75,361342
2021-06-24 10:32:42,949.75,361992
2021-06-24 10:32:43,949.75,367712
2021-06-24 10:32:44,949.65,368631
2021-06-24 10:32:45,949.6,369101
2021-06-24 10:32:47,949.7,369110
2021-06-24 10:32:48,949.75,369161
2021-06-24 10:32:49,949.75,369169
2021-06-24 10:32:50,949.75,370027
2021-06-24 10:32:51,949.9,370284
2021-06-24 10:32:52,949.8,370379
2021-06-24 10:32:53,949.45,370399
2021-06-24 10:32:54,949.75,370400
2021-06-24 10:32:55,949.65,370423
2021-06-24 10:32:56,949.65,370427
2021-06-24 10:32:57,949.65,370437
2021-06-24 10:32:58,949.65,370439
2021-06-24 10:32:59,949.65,370444
2021-06-24 10:33:00,949.75,370724
2021-06-24 10:33:01,949.8,370848
2021-06-24 10:33:02,949.85,370858
2021-06-24 10:33:03,949.9,370859
2021-06-24 10:33:04,949.85,370862
2021-06-24 10:33:05,950.0,371605
2021-06-24 10:33:06,950.0,371605
2021-06-24 10:33:07,950.0,372088
2021-06-24 10:33:08,950.0,372293
2021-06-24 10:33:09,950.4,372493
2021-06-24 10:33:10,950.1,372495
2021-06-24 10:33:11,950.0,372765
2021-06-24 10:33:12,950.0,372765
2021-06-24 10:33:13,950.0,372869
2021-06-24 10:33:14,950.0,372869
2021-06-24 10:33:15,950.0,372869
2021-06-24 10:33:16,950.0,372869
2021-06-24 10:33:17,950.0,372869
2021-06-24 10:33:18,950.0,372869
2021-06-24 10:33:19,950.4,372971
2021-06-24 10:33:20,950.4,372971
2021-06-24 10:33:21,950.1,373165
2021-06-24 10:33:22,950.1,373166
2021-06-24 10:33:23,950.1,373166
2021-06-24 10:33:24,950.1,373166
2021-06-24 10:33:25,950.1,373166
2021-06-24 10:33:26,950.1,373166
2021-06-24 10:33:27,950.1,373166
2021-06-24 10:33:28,950.1,373166
2021-06-24 10:33:29,950.1,373166
2021-06-24 10:33:30,950.1,373166
2021-06-24 10:33:31,950.1,373166
2021-06-24 10:33:32,950.1,373166
2021-06-24 10:33:33,950.3,373366
2021-06-24 10:33:34,950.3,373366
2021-06-24 10:33:35,950.0,373367
2021-06-24 10:33:36,950.3,373369
2021-06-24 10:33:37,950.3,373369
2021-06-24 10:33:38,950.2,373370
2021-06-24 10:33:39,950.2,373375
2021-06-24 10:33:40,950.0,373575
2021-06-24 10:33:41,950.2,373605
2021-06-24 10:33:42,950.2,373653
2021-06-24 10:33:43,950.2,373653
2021-06-24 10:33:44,950.2,373663
2021-06-24 10:33:45,950.0,373681
2021-06-24 10:33:47,950.2,373683
2021-06-24 10:33:46,950.2,373683
2021-06-24 10:33:48,950.2,373683
2021-06-24 10:33:49,950.2,373683
2021-06-24 10:33:50,950.0,373810
2021-06-24 10:33:52,950.0,373810
2021-06-24 10:33:53,950.2,373811
2021-06-24 10:33:54,950.2,373811
2021-06-24 10:33:55,950.2,373912
2021-06-24 10:33:56,950.05,373913
2021-06-24 10:33:57,950.05,373913
2021-06-24 10:33:59,950.0,374057
2021-06-24 10:34:00,950.0,374057
2021-06-24 10:34:01,950.2,374058
2021-06-24 10:34:02,950.2,374058
2021-06-24 10:34:03,950.0,374108
2021-06-24 10:34:04,950.0,374108
2021-06-24 10:34:05,950.0,374108
2021-06-24 10:34:06,950.0,374108
2021-06-24 10:34:07,950.0,374108
2021-06-24 10:34:08,950.0,374108
2021-06-24 10:34:09,950.25,374570
2021-06-24 10:34:10,950.0,374824
2021-06-24 10:34:11,950.0,374824
2021-06-24 10:34:12,950.0,374824
2021-06-24 10:34:13,950.0,374824
2021-06-24 10:34:14,950.0,374824
2021-06-24 10:34:15,950.0,374824
2021-06-24 10:34:16,950.0,374824
2021-06-24 10:34:17,950.3,374825
2021-06-24 10:34:18,950.3,374825
2021-06-24 10:34:19,950.3,374825
2021-06-24 10:34:20,950.3,374825
2021-06-24 10:34:21,950.3,374825
2021-06-24 10:34:22,950.3,374875
2021-06-24 10:34:23,950.3,374875
2021-06-24 10:34:24,950.3,374875
2021-06-24 10:34:25,950.3,374875
2021-06-24 10:34:26,950.3,374875
2021-06-24 10:34:27,950.3,374875
2021-06-24 10:34:28,950.3,374875
2021-06-24 10:34:29,950.3,374976
2021-06-24 10:34:30,950.3,374976
2021-06-24 10:34:31,950.3,374976
2021-06-24 10:34:32,950.3,374991
2021-06-24 10:34:33,949.95,378359
2021-06-24 10:34:34,949.9,378622
2021-06-24 10:34:35,949.95,378661
2021-06-24 10:34:36,949.9,378668
2021-06-24 10:34:37,949.8,378957
2021-06-24 10:34:38,949.7,379462
2021-06-24 10:34:39,949.65,379661
2021-06-24 10:34:40,949.75,379691
2021-06-24 10:34:41,949.75,379696
2021-06-24 10:34:42,949.75,379696
2021-06-24 10:34:43,949.8,379796
2021-06-24 10:34:44,949.8,379796
2021-06-24 10:34:45,949.8,379796
2021-06-24 10:34:46,949.8,379796
2021-06-24 10:34:47,949.8,379796
2021-06-24 10:34:48,949.8,379811
2021-06-24 10:34:49,949.8,379811
2021-06-24 10:34:50,949.8,379812
2021-06-24 10:34:51,949.8,379820
2021-06-24 10:34:52,949.8,379821
2021-06-24 10:34:53,949.75,379822
2021-06-24 10:34:54,949.8,379824
2021-06-24 10:34:55,949.8,379824
2021-06-24 10:34:56,949.75,379825
2021-06-24 10:34:57,949.75,379826
2021-06-24 10:34:58,949.75,379849
2021-06-24 10:34:59,949.75,379902
2021-06-24 10:35:00,949.8,379991
2021-06-24 10:35:01,949.65,380009
2021-06-24 10:35:02,949.65,380023
2021-06-24 10:35:03,949.75,380025
2021-06-24 10:35:04,949.75,380026
2021-06-24 10:35:05,949.75,380028
2021-06-24 10:35:06,949.65,380038
2021-06-24 10:35:07,949.75,380040
2021-06-24 10:35:08,949.75,380060
2021-06-24 10:35:09,949.75,380070
2021-06-24 10:35:10,949.75,380096
2021-06-24 10:35:11,949.75,380201
2021-06-24 10:35:12,949.75,380219
2021-06-24 10:35:13,949.75,380222
2021-06-24 10:35:14,949.75,380313
2021-06-24 10:35:16,949.9,380428
2021-06-24 10:35:16,949.9,380428
2021-06-24 10:35:17,949.9,380428
2021-06-24 10:35:18,949.9,380428
2021-06-24 10:35:19,949.95,380529
2021-06-24 10:35:20,949.95,380529
2021-06-24 10:35:21,949.95,380529
2021-06-24 10:35:22,949.9,380535
2021-06-24 10:35:23,949.95,380536
2021-06-24 10:35:24,949.75,380605
2021-06-24 10:35:25,949.85,380691
2021-06-24 10:35:26,949.95,381279
2021-06-24 10:35:27,949.95,381279
2021-06-24 10:35:28,949.95,381279
2021-06-24 10:35:29,949.95,381399
2021-06-24 10:35:30,949.9,381422
2021-06-24 10:35:31,949.9,381427
2021-06-24 10:35:32,949.9,381566
2021-06-24 10:35:33,949.95,381587
2021-06-24 10:35:34,949.9,381609
2021-06-24 10:35:35,949.9,381653
2021-06-24 10:35:36,949.95,381687
2021-06-24 10:35:37,949.95,381687
2021-06-24 10:35:38,949.95,382387
2021-06-24 10:35:39,949.95,382592
2021-06-24 10:35:40,949.95,382623
2021-06-24 10:35:41,949.65,382697
2021-06-24 10:35:42,949.65,382697
2021-06-24 10:35:43,949.9,382897
2021-06-24 10:35:44,949.9,383029
2021-06-24 10:35:45,949.85,383050
2021-06-24 10:35:46,949.75,383085
2021-06-24 10:35:47,949.75,383085
2021-06-24 10:35:48,949.75,383085
2021-06-24 10:35:49,949.75,383085
2021-06-24 10:35:50,949.85,383095
2021-06-24 10:35:51,949.9,383098
2021-06-24 10:35:52,949.9,383103
2021-06-24 10:35:53,949.9,383103
2021-06-24 10:35:54,949.65,383258
2021-06-24 10:35:55,949.65,383258
2021-06-24 10:35:56,949.65,383258
2021-06-24 10:35:57,949.65,383258
2021-06-24 10:35:58,949.75,383263
2021-06-24 10:35:59,949.9,383268
2021-06-24 10:36:00,949.9,383268
2021-06-24 10:36:01,949.75,383683
2021-06-24 10:36:02,949.8,384395
2021-06-24 10:36:03,949.75,384441
2021-06-24 10:36:04,949.85,384448
2021-06-24 10:36:05,949.85,384449
2021-06-24 10:36:06,949.75,384519
2021-06-24 10:36:07,949.85,385616
2021-06-24 10:36:08,949.85,385616
2021-06-24 10:36:09,949.85,385616
2021-06-24 10:36:10,949.75,385744
2021-06-24 10:36:12,949.85,385757
2021-06-24 10:36:12,949.9,385759
2021-06-24 10:36:13,949.9,385924
2021-06-24 10:36:14,949.9,385962
2021-06-24 10:36:15,949.9,385968
2021-06-24 10:36:16,949.9,385981
2021-06-24 10:36:17,949.9,385981
2021-06-24 10:36:18,949.9,385981
2021-06-24 10:36:19,949.85,385983
2021-06-24 10:36:20,949.85,385987
2021-06-24 10:36:21,949.85,385988
2021-06-24 10:36:22,949.85,385991
2021-06-24 10:36:23,949.85,386003
2021-06-24 10:36:24,949.75,386254
2021-06-24 10:36:25,949.85,386322
2021-06-24 10:36:26,949.85,386336
2021-06-24 10:36:27,949.85,386349
2021-06-24 10:36:28,949.85,386351
2021-06-24 10:36:29,949.85,386358
2021-06-24 10:36:30,949.85,386359
2021-06-24 10:36:31,949.75,386361
2021-06-24 10:36:32,949.85,386365
2021-06-24 10:36:33,949.85,386366
2021-06-24 10:36:34,949.8,386367
2021-06-24 10:36:35,949.85,386452
2021-06-24 10:36:36,949.8,386477
2021-06-24 10:36:37,949.85,386696
2021-06-24 10:36:38,949.75,386803
2021-06-24 10:36:40,949.85,386822
2021-06-24 10:36:40,949.85,386819
2021-06-24 10:36:41,949.85,386828
2021-06-24 10:36:42,949.85,386830
2021-06-24 10:36:43,949.85,386830
2021-06-24 10:36:44,949.85,386874
2021-06-24 10:36:45,949.85,386881
2021-06-24 10:36:47,949.85,386887
2021-06-24 10:36:49,949.85,386892
2021-06-24 10:36:52,949.85,386893
2021-06-24 10:36:54,949.9,386909
2021-06-24 10:36:56,949.9,386916
2021-06-24 10:37:01,949.9,386939
2021-06-24 10:37:03,949.9,387150
2021-06-24 10:37:06,949.85,387844
2021-06-24 10:37:09,949.9,388002
2021-06-24 10:37:12,949.9,388083
2021-06-24 10:37:14,949.95,388095
2021-06-24 10:37:17,949.95,388147
2021-06-24 10:37:20,949.95,388163
2021-06-24 10:37:22,949.95,388175
2021-06-24 10:37:24,949.95,388187
2021-06-24 10:37:26,949.95,388189
2021-06-24 10:37:28,949.95,388414
2021-06-24 10:37:30,949.95,388448
2021-06-24 10:37:32,949.95,388558
2021-06-24 10:37:34,949.95,388875
2021-06-24 10:37:36,949.95,388922
2021-06-24 10:37:38,949.95,388929
2021-06-24 10:37:40,949.95,389040
2021-06-24 10:37:42,949.95,389067
2021-06-24 10:37:44,949.95,389126
2021-06-24 10:37:49,949.95,389787
2021-06-24 10:37:51,950.3,389838
2021-06-24 10:37:54,950.25,389840
2021-06-24 10:37:56,950.25,389840
2021-06-24 10:37:58,950.25,389840
2021-06-24 10:38:00,950.25,389840
2021-06-24 10:38:02,950.0,389942
2021-06-24 10:38:04,950.3,389975
2021-06-24 10:38:06,949.85,390040
2021-06-24 10:38:08,949.8,390160
2021-06-24 10:38:10,949.8,390160
2021-06-24 10:38:12,949.8,390160
2021-06-24 10:38:15,950.25,390250
2021-06-24 10:38:17,950.25,390250
2021-06-24 10:38:19,950.25,390250
2021-06-24 10:38:21,950.25,390250
2021-06-24 10:38:23,950.25,390250
2021-06-24 10:38:25,950.0,390285
2021-06-24 10:38:27,949.95,390725
2021-06-24 10:38:29,949.95,390725
2021-06-24 10:38:31,949.6,391016
2021-06-24 10:38:34,949.7,391028
2021-06-24 10:38:36,949.7,391062
2021-06-24 10:38:38,949.85,391122
2021-06-24 10:38:40,949.85,391309
2021-06-24 10:38:42,949.85,391309
2021-06-24 10:38:44,949.6,391819
2021-06-24 10:38:46,949.75,391905
2021-06-24 10:38:48,949.95,392045
2021-06-24 10:38:51,949.7,392048
2021-06-24 10:38:53,949.75,392062
2021-06-24 10:38:55,949.75,392071
2021-06-24 10:38:57,949.8,392072
2021-06-24 10:38:59,949.85,393113
2021-06-24 10:39:01,949.5,394143
2021-06-24 10:39:03,949.65,394708
2021-06-24 10:39:05,949.6,394875
2021-06-24 10:39:07,949.8,395849
2021-06-24 10:39:09,949.8,395849
2021-06-24 10:39:13,949.65,396079
2021-06-24 10:39:15,949.65,396148
2021-06-24 10:39:18,949.75,396164
2021-06-24 10:39:20,949.85,396171
2021-06-24 10:39:22,949.75,396826
2021-06-24 10:39:24,949.95,396876
2021-06-24 10:39:26,949.75,397427
2021-06-24 10:39:29,949.8,397429
2021-06-24 10:39:32,950.0,397468
2021-06-24 10:39:35,950.0,397474
2021-06-24 10:39:37,950.2,397529
2021-06-24 10:39:39,949.95,397594
2021-06-24 10:39:42,950.15,397609
2021-06-24 10:39:45,950.0,397614
2021-06-24 10:39:47,949.7,397814
2021-06-24 10:39:50,950.15,397867
2021-06-24 10:39:52,950.15,397997
2021-06-24 10:39:55,950.15,397997
2021-06-24 10:39:57,950.15,397997
2021-06-24 10:39:59,950.0,398007
2021-06-24 10:40:01,950.0,398007
2021-06-24 10:40:04,950.05,398122
2021-06-24 10:40:07,950.2,399654
2021-06-24 10:40:10,950.35,400170
2021-06-24 10:40:13,950.35,400821
2021-06-24 10:40:15,950.35,400821
2021-06-24 10:40:17,950.35,400821
2021-06-24 10:40:19,950.3,400824
2021-06-24 10:40:22,950.3,400835
2021-06-24 10:40:24,950.3,400885
2021-06-24 10:40:26,950.3,400885
2021-06-24 10:40:29,950.5,400985
2021-06-24 10:40:31,950.55,401035
2021-06-24 10:40:33,950.55,401035
2021-06-24 10:40:37,950.55,401045
2021-06-24 10:40:39,950.55,401045
2021-06-24 10:40:42,950.55,401047
2021-06-24 10:40:44,950.55,401049
2021-06-24 10:40:47,950.55,401049
2021-06-24 10:40:49,950.65,401081
2021-06-24 10:40:52,950.55,401582
2021-06-24 10:40:54,950.55,401582
2021-06-24 10:40:57,950.6,401602
2021-06-24 10:40:59,950.55,401603
2021-06-24 10:41:01,950.55,401603
2021-06-24 10:41:04,950.55,401603
2021-06-24 10:41:06,950.6,401803
2021-06-24 10:41:08,950.6,401803
2021-06-24 10:41:11,950.6,401803
2021-06-24 10:41:15,950.6,401803
2021-06-24 10:41:20,950.6,401803
2021-06-24 10:41:22,950.55,401804
2021-06-24 10:41:24,950.55,401804
2021-06-24 10:41:27,950.55,401804
2021-06-24 10:41:31,950.6,401905
2021-06-24 10:41:33,950.55,401955
2021-06-24 10:41:35,950.6,401970
2021-06-24 10:41:38,950.55,402020
2021-06-24 10:41:40,950.55,402020
2021-06-24 10:41:42,950.55,402020
2021-06-24 10:41:44,950.55,402035
2021-06-24 10:41:45,950.55,402035
2021-06-24 10:41:46,950.1,402293
2021-06-24 10:41:46,950.1,402293
2021-06-24 10:41:47,950.1,402293
2021-06-24 10:41:48,950.1,402293
2021-06-24 10:41:49,950.1,402293
2021-06-24 10:41:51,950.45,402294
2021-06-24 10:41:52,950.45,402298
2021-06-24 10:41:53,950.45,402298
2021-06-24 10:41:54,950.45,402298
2021-06-24 10:41:55,950.45,402298
2021-06-24 10:41:56,950.45,402298
2021-06-24 10:41:57,950.45,402298
2021-06-24 10:41:58,950.1,402318
2021-06-24 10:41:59,950.1,402318
2021-06-24 10:42:00,950.1,402318
2021-06-24 10:42:01,950.1,402318
2021-06-24 10:42:02,950.1,402318
2021-06-24 10:42:03,950.45,402323
2021-06-24 10:42:04,950.55,402373
2021-06-24 10:42:05,951.15,407878
2021-06-24 10:42:06,950.95,407978
2021-06-24 10:42:07,950.95,407978
2021-06-24 10:42:08,950.95,407978
2021-06-24 10:42:09,950.85,407979
2021-06-24 10:42:10,951.0,409375
2021-06-24 10:42:11,951.0,409375
2021-06-24 10:42:12,951.0,409375
2021-06-24 10:42:13,951.0,409375
2021-06-24 10:42:15,950.85,410036
2021-06-24 10:42:15,950.85,410036
2021-06-24 10:42:16,950.2,410387
2021-06-24 10:42:18,950.2,410387
2021-06-24 10:42:19,950.6,410397
2021-06-24 10:42:20,950.6,410397
2021-06-24 10:42:21,950.6,410397
2021-06-24 10:42:22,950.6,410397
2021-06-24 10:42:23,950.6,410397
2021-06-24 10:42:24,950.6,410402
2021-06-24 10:42:25,950.6,410402
2021-06-24 10:42:26,950.6,410402
2021-06-24 10:42:27,950.6,410402
2021-06-24 10:42:28,950.6,410402
2021-06-24 10:42:29,950.6,410402
2021-06-24 10:42:30,950.8,410602
2021-06-24 10:42:31,950.8,410602
2021-06-24 10:42:32,950.8,410602
2021-06-24 10:42:33,950.25,410668
2021-06-24 10:42:34,950.25,410668
2021-06-24 10:42:35,950.25,410668
2021-06-24 10:42:36,950.25,410668
2021-06-24 10:42:37,950.65,410768
2021-06-24 10:42:38,950.65,410768
2021-06-24 10:42:39,950.65,410768
2021-06-24 10:42:40,950.0,411635
2021-06-24 10:42:40,950.0,411635
2021-06-24 10:42:41,950.0,411635
2021-06-24 10:42:42,950.0,411635
2021-06-24 10:42:43,950.0,411635
2021-06-24 10:42:44,950.0,411635
2021-06-24 10:42:45,950.0,411635
2021-06-24 10:42:46,950.0,411635
2021-06-24 10:42:47,950.0,411735
2021-06-24 10:42:49,950.0,411735
2021-06-24 10:42:50,950.4,411738
2021-06-24 10:42:51,950.4,411739
2021-06-24 10:42:52,950.4,411745
2021-06-24 10:42:53,950.4,411745
2021-06-24 10:42:54,950.4,411745
2021-06-24 10:42:55,950.4,411745
2021-06-24 10:42:56,950.0,411800
2021-06-24 10:42:57,950.0,411800
2021-06-24 10:42:57,950.0,411800
2021-06-24 10:42:59,950.25,411801
2021-06-24 10:43:00,950.25,411801
2021-06-24 10:43:01,950.25,411801
2021-06-24 10:43:02,950.25,411801
2021-06-24 10:43:03,950.25,411801
2021-06-24 10:43:04,950.25,411826
2021-06-24 10:43:05,950.25,411838
2021-06-24 10:43:06,950.25,411838
2021-06-24 10:43:07,950.25,411838
2021-06-24 10:43:08,950.25,411838
2021-06-24 10:43:09,950.25,411838
2021-06-24 10:43:10,950.25,411838
2021-06-24 10:43:11,950.05,411839
2021-06-24 10:43:12,950.3,411939
2021-06-24 10:43:13,950.3,411939
2021-06-24 10:43:13,950.3,411939
2021-06-24 10:43:14,950.3,411939
2021-06-24 10:43:15,950.3,411939
2021-06-24 10:43:16,950.25,411942
2021-06-24 10:43:17,950.25,411942
2021-06-24 10:43:18,950.25,411942
2021-06-24 10:43:19,950.25,411943
2021-06-24 10:43:20,950.25,411943
2021-06-24 10:43:21,950.25,411943
2021-06-24 10:43:22,950.25,411943
2021-06-24 10:43:23,950.25,411943
2021-06-24 10:43:24,950.05,411998
2021-06-24 10:43:25,950.35,412023
2021-06-24 10:43:26,950.35,412023
2021-06-24 10:43:27,950.35,412023
2021-06-24 10:43:29,950.35,412023
2021-06-24 10:43:30,950.25,412043
2021-06-24 10:43:31,950.25,412043
2021-06-24 10:43:32,950.1,412068
2021-06-24 10:43:33,950.1,412068
2021-06-24 10:43:34,950.1,412068
2021-06-24 10:43:35,950.1,412068
2021-06-24 10:43:36,950.55,412160
2021-06-24 10:43:37,950.55,412160
2021-06-24 10:43:39,950.65,412251
2021-06-24 10:43:38,950.65,412251
2021-06-24 10:43:40,950.65,412251
2021-06-24 10:43:41,950.65,412251
2021-06-24 10:43:42,950.65,412251
2021-06-24 10:43:43,950.65,412251
2021-06-24 10:43:44,950.65,412251
2021-06-24 10:43:45,950.65,412251
2021-06-24 10:43:46,950.65,412251
2021-06-24 10:43:47,950.65,412251
2021-06-24 10:43:48,950.65,412251
2021-06-24 10:43:49,950.65,412251
2021-06-24 10:43:50,950.65,412251
2021-06-24 10:43:51,950.65,412251
2021-06-24 10:43:52,950.65,412251
2021-06-24 10:43:53,950.65,412251
2021-06-24 10:43:54,950.0,412336
2021-06-24 10:43:55,950.0,412336
2021-06-24 10:43:56,950.0,412336
2021-06-24 10:43:57,950.0,412336
2021-06-24 10:43:58,950.0,412336
2021-06-24 10:43:59,950.0,412336
2021-06-24 10:44:00,950.45,412337
2021-06-24 10:44:01,950.45,412337
2021-06-24 10:44:02,950.45,412337
2021-06-24 10:44:04,950.45,412339
2021-06-24 10:44:03,950.45,412337
2021-06-24 10:44:05,950.45,412339
2021-06-24 10:44:06,950.45,412339
2021-06-24 10:44:07,950.45,412339
2021-06-24 10:44:08,950.25,412361
2021-06-24 10:44:09,950.45,412371
2021-06-24 10:44:10,950.45,412371
2021-06-24 10:44:11,950.45,412371
2021-06-24 10:44:12,950.45,412371
2021-06-24 10:44:13,950.45,412371
2021-06-24 10:44:14,950.45,412381
2021-06-24 10:44:15,950.45,412381
2021-06-24 10:44:17,950.45,412381
2021-06-24 10:44:18,950.25,412396
2021-06-24 10:44:20,950.25,412396
2021-06-24 10:44:21,950.25,412396
2021-06-24 10:44:23,950.25,412396
2021-06-24 10:44:24,950.25,412396
2021-06-24 10:44:25,950.25,412396
2021-06-24 10:44:26,950.25,412396
2021-06-24 10:44:27,950.25,412396
2021-06-24 10:44:28,950.25,412396
2021-06-24 10:44:29,950.25,412396
2021-06-24 10:44:30,950.25,412396
2021-06-24 10:44:31,950.25,412396
2021-06-24 10:44:32,950.25,412396
2021-06-24 10:44:33,950.15,412414
2021-06-24 10:44:34,950.15,412414
2021-06-24 10:44:35,950.5,412514
2021-06-24 10:44:36,950.0,413164
2021-06-24 10:44:37,950.0,413334
2021-06-24 10:44:38,950.0,413424
2021-06-24 10:44:39,950.0,413424
2021-06-24 10:44:40,950.0,413424
2021-06-24 10:44:41,950.2,413439
2021-06-24 10:44:42,950.0,413639
2021-06-24 10:44:43,950.0,413640
2021-06-24 10:44:44,950.2,413645
2021-06-24 10:44:45,950.2,413645
2021-06-24 10:44:46,950.2,413645
2021-06-24 10:44:48,950.0,413656
2021-06-24 10:44:47,950.0,413656
2021-06-24 10:44:50,950.2,413676
2021-06-24 10:44:52,950.2,413676
2021-06-24 10:44:51,950.2,413676
2021-06-24 10:44:53,950.2,413676
2021-06-24 10:44:54,950.2,413676
2021-06-24 10:44:56,950.2,413676
2021-06-24 10:44:57,950.2,413676
2021-06-24 10:44:58,950.2,413676
2021-06-24 10:44:59,950.55,414076
2021-06-24 10:45:00,950.2,414077
2021-06-24 10:45:01,950.2,414078
2021-06-24 10:45:02,950.2,414078
2021-06-24 10:45:03,950.2,414078
2021-06-24 10:45:04,950.2,414078
2021-06-24 10:45:06,950.0,414168
2021-06-24 10:45:07,950.0,414168
2021-06-24 10:45:08,950.0,414168
2021-06-24 10:45:09,950.05,414178
2021-06-24 10:45:10,950.05,414178
2021-06-24 10:45:11,950.05,414178
2021-06-24 10:45:13,950.1,414185
2021-06-24 10:45:12,950.1,414185
2021-06-24 10:45:14,950.1,414185
2021-06-24 10:45:15,950.1,414185
2021-06-24 10:45:16,950.1,414185
2021-06-24 10:45:17,950.1,414185
2021-06-24 10:45:18,950.1,414185
2021-06-24 10:45:19,950.45,414285
2021-06-24 10:45:20,950.45,414285
2021-06-24 10:45:21,950.45,414285
2021-06-24 10:45:22,950.5,414385
2021-06-24 10:45:23,950.5,414385
2021-06-24 10:45:24,950.15,414390
2021-06-24 10:45:25,950.15,414390
2021-06-24 10:45:26,950.55,414490
2021-06-24 10:45:27,950.55,414490
2021-06-24 10:45:28,950.2,414531
2021-06-24 10:45:29,950.2,414531
2021-06-24 10:45:30,950.2,414531
2021-06-24 10:45:31,950.2,414531
2021-06-24 10:45:32,950.15,414681
2021-06-24 10:45:33,950.5,414701
2021-06-24 10:45:34,950.5,414701
2021-06-24 10:45:35,950.5,414701
2021-06-24 10:45:36,950.5,414701
2021-06-24 10:45:39,950.5,414701
2021-06-24 10:45:39,950.5,414701
2021-06-24 10:45:40,950.15,414719
2021-06-24 10:45:41,950.3,414725
2021-06-24 10:45:42,950.3,414725
2021-06-24 10:45:43,950.3,414725
2021-06-24 10:45:44,950.3,414725
2021-06-24 10:45:45,950.1,414732
2021-06-24 10:45:46,950.1,414732
2021-06-24 10:45:47,950.1,414753
2021-06-24 10:45:48,950.1,414900
2021-06-24 10:45:49,950.4,414930
2021-06-24 10:45:50,950.4,414930
2021-06-24 10:45:51,950.4,414930
2021-06-24 10:45:52,950.4,414930
2021-06-24 10:45:53,950.4,414930
2021-06-24 10:45:54,950.0,414993
2021-06-24 10:45:55,950.0,414993
2021-06-24 10:45:56,950.35,414994
2021-06-24 10:45:57,950.0,415094
2021-06-24 10:45:58,950.0,415094
2021-06-24 10:45:59,950.5,415131
2021-06-24 10:46:00,950.5,415131
2021-06-24 10:46:01,950.5,415131
2021-06-24 10:46:02,950.5,415131
2021-06-24 10:46:03,950.5,415131
2021-06-24 10:46:04,950.2,415155
2021-06-24 10:46:05,950.2,415155
2021-06-24 10:46:06,950.2,415155
2021-06-24 10:46:07,950.2,415155
2021-06-24 10:46:09,950.1,415255
2021-06-24 10:46:10,950.1,415255
2021-06-24 10:46:11,950.1,415255
2021-06-24 10:46:13,950.1,415255
2021-06-24 10:46:14,950.1,415255
2021-06-24 10:46:14,950.1,415255
2021-06-24 10:46:15,950.1,415255
2021-06-24 10:46:16,950.15,415256
2021-06-24 10:46:17,950.05,415257
2021-06-24 10:46:18,950.05,415257
2021-06-24 10:46:19,950.4,415262
2021-06-24 10:46:20,950.4,415262
2021-06-24 10:46:21,950.4,415262
2021-06-24 10:46:22,950.4,415262
2021-06-24 10:46:23,950.4,415262
2021-06-24 10:46:24,950.4,415262
2021-06-24 10:46:25,950.35,415263
2021-06-24 10:46:26,950.35,415263
2021-06-24 10:46:27,950.35,415263
2021-06-24 10:46:28,949.95,415564
2021-06-24 10:46:29,949.95,415564
2021-06-24 10:46:30,949.95,415564
2021-06-24 10:46:31,949.95,415564
2021-06-24 10:46:33,950.25,415565
2021-06-24 10:46:33,950.25,415565
2021-06-24 10:46:34,950.25,415565
2021-06-24 10:46:35,950.25,415565
2021-06-24 10:46:36,950.25,415565
2021-06-24 10:46:37,950.25,415565
2021-06-24 10:46:38,950.25,415565
2021-06-24 10:46:39,950.25,415565
2021-06-24 10:46:40,950.25,415565
2021-06-24 10:46:41,949.6,416817
2021-06-24 10:46:42,950.1,416818
2021-06-24 10:46:43,950.1,416818
2021-06-24 10:46:44,950.1,416818
2021-06-24 10:46:45,950.1,416818
2021-06-24 10:46:46,950.1,416818
2021-06-24 10:46:47,950.1,416818
2021-06-24 10:46:48,950.1,416818
2021-06-24 10:46:49,949.9,416924
2021-06-24 10:46:51,949.9,416924
2021-06-24 10:46:53,950.0,416973
2021-06-24 10:46:53,950.0,416973
2021-06-24 10:46:54,950.0,416973
2021-06-24 10:46:55,950.0,416978
2021-06-24 10:46:56,950.05,416994
2021-06-24 10:46:57,950.0,416998
2021-06-24 10:46:58,950.0,416998
2021-06-24 10:46:59,950.05,416999
2021-06-24 10:47:00,950.05,416999
2021-06-24 10:47:01,950.05,416999
2021-06-24 10:47:02,950.0,417000
2021-06-24 10:47:03,950.05,417020
2021-06-24 10:47:04,950.0,417040
2021-06-24 10:47:05,950.0,417040
2021-06-24 10:47:06,950.0,417040
2021-06-24 10:47:07,950.0,417040
2021-06-24 10:47:08,950.0,417040
2021-06-24 10:47:09,950.05,417140
2021-06-24 10:47:10,950.05,417140
2021-06-24 10:47:11,950.05,417140
2021-06-24 10:47:12,950.05,417140
2021-06-24 10:47:13,950.05,417140
2021-06-24 10:47:14,950.05,417140
2021-06-24 10:47:16,950.05,417140
2021-06-24 10:47:18,950.05,417140
2021-06-24 10:47:19,950.05,417140
2021-06-24 10:47:20,950.05,417140
2021-06-24 10:47:20,950.0,417146
2021-06-24 10:47:21,950.05,417163
2021-06-24 10:47:22,950.05,417163
2021-06-24 10:47:23,950.05,417163
2021-06-24 10:47:24,950.05,417164
2021-06-24 10:47:25,950.05,417164
2021-06-24 10:47:26,950.0,417192
2021-06-24 10:47:29,950.0,417194
2021-06-24 10:47:29,950.0,417194
2021-06-24 10:47:30,950.05,417222
2021-06-24 10:47:31,950.05,417222
2021-06-24 10:47:32,950.05,417222
2021-06-24 10:47:33,950.05,417222
2021-06-24 10:47:34,950.05,417222
2021-06-24 10:47:35,950.05,417222
2021-06-24 10:47:36,950.05,417237
2021-06-24 10:47:37,950.05,417238
2021-06-24 10:47:38,950.05,417238
2021-06-24 10:47:40,950.05,417239
2021-06-24 10:47:40,950.05,417239
2021-06-24 10:47:41,950.05,417384
2021-06-24 10:47:43,950.05,417384
2021-06-24 10:47:43,950.05,417384
2021-06-24 10:47:44,950.05,417384
2021-06-24 10:47:47,950.05,417384
2021-06-24 10:47:48,950.05,417384
2021-06-24 10:47:49,950.05,417389
2021-06-24 10:47:50,950.1,417399
2021-06-24 10:47:51,950.1,417399
2021-06-24 10:47:52,950.2,417499
2021-06-24 10:47:53,950.05,417509
2021-06-24 10:47:55,950.05,417509
2021-06-24 10:47:55,949.8,417923
2021-06-24 10:47:56,949.8,417923
2021-06-24 10:47:57,949.8,417923
2021-06-24 10:47:58,949.8,417923
2021-06-24 10:47:59,950.1,417924
2021-06-24 10:48:00,950.1,417924
2021-06-24 10:48:02,950.1,417924
2021-06-24 10:48:03,950.1,417924
2021-06-24 10:48:05,950.1,417924
2021-06-24 10:48:06,950.1,417924
2021-06-24 10:48:07,950.1,417949
2021-06-24 10:48:08,950.1,417949
2021-06-24 10:48:08,950.1,417949
2021-06-24 10:48:09,950.15,417974
2021-06-24 10:48:10,950.15,417974
2021-06-24 10:48:11,950.1,417975
2021-06-24 10:48:12,950.1,417975
2021-06-24 10:48:13,950.0,417991
2021-06-24 10:48:15,950.0,417992
2021-06-24 10:48:16,950.0,417992
2021-06-24 10:48:17,949.6,418910
2021-06-24 10:48:18,949.6,418910
2021-06-24 10:48:19,949.65,418916
2021-06-24 10:48:21,949.65,418916
2021-06-24 10:48:23,949.65,418916
2021-06-24 10:48:23,949.65,418916
2021-06-24 10:48:25,949.85,418921
2021-06-24 10:48:27,949.95,419003
2021-06-24 10:48:28,950.0,419005
2021-06-24 10:48:28,950.25,419182
2021-06-24 10:48:29,950.35,419341
2021-06-24 10:48:31,950.05,419343
2021-06-24 10:48:32,950.05,419343
2021-06-24 10:48:32,950.05,419343
2021-06-24 10:48:34,950.4,419426
2021-06-24 10:48:34,950.4,419426
2021-06-24 10:48:35,950.4,419426
2021-06-24 10:48:36,950.4,419426
2021-06-24 10:48:37,950.4,419426
2021-06-24 10:48:38,950.4,419426
2021-06-24 10:48:39,950.4,419426
2021-06-24 10:48:40,950.4,419426
2021-06-24 10:48:41,950.4,419426
2021-06-24 10:48:42,950.4,419426
2021-06-24 10:48:43,950.4,419426
2021-06-24 10:48:44,950.4,419426
2021-06-24 10:48:45,950.4,419426
2021-06-24 10:48:46,950.4,419426
2021-06-24 10:48:47,950.35,419433
2021-06-24 10:48:48,950.35,419433
2021-06-24 10:48:49,950.35,419433
2021-06-24 10:48:50,950.35,419433
2021-06-24 10:48:51,950.5,419535
2021-06-24 10:48:52,950.4,419868
2021-06-24 10:48:53,950.4,419868
2021-06-24 10:48:54,950.4,419868
2021-06-24 10:48:55,950.8,419875
2021-06-24 10:48:56,950.8,419875
2021-06-24 10:48:57,950.8,419875
2021-06-24 10:48:58,950.8,419875
2021-06-24 10:48:59,951.0,419990
2021-06-24 10:49:00,951.0,419990
2021-06-24 10:49:01,951.0,419990
2021-06-24 10:49:02,951.0,419990
2021-06-24 10:49:03,951.0,419990
2021-06-24 10:49:04,950.8,419995
2021-06-24 10:49:05,950.8,419995
2021-06-24 10:49:06,950.8,419995
2021-06-24 10:49:07,950.85,420035
2021-06-24 10:49:08,950.85,420035
2021-06-24 10:49:09,950.85,420035
2021-06-24 10:49:11,950.85,420036
2021-06-24 10:49:12,950.85,420037
2021-06-24 10:49:12,950.9,420047
2021-06-24 10:49:14,950.9,420047
2021-06-24 10:49:14,950.9,420047
2021-06-24 10:49:15,950.85,420057
2021-06-24 10:49:16,950.85,420057
2021-06-24 10:49:17,950.85,420057
2021-06-24 10:49:18,950.85,420057
2021-06-24 10:49:19,950.85,420057
2021-06-24 10:49:20,950.85,420057
2021-06-24 10:49:22,950.85,420058
2021-06-24 10:49:24,950.85,420068
2021-06-24 10:49:25,950.85,420068
2021-06-24 10:49:26,950.85,420091
2021-06-24 10:49:27,950.85,420091
2021-06-24 10:49:28,950.85,420091
2021-06-24 10:49:29,950.85,420091
2021-06-24 10:49:31,950.85,420091
2021-06-24 10:49:32,950.85,420091
2021-06-24 10:49:34,950.85,420091
2021-06-24 10:49:35,950.85,420091
2021-06-24 10:49:35,950.85,420091
2021-06-24 10:49:36,950.85,420091
2021-06-24 10:49:37,950.85,420091
2021-06-24 10:49:39,950.85,420100
2021-06-24 10:49:40,950.85,420100
2021-06-24 10:49:43,950.85,420200
2021-06-24 10:49:44,950.85,420500
2021-06-24 10:49:44,950.85,420500
2021-06-24 10:49:45,950.85,420500
2021-06-24 10:49:46,950.75,420689
2021-06-24 10:49:47,950.75,420689
2021-06-24 10:49:48,950.75,420689
2021-06-24 10:49:49,950.5,420789
2021-06-24 10:49:50,950.5,420789
2021-06-24 10:49:51,950.5,420789
2021-06-24 10:49:52,950.65,420808
2021-06-24 10:49:53,950.65,420808
2021-06-24 10:49:55,950.65,420808
2021-06-24 10:49:55,950.65,420808
2021-06-24 10:49:57,950.65,420808
2021-06-24 10:49:58,950.65,420808
2021-06-24 10:49:59,950.65,420808
2021-06-24 10:50:00,950.65,420808
2021-06-24 10:50:01,950.65,420808
2021-06-24 10:50:02,950.65,420808
2021-06-24 10:50:03,950.65,420808
2021-06-24 10:50:04,950.65,420808
2021-06-24 10:50:05,950.65,420808
2021-06-24 10:50:05,950.6,421078
2021-06-24 10:50:06,950.65,421193
2021-06-24 10:50:07,950.65,421198
2021-06-24 10:50:08,950.65,421198
2021-06-24 10:50:09,950.65,421198
2021-06-24 10:50:11,950.65,421198
2021-06-24 10:50:12,950.65,421203
2021-06-24 10:50:12,950.65,421203
2021-06-24 10:50:13,950.65,421203
2021-06-24 10:50:14,950.65,421204
2021-06-24 10:50:15,950.65,421204
2021-06-24 10:50:16,950.65,421204
2021-06-24 10:50:17,950.65,421220
2021-06-24 10:50:18,950.65,421220
2021-06-24 10:50:19,950.65,421220
2021-06-24 10:50:20,950.65,421220
2021-06-24 10:50:21,950.65,421220
2021-06-24 10:50:22,950.65,421220
2021-06-24 10:50:23,950.65,421220
2021-06-24 10:50:25,950.65,421220
2021-06-24 10:50:26,950.65,421220
2021-06-24 10:50:27,950.4,421314
2021-06-24 10:50:28,950.4,421314
2021-06-24 10:50:29,950.4,421314
2021-06-24 10:50:30,950.4,421314
2021-06-24 10:50:31,950.65,421315
2021-06-24 10:50:32,950.65,421315
2021-06-24 10:50:33,950.4,421333
2021-06-24 10:50:34,950.25,421338
2021-06-24 10:50:35,950.25,421338
2021-06-24 10:50:36,950.25,421338
2021-06-24 10:50:38,950.25,421338
2021-06-24 10:50:39,950.25,421338
2021-06-24 10:50:40,950.25,421338
2021-06-24 10:50:41,950.6,421758
2021-06-24 10:50:42,950.6,421758
2021-06-24 10:50:43,950.6,421758
2021-06-24 10:50:44,950.2,421777
2021-06-24 10:50:45,950.55,421778
2021-06-24 10:50:46,950.55,421778
2021-06-24 10:50:47,950.55,421778
2021-06-24 10:50:48,950.55,421778
2021-06-24 10:50:49,950.55,421778
2021-06-24 10:50:50,950.55,421778
2021-06-24 10:50:51,950.55,421778
2021-06-24 10:50:52,950.55,421862
2021-06-24 10:50:53,950.55,421863
2021-06-24 10:50:54,950.55,421863
2021-06-24 10:50:55,950.55,421863
2021-06-24 10:50:56,950.55,421863
2021-06-24 10:50:59,950.6,421936
2021-06-24 10:51:01,950.6,421936
2021-06-24 10:51:02,950.6,421936
2021-06-24 10:51:03,950.6,421937
2021-06-24 10:51:04,950.6,421937
2021-06-24 10:51:06,950.6,421937
2021-06-24 10:51:07,950.6,421937
2021-06-24 10:51:08,950.6,421937
2021-06-24 10:51:08,950.6,421937
2021-06-24 10:51:09,950.6,421937
2021-06-24 10:51:10,950.6,421937
2021-06-24 10:51:11,950.6,421937
2021-06-24 10:51:12,950.6,421937
2021-06-24 10:51:13,950.6,421937
2021-06-24 10:51:15,950.6,421937
2021-06-24 10:51:16,950.6,421937
2021-06-24 10:51:16,950.6,421937
