timestamp,ltp,volume
2021-06-24 09:35:55,4235.4,35220
2021-06-24 09:35:56,4235.4,35220
2021-06-24 09:35:56,4235.4,35220
2021-06-24 09:35:57,4235.4,35220
2021-06-24 09:35:58,4235.15,35292
2021-06-24 09:36:00,4233.8,35343
2021-06-24 09:36:01,4233.8,35343
2021-06-24 09:36:02,4233.8,35343
2021-06-24 09:36:03,4235.95,35440
2021-06-24 09:36:03,4235.95,35440
2021-06-24 09:36:04,4234.0,35591
2021-06-24 09:36:05,4234.15,35594
2021-06-24 09:36:06,4235.05,35657
2021-06-24 09:36:07,4236.4,35662
2021-06-24 09:36:08,4234.15,35812
2021-06-24 09:36:09,4234.15,35812
2021-06-24 09:36:10,4234.15,35812
2021-06-24 09:36:11,4234.15,35812
2021-06-24 09:36:12,4236.5,35848
2021-06-24 09:36:13,4235.0,35858
2021-06-24 09:36:14,4236.25,35959
2021-06-24 09:36:15,4236.25,35959
2021-06-24 09:36:16,4236.25,35959
2021-06-24 09:36:17,4236.25,35959
2021-06-24 09:36:19,4236.25,35966
2021-06-24 09:36:19,4236.25,35966
2021-06-24 09:36:21,4236.25,35966
2021-06-24 09:36:22,4236.25,35966
2021-06-24 09:36:23,4236.25,35966
2021-06-24 09:36:24,4236.25,35966
2021-06-24 09:36:24,4236.25,35966
2021-06-24 09:36:26,4236.25,35966
2021-06-24 09:36:27,4236.25,35966
2021-06-24 09:36:29,4237.0,35986
2021-06-24 09:36:29,4237.0,35986
2021-06-24 09:36:31,4238.4,36156
2021-06-24 09:36:32,4238.4,36156
2021-06-24 09:36:32,4238.4,36156
2021-06-24 09:36:33,4238.4,36156
2021-06-24 09:36:35,4238.4,36156
2021-06-24 09:36:36,4238.4,36156
2021-06-24 09:36:37,4238.4,36156
2021-06-24 09:36:38,4238.4,36156
2021-06-24 09:36:39,4239.0,36178
2021-06-24 09:36:41,4239.0,36180
2021-06-24 09:36:42,4239.0,36180
2021-06-24 09:36:42,4239.0,36180
2021-06-24 09:36:43,4239.0,36180
2021-06-24 09:36:44,4239.0,36180
2021-06-24 09:36:46,4239.0,36180
2021-06-24 09:36:47,4237.1,36181
2021-06-24 09:36:48,4237.1,36181
2021-06-24 09:36:49,4239.0,36231
2021-06-24 09:36:50,4239.0,36231
2021-06-24 09:36:51,4239.0,36241
2021-06-24 09:36:52,4239.0,36241
2021-06-24 09:36:53,4239.0,36241
2021-06-24 09:36:53,4239.0,36261
2021-06-24 09:36:55,4239.0,36274
2021-06-24 09:36:56,4239.0,36274
2021-06-24 09:36:57,4239.0,36274
2021-06-24 09:36:59,4239.0,36294
2021-06-24 09:37:00,4237.2,36344
2021-06-24 09:37:01,4237.2,36344
2021-06-24 09:37:02,4237.2,36344
2021-06-24 09:37:03,4237.2,36344
2021-06-24 09:37:04,4237.2,36344
2021-06-24 09:37:05,4237.2,36344
2021-06-24 09:37:06,4237.2,36344
2021-06-24 09:37:06,4237.2,36344
2021-06-24 09:37:08,4237.2,36344
2021-06-24 09:37:10,4237.2,36344
2021-06-24 09:37:11,4237.2,36344
2021-06-24 09:37:11,4238.7,36348
2021-06-24 09:37:12,4238.7,36348
2021-06-24 09:37:13,4238.7,36348
2021-06-24 09:37:14,4238.7,36348
2021-06-24 09:37:15,4238.0,36360
2021-06-24 09:37:17,4238.0,36360
2021-06-24 09:37:18,4238.0,36360
2021-06-24 09:37:19,4238.75,36407
2021-06-24 09:37:20,4239.35,36696
2021-06-24 09:37:20,4239.0,36641
2021-06-24 09:37:21,4239.6,36697
2021-06-24 09:37:22,4240.0,36911
2021-06-24 09:37:23,4238.5,36912
2021-06-24 09:37:26,4240.4,36952
2021-06-24 09:37:26,4240.4,36952
2021-06-24 09:37:28,4240.4,36952
2021-06-24 09:37:29,4240.35,36961
2021-06-24 09:37:29,4240.35,36961
2021-06-24 09:37:30,4240.35,36961
2021-06-24 09:37:31,4240.35,37064
2021-06-24 09:37:32,4240.35,37064
2021-06-24 09:37:33,4238.5,37068
2021-06-24 09:37:35,4238.5,37068
2021-06-24 09:37:36,4238.5,37068
2021-06-24 09:37:37,4238.5,37068
2021-06-24 09:37:37,4238.5,37068
2021-06-24 09:37:38,4238.5,37068
2021-06-24 09:37:39,4238.5,37068
2021-06-24 09:37:40,4238.85,37075
2021-06-24 09:37:41,4238.85,37091
2021-06-24 09:37:43,4238.85,37091
2021-06-24 09:37:44,4240.0,37094
2021-06-24 09:37:45,4240.0,37094
2021-06-24 09:37:46,4240.0,37094
2021-06-24 09:37:47,4240.0,37094
2021-06-24 09:37:48,4239.0,37098
2021-06-24 09:37:49,4239.0,37098
2021-06-24 09:37:49,4239.0,37148
2021-06-24 09:37:51,4239.0,37148
2021-06-24 09:37:53,4239.5,37150
2021-06-24 09:37:55,4239.5,37150
2021-06-24 09:37:56,4239.25,37151
2021-06-24 09:37:57,4239.0,37161
2021-06-24 09:37:58,4239.25,37180
2021-06-24 09:37:59,4239.25,37180
2021-06-24 09:38:00,4239.25,37180
2021-06-24 09:38:01,4239.25,37180
2021-06-24 09:38:02,4239.25,37180
2021-06-24 09:38:03,4240.0,37222
2021-06-24 09:38:05,4239.05,37242
2021-06-24 09:38:06,4239.05,37242
2021-06-24 09:38:06,4239.05,37242
2021-06-24 09:38:07,4240.0,37263
2021-06-24 09:38:09,4240.0,37263
2021-06-24 09:38:10,4240.0,37263
2021-06-24 09:38:11,4240.0,37264
2021-06-24 09:38:12,4240.0,37264
2021-06-24 09:38:13,4240.0,37264
2021-06-24 09:38:14,4240.0,37264
2021-06-24 09:38:15,4240.0,37264
2021-06-24 09:38:16,4240.0,37264
2021-06-24 09:38:16,4240.0,37264
2021-06-24 09:38:19,4240.0,37266
2021-06-24 09:38:20,4240.0,37266
2021-06-24 09:38:22,4240.0,37266
2021-06-24 09:38:23,4240.1,37486
2021-06-24 09:38:24,4240.1,37486
2021-06-24 09:38:25,4240.1,37486
2021-06-24 09:38:26,4239.85,37497
2021-06-24 09:38:27,4240.35,37522
2021-06-24 09:38:28,4240.35,37522
2021-06-24 09:38:30,4240.1,37526
2021-06-24 09:38:31,4240.35,37652
2021-06-24 09:38:32,4240.35,37652
2021-06-24 09:38:33,4240.35,37652
2021-06-24 09:38:34,4242.0,37712
2021-06-24 09:38:36,4243.5,38024
2021-06-24 09:38:37,4243.5,38024
2021-06-24 09:38:38,4241.85,38046
2021-06-24 09:38:39,4243.15,38058
2021-06-24 09:38:40,4243.65,38108
2021-06-24 09:38:40,4243.65,38108
2021-06-24 09:38:41,4243.65,38108
2021-06-24 09:38:43,4243.65,38108
2021-06-24 09:38:44,4241.95,38171
2021-06-24 09:38:44,4241.95,38171
2021-06-24 09:38:46,4243.4,38182
2021-06-24 09:38:47,4243.4,38182
2021-06-24 09:38:47,4243.4,38182
2021-06-24 09:38:49,4242.0,38187
2021-06-24 09:38:50,4243.45,38188
2021-06-24 09:38:51,4243.45,38188
2021-06-24 09:38:52,4243.45,38188
2021-06-24 09:38:54,4242.0,38230
2021-06-24 09:38:53,4242.0,38230
2021-06-24 09:38:55,4242.0,38230
2021-06-24 09:38:55,4242.0,38230
2021-06-24 09:38:57,4243.45,38231
2021-06-24 09:38:57,4243.45,38231
2021-06-24 09:38:59,4243.45,38231
2021-06-24 09:39:00,4243.45,38231
2021-06-24 09:39:01,4243.45,38231
2021-06-24 09:39:02,4242.0,38349
2021-06-24 09:39:03,4240.95,38454
2021-06-24 09:39:04,4240.95,38454
2021-06-24 09:39:05,4243.0,38455
2021-06-24 09:39:06,4243.0,38455
2021-06-24 09:39:07,4243.0,38455
2021-06-24 09:39:08,4243.0,38455
2021-06-24 09:39:09,4241.0,38513
2021-06-24 09:39:10,4241.0,38513
2021-06-24 09:39:11,4241.0,38513
2021-06-24 09:39:12,4240.75,38516
2021-06-24 09:39:13,4240.75,38516
2021-06-24 09:39:14,4240.75,38516
2021-06-24 09:39:15,4237.2,38825
2021-06-24 09:39:16,4239.55,38837
2021-06-24 09:39:17,4239.55,38837
2021-06-24 09:39:18,4239.55,38837
2021-06-24 09:39:19,4239.55,38837
2021-06-24 09:39:21,4239.55,38837
2021-06-24 09:39:22,4239.55,38837
2021-06-24 09:39:23,4239.55,38837
2021-06-24 09:39:24,4239.55,38837
2021-06-24 09:39:25,4238.75,38838
2021-06-24 09:39:26,4238.75,38838
2021-06-24 09:39:27,4240.05,39434
2021-06-24 09:39:28,4238.35,39503
2021-06-24 09:39:28,4239.9,39504
2021-06-24 09:39:30,4239.9,39505
2021-06-24 09:39:31,4238.3,39510
2021-06-24 09:39:32,4237.85,39562
2021-06-24 09:39:33,4237.85,39562
2021-06-24 09:39:34,4239.75,39565
2021-06-24 09:39:35,4237.6,39697
2021-06-24 09:39:36,4238.65,39708
2021-06-24 09:39:37,4238.65,39708
2021-06-24 09:39:38,4238.65,39708
2021-06-24 09:39:39,4238.65,39708
2021-06-24 09:39:40,4238.65,39708
2021-06-24 09:39:41,4239.65,39745
2021-06-24 09:39:41,4239.65,39745
2021-06-24 09:39:42,4239.65,39745
2021-06-24 09:39:43,4238.6,39845
2021-06-24 09:39:44,4238.6,39845
2021-06-24 09:39:46,4238.6,39845
2021-06-24 09:39:47,4238.6,39845
2021-06-24 09:39:49,4238.6,39845
2021-06-24 09:39:49,4238.6,39845
2021-06-24 09:39:51,4239.6,39847
2021-06-24 09:39:53,4239.6,39847
2021-06-24 09:39:54,4238.4,39848
2021-06-24 09:39:55,4238.4,39849
2021-06-24 09:39:56,4238.4,39849
2021-06-24 09:39:57,4239.6,39878
2021-06-24 09:39:59,4238.3,39929
2021-06-24 09:40:00,4239.3,39930
2021-06-24 09:40:02,4239.3,39930
2021-06-24 09:40:03,4239.3,39930
2021-06-24 09:40:04,4239.3,39930
2021-06-24 09:40:05,4239.3,39930
2021-06-24 09:40:06,4239.3,39930
2021-06-24 09:40:07,4238.85,39933
2021-06-24 09:40:08,4238.85,39933
2021-06-24 09:40:09,4238.85,39933
2021-06-24 09:40:11,4238.85,39933
2021-06-24 09:40:12,4238.85,39933
2021-06-24 09:40:13,4238.85,39933
2021-06-24 09:40:14,4238.85,39933
2021-06-24 09:40:15,4238.8,39934
2021-06-24 09:40:16,4238.45,39949
2021-06-24 09:40:17,4238.45,39949
2021-06-24 09:40:18,4238.45,39949
2021-06-24 09:40:19,4238.45,39965
2021-06-24 09:40:20,4238.4,39967
2021-06-24 09:40:21,4238.4,39967
2021-06-24 09:40:22,4238.4,39967
2021-06-24 09:40:23,4237.0,40303
2021-06-24 09:40:25,4235.0,40309
2021-06-24 09:40:26,4235.0,40309
2021-06-24 09:40:27,4235.0,40309
2021-06-24 09:40:28,4235.85,40369
2021-06-24 09:40:29,4235.85,40369
2021-06-24 09:40:30,4235.85,40369
2021-06-24 09:40:31,4235.2,40374
2021-06-24 09:40:32,4235.2,40376
2021-06-24 09:40:33,4235.95,40424
2021-06-24 09:40:34,4235.95,40424
2021-06-24 09:40:35,4235.2,40441
2021-06-24 09:40:36,4235.0,40491
2021-06-24 09:40:37,4235.2,40543
2021-06-24 09:40:38,4235.2,40543
2021-06-24 09:40:39,4235.2,40543
2021-06-24 09:40:40,4235.0,40544
2021-06-24 09:40:41,4235.0,40671
2021-06-24 09:40:42,4235.3,40689
2021-06-24 09:40:43,4235.3,40689
2021-06-24 09:40:44,4235.3,40689
2021-06-24 09:40:45,4235.3,40689
2021-06-24 09:40:47,4235.0,40690
2021-06-24 09:40:48,4235.0,40690
2021-06-24 09:40:49,4235.0,40690
2021-06-24 09:40:50,4235.0,40690
2021-06-24 09:40:51,4235.0,40690
2021-06-24 09:40:52,4235.0,40690
2021-06-24 09:40:53,4235.0,40690
2021-06-24 09:40:55,4235.0,40690
2021-06-24 09:40:54,4235.0,40690
2021-06-24 09:40:56,4235.0,40690
2021-06-24 09:40:57,4235.3,40696
2021-06-24 09:40:58,4235.3,40696
2021-06-24 09:40:59,4235.3,40696
2021-06-24 09:41:01,4235.1,40716
2021-06-24 09:41:03,4235.1,40716
2021-06-24 09:41:04,4235.1,40721
2021-06-24 09:41:05,4235.1,40721
2021-06-24 09:41:06,4235.1,40721
2021-06-24 09:41:07,4235.1,40721
2021-06-24 09:41:08,4235.1,40721
2021-06-24 09:41:09,4235.1,40721
2021-06-24 09:41:10,4235.3,40726
2021-06-24 09:41:13,4235.2,40727
2021-06-24 09:41:16,4235.2,40727
2021-06-24 09:41:15,4235.2,40727
2021-06-24 09:41:17,4235.3,40737
2021-06-24 09:41:18,4235.3,40737
2021-06-24 09:41:19,4235.2,40742
2021-06-24 09:41:20,4235.2,40742
2021-06-24 09:41:21,4235.2,40742
2021-06-24 09:41:22,4235.2,40742
2021-06-24 09:41:24,4235.2,40742
2021-06-24 09:41:25,4235.2,40742
2021-06-24 09:41:26,4235.2,40742
2021-06-24 09:41:27,4235.2,40742
2021-06-24 09:41:28,4235.2,40742
2021-06-24 09:41:29,4235.25,40743
2021-06-24 09:41:30,4235.25,40743
2021-06-24 09:41:31,4235.25,40743
2021-06-24 09:41:33,4235.25,40754
2021-06-24 09:41:34,4235.25,40754
2021-06-24 09:41:35,4235.25,40754
2021-06-24 09:41:36,4235.25,40754
2021-06-24 09:41:38,4235.25,40754
2021-06-24 09:41:39,4235.0,41010
2021-06-24 09:41:40,4235.15,41012
2021-06-24 09:41:41,4235.15,41012
2021-06-24 09:41:42,4235.15,41012
2021-06-24 09:41:43,4235.15,41012
2021-06-24 09:41:44,4235.15,41012
2021-06-24 09:41:47,4234.0,41068
2021-06-24 09:41:48,4234.0,41101
2021-06-24 09:41:49,4234.0,41101
2021-06-24 09:41:50,4234.0,41101
2021-06-24 09:41:51,4234.0,41101
2021-06-24 09:41:52,4234.0,41101
2021-06-24 09:41:53,4234.0,41101
2021-06-24 09:41:54,4232.7,41103
2021-06-24 09:41:55,4232.7,41103
2021-06-24 09:41:57,4232.7,41103
2021-06-24 09:41:58,4232.7,41103
2021-06-24 09:42:00,4232.7,41103
2021-06-24 09:42:01,4233.4,41128
2021-06-24 09:42:02,4233.4,41128
2021-06-24 09:42:03,4233.4,41128
2021-06-24 09:42:04,4233.4,41128
2021-06-24 09:42:05,4233.4,41128
2021-06-24 09:42:06,4233.4,41128
2021-06-24 09:42:07,4233.4,41128
2021-06-24 09:42:09,4233.4,41128
2021-06-24 09:42:09,4233.85,41129
2021-06-24 09:42:10,4233.85,41129
2021-06-24 09:42:11,4233.85,41129
2021-06-24 09:42:12,4233.85,41134
2021-06-24 09:42:13,4233.85,41184
2021-06-24 09:42:15,4233.85,41184
2021-06-24 09:42:15,4233.5,41196
2021-06-24 09:42:16,4233.5,41196
2021-06-24 09:42:18,4236.05,41468
2021-06-24 09:42:19,4233.5,41520
2021-06-24 09:42:22,4233.5,41520
2021-06-24 09:42:23,4233.5,41520
2021-06-24 09:42:24,4233.5,41520
2021-06-24 09:42:25,4233.5,41520
2021-06-24 09:42:27,4233.5,41520
2021-06-24 09:42:28,4233.5,41520
2021-06-24 09:42:29,4233.5,41520
2021-06-24 09:42:31,4233.5,41534
2021-06-24 09:42:32,4233.4,41648
2021-06-24 09:42:32,4233.4,41648
2021-06-24 09:42:33,4233.4,41648
2021-06-24 09:42:34,4233.4,41648
2021-06-24 09:42:35,4233.5,41663
2021-06-24 09:42:36,4233.5,41663
2021-06-24 09:42:37,4233.5,41663
2021-06-24 09:42:38,4233.5,41663
2021-06-24 09:42:39,4233.5,41663
2021-06-24 09:42:41,4233.5,41665
2021-06-24 09:42:42,4233.5,41665
2021-06-24 09:42:43,4233.5,41665
2021-06-24 09:42:44,4233.5,41665
2021-06-24 09:42:45,4233.75,41680
2021-06-24 09:42:46,4233.75,41680
2021-06-24 09:42:48,4233.75,41680
2021-06-24 09:42:48,4233.75,41680
2021-06-24 09:42:49,4233.4,41692
2021-06-24 09:42:50,4233.4,41692
2021-06-24 09:42:51,4233.4,41692
2021-06-24 09:42:52,4232.4,41751
2021-06-24 09:42:54,4233.4,41753
2021-06-24 09:42:54,4233.4,41753
2021-06-24 09:42:55,4233.4,41753
2021-06-24 09:42:56,4233.4,41753
2021-06-24 09:42:57,4233.4,41753
2021-06-24 09:42:58,4233.4,41753
2021-06-24 09:43:00,4233.4,41753
2021-06-24 09:43:02,4233.4,41753
2021-06-24 09:43:02,4233.4,41753
2021-06-24 09:43:03,4233.4,41753
2021-06-24 09:43:04,4233.4,41753
2021-06-24 09:43:05,4233.4,41753
2021-06-24 09:43:07,4233.4,41753
2021-06-24 09:43:08,4233.4,41753
2021-06-24 09:43:09,4233.4,41753
2021-06-24 09:43:10,4233.4,41753
2021-06-24 09:43:11,4233.4,41753
2021-06-24 09:43:12,4233.4,41753
2021-06-24 09:43:13,4232.25,41797
2021-06-24 09:43:14,4232.8,41805
2021-06-24 09:43:15,4232.8,41805
2021-06-24 09:43:16,4232.8,41805
2021-06-24 09:43:19,4232.8,41805
2021-06-24 09:43:19,4231.5,41829
2021-06-24 09:43:20,4232.25,41888
2021-06-24 09:43:21,4232.25,41893
2021-06-24 09:43:22,4232.25,41893
2021-06-24 09:43:23,4230.1,42143
2021-06-24 09:43:24,4230.1,42143
2021-06-24 09:43:25,4230.1,42143
2021-06-24 09:43:27,4230.1,42143
2021-06-24 09:43:28,4230.1,42143
2021-06-24 09:43:29,4230.1,42143
2021-06-24 09:43:32,4231.7,42379
2021-06-24 09:43:33,4231.1,42490
2021-06-24 09:43:34,4230.2,42569
2021-06-24 09:43:35,4230.2,42569
2021-06-24 09:43:36,4230.25,42570
2021-06-24 09:43:41,4230.05,42582
2021-06-24 09:43:42,4230.05,42582
2021-06-24 09:43:44,4230.05,42582
2021-06-24 09:43:44,4230.05,42582
2021-06-24 09:43:45,4231.0,42583
2021-06-24 09:43:46,4231.0,42583
2021-06-24 09:43:47,4231.0,42613
2021-06-24 09:43:48,4231.0,42614
2021-06-24 09:43:49,4231.0,42614
2021-06-24 09:43:50,4230.25,42616
2021-06-24 09:43:53,4230.25,42616
2021-06-24 09:43:54,4230.25,42616
2021-06-24 09:43:54,4230.25,42616
2021-06-24 09:43:55,4230.25,42616
2021-06-24 09:43:56,4230.25,42616
2021-06-24 09:43:59,4230.25,42616
2021-06-24 09:44:00,4230.25,42616
2021-06-24 09:44:01,4230.25,42618
2021-06-24 09:44:02,4230.25,42618
2021-06-24 09:44:02,4230.25,42618
2021-06-24 09:44:03,4230.25,42640
2021-06-24 09:44:05,4229.8,43024
2021-06-24 09:44:06,4229.8,43024
2021-06-24 09:44:07,4229.8,43024
2021-06-24 09:44:08,4229.8,43024
2021-06-24 09:44:09,4229.8,43024
2021-06-24 09:44:10,4229.8,43024
2021-06-24 09:44:11,4229.8,43024
2021-06-24 09:44:12,4229.8,43024
2021-06-24 09:44:13,4231.0,43044
2021-06-24 09:44:14,4229.8,43061
2021-06-24 09:44:15,4229.8,43071
2021-06-24 09:44:16,4229.8,43071
2021-06-24 09:44:18,4229.8,43075
2021-06-24 09:44:19,4229.8,43075
2021-06-24 09:44:20,4229.8,43075
2021-06-24 09:44:21,4229.1,43369
2021-06-24 09:44:22,4230.8,43370
2021-06-24 09:44:24,4229.5,43372
2021-06-24 09:44:25,4229.5,43372
2021-06-24 09:44:26,4229.5,43372
2021-06-24 09:44:28,4229.5,43382
2021-06-24 09:44:29,4229.5,43382
2021-06-24 09:44:30,4229.8,43383
2021-06-24 09:44:31,4229.8,43383
2021-06-24 09:44:32,4229.8,43383
2021-06-24 09:44:33,4229.8,43383
2021-06-24 09:44:35,4229.8,43383
2021-06-24 09:44:36,4229.5,43442
2021-06-24 09:44:37,4229.5,43448
2021-06-24 09:44:38,4229.5,43448
2021-06-24 09:44:39,4229.5,43455
2021-06-24 09:44:39,4227.35,43503
2021-06-24 09:44:40,4227.0,43514
2021-06-24 09:44:41,4229.35,43681
2021-06-24 09:44:42,4229.35,43681
2021-06-24 09:44:43,4229.35,43681
2021-06-24 09:44:44,4229.35,43681
2021-06-24 09:44:45,4227.7,43711
2021-06-24 09:44:46,4227.7,43711
2021-06-24 09:44:49,4227.7,43711
2021-06-24 09:44:50,4227.8,43811
2021-06-24 09:44:51,4227.95,44040
2021-06-24 09:44:51,4227.95,44040
2021-06-24 09:44:52,4227.95,44040
2021-06-24 09:44:54,4227.95,44040
2021-06-24 09:44:55,4227.95,44040
2021-06-24 09:44:56,4227.95,44040
2021-06-24 09:44:57,4227.95,44040
2021-06-24 09:44:58,4227.95,44040
2021-06-24 09:44:59,4228.1,44148
2021-06-24 09:45:01,4228.1,44149
2021-06-24 09:45:01,4228.1,44149
2021-06-24 09:45:02,4228.1,44149
2021-06-24 09:45:03,4227.65,44154
2021-06-24 09:45:04,4227.65,44154
2021-06-24 09:45:05,4227.65,44169
2021-06-24 09:45:06,4227.65,44169
2021-06-24 09:45:07,4227.65,44169
2021-06-24 09:45:09,4227.65,44169
2021-06-24 09:45:09,4227.65,44169
2021-06-24 09:45:10,4227.65,44169
2021-06-24 09:45:11,4227.65,44169
2021-06-24 09:45:12,4227.65,44169
2021-06-24 09:45:13,4227.65,44169
2021-06-24 09:45:14,4228.25,44199
2021-06-24 09:45:15,4228.25,44199
2021-06-24 09:45:16,4228.1,44213
2021-06-24 09:45:18,4228.1,44213
2021-06-24 09:45:18,4228.1,44238
2021-06-24 09:45:19,4228.1,44238
2021-06-24 09:45:20,4228.1,44238
2021-06-24 09:45:21,4228.1,44240
2021-06-24 09:45:22,4228.1,44253
2021-06-24 09:45:23,4228.25,44286
2021-06-24 09:45:24,4227.65,44287
2021-06-24 09:45:25,4228.25,44291
2021-06-24 09:45:26,4228.25,44291
2021-06-24 09:45:27,4228.25,44291
2021-06-24 09:45:28,4228.25,44291
2021-06-24 09:45:30,4228.25,44291
2021-06-24 09:45:31,4228.25,44291
2021-06-24 09:45:32,4228.25,44291
2021-06-24 09:45:32,4228.25,44291
2021-06-24 09:45:34,4228.25,44291
2021-06-24 09:45:35,4228.25,44291
2021-06-24 09:45:36,4228.25,44302
2021-06-24 09:45:37,4228.25,44302
2021-06-24 09:45:39,4228.25,44312
2021-06-24 09:45:40,4228.25,44387
2021-06-24 09:45:41,4230.5,44392
2021-06-24 09:45:42,4230.5,44392
2021-06-24 09:45:43,4230.5,44392
2021-06-24 09:45:44,4230.5,44392
2021-06-24 09:45:45,4230.5,44392
2021-06-24 09:45:46,4230.5,44400
2021-06-24 09:45:47,4230.5,44400
2021-06-24 09:45:49,4230.5,44400
2021-06-24 09:45:49,4230.5,44400
2021-06-24 09:45:50,4230.5,44400
2021-06-24 09:45:52,4230.5,44400
2021-06-24 09:45:53,4230.5,44400
2021-06-24 09:45:54,4230.5,44400
2021-06-24 09:45:54,4230.5,44400
2021-06-24 09:45:55,4230.5,44400
2021-06-24 09:45:57,4230.5,44400
2021-06-24 09:45:58,4230.5,44400
2021-06-24 09:45:59,4229.75,44409
2021-06-24 09:45:59,4229.75,44409
2021-06-24 09:46:00,4229.75,44409
2021-06-24 09:46:01,4229.75,44409
2021-06-24 09:46:03,4229.75,44409
2021-06-24 09:46:04,4229.75,44409
2021-06-24 09:46:05,4229.75,44409
2021-06-24 09:46:06,4230.6,44629
2021-06-24 09:46:07,4230.6,44629
2021-06-24 09:46:08,4229.4,44685
2021-06-24 09:46:09,4231.5,44695
2021-06-24 09:46:11,4231.5,44695
2021-06-24 09:46:12,4231.5,44695
2021-06-24 09:46:13,4231.5,44695
2021-06-24 09:46:14,4231.5,44695
2021-06-24 09:46:15,4229.4,44700
2021-06-24 09:46:15,4229.45,44702
2021-06-24 09:46:16,4229.45,44702
2021-06-24 09:46:17,4229.45,44702
2021-06-24 09:46:18,4229.45,44702
2021-06-24 09:46:19,4229.45,44702
2021-06-24 09:46:20,4229.45,44702
2021-06-24 09:46:21,4229.45,44702
2021-06-24 09:46:22,4229.45,44702
2021-06-24 09:46:23,4229.45,44702
2021-06-24 09:46:25,4231.55,44717
2021-06-24 09:46:26,4231.55,44717
2021-06-24 09:46:27,4231.55,44717
2021-06-24 09:46:28,4231.55,44717
2021-06-24 09:46:29,4231.55,44717
2021-06-24 09:46:30,4231.5,44945
2021-06-24 09:46:31,4231.55,44946
2021-06-24 09:46:32,4231.55,44946
2021-06-24 09:46:33,4230.85,44948
2021-06-24 09:46:34,4231.4,44973
2021-06-24 09:46:34,4231.4,44973
2021-06-24 09:46:35,4231.4,44973
2021-06-24 09:46:37,4229.4,45102
2021-06-24 09:46:38,4231.0,45110
2021-06-24 09:46:38,4231.0,45110
2021-06-24 09:46:39,4231.0,45110
2021-06-24 09:46:40,4231.0,45110
2021-06-24 09:46:42,4231.0,45110
2021-06-24 09:46:43,4231.0,45110
2021-06-24 09:46:44,4231.0,45110
2021-06-24 09:46:45,4231.0,45110
2021-06-24 09:46:45,4230.7,45176
2021-06-24 09:46:46,4230.7,45176
2021-06-24 09:46:47,4228.6,45289
2021-06-24 09:46:48,4228.6,45289
2021-06-24 09:46:49,4228.6,45289
2021-06-24 09:46:51,4228.45,45291
2021-06-24 09:46:51,4228.45,45291
2021-06-24 09:46:53,4228.45,45291
2021-06-24 09:46:53,4228.5,45297
2021-06-24 09:46:55,4227.6,45383
2021-06-24 09:46:55,4227.0,45499
2021-06-24 09:46:56,4226.0,45552
2021-06-24 09:46:57,4227.0,45575
2021-06-24 09:46:59,4226.0,45577
2021-06-24 09:46:59,4226.0,45586
2021-06-24 09:47:00,4226.0,45586
2021-06-24 09:47:01,4226.0,45888
2021-06-24 09:47:03,4224.0,45982
2021-06-24 09:47:05,4226.0,45983
2021-06-24 09:47:05,4226.0,45983
2021-06-24 09:47:07,4225.5,45986
2021-06-24 09:47:08,4225.5,45986
2021-06-24 09:47:09,4225.5,45986
2021-06-24 09:47:10,4225.5,45986
2021-06-24 09:47:11,4225.4,46043
2021-06-24 09:47:13,4225.4,46048
2021-06-24 09:47:14,4225.4,46048
2021-06-24 09:47:15,4225.4,46048
2021-06-24 09:47:16,4225.4,46058
2021-06-24 09:47:17,4225.95,46193
2021-06-24 09:47:18,4225.75,46395
2021-06-24 09:47:18,4225.75,46395
2021-06-24 09:47:19,4225.75,46395
2021-06-24 09:47:20,4225.75,46395
2021-06-24 09:47:23,4224.35,46396
2021-06-24 09:47:24,4224.35,46396
2021-06-24 09:47:25,4224.8,46559
2021-06-24 09:47:26,4224.8,46559
2021-06-24 09:47:27,4223.25,46561
2021-06-24 09:47:28,4223.25,46561
2021-06-24 09:47:29,4223.25,46561
2021-06-24 09:47:30,4223.25,46563
2021-06-24 09:47:33,4223.25,46563
2021-06-24 09:47:34,4223.25,46563
2021-06-24 09:47:35,4225.95,46749
2021-06-24 09:47:35,4225.95,46749
2021-06-24 09:47:37,4225.15,46798
2021-06-24 09:47:39,4225.15,46798
2021-06-24 09:47:39,4225.15,46798
2021-06-24 09:47:40,4225.15,46798
2021-06-24 09:47:42,4224.35,46811
2021-06-24 09:47:44,4224.35,46811
2021-06-24 09:47:45,4224.35,46811
2021-06-24 09:47:46,4224.35,46811
2021-06-24 09:47:47,4224.35,46811
2021-06-24 09:47:48,4224.35,46811
2021-06-24 09:47:49,4224.35,46811
2021-06-24 09:47:50,4224.35,46811
2021-06-24 09:47:51,4223.35,46861
2021-06-24 09:47:52,4223.35,46861
2021-06-24 09:47:53,4223.35,46861
2021-06-24 09:47:54,4223.35,46861
2021-06-24 09:47:55,4223.35,46861
2021-06-24 09:47:56,4223.35,46861
2021-06-24 09:47:57,4223.35,46861
2021-06-24 09:47:58,4223.35,46861
2021-06-24 09:47:59,4225.0,46863
2021-06-24 09:48:00,4225.0,46863
2021-06-24 09:48:01,4227.0,46963
2021-06-24 09:48:02,4225.05,47030
2021-06-24 09:48:03,4225.05,47030
2021-06-24 09:48:04,4225.05,47041
2021-06-24 09:48:05,4225.05,47046
2021-06-24 09:48:06,4223.8,47066
2021-06-24 09:48:08,4225.2,47151
2021-06-24 09:48:11,4225.2,47151
2021-06-24 09:48:12,4226.8,47251
2021-06-24 09:48:13,4226.8,47251
2021-06-24 09:48:14,4226.8,47251
2021-06-24 09:48:15,4224.25,47271
2021-06-24 09:48:16,4224.25,47271
2021-06-24 09:48:18,4226.0,47357
2021-06-24 09:48:19,4226.0,47357
2021-06-24 09:48:20,4224.5,47457
2021-06-24 09:48:21,4224.5,47457
2021-06-24 09:48:22,4226.3,47480
2021-06-24 09:48:23,4226.35,47506
2021-06-24 09:48:24,4226.35,47506
2021-06-24 09:48:25,4226.35,47506
2021-06-24 09:48:26,4226.35,47506
2021-06-24 09:48:28,4226.35,47506
2021-06-24 09:48:29,4226.35,47506
2021-06-24 09:48:30,4226.35,47506
2021-06-24 09:48:31,4226.35,47506
2021-06-24 09:48:32,4226.35,47506
2021-06-24 09:48:33,4226.35,47506
2021-06-24 09:48:34,4226.35,47506
2021-06-24 09:48:35,4225.65,47507
2021-06-24 09:48:36,4225.65,47507
2021-06-24 09:48:37,4225.65,47507
2021-06-24 09:48:38,4225.65,47507
2021-06-24 09:48:39,4225.65,47507
2021-06-24 09:48:40,4226.45,47627
2021-06-24 09:48:41,4226.45,47627
2021-06-24 09:48:42,4226.4,47663
2021-06-24 09:48:42,4226.4,47663
2021-06-24 09:48:44,4226.4,47663
2021-06-24 09:48:45,4226.4,47663
2021-06-24 09:48:47,4226.4,47666
2021-06-24 09:48:48,4226.4,47666
2021-06-24 09:48:49,4226.4,47666
2021-06-24 09:48:50,4226.4,47669
2021-06-24 09:48:51,4226.4,47669
2021-06-24 09:48:53,4226.4,47669
2021-06-24 09:48:54,4226.4,47669
2021-06-24 09:48:55,4226.4,47669
2021-06-24 09:48:56,4226.4,47675
2021-06-24 09:48:57,4226.4,47675
2021-06-24 09:48:58,4226.4,47675
2021-06-24 09:48:59,4226.4,47675
2021-06-24 09:49:01,4226.0,47676
2021-06-24 09:49:02,4226.0,47676
2021-06-24 09:49:03,4226.0,47676
2021-06-24 09:49:04,4226.0,47676
2021-06-24 09:49:06,4226.0,47677
2021-06-24 09:49:07,4226.0,47677
2021-06-24 09:49:08,4226.0,47677
2021-06-24 09:49:10,4226.0,47677
2021-06-24 09:49:12,4226.0,47677
2021-06-24 09:49:13,4226.0,47677
2021-06-24 09:49:14,4226.4,47680
2021-06-24 09:49:15,4226.4,47680
2021-06-24 09:49:16,4226.4,47680
2021-06-24 09:49:17,4226.4,47680
2021-06-24 09:49:18,4226.4,47680
2021-06-24 09:49:19,4226.4,47680
2021-06-24 09:49:20,4226.05,47695
2021-06-24 09:49:21,4226.05,47695
2021-06-24 09:49:22,4226.05,47695
2021-06-24 09:49:23,4226.05,47695
2021-06-24 09:49:24,4226.3,47696
2021-06-24 09:49:25,4226.3,47723
2021-06-24 09:49:26,4226.3,47723
2021-06-24 09:49:27,4226.5,47833
2021-06-24 09:49:28,4228.0,47835
2021-06-24 09:49:29,4228.0,47835
2021-06-24 09:49:30,4228.0,47835
2021-06-24 09:49:30,4228.0,47835
2021-06-24 09:49:31,4228.0,47835
2021-06-24 09:49:32,4226.55,47885
2021-06-24 09:49:33,4226.55,47885
2021-06-24 09:49:34,4226.55,47885
2021-06-24 09:49:36,4226.55,47885
2021-06-24 09:49:37,4226.55,47885
2021-06-24 09:49:38,4226.55,47885
2021-06-24 09:49:39,4228.3,47999
2021-06-24 09:49:40,4226.05,48051
2021-06-24 09:49:41,4226.05,48051
2021-06-24 09:49:42,4226.05,48051
2021-06-24 09:49:43,4226.05,48051
2021-06-24 09:49:44,4226.05,48051
2021-06-24 09:49:45,4226.05,48051
2021-06-24 09:49:46,4226.05,48051
2021-06-24 09:49:49,4227.65,48063
2021-06-24 09:49:50,4227.65,48063
2021-06-24 09:49:51,4227.65,48063
2021-06-24 09:49:52,4227.65,48063
2021-06-24 09:49:53,4227.65,48063
2021-06-24 09:49:54,4227.75,48088
2021-06-24 09:49:55,4227.75,48088
2021-06-24 09:49:56,4227.75,48088
2021-06-24 09:49:57,4227.75,48088
2021-06-24 09:49:58,4227.75,48088
2021-06-24 09:49:59,4227.75,48088
2021-06-24 09:50:00,4227.75,48088
2021-06-24 09:50:02,4227.8,48128
2021-06-24 09:50:03,4227.8,48128
2021-06-24 09:50:04,4227.8,48128
2021-06-24 09:50:05,4227.8,48128
2021-06-24 09:50:06,4227.8,48128
2021-06-24 09:50:07,4227.8,48128
2021-06-24 09:50:10,4227.8,48128
2021-06-24 09:50:11,4227.8,48128
2021-06-24 09:50:12,4227.8,48128
2021-06-24 09:50:14,4227.65,48138
2021-06-24 09:50:13,4227.65,48138
2021-06-24 09:50:15,4227.65,48138
2021-06-24 09:50:16,4227.65,48138
2021-06-24 09:50:17,4227.5,48252
2021-06-24 09:50:17,4227.5,48252
2021-06-24 09:50:18,4225.85,48286
2021-06-24 09:50:19,4225.85,48286
2021-06-24 09:50:21,4225.85,48286
2021-06-24 09:50:22,4225.85,48286
2021-06-24 09:50:23,4225.85,48286
2021-06-24 09:50:24,4225.85,48286
2021-06-24 09:50:25,4225.85,48286
2021-06-24 09:50:26,4225.0,48466
2021-06-24 09:50:27,4226.45,48516
2021-06-24 09:50:28,4225.4,48525
2021-06-24 09:50:29,4225.4,48525
2021-06-24 09:50:30,4225.4,48525
2021-06-24 09:50:31,4225.4,48526
2021-06-24 09:50:32,4225.4,48526
2021-06-24 09:50:33,4225.4,48526
2021-06-24 09:50:34,4225.4,48541
2021-06-24 09:50:35,4226.5,48549
2021-06-24 09:50:36,4226.5,48550
2021-06-24 09:50:37,4226.5,48550
2021-06-24 09:50:38,4226.5,48550
2021-06-24 09:50:39,4226.5,48559
2021-06-24 09:50:40,4226.5,48559
2021-06-24 09:50:41,4226.5,48559
2021-06-24 09:50:42,4225.4,48577
2021-06-24 09:50:43,4225.4,48577
2021-06-24 09:50:45,4225.4,48577
2021-06-24 09:50:44,4225.4,48577
2021-06-24 09:50:46,4225.4,48577
2021-06-24 09:50:47,4225.4,48577
2021-06-24 09:50:48,4225.4,48577
2021-06-24 09:50:49,4225.4,48577
2021-06-24 09:50:50,4225.4,48577
2021-06-24 09:50:51,4225.4,48577
2021-06-24 09:50:52,4225.4,48577
2021-06-24 09:50:53,4225.4,48577
2021-06-24 09:50:54,4225.4,48577
2021-06-24 09:50:55,4225.4,48577
2021-06-24 09:50:56,4225.4,48577
2021-06-24 09:50:57,4225.4,48577
2021-06-24 09:50:58,4225.4,48577
2021-06-24 09:50:59,4226.5,48603
2021-06-24 09:51:00,4226.5,48603
2021-06-24 09:51:01,4226.5,48603
2021-06-24 09:51:02,4226.5,48603
2021-06-24 09:51:03,4225.95,48614
2021-06-24 09:51:04,4225.4,48637
2021-06-24 09:51:05,4225.0,48649
2021-06-24 09:51:06,4225.0,48649
2021-06-24 09:51:07,4225.0,48649
2021-06-24 09:51:08,4225.0,48649
2021-06-24 09:51:09,4225.0,48649
2021-06-24 09:51:10,4225.0,48649
2021-06-24 09:51:11,4225.35,48650
2021-06-24 09:51:12,4225.35,48650
2021-06-24 09:51:13,4225.35,48650
2021-06-24 09:51:14,4225.35,48650
2021-06-24 09:51:15,4225.35,48650
2021-06-24 09:51:16,4225.0,48683
2021-06-24 09:51:18,4223.95,48747
2021-06-24 09:51:17,4223.95,48747
2021-06-24 09:51:19,4223.65,48748
2021-06-24 09:51:21,4223.65,48748
2021-06-24 09:51:22,4225.1,48794
2021-06-24 09:51:23,4225.1,48794
2021-06-24 09:51:24,4225.1,48794
2021-06-24 09:51:25,4223.5,48830
2021-06-24 09:51:26,4223.5,48830
2021-06-24 09:51:27,4223.5,48830
2021-06-24 09:51:28,4223.5,48830
2021-06-24 09:51:29,4223.5,48830
2021-06-24 09:51:30,4225.0,48832
2021-06-24 09:51:31,4225.0,48832
2021-06-24 09:51:32,4225.0,48832
2021-06-24 09:51:33,4225.0,48832
2021-06-24 09:51:34,4225.0,48832
2021-06-24 09:51:35,4225.0,48832
2021-06-24 09:51:36,4225.0,48837
2021-06-24 09:51:37,4225.0,48837
2021-06-24 09:51:38,4225.0,48840
2021-06-24 09:51:39,4225.0,48840
2021-06-24 09:51:40,4225.0,48840
2021-06-24 09:51:41,4223.9,48850
2021-06-24 09:51:42,4223.9,48850
2021-06-24 09:51:43,4223.9,48850
2021-06-24 09:51:44,4223.9,48850
2021-06-24 09:51:45,4223.9,48850
2021-06-24 09:51:46,4223.9,48850
2021-06-24 09:51:48,4223.75,48970
2021-06-24 09:51:49,4223.1,49018
2021-06-24 09:51:51,4223.3,49133
2021-06-24 09:51:52,4223.3,49133
2021-06-24 09:51:53,4223.3,49133
2021-06-24 09:51:54,4223.3,49133
2021-06-24 09:51:55,4223.3,49133
2021-06-24 09:51:56,4223.3,49133
2021-06-24 09:51:57,4223.3,49133
2021-06-24 09:51:59,4224.3,49148
2021-06-24 09:52:00,4224.3,49148
2021-06-24 09:52:01,4224.3,49148
2021-06-24 09:52:03,4224.3,49148
2021-06-24 09:52:04,4223.9,49152
2021-06-24 09:52:05,4223.9,49152
2021-06-24 09:52:06,4223.9,49152
2021-06-24 09:52:08,4223.9,49152
2021-06-24 09:52:09,4223.9,49154
2021-06-24 09:52:10,4223.9,49192
2021-06-24 09:52:11,4223.9,49202
2021-06-24 09:52:12,4223.9,49204
2021-06-24 09:52:13,4223.9,49204
2021-06-24 09:52:14,4223.9,49205
2021-06-24 09:52:15,4223.9,49205
2021-06-24 09:52:16,4223.9,49206
2021-06-24 09:52:17,4223.9,49206
2021-06-24 09:52:18,4223.9,49206
2021-06-24 09:52:19,4223.9,49206
2021-06-24 09:52:20,4223.9,49206
2021-06-24 09:52:21,4223.9,49206
2021-06-24 09:52:22,4223.1,49256
2021-06-24 09:52:23,4223.1,49256
2021-06-24 09:52:24,4223.1,49256
2021-06-24 09:52:25,4223.05,49276
2021-06-24 09:52:26,4223.05,49276
2021-06-24 09:52:27,4223.7,49301
2021-06-24 09:52:29,4223.7,49301
2021-06-24 09:52:30,4223.7,49331
2021-06-24 09:52:31,4223.7,49352
2021-06-24 09:52:32,4223.0,49357
2021-06-24 09:52:33,4223.0,49357
2021-06-24 09:52:34,4223.7,49358
2021-06-24 09:52:35,4223.7,49358
2021-06-24 09:52:36,4223.7,49358
2021-06-24 09:52:38,4223.7,49358
2021-06-24 09:52:39,4223.8,49405
2021-06-24 09:52:40,4223.75,49406
2021-06-24 09:52:41,4223.75,49406
2021-06-24 09:52:42,4223.75,49406
2021-06-24 09:52:43,4223.75,49406
2021-06-24 09:52:44,4223.75,49406
2021-06-24 09:52:45,4223.75,49406
2021-06-24 09:52:46,4223.75,49406
2021-06-24 09:52:47,4223.75,49406
2021-06-24 09:52:48,4223.75,49406
2021-06-24 09:52:50,4223.65,49412
2021-06-24 09:52:50,4223.65,49412
2021-06-24 09:52:51,4223.65,49412
2021-06-24 09:52:52,4223.85,49413
2021-06-24 09:52:53,4223.85,49413
2021-06-24 09:52:54,4223.75,49416
2021-06-24 09:52:55,4223.75,49417
2021-06-24 09:52:56,4223.75,49417
2021-06-24 09:52:57,4223.75,49417
2021-06-24 09:52:58,4223.75,49417
2021-06-24 09:52:59,4223.75,49417
2021-06-24 09:53:00,4223.75,49417
2021-06-24 09:53:01,4223.75,49417
2021-06-24 09:53:02,4223.75,49417
2021-06-24 09:53:03,4223.75,49417
2021-06-24 09:53:05,4223.75,49417
2021-06-24 09:53:06,4223.75,49452
2021-06-24 09:53:08,4223.85,49453
2021-06-24 09:53:09,4223.85,49453
2021-06-24 09:53:09,4223.85,49453
2021-06-24 09:53:10,4223.85,49453
2021-06-24 09:53:11,4223.9,49473
2021-06-24 09:53:12,4223.9,49481
2021-06-24 09:53:14,4223.9,49482
2021-06-24 09:53:15,4223.95,49487
2021-06-24 09:53:16,4223.95,49487
2021-06-24 09:53:17,4223.8,49531
2021-06-24 09:53:18,4223.8,49531
2021-06-24 09:53:19,4223.8,49534
2021-06-24 09:53:21,4223.8,49534
2021-06-24 09:53:22,4223.9,49538
2021-06-24 09:53:23,4223.9,49538
2021-06-24 09:53:24,4223.35,49643
2021-06-24 09:53:25,4223.35,49643
2021-06-24 09:53:26,4223.35,49643
2021-06-24 09:53:27,4223.35,49643
2021-06-24 09:53:28,4223.9,49645
2021-06-24 09:53:30,4223.9,49645
2021-06-24 09:53:31,4223.9,49688
2021-06-24 09:53:32,4223.9,49688
2021-06-24 09:53:33,4223.9,49728
2021-06-24 09:53:35,4223.9,49728
2021-06-24 09:53:35,4223.9,49728
2021-06-24 09:53:36,4223.9,49775
2021-06-24 09:53:37,4223.9,49775
2021-06-24 09:53:38,4223.9,49775
2021-06-24 09:53:39,4223.9,49775
2021-06-24 09:53:40,4223.9,49775
2021-06-24 09:53:41,4223.9,49775
2021-06-24 09:53:42,4223.9,49878
2021-06-24 09:53:43,4223.9,49930
2021-06-24 09:53:44,4223.9,49930
2021-06-24 09:53:45,4223.9,49930
2021-06-24 09:53:46,4223.9,49930
2021-06-24 09:53:47,4223.95,49931
2021-06-24 09:53:48,4223.95,49931
2021-06-24 09:53:50,4223.95,49931
2021-06-24 09:53:51,4223.95,49931
2021-06-24 09:53:53,4223.0,49932
2021-06-24 09:53:54,4223.0,49932
2021-06-24 09:53:55,4223.0,49932
2021-06-24 09:53:55,4223.0,49932
2021-06-24 09:53:56,4220.0,50422
2021-06-24 09:53:58,4220.0,50422
2021-06-24 09:53:59,4220.5,50424
2021-06-24 09:54:01,4220.6,50443
2021-06-24 09:54:02,4220.6,50443
2021-06-24 09:54:03,4221.0,50507
2021-06-24 09:54:04,4219.65,50533
2021-06-24 09:54:05,4219.0,50573
2021-06-24 09:54:06,4219.0,50573
2021-06-24 09:54:07,4219.0,50573
2021-06-24 09:54:08,4219.0,50573
2021-06-24 09:54:09,4219.0,50573
2021-06-24 09:54:10,4219.0,50573
2021-06-24 09:54:11,4219.0,50573
2021-06-24 09:54:13,4219.0,50573
2021-06-24 09:54:14,4220.0,50574
2021-06-24 09:54:14,4220.0,50574
2021-06-24 09:54:15,4220.9,50585
2021-06-24 09:54:16,4220.9,50585
2021-06-24 09:54:17,4220.9,50585
2021-06-24 09:54:18,4220.1,50663
2021-06-24 09:54:19,4220.1,50663
2021-06-24 09:54:20,4220.9,50667
2021-06-24 09:54:21,4220.05,50682
2021-06-24 09:54:22,4220.9,50683
2021-06-24 09:54:23,4220.9,50683
2021-06-24 09:54:25,4220.9,50683
2021-06-24 09:54:26,4220.9,50683
2021-06-24 09:54:26,4220.9,50683
2021-06-24 09:54:27,4220.0,50713
2021-06-24 09:54:28,4220.0,50754
2021-06-24 09:54:29,4220.0,50754
2021-06-24 09:54:30,4220.0,50754
2021-06-24 09:54:31,4220.0,50754
2021-06-24 09:54:32,4220.6,50764
2021-06-24 09:54:33,4220.7,50773
2021-06-24 09:54:34,4220.7,50773
2021-06-24 09:54:35,4220.7,50773
2021-06-24 09:54:36,4220.7,50774
2021-06-24 09:54:37,4220.7,50774
2021-06-24 09:54:38,4220.7,50774
2021-06-24 09:54:39,4220.65,50775
2021-06-24 09:54:40,4220.65,50775
2021-06-24 09:54:41,4220.7,50780
2021-06-24 09:54:42,4220.7,50780
2021-06-24 09:54:43,4220.7,50782
2021-06-24 09:54:44,4220.7,50817
2021-06-24 09:54:45,4220.7,50817
2021-06-24 09:54:47,4220.85,50927
2021-06-24 09:54:49,4220.85,50956
2021-06-24 09:54:51,4220.85,50956
2021-06-24 09:54:52,4220.85,50956
2021-06-24 09:54:53,4220.85,50957
2021-06-24 09:54:54,4221.05,50963
2021-06-24 09:54:54,4221.05,50968
2021-06-24 09:54:55,4221.05,50971
2021-06-24 09:54:56,4221.05,50986
2021-06-24 09:54:57,4221.05,50986
2021-06-24 09:54:59,4221.05,50986
2021-06-24 09:54:59,4223.0,50988
2021-06-24 09:55:01,4223.0,50988
2021-06-24 09:55:01,4223.0,50988
2021-06-24 09:55:03,4223.0,50988
2021-06-24 09:55:04,4222.9,51022
2021-06-24 09:55:05,4222.9,51022
2021-06-24 09:55:06,4222.9,51022
2021-06-24 09:55:07,4222.4,51075
2021-06-24 09:55:09,4222.4,51075
2021-06-24 09:55:10,4222.4,51075
2021-06-24 09:55:11,4222.4,51075
2021-06-24 09:55:12,4222.4,51075
2021-06-24 09:55:14,4221.35,51091
2021-06-24 09:55:14,4221.35,51091
2021-06-24 09:55:16,4221.35,51091
2021-06-24 09:55:17,4221.35,51091
2021-06-24 09:55:18,4221.7,51101
2021-06-24 09:55:19,4221.7,51101
2021-06-24 09:55:20,4221.0,51203
2021-06-24 09:55:21,4221.0,51203
2021-06-24 09:55:22,4221.0,51214
2021-06-24 09:55:23,4221.0,51214
2021-06-24 09:55:24,4221.0,51214
2021-06-24 09:55:25,4221.0,51214
2021-06-24 09:55:25,4220.0,51283
2021-06-24 09:55:26,4220.0,51283
2021-06-24 09:55:27,4219.0,51403
2021-06-24 09:55:28,4220.05,51464
2021-06-24 09:55:29,4220.05,51464
2021-06-24 09:55:30,4220.05,51464
2021-06-24 09:55:31,4219.8,51471
2021-06-24 09:55:33,4219.0,51521
2021-06-24 09:55:34,4219.0,51621
2021-06-24 09:55:36,4219.0,51756
2021-06-24 09:55:36,4219.0,51756
2021-06-24 09:55:37,4219.0,51756
2021-06-24 09:55:38,4219.0,51756
2021-06-24 09:55:39,4219.8,51789
2021-06-24 09:55:40,4219.8,51789
2021-06-24 09:55:41,4219.8,51880
2021-06-24 09:55:43,4219.8,51883
2021-06-24 09:55:44,4217.95,51908
2021-06-24 09:55:45,4217.95,51908
2021-06-24 09:55:46,4218.95,51923
2021-06-24 09:55:47,4218.95,52334
2021-06-24 09:55:48,4218.25,52379
2021-06-24 09:55:49,4218.25,52379
2021-06-24 09:55:50,4218.25,52432
2021-06-24 09:55:51,4218.25,52432
2021-06-24 09:55:52,4218.25,52432
2021-06-24 09:55:54,4218.25,52432
2021-06-24 09:55:55,4218.25,52432
2021-06-24 09:55:56,4216.35,52442
2021-06-24 09:55:57,4217.85,52519
2021-06-24 09:55:57,4217.85,52519
2021-06-24 09:55:58,4217.85,52519
2021-06-24 09:55:59,4215.5,52712
2021-06-24 09:56:00,4216.0,52719
2021-06-24 09:56:01,4215.8,52740
2021-06-24 09:56:03,4216.0,53302
2021-06-24 09:56:04,4216.15,53534
2021-06-24 09:56:04,4218.0,53600
2021-06-24 09:56:06,4220.05,53899
2021-06-24 09:56:06,4220.05,53899
2021-06-24 09:56:07,4221.35,54403
2021-06-24 09:56:08,4220.3,54517
2021-06-24 09:56:09,4220.3,54517
2021-06-24 09:56:10,4221.4,54546
2021-06-24 09:56:11,4221.4,54546
2021-06-24 09:56:12,4221.4,54546
2021-06-24 09:56:14,4221.4,54546
2021-06-24 09:56:14,4221.5,54551
2021-06-24 09:56:15,4221.5,54551
2021-06-24 09:56:16,4221.5,54560
2021-06-24 09:56:17,4220.4,54561
2021-06-24 09:56:18,4221.5,54579
2021-06-24 09:56:20,4221.5,54579
2021-06-24 09:56:21,4221.5,54579
2021-06-24 09:56:22,4221.7,54615
2021-06-24 09:56:22,4221.7,54615
2021-06-24 09:56:24,4221.7,54615
2021-06-24 09:56:26,4220.3,54898
2021-06-24 09:56:27,4219.1,54985
2021-06-24 09:56:28,4219.1,54985
2021-06-24 09:56:29,4219.1,54985
2021-06-24 09:56:30,4219.1,54985
2021-06-24 09:56:30,4219.1,54985
2021-06-24 09:56:32,4219.1,54985
2021-06-24 09:56:33,4217.8,55016
2021-06-24 09:56:34,4217.8,55024
2021-06-24 09:56:35,4217.8,55024
2021-06-24 09:56:36,4217.8,55024
2021-06-24 09:56:38,4217.8,55024
2021-06-24 09:56:39,4217.8,55024
2021-06-24 09:56:40,4219.5,55030
2021-06-24 09:56:41,4219.5,55030
2021-06-24 09:56:42,4219.5,55030
2021-06-24 09:56:43,4219.5,55032
2021-06-24 09:56:45,4219.5,55032
2021-06-24 09:56:46,4219.5,55032
2021-06-24 09:56:47,4219.5,55032
2021-06-24 09:56:48,4219.5,55033
2021-06-24 09:56:49,4219.5,55136
2021-06-24 09:56:50,4219.5,55136
2021-06-24 09:56:51,4219.5,55136
2021-06-24 09:56:52,4217.85,55138
2021-06-24 09:56:53,4217.85,55138
2021-06-24 09:56:55,4219.45,55139
2021-06-24 09:56:55,4219.45,55139
2021-06-24 09:56:57,4219.45,55139
2021-06-24 09:56:58,4219.4,55143
2021-06-24 09:56:59,4217.85,55168
2021-06-24 09:57:01,4217.85,55168
2021-06-24 09:57:02,4217.85,55168
2021-06-24 09:57:03,4217.85,55168
2021-06-24 09:57:04,4219.4,55221
2021-06-24 09:57:05,4217.85,55262
2021-06-24 09:57:06,4217.85,55262
2021-06-24 09:57:07,4219.95,55663
2021-06-24 09:57:07,4223.05,55913
2021-06-24 09:57:08,4219.85,55938
2021-06-24 09:57:09,4219.85,55938
2021-06-24 09:57:10,4219.85,55938
2021-06-24 09:57:12,4218.2,56099
2021-06-24 09:57:13,4221.7,56185
2021-06-24 09:57:14,4221.7,56185
2021-06-24 09:57:15,4221.7,56185
2021-06-24 09:57:15,4221.7,56185
2021-06-24 09:57:16,4221.7,56185
2021-06-24 09:57:17,4221.7,56185
2021-06-24 09:57:18,4221.7,56185
2021-06-24 09:57:19,4219.45,56187
2021-06-24 09:57:20,4219.45,56191
2021-06-24 09:57:21,4217.85,56204
2021-06-24 09:57:22,4217.85,56206
2021-06-24 09:57:24,4217.85,56210
2021-06-24 09:57:25,4217.85,56219
2021-06-24 09:57:26,4217.65,56249
2021-06-24 09:57:27,4217.65,56249
2021-06-24 09:57:28,4217.0,56252
2021-06-24 09:57:29,4217.0,56255
2021-06-24 09:57:30,4217.8,56258
2021-06-24 09:57:31,4217.0,56549
2021-06-24 09:57:32,4217.0,56553
2021-06-24 09:57:33,4217.0,56591
2021-06-24 09:57:34,4217.0,56607
2021-06-24 09:57:35,4217.0,56607
2021-06-24 09:57:36,4217.9,56777
2021-06-24 09:57:37,4217.9,56777
2021-06-24 09:57:38,4217.0,56778
2021-06-24 09:57:39,4217.0,56778
2021-06-24 09:57:40,4217.55,56786
2021-06-24 09:57:42,4217.55,56786
2021-06-24 09:57:43,4217.55,56786
2021-06-24 09:57:44,4217.55,56809
2021-06-24 09:57:45,4217.4,56813
2021-06-24 09:57:46,4217.4,56813
2021-06-24 09:57:47,4217.4,56821
2021-06-24 09:57:48,4217.4,56821
2021-06-24 09:57:49,4216.4,57615
2021-06-24 09:57:49,4217.6,57542
2021-06-24 09:57:51,4216.4,57615
2021-06-24 09:57:52,4218.35,57646
2021-06-24 09:57:53,4218.35,57646
2021-06-24 09:57:54,4218.35,57646
2021-06-24 09:57:55,4217.85,57752
2021-06-24 09:57:56,4217.85,57752
2021-06-24 09:57:57,4216.55,57762
2021-06-24 09:57:58,4216.55,57762
2021-06-24 09:57:59,4216.55,57777
2021-06-24 09:58:00,4216.55,57777
2021-06-24 09:58:02,4216.55,57777
2021-06-24 09:58:03,4216.55,57777
2021-06-24 09:58:04,4218.1,57786
2021-06-24 09:58:05,4218.05,57790
2021-06-24 09:58:06,4218.05,58524
2021-06-24 09:58:07,4216.55,58572
2021-06-24 09:58:08,4216.55,58572
2021-06-24 09:58:09,4218.55,58584
2021-06-24 09:58:10,4218.55,58588
2021-06-24 09:58:12,4217.5,58589
2021-06-24 09:58:13,4217.5,58589
2021-06-24 09:58:14,4218.55,58590
2021-06-24 09:58:16,4220.3,58783
2021-06-24 09:58:17,4220.0,58818
2021-06-24 09:58:18,4220.4,58824
2021-06-24 09:58:19,4220.5,58830
2021-06-24 09:58:20,4220.5,58844
2021-06-24 09:58:20,4220.5,58844
2021-06-24 09:58:21,4218.7,58854
2021-06-24 09:58:22,4218.7,58854
2021-06-24 09:58:23,4220.2,58863
2021-06-24 09:58:24,4220.2,58863
2021-06-24 09:58:25,4218.6,58896
2021-06-24 09:58:27,4218.6,58896
2021-06-24 09:58:27,4218.6,58896
2021-06-24 09:58:28,4218.4,59076
2021-06-24 09:58:29,4218.5,59130
2021-06-24 09:58:30,4216.4,59145
2021-06-24 09:58:31,4216.4,59145
2021-06-24 09:58:32,4216.4,59145
2021-06-24 09:58:34,4217.5,59368
2021-06-24 09:58:34,4215.65,59410
2021-06-24 09:58:35,4215.65,59410
2021-06-24 09:58:36,4217.85,59428
2021-06-24 09:58:37,4215.95,59431
2021-06-24 09:58:38,4217.8,59438
2021-06-24 09:58:39,4217.8,59438
2021-06-24 09:58:40,4217.8,59438
2021-06-24 09:58:42,4217.75,59442
2021-06-24 09:58:43,4217.75,59442
2021-06-24 09:58:44,4217.5,59447
2021-06-24 09:58:45,4217.5,59447
2021-06-24 09:58:46,4217.5,59447
2021-06-24 09:58:47,4217.5,59447
2021-06-24 09:58:48,4217.5,59447
2021-06-24 09:58:49,4217.5,59447
2021-06-24 09:58:50,4217.5,59447
2021-06-24 09:58:51,4217.5,59447
2021-06-24 09:58:52,4216.5,59483
2021-06-24 09:58:53,4216.5,59483
2021-06-24 09:58:53,4216.5,59483
2021-06-24 09:58:55,4217.0,59484
2021-06-24 09:58:56,4217.0,59484
2021-06-24 09:58:57,4217.0,59484
2021-06-24 09:58:57,4217.0,59484
2021-06-24 09:58:59,4216.1,59489
2021-06-24 09:59:00,4216.1,59489
2021-06-24 09:59:01,4217.0,59491
2021-06-24 09:59:02,4217.0,59531
2021-06-24 09:59:03,4217.0,59564
2021-06-24 09:59:04,4217.0,59564
2021-06-24 09:59:06,4217.0,59577
2021-06-24 09:59:05,4217.0,59577
2021-06-24 09:59:07,4216.1,59593
2021-06-24 09:59:08,4216.1,59593
2021-06-24 09:59:09,4217.05,59597
2021-06-24 09:59:10,4217.05,59597
2021-06-24 09:59:11,4216.7,59602
2021-06-24 09:59:12,4216.7,59602
2021-06-24 09:59:13,4216.7,59602
2021-06-24 09:59:14,4216.7,59602
2021-06-24 09:59:15,4216.7,59602
2021-06-24 09:59:16,4216.7,59602
2021-06-24 09:59:17,4216.7,59602
2021-06-24 09:59:18,4216.75,59608
2021-06-24 09:59:19,4216.75,59611
2021-06-24 09:59:20,4216.75,59611
2021-06-24 09:59:21,4216.75,59611
2021-06-24 09:59:22,4216.5,59614
2021-06-24 09:59:22,4216.75,59618
2021-06-24 09:59:23,4216.75,59618
2021-06-24 09:59:25,4216.5,59639
2021-06-24 09:59:26,4216.5,59639
2021-06-24 09:59:28,4216.7,59641
2021-06-24 09:59:28,4216.7,59641
2021-06-24 09:59:30,4216.5,59677
2021-06-24 09:59:31,4216.5,59677
2021-06-24 09:59:32,4216.5,59677
2021-06-24 09:59:33,4216.0,59716
2021-06-24 09:59:33,4216.0,59716
2021-06-24 09:59:35,4216.0,59716
2021-06-24 09:59:36,4215.95,59873
2021-06-24 09:59:37,4215.95,59873
2021-06-24 09:59:38,4216.5,59877
2021-06-24 09:59:39,4216.5,59877
2021-06-24 09:59:40,4216.5,59877
2021-06-24 09:59:41,4216.5,59877
2021-06-24 09:59:43,4216.5,59877
2021-06-24 09:59:44,4216.5,59886
2021-06-24 09:59:45,4216.5,59886
2021-06-24 09:59:46,4215.3,59900
2021-06-24 09:59:47,4215.25,59929
2021-06-24 09:59:48,4215.95,59933
2021-06-24 09:59:49,4216.5,59972
2021-06-24 09:59:50,4216.5,59972
2021-06-24 09:59:51,4215.3,59974
2021-06-24 09:59:52,4215.3,59974
2021-06-24 09:59:53,4215.3,59986
2021-06-24 09:59:54,4215.3,59986
2021-06-24 09:59:55,4215.3,59986
2021-06-24 09:59:56,4215.3,59990
2021-06-24 09:59:58,4215.65,59998
2021-06-24 09:59:59,4215.65,59998
2021-06-24 10:00:00,4215.65,59998
2021-06-24 10:00:01,4215.3,59999
2021-06-24 10:00:02,4215.3,60002
2021-06-24 10:00:03,4215.25,60065
2021-06-24 10:00:04,4215.65,60099
2021-06-24 10:00:05,4215.65,60099
2021-06-24 10:00:06,4215.1,60103
2021-06-24 10:00:07,4215.1,60103
2021-06-24 10:00:08,4215.2,60715
2021-06-24 10:00:09,4214.3,60823
2021-06-24 10:00:10,4214.0,60841
2021-06-24 10:00:11,4213.4,60852
2021-06-24 10:00:12,4214.1,60928
2021-06-24 10:00:13,4213.4,60939
2021-06-24 10:00:15,4214.05,60947
2021-06-24 10:00:16,4213.4,60951
2021-06-24 10:00:17,4213.4,60952
2021-06-24 10:00:18,4212.9,60996
2021-06-24 10:00:19,4212.9,60996
2021-06-24 10:00:20,4214.0,61036
2021-06-24 10:00:22,4214.05,61057
2021-06-24 10:00:23,4213.9,61069
2021-06-24 10:00:23,4213.9,61069
2021-06-24 10:00:24,4214.05,61119
2021-06-24 10:00:26,4214.05,61119
2021-06-24 10:00:27,4214.05,61124
2021-06-24 10:00:28,4214.05,61124
2021-06-24 10:00:29,4214.05,61124
2021-06-24 10:00:33,4214.1,61326
2021-06-24 10:00:34,4214.1,61326
2021-06-24 10:00:35,4213.4,61336
2021-06-24 10:00:36,4213.0,61337
2021-06-24 10:00:37,4214.15,61347
2021-06-24 10:00:38,4213.05,61350
2021-06-24 10:00:39,4213.05,61350
2021-06-24 10:00:40,4214.2,61361
2021-06-24 10:00:41,4214.2,61361
2021-06-24 10:00:42,4212.9,61411
2021-06-24 10:00:43,4212.9,61411
2021-06-24 10:00:44,4212.9,61411
2021-06-24 10:00:45,4214.2,61412
2021-06-24 10:00:46,4214.2,61412
2021-06-24 10:00:47,4214.8,61485
2021-06-24 10:00:48,4214.8,61485
2021-06-24 10:00:49,4214.8,61485
2021-06-24 10:00:49,4214.8,61485
2021-06-24 10:00:52,4214.8,61485
2021-06-24 10:00:54,4216.65,61490
2021-06-24 10:00:55,4216.65,61501
2021-06-24 10:00:56,4216.65,61501
2021-06-24 10:00:57,4216.65,61501
2021-06-24 10:00:58,4216.65,61501
2021-06-24 10:00:59,4216.65,61501
2021-06-24 10:01:00,4216.65,61501
2021-06-24 10:01:01,4216.65,61501
2021-06-24 10:01:02,4216.65,61503
2021-06-24 10:01:03,4216.65,61536
2021-06-24 10:01:04,4213.15,61697
2021-06-24 10:01:05,4213.2,61714
2021-06-24 10:01:06,4213.2,61714
2021-06-24 10:01:07,4213.2,61714
2021-06-24 10:01:08,4213.3,61764
2021-06-24 10:01:09,4216.05,61836
2021-06-24 10:01:10,4215.5,62743
2021-06-24 10:01:11,4215.0,62805
2021-06-24 10:01:12,4215.0,62805
2021-06-24 10:01:13,4215.0,62805
2021-06-24 10:01:14,4215.0,62806
2021-06-24 10:01:15,4215.0,62810
2021-06-24 10:01:16,4215.0,62810
2021-06-24 10:01:17,4215.0,62810
2021-06-24 10:01:18,4215.0,62810
2021-06-24 10:01:19,4215.0,62810
2021-06-24 10:01:20,4216.35,62875
2021-06-24 10:01:21,4217.85,63085
2021-06-24 10:01:23,4212.95,64398
2021-06-24 10:01:24,4215.9,64555
2021-06-24 10:01:25,4215.9,64555
2021-06-24 10:01:26,4215.9,64555
2021-06-24 10:01:27,4215.85,64604
2021-06-24 10:01:28,4215.75,64632
2021-06-24 10:01:29,4213.3,64633
2021-06-24 10:01:30,4213.3,64633
2021-06-24 10:01:31,4213.3,64633
2021-06-24 10:01:32,4213.3,64633
2021-06-24 10:01:33,4215.7,64782
2021-06-24 10:01:34,4215.7,64782
2021-06-24 10:01:35,4215.7,64782
2021-06-24 10:01:36,4214.85,64818
2021-06-24 10:01:37,4212.05,64968
2021-06-24 10:01:38,4212.05,64968
2021-06-24 10:01:39,4212.05,64968
2021-06-24 10:01:40,4214.85,65084
2021-06-24 10:01:41,4212.75,65091
2021-06-24 10:01:42,4212.5,65141
2021-06-24 10:01:43,4212.5,65141
2021-06-24 10:01:44,4212.5,65141
2021-06-24 10:01:46,4212.5,65141
2021-06-24 10:01:47,4214.75,65142
2021-06-24 10:01:48,4212.9,65168
2021-06-24 10:01:49,4212.45,65193
2021-06-24 10:01:50,4212.45,65193
2021-06-24 10:01:51,4212.45,65193
2021-06-24 10:01:52,4212.45,65193
2021-06-24 10:01:53,4212.45,65193
2021-06-24 10:01:54,4212.45,65193
2021-06-24 10:01:55,4212.45,65193
2021-06-24 10:01:56,4212.45,65193
2021-06-24 10:01:57,4214.5,65321
2021-06-24 10:01:58,4214.5,65321
2021-06-24 10:01:59,4212.95,65365
2021-06-24 10:02:00,4212.95,65365
2021-06-24 10:02:01,4212.95,65365
2021-06-24 10:02:02,4212.95,65365
2021-06-24 10:02:04,4214.5,65398
2021-06-24 10:02:05,4214.5,65398
2021-06-24 10:02:06,4212.9,65429
2021-06-24 10:02:07,4214.0,65531
2021-06-24 10:02:08,4214.0,65531
2021-06-24 10:02:09,4214.0,65531
2021-06-24 10:02:11,4214.0,65531
2021-06-24 10:02:12,4214.0,65531
2021-06-24 10:02:13,4214.0,65531
2021-06-24 10:02:15,4214.0,65531
2021-06-24 10:02:16,4214.5,65571
2021-06-24 10:02:17,4214.5,65571
2021-06-24 10:02:18,4214.5,65571
2021-06-24 10:02:19,4214.5,65571
2021-06-24 10:02:20,4214.5,65581
2021-06-24 10:02:21,4214.5,65581
2021-06-24 10:02:22,4214.5,65581
2021-06-24 10:02:23,4214.0,65601
2021-06-24 10:02:24,4214.0,65601
2021-06-24 10:02:25,4214.0,65601
2021-06-24 10:02:26,4214.0,65601
2021-06-24 10:02:27,4214.0,65601
2021-06-24 10:02:28,4214.0,65601
2021-06-24 10:02:29,4214.0,65601
2021-06-24 10:02:30,4214.0,65601
2021-06-24 10:02:31,4214.5,65801
2021-06-24 10:02:32,4213.55,65818
2021-06-24 10:02:33,4212.85,65914
2021-06-24 10:02:34,4212.85,65914
2021-06-24 10:02:35,4212.85,65914
2021-06-24 10:02:36,4214.4,65923
2021-06-24 10:02:37,4214.4,65923
2021-06-24 10:02:38,4212.8,65943
2021-06-24 10:02:39,4212.8,65943
2021-06-24 10:02:40,4212.8,65947
2021-06-24 10:02:41,4212.8,65947
2021-06-24 10:02:42,4212.8,65947
2021-06-24 10:02:43,4212.8,65947
2021-06-24 10:02:44,4212.8,65948
2021-06-24 10:02:45,4214.0,65949
2021-06-24 10:02:46,4214.0,65954
2021-06-24 10:02:47,4214.0,65954
2021-06-24 10:02:48,4214.0,65954
2021-06-24 10:02:49,4214.0,65954
2021-06-24 10:02:50,4214.0,65954
2021-06-24 10:02:51,4214.0,65954
2021-06-24 10:02:52,4214.0,65954
2021-06-24 10:02:53,4214.0,65954
2021-06-24 10:02:54,4214.0,65954
2021-06-24 10:02:55,4212.8,65962
2021-06-24 10:02:56,4212.8,65962
2021-06-24 10:02:57,4212.6,66123
2021-06-24 10:02:58,4212.6,66123
2021-06-24 10:02:59,4213.95,66125
2021-06-24 10:03:00,4213.95,66167
2021-06-24 10:03:01,4213.95,66167
2021-06-24 10:03:02,4212.75,66169
2021-06-24 10:03:03,4212.6,66232
2021-06-24 10:03:04,4212.6,66233
2021-06-24 10:03:05,4212.45,66324
2021-06-24 10:03:06,4212.45,66324
2021-06-24 10:03:07,4213.9,66328
2021-06-24 10:03:08,4213.9,66328
2021-06-24 10:03:09,4213.9,66328
2021-06-24 10:03:10,4213.9,66328
2021-06-24 10:03:11,4212.05,66329
2021-06-24 10:03:14,4213.5,66356
2021-06-24 10:03:14,4213.5,66356
2021-06-24 10:03:15,4213.5,66356
2021-06-24 10:03:17,4213.4,66357
2021-06-24 10:03:18,4211.0,66516
2021-06-24 10:03:18,4210.6,66530
2021-06-24 10:03:19,4211.2,67049
2021-06-24 10:03:20,4209.85,67095
2021-06-24 10:03:21,4211.45,67096
2021-06-24 10:03:22,4211.55,67114
2021-06-24 10:03:23,4210.6,67121
2021-06-24 10:03:24,4210.6,67121
2021-06-24 10:03:25,4211.15,67123
2021-06-24 10:03:27,4211.15,67127
2021-06-24 10:03:28,4210.05,67157
2021-06-24 10:03:29,4210.05,67157
2021-06-24 10:03:30,4210.05,67157
2021-06-24 10:03:31,4210.05,67157
2021-06-24 10:03:32,4210.05,67157
2021-06-24 10:03:33,4211.7,67958
2021-06-24 10:03:34,4208.85,68037
2021-06-24 10:03:35,4208.85,68037
2021-06-24 10:03:36,4208.85,68037
2021-06-24 10:03:38,4208.7,68053
2021-06-24 10:03:39,4210.9,68058
2021-06-24 10:03:39,4210.9,68058
2021-06-24 10:03:40,4210.8,68080
2021-06-24 10:03:41,4210.8,68080
2021-06-24 10:03:42,4208.85,68130
2021-06-24 10:03:43,4208.85,68130
2021-06-24 10:03:44,4210.8,68140
2021-06-24 10:03:45,4210.8,68140
2021-06-24 10:03:46,4210.8,68140
2021-06-24 10:03:47,4210.8,68140
2021-06-24 10:03:49,4210.75,69577
2021-06-24 10:03:49,4208.1,69660
2021-06-24 10:03:50,4208.1,69660
2021-06-24 10:03:51,4209.6,69662
2021-06-24 10:03:52,4209.6,69662
2021-06-24 10:03:53,4209.65,69742
2021-06-24 10:03:54,4207.5,69917
2021-06-24 10:03:55,4207.5,69937
2021-06-24 10:03:56,4207.5,69937
2021-06-24 10:03:57,4207.5,69937
2021-06-24 10:03:59,4209.35,70044
2021-06-24 10:04:00,4209.35,70044
2021-06-24 10:04:01,4209.35,70044
2021-06-24 10:04:02,4209.5,70097
2021-06-24 10:04:03,4207.45,70147
2021-06-24 10:04:04,4209.5,70632
2021-06-24 10:04:05,4209.1,71509
2021-06-24 10:04:06,4207.45,71879
2021-06-24 10:04:07,4209.65,71904
2021-06-24 10:04:08,4208.7,71920
2021-06-24 10:04:09,4208.7,71920
2021-06-24 10:04:10,4208.7,71920
2021-06-24 10:04:11,4208.7,71920
2021-06-24 10:04:12,4208.7,71920
2021-06-24 10:04:13,4208.7,71920
2021-06-24 10:04:14,4208.7,71935
2021-06-24 10:04:15,4208.7,71935
2021-06-24 10:04:16,4208.7,71935
2021-06-24 10:04:18,4208.2,71936
2021-06-24 10:04:19,4208.7,71947
2021-06-24 10:04:20,4208.7,71952
2021-06-24 10:04:21,4208.7,71952
2021-06-24 10:04:22,4208.7,71952
2021-06-24 10:04:23,4208.7,71952
2021-06-24 10:04:25,4208.6,71984
2021-06-24 10:04:25,4208.6,71984
2021-06-24 10:04:26,4208.6,71984
2021-06-24 10:04:27,4208.6,72007
2021-06-24 10:04:28,4208.2,72008
2021-06-24 10:04:30,4208.2,72008
2021-06-24 10:04:30,4208.2,72008
2021-06-24 10:04:32,4208.2,72963
2021-06-24 10:04:33,4211.5,73087
2021-06-24 10:04:34,4211.45,73106
2021-06-24 10:04:35,4211.45,73106
2021-06-24 10:04:36,4211.45,73106
2021-06-24 10:04:37,4211.45,73106
2021-06-24 10:04:38,4211.45,73106
2021-06-24 10:04:39,4211.45,73106
2021-06-24 10:04:40,4211.5,73170
2021-06-24 10:04:41,4211.5,73170
2021-06-24 10:04:42,4211.5,73170
2021-06-24 10:04:43,4211.35,74342
2021-06-24 10:04:44,4210.6,74432
2021-06-24 10:04:45,4210.85,74580
2021-06-24 10:04:46,4212.85,74590
2021-06-24 10:04:47,4212.85,74590
2021-06-24 10:04:48,4213.25,74612
2021-06-24 10:04:49,4213.25,74643
2021-06-24 10:04:51,4213.4,74652
2021-06-24 10:04:52,4211.35,74657
2021-06-24 10:04:53,4211.35,74657
2021-06-24 10:04:54,4211.35,74657
2021-06-24 10:04:55,4211.35,74657
2021-06-24 10:04:56,4213.2,74687
2021-06-24 10:04:57,4213.2,74687
2021-06-24 10:04:59,4213.2,74687
2021-06-24 10:04:59,4213.2,74687
2021-06-24 10:05:01,4213.4,74690
2021-06-24 10:05:02,4213.4,74690
2021-06-24 10:05:04,4215.0,74847
2021-06-24 10:05:05,4215.0,74847
2021-06-24 10:05:05,4215.0,74847
2021-06-24 10:05:06,4215.0,74847
2021-06-24 10:05:07,4215.6,74932
2021-06-24 10:05:08,4213.5,74934
2021-06-24 10:05:10,4213.5,74934
2021-06-24 10:05:10,4213.5,74934
2021-06-24 10:05:11,4216.2,74954
2021-06-24 10:05:12,4216.2,74954
2021-06-24 10:05:13,4216.2,74954
2021-06-24 10:05:14,4216.2,74954
2021-06-24 10:05:15,4216.2,74954
2021-06-24 10:05:16,4216.2,74954
2021-06-24 10:05:17,4216.2,74954
2021-06-24 10:05:18,4216.4,74998
2021-06-24 10:05:19,4216.4,74998
2021-06-24 10:05:20,4219.0,75233
2021-06-24 10:05:21,4219.0,75233
2021-06-24 10:05:22,4219.0,75233
2021-06-24 10:05:24,4219.05,75307
2021-06-24 10:05:25,4219.05,75307
2021-06-24 10:05:26,4219.05,75307
2021-06-24 10:05:26,4219.05,75307
2021-06-24 10:05:27,4219.05,75307
2021-06-24 10:05:29,4217.3,75327
2021-06-24 10:05:30,4217.3,75327
2021-06-24 10:05:31,4219.25,75367
2021-06-24 10:05:31,4217.3,75327
2021-06-24 10:05:32,4219.5,75720
2021-06-24 10:05:33,4219.5,75767
2021-06-24 10:05:34,4219.0,76643
2021-06-24 10:05:35,4218.9,76668
2021-06-24 10:05:36,4216.9,76742
2021-06-24 10:05:38,4216.9,76742
2021-06-24 10:05:39,4218.85,76810
2021-06-24 10:05:40,4218.85,76810
2021-06-24 10:05:41,4218.9,76836
2021-06-24 10:05:42,4218.9,76836
2021-06-24 10:05:43,4218.9,76836
2021-06-24 10:05:44,4218.9,76836
2021-06-24 10:05:45,4218.9,76836
2021-06-24 10:05:46,4218.55,77089
2021-06-24 10:05:46,4218.55,77089
2021-06-24 10:05:47,4218.55,77090
2021-06-24 10:05:48,4217.65,77096
2021-06-24 10:05:49,4218.75,77205
2021-06-24 10:05:50,4218.75,77205
2021-06-24 10:05:51,4218.75,77205
2021-06-24 10:05:52,4218.75,77230
2021-06-24 10:05:53,4218.75,77230
2021-06-24 10:05:55,4218.75,77230
2021-06-24 10:05:56,4218.75,77230
2021-06-24 10:05:56,4218.75,77231
2021-06-24 10:05:57,4218.75,77231
2021-06-24 10:05:58,4218.75,77231
2021-06-24 10:06:00,4217.65,77271
2021-06-24 10:06:01,4217.65,77275
2021-06-24 10:06:02,4217.65,77275
2021-06-24 10:06:02,4217.65,77275
2021-06-24 10:06:03,4219.5,77321
2021-06-24 10:06:05,4219.55,77335
2021-06-24 10:06:06,4219.55,77335
2021-06-24 10:06:06,4219.55,77335
2021-06-24 10:06:07,4219.55,77335
2021-06-24 10:06:08,4219.55,77335
2021-06-24 10:06:09,4219.55,77335
2021-06-24 10:06:10,4219.95,77340
2021-06-24 10:06:11,4219.95,77340
2021-06-24 10:06:12,4219.95,77340
2021-06-24 10:06:13,4219.95,77340
2021-06-24 10:06:14,4219.95,77340
2021-06-24 10:06:16,4219.95,77340
2021-06-24 10:06:15,4219.95,77340
2021-06-24 10:06:18,4219.95,77340
2021-06-24 10:06:18,4219.95,77340
2021-06-24 10:06:19,4219.95,77340
2021-06-24 10:06:21,4219.65,77444
2021-06-24 10:06:22,4219.65,77444
2021-06-24 10:06:23,4219.65,77444
2021-06-24 10:06:25,4219.65,77444
2021-06-24 10:06:26,4219.65,77444
2021-06-24 10:06:27,4219.65,77444
2021-06-24 10:06:28,4219.65,77444
2021-06-24 10:06:28,4219.65,77449
2021-06-24 10:06:29,4219.65,77454
2021-06-24 10:06:30,4219.65,77454
2021-06-24 10:06:31,4219.65,77454
2021-06-24 10:06:33,4219.4,77485
2021-06-24 10:06:34,4219.0,77529
2021-06-24 10:06:35,4218.85,77534
2021-06-24 10:06:36,4218.85,77534
2021-06-24 10:06:37,4218.85,77534
2021-06-24 10:06:38,4218.85,77544
2021-06-24 10:06:39,4215.4,77844
2021-06-24 10:06:40,4217.2,77913
2021-06-24 10:06:41,4216.2,77976
2021-06-24 10:06:43,4216.2,77976
2021-06-24 10:06:43,4216.2,77976
2021-06-24 10:06:44,4219.1,78021
2021-06-24 10:06:46,4219.1,78031
2021-06-24 10:06:47,4219.1,78031
2021-06-24 10:06:50,4216.45,78181
2021-06-24 10:06:50,4216.45,78181
2021-06-24 10:06:51,4216.45,78181
2021-06-24 10:06:53,4218.05,78361
2021-06-24 10:06:52,4218.05,78291
2021-06-24 10:06:55,4218.05,78361
2021-06-24 10:06:56,4218.05,78361
2021-06-24 10:06:57,4218.05,78361
2021-06-24 10:06:59,4215.75,78366
2021-06-24 10:06:59,4215.75,78366
2021-06-24 10:07:00,4215.75,78366
2021-06-24 10:07:01,4215.75,78366
2021-06-24 10:07:02,4215.75,78366
2021-06-24 10:07:04,4217.8,78399
2021-06-24 10:07:05,4217.8,78399
2021-06-24 10:07:06,4217.8,78399
2021-06-24 10:07:07,4217.8,78399
2021-06-24 10:07:07,4217.8,78399
2021-06-24 10:07:08,4217.8,78399
2021-06-24 10:07:09,4217.8,78399
2021-06-24 10:07:11,4217.8,78399
2021-06-24 10:07:12,4217.8,78399
2021-06-24 10:07:12,4217.8,78399
2021-06-24 10:07:13,4217.8,78399
2021-06-24 10:07:14,4217.8,78399
2021-06-24 10:07:15,4217.8,78399
2021-06-24 10:07:17,4217.8,78399
2021-06-24 10:07:19,4217.8,78399
2021-06-24 10:07:20,4217.8,78399
2021-06-24 10:07:20,4217.8,78399
2021-06-24 10:07:22,4217.8,78399
2021-06-24 10:07:24,4217.8,78399
2021-06-24 10:07:25,4217.35,78432
2021-06-24 10:07:26,4217.35,78432
2021-06-24 10:07:27,4217.35,78439
2021-06-24 10:07:28,4217.35,78439
2021-06-24 10:07:29,4217.35,78439
2021-06-24 10:07:29,4217.35,78440
2021-06-24 10:07:30,4217.35,78442
2021-06-24 10:07:32,4217.35,78442
2021-06-24 10:07:33,4217.35,78476
2021-06-24 10:07:34,4217.35,78476
2021-06-24 10:07:35,4217.35,78476
2021-06-24 10:07:36,4217.35,78476
2021-06-24 10:07:37,4217.35,78476
2021-06-24 10:07:39,4217.35,78476
2021-06-24 10:07:39,4217.35,78476
2021-06-24 10:07:40,4217.35,78476
2021-06-24 10:07:42,4217.35,78526
2021-06-24 10:07:44,4217.35,78526
2021-06-24 10:07:45,4217.45,79351
2021-06-24 10:07:45,4216.25,79405
2021-06-24 10:07:46,4216.25,79405
2021-06-24 10:07:48,4216.25,79405
2021-06-24 10:07:49,4216.25,79405
2021-06-24 10:07:50,4216.25,79405
2021-06-24 10:07:51,4216.25,79405
2021-06-24 10:07:51,4216.25,79405
2021-06-24 10:07:52,4216.25,79405
2021-06-24 10:07:53,4216.25,79405
2021-06-24 10:07:55,4216.25,79405
2021-06-24 10:07:56,4216.25,79405
2021-06-24 10:07:57,4216.25,79405
2021-06-24 10:07:58,4216.25,79405
2021-06-24 10:07:59,4216.25,79405
2021-06-24 10:08:00,4216.25,79405
2021-06-24 10:08:01,4216.25,79405
2021-06-24 10:08:02,4216.25,79405
2021-06-24 10:08:03,4217.05,79463
2021-06-24 10:08:03,4217.05,79463
2021-06-24 10:08:04,4217.05,79463
2021-06-24 10:08:05,4216.4,79526
2021-06-24 10:08:06,4217.15,79546
2021-06-24 10:08:07,4217.15,79546
2021-06-24 10:08:09,4217.15,79546
2021-06-24 10:08:11,4217.15,79546
2021-06-24 10:08:12,4217.0,79564
2021-06-24 10:08:12,4217.0,79564
2021-06-24 10:08:14,4216.45,79565
2021-06-24 10:08:15,4216.45,79565
2021-06-24 10:08:15,4216.45,79565
2021-06-24 10:08:16,4216.45,79585
2021-06-24 10:08:18,4216.45,79586
2021-06-24 10:08:20,4216.45,79658
2021-06-24 10:08:21,4216.45,79658
2021-06-24 10:08:23,4216.45,79658
2021-06-24 10:08:24,4217.0,79708
2021-06-24 10:08:24,4217.0,79708
2021-06-24 10:08:25,4217.0,79708
2021-06-24 10:08:27,4217.0,79708
2021-06-24 10:08:28,4217.0,79708
2021-06-24 10:08:29,4217.0,79708
2021-06-24 10:08:30,4217.0,79708
2021-06-24 10:08:31,4217.0,79708
2021-06-24 10:08:32,4216.85,79718
2021-06-24 10:08:33,4216.85,79738
2021-06-24 10:08:34,4216.85,79738
2021-06-24 10:08:34,4216.85,79738
2021-06-24 10:08:35,4216.85,79738
2021-06-24 10:08:36,4216.85,79738
2021-06-24 10:08:37,4217.0,79748
2021-06-24 10:08:38,4217.0,79749
2021-06-24 10:08:40,4217.0,79752
2021-06-24 10:08:41,4217.0,79752
2021-06-24 10:08:42,4217.0,79752
2021-06-24 10:08:43,4217.0,79752
2021-06-24 10:08:44,4216.9,79762
2021-06-24 10:08:45,4216.9,79762
2021-06-24 10:08:47,4216.9,79762
2021-06-24 10:08:48,4217.0,79771
2021-06-24 10:08:49,4217.0,79771
2021-06-24 10:08:50,4216.2,80049
2021-06-24 10:08:50,4216.2,80049
2021-06-24 10:08:51,4216.2,80049
2021-06-24 10:08:53,4216.2,80049
2021-06-24 10:08:55,4216.2,80049
2021-06-24 10:08:56,4216.2,80049
2021-06-24 10:08:57,4215.0,80097
2021-06-24 10:08:58,4215.0,80192
2021-06-24 10:08:58,4215.0,80192
2021-06-24 10:08:59,4215.0,80193
2021-06-24 10:09:00,4215.55,80247
2021-06-24 10:09:01,4215.55,80247
2021-06-24 10:09:02,4214.35,80305
2021-06-24 10:09:03,4214.05,80339
2021-06-24 10:09:04,4214.05,80339
2021-06-24 10:09:05,4214.35,80359
2021-06-24 10:09:07,4214.45,80408
2021-06-24 10:09:08,4214.45,80419
2021-06-24 10:09:09,4214.45,80419
2021-06-24 10:09:10,4214.45,80419
2021-06-24 10:09:11,4213.1,80434
2021-06-24 10:09:11,4213.1,80434
2021-06-24 10:09:12,4213.1,80434
2021-06-24 10:09:14,4213.1,80434
2021-06-24 10:09:15,4213.1,80434
2021-06-24 10:09:16,4213.9,80438
2021-06-24 10:09:17,4213.9,80438
2021-06-24 10:09:18,4212.3,80445
2021-06-24 10:09:19,4212.3,80445
2021-06-24 10:09:20,4212.3,80445
2021-06-24 10:09:21,4212.3,80445
2021-06-24 10:09:21,4212.3,80445
2021-06-24 10:09:22,4212.3,80445
2021-06-24 10:09:23,4213.9,80447
2021-06-24 10:09:26,4213.9,80449
2021-06-24 10:09:28,4213.9,80481
2021-06-24 10:09:30,4213.9,80481
2021-06-24 10:09:31,4213.9,80481
2021-06-24 10:09:32,4213.9,80481
2021-06-24 10:09:33,4213.95,80590
2021-06-24 10:09:33,4213.95,80590
2021-06-24 10:09:35,4213.95,80590
2021-06-24 10:09:36,4213.95,80590
2021-06-24 10:09:37,4213.95,80590
2021-06-24 10:09:38,4213.95,80615
2021-06-24 10:09:39,4213.95,80615
2021-06-24 10:09:40,4214.15,80629
2021-06-24 10:09:41,4214.15,80693
2021-06-24 10:09:42,4214.35,80695
2021-06-24 10:09:43,4214.35,80695
2021-06-24 10:09:44,4216.25,80795
2021-06-24 10:09:45,4216.25,80795
2021-06-24 10:09:47,4216.25,80795
2021-06-24 10:09:46,4216.25,80795
2021-06-24 10:09:48,4216.25,80795
2021-06-24 10:09:49,4216.25,80795
2021-06-24 10:09:50,4215.35,80796
2021-06-24 10:09:51,4215.35,80796
2021-06-24 10:09:51,4215.35,80796
2021-06-24 10:09:53,4215.35,80821
2021-06-24 10:09:53,4215.35,80796
2021-06-24 10:09:55,4215.35,80821
2021-06-24 10:09:56,4215.35,80821
2021-06-24 10:09:57,4215.35,80821
2021-06-24 10:09:58,4215.35,80839
2021-06-24 10:09:59,4215.35,80844
2021-06-24 10:10:01,4215.35,80854
2021-06-24 10:10:02,4215.35,80854
2021-06-24 10:10:03,4216.1,80955
2021-06-24 10:10:04,4216.65,80978
2021-06-24 10:10:05,4216.65,80978
2021-06-24 10:10:05,4216.65,80978
2021-06-24 10:10:06,4216.65,80978
2021-06-24 10:10:08,4216.65,80978
2021-06-24 10:10:09,4216.65,80978
2021-06-24 10:10:10,4216.65,80978
2021-06-24 10:10:11,4216.65,80978
2021-06-24 10:10:12,4216.65,80978
2021-06-24 10:10:13,4216.65,80978
2021-06-24 10:10:14,4216.65,80978
2021-06-24 10:10:16,4216.65,80978
2021-06-24 10:10:18,4216.45,80980
2021-06-24 10:10:19,4216.45,80980
2021-06-24 10:10:20,4216.45,80980
2021-06-24 10:10:20,4216.45,80980
2021-06-24 10:10:22,4216.45,80980
2021-06-24 10:10:23,4216.45,81000
2021-06-24 10:10:24,4216.45,81003
2021-06-24 10:10:25,4216.45,81003
2021-06-24 10:10:26,4216.45,81003
2021-06-24 10:10:27,4216.45,81003
2021-06-24 10:10:28,4216.45,81003
2021-06-24 10:10:29,4216.45,81003
2021-06-24 10:10:30,4216.6,81008
2021-06-24 10:10:31,4216.6,81008
2021-06-24 10:10:32,4216.6,81008
2021-06-24 10:10:33,4216.6,81008
2021-06-24 10:10:34,4216.65,81041
2021-06-24 10:10:35,4216.65,81041
2021-06-24 10:10:36,4216.65,81041
2021-06-24 10:10:36,4216.65,81041
2021-06-24 10:10:38,4217.0,81058
2021-06-24 10:10:40,4217.0,81058
2021-06-24 10:10:41,4216.75,81067
2021-06-24 10:10:42,4216.75,81067
2021-06-24 10:10:43,4216.75,81067
2021-06-24 10:10:44,4216.75,81067
2021-06-24 10:10:45,4216.75,81067
2021-06-24 10:10:45,4216.75,81067
2021-06-24 10:10:46,4216.75,81067
2021-06-24 10:10:47,4216.75,81067
2021-06-24 10:10:49,4216.75,81067
2021-06-24 10:10:50,4216.75,81067
2021-06-24 10:10:51,4216.75,81067
2021-06-24 10:10:52,4216.75,81067
2021-06-24 10:10:52,4216.75,81067
2021-06-24 10:10:54,4216.75,81067
2021-06-24 10:10:55,4216.75,81067
2021-06-24 10:10:56,4217.0,81082
2021-06-24 10:10:57,4215.05,81309
2021-06-24 10:10:57,4215.05,81309
2021-06-24 10:10:59,4215.05,81309
2021-06-24 10:11:00,4215.05,81309
2021-06-24 10:11:01,4215.05,81309
2021-06-24 10:11:02,4215.05,81309
2021-06-24 10:11:03,4215.95,81324
2021-06-24 10:11:05,4215.95,81324
2021-06-24 10:11:07,4215.95,81324
2021-06-24 10:11:08,4215.95,81324
2021-06-24 10:11:08,4215.95,81324
2021-06-24 10:11:10,4216.4,81344
2021-06-24 10:11:12,4216.4,81344
2021-06-24 10:11:13,4216.4,81344
2021-06-24 10:11:14,4216.0,81351
2021-06-24 10:11:16,4216.0,81351
2021-06-24 10:11:16,4216.0,81351
2021-06-24 10:11:18,4216.0,81351
2021-06-24 10:11:19,4216.4,81365
2021-06-24 10:11:20,4216.0,81384
2021-06-24 10:11:21,4216.0,81394
2021-06-24 10:11:22,4216.0,81394
2021-06-24 10:11:22,4216.0,81394
2021-06-24 10:11:23,4216.0,81394
2021-06-24 10:11:25,4216.0,81395
2021-06-24 10:11:26,4216.0,81395
2021-06-24 10:11:28,4216.0,81395
2021-06-24 10:11:30,4216.0,81395
2021-06-24 10:11:31,4216.0,81395
2021-06-24 10:11:32,4216.0,81395
2021-06-24 10:11:33,4216.0,81429
2021-06-24 10:11:34,4216.0,81429
2021-06-24 10:11:35,4216.0,81429
2021-06-24 10:11:36,4216.0,81429
2021-06-24 10:11:37,4216.0,81429
2021-06-24 10:11:39,4216.0,81429
2021-06-24 10:11:38,4216.0,81429
2021-06-24 10:11:40,4216.0,81429
2021-06-24 10:11:41,4216.0,81430
2021-06-24 10:11:42,4216.0,81430
2021-06-24 10:11:43,4216.0,81430
2021-06-24 10:11:44,4216.0,81431
2021-06-24 10:11:46,4216.0,81431
2021-06-24 10:11:45,4216.0,81431
2021-06-24 10:11:47,4216.0,81432
2021-06-24 10:11:49,4216.0,81432
2021-06-24 10:11:51,4216.0,81458
2021-06-24 10:11:52,4216.0,81458
2021-06-24 10:11:53,4215.05,81459
2021-06-24 10:11:54,4215.05,81459
2021-06-24 10:11:55,4215.05,81459
2021-06-24 10:11:56,4215.05,81459
2021-06-24 10:11:57,4215.05,81459
2021-06-24 10:11:59,4215.05,81459
2021-06-24 10:12:00,4215.05,81459
2021-06-24 10:12:01,4215.05,81459
2021-06-24 10:12:02,4215.05,81459
2021-06-24 10:12:03,4215.85,81492
2021-06-24 10:12:04,4215.85,81492
2021-06-24 10:12:05,4215.05,81543
2021-06-24 10:12:06,4215.05,81543
2021-06-24 10:12:07,4215.4,81612
2021-06-24 10:12:08,4215.4,81612
2021-06-24 10:12:09,4215.75,81627
2021-06-24 10:12:10,4215.75,81627
2021-06-24 10:12:11,4215.75,81627
2021-06-24 10:12:12,4215.75,81627
2021-06-24 10:12:13,4215.75,81627
2021-06-24 10:12:16,4215.75,81629
2021-06-24 10:12:17,4215.75,81629
2021-06-24 10:12:18,4215.0,81729
2021-06-24 10:12:19,4215.75,81730
2021-06-24 10:12:20,4215.75,81730
2021-06-24 10:12:22,4215.75,81730
2021-06-24 10:12:23,4215.75,81790
2021-06-24 10:12:25,4215.75,81790
2021-06-24 10:12:27,4215.0,81798
2021-06-24 10:12:28,4215.0,81810
2021-06-24 10:12:29,4215.0,81810
2021-06-24 10:12:30,4215.0,81810
2021-06-24 10:12:31,4215.0,81810
2021-06-24 10:12:33,4215.0,81870
2021-06-24 10:12:34,4215.0,81870
2021-06-24 10:12:35,4215.0,81870
2021-06-24 10:12:36,4214.0,82070
2021-06-24 10:12:38,4213.0,82120
2021-06-24 10:12:39,4215.25,82165
2021-06-24 10:12:40,4215.25,82165
2021-06-24 10:12:41,4215.25,82165
2021-06-24 10:12:42,4215.25,82165
2021-06-24 10:12:45,4213.25,82167
2021-06-24 10:12:46,4214.95,82180
2021-06-24 10:12:47,4214.95,82180
2021-06-24 10:12:48,4214.95,82180
2021-06-24 10:12:49,4214.95,82180
2021-06-24 10:12:50,4214.95,82182
2021-06-24 10:12:52,4214.95,82182
2021-06-24 10:12:53,4214.95,82182
2021-06-24 10:12:54,4214.95,82182
2021-06-24 10:12:55,4214.95,82182
2021-06-24 10:12:56,4214.95,82182
2021-06-24 10:12:57,4214.95,82182
2021-06-24 10:12:58,4214.95,82182
2021-06-24 10:12:59,4214.95,82182
2021-06-24 10:13:00,4214.95,82182
2021-06-24 10:13:01,4214.95,82182
2021-06-24 10:13:02,4214.95,82182
2021-06-24 10:13:03,4214.95,82215
2021-06-24 10:13:04,4214.95,82215
2021-06-24 10:13:06,4214.95,82215
2021-06-24 10:13:07,4214.95,82215
2021-06-24 10:13:08,4214.95,82215
2021-06-24 10:13:09,4214.95,82303
2021-06-24 10:13:10,4214.95,82303
2021-06-24 10:13:12,4214.95,82303
2021-06-24 10:13:13,4214.95,82303
2021-06-24 10:13:14,4214.95,82303
2021-06-24 10:13:16,4214.95,82303
2021-06-24 10:13:18,4214.95,82303
2021-06-24 10:13:19,4214.95,82303
2021-06-24 10:13:20,4214.95,82303
2021-06-24 10:13:21,4214.95,82367
2021-06-24 10:13:22,4214.95,82367
2021-06-24 10:13:24,4214.95,82367
2021-06-24 10:13:25,4214.95,82367
2021-06-24 10:13:26,4214.95,82367
2021-06-24 10:13:27,4214.95,82367
2021-06-24 10:13:28,4214.95,82367
2021-06-24 10:13:29,4214.95,82367
2021-06-24 10:13:30,4214.5,82368
2021-06-24 10:13:31,4214.5,82368
2021-06-24 10:13:33,4214.55,82452
2021-06-24 10:13:34,4214.55,82452
2021-06-24 10:13:35,4214.8,82453
2021-06-24 10:13:36,4214.8,82453
2021-06-24 10:13:37,4214.8,82453
2021-06-24 10:13:39,4214.8,82453
2021-06-24 10:13:40,4214.8,82453
2021-06-24 10:13:40,4214.8,82453
2021-06-24 10:13:41,4214.8,82455
2021-06-24 10:13:42,4214.8,82455
2021-06-24 10:13:43,4214.8,82455
2021-06-24 10:13:45,4215.0,82673
2021-06-24 10:13:46,4215.0,82673
2021-06-24 10:13:47,4214.8,82674
2021-06-24 10:13:48,4215.0,82682
2021-06-24 10:13:49,4215.2,82684
2021-06-24 10:13:51,4215.2,82684
2021-06-24 10:13:51,4215.2,82684
2021-06-24 10:13:52,4214.8,82699
2021-06-24 10:13:53,4215.2,82711
2021-06-24 10:13:54,4215.2,82711
2021-06-24 10:13:55,4215.2,82711
2021-06-24 10:13:56,4215.2,82761
2021-06-24 10:13:58,4215.2,82765
2021-06-24 10:13:59,4215.2,82768
2021-06-24 10:14:00,4215.2,82768
2021-06-24 10:14:01,4215.2,82768
2021-06-24 10:14:02,4215.2,82769
2021-06-24 10:14:03,4215.2,82811
2021-06-24 10:14:04,4215.2,82811
2021-06-24 10:14:06,4214.9,82826
2021-06-24 10:14:07,4214.9,82826
2021-06-24 10:14:07,4214.9,82826
2021-06-24 10:14:08,4214.9,82826
2021-06-24 10:14:09,4214.75,82863
2021-06-24 10:14:11,4214.75,82863
2021-06-24 10:14:12,4214.75,82863
2021-06-24 10:14:13,4214.75,82863
2021-06-24 10:14:14,4214.75,82863
2021-06-24 10:14:16,4214.75,82863
2021-06-24 10:14:17,4215.2,82864
2021-06-24 10:14:18,4215.2,82864
2021-06-24 10:14:20,4215.2,82874
2021-06-24 10:14:20,4215.2,82874
2021-06-24 10:14:21,4215.2,82874
2021-06-24 10:14:23,4215.2,82874
2021-06-24 10:14:24,4215.2,82874
2021-06-24 10:14:25,4215.2,82874
2021-06-24 10:14:27,4215.2,82874
2021-06-24 10:14:27,4215.2,82874
2021-06-24 10:14:28,4215.2,82874
2021-06-24 10:14:29,4215.2,82874
2021-06-24 10:14:30,4215.2,82874
2021-06-24 10:14:31,4215.4,82909
2021-06-24 10:14:32,4215.4,82909
2021-06-24 10:14:34,4216.8,82997
2021-06-24 10:14:34,4216.8,82997
2021-06-24 10:14:35,4216.8,82997
2021-06-24 10:14:36,4216.8,82997
2021-06-24 10:14:37,4216.8,82997
2021-06-24 10:14:39,4217.25,82998
2021-06-24 10:14:39,4217.25,82998
2021-06-24 10:14:42,4215.55,83000
2021-06-24 10:14:43,4215.55,83000
2021-06-24 10:14:44,4215.55,83000
2021-06-24 10:14:44,4215.55,83000
2021-06-24 10:14:46,4215.55,83000
2021-06-24 10:14:46,4215.55,83000
2021-06-24 10:14:47,4215.55,83000
2021-06-24 10:14:49,4217.25,83006
2021-06-24 10:14:50,4217.25,83026
2021-06-24 10:14:51,4215.7,83030
2021-06-24 10:14:51,4215.7,83030
2021-06-24 10:14:52,4215.7,83030
2021-06-24 10:14:53,4215.7,83030
2021-06-24 10:14:55,4215.7,83030
2021-06-24 10:14:57,4215.7,83030
2021-06-24 10:14:57,4215.7,83030
2021-06-24 10:14:59,4215.7,83030
2021-06-24 10:15:01,4215.7,83030
2021-06-24 10:15:01,4215.7,83030
2021-06-24 10:15:02,4215.7,83030
2021-06-24 10:15:03,4217.25,83064
2021-06-24 10:15:04,4217.25,83064
2021-06-24 10:15:05,4217.25,83064
2021-06-24 10:15:06,4217.25,83064
2021-06-24 10:15:07,4217.25,83064
2021-06-24 10:15:09,4216.8,83092
2021-06-24 10:15:09,4216.8,83092
2021-06-24 10:15:11,4216.8,83092
2021-06-24 10:15:12,4216.8,83092
2021-06-24 10:15:13,4216.8,83092
2021-06-24 10:15:14,4216.8,83092
2021-06-24 10:15:16,4216.8,83092
2021-06-24 10:15:16,4216.8,83092
2021-06-24 10:15:17,4216.8,83092
2021-06-24 10:15:18,4216.8,83092
2021-06-24 10:15:19,4216.8,83092
2021-06-24 10:15:20,4216.8,83092
2021-06-24 10:15:21,4216.8,83092
2021-06-24 10:15:23,4216.8,83092
2021-06-24 10:15:25,4216.8,83092
2021-06-24 10:15:25,4216.8,83092
2021-06-24 10:15:27,4216.3,83097
2021-06-24 10:15:28,4216.3,83097
2021-06-24 10:15:29,4216.3,83097
2021-06-24 10:15:30,4216.3,83097
2021-06-24 10:15:31,4216.3,83097
2021-06-24 10:15:32,4216.3,83097
2021-06-24 10:15:33,4216.95,83130
2021-06-24 10:15:34,4216.95,83130
2021-06-24 10:15:35,4216.95,83141
2021-06-24 10:15:36,4216.8,83142
2021-06-24 10:15:37,4216.8,83144
2021-06-24 10:15:39,4216.95,83169
2021-06-24 10:15:40,4216.95,83184
2021-06-24 10:15:41,4216.95,83184
2021-06-24 10:15:42,4216.95,83184
2021-06-24 10:15:43,4216.95,83184
2021-06-24 10:15:44,4216.95,83184
2021-06-24 10:15:45,4216.95,83184
2021-06-24 10:15:47,4216.95,83184
2021-06-24 10:15:47,4216.95,83184
2021-06-24 10:15:48,4216.95,83184
2021-06-24 10:15:49,4216.95,83184
2021-06-24 10:15:51,4216.95,83184
2021-06-24 10:15:52,4216.9,83189
2021-06-24 10:15:53,4216.9,83190
2021-06-24 10:15:54,4216.9,83190
2021-06-24 10:15:55,4216.9,83190
2021-06-24 10:15:56,4216.9,83190
2021-06-24 10:15:58,4216.9,83190
2021-06-24 10:16:00,4216.9,83224
2021-06-24 10:16:01,4216.9,83224
2021-06-24 10:16:01,4216.9,83224
2021-06-24 10:16:02,4216.9,83225
2021-06-24 10:16:03,4216.9,83258
2021-06-24 10:16:04,4216.85,83288
2021-06-24 10:16:06,4216.9,83291
2021-06-24 10:16:07,4216.9,83292
2021-06-24 10:16:08,4216.9,83292
2021-06-24 10:16:09,4216.9,83292
2021-06-24 10:16:10,4216.85,83383
2021-06-24 10:16:11,4216.85,83383
2021-06-24 10:16:12,4216.85,83383
2021-06-24 10:16:13,4216.85,83383
2021-06-24 10:16:14,4216.85,83383
2021-06-24 10:16:15,4216.85,83383
2021-06-24 10:16:16,4216.85,83383
2021-06-24 10:16:17,4216.85,83383
2021-06-24 10:16:19,4216.85,83383
2021-06-24 10:16:20,4216.85,83418
2021-06-24 10:16:21,4216.85,83418
2021-06-24 10:16:24,4216.85,83418
2021-06-24 10:16:26,4216.85,83418
2021-06-24 10:16:28,4216.85,83418
2021-06-24 10:16:28,4216.85,83418
2021-06-24 10:16:29,4216.85,83418
2021-06-24 10:16:30,4216.85,83418
2021-06-24 10:16:31,4216.85,83418
2021-06-24 10:16:34,4216.85,83451
2021-06-24 10:16:34,4216.8,83452
2021-06-24 10:16:35,4216.8,83452
2021-06-24 10:16:37,4216.8,83452
2021-06-24 10:16:38,4216.8,83452
2021-06-24 10:16:39,4216.85,83567
2021-06-24 10:16:40,4216.8,83604
2021-06-24 10:16:41,4216.8,83604
2021-06-24 10:16:43,4216.85,83615
2021-06-24 10:16:44,4216.85,83615
2021-06-24 10:16:44,4216.8,83625
2021-06-24 10:16:47,4216.8,83625
2021-06-24 10:16:50,4216.8,83625
2021-06-24 10:16:53,4216.8,83625
2021-06-24 10:16:56,4216.8,83625
2021-06-24 10:17:01,4216.3,83781
2021-06-24 10:17:04,4216.85,83814
2021-06-24 10:17:07,4216.8,83840
2021-06-24 10:17:10,4216.8,83844
2021-06-24 10:17:13,4216.0,83961
2021-06-24 10:17:16,4216.6,84011
2021-06-24 10:17:20,4216.0,84017
2021-06-24 10:17:22,4216.0,84017
2021-06-24 10:17:25,4216.0,84017
2021-06-24 10:17:28,4212.45,84073
2021-06-24 10:17:31,4212.45,84073
2021-06-24 10:17:34,4214.55,84164
2021-06-24 10:17:36,4214.5,84176
2021-06-24 10:17:39,4214.45,84177
2021-06-24 10:17:41,4214.45,84177
2021-06-24 10:17:46,4213.1,84192
2021-06-24 10:17:48,4213.1,84192
2021-06-24 10:17:50,4214.55,84212
2021-06-24 10:17:53,4214.55,84212
2021-06-24 10:17:55,4214.55,84212
2021-06-24 10:17:57,4214.55,84216
2021-06-24 10:18:00,4214.55,84216
2021-06-24 10:18:02,4214.55,84216
2021-06-24 10:18:05,4214.55,84280
2021-06-24 10:18:07,4212.95,84321
2021-06-24 10:18:10,4212.95,84321
2021-06-24 10:18:12,4212.95,84321
2021-06-24 10:18:15,4212.95,84321
2021-06-24 10:18:18,4212.95,84321
2021-06-24 10:18:20,4212.9,84366
2021-06-24 10:18:23,4214.45,84368
2021-06-24 10:18:27,4214.45,84368
2021-06-24 10:18:30,4214.45,84368
2021-06-24 10:18:34,4214.45,84401
2021-06-24 10:18:37,4214.45,84453
2021-06-24 10:18:40,4214.45,84453
2021-06-24 10:18:42,4214.45,84453
2021-06-24 10:18:45,4214.45,84453
2021-06-24 10:18:48,4214.45,84454
2021-06-24 10:18:51,4214.25,84456
2021-06-24 10:18:53,4214.25,84456
2021-06-24 10:18:56,4214.25,84456
2021-06-24 10:18:59,4213.35,84461
2021-06-24 10:19:05,4214.25,84494
2021-06-24 10:19:08,4214.25,84494
2021-06-24 10:19:11,4214.25,84496
2021-06-24 10:19:13,4214.25,84496
2021-06-24 10:19:15,4214.25,84496
2021-06-24 10:19:18,4213.45,84516
2021-06-24 10:19:21,4213.45,84516
2021-06-24 10:19:24,4214.65,84802
2021-06-24 10:19:27,4214.65,84802
2021-06-24 10:19:30,4214.65,84802
2021-06-24 10:19:32,4214.75,84803
2021-06-24 10:19:35,4216.7,84836
2021-06-24 10:19:37,4216.7,84836
2021-06-24 10:19:40,4216.7,84836
2021-06-24 10:19:42,4216.65,84838
2021-06-24 10:19:45,4216.35,84858
2021-06-24 10:19:47,4216.35,84858
2021-06-24 10:19:51,4216.35,84858
2021-06-24 10:19:54,4215.65,84859
2021-06-24 10:19:56,4216.5,84862
2021-06-24 10:19:59,4216.5,84862
2021-06-24 10:20:02,4216.5,84889
2021-06-24 10:20:06,4216.6,84952
2021-06-24 10:20:09,4216.6,84952
2021-06-24 10:20:12,4216.6,84952
2021-06-24 10:20:15,4216.6,85072
2021-06-24 10:20:17,4216.7,85131
2021-06-24 10:20:20,4218.7,85200
2021-06-24 10:20:23,4216.55,85201
2021-06-24 10:20:25,4216.55,85201
2021-06-24 10:20:29,4216.55,85201
2021-06-24 10:20:32,4216.55,85201
2021-06-24 10:20:35,4218.95,85234
2021-06-24 10:20:38,4218.7,85490
2021-06-24 10:20:41,4218.7,85490
2021-06-24 10:20:44,4218.65,85491
2021-06-24 10:20:47,4218.65,85493
2021-06-24 10:20:50,4218.65,85493
2021-06-24 10:20:53,4218.65,85493
2021-06-24 10:20:56,4218.65,85613
2021-06-24 10:20:58,4218.65,85613
2021-06-24 10:21:01,4219.0,85653
2021-06-24 10:21:04,4219.05,85690
2021-06-24 10:21:07,4218.75,85692
2021-06-24 10:21:13,4218.7,85706
2021-06-24 10:21:16,4219.05,85737
2021-06-24 10:21:18,4218.9,85738
2021-06-24 10:21:21,4218.9,85739
2021-06-24 10:21:24,4218.9,85739
2021-06-24 10:21:27,4218.9,85739
2021-06-24 10:21:30,4218.9,85739
2021-06-24 10:21:32,4219.05,85746
2021-06-24 10:21:34,4221.0,85841
2021-06-24 10:21:37,4220.95,85882
2021-06-24 10:21:39,4220.95,85882
2021-06-24 10:21:42,4221.1,85968
2021-06-24 10:21:44,4221.1,85968
2021-06-24 10:21:45,4221.1,85968
2021-06-24 10:21:47,4221.1,85968
2021-06-24 10:21:48,4221.05,85995
2021-06-24 10:21:49,4221.05,85995
2021-06-24 10:21:50,4221.05,86085
2021-06-24 10:21:51,4221.05,86085
2021-06-24 10:21:52,4221.05,86085
2021-06-24 10:21:53,4221.05,86085
2021-06-24 10:21:54,4221.05,86085
2021-06-24 10:21:55,4221.1,86285
2021-06-24 10:21:56,4221.05,86287
2021-06-24 10:21:56,4221.05,86287
2021-06-24 10:21:58,4221.05,86287
2021-06-24 10:21:58,4221.05,86287
2021-06-24 10:22:00,4221.05,86287
2021-06-24 10:22:01,4221.05,86287
2021-06-24 10:22:02,4221.05,86327
2021-06-24 10:22:03,4221.05,86360
2021-06-24 10:22:04,4221.05,86360
2021-06-24 10:22:05,4221.05,86360
2021-06-24 10:22:06,4221.2,86427
2021-06-24 10:22:06,4221.2,86427
2021-06-24 10:22:07,4221.2,86427
2021-06-24 10:22:10,4221.2,86427
2021-06-24 10:22:11,4221.2,86427
2021-06-24 10:22:12,4221.2,86427
2021-06-24 10:22:13,4221.2,86427
2021-06-24 10:22:14,4221.2,86427
2021-06-24 10:22:15,4221.2,86427
2021-06-24 10:22:17,4221.2,86434
2021-06-24 10:22:19,4222.35,86513
2021-06-24 10:22:20,4222.35,86513
2021-06-24 10:22:21,4222.35,86513
2021-06-24 10:22:22,4222.35,86513
2021-06-24 10:22:23,4222.35,86513
2021-06-24 10:22:24,4222.35,86513
2021-06-24 10:22:25,4222.35,86513
2021-06-24 10:22:26,4222.35,86513
2021-06-24 10:22:27,4223.8,86564
2021-06-24 10:22:28,4222.5,86602
2021-06-24 10:22:29,4222.5,86602
2021-06-24 10:22:30,4222.5,86602
2021-06-24 10:22:31,4222.5,86602
2021-06-24 10:22:33,4223.85,86637
2021-06-24 10:22:32,4223.8,86603
2021-06-24 10:22:34,4223.85,86637
2021-06-24 10:22:35,4223.85,86637
2021-06-24 10:22:36,4223.85,86637
2021-06-24 10:22:37,4223.85,86637
2021-06-24 10:22:38,4223.85,86637
2021-06-24 10:22:40,4223.85,86637
2021-06-24 10:22:41,4223.85,86637
2021-06-24 10:22:43,4223.85,86637
2021-06-24 10:22:45,4223.85,86637
2021-06-24 10:22:44,4223.85,86637
2021-06-24 10:22:46,4223.85,86637
2021-06-24 10:22:47,4223.85,86637
2021-06-24 10:22:48,4223.85,86637
2021-06-24 10:22:49,4223.85,86637
2021-06-24 10:22:50,4223.85,86637
2021-06-24 10:22:51,4223.85,86637
2021-06-24 10:22:52,4223.85,86637
2021-06-24 10:22:54,4223.85,86637
2021-06-24 10:22:55,4223.85,86637
2021-06-24 10:22:56,4223.85,86637
2021-06-24 10:22:57,4223.85,86637
2021-06-24 10:22:58,4223.85,86637
2021-06-24 10:22:59,4223.95,86651
2021-06-24 10:23:00,4223.95,86651
2021-06-24 10:23:01,4223.95,86651
2021-06-24 10:23:02,4223.95,86651
2021-06-24 10:23:03,4222.75,86694
2021-06-24 10:23:04,4222.75,86695
2021-06-24 10:23:05,4222.75,86695
2021-06-24 10:23:06,4222.75,86695
2021-06-24 10:23:07,4223.85,86703
2021-06-24 10:23:08,4223.85,86703
2021-06-24 10:23:09,4223.9,86705
2021-06-24 10:23:10,4223.85,86726
2021-06-24 10:23:11,4223.8,86741
2021-06-24 10:23:12,4223.85,86762
2021-06-24 10:23:13,4223.85,86762
2021-06-24 10:23:15,4223.85,86794
2021-06-24 10:23:16,4223.85,86794
2021-06-24 10:23:17,4223.85,86794
2021-06-24 10:23:18,4223.85,86794
2021-06-24 10:23:19,4223.85,86794
2021-06-24 10:23:20,4223.85,86794
2021-06-24 10:23:21,4222.95,86804
2021-06-24 10:23:22,4222.95,86804
2021-06-24 10:23:23,4222.95,86833
2021-06-24 10:23:24,4222.95,86833
2021-06-24 10:23:25,4222.95,86833
2021-06-24 10:23:26,4222.95,86833
2021-06-24 10:23:27,4223.75,86855
2021-06-24 10:23:29,4222.95,86916
2021-06-24 10:23:30,4222.95,86916
2021-06-24 10:23:32,4222.95,86916
2021-06-24 10:23:33,4223.45,86949
2021-06-24 10:23:34,4222.95,86986
2021-06-24 10:23:35,4222.95,86986
2021-06-24 10:23:37,4222.95,86986
2021-06-24 10:23:39,4222.95,86986
2021-06-24 10:23:40,4222.95,86986
2021-06-24 10:23:41,4222.95,86986
2021-06-24 10:23:42,4222.95,86986
2021-06-24 10:23:43,4222.95,86986
2021-06-24 10:23:45,4222.95,86986
2021-06-24 10:23:44,4222.95,86986
2021-06-24 10:23:46,4222.9,86987
2021-06-24 10:23:48,4222.9,86987
2021-06-24 10:23:49,4222.9,86987
2021-06-24 10:23:50,4222.9,86994
2021-06-24 10:23:51,4223.0,86999
2021-06-24 10:23:52,4223.0,87002
2021-06-24 10:23:53,4223.0,87002
2021-06-24 10:23:55,4223.0,87002
2021-06-24 10:23:57,4223.0,87002
2021-06-24 10:23:56,4223.0,87002
2021-06-24 10:24:00,4223.0,87002
2021-06-24 10:24:02,4223.0,87002
2021-06-24 10:24:03,4223.0,87035
2021-06-24 10:24:05,4223.0,87035
2021-06-24 10:24:04,4223.0,87035
2021-06-24 10:24:06,4222.95,87036
2021-06-24 10:24:08,4222.95,87036
2021-06-24 10:24:09,4222.95,87036
2021-06-24 10:24:11,4222.95,87036
2021-06-24 10:24:12,4222.95,87036
2021-06-24 10:24:14,4222.95,87036
2021-06-24 10:24:15,4222.95,87036
2021-06-24 10:24:17,4223.0,87037
2021-06-24 10:24:18,4223.0,87037
2021-06-24 10:24:19,4223.0,87037
2021-06-24 10:24:20,4223.0,87037
2021-06-24 10:24:21,4221.0,87167
2021-06-24 10:24:22,4219.6,87207
2021-06-24 10:24:23,4220.3,87260
2021-06-24 10:24:24,4219.6,87309
2021-06-24 10:24:25,4217.45,87346
2021-06-24 10:24:26,4219.8,87396
2021-06-24 10:24:27,4219.8,87396
2021-06-24 10:24:28,4219.8,87396
2021-06-24 10:24:29,4219.8,87396
2021-06-24 10:24:30,4219.8,87396
2021-06-24 10:24:31,4219.8,87396
2021-06-24 10:24:32,4219.8,87396
2021-06-24 10:24:33,4219.2,87429
2021-06-24 10:24:34,4219.2,87429
2021-06-24 10:24:35,4219.2,87429
2021-06-24 10:24:36,4219.2,87429
2021-06-24 10:24:37,4219.2,87429
2021-06-24 10:24:38,4219.2,87429
2021-06-24 10:24:39,4219.2,87439
2021-06-24 10:24:40,4219.2,87439
2021-06-24 10:24:41,4219.2,87439
2021-06-24 10:24:42,4219.2,87439
2021-06-24 10:24:43,4219.2,87439
2021-06-24 10:24:44,4219.2,87439
2021-06-24 10:24:45,4219.2,87439
2021-06-24 10:24:46,4219.2,87439
2021-06-24 10:24:47,4219.2,87464
2021-06-24 10:24:48,4219.2,87464
2021-06-24 10:24:50,4219.2,87464
2021-06-24 10:24:51,4219.2,87464
2021-06-24 10:24:51,4219.2,87464
2021-06-24 10:24:53,4219.2,87465
2021-06-24 10:24:53,4219.2,87465
2021-06-24 10:24:54,4219.2,87475
2021-06-24 10:24:55,4219.2,87475
2021-06-24 10:24:56,4219.2,87475
2021-06-24 10:24:57,4219.2,87475
2021-06-24 10:24:58,4219.2,87475
2021-06-24 10:24:59,4219.2,87475
2021-06-24 10:25:00,4219.2,87475
2021-06-24 10:25:01,4219.35,87597
2021-06-24 10:25:03,4220.0,87724
2021-06-24 10:25:04,4220.0,87724
2021-06-24 10:25:05,4221.6,87740
2021-06-24 10:25:06,4221.35,87741
2021-06-24 10:25:07,4221.35,87741
2021-06-24 10:25:08,4221.35,87741
2021-06-24 10:25:09,4221.35,87741
2021-06-24 10:25:10,4219.4,87760
2021-06-24 10:25:11,4221.35,88070
2021-06-24 10:25:12,4220.1,88108
2021-06-24 10:25:13,4220.1,88108
2021-06-24 10:25:14,4220.1,88108
2021-06-24 10:25:15,4221.45,88130
2021-06-24 10:25:16,4221.45,88130
2021-06-24 10:25:17,4221.45,88130
2021-06-24 10:25:18,4221.45,88130
2021-06-24 10:25:19,4221.45,88130
2021-06-24 10:25:20,4221.45,88130
2021-06-24 10:25:21,4221.45,88130
2021-06-24 10:25:22,4221.45,88130
2021-06-24 10:25:23,4221.45,88130
2021-06-24 10:25:25,4221.45,88130
2021-06-24 10:25:25,4221.45,88130
2021-06-24 10:25:27,4221.45,88130
2021-06-24 10:25:27,4221.45,88144
2021-06-24 10:25:28,4221.45,88147
2021-06-24 10:25:30,4221.45,88147
2021-06-24 10:25:30,4221.45,88147
2021-06-24 10:25:31,4221.45,88197
2021-06-24 10:25:32,4221.45,88197
2021-06-24 10:25:34,4221.45,88230
2021-06-24 10:25:36,4221.45,88230
2021-06-24 10:25:37,4221.45,88233
2021-06-24 10:25:37,4221.45,88233
2021-06-24 10:25:39,4221.45,88233
2021-06-24 10:25:40,4221.45,88233
2021-06-24 10:25:41,4221.45,88233
2021-06-24 10:25:42,4221.45,88233
2021-06-24 10:25:43,4221.45,88233
2021-06-24 10:25:44,4221.35,88270
2021-06-24 10:25:45,4221.35,88270
2021-06-24 10:25:46,4221.35,88270
2021-06-24 10:25:47,4221.35,88270
2021-06-24 10:25:48,4221.35,88270
2021-06-24 10:25:49,4221.35,88270
2021-06-24 10:25:50,4221.35,88270
2021-06-24 10:25:51,4221.35,88270
2021-06-24 10:25:52,4221.35,88270
2021-06-24 10:25:53,4221.35,88290
2021-06-24 10:25:54,4221.35,88290
2021-06-24 10:25:56,4221.35,88290
2021-06-24 10:25:56,4221.35,88290
2021-06-24 10:25:57,4221.35,88290
2021-06-24 10:25:59,4221.35,88290
2021-06-24 10:25:59,4221.35,88290
2021-06-24 10:26:00,4221.35,88290
2021-06-24 10:26:01,4221.35,88290
2021-06-24 10:26:02,4221.35,88290
2021-06-24 10:26:03,4221.45,88327
2021-06-24 10:26:04,4220.8,88331
2021-06-24 10:26:05,4220.8,88331
2021-06-24 10:26:06,4220.8,88331
2021-06-24 10:26:08,4220.8,88331
2021-06-24 10:26:07,4220.8,88331
2021-06-24 10:26:09,4222.75,88365
2021-06-24 10:26:10,4222.75,88365
2021-06-24 10:26:11,4222.75,88365
2021-06-24 10:26:12,4222.75,88365
2021-06-24 10:26:13,4222.75,88365
2021-06-24 10:26:15,4222.75,88365
2021-06-24 10:26:15,4222.95,88391
2021-06-24 10:26:16,4222.95,88391
2021-06-24 10:26:17,4222.95,88391
2021-06-24 10:26:18,4220.9,88406
2021-06-24 10:26:19,4222.9,88496
2021-06-24 10:26:20,4222.9,88496
2021-06-24 10:26:21,4222.9,88496
2021-06-24 10:26:23,4222.9,88496
2021-06-24 10:26:23,4222.9,88496
2021-06-24 10:26:24,4222.9,88496
2021-06-24 10:26:25,4222.9,88496
2021-06-24 10:26:27,4222.9,88496
2021-06-24 10:26:28,4222.9,88496
2021-06-24 10:26:29,4222.9,88496
2021-06-24 10:26:30,4222.9,88496
2021-06-24 10:26:31,4222.9,88496
2021-06-24 10:26:32,4222.9,88496
2021-06-24 10:26:32,4222.9,88496
2021-06-24 10:26:33,4222.2,88511
2021-06-24 10:26:35,4222.2,88511
2021-06-24 10:26:36,4222.2,88511
2021-06-24 10:26:37,4222.2,88511
2021-06-24 10:26:38,4222.2,88511
2021-06-24 10:26:38,4222.2,88511
2021-06-24 10:26:39,4222.2,88511
2021-06-24 10:26:41,4222.2,88511
2021-06-24 10:26:43,4222.2,88511
2021-06-24 10:26:44,4222.2,88511
2021-06-24 10:26:45,4222.2,88511
2021-06-24 10:26:45,4222.2,88511
2021-06-24 10:26:46,4222.2,88511
2021-06-24 10:26:47,4221.05,88687
2021-06-24 10:26:49,4222.3,88767
2021-06-24 10:26:50,4222.3,88774
2021-06-24 10:26:50,4220.9,88809
2021-06-24 10:26:51,4220.9,88809
2021-06-24 10:26:52,4220.9,88809
2021-06-24 10:26:54,4220.75,88965
2021-06-24 10:26:55,4220.75,88965
2021-06-24 10:26:56,4220.75,88965
2021-06-24 10:26:57,4220.75,88965
2021-06-24 10:26:58,4220.75,88965
2021-06-24 10:26:59,4220.75,88965
2021-06-24 10:26:59,4220.75,88965
2021-06-24 10:27:00,4220.75,88965
2021-06-24 10:27:02,4220.5,88999
2021-06-24 10:27:03,4220.5,88999
2021-06-24 10:27:04,4220.55,89020
2021-06-24 10:27:05,4220.55,89030
2021-06-24 10:27:05,4220.55,89030
2021-06-24 10:27:06,4220.55,89030
2021-06-24 10:27:07,4220.55,89030
2021-06-24 10:27:08,4220.55,89030
2021-06-24 10:27:09,4220.55,89030
2021-06-24 10:27:10,4220.55,89030
2021-06-24 10:27:11,4220.55,89030
2021-06-24 10:27:13,4220.55,89030
2021-06-24 10:27:14,4220.55,89030
2021-06-24 10:27:15,4220.55,89032
2021-06-24 10:27:17,4220.7,89033
2021-06-24 10:27:19,4220.7,89033
2021-06-24 10:27:19,4220.7,89033
2021-06-24 10:27:20,4220.7,89033
2021-06-24 10:27:21,4220.7,89033
2021-06-24 10:27:22,4220.0,89144
2021-06-24 10:27:23,4218.45,89194
2021-06-24 10:27:24,4217.9,89214
2021-06-24 10:27:25,4217.9,89214
2021-06-24 10:27:26,4217.9,89214
2021-06-24 10:27:27,4217.9,89214
2021-06-24 10:27:28,4217.9,89214
2021-06-24 10:27:29,4217.9,89214
2021-06-24 10:27:30,4217.9,89214
2021-06-24 10:27:32,4217.9,89214
2021-06-24 10:27:33,4220.05,89248
2021-06-24 10:27:33,4220.05,89248
2021-06-24 10:27:34,4220.05,89248
2021-06-24 10:27:35,4220.05,89248
2021-06-24 10:27:36,4220.05,89248
2021-06-24 10:27:37,4220.05,89248
2021-06-24 10:27:38,4220.05,89248
2021-06-24 10:27:41,4220.05,89248
2021-06-24 10:27:42,4220.05,89248
2021-06-24 10:27:43,4220.05,89248
2021-06-24 10:27:44,4220.05,89248
2021-06-24 10:27:45,4220.05,89248
2021-06-24 10:27:46,4220.05,89248
2021-06-24 10:27:47,4218.75,89250
2021-06-24 10:27:48,4220.05,89275
2021-06-24 10:27:49,4220.05,89275
2021-06-24 10:27:50,4220.05,89275
2021-06-24 10:27:50,4218.75,89309
2021-06-24 10:27:51,4219.8,89320
2021-06-24 10:27:52,4219.8,89320
2021-06-24 10:27:53,4219.8,89320
2021-06-24 10:27:55,4219.8,89320
2021-06-24 10:27:56,4219.8,89320
2021-06-24 10:27:57,4219.8,89320
2021-06-24 10:27:59,4218.7,89321
2021-06-24 10:28:00,4218.7,89321
2021-06-24 10:28:01,4218.7,89321
2021-06-24 10:28:01,4218.7,89321
2021-06-24 10:28:02,4218.7,89321
2021-06-24 10:28:03,4219.9,89334
2021-06-24 10:28:05,4219.9,89334
2021-06-24 10:28:06,4219.9,89334
2021-06-24 10:28:07,4219.9,89336
2021-06-24 10:28:08,4219.9,89336
2021-06-24 10:28:09,4219.9,89336
2021-06-24 10:28:10,4219.9,89336
2021-06-24 10:28:11,4219.9,89354
2021-06-24 10:28:12,4219.9,89354
2021-06-24 10:28:13,4219.9,89354
2021-06-24 10:28:13,4219.9,89354
2021-06-24 10:28:14,4218.65,89355
2021-06-24 10:28:16,4218.65,89355
2021-06-24 10:28:17,4218.65,89355
2021-06-24 10:28:18,4219.85,89360
2021-06-24 10:28:19,4219.85,89360
2021-06-24 10:28:20,4219.85,89360
2021-06-24 10:28:21,4219.85,89360
2021-06-24 10:28:22,4219.85,89410
2021-06-24 10:28:23,4218.6,89426
2021-06-24 10:28:23,4218.6,89426
2021-06-24 10:28:24,4218.6,89426
2021-06-24 10:28:25,4216.95,89524
2021-06-24 10:28:26,4218.6,89572
2021-06-24 10:28:28,4218.6,89572
2021-06-24 10:28:29,4218.6,89572
2021-06-24 10:28:30,4218.6,89572
2021-06-24 10:28:31,4218.6,89572
2021-06-24 10:28:33,4218.6,89572
2021-06-24 10:28:34,4218.6,89609
2021-06-24 10:28:35,4219.0,89610
2021-06-24 10:28:36,4219.0,89610
2021-06-24 10:28:37,4219.0,89610
2021-06-24 10:28:38,4219.0,89610
2021-06-24 10:28:39,4219.0,89612
2021-06-24 10:28:41,4219.0,89612
2021-06-24 10:28:41,4219.0,89612
2021-06-24 10:28:43,4218.55,89617
2021-06-24 10:28:44,4218.55,89617
2021-06-24 10:28:45,4219.0,89652
2021-06-24 10:28:46,4219.0,89652
2021-06-24 10:28:47,4219.0,89652
2021-06-24 10:28:48,4219.0,89652
2021-06-24 10:28:49,4219.0,89753
2021-06-24 10:28:50,4219.0,89753
2021-06-24 10:28:51,4219.0,89753
2021-06-24 10:28:52,4219.0,89753
2021-06-24 10:28:54,4219.0,89753
2021-06-24 10:28:55,4219.0,89753
2021-06-24 10:28:57,4219.0,89753
2021-06-24 10:28:57,4219.0,89753
2021-06-24 10:28:58,4219.0,89753
2021-06-24 10:28:59,4219.0,89753
2021-06-24 10:29:01,4219.0,89753
2021-06-24 10:29:02,4218.55,89800
2021-06-24 10:29:03,4218.95,89833
2021-06-24 10:29:04,4218.95,89834
2021-06-24 10:29:05,4218.95,89834
2021-06-24 10:29:06,4218.95,89834
2021-06-24 10:29:08,4218.95,89834
2021-06-24 10:29:10,4218.95,89834
2021-06-24 10:29:11,4218.95,89834
2021-06-24 10:29:12,4218.95,89834
2021-06-24 10:29:13,4218.95,89834
2021-06-24 10:29:14,4218.55,89838
2021-06-24 10:29:15,4218.55,89838
2021-06-24 10:29:17,4218.55,89838
2021-06-24 10:29:18,4218.55,89838
2021-06-24 10:29:19,4218.95,89839
2021-06-24 10:29:20,4218.95,89839
2021-06-24 10:29:21,4218.95,89839
2021-06-24 10:29:21,4218.95,89839
2021-06-24 10:29:25,4218.95,89949
2021-06-24 10:29:26,4218.65,89952
2021-06-24 10:29:28,4218.65,89952
2021-06-24 10:29:29,4218.65,89957
2021-06-24 10:29:30,4218.65,89957
2021-06-24 10:29:31,4218.65,89957
2021-06-24 10:29:32,4218.65,89972
2021-06-24 10:29:33,4218.65,90005
2021-06-24 10:29:34,4218.65,90005
2021-06-24 10:29:35,4218.65,90005
2021-06-24 10:29:36,4218.65,90005
2021-06-24 10:29:37,4218.65,90005
2021-06-24 10:29:38,4218.65,90005
2021-06-24 10:29:41,4218.65,90005
2021-06-24 10:29:42,4218.65,90005
2021-06-24 10:29:44,4218.65,90005
2021-06-24 10:29:44,4218.65,90005
2021-06-24 10:29:45,4218.6,90007
2021-06-24 10:29:47,4218.6,90019
2021-06-24 10:29:48,4218.6,90021
2021-06-24 10:29:50,4218.6,90021
2021-06-24 10:29:51,4218.6,90021
2021-06-24 10:29:53,4218.6,90021
2021-06-24 10:29:54,4218.6,90026
2021-06-24 10:29:55,4218.6,90026
2021-06-24 10:29:56,4218.6,90075
2021-06-24 10:29:57,4218.6,90075
2021-06-24 10:29:58,4218.6,90075
2021-06-24 10:29:59,4218.6,90075
2021-06-24 10:30:00,4218.6,90075
2021-06-24 10:30:01,4218.6,90075
2021-06-24 10:30:02,4218.6,90075
2021-06-24 10:30:03,4218.6,90110
2021-06-24 10:30:04,4218.55,90135
2021-06-24 10:30:04,4218.55,90135
2021-06-24 10:30:05,4218.55,90135
2021-06-24 10:30:08,4218.55,90135
2021-06-24 10:30:11,4218.55,90135
2021-06-24 10:30:13,4218.55,90135
2021-06-24 10:30:13,4218.6,90146
2021-06-24 10:30:15,4218.75,90161
2021-06-24 10:30:17,4218.75,90161
2021-06-24 10:30:18,4218.75,90161
2021-06-24 10:30:22,4218.7,90171
2021-06-24 10:30:23,4218.7,90171
2021-06-24 10:30:24,4218.7,90231
2021-06-24 10:30:25,4218.55,90266
2021-06-24 10:30:26,4218.7,90267
2021-06-24 10:30:27,4218.7,90267
2021-06-24 10:30:28,4218.7,90267
2021-06-24 10:30:29,4218.7,90267
2021-06-24 10:30:30,4218.5,90287
2021-06-24 10:30:31,4218.5,90287
2021-06-24 10:30:32,4218.5,90287
2021-06-24 10:30:33,4218.0,90411
2021-06-24 10:30:33,4218.0,90411
2021-06-24 10:30:34,4218.0,90411
2021-06-24 10:30:35,4220.25,90436
2021-06-24 10:30:36,4220.25,90436
2021-06-24 10:30:37,4220.25,90436
2021-06-24 10:30:39,4220.25,90436
2021-06-24 10:30:40,4220.25,90436
2021-06-24 10:30:41,4220.25,90436
2021-06-24 10:30:42,4220.25,90436
2021-06-24 10:30:43,4220.25,90436
2021-06-24 10:30:44,4220.25,90436
2021-06-24 10:30:44,4220.25,90436
2021-06-24 10:30:46,4220.25,90436
2021-06-24 10:30:48,4220.25,90436
2021-06-24 10:30:49,4220.25,90436
2021-06-24 10:30:50,4218.2,90439
2021-06-24 10:30:52,4218.2,90439
2021-06-24 10:30:54,4218.2,90439
2021-06-24 10:30:55,4218.2,90439
2021-06-24 10:30:57,4218.2,90439
2021-06-24 10:30:58,4218.2,90439
2021-06-24 10:30:59,4218.2,90439
2021-06-24 10:31:00,4218.2,90439
2021-06-24 10:31:02,4218.2,90439
2021-06-24 10:31:03,4220.2,90472
2021-06-24 10:31:03,4220.2,90472
2021-06-24 10:31:05,4220.2,90473
2021-06-24 10:31:06,4220.2,90473
2021-06-24 10:31:07,4220.2,90473
2021-06-24 10:31:08,4220.2,90473
2021-06-24 10:31:09,4220.2,90473
2021-06-24 10:31:10,4218.65,90497
2021-06-24 10:31:11,4218.65,90497
2021-06-24 10:31:12,4218.65,90498
2021-06-24 10:31:13,4218.65,90498
2021-06-24 10:31:15,4218.65,90498
2021-06-24 10:31:17,4218.65,90498
2021-06-24 10:31:18,4218.65,90498
2021-06-24 10:31:19,4218.65,90498
2021-06-24 10:31:20,4218.65,90498
2021-06-24 10:31:21,4218.65,90498
2021-06-24 10:31:22,4218.65,90498
2021-06-24 10:31:24,4218.6,90499
2021-06-24 10:31:25,4218.6,90499
2021-06-24 10:31:26,4218.6,90499
2021-06-24 10:31:27,4218.55,90555
2021-06-24 10:31:28,4219.75,90575
2021-06-24 10:31:29,4219.75,90575
2021-06-24 10:31:30,4219.75,90575
2021-06-24 10:31:31,4219.75,90575
2021-06-24 10:31:33,4219.8,90608
2021-06-24 10:31:33,4217.25,90720
2021-06-24 10:31:34,4216.95,90753
2021-06-24 10:31:35,4216.0,90763
2021-06-24 10:31:36,4216.05,90769
2021-06-24 10:31:38,4216.05,90769
2021-06-24 10:31:39,4216.05,90769
2021-06-24 10:31:41,4216.05,90769
2021-06-24 10:31:42,4216.1,90773
2021-06-24 10:31:43,4215.7,90774
2021-06-24 10:31:44,4215.7,90774
2021-06-24 10:31:45,4215.7,90774
2021-06-24 10:31:46,4215.7,90774
2021-06-24 10:31:47,4215.7,90774
2021-06-24 10:31:48,4215.7,90774
2021-06-24 10:31:49,4215.7,90774
2021-06-24 10:31:50,4215.7,90774
2021-06-24 10:31:51,4215.7,90774
2021-06-24 10:31:51,4215.7,90774
2021-06-24 10:31:52,4215.0,90822
2021-06-24 10:31:53,4214.7,90823
2021-06-24 10:31:54,4214.7,90823
2021-06-24 10:31:55,4214.25,90850
2021-06-24 10:31:56,4214.25,90850
2021-06-24 10:31:57,4214.25,90903
2021-06-24 10:31:58,4214.25,90938
2021-06-24 10:31:59,4214.25,90938
2021-06-24 10:32:00,4214.0,90943
2021-06-24 10:32:01,4214.0,90943
2021-06-24 10:32:02,4214.0,90943
2021-06-24 10:32:03,4214.25,90976
2021-06-24 10:32:04,4214.25,90978
2021-06-24 10:32:05,4214.25,90978
2021-06-24 10:32:07,4214.25,90978
2021-06-24 10:32:08,4214.25,90978
2021-06-24 10:32:09,4213.5,91025
2021-06-24 10:32:10,4214.35,91029
2021-06-24 10:32:11,4214.35,91029
2021-06-24 10:32:12,4214.35,91029
2021-06-24 10:32:13,4214.35,91029
2021-06-24 10:32:14,4214.35,91029
2021-06-24 10:32:15,4213.5,91030
2021-06-24 10:32:16,4213.5,91030
2021-06-24 10:32:17,4213.5,91030
2021-06-24 10:32:19,4213.5,91030
2021-06-24 10:32:18,4213.5,91030
2021-06-24 10:32:20,4214.35,91031
2021-06-24 10:32:21,4214.35,91031
2021-06-24 10:32:22,4214.35,91031
2021-06-24 10:32:23,4214.35,91031
2021-06-24 10:32:24,4214.35,91031
2021-06-24 10:32:25,4214.35,91031
2021-06-24 10:32:26,4214.35,91036
2021-06-24 10:32:27,4213.5,91067
2021-06-24 10:32:28,4213.5,91067
2021-06-24 10:32:29,4213.5,91067
2021-06-24 10:32:30,4213.5,91067
2021-06-24 10:32:32,4213.5,91067
2021-06-24 10:32:33,4214.2,91082
2021-06-24 10:32:33,4214.2,91082
2021-06-24 10:32:34,4214.35,91083
2021-06-24 10:32:36,4214.35,91083
2021-06-24 10:32:37,4214.35,91083
2021-06-24 10:32:38,4214.25,91121
2021-06-24 10:32:39,4214.25,91124
2021-06-24 10:32:40,4214.35,91126
2021-06-24 10:32:41,4214.2,91133
2021-06-24 10:32:42,4214.2,91133
2021-06-24 10:32:43,4214.2,91133
2021-06-24 10:32:44,4214.2,91133
2021-06-24 10:32:45,4214.2,91133
2021-06-24 10:32:47,4214.2,91133
2021-06-24 10:32:48,4214.35,91136
2021-06-24 10:32:49,4214.35,91136
2021-06-24 10:32:50,4214.35,91136
2021-06-24 10:32:52,4214.35,91136
2021-06-24 10:32:53,4214.35,91136
2021-06-24 10:32:54,4214.35,91136
2021-06-24 10:32:55,4214.35,91136
2021-06-24 10:32:56,4214.35,91136
2021-06-24 10:32:57,4214.35,91136
2021-06-24 10:32:58,4214.0,91137
2021-06-24 10:32:59,4214.0,91137
2021-06-24 10:33:00,4214.0,91167
2021-06-24 10:33:01,4214.0,91167
2021-06-24 10:33:02,4214.35,91467
2021-06-24 10:33:03,4214.0,91519
2021-06-24 10:33:04,4214.0,91519
2021-06-24 10:33:05,4214.0,91519
2021-06-24 10:33:06,4214.0,91519
2021-06-24 10:33:07,4214.0,91519
2021-06-24 10:33:08,4214.0,91519
2021-06-24 10:33:09,4214.15,91540
2021-06-24 10:33:10,4213.45,91572
2021-06-24 10:33:11,4213.45,91572
2021-06-24 10:33:12,4213.45,91572
2021-06-24 10:33:13,4213.45,91572
2021-06-24 10:33:14,4215.7,91617
2021-06-24 10:33:15,4215.7,91617
2021-06-24 10:33:16,4215.7,91617
2021-06-24 10:33:17,4215.7,91638
2021-06-24 10:33:18,4215.7,91638
2021-06-24 10:33:19,4215.7,91638
2021-06-24 10:33:20,4215.7,91638
2021-06-24 10:33:21,4215.7,91638
2021-06-24 10:33:22,4215.7,91638
2021-06-24 10:33:23,4215.7,91638
2021-06-24 10:33:24,4215.7,91638
2021-06-24 10:33:25,4215.7,91638
2021-06-24 10:33:26,4215.7,91638
2021-06-24 10:33:28,4215.7,91638
2021-06-24 10:33:27,4215.7,91638
