timestamp,ltp,volume
2021-06-24 09:35:53,5310.0,25851
2021-06-24 09:35:55,5311.1,25951
2021-06-24 09:35:56,5310.9,25967
2021-06-24 09:35:57,5310.9,25967
2021-06-24 09:35:58,5310.9,25967
2021-06-24 09:35:58,5310.9,25967
2021-06-24 09:35:59,5311.45,26027
2021-06-24 09:36:00,5310.0,26032
2021-06-24 09:36:01,5310.0,26032
2021-06-24 09:36:03,5309.1,26048
2021-06-24 09:36:04,5309.1,26048
2021-06-24 09:36:05,5309.1,26048
2021-06-24 09:36:06,5309.1,26048
2021-06-24 09:36:07,5312.0,26050
2021-06-24 09:36:08,5309.4,26060
2021-06-24 09:36:09,5309.5,26061
2021-06-24 09:36:10,5309.5,26061
2021-06-24 09:36:11,5309.5,26061
2021-06-24 09:36:12,5309.5,26061
2021-06-24 09:36:13,5309.5,26061
2021-06-24 09:36:14,5309.5,26061
2021-06-24 09:36:15,5312.35,26062
2021-06-24 09:36:16,5312.35,26062
2021-06-24 09:36:17,5312.35,26062
2021-06-24 09:36:18,5312.35,26062
2021-06-24 09:36:19,5312.35,26062
2021-06-24 09:36:20,5311.6,26087
2021-06-24 09:36:21,5311.6,26089
2021-06-24 09:36:22,5311.6,26089
2021-06-24 09:36:23,5311.6,26090
2021-06-24 09:36:24,5311.6,26090
2021-06-24 09:36:25,5311.6,26090
2021-06-24 09:36:25,5311.6,26090
2021-06-24 09:36:27,5311.6,26090
2021-06-24 09:36:28,5311.6,26090
2021-06-24 09:36:31,5311.6,26090
2021-06-24 09:36:31,5311.6,26090
2021-06-24 09:36:33,5311.6,26090
2021-06-24 09:36:34,5309.5,26140
2021-06-24 09:36:35,5310.85,26143
2021-06-24 09:36:36,5310.85,26143
2021-06-24 09:36:37,5310.85,26143
2021-06-24 09:36:38,5310.85,26143
2021-06-24 09:36:39,5310.85,26143
2021-06-24 09:36:40,5310.85,26143
2021-06-24 09:36:41,5310.85,26143
2021-06-24 09:36:42,5310.85,26143
2021-06-24 09:36:43,5309.5,26162
2021-06-24 09:36:44,5310.65,26166
2021-06-24 09:36:45,5310.0,26171
2021-06-24 09:36:45,5310.0,26171
2021-06-24 09:36:46,5310.0,26171
2021-06-24 09:36:47,5310.0,26171
2021-06-24 09:36:48,5310.8,26172
2021-06-24 09:36:49,5310.8,26176
2021-06-24 09:36:51,5310.8,26180
2021-06-24 09:36:53,5310.8,26180
2021-06-24 09:36:54,5310.8,26180
2021-06-24 09:36:55,5310.8,26180
2021-06-24 09:36:55,5309.0,26183
2021-06-24 09:36:57,5309.0,26194
2021-06-24 09:36:58,5309.0,26194
2021-06-24 09:36:59,5309.0,26196
2021-06-24 09:37:00,5309.0,26196
2021-06-24 09:37:01,5309.0,26204
2021-06-24 09:37:02,5311.2,26279
2021-06-24 09:37:03,5311.2,26291
2021-06-24 09:37:04,5311.2,26291
2021-06-24 09:37:05,5311.2,26291
2021-06-24 09:37:07,5311.2,26291
2021-06-24 09:37:08,5311.2,26291
2021-06-24 09:37:09,5309.35,26293
2021-06-24 09:37:09,5309.35,26293
2021-06-24 09:37:10,5309.35,26293
2021-06-24 09:37:12,5309.35,26293
2021-06-24 09:37:13,5309.0,26340
2021-06-24 09:37:14,5309.0,26340
2021-06-24 09:37:15,5309.0,26340
2021-06-24 09:37:16,5309.3,26367
2021-06-24 09:37:16,5306.6,26357
2021-06-24 09:37:17,5309.3,26367
2021-06-24 09:37:18,5309.3,26439
2021-06-24 09:37:20,5309.3,26439
2021-06-24 09:37:21,5309.3,26439
2021-06-24 09:37:22,5309.3,26439
2021-06-24 09:37:23,5309.3,26446
2021-06-24 09:37:25,5310.35,26466
2021-06-24 09:37:24,5309.3,26446
2021-06-24 09:37:25,5311.0,26491
2021-06-24 09:37:27,5311.0,26491
2021-06-24 09:37:28,5311.0,26491
2021-06-24 09:37:28,5311.0,26491
2021-06-24 09:37:30,5311.0,26491
2021-06-24 09:37:31,5311.0,26491
2021-06-24 09:37:32,5311.0,26491
2021-06-24 09:37:33,5311.0,26491
2021-06-24 09:37:34,5311.0,26491
2021-06-24 09:37:34,5311.0,26491
2021-06-24 09:37:35,5311.0,26491
2021-06-24 09:37:36,5311.0,26497
2021-06-24 09:37:38,5311.0,26497
2021-06-24 09:37:39,5309.35,26498
2021-06-24 09:37:40,5309.35,26502
2021-06-24 09:37:41,5309.35,26502
2021-06-24 09:37:42,5309.35,26502
2021-06-24 09:37:43,5309.35,26502
2021-06-24 09:37:44,5309.35,26507
2021-06-24 09:37:45,5309.35,26507
2021-06-24 09:37:46,5309.35,26507
2021-06-24 09:37:47,5309.35,26507
2021-06-24 09:37:48,5309.35,26507
2021-06-24 09:37:50,5309.35,26507
2021-06-24 09:37:52,5309.35,26507
2021-06-24 09:37:52,5309.35,26507
2021-06-24 09:37:54,5309.35,26507
2021-06-24 09:37:55,5309.35,26507
2021-06-24 09:37:56,5309.35,26507
2021-06-24 09:37:56,5309.35,26507
2021-06-24 09:37:57,5309.35,26507
2021-06-24 09:38:00,5309.35,26507
2021-06-24 09:38:01,5310.0,26537
2021-06-24 09:38:02,5309.35,26568
2021-06-24 09:38:03,5309.35,26568
2021-06-24 09:38:04,5311.2,26570
2021-06-24 09:38:05,5311.2,26570
2021-06-24 09:38:06,5311.2,26570
2021-06-24 09:38:07,5311.2,26570
2021-06-24 09:38:08,5311.2,26570
2021-06-24 09:38:09,5311.2,26570
2021-06-24 09:38:10,5312.2,27317
2021-06-24 09:38:11,5312.2,27442
2021-06-24 09:38:12,5312.45,27444
2021-06-24 09:38:13,5312.45,27444
2021-06-24 09:38:14,5313.3,27591
2021-06-24 09:38:15,5313.3,27599
2021-06-24 09:38:16,5313.3,27607
2021-06-24 09:38:17,5313.3,27607
2021-06-24 09:38:18,5313.1,27625
2021-06-24 09:38:19,5313.3,27632
2021-06-24 09:38:20,5313.3,27632
2021-06-24 09:38:21,5314.2,27732
2021-06-24 09:38:22,5312.2,27782
2021-06-24 09:38:23,5314.55,27783
2021-06-24 09:38:24,5314.55,27783
2021-06-24 09:38:25,5314.55,27783
2021-06-24 09:38:26,5314.55,27783
2021-06-24 09:38:27,5314.95,27884
2021-06-24 09:38:28,5314.95,27884
2021-06-24 09:38:29,5314.95,27884
2021-06-24 09:38:30,5314.95,27884
2021-06-24 09:38:31,5308.3,28165
2021-06-24 09:38:32,5308.3,28165
2021-06-24 09:38:33,5308.3,28165
2021-06-24 09:38:34,5308.5,28182
2021-06-24 09:38:35,5308.5,28182
2021-06-24 09:38:35,5308.5,28182
2021-06-24 09:38:37,5308.5,28182
2021-06-24 09:38:37,5308.5,28182
2021-06-24 09:38:39,5308.5,28182
2021-06-24 09:38:40,5311.5,28194
2021-06-24 09:38:41,5311.45,28196
2021-06-24 09:38:42,5311.45,28196
2021-06-24 09:38:44,5311.45,28196
2021-06-24 09:38:45,5311.45,28196
2021-06-24 09:38:47,5311.45,28196
2021-06-24 09:38:48,5311.45,28196
2021-06-24 09:38:49,5311.45,28196
2021-06-24 09:38:50,5311.45,28196
2021-06-24 09:38:51,5311.45,28196
2021-06-24 09:38:52,5312.75,28225
2021-06-24 09:38:53,5312.75,28225
2021-06-24 09:38:55,5312.9,28304
2021-06-24 09:38:56,5313.3,28315
2021-06-24 09:38:57,5313.45,28355
2021-06-24 09:38:58,5313.45,28355
2021-06-24 09:38:59,5310.9,28375
2021-06-24 09:39:00,5310.9,28375
2021-06-24 09:39:00,5310.9,28375
2021-06-24 09:39:01,5310.9,28375
2021-06-24 09:39:03,5310.9,28375
2021-06-24 09:39:04,5313.1,28575
2021-06-24 09:39:05,5312.15,28576
2021-06-24 09:39:06,5312.15,28576
2021-06-24 09:39:08,5310.9,28580
2021-06-24 09:39:09,5310.9,28580
2021-06-24 09:39:10,5310.9,28580
2021-06-24 09:39:11,5313.75,28905
2021-06-24 09:39:11,5313.75,28905
2021-06-24 09:39:12,5313.75,28905
2021-06-24 09:39:14,5313.75,28905
2021-06-24 09:39:15,5310.8,28908
2021-06-24 09:39:16,5310.8,28908
2021-06-24 09:39:17,5310.8,28908
2021-06-24 09:39:18,5310.8,28908
2021-06-24 09:39:19,5310.8,28908
2021-06-24 09:39:21,5310.8,28908
2021-06-24 09:39:21,5310.8,28908
2021-06-24 09:39:22,5310.8,28908
2021-06-24 09:39:24,5310.8,28908
2021-06-24 09:39:24,5310.8,28908
2021-06-24 09:39:28,5311.0,28932
2021-06-24 09:39:29,5311.0,28932
2021-06-24 09:39:30,5311.2,29050
2021-06-24 09:39:31,5312.1,29150
2021-06-24 09:39:32,5312.1,29150
2021-06-24 09:39:33,5312.1,29150
2021-06-24 09:39:34,5308.55,29173
2021-06-24 09:39:35,5308.55,29173
2021-06-24 09:39:36,5306.1,29275
2021-06-24 09:39:37,5306.1,29275
2021-06-24 09:39:38,5306.1,29275
2021-06-24 09:39:39,5308.8,29282
2021-06-24 09:39:41,5308.8,29282
2021-06-24 09:39:43,5306.2,29307
2021-06-24 09:39:44,5308.0,29327
2021-06-24 09:39:45,5309.85,29428
2021-06-24 09:39:46,5309.85,29428
2021-06-24 09:39:47,5309.85,29428
2021-06-24 09:39:48,5309.85,29428
2021-06-24 09:39:49,5309.85,29428
2021-06-24 09:39:50,5311.7,29748
2021-06-24 09:39:52,5311.7,29748
2021-06-24 09:39:53,5311.7,29748
2021-06-24 09:39:54,5311.0,29751
2021-06-24 09:39:55,5311.0,29751
2021-06-24 09:39:56,5311.0,29751
2021-06-24 09:39:57,5311.0,29751
2021-06-24 09:39:58,5307.85,29752
2021-06-24 09:39:59,5307.9,29753
2021-06-24 09:40:00,5307.9,29753
2021-06-24 09:40:01,5308.05,29755
2021-06-24 09:40:02,5311.0,29759
2021-06-24 09:40:03,5311.0,29759
2021-06-24 09:40:04,5308.95,29760
2021-06-24 09:40:05,5308.95,29760
2021-06-24 09:40:06,5308.9,29834
2021-06-24 09:40:07,5308.9,29834
2021-06-24 09:40:08,5308.9,29834
2021-06-24 09:40:09,5311.0,29835
2021-06-24 09:40:10,5312.1,29876
2021-06-24 09:40:11,5312.1,29876
2021-06-24 09:40:12,5308.7,29877
2021-06-24 09:40:13,5311.0,29897
2021-06-24 09:40:14,5311.0,29897
2021-06-24 09:40:15,5311.0,29897
2021-06-24 09:40:16,5311.0,29897
2021-06-24 09:40:17,5311.0,29897
2021-06-24 09:40:18,5311.0,29897
2021-06-24 09:40:19,5311.0,29897
2021-06-24 09:40:20,5311.0,29910
2021-06-24 09:40:21,5311.0,29910
2021-06-24 09:40:22,5311.0,29910
2021-06-24 09:40:23,5311.0,29910
2021-06-24 09:40:24,5311.0,29960
2021-06-24 09:40:25,5311.0,29960
2021-06-24 09:40:26,5311.0,29961
2021-06-24 09:40:27,5311.0,29961
2021-06-24 09:40:28,5311.45,29962
2021-06-24 09:40:29,5311.45,29962
2021-06-24 09:40:31,5311.45,29962
2021-06-24 09:40:32,5311.45,29962
2021-06-24 09:40:33,5311.45,29962
2021-06-24 09:40:34,5311.45,29962
2021-06-24 09:40:35,5309.0,29964
2021-06-24 09:40:36,5309.0,29964
2021-06-24 09:40:37,5309.0,29964
2021-06-24 09:40:38,5309.0,29965
2021-06-24 09:40:39,5308.0,30032
2021-06-24 09:40:40,5308.5,30167
2021-06-24 09:40:41,5308.5,30167
2021-06-24 09:40:42,5308.5,30167
2021-06-24 09:40:43,5308.5,30167
2021-06-24 09:40:44,5308.5,30167
2021-06-24 09:40:45,5309.55,30172
2021-06-24 09:40:46,5309.55,30172
2021-06-24 09:40:47,5309.55,30177
2021-06-24 09:40:48,5309.55,30177
2021-06-24 09:40:49,5307.0,30182
2021-06-24 09:40:50,5307.0,30182
2021-06-24 09:40:51,5307.0,30182
2021-06-24 09:40:52,5307.0,30182
2021-06-24 09:40:53,5307.0,30182
2021-06-24 09:40:54,5307.25,30183
2021-06-24 09:40:55,5307.25,30183
2021-06-24 09:40:56,5307.3,30416
2021-06-24 09:40:57,5307.0,30436
2021-06-24 09:40:58,5307.0,30436
2021-06-24 09:41:01,5307.1,30448
2021-06-24 09:41:00,5307.1,30448
2021-06-24 09:41:02,5307.1,30448
2021-06-24 09:41:03,5307.1,30448
2021-06-24 09:41:04,5307.1,30448
2021-06-24 09:41:05,5307.0,30548
2021-06-24 09:41:06,5307.0,30548
2021-06-24 09:41:07,5307.0,30548
2021-06-24 09:41:08,5307.0,30548
2021-06-24 09:41:09,5307.0,30548
2021-06-24 09:41:10,5307.0,30548
2021-06-24 09:41:11,5307.0,30548
2021-06-24 09:41:12,5307.0,30548
2021-06-24 09:41:13,5307.0,30548
2021-06-24 09:41:14,5307.0,30548
2021-06-24 09:41:15,5310.05,30559
2021-06-24 09:41:16,5310.05,30559
2021-06-24 09:41:17,5310.05,30559
2021-06-24 09:41:18,5310.05,30559
2021-06-24 09:41:19,5310.05,30559
2021-06-24 09:41:20,5307.25,30593
2021-06-24 09:41:21,5307.0,30806
2021-06-24 09:41:22,5307.0,30811
2021-06-24 09:41:23,5309.05,30821
2021-06-24 09:41:24,5309.05,30821
2021-06-24 09:41:25,5309.05,30821
2021-06-24 09:41:26,5309.05,30821
2021-06-24 09:41:27,5309.05,30821
2021-06-24 09:41:28,5309.05,30821
2021-06-24 09:41:29,5309.05,30821
2021-06-24 09:41:30,5309.05,30821
2021-06-24 09:41:31,5309.05,30821
2021-06-24 09:41:32,5309.05,30824
2021-06-24 09:41:33,5309.05,30824
2021-06-24 09:41:34,5307.0,31012
2021-06-24 09:41:35,5306.2,31094
2021-06-24 09:41:36,5306.2,31094
2021-06-24 09:41:37,5306.2,31094
2021-06-24 09:41:39,5306.2,31094
2021-06-24 09:41:40,5306.2,31094
2021-06-24 09:41:41,5306.2,31094
2021-06-24 09:41:42,5306.2,31094
2021-06-24 09:41:43,5306.2,31135
2021-06-24 09:41:44,5306.2,31135
2021-06-24 09:41:46,5306.2,31185
2021-06-24 09:41:47,5306.2,31200
2021-06-24 09:41:48,5306.2,31221
2021-06-24 09:41:49,5306.2,31221
2021-06-24 09:41:50,5306.2,31261
2021-06-24 09:41:51,5304.85,32176
2021-06-24 09:41:52,5302.3,32180
2021-06-24 09:41:53,5302.3,32180
2021-06-24 09:41:54,5302.3,32180
2021-06-24 09:41:55,5302.35,32200
2021-06-24 09:41:56,5302.35,32200
2021-06-24 09:41:57,5302.35,32200
2021-06-24 09:41:59,5301.95,32203
2021-06-24 09:42:01,5301.5,32219
2021-06-24 09:42:03,5301.7,32251
2021-06-24 09:42:04,5304.8,32353
2021-06-24 09:42:05,5301.6,32378
2021-06-24 09:42:06,5301.6,32378
2021-06-24 09:42:07,5304.5,32380
2021-06-24 09:42:08,5304.5,32380
2021-06-24 09:42:10,5304.5,32380
2021-06-24 09:42:11,5301.0,32506
2021-06-24 09:42:12,5301.0,32506
2021-06-24 09:42:14,5300.25,32516
2021-06-24 09:42:14,5300.25,32516
2021-06-24 09:42:16,5303.0,32596
2021-06-24 09:42:17,5300.35,32607
2021-06-24 09:42:19,5300.35,32607
2021-06-24 09:42:19,5300.35,32607
2021-06-24 09:42:20,5300.35,32607
2021-06-24 09:42:21,5300.35,32607
2021-06-24 09:42:22,5300.35,32607
2021-06-24 09:42:23,5303.35,32637
2021-06-24 09:42:25,5303.35,32637
2021-06-24 09:42:26,5303.45,32657
2021-06-24 09:42:27,5303.25,32676
2021-06-24 09:42:27,5303.25,32676
2021-06-24 09:42:28,5303.25,32676
2021-06-24 09:42:29,5303.25,32676
2021-06-24 09:42:30,5303.25,32676
2021-06-24 09:42:31,5303.0,32678
2021-06-24 09:42:33,5303.0,32678
2021-06-24 09:42:33,5303.0,32678
2021-06-24 09:42:34,5303.0,32678
2021-06-24 09:42:35,5302.1,32682
2021-06-24 09:42:36,5302.1,32682
2021-06-24 09:42:37,5302.95,32692
2021-06-24 09:42:39,5302.95,32692
2021-06-24 09:42:40,5303.0,32722
2021-06-24 09:42:41,5301.0,32724
2021-06-24 09:42:43,5301.0,32724
2021-06-24 09:42:45,5303.0,32751
2021-06-24 09:42:46,5303.0,32751
2021-06-24 09:42:47,5303.0,32753
2021-06-24 09:42:48,5303.0,32753
2021-06-24 09:42:49,5301.0,32778
2021-06-24 09:42:49,5301.0,32778
2021-06-24 09:42:50,5301.0,32778
2021-06-24 09:42:51,5301.0,32778
2021-06-24 09:42:52,5301.0,32778
2021-06-24 09:42:53,5300.45,32784
2021-06-24 09:42:54,5300.45,32784
2021-06-24 09:42:57,5300.45,32784
2021-06-24 09:42:58,5300.45,32784
2021-06-24 09:42:58,5300.45,32784
2021-06-24 09:42:59,5300.45,32784
2021-06-24 09:43:00,5301.0,32787
2021-06-24 09:43:01,5300.95,32807
2021-06-24 09:43:02,5300.95,32807
2021-06-24 09:43:03,5301.0,32808
2021-06-24 09:43:06,5300.45,32821
2021-06-24 09:43:06,5300.45,32821
2021-06-24 09:43:07,5300.45,32821
2021-06-24 09:43:08,5300.45,32821
2021-06-24 09:43:09,5300.45,32830
2021-06-24 09:43:14,5300.45,32833
2021-06-24 09:43:15,5300.45,32835
2021-06-24 09:43:17,5300.05,32836
2021-06-24 09:43:17,5300.05,32836
2021-06-24 09:43:19,5297.65,33154
2021-06-24 09:43:19,5297.65,33154
2021-06-24 09:43:20,5300.0,33155
2021-06-24 09:43:21,5297.15,33355
2021-06-24 09:43:22,5297.15,33355
2021-06-24 09:43:23,5297.9,33360
2021-06-24 09:43:25,5297.9,33361
2021-06-24 09:43:25,5300.0,33364
2021-06-24 09:43:26,5297.65,33384
2021-06-24 09:43:27,5299.75,33409
2021-06-24 09:43:28,5299.75,33409
2021-06-24 09:43:29,5298.45,33424
2021-06-24 09:43:31,5298.45,33424
2021-06-24 09:43:32,5295.1,33950
2021-06-24 09:43:32,5295.1,33950
2021-06-24 09:43:33,5295.1,33950
2021-06-24 09:43:34,5295.1,33950
2021-06-24 09:43:35,5295.1,33969
2021-06-24 09:43:36,5295.1,33969
2021-06-24 09:43:39,5295.1,33969
2021-06-24 09:43:40,5295.1,33969
2021-06-24 09:43:41,5293.2,34055
2021-06-24 09:43:43,5293.2,34055
2021-06-24 09:43:43,5293.2,34055
2021-06-24 09:43:45,5293.2,34055
2021-06-24 09:43:46,5293.2,34065
2021-06-24 09:43:47,5293.2,34066
2021-06-24 09:43:48,5293.2,34066
2021-06-24 09:43:49,5293.2,34066
2021-06-24 09:43:51,5293.05,34068
2021-06-24 09:43:52,5293.05,34068
2021-06-24 09:43:54,5293.05,34068
2021-06-24 09:43:54,5293.05,34068
2021-06-24 09:43:55,5293.05,34068
2021-06-24 09:43:56,5293.05,34068
2021-06-24 09:43:57,5292.0,34318
2021-06-24 09:43:59,5293.0,34319
2021-06-24 09:43:59,5295.1,34325
2021-06-24 09:44:00,5296.0,34327
2021-06-24 09:44:02,5296.0,34327
2021-06-24 09:44:03,5296.0,34327
2021-06-24 09:44:04,5296.0,34327
2021-06-24 09:44:05,5296.0,34327
2021-06-24 09:44:06,5296.0,34327
2021-06-24 09:44:08,5296.0,34327
2021-06-24 09:44:09,5296.0,34327
2021-06-24 09:44:11,5296.0,34327
2021-06-24 09:44:12,5296.0,34330
2021-06-24 09:44:12,5296.0,34330
2021-06-24 09:44:13,5293.0,34430
2021-06-24 09:44:14,5293.0,34430
2021-06-24 09:44:16,5292.7,34432
2021-06-24 09:44:17,5292.7,34432
2021-06-24 09:44:18,5295.55,34434
2021-06-24 09:44:19,5291.9,34439
2021-06-24 09:44:19,5291.9,34440
2021-06-24 09:44:20,5291.65,34497
2021-06-24 09:44:21,5293.7,34507
2021-06-24 09:44:22,5293.7,34507
2021-06-24 09:44:24,5292.85,34517
2021-06-24 09:44:25,5290.1,34519
2021-06-24 09:44:25,5290.1,34519
2021-06-24 09:44:26,5290.1,34519
2021-06-24 09:44:27,5290.1,34519
2021-06-24 09:44:29,5290.1,34519
2021-06-24 09:44:30,5292.8,34524
2021-06-24 09:44:31,5292.8,34524
2021-06-24 09:44:32,5290.2,34542
2021-06-24 09:44:33,5290.2,34542
2021-06-24 09:44:34,5290.2,34542
2021-06-24 09:44:35,5292.65,34547
2021-06-24 09:44:36,5292.45,34550
2021-06-24 09:44:37,5290.1,34575
2021-06-24 09:44:38,5290.1,34575
2021-06-24 09:44:39,5290.1,34575
2021-06-24 09:44:40,5290.1,34575
2021-06-24 09:44:41,5290.1,34585
2021-06-24 09:44:42,5290.1,34585
2021-06-24 09:44:42,5292.45,34595
2021-06-24 09:44:43,5292.45,34595
2021-06-24 09:44:45,5292.45,34595
2021-06-24 09:44:47,5290.7,34625
2021-06-24 09:44:49,5290.7,34625
2021-06-24 09:44:50,5290.5,34628
2021-06-24 09:44:51,5290.5,34628
2021-06-24 09:44:53,5290.5,34629
2021-06-24 09:44:54,5293.15,34630
2021-06-24 09:44:55,5293.15,34630
2021-06-24 09:44:56,5293.15,34630
2021-06-24 09:44:58,5293.15,34630
2021-06-24 09:44:59,5293.15,34630
2021-06-24 09:45:00,5293.15,34630
2021-06-24 09:45:01,5291.0,34631
2021-06-24 09:45:01,5291.0,34631
2021-06-24 09:45:02,5291.0,34640
2021-06-24 09:45:03,5291.0,34640
2021-06-24 09:45:04,5291.0,34640
2021-06-24 09:45:06,5291.0,34640
2021-06-24 09:45:07,5291.0,34640
2021-06-24 09:45:08,5291.0,34640
2021-06-24 09:45:09,5292.0,34641
2021-06-24 09:45:10,5292.0,34641
2021-06-24 09:45:11,5292.0,34641
2021-06-24 09:45:11,5292.0,34641
2021-06-24 09:45:12,5293.0,34691
2021-06-24 09:45:14,5293.0,34691
2021-06-24 09:45:15,5293.0,34691
2021-06-24 09:45:16,5293.0,34691
2021-06-24 09:45:17,5293.0,34695
2021-06-24 09:45:18,5291.1,34696
2021-06-24 09:45:19,5291.1,34696
2021-06-24 09:45:20,5293.75,34726
2021-06-24 09:45:24,5293.5,34783
2021-06-24 09:45:25,5291.5,34784
2021-06-24 09:45:25,5293.5,34783
2021-06-24 09:45:27,5293.5,34789
2021-06-24 09:45:27,5291.5,34784
2021-06-24 09:45:28,5293.5,34789
2021-06-24 09:45:30,5293.5,34789
2021-06-24 09:45:31,5293.5,34789
2021-06-24 09:45:32,5293.5,34789
2021-06-24 09:45:33,5293.5,34789
2021-06-24 09:45:33,5293.5,34789
2021-06-24 09:45:34,5293.5,34789
2021-06-24 09:45:35,5291.0,34914
2021-06-24 09:45:36,5291.0,34914
2021-06-24 09:45:38,5293.35,34964
2021-06-24 09:45:39,5293.35,34964
2021-06-24 09:45:40,5293.35,34964
2021-06-24 09:45:41,5293.35,34964
2021-06-24 09:45:41,5293.35,34966
2021-06-24 09:45:42,5293.5,35116
2021-06-24 09:45:43,5293.2,35117
2021-06-24 09:45:45,5293.2,35117
2021-06-24 09:45:46,5293.2,35117
2021-06-24 09:45:47,5293.2,35117
2021-06-24 09:45:47,5293.2,35117
2021-06-24 09:45:48,5291.0,35120
2021-06-24 09:45:49,5291.1,35125
2021-06-24 09:45:50,5291.1,35125
2021-06-24 09:45:51,5290.0,35969
2021-06-24 09:45:53,5292.65,35970
2021-06-24 09:45:55,5292.65,35970
2021-06-24 09:45:56,5292.65,35970
2021-06-24 09:45:57,5292.65,35970
2021-06-24 09:45:58,5292.65,35970
2021-06-24 09:45:58,5292.65,35970
2021-06-24 09:45:59,5292.65,35970
2021-06-24 09:46:00,5292.65,35970
2021-06-24 09:46:01,5292.65,35970
2021-06-24 09:46:03,5292.65,35970
2021-06-24 09:46:04,5292.6,36026
2021-06-24 09:46:05,5292.6,36026
2021-06-24 09:46:07,5292.6,36026
2021-06-24 09:46:08,5293.3,36227
2021-06-24 09:46:08,5294.7,36345
2021-06-24 09:46:10,5294.7,36345
2021-06-24 09:46:11,5292.3,36346
2021-06-24 09:46:12,5292.3,36346
2021-06-24 09:46:13,5295.9,36651
2021-06-24 09:46:13,5295.9,36651
2021-06-24 09:46:14,5295.9,36651
2021-06-24 09:46:15,5293.05,36653
2021-06-24 09:46:17,5293.05,36653
2021-06-24 09:46:18,5293.05,36653
2021-06-24 09:46:19,5295.35,36663
2021-06-24 09:46:20,5292.25,36673
2021-06-24 09:46:21,5292.25,36673
2021-06-24 09:46:22,5292.25,36673
2021-06-24 09:46:23,5292.25,36673
2021-06-24 09:46:26,5292.6,36798
2021-06-24 09:46:27,5292.6,36798
2021-06-24 09:46:28,5292.6,36798
2021-06-24 09:46:28,5292.6,36798
2021-06-24 09:46:29,5292.6,36798
2021-06-24 09:46:30,5292.6,36798
2021-06-24 09:46:32,5292.6,36798
2021-06-24 09:46:33,5291.1,36800
2021-06-24 09:46:34,5293.9,36806
2021-06-24 09:46:34,5293.9,36806
2021-06-24 09:46:35,5291.4,36822
2021-06-24 09:46:37,5291.4,36822
2021-06-24 09:46:38,5291.75,36837
2021-06-24 09:46:39,5291.75,36837
2021-06-24 09:46:40,5291.75,36837
2021-06-24 09:46:41,5291.75,36837
2021-06-24 09:46:41,5291.75,36837
2021-06-24 09:46:42,5292.3,36838
2021-06-24 09:46:44,5292.3,36838
2021-06-24 09:46:45,5292.3,36868
2021-06-24 09:46:46,5294.9,36871
2021-06-24 09:46:47,5292.4,36878
2021-06-24 09:46:48,5292.4,36878
2021-06-24 09:46:49,5292.4,36895
2021-06-24 09:46:50,5292.35,36897
2021-06-24 09:46:50,5292.35,36897
2021-06-24 09:46:52,5294.55,36907
2021-06-24 09:46:52,5294.55,36907
2021-06-24 09:46:54,5291.9,36917
2021-06-24 09:46:54,5292.4,36919
2021-06-24 09:46:56,5292.9,36975
2021-06-24 09:46:57,5291.5,36981
2021-06-24 09:47:00,5290.0,37321
2021-06-24 09:47:01,5289.95,37326
2021-06-24 09:47:02,5289.95,37326
2021-06-24 09:47:03,5288.05,37330
2021-06-24 09:47:04,5288.05,37330
2021-06-24 09:47:04,5288.05,37330
2021-06-24 09:47:06,5288.05,37333
2021-06-24 09:47:06,5288.05,37333
2021-06-24 09:47:07,5288.05,37333
2021-06-24 09:47:08,5288.05,37333
2021-06-24 09:47:09,5288.05,37333
2021-06-24 09:47:12,5286.95,37475
2021-06-24 09:47:12,5286.95,37475
2021-06-24 09:47:13,5286.95,37475
2021-06-24 09:47:15,5286.95,37475
2021-06-24 09:47:16,5286.95,37475
2021-06-24 09:47:17,5286.95,37475
2021-06-24 09:47:18,5285.2,37501
2021-06-24 09:47:19,5285.2,37501
2021-06-24 09:47:20,5286.95,37526
2021-06-24 09:47:21,5286.95,37526
2021-06-24 09:47:22,5286.95,37526
2021-06-24 09:47:23,5285.2,37536
2021-06-24 09:47:24,5285.2,37536
2021-06-24 09:47:25,5285.2,37536
2021-06-24 09:47:26,5285.2,37536
2021-06-24 09:47:27,5285.2,37536
2021-06-24 09:47:28,5285.5,37571
2021-06-24 09:47:29,5285.5,37571
2021-06-24 09:47:30,5285.5,37576
2021-06-24 09:47:31,5285.2,37596
2021-06-24 09:47:32,5285.2,37596
2021-06-24 09:47:33,5285.2,37596
2021-06-24 09:47:34,5285.2,37621
2021-06-24 09:47:35,5285.2,37621
2021-06-24 09:47:36,5285.5,37627
2021-06-24 09:47:36,5285.5,37627
2021-06-24 09:47:38,5285.2,37860
2021-06-24 09:47:38,5285.2,37860
2021-06-24 09:47:40,5285.2,37860
2021-06-24 09:47:41,5285.15,38224
2021-06-24 09:47:41,5285.15,38224
2021-06-24 09:47:42,5285.15,38224
2021-06-24 09:47:43,5285.15,38224
2021-06-24 09:47:44,5283.5,38253
2021-06-24 09:47:45,5284.65,38254
2021-06-24 09:47:46,5284.65,38254
2021-06-24 09:47:47,5284.9,38278
2021-06-24 09:47:48,5285.0,38280
2021-06-24 09:47:49,5285.0,38280
2021-06-24 09:47:50,5285.0,38280
2021-06-24 09:47:51,5281.2,38430
2021-06-24 09:47:52,5281.2,38430
2021-06-24 09:47:53,5281.2,38430
2021-06-24 09:47:54,5281.2,38430
2021-06-24 09:47:55,5281.2,38430
2021-06-24 09:47:56,5281.2,38430
2021-06-24 09:47:57,5284.75,38433
2021-06-24 09:47:58,5284.15,38434
2021-06-24 09:47:59,5284.15,38434
2021-06-24 09:48:00,5282.1,38436
2021-06-24 09:48:01,5282.1,38452
2021-06-24 09:48:02,5284.9,38457
2021-06-24 09:48:03,5284.9,38558
2021-06-24 09:48:04,5282.55,38578
2021-06-24 09:48:05,5282.55,38582
2021-06-24 09:48:06,5282.55,38582
2021-06-24 09:48:07,5286.0,38854
2021-06-24 09:48:08,5286.0,38854
2021-06-24 09:48:09,5286.05,38864
2021-06-24 09:48:11,5286.05,38864
2021-06-24 09:48:12,5286.05,38864
2021-06-24 09:48:13,5286.05,38865
2021-06-24 09:48:14,5286.05,38875
2021-06-24 09:48:15,5286.05,38875
2021-06-24 09:48:16,5286.05,38875
2021-06-24 09:48:17,5286.05,38882
2021-06-24 09:48:18,5286.05,38883
2021-06-24 09:48:19,5286.05,38883
2021-06-24 09:48:20,5286.05,38883
2021-06-24 09:48:21,5286.05,38888
2021-06-24 09:48:22,5286.05,38888
2021-06-24 09:48:23,5286.05,38888
2021-06-24 09:48:24,5286.05,38895
2021-06-24 09:48:25,5286.05,38895
2021-06-24 09:48:27,5286.05,38895
2021-06-24 09:48:27,5286.05,38895
2021-06-24 09:48:28,5286.05,38895
2021-06-24 09:48:30,5287.65,38897
2021-06-24 09:48:30,5288.0,38909
2021-06-24 09:48:31,5288.0,38909
2021-06-24 09:48:33,5288.0,38909
2021-06-24 09:48:35,5288.0,38909
2021-06-24 09:48:35,5289.35,38911
2021-06-24 09:48:38,5288.0,38956
2021-06-24 09:48:38,5288.0,38956
2021-06-24 09:48:39,5288.0,39024
2021-06-24 09:48:41,5288.0,39024
2021-06-24 09:48:42,5288.0,39024
2021-06-24 09:48:43,5288.95,39049
2021-06-24 09:48:44,5288.95,39049
2021-06-24 09:48:45,5288.95,39049
2021-06-24 09:48:46,5286.85,39061
2021-06-24 09:48:46,5289.0,39111
2021-06-24 09:48:47,5289.0,39246
2021-06-24 09:48:49,5289.0,39246
2021-06-24 09:48:49,5289.0,39246
2021-06-24 09:48:50,5289.0,39246
2021-06-24 09:48:52,5290.0,39271
2021-06-24 09:48:52,5290.0,39271
2021-06-24 09:48:53,5287.2,39291
2021-06-24 09:48:54,5286.0,39311
2021-06-24 09:48:56,5286.0,39311
2021-06-24 09:48:57,5286.0,39311
2021-06-24 09:48:58,5285.5,39331
2021-06-24 09:48:58,5285.5,39331
2021-06-24 09:48:59,5285.5,39331
2021-06-24 09:49:01,5285.7,39343
2021-06-24 09:49:03,5285.7,39343
2021-06-24 09:49:04,5285.7,39343
2021-06-24 09:49:05,5285.7,39343
2021-06-24 09:49:06,5285.7,39343
2021-06-24 09:49:07,5285.7,39343
2021-06-24 09:49:08,5285.1,39393
2021-06-24 09:49:09,5285.1,39393
2021-06-24 09:49:09,5285.1,39393
2021-06-24 09:49:10,5287.0,39399
2021-06-24 09:49:11,5287.0,39399
2021-06-24 09:49:12,5286.2,39404
2021-06-24 09:49:13,5286.2,39404
2021-06-24 09:49:15,5288.05,39409
2021-06-24 09:49:15,5288.05,39409
2021-06-24 09:49:17,5286.2,39433
2021-06-24 09:49:17,5286.2,39433
2021-06-24 09:49:18,5286.2,39433
2021-06-24 09:49:19,5286.2,39433
2021-06-24 09:49:20,5286.2,39433
2021-06-24 09:49:21,5286.2,39433
2021-06-24 09:49:22,5286.2,39433
2021-06-24 09:49:24,5287.2,39480
2021-06-24 09:49:24,5287.2,39480
2021-06-24 09:49:25,5287.2,39480
2021-06-24 09:49:27,5286.1,39481
2021-06-24 09:49:29,5286.1,39481
2021-06-24 09:49:30,5286.1,39481
2021-06-24 09:49:31,5286.1,39481
2021-06-24 09:49:32,5286.1,39481
2021-06-24 09:49:33,5286.1,39494
2021-06-24 09:49:34,5287.95,39501
2021-06-24 09:49:35,5287.95,39502
2021-06-24 09:49:36,5287.95,39502
2021-06-24 09:49:37,5287.95,39502
2021-06-24 09:49:37,5287.95,39502
2021-06-24 09:49:38,5287.95,39502
2021-06-24 09:49:40,5287.95,39502
2021-06-24 09:49:41,5287.95,39502
2021-06-24 09:49:42,5287.95,39502
2021-06-24 09:49:43,5287.95,39502
2021-06-24 09:49:44,5287.95,39502
2021-06-24 09:49:45,5287.95,39502
2021-06-24 09:49:45,5288.1,39532
2021-06-24 09:49:46,5288.8,39536
2021-06-24 09:49:47,5286.3,39758
2021-06-24 09:49:48,5286.3,39758
2021-06-24 09:49:49,5286.3,39758
2021-06-24 09:49:51,5286.3,39758
2021-06-24 09:49:52,5286.3,39758
2021-06-24 09:49:53,5286.3,39758
2021-06-24 09:49:54,5286.3,39758
2021-06-24 09:49:55,5286.1,39779
2021-06-24 09:49:56,5286.1,39779
2021-06-24 09:49:57,5286.1,39779
2021-06-24 09:49:59,5286.1,39779
2021-06-24 09:49:59,5285.0,39791
2021-06-24 09:50:00,5285.0,39792
2021-06-24 09:50:02,5286.1,39822
2021-06-24 09:50:03,5281.35,40074
2021-06-24 09:50:04,5281.35,40074
2021-06-24 09:50:04,5281.35,40074
2021-06-24 09:50:06,5281.05,40199
2021-06-24 09:50:07,5281.05,40199
2021-06-24 09:50:08,5281.05,40199
2021-06-24 09:50:08,5283.1,40204
2021-06-24 09:50:09,5281.05,40205
2021-06-24 09:50:11,5281.05,40205
2021-06-24 09:50:12,5281.05,40205
2021-06-24 09:50:13,5281.0,40424
2021-06-24 09:50:14,5281.0,40549
2021-06-24 09:50:16,5280.5,40675
2021-06-24 09:50:15,5280.5,40675
2021-06-24 09:50:17,5280.5,40675
2021-06-24 09:50:18,5280.5,40675
2021-06-24 09:50:19,5280.5,40716
2021-06-24 09:50:20,5280.5,40716
2021-06-24 09:50:21,5280.0,40973
2021-06-24 09:50:22,5280.0,40973
2021-06-24 09:50:24,5280.0,40973
2021-06-24 09:50:25,5281.25,41084
2021-06-24 09:50:25,5281.25,41084
2021-06-24 09:50:26,5278.7,41104
2021-06-24 09:50:28,5278.7,41104
2021-06-24 09:50:29,5280.7,41106
2021-06-24 09:50:30,5278.0,41136
2021-06-24 09:50:31,5278.0,41143
2021-06-24 09:50:31,5278.0,41143
2021-06-24 09:50:32,5278.0,41143
2021-06-24 09:50:33,5278.0,41143
2021-06-24 09:50:35,5278.0,41143
2021-06-24 09:50:36,5278.0,41143
2021-06-24 09:50:37,5278.0,41143
2021-06-24 09:50:38,5278.0,41143
2021-06-24 09:50:39,5279.6,41159
2021-06-24 09:50:40,5279.6,41159
2021-06-24 09:50:41,5279.65,41174
2021-06-24 09:50:42,5279.65,41174
2021-06-24 09:50:43,5279.65,41174
2021-06-24 09:50:44,5279.65,41174
2021-06-24 09:50:45,5279.65,41174
2021-06-24 09:50:46,5280.15,41176
2021-06-24 09:50:47,5280.15,41176
2021-06-24 09:50:48,5280.15,41176
2021-06-24 09:50:49,5280.15,41177
2021-06-24 09:50:50,5277.35,41200
2021-06-24 09:50:51,5277.35,41200
2021-06-24 09:50:53,5277.35,41200
2021-06-24 09:50:54,5277.35,41200
2021-06-24 09:50:55,5279.9,41214
2021-06-24 09:50:56,5280.0,41266
2021-06-24 09:50:57,5280.0,41266
2021-06-24 09:50:58,5280.0,41266
2021-06-24 09:50:59,5280.0,41266
2021-06-24 09:51:00,5280.0,41266
2021-06-24 09:51:01,5278.3,41291
2021-06-24 09:51:02,5278.4,41306
2021-06-24 09:51:03,5279.0,41310
2021-06-24 09:51:04,5278.3,41370
2021-06-24 09:51:05,5278.0,41376
2021-06-24 09:51:06,5278.0,41396
2021-06-24 09:51:08,5281.05,41446
2021-06-24 09:51:09,5281.05,41446
2021-06-24 09:51:10,5281.05,41446
2021-06-24 09:51:11,5281.05,41446
2021-06-24 09:51:12,5281.05,41446
2021-06-24 09:51:13,5278.4,41571
2021-06-24 09:51:14,5278.0,41621
2021-06-24 09:51:15,5278.0,41621
2021-06-24 09:51:16,5278.0,41621
2021-06-24 09:51:17,5277.65,41731
2021-06-24 09:51:18,5277.65,41731
2021-06-24 09:51:19,5277.65,41731
2021-06-24 09:51:20,5277.65,41731
2021-06-24 09:51:21,5277.65,41731
2021-06-24 09:51:22,5277.65,41731
2021-06-24 09:51:23,5277.65,41731
2021-06-24 09:51:24,5277.65,41731
2021-06-24 09:51:25,5278.0,41764
2021-06-24 09:51:26,5278.0,41764
2021-06-24 09:51:29,5278.0,41764
2021-06-24 09:51:30,5278.0,41764
2021-06-24 09:51:31,5279.7,41769
2021-06-24 09:51:32,5279.7,41769
2021-06-24 09:51:33,5279.65,41770
2021-06-24 09:51:34,5279.8,41790
2021-06-24 09:51:35,5279.6,41810
2021-06-24 09:51:36,5279.6,41810
2021-06-24 09:51:37,5279.6,41810
2021-06-24 09:51:38,5277.5,41826
2021-06-24 09:51:39,5277.5,41826
2021-06-24 09:51:40,5277.5,41831
2021-06-24 09:51:41,5277.5,41871
2021-06-24 09:51:42,5277.5,41871
2021-06-24 09:51:43,5277.1,41902
2021-06-24 09:51:44,5278.05,41903
2021-06-24 09:51:45,5278.75,42024
2021-06-24 09:51:46,5277.1,42040
2021-06-24 09:51:47,5277.1,42040
2021-06-24 09:51:48,5277.1,42040
2021-06-24 09:51:49,5277.1,42040
2021-06-24 09:51:50,5277.1,42040
2021-06-24 09:51:51,5277.1,42040
2021-06-24 09:51:52,5277.1,42040
2021-06-24 09:51:53,5277.1,42040
2021-06-24 09:51:54,5278.0,42041
2021-06-24 09:51:55,5278.0,42041
2021-06-24 09:51:56,5278.0,42041
2021-06-24 09:51:57,5277.0,42061
2021-06-24 09:51:59,5278.75,42086
2021-06-24 09:52:00,5278.75,42086
2021-06-24 09:52:01,5277.0,42093
2021-06-24 09:52:02,5277.0,42093
2021-06-24 09:52:03,5275.1,42193
2021-06-24 09:52:04,5277.85,42198
2021-06-24 09:52:05,5276.2,42453
2021-06-24 09:52:06,5276.2,42453
2021-06-24 09:52:07,5276.2,42453
2021-06-24 09:52:08,5276.2,42453
2021-06-24 09:52:09,5276.2,42453
2021-06-24 09:52:10,5276.05,42454
2021-06-24 09:52:11,5276.05,42454
2021-06-24 09:52:12,5276.05,42454
2021-06-24 09:52:13,5276.05,42454
2021-06-24 09:52:14,5276.05,42454
2021-06-24 09:52:15,5276.05,42454
2021-06-24 09:52:17,5276.05,42454
2021-06-24 09:52:18,5278.0,42469
2021-06-24 09:52:19,5278.0,42469
2021-06-24 09:52:20,5278.75,42486
2021-06-24 09:52:21,5277.3,42491
2021-06-24 09:52:22,5279.9,42494
2021-06-24 09:52:23,5277.15,42614
2021-06-24 09:52:24,5278.65,42615
2021-06-24 09:52:25,5278.9,42620
2021-06-24 09:52:26,5278.9,42620
2021-06-24 09:52:27,5278.9,42620
2021-06-24 09:52:28,5278.9,42620
2021-06-24 09:52:29,5278.9,42620
2021-06-24 09:52:30,5278.9,42620
2021-06-24 09:52:31,5279.0,42623
2021-06-24 09:52:32,5279.0,42623
2021-06-24 09:52:33,5278.0,42624
2021-06-24 09:52:34,5278.0,42624
2021-06-24 09:52:35,5279.0,42625
2021-06-24 09:52:36,5279.0,42625
2021-06-24 09:52:37,5279.0,42625
2021-06-24 09:52:38,5279.0,42751
2021-06-24 09:52:39,5279.0,42751
2021-06-24 09:52:40,5279.0,42751
2021-06-24 09:52:41,5278.9,42767
2021-06-24 09:52:42,5278.9,42767
2021-06-24 09:52:43,5279.0,42781
2021-06-24 09:52:44,5279.5,42791
2021-06-24 09:52:46,5279.5,42791
2021-06-24 09:52:46,5279.5,42791
2021-06-24 09:52:47,5277.05,42810
2021-06-24 09:52:48,5279.0,42892
2021-06-24 09:52:49,5276.25,43092
2021-06-24 09:52:50,5276.25,43092
2021-06-24 09:52:52,5276.25,43092
2021-06-24 09:52:52,5276.25,43092
2021-06-24 09:52:53,5276.25,43092
2021-06-24 09:52:54,5276.25,43092
2021-06-24 09:52:55,5276.25,43092
2021-06-24 09:52:56,5276.25,43092
2021-06-24 09:52:58,5276.25,43092
2021-06-24 09:52:59,5276.25,43092
2021-06-24 09:52:59,5276.25,43092
2021-06-24 09:53:00,5276.25,43092
2021-06-24 09:53:01,5276.25,43092
2021-06-24 09:53:03,5276.25,43092
2021-06-24 09:53:04,5277.0,43096
2021-06-24 09:53:05,5279.0,43097
2021-06-24 09:53:06,5279.0,43097
2021-06-24 09:53:07,5279.05,43101
2021-06-24 09:53:09,5279.05,43101
2021-06-24 09:53:09,5279.05,43101
2021-06-24 09:53:10,5279.05,43101
2021-06-24 09:53:11,5279.05,43101
2021-06-24 09:53:12,5279.8,43108
2021-06-24 09:53:13,5279.8,43108
2021-06-24 09:53:14,5279.8,43108
2021-06-24 09:53:16,5279.8,43108
2021-06-24 09:53:17,5278.0,43233
2021-06-24 09:53:17,5278.0,43233
2021-06-24 09:53:18,5278.0,43233
2021-06-24 09:53:19,5278.0,43240
2021-06-24 09:53:20,5276.25,43440
2021-06-24 09:53:21,5276.25,43440
2021-06-24 09:53:23,5276.25,43440
2021-06-24 09:53:24,5276.25,43440
2021-06-24 09:53:26,5276.25,43440
2021-06-24 09:53:26,5276.25,43440
2021-06-24 09:53:27,5276.25,43440
2021-06-24 09:53:28,5276.25,43440
2021-06-24 09:53:29,5276.25,43440
2021-06-24 09:53:30,5278.75,43441
2021-06-24 09:53:31,5278.75,43441
2021-06-24 09:53:32,5278.75,43441
2021-06-24 09:53:33,5278.8,43487
2021-06-24 09:53:35,5278.55,43497
2021-06-24 09:53:35,5278.55,43497
2021-06-24 09:53:36,5278.55,43497
2021-06-24 09:53:37,5276.25,43622
2021-06-24 09:53:38,5278.5,43623
2021-06-24 09:53:39,5278.5,43623
2021-06-24 09:53:40,5278.5,43623
2021-06-24 09:53:42,5278.5,43623
2021-06-24 09:53:42,5278.5,43623
2021-06-24 09:53:44,5276.3,43625
2021-06-24 09:53:45,5276.3,43625
2021-06-24 09:53:46,5276.3,43625
2021-06-24 09:53:48,5278.5,43635
2021-06-24 09:53:49,5278.3,43636
2021-06-24 09:53:49,5278.3,43636
2021-06-24 09:53:50,5276.3,43644
2021-06-24 09:53:51,5276.3,43662
2021-06-24 09:53:52,5276.3,43662
2021-06-24 09:53:53,5276.3,43662
2021-06-24 09:53:55,5276.3,43662
2021-06-24 09:53:55,5276.3,43662
2021-06-24 09:53:57,5276.3,43662
2021-06-24 09:53:58,5278.5,43672
2021-06-24 09:53:59,5278.5,43672
2021-06-24 09:54:00,5278.5,43672
2021-06-24 09:54:01,5278.5,43672
2021-06-24 09:54:02,5278.5,43672
2021-06-24 09:54:03,5278.25,43683
2021-06-24 09:54:05,5278.25,43683
2021-06-24 09:54:06,5278.25,43683
2021-06-24 09:54:06,5278.25,43683
2021-06-24 09:54:08,5278.25,43683
2021-06-24 09:54:09,5278.25,43683
2021-06-24 09:54:09,5278.25,43683
2021-06-24 09:54:10,5278.25,43683
2021-06-24 09:54:11,5278.3,43692
2021-06-24 09:54:12,5278.3,43692
2021-06-24 09:54:13,5278.3,43692
2021-06-24 09:54:14,5278.3,43726
2021-06-24 09:54:15,5278.3,43726
2021-06-24 09:54:16,5278.3,43733
2021-06-24 09:54:18,5278.3,43733
2021-06-24 09:54:19,5278.3,43733
2021-06-24 09:54:20,5278.25,43753
2021-06-24 09:54:20,5278.25,43753
2021-06-24 09:54:21,5277.0,43767
2021-06-24 09:54:22,5277.0,43767
2021-06-24 09:54:23,5278.3,43772
2021-06-24 09:54:24,5278.3,43777
2021-06-24 09:54:26,5278.3,43777
2021-06-24 09:54:27,5278.3,43777
2021-06-24 09:54:28,5278.3,43777
2021-06-24 09:54:28,5278.3,43878
2021-06-24 09:54:29,5278.3,43878
2021-06-24 09:54:30,5279.0,43883
2021-06-24 09:54:32,5279.0,43883
2021-06-24 09:54:32,5279.0,43883
2021-06-24 09:54:33,5279.0,43902
2021-06-24 09:54:34,5280.0,43940
2021-06-24 09:54:35,5280.0,43940
2021-06-24 09:54:36,5280.0,43940
2021-06-24 09:54:38,5280.0,43940
2021-06-24 09:54:39,5279.8,43965
2021-06-24 09:54:40,5279.8,43965
2021-06-24 09:54:41,5279.8,43965
2021-06-24 09:54:42,5280.0,43966
2021-06-24 09:54:42,5280.0,43966
2021-06-24 09:54:43,5280.0,43966
2021-06-24 09:54:44,5280.0,43966
2021-06-24 09:54:45,5280.0,43966
2021-06-24 09:54:48,5279.9,43980
2021-06-24 09:54:49,5278.0,44180
2021-06-24 09:54:50,5278.15,44182
2021-06-24 09:54:51,5278.15,44182
2021-06-24 09:54:51,5278.15,44182
2021-06-24 09:54:52,5279.05,44219
2021-06-24 09:54:53,5280.3,44239
2021-06-24 09:54:55,5280.3,44239
2021-06-24 09:54:57,5280.3,44239
2021-06-24 09:54:58,5281.0,44253
2021-06-24 09:54:58,5281.0,44253
2021-06-24 09:54:59,5282.0,44256
2021-06-24 09:55:00,5282.0,44279
2021-06-24 09:55:01,5282.0,44287
2021-06-24 09:55:02,5282.0,44287
2021-06-24 09:55:04,5281.0,44315
2021-06-24 09:55:05,5281.75,44316
2021-06-24 09:55:06,5281.75,44316
2021-06-24 09:55:07,5283.05,44321
2021-06-24 09:55:08,5282.0,44341
2021-06-24 09:55:09,5282.0,44341
2021-06-24 09:55:10,5282.0,44341
2021-06-24 09:55:11,5282.85,44417
2021-06-24 09:55:13,5282.85,44417
2021-06-24 09:55:14,5282.85,44417
2021-06-24 09:55:15,5282.85,44417
2021-06-24 09:55:16,5282.85,44417
2021-06-24 09:55:16,5282.85,44417
2021-06-24 09:55:17,5280.0,44637
2021-06-24 09:55:18,5283.3,44656
2021-06-24 09:55:20,5283.6,44726
2021-06-24 09:55:21,5283.6,44726
2021-06-24 09:55:21,5283.6,44726
2021-06-24 09:55:22,5283.6,44726
2021-06-24 09:55:23,5283.6,44776
2021-06-24 09:55:24,5280.8,44788
2021-06-24 09:55:26,5277.2,45256
2021-06-24 09:55:27,5277.2,45256
2021-06-24 09:55:28,5277.2,45297
2021-06-24 09:55:29,5279.1,45317
2021-06-24 09:55:29,5279.1,45317
2021-06-24 09:55:30,5279.1,45317
2021-06-24 09:55:31,5277.05,45320
2021-06-24 09:55:32,5277.05,45320
2021-06-24 09:55:33,5279.4,45328
2021-06-24 09:55:34,5276.4,45575
2021-06-24 09:55:35,5276.4,45590
2021-06-24 09:55:37,5276.3,45591
2021-06-24 09:55:38,5278.55,45596
2021-06-24 09:55:39,5278.55,45596
2021-06-24 09:55:40,5278.5,45600
2021-06-24 09:55:41,5273.0,47970
2021-06-24 09:55:41,5273.0,47970
2021-06-24 09:55:42,5274.15,47980
2021-06-24 09:55:43,5273.0,48021
2021-06-24 09:55:44,5275.35,48073
2021-06-24 09:55:45,5275.6,48166
2021-06-24 09:55:46,5275.6,48166
2021-06-24 09:55:47,5275.6,48166
2021-06-24 09:55:48,5275.6,48166
2021-06-24 09:55:49,5275.6,48166
2021-06-24 09:55:50,5275.6,48166
2021-06-24 09:55:51,5276.35,48207
2021-06-24 09:55:52,5276.35,48207
2021-06-24 09:55:53,5276.35,48207
2021-06-24 09:55:55,5276.35,48207
2021-06-24 09:55:56,5276.45,48217
2021-06-24 09:55:57,5276.45,48217
2021-06-24 09:55:59,5276.4,48282
2021-06-24 09:56:00,5272.7,49942
2021-06-24 09:56:00,5270.05,50067
2021-06-24 09:56:01,5270.05,50067
2021-06-24 09:56:02,5273.3,50069
2021-06-24 09:56:03,5273.85,50109
2021-06-24 09:56:04,5278.85,50147
2021-06-24 09:56:05,5275.4,50303
2021-06-24 09:56:06,5277.55,50449
2021-06-24 09:56:07,5280.65,50453
2021-06-24 09:56:08,5280.6,50457
2021-06-24 09:56:09,5280.6,50458
2021-06-24 09:56:10,5280.6,50462
2021-06-24 09:56:11,5277.95,50467
2021-06-24 09:56:12,5277.95,50467
2021-06-24 09:56:14,5277.95,50467
2021-06-24 09:56:15,5279.4,50475
2021-06-24 09:56:16,5279.4,50475
2021-06-24 09:56:17,5279.6,50544
2021-06-24 09:56:18,5279.6,50544
2021-06-24 09:56:19,5282.25,50648
2021-06-24 09:56:20,5282.25,50648
2021-06-24 09:56:21,5282.25,50648
2021-06-24 09:56:22,5282.1,50650
2021-06-24 09:56:25,5280.85,50753
2021-06-24 09:56:26,5279.1,50803
2021-06-24 09:56:27,5279.05,50812
2021-06-24 09:56:27,5277.35,50823
2021-06-24 09:56:28,5277.35,50823
2021-06-24 09:56:29,5277.3,50870
2021-06-24 09:56:30,5277.3,50870
2021-06-24 09:56:31,5277.3,50870
2021-06-24 09:56:32,5277.3,50870
2021-06-24 09:56:33,5277.3,50870
2021-06-24 09:56:34,5277.3,50870
2021-06-24 09:56:35,5277.3,50870
2021-06-24 09:56:36,5276.45,50921
2021-06-24 09:56:38,5276.45,50921
2021-06-24 09:56:39,5276.45,50921
2021-06-24 09:56:39,5276.45,50921
2021-06-24 09:56:40,5278.45,50963
2021-06-24 09:56:41,5278.7,50978
2021-06-24 09:56:42,5278.0,50979
2021-06-24 09:56:43,5278.0,50979
2021-06-24 09:56:44,5278.0,50979
2021-06-24 09:56:45,5278.65,51086
2021-06-24 09:56:46,5278.65,51086
2021-06-24 09:56:47,5278.65,51086
2021-06-24 09:56:48,5278.65,51086
2021-06-24 09:56:49,5276.2,51088
2021-06-24 09:56:51,5276.2,51088
2021-06-24 09:56:52,5276.1,51188
2021-06-24 09:56:53,5276.1,51188
2021-06-24 09:56:54,5276.1,51188
2021-06-24 09:56:55,5276.1,51188
2021-06-24 09:56:56,5276.1,51188
2021-06-24 09:56:57,5276.1,51188
2021-06-24 09:56:58,5276.1,51188
2021-06-24 09:56:59,5276.1,51188
2021-06-24 09:57:00,5276.0,51203
2021-06-24 09:57:01,5276.0,51203
2021-06-24 09:57:02,5276.0,51203
2021-06-24 09:57:03,5277.6,51393
2021-06-24 09:57:03,5277.6,51393
2021-06-24 09:57:05,5277.6,51393
2021-06-24 09:57:06,5276.05,51398
2021-06-24 09:57:07,5276.05,51402
2021-06-24 09:57:08,5276.05,51402
2021-06-24 09:57:09,5276.05,51402
2021-06-24 09:57:10,5276.05,51402
2021-06-24 09:57:11,5276.05,51402
2021-06-24 09:57:12,5276.05,51402
2021-06-24 09:57:12,5276.05,51402
2021-06-24 09:57:13,5276.05,51402
2021-06-24 09:57:14,5277.0,51404
2021-06-24 09:57:16,5279.0,51504
2021-06-24 09:57:17,5279.0,51504
2021-06-24 09:57:18,5276.25,51533
2021-06-24 09:57:19,5276.25,51533
2021-06-24 09:57:20,5276.25,51533
2021-06-24 09:57:21,5276.25,51533
2021-06-24 09:57:22,5276.25,51533
2021-06-24 09:57:22,5276.25,51533
2021-06-24 09:57:23,5278.0,51535
2021-06-24 09:57:24,5277.0,51546
2021-06-24 09:57:26,5272.7,51810
2021-06-24 09:57:27,5272.25,51862
2021-06-24 09:57:28,5272.25,51862
2021-06-24 09:57:29,5272.25,51862
2021-06-24 09:57:30,5272.05,51912
2021-06-24 09:57:30,5274.1,51956
2021-06-24 09:57:31,5274.1,51956
2021-06-24 09:57:32,5273.6,52068
2021-06-24 09:57:33,5274.3,52139
2021-06-24 09:57:34,5274.3,52139
2021-06-24 09:57:35,5274.3,52139
2021-06-24 09:57:36,5274.3,52139
2021-06-24 09:57:37,5274.3,52139
2021-06-24 09:57:38,5274.3,52139
2021-06-24 09:57:39,5274.3,52139
2021-06-24 09:57:40,5274.3,52139
2021-06-24 09:57:42,5274.3,52139
2021-06-24 09:57:43,5272.0,52164
2021-06-24 09:57:44,5272.0,52164
2021-06-24 09:57:45,5273.9,52169
2021-06-24 09:57:46,5273.9,52169
2021-06-24 09:57:47,5274.05,52180
2021-06-24 09:57:48,5274.05,52180
2021-06-24 09:57:49,5272.0,52306
2021-06-24 09:57:50,5272.0,52306
2021-06-24 09:57:51,5272.0,52306
2021-06-24 09:57:51,5272.0,52306
2021-06-24 09:57:52,5272.0,52306
2021-06-24 09:57:53,5272.0,52306
2021-06-24 09:57:54,5272.0,52306
2021-06-24 09:57:55,5272.0,52306
2021-06-24 09:57:56,5274.15,52361
2021-06-24 09:57:57,5274.15,52361
2021-06-24 09:57:58,5274.1,52366
2021-06-24 09:57:59,5271.95,52380
2021-06-24 09:58:00,5271.95,52380
2021-06-24 09:58:01,5271.95,52380
2021-06-24 09:58:02,5272.6,52390
2021-06-24 09:58:03,5275.8,52433
2021-06-24 09:58:04,5275.8,52433
2021-06-24 09:58:05,5275.8,52433
2021-06-24 09:58:06,5275.8,52433
2021-06-24 09:58:07,5273.0,52463
2021-06-24 09:58:08,5273.0,52463
2021-06-24 09:58:09,5273.0,52463
2021-06-24 09:58:10,5273.0,52463
2021-06-24 09:58:12,5273.0,52463
2021-06-24 09:58:13,5273.0,52463
2021-06-24 09:58:14,5273.0,52464
2021-06-24 09:58:15,5273.0,52464
2021-06-24 09:58:16,5273.0,52464
2021-06-24 09:58:17,5273.0,52466
2021-06-24 09:58:18,5274.95,52467
2021-06-24 09:58:19,5274.95,52467
2021-06-24 09:58:20,5273.0,52567
2021-06-24 09:58:21,5273.0,52567
2021-06-24 09:58:22,5273.0,52567
2021-06-24 09:58:23,5273.0,52567
2021-06-24 09:58:24,5273.0,52567
2021-06-24 09:58:25,5273.0,52567
2021-06-24 09:58:26,5272.75,52692
2021-06-24 09:58:27,5272.75,52692
2021-06-24 09:58:28,5272.75,52692
2021-06-24 09:58:30,5272.75,52692
2021-06-24 09:58:31,5274.25,52693
2021-06-24 09:58:32,5274.25,52693
2021-06-24 09:58:32,5274.25,52693
2021-06-24 09:58:33,5274.05,52716
2021-06-24 09:58:34,5274.05,52716
2021-06-24 09:58:36,5274.2,52717
2021-06-24 09:58:37,5274.2,52725
2021-06-24 09:58:38,5274.0,52726
2021-06-24 09:58:39,5274.2,52728
2021-06-24 09:58:40,5274.2,52728
2021-06-24 09:58:41,5274.2,52728
2021-06-24 09:58:41,5274.2,52728
2021-06-24 09:58:42,5274.2,52736
2021-06-24 09:58:44,5274.2,52736
2021-06-24 09:58:45,5274.2,52737
2021-06-24 09:58:46,5271.15,52937
2021-06-24 09:58:47,5271.15,52937
2021-06-24 09:58:48,5273.55,52980
2021-06-24 09:58:49,5273.55,52980
2021-06-24 09:58:50,5273.55,52980
2021-06-24 09:58:51,5273.55,52980
2021-06-24 09:58:53,5273.55,52980
2021-06-24 09:58:54,5273.55,52981
2021-06-24 09:58:55,5273.55,52981
2021-06-24 09:58:56,5273.6,52986
2021-06-24 09:58:57,5273.55,52987
2021-06-24 09:58:58,5273.55,52987
2021-06-24 09:58:59,5273.55,52987
2021-06-24 09:58:59,5273.55,52987
2021-06-24 09:59:01,5273.55,52987
2021-06-24 09:59:02,5273.55,52987
2021-06-24 09:59:03,5274.1,53010
2021-06-24 09:59:04,5274.1,53010
2021-06-24 09:59:05,5274.25,53136
2021-06-24 09:59:05,5274.25,53136
2021-06-24 09:59:07,5275.0,53403
2021-06-24 09:59:08,5273.85,53416
2021-06-24 09:59:09,5275.85,53425
2021-06-24 09:59:10,5275.85,53425
2021-06-24 09:59:11,5275.85,53425
2021-06-24 09:59:12,5275.85,53425
2021-06-24 09:59:13,5275.85,53475
2021-06-24 09:59:14,5275.85,53475
2021-06-24 09:59:15,5275.85,53475
2021-06-24 09:59:16,5275.85,53475
2021-06-24 09:59:17,5274.85,53478
2021-06-24 09:59:18,5274.85,53478
2021-06-24 09:59:19,5274.85,53488
2021-06-24 09:59:20,5274.85,53488
2021-06-24 09:59:21,5274.85,53488
2021-06-24 09:59:22,5274.85,53495
2021-06-24 09:59:22,5274.85,53500
2021-06-24 09:59:24,5274.85,53500
2021-06-24 09:59:25,5274.85,53500
2021-06-24 09:59:26,5273.75,53502
2021-06-24 09:59:27,5273.75,53504
2021-06-24 09:59:28,5273.75,53524
2021-06-24 09:59:29,5273.75,53524
2021-06-24 09:59:30,5272.75,53649
2021-06-24 09:59:31,5272.75,53649
2021-06-24 09:59:32,5272.75,53649
2021-06-24 09:59:32,5272.75,53649
2021-06-24 09:59:33,5275.75,53672
2021-06-24 09:59:35,5275.75,53672
2021-06-24 09:59:36,5275.75,53673
2021-06-24 09:59:37,5273.15,53675
2021-06-24 09:59:38,5275.75,53679
2021-06-24 09:59:39,5275.75,53679
2021-06-24 09:59:40,5273.15,53684
2021-06-24 09:59:40,5273.15,53684
2021-06-24 09:59:41,5275.35,53704
2021-06-24 09:59:43,5275.35,53704
2021-06-24 09:59:44,5275.35,53712
2021-06-24 09:59:45,5275.35,53812
2021-06-24 09:59:46,5275.8,54020
2021-06-24 09:59:47,5275.8,54020
2021-06-24 09:59:47,5275.8,54020
2021-06-24 09:59:49,5276.0,54026
2021-06-24 09:59:52,5276.0,54026
2021-06-24 09:59:53,5276.0,54026
2021-06-24 09:59:54,5276.0,54026
2021-06-24 09:59:55,5276.45,54060
2021-06-24 09:59:56,5276.45,54060
2021-06-24 09:59:57,5274.4,54128
2021-06-24 09:59:58,5274.4,54128
2021-06-24 09:59:59,5274.4,54128
2021-06-24 10:00:00,5273.95,54129
2021-06-24 10:00:01,5273.95,54129
2021-06-24 10:00:01,5273.95,54129
2021-06-24 10:00:03,5276.65,54165
2021-06-24 10:00:05,5276.65,54188
2021-06-24 10:00:06,5276.65,54188
2021-06-24 10:00:07,5276.65,54188
2021-06-24 10:00:08,5276.65,54188
2021-06-24 10:00:09,5276.65,54188
2021-06-24 10:00:10,5276.0,54191
2021-06-24 10:00:11,5276.0,54191
2021-06-24 10:00:12,5277.2,54255
2021-06-24 10:00:13,5277.2,54255
2021-06-24 10:00:14,5277.1,54260
2021-06-24 10:00:14,5277.1,54260
2021-06-24 10:00:15,5277.1,54260
2021-06-24 10:00:17,5277.1,54260
2021-06-24 10:00:18,5276.0,54270
2021-06-24 10:00:19,5276.0,54270
2021-06-24 10:00:20,5277.1,54271
2021-06-24 10:00:22,5277.1,54333
2021-06-24 10:00:23,5274.75,54458
2021-06-24 10:00:24,5274.75,54458
2021-06-24 10:00:25,5278.4,54496
2021-06-24 10:00:26,5278.4,54496
2021-06-24 10:00:27,5278.35,54500
2021-06-24 10:00:28,5278.35,54500
2021-06-24 10:00:29,5278.35,54500
2021-06-24 10:00:30,5278.35,54504
2021-06-24 10:00:32,5275.6,54506
2021-06-24 10:00:33,5278.7,54529
2021-06-24 10:00:36,5275.7,54532
2021-06-24 10:00:38,5275.7,54532
2021-06-24 10:00:39,5279.4,54534
2021-06-24 10:00:40,5279.4,54534
2021-06-24 10:00:41,5279.4,54534
2021-06-24 10:00:42,5279.4,54534
2021-06-24 10:00:43,5279.4,54534
2021-06-24 10:00:44,5279.4,54534
2021-06-24 10:00:45,5279.4,54534
2021-06-24 10:00:46,5279.4,54534
2021-06-24 10:00:46,5279.4,54534
2021-06-24 10:00:47,5279.4,54534
2021-06-24 10:00:48,5279.4,54534
2021-06-24 10:00:49,5277.1,54544
2021-06-24 10:00:51,5277.1,54549
2021-06-24 10:00:52,5277.1,54549
2021-06-24 10:00:53,5277.1,54549
2021-06-24 10:00:54,5279.0,54551
2021-06-24 10:00:55,5279.0,54551
2021-06-24 10:00:56,5280.0,54581
2021-06-24 10:00:57,5280.0,54603
2021-06-24 10:00:57,5280.0,54603
2021-06-24 10:00:59,5278.0,54613
2021-06-24 10:01:00,5278.0,54613
2021-06-24 10:01:01,5280.0,54635
2021-06-24 10:01:01,5280.0,54635
2021-06-24 10:01:02,5280.0,54694
2021-06-24 10:01:03,5280.25,54730
2021-06-24 10:01:04,5281.0,54750
2021-06-24 10:01:06,5281.0,54750
2021-06-24 10:01:07,5280.05,54754
2021-06-24 10:01:08,5281.8,54774
2021-06-24 10:01:10,5280.1,54824
2021-06-24 10:01:11,5281.8,54852
2021-06-24 10:01:12,5281.8,54852
2021-06-24 10:01:13,5281.8,54852
2021-06-24 10:01:14,5282.0,54875
2021-06-24 10:01:15,5282.0,54875
2021-06-24 10:01:16,5283.0,54895
2021-06-24 10:01:17,5283.0,54895
2021-06-24 10:01:18,5283.0,54907
2021-06-24 10:01:19,5283.0,54907
2021-06-24 10:01:20,5283.0,54907
2021-06-24 10:01:21,5284.0,55016
2021-06-24 10:01:22,5284.0,55031
2021-06-24 10:01:23,5281.75,55136
2021-06-24 10:01:24,5283.95,55141
2021-06-24 10:01:25,5284.6,55199
2021-06-24 10:01:26,5284.6,55199
2021-06-24 10:01:27,5284.6,55199
2021-06-24 10:01:28,5284.6,55199
2021-06-24 10:01:29,5284.6,55199
2021-06-24 10:01:30,5284.6,55199
2021-06-24 10:01:31,5284.75,55299
2021-06-24 10:01:32,5284.75,55299
2021-06-24 10:01:33,5284.75,55322
2021-06-24 10:01:34,5284.75,55322
2021-06-24 10:01:35,5284.75,55322
2021-06-24 10:01:36,5284.75,55322
2021-06-24 10:01:37,5284.75,55322
2021-06-24 10:01:38,5284.7,55338
2021-06-24 10:01:39,5284.7,55338
2021-06-24 10:01:40,5282.4,55388
2021-06-24 10:01:41,5284.55,55418
2021-06-24 10:01:42,5284.55,55418
2021-06-24 10:01:43,5284.55,55418
2021-06-24 10:01:44,5284.55,55418
2021-06-24 10:01:45,5282.45,55419
2021-06-24 10:01:46,5285.0,55443
2021-06-24 10:01:47,5283.05,55568
2021-06-24 10:01:48,5283.05,55568
2021-06-24 10:01:49,5285.0,55573
2021-06-24 10:01:51,5285.0,55583
2021-06-24 10:01:50,5285.0,55583
2021-06-24 10:01:53,5285.0,55583
2021-06-24 10:01:54,5285.0,55607
2021-06-24 10:01:55,5285.0,55637
2021-06-24 10:01:56,5285.0,55637
2021-06-24 10:01:57,5285.0,55637
2021-06-24 10:01:59,5284.7,55688
2021-06-24 10:01:58,5284.7,55688
2021-06-24 10:02:00,5284.7,55718
2021-06-24 10:02:01,5285.0,55719
2021-06-24 10:02:02,5285.0,55719
2021-06-24 10:02:03,5285.8,55761
2021-06-24 10:02:04,5285.8,55761
2021-06-24 10:02:05,5285.8,55761
2021-06-24 10:02:06,5285.65,55796
2021-06-24 10:02:07,5285.65,55796
2021-06-24 10:02:08,5285.65,55796
2021-06-24 10:02:10,5286.0,55841
2021-06-24 10:02:11,5286.0,55841
2021-06-24 10:02:12,5286.0,55841
2021-06-24 10:02:13,5286.6,55886
2021-06-24 10:02:14,5286.6,55886
2021-06-24 10:02:15,5286.6,55886
2021-06-24 10:02:16,5286.6,55886
2021-06-24 10:02:17,5285.9,55887
2021-06-24 10:02:18,5285.9,55887
2021-06-24 10:02:19,5285.9,55887
2021-06-24 10:02:21,5286.75,55917
2021-06-24 10:02:22,5286.75,55917
2021-06-24 10:02:24,5286.75,55917
2021-06-24 10:02:25,5285.65,55923
2021-06-24 10:02:26,5285.65,55923
2021-06-24 10:02:27,5285.65,55923
2021-06-24 10:02:28,5286.75,55924
2021-06-24 10:02:29,5286.75,55924
2021-06-24 10:02:30,5282.7,56262
2021-06-24 10:02:31,5282.7,56262
2021-06-24 10:02:32,5285.5,56309
2021-06-24 10:02:33,5281.5,56383
2021-06-24 10:02:34,5285.0,56406
2021-06-24 10:02:35,5285.0,56406
2021-06-24 10:02:36,5285.0,56406
2021-06-24 10:02:37,5285.0,56406
2021-06-24 10:02:38,5285.0,56406
2021-06-24 10:02:39,5281.85,56407
2021-06-24 10:02:40,5281.85,56407
2021-06-24 10:02:41,5285.0,56427
2021-06-24 10:02:42,5285.0,56428
2021-06-24 10:02:43,5285.0,56428
2021-06-24 10:02:44,5285.0,56428
2021-06-24 10:02:45,5285.0,56428
2021-06-24 10:02:46,5285.0,56428
2021-06-24 10:02:47,5285.0,56428
2021-06-24 10:02:48,5285.0,56428
2021-06-24 10:02:49,5285.0,56428
2021-06-24 10:02:50,5285.0,56428
2021-06-24 10:02:51,5285.0,56428
2021-06-24 10:02:52,5285.0,56428
2021-06-24 10:02:54,5285.0,56428
2021-06-24 10:02:55,5282.3,56498
2021-06-24 10:02:56,5284.85,56508
2021-06-24 10:02:57,5284.85,56508
2021-06-24 10:02:58,5282.4,56527
2021-06-24 10:02:59,5281.6,56547
2021-06-24 10:03:00,5281.6,56547
2021-06-24 10:03:01,5281.6,56547
2021-06-24 10:03:02,5282.0,56599
2021-06-24 10:03:03,5284.9,56622
2021-06-24 10:03:04,5284.9,56622
2021-06-24 10:03:05,5284.9,56622
2021-06-24 10:03:06,5284.9,56622
2021-06-24 10:03:07,5284.9,56622
2021-06-24 10:03:09,5284.9,56622
2021-06-24 10:03:11,5284.9,56622
2021-06-24 10:03:10,5284.9,56622
2021-06-24 10:03:12,5282.0,56722
2021-06-24 10:03:13,5282.0,56722
2021-06-24 10:03:14,5282.0,56722
2021-06-24 10:03:15,5282.0,56722
2021-06-24 10:03:17,5282.0,56722
2021-06-24 10:03:18,5282.0,56722
2021-06-24 10:03:18,5281.15,57132
2021-06-24 10:03:20,5283.6,57154
2021-06-24 10:03:20,5283.6,57154
2021-06-24 10:03:21,5283.6,57154
2021-06-24 10:03:22,5283.6,57154
2021-06-24 10:03:23,5283.6,57154
2021-06-24 10:03:24,5283.6,57154
2021-06-24 10:03:25,5283.6,57154
2021-06-24 10:03:26,5283.6,57154
2021-06-24 10:03:27,5283.6,57154
2021-06-24 10:03:28,5283.6,57154
2021-06-24 10:03:29,5283.85,57207
2021-06-24 10:03:30,5283.85,57207
2021-06-24 10:03:32,5283.85,57207
2021-06-24 10:03:33,5284.7,57230
2021-06-24 10:03:34,5284.7,57230
2021-06-24 10:03:35,5284.7,57230
2021-06-24 10:03:36,5284.7,57230
2021-06-24 10:03:37,5284.7,57230
2021-06-24 10:03:38,5284.7,57230
2021-06-24 10:03:40,5284.7,57230
2021-06-24 10:03:41,5284.7,57230
2021-06-24 10:03:42,5284.7,57230
2021-06-24 10:03:43,5281.45,57237
2021-06-24 10:03:43,5281.45,57237
2021-06-24 10:03:44,5281.45,57237
2021-06-24 10:03:45,5281.45,57237
2021-06-24 10:03:46,5281.45,57237
2021-06-24 10:03:47,5281.45,57237
2021-06-24 10:03:48,5281.45,57237
2021-06-24 10:03:49,5284.4,57245
2021-06-24 10:03:50,5284.4,57245
2021-06-24 10:03:51,5284.4,57251
2021-06-24 10:03:52,5284.4,57256
2021-06-24 10:03:53,5284.4,57256
2021-06-24 10:03:54,5284.4,57256
2021-06-24 10:03:55,5284.4,57256
2021-06-24 10:03:57,5284.4,57256
2021-06-24 10:03:57,5284.4,57262
2021-06-24 10:04:00,5284.4,57262
2021-06-24 10:04:01,5284.4,57262
2021-06-24 10:04:02,5284.4,57262
2021-06-24 10:04:03,5284.4,57262
2021-06-24 10:04:04,5284.3,57285
2021-06-24 10:04:05,5284.3,57285
2021-06-24 10:04:06,5283.85,57327
2021-06-24 10:04:07,5283.85,57327
2021-06-24 10:04:08,5283.85,57327
2021-06-24 10:04:09,5283.85,57327
2021-06-24 10:04:10,5283.85,57327
2021-06-24 10:04:11,5283.85,57327
2021-06-24 10:04:12,5283.85,57327
2021-06-24 10:04:13,5283.85,57327
2021-06-24 10:04:14,5283.85,57327
2021-06-24 10:04:15,5283.8,57377
2021-06-24 10:04:16,5283.8,57377
2021-06-24 10:04:18,5283.8,57377
2021-06-24 10:04:19,5283.8,57377
2021-06-24 10:04:20,5283.8,57377
2021-06-24 10:04:21,5283.8,57377
2021-06-24 10:04:22,5283.8,57377
2021-06-24 10:04:23,5283.8,57377
2021-06-24 10:04:24,5283.8,57377
2021-06-24 10:04:25,5281.4,57402
2021-06-24 10:04:26,5281.4,57402
2021-06-24 10:04:27,5281.4,57402
2021-06-24 10:04:30,5284.5,57602
2021-06-24 10:04:32,5284.5,57602
2021-06-24 10:04:33,5284.5,57604
2021-06-24 10:04:34,5283.15,57654
2021-06-24 10:04:35,5283.15,57654
2021-06-24 10:04:37,5283.15,57654
2021-06-24 10:04:37,5283.15,57654
2021-06-24 10:04:39,5283.55,57660
2021-06-24 10:04:40,5283.55,57660
2021-06-24 10:04:42,5283.55,57660
2021-06-24 10:04:42,5283.55,57660
2021-06-24 10:04:44,5283.55,57660
2021-06-24 10:04:45,5283.55,57660
2021-06-24 10:04:45,5283.55,57660
2021-06-24 10:04:46,5283.55,57660
2021-06-24 10:04:47,5283.55,57660
2021-06-24 10:04:48,5286.5,57984
2021-06-24 10:04:49,5286.5,57984
2021-06-24 10:04:51,5286.75,57994
2021-06-24 10:04:52,5286.75,57994
2021-06-24 10:04:53,5286.75,57994
2021-06-24 10:04:54,5286.75,57994
2021-06-24 10:04:56,5288.0,58018
2021-06-24 10:04:56,5288.0,58018
2021-06-24 10:04:57,5289.0,58070
2021-06-24 10:04:58,5289.0,58070
2021-06-24 10:05:00,5289.0,58070
2021-06-24 10:05:00,5287.75,58071
2021-06-24 10:05:01,5287.75,58071
2021-06-24 10:05:02,5287.75,58086
2021-06-24 10:05:03,5289.0,58109
2021-06-24 10:05:04,5289.0,58221
2021-06-24 10:05:05,5289.0,58221
2021-06-24 10:05:06,5287.8,58239
2021-06-24 10:05:07,5287.8,58239
2021-06-24 10:05:08,5289.35,58251
2021-06-24 10:05:10,5289.35,58251
2021-06-24 10:05:10,5289.35,58251
2021-06-24 10:05:11,5288.1,58252
2021-06-24 10:05:12,5288.1,58252
2021-06-24 10:05:13,5289.0,58257
2021-06-24 10:05:14,5287.75,58283
2021-06-24 10:05:15,5287.75,58283
2021-06-24 10:05:16,5289.3,58288
2021-06-24 10:05:17,5289.3,58288
2021-06-24 10:05:18,5289.3,58288
2021-06-24 10:05:20,5289.3,58288
2021-06-24 10:05:20,5289.3,58288
2021-06-24 10:05:23,5287.65,58388
2021-06-24 10:05:24,5287.65,58388
2021-06-24 10:05:25,5287.65,58388
2021-06-24 10:05:27,5287.65,58388
2021-06-24 10:05:28,5287.65,58388
2021-06-24 10:05:29,5287.65,58388
2021-06-24 10:05:29,5287.65,58388
2021-06-24 10:05:30,5289.35,58393
2021-06-24 10:05:31,5289.35,58393
2021-06-24 10:05:32,5288.0,58400
2021-06-24 10:05:33,5288.0,58405
2021-06-24 10:05:34,5287.35,58455
2021-06-24 10:05:35,5287.35,58455
2021-06-24 10:05:37,5287.35,58455
2021-06-24 10:05:39,5289.0,58475
2021-06-24 10:05:41,5290.0,58739
2021-06-24 10:05:42,5289.3,58759
2021-06-24 10:05:44,5289.3,58759
2021-06-24 10:05:45,5290.0,58760
2021-06-24 10:05:46,5290.0,58761
2021-06-24 10:05:47,5290.0,58761
2021-06-24 10:05:48,5290.0,58761
2021-06-24 10:05:49,5290.0,58761
2021-06-24 10:05:50,5290.0,58761
2021-06-24 10:05:52,5290.0,58761
2021-06-24 10:05:53,5290.0,58781
2021-06-24 10:05:54,5290.0,58781
2021-06-24 10:05:54,5290.0,58781
2021-06-24 10:05:55,5290.0,58781
2021-06-24 10:05:57,5290.0,58781
2021-06-24 10:05:57,5290.0,58781
2021-06-24 10:05:58,5289.95,58805
2021-06-24 10:05:59,5289.95,58805
2021-06-24 10:06:00,5287.75,58806
2021-06-24 10:06:02,5289.95,58816
2021-06-24 10:06:03,5289.95,58822
2021-06-24 10:06:04,5289.95,58845
2021-06-24 10:06:04,5289.95,58845
2021-06-24 10:06:06,5289.95,58855
2021-06-24 10:06:07,5289.95,58855
2021-06-24 10:06:08,5289.95,58855
2021-06-24 10:06:09,5290.0,59063
2021-06-24 10:06:09,5290.0,59063
2021-06-24 10:06:10,5290.0,59063
2021-06-24 10:06:11,5290.0,59063
2021-06-24 10:06:14,5290.0,59088
2021-06-24 10:06:14,5290.0,59088
2021-06-24 10:06:15,5290.0,59088
2021-06-24 10:06:16,5290.0,59088
2021-06-24 10:06:17,5290.0,59088
2021-06-24 10:06:18,5290.0,59088
2021-06-24 10:06:20,5290.0,59088
2021-06-24 10:06:21,5290.0,59088
2021-06-24 10:06:21,5290.0,59088
2021-06-24 10:06:22,5290.0,59088
2021-06-24 10:06:23,5290.0,59088
2021-06-24 10:06:24,5290.0,59088
2021-06-24 10:06:25,5290.0,59088
2021-06-24 10:06:26,5290.0,59088
2021-06-24 10:06:27,5290.0,59088
2021-06-24 10:06:28,5290.0,59088
2021-06-24 10:06:29,5290.0,59123
2021-06-24 10:06:30,5288.0,59168
2021-06-24 10:06:31,5288.0,59168
2021-06-24 10:06:32,5288.0,59168
2021-06-24 10:06:33,5289.0,59184
2021-06-24 10:06:35,5289.0,59184
2021-06-24 10:06:36,5290.0,59187
2021-06-24 10:06:37,5290.0,59187
2021-06-24 10:06:38,5290.0,59187
2021-06-24 10:06:39,5290.0,59197
2021-06-24 10:06:40,5290.0,59232
2021-06-24 10:06:41,5290.0,59232
2021-06-24 10:06:42,5290.0,59232
2021-06-24 10:06:43,5290.0,59232
2021-06-24 10:06:44,5290.0,59232
2021-06-24 10:06:45,5290.0,59232
2021-06-24 10:06:46,5290.0,59232
2021-06-24 10:06:47,5290.0,59232
2021-06-24 10:06:48,5290.0,59232
2021-06-24 10:06:49,5290.0,59232
2021-06-24 10:06:51,5290.0,59232
2021-06-24 10:06:52,5290.0,59242
2021-06-24 10:06:52,5290.0,59242
2021-06-24 10:06:53,5290.0,59273
2021-06-24 10:06:54,5290.0,59277
2021-06-24 10:06:55,5290.0,59277
2021-06-24 10:06:56,5290.0,59277
2021-06-24 10:06:57,5290.0,59277
2021-06-24 10:06:58,5290.0,59277
2021-06-24 10:06:59,5290.0,59277
2021-06-24 10:07:00,5290.0,59302
2021-06-24 10:07:01,5290.0,59337
2021-06-24 10:07:02,5290.0,59337
2021-06-24 10:07:03,5291.0,59526
2021-06-24 10:07:04,5290.9,59534
2021-06-24 10:07:06,5290.9,59534
2021-06-24 10:07:07,5290.9,59534
2021-06-24 10:07:08,5290.0,59540
2021-06-24 10:07:09,5290.0,59584
2021-06-24 10:07:10,5290.0,59584
2021-06-24 10:07:10,5290.0,59584
2021-06-24 10:07:11,5290.0,59584
2021-06-24 10:07:12,5288.1,59588
2021-06-24 10:07:13,5291.15,60061
2021-06-24 10:07:14,5291.15,60061
2021-06-24 10:07:15,5291.15,60061
2021-06-24 10:07:16,5291.15,60080
2021-06-24 10:07:17,5291.15,60080
2021-06-24 10:07:18,5291.15,60080
2021-06-24 10:07:19,5291.15,60080
2021-06-24 10:07:20,5291.15,60080
2021-06-24 10:07:22,5291.15,60080
2021-06-24 10:07:24,5291.15,60080
2021-06-24 10:07:25,5291.15,60080
2021-06-24 10:07:26,5291.7,60089
2021-06-24 10:07:27,5292.0,60091
2021-06-24 10:07:28,5292.0,60091
2021-06-24 10:07:28,5292.0,60091
2021-06-24 10:07:29,5292.0,60091
2021-06-24 10:07:30,5291.0,60118
2021-06-24 10:07:31,5291.0,60118
2021-06-24 10:07:32,5291.0,60118
2021-06-24 10:07:33,5292.0,60141
2021-06-24 10:07:34,5289.9,60241
2021-06-24 10:07:35,5289.9,60241
2021-06-24 10:07:36,5289.9,60241
2021-06-24 10:07:37,5294.45,60743
2021-06-24 10:07:38,5294.2,60763
2021-06-24 10:07:39,5294.65,60797
2021-06-24 10:07:40,5294.65,60797
2021-06-24 10:07:41,5294.65,60797
2021-06-24 10:07:42,5294.65,60797
2021-06-24 10:07:43,5294.65,60797
2021-06-24 10:07:45,5294.65,60797
2021-06-24 10:07:47,5294.55,61099
2021-06-24 10:07:48,5294.55,61099
2021-06-24 10:07:49,5292.0,61226
2021-06-24 10:07:49,5292.0,61224
2021-06-24 10:07:50,5292.0,61276
2021-06-24 10:07:52,5292.0,61276
2021-06-24 10:07:52,5292.0,61276
2021-06-24 10:07:53,5292.0,61276
2021-06-24 10:07:54,5292.0,61276
2021-06-24 10:07:55,5292.0,61276
2021-06-24 10:07:56,5292.6,61279
2021-06-24 10:07:57,5292.6,61294
2021-06-24 10:07:58,5295.2,61394
2021-06-24 10:07:59,5295.2,61394
2021-06-24 10:08:00,5294.0,61414
2021-06-24 10:08:02,5292.0,61463
2021-06-24 10:08:02,5292.0,61463
2021-06-24 10:08:03,5292.0,61463
2021-06-24 10:08:04,5292.0,61463
2021-06-24 10:08:05,5292.0,61463
2021-06-24 10:08:06,5292.0,61463
2021-06-24 10:08:07,5295.9,61722
2021-06-24 10:08:09,5295.9,61722
2021-06-24 10:08:11,5295.0,61742
2021-06-24 10:08:13,5296.2,61792
2021-06-24 10:08:13,5295.0,61742
2021-06-24 10:08:14,5296.2,61792
2021-06-24 10:08:15,5296.2,61792
2021-06-24 10:08:16,5296.15,61793
2021-06-24 10:08:17,5296.15,61793
2021-06-24 10:08:18,5296.05,61816
2021-06-24 10:08:20,5296.05,61816
2021-06-24 10:08:21,5296.05,61816
2021-06-24 10:08:22,5296.05,61816
2021-06-24 10:08:23,5296.05,61816
2021-06-24 10:08:23,5296.05,61816
2021-06-24 10:08:24,5296.05,61816
2021-06-24 10:08:25,5296.05,61816
2021-06-24 10:08:26,5296.05,61816
2021-06-24 10:08:27,5296.05,61816
2021-06-24 10:08:28,5293.7,61823
2021-06-24 10:08:29,5293.7,61824
2021-06-24 10:08:30,5296.15,61844
2021-06-24 10:08:32,5296.1,61849
2021-06-24 10:08:33,5296.1,61849
2021-06-24 10:08:33,5296.15,61872
2021-06-24 10:08:34,5296.15,61872
2021-06-24 10:08:36,5296.15,61872
2021-06-24 10:08:37,5296.15,61872
2021-06-24 10:08:38,5293.7,61892
2021-06-24 10:08:38,5293.7,61892
2021-06-24 10:08:40,5293.05,61912
2021-06-24 10:08:41,5293.05,61912
2021-06-24 10:08:42,5295.9,61913
2021-06-24 10:08:42,5293.15,62054
2021-06-24 10:08:43,5293.15,62054
2021-06-24 10:08:44,5293.15,62054
2021-06-24 10:08:45,5293.15,62054
2021-06-24 10:08:46,5296.95,62119
2021-06-24 10:08:47,5296.95,62119
2021-06-24 10:08:48,5296.95,62119
2021-06-24 10:08:49,5296.95,62119
2021-06-24 10:08:50,5293.45,62122
2021-06-24 10:08:51,5293.45,62122
2021-06-24 10:08:52,5296.6,62133
2021-06-24 10:08:53,5296.6,62133
2021-06-24 10:08:54,5296.6,62133
2021-06-24 10:08:55,5296.6,62133
2021-06-24 10:08:56,5296.6,62133
2021-06-24 10:08:57,5293.55,62169
2021-06-24 10:08:58,5293.55,62169
2021-06-24 10:09:00,5296.45,62188
2021-06-24 10:09:02,5293.0,62288
2021-06-24 10:09:02,5292.0,62417
2021-06-24 10:09:03,5293.1,62590
2021-06-24 10:09:04,5293.1,62590
2021-06-24 10:09:05,5293.1,62590
2021-06-24 10:09:07,5293.1,62590
2021-06-24 10:09:08,5293.1,62590
2021-06-24 10:09:08,5293.1,62590
2021-06-24 10:09:09,5293.1,62590
2021-06-24 10:09:10,5293.1,62590
2021-06-24 10:09:11,5293.1,62590
2021-06-24 10:09:12,5293.1,62590
2021-06-24 10:09:13,5293.1,62590
2021-06-24 10:09:14,5293.65,62600
2021-06-24 10:09:16,5293.65,62600
2021-06-24 10:09:17,5293.65,62600
2021-06-24 10:09:18,5293.75,62623
2021-06-24 10:09:18,5292.8,62750
2021-06-24 10:09:19,5292.35,62875
2021-06-24 10:09:20,5292.35,62880
2021-06-24 10:09:21,5294.8,62890
2021-06-24 10:09:23,5294.8,62890
2021-06-24 10:09:24,5292.35,62900
2021-06-24 10:09:25,5292.35,62900
2021-06-24 10:09:26,5292.35,62900
2021-06-24 10:09:27,5292.35,62900
2021-06-24 10:09:28,5292.35,62900
2021-06-24 10:09:29,5292.35,62900
2021-06-24 10:09:29,5292.35,62900
2021-06-24 10:09:32,5292.35,62900
2021-06-24 10:09:33,5295.0,62923
2021-06-24 10:09:34,5295.0,62923
2021-06-24 10:09:37,5295.0,62923
2021-06-24 10:09:39,5295.0,62923
2021-06-24 10:09:40,5295.0,62923
2021-06-24 10:09:41,5295.0,62943
2021-06-24 10:09:42,5295.0,62943
2021-06-24 10:09:43,5295.0,62943
2021-06-24 10:09:45,5295.0,62943
2021-06-24 10:09:46,5295.0,62943
2021-06-24 10:09:47,5295.0,62943
2021-06-24 10:09:48,5293.65,62953
2021-06-24 10:09:49,5293.65,62953
2021-06-24 10:09:49,5293.65,62953
2021-06-24 10:09:50,5293.65,62953
2021-06-24 10:09:51,5293.65,62953
2021-06-24 10:09:52,5293.65,62953
2021-06-24 10:09:53,5293.65,62953
2021-06-24 10:09:54,5293.65,62953
2021-06-24 10:09:55,5293.65,62953
2021-06-24 10:09:57,5293.65,62953
2021-06-24 10:09:58,5293.65,62953
2021-06-24 10:09:59,5295.0,62979
2021-06-24 10:09:59,5295.0,62979
2021-06-24 10:10:00,5292.65,62981
2021-06-24 10:10:02,5292.65,62981
2021-06-24 10:10:03,5292.65,62981
2021-06-24 10:10:04,5295.0,63026
2021-06-24 10:10:05,5295.0,63026
2021-06-24 10:10:06,5295.0,63026
2021-06-24 10:10:07,5295.0,63026
2021-06-24 10:10:08,5295.0,63026
2021-06-24 10:10:09,5294.65,63046
2021-06-24 10:10:10,5294.65,63046
2021-06-24 10:10:11,5294.65,63046
2021-06-24 10:10:12,5294.65,63046
2021-06-24 10:10:12,5294.65,63046
2021-06-24 10:10:13,5294.65,63046
2021-06-24 10:10:14,5294.65,63046
2021-06-24 10:10:15,5294.65,63046
2021-06-24 10:10:17,5294.65,63046
2021-06-24 10:10:17,5294.65,63046
2021-06-24 10:10:18,5294.65,63046
2021-06-24 10:10:19,5294.65,63046
2021-06-24 10:10:20,5294.65,63046
2021-06-24 10:10:21,5294.65,63046
2021-06-24 10:10:23,5294.65,63046
2021-06-24 10:10:23,5294.65,63046
2021-06-24 10:10:24,5294.65,63046
2021-06-24 10:10:25,5294.65,63046
2021-06-24 10:10:27,5295.0,63097
2021-06-24 10:10:28,5295.0,63097
2021-06-24 10:10:30,5295.0,63097
2021-06-24 10:10:31,5295.0,63097
2021-06-24 10:10:32,5293.5,63100
2021-06-24 10:10:33,5295.0,63123
2021-06-24 10:10:34,5295.0,63123
2021-06-24 10:10:35,5295.0,63123
2021-06-24 10:10:36,5295.0,63153
2021-06-24 10:10:37,5293.5,63154
2021-06-24 10:10:37,5293.5,63154
2021-06-24 10:10:39,5293.5,63154
2021-06-24 10:10:39,5293.5,63154
2021-06-24 10:10:41,5293.5,63154
2021-06-24 10:10:42,5293.5,63154
2021-06-24 10:10:42,5293.5,63154
2021-06-24 10:10:43,5293.5,63154
2021-06-24 10:10:44,5293.5,63154
2021-06-24 10:10:45,5293.5,63154
2021-06-24 10:10:47,5293.5,63154
2021-06-24 10:10:48,5293.5,63154
2021-06-24 10:10:50,5293.5,63154
2021-06-24 10:10:53,5293.5,63154
2021-06-24 10:10:54,5293.5,63154
2021-06-24 10:10:55,5293.5,63154
2021-06-24 10:10:56,5294.75,63169
2021-06-24 10:10:57,5294.75,63199
2021-06-24 10:10:58,5294.75,63199
2021-06-24 10:11:00,5294.6,63200
2021-06-24 10:11:01,5294.6,63200
2021-06-24 10:11:02,5294.6,63200
2021-06-24 10:11:03,5294.75,63206
2021-06-24 10:11:04,5292.7,63231
2021-06-24 10:11:05,5294.7,63233
2021-06-24 10:11:06,5294.7,63233
2021-06-24 10:11:07,5294.7,63233
2021-06-24 10:11:08,5294.7,63233
2021-06-24 10:11:09,5294.7,63233
2021-06-24 10:11:09,5294.7,63233
2021-06-24 10:11:10,5294.7,63233
2021-06-24 10:11:11,5294.7,63233
2021-06-24 10:11:13,5294.7,63233
2021-06-24 10:11:14,5294.7,63233
2021-06-24 10:11:15,5294.7,63233
2021-06-24 10:11:16,5294.7,63233
2021-06-24 10:11:17,5292.7,63235
2021-06-24 10:11:18,5292.7,63236
2021-06-24 10:11:19,5292.7,63236
2021-06-24 10:11:20,5292.7,63236
2021-06-24 10:11:20,5292.7,63236
2021-06-24 10:11:21,5292.7,63236
2021-06-24 10:11:23,5292.0,63246
2021-06-24 10:11:24,5293.4,63271
2021-06-24 10:11:25,5293.4,63271
2021-06-24 10:11:26,5294.55,63296
2021-06-24 10:11:27,5294.55,63296
2021-06-24 10:11:28,5293.0,63321
2021-06-24 10:11:29,5294.6,63346
2021-06-24 10:11:30,5294.6,63346
2021-06-24 10:11:31,5294.6,63371
2021-06-24 10:11:32,5295.0,63396
2021-06-24 10:11:33,5295.0,63420
2021-06-24 10:11:34,5295.0,63420
2021-06-24 10:11:35,5295.0,63420
2021-06-24 10:11:36,5295.0,63420
2021-06-24 10:11:37,5295.0,63420
2021-06-24 10:11:38,5295.0,63420
2021-06-24 10:11:39,5295.0,63420
2021-06-24 10:11:40,5295.0,63420
2021-06-24 10:11:41,5292.35,63546
2021-06-24 10:11:43,5294.6,63590
2021-06-24 10:11:44,5292.6,63595
2021-06-24 10:11:46,5292.6,63595
2021-06-24 10:11:45,5292.6,63595
2021-06-24 10:11:47,5294.0,63598
2021-06-24 10:11:48,5294.0,63598
2021-06-24 10:11:49,5294.0,63598
2021-06-24 10:11:50,5295.0,63618
2021-06-24 10:11:52,5295.0,63618
2021-06-24 10:11:54,5292.9,63626
2021-06-24 10:11:53,5295.0,63618
2021-06-24 10:11:55,5294.9,63661
2021-06-24 10:11:56,5294.9,63661
2021-06-24 10:11:57,5294.9,63661
2021-06-24 10:11:58,5296.0,64571
2021-06-24 10:11:59,5296.95,64573
2021-06-24 10:12:00,5295.1,64875
2021-06-24 10:12:01,5295.1,64875
2021-06-24 10:12:02,5295.1,64875
2021-06-24 10:12:03,5295.1,64875
2021-06-24 10:12:04,5292.25,65073
2021-06-24 10:12:05,5292.25,65073
2021-06-24 10:12:06,5292.25,65073
2021-06-24 10:12:07,5292.25,65073
2021-06-24 10:12:08,5294.35,65082
2021-06-24 10:12:09,5294.35,65082
2021-06-24 10:12:10,5294.35,65082
2021-06-24 10:12:11,5294.35,65087
2021-06-24 10:12:12,5294.35,65087
2021-06-24 10:12:13,5294.35,65087
2021-06-24 10:12:16,5294.35,65087
2021-06-24 10:12:17,5294.35,65087
2021-06-24 10:12:18,5294.35,65112
2021-06-24 10:12:19,5294.35,65112
2021-06-24 10:12:21,5294.35,65112
2021-06-24 10:12:22,5294.35,65137
2021-06-24 10:12:23,5294.35,65137
2021-06-24 10:12:25,5291.8,65162
2021-06-24 10:12:27,5291.8,65162
2021-06-24 10:12:28,5291.8,65162
2021-06-24 10:12:30,5291.8,65162
2021-06-24 10:12:31,5291.8,65162
2021-06-24 10:12:32,5291.8,65162
2021-06-24 10:12:33,5293.15,65185
2021-06-24 10:12:34,5293.15,65185
2021-06-24 10:12:35,5293.1,65210
2021-06-24 10:12:36,5293.1,65210
2021-06-24 10:12:37,5293.1,65210
2021-06-24 10:12:38,5293.1,65210
2021-06-24 10:12:39,5290.5,65220
2021-06-24 10:12:40,5290.5,65220
2021-06-24 10:12:41,5290.5,65220
2021-06-24 10:12:42,5290.5,65220
2021-06-24 10:12:45,5293.05,65250
2021-06-24 10:12:46,5293.05,65250
2021-06-24 10:12:48,5293.05,65250
2021-06-24 10:12:47,5293.05,65250
2021-06-24 10:12:49,5293.05,65250
2021-06-24 10:12:50,5293.05,65260
2021-06-24 10:12:51,5293.05,65268
2021-06-24 10:12:52,5293.05,65268
2021-06-24 10:12:53,5293.05,65268
2021-06-24 10:12:54,5293.05,65268
2021-06-24 10:12:55,5292.95,65282
2021-06-24 10:12:56,5292.95,65291
2021-06-24 10:12:57,5292.95,65291
2021-06-24 10:12:58,5292.95,65291
2021-06-24 10:13:00,5292.95,65291
2021-06-24 10:13:01,5292.95,65291
2021-06-24 10:13:02,5292.95,65291
2021-06-24 10:13:03,5293.0,65314
2021-06-24 10:13:04,5293.0,65314
2021-06-24 10:13:05,5293.0,65314
2021-06-24 10:13:06,5293.0,65314
2021-06-24 10:13:07,5293.0,65314
2021-06-24 10:13:08,5293.0,65334
2021-06-24 10:13:09,5293.0,65334
2021-06-24 10:13:10,5293.0,65334
2021-06-24 10:13:11,5293.0,65334
2021-06-24 10:13:12,5292.2,65479
2021-06-24 10:13:13,5292.2,65479
2021-06-24 10:13:14,5292.0,65516
2021-06-24 10:13:15,5292.25,65536
2021-06-24 10:13:16,5292.25,65537
2021-06-24 10:13:18,5292.25,65537
2021-06-24 10:13:17,5292.25,65537
2021-06-24 10:13:19,5292.25,65537
2021-06-24 10:13:20,5292.25,65537
2021-06-24 10:13:21,5292.25,65537
2021-06-24 10:13:22,5292.25,65537
2021-06-24 10:13:23,5292.25,65537
2021-06-24 10:13:24,5292.25,65538
2021-06-24 10:13:25,5292.0,65539
2021-06-24 10:13:28,5292.0,65539
2021-06-24 10:13:29,5292.0,65539
2021-06-24 10:13:30,5290.25,65549
2021-06-24 10:13:31,5290.15,65550
2021-06-24 10:13:32,5288.2,65674
2021-06-24 10:13:33,5292.0,65697
2021-06-24 10:13:34,5289.6,65715
2021-06-24 10:13:35,5289.6,65715
2021-06-24 10:13:36,5289.6,65715
2021-06-24 10:13:37,5289.6,65715
2021-06-24 10:13:38,5289.6,65715
2021-06-24 10:13:40,5289.6,65715
2021-06-24 10:13:40,5289.6,65715
2021-06-24 10:13:41,5289.6,65715
2021-06-24 10:13:42,5289.6,65715
2021-06-24 10:13:43,5289.6,65715
2021-06-24 10:13:44,5289.6,65715
2021-06-24 10:13:45,5289.6,65715
2021-06-24 10:13:46,5289.6,65715
2021-06-24 10:13:47,5289.6,65715
2021-06-24 10:13:48,5289.6,65715
2021-06-24 10:13:49,5292.0,65724
2021-06-24 10:13:50,5292.0,65724
2021-06-24 10:13:52,5289.95,65738
2021-06-24 10:13:52,5289.95,65738
2021-06-24 10:13:53,5289.95,65738
2021-06-24 10:13:54,5289.95,65738
2021-06-24 10:13:55,5289.95,65739
2021-06-24 10:13:56,5289.95,65739
2021-06-24 10:13:57,5289.95,65739
2021-06-24 10:13:58,5289.95,65739
2021-06-24 10:14:01,5289.95,65739
2021-06-24 10:14:02,5289.95,65739
2021-06-24 10:14:03,5289.95,65739
2021-06-24 10:14:03,5289.95,65739
2021-06-24 10:14:04,5292.0,65762
2021-06-24 10:14:06,5290.05,65767
2021-06-24 10:14:06,5290.05,65767
2021-06-24 10:14:07,5290.05,65767
2021-06-24 10:14:08,5290.05,65767
2021-06-24 10:14:09,5290.05,65767
2021-06-24 10:14:10,5292.9,65803
2021-06-24 10:14:11,5290.1,65805
2021-06-24 10:14:12,5290.1,65805
2021-06-24 10:14:13,5290.1,65805
2021-06-24 10:14:15,5290.1,65805
2021-06-24 10:14:15,5290.1,65805
2021-06-24 10:14:17,5290.1,65805
2021-06-24 10:14:18,5290.1,65805
2021-06-24 10:14:18,5290.1,65805
2021-06-24 10:14:19,5290.1,65805
2021-06-24 10:14:20,5290.1,65805
2021-06-24 10:14:21,5290.1,65805
2021-06-24 10:14:23,5290.1,65805
2021-06-24 10:14:23,5290.1,65805
2021-06-24 10:14:24,5292.0,65810
2021-06-24 10:14:25,5292.0,65810
2021-06-24 10:14:29,5292.0,65810
2021-06-24 10:14:30,5292.0,65810
2021-06-24 10:14:31,5292.0,65851
2021-06-24 10:14:32,5292.0,65851
2021-06-24 10:14:33,5292.0,65855
2021-06-24 10:14:35,5292.0,65855
2021-06-24 10:14:36,5292.05,65874
2021-06-24 10:14:36,5292.05,65874
2021-06-24 10:14:37,5292.05,65874
2021-06-24 10:14:38,5292.05,65874
2021-06-24 10:14:39,5292.05,65874
2021-06-24 10:14:42,5292.05,65874
2021-06-24 10:14:43,5292.05,65874
2021-06-24 10:14:43,5292.05,65874
2021-06-24 10:14:44,5292.05,65874
2021-06-24 10:14:45,5292.05,65874
2021-06-24 10:14:46,5292.05,65874
2021-06-24 10:14:47,5292.05,65874
2021-06-24 10:14:49,5292.05,65874
2021-06-24 10:14:49,5292.05,65874
2021-06-24 10:14:51,5290.0,65924
2021-06-24 10:14:52,5290.0,65924
2021-06-24 10:14:54,5290.0,65924
2021-06-24 10:14:53,5290.0,65924
2021-06-24 10:14:59,5290.0,65924
2021-06-24 10:15:01,5289.6,65925
2021-06-24 10:15:02,5291.0,65949
2021-06-24 10:15:03,5291.0,65972
2021-06-24 10:15:03,5291.0,65949
2021-06-24 10:15:04,5291.0,65972
2021-06-24 10:15:05,5291.0,65972
2021-06-24 10:15:06,5292.0,65992
2021-06-24 10:15:07,5292.0,65992
2021-06-24 10:15:08,5292.0,65992
2021-06-24 10:15:12,5292.0,65992
2021-06-24 10:15:13,5289.6,66147
2021-06-24 10:15:14,5289.6,66147
2021-06-24 10:15:15,5289.6,66147
2021-06-24 10:15:17,5289.8,66148
2021-06-24 10:15:17,5289.8,66148
2021-06-24 10:15:18,5289.8,66148
2021-06-24 10:15:19,5289.8,66148
2021-06-24 10:15:20,5289.8,66148
2021-06-24 10:15:22,5287.05,66174
2021-06-24 10:15:23,5287.05,66174
2021-06-24 10:15:24,5287.05,66174
2021-06-24 10:15:25,5287.05,66174
2021-06-24 10:15:26,5287.05,66174
2021-06-24 10:15:28,5287.05,66174
2021-06-24 10:15:29,5287.05,66174
2021-06-24 10:15:30,5287.05,66174
2021-06-24 10:15:31,5287.05,66174
2021-06-24 10:15:32,5287.05,66174
2021-06-24 10:15:33,5291.15,66197
2021-06-24 10:15:34,5291.15,66197
2021-06-24 10:15:35,5291.15,66197
2021-06-24 10:15:36,5291.15,66197
2021-06-24 10:15:39,5291.15,66197
2021-06-24 10:15:40,5291.15,66197
2021-06-24 10:15:41,5291.15,66197
2021-06-24 10:15:41,5291.15,66197
2021-06-24 10:15:42,5291.15,66197
2021-06-24 10:15:43,5291.15,66197
2021-06-24 10:15:44,5291.15,66197
2021-06-24 10:15:45,5291.15,66197
2021-06-24 10:15:46,5291.15,66197
2021-06-24 10:15:48,5291.15,66197
2021-06-24 10:15:48,5291.15,66197
2021-06-24 10:15:49,5291.15,66197
2021-06-24 10:15:50,5291.15,66197
2021-06-24 10:15:52,5288.65,66297
2021-06-24 10:15:53,5290.65,66298
2021-06-24 10:15:54,5290.65,66298
2021-06-24 10:15:55,5290.7,66300
2021-06-24 10:15:56,5288.6,66301
2021-06-24 10:15:57,5290.0,66302
2021-06-24 10:15:58,5290.0,66302
2021-06-24 10:16:00,5290.0,66304
2021-06-24 10:16:01,5290.0,66304
2021-06-24 10:16:02,5290.0,66304
2021-06-24 10:16:03,5290.0,66327
2021-06-24 10:16:04,5290.0,66327
2021-06-24 10:16:06,5290.0,66327
2021-06-24 10:16:07,5290.0,66327
2021-06-24 10:16:08,5290.0,66327
2021-06-24 10:16:09,5288.6,66332
2021-06-24 10:16:09,5288.6,66332
2021-06-24 10:16:10,5288.6,66332
2021-06-24 10:16:11,5288.6,66332
2021-06-24 10:16:12,5288.6,66332
2021-06-24 10:16:13,5288.6,66332
2021-06-24 10:16:14,5288.6,66332
2021-06-24 10:16:15,5288.6,66332
2021-06-24 10:16:16,5288.6,66332
2021-06-24 10:16:17,5288.6,66332
2021-06-24 10:16:19,5288.6,66332
2021-06-24 10:16:20,5288.6,66332
2021-06-24 10:16:20,5288.6,66332
2021-06-24 10:16:21,5288.6,66332
2021-06-24 10:16:22,5288.6,66332
2021-06-24 10:16:23,5288.6,66332
2021-06-24 10:16:24,5290.0,66337
2021-06-24 10:16:26,5290.0,66337
2021-06-24 10:16:27,5290.0,66337
2021-06-24 10:16:28,5290.0,66337
2021-06-24 10:16:28,5290.0,66337
2021-06-24 10:16:29,5290.0,66337
2021-06-24 10:16:30,5290.0,66337
2021-06-24 10:16:31,5290.0,66337
2021-06-24 10:16:34,5290.0,66360
2021-06-24 10:16:35,5290.0,66360
2021-06-24 10:16:36,5290.0,66360
2021-06-24 10:16:36,5290.0,66360
2021-06-24 10:16:37,5290.0,66360
2021-06-24 10:16:38,5290.0,66360
2021-06-24 10:16:39,5290.0,66360
2021-06-24 10:16:40,5290.0,66360
2021-06-24 10:16:41,5290.0,66360
2021-06-24 10:16:43,5290.0,66360
2021-06-24 10:16:44,5290.0,66360
2021-06-24 10:16:44,5290.0,66360
2021-06-24 10:16:47,5290.0,66360
2021-06-24 10:16:48,5290.0,66360
2021-06-24 10:16:48,5290.0,66360
2021-06-24 10:16:49,5290.0,66360
2021-06-24 10:16:50,5290.0,66361
2021-06-24 10:16:51,5290.0,66361
2021-06-24 10:16:53,5290.0,66361
2021-06-24 10:16:54,5290.0,66361
2021-06-24 10:16:55,5290.0,66361
2021-06-24 10:16:55,5290.0,66361
2021-06-24 10:16:56,5290.0,66361
2021-06-24 10:16:57,5290.0,66361
2021-06-24 10:16:58,5290.0,66361
2021-06-24 10:16:59,5290.0,66361
2021-06-24 10:17:01,5290.0,66361
2021-06-24 10:17:02,5290.0,66361
2021-06-24 10:17:03,5290.0,66384
2021-06-24 10:17:04,5290.0,66384
2021-06-24 10:17:05,5290.0,66384
2021-06-24 10:17:06,5290.0,66384
2021-06-24 10:17:10,5290.0,66384
2021-06-24 10:17:12,5290.0,66384
2021-06-24 10:17:13,5290.0,66384
2021-06-24 10:17:14,5290.0,66384
2021-06-24 10:17:16,5290.0,66384
2021-06-24 10:17:17,5287.75,66404
2021-06-24 10:17:17,5287.75,66404
2021-06-24 10:17:18,5289.75,66409
2021-06-24 10:17:19,5289.75,66409
2021-06-24 10:17:20,5289.75,66409
2021-06-24 10:17:21,5289.75,66409
2021-06-24 10:17:24,5289.75,66409
2021-06-24 10:17:25,5289.75,66409
2021-06-24 10:17:25,5289.75,66409
2021-06-24 10:17:26,5289.75,66409
2021-06-24 10:17:27,5287.35,66410
2021-06-24 10:17:30,5287.35,66410
2021-06-24 10:17:30,5287.35,66410
2021-06-24 10:17:32,5289.7,66412
2021-06-24 10:17:33,5289.75,66435
2021-06-24 10:17:33,5289.75,66435
2021-06-24 10:17:34,5289.75,66435
2021-06-24 10:17:35,5289.75,66435
2021-06-24 10:17:36,5289.75,66436
2021-06-24 10:17:37,5289.75,66436
2021-06-24 10:17:39,5289.75,66437
2021-06-24 10:17:39,5289.75,66437
2021-06-24 10:17:41,5289.75,66437
2021-06-24 10:17:42,5289.75,66437
2021-06-24 10:17:43,5289.75,66437
2021-06-24 10:17:43,5289.75,66437
2021-06-24 10:17:44,5287.35,66488
2021-06-24 10:17:45,5289.6,66498
2021-06-24 10:17:46,5289.6,66498
2021-06-24 10:17:48,5289.6,66498
2021-06-24 10:17:49,5289.6,66498
2021-06-24 10:17:50,5287.15,66502
2021-06-24 10:17:51,5287.15,66502
2021-06-24 10:17:52,5287.15,66502
2021-06-24 10:17:53,5287.15,66502
2021-06-24 10:17:53,5287.15,66502
2021-06-24 10:17:55,5287.15,66502
2021-06-24 10:17:56,5287.15,66502
2021-06-24 10:17:57,5287.15,66502
2021-06-24 10:17:57,5287.15,66502
2021-06-24 10:17:58,5287.15,66502
2021-06-24 10:17:59,5287.15,66502
2021-06-24 10:18:00,5287.15,66502
2021-06-24 10:18:02,5287.15,66502
2021-06-24 10:18:03,5288.85,66525
2021-06-24 10:18:04,5289.0,66550
2021-06-24 10:18:05,5289.0,66550
2021-06-24 10:18:07,5289.0,66550
2021-06-24 10:18:08,5287.2,66556
2021-06-24 10:18:09,5287.2,66556
2021-06-24 10:18:10,5289.0,66557
2021-06-24 10:18:11,5289.0,66557
2021-06-24 10:18:13,5287.2,66558
2021-06-24 10:18:14,5287.2,66558
2021-06-24 10:18:15,5287.2,66558
2021-06-24 10:18:16,5287.2,66558
2021-06-24 10:18:17,5287.2,66558
2021-06-24 10:18:18,5287.2,66558
2021-06-24 10:18:19,5287.2,66558
2021-06-24 10:18:20,5287.2,66558
2021-06-24 10:18:22,5287.2,66558
2021-06-24 10:18:23,5288.9,66560
2021-06-24 10:18:24,5288.9,66560
2021-06-24 10:18:25,5288.9,66560
2021-06-24 10:18:25,5288.9,66560
2021-06-24 10:18:26,5288.9,66560
2021-06-24 10:18:28,5288.9,66560
2021-06-24 10:18:31,5288.9,66560
2021-06-24 10:18:32,5288.9,66560
2021-06-24 10:18:33,5289.0,66584
2021-06-24 10:18:34,5289.0,66584
2021-06-24 10:18:34,5289.0,66584
2021-06-24 10:18:36,5289.0,66584
2021-06-24 10:18:37,5289.0,66584
2021-06-24 10:18:38,5288.85,66609
2021-06-24 10:18:39,5288.85,66609
2021-06-24 10:18:39,5288.85,66609
2021-06-24 10:18:41,5288.85,66609
2021-06-24 10:18:43,5288.85,66609
2021-06-24 10:18:44,5288.4,66612
2021-06-24 10:18:44,5288.4,66612
2021-06-24 10:18:45,5288.4,66612
2021-06-24 10:18:47,5289.0,66613
2021-06-24 10:18:49,5289.0,66617
2021-06-24 10:18:50,5290.0,66618
2021-06-24 10:18:51,5290.0,66618
2021-06-24 10:18:53,5290.0,66618
2021-06-24 10:18:54,5290.0,66618
2021-06-24 10:18:55,5290.0,66628
2021-06-24 10:18:55,5290.0,66628
2021-06-24 10:18:57,5290.0,66628
2021-06-24 10:18:58,5290.0,66628
2021-06-24 10:18:59,5290.0,66628
2021-06-24 10:19:00,5290.0,66756
2021-06-24 10:19:01,5290.0,66821
2021-06-24 10:19:01,5290.0,66838
2021-06-24 10:19:04,5292.0,66849
2021-06-24 10:19:05,5292.0,66849
2021-06-24 10:19:07,5292.0,66849
2021-06-24 10:19:08,5292.0,66849
2021-06-24 10:19:09,5292.0,66849
2021-06-24 10:19:11,5292.0,66849
2021-06-24 10:19:12,5291.9,66850
2021-06-24 10:19:12,5291.9,66850
2021-06-24 10:19:13,5291.9,66850
2021-06-24 10:19:14,5291.9,66850
2021-06-24 10:19:15,5291.9,66850
2021-06-24 10:19:16,5291.9,66850
2021-06-24 10:19:18,5291.9,66850
2021-06-24 10:19:19,5292.0,66860
2021-06-24 10:19:20,5289.65,66886
2021-06-24 10:19:21,5289.65,66886
2021-06-24 10:19:22,5289.65,66886
2021-06-24 10:19:23,5289.65,66886
2021-06-24 10:19:24,5289.65,66886
2021-06-24 10:19:25,5292.0,66887
2021-06-24 10:19:26,5292.0,66887
2021-06-24 10:19:27,5292.0,66887
2021-06-24 10:19:27,5292.0,66887
2021-06-24 10:19:29,5292.0,66887
2021-06-24 10:19:30,5292.0,66887
2021-06-24 10:19:31,5292.0,66887
2021-06-24 10:19:32,5292.0,66887
2021-06-24 10:19:33,5292.3,67109
2021-06-24 10:19:34,5292.3,67109
2021-06-24 10:19:34,5292.3,67109
2021-06-24 10:19:35,5292.3,67110
2021-06-24 10:19:36,5292.3,67110
2021-06-24 10:19:37,5292.15,67112
2021-06-24 10:19:38,5292.15,67112
2021-06-24 10:19:40,5292.15,67112
2021-06-24 10:19:41,5292.15,67112
2021-06-24 10:19:42,5291.9,67113
2021-06-24 10:19:43,5291.9,67113
2021-06-24 10:19:44,5291.9,67113
2021-06-24 10:19:45,5291.9,67113
2021-06-24 10:19:45,5291.9,67113
2021-06-24 10:19:47,5291.9,67113
2021-06-24 10:19:48,5291.9,67113
2021-06-24 10:19:49,5291.9,67113
2021-06-24 10:19:49,5289.3,67263
2021-06-24 10:19:51,5289.3,67263
2021-06-24 10:19:53,5289.3,67263
2021-06-24 10:19:54,5289.3,67263
2021-06-24 10:19:55,5289.3,67263
2021-06-24 10:19:55,5289.3,67263
2021-06-24 10:19:56,5289.3,67263
2021-06-24 10:19:59,5289.3,67263
2021-06-24 10:20:01,5289.65,67264
2021-06-24 10:20:02,5289.65,67264
2021-06-24 10:20:03,5292.2,67287
2021-06-24 10:20:04,5292.2,67287
2021-06-24 10:20:05,5292.0,67289
2021-06-24 10:20:06,5292.0,67289
2021-06-24 10:20:07,5292.0,67289
2021-06-24 10:20:07,5292.0,67289
2021-06-24 10:20:09,5292.0,67289
2021-06-24 10:20:10,5292.0,67289
2021-06-24 10:20:11,5292.0,67289
2021-06-24 10:20:12,5292.0,67289
2021-06-24 10:20:13,5292.0,67289
2021-06-24 10:20:15,5292.95,67300
2021-06-24 10:20:16,5292.95,67300
2021-06-24 10:20:17,5292.95,67300
2021-06-24 10:20:18,5292.95,67300
2021-06-24 10:20:20,5293.0,67301
2021-06-24 10:20:21,5293.95,67337
2021-06-24 10:20:22,5293.95,67347
2021-06-24 10:20:23,5293.95,67347
2021-06-24 10:20:25,5293.95,67347
2021-06-24 10:20:26,5293.95,67365
2021-06-24 10:20:27,5293.95,67365
2021-06-24 10:20:28,5293.95,67365
2021-06-24 10:20:29,5292.5,67378
2021-06-24 10:20:30,5293.95,67388
2021-06-24 10:20:31,5292.5,67415
2021-06-24 10:20:33,5292.2,67461
2021-06-24 10:20:34,5292.2,67461
2021-06-24 10:20:35,5293.9,67464
2021-06-24 10:20:36,5293.9,67464
2021-06-24 10:20:37,5292.2,67470
2021-06-24 10:20:38,5294.3,67475
2021-06-24 10:20:39,5292.2,67493
2021-06-24 10:20:40,5294.3,67543
2021-06-24 10:20:41,5294.3,67543
2021-06-24 10:20:42,5294.45,67544
2021-06-24 10:20:43,5294.45,67544
2021-06-24 10:20:44,5294.45,67544
2021-06-24 10:20:45,5294.45,67544
2021-06-24 10:20:46,5294.45,67544
2021-06-24 10:20:47,5294.45,67544
2021-06-24 10:20:48,5294.45,67544
2021-06-24 10:20:49,5294.45,67544
2021-06-24 10:20:50,5294.0,67547
2021-06-24 10:20:51,5294.5,67552
2021-06-24 10:20:52,5294.5,67552
2021-06-24 10:20:53,5294.5,67552
2021-06-24 10:20:53,5292.15,67554
2021-06-24 10:20:54,5292.15,67554
2021-06-24 10:20:56,5294.25,67624
2021-06-24 10:20:57,5294.25,67624
2021-06-24 10:20:58,5294.25,67624
2021-06-24 10:20:59,5294.25,67624
2021-06-24 10:21:00,5294.25,67624
2021-06-24 10:21:01,5293.35,67625
2021-06-24 10:21:03,5293.4,67648
2021-06-24 10:21:02,5293.35,67625
2021-06-24 10:21:04,5293.4,67648
2021-06-24 10:21:05,5293.4,67648
2021-06-24 10:21:06,5292.15,67657
2021-06-24 10:21:07,5292.15,67657
2021-06-24 10:21:08,5292.15,67657
2021-06-24 10:21:09,5292.15,67657
2021-06-24 10:21:10,5292.15,67657
2021-06-24 10:21:11,5292.15,67662
2021-06-24 10:21:12,5292.15,67662
2021-06-24 10:21:12,5292.15,67662
2021-06-24 10:21:15,5292.15,67662
2021-06-24 10:21:16,5292.15,67662
2021-06-24 10:21:17,5292.15,67662
2021-06-24 10:21:18,5292.15,67758
2021-06-24 10:21:19,5292.15,67758
2021-06-24 10:21:21,5292.15,67758
2021-06-24 10:21:22,5292.15,67758
2021-06-24 10:21:23,5292.15,68043
2021-06-24 10:21:23,5292.15,68043
2021-06-24 10:21:25,5292.15,68043
2021-06-24 10:21:26,5293.5,68051
2021-06-24 10:21:27,5293.5,68051
2021-06-24 10:21:28,5294.9,68054
2021-06-24 10:21:29,5294.9,68054
2021-06-24 10:21:30,5294.9,68054
2021-06-24 10:21:31,5294.9,68054
2021-06-24 10:21:31,5294.9,68054
2021-06-24 10:21:32,5294.9,68054
2021-06-24 10:21:34,5294.8,68077
2021-06-24 10:21:35,5294.8,68077
2021-06-24 10:21:36,5294.8,68077
2021-06-24 10:21:37,5294.8,68077
2021-06-24 10:21:37,5294.8,68077
2021-06-24 10:21:39,5294.8,68077
2021-06-24 10:21:40,5293.3,68082
2021-06-24 10:21:41,5293.3,68082
2021-06-24 10:21:42,5293.3,68082
2021-06-24 10:21:43,5293.3,68082
2021-06-24 10:21:43,5293.3,68082
2021-06-24 10:21:44,5293.3,68082
2021-06-24 10:21:46,5293.3,68082
2021-06-24 10:21:47,5293.3,68082
2021-06-24 10:21:48,5293.3,68082
2021-06-24 10:21:49,5294.6,68097
2021-06-24 10:21:49,5294.6,68097
2021-06-24 10:21:50,5294.6,68097
2021-06-24 10:21:51,5294.6,68097
2021-06-24 10:21:54,5293.0,68102
2021-06-24 10:21:53,5293.0,68102
2021-06-24 10:21:55,5294.5,68122
2021-06-24 10:21:56,5294.5,68122
2021-06-24 10:21:57,5293.0,68142
2021-06-24 10:21:58,5293.0,68142
2021-06-24 10:21:59,5293.0,68142
2021-06-24 10:22:00,5294.5,68146
2021-06-24 10:22:01,5293.0,68147
2021-06-24 10:22:02,5293.0,68147
2021-06-24 10:22:03,5294.5,68170
2021-06-24 10:22:04,5294.5,68170
2021-06-24 10:22:07,5294.5,68170
2021-06-24 10:22:08,5294.5,68170
2021-06-24 10:22:09,5294.5,68170
2021-06-24 10:22:10,5294.5,68170
2021-06-24 10:22:11,5294.5,68170
2021-06-24 10:22:12,5294.5,68170
2021-06-24 10:22:13,5294.5,68170
2021-06-24 10:22:14,5293.1,68181
2021-06-24 10:22:15,5293.1,68181
2021-06-24 10:22:16,5293.1,68181
2021-06-24 10:22:17,5293.1,68181
2021-06-24 10:22:19,5293.1,68181
2021-06-24 10:22:20,5293.1,68181
2021-06-24 10:22:22,5294.5,68182
2021-06-24 10:22:23,5293.0,68186
2021-06-24 10:22:24,5293.0,68186
2021-06-24 10:22:25,5293.0,68186
2021-06-24 10:22:26,5293.0,68186
2021-06-24 10:22:27,5293.0,68186
2021-06-24 10:22:28,5293.0,68186
2021-06-24 10:22:29,5293.0,68186
2021-06-24 10:22:30,5293.0,68186
2021-06-24 10:22:31,5293.0,68186
2021-06-24 10:22:32,5293.0,68186
2021-06-24 10:22:33,5293.0,68186
2021-06-24 10:22:34,5293.0,68219
2021-06-24 10:22:35,5293.0,68219
2021-06-24 10:22:36,5293.0,68219
2021-06-24 10:22:37,5293.0,68219
2021-06-24 10:22:38,5293.0,68219
2021-06-24 10:22:39,5293.0,68219
2021-06-24 10:22:40,5293.0,68219
2021-06-24 10:22:41,5293.0,68219
2021-06-24 10:22:42,5293.0,68219
2021-06-24 10:22:44,5293.0,68219
2021-06-24 10:22:45,5293.0,68219
2021-06-24 10:22:46,5293.0,68219
2021-06-24 10:22:47,5293.0,68219
2021-06-24 10:22:48,5293.0,68219
2021-06-24 10:22:49,5294.5,68244
2021-06-24 10:22:50,5294.5,68244
2021-06-24 10:22:51,5294.5,68244
2021-06-24 10:22:52,5294.5,68244
2021-06-24 10:22:53,5294.5,68244
2021-06-24 10:22:54,5294.5,68244
2021-06-24 10:22:55,5294.5,68244
2021-06-24 10:22:56,5294.5,68244
2021-06-24 10:22:57,5293.05,68245
2021-06-24 10:22:58,5294.5,68246
2021-06-24 10:22:59,5294.5,68246
2021-06-24 10:23:00,5294.5,68246
2021-06-24 10:23:01,5294.5,68246
2021-06-24 10:23:02,5294.5,68246
2021-06-24 10:23:03,5294.5,68246
2021-06-24 10:23:04,5294.7,68596
2021-06-24 10:23:05,5294.7,68608
2021-06-24 10:23:06,5293.0,68647
2021-06-24 10:23:07,5293.0,68647
2021-06-24 10:23:08,5293.0,68647
2021-06-24 10:23:09,5293.0,68647
2021-06-24 10:23:10,5293.0,68647
2021-06-24 10:23:11,5293.0,68647
2021-06-24 10:23:12,5293.0,68648
2021-06-24 10:23:13,5293.0,68648
2021-06-24 10:23:15,5293.0,68648
2021-06-24 10:23:16,5293.0,68648
2021-06-24 10:23:17,5293.0,68648
2021-06-24 10:23:18,5293.0,68648
2021-06-24 10:23:19,5293.0,68648
2021-06-24 10:23:20,5293.0,68648
2021-06-24 10:23:21,5293.0,68648
2021-06-24 10:23:22,5293.0,68648
2021-06-24 10:23:23,5293.0,68648
2021-06-24 10:23:25,5294.5,68650
2021-06-24 10:23:26,5294.5,68650
2021-06-24 10:23:27,5294.5,68650
2021-06-24 10:23:28,5294.5,68650
2021-06-24 10:23:29,5294.5,68650
2021-06-24 10:23:30,5294.5,68650
2021-06-24 10:23:31,5294.5,68650
2021-06-24 10:23:32,5294.5,68650
2021-06-24 10:23:33,5294.35,68673
2021-06-24 10:23:34,5294.35,68673
2021-06-24 10:23:35,5294.35,68673
2021-06-24 10:23:36,5294.35,68673
2021-06-24 10:23:37,5294.35,68673
2021-06-24 10:23:38,5294.35,68673
2021-06-24 10:23:39,5294.35,68673
2021-06-24 10:23:40,5294.35,68673
2021-06-24 10:23:41,5294.35,68673
2021-06-24 10:23:42,5294.35,68673
2021-06-24 10:23:43,5294.35,68673
2021-06-24 10:23:44,5294.35,68673
2021-06-24 10:23:45,5294.35,68673
2021-06-24 10:23:46,5294.35,68673
2021-06-24 10:23:47,5294.35,68673
2021-06-24 10:23:48,5294.35,68673
2021-06-24 10:23:49,5294.35,68673
2021-06-24 10:23:50,5294.5,68723
2021-06-24 10:23:51,5294.5,68723
2021-06-24 10:23:52,5294.5,68723
2021-06-24 10:23:53,5294.5,68723
2021-06-24 10:23:55,5294.5,68723
2021-06-24 10:23:54,5294.5,68723
2021-06-24 10:23:56,5293.6,68749
2021-06-24 10:23:57,5293.6,68749
2021-06-24 10:23:58,5293.6,68749
2021-06-24 10:23:59,5293.6,68749
2021-06-24 10:24:01,5293.6,68749
2021-06-24 10:24:00,5293.6,68749
2021-06-24 10:24:02,5293.6,68749
2021-06-24 10:24:03,5294.5,68772
2021-06-24 10:24:04,5294.5,68772
2021-06-24 10:24:05,5294.5,68772
2021-06-24 10:24:06,5294.5,68772
2021-06-24 10:24:07,5294.5,68772
2021-06-24 10:24:08,5294.5,68772
2021-06-24 10:24:09,5294.5,68772
2021-06-24 10:24:10,5294.5,68772
2021-06-24 10:24:11,5294.5,68772
2021-06-24 10:24:12,5294.5,68772
2021-06-24 10:24:13,5294.5,68772
2021-06-24 10:24:14,5294.5,68772
2021-06-24 10:24:15,5294.5,68772
2021-06-24 10:24:16,5294.5,68806
2021-06-24 10:24:17,5294.5,68806
2021-06-24 10:24:18,5295.0,68866
2021-06-24 10:24:19,5295.0,68866
2021-06-24 10:24:21,5295.0,68866
2021-06-24 10:24:21,5295.0,68866
2021-06-24 10:24:23,5295.0,68866
2021-06-24 10:24:26,5295.0,68866
2021-06-24 10:24:27,5295.0,68866
2021-06-24 10:24:28,5295.0,68866
2021-06-24 10:24:29,5295.0,68878
2021-06-24 10:24:30,5295.0,68878
2021-06-24 10:24:31,5295.0,68878
2021-06-24 10:24:32,5295.0,68878
2021-06-24 10:24:33,5295.0,69119
2021-06-24 10:24:34,5295.0,69167
2021-06-24 10:24:36,5295.0,69167
2021-06-24 10:24:36,5295.0,69266
2021-06-24 10:24:37,5295.0,69266
2021-06-24 10:24:39,5295.0,69266
2021-06-24 10:24:40,5295.0,69266
2021-06-24 10:24:41,5295.0,69266
2021-06-24 10:24:42,5295.0,69266
2021-06-24 10:24:43,5295.0,69266
2021-06-24 10:24:44,5295.0,69266
2021-06-24 10:24:45,5295.0,69266
2021-06-24 10:24:46,5295.0,69266
2021-06-24 10:24:47,5295.0,69266
2021-06-24 10:24:48,5295.0,69266
2021-06-24 10:24:49,5295.0,69266
2021-06-24 10:24:50,5295.0,69266
2021-06-24 10:24:51,5295.0,69266
2021-06-24 10:24:52,5295.8,69268
2021-06-24 10:24:53,5295.8,69268
2021-06-24 10:24:54,5295.8,69268
2021-06-24 10:24:55,5295.8,69268
2021-06-24 10:24:56,5295.8,69268
2021-06-24 10:24:57,5295.8,69268
2021-06-24 10:24:58,5295.8,69268
2021-06-24 10:24:59,5293.65,69272
2021-06-24 10:25:00,5293.65,69282
2021-06-24 10:25:01,5293.65,69283
2021-06-24 10:25:02,5293.65,69283
2021-06-24 10:25:04,5295.8,69306
2021-06-24 10:25:04,5295.8,69306
2021-06-24 10:25:06,5295.8,69306
2021-06-24 10:25:06,5295.8,69306
2021-06-24 10:25:07,5295.8,69306
2021-06-24 10:25:09,5295.35,69681
2021-06-24 10:25:10,5295.35,69681
2021-06-24 10:25:11,5295.35,69681
2021-06-24 10:25:13,5295.35,69681
2021-06-24 10:25:13,5295.35,69681
2021-06-24 10:25:14,5295.35,69681
2021-06-24 10:25:15,5295.35,69681
2021-06-24 10:25:16,5295.35,69681
2021-06-24 10:25:17,5295.35,69681
2021-06-24 10:25:18,5295.35,69681
2021-06-24 10:25:19,5295.35,69681
2021-06-24 10:25:20,5295.35,69681
2021-06-24 10:25:21,5295.35,69681
2021-06-24 10:25:22,5295.35,69681
2021-06-24 10:25:23,5295.35,69681
2021-06-24 10:25:24,5295.0,69729
2021-06-24 10:25:25,5295.0,69729
2021-06-24 10:25:26,5295.0,69729
2021-06-24 10:25:27,5295.0,69729
2021-06-24 10:25:28,5294.75,69759
2021-06-24 10:25:29,5294.75,69759
2021-06-24 10:25:30,5294.75,69759
2021-06-24 10:25:32,5295.2,69781
2021-06-24 10:25:31,5295.2,69781
2021-06-24 10:25:33,5295.35,69827
2021-06-24 10:25:34,5295.35,69827
2021-06-24 10:25:35,5293.05,69828
2021-06-24 10:25:36,5293.05,69828
2021-06-24 10:25:37,5293.05,69828
2021-06-24 10:25:39,5293.05,69828
2021-06-24 10:25:39,5293.0,69838
2021-06-24 10:25:41,5293.0,69838
2021-06-24 10:25:41,5293.0,69838
2021-06-24 10:25:42,5293.0,69838
2021-06-24 10:25:43,5293.0,69841
2021-06-24 10:25:44,5293.0,69841
2021-06-24 10:25:45,5293.0,69842
2021-06-24 10:25:46,5293.0,69907
2021-06-24 10:25:47,5293.0,69907
2021-06-24 10:25:48,5293.0,69907
2021-06-24 10:25:49,5293.0,69912
2021-06-24 10:25:51,5293.0,69912
2021-06-24 10:25:51,5293.0,69912
2021-06-24 10:25:53,5294.35,69914
2021-06-24 10:25:53,5293.0,69912
2021-06-24 10:25:54,5294.35,69914
2021-06-24 10:25:57,5294.35,69933
2021-06-24 10:25:57,5294.35,69914
2021-06-24 10:25:58,5294.35,69933
2021-06-24 10:25:59,5293.0,69936
2021-06-24 10:26:00,5293.0,69936
2021-06-24 10:26:02,5293.0,69943
2021-06-24 10:26:03,5295.75,70076
2021-06-24 10:26:05,5295.75,70076
2021-06-24 10:26:06,5295.75,70076
2021-06-24 10:26:07,5295.75,70076
2021-06-24 10:26:08,5293.0,70126
2021-06-24 10:26:10,5293.7,70127
2021-06-24 10:26:10,5293.7,70127
2021-06-24 10:26:11,5293.95,70132
2021-06-24 10:26:12,5292.45,70133
2021-06-24 10:26:13,5292.45,70133
2021-06-24 10:26:14,5292.45,70133
2021-06-24 10:26:15,5292.45,70133
2021-06-24 10:26:16,5293.95,70134
2021-06-24 10:26:17,5293.95,70134
2021-06-24 10:26:19,5292.45,70148
2021-06-24 10:26:19,5292.45,70148
2021-06-24 10:26:21,5292.45,70148
2021-06-24 10:26:22,5292.45,70148
2021-06-24 10:26:23,5292.45,70148
2021-06-24 10:26:24,5292.45,70148
2021-06-24 10:26:25,5292.0,70222
2021-06-24 10:26:25,5291.95,70195
2021-06-24 10:26:26,5292.0,70222
2021-06-24 10:26:27,5293.3,70225
2021-06-24 10:26:28,5293.3,70225
2021-06-24 10:26:29,5293.3,70225
2021-06-24 10:26:31,5293.3,70225
2021-06-24 10:26:32,5293.3,70225
2021-06-24 10:26:33,5293.5,70246
2021-06-24 10:26:34,5293.75,70269
2021-06-24 10:26:34,5293.75,70269
2021-06-24 10:26:35,5293.75,70269
2021-06-24 10:26:36,5293.75,70269
2021-06-24 10:26:37,5293.75,70269
2021-06-24 10:26:38,5293.75,70269
2021-06-24 10:26:39,5293.75,70269
2021-06-24 10:26:40,5293.75,70269
2021-06-24 10:26:41,5293.75,70269
2021-06-24 10:26:42,5293.75,70269
2021-06-24 10:26:43,5293.75,70269
2021-06-24 10:26:44,5293.75,70269
2021-06-24 10:26:45,5293.75,70269
2021-06-24 10:26:46,5293.75,70269
2021-06-24 10:26:47,5293.75,70269
2021-06-24 10:26:48,5293.75,70269
2021-06-24 10:26:49,5293.75,70269
2021-06-24 10:26:51,5292.5,70280
2021-06-24 10:26:52,5292.5,70280
2021-06-24 10:26:53,5292.5,70280
2021-06-24 10:26:54,5292.5,70280
2021-06-24 10:26:55,5292.5,70280
2021-06-24 10:26:57,5292.5,70280
2021-06-24 10:26:58,5292.5,70280
2021-06-24 10:26:59,5292.5,70280
2021-06-24 10:27:00,5290.05,70415
2021-06-24 10:27:01,5290.05,70415
2021-06-24 10:27:02,5290.05,70415
2021-06-24 10:27:03,5293.1,70439
2021-06-24 10:27:06,5293.1,70439
2021-06-24 10:27:07,5293.1,70439
2021-06-24 10:27:08,5293.1,70439
2021-06-24 10:27:08,5293.1,70439
2021-06-24 10:27:09,5293.1,70439
2021-06-24 10:27:10,5293.1,70439
2021-06-24 10:27:11,5293.1,70439
2021-06-24 10:27:12,5292.05,70441
2021-06-24 10:27:13,5292.15,70442
2021-06-24 10:27:15,5292.15,70442
2021-06-24 10:27:16,5292.15,70442
2021-06-24 10:27:17,5292.6,70443
2021-06-24 10:27:17,5292.6,70443
2021-06-24 10:27:18,5292.6,70443
2021-06-24 10:27:19,5288.75,70519
2021-06-24 10:27:21,5288.75,70519
2021-06-24 10:27:22,5288.75,70519
2021-06-24 10:27:23,5288.75,70519
2021-06-24 10:27:24,5288.75,70519
2021-06-24 10:27:25,5286.0,71226
2021-06-24 10:27:26,5286.0,71226
2021-06-24 10:27:27,5286.0,71226
2021-06-24 10:27:29,5286.65,71227
2021-06-24 10:27:30,5289.95,71258
2021-06-24 10:27:31,5289.95,71258
2021-06-24 10:27:32,5289.95,71258
2021-06-24 10:27:33,5291.8,71281
2021-06-24 10:27:33,5291.8,71281
2021-06-24 10:27:34,5291.8,71281
2021-06-24 10:27:35,5291.8,71281
2021-06-24 10:27:36,5291.8,71281
2021-06-24 10:27:37,5291.8,71281
2021-06-24 10:27:38,5291.8,71283
2021-06-24 10:27:40,5291.8,71283
2021-06-24 10:27:41,5291.8,71283
2021-06-24 10:27:42,5291.8,71283
2021-06-24 10:27:42,5288.35,71640
2021-06-24 10:27:43,5288.35,71640
2021-06-24 10:27:44,5288.35,71640
2021-06-24 10:27:45,5288.35,71640
2021-06-24 10:27:46,5288.35,71640
2021-06-24 10:27:48,5286.0,71670
2021-06-24 10:27:49,5284.45,71737
2021-06-24 10:27:49,5284.45,71737
2021-06-24 10:27:50,5284.45,71737
2021-06-24 10:27:51,5284.55,71787
2021-06-24 10:27:52,5284.55,71787
2021-06-24 10:27:53,5284.45,71797
2021-06-24 10:27:55,5283.0,71898
2021-06-24 10:27:56,5283.0,71898
2021-06-24 10:27:57,5283.0,71898
2021-06-24 10:27:58,5283.15,71998
2021-06-24 10:27:58,5283.15,71998
2021-06-24 10:27:59,5283.15,71998
2021-06-24 10:28:00,5281.55,72054
2021-06-24 10:28:02,5283.7,72095
2021-06-24 10:28:03,5283.85,72179
2021-06-24 10:28:04,5285.0,72207
2021-06-24 10:28:05,5285.0,72207
2021-06-24 10:28:06,5285.0,72207
2021-06-24 10:28:06,5285.0,72207
2021-06-24 10:28:07,5285.0,72207
2021-06-24 10:28:08,5285.0,72207
2021-06-24 10:28:10,5285.0,72207
2021-06-24 10:28:11,5285.75,72236
2021-06-24 10:28:11,5285.75,72236
2021-06-24 10:28:12,5285.75,72236
2021-06-24 10:28:14,5285.75,72236
2021-06-24 10:28:15,5287.6,72239
2021-06-24 10:28:17,5287.6,72239
2021-06-24 10:28:18,5285.75,72240
2021-06-24 10:28:18,5285.75,72240
2021-06-24 10:28:19,5285.7,72290
2021-06-24 10:28:20,5285.7,72290
2021-06-24 10:28:22,5285.7,72290
2021-06-24 10:28:23,5285.7,72290
2021-06-24 10:28:24,5285.55,72292
2021-06-24 10:28:24,5285.55,72292
2021-06-24 10:28:25,5284.6,72317
2021-06-24 10:28:26,5284.6,72317
2021-06-24 10:28:27,5284.6,72326
2021-06-24 10:28:28,5284.6,72326
2021-06-24 10:28:29,5284.6,72326
2021-06-24 10:28:30,5284.6,72326
2021-06-24 10:28:32,5284.6,72326
2021-06-24 10:28:33,5288.05,72352
2021-06-24 10:28:33,5288.05,72352
2021-06-24 10:28:34,5288.05,72352
2021-06-24 10:28:36,5288.05,72352
2021-06-24 10:28:37,5285.15,72353
2021-06-24 10:28:38,5285.15,72353
2021-06-24 10:28:38,5285.15,72353
2021-06-24 10:28:39,5285.15,72353
2021-06-24 10:28:40,5287.95,72354
2021-06-24 10:28:43,5284.8,72404
2021-06-24 10:28:44,5286.45,72426
2021-06-24 10:28:45,5283.35,72448
2021-06-24 10:28:46,5283.35,72448
2021-06-24 10:28:46,5284.65,72449
2021-06-24 10:28:47,5284.65,72449
2021-06-24 10:28:48,5284.65,72449
2021-06-24 10:28:49,5284.4,72450
2021-06-24 10:28:50,5284.4,72450
2021-06-24 10:28:52,5286.4,72471
2021-06-24 10:28:53,5286.4,72471
2021-06-24 10:28:54,5286.4,72471
2021-06-24 10:28:55,5286.4,72471
2021-06-24 10:28:56,5286.4,72471
2021-06-24 10:28:57,5286.4,72471
2021-06-24 10:28:57,5286.4,72471
2021-06-24 10:28:58,5283.75,72474
2021-06-24 10:28:59,5283.75,72474
2021-06-24 10:29:01,5283.75,72474
2021-06-24 10:29:02,5283.75,72474
2021-06-24 10:29:03,5283.75,72474
2021-06-24 10:29:04,5286.1,72497
2021-06-24 10:29:05,5286.1,72497
2021-06-24 10:29:06,5286.1,72497
2021-06-24 10:29:06,5286.1,72497
2021-06-24 10:29:07,5286.1,72497
2021-06-24 10:29:08,5286.1,72497
2021-06-24 10:29:10,5286.1,72497
2021-06-24 10:29:11,5284.45,72498
2021-06-24 10:29:12,5284.45,72498
2021-06-24 10:29:13,5284.45,72498
2021-06-24 10:29:14,5284.45,72498
2021-06-24 10:29:16,5284.45,72498
2021-06-24 10:29:17,5284.45,72498
2021-06-24 10:29:18,5284.45,72498
2021-06-24 10:29:19,5284.45,72498
2021-06-24 10:29:20,5284.45,72498
2021-06-24 10:29:22,5286.2,72511
