timestamp,ltp,volume
2021-06-24 09:35:53,1496.2,64002
2021-06-24 09:35:55,1496.2,64047
2021-06-24 09:35:56,1496.2,64073
2021-06-24 09:35:58,1497.15,64075
2021-06-24 09:35:59,1497.15,64075
2021-06-24 09:36:00,1497.15,64075
2021-06-24 09:36:01,1497.15,64075
2021-06-24 09:36:02,1497.15,64075
2021-06-24 09:36:03,1497.15,64075
2021-06-24 09:36:04,1496.2,64375
2021-06-24 09:36:05,1496.2,64375
2021-06-24 09:36:06,1496.3,64405
2021-06-24 09:36:07,1496.45,64443
2021-06-24 09:36:08,1496.45,64443
2021-06-24 09:36:08,1496.45,64443
2021-06-24 09:36:09,1496.45,64443
2021-06-24 09:36:10,1496.45,64443
2021-06-24 09:36:11,1496.45,64443
2021-06-24 09:36:12,1496.45,64443
2021-06-24 09:36:13,1496.45,64443
2021-06-24 09:36:14,1496.45,64443
2021-06-24 09:36:15,1496.45,64443
2021-06-24 09:36:16,1497.3,64634
2021-06-24 09:36:17,1497.3,64634
2021-06-24 09:36:19,1497.3,64634
2021-06-24 09:36:21,1496.35,64662
2021-06-24 09:36:22,1496.5,64762
2021-06-24 09:36:23,1497.3,64763
2021-06-24 09:36:24,1497.3,64763
2021-06-24 09:36:24,1496.55,64769
2021-06-24 09:36:25,1496.5,64869
2021-06-24 09:36:27,1496.5,64869
2021-06-24 09:36:27,1496.5,64895
2021-06-24 09:36:28,1496.5,64895
2021-06-24 09:36:29,1496.5,64895
2021-06-24 09:36:30,1496.5,64895
2021-06-24 09:36:32,1496.5,65295
2021-06-24 09:36:33,1496.5,65341
2021-06-24 09:36:35,1496.5,65417
2021-06-24 09:36:36,1496.5,65417
2021-06-24 09:36:37,1496.5,65417
2021-06-24 09:36:37,1496.5,65417
2021-06-24 09:36:38,1496.35,65428
2021-06-24 09:36:39,1496.35,65428
2021-06-24 09:36:41,1497.3,65477
2021-06-24 09:36:42,1496.35,65519
2021-06-24 09:36:43,1496.35,65519
2021-06-24 09:36:43,1496.35,65519
2021-06-24 09:36:44,1496.35,65519
2021-06-24 09:36:46,1497.0,65530
2021-06-24 09:36:49,1497.1,65580
2021-06-24 09:36:55,1496.45,65615
2021-06-24 09:36:58,1496.45,65615
2021-06-24 09:37:01,1496.45,65615
2021-06-24 09:37:04,1496.3,65633
2021-06-24 09:37:07,1496.3,65633
2021-06-24 09:37:09,1496.3,65633
2021-06-24 09:37:12,1496.0,66036
2021-06-24 09:37:15,1495.6,66037
2021-06-24 09:37:18,1495.6,66037
2021-06-24 09:37:21,1495.6,66037
2021-06-24 09:37:27,1496.45,66175
2021-06-24 09:37:30,1496.05,66192
2021-06-24 09:37:33,1496.05,66192
2021-06-24 09:37:36,1496.05,66192
2021-06-24 09:37:39,1496.05,66192
2021-06-24 09:37:42,1496.05,66192
2021-06-24 09:37:45,1496.05,66192
2021-06-24 09:37:48,1496.4,66217
2021-06-24 09:37:50,1497.3,66346
2021-06-24 09:37:53,1497.3,66346
2021-06-24 09:37:56,1498.0,66347
2021-06-24 09:37:58,1498.0,66347
2021-06-24 09:38:01,1498.0,66347
2021-06-24 09:38:04,1498.0,66484
2021-06-24 09:38:07,1498.0,66484
2021-06-24 09:38:11,1498.0,66484
2021-06-24 09:38:14,1498.3,66502
2021-06-24 09:38:17,1498.3,66502
2021-06-24 09:38:20,1498.85,67166
2021-06-24 09:38:22,1498.3,67167
2021-06-24 09:38:25,1499.1,67399
2021-06-24 09:38:28,1499.1,67399
2021-06-24 09:38:31,1499.1,67493
2021-06-24 09:38:33,1499.1,67499
2021-06-24 09:38:36,1499.1,67499
2021-06-24 09:38:39,1499.1,67516
2021-06-24 09:38:42,1499.1,67516
2021-06-24 09:38:45,1499.1,67517
2021-06-24 09:38:49,1499.1,68217
2021-06-24 09:38:52,1498.05,68267
2021-06-24 09:38:54,1498.05,68267
2021-06-24 09:38:57,1498.05,68317
2021-06-24 09:39:03,1498.8,68422
2021-06-24 09:39:06,1498.05,68439
2021-06-24 09:39:09,1498.0,68444
2021-06-24 09:39:11,1498.0,68445
2021-06-24 09:39:14,1498.0,68462
2021-06-24 09:39:17,1498.0,68462
2021-06-24 09:39:20,1498.0,68462
2021-06-24 09:39:22,1498.0,68462
2021-06-24 09:39:25,1498.0,68467
2021-06-24 09:39:27,1498.0,68467
2021-06-24 09:39:30,1498.0,68467
2021-06-24 09:39:33,1498.3,68534
2021-06-24 09:39:38,1499.4,68584
2021-06-24 09:39:40,1499.3,68634
2021-06-24 09:39:42,1499.3,68634
2021-06-24 09:39:45,1499.3,68634
2021-06-24 09:39:48,1499.3,68634
2021-06-24 09:39:50,1499.3,68634
2021-06-24 09:39:53,1499.3,68634
2021-06-24 09:39:56,1499.3,68634
2021-06-24 09:39:58,1498.4,68825
2021-06-24 09:40:01,1498.7,68885
2021-06-24 09:40:04,1498.7,68885
2021-06-24 09:40:08,1498.7,68885
2021-06-24 09:40:11,1498.7,68885
2021-06-24 09:40:14,1498.7,68885
2021-06-24 09:40:17,1498.7,68885
2021-06-24 09:40:20,1498.7,68885
2021-06-24 09:40:23,1498.7,68902
2021-06-24 09:40:26,1499.0,68903
2021-06-24 09:40:29,1499.7,69378
2021-06-24 09:40:32,1498.75,69395
2021-06-24 09:40:35,1498.75,69395
2021-06-24 09:40:38,1498.75,69395
2021-06-24 09:40:41,1498.75,69395
2021-06-24 09:40:44,1498.75,69395
2021-06-24 09:40:49,1499.55,69400
2021-06-24 09:40:52,1499.55,69400
2021-06-24 09:40:55,1499.55,69400
2021-06-24 09:40:57,1499.55,69400
2021-06-24 09:41:00,1499.55,69400
2021-06-24 09:41:03,1499.55,69440
2021-06-24 09:41:06,1499.55,69440
2021-06-24 09:41:09,1499.55,69440
2021-06-24 09:41:12,1499.55,69440
2021-06-24 09:41:15,1500.0,70525
2021-06-24 09:41:18,1499.0,70597
2021-06-24 09:41:20,1499.0,70597
2021-06-24 09:41:23,1498.8,70674
2021-06-24 09:41:26,1499.0,70724
2021-06-24 09:41:29,1498.8,70727
2021-06-24 09:41:32,1498.75,70772
2021-06-24 09:41:34,1498.75,70772
2021-06-24 09:41:37,1498.75,70772
2021-06-24 09:41:40,1498.75,70772
2021-06-24 09:41:42,1498.6,72539
2021-06-24 09:41:45,1498.6,72539
2021-06-24 09:41:48,1496.45,73089
2021-06-24 09:41:50,1497.6,73242
2021-06-24 09:41:56,1496.65,73247
2021-06-24 09:41:58,1497.55,73347
2021-06-24 09:42:01,1497.55,73347
2021-06-24 09:42:04,1497.55,73373
2021-06-24 09:42:07,1496.7,73400
2021-06-24 09:42:10,1497.55,73475
2021-06-24 09:42:13,1497.55,73476
2021-06-24 09:42:16,1497.55,73476
2021-06-24 09:42:19,1497.55,73510
2021-06-24 09:42:22,1497.55,73510
2021-06-24 09:42:25,1497.55,73510
2021-06-24 09:42:28,1497.55,73510
2021-06-24 09:42:33,1497.9,73511
2021-06-24 09:42:36,1496.95,73528
2021-06-24 09:42:39,1497.85,73628
2021-06-24 09:42:42,1497.05,73636
2021-06-24 09:42:44,1497.05,73636
2021-06-24 09:42:47,1497.05,73636
2021-06-24 09:42:50,1497.9,73638
2021-06-24 09:42:53,1497.9,73638
2021-06-24 09:42:55,1497.9,73638
2021-06-24 09:43:00,1498.25,73723
2021-06-24 09:43:03,1498.25,73723
2021-06-24 09:43:06,1497.9,73726
2021-06-24 09:43:08,1498.2,73773
2021-06-24 09:43:11,1498.35,73799
2021-06-24 09:43:14,1498.35,73799
2021-06-24 09:43:16,1498.35,73799
2021-06-24 09:43:19,1499.0,73803
2021-06-24 09:43:22,1499.0,73803
2021-06-24 09:43:25,1499.0,73803
2021-06-24 09:43:28,1498.3,73808
2021-06-24 09:43:30,1499.0,73908
2021-06-24 09:43:33,1499.0,73908
2021-06-24 09:43:36,1499.0,73908
2021-06-24 09:43:38,1499.0,73908
2021-06-24 09:43:41,1499.0,73908
2021-06-24 09:43:43,1498.3,73958
2021-06-24 09:43:46,1497.95,74025
2021-06-24 09:43:49,1497.95,74025
2021-06-24 09:43:52,1497.95,74031
2021-06-24 09:43:54,1497.95,74031
2021-06-24 09:43:57,1498.05,74068
2021-06-24 09:44:00,1498.05,74068
2021-06-24 09:44:02,1498.05,74068
2021-06-24 09:44:05,1498.0,74100
2021-06-24 09:44:08,1498.0,74100
2021-06-24 09:44:11,1498.0,74115
2021-06-24 09:44:14,1498.0,74115
2021-06-24 09:44:16,1499.0,74610
2021-06-24 09:44:19,1499.0,74610
2021-06-24 09:44:22,1498.1,74673
2021-06-24 09:44:24,1498.05,74720
2021-06-24 09:44:27,1498.05,74744
2021-06-24 09:44:30,1498.05,75363
2021-06-24 09:44:33,1497.6,75437
2021-06-24 09:44:36,1497.6,75479
2021-06-24 09:44:39,1497.6,75479
2021-06-24 09:44:42,1498.05,75505
2021-06-24 09:44:45,1498.05,75505
2021-06-24 09:44:48,1497.75,75522
2021-06-24 09:44:51,1497.75,75522
2021-06-24 09:44:56,1497.75,75576
2021-06-24 09:44:58,1497.75,75576
2021-06-24 09:45:01,1497.75,75576
2021-06-24 09:45:04,1499.0,75976
2021-06-24 09:45:07,1498.0,76018
2021-06-24 09:45:10,1497.95,76060
2021-06-24 09:45:12,1498.1,77085
2021-06-24 09:45:15,1498.1,77155
2021-06-24 09:45:18,1498.1,77155
2021-06-24 09:45:20,1497.85,77203
2021-06-24 09:45:26,1498.75,77255
2021-06-24 09:45:28,1498.75,77255
2021-06-24 09:45:31,1498.35,77256
2021-06-24 09:45:34,1497.8,77356
2021-06-24 09:45:37,1497.95,77417
2021-06-24 09:45:40,1497.95,77418
2021-06-24 09:45:42,1499.0,80670
2021-06-24 09:45:45,1498.65,80787
2021-06-24 09:45:47,1498.6,80835
2021-06-24 09:45:50,1498.4,81504
2021-06-24 09:45:53,1497.9,81524
2021-06-24 09:45:56,1497.6,81621
2021-06-24 09:45:59,1498.65,81704
2021-06-24 09:46:02,1498.65,81704
2021-06-24 09:46:04,1498.65,81704
2021-06-24 09:46:07,1498.65,81724
2021-06-24 09:46:10,1498.65,81724
2021-06-24 09:46:13,1498.0,81741
2021-06-24 09:46:16,1497.95,81747
2021-06-24 09:46:19,1498.65,81854
2021-06-24 09:46:22,1498.0,81878
2021-06-24 09:46:24,1497.95,81890
2021-06-24 09:46:27,1497.95,81890
2021-06-24 09:46:29,1497.95,81890
2021-06-24 09:46:32,1497.95,81897
2021-06-24 09:46:35,1497.7,82023
2021-06-24 09:46:37,1497.95,82498
2021-06-24 09:46:40,1497.6,82562
2021-06-24 09:46:42,1497.6,82562
2021-06-24 09:46:45,1497.6,82599
2021-06-24 09:46:48,1497.6,82599
2021-06-24 09:46:51,1497.55,82702
2021-06-24 09:46:53,1497.15,82728
2021-06-24 09:46:57,1495.85,84680
2021-06-24 09:47:01,1495.8,84918
2021-06-24 09:47:04,1495.7,84987
2021-06-24 09:47:07,1494.8,85633
2021-06-24 09:47:13,1494.75,85653
2021-06-24 09:47:16,1495.0,85658
2021-06-24 09:47:19,1495.35,85855
2021-06-24 09:47:22,1495.45,85861
2021-06-24 09:47:25,1494.8,85868
2021-06-24 09:47:28,1494.8,85868
2021-06-24 09:47:31,1494.8,85868
2021-06-24 09:47:34,1494.8,85868
2021-06-24 09:47:37,1494.8,85868
2021-06-24 09:47:40,1494.75,85935
2021-06-24 09:47:42,1494.75,85935
2021-06-24 09:47:45,1494.75,85967
2021-06-24 09:47:48,1494.75,85967
2021-06-24 09:47:51,1494.5,86191
2021-06-24 09:47:53,1494.5,86191
2021-06-24 09:47:56,1493.75,86400
2021-06-24 09:48:00,1493.55,86418
2021-06-24 09:48:03,1493.75,87523
2021-06-24 09:48:06,1493.75,87523
2021-06-24 09:48:12,1495.85,87955
2021-06-24 09:48:16,1495.5,88032
2021-06-24 09:48:19,1495.5,88032
2021-06-24 09:48:21,1495.5,88032
2021-06-24 09:48:24,1495.85,88532
2021-06-24 09:48:27,1495.85,88532
2021-06-24 09:48:30,1495.85,88532
2021-06-24 09:48:33,1495.5,88549
2021-06-24 09:48:36,1495.85,88579
2021-06-24 09:48:38,1495.85,88729
2021-06-24 09:48:41,1495.85,88729
2021-06-24 09:48:44,1495.85,88729
2021-06-24 09:48:47,1495.85,88729
2021-06-24 09:48:49,1495.75,88730
2021-06-24 09:48:52,1496.5,89249
2021-06-24 09:48:59,1496.5,89249
2021-06-24 09:49:01,1496.5,89249
2021-06-24 09:49:04,1496.4,89312
2021-06-24 09:49:07,1496.4,89374
2021-06-24 09:49:09,1496.4,89374
2021-06-24 09:49:12,1496.4,89374
2021-06-24 09:49:15,1496.4,89374
2021-06-24 09:49:17,1496.4,89374
2021-06-24 09:49:20,1495.5,89378
2021-06-24 09:49:23,1495.5,89378
2021-06-24 09:49:26,1495.5,89378
2021-06-24 09:49:29,1495.65,89416
2021-06-24 09:49:32,1495.65,89416
2021-06-24 09:49:35,1495.65,89416
2021-06-24 09:49:38,1496.1,89531
2021-06-24 09:49:41,1495.55,89681
2021-06-24 09:49:44,1495.25,89682
2021-06-24 09:49:47,1495.0,89832
2021-06-24 09:49:50,1495.5,89872
2021-06-24 09:49:53,1495.5,89872
2021-06-24 09:49:56,1495.0,89891
2021-06-24 09:49:59,1495.0,89891
2021-06-24 09:50:02,1495.0,89891
2021-06-24 09:50:05,1495.0,89891
2021-06-24 09:50:08,1495.0,89891
2021-06-24 09:50:11,1495.5,89900
2021-06-24 09:50:14,1495.0,89939
2021-06-24 09:50:17,1495.0,89999
2021-06-24 09:50:20,1495.0,90099
2021-06-24 09:50:23,1495.0,90099
2021-06-24 09:50:26,1495.0,90099
2021-06-24 09:50:29,1495.0,90099
2021-06-24 09:50:32,1495.0,90099
2021-06-24 09:50:36,1496.3,90574
2021-06-24 09:50:38,1495.65,90607
2021-06-24 09:50:41,1495.0,92701
2021-06-24 09:50:45,1495.0,92701
2021-06-24 09:50:48,1494.0,92756
2021-06-24 09:50:51,1493.75,92856
2021-06-24 09:50:54,1493.45,92994
2021-06-24 09:50:57,1493.15,93035
2021-06-24 09:50:59,1493.15,93057
2021-06-24 09:51:02,1494.25,93068
2021-06-24 09:51:05,1493.35,93069
2021-06-24 09:51:08,1493.05,93279
2021-06-24 09:51:11,1493.0,93319
2021-06-24 09:51:17,1492.85,93422
2021-06-24 09:51:20,1492.85,93422
2021-06-24 09:51:23,1492.85,93422
2021-06-24 09:51:26,1493.7,93522
2021-06-24 09:51:29,1493.7,93522
2021-06-24 09:51:31,1493.7,93522
2021-06-24 09:51:34,1493.7,93522
2021-06-24 09:51:37,1493.7,93522
2021-06-24 09:51:39,1492.85,93722
2021-06-24 09:51:42,1492.85,93723
2021-06-24 09:51:45,1492.85,93758
2021-06-24 09:51:46,1492.85,93775
2021-06-24 09:51:47,1492.85,93775
2021-06-24 09:51:48,1492.85,93775
2021-06-24 09:51:49,1492.85,93775
2021-06-24 09:51:50,1492.85,93775
2021-06-24 09:51:51,1492.85,93775
2021-06-24 09:51:52,1492.85,93792
2021-06-24 09:51:53,1492.85,93792
2021-06-24 09:51:54,1492.85,93872
2021-06-24 09:51:55,1493.6,93932
2021-06-24 09:51:56,1493.6,93932
2021-06-24 09:51:57,1493.6,93932
2021-06-24 09:51:58,1493.6,93932
2021-06-24 09:51:59,1493.6,93932
2021-06-24 09:52:00,1493.6,93932
2021-06-24 09:52:01,1493.6,93932
2021-06-24 09:52:03,1493.6,93932
2021-06-24 09:52:04,1493.6,93932
2021-06-24 09:52:05,1493.6,93932
2021-06-24 09:52:06,1493.6,93932
2021-06-24 09:52:08,1493.6,93932
2021-06-24 09:52:09,1493.6,93932
2021-06-24 09:52:10,1493.6,93932
2021-06-24 09:52:11,1492.9,93936
2021-06-24 09:52:12,1492.9,93936
2021-06-24 09:52:13,1492.9,93936
2021-06-24 09:52:14,1492.9,93936
2021-06-24 09:52:15,1492.9,93936
2021-06-24 09:52:16,1492.9,93936
2021-06-24 09:52:17,1492.9,93936
2021-06-24 09:52:18,1492.9,93936
2021-06-24 09:52:19,1492.9,93936
2021-06-24 09:52:20,1492.9,93953
2021-06-24 09:52:21,1492.9,93953
2021-06-24 09:52:22,1492.9,93953
2021-06-24 09:52:23,1492.9,93953
2021-06-24 09:52:24,1492.9,93953
2021-06-24 09:52:25,1492.9,93953
2021-06-24 09:52:26,1492.95,93962
2021-06-24 09:52:27,1493.6,94039
2021-06-24 09:52:28,1492.95,94054
2021-06-24 09:52:29,1492.95,94054
2021-06-24 09:52:30,1492.95,94054
2021-06-24 09:52:31,1492.95,94054
2021-06-24 09:52:32,1492.95,94054
2021-06-24 09:52:33,1492.95,94054
2021-06-24 09:52:34,1492.95,94054
2021-06-24 09:52:35,1492.95,94054
2021-06-24 09:52:36,1492.95,94054
2021-06-24 09:52:38,1492.95,94054
2021-06-24 09:52:37,1492.95,94054
2021-06-24 09:52:39,1492.95,94054
2021-06-24 09:52:40,1492.95,94054
2021-06-24 09:52:41,1493.7,94535
2021-06-24 09:52:42,1493.1,94576
2021-06-24 09:52:43,1493.1,94576
2021-06-24 09:52:44,1493.1,94582
2021-06-24 09:52:45,1493.1,94582
2021-06-24 09:52:46,1493.1,94582
2021-06-24 09:52:48,1493.1,94582
2021-06-24 09:52:49,1493.1,94582
2021-06-24 09:52:50,1493.1,94582
2021-06-24 09:52:51,1493.1,94582
2021-06-24 09:52:52,1493.1,94582
2021-06-24 09:52:55,1493.1,94582
2021-06-24 09:52:56,1493.1,94582
2021-06-24 09:52:57,1493.1,94582
2021-06-24 09:52:58,1493.1,94582
2021-06-24 09:52:59,1493.1,94582
2021-06-24 09:53:00,1493.1,94582
2021-06-24 09:53:01,1493.1,94582
2021-06-24 09:53:02,1493.1,94582
2021-06-24 09:53:03,1494.1,95057
2021-06-24 09:53:04,1493.3,95103
2021-06-24 09:53:05,1493.25,95243
2021-06-24 09:53:06,1493.25,95243
2021-06-24 09:53:07,1493.25,95243
2021-06-24 09:53:08,1493.25,95243
2021-06-24 09:53:09,1493.25,95243
2021-06-24 09:53:10,1493.25,95243
2021-06-24 09:53:11,1493.25,95243
2021-06-24 09:53:12,1493.25,95243
2021-06-24 09:53:13,1494.1,95271
2021-06-24 09:53:14,1494.1,95271
2021-06-24 09:53:15,1494.1,95271
2021-06-24 09:53:17,1494.1,95271
2021-06-24 09:53:17,1494.1,95271
2021-06-24 09:53:19,1494.1,95271
2021-06-24 09:53:19,1494.1,95271
2021-06-24 09:53:20,1494.1,95271
2021-06-24 09:53:21,1494.1,95271
2021-06-24 09:53:22,1494.0,95276
2021-06-24 09:53:23,1494.0,95276
2021-06-24 09:53:25,1494.0,95276
2021-06-24 09:53:26,1494.0,95276
2021-06-24 09:53:26,1494.0,95276
2021-06-24 09:53:27,1494.0,95276
2021-06-24 09:53:28,1494.0,95276
2021-06-24 09:53:29,1494.0,95276
2021-06-24 09:53:30,1494.0,95276
2021-06-24 09:53:31,1494.0,95276
2021-06-24 09:53:32,1494.0,95276
2021-06-24 09:53:34,1494.0,95276
2021-06-24 09:53:35,1493.9,95376
2021-06-24 09:53:36,1493.9,95376
2021-06-24 09:53:37,1493.9,95376
2021-06-24 09:53:38,1493.1,95426
2021-06-24 09:53:39,1493.1,95452
2021-06-24 09:53:41,1493.9,95453
2021-06-24 09:53:43,1493.05,95503
2021-06-24 09:53:44,1493.05,95503
2021-06-24 09:53:46,1493.05,95503
2021-06-24 09:53:46,1493.0,95516
2021-06-24 09:53:48,1493.0,95516
2021-06-24 09:53:49,1493.0,95517
2021-06-24 09:53:49,1493.0,95517
2021-06-24 09:53:50,1493.0,95517
2021-06-24 09:53:51,1493.1,95567
2021-06-24 09:53:52,1493.1,95567
2021-06-24 09:53:53,1493.1,95567
2021-06-24 09:53:54,1493.1,95567
2021-06-24 09:53:55,1493.1,95567
2021-06-24 09:53:57,1493.5,95599
2021-06-24 09:53:58,1493.5,95599
2021-06-24 09:53:59,1493.5,95599
2021-06-24 09:54:00,1493.5,95599
2021-06-24 09:54:01,1492.95,95639
2021-06-24 09:54:03,1492.85,95903
2021-06-24 09:54:03,1492.85,95903
2021-06-24 09:54:04,1492.85,95903
2021-06-24 09:54:05,1492.3,95920
2021-06-24 09:54:06,1492.9,95955
2021-06-24 09:54:07,1492.9,95958
2021-06-24 09:54:09,1492.9,95958
2021-06-24 09:54:10,1492.9,95958
2021-06-24 09:54:11,1492.5,95978
2021-06-24 09:54:11,1492.5,95978
2021-06-24 09:54:12,1492.5,95978
2021-06-24 09:54:13,1492.5,95978
2021-06-24 09:54:14,1492.5,95978
2021-06-24 09:54:16,1492.0,96098
2021-06-24 09:54:16,1492.0,96098
2021-06-24 09:54:17,1492.0,96113
2021-06-24 09:54:19,1492.0,96118
2021-06-24 09:54:19,1492.0,96118
2021-06-24 09:54:20,1492.0,96123
2021-06-24 09:54:22,1492.0,96234
2021-06-24 09:54:23,1492.0,96234
2021-06-24 09:54:24,1491.65,96301
2021-06-24 09:54:25,1491.65,96301
2021-06-24 09:54:26,1491.7,96319
2021-06-24 09:54:27,1491.45,96440
2021-06-24 09:54:29,1491.35,96560
2021-06-24 09:54:29,1491.35,96560
2021-06-24 09:54:30,1491.3,96580
2021-06-24 09:54:31,1491.15,96627
2021-06-24 09:54:32,1491.15,96650
2021-06-24 09:54:33,1491.15,96650
2021-06-24 09:54:34,1491.8,96665
2021-06-24 09:54:35,1491.15,96715
2021-06-24 09:54:36,1491.15,96715
2021-06-24 09:54:37,1491.15,96715
2021-06-24 09:54:38,1491.15,96715
2021-06-24 09:54:39,1491.1,96935
2021-06-24 09:54:40,1491.1,96935
2021-06-24 09:54:41,1491.1,96935
2021-06-24 09:54:42,1491.15,96969
2021-06-24 09:54:43,1492.4,98430
2021-06-24 09:54:44,1491.65,98561
2021-06-24 09:54:45,1492.3,98596
2021-06-24 09:54:46,1492.3,98596
2021-06-24 09:54:47,1492.3,98596
2021-06-24 09:54:48,1492.3,98596
2021-06-24 09:54:51,1492.4,98822
2021-06-24 09:54:51,1492.5,98823
2021-06-24 09:54:52,1492.5,98823
2021-06-24 09:54:53,1492.9,98884
2021-06-24 09:54:55,1492.75,98891
2021-06-24 09:54:55,1492.75,98891
2021-06-24 09:54:57,1492.75,98891
2021-06-24 09:54:57,1492.75,98891
2021-06-24 09:54:58,1492.75,98891
2021-06-24 09:54:59,1492.7,98911
2021-06-24 09:55:00,1492.65,99059
2021-06-24 09:55:01,1492.65,99059
2021-06-24 09:55:02,1492.65,99059
2021-06-24 09:55:03,1492.6,99099
2021-06-24 09:55:04,1492.5,100124
2021-06-24 09:55:05,1491.85,100227
2021-06-24 09:55:07,1491.9,100287
2021-06-24 09:55:09,1491.9,100287
2021-06-24 09:55:09,1491.9,100287
2021-06-24 09:55:10,1491.9,100287
2021-06-24 09:55:12,1491.9,100287
2021-06-24 09:55:13,1492.0,100320
2021-06-24 09:55:13,1492.0,100320
2021-06-24 09:55:14,1492.0,100320
2021-06-24 09:55:15,1492.2,100337
2021-06-24 09:55:16,1492.2,100337
2021-06-24 09:55:17,1492.2,100337
2021-06-24 09:55:18,1492.2,100337
2021-06-24 09:55:20,1492.05,100338
2021-06-24 09:55:21,1492.05,100338
2021-06-24 09:55:22,1492.05,100338
2021-06-24 09:55:23,1492.05,100338
2021-06-24 09:55:23,1492.05,100338
2021-06-24 09:55:24,1492.05,100343
2021-06-24 09:55:25,1492.05,100343
2021-06-24 09:55:26,1492.05,100343
2021-06-24 09:55:27,1492.05,100343
2021-06-24 09:55:29,1492.05,100343
2021-06-24 09:55:30,1492.1,100354
2021-06-24 09:55:30,1492.1,100354
2021-06-24 09:55:32,1492.1,100354
2021-06-24 09:55:32,1492.1,100354
2021-06-24 09:55:33,1492.1,100354
2021-06-24 09:55:35,1492.3,100357
2021-06-24 09:55:36,1492.1,100365
2021-06-24 09:55:37,1492.1,100365
2021-06-24 09:55:38,1492.0,100445
2021-06-24 09:55:39,1492.0,100445
2021-06-24 09:55:40,1492.0,100445
2021-06-24 09:55:41,1492.0,100450
2021-06-24 09:55:42,1492.0,100450
2021-06-24 09:55:42,1492.0,100450
2021-06-24 09:55:43,1491.9,101933
2021-06-24 09:55:44,1491.9,101933
2021-06-24 09:55:45,1492.15,101939
2021-06-24 09:55:46,1492.15,101939
2021-06-24 09:55:47,1491.65,102414
2021-06-24 09:55:48,1492.05,102439
2021-06-24 09:55:49,1489.5,109431
2021-06-24 09:55:50,1489.0,110340
2021-06-24 09:55:53,1488.05,110499
2021-06-24 09:55:54,1489.25,110974
2021-06-24 09:55:55,1489.25,110974
2021-06-24 09:55:56,1489.0,111030
2021-06-24 09:55:57,1488.05,111130
2021-06-24 09:55:57,1488.05,111130
2021-06-24 09:55:58,1488.05,111130
2021-06-24 09:56:00,1487.9,111665
2021-06-24 09:56:01,1489.0,112176
2021-06-24 09:56:02,1489.0,112176
2021-06-24 09:56:04,1488.75,112233
2021-06-24 09:56:05,1488.75,112233
2021-06-24 09:56:06,1489.9,112245
2021-06-24 09:56:07,1490.0,112759
2021-06-24 09:56:08,1490.0,112772
2021-06-24 09:56:09,1490.0,112784
2021-06-24 09:56:10,1490.0,115370
2021-06-24 09:56:11,1490.0,115370
2021-06-24 09:56:12,1490.0,115370
2021-06-24 09:56:13,1490.0,116298
2021-06-24 09:56:14,1490.0,116311
2021-06-24 09:56:15,1490.0,116311
2021-06-24 09:56:17,1490.0,116394
2021-06-24 09:56:17,1490.0,116394
2021-06-24 09:56:18,1490.0,116434
2021-06-24 09:56:20,1490.0,116434
2021-06-24 09:56:20,1490.0,116510
2021-06-24 09:56:21,1490.0,116510
2021-06-24 09:56:23,1490.0,116514
2021-06-24 09:56:24,1490.0,116514
2021-06-24 09:56:25,1489.9,116515
2021-06-24 09:56:26,1489.9,116515
2021-06-24 09:56:26,1489.9,116533
2021-06-24 09:56:28,1489.35,116601
2021-06-24 09:56:29,1489.35,116601
2021-06-24 09:56:29,1489.8,116609
2021-06-24 09:56:30,1489.8,116609
2021-06-24 09:56:31,1489.8,116609
2021-06-24 09:56:32,1489.8,116609
2021-06-24 09:56:33,1489.8,116609
2021-06-24 09:56:34,1488.8,116710
2021-06-24 09:56:36,1488.8,116710
2021-06-24 09:56:38,1488.8,116710
2021-06-24 09:56:39,1489.7,116810
2021-06-24 09:56:40,1489.9,117914
2021-06-24 09:56:41,1489.9,117914
2021-06-24 09:56:42,1488.8,117918
2021-06-24 09:56:43,1488.8,117918
2021-06-24 09:56:44,1490.0,118393
2021-06-24 09:56:44,1490.0,118393
2021-06-24 09:56:45,1489.15,118453
2021-06-24 09:56:47,1489.15,118453
2021-06-24 09:56:48,1490.0,118553
2021-06-24 09:56:49,1490.0,118553
2021-06-24 09:56:50,1489.25,118660
2021-06-24 09:56:51,1489.25,118660
2021-06-24 09:56:52,1489.25,118660
2021-06-24 09:56:53,1489.25,118660
2021-06-24 09:56:54,1489.25,118660
2021-06-24 09:56:55,1489.25,118660
2021-06-24 09:56:56,1489.25,118660
2021-06-24 09:56:57,1489.25,118660
2021-06-24 09:56:58,1489.25,118660
2021-06-24 09:56:58,1489.25,118660
2021-06-24 09:56:59,1490.0,118665
2021-06-24 09:57:00,1490.0,118665
2021-06-24 09:57:01,1490.0,118665
2021-06-24 09:57:03,1490.0,118665
2021-06-24 09:57:04,1490.0,118665
2021-06-24 09:57:05,1490.0,118665
2021-06-24 09:57:06,1490.0,118665
2021-06-24 09:57:07,1490.0,118665
2021-06-24 09:57:08,1490.0,118666
2021-06-24 09:57:09,1489.5,119080
2021-06-24 09:57:09,1489.5,119080
2021-06-24 09:57:10,1489.5,119080
2021-06-24 09:57:11,1489.45,119093
2021-06-24 09:57:12,1489.45,119095
2021-06-24 09:57:13,1489.45,119095
2021-06-24 09:57:14,1489.15,119374
2021-06-24 09:57:15,1489.15,119374
2021-06-24 09:57:16,1489.8,119444
2021-06-24 09:57:17,1489.0,119544
2021-06-24 09:57:19,1489.75,119564
2021-06-24 09:57:20,1489.75,119564
2021-06-24 09:57:21,1489.75,119564
2021-06-24 09:57:22,1489.75,119564
2021-06-24 09:57:24,1489.75,119564
2021-06-24 09:57:26,1489.75,119564
2021-06-24 09:57:26,1489.75,119564
2021-06-24 09:57:28,1489.5,119565
2021-06-24 09:57:29,1489.5,119574
2021-06-24 09:57:30,1489.5,119574
2021-06-24 09:57:31,1489.5,119574
2021-06-24 09:57:32,1489.5,119574
2021-06-24 09:57:33,1489.0,119599
2021-06-24 09:57:34,1489.0,119599
2021-06-24 09:57:35,1489.0,119734
2021-06-24 09:57:37,1488.8,119744
2021-06-24 09:57:38,1488.8,119744
2021-06-24 09:57:39,1488.65,119751
2021-06-24 09:57:40,1488.65,119751
2021-06-24 09:57:40,1488.65,119751
2021-06-24 09:57:42,1488.65,119794
2021-06-24 09:57:43,1488.5,119827
2021-06-24 09:57:44,1488.5,119827
2021-06-24 09:57:45,1489.0,119927
2021-06-24 09:57:45,1489.0,119927
2021-06-24 09:57:46,1489.0,119967
2021-06-24 09:57:48,1488.5,120012
2021-06-24 09:57:49,1488.5,120012
2021-06-24 09:57:50,1488.5,120012
2021-06-24 09:57:51,1488.5,120012
2021-06-24 09:57:52,1488.5,120014
2021-06-24 09:57:53,1488.5,120014
2021-06-24 09:57:54,1488.5,120014
2021-06-24 09:57:56,1488.05,120402
2021-06-24 09:57:58,1488.45,120412
2021-06-24 09:57:59,1487.5,120461
2021-06-24 09:58:00,1488.2,120582
2021-06-24 09:58:02,1488.2,120582
2021-06-24 09:58:03,1488.2,120582
2021-06-24 09:58:04,1488.2,120582
2021-06-24 09:58:04,1488.2,120582
2021-06-24 09:58:06,1487.75,120587
2021-06-24 09:58:07,1488.45,120588
2021-06-24 09:58:08,1488.45,120588
2021-06-24 09:58:09,1487.6,120618
2021-06-24 09:58:10,1488.0,120718
2021-06-24 09:58:11,1488.0,120718
2021-06-24 09:58:12,1488.5,120853
2021-06-24 09:58:12,1488.85,121059
2021-06-24 09:58:14,1488.0,121214
2021-06-24 09:58:14,1487.65,121244
2021-06-24 09:58:15,1487.65,121263
2021-06-24 09:58:16,1488.5,121367
2021-06-24 09:58:17,1488.5,121367
2021-06-24 09:58:19,1488.5,121465
2021-06-24 09:58:20,1488.5,121465
2021-06-24 09:58:20,1488.5,121465
2021-06-24 09:58:21,1488.5,121465
2021-06-24 09:58:24,1488.45,121505
2021-06-24 09:58:24,1488.45,121506
2021-06-24 09:58:26,1488.45,121556
2021-06-24 09:58:27,1488.45,121556
2021-06-24 09:58:27,1488.45,121556
2021-06-24 09:58:28,1488.45,121557
2021-06-24 09:58:29,1488.45,121557
2021-06-24 09:58:32,1488.15,121558
2021-06-24 09:58:33,1488.15,121574
2021-06-24 09:58:33,1488.15,121574
2021-06-24 09:58:35,1488.5,121591
2021-06-24 09:58:36,1488.5,121591
2021-06-24 09:58:37,1488.5,121604
2021-06-24 09:58:37,1489.1,121654
2021-06-24 09:58:38,1488.1,121656
2021-06-24 09:58:39,1488.1,121677
2021-06-24 09:58:41,1488.15,121727
2021-06-24 09:58:42,1489.5,121741
2021-06-24 09:58:43,1489.5,121741
2021-06-24 09:58:43,1489.5,121741
2021-06-24 09:58:45,1488.45,121755
2021-06-24 09:58:46,1488.45,121755
2021-06-24 09:58:46,1489.4,121865
2021-06-24 09:58:48,1488.7,121945
2021-06-24 09:58:49,1488.7,121945
2021-06-24 09:58:50,1489.4,122048
2021-06-24 09:58:51,1489.4,122048
2021-06-24 09:58:53,1489.4,122048
2021-06-24 09:58:54,1489.4,122048
2021-06-24 09:58:54,1489.4,122048
2021-06-24 09:58:55,1488.1,123117
2021-06-24 09:58:56,1488.1,123117
2021-06-24 09:58:58,1488.0,123134
2021-06-24 09:58:59,1488.0,123134
2021-06-24 09:59:00,1488.6,123158
2021-06-24 09:59:02,1488.0,123343
2021-06-24 09:59:03,1488.75,123362
2021-06-24 09:59:04,1488.75,123362
2021-06-24 09:59:04,1488.0,123387
2021-06-24 09:59:05,1488.0,123387
2021-06-24 09:59:06,1488.0,123387
2021-06-24 09:59:07,1488.0,123395
2021-06-24 09:59:08,1488.65,123408
2021-06-24 09:59:10,1488.0,123462
2021-06-24 09:59:11,1488.65,123476
2021-06-24 09:59:12,1488.65,123576
2021-06-24 09:59:13,1488.65,123576
2021-06-24 09:59:14,1488.65,123616
2021-06-24 09:59:15,1488.65,123616
2021-06-24 09:59:16,1489.5,124616
2021-06-24 09:59:17,1489.5,124616
2021-06-24 09:59:17,1489.5,124616
2021-06-24 09:59:19,1489.15,185011
2021-06-24 09:59:21,1489.1,185015
2021-06-24 09:59:22,1489.1,185015
2021-06-24 09:59:23,1489.5,185028
2021-06-24 09:59:24,1489.5,185028
2021-06-24 09:59:25,1489.5,185028
2021-06-24 09:59:26,1489.5,185028
2021-06-24 09:59:27,1489.5,185028
2021-06-24 09:59:28,1490.0,187028
2021-06-24 09:59:29,1489.9,187038
2021-06-24 09:59:30,1488.7,187043
2021-06-24 09:59:30,1488.7,187043
2021-06-24 09:59:31,1489.5,187044
2021-06-24 09:59:32,1489.5,187044
2021-06-24 09:59:33,1489.0,187319
2021-06-24 09:59:34,1489.0,187319
2021-06-24 09:59:35,1488.6,187329
2021-06-24 09:59:36,1488.6,187346
2021-06-24 09:59:38,1489.45,187379
2021-06-24 09:59:39,1489.45,187379
2021-06-24 09:59:40,1489.45,187379
2021-06-24 09:59:41,1489.45,187379
2021-06-24 09:59:42,1489.45,187379
2021-06-24 09:59:43,1489.75,187424
2021-06-24 09:59:44,1489.9,187437
2021-06-24 09:59:45,1489.45,187472
2021-06-24 09:59:46,1490.0,187542
2021-06-24 09:59:47,1489.9,187559
2021-06-24 09:59:48,1489.9,187572
2021-06-24 09:59:50,1489.9,187572
2021-06-24 09:59:51,1489.9,187572
2021-06-24 09:59:52,1489.45,187578
2021-06-24 09:59:53,1489.45,187578
2021-06-24 09:59:54,1489.45,187578
2021-06-24 09:59:55,1489.45,187578
2021-06-24 09:59:56,1489.45,187578
2021-06-24 09:59:57,1489.45,187608
2021-06-24 09:59:58,1489.9,187618
2021-06-24 09:59:59,1489.9,187618
2021-06-24 10:00:00,1489.9,187668
2021-06-24 10:00:01,1489.45,187669
2021-06-24 10:00:02,1489.45,187669
2021-06-24 10:00:03,1489.45,187669
2021-06-24 10:00:05,1489.5,187694
2021-06-24 10:00:06,1489.5,187694
2021-06-24 10:00:07,1489.5,187694
2021-06-24 10:00:08,1489.5,187694
2021-06-24 10:00:09,1489.95,187918
2021-06-24 10:00:10,1489.45,187944
2021-06-24 10:00:11,1489.45,187944
2021-06-24 10:00:12,1489.45,187944
2021-06-24 10:00:13,1489.45,187944
2021-06-24 10:00:14,1489.15,187946
2021-06-24 10:00:15,1489.15,187946
2021-06-24 10:00:16,1489.15,187946
2021-06-24 10:00:17,1489.15,187946
2021-06-24 10:00:18,1489.15,187946
2021-06-24 10:00:19,1489.15,188015
2021-06-24 10:00:21,1489.1,188090
2021-06-24 10:00:22,1489.1,188092
2021-06-24 10:00:23,1489.1,188092
2021-06-24 10:00:24,1488.15,188324
2021-06-24 10:00:25,1488.15,188324
2021-06-24 10:00:26,1488.3,188341
2021-06-24 10:00:27,1489.65,188354
2021-06-24 10:00:28,1489.65,188354
2021-06-24 10:00:29,1489.65,188354
2021-06-24 10:00:31,1489.3,188415
2021-06-24 10:00:32,1488.15,188455
2021-06-24 10:00:33,1488.15,188455
2021-06-24 10:00:36,1488.15,188463
2021-06-24 10:00:37,1488.15,188463
2021-06-24 10:00:38,1489.15,188805
2021-06-24 10:00:39,1489.6,188945
2021-06-24 10:00:41,1490.0,203862
2021-06-24 10:00:42,1489.95,203963
2021-06-24 10:00:43,1489.95,204106
2021-06-24 10:00:44,1489.95,204106
2021-06-24 10:00:45,1489.95,204106
2021-06-24 10:00:46,1489.95,204106
2021-06-24 10:00:47,1489.95,204106
2021-06-24 10:00:48,1490.0,204116
2021-06-24 10:00:49,1490.0,204116
2021-06-24 10:00:50,1490.0,204116
2021-06-24 10:00:51,1490.0,204205
2021-06-24 10:00:52,1490.0,204205
2021-06-24 10:00:53,1490.0,204205
2021-06-24 10:00:54,1490.0,204205
2021-06-24 10:00:55,1490.5,204253
2021-06-24 10:00:56,1490.5,204253
2021-06-24 10:00:57,1490.5,204253
2021-06-24 10:00:58,1490.5,204253
2021-06-24 10:00:59,1491.0,204598
2021-06-24 10:01:00,1491.0,204598
2021-06-24 10:01:02,1491.8,204709
2021-06-24 10:01:03,1491.9,204774
2021-06-24 10:01:04,1492.25,204804
2021-06-24 10:01:05,1492.25,204804
2021-06-24 10:01:06,1492.25,204804
2021-06-24 10:01:07,1492.6,205275
2021-06-24 10:01:09,1492.75,205400
2021-06-24 10:01:11,1492.9,205410
2021-06-24 10:01:12,1492.25,205417
2021-06-24 10:01:13,1492.25,205417
2021-06-24 10:01:14,1492.25,205417
2021-06-24 10:01:15,1492.25,205417
2021-06-24 10:01:16,1492.25,205417
2021-06-24 10:01:17,1492.25,205417
2021-06-24 10:01:18,1492.25,205417
2021-06-24 10:01:19,1492.7,205670
2021-06-24 10:01:20,1492.7,205670
2021-06-24 10:01:21,1492.7,205670
2021-06-24 10:01:22,1492.7,205670
2021-06-24 10:01:23,1492.7,205670
2021-06-24 10:01:24,1493.6,205678
2021-06-24 10:01:25,1493.6,205678
2021-06-24 10:01:26,1492.85,205754
2021-06-24 10:01:27,1492.85,205754
2021-06-24 10:01:28,1492.85,205754
2021-06-24 10:01:29,1492.85,205754
2021-06-24 10:01:30,1492.85,205754
2021-06-24 10:01:31,1492.85,205754
2021-06-24 10:01:32,1493.3,205822
2021-06-24 10:01:34,1492.45,206123
2021-06-24 10:01:35,1492.45,206123
2021-06-24 10:01:36,1492.45,206123
2021-06-24 10:01:37,1492.45,206123
2021-06-24 10:01:38,1492.45,206256
2021-06-24 10:01:38,1492.45,206256
2021-06-24 10:01:40,1492.45,206256
2021-06-24 10:01:41,1492.45,206256
2021-06-24 10:01:42,1492.45,206256
2021-06-24 10:01:44,1492.5,206287
2021-06-24 10:01:45,1492.5,206843
2021-06-24 10:01:45,1492.5,206843
2021-06-24 10:01:47,1492.75,206893
2021-06-24 10:01:48,1492.75,206905
2021-06-24 10:01:49,1492.75,206905
2021-06-24 10:01:50,1492.75,206905
2021-06-24 10:01:51,1492.75,206905
2021-06-24 10:01:52,1492.75,206905
2021-06-24 10:01:53,1492.75,206905
2021-06-24 10:01:54,1492.75,206905
2021-06-24 10:01:55,1492.75,206905
2021-06-24 10:01:56,1492.0,206906
2021-06-24 10:01:57,1492.0,206906
2021-06-24 10:01:58,1492.0,206906
2021-06-24 10:01:59,1492.0,206906
2021-06-24 10:02:00,1492.5,206936
2021-06-24 10:02:01,1492.5,206936
2021-06-24 10:02:02,1492.0,206945
2021-06-24 10:02:04,1491.6,206950
2021-06-24 10:02:05,1491.6,206950
2021-06-24 10:02:06,1491.6,206950
2021-06-24 10:02:07,1491.6,206950
2021-06-24 10:02:08,1491.6,206950
2021-06-24 10:02:09,1491.6,206950
2021-06-24 10:02:12,1491.6,206950
2021-06-24 10:02:13,1491.6,206950
2021-06-24 10:02:15,1492.25,206951
2021-06-24 10:02:16,1492.45,207051
2021-06-24 10:02:17,1492.45,207051
2021-06-24 10:02:18,1492.45,207051
2021-06-24 10:02:19,1492.45,207051
2021-06-24 10:02:20,1492.7,207351
2021-06-24 10:02:21,1492.7,207351
2021-06-24 10:02:22,1492.7,207351
2021-06-24 10:02:23,1492.7,207351
2021-06-24 10:02:24,1491.6,207451
2021-06-24 10:02:25,1491.6,207451
2021-06-24 10:02:26,1491.6,207451
2021-06-24 10:02:27,1491.6,207451
2021-06-24 10:02:28,1492.35,207453
2021-06-24 10:02:29,1492.35,207453
2021-06-24 10:02:30,1492.75,207953
2021-06-24 10:02:31,1492.75,207953
2021-06-24 10:02:32,1492.0,207970
2021-06-24 10:02:33,1492.0,208020
2021-06-24 10:02:34,1492.0,208020
2021-06-24 10:02:35,1492.0,208020
2021-06-24 10:02:36,1492.0,208020
2021-06-24 10:02:37,1492.0,208020
2021-06-24 10:02:38,1492.0,208020
2021-06-24 10:02:39,1492.0,208020
2021-06-24 10:02:40,1492.6,208030
2021-06-24 10:02:42,1492.0,208080
2021-06-24 10:02:44,1492.0,208080
2021-06-24 10:02:45,1492.0,208143
2021-06-24 10:02:46,1492.0,208143
2021-06-24 10:02:47,1492.0,208496
2021-06-24 10:02:48,1492.0,208496
2021-06-24 10:02:49,1490.0,217365
2021-06-24 10:02:50,1490.0,229225
2021-06-24 10:02:51,1490.0,230029
2021-06-24 10:02:52,1490.75,240341
2021-06-24 10:02:53,1490.75,240341
2021-06-24 10:02:54,1490.65,240452
2021-06-24 10:02:55,1491.8,240502
2021-06-24 10:02:56,1491.8,240502
2021-06-24 10:02:57,1491.8,240502
2021-06-24 10:02:58,1491.8,240502
2021-06-24 10:02:59,1491.8,240502
2021-06-24 10:03:00,1491.8,240502
2021-06-24 10:03:01,1491.8,240502
2021-06-24 10:03:02,1491.8,240502
2021-06-24 10:03:03,1491.1,240508
2021-06-24 10:03:04,1491.1,240508
2021-06-24 10:03:05,1491.1,240508
2021-06-24 10:03:06,1491.1,240508
2021-06-24 10:03:07,1491.1,240508
2021-06-24 10:03:08,1491.1,240508
2021-06-24 10:03:10,1491.9,240543
2021-06-24 10:03:11,1491.1,240627
2021-06-24 10:03:12,1491.1,240627
2021-06-24 10:03:13,1491.1,240757
2021-06-24 10:03:14,1491.1,240757
2021-06-24 10:03:15,1491.05,240846
2021-06-24 10:03:16,1491.05,240846
2021-06-24 10:03:17,1491.05,240846
2021-06-24 10:03:19,1491.05,240846
2021-06-24 10:03:20,1491.05,240846
2021-06-24 10:03:21,1491.05,240846
2021-06-24 10:03:22,1491.05,240846
2021-06-24 10:03:23,1491.05,240846
2021-06-24 10:03:24,1491.05,240846
2021-06-24 10:03:25,1491.05,240846
2021-06-24 10:03:27,1492.0,240861
2021-06-24 10:03:28,1491.3,240862
2021-06-24 10:03:29,1491.3,240862
2021-06-24 10:03:30,1491.3,240862
2021-06-24 10:03:31,1490.0,250870
2021-06-24 10:03:32,1490.0,254087
2021-06-24 10:03:33,1490.5,256069
2021-06-24 10:03:34,1490.0,266411
2021-06-24 10:03:35,1490.0,271526
2021-06-24 10:03:36,1491.0,272412
2021-06-24 10:03:37,1491.0,272412
2021-06-24 10:03:39,1491.0,272412
2021-06-24 10:03:40,1491.0,272412
2021-06-24 10:03:41,1491.0,272412
2021-06-24 10:03:42,1491.0,272412
2021-06-24 10:03:43,1490.85,272417
2021-06-24 10:03:44,1490.85,272417
2021-06-24 10:03:45,1490.85,272417
2021-06-24 10:03:46,1491.15,272587
2021-06-24 10:03:47,1491.15,272587
2021-06-24 10:03:48,1491.65,272594
2021-06-24 10:03:49,1491.65,272594
2021-06-24 10:03:50,1491.65,272594
2021-06-24 10:03:51,1491.65,272594
2021-06-24 10:03:52,1491.65,272594
2021-06-24 10:03:53,1491.65,272594
2021-06-24 10:03:54,1491.65,272594
2021-06-24 10:03:55,1491.1,272595
2021-06-24 10:03:56,1491.1,272612
2021-06-24 10:03:59,1491.65,272627
2021-06-24 10:04:00,1491.65,272627
2021-06-24 10:04:01,1491.65,272627
2021-06-24 10:04:02,1491.85,272631
2021-06-24 10:04:04,1491.85,272631
2021-06-24 10:04:04,1491.85,272631
2021-06-24 10:04:05,1491.85,272631
2021-06-24 10:04:07,1491.85,272631
2021-06-24 10:04:08,1491.85,272631
2021-06-24 10:04:09,1491.85,272636
2021-06-24 10:04:10,1491.85,272636
2021-06-24 10:04:11,1491.05,272637
2021-06-24 10:04:12,1491.05,272655
2021-06-24 10:04:13,1491.05,272656
2021-06-24 10:04:16,1491.85,272776
2021-06-24 10:04:16,1491.85,272776
2021-06-24 10:04:17,1491.85,272776
2021-06-24 10:04:18,1491.05,272841
2021-06-24 10:04:19,1491.0,272846
2021-06-24 10:04:20,1491.0,272846
2021-06-24 10:04:21,1491.0,272846
2021-06-24 10:04:23,1491.0,272846
2021-06-24 10:04:24,1491.0,272846
2021-06-24 10:04:25,1491.0,272846
2021-06-24 10:04:26,1491.0,272846
2021-06-24 10:04:27,1491.0,272846
2021-06-24 10:04:28,1491.0,272846
2021-06-24 10:04:29,1491.0,272846
2021-06-24 10:04:31,1491.0,272846
2021-06-24 10:04:31,1491.0,272846
2021-06-24 10:04:32,1491.0,272846
2021-06-24 10:04:33,1491.0,272846
2021-06-24 10:04:34,1491.0,272846
2021-06-24 10:04:35,1491.0,272846
2021-06-24 10:04:36,1491.0,272846
2021-06-24 10:04:37,1491.0,272846
2021-06-24 10:04:38,1491.0,275494
2021-06-24 10:04:39,1491.0,275494
2021-06-24 10:04:40,1491.0,275494
2021-06-24 10:04:41,1491.4,275509
2021-06-24 10:04:42,1491.4,275534
2021-06-24 10:04:43,1491.4,275534
2021-06-24 10:04:44,1491.0,275579
2021-06-24 10:04:45,1491.0,275579
2021-06-24 10:04:47,1491.0,275579
2021-06-24 10:04:47,1491.0,275579
2021-06-24 10:04:48,1491.0,275579
2021-06-24 10:04:49,1491.0,275579
2021-06-24 10:04:50,1491.0,275584
2021-06-24 10:04:51,1491.0,275584
2021-06-24 10:04:52,1491.0,275584
2021-06-24 10:04:53,1491.0,275584
2021-06-24 10:04:54,1491.0,275584
2021-06-24 10:04:55,1491.0,275584
2021-06-24 10:04:56,1491.45,275657
2021-06-24 10:04:57,1491.45,275657
2021-06-24 10:04:58,1491.0,275807
2021-06-24 10:04:59,1491.0,275807
2021-06-24 10:05:01,1491.5,275957
2021-06-24 10:05:02,1491.5,275957
2021-06-24 10:05:03,1491.5,275957
2021-06-24 10:05:04,1491.5,275957
2021-06-24 10:05:05,1491.5,275957
2021-06-24 10:05:06,1491.5,275957
2021-06-24 10:05:07,1491.5,275957
2021-06-24 10:05:08,1491.5,275957
2021-06-24 10:05:09,1491.5,275957
2021-06-24 10:05:10,1491.5,275957
2021-06-24 10:05:11,1491.5,275959
2021-06-24 10:05:12,1491.5,275976
2021-06-24 10:05:13,1491.5,275976
2021-06-24 10:05:14,1491.5,275976
2021-06-24 10:05:15,1491.5,275976
2021-06-24 10:05:16,1491.0,276026
2021-06-24 10:05:17,1491.0,276026
2021-06-24 10:05:18,1491.0,276026
2021-06-24 10:05:19,1492.7,276772
2021-06-24 10:05:20,1492.7,276772
2021-06-24 10:05:21,1492.2,276875
2021-06-24 10:05:22,1492.2,276875
2021-06-24 10:05:23,1492.2,276875
2021-06-24 10:05:25,1492.2,276875
2021-06-24 10:05:25,1492.2,276875
2021-06-24 10:05:26,1492.2,276875
2021-06-24 10:05:27,1492.3,276946
2021-06-24 10:05:28,1492.3,276946
2021-06-24 10:05:29,1493.0,276948
2021-06-24 10:05:31,1493.0,276948
2021-06-24 10:05:32,1492.2,276949
2021-06-24 10:05:33,1492.2,276950
2021-06-24 10:05:34,1492.2,276952
2021-06-24 10:05:35,1492.2,276952
2021-06-24 10:05:37,1492.2,276952
2021-06-24 10:05:38,1492.2,276971
2021-06-24 10:05:39,1492.2,276971
2021-06-24 10:05:40,1492.2,276971
2021-06-24 10:05:41,1493.0,277050
2021-06-24 10:05:42,1493.0,277060
2021-06-24 10:05:44,1493.0,277063
2021-06-24 10:05:45,1493.0,277063
2021-06-24 10:05:46,1492.35,277064
2021-06-24 10:05:47,1493.0,277114
2021-06-24 10:05:48,1493.0,277114
2021-06-24 10:05:49,1493.0,277114
2021-06-24 10:05:50,1493.0,277114
2021-06-24 10:05:52,1493.0,277114
2021-06-24 10:05:53,1493.0,277114
2021-06-24 10:05:53,1493.0,277114
2021-06-24 10:05:54,1492.35,277116
2021-06-24 10:05:55,1493.0,277195
2021-06-24 10:05:57,1493.0,277195
2021-06-24 10:05:57,1493.0,277195
2021-06-24 10:05:58,1493.0,277195
2021-06-24 10:05:59,1493.0,277195
2021-06-24 10:06:00,1493.0,277195
2021-06-24 10:06:01,1493.25,277245
2021-06-24 10:06:02,1493.25,277245
2021-06-24 10:06:03,1493.45,277265
2021-06-24 10:06:04,1493.45,277285
2021-06-24 10:06:05,1493.5,277348
2021-06-24 10:06:06,1493.5,277348
2021-06-24 10:06:09,1493.5,277348
2021-06-24 10:06:10,1493.5,277348
2021-06-24 10:06:11,1493.5,277348
2021-06-24 10:06:11,1493.5,277348
2021-06-24 10:06:12,1493.6,277542
2021-06-24 10:06:13,1493.6,277542
2021-06-24 10:06:14,1493.6,277542
2021-06-24 10:06:16,1493.65,277614
2021-06-24 10:06:17,1493.7,277734
2021-06-24 10:06:18,1493.45,277744
2021-06-24 10:06:19,1493.45,277744
2021-06-24 10:06:19,1493.45,277744
2021-06-24 10:06:21,1493.45,277744
2021-06-24 10:06:21,1493.45,277744
2021-06-24 10:06:22,1493.45,277744
2021-06-24 10:06:23,1493.45,277744
2021-06-24 10:06:24,1493.45,277744
2021-06-24 10:06:25,1493.5,278216
2021-06-24 10:06:26,1493.6,278224
2021-06-24 10:06:27,1493.6,278224
2021-06-24 10:06:28,1493.6,278224
2021-06-24 10:06:29,1493.0,278319
2021-06-24 10:06:31,1493.0,278319
2021-06-24 10:06:31,1493.0,278319
2021-06-24 10:06:32,1493.0,278319
2021-06-24 10:06:34,1493.0,278348
2021-06-24 10:06:34,1493.0,278348
2021-06-24 10:06:35,1493.0,278349
2021-06-24 10:06:36,1493.0,278349
2021-06-24 10:06:37,1493.0,278349
2021-06-24 10:06:39,1493.0,278349
2021-06-24 10:06:40,1493.05,278371
2021-06-24 10:06:41,1493.05,278371
2021-06-24 10:06:42,1493.05,278371
2021-06-24 10:06:43,1493.05,278371
2021-06-24 10:06:44,1493.05,278371
2021-06-24 10:06:46,1493.05,278371
2021-06-24 10:06:47,1493.05,278371
2021-06-24 10:06:47,1493.05,278371
2021-06-24 10:06:48,1493.05,278371
2021-06-24 10:06:50,1493.05,278371
2021-06-24 10:06:50,1492.8,278671
2021-06-24 10:06:51,1492.8,278671
2021-06-24 10:06:52,1492.8,278671
2021-06-24 10:06:54,1492.8,278671
2021-06-24 10:06:55,1493.05,278731
2021-06-24 10:06:56,1493.05,278772
2021-06-24 10:06:57,1493.05,278772
2021-06-24 10:06:59,1492.8,278793
2021-06-24 10:06:58,1492.8,278793
2021-06-24 10:07:00,1492.8,278793
2021-06-24 10:07:01,1492.8,278793
2021-06-24 10:07:02,1492.8,278810
2021-06-24 10:07:02,1492.8,278810
2021-06-24 10:07:03,1492.8,278810
2021-06-24 10:07:05,1492.8,278810
2021-06-24 10:07:07,1492.8,278960
2021-06-24 10:07:06,1492.8,278810
2021-06-24 10:07:07,1492.8,278960
2021-06-24 10:07:08,1492.8,278960
2021-06-24 10:07:09,1492.8,278960
2021-06-24 10:07:11,1492.8,278960
2021-06-24 10:07:12,1492.8,278977
2021-06-24 10:07:13,1492.8,278977
2021-06-24 10:07:14,1492.8,278977
2021-06-24 10:07:15,1492.8,278977
2021-06-24 10:07:16,1492.8,278977
2021-06-24 10:07:17,1492.8,278977
2021-06-24 10:07:18,1493.4,278997
2021-06-24 10:07:19,1493.5,279047
2021-06-24 10:07:20,1492.85,279094
2021-06-24 10:07:21,1492.85,279094
2021-06-24 10:07:22,1492.85,279094
2021-06-24 10:07:24,1492.85,279094
2021-06-24 10:07:25,1492.85,279094
2021-06-24 10:07:26,1492.85,279094
2021-06-24 10:07:27,1492.85,279094
2021-06-24 10:07:28,1492.85,279094
2021-06-24 10:07:28,1492.8,279095
2021-06-24 10:07:29,1492.8,279095
2021-06-24 10:07:30,1492.8,279095
2021-06-24 10:07:32,1492.8,279095
2021-06-24 10:07:33,1493.4,279101
2021-06-24 10:07:34,1493.4,279101
2021-06-24 10:07:35,1493.4,279101
2021-06-24 10:07:35,1493.4,279101
2021-06-24 10:07:36,1492.8,279118
2021-06-24 10:07:38,1493.45,279181
2021-06-24 10:07:39,1493.45,279181
2021-06-24 10:07:40,1493.45,279181
2021-06-24 10:07:41,1493.45,279181
2021-06-24 10:07:42,1493.45,279181
2021-06-24 10:07:43,1492.8,279184
2021-06-24 10:07:44,1492.8,279184
2021-06-24 10:07:45,1493.4,279245
2021-06-24 10:07:46,1493.4,279245
2021-06-24 10:07:47,1493.4,279245
2021-06-24 10:07:48,1493.4,279245
2021-06-24 10:07:49,1493.4,279245
2021-06-24 10:07:50,1493.4,279245
2021-06-24 10:07:51,1493.4,279245
2021-06-24 10:07:52,1493.4,279245
2021-06-24 10:07:53,1493.4,279245
2021-06-24 10:07:54,1493.4,279245
2021-06-24 10:07:55,1493.4,279245
2021-06-24 10:07:56,1493.4,279245
2021-06-24 10:07:57,1493.45,279312
2021-06-24 10:07:58,1493.45,279312
2021-06-24 10:07:59,1493.45,279312
2021-06-24 10:08:00,1493.45,279312
2021-06-24 10:08:01,1493.45,279322
2021-06-24 10:08:02,1493.05,279339
2021-06-24 10:08:03,1493.5,279423
2021-06-24 10:08:05,1493.55,279519
2021-06-24 10:08:06,1493.55,279519
2021-06-24 10:08:07,1493.55,279519
2021-06-24 10:08:08,1493.55,279519
2021-06-24 10:08:09,1493.55,279519
2021-06-24 10:08:10,1493.65,279604
2021-06-24 10:08:12,1493.65,279604
2021-06-24 10:08:14,1493.55,279824
2021-06-24 10:08:15,1493.55,279824
2021-06-24 10:08:16,1493.55,279824
2021-06-24 10:08:18,1493.0,279825
2021-06-24 10:08:19,1493.0,279825
2021-06-24 10:08:20,1493.0,279825
2021-06-24 10:08:21,1493.0,279825
2021-06-24 10:08:22,1493.0,279825
2021-06-24 10:08:23,1492.8,279925
2021-06-24 10:08:25,1493.0,279994
2021-06-24 10:08:26,1493.0,279994
2021-06-24 10:08:27,1493.0,279994
2021-06-24 10:08:28,1493.0,279994
2021-06-24 10:08:28,1493.0,279994
2021-06-24 10:08:29,1493.0,279994
2021-06-24 10:08:31,1492.5,280017
2021-06-24 10:08:33,1492.5,280017
2021-06-24 10:08:34,1492.5,280017
2021-06-24 10:08:35,1492.5,280017
2021-06-24 10:08:36,1492.5,280017
2021-06-24 10:08:37,1492.5,280017
2021-06-24 10:08:38,1493.35,280050
2021-06-24 10:08:39,1493.35,280050
2021-06-24 10:08:39,1493.65,280339
2021-06-24 10:08:40,1493.65,280339
2021-06-24 10:08:42,1493.55,280544
2021-06-24 10:08:43,1493.55,280544
2021-06-24 10:08:44,1493.55,280544
2021-06-24 10:08:46,1493.55,280544
2021-06-24 10:08:48,1493.55,280544
2021-06-24 10:08:49,1493.55,280544
2021-06-24 10:08:50,1493.55,280544
2021-06-24 10:08:51,1493.55,280544
2021-06-24 10:08:52,1493.55,280544
2021-06-24 10:08:53,1493.55,280544
2021-06-24 10:08:54,1493.95,280593
2021-06-24 10:08:55,1493.95,280593
2021-06-24 10:08:56,1493.55,280594
2021-06-24 10:08:57,1493.95,280602
2021-06-24 10:08:59,1493.95,280602
2021-06-24 10:08:59,1493.95,280602
2021-06-24 10:09:01,1493.95,280602
2021-06-24 10:09:02,1493.95,280602
2021-06-24 10:09:03,1493.5,280611
2021-06-24 10:09:04,1493.5,280611
2021-06-24 10:09:04,1493.5,280611
2021-06-24 10:09:05,1493.5,280612
2021-06-24 10:09:06,1493.5,280612
2021-06-24 10:09:08,1493.5,280612
2021-06-24 10:09:08,1493.5,280612
2021-06-24 10:09:09,1493.5,280612
2021-06-24 10:09:10,1493.5,280612
2021-06-24 10:09:11,1493.9,280617
2021-06-24 10:09:12,1493.9,280617
2021-06-24 10:09:13,1493.9,280663
2021-06-24 10:09:14,1493.95,281166
2021-06-24 10:09:16,1493.95,281186
2021-06-24 10:09:17,1493.95,281186
2021-06-24 10:09:18,1493.95,281186
2021-06-24 10:09:19,1493.95,281192
2021-06-24 10:09:21,1494.0,281390
2021-06-24 10:09:22,1494.0,281390
2021-06-24 10:09:23,1494.0,281390
2021-06-24 10:09:24,1494.0,281390
2021-06-24 10:09:26,1493.95,281410
2021-06-24 10:09:27,1493.95,281410
2021-06-24 10:09:28,1493.95,281479
2021-06-24 10:09:29,1494.85,281677
2021-06-24 10:09:31,1494.1,281678
2021-06-24 10:09:33,1494.1,281678
2021-06-24 10:09:35,1494.1,281678
2021-06-24 10:09:36,1495.0,283372
2021-06-24 10:09:37,1495.0,283372
2021-06-24 10:09:38,1495.0,283373
2021-06-24 10:09:39,1495.0,283373
2021-06-24 10:09:40,1495.0,283373
2021-06-24 10:09:42,1495.0,283373
2021-06-24 10:09:43,1495.0,283374
2021-06-24 10:09:44,1495.0,283377
2021-06-24 10:09:45,1495.0,283477
2021-06-24 10:09:46,1494.55,283678
2021-06-24 10:09:47,1494.55,283678
2021-06-24 10:09:48,1494.55,283678
2021-06-24 10:09:49,1494.55,283678
2021-06-24 10:09:50,1495.0,283753
2021-06-24 10:09:51,1495.0,283816
2021-06-24 10:09:52,1495.0,283816
2021-06-24 10:09:52,1495.0,283816
2021-06-24 10:09:54,1494.95,283869
2021-06-24 10:09:55,1494.95,283869
2021-06-24 10:09:56,1494.95,283869
2021-06-24 10:09:57,1494.95,283869
2021-06-24 10:10:00,1494.95,283919
2021-06-24 10:09:59,1494.95,283869
2021-06-24 10:10:01,1495.0,284023
2021-06-24 10:10:02,1494.55,284192
2021-06-24 10:10:03,1494.55,284192
2021-06-24 10:10:04,1494.55,284192
2021-06-24 10:10:05,1494.55,284192
2021-06-24 10:10:05,1494.55,284192
2021-06-24 10:10:06,1494.55,284192
2021-06-24 10:10:07,1494.55,284193
2021-06-24 10:10:09,1494.55,284193
2021-06-24 10:10:10,1494.55,284193
2021-06-24 10:10:11,1493.85,284243
2021-06-24 10:10:12,1493.85,284243
2021-06-24 10:10:13,1493.85,284243
2021-06-24 10:10:14,1493.85,284243
2021-06-24 10:10:15,1493.85,284243
2021-06-24 10:10:15,1493.65,284293
2021-06-24 10:10:16,1493.65,284293
2021-06-24 10:10:17,1493.65,284293
2021-06-24 10:10:19,1493.65,284293
2021-06-24 10:10:20,1493.65,284293
2021-06-24 10:10:21,1493.65,284293
2021-06-24 10:10:22,1493.5,284310
2021-06-24 10:10:23,1493.5,284363
2021-06-24 10:10:24,1493.5,284363
2021-06-24 10:10:24,1493.5,284363
2021-06-24 10:10:25,1493.8,284378
2021-06-24 10:10:27,1493.8,284378
2021-06-24 10:10:27,1493.8,284378
2021-06-24 10:10:29,1493.8,284378
2021-06-24 10:10:29,1493.8,284378
2021-06-24 10:10:31,1493.8,284378
2021-06-24 10:10:32,1493.5,284395
2021-06-24 10:10:33,1493.5,284395
2021-06-24 10:10:35,1493.5,284407
2021-06-24 10:10:36,1493.5,284407
2021-06-24 10:10:36,1493.5,284407
2021-06-24 10:10:37,1493.5,284407
2021-06-24 10:10:38,1493.5,284407
2021-06-24 10:10:39,1493.5,284407
2021-06-24 10:10:41,1493.5,284407
2021-06-24 10:10:42,1493.5,284407
2021-06-24 10:10:43,1493.5,284407
2021-06-24 10:10:44,1493.5,284407
2021-06-24 10:10:45,1493.45,284490
2021-06-24 10:10:45,1493.45,284490
2021-06-24 10:10:47,1493.45,284490
2021-06-24 10:10:48,1493.45,284490
2021-06-24 10:10:50,1493.45,284490
2021-06-24 10:10:50,1493.6,284675
2021-06-24 10:10:51,1493.6,284675
2021-06-24 10:10:52,1493.6,284675
2021-06-24 10:10:53,1493.6,284675
2021-06-24 10:10:55,1493.6,284675
2021-06-24 10:10:56,1493.3,284724
2021-06-24 10:10:57,1493.3,284724
2021-06-24 10:10:58,1493.3,284724
2021-06-24 10:10:59,1493.3,284724
2021-06-24 10:11:00,1493.25,284742
2021-06-24 10:11:02,1493.25,284742
2021-06-24 10:11:03,1493.25,284742
2021-06-24 10:11:04,1493.25,284742
2021-06-24 10:11:07,1493.25,284742
2021-06-24 10:11:09,1493.05,284747
2021-06-24 10:11:10,1493.05,284747
2021-06-24 10:11:11,1493.05,284767
2021-06-24 10:11:12,1493.05,284767
2021-06-24 10:11:13,1493.05,284831
2021-06-24 10:11:14,1493.05,284831
2021-06-24 10:11:15,1493.05,284831
2021-06-24 10:11:16,1493.05,284831
2021-06-24 10:11:17,1493.05,284831
2021-06-24 10:11:18,1493.05,284831
2021-06-24 10:11:19,1493.05,284831
2021-06-24 10:11:20,1493.05,284831
2021-06-24 10:11:21,1493.95,285016
2021-06-24 10:11:22,1493.95,285016
2021-06-24 10:11:23,1493.95,285016
2021-06-24 10:11:24,1493.95,285016
2021-06-24 10:11:26,1492.95,285095
2021-06-24 10:11:27,1492.95,285095
2021-06-24 10:11:28,1492.95,285095
2021-06-24 10:11:29,1492.95,285095
2021-06-24 10:11:30,1493.75,285196
2021-06-24 10:11:30,1493.75,285196
2021-06-24 10:11:31,1492.95,285201
2021-06-24 10:11:32,1493.65,285280
2021-06-24 10:11:34,1493.65,285280
2021-06-24 10:11:35,1493.65,285280
2021-06-24 10:11:36,1493.65,285280
2021-06-24 10:11:37,1493.65,285280
2021-06-24 10:11:37,1492.85,285299
2021-06-24 10:11:38,1492.85,285299
2021-06-24 10:11:39,1492.85,285299
2021-06-24 10:11:40,1492.85,285304
2021-06-24 10:11:42,1492.85,285304
2021-06-24 10:11:43,1492.85,285304
2021-06-24 10:11:43,1492.85,285304
2021-06-24 10:11:44,1492.85,285304
2021-06-24 10:11:49,1493.3,285359
2021-06-24 10:11:52,1492.85,285476
2021-06-24 10:11:55,1492.6,285523
2021-06-24 10:11:57,1492.5,285623
2021-06-24 10:11:59,1492.5,285623
2021-06-24 10:12:02,1493.45,285643
2021-06-24 10:12:05,1493.45,285643
2021-06-24 10:12:07,1493.45,285643
2021-06-24 10:12:09,1493.45,285643
2021-06-24 10:12:12,1492.55,285646
2021-06-24 10:12:16,1492.55,285646
2021-06-24 10:12:19,1492.55,285646
2021-06-24 10:12:21,1492.6,285663
2021-06-24 10:12:23,1492.6,285663
2021-06-24 10:12:26,1492.6,285663
2021-06-24 10:12:28,1492.6,285663
2021-06-24 10:12:30,1492.6,285663
2021-06-24 10:12:33,1492.6,285718
2021-06-24 10:12:35,1492.6,285718
2021-06-24 10:12:38,1492.6,285718
2021-06-24 10:12:40,1492.6,285718
2021-06-24 10:12:42,1492.6,285718
2021-06-24 10:12:45,1492.7,285792
2021-06-24 10:12:47,1492.7,285792
2021-06-24 10:12:49,1493.4,285811
2021-06-24 10:12:52,1492.7,285838
2021-06-24 10:12:54,1492.7,285838
2021-06-24 10:12:56,1492.7,285838
2021-06-24 10:12:58,1492.7,285838
2021-06-24 10:13:01,1492.7,285901
2021-06-24 10:13:03,1492.55,286141
2021-06-24 10:13:06,1492.45,286154
2021-06-24 10:13:08,1492.45,286154
2021-06-24 10:13:10,1492.7,286155
2021-06-24 10:13:13,1492.4,286231
2021-06-24 10:13:15,1492.4,286251
2021-06-24 10:13:17,1492.4,286251
2021-06-24 10:13:19,1492.25,286265
2021-06-24 10:13:21,1492.25,286265
2021-06-24 10:13:23,1492.25,286265
2021-06-24 10:13:25,1492.2,286289
2021-06-24 10:13:28,1492.0,286521
2021-06-24 10:13:30,1491.9,286525
2021-06-24 10:13:32,1491.75,286547
2021-06-24 10:13:35,1491.75,286547
2021-06-24 10:13:38,1491.75,286547
2021-06-24 10:13:40,1491.35,286564
2021-06-24 10:13:43,1491.5,286666
2021-06-24 10:13:45,1491.5,286666
2021-06-24 10:13:48,1491.5,286666
2021-06-24 10:13:50,1491.5,286696
2021-06-24 10:13:53,1491.5,286746
2021-06-24 10:13:55,1491.55,286839
2021-06-24 10:13:57,1491.55,286863
2021-06-24 10:13:59,1491.75,286864
2021-06-24 10:14:02,1491.75,286864
2021-06-24 10:14:04,1491.75,286864
2021-06-24 10:14:06,1491.75,286905
2021-06-24 10:14:08,1491.75,287000
2021-06-24 10:14:10,1492.5,287100
2021-06-24 10:14:13,1493.2,287205
2021-06-24 10:14:15,1493.2,287205
2021-06-24 10:14:18,1493.2,287205
2021-06-24 10:14:20,1493.2,287205
2021-06-24 10:14:22,1493.2,287205
2021-06-24 10:14:25,1493.2,287205
2021-06-24 10:14:27,1493.15,287280
2021-06-24 10:14:30,1493.15,287280
2021-06-24 10:14:32,1492.95,287525
2021-06-24 10:14:35,1492.95,287525
2021-06-24 10:14:38,1492.8,287653
2021-06-24 10:14:40,1492.95,287698
2021-06-24 10:14:42,1492.95,287698
2021-06-24 10:14:45,1492.95,287698
2021-06-24 10:14:47,1491.95,287715
2021-06-24 10:14:50,1492.9,287753
2021-06-24 10:14:52,1492.5,287755
2021-06-24 10:14:55,1493.5,287945
2021-06-24 10:14:57,1493.5,287945
2021-06-24 10:14:59,1493.5,287945
2021-06-24 10:15:01,1493.5,287945
2021-06-24 10:15:03,1493.5,287945
2021-06-24 10:15:08,1493.5,287945
2021-06-24 10:15:10,1492.65,288025
2021-06-24 10:15:12,1492.65,288025
2021-06-24 10:15:16,1492.65,288025
2021-06-24 10:15:19,1492.65,288025
2021-06-24 10:15:22,1492.65,288025
2021-06-24 10:15:25,1492.65,288025
2021-06-24 10:15:27,1492.65,288025
2021-06-24 10:15:29,1492.65,288025
2021-06-24 10:15:32,1492.65,288025
2021-06-24 10:15:34,1492.65,288025
2021-06-24 10:15:37,1492.65,288025
2021-06-24 10:15:39,1493.5,288104
2021-06-24 10:15:41,1493.5,288104
2021-06-24 10:15:43,1493.5,288152
2021-06-24 10:15:45,1492.85,288166
2021-06-24 10:15:48,1492.85,288166
2021-06-24 10:15:50,1492.85,288166
2021-06-24 10:15:52,1492.85,288168
2021-06-24 10:15:55,1492.85,288168
2021-06-24 10:15:56,1492.85,288292
2021-06-24 10:15:59,1492.85,288292
2021-06-24 10:16:01,1492.85,288292
2021-06-24 10:16:03,1492.85,288292
2021-06-24 10:16:05,1492.8,288309
2021-06-24 10:16:08,1492.8,288309
2021-06-24 10:16:10,1492.6,288373
2021-06-24 10:16:13,1492.5,288443
2021-06-24 10:16:15,1492.4,288460
2021-06-24 10:16:17,1492.6,288470
2021-06-24 10:16:19,1492.6,288470
2021-06-24 10:16:21,1492.6,288470
2021-06-24 10:16:23,1492.6,288470
2021-06-24 10:16:27,1492.0,289022
2021-06-24 10:16:29,1491.75,289280
2021-06-24 10:16:32,1491.75,289280
2021-06-24 10:16:34,1491.75,289280
2021-06-24 10:16:36,1491.75,289280
2021-06-24 10:16:38,1491.7,289297
2021-06-24 10:16:41,1491.7,289343
2021-06-24 10:16:43,1491.7,289343
2021-06-24 10:16:46,1491.7,289343
2021-06-24 10:16:47,1491.7,289343
2021-06-24 10:16:47,1491.7,289343
2021-06-24 10:16:48,1491.7,289343
2021-06-24 10:16:49,1491.7,289343
2021-06-24 10:16:50,1491.7,289343
2021-06-24 10:16:52,1491.7,289343
2021-06-24 10:16:53,1491.7,289343
2021-06-24 10:16:54,1491.0,297083
2021-06-24 10:16:55,1491.0,298812
2021-06-24 10:16:56,1491.0,309845
2021-06-24 10:16:57,1490.95,319130
2021-06-24 10:16:58,1491.9,319230
2021-06-24 10:16:59,1491.9,319230
2021-06-24 10:17:00,1491.9,319230
2021-06-24 10:17:02,1491.9,319230
2021-06-24 10:17:03,1491.9,319230
2021-06-24 10:17:04,1491.9,319230
2021-06-24 10:17:07,1491.9,319230
2021-06-24 10:17:08,1491.9,319230
2021-06-24 10:17:09,1491.9,319230
2021-06-24 10:17:10,1490.95,319242
2021-06-24 10:17:11,1490.95,319242
2021-06-24 10:17:13,1490.95,319242
2021-06-24 10:17:14,1490.95,319242
2021-06-24 10:17:15,1490.95,319242
2021-06-24 10:17:16,1490.95,319242
2021-06-24 10:17:17,1490.95,319242
2021-06-24 10:17:18,1491.0,321137
2021-06-24 10:17:18,1491.0,322512
2021-06-24 10:17:19,1491.0,339262
2021-06-24 10:17:20,1491.0,349386
2021-06-24 10:17:21,1490.95,349553
2021-06-24 10:17:22,1491.0,349654
2021-06-24 10:17:23,1491.0,349654
2021-06-24 10:17:25,1491.0,349654
2021-06-24 10:17:26,1491.0,349654
2021-06-24 10:17:27,1491.0,349654
2021-06-24 10:17:28,1491.0,349654
2021-06-24 10:17:29,1491.0,349654
2021-06-24 10:17:30,1491.0,349667
2021-06-24 10:17:32,1491.0,349667
2021-06-24 10:17:33,1491.0,349667
2021-06-24 10:17:34,1491.05,349685
2021-06-24 10:17:36,1491.05,349692
2021-06-24 10:17:38,1491.05,349692
2021-06-24 10:17:39,1491.05,349692
2021-06-24 10:17:40,1491.05,349692
2021-06-24 10:17:41,1491.05,349692
2021-06-24 10:17:42,1491.05,349692
2021-06-24 10:17:43,1491.05,349692
2021-06-24 10:17:44,1491.05,349692
2021-06-24 10:17:45,1491.05,349692
2021-06-24 10:17:46,1491.05,349692
2021-06-24 10:17:47,1491.05,349692
2021-06-24 10:17:48,1491.05,349692
2021-06-24 10:17:49,1491.05,349692
2021-06-24 10:17:50,1491.0,349709
2021-06-24 10:17:51,1491.0,349709
2021-06-24 10:17:52,1491.0,349709
2021-06-24 10:17:53,1491.0,349709
2021-06-24 10:17:54,1491.05,349779
2021-06-24 10:17:55,1491.05,349779
2021-06-24 10:17:56,1491.05,349779
2021-06-24 10:17:57,1491.05,349779
2021-06-24 10:17:58,1491.05,349779
2021-06-24 10:17:59,1491.0,349979
2021-06-24 10:18:00,1491.0,349979
2021-06-24 10:18:01,1491.0,349979
2021-06-24 10:18:02,1491.0,349979
2021-06-24 10:18:03,1491.0,349979
2021-06-24 10:18:04,1491.0,349979
2021-06-24 10:18:05,1491.0,349979
2021-06-24 10:18:06,1491.0,349979
2021-06-24 10:18:07,1491.0,349980
2021-06-24 10:18:08,1491.0,349980
2021-06-24 10:18:09,1491.0,349980
2021-06-24 10:18:10,1491.0,349980
2021-06-24 10:18:11,1491.0,349980
2021-06-24 10:18:12,1491.0,349997
2021-06-24 10:18:14,1491.0,350064
2021-06-24 10:18:14,1491.0,350202
2021-06-24 10:18:15,1491.0,350202
2021-06-24 10:18:16,1491.0,350202
2021-06-24 10:18:17,1491.0,350202
2021-06-24 10:18:18,1491.0,350202
2021-06-24 10:18:19,1491.3,350243
2021-06-24 10:18:20,1491.3,350243
2021-06-24 10:18:21,1491.3,350243
2021-06-24 10:18:22,1491.3,350243
2021-06-24 10:18:23,1491.3,350243
2021-06-24 10:18:24,1491.3,350243
2021-06-24 10:18:25,1491.3,350243
2021-06-24 10:18:26,1491.3,350243
2021-06-24 10:18:27,1491.0,350424
2021-06-24 10:18:29,1491.0,350424
2021-06-24 10:18:31,1491.0,350424
2021-06-24 10:18:32,1491.3,350434
2021-06-24 10:18:33,1491.3,350434
2021-06-24 10:18:34,1491.3,350434
2021-06-24 10:18:37,1491.3,350434
2021-06-24 10:18:37,1491.3,350434
2021-06-24 10:18:38,1491.3,350434
2021-06-24 10:18:39,1491.3,350434
2021-06-24 10:18:41,1491.0,350441
2021-06-24 10:18:42,1491.0,350541
2021-06-24 10:18:43,1491.0,350541
2021-06-24 10:18:44,1491.0,350541
2021-06-24 10:18:44,1491.6,350551
2021-06-24 10:18:45,1491.6,350551
2021-06-24 10:18:46,1491.6,350551
2021-06-24 10:18:47,1491.6,350551
2021-06-24 10:18:48,1491.6,350551
2021-06-24 10:18:49,1491.6,350551
2021-06-24 10:18:50,1491.6,350551
2021-06-24 10:18:51,1491.6,350551
2021-06-24 10:18:53,1491.6,350551
2021-06-24 10:18:54,1491.6,350551
2021-06-24 10:18:54,1491.6,350551
2021-06-24 10:18:56,1491.3,350568
2021-06-24 10:18:56,1491.3,350568
2021-06-24 10:18:57,1491.3,350568
2021-06-24 10:18:58,1491.3,350568
2021-06-24 10:19:01,1492.0,350569
2021-06-24 10:19:03,1492.0,350569
2021-06-24 10:19:04,1492.0,350569
2021-06-24 10:19:05,1492.0,350569
2021-06-24 10:19:06,1492.0,350569
2021-06-24 10:19:07,1492.0,350694
2021-06-24 10:19:08,1492.25,350999
2021-06-24 10:19:09,1492.25,350999
2021-06-24 10:19:10,1491.75,351016
2021-06-24 10:19:11,1491.75,351016
2021-06-24 10:19:12,1491.75,351016
2021-06-24 10:19:13,1491.75,351016
2021-06-24 10:19:14,1491.75,351016
2021-06-24 10:19:15,1491.75,351016
2021-06-24 10:19:16,1492.25,351070
2021-06-24 10:19:17,1492.25,351117
2021-06-24 10:19:18,1492.25,351117
2021-06-24 10:19:19,1492.25,351117
2021-06-24 10:19:20,1492.25,351117
2021-06-24 10:19:21,1492.25,351117
2021-06-24 10:19:22,1492.25,351117
2021-06-24 10:19:23,1492.25,351117
2021-06-24 10:19:24,1492.25,351144
2021-06-24 10:19:25,1492.25,351163
2021-06-24 10:19:26,1492.25,351163
2021-06-24 10:19:27,1492.25,351231
2021-06-24 10:19:28,1492.25,351231
2021-06-24 10:19:29,1492.25,351231
2021-06-24 10:19:30,1492.25,351231
2021-06-24 10:19:31,1492.25,351231
2021-06-24 10:19:32,1492.25,351231
2021-06-24 10:19:34,1492.25,351231
2021-06-24 10:19:35,1492.25,351231
2021-06-24 10:19:37,1492.25,351231
2021-06-24 10:19:38,1492.25,351241
2021-06-24 10:19:39,1491.65,351244
2021-06-24 10:19:40,1491.65,351244
2021-06-24 10:19:41,1491.65,351244
2021-06-24 10:19:42,1491.65,351261
2021-06-24 10:19:44,1492.5,351323
2021-06-24 10:19:44,1492.5,351323
2021-06-24 10:19:45,1492.5,351323
2021-06-24 10:19:46,1492.5,351323
2021-06-24 10:19:47,1492.5,351323
2021-06-24 10:19:48,1492.5,351323
2021-06-24 10:19:50,1492.5,351323
2021-06-24 10:19:51,1492.5,351323
2021-06-24 10:19:52,1492.4,351380
2021-06-24 10:19:53,1492.4,351380
2021-06-24 10:19:54,1492.4,351380
2021-06-24 10:19:55,1492.4,351380
2021-06-24 10:19:56,1492.4,351380
2021-06-24 10:19:57,1492.4,351380
2021-06-24 10:19:58,1492.4,351380
2021-06-24 10:19:59,1492.4,351380
2021-06-24 10:20:00,1492.4,351380
2021-06-24 10:20:01,1492.4,351380
2021-06-24 10:20:02,1492.4,351380
2021-06-24 10:20:03,1492.85,351880
2021-06-24 10:20:05,1492.85,351880
2021-06-24 10:20:06,1492.85,351880
2021-06-24 10:20:08,1492.6,351955
2021-06-24 10:20:09,1492.6,351955
2021-06-24 10:20:10,1492.0,351972
2021-06-24 10:20:11,1492.0,351972
2021-06-24 10:20:12,1492.0,351972
2021-06-24 10:20:13,1492.0,351972
2021-06-24 10:20:14,1492.0,351972
2021-06-24 10:20:15,1492.0,351972
2021-06-24 10:20:16,1492.0,351972
2021-06-24 10:20:18,1492.5,352051
2021-06-24 10:20:21,1492.5,352051
2021-06-24 10:20:22,1492.5,352051
2021-06-24 10:20:24,1492.5,352051
2021-06-24 10:20:25,1492.5,352051
2021-06-24 10:20:26,1492.5,352051
2021-06-24 10:20:27,1492.5,352051
2021-06-24 10:20:29,1492.5,352051
2021-06-24 10:20:29,1492.5,352051
2021-06-24 10:20:30,1492.5,352051
2021-06-24 10:20:31,1492.5,352051
2021-06-24 10:20:33,1492.75,352178
2021-06-24 10:20:35,1492.75,352178
2021-06-24 10:20:36,1492.75,352178
2021-06-24 10:20:37,1492.75,352178
2021-06-24 10:20:38,1492.7,352278
2021-06-24 10:20:40,1492.7,352278
2021-06-24 10:20:41,1492.7,352278
2021-06-24 10:20:41,1492.7,352278
2021-06-24 10:20:42,1492.7,352278
2021-06-24 10:20:43,1492.7,352278
2021-06-24 10:20:45,1492.7,352278
2021-06-24 10:20:46,1492.7,352278
2021-06-24 10:20:47,1492.7,352278
2021-06-24 10:20:48,1492.7,352278
2021-06-24 10:20:49,1492.7,352278
2021-06-24 10:20:50,1492.5,352330
2021-06-24 10:20:51,1492.5,352330
2021-06-24 10:20:52,1492.5,352330
2021-06-24 10:20:54,1492.5,352330
2021-06-24 10:20:55,1492.5,352330
2021-06-24 10:20:56,1492.5,352330
2021-06-24 10:20:57,1492.5,352430
2021-06-24 10:20:58,1492.5,352430
2021-06-24 10:21:00,1492.65,352489
2021-06-24 10:21:01,1492.0,352626
2021-06-24 10:21:02,1492.0,352626
2021-06-24 10:21:02,1492.0,352626
2021-06-24 10:21:03,1492.0,352626
2021-06-24 10:21:04,1492.0,352626
2021-06-24 10:21:05,1492.0,352626
2021-06-24 10:21:06,1492.0,352626
2021-06-24 10:21:07,1492.0,352626
2021-06-24 10:21:09,1492.0,352626
2021-06-24 10:21:10,1492.0,352636
2021-06-24 10:21:11,1492.0,352636
2021-06-24 10:21:13,1492.0,352636
2021-06-24 10:21:13,1492.0,352636
2021-06-24 10:21:15,1492.0,352653
2021-06-24 10:21:17,1492.0,352661
2021-06-24 10:21:18,1492.0,352661
2021-06-24 10:21:19,1492.0,352681
2021-06-24 10:21:20,1492.0,352681
2021-06-24 10:21:21,1492.0,352681
2021-06-24 10:21:22,1492.0,352681
2021-06-24 10:21:24,1492.5,352752
2021-06-24 10:21:25,1492.5,352752
2021-06-24 10:21:27,1492.5,352752
2021-06-24 10:21:28,1492.5,352752
2021-06-24 10:21:29,1492.5,352752
2021-06-24 10:21:31,1492.0,352769
2021-06-24 10:21:32,1492.0,352769
2021-06-24 10:21:35,1492.0,352769
2021-06-24 10:21:36,1492.0,353269
2021-06-24 10:21:37,1492.0,353269
2021-06-24 10:21:38,1492.0,353269
2021-06-24 10:21:39,1492.0,353269
2021-06-24 10:21:40,1491.75,353289
2021-06-24 10:21:42,1491.75,353289
2021-06-24 10:21:43,1491.75,353289
2021-06-24 10:21:44,1491.75,353289
2021-06-24 10:21:45,1491.75,353289
2021-06-24 10:21:47,1491.75,353289
2021-06-24 10:21:48,1491.75,353289
2021-06-24 10:21:49,1491.75,353289
2021-06-24 10:21:50,1491.8,353301
2021-06-24 10:21:52,1491.8,353301
2021-06-24 10:21:53,1491.8,353301
2021-06-24 10:21:54,1492.5,353302
2021-06-24 10:21:55,1492.5,353302
2021-06-24 10:21:56,1492.5,353302
2021-06-24 10:21:57,1492.5,353302
2021-06-24 10:21:58,1492.5,353302
2021-06-24 10:21:59,1492.5,353302
2021-06-24 10:22:01,1492.5,353302
2021-06-24 10:22:02,1491.8,353319
2021-06-24 10:22:03,1491.8,353319
2021-06-24 10:22:06,1492.5,353374
2021-06-24 10:22:07,1492.5,353374
2021-06-24 10:22:08,1492.5,353374
2021-06-24 10:22:09,1492.5,353374
2021-06-24 10:22:10,1492.5,353374
2021-06-24 10:22:11,1492.15,353399
2021-06-24 10:22:12,1492.15,353399
2021-06-24 10:22:13,1492.15,353409
2021-06-24 10:22:13,1492.15,353409
2021-06-24 10:22:14,1492.75,353489
2021-06-24 10:22:15,1492.75,353551
2021-06-24 10:22:16,1492.75,353551
2021-06-24 10:22:18,1492.75,353551
2021-06-24 10:22:19,1492.75,353551
2021-06-24 10:22:19,1492.75,353551
2021-06-24 10:22:20,1491.9,353602
2021-06-24 10:22:21,1491.9,353602
2021-06-24 10:22:22,1491.9,353602
2021-06-24 10:22:23,1491.9,353602
2021-06-24 10:22:24,1491.9,353602
2021-06-24 10:22:25,1491.9,353602
2021-06-24 10:22:26,1491.9,353602
2021-06-24 10:22:27,1491.9,353602
2021-06-24 10:22:29,1491.9,353602
2021-06-24 10:22:29,1491.9,353602
2021-06-24 10:22:31,1492.75,353679
2021-06-24 10:22:33,1492.75,353679
2021-06-24 10:22:32,1492.75,353679
2021-06-24 10:22:34,1492.75,353679
2021-06-24 10:22:35,1492.75,353679
2021-06-24 10:22:36,1492.05,353694
2021-06-24 10:22:37,1492.05,353694
2021-06-24 10:22:39,1492.05,353694
2021-06-24 10:22:40,1492.05,353696
2021-06-24 10:22:40,1492.05,353696
2021-06-24 10:22:42,1492.05,353696
2021-06-24 10:22:42,1492.05,353696
2021-06-24 10:22:43,1492.05,353696
2021-06-24 10:22:45,1492.05,353696
2021-06-24 10:22:45,1492.05,353696
2021-06-24 10:22:47,1492.05,353696
2021-06-24 10:22:48,1492.05,353696
2021-06-24 10:22:50,1493.0,353761
2021-06-24 10:22:49,1493.0,353761
2021-06-24 10:22:53,1492.2,353861
2021-06-24 10:22:55,1492.2,353861
2021-06-24 10:22:56,1492.2,353861
2021-06-24 10:22:56,1492.2,353861
2021-06-24 10:22:58,1493.2,353930
2021-06-24 10:22:58,1493.2,353930
2021-06-24 10:22:59,1493.2,353930
2021-06-24 10:23:01,1493.2,353930
2021-06-24 10:23:02,1492.3,354030
2021-06-24 10:23:02,1492.3,354030
2021-06-24 10:23:03,1492.3,354030
2021-06-24 10:23:04,1492.3,354030
2021-06-24 10:23:05,1492.3,354030
2021-06-24 10:23:06,1492.3,354030
2021-06-24 10:23:08,1492.35,354105
2021-06-24 10:23:09,1493.3,354180
2021-06-24 10:23:10,1493.3,354180
2021-06-24 10:23:11,1493.3,354180
2021-06-24 10:23:12,1493.3,354180
2021-06-24 10:23:13,1493.3,354180
2021-06-24 10:23:15,1492.35,354188
2021-06-24 10:23:16,1492.35,354205
2021-06-24 10:23:17,1492.35,354205
2021-06-24 10:23:18,1492.35,354205
2021-06-24 10:23:19,1492.35,354205
2021-06-24 10:23:20,1492.35,354205
2021-06-24 10:23:21,1492.35,354205
2021-06-24 10:23:22,1492.35,354205
2021-06-24 10:23:23,1492.35,354205
2021-06-24 10:23:24,1493.15,354254
2021-06-24 10:23:25,1493.15,354254
2021-06-24 10:23:26,1493.15,354254
2021-06-24 10:23:27,1493.15,354254
2021-06-24 10:23:28,1492.5,354324
2021-06-24 10:23:29,1492.5,354324
2021-06-24 10:23:30,1492.5,354324
2021-06-24 10:23:31,1492.5,354324
2021-06-24 10:23:32,1492.5,354324
2021-06-24 10:23:33,1492.5,354324
2021-06-24 10:23:34,1492.5,354324
2021-06-24 10:23:35,1492.5,354324
2021-06-24 10:23:36,1492.5,354324
2021-06-24 10:23:39,1492.5,354324
2021-06-24 10:23:40,1493.15,354408
2021-06-24 10:23:41,1493.15,354408
2021-06-24 10:23:42,1492.5,354421
2021-06-24 10:23:43,1492.5,354421
2021-06-24 10:23:45,1492.5,354421
2021-06-24 10:23:46,1492.5,354421
2021-06-24 10:23:47,1492.5,354421
2021-06-24 10:23:48,1492.5,354421
2021-06-24 10:23:49,1492.5,354421
2021-06-24 10:23:50,1492.5,354421
2021-06-24 10:23:51,1492.5,354421
2021-06-24 10:23:53,1492.5,354421
2021-06-24 10:23:54,1492.5,354421
2021-06-24 10:23:55,1492.5,354421
2021-06-24 10:23:56,1492.5,354421
2021-06-24 10:23:57,1492.5,354421
2021-06-24 10:23:58,1493.15,354468
2021-06-24 10:23:59,1493.15,354468
2021-06-24 10:24:00,1492.5,354483
2021-06-24 10:24:01,1492.5,354493
2021-06-24 10:24:02,1492.5,354493
2021-06-24 10:24:03,1492.5,354533
2021-06-24 10:24:04,1492.5,354533
2021-06-24 10:24:05,1492.5,354533
2021-06-24 10:24:06,1492.5,354533
2021-06-24 10:24:07,1492.5,354533
2021-06-24 10:24:08,1492.5,354533
2021-06-24 10:24:09,1492.5,354533
2021-06-24 10:24:10,1492.5,354533
2021-06-24 10:24:11,1492.5,354533
2021-06-24 10:24:12,1492.5,354533
2021-06-24 10:24:13,1492.65,354583
2021-06-24 10:24:14,1492.65,354583
2021-06-24 10:24:15,1492.65,354583
2021-06-24 10:24:16,1493.55,354648
2021-06-24 10:24:18,1493.55,354648
2021-06-24 10:24:19,1493.55,354648
2021-06-24 10:24:20,1493.55,354648
2021-06-24 10:24:21,1493.35,354971
2021-06-24 10:24:23,1493.35,354971
2021-06-24 10:24:24,1493.35,354971
2021-06-24 10:24:26,1493.35,354971
2021-06-24 10:24:27,1493.35,354971
2021-06-24 10:24:29,1493.35,354971
2021-06-24 10:24:28,1493.35,354971
2021-06-24 10:24:30,1493.35,354971
2021-06-24 10:24:31,1493.35,354971
2021-06-24 10:24:32,1493.35,354971
2021-06-24 10:24:33,1493.35,354971
2021-06-24 10:24:35,1493.35,354971
2021-06-24 10:24:36,1493.35,354971
2021-06-24 10:24:37,1493.35,354971
2021-06-24 10:24:38,1493.35,354971
2021-06-24 10:24:39,1493.35,354971
2021-06-24 10:24:40,1493.35,354971
2021-06-24 10:24:41,1493.35,354971
2021-06-24 10:24:42,1493.35,354971
2021-06-24 10:24:43,1493.35,354971
2021-06-24 10:24:44,1492.8,354988
2021-06-24 10:24:45,1492.8,354988
2021-06-24 10:24:46,1493.4,354989
2021-06-24 10:24:47,1493.4,355062
2021-06-24 10:24:48,1493.4,355062
2021-06-24 10:24:49,1493.4,355062
2021-06-24 10:24:50,1493.4,355062
2021-06-24 10:24:53,1493.4,355062
2021-06-24 10:24:54,1493.4,355062
2021-06-24 10:24:57,1493.4,355062
2021-06-24 10:24:58,1493.4,355062
2021-06-24 10:24:59,1493.4,355062
2021-06-24 10:25:00,1493.4,355062
2021-06-24 10:25:01,1493.4,355062
2021-06-24 10:25:02,1493.0,355128
2021-06-24 10:25:03,1493.0,355128
2021-06-24 10:25:04,1492.8,355149
2021-06-24 10:25:05,1492.8,355149
2021-06-24 10:25:07,1492.8,355149
2021-06-24 10:25:08,1492.8,355151
2021-06-24 10:25:09,1492.8,355151
2021-06-24 10:25:10,1492.8,355151
2021-06-24 10:25:11,1492.8,355152
2021-06-24 10:25:13,1492.8,355164
2021-06-24 10:25:12,1492.8,355161
2021-06-24 10:25:14,1493.0,355362
2021-06-24 10:25:15,1493.0,355362
2021-06-24 10:25:16,1493.0,355362
2021-06-24 10:25:17,1493.0,355362
2021-06-24 10:25:19,1493.0,355419
2021-06-24 10:25:20,1493.0,355419
2021-06-24 10:25:21,1493.0,355420
2021-06-24 10:25:22,1493.0,355420
2021-06-24 10:25:23,1493.0,355420
2021-06-24 10:25:24,1493.0,355420
2021-06-24 10:25:25,1493.0,355420
2021-06-24 10:25:26,1493.0,355477
2021-06-24 10:25:27,1493.0,355477
2021-06-24 10:25:29,1493.0,355477
2021-06-24 10:25:30,1493.0,355477
2021-06-24 10:25:30,1493.0,355477
2021-06-24 10:25:31,1492.8,355512
2021-06-24 10:25:32,1492.8,355529
2021-06-24 10:25:33,1492.8,355529
2021-06-24 10:25:34,1493.25,355705
2021-06-24 10:25:35,1493.25,355705
2021-06-24 10:25:37,1493.25,355705
2021-06-24 10:25:38,1493.25,355705
2021-06-24 10:25:38,1493.25,355705
2021-06-24 10:25:39,1493.25,355705
2021-06-24 10:25:40,1493.25,355705
2021-06-24 10:25:41,1493.25,355705
2021-06-24 10:25:42,1493.2,355712
2021-06-24 10:25:44,1493.2,355712
2021-06-24 10:25:44,1493.2,355712
2021-06-24 10:25:45,1493.2,355712
2021-06-24 10:25:46,1493.2,355712
2021-06-24 10:25:47,1493.2,355712
2021-06-24 10:25:48,1493.2,355712
2021-06-24 10:25:50,1493.2,355712
2021-06-24 10:25:51,1493.2,355712
2021-06-24 10:25:53,1493.25,355754
2021-06-24 10:25:54,1493.25,355754
2021-06-24 10:25:54,1493.25,355754
2021-06-24 10:25:55,1493.25,355754
2021-06-24 10:25:56,1493.25,355754
2021-06-24 10:25:57,1493.25,355754
2021-06-24 10:25:58,1493.25,355754
2021-06-24 10:25:59,1493.25,355754
2021-06-24 10:26:00,1493.25,355754
2021-06-24 10:26:01,1493.25,355754
2021-06-24 10:26:02,1493.25,355754
2021-06-24 10:26:03,1493.25,355754
2021-06-24 10:26:04,1493.25,355754
2021-06-24 10:26:05,1493.25,355754
2021-06-24 10:26:07,1493.25,355754
2021-06-24 10:26:07,1493.25,355754
2021-06-24 10:26:09,1493.25,355754
2021-06-24 10:26:10,1493.25,355754
2021-06-24 10:26:11,1493.55,355833
2021-06-24 10:26:12,1493.55,355833
2021-06-24 10:26:14,1493.55,355833
2021-06-24 10:26:14,1493.55,355833
2021-06-24 10:26:15,1493.55,355833
2021-06-24 10:26:16,1493.55,355833
2021-06-24 10:26:17,1493.55,355833
2021-06-24 10:26:18,1493.25,355882
2021-06-24 10:26:19,1493.25,355882
2021-06-24 10:26:20,1493.25,355882
2021-06-24 10:26:21,1493.25,355882
2021-06-24 10:26:22,1493.25,355883
2021-06-24 10:26:23,1493.25,355883
2021-06-24 10:26:24,1493.25,355883
2021-06-24 10:26:26,1493.25,355883
2021-06-24 10:26:27,1493.25,355883
2021-06-24 10:26:28,1493.25,355883
2021-06-24 10:26:29,1493.25,355883
2021-06-24 10:26:29,1493.25,355883
2021-06-24 10:26:30,1493.25,355883
2021-06-24 10:26:31,1493.25,355883
2021-06-24 10:26:32,1493.25,355883
2021-06-24 10:26:34,1493.25,355883
2021-06-24 10:26:34,1493.55,355888
2021-06-24 10:26:35,1493.55,355888
2021-06-24 10:26:36,1493.55,355937
2021-06-24 10:26:38,1493.55,355937
2021-06-24 10:26:38,1493.55,355937
2021-06-24 10:26:39,1493.55,355937
2021-06-24 10:26:40,1493.3,355953
2021-06-24 10:26:41,1493.3,355953
2021-06-24 10:26:42,1493.3,355954
2021-06-24 10:26:44,1493.55,356034
2021-06-24 10:26:44,1494.2,356195
2021-06-24 10:26:46,1493.3,356253
2021-06-24 10:26:48,1493.3,356253
2021-06-24 10:26:50,1493.3,356253
2021-06-24 10:26:52,1493.3,356272
2021-06-24 10:26:55,1493.9,356345
2021-06-24 10:26:57,1493.9,356345
2021-06-24 10:26:59,1493.4,356355
2021-06-24 10:27:02,1493.4,356355
2021-06-24 10:27:04,1493.95,356361
2021-06-24 10:27:07,1493.3,356617
2021-06-24 10:27:09,1493.3,356617
2021-06-24 10:27:12,1493.9,356707
2021-06-24 10:27:13,1493.9,356707
2021-06-24 10:27:15,1493.9,356707
2021-06-24 10:27:17,1493.9,356710
2021-06-24 10:27:20,1493.9,356710
2021-06-24 10:27:22,1493.9,356711
2021-06-24 10:27:24,1493.9,356711
2021-06-24 10:27:28,1493.85,356779
2021-06-24 10:27:30,1493.85,356779
2021-06-24 10:27:33,1493.9,356780
2021-06-24 10:27:35,1493.9,356780
2021-06-24 10:27:37,1493.9,356780
2021-06-24 10:27:38,1493.9,356780
2021-06-24 10:27:41,1493.3,356884
2021-06-24 10:27:43,1493.3,356900
2021-06-24 10:27:45,1493.3,356900
2021-06-24 10:27:48,1494.0,356976
2021-06-24 10:27:50,1494.0,356976
2021-06-24 10:27:52,1494.0,356976
2021-06-24 10:27:54,1494.0,356976
2021-06-24 10:27:57,1494.0,356976
2021-06-24 10:27:59,1494.0,356976
2021-06-24 10:28:01,1494.0,356976
2021-06-24 10:28:03,1493.95,357024
2021-06-24 10:28:06,1493.95,357024
2021-06-24 10:28:08,1493.3,357041
2021-06-24 10:28:10,1494.0,357190
2021-06-24 10:28:12,1493.3,357307
2021-06-24 10:28:14,1493.3,357307
2021-06-24 10:28:16,1493.3,357307
2021-06-24 10:28:18,1493.2,357337
2021-06-24 10:28:21,1493.9,357387
2021-06-24 10:28:24,1493.9,357387
2021-06-24 10:28:26,1493.2,357401
2021-06-24 10:28:29,1493.2,357401
2021-06-24 10:28:31,1493.2,357401
2021-06-24 10:28:35,1493.2,357496
2021-06-24 10:28:37,1493.2,357496
2021-06-24 10:28:40,1493.65,357499
2021-06-24 10:28:41,1493.65,357499
2021-06-24 10:28:44,1493.65,357499
2021-06-24 10:28:46,1493.65,357499
2021-06-24 10:28:48,1493.65,357499
2021-06-24 10:28:50,1493.0,357524
2021-06-24 10:28:52,1492.9,357687
2021-06-24 10:28:54,1492.9,357687
2021-06-24 10:28:56,1492.9,357687
2021-06-24 10:28:58,1492.9,357687
2021-06-24 10:29:00,1492.9,357687
2021-06-24 10:29:02,1493.0,357704
2021-06-24 10:29:04,1493.0,357704
2021-06-24 10:29:06,1493.0,357704
2021-06-24 10:29:08,1493.0,357704
2021-06-24 10:29:10,1493.0,357920
2021-06-24 10:29:12,1493.0,357920
2021-06-24 10:29:14,1493.0,357920
2021-06-24 10:29:17,1492.6,358036
2021-06-24 10:29:19,1492.6,358036
2021-06-24 10:29:21,1492.1,358044
2021-06-24 10:29:23,1492.0,358048
2021-06-24 10:29:24,1491.85,358053
2021-06-24 10:29:26,1491.85,358053
2021-06-24 10:29:28,1492.0,358058
2021-06-24 10:29:30,1492.0,358093
2021-06-24 10:29:32,1492.0,358093
2021-06-24 10:29:34,1492.0,358093
2021-06-24 10:29:37,1492.0,358093
2021-06-24 10:29:39,1492.0,358098
2021-06-24 10:29:42,1491.75,358116
2021-06-24 10:29:44,1491.75,358116
2021-06-24 10:29:47,1491.75,358139
2021-06-24 10:29:49,1491.75,358139
2021-06-24 10:29:51,1492.0,358142
2021-06-24 10:29:53,1492.0,358142
2021-06-24 10:29:56,1492.0,358143
2021-06-24 10:29:58,1492.0,358183
2021-06-24 10:30:00,1492.0,358183
2021-06-24 10:30:02,1492.0,358189
2021-06-24 10:30:05,1492.0,358194
2021-06-24 10:30:07,1491.75,358207
2021-06-24 10:30:09,1491.45,358358
2021-06-24 10:30:11,1492.9,358858
2021-06-24 10:30:13,1492.9,358858
2021-06-24 10:30:15,1492.9,358858
2021-06-24 10:30:17,1492.9,358858
2021-06-24 10:30:19,1492.9,358858
2021-06-24 10:30:23,1491.4,359008
2021-06-24 10:30:25,1491.4,359008
2021-06-24 10:30:28,1492.3,359012
2021-06-24 10:30:29,1492.3,359012
2021-06-24 10:30:32,1491.4,359062
2021-06-24 10:30:34,1491.4,359062
2021-06-24 10:30:36,1491.4,359062
2021-06-24 10:30:38,1491.4,359062
2021-06-24 10:30:40,1491.4,359079
2021-06-24 10:30:42,1491.4,359079
2021-06-24 10:30:44,1491.4,359119
2021-06-24 10:30:46,1491.4,359119
2021-06-24 10:30:49,1491.4,359119
2021-06-24 10:30:51,1491.4,359119
2021-06-24 10:30:53,1491.35,359136
2021-06-24 10:30:55,1491.35,359136
2021-06-24 10:30:57,1491.35,359136
2021-06-24 10:30:59,1491.35,359136
2021-06-24 10:31:02,1491.8,359206
2021-06-24 10:31:04,1491.8,359206
2021-06-24 10:31:06,1491.8,359206
2021-06-24 10:31:08,1491.8,359206
2021-06-24 10:31:10,1491.8,359206
2021-06-24 10:31:12,1491.35,359223
2021-06-24 10:31:14,1491.35,359224
2021-06-24 10:31:17,1491.0,360485
2021-06-24 10:31:19,1491.0,360596
2021-06-24 10:31:21,1491.0,360596
2021-06-24 10:31:23,1491.0,360599
2021-06-24 10:31:25,1491.4,360619
2021-06-24 10:31:27,1491.4,360619
2021-06-24 10:31:31,1491.4,360620
2021-06-24 10:31:33,1491.0,360788
2021-06-24 10:31:35,1491.0,360788
2021-06-24 10:31:37,1491.0,360793
2021-06-24 10:31:39,1491.0,360811
2021-06-24 10:31:43,1491.4,360923
2021-06-24 10:31:45,1491.4,360923
2021-06-24 10:31:49,1491.4,360923
2021-06-24 10:31:51,1491.4,360923
2021-06-24 10:31:53,1491.4,360923
2021-06-24 10:31:55,1491.4,361023
2021-06-24 10:31:58,1491.0,361044
2021-06-24 10:32:00,1491.0,361044
2021-06-24 10:32:02,1491.0,361044
2021-06-24 10:32:05,1491.0,361498
2021-06-24 10:32:08,1491.0,361498
2021-06-24 10:32:10,1491.0,361562
2021-06-24 10:32:13,1491.7,361579
2021-06-24 10:32:16,1492.2,361584
2021-06-24 10:32:18,1491.4,361684
2021-06-24 10:32:20,1492.5,361718
2021-06-24 10:32:22,1492.5,361718
2021-06-24 10:32:25,1492.0,361784
2021-06-24 10:32:27,1491.6,361833
2021-06-24 10:32:29,1492.45,362061
2021-06-24 10:32:32,1491.2,362138
2021-06-24 10:32:34,1491.35,362139
2021-06-24 10:32:37,1491.35,362139
2021-06-24 10:32:39,1492.5,362307
2021-06-24 10:32:41,1492.5,362307
2021-06-24 10:32:44,1492.5,362307
2021-06-24 10:32:46,1492.5,362307
2021-06-24 10:32:48,1492.5,362307
2021-06-24 10:32:50,1492.5,362307
2021-06-24 10:32:53,1492.5,362308
2021-06-24 10:32:55,1491.9,362309
2021-06-24 10:32:57,1491.9,362309
2021-06-24 10:32:59,1491.9,362309
2021-06-24 10:33:01,1491.9,362309
2021-06-24 10:33:04,1492.2,362381
2021-06-24 10:33:06,1492.2,362381
2021-06-24 10:33:09,1492.2,362381
2021-06-24 10:33:15,1492.9,362580
2021-06-24 10:33:18,1492.2,362680
2021-06-24 10:33:20,1492.2,362680
2021-06-24 10:33:22,1492.2,362680
2021-06-24 10:33:24,1492.2,362680
2021-06-24 10:33:26,1492.2,362680
2021-06-24 10:33:29,1492.2,362680
2021-06-24 10:33:31,1492.9,362754
2021-06-24 10:33:33,1493.0,363023
2021-06-24 10:33:35,1493.0,363023
2021-06-24 10:33:37,1493.0,363023
2021-06-24 10:33:39,1493.0,363023
2021-06-24 10:33:41,1493.0,363023
2021-06-24 10:33:43,1493.0,363023
2021-06-24 10:33:45,1493.4,363048
2021-06-24 10:33:47,1493.4,363048
2021-06-24 10:33:50,1493.4,363048
2021-06-24 10:33:52,1493.5,363116
2021-06-24 10:33:54,1493.5,363116
2021-06-24 10:33:56,1493.5,363116
2021-06-24 10:33:58,1493.5,363116
2021-06-24 10:34:00,1493.5,363116
2021-06-24 10:34:03,1493.5,363116
2021-06-24 10:34:05,1493.45,363170
2021-06-24 10:34:07,1493.45,363170
2021-06-24 10:34:09,1493.45,363170
2021-06-24 10:34:11,1493.45,363170
2021-06-24 10:34:13,1493.45,363249
2021-06-24 10:34:14,1493.45,363249
2021-06-24 10:34:16,1492.55,363299
2021-06-24 10:34:18,1492.55,363299
2021-06-24 10:34:20,1492.55,363299
2021-06-24 10:34:22,1492.55,363299
2021-06-24 10:34:24,1492.65,363313
2021-06-24 10:34:26,1492.65,363313
2021-06-24 10:34:28,1492.65,363313
2021-06-24 10:34:31,1492.65,363313
2021-06-24 10:34:33,1494.0,363582
2021-06-24 10:34:36,1494.0,363582
2021-06-24 10:34:38,1494.45,363666
2021-06-24 10:34:40,1494.45,363666
2021-06-24 10:34:42,1494.45,363666
2021-06-24 10:34:44,1494.45,363666
2021-06-24 10:34:46,1494.35,363806
2021-06-24 10:34:49,1494.15,363839
2021-06-24 10:34:51,1494.35,363840
2021-06-24 10:34:53,1494.35,363840
2021-06-24 10:34:55,1494.35,363840
2021-06-24 10:35:00,1494.35,363840
2021-06-24 10:35:02,1494.35,363840
2021-06-24 10:35:04,1493.95,363857
2021-06-24 10:35:06,1493.95,363858
2021-06-24 10:35:08,1493.95,363858
2021-06-24 10:35:10,1493.95,363858
2021-06-24 10:35:12,1493.95,363858
2021-06-24 10:35:15,1493.95,363858
2021-06-24 10:35:17,1493.95,363858
2021-06-24 10:35:19,1493.95,363858
2021-06-24 10:35:21,1493.95,363858
2021-06-24 10:35:23,1493.95,363858
2021-06-24 10:35:25,1493.95,363858
2021-06-24 10:35:27,1493.95,363858
2021-06-24 10:35:29,1493.95,363858
2021-06-24 10:35:30,1493.95,363858
2021-06-24 10:35:32,1493.95,363858
2021-06-24 10:35:34,1493.95,363858
2021-06-24 10:35:37,1494.15,363924
2021-06-24 10:35:39,1493.95,363935
2021-06-24 10:35:43,1493.95,363935
2021-06-24 10:35:45,1493.95,363935
2021-06-24 10:35:47,1492.95,364935
2021-06-24 10:35:49,1492.95,364935
2021-06-24 10:35:51,1494.1,365051
2021-06-24 10:35:53,1494.1,365051
2021-06-24 10:35:55,1494.1,365051
2021-06-24 10:35:56,1493.4,365055
2021-06-24 10:35:58,1493.4,365055
2021-06-24 10:36:00,1493.4,365055
2021-06-24 10:36:02,1493.4,365055
2021-06-24 10:36:04,1493.4,365055
2021-06-24 10:36:06,1494.1,365105
2021-06-24 10:36:07,1494.1,365105
2021-06-24 10:36:09,1494.7,367873
2021-06-24 10:36:11,1494.7,367873
2021-06-24 10:36:13,1494.7,367873
2021-06-24 10:36:15,1494.7,367873
2021-06-24 10:36:17,1494.7,367873
2021-06-24 10:36:19,1494.9,367881
2021-06-24 10:36:20,1495.5,368436
2021-06-24 10:36:22,1495.5,368436
2021-06-24 10:36:24,1495.55,368439
2021-06-24 10:36:26,1495.55,368441
2021-06-24 10:36:28,1495.55,368441
2021-06-24 10:36:30,1495.55,368445
2021-06-24 10:36:32,1495.55,368447
2021-06-24 10:36:34,1495.55,368447
2021-06-24 10:36:36,1495.55,368450
2021-06-24 10:36:38,1495.55,368453
2021-06-24 10:36:40,1495.15,368455
2021-06-24 10:36:42,1495.15,368465
2021-06-24 10:36:44,1495.6,368471
2021-06-24 10:36:46,1495.6,368471
2021-06-24 10:36:48,1495.55,368474
2021-06-24 10:36:50,1495.55,368476
2021-06-24 10:36:52,1495.55,368476
2021-06-24 10:36:54,1495.55,368485
2021-06-24 10:36:56,1495.55,368530
2021-06-24 10:36:58,1495.55,368530
2021-06-24 10:37:00,1495.5,368550
2021-06-24 10:37:02,1495.5,368550
2021-06-24 10:37:04,1495.5,368550
2021-06-24 10:37:07,1495.5,368550
2021-06-24 10:37:09,1495.5,368550
2021-06-24 10:37:11,1495.5,368597
2021-06-24 10:37:14,1495.5,368597
2021-06-24 10:37:16,1495.5,368597
2021-06-24 10:37:19,1495.5,368597
2021-06-24 10:37:21,1495.5,368599
2021-06-24 10:37:23,1495.5,368751
2021-06-24 10:37:25,1495.5,368751
2021-06-24 10:37:27,1495.55,368761
2021-06-24 10:37:29,1495.5,369212
2021-06-24 10:37:31,1495.5,369212
2021-06-24 10:37:33,1495.5,369212
2021-06-24 10:37:37,1495.1,369279
2021-06-24 10:37:38,1495.6,369448
2021-06-24 10:37:40,1495.6,369448
2021-06-24 10:37:42,1495.6,369448
2021-06-24 10:37:44,1495.6,369508
2021-06-24 10:37:46,1495.6,369508
2021-06-24 10:37:48,1495.6,369508
2021-06-24 10:37:50,1495.95,369557
2021-06-24 10:37:52,1495.35,369600
2021-06-24 10:37:54,1495.35,369600
2021-06-24 10:37:56,1495.95,369720
2021-06-24 10:37:58,1495.95,369720
2021-06-24 10:37:59,1495.95,369849
2021-06-24 10:38:01,1495.95,369849
2021-06-24 10:38:03,1495.95,369849
2021-06-24 10:38:05,1495.95,369859
2021-06-24 10:38:07,1495.95,369859
2021-06-24 10:38:09,1495.95,370082
2021-06-24 10:38:11,1495.95,370082
2021-06-24 10:38:13,1495.95,370082
2021-06-24 10:38:14,1495.95,370082
2021-06-24 10:38:16,1495.95,370162
2021-06-24 10:38:18,1495.95,370162
2021-06-24 10:38:20,1495.95,370162
2021-06-24 10:38:22,1495.35,370179
2021-06-24 10:38:24,1495.35,370179
2021-06-24 10:38:26,1495.35,370181
2021-06-24 10:38:27,1495.35,370181
2021-06-24 10:38:29,1495.35,370181
2021-06-24 10:38:30,1495.35,370181
2021-06-24 10:38:32,1495.95,370238
2021-06-24 10:38:34,1495.4,370858
2021-06-24 10:38:36,1495.4,370858
2021-06-24 10:38:37,1495.4,370914
2021-06-24 10:38:39,1495.4,370914
2021-06-24 10:38:41,1495.4,370914
2021-06-24 10:38:42,1495.4,370914
2021-06-24 10:38:44,1495.4,370962
2021-06-24 10:38:46,1495.0,371559
2021-06-24 10:38:48,1495.0,371559
2021-06-24 10:38:50,1495.0,371559
2021-06-24 10:38:52,1494.55,371560
2021-06-24 10:38:54,1494.55,371560
2021-06-24 10:38:55,1495.0,371670
2021-06-24 10:38:57,1495.0,371670
2021-06-24 10:38:59,1495.0,371695
2021-06-24 10:39:01,1495.0,371695
2021-06-24 10:39:03,1495.0,371695
2021-06-24 10:39:05,1495.0,371695
2021-06-24 10:39:07,1494.6,371696
2021-06-24 10:39:08,1494.4,371712
2021-06-24 10:39:10,1494.4,371712
2021-06-24 10:39:12,1494.4,371712
2021-06-24 10:39:14,1494.4,371712
2021-06-24 10:39:16,1494.4,371737
2021-06-24 10:39:18,1494.4,371737
2021-06-24 10:39:19,1494.4,371737
2021-06-24 10:39:21,1494.4,371737
2021-06-24 10:39:22,1494.4,371737
2021-06-24 10:39:24,1494.0,371739
2021-06-24 10:39:26,1494.0,371739
2021-06-24 10:39:29,1494.0,371739
2021-06-24 10:39:31,1494.0,371739
2021-06-24 10:39:33,1494.0,371756
2021-06-24 10:39:35,1494.25,371758
2021-06-24 10:39:37,1494.3,371805
2021-06-24 10:39:39,1493.85,371854
2021-06-24 10:39:42,1493.85,371854
2021-06-24 10:39:46,1493.85,371854
2021-06-24 10:39:48,1494.15,371864
2021-06-24 10:39:50,1494.15,371864
2021-06-24 10:39:52,1494.15,371864
2021-06-24 10:39:54,1493.95,371941
2021-06-24 10:39:56,1493.95,371941
2021-06-24 10:39:58,1493.95,371941
2021-06-24 10:40:00,1493.95,371941
2021-06-24 10:40:02,1493.4,372103
2021-06-24 10:40:05,1493.4,372130
2021-06-24 10:40:07,1493.4,372155
2021-06-24 10:40:10,1493.4,372155
2021-06-24 10:40:12,1493.4,372155
2021-06-24 10:40:14,1493.4,372155
2021-06-24 10:40:16,1493.4,372155
2021-06-24 10:40:18,1493.4,372155
2021-06-24 10:40:20,1493.3,372160
2021-06-24 10:40:22,1493.4,372213
2021-06-24 10:40:24,1493.4,372213
2021-06-24 10:40:26,1493.4,372213
2021-06-24 10:40:29,1493.4,372213
2021-06-24 10:40:31,1493.3,372315
2021-06-24 10:40:33,1493.3,372315
2021-06-24 10:40:35,1493.3,372315
2021-06-24 10:40:38,1493.9,372395
2021-06-24 10:40:40,1494.7,372737
2021-06-24 10:40:42,1494.4,372810
2021-06-24 10:40:44,1494.4,372810
2021-06-24 10:40:46,1493.15,372989
2021-06-24 10:40:48,1493.15,372989
2021-06-24 10:40:50,1493.15,372989
2021-06-24 10:40:52,1493.1,373113
2021-06-24 10:40:54,1493.1,373113
2021-06-24 10:40:56,1493.1,373113
2021-06-24 10:40:59,1493.95,373163
2021-06-24 10:41:01,1493.95,373163
2021-06-24 10:41:03,1493.95,373163
2021-06-24 10:41:05,1493.95,373163
2021-06-24 10:41:07,1493.95,373163
2021-06-24 10:41:09,1493.95,373163
2021-06-24 10:41:11,1493.0,373171
2021-06-24 10:41:13,1493.0,373171
2021-06-24 10:41:15,1493.0,373171
2021-06-24 10:41:17,1493.0,373171
2021-06-24 10:41:19,1493.0,373171
2021-06-24 10:41:21,1493.0,373171
2021-06-24 10:41:23,1493.0,373171
2021-06-24 10:41:25,1493.4,373180
2021-06-24 10:41:28,1492.9,373197
2021-06-24 10:41:30,1492.9,373197
2021-06-24 10:41:32,1492.9,373197
2021-06-24 10:41:35,1492.9,373197
2021-06-24 10:41:37,1492.9,373197
2021-06-24 10:41:39,1492.9,373197
2021-06-24 10:41:40,1492.9,373197
2021-06-24 10:41:42,1492.7,373214
2021-06-24 10:41:45,1492.7,373214
2021-06-24 10:41:46,1492.7,373214
2021-06-24 10:41:47,1492.7,373214
2021-06-24 10:41:48,1492.7,373214
2021-06-24 10:41:48,1492.7,373214
2021-06-24 10:41:50,1493.45,373293
2021-06-24 10:41:51,1493.45,373293
2021-06-24 10:41:52,1492.7,373310
2021-06-24 10:41:52,1492.7,373310
2021-06-24 10:41:53,1492.7,373310
2021-06-24 10:41:55,1492.7,373310
2021-06-24 10:41:56,1492.7,373310
2021-06-24 10:41:57,1492.7,373310
2021-06-24 10:41:58,1492.7,373310
2021-06-24 10:41:59,1492.7,373310
2021-06-24 10:41:59,1492.7,373310
2021-06-24 10:42:00,1492.7,373310
2021-06-24 10:42:02,1492.7,373310
2021-06-24 10:42:03,1492.7,373310
2021-06-24 10:42:04,1492.7,373310
2021-06-24 10:42:05,1492.7,373310
2021-06-24 10:42:06,1492.7,373387
2021-06-24 10:42:07,1492.7,373387
2021-06-24 10:42:08,1492.7,373387
2021-06-24 10:42:08,1492.7,373387
2021-06-24 10:42:09,1492.7,373387
2021-06-24 10:42:10,1492.7,373387
2021-06-24 10:42:11,1492.7,373387
2021-06-24 10:42:12,1492.7,373387
2021-06-24 10:42:15,1492.7,373387
2021-06-24 10:42:16,1492.7,373493
2021-06-24 10:42:17,1492.7,373493
2021-06-24 10:42:18,1492.65,373510
2021-06-24 10:42:19,1493.1,373511
2021-06-24 10:42:20,1493.1,373511
2021-06-24 10:42:21,1492.65,373558
2021-06-24 10:42:22,1492.65,373558
2021-06-24 10:42:22,1492.65,373558
2021-06-24 10:42:23,1492.65,373558
2021-06-24 10:42:24,1492.65,373558
2021-06-24 10:42:25,1492.65,373558
2021-06-24 10:42:26,1492.65,373558
2021-06-24 10:42:27,1492.65,373558
2021-06-24 10:42:28,1492.65,373558
2021-06-24 10:42:29,1492.65,373558
2021-06-24 10:42:30,1492.4,373673
2021-06-24 10:42:32,1492.4,373673
2021-06-24 10:42:33,1492.4,373723
2021-06-24 10:42:33,1492.4,373723
2021-06-24 10:42:34,1492.4,373723
2021-06-24 10:42:35,1492.4,373723
2021-06-24 10:42:36,1492.4,373748
2021-06-24 10:42:37,1492.4,373748
2021-06-24 10:42:38,1492.4,373748
2021-06-24 10:42:40,1492.4,373748
2021-06-24 10:42:41,1492.4,373748
2021-06-24 10:42:42,1492.4,373748
2021-06-24 10:42:43,1492.4,373748
2021-06-24 10:42:44,1492.4,373748
2021-06-24 10:42:45,1492.4,373748
2021-06-24 10:42:46,1492.4,373766
2021-06-24 10:42:47,1492.4,373766
2021-06-24 10:42:48,1492.4,373766
2021-06-24 10:42:50,1492.4,373766
2021-06-24 10:42:51,1492.2,374392
2021-06-24 10:42:52,1492.5,374512
2021-06-24 10:42:53,1492.5,374512
2021-06-24 10:42:54,1492.5,374512
2021-06-24 10:42:55,1492.5,374512
2021-06-24 10:42:56,1492.05,374529
2021-06-24 10:42:57,1492.05,374677
2021-06-24 10:42:58,1492.05,374715
2021-06-24 10:42:59,1492.05,374715
2021-06-24 10:43:00,1492.05,374715
2021-06-24 10:43:01,1492.05,374715
2021-06-24 10:43:02,1492.05,374725
2021-06-24 10:43:03,1492.05,374725
2021-06-24 10:43:03,1492.05,374725
2021-06-24 10:43:05,1492.05,374725
2021-06-24 10:43:06,1492.0,374734
2021-06-24 10:43:06,1492.0,374734
2021-06-24 10:43:08,1492.0,374744
2021-06-24 10:43:09,1492.0,374744
2021-06-24 10:43:10,1492.0,374744
2021-06-24 10:43:11,1492.0,374744
2021-06-24 10:43:12,1492.0,374744
2021-06-24 10:43:13,1492.0,374744
2021-06-24 10:43:14,1492.0,374744
2021-06-24 10:43:15,1492.0,374744
2021-06-24 10:43:16,1492.0,374744
2021-06-24 10:43:17,1492.0,374744
2021-06-24 10:43:18,1492.0,374744
2021-06-24 10:43:19,1492.0,374744
2021-06-24 10:43:20,1492.0,374744
2021-06-24 10:43:21,1492.0,374744
2021-06-24 10:43:22,1492.0,374744
2021-06-24 10:43:23,1492.0,374744
2021-06-24 10:43:24,1492.0,374761
2021-06-24 10:43:25,1492.0,374761
2021-06-24 10:43:25,1492.0,374761
2021-06-24 10:43:26,1492.0,374761
2021-06-24 10:43:28,1492.0,374761
2021-06-24 10:43:30,1492.0,374761
2021-06-24 10:43:31,1492.0,374761
2021-06-24 10:43:32,1492.0,374761
2021-06-24 10:43:33,1492.0,374761
2021-06-24 10:43:34,1492.0,374761
2021-06-24 10:43:34,1492.0,374761
2021-06-24 10:43:35,1492.0,374778
2021-06-24 10:43:36,1492.0,374803
2021-06-24 10:43:39,1492.0,374803
2021-06-24 10:43:40,1492.0,374803
2021-06-24 10:43:40,1492.0,374803
2021-06-24 10:43:41,1492.0,374803
2021-06-24 10:43:42,1492.0,374803
2021-06-24 10:43:44,1492.6,374813
2021-06-24 10:43:45,1492.6,374813
2021-06-24 10:43:46,1492.0,374830
2021-06-24 10:43:47,1492.0,375240
2021-06-24 10:43:48,1492.0,375240
2021-06-24 10:43:48,1492.0,375240
2021-06-24 10:43:49,1492.55,375250
2021-06-24 10:43:51,1492.55,375360
2021-06-24 10:43:52,1492.55,375360
2021-06-24 10:43:53,1492.55,375360
2021-06-24 10:43:54,1491.9,375361
2021-06-24 10:43:55,1491.9,375361
2021-06-24 10:43:56,1491.6,375370
2021-06-24 10:43:57,1491.6,375370
2021-06-24 10:43:58,1491.6,375370
2021-06-24 10:43:59,1491.6,375370
2021-06-24 10:44:00,1491.6,375370
2021-06-24 10:44:01,1491.6,375370
2021-06-24 10:44:02,1491.6,375370
2021-06-24 10:44:03,1491.6,375370
2021-06-24 10:44:04,1491.6,375370
2021-06-24 10:44:04,1491.6,375370
2021-06-24 10:44:06,1491.6,375370
2021-06-24 10:44:07,1492.3,375380
2021-06-24 10:44:08,1492.0,375390
2021-06-24 10:44:09,1492.0,375390
2021-06-24 10:44:10,1492.0,375390
2021-06-24 10:44:11,1492.0,375440
2021-06-24 10:44:12,1492.0,375440
2021-06-24 10:44:13,1492.0,375440
2021-06-24 10:44:14,1492.25,375490
2021-06-24 10:44:15,1492.25,375490
2021-06-24 10:44:16,1492.25,375490
2021-06-24 10:44:17,1492.0,375500
2021-06-24 10:44:18,1492.0,375520
2021-06-24 10:44:19,1492.25,375530
2021-06-24 10:44:20,1492.0,375537
2021-06-24 10:44:21,1492.6,376037
2021-06-24 10:44:23,1491.65,376606
2021-06-24 10:44:25,1491.65,376606
2021-06-24 10:44:26,1491.65,376606
2021-06-24 10:44:27,1491.65,376606
2021-06-24 10:44:27,1491.65,376606
2021-06-24 10:44:28,1491.65,376606
2021-06-24 10:44:29,1491.65,376606
2021-06-24 10:44:30,1491.65,376606
2021-06-24 10:44:31,1491.65,376606
2021-06-24 10:44:33,1491.65,376606
2021-06-24 10:44:34,1491.65,376606
2021-06-24 10:44:34,1491.65,376606
2021-06-24 10:44:35,1491.65,376606
2021-06-24 10:44:37,1491.65,376623
2021-06-24 10:44:39,1491.65,376623
2021-06-24 10:44:38,1491.65,376623
2021-06-24 10:44:40,1491.65,376655
2021-06-24 10:44:41,1491.65,376655
2021-06-24 10:44:42,1491.65,376655
2021-06-24 10:44:43,1491.65,376655
2021-06-24 10:44:44,1491.65,376655
2021-06-24 10:44:45,1491.65,376655
2021-06-24 10:44:46,1491.65,376655
2021-06-24 10:44:47,1491.65,376655
2021-06-24 10:44:48,1491.65,376655
2021-06-24 10:44:49,1491.65,376655
2021-06-24 10:44:50,1491.65,376655
2021-06-24 10:44:51,1492.0,376656
2021-06-24 10:44:52,1492.0,376656
2021-06-24 10:44:53,1492.0,376656
2021-06-24 10:44:54,1492.0,376656
2021-06-24 10:44:55,1492.0,376656
2021-06-24 10:44:56,1492.0,376656
2021-06-24 10:44:57,1491.65,376706
2021-06-24 10:44:58,1491.4,377045
2021-06-24 10:44:59,1491.4,377045
2021-06-24 10:45:00,1491.4,377045
2021-06-24 10:45:01,1491.4,377062
2021-06-24 10:45:02,1491.4,377062
2021-06-24 10:45:03,1491.4,377062
2021-06-24 10:45:04,1491.4,377071
2021-06-24 10:45:05,1491.4,377071
2021-06-24 10:45:06,1491.4,377071
2021-06-24 10:45:07,1491.4,377071
2021-06-24 10:45:08,1491.4,377071
2021-06-24 10:45:09,1491.4,377071
2021-06-24 10:45:10,1491.65,377123
2021-06-24 10:45:11,1491.65,377123
2021-06-24 10:45:12,1491.65,377123
2021-06-24 10:45:13,1491.65,377123
2021-06-24 10:45:14,1491.65,377123
2021-06-24 10:45:15,1491.65,377123
2021-06-24 10:45:16,1491.65,377123
2021-06-24 10:45:17,1491.4,377324
2021-06-24 10:45:18,1491.4,377324
2021-06-24 10:45:19,1491.3,377334
2021-06-24 10:45:20,1491.3,377334
2021-06-24 10:45:21,1491.3,377334
2021-06-24 10:45:22,1491.15,377351
2021-06-24 10:45:23,1491.15,377351
2021-06-24 10:45:24,1491.15,377351
2021-06-24 10:45:26,1491.15,377351
2021-06-24 10:45:25,1491.15,377351
2021-06-24 10:45:27,1491.15,377351
2021-06-24 10:45:28,1491.15,377352
2021-06-24 10:45:29,1491.15,377352
2021-06-24 10:45:30,1491.15,377353
2021-06-24 10:45:31,1491.15,377353
2021-06-24 10:45:33,1491.0,377453
2021-06-24 10:45:34,1491.0,377453
2021-06-24 10:45:35,1491.0,377453
2021-06-24 10:45:36,1491.15,377503
2021-06-24 10:45:37,1491.15,377503
2021-06-24 10:45:38,1491.5,377553
2021-06-24 10:45:39,1491.5,377553
2021-06-24 10:45:40,1491.5,377553
2021-06-24 10:45:41,1491.0,377603
2021-06-24 10:45:43,1491.0,377842
2021-06-24 10:45:44,1491.0,378135
2021-06-24 10:45:45,1491.0,378610
2021-06-24 10:45:47,1491.0,378628
2021-06-24 10:45:48,1491.0,378628
2021-06-24 10:45:49,1491.0,379875
2021-06-24 10:45:50,1490.9,380342
2021-06-24 10:45:52,1490.95,380703
2021-06-24 10:45:53,1490.85,381409
2021-06-24 10:45:54,1490.45,381456
2021-06-24 10:45:55,1491.0,381562
2021-06-24 10:45:56,1491.0,381562
2021-06-24 10:45:57,1491.0,381634
2021-06-24 10:45:58,1491.15,381644
2021-06-24 10:45:59,1491.15,381644
2021-06-24 10:46:00,1491.15,381644
2021-06-24 10:46:02,1491.15,381644
2021-06-24 10:46:03,1491.15,381644
2021-06-24 10:46:04,1491.15,381644
2021-06-24 10:46:05,1491.15,381644
2021-06-24 10:46:06,1491.15,381644
2021-06-24 10:46:07,1491.15,381644
2021-06-24 10:46:09,1491.45,381669
2021-06-24 10:46:10,1491.45,381669
2021-06-24 10:46:11,1491.45,381669
2021-06-24 10:46:12,1491.45,381692
2021-06-24 10:46:13,1491.45,381692
2021-06-24 10:46:14,1491.45,381692
2021-06-24 10:46:15,1491.5,381762
2021-06-24 10:46:16,1491.5,381762
2021-06-24 10:46:17,1491.5,381762
2021-06-24 10:46:19,1491.5,381762
2021-06-24 10:46:20,1491.5,381762
2021-06-24 10:46:21,1491.5,381762
2021-06-24 10:46:24,1491.5,381762
2021-06-24 10:46:23,1491.5,381762
2021-06-24 10:46:25,1491.5,381762
2021-06-24 10:46:26,1491.5,381762
2021-06-24 10:46:27,1491.5,381762
2021-06-24 10:46:28,1491.5,381762
2021-06-24 10:46:29,1491.5,381762
2021-06-24 10:46:30,1491.5,381762
2021-06-24 10:46:31,1491.5,381762
2021-06-24 10:46:32,1491.5,381762
2021-06-24 10:46:33,1491.5,381762
2021-06-24 10:46:34,1491.5,381762
2021-06-24 10:46:35,1491.5,381762
2021-06-24 10:46:36,1491.5,381762
2021-06-24 10:46:37,1491.5,381762
2021-06-24 10:46:38,1491.5,381762
2021-06-24 10:46:39,1491.5,381762
2021-06-24 10:46:40,1491.5,381762
2021-06-24 10:46:41,1491.5,381762
2021-06-24 10:46:42,1491.5,381762
2021-06-24 10:46:43,1491.5,381762
2021-06-24 10:46:44,1491.5,381762
2021-06-24 10:46:45,1491.5,381762
2021-06-24 10:46:46,1491.05,381787
2021-06-24 10:46:47,1491.05,381787
2021-06-24 10:46:48,1491.05,381787
2021-06-24 10:46:49,1491.0,381834
2021-06-24 10:46:50,1491.0,381851
2021-06-24 10:46:52,1490.65,382034
2021-06-24 10:46:53,1490.65,382034
2021-06-24 10:46:54,1490.65,382034
2021-06-24 10:46:55,1490.65,382034
2021-06-24 10:46:56,1491.0,382049
2021-06-24 10:46:57,1491.0,382049
2021-06-24 10:46:58,1491.0,382049
2021-06-24 10:46:59,1491.15,382062
2021-06-24 10:47:00,1491.15,382062
2021-06-24 10:47:01,1491.15,382062
2021-06-24 10:47:02,1491.15,382062
2021-06-24 10:47:03,1491.15,382062
2021-06-24 10:47:04,1491.15,382062
2021-06-24 10:47:05,1491.15,382062
2021-06-24 10:47:06,1491.15,382191
2021-06-24 10:47:07,1491.15,382191
2021-06-24 10:47:08,1489.95,385527
2021-06-24 10:47:09,1490.25,385943
2021-06-24 10:47:10,1490.95,386181
2021-06-24 10:47:11,1491.0,386294
2021-06-24 10:47:13,1491.0,386294
2021-06-24 10:47:13,1491.0,386294
2021-06-24 10:47:14,1491.0,386294
2021-06-24 10:47:15,1491.0,386294
2021-06-24 10:47:16,1491.05,386295
2021-06-24 10:47:17,1491.0,386899
2021-06-24 10:47:18,1491.0,386899
2021-06-24 10:47:19,1491.0,386899
2021-06-24 10:47:20,1491.0,386899
2021-06-24 10:47:21,1491.0,386899
2021-06-24 10:47:22,1490.25,387015
2021-06-24 10:47:23,1490.25,387015
2021-06-24 10:47:25,1491.0,387115
2021-06-24 10:47:25,1490.25,387015
2021-06-24 10:47:26,1491.05,387180
2021-06-24 10:47:27,1491.05,387180
2021-06-24 10:47:28,1491.05,387181
2021-06-24 10:47:29,1491.05,387181
2021-06-24 10:47:30,1490.85,387804
2021-06-24 10:47:31,1490.95,388127
2021-06-24 10:47:32,1490.8,388140
2021-06-24 10:47:33,1491.0,388540
2021-06-24 10:47:34,1490.8,388616
2021-06-24 10:47:36,1490.8,388616
2021-06-24 10:47:37,1491.35,388682
2021-06-24 10:47:39,1491.35,388682
2021-06-24 10:47:39,1491.35,388682
2021-06-24 10:47:40,1491.05,388687
2021-06-24 10:47:42,1491.35,388788
2021-06-24 10:47:43,1491.35,388788
2021-06-24 10:47:44,1490.95,388863
2021-06-24 10:47:45,1490.95,388863
2021-06-24 10:47:46,1490.95,388863
2021-06-24 10:47:47,1491.0,388961
2021-06-24 10:47:48,1491.0,388977
2021-06-24 10:47:49,1491.0,388977
2021-06-24 10:47:50,1491.0,388977
2021-06-24 10:47:51,1491.0,388977
2021-06-24 10:47:52,1491.0,388977
2021-06-24 10:47:53,1491.0,388977
2021-06-24 10:47:54,1491.0,388977
2021-06-24 10:47:55,1491.0,389425
2021-06-24 10:47:56,1491.2,389527
2021-06-24 10:47:58,1490.25,389577
2021-06-24 10:47:59,1491.25,389587
2021-06-24 10:48:00,1491.25,389587
2021-06-24 10:48:01,1491.0,389624
2021-06-24 10:48:02,1491.0,389624
2021-06-24 10:48:03,1491.0,389624
2021-06-24 10:48:04,1491.0,389624
2021-06-24 10:48:05,1491.0,389624
2021-06-24 10:48:07,1491.0,389624
2021-06-24 10:48:09,1491.0,389675
2021-06-24 10:48:10,1491.0,389675
2021-06-24 10:48:11,1491.0,389675
2021-06-24 10:48:11,1491.0,389675
2021-06-24 10:48:12,1491.0,389675
2021-06-24 10:48:13,1491.0,389721
2021-06-24 10:48:15,1491.0,389721
2021-06-24 10:48:16,1491.0,389879
2021-06-24 10:48:17,1491.0,389906
2021-06-24 10:48:18,1491.0,389906
2021-06-24 10:48:19,1491.75,389917
2021-06-24 10:48:20,1491.75,389917
2021-06-24 10:48:22,1491.75,389917
