timestamp,ltp,volume
2021-06-24 09:34:38,976.1,218052
2021-06-24 09:34:39,976.1,218052
2021-06-24 09:34:40,976.1,218052
2021-06-24 09:34:42,976.1,218052
2021-06-24 09:34:43,975.9,218057
2021-06-24 09:34:44,976.1,218059
2021-06-24 09:34:44,976.1,218059
2021-06-24 09:34:45,976.1,218059
2021-06-24 09:34:46,976.1,218059
2021-06-24 09:34:47,975.8,218092
2021-06-24 09:34:48,975.8,218092
2021-06-24 09:34:49,976.1,218107
2021-06-24 09:34:50,976.1,218107
2021-06-24 09:34:52,976.15,218326
2021-06-24 09:34:53,976.65,218898
2021-06-24 09:34:54,977.05,219026
2021-06-24 09:34:55,976.35,219032
2021-06-24 09:34:56,976.35,219032
2021-06-24 09:34:57,976.35,219032
2021-06-24 09:34:58,976.75,219132
2021-06-24 09:34:59,976.75,219132
2021-06-24 09:34:59,976.75,219132
2021-06-24 09:35:00,976.75,219132
2021-06-24 09:35:01,976.7,219142
2021-06-24 09:35:02,976.7,219485
2021-06-24 09:35:03,977.05,220022
2021-06-24 09:35:04,977.05,220022
2021-06-24 09:35:05,977.05,220022
2021-06-24 09:35:07,977.05,220022
2021-06-24 09:35:08,977.05,220022
2021-06-24 09:35:09,977.05,220022
2021-06-24 09:35:09,977.05,220022
2021-06-24 09:35:11,977.1,220023
2021-06-24 09:35:12,977.1,220023
2021-06-24 09:35:13,976.75,220044
2021-06-24 09:35:14,976.75,220044
2021-06-24 09:35:15,977.1,220062
2021-06-24 09:35:16,976.65,220087
2021-06-24 09:35:17,976.65,220087
2021-06-24 09:35:18,977.1,220423
2021-06-24 09:35:19,977.1,220423
2021-06-24 09:35:20,976.65,220424
2021-06-24 09:35:21,977.1,220425
2021-06-24 09:35:22,977.1,220430
2021-06-24 09:35:24,977.1,220435
2021-06-24 09:35:25,977.1,220435
2021-06-24 09:35:26,976.9,222056
2021-06-24 09:35:26,976.65,221469
2021-06-24 09:35:27,976.9,222056
2021-06-24 09:35:28,976.7,222120
2021-06-24 09:35:29,976.7,222120
2021-06-24 09:35:30,976.7,222120
2021-06-24 09:35:31,977.3,222598
2021-06-24 09:35:32,977.5,222870
2021-06-24 09:35:34,977.5,222870
2021-06-24 09:35:35,977.5,222870
2021-06-24 09:35:36,977.5,222870
2021-06-24 09:35:37,977.5,222870
2021-06-24 09:35:38,977.5,222870
2021-06-24 09:35:38,977.4,222971
2021-06-24 09:35:39,977.4,222971
2021-06-24 09:35:40,977.4,222984
2021-06-24 09:35:41,977.4,223084
2021-06-24 09:35:42,977.4,223084
2021-06-24 09:35:45,977.35,223527
2021-06-24 09:35:46,977.35,223527
2021-06-24 09:35:47,977.35,223527
2021-06-24 09:35:49,977.35,223527
2021-06-24 09:35:50,977.0,223528
2021-06-24 09:35:51,977.0,223532
2021-06-24 09:35:52,977.0,223532
2021-06-24 09:35:52,977.0,223532
2021-06-24 09:35:53,976.85,223557
2021-06-24 09:35:55,977.3,223977
2021-06-24 09:35:56,977.0,224827
2021-06-24 09:35:57,977.0,224827
2021-06-24 09:35:59,976.95,224837
2021-06-24 09:36:00,976.95,224837
2021-06-24 09:36:01,976.95,224837
2021-06-24 09:36:02,976.95,224837
2021-06-24 09:36:03,976.95,224913
2021-06-24 09:36:04,976.9,224928
2021-06-24 09:36:05,976.9,224928
2021-06-24 09:36:06,976.9,224928
2021-06-24 09:36:07,976.9,224929
2021-06-24 09:36:07,976.9,224929
2021-06-24 09:36:08,976.9,224929
2021-06-24 09:36:10,976.9,224929
2021-06-24 09:36:11,976.9,224929
2021-06-24 09:36:12,976.9,224929
2021-06-24 09:36:13,976.9,224929
2021-06-24 09:36:14,976.9,224929
2021-06-24 09:36:15,976.5,224931
2021-06-24 09:36:15,976.5,224931
2021-06-24 09:36:16,976.5,224931
2021-06-24 09:36:17,976.5,225033
2021-06-24 09:36:18,976.5,225033
2021-06-24 09:36:19,976.5,225033
2021-06-24 09:36:21,976.5,225033
2021-06-24 09:36:22,976.5,225033
2021-06-24 09:36:23,976.5,225056
2021-06-24 09:36:24,976.7,225067
2021-06-24 09:36:25,976.7,225069
2021-06-24 09:36:25,976.7,225069
2021-06-24 09:36:26,976.7,225069
2021-06-24 09:36:27,976.7,225069
2021-06-24 09:36:28,976.7,225069
2021-06-24 09:36:29,976.7,225069
2021-06-24 09:36:30,976.7,225069
2021-06-24 09:36:31,976.7,225069
2021-06-24 09:36:32,976.7,225069
2021-06-24 09:36:35,976.7,225185
2021-06-24 09:36:36,976.65,225195
2021-06-24 09:36:37,976.65,225195
2021-06-24 09:36:38,976.65,225195
2021-06-24 09:36:39,976.65,225195
2021-06-24 09:36:39,976.65,225195
2021-06-24 09:36:41,976.65,225195
2021-06-24 09:36:42,976.65,225195
2021-06-24 09:36:43,976.65,225195
2021-06-24 09:36:44,976.65,225195
2021-06-24 09:36:44,976.65,225195
2021-06-24 09:36:46,976.65,225195
2021-06-24 09:36:47,976.65,225195
2021-06-24 09:36:48,976.65,225195
2021-06-24 09:36:49,976.4,225225
2021-06-24 09:36:50,976.45,225278
2021-06-24 09:36:51,976.45,225278
2021-06-24 09:36:53,976.45,225278
2021-06-24 09:36:55,976.4,225281
2021-06-24 09:36:56,976.4,225381
2021-06-24 09:36:57,976.4,225381
2021-06-24 09:36:59,976.4,225431
2021-06-24 09:37:00,976.4,225431
2021-06-24 09:37:01,976.4,225431
2021-06-24 09:37:03,976.45,225584
2021-06-24 09:37:04,976.05,226086
2021-06-24 09:37:05,976.05,226086
2021-06-24 09:37:06,976.15,226116
2021-06-24 09:37:06,976.15,226116
2021-06-24 09:37:07,976.05,226142
2021-06-24 09:37:08,976.15,226151
2021-06-24 09:37:09,976.15,226151
2021-06-24 09:37:10,976.15,226951
2021-06-24 09:37:11,976.05,226952
2021-06-24 09:37:13,976.15,227110
2021-06-24 09:37:13,976.15,227110
2021-06-24 09:37:14,976.15,227112
2021-06-24 09:37:15,976.15,227152
2021-06-24 09:37:16,976.35,227153
2021-06-24 09:37:17,976.05,227171
2021-06-24 09:37:18,976.0,227691
2021-06-24 09:37:19,976.65,228190
2021-06-24 09:37:20,976.0,228196
2021-06-24 09:37:21,976.0,228196
2021-06-24 09:37:22,976.0,228196
2021-06-24 09:37:23,976.0,228196
2021-06-24 09:37:25,976.3,228349
2021-06-24 09:37:26,976.3,228349
2021-06-24 09:37:27,976.65,228354
2021-06-24 09:37:28,976.35,228356
2021-06-24 09:37:29,976.25,228456
2021-06-24 09:37:30,976.2,228508
2021-06-24 09:37:31,976.2,228508
2021-06-24 09:37:32,976.2,228508
2021-06-24 09:37:33,976.2,228508
2021-06-24 09:37:34,976.2,228508
2021-06-24 09:37:35,976.45,228793
2021-06-24 09:37:37,976.25,228800
2021-06-24 09:37:37,976.25,228800
2021-06-24 09:37:38,976.45,228825
2021-06-24 09:37:40,976.25,228843
2021-06-24 09:37:40,976.25,228843
2021-06-24 09:37:42,976.25,228843
2021-06-24 09:37:42,976.25,228893
2021-06-24 09:37:43,976.25,228893
2021-06-24 09:37:44,976.25,228893
2021-06-24 09:37:45,976.1,228972
2021-06-24 09:37:46,976.1,228972
2021-06-24 09:37:47,976.4,228977
2021-06-24 09:37:48,976.6,229199
2021-06-24 09:37:50,976.45,229984
2021-06-24 09:37:50,976.45,229984
2021-06-24 09:37:52,976.45,229984
2021-06-24 09:37:53,976.45,229984
2021-06-24 09:37:54,976.45,230013
2021-06-24 09:37:55,976.45,230013
2021-06-24 09:37:56,976.45,230013
2021-06-24 09:37:57,976.45,230013
2021-06-24 09:37:58,976.45,230013
2021-06-24 09:38:00,976.45,230013
2021-06-24 09:38:00,976.45,230013
2021-06-24 09:38:01,976.45,230013
2021-06-24 09:38:02,976.35,230039
2021-06-24 09:38:04,976.6,230044
2021-06-24 09:38:05,976.6,230044
2021-06-24 09:38:07,976.25,230244
2021-06-24 09:38:08,976.25,230244
2021-06-24 09:38:09,976.25,230244
2021-06-24 09:38:10,976.25,230244
2021-06-24 09:38:11,976.25,230244
2021-06-24 09:38:11,976.25,230244
2021-06-24 09:38:12,976.25,230244
2021-06-24 09:38:13,976.25,230244
2021-06-24 09:38:14,976.25,230244
2021-06-24 09:38:15,975.85,230341
2021-06-24 09:38:16,975.85,230341
2021-06-24 09:38:17,975.9,230343
2021-06-24 09:38:19,975.9,230353
2021-06-24 09:38:20,976.3,230363
2021-06-24 09:38:21,976.3,230363
2021-06-24 09:38:21,976.3,230363
2021-06-24 09:38:22,975.85,230428
2021-06-24 09:38:23,976.25,230528
2021-06-24 09:38:24,976.25,230528
2021-06-24 09:38:26,975.9,230531
2021-06-24 09:38:27,975.8,230631
2021-06-24 09:38:28,975.8,230631
2021-06-24 09:38:30,975.8,230631
2021-06-24 09:38:31,975.8,230631
2021-06-24 09:38:32,975.8,230631
2021-06-24 09:38:33,976.0,230696
2021-06-24 09:38:36,975.95,230705
2021-06-24 09:38:37,975.95,230705
2021-06-24 09:38:38,975.95,230705
2021-06-24 09:38:38,976.25,230730
2021-06-24 09:38:39,975.85,230755
2021-06-24 09:38:40,975.85,230755
2021-06-24 09:38:41,975.85,230770
2021-06-24 09:38:43,975.5,231292
2021-06-24 09:38:44,975.5,231292
2021-06-24 09:38:45,975.5,231372
2021-06-24 09:38:46,975.5,231372
2021-06-24 09:38:47,975.5,231409
2021-06-24 09:38:49,975.95,231510
2021-06-24 09:38:50,975.95,231510
2021-06-24 09:38:51,975.95,231510
2021-06-24 09:38:52,976.25,231776
2021-06-24 09:38:53,976.1,231787
2021-06-24 09:38:55,976.2,231910
2021-06-24 09:38:56,976.6,232031
2021-06-24 09:38:56,976.6,232031
2021-06-24 09:38:58,976.15,232044
2021-06-24 09:38:59,976.55,232122
2021-06-24 09:39:00,976.55,232122
2021-06-24 09:39:01,976.1,232164
2021-06-24 09:39:02,976.1,232164
2021-06-24 09:39:03,976.55,232864
2021-06-24 09:39:04,976.55,232864
2021-06-24 09:39:04,976.55,232865
2021-06-24 09:39:05,976.1,233295
2021-06-24 09:39:07,976.15,233305
2021-06-24 09:39:08,976.1,233316
2021-06-24 09:39:09,976.1,233435
2021-06-24 09:39:10,976.1,233435
2021-06-24 09:39:11,976.1,233435
2021-06-24 09:39:12,976.4,233437
2021-06-24 09:39:13,976.4,233437
2021-06-24 09:39:14,976.4,233437
2021-06-24 09:39:15,976.0,233449
2021-06-24 09:39:17,976.0,233451
2021-06-24 09:39:17,976.25,233481
2021-06-24 09:39:18,976.25,233481
2021-06-24 09:39:19,976.25,233481
2021-06-24 09:39:22,975.75,233631
2021-06-24 09:39:23,975.75,233631
2021-06-24 09:39:23,975.6,233720
2021-06-24 09:39:24,976.05,234500
2021-06-24 09:39:25,976.3,235705
2021-06-24 09:39:26,976.0,236611
2021-06-24 09:39:27,976.05,236712
2021-06-24 09:39:29,976.45,236720
2021-06-24 09:39:30,976.2,236958
2021-06-24 09:39:31,976.25,238695
2021-06-24 09:39:32,976.3,240926
2021-06-24 09:39:33,976.05,241587
2021-06-24 09:39:33,976.05,241587
2021-06-24 09:39:34,975.85,241695
2021-06-24 09:39:36,975.8,242824
2021-06-24 09:39:37,975.8,242824
2021-06-24 09:39:38,975.75,242928
2021-06-24 09:39:39,975.75,242928
2021-06-24 09:39:40,976.2,243086
2021-06-24 09:39:41,976.4,243952
2021-06-24 09:39:42,976.8,244651
2021-06-24 09:39:44,976.45,245632
2021-06-24 09:39:45,976.45,245632
2021-06-24 09:39:46,976.05,245642
2021-06-24 09:39:46,976.05,245642
2021-06-24 09:39:47,976.55,246350
2021-06-24 09:39:49,976.6,246549
2021-06-24 09:39:50,976.1,246551
2021-06-24 09:39:51,976.05,246571
2021-06-24 09:39:52,976.1,246572
2021-06-24 09:39:54,976.1,246572
2021-06-24 09:39:55,975.95,246652
2021-06-24 09:39:57,976.1,246744
2021-06-24 09:39:58,975.85,247020
2021-06-24 09:39:59,975.85,247020
2021-06-24 09:40:00,975.85,247190
2021-06-24 09:40:01,976.35,248738
2021-06-24 09:40:02,976.65,249309
2021-06-24 09:40:03,976.65,249309
2021-06-24 09:40:04,976.65,249309
2021-06-24 09:40:05,976.65,249309
2021-06-24 09:40:06,976.25,249349
2021-06-24 09:40:07,976.35,249370
2021-06-24 09:40:08,976.15,249390
2021-06-24 09:40:09,976.2,250001
2021-06-24 09:40:10,976.2,250140
2021-06-24 09:40:10,976.2,250140
2021-06-24 09:40:11,976.0,250154
2021-06-24 09:40:13,976.0,250154
2021-06-24 09:40:13,976.3,250164
2021-06-24 09:40:14,976.3,250164
2021-06-24 09:40:16,976.2,250174
2021-06-24 09:40:17,976.2,250174
2021-06-24 09:40:18,975.85,250282
2021-06-24 09:40:19,975.85,250282
2021-06-24 09:40:20,975.85,250282
2021-06-24 09:40:21,975.85,250283
2021-06-24 09:40:22,975.85,250412
2021-06-24 09:40:23,975.85,250412
2021-06-24 09:40:24,975.65,250548
2021-06-24 09:40:25,975.65,250548
2021-06-24 09:40:26,975.5,251926
2021-06-24 09:40:27,976.0,253317
2021-06-24 09:40:29,975.8,254037
2021-06-24 09:40:30,976.35,254142
2021-06-24 09:40:31,976.3,254147
2021-06-24 09:40:32,976.3,254150
2021-06-24 09:40:33,976.3,254150
2021-06-24 09:40:34,976.0,254175
2021-06-24 09:40:35,976.15,254190
2021-06-24 09:40:36,976.15,254190
2021-06-24 09:40:37,976.15,254190
2021-06-24 09:40:38,976.15,254190
2021-06-24 09:40:39,976.3,254503
2021-06-24 09:40:40,976.9,254890
2021-06-24 09:40:41,976.15,255115
2021-06-24 09:40:42,976.15,255235
2021-06-24 09:40:43,976.15,255236
2021-06-24 09:40:44,976.15,255244
2021-06-24 09:40:45,976.15,255244
2021-06-24 09:40:46,976.15,255244
2021-06-24 09:40:47,976.15,255244
2021-06-24 09:40:48,976.75,257055
2021-06-24 09:40:49,976.7,257774
2021-06-24 09:40:50,976.65,257776
2021-06-24 09:40:51,976.65,257776
2021-06-24 09:40:52,976.55,257781
2021-06-24 09:40:53,976.55,257781
2021-06-24 09:40:54,976.55,257781
2021-06-24 09:40:55,977.1,257816
2021-06-24 09:40:56,977.1,257816
2021-06-24 09:40:57,977.1,257816
2021-06-24 09:41:01,976.55,258662
2021-06-24 09:41:02,976.45,259291
2021-06-24 09:41:03,976.45,259291
2021-06-24 09:41:04,976.45,259291
2021-06-24 09:41:05,976.45,259291
2021-06-24 09:41:06,976.45,259291
2021-06-24 09:41:07,976.95,259306
2021-06-24 09:41:08,976.4,259311
2021-06-24 09:41:09,976.4,259311
2021-06-24 09:41:10,976.45,259361
2021-06-24 09:41:11,976.5,259411
2021-06-24 09:41:14,976.45,259416
2021-06-24 09:41:15,976.45,259416
2021-06-24 09:41:16,976.45,259426
2021-06-24 09:41:17,976.45,259426
2021-06-24 09:41:18,976.45,259427
2021-06-24 09:41:19,976.45,259427
2021-06-24 09:41:20,976.45,259427
2021-06-24 09:41:21,976.45,259427
2021-06-24 09:41:22,976.45,259427
2021-06-24 09:41:23,976.45,259427
2021-06-24 09:41:24,976.95,259437
2021-06-24 09:41:25,976.75,259874
2021-06-24 09:41:26,976.75,259882
2021-06-24 09:41:28,976.75,259882
2021-06-24 09:41:29,976.75,259882
2021-06-24 09:41:30,976.75,259882
2021-06-24 09:41:31,976.75,259882
2021-06-24 09:41:32,976.75,259882
2021-06-24 09:41:33,976.75,259882
2021-06-24 09:41:34,976.35,259884
2021-06-24 09:41:35,976.35,259884
2021-06-24 09:41:37,976.35,259935
2021-06-24 09:41:38,976.35,259935
2021-06-24 09:41:39,976.6,260040
2021-06-24 09:41:40,976.6,260040
2021-06-24 09:41:41,976.6,260060
2021-06-24 09:41:42,976.6,260060
2021-06-24 09:41:43,976.6,260060
2021-06-24 09:41:44,976.6,260060
2021-06-24 09:41:45,976.6,260060
2021-06-24 09:41:46,976.6,260061
2021-06-24 09:41:47,976.25,260111
2021-06-24 09:41:48,976.25,260116
2021-06-24 09:41:49,976.6,260146
2021-06-24 09:41:50,976.6,260146
2021-06-24 09:41:51,976.6,260161
2021-06-24 09:41:52,976.6,260161
2021-06-24 09:41:53,976.6,260161
2021-06-24 09:41:54,976.6,260161
2021-06-24 09:41:55,976.6,260170
2021-06-24 09:41:56,976.2,260179
2021-06-24 09:41:57,976.2,260179
2021-06-24 09:41:58,976.2,260179
2021-06-24 09:41:59,976.2,260179
2021-06-24 09:42:00,976.2,260179
2021-06-24 09:42:02,976.2,260179
2021-06-24 09:42:03,976.25,260180
2021-06-24 09:42:04,976.75,260435
2021-06-24 09:42:07,976.8,261780
2021-06-24 09:42:08,976.85,261830
2021-06-24 09:42:09,976.85,261830
2021-06-24 09:42:10,976.85,261830
2021-06-24 09:42:11,976.85,261830
2021-06-24 09:42:12,976.85,261832
2021-06-24 09:42:13,976.85,261832
2021-06-24 09:42:14,976.85,261834
2021-06-24 09:42:15,976.85,261834
2021-06-24 09:42:16,976.85,261834
2021-06-24 09:42:17,977.3,261884
2021-06-24 09:42:18,977.3,261917
2021-06-24 09:42:19,977.25,261927
2021-06-24 09:42:20,977.3,261955
2021-06-24 09:42:21,977.3,261981
2021-06-24 09:42:22,977.3,261981
2021-06-24 09:42:23,977.45,261984
2021-06-24 09:42:24,977.4,261990
2021-06-24 09:42:25,977.4,261990
2021-06-24 09:42:26,977.4,261990
2021-06-24 09:42:27,976.85,262784
2021-06-24 09:42:28,976.85,262784
2021-06-24 09:42:29,976.85,262784
2021-06-24 09:42:32,976.85,262784
2021-06-24 09:42:33,977.35,262837
2021-06-24 09:42:34,977.4,262932
2021-06-24 09:42:34,977.8,263537
2021-06-24 09:42:35,977.3,263541
2021-06-24 09:42:36,977.3,263541
2021-06-24 09:42:37,977.7,263561
2021-06-24 09:42:38,977.7,263561
2021-06-24 09:42:39,977.3,263563
2021-06-24 09:42:40,977.3,263564
2021-06-24 09:42:41,977.4,263589
2021-06-24 09:42:42,977.4,263646
2021-06-24 09:42:43,977.4,263646
2021-06-24 09:42:44,977.4,263646
2021-06-24 09:42:45,977.4,263646
2021-06-24 09:42:46,977.4,263658
2021-06-24 09:42:48,977.7,263660
2021-06-24 09:42:49,977.0,264360
2021-06-24 09:42:50,977.0,264360
2021-06-24 09:42:51,977.3,264362
2021-06-24 09:42:52,977.3,264462
2021-06-24 09:42:53,977.0,264487
2021-06-24 09:42:54,977.0,264487
2021-06-24 09:42:55,977.0,264487
2021-06-24 09:42:56,977.0,264487
2021-06-24 09:42:57,977.0,264487
2021-06-24 09:42:58,977.0,264509
2021-06-24 09:43:00,977.0,264509
2021-06-24 09:43:01,977.0,264509
2021-06-24 09:43:02,977.0,264509
2021-06-24 09:43:03,977.0,264509
2021-06-24 09:43:04,977.3,264534
2021-06-24 09:43:05,977.3,264534
2021-06-24 09:43:06,977.3,264554
2021-06-24 09:43:07,977.3,264554
2021-06-24 09:43:08,977.3,264558
2021-06-24 09:43:09,977.3,264558
2021-06-24 09:43:10,977.3,264578
2021-06-24 09:43:11,977.3,264578
2021-06-24 09:43:13,977.3,264578
2021-06-24 09:43:14,977.3,264578
2021-06-24 09:43:15,977.3,264578
2021-06-24 09:43:16,977.3,264683
2021-06-24 09:43:18,977.4,264912
2021-06-24 09:43:19,977.7,265463
2021-06-24 09:43:19,977.7,265463
2021-06-24 09:43:20,977.6,265612
2021-06-24 09:43:21,977.6,265613
2021-06-24 09:43:22,977.6,265613
2021-06-24 09:43:23,977.6,265613
2021-06-24 09:43:25,977.6,265623
2021-06-24 09:43:26,977.7,265624
2021-06-24 09:43:27,977.6,265625
2021-06-24 09:43:28,977.6,265625
2021-06-24 09:43:29,977.65,265675
2021-06-24 09:43:30,977.65,265675
2021-06-24 09:43:32,977.6,265687
2021-06-24 09:43:33,977.6,265687
2021-06-24 09:43:34,977.6,265707
2021-06-24 09:43:35,977.1,265758
2021-06-24 09:43:36,977.6,265768
2021-06-24 09:43:37,977.6,265768
2021-06-24 09:43:38,977.6,265868
2021-06-24 09:43:39,977.6,266776
2021-06-24 09:43:40,977.95,267018
2021-06-24 09:43:41,977.95,267018
2021-06-24 09:43:42,977.95,267018
2021-06-24 09:43:43,977.95,267268
2021-06-24 09:43:45,977.95,267268
2021-06-24 09:43:45,977.95,267268
2021-06-24 09:43:46,977.95,267268
2021-06-24 09:43:47,977.95,267324
2021-06-24 09:43:49,977.95,267324
2021-06-24 09:43:49,977.95,267324
2021-06-24 09:43:50,977.55,267342
2021-06-24 09:43:51,977.95,267343
2021-06-24 09:43:52,977.95,267347
2021-06-24 09:43:53,977.95,267347
2021-06-24 09:43:54,977.95,267467
2021-06-24 09:43:55,977.6,267682
2021-06-24 09:43:57,977.6,267682
2021-06-24 09:43:57,977.6,267682
2021-06-24 09:43:58,977.6,267690
2021-06-24 09:43:59,978.0,267691
2021-06-24 09:44:00,978.0,267691
2021-06-24 09:44:01,977.6,267693
2021-06-24 09:44:02,978.0,267753
2021-06-24 09:44:03,977.55,267823
2021-06-24 09:44:04,977.55,267823
2021-06-24 09:44:05,978.0,267896
2021-06-24 09:44:06,978.0,267996
2021-06-24 09:44:07,978.0,268163
2021-06-24 09:44:08,978.0,268263
2021-06-24 09:44:09,978.0,268273
2021-06-24 09:44:11,977.95,269136
2021-06-24 09:44:11,977.95,269136
2021-06-24 09:44:12,978.0,269673
2021-06-24 09:44:13,978.0,269673
2021-06-24 09:44:14,977.35,269824
2021-06-24 09:44:15,977.35,269824
2021-06-24 09:44:16,977.85,269921
2021-06-24 09:44:17,977.9,269956
2021-06-24 09:44:18,977.9,269956
2021-06-24 09:44:22,977.85,269967
2021-06-24 09:44:23,977.85,269967
2021-06-24 09:44:24,977.4,269986
2021-06-24 09:44:25,977.4,269986
2021-06-24 09:44:26,977.4,270002
2021-06-24 09:44:27,978.1,271329
2021-06-24 09:44:29,978.35,272230
2021-06-24 09:44:29,978.35,272230
2021-06-24 09:44:30,978.4,272620
2021-06-24 09:44:31,978.4,272620
2021-06-24 09:44:32,978.4,272666
2021-06-24 09:44:33,978.5,273176
2021-06-24 09:44:34,978.5,273476
2021-06-24 09:44:35,978.5,273476
2021-06-24 09:44:36,978.5,274311
2021-06-24 09:44:37,978.65,275037
2021-06-24 09:44:39,978.7,275738
2021-06-24 09:44:40,978.2,277738
2021-06-24 09:44:41,978.2,277738
2021-06-24 09:44:42,977.85,277814
2021-06-24 09:44:43,978.55,278814
2021-06-24 09:44:44,978.45,278819
2021-06-24 09:44:46,977.9,278919
2021-06-24 09:44:46,977.9,278919
2021-06-24 09:44:47,977.9,278919
2021-06-24 09:44:48,977.9,278919
2021-06-24 09:44:49,978.4,278920
2021-06-24 09:44:50,978.4,278920
2021-06-24 09:44:51,978.4,278920
2021-06-24 09:44:52,978.25,279045
2021-06-24 09:44:53,978.4,279055
2021-06-24 09:44:54,978.4,279065
2021-06-24 09:44:55,978.4,279065
2021-06-24 09:44:56,978.4,279065
2021-06-24 09:44:57,978.5,280745
2021-06-24 09:44:58,978.5,280745
2021-06-24 09:44:59,978.5,280745
2021-06-24 09:45:00,978.5,282050
2021-06-24 09:45:01,978.5,282050
2021-06-24 09:45:02,978.95,282053
2021-06-24 09:45:03,979.0,282083
2021-06-24 09:45:04,979.0,282088
2021-06-24 09:45:05,977.95,283822
2021-06-24 09:45:06,978.55,284949
2021-06-24 09:45:07,978.7,285199
2021-06-24 09:45:08,978.95,286301
2021-06-24 09:45:09,978.75,286501
2021-06-24 09:45:11,978.9,286931
2021-06-24 09:45:11,978.75,287131
2021-06-24 09:45:12,978.75,287231
2021-06-24 09:45:13,978.95,287366
2021-06-24 09:45:15,978.95,287388
2021-06-24 09:45:15,978.95,287388
2021-06-24 09:45:17,978.95,287818
2021-06-24 09:45:17,978.95,288068
2021-06-24 09:45:18,978.95,288146
2021-06-24 09:45:19,979.0,291840
2021-06-24 09:45:21,979.25,291890
2021-06-24 09:45:23,979.2,292110
2021-06-24 09:45:24,979.2,292216
2021-06-24 09:45:25,979.2,292216
2021-06-24 09:45:26,979.1,292217
2021-06-24 09:45:27,979.0,292468
2021-06-24 09:45:28,979.2,292469
2021-06-24 09:45:29,979.3,293061
2021-06-24 09:45:30,979.3,293067
2021-06-24 09:45:31,979.45,293122
2021-06-24 09:45:32,979.45,293122
2021-06-24 09:45:33,979.4,293160
2021-06-24 09:45:34,979.45,294162
2021-06-24 09:45:35,979.45,295262
2021-06-24 09:45:37,979.45,297096
2021-06-24 09:45:38,979.45,297096
2021-06-24 09:45:38,979.05,297217
2021-06-24 09:45:39,979.05,297242
2021-06-24 09:45:40,979.05,297242
2021-06-24 09:45:41,979.5,298343
2021-06-24 09:45:42,979.45,298644
2021-06-24 09:45:43,979.45,298682
2021-06-24 09:45:44,979.45,298682
2021-06-24 09:45:45,979.2,298731
2021-06-24 09:45:46,979.1,298876
2021-06-24 09:45:47,979.1,298876
2021-06-24 09:45:48,979.45,299007
2021-06-24 09:45:49,979.45,300008
2021-06-24 09:45:50,979.5,300127
2021-06-24 09:45:51,979.4,300227
2021-06-24 09:45:52,979.5,300262
2021-06-24 09:45:53,979.4,300772
2021-06-24 09:45:54,979.5,301772
2021-06-24 09:45:55,979.15,303051
2021-06-24 09:45:56,979.45,303194
2021-06-24 09:45:57,979.4,303394
2021-06-24 09:45:58,979.05,303609
2021-06-24 09:46:00,979.45,303739
2021-06-24 09:46:00,979.45,303746
2021-06-24 09:46:01,979.45,304466
2021-06-24 09:46:03,979.45,304616
2021-06-24 09:46:03,979.45,304762
2021-06-24 09:46:04,979.45,304769
2021-06-24 09:46:05,979.45,304769
2021-06-24 09:46:06,979.2,304771
2021-06-24 09:46:07,979.45,304931
2021-06-24 09:46:08,979.4,305231
2021-06-24 09:46:09,979.15,305336
2021-06-24 09:46:10,979.4,305361
2021-06-24 09:46:11,979.15,305371
2021-06-24 09:46:12,979.0,305797
2021-06-24 09:46:13,979.0,305797
2021-06-24 09:46:14,979.0,305797
2021-06-24 09:46:15,978.55,308715
2021-06-24 09:46:16,979.1,309215
2021-06-24 09:46:17,979.0,309239
2021-06-24 09:46:18,978.95,309240
2021-06-24 09:46:19,978.95,309290
2021-06-24 09:46:20,978.95,309290
2021-06-24 09:46:21,978.95,309290
2021-06-24 09:46:22,978.95,309290
2021-06-24 09:46:23,979.0,310354
2021-06-24 09:46:24,979.0,310354
2021-06-24 09:46:25,979.0,310354
2021-06-24 09:46:27,978.5,310494
2021-06-24 09:46:27,978.8,310495
2021-06-24 09:46:28,978.8,310495
2021-06-24 09:46:29,978.1,310995
2021-06-24 09:46:30,978.7,310996
2021-06-24 09:46:31,978.7,310996
2021-06-24 09:46:33,978.25,311020
2021-06-24 09:46:34,978.75,311049
2021-06-24 09:46:35,978.75,311049
2021-06-24 09:46:36,978.35,311051
2021-06-24 09:46:37,978.35,311059
2021-06-24 09:46:38,978.35,311059
2021-06-24 09:46:39,978.7,311099
2021-06-24 09:46:39,978.7,311099
2021-06-24 09:46:40,978.7,311099
2021-06-24 09:46:41,978.7,311099
2021-06-24 09:46:43,978.15,311179
2021-06-24 09:46:44,978.5,311184
2021-06-24 09:46:45,978.25,311189
2021-06-24 09:46:46,978.5,311196
2021-06-24 09:46:47,978.2,311206
2021-06-24 09:46:48,978.3,311256
2021-06-24 09:46:49,978.3,311361
2021-06-24 09:46:50,978.1,312080
2021-06-24 09:46:50,978.1,312082
2021-06-24 09:46:52,978.1,312082
2021-06-24 09:46:52,978.3,312107
2021-06-24 09:46:53,978.1,313131
2021-06-24 09:46:55,978.1,313668
2021-06-24 09:46:56,977.4,314834
2021-06-24 09:46:57,977.3,315808
2021-06-24 09:46:58,977.4,315916
2021-06-24 09:46:59,977.35,315924
2021-06-24 09:47:00,977.35,315924
2021-06-24 09:47:01,977.7,315971
2021-06-24 09:47:02,977.7,315971
2021-06-24 09:47:03,977.7,315984
2021-06-24 09:47:04,977.7,316074
2021-06-24 09:47:05,977.7,316074
2021-06-24 09:47:06,977.7,316074
2021-06-24 09:47:07,977.7,316074
2021-06-24 09:47:09,977.7,316074
2021-06-24 09:47:10,977.7,316174
2021-06-24 09:47:12,977.35,317046
2021-06-24 09:47:13,977.35,317046
2021-06-24 09:47:14,977.0,317784
2021-06-24 09:47:14,977.0,317784
2021-06-24 09:47:16,977.0,317784
2021-06-24 09:47:17,978.2,324448
2021-06-24 09:47:18,978.2,325219
2021-06-24 09:47:19,977.5,325269
2021-06-24 09:47:20,977.9,325369
2021-06-24 09:47:20,977.9,325369
2021-06-24 09:47:23,977.95,325379
2021-06-24 09:47:24,977.95,325379
2021-06-24 09:47:25,977.95,325379
2021-06-24 09:47:26,977.65,325384
2021-06-24 09:47:26,977.65,325535
2021-06-24 09:47:27,977.65,325535
2021-06-24 09:47:28,977.9,326137
2021-06-24 09:47:30,977.9,326137
2021-06-24 09:47:31,977.9,326137
2021-06-24 09:47:32,977.9,326137
2021-06-24 09:47:35,978.05,327874
2021-06-24 09:47:36,978.05,327874
2021-06-24 09:47:37,978.05,327874
2021-06-24 09:47:38,978.05,328688
2021-06-24 09:47:39,978.2,328838
2021-06-24 09:47:40,978.2,328841
2021-06-24 09:47:41,978.2,328841
2021-06-24 09:47:42,978.2,328841
2021-06-24 09:47:42,978.2,328841
2021-06-24 09:47:44,978.2,328841
2021-06-24 09:47:45,978.2,328848
2021-06-24 09:47:45,978.2,328848
2021-06-24 09:47:46,977.95,328858
2021-06-24 09:47:48,978.25,328958
2021-06-24 09:47:49,978.6,329574
2021-06-24 09:47:49,978.6,329574
2021-06-24 09:47:50,978.45,329580
2021-06-24 09:47:51,978.45,329580
2021-06-24 09:47:52,978.0,329618
2021-06-24 09:47:54,978.0,329618
2021-06-24 09:47:55,978.0,329618
2021-06-24 09:47:56,978.4,329658
2021-06-24 09:47:57,978.05,329708
2021-06-24 09:47:58,978.05,329708
2021-06-24 09:47:59,978.05,329708
2021-06-24 09:48:00,978.05,329708
2021-06-24 09:48:02,978.1,329758
2021-06-24 09:48:03,978.1,329758
2021-06-24 09:48:04,978.1,329758
2021-06-24 09:48:05,978.1,329758
2021-06-24 09:48:06,978.1,329758
2021-06-24 09:48:08,978.35,329936
2021-06-24 09:48:10,978.4,329952
2021-06-24 09:48:11,978.4,329952
2021-06-24 09:48:12,978.4,329952
2021-06-24 09:48:12,978.35,330055
2021-06-24 09:48:13,978.5,330105
2021-06-24 09:48:15,978.1,330130
2021-06-24 09:48:16,978.1,330130
2021-06-24 09:48:17,978.55,330530
2021-06-24 09:48:18,978.15,330585
2021-06-24 09:48:19,978.65,330835
2021-06-24 09:48:20,978.65,330835
2021-06-24 09:48:21,978.55,330868
2021-06-24 09:48:22,978.55,330868
2021-06-24 09:48:23,978.1,331274
2021-06-24 09:48:24,978.0,331282
2021-06-24 09:48:25,978.4,331477
2021-06-24 09:48:26,978.4,331479
2021-06-24 09:48:27,978.4,331529
2021-06-24 09:48:29,978.1,331629
2021-06-24 09:48:30,978.0,331635
2021-06-24 09:48:31,978.1,331697
2021-06-24 09:48:32,978.1,331727
2021-06-24 09:48:33,978.1,331877
2021-06-24 09:48:34,978.1,332052
2021-06-24 09:48:35,978.1,332075
2021-06-24 09:48:36,978.1,332075
2021-06-24 09:48:37,978.1,332090
2021-06-24 09:48:38,978.2,332145
2021-06-24 09:48:39,978.2,332145
2021-06-24 09:48:40,978.6,332257
2021-06-24 09:48:41,978.55,332292
2021-06-24 09:48:42,978.2,332342
2021-06-24 09:48:43,978.2,332342
2021-06-24 09:48:44,978.2,332342
2021-06-24 09:48:45,978.2,332342
2021-06-24 09:48:46,978.55,332352
2021-06-24 09:48:47,978.55,332352
2021-06-24 09:48:48,978.2,332912
2021-06-24 09:48:49,978.2,332918
2021-06-24 09:48:50,978.15,332948
2021-06-24 09:48:53,978.3,333186
2021-06-24 09:48:54,978.3,333186
2021-06-24 09:48:55,978.7,333204
2021-06-24 09:48:56,978.7,333204
2021-06-24 09:48:57,978.7,333204
2021-06-24 09:48:58,978.7,333226
2021-06-24 09:48:59,978.7,333231
2021-06-24 09:49:00,978.25,333238
2021-06-24 09:49:01,978.25,333238
2021-06-24 09:49:02,978.25,333238
2021-06-24 09:49:03,978.25,333238
2021-06-24 09:49:04,978.6,333251
2021-06-24 09:49:05,978.25,333273
2021-06-24 09:49:06,978.3,333283
2021-06-24 09:49:07,978.1,333813
2021-06-24 09:49:07,978.1,333813
2021-06-24 09:49:08,978.5,334040
2021-06-24 09:49:10,978.5,334040
2021-06-24 09:49:10,978.5,334040
2021-06-24 09:49:12,978.5,334040
2021-06-24 09:49:13,978.5,334040
2021-06-24 09:49:14,978.5,334040
2021-06-24 09:49:15,978.4,334215
2021-06-24 09:49:16,978.4,334505
2021-06-24 09:49:17,978.4,334505
2021-06-24 09:49:18,978.5,334678
2021-06-24 09:49:19,978.75,334908
2021-06-24 09:49:20,978.3,334956
2021-06-24 09:49:21,978.25,335438
2021-06-24 09:49:22,977.9,338204
2021-06-24 09:49:22,977.9,338204
2021-06-24 09:49:23,978.1,338214
2021-06-24 09:49:25,978.0,338265
2021-06-24 09:49:26,977.9,338959
2021-06-24 09:49:27,977.6,339126
2021-06-24 09:49:28,977.3,339189
2021-06-24 09:49:29,977.3,339401
2021-06-24 09:49:30,977.3,339401
2021-06-24 09:49:31,977.55,339543
2021-06-24 09:49:32,977.55,339667
2021-06-24 09:49:33,977.55,339723
2021-06-24 09:49:34,977.25,339821
2021-06-24 09:49:35,977.6,339860
2021-06-24 09:49:36,977.35,339989
2021-06-24 09:49:37,977.35,339989
2021-06-24 09:49:38,977.5,340009
2021-06-24 09:49:39,977.4,340202
2021-06-24 09:49:40,977.4,340202
2021-06-24 09:49:40,977.4,340202
2021-06-24 09:49:41,977.15,341527
2021-06-24 09:49:42,977.3,341577
2021-06-24 09:49:43,977.1,341592
2021-06-24 09:49:44,977.1,341592
2021-06-24 09:49:46,977.5,341747
2021-06-24 09:49:47,977.5,341747
2021-06-24 09:49:48,977.1,341790
2021-06-24 09:49:49,977.55,341791
2021-06-24 09:49:50,977.45,342645
2021-06-24 09:49:51,977.5,342646
2021-06-24 09:49:54,977.0,343851
2021-06-24 09:49:56,976.6,345331
2021-06-24 09:49:57,976.9,345433
2021-06-24 09:49:59,976.5,345533
2021-06-24 09:50:00,976.6,345585
2021-06-24 09:50:01,976.8,346601
2021-06-24 09:50:02,976.8,346601
2021-06-24 09:50:03,976.5,346642
2021-06-24 09:50:04,976.75,346647
2021-06-24 09:50:05,976.9,346854
2021-06-24 09:50:06,976.4,346896
2021-06-24 09:50:06,976.4,346896
2021-06-24 09:50:09,976.3,347193
2021-06-24 09:50:09,976.3,347193
2021-06-24 09:50:10,976.3,347193
2021-06-24 09:50:12,976.65,347471
2021-06-24 09:50:12,976.65,347471
2021-06-24 09:50:14,976.65,347572
2021-06-24 09:50:15,976.65,348082
2021-06-24 09:50:16,976.65,348082
2021-06-24 09:50:17,976.9,348282
2021-06-24 09:50:18,976.4,348464
2021-06-24 09:50:19,976.4,348464
2021-06-24 09:50:22,976.3,348559
2021-06-24 09:50:24,976.65,348561
2021-06-24 09:50:25,976.65,348564
2021-06-24 09:50:26,976.2,348890
2021-06-24 09:50:27,976.65,348915
2021-06-24 09:50:28,976.35,348926
2021-06-24 09:50:29,976.65,348976
2021-06-24 09:50:31,976.95,349076
2021-06-24 09:50:32,976.55,349116
2021-06-24 09:50:33,976.55,349116
2021-06-24 09:50:34,976.5,349166
2021-06-24 09:50:35,976.5,349166
2021-06-24 09:50:36,976.35,349216
2021-06-24 09:50:36,976.3,349217
2021-06-24 09:50:38,976.5,349219
2021-06-24 09:50:39,976.5,349219
2021-06-24 09:50:39,976.5,349219
2021-06-24 09:50:40,976.5,349419
2021-06-24 09:50:41,976.4,349422
2021-06-24 09:50:42,976.5,349476
2021-06-24 09:50:43,976.6,349549
2021-06-24 09:50:45,977.0,349750
2021-06-24 09:50:46,977.0,349750
2021-06-24 09:50:47,976.65,349755
2021-06-24 09:50:48,976.65,349755
2021-06-24 09:50:49,976.95,349766
2021-06-24 09:50:50,976.95,349766
2021-06-24 09:50:51,976.95,349766
2021-06-24 09:50:52,976.95,349766
2021-06-24 09:50:53,976.95,349768
2021-06-24 09:50:54,976.95,349778
2021-06-24 09:50:54,976.95,349798
2021-06-24 09:50:56,976.95,349800
2021-06-24 09:50:57,976.95,349807
2021-06-24 09:50:58,976.95,349807
2021-06-24 09:50:59,976.95,349807
2021-06-24 09:51:00,976.95,349807
2021-06-24 09:51:01,976.95,349811
2021-06-24 09:51:02,976.95,349811
2021-06-24 09:51:03,976.8,349913
2021-06-24 09:51:04,976.8,349913
2021-06-24 09:51:05,976.8,349918
2021-06-24 09:51:06,976.8,350018
2021-06-24 09:51:07,976.8,350018
2021-06-24 09:51:08,976.8,350018
2021-06-24 09:51:09,976.8,350028
2021-06-24 09:51:10,976.85,350242
2021-06-24 09:51:11,976.85,350242
2021-06-24 09:51:12,976.8,350432
2021-06-24 09:51:13,977.0,350587
2021-06-24 09:51:14,977.0,350592
2021-06-24 09:51:15,977.0,350592
2021-06-24 09:51:16,977.0,350592
2021-06-24 09:51:18,977.0,350592
2021-06-24 09:51:17,977.0,350592
2021-06-24 09:51:19,976.8,350595
2021-06-24 09:51:20,976.8,350595
2021-06-24 09:51:21,976.8,350723
2021-06-24 09:51:22,976.85,350823
2021-06-24 09:51:23,976.8,350828
2021-06-24 09:51:24,977.0,350838
2021-06-24 09:51:25,977.0,351596
2021-06-24 09:51:26,976.8,351601
2021-06-24 09:51:27,977.0,351631
2021-06-24 09:51:28,976.8,351883
2021-06-24 09:51:29,976.8,351883
2021-06-24 09:51:30,976.8,351900
2021-06-24 09:51:31,977.0,351976
2021-06-24 09:51:32,977.0,351976
2021-06-24 09:51:33,977.0,351976
2021-06-24 09:51:34,977.0,351976
2021-06-24 09:51:35,976.65,352317
2021-06-24 09:51:36,976.8,352417
2021-06-24 09:51:37,976.8,352417
2021-06-24 09:51:38,976.8,352417
2021-06-24 09:51:39,976.9,352617
2021-06-24 09:51:40,976.8,352618
2021-06-24 09:51:41,976.85,352628
2021-06-24 09:51:42,976.65,352629
2021-06-24 09:51:43,976.65,352629
2021-06-24 09:51:44,976.85,352729
2021-06-24 09:51:45,976.9,352972
2021-06-24 09:51:46,976.9,353152
2021-06-24 09:51:47,977.0,353260
2021-06-24 09:51:48,977.0,353260
2021-06-24 09:51:49,977.0,353260
2021-06-24 09:51:51,977.0,353302
2021-06-24 09:51:52,977.15,353392
2021-06-24 09:51:53,976.7,353461
2021-06-24 09:51:54,976.7,353461
2021-06-24 09:51:55,976.7,353461
2021-06-24 09:51:56,976.7,353461
2021-06-24 09:51:57,976.7,353461
2021-06-24 09:51:58,976.65,353661
2021-06-24 09:51:59,977.05,353686
2021-06-24 09:52:00,977.05,353686
2021-06-24 09:52:01,977.0,353693
2021-06-24 09:52:03,977.05,353758
2021-06-24 09:52:04,977.05,353758
2021-06-24 09:52:05,977.1,353958
2021-06-24 09:52:06,977.0,353961
2021-06-24 09:52:07,977.0,354062
2021-06-24 09:52:08,977.0,354062
2021-06-24 09:52:09,977.0,354062
2021-06-24 09:52:10,977.0,354062
2021-06-24 09:52:11,977.0,354062
2021-06-24 09:52:12,977.0,354138
2021-06-24 09:52:14,977.0,354138
2021-06-24 09:52:15,977.0,354146
2021-06-24 09:52:16,977.0,354146
2021-06-24 09:52:17,977.0,354146
2021-06-24 09:52:18,976.7,354147
2021-06-24 09:52:19,976.7,354147
2021-06-24 09:52:20,976.7,354147
2021-06-24 09:52:21,977.2,354617
2021-06-24 09:52:22,977.25,354618
2021-06-24 09:52:23,976.8,354643
2021-06-24 09:52:24,976.75,354744
2021-06-24 09:52:25,977.05,354754
2021-06-24 09:52:26,976.7,354759
2021-06-24 09:52:27,976.7,354759
2021-06-24 09:52:28,977.0,354760
2021-06-24 09:52:29,977.0,354760
2021-06-24 09:52:30,976.55,354770
2021-06-24 09:52:31,976.55,354770
2021-06-24 09:52:32,977.0,354780
2021-06-24 09:52:33,977.0,354785
2021-06-24 09:52:34,977.0,354785
2021-06-24 09:52:35,977.0,354795
2021-06-24 09:52:36,977.0,354795
2021-06-24 09:52:37,977.0,354895
2021-06-24 09:52:38,977.0,354895
2021-06-24 09:52:39,976.55,354965
2021-06-24 09:52:40,976.65,355151
2021-06-24 09:52:41,976.6,355162
2021-06-24 09:52:42,976.6,355162
2021-06-24 09:52:43,976.6,355162
2021-06-24 09:52:44,976.6,355162
2021-06-24 09:52:45,976.6,355162
2021-06-24 09:52:46,976.6,355170
2021-06-24 09:52:47,976.6,355172
2021-06-24 09:52:48,976.6,355172
2021-06-24 09:52:49,976.9,355202
2021-06-24 09:52:50,976.9,355202
2021-06-24 09:52:51,976.6,355204
2021-06-24 09:52:52,976.9,355229
2021-06-24 09:52:53,976.9,355229
2021-06-24 09:52:54,977.0,355615
2021-06-24 09:52:55,977.0,355619
2021-06-24 09:52:56,976.65,355639
2021-06-24 09:52:57,976.65,355639
2021-06-24 09:52:58,976.65,355639
2021-06-24 09:52:59,976.9,355914
2021-06-24 09:53:00,976.9,355914
2021-06-24 09:53:01,976.6,355944
2021-06-24 09:53:02,976.6,355944
2021-06-24 09:53:03,976.95,356144
2021-06-24 09:53:04,976.95,356144
2021-06-24 09:53:05,976.95,356144
2021-06-24 09:53:06,976.95,356144
2021-06-24 09:53:07,976.9,356145
2021-06-24 09:53:08,976.95,356165
2021-06-24 09:53:09,976.95,356165
2021-06-24 09:53:10,976.95,356165
2021-06-24 09:53:11,976.9,356172
2021-06-24 09:53:12,976.9,356172
2021-06-24 09:53:14,976.9,356352
2021-06-24 09:53:15,976.9,356352
2021-06-24 09:53:16,976.6,357468
2021-06-24 09:53:17,976.75,357568
2021-06-24 09:53:18,976.75,357586
2021-06-24 09:53:19,976.75,357586
2021-06-24 09:53:20,976.5,358301
2021-06-24 09:53:21,976.6,358371
2021-06-24 09:53:23,976.7,358372
2021-06-24 09:53:24,976.45,358374
2021-06-24 09:53:25,976.45,358374
2021-06-24 09:53:26,976.4,358634
2021-06-24 09:53:27,976.9,358834
2021-06-24 09:53:28,976.9,358834
2021-06-24 09:53:29,976.45,358953
2021-06-24 09:53:30,976.85,358999
2021-06-24 09:53:31,976.85,358999
2021-06-24 09:53:32,976.85,358999
2021-06-24 09:53:33,976.8,359009
2021-06-24 09:53:34,976.65,359089
2021-06-24 09:53:35,976.85,359117
2021-06-24 09:53:36,976.85,359117
2021-06-24 09:53:37,976.95,359390
2021-06-24 09:53:39,976.65,359560
2021-06-24 09:53:39,976.65,359560
2021-06-24 09:53:40,976.85,359750
2021-06-24 09:53:41,976.8,359753
2021-06-24 09:53:42,976.9,359954
2021-06-24 09:53:43,976.9,359954
2021-06-24 09:53:44,976.9,360054
2021-06-24 09:53:45,976.9,360054
2021-06-24 09:53:46,976.9,360055
2021-06-24 09:53:48,976.9,360055
2021-06-24 09:53:48,976.9,360055
2021-06-24 09:53:49,976.85,360155
2021-06-24 09:53:52,976.8,360385
2021-06-24 09:53:53,976.8,360387
2021-06-24 09:53:54,976.8,360392
2021-06-24 09:53:55,976.9,360533
2021-06-24 09:53:56,976.9,360543
2021-06-24 09:53:57,976.9,360543
2021-06-24 09:53:59,976.8,360753
2021-06-24 09:54:00,976.5,360773
2021-06-24 09:54:01,976.45,360782
2021-06-24 09:54:02,976.8,360882
2021-06-24 09:54:03,976.35,361698
2021-06-24 09:54:05,976.8,361703
2021-06-24 09:54:05,976.8,361703
2021-06-24 09:54:06,976.8,361703
2021-06-24 09:54:07,976.8,361703
2021-06-24 09:54:09,976.8,361703
2021-06-24 09:54:10,976.7,361716
2021-06-24 09:54:11,976.7,361716
2021-06-24 09:54:12,976.4,361718
2021-06-24 09:54:13,976.4,361718
2021-06-24 09:54:15,976.4,361721
2021-06-24 09:54:15,976.4,361721
2021-06-24 09:54:16,976.4,361721
2021-06-24 09:54:17,976.65,361771
2021-06-24 09:54:18,976.65,361771
2021-06-24 09:54:19,976.7,361952
2021-06-24 09:54:21,976.7,361952
2021-06-24 09:54:21,976.7,361952
2021-06-24 09:54:23,976.4,362089
2021-06-24 09:54:24,976.4,362089
2021-06-24 09:54:25,976.4,362089
2021-06-24 09:54:26,976.65,362103
2021-06-24 09:54:28,976.7,362128
2021-06-24 09:54:28,976.7,362128
2021-06-24 09:54:29,976.7,362128
2021-06-24 09:54:30,976.65,362129
2021-06-24 09:54:31,976.65,362129
2021-06-24 09:54:32,976.45,362189
2021-06-24 09:54:33,976.45,362189
2021-06-24 09:54:34,976.5,362191
2021-06-24 09:54:36,976.7,362231
2021-06-24 09:54:36,976.7,362231
2021-06-24 09:54:37,976.7,362231
2021-06-24 09:54:38,976.95,362331
2021-06-24 09:54:39,976.95,362331
2021-06-24 09:54:40,976.95,362331
2021-06-24 09:54:41,976.8,362356
2021-06-24 09:54:42,976.8,362356
2021-06-24 09:54:43,976.5,362376
2021-06-24 09:54:44,976.9,362476
2021-06-24 09:54:45,976.9,362476
2021-06-24 09:54:46,976.7,362526
2021-06-24 09:54:48,976.9,362532
2021-06-24 09:54:48,976.9,362532
2021-06-24 09:54:49,976.9,362542
2021-06-24 09:54:50,976.8,362558
2021-06-24 09:54:51,976.8,362573
2021-06-24 09:54:52,976.75,362653
2021-06-24 09:54:53,976.5,362672
2021-06-24 09:54:55,976.5,362900
2021-06-24 09:54:55,976.5,362900
2021-06-24 09:54:57,976.5,362900
2021-06-24 09:54:57,976.7,363000
2021-06-24 09:54:59,976.7,363000
2021-06-24 09:55:00,976.7,363000
2021-06-24 09:55:00,976.4,363395
2021-06-24 09:55:02,976.35,363495
2021-06-24 09:55:03,976.2,363525
2021-06-24 09:55:04,976.55,363935
2021-06-24 09:55:05,976.2,363953
2021-06-24 09:55:07,976.2,364006
2021-06-24 09:55:08,976.2,364006
2021-06-24 09:55:09,976.2,364006
2021-06-24 09:55:10,976.05,364047
2021-06-24 09:55:11,976.05,364047
2021-06-24 09:55:12,976.2,364062
2021-06-24 09:55:13,976.4,364182
2021-06-24 09:55:14,976.05,364183
2021-06-24 09:55:15,976.0,364220
2021-06-24 09:55:16,976.0,364261
2021-06-24 09:55:17,976.0,364261
2021-06-24 09:55:19,976.05,364263
2021-06-24 09:55:20,976.0,365512
2021-06-24 09:55:21,976.0,365542
2021-06-24 09:55:22,976.0,365543
2021-06-24 09:55:23,976.0,366033
2021-06-24 09:55:24,975.6,366048
2021-06-24 09:55:26,975.9,366060
2021-06-24 09:55:27,975.95,366091
2021-06-24 09:55:27,975.95,366091
2021-06-24 09:55:28,975.95,366106
2021-06-24 09:55:30,975.65,366108
2021-06-24 09:55:31,975.65,366108
2021-06-24 09:55:32,975.9,366198
2021-06-24 09:55:34,975.65,366199
2021-06-24 09:55:36,975.9,366209
2021-06-24 09:55:37,975.9,366209
2021-06-24 09:55:38,975.65,366334
2021-06-24 09:55:39,975.85,366844
2021-06-24 09:55:40,975.5,366868
2021-06-24 09:55:41,975.5,366868
2021-06-24 09:55:41,975.5,366868
2021-06-24 09:55:42,975.8,366869
2021-06-24 09:55:43,975.8,366889
2021-06-24 09:55:44,975.8,366924
2021-06-24 09:55:45,975.8,366924
2021-06-24 09:55:46,975.8,366925
2021-06-24 09:55:48,975.8,366925
2021-06-24 09:55:49,975.8,366925
2021-06-24 09:55:49,975.8,366925
2021-06-24 09:55:50,975.8,366943
2021-06-24 09:55:51,975.8,366943
2021-06-24 09:55:52,975.55,366951
2021-06-24 09:55:53,975.8,367131
2021-06-24 09:55:55,975.5,367378
2021-06-24 09:55:55,975.5,367378
2021-06-24 09:55:57,975.5,367378
2021-06-24 09:55:58,975.8,367382
2021-06-24 09:55:58,975.8,367382
2021-06-24 09:55:59,975.8,367482
2021-06-24 09:56:00,975.8,367497
2021-06-24 09:56:01,975.8,367503
2021-06-24 09:56:03,975.8,367510
2021-06-24 09:56:04,975.8,367510
2021-06-24 09:56:05,975.95,367520
2021-06-24 09:56:06,975.95,367545
2021-06-24 09:56:07,975.95,367545
2021-06-24 09:56:08,975.95,367731
2021-06-24 09:56:09,975.95,367731
2021-06-24 09:56:10,976.0,367993
2021-06-24 09:56:11,975.9,368013
2021-06-24 09:56:12,975.9,368013
2021-06-24 09:56:13,976.0,368043
2021-06-24 09:56:14,975.95,368119
2021-06-24 09:56:15,975.95,368172
2021-06-24 09:56:16,975.8,368913
2021-06-24 09:56:17,975.95,368963
2021-06-24 09:56:18,975.95,368963
2021-06-24 09:56:19,975.95,369100
2021-06-24 09:56:20,975.95,369100
2021-06-24 09:56:21,975.95,369100
2021-06-24 09:56:24,975.8,369203
2021-06-24 09:56:25,975.8,369903
2021-06-24 09:56:28,975.65,370538
2021-06-24 09:56:29,975.8,370588
2021-06-24 09:56:31,975.65,370817
2021-06-24 09:56:32,975.65,370817
2021-06-24 09:56:33,975.5,371414
2021-06-24 09:56:34,975.4,371610
2021-06-24 09:56:36,975.75,372607
2021-06-24 09:56:37,975.75,372607
2021-06-24 09:56:37,975.75,372612
2021-06-24 09:56:38,975.35,372828
2021-06-24 09:56:39,975.7,373778
2021-06-24 09:56:40,975.2,373780
2021-06-24 09:56:41,975.2,373780
2021-06-24 09:56:42,975.35,373786
2021-06-24 09:56:44,975.2,374086
2021-06-24 09:56:45,975.2,374116
2021-06-24 09:56:45,975.2,374116
2021-06-24 09:56:46,975.5,374117
2021-06-24 09:56:48,975.5,375123
2021-06-24 09:56:48,975.5,375143
2021-06-24 09:56:50,975.7,375243
2021-06-24 09:56:51,975.5,375248
2021-06-24 09:56:51,975.5,375248
2021-06-24 09:56:52,975.5,375248
2021-06-24 09:56:53,975.65,375340
2021-06-24 09:56:54,975.65,375340
2021-06-24 09:56:55,975.5,375365
2021-06-24 09:56:56,975.5,375365
2021-06-24 09:56:58,975.5,375617
2021-06-24 09:56:59,975.25,375901
2021-06-24 09:57:00,975.65,376007
2021-06-24 09:57:01,975.65,376019
2021-06-24 09:57:02,975.65,376019
2021-06-24 09:57:03,975.3,376074
2021-06-24 09:57:05,975.65,376088
2021-06-24 09:57:05,975.65,376088
2021-06-24 09:57:06,975.65,376088
2021-06-24 09:57:08,975.25,376154
2021-06-24 09:57:08,975.5,376170
2021-06-24 09:57:09,975.5,376170
2021-06-24 09:57:10,975.5,376170
2021-06-24 09:57:11,975.25,376204
2021-06-24 09:57:12,975.5,376216
2021-06-24 09:57:13,975.5,376825
2021-06-24 09:57:14,975.5,376955
2021-06-24 09:57:15,975.55,376977
2021-06-24 09:57:16,975.55,376977
2021-06-24 09:57:17,975.65,377177
2021-06-24 09:57:18,975.4,377236
2021-06-24 09:57:20,975.4,377246
2021-06-24 09:57:21,975.7,377248
2021-06-24 09:57:22,975.7,377298
2021-06-24 09:57:23,975.7,377310
2021-06-24 09:57:24,975.7,377310
2021-06-24 09:57:25,975.7,377315
2021-06-24 09:57:26,975.7,377317
2021-06-24 09:57:27,975.7,377319
2021-06-24 09:57:27,975.7,377512
2021-06-24 09:57:29,975.7,377560
2021-06-24 09:57:29,975.7,377561
2021-06-24 09:57:31,975.7,377563
2021-06-24 09:57:32,975.7,377563
2021-06-24 09:57:32,975.7,377563
2021-06-24 09:57:33,975.7,377563
2021-06-24 09:57:34,975.7,377563
2021-06-24 09:57:35,975.7,377563
2021-06-24 09:57:36,975.7,377563
2021-06-24 09:57:39,975.7,377600
2021-06-24 09:57:40,975.7,377600
2021-06-24 09:57:40,975.7,377600
2021-06-24 09:57:41,975.55,377700
2021-06-24 09:57:42,975.55,377725
2021-06-24 09:57:43,975.55,377725
2021-06-24 09:57:44,975.55,377725
2021-06-24 09:57:45,975.5,377728
2021-06-24 09:57:46,975.5,377806
2021-06-24 09:57:48,975.5,377907
2021-06-24 09:57:49,975.5,377910
2021-06-24 09:57:50,975.55,377928
2021-06-24 09:57:51,975.55,377952
2021-06-24 09:57:52,975.55,377960
2021-06-24 09:57:53,975.4,378060
2021-06-24 09:57:54,975.55,378085
2021-06-24 09:57:55,975.2,378785
2021-06-24 09:57:55,975.5,378835
2021-06-24 09:57:56,975.5,379023
2021-06-24 09:57:57,975.2,379028
2021-06-24 09:57:58,975.5,379291
2021-06-24 09:58:00,975.5,379325
2021-06-24 09:58:01,975.5,379826
2021-06-24 09:58:01,975.5,379952
2021-06-24 09:58:04,975.5,379952
2021-06-24 09:58:05,975.2,379980
2021-06-24 09:58:06,975.5,379987
2021-06-24 09:58:06,975.5,380221
2021-06-24 09:58:07,975.1,380384
2021-06-24 09:58:08,975.5,380410
2021-06-24 09:58:09,975.5,380410
2021-06-24 09:58:10,975.5,380410
2021-06-24 09:58:12,975.5,380440
2021-06-24 09:58:12,975.5,380448
2021-06-24 09:58:13,975.5,380448
2021-06-24 09:58:14,975.2,380453
2021-06-24 09:58:15,975.45,380575
2021-06-24 09:58:16,975.45,380624
2021-06-24 09:58:17,975.4,380727
2021-06-24 09:58:18,975.05,380764
2021-06-24 09:58:19,975.4,380767
2021-06-24 09:58:20,975.4,380767
2021-06-24 09:58:21,975.4,380767
2021-06-24 09:58:22,975.0,381418
2021-06-24 09:58:23,975.35,381591
2021-06-24 09:58:24,975.35,381617
2021-06-24 09:58:25,975.0,382440
2021-06-24 09:58:26,975.0,384646
2021-06-24 09:58:27,975.25,384919
2021-06-24 09:58:28,975.0,385633
2021-06-24 09:58:29,975.3,385750
2021-06-24 09:58:30,975.3,385754
2021-06-24 09:58:31,975.05,385762
2021-06-24 09:58:32,975.05,385797
2021-06-24 09:58:34,975.3,386158
2021-06-24 09:58:35,975.0,386182
2021-06-24 09:58:36,975.3,386422
2021-06-24 09:58:37,975.4,387174
2021-06-24 09:58:38,975.45,387286
2021-06-24 09:58:39,975.55,387855
2021-06-24 09:58:40,975.75,388027
2021-06-24 09:58:41,975.75,388079
2021-06-24 09:58:43,975.85,388335
2021-06-24 09:58:43,975.75,388370
2021-06-24 09:58:44,975.75,388370
2021-06-24 09:58:45,975.45,388412
2021-06-24 09:58:46,975.8,388417
2021-06-24 09:58:47,975.85,388467
2021-06-24 09:58:48,975.5,388485
2021-06-24 09:58:51,975.85,388533
2021-06-24 09:58:52,975.85,388555
2021-06-24 09:58:53,975.85,388715
2021-06-24 09:58:54,975.85,388760
2021-06-24 09:58:55,975.75,388886
2021-06-24 09:58:56,975.65,389319
2021-06-24 09:58:56,975.65,389319
2021-06-24 09:58:58,976.0,389428
2021-06-24 09:58:59,976.0,389459
2021-06-24 09:59:00,976.0,389467
2021-06-24 09:59:02,975.95,389470
2021-06-24 09:59:03,975.95,389470
2021-06-24 09:59:04,975.95,389470
2021-06-24 09:59:05,975.95,389470
2021-06-24 09:59:05,975.95,389470
2021-06-24 09:59:06,975.55,389606
2021-06-24 09:59:07,975.85,389640
2021-06-24 09:59:08,975.85,390360
2021-06-24 09:59:09,975.9,390588
2021-06-24 09:59:10,975.9,390605
2021-06-24 09:59:12,975.9,390605
2021-06-24 09:59:13,975.9,390605
2021-06-24 09:59:14,975.85,390628
2021-06-24 09:59:14,975.85,390659
2021-06-24 09:59:15,975.85,390665
2021-06-24 09:59:16,975.5,390697
2021-06-24 09:59:17,975.5,390820
2021-06-24 09:59:18,975.85,390849
2021-06-24 09:59:19,975.8,390851
2021-06-24 09:59:20,975.8,390851
2021-06-24 09:59:21,975.8,390886
2021-06-24 09:59:23,975.8,391036
2021-06-24 09:59:24,975.5,391097
2021-06-24 09:59:25,975.8,391104
2021-06-24 09:59:26,975.8,391104
2021-06-24 09:59:27,975.8,391104
2021-06-24 09:59:28,975.8,391104
2021-06-24 09:59:29,975.8,391106
2021-06-24 09:59:30,975.8,391106
2021-06-24 09:59:31,975.75,391121
2021-06-24 09:59:32,975.75,391125
2021-06-24 09:59:33,975.75,391130
2021-06-24 09:59:34,975.5,391133
2021-06-24 09:59:35,975.7,391134
2021-06-24 09:59:36,975.7,391134
2021-06-24 09:59:37,975.5,391234
2021-06-24 09:59:37,975.7,391473
2021-06-24 09:59:38,975.75,391596
2021-06-24 09:59:39,975.85,392451
2021-06-24 09:59:41,976.2,393400
2021-06-24 09:59:42,976.2,393589
2021-06-24 09:59:43,976.25,393590
2021-06-24 09:59:44,976.25,393590
2021-06-24 09:59:45,976.25,393685
2021-06-24 09:59:46,976.0,395030
2021-06-24 09:59:47,976.05,395088
2021-06-24 09:59:48,976.2,395469
2021-06-24 09:59:49,976.2,395479
2021-06-24 09:59:50,976.2,395479
2021-06-24 09:59:50,976.2,395479
2021-06-24 09:59:54,976.0,395564
2021-06-24 09:59:55,976.0,395564
2021-06-24 09:59:56,976.0,395589
2021-06-24 09:59:57,976.0,395599
2021-06-24 09:59:58,976.0,397130
2021-06-24 09:59:59,976.15,397930
2021-06-24 10:00:00,975.95,398799
2021-06-24 10:00:01,976.45,398802
2021-06-24 10:00:02,976.45,398947
2021-06-24 10:00:03,976.45,398960
2021-06-24 10:00:04,976.45,398965
2021-06-24 10:00:05,976.4,398966
2021-06-24 10:00:05,976.0,398977
2021-06-24 10:00:07,976.4,398980
2021-06-24 10:00:08,976.4,398994
2021-06-24 10:00:09,976.4,399848
2021-06-24 10:00:09,976.4,399867
2021-06-24 10:00:10,976.4,399867
2021-06-24 10:00:11,976.4,400667
2021-06-24 10:00:12,976.95,400920
2021-06-24 10:00:14,976.95,400948
2021-06-24 10:00:15,976.95,401003
2021-06-24 10:00:16,976.95,401030
2021-06-24 10:00:17,976.9,401042
2021-06-24 10:00:18,976.6,401045
2021-06-24 10:00:19,976.7,401105
2021-06-24 10:00:20,976.7,401120
2021-06-24 10:00:22,976.7,401158
2021-06-24 10:00:23,976.4,401858
2021-06-24 10:00:24,976.3,402043
2021-06-24 10:00:25,976.3,402060
2021-06-24 10:00:26,976.7,402110
2021-06-24 10:00:27,976.75,402162
2021-06-24 10:00:28,976.75,402172
2021-06-24 10:00:28,976.75,402172
2021-06-24 10:00:29,976.75,402182
2021-06-24 10:00:31,976.7,402220
2021-06-24 10:00:32,976.7,402350
2021-06-24 10:00:33,976.75,402532
2021-06-24 10:00:34,976.75,402586
2021-06-24 10:00:36,976.75,402590
2021-06-24 10:00:36,976.75,402590
2021-06-24 10:00:38,976.95,403644
2021-06-24 10:00:39,976.95,404054
2021-06-24 10:00:40,977.05,404147
2021-06-24 10:00:41,977.05,404182
2021-06-24 10:00:42,976.6,404242
2021-06-24 10:00:42,977.05,404251
2021-06-24 10:00:43,977.05,404251
2021-06-24 10:00:45,977.0,404262
2021-06-24 10:00:47,976.7,404335
2021-06-24 10:00:48,977.0,404352
2021-06-24 10:00:48,977.1,404394
2021-06-24 10:00:50,977.25,404405
2021-06-24 10:00:51,977.0,404406
2021-06-24 10:00:52,977.0,404406
2021-06-24 10:00:53,977.0,404453
2021-06-24 10:00:53,977.0,404466
2021-06-24 10:00:54,976.75,404496
2021-06-24 10:00:56,976.75,404509
2021-06-24 10:00:57,977.0,404510
2021-06-24 10:00:58,977.0,404529
2021-06-24 10:00:59,977.0,404536
2021-06-24 10:01:00,977.0,404536
2021-06-24 10:01:01,977.0,404536
2021-06-24 10:01:01,977.0,404536
2021-06-24 10:01:03,977.0,404536
2021-06-24 10:01:04,977.0,404536
2021-06-24 10:01:05,977.0,404536
2021-06-24 10:01:06,977.0,404536
2021-06-24 10:01:07,976.95,404737
2021-06-24 10:01:08,976.85,405047
2021-06-24 10:01:09,977.25,405112
2021-06-24 10:01:10,976.8,405172
2021-06-24 10:01:11,977.0,405174
2021-06-24 10:01:12,976.75,405224
2021-06-24 10:01:12,977.2,405234
2021-06-24 10:01:13,977.2,405234
2021-06-24 10:01:14,977.0,405235
2021-06-24 10:01:15,977.0,405411
2021-06-24 10:01:16,977.0,405422
2021-06-24 10:01:17,977.2,405427
2021-06-24 10:01:19,977.2,405464
2021-06-24 10:01:20,977.2,405465
2021-06-24 10:01:21,977.2,405465
2021-06-24 10:01:22,977.2,405465
2021-06-24 10:01:23,977.2,405465
2021-06-24 10:01:24,977.2,405465
2021-06-24 10:01:25,977.35,405543
2021-06-24 10:01:26,977.0,405565
2021-06-24 10:01:27,977.3,405568
2021-06-24 10:01:28,977.3,405569
2021-06-24 10:01:29,977.3,405569
2021-06-24 10:01:30,977.25,405574
2021-06-24 10:01:31,977.0,405588
2021-06-24 10:01:32,977.2,405691
2021-06-24 10:01:33,976.75,406568
2021-06-24 10:01:34,977.15,406791
2021-06-24 10:01:35,977.1,407294
2021-06-24 10:01:36,977.1,407419
2021-06-24 10:01:37,976.8,407421
2021-06-24 10:01:38,976.8,407421
2021-06-24 10:01:39,977.0,407432
2021-06-24 10:01:40,977.0,407435
2021-06-24 10:01:41,977.0,407435
2021-06-24 10:01:42,977.0,407435
2021-06-24 10:01:43,977.0,407445
2021-06-24 10:01:44,977.0,407531
2021-06-24 10:01:45,977.0,407553
2021-06-24 10:01:45,977.0,407553
2021-06-24 10:01:46,977.0,407553
2021-06-24 10:01:47,977.0,407553
2021-06-24 10:01:49,977.0,407553
2021-06-24 10:01:50,977.0,407553
2021-06-24 10:01:51,976.75,407633
2021-06-24 10:01:52,976.95,407653
2021-06-24 10:01:53,976.95,407653
2021-06-24 10:01:54,976.95,407653
2021-06-24 10:01:55,976.95,407654
2021-06-24 10:01:56,976.95,407654
2021-06-24 10:01:57,976.95,407669
2021-06-24 10:01:58,976.95,407738
2021-06-24 10:01:59,976.95,407754
2021-06-24 10:02:00,976.95,407754
2021-06-24 10:02:01,976.95,408317
2021-06-24 10:02:02,976.95,408421
2021-06-24 10:02:03,976.95,408421
2021-06-24 10:02:04,977.0,408458
2021-06-24 10:02:05,977.0,408463
2021-06-24 10:02:07,977.0,408703
2021-06-24 10:02:08,977.0,408704
2021-06-24 10:02:09,977.1,408714
2021-06-24 10:02:11,977.0,408739
2021-06-24 10:02:12,977.0,408744
2021-06-24 10:02:13,977.0,408758
2021-06-24 10:02:15,977.0,408936
2021-06-24 10:02:16,977.0,408936
2021-06-24 10:02:17,977.4,409772
2021-06-24 10:02:19,977.35,410026
2021-06-24 10:02:20,977.1,410082
2021-06-24 10:02:21,977.2,410096
2021-06-24 10:02:22,977.2,410096
2021-06-24 10:02:23,977.25,410299
2021-06-24 10:02:24,977.25,410367
2021-06-24 10:02:25,977.3,410386
2021-06-24 10:02:26,977.3,410396
2021-06-24 10:02:27,977.3,410396
2021-06-24 10:02:28,977.2,410476
2021-06-24 10:02:29,977.35,410490
2021-06-24 10:02:30,977.2,410500
2021-06-24 10:02:31,977.5,411173
2021-06-24 10:02:32,977.9,411342
2021-06-24 10:02:33,977.95,411356
2021-06-24 10:02:34,977.95,411359
2021-06-24 10:02:35,977.95,411359
2021-06-24 10:02:36,977.95,411359
2021-06-24 10:02:37,977.5,411389
2021-06-24 10:02:38,977.9,411464
2021-06-24 10:02:39,977.75,411490
2021-06-24 10:02:40,977.85,411493
2021-06-24 10:02:41,977.75,411506
2021-06-24 10:02:42,977.75,411514
2021-06-24 10:02:45,977.65,412138
2021-06-24 10:02:46,977.6,412872
2021-06-24 10:02:47,977.6,413009
2021-06-24 10:02:49,977.55,413071
2021-06-24 10:02:50,977.5,413755
2021-06-24 10:02:51,977.65,414932
2021-06-24 10:02:52,977.5,415293
2021-06-24 10:02:53,977.65,415296
2021-06-24 10:02:54,977.75,415380
2021-06-24 10:02:55,977.2,416095
2021-06-24 10:02:56,977.6,416401
2021-06-24 10:02:57,977.75,416427
2021-06-24 10:02:58,977.75,416450
2021-06-24 10:02:59,977.75,416450
2021-06-24 10:03:00,977.75,416450
2021-06-24 10:03:01,977.75,416450
2021-06-24 10:03:02,977.35,416528
2021-06-24 10:03:03,977.65,416533
2021-06-24 10:03:04,977.7,416583
2021-06-24 10:03:05,977.7,416595
2021-06-24 10:03:06,977.65,416610
2021-06-24 10:03:07,977.65,416611
2021-06-24 10:03:08,977.7,416658
2021-06-24 10:03:09,977.65,416807
2021-06-24 10:03:10,977.65,416929
2021-06-24 10:03:11,977.65,416982
2021-06-24 10:03:12,977.65,416985
2021-06-24 10:03:13,977.65,416985
2021-06-24 10:03:14,977.65,416995
2021-06-24 10:03:15,977.65,416998
2021-06-24 10:03:16,977.65,417001
2021-06-24 10:03:17,977.65,417002
2021-06-24 10:03:19,978.1,421714
2021-06-24 10:03:20,978.25,422650
2021-06-24 10:03:21,978.35,422678
2021-06-24 10:03:22,978.35,422706
2021-06-24 10:03:23,978.4,422897
2021-06-24 10:03:24,978.4,422939
2021-06-24 10:03:25,978.4,422949
2021-06-24 10:03:26,978.4,422949
2021-06-24 10:03:27,978.4,422949
2021-06-24 10:03:28,978.25,422958
2021-06-24 10:03:29,978.45,423538
2021-06-24 10:03:30,978.5,423682
2021-06-24 10:03:31,978.5,423682
2021-06-24 10:03:32,978.5,423682
2021-06-24 10:03:33,977.95,423782
2021-06-24 10:03:35,977.9,423860
2021-06-24 10:03:34,977.9,423860
2021-06-24 10:03:36,978.35,423927
2021-06-24 10:03:37,978.3,423952
2021-06-24 10:03:38,978.3,423952
2021-06-24 10:03:39,978.3,423952
2021-06-24 10:03:40,978.2,424053
2021-06-24 10:03:41,978.15,424078
2021-06-24 10:03:42,978.0,424088
2021-06-24 10:03:43,977.9,424190
2021-06-24 10:03:44,977.9,424215
2021-06-24 10:03:45,977.75,424220
2021-06-24 10:03:46,977.85,424221
2021-06-24 10:03:47,977.65,424247
2021-06-24 10:03:48,977.8,424254
2021-06-24 10:03:49,977.8,424254
2021-06-24 10:03:50,977.5,424354
2021-06-24 10:03:51,977.8,424370
2021-06-24 10:03:52,977.85,424429
2021-06-24 10:03:53,977.85,424442
2021-06-24 10:03:54,977.75,424478
2021-06-24 10:03:55,977.85,424486
2021-06-24 10:03:56,977.85,424490
2021-06-24 10:03:57,977.85,424491
2021-06-24 10:03:58,977.85,424641
2021-06-24 10:03:59,977.85,424679
2021-06-24 10:04:01,977.85,424694
2021-06-24 10:04:01,977.85,424698
2021-06-24 10:04:02,977.85,424698
2021-06-24 10:04:03,977.85,424808
2021-06-24 10:04:04,977.85,424835
2021-06-24 10:04:05,977.85,424835
2021-06-24 10:04:06,977.85,424835
2021-06-24 10:04:07,977.8,424910
2021-06-24 10:04:08,977.8,424929
2021-06-24 10:04:09,977.75,424954
2021-06-24 10:04:10,977.8,424960
2021-06-24 10:04:11,977.8,424962
2021-06-24 10:04:12,977.8,424968
2021-06-24 10:04:13,977.8,424969
2021-06-24 10:04:14,977.75,424994
2021-06-24 10:04:15,977.65,425478
2021-06-24 10:04:16,977.75,425598
2021-06-24 10:04:17,977.9,426598
2021-06-24 10:04:18,977.85,426853
2021-06-24 10:04:19,977.7,426868
2021-06-24 10:04:20,977.5,426896
2021-06-24 10:04:21,977.2,427353
2021-06-24 10:04:23,977.7,428133
2021-06-24 10:04:24,977.65,428502
2021-06-24 10:04:25,977.65,428551
2021-06-24 10:04:26,977.65,428558
2021-06-24 10:04:27,977.3,428872
2021-06-24 10:04:28,977.25,428955
2021-06-24 10:04:29,977.25,428956
2021-06-24 10:04:30,977.25,428956
2021-06-24 10:04:31,977.25,428986
2021-06-24 10:04:32,977.25,428994
2021-06-24 10:04:33,977.05,429149
2021-06-24 10:04:34,977.2,429737
2021-06-24 10:04:35,977.25,429878
2021-06-24 10:04:36,977.25,429882
2021-06-24 10:04:37,977.25,429883
2021-06-24 10:04:38,977.25,429883
2021-06-24 10:04:39,977.25,429890
2021-06-24 10:04:40,977.25,429890
2021-06-24 10:04:41,977.05,429894
2021-06-24 10:04:42,977.25,429895
2021-06-24 10:04:43,977.25,430013
2021-06-24 10:04:44,977.25,430039
2021-06-24 10:04:45,977.25,430039
2021-06-24 10:04:46,977.15,430844
2021-06-24 10:04:47,977.5,431045
2021-06-24 10:04:48,977.5,431045
2021-06-24 10:04:49,977.5,431045
2021-06-24 10:04:50,977.1,431095
2021-06-24 10:04:51,977.25,431108
2021-06-24 10:04:52,977.15,431111
2021-06-24 10:04:53,977.15,431111
2021-06-24 10:04:54,977.15,431111
2021-06-24 10:04:55,977.15,431111
2021-06-24 10:04:56,977.15,431320
2021-06-24 10:04:57,977.15,431373
2021-06-24 10:04:58,977.15,431373
2021-06-24 10:05:01,977.15,431633
2021-06-24 10:05:02,977.15,431691
2021-06-24 10:05:03,977.0,431767
2021-06-24 10:05:04,977.0,431767
2021-06-24 10:05:05,977.0,431767
2021-06-24 10:05:06,977.0,431767
2021-06-24 10:05:07,977.0,431817
2021-06-24 10:05:08,977.15,431955
2021-06-24 10:05:09,976.8,432386
2021-06-24 10:05:11,977.0,432491
2021-06-24 10:05:11,976.7,432501
2021-06-24 10:05:12,976.7,432876
2021-06-24 10:05:14,977.05,432971
2021-06-24 10:05:15,977.05,432974
2021-06-24 10:05:15,977.05,432974
2021-06-24 10:05:17,977.05,432974
2021-06-24 10:05:18,976.75,432981
2021-06-24 10:05:19,977.05,432982
2021-06-24 10:05:20,977.05,432996
2021-06-24 10:05:21,977.05,433000
2021-06-24 10:05:22,977.0,433006
2021-06-24 10:05:23,977.05,433007
2021-06-24 10:05:24,976.7,433678
2021-06-24 10:05:25,976.55,433917
2021-06-24 10:05:26,976.85,433935
2021-06-24 10:05:27,976.5,434037
2021-06-24 10:05:28,976.85,434062
2021-06-24 10:05:29,976.5,434087
2021-06-24 10:05:30,976.5,434106
2021-06-24 10:05:31,976.7,434109
2021-06-24 10:05:32,976.75,434349
2021-06-24 10:05:33,976.75,434409
2021-06-24 10:05:34,976.5,434474
2021-06-24 10:05:35,976.5,434530
2021-06-24 10:05:36,975.8,437176
2021-06-24 10:05:37,976.3,437248
2021-06-24 10:05:38,976.45,437346
2021-06-24 10:05:39,976.45,437812
2021-06-24 10:05:40,976.45,437824
2021-06-24 10:05:41,976.7,438020
2021-06-24 10:05:42,976.6,438033
2021-06-24 10:05:43,976.3,438167
2021-06-24 10:05:45,976.15,438589
2021-06-24 10:05:46,976.0,438660
2021-06-24 10:05:47,976.0,438826
2021-06-24 10:05:48,976.5,438913
2021-06-24 10:05:49,976.65,439112
2021-06-24 10:05:50,976.2,439259
2021-06-24 10:05:51,976.5,439293
2021-06-24 10:05:52,976.5,439294
2021-06-24 10:05:54,976.55,439755
2021-06-24 10:05:54,976.55,439663
2021-06-24 10:05:55,976.0,439889
2021-06-24 10:05:56,976.45,439912
2021-06-24 10:05:57,976.1,439962
2021-06-24 10:05:58,976.2,439993
2021-06-24 10:05:59,976.5,439999
2021-06-24 10:06:00,976.5,439999
2021-06-24 10:06:01,976.15,440031
2021-06-24 10:06:02,976.5,440039
2021-06-24 10:06:03,976.5,440039
2021-06-24 10:06:04,976.2,440049
2021-06-24 10:06:05,976.15,440052
2021-06-24 10:06:06,976.5,440063
2021-06-24 10:06:07,976.5,440065
2021-06-24 10:06:09,976.1,440106
2021-06-24 10:06:10,976.5,440116
2021-06-24 10:06:11,976.05,440418
2021-06-24 10:06:12,976.3,440494
2021-06-24 10:06:13,975.75,440667
2021-06-24 10:06:14,976.0,440712
2021-06-24 10:06:14,975.9,440714
2021-06-24 10:06:15,975.9,440716
2021-06-24 10:06:16,975.9,440716
2021-06-24 10:06:18,975.9,440716
2021-06-24 10:06:18,975.9,440716
2021-06-24 10:06:19,975.9,440716
2021-06-24 10:06:20,975.9,440716
2021-06-24 10:06:22,975.75,440874
2021-06-24 10:06:23,975.8,441004
2021-06-24 10:06:24,975.8,441036
2021-06-24 10:06:25,975.8,441039
2021-06-24 10:06:26,976.1,441239
2021-06-24 10:06:26,975.65,441418
2021-06-24 10:06:27,976.05,441446
2021-06-24 10:06:28,976.05,441450
2021-06-24 10:06:29,975.85,441461
2021-06-24 10:06:30,976.15,441464
2021-06-24 10:06:31,976.15,441464
2021-06-24 10:06:32,976.15,441464
2021-06-24 10:06:33,976.1,441552
2021-06-24 10:06:34,976.1,441574
2021-06-24 10:06:35,976.1,441577
2021-06-24 10:06:36,976.1,441579
2021-06-24 10:06:37,976.1,441579
2021-06-24 10:06:38,976.1,441579
2021-06-24 10:06:40,976.1,441579
2021-06-24 10:06:40,976.1,441579
2021-06-24 10:06:41,976.1,441579
2021-06-24 10:06:42,976.0,441609
2021-06-24 10:06:43,976.1,441616
2021-06-24 10:06:44,976.1,441616
2021-06-24 10:06:46,976.1,441616
2021-06-24 10:06:46,976.1,441616
2021-06-24 10:06:48,976.1,441616
2021-06-24 10:06:49,976.1,441633
2021-06-24 10:06:49,976.1,441616
2021-06-24 10:06:50,976.45,441639
2021-06-24 10:06:51,976.45,441639
2021-06-24 10:06:52,976.5,441643
2021-06-24 10:06:53,976.2,441659
2021-06-24 10:06:54,976.5,441663
2021-06-24 10:06:56,976.5,441663
2021-06-24 10:06:57,976.5,441664
2021-06-24 10:06:58,976.2,441671
2021-06-24 10:06:59,976.2,441673
2021-06-24 10:07:00,976.1,441680
2021-06-24 10:07:01,976.1,441683
2021-06-24 10:07:02,976.5,441689
2021-06-24 10:07:02,976.5,441690
2021-06-24 10:07:03,976.5,441690
2021-06-24 10:07:04,976.5,441710
2021-06-24 10:07:05,976.5,441715
2021-06-24 10:07:06,976.15,441739
2021-06-24 10:07:08,976.5,441745
2021-06-24 10:07:10,976.5,441745
2021-06-24 10:07:11,976.1,441819
2021-06-24 10:07:12,976.5,441839
2021-06-24 10:07:13,976.5,441839
2021-06-24 10:07:14,976.05,441841
2021-06-24 10:07:15,976.05,441841
2021-06-24 10:07:16,976.05,441841
2021-06-24 10:07:17,976.5,441854
2021-06-24 10:07:19,976.5,441861
2021-06-24 10:07:20,976.05,441862
2021-06-24 10:07:21,976.05,441862
2021-06-24 10:07:22,976.5,441866
2021-06-24 10:07:23,976.5,441877
2021-06-24 10:07:23,976.5,441877
2021-06-24 10:07:24,976.5,441879
2021-06-24 10:07:25,976.5,441990
2021-06-24 10:07:27,976.5,442017
2021-06-24 10:07:28,976.05,442210
2021-06-24 10:07:29,976.4,442267
2021-06-24 10:07:30,976.4,442270
2021-06-24 10:07:30,976.4,442270
2021-06-24 10:07:31,976.0,442278
2021-06-24 10:07:33,976.4,442280
2021-06-24 10:07:34,976.4,442280
2021-06-24 10:07:34,976.4,442280
2021-06-24 10:07:36,976.4,442401
2021-06-24 10:07:37,976.4,442432
2021-06-24 10:07:38,976.4,442432
2021-06-24 10:07:39,976.05,442436
2021-06-24 10:07:41,976.4,442438
2021-06-24 10:07:42,976.4,442438
2021-06-24 10:07:43,976.4,442438
2021-06-24 10:07:43,976.4,442438
2021-06-24 10:07:44,976.4,442438
2021-06-24 10:07:45,976.4,442488
2021-06-24 10:07:46,976.45,442502
2021-06-24 10:07:47,976.1,442575
2021-06-24 10:07:49,976.45,442593
2021-06-24 10:07:50,976.45,442593
2021-06-24 10:07:51,976.45,442593
2021-06-24 10:07:53,976.45,442593
2021-06-24 10:07:54,976.1,442794
2021-06-24 10:07:54,976.45,442845
2021-06-24 10:07:55,976.45,442847
2021-06-24 10:07:56,976.45,442847
2021-06-24 10:07:57,976.45,442847
2021-06-24 10:07:58,976.45,442857
2021-06-24 10:07:59,976.1,442885
2021-06-24 10:08:00,976.1,442991
2021-06-24 10:08:01,976.1,443021
2021-06-24 10:08:02,976.1,443023
2021-06-24 10:08:03,976.45,443024
2021-06-24 10:08:04,976.45,443024
2021-06-24 10:08:06,976.45,443064
2021-06-24 10:08:07,976.45,443074
2021-06-24 10:08:07,976.45,443074
2021-06-24 10:08:11,976.1,443076
2021-06-24 10:08:14,976.1,443126
2021-06-24 10:08:15,976.45,443139
2021-06-24 10:08:16,976.45,443167
2021-06-24 10:08:16,976.45,443174
2021-06-24 10:08:17,976.45,443174
2021-06-24 10:08:18,976.45,443174
2021-06-24 10:08:19,976.45,443174
2021-06-24 10:08:20,976.45,443174
2021-06-24 10:08:21,976.1,443184
2021-06-24 10:08:23,976.45,443236
2021-06-24 10:08:24,976.1,443260
2021-06-24 10:08:25,976.45,443262
2021-06-24 10:08:26,976.45,443262
2021-06-24 10:08:27,976.45,443964
2021-06-24 10:08:28,976.5,444024
2021-06-24 10:08:29,976.5,444147
2021-06-24 10:08:30,976.5,444147
2021-06-24 10:08:31,976.5,444147
2021-06-24 10:08:32,976.5,444147
2021-06-24 10:08:33,976.1,444160
2021-06-24 10:08:34,976.1,444169
2021-06-24 10:08:37,976.5,444174
2021-06-24 10:08:38,976.5,444179
2021-06-24 10:08:39,976.5,444180
2021-06-24 10:08:40,976.5,444180
2021-06-24 10:08:41,976.2,444280
2021-06-24 10:08:42,976.0,444965
2021-06-24 10:08:43,976.4,444981
2021-06-24 10:08:44,976.45,445190
2021-06-24 10:08:45,976.5,445225
2021-06-24 10:08:45,976.45,445227
2021-06-24 10:08:46,976.5,445897
2021-06-24 10:08:48,976.05,446166
2021-06-24 10:08:49,976.45,446194
2021-06-24 10:08:50,976.0,446290
2021-06-24 10:08:50,976.0,446269
2021-06-24 10:08:51,976.0,446290
2021-06-24 10:08:52,976.45,446291
2021-06-24 10:08:54,976.4,446293
2021-06-24 10:08:55,976.4,446293
2021-06-24 10:08:56,976.0,446303
2021-06-24 10:08:57,976.4,446601
2021-06-24 10:08:57,976.4,446719
2021-06-24 10:08:58,976.4,446831
2021-06-24 10:08:59,975.8,447342
2021-06-24 10:09:00,976.25,447478
2021-06-24 10:09:03,976.25,447483
2021-06-24 10:09:04,976.25,447483
2021-06-24 10:09:05,976.25,447484
2021-06-24 10:09:06,976.25,447607
2021-06-24 10:09:07,976.25,447638
2021-06-24 10:09:08,975.85,447706
2021-06-24 10:09:09,976.25,447749
2021-06-24 10:09:10,976.25,447756
2021-06-24 10:09:11,976.25,447786
2021-06-24 10:09:12,975.85,447796
2021-06-24 10:09:13,976.2,447797
2021-06-24 10:09:14,976.2,447803
2021-06-24 10:09:15,976.2,447804
2021-06-24 10:09:16,976.2,447804
2021-06-24 10:09:17,976.2,447804
2021-06-24 10:09:18,976.2,447804
2021-06-24 10:09:19,976.2,447822
2021-06-24 10:09:20,976.2,448327
2021-06-24 10:09:21,976.2,448557
2021-06-24 10:09:21,976.2,448557
2021-06-24 10:09:22,975.8,448584
2021-06-24 10:09:23,976.25,448684
2021-06-24 10:09:24,976.25,448709
2021-06-24 10:09:25,976.25,448709
2021-06-24 10:09:26,976.25,448810
2021-06-24 10:09:27,976.25,448836
2021-06-24 10:09:28,976.25,448842
2021-06-24 10:09:30,975.8,448845
2021-06-24 10:09:31,976.25,448846
2021-06-24 10:09:32,976.3,449296
2021-06-24 10:09:33,976.45,449434
2021-06-24 10:09:34,976.3,450009
2021-06-24 10:09:35,976.3,450143
2021-06-24 10:09:36,976.3,450143
2021-06-24 10:09:37,976.25,450416
2021-06-24 10:09:38,976.45,450484
2021-06-24 10:09:39,976.45,450484
2021-06-24 10:09:40,976.45,450484
2021-06-24 10:09:41,976.2,450584
2021-06-24 10:09:42,976.2,450613
2021-06-24 10:09:42,976.2,450613
2021-06-24 10:09:43,976.2,450620
2021-06-24 10:09:44,976.2,450620
2021-06-24 10:09:45,976.05,450630
2021-06-24 10:09:46,976.2,451060
2021-06-24 10:09:47,976.2,451166
2021-06-24 10:09:49,976.2,451216
2021-06-24 10:09:50,976.2,451250
2021-06-24 10:09:51,976.2,451330
2021-06-24 10:09:52,976.2,451349
2021-06-24 10:09:53,976.05,451464
2021-06-24 10:09:54,976.2,451508
2021-06-24 10:09:55,976.05,451512
2021-06-24 10:09:56,976.2,451515
2021-06-24 10:09:57,976.2,451515
2021-06-24 10:09:58,976.2,451515
2021-06-24 10:09:59,976.2,451517
2021-06-24 10:10:00,976.0,451527
2021-06-24 10:10:01,976.2,451584
2021-06-24 10:10:02,976.2,451598
2021-06-24 10:10:03,976.2,451673
2021-06-24 10:10:04,976.0,451702
2021-06-24 10:10:04,976.2,451691
2021-06-24 10:10:05,976.2,451705
2021-06-24 10:10:06,976.0,451715
2021-06-24 10:10:07,976.2,451733
2021-06-24 10:10:09,976.2,451736
2021-06-24 10:10:10,976.2,451737
2021-06-24 10:10:11,976.2,451838
2021-06-24 10:10:12,976.2,451868
2021-06-24 10:10:13,976.2,451959
2021-06-24 10:10:13,976.2,451982
2021-06-24 10:10:14,976.2,451983
2021-06-24 10:10:15,976.05,451993
2021-06-24 10:10:17,976.2,451995
2021-06-24 10:10:18,976.2,451995
2021-06-24 10:10:19,976.2,451995
2021-06-24 10:10:20,976.2,451995
2021-06-24 10:10:20,976.2,452045
2021-06-24 10:10:21,976.2,452158
2021-06-24 10:10:23,976.05,452227
2021-06-24 10:10:24,976.2,452238
2021-06-24 10:10:25,976.05,452240
2021-06-24 10:10:27,975.85,452582
2021-06-24 10:10:28,976.2,452621
2021-06-24 10:10:29,976.2,452621
2021-06-24 10:10:30,976.2,452651
2021-06-24 10:10:30,976.2,452659
2021-06-24 10:10:33,976.2,452670
2021-06-24 10:10:34,976.2,452673
2021-06-24 10:10:35,976.2,452673
2021-06-24 10:10:36,976.05,452676
2021-06-24 10:10:37,976.05,452676
2021-06-24 10:10:38,975.95,453176
2021-06-24 10:10:40,976.2,453841
2021-06-24 10:10:41,976.4,454341
2021-06-24 10:10:42,976.2,454675
2021-06-24 10:10:43,975.85,454729
2021-06-24 10:10:45,976.2,454779
2021-06-24 10:10:45,976.2,454779
2021-06-24 10:10:47,975.85,454810
2021-06-24 10:10:48,976.15,454903
2021-06-24 10:10:49,976.2,454925
2021-06-24 10:10:50,975.85,454928
2021-06-24 10:10:51,975.85,454929
2021-06-24 10:10:52,975.85,454929
2021-06-24 10:10:53,975.85,454929
2021-06-24 10:10:54,975.85,454929
2021-06-24 10:10:55,975.8,454942
2021-06-24 10:10:56,975.8,455087
2021-06-24 10:10:57,975.85,455148
2021-06-24 10:10:58,975.85,455154
2021-06-24 10:11:00,975.75,455168
2021-06-24 10:11:01,975.75,455266
2021-06-24 10:11:02,975.75,455272
2021-06-24 10:11:03,975.75,455272
2021-06-24 10:11:04,975.8,455383
2021-06-24 10:11:04,975.8,455407
2021-06-24 10:11:05,975.8,455407
2021-06-24 10:11:06,975.6,455506
2021-06-24 10:11:08,975.8,455531
2021-06-24 10:11:09,975.8,455532
2021-06-24 10:11:10,975.6,455606
2021-06-24 10:11:11,975.75,455624
2021-06-24 10:11:12,975.6,456249
2021-06-24 10:11:13,975.6,456578
2021-06-24 10:11:14,975.6,456642
2021-06-24 10:11:15,975.6,457445
2021-06-24 10:11:16,975.85,457572
2021-06-24 10:11:16,975.85,457577
2021-06-24 10:11:17,975.6,458670
2021-06-24 10:11:19,975.85,458802
2021-06-24 10:11:19,975.85,458802
2021-06-24 10:11:21,975.6,459046
2021-06-24 10:11:22,975.6,459087
2021-06-24 10:11:23,976.05,459090
2021-06-24 10:11:25,976.05,459421
2021-06-24 10:11:26,975.75,459432
2021-06-24 10:11:27,975.65,459493
2021-06-24 10:11:28,976.25,460008
2021-06-24 10:11:29,976.25,460058
2021-06-24 10:11:30,976.05,460271
2021-06-24 10:11:31,976.3,460446
2021-06-24 10:11:32,975.85,460480
2021-06-24 10:11:32,976.2,460484
2021-06-24 10:11:33,976.2,460484
2021-06-24 10:11:34,976.0,460504
2021-06-24 10:11:35,975.8,460512
2021-06-24 10:11:37,976.0,460523
2021-06-24 10:11:38,975.8,460527
2021-06-24 10:11:39,976.0,460528
2021-06-24 10:11:40,975.8,460541
2021-06-24 10:11:41,976.0,460544
2021-06-24 10:11:42,976.0,460544
2021-06-24 10:11:43,976.0,460544
2021-06-24 10:11:44,976.0,460544
2021-06-24 10:11:44,976.0,460544
2021-06-24 10:11:46,975.8,460583
2021-06-24 10:11:48,975.8,460680
2021-06-24 10:11:49,976.15,460701
2021-06-24 10:11:50,976.0,460702
2021-06-24 10:11:51,976.15,460703
2021-06-24 10:11:52,975.8,460733
2021-06-24 10:11:53,975.7,460761
2021-06-24 10:11:54,975.8,460816
2021-06-24 10:11:55,975.8,460829
2021-06-24 10:11:56,975.8,460829
2021-06-24 10:11:57,975.8,460829
2021-06-24 10:11:58,975.8,460829
2021-06-24 10:11:59,975.8,460829
2021-06-24 10:12:00,975.7,460831
2021-06-24 10:12:01,975.8,460832
2021-06-24 10:12:02,975.8,460833
2021-06-24 10:12:03,975.8,460833
2021-06-24 10:12:04,975.8,460858
2021-06-24 10:12:05,975.8,460864
2021-06-24 10:12:06,975.8,461175
2021-06-24 10:12:07,975.8,461265
2021-06-24 10:12:08,975.8,461293
2021-06-24 10:12:09,975.8,461323
2021-06-24 10:12:09,975.8,461329
2021-06-24 10:12:10,975.6,461347
2021-06-24 10:12:12,975.8,461364
2021-06-24 10:12:13,975.8,461368
2021-06-24 10:12:14,975.8,461370
2021-06-24 10:12:15,975.8,461370
2021-06-24 10:12:16,975.8,461370
2021-06-24 10:12:17,975.8,461370
2021-06-24 10:12:18,975.8,461373
2021-06-24 10:12:19,975.8,461374
2021-06-24 10:12:20,975.6,461376
2021-06-24 10:12:21,975.8,461720
2021-06-24 10:12:22,976.0,461806
2021-06-24 10:12:23,976.0,461806
2021-06-24 10:12:24,975.8,461809
2021-06-24 10:12:24,976.0,461810
2021-06-24 10:12:26,976.0,461810
2021-06-24 10:12:27,976.0,461810
2021-06-24 10:12:29,976.0,461810
2021-06-24 10:12:30,975.8,461946
2021-06-24 10:12:30,975.95,461980
2021-06-24 10:12:33,975.95,462030
2021-06-24 10:12:34,975.8,462048
2021-06-24 10:12:35,975.8,462389
2021-06-24 10:12:36,975.95,462474
2021-06-24 10:12:38,976.15,463280
2021-06-24 10:12:39,976.2,463480
2021-06-24 10:12:40,976.2,463480
2021-06-24 10:12:41,976.2,463720
2021-06-24 10:12:42,975.75,464783
2021-06-24 10:12:43,976.2,465021
2021-06-24 10:12:44,975.8,465051
2021-06-24 10:12:45,975.8,465546
2021-06-24 10:12:46,976.25,465669
2021-06-24 10:12:47,976.25,465669
2021-06-24 10:12:48,976.25,465669
2021-06-24 10:12:49,976.25,465669
2021-06-24 10:12:50,976.25,465669
2021-06-24 10:12:51,976.25,465669
2021-06-24 10:12:52,975.75,465671
2021-06-24 10:12:53,975.75,465671
2021-06-24 10:12:54,975.75,465671
2021-06-24 10:12:55,975.8,465695
2021-06-24 10:12:56,976.15,466101
2021-06-24 10:12:57,975.75,466204
2021-06-24 10:12:58,976.15,466207
2021-06-24 10:12:59,976.15,466208
2021-06-24 10:13:00,976.15,466208
2021-06-24 10:13:01,976.15,466208
2021-06-24 10:13:02,976.15,466208
2021-06-24 10:13:03,976.15,466217
2021-06-24 10:13:04,976.15,466219
2021-06-24 10:13:05,976.15,466219
2021-06-24 10:13:06,975.8,466228
2021-06-24 10:13:07,975.9,466938
2021-06-24 10:13:08,975.9,467137
2021-06-24 10:13:09,975.8,467194
2021-06-24 10:13:10,975.75,467219
2021-06-24 10:13:11,975.75,467418
2021-06-24 10:13:12,975.75,467769
2021-06-24 10:13:13,975.95,467845
2021-06-24 10:13:14,976.0,467846
2021-06-24 10:13:15,976.0,467854
2021-06-24 10:13:16,976.0,467856
2021-06-24 10:13:17,976.0,467856
2021-06-24 10:13:18,976.0,467856
2021-06-24 10:13:19,976.0,467856
2021-06-24 10:13:20,976.0,467856
2021-06-24 10:13:21,975.5,468274
2021-06-24 10:13:22,975.9,468381
2021-06-24 10:13:23,975.9,468381
2021-06-24 10:13:25,975.5,468391
2021-06-24 10:13:26,975.85,468394
2021-06-24 10:13:27,975.75,468419
2021-06-24 10:13:28,975.75,468476
2021-06-24 10:13:29,975.75,468489
2021-06-24 10:13:30,975.75,468494
2021-06-24 10:13:31,975.7,468495
2021-06-24 10:13:32,975.7,468495
2021-06-24 10:13:33,975.65,468593
2021-06-24 10:13:34,975.25,470614
2021-06-24 10:13:35,975.25,471190
2021-06-24 10:13:36,975.1,471361
2021-06-24 10:13:37,975.25,471556
2021-06-24 10:13:38,975.5,471714
2021-06-24 10:13:39,975.5,471744
2021-06-24 10:13:40,975.5,471744
2021-06-24 10:13:41,975.15,471844
2021-06-24 10:13:42,975.1,472037
2021-06-24 10:13:43,975.5,472079
2021-06-24 10:13:44,975.5,472079
2021-06-24 10:13:45,975.0,473249
2021-06-24 10:13:46,975.15,473637
2021-06-24 10:13:47,975.15,473661
2021-06-24 10:13:48,975.15,473661
2021-06-24 10:13:49,975.15,473661
2021-06-24 10:13:50,975.15,473661
2021-06-24 10:13:51,975.15,474560
2021-06-24 10:13:52,975.0,475013
2021-06-24 10:13:53,975.15,475030
2021-06-24 10:13:54,975.15,475070
2021-06-24 10:13:55,975.0,475300
2021-06-24 10:13:56,975.0,475300
2021-06-24 10:13:57,975.4,475357
2021-06-24 10:13:58,975.5,475368
2021-06-24 10:13:59,975.25,475432
2021-06-24 10:14:00,975.3,477296
2021-06-24 10:14:01,975.25,477364
2021-06-24 10:14:02,975.25,477364
2021-06-24 10:14:03,975.3,477386
2021-06-24 10:14:04,975.3,477386
2021-06-24 10:14:05,975.3,477386
2021-06-24 10:14:06,975.35,477747
2021-06-24 10:14:07,975.35,477747
2021-06-24 10:14:08,975.35,477909
2021-06-24 10:14:09,975.35,477966
2021-06-24 10:14:10,975.35,477970
2021-06-24 10:14:11,975.35,478070
2021-06-24 10:14:13,975.35,478095
2021-06-24 10:14:14,975.35,478095
2021-06-24 10:14:15,975.35,478095
2021-06-24 10:14:17,975.35,478544
2021-06-24 10:14:18,975.35,478656
2021-06-24 10:14:19,975.35,478656
2021-06-24 10:14:20,975.35,478656
2021-06-24 10:14:21,975.5,478916
2021-06-24 10:14:22,975.5,479716
2021-06-24 10:14:23,975.65,479891
2021-06-24 10:14:24,975.45,479969
2021-06-24 10:14:25,975.8,479979
2021-06-24 10:14:26,975.8,479979
2021-06-24 10:14:27,975.8,479979
2021-06-24 10:14:28,975.8,479979
2021-06-24 10:14:29,975.8,479989
2021-06-24 10:14:30,975.8,480041
2021-06-24 10:14:32,975.8,480067
2021-06-24 10:14:31,975.8,480064
2021-06-24 10:14:33,975.45,480118
2021-06-24 10:14:34,975.8,480130
2021-06-24 10:14:35,976.0,480380
2021-06-24 10:14:36,976.0,480380
2021-06-24 10:14:37,976.0,480380
2021-06-24 10:14:38,976.0,480380
2021-06-24 10:14:39,975.5,480383
2021-06-24 10:14:40,975.85,480384
2021-06-24 10:14:41,975.8,480409
2021-06-24 10:14:42,975.85,480415
2021-06-24 10:14:44,975.8,480515
2021-06-24 10:14:45,975.85,480540
2021-06-24 10:14:46,975.85,480540
2021-06-24 10:14:47,975.85,480543
2021-06-24 10:14:48,975.85,480543
2021-06-24 10:14:49,975.85,480565
2021-06-24 10:14:50,975.85,480572
2021-06-24 10:14:51,975.8,480755
2021-06-24 10:14:52,975.7,480801
2021-06-24 10:14:53,975.7,480801
2021-06-24 10:14:54,975.7,480801
2021-06-24 10:14:55,975.7,480801
2021-06-24 10:14:56,975.6,480906
2021-06-24 10:14:57,975.6,480932
2021-06-24 10:14:58,975.6,480938
2021-06-24 10:14:59,975.6,480958
2021-06-24 10:15:00,975.6,481209
2021-06-24 10:15:01,975.5,481211
2021-06-24 10:15:02,975.5,481211
2021-06-24 10:15:03,975.5,481211
2021-06-24 10:15:04,975.6,481212
2021-06-24 10:15:05,975.6,481213
2021-06-24 10:15:06,975.6,481213
2021-06-24 10:15:07,975.6,481213
2021-06-24 10:15:08,975.6,481269
2021-06-24 10:15:09,975.6,481283
2021-06-24 10:15:10,975.45,484282
2021-06-24 10:15:11,975.25,486151
2021-06-24 10:15:12,975.65,486177
2021-06-24 10:15:13,975.7,486485
2021-06-24 10:15:15,975.25,486729
2021-06-24 10:15:16,975.7,486780
2021-06-24 10:15:17,975.7,486782
2021-06-24 10:15:18,975.25,487124
2021-06-24 10:15:19,975.7,487450
2021-06-24 10:15:20,975.25,488611
2021-06-24 10:15:21,975.65,488626
2021-06-24 10:15:22,975.6,488629
2021-06-24 10:15:24,975.6,488629
2021-06-24 10:15:25,975.65,488683
2021-06-24 10:15:26,975.6,489104
2021-06-24 10:15:28,975.3,489194
2021-06-24 10:15:28,975.3,489194
2021-06-24 10:15:30,975.2,489355
2021-06-24 10:15:31,975.15,489356
2021-06-24 10:15:32,975.1,489365
2021-06-24 10:15:33,975.25,489371
2021-06-24 10:15:34,975.25,489381
2021-06-24 10:15:35,975.25,489381
2021-06-24 10:15:36,975.0,489431
2021-06-24 10:15:37,975.25,489471
2021-06-24 10:15:38,975.25,489471
2021-06-24 10:15:39,975.25,489476
2021-06-24 10:15:40,975.2,489521
2021-06-24 10:15:41,975.2,489521
2021-06-24 10:15:42,975.3,489994
2021-06-24 10:15:43,975.3,490013
2021-06-24 10:15:44,975.2,490190
2021-06-24 10:15:45,975.2,490190
2021-06-24 10:15:46,975.3,490192
2021-06-24 10:15:47,975.3,490192
2021-06-24 10:15:48,975.2,490328
2021-06-24 10:15:49,975.15,490512
2021-06-24 10:15:50,975.1,490565
2021-06-24 10:15:51,975.3,490566
2021-06-24 10:15:52,975.1,490572
2021-06-24 10:15:53,975.1,490584
2021-06-24 10:15:54,975.1,490693
2021-06-24 10:15:55,975.3,490698
2021-06-24 10:15:56,975.05,490750
2021-06-24 10:15:57,975.1,490757
2021-06-24 10:15:58,975.1,490760
2021-06-24 10:15:59,975.1,490761
2021-06-24 10:16:00,975.3,490771
2021-06-24 10:16:01,975.3,490780
2021-06-24 10:16:02,975.1,490782
2021-06-24 10:16:03,975.1,490783
2021-06-24 10:16:04,975.1,490792
2021-06-24 10:16:05,975.1,490800
2021-06-24 10:16:06,975.1,490842
2021-06-24 10:16:07,975.1,490860
2021-06-24 10:16:08,975.5,490865
2021-06-24 10:16:09,975.1,490870
2021-06-24 10:16:10,975.1,490871
2021-06-24 10:16:11,975.1,490872
2021-06-24 10:16:13,975.1,490872
2021-06-24 10:16:14,975.1,490872
2021-06-24 10:16:14,975.1,490872
2021-06-24 10:16:15,975.1,490872
2021-06-24 10:16:16,975.5,490875
2021-06-24 10:16:17,975.1,490877
2021-06-24 10:16:18,975.1,490877
2021-06-24 10:16:19,975.1,490877
2021-06-24 10:16:20,975.1,490877
2021-06-24 10:16:22,975.5,491128
2021-06-24 10:16:23,975.05,491218
2021-06-24 10:16:23,975.05,491218
2021-06-24 10:16:24,975.0,491221
2021-06-24 10:16:25,975.1,491240
2021-06-24 10:16:26,975.1,491240
2021-06-24 10:16:27,975.1,491240
2021-06-24 10:16:28,975.45,491241
2021-06-24 10:16:29,975.1,491248
2021-06-24 10:16:30,975.15,491271
2021-06-24 10:16:31,975.15,491271
2021-06-24 10:16:33,975.15,491273
2021-06-24 10:16:34,975.15,491273
2021-06-24 10:16:34,975.15,491273
2021-06-24 10:16:35,975.45,491275
2021-06-24 10:16:36,975.1,491276
2021-06-24 10:16:38,975.15,491279
2021-06-24 10:16:39,975.15,491280
2021-06-24 10:16:40,975.15,491280
2021-06-24 10:16:41,975.4,491285
2021-06-24 10:16:43,975.15,491337
2021-06-24 10:16:43,975.15,491337
2021-06-24 10:16:44,975.2,491419
2021-06-24 10:16:45,975.4,491444
2021-06-24 10:16:46,975.45,491605
2021-06-24 10:16:47,975.25,491659
2021-06-24 10:16:48,975.25,491659
2021-06-24 10:16:49,975.15,491660
2021-06-24 10:16:50,975.15,491666
2021-06-24 10:16:51,975.1,491669
2021-06-24 10:16:52,975.1,491669
2021-06-24 10:16:53,975.1,491669
2021-06-24 10:16:54,975.45,491684
2021-06-24 10:16:55,975.1,491690
2021-06-24 10:16:56,975.1,491690
2021-06-24 10:16:57,975.1,491690
2021-06-24 10:16:58,975.1,491690
2021-06-24 10:16:59,975.1,491700
2021-06-24 10:17:00,975.1,491704
2021-06-24 10:17:02,975.1,491704
2021-06-24 10:17:03,975.1,491704
2021-06-24 10:17:04,975.1,491744
2021-06-24 10:17:07,975.7,493111
2021-06-24 10:17:08,975.85,493312
2021-06-24 10:17:09,975.5,493397
2021-06-24 10:17:10,975.5,493397
2021-06-24 10:17:11,975.9,494077
2021-06-24 10:17:13,975.3,494528
2021-06-24 10:17:14,975.3,495299
2021-06-24 10:17:15,975.3,495439
2021-06-24 10:17:15,975.25,495622
2021-06-24 10:17:16,975.25,495622
2021-06-24 10:17:17,975.6,495757
2021-06-24 10:17:18,975.15,495759
2021-06-24 10:17:19,975.65,495809
2021-06-24 10:17:20,975.7,495822
2021-06-24 10:17:21,975.25,495878
2021-06-24 10:17:22,975.65,495892
2021-06-24 10:17:23,975.65,495892
2021-06-24 10:17:24,975.65,495912
2021-06-24 10:17:25,975.65,496073
2021-06-24 10:17:26,975.65,496147
2021-06-24 10:17:27,975.65,496349
2021-06-24 10:17:29,975.75,496848
2021-06-24 10:17:31,975.7,496928
2021-06-24 10:17:31,975.25,496952
2021-06-24 10:17:33,975.2,496969
2021-06-24 10:17:34,975.65,496977
2021-06-24 10:17:35,975.65,496978
2021-06-24 10:17:36,975.65,496978
2021-06-24 10:17:38,975.15,498497
2021-06-24 10:17:39,975.6,498527
2021-06-24 10:17:40,975.65,498549
2021-06-24 10:17:41,975.3,498554
2021-06-24 10:17:42,975.65,498556
2021-06-24 10:17:43,975.2,498692
2021-06-24 10:17:44,975.65,498726
2021-06-24 10:17:45,975.25,498759
2021-06-24 10:17:46,975.65,498967
2021-06-24 10:17:47,975.65,499067
2021-06-24 10:17:48,975.65,499079
2021-06-24 10:17:49,975.7,499123
2021-06-24 10:17:50,975.75,499134
2021-06-24 10:17:51,975.25,499213
2021-06-24 10:17:52,975.15,499513
2021-06-24 10:17:53,975.15,499513
2021-06-24 10:17:54,975.55,499583
2021-06-24 10:17:55,975.6,499584
2021-06-24 10:17:56,975.15,499596
2021-06-24 10:17:58,975.2,499604
2021-06-24 10:17:58,975.6,499606
2021-06-24 10:17:59,975.2,499608
2021-06-24 10:18:00,975.2,499608
2021-06-24 10:18:01,975.65,499823
2021-06-24 10:18:03,975.6,499992
2021-06-24 10:18:04,975.2,500018
2021-06-24 10:18:05,975.6,500035
2021-06-24 10:18:06,975.2,500049
2021-06-24 10:18:07,975.2,500057
2021-06-24 10:18:08,975.2,500059
2021-06-24 10:18:10,975.65,500161
2021-06-24 10:18:11,975.25,500255
2021-06-24 10:18:11,975.65,500317
2021-06-24 10:18:13,975.65,500376
2021-06-24 10:18:14,975.3,500462
2021-06-24 10:18:14,975.6,500479
2021-06-24 10:18:15,975.6,500481
2021-06-24 10:18:16,975.6,500481
2021-06-24 10:18:17,975.25,500646
2021-06-24 10:18:18,975.65,500687
2021-06-24 10:18:19,975.65,500687
2021-06-24 10:18:20,975.65,500687
2021-06-24 10:18:21,975.65,500687
2021-06-24 10:18:22,975.65,500687
2021-06-24 10:18:23,975.65,500687
2021-06-24 10:18:24,975.6,500794
2021-06-24 10:18:25,975.25,500867
2021-06-24 10:18:26,975.3,501039
2021-06-24 10:18:27,975.35,501155
2021-06-24 10:18:28,975.65,501196
2021-06-24 10:18:29,975.3,501210
2021-06-24 10:18:31,975.65,501215
2021-06-24 10:18:32,975.25,501795
2021-06-24 10:18:33,975.65,501939
2021-06-24 10:18:33,975.65,501939
2021-06-24 10:18:34,975.2,501950
2021-06-24 10:18:35,975.65,501955
2021-06-24 10:18:36,975.75,502728
2021-06-24 10:18:37,975.25,504182
2021-06-24 10:18:38,975.7,504497
2021-06-24 10:18:40,975.7,504497
2021-06-24 10:18:41,975.25,504523
2021-06-24 10:18:42,975.65,504530
2021-06-24 10:18:43,975.65,504530
2021-06-24 10:18:44,975.65,504530
2021-06-24 10:18:45,975.65,504580
2021-06-24 10:18:45,975.6,504592
2021-06-24 10:18:46,975.6,504592
2021-06-24 10:18:47,975.6,504592
2021-06-24 10:18:48,975.25,504622
2021-06-24 10:18:49,975.6,504630
2021-06-24 10:18:50,975.6,504630
2021-06-24 10:18:51,975.25,504690
2021-06-24 10:18:53,975.6,505205
2021-06-24 10:18:54,975.6,505205
2021-06-24 10:18:55,975.65,505405
2021-06-24 10:18:56,975.3,505442
2021-06-24 10:18:57,975.2,505526
2021-06-24 10:18:58,975.2,505547
2021-06-24 10:19:00,975.25,505549
2021-06-24 10:19:01,975.6,505550
2021-06-24 10:19:02,975.3,505766
2021-06-24 10:19:03,975.6,506304
2021-06-24 10:19:04,975.65,506402
2021-06-24 10:19:05,975.25,506710
2021-06-24 10:19:06,975.7,506769
2021-06-24 10:19:07,975.25,508224
2021-06-24 10:19:08,975.7,508304
2021-06-24 10:19:09,975.75,508321
2021-06-24 10:19:10,975.25,510094
2021-06-24 10:19:11,975.85,510245
2021-06-24 10:19:12,975.2,510758
2021-06-24 10:19:13,975.3,511071
2021-06-24 10:19:14,975.25,511408
2021-06-24 10:19:16,975.75,511417
2021-06-24 10:19:17,975.25,511827
2021-06-24 10:19:18,975.75,511915
2021-06-24 10:19:19,975.25,511918
2021-06-24 10:19:19,975.25,512020
2021-06-24 10:19:20,975.2,512048
2021-06-24 10:19:21,975.2,512048
2021-06-24 10:19:22,975.2,512050
2021-06-24 10:19:23,975.4,512057
2021-06-24 10:19:24,975.4,512058
2021-06-24 10:19:25,975.4,512058
2021-06-24 10:19:26,975.4,512058
2021-06-24 10:19:27,975.2,512073
2021-06-24 10:19:28,975.2,512083
2021-06-24 10:19:29,975.2,512097
2021-06-24 10:19:30,975.4,512150
2021-06-24 10:19:31,975.2,512193
2021-06-24 10:19:32,975.2,512243
2021-06-24 10:19:33,975.2,512265
2021-06-24 10:19:34,975.2,512272
2021-06-24 10:19:35,975.2,512332
2021-06-24 10:19:36,975.2,512372
2021-06-24 10:19:37,975.4,512388
2021-06-24 10:19:39,975.2,512394
2021-06-24 10:19:40,975.4,512396
2021-06-24 10:19:40,975.4,512457
2021-06-24 10:19:42,975.25,512497
2021-06-24 10:19:42,975.25,512511
2021-06-24 10:19:44,975.25,512515
2021-06-24 10:19:44,975.65,512618
2021-06-24 10:19:45,975.65,512857
2021-06-24 10:19:47,975.65,512910
2021-06-24 10:19:48,975.25,513073
2021-06-24 10:19:49,975.65,513164
2021-06-24 10:19:50,975.65,513198
2021-06-24 10:19:51,975.65,513204
2021-06-24 10:19:51,975.25,513254
2021-06-24 10:19:52,975.65,513266
2021-06-24 10:19:53,975.65,513582
2021-06-24 10:19:54,975.65,513661
2021-06-24 10:19:55,975.25,513663
2021-06-24 10:19:56,975.65,513664
2021-06-24 10:19:57,975.65,513664
2021-06-24 10:19:58,975.65,513665
2021-06-24 10:19:59,975.65,513685
2021-06-24 10:20:01,975.65,513690
2021-06-24 10:20:02,975.65,514015
2021-06-24 10:20:03,975.25,514154
2021-06-24 10:20:03,975.65,514169
2021-06-24 10:20:05,975.25,514176
2021-06-24 10:20:06,975.65,514177
2021-06-24 10:20:08,975.2,514187
2021-06-24 10:20:08,975.2,514194
2021-06-24 10:20:10,975.2,514197
2021-06-24 10:20:10,975.2,514197
2021-06-24 10:20:11,975.2,514197
2021-06-24 10:20:12,975.2,514197
2021-06-24 10:20:13,975.2,514197
2021-06-24 10:20:15,975.6,514198
2021-06-24 10:20:16,975.6,514198
2021-06-24 10:20:17,975.6,514198
2021-06-24 10:20:18,975.6,514198
2021-06-24 10:20:19,975.6,514198
2021-06-24 10:20:20,975.6,514198
2021-06-24 10:20:21,975.6,514198
2021-06-24 10:20:22,975.6,514198
2021-06-24 10:20:23,975.6,514198
2021-06-24 10:20:24,975.45,514264
2021-06-24 10:20:25,975.6,514280
2021-06-24 10:20:26,975.6,514280
2021-06-24 10:20:27,975.6,514280
2021-06-24 10:20:28,975.6,514295
2021-06-24 10:20:29,975.45,514305
2021-06-24 10:20:30,975.45,514809
2021-06-24 10:20:31,975.45,515128
2021-06-24 10:20:33,975.35,515276
2021-06-24 10:20:34,975.6,515327
2021-06-24 10:20:35,975.6,515359
2021-06-24 10:20:36,975.6,515372
2021-06-24 10:20:37,975.6,515382
2021-06-24 10:20:38,975.8,515387
2021-06-24 10:20:39,975.8,515387
2021-06-24 10:20:40,975.85,515394
2021-06-24 10:20:41,975.6,515395
2021-06-24 10:20:42,975.9,515399
2021-06-24 10:20:44,975.9,515425
2021-06-24 10:20:44,975.9,515443
2021-06-24 10:20:45,975.6,515449
2021-06-24 10:20:46,975.6,515451
2021-06-24 10:20:48,975.6,515453
2021-06-24 10:20:49,975.6,515453
2021-06-24 10:20:50,975.95,515467
2021-06-24 10:20:51,975.6,515478
2021-06-24 10:20:52,975.95,515479
2021-06-24 10:20:53,975.6,515481
2021-06-24 10:20:55,975.95,515540
2021-06-24 10:20:56,975.6,515556
2021-06-24 10:20:57,975.5,515569
2021-06-24 10:20:59,975.5,515577
2021-06-24 10:21:00,975.65,515588
2021-06-24 10:21:01,975.65,515594
2021-06-24 10:21:02,975.5,515595
2021-06-24 10:21:02,975.95,515596
2021-06-24 10:21:03,975.95,515600
2021-06-24 10:21:04,975.95,515600
2021-06-24 10:21:05,975.95,515600
2021-06-24 10:21:07,975.95,515600
2021-06-24 10:21:08,975.9,515615
2021-06-24 10:21:09,975.9,515669
2021-06-24 10:21:10,975.65,515703
2021-06-24 10:21:12,975.65,515871
2021-06-24 10:21:13,975.65,515977
2021-06-24 10:21:14,975.95,515994
2021-06-24 10:21:15,975.65,515997
2021-06-24 10:21:17,975.55,516019
2021-06-24 10:21:18,975.95,516020
2021-06-24 10:21:19,975.95,516020
2021-06-24 10:21:20,975.95,516020
2021-06-24 10:21:21,975.95,516020
2021-06-24 10:21:21,975.95,516020
2021-06-24 10:21:22,975.95,516020
2021-06-24 10:21:23,975.95,516020
2021-06-24 10:21:26,975.65,516021
2021-06-24 10:21:27,976.0,516032
2021-06-24 10:21:28,976.0,516035
2021-06-24 10:21:29,975.55,516061
2021-06-24 10:21:31,975.5,516148
2021-06-24 10:21:32,975.55,516158
2021-06-24 10:21:33,976.0,516247
2021-06-24 10:21:34,975.55,516283
2021-06-24 10:21:35,975.55,516284
2021-06-24 10:21:36,975.95,516287
2021-06-24 10:21:37,975.6,516289
2021-06-24 10:21:38,975.95,516390
2021-06-24 10:21:39,975.6,516508
2021-06-24 10:21:40,975.6,516563
2021-06-24 10:21:40,975.6,516563
2021-06-24 10:21:41,975.6,516581
2021-06-24 10:21:43,975.6,516587
2021-06-24 10:21:44,975.6,516590
2021-06-24 10:21:45,975.95,516591
2021-06-24 10:21:46,975.5,516711
2021-06-24 10:21:47,975.25,516793
2021-06-24 10:21:47,975.55,516911
2021-06-24 10:21:48,975.2,517012
2021-06-24 10:21:50,975.25,517036
2021-06-24 10:21:51,975.25,517046
2021-06-24 10:21:52,975.2,517071
2021-06-24 10:21:53,975.55,517077
2021-06-24 10:21:55,975.2,517152
2021-06-24 10:21:54,975.2,517080
2021-06-24 10:21:57,975.45,517222
2021-06-24 10:21:56,975.2,517201
2021-06-24 10:21:59,975.05,517990
2021-06-24 10:22:00,974.15,522458
2021-06-24 10:22:01,974.75,522763
2021-06-24 10:22:02,974.6,522906
2021-06-24 10:22:04,974.9,523286
2021-06-24 10:22:05,974.9,523453
2021-06-24 10:22:06,975.15,523457
2021-06-24 10:22:07,975.4,523458
2021-06-24 10:22:08,975.4,523459
2021-06-24 10:22:09,975.15,523701
2021-06-24 10:22:10,975.05,523758
2021-06-24 10:22:11,975.15,523827
2021-06-24 10:22:11,975.55,523863
2021-06-24 10:22:13,975.0,524068
2021-06-24 10:22:14,975.0,524160
2021-06-24 10:22:15,975.1,524337
2021-06-24 10:22:16,975.1,524342
2021-06-24 10:22:17,975.0,524518
2021-06-24 10:22:18,975.45,524562
2021-06-24 10:22:18,975.45,524562
2021-06-24 10:22:20,975.05,524572
2021-06-24 10:22:21,975.0,524627
2021-06-24 10:22:21,975.4,524641
2021-06-24 10:22:23,975.4,524663
2021-06-24 10:22:24,975.0,524678
2021-06-24 10:22:25,975.0,524685
2021-06-24 10:22:26,975.0,524688
2021-06-24 10:22:27,975.0,524738
2021-06-24 10:22:28,975.0,524772
2021-06-24 10:22:29,975.0,524808
2021-06-24 10:22:30,975.15,524829
2021-06-24 10:22:31,975.15,524835
2021-06-24 10:22:31,975.15,524835
2021-06-24 10:22:32,975.15,524838
2021-06-24 10:22:33,975.15,524838
2021-06-24 10:22:34,975.3,524843
2021-06-24 10:22:35,975.15,524846
2021-06-24 10:22:36,975.15,524848
2021-06-24 10:22:38,975.2,524851
2021-06-24 10:22:39,975.3,524853
2021-06-24 10:22:40,975.2,524864
2021-06-24 10:22:41,975.2,524891
2021-06-24 10:22:42,975.3,524953
2021-06-24 10:22:43,975.15,524989
2021-06-24 10:22:44,975.15,525000
2021-06-24 10:22:44,975.3,525002
2021-06-24 10:22:46,975.3,525580
2021-06-24 10:22:47,975.0,525814
2021-06-24 10:22:47,975.0,525814
2021-06-24 10:22:49,974.95,525839
2021-06-24 10:22:51,975.0,525842
2021-06-24 10:22:52,975.0,525842
2021-06-24 10:22:53,974.5,525926
2021-06-24 10:22:54,974.15,526043
2021-06-24 10:22:55,974.75,527043
2021-06-24 10:22:57,974.95,527318
2021-06-24 10:22:58,975.15,527329
2021-06-24 10:22:59,975.15,527462
2021-06-24 10:23:00,974.5,527467
2021-06-24 10:23:01,975.05,527479
2021-06-24 10:23:02,974.95,527481
2021-06-24 10:23:03,974.85,527486
2021-06-24 10:23:04,974.85,527486
2021-06-24 10:23:05,974.85,527486
2021-06-24 10:23:06,974.5,527586
2021-06-24 10:23:07,974.9,527611
2021-06-24 10:23:08,974.9,527611
2021-06-24 10:23:09,974.85,527665
2021-06-24 10:23:10,974.85,528016
2021-06-24 10:23:10,974.5,527949
2021-06-24 10:23:11,974.9,528031
2021-06-24 10:23:12,974.6,528040
2021-06-24 10:23:13,974.6,528051
2021-06-24 10:23:14,974.9,528356
2021-06-24 10:23:15,974.9,528433
2021-06-24 10:23:17,974.9,528436
2021-06-24 10:23:18,974.5,528438
2021-06-24 10:23:19,974.5,528539
2021-06-24 10:23:20,974.4,528586
2021-06-24 10:23:21,974.75,528591
2021-06-24 10:23:22,974.75,528591
2021-06-24 10:23:23,974.75,528591
2021-06-24 10:23:24,974.6,528691
2021-06-24 10:23:25,974.7,528716
2021-06-24 10:23:26,974.35,528766
2021-06-24 10:23:27,974.8,528781
2021-06-24 10:23:30,974.8,528813
2021-06-24 10:23:31,974.8,528818
2021-06-24 10:23:32,974.85,528929
2021-06-24 10:23:33,974.85,528956
2021-06-24 10:23:34,974.85,528956
2021-06-24 10:23:35,974.8,529028
2021-06-24 10:23:36,974.9,529046
2021-06-24 10:23:37,974.85,529047
2021-06-24 10:23:39,974.85,529048
2021-06-24 10:23:40,975.45,529950
2021-06-24 10:23:41,975.65,530852
2021-06-24 10:23:42,975.2,531093
2021-06-24 10:23:43,975.15,531377
2021-06-24 10:23:44,975.45,531464
2021-06-24 10:23:45,975.5,531538
2021-06-24 10:23:46,975.2,531567
2021-06-24 10:23:47,975.5,531593
2021-06-24 10:23:48,975.5,531640
2021-06-24 10:23:49,975.2,531651
2021-06-24 10:23:50,975.2,531651
2021-06-24 10:23:51,975.05,531668
2021-06-24 10:23:52,975.65,532168
2021-06-24 10:23:53,975.35,532204
2021-06-24 10:23:54,975.35,532297
2021-06-24 10:23:55,975.35,532297
2021-06-24 10:23:56,975.35,532297
2021-06-24 10:23:57,975.35,532297
2021-06-24 10:23:58,975.35,532297
2021-06-24 10:23:59,975.0,532372
2021-06-24 10:24:00,975.0,532408
2021-06-24 10:24:02,975.0,532424
2021-06-24 10:24:03,975.0,532427
2021-06-24 10:24:04,975.15,532428
2021-06-24 10:24:05,975.1,532512
2021-06-24 10:24:06,975.0,532540
2021-06-24 10:24:07,975.0,532542
2021-06-24 10:24:08,975.0,532542
2021-06-24 10:24:09,975.0,532542
2021-06-24 10:24:10,974.9,532613
2021-06-24 10:24:11,974.9,532631
2021-06-24 10:24:12,974.9,532631
2021-06-24 10:24:13,974.9,532631
2021-06-24 10:24:14,974.7,532637
2021-06-24 10:24:15,974.7,532740
2021-06-24 10:24:16,974.9,532767
2021-06-24 10:24:18,974.7,532769
2021-06-24 10:24:19,974.9,532784
2021-06-24 10:24:20,974.65,532833
2021-06-24 10:24:21,974.9,532848
2021-06-24 10:24:22,974.9,532849
2021-06-24 10:24:23,974.9,532849
2021-06-24 10:24:24,974.75,532850
2021-06-24 10:24:25,974.9,532851
2021-06-24 10:24:26,975.35,533054
2021-06-24 10:24:27,975.4,533105
2021-06-24 10:24:28,975.5,533191
2021-06-24 10:24:29,975.4,533219
2021-06-24 10:24:30,975.1,533229
2021-06-24 10:24:31,975.35,533233
2021-06-24 10:24:32,975.15,533235
2021-06-24 10:24:33,975.15,533235
2021-06-24 10:24:34,975.35,533348
2021-06-24 10:24:35,975.1,533671
2021-06-24 10:24:36,975.1,533863
2021-06-24 10:24:37,975.1,533925
2021-06-24 10:24:38,975.15,533946
2021-06-24 10:24:39,975.15,533953
2021-06-24 10:24:40,975.4,534258
2021-06-24 10:24:41,975.4,534258
2021-06-24 10:24:42,975.35,534455
2021-06-24 10:24:43,975.75,534629
2021-06-24 10:24:44,975.35,534727
2021-06-24 10:24:45,975.75,534762
2021-06-24 10:24:46,975.4,534775
2021-06-24 10:24:47,975.3,534780
2021-06-24 10:24:49,975.7,534782
2021-06-24 10:24:50,975.7,534782
2021-06-24 10:24:51,975.9,534882
2021-06-24 10:24:52,975.7,534926
2021-06-24 10:24:53,975.9,534932
2021-06-24 10:24:54,975.7,534934
2021-06-24 10:24:55,975.9,534937
2021-06-24 10:24:56,975.7,534938
2021-06-24 10:24:57,975.9,534955
2021-06-24 10:24:58,975.7,534962
2021-06-24 10:24:59,975.85,534972
2021-06-24 10:25:00,975.7,534984
2021-06-24 10:25:01,975.7,535108
2021-06-24 10:25:02,975.5,535194
2021-06-24 10:25:03,975.95,535292
2021-06-24 10:25:04,975.5,535341
2021-06-24 10:25:05,975.5,535367
2021-06-24 10:25:06,975.7,535368
2021-06-24 10:25:07,975.9,535412
2021-06-24 10:25:09,975.95,535498
2021-06-24 10:25:10,975.5,535528
2021-06-24 10:25:11,976.25,537505
2021-06-24 10:25:12,976.3,538504
2021-06-24 10:25:13,976.8,538718
2021-06-24 10:25:15,976.85,538828
2021-06-24 10:25:14,976.8,538813
2021-06-24 10:25:16,976.45,538849
2021-06-24 10:25:17,976.4,538880
2021-06-24 10:25:18,976.4,538898
2021-06-24 10:25:19,976.15,538904
2021-06-24 10:25:20,976.15,538907
2021-06-24 10:25:21,976.5,538997
2021-06-24 10:25:22,976.65,539117
2021-06-24 10:25:23,976.55,539186
2021-06-24 10:25:24,976.4,539211
2021-06-24 10:25:25,976.4,539218
2021-06-24 10:25:26,976.6,539221
2021-06-24 10:25:27,976.6,539244
2021-06-24 10:25:28,976.4,539259
2021-06-24 10:25:29,976.6,539264
2021-06-24 10:25:30,976.4,539270
2021-06-24 10:25:31,976.5,539317
2021-06-24 10:25:32,976.6,539350
2021-06-24 10:25:33,976.6,539360
2021-06-24 10:25:34,976.2,539462
2021-06-24 10:25:35,976.25,539506
2021-06-24 10:25:36,976.2,539512
2021-06-24 10:25:37,976.2,539539
2021-06-24 10:25:39,976.2,539563
2021-06-24 10:25:40,976.2,539575
2021-06-24 10:25:41,976.0,539628
2021-06-24 10:25:43,976.45,539678
2021-06-24 10:25:43,976.45,539678
2021-06-24 10:25:44,976.4,539702
2021-06-24 10:25:45,976.2,539712
2021-06-24 10:25:46,976.2,539723
2021-06-24 10:25:47,976.55,539824
2021-06-24 10:25:48,976.55,539850
2021-06-24 10:25:49,976.3,539890
2021-06-24 10:25:50,976.3,539914
2021-06-24 10:25:51,976.3,539943
2021-06-24 10:25:52,976.2,539961
2021-06-24 10:25:53,976.2,540038
2021-06-24 10:25:54,976.65,540188
2021-06-24 10:25:55,976.25,540271
2021-06-24 10:25:57,976.7,540298
2021-06-24 10:25:58,976.75,540394
2021-06-24 10:25:58,976.3,540375
2021-06-24 10:25:59,976.35,540414
2021-06-24 10:26:00,976.3,540432
2021-06-24 10:26:02,976.3,540437
2021-06-24 10:26:03,976.3,540437
2021-06-24 10:26:04,976.3,540437
2021-06-24 10:26:05,976.3,540437
2021-06-24 10:26:06,976.7,540558
2021-06-24 10:26:07,976.7,540622
2021-06-24 10:26:08,976.75,540636
2021-06-24 10:26:10,976.5,540705
2021-06-24 10:26:10,976.2,540691
2021-06-24 10:26:11,976.2,540732
2021-06-24 10:26:12,976.5,540739
2021-06-24 10:26:13,976.2,540742
2021-06-24 10:26:14,976.2,540742
2021-06-24 10:26:15,976.5,540770
2021-06-24 10:26:16,976.5,540788
2021-06-24 10:26:17,976.3,540861
2021-06-24 10:26:18,976.2,541039
2021-06-24 10:26:19,976.2,541145
2021-06-24 10:26:20,976.2,541173
2021-06-24 10:26:21,976.2,541183
2021-06-24 10:26:23,976.2,541188
2021-06-24 10:26:22,976.6,541187
2021-06-24 10:26:24,976.3,541189
2021-06-24 10:26:25,976.2,541190
2021-06-24 10:26:26,976.2,541190
2021-06-24 10:26:27,976.2,541190
2021-06-24 10:26:28,976.2,541190
2021-06-24 10:26:29,976.2,541190
2021-06-24 10:26:31,976.2,541292
2021-06-24 10:26:31,976.5,541317
2021-06-24 10:26:32,976.3,541371
2021-06-24 10:26:33,976.8,541486
2021-06-24 10:26:34,976.35,541528
2021-06-24 10:26:35,976.3,541535
2021-06-24 10:26:36,976.35,541542
2021-06-24 10:26:37,976.5,541549
2021-06-24 10:26:38,976.5,541552
2021-06-24 10:26:39,976.35,541555
2021-06-24 10:26:40,976.5,541579
2021-06-24 10:26:41,976.35,541588
2021-06-24 10:26:42,976.5,541589
2021-06-24 10:26:44,976.3,541597
2021-06-24 10:26:44,976.3,541595
2021-06-24 10:26:45,976.3,541603
2021-06-24 10:26:46,976.3,541605
2021-06-24 10:26:47,976.5,541606
2021-06-24 10:26:48,976.3,541608
2021-06-24 10:26:49,976.3,541631
2021-06-24 10:26:51,976.5,541649
2021-06-24 10:26:51,976.5,541653
2021-06-24 10:26:52,976.5,541759
2021-06-24 10:26:53,976.3,541952
2021-06-24 10:26:54,976.3,542059
2021-06-24 10:26:55,976.3,542095
2021-06-24 10:26:56,976.3,542107
2021-06-24 10:26:57,976.3,542112
2021-06-24 10:26:58,976.6,542125
2021-06-24 10:26:59,976.3,543136
2021-06-24 10:27:01,976.3,544635
2021-06-24 10:27:02,976.2,545495
2021-06-24 10:27:03,976.0,545807
2021-06-24 10:27:03,976.1,545826
2021-06-24 10:27:04,976.0,545930
2021-06-24 10:27:06,976.0,545945
2021-06-24 10:27:07,976.0,545945
2021-06-24 10:27:08,976.1,545975
2021-06-24 10:27:10,976.0,546274
2021-06-24 10:27:11,976.1,546498
2021-06-24 10:27:12,976.0,546569
2021-06-24 10:27:13,976.1,546585
2021-06-24 10:27:14,976.0,546590
2021-06-24 10:27:15,976.1,546601
2021-06-24 10:27:17,976.1,546606
2021-06-24 10:27:18,976.0,546608
2021-06-24 10:27:19,976.0,546608
2021-06-24 10:27:19,976.0,546608
2021-06-24 10:27:21,976.0,546610
2021-06-24 10:27:21,976.0,546610
2021-06-24 10:27:22,976.1,546613
2021-06-24 10:27:23,976.0,546615
2021-06-24 10:27:25,976.0,546615
2021-06-24 10:27:25,976.25,546640
2021-06-24 10:27:26,976.25,546654
2021-06-24 10:27:27,976.0,546658
