timestamp,ltp,volume
2021-06-24 09:35:54,369.2,1495987
2021-06-24 09:35:55,369.4,1495993
2021-06-24 09:35:56,369.25,1496043
2021-06-24 09:35:58,369.25,1496144
2021-06-24 09:35:59,369.2,1496436
2021-06-24 09:36:00,369.35,1497606
2021-06-24 09:36:00,369.35,1497606
2021-06-24 09:36:01,369.3,1498126
2021-06-24 09:36:02,369.4,1498549
2021-06-24 09:36:03,369.25,1498649
2021-06-24 09:36:04,369.25,1498649
2021-06-24 09:36:05,369.5,1498679
2021-06-24 09:36:06,369.4,1498979
2021-06-24 09:36:08,369.35,1499039
2021-06-24 09:36:09,369.55,1499812
2021-06-24 09:36:09,369.35,1500927
2021-06-24 09:36:10,369.45,1501002
2021-06-24 09:36:11,369.6,1501053
2021-06-24 09:36:13,369.45,1501918
2021-06-24 09:36:14,369.6,1501969
2021-06-24 09:36:16,369.4,1502019
2021-06-24 09:36:17,369.4,1502319
2021-06-24 09:36:18,369.6,1502419
2021-06-24 09:36:19,369.6,1502419
2021-06-24 09:36:20,369.6,1502419
2021-06-24 09:36:21,369.55,1502449
2021-06-24 09:36:22,369.55,1502449
2021-06-24 09:36:23,369.55,1502510
2021-06-24 09:36:23,369.55,1502510
2021-06-24 09:36:25,369.55,1502520
2021-06-24 09:36:26,369.4,1502820
2021-06-24 09:36:27,369.4,1502877
2021-06-24 09:36:28,369.4,1502937
2021-06-24 09:36:29,369.4,1502937
2021-06-24 09:36:31,369.4,1502937
2021-06-24 09:36:32,369.55,1503007
2021-06-24 09:36:33,369.4,1503067
2021-06-24 09:36:34,369.35,1504067
2021-06-24 09:36:35,369.4,1504072
2021-06-24 09:36:36,369.4,1504072
2021-06-24 09:36:36,369.4,1504072
2021-06-24 09:36:37,369.4,1504072
2021-06-24 09:36:38,369.3,1504139
2021-06-24 09:36:39,369.3,1504139
2021-06-24 09:36:40,369.45,1504292
2021-06-24 09:36:42,369.5,1505292
2021-06-24 09:36:44,369.3,1505992
2021-06-24 09:36:46,369.4,1506163
2021-06-24 09:36:47,369.45,1506673
2021-06-24 09:36:48,369.45,1506673
2021-06-24 09:36:49,369.45,1506673
2021-06-24 09:36:50,369.4,1507173
2021-06-24 09:36:51,369.3,1509173
2021-06-24 09:36:52,369.4,1509315
2021-06-24 09:36:53,369.45,1510015
2021-06-24 09:36:54,369.25,1511515
2021-06-24 09:36:55,369.4,1512015
2021-06-24 09:36:56,369.4,1512040
2021-06-24 09:36:57,369.25,1512105
2021-06-24 09:36:57,369.25,1512205
2021-06-24 09:36:59,369.25,1512375
2021-06-24 09:37:00,369.25,1512375
2021-06-24 09:37:01,369.3,1513210
2021-06-24 09:37:03,369.3,1513310
2021-06-24 09:37:04,369.3,1513310
2021-06-24 09:37:05,369.4,1513380
2021-06-24 09:37:06,369.4,1513481
2021-06-24 09:37:06,369.4,1513481
2021-06-24 09:37:07,369.3,1513501
2021-06-24 09:37:08,369.3,1513502
2021-06-24 09:37:09,369.4,1513907
2021-06-24 09:37:10,369.3,1513977
2021-06-24 09:37:11,369.4,1514007
2021-06-24 09:37:13,369.3,1514116
2021-06-24 09:37:13,369.5,1515116
2021-06-24 09:37:15,369.35,1515676
2021-06-24 09:37:15,369.35,1515815
2021-06-24 09:37:17,369.35,1515970
2021-06-24 09:37:18,369.35,1515975
2021-06-24 09:37:18,369.35,1515975
2021-06-24 09:37:19,369.35,1516000
2021-06-24 09:37:20,369.35,1516000
2021-06-24 09:37:21,369.5,1516020
2021-06-24 09:37:22,369.5,1516170
2021-06-24 09:37:23,369.35,1516670
2021-06-24 09:37:25,369.5,1516685
2021-06-24 09:37:26,369.5,1516685
2021-06-24 09:37:27,369.5,1516685
2021-06-24 09:37:28,369.5,1516785
2021-06-24 09:37:29,369.5,1516785
2021-06-24 09:37:30,369.5,1516785
2021-06-24 09:37:31,369.35,1516990
2021-06-24 09:37:32,369.3,1517015
2021-06-24 09:37:33,369.3,1517015
2021-06-24 09:37:34,369.4,1517114
2021-06-24 09:37:35,369.4,1517114
2021-06-24 09:37:37,369.3,1518023
2021-06-24 09:37:37,369.3,1518023
2021-06-24 09:37:39,369.3,1518134
2021-06-24 09:37:40,369.25,1518804
2021-06-24 09:37:41,369.25,1518804
2021-06-24 09:37:42,369.15,1519653
2021-06-24 09:37:42,369.1,1519649
2021-06-24 09:37:43,369.15,1519654
2021-06-24 09:37:45,369.15,1519674
2021-06-24 09:37:46,369.15,1519819
2021-06-24 09:37:47,369.1,1519904
2021-06-24 09:37:48,369.1,1519934
2021-06-24 09:37:49,369.1,1520214
2021-06-24 09:37:50,369.1,1520214
2021-06-24 09:37:52,369.1,1520215
2021-06-24 09:37:53,369.15,1520218
2021-06-24 09:37:54,369.1,1520219
2021-06-24 09:37:55,369.1,1520320
2021-06-24 09:37:56,369.1,1520320
2021-06-24 09:37:57,369.15,1520422
2021-06-24 09:37:58,369.15,1520422
2021-06-24 09:38:00,369.1,1520502
2021-06-24 09:38:00,369.25,1529414
2021-06-24 09:38:01,369.25,1529414
2021-06-24 09:38:02,369.0,1540164
2021-06-24 09:38:03,369.0,1540164
2021-06-24 09:38:04,369.25,1542782
2021-06-24 09:38:07,369.25,1543892
2021-06-24 09:38:08,369.4,1544092
2021-06-24 09:38:09,369.4,1544492
2021-06-24 09:38:10,369.4,1544494
2021-06-24 09:38:11,369.25,1544504
2021-06-24 09:38:12,369.4,1544554
2021-06-24 09:38:13,369.2,1545054
2021-06-24 09:38:14,369.2,1545054
2021-06-24 09:38:15,369.3,1545055
2021-06-24 09:38:16,369.3,1545055
2021-06-24 09:38:17,369.3,1545055
2021-06-24 09:38:18,369.3,1545055
2021-06-24 09:38:19,369.4,1545067
2021-06-24 09:38:19,369.4,1545067
2021-06-24 09:38:21,369.5,1546545
2021-06-24 09:38:22,369.5,1546545
2021-06-24 09:38:23,369.5,1546545
2021-06-24 09:38:24,369.35,1546652
2021-06-24 09:38:25,369.65,1571565
2021-06-24 09:38:26,369.6,1571768
2021-06-24 09:38:27,369.6,1571768
2021-06-24 09:38:28,369.6,1571768
2021-06-24 09:38:30,369.75,1571973
2021-06-24 09:38:31,369.75,1571973
2021-06-24 09:38:32,369.55,1572073
2021-06-24 09:38:33,369.75,1572273
2021-06-24 09:38:34,369.75,1572273
2021-06-24 09:38:36,369.45,1572611
2021-06-24 09:38:37,369.45,1572611
2021-06-24 09:38:38,369.45,1572611
2021-06-24 09:38:39,369.55,1573141
2021-06-24 09:38:41,369.35,1573246
2021-06-24 09:38:42,369.4,1573513
2021-06-24 09:38:43,369.3,1573516
2021-06-24 09:38:44,369.5,1575671
2021-06-24 09:38:45,369.5,1575671
2021-06-24 09:38:46,369.5,1575671
2021-06-24 09:38:47,369.5,1575671
2021-06-24 09:38:48,369.45,1575721
2021-06-24 09:38:49,369.45,1575721
2021-06-24 09:38:50,369.5,1576035
2021-06-24 09:38:51,369.5,1576035
2021-06-24 09:38:52,369.45,1576065
2021-06-24 09:38:53,369.45,1576065
2021-06-24 09:38:54,369.45,1576067
2021-06-24 09:38:55,369.25,1577666
2021-06-24 09:38:56,369.3,1577674
2021-06-24 09:38:57,369.3,1577683
2021-06-24 09:38:58,369.3,1577683
2021-06-24 09:38:59,369.4,1577928
2021-06-24 09:39:00,369.15,1578428
2021-06-24 09:39:01,369.35,1578568
2021-06-24 09:39:02,369.35,1578568
2021-06-24 09:39:03,369.4,1578573
2021-06-24 09:39:04,369.4,1578573
2021-06-24 09:39:05,369.4,1578573
2021-06-24 09:39:06,369.4,1578573
2021-06-24 09:39:07,369.4,1578573
2021-06-24 09:39:08,369.35,1578578
2021-06-24 09:39:09,369.3,1579089
2021-06-24 09:39:10,369.15,1579139
2021-06-24 09:39:11,369.15,1579139
2021-06-24 09:39:12,369.35,1579937
2021-06-24 09:39:13,369.35,1579937
2021-06-24 09:39:14,369.35,1579937
2021-06-24 09:39:15,369.35,1579937
2021-06-24 09:39:16,369.3,1580038
2021-06-24 09:39:17,369.3,1580038
2021-06-24 09:39:18,369.3,1580038
2021-06-24 09:39:20,369.15,1580064
2021-06-24 09:39:22,369.3,1580082
2021-06-24 09:39:23,369.15,1580173
2021-06-24 09:39:24,369.15,1580306
2021-06-24 09:39:25,369.25,1580311
2021-06-24 09:39:26,369.25,1580313
2021-06-24 09:39:27,369.25,1580313
2021-06-24 09:39:28,369.1,1580332
2021-06-24 09:39:29,369.1,1580333
2021-06-24 09:39:30,369.1,1580333
2021-06-24 09:39:31,369.05,1580463
2021-06-24 09:39:32,369.1,1580598
2021-06-24 09:39:33,369.1,1580598
2021-06-24 09:39:34,369.1,1580598
2021-06-24 09:39:35,369.05,1580618
2021-06-24 09:39:36,369.05,1580618
2021-06-24 09:39:37,369.0,1580919
2021-06-24 09:39:38,369.0,1581197
2021-06-24 09:39:39,369.05,1581207
2021-06-24 09:39:40,369.0,1581217
2021-06-24 09:39:41,369.0,1581217
2021-06-24 09:39:42,369.0,1581217
2021-06-24 09:39:43,369.05,1581368
2021-06-24 09:39:44,369.05,1581368
2021-06-24 09:39:45,369.05,1581920
2021-06-24 09:39:46,369.0,1581980
2021-06-24 09:39:47,369.0,1581980
2021-06-24 09:39:48,369.0,1581985
2021-06-24 09:39:49,369.05,1582490
2021-06-24 09:39:50,369.0,1582565
2021-06-24 09:39:52,369.0,1583066
2021-06-24 09:39:53,369.05,1583356
2021-06-24 09:39:54,369.05,1583356
2021-06-24 09:39:56,369.0,1583659
2021-06-24 09:39:57,369.1,1584529
2021-06-24 09:39:58,369.1,1584529
2021-06-24 09:39:59,369.15,1591021
2021-06-24 09:40:00,369.1,1591051
2021-06-24 09:40:01,369.1,1591051
2021-06-24 09:40:02,369.1,1591051
2021-06-24 09:40:03,369.1,1591051
2021-06-24 09:40:04,369.1,1591101
2021-06-24 09:40:05,369.05,1591615
2021-06-24 09:40:06,369.05,1591615
2021-06-24 09:40:07,369.0,1600574
2021-06-24 09:40:08,369.05,1602374
2021-06-24 09:40:09,369.05,1602374
2021-06-24 09:40:10,369.05,1602382
2021-06-24 09:40:11,369.05,1602382
2021-06-24 09:40:12,369.05,1602432
2021-06-24 09:40:13,369.0,1603734
2021-06-24 09:40:14,369.0,1603734
2021-06-24 09:40:15,369.0,1603734
2021-06-24 09:40:16,368.9,1603849
2021-06-24 09:40:17,368.9,1604149
2021-06-24 09:40:18,368.75,1604372
2021-06-24 09:40:19,368.75,1604822
2021-06-24 09:40:20,368.75,1604952
2021-06-24 09:40:21,368.85,1605042
2021-06-24 09:40:22,368.85,1605192
2021-06-24 09:40:23,368.7,1605983
2021-06-24 09:40:24,368.75,1606012
2021-06-24 09:40:25,368.75,1606937
2021-06-24 09:40:26,368.6,1607170
2021-06-24 09:40:27,368.9,1609320
2021-06-24 09:40:28,368.9,1609365
2021-06-24 09:40:29,368.75,1609385
2021-06-24 09:40:30,368.35,1613443
2021-06-24 09:40:31,368.4,1615543
2021-06-24 09:40:32,368.6,1615843
2021-06-24 09:40:33,368.4,1615849
2021-06-24 09:40:34,368.45,1615924
2021-06-24 09:40:35,368.65,1615925
2021-06-24 09:40:36,368.5,1617437
2021-06-24 09:40:37,368.5,1617445
2021-06-24 09:40:38,368.55,1617826
2021-06-24 09:40:39,368.55,1617826
2021-06-24 09:40:40,368.4,1618126
2021-06-24 09:40:41,368.6,1620781
2021-06-24 09:40:42,368.7,1622281
2021-06-24 09:40:43,368.45,1622309
2021-06-24 09:40:44,368.45,1622319
2021-06-24 09:40:45,368.65,1622321
2021-06-24 09:40:46,368.5,1622621
2021-06-24 09:40:47,368.45,1625440
2021-06-24 09:40:48,368.5,1625539
2021-06-24 09:40:49,368.5,1625539
2021-06-24 09:40:50,368.5,1625539
2021-06-24 09:40:51,368.5,1625539
2021-06-24 09:40:52,368.55,1625590
2021-06-24 09:40:53,368.5,1625740
2021-06-24 09:40:54,368.5,1625740
2021-06-24 09:40:55,368.6,1626822
2021-06-24 09:40:56,368.5,1626827
2021-06-24 09:40:58,368.5,1626827
2021-06-24 09:40:57,368.5,1626827
2021-06-24 09:40:59,368.5,1626829
2021-06-24 09:41:01,368.5,1626868
2021-06-24 09:41:02,368.5,1626918
2021-06-24 09:41:03,368.5,1627187
2021-06-24 09:41:04,368.5,1627257
2021-06-24 09:41:05,368.5,1627257
2021-06-24 09:41:06,368.5,1627257
2021-06-24 09:41:07,368.45,1628369
2021-06-24 09:41:08,368.45,1630520
2021-06-24 09:41:09,368.45,1633528
2021-06-24 09:41:10,368.45,1633528
2021-06-24 09:41:11,368.5,1633578
2021-06-24 09:41:13,368.5,1633616
2021-06-24 09:41:14,368.5,1633616
2021-06-24 09:41:15,368.5,1633616
2021-06-24 09:41:16,368.5,1635766
2021-06-24 09:41:17,368.4,1636195
2021-06-24 09:41:18,368.4,1636195
2021-06-24 09:41:19,368.5,1637095
2021-06-24 09:41:20,368.5,1637095
2021-06-24 09:41:21,368.5,1637100
2021-06-24 09:41:22,368.5,1637311
2021-06-24 09:41:23,368.5,1637311
2021-06-24 09:41:24,368.5,1637323
2021-06-24 09:41:25,368.6,1640573
2021-06-24 09:41:26,368.5,1640720
2021-06-24 09:41:27,368.5,1641416
2021-06-24 09:41:28,368.6,1642416
2021-06-24 09:41:29,368.6,1642426
2021-06-24 09:41:30,368.6,1642426
2021-06-24 09:41:31,368.4,1642450
2021-06-24 09:41:32,368.4,1642450
2021-06-24 09:41:33,368.6,1642452
2021-06-24 09:41:34,368.6,1642452
2021-06-24 09:41:35,368.6,1642552
2021-06-24 09:41:36,368.6,1642552
2021-06-24 09:41:37,368.6,1642862
2021-06-24 09:41:38,368.4,1643256
2021-06-24 09:41:39,368.6,1643556
2021-06-24 09:41:40,368.4,1648391
2021-06-24 09:41:41,368.45,1648396
2021-06-24 09:41:42,368.4,1648409
2021-06-24 09:41:43,368.4,1648409
2021-06-24 09:41:44,368.4,1648633
2021-06-24 09:41:46,368.45,1648638
2021-06-24 09:41:47,368.4,1651988
2021-06-24 09:41:48,368.25,1652710
2021-06-24 09:41:49,368.4,1652815
2021-06-24 09:41:50,368.4,1652815
2021-06-24 09:41:51,368.3,1652865
2021-06-24 09:41:54,368.25,1653231
2021-06-24 09:41:55,368.25,1653232
2021-06-24 09:41:56,368.45,1653532
2021-06-24 09:41:57,368.35,1653748
2021-06-24 09:41:58,368.35,1653748
2021-06-24 09:41:59,368.5,1653749
2021-06-24 09:42:00,368.5,1653749
2021-06-24 09:42:01,368.4,1653849
2021-06-24 09:42:02,368.35,1654199
2021-06-24 09:42:03,368.5,1654461
2021-06-24 09:42:04,368.5,1654511
2021-06-24 09:42:05,368.45,1655506
2021-06-24 09:42:06,368.45,1655567
2021-06-24 09:42:07,368.6,1656597
2021-06-24 09:42:08,368.6,1657211
2021-06-24 09:42:09,368.45,1657261
2021-06-24 09:42:10,368.45,1657261
2021-06-24 09:42:11,368.45,1657261
2021-06-24 09:42:12,368.45,1657261
2021-06-24 09:42:13,368.5,1657321
2021-06-24 09:42:14,368.5,1657321
2021-06-24 09:42:15,368.5,1657371
2021-06-24 09:42:16,368.5,1657371
2021-06-24 09:42:17,368.5,1657385
2021-06-24 09:42:18,368.4,1657935
2021-06-24 09:42:19,368.4,1657935
2021-06-24 09:42:20,368.4,1657935
2021-06-24 09:42:21,368.3,1658124
2021-06-24 09:42:22,368.3,1658124
2021-06-24 09:42:23,368.4,1658126
2021-06-24 09:42:24,368.4,1658161
2021-06-24 09:42:26,368.3,1658162
2021-06-24 09:42:26,368.3,1658162
2021-06-24 09:42:27,368.3,1658162
2021-06-24 09:42:29,368.3,1658162
2021-06-24 09:42:29,368.3,1658162
2021-06-24 09:42:30,368.3,1658163
2021-06-24 09:42:31,368.35,1658503
2021-06-24 09:42:32,368.35,1660355
2021-06-24 09:42:33,368.3,1662832
2021-06-24 09:42:34,368.3,1662836
2021-06-24 09:42:35,368.5,1664947
2021-06-24 09:42:36,368.5,1664947
2021-06-24 09:42:37,368.5,1664947
2021-06-24 09:42:38,368.45,1678967
2021-06-24 09:42:39,368.45,1678967
2021-06-24 09:42:40,368.5,1679000
2021-06-24 09:42:41,368.45,1679100
2021-06-24 09:42:42,368.45,1679100
2021-06-24 09:42:43,368.6,1679105
2021-06-24 09:42:44,368.6,1679105
2021-06-24 09:42:45,368.7,1681029
2021-06-24 09:42:46,368.75,1681104
2021-06-24 09:42:47,368.75,1681137
2021-06-24 09:42:48,368.75,1681137
2021-06-24 09:42:50,368.75,1681137
2021-06-24 09:42:50,368.75,1681137
2021-06-24 09:42:51,368.75,1681137
2021-06-24 09:42:52,368.75,1681137
2021-06-24 09:42:53,368.75,1681137
2021-06-24 09:42:54,368.75,1681137
2021-06-24 09:42:56,368.6,1681187
2021-06-24 09:42:57,368.6,1681187
2021-06-24 09:42:58,368.6,1681187
2021-06-24 09:42:59,368.5,1682724
2021-06-24 09:43:00,368.5,1682724
2021-06-24 09:43:01,368.5,1682724
2021-06-24 09:43:02,368.5,1682744
2021-06-24 09:43:03,368.5,1682744
2021-06-24 09:43:04,368.5,1682744
2021-06-24 09:43:05,368.5,1682744
2021-06-24 09:43:06,368.5,1682804
2021-06-24 09:43:07,368.5,1682818
2021-06-24 09:43:08,368.4,1682872
2021-06-24 09:43:09,368.35,1683489
2021-06-24 09:43:11,368.45,1683539
2021-06-24 09:43:12,368.6,1683902
2021-06-24 09:43:12,368.6,1683902
2021-06-24 09:43:13,368.45,1684652
2021-06-24 09:43:14,368.45,1684687
2021-06-24 09:43:15,368.7,1684712
2021-06-24 09:43:17,368.8,1686782
2021-06-24 09:43:18,368.6,1686792
2021-06-24 09:43:19,368.8,1686806
2021-06-24 09:43:20,368.8,1686806
2021-06-24 09:43:21,368.8,1686806
2021-06-24 09:43:22,368.8,1686806
2021-06-24 09:43:24,368.65,1687759
2021-06-24 09:43:24,368.65,1687759
2021-06-24 09:43:25,368.65,1687759
2021-06-24 09:43:26,368.65,1687759
2021-06-24 09:43:27,368.65,1687759
2021-06-24 09:43:28,368.8,1687859
2021-06-24 09:43:29,368.8,1687859
2021-06-24 09:43:30,368.8,1687862
2021-06-24 09:43:31,368.8,1687862
2021-06-24 09:43:33,368.8,1687862
2021-06-24 09:43:34,368.8,1687862
2021-06-24 09:43:35,368.8,1687862
2021-06-24 09:43:36,368.6,1688882
2021-06-24 09:43:37,368.6,1688882
2021-06-24 09:43:39,368.6,1688882
2021-06-24 09:43:41,368.75,1688917
2021-06-24 09:43:42,368.6,1688950
2021-06-24 09:43:42,368.6,1688950
2021-06-24 09:43:43,368.7,1689050
2021-06-24 09:43:44,368.7,1689050
2021-06-24 09:43:45,368.6,1689100
2021-06-24 09:43:46,368.6,1689100
2021-06-24 09:43:47,368.6,1689100
2021-06-24 09:43:48,368.6,1689159
2021-06-24 09:43:49,368.7,1689209
2021-06-24 09:43:50,368.7,1689784
2021-06-24 09:43:52,368.7,1689804
2021-06-24 09:43:52,368.7,1689804
2021-06-24 09:43:53,368.7,1689805
2021-06-24 09:43:54,368.6,1689808
2021-06-24 09:43:55,368.8,1691009
2021-06-24 09:43:56,368.8,1691009
2021-06-24 09:43:57,368.55,1691608
2021-06-24 09:43:58,368.5,1691618
2021-06-24 09:43:59,368.6,1691621
2021-06-24 09:44:00,368.45,1702247
2021-06-24 09:44:01,368.45,1702247
2021-06-24 09:44:03,368.55,1702447
2021-06-24 09:44:03,368.45,1702477
2021-06-24 09:44:04,368.45,1703627
2021-06-24 09:44:05,368.5,1703679
2021-06-24 09:44:06,368.5,1703679
2021-06-24 09:44:08,368.5,1703680
2021-06-24 09:44:08,368.5,1703680
2021-06-24 09:44:09,368.5,1703701
2021-06-24 09:44:10,368.5,1703701
2021-06-24 09:44:11,368.5,1703701
2021-06-24 09:44:12,368.5,1703701
2021-06-24 09:44:13,368.5,1703918
2021-06-24 09:44:14,368.55,1703952
2021-06-24 09:44:15,368.5,1703962
2021-06-24 09:44:16,368.5,1703963
2021-06-24 09:44:18,368.5,1703963
2021-06-24 09:44:18,368.45,1704463
2021-06-24 09:44:19,368.45,1704463
2021-06-24 09:44:21,368.45,1704548
2021-06-24 09:44:22,368.45,1704548
2021-06-24 09:44:24,368.5,1704573
2021-06-24 09:44:24,368.5,1704573
2021-06-24 09:44:25,368.45,1704599
2021-06-24 09:44:26,368.45,1704599
2021-06-24 09:44:27,368.45,1704599
2021-06-24 09:44:28,368.45,1704599
2021-06-24 09:44:29,368.35,1706419
2021-06-24 09:44:30,368.3,1709285
2021-06-24 09:44:31,368.4,1709385
2021-06-24 09:44:32,368.4,1709410
2021-06-24 09:44:33,368.4,1709410
2021-06-24 09:44:34,368.35,1709420
2021-06-24 09:44:36,368.2,1709480
2021-06-24 09:44:37,368.2,1709480
2021-06-24 09:44:38,368.4,1709481
2021-06-24 09:44:39,368.4,1709581
2021-06-24 09:44:40,368.3,1709917
2021-06-24 09:44:41,368.3,1709917
2021-06-24 09:44:41,368.3,1709917
2021-06-24 09:44:42,368.3,1709917
2021-06-24 09:44:43,368.3,1709951
2021-06-24 09:44:44,368.3,1709951
2021-06-24 09:44:45,368.3,1709951
2021-06-24 09:44:47,368.2,1710371
2021-06-24 09:44:48,368.2,1710371
2021-06-24 09:44:48,368.45,1710431
2021-06-24 09:44:50,368.45,1710431
2021-06-24 09:44:51,368.3,1710433
2021-06-24 09:44:52,368.3,1710433
2021-06-24 09:44:53,368.45,1710483
2021-06-24 09:44:54,368.45,1710483
2021-06-24 09:44:55,368.45,1710483
2021-06-24 09:44:56,368.45,1710483
2021-06-24 09:44:57,368.45,1710483
2021-06-24 09:44:58,368.45,1710483
2021-06-24 09:44:59,368.45,1710483
2021-06-24 09:45:00,368.45,1710683
2021-06-24 09:45:01,368.6,1724462
2021-06-24 09:45:02,368.55,1724562
2021-06-24 09:45:03,368.55,1724562
2021-06-24 09:45:03,368.55,1724562
2021-06-24 09:45:05,368.55,1724562
2021-06-24 09:45:06,368.75,1724602
2021-06-24 09:45:07,368.6,1724851
2021-06-24 09:45:08,368.6,1724851
2021-06-24 09:45:09,368.6,1724851
2021-06-24 09:45:10,368.6,1724851
2021-06-24 09:45:11,368.75,1724881
2021-06-24 09:45:12,368.55,1724921
2021-06-24 09:45:13,368.75,1724988
2021-06-24 09:45:14,368.75,1724998
2021-06-24 09:45:16,368.7,1726001
2021-06-24 09:45:16,368.7,1726001
2021-06-24 09:45:18,368.6,1726031
2021-06-24 09:45:19,368.75,1726331
2021-06-24 09:45:20,368.75,1726436
2021-06-24 09:45:20,368.75,1726436
2021-06-24 09:45:21,368.75,1726973
2021-06-24 09:45:22,368.8,1727473
2021-06-24 09:45:23,368.8,1727473
2021-06-24 09:45:24,368.6,1727633
2021-06-24 09:45:25,368.75,1727808
2021-06-24 09:45:26,368.75,1728003
2021-06-24 09:45:27,368.75,1728103
2021-06-24 09:45:29,368.8,1728113
2021-06-24 09:45:30,368.8,1728163
2021-06-24 09:45:31,368.75,1728343
2021-06-24 09:45:32,368.8,1735383
2021-06-24 09:45:33,368.75,1735433
2021-06-24 09:45:34,368.75,1735433
2021-06-24 09:45:35,368.75,1735533
2021-06-24 09:45:36,368.75,1735533
2021-06-24 09:45:37,368.75,1735533
2021-06-24 09:45:39,368.75,1736905
2021-06-24 09:45:40,368.85,1737110
2021-06-24 09:45:41,368.85,1737210
2021-06-24 09:45:41,368.85,1737439
2021-06-24 09:45:42,368.6,1740662
2021-06-24 09:45:44,368.6,1740662
2021-06-24 09:45:45,368.75,1740962
2021-06-24 09:45:46,368.6,1740972
2021-06-24 09:45:47,368.6,1740972
2021-06-24 09:45:48,368.5,1742645
2021-06-24 09:45:49,368.45,1742667
2021-06-24 09:45:50,368.45,1742667
2021-06-24 09:45:51,368.6,1742672
2021-06-24 09:45:52,368.6,1742672
2021-06-24 09:45:52,368.65,1743672
2021-06-24 09:45:54,368.6,1743674
2021-06-24 09:45:55,368.6,1743784
2021-06-24 09:45:56,368.45,1744166
2021-06-24 09:45:57,368.4,1744399
2021-06-24 09:45:58,368.45,1744458
2021-06-24 09:45:59,368.3,1744774
2021-06-24 09:46:00,368.25,1745574
2021-06-24 09:46:01,368.25,1745574
2021-06-24 09:46:02,368.25,1745574
2021-06-24 09:46:04,368.3,1745579
2021-06-24 09:46:05,368.3,1745579
2021-06-24 09:46:06,368.25,1746079
2021-06-24 09:46:07,368.3,1746279
2021-06-24 09:46:08,368.3,1746280
2021-06-24 09:46:09,368.3,1746280
2021-06-24 09:46:10,368.3,1746348
2021-06-24 09:46:12,368.3,1746348
2021-06-24 09:46:13,368.3,1746348
2021-06-24 09:46:14,368.3,1746348
2021-06-24 09:46:14,368.2,1747348
2021-06-24 09:46:15,368.1,1753855
2021-06-24 09:46:16,368.25,1754855
2021-06-24 09:46:17,368.25,1754855
2021-06-24 09:46:19,368.25,1754855
2021-06-24 09:46:19,368.25,1754855
2021-06-24 09:46:20,368.25,1754855
2021-06-24 09:46:21,368.25,1754855
2021-06-24 09:46:23,368.25,1754855
2021-06-24 09:46:24,368.25,1754855
2021-06-24 09:46:25,368.25,1754855
2021-06-24 09:46:25,368.25,1754855
2021-06-24 09:46:26,368.3,1754923
2021-06-24 09:46:28,368.3,1754983
2021-06-24 09:46:29,368.3,1755063
2021-06-24 09:46:30,368.25,1755123
2021-06-24 09:46:30,368.35,1755743
2021-06-24 09:46:32,368.25,1755820
2021-06-24 09:46:32,368.25,1755820
2021-06-24 09:46:33,368.25,1755870
2021-06-24 09:46:34,368.25,1756170
2021-06-24 09:46:35,368.25,1756170
2021-06-24 09:46:36,368.25,1757576
2021-06-24 09:46:37,368.25,1757576
2021-06-24 09:46:38,368.25,1757681
2021-06-24 09:46:40,368.25,1757681
2021-06-24 09:46:41,368.25,1757696
2021-06-24 09:46:42,368.25,1757696
2021-06-24 09:46:43,368.25,1757696
2021-06-24 09:46:44,368.15,1758904
2021-06-24 09:46:45,368.15,1758904
2021-06-24 09:46:46,368.15,1758904
2021-06-24 09:46:47,368.15,1758904
2021-06-24 09:46:48,368.25,1758912
2021-06-24 09:46:49,368.25,1758912
2021-06-24 09:46:49,368.25,1758912
2021-06-24 09:46:50,368.1,1758941
2021-06-24 09:46:51,368.1,1761226
2021-06-24 09:46:52,368.05,1761448
2021-06-24 09:46:53,368.05,1761507
2021-06-24 09:46:55,367.8,1782196
2021-06-24 09:46:56,367.75,1782520
2021-06-24 09:46:57,367.75,1782682
2021-06-24 09:46:59,367.75,1782871
2021-06-24 09:47:00,367.75,1782871
2021-06-24 09:47:01,367.8,1782980
2021-06-24 09:47:02,367.65,1783708
2021-06-24 09:47:03,367.7,1783713
2021-06-24 09:47:03,367.7,1783763
2021-06-24 09:47:05,367.6,1783764
2021-06-24 09:47:05,367.6,1783764
2021-06-24 09:47:07,367.7,1784164
2021-06-24 09:47:08,367.7,1784164
2021-06-24 09:47:09,367.6,1784264
2021-06-24 09:47:12,367.55,1785430
2021-06-24 09:47:13,367.45,1787584
2021-06-24 09:47:13,367.55,1787587
2021-06-24 09:47:14,367.6,1788087
2021-06-24 09:47:16,367.6,1788190
2021-06-24 09:47:17,367.6,1788270
2021-06-24 09:47:17,367.6,1788270
2021-06-24 09:47:18,367.55,1788580
2021-06-24 09:47:19,367.6,1788705
2021-06-24 09:47:20,367.6,1788710
2021-06-24 09:47:23,367.7,1790882
2021-06-24 09:47:24,367.6,1790883
2021-06-24 09:47:24,367.6,1790883
2021-06-24 09:47:25,367.6,1790916
2021-06-24 09:47:26,367.6,1791116
2021-06-24 09:47:27,367.6,1791116
2021-06-24 09:47:28,367.6,1791497
2021-06-24 09:47:30,367.6,1791497
2021-06-24 09:47:32,367.7,1792918
2021-06-24 09:47:34,367.6,1793358
2021-06-24 09:47:35,367.7,1793378
2021-06-24 09:47:36,367.7,1793378
2021-06-24 09:47:38,367.5,1799471
2021-06-24 09:47:39,367.55,1799572
2021-06-24 09:47:39,367.55,1799572
2021-06-24 09:47:41,367.55,1802490
2021-06-24 09:47:41,367.45,1802990
2021-06-24 09:47:42,367.7,1803144
2021-06-24 09:47:43,367.7,1803144
2021-06-24 09:47:44,367.7,1803286
2021-06-24 09:47:45,367.7,1803791
2021-06-24 09:47:46,367.6,1805711
2021-06-24 09:47:48,367.7,1810161
2021-06-24 09:47:48,367.6,1810299
2021-06-24 09:47:49,367.55,1810329
2021-06-24 09:47:50,367.55,1810329
2021-06-24 09:47:51,367.5,1811389
2021-06-24 09:47:52,367.65,1813889
2021-06-24 09:47:54,367.65,1813889
2021-06-24 09:47:55,367.5,1814102
2021-06-24 09:47:56,367.5,1814102
2021-06-24 09:47:57,367.7,1819673
2021-06-24 09:47:58,367.7,1819673
2021-06-24 09:48:00,367.7,1821951
2021-06-24 09:48:02,367.6,1822159
2021-06-24 09:48:02,367.7,1822204
2021-06-24 09:48:04,367.7,1822962
2021-06-24 09:48:05,367.75,1823194
2021-06-24 09:48:06,367.9,1823700
2021-06-24 09:48:07,367.9,1823850
2021-06-24 09:48:08,367.8,1824005
2021-06-24 09:48:09,367.8,1824246
2021-06-24 09:48:09,367.8,1824246
2021-06-24 09:48:11,368.0,1824250
2021-06-24 09:48:12,368.0,1824250
2021-06-24 09:48:12,368.0,1824250
2021-06-24 09:48:13,368.0,1824250
2021-06-24 09:48:15,368.0,1824250
2021-06-24 09:48:16,367.75,1826481
2021-06-24 09:48:16,367.75,1826481
2021-06-24 09:48:18,367.95,1826677
2021-06-24 09:48:19,367.95,1827116
2021-06-24 09:48:20,367.95,1827141
2021-06-24 09:48:20,367.95,1827141
2021-06-24 09:48:22,367.75,1827262
2021-06-24 09:48:23,367.8,1827264
2021-06-24 09:48:23,367.8,1827264
2021-06-24 09:48:24,367.8,1827265
2021-06-24 09:48:26,367.85,1827275
2021-06-24 09:48:27,367.85,1827275
2021-06-24 09:48:28,367.95,1827621
2021-06-24 09:48:29,367.95,1827641
2021-06-24 09:48:30,367.95,1827641
2021-06-24 09:48:31,367.95,1828194
2021-06-24 09:48:32,367.75,1828307
2021-06-24 09:48:34,367.75,1828307
2021-06-24 09:48:35,367.75,1828307
2021-06-24 09:48:36,367.75,1828312
2021-06-24 09:48:37,367.95,1828337
2021-06-24 09:48:38,367.95,1828337
2021-06-24 09:48:38,367.95,1828337
2021-06-24 09:48:40,367.95,1828337
2021-06-24 09:48:41,367.95,1828357
2021-06-24 09:48:41,367.95,1828357
2021-06-24 09:48:44,367.95,1828467
2021-06-24 09:48:43,367.95,1828467
2021-06-24 09:48:45,367.95,1828468
2021-06-24 09:48:46,367.95,1830550
2021-06-24 09:48:47,367.95,1831054
2021-06-24 09:48:48,367.95,1831054
2021-06-24 09:48:50,367.65,1832393
2021-06-24 09:48:51,367.7,1832723
2021-06-24 09:48:52,367.6,1833362
2021-06-24 09:48:53,367.7,1833462
2021-06-24 09:48:54,367.7,1833962
2021-06-24 09:48:55,367.7,1833962
2021-06-24 09:48:56,367.55,1834274
2021-06-24 09:48:56,367.55,1834274
2021-06-24 09:48:57,367.65,1834275
2021-06-24 09:48:59,367.65,1834275
2021-06-24 09:48:59,367.65,1834275
2021-06-24 09:49:00,367.65,1834286
2021-06-24 09:49:02,367.7,1834791
2021-06-24 09:49:02,367.7,1834831
2021-06-24 09:49:03,367.55,1835383
2021-06-24 09:49:04,367.7,1835583
2021-06-24 09:49:05,367.7,1835596
2021-06-24 09:49:06,367.7,1835596
2021-06-24 09:49:07,367.55,1835604
2021-06-24 09:49:09,367.7,1835609
2021-06-24 09:49:10,367.55,1835617
2021-06-24 09:49:11,367.7,1835718
2021-06-24 09:49:12,367.55,1835733
2021-06-24 09:49:13,367.45,1838133
2021-06-24 09:49:14,367.4,1838234
2021-06-24 09:49:15,367.65,1838284
2021-06-24 09:49:16,367.65,1838495
2021-06-24 09:49:17,367.65,1838495
2021-06-24 09:49:18,367.6,1838507
2021-06-24 09:49:19,367.5,1840007
2021-06-24 09:49:20,367.5,1840007
2021-06-24 09:49:21,367.7,1842158
2021-06-24 09:49:21,367.65,1842159
2021-06-24 09:49:23,367.65,1842159
2021-06-24 09:49:24,367.65,1842159
2021-06-24 09:49:25,367.65,1842260
2021-06-24 09:49:26,367.65,1842261
2021-06-24 09:49:27,367.5,1842286
2021-06-24 09:49:28,367.55,1842290
2021-06-24 09:49:29,367.55,1842290
2021-06-24 09:49:30,367.65,1842305
2021-06-24 09:49:31,367.65,1842305
2021-06-24 09:49:32,367.65,1842305
2021-06-24 09:49:33,367.65,1842385
2021-06-24 09:49:34,367.65,1842385
2021-06-24 09:49:36,367.75,1843986
2021-06-24 09:49:36,367.75,1843986
2021-06-24 09:49:38,367.75,1843997
2021-06-24 09:49:39,367.75,1854584
2021-06-24 09:49:40,367.6,1854637
2021-06-24 09:49:41,367.7,1854771
2021-06-24 09:49:42,367.7,1854771
2021-06-24 09:49:43,367.7,1854771
2021-06-24 09:49:44,367.6,1854822
2021-06-24 09:49:45,367.65,1855562
2021-06-24 09:49:46,367.65,1855562
2021-06-24 09:49:47,367.55,1855567
2021-06-24 09:49:48,367.65,1855568
2021-06-24 09:49:49,367.65,1855568
2021-06-24 09:49:50,367.5,1855979
2021-06-24 09:49:51,367.5,1855979
2021-06-24 09:49:53,367.55,1856223
2021-06-24 09:49:54,367.6,1856224
2021-06-24 09:49:56,367.45,1856274
2021-06-24 09:49:58,367.45,1856540
2021-06-24 09:49:59,367.6,1856601
2021-06-24 09:50:00,367.65,1856611
2021-06-24 09:50:01,367.65,1856612
2021-06-24 09:50:02,367.65,1859883
2021-06-24 09:50:03,367.65,1859883
2021-06-24 09:50:04,367.5,1860025
2021-06-24 09:50:04,367.5,1860025
2021-06-24 09:50:05,367.5,1861132
2021-06-24 09:50:06,367.5,1861143
2021-06-24 09:50:07,367.6,1861194
2021-06-24 09:50:08,367.6,1861194
2021-06-24 09:50:10,367.6,1861309
2021-06-24 09:50:11,367.6,1861309
2021-06-24 09:50:12,367.6,1861309
2021-06-24 09:50:13,367.6,1861309
2021-06-24 09:50:14,367.6,1861309
2021-06-24 09:50:15,367.45,1862328
2021-06-24 09:50:16,367.55,1865350
2021-06-24 09:50:17,367.5,1865495
2021-06-24 09:50:18,367.25,1869217
2021-06-24 09:50:19,367.2,1869852
2021-06-24 09:50:20,367.2,1869972
2021-06-24 09:50:21,367.2,1869972
2021-06-24 09:50:22,367.2,1870075
2021-06-24 09:50:23,367.2,1870075
2021-06-24 09:50:25,367.15,1870796
2021-06-24 09:50:26,367.15,1870800
2021-06-24 09:50:27,367.3,1870846
2021-06-24 09:50:28,367.2,1870921
2021-06-24 09:50:29,367.3,1871485
2021-06-24 09:50:30,367.3,1871485
2021-06-24 09:50:31,367.35,1871495
2021-06-24 09:50:33,367.5,1876107
2021-06-24 09:50:32,367.5,1875867
2021-06-24 09:50:34,367.5,1876107
2021-06-24 09:50:35,367.5,1876107
2021-06-24 09:50:36,367.45,1876108
2021-06-24 09:50:37,367.45,1876108
2021-06-24 09:50:38,367.4,1876188
2021-06-24 09:50:39,367.5,1876193
2021-06-24 09:50:40,367.5,1876193
2021-06-24 09:50:41,367.35,1876219
2021-06-24 09:50:42,367.5,1876241
2021-06-24 09:50:43,367.5,1876241
2021-06-24 09:50:44,367.55,1885078
2021-06-24 09:50:45,367.45,1885200
2021-06-24 09:50:46,367.5,1885215
2021-06-24 09:50:47,367.5,1885430
2021-06-24 09:50:48,367.6,1885481
2021-06-24 09:50:49,367.45,1885648
2021-06-24 09:50:49,367.45,1885648
2021-06-24 09:50:51,367.5,1886148
2021-06-24 09:50:52,367.5,1886148
2021-06-24 09:50:52,367.5,1886148
2021-06-24 09:50:53,367.5,1886148
2021-06-24 09:50:54,367.6,1886151
2021-06-24 09:50:56,367.6,1886353
2021-06-24 09:50:57,367.6,1888673
2021-06-24 09:50:57,367.6,1888673
2021-06-24 09:50:59,367.65,1888694
2021-06-24 09:51:00,367.6,1890195
2021-06-24 09:51:01,367.55,1890851
2021-06-24 09:51:02,367.6,1890952
2021-06-24 09:51:03,367.6,1891376
2021-06-24 09:51:04,367.6,1891376
2021-06-24 09:51:05,367.65,1891377
2021-06-24 09:51:06,367.6,1891475
2021-06-24 09:51:07,367.6,1892277
2021-06-24 09:51:09,367.65,1892847
2021-06-24 09:51:10,367.65,1892847
2021-06-24 09:51:11,367.65,1892847
2021-06-24 09:51:12,367.55,1892955
2021-06-24 09:51:13,367.55,1892955
2021-06-24 09:51:15,367.65,1894564
2021-06-24 09:51:16,367.65,1894564
2021-06-24 09:51:17,367.55,1894666
2021-06-24 09:51:18,367.55,1894666
2021-06-24 09:51:19,367.5,1895016
2021-06-24 09:51:20,367.5,1895016
2021-06-24 09:51:22,367.6,1895141
2021-06-24 09:51:23,367.6,1895431
2021-06-24 09:51:24,367.65,1895634
2021-06-24 09:51:25,367.65,1895634
2021-06-24 09:51:26,367.65,1895759
2021-06-24 09:51:27,367.65,1895759
2021-06-24 09:51:28,367.65,1895810
2021-06-24 09:51:29,367.65,1895810
2021-06-24 09:51:30,367.65,1895906
2021-06-24 09:51:31,367.65,1895906
2021-06-24 09:51:32,367.65,1895916
2021-06-24 09:51:33,367.65,1895916
2021-06-24 09:51:34,367.55,1896436
2021-06-24 09:51:35,367.55,1896436
2021-06-24 09:51:36,367.5,1896636
2021-06-24 09:51:37,367.6,1896837
2021-06-24 09:51:38,367.65,1901029
2021-06-24 09:51:39,367.65,1901029
2021-06-24 09:51:40,367.65,1901129
2021-06-24 09:51:41,367.65,1901179
2021-06-24 09:51:42,367.85,1903180
2021-06-24 09:51:43,367.65,1904028
2021-06-24 09:51:44,367.65,1904028
2021-06-24 09:51:45,367.65,1904028
2021-06-24 09:51:46,367.65,1904028
2021-06-24 09:51:47,367.65,1904028
2021-06-24 09:51:48,367.65,1904028
2021-06-24 09:51:49,367.65,1904028
2021-06-24 09:51:50,367.65,1904028
2021-06-24 09:51:51,367.55,1906707
2021-06-24 09:51:52,367.5,1911707
2021-06-24 09:51:53,367.6,1911708
2021-06-24 09:51:54,367.8,1911733
2021-06-24 09:51:55,367.8,1911733
2021-06-24 09:51:56,367.8,1911733
2021-06-24 09:51:57,367.8,1911733
2021-06-24 09:51:58,367.8,1911733
2021-06-24 09:51:59,367.8,1911733
2021-06-24 09:52:00,367.8,1914836
2021-06-24 09:52:01,367.8,1914836
2021-06-24 09:52:03,367.85,1914845
2021-06-24 09:52:04,367.75,1914860
2021-06-24 09:52:05,367.75,1914860
2021-06-24 09:52:06,367.9,1921310
2021-06-24 09:52:07,367.9,1921310
2021-06-24 09:52:09,367.95,1925838
2021-06-24 09:52:10,368.0,1926939
2021-06-24 09:52:11,368.0,1926939
2021-06-24 09:52:12,368.0,1926939
2021-06-24 09:52:13,368.0,1927372
2021-06-24 09:52:14,368.0,1927372
2021-06-24 09:52:15,368.1,1927382
2021-06-24 09:52:16,368.1,1927382
2021-06-24 09:52:17,368.25,1929099
2021-06-24 09:52:18,368.25,1929099
2021-06-24 09:52:19,368.25,1929099
2021-06-24 09:52:20,368.25,1929099
2021-06-24 09:52:21,368.25,1929099
2021-06-24 09:52:22,368.25,1929099
2021-06-24 09:52:23,368.1,1929544
2021-06-24 09:52:24,368.1,1929594
2021-06-24 09:52:25,368.15,1929615
2021-06-24 09:52:26,368.15,1929615
2021-06-24 09:52:27,368.45,1931842
2021-06-24 09:52:28,368.45,1931842
2021-06-24 09:52:29,368.45,1931842
2021-06-24 09:52:30,368.45,1931842
2021-06-24 09:52:31,368.3,1931847
2021-06-24 09:52:32,368.3,1931847
2021-06-24 09:52:33,368.2,1931855
2021-06-24 09:52:35,368.2,1931962
2021-06-24 09:52:34,368.2,1931962
2021-06-24 09:52:36,368.3,1932012
2021-06-24 09:52:37,368.2,1932037
2021-06-24 09:52:38,368.3,1932045
2021-06-24 09:52:39,368.3,1932050
2021-06-24 09:52:40,368.2,1932080
2021-06-24 09:52:41,368.2,1932080
2021-06-24 09:52:42,368.3,1932140
2021-06-24 09:52:43,368.25,1932648
2021-06-24 09:52:44,368.2,1932948
2021-06-24 09:52:45,368.25,1933582
2021-06-24 09:52:47,368.25,1934862
2021-06-24 09:52:48,368.3,1934932
2021-06-24 09:52:50,368.3,1934932
2021-06-24 09:52:49,368.3,1934932
2021-06-24 09:52:51,368.3,1934932
2021-06-24 09:52:52,368.3,1934932
2021-06-24 09:52:53,368.1,1935132
2021-06-24 09:52:54,368.25,1936212
2021-06-24 09:52:55,368.25,1936302
2021-06-24 09:52:56,368.25,1936302
2021-06-24 09:52:57,368.25,1936302
2021-06-24 09:52:58,368.25,1936302
2021-06-24 09:52:59,368.45,1938362
2021-06-24 09:53:00,368.45,1938362
2021-06-24 09:53:01,368.45,1938362
2021-06-24 09:53:02,368.35,1938387
2021-06-24 09:53:03,368.35,1938397
2021-06-24 09:53:04,368.35,1938397
2021-06-24 09:53:05,368.35,1938397
2021-06-24 09:53:06,368.35,1940547
2021-06-24 09:53:07,368.35,1940572
2021-06-24 09:53:08,368.35,1940572
2021-06-24 09:53:09,368.35,1941372
2021-06-24 09:53:10,368.35,1941472
2021-06-24 09:53:11,368.45,1941587
2021-06-24 09:53:12,368.45,1941589
2021-06-24 09:53:14,368.45,1943194
2021-06-24 09:53:15,368.45,1943194
2021-06-24 09:53:17,368.35,1943203
2021-06-24 09:53:17,368.3,1943308
2021-06-24 09:53:18,368.3,1943388
2021-06-24 09:53:19,368.15,1943408
2021-06-24 09:53:20,368.4,1946558
2021-06-24 09:53:21,368.35,1948708
2021-06-24 09:53:22,368.15,1948787
2021-06-24 09:53:23,368.1,1948792
2021-06-24 09:53:24,368.1,1948792
2021-06-24 09:53:25,368.05,1949308
2021-06-24 09:53:26,368.15,1949318
2021-06-24 09:53:27,368.1,1949321
2021-06-24 09:53:29,368.2,1953621
2021-06-24 09:53:29,368.2,1953621
2021-06-24 09:53:30,368.25,1955771
2021-06-24 09:53:31,368.3,1955781
2021-06-24 09:53:32,368.15,1955961
2021-06-24 09:53:33,368.15,1955961
2021-06-24 09:53:34,368.15,1955961
2021-06-24 09:53:35,368.15,1955961
2021-06-24 09:53:36,368.35,1955962
2021-06-24 09:53:37,368.35,1955962
2021-06-24 09:53:38,368.15,1955967
2021-06-24 09:53:39,368.3,1956036
2021-06-24 09:53:40,368.3,1956036
2021-06-24 09:53:41,368.3,1956036
2021-06-24 09:53:42,368.15,1956171
2021-06-24 09:53:43,368.3,1956172
2021-06-24 09:53:44,368.3,1956172
2021-06-24 09:53:46,368.35,1956187
2021-06-24 09:53:46,368.35,1956188
2021-06-24 09:53:47,368.3,1956388
2021-06-24 09:53:48,368.4,1958333
2021-06-24 09:53:49,368.1,1958483
2021-06-24 09:53:50,368.1,1958483
2021-06-24 09:53:51,368.1,1958483
2021-06-24 09:53:52,368.1,1958483
2021-06-24 09:53:53,368.25,1958683
2021-06-24 09:53:54,368.25,1958703
2021-06-24 09:53:55,368.25,1958703
2021-06-24 09:53:56,368.15,1958728
2021-06-24 09:53:57,368.15,1958728
2021-06-24 09:53:58,368.15,1958728
2021-06-24 09:53:59,368.15,1958731
2021-06-24 09:54:00,368.15,1958731
2021-06-24 09:54:01,368.3,1959731
2021-06-24 09:54:03,368.3,1959734
2021-06-24 09:54:03,368.3,1959734
2021-06-24 09:54:04,368.2,1959736
2021-06-24 09:54:05,368.2,1959736
2021-06-24 09:54:06,368.2,1960088
2021-06-24 09:54:07,368.3,1960289
2021-06-24 09:54:08,368.3,1960289
2021-06-24 09:54:11,368.3,1961121
2021-06-24 09:54:11,368.3,1961121
2021-06-24 09:54:12,368.3,1961121
2021-06-24 09:54:13,368.2,1961123
2021-06-24 09:54:14,368.3,1961193
2021-06-24 09:54:15,368.2,1961225
2021-06-24 09:54:16,368.2,1961225
2021-06-24 09:54:17,368.2,1961225
2021-06-24 09:54:18,368.2,1967268
2021-06-24 09:54:20,368.25,1967303
2021-06-24 09:54:22,368.25,1967895
2021-06-24 09:54:23,368.3,1968405
2021-06-24 09:54:24,368.3,1968405
2021-06-24 09:54:25,368.4,1970129
2021-06-24 09:54:26,368.4,1970229
2021-06-24 09:54:27,368.3,1970504
2021-06-24 09:54:28,368.3,1970504
2021-06-24 09:54:29,368.3,1970554
2021-06-24 09:54:30,368.3,1970604
2021-06-24 09:54:31,368.3,1970604
2021-06-24 09:54:32,368.3,1970604
2021-06-24 09:54:33,368.4,1970654
2021-06-24 09:54:34,368.4,1970654
2021-06-24 09:54:35,368.4,1970703
2021-06-24 09:54:36,368.35,1970706
2021-06-24 09:54:37,368.35,1970706
2021-06-24 09:54:39,368.3,1971706
2021-06-24 09:54:38,368.35,1970706
2021-06-24 09:54:40,368.3,1971706
2021-06-24 09:54:41,368.3,1971706
2021-06-24 09:54:42,368.3,1971706
2021-06-24 09:54:43,368.3,1971707
2021-06-24 09:54:44,368.35,1971717
2021-06-24 09:54:45,368.35,1971717
2021-06-24 09:54:46,368.3,1971736
2021-06-24 09:54:47,368.3,1971737
2021-06-24 09:54:48,368.3,1971737
2021-06-24 09:54:50,368.3,1971737
2021-06-24 09:54:52,368.3,1971737
2021-06-24 09:54:52,368.3,1971737
2021-06-24 09:54:53,368.3,1971807
2021-06-24 09:54:54,368.3,1971817
2021-06-24 09:54:56,368.3,1971817
2021-06-24 09:54:56,368.3,1971817
2021-06-24 09:54:57,368.35,1973781
2021-06-24 09:54:58,368.4,1973981
2021-06-24 09:55:00,368.4,1973981
2021-06-24 09:55:00,368.4,1980573
2021-06-24 09:55:01,368.4,1982839
2021-06-24 09:55:02,368.4,1982839
2021-06-24 09:55:03,368.4,1982839
2021-06-24 09:55:04,368.45,1985232
2021-06-24 09:55:05,368.5,1985483
2021-06-24 09:55:06,368.5,1985484
2021-06-24 09:55:07,368.5,1985484
2021-06-24 09:55:08,368.5,1985486
2021-06-24 09:55:10,368.5,1985486
2021-06-24 09:55:10,368.35,1985517
2021-06-24 09:55:11,368.5,1985917
2021-06-24 09:55:13,368.5,1985917
2021-06-24 09:55:13,368.5,1985917
2021-06-24 09:55:14,368.35,1986189
2021-06-24 09:55:15,368.5,1986704
2021-06-24 09:55:16,368.5,1986704
2021-06-24 09:55:17,368.3,1988105
2021-06-24 09:55:18,368.4,1988505
2021-06-24 09:55:20,368.45,1988530
2021-06-24 09:55:21,368.3,1988531
2021-06-24 09:55:21,368.3,1988531
2021-06-24 09:55:22,368.35,1989344
2021-06-24 09:55:23,368.45,1989345
2021-06-24 09:55:24,368.45,1989345
2021-06-24 09:55:25,368.45,1989345
2021-06-24 09:55:27,368.3,1990121
2021-06-24 09:55:28,368.3,1990428
2021-06-24 09:55:30,368.3,1990428
2021-06-24 09:55:30,368.3,1990428
2021-06-24 09:55:31,368.3,1990428
2021-06-24 09:55:32,368.3,1990428
2021-06-24 09:55:33,368.3,1990428
2021-06-24 09:55:34,368.15,1991974
2021-06-24 09:55:35,368.05,1992076
2021-06-24 09:55:37,368.05,1992076
2021-06-24 09:55:38,368.05,1992076
2021-06-24 09:55:39,368.05,1992076
2021-06-24 09:55:40,368.0,1992094
2021-06-24 09:55:40,368.0,1992739
2021-06-24 09:55:42,367.9,2004146
2021-06-24 09:55:43,367.9,2004146
2021-06-24 09:55:45,367.9,2004146
2021-06-24 09:55:45,367.9,2004146
2021-06-24 09:55:46,367.95,2004147
2021-06-24 09:55:47,367.95,2004164
2021-06-24 09:55:48,367.95,2005414
2021-06-24 09:55:50,368.0,2006414
2021-06-24 09:55:51,367.9,2006415
2021-06-24 09:55:52,367.9,2006415
2021-06-24 09:55:54,367.95,2006426
2021-06-24 09:55:55,367.95,2006426
2021-06-24 09:55:56,367.9,2006437
2021-06-24 09:55:57,367.9,2006437
2021-06-24 09:55:58,367.9,2006437
2021-06-24 09:56:00,368.0,2007052
2021-06-24 09:56:01,368.0,2007052
2021-06-24 09:56:02,368.0,2007052
2021-06-24 09:56:03,368.0,2007052
2021-06-24 09:56:04,368.0,2007052
2021-06-24 09:56:05,368.0,2007341
2021-06-24 09:56:06,368.0,2007341
2021-06-24 09:56:07,368.0,2007341
2021-06-24 09:56:08,368.3,2018962
2021-06-24 09:56:09,368.05,2024487
2021-06-24 09:56:10,368.25,2024539
2021-06-24 09:56:11,368.25,2024539
2021-06-24 09:56:12,368.25,2024539
2021-06-24 09:56:14,368.25,2024589
2021-06-24 09:56:15,368.25,2024604
2021-06-24 09:56:16,368.25,2024604
2021-06-24 09:56:17,368.35,2025231
2021-06-24 09:56:18,368.35,2025281
2021-06-24 09:56:19,368.2,2025282
2021-06-24 09:56:20,368.2,2025282
2021-06-24 09:56:21,368.2,2025282
2021-06-24 09:56:22,368.25,2025332
2021-06-24 09:56:24,368.25,2025382
2021-06-24 09:56:26,368.25,2025382
2021-06-24 09:56:27,368.25,2025382
2021-06-24 09:56:28,368.25,2026572
2021-06-24 09:56:29,368.25,2026624
2021-06-24 09:56:29,368.25,2026624
2021-06-24 09:56:30,368.35,2026782
2021-06-24 09:56:31,368.35,2026782
2021-06-24 09:56:32,368.35,2026782
2021-06-24 09:56:33,368.25,2027292
2021-06-24 09:56:34,368.25,2027292
2021-06-24 09:56:35,368.4,2027592
2021-06-24 09:56:38,368.2,2027892
2021-06-24 09:56:39,368.2,2027892
2021-06-24 09:56:40,368.1,2027942
2021-06-24 09:56:41,368.1,2027942
2021-06-24 09:56:42,368.25,2027943
2021-06-24 09:56:43,368.25,2027943
2021-06-24 09:56:44,368.25,2027949
2021-06-24 09:56:45,368.25,2027949
2021-06-24 09:56:46,368.25,2027949
2021-06-24 09:56:47,368.15,2028484
2021-06-24 09:56:47,368.15,2028484
2021-06-24 09:56:49,368.15,2028484
2021-06-24 09:56:49,368.15,2028484
2021-06-24 09:56:50,368.15,2028484
2021-06-24 09:56:52,368.15,2028484
2021-06-24 09:56:53,368.15,2028484
2021-06-24 09:56:54,368.15,2028484
2021-06-24 09:56:55,368.15,2028484
2021-06-24 09:56:56,368.15,2028484
2021-06-24 09:56:57,368.15,2028484
2021-06-24 09:56:58,368.15,2028484
2021-06-24 09:57:00,368.15,2028484
2021-06-24 09:57:00,368.15,2028484
2021-06-24 09:57:02,368.15,2028484
2021-06-24 09:57:03,368.15,2028510
2021-06-24 09:57:04,368.15,2028510
2021-06-24 09:57:04,368.15,2028510
2021-06-24 09:57:06,368.15,2028510
2021-06-24 09:57:07,368.15,2028510
2021-06-24 09:57:08,368.15,2028510
2021-06-24 09:57:09,368.15,2028510
2021-06-24 09:57:09,368.15,2028637
2021-06-24 09:57:11,368.1,2029801
2021-06-24 09:57:11,368.2,2029816
2021-06-24 09:57:12,368.2,2029816
2021-06-24 09:57:13,368.2,2029816
2021-06-24 09:57:14,368.2,2029820
2021-06-24 09:57:15,368.2,2029820
2021-06-24 09:57:16,368.2,2029820
2021-06-24 09:57:18,368.2,2031970
2021-06-24 09:57:19,368.2,2031970
2021-06-24 09:57:20,368.25,2032272
2021-06-24 09:57:20,368.25,2032272
2021-06-24 09:57:21,368.3,2033274
2021-06-24 09:57:22,368.3,2034574
2021-06-24 09:57:23,368.3,2034574
2021-06-24 09:57:24,368.0,2035062
2021-06-24 09:57:25,368.1,2035072
2021-06-24 09:57:26,368.1,2035087
2021-06-24 09:57:28,368.1,2035088
2021-06-24 09:57:29,368.1,2035216
2021-06-24 09:57:30,368.25,2035218
2021-06-24 09:57:31,368.25,2035218
2021-06-24 09:57:33,368.25,2035229
2021-06-24 09:57:34,368.3,2037251
2021-06-24 09:57:35,368.15,2037451
2021-06-24 09:57:36,368.15,2037460
2021-06-24 09:57:37,368.0,2037843
2021-06-24 09:57:38,368.15,2037880
2021-06-24 09:57:39,368.15,2037950
2021-06-24 09:57:39,368.15,2037950
2021-06-24 09:57:41,368.05,2038159
2021-06-24 09:57:42,368.05,2038159
2021-06-24 09:57:43,368.05,2038159
2021-06-24 09:57:44,368.05,2038159
2021-06-24 09:57:45,368.05,2038159
2021-06-24 09:57:46,368.05,2038159
2021-06-24 09:57:47,368.05,2038159
2021-06-24 09:57:48,368.1,2038210
2021-06-24 09:57:48,368.05,2038214
2021-06-24 09:57:49,368.05,2038214
2021-06-24 09:57:50,368.05,2038214
2021-06-24 09:57:51,368.05,2038214
2021-06-24 09:57:52,368.05,2038214
2021-06-24 09:57:53,368.1,2038224
2021-06-24 09:57:54,368.1,2038224
2021-06-24 09:57:56,368.1,2038224
2021-06-24 09:57:57,368.1,2038224
2021-06-24 09:57:58,368.1,2038224
2021-06-24 09:58:00,368.1,2039862
2021-06-24 09:58:02,368.05,2039876
2021-06-24 09:58:02,368.05,2039876
2021-06-24 09:58:03,368.05,2039876
2021-06-24 09:58:04,368.05,2039876
2021-06-24 09:58:06,368.15,2040312
2021-06-24 09:58:07,368.25,2040317
2021-06-24 09:58:08,368.2,2040652
2021-06-24 09:58:09,368.2,2040652
2021-06-24 09:58:10,368.2,2040652
2021-06-24 09:58:11,368.15,2041052
2021-06-24 09:58:12,368.15,2041052
2021-06-24 09:58:13,368.15,2041052
2021-06-24 09:58:14,368.15,2041052
2021-06-24 09:58:15,368.15,2041052
2021-06-24 09:58:16,368.15,2041052
2021-06-24 09:58:17,368.15,2041052
2021-06-24 09:58:18,368.15,2041152
2021-06-24 09:58:19,368.15,2041152
2021-06-24 09:58:20,368.1,2041158
2021-06-24 09:58:24,368.1,2043964
2021-06-24 09:58:26,368.05,2044064
2021-06-24 09:58:27,367.7,2046140
2021-06-24 09:58:28,367.9,2046234
2021-06-24 09:58:29,367.9,2046236
2021-06-24 09:58:30,367.9,2046266
2021-06-24 09:58:32,367.95,2047266
2021-06-24 09:58:33,367.95,2047266
2021-06-24 09:58:34,367.95,2047266
2021-06-24 09:58:35,367.95,2047266
2021-06-24 09:58:36,367.95,2047266
2021-06-24 09:58:37,367.95,2047317
2021-06-24 09:58:38,367.95,2047338
2021-06-24 09:58:39,367.95,2047413
2021-06-24 09:58:40,367.95,2047413
2021-06-24 09:58:41,367.95,2047413
2021-06-24 09:58:42,367.95,2047464
2021-06-24 09:58:43,368.0,2056676
2021-06-24 09:58:44,368.0,2056676
2021-06-24 09:58:45,367.95,2056726
2021-06-24 09:58:46,367.95,2056746
2021-06-24 09:58:47,367.95,2056746
2021-06-24 09:58:48,367.95,2056746
2021-06-24 09:58:49,367.95,2057216
2021-06-24 09:58:50,367.8,2057666
2021-06-24 09:58:51,367.8,2057666
2021-06-24 09:58:53,367.8,2057666
2021-06-24 09:58:54,367.8,2057666
2021-06-24 09:58:54,367.8,2057666
2021-06-24 09:58:55,367.8,2057666
2021-06-24 09:58:56,367.8,2057666
2021-06-24 09:58:58,367.8,2057666
2021-06-24 09:58:59,367.95,2057866
2021-06-24 09:59:00,367.8,2057886
2021-06-24 09:59:01,368.0,2057896
2021-06-24 09:59:02,368.0,2057896
2021-06-24 09:59:02,368.0,2057896
2021-06-24 09:59:03,368.0,2057906
2021-06-24 09:59:04,367.8,2058046
2021-06-24 09:59:05,367.8,2058046
2021-06-24 09:59:07,367.8,2058046
2021-06-24 09:59:09,367.95,2058497
2021-06-24 09:59:10,367.95,2058497
2021-06-24 09:59:11,367.95,2058568
2021-06-24 09:59:12,367.95,2058568
2021-06-24 09:59:13,367.95,2058568
2021-06-24 09:59:13,367.95,2058568
2021-06-24 09:59:15,367.95,2058568
2021-06-24 09:59:16,367.9,2063568
2021-06-24 09:59:17,367.9,2063568
2021-06-24 09:59:18,367.9,2063568
2021-06-24 09:59:19,367.9,2063568
2021-06-24 09:59:20,367.9,2063568
2021-06-24 09:59:21,367.95,2073583
2021-06-24 09:59:22,367.95,2073583
2021-06-24 09:59:23,367.85,2074233
2021-06-24 09:59:23,367.85,2074233
2021-06-24 09:59:24,367.85,2074233
2021-06-24 09:59:26,367.85,2074233
2021-06-24 09:59:27,367.95,2074483
2021-06-24 09:59:28,368.0,2075583
2021-06-24 09:59:28,367.8,2075633
2021-06-24 09:59:29,367.7,2075683
2021-06-24 09:59:30,367.7,2075783
2021-06-24 09:59:31,367.7,2075783
2021-06-24 09:59:32,367.65,2075833
2021-06-24 09:59:33,367.65,2075833
2021-06-24 09:59:34,367.65,2075833
2021-06-24 09:59:35,367.65,2075833
2021-06-24 09:59:36,367.65,2075833
2021-06-24 09:59:38,367.7,2075884
2021-06-24 09:59:39,367.7,2075884
2021-06-24 09:59:40,367.6,2076033
2021-06-24 09:59:41,367.7,2076044
2021-06-24 09:59:42,367.7,2076044
2021-06-24 09:59:43,367.7,2076044
2021-06-24 09:59:44,367.8,2076096
2021-06-24 09:59:45,367.8,2076096
2021-06-24 09:59:46,367.8,2076198
2021-06-24 09:59:47,367.8,2076203
2021-06-24 09:59:47,367.8,2076203
2021-06-24 09:59:48,367.8,2076254
2021-06-24 09:59:50,367.8,2076254
2021-06-24 09:59:51,367.8,2076254
2021-06-24 09:59:51,367.8,2076254
2021-06-24 09:59:52,367.8,2076254
2021-06-24 09:59:53,367.8,2076254
2021-06-24 09:59:55,367.8,2076454
2021-06-24 09:59:56,367.8,2076454
2021-06-24 09:59:57,367.8,2076454
2021-06-24 09:59:58,367.8,2076454
2021-06-24 09:59:58,367.8,2076454
2021-06-24 09:59:59,367.8,2076824
2021-06-24 10:00:00,367.8,2076824
2021-06-24 10:00:01,367.7,2077349
2021-06-24 10:00:03,367.7,2077349
2021-06-24 10:00:05,367.6,2079349
2021-06-24 10:00:06,367.8,2079552
2021-06-24 10:00:07,367.8,2079552
2021-06-24 10:00:08,367.8,2079552
2021-06-24 10:00:08,367.8,2079552
2021-06-24 10:00:10,367.8,2079583
2021-06-24 10:00:11,367.8,2079583
2021-06-24 10:00:12,367.8,2079583
2021-06-24 10:00:13,367.7,2079613
2021-06-24 10:00:14,367.7,2079613
2021-06-24 10:00:15,367.7,2079613
2021-06-24 10:00:16,367.75,2079614
2021-06-24 10:00:17,367.75,2079614
2021-06-24 10:00:18,367.7,2079884
2021-06-24 10:00:19,367.7,2079884
2021-06-24 10:00:20,367.7,2079884
2021-06-24 10:00:20,367.7,2079884
2021-06-24 10:00:23,367.75,2080086
2021-06-24 10:00:24,367.75,2080086
2021-06-24 10:00:25,367.75,2080096
2021-06-24 10:00:26,367.75,2080209
2021-06-24 10:00:27,367.75,2080972
2021-06-24 10:00:27,367.75,2080972
2021-06-24 10:00:29,367.75,2081135
2021-06-24 10:00:30,367.75,2081286
2021-06-24 10:00:31,367.75,2081286
2021-06-24 10:00:32,367.75,2081286
2021-06-24 10:00:33,367.75,2081286
2021-06-24 10:00:37,367.65,2081314
2021-06-24 10:00:38,367.65,2081344
2021-06-24 10:00:39,367.6,2081544
2021-06-24 10:00:41,367.75,2081545
2021-06-24 10:00:42,367.75,2081545
2021-06-24 10:00:43,367.6,2081550
2021-06-24 10:00:44,367.6,2081550
2021-06-24 10:00:45,367.75,2081551
2021-06-24 10:00:46,367.75,2081552
2021-06-24 10:00:47,367.8,2081772
2021-06-24 10:00:48,367.8,2081772
2021-06-24 10:00:49,367.8,2081772
2021-06-24 10:00:50,367.8,2081774
2021-06-24 10:00:51,367.8,2081774
2021-06-24 10:00:52,367.8,2081851
2021-06-24 10:00:53,367.8,2081851
2021-06-24 10:00:54,367.8,2081851
2021-06-24 10:00:55,367.8,2081851
2021-06-24 10:00:56,367.8,2081851
2021-06-24 10:00:57,367.8,2082051
2021-06-24 10:00:58,367.8,2082051
2021-06-24 10:00:59,367.8,2082051
2021-06-24 10:01:00,367.8,2082356
2021-06-24 10:01:01,367.8,2082356
2021-06-24 10:01:02,367.8,2082756
2021-06-24 10:01:03,367.8,2082756
2021-06-24 10:01:04,367.65,2082856
2021-06-24 10:01:05,367.8,2082857
2021-06-24 10:01:06,367.85,2084405
2021-06-24 10:01:07,367.85,2084405
2021-06-24 10:01:08,367.75,2084408
2021-06-24 10:01:09,367.75,2084408
2021-06-24 10:01:11,367.85,2084498
2021-06-24 10:01:13,367.75,2084548
2021-06-24 10:01:14,367.75,2084548
2021-06-24 10:01:15,367.75,2084573
2021-06-24 10:01:16,367.75,2084573
2021-06-24 10:01:17,367.85,2084673
2021-06-24 10:01:18,367.85,2084674
2021-06-24 10:01:19,367.85,2085132
2021-06-24 10:01:20,367.85,2085132
2021-06-24 10:01:21,367.85,2085132
2021-06-24 10:01:22,367.85,2085132
2021-06-24 10:01:23,367.85,2085145
2021-06-24 10:01:24,367.85,2085145
2021-06-24 10:01:25,367.85,2085645
2021-06-24 10:01:25,367.85,2085645
2021-06-24 10:01:26,367.85,2085645
2021-06-24 10:01:28,367.85,2085645
2021-06-24 10:01:29,367.8,2087877
2021-06-24 10:01:30,367.65,2087882
2021-06-24 10:01:31,367.65,2087957
2021-06-24 10:01:32,367.65,2087957
2021-06-24 10:01:34,367.6,2088257
2021-06-24 10:01:35,367.6,2088267
2021-06-24 10:01:36,367.8,2088269
2021-06-24 10:01:37,367.8,2088279
2021-06-24 10:01:38,367.8,2088279
2021-06-24 10:01:38,367.8,2088279
2021-06-24 10:01:40,367.8,2088279
2021-06-24 10:01:41,367.8,2088279
2021-06-24 10:01:42,367.8,2088279
2021-06-24 10:01:43,367.8,2088279
2021-06-24 10:01:43,367.8,2088279
2021-06-24 10:01:44,367.65,2088280
2021-06-24 10:01:46,367.65,2088280
2021-06-24 10:01:47,367.65,2088280
2021-06-24 10:01:48,367.65,2088280
2021-06-24 10:01:49,367.65,2088280
2021-06-24 10:01:50,367.65,2088680
2021-06-24 10:01:51,367.65,2088680
2021-06-24 10:01:52,367.55,2091817
2021-06-24 10:01:53,367.6,2091842
2021-06-24 10:01:54,367.6,2091902
2021-06-24 10:01:55,367.6,2091902
2021-06-24 10:01:56,367.6,2091902
2021-06-24 10:01:57,367.6,2092002
2021-06-24 10:01:58,367.6,2092002
2021-06-24 10:01:59,367.6,2092002
2021-06-24 10:02:00,367.65,2092003
2021-06-24 10:02:01,367.65,2092003
2021-06-24 10:02:02,367.65,2092453
2021-06-24 10:02:03,367.65,2092453
2021-06-24 10:02:04,367.65,2092453
2021-06-24 10:02:05,367.6,2092463
2021-06-24 10:02:06,367.6,2092463
2021-06-24 10:02:07,367.6,2092463
2021-06-24 10:02:08,367.6,2097154
2021-06-24 10:02:09,367.6,2097154
2021-06-24 10:02:10,367.6,2097179
2021-06-24 10:02:11,367.45,2102868
2021-06-24 10:02:13,367.4,2102869
2021-06-24 10:02:14,367.4,2103395
2021-06-24 10:02:15,367.4,2103420
2021-06-24 10:02:16,367.45,2103610
2021-06-24 10:02:17,367.4,2103774
2021-06-24 10:02:18,367.35,2103775
2021-06-24 10:02:19,367.4,2103780
2021-06-24 10:02:20,367.4,2103781
2021-06-24 10:02:21,367.35,2104944
2021-06-24 10:02:22,367.35,2104995
2021-06-24 10:02:23,367.4,2105505
2021-06-24 10:02:24,367.4,2105505
2021-06-24 10:02:26,367.3,2105669
2021-06-24 10:02:27,367.35,2105919
2021-06-24 10:02:28,367.3,2107120
2021-06-24 10:02:29,367.3,2107120
2021-06-24 10:02:30,367.35,2107145
2021-06-24 10:02:31,367.3,2107215
2021-06-24 10:02:32,367.35,2107240
2021-06-24 10:02:33,367.35,2107269
2021-06-24 10:02:34,367.35,2107309
2021-06-24 10:02:35,367.35,2110818
2021-06-24 10:02:36,367.4,2110823
2021-06-24 10:02:37,367.35,2110873
2021-06-24 10:02:38,367.3,2112254
2021-06-24 10:02:39,367.3,2114004
2021-06-24 10:02:40,367.2,2115159
2021-06-24 10:02:41,367.2,2115159
2021-06-24 10:02:43,367.2,2115410
2021-06-24 10:02:44,367.1,2115914
2021-06-24 10:02:46,367.1,2116414
2021-06-24 10:02:47,367.1,2116414
2021-06-24 10:02:48,367.2,2116614
2021-06-24 10:02:49,367.25,2116699
2021-06-24 10:02:50,367.25,2116714
2021-06-24 10:02:51,367.1,2117219
2021-06-24 10:02:52,367.1,2117589
2021-06-24 10:02:53,367.3,2122740
2021-06-24 10:02:54,367.3,2122744
2021-06-24 10:02:55,367.3,2122744
2021-06-24 10:02:56,367.2,2122789
2021-06-24 10:02:57,367.2,2122789
2021-06-24 10:02:58,367.1,2122884
2021-06-24 10:02:59,367.1,2122884
2021-06-24 10:03:00,367.3,2123134
2021-06-24 10:03:01,367.05,2124125
2021-06-24 10:03:02,367.05,2124225
2021-06-24 10:03:03,367.2,2126260
2021-06-24 10:03:04,367.05,2126859
2021-06-24 10:03:05,367.05,2128183
2021-06-24 10:03:06,367.0,2146680
2021-06-24 10:03:07,367.0,2146680
2021-06-24 10:03:08,367.0,2146720
2021-06-24 10:03:09,366.9,2148149
2021-06-24 10:03:10,366.9,2148230
2021-06-24 10:03:11,367.0,2148240
2021-06-24 10:03:12,366.9,2148544
2021-06-24 10:03:13,366.9,2148544
2021-06-24 10:03:14,366.9,2148544
2021-06-24 10:03:15,366.9,2148544
2021-06-24 10:03:16,366.85,2149074
2021-06-24 10:03:17,366.8,2153894
2021-06-24 10:03:20,367.0,2153995
2021-06-24 10:03:21,366.85,2154030
2021-06-24 10:03:22,366.8,2154280
2021-06-24 10:03:23,366.8,2154280
2021-06-24 10:03:24,367.0,2154281
2021-06-24 10:03:25,366.8,2154301
2021-06-24 10:03:26,366.8,2154401
2021-06-24 10:03:27,367.0,2154432
2021-06-24 10:03:28,366.85,2154932
2021-06-24 10:03:29,366.85,2155359
2021-06-24 10:03:30,366.85,2155369
2021-06-24 10:03:31,367.0,2155809
2021-06-24 10:03:32,367.0,2155863
2021-06-24 10:03:33,366.85,2156446
2021-06-24 10:03:34,366.85,2156446
2021-06-24 10:03:35,366.85,2156476
2021-06-24 10:03:36,366.95,2156501
2021-06-24 10:03:37,366.85,2156551
2021-06-24 10:03:38,366.95,2156766
2021-06-24 10:03:40,366.95,2156977
2021-06-24 10:03:41,366.85,2157077
2021-06-24 10:03:42,367.0,2160577
2021-06-24 10:03:43,367.0,2160577
2021-06-24 10:03:44,367.0,2160677
2021-06-24 10:03:45,367.0,2160677
2021-06-24 10:03:46,367.0,2160677
2021-06-24 10:03:47,366.9,2160687
2021-06-24 10:03:48,366.95,2160784
2021-06-24 10:03:49,366.95,2160784
2021-06-24 10:03:50,366.95,2160784
2021-06-24 10:03:51,367.0,2160794
2021-06-24 10:03:52,367.0,2160794
2021-06-24 10:03:53,367.0,2160994
2021-06-24 10:03:54,367.0,2160994
2021-06-24 10:03:55,367.0,2171323
2021-06-24 10:03:56,366.95,2171337
2021-06-24 10:03:57,367.0,2171437
2021-06-24 10:03:58,367.0,2171437
2021-06-24 10:03:59,367.0,2171537
2021-06-24 10:04:00,367.0,2171613
2021-06-24 10:04:01,367.0,2171653
2021-06-24 10:04:02,367.0,2171683
2021-06-24 10:04:03,367.0,2173596
2021-06-24 10:04:04,366.95,2174053
2021-06-24 10:04:05,367.05,2204345
2021-06-24 10:04:06,367.05,2204345
2021-06-24 10:04:08,367.0,2215495
2021-06-24 10:04:08,367.0,2215495
2021-06-24 10:04:09,366.95,2215675
2021-06-24 10:04:10,366.95,2215675
2021-06-24 10:04:11,367.05,2215702
2021-06-24 10:04:12,367.05,2215702
2021-06-24 10:04:13,367.05,2215702
2021-06-24 10:04:14,366.9,2219326
2021-06-24 10:04:15,366.9,2219879
2021-06-24 10:04:16,367.0,2219959
2021-06-24 10:04:18,367.0,2219969
2021-06-24 10:04:18,367.0,2219969
2021-06-24 10:04:19,367.0,2220069
2021-06-24 10:04:20,366.95,2220094
2021-06-24 10:04:21,366.95,2220094
2021-06-24 10:04:22,367.0,2220206
2021-06-24 10:04:23,367.0,2220216
2021-06-24 10:04:25,367.0,2220312
2021-06-24 10:04:26,366.95,2220774
2021-06-24 10:04:27,366.95,2220774
2021-06-24 10:04:28,367.05,2221946
2021-06-24 10:04:30,366.9,2222016
2021-06-24 10:04:31,366.9,2222016
2021-06-24 10:04:32,367.05,2224501
2021-06-24 10:04:33,367.05,2224501
2021-06-24 10:04:34,367.1,2224531
2021-06-24 10:04:35,367.05,2224592
2021-06-24 10:04:36,367.05,2224692
2021-06-24 10:04:37,367.05,2224742
2021-06-24 10:04:38,367.05,2224742
2021-06-24 10:04:39,367.05,2224742
2021-06-24 10:04:40,367.05,2224742
2021-06-24 10:04:41,367.05,2224747
2021-06-24 10:04:42,367.05,2224747
2021-06-24 10:04:43,367.0,2224749
2021-06-24 10:04:44,367.0,2224749
2021-06-24 10:04:45,367.05,2225049
2021-06-24 10:04:46,367.15,2225440
2021-06-24 10:04:47,367.0,2225442
2021-06-24 10:04:48,367.05,2225458
2021-06-24 10:04:50,367.05,2225458
2021-06-24 10:04:50,367.05,2225458
2021-06-24 10:04:51,367.0,2225459
2021-06-24 10:04:52,367.0,2225462
2021-06-24 10:04:53,367.0,2225468
2021-06-24 10:04:54,366.95,2225528
2021-06-24 10:04:55,367.0,2225529
2021-06-24 10:04:57,366.95,2225913
2021-06-24 10:04:57,366.95,2225913
2021-06-24 10:04:58,367.05,2228198
2021-06-24 10:04:59,367.05,2228228
2021-06-24 10:05:00,367.05,2228228
2021-06-24 10:05:01,367.05,2228228
2021-06-24 10:05:02,367.05,2228228
2021-06-24 10:05:03,367.05,2228228
2021-06-24 10:05:05,367.0,2228678
2021-06-24 10:05:06,367.0,2229178
2021-06-24 10:05:07,367.0,2229178
2021-06-24 10:05:08,367.05,2229378
2021-06-24 10:05:10,367.0,2229728
2021-06-24 10:05:10,367.0,2230728
2021-06-24 10:05:11,367.0,2230728
2021-06-24 10:05:12,367.0,2230728
2021-06-24 10:05:13,366.9,2231428
2021-06-24 10:05:14,367.0,2231556
2021-06-24 10:05:15,367.0,2231556
2021-06-24 10:05:16,366.9,2231628
2021-06-24 10:05:17,366.9,2231828
2021-06-24 10:05:18,366.9,2231828
2021-06-24 10:05:20,366.9,2231881
2021-06-24 10:05:20,367.0,2232031
2021-06-24 10:05:21,367.0,2232031
2021-06-24 10:05:22,367.0,2232031
2021-06-24 10:05:23,367.0,2232031
2021-06-24 10:05:24,367.0,2232031
2021-06-24 10:05:25,367.0,2232031
2021-06-24 10:05:26,366.9,2232398
2021-06-24 10:05:27,366.9,2232398
2021-06-24 10:05:28,367.0,2232400
2021-06-24 10:05:29,367.0,2232402
2021-06-24 10:05:31,366.9,2232447
2021-06-24 10:05:30,366.9,2232447
2021-06-24 10:05:32,367.0,2232457
2021-06-24 10:05:33,367.0,2232457
2021-06-24 10:05:34,366.9,2232557
2021-06-24 10:05:35,366.9,2232557
2021-06-24 10:05:36,367.0,2232560
2021-06-24 10:05:37,367.0,2232560
2021-06-24 10:05:38,367.0,2232560
2021-06-24 10:05:39,367.0,2232560
2021-06-24 10:05:40,367.0,2232560
2021-06-24 10:05:42,367.0,2235261
2021-06-24 10:05:43,367.0,2235261
2021-06-24 10:05:44,367.0,2235261
2021-06-24 10:05:45,367.0,2235261
2021-06-24 10:05:46,367.0,2235261
2021-06-24 10:05:47,367.0,2235261
2021-06-24 10:05:48,366.85,2235561
2021-06-24 10:05:49,367.0,2235731
2021-06-24 10:05:50,367.0,2235731
2021-06-24 10:05:51,367.0,2236005
2021-06-24 10:05:52,367.0,2236505
2021-06-24 10:05:53,367.0,2236705
2021-06-24 10:05:54,367.0,2236706
2021-06-24 10:05:56,367.0,2236756
2021-06-24 10:05:56,367.0,2236756
2021-06-24 10:05:57,367.0,2241556
2021-06-24 10:05:58,367.0,2241556
2021-06-24 10:06:00,367.0,2241866
2021-06-24 10:06:01,367.0,2245176
2021-06-24 10:06:02,367.0,2245176
2021-06-24 10:06:03,367.0,2245176
2021-06-24 10:06:04,367.0,2245176
2021-06-24 10:06:05,367.0,2245281
2021-06-24 10:06:06,367.0,2245281
2021-06-24 10:06:07,367.0,2245381
2021-06-24 10:06:08,367.0,2245381
2021-06-24 10:06:09,367.0,2245381
2021-06-24 10:06:10,367.1,2245441
2021-06-24 10:06:12,367.15,2253709
2021-06-24 10:06:14,367.25,2254101
2021-06-24 10:06:13,367.25,2254101
2021-06-24 10:06:15,367.25,2254101
2021-06-24 10:06:16,367.3,2254834
2021-06-24 10:06:17,367.35,2257806
2021-06-24 10:06:18,367.35,2257806
2021-06-24 10:06:19,367.35,2257906
2021-06-24 10:06:20,367.5,2257946
2021-06-24 10:06:21,367.3,2258644
2021-06-24 10:06:22,367.45,2258645
2021-06-24 10:06:23,367.45,2258645
2021-06-24 10:06:24,367.25,2260838
2021-06-24 10:06:25,367.25,2260838
2021-06-24 10:06:26,367.25,2260838
2021-06-24 10:06:27,367.25,2260838
2021-06-24 10:06:29,367.25,2260838
2021-06-24 10:06:31,367.3,2262639
2021-06-24 10:06:32,367.45,2262699
2021-06-24 10:06:32,367.45,2262699
2021-06-24 10:06:33,367.45,2262699
2021-06-24 10:06:34,367.45,2262699
2021-06-24 10:06:35,367.45,2262699
2021-06-24 10:06:36,367.3,2262709
2021-06-24 10:06:37,367.3,2262769
2021-06-24 10:06:38,367.4,2262875
2021-06-24 10:06:39,367.25,2262910
2021-06-24 10:06:40,367.25,2262913
2021-06-24 10:06:41,367.0,2263278
2021-06-24 10:06:42,367.0,2263278
2021-06-24 10:06:43,367.0,2263278
2021-06-24 10:06:44,367.0,2263278
2021-06-24 10:06:46,367.25,2263663
2021-06-24 10:06:47,367.35,2263673
2021-06-24 10:06:48,367.35,2263673
2021-06-24 10:06:49,367.2,2263684
2021-06-24 10:06:50,367.2,2263684
2021-06-24 10:06:51,367.2,2263684
2021-06-24 10:06:51,367.2,2263684
2021-06-24 10:06:52,367.2,2263684
2021-06-24 10:06:54,367.2,2263953
2021-06-24 10:06:55,367.2,2263953
2021-06-24 10:06:56,367.1,2264143
2021-06-24 10:06:56,367.2,2263953
2021-06-24 10:06:57,367.2,2264294
2021-06-24 10:06:59,367.25,2264299
2021-06-24 10:06:59,367.25,2264299
2021-06-24 10:07:00,367.25,2264299
2021-06-24 10:07:01,367.25,2264299
2021-06-24 10:07:02,367.25,2264319
2021-06-24 10:07:03,367.25,2264319
2021-06-24 10:07:04,367.25,2264319
2021-06-24 10:07:06,367.2,2264591
2021-06-24 10:07:07,367.2,2264591
2021-06-24 10:07:07,367.2,2264591
2021-06-24 10:07:08,367.25,2264596
2021-06-24 10:07:10,367.25,2264596
2021-06-24 10:07:11,367.25,2264596
2021-06-24 10:07:12,367.25,2264596
2021-06-24 10:07:13,367.25,2264606
2021-06-24 10:07:15,367.3,2266606
2021-06-24 10:07:17,367.3,2266606
2021-06-24 10:07:16,367.3,2266606
2021-06-24 10:07:18,367.35,2267273
2021-06-24 10:07:18,367.35,2267273
2021-06-24 10:07:19,367.35,2267273
2021-06-24 10:07:20,367.25,2267278
2021-06-24 10:07:22,367.25,2267578
2021-06-24 10:07:22,367.35,2267598
2021-06-24 10:07:23,367.35,2267598
2021-06-24 10:07:24,367.35,2267598
2021-06-24 10:07:26,367.35,2268154
2021-06-24 10:07:27,367.3,2268257
2021-06-24 10:07:27,367.3,2268257
2021-06-24 10:07:28,367.3,2268257
2021-06-24 10:07:29,367.35,2268277
2021-06-24 10:07:31,367.35,2268298
2021-06-24 10:07:32,367.35,2268298
2021-06-24 10:07:33,367.2,2269149
2021-06-24 10:07:34,367.25,2269150
2021-06-24 10:07:34,367.25,2269150
2021-06-24 10:07:35,367.1,2269152
2021-06-24 10:07:36,367.1,2269152
2021-06-24 10:07:37,367.1,2269152
2021-06-24 10:07:38,367.1,2269152
2021-06-24 10:07:39,367.1,2269152
2021-06-24 10:07:40,367.1,2269152
2021-06-24 10:07:41,367.1,2270350
2021-06-24 10:07:42,367.1,2270350
2021-06-24 10:07:43,367.1,2270350
2021-06-24 10:07:44,367.25,2270352
2021-06-24 10:07:45,367.25,2270352
2021-06-24 10:07:46,367.25,2270352
2021-06-24 10:07:47,367.1,2270402
2021-06-24 10:07:48,367.1,2270402
2021-06-24 10:07:49,367.1,2270402
2021-06-24 10:07:50,367.25,2270502
2021-06-24 10:07:51,367.25,2270502
2021-06-24 10:07:52,367.25,2270502
2021-06-24 10:07:53,367.25,2270502
2021-06-24 10:07:54,367.25,2270502
2021-06-24 10:07:56,367.25,2270502
2021-06-24 10:07:57,367.25,2270502
2021-06-24 10:07:58,367.25,2270502
2021-06-24 10:07:59,367.25,2270502
2021-06-24 10:08:00,367.25,2270502
2021-06-24 10:08:01,367.25,2270502
2021-06-24 10:08:03,367.25,2270502
2021-06-24 10:08:04,367.1,2270611
2021-06-24 10:08:05,367.1,2270611
2021-06-24 10:08:06,367.25,2270616
2021-06-24 10:08:07,367.25,2270616
2021-06-24 10:08:08,367.15,2270618
2021-06-24 10:08:08,367.15,2270618
2021-06-24 10:08:09,367.2,2270718
2021-06-24 10:08:10,367.2,2270718
2021-06-24 10:08:11,367.2,2270723
2021-06-24 10:08:14,367.1,2270923
2021-06-24 10:08:15,367.1,2270923
2021-06-24 10:08:15,367.1,2270923
2021-06-24 10:08:16,367.1,2270973
2021-06-24 10:08:17,367.1,2270973
2021-06-24 10:08:18,367.1,2270973
2021-06-24 10:08:19,367.1,2270973
2021-06-24 10:08:20,367.1,2270973
2021-06-24 10:08:21,367.2,2271123
2021-06-24 10:08:23,367.2,2271123
2021-06-24 10:08:24,367.0,2278927
2021-06-24 10:08:25,367.0,2278927
2021-06-24 10:08:26,367.05,2278945
2021-06-24 10:08:27,367.05,2278945
2021-06-24 10:08:28,367.05,2278947
2021-06-24 10:08:28,367.05,2278947
2021-06-24 10:08:29,367.05,2278952
2021-06-24 10:08:31,367.05,2279022
2021-06-24 10:08:32,367.05,2279113
2021-06-24 10:08:33,367.05,2279130
2021-06-24 10:08:33,367.05,2279130
2021-06-24 10:08:34,367.05,2279130
2021-06-24 10:08:35,367.0,2279145
2021-06-24 10:08:36,367.0,2279145
2021-06-24 10:08:38,367.0,2279145
2021-06-24 10:08:39,367.0,2279145
2021-06-24 10:08:40,367.05,2279195
2021-06-24 10:08:41,367.05,2279197
2021-06-24 10:08:42,367.05,2279197
2021-06-24 10:08:43,367.05,2279197
2021-06-24 10:08:43,367.05,2279197
2021-06-24 10:08:44,366.95,2279297
2021-06-24 10:08:45,367.05,2279327
2021-06-24 10:08:46,367.1,2280412
2021-06-24 10:08:47,367.1,2280412
2021-06-24 10:08:48,367.1,2280412
2021-06-24 10:08:49,367.1,2280412
2021-06-24 10:08:50,367.1,2280422
2021-06-24 10:08:51,366.95,2280472
2021-06-24 10:08:52,366.95,2280472
2021-06-24 10:08:53,366.95,2280472
2021-06-24 10:08:54,366.95,2280472
2021-06-24 10:08:55,366.95,2280472
2021-06-24 10:08:56,366.9,2280582
2021-06-24 10:08:57,366.9,2280582
2021-06-24 10:08:58,366.9,2280582
2021-06-24 10:08:59,366.9,2280687
2021-06-24 10:09:01,366.9,2280792
2021-06-24 10:09:02,366.9,2280819
2021-06-24 10:09:03,366.9,2280819
2021-06-24 10:09:04,366.9,2280819
2021-06-24 10:09:04,366.9,2280819
2021-06-24 10:09:05,367.05,2280821
2021-06-24 10:09:07,367.0,2280823
2021-06-24 10:09:08,367.0,2280824
2021-06-24 10:09:08,366.95,2280858
2021-06-24 10:09:09,366.95,2280858
2021-06-24 10:09:10,366.9,2280861
2021-06-24 10:09:11,366.9,2280861
2021-06-24 10:09:12,367.0,2280936
2021-06-24 10:09:13,367.0,2280986
2021-06-24 10:09:15,366.9,2281006
2021-06-24 10:09:16,367.0,2281506
2021-06-24 10:09:17,367.0,2281506
2021-06-24 10:09:18,367.0,2281558
2021-06-24 10:09:19,367.0,2281583
2021-06-24 10:09:20,367.0,2281583
2021-06-24 10:09:22,367.0,2281763
2021-06-24 10:09:23,366.95,2281838
2021-06-24 10:09:24,366.95,2281838
2021-06-24 10:09:26,366.95,2281838
2021-06-24 10:09:26,366.95,2281838
2021-06-24 10:09:28,366.95,2281838
2021-06-24 10:09:28,366.95,2281838
2021-06-24 10:09:31,366.95,2281838
2021-06-24 10:09:33,366.95,2281838
2021-06-24 10:09:34,366.95,2282126
2021-06-24 10:09:35,366.95,2282160
2021-06-24 10:09:37,366.95,2282160
2021-06-24 10:09:38,367.0,2282361
2021-06-24 10:09:39,366.9,2282706
2021-06-24 10:09:40,366.9,2282706
2021-06-24 10:09:41,366.9,2282706
2021-06-24 10:09:42,366.9,2282706
2021-06-24 10:09:43,366.9,2282706
2021-06-24 10:09:44,366.95,2282711
2021-06-24 10:09:44,366.95,2282711
2021-06-24 10:09:45,366.95,2282714
2021-06-24 10:09:46,367.05,2287749
2021-06-24 10:09:47,367.0,2288767
2021-06-24 10:09:48,367.0,2288767
2021-06-24 10:09:49,367.0,2288767
2021-06-24 10:09:50,367.0,2291374
2021-06-24 10:09:51,367.05,2291437
2021-06-24 10:09:52,367.1,2300661
2021-06-24 10:09:54,367.05,2300779
2021-06-24 10:09:55,367.05,2300779
2021-06-24 10:09:57,367.05,2300779
2021-06-24 10:09:57,367.05,2300779
2021-06-24 10:09:58,367.05,2300779
2021-06-24 10:09:59,367.05,2300779
2021-06-24 10:10:00,367.15,2301959
2021-06-24 10:10:01,367.15,2303139
2021-06-24 10:10:02,367.15,2303139
2021-06-24 10:10:03,367.1,2310249
2021-06-24 10:10:04,367.1,2310249
2021-06-24 10:10:05,367.1,2310249
2021-06-24 10:10:06,367.1,2310529
2021-06-24 10:10:08,367.1,2310529
2021-06-24 10:10:09,367.1,2310529
2021-06-24 10:10:10,367.1,2310529
2021-06-24 10:10:11,367.15,2310541
2021-06-24 10:10:12,367.15,2310541
2021-06-24 10:10:13,367.2,2310831
2021-06-24 10:10:14,367.2,2310831
2021-06-24 10:10:15,367.2,2310831
2021-06-24 10:10:15,367.2,2310831
2021-06-24 10:10:16,367.2,2310831
2021-06-24 10:10:17,367.2,2310834
2021-06-24 10:10:19,367.2,2310835
2021-06-24 10:10:20,367.2,2310835
2021-06-24 10:10:20,367.2,2310838
2021-06-24 10:10:22,367.3,2313370
2021-06-24 10:10:24,367.3,2313470
2021-06-24 10:10:24,367.3,2313470
2021-06-24 10:10:26,367.35,2314324
2021-06-24 10:10:27,367.55,2316474
2021-06-24 10:10:27,367.55,2316474
2021-06-24 10:10:28,367.55,2316474
2021-06-24 10:10:29,367.55,2316474
2021-06-24 10:10:30,367.55,2316474
2021-06-24 10:10:32,367.5,2318599
2021-06-24 10:10:34,367.35,2319249
2021-06-24 10:10:35,367.3,2319250
2021-06-24 10:10:36,367.5,2319251
2021-06-24 10:10:37,367.3,2319254
2021-06-24 10:10:38,367.3,2319254
2021-06-24 10:10:39,367.3,2319254
2021-06-24 10:10:41,367.5,2319274
2021-06-24 10:10:42,367.5,2319274
2021-06-24 10:10:43,367.5,2319274
2021-06-24 10:10:44,367.5,2319313
2021-06-24 10:10:45,367.5,2319313
2021-06-24 10:10:46,367.3,2319363
2021-06-24 10:10:47,367.3,2319363
2021-06-24 10:10:48,367.3,2319363
2021-06-24 10:10:49,367.5,2319373
2021-06-24 10:10:49,367.5,2319373
2021-06-24 10:10:50,367.5,2319373
2021-06-24 10:10:52,367.5,2319373
2021-06-24 10:10:52,367.5,2319373
2021-06-24 10:10:53,367.3,2319374
2021-06-24 10:10:55,367.3,2319400
2021-06-24 10:10:56,367.3,2319582
2021-06-24 10:10:58,367.5,2319982
2021-06-24 10:10:58,367.5,2319982
2021-06-24 10:10:59,367.5,2319982
2021-06-24 10:11:01,367.5,2319982
2021-06-24 10:11:02,367.5,2319984
2021-06-24 10:11:03,367.5,2320034
2021-06-24 10:11:04,367.5,2320034
2021-06-24 10:11:05,367.5,2320034
2021-06-24 10:11:06,367.5,2320034
2021-06-24 10:11:07,367.5,2320034
2021-06-24 10:11:08,367.45,2320134
2021-06-24 10:11:09,367.45,2320134
2021-06-24 10:11:10,367.45,2320163
2021-06-24 10:11:11,367.3,2320628
2021-06-24 10:11:12,367.3,2320628
2021-06-24 10:11:13,367.3,2320628
2021-06-24 10:11:14,367.45,2320653
2021-06-24 10:11:15,367.45,2320653
2021-06-24 10:11:16,367.5,2320733
2021-06-24 10:11:17,367.35,2320833
2021-06-24 10:11:18,367.35,2320833
2021-06-24 10:11:19,367.35,2320833
2021-06-24 10:11:19,367.35,2320833
2021-06-24 10:11:20,367.35,2320833
2021-06-24 10:11:21,367.5,2321033
2021-06-24 10:11:22,367.5,2321033
2021-06-24 10:11:24,367.5,2321033
2021-06-24 10:11:25,367.5,2321033
2021-06-24 10:11:26,367.5,2321033
2021-06-24 10:11:27,367.5,2321033
2021-06-24 10:11:28,367.5,2321033
2021-06-24 10:11:29,367.5,2321033
2021-06-24 10:11:30,367.5,2321033
2021-06-24 10:11:31,367.5,2321033
2021-06-24 10:11:32,367.5,2321033
2021-06-24 10:11:33,367.5,2321033
2021-06-24 10:11:34,367.5,2321543
2021-06-24 10:11:35,367.5,2321543
2021-06-24 10:11:36,367.2,2325220
2021-06-24 10:11:37,367.2,2325666
2021-06-24 10:11:38,367.2,2325666
2021-06-24 10:11:39,367.2,2325666
2021-06-24 10:11:40,367.2,2325820
2021-06-24 10:11:41,367.2,2325825
2021-06-24 10:11:42,367.25,2326323
2021-06-24 10:11:43,367.25,2326323
2021-06-24 10:11:43,367.25,2326323
2021-06-24 10:11:45,367.25,2326323
2021-06-24 10:11:46,367.25,2326323
2021-06-24 10:11:47,367.25,2326323
2021-06-24 10:11:48,367.2,2326363
2021-06-24 10:11:49,367.25,2326369
2021-06-24 10:11:49,367.25,2326369
2021-06-24 10:11:50,367.25,2326369
2021-06-24 10:11:51,367.25,2326414
2021-06-24 10:11:52,367.25,2326414
2021-06-24 10:11:55,367.25,2326414
2021-06-24 10:11:56,367.35,2326514
2021-06-24 10:11:57,367.35,2326514
2021-06-24 10:11:58,367.35,2326514
2021-06-24 10:11:59,367.35,2326614
2021-06-24 10:12:00,367.35,2326614
2021-06-24 10:12:00,367.35,2326628
2021-06-24 10:12:01,367.35,2326628
2021-06-24 10:12:02,367.35,2326628
2021-06-24 10:12:03,367.35,2326628
2021-06-24 10:12:05,367.4,2327674
2021-06-24 10:12:06,367.4,2327674
2021-06-24 10:12:07,367.4,2327674
2021-06-24 10:12:08,367.3,2327703
2021-06-24 10:12:10,367.3,2327703
2021-06-24 10:12:11,367.3,2327802
2021-06-24 10:12:11,367.3,2327802
2021-06-24 10:12:12,367.3,2327802
2021-06-24 10:12:13,367.3,2327802
2021-06-24 10:12:15,367.25,2328927
2021-06-24 10:12:16,367.2,2329227
2021-06-24 10:12:19,367.3,2329327
2021-06-24 10:12:20,367.3,2329327
2021-06-24 10:12:20,367.3,2329327
2021-06-24 10:12:22,367.3,2329327
2021-06-24 10:12:23,367.2,2329329
2021-06-24 10:12:26,367.2,2329329
2021-06-24 10:12:27,367.2,2329329
2021-06-24 10:12:28,367.2,2329329
2021-06-24 10:12:28,367.2,2329329
2021-06-24 10:12:29,367.2,2329329
2021-06-24 10:12:31,367.2,2329329
2021-06-24 10:12:32,367.2,2329329
2021-06-24 10:12:33,367.2,2329329
2021-06-24 10:12:35,367.2,2329329
2021-06-24 10:12:36,367.2,2329330
2021-06-24 10:12:38,367.2,2329330
2021-06-24 10:12:37,367.2,2329330
2021-06-24 10:12:39,367.2,2329330
2021-06-24 10:12:40,367.2,2329330
2021-06-24 10:12:41,367.2,2329330
2021-06-24 10:12:42,367.2,2329330
2021-06-24 10:12:43,367.25,2329335
2021-06-24 10:12:44,367.2,2329395
2021-06-24 10:12:45,367.2,2329395
2021-06-24 10:12:46,367.2,2329395
2021-06-24 10:12:47,367.2,2329415
2021-06-24 10:12:48,367.2,2329415
2021-06-24 10:12:49,367.35,2329492
2021-06-24 10:12:50,367.35,2329592
2021-06-24 10:12:51,367.35,2329592
2021-06-24 10:12:52,367.35,2329592
2021-06-24 10:12:53,367.35,2329592
2021-06-24 10:12:54,367.35,2329592
2021-06-24 10:12:55,367.35,2329592
2021-06-24 10:12:56,367.35,2329592
2021-06-24 10:12:57,367.35,2329592
2021-06-24 10:12:58,367.35,2329592
2021-06-24 10:12:59,367.35,2329592
2021-06-24 10:13:01,367.2,2329842
2021-06-24 10:13:03,367.2,2329842
2021-06-24 10:13:02,367.2,2329842
2021-06-24 10:13:04,367.2,2332019
2021-06-24 10:13:05,367.2,2332019
2021-06-24 10:13:06,367.2,2332248
2021-06-24 10:13:07,367.2,2332248
2021-06-24 10:13:08,367.25,2332298
2021-06-24 10:13:10,367.1,2332383
2021-06-24 10:13:09,367.1,2332308
2021-06-24 10:13:11,367.1,2332383
2021-06-24 10:13:12,367.1,2332383
2021-06-24 10:13:13,367.1,2332383
2021-06-24 10:13:14,367.1,2332383
2021-06-24 10:13:15,367.2,2332433
2021-06-24 10:13:16,367.2,2332433
2021-06-24 10:13:17,367.2,2332433
2021-06-24 10:13:18,367.25,2332439
2021-06-24 10:13:19,367.25,2332439
2021-06-24 10:13:20,367.2,2332459
2021-06-24 10:13:21,367.25,2332559
2021-06-24 10:13:22,367.25,2332559
2021-06-24 10:13:23,367.25,2332559
2021-06-24 10:13:25,367.2,2332759
2021-06-24 10:13:26,367.2,2332759
2021-06-24 10:13:27,367.2,2332759
2021-06-24 10:13:28,367.2,2332759
2021-06-24 10:13:29,367.25,2332879
2021-06-24 10:13:30,367.3,2333182
2021-06-24 10:13:31,367.3,2333182
2021-06-24 10:13:33,367.3,2333182
2021-06-24 10:13:35,367.3,2333577
2021-06-24 10:13:36,367.3,2333577
2021-06-24 10:13:39,367.4,2345037
2021-06-24 10:13:40,367.4,2345037
2021-06-24 10:13:42,367.65,2347302
2021-06-24 10:13:43,367.65,2347302
2021-06-24 10:13:44,367.65,2347302
2021-06-24 10:13:45,367.5,2347500
2021-06-24 10:13:46,367.5,2347500
2021-06-24 10:13:48,367.7,2347720
2021-06-24 10:13:49,367.7,2347720
2021-06-24 10:13:51,367.5,2347737
2021-06-24 10:13:50,367.7,2347729
2021-06-24 10:13:52,367.5,2347919
2021-06-24 10:13:53,367.7,2347980
2021-06-24 10:13:54,367.7,2347980
2021-06-24 10:13:56,367.7,2348195
2021-06-24 10:13:57,367.7,2348195
2021-06-24 10:13:58,367.7,2348195
2021-06-24 10:13:59,367.7,2348195
2021-06-24 10:14:00,367.7,2348195
2021-06-24 10:14:01,367.7,2348195
2021-06-24 10:14:02,367.7,2348195
2021-06-24 10:14:03,367.7,2348195
2021-06-24 10:14:04,367.55,2348231
2021-06-24 10:14:05,367.55,2348231
2021-06-24 10:14:06,367.55,2348231
2021-06-24 10:14:07,367.55,2348231
2021-06-24 10:14:08,367.55,2348231
2021-06-24 10:14:09,367.55,2348231
2021-06-24 10:14:10,367.55,2348231
2021-06-24 10:14:11,367.7,2350822
2021-06-24 10:14:12,367.7,2350822
2021-06-24 10:14:13,367.65,2350877
2021-06-24 10:14:14,367.65,2350927
2021-06-24 10:14:15,367.7,2350940
2021-06-24 10:14:16,367.7,2350940
2021-06-24 10:14:17,367.7,2350940
2021-06-24 10:14:18,367.7,2351499
2021-06-24 10:14:19,367.7,2351499
2021-06-24 10:14:20,367.8,2351579
2021-06-24 10:14:21,367.8,2351579
2021-06-24 10:14:22,367.7,2352409
2021-06-24 10:14:23,367.8,2352410
2021-06-24 10:14:24,367.8,2352410
2021-06-24 10:14:25,367.8,2352410
2021-06-24 10:14:26,367.8,2352410
2021-06-24 10:14:27,367.8,2352410
2021-06-24 10:14:28,367.7,2352470
2021-06-24 10:14:29,367.7,2352470
2021-06-24 10:14:30,367.8,2352495
2021-06-24 10:14:31,367.9,2353677
2021-06-24 10:14:32,367.9,2353677
2021-06-24 10:14:33,367.95,2354469
2021-06-24 10:14:34,368.0,2356532
2021-06-24 10:14:35,368.0,2356833
2021-06-24 10:14:36,367.95,2356937
2021-06-24 10:14:37,367.85,2356986
2021-06-24 10:14:38,367.85,2358146
2021-06-24 10:14:39,368.0,2359146
2021-06-24 10:14:40,368.0,2359146
2021-06-24 10:14:41,368.0,2359146
2021-06-24 10:14:42,367.9,2359151
2021-06-24 10:14:43,367.9,2359151
2021-06-24 10:14:44,367.95,2359152
2021-06-24 10:14:45,368.0,2359410
2021-06-24 10:14:46,368.0,2359410
2021-06-24 10:14:47,368.0,2359410
2021-06-24 10:14:48,368.0,2359410
2021-06-24 10:14:50,368.0,2359410
2021-06-24 10:14:50,368.0,2359410
2021-06-24 10:14:51,367.95,2359411
2021-06-24 10:14:52,367.95,2359412
2021-06-24 10:14:53,367.95,2359412
2021-06-24 10:14:54,367.95,2359412
2021-06-24 10:14:55,367.8,2359512
2021-06-24 10:14:56,367.95,2359913
2021-06-24 10:14:57,367.95,2359913
2021-06-24 10:14:58,367.8,2359938
2021-06-24 10:14:59,367.8,2359938
2021-06-24 10:15:00,367.8,2359938
2021-06-24 10:15:01,367.8,2359938
2021-06-24 10:15:03,368.0,2359988
2021-06-24 10:15:04,368.0,2360568
2021-06-24 10:15:05,368.0,2360618
2021-06-24 10:15:06,368.0,2360653
2021-06-24 10:15:08,367.9,2360753
2021-06-24 10:15:08,367.9,2360753
2021-06-24 10:15:09,367.9,2360753
2021-06-24 10:15:10,368.0,2362045
2021-06-24 10:15:11,368.0,2362045
2021-06-24 10:15:12,367.95,2362560
2021-06-24 10:15:13,367.95,2362560
2021-06-24 10:15:15,367.95,2362560
2021-06-24 10:15:16,368.0,2362565
2021-06-24 10:15:17,368.0,2362565
2021-06-24 10:15:18,368.0,2362565
2021-06-24 10:15:19,368.0,2362565
2021-06-24 10:15:20,367.95,2362618
2021-06-24 10:15:21,367.95,2362618
2021-06-24 10:15:22,367.95,2362828
2021-06-24 10:15:23,368.0,2362843
2021-06-24 10:15:25,367.95,2362845
2021-06-24 10:15:26,367.95,2362845
2021-06-24 10:15:27,367.95,2362845
2021-06-24 10:15:28,368.0,2362857
2021-06-24 10:15:29,368.0,2362857
2021-06-24 10:15:30,368.0,2362880
2021-06-24 10:15:31,368.0,2374287
2021-06-24 10:15:32,368.05,2374597
2021-06-24 10:15:33,368.0,2374747
2021-06-24 10:15:34,368.0,2375247
2021-06-24 10:15:36,368.2,2377146
2021-06-24 10:15:37,368.2,2377146
2021-06-24 10:15:39,368.05,2377150
2021-06-24 10:15:40,368.05,2377150
2021-06-24 10:15:40,368.05,2377150
2021-06-24 10:15:41,368.15,2377200
2021-06-24 10:15:42,368.15,2377500
2021-06-24 10:15:43,368.15,2377510
2021-06-24 10:15:44,368.15,2377510
2021-06-24 10:15:45,368.15,2377510
2021-06-24 10:15:46,368.2,2377610
2021-06-24 10:15:47,368.0,2377614
2021-06-24 10:15:48,368.2,2377621
2021-06-24 10:15:49,368.2,2377621
2021-06-24 10:15:50,367.95,2378801
2021-06-24 10:15:51,367.95,2378801
2021-06-24 10:15:52,367.95,2378801
2021-06-24 10:15:53,368.2,2379373
2021-06-24 10:15:54,368.1,2379473
2021-06-24 10:15:55,368.1,2379473
2021-06-24 10:15:56,368.1,2379473
2021-06-24 10:15:57,368.1,2379473
2021-06-24 10:15:58,368.05,2379483
2021-06-24 10:16:00,368.1,2380446
2021-06-24 10:16:01,368.1,2380446
2021-06-24 10:16:02,368.1,2380446
2021-06-24 10:16:03,368.1,2381446
2021-06-24 10:16:04,368.2,2381746
2021-06-24 10:16:05,368.2,2381746
2021-06-24 10:16:06,368.2,2381746
2021-06-24 10:16:07,368.2,2381746
2021-06-24 10:16:08,368.2,2381746
2021-06-24 10:16:09,368.0,2382814
2021-06-24 10:16:10,367.9,2383190
2021-06-24 10:16:11,367.9,2383198
2021-06-24 10:16:12,367.9,2383198
2021-06-24 10:16:13,367.9,2383404
2021-06-24 10:16:14,367.9,2383404
2021-06-24 10:16:15,367.9,2383409
2021-06-24 10:16:16,367.9,2383509
2021-06-24 10:16:17,367.9,2383509
2021-06-24 10:16:18,367.9,2384009
2021-06-24 10:16:19,367.9,2384009
2021-06-24 10:16:20,367.9,2384009
2021-06-24 10:16:21,367.9,2384111
2021-06-24 10:16:22,367.6,2387256
2021-06-24 10:16:23,367.7,2387656
2021-06-24 10:16:24,367.65,2388266
2021-06-24 10:16:25,367.65,2388266
2021-06-24 10:16:27,367.5,2388561
2021-06-24 10:16:28,367.5,2388561
2021-06-24 10:16:29,367.5,2388561
2021-06-24 10:16:30,367.5,2388691
2021-06-24 10:16:31,367.5,2388691
2021-06-24 10:16:33,367.5,2388691
2021-06-24 10:16:34,367.5,2388691
2021-06-24 10:16:35,367.5,2388691
2021-06-24 10:16:36,367.6,2388701
2021-06-24 10:16:37,367.6,2388701
2021-06-24 10:16:38,367.6,2388825
2021-06-24 10:16:39,367.55,2390338
2021-06-24 10:16:40,367.55,2390514
2021-06-24 10:16:41,367.55,2390514
2021-06-24 10:16:42,367.55,2390514
2021-06-24 10:16:44,367.5,2390569
2021-06-24 10:16:45,367.5,2390569
2021-06-24 10:16:46,367.45,2390870
2021-06-24 10:16:48,367.45,2390902
2021-06-24 10:16:49,367.45,2391280
2021-06-24 10:16:49,367.45,2391280
2021-06-24 10:16:50,367.5,2391375
2021-06-24 10:16:52,367.5,2391380
2021-06-24 10:16:53,367.45,2393214
2021-06-24 10:16:54,367.45,2393214
2021-06-24 10:16:55,367.6,2402622
2021-06-24 10:16:56,367.5,2402624
2021-06-24 10:16:57,367.6,2402744
2021-06-24 10:16:58,367.6,2402744
2021-06-24 10:16:59,367.45,2402874
2021-06-24 10:17:00,367.45,2402874
2021-06-24 10:17:02,367.5,2402933
2021-06-24 10:17:04,367.5,2402933
2021-06-24 10:17:05,367.5,2402933
2021-06-24 10:17:05,367.45,2402953
2021-06-24 10:17:07,367.45,2402953
2021-06-24 10:17:08,367.5,2403054
2021-06-24 10:17:09,367.5,2403054
2021-06-24 10:17:10,367.5,2403104
2021-06-24 10:17:11,367.5,2403128
2021-06-24 10:17:13,367.5,2403129
2021-06-24 10:17:14,367.6,2405158
2021-06-24 10:17:15,367.6,2405158
2021-06-24 10:17:16,367.6,2405158
2021-06-24 10:17:17,367.6,2405158
2021-06-24 10:17:18,367.6,2405158
2021-06-24 10:17:19,367.95,2407730
2021-06-24 10:17:20,367.95,2407730
2021-06-24 10:17:22,367.95,2407730
2021-06-24 10:17:24,367.8,2408100
2021-06-24 10:17:25,367.8,2408100
2021-06-24 10:17:26,367.8,2408100
2021-06-24 10:17:27,367.95,2408225
2021-06-24 10:17:28,367.95,2408225
2021-06-24 10:17:29,367.95,2408225
2021-06-24 10:17:29,367.95,2408225
2021-06-24 10:17:32,367.95,2408432
2021-06-24 10:17:33,367.95,2408432
2021-06-24 10:17:34,367.95,2408432
2021-06-24 10:17:35,367.95,2408432
2021-06-24 10:17:36,367.95,2408432
2021-06-24 10:17:37,367.95,2408457
2021-06-24 10:17:38,367.85,2408507
2021-06-24 10:17:38,367.85,2408507
2021-06-24 10:17:39,367.95,2408625
2021-06-24 10:17:40,367.95,2408633
2021-06-24 10:17:41,367.8,2408634
2021-06-24 10:17:43,367.95,2408636
2021-06-24 10:17:45,367.95,2408636
2021-06-24 10:17:45,367.95,2408636
2021-06-24 10:17:46,367.95,2408636
2021-06-24 10:17:48,367.95,2408636
2021-06-24 10:17:49,367.95,2408636
2021-06-24 10:17:49,367.95,2408636
2021-06-24 10:17:50,367.8,2408736
2021-06-24 10:17:51,367.8,2410379
2021-06-24 10:17:54,367.8,2410490
2021-06-24 10:17:54,367.8,2410490
2021-06-24 10:17:55,367.8,2410490
2021-06-24 10:17:57,367.75,2410520
2021-06-24 10:17:57,367.75,2410520
2021-06-24 10:17:59,367.75,2410544
2021-06-24 10:18:00,367.75,2410544
2021-06-24 10:18:02,367.75,2410545
2021-06-24 10:18:02,367.75,2410545
2021-06-24 10:18:04,367.75,2410547
2021-06-24 10:18:04,367.75,2410547
2021-06-24 10:18:06,367.75,2410547
2021-06-24 10:18:06,367.75,2410547
2021-06-24 10:18:08,367.7,2410598
2021-06-24 10:18:09,367.7,2410598
2021-06-24 10:18:10,367.7,2410598
2021-06-24 10:18:11,367.7,2410598
2021-06-24 10:18:12,367.75,2410623
2021-06-24 10:18:13,367.75,2410623
2021-06-24 10:18:14,367.7,2410653
2021-06-24 10:18:15,367.7,2410653
2021-06-24 10:18:16,367.7,2410653
2021-06-24 10:18:18,367.7,2410653
2021-06-24 10:18:18,367.7,2410653
2021-06-24 10:18:20,367.7,2410653
2021-06-24 10:18:20,367.7,2410653
2021-06-24 10:18:21,367.7,2410653
2021-06-24 10:18:23,367.7,2410654
2021-06-24 10:18:23,367.7,2410654
2021-06-24 10:18:24,367.55,2410776
2021-06-24 10:18:25,367.55,2410776
2021-06-24 10:18:26,367.55,2410776
2021-06-24 10:18:27,367.8,2411276
2021-06-24 10:18:29,367.8,2411276
2021-06-24 10:18:30,367.8,2411276
2021-06-24 10:18:32,367.8,2411276
2021-06-24 10:18:33,367.8,2411276
2021-06-24 10:18:34,367.8,2411526
2021-06-24 10:18:34,367.8,2411526
2021-06-24 10:18:35,367.8,2411526
2021-06-24 10:18:36,367.8,2411526
2021-06-24 10:18:37,367.8,2411526
2021-06-24 10:18:38,367.55,2411607
2021-06-24 10:18:39,367.45,2415773
2021-06-24 10:18:40,367.5,2415911
2021-06-24 10:18:42,367.35,2416185
2021-06-24 10:18:43,367.35,2416185
2021-06-24 10:18:44,367.35,2416185
2021-06-24 10:18:45,367.35,2418079
2021-06-24 10:18:45,367.35,2418079
2021-06-24 10:18:46,367.4,2418081
2021-06-24 10:18:47,367.35,2421862
2021-06-24 10:18:48,367.3,2421937
2021-06-24 10:18:49,367.1,2421950
2021-06-24 10:18:50,367.35,2422150
2021-06-24 10:18:51,367.35,2422150
2021-06-24 10:18:52,367.2,2422151
2021-06-24 10:18:54,367.2,2422222
2021-06-24 10:18:54,367.2,2422222
2021-06-24 10:18:56,367.2,2422222
2021-06-24 10:18:56,367.2,2422222
2021-06-24 10:18:57,367.35,2422272
2021-06-24 10:18:59,367.35,2422322
2021-06-24 10:19:01,367.25,2422404
2021-06-24 10:19:03,367.25,2422874
2021-06-24 10:19:04,367.4,2432768
2021-06-24 10:19:05,367.35,2432797
2021-06-24 10:19:06,367.5,2432822
2021-06-24 10:19:07,367.5,2432972
2021-06-24 10:19:08,367.35,2432985
2021-06-24 10:19:09,367.35,2432985
2021-06-24 10:19:10,367.35,2432985
2021-06-24 10:19:11,367.35,2432985
2021-06-24 10:19:12,367.35,2432985
2021-06-24 10:19:14,367.35,2432985
2021-06-24 10:19:15,367.35,2432985
2021-06-24 10:19:15,367.35,2432985
2021-06-24 10:19:16,367.5,2433920
2021-06-24 10:19:17,367.5,2433920
2021-06-24 10:19:20,367.4,2433921
2021-06-24 10:19:20,367.4,2433921
2021-06-24 10:19:21,367.5,2441770
2021-06-24 10:19:22,367.55,2444110
2021-06-24 10:19:23,367.6,2444125
2021-06-24 10:19:24,367.6,2444125
2021-06-24 10:19:26,367.6,2446301
2021-06-24 10:19:26,367.6,2446301
2021-06-24 10:19:27,367.6,2446301
2021-06-24 10:19:28,367.6,2446301
2021-06-24 10:19:29,367.6,2446301
2021-06-24 10:19:30,367.65,2446401
2021-06-24 10:19:31,367.65,2446413
2021-06-24 10:19:32,367.65,2446413
2021-06-24 10:19:33,367.65,2446413
2021-06-24 10:19:35,367.65,2446416
2021-06-24 10:19:36,367.65,2446416
2021-06-24 10:19:37,367.65,2446416
2021-06-24 10:19:38,367.65,2446416
2021-06-24 10:19:39,367.65,2446416
2021-06-24 10:19:40,367.65,2446416
2021-06-24 10:19:41,367.65,2446416
2021-06-24 10:19:42,367.6,2447330
2021-06-24 10:19:43,367.6,2447330
2021-06-24 10:19:44,367.6,2447330
2021-06-24 10:19:45,367.6,2447330
2021-06-24 10:19:46,367.55,2447835
2021-06-24 10:19:47,367.6,2448135
2021-06-24 10:19:48,367.6,2448135
2021-06-24 10:19:49,367.2,2458646
2021-06-24 10:19:50,367.2,2458646
2021-06-24 10:19:52,367.2,2458646
2021-06-24 10:19:53,367.2,2458646
2021-06-24 10:19:54,367.2,2458646
2021-06-24 10:19:55,367.2,2458646
2021-06-24 10:19:56,367.25,2458650
2021-06-24 10:19:57,367.25,2458650
2021-06-24 10:19:57,367.25,2458650
2021-06-24 10:19:58,367.25,2458651
2021-06-24 10:19:59,367.25,2458671
2021-06-24 10:20:00,367.25,2458672
2021-06-24 10:20:01,367.25,2458672
2021-06-24 10:20:02,367.25,2458672
2021-06-24 10:20:03,367.25,2458672
2021-06-24 10:20:04,367.25,2458697
2021-06-24 10:20:05,367.25,2458697
2021-06-24 10:20:06,367.25,2458697
2021-06-24 10:20:07,367.1,2458702
2021-06-24 10:20:09,367.2,2459204
2021-06-24 10:20:10,367.2,2459504
2021-06-24 10:20:11,367.2,2459504
2021-06-24 10:20:12,367.2,2459504
2021-06-24 10:20:13,367.2,2459504
2021-06-24 10:20:14,367.3,2459505
2021-06-24 10:20:15,367.3,2459505
2021-06-24 10:20:17,367.3,2459505
2021-06-24 10:20:17,367.3,2459505
2021-06-24 10:20:19,367.2,2459535
2021-06-24 10:20:19,367.2,2459535
2021-06-24 10:20:20,367.2,2459535
2021-06-24 10:20:21,367.2,2459535
2021-06-24 10:20:22,367.2,2459535
2021-06-24 10:20:24,367.3,2459545
2021-06-24 10:20:25,367.2,2461072
2021-06-24 10:20:26,367.2,2461072
2021-06-24 10:20:27,367.2,2461072
2021-06-24 10:20:29,367.2,2461075
2021-06-24 10:20:30,367.2,2461200
2021-06-24 10:20:31,367.15,2461224
2021-06-24 10:20:31,367.15,2461201
2021-06-24 10:20:33,367.05,2461296
2021-06-24 10:20:34,367.15,2461355
2021-06-24 10:20:35,367.15,2461365
2021-06-24 10:20:36,367.15,2461365
2021-06-24 10:20:37,367.15,2461365
2021-06-24 10:20:38,367.15,2461365
2021-06-24 10:20:38,367.15,2461365
2021-06-24 10:20:39,367.15,2461365
2021-06-24 10:20:41,366.9,2469121
2021-06-24 10:20:41,366.9,2469121
2021-06-24 10:20:42,366.9,2469121
2021-06-24 10:20:43,367.0,2469221
2021-06-24 10:20:44,367.0,2469222
2021-06-24 10:20:45,367.0,2469222
2021-06-24 10:20:47,366.8,2473941
2021-06-24 10:20:48,366.8,2473941
2021-06-24 10:20:50,366.8,2473941
2021-06-24 10:20:51,366.65,2474084
2021-06-24 10:20:52,366.65,2474084
2021-06-24 10:20:52,366.65,2474084
2021-06-24 10:20:54,366.6,2474664
2021-06-24 10:20:55,366.7,2474760
2021-06-24 10:20:56,366.9,2488309
2021-06-24 10:20:57,366.9,2488309
2021-06-24 10:20:58,366.8,2489411
2021-06-24 10:20:59,366.8,2489411
2021-06-24 10:21:00,366.85,2492254
2021-06-24 10:21:01,366.85,2492254
2021-06-24 10:21:02,366.75,2492334
2021-06-24 10:21:03,366.75,2492540
2021-06-24 10:21:03,366.75,2492540
2021-06-24 10:21:04,367.2,2496569
2021-06-24 10:21:05,367.3,2496639
2021-06-24 10:21:06,367.3,2496639
2021-06-24 10:21:07,367.15,2496649
2021-06-24 10:21:08,367.15,2496649
2021-06-24 10:21:10,367.0,2499219
2021-06-24 10:21:11,367.0,2499219
2021-06-24 10:21:13,367.2,2499679
2021-06-24 10:21:13,367.2,2499679
2021-06-24 10:21:14,367.2,2499679
2021-06-24 10:21:17,367.05,2499729
2021-06-24 10:21:18,367.05,2499729
2021-06-24 10:21:19,367.2,2500158
2021-06-24 10:21:20,367.2,2500162
2021-06-24 10:21:21,367.25,2500172
2021-06-24 10:21:22,367.3,2500190
2021-06-24 10:21:23,367.3,2500200
2021-06-24 10:21:24,367.3,2500216
2021-06-24 10:21:25,367.35,2500228
2021-06-24 10:21:25,367.35,2500230
2021-06-24 10:21:27,366.85,2513805
2021-06-24 10:21:28,366.95,2513815
2021-06-24 10:21:29,366.95,2513815
2021-06-24 10:21:30,367.0,2513818
2021-06-24 10:21:31,367.0,2513818
2021-06-24 10:21:32,366.9,2513830
2021-06-24 10:21:33,366.9,2513830
2021-06-24 10:21:34,366.95,2513833
2021-06-24 10:21:35,366.8,2514035
2021-06-24 10:21:36,366.95,2514045
2021-06-24 10:21:37,366.8,2514088
2021-06-24 10:21:38,366.8,2514089
2021-06-24 10:21:39,366.9,2514092
2021-06-24 10:21:40,366.9,2514293
2021-06-24 10:21:41,366.9,2514303
2021-06-24 10:21:41,366.9,2514305
2021-06-24 10:21:42,366.9,2514313
2021-06-24 10:21:43,366.85,2514321
2021-06-24 10:21:45,366.85,2514331
2021-06-24 10:21:45,366.85,2514346
2021-06-24 10:21:46,366.85,2514359
2021-06-24 10:21:47,367.0,2514384
2021-06-24 10:21:48,367.0,2514384
2021-06-24 10:21:50,367.25,2515512
2021-06-24 10:21:51,367.0,2515543
2021-06-24 10:21:52,367.0,2515546
2021-06-24 10:21:53,367.0,2515546
2021-06-24 10:21:54,367.0,2517182
2021-06-24 10:21:55,367.0,2517182
2021-06-24 10:21:56,367.3,2525943
2021-06-24 10:21:57,367.3,2526287
2021-06-24 10:21:59,367.25,2526958
2021-06-24 10:22:00,367.25,2527559
2021-06-24 10:22:01,367.5,2529556
2021-06-24 10:22:02,367.2,2529606
2021-06-24 10:22:04,367.4,2529610
2021-06-24 10:22:05,367.4,2529610
2021-06-24 10:22:06,367.4,2530004
2021-06-24 10:22:07,367.35,2530504
2021-06-24 10:22:08,367.1,2531504
2021-06-24 10:22:09,367.3,2531514
2021-06-24 10:22:10,367.1,2533216
2021-06-24 10:22:11,367.1,2533216
2021-06-24 10:22:12,367.1,2533216
2021-06-24 10:22:13,367.1,2533216
2021-06-24 10:22:14,366.85,2538478
2021-06-24 10:22:15,367.05,2538490
2021-06-24 10:22:16,366.85,2538495
2021-06-24 10:22:17,366.8,2541639
2021-06-24 10:22:18,366.8,2541654
2021-06-24 10:22:19,366.8,2541656
2021-06-24 10:22:20,367.0,2541817
2021-06-24 10:22:21,366.8,2541825
2021-06-24 10:22:22,367.0,2541876
2021-06-24 10:22:23,367.0,2541876
2021-06-24 10:22:24,367.0,2541876
2021-06-24 10:22:25,367.0,2541876
2021-06-24 10:22:26,366.8,2542103
2021-06-24 10:22:27,366.8,2542113
2021-06-24 10:22:28,366.8,2542116
2021-06-24 10:22:29,366.8,2542116
2021-06-24 10:22:30,366.8,2542116
2021-06-24 10:22:31,366.95,2542128
2021-06-24 10:22:32,367.15,2556430
2021-06-24 10:22:33,367.0,2557306
2021-06-24 10:22:34,367.0,2557306
2021-06-24 10:22:35,367.0,2558343
2021-06-24 10:22:36,367.0,2558353
2021-06-24 10:22:38,367.0,2558360
2021-06-24 10:22:39,367.2,2558756
2021-06-24 10:22:41,367.2,2558756
2021-06-24 10:22:42,367.1,2558806
2021-06-24 10:22:43,367.1,2558859
2021-06-24 10:22:44,367.1,2558859
2021-06-24 10:22:45,367.1,2558859
2021-06-24 10:22:46,367.1,2558859
2021-06-24 10:22:47,367.3,2559359
2021-06-24 10:22:48,367.3,2559359
2021-06-24 10:22:49,367.3,2559359
2021-06-24 10:22:51,367.1,2559379
2021-06-24 10:22:52,367.1,2559384
2021-06-24 10:22:53,367.0,2560095
2021-06-24 10:22:54,367.0,2560095
2021-06-24 10:22:55,367.05,2560096
2021-06-24 10:22:56,367.05,2560096
2021-06-24 10:22:57,367.05,2560398
2021-06-24 10:22:58,367.05,2560398
2021-06-24 10:22:59,367.05,2560398
2021-06-24 10:23:00,367.05,2560398
2021-06-24 10:23:01,367.1,2560440
2021-06-24 10:23:02,367.1,2560440
2021-06-24 10:23:03,367.1,2560440
2021-06-24 10:23:04,367.1,2560440
2021-06-24 10:23:05,367.1,2560440
2021-06-24 10:23:06,367.0,2560551
2021-06-24 10:23:07,367.0,2560552
2021-06-24 10:23:08,367.0,2560552
2021-06-24 10:23:09,366.85,2560562
2021-06-24 10:23:10,366.85,2560562
2021-06-24 10:23:11,366.85,2560562
2021-06-24 10:23:11,366.85,2560562
2021-06-24 10:23:12,366.85,2560562
2021-06-24 10:23:14,367.0,2561569
2021-06-24 10:23:13,367.0,2561569
2021-06-24 10:23:16,366.9,2561740
2021-06-24 10:23:17,367.05,2561746
2021-06-24 10:23:18,366.9,2562174
2021-06-24 10:23:19,366.9,2562174
2021-06-24 10:23:20,366.9,2562176
2021-06-24 10:23:21,366.9,2562176
2021-06-24 10:23:22,366.9,2562196
2021-06-24 10:23:23,366.9,2562196
2021-06-24 10:23:24,366.9,2562196
2021-06-24 10:23:25,367.05,2562236
2021-06-24 10:23:26,367.05,2562236
2021-06-24 10:23:27,367.05,2562236
2021-06-24 10:23:28,367.0,2562286
2021-06-24 10:23:29,367.0,2562416
2021-06-24 10:23:30,367.0,2562416
2021-06-24 10:23:32,367.1,2562576
2021-06-24 10:23:33,367.1,2562576
2021-06-24 10:23:34,367.0,2562577
2021-06-24 10:23:35,367.0,2562577
2021-06-24 10:23:36,367.0,2562577
2021-06-24 10:23:37,367.0,2562577
2021-06-24 10:23:38,367.1,2562597
2021-06-24 10:23:39,367.0,2562747
2021-06-24 10:23:40,367.0,2562747
2021-06-24 10:23:41,367.1,2562748
2021-06-24 10:23:42,367.0,2562848
2021-06-24 10:23:43,367.0,2562848
2021-06-24 10:23:44,367.0,2562848
2021-06-24 10:23:45,367.0,2562848
2021-06-24 10:23:46,367.0,2562848
2021-06-24 10:23:47,367.0,2562848
2021-06-24 10:23:48,367.0,2562848
2021-06-24 10:23:49,367.1,2562904
2021-06-24 10:23:50,366.95,2563054
2021-06-24 10:23:51,366.95,2563054
2021-06-24 10:23:52,366.95,2563054
2021-06-24 10:23:53,366.9,2563547
2021-06-24 10:23:54,366.9,2563547
2021-06-24 10:23:55,366.9,2563547
2021-06-24 10:23:56,366.9,2563547
2021-06-24 10:23:57,366.95,2563572
2021-06-24 10:23:58,366.95,2563572
2021-06-24 10:23:59,366.95,2563572
2021-06-24 10:24:00,367.1,2563582
2021-06-24 10:24:01,367.1,2563713
2021-06-24 10:24:02,367.1,2563789
2021-06-24 10:24:03,367.1,2563789
2021-06-24 10:24:04,367.1,2563821
2021-06-24 10:24:05,367.1,2563821
2021-06-24 10:24:06,367.1,2563821
2021-06-24 10:24:07,367.1,2563821
2021-06-24 10:24:08,367.1,2563821
2021-06-24 10:24:09,367.05,2563846
2021-06-24 10:24:10,367.05,2563846
2021-06-24 10:24:11,367.05,2563846
2021-06-24 10:24:12,367.05,2563846
2021-06-24 10:24:13,367.1,2564074
2021-06-24 10:24:14,367.0,2564174
2021-06-24 10:24:15,367.1,2564330
2021-06-24 10:24:16,367.1,2564330
2021-06-24 10:24:17,367.1,2564330
2021-06-24 10:24:18,367.15,2565330
2021-06-24 10:24:19,367.15,2565330
2021-06-24 10:24:20,367.15,2565330
2021-06-24 10:24:21,367.15,2565330
2021-06-24 10:24:22,367.1,2565365
2021-06-24 10:24:23,367.15,2565375
2021-06-24 10:24:24,367.15,2565404
2021-06-24 10:24:25,367.15,2565406
2021-06-24 10:24:26,367.15,2565526
2021-06-24 10:24:27,367.15,2565526
2021-06-24 10:24:28,367.1,2565548
2021-06-24 10:24:29,367.1,2565548
2021-06-24 10:24:30,367.1,2565554
2021-06-24 10:24:31,367.1,2566576
2021-06-24 10:24:32,367.1,2566588
2021-06-24 10:24:33,367.05,2566688
2021-06-24 10:24:34,367.05,2566688
2021-06-24 10:24:35,366.9,2566858
2021-06-24 10:24:36,367.05,2566878
2021-06-24 10:24:37,367.05,2566878
2021-06-24 10:24:38,367.05,2566878
2021-06-24 10:24:39,367.05,2566879
2021-06-24 10:24:40,367.05,2566879
2021-06-24 10:24:41,367.05,2566889
2021-06-24 10:24:42,367.05,2566889
2021-06-24 10:24:43,367.0,2567026
2021-06-24 10:24:44,367.05,2567275
2021-06-24 10:24:45,367.05,2567275
2021-06-24 10:24:46,367.05,2567275
2021-06-24 10:24:47,367.05,2567275
2021-06-24 10:24:49,366.95,2568105
2021-06-24 10:24:50,367.1,2568205
2021-06-24 10:24:51,367.1,2568205
2021-06-24 10:24:52,367.1,2568205
2021-06-24 10:24:54,367.1,2568205
2021-06-24 10:24:55,367.1,2568478
2021-06-24 10:24:56,367.0,2568538
2021-06-24 10:24:57,367.0,2568638
2021-06-24 10:24:58,367.0,2568638
2021-06-24 10:24:59,367.0,2568638
2021-06-24 10:25:00,367.0,2568638
2021-06-24 10:25:01,367.0,2568638
2021-06-24 10:25:03,367.0,2568638
2021-06-24 10:25:04,367.15,2568668
2021-06-24 10:25:05,367.15,2568668
2021-06-24 10:25:06,367.1,2568680
2021-06-24 10:25:07,367.15,2569128
2021-06-24 10:25:08,367.15,2569128
2021-06-24 10:25:09,367.2,2569263
2021-06-24 10:25:10,367.2,2570463
2021-06-24 10:25:11,367.15,2570481
2021-06-24 10:25:12,367.15,2570481
2021-06-24 10:25:13,367.2,2572357
2021-06-24 10:25:14,367.2,2572357
2021-06-24 10:25:15,367.2,2572362
2021-06-24 10:25:16,367.2,2572362
2021-06-24 10:25:17,367.15,2572562
2021-06-24 10:25:18,367.15,2572562
2021-06-24 10:25:19,367.15,2572563
2021-06-24 10:25:20,367.2,2573914
2021-06-24 10:25:21,367.2,2574471
2021-06-24 10:25:22,367.2,2574471
2021-06-24 10:25:23,367.2,2574471
2021-06-24 10:25:24,367.2,2574571
2021-06-24 10:25:25,367.2,2579245
2021-06-24 10:25:26,367.2,2579245
2021-06-24 10:25:27,367.2,2579253
2021-06-24 10:25:29,367.2,2579253
2021-06-24 10:25:30,367.2,2579253
2021-06-24 10:25:31,367.2,2580859
2021-06-24 10:25:32,367.2,2580860
2021-06-24 10:25:33,367.2,2580860
2021-06-24 10:25:34,367.2,2580860
2021-06-24 10:25:35,367.15,2580862
2021-06-24 10:25:36,367.2,2580912
2021-06-24 10:25:37,367.2,2581588
2021-06-24 10:25:39,367.2,2581588
2021-06-24 10:25:40,367.2,2581602
2021-06-24 10:25:41,367.15,2581623
2021-06-24 10:25:42,367.25,2582727
2021-06-24 10:25:43,367.25,2582727
2021-06-24 10:25:44,367.25,2582763
2021-06-24 10:25:45,367.25,2582763
2021-06-24 10:25:46,367.25,2582763
2021-06-24 10:25:47,367.25,2582763
2021-06-24 10:25:48,367.25,2582763
2021-06-24 10:25:49,367.25,2583250
2021-06-24 10:25:50,367.25,2583250
2021-06-24 10:25:52,367.2,2583272
2021-06-24 10:25:53,367.25,2583282
2021-06-24 10:25:54,367.25,2583293
2021-06-24 10:25:55,367.25,2583659
2021-06-24 10:25:56,367.25,2583659
2021-06-24 10:25:57,367.3,2583664
2021-06-24 10:25:58,367.3,2583664
2021-06-24 10:25:59,367.3,2583664
2021-06-24 10:26:01,367.25,2584166
2021-06-24 10:26:03,367.3,2585196
2021-06-24 10:26:04,367.3,2585196
2021-06-24 10:26:05,367.4,2585495
2021-06-24 10:26:06,367.4,2585495
2021-06-24 10:26:07,367.4,2585495
2021-06-24 10:26:08,367.4,2585495
2021-06-24 10:26:09,367.4,2585533
2021-06-24 10:26:10,367.35,2585537
2021-06-24 10:26:12,367.4,2591717
2021-06-24 10:26:12,367.6,2589717
2021-06-24 10:26:13,367.4,2591717
2021-06-24 10:26:14,367.4,2591717
2021-06-24 10:26:15,367.4,2591717
2021-06-24 10:26:16,367.4,2591717
2021-06-24 10:26:17,367.4,2591717
2021-06-24 10:26:18,367.5,2591899
2021-06-24 10:26:19,367.6,2591903
2021-06-24 10:26:20,367.6,2591904
2021-06-24 10:26:21,367.6,2591904
2021-06-24 10:26:22,367.6,2591904
2021-06-24 10:26:23,367.6,2591904
2021-06-24 10:26:24,367.6,2591904
2021-06-24 10:26:25,367.6,2591904
2021-06-24 10:26:26,367.6,2591904
2021-06-24 10:26:27,367.6,2591904
2021-06-24 10:26:28,367.6,2592294
2021-06-24 10:26:29,367.65,2592596
2021-06-24 10:26:30,367.65,2592596
2021-06-24 10:26:31,367.65,2592608
2021-06-24 10:26:32,367.65,2592608
2021-06-24 10:26:33,367.65,2592908
2021-06-24 10:26:34,367.65,2593108
2021-06-24 10:26:35,367.65,2593111
2021-06-24 10:26:36,367.6,2593138
2021-06-24 10:26:37,367.6,2593198
2021-06-24 10:26:38,367.65,2593199
2021-06-24 10:26:39,367.6,2593209
2021-06-24 10:26:40,367.65,2593244
2021-06-24 10:26:41,367.65,2593244
2021-06-24 10:26:42,367.6,2593249
2021-06-24 10:26:43,367.65,2593749
2021-06-24 10:26:45,367.65,2593760
2021-06-24 10:26:44,367.65,2593749
2021-06-24 10:26:46,367.65,2593767
2021-06-24 10:26:47,367.65,2593767
2021-06-24 10:26:48,367.65,2593767
2021-06-24 10:26:49,367.65,2593767
2021-06-24 10:26:50,367.6,2593889
2021-06-24 10:26:51,367.6,2593889
2021-06-24 10:26:52,367.6,2593889
2021-06-24 10:26:53,367.5,2593920
2021-06-24 10:26:55,367.5,2593920
2021-06-24 10:26:55,367.5,2593920
2021-06-24 10:26:57,367.5,2593920
2021-06-24 10:26:58,367.5,2593920
2021-06-24 10:26:59,367.45,2595604
2021-06-24 10:26:59,367.45,2595604
2021-06-24 10:27:00,367.4,2596206
2021-06-24 10:27:01,367.55,2597674
2021-06-24 10:27:02,367.55,2597674
2021-06-24 10:27:03,367.5,2597874
2021-06-24 10:27:04,367.55,2597894
2021-06-24 10:27:05,367.55,2597894
2021-06-24 10:27:06,367.55,2597894
2021-06-24 10:27:07,367.55,2597899
2021-06-24 10:27:08,367.55,2597899
2021-06-24 10:27:09,367.55,2597899
2021-06-24 10:27:10,367.55,2597899
2021-06-24 10:27:12,367.55,2598000
2021-06-24 10:27:12,367.55,2598000
2021-06-24 10:27:13,367.45,2601946
