timestamp,ltp,volume
2021-06-24 09:34:39,2490.9,67563
2021-06-24 09:34:40,2491.9,67583
2021-06-24 09:34:40,2492.0,67590
2021-06-24 09:34:41,2492.0,67590
2021-06-24 09:34:42,2490.9,67595
2021-06-24 09:34:43,2490.9,67595
2021-06-24 09:34:45,2492.0,67596
2021-06-24 09:34:46,2492.0,67596
2021-06-24 09:34:47,2491.0,67609
2021-06-24 09:34:48,2491.0,67609
2021-06-24 09:34:50,2492.0,67619
2021-06-24 09:34:51,2492.0,67619
2021-06-24 09:34:51,2492.0,67619
2021-06-24 09:34:52,2491.0,67629
2021-06-24 09:34:53,2491.95,67639
2021-06-24 09:34:54,2491.95,67639
2021-06-24 09:34:55,2491.95,67639
2021-06-24 09:34:56,2491.05,67641
2021-06-24 09:34:57,2491.05,67641
2021-06-24 09:34:58,2491.45,67671
2021-06-24 09:34:59,2491.45,67671
2021-06-24 09:35:01,2491.45,67671
2021-06-24 09:35:02,2491.45,67671
2021-06-24 09:35:02,2491.45,67671
2021-06-24 09:35:04,2491.05,67696
2021-06-24 09:35:06,2491.45,67714
2021-06-24 09:35:06,2491.45,67714
2021-06-24 09:35:07,2491.45,67714
2021-06-24 09:35:08,2491.45,67714
2021-06-24 09:35:09,2491.05,67715
2021-06-24 09:35:10,2491.05,67795
2021-06-24 09:35:11,2491.05,67799
2021-06-24 09:35:12,2491.0,67909
2021-06-24 09:35:14,2491.05,67912
2021-06-24 09:35:15,2491.25,67922
2021-06-24 09:35:16,2491.1,67923
2021-06-24 09:35:16,2491.45,67927
2021-06-24 09:35:17,2491.9,67942
2021-06-24 09:35:19,2491.9,67942
2021-06-24 09:35:21,2491.95,67954
2021-06-24 09:35:22,2491.95,67954
2021-06-24 09:35:23,2491.95,67959
2021-06-24 09:35:23,2491.05,68059
2021-06-24 09:35:24,2491.05,68059
2021-06-24 09:35:25,2491.95,68129
2021-06-24 09:35:26,2491.95,68129
2021-06-24 09:35:27,2491.9,68261
2021-06-24 09:35:28,2491.9,68261
2021-06-24 09:35:30,2491.8,68265
2021-06-24 09:35:31,2491.8,68265
2021-06-24 09:35:32,2491.8,68275
2021-06-24 09:35:33,2491.8,68275
2021-06-24 09:35:33,2491.8,68275
2021-06-24 09:35:34,2491.8,68275
2021-06-24 09:35:35,2491.1,68278
2021-06-24 09:35:36,2491.1,68278
2021-06-24 09:35:37,2491.1,68284
2021-06-24 09:35:38,2491.1,68284
2021-06-24 09:35:39,2491.1,68300
2021-06-24 09:35:40,2491.8,68312
2021-06-24 09:35:41,2491.8,68312
2021-06-24 09:35:42,2491.8,68312
2021-06-24 09:35:44,2491.1,68322
2021-06-24 09:35:45,2491.0,68372
2021-06-24 09:35:46,2491.7,68382
2021-06-24 09:35:47,2491.7,68382
2021-06-24 09:35:48,2491.7,68382
2021-06-24 09:35:49,2491.7,68382
2021-06-24 09:35:49,2491.7,68382
2021-06-24 09:35:50,2491.95,68782
2021-06-24 09:35:51,2491.95,68782
2021-06-24 09:35:52,2491.95,68782
2021-06-24 09:35:53,2491.95,68782
2021-06-24 09:35:54,2491.95,68886
2021-06-24 09:35:55,2491.95,68886
2021-06-24 09:35:57,2491.7,68897
2021-06-24 09:35:58,2491.7,68897
2021-06-24 09:35:59,2491.7,68902
2021-06-24 09:36:00,2491.7,68902
2021-06-24 09:36:00,2491.7,68902
2021-06-24 09:36:01,2491.7,68912
2021-06-24 09:36:02,2491.7,68917
2021-06-24 09:36:03,2491.7,68917
2021-06-24 09:36:04,2491.95,68965
2021-06-24 09:36:05,2491.7,68970
2021-06-24 09:36:06,2491.7,68970
2021-06-24 09:36:08,2492.0,69005
2021-06-24 09:36:09,2492.0,69005
2021-06-24 09:36:09,2492.9,69505
2021-06-24 09:36:10,2491.75,69506
2021-06-24 09:36:11,2491.75,69506
2021-06-24 09:36:13,2491.75,69506
2021-06-24 09:36:14,2491.75,69506
2021-06-24 09:36:16,2491.75,69506
2021-06-24 09:36:17,2491.75,69506
2021-06-24 09:36:18,2491.75,69506
2021-06-24 09:36:19,2491.75,69506
2021-06-24 09:36:20,2492.9,69511
2021-06-24 09:36:21,2492.9,69512
2021-06-24 09:36:22,2492.05,69513
2021-06-24 09:36:22,2492.05,69513
2021-06-24 09:36:23,2492.05,69513
2021-06-24 09:36:25,2492.9,69619
2021-06-24 09:36:26,2492.2,69630
2021-06-24 09:36:27,2492.2,69630
2021-06-24 09:36:28,2492.2,69630
2021-06-24 09:36:30,2492.15,69808
2021-06-24 09:36:31,2492.85,69826
2021-06-24 09:36:32,2492.85,69826
2021-06-24 09:36:33,2492.85,69876
2021-06-24 09:36:34,2492.85,69876
2021-06-24 09:36:35,2492.85,69881
2021-06-24 09:36:36,2492.85,69883
2021-06-24 09:36:36,2493.2,70010
2021-06-24 09:36:37,2492.85,70071
2021-06-24 09:36:38,2492.85,70072
2021-06-24 09:36:39,2492.85,70188
2021-06-24 09:36:40,2493.5,70210
2021-06-24 09:36:41,2493.5,70210
2021-06-24 09:36:42,2493.5,70215
2021-06-24 09:36:44,2493.2,70233
2021-06-24 09:36:46,2493.2,70289
2021-06-24 09:36:47,2493.2,70289
2021-06-24 09:36:47,2493.2,70289
2021-06-24 09:36:48,2493.2,70313
2021-06-24 09:36:50,2493.5,70319
2021-06-24 09:36:54,2493.55,70476
2021-06-24 09:36:55,2493.55,70476
2021-06-24 09:36:56,2493.55,70476
2021-06-24 09:36:57,2493.55,70476
2021-06-24 09:36:58,2493.55,70516
2021-06-24 09:36:59,2493.55,70521
2021-06-24 09:37:01,2493.55,70544
2021-06-24 09:37:01,2493.55,70544
2021-06-24 09:37:03,2493.95,70644
2021-06-24 09:37:05,2493.6,70749
2021-06-24 09:37:06,2493.75,70764
2021-06-24 09:37:07,2494.0,70871
2021-06-24 09:37:08,2494.05,71007
2021-06-24 09:37:09,2493.95,71043
2021-06-24 09:37:10,2493.6,71280
2021-06-24 09:37:11,2494.0,71312
2021-06-24 09:37:12,2494.0,71312
2021-06-24 09:37:13,2494.0,71320
2021-06-24 09:37:14,2493.5,71628
2021-06-24 09:37:15,2493.5,71634
2021-06-24 09:37:16,2493.5,71634
2021-06-24 09:37:17,2493.95,71649
2021-06-24 09:37:18,2492.8,71799
2021-06-24 09:37:19,2493.95,71809
2021-06-24 09:37:20,2493.95,71815
2021-06-24 09:37:21,2493.95,71815
2021-06-24 09:37:22,2494.0,71883
2021-06-24 09:37:23,2494.0,71898
2021-06-24 09:37:24,2494.0,71898
2021-06-24 09:37:25,2494.0,72906
2021-06-24 09:37:26,2494.0,72988
2021-06-24 09:37:27,2494.5,72993
2021-06-24 09:37:28,2494.0,73027
2021-06-24 09:37:29,2494.05,73072
2021-06-24 09:37:30,2494.8,73122
2021-06-24 09:37:31,2494.05,73128
2021-06-24 09:37:32,2494.95,73138
2021-06-24 09:37:33,2494.95,73144
2021-06-24 09:37:34,2494.95,73144
2021-06-24 09:37:35,2494.9,73189
2021-06-24 09:37:36,2494.9,73193
2021-06-24 09:37:37,2494.05,73218
2021-06-24 09:37:38,2494.05,73240
2021-06-24 09:37:39,2494.05,73240
2021-06-24 09:37:40,2494.05,73251
2021-06-24 09:37:41,2494.9,73258
2021-06-24 09:37:42,2494.05,73309
2021-06-24 09:37:43,2494.95,73459
2021-06-24 09:37:44,2494.05,73509
2021-06-24 09:37:45,2494.8,73511
2021-06-24 09:37:46,2494.95,73523
2021-06-24 09:37:47,2494.95,73573
2021-06-24 09:37:48,2494.95,73573
2021-06-24 09:37:49,2494.95,73573
2021-06-24 09:37:50,2494.95,73579
2021-06-24 09:37:51,2494.95,73589
2021-06-24 09:37:52,2494.95,73647
2021-06-24 09:37:53,2494.95,73661
2021-06-24 09:37:55,2494.95,73779
2021-06-24 09:37:57,2495.0,74141
2021-06-24 09:37:58,2495.0,74141
2021-06-24 09:37:58,2495.0,74141
2021-06-24 09:38:00,2495.5,74439
2021-06-24 09:38:01,2495.25,74484
2021-06-24 09:38:02,2495.0,74540
2021-06-24 09:38:03,2495.25,74541
2021-06-24 09:38:04,2495.0,74687
2021-06-24 09:38:05,2494.05,74788
2021-06-24 09:38:06,2495.0,74815
2021-06-24 09:38:07,2495.0,74869
2021-06-24 09:38:08,2494.95,74902
2021-06-24 09:38:09,2494.15,75034
2021-06-24 09:38:10,2494.15,75034
2021-06-24 09:38:11,2494.95,75044
2021-06-24 09:38:12,2494.95,75046
2021-06-24 09:38:13,2495.0,75051
2021-06-24 09:38:14,2494.5,75066
2021-06-24 09:38:15,2494.5,75068
2021-06-24 09:38:16,2494.5,75069
2021-06-24 09:38:17,2494.15,75121
2021-06-24 09:38:18,2494.15,75121
2021-06-24 09:38:18,2494.2,75122
2021-06-24 09:38:19,2494.2,75122
2021-06-24 09:38:20,2494.2,75129
2021-06-24 09:38:22,2494.25,75134
2021-06-24 09:38:23,2494.45,75236
2021-06-24 09:38:24,2494.45,75236
2021-06-24 09:38:25,2494.3,75246
2021-06-24 09:38:26,2494.3,75257
2021-06-24 09:38:27,2494.25,75261
2021-06-24 09:38:28,2494.25,75261
2021-06-24 09:38:29,2494.25,75261
2021-06-24 09:38:30,2494.2,75262
2021-06-24 09:38:31,2494.2,75266
2021-06-24 09:38:32,2494.5,75268
2021-06-24 09:38:33,2494.2,75538
2021-06-24 09:38:34,2494.85,75628
2021-06-24 09:38:35,2494.85,75628
2021-06-24 09:38:36,2494.85,75628
2021-06-24 09:38:37,2494.3,75648
2021-06-24 09:38:38,2494.3,75648
2021-06-24 09:38:39,2494.8,75672
2021-06-24 09:38:40,2494.85,75692
2021-06-24 09:38:41,2494.85,75753
2021-06-24 09:38:42,2494.85,75753
2021-06-24 09:38:43,2494.85,75753
2021-06-24 09:38:44,2494.85,75795
2021-06-24 09:38:45,2494.85,75795
2021-06-24 09:38:47,2494.85,75923
2021-06-24 09:38:48,2494.3,75944
2021-06-24 09:38:48,2494.3,75994
2021-06-24 09:38:49,2494.85,76004
2021-06-24 09:38:51,2494.3,76142
2021-06-24 09:38:52,2494.3,76142
2021-06-24 09:38:53,2494.3,76142
2021-06-24 09:38:54,2494.25,76221
2021-06-24 09:38:54,2494.25,76221
2021-06-24 09:38:55,2494.25,76221
2021-06-24 09:38:57,2494.25,76323
2021-06-24 09:38:58,2494.25,76323
2021-06-24 09:38:59,2494.3,76348
2021-06-24 09:39:00,2494.3,76348
2021-06-24 09:39:01,2494.3,76398
2021-06-24 09:39:03,2494.3,76417
2021-06-24 09:39:04,2494.2,76426
2021-06-24 09:39:05,2494.3,76427
2021-06-24 09:39:07,2494.25,76433
2021-06-24 09:39:08,2494.25,76434
2021-06-24 09:39:09,2494.2,76435
2021-06-24 09:39:11,2494.2,76618
2021-06-24 09:39:12,2493.7,78326
2021-06-24 09:39:13,2493.7,78326
2021-06-24 09:39:14,2494.15,78356
2021-06-24 09:39:15,2493.6,78358
2021-06-24 09:39:16,2494.1,78359
2021-06-24 09:39:17,2493.6,78375
2021-06-24 09:39:18,2494.05,78377
2021-06-24 09:39:19,2493.6,78393
2021-06-24 09:39:20,2492.25,79003
2021-06-24 09:39:21,2493.45,79063
2021-06-24 09:39:22,2493.35,79172
2021-06-24 09:39:24,2493.35,79208
2021-06-24 09:39:25,2492.25,79258
2021-06-24 09:39:26,2493.4,79309
2021-06-24 09:39:28,2493.5,79384
2021-06-24 09:39:29,2493.5,79384
2021-06-24 09:39:30,2493.5,79391
2021-06-24 09:39:31,2493.5,79412
2021-06-24 09:39:32,2493.5,79412
2021-06-24 09:39:33,2492.5,79512
2021-06-24 09:39:34,2493.45,79530
2021-06-24 09:39:35,2493.5,79536
2021-06-24 09:39:36,2493.5,79541
2021-06-24 09:39:37,2493.5,79549
2021-06-24 09:39:38,2493.5,79554
2021-06-24 09:39:39,2493.5,79554
2021-06-24 09:39:40,2493.5,79554
2021-06-24 09:39:41,2493.5,79566
2021-06-24 09:39:42,2493.5,79566
2021-06-24 09:39:43,2493.6,79627
2021-06-24 09:39:44,2494.0,79728
2021-06-24 09:39:45,2494.3,79756
2021-06-24 09:39:46,2493.5,79761
2021-06-24 09:39:47,2493.5,79761
2021-06-24 09:39:48,2493.5,79761
2021-06-24 09:39:50,2494.45,79786
2021-06-24 09:39:51,2493.7,79791
2021-06-24 09:39:52,2493.7,79791
2021-06-24 09:39:53,2494.65,79801
2021-06-24 09:39:54,2494.7,79896
2021-06-24 09:39:55,2494.7,79896
2021-06-24 09:39:56,2494.7,79896
2021-06-24 09:39:57,2494.7,79896
2021-06-24 09:39:58,2494.7,79896
2021-06-24 09:39:59,2494.7,79896
2021-06-24 09:40:00,2494.7,79896
2021-06-24 09:40:01,2494.7,79896
2021-06-24 09:40:02,2494.95,80156
2021-06-24 09:40:03,2494.9,80187
2021-06-24 09:40:04,2494.9,80212
2021-06-24 09:40:05,2494.9,80212
2021-06-24 09:40:06,2494.0,80267
2021-06-24 09:40:07,2494.9,80276
2021-06-24 09:40:08,2494.9,80276
2021-06-24 09:40:08,2494.9,80276
2021-06-24 09:40:11,2494.0,80291
2021-06-24 09:40:12,2494.35,80295
2021-06-24 09:40:13,2494.35,80295
2021-06-24 09:40:15,2494.75,80403
2021-06-24 09:40:16,2494.75,80403
2021-06-24 09:40:17,2494.75,80403
2021-06-24 09:40:18,2494.75,80403
2021-06-24 09:40:19,2494.75,80403
2021-06-24 09:40:20,2494.75,80403
2021-06-24 09:40:21,2494.9,80404
2021-06-24 09:40:22,2494.1,80418
2021-06-24 09:40:23,2494.1,80418
2021-06-24 09:40:25,2494.0,80446
2021-06-24 09:40:26,2494.9,80471
2021-06-24 09:40:27,2494.9,80471
2021-06-24 09:40:28,2494.9,80471
2021-06-24 09:40:29,2494.9,80471
2021-06-24 09:40:30,2494.75,80521
2021-06-24 09:40:31,2494.7,80562
2021-06-24 09:40:32,2494.7,80562
2021-06-24 09:40:33,2494.45,80565
2021-06-24 09:40:34,2494.45,80565
2021-06-24 09:40:35,2494.95,80665
2021-06-24 09:40:36,2494.95,80665
2021-06-24 09:40:37,2494.95,80665
2021-06-24 09:40:38,2494.2,80675
2021-06-24 09:40:39,2494.2,80675
2021-06-24 09:40:40,2494.1,80787
2021-06-24 09:40:41,2494.1,80787
2021-06-24 09:40:42,2494.45,80788
2021-06-24 09:40:43,2494.45,80788
2021-06-24 09:40:44,2494.45,80838
2021-06-24 09:40:45,2494.45,80854
2021-06-24 09:40:46,2494.0,80891
2021-06-24 09:40:47,2494.0,80891
2021-06-24 09:40:48,2494.0,80893
2021-06-24 09:40:49,2494.0,80894
2021-06-24 09:40:50,2494.45,80945
2021-06-24 09:40:51,2494.45,80945
2021-06-24 09:40:52,2494.45,80945
2021-06-24 09:40:53,2494.05,80948
2021-06-24 09:40:54,2494.05,80948
2021-06-24 09:40:55,2494.05,80948
2021-06-24 09:40:56,2494.45,80949
2021-06-24 09:40:57,2494.5,80975
2021-06-24 09:40:58,2494.95,81260
2021-06-24 09:40:59,2494.45,81341
2021-06-24 09:41:00,2494.45,81366
2021-06-24 09:41:01,2494.45,81366
2021-06-24 09:41:02,2494.45,81772
2021-06-24 09:41:03,2494.45,81801
2021-06-24 09:41:04,2494.45,81809
2021-06-24 09:41:05,2494.95,81829
2021-06-24 09:41:06,2494.45,81839
2021-06-24 09:41:07,2494.45,81839
2021-06-24 09:41:08,2494.45,81839
2021-06-24 09:41:09,2494.45,81845
2021-06-24 09:41:10,2494.45,81962
2021-06-24 09:41:11,2494.45,82602
2021-06-24 09:41:12,2494.45,82695
2021-06-24 09:41:13,2494.45,82960
2021-06-24 09:41:14,2494.45,82960
2021-06-24 09:41:15,2494.05,82980
2021-06-24 09:41:17,2493.55,83811
2021-06-24 09:41:18,2494.05,83974
2021-06-24 09:41:19,2494.05,83974
2021-06-24 09:41:20,2494.05,83974
2021-06-24 09:41:22,2494.05,83975
2021-06-24 09:41:23,2494.05,83975
2021-06-24 09:41:24,2494.05,84000
2021-06-24 09:41:25,2494.05,84001
2021-06-24 09:41:26,2494.05,84001
2021-06-24 09:41:27,2493.25,84016
2021-06-24 09:41:28,2493.25,84017
2021-06-24 09:41:29,2493.25,84040
2021-06-24 09:41:30,2493.25,84040
2021-06-24 09:41:32,2493.6,84130
2021-06-24 09:41:31,2493.6,84081
2021-06-24 09:41:33,2493.25,84150
2021-06-24 09:41:34,2493.25,84155
2021-06-24 09:41:35,2493.25,84155
2021-06-24 09:41:36,2493.25,84157
2021-06-24 09:41:37,2493.95,84159
2021-06-24 09:41:38,2493.25,84163
2021-06-24 09:41:39,2493.25,84163
2021-06-24 09:41:40,2493.25,84163
2021-06-24 09:41:41,2493.8,84220
2021-06-24 09:41:42,2493.2,84250
2021-06-24 09:41:43,2493.2,84250
2021-06-24 09:41:44,2493.2,84266
2021-06-24 09:41:45,2493.2,84266
2021-06-24 09:41:46,2493.2,84266
2021-06-24 09:41:47,2493.2,84266
2021-06-24 09:41:48,2493.2,84283
2021-06-24 09:41:49,2493.2,84284
2021-06-24 09:41:50,2493.2,84284
2021-06-24 09:41:51,2493.75,84334
2021-06-24 09:41:52,2493.75,84337
2021-06-24 09:41:54,2493.8,84458
2021-06-24 09:41:55,2493.2,84469
2021-06-24 09:41:56,2493.8,84473
2021-06-24 09:41:57,2493.8,84473
2021-06-24 09:41:58,2493.8,84474
2021-06-24 09:42:00,2493.8,84476
2021-06-24 09:42:01,2493.8,84476
2021-06-24 09:42:02,2493.8,84476
2021-06-24 09:42:03,2493.8,84476
2021-06-24 09:42:04,2493.2,84485
2021-06-24 09:42:05,2493.2,84485
2021-06-24 09:42:06,2493.2,84485
2021-06-24 09:42:07,2493.2,84485
2021-06-24 09:42:08,2493.2,84486
2021-06-24 09:42:10,2492.8,84609
2021-06-24 09:42:11,2492.8,84609
2021-06-24 09:42:12,2492.8,84635
2021-06-24 09:42:13,2492.8,84636
2021-06-24 09:42:14,2492.0,84886
2021-06-24 09:42:15,2492.0,84886
2021-06-24 09:42:16,2492.0,84886
2021-06-24 09:42:17,2492.1,84887
2021-06-24 09:42:18,2492.1,84887
2021-06-24 09:42:19,2492.1,84887
2021-06-24 09:42:20,2492.1,84887
2021-06-24 09:42:21,2492.15,84888
2021-06-24 09:42:22,2492.15,84888
2021-06-24 09:42:23,2492.15,84899
2021-06-24 09:42:24,2492.15,84900
2021-06-24 09:42:25,2492.15,84955
2021-06-24 09:42:27,2492.15,84955
2021-06-24 09:42:27,2492.15,84955
2021-06-24 09:42:28,2492.15,84955
2021-06-24 09:42:30,2491.0,85525
2021-06-24 09:42:30,2491.0,85612
2021-06-24 09:42:31,2491.0,85612
2021-06-24 09:42:32,2490.65,85627
2021-06-24 09:42:33,2490.65,85648
2021-06-24 09:42:34,2490.7,85658
2021-06-24 09:42:35,2490.65,85678
2021-06-24 09:42:36,2491.0,85737
2021-06-24 09:42:38,2491.95,85738
2021-06-24 09:42:39,2491.0,85740
2021-06-24 09:42:40,2492.0,85768
2021-06-24 09:42:41,2492.0,85768
2021-06-24 09:42:42,2492.0,85768
2021-06-24 09:42:43,2492.0,85768
2021-06-24 09:42:45,2491.45,85808
2021-06-24 09:42:46,2491.2,85885
2021-06-24 09:42:46,2491.15,85892
2021-06-24 09:42:47,2492.0,85913
2021-06-24 09:42:49,2492.0,85913
2021-06-24 09:42:50,2492.0,85913
2021-06-24 09:42:52,2491.15,85917
2021-06-24 09:42:52,2491.15,85917
2021-06-24 09:42:53,2491.15,85917
2021-06-24 09:42:54,2491.8,85920
2021-06-24 09:42:56,2491.8,85920
2021-06-24 09:42:56,2491.8,85920
2021-06-24 09:42:57,2491.8,85920
2021-06-24 09:42:58,2491.8,85920
2021-06-24 09:42:59,2491.5,85921
2021-06-24 09:43:00,2491.45,85940
2021-06-24 09:43:01,2491.45,85940
2021-06-24 09:43:02,2491.45,85940
2021-06-24 09:43:03,2491.45,85940
2021-06-24 09:43:04,2491.45,85940
2021-06-24 09:43:05,2491.3,85941
2021-06-24 09:43:06,2491.3,85941
2021-06-24 09:43:08,2491.3,85941
2021-06-24 09:43:09,2491.2,85967
2021-06-24 09:43:09,2491.45,85987
2021-06-24 09:43:11,2491.0,86109
2021-06-24 09:43:13,2491.0,86109
2021-06-24 09:43:13,2491.0,86109
2021-06-24 09:43:14,2491.0,86109
2021-06-24 09:43:15,2491.0,86109
2021-06-24 09:43:17,2491.0,86109
2021-06-24 09:43:18,2491.0,86114
2021-06-24 09:43:19,2491.0,86114
2021-06-24 09:43:20,2491.0,86160
2021-06-24 09:43:21,2491.0,86160
2021-06-24 09:43:22,2490.65,86184
2021-06-24 09:43:23,2491.0,86189
2021-06-24 09:43:24,2491.0,86189
2021-06-24 09:43:25,2491.0,86189
2021-06-24 09:43:26,2491.0,86189
2021-06-24 09:43:27,2491.0,86189
2021-06-24 09:43:28,2491.0,86189
2021-06-24 09:43:29,2491.0,86239
2021-06-24 09:43:30,2491.0,86240
2021-06-24 09:43:31,2491.0,86240
2021-06-24 09:43:32,2491.0,86240
2021-06-24 09:43:34,2491.0,86240
2021-06-24 09:43:34,2491.0,86240
2021-06-24 09:43:35,2491.0,86240
2021-06-24 09:43:36,2490.95,86243
2021-06-24 09:43:38,2490.95,86265
2021-06-24 09:43:40,2490.9,86277
2021-06-24 09:43:40,2490.9,86284
2021-06-24 09:43:42,2490.9,86290
2021-06-24 09:43:43,2490.9,86290
2021-06-24 09:43:43,2490.9,86290
2021-06-24 09:43:45,2490.95,86402
2021-06-24 09:43:46,2490.95,86402
2021-06-24 09:43:47,2490.95,86406
2021-06-24 09:43:48,2490.95,86406
2021-06-24 09:43:49,2490.95,86407
2021-06-24 09:43:50,2491.0,86423
2021-06-24 09:43:51,2491.0,86425
2021-06-24 09:43:52,2491.0,86425
2021-06-24 09:43:54,2491.0,86425
2021-06-24 09:43:54,2491.0,86454
2021-06-24 09:43:55,2491.0,86454
2021-06-24 09:43:56,2490.9,86462
2021-06-24 09:43:57,2490.9,86482
2021-06-24 09:43:58,2490.9,86482
2021-06-24 09:43:59,2490.9,86482
2021-06-24 09:44:00,2490.9,86513
2021-06-24 09:44:01,2490.9,86522
2021-06-24 09:44:02,2491.0,86537
2021-06-24 09:44:03,2491.0,86537
2021-06-24 09:44:04,2491.0,86537
2021-06-24 09:44:05,2491.0,86538
2021-06-24 09:44:06,2490.9,86553
2021-06-24 09:44:07,2490.9,86573
2021-06-24 09:44:09,2490.9,86573
2021-06-24 09:44:09,2490.9,86573
2021-06-24 09:44:10,2490.9,86575
2021-06-24 09:44:11,2489.35,87534
2021-06-24 09:44:12,2489.35,87658
2021-06-24 09:44:13,2489.55,87742
2021-06-24 09:44:14,2489.35,87777
2021-06-24 09:44:15,2489.35,87779
2021-06-24 09:44:16,2489.35,87899
2021-06-24 09:44:17,2489.2,87908
2021-06-24 09:44:18,2488.5,87958
2021-06-24 09:44:19,2488.65,87963
2021-06-24 09:44:20,2488.05,88223
2021-06-24 09:44:21,2488.05,88223
2021-06-24 09:44:23,2488.2,88248
2021-06-24 09:44:23,2488.2,88248
2021-06-24 09:44:24,2488.65,88263
2021-06-24 09:44:26,2488.65,88263
2021-06-24 09:44:27,2488.65,88263
2021-06-24 09:44:27,2488.65,88263
2021-06-24 09:44:28,2488.65,88263
2021-06-24 09:44:29,2488.65,88288
2021-06-24 09:44:30,2489.0,88323
2021-06-24 09:44:31,2488.65,88325
2021-06-24 09:44:32,2488.6,88331
2021-06-24 09:44:33,2488.65,88464
2021-06-24 09:44:34,2488.0,89087
2021-06-24 09:44:35,2488.0,89092
2021-06-24 09:44:38,2487.3,89542
2021-06-24 09:44:38,2487.45,89562
2021-06-24 09:44:40,2487.45,89965
2021-06-24 09:44:41,2487.6,89972
2021-06-24 09:44:42,2486.95,89995
2021-06-24 09:44:43,2486.35,90019
2021-06-24 09:44:44,2486.35,90019
2021-06-24 09:44:45,2486.35,90069
2021-06-24 09:44:46,2486.45,90554
2021-06-24 09:44:46,2486.35,90801
2021-06-24 09:44:49,2487.0,91048
2021-06-24 09:44:51,2486.8,91068
2021-06-24 09:44:51,2486.75,91270
2021-06-24 09:44:52,2486.75,91270
2021-06-24 09:44:54,2486.75,91270
2021-06-24 09:44:54,2486.8,91271
2021-06-24 09:44:55,2486.75,91288
2021-06-24 09:44:56,2486.75,91289
2021-06-24 09:44:57,2487.5,91389
2021-06-24 09:44:58,2486.85,91392
2021-06-24 09:45:00,2486.85,91424
2021-06-24 09:45:01,2487.45,91448
2021-06-24 09:45:02,2487.45,91448
2021-06-24 09:45:03,2487.55,91498
2021-06-24 09:45:04,2487.55,91498
2021-06-24 09:45:05,2486.75,91524
2021-06-24 09:45:06,2486.75,91524
2021-06-24 09:45:07,2487.5,91574
2021-06-24 09:45:08,2487.5,91589
2021-06-24 09:45:10,2487.0,91614
2021-06-24 09:45:11,2487.0,91664
2021-06-24 09:45:12,2487.0,91664
2021-06-24 09:45:13,2487.0,91664
2021-06-24 09:45:14,2487.0,91667
2021-06-24 09:45:15,2487.05,91678
2021-06-24 09:45:17,2487.5,91823
2021-06-24 09:45:17,2487.5,91823
2021-06-24 09:45:19,2487.5,91826
2021-06-24 09:45:20,2487.0,91843
2021-06-24 09:45:21,2488.2,92344
2021-06-24 09:45:22,2488.65,92345
2021-06-24 09:45:23,2488.65,92345
2021-06-24 09:45:24,2488.65,92345
2021-06-24 09:45:25,2488.65,92346
2021-06-24 09:45:26,2488.65,92356
2021-06-24 09:45:27,2488.65,92406
2021-06-24 09:45:28,2488.65,92407
2021-06-24 09:45:29,2488.65,92407
2021-06-24 09:45:30,2488.65,92407
2021-06-24 09:45:31,2488.65,92407
2021-06-24 09:45:33,2488.65,92407
2021-06-24 09:45:34,2488.0,92443
2021-06-24 09:45:35,2488.3,92469
2021-06-24 09:45:36,2488.65,92474
2021-06-24 09:45:37,2488.65,92474
2021-06-24 09:45:37,2488.7,92504
2021-06-24 09:45:38,2488.7,92504
2021-06-24 09:45:40,2488.7,92530
2021-06-24 09:45:40,2488.7,92537
2021-06-24 09:45:41,2488.7,92537
2021-06-24 09:45:42,2488.0,92567
2021-06-24 09:45:43,2488.0,92567
2021-06-24 09:45:44,2488.0,92567
2021-06-24 09:45:45,2488.0,92571
2021-06-24 09:45:46,2488.0,92571
2021-06-24 09:45:48,2488.0,92628
2021-06-24 09:45:48,2488.0,92628
2021-06-24 09:45:50,2488.0,92628
2021-06-24 09:45:50,2488.0,92628
2021-06-24 09:45:51,2488.05,92638
2021-06-24 09:45:52,2488.05,92638
2021-06-24 09:45:53,2488.05,92638
2021-06-24 09:45:54,2488.05,92638
2021-06-24 09:45:55,2488.05,92638
2021-06-24 09:45:57,2488.05,92663
2021-06-24 09:45:58,2488.05,92663
2021-06-24 09:45:59,2488.05,92663
2021-06-24 09:46:00,2488.5,92664
2021-06-24 09:46:00,2488.9,92665
2021-06-24 09:46:02,2488.9,92665
2021-06-24 09:46:03,2487.6,92765
2021-06-24 09:46:04,2487.6,92765
2021-06-24 09:46:06,2488.15,92766
2021-06-24 09:46:06,2488.15,92766
2021-06-24 09:46:07,2488.15,92766
2021-06-24 09:46:08,2488.6,92816
2021-06-24 09:46:09,2488.15,92836
2021-06-24 09:46:10,2488.15,92836
2021-06-24 09:46:11,2488.15,92846
2021-06-24 09:46:13,2488.15,92846
2021-06-24 09:46:14,2488.15,92846
2021-06-24 09:46:14,2488.15,92846
2021-06-24 09:46:15,2488.15,92884
2021-06-24 09:46:16,2488.15,92884
2021-06-24 09:46:17,2488.6,92886
2021-06-24 09:46:18,2488.6,92886
2021-06-24 09:46:19,2487.3,92946
2021-06-24 09:46:20,2489.0,93046
2021-06-24 09:46:21,2489.0,93046
2021-06-24 09:46:22,2489.0,93046
2021-06-24 09:46:24,2488.95,93052
2021-06-24 09:46:25,2488.95,93052
2021-06-24 09:46:26,2488.6,93149
2021-06-24 09:46:27,2488.35,93155
2021-06-24 09:46:27,2487.4,93166
2021-06-24 09:46:28,2488.35,93185
2021-06-24 09:46:29,2488.35,93185
2021-06-24 09:46:30,2488.5,93238
2021-06-24 09:46:31,2488.5,93238
2021-06-24 09:46:33,2488.0,93254
2021-06-24 09:46:34,2488.0,93254
2021-06-24 09:46:35,2488.0,93254
2021-06-24 09:46:36,2488.55,93324
2021-06-24 09:46:36,2488.55,93324
2021-06-24 09:46:37,2488.55,93324
2021-06-24 09:46:38,2488.55,93324
2021-06-24 09:46:39,2488.55,93328
2021-06-24 09:46:41,2488.55,93360
2021-06-24 09:46:42,2488.0,93361
2021-06-24 09:46:43,2488.0,93365
2021-06-24 09:46:44,2488.0,93449
2021-06-24 09:46:45,2487.3,93571
2021-06-24 09:46:45,2487.1,93622
2021-06-24 09:46:46,2488.15,93633
2021-06-24 09:46:47,2488.15,93633
2021-06-24 09:46:48,2488.15,93637
2021-06-24 09:46:50,2487.1,93657
2021-06-24 09:46:51,2488.0,93682
2021-06-24 09:46:52,2488.0,93682
2021-06-24 09:46:53,2488.0,93682
2021-06-24 09:46:54,2487.9,93834
2021-06-24 09:46:54,2487.9,93834
2021-06-24 09:46:55,2486.25,94123
2021-06-24 09:46:56,2486.25,94308
2021-06-24 09:46:57,2486.8,94404
2021-06-24 09:46:59,2486.85,94429
2021-06-24 09:47:00,2486.35,94430
2021-06-24 09:47:01,2486.35,94430
2021-06-24 09:47:03,2486.85,94452
2021-06-24 09:47:06,2486.4,94782
2021-06-24 09:47:06,2486.4,94782
2021-06-24 09:47:08,2486.25,94784
2021-06-24 09:47:09,2486.25,94784
2021-06-24 09:47:11,2486.05,94788
2021-06-24 09:47:12,2486.25,95208
2021-06-24 09:47:14,2486.35,95246
2021-06-24 09:47:15,2485.85,95274
2021-06-24 09:47:15,2485.85,95274
2021-06-24 09:47:16,2486.0,95279
2021-06-24 09:47:18,2486.0,95295
2021-06-24 09:47:19,2486.0,95351
2021-06-24 09:47:20,2486.35,95352
2021-06-24 09:47:21,2486.35,95357
2021-06-24 09:47:22,2486.0,95368
2021-06-24 09:47:22,2486.0,95368
2021-06-24 09:47:23,2486.0,95419
2021-06-24 09:47:25,2486.0,95419
2021-06-24 09:47:26,2486.3,95519
2021-06-24 09:47:28,2486.0,95573
2021-06-24 09:47:29,2485.5,95836
2021-06-24 09:47:29,2485.5,95836
2021-06-24 09:47:30,2486.35,95858
2021-06-24 09:47:31,2485.5,95863
2021-06-24 09:47:32,2486.35,95874
2021-06-24 09:47:33,2486.35,95875
2021-06-24 09:47:34,2485.5,95880
2021-06-24 09:47:35,2486.35,95881
2021-06-24 09:47:36,2486.35,95881
2021-06-24 09:47:37,2485.5,95895
2021-06-24 09:47:38,2485.5,95895
2021-06-24 09:47:40,2486.35,95900
2021-06-24 09:47:42,2486.35,95909
2021-06-24 09:47:43,2486.35,95909
2021-06-24 09:47:44,2486.35,95909
2021-06-24 09:47:45,2486.35,95909
2021-06-24 09:47:46,2486.0,95914
2021-06-24 09:47:47,2486.0,95914
2021-06-24 09:47:47,2486.0,95914
2021-06-24 09:47:49,2485.15,96017
2021-06-24 09:47:50,2485.15,96017
2021-06-24 09:47:51,2486.15,96040
2021-06-24 09:47:52,2486.6,96107
2021-06-24 09:47:53,2486.75,96109
2021-06-24 09:47:53,2486.6,96114
2021-06-24 09:47:54,2486.6,96120
2021-06-24 09:47:55,2486.6,96122
2021-06-24 09:47:56,2486.6,96122
2021-06-24 09:47:58,2485.55,96172
2021-06-24 09:47:58,2486.6,96176
2021-06-24 09:47:59,2486.6,96179
2021-06-24 09:48:00,2486.6,96179
2021-06-24 09:48:01,2486.6,96179
2021-06-24 09:48:03,2485.6,96192
2021-06-24 09:48:03,2485.5,96212
2021-06-24 09:48:04,2485.5,96212
2021-06-24 09:48:05,2486.1,96215
2021-06-24 09:48:06,2485.45,96228
2021-06-24 09:48:08,2485.45,96315
2021-06-24 09:48:09,2485.15,96319
2021-06-24 09:48:10,2485.25,96323
2021-06-24 09:48:10,2486.35,96332
2021-06-24 09:48:11,2486.35,96332
2021-06-24 09:48:13,2486.35,96332
2021-06-24 09:48:14,2486.35,96332
2021-06-24 09:48:15,2486.35,96357
2021-06-24 09:48:16,2485.2,96377
2021-06-24 09:48:17,2485.2,96377
2021-06-24 09:48:18,2486.0,96387
2021-06-24 09:48:18,2485.2,96388
2021-06-24 09:48:19,2486.0,96438
2021-06-24 09:48:21,2486.0,96543
2021-06-24 09:48:21,2486.0,96543
2021-06-24 09:48:22,2486.0,96558
2021-06-24 09:48:24,2486.0,96558
2021-06-24 09:48:25,2486.0,96558
2021-06-24 09:48:25,2486.0,96558
2021-06-24 09:48:26,2486.0,96558
2021-06-24 09:48:27,2486.0,96558
2021-06-24 09:48:28,2486.0,96563
2021-06-24 09:48:29,2486.0,96563
2021-06-24 09:48:30,2486.0,96565
2021-06-24 09:48:31,2485.5,96573
2021-06-24 09:48:33,2485.5,96580
2021-06-24 09:48:33,2485.5,96580
2021-06-24 09:48:34,2485.5,96582
2021-06-24 09:48:35,2485.9,96583
2021-06-24 09:48:36,2485.5,96587
2021-06-24 09:48:37,2485.5,96587
2021-06-24 09:48:39,2485.5,96587
2021-06-24 09:48:39,2485.5,96587
2021-06-24 09:48:40,2485.65,96714
2021-06-24 09:48:42,2485.65,96725
2021-06-24 09:48:42,2485.65,96725
2021-06-24 09:48:43,2485.5,96726
2021-06-24 09:48:44,2485.2,96826
2021-06-24 09:48:45,2485.85,96837
2021-06-24 09:48:46,2485.85,96838
2021-06-24 09:48:47,2485.9,96839
2021-06-24 09:48:48,2485.9,96842
2021-06-24 09:48:49,2485.9,96842
2021-06-24 09:48:51,2485.9,96842
2021-06-24 09:48:52,2485.5,96999
2021-06-24 09:48:53,2486.0,97012
2021-06-24 09:48:54,2486.0,97012
2021-06-24 09:48:55,2486.0,97012
2021-06-24 09:48:56,2486.0,97012
2021-06-24 09:48:57,2485.5,97112
2021-06-24 09:48:58,2485.5,97112
2021-06-24 09:48:59,2485.5,97112
2021-06-24 09:49:00,2485.95,97122
2021-06-24 09:49:01,2485.55,97123
2021-06-24 09:49:02,2485.55,97123
2021-06-24 09:49:03,2485.5,97173
2021-06-24 09:49:04,2485.5,97173
2021-06-24 09:49:05,2485.6,97179
2021-06-24 09:49:06,2485.5,97188
2021-06-24 09:49:07,2485.5,97188
2021-06-24 09:49:08,2485.5,97188
2021-06-24 09:49:09,2485.5,97212
2021-06-24 09:49:10,2485.5,97215
2021-06-24 09:49:11,2486.0,97218
2021-06-24 09:49:12,2485.5,97233
2021-06-24 09:49:13,2485.5,97233
2021-06-24 09:49:14,2486.0,97254
2021-06-24 09:49:15,2486.0,97254
2021-06-24 09:49:15,2485.5,97284
2021-06-24 09:49:16,2486.0,97289
2021-06-24 09:49:17,2485.5,97294
2021-06-24 09:49:18,2486.0,97296
2021-06-24 09:49:21,2486.0,97296
2021-06-24 09:49:22,2486.0,97296
2021-06-24 09:49:23,2486.0,97296
2021-06-24 09:49:24,2486.0,97435
2021-06-24 09:49:25,2486.0,97478
2021-06-24 09:49:25,2486.0,97478
2021-06-24 09:49:26,2486.0,97478
2021-06-24 09:49:27,2486.0,97478
2021-06-24 09:49:29,2486.0,97478
2021-06-24 09:49:31,2486.0,97478
2021-06-24 09:49:32,2486.0,97478
2021-06-24 09:49:33,2486.95,97498
2021-06-24 09:49:34,2486.9,97499
2021-06-24 09:49:35,2486.9,97499
2021-06-24 09:49:36,2486.15,97500
2021-06-24 09:49:37,2486.5,97511
2021-06-24 09:49:38,2486.9,97614
2021-06-24 09:49:39,2486.9,97614
2021-06-24 09:49:40,2486.9,97615
2021-06-24 09:49:41,2486.9,97622
2021-06-24 09:49:42,2486.15,97672
2021-06-24 09:49:43,2486.9,97674
2021-06-24 09:49:44,2486.9,97674
2021-06-24 09:49:45,2486.9,97674
2021-06-24 09:49:46,2486.2,97676
2021-06-24 09:49:46,2486.2,97681
2021-06-24 09:49:47,2486.2,97681
2021-06-24 09:49:48,2486.2,97681
2021-06-24 09:49:49,2486.85,97724
2021-06-24 09:49:50,2486.85,97724
2021-06-24 09:49:51,2486.85,97724
2021-06-24 09:49:53,2486.85,97724
2021-06-24 09:49:54,2486.85,97724
2021-06-24 09:49:55,2486.85,97724
2021-06-24 09:49:56,2486.2,97749
2021-06-24 09:49:57,2486.2,97749
2021-06-24 09:49:58,2486.2,97749
2021-06-24 09:49:59,2486.2,97749
2021-06-24 09:50:00,2486.2,97749
2021-06-24 09:50:01,2486.2,97774
2021-06-24 09:50:02,2486.2,97774
2021-06-24 09:50:03,2486.2,97777
2021-06-24 09:50:04,2486.85,97779
2021-06-24 09:50:05,2486.85,97779
2021-06-24 09:50:06,2486.85,97844
2021-06-24 09:50:07,2486.85,97844
2021-06-24 09:50:08,2486.85,97844
2021-06-24 09:50:09,2486.85,97844
2021-06-24 09:50:10,2486.85,97844
2021-06-24 09:50:11,2486.8,97850
2021-06-24 09:50:11,2486.8,97850
2021-06-24 09:50:13,2486.5,97855
2021-06-24 09:50:14,2486.5,97855
2021-06-24 09:50:15,2486.5,97855
2021-06-24 09:50:16,2486.5,97855
2021-06-24 09:50:17,2486.2,97856
2021-06-24 09:50:18,2486.2,97874
2021-06-24 09:50:19,2486.2,97906
2021-06-24 09:50:21,2486.35,98049
2021-06-24 09:50:22,2486.35,98049
2021-06-24 09:50:23,2486.35,98061
2021-06-24 09:50:24,2486.2,98073
2021-06-24 09:50:24,2486.35,98087
2021-06-24 09:50:26,2486.35,98087
2021-06-24 09:50:26,2486.35,98137
2021-06-24 09:50:27,2486.8,98140
2021-06-24 09:50:28,2486.85,98205
2021-06-24 09:50:29,2486.85,98205
2021-06-24 09:50:30,2486.35,98206
2021-06-24 09:50:32,2486.8,98212
2021-06-24 09:50:32,2486.8,98212
2021-06-24 09:50:33,2486.8,98212
2021-06-24 09:50:34,2486.6,98217
2021-06-24 09:50:35,2486.6,98218
2021-06-24 09:50:37,2486.35,98368
2021-06-24 09:50:38,2486.35,98368
2021-06-24 09:50:39,2486.9,98388
2021-06-24 09:50:40,2486.9,98395
2021-06-24 09:50:41,2486.45,98396
2021-06-24 09:50:42,2486.45,98396
2021-06-24 09:50:43,2486.45,98396
2021-06-24 09:50:44,2486.35,98421
2021-06-24 09:50:45,2486.35,98426
2021-06-24 09:50:45,2486.35,98426
2021-06-24 09:50:46,2486.4,98558
2021-06-24 09:50:48,2486.4,98569
2021-06-24 09:50:49,2486.4,98569
2021-06-24 09:50:50,2486.4,98570
2021-06-24 09:50:50,2486.05,98572
2021-06-24 09:50:51,2486.05,98572
2021-06-24 09:50:53,2486.35,98573
2021-06-24 09:50:54,2486.05,98574
2021-06-24 09:50:55,2486.1,98675
2021-06-24 09:50:56,2486.1,98675
2021-06-24 09:50:57,2486.9,98682
2021-06-24 09:50:58,2486.9,98682
2021-06-24 09:51:00,2486.9,98707
2021-06-24 09:51:01,2486.9,98707
2021-06-24 09:51:02,2486.05,98708
2021-06-24 09:51:03,2486.8,98770
2021-06-24 09:51:04,2486.9,98961
2021-06-24 09:51:05,2486.85,98964
2021-06-24 09:51:06,2486.8,98996
2021-06-24 09:51:07,2486.2,99046
2021-06-24 09:51:08,2486.85,99148
2021-06-24 09:51:09,2486.85,99148
2021-06-24 09:51:10,2486.85,99148
2021-06-24 09:51:11,2486.85,99233
2021-06-24 09:51:12,2487.0,99238
2021-06-24 09:51:13,2486.0,99353
2021-06-24 09:51:14,2486.0,99353
2021-06-24 09:51:15,2486.0,99353
2021-06-24 09:51:16,2486.75,99368
2021-06-24 09:51:17,2486.75,99368
2021-06-24 09:51:18,2486.0,99388
2021-06-24 09:51:19,2486.75,99393
2021-06-24 09:51:20,2486.0,99399
2021-06-24 09:51:21,2486.75,99402
2021-06-24 09:51:22,2486.75,99402
2021-06-24 09:51:24,2486.75,99403
2021-06-24 09:51:25,2485.85,99600
2021-06-24 09:51:26,2485.85,99600
2021-06-24 09:51:27,2486.35,99618
2021-06-24 09:51:28,2486.35,99618
2021-06-24 09:51:29,2486.35,99618
2021-06-24 09:51:30,2486.15,99619
2021-06-24 09:51:31,2486.35,99638
2021-06-24 09:51:32,2486.2,99639
2021-06-24 09:51:33,2485.3,99961
2021-06-24 09:51:34,2485.3,99961
2021-06-24 09:51:35,2485.3,99961
2021-06-24 09:51:36,2485.9,99989
2021-06-24 09:51:37,2485.9,99989
2021-06-24 09:51:38,2485.9,99989
2021-06-24 09:51:39,2485.9,99989
2021-06-24 09:51:40,2485.9,99989
2021-06-24 09:51:41,2485.9,99997
2021-06-24 09:51:42,2485.9,99997
2021-06-24 09:51:43,2485.9,99998
2021-06-24 09:51:44,2485.35,99999
2021-06-24 09:51:45,2485.35,99999
2021-06-24 09:51:46,2485.35,99999
2021-06-24 09:51:47,2485.35,99999
2021-06-24 09:51:48,2485.8,100009
2021-06-24 09:51:49,2485.55,100010
2021-06-24 09:51:50,2485.55,100010
2021-06-24 09:51:51,2485.3,100065
2021-06-24 09:51:52,2485.3,100065
2021-06-24 09:51:53,2485.3,100067
2021-06-24 09:51:54,2485.9,100072
2021-06-24 09:51:55,2485.3,100122
2021-06-24 09:51:57,2485.9,100127
2021-06-24 09:51:58,2485.9,100127
2021-06-24 09:51:59,2485.3,100147
2021-06-24 09:52:00,2485.3,100147
2021-06-24 09:52:01,2485.85,100149
2021-06-24 09:52:02,2485.85,100149
2021-06-24 09:52:03,2485.3,100214
2021-06-24 09:52:04,2485.3,100214
2021-06-24 09:52:05,2485.3,100214
2021-06-24 09:52:06,2485.55,100220
2021-06-24 09:52:07,2485.55,100221
2021-06-24 09:52:08,2485.3,100229
2021-06-24 09:52:09,2485.3,100229
2021-06-24 09:52:10,2485.3,100254
2021-06-24 09:52:11,2485.3,100265
2021-06-24 09:52:12,2485.3,100280
2021-06-24 09:52:13,2485.35,100281
2021-06-24 09:52:14,2485.35,100283
2021-06-24 09:52:15,2485.15,100580
2021-06-24 09:52:16,2485.15,100580
2021-06-24 09:52:17,2485.35,100606
2021-06-24 09:52:18,2485.35,100606
2021-06-24 09:52:19,2485.35,100606
2021-06-24 09:52:20,2485.35,100606
2021-06-24 09:52:21,2485.35,100606
2021-06-24 09:52:22,2485.15,100746
2021-06-24 09:52:23,2485.15,100897
2021-06-24 09:52:24,2485.15,100924
2021-06-24 09:52:26,2485.35,100934
2021-06-24 09:52:27,2485.35,100934
2021-06-24 09:52:28,2485.35,100935
2021-06-24 09:52:29,2484.0,102046
2021-06-24 09:52:30,2484.2,102140
2021-06-24 09:52:31,2484.2,102274
2021-06-24 09:52:32,2483.65,102295
2021-06-24 09:52:33,2484.2,102306
2021-06-24 09:52:34,2484.2,102307
2021-06-24 09:52:35,2482.35,102640
2021-06-24 09:52:36,2483.3,102641
2021-06-24 09:52:37,2482.2,102651
2021-06-24 09:52:38,2482.0,103497
2021-06-24 09:52:39,2483.0,103502
2021-06-24 09:52:40,2482.95,103510
2021-06-24 09:52:41,2481.8,103516
2021-06-24 09:52:42,2481.8,103516
2021-06-24 09:52:43,2481.8,103516
2021-06-24 09:52:44,2481.8,103516
2021-06-24 09:52:45,2483.2,103576
2021-06-24 09:52:46,2483.2,103576
2021-06-24 09:52:47,2483.2,103576
2021-06-24 09:52:48,2483.55,103676
2021-06-24 09:52:49,2482.35,103687
2021-06-24 09:52:50,2482.35,103693
2021-06-24 09:52:51,2483.2,103720
2021-06-24 09:52:53,2482.55,103722
2021-06-24 09:52:54,2482.45,103728
2021-06-24 09:52:55,2483.4,103768
2021-06-24 09:52:56,2483.4,103768
2021-06-24 09:52:57,2483.4,103768
2021-06-24 09:52:58,2483.45,103783
2021-06-24 09:52:59,2483.45,103808
2021-06-24 09:53:00,2482.45,103857
2021-06-24 09:53:01,2482.45,103857
2021-06-24 09:53:02,2482.45,103857
2021-06-24 09:53:03,2483.4,103858
2021-06-24 09:53:04,2482.45,103878
2021-06-24 09:53:05,2482.45,103888
2021-06-24 09:53:06,2482.5,103889
2021-06-24 09:53:08,2482.5,103902
2021-06-24 09:53:09,2482.45,103911
2021-06-24 09:53:10,2482.45,103964
2021-06-24 09:53:11,2482.45,103964
2021-06-24 09:53:12,2482.45,104014
2021-06-24 09:53:13,2482.45,104014
2021-06-24 09:53:14,2483.35,104097
2021-06-24 09:53:15,2482.35,104103
2021-06-24 09:53:16,2482.75,104145
2021-06-24 09:53:17,2482.75,104145
2021-06-24 09:53:18,2482.75,104145
2021-06-24 09:53:19,2482.75,104145
2021-06-24 09:53:20,2482.45,104149
2021-06-24 09:53:21,2482.45,104150
2021-06-24 09:53:22,2482.75,104195
2021-06-24 09:53:23,2482.75,104220
2021-06-24 09:53:24,2482.75,104220
2021-06-24 09:53:26,2482.75,104265
2021-06-24 09:53:27,2482.75,104265
2021-06-24 09:53:28,2483.35,104275
2021-06-24 09:53:29,2483.35,104275
2021-06-24 09:53:31,2483.35,104275
2021-06-24 09:53:31,2483.35,104275
2021-06-24 09:53:33,2482.75,104298
2021-06-24 09:53:33,2483.35,104293
2021-06-24 09:53:34,2482.75,104298
2021-06-24 09:53:35,2482.75,104328
2021-06-24 09:53:36,2482.75,104340
2021-06-24 09:53:37,2482.75,104340
2021-06-24 09:53:38,2482.75,104340
2021-06-24 09:53:39,2482.75,104340
2021-06-24 09:53:40,2482.75,104340
2021-06-24 09:53:41,2482.75,104348
2021-06-24 09:53:42,2482.75,104348
2021-06-24 09:53:43,2482.75,104348
2021-06-24 09:53:44,2482.75,104348
2021-06-24 09:53:45,2482.75,104348
2021-06-24 09:53:46,2482.05,104388
2021-06-24 09:53:47,2482.05,104392
2021-06-24 09:53:48,2482.05,104394
2021-06-24 09:53:50,2482.0,104415
2021-06-24 09:53:52,2482.0,104422
2021-06-24 09:53:54,2482.0,104422
2021-06-24 09:53:55,2482.0,104422
2021-06-24 09:53:56,2482.0,104422
2021-06-24 09:53:57,2482.0,104422
2021-06-24 09:53:58,2482.0,104423
2021-06-24 09:53:59,2482.0,104448
2021-06-24 09:54:00,2482.0,104448
2021-06-24 09:54:01,2482.0,104448
2021-06-24 09:54:02,2482.0,104468
2021-06-24 09:54:03,2482.0,104827
2021-06-24 09:54:04,2482.0,104827
2021-06-24 09:54:05,2482.0,104846
2021-06-24 09:54:06,2481.35,104907
2021-06-24 09:54:07,2481.35,104907
2021-06-24 09:54:08,2481.35,104917
2021-06-24 09:54:09,2481.35,104917
2021-06-24 09:54:10,2481.35,104952
2021-06-24 09:54:11,2481.35,104961
2021-06-24 09:54:12,2481.35,104961
2021-06-24 09:54:13,2481.35,104961
2021-06-24 09:54:15,2482.0,105111
2021-06-24 09:54:15,2482.0,105111
2021-06-24 09:54:16,2481.35,105114
2021-06-24 09:54:18,2481.35,105114
2021-06-24 09:54:18,2481.35,105114
2021-06-24 09:54:19,2481.35,105119
2021-06-24 09:54:20,2481.35,105119
2021-06-24 09:54:22,2481.35,105230
2021-06-24 09:54:23,2481.95,105231
2021-06-24 09:54:24,2481.95,105231
2021-06-24 09:54:25,2481.95,105231
2021-06-24 09:54:26,2481.95,105231
2021-06-24 09:54:27,2482.0,105332
2021-06-24 09:54:28,2482.0,105332
2021-06-24 09:54:29,2482.0,105332
2021-06-24 09:54:31,2482.0,105332
2021-06-24 09:54:31,2481.35,105338
2021-06-24 09:54:33,2481.8,105339
2021-06-24 09:54:34,2481.8,105339
2021-06-24 09:54:34,2481.8,105339
2021-06-24 09:54:35,2482.0,105369
2021-06-24 09:54:36,2482.0,105369
2021-06-24 09:54:37,2481.35,105379
2021-06-24 09:54:38,2481.35,105384
2021-06-24 09:54:39,2481.35,105387
2021-06-24 09:54:41,2482.0,105395
2021-06-24 09:54:41,2482.0,105395
2021-06-24 09:54:42,2481.35,105398
2021-06-24 09:54:43,2481.35,105398
2021-06-24 09:54:44,2481.35,105398
2021-06-24 09:54:45,2481.35,105398
2021-06-24 09:54:46,2481.35,105398
2021-06-24 09:54:47,2481.35,105413
2021-06-24 09:54:48,2481.35,105413
2021-06-24 09:54:49,2481.35,105413
2021-06-24 09:54:50,2481.35,105413
2021-06-24 09:54:51,2481.35,105413
2021-06-24 09:54:53,2481.35,105413
2021-06-24 09:54:54,2481.65,105428
2021-06-24 09:54:55,2481.65,105428
2021-06-24 09:54:56,2481.65,105428
2021-06-24 09:54:57,2481.35,105598
2021-06-24 09:54:58,2481.35,105628
2021-06-24 09:54:59,2481.35,105628
2021-06-24 09:55:00,2481.35,105636
2021-06-24 09:55:03,2482.0,105683
2021-06-24 09:55:03,2482.0,105683
2021-06-24 09:55:04,2481.35,105693
2021-06-24 09:55:05,2482.0,105694
2021-06-24 09:55:06,2482.0,105746
2021-06-24 09:55:07,2482.0,105746
2021-06-24 09:55:08,2482.0,105746
2021-06-24 09:55:09,2482.0,105746
2021-06-24 09:55:10,2482.0,105746
2021-06-24 09:55:11,2482.0,105746
2021-06-24 09:55:12,2481.65,105750
2021-06-24 09:55:13,2481.65,105750
2021-06-24 09:55:14,2481.65,105750
2021-06-24 09:55:15,2481.65,105750
2021-06-24 09:55:16,2481.35,105760
2021-06-24 09:55:17,2481.5,105779
2021-06-24 09:55:18,2481.45,105781
2021-06-24 09:55:19,2481.5,105819
2021-06-24 09:55:20,2481.5,105819
2021-06-24 09:55:21,2481.5,105819
2021-06-24 09:55:24,2481.45,106397
2021-06-24 09:55:25,2482.65,106404
2021-06-24 09:55:25,2482.65,106404
2021-06-24 09:55:26,2482.65,106404
2021-06-24 09:55:27,2483.65,106804
2021-06-24 09:55:28,2483.65,106804
2021-06-24 09:55:29,2482.7,106814
2021-06-24 09:55:30,2482.7,106814
2021-06-24 09:55:31,2482.7,106814
2021-06-24 09:55:32,2482.7,106814
2021-06-24 09:55:34,2482.1,106824
2021-06-24 09:55:35,2482.1,106824
2021-06-24 09:55:36,2483.3,107142
2021-06-24 09:55:37,2483.3,107142
2021-06-24 09:55:38,2482.0,107729
2021-06-24 09:55:39,2482.1,107734
2021-06-24 09:55:41,2482.1,107741
2021-06-24 09:55:42,2481.65,107773
2021-06-24 09:55:43,2482.1,107984
2021-06-24 09:55:43,2482.1,107984
2021-06-24 09:55:44,2482.6,107987
2021-06-24 09:55:45,2482.6,107987
2021-06-24 09:55:47,2482.6,107987
2021-06-24 09:55:48,2482.6,107987
2021-06-24 09:55:49,2482.6,107987
2021-06-24 09:55:49,2482.6,107987
2021-06-24 09:55:50,2482.6,107987
2021-06-24 09:55:51,2482.3,107992
2021-06-24 09:55:52,2482.3,107992
2021-06-24 09:55:54,2482.35,108006
2021-06-24 09:55:55,2482.35,108006
2021-06-24 09:55:56,2484.0,108124
2021-06-24 09:55:57,2482.75,108157
2021-06-24 09:55:58,2482.75,108157
2021-06-24 09:56:00,2482.8,108181
2021-06-24 09:56:00,2482.55,108189
2021-06-24 09:56:02,2483.15,108219
2021-06-24 09:56:03,2483.15,108219
2021-06-24 09:56:04,2482.15,108447
2021-06-24 09:56:06,2483.2,108449
2021-06-24 09:56:07,2482.25,108452
2021-06-24 09:56:07,2482.25,108452
2021-06-24 09:56:08,2483.2,108513
2021-06-24 09:56:09,2482.5,108540
2021-06-24 09:56:10,2482.5,108540
2021-06-24 09:56:11,2482.5,108540
2021-06-24 09:56:13,2482.2,108590
2021-06-24 09:56:13,2482.5,108540
2021-06-24 09:56:14,2483.35,108646
2021-06-24 09:56:15,2482.75,108708
2021-06-24 09:56:16,2483.6,108789
2021-06-24 09:56:17,2483.6,108789
2021-06-24 09:56:18,2483.6,108789
2021-06-24 09:56:19,2483.65,108820
2021-06-24 09:56:20,2483.65,108821
2021-06-24 09:56:21,2482.5,108841
2021-06-24 09:56:23,2483.55,108858
2021-06-24 09:56:24,2483.55,108858
2021-06-24 09:56:25,2483.55,108861
2021-06-24 09:56:28,2483.55,108921
2021-06-24 09:56:29,2483.55,108921
2021-06-24 09:56:31,2483.55,108921
2021-06-24 09:56:32,2483.55,108921
2021-06-24 09:56:33,2483.55,108921
2021-06-24 09:56:34,2483.55,108921
2021-06-24 09:56:35,2482.95,108922
2021-06-24 09:56:36,2482.95,108922
2021-06-24 09:56:37,2483.65,108928
2021-06-24 09:56:38,2483.65,108933
2021-06-24 09:56:39,2483.65,108934
2021-06-24 09:56:40,2483.65,108941
2021-06-24 09:56:41,2483.65,108941
2021-06-24 09:56:42,2483.65,108941
2021-06-24 09:56:43,2483.65,108941
2021-06-24 09:56:44,2483.65,108941
2021-06-24 09:56:45,2483.65,108941
2021-06-24 09:56:46,2483.05,108945
2021-06-24 09:56:47,2483.05,108945
2021-06-24 09:56:48,2483.05,108945
2021-06-24 09:56:50,2483.05,108955
2021-06-24 09:56:51,2483.05,109005
2021-06-24 09:56:52,2483.05,109006
2021-06-24 09:56:53,2483.0,109050
2021-06-24 09:56:54,2483.0,109074
2021-06-24 09:56:55,2483.0,109075
2021-06-24 09:56:56,2483.1,109076
2021-06-24 09:56:57,2483.1,109119
2021-06-24 09:56:58,2483.1,109119
2021-06-24 09:56:59,2483.25,109226
2021-06-24 09:56:59,2483.25,109226
2021-06-24 09:57:00,2483.6,109230
2021-06-24 09:57:01,2483.6,109230
2021-06-24 09:57:02,2483.6,109230
2021-06-24 09:57:04,2483.6,109230
2021-06-24 09:57:05,2483.0,109238
2021-06-24 09:57:06,2483.0,109239
2021-06-24 09:57:06,2483.0,109239
2021-06-24 09:57:07,2483.3,109242
2021-06-24 09:57:08,2483.0,109243
2021-06-24 09:57:09,2483.0,109243
2021-06-24 09:57:10,2483.0,109331
2021-06-24 09:57:11,2483.0,109331
2021-06-24 09:57:12,2481.65,110069
2021-06-24 09:57:13,2481.65,110069
2021-06-24 09:57:14,2482.5,110106
2021-06-24 09:57:15,2482.5,110106
2021-06-24 09:57:16,2482.5,110106
2021-06-24 09:57:17,2482.55,110206
2021-06-24 09:57:18,2482.55,110206
2021-06-24 09:57:20,2482.55,110206
2021-06-24 09:57:21,2482.4,110208
2021-06-24 09:57:22,2482.0,110213
2021-06-24 09:57:23,2482.0,110213
2021-06-24 09:57:24,2482.0,110222
2021-06-24 09:57:25,2482.0,110222
2021-06-24 09:57:26,2482.0,110222
2021-06-24 09:57:27,2482.0,110222
2021-06-24 09:57:29,2481.6,110223
2021-06-24 09:57:30,2481.6,110225
2021-06-24 09:57:31,2481.6,110225
2021-06-24 09:57:32,2481.6,110225
2021-06-24 09:57:33,2481.55,110227
2021-06-24 09:57:34,2481.55,110227
2021-06-24 09:57:35,2481.55,110228
2021-06-24 09:57:36,2481.35,110396
2021-06-24 09:57:36,2481.35,110396
2021-06-24 09:57:37,2481.35,110396
2021-06-24 09:57:38,2481.35,110396
2021-06-24 09:57:39,2481.85,110397
2021-06-24 09:57:41,2481.85,110405
2021-06-24 09:57:42,2481.85,110465
2021-06-24 09:57:44,2481.85,110465
2021-06-24 09:57:45,2481.6,110472
2021-06-24 09:57:46,2481.6,110472
2021-06-24 09:57:47,2481.6,110472
2021-06-24 09:57:48,2480.6,110651
2021-06-24 09:57:48,2480.6,110651
2021-06-24 09:57:49,2480.6,110651
2021-06-24 09:57:51,2480.6,110670
2021-06-24 09:57:52,2480.6,110670
2021-06-24 09:57:53,2480.6,110670
2021-06-24 09:57:54,2480.55,110675
2021-06-24 09:57:55,2480.55,110675
2021-06-24 09:57:56,2480.6,110685
2021-06-24 09:57:57,2481.6,110697
2021-06-24 09:57:59,2479.9,112162
2021-06-24 09:58:00,2479.9,112162
2021-06-24 09:58:00,2479.9,112162
2021-06-24 09:58:02,2479.95,112173
2021-06-24 09:58:04,2480.05,112337
2021-06-24 09:58:05,2480.05,112337
2021-06-24 09:58:06,2480.0,112427
2021-06-24 09:58:07,2479.75,112477
2021-06-24 09:58:08,2479.75,112477
2021-06-24 09:58:09,2479.75,112477
2021-06-24 09:58:10,2479.85,112488
2021-06-24 09:58:11,2479.85,112489
2021-06-24 09:58:12,2479.8,112501
2021-06-24 09:58:13,2480.6,112525
2021-06-24 09:58:13,2480.6,112525
2021-06-24 09:58:14,2480.6,112525
2021-06-24 09:58:15,2480.05,112536
2021-06-24 09:58:16,2480.05,112536
2021-06-24 09:58:17,2480.05,112536
2021-06-24 09:58:18,2480.05,112536
2021-06-24 09:58:20,2480.05,112536
2021-06-24 09:58:23,2480.0,112646
2021-06-24 09:58:24,2478.0,113282
2021-06-24 09:58:25,2477.25,113284
2021-06-24 09:58:26,2477.95,113296
2021-06-24 09:58:27,2477.75,113321
2021-06-24 09:58:30,2477.35,113352
2021-06-24 09:58:30,2477.35,113352
2021-06-24 09:58:31,2476.1,113364
2021-06-24 09:58:32,2477.35,113414
2021-06-24 09:58:33,2476.05,113614
2021-06-24 09:58:35,2476.05,113619
2021-06-24 09:58:35,2476.05,113619
2021-06-24 09:58:37,2477.25,113696
2021-06-24 09:58:37,2477.25,113696
2021-06-24 09:58:38,2477.25,113696
2021-06-24 09:58:39,2476.3,113718
2021-06-24 09:58:40,2476.25,113745
2021-06-24 09:58:41,2476.0,113975
2021-06-24 09:58:42,2477.0,114052
2021-06-24 09:58:43,2476.35,114092
2021-06-24 09:58:45,2476.35,114117
2021-06-24 09:58:46,2477.0,114118
2021-06-24 09:58:47,2477.3,114414
2021-06-24 09:58:48,2476.1,115420
2021-06-24 09:58:49,2476.55,115490
2021-06-24 09:58:50,2476.55,115490
2021-06-24 09:58:50,2476.55,115490
2021-06-24 09:58:51,2476.55,115490
2021-06-24 09:58:52,2476.55,115490
2021-06-24 09:58:53,2476.5,115565
2021-06-24 09:58:54,2476.5,115565
2021-06-24 09:58:56,2478.1,115868
2021-06-24 09:58:57,2478.1,115868
2021-06-24 09:58:58,2478.5,115870
2021-06-24 09:58:59,2478.5,115871
2021-06-24 09:59:00,2478.5,115876
2021-06-24 09:59:01,2478.5,115886
2021-06-24 09:59:02,2478.5,115886
2021-06-24 09:59:03,2478.5,115886
2021-06-24 09:59:03,2478.5,115886
2021-06-24 09:59:04,2478.5,115886
2021-06-24 09:59:06,2478.5,115886
2021-06-24 09:59:07,2477.35,115898
2021-06-24 09:59:08,2477.35,115898
2021-06-24 09:59:09,2478.7,115960
2021-06-24 09:59:10,2478.7,115960
2021-06-24 09:59:11,2478.0,115970
2021-06-24 09:59:12,2478.8,116080
2021-06-24 09:59:12,2478.8,116080
2021-06-24 09:59:13,2478.8,116080
2021-06-24 09:59:14,2478.8,116080
2021-06-24 09:59:15,2478.8,116081
2021-06-24 09:59:16,2477.75,116084
2021-06-24 09:59:17,2477.75,116084
2021-06-24 09:59:19,2477.75,116085
2021-06-24 09:59:20,2478.7,116090
2021-06-24 09:59:22,2478.0,116091
2021-06-24 09:59:23,2478.55,116124
2021-06-24 09:59:24,2478.7,116175
2021-06-24 09:59:25,2478.7,116186
2021-06-24 09:59:26,2478.7,116186
2021-06-24 09:59:27,2478.8,116191
2021-06-24 09:59:27,2478.8,116191
2021-06-24 09:59:28,2478.65,116212
2021-06-24 09:59:29,2478.65,116212
2021-06-24 09:59:30,2478.05,116232
2021-06-24 09:59:31,2478.0,116248
2021-06-24 09:59:32,2478.0,116258
2021-06-24 09:59:35,2478.05,116278
2021-06-24 09:59:36,2478.1,116286
2021-06-24 09:59:37,2478.1,116286
2021-06-24 09:59:38,2478.7,116317
2021-06-24 09:59:39,2478.7,116317
2021-06-24 09:59:39,2478.0,116342
2021-06-24 09:59:41,2478.7,116349
2021-06-24 09:59:42,2478.7,116349
2021-06-24 09:59:43,2478.7,116349
2021-06-24 09:59:44,2479.2,116411
2021-06-24 09:59:45,2478.25,116413
2021-06-24 09:59:45,2479.2,116411
2021-06-24 09:59:47,2478.25,116455
2021-06-24 09:59:48,2478.25,116455
2021-06-24 09:59:49,2479.2,116487
2021-06-24 09:59:53,2479.0,116508
2021-06-24 09:59:54,2478.75,116509
2021-06-24 09:59:55,2478.75,116509
2021-06-24 09:59:57,2478.8,116511
2021-06-24 09:59:58,2479.0,116521
2021-06-24 10:00:00,2479.0,116521
2021-06-24 10:00:01,2479.0,116521
2021-06-24 10:00:02,2479.0,116521
2021-06-24 10:00:03,2478.75,116522
2021-06-24 10:00:04,2479.0,116578
2021-06-24 10:00:05,2479.0,116578
2021-06-24 10:00:06,2479.0,116578
2021-06-24 10:00:07,2479.0,116578
2021-06-24 10:00:08,2479.0,116578
2021-06-24 10:00:09,2478.95,116598
2021-06-24 10:00:10,2478.95,116598
2021-06-24 10:00:11,2478.95,116598
2021-06-24 10:00:12,2479.0,116599
2021-06-24 10:00:13,2479.0,116599
2021-06-24 10:00:14,2479.95,116756
2021-06-24 10:00:14,2479.7,116755
2021-06-24 10:00:16,2480.0,116757
2021-06-24 10:00:17,2480.0,116757
2021-06-24 10:00:18,2480.0,116757
2021-06-24 10:00:19,2479.3,116800
2021-06-24 10:00:19,2479.3,116800
2021-06-24 10:00:21,2479.3,116800
2021-06-24 10:00:22,2479.3,116800
2021-06-24 10:00:23,2479.3,116800
2021-06-24 10:00:24,2480.0,116805
2021-06-24 10:00:25,2480.0,116810
2021-06-24 10:00:26,2479.35,116819
2021-06-24 10:00:27,2480.0,116857
2021-06-24 10:00:28,2480.0,116861
2021-06-24 10:00:29,2479.1,116962
2021-06-24 10:00:30,2480.65,117029
2021-06-24 10:00:32,2480.65,117031
2021-06-24 10:00:33,2480.65,117031
2021-06-24 10:00:35,2480.0,117046
2021-06-24 10:00:36,2480.0,117046
2021-06-24 10:00:37,2480.8,117053
2021-06-24 10:00:38,2480.0,117100
2021-06-24 10:00:39,2480.0,117100
2021-06-24 10:00:40,2480.8,117107
2021-06-24 10:00:41,2480.8,117107
2021-06-24 10:00:42,2480.95,117207
2021-06-24 10:00:43,2480.95,117207
2021-06-24 10:00:44,2480.0,117257
2021-06-24 10:00:45,2480.0,117257
2021-06-24 10:00:46,2480.0,117257
2021-06-24 10:00:46,2480.0,117257
2021-06-24 10:00:48,2480.0,117257
2021-06-24 10:00:49,2480.85,117258
2021-06-24 10:00:50,2480.85,117263
2021-06-24 10:00:51,2480.85,117268
2021-06-24 10:00:52,2480.9,117278
2021-06-24 10:00:53,2482.3,117420
2021-06-24 10:00:54,2482.15,117421
2021-06-24 10:00:55,2482.15,117421
2021-06-24 10:00:56,2482.15,117421
2021-06-24 10:00:57,2480.9,117498
2021-06-24 10:00:58,2482.05,117500
2021-06-24 10:00:59,2481.0,117502
2021-06-24 10:01:00,2481.0,117505
2021-06-24 10:01:01,2481.0,117505
2021-06-24 10:01:01,2481.0,117505
2021-06-24 10:01:02,2481.0,117505
2021-06-24 10:01:04,2481.0,117505
2021-06-24 10:01:05,2481.0,117505
2021-06-24 10:01:06,2481.0,117505
2021-06-24 10:01:07,2481.0,117505
2021-06-24 10:01:08,2481.9,117530
2021-06-24 10:01:09,2481.9,117530
2021-06-24 10:01:10,2481.9,117530
2021-06-24 10:01:11,2481.9,117530
2021-06-24 10:01:12,2481.9,117530
2021-06-24 10:01:13,2481.05,117531
2021-06-24 10:01:14,2481.0,117533
2021-06-24 10:01:15,2481.0,117540
2021-06-24 10:01:15,2481.0,117540
2021-06-24 10:01:16,2481.0,117540
2021-06-24 10:01:17,2481.0,117567
2021-06-24 10:01:19,2481.0,117567
2021-06-24 10:01:20,2481.0,117567
2021-06-24 10:01:21,2481.0,117577
2021-06-24 10:01:22,2481.0,117577
2021-06-24 10:01:23,2481.0,117577
2021-06-24 10:01:24,2481.0,117582
2021-06-24 10:01:25,2481.0,117648
2021-06-24 10:01:26,2481.0,117648
2021-06-24 10:01:26,2481.0,117648
2021-06-24 10:01:27,2481.0,117648
2021-06-24 10:01:30,2481.0,117648
2021-06-24 10:01:31,2481.0,117770
2021-06-24 10:01:31,2481.0,117770
2021-06-24 10:01:32,2481.0,117770
2021-06-24 10:01:34,2481.0,117770
2021-06-24 10:01:35,2480.3,117771
2021-06-24 10:01:36,2480.3,117782
2021-06-24 10:01:37,2480.3,117782
2021-06-24 10:01:38,2480.3,117782
2021-06-24 10:01:39,2481.0,117838
2021-06-24 10:01:40,2480.95,117846
2021-06-24 10:01:41,2480.95,117866
2021-06-24 10:01:42,2480.95,117866
2021-06-24 10:01:43,2481.0,117870
2021-06-24 10:01:44,2480.1,117883
2021-06-24 10:01:45,2480.1,117883
2021-06-24 10:01:46,2480.1,117891
2021-06-24 10:01:47,2480.7,117894
2021-06-24 10:01:48,2479.9,118159
2021-06-24 10:01:49,2479.9,118159
2021-06-24 10:01:50,2479.9,118159
2021-06-24 10:01:51,2479.9,118159
2021-06-24 10:01:52,2479.9,118159
2021-06-24 10:01:53,2479.0,118179
2021-06-24 10:01:54,2479.45,118205
2021-06-24 10:01:55,2479.45,118209
2021-06-24 10:01:56,2479.45,118266
2021-06-24 10:01:57,2479.45,118266
2021-06-24 10:01:59,2479.7,118291
2021-06-24 10:02:00,2478.95,118391
2021-06-24 10:02:01,2478.95,118391
2021-06-24 10:02:02,2478.95,118397
2021-06-24 10:02:03,2478.95,118397
2021-06-24 10:02:04,2478.95,118397
2021-06-24 10:02:05,2478.95,118412
2021-06-24 10:02:06,2478.95,118412
2021-06-24 10:02:07,2478.95,118426
2021-06-24 10:02:08,2478.95,118426
2021-06-24 10:02:09,2478.95,118426
2021-06-24 10:02:10,2478.95,118426
2021-06-24 10:02:11,2478.95,118428
2021-06-24 10:02:12,2478.95,118448
2021-06-24 10:02:13,2478.95,118448
2021-06-24 10:02:15,2478.0,118582
2021-06-24 10:02:16,2478.0,118583
2021-06-24 10:02:17,2478.95,118588
2021-06-24 10:02:18,2478.95,118588
2021-06-24 10:02:19,2478.0,118589
2021-06-24 10:02:20,2478.0,118589
2021-06-24 10:02:21,2478.0,118589
2021-06-24 10:02:22,2478.95,118595
2021-06-24 10:02:23,2478.05,118605
2021-06-24 10:02:24,2478.95,118608
2021-06-24 10:02:25,2478.05,118638
2021-06-24 10:02:26,2478.05,118652
2021-06-24 10:02:27,2478.05,118652
2021-06-24 10:02:28,2478.05,118652
2021-06-24 10:02:29,2478.45,118657
2021-06-24 10:02:31,2478.1,118659
2021-06-24 10:02:30,2478.1,118659
2021-06-24 10:02:32,2478.1,118659
2021-06-24 10:02:33,2478.85,118676
2021-06-24 10:02:35,2478.85,118676
2021-06-24 10:02:36,2478.85,118676
2021-06-24 10:02:37,2478.85,118676
2021-06-24 10:02:38,2478.85,118676
2021-06-24 10:02:39,2478.85,118676
2021-06-24 10:02:40,2478.45,118706
2021-06-24 10:02:41,2478.45,118706
2021-06-24 10:02:42,2478.45,118706
2021-06-24 10:02:43,2478.45,118951
2021-06-24 10:02:44,2478.45,118951
2021-06-24 10:02:45,2478.45,118951
2021-06-24 10:02:46,2478.45,118952
2021-06-24 10:02:47,2478.45,119052
2021-06-24 10:02:48,2478.0,119100
2021-06-24 10:02:49,2478.85,119105
2021-06-24 10:02:50,2478.85,119105
2021-06-24 10:02:51,2478.85,119105
2021-06-24 10:02:52,2478.85,119105
2021-06-24 10:02:53,2478.5,119121
2021-06-24 10:02:54,2478.5,119121
2021-06-24 10:02:55,2478.5,119121
2021-06-24 10:02:56,2478.5,119121
2021-06-24 10:02:57,2478.0,119205
2021-06-24 10:02:58,2478.5,119305
2021-06-24 10:02:59,2478.0,119335
2021-06-24 10:03:00,2478.0,119335
2021-06-24 10:03:01,2478.05,119345
2021-06-24 10:03:02,2478.0,119347
2021-06-24 10:03:03,2478.0,119363
2021-06-24 10:03:04,2478.0,119363
2021-06-24 10:03:06,2478.0,119375
2021-06-24 10:03:05,2478.0,119375
2021-06-24 10:03:07,2478.0,119375
2021-06-24 10:03:09,2478.0,119478
2021-06-24 10:03:10,2478.0,119478
2021-06-24 10:03:11,2478.45,119722
2021-06-24 10:03:12,2477.35,119723
2021-06-24 10:03:13,2477.35,119723
2021-06-24 10:03:14,2478.85,119775
2021-06-24 10:03:15,2477.55,119785
2021-06-24 10:03:16,2476.4,119935
2021-06-24 10:03:17,2476.4,119935
2021-06-24 10:03:19,2476.9,119941
2021-06-24 10:03:20,2476.9,119941
2021-06-24 10:03:21,2476.9,119941
2021-06-24 10:03:22,2476.9,119941
2021-06-24 10:03:23,2478.05,119955
2021-06-24 10:03:24,2477.65,119956
2021-06-24 10:03:25,2478.5,119965
2021-06-24 10:03:27,2478.4,120010
2021-06-24 10:03:28,2478.4,120010
2021-06-24 10:03:29,2478.4,120010
2021-06-24 10:03:30,2478.4,120010
2021-06-24 10:03:31,2478.75,120011
2021-06-24 10:03:32,2478.75,120011
2021-06-24 10:03:33,2478.75,120011
2021-06-24 10:03:34,2478.75,120011
2021-06-24 10:03:35,2478.75,120011
2021-06-24 10:03:36,2478.75,120011
2021-06-24 10:03:37,2478.75,120011
2021-06-24 10:03:38,2478.45,120017
2021-06-24 10:03:39,2478.4,120033
2021-06-24 10:03:40,2477.65,120043
2021-06-24 10:03:41,2477.65,120064
2021-06-24 10:03:42,2477.65,120064
2021-06-24 10:03:43,2478.45,120077
2021-06-24 10:03:44,2478.45,120077
2021-06-24 10:03:45,2478.45,120077
2021-06-24 10:03:46,2478.45,120077
2021-06-24 10:03:47,2478.45,120077
2021-06-24 10:03:48,2478.45,120077
2021-06-24 10:03:49,2478.45,120077
2021-06-24 10:03:50,2478.45,120077
2021-06-24 10:03:51,2478.45,120077
2021-06-24 10:03:52,2478.45,120077
2021-06-24 10:03:53,2478.45,120077
2021-06-24 10:03:54,2477.05,120257
2021-06-24 10:03:55,2478.35,120258
2021-06-24 10:03:56,2478.35,120258
2021-06-24 10:03:58,2478.35,120268
2021-06-24 10:03:59,2478.35,120268
2021-06-24 10:04:00,2478.35,120268
2021-06-24 10:04:01,2476.85,120283
2021-06-24 10:04:02,2478.1,120383
2021-06-24 10:04:03,2478.1,120383
2021-06-24 10:04:04,2478.1,120383
2021-06-24 10:04:06,2478.1,120383
2021-06-24 10:04:07,2478.1,120383
2021-06-24 10:04:08,2478.1,120383
2021-06-24 10:04:09,2478.1,120383
2021-06-24 10:04:09,2478.1,120383
2021-06-24 10:04:10,2478.05,120543
2021-06-24 10:04:11,2478.05,120543
2021-06-24 10:04:12,2478.05,120543
2021-06-24 10:04:13,2478.05,120543
2021-06-24 10:04:15,2478.05,120543
2021-06-24 10:04:16,2478.05,120543
2021-06-24 10:04:17,2478.05,120543
2021-06-24 10:04:18,2478.05,120543
2021-06-24 10:04:19,2478.15,120544
2021-06-24 10:04:20,2478.15,120544
2021-06-24 10:04:21,2478.15,120544
2021-06-24 10:04:21,2478.15,120544
2021-06-24 10:04:23,2477.05,120615
2021-06-24 10:04:25,2477.05,120619
2021-06-24 10:04:25,2477.05,120619
2021-06-24 10:04:26,2477.05,120619
2021-06-24 10:04:27,2478.0,120634
2021-06-24 10:04:28,2478.1,120694
2021-06-24 10:04:29,2478.1,120694
2021-06-24 10:04:31,2478.1,120694
2021-06-24 10:04:31,2478.1,120694
2021-06-24 10:04:33,2478.05,120696
2021-06-24 10:04:34,2478.05,120696
2021-06-24 10:04:34,2478.05,120696
2021-06-24 10:04:35,2478.05,120696
2021-06-24 10:04:36,2478.05,120696
2021-06-24 10:04:37,2478.05,120696
2021-06-24 10:04:38,2477.5,120697
2021-06-24 10:04:40,2477.5,120697
2021-06-24 10:04:40,2477.55,120711
2021-06-24 10:04:41,2477.8,120738
2021-06-24 10:04:42,2477.8,120738
2021-06-24 10:04:43,2477.8,120747
2021-06-24 10:04:44,2478.1,120768
2021-06-24 10:04:45,2478.1,120768
2021-06-24 10:04:46,2478.1,120768
2021-06-24 10:04:48,2478.1,120768
2021-06-24 10:04:49,2478.1,120768
2021-06-24 10:04:49,2478.1,120768
2021-06-24 10:04:50,2478.0,120778
2021-06-24 10:04:51,2478.4,120828
2021-06-24 10:04:52,2478.4,120828
2021-06-24 10:04:53,2478.4,120828
2021-06-24 10:04:54,2478.1,120831
2021-06-24 10:04:56,2478.45,121001
2021-06-24 10:04:57,2478.45,121001
2021-06-24 10:04:58,2478.45,121001
2021-06-24 10:04:59,2478.45,121001
2021-06-24 10:04:59,2478.45,121001
2021-06-24 10:05:00,2478.45,121001
2021-06-24 10:05:01,2478.45,121002
2021-06-24 10:05:02,2478.5,121022
2021-06-24 10:05:03,2478.5,121079
2021-06-24 10:05:04,2478.5,121079
2021-06-24 10:05:06,2478.5,121079
2021-06-24 10:05:07,2478.5,121084
2021-06-24 10:05:08,2478.45,121094
2021-06-24 10:05:09,2477.8,121096
2021-06-24 10:05:11,2477.8,121096
2021-06-24 10:05:11,2477.8,121096
2021-06-24 10:05:12,2478.15,121098
2021-06-24 10:05:13,2478.15,121098
2021-06-24 10:05:14,2478.15,121098
2021-06-24 10:05:16,2477.8,121104
2021-06-24 10:05:16,2477.8,121104
2021-06-24 10:05:17,2477.8,121104
2021-06-24 10:05:18,2477.8,121108
2021-06-24 10:05:19,2477.8,121108
2021-06-24 10:05:21,2477.55,121112
2021-06-24 10:05:21,2477.55,121112
2021-06-24 10:05:22,2477.5,121113
2021-06-24 10:05:23,2477.55,121118
2021-06-24 10:05:24,2478.1,121144
2021-06-24 10:05:25,2478.1,121144
2021-06-24 10:05:26,2477.5,121145
2021-06-24 10:05:27,2477.5,121145
2021-06-24 10:05:28,2477.5,121145
2021-06-24 10:05:31,2477.5,121145
2021-06-24 10:05:32,2477.5,121145
2021-06-24 10:05:33,2477.5,121145
2021-06-24 10:05:34,2477.5,121199
2021-06-24 10:05:35,2477.75,121200
2021-06-24 10:05:36,2477.75,121200
2021-06-24 10:05:37,2477.75,121200
2021-06-24 10:05:38,2477.5,121202
2021-06-24 10:05:39,2477.5,121202
2021-06-24 10:05:41,2477.5,121215
2021-06-24 10:05:41,2477.5,121214
2021-06-24 10:05:42,2477.05,121227
2021-06-24 10:05:43,2477.05,121227
2021-06-24 10:05:45,2477.0,121308
2021-06-24 10:05:46,2477.0,121308
2021-06-24 10:05:47,2477.0,121308
2021-06-24 10:05:49,2477.1,121332
2021-06-24 10:05:49,2477.45,121334
2021-06-24 10:05:50,2477.45,121334
2021-06-24 10:05:51,2477.1,121340
2021-06-24 10:05:52,2477.1,121345
2021-06-24 10:05:53,2477.1,121365
2021-06-24 10:05:54,2477.0,121415
2021-06-24 10:05:55,2477.0,121415
2021-06-24 10:05:57,2477.3,121437
2021-06-24 10:05:57,2477.3,121437
2021-06-24 10:05:58,2477.3,121437
2021-06-24 10:05:59,2477.3,121437
2021-06-24 10:06:00,2477.3,121439
2021-06-24 10:06:01,2477.3,121439
2021-06-24 10:06:02,2477.3,121439
2021-06-24 10:06:04,2477.0,121473
2021-06-24 10:06:04,2477.0,121473
2021-06-24 10:06:05,2477.1,121475
2021-06-24 10:06:06,2477.0,121538
2021-06-24 10:06:07,2477.0,121538
2021-06-24 10:06:08,2477.05,121540
2021-06-24 10:06:09,2477.05,121540
2021-06-24 10:06:11,2477.05,121540
2021-06-24 10:06:12,2477.05,121540
2021-06-24 10:06:13,2477.05,121540
2021-06-24 10:06:14,2477.05,121555
2021-06-24 10:06:15,2477.05,121558
2021-06-24 10:06:16,2477.05,121558
2021-06-24 10:06:18,2477.1,121571
2021-06-24 10:06:18,2477.1,121571
2021-06-24 10:06:19,2477.05,121581
2021-06-24 10:06:20,2477.05,121581
2021-06-24 10:06:21,2477.1,121657
2021-06-24 10:06:22,2477.1,121657
2021-06-24 10:06:23,2477.1,121682
2021-06-24 10:06:24,2477.1,121682
2021-06-24 10:06:26,2477.1,121682
2021-06-24 10:06:27,2477.1,121771
2021-06-24 10:06:28,2477.1,121771
2021-06-24 10:06:29,2477.2,121781
2021-06-24 10:06:30,2477.0,121791
2021-06-24 10:06:30,2477.2,121781
2021-06-24 10:06:31,2477.0,121791
2021-06-24 10:06:33,2477.5,121911
2021-06-24 10:06:35,2477.2,121921
2021-06-24 10:06:36,2477.2,121921
2021-06-24 10:06:36,2477.2,121921
2021-06-24 10:06:37,2478.0,121925
2021-06-24 10:06:38,2478.0,121925
2021-06-24 10:06:39,2477.15,121930
2021-06-24 10:06:40,2478.0,121938
2021-06-24 10:06:41,2478.0,121938
2021-06-24 10:06:42,2478.0,121938
2021-06-24 10:06:44,2478.05,121960
2021-06-24 10:06:45,2478.05,121960
2021-06-24 10:06:46,2478.05,121960
2021-06-24 10:06:47,2478.05,121960
2021-06-24 10:06:48,2478.05,121960
2021-06-24 10:06:49,2478.05,121960
2021-06-24 10:06:50,2478.05,121960
2021-06-24 10:06:51,2478.05,121960
2021-06-24 10:06:52,2478.25,121961
2021-06-24 10:06:54,2477.7,121976
2021-06-24 10:06:55,2478.25,121991
2021-06-24 10:06:56,2477.7,122016
2021-06-24 10:06:57,2478.45,122041
2021-06-24 10:07:00,2478.45,122041
2021-06-24 10:07:00,2478.45,122041
2021-06-24 10:07:02,2477.7,122051
2021-06-24 10:07:03,2477.8,122080
2021-06-24 10:07:05,2478.45,122103
2021-06-24 10:07:06,2478.45,122103
2021-06-24 10:07:07,2478.45,122225
2021-06-24 10:07:08,2478.45,122225
2021-06-24 10:07:09,2478.45,122225
2021-06-24 10:07:10,2478.45,122225
2021-06-24 10:07:11,2478.45,122231
2021-06-24 10:07:12,2478.45,122231
2021-06-24 10:07:14,2478.45,122231
2021-06-24 10:07:14,2478.45,122231
2021-06-24 10:07:16,2478.45,122235
2021-06-24 10:07:16,2478.75,122245
2021-06-24 10:07:17,2478.75,122245
2021-06-24 10:07:18,2478.75,122245
2021-06-24 10:07:19,2478.75,122245
2021-06-24 10:07:20,2478.75,122245
2021-06-24 10:07:23,2478.45,122282
2021-06-24 10:07:24,2479.35,122304
2021-06-24 10:07:25,2478.75,122307
2021-06-24 10:07:25,2478.75,122307
2021-06-24 10:07:26,2478.75,122307
2021-06-24 10:07:28,2478.45,122327
2021-06-24 10:07:28,2478.45,122327
2021-06-24 10:07:29,2478.75,122337
2021-06-24 10:07:30,2478.45,122345
2021-06-24 10:07:31,2478.45,122345
2021-06-24 10:07:33,2478.45,122345
2021-06-24 10:07:35,2478.75,122355
2021-06-24 10:07:37,2478.75,122364
2021-06-24 10:07:38,2479.4,122414
2021-06-24 10:07:39,2479.4,122414
2021-06-24 10:07:40,2478.0,122564
2021-06-24 10:07:40,2479.2,122571
2021-06-24 10:07:42,2479.0,122572
2021-06-24 10:07:43,2479.15,122582
2021-06-24 10:07:44,2478.1,122653
2021-06-24 10:07:44,2479.15,122655
2021-06-24 10:07:45,2478.1,122656
2021-06-24 10:07:46,2478.1,122656
2021-06-24 10:07:47,2478.1,122656
2021-06-24 10:07:48,2478.35,122657
2021-06-24 10:07:49,2478.35,122669
2021-06-24 10:07:50,2478.3,122670
2021-06-24 10:07:52,2479.2,122675
2021-06-24 10:07:52,2479.2,122675
2021-06-24 10:07:53,2479.2,122675
2021-06-24 10:07:55,2479.2,122675
2021-06-24 10:07:56,2478.25,122690
2021-06-24 10:07:57,2478.25,122690
2021-06-24 10:07:58,2478.25,122690
2021-06-24 10:07:59,2478.25,122690
2021-06-24 10:08:00,2478.25,122690
2021-06-24 10:08:01,2478.25,122694
2021-06-24 10:08:02,2478.25,122694
2021-06-24 10:08:03,2478.1,122711
2021-06-24 10:08:04,2478.65,122733
2021-06-24 10:08:05,2478.65,122733
2021-06-24 10:08:06,2478.65,122733
2021-06-24 10:08:08,2478.65,122733
2021-06-24 10:08:08,2478.1,122740
2021-06-24 10:08:09,2478.1,122740
2021-06-24 10:08:10,2478.1,122746
2021-06-24 10:08:11,2478.1,122746
2021-06-24 10:08:12,2478.1,122746
2021-06-24 10:08:13,2478.1,122754
2021-06-24 10:08:16,2479.15,122780
2021-06-24 10:08:17,2478.15,122781
2021-06-24 10:08:18,2478.15,122781
2021-06-24 10:08:19,2478.15,122781
2021-06-24 10:08:20,2478.15,122781
2021-06-24 10:08:21,2478.15,122781
2021-06-24 10:08:21,2478.15,122781
2021-06-24 10:08:22,2478.15,122781
2021-06-24 10:08:23,2478.15,122781
2021-06-24 10:08:25,2479.15,122802
2021-06-24 10:08:26,2479.1,122806
2021-06-24 10:08:27,2479.1,122806
2021-06-24 10:08:28,2479.1,122806
2021-06-24 10:08:30,2479.1,122806
2021-06-24 10:08:31,2479.1,122822
2021-06-24 10:08:32,2479.1,122823
2021-06-24 10:08:33,2479.1,122825
2021-06-24 10:08:34,2479.9,122837
2021-06-24 10:08:34,2479.9,122837
2021-06-24 10:08:35,2479.1,122847
2021-06-24 10:08:36,2479.1,122847
2021-06-24 10:08:37,2479.15,122848
2021-06-24 10:08:38,2479.15,122848
2021-06-24 10:08:39,2479.15,122848
2021-06-24 10:08:41,2479.85,122855
2021-06-24 10:08:42,2479.85,122855
2021-06-24 10:08:43,2479.85,122855
2021-06-24 10:08:44,2480.0,122878
2021-06-24 10:08:45,2479.2,122879
2021-06-24 10:08:46,2480.0,122962
2021-06-24 10:08:46,2480.0,122962
2021-06-24 10:08:47,2480.0,122962
2021-06-24 10:08:49,2480.0,122962
2021-06-24 10:08:50,2480.95,123024
2021-06-24 10:08:51,2480.2,123028
2021-06-24 10:08:52,2480.2,123028
2021-06-24 10:08:54,2480.2,123031
2021-06-24 10:08:55,2479.5,123156
2021-06-24 10:08:56,2479.5,123156
2021-06-24 10:08:57,2479.7,123162
2021-06-24 10:08:58,2479.7,123162
2021-06-24 10:08:59,2479.7,123164
2021-06-24 10:09:00,2480.7,123168
2021-06-24 10:09:00,2480.7,123168
2021-06-24 10:09:01,2480.2,123178
2021-06-24 10:09:02,2479.7,123280
2021-06-24 10:09:03,2480.15,123302
2021-06-24 10:09:04,2480.15,123302
2021-06-24 10:09:05,2480.15,123302
2021-06-24 10:09:07,2479.7,123303
2021-06-24 10:09:08,2479.7,123303
2021-06-24 10:09:09,2479.7,123303
2021-06-24 10:09:10,2479.7,123303
2021-06-24 10:09:11,2479.7,123303
2021-06-24 10:09:12,2479.7,123303
2021-06-24 10:09:13,2480.15,123304
2021-06-24 10:09:14,2480.15,123304
2021-06-24 10:09:15,2480.15,123304
2021-06-24 10:09:16,2480.15,123304
2021-06-24 10:09:17,2480.15,123304
2021-06-24 10:09:19,2480.15,123319
2021-06-24 10:09:18,2480.15,123304
2021-06-24 10:09:22,2479.55,123324
2021-06-24 10:09:22,2479.55,123324
2021-06-24 10:09:23,2480.15,123331
2021-06-24 10:09:24,2480.15,123363
2021-06-24 10:09:25,2480.15,123363
2021-06-24 10:09:26,2480.15,123380
2021-06-24 10:09:27,2480.15,123380
2021-06-24 10:09:28,2480.15,123380
2021-06-24 10:09:29,2480.15,123380
2021-06-24 10:09:32,2479.55,123407
2021-06-24 10:09:33,2479.55,123407
2021-06-24 10:09:34,2479.6,123447
2021-06-24 10:09:35,2479.6,123672
2021-06-24 10:09:36,2479.6,123672
2021-06-24 10:09:38,2479.6,123692
2021-06-24 10:09:39,2479.6,123692
2021-06-24 10:09:40,2479.6,123692
2021-06-24 10:09:41,2480.6,123699
2021-06-24 10:09:42,2479.65,123725
2021-06-24 10:09:43,2479.65,123725
2021-06-24 10:09:43,2479.65,123725
2021-06-24 10:09:44,2480.45,123746
2021-06-24 10:09:45,2480.45,123746
2021-06-24 10:09:46,2480.45,123746
2021-06-24 10:09:47,2480.65,123776
2021-06-24 10:09:48,2480.65,123776
2021-06-24 10:09:50,2480.65,123776
2021-06-24 10:09:51,2481.0,123850
2021-06-24 10:09:54,2481.0,123850
2021-06-24 10:09:55,2481.0,123850
2021-06-24 10:09:56,2480.35,123854
2021-06-24 10:09:57,2480.35,123854
2021-06-24 10:09:58,2480.35,123854
2021-06-24 10:09:59,2480.35,123854
2021-06-24 10:10:01,2480.8,123855
2021-06-24 10:10:02,2480.8,123855
2021-06-24 10:10:03,2480.8,123855
2021-06-24 10:10:04,2480.8,123877
2021-06-24 10:10:05,2480.8,123877
2021-06-24 10:10:06,2480.8,123877
2021-06-24 10:10:07,2480.8,123877
2021-06-24 10:10:07,2480.8,123877
2021-06-24 10:10:08,2480.4,123898
2021-06-24 10:10:10,2480.4,123898
2021-06-24 10:10:11,2480.4,123898
2021-06-24 10:10:12,2480.4,123898
2021-06-24 10:10:13,2480.4,123898
2021-06-24 10:10:13,2480.45,123918
2021-06-24 10:10:14,2480.6,123921
2021-06-24 10:10:15,2480.5,123924
2021-06-24 10:10:16,2480.5,123924
2021-06-24 10:10:17,2480.45,123940
2021-06-24 10:10:18,2480.45,123940
2021-06-24 10:10:19,2480.45,123940
2021-06-24 10:10:20,2480.5,123970
2021-06-24 10:10:23,2480.5,123970
2021-06-24 10:10:24,2480.4,124191
2021-06-24 10:10:25,2480.4,124191
2021-06-24 10:10:26,2480.4,124191
2021-06-24 10:10:27,2480.4,124191
2021-06-24 10:10:28,2480.4,124191
2021-06-24 10:10:29,2480.4,124194
2021-06-24 10:10:30,2480.4,124194
2021-06-24 10:10:31,2480.4,124194
2021-06-24 10:10:32,2481.5,124223
2021-06-24 10:10:33,2481.5,124223
2021-06-24 10:10:35,2480.45,124228
2021-06-24 10:10:36,2480.45,124229
2021-06-24 10:10:36,2480.45,124229
2021-06-24 10:10:37,2480.4,124240
2021-06-24 10:10:39,2480.4,124240
2021-06-24 10:10:41,2481.5,124247
2021-06-24 10:10:42,2480.4,124248
2021-06-24 10:10:43,2480.4,124248
2021-06-24 10:10:44,2481.55,124269
2021-06-24 10:10:45,2481.55,124319
2021-06-24 10:10:46,2481.55,124319
2021-06-24 10:10:46,2481.55,124319
2021-06-24 10:10:47,2481.55,124319
2021-06-24 10:10:48,2481.5,124321
2021-06-24 10:10:50,2481.5,124321
2021-06-24 10:10:51,2481.5,124321
2021-06-24 10:10:52,2480.5,124331
2021-06-24 10:10:55,2481.45,124361
2021-06-24 10:10:56,2480.0,124472
2021-06-24 10:10:57,2481.5,124592
2021-06-24 10:10:58,2480.25,124593
2021-06-24 10:10:59,2480.25,124593
2021-06-24 10:11:00,2480.25,124593
2021-06-24 10:11:01,2481.5,124598
2021-06-24 10:11:02,2481.5,124602
2021-06-24 10:11:03,2481.5,124602
2021-06-24 10:11:04,2481.5,124624
2021-06-24 10:11:05,2481.5,124624
2021-06-24 10:11:06,2481.5,124624
2021-06-24 10:11:07,2480.4,124659
2021-06-24 10:11:07,2480.4,124659
2021-06-24 10:11:08,2480.4,124659
2021-06-24 10:11:10,2480.4,124659
2021-06-24 10:11:11,2480.4,124659
2021-06-24 10:11:12,2480.4,124659
2021-06-24 10:11:13,2480.45,124662
2021-06-24 10:11:14,2480.45,124662
2021-06-24 10:11:15,2480.4,124663
2021-06-24 10:11:16,2480.4,124663
2021-06-24 10:11:17,2480.4,124663
2021-06-24 10:11:18,2480.35,124682
2021-06-24 10:11:18,2480.35,124682
2021-06-24 10:11:20,2480.35,124682
2021-06-24 10:11:20,2480.35,124682
2021-06-24 10:11:21,2480.35,124682
2021-06-24 10:11:23,2480.0,124782
2021-06-24 10:11:24,2481.0,124808
2021-06-24 10:11:25,2481.0,124808
2021-06-24 10:11:26,2481.0,124808
2021-06-24 10:11:27,2481.0,124808
2021-06-24 10:11:28,2480.1,124893
2021-06-24 10:11:29,2480.1,124893
2021-06-24 10:11:30,2480.1,124893
2021-06-24 10:11:31,2480.1,124893
2021-06-24 10:11:32,2480.55,124903
2021-06-24 10:11:33,2480.55,124904
2021-06-24 10:11:34,2480.55,124904
2021-06-24 10:11:35,2480.55,124904
2021-06-24 10:11:36,2480.3,124915
2021-06-24 10:11:36,2480.3,124915
2021-06-24 10:11:37,2480.3,124915
2021-06-24 10:11:38,2480.3,124915
2021-06-24 10:11:39,2481.0,124920
2021-06-24 10:11:40,2481.0,124927
2021-06-24 10:11:42,2480.35,124928
2021-06-24 10:11:43,2480.3,124946
2021-06-24 10:11:44,2481.0,125047
2021-06-24 10:11:45,2481.0,125047
2021-06-24 10:11:45,2481.0,125047
2021-06-24 10:11:46,2480.3,125061
2021-06-24 10:11:47,2480.3,125061
2021-06-24 10:11:50,2480.3,125061
2021-06-24 10:11:51,2480.05,125066
2021-06-24 10:11:52,2480.35,125068
2021-06-24 10:11:53,2480.35,125068
2021-06-24 10:11:53,2480.35,125068
2021-06-24 10:11:54,2480.3,125089
2021-06-24 10:11:55,2480.3,125089
2021-06-24 10:11:57,2480.3,125089
2021-06-24 10:11:57,2481.0,125129
2021-06-24 10:11:58,2480.0,125230
2021-06-24 10:12:00,2480.05,125240
2021-06-24 10:12:01,2480.05,125240
2021-06-24 10:12:02,2480.05,125240
2021-06-24 10:12:02,2480.05,125240
2021-06-24 10:12:03,2481.0,125263
2021-06-24 10:12:05,2481.0,125263
2021-06-24 10:12:06,2481.0,125263
2021-06-24 10:12:07,2481.0,125263
2021-06-24 10:12:08,2479.85,125464
2021-06-24 10:12:09,2479.85,125464
2021-06-24 10:12:10,2479.85,125464
2021-06-24 10:12:11,2479.85,125464
2021-06-24 10:12:13,2479.8,125486
2021-06-24 10:12:15,2479.8,125486
2021-06-24 10:12:16,2479.8,125486
2021-06-24 10:12:16,2479.8,125486
2021-06-24 10:12:17,2479.8,125486
2021-06-24 10:12:18,2479.8,125487
2021-06-24 10:12:20,2479.8,125487
2021-06-24 10:12:21,2479.8,125487
2021-06-24 10:12:23,2480.05,125529
2021-06-24 10:12:23,2480.9,125550
2021-06-24 10:12:25,2480.9,125550
2021-06-24 10:12:26,2480.05,125560
2021-06-24 10:12:27,2480.05,125561
2021-06-24 10:12:28,2480.05,125561
2021-06-24 10:12:29,2480.05,125561
2021-06-24 10:12:30,2480.1,125587
2021-06-24 10:12:31,2479.7,125607
2021-06-24 10:12:32,2479.7,125607
2021-06-24 10:12:33,2479.95,125610
2021-06-24 10:12:34,2479.95,125610
2021-06-24 10:12:35,2480.75,125670
2021-06-24 10:12:36,2480.85,125673
2021-06-24 10:12:37,2480.85,125677
2021-06-24 10:12:38,2479.95,125692
2021-06-24 10:12:39,2479.95,125692
2021-06-24 10:12:40,2479.95,125692
2021-06-24 10:12:41,2479.95,125729
2021-06-24 10:12:42,2479.95,125729
2021-06-24 10:12:43,2479.95,125729
2021-06-24 10:12:44,2479.65,126720
2021-06-24 10:12:45,2479.05,126752
2021-06-24 10:12:46,2479.05,126765
2021-06-24 10:12:47,2479.05,126765
2021-06-24 10:12:48,2479.05,126765
2021-06-24 10:12:49,2480.3,126776
2021-06-24 10:12:50,2480.3,126776
2021-06-24 10:12:51,2480.3,126776
2021-06-24 10:12:52,2480.3,126776
2021-06-24 10:12:53,2480.3,126776
2021-06-24 10:12:54,2480.3,126776
2021-06-24 10:12:55,2479.1,126784
2021-06-24 10:12:56,2479.1,126784
2021-06-24 10:12:57,2479.1,126784
2021-06-24 10:12:58,2479.1,126784
2021-06-24 10:13:00,2479.1,126804
2021-06-24 10:13:01,2479.1,126804
2021-06-24 10:13:02,2479.1,126804
2021-06-24 10:13:03,2479.1,126804
2021-06-24 10:13:04,2479.6,126827
2021-06-24 10:13:05,2479.6,126827
2021-06-24 10:13:06,2479.6,126827
2021-06-24 10:13:07,2480.0,126839
2021-06-24 10:13:08,2480.0,126864
2021-06-24 10:13:09,2480.0,126864
2021-06-24 10:13:10,2480.3,126865
2021-06-24 10:13:11,2480.3,126865
2021-06-24 10:13:12,2480.3,126867
2021-06-24 10:13:13,2480.3,126867
2021-06-24 10:13:14,2480.85,127189
2021-06-24 10:13:15,2480.85,127189
2021-06-24 10:13:16,2480.85,127189
2021-06-24 10:13:17,2480.9,127254
2021-06-24 10:13:18,2480.9,127254
2021-06-24 10:13:19,2480.9,127254
2021-06-24 10:13:20,2480.9,127279
2021-06-24 10:13:21,2480.9,127279
2021-06-24 10:13:22,2480.9,127279
2021-06-24 10:13:23,2480.9,127279
2021-06-24 10:13:24,2480.95,127301
2021-06-24 10:13:25,2480.95,127301
2021-06-24 10:13:26,2480.85,127352
2021-06-24 10:13:27,2480.85,127352
2021-06-24 10:13:28,2480.85,127352
2021-06-24 10:13:29,2480.85,127352
2021-06-24 10:13:30,2480.85,127352
2021-06-24 10:13:31,2480.85,127352
2021-06-24 10:13:32,2480.85,127352
2021-06-24 10:13:33,2480.85,127352
2021-06-24 10:13:34,2480.85,127352
2021-06-24 10:13:35,2480.85,127352
2021-06-24 10:13:36,2482.5,127603
2021-06-24 10:13:37,2482.5,127603
2021-06-24 10:13:38,2482.5,127603
2021-06-24 10:13:39,2482.5,127603
2021-06-24 10:13:40,2482.5,127603
2021-06-24 10:13:41,2482.45,127610
2021-06-24 10:13:42,2482.45,127610
2021-06-24 10:13:43,2482.45,127610
2021-06-24 10:13:44,2482.55,127631
2021-06-24 10:13:45,2482.75,127764
2021-06-24 10:13:46,2482.75,127764
2021-06-24 10:13:47,2482.75,127764
2021-06-24 10:13:48,2482.75,127765
2021-06-24 10:13:49,2482.75,127765
2021-06-24 10:13:50,2482.75,127771
2021-06-24 10:13:51,2481.15,127881
2021-06-24 10:13:52,2481.15,127881
2021-06-24 10:13:53,2481.15,127881
2021-06-24 10:13:54,2482.8,127941
2021-06-24 10:13:55,2482.8,127941
2021-06-24 10:13:56,2482.8,127941
2021-06-24 10:13:57,2482.8,127941
2021-06-24 10:13:58,2482.8,127941
2021-06-24 10:13:59,2481.3,127991
2021-06-24 10:14:00,2481.3,127993
2021-06-24 10:14:02,2481.85,127994
2021-06-24 10:14:03,2482.65,128025
2021-06-24 10:14:04,2482.65,128047
2021-06-24 10:14:06,2481.45,128077
2021-06-24 10:14:07,2481.45,128077
2021-06-24 10:14:08,2481.45,128077
2021-06-24 10:14:09,2481.45,128077
2021-06-24 10:14:10,2481.45,128077
2021-06-24 10:14:11,2481.45,128077
2021-06-24 10:14:12,2481.45,128077
2021-06-24 10:14:13,2481.45,128080
2021-06-24 10:14:14,2481.45,128080
2021-06-24 10:14:15,2481.45,128080
2021-06-24 10:14:16,2481.45,128080
2021-06-24 10:14:18,2481.45,128080
2021-06-24 10:14:19,2481.45,128080
2021-06-24 10:14:20,2481.45,128080
2021-06-24 10:14:21,2481.45,128130
2021-06-24 10:14:22,2481.45,128130
2021-06-24 10:14:23,2482.4,128180
2021-06-24 10:14:24,2482.5,128201
2021-06-24 10:14:25,2482.5,128201
2021-06-24 10:14:26,2482.5,128201
2021-06-24 10:14:27,2482.55,128217
2021-06-24 10:14:28,2482.55,128217
2021-06-24 10:14:29,2482.55,128217
2021-06-24 10:14:30,2482.55,128219
2021-06-24 10:14:31,2482.55,128219
2021-06-24 10:14:32,2482.55,128219
2021-06-24 10:14:33,2482.45,128220
2021-06-24 10:14:34,2482.45,128220
2021-06-24 10:14:35,2482.45,128220
2021-06-24 10:14:36,2482.8,128320
2021-06-24 10:14:38,2482.8,128320
2021-06-24 10:14:39,2481.8,128322
2021-06-24 10:14:40,2481.95,128327
2021-06-24 10:14:41,2483.75,128370
2021-06-24 10:14:42,2482.6,128371
2021-06-24 10:14:43,2483.95,128451
2021-06-24 10:14:44,2483.9,128473
2021-06-24 10:14:45,2483.9,128473
2021-06-24 10:14:46,2483.9,128473
2021-06-24 10:14:47,2483.0,128518
2021-06-24 10:14:48,2483.8,128523
2021-06-24 10:14:49,2483.8,128548
2021-06-24 10:14:50,2483.8,128548
2021-06-24 10:14:51,2483.8,128548
2021-06-24 10:14:53,2483.8,128548
2021-06-24 10:14:54,2482.6,128564
2021-06-24 10:14:55,2483.8,129064
2021-06-24 10:14:56,2482.75,129067
2021-06-24 10:14:57,2483.8,129068
2021-06-24 10:14:59,2482.75,129118
2021-06-24 10:15:00,2483.65,129141
2021-06-24 10:15:02,2483.65,129141
2021-06-24 10:15:03,2483.6,129144
2021-06-24 10:15:04,2483.65,129166
2021-06-24 10:15:05,2483.65,129166
2021-06-24 10:15:06,2483.65,129166
2021-06-24 10:15:07,2483.65,129166
2021-06-24 10:15:08,2483.65,129266
2021-06-24 10:15:10,2483.65,129266
2021-06-24 10:15:10,2483.65,129266
2021-06-24 10:15:11,2483.65,129266
2021-06-24 10:15:13,2482.75,129277
2021-06-24 10:15:13,2482.75,129277
2021-06-24 10:15:15,2483.85,129302
2021-06-24 10:15:16,2482.8,129304
2021-06-24 10:15:17,2482.8,129304
2021-06-24 10:15:18,2482.8,129306
2021-06-24 10:15:19,2482.8,129306
2021-06-24 10:15:20,2482.8,129306
2021-06-24 10:15:22,2482.8,129306
2021-06-24 10:15:23,2482.8,129306
2021-06-24 10:15:24,2483.75,129339
2021-06-24 10:15:25,2483.75,129339
2021-06-24 10:15:26,2483.75,129339
2021-06-24 10:15:27,2483.75,129339
2021-06-24 10:15:28,2483.75,129339
2021-06-24 10:15:29,2483.75,129339
2021-06-24 10:15:30,2483.75,129339
2021-06-24 10:15:31,2483.6,129349
2021-06-24 10:15:32,2483.6,129349
2021-06-24 10:15:33,2483.25,129354
2021-06-24 10:15:34,2483.95,129384
2021-06-24 10:15:35,2483.75,129385
2021-06-24 10:15:36,2482.9,129437
2021-06-24 10:15:37,2484.0,129457
2021-06-24 10:15:38,2484.0,129457
2021-06-24 10:15:39,2482.95,129458
2021-06-24 10:15:40,2484.0,129465
2021-06-24 10:15:42,2484.0,129465
2021-06-24 10:15:42,2484.0,129465
2021-06-24 10:15:44,2484.0,129511
2021-06-24 10:15:45,2484.0,129512
2021-06-24 10:15:46,2484.0,129512
2021-06-24 10:15:47,2484.0,129512
2021-06-24 10:15:48,2484.0,129512
2021-06-24 10:15:49,2484.0,129512
2021-06-24 10:15:51,2483.5,129517
2021-06-24 10:15:52,2483.5,129517
2021-06-24 10:15:53,2483.3,129520
2021-06-24 10:15:54,2483.05,129532
2021-06-24 10:15:55,2483.05,129532
2021-06-24 10:15:56,2483.05,129532
2021-06-24 10:15:57,2483.05,129532
2021-06-24 10:15:58,2483.55,129583
2021-06-24 10:16:00,2483.55,129583
2021-06-24 10:16:01,2483.55,129591
2021-06-24 10:16:02,2483.55,129732
2021-06-24 10:16:03,2484.0,129739
2021-06-24 10:16:04,2484.0,129765
2021-06-24 10:16:05,2483.35,129766
2021-06-24 10:16:07,2483.95,129769
2021-06-24 10:16:08,2483.95,129771
2021-06-24 10:16:09,2483.35,129790
2021-06-24 10:16:10,2483.35,129791
2021-06-24 10:16:11,2483.35,129792
2021-06-24 10:16:12,2483.4,129794
2021-06-24 10:16:14,2483.4,129836
2021-06-24 10:16:15,2483.4,129838
2021-06-24 10:16:16,2483.4,129863
2021-06-24 10:16:17,2483.4,129863
2021-06-24 10:16:18,2483.4,129863
2021-06-24 10:16:19,2483.4,129863
2021-06-24 10:16:21,2484.0,130362
2021-06-24 10:16:22,2484.0,130362
2021-06-24 10:16:23,2484.0,130372
2021-06-24 10:16:25,2484.0,130426
2021-06-24 10:16:26,2485.0,130686
2021-06-24 10:16:27,2485.0,130686
2021-06-24 10:16:28,2483.9,130688
2021-06-24 10:16:29,2483.9,130688
2021-06-24 10:16:30,2483.9,130688
2021-06-24 10:16:31,2483.9,130688
2021-06-24 10:16:32,2483.9,130688
2021-06-24 10:16:33,2483.9,130688
2021-06-24 10:16:34,2484.1,130689
2021-06-24 10:16:35,2485.0,130714
2021-06-24 10:16:36,2485.0,130714
2021-06-24 10:16:37,2484.1,130717
2021-06-24 10:16:38,2484.1,130717
2021-06-24 10:16:39,2484.1,130717
2021-06-24 10:16:40,2484.1,130717
2021-06-24 10:16:41,2485.0,130724
2021-06-24 10:16:42,2485.0,130724
2021-06-24 10:16:43,2485.0,130724
2021-06-24 10:16:45,2485.0,130745
2021-06-24 10:16:45,2485.0,130745
2021-06-24 10:16:46,2485.2,130795
2021-06-24 10:16:47,2485.0,130943
2021-06-24 10:16:48,2485.0,130943
2021-06-24 10:16:49,2485.0,130943
2021-06-24 10:16:50,2485.0,130943
2021-06-24 10:16:51,2485.0,130943
2021-06-24 10:16:52,2485.2,130963
2021-06-24 10:16:53,2485.0,130965
2021-06-24 10:16:54,2485.0,130965
2021-06-24 10:16:55,2485.0,130970
2021-06-24 10:16:56,2485.0,130974
2021-06-24 10:16:58,2485.3,130976
2021-06-24 10:16:58,2485.3,130976
2021-06-24 10:17:00,2485.0,130986
2021-06-24 10:17:01,2485.0,130986
2021-06-24 10:17:02,2485.0,130986
2021-06-24 10:17:02,2485.0,130986
2021-06-24 10:17:03,2485.0,130986
2021-06-24 10:17:04,2485.35,131008
2021-06-24 10:17:06,2486.0,132028
2021-06-24 10:17:07,2485.25,132093
2021-06-24 10:17:08,2485.25,132093
2021-06-24 10:17:09,2485.25,132093
2021-06-24 10:17:10,2485.3,132094
2021-06-24 10:17:11,2485.95,132491
2021-06-24 10:17:13,2487.45,132546
2021-06-24 10:17:14,2487.45,132546
2021-06-24 10:17:15,2487.45,132546
2021-06-24 10:17:15,2487.45,132546
2021-06-24 10:17:16,2487.45,132546
2021-06-24 10:17:17,2487.45,132546
2021-06-24 10:17:18,2487.45,132546
2021-06-24 10:17:19,2487.0,132577
2021-06-24 10:17:20,2486.65,132648
2021-06-24 10:17:21,2486.65,132648
2021-06-24 10:17:22,2486.65,132698
2021-06-24 10:17:23,2486.65,132698
2021-06-24 10:17:24,2487.45,132720
2021-06-24 10:17:25,2487.45,132720
2021-06-24 10:17:26,2487.45,132720
2021-06-24 10:17:27,2486.65,132740
2021-06-24 10:17:29,2486.65,132740
2021-06-24 10:17:31,2486.65,132740
2021-06-24 10:17:32,2486.65,132741
2021-06-24 10:17:33,2487.45,132759
2021-06-24 10:17:34,2486.6,132780
2021-06-24 10:17:35,2486.6,132780
2021-06-24 10:17:36,2486.3,132782
2021-06-24 10:17:38,2486.3,132782
2021-06-24 10:17:39,2487.95,133282
2021-06-24 10:17:40,2487.95,133282
2021-06-24 10:17:41,2486.8,133315
2021-06-24 10:17:42,2486.8,133315
2021-06-24 10:17:43,2486.8,133315
2021-06-24 10:17:44,2487.9,133336
2021-06-24 10:17:45,2487.9,133336
2021-06-24 10:17:46,2487.9,133336
2021-06-24 10:17:47,2487.9,133336
2021-06-24 10:17:48,2487.45,133351
2021-06-24 10:17:49,2488.1,133353
2021-06-24 10:17:50,2488.1,133361
2021-06-24 10:17:51,2486.95,133411
2021-06-24 10:17:52,2486.95,133411
2021-06-24 10:17:53,2486.95,133446
2021-06-24 10:17:54,2487.9,136766
2021-06-24 10:17:55,2487.5,137076
2021-06-24 10:17:56,2487.7,137094
2021-06-24 10:17:58,2487.6,137148
2021-06-24 10:17:58,2487.6,137148
2021-06-24 10:17:59,2487.6,137148
2021-06-24 10:18:00,2487.35,137433
2021-06-24 10:18:01,2488.2,137462
2021-06-24 10:18:03,2487.45,137499
2021-06-24 10:18:04,2488.4,137521
2021-06-24 10:18:05,2488.65,137594
2021-06-24 10:18:06,2487.15,137622
2021-06-24 10:18:07,2486.45,137625
2021-06-24 10:18:08,2486.5,137645
2021-06-24 10:18:10,2487.0,137646
2021-06-24 10:18:11,2488.1,137666
2021-06-24 10:18:12,2488.1,137667
2021-06-24 10:18:13,2488.1,137667
2021-06-24 10:18:14,2488.15,137707
2021-06-24 10:18:14,2488.15,137707
2021-06-24 10:18:15,2488.15,137707
2021-06-24 10:18:17,2488.15,137707
2021-06-24 10:18:17,2488.15,137707
2021-06-24 10:18:18,2488.4,137807
2021-06-24 10:18:19,2486.9,137864
2021-06-24 10:18:20,2486.9,137864
2021-06-24 10:18:21,2488.45,137865
2021-06-24 10:18:22,2487.9,137866
2021-06-24 10:18:23,2487.9,137866
2021-06-24 10:18:24,2488.4,137888
2021-06-24 10:18:25,2488.4,137888
2021-06-24 10:18:26,2488.5,137898
2021-06-24 10:18:27,2487.9,137900
2021-06-24 10:18:28,2487.9,137901
2021-06-24 10:18:30,2488.85,138101
2021-06-24 10:18:31,2488.85,138101
2021-06-24 10:18:31,2488.85,138101
2021-06-24 10:18:33,2488.4,138102
2021-06-24 10:18:33,2488.4,138102
2021-06-24 10:18:34,2488.4,138102
2021-06-24 10:18:35,2488.4,138102
2021-06-24 10:18:36,2488.35,138117
2021-06-24 10:18:37,2487.45,138248
2021-06-24 10:18:39,2488.9,138249
2021-06-24 10:18:40,2488.9,138249
2021-06-24 10:18:41,2489.0,138284
2021-06-24 10:18:41,2489.0,138284
2021-06-24 10:18:42,2488.9,138285
2021-06-24 10:18:43,2489.0,138338
2021-06-24 10:18:44,2489.0,138359
2021-06-24 10:18:45,2488.0,138364
2021-06-24 10:18:46,2488.0,138364
2021-06-24 10:18:47,2489.0,138365
2021-06-24 10:18:48,2489.0,138365
2021-06-24 10:18:49,2489.0,138367
2021-06-24 10:18:50,2489.0,138367
2021-06-24 10:18:51,2489.0,138369
2021-06-24 10:18:53,2489.0,138370
2021-06-24 10:18:54,2488.5,138465
2021-06-24 10:18:55,2488.5,138465
2021-06-24 10:18:56,2488.5,138475
2021-06-24 10:18:57,2488.5,138475
2021-06-24 10:18:58,2489.0,138528
2021-06-24 10:19:00,2488.5,138538
2021-06-24 10:19:01,2488.5,138538
2021-06-24 10:19:02,2489.0,138539
2021-06-24 10:19:03,2489.0,138539
2021-06-24 10:19:04,2489.4,138581
2021-06-24 10:19:05,2489.4,138581
2021-06-24 10:19:06,2489.4,138581
2021-06-24 10:19:07,2489.9,138681
2021-06-24 10:19:08,2488.5,138731
2021-06-24 10:19:09,2488.5,138731
2021-06-24 10:19:10,2488.5,138731
2021-06-24 10:19:11,2489.75,138781
2021-06-24 10:19:12,2489.75,138781
2021-06-24 10:19:13,2489.75,138781
2021-06-24 10:19:13,2489.75,138781
2021-06-24 10:19:14,2489.75,138782
2021-06-24 10:19:16,2488.55,138786
2021-06-24 10:19:17,2488.55,138786
2021-06-24 10:19:18,2489.0,138792
2021-06-24 10:19:19,2489.0,138792
2021-06-24 10:19:19,2490.0,138857
2021-06-24 10:19:20,2489.75,138881
2021-06-24 10:19:21,2489.0,139014
2021-06-24 10:19:22,2489.15,139015
2021-06-24 10:19:23,2490.0,139036
2021-06-24 10:19:24,2490.0,139046
2021-06-24 10:19:25,2490.0,139299
2021-06-24 10:19:26,2490.0,139299
2021-06-24 10:19:27,2489.55,139300
2021-06-24 10:19:28,2489.75,139380
2021-06-24 10:19:29,2490.0,139385
2021-06-24 10:19:31,2489.75,139515
2021-06-24 10:19:31,2489.75,139516
2021-06-24 10:19:32,2490.0,139524
2021-06-24 10:19:34,2489.8,140834
2021-06-24 10:19:33,2490.0,139524
2021-06-24 10:19:35,2491.5,140835
2021-06-24 10:19:36,2490.0,140837
2021-06-24 10:19:38,2490.0,140888
2021-06-24 10:19:39,2490.0,140918
2021-06-24 10:19:40,2490.0,141035
2021-06-24 10:19:41,2491.0,141042
2021-06-24 10:19:42,2489.85,141067
2021-06-24 10:19:42,2491.0,141068
2021-06-24 10:19:44,2490.95,141101
2021-06-24 10:19:44,2490.95,141109
2021-06-24 10:19:46,2490.95,141109
2021-06-24 10:19:47,2490.95,141111
2021-06-24 10:19:48,2489.75,141166
2021-06-24 10:19:49,2489.0,141666
2021-06-24 10:19:50,2489.0,141666
2021-06-24 10:19:51,2489.75,141682
2021-06-24 10:19:51,2489.0,141666
2021-06-24 10:19:52,2489.75,141746
2021-06-24 10:19:53,2489.1,141761
2021-06-24 10:19:54,2490.2,141763
2021-06-24 10:19:55,2490.2,141763
2021-06-24 10:19:57,2490.2,141763
2021-06-24 10:19:58,2490.2,141763
2021-06-24 10:19:58,2490.2,141763
2021-06-24 10:20:00,2490.2,141763
2021-06-24 10:20:01,2490.25,141813
2021-06-24 10:20:02,2490.25,141813
2021-06-24 10:20:03,2490.25,141813
2021-06-24 10:20:04,2490.65,141836
2021-06-24 10:20:05,2490.65,141836
2021-06-24 10:20:06,2490.65,141836
2021-06-24 10:20:07,2489.75,141838
2021-06-24 10:20:08,2489.75,141838
2021-06-24 10:20:08,2489.75,141838
2021-06-24 10:20:10,2490.65,141861
2021-06-24 10:20:10,2489.75,141884
2021-06-24 10:20:11,2489.5,141984
2021-06-24 10:20:13,2490.0,142044
2021-06-24 10:20:14,2490.0,142044
2021-06-24 10:20:15,2490.0,142044
2021-06-24 10:20:16,2490.85,142119
2021-06-24 10:20:17,2490.6,142323
2021-06-24 10:20:18,2489.55,142333
2021-06-24 10:20:19,2489.55,142333
2021-06-24 10:20:20,2489.55,142333
2021-06-24 10:20:21,2489.55,142333
2021-06-24 10:20:23,2489.55,142333
2021-06-24 10:20:23,2491.0,142367
2021-06-24 10:20:25,2491.0,142368
2021-06-24 10:20:25,2490.95,142376
2021-06-24 10:20:26,2490.95,142376
2021-06-24 10:20:27,2490.95,142377
2021-06-24 10:20:28,2490.95,142377
2021-06-24 10:20:29,2490.95,142383
2021-06-24 10:20:30,2489.5,142483
2021-06-24 10:20:31,2489.5,142483
2021-06-24 10:20:33,2490.0,142492
2021-06-24 10:20:34,2489.5,142580
2021-06-24 10:20:35,2490.25,142582
2021-06-24 10:20:36,2490.25,142582
2021-06-24 10:20:37,2490.25,142582
2021-06-24 10:20:38,2490.35,142603
2021-06-24 10:20:39,2490.35,142603
2021-06-24 10:20:40,2490.35,142603
2021-06-24 10:20:41,2490.45,142611
2021-06-24 10:20:43,2490.45,142611
2021-06-24 10:20:44,2490.95,142634
2021-06-24 10:20:45,2490.95,142634
2021-06-24 10:20:46,2490.95,142638
2021-06-24 10:20:47,2490.95,142648
2021-06-24 10:20:48,2490.1,142650
2021-06-24 10:20:49,2490.1,142650
2021-06-24 10:20:50,2489.65,142775
2021-06-24 10:20:51,2490.65,142795
2021-06-24 10:20:52,2490.7,142796
2021-06-24 10:20:53,2490.7,142796
2021-06-24 10:20:55,2490.7,142796
2021-06-24 10:20:56,2490.7,142796
2021-06-24 10:20:57,2490.7,142796
2021-06-24 10:20:59,2490.9,142799
2021-06-24 10:21:00,2490.9,142799
2021-06-24 10:21:01,2490.9,142799
2021-06-24 10:21:02,2490.9,142799
2021-06-24 10:21:02,2490.9,142800
2021-06-24 10:21:03,2490.9,142839
2021-06-24 10:21:04,2490.9,142859
2021-06-24 10:21:05,2490.95,142865
2021-06-24 10:21:07,2490.7,142866
2021-06-24 10:21:08,2490.7,142867
2021-06-24 10:21:09,2490.7,142867
2021-06-24 10:21:10,2490.7,142867
2021-06-24 10:21:11,2490.7,142867
2021-06-24 10:21:12,2490.7,142872
2021-06-24 10:21:13,2490.1,142923
2021-06-24 10:21:14,2490.95,142930
2021-06-24 10:21:15,2490.95,142930
2021-06-24 10:21:16,2490.55,142985
2021-06-24 10:21:17,2490.95,142990
2021-06-24 10:21:18,2490.95,142990
2021-06-24 10:21:19,2490.95,142991
2021-06-24 10:21:20,2490.95,142996
2021-06-24 10:21:21,2490.95,142996
2021-06-24 10:21:21,2490.95,143026
2021-06-24 10:21:22,2491.0,143320
2021-06-24 10:21:24,2492.0,143350
2021-06-24 10:21:25,2492.0,143350
2021-06-24 10:21:26,2490.95,143354
2021-06-24 10:21:26,2490.95,143355
2021-06-24 10:21:28,2490.75,143581
2021-06-24 10:21:29,2491.95,143583
2021-06-24 10:21:30,2490.75,143588
2021-06-24 10:21:31,2490.75,143588
2021-06-24 10:21:32,2490.75,143590
2021-06-24 10:21:33,2490.75,143591
2021-06-24 10:21:34,2490.75,143592
2021-06-24 10:21:35,2490.75,143593
2021-06-24 10:21:35,2490.75,143593
2021-06-24 10:21:36,2490.75,143600
2021-06-24 10:21:37,2490.75,143600
2021-06-24 10:21:38,2490.75,143606
2021-06-24 10:21:39,2491.65,143632
2021-06-24 10:21:41,2491.65,143639
2021-06-24 10:21:42,2491.75,143664
2021-06-24 10:21:43,2491.75,143664
2021-06-24 10:21:45,2491.0,143700
2021-06-24 10:21:46,2491.7,143710
2021-06-24 10:21:47,2491.7,143711
2021-06-24 10:21:48,2491.7,143711
2021-06-24 10:21:49,2491.75,143721
2021-06-24 10:21:50,2491.75,143721
2021-06-24 10:21:51,2490.5,144333
2021-06-24 10:21:52,2491.45,144357
2021-06-24 10:21:53,2491.45,144357
2021-06-24 10:21:54,2491.0,144368
2021-06-24 10:21:55,2491.0,144368
2021-06-24 10:21:56,2492.0,144388
2021-06-24 10:21:57,2492.0,144388
2021-06-24 10:21:58,2492.0,144388
2021-06-24 10:21:59,2492.0,144404
2021-06-24 10:21:59,2491.0,144654
2021-06-24 10:22:01,2491.0,144654
2021-06-24 10:22:02,2491.0,144654
2021-06-24 10:22:03,2491.0,144654
2021-06-24 10:22:04,2492.0,144681
2021-06-24 10:22:05,2492.0,144681
2021-06-24 10:22:06,2491.15,144691
2021-06-24 10:22:08,2491.15,144691
2021-06-24 10:22:08,2491.35,144692
2021-06-24 10:22:10,2491.35,144694
2021-06-24 10:22:11,2491.35,144721
2021-06-24 10:22:12,2491.35,144721
2021-06-24 10:22:13,2491.35,144721
2021-06-24 10:22:14,2491.35,144721
2021-06-24 10:22:15,2491.15,144871
2021-06-24 10:22:16,2491.15,144872
2021-06-24 10:22:17,2491.15,144872
2021-06-24 10:22:18,2491.15,144873
2021-06-24 10:22:18,2492.0,144876
2021-06-24 10:22:20,2492.0,144878
2021-06-24 10:22:21,2492.0,144879
2021-06-24 10:22:22,2492.0,144879
2021-06-24 10:22:23,2492.0,144879
2021-06-24 10:22:23,2492.0,144900
2021-06-24 10:22:25,2492.0,144900
2021-06-24 10:22:26,2491.15,144915
2021-06-24 10:22:27,2491.15,144915
2021-06-24 10:22:28,2491.15,144915
2021-06-24 10:22:29,2491.15,144915
2021-06-24 10:22:30,2491.15,144915
2021-06-24 10:22:32,2491.15,144915
2021-06-24 10:22:33,2491.75,144929
2021-06-24 10:22:34,2491.75,144929
2021-06-24 10:22:35,2491.75,144929
2021-06-24 10:22:36,2491.75,144929
2021-06-24 10:22:38,2491.9,144930
2021-06-24 10:22:38,2491.9,144932
2021-06-24 10:22:40,2491.0,144973
2021-06-24 10:22:41,2491.85,144980
2021-06-24 10:22:42,2491.85,144980
2021-06-24 10:22:43,2491.85,144980
2021-06-24 10:22:44,2491.9,145002
2021-06-24 10:22:45,2491.9,145002
2021-06-24 10:22:47,2492.0,145139
2021-06-24 10:22:48,2492.0,145139
2021-06-24 10:22:49,2491.0,145189
2021-06-24 10:22:50,2491.0,145239
2021-06-24 10:22:51,2491.0,145239
2021-06-24 10:22:52,2491.0,145239
2021-06-24 10:22:53,2492.0,145240
2021-06-24 10:22:54,2492.0,145240
2021-06-24 10:22:55,2492.0,145240
2021-06-24 10:22:56,2492.0,145240
2021-06-24 10:22:57,2492.0,145240
2021-06-24 10:22:58,2492.0,145240
2021-06-24 10:22:59,2491.25,145241
2021-06-24 10:23:00,2491.95,145242
2021-06-24 10:23:01,2491.95,145242
2021-06-24 10:23:02,2492.0,145292
2021-06-24 10:23:03,2492.0,145302
2021-06-24 10:23:03,2492.0,145324
2021-06-24 10:23:05,2492.0,145324
2021-06-24 10:23:06,2491.15,145325
2021-06-24 10:23:07,2492.0,145330
2021-06-24 10:23:08,2491.15,145386
2021-06-24 10:23:09,2491.95,145396
2021-06-24 10:23:10,2492.0,145406
2021-06-24 10:23:11,2491.15,145407
2021-06-24 10:23:12,2491.15,145409
2021-06-24 10:23:13,2491.0,145505
2021-06-24 10:23:13,2491.15,145409
2021-06-24 10:23:14,2491.0,145533
2021-06-24 10:23:16,2491.05,145591
2021-06-24 10:23:17,2491.95,145636
2021-06-24 10:23:18,2492.0,145736
2021-06-24 10:23:19,2491.8,145795
2021-06-24 10:23:20,2491.8,145795
2021-06-24 10:23:21,2491.8,145795
2021-06-24 10:23:22,2491.8,145795
2021-06-24 10:23:23,2491.0,145796
2021-06-24 10:23:24,2491.8,145817
2021-06-24 10:23:25,2491.8,145817
2021-06-24 10:23:26,2491.8,145822
2021-06-24 10:23:27,2490.0,146152
2021-06-24 10:23:28,2490.05,146162
2021-06-24 10:23:29,2491.65,146210
2021-06-24 10:23:31,2491.65,146210
2021-06-24 10:23:30,2491.65,146210
2021-06-24 10:23:32,2490.35,146230
2021-06-24 10:23:33,2490.45,146240
2021-06-24 10:23:34,2492.0,146743
2021-06-24 10:23:35,2492.0,146743
2021-06-24 10:23:36,2490.7,146747
2021-06-24 10:23:38,2492.0,146753
2021-06-24 10:23:37,2492.0,146753
2021-06-24 10:23:39,2490.7,146787
2021-06-24 10:23:40,2490.7,146787
2021-06-24 10:23:41,2491.9,146794
2021-06-24 10:23:42,2491.3,146797
2021-06-24 10:23:43,2491.3,146797
2021-06-24 10:23:45,2490.8,146838
2021-06-24 10:23:44,2491.6,146818
2021-06-24 10:23:46,2490.8,146839
2021-06-24 10:23:47,2490.8,146839
2021-06-24 10:23:48,2491.9,146862
2021-06-24 10:23:49,2491.9,146862
2021-06-24 10:23:50,2491.35,147876
2021-06-24 10:23:51,2491.35,147876
2021-06-24 10:23:52,2492.05,147877
2021-06-24 10:23:53,2492.05,147877
2021-06-24 10:23:54,2492.05,147877
2021-06-24 10:23:55,2492.05,147877
2021-06-24 10:23:56,2495.0,149975
2021-06-24 10:23:57,2495.0,149989
2021-06-24 10:23:58,2495.0,150064
2021-06-24 10:23:59,2495.0,150064
2021-06-24 10:24:00,2495.0,150064
2021-06-24 10:24:01,2495.0,151021
2021-06-24 10:24:02,2495.0,151021
2021-06-24 10:24:03,2495.0,151021
2021-06-24 10:24:05,2495.0,151049
2021-06-24 10:24:04,2495.0,151049
2021-06-24 10:24:06,2495.5,151078
2021-06-24 10:24:07,2495.5,151078
2021-06-24 10:24:08,2495.5,151078
2021-06-24 10:24:09,2495.5,151080
2021-06-24 10:24:10,2495.0,151123
2021-06-24 10:24:11,2495.5,151143
2021-06-24 10:24:12,2495.25,151680
2021-06-24 10:24:13,2495.5,151687
2021-06-24 10:24:15,2495.5,151688
2021-06-24 10:24:14,2495.5,151687
2021-06-24 10:24:16,2494.3,151711
2021-06-24 10:24:17,2494.3,151711
2021-06-24 10:24:18,2495.5,151712
2021-06-24 10:24:19,2495.5,151712
2021-06-24 10:24:21,2495.5,151724
2021-06-24 10:24:20,2495.5,151724
2021-06-24 10:24:22,2495.5,151725
2021-06-24 10:24:23,2495.5,151740
2021-06-24 10:24:24,2495.5,151771
2021-06-24 10:24:25,2495.5,151772
2021-06-24 10:24:26,2495.5,151788
2021-06-24 10:24:28,2495.0,151795
2021-06-24 10:24:27,2495.0,151795
2021-06-24 10:24:29,2494.35,151801
2021-06-24 10:24:30,2495.0,151833
2021-06-24 10:24:31,2495.0,151843
2021-06-24 10:24:32,2494.35,151846
2021-06-24 10:24:33,2495.0,151847
2021-06-24 10:24:34,2495.0,151956
2021-06-24 10:24:35,2495.0,151961
2021-06-24 10:24:36,2495.0,151961
2021-06-24 10:24:37,2495.3,151962
2021-06-24 10:24:38,2495.45,151964
2021-06-24 10:24:39,2495.0,151969
2021-06-24 10:24:40,2495.0,151977
2021-06-24 10:24:41,2494.35,151988
2021-06-24 10:24:42,2495.0,151989
2021-06-24 10:24:43,2495.0,151989
2021-06-24 10:24:44,2494.35,152029
2021-06-24 10:24:45,2495.4,152035
2021-06-24 10:24:46,2495.0,152190
2021-06-24 10:24:47,2495.5,152211
2021-06-24 10:24:48,2496.85,152629
2021-06-24 10:24:49,2496.5,152835
2021-06-24 10:24:50,2496.55,152896
2021-06-24 10:24:51,2495.45,152952
2021-06-24 10:24:52,2496.6,153072
2021-06-24 10:24:53,2494.8,154088
2021-06-24 10:24:54,2496.4,154236
2021-06-24 10:24:56,2495.45,154239
2021-06-24 10:24:57,2496.55,154245
2021-06-24 10:24:58,2496.6,154277
2021-06-24 10:24:59,2495.55,154302
2021-06-24 10:25:00,2496.6,154320
2021-06-24 10:25:01,2496.6,154478
2021-06-24 10:25:02,2496.6,154478
2021-06-24 10:25:03,2496.55,154661
2021-06-24 10:25:04,2497.5,154813
2021-06-24 10:25:05,2497.6,155332
2021-06-24 10:25:06,2497.55,155396
2021-06-24 10:25:07,2497.8,155412
2021-06-24 10:25:09,2496.6,155468
2021-06-24 10:25:10,2497.75,155475
2021-06-24 10:25:11,2497.8,155488
2021-06-24 10:25:12,2497.75,155568
2021-06-24 10:25:13,2496.85,155609
2021-06-24 10:25:14,2498.0,155688
2021-06-24 10:25:15,2498.6,156143
2021-06-24 10:25:16,2498.75,156276
2021-06-24 10:25:17,2498.75,156276
2021-06-24 10:25:18,2498.6,156306
2021-06-24 10:25:19,2498.95,156450
2021-06-24 10:25:20,2498.6,156475
2021-06-24 10:25:21,2498.6,156677
2021-06-24 10:25:22,2499.0,156723
2021-06-24 10:25:23,2499.0,156765
2021-06-24 10:25:24,2499.0,156842
2021-06-24 10:25:25,2499.2,156858
2021-06-24 10:25:26,2499.45,156859
2021-06-24 10:25:27,2499.0,156920
2021-06-24 10:25:28,2498.5,157019
2021-06-24 10:25:29,2499.55,157020
2021-06-24 10:25:30,2499.0,157052
2021-06-24 10:25:32,2498.8,158109
2021-06-24 10:25:32,2498.8,158129
2021-06-24 10:25:33,2499.1,158143
2021-06-24 10:25:34,2499.15,158273
2021-06-24 10:25:35,2499.4,158276
2021-06-24 10:25:36,2499.25,158402
2021-06-24 10:25:37,2499.0,158519
2021-06-24 10:25:39,2497.95,158535
2021-06-24 10:25:40,2499.0,158541
2021-06-24 10:25:42,2499.0,158549
2021-06-24 10:25:42,2499.0,158549
2021-06-24 10:25:43,2497.95,158553
2021-06-24 10:25:44,2499.0,158574
2021-06-24 10:25:45,2498.0,158579
2021-06-24 10:25:46,2499.0,158582
2021-06-24 10:25:47,2499.0,158582
2021-06-24 10:25:48,2497.75,158685
2021-06-24 10:25:49,2498.95,158708
2021-06-24 10:25:50,2499.0,158725
2021-06-24 10:25:51,2499.0,158725
2021-06-24 10:25:52,2497.85,158744
2021-06-24 10:25:53,2497.95,158776
2021-06-24 10:25:54,2497.6,158801
2021-06-24 10:25:56,2497.35,158851
2021-06-24 10:25:56,2497.25,158852
2021-06-24 10:25:57,2497.35,158882
2021-06-24 10:25:58,2498.6,159114
2021-06-24 10:25:59,2498.65,159147
2021-06-24 10:26:01,2497.35,159258
2021-06-24 10:26:03,2498.35,159414
2021-06-24 10:26:04,2498.35,159419
2021-06-24 10:26:06,2497.35,159446
2021-06-24 10:26:06,2497.35,159446
2021-06-24 10:26:07,2496.45,159557
2021-06-24 10:26:08,2498.2,159564
2021-06-24 10:26:09,2497.75,159588
2021-06-24 10:26:10,2497.0,159594
2021-06-24 10:26:12,2497.8,159611
2021-06-24 10:26:12,2497.0,159622
2021-06-24 10:26:13,2497.95,159640
2021-06-24 10:26:14,2497.0,159644
2021-06-24 10:26:15,2497.75,159661
2021-06-24 10:26:16,2497.0,159768
2021-06-24 10:26:17,2496.05,159897
2021-06-24 10:26:18,2496.0,160021
2021-06-24 10:26:19,2497.1,160023
2021-06-24 10:26:20,2497.1,160033
2021-06-24 10:26:21,2496.0,160050
