timestamp,ltp,volume
2021-06-24 09:34:39,629.0,850083
2021-06-24 09:34:40,628.95,851269
2021-06-24 09:34:41,629.0,851369
2021-06-24 09:34:44,628.95,852617
2021-06-24 09:34:45,628.9,853355
2021-06-24 09:34:45,628.9,853355
2021-06-24 09:34:46,628.8,855805
2021-06-24 09:34:47,628.9,855832
2021-06-24 09:34:49,629.0,855864
2021-06-24 09:34:50,628.9,855868
2021-06-24 09:34:50,628.9,855868
2021-06-24 09:34:51,629.0,855969
2021-06-24 09:34:52,628.95,856378
2021-06-24 09:34:53,628.9,856684
2021-06-24 09:34:55,628.9,856725
2021-06-24 09:34:56,628.9,856872
2021-06-24 09:34:57,629.0,857254
2021-06-24 09:34:57,629.0,857254
2021-06-24 09:34:58,629.0,857870
2021-06-24 09:34:59,628.6,858821
2021-06-24 09:35:01,628.7,859003
2021-06-24 09:35:02,628.7,859253
2021-06-24 09:35:04,628.8,859535
2021-06-24 09:35:05,628.8,859535
2021-06-24 09:35:06,628.7,859766
2021-06-24 09:35:07,628.7,860060
2021-06-24 09:35:08,628.8,860530
2021-06-24 09:35:10,628.8,860560
2021-06-24 09:35:11,628.7,860904
2021-06-24 09:35:11,628.7,860904
2021-06-24 09:35:12,628.7,861503
2021-06-24 09:35:13,628.7,861509
2021-06-24 09:35:15,628.7,861819
2021-06-24 09:35:16,628.7,861828
2021-06-24 09:35:16,628.7,861828
2021-06-24 09:35:17,628.7,861928
2021-06-24 09:35:18,628.65,862013
2021-06-24 09:35:19,628.65,862013
2021-06-24 09:35:21,628.65,862480
2021-06-24 09:35:22,628.7,862668
2021-06-24 09:35:22,628.7,862668
2021-06-24 09:35:23,628.7,862748
2021-06-24 09:35:24,628.7,862803
2021-06-24 09:35:25,628.7,862903
2021-06-24 09:35:26,628.6,863008
2021-06-24 09:35:27,628.45,866644
2021-06-24 09:35:29,628.6,867240
2021-06-24 09:35:30,628.5,867254
2021-06-24 09:35:31,628.45,868599
2021-06-24 09:35:32,628.45,869289
2021-06-24 09:35:34,628.45,870305
2021-06-24 09:35:35,628.45,870588
2021-06-24 09:35:35,628.5,870643
2021-06-24 09:35:36,628.45,870835
2021-06-24 09:35:37,628.4,871584
2021-06-24 09:35:38,628.35,872114
2021-06-24 09:35:39,628.3,872275
2021-06-24 09:35:41,628.25,872966
2021-06-24 09:35:42,628.3,873149
2021-06-24 09:35:42,628.3,873149
2021-06-24 09:35:43,628.3,873209
2021-06-24 09:35:44,628.3,873461
2021-06-24 09:35:45,628.3,875728
2021-06-24 09:35:46,628.4,875843
2021-06-24 09:35:47,628.3,875943
2021-06-24 09:35:49,628.3,876188
2021-06-24 09:35:50,628.35,876451
2021-06-24 09:35:50,628.35,876451
2021-06-24 09:35:51,628.35,876542
2021-06-24 09:35:52,628.3,876792
2021-06-24 09:35:53,628.35,877065
2021-06-24 09:35:55,628.35,877315
2021-06-24 09:35:56,628.35,877781
2021-06-24 09:35:58,628.3,878239
2021-06-24 09:35:59,628.3,878411
2021-06-24 09:36:00,628.3,878514
2021-06-24 09:36:00,628.3,878514
2021-06-24 09:36:01,628.3,878625
2021-06-24 09:36:03,628.3,878805
2021-06-24 09:36:04,628.25,879407
2021-06-24 09:36:05,628.25,879521
2021-06-24 09:36:06,628.3,879874
2021-06-24 09:36:06,628.3,879874
2021-06-24 09:36:07,628.35,879875
2021-06-24 09:36:08,628.35,879875
2021-06-24 09:36:09,628.35,880805
2021-06-24 09:36:10,628.35,881133
2021-06-24 09:36:11,628.45,881161
2021-06-24 09:36:13,628.45,882730
2021-06-24 09:36:15,628.55,882830
2021-06-24 09:36:16,628.55,882840
2021-06-24 09:36:17,628.55,882842
2021-06-24 09:36:17,628.55,882842
2021-06-24 09:36:18,628.55,882846
2021-06-24 09:36:19,628.55,882849
2021-06-24 09:36:21,628.55,883211
2021-06-24 09:36:22,628.55,883232
2021-06-24 09:36:23,628.55,883340
2021-06-24 09:36:24,628.55,883852
2021-06-24 09:36:24,628.55,883927
2021-06-24 09:36:25,628.45,883962
2021-06-24 09:36:26,628.45,883962
2021-06-24 09:36:28,628.45,884022
2021-06-24 09:36:29,628.65,884097
2021-06-24 09:36:30,628.45,884451
2021-06-24 09:36:30,628.45,884451
2021-06-24 09:36:31,628.45,884453
2021-06-24 09:36:32,628.55,884767
2021-06-24 09:36:35,628.35,886486
2021-06-24 09:36:36,628.4,886911
2021-06-24 09:36:36,628.4,886911
2021-06-24 09:36:37,628.45,886917
2021-06-24 09:36:38,628.45,886917
2021-06-24 09:36:40,628.45,886917
2021-06-24 09:36:40,628.45,886966
2021-06-24 09:36:41,628.4,887091
2021-06-24 09:36:43,628.4,887557
2021-06-24 09:36:44,628.65,887657
2021-06-24 09:36:45,628.65,887699
2021-06-24 09:36:46,628.45,887819
2021-06-24 09:36:47,628.65,887820
2021-06-24 09:36:48,628.65,888123
2021-06-24 09:36:49,628.5,890292
2021-06-24 09:36:50,628.5,890292
2021-06-24 09:36:51,628.6,890640
2021-06-24 09:36:52,628.6,890682
2021-06-24 09:36:53,628.55,891027
2021-06-24 09:36:54,628.55,891027
2021-06-24 09:36:55,628.7,891334
2021-06-24 09:36:56,628.65,891443
2021-06-24 09:36:57,628.65,891443
2021-06-24 09:36:58,628.55,891493
2021-06-24 09:36:59,628.55,891493
2021-06-24 09:37:00,628.55,891493
2021-06-24 09:37:01,628.65,891508
2021-06-24 09:37:03,628.7,891781
2021-06-24 09:37:05,628.7,891793
2021-06-24 09:37:06,628.65,891893
2021-06-24 09:37:06,628.55,891903
2021-06-24 09:37:07,628.55,891903
2021-06-24 09:37:08,628.65,891910
2021-06-24 09:37:10,628.55,893399
2021-06-24 09:37:10,628.55,893539
2021-06-24 09:37:11,628.5,893930
2021-06-24 09:37:13,628.6,893931
2021-06-24 09:37:14,628.6,893936
2021-06-24 09:37:15,628.55,894743
2021-06-24 09:37:15,628.45,895043
2021-06-24 09:37:17,628.45,895309
2021-06-24 09:37:18,628.65,895319
2021-06-24 09:37:18,628.65,895379
2021-06-24 09:37:20,628.65,895379
2021-06-24 09:37:20,628.65,895400
2021-06-24 09:37:21,628.65,895400
2021-06-24 09:37:22,628.6,895553
2021-06-24 09:37:23,628.6,895664
2021-06-24 09:37:26,628.6,895746
2021-06-24 09:37:26,628.6,895846
2021-06-24 09:37:27,628.6,895856
2021-06-24 09:37:29,628.55,902288
2021-06-24 09:37:29,628.6,902518
2021-06-24 09:37:30,628.7,903117
2021-06-24 09:37:32,628.7,903724
2021-06-24 09:37:33,628.65,903769
2021-06-24 09:37:34,628.65,903769
2021-06-24 09:37:35,628.75,903828
2021-06-24 09:37:35,628.75,903870
2021-06-24 09:37:37,628.65,904407
2021-06-24 09:37:38,628.65,904425
2021-06-24 09:37:39,628.75,905115
2021-06-24 09:37:40,628.55,905629
2021-06-24 09:37:41,628.55,905629
2021-06-24 09:37:42,628.6,905631
2021-06-24 09:37:42,628.55,905838
2021-06-24 09:37:43,628.55,905838
2021-06-24 09:37:45,628.6,905889
2021-06-24 09:37:46,628.55,906017
2021-06-24 09:37:47,628.6,906077
2021-06-24 09:37:48,628.6,906202
2021-06-24 09:37:49,628.6,906388
2021-06-24 09:37:50,628.6,906918
2021-06-24 09:37:51,628.7,906921
2021-06-24 09:37:52,628.7,907226
2021-06-24 09:37:53,628.7,907226
2021-06-24 09:37:54,628.7,908295
2021-06-24 09:37:55,628.6,908665
2021-06-24 09:37:56,628.7,908691
2021-06-24 09:37:57,628.7,908691
2021-06-24 09:37:58,628.7,908895
2021-06-24 09:37:59,628.7,908937
2021-06-24 09:38:00,628.7,908937
2021-06-24 09:38:00,628.7,909437
2021-06-24 09:38:01,628.7,909447
2021-06-24 09:38:02,628.75,909747
2021-06-24 09:38:03,628.75,910762
2021-06-24 09:38:04,628.75,910762
2021-06-24 09:38:06,628.75,910791
2021-06-24 09:38:07,628.7,910801
2021-06-24 09:38:08,628.7,910801
2021-06-24 09:38:09,628.8,910891
2021-06-24 09:38:10,628.8,910891
2021-06-24 09:38:11,628.8,910957
2021-06-24 09:38:12,628.9,916648
2021-06-24 09:38:13,628.95,919386
2021-06-24 09:38:14,629.0,920344
2021-06-24 09:38:15,629.0,920444
2021-06-24 09:38:16,629.0,920645
2021-06-24 09:38:17,629.0,920645
2021-06-24 09:38:18,628.9,921045
2021-06-24 09:38:19,628.9,921049
2021-06-24 09:38:19,628.9,921049
2021-06-24 09:38:21,628.9,921350
2021-06-24 09:38:22,628.9,921350
2021-06-24 09:38:23,628.9,921650
2021-06-24 09:38:24,628.9,921650
2021-06-24 09:38:25,628.9,921970
2021-06-24 09:38:26,628.95,922491
2021-06-24 09:38:27,628.95,923276
2021-06-24 09:38:28,629.0,923386
2021-06-24 09:38:29,629.0,924205
2021-06-24 09:38:30,629.0,927334
2021-06-24 09:38:31,629.0,928406
2021-06-24 09:38:32,629.0,929081
2021-06-24 09:38:33,629.15,932388
2021-06-24 09:38:34,629.05,934214
2021-06-24 09:38:35,629.15,934428
2021-06-24 09:38:36,629.1,935699
2021-06-24 09:38:37,629.25,935719
2021-06-24 09:38:38,629.25,936314
2021-06-24 09:38:39,629.25,936403
2021-06-24 09:38:41,629.25,936405
2021-06-24 09:38:42,629.25,936405
2021-06-24 09:38:43,629.2,936455
2021-06-24 09:38:44,629.2,936698
2021-06-24 09:38:45,629.15,938337
2021-06-24 09:38:46,629.3,938655
2021-06-24 09:38:47,629.25,938685
2021-06-24 09:38:48,629.35,939429
2021-06-24 09:38:49,629.35,939444
2021-06-24 09:38:50,629.35,939593
2021-06-24 09:38:51,629.35,939593
2021-06-24 09:38:52,629.3,940592
2021-06-24 09:38:53,629.45,942997
2021-06-24 09:38:54,629.45,943097
2021-06-24 09:38:55,629.4,943301
2021-06-24 09:38:57,629.4,944547
2021-06-24 09:38:58,629.4,944648
2021-06-24 09:38:59,629.45,944675
2021-06-24 09:39:00,629.35,946472
2021-06-24 09:39:01,629.5,948356
2021-06-24 09:39:03,629.4,948815
2021-06-24 09:39:04,629.45,948889
2021-06-24 09:39:05,629.45,949015
2021-06-24 09:39:06,629.4,949254
2021-06-24 09:39:07,629.5,949259
2021-06-24 09:39:08,629.45,949279
2021-06-24 09:39:09,629.4,949373
2021-06-24 09:39:10,629.45,949377
2021-06-24 09:39:11,629.4,949378
2021-06-24 09:39:12,629.4,949415
2021-06-24 09:39:13,629.3,950415
2021-06-24 09:39:14,629.4,950545
2021-06-24 09:39:15,629.45,950585
2021-06-24 09:39:16,629.45,950685
2021-06-24 09:39:17,629.45,951404
2021-06-24 09:39:18,629.45,951410
2021-06-24 09:39:20,629.45,951698
2021-06-24 09:39:22,629.45,952095
2021-06-24 09:39:23,629.4,952127
2021-06-24 09:39:24,629.45,952168
2021-06-24 09:39:25,629.15,957728
2021-06-24 09:39:26,629.45,957858
2021-06-24 09:39:27,629.45,958258
2021-06-24 09:39:28,629.45,958273
2021-06-24 09:39:29,629.35,958274
2021-06-24 09:39:30,629.25,958309
2021-06-24 09:39:31,629.45,958319
2021-06-24 09:39:32,629.45,958319
2021-06-24 09:39:33,629.3,958369
2021-06-24 09:39:34,629.45,958432
2021-06-24 09:39:35,629.45,958695
2021-06-24 09:39:36,629.5,959222
2021-06-24 09:39:37,629.25,961705
2021-06-24 09:39:38,629.25,961705
2021-06-24 09:39:39,629.45,961805
2021-06-24 09:39:40,629.5,962004
2021-06-24 09:39:41,629.45,962009
2021-06-24 09:39:42,629.5,962463
2021-06-24 09:39:43,629.5,962833
2021-06-24 09:39:44,629.5,962843
2021-06-24 09:39:45,629.5,963510
2021-06-24 09:39:46,629.6,966038
2021-06-24 09:39:47,629.6,966038
2021-06-24 09:39:48,629.65,966181
2021-06-24 09:39:50,629.7,969437
2021-06-24 09:39:52,629.75,970137
2021-06-24 09:39:53,629.9,971444
2021-06-24 09:39:54,629.9,971444
2021-06-24 09:39:56,629.9,971997
2021-06-24 09:39:57,629.9,972212
2021-06-24 09:39:58,629.85,972232
2021-06-24 09:39:59,629.85,976190
2021-06-24 09:40:00,629.95,976718
2021-06-24 09:40:01,629.9,977423
2021-06-24 09:40:02,629.95,978699
2021-06-24 09:40:03,629.85,978800
2021-06-24 09:40:04,629.85,979858
2021-06-24 09:40:05,629.85,980569
2021-06-24 09:40:06,629.8,981868
2021-06-24 09:40:07,629.9,982036
2021-06-24 09:40:08,629.9,982202
2021-06-24 09:40:09,629.9,984942
2021-06-24 09:40:10,629.8,985950
2021-06-24 09:40:11,629.8,985981
2021-06-24 09:40:12,629.7,986356
2021-06-24 09:40:13,629.9,986574
2021-06-24 09:40:14,629.8,987478
2021-06-24 09:40:15,629.9,988082
2021-06-24 09:40:16,629.9,988433
2021-06-24 09:40:17,629.85,989005
2021-06-24 09:40:18,629.9,989306
2021-06-24 09:40:19,629.9,989412
2021-06-24 09:40:20,629.9,989693
2021-06-24 09:40:21,629.9,990804
2021-06-24 09:40:22,629.85,992148
2021-06-24 09:40:23,629.85,995130
2021-06-24 09:40:24,629.8,995633
2021-06-24 09:40:25,629.8,995673
2021-06-24 09:40:26,629.6,997032
2021-06-24 09:40:27,629.8,997187
2021-06-24 09:40:28,629.8,997318
2021-06-24 09:40:29,629.75,997860
2021-06-24 09:40:30,629.75,998466
2021-06-24 09:40:31,629.75,998722
2021-06-24 09:40:32,629.6,998804
2021-06-24 09:40:33,629.75,998987
2021-06-24 09:40:34,629.7,999268
2021-06-24 09:40:35,629.6,1000543
2021-06-24 09:40:36,629.6,1001392
2021-06-24 09:40:37,629.65,1001444
2021-06-24 09:40:38,629.6,1001659
2021-06-24 09:40:39,629.6,1001662
2021-06-24 09:40:40,629.6,1001718
2021-06-24 09:40:41,629.6,1002808
2021-06-24 09:40:42,629.55,1003532
2021-06-24 09:40:43,629.55,1003532
2021-06-24 09:40:44,629.75,1003986
2021-06-24 09:40:45,629.75,1004177
2021-06-24 09:40:46,629.65,1004910
2021-06-24 09:40:47,629.8,1005010
2021-06-24 09:40:48,629.85,1006035
2021-06-24 09:40:49,629.9,1006567
2021-06-24 09:40:50,629.8,1006822
2021-06-24 09:40:51,629.75,1006842
2021-06-24 09:40:52,629.8,1007142
2021-06-24 09:40:53,629.75,1007234
2021-06-24 09:40:54,629.75,1008288
2021-06-24 09:40:55,629.75,1008661
2021-06-24 09:40:56,629.75,1008661
2021-06-24 09:40:57,629.7,1008664
2021-06-24 09:40:58,629.7,1008664
2021-06-24 09:40:59,629.7,1009334
2021-06-24 09:41:01,629.75,1009922
2021-06-24 09:41:02,629.7,1010537
2021-06-24 09:41:03,629.8,1011503
2021-06-24 09:41:04,629.75,1011611
2021-06-24 09:41:05,629.75,1011726
2021-06-24 09:41:06,629.8,1011945
2021-06-24 09:41:07,629.85,1012138
2021-06-24 09:41:08,629.8,1013430
2021-06-24 09:41:09,629.8,1013430
2021-06-24 09:41:10,629.8,1014905
2021-06-24 09:41:11,629.8,1015997
2021-06-24 09:41:13,629.8,1017080
2021-06-24 09:41:14,629.75,1017331
2021-06-24 09:41:15,629.6,1017707
2021-06-24 09:41:16,629.9,1019163
2021-06-24 09:41:17,629.9,1019413
2021-06-24 09:41:18,629.9,1021433
2021-06-24 09:41:19,629.85,1021873
2021-06-24 09:41:20,629.9,1022073
2021-06-24 09:41:22,629.85,1022867
2021-06-24 09:41:23,629.85,1023048
2021-06-24 09:41:24,629.85,1023258
2021-06-24 09:41:25,629.9,1023263
2021-06-24 09:41:26,629.85,1023609
2021-06-24 09:41:27,629.85,1023699
2021-06-24 09:41:28,629.85,1023699
2021-06-24 09:41:29,629.9,1023964
2021-06-24 09:41:30,629.85,1024465
2021-06-24 09:41:31,629.9,1031528
2021-06-24 09:41:32,629.85,1034925
2021-06-24 09:41:33,630.0,1036808
2021-06-24 09:41:34,630.0,1036825
2021-06-24 09:41:35,630.0,1036825
2021-06-24 09:41:36,630.0,1036940
2021-06-24 09:41:37,630.0,1037268
2021-06-24 09:41:38,629.95,1037583
2021-06-24 09:41:39,630.0,1038448
2021-06-24 09:41:40,630.0,1038618
2021-06-24 09:41:41,630.0,1039474
2021-06-24 09:41:42,629.95,1041297
2021-06-24 09:41:43,629.95,1041709
2021-06-24 09:41:44,629.9,1042149
2021-06-24 09:41:46,629.9,1042379
2021-06-24 09:41:47,629.9,1042749
2021-06-24 09:41:48,629.9,1042799
2021-06-24 09:41:49,629.9,1042919
2021-06-24 09:41:50,629.9,1042919
2021-06-24 09:41:51,629.9,1043334
2021-06-24 09:41:52,630.0,1043934
2021-06-24 09:41:53,630.0,1043934
2021-06-24 09:41:54,630.0,1044381
2021-06-24 09:41:55,629.9,1044501
2021-06-24 09:41:56,629.95,1045119
2021-06-24 09:41:57,629.95,1045569
2021-06-24 09:41:58,629.95,1045580
2021-06-24 09:41:59,629.9,1045616
2021-06-24 09:42:00,629.95,1045819
2021-06-24 09:42:01,629.95,1045834
2021-06-24 09:42:02,629.95,1046477
2021-06-24 09:42:03,629.95,1047044
2021-06-24 09:42:04,629.95,1047677
2021-06-24 09:42:05,629.95,1047952
2021-06-24 09:42:06,629.95,1048267
2021-06-24 09:42:08,630.0,1048883
2021-06-24 09:42:09,629.95,1049064
2021-06-24 09:42:10,629.95,1049723
2021-06-24 09:42:11,630.0,1049848
2021-06-24 09:42:12,629.95,1050082
2021-06-24 09:42:13,630.0,1050162
2021-06-24 09:42:14,630.0,1061971
2021-06-24 09:42:15,630.1,1063658
2021-06-24 09:42:16,630.2,1064051
2021-06-24 09:42:17,630.15,1066127
2021-06-24 09:42:18,630.1,1066177
2021-06-24 09:42:19,630.1,1066179
2021-06-24 09:42:20,630.2,1066755
2021-06-24 09:42:21,630.2,1066755
2021-06-24 09:42:22,630.2,1066826
2021-06-24 09:42:23,630.2,1067194
2021-06-24 09:42:24,630.2,1067833
2021-06-24 09:42:25,630.15,1067883
2021-06-24 09:42:26,630.05,1068076
2021-06-24 09:42:27,630.05,1068366
2021-06-24 09:42:28,630.2,1069869
2021-06-24 09:42:29,630.2,1069999
2021-06-24 09:42:31,630.2,1070169
2021-06-24 09:42:32,630.25,1070334
2021-06-24 09:42:33,630.25,1070431
2021-06-24 09:42:34,630.25,1071066
2021-06-24 09:42:35,630.25,1071066
2021-06-24 09:42:36,630.25,1071116
2021-06-24 09:42:37,630.25,1071216
2021-06-24 09:42:38,630.25,1071594
2021-06-24 09:42:39,630.25,1071843
2021-06-24 09:42:40,630.2,1071943
2021-06-24 09:42:41,630.2,1072502
2021-06-24 09:42:42,630.2,1072610
2021-06-24 09:42:43,630.2,1072686
2021-06-24 09:42:44,630.2,1072860
2021-06-24 09:42:45,630.25,1072952
2021-06-24 09:42:46,630.05,1073108
2021-06-24 09:42:48,630.2,1073133
2021-06-24 09:42:49,630.2,1073143
2021-06-24 09:42:50,630.2,1073158
2021-06-24 09:42:51,630.25,1073271
2021-06-24 09:42:52,630.2,1074492
2021-06-24 09:42:53,630.25,1074882
2021-06-24 09:42:54,630.25,1074884
2021-06-24 09:42:55,630.25,1075438
2021-06-24 09:42:56,630.25,1075723
2021-06-24 09:42:57,630.25,1076046
2021-06-24 09:42:58,630.2,1076095
2021-06-24 09:42:59,630.2,1076148
2021-06-24 09:43:00,630.05,1076168
2021-06-24 09:43:01,630.2,1076274
2021-06-24 09:43:02,630.2,1076977
2021-06-24 09:43:03,630.2,1077059
2021-06-24 09:43:04,630.2,1077644
2021-06-24 09:43:05,630.25,1078558
2021-06-24 09:43:06,630.25,1079594
2021-06-24 09:43:07,630.2,1079768
2021-06-24 09:43:08,630.2,1080318
2021-06-24 09:43:09,630.25,1081108
2021-06-24 09:43:10,630.45,1081565
2021-06-24 09:43:11,630.25,1082286
2021-06-24 09:43:12,630.4,1082812
2021-06-24 09:43:13,630.25,1083312
2021-06-24 09:43:14,630.25,1083657
2021-06-24 09:43:15,630.45,1083757
2021-06-24 09:43:16,630.45,1083759
2021-06-24 09:43:18,630.25,1084069
2021-06-24 09:43:18,630.45,1083864
2021-06-24 09:43:19,630.25,1084129
2021-06-24 09:43:20,630.4,1084179
2021-06-24 09:43:21,630.4,1084545
2021-06-24 09:43:22,630.4,1084546
2021-06-24 09:43:23,630.4,1084680
2021-06-24 09:43:25,630.45,1084909
2021-06-24 09:43:26,630.4,1084956
2021-06-24 09:43:27,630.45,1085257
2021-06-24 09:43:28,630.4,1085305
2021-06-24 09:43:29,630.45,1085481
2021-06-24 09:43:30,630.45,1085533
2021-06-24 09:43:31,630.5,1086887
2021-06-24 09:43:32,630.5,1087352
2021-06-24 09:43:33,630.5,1088292
2021-06-24 09:43:34,630.45,1088547
2021-06-24 09:43:35,630.45,1088577
2021-06-24 09:43:36,630.5,1089077
2021-06-24 09:43:37,630.5,1089290
2021-06-24 09:43:38,630.5,1089499
2021-06-24 09:43:39,630.5,1089499
2021-06-24 09:43:40,630.5,1089508
2021-06-24 09:43:41,630.5,1089528
2021-06-24 09:43:42,630.4,1089533
2021-06-24 09:43:43,630.5,1089645
2021-06-24 09:43:44,630.45,1089695
2021-06-24 09:43:45,630.45,1089878
2021-06-24 09:43:46,630.4,1091206
2021-06-24 09:43:47,630.2,1093191
2021-06-24 09:43:48,630.4,1093421
2021-06-24 09:43:49,630.35,1093828
2021-06-24 09:43:50,630.35,1094437
2021-06-24 09:43:51,630.4,1094610
2021-06-24 09:43:52,630.3,1094833
2021-06-24 09:43:53,630.4,1094983
2021-06-24 09:43:54,630.3,1095037
2021-06-24 09:43:55,630.4,1095111
2021-06-24 09:43:56,630.4,1095112
2021-06-24 09:43:58,630.4,1095193
2021-06-24 09:43:58,630.4,1095193
2021-06-24 09:43:59,630.4,1095445
2021-06-24 09:44:00,630.25,1096293
2021-06-24 09:44:02,630.25,1097180
2021-06-24 09:44:03,630.25,1097331
2021-06-24 09:44:04,630.4,1097657
2021-06-24 09:44:05,630.3,1097687
2021-06-24 09:44:06,630.45,1097709
2021-06-24 09:44:07,630.4,1098215
2021-06-24 09:44:08,630.4,1098215
2021-06-24 09:44:09,630.25,1098553
2021-06-24 09:44:10,630.25,1098556
2021-06-24 09:44:12,630.3,1098970
2021-06-24 09:44:12,630.25,1098870
2021-06-24 09:44:13,630.25,1099046
2021-06-24 09:44:14,630.45,1099573
2021-06-24 09:44:15,630.3,1099574
2021-06-24 09:44:16,630.45,1099577
2021-06-24 09:44:17,630.3,1100130
2021-06-24 09:44:18,630.3,1100205
2021-06-24 09:44:20,630.5,1100298
2021-06-24 09:44:22,630.45,1100974
2021-06-24 09:44:23,630.45,1101177
2021-06-24 09:44:24,630.25,1101895
2021-06-24 09:44:25,630.5,1102094
2021-06-24 09:44:26,630.5,1102104
2021-06-24 09:44:27,630.5,1102554
2021-06-24 09:44:28,630.5,1102629
2021-06-24 09:44:30,630.5,1102634
2021-06-24 09:44:31,630.5,1102634
2021-06-24 09:44:32,630.35,1102709
2021-06-24 09:44:33,630.6,1103590
2021-06-24 09:44:33,630.45,1103640
2021-06-24 09:44:34,630.65,1103928
2021-06-24 09:44:35,630.5,1104223
2021-06-24 09:44:36,630.45,1104764
2021-06-24 09:44:37,630.3,1105842
2021-06-24 09:44:39,630.3,1106898
2021-06-24 09:44:40,630.6,1107367
2021-06-24 09:44:41,630.45,1107572
2021-06-24 09:44:42,630.5,1108033
2021-06-24 09:44:43,630.4,1108496
2021-06-24 09:44:44,630.45,1108546
2021-06-24 09:44:45,630.5,1108547
2021-06-24 09:44:46,630.4,1108740
2021-06-24 09:44:47,630.55,1108772
2021-06-24 09:44:48,630.6,1108773
2021-06-24 09:44:49,630.6,1108973
2021-06-24 09:44:50,630.6,1109153
2021-06-24 09:44:51,630.6,1109178
2021-06-24 09:44:52,630.5,1109179
2021-06-24 09:44:54,630.65,1110287
2021-06-24 09:44:55,630.65,1110287
2021-06-24 09:44:56,630.6,1110843
2021-06-24 09:44:57,630.55,1111008
2021-06-24 09:44:58,630.6,1111155
2021-06-24 09:44:59,630.65,1112330
2021-06-24 09:45:00,630.5,1112574
2021-06-24 09:45:01,630.4,1113633
2021-06-24 09:45:02,630.65,1113859
2021-06-24 09:45:03,630.65,1113990
2021-06-24 09:45:04,630.65,1114721
2021-06-24 09:45:05,630.7,1115682
2021-06-24 09:45:06,630.55,1117687
2021-06-24 09:45:07,630.7,1118004
2021-06-24 09:45:08,630.5,1118860
2021-06-24 09:45:09,630.65,1120279
2021-06-24 09:45:10,630.45,1121284
2021-06-24 09:45:11,630.75,1121319
2021-06-24 09:45:12,630.65,1121409
2021-06-24 09:45:13,630.65,1121529
2021-06-24 09:45:14,630.5,1122359
2021-06-24 09:45:15,630.5,1122807
2021-06-24 09:45:16,630.65,1123477
2021-06-24 09:45:17,630.65,1123477
2021-06-24 09:45:18,630.55,1123552
2021-06-24 09:45:19,631.05,1160445
2021-06-24 09:45:20,631.05,1164298
2021-06-24 09:45:23,631.1,1167531
2021-06-24 09:45:24,631.05,1168919
2021-06-24 09:45:25,631.05,1170376
2021-06-24 09:45:25,631.05,1170376
2021-06-24 09:45:26,631.0,1178396
2021-06-24 09:45:27,631.1,1178426
2021-06-24 09:45:28,631.05,1178531
2021-06-24 09:45:29,631.05,1178674
2021-06-24 09:45:30,631.05,1178702
2021-06-24 09:45:31,631.05,1179115
2021-06-24 09:45:32,631.05,1179695
2021-06-24 09:45:33,631.15,1179815
2021-06-24 09:45:34,631.05,1180431
2021-06-24 09:45:35,631.25,1183791
2021-06-24 09:45:36,631.15,1183992
2021-06-24 09:45:38,631.15,1184063
2021-06-24 09:45:38,631.15,1184143
2021-06-24 09:45:39,631.2,1184276
2021-06-24 09:45:40,631.15,1184472
2021-06-24 09:45:41,631.2,1184502
2021-06-24 09:45:42,631.2,1184588
2021-06-24 09:45:43,631.2,1184588
2021-06-24 09:45:44,631.2,1185265
2021-06-24 09:45:45,631.1,1186204
2021-06-24 09:45:46,631.15,1186618
2021-06-24 09:45:47,631.1,1186999
2021-06-24 09:45:48,631.2,1187254
2021-06-24 09:45:49,631.1,1187631
2021-06-24 09:45:50,631.2,1188041
2021-06-24 09:45:51,631.2,1188642
2021-06-24 09:45:52,631.2,1188729
2021-06-24 09:45:53,631.2,1189555
2021-06-24 09:45:54,631.2,1189725
2021-06-24 09:45:55,631.2,1191121
2021-06-24 09:45:56,631.05,1191652
2021-06-24 09:45:57,631.2,1191694
2021-06-24 09:45:58,631.05,1192288
2021-06-24 09:45:59,631.05,1192388
2021-06-24 09:46:00,631.05,1192854
2021-06-24 09:46:01,631.1,1192889
2021-06-24 09:46:03,631.1,1193852
2021-06-24 09:46:04,631.05,1193862
2021-06-24 09:46:05,631.0,1195639
2021-06-24 09:46:06,631.0,1198123
2021-06-24 09:46:07,631.1,1198530
2021-06-24 09:46:08,631.05,1199159
2021-06-24 09:46:09,631.0,1200224
2021-06-24 09:46:10,631.0,1200226
2021-06-24 09:46:11,631.15,1201640
2021-06-24 09:46:12,631.05,1203113
2021-06-24 09:46:13,631.15,1203722
2021-06-24 09:46:14,631.05,1203732
2021-06-24 09:46:15,631.0,1203871
2021-06-24 09:46:16,631.0,1203957
2021-06-24 09:46:17,631.0,1207051
2021-06-24 09:46:18,631.0,1209521
2021-06-24 09:46:19,630.85,1213172
2021-06-24 09:46:20,630.95,1213988
2021-06-24 09:46:21,630.8,1214058
2021-06-24 09:46:22,630.8,1214596
2021-06-24 09:46:23,630.8,1214639
2021-06-24 09:46:24,630.8,1214639
2021-06-24 09:46:25,630.85,1214849
2021-06-24 09:46:26,630.55,1215163
2021-06-24 09:46:27,630.55,1215823
2021-06-24 09:46:28,630.55,1215823
2021-06-24 09:46:29,630.75,1215923
2021-06-24 09:46:31,630.55,1216095
2021-06-24 09:46:33,630.7,1216396
2021-06-24 09:46:34,630.55,1216451
2021-06-24 09:46:35,630.55,1216755
2021-06-24 09:46:35,630.55,1216809
2021-06-24 09:46:37,630.55,1216903
2021-06-24 09:46:38,630.65,1218709
2021-06-24 09:46:39,630.55,1220474
2021-06-24 09:46:39,630.55,1220474
2021-06-24 09:46:40,630.55,1220478
2021-06-24 09:46:41,630.55,1220599
2021-06-24 09:46:42,630.65,1220600
2021-06-24 09:46:43,630.7,1220701
2021-06-24 09:46:44,630.55,1220802
2021-06-24 09:46:45,630.6,1222125
2021-06-24 09:46:46,630.65,1222645
2021-06-24 09:46:47,630.55,1222728
2021-06-24 09:46:49,630.4,1223824
2021-06-24 09:46:50,630.65,1224300
2021-06-24 09:46:51,630.4,1225098
2021-06-24 09:46:52,630.4,1225098
2021-06-24 09:46:53,630.7,1226109
2021-06-24 09:46:54,630.5,1226509
2021-06-24 09:46:55,630.15,1228760
2021-06-24 09:46:56,630.15,1230347
2021-06-24 09:46:56,630.4,1231397
2021-06-24 09:46:57,630.2,1232003
2021-06-24 09:46:59,630.3,1232217
2021-06-24 09:47:00,630.3,1232627
2021-06-24 09:47:01,630.3,1232644
2021-06-24 09:47:03,630.2,1232724
2021-06-24 09:47:04,630.1,1232999
2021-06-24 09:47:05,630.05,1233312
2021-06-24 09:47:06,630.05,1233412
2021-06-24 09:47:06,630.1,1234492
2021-06-24 09:47:09,630.0,1237729
2021-06-24 09:47:11,630.0,1237829
2021-06-24 09:47:12,630.05,1240240
2021-06-24 09:47:14,629.95,1240330
2021-06-24 09:47:15,630.1,1240636
2021-06-24 09:47:15,630.0,1240639
2021-06-24 09:47:16,630.1,1240783
2021-06-24 09:47:18,630.1,1242060
2021-06-24 09:47:19,630.15,1242635
2021-06-24 09:47:20,630.15,1243125
2021-06-24 09:47:21,630.1,1243230
2021-06-24 09:47:22,630.1,1243230
2021-06-24 09:47:22,630.15,1244499
2021-06-24 09:47:24,630.1,1244611
2021-06-24 09:47:25,630.25,1244675
2021-06-24 09:47:26,630.1,1244994
2021-06-24 09:47:28,630.25,1245233
2021-06-24 09:47:29,630.1,1245463
2021-06-24 09:47:29,630.1,1245463
2021-06-24 09:47:30,630.2,1246151
2021-06-24 09:47:31,630.05,1247501
2021-06-24 09:47:32,630.05,1247508
2021-06-24 09:47:33,630.05,1247508
2021-06-24 09:47:34,630.05,1247745
2021-06-24 09:47:35,630.1,1247798
2021-06-24 09:47:37,630.3,1248031
2021-06-24 09:47:38,630.4,1251036
2021-06-24 09:47:40,630.35,1251444
2021-06-24 09:47:42,630.2,1251455
2021-06-24 09:47:43,630.05,1252318
2021-06-24 09:47:44,630.05,1252318
2021-06-24 09:47:45,630.2,1252324
2021-06-24 09:47:46,630.2,1252348
2021-06-24 09:47:47,630.05,1252598
2021-06-24 09:47:48,630.25,1253849
2021-06-24 09:47:49,630.15,1254604
2021-06-24 09:47:50,630.15,1254668
2021-06-24 09:47:51,630.15,1256203
2021-06-24 09:47:52,630.15,1257829
2021-06-24 09:47:53,630.5,1268620
2021-06-24 09:47:53,630.5,1268620
2021-06-24 09:47:54,630.55,1272940
2021-06-24 09:47:55,630.5,1276891
2021-06-24 09:47:56,630.5,1276941
2021-06-24 09:47:58,630.7,1276948
2021-06-24 09:47:58,630.7,1276948
2021-06-24 09:47:59,630.7,1277060
2021-06-24 09:48:00,630.7,1277060
2021-06-24 09:48:01,630.65,1277182
2021-06-24 09:48:03,630.65,1277182
2021-06-24 09:48:03,630.6,1277542
2021-06-24 09:48:04,630.6,1277842
2021-06-24 09:48:05,630.75,1278842
2021-06-24 09:48:06,630.75,1279822
2021-06-24 09:48:08,630.75,1283147
2021-06-24 09:48:09,630.75,1285009
2021-06-24 09:48:10,630.85,1285974
2021-06-24 09:48:10,630.8,1286064
2021-06-24 09:48:11,630.8,1286089
2021-06-24 09:48:13,630.85,1286640
2021-06-24 09:48:14,630.8,1287409
2021-06-24 09:48:15,630.85,1287809
2021-06-24 09:48:16,630.85,1287850
2021-06-24 09:48:17,630.8,1288092
2021-06-24 09:48:18,631.0,1291032
2021-06-24 09:48:19,630.9,1291196
2021-06-24 09:48:20,630.9,1291886
2021-06-24 09:48:21,631.1,1293904
2021-06-24 09:48:21,630.9,1295379
2021-06-24 09:48:22,631.1,1295388
2021-06-24 09:48:24,631.1,1295398
2021-06-24 09:48:25,630.95,1295448
2021-06-24 09:48:25,630.95,1295804
2021-06-24 09:48:26,631.0,1296046
2021-06-24 09:48:27,631.0,1296746
2021-06-24 09:48:28,631.0,1296995
2021-06-24 09:48:29,631.0,1297395
2021-06-24 09:48:30,631.0,1297795
2021-06-24 09:48:32,630.95,1298111
2021-06-24 09:48:33,630.95,1298166
2021-06-24 09:48:33,630.8,1298987
2021-06-24 09:48:34,630.9,1299087
2021-06-24 09:48:35,630.85,1299134
2021-06-24 09:48:36,630.85,1299136
2021-06-24 09:48:38,630.95,1299319
2021-06-24 09:48:39,630.85,1299520
2021-06-24 09:48:39,630.9,1299822
2021-06-24 09:48:41,630.8,1300117
2021-06-24 09:48:42,630.8,1300220
2021-06-24 09:48:42,630.85,1300227
2021-06-24 09:48:43,630.8,1300311
2021-06-24 09:48:44,630.85,1300381
2021-06-24 09:48:45,630.85,1300540
2021-06-24 09:48:46,630.95,1301057
2021-06-24 09:48:47,630.8,1301199
2021-06-24 09:48:48,630.8,1301199
2021-06-24 09:48:49,630.8,1301199
2021-06-24 09:48:51,630.85,1301226
2021-06-24 09:48:52,630.8,1301458
2021-06-24 09:48:53,630.8,1301709
2021-06-24 09:48:54,630.8,1302445
2021-06-24 09:48:55,630.6,1303456
2021-06-24 09:48:56,630.8,1303466
2021-06-24 09:48:57,630.8,1303466
2021-06-24 09:48:58,630.8,1303571
2021-06-24 09:48:59,630.8,1303582
2021-06-24 09:49:00,630.75,1305234
2021-06-24 09:49:01,630.55,1305237
2021-06-24 09:49:02,630.7,1305511
2021-06-24 09:49:03,630.75,1305518
2021-06-24 09:49:04,630.55,1305728
2021-06-24 09:49:05,630.55,1306203
2021-06-24 09:49:06,630.55,1306405
2021-06-24 09:49:07,630.7,1306528
2021-06-24 09:49:08,630.65,1306755
2021-06-24 09:49:09,630.5,1306816
2021-06-24 09:49:09,630.5,1306816
2021-06-24 09:49:11,630.55,1307076
2021-06-24 09:49:11,630.55,1307076
2021-06-24 09:49:12,630.5,1307750
2021-06-24 09:49:13,630.55,1307872
2021-06-24 09:49:15,630.75,1308020
2021-06-24 09:49:16,630.75,1308029
2021-06-24 09:49:17,630.75,1310030
2021-06-24 09:49:18,630.5,1310033
2021-06-24 09:49:19,630.35,1310746
2021-06-24 09:49:21,630.55,1311311
2021-06-24 09:49:22,630.65,1311362
2021-06-24 09:49:23,630.55,1311696
2021-06-24 09:49:24,630.55,1311729
2021-06-24 09:49:24,630.45,1311739
2021-06-24 09:49:25,630.55,1311746
2021-06-24 09:49:26,630.45,1311759
2021-06-24 09:49:27,630.55,1311765
2021-06-24 09:49:30,630.45,1312310
2021-06-24 09:49:31,630.5,1312410
2021-06-24 09:49:32,630.55,1312481
2021-06-24 09:49:33,630.5,1312528
2021-06-24 09:49:34,630.5,1312896
2021-06-24 09:49:35,630.5,1312907
2021-06-24 09:49:36,630.5,1312907
2021-06-24 09:49:37,630.45,1312973
2021-06-24 09:49:38,630.45,1312973
2021-06-24 09:49:39,630.45,1313181
2021-06-24 09:49:40,630.45,1313184
2021-06-24 09:49:41,630.45,1313216
2021-06-24 09:49:42,630.45,1313216
2021-06-24 09:49:43,630.45,1313372
2021-06-24 09:49:44,630.45,1313472
2021-06-24 09:49:45,630.5,1313481
2021-06-24 09:49:45,630.45,1313515
2021-06-24 09:49:46,630.4,1313910
2021-06-24 09:49:47,630.3,1315051
2021-06-24 09:49:48,630.45,1315141
2021-06-24 09:49:49,630.45,1315141
2021-06-24 09:49:50,630.45,1315155
2021-06-24 09:49:51,630.4,1315530
2021-06-24 09:49:53,630.4,1315631
2021-06-24 09:49:54,630.3,1315874
2021-06-24 09:49:55,630.3,1315874
2021-06-24 09:49:56,630.35,1315879
2021-06-24 09:49:57,630.35,1315879
2021-06-24 09:49:58,630.4,1315889
2021-06-24 09:49:59,630.35,1315939
2021-06-24 09:50:00,630.35,1316249
2021-06-24 09:50:01,630.3,1316564
2021-06-24 09:50:03,630.2,1318446
2021-06-24 09:50:04,630.15,1319633
2021-06-24 09:50:05,630.2,1319689
2021-06-24 09:50:06,630.35,1319729
2021-06-24 09:50:07,630.35,1319729
2021-06-24 09:50:08,630.35,1319843
2021-06-24 09:50:09,630.35,1319860
2021-06-24 09:50:10,630.35,1319884
2021-06-24 09:50:11,630.2,1320565
2021-06-24 09:50:11,630.15,1320448
2021-06-24 09:50:13,630.25,1320681
2021-06-24 09:50:13,630.15,1320682
2021-06-24 09:50:14,630.25,1321282
2021-06-24 09:50:16,630.3,1321949
2021-06-24 09:50:17,630.15,1321955
2021-06-24 09:50:18,630.15,1321960
2021-06-24 09:50:19,630.15,1322920
2021-06-24 09:50:20,629.85,1324901
2021-06-24 09:50:21,629.85,1324901
2021-06-24 09:50:22,629.95,1325281
2021-06-24 09:50:23,630.0,1325711
2021-06-24 09:50:24,630.05,1325782
2021-06-24 09:50:25,630.05,1325782
2021-06-24 09:50:26,630.1,1325806
2021-06-24 09:50:27,630.1,1326236
2021-06-24 09:50:28,630.1,1326322
2021-06-24 09:50:29,630.25,1326843
2021-06-24 09:50:30,630.15,1326922
2021-06-24 09:50:31,630.15,1326922
2021-06-24 09:50:32,630.35,1327475
2021-06-24 09:50:32,630.2,1327527
2021-06-24 09:50:33,630.2,1327728
2021-06-24 09:50:34,630.3,1328053
2021-06-24 09:50:35,630.3,1330899
2021-06-24 09:50:37,630.4,1331438
2021-06-24 09:50:38,630.4,1331453
2021-06-24 09:50:40,630.4,1331663
2021-06-24 09:50:41,630.4,1331663
2021-06-24 09:50:42,630.4,1332010
2021-06-24 09:50:43,630.4,1332203
2021-06-24 09:50:44,630.5,1332901
2021-06-24 09:50:45,630.5,1332901
2021-06-24 09:50:45,630.45,1333064
2021-06-24 09:50:46,630.5,1333079
2021-06-24 09:50:48,630.55,1333173
2021-06-24 09:50:49,630.5,1333266
2021-06-24 09:50:50,630.55,1333445
2021-06-24 09:50:50,630.55,1333445
2021-06-24 09:50:52,630.55,1333465
2021-06-24 09:50:53,630.55,1334481
2021-06-24 09:50:54,630.55,1334482
2021-06-24 09:50:55,630.5,1334494
2021-06-24 09:50:56,630.5,1334494
2021-06-24 09:50:57,630.5,1334549
2021-06-24 09:50:58,630.45,1335019
2021-06-24 09:51:00,630.55,1335268
2021-06-24 09:51:01,630.55,1335268
2021-06-24 09:51:02,630.55,1335268
2021-06-24 09:51:03,630.55,1335434
2021-06-24 09:51:04,630.5,1335463
2021-06-24 09:51:05,630.5,1336846
2021-06-24 09:51:06,630.45,1336917
2021-06-24 09:51:07,630.5,1337096
2021-06-24 09:51:08,630.45,1337616
2021-06-24 09:51:09,630.45,1337616
2021-06-24 09:51:10,630.15,1347743
2021-06-24 09:51:11,630.4,1349886
2021-06-24 09:51:12,630.5,1349888
2021-06-24 09:51:13,630.4,1349900
2021-06-24 09:51:14,630.2,1350357
2021-06-24 09:51:15,630.3,1350369
2021-06-24 09:51:16,630.3,1350455
2021-06-24 09:51:17,630.15,1351485
2021-06-24 09:51:18,630.35,1351486
2021-06-24 09:51:19,630.15,1351489
2021-06-24 09:51:20,630.15,1351489
2021-06-24 09:51:21,630.15,1351491
2021-06-24 09:51:22,630.15,1351491
2021-06-24 09:51:24,630.25,1351691
2021-06-24 09:51:25,630.15,1351721
2021-06-24 09:51:26,630.35,1352023
2021-06-24 09:51:27,630.3,1352075
2021-06-24 09:51:28,630.15,1352265
2021-06-24 09:51:29,630.3,1352291
2021-06-24 09:51:30,630.3,1352476
2021-06-24 09:51:31,630.3,1352476
2021-06-24 09:51:32,630.15,1352637
2021-06-24 09:51:33,630.15,1352637
2021-06-24 09:51:34,630.15,1352857
2021-06-24 09:51:35,630.25,1353069
2021-06-24 09:51:36,630.25,1353169
2021-06-24 09:51:37,630.25,1353185
2021-06-24 09:51:38,630.3,1353210
2021-06-24 09:51:39,630.25,1353220
2021-06-24 09:51:40,630.3,1353393
2021-06-24 09:51:41,630.3,1353393
2021-06-24 09:51:42,630.3,1353393
2021-06-24 09:51:43,630.3,1353393
2021-06-24 09:51:44,630.3,1353397
2021-06-24 09:51:45,630.25,1353900
2021-06-24 09:51:46,630.15,1354096
2021-06-24 09:51:47,630.15,1354096
2021-06-24 09:51:48,630.15,1354296
2021-06-24 09:51:49,630.15,1354300
2021-06-24 09:51:50,630.15,1354300
2021-06-24 09:51:51,630.15,1354300
2021-06-24 09:51:52,630.3,1354500
2021-06-24 09:51:53,630.15,1355018
2021-06-24 09:51:54,630.3,1355166
2021-06-24 09:51:55,630.3,1355166
2021-06-24 09:51:56,630.3,1355166
2021-06-24 09:51:57,630.3,1355267
2021-06-24 09:51:58,630.25,1355671
2021-06-24 09:51:59,630.4,1355748
2021-06-24 09:52:00,630.4,1356036
2021-06-24 09:52:01,630.4,1356138
2021-06-24 09:52:05,630.4,1356541
2021-06-24 09:52:06,630.35,1356580
2021-06-24 09:52:07,630.35,1356581
2021-06-24 09:52:10,630.35,1356669
2021-06-24 09:52:09,630.35,1356669
2021-06-24 09:52:11,630.5,1356695
2021-06-24 09:52:12,630.5,1356913
2021-06-24 09:52:13,630.5,1356913
2021-06-24 09:52:14,630.5,1356913
2021-06-24 09:52:15,630.5,1357203
2021-06-24 09:52:17,630.5,1360950
2021-06-24 09:52:16,630.5,1360950
2021-06-24 09:52:18,630.55,1361131
2021-06-24 09:52:19,630.55,1362088
2021-06-24 09:52:20,630.55,1362175
2021-06-24 09:52:21,630.55,1362315
2021-06-24 09:52:22,630.6,1362357
2021-06-24 09:52:23,630.65,1362358
2021-06-24 09:52:24,630.65,1362358
2021-06-24 09:52:26,630.65,1362672
2021-06-24 09:52:25,630.65,1362463
2021-06-24 09:52:27,630.75,1362874
2021-06-24 09:52:28,630.65,1362894
2021-06-24 09:52:30,630.65,1362945
2021-06-24 09:52:31,630.65,1362945
2021-06-24 09:52:32,630.8,1363767
2021-06-24 09:52:33,630.8,1363862
2021-06-24 09:52:34,630.8,1363862
2021-06-24 09:52:35,630.8,1363862
2021-06-24 09:52:36,630.8,1363862
2021-06-24 09:52:37,630.5,1366759
2021-06-24 09:52:38,630.7,1367429
2021-06-24 09:52:39,630.7,1367429
2021-06-24 09:52:40,630.7,1367519
2021-06-24 09:52:41,630.7,1367891
2021-06-24 09:52:42,630.65,1368005
2021-06-24 09:52:43,630.65,1368005
2021-06-24 09:52:44,630.65,1368007
2021-06-24 09:52:45,630.65,1368012
2021-06-24 09:52:46,630.65,1368012
2021-06-24 09:52:47,630.5,1368413
2021-06-24 09:52:48,630.65,1368503
2021-06-24 09:52:49,630.65,1368505
2021-06-24 09:52:50,630.65,1368563
2021-06-24 09:52:51,630.5,1368983
2021-06-24 09:52:52,630.65,1369104
2021-06-24 09:52:53,630.65,1369104
2021-06-24 09:52:55,630.6,1369278
2021-06-24 09:52:54,630.6,1369278
2021-06-24 09:52:56,630.65,1369298
2021-06-24 09:52:57,630.6,1369497
2021-06-24 09:52:58,630.55,1369585
2021-06-24 09:52:59,630.55,1369705
2021-06-24 09:53:00,630.55,1369705
2021-06-24 09:53:01,630.6,1369750
2021-06-24 09:53:03,630.6,1371799
2021-06-24 09:53:04,630.55,1371917
2021-06-24 09:53:05,630.55,1372314
2021-06-24 09:53:06,630.45,1373776
2021-06-24 09:53:08,630.45,1373801
2021-06-24 09:53:10,630.45,1373807
2021-06-24 09:53:11,630.45,1373817
2021-06-24 09:53:13,630.45,1374017
2021-06-24 09:53:13,630.45,1374017
2021-06-24 09:53:14,630.65,1376221
2021-06-24 09:53:15,630.55,1376721
2021-06-24 09:53:16,630.55,1376721
2021-06-24 09:53:17,630.55,1376841
2021-06-24 09:53:18,630.6,1376876
2021-06-24 09:53:19,630.55,1376896
2021-06-24 09:53:22,630.5,1377557
2021-06-24 09:53:22,630.45,1377592
2021-06-24 09:53:23,630.5,1377602
2021-06-24 09:53:25,630.45,1377755
2021-06-24 09:53:26,630.5,1378196
2021-06-24 09:53:27,630.45,1378291
2021-06-24 09:53:28,630.5,1378441
2021-06-24 09:53:29,630.45,1378548
2021-06-24 09:53:30,630.5,1378799
2021-06-24 09:53:31,630.45,1378824
2021-06-24 09:53:32,630.5,1379253
2021-06-24 09:53:33,630.5,1379253
2021-06-24 09:53:34,630.45,1379615
2021-06-24 09:53:35,630.5,1379625
2021-06-24 09:53:36,630.45,1379799
2021-06-24 09:53:38,630.3,1380857
2021-06-24 09:53:38,630.3,1380857
2021-06-24 09:53:39,630.3,1381087
2021-06-24 09:53:40,630.45,1381187
2021-06-24 09:53:41,630.45,1381187
2021-06-24 09:53:42,630.3,1381391
2021-06-24 09:53:43,630.35,1381512
2021-06-24 09:53:45,630.4,1381513
2021-06-24 09:53:46,630.4,1382027
2021-06-24 09:53:47,630.15,1382600
2021-06-24 09:53:48,630.2,1382850
2021-06-24 09:53:49,630.3,1382863
2021-06-24 09:53:50,630.35,1383138
2021-06-24 09:53:51,630.15,1383700
2021-06-24 09:53:52,630.15,1383700
2021-06-24 09:53:53,630.25,1383730
2021-06-24 09:53:54,630.3,1384882
2021-06-24 09:53:55,630.25,1384930
2021-06-24 09:53:56,630.3,1385234
2021-06-24 09:53:57,630.25,1385569
2021-06-24 09:53:58,630.35,1385686
2021-06-24 09:53:59,630.4,1385707
2021-06-24 09:54:00,630.4,1385707
2021-06-24 09:54:01,630.4,1386049
2021-06-24 09:54:03,630.4,1386254
2021-06-24 09:54:04,630.3,1386294
2021-06-24 09:54:04,630.3,1386294
2021-06-24 09:54:05,630.15,1387007
2021-06-24 09:54:06,630.15,1387067
2021-06-24 09:54:07,630.0,1391458
2021-06-24 09:54:08,630.1,1391498
2021-06-24 09:54:09,630.1,1391498
2021-06-24 09:54:10,630.3,1391598
2021-06-24 09:54:11,630.2,1391677
2021-06-24 09:54:13,630.2,1391727
2021-06-24 09:54:13,630.2,1391727
2021-06-24 09:54:14,630.2,1391727
2021-06-24 09:54:15,630.25,1391784
2021-06-24 09:54:16,630.25,1391790
2021-06-24 09:54:17,630.25,1391926
2021-06-24 09:54:18,630.2,1392126
2021-06-24 09:54:20,630.05,1392978
2021-06-24 09:54:22,630.2,1394040
2021-06-24 09:54:23,630.2,1394040
2021-06-24 09:54:24,630.2,1394065
2021-06-24 09:54:26,630.2,1394166
2021-06-24 09:54:26,630.2,1394167
2021-06-24 09:54:27,630.05,1394450
2021-06-24 09:54:28,630.15,1396506
2021-06-24 09:54:29,630.15,1396606
2021-06-24 09:54:30,630.05,1396612
2021-06-24 09:54:31,630.05,1397462
2021-06-24 09:54:32,630.1,1397468
2021-06-24 09:54:33,630.2,1397505
2021-06-24 09:54:35,630.1,1397583
2021-06-24 09:54:36,630.1,1397607
2021-06-24 09:54:37,630.25,1397707
2021-06-24 09:54:38,630.25,1398526
2021-06-24 09:54:39,630.15,1398551
2021-06-24 09:54:40,630.15,1398751
2021-06-24 09:54:41,630.15,1399274
2021-06-24 09:54:42,630.3,1399285
2021-06-24 09:54:43,630.4,1399510
2021-06-24 09:54:44,630.25,1400010
2021-06-24 09:54:46,630.25,1400022
2021-06-24 09:54:46,630.25,1400022
2021-06-24 09:54:47,630.4,1400120
2021-06-24 09:54:48,630.4,1401082
2021-06-24 09:54:49,630.25,1401357
2021-06-24 09:54:50,630.25,1401357
2021-06-24 09:54:52,630.3,1401507
2021-06-24 09:54:52,630.45,1401509
2021-06-24 09:54:54,630.45,1401509
2021-06-24 09:54:54,630.45,1401509
2021-06-24 09:54:55,630.45,1401700
2021-06-24 09:54:56,630.5,1402300
2021-06-24 09:54:57,630.4,1406523
2021-06-24 09:54:58,630.45,1406807
2021-06-24 09:54:59,630.45,1406807
2021-06-24 09:55:00,630.5,1407007
2021-06-24 09:55:01,630.55,1407290
2021-06-24 09:55:02,630.55,1407386
2021-06-24 09:55:03,630.55,1408350
2021-06-24 09:55:04,630.45,1409079
2021-06-24 09:55:06,630.5,1409130
2021-06-24 09:55:06,630.5,1409130
2021-06-24 09:55:07,630.5,1409130
2021-06-24 09:55:08,630.5,1409530
2021-06-24 09:55:09,630.5,1409530
2021-06-24 09:55:10,630.5,1409530
2021-06-24 09:55:11,630.5,1409530
2021-06-24 09:55:12,630.55,1409712
2021-06-24 09:55:13,630.5,1409775
2021-06-24 09:55:14,630.45,1410482
2021-06-24 09:55:15,630.45,1410482
2021-06-24 09:55:16,630.6,1410636
2021-06-24 09:55:17,630.45,1410644
2021-06-24 09:55:19,630.6,1410645
2021-06-24 09:55:19,630.6,1410645
2021-06-24 09:55:20,630.6,1410647
2021-06-24 09:55:21,630.6,1410647
2021-06-24 09:55:22,630.5,1411219
2021-06-24 09:55:23,630.45,1411220
2021-06-24 09:55:25,630.5,1411450
2021-06-24 09:55:26,630.5,1411461
2021-06-24 09:55:26,630.5,1411461
2021-06-24 09:55:27,630.6,1412326
2021-06-24 09:55:28,630.6,1412326
2021-06-24 09:55:29,630.5,1412345
2021-06-24 09:55:30,630.5,1412522
2021-06-24 09:55:31,630.55,1412523
2021-06-24 09:55:32,630.5,1412844
2021-06-24 09:55:33,630.5,1412939
2021-06-24 09:55:35,630.5,1412989
2021-06-24 09:55:36,630.55,1413458
2021-06-24 09:55:36,630.55,1413458
2021-06-24 09:55:37,630.5,1413530
2021-06-24 09:55:38,630.15,1417831
2021-06-24 09:55:39,630.4,1418808
2021-06-24 09:55:40,630.4,1418833
2021-06-24 09:55:42,630.4,1418833
2021-06-24 09:55:44,630.25,1419284
2021-06-24 09:55:44,630.25,1419284
2021-06-24 09:55:45,630.25,1419390
2021-06-24 09:55:47,630.3,1419406
2021-06-24 09:55:48,630.3,1419431
2021-06-24 09:55:48,630.15,1419931
2021-06-24 09:55:50,630.25,1420138
2021-06-24 09:55:51,630.25,1420150
2021-06-24 09:55:52,630.25,1421077
2021-06-24 09:55:54,630.25,1421077
2021-06-24 09:55:56,630.3,1421098
2021-06-24 09:55:57,630.3,1421098
2021-06-24 09:55:57,630.3,1421099
2021-06-24 09:55:58,630.2,1421301
2021-06-24 09:56:00,630.25,1421302
2021-06-24 09:56:02,630.25,1421890
2021-06-24 09:56:03,630.2,1421915
2021-06-24 09:56:04,630.2,1421945
2021-06-24 09:56:05,630.2,1421955
2021-06-24 09:56:06,630.2,1421955
2021-06-24 09:56:07,630.2,1422005
2021-06-24 09:56:08,630.4,1426290
2021-06-24 09:56:09,630.35,1426477
2021-06-24 09:56:10,630.45,1426764
2021-06-24 09:56:11,630.4,1426924
2021-06-24 09:56:12,630.4,1427436
2021-06-24 09:56:14,630.5,1427920
2021-06-24 09:56:15,630.5,1427920
2021-06-24 09:56:16,630.5,1428467
2021-06-24 09:56:17,630.5,1429234
2021-06-24 09:56:18,630.6,1429521
2021-06-24 09:56:19,630.5,1430140
2021-06-24 09:56:20,630.7,1430252
2021-06-24 09:56:21,630.65,1430456
2021-06-24 09:56:22,630.65,1430495
2021-06-24 09:56:24,630.65,1430807
2021-06-24 09:56:24,630.7,1430822
2021-06-24 09:56:26,630.7,1430851
2021-06-24 09:56:27,630.7,1430851
2021-06-24 09:56:27,630.65,1431060
2021-06-24 09:56:28,630.65,1431097
2021-06-24 09:56:29,630.65,1431097
2021-06-24 09:56:30,630.65,1431154
2021-06-24 09:56:31,630.55,1431173
2021-06-24 09:56:32,630.65,1431597
2021-06-24 09:56:33,630.6,1431603
2021-06-24 09:56:35,630.6,1432072
2021-06-24 09:56:36,630.6,1432275
2021-06-24 09:56:36,630.6,1432275
2021-06-24 09:56:37,630.6,1432278
2021-06-24 09:56:38,630.55,1432337
2021-06-24 09:56:39,630.6,1432387
2021-06-24 09:56:40,630.55,1432406
2021-06-24 09:56:41,630.6,1432633
2021-06-24 09:56:43,630.6,1433166
2021-06-24 09:56:44,630.5,1433753
2021-06-24 09:56:44,630.5,1433842
2021-06-24 09:56:45,630.5,1434772
2021-06-24 09:56:46,630.5,1434772
2021-06-24 09:56:48,630.5,1440888
2021-06-24 09:56:48,630.5,1440888
2021-06-24 09:56:49,630.35,1441252
2021-06-24 09:56:51,630.45,1441603
2021-06-24 09:56:52,630.45,1441701
2021-06-24 09:56:53,630.55,1442326
2021-06-24 09:56:54,630.55,1442326
2021-06-24 09:56:55,630.55,1442326
2021-06-24 09:56:56,630.35,1443387
2021-06-24 09:56:58,630.4,1443610
2021-06-24 09:56:59,630.4,1443663
2021-06-24 09:57:00,630.4,1443663
2021-06-24 09:57:01,630.4,1444105
2021-06-24 09:57:02,630.5,1444245
2021-06-24 09:57:03,630.45,1444323
2021-06-24 09:57:05,630.45,1445374
2021-06-24 09:57:05,630.4,1445944
2021-06-24 09:57:06,630.4,1445944
2021-06-24 09:57:08,630.45,1445998
2021-06-24 09:57:08,630.45,1445998
2021-06-24 09:57:09,630.6,1446014
2021-06-24 09:57:10,630.5,1446036
2021-06-24 09:57:11,630.5,1446036
2021-06-24 09:57:12,630.6,1446208
2021-06-24 09:57:13,630.5,1446363
2021-06-24 09:57:14,630.5,1446673
2021-06-24 09:57:15,630.4,1446948
2021-06-24 09:57:16,630.6,1448341
2021-06-24 09:57:17,630.5,1448436
2021-06-24 09:57:18,630.5,1448436
2021-06-24 09:57:19,630.5,1448436
2021-06-24 09:57:21,630.5,1448466
2021-06-24 09:57:22,630.5,1448486
2021-06-24 09:57:23,630.55,1448536
2021-06-24 09:57:24,630.55,1448537
2021-06-24 09:57:25,630.55,1448537
2021-06-24 09:57:26,630.6,1448577
2021-06-24 09:57:27,630.6,1449105
2021-06-24 09:57:27,630.55,1449155
2021-06-24 09:57:29,630.55,1449167
2021-06-24 09:57:29,630.55,1449167
2021-06-24 09:57:31,630.55,1449170
2021-06-24 09:57:32,630.6,1449224
2021-06-24 09:57:32,630.5,1449789
2021-06-24 09:57:33,630.5,1449789
2021-06-24 09:57:34,630.5,1449933
2021-06-24 09:57:35,630.5,1450163
2021-06-24 09:57:36,630.5,1450164
2021-06-24 09:57:37,630.5,1450164
2021-06-24 09:57:39,630.5,1450403
2021-06-24 09:57:40,630.6,1450412
2021-06-24 09:57:40,630.6,1450413
2021-06-24 09:57:41,630.6,1450426
2021-06-24 09:57:42,630.5,1450626
2021-06-24 09:57:43,630.5,1450642
2021-06-24 09:57:44,630.5,1450693
2021-06-24 09:57:45,630.5,1450693
2021-06-24 09:57:46,630.55,1450862
2021-06-24 09:57:48,630.7,1453295
2021-06-24 09:57:49,630.65,1453420
2021-06-24 09:57:50,630.7,1453421
2021-06-24 09:57:51,630.65,1453521
2021-06-24 09:57:52,630.7,1453942
2021-06-24 09:57:53,630.75,1454686
2021-06-24 09:57:54,630.75,1454686
2021-06-24 09:57:55,630.75,1454686
2021-06-24 09:57:55,630.75,1454686
2021-06-24 09:57:56,630.7,1454758
2021-06-24 09:57:57,630.7,1454886
2021-06-24 09:57:58,630.65,1456015
2021-06-24 09:57:59,630.65,1456015
2021-06-24 09:58:01,630.75,1456017
2021-06-24 09:58:01,630.75,1456017
2021-06-24 09:58:04,630.6,1457149
2021-06-24 09:58:05,630.5,1458267
2021-06-24 09:58:06,630.6,1458441
2021-06-24 09:58:06,630.6,1458441
2021-06-24 09:58:07,630.7,1458451
2021-06-24 09:58:08,630.7,1458451
2021-06-24 09:58:09,630.65,1458463
2021-06-24 09:58:10,630.8,1459363
2021-06-24 09:58:11,630.65,1459601
2021-06-24 09:58:12,630.75,1459655
2021-06-24 09:58:13,630.75,1459655
2021-06-24 09:58:14,630.75,1459655
2021-06-24 09:58:15,630.75,1459736
2021-06-24 09:58:16,630.8,1459917
2021-06-24 09:58:17,630.8,1460071
2021-06-24 09:58:18,630.75,1460171
2021-06-24 09:58:19,630.5,1461126
2021-06-24 09:58:20,630.5,1461126
2021-06-24 09:58:21,630.7,1461132
2021-06-24 09:58:22,630.7,1461132
2021-06-24 09:58:23,630.7,1461149
2021-06-24 09:58:24,630.7,1461153
2021-06-24 09:58:25,630.7,1461154
2021-06-24 09:58:26,630.7,1461326
2021-06-24 09:58:27,630.7,1461326
2021-06-24 09:58:28,630.5,1463221
2021-06-24 09:58:29,630.55,1463242
2021-06-24 09:58:30,630.5,1463258
2021-06-24 09:58:31,630.55,1464408
2021-06-24 09:58:32,630.55,1464408
2021-06-24 09:58:34,630.5,1465350
2021-06-24 09:58:35,630.6,1465360
2021-06-24 09:58:36,630.7,1465862
2021-06-24 09:58:37,630.55,1466112
2021-06-24 09:58:38,630.7,1466113
2021-06-24 09:58:39,630.55,1466383
2021-06-24 09:58:40,630.55,1466386
2021-06-24 09:58:41,630.65,1466486
2021-06-24 09:58:42,630.65,1467038
2021-06-24 09:58:43,630.55,1467238
2021-06-24 09:58:44,630.55,1467238
2021-06-24 09:58:45,630.55,1467238
2021-06-24 09:58:46,630.55,1467238
2021-06-24 09:58:47,630.6,1467421
2021-06-24 09:58:48,630.6,1467421
2021-06-24 09:58:50,630.55,1467571
2021-06-24 09:58:52,630.55,1467784
2021-06-24 09:58:53,630.7,1467914
2021-06-24 09:58:54,630.7,1467947
2021-06-24 09:58:55,630.7,1467955
2021-06-24 09:58:56,630.7,1468133
2021-06-24 09:58:57,630.7,1468143
2021-06-24 09:58:57,630.7,1468133
2021-06-24 09:58:59,630.55,1468343
2021-06-24 09:59:00,630.65,1468634
2021-06-24 09:59:00,630.55,1468706
2021-06-24 09:59:02,630.65,1469410
2021-06-24 09:59:03,630.7,1469606
2021-06-24 09:59:04,630.7,1469776
2021-06-24 09:59:05,630.65,1469781
2021-06-24 09:59:06,630.65,1469801
2021-06-24 09:59:06,630.65,1469802
2021-06-24 09:59:07,630.65,1469802
2021-06-24 09:59:08,630.7,1470042
2021-06-24 09:59:09,630.6,1470438
2021-06-24 09:59:10,630.6,1470488
2021-06-24 09:59:11,630.7,1471118
2021-06-24 09:59:13,630.7,1471118
2021-06-24 09:59:14,630.75,1471144
2021-06-24 09:59:14,630.65,1471324
2021-06-24 09:59:15,630.65,1471325
2021-06-24 09:59:16,630.65,1471328
2021-06-24 09:59:17,630.65,1471328
2021-06-24 09:59:18,630.65,1471328
2021-06-24 09:59:19,630.65,1471343
2021-06-24 09:59:20,630.65,1471397
2021-06-24 09:59:21,630.7,1471645
2021-06-24 09:59:23,630.75,1471884
2021-06-24 09:59:24,630.75,1471929
2021-06-24 09:59:25,630.6,1473304
2021-06-24 09:59:25,630.6,1473304
2021-06-24 09:59:27,630.6,1473420
2021-06-24 09:59:28,630.65,1473472
2021-06-24 09:59:29,630.65,1473472
2021-06-24 09:59:30,630.6,1473494
2021-06-24 09:59:31,630.6,1473836
2021-06-24 09:59:32,630.65,1474013
2021-06-24 09:59:33,630.6,1474547
2021-06-24 09:59:34,630.6,1474552
2021-06-24 09:59:35,630.6,1475052
2021-06-24 09:59:36,630.65,1475057
2021-06-24 09:59:37,630.65,1475087
2021-06-24 09:59:37,630.55,1476287
2021-06-24 09:59:38,630.65,1476597
2021-06-24 09:59:39,630.6,1476625
2021-06-24 09:59:40,630.6,1476813
2021-06-24 09:59:42,630.6,1478963
2021-06-24 09:59:43,630.5,1478983
2021-06-24 09:59:44,630.5,1478983
2021-06-24 09:59:45,630.65,1479488
2021-06-24 09:59:46,630.55,1480920
2021-06-24 09:59:47,630.7,1481499
2021-06-24 09:59:48,630.7,1481650
2021-06-24 09:59:49,630.6,1481655
2021-06-24 09:59:50,630.65,1481658
2021-06-24 09:59:50,630.7,1481664
2021-06-24 09:59:52,630.65,1482398
2021-06-24 09:59:54,630.65,1482430
2021-06-24 09:59:54,630.65,1482430
2021-06-24 09:59:56,630.65,1482479
2021-06-24 09:59:57,630.6,1482487
2021-06-24 09:59:58,630.65,1482616
2021-06-24 09:59:59,630.7,1486510
2021-06-24 10:00:00,630.8,1487403
2021-06-24 10:00:01,630.75,1487432
2021-06-24 10:00:02,630.75,1487666
2021-06-24 10:00:03,630.8,1487681
2021-06-24 10:00:04,630.8,1487726
2021-06-24 10:00:05,630.8,1487844
2021-06-24 10:00:05,630.8,1487844
2021-06-24 10:00:06,630.8,1487981
2021-06-24 10:00:08,630.8,1488081
2021-06-24 10:00:09,630.8,1488081
2021-06-24 10:00:09,630.75,1488147
2021-06-24 10:00:10,630.75,1488188
2021-06-24 10:00:11,630.75,1488415
2021-06-24 10:00:12,630.75,1488415
2021-06-24 10:00:14,630.75,1488416
2021-06-24 10:00:15,630.75,1488654
2021-06-24 10:00:16,630.8,1488936
2021-06-24 10:00:17,630.75,1489034
2021-06-24 10:00:18,630.8,1489161
2021-06-24 10:00:19,630.75,1490192
2021-06-24 10:00:20,630.75,1490192
2021-06-24 10:00:21,630.8,1490295
2021-06-24 10:00:22,630.75,1490524
2021-06-24 10:00:23,630.8,1490574
2021-06-24 10:00:24,630.75,1491557
2021-06-24 10:00:25,630.75,1491557
2021-06-24 10:00:26,630.8,1491560
2021-06-24 10:00:27,630.8,1491905
2021-06-24 10:00:28,630.9,1491911
2021-06-24 10:00:28,630.9,1491911
2021-06-24 10:00:29,630.85,1491972
2021-06-24 10:00:31,630.9,1492360
2021-06-24 10:00:32,630.9,1492532
2021-06-24 10:00:33,630.9,1493661
2021-06-24 10:00:34,630.8,1494995
2021-06-24 10:00:35,630.9,1494998
2021-06-24 10:00:36,630.95,1495169
2021-06-24 10:00:36,630.9,1495754
2021-06-24 10:00:38,630.95,1495996
2021-06-24 10:00:39,630.95,1497388
2021-06-24 10:00:40,630.95,1497388
2021-06-24 10:00:41,630.95,1497392
2021-06-24 10:00:42,630.95,1497602
2021-06-24 10:00:42,630.95,1497602
2021-06-24 10:00:43,630.95,1498356
2021-06-24 10:00:45,630.9,1499367
2021-06-24 10:00:47,630.75,1499810
2021-06-24 10:00:48,630.95,1500132
2021-06-24 10:00:48,630.9,1500332
2021-06-24 10:00:50,630.95,1501689
2021-06-24 10:00:51,630.75,1502136
2021-06-24 10:00:52,630.9,1502456
2021-06-24 10:00:53,630.8,1502561
2021-06-24 10:00:53,630.85,1502596
2021-06-24 10:00:54,630.85,1502609
2021-06-24 10:00:56,630.9,1502746
2021-06-24 10:00:57,630.85,1502791
2021-06-24 10:00:58,630.9,1502811
2021-06-24 10:01:00,630.85,1502870
2021-06-24 10:01:01,630.85,1502875
2021-06-24 10:01:01,630.9,1503049
2021-06-24 10:01:03,630.9,1503114
2021-06-24 10:01:04,630.9,1503393
2021-06-24 10:01:05,630.9,1503495
2021-06-24 10:01:06,630.85,1504111
2021-06-24 10:01:07,630.8,1504330
2021-06-24 10:01:08,630.75,1504632
2021-06-24 10:01:08,630.85,1504407
2021-06-24 10:01:09,630.85,1507699
2021-06-24 10:01:10,630.55,1508711
2021-06-24 10:01:12,630.8,1509182
2021-06-24 10:01:12,630.85,1509532
2021-06-24 10:01:13,630.9,1509863
2021-06-24 10:01:14,630.8,1510021
2021-06-24 10:01:15,630.8,1510124
2021-06-24 10:01:16,630.65,1510913
2021-06-24 10:01:17,630.55,1511607
2021-06-24 10:01:19,630.55,1511836
2021-06-24 10:01:20,630.55,1511914
2021-06-24 10:01:21,630.55,1512015
2021-06-24 10:01:22,630.75,1512063
2021-06-24 10:01:23,630.65,1512178
2021-06-24 10:01:24,630.6,1512459
2021-06-24 10:01:25,630.55,1512651
2021-06-24 10:01:26,630.55,1512715
2021-06-24 10:01:27,630.65,1513356
2021-06-24 10:01:28,630.55,1513567
2021-06-24 10:01:30,630.6,1513993
2021-06-24 10:01:31,630.6,1514134
2021-06-24 10:01:32,630.55,1514567
2021-06-24 10:01:33,630.55,1514955
2021-06-24 10:01:34,630.6,1515132
2021-06-24 10:01:35,630.5,1515191
2021-06-24 10:01:36,630.55,1515256
2021-06-24 10:01:37,630.5,1515648
2021-06-24 10:01:38,630.55,1515797
2021-06-24 10:01:39,630.55,1517346
2021-06-24 10:01:40,630.55,1518092
2021-06-24 10:01:41,630.6,1518944
2021-06-24 10:01:42,630.35,1520662
2021-06-24 10:01:43,630.45,1521484
2021-06-24 10:01:44,630.35,1521756
2021-06-24 10:01:45,630.35,1522314
2021-06-24 10:01:46,630.35,1522538
2021-06-24 10:01:46,630.35,1522612
2021-06-24 10:01:47,630.35,1522636
2021-06-24 10:01:49,630.35,1522644
2021-06-24 10:01:50,630.35,1522972
2021-06-24 10:01:51,630.3,1523181
2021-06-24 10:01:52,630.15,1523522
2021-06-24 10:01:53,630.35,1524634
2021-06-24 10:01:54,630.3,1526837
2021-06-24 10:01:55,629.95,1530401
2021-06-24 10:01:56,630.15,1530976
2021-06-24 10:01:57,630.15,1531166
2021-06-24 10:01:58,630.15,1531229
2021-06-24 10:01:59,630.15,1531249
2021-06-24 10:02:00,630.15,1532212
2021-06-24 10:02:01,630.05,1532708
2021-06-24 10:02:02,630.05,1533056
2021-06-24 10:02:03,630.15,1533236
2021-06-24 10:02:04,630.0,1533296
2021-06-24 10:02:05,630.0,1533354
2021-06-24 10:02:07,630.0,1533579
2021-06-24 10:02:08,630.0,1533653
2021-06-24 10:02:09,630.0,1533758
2021-06-24 10:02:10,630.0,1534617
2021-06-24 10:02:11,630.0,1534901
2021-06-24 10:02:12,630.15,1535512
2021-06-24 10:02:13,630.0,1535714
2021-06-24 10:02:15,630.0,1536107
2021-06-24 10:02:16,630.0,1536836
2021-06-24 10:02:17,630.0,1536953
2021-06-24 10:02:19,630.0,1537031
2021-06-24 10:02:20,630.0,1538403
2021-06-24 10:02:21,630.0,1538728
2021-06-24 10:02:22,630.0,1538964
2021-06-24 10:02:23,629.95,1538970
2021-06-24 10:02:24,630.0,1539049
2021-06-24 10:02:25,629.95,1539245
2021-06-24 10:02:26,630.0,1539478
2021-06-24 10:02:27,629.95,1540677
2021-06-24 10:02:28,629.85,1541385
2021-06-24 10:02:29,629.95,1541625
2021-06-24 10:02:30,629.9,1541725
2021-06-24 10:02:31,629.95,1541828
2021-06-24 10:02:32,629.9,1541863
2021-06-24 10:02:33,629.8,1543038
2021-06-24 10:02:35,629.95,1543111
2021-06-24 10:02:36,629.95,1543113
2021-06-24 10:02:37,629.95,1543114
2021-06-24 10:02:38,629.7,1543483
2021-06-24 10:02:39,629.7,1543483
2021-06-24 10:02:40,629.7,1543493
2021-06-24 10:02:41,629.7,1544969
2021-06-24 10:02:42,629.7,1544969
2021-06-24 10:02:43,629.85,1544984
2021-06-24 10:02:45,629.85,1545690
2021-06-24 10:02:46,629.9,1546435
2021-06-24 10:02:47,629.85,1546539
2021-06-24 10:02:50,629.9,1548015
2021-06-24 10:02:51,629.9,1548465
2021-06-24 10:02:52,629.9,1548465
2021-06-24 10:02:53,629.9,1548465
2021-06-24 10:02:54,629.9,1548958
2021-06-24 10:02:55,629.9,1549163
2021-06-24 10:02:56,629.9,1549372
2021-06-24 10:02:57,629.9,1549713
2021-06-24 10:02:58,629.9,1549713
2021-06-24 10:02:59,629.85,1549723
2021-06-24 10:03:00,629.85,1550034
2021-06-24 10:03:01,629.85,1550034
2021-06-24 10:03:02,629.85,1550422
2021-06-24 10:03:03,629.85,1550427
2021-06-24 10:03:04,629.9,1550927
2021-06-24 10:03:05,629.6,1554899
2021-06-24 10:03:06,629.7,1556248
2021-06-24 10:03:07,629.7,1556258
2021-06-24 10:03:08,629.9,1556827
2021-06-24 10:03:09,629.9,1556827
2021-06-24 10:03:10,629.9,1556827
2021-06-24 10:03:11,629.75,1556977
2021-06-24 10:03:12,629.75,1556977
2021-06-24 10:03:13,629.8,1556978
2021-06-24 10:03:14,629.8,1557099
2021-06-24 10:03:15,629.8,1557099
2021-06-24 10:03:16,629.85,1557100
2021-06-24 10:03:17,629.8,1557487
2021-06-24 10:03:18,629.9,1558797
2021-06-24 10:03:19,629.9,1558797
2021-06-24 10:03:20,629.9,1559040
2021-06-24 10:03:21,629.9,1559040
2021-06-24 10:03:22,629.9,1560522
2021-06-24 10:03:23,629.8,1560736
2021-06-24 10:03:24,629.8,1560798
2021-06-24 10:03:25,629.85,1560903
2021-06-24 10:03:26,629.55,1562794
2021-06-24 10:03:27,629.55,1562800
2021-06-24 10:03:28,629.55,1562800
2021-06-24 10:03:29,629.9,1563376
2021-06-24 10:03:30,629.85,1563402
2021-06-24 10:03:31,629.65,1563408
2021-06-24 10:03:32,629.65,1563408
2021-06-24 10:03:33,629.65,1563686
2021-06-24 10:03:35,629.65,1563686
2021-06-24 10:03:34,629.65,1563686
2021-06-24 10:03:36,629.65,1563686
2021-06-24 10:03:37,629.8,1563972
2021-06-24 10:03:38,629.8,1564279
2021-06-24 10:03:40,629.7,1564900
2021-06-24 10:03:41,629.7,1564985
2021-06-24 10:03:42,629.85,1564990
2021-06-24 10:03:43,629.8,1565130
2021-06-24 10:03:44,629.8,1565140
2021-06-24 10:03:45,629.85,1566195
2021-06-24 10:03:46,629.8,1566734
2021-06-24 10:03:47,629.75,1566836
2021-06-24 10:03:48,629.85,1566936
2021-06-24 10:03:49,629.75,1566956
2021-06-24 10:03:50,629.75,1566976
2021-06-24 10:03:51,629.7,1567082
2021-06-24 10:03:52,629.85,1567244
2021-06-24 10:03:53,629.7,1567294
2021-06-24 10:03:54,629.85,1567344
2021-06-24 10:03:55,629.85,1567545
2021-06-24 10:03:56,629.7,1567595
2021-06-24 10:03:57,629.7,1567595
2021-06-24 10:03:58,629.75,1567597
2021-06-24 10:03:59,629.7,1567647
2021-06-24 10:04:00,629.65,1567882
2021-06-24 10:04:02,629.7,1568452
2021-06-24 10:04:02,629.7,1568452
2021-06-24 10:04:03,629.75,1568454
2021-06-24 10:04:04,629.7,1568554
2021-06-24 10:04:05,629.7,1568794
2021-06-24 10:04:06,629.7,1568886
2021-06-24 10:04:07,629.75,1569093
2021-06-24 10:04:08,629.65,1569105
2021-06-24 10:04:09,629.65,1569184
2021-06-24 10:04:10,629.6,1569521
2021-06-24 10:04:11,629.6,1569634
2021-06-24 10:04:12,629.65,1569844
2021-06-24 10:04:13,629.6,1569913
2021-06-24 10:04:14,629.6,1570692
2021-06-24 10:04:15,629.55,1571587
2021-06-24 10:04:16,629.45,1572253
2021-06-24 10:04:17,629.45,1572871
2021-06-24 10:04:18,629.35,1573225
2021-06-24 10:04:19,629.45,1574136
2021-06-24 10:04:20,629.25,1575120
2021-06-24 10:04:21,629.45,1575455
2021-06-24 10:04:22,629.5,1575757
2021-06-24 10:04:23,629.45,1575857
2021-06-24 10:04:24,629.5,1576186
2021-06-24 10:04:25,629.5,1576351
2021-06-24 10:04:26,629.4,1576905
2021-06-24 10:04:27,629.5,1577098
2021-06-24 10:04:28,629.45,1577183
2021-06-24 10:04:29,629.35,1577516
2021-06-24 10:04:30,629.3,1577936
2021-06-24 10:04:31,629.2,1578724
2021-06-24 10:04:32,629.2,1578984
2021-06-24 10:04:33,629.5,1579167
2021-06-24 10:04:34,629.5,1579307
2021-06-24 10:04:35,629.5,1579395
2021-06-24 10:04:36,629.5,1579440
2021-06-24 10:04:37,629.5,1579469
2021-06-24 10:04:38,629.5,1579480
2021-06-24 10:04:39,629.3,1579605
2021-06-24 10:04:40,629.3,1579646
2021-06-24 10:04:41,629.35,1579761
2021-06-24 10:04:42,629.5,1581241
2021-06-24 10:04:43,629.4,1582351
2021-06-24 10:04:44,629.5,1582737
2021-06-24 10:04:45,629.4,1582865
2021-06-24 10:04:46,629.45,1582907
2021-06-24 10:04:47,629.5,1583787
2021-06-24 10:04:48,629.45,1584327
2021-06-24 10:04:49,629.4,1584837
2021-06-24 10:04:50,629.45,1585058
2021-06-24 10:04:51,629.5,1585230
2021-06-24 10:04:52,629.35,1585994
2021-06-24 10:04:53,629.35,1587332
2021-06-24 10:04:54,629.35,1587774
2021-06-24 10:04:55,629.4,1587920
2021-06-24 10:04:56,629.4,1589563
2021-06-24 10:04:57,629.55,1590205
2021-06-24 10:04:58,629.35,1590694
2021-06-24 10:05:01,629.45,1591993
2021-06-24 10:05:02,629.55,1592305
2021-06-24 10:05:03,629.6,1592622
2021-06-24 10:05:04,629.45,1592853
2021-06-24 10:05:05,629.5,1592929
2021-06-24 10:05:06,629.5,1592985
2021-06-24 10:05:07,629.5,1593070
2021-06-24 10:05:08,629.5,1593098
2021-06-24 10:05:09,629.5,1593108
2021-06-24 10:05:11,629.5,1593211
2021-06-24 10:05:11,629.5,1593255
2021-06-24 10:05:12,629.5,1594589
2021-06-24 10:05:13,629.5,1595030
2021-06-24 10:05:14,629.6,1595466
2021-06-24 10:05:15,629.5,1595810
2021-06-24 10:05:17,629.45,1596740
2021-06-24 10:05:18,629.4,1596988
2021-06-24 10:05:19,629.7,1597356
2021-06-24 10:05:20,629.7,1597795
2021-06-24 10:05:21,629.5,1598553
2021-06-24 10:05:22,629.7,1599004
2021-06-24 10:05:23,629.4,1599773
2021-06-24 10:05:24,629.75,1600745
2021-06-24 10:05:25,629.45,1601066
2021-06-24 10:05:26,629.75,1601180
2021-06-24 10:05:27,629.45,1601287
2021-06-24 10:05:28,629.6,1601531
2021-06-24 10:05:29,629.45,1601632
2021-06-24 10:05:30,629.45,1601665
2021-06-24 10:05:31,629.55,1601678
2021-06-24 10:05:32,629.55,1601844
2021-06-24 10:05:33,629.6,1601903
2021-06-24 10:05:34,629.6,1601967
2021-06-24 10:05:35,629.55,1602823
2021-06-24 10:05:36,629.5,1603292
2021-06-24 10:05:38,629.6,1603608
2021-06-24 10:05:37,629.75,1603530
2021-06-24 10:05:39,629.7,1603661
2021-06-24 10:05:40,629.6,1603695
2021-06-24 10:05:41,629.6,1603712
2021-06-24 10:05:42,629.65,1603964
2021-06-24 10:05:43,629.65,1604092
2021-06-24 10:05:45,629.6,1605294
2021-06-24 10:05:46,629.6,1605749
2021-06-24 10:05:47,629.6,1605899
2021-06-24 10:05:48,629.65,1605950
2021-06-24 10:05:49,629.6,1605971
2021-06-24 10:05:50,629.65,1606028
2021-06-24 10:05:51,629.65,1606066
2021-06-24 10:05:52,629.65,1606209
2021-06-24 10:05:53,629.65,1606264
2021-06-24 10:05:55,629.65,1606288
2021-06-24 10:05:55,629.65,1606282
2021-06-24 10:05:56,629.65,1606290
2021-06-24 10:05:57,629.7,1606301
2021-06-24 10:05:58,629.7,1606390
2021-06-24 10:05:59,629.65,1606439
2021-06-24 10:06:00,629.7,1606796
2021-06-24 10:06:01,629.65,1606914
2021-06-24 10:06:02,629.7,1607125
2021-06-24 10:06:03,629.65,1607240
2021-06-24 10:06:04,629.7,1607284
2021-06-24 10:06:05,629.65,1607333
2021-06-24 10:06:06,629.7,1607651
2021-06-24 10:06:07,629.6,1607756
2021-06-24 10:06:08,629.65,1607811
2021-06-24 10:06:10,629.65,1608059
2021-06-24 10:06:11,629.65,1608141
2021-06-24 10:06:12,629.7,1608340
2021-06-24 10:06:13,629.45,1608605
2021-06-24 10:06:14,629.65,1608731
2021-06-24 10:06:14,629.65,1608699
2021-06-24 10:06:15,629.45,1608742
2021-06-24 10:06:16,629.7,1608845
2021-06-24 10:06:17,629.65,1609505
2021-06-24 10:06:18,629.45,1610090
2021-06-24 10:06:19,629.45,1610283
2021-06-24 10:06:20,629.5,1610354
2021-06-24 10:06:22,629.6,1610600
2021-06-24 10:06:23,629.7,1610704
2021-06-24 10:06:24,629.6,1610765
2021-06-24 10:06:25,629.55,1610785
2021-06-24 10:06:26,629.6,1610791
2021-06-24 10:06:27,629.6,1610885
2021-06-24 10:06:28,629.65,1610918
2021-06-24 10:06:28,629.45,1611418
2021-06-24 10:06:29,629.45,1611937
2021-06-24 10:06:30,629.5,1612118
2021-06-24 10:06:31,629.45,1612377
2021-06-24 10:06:32,629.65,1612484
2021-06-24 10:06:33,629.55,1612537
2021-06-24 10:06:34,629.55,1612582
2021-06-24 10:06:35,629.55,1613103
2021-06-24 10:06:36,629.55,1613299
2021-06-24 10:06:37,629.55,1614368
2021-06-24 10:06:38,629.6,1614762
2021-06-24 10:06:40,629.45,1615400
2021-06-24 10:06:40,629.4,1615761
2021-06-24 10:06:41,629.4,1615978
2021-06-24 10:06:42,629.45,1616178
2021-06-24 10:06:43,629.4,1616539
2021-06-24 10:06:44,629.4,1616736
2021-06-24 10:06:45,629.6,1616830
2021-06-24 10:06:46,629.4,1616971
2021-06-24 10:06:47,629.3,1618018
2021-06-24 10:06:48,629.55,1618514
2021-06-24 10:06:49,629.55,1619378
2021-06-24 10:06:50,629.4,1619669
2021-06-24 10:06:51,629.45,1619833
2021-06-24 10:06:52,629.45,1619949
2021-06-24 10:06:54,629.45,1620005
2021-06-24 10:06:54,629.45,1620178
2021-06-24 10:06:55,629.45,1620253
2021-06-24 10:06:56,629.4,1620531
2021-06-24 10:06:57,629.3,1620623
2021-06-24 10:06:58,629.3,1620753
2021-06-24 10:06:59,629.4,1620922
2021-06-24 10:07:00,629.15,1622169
2021-06-24 10:07:01,629.35,1622583
2021-06-24 10:07:02,629.25,1622731
2021-06-24 10:07:03,629.15,1623370
2021-06-24 10:07:04,629.25,1624472
2021-06-24 10:07:05,629.25,1624841
2021-06-24 10:07:07,629.25,1624965
2021-06-24 10:07:08,629.2,1625106
2021-06-24 10:07:09,629.25,1625178
2021-06-24 10:07:10,629.25,1626064
2021-06-24 10:07:10,629.45,1625844
2021-06-24 10:07:11,629.25,1626236
2021-06-24 10:07:12,629.3,1626344
2021-06-24 10:07:13,629.25,1626790
2021-06-24 10:07:14,629.35,1626939
2021-06-24 10:07:15,629.4,1627230
2021-06-24 10:07:16,629.45,1627445
2021-06-24 10:07:17,629.35,1627548
2021-06-24 10:07:18,629.3,1627592
2021-06-24 10:07:19,629.25,1627803
2021-06-24 10:07:20,629.15,1628446
2021-06-24 10:07:21,629.2,1628825
2021-06-24 10:07:22,629.45,1629633
2021-06-24 10:07:23,629.15,1629899
2021-06-24 10:07:24,629.25,1629997
2021-06-24 10:07:25,629.2,1630335
2021-06-24 10:07:26,629.2,1630518
2021-06-24 10:07:27,629.15,1631279
2021-06-24 10:07:28,629.2,1632409
2021-06-24 10:07:29,629.2,1633316
2021-06-24 10:07:30,629.2,1634585
2021-06-24 10:07:32,629.15,1635390
2021-06-24 10:07:33,629.2,1635661
2021-06-24 10:07:33,629.15,1635750
2021-06-24 10:07:34,629.1,1636380
2021-06-24 10:07:35,629.15,1636600
2021-06-24 10:07:36,629.15,1636684
2021-06-24 10:07:37,628.95,1639993
2021-06-24 10:07:38,629.3,1640611
2021-06-24 10:07:39,629.2,1640830
2021-06-24 10:07:40,629.15,1641002
2021-06-24 10:07:41,629.15,1641059
2021-06-24 10:07:42,629.15,1641360
2021-06-24 10:07:45,628.95,1641564
2021-06-24 10:07:46,628.95,1641764
2021-06-24 10:07:47,628.85,1643041
2021-06-24 10:07:48,628.85,1643041
2021-06-24 10:07:48,629.0,1643042
2021-06-24 10:07:49,628.95,1643122
2021-06-24 10:07:50,628.95,1643172
2021-06-24 10:07:51,629.0,1643290
2021-06-24 10:07:52,629.05,1643340
2021-06-24 10:07:53,629.1,1644079
2021-06-24 10:07:54,629.0,1644604
2021-06-24 10:07:55,629.0,1644777
2021-06-24 10:07:56,629.0,1645035
2021-06-24 10:07:57,629.0,1645170
2021-06-24 10:07:58,629.0,1645312
2021-06-24 10:07:59,629.0,1645800
2021-06-24 10:08:00,628.95,1645820
2021-06-24 10:08:01,629.0,1646122
2021-06-24 10:08:03,628.7,1647212
2021-06-24 10:08:04,628.75,1647258
2021-06-24 10:08:05,629.0,1647550
2021-06-24 10:08:05,629.0,1647550
2021-06-24 10:08:06,628.75,1647625
2021-06-24 10:08:07,628.95,1647825
2021-06-24 10:08:08,628.75,1648025
2021-06-24 10:08:09,628.75,1648039
2021-06-24 10:08:10,628.75,1648209
2021-06-24 10:08:11,629.0,1648869
2021-06-24 10:08:12,628.9,1649041
2021-06-24 10:08:13,628.85,1649042
2021-06-24 10:08:14,628.85,1649060
2021-06-24 10:08:15,628.85,1649080
2021-06-24 10:08:16,628.85,1649089
2021-06-24 10:08:18,628.95,1649091
2021-06-24 10:08:19,628.95,1649091
2021-06-24 10:08:19,628.85,1649228
2021-06-24 10:08:21,628.9,1649448
2021-06-24 10:08:22,628.9,1649645
2021-06-24 10:08:23,628.9,1649665
2021-06-24 10:08:24,628.9,1649803
2021-06-24 10:08:24,628.9,1649803
2021-06-24 10:08:25,628.85,1649824
2021-06-24 10:08:26,628.9,1650083
2021-06-24 10:08:27,629.0,1650353
2021-06-24 10:08:28,628.95,1650607
2021-06-24 10:08:29,628.95,1650709
2021-06-24 10:08:30,628.95,1650739
2021-06-24 10:08:31,628.95,1650749
2021-06-24 10:08:32,629.0,1650974
2021-06-24 10:08:33,628.95,1651164
2021-06-24 10:08:35,628.9,1651431
2021-06-24 10:08:36,629.0,1652193
2021-06-24 10:08:37,628.9,1652517
2021-06-24 10:08:38,628.9,1652517
2021-06-24 10:08:39,629.0,1652818
2021-06-24 10:08:40,628.95,1653004
2021-06-24 10:08:41,628.95,1653340
2021-06-24 10:08:41,628.95,1653342
2021-06-24 10:08:43,628.95,1654998
2021-06-24 10:08:44,629.0,1655820
2021-06-24 10:08:46,629.0,1655923
2021-06-24 10:08:47,629.0,1656242
2021-06-24 10:08:48,629.0,1656324
2021-06-24 10:08:49,629.3,1659647
2021-06-24 10:08:49,629.0,1660031
2021-06-24 10:08:50,629.0,1660931
2021-06-24 10:08:51,629.2,1661441
2021-06-24 10:08:52,629.05,1661896
2021-06-24 10:08:53,628.9,1663427
2021-06-24 10:08:54,629.1,1663780
2021-06-24 10:08:55,629.1,1663946
2021-06-24 10:08:56,629.1,1664008
2021-06-24 10:08:57,628.9,1667033
2021-06-24 10:08:58,629.0,1667058
2021-06-24 10:09:00,628.95,1667574
2021-06-24 10:09:01,629.15,1667801
2021-06-24 10:09:02,629.15,1668086
2021-06-24 10:09:03,629.15,1668223
2021-06-24 10:09:04,629.0,1668558
2021-06-24 10:09:05,629.25,1670734
2021-06-24 10:09:06,628.9,1671725
2021-06-24 10:09:07,629.1,1672017
2021-06-24 10:09:07,629.15,1672226
2021-06-24 10:09:08,629.15,1672400
2021-06-24 10:09:09,629.1,1672556
2021-06-24 10:09:10,629.05,1672673
2021-06-24 10:09:11,629.0,1672712
2021-06-24 10:09:12,629.05,1672996
2021-06-24 10:09:13,629.15,1673625
2021-06-24 10:09:14,628.9,1674237
2021-06-24 10:09:15,629.0,1674384
2021-06-24 10:09:16,629.0,1674451
2021-06-24 10:09:17,629.0,1674451
2021-06-24 10:09:18,629.0,1674694
2021-06-24 10:09:20,629.0,1675171
2021-06-24 10:09:22,629.0,1675430
2021-06-24 10:09:23,629.0,1675446
2021-06-24 10:09:24,629.0,1675447
2021-06-24 10:09:24,629.0,1675477
2021-06-24 10:09:26,629.0,1675566
2021-06-24 10:09:27,629.0,1675916
2021-06-24 10:09:28,629.0,1676207
2021-06-24 10:09:29,629.0,1676290
2021-06-24 10:09:30,629.0,1676316
2021-06-24 10:09:31,628.95,1676366
2021-06-24 10:09:31,628.95,1676366
2021-06-24 10:09:32,628.95,1677562
2021-06-24 10:09:33,629.0,1677776
2021-06-24 10:09:34,628.95,1677979
2021-06-24 10:09:36,629.0,1679320
2021-06-24 10:09:37,629.0,1679899
2021-06-24 10:09:38,629.05,1680300
2021-06-24 10:09:38,629.25,1680187
2021-06-24 10:09:39,629.3,1680360
2021-06-24 10:09:41,629.1,1680449
2021-06-24 10:09:44,629.1,1680928
2021-06-24 10:09:45,629.25,1681054
2021-06-24 10:09:46,629.3,1681165
2021-06-24 10:09:47,629.1,1681202
2021-06-24 10:09:48,629.15,1681214
2021-06-24 10:09:49,629.25,1681317
2021-06-24 10:09:50,629.25,1681718
2021-06-24 10:09:51,629.25,1681936
2021-06-24 10:09:52,629.25,1682232
2021-06-24 10:09:53,629.15,1682761
2021-06-24 10:09:53,629.25,1682630
2021-06-24 10:09:54,629.25,1682871
2021-06-24 10:09:55,629.1,1682971
2021-06-24 10:09:56,629.1,1683004
2021-06-24 10:09:57,629.15,1683015
2021-06-24 10:09:58,629.15,1683018
2021-06-24 10:09:59,629.25,1683020
2021-06-24 10:10:00,629.2,1683072
2021-06-24 10:10:01,629.15,1683089
2021-06-24 10:10:02,629.2,1683098
2021-06-24 10:10:03,629.2,1683101
2021-06-24 10:10:04,629.2,1683102
2021-06-24 10:10:05,629.1,1684423
2021-06-24 10:10:07,629.15,1685396
2021-06-24 10:10:08,629.0,1685718
2021-06-24 10:10:09,629.2,1685928
2021-06-24 10:10:09,629.15,1686039
2021-06-24 10:10:10,629.1,1686078
2021-06-24 10:10:11,629.1,1686108
2021-06-24 10:10:12,629.15,1686397
2021-06-24 10:10:14,629.05,1687044
2021-06-24 10:10:15,629.05,1687482
2021-06-24 10:10:16,629.05,1687757
2021-06-24 10:10:17,629.05,1687847
2021-06-24 10:10:18,629.05,1687932
2021-06-24 10:10:20,629.05,1688263
2021-06-24 10:10:19,629.2,1688181
2021-06-24 10:10:21,629.05,1688390
2021-06-24 10:10:22,629.15,1688508
2021-06-24 10:10:23,629.05,1688894
2021-06-24 10:10:24,629.2,1689102
2021-06-24 10:10:25,629.2,1689376
2021-06-24 10:10:25,629.2,1689481
2021-06-24 10:10:26,629.1,1689565
2021-06-24 10:10:27,629.2,1689608
2021-06-24 10:10:29,629.1,1689657
2021-06-24 10:10:30,629.1,1689673
2021-06-24 10:10:31,629.15,1689679
2021-06-24 10:10:32,629.2,1689853
2021-06-24 10:10:33,629.2,1689922
2021-06-24 10:10:35,629.3,1694669
2021-06-24 10:10:36,629.2,1695816
2021-06-24 10:10:37,629.3,1696362
2021-06-24 10:10:39,629.2,1696834
2021-06-24 10:10:40,629.25,1696921
2021-06-24 10:10:40,629.25,1696949
2021-06-24 10:10:41,629.3,1697651
2021-06-24 10:10:42,629.2,1698000
2021-06-24 10:10:43,629.15,1698416
2021-06-24 10:10:45,629.15,1698553
2021-06-24 10:10:46,629.2,1698861
2021-06-24 10:10:47,629.15,1699460
2021-06-24 10:10:48,629.2,1699757
2021-06-24 10:10:49,629.2,1700027
2021-06-24 10:10:50,629.2,1700147
2021-06-24 10:10:51,629.25,1700786
2021-06-24 10:10:51,629.3,1701061
2021-06-24 10:10:52,629.5,1701562
2021-06-24 10:10:53,629.4,1701801
2021-06-24 10:10:55,629.4,1702165
2021-06-24 10:10:56,629.25,1703059
2021-06-24 10:10:57,629.4,1703457
2021-06-24 10:10:58,629.65,1704015
2021-06-24 10:10:59,629.45,1704325
2021-06-24 10:11:00,629.4,1704464
2021-06-24 10:11:01,629.3,1704510
2021-06-24 10:11:02,629.35,1704525
2021-06-24 10:11:04,629.4,1705320
2021-06-24 10:11:05,629.5,1706411
2021-06-24 10:11:07,629.6,1708503
2021-06-24 10:11:09,629.35,1708928
2021-06-24 10:11:10,629.4,1709143
2021-06-24 10:11:11,629.4,1709304
2021-06-24 10:11:11,629.35,1709357
2021-06-24 10:11:12,629.45,1709374
2021-06-24 10:11:13,629.3,1709610
2021-06-24 10:11:14,629.4,1709736
2021-06-24 10:11:15,629.3,1709787
2021-06-24 10:11:17,629.4,1709815
2021-06-24 10:11:18,629.4,1709879
2021-06-24 10:11:19,629.3,1709901
2021-06-24 10:11:20,629.5,1710008
2021-06-24 10:11:21,629.4,1710093
2021-06-24 10:11:22,629.4,1710266
2021-06-24 10:11:23,629.45,1710637
2021-06-24 10:11:23,629.4,1710456
2021-06-24 10:11:24,629.35,1710697
2021-06-24 10:11:25,629.45,1710745
2021-06-24 10:11:26,629.25,1710960
2021-06-24 10:11:27,629.3,1711041
2021-06-24 10:11:28,629.4,1711168
2021-06-24 10:11:29,629.5,1711280
2021-06-24 10:11:30,629.4,1711357
2021-06-24 10:11:32,629.4,1711541
2021-06-24 10:11:33,629.5,1711603
2021-06-24 10:11:34,629.5,1711637
2021-06-24 10:11:35,629.4,1712175
2021-06-24 10:11:36,629.3,1712630
2021-06-24 10:11:37,629.3,1712861
2021-06-24 10:11:38,629.4,1712941
2021-06-24 10:11:39,629.35,1713210
2021-06-24 10:11:40,629.3,1713299
2021-06-24 10:11:41,629.35,1713518
2021-06-24 10:11:42,629.4,1713631
2021-06-24 10:11:42,629.35,1713669
2021-06-24 10:11:43,629.35,1713683
2021-06-24 10:11:45,629.35,1713688
2021-06-24 10:11:46,629.35,1713690
2021-06-24 10:11:50,629.35,1720384
2021-06-24 10:11:51,629.35,1720668
2021-06-24 10:11:52,629.15,1720798
2021-06-24 10:11:53,629.3,1720841
2021-06-24 10:11:53,629.3,1720855
2021-06-24 10:11:55,629.05,1721179
2021-06-24 10:11:56,629.05,1721286
2021-06-24 10:11:57,629.05,1721321
2021-06-24 10:11:58,629.15,1721332
2021-06-24 10:11:59,629.2,1721336
2021-06-24 10:12:00,629.25,1721470
2021-06-24 10:12:01,629.3,1721582
2021-06-24 10:12:02,629.15,1721649
2021-06-24 10:12:02,629.25,1721697
2021-06-24 10:12:04,629.0,1721713
2021-06-24 10:12:05,629.3,1721733
2021-06-24 10:12:06,629.15,1721746
2021-06-24 10:12:07,629.15,1721751
2021-06-24 10:12:08,629.25,1721753
2021-06-24 10:12:09,629.25,1721824
2021-06-24 10:12:10,629.25,1721857
2021-06-24 10:12:11,629.2,1721868
2021-06-24 10:12:12,629.2,1721872
2021-06-24 10:12:13,629.25,1722089
2021-06-24 10:12:15,629.2,1722791
2021-06-24 10:12:16,629.15,1722900
2021-06-24 10:12:17,629.2,1722985
2021-06-24 10:12:18,629.2,1723215
2021-06-24 10:12:19,629.15,1723340
2021-06-24 10:12:20,629.2,1723656
2021-06-24 10:12:22,629.15,1723800
2021-06-24 10:12:23,629.2,1723951
2021-06-24 10:12:24,629.0,1724035
2021-06-24 10:12:27,629.0,1724123
2021-06-24 10:12:28,629.0,1725247
2021-06-24 10:12:29,629.1,1725772
2021-06-24 10:12:30,629.15,1725946
2021-06-24 10:12:31,629.15,1726004
2021-06-24 10:12:33,629.15,1726029
2021-06-24 10:12:32,629.15,1726023
2021-06-24 10:12:34,629.2,1726142
2021-06-24 10:12:35,629.15,1726363
2021-06-24 10:12:36,629.15,1726437
2021-06-24 10:12:37,629.2,1726512
2021-06-24 10:12:38,629.15,1726546
2021-06-24 10:12:39,629.2,1726892
2021-06-24 10:12:40,629.05,1727006
2021-06-24 10:12:41,629.1,1727224
2021-06-24 10:12:42,629.0,1727411
2021-06-24 10:12:43,629.2,1727474
2021-06-24 10:12:44,629.1,1727495
2021-06-24 10:12:45,629.0,1727505
2021-06-24 10:12:46,629.0,1727508
2021-06-24 10:12:47,629.0,1727509
2021-06-24 10:12:48,629.0,1727509
2021-06-24 10:12:49,629.2,1727510
2021-06-24 10:12:50,629.1,1727661
2021-06-24 10:12:51,629.2,1727764
2021-06-24 10:12:53,629.1,1727810
2021-06-24 10:12:52,629.2,1727799
2021-06-24 10:12:54,629.15,1727931
2021-06-24 10:12:55,629.15,1727989
2021-06-24 10:12:56,629.1,1728008
2021-06-24 10:12:57,629.1,1728044
2021-06-24 10:12:58,629.15,1728197
2021-06-24 10:13:00,629.2,1728339
2021-06-24 10:13:01,629.2,1728375
2021-06-24 10:13:02,629.15,1728387
2021-06-24 10:13:03,629.2,1728518
2021-06-24 10:13:04,629.2,1728569
2021-06-24 10:13:05,629.15,1728616
2021-06-24 10:13:06,629.2,1728635
2021-06-24 10:13:07,629.15,1728641
2021-06-24 10:13:08,629.15,1728643
2021-06-24 10:13:09,629.2,1728887
2021-06-24 10:13:10,629.1,1729301
2021-06-24 10:13:11,629.05,1729438
2021-06-24 10:13:12,629.15,1729488
2021-06-24 10:13:13,629.15,1729506
2021-06-24 10:13:14,629.1,1729521
2021-06-24 10:13:15,629.15,1729566
2021-06-24 10:13:16,629.1,1729581
2021-06-24 10:13:17,629.2,1729597
2021-06-24 10:13:18,629.2,1729923
2021-06-24 10:13:19,629.15,1730030
2021-06-24 10:13:20,629.15,1730065
2021-06-24 10:13:21,629.15,1730087
2021-06-24 10:13:22,629.15,1730099
2021-06-24 10:13:23,629.2,1730203
2021-06-24 10:13:24,629.2,1730308
2021-06-24 10:13:25,629.15,1730343
2021-06-24 10:13:26,629.2,1730484
2021-06-24 10:13:27,629.15,1730530
2021-06-24 10:13:28,629.2,1730747
2021-06-24 10:13:29,629.15,1730819
2021-06-24 10:13:30,629.15,1730843
2021-06-24 10:13:31,629.15,1731019
2021-06-24 10:13:33,629.1,1731234
2021-06-24 10:13:34,629.1,1731252
2021-06-24 10:13:35,629.15,1731264
2021-06-24 10:13:36,629.2,1731888
2021-06-24 10:13:37,629.05,1732094
2021-06-24 10:13:39,629.2,1732479
2021-06-24 10:13:40,629.15,1732777
2021-06-24 10:13:41,629.25,1733318
2021-06-24 10:13:42,629.25,1733755
2021-06-24 10:13:43,629.05,1733900
2021-06-24 10:13:44,629.05,1733948
2021-06-24 10:13:45,629.2,1733983
2021-06-24 10:13:46,629.05,1734995
2021-06-24 10:13:47,629.25,1735503
2021-06-24 10:13:48,629.2,1735672
2021-06-24 10:13:49,629.25,1736248
2021-06-24 10:13:50,629.2,1736488
2021-06-24 10:13:51,629.05,1736568
2021-06-24 10:13:52,629.0,1737450
2021-06-24 10:13:53,629.25,1737911
2021-06-24 10:13:54,629.15,1738065
2021-06-24 10:13:56,629.15,1738322
2021-06-24 10:13:57,629.2,1738486
2021-06-24 10:13:58,629.25,1738712
2021-06-24 10:13:59,629.25,1738787
2021-06-24 10:14:00,629.2,1738812
2021-06-24 10:14:01,629.2,1738821
2021-06-24 10:14:02,629.25,1738849
2021-06-24 10:14:03,629.2,1738859
2021-06-24 10:14:04,629.25,1739362
2021-06-24 10:14:05,629.2,1739586
2021-06-24 10:14:06,629.2,1739660
2021-06-24 10:14:07,629.15,1739985
2021-06-24 10:14:08,629.05,1740093
2021-06-24 10:14:09,629.2,1740168
2021-06-24 10:14:10,629.2,1740218
2021-06-24 10:14:11,629.2,1740369
2021-06-24 10:14:12,629.2,1740429
2021-06-24 10:14:13,629.2,1740449
2021-06-24 10:14:14,629.25,1740498
2021-06-24 10:14:15,629.05,1740514
2021-06-24 10:14:16,629.2,1740523
2021-06-24 10:14:17,629.2,1740536
2021-06-24 10:14:18,629.2,1740754
2021-06-24 10:14:19,629.15,1740826
2021-06-24 10:14:20,629.15,1740850
2021-06-24 10:14:21,629.15,1740858
2021-06-24 10:14:22,629.2,1740995
2021-06-24 10:14:24,629.15,1741202
2021-06-24 10:14:23,629.2,1741151
2021-06-24 10:14:25,629.2,1741229
2021-06-24 10:14:26,629.05,1741738
2021-06-24 10:14:27,629.05,1741906
2021-06-24 10:14:28,629.15,1741961
2021-06-24 10:14:29,629.2,1742090
2021-06-24 10:14:30,629.2,1742166
2021-06-24 10:14:32,629.2,1742200
2021-06-24 10:14:31,629.2,1742191
2021-06-24 10:14:33,629.25,1742344
2021-06-24 10:14:34,629.25,1742399
2021-06-24 10:14:35,629.2,1742432
2021-06-24 10:14:36,629.05,1742523
2021-06-24 10:14:37,629.05,1742553
2021-06-24 10:14:38,629.2,1742727
2021-06-24 10:14:39,629.05,1742955
2021-06-24 10:14:40,629.15,1743222
2021-06-24 10:14:42,629.05,1743310
2021-06-24 10:14:42,629.1,1743339
2021-06-24 10:14:43,629.2,1743400
2021-06-24 10:14:44,629.1,1744631
2021-06-24 10:14:45,629.1,1747284
2021-06-24 10:14:46,629.0,1748015
2021-06-24 10:14:47,629.0,1749877
2021-06-24 10:14:49,628.95,1750576
2021-06-24 10:14:50,628.9,1750820
2021-06-24 10:14:50,628.9,1750820
2021-06-24 10:14:51,629.0,1750832
2021-06-24 10:14:52,629.0,1750908
2021-06-24 10:14:53,629.0,1750918
2021-06-24 10:14:54,629.0,1751159
2021-06-24 10:14:55,628.95,1751381
2021-06-24 10:14:57,629.0,1751489
2021-06-24 10:14:58,629.0,1751506
2021-06-24 10:14:58,629.0,1751506
2021-06-24 10:14:59,629.0,1751736
2021-06-24 10:15:00,629.0,1751836
2021-06-24 10:15:01,628.95,1751960
2021-06-24 10:15:02,628.9,1752165
2021-06-24 10:15:03,628.9,1752165
2021-06-24 10:15:04,628.85,1752326
2021-06-24 10:15:06,628.95,1752338
2021-06-24 10:15:07,628.85,1752371
2021-06-24 10:15:09,628.95,1752418
2021-06-24 10:15:09,628.95,1752418
2021-06-24 10:15:10,628.95,1752739
2021-06-24 10:15:11,628.95,1752780
2021-06-24 10:15:12,629.0,1752783
2021-06-24 10:15:13,628.95,1752943
2021-06-24 10:15:14,629.0,1753109
2021-06-24 10:15:15,629.1,1753582
2021-06-24 10:15:17,629.1,1753992
2021-06-24 10:15:17,629.0,1754322
2021-06-24 10:15:18,628.95,1757250
2021-06-24 10:15:19,629.1,1757666
2021-06-24 10:15:20,628.95,1758653
2021-06-24 10:15:21,629.1,1758664
2021-06-24 10:15:23,629.1,1758668
2021-06-24 10:15:23,629.1,1758671
2021-06-24 10:15:25,629.2,1758907
2021-06-24 10:15:26,629.25,1758942
2021-06-24 10:15:27,629.15,1758969
2021-06-24 10:15:28,629.1,1759999
2021-06-24 10:15:30,629.25,1760467
2021-06-24 10:15:31,629.25,1760647
2021-06-24 10:15:31,629.2,1760706
2021-06-24 10:15:32,629.2,1760726
2021-06-24 10:15:33,629.15,1761405
2021-06-24 10:15:34,629.15,1761630
2021-06-24 10:15:37,629.05,1761985
2021-06-24 10:15:37,629.0,1762078
2021-06-24 10:15:38,629.1,1762129
2021-06-24 10:15:39,629.1,1762315
2021-06-24 10:15:40,629.05,1762377
2021-06-24 10:15:41,629.1,1762397
2021-06-24 10:15:42,629.1,1762432
2021-06-24 10:15:44,629.15,1762738
2021-06-24 10:15:44,629.05,1762654
2021-06-24 10:15:45,629.05,1762765
2021-06-24 10:15:46,629.15,1762775
2021-06-24 10:15:47,629.0,1763277
2021-06-24 10:15:48,629.0,1763703
2021-06-24 10:15:50,629.0,1763948
2021-06-24 10:15:51,629.0,1764045
2021-06-24 10:15:52,629.0,1764113
2021-06-24 10:15:53,629.0,1764204
2021-06-24 10:15:54,629.0,1764697
2021-06-24 10:15:56,629.0,1765326
2021-06-24 10:15:56,629.0,1765047
2021-06-24 10:15:57,629.0,1765670
2021-06-24 10:15:58,629.0,1765772
2021-06-24 10:15:59,629.0,1765945
2021-06-24 10:16:00,629.0,1765945
2021-06-24 10:16:02,629.0,1766011
2021-06-24 10:16:02,629.0,1766092
2021-06-24 10:16:03,629.0,1766093
2021-06-24 10:16:04,629.0,1766093
2021-06-24 10:16:05,629.0,1766094
2021-06-24 10:16:06,629.0,1766269
2021-06-24 10:16:08,628.95,1766839
2021-06-24 10:16:10,629.0,1767352
2021-06-24 10:16:10,629.0,1767352
2021-06-24 10:16:11,629.0,1767393
2021-06-24 10:16:12,628.95,1767618
2021-06-24 10:16:14,629.0,1768678
2021-06-24 10:16:15,629.0,1768680
2021-06-24 10:16:17,629.0,1769362
2021-06-24 10:16:17,629.0,1769535
2021-06-24 10:16:18,629.0,1769580
2021-06-24 10:16:19,628.95,1771927
2021-06-24 10:16:20,629.15,1772002
2021-06-24 10:16:21,629.25,1772335
2021-06-24 10:16:23,629.25,1772455
2021-06-24 10:16:23,629.0,1772495
2021-06-24 10:16:24,629.25,1772582
2021-06-24 10:16:25,629.05,1772711
2021-06-24 10:16:26,629.2,1772755
2021-06-24 10:16:27,629.2,1772789
2021-06-24 10:16:28,629.15,1772972
2021-06-24 10:16:30,629.15,1773094
2021-06-24 10:16:31,629.1,1773334
2021-06-24 10:16:31,629.05,1773413
2021-06-24 10:16:33,629.0,1773448
2021-06-24 10:16:34,629.1,1773451
2021-06-24 10:16:35,629.1,1773452
2021-06-24 10:16:37,629.25,1776036
2021-06-24 10:16:37,629.1,1775334
2021-06-24 10:16:38,629.3,1776880
2021-06-24 10:16:39,629.25,1777401
2021-06-24 10:16:40,629.25,1777574
2021-06-24 10:16:41,629.2,1777718
2021-06-24 10:16:43,629.2,1777766
2021-06-24 10:16:43,629.2,1777782
2021-06-24 10:16:44,629.2,1777787
2021-06-24 10:16:45,629.25,1777960
2021-06-24 10:16:46,629.25,1778061
2021-06-24 10:16:47,629.2,1778094
2021-06-24 10:16:48,629.2,1778260
2021-06-24 10:16:49,629.25,1778491
2021-06-24 10:16:50,629.2,1778567
2021-06-24 10:16:51,629.05,1779830
2021-06-24 10:16:52,629.15,1780376
2021-06-24 10:16:53,629.25,1780666
2021-06-24 10:16:54,629.15,1780772
2021-06-24 10:16:55,628.95,1786129
2021-06-24 10:16:56,629.1,1786489
2021-06-24 10:16:58,629.0,1786607
2021-06-24 10:16:58,629.1,1787040
2021-06-24 10:17:00,629.15,1787840
2021-06-24 10:17:00,629.1,1788136
2021-06-24 10:17:02,628.95,1788216
2021-06-24 10:17:03,628.95,1788216
2021-06-24 10:17:04,629.0,1788218
2021-06-24 10:17:06,628.85,1790075
2021-06-24 10:17:07,629.1,1790841
2021-06-24 10:17:08,629.0,1790904
2021-06-24 10:17:09,629.15,1790930
2021-06-24 10:17:10,629.05,1791139
2021-06-24 10:17:11,629.1,1791209
2021-06-24 10:17:13,629.05,1791432
2021-06-24 10:17:14,629.0,1791505
2021-06-24 10:17:14,629.05,1791529
2021-06-24 10:17:15,629.2,1791644
2021-06-24 10:17:16,629.0,1791682
2021-06-24 10:17:17,629.0,1791695
2021-06-24 10:17:18,629.05,1791699
2021-06-24 10:17:19,629.25,1791802
2021-06-24 10:17:20,629.2,1791836
2021-06-24 10:17:21,629.25,1792207
2021-06-24 10:17:22,629.3,1792544
2021-06-24 10:17:23,629.15,1792655
2021-06-24 10:17:24,629.25,1792805
2021-06-24 10:17:25,629.15,1792854
2021-06-24 10:17:26,629.2,1792873
2021-06-24 10:17:27,629.2,1792879
2021-06-24 10:17:29,629.2,1793140
2021-06-24 10:17:31,629.2,1793512
2021-06-24 10:17:31,629.15,1793694
2021-06-24 10:17:33,629.15,1793756
2021-06-24 10:17:33,629.1,1793776
2021-06-24 10:17:35,629.15,1793785
2021-06-24 10:17:36,629.15,1793790
2021-06-24 10:17:38,629.15,1793791
2021-06-24 10:17:39,629.15,1794060
2021-06-24 10:17:40,629.0,1794149
2021-06-24 10:17:41,629.1,1794178
2021-06-24 10:17:42,629.15,1794261
2021-06-24 10:17:43,629.15,1794329
2021-06-24 10:17:44,629.1,1794401
2021-06-24 10:17:45,629.1,1794425
2021-06-24 10:17:46,629.1,1794439
2021-06-24 10:17:47,629.1,1794459
2021-06-24 10:17:48,629.1,1794515
2021-06-24 10:17:49,629.15,1795006
2021-06-24 10:17:50,629.15,1795313
2021-06-24 10:17:51,629.2,1795424
2021-06-24 10:17:52,629.1,1795596
2021-06-24 10:17:53,629.2,1795663
2021-06-24 10:17:54,629.1,1795689
2021-06-24 10:17:55,629.05,1795697
2021-06-24 10:17:56,629.25,1795988
2021-06-24 10:17:58,629.2,1796088
2021-06-24 10:17:58,629.05,1796121
2021-06-24 10:17:59,629.2,1796133
2021-06-24 10:18:00,629.25,1796437
2021-06-24 10:18:01,629.15,1796537
2021-06-24 10:18:03,629.2,1796803
2021-06-24 10:18:04,629.25,1796925
2021-06-24 10:18:05,629.3,1796966
2021-06-24 10:18:06,629.15,1797135
2021-06-24 10:18:07,629.15,1797190
2021-06-24 10:18:08,629.3,1797233
2021-06-24 10:18:10,629.3,1797261
2021-06-24 10:18:11,629.2,1797270
2021-06-24 10:18:12,629.3,1797274
2021-06-24 10:18:13,629.2,1797275
2021-06-24 10:18:14,629.35,1797419
2021-06-24 10:18:14,629.2,1797466
2021-06-24 10:18:15,629.3,1797485
2021-06-24 10:18:17,629.15,1797775
2021-06-24 10:18:17,629.15,1797925
2021-06-24 10:18:18,629.35,1798175
2021-06-24 10:18:19,629.3,1798389
2021-06-24 10:18:20,629.25,1798637
2021-06-24 10:18:21,629.25,1798779
2021-06-24 10:18:22,629.15,1798826
2021-06-24 10:18:23,629.25,1798976
2021-06-24 10:18:24,629.2,1799026
2021-06-24 10:18:25,629.25,1799053
2021-06-24 10:18:26,629.2,1799092
2021-06-24 10:18:27,629.25,1799331
2021-06-24 10:18:28,629.15,1799410
2021-06-24 10:18:30,629.45,1800108
2021-06-24 10:18:31,629.4,1800496
2021-06-24 10:18:31,629.4,1800768
2021-06-24 10:18:33,629.15,1800912
2021-06-24 10:18:33,629.45,1800876
2021-06-24 10:18:34,629.45,1800946
2021-06-24 10:18:35,629.2,1800957
2021-06-24 10:18:36,629.25,1801087
2021-06-24 10:18:37,629.5,1801435
2021-06-24 10:18:38,629.5,1801803
2021-06-24 10:18:40,629.5,1801940
2021-06-24 10:18:41,629.2,1802883
2021-06-24 10:18:41,629.25,1802649
2021-06-24 10:18:42,629.25,1802970
2021-06-24 10:18:43,629.25,1803370
2021-06-24 10:18:44,629.4,1803807
2021-06-24 10:18:45,629.3,1803998
2021-06-24 10:18:46,629.25,1804740
2021-06-24 10:18:47,629.25,1805141
2021-06-24 10:18:48,629.25,1805445
2021-06-24 10:18:49,629.25,1805552
2021-06-24 10:18:50,629.2,1805587
2021-06-24 10:18:51,629.2,1805598
2021-06-24 10:18:53,629.2,1805605
2021-06-24 10:18:54,629.35,1805675
2021-06-24 10:18:55,629.4,1805743
2021-06-24 10:18:56,629.3,1805945
2021-06-24 10:18:57,629.2,1806012
2021-06-24 10:18:58,629.2,1806073
2021-06-24 10:19:00,629.25,1806567
2021-06-24 10:19:01,629.2,1806730
2021-06-24 10:19:02,629.2,1806784
2021-06-24 10:19:03,629.25,1806808
2021-06-24 10:19:04,629.25,1807101
2021-06-24 10:19:05,629.25,1807248
2021-06-24 10:19:06,629.25,1807298
2021-06-24 10:19:07,629.25,1807315
2021-06-24 10:19:08,629.45,1807475
2021-06-24 10:19:09,629.35,1808023
2021-06-24 10:19:10,629.25,1808207
2021-06-24 10:19:10,629.2,1808268
2021-06-24 10:19:12,629.25,1808294
2021-06-24 10:19:13,629.45,1808604
2021-06-24 10:19:13,629.2,1808706
2021-06-24 10:19:14,629.25,1808741
2021-06-24 10:19:16,629.25,1808808
2021-06-24 10:19:17,629.25,1809083
2021-06-24 10:19:18,629.5,1809541
2021-06-24 10:19:19,629.25,1809910
2021-06-24 10:19:19,629.2,1810997
2021-06-24 10:19:20,629.25,1811805
2021-06-24 10:19:21,629.25,1812343
2021-06-24 10:19:22,629.15,1812613
2021-06-24 10:19:23,629.25,1812833
2021-06-24 10:19:24,629.25,1813103
2021-06-24 10:19:25,629.45,1813313
2021-06-24 10:19:26,629.15,1813382
2021-06-24 10:19:27,629.2,1813405
2021-06-24 10:19:28,629.25,1813586
2021-06-24 10:19:29,629.25,1813647
2021-06-24 10:19:30,629.4,1813904
2021-06-24 10:19:31,629.25,1814009
2021-06-24 10:19:32,629.25,1814165
2021-06-24 10:19:34,629.25,1814778
2021-06-24 10:19:33,629.25,1814401
2021-06-24 10:19:35,629.25,1814928
2021-06-24 10:19:36,629.2,1815052
2021-06-24 10:19:37,629.2,1815395
2021-06-24 10:19:39,629.35,1815737
2021-06-24 10:19:40,629.25,1818895
2021-06-24 10:19:41,629.25,1821986
2021-06-24 10:19:42,629.3,1824383
2021-06-24 10:19:42,629.25,1825624
2021-06-24 10:19:44,629.25,1826274
2021-06-24 10:19:44,629.05,1826488
2021-06-24 10:19:45,629.1,1826559
2021-06-24 10:19:47,629.1,1826582
2021-06-24 10:19:48,629.25,1826665
2021-06-24 10:19:49,629.1,1826692
2021-06-24 10:19:50,629.35,1826872
2021-06-24 10:19:51,629.2,1826932
2021-06-24 10:19:51,629.2,1826951
2021-06-24 10:19:52,629.2,1826958
2021-06-24 10:19:53,629.2,1826960
2021-06-24 10:19:54,629.25,1827490
2021-06-24 10:19:55,629.25,1827671
2021-06-24 10:19:56,629.1,1827731
2021-06-24 10:19:58,629.15,1827756
2021-06-24 10:19:58,629.2,1828017
2021-06-24 10:19:59,629.1,1828118
2021-06-24 10:20:01,629.2,1828198
2021-06-24 10:20:02,629.1,1828224
2021-06-24 10:20:03,629.1,1828683
2021-06-24 10:20:04,629.0,1828834
2021-06-24 10:20:05,629.0,1830198
2021-06-24 10:20:06,628.9,1830501
2021-06-24 10:20:08,629.0,1830859
2021-06-24 10:20:08,629.0,1830862
2021-06-24 10:20:10,629.0,1831054
2021-06-24 10:20:10,629.0,1831060
2021-06-24 10:20:11,628.8,1831765
2021-06-24 10:20:12,628.8,1831765
2021-06-24 10:20:13,629.0,1831766
2021-06-24 10:20:15,629.0,1831769
2021-06-24 10:20:16,628.95,1831865
2021-06-24 10:20:17,629.0,1831909
2021-06-24 10:20:18,628.95,1832199
2021-06-24 10:20:19,629.0,1832371
2021-06-24 10:20:20,629.0,1832674
2021-06-24 10:20:21,629.2,1832878
2021-06-24 10:20:22,629.1,1833135
2021-06-24 10:20:23,629.1,1835083
2021-06-24 10:20:25,628.8,1837100
2021-06-24 10:20:25,628.85,1837150
2021-06-24 10:20:26,629.0,1837297
2021-06-24 10:20:27,629.0,1837297
2021-06-24 10:20:28,629.0,1837297
2021-06-24 10:20:29,629.0,1837297
2021-06-24 10:20:30,628.95,1837301
2021-06-24 10:20:31,629.0,1837318
2021-06-24 10:20:33,629.0,1837349
2021-06-24 10:20:34,629.0,1837539
2021-06-24 10:20:35,629.1,1838040
2021-06-24 10:20:36,629.0,1838205
2021-06-24 10:20:37,629.15,1838429
2021-06-24 10:20:38,629.05,1838486
2021-06-24 10:20:39,629.15,1838615
2021-06-24 10:20:40,629.15,1838662
2021-06-24 10:20:41,629.05,1838928
2021-06-24 10:20:42,629.05,1839040
2021-06-24 10:20:44,629.1,1839134
2021-06-24 10:20:44,629.15,1839170
2021-06-24 10:20:45,629.15,1839183
2021-06-24 10:20:46,629.05,1839187
2021-06-24 10:20:47,629.05,1839248
2021-06-24 10:20:48,629.1,1839446
2021-06-24 10:20:49,629.05,1839512
2021-06-24 10:20:50,629.1,1839535
2021-06-24 10:20:51,629.1,1839542
2021-06-24 10:20:52,629.1,1839654
2021-06-24 10:20:53,629.05,1839897
2021-06-24 10:20:55,629.1,1840150
2021-06-24 10:20:56,629.0,1840184
2021-06-24 10:20:57,629.0,1841003
2021-06-24 10:20:59,629.05,1841296
2021-06-24 10:21:00,629.1,1841399
2021-06-24 10:21:01,629.05,1841636
2021-06-24 10:21:02,629.2,1842715
2021-06-24 10:21:02,629.0,1843071
2021-06-24 10:21:03,629.25,1846124
2021-06-24 10:21:04,629.25,1868938
2021-06-24 10:21:05,629.0,1878075
2021-06-24 10:21:07,629.0,1880074
2021-06-24 10:21:08,629.0,1880600
2021-06-24 10:21:09,629.0,1880600
2021-06-24 10:21:10,628.95,1880650
2021-06-24 10:21:12,629.0,1880965
2021-06-24 10:21:13,629.0,1881006
2021-06-24 10:21:14,629.0,1881129
2021-06-24 10:21:15,629.0,1881129
2021-06-24 10:21:16,629.0,1881295
2021-06-24 10:21:17,628.95,1881352
2021-06-24 10:21:18,629.0,1881762
2021-06-24 10:21:19,629.0,1882561
2021-06-24 10:21:20,629.05,1883748
2021-06-24 10:21:21,629.25,1884320
2021-06-24 10:21:21,629.2,1884803
2021-06-24 10:21:22,628.95,1884995
2021-06-24 10:21:23,629.25,1885579
2021-06-24 10:21:24,629.25,1885840
2021-06-24 10:21:25,629.05,1885926
2021-06-24 10:21:26,629.25,1886025
2021-06-24 10:21:28,629.1,1886182
2021-06-24 10:21:29,629.25,1886235
2021-06-24 10:21:30,629.25,1886272
2021-06-24 10:21:31,629.25,1886345
2021-06-24 10:21:32,629.3,1886504
2021-06-24 10:21:33,629.3,1886558
2021-06-24 10:21:34,629.3,1886691
2021-06-24 10:21:35,629.35,1886764
2021-06-24 10:21:36,629.25,1886826
2021-06-24 10:21:36,629.2,1886847
2021-06-24 10:21:37,629.25,1887232
2021-06-24 10:21:38,629.35,1887527
2021-06-24 10:21:39,629.25,1887802
2021-06-24 10:21:40,629.25,1887934
2021-06-24 10:21:42,629.2,1887987
2021-06-24 10:21:43,629.0,1888235
2021-06-24 10:21:44,629.2,1888318
2021-06-24 10:21:45,629.2,1888345
2021-06-24 10:21:46,629.2,1888365
2021-06-24 10:21:47,629.25,1888372
2021-06-24 10:21:48,629.2,1888375
2021-06-24 10:21:49,629.3,1888582
2021-06-24 10:21:50,629.2,1888650
2021-06-24 10:21:51,629.35,1888891
2021-06-24 10:21:52,629.2,1889088
2021-06-24 10:21:53,629.2,1889153
2021-06-24 10:21:54,629.35,1889244
2021-06-24 10:21:55,629.25,1889484
2021-06-24 10:21:56,629.25,1889619
2021-06-24 10:21:57,629.25,1889664
2021-06-24 10:21:58,629.2,1889679
2021-06-24 10:21:59,629.25,1889866
2021-06-24 10:21:59,629.25,1889929
2021-06-24 10:22:00,629.2,1889950
2021-06-24 10:22:02,629.25,1889996
2021-06-24 10:22:04,629.3,1890090
2021-06-24 10:22:05,629.25,1890173
2021-06-24 10:22:06,629.2,1890215
2021-06-24 10:22:07,629.2,1890252
2021-06-24 10:22:08,629.2,1890275
2021-06-24 10:22:08,629.25,1890526
2021-06-24 10:22:10,629.35,1891058
2021-06-24 10:22:11,629.25,1891933
2021-06-24 10:22:12,629.35,1892496
2021-06-24 10:22:13,629.25,1892842
2021-06-24 10:22:14,629.25,1893081
2021-06-24 10:22:15,629.25,1894729
2021-06-24 10:22:16,629.25,1895300
2021-06-24 10:22:17,629.2,1895488
2021-06-24 10:22:18,629.25,1896211
2021-06-24 10:22:20,629.25,1896818
2021-06-24 10:22:19,629.2,1896658
2021-06-24 10:22:21,629.25,1896876
2021-06-24 10:22:22,629.1,1897682
2021-06-24 10:22:23,628.95,1897863
2021-06-24 10:22:24,629.0,1898033
2021-06-24 10:22:24,629.1,1897991
2021-06-24 10:22:26,629.1,1898268
2021-06-24 10:22:27,629.0,1898346
2021-06-24 10:22:28,629.05,1899922
2021-06-24 10:22:29,629.0,1900443
2021-06-24 10:22:30,629.15,1900617
2021-06-24 10:22:31,629.1,1900695
2021-06-24 10:22:32,629.1,1901392
2021-06-24 10:22:34,629.0,1903376
2021-06-24 10:22:35,629.0,1903984
2021-06-24 10:22:35,629.0,1903984
2021-06-24 10:22:38,629.05,1904660
2021-06-24 10:22:39,629.05,1905192
2021-06-24 10:22:39,629.0,1905368
2021-06-24 10:22:40,629.0,1905576
2021-06-24 10:22:41,629.0,1905748
2021-06-24 10:22:42,629.0,1905804
2021-06-24 10:22:43,629.0,1905804
2021-06-24 10:22:44,629.0,1905824
2021-06-24 10:22:45,629.0,1905830
2021-06-24 10:22:47,629.1,1905834
2021-06-24 10:22:48,629.05,1905837
2021-06-24 10:22:48,629.1,1906030
2021-06-24 10:22:49,629.1,1906329
2021-06-24 10:22:51,629.05,1906449
2021-06-24 10:22:52,629.1,1906556
2021-06-24 10:22:53,629.05,1906592
2021-06-24 10:22:54,629.1,1906651
2021-06-24 10:22:55,629.1,1906879
2021-06-24 10:22:56,629.05,1906981
2021-06-24 10:22:57,629.05,1907015
2021-06-24 10:22:58,629.05,1907026
2021-06-24 10:22:59,629.05,1907219
2021-06-24 10:23:00,629.05,1907584
2021-06-24 10:23:01,629.05,1907809
2021-06-24 10:23:02,629.05,1907883
2021-06-24 10:23:03,629.1,1907910
2021-06-24 10:23:03,629.05,1907919
2021-06-24 10:23:05,629.1,1907932
2021-06-24 10:23:06,629.1,1908093
2021-06-24 10:23:07,629.0,1908496
2021-06-24 10:23:08,629.1,1908631
2021-06-24 10:23:09,629.05,1908975
2021-06-24 10:23:10,629.0,1909089
2021-06-24 10:23:11,629.05,1909127
2021-06-24 10:23:12,629.1,1909143
2021-06-24 10:23:13,629.1,1909199
2021-06-24 10:23:14,629.05,1909488
2021-06-24 10:23:15,629.0,1909921
2021-06-24 10:23:16,629.1,1910995
2021-06-24 10:23:17,629.0,1911572
2021-06-24 10:23:18,629.0,1911998
2021-06-24 10:23:19,629.1,1912600
2021-06-24 10:23:20,629.05,1912860
2021-06-24 10:23:21,629.1,1914258
2021-06-24 10:23:22,629.1,1915023
2021-06-24 10:23:23,629.25,1916995
2021-06-24 10:23:24,629.0,1917646
2021-06-24 10:23:25,629.1,1918039
2021-06-24 10:23:26,629.25,1919166
2021-06-24 10:23:27,629.15,1919548
2021-06-24 10:23:28,629.2,1920016
2021-06-24 10:23:29,629.2,1920425
2021-06-24 10:23:31,629.2,1920604
2021-06-24 10:23:30,629.15,1920559
2021-06-24 10:23:32,629.2,1920619
2021-06-24 10:23:33,629.2,1920624
2021-06-24 10:23:34,629.2,1920625
2021-06-24 10:23:35,629.2,1920763
2021-06-24 10:23:36,629.3,1920971
2021-06-24 10:23:37,629.2,1921040
2021-06-24 10:23:38,629.3,1921132
2021-06-24 10:23:39,629.25,1921163
2021-06-24 10:23:40,629.25,1921429
2021-06-24 10:23:41,629.25,1921563
2021-06-24 10:23:42,629.2,1921669
2021-06-24 10:23:43,629.25,1921709
2021-06-24 10:23:44,629.25,1921763
2021-06-24 10:23:45,629.2,1921781
2021-06-24 10:23:46,629.2,1921793
2021-06-24 10:23:47,629.25,1921819
2021-06-24 10:23:49,629.25,1922136
2021-06-24 10:23:50,629.2,1922207
2021-06-24 10:23:51,629.2,1922231
2021-06-24 10:23:52,629.2,1922238
2021-06-24 10:23:53,629.25,1922252
2021-06-24 10:23:54,629.25,1922345
2021-06-24 10:23:55,629.25,1922381
2021-06-24 10:23:56,629.2,1922393
2021-06-24 10:23:57,629.25,1922498
2021-06-24 10:23:58,629.15,1923883
2021-06-24 10:23:59,629.25,1924495
2021-06-24 10:24:00,629.25,1924697
2021-06-24 10:24:02,629.25,1925395
2021-06-24 10:24:03,629.25,1925498
2021-06-24 10:24:04,629.4,1925929
2021-06-24 10:24:06,629.25,1926598
2021-06-24 10:24:05,629.25,1926372
2021-06-24 10:24:07,629.05,1926698
2021-06-24 10:24:08,629.25,1926742
2021-06-24 10:24:09,629.25,1926771
2021-06-24 10:24:10,629.15,1926781
2021-06-24 10:24:11,629.25,1926796
2021-06-24 10:24:12,629.25,1926831
2021-06-24 10:24:13,629.25,1926998
2021-06-24 10:24:14,629.25,1927055
2021-06-24 10:24:15,629.35,1927225
2021-06-24 10:24:16,629.25,1927291
2021-06-24 10:24:17,629.2,1927313
2021-06-24 10:24:18,629.2,1927321
2021-06-24 10:24:19,629.25,1927648
2021-06-24 10:24:20,629.25,1927758
2021-06-24 10:24:22,629.25,1927887
2021-06-24 10:24:21,629.25,1927824
2021-06-24 10:24:23,629.2,1927913
2021-06-24 10:24:24,629.3,1927993
2021-06-24 10:24:25,629.25,1928033
2021-06-24 10:24:26,629.2,1928106
2021-06-24 10:24:28,629.2,1928253
2021-06-24 10:24:27,629.25,1928216
2021-06-24 10:24:29,629.25,1928437
2021-06-24 10:24:30,629.25,1928503
2021-06-24 10:24:31,629.2,1928525
2021-06-24 10:24:32,629.2,1928532
2021-06-24 10:24:33,629.2,1928545
2021-06-24 10:24:34,629.25,1928667
2021-06-24 10:24:35,629.35,1929015
2021-06-24 10:24:36,629.35,1929316
2021-06-24 10:24:37,629.2,1929416
2021-06-24 10:24:38,629.25,1929601
2021-06-24 10:24:39,629.25,1929855
2021-06-24 10:24:40,629.4,1930109
2021-06-24 10:24:41,629.35,1930272
2021-06-24 10:24:42,629.2,1930375
2021-06-24 10:24:43,629.15,1930409
2021-06-24 10:24:44,629.35,1930422
2021-06-24 10:24:45,629.2,1930427
2021-06-24 10:24:46,629.2,1930428
2021-06-24 10:24:47,629.35,1930438
2021-06-24 10:24:48,629.2,1930442
2021-06-24 10:24:49,629.35,1930622
2021-06-24 10:24:50,629.3,1931491
2021-06-24 10:24:51,629.25,1931995
2021-06-24 10:24:52,629.25,1932214
2021-06-24 10:24:53,629.2,1932286
2021-06-24 10:24:54,629.25,1932381
2021-06-24 10:24:57,629.25,1932446
2021-06-24 10:24:58,629.25,1932614
2021-06-24 10:24:59,629.2,1932845
2021-06-24 10:25:00,629.25,1932994
2021-06-24 10:25:01,629.2,1936015
2021-06-24 10:25:02,629.25,1937274
2021-06-24 10:25:03,629.25,1937825
2021-06-24 10:25:04,629.5,1938253
2021-06-24 10:25:05,629.5,1939703
2021-06-24 10:25:06,629.5,1940610
2021-06-24 10:25:07,629.5,1941033
2021-06-24 10:25:08,629.5,1941176
2021-06-24 10:25:09,629.6,1941609
2021-06-24 10:25:10,629.7,1941949
2021-06-24 10:25:11,629.7,1942325
2021-06-24 10:25:12,629.7,1942619
2021-06-24 10:25:13,629.65,1942717
2021-06-24 10:25:14,629.7,1942909
2021-06-24 10:25:15,629.7,1943026
2021-06-24 10:25:16,629.65,1943065
2021-06-24 10:25:17,629.65,1943078
2021-06-24 10:25:18,629.65,1943217
2021-06-24 10:25:19,629.7,1943478
2021-06-24 10:25:20,629.7,1943653
2021-06-24 10:25:21,629.7,1943788
2021-06-24 10:25:22,629.7,1943902
2021-06-24 10:25:23,629.75,1943942
2021-06-24 10:25:24,629.7,1944961
2021-06-24 10:25:25,629.55,1945297
2021-06-24 10:25:26,629.65,1945408
2021-06-24 10:25:27,629.8,1947196
