timestamp,ltp,volume
2021-06-24 09:34:38,204.1,1433384
2021-06-24 09:34:41,204.1,1433482
2021-06-24 09:34:45,204.1,1433638
2021-06-24 09:34:47,204.05,1444109
2021-06-24 09:34:50,204.15,1444417
2021-06-24 09:34:53,204.1,1445977
2021-06-24 09:34:56,204.05,1446619
2021-06-24 09:34:59,204.15,1448994
2021-06-24 09:35:02,204.15,1449144
2021-06-24 09:35:06,204.15,1449439
2021-06-24 09:35:09,204.15,1449573
2021-06-24 09:35:12,204.15,1450356
2021-06-24 09:35:15,204.15,1450580
2021-06-24 09:35:18,204.15,1450826
2021-06-24 09:35:20,204.15,1451034
2021-06-24 09:35:23,204.15,1451639
2021-06-24 09:35:26,204.05,1451983
2021-06-24 09:35:30,204.15,1452812
2021-06-24 09:35:33,204.15,1452903
2021-06-24 09:35:36,204.15,1453665
2021-06-24 09:35:39,204.15,1453852
2021-06-24 09:35:43,204.1,1456020
2021-06-24 09:35:46,204.1,1461631
2021-06-24 09:35:49,204.1,1466953
2021-06-24 09:35:52,204.1,1467078
2021-06-24 09:35:55,204.1,1469492
2021-06-24 09:35:58,204.1,1471913
2021-06-24 09:36:01,204.1,1472076
2021-06-24 09:36:04,204.1,1472923
2021-06-24 09:36:08,204.1,1473446
2021-06-24 09:36:10,204.1,1473646
2021-06-24 09:36:13,204.1,1474700
2021-06-24 09:36:16,204.05,1474816
2021-06-24 09:36:19,204.1,1474841
2021-06-24 09:36:22,204.1,1475084
2021-06-24 09:36:25,204.1,1477249
2021-06-24 09:36:27,204.05,1479356
2021-06-24 09:36:30,204.1,1479365
2021-06-24 09:36:33,204.1,1479520
2021-06-24 09:36:36,204.1,1479608
2021-06-24 09:36:39,204.05,1484757
2021-06-24 09:36:41,204.05,1484988
2021-06-24 09:36:44,204.05,1487735
2021-06-24 09:36:47,204.05,1489739
2021-06-24 09:36:50,204.05,1489798
2021-06-24 09:36:53,204.1,1490389
2021-06-24 09:36:55,204.1,1490445
2021-06-24 09:36:59,204.05,1491585
2021-06-24 09:37:02,204.1,1491751
2021-06-24 09:37:04,204.1,1492745
2021-06-24 09:37:07,204.1,1492845
2021-06-24 09:37:10,204.05,1492981
2021-06-24 09:37:13,204.1,1493159
2021-06-24 09:37:16,204.1,1494051
2021-06-24 09:37:19,204.1,1496809
2021-06-24 09:37:22,204.1,1497041
2021-06-24 09:37:25,204.05,1498109
2021-06-24 09:37:28,204.05,1498913
2021-06-24 09:37:31,204.0,1499253
2021-06-24 09:37:34,204.05,1500602
2021-06-24 09:37:36,204.05,1501203
2021-06-24 09:37:39,204.05,1501521
2021-06-24 09:37:43,204.1,1502467
2021-06-24 09:37:45,204.1,1502755
2021-06-24 09:37:48,204.05,1502931
2021-06-24 09:37:51,204.05,1503337
2021-06-24 09:37:53,204.05,1503353
2021-06-24 09:37:56,204.1,1506380
2021-06-24 09:37:59,204.1,1506432
2021-06-24 09:38:02,204.1,1506483
2021-06-24 09:38:05,204.05,1506676
2021-06-24 09:38:08,204.05,1506849
2021-06-24 09:38:11,204.0,1508286
2021-06-24 09:38:14,204.1,1508566
2021-06-24 09:38:17,204.05,1508611
2021-06-24 09:38:20,204.1,1525957
2021-06-24 09:38:23,204.05,1526325
2021-06-24 09:38:25,204.1,1526345
2021-06-24 09:38:28,204.1,1527047
2021-06-24 09:38:31,204.05,1527089
2021-06-24 09:38:34,204.1,1527155
2021-06-24 09:38:37,204.15,1527741
2021-06-24 09:38:40,204.05,1528355
2021-06-24 09:38:43,204.1,1528368
2021-06-24 09:38:46,204.1,1528507
2021-06-24 09:38:49,204.15,1534956
2021-06-24 09:38:52,204.2,1535999
2021-06-24 09:38:55,204.2,1536757
2021-06-24 09:38:58,204.2,1537478
2021-06-24 09:39:01,204.2,1537512
2021-06-24 09:39:03,204.2,1537865
2021-06-24 09:39:06,204.2,1537930
2021-06-24 09:39:09,204.2,1539935
2021-06-24 09:39:12,204.2,1540425
2021-06-24 09:39:15,204.2,1540781
2021-06-24 09:39:18,204.15,1541707
2021-06-24 09:39:23,204.2,1542198
2021-06-24 09:39:25,204.15,1542280
2021-06-24 09:39:28,204.2,1546848
2021-06-24 09:39:30,204.2,1547000
2021-06-24 09:39:33,204.2,1547848
2021-06-24 09:39:35,204.2,1549861
2021-06-24 09:39:38,204.2,1551005
2021-06-24 09:39:40,204.2,1554447
2021-06-24 09:39:43,204.25,1555705
2021-06-24 09:39:45,204.25,1556082
2021-06-24 09:39:48,204.25,1556192
2021-06-24 09:39:51,204.25,1556258
2021-06-24 09:39:53,204.25,1556343
2021-06-24 09:39:56,204.25,1578916
2021-06-24 09:39:59,204.25,1582640
2021-06-24 09:40:02,204.25,1589379
2021-06-24 09:40:05,204.25,1589749
2021-06-24 09:40:08,204.25,1590225
2021-06-24 09:40:11,204.3,1590427
2021-06-24 09:40:14,204.2,1591268
2021-06-24 09:40:17,204.2,1609145
2021-06-24 09:40:21,204.2,1612023
2021-06-24 09:40:24,204.2,1613135
2021-06-24 09:40:27,204.25,1613425
2021-06-24 09:40:30,204.25,1614983
2021-06-24 09:40:32,204.25,1614998
2021-06-24 09:40:35,204.2,1615028
2021-06-24 09:40:38,204.2,1616828
2021-06-24 09:40:41,204.25,1617059
2021-06-24 09:40:44,204.15,1621182
2021-06-24 09:40:47,204.15,1621461
2021-06-24 09:40:50,204.2,1625011
2021-06-24 09:40:52,204.15,1627369
2021-06-24 09:40:55,204.2,1628164
2021-06-24 09:40:58,204.15,1628749
2021-06-24 09:41:01,204.15,1628917
2021-06-24 09:41:03,204.25,1629053
2021-06-24 09:41:06,204.15,1629137
2021-06-24 09:41:09,204.15,1629239
2021-06-24 09:41:12,204.2,1629259
2021-06-24 09:41:15,204.2,1631446
2021-06-24 09:41:18,204.2,1632217
2021-06-24 09:41:23,204.15,1635264
2021-06-24 09:41:26,204.15,1635863
2021-06-24 09:41:29,204.15,1636769
2021-06-24 09:41:32,204.2,1636926
2021-06-24 09:41:35,204.15,1636937
2021-06-24 09:41:37,204.25,1644046
2021-06-24 09:41:40,204.2,1644060
2021-06-24 09:41:43,204.15,1646118
2021-06-24 09:41:46,204.2,1647362
2021-06-24 09:41:48,204.15,1650694
2021-06-24 09:41:51,204.2,1651108
2021-06-24 09:41:53,204.15,1651234
2021-06-24 09:41:56,204.2,1651307
2021-06-24 09:41:59,204.2,1656841
2021-06-24 09:42:01,204.15,1657216
2021-06-24 09:42:04,204.2,1663280
2021-06-24 09:42:08,204.2,1664154
2021-06-24 09:42:10,204.15,1671610
2021-06-24 09:42:13,204.25,1672421
2021-06-24 09:42:16,204.2,1675186
2021-06-24 09:42:19,204.2,1677122
2021-06-24 09:42:23,204.3,1678342
2021-06-24 09:42:25,204.2,1679681
2021-06-24 09:42:28,204.2,1679965
2021-06-24 09:42:31,204.2,1680239
2021-06-24 09:42:33,204.2,1680336
2021-06-24 09:42:36,204.15,1688528
2021-06-24 09:42:39,204.2,1692754
2021-06-24 09:42:42,204.15,1698545
2021-06-24 09:42:45,204.15,1701291
2021-06-24 09:42:47,204.25,1702450
2021-06-24 09:42:50,204.2,1702887
2021-06-24 09:42:53,204.2,1702977
2021-06-24 09:42:55,204.15,1722492
2021-06-24 09:42:58,204.1,1722640
2021-06-24 09:43:03,204.15,1726073
2021-06-24 09:43:06,204.2,1728297
2021-06-24 09:43:09,204.2,1728316
2021-06-24 09:43:11,204.15,1728769
2021-06-24 09:43:14,204.2,1728971
2021-06-24 09:43:17,204.2,1729109
2021-06-24 09:43:20,204.2,1730204
2021-06-24 09:43:22,204.15,1730354
2021-06-24 09:43:25,204.2,1730596
2021-06-24 09:43:28,204.2,1732205
2021-06-24 09:43:31,204.15,1732348
2021-06-24 09:43:34,204.2,1733154
2021-06-24 09:43:36,204.15,1733233
2021-06-24 09:43:41,204.15,1733992
2021-06-24 09:43:47,204.15,1736767
2021-06-24 09:43:49,204.15,1737196
2021-06-24 09:43:52,204.15,1737504
2021-06-24 09:43:55,204.15,1737889
2021-06-24 09:43:57,204.2,1738197
2021-06-24 09:44:00,204.2,1738908
2021-06-24 09:44:03,204.15,1739141
2021-06-24 09:44:06,204.15,1766567
2021-06-24 09:44:08,204.15,1766884
2021-06-24 09:44:11,204.05,1767937
2021-06-24 09:44:14,204.2,1771440
2021-06-24 09:44:20,204.1,1772202
2021-06-24 09:44:22,204.2,1772424
2021-06-24 09:44:25,204.1,1772634
2021-06-24 09:44:27,204.25,1774635
2021-06-24 09:44:30,204.15,1774989
2021-06-24 09:44:33,204.15,1779597
2021-06-24 09:44:39,204.15,1781258
2021-06-24 09:44:42,204.1,1782878
2021-06-24 09:44:45,204.2,1783645
2021-06-24 09:44:48,204.2,1784149
2021-06-24 09:44:51,204.1,1784796
2021-06-24 09:44:54,204.1,1785059
2021-06-24 09:44:56,204.15,1785185
2021-06-24 09:44:58,204.2,1785892
2021-06-24 09:45:01,204.2,1785919
2021-06-24 09:45:05,204.2,1786496
2021-06-24 09:45:07,204.2,1787468
2021-06-24 09:45:10,204.15,1787531
2021-06-24 09:45:13,204.2,1787648
2021-06-24 09:45:15,204.2,1787675
2021-06-24 09:45:18,204.15,1799926
2021-06-24 09:45:21,204.2,1801839
2021-06-24 09:45:23,204.2,1802043
2021-06-24 09:45:26,204.15,1802424
2021-06-24 09:45:29,204.2,1806134
2021-06-24 09:45:31,204.2,1808088
2021-06-24 09:45:34,204.1,1809829
2021-06-24 09:45:37,204.2,1810015
2021-06-24 09:45:40,204.2,1810225
2021-06-24 09:45:43,204.2,1810418
2021-06-24 09:45:45,204.2,1810458
2021-06-24 09:45:48,204.15,1810485
2021-06-24 09:45:51,204.15,1810659
2021-06-24 09:45:54,204.2,1810725
2021-06-24 09:45:56,204.15,1811007
2021-06-24 09:45:59,204.15,1829399
2021-06-24 09:46:02,204.15,1829874
2021-06-24 09:46:05,204.2,1833046
2021-06-24 09:46:08,204.15,1833405
2021-06-24 09:46:11,204.05,1879492
2021-06-24 09:46:13,204.1,1884237
2021-06-24 09:46:16,204.15,1884917
2021-06-24 09:46:19,204.1,1884926
2021-06-24 09:46:22,204.15,1885933
2021-06-24 09:46:24,204.15,1886447
2021-06-24 09:46:27,204.05,1886969
2021-06-24 09:46:30,204.05,1887190
2021-06-24 09:46:32,204.05,1887450
2021-06-24 09:46:35,204.1,1887619
2021-06-24 09:46:37,204.05,1887646
2021-06-24 09:46:40,204.05,1887846
2021-06-24 09:46:43,204.1,1887917
2021-06-24 09:46:45,204.1,1890067
2021-06-24 09:46:48,204.1,1890409
2021-06-24 09:46:51,204.05,1890781
2021-06-24 09:46:54,204.05,1891812
2021-06-24 09:46:57,204.05,1897305
2021-06-24 09:47:01,204.0,1912685
2021-06-24 09:47:13,204.05,1920109
2021-06-24 09:47:17,204.0,1920785
2021-06-24 09:47:20,204.1,1920981
2021-06-24 09:47:22,204.05,1921551
2021-06-24 09:47:25,204.0,1924800
2021-06-24 09:47:28,204.1,1925258
2021-06-24 09:47:31,204.0,1925391
2021-06-24 09:47:34,204.0,1925507
2021-06-24 09:47:37,204.0,1925545
2021-06-24 09:47:40,204.0,1926495
2021-06-24 09:47:43,204.05,1926656
2021-06-24 09:47:46,204.0,1929528
2021-06-24 09:47:48,204.0,1930058
2021-06-24 09:47:51,204.1,1930613
2021-06-24 09:47:54,204.0,1930729
2021-06-24 09:47:57,204.1,1937231
2021-06-24 09:48:00,204.1,1942733
2021-06-24 09:48:03,204.0,1943064
2021-06-24 09:48:06,204.0,1945234
2021-06-24 09:48:09,204.1,1956083
2021-06-24 09:48:13,204.05,1956984
2021-06-24 09:48:16,204.05,1961394
2021-06-24 09:48:19,204.05,1962648
2021-06-24 09:48:22,204.1,1969252
2021-06-24 09:48:25,204.1,1969573
2021-06-24 09:48:28,204.05,1970284
2021-06-24 09:48:31,204.1,1975700
2021-06-24 09:48:34,204.1,1976203
2021-06-24 09:48:36,204.05,1976545
2021-06-24 09:48:39,204.1,1977616
2021-06-24 09:48:41,204.1,1978061
2021-06-24 09:48:44,204.0,1985262
2021-06-24 09:48:47,204.0,1996898
2021-06-24 09:48:50,204.05,1998126
2021-06-24 09:48:53,204.0,1998352
2021-06-24 09:48:56,204.0,2000952
2021-06-24 09:48:59,204.0,2001424
2021-06-24 09:49:02,204.05,2001544
2021-06-24 09:49:04,204.0,2001740
2021-06-24 09:49:07,204.0,2002418
2021-06-24 09:49:10,204.0,2003062
2021-06-24 09:49:12,204.0,2003175
2021-06-24 09:49:15,204.05,2004417
2021-06-24 09:49:18,204.05,2004445
2021-06-24 09:49:20,204.0,2006746
2021-06-24 09:49:23,204.0,2007079
2021-06-24 09:49:26,204.0,2009137
2021-06-24 09:49:29,204.05,2009498
2021-06-24 09:49:32,204.05,2010437
2021-06-24 09:49:35,204.0,2010777
2021-06-24 09:49:38,204.05,2011198
2021-06-24 09:49:41,204.05,2011903
2021-06-24 09:49:45,204.0,2015160
2021-06-24 09:49:47,204.0,2015652
2021-06-24 09:49:54,204.0,2016226
2021-06-24 09:49:57,204.0,2016484
2021-06-24 09:50:00,204.05,2016853
2021-06-24 09:50:03,204.0,2017701
2021-06-24 09:50:06,204.05,2017911
2021-06-24 09:50:09,204.0,2020531
2021-06-24 09:50:12,204.0,2076298
2021-06-24 09:50:15,203.95,2087181
2021-06-24 09:50:18,204.0,2088645
2021-06-24 09:50:20,204.0,2089740
2021-06-24 09:50:24,203.95,2090556
2021-06-24 09:50:27,204.0,2092131
2021-06-24 09:50:30,203.95,2092277
2021-06-24 09:50:33,203.95,2092575
2021-06-24 09:50:36,203.95,2092812
2021-06-24 09:50:39,203.95,2092986
2021-06-24 09:50:42,203.95,2093065
2021-06-24 09:50:45,203.9,2094138
2021-06-24 09:50:48,203.9,2095335
2021-06-24 09:50:51,203.9,2095508
2021-06-24 09:50:54,203.9,2096225
2021-06-24 09:50:57,204.0,2103086
2021-06-24 09:51:00,203.95,2104756
2021-06-24 09:51:03,203.95,2105472
2021-06-24 09:51:06,203.95,2106878
2021-06-24 09:51:08,203.95,2108099
2021-06-24 09:51:11,203.9,2111316
2021-06-24 09:51:14,203.95,2111864
2021-06-24 09:51:17,203.95,2113859
2021-06-24 09:51:24,203.95,2114521
2021-06-24 09:51:27,203.95,2114566
2021-06-24 09:51:29,203.9,2115684
2021-06-24 09:51:32,203.95,2116949
2021-06-24 09:51:35,203.9,2121149
2021-06-24 09:51:37,203.85,2123443
2021-06-24 09:51:40,203.85,2129776
2021-06-24 09:51:43,203.9,2131141
2021-06-24 09:51:45,203.9,2132118
2021-06-24 09:51:48,203.95,2133749
2021-06-24 09:51:51,203.9,2147628
2021-06-24 09:51:54,203.85,2152250
2021-06-24 09:51:56,203.85,2152712
2021-06-24 09:51:59,203.9,2154021
2021-06-24 09:52:02,203.9,2154561
2021-06-24 09:52:05,203.9,2154940
2021-06-24 09:52:08,203.95,2155002
2021-06-24 09:52:11,203.95,2155005
2021-06-24 09:52:14,203.95,2155847
2021-06-24 09:52:17,203.95,2156093
2021-06-24 09:52:19,203.95,2157079
2021-06-24 09:52:22,203.95,2157173
2021-06-24 09:52:24,203.85,2161457
2021-06-24 09:52:27,203.85,2165060
2021-06-24 09:52:30,203.9,2165430
2021-06-24 09:52:32,203.9,2165452
2021-06-24 09:52:35,203.9,2165545
2021-06-24 09:52:38,203.9,2166382
2021-06-24 09:52:40,203.9,2167789
2021-06-24 09:52:43,203.95,2168060
2021-06-24 09:52:49,203.9,2168656
2021-06-24 09:52:51,203.9,2168768
2021-06-24 09:52:54,203.85,2168796
2021-06-24 09:52:56,203.9,2171030
2021-06-24 09:52:59,203.9,2171035
2021-06-24 09:53:02,203.85,2171531
2021-06-24 09:53:05,203.9,2172815
2021-06-24 09:53:08,203.95,2173809
2021-06-24 09:53:10,203.95,2173860
2021-06-24 09:53:13,203.9,2173946
2021-06-24 09:53:16,203.9,2174600
2021-06-24 09:53:19,203.95,2177347
2021-06-24 09:53:22,203.85,2178014
2021-06-24 09:53:25,203.95,2179450
2021-06-24 09:53:28,203.95,2179666
2021-06-24 09:53:31,203.95,2179840
2021-06-24 09:53:34,203.9,2180469
2021-06-24 09:53:37,203.95,2180611
2021-06-24 09:53:40,203.95,2181076
2021-06-24 09:53:42,203.95,2182094
2021-06-24 09:53:47,203.9,2197049
2021-06-24 09:53:50,203.85,2217218
2021-06-24 09:53:53,203.8,2222142
2021-06-24 09:53:56,203.8,2223198
2021-06-24 09:53:58,203.9,2223428
2021-06-24 09:54:01,203.9,2223712
2021-06-24 09:54:04,203.9,2225116
2021-06-24 09:54:07,203.85,2225662
2021-06-24 09:54:09,203.85,2225857
2021-06-24 09:54:12,203.9,2226746
2021-06-24 09:54:15,203.9,2227554
2021-06-24 09:54:17,203.8,2228600
2021-06-24 09:54:20,203.8,2228976
2021-06-24 09:54:23,203.9,2232603
2021-06-24 09:54:26,203.9,2233052
2021-06-24 09:54:29,203.9,2233932
2021-06-24 09:54:31,203.85,2234489
2021-06-24 09:54:34,203.85,2236168
2021-06-24 09:54:37,203.9,2237209
2021-06-24 09:54:40,203.8,2240478
2021-06-24 09:54:42,203.9,2241441
2021-06-24 09:54:45,203.85,2243058
2021-06-24 09:54:48,203.85,2247345
2021-06-24 09:54:50,203.85,2253030
2021-06-24 09:54:53,203.8,2254074
2021-06-24 09:54:55,203.85,2254514
2021-06-24 09:54:58,203.8,2256852
2021-06-24 09:55:00,203.85,2257629
2021-06-24 09:55:03,203.8,2258503
2021-06-24 09:55:06,203.85,2258958
2021-06-24 09:55:08,203.85,2259659
2021-06-24 09:55:11,203.8,2259725
2021-06-24 09:55:14,203.9,2266161
2021-06-24 09:55:17,203.9,2266922
2021-06-24 09:55:19,203.9,2267038
2021-06-24 09:55:22,203.9,2268804
2021-06-24 09:55:25,203.8,2271812
2021-06-24 09:55:27,203.8,2272331
2021-06-24 09:55:30,203.85,2272619
2021-06-24 09:55:33,203.9,2272741
2021-06-24 09:55:36,203.9,2273329
2021-06-24 09:55:39,203.85,2273427
2021-06-24 09:55:42,203.9,2273868
2021-06-24 09:55:44,203.85,2274218
2021-06-24 09:55:47,203.8,2274835
2021-06-24 09:55:50,203.8,2275219
2021-06-24 09:55:52,203.85,2276096
2021-06-24 09:55:55,203.85,2286654
2021-06-24 09:55:58,203.8,2287086
2021-06-24 09:56:01,203.8,2288288
2021-06-24 09:56:06,203.85,2292308
2021-06-24 09:56:10,203.85,2293054
2021-06-24 09:56:13,203.9,2296122
2021-06-24 09:56:16,203.85,2297521
2021-06-24 09:56:19,203.9,2298833
2021-06-24 09:56:23,203.85,2308702
2021-06-24 09:56:26,203.9,2309894
2021-06-24 09:56:29,203.9,2310175
2021-06-24 09:56:32,203.9,2324404
2021-06-24 09:56:35,203.85,2324599
2021-06-24 09:56:40,203.9,2326105
2021-06-24 09:56:43,203.85,2326259
2021-06-24 09:56:45,203.95,2326376
2021-06-24 09:56:47,203.9,2326377
2021-06-24 09:56:50,203.95,2326487
2021-06-24 09:56:52,203.85,2328050
2021-06-24 09:56:54,203.9,2328366
2021-06-24 09:56:57,203.95,2328917
2021-06-24 09:56:59,203.95,2329120
2021-06-24 09:57:01,203.95,2329172
2021-06-24 09:57:04,203.95,2329773
2021-06-24 09:57:06,203.85,2331289
2021-06-24 09:57:09,203.95,2334589
2021-06-24 09:57:11,203.85,2334767
2021-06-24 09:57:14,203.85,2335395
2021-06-24 09:57:17,203.95,2335524
2021-06-24 09:57:19,203.9,2336354
2021-06-24 09:57:22,203.95,2342962
2021-06-24 09:57:24,203.95,2343019
2021-06-24 09:57:27,203.9,2343604
2021-06-24 09:57:30,203.85,2343606
2021-06-24 09:57:33,203.85,2346463
2021-06-24 09:57:36,203.95,2351969
2021-06-24 09:57:38,203.9,2352113
2021-06-24 09:57:41,203.85,2352305
2021-06-24 09:57:44,203.9,2354665
2021-06-24 09:57:47,203.9,2355950
2021-06-24 09:57:49,203.9,2357902
2021-06-24 09:57:52,203.9,2358072
2021-06-24 09:57:54,203.9,2358089
2021-06-24 09:57:57,203.9,2359996
2021-06-24 09:57:59,203.85,2361092
2021-06-24 09:58:02,203.95,2361197
2021-06-24 09:58:05,203.95,2361301
2021-06-24 09:58:07,203.85,2361413
2021-06-24 09:58:09,203.9,2361430
2021-06-24 09:58:11,203.9,2361874
2021-06-24 09:58:14,203.9,2363963
2021-06-24 09:58:16,203.9,2372742
2021-06-24 09:58:19,203.9,2372832
2021-06-24 09:58:22,203.95,2374198
2021-06-24 09:58:25,203.9,2374199
2021-06-24 09:58:28,203.8,2376268
2021-06-24 09:58:30,203.9,2379335
2021-06-24 09:58:36,203.9,2379846
2021-06-24 09:58:39,203.9,2380740
2021-06-24 09:58:41,203.9,2380854
2021-06-24 09:58:44,203.85,2381875
2021-06-24 09:58:47,203.9,2381967
2021-06-24 09:58:50,203.85,2382043
2021-06-24 09:58:53,203.85,2382149
2021-06-24 09:58:55,203.85,2382371
2021-06-24 09:58:58,203.9,2382499
2021-06-24 09:59:00,203.9,2382586
2021-06-24 09:59:02,203.9,2382587
2021-06-24 09:59:05,203.85,2382664
2021-06-24 09:59:07,203.9,2382711
2021-06-24 09:59:10,203.9,2383434
2021-06-24 09:59:12,203.85,2383646
2021-06-24 09:59:15,203.9,2383701
2021-06-24 09:59:18,203.85,2383935
2021-06-24 09:59:21,203.85,2384265
2021-06-24 09:59:23,203.9,2384628
2021-06-24 09:59:26,203.9,2384688
2021-06-24 09:59:28,203.9,2389443
2021-06-24 09:59:31,203.85,2389816
2021-06-24 09:59:34,203.85,2390700
2021-06-24 09:59:36,203.9,2391158
2021-06-24 09:59:39,203.8,2396168
2021-06-24 09:59:42,203.9,2399257
2021-06-24 09:59:44,203.9,2400657
2021-06-24 09:59:46,203.9,2401887
2021-06-24 09:59:49,203.85,2406394
2021-06-24 09:59:52,203.85,2409055
2021-06-24 09:59:54,203.9,2409719
2021-06-24 09:59:57,203.9,2410081
2021-06-24 09:59:59,203.9,2410181
2021-06-24 10:00:02,203.85,2412326
2021-06-24 10:00:05,203.9,2413801
2021-06-24 10:00:08,203.9,2414178
2021-06-24 10:00:10,203.9,2414365
2021-06-24 10:00:13,203.9,2414575
2021-06-24 10:00:15,203.95,2414825
2021-06-24 10:00:18,203.95,2414925
2021-06-24 10:00:21,203.95,2415286
2021-06-24 10:00:23,203.95,2415568
2021-06-24 10:00:26,203.9,2415616
2021-06-24 10:00:28,203.95,2416060
2021-06-24 10:00:31,203.9,2416816
2021-06-24 10:00:34,203.95,2417316
2021-06-24 10:00:37,203.9,2417398
2021-06-24 10:00:39,203.9,2419536
2021-06-24 10:00:42,203.95,2420904
2021-06-24 10:00:44,203.95,2421394
2021-06-24 10:00:47,203.9,2422481
2021-06-24 10:00:50,203.9,2422795
2021-06-24 10:00:53,203.85,2423065
2021-06-24 10:00:55,203.9,2423371
2021-06-24 10:00:57,203.95,2423539
2021-06-24 10:00:59,203.9,2423615
2021-06-24 10:01:02,203.9,2423846
2021-06-24 10:01:04,203.95,2425199
2021-06-24 10:01:06,203.85,2426552
2021-06-24 10:01:08,203.9,2426977
2021-06-24 10:01:13,203.9,2427512
2021-06-24 10:01:15,203.95,2427634
2021-06-24 10:01:17,203.9,2428273
2021-06-24 10:01:19,203.95,2430959
2021-06-24 10:01:22,203.9,2431584
2021-06-24 10:01:24,203.9,2432670
2021-06-24 10:01:26,203.9,2432982
2021-06-24 10:01:28,203.9,2433063
2021-06-24 10:01:30,203.9,2433076
2021-06-24 10:01:33,203.9,2433405
2021-06-24 10:01:35,203.9,2433611
2021-06-24 10:01:38,203.9,2433745
2021-06-24 10:01:40,203.9,2433856
2021-06-24 10:01:42,203.9,2433903
2021-06-24 10:01:45,203.85,2434495
2021-06-24 10:01:47,203.9,2436121
2021-06-24 10:01:50,203.85,2436944
2021-06-24 10:01:52,203.95,2437154
2021-06-24 10:01:55,203.85,2437273
2021-06-24 10:01:57,203.85,2439417
2021-06-24 10:01:59,203.85,2442022
2021-06-24 10:02:02,203.95,2443164
2021-06-24 10:02:04,203.85,2443402
2021-06-24 10:02:06,203.9,2443992
2021-06-24 10:02:09,203.9,2446384
2021-06-24 10:02:11,203.85,2446796
2021-06-24 10:02:13,203.9,2447894
2021-06-24 10:02:16,203.85,2448089
2021-06-24 10:02:18,203.9,2449151
2021-06-24 10:02:21,203.85,2449800
2021-06-24 10:02:23,203.9,2450084
2021-06-24 10:02:28,203.9,2450391
2021-06-24 10:02:30,203.85,2451022
2021-06-24 10:02:32,203.8,2451236
2021-06-24 10:02:35,203.8,2452820
2021-06-24 10:02:37,203.85,2453776
2021-06-24 10:02:40,203.85,2453924
2021-06-24 10:02:42,203.9,2454648
2021-06-24 10:02:45,203.9,2456453
2021-06-24 10:02:51,203.9,2458174
2021-06-24 10:02:54,203.9,2459245
2021-06-24 10:02:57,203.8,2459811
2021-06-24 10:03:00,203.8,2459922
2021-06-24 10:03:02,203.8,2460200
2021-06-24 10:03:05,203.85,2460532
2021-06-24 10:03:08,203.85,2460782
2021-06-24 10:03:11,203.9,2461131
2021-06-24 10:03:13,203.85,2461254
2021-06-24 10:03:15,203.9,2461358
2021-06-24 10:03:18,203.85,2461411
2021-06-24 10:03:20,203.85,2461735
2021-06-24 10:03:23,203.85,2461933
2021-06-24 10:03:25,203.9,2464246
2021-06-24 10:03:27,203.8,2466406
2021-06-24 10:03:30,203.9,2466994
2021-06-24 10:03:32,203.8,2467741
2021-06-24 10:03:35,203.9,2468433
2021-06-24 10:03:37,203.9,2468628
2021-06-24 10:03:39,203.85,2468773
2021-06-24 10:03:41,203.85,2468932
2021-06-24 10:03:43,203.9,2469225
2021-06-24 10:03:45,203.9,2469511
2021-06-24 10:03:47,203.9,2469901
2021-06-24 10:03:50,203.85,2470395
2021-06-24 10:03:52,203.8,2470851
2021-06-24 10:03:54,203.9,2471119
2021-06-24 10:03:56,203.9,2471299
2021-06-24 10:03:59,203.9,2471527
2021-06-24 10:04:01,203.9,2471724
2021-06-24 10:04:04,203.85,2472017
2021-06-24 10:04:05,203.9,2472203
2021-06-24 10:04:07,203.85,2472291
2021-06-24 10:04:10,203.95,2473135
2021-06-24 10:04:12,203.9,2473658
2021-06-24 10:04:14,203.9,2474682
2021-06-24 10:04:16,203.9,2477093
2021-06-24 10:04:18,203.85,2477410
2021-06-24 10:04:20,203.85,2484769
2021-06-24 10:04:23,203.85,2490762
2021-06-24 10:04:25,203.85,2492280
2021-06-24 10:04:27,203.85,2493320
2021-06-24 10:04:30,203.8,2519552
2021-06-24 10:04:32,203.7,2534961
2021-06-24 10:04:34,203.8,2536316
2021-06-24 10:04:36,203.8,2537786
2021-06-24 10:04:39,203.7,2537810
2021-06-24 10:04:41,203.85,2539589
2021-06-24 10:04:43,203.8,2539627
2021-06-24 10:04:45,203.85,2540604
2021-06-24 10:04:48,203.75,2540994
2021-06-24 10:04:50,203.85,2541275
2021-06-24 10:04:52,203.8,2541355
2021-06-24 10:04:54,203.8,2541387
2021-06-24 10:04:56,203.85,2543169
2021-06-24 10:04:59,203.8,2543316
2021-06-24 10:05:01,203.75,2544419
2021-06-24 10:05:03,203.75,2544735
2021-06-24 10:05:05,203.75,2545593
2021-06-24 10:05:07,203.8,2545670
2021-06-24 10:05:09,203.7,2548651
2021-06-24 10:05:12,203.8,2550630
2021-06-24 10:05:14,203.8,2551113
2021-06-24 10:05:16,203.8,2551346
2021-06-24 10:05:19,203.8,2551625
2021-06-24 10:05:22,203.75,2552008
2021-06-24 10:05:24,203.75,2552508
2021-06-24 10:05:26,203.8,2552749
2021-06-24 10:05:29,203.8,2553983
2021-06-24 10:05:31,203.75,2554725
2021-06-24 10:05:33,203.8,2554927
2021-06-24 10:05:36,203.8,2555175
2021-06-24 10:05:38,203.8,2557060
2021-06-24 10:05:40,203.75,2559421
2021-06-24 10:05:43,203.7,2561245
2021-06-24 10:05:45,203.7,2561627
2021-06-24 10:05:47,203.7,2571032
2021-06-24 10:05:50,203.6,2578362
2021-06-24 10:05:52,203.7,2580165
2021-06-24 10:05:54,203.65,2592053
2021-06-24 10:05:57,203.6,2592711
2021-06-24 10:06:00,203.6,2602592
2021-06-24 10:06:02,203.7,2605170
2021-06-24 10:06:05,203.7,2610940
2021-06-24 10:06:07,203.65,2610982
2021-06-24 10:06:09,203.7,2614322
2021-06-24 10:06:11,203.7,2614712
2021-06-24 10:06:14,203.65,2614870
2021-06-24 10:06:16,203.65,2615046
2021-06-24 10:06:18,203.7,2617095
2021-06-24 10:06:21,203.7,2618274
2021-06-24 10:06:23,203.7,2618324
2021-06-24 10:06:25,203.65,2619215
2021-06-24 10:06:27,203.6,2622231
2021-06-24 10:06:29,203.65,2624804
2021-06-24 10:06:31,203.6,2625609
2021-06-24 10:06:34,203.7,2626582
2021-06-24 10:06:36,203.7,2627255
2021-06-24 10:06:38,203.7,2627861
2021-06-24 10:06:41,203.65,2628215
2021-06-24 10:06:44,203.65,2629068
2021-06-24 10:06:45,203.7,2629738
2021-06-24 10:06:46,203.7,2630349
2021-06-24 10:06:48,203.65,2630743
2021-06-24 10:06:48,203.7,2630756
2021-06-24 10:06:49,203.65,2631137
2021-06-24 10:06:51,203.75,2642496
2021-06-24 10:06:51,203.75,2642496
2021-06-24 10:06:52,203.7,2649090
2021-06-24 10:06:54,203.65,2649441
2021-06-24 10:06:55,203.65,2649558
2021-06-24 10:06:56,203.7,2650030
2021-06-24 10:06:57,203.7,2650087
2021-06-24 10:06:58,203.75,2650109
2021-06-24 10:06:59,203.75,2650230
2021-06-24 10:07:00,203.7,2650240
2021-06-24 10:07:01,203.75,2655105
2021-06-24 10:07:02,203.65,2657105
2021-06-24 10:07:04,203.75,2657528
2021-06-24 10:07:04,203.65,2657530
2021-06-24 10:07:05,203.65,2657781
2021-06-24 10:07:06,203.75,2657918
2021-06-24 10:07:07,203.7,2658858
2021-06-24 10:07:08,203.7,2659898
2021-06-24 10:07:09,203.7,2660300
2021-06-24 10:07:10,203.7,2660402
2021-06-24 10:07:11,203.7,2660556
2021-06-24 10:07:12,203.65,2660674
2021-06-24 10:07:13,203.65,2661325
2021-06-24 10:07:14,203.65,2661731
2021-06-24 10:07:15,203.7,2661849
2021-06-24 10:07:16,203.65,2661919
2021-06-24 10:07:17,203.65,2661936
2021-06-24 10:07:19,203.7,2662029
2021-06-24 10:07:20,203.7,2662044
2021-06-24 10:07:21,203.65,2662048
2021-06-24 10:07:22,203.7,2662109
2021-06-24 10:07:22,203.7,2662109
2021-06-24 10:07:23,203.7,2662110
2021-06-24 10:07:24,203.7,2662122
2021-06-24 10:07:25,203.65,2662127
2021-06-24 10:07:26,203.7,2662344
2021-06-24 10:07:27,203.65,2662351
2021-06-24 10:07:28,203.65,2662403
2021-06-24 10:07:29,203.7,2664406
2021-06-24 10:07:31,203.7,2665714
2021-06-24 10:07:31,203.7,2665714
2021-06-24 10:07:32,203.65,2665781
2021-06-24 10:07:33,203.65,2665783
2021-06-24 10:07:34,203.7,2665822
2021-06-24 10:07:35,203.75,2666380
2021-06-24 10:07:37,203.65,2666458
2021-06-24 10:07:37,203.7,2666462
2021-06-24 10:07:38,203.7,2666697
2021-06-24 10:07:39,203.7,2666711
2021-06-24 10:07:40,203.7,2667718
2021-06-24 10:07:41,203.7,2668031
2021-06-24 10:07:42,203.7,2668562
2021-06-24 10:07:45,203.65,2670479
2021-06-24 10:07:46,203.7,2672448
2021-06-24 10:07:47,203.7,2673565
2021-06-24 10:07:49,203.7,2674307
2021-06-24 10:07:50,203.65,2674743
2021-06-24 10:07:50,203.7,2674758
2021-06-24 10:07:52,203.65,2726212
2021-06-24 10:07:53,203.65,2729302
2021-06-24 10:07:54,203.6,2733924
2021-06-24 10:07:54,203.6,2734022
2021-06-24 10:07:55,203.55,2742702
2021-06-24 10:07:56,203.5,2764675
2021-06-24 10:07:57,203.5,2766392
2021-06-24 10:07:58,203.55,2768678
2021-06-24 10:07:59,203.55,2769877
2021-06-24 10:08:00,203.5,2769878
2021-06-24 10:08:02,203.55,2770032
2021-06-24 10:08:03,203.5,2770844
2021-06-24 10:08:03,203.5,2770869
2021-06-24 10:08:04,203.55,2771736
2021-06-24 10:08:05,203.55,2772279
2021-06-24 10:08:06,203.55,2772279
2021-06-24 10:08:07,203.5,2772285
2021-06-24 10:08:08,203.55,2772520
2021-06-24 10:08:09,203.5,2772685
2021-06-24 10:08:10,203.5,2772792
2021-06-24 10:08:11,203.5,2773322
2021-06-24 10:08:12,203.55,2773710
2021-06-24 10:08:13,203.5,2775193
2021-06-24 10:08:14,203.5,2776104
2021-06-24 10:08:15,203.55,2776549
2021-06-24 10:08:16,203.55,2777323
2021-06-24 10:08:17,203.5,2777657
2021-06-24 10:08:19,203.55,2777722
2021-06-24 10:08:20,203.6,2777802
2021-06-24 10:08:21,203.5,2779839
2021-06-24 10:08:22,203.6,2781091
2021-06-24 10:08:23,203.55,2781266
2021-06-24 10:08:24,203.6,2781334
2021-06-24 10:08:25,203.6,2782339
2021-06-24 10:08:26,203.55,2783391
2021-06-24 10:08:27,203.55,2783950
2021-06-24 10:08:27,203.55,2783967
2021-06-24 10:08:28,203.55,2784616
2021-06-24 10:08:29,203.6,2785337
2021-06-24 10:08:30,203.55,2785587
2021-06-24 10:08:31,203.5,2785763
2021-06-24 10:08:32,203.6,2788808
2021-06-24 10:08:33,203.55,2790263
2021-06-24 10:08:34,203.55,2791611
2021-06-24 10:08:36,203.55,2792679
2021-06-24 10:08:37,203.6,2793048
2021-06-24 10:08:38,203.55,2793205
2021-06-24 10:08:40,203.6,2793603
2021-06-24 10:08:41,203.55,2794331
2021-06-24 10:08:42,203.6,2795810
2021-06-24 10:08:42,203.5,2796010
2021-06-24 10:08:43,203.5,2796833
2021-06-24 10:08:45,203.6,2797146
2021-06-24 10:08:46,203.55,2797409
2021-06-24 10:08:46,203.6,2797423
2021-06-24 10:08:47,203.55,2797702
2021-06-24 10:08:50,203.6,2798374
2021-06-24 10:08:51,203.5,2798943
2021-06-24 10:08:52,203.55,2800499
2021-06-24 10:08:53,203.6,2801769
2021-06-24 10:08:53,203.55,2801810
2021-06-24 10:08:55,203.55,2844592
2021-06-24 10:08:56,203.55,2852559
2021-06-24 10:08:57,203.55,2852870
2021-06-24 10:08:58,203.4,2853024
2021-06-24 10:08:58,203.55,2853284
2021-06-24 10:09:00,203.5,2853344
2021-06-24 10:09:01,203.5,2855716
2021-06-24 10:09:01,203.5,2855718
2021-06-24 10:09:02,203.45,2856256
2021-06-24 10:09:05,203.5,2861568
2021-06-24 10:09:06,203.5,2861568
2021-06-24 10:09:07,203.45,2861751
2021-06-24 10:09:08,203.45,2861758
2021-06-24 10:09:09,203.5,2861760
2021-06-24 10:09:10,203.5,2861760
2021-06-24 10:09:11,203.4,2867250
2021-06-24 10:09:12,203.5,2867641
2021-06-24 10:09:13,203.5,2867641
2021-06-24 10:09:14,203.45,2867870
2021-06-24 10:09:15,203.45,2868027
2021-06-24 10:09:16,203.45,2868133
2021-06-24 10:09:16,203.45,2868133
2021-06-24 10:09:17,203.45,2870437
2021-06-24 10:09:19,203.45,2871585
2021-06-24 10:09:20,203.4,2871595
2021-06-24 10:09:21,203.45,2871840
2021-06-24 10:09:22,203.5,2873140
2021-06-24 10:09:23,203.5,2874059
2021-06-24 10:09:24,203.55,2874088
2021-06-24 10:09:25,203.5,2875370
2021-06-24 10:09:26,203.45,2875430
2021-06-24 10:09:27,203.55,2876467
2021-06-24 10:09:28,203.45,2880795
2021-06-24 10:09:30,203.45,2881104
2021-06-24 10:09:31,203.5,2881132
2021-06-24 10:09:32,203.5,2881166
2021-06-24 10:09:33,203.45,2881257
2021-06-24 10:09:34,203.45,2882276
2021-06-24 10:09:34,203.45,2882306
2021-06-24 10:09:35,203.55,2882317
2021-06-24 10:09:37,203.5,2898677
2021-06-24 10:09:37,203.5,2898667
2021-06-24 10:09:38,203.5,2898759
2021-06-24 10:09:40,203.5,2899410
2021-06-24 10:09:40,203.5,2899410
2021-06-24 10:09:42,203.5,2899703
2021-06-24 10:09:42,203.45,2899487
2021-06-24 10:09:43,203.55,2899733
2021-06-24 10:09:44,203.5,2900011
2021-06-24 10:09:45,203.5,2900039
2021-06-24 10:09:46,203.5,2900242
2021-06-24 10:09:47,203.55,2902749
2021-06-24 10:09:49,203.5,2903472
2021-06-24 10:09:50,203.5,2907572
2021-06-24 10:09:51,203.5,2907611
2021-06-24 10:09:54,203.55,2907832
2021-06-24 10:09:55,203.5,2907846
2021-06-24 10:09:56,203.5,2908752
2021-06-24 10:09:57,203.5,2909005
2021-06-24 10:09:57,203.5,2909012
2021-06-24 10:09:58,203.5,2909179
2021-06-24 10:09:59,203.5,2909207
2021-06-24 10:10:00,203.45,2911390
2021-06-24 10:10:02,203.55,2911962
2021-06-24 10:10:02,203.55,2911992
2021-06-24 10:10:03,203.5,2913122
2021-06-24 10:10:04,203.45,2913224
2021-06-24 10:10:06,203.55,2913634
2021-06-24 10:10:07,203.55,2914284
2021-06-24 10:10:08,203.55,2914783
2021-06-24 10:10:09,203.55,2914836
2021-06-24 10:10:09,203.55,2914836
2021-06-24 10:10:10,203.55,2914836
2021-06-24 10:10:11,203.45,2915049
2021-06-24 10:10:13,203.5,2915643
2021-06-24 10:10:13,203.5,2915673
2021-06-24 10:10:14,203.45,2915850
2021-06-24 10:10:16,203.5,2915883
2021-06-24 10:10:16,203.5,2915883
2021-06-24 10:10:17,203.5,2915988
2021-06-24 10:10:18,203.4,2924262
2021-06-24 10:10:19,203.5,2926602
2021-06-24 10:10:20,203.5,2926602
2021-06-24 10:10:21,203.5,2926910
2021-06-24 10:10:22,203.5,2932950
2021-06-24 10:10:23,203.4,2933268
2021-06-24 10:10:25,203.4,2933604
2021-06-24 10:10:26,203.5,2933841
2021-06-24 10:10:26,203.5,2933841
2021-06-24 10:10:28,203.4,2933850
2021-06-24 10:10:29,203.5,2934039
2021-06-24 10:10:30,203.5,2935039
2021-06-24 10:10:31,203.5,2935089
2021-06-24 10:10:33,203.5,2938083
2021-06-24 10:10:34,203.5,2938262
2021-06-24 10:10:35,203.5,2938262
2021-06-24 10:10:36,203.5,2938299
2021-06-24 10:10:37,203.5,2938964
2021-06-24 10:10:38,203.5,2939234
2021-06-24 10:10:41,203.45,2940921
2021-06-24 10:10:42,203.5,2941028
2021-06-24 10:10:43,203.45,2941109
2021-06-24 10:10:44,203.45,2941261
2021-06-24 10:10:45,203.5,2941267
2021-06-24 10:10:46,203.5,2941394
2021-06-24 10:10:47,203.5,2941408
2021-06-24 10:10:48,203.4,2946411
2021-06-24 10:10:49,203.45,2946723
2021-06-24 10:10:50,203.45,2952354
2021-06-24 10:10:51,203.45,2954801
2021-06-24 10:10:52,203.45,2955256
2021-06-24 10:10:53,203.4,2955257
2021-06-24 10:10:55,203.5,2961866
2021-06-24 10:10:56,203.5,2964554
2021-06-24 10:10:57,203.5,2964554
2021-06-24 10:10:58,203.4,2964648
2021-06-24 10:10:59,203.45,2964652
2021-06-24 10:11:00,203.5,2964677
2021-06-24 10:11:01,203.45,2964761
2021-06-24 10:11:02,203.45,2965298
2021-06-24 10:11:03,203.5,2965631
2021-06-24 10:11:03,203.5,2965631
2021-06-24 10:11:04,203.4,2966246
2021-06-24 10:11:05,203.4,2966272
2021-06-24 10:11:06,203.5,2966773
2021-06-24 10:11:08,203.5,2966773
2021-06-24 10:11:09,203.4,2966842
2021-06-24 10:11:10,203.4,2966843
2021-06-24 10:11:11,203.4,2966843
2021-06-24 10:11:12,203.5,2966927
2021-06-24 10:11:14,203.45,2967015
2021-06-24 10:11:15,203.45,2967037
2021-06-24 10:11:16,203.45,2967039
2021-06-24 10:11:17,203.5,2967349
2021-06-24 10:11:18,203.5,2967477
2021-06-24 10:11:19,203.5,2967527
2021-06-24 10:11:20,203.5,2967527
2021-06-24 10:11:21,203.5,2967585
2021-06-24 10:11:22,203.45,2967590
2021-06-24 10:11:23,203.45,2967600
2021-06-24 10:11:24,203.5,2967823
2021-06-24 10:11:25,203.5,2968066
2021-06-24 10:11:25,203.45,2967835
2021-06-24 10:11:26,203.5,2968117
2021-06-24 10:11:27,203.45,2968275
2021-06-24 10:11:28,203.5,2968281
2021-06-24 10:11:30,203.5,2968622
2021-06-24 10:11:31,203.5,2968643
2021-06-24 10:11:32,203.45,2968649
2021-06-24 10:11:33,203.45,2970690
2021-06-24 10:11:34,203.45,2973317
2021-06-24 10:11:35,203.45,2973331
2021-06-24 10:11:36,203.4,2973337
2021-06-24 10:11:37,203.45,2973349
2021-06-24 10:11:38,203.45,2973922
2021-06-24 10:11:39,203.45,2974095
2021-06-24 10:11:40,203.45,2974240
2021-06-24 10:11:41,203.4,2974244
2021-06-24 10:11:42,203.45,2974255
2021-06-24 10:11:43,203.4,2974285
2021-06-24 10:11:44,203.45,2974287
2021-06-24 10:11:45,203.4,2976092
2021-06-24 10:11:47,203.45,2976330
2021-06-24 10:11:50,203.4,2977486
2021-06-24 10:11:51,203.4,2977518
2021-06-24 10:11:52,203.4,2977669
2021-06-24 10:11:53,203.5,2977676
2021-06-24 10:11:54,203.4,2977929
2021-06-24 10:11:55,203.4,2977937
2021-06-24 10:11:55,203.5,2977972
2021-06-24 10:11:56,203.5,2977972
2021-06-24 10:11:58,203.5,2978011
2021-06-24 10:11:59,203.45,2978013
2021-06-24 10:11:59,203.45,2978013
2021-06-24 10:12:01,203.4,2980608
2021-06-24 10:12:02,203.45,2980786
2021-06-24 10:12:03,203.45,2980803
2021-06-24 10:12:04,203.5,2981009
2021-06-24 10:12:05,203.4,2981276
2021-06-24 10:12:07,203.4,2981398
2021-06-24 10:12:06,203.4,2981394
2021-06-24 10:12:08,203.4,2981549
2021-06-24 10:12:09,203.5,2981762
2021-06-24 10:12:10,203.45,2981968
2021-06-24 10:12:11,203.45,2982035
2021-06-24 10:12:12,203.45,2982094
2021-06-24 10:12:13,203.5,2982196
2021-06-24 10:12:15,203.45,2983731
2021-06-24 10:12:16,203.5,2989775
2021-06-24 10:12:17,203.5,2989847
2021-06-24 10:12:18,203.45,2990638
2021-06-24 10:12:19,203.45,2990662
2021-06-24 10:12:20,203.5,2991927
2021-06-24 10:12:21,203.5,2991989
2021-06-24 10:12:22,203.5,2993238
2021-06-24 10:12:23,203.5,2993243
2021-06-24 10:12:24,203.4,2993297
2021-06-24 10:12:25,203.5,2993359
2021-06-24 10:12:25,203.4,2993399
2021-06-24 10:12:27,203.4,2993608
2021-06-24 10:12:28,203.5,2993656
2021-06-24 10:12:29,203.5,2993656
2021-06-24 10:12:30,203.45,2993797
2021-06-24 10:12:31,203.5,2993811
2021-06-24 10:12:32,203.5,2993853
2021-06-24 10:12:33,203.45,2994310
2021-06-24 10:12:35,203.5,3009391
2021-06-24 10:12:36,203.5,3009441
2021-06-24 10:12:37,203.5,3009504
2021-06-24 10:12:38,203.5,3009529
2021-06-24 10:12:39,203.5,3009832
2021-06-24 10:12:40,203.5,3010448
2021-06-24 10:12:41,203.45,3010704
2021-06-24 10:12:42,203.55,3013423
2021-06-24 10:12:43,203.5,3013547
2021-06-24 10:12:44,203.4,3014147
2021-06-24 10:12:45,203.4,3014165
2021-06-24 10:12:46,203.45,3014253
2021-06-24 10:12:47,203.45,3014392
2021-06-24 10:12:48,203.5,3014434
2021-06-24 10:12:49,203.5,3014442
2021-06-24 10:12:50,203.5,3014512
2021-06-24 10:12:51,203.4,3014532
2021-06-24 10:12:52,203.5,3015683
2021-06-24 10:12:53,203.5,3015691
2021-06-24 10:12:54,203.5,3015763
2021-06-24 10:12:55,203.5,3015763
2021-06-24 10:12:56,203.5,3015774
2021-06-24 10:12:57,203.5,3015963
2021-06-24 10:12:58,203.5,3016063
2021-06-24 10:13:00,203.5,3018392
2021-06-24 10:13:01,203.45,3018593
2021-06-24 10:13:02,203.5,3018799
2021-06-24 10:13:03,203.45,3018816
2021-06-24 10:13:05,203.5,3020279
2021-06-24 10:13:07,203.45,3020642
2021-06-24 10:13:08,203.45,3020900
2021-06-24 10:13:09,203.5,3021051
2021-06-24 10:13:10,203.5,3021066
2021-06-24 10:13:11,203.5,3021207
2021-06-24 10:13:12,203.5,3022630
2021-06-24 10:13:13,203.5,3022639
2021-06-24 10:13:14,203.45,3023204
2021-06-24 10:13:15,203.5,3024267
2021-06-24 10:13:17,203.5,3024576
2021-06-24 10:13:18,203.5,3024880
2021-06-24 10:13:19,203.5,3024994
2021-06-24 10:13:20,203.45,3025043
2021-06-24 10:13:21,203.5,3025176
2021-06-24 10:13:22,203.5,3025176
2021-06-24 10:13:23,203.45,3025310
2021-06-24 10:13:24,203.5,3025355
2021-06-24 10:13:25,203.5,3025385
2021-06-24 10:13:26,203.45,3026885
2021-06-24 10:13:27,203.5,3026961
2021-06-24 10:13:28,203.45,3027004
2021-06-24 10:13:29,203.45,3029013
2021-06-24 10:13:30,203.45,3029076
2021-06-24 10:13:31,203.5,3029136
2021-06-24 10:13:32,203.55,3032135
2021-06-24 10:13:33,203.55,3032135
2021-06-24 10:13:34,203.45,3033316
2021-06-24 10:13:35,203.5,3034428
2021-06-24 10:13:36,203.55,3034578
2021-06-24 10:13:37,203.55,3034657
2021-06-24 10:13:38,203.55,3034657
2021-06-24 10:13:39,203.55,3034667
2021-06-24 10:13:40,203.55,3034717
2021-06-24 10:13:41,203.55,3034717
2021-06-24 10:13:42,203.5,3034922
2021-06-24 10:13:43,203.55,3035154
2021-06-24 10:13:44,203.55,3035239
2021-06-24 10:13:45,203.55,3035294
2021-06-24 10:13:46,203.5,3035310
2021-06-24 10:13:47,203.5,3035311
2021-06-24 10:13:48,203.55,3035316
2021-06-24 10:13:49,203.55,3035336
2021-06-24 10:13:50,203.55,3035860
2021-06-24 10:13:51,203.5,3037194
2021-06-24 10:13:53,203.5,3038006
2021-06-24 10:13:52,203.5,3038006
2021-06-24 10:13:54,203.6,3040489
2021-06-24 10:13:55,203.55,3041163
2021-06-24 10:13:56,203.55,3042412
2021-06-24 10:13:57,203.55,3042421
2021-06-24 10:13:58,203.5,3043024
2021-06-24 10:13:59,203.55,3043199
2021-06-24 10:14:00,203.5,3043344
2021-06-24 10:14:02,203.5,3043732
2021-06-24 10:14:03,203.6,3043940
2021-06-24 10:14:04,203.6,3044674
2021-06-24 10:14:05,203.5,3044794
2021-06-24 10:14:06,203.5,3045136
2021-06-24 10:14:08,203.5,3046003
2021-06-24 10:14:09,203.5,3046041
2021-06-24 10:14:10,203.55,3046251
2021-06-24 10:14:11,203.55,3046343
2021-06-24 10:14:12,203.5,3046422
2021-06-24 10:14:13,203.55,3046440
2021-06-24 10:14:14,203.55,3046441
2021-06-24 10:14:15,203.5,3046483
2021-06-24 10:14:16,203.5,3047550
2021-06-24 10:14:17,203.45,3047594
2021-06-24 10:14:18,203.45,3047595
2021-06-24 10:14:19,203.5,3048501
2021-06-24 10:14:20,203.55,3048579
2021-06-24 10:14:21,203.5,3049159
2021-06-24 10:14:22,203.5,3049449
2021-06-24 10:14:23,203.5,3049467
2021-06-24 10:14:24,203.55,3051214
2021-06-24 10:14:25,203.55,3051270
2021-06-24 10:14:26,203.45,3051387
2021-06-24 10:14:27,203.5,3051618
2021-06-24 10:14:28,203.5,3056118
2021-06-24 10:14:29,203.55,3058931
2021-06-24 10:14:30,203.45,3058969
2021-06-24 10:14:31,203.45,3059017
2021-06-24 10:14:32,203.45,3059018
2021-06-24 10:14:33,203.5,3059019
2021-06-24 10:14:34,203.5,3059019
2021-06-24 10:14:35,203.5,3059170
2021-06-24 10:14:37,203.5,3059356
2021-06-24 10:14:38,203.5,3059376
2021-06-24 10:14:39,203.5,3059391
2021-06-24 10:14:40,203.5,3059598
2021-06-24 10:14:41,203.5,3061537
2021-06-24 10:14:43,203.5,3064172
2021-06-24 10:14:42,203.5,3064138
2021-06-24 10:14:44,203.45,3064196
2021-06-24 10:14:45,203.5,3064337
2021-06-24 10:14:46,203.5,3065448
2021-06-24 10:14:48,203.5,3066874
2021-06-24 10:14:48,203.5,3066874
2021-06-24 10:14:49,203.5,3067011
2021-06-24 10:14:50,203.5,3067026
2021-06-24 10:14:51,203.5,3067031
2021-06-24 10:14:52,203.5,3067123
2021-06-24 10:14:54,203.45,3074725
2021-06-24 10:14:54,203.5,3076793
2021-06-24 10:14:55,203.4,3076809
2021-06-24 10:14:56,203.4,3076812
2021-06-24 10:14:57,203.45,3088301
2021-06-24 10:14:58,203.35,3089547
2021-06-24 10:14:59,203.35,3091786
2021-06-24 10:15:00,203.4,3091933
2021-06-24 10:15:01,203.45,3092151
2021-06-24 10:15:02,203.45,3092545
2021-06-24 10:15:03,203.45,3092605
2021-06-24 10:15:04,203.4,3092665
2021-06-24 10:15:05,203.45,3092688
2021-06-24 10:15:07,203.4,3093266
2021-06-24 10:15:07,203.4,3093296
2021-06-24 10:15:08,203.45,3093612
2021-06-24 10:15:09,203.45,3093698
2021-06-24 10:15:10,203.45,3094798
2021-06-24 10:15:11,203.4,3094799
2021-06-24 10:15:12,203.5,3095406
2021-06-24 10:15:14,203.4,3095976
2021-06-24 10:15:13,203.45,3095956
2021-06-24 10:15:15,203.45,3097089
2021-06-24 10:15:16,203.45,3097117
2021-06-24 10:15:18,203.45,3097175
2021-06-24 10:15:18,203.45,3097505
2021-06-24 10:15:19,203.4,3098072
2021-06-24 10:15:20,203.4,3098090
2021-06-24 10:15:21,203.45,3103595
2021-06-24 10:15:22,203.45,3104617
2021-06-24 10:15:23,203.4,3104630
2021-06-24 10:15:25,203.4,3106392
2021-06-24 10:15:26,203.45,3106532
2021-06-24 10:15:27,203.4,3106703
2021-06-24 10:15:28,203.4,3106751
2021-06-24 10:15:29,203.4,3107413
2021-06-24 10:15:30,203.5,3109466
2021-06-24 10:15:31,203.45,3109467
2021-06-24 10:15:32,203.5,3109676
2021-06-24 10:15:33,203.5,3109692
2021-06-24 10:15:34,203.45,3109723
2021-06-24 10:15:37,203.5,3110100
2021-06-24 10:15:38,203.45,3110107
2021-06-24 10:15:39,203.5,3110167
2021-06-24 10:15:40,203.45,3110243
2021-06-24 10:15:41,203.45,3110432
2021-06-24 10:15:42,203.45,3110581
2021-06-24 10:15:43,203.5,3110595
2021-06-24 10:15:44,203.5,3110651
2021-06-24 10:15:45,203.5,3110670
2021-06-24 10:15:46,203.5,3110817
2021-06-24 10:15:47,203.5,3110899
2021-06-24 10:15:49,203.45,3111443
2021-06-24 10:15:49,203.45,3111427
2021-06-24 10:15:51,203.45,3112637
2021-06-24 10:15:53,203.5,3161680
2021-06-24 10:15:53,203.5,3161680
2021-06-24 10:15:54,203.5,3161691
2021-06-24 10:15:55,203.5,3161691
2021-06-24 10:15:56,203.45,3161911
2021-06-24 10:15:58,203.5,3161934
2021-06-24 10:15:58,203.45,3163405
2021-06-24 10:16:00,203.5,3164804
2021-06-24 10:16:01,203.5,3164814
2021-06-24 10:16:02,203.5,3164839
2021-06-24 10:16:03,203.45,3164846
2021-06-24 10:16:04,203.5,3164957
2021-06-24 10:16:05,203.45,3164998
2021-06-24 10:16:06,203.5,3165205
2021-06-24 10:16:09,203.5,3165242
2021-06-24 10:16:09,203.5,3165242
2021-06-24 10:16:10,203.5,3165417
2021-06-24 10:16:11,203.5,3165710
2021-06-24 10:16:12,203.5,3166200
2021-06-24 10:16:13,203.45,3166205
2021-06-24 10:16:15,203.45,3166408
2021-06-24 10:16:16,203.45,3166411
2021-06-24 10:16:18,203.45,3167282
2021-06-24 10:16:18,203.45,3167308
2021-06-24 10:16:19,203.5,3167381
2021-06-24 10:16:20,203.5,3167381
2021-06-24 10:16:21,203.5,3167499
2021-06-24 10:16:22,203.5,3167513
2021-06-24 10:16:23,203.5,3167516
2021-06-24 10:16:24,203.45,3167668
2021-06-24 10:16:25,203.45,3169211
2021-06-24 10:16:27,203.5,3169434
2021-06-24 10:16:28,203.5,3169441
2021-06-24 10:16:29,203.5,3169467
2021-06-24 10:16:30,203.5,3169703
2021-06-24 10:16:31,203.5,3170221
2021-06-24 10:16:33,203.5,3170909
2021-06-24 10:16:34,203.45,3170910
2021-06-24 10:16:35,203.5,3176063
2021-06-24 10:16:37,203.5,3176118
2021-06-24 10:16:37,203.5,3176128
2021-06-24 10:16:38,203.5,3176129
2021-06-24 10:16:39,203.5,3176565
2021-06-24 10:16:40,203.5,3176932
2021-06-24 10:16:41,203.45,3177292
2021-06-24 10:16:42,203.5,3177894
2021-06-24 10:16:43,203.45,3178038
2021-06-24 10:16:44,203.5,3178077
2021-06-24 10:16:46,203.5,3178193
2021-06-24 10:16:47,203.5,3178229
2021-06-24 10:16:50,203.45,3178433
2021-06-24 10:16:51,203.5,3178490
2021-06-24 10:16:52,203.45,3179747
2021-06-24 10:16:53,203.45,3180004
2021-06-24 10:16:54,203.45,3180042
2021-06-24 10:16:56,203.5,3180322
2021-06-24 10:16:56,203.45,3180324
2021-06-24 10:16:57,203.5,3180564
2021-06-24 10:16:58,203.4,3180908
2021-06-24 10:16:59,203.5,3180923
2021-06-24 10:17:00,203.5,3181128
2021-06-24 10:17:01,203.5,3181169
2021-06-24 10:17:02,203.5,3181179
2021-06-24 10:17:03,203.5,3181389
2021-06-24 10:17:05,203.45,3183408
2021-06-24 10:17:07,203.5,3183604
2021-06-24 10:17:08,203.5,3183801
2021-06-24 10:17:09,203.4,3183807
2021-06-24 10:17:10,203.5,3183819
2021-06-24 10:17:11,203.5,3183881
2021-06-24 10:17:12,203.5,3200100
2021-06-24 10:17:12,203.5,3200131
2021-06-24 10:17:14,203.5,3225361
2021-06-24 10:17:15,203.5,3225416
2021-06-24 10:17:17,203.5,3225437
2021-06-24 10:17:17,203.45,3225443
2021-06-24 10:17:19,203.5,3229970
2021-06-24 10:17:20,203.4,3230062
2021-06-24 10:17:21,203.4,3230090
2021-06-24 10:17:22,203.5,3230138
2021-06-24 10:17:23,203.5,3231059
2021-06-24 10:17:24,203.45,3231195
2021-06-24 10:17:25,203.45,3231220
2021-06-24 10:17:26,203.45,3231236
2021-06-24 10:17:27,203.5,3231315
2021-06-24 10:17:28,203.45,3231387
2021-06-24 10:17:29,203.5,3231407
2021-06-24 10:17:30,203.45,3231664
2021-06-24 10:17:31,203.45,3232166
2021-06-24 10:17:32,203.5,3232620
2021-06-24 10:17:33,203.45,3232645
2021-06-24 10:17:34,203.5,3232671
2021-06-24 10:17:35,203.45,3232734
2021-06-24 10:17:36,203.5,3232755
2021-06-24 10:17:38,203.45,3233277
2021-06-24 10:17:39,203.5,3233337
2021-06-24 10:17:40,203.5,3233353
2021-06-24 10:17:41,203.5,3233394
2021-06-24 10:17:42,203.4,3233465
2021-06-24 10:17:43,203.5,3233585
2021-06-24 10:17:44,203.45,3233591
2021-06-24 10:17:45,203.45,3233617
2021-06-24 10:17:46,203.4,3233688
2021-06-24 10:17:47,203.5,3233734
2021-06-24 10:17:48,203.5,3233734
2021-06-24 10:17:49,203.5,3233751
2021-06-24 10:17:50,203.5,3233951
2021-06-24 10:17:51,203.5,3233961
2021-06-24 10:17:52,203.45,3233963
2021-06-24 10:17:53,203.5,3234038
2021-06-24 10:17:54,203.4,3238759
2021-06-24 10:17:55,203.5,3239102
2021-06-24 10:17:56,203.4,3239220
2021-06-24 10:17:56,203.5,3239215
2021-06-24 10:17:57,203.45,3239523
2021-06-24 10:17:59,203.5,3239587
2021-06-24 10:18:00,203.5,3239590
2021-06-24 10:18:01,203.4,3245603
2021-06-24 10:18:02,203.4,3245649
2021-06-24 10:18:03,203.4,3245737
2021-06-24 10:18:04,203.4,3269925
2021-06-24 10:18:05,203.4,3270000
2021-06-24 10:18:05,203.4,3270206
2021-06-24 10:18:06,203.4,3270271
2021-06-24 10:18:07,203.4,3270348
2021-06-24 10:18:08,203.4,3270378
2021-06-24 10:18:09,203.45,3270975
2021-06-24 10:18:10,203.4,3271012
2021-06-24 10:18:11,203.45,3271070
2021-06-24 10:18:12,203.45,3274275
2021-06-24 10:18:13,203.45,3274317
2021-06-24 10:18:14,203.4,3274396
2021-06-24 10:18:15,203.4,3274496
2021-06-24 10:18:16,203.4,3274534
2021-06-24 10:18:17,203.4,3278139
2021-06-24 10:18:19,203.4,3278209
2021-06-24 10:18:20,203.45,3278240
2021-06-24 10:18:21,203.45,3278246
2021-06-24 10:18:22,203.45,3278272
2021-06-24 10:18:23,203.45,3278272
2021-06-24 10:18:24,203.5,3278273
2021-06-24 10:18:25,203.4,3278398
2021-06-24 10:18:26,203.5,3278413
2021-06-24 10:18:27,203.5,3278483
2021-06-24 10:18:28,203.4,3278506
2021-06-24 10:18:28,203.5,3278496
2021-06-24 10:18:29,203.5,3278531
2021-06-24 10:18:30,203.5,3278699
2021-06-24 10:18:31,203.4,3279383
2021-06-24 10:18:32,203.4,3279445
2021-06-24 10:18:33,203.5,3279579
2021-06-24 10:18:35,203.35,3279804
2021-06-24 10:18:36,203.45,3279822
2021-06-24 10:18:37,203.5,3279832
2021-06-24 10:18:38,203.5,3279887
2021-06-24 10:18:38,203.5,3279963
2021-06-24 10:18:39,203.5,3279969
2021-06-24 10:18:40,203.4,3279977
2021-06-24 10:18:41,203.5,3280123
2021-06-24 10:18:42,203.5,3280188
2021-06-24 10:18:43,203.5,3280198
2021-06-24 10:18:44,203.45,3280202
2021-06-24 10:18:46,203.5,3280259
2021-06-24 10:18:48,203.45,3280395
2021-06-24 10:18:49,203.45,3280410
2021-06-24 10:18:49,203.45,3280410
2021-06-24 10:18:51,203.45,3280465
2021-06-24 10:18:51,203.45,3280492
2021-06-24 10:18:52,203.45,3280771
2021-06-24 10:18:53,203.45,3280781
2021-06-24 10:18:55,203.45,3280818
2021-06-24 10:18:55,203.4,3280828
2021-06-24 10:18:57,203.45,3280882
2021-06-24 10:18:58,203.45,3280965
2021-06-24 10:18:58,203.45,3281074
2021-06-24 10:18:59,203.45,3281224
2021-06-24 10:19:00,203.45,3281526
2021-06-24 10:19:01,203.45,3281653
2021-06-24 10:19:02,203.45,3281675
2021-06-24 10:19:03,203.45,3282182
2021-06-24 10:19:04,203.45,3282212
2021-06-24 10:19:06,203.45,3282281
2021-06-24 10:19:07,203.5,3283713
2021-06-24 10:19:09,203.5,3283723
2021-06-24 10:19:10,203.5,3283730
2021-06-24 10:19:11,203.5,3283748
2021-06-24 10:19:12,203.5,3283813
2021-06-24 10:19:14,203.5,3283966
2021-06-24 10:19:15,203.5,3284006
2021-06-24 10:19:15,203.5,3283981
2021-06-24 10:19:16,203.5,3284226
2021-06-24 10:19:17,203.5,3284733
2021-06-24 10:19:18,203.5,3285914
2021-06-24 10:19:20,203.45,3286219
2021-06-24 10:19:21,203.4,3286467
2021-06-24 10:19:22,203.4,3286517
2021-06-24 10:19:23,203.45,3286528
2021-06-24 10:19:24,203.5,3291394
2021-06-24 10:19:25,203.5,3291405
2021-06-24 10:19:26,203.5,3291570
2021-06-24 10:19:27,203.5,3291738
2021-06-24 10:19:28,203.45,3291850
2021-06-24 10:19:29,203.45,3292951
2021-06-24 10:19:30,203.5,3292955
2021-06-24 10:19:31,203.5,3292964
2021-06-24 10:19:32,203.5,3292969
2021-06-24 10:19:33,203.45,3293089
2021-06-24 10:19:34,203.5,3293101
2021-06-24 10:19:35,203.5,3293182
2021-06-24 10:19:36,203.5,3293222
2021-06-24 10:19:37,203.5,3293382
2021-06-24 10:19:38,203.5,3293382
2021-06-24 10:19:39,203.45,3295403
2021-06-24 10:19:40,203.45,3295407
2021-06-24 10:19:41,203.45,3295418
2021-06-24 10:19:41,203.45,3295418
2021-06-24 10:19:43,203.45,3295449
2021-06-24 10:19:43,203.45,3295451
2021-06-24 10:19:45,203.45,3295574
2021-06-24 10:19:46,203.45,3296574
2021-06-24 10:19:47,203.45,3303263
2021-06-24 10:19:49,203.45,3304826
2021-06-24 10:19:49,203.45,3304826
2021-06-24 10:19:50,203.5,3305444
2021-06-24 10:19:52,203.5,3305444
2021-06-24 10:19:53,203.5,3305497
2021-06-24 10:19:54,203.5,3310510
2021-06-24 10:19:55,203.45,3313960
2021-06-24 10:19:56,203.45,3314463
2021-06-24 10:19:57,203.45,3314698
2021-06-24 10:19:58,203.45,3315074
2021-06-24 10:19:59,203.45,3315082
2021-06-24 10:20:00,203.4,3316935
2021-06-24 10:20:01,203.45,3317196
2021-06-24 10:20:02,203.45,3317222
2021-06-24 10:20:04,203.4,3317256
2021-06-24 10:20:04,203.4,3317256
2021-06-24 10:20:05,203.45,3317266
2021-06-24 10:20:06,203.4,3317276
2021-06-24 10:20:07,203.45,3317434
2021-06-24 10:20:09,203.45,3317646
2021-06-24 10:20:09,203.45,3317646
2021-06-24 10:20:13,203.4,3320759
2021-06-24 10:20:13,203.5,3320687
2021-06-24 10:20:15,203.5,3320829
2021-06-24 10:20:17,203.5,3321014
2021-06-24 10:20:18,203.45,3322698
2021-06-24 10:20:19,203.45,3322800
2021-06-24 10:20:20,203.45,3322831
2021-06-24 10:20:21,203.45,3322872
2021-06-24 10:20:22,203.5,3322936
2021-06-24 10:20:23,203.45,3325867
2021-06-24 10:20:24,203.45,3326082
2021-06-24 10:20:25,203.45,3326110
2021-06-24 10:20:26,203.45,3326313
2021-06-24 10:20:27,203.45,3326433
2021-06-24 10:20:29,203.45,3326626
2021-06-24 10:20:28,203.45,3326483
2021-06-24 10:20:31,203.4,3332832
2021-06-24 10:20:30,203.4,3330201
2021-06-24 10:20:32,203.4,3333038
2021-06-24 10:20:32,203.45,3333037
2021-06-24 10:20:33,203.35,3333565
2021-06-24 10:20:34,203.5,3336611
2021-06-24 10:20:35,203.45,3342164
2021-06-24 10:20:37,203.45,3351394
2021-06-24 10:20:38,203.45,3351511
2021-06-24 10:20:39,203.45,3351522
2021-06-24 10:20:40,203.4,3351726
2021-06-24 10:20:41,203.45,3352239
2021-06-24 10:20:42,203.45,3354804
2021-06-24 10:20:43,203.45,3357121
2021-06-24 10:20:43,203.45,3357121
2021-06-24 10:20:45,203.45,3358692
2021-06-24 10:20:47,203.45,3365118
2021-06-24 10:20:46,203.35,3365103
2021-06-24 10:20:48,203.45,3368331
2021-06-24 10:20:49,203.35,3374731
2021-06-24 10:20:50,203.4,3378643
2021-06-24 10:20:51,203.4,3380775
2021-06-24 10:20:52,203.35,3384205
2021-06-24 10:20:53,203.4,3384466
2021-06-24 10:20:54,203.4,3384501
2021-06-24 10:20:55,203.4,3384601
2021-06-24 10:20:56,203.35,3385299
2021-06-24 10:20:57,203.4,3388991
2021-06-24 10:20:58,203.4,3389006
2021-06-24 10:20:58,203.4,3389157
2021-06-24 10:20:59,203.4,3389164
2021-06-24 10:21:00,203.4,3389175
2021-06-24 10:21:01,203.4,3389234
2021-06-24 10:21:03,203.4,3389556
2021-06-24 10:21:04,203.4,3389631
2021-06-24 10:21:05,203.4,3389631
2021-06-24 10:21:06,203.4,3389641
2021-06-24 10:21:08,203.4,3389765
2021-06-24 10:21:07,203.4,3389700
2021-06-24 10:21:09,203.4,3389819
2021-06-24 10:21:09,203.4,3389822
2021-06-24 10:21:11,203.4,3390238
2021-06-24 10:21:12,203.4,3390373
2021-06-24 10:21:12,203.4,3390423
2021-06-24 10:21:14,203.4,3390579
2021-06-24 10:21:15,203.4,3390722
2021-06-24 10:21:15,203.4,3390722
2021-06-24 10:21:16,203.4,3390750
2021-06-24 10:21:17,203.4,3398511
2021-06-24 10:21:18,203.4,3398611
2021-06-24 10:21:19,203.4,3400576
2021-06-24 10:21:20,203.4,3407275
2021-06-24 10:21:22,203.4,3408299
2021-06-24 10:21:23,203.4,3408329
2021-06-24 10:21:24,203.4,3408478
2021-06-24 10:21:25,203.4,3408538
2021-06-24 10:21:26,203.4,3409173
2021-06-24 10:21:27,203.4,3409178
2021-06-24 10:21:27,203.4,3409228
2021-06-24 10:21:28,203.4,3409338
2021-06-24 10:21:29,203.4,3409398
2021-06-24 10:21:30,203.4,3409823
2021-06-24 10:21:31,203.35,3421917
2021-06-24 10:21:32,203.35,3423531
2021-06-24 10:21:34,203.45,3426772
2021-06-24 10:21:35,203.45,3426772
2021-06-24 10:21:36,203.4,3426795
2021-06-24 10:21:37,203.4,3427126
2021-06-24 10:21:38,203.35,3427166
2021-06-24 10:21:39,203.4,3427278
2021-06-24 10:21:40,203.4,3427302
2021-06-24 10:21:41,203.4,3427353
2021-06-24 10:21:42,203.4,3427403
2021-06-24 10:21:43,203.35,3433858
2021-06-24 10:21:44,203.4,3436815
2021-06-24 10:21:45,203.4,3437168
2021-06-24 10:21:46,203.3,3437221
2021-06-24 10:21:48,203.35,3437283
2021-06-24 10:21:47,203.35,3437273
2021-06-24 10:21:49,203.4,3439884
2021-06-24 10:21:50,203.35,3443098
2021-06-24 10:21:51,203.4,3443950
2021-06-24 10:21:52,203.4,3446328
2021-06-24 10:21:53,203.4,3446364
2021-06-24 10:21:55,203.4,3449533
2021-06-24 10:21:54,203.35,3449518
2021-06-24 10:21:56,203.4,3452748
2021-06-24 10:21:57,203.4,3453451
2021-06-24 10:21:59,203.4,3453457
2021-06-24 10:22:00,203.4,3455407
2021-06-24 10:22:01,203.4,3455443
2021-06-24 10:22:02,203.4,3457490
2021-06-24 10:22:03,203.4,3457597
2021-06-24 10:22:04,203.4,3457733
2021-06-24 10:22:05,203.4,3458288
2021-06-24 10:22:06,203.4,3458446
2021-06-24 10:22:07,203.4,3461298
2021-06-24 10:22:08,203.4,3461300
2021-06-24 10:22:09,203.4,3461420
2021-06-24 10:22:10,203.4,3462963
2021-06-24 10:22:11,203.4,3464957
2021-06-24 10:22:11,203.4,3464959
2021-06-24 10:22:13,203.4,3465023
2021-06-24 10:22:14,203.4,3465088
2021-06-24 10:22:15,203.4,3465118
2021-06-24 10:22:16,203.4,3465511
2021-06-24 10:22:17,203.4,3465755
2021-06-24 10:22:17,203.4,3465785
2021-06-24 10:22:18,203.4,3474330
2021-06-24 10:22:20,203.4,3478817
2021-06-24 10:22:20,203.4,3478817
2021-06-24 10:22:21,203.4,3481871
2021-06-24 10:22:23,203.4,3482092
2021-06-24 10:22:24,203.35,3482171
2021-06-24 10:22:25,203.35,3485312
2021-06-24 10:22:26,203.35,3486042
2021-06-24 10:22:27,203.4,3489377
2021-06-24 10:22:28,203.4,3489379
2021-06-24 10:22:28,203.4,3489379
2021-06-24 10:22:30,203.35,3492584
2021-06-24 10:22:31,203.4,3492609
2021-06-24 10:22:31,203.35,3492584
2021-06-24 10:22:32,203.35,3495709
2021-06-24 10:22:33,203.35,3498841
2021-06-24 10:22:34,203.35,3502026
2021-06-24 10:22:35,203.35,3502226
2021-06-24 10:22:36,203.3,3502826
2021-06-24 10:22:38,203.35,3502867
2021-06-24 10:22:39,203.35,3502869
2021-06-24 10:22:40,203.3,3502969
2021-06-24 10:22:41,203.3,3502970
2021-06-24 10:22:41,203.3,3502970
2021-06-24 10:22:43,203.35,3503096
2021-06-24 10:22:44,203.3,3503164
2021-06-24 10:22:44,203.3,3503164
2021-06-24 10:22:46,203.35,3506423
2021-06-24 10:22:46,203.35,3506423
2021-06-24 10:22:47,203.35,3506423
2021-06-24 10:22:49,203.35,3506536
2021-06-24 10:22:51,203.35,3506878
2021-06-24 10:22:52,203.35,3506878
2021-06-24 10:22:53,203.3,3507773
2021-06-24 10:22:54,203.35,3508450
2021-06-24 10:22:55,203.35,3508478
2021-06-24 10:22:57,203.35,3509779
2021-06-24 10:22:58,203.35,3509796
2021-06-24 10:22:59,203.35,3509846
2021-06-24 10:23:00,203.35,3509883
2021-06-24 10:23:01,203.35,3509990
2021-06-24 10:23:02,203.35,3511655
2021-06-24 10:23:03,203.35,3511703
2021-06-24 10:23:04,203.3,3512006
2021-06-24 10:23:05,203.35,3512096
2021-06-24 10:23:06,203.35,3512196
2021-06-24 10:23:07,203.35,3512227
2021-06-24 10:23:08,203.35,3512973
2021-06-24 10:23:09,203.35,3512988
2021-06-24 10:23:09,203.35,3512988
2021-06-24 10:23:10,203.35,3514044
2021-06-24 10:23:11,203.35,3514337
2021-06-24 10:23:12,203.35,3517964
2021-06-24 10:23:15,203.3,3518118
2021-06-24 10:23:15,203.3,3518218
2021-06-24 10:23:17,203.4,3518278
2021-06-24 10:23:18,203.4,3518341
2021-06-24 10:23:19,203.4,3518345
2021-06-24 10:23:20,203.35,3519105
2021-06-24 10:23:21,203.35,3519305
2021-06-24 10:23:22,203.35,3519337
2021-06-24 10:23:23,203.35,3519338
2021-06-24 10:23:24,203.35,3519372
2021-06-24 10:23:25,203.35,3519440
2021-06-24 10:23:26,203.35,3519545
2021-06-24 10:23:27,203.35,3519545
2021-06-24 10:23:28,203.35,3519585
2021-06-24 10:23:29,203.35,3519835
2021-06-24 10:23:30,203.35,3519886
2021-06-24 10:23:31,203.3,3520087
2021-06-24 10:23:32,203.35,3520274
2021-06-24 10:23:33,203.35,3522415
2021-06-24 10:23:34,203.35,3522473
2021-06-24 10:23:35,203.35,3522488
2021-06-24 10:23:36,203.35,3522739
2021-06-24 10:23:37,203.35,3522739
2021-06-24 10:23:39,203.35,3522899
2021-06-24 10:23:40,203.35,3523091
2021-06-24 10:23:41,203.35,3523101
2021-06-24 10:23:42,203.35,3523275
2021-06-24 10:23:43,203.35,3523553
2021-06-24 10:23:44,203.35,3523578
2021-06-24 10:23:45,203.35,3523588
2021-06-24 10:23:46,203.3,3524117
2021-06-24 10:23:47,203.35,3524220
2021-06-24 10:23:48,203.35,3524220
2021-06-24 10:23:49,203.35,3524420
2021-06-24 10:23:50,203.35,3524695
2021-06-24 10:23:51,203.35,3524696
2021-06-24 10:23:52,203.35,3524766
2021-06-24 10:23:53,203.35,3527891
2021-06-24 10:23:54,203.4,3528276
2021-06-24 10:23:55,203.35,3528824
2021-06-24 10:23:56,203.35,3528824
2021-06-24 10:23:57,203.35,3529432
2021-06-24 10:23:58,203.35,3529580
2021-06-24 10:23:59,203.3,3530269
2021-06-24 10:24:00,203.3,3530269
2021-06-24 10:24:02,203.4,3533625
2021-06-24 10:24:03,203.35,3533664
2021-06-24 10:24:04,203.4,3533774
2021-06-24 10:24:05,203.4,3533877
2021-06-24 10:24:06,203.4,3534096
2021-06-24 10:24:07,203.35,3534904
2021-06-24 10:24:08,203.35,3534992
2021-06-24 10:24:09,203.3,3535551
2021-06-24 10:24:10,203.3,3535601
2021-06-24 10:24:11,203.35,3535651
2021-06-24 10:24:12,203.35,3535701
2021-06-24 10:24:13,203.35,3537269
2021-06-24 10:24:14,203.35,3537369
2021-06-24 10:24:15,203.35,3537497
2021-06-24 10:24:18,203.35,3537616
2021-06-24 10:24:19,203.35,3537717
2021-06-24 10:24:20,203.3,3537718
2021-06-24 10:24:21,203.4,3549584
2021-06-24 10:24:22,203.4,3549596
2021-06-24 10:24:23,203.35,3549897
2021-06-24 10:24:24,203.4,3549966
2021-06-24 10:24:25,203.4,3550193
2021-06-24 10:24:26,203.4,3550283
2021-06-24 10:24:27,203.4,3550294
2021-06-24 10:24:28,203.4,3550294
2021-06-24 10:24:29,203.35,3550312
2021-06-24 10:24:30,203.35,3550316
2021-06-24 10:24:31,203.4,3550361
2021-06-24 10:24:32,203.4,3550366
2021-06-24 10:24:33,203.4,3552046
2021-06-24 10:24:34,203.35,3553893
2021-06-24 10:24:35,203.35,3556712
2021-06-24 10:24:36,203.35,3556725
2021-06-24 10:24:37,203.4,3557758
2021-06-24 10:24:38,203.4,3557892
2021-06-24 10:24:39,203.4,3557892
2021-06-24 10:24:40,203.4,3557892
2021-06-24 10:24:41,203.4,3557892
2021-06-24 10:24:42,203.4,3558102
2021-06-24 10:24:43,203.4,3558119
2021-06-24 10:24:44,203.4,3558120
2021-06-24 10:24:45,203.4,3558153
2021-06-24 10:24:46,203.35,3558226
2021-06-24 10:24:47,203.4,3558322
2021-06-24 10:24:48,203.35,3558766
2021-06-24 10:24:49,203.35,3558800
2021-06-24 10:24:50,203.4,3558942
2021-06-24 10:24:51,203.4,3559062
2021-06-24 10:24:52,203.4,3559152
2021-06-24 10:24:53,203.4,3559715
2021-06-24 10:24:54,203.3,3559735
2021-06-24 10:24:55,203.3,3559735
2021-06-24 10:24:56,203.35,3559780
2021-06-24 10:24:57,203.35,3559795
2021-06-24 10:24:58,203.4,3559866
2021-06-24 10:24:59,203.4,3560389
2021-06-24 10:25:00,203.4,3560720
2021-06-24 10:25:01,203.35,3560721
2021-06-24 10:25:02,203.4,3561822
2021-06-24 10:25:03,203.4,3561827
2021-06-24 10:25:04,203.4,3561883
2021-06-24 10:25:05,203.4,3562488
2021-06-24 10:25:06,203.4,3574399
2021-06-24 10:25:07,203.45,3574553
2021-06-24 10:25:09,203.35,3576329
2021-06-24 10:25:10,203.4,3576334
2021-06-24 10:25:11,203.35,3576353
2021-06-24 10:25:12,203.4,3576503
2021-06-24 10:25:14,203.4,3576665
2021-06-24 10:25:13,203.4,3576664
2021-06-24 10:25:15,203.4,3587898
2021-06-24 10:25:16,203.4,3589434
2021-06-24 10:25:17,203.4,3590574
2021-06-24 10:25:18,203.4,3590576
2021-06-24 10:25:19,203.4,3591281
2021-06-24 10:25:20,203.4,3591282
2021-06-24 10:25:21,203.4,3591332
2021-06-24 10:25:22,203.4,3591332
2021-06-24 10:25:23,203.4,3591458
2021-06-24 10:25:24,203.4,3591480
2021-06-24 10:25:25,203.4,3591507
2021-06-24 10:25:26,203.35,3592126
2021-06-24 10:25:27,203.4,3592147
2021-06-24 10:25:28,203.4,3592158
2021-06-24 10:25:29,203.4,3593193
2021-06-24 10:25:30,203.4,3595632
2021-06-24 10:25:31,203.4,3595690
2021-06-24 10:25:32,203.4,3595791
2021-06-24 10:25:33,203.4,3596619
2021-06-24 10:25:34,203.4,3596626
2021-06-24 10:25:35,203.4,3597071
2021-06-24 10:25:36,203.4,3597672
2021-06-24 10:25:37,203.4,3598180
2021-06-24 10:25:39,203.4,3598223
2021-06-24 10:25:41,203.4,3599957
2021-06-24 10:25:41,203.35,3599953
2021-06-24 10:25:42,203.35,3600063
2021-06-24 10:25:43,203.4,3600103
2021-06-24 10:25:44,203.4,3600155
2021-06-24 10:25:45,203.35,3601050
2021-06-24 10:25:46,203.4,3601061
2021-06-24 10:25:47,203.4,3601135
2021-06-24 10:25:48,203.4,3601185
2021-06-24 10:25:49,203.4,3602639
2021-06-24 10:25:50,203.4,3602694
2021-06-24 10:25:51,203.45,3602697
2021-06-24 10:25:52,203.45,3602697
2021-06-24 10:25:53,203.45,3603257
2021-06-24 10:25:54,203.45,3603275
2021-06-24 10:25:56,203.4,3603322
2021-06-24 10:25:56,203.4,3603300
2021-06-24 10:25:57,203.35,3603343
2021-06-24 10:25:58,203.4,3607029
2021-06-24 10:25:59,203.45,3607084
2021-06-24 10:26:00,203.45,3607089
2021-06-24 10:26:02,203.4,3610698
2021-06-24 10:26:03,203.4,3612717
2021-06-24 10:26:04,203.4,3612883
2021-06-24 10:26:05,203.35,3622885
2021-06-24 10:26:06,203.35,3623126
2021-06-24 10:26:07,203.35,3623126
2021-06-24 10:26:10,203.35,3634495
2021-06-24 10:26:10,203.35,3634295
2021-06-24 10:26:11,203.35,3637283
2021-06-24 10:26:12,203.35,3637361
2021-06-24 10:26:13,203.35,3637362
2021-06-24 10:26:14,203.35,3641604
2021-06-24 10:26:15,203.35,3641606
2021-06-24 10:26:16,203.4,3641730
2021-06-24 10:26:17,203.4,3641930
2021-06-24 10:26:18,203.3,3643286
2021-06-24 10:26:19,203.3,3643286
2021-06-24 10:26:20,203.4,3643616
2021-06-24 10:26:21,203.35,3643928
2021-06-24 10:26:23,203.35,3643948
2021-06-24 10:26:22,203.3,3643945
2021-06-24 10:26:24,203.35,3644238
2021-06-24 10:26:25,203.35,3644404
2021-06-24 10:26:26,203.35,3644754
2021-06-24 10:26:27,203.35,3644754
2021-06-24 10:26:28,203.35,3644829
2021-06-24 10:26:29,203.35,3644939
2021-06-24 10:26:30,203.35,3644942
2021-06-24 10:26:31,203.35,3644992
2021-06-24 10:26:33,203.35,3645000
2021-06-24 10:26:33,203.35,3645000
2021-06-24 10:26:34,203.35,3645022
2021-06-24 10:26:35,203.35,3645023
2021-06-24 10:26:36,203.3,3645812
2021-06-24 10:26:37,203.35,3645923
2021-06-24 10:26:38,203.35,3645924
2021-06-24 10:26:39,203.35,3646326
2021-06-24 10:26:40,203.35,3649332
2021-06-24 10:26:41,203.35,3653171
2021-06-24 10:26:43,203.35,3653431
2021-06-24 10:26:43,203.35,3653436
2021-06-24 10:26:44,203.35,3653456
2021-06-24 10:26:45,203.35,3653559
2021-06-24 10:26:46,203.35,3653602
2021-06-24 10:26:47,203.4,3658831
2021-06-24 10:26:48,203.4,3658831
2021-06-24 10:26:49,203.4,3658831
2021-06-24 10:26:50,203.4,3659131
2021-06-24 10:26:51,203.3,3659383
2021-06-24 10:26:52,203.3,3659383
2021-06-24 10:26:54,203.4,3659561
2021-06-24 10:26:54,203.4,3659561
2021-06-24 10:26:55,203.4,3659562
2021-06-24 10:26:56,203.4,3659586
2021-06-24 10:26:57,203.4,3659596
2021-06-24 10:26:58,203.4,3659597
2021-06-24 10:26:59,203.4,3659609
2021-06-24 10:27:00,203.3,3661416
2021-06-24 10:27:02,203.35,3661497
2021-06-24 10:27:03,203.35,3661545
2021-06-24 10:27:03,203.35,3661745
2021-06-24 10:27:05,203.35,3661846
2021-06-24 10:27:05,203.35,3661896
2021-06-24 10:27:06,203.35,3661956
2021-06-24 10:27:08,203.35,3662072
2021-06-24 10:27:09,203.35,3662089
2021-06-24 10:27:10,203.35,3664209
2021-06-24 10:27:11,203.35,3664410
2021-06-24 10:27:12,203.35,3664713
2021-06-24 10:27:14,203.35,3664714
2021-06-24 10:27:15,203.35,3665064
2021-06-24 10:27:15,203.35,3665604
2021-06-24 10:27:17,203.35,3665977
2021-06-24 10:27:18,203.35,3671012
2021-06-24 10:27:19,203.35,3671673
2021-06-24 10:27:19,203.35,3671683
2021-06-24 10:27:20,203.35,3671687
2021-06-24 10:27:21,203.3,3672754
2021-06-24 10:27:22,203.35,3674144
2021-06-24 10:27:23,203.35,3674160
2021-06-24 10:27:24,203.35,3674370
2021-06-24 10:27:25,203.35,3674602
2021-06-24 10:27:26,203.35,3674905
2021-06-24 10:27:27,203.3,3674950
2021-06-24 10:27:28,203.35,3675003
2021-06-24 10:27:29,203.35,3675454
2021-06-24 10:27:30,203.35,3682803
2021-06-24 10:27:32,203.4,3682914
2021-06-24 10:27:33,203.4,3682937
2021-06-24 10:27:34,203.4,3682996
2021-06-24 10:27:35,203.4,3683011
2021-06-24 10:27:36,203.4,3683021
2021-06-24 10:27:36,203.4,3683021
2021-06-24 10:27:37,203.4,3683477
2021-06-24 10:27:38,203.4,3683870
2021-06-24 10:27:39,203.35,3683907
2021-06-24 10:27:40,203.35,3684091
2021-06-24 10:27:41,203.35,3684102
2021-06-24 10:27:43,203.4,3684254
2021-06-24 10:27:44,203.35,3684304
2021-06-24 10:27:46,203.35,3684932
2021-06-24 10:27:47,203.35,3685754
2021-06-24 10:27:48,203.35,3685754
2021-06-24 10:27:49,203.35,3685754
2021-06-24 10:27:50,203.4,3685863
2021-06-24 10:27:51,203.4,3685866
2021-06-24 10:27:52,203.4,3685916
2021-06-24 10:27:53,203.4,3685916
2021-06-24 10:27:54,203.4,3685916
2021-06-24 10:27:55,203.4,3687937
2021-06-24 10:27:56,203.4,3688273
2021-06-24 10:27:57,203.4,3688278
2021-06-24 10:27:58,203.3,3688288
2021-06-24 10:27:59,203.4,3690439
2021-06-24 10:28:00,203.4,3690459
2021-06-24 10:28:01,203.4,3690624
2021-06-24 10:28:02,203.35,3690634
2021-06-24 10:28:03,203.4,3690656
2021-06-24 10:28:04,203.35,3690691
2021-06-24 10:28:05,203.35,3690907
2021-06-24 10:28:06,203.4,3690922
2021-06-24 10:28:07,203.4,3717841
2021-06-24 10:28:08,203.4,3717892
2021-06-24 10:28:09,203.4,3718898
2021-06-24 10:28:10,203.4,3718898
2021-06-24 10:28:11,203.35,3718973
2021-06-24 10:28:12,203.35,3719032
2021-06-24 10:28:13,203.4,3719038
2021-06-24 10:28:14,203.4,3719049
2021-06-24 10:28:16,203.4,3719080
2021-06-24 10:28:17,203.4,3719142
2021-06-24 10:28:17,203.4,3719142
2021-06-24 10:28:18,203.4,3720334
2021-06-24 10:28:19,203.4,3720339
2021-06-24 10:28:20,203.3,3720519
2021-06-24 10:28:22,203.4,3721162
2021-06-24 10:28:23,203.4,3721172
2021-06-24 10:28:25,203.4,3721180
2021-06-24 10:28:26,203.4,3721484
2021-06-24 10:28:27,203.3,3723088
2021-06-24 10:28:27,203.3,3723088
2021-06-24 10:28:28,203.4,3724089
2021-06-24 10:28:29,203.4,3724099
2021-06-24 10:28:30,203.4,3724172
2021-06-24 10:28:31,203.4,3724186
2021-06-24 10:28:33,203.4,3724226
2021-06-24 10:28:34,203.4,3724267
2021-06-24 10:28:35,203.4,3724267
2021-06-24 10:28:36,203.35,3724374
2021-06-24 10:28:37,203.4,3726721
2021-06-24 10:28:38,203.4,3726734
2021-06-24 10:28:39,203.4,3726993
2021-06-24 10:28:40,203.4,3727268
2021-06-24 10:28:42,203.4,3727368
2021-06-24 10:28:42,203.4,3732368
2021-06-24 10:28:43,203.4,3732372
2021-06-24 10:28:44,203.4,3732392
2021-06-24 10:28:45,203.4,3732517
2021-06-24 10:28:46,203.4,3732617
2021-06-24 10:28:47,203.4,3733978
2021-06-24 10:28:48,203.4,3733979
2021-06-24 10:28:49,203.4,3734190
2021-06-24 10:28:50,203.4,3734305
2021-06-24 10:28:51,203.35,3734343
2021-06-24 10:28:52,203.4,3734355
2021-06-24 10:28:53,203.4,3734945
2021-06-24 10:28:54,203.4,3734947
2021-06-24 10:28:55,203.4,3734988
2021-06-24 10:28:56,203.4,3735103
2021-06-24 10:28:57,203.4,3735113
2021-06-24 10:28:58,203.4,3735113
2021-06-24 10:28:59,203.4,3735116
2021-06-24 10:29:00,203.4,3735116
2021-06-24 10:29:01,203.4,3735316
2021-06-24 10:29:02,203.4,3735321
2021-06-24 10:29:03,203.4,3735372
2021-06-24 10:29:04,203.35,3735474
2021-06-24 10:29:05,203.35,3736172
2021-06-24 10:29:06,203.35,3736276
2021-06-24 10:29:07,203.4,3736401
2021-06-24 10:29:08,203.4,3736463
2021-06-24 10:29:11,203.4,3737302
2021-06-24 10:29:12,203.4,3737310
2021-06-24 10:29:13,203.4,3737409
2021-06-24 10:29:14,203.35,3737443
2021-06-24 10:29:15,203.4,3737486
2021-06-24 10:29:16,203.4,3739147
2021-06-24 10:29:18,203.35,3739158
2021-06-24 10:29:18,203.4,3739168
2021-06-24 10:29:19,203.4,3739672
2021-06-24 10:29:20,203.4,3740793
2021-06-24 10:29:22,203.4,3740843
2021-06-24 10:29:23,203.4,3740907
2021-06-24 10:29:23,203.4,3740910
2021-06-24 10:29:25,203.35,3741658
2021-06-24 10:29:26,203.4,3741727
2021-06-24 10:29:27,203.4,3741727
2021-06-24 10:29:28,203.4,3741828
2021-06-24 10:29:29,203.4,3741831
2021-06-24 10:29:30,203.4,3742878
2021-06-24 10:29:31,203.4,3742878
2021-06-24 10:29:33,203.4,3743206
2021-06-24 10:29:34,203.4,3743270
2021-06-24 10:29:35,203.4,3743295
2021-06-24 10:29:36,203.4,3743306
2021-06-24 10:29:37,203.4,3743557
2021-06-24 10:29:39,203.4,3744223
2021-06-24 10:29:39,203.4,3744248
2021-06-24 10:29:40,203.4,3744757
2021-06-24 10:29:41,203.4,3744757
2021-06-24 10:29:42,203.4,3744787
2021-06-24 10:29:43,203.4,3744906
2021-06-24 10:29:44,203.4,3745969
2021-06-24 10:29:45,203.4,3746010
2021-06-24 10:29:47,203.4,3747428
2021-06-24 10:29:48,203.4,3747429
2021-06-24 10:29:49,203.4,3752541
2021-06-24 10:29:49,203.4,3752541
2021-06-24 10:29:50,203.4,3752569
2021-06-24 10:29:51,203.4,3752724
2021-06-24 10:29:52,203.4,3752735
2021-06-24 10:29:53,203.4,3752764
2021-06-24 10:29:54,203.4,3752770
2021-06-24 10:29:55,203.4,3752844
2021-06-24 10:29:57,203.4,3752899
2021-06-24 10:29:58,203.4,3753012
2021-06-24 10:29:58,203.4,3753212
2021-06-24 10:29:59,203.4,3753407
2021-06-24 10:30:00,203.4,3753410
2021-06-24 10:30:01,203.35,3753704
2021-06-24 10:30:02,203.4,3753723
2021-06-24 10:30:03,203.4,3753743
2021-06-24 10:30:04,203.35,3757759
2021-06-24 10:30:05,203.4,3757867
2021-06-24 10:30:06,203.4,3757868
2021-06-24 10:30:07,203.4,3758378
2021-06-24 10:30:08,203.4,3759269
2021-06-24 10:30:09,203.4,3759279
2021-06-24 10:30:10,203.35,3759361
2021-06-24 10:30:11,203.4,3759406
2021-06-24 10:30:12,203.35,3759633
2021-06-24 10:30:13,203.4,3759803
2021-06-24 10:30:15,203.4,3761268
2021-06-24 10:30:16,203.4,3761305
2021-06-24 10:30:17,203.4,3761323
2021-06-24 10:30:18,203.4,3768366
2021-06-24 10:30:19,203.4,3768711
2021-06-24 10:30:19,203.4,3768711
2021-06-24 10:30:20,203.4,3768712
2021-06-24 10:30:22,203.4,3768912
2021-06-24 10:30:23,203.4,3768912
2021-06-24 10:30:24,203.4,3768918
2021-06-24 10:30:25,203.45,3772195
2021-06-24 10:30:27,203.5,3780777
2021-06-24 10:30:28,203.5,3781439
2021-06-24 10:30:29,203.5,3781589
2021-06-24 10:30:29,203.5,3781589
2021-06-24 10:30:30,203.5,3781589
2021-06-24 10:30:31,203.4,3781897
2021-06-24 10:30:32,203.5,3781972
2021-06-24 10:30:33,203.4,3781983
2021-06-24 10:30:34,203.5,3782015
2021-06-24 10:30:35,203.5,3782066
2021-06-24 10:30:37,203.45,3782179
2021-06-24 10:30:38,203.45,3782179
2021-06-24 10:30:39,203.45,3782731
2021-06-24 10:30:41,203.45,3782744
2021-06-24 10:30:42,203.45,3782932
2021-06-24 10:30:43,203.45,3782932
2021-06-24 10:30:44,203.45,3783132
2021-06-24 10:30:45,203.45,3783145
2021-06-24 10:30:45,203.45,3783145
2021-06-24 10:30:46,203.45,3783708
2021-06-24 10:30:47,203.35,3788542
2021-06-24 10:30:48,203.35,3788542
2021-06-24 10:30:49,203.45,3788707
2021-06-24 10:30:50,203.4,3788712
2021-06-24 10:30:51,203.45,3788723
2021-06-24 10:30:52,203.45,3788885
2021-06-24 10:30:53,203.45,3789195
2021-06-24 10:30:54,203.45,3789199
2021-06-24 10:30:55,203.45,3789299
2021-06-24 10:30:56,203.45,3789299
2021-06-24 10:30:57,203.45,3789299
2021-06-24 10:30:58,203.45,3789380
2021-06-24 10:30:59,203.45,3789483
2021-06-24 10:31:00,203.45,3789500
2021-06-24 10:31:01,203.35,3791501
2021-06-24 10:31:02,203.45,3791547
2021-06-24 10:31:03,203.45,3791547
2021-06-24 10:31:04,203.45,3791562
2021-06-24 10:31:05,203.4,3791592
2021-06-24 10:31:06,203.45,3791617
2021-06-24 10:31:07,203.45,3791756
2021-06-24 10:31:08,203.45,3792022
2021-06-24 10:31:10,203.45,3792074
2021-06-24 10:31:10,203.45,3792074
2021-06-24 10:31:11,203.45,3792074
2021-06-24 10:31:12,203.45,3792074
2021-06-24 10:31:13,203.45,3792074
2021-06-24 10:31:14,203.45,3792208
2021-06-24 10:31:15,203.4,3792251
2021-06-24 10:31:16,203.45,3792475
2021-06-24 10:31:17,203.45,3792475
2021-06-24 10:31:18,203.5,3792478
2021-06-24 10:31:20,203.5,3792478
2021-06-24 10:31:21,203.5,3792503
2021-06-24 10:31:21,203.5,3792503
2021-06-24 10:31:22,203.5,3792505
2021-06-24 10:31:25,203.5,3792509
2021-06-24 10:31:26,203.5,3792536
2021-06-24 10:31:27,203.4,3792756
2021-06-24 10:31:28,203.45,3792856
2021-06-24 10:31:29,203.45,3792862
2021-06-24 10:31:30,203.45,3792862
2021-06-24 10:31:31,203.45,3792862
2021-06-24 10:31:33,203.5,3792902
2021-06-24 10:31:34,203.5,3792902
2021-06-24 10:31:34,203.5,3792902
2021-06-24 10:31:36,203.5,3793502
2021-06-24 10:31:37,203.5,3793602
2021-06-24 10:31:38,203.5,3793631
2021-06-24 10:31:39,203.4,3797006
2021-06-24 10:31:40,203.35,3804229
2021-06-24 10:31:40,203.45,3804233
2021-06-24 10:31:41,203.45,3804243
2021-06-24 10:31:42,203.35,3825590
2021-06-24 10:31:43,203.35,3827683
2021-06-24 10:31:44,203.35,3828798
2021-06-24 10:31:45,203.35,3828908
2021-06-24 10:31:46,203.35,3828954
2021-06-24 10:31:48,203.35,3832035
2021-06-24 10:31:49,203.35,3832035
2021-06-24 10:31:49,203.4,3832185
2021-06-24 10:31:51,203.45,3832269
2021-06-24 10:31:52,203.45,3832274
2021-06-24 10:31:53,203.45,3832274
2021-06-24 10:31:54,203.45,3832501
2021-06-24 10:31:55,203.45,3832552
2021-06-24 10:31:56,203.45,3832572
2021-06-24 10:31:57,203.45,3832990
2021-06-24 10:31:57,203.4,3832992
2021-06-24 10:31:59,203.45,3833154
2021-06-24 10:32:00,203.4,3833256
2021-06-24 10:32:00,203.45,3833286
2021-06-24 10:32:02,203.45,3833486
2021-06-24 10:32:03,203.45,3833511
2021-06-24 10:32:04,203.45,3833517
2021-06-24 10:32:05,203.4,3833787
2021-06-24 10:32:06,203.45,3834797
2021-06-24 10:32:07,203.45,3835346
2021-06-24 10:32:08,203.45,3835346
2021-06-24 10:32:11,203.35,3841987
2021-06-24 10:32:12,203.35,3841997
2021-06-24 10:32:13,203.4,3844046
2021-06-24 10:32:14,203.4,3844046
2021-06-24 10:32:14,203.4,3844046
2021-06-24 10:32:15,203.4,3844208
2021-06-24 10:32:16,203.4,3844213
2021-06-24 10:32:17,203.4,3844261
2021-06-24 10:32:18,203.4,3844266
2021-06-24 10:32:19,203.4,3844266
2021-06-24 10:32:20,203.4,3844319
2021-06-24 10:32:22,203.45,3844946
2021-06-24 10:32:23,203.35,3844977
2021-06-24 10:32:23,203.45,3845122
2021-06-24 10:32:24,203.45,3845172
2021-06-24 10:32:26,203.4,3845682
2021-06-24 10:32:27,203.3,3851828
2021-06-24 10:32:28,203.45,3851928
2021-06-24 10:32:28,203.45,3851938
2021-06-24 10:32:29,203.45,3851983
2021-06-24 10:32:30,203.45,3851983
2021-06-24 10:32:31,203.45,3853283
2021-06-24 10:32:32,203.45,3853286
2021-06-24 10:32:33,203.45,3853286
2021-06-24 10:32:34,203.4,3853306
2021-06-24 10:32:35,203.4,3853317
2021-06-24 10:32:36,203.45,3853417
2021-06-24 10:32:38,203.45,3853423
2021-06-24 10:32:39,203.45,3853423
2021-06-24 10:32:40,203.35,3853488
2021-06-24 10:32:41,203.45,3853594
2021-06-24 10:32:41,203.45,3854194
2021-06-24 10:32:43,203.45,3854208
2021-06-24 10:32:44,203.45,3854208
2021-06-24 10:32:45,203.35,3854640
2021-06-24 10:32:46,203.45,3854651
2021-06-24 10:32:47,203.45,3854721
2021-06-24 10:32:48,203.35,3854726
2021-06-24 10:32:48,203.4,3854936
2021-06-24 10:32:49,203.45,3855226
2021-06-24 10:32:50,203.45,3855228
2021-06-24 10:32:51,203.45,3855728
2021-06-24 10:32:53,203.45,3856728
2021-06-24 10:32:54,203.45,3856728
2021-06-24 10:32:55,203.4,3857393
2021-06-24 10:32:56,203.4,3857493
2021-06-24 10:32:57,203.4,3857594
2021-06-24 10:32:58,203.4,3857609
2021-06-24 10:32:59,203.35,3857873
2021-06-24 10:33:00,203.4,3858161
2021-06-24 10:33:01,203.4,3858161
2021-06-24 10:33:02,203.45,3858163
2021-06-24 10:33:03,203.45,3858170
2021-06-24 10:33:04,203.45,3858170
2021-06-24 10:33:05,203.35,3858425
2021-06-24 10:33:06,203.45,3858466
2021-06-24 10:33:07,203.45,3858467
2021-06-24 10:33:08,203.45,3858468
2021-06-24 10:33:08,203.45,3858468
2021-06-24 10:33:10,203.45,3858472
2021-06-24 10:33:11,203.45,3858472
2021-06-24 10:33:12,203.4,3858770
2021-06-24 10:33:12,203.45,3858520
2021-06-24 10:33:14,203.45,3858820
2021-06-24 10:33:15,203.45,3858860
2021-06-24 10:33:16,203.45,3858985
2021-06-24 10:33:17,203.45,3859200
2021-06-24 10:33:18,203.45,3859200
2021-06-24 10:33:19,203.45,3859304
2021-06-24 10:33:20,203.45,3859804
2021-06-24 10:33:21,203.45,3870824
2021-06-24 10:33:22,203.35,3871964
2021-06-24 10:33:23,203.45,3872189
2021-06-24 10:33:24,203.45,3872704
2021-06-24 10:33:25,203.45,3872744
2021-06-24 10:33:26,203.45,3872749
2021-06-24 10:33:27,203.45,3872949
2021-06-24 10:33:29,203.4,3873422
2021-06-24 10:33:28,203.4,3873074
2021-06-24 10:33:30,203.4,3873523
2021-06-24 10:33:31,203.4,3873548
2021-06-24 10:33:32,203.4,3873661
2021-06-24 10:33:32,203.4,3873651
2021-06-24 10:33:33,203.4,3873680
2021-06-24 10:33:34,203.4,3873840
2021-06-24 10:33:36,203.4,3876848
2021-06-24 10:33:37,203.4,3876848
2021-06-24 10:33:38,203.4,3876898
2021-06-24 10:33:39,203.4,3884774
2021-06-24 10:33:40,203.4,3884776
2021-06-24 10:33:41,203.45,3884802
2021-06-24 10:33:41,203.45,3884802
2021-06-24 10:33:42,203.45,3884802
2021-06-24 10:33:43,203.45,3884802
2021-06-24 10:33:45,203.4,3884852
2021-06-24 10:33:46,203.45,3884853
2021-06-24 10:33:47,203.45,3884963
2021-06-24 10:33:48,203.45,3885998
2021-06-24 10:33:49,203.4,3886001
2021-06-24 10:33:50,203.45,3886057
2021-06-24 10:33:51,203.45,3886408
2021-06-24 10:33:53,203.45,3886458
2021-06-24 10:33:55,203.45,3886559
2021-06-24 10:33:56,203.45,3886559
2021-06-24 10:33:57,203.45,3886689
2021-06-24 10:33:58,203.45,3886689
2021-06-24 10:33:59,203.45,3886689
2021-06-24 10:34:00,203.45,3886689
2021-06-24 10:34:01,203.45,3886814
2021-06-24 10:34:02,203.45,3886814
2021-06-24 10:34:03,203.45,3886814
2021-06-24 10:34:04,203.45,3886901
2021-06-24 10:34:05,203.45,3886926
2021-06-24 10:34:06,203.5,3892316
2021-06-24 10:34:07,203.5,3892316
2021-06-24 10:34:08,203.5,3892316
2021-06-24 10:34:09,203.5,3892316
2021-06-24 10:34:10,203.5,3892344
2021-06-24 10:34:11,203.5,3893345
2021-06-24 10:34:12,203.5,3893366
2021-06-24 10:34:14,203.5,3894584
2021-06-24 10:34:15,203.5,3894834
2021-06-24 10:34:16,203.5,3903154
2021-06-24 10:34:17,203.5,3903507
2021-06-24 10:34:18,203.5,3903511
2021-06-24 10:34:19,203.5,3903511
2021-06-24 10:34:20,203.5,3903521
2021-06-24 10:34:21,203.5,3904236
2021-06-24 10:34:22,203.5,3904236
2021-06-24 10:34:23,203.5,3904236
2021-06-24 10:34:24,203.5,3904337
2021-06-24 10:34:25,203.5,3904362
2021-06-24 10:34:26,203.5,3904362
2021-06-24 10:34:27,203.5,3904667
2021-06-24 10:34:28,203.5,3904827
2021-06-24 10:34:29,203.5,3904827
2021-06-24 10:34:31,203.5,3904827
2021-06-24 10:34:32,203.5,3904827
2021-06-24 10:34:33,203.5,3904831
2021-06-24 10:34:34,203.45,3904833
2021-06-24 10:34:35,203.45,3904833
2021-06-24 10:34:36,203.5,3905158
2021-06-24 10:34:37,203.5,3905158
2021-06-24 10:34:38,203.5,3905888
2021-06-24 10:34:39,203.5,3905925
2021-06-24 10:34:40,203.5,3905930
2021-06-24 10:34:41,203.5,3905930
2021-06-24 10:34:42,203.5,3906480
2021-06-24 10:34:43,203.5,3906495
2021-06-24 10:34:44,203.5,3906500
2021-06-24 10:34:45,203.5,3906790
2021-06-24 10:34:46,203.5,3907035
2021-06-24 10:34:47,203.5,3907150
2021-06-24 10:34:48,203.5,3907251
2021-06-24 10:34:49,203.5,3907253
2021-06-24 10:34:50,203.45,3907403
2021-06-24 10:34:51,203.5,3908556
2021-06-24 10:34:52,203.5,3908561
2021-06-24 10:34:54,203.5,3908567
2021-06-24 10:34:55,203.5,3912428
2021-06-24 10:34:56,203.5,3912541
2021-06-24 10:34:57,203.5,3912551
2021-06-24 10:34:58,203.5,3912551
2021-06-24 10:34:59,203.45,3912626
2021-06-24 10:35:00,203.5,3912676
2021-06-24 10:35:01,203.45,3913606
2021-06-24 10:35:02,203.45,3913620
2021-06-24 10:35:03,203.45,3913820
2021-06-24 10:35:04,203.45,3913938
2021-06-24 10:35:05,203.45,3914296
2021-06-24 10:35:06,203.45,3915272
2021-06-24 10:35:07,203.5,3915372
2021-06-24 10:35:08,203.5,3915453
2021-06-24 10:35:09,203.5,3915453
2021-06-24 10:35:10,203.5,3915457
2021-06-24 10:35:11,203.5,3915972
2021-06-24 10:35:13,203.5,3915972
2021-06-24 10:35:12,203.5,3915972
2021-06-24 10:35:14,203.5,3916035
2021-06-24 10:35:15,203.5,3916545
2021-06-24 10:35:16,203.5,3916798
2021-06-24 10:35:17,203.5,3917798
2021-06-24 10:35:18,203.5,3917798
2021-06-24 10:35:19,203.5,3917832
2021-06-24 10:35:20,203.5,3917933
2021-06-24 10:35:21,203.5,3917943
2021-06-24 10:35:22,203.5,3918204
2021-06-24 10:35:23,203.5,3918231
2021-06-24 10:35:24,203.5,3918242
2021-06-24 10:35:25,203.45,3918343
2021-06-24 10:35:26,203.5,3918444
2021-06-24 10:35:27,203.5,3918445
2021-06-24 10:35:28,203.45,3918479
2021-06-24 10:35:29,203.5,3918753
2021-06-24 10:35:30,203.45,3918778
2021-06-24 10:35:31,203.5,3918781
2021-06-24 10:35:32,203.5,3918781
2021-06-24 10:35:33,203.5,3918872
2021-06-24 10:35:34,203.45,3918994
2021-06-24 10:35:35,203.45,3918998
2021-06-24 10:35:37,203.5,3919059
2021-06-24 10:35:38,203.5,3919064
2021-06-24 10:35:39,203.5,3919345
2021-06-24 10:35:40,203.45,3919355
2021-06-24 10:35:41,203.45,3919355
2021-06-24 10:35:42,203.45,3919748
2021-06-24 10:35:43,203.5,3919749
2021-06-24 10:35:44,203.5,3919824
2021-06-24 10:35:45,203.5,3919834
2021-06-24 10:35:46,203.5,3920350
2021-06-24 10:35:47,203.5,3922994
2021-06-24 10:35:48,203.5,3923298
2021-06-24 10:35:49,203.4,3923457
2021-06-24 10:35:50,203.4,3923457
2021-06-24 10:35:51,203.5,3923967
2021-06-24 10:35:52,203.45,3923997
2021-06-24 10:35:53,203.45,3926345
2021-06-24 10:35:54,203.45,3926395
2021-06-24 10:35:55,203.5,3926630
2021-06-24 10:35:56,203.5,3927181
2021-06-24 10:35:57,203.5,3927211
2021-06-24 10:35:58,203.5,3927386
2021-06-24 10:36:00,203.5,3927938
2021-06-24 10:35:59,203.5,3927886
2021-06-24 10:36:01,203.5,3929438
2021-06-24 10:36:02,203.5,3929548
2021-06-24 10:36:03,203.45,3929618
2021-06-24 10:36:04,203.5,3930707
2021-06-24 10:36:05,203.5,3930707
2021-06-24 10:36:06,203.5,3930757
2021-06-24 10:36:07,203.5,3930862
2021-06-24 10:36:08,203.5,3930964
2021-06-24 10:36:09,203.5,3931064
2021-06-24 10:36:10,203.5,3931108
2021-06-24 10:36:11,203.5,3931110
2021-06-24 10:36:12,203.5,3931155
2021-06-24 10:36:13,203.5,3931290
2021-06-24 10:36:14,203.5,3931978
2021-06-24 10:36:16,203.5,3932179
2021-06-24 10:36:17,203.5,3932253
2021-06-24 10:36:17,203.5,3932454
2021-06-24 10:36:18,203.5,3932454
2021-06-24 10:36:19,203.45,3933078
2021-06-24 10:36:20,203.45,3933686
2021-06-24 10:36:21,203.5,3933815
2021-06-24 10:36:22,203.5,3935510
2021-06-24 10:36:23,203.5,3935658
2021-06-24 10:36:24,203.5,3935658
2021-06-24 10:36:25,203.5,3935658
2021-06-24 10:36:27,203.5,3935716
2021-06-24 10:36:27,203.5,3936716
2021-06-24 10:36:28,203.5,3936726
2021-06-24 10:36:29,203.45,3936750
2021-06-24 10:36:30,203.5,3936766
2021-06-24 10:36:31,203.5,3936796
2021-06-24 10:36:32,203.5,3937314
2021-06-24 10:36:33,203.5,3937334
2021-06-24 10:36:34,203.5,3937440
2021-06-24 10:36:35,203.5,3937459
2021-06-24 10:36:36,203.5,3937459
2021-06-24 10:36:37,203.5,3937544
2021-06-24 10:36:38,203.5,3937562
2021-06-24 10:36:39,203.5,3937617
2021-06-24 10:36:40,203.45,3937902
2021-06-24 10:36:41,203.5,3937921
2021-06-24 10:36:42,203.5,3938024
2021-06-24 10:36:43,203.5,3938535
2021-06-24 10:36:46,203.5,3948587
2021-06-24 10:36:48,203.4,3952245
2021-06-24 10:36:50,203.5,3952396
2021-06-24 10:36:52,203.5,3952667
2021-06-24 10:36:54,203.45,3952771
2021-06-24 10:36:56,203.4,3955414
2021-06-24 10:36:58,203.5,3955441
2021-06-24 10:37:00,203.45,3955530
2021-06-24 10:37:04,203.4,3961019
2021-06-24 10:37:07,203.5,3961128
2021-06-24 10:37:09,203.5,3961128
2021-06-24 10:37:12,203.5,3961352
2021-06-24 10:37:14,203.5,3961986
2021-06-24 10:37:17,203.5,3962610
2021-06-24 10:37:19,203.5,3962662
2021-06-24 10:37:22,203.5,3962782
2021-06-24 10:37:23,203.5,3963634
2021-06-24 10:37:25,203.5,3966138
2021-06-24 10:37:27,203.5,3966262
2021-06-24 10:37:29,203.5,3966922
2021-06-24 10:37:31,203.5,3967991
2021-06-24 10:37:33,203.5,3968019
2021-06-24 10:37:35,203.5,3968021
2021-06-24 10:37:37,203.5,3968184
2021-06-24 10:37:39,203.5,3969498
2021-06-24 10:37:41,203.5,3969535
2021-06-24 10:37:42,203.5,3971545
2021-06-24 10:37:44,203.45,3971582
2021-06-24 10:37:47,203.5,3973096
2021-06-24 10:37:48,203.5,3974122
2021-06-24 10:37:50,203.5,3974461
2021-06-24 10:37:52,203.4,3975665
2021-06-24 10:37:54,203.5,3975836
2021-06-24 10:37:56,203.5,3975844
2021-06-24 10:37:58,203.5,3977197
2021-06-24 10:38:00,203.5,3977212
2021-06-24 10:38:01,203.5,3978407
2021-06-24 10:38:03,203.45,3979447
2021-06-24 10:38:05,203.4,3980076
2021-06-24 10:38:07,203.5,3980323
2021-06-24 10:38:09,203.5,3980814
2021-06-24 10:38:11,203.5,3981008
2021-06-24 10:38:13,203.5,3981008
2021-06-24 10:38:15,203.5,3981025
2021-06-24 10:38:17,203.4,3981127
2021-06-24 10:38:18,203.5,3981245
2021-06-24 10:38:20,203.4,3981247
2021-06-24 10:38:22,203.5,3981315
2021-06-24 10:38:24,203.5,3982456
2021-06-24 10:38:26,203.5,3987062
2021-06-24 10:38:27,203.5,3987095
2021-06-24 10:38:29,203.5,3987100
2021-06-24 10:38:30,203.5,3987173
2021-06-24 10:38:32,203.5,3988518
2021-06-24 10:38:34,203.5,3988775
2021-06-24 10:38:36,203.5,3989275
2021-06-24 10:38:38,203.5,3989278
2021-06-24 10:38:39,203.5,3989401
2021-06-24 10:38:41,203.5,3989487
2021-06-24 10:38:43,203.5,3989523
2021-06-24 10:38:44,203.5,3991324
2021-06-24 10:38:46,203.5,3992542
2021-06-24 10:38:48,203.4,3992544
2021-06-24 10:38:50,203.5,3992554
2021-06-24 10:38:52,203.5,3992589
2021-06-24 10:38:54,203.5,3992626
2021-06-24 10:38:56,203.5,3993126
2021-06-24 10:38:57,203.5,3995721
2021-06-24 10:38:59,203.5,3995908
2021-06-24 10:39:01,203.5,3997252
2021-06-24 10:39:03,203.5,3997852
2021-06-24 10:39:05,203.5,3997991
2021-06-24 10:39:07,203.4,3998906
2021-06-24 10:39:09,203.5,3998908
2021-06-24 10:39:11,203.5,3999018
2021-06-24 10:39:13,203.5,3999274
2021-06-24 10:39:14,203.5,3999305
2021-06-24 10:39:16,203.5,3999382
2021-06-24 10:39:18,203.5,3999394
2021-06-24 10:39:19,203.5,3999506
2021-06-24 10:39:21,203.5,3999581
2021-06-24 10:39:23,203.5,3999581
2021-06-24 10:39:24,203.5,3999611
2021-06-24 10:39:27,203.35,4004329
2021-06-24 10:39:29,203.45,4005795
2021-06-24 10:39:32,203.35,4006996
2021-06-24 10:39:34,203.35,4007026
2021-06-24 10:39:35,203.45,4007410
2021-06-24 10:39:38,203.45,4008108
2021-06-24 10:39:40,203.35,4009191
2021-06-24 10:39:42,203.45,4009273
2021-06-24 10:39:44,203.4,4009279
2021-06-24 10:39:46,203.45,4009331
2021-06-24 10:39:48,203.45,4010533
2021-06-24 10:39:52,203.45,4010602
2021-06-24 10:39:54,203.45,4010614
2021-06-24 10:39:56,203.45,4010654
2021-06-24 10:39:58,203.45,4010713
2021-06-24 10:40:00,203.45,4010913
2021-06-24 10:40:03,203.45,4010966
2021-06-24 10:40:05,203.5,4012008
2021-06-24 10:40:08,203.5,4012058
2021-06-24 10:40:10,203.5,4012190
2021-06-24 10:40:12,203.45,4012240
2021-06-24 10:40:14,203.45,4012272
2021-06-24 10:40:16,203.45,4012403
2021-06-24 10:40:19,203.5,4012644
2021-06-24 10:40:21,203.5,4013010
2021-06-24 10:40:23,203.5,4013123
2021-06-24 10:40:25,203.45,4013619
2021-06-24 10:40:27,203.5,4014758
2021-06-24 10:40:29,203.45,4014832
2021-06-24 10:40:31,203.45,4017038
2021-06-24 10:40:34,203.45,4017043
2021-06-24 10:40:36,203.45,4017193
2021-06-24 10:40:38,203.45,4017193
2021-06-24 10:40:40,203.45,4017351
2021-06-24 10:40:42,203.4,4017392
2021-06-24 10:40:44,203.45,4017981
2021-06-24 10:40:46,203.45,4018153
2021-06-24 10:40:48,203.45,4020198
2021-06-24 10:40:50,203.4,4020210
2021-06-24 10:40:52,203.4,4023251
2021-06-24 10:40:54,203.5,4023262
2021-06-24 10:40:56,203.5,4023833
2021-06-24 10:40:57,203.5,4023846
2021-06-24 10:40:59,203.5,4023947
2021-06-24 10:41:03,203.5,4024055
2021-06-24 10:41:07,203.5,4024235
2021-06-24 10:41:09,203.5,4024478
2021-06-24 10:41:11,203.5,4024538
2021-06-24 10:41:13,203.45,4024660
2021-06-24 10:41:15,203.45,4024660
2021-06-24 10:41:17,203.5,4024665
2021-06-24 10:41:19,203.5,4030544
2021-06-24 10:41:21,203.5,4031592
2021-06-24 10:41:23,203.4,4037383
2021-06-24 10:41:25,203.4,4037441
2021-06-24 10:41:28,203.5,4037478
2021-06-24 10:41:31,203.5,4038694
2021-06-24 10:41:33,203.45,4038981
2021-06-24 10:41:35,203.5,4038987
2021-06-24 10:41:37,203.4,4038996
2021-06-24 10:41:39,203.5,4039195
2021-06-24 10:41:41,203.45,4040476
2021-06-24 10:41:43,203.45,4040718
2021-06-24 10:41:45,203.4,4041072
2021-06-24 10:41:47,203.45,4041374
2021-06-24 10:41:49,203.45,4041427
2021-06-24 10:41:51,203.45,4041429
2021-06-24 10:41:53,203.45,4042029
2021-06-24 10:41:55,203.45,4042040
2021-06-24 10:41:57,203.45,4043341
2021-06-24 10:41:59,203.45,4043976
2021-06-24 10:42:01,203.45,4044002
2021-06-24 10:42:03,203.45,4044566
2021-06-24 10:42:05,203.45,4044749
2021-06-24 10:42:07,203.5,4045720
2021-06-24 10:42:08,203.4,4046021
2021-06-24 10:42:10,203.5,4046059
2021-06-24 10:42:12,203.5,4046059
2021-06-24 10:42:14,203.5,4046081
2021-06-24 10:42:16,203.5,4046181
2021-06-24 10:42:18,203.5,4046370
2021-06-24 10:42:20,203.5,4046525
2021-06-24 10:42:22,203.5,4046840
2021-06-24 10:42:24,203.5,4046916
2021-06-24 10:42:25,203.4,4046942
2021-06-24 10:42:27,203.5,4047074
2021-06-24 10:42:29,203.4,4047174
2021-06-24 10:42:31,203.5,4047274
2021-06-24 10:42:33,203.5,4050490
2021-06-24 10:42:36,203.4,4050719
2021-06-24 10:42:38,203.5,4051568
2021-06-24 10:42:40,203.45,4052840
2021-06-24 10:42:42,203.4,4057241
2021-06-24 10:42:44,203.45,4057346
2021-06-24 10:42:47,203.5,4060882
2021-06-24 10:42:51,203.5,4062166
2021-06-24 10:42:53,203.5,4062183
2021-06-24 10:42:55,203.5,4062196
2021-06-24 10:42:58,203.5,4065397
2021-06-24 10:43:00,203.45,4065407
2021-06-24 10:43:04,203.5,4066471
2021-06-24 10:43:06,203.5,4066796
2021-06-24 10:43:08,203.5,4068311
2021-06-24 10:43:10,203.5,4068679
2021-06-24 10:43:12,203.5,4069372
2021-06-24 10:43:13,203.5,4069472
2021-06-24 10:43:16,203.5,4069751
2021-06-24 10:43:18,203.45,4069874
2021-06-24 10:43:19,203.5,4071336
2021-06-24 10:43:21,203.5,4071566
2021-06-24 10:43:23,203.5,4071719
2021-06-24 10:43:25,203.5,4071824
2021-06-24 10:43:27,203.5,4071839
2021-06-24 10:43:29,203.5,4071842
2021-06-24 10:43:31,203.5,4072116
2021-06-24 10:43:33,203.5,4073241
2021-06-24 10:43:35,203.5,4073293
2021-06-24 10:43:36,203.5,4073293
2021-06-24 10:43:38,203.45,4073328
2021-06-24 10:43:40,203.5,4074700
2021-06-24 10:43:42,203.5,4075659
2021-06-24 10:43:44,203.5,4075979
2021-06-24 10:43:46,203.45,4076140
2021-06-24 10:43:48,203.5,4077021
2021-06-24 10:43:49,203.5,4077041
2021-06-24 10:43:51,203.5,4077041
2021-06-24 10:43:53,203.45,4083110
2021-06-24 10:43:55,203.5,4084282
2021-06-24 10:43:56,203.45,4084585
2021-06-24 10:43:58,203.45,4087264
2021-06-24 10:44:00,203.45,4087305
2021-06-24 10:44:02,203.45,4087654
2021-06-24 10:44:04,203.45,4088363
2021-06-24 10:44:05,203.4,4088389
2021-06-24 10:44:07,203.45,4089326
2021-06-24 10:44:09,203.45,4089847
2021-06-24 10:44:11,203.45,4090914
2021-06-24 10:44:13,203.45,4090915
2021-06-24 10:44:17,203.45,4091575
2021-06-24 10:44:19,203.45,4091791
2021-06-24 10:44:21,203.45,4091892
2021-06-24 10:44:25,203.45,4092963
2021-06-24 10:44:27,203.4,4093113
2021-06-24 10:44:28,203.45,4093173
2021-06-24 10:44:30,203.4,4093471
2021-06-24 10:44:32,203.4,4093672
2021-06-24 10:44:34,203.45,4095756
2021-06-24 10:44:37,203.4,4097254
2021-06-24 10:44:39,203.4,4097320
2021-06-24 10:44:42,203.4,4097526
2021-06-24 10:44:44,203.45,4097529
2021-06-24 10:44:46,203.4,4097581
2021-06-24 10:44:49,203.45,4098781
2021-06-24 10:44:51,203.45,4099394
2021-06-24 10:44:53,203.45,4099997
2021-06-24 10:44:55,203.4,4099998
2021-06-24 10:44:57,203.45,4100518
2021-06-24 10:44:59,203.45,4100561
2021-06-24 10:45:01,203.45,4100571
2021-06-24 10:45:03,203.45,4113582
2021-06-24 10:45:05,203.4,4113784
2021-06-24 10:45:07,203.45,4116739
2021-06-24 10:45:09,203.45,4116839
2021-06-24 10:45:11,203.4,4119103
2021-06-24 10:45:13,203.4,4119106
2021-06-24 10:45:15,203.45,4119247
2021-06-24 10:45:17,203.45,4119500
2021-06-24 10:45:18,203.45,4119652
2021-06-24 10:45:20,203.4,4120402
2021-06-24 10:45:22,203.4,4120407
2021-06-24 10:45:24,203.45,4120417
2021-06-24 10:45:25,203.45,4121337
2021-06-24 10:45:27,203.4,4121342
2021-06-24 10:45:29,203.45,4121602
2021-06-24 10:45:31,203.45,4121746
2021-06-24 10:45:33,203.4,4121756
2021-06-24 10:45:35,203.45,4121860
2021-06-24 10:45:37,203.45,4121860
2021-06-24 10:45:39,203.45,4121868
2021-06-24 10:45:41,203.45,4121939
2021-06-24 10:45:43,203.45,4122026
2021-06-24 10:45:45,203.45,4122189
2021-06-24 10:45:48,203.45,4122201
2021-06-24 10:45:50,203.45,4126561
2021-06-24 10:45:52,203.45,4128309
2021-06-24 10:45:54,203.4,4131956
2021-06-24 10:45:56,203.45,4132766
2021-06-24 10:45:58,203.45,4132766
2021-06-24 10:46:00,203.45,4132789
2021-06-24 10:46:02,203.45,4132814
2021-06-24 10:46:04,203.45,4132870
2021-06-24 10:46:06,203.45,4133953
2021-06-24 10:46:08,203.45,4134123
2021-06-24 10:46:09,203.45,4134735
2021-06-24 10:46:11,203.4,4135821
2021-06-24 10:46:13,203.45,4137268
2021-06-24 10:46:15,203.4,4137957
2021-06-24 10:46:17,203.45,4138062
2021-06-24 10:46:18,203.45,4139078
2021-06-24 10:46:21,203.4,4139639
2021-06-24 10:46:23,203.45,4140322
2021-06-24 10:46:24,203.45,4140433
2021-06-24 10:46:26,203.45,4140974
2021-06-24 10:46:28,203.45,4141099
2021-06-24 10:46:30,203.45,4141149
2021-06-24 10:46:32,203.45,4141199
2021-06-24 10:46:34,203.45,4141199
2021-06-24 10:46:35,203.45,4141798
2021-06-24 10:46:37,203.45,4143546
2021-06-24 10:46:39,203.4,4143695
2021-06-24 10:46:41,203.45,4143780
2021-06-24 10:46:43,203.45,4145982
2021-06-24 10:46:45,203.45,4146469
2021-06-24 10:46:47,203.45,4146544
2021-06-24 10:46:50,203.45,4147109
2021-06-24 10:46:54,203.45,4147332
2021-06-24 10:46:55,203.3,4182692
2021-06-24 10:46:57,203.3,4185969
2021-06-24 10:46:58,203.4,4188366
2021-06-24 10:47:00,203.3,4188622
2021-06-24 10:47:02,203.25,4196497
2021-06-24 10:47:03,203.3,4197215
2021-06-24 10:47:06,203.35,4197228
2021-06-24 10:47:08,203.35,4197233
2021-06-24 10:47:10,203.35,4197890
2021-06-24 10:47:12,203.35,4197915
2021-06-24 10:47:14,203.35,4197950
2021-06-24 10:47:16,203.35,4216751
2021-06-24 10:47:18,203.3,4216764
2021-06-24 10:47:20,203.25,4220050
2021-06-24 10:47:22,203.3,4220566
2021-06-24 10:47:24,203.35,4224749
2021-06-24 10:47:26,203.25,4225287
2021-06-24 10:47:30,203.35,4225405
2021-06-24 10:47:32,203.35,4225515
2021-06-24 10:47:33,203.35,4225840
2021-06-24 10:47:35,203.35,4225897
2021-06-24 10:47:37,203.35,4225929
2021-06-24 10:47:39,203.35,4226511
2021-06-24 10:47:42,203.35,4226566
2021-06-24 10:47:44,203.35,4226666
2021-06-24 10:47:46,203.35,4226734
2021-06-24 10:47:47,203.35,4226735
2021-06-24 10:47:49,203.35,4226875
2021-06-24 10:47:51,203.35,4226876
2021-06-24 10:47:53,203.35,4226894
2021-06-24 10:47:55,203.3,4227326
2021-06-24 10:47:57,203.35,4227392
2021-06-24 10:47:59,203.35,4227612
2021-06-24 10:48:01,203.35,4228485
2021-06-24 10:48:04,203.35,4228635
2021-06-24 10:48:06,203.3,4228763
2021-06-24 10:48:08,203.35,4229291
2021-06-24 10:48:09,203.35,4229356
2021-06-24 10:48:11,203.35,4229366
2021-06-24 10:48:13,203.35,4229469
2021-06-24 10:48:15,203.35,4229519
2021-06-24 10:48:17,203.35,4229530
2021-06-24 10:48:19,203.35,4231005
2021-06-24 10:48:22,203.35,4231507
2021-06-24 10:48:24,203.35,4232230
2021-06-24 10:48:27,203.35,4233430
2021-06-24 10:48:29,203.35,4234266
2021-06-24 10:48:31,203.35,4234624
2021-06-24 10:48:34,203.3,4235910
2021-06-24 10:48:37,203.35,4238347
2021-06-24 10:48:39,203.35,4238398
2021-06-24 10:48:41,203.35,4241678
2021-06-24 10:48:43,203.35,4242679
2021-06-24 10:48:45,203.3,4243619
2021-06-24 10:48:47,203.4,4243862
2021-06-24 10:48:49,203.35,4243872
2021-06-24 10:48:51,203.4,4245007
2021-06-24 10:48:53,203.3,4245317
2021-06-24 10:48:55,203.4,4245918
2021-06-24 10:48:57,203.4,4246019
2021-06-24 10:48:59,203.35,4251423
2021-06-24 10:49:01,203.35,4251893
2021-06-24 10:49:03,203.4,4251963
2021-06-24 10:49:05,203.4,4252242
2021-06-24 10:49:07,203.4,4252342
2021-06-24 10:49:09,203.4,4252408
2021-06-24 10:49:11,203.4,4254008
2021-06-24 10:49:14,203.4,4254668
2021-06-24 10:49:16,203.4,4261249
2021-06-24 10:49:18,203.4,4262417
2021-06-24 10:49:20,203.4,4263254
2021-06-24 10:49:22,203.4,4263464
2021-06-24 10:49:24,203.4,4263988
2021-06-24 10:49:26,203.4,4264003
2021-06-24 10:49:28,203.45,4264149
2021-06-24 10:49:30,203.4,4264559
2021-06-24 10:49:32,203.4,4264559
2021-06-24 10:49:35,203.45,4264602
2021-06-24 10:49:37,203.4,4264802
2021-06-24 10:49:40,203.4,4264916
2021-06-24 10:49:42,203.45,4265032
2021-06-24 10:49:44,203.45,4265107
2021-06-24 10:49:46,203.45,4265328
2021-06-24 10:49:50,203.4,4265831
2021-06-24 10:49:52,203.45,4266064
2021-06-24 10:49:53,203.45,4266125
2021-06-24 10:49:55,203.45,4266285
2021-06-24 10:49:57,203.45,4266435
2021-06-24 10:49:59,203.4,4268010
2021-06-24 10:50:01,203.4,4268484
2021-06-24 10:50:03,203.4,4268491
2021-06-24 10:50:05,203.45,4270664
2021-06-24 10:50:07,203.45,4270664
2021-06-24 10:50:09,203.45,4270720
2021-06-24 10:50:10,203.4,4270920
2021-06-24 10:50:12,203.4,4274184
2021-06-24 10:50:14,203.35,4274498
2021-06-24 10:50:16,203.4,4276954
2021-06-24 10:50:18,203.4,4276957
2021-06-24 10:50:19,203.4,4276967
2021-06-24 10:50:21,203.4,4276968
2021-06-24 10:50:23,203.4,4277018
2021-06-24 10:50:27,203.4,4277064
2021-06-24 10:50:28,203.4,4278585
2021-06-24 10:50:30,203.3,4278586
2021-06-24 10:50:31,203.4,4280904
2021-06-24 10:50:33,203.4,4281699
2021-06-24 10:50:35,203.4,4282221
2021-06-24 10:50:37,203.4,4282222
2021-06-24 10:50:42,203.3,4283070
2021-06-24 10:50:43,203.3,4283095
2021-06-24 10:50:45,203.4,4284504
2021-06-24 10:50:46,203.4,4284734
2021-06-24 10:50:48,203.4,4284762
2021-06-24 10:50:50,203.4,4284762
2021-06-24 10:50:52,203.4,4286266
2021-06-24 10:50:53,203.4,4286489
2021-06-24 10:50:55,203.4,4286491
2021-06-24 10:50:56,203.4,4286541
2021-06-24 10:50:58,203.4,4287744
2021-06-24 10:51:00,203.4,4288277
2021-06-24 10:51:02,203.4,4288582
2021-06-24 10:51:04,203.3,4288688
2021-06-24 10:51:05,203.4,4288690
2021-06-24 10:51:07,203.4,4288903
2021-06-24 10:51:09,203.3,4291004
2021-06-24 10:51:11,203.4,4291329
2021-06-24 10:51:13,203.4,4291630
2021-06-24 10:51:15,203.3,4292105
2021-06-24 10:51:18,203.4,4292159
2021-06-24 10:51:20,203.4,4292174
2021-06-24 10:51:21,203.4,4292214
2021-06-24 10:51:23,203.4,4293926
2021-06-24 10:51:25,203.4,4294638
2021-06-24 10:51:27,203.45,4295877
2021-06-24 10:51:29,203.45,4296125
2021-06-24 10:51:31,203.45,4296153
2021-06-24 10:51:32,203.45,4296158
2021-06-24 10:51:34,203.45,4296755
2021-06-24 10:51:36,203.45,4296770
2021-06-24 10:51:38,203.45,4297371
2021-06-24 10:51:42,203.4,4300848
2021-06-24 10:51:44,203.4,4300858
2021-06-24 10:51:45,203.4,4300858
2021-06-24 10:51:47,203.35,4302013
2021-06-24 10:51:48,203.4,4303879
2021-06-24 10:51:49,203.4,4303885
2021-06-24 10:51:50,203.4,4304929
2021-06-24 10:51:51,203.4,4305181
2021-06-24 10:51:52,203.4,4305309
2021-06-24 10:51:52,203.3,4307398
2021-06-24 10:51:53,203.3,4307400
2021-06-24 10:51:54,203.4,4307520
2021-06-24 10:51:55,203.4,4307620
2021-06-24 10:51:56,203.4,4307653
2021-06-24 10:51:57,203.4,4307674
2021-06-24 10:51:58,203.4,4307709
2021-06-24 10:51:59,203.4,4307710
2021-06-24 10:52:00,203.4,4307713
2021-06-24 10:52:02,203.4,4307813
2021-06-24 10:52:04,203.4,4312490
2021-06-24 10:52:05,203.4,4313813
2021-06-24 10:52:06,203.3,4313944
2021-06-24 10:52:05,203.4,4313813
2021-06-24 10:52:07,203.4,4314152
2021-06-24 10:52:08,203.4,4314159
2021-06-24 10:52:09,203.3,4314289
2021-06-24 10:52:11,203.3,4314394
2021-06-24 10:52:11,203.4,4314401
2021-06-24 10:52:13,203.4,4314406
2021-06-24 10:52:14,203.3,4314435
2021-06-24 10:52:15,203.4,4314445
2021-06-24 10:52:16,203.4,4314466
2021-06-24 10:52:17,203.4,4314466
2021-06-24 10:52:18,203.4,4315567
2021-06-24 10:52:18,203.4,4315674
2021-06-24 10:52:19,203.3,4315823
2021-06-24 10:52:20,203.4,4315842
2021-06-24 10:52:22,203.4,4316902
2021-06-24 10:52:22,203.4,4316952
2021-06-24 10:52:23,203.4,4316953
2021-06-24 10:52:25,203.4,4316978
2021-06-24 10:52:26,203.4,4317010
2021-06-24 10:52:27,203.4,4317120
2021-06-24 10:52:28,203.4,4317181
2021-06-24 10:52:29,203.4,4317281
2021-06-24 10:52:30,203.4,4317295
2021-06-24 10:52:31,203.4,4317298
2021-06-24 10:52:32,203.3,4318300
2021-06-24 10:52:34,203.4,4318426
2021-06-24 10:52:34,203.4,4318426
2021-06-24 10:52:35,203.4,4318426
2021-06-24 10:52:36,203.4,4318575
2021-06-24 10:52:37,203.4,4318621
2021-06-24 10:52:38,203.4,4318781
2021-06-24 10:52:39,203.4,4319036
2021-06-24 10:52:40,203.4,4319037
2021-06-24 10:52:41,203.4,4319154
2021-06-24 10:52:42,203.35,4319159
