timestamp,ltp,volume
2021-06-24 09:35:55,674.5,1007769
2021-06-24 09:35:56,674.75,1008070
2021-06-24 09:35:57,674.4,1008954
2021-06-24 09:35:57,674.4,1008954
2021-06-24 09:35:58,674.75,1010276
2021-06-24 09:35:59,674.7,1010381
2021-06-24 09:36:01,674.5,1010481
2021-06-24 09:36:02,674.5,1010791
2021-06-24 09:36:03,674.5,1011157
2021-06-24 09:36:04,674.7,1011307
2021-06-24 09:36:05,674.5,1011637
2021-06-24 09:36:05,674.5,1011637
2021-06-24 09:36:06,674.5,1011662
2021-06-24 09:36:07,674.55,1012022
2021-06-24 09:36:08,674.6,1012092
2021-06-24 09:36:10,674.5,1012468
2021-06-24 09:36:11,674.5,1012478
2021-06-24 09:36:12,674.5,1013143
2021-06-24 09:36:13,674.5,1014091
2021-06-24 09:36:13,674.5,1014106
2021-06-24 09:36:14,674.55,1014727
2021-06-24 09:36:15,674.5,1014732
2021-06-24 09:36:17,674.55,1014863
2021-06-24 09:36:18,674.7,1015243
2021-06-24 09:36:19,674.55,1015313
2021-06-24 09:36:19,674.55,1015313
2021-06-24 09:36:20,674.55,1015518
2021-06-24 09:36:21,674.55,1015833
2021-06-24 09:36:22,674.55,1015933
2021-06-24 09:36:23,674.55,1016062
2021-06-24 09:36:25,674.7,1016330
2021-06-24 09:36:26,674.6,1016880
2021-06-24 09:36:27,674.55,1016901
2021-06-24 09:36:28,674.6,1016944
2021-06-24 09:36:28,674.6,1016944
2021-06-24 09:36:30,674.7,1017747
2021-06-24 09:36:34,674.8,1019269
2021-06-24 09:36:35,674.6,1019662
2021-06-24 09:36:35,674.7,1019688
2021-06-24 09:36:36,674.8,1019888
2021-06-24 09:36:38,674.8,1019888
2021-06-24 09:36:39,674.8,1019888
2021-06-24 09:36:40,674.75,1020005
2021-06-24 09:36:42,674.55,1022398
2021-06-24 09:36:43,674.65,1022436
2021-06-24 09:36:44,674.5,1022585
2021-06-24 09:36:45,674.5,1024155
2021-06-24 09:36:47,674.3,1027656
2021-06-24 09:36:47,674.3,1027660
2021-06-24 09:36:50,674.5,1028238
2021-06-24 09:36:51,674.3,1028398
2021-06-24 09:36:52,674.3,1028515
2021-06-24 09:36:53,674.3,1028515
2021-06-24 09:36:54,674.45,1028533
2021-06-24 09:36:55,674.35,1028548
2021-06-24 09:36:57,674.2,1033434
2021-06-24 09:36:58,674.05,1033544
2021-06-24 09:36:59,674.0,1034348
2021-06-24 09:37:00,674.0,1034462
2021-06-24 09:37:01,674.0,1034865
2021-06-24 09:37:01,674.0,1034865
2021-06-24 09:37:02,674.0,1035033
2021-06-24 09:37:03,674.0,1035123
2021-06-24 09:37:04,674.25,1035589
2021-06-24 09:37:05,674.0,1035719
2021-06-24 09:37:06,674.05,1037299
2021-06-24 09:37:08,674.05,1038573
2021-06-24 09:37:09,674.0,1038918
2021-06-24 09:37:10,674.25,1039078
2021-06-24 09:37:11,674.0,1040383
2021-06-24 09:37:12,674.0,1040969
2021-06-24 09:37:13,674.0,1041295
2021-06-24 09:37:13,674.0,1041306
2021-06-24 09:37:14,674.0,1042092
2021-06-24 09:37:15,673.8,1042473
2021-06-24 09:37:16,674.0,1042658
2021-06-24 09:37:17,673.85,1042954
2021-06-24 09:37:19,674.2,1044528
2021-06-24 09:37:19,674.2,1044529
2021-06-24 09:37:20,674.1,1045659
2021-06-24 09:37:21,674.1,1047126
2021-06-24 09:37:22,674.25,1047366
2021-06-24 09:37:23,674.15,1047556
2021-06-24 09:37:24,674.45,1048302
2021-06-24 09:37:25,674.15,1048600
2021-06-24 09:37:26,674.15,1049750
2021-06-24 09:37:28,674.15,1050481
2021-06-24 09:37:29,674.15,1050486
2021-06-24 09:37:30,674.45,1050721
2021-06-24 09:37:31,674.2,1050830
2021-06-24 09:37:32,674.2,1051003
2021-06-24 09:37:33,674.2,1051003
2021-06-24 09:37:33,674.2,1051003
2021-06-24 09:37:35,674.4,1051099
2021-06-24 09:37:36,674.4,1051307
2021-06-24 09:37:37,674.4,1051307
2021-06-24 09:37:38,674.45,1051313
2021-06-24 09:37:39,674.4,1051327
2021-06-24 09:37:40,674.4,1051427
2021-06-24 09:37:40,674.25,1051527
2021-06-24 09:37:42,674.25,1051652
2021-06-24 09:37:43,674.25,1051852
2021-06-24 09:37:44,674.45,1052412
2021-06-24 09:37:45,674.4,1052624
2021-06-24 09:37:46,674.4,1052692
2021-06-24 09:37:46,674.5,1053692
2021-06-24 09:37:47,674.4,1053963
2021-06-24 09:37:49,674.4,1054548
2021-06-24 09:37:50,674.25,1054854
2021-06-24 09:37:51,674.2,1055566
2021-06-24 09:37:52,674.2,1055617
2021-06-24 09:37:53,674.4,1056262
2021-06-24 09:37:54,674.2,1056626
2021-06-24 09:37:55,674.4,1056956
2021-06-24 09:37:56,674.4,1057048
2021-06-24 09:37:58,674.15,1057470
2021-06-24 09:38:00,674.2,1058106
2021-06-24 09:38:01,674.5,1060225
2021-06-24 09:38:02,674.5,1060465
2021-06-24 09:38:04,674.4,1060601
2021-06-24 09:38:05,674.45,1060896
2021-06-24 09:38:05,674.45,1060897
2021-06-24 09:38:07,674.45,1060950
2021-06-24 09:38:08,674.7,1060961
2021-06-24 09:38:09,674.45,1060962
2021-06-24 09:38:10,674.7,1061124
2021-06-24 09:38:10,674.7,1061124
2021-06-24 09:38:12,674.8,1061128
2021-06-24 09:38:14,674.8,1061307
2021-06-24 09:38:15,674.9,1061312
2021-06-24 09:38:16,674.75,1061346
2021-06-24 09:38:17,674.75,1061706
2021-06-24 09:38:18,674.75,1062187
2021-06-24 09:38:19,674.75,1062264
2021-06-24 09:38:20,674.75,1062264
2021-06-24 09:38:21,675.0,1062715
2021-06-24 09:38:21,675.0,1062715
2021-06-24 09:38:22,675.0,1062833
2021-06-24 09:38:23,674.75,1062855
2021-06-24 09:38:24,674.8,1062881
2021-06-24 09:38:25,675.0,1062920
2021-06-24 09:38:26,675.0,1063010
2021-06-24 09:38:28,674.8,1066673
2021-06-24 09:38:29,674.95,1066803
2021-06-24 09:38:30,674.75,1066873
2021-06-24 09:38:31,675.0,1066988
2021-06-24 09:38:32,674.7,1067536
2021-06-24 09:38:33,674.9,1067607
2021-06-24 09:38:34,674.9,1067625
2021-06-24 09:38:35,674.9,1067625
2021-06-24 09:38:36,674.9,1067625
2021-06-24 09:38:37,674.95,1067764
2021-06-24 09:38:38,674.95,1067767
2021-06-24 09:38:39,674.9,1067971
2021-06-24 09:38:40,674.65,1068571
2021-06-24 09:38:41,675.0,1068576
2021-06-24 09:38:42,675.0,1068664
2021-06-24 09:38:43,674.9,1069205
2021-06-24 09:38:44,674.9,1069205
2021-06-24 09:38:45,674.95,1070303
2021-06-24 09:38:46,674.95,1070430
2021-06-24 09:38:47,674.7,1070441
2021-06-24 09:38:47,674.7,1070441
2021-06-24 09:38:48,674.7,1070491
2021-06-24 09:38:50,674.85,1071006
2021-06-24 09:38:51,674.85,1071006
2021-06-24 09:38:51,674.85,1071006
2021-06-24 09:38:52,674.95,1071244
2021-06-24 09:38:53,674.95,1071309
2021-06-24 09:38:54,674.7,1071730
2021-06-24 09:38:56,674.7,1073534
2021-06-24 09:38:57,674.75,1074649
2021-06-24 09:38:58,674.75,1074993
2021-06-24 09:38:59,674.5,1075023
2021-06-24 09:39:00,674.5,1075995
2021-06-24 09:39:01,674.7,1076019
2021-06-24 09:39:02,674.5,1076036
2021-06-24 09:39:03,674.7,1076171
2021-06-24 09:39:04,674.7,1077189
2021-06-24 09:39:05,674.5,1077219
2021-06-24 09:39:06,674.5,1077219
2021-06-24 09:39:07,674.7,1077248
2021-06-24 09:39:07,674.7,1077448
2021-06-24 09:39:09,674.5,1077450
2021-06-24 09:39:09,674.7,1077506
2021-06-24 09:39:11,674.5,1077612
2021-06-24 09:39:12,674.0,1080402
2021-06-24 09:39:13,674.0,1080402
2021-06-24 09:39:14,674.05,1082002
2021-06-24 09:39:15,674.15,1082207
2021-06-24 09:39:16,674.15,1082349
2021-06-24 09:39:17,674.0,1082352
2021-06-24 09:39:18,674.2,1083082
2021-06-24 09:39:19,673.8,1089505
2021-06-24 09:39:20,674.05,1089525
2021-06-24 09:39:21,673.75,1089660
2021-06-24 09:39:21,674.05,1089915
2021-06-24 09:39:24,673.75,1090520
2021-06-24 09:39:24,673.75,1091020
2021-06-24 09:39:25,673.65,1091178
2021-06-24 09:39:27,673.85,1091592
2021-06-24 09:39:28,673.8,1091718
2021-06-24 09:39:29,673.8,1091837
2021-06-24 09:39:30,673.8,1091839
2021-06-24 09:39:31,673.8,1091839
2021-06-24 09:39:32,673.95,1094708
2021-06-24 09:39:33,673.95,1094858
2021-06-24 09:39:34,674.15,1094894
2021-06-24 09:39:37,673.95,1095050
2021-06-24 09:39:38,673.95,1095062
2021-06-24 09:39:39,673.95,1095562
2021-06-24 09:39:40,674.15,1095563
2021-06-24 09:39:41,673.95,1095663
2021-06-24 09:39:42,674.2,1095703
2021-06-24 09:39:43,674.0,1095759
2021-06-24 09:39:44,673.8,1096891
2021-06-24 09:39:45,674.05,1096909
2021-06-24 09:39:46,673.95,1097317
2021-06-24 09:39:48,674.05,1097456
2021-06-24 09:39:47,674.25,1097450
2021-06-24 09:39:49,674.05,1097456
2021-06-24 09:39:50,674.05,1097473
2021-06-24 09:39:53,674.05,1097737
2021-06-24 09:39:52,674.05,1097737
2021-06-24 09:39:54,673.95,1098026
2021-06-24 09:39:55,674.05,1098029
2021-06-24 09:39:56,674.2,1098129
2021-06-24 09:39:57,674.6,1103512
2021-06-24 09:39:58,674.6,1103862
2021-06-24 09:39:59,674.45,1103870
2021-06-24 09:40:00,674.75,1103887
2021-06-24 09:40:01,674.75,1103890
2021-06-24 09:40:02,674.45,1103898
2021-06-24 09:40:03,674.45,1103918
2021-06-24 09:40:04,674.8,1104239
2021-06-24 09:40:05,674.8,1104239
2021-06-24 09:40:06,674.8,1104239
2021-06-24 09:40:07,674.55,1104654
2021-06-24 09:40:08,674.55,1104654
2021-06-24 09:40:09,674.5,1104760
2021-06-24 09:40:10,674.5,1104770
2021-06-24 09:40:11,674.25,1104795
2021-06-24 09:40:12,674.25,1104895
2021-06-24 09:40:13,674.2,1105143
2021-06-24 09:40:14,674.45,1105421
2021-06-24 09:40:15,674.4,1105710
2021-06-24 09:40:16,674.0,1105831
2021-06-24 09:40:17,674.0,1105831
2021-06-24 09:40:18,674.2,1105871
2021-06-24 09:40:19,674.0,1106983
2021-06-24 09:40:20,674.4,1107028
2021-06-24 09:40:21,674.4,1107028
2021-06-24 09:40:22,674.5,1107128
2021-06-24 09:40:23,674.5,1107198
2021-06-24 09:40:24,674.25,1107609
2021-06-24 09:40:25,674.15,1108264
2021-06-24 09:40:26,674.55,1108790
2021-06-24 09:40:27,674.55,1108811
2021-06-24 09:40:28,674.55,1108811
2021-06-24 09:40:29,674.3,1109031
2021-06-24 09:40:30,674.4,1110040
2021-06-24 09:40:31,674.3,1110100
2021-06-24 09:40:32,674.3,1110100
2021-06-24 09:40:33,674.3,1110100
2021-06-24 09:40:34,674.2,1110300
2021-06-24 09:40:35,674.1,1110421
2021-06-24 09:40:36,674.35,1110489
2021-06-24 09:40:38,673.9,1115268
2021-06-24 09:40:39,673.6,1115420
2021-06-24 09:40:40,673.85,1115430
2021-06-24 09:40:41,673.85,1115430
2021-06-24 09:40:42,673.55,1115627
2021-06-24 09:40:43,673.55,1115627
2021-06-24 09:40:44,673.55,1115894
2021-06-24 09:40:45,673.5,1116054
2021-06-24 09:40:46,673.6,1116575
2021-06-24 09:40:47,673.65,1117486
2021-06-24 09:40:48,673.65,1118082
2021-06-24 09:40:49,673.5,1118204
2021-06-24 09:40:50,672.65,1147046
2021-06-24 09:40:51,672.8,1147227
2021-06-24 09:40:52,673.2,1148745
2021-06-24 09:40:53,673.2,1150094
2021-06-24 09:40:54,673.2,1150201
2021-06-24 09:40:56,673.4,1152399
2021-06-24 09:40:57,673.2,1152454
2021-06-24 09:40:58,673.5,1152914
2021-06-24 09:40:59,673.2,1152964
2021-06-24 09:41:01,673.2,1153806
2021-06-24 09:41:02,673.15,1154062
2021-06-24 09:41:03,673.5,1155014
2021-06-24 09:41:04,673.5,1155449
2021-06-24 09:41:05,673.15,1155517
2021-06-24 09:41:06,673.15,1156018
2021-06-24 09:41:07,673.1,1156744
2021-06-24 09:41:08,673.25,1158146
2021-06-24 09:41:09,673.45,1158246
2021-06-24 09:41:10,673.2,1158447
2021-06-24 09:41:11,673.25,1161725
2021-06-24 09:41:12,673.25,1161751
2021-06-24 09:41:13,673.25,1162003
2021-06-24 09:41:14,673.25,1162003
2021-06-24 09:41:15,673.25,1162053
2021-06-24 09:41:16,673.25,1162353
2021-06-24 09:41:17,673.25,1162357
2021-06-24 09:41:18,673.4,1162620
2021-06-24 09:41:19,673.25,1163880
2021-06-24 09:41:20,673.55,1164577
2021-06-24 09:41:21,673.5,1164648
2021-06-24 09:41:22,673.25,1164832
2021-06-24 09:41:23,673.25,1165592
2021-06-24 09:41:24,673.5,1165685
2021-06-24 09:41:25,673.25,1165859
2021-06-24 09:41:26,673.45,1165864
2021-06-24 09:41:27,673.45,1165866
2021-06-24 09:41:28,673.25,1165918
2021-06-24 09:41:29,673.25,1166198
2021-06-24 09:41:30,673.25,1166245
2021-06-24 09:41:31,673.45,1166333
2021-06-24 09:41:32,673.35,1166496
2021-06-24 09:41:33,673.45,1166815
2021-06-24 09:41:34,673.45,1166815
2021-06-24 09:41:35,673.5,1169976
2021-06-24 09:41:36,673.25,1170185
2021-06-24 09:41:37,673.25,1170220
2021-06-24 09:41:38,673.3,1170240
2021-06-24 09:41:39,673.3,1170240
2021-06-24 09:41:40,673.35,1170363
2021-06-24 09:41:41,673.3,1170364
2021-06-24 09:41:42,673.3,1170364
2021-06-24 09:41:44,673.2,1172547
2021-06-24 09:41:45,673.35,1172935
2021-06-24 09:41:46,673.35,1172935
2021-06-24 09:41:47,673.2,1173151
2021-06-24 09:41:48,673.35,1173352
2021-06-24 09:41:49,673.25,1173353
2021-06-24 09:41:50,673.25,1173359
2021-06-24 09:41:51,673.3,1173374
2021-06-24 09:41:52,673.25,1173427
2021-06-24 09:41:53,673.3,1173479
2021-06-24 09:41:54,673.4,1173599
2021-06-24 09:41:55,673.3,1173719
2021-06-24 09:41:56,673.4,1173739
2021-06-24 09:41:57,673.3,1173902
2021-06-24 09:41:58,673.4,1173966
2021-06-24 09:41:59,673.25,1173968
2021-06-24 09:42:00,673.25,1174081
2021-06-24 09:42:01,673.4,1174091
2021-06-24 09:42:02,673.35,1174201
2021-06-24 09:42:03,673.35,1174206
2021-06-24 09:42:05,673.4,1174916
2021-06-24 09:42:05,673.35,1175075
2021-06-24 09:42:06,673.4,1175325
2021-06-24 09:42:07,673.3,1175363
2021-06-24 09:42:09,673.3,1175383
2021-06-24 09:42:11,673.4,1176118
2021-06-24 09:42:11,673.4,1176118
2021-06-24 09:42:12,673.35,1176153
2021-06-24 09:42:13,673.4,1176395
2021-06-24 09:42:14,673.3,1176645
2021-06-24 09:42:15,673.4,1176647
2021-06-24 09:42:16,673.25,1176767
2021-06-24 09:42:17,673.25,1177382
2021-06-24 09:42:18,673.4,1177818
2021-06-24 09:42:19,673.4,1177856
2021-06-24 09:42:20,673.4,1178031
2021-06-24 09:42:21,673.3,1178351
2021-06-24 09:42:22,673.25,1179619
2021-06-24 09:42:24,673.25,1179697
2021-06-24 09:42:24,673.25,1179697
2021-06-24 09:42:25,673.25,1179791
2021-06-24 09:42:26,673.25,1179791
2021-06-24 09:42:27,673.25,1179810
2021-06-24 09:42:28,673.25,1179812
2021-06-24 09:42:29,673.25,1180427
2021-06-24 09:42:30,673.2,1180434
2021-06-24 09:42:31,673.2,1180716
2021-06-24 09:42:32,673.25,1180921
2021-06-24 09:42:34,673.2,1181421
2021-06-24 09:42:34,673.2,1181421
2021-06-24 09:42:35,673.2,1181483
2021-06-24 09:42:36,673.15,1181783
2021-06-24 09:42:37,673.2,1181833
2021-06-24 09:42:38,673.65,1186685
2021-06-24 09:42:39,673.65,1186743
2021-06-24 09:42:40,673.65,1187466
2021-06-24 09:42:41,673.65,1187698
2021-06-24 09:42:42,673.6,1187708
2021-06-24 09:42:43,673.9,1187733
2021-06-24 09:42:44,674.0,1188154
2021-06-24 09:42:45,674.0,1188154
2021-06-24 09:42:46,673.7,1188216
2021-06-24 09:42:47,673.95,1188217
2021-06-24 09:42:48,673.55,1188434
2021-06-24 09:42:49,673.6,1188554
2021-06-24 09:42:50,673.9,1190380
2021-06-24 09:42:51,673.9,1190380
2021-06-24 09:42:52,673.85,1191068
2021-06-24 09:42:53,674.0,1191081
2021-06-24 09:42:54,674.0,1191081
2021-06-24 09:42:55,674.0,1191081
2021-06-24 09:42:56,673.8,1191236
2021-06-24 09:42:57,674.0,1191306
2021-06-24 09:42:59,674.0,1191306
2021-06-24 09:42:59,673.75,1191401
2021-06-24 09:43:00,673.7,1192008
2021-06-24 09:43:01,673.75,1192127
2021-06-24 09:43:02,674.0,1192129
2021-06-24 09:43:03,673.75,1192523
2021-06-24 09:43:04,673.75,1192527
2021-06-24 09:43:05,674.0,1193033
2021-06-24 09:43:06,673.75,1193233
2021-06-24 09:43:08,673.75,1193428
2021-06-24 09:43:08,674.0,1193430
2021-06-24 09:43:09,674.0,1193430
2021-06-24 09:43:10,673.8,1193436
2021-06-24 09:43:11,674.2,1196158
2021-06-24 09:43:12,674.5,1196387
2021-06-24 09:43:13,674.15,1196448
2021-06-24 09:43:14,674.45,1196468
2021-06-24 09:43:15,674.1,1196488
2021-06-24 09:43:16,674.15,1196638
2021-06-24 09:43:17,674.45,1198338
2021-06-24 09:43:18,674.45,1198345
2021-06-24 09:43:19,674.2,1198422
2021-06-24 09:43:20,674.2,1198422
2021-06-24 09:43:21,674.5,1198954
2021-06-24 09:43:22,674.2,1198959
2021-06-24 09:43:23,674.2,1198960
2021-06-24 09:43:24,674.2,1198960
2021-06-24 09:43:26,674.5,1200999
2021-06-24 09:43:26,674.5,1200999
2021-06-24 09:43:27,674.45,1201051
2021-06-24 09:43:28,674.25,1201054
2021-06-24 09:43:29,674.25,1201054
2021-06-24 09:43:30,674.45,1201086
2021-06-24 09:43:31,674.45,1201086
2021-06-24 09:43:32,674.25,1201236
2021-06-24 09:43:33,674.45,1201411
2021-06-24 09:43:34,674.4,1201614
2021-06-24 09:43:35,674.45,1201669
2021-06-24 09:43:36,674.25,1202233
2021-06-24 09:43:37,674.45,1202238
2021-06-24 09:43:38,674.45,1202253
2021-06-24 09:43:39,674.25,1202281
2021-06-24 09:43:40,674.25,1202761
2021-06-24 09:43:41,674.5,1202801
2021-06-24 09:43:42,674.5,1203301
2021-06-24 09:43:43,674.5,1203301
2021-06-24 09:43:44,674.45,1203351
2021-06-24 09:43:45,674.45,1203353
2021-06-24 09:43:46,674.45,1203363
2021-06-24 09:43:47,674.45,1203415
2021-06-24 09:43:48,674.45,1203479
2021-06-24 09:43:49,674.25,1203579
2021-06-24 09:43:50,674.25,1203645
2021-06-24 09:43:51,674.45,1203697
2021-06-24 09:43:52,674.45,1203748
2021-06-24 09:43:53,674.25,1203809
2021-06-24 09:43:55,674.45,1203959
2021-06-24 09:43:56,674.45,1203984
2021-06-24 09:43:57,674.45,1204004
2021-06-24 09:43:58,674.3,1204014
2021-06-24 09:43:59,674.3,1204014
2021-06-24 09:44:00,674.45,1204109
2021-06-24 09:44:00,674.3,1204110
2021-06-24 09:44:01,674.25,1204337
2021-06-24 09:44:03,674.45,1204420
2021-06-24 09:44:04,674.25,1204558
2021-06-24 09:44:05,674.3,1204826
2021-06-24 09:44:06,674.4,1204855
2021-06-24 09:44:07,674.25,1204885
2021-06-24 09:44:07,674.25,1204885
2021-06-24 09:44:08,674.25,1204917
2021-06-24 09:44:09,674.45,1204919
2021-06-24 09:44:10,674.45,1204919
2021-06-24 09:44:12,674.4,1205964
2021-06-24 09:44:14,674.25,1206124
2021-06-24 09:44:15,674.25,1206124
2021-06-24 09:44:15,674.3,1206125
2021-06-24 09:44:16,674.45,1206185
2021-06-24 09:44:17,674.3,1206235
2021-06-24 09:44:18,674.3,1206235
2021-06-24 09:44:19,674.25,1206454
2021-06-24 09:44:21,674.25,1206754
2021-06-24 09:44:21,674.2,1207054
2021-06-24 09:44:22,674.25,1207074
2021-06-24 09:44:23,674.5,1207079
2021-06-24 09:44:24,674.25,1207137
2021-06-24 09:44:26,674.45,1207465
2021-06-24 09:44:27,674.15,1207807
2021-06-24 09:44:28,674.45,1207825
2021-06-24 09:44:29,674.15,1209787
2021-06-24 09:44:30,673.8,1211286
2021-06-24 09:44:31,673.8,1211288
2021-06-24 09:44:32,673.8,1211288
2021-06-24 09:44:33,674.0,1211289
2021-06-24 09:44:34,674.0,1211495
2021-06-24 09:44:35,673.75,1211925
2021-06-24 09:44:36,673.7,1211926
2021-06-24 09:44:37,673.85,1212198
2021-06-24 09:44:39,673.95,1212580
2021-06-24 09:44:40,673.75,1212604
2021-06-24 09:44:41,674.0,1212949
2021-06-24 09:44:44,674.0,1213061
2021-06-24 09:44:45,673.75,1213086
2021-06-24 09:44:46,673.75,1213106
2021-06-24 09:44:47,673.75,1213114
2021-06-24 09:44:48,673.75,1213170
2021-06-24 09:44:49,673.75,1213170
2021-06-24 09:44:50,673.9,1213180
2021-06-24 09:44:51,674.0,1213181
2021-06-24 09:44:52,673.85,1213191
2021-06-24 09:44:55,673.75,1214022
2021-06-24 09:44:57,673.75,1214022
2021-06-24 09:44:58,673.75,1214072
2021-06-24 09:44:59,673.75,1214072
2021-06-24 09:45:00,673.75,1214174
2021-06-24 09:45:01,674.15,1216335
2021-06-24 09:45:02,674.15,1216335
2021-06-24 09:45:03,674.15,1216385
2021-06-24 09:45:04,674.45,1216405
2021-06-24 09:45:05,674.45,1216427
2021-06-24 09:45:06,674.45,1216450
2021-06-24 09:45:07,674.45,1216450
2021-06-24 09:45:07,674.45,1216450
2021-06-24 09:45:08,674.45,1216450
2021-06-24 09:45:09,674.45,1216605
2021-06-24 09:45:10,674.45,1216605
2021-06-24 09:45:11,674.5,1216885
2021-06-24 09:45:12,674.15,1217387
2021-06-24 09:45:13,674.45,1217412
2021-06-24 09:45:14,674.45,1217412
2021-06-24 09:45:16,674.45,1217412
2021-06-24 09:45:17,674.45,1217427
2021-06-24 09:45:18,674.45,1217440
2021-06-24 09:45:19,674.45,1217482
2021-06-24 09:45:20,674.5,1220075
2021-06-24 09:45:21,674.5,1220107
2021-06-24 09:45:22,674.5,1220167
2021-06-24 09:45:22,674.5,1220277
2021-06-24 09:45:24,674.5,1220292
2021-06-24 09:45:24,674.5,1220292
2021-06-24 09:45:26,674.5,1220618
2021-06-24 09:45:27,674.25,1221243
2021-06-24 09:45:28,674.5,1221318
2021-06-24 09:45:29,674.5,1221318
2021-06-24 09:45:30,674.75,1223804
2021-06-24 09:45:31,674.75,1223804
2021-06-24 09:45:32,674.45,1223969
2021-06-24 09:45:33,674.45,1224046
2021-06-24 09:45:34,674.85,1227237
2021-06-24 09:45:34,674.7,1227477
2021-06-24 09:45:35,674.95,1227488
2021-06-24 09:45:36,675.0,1227724
2021-06-24 09:45:37,674.7,1227774
2021-06-24 09:45:38,674.75,1227800
2021-06-24 09:45:39,674.75,1228024
2021-06-24 09:45:40,674.7,1228098
2021-06-24 09:45:41,675.0,1228498
2021-06-24 09:45:42,674.65,1229509
2021-06-24 09:45:44,674.9,1229616
2021-06-24 09:45:45,674.95,1229939
2021-06-24 09:45:46,674.95,1229939
2021-06-24 09:45:47,674.65,1230225
2021-06-24 09:45:48,674.45,1231706
2021-06-24 09:45:49,674.5,1231981
2021-06-24 09:45:50,674.45,1232008
2021-06-24 09:45:51,674.45,1232089
2021-06-24 09:45:52,674.25,1232354
2021-06-24 09:45:53,674.25,1232354
2021-06-24 09:45:53,674.5,1232654
2021-06-24 09:45:54,674.5,1232654
2021-06-24 09:45:55,674.5,1232654
2021-06-24 09:45:56,674.35,1233373
2021-06-24 09:45:57,674.1,1233411
2021-06-24 09:45:58,674.3,1233412
2021-06-24 09:45:59,674.3,1233440
2021-06-24 09:46:00,674.3,1233659
2021-06-24 09:46:01,674.3,1233802
2021-06-24 09:46:04,674.3,1233938
2021-06-24 09:46:05,674.3,1233938
2021-06-24 09:46:07,674.3,1234041
2021-06-24 09:46:08,674.3,1234043
2021-06-24 09:46:09,674.3,1234043
2021-06-24 09:46:09,674.3,1234043
2021-06-24 09:46:10,674.3,1234164
2021-06-24 09:46:11,674.3,1234377
2021-06-24 09:46:12,674.3,1234379
2021-06-24 09:46:15,674.35,1234489
2021-06-24 09:46:16,674.4,1234706
2021-06-24 09:46:17,674.4,1234734
2021-06-24 09:46:18,674.4,1234736
2021-06-24 09:46:18,674.3,1234746
2021-06-24 09:46:19,674.3,1234746
2021-06-24 09:46:20,674.4,1234768
2021-06-24 09:46:22,674.4,1234768
2021-06-24 09:46:23,674.4,1234769
2021-06-24 09:46:23,674.1,1235019
2021-06-24 09:46:24,674.1,1235219
2021-06-24 09:46:25,674.4,1235245
2021-06-24 09:46:27,674.0,1236819
2021-06-24 09:46:28,674.1,1237834
2021-06-24 09:46:29,674.2,1237849
2021-06-24 09:46:30,674.2,1237859
2021-06-24 09:46:31,674.2,1237959
2021-06-24 09:46:32,674.2,1237959
2021-06-24 09:46:33,673.85,1237976
2021-06-24 09:46:33,674.2,1237987
2021-06-24 09:46:34,674.2,1237988
2021-06-24 09:46:36,674.2,1237988
2021-06-24 09:46:37,674.2,1237988
2021-06-24 09:46:38,673.85,1238163
2021-06-24 09:46:39,673.8,1238588
2021-06-24 09:46:40,674.15,1238896
2021-06-24 09:46:41,673.8,1239005
2021-06-24 09:46:42,674.0,1239006
2021-06-24 09:46:43,674.1,1239510
2021-06-24 09:46:43,674.1,1239510
2021-06-24 09:46:45,673.85,1239536
2021-06-24 09:46:46,674.1,1239546
2021-06-24 09:46:47,674.1,1239553
2021-06-24 09:46:48,674.1,1239553
2021-06-24 09:46:49,674.1,1239553
2021-06-24 09:46:50,673.8,1240044
2021-06-24 09:46:51,673.75,1240569
2021-06-24 09:46:53,673.9,1240637
2021-06-24 09:46:54,673.75,1240675
2021-06-24 09:46:55,673.3,1249921
2021-06-24 09:46:55,673.3,1249938
2021-06-24 09:46:56,673.25,1250281
2021-06-24 09:46:57,673.25,1250359
2021-06-24 09:47:00,673.25,1250576
2021-06-24 09:47:01,673.55,1250641
2021-06-24 09:47:02,673.55,1250833
2021-06-24 09:47:03,673.2,1251157
2021-06-24 09:47:04,673.2,1251178
2021-06-24 09:47:05,673.2,1251745
2021-06-24 09:47:05,672.8,1255480
2021-06-24 09:47:07,673.15,1256001
2021-06-24 09:47:07,673.15,1256001
2021-06-24 09:47:08,673.1,1256036
2021-06-24 09:47:09,672.5,1262669
2021-06-24 09:47:11,672.75,1262921
2021-06-24 09:47:13,672.7,1263785
2021-06-24 09:47:14,672.7,1263786
2021-06-24 09:47:14,673.0,1263796
2021-06-24 09:47:15,673.0,1263796
2021-06-24 09:47:17,672.7,1263884
2021-06-24 09:47:18,672.7,1263949
2021-06-24 09:47:19,673.0,1263969
2021-06-24 09:47:20,672.75,1264019
2021-06-24 09:47:21,673.0,1264133
2021-06-24 09:47:22,672.7,1264715
2021-06-24 09:47:23,673.0,1265217
2021-06-24 09:47:23,672.75,1265228
2021-06-24 09:47:24,672.75,1265366
2021-06-24 09:47:26,672.7,1265769
2021-06-24 09:47:27,672.7,1265773
2021-06-24 09:47:27,672.7,1265773
2021-06-24 09:47:29,672.75,1266094
2021-06-24 09:47:30,672.7,1266399
2021-06-24 09:47:31,673.0,1267053
2021-06-24 09:47:33,672.75,1267104
2021-06-24 09:47:34,672.95,1267295
2021-06-24 09:47:35,673.0,1267608
2021-06-24 09:47:36,672.7,1267611
2021-06-24 09:47:36,672.7,1267611
2021-06-24 09:47:37,672.7,1267611
2021-06-24 09:47:38,673.0,1267669
2021-06-24 09:47:39,672.7,1267769
2021-06-24 09:47:40,672.7,1268062
2021-06-24 09:47:41,673.0,1269653
2021-06-24 09:47:42,673.35,1270246
2021-06-24 09:47:43,673.05,1270286
2021-06-24 09:47:44,673.05,1270288
2021-06-24 09:47:45,673.1,1270338
2021-06-24 09:47:46,673.4,1270388
2021-06-24 09:47:48,673.4,1270388
2021-06-24 09:47:49,673.1,1270389
2021-06-24 09:47:50,673.1,1270561
2021-06-24 09:47:51,673.1,1270561
2021-06-24 09:47:52,673.05,1270906
2021-06-24 09:47:53,673.05,1270928
2021-06-24 09:47:54,673.05,1270948
2021-06-24 09:47:55,673.05,1271148
2021-06-24 09:47:56,673.0,1271348
2021-06-24 09:47:57,673.0,1271448
2021-06-24 09:47:58,673.0,1271448
2021-06-24 09:47:59,673.0,1271671
2021-06-24 09:48:00,673.0,1271800
2021-06-24 09:48:01,672.75,1272265
2021-06-24 09:48:02,672.75,1272374
2021-06-24 09:48:03,673.0,1275033
2021-06-24 09:48:04,673.35,1275038
2021-06-24 09:48:05,672.95,1275193
2021-06-24 09:48:06,673.0,1275843
2021-06-24 09:48:07,673.3,1275848
2021-06-24 09:48:10,673.2,1277051
2021-06-24 09:48:11,673.55,1277116
2021-06-24 09:48:12,673.55,1277193
2021-06-24 09:48:13,673.6,1277213
2021-06-24 09:48:14,673.35,1277214
2021-06-24 09:48:15,673.35,1277224
2021-06-24 09:48:16,673.35,1277225
2021-06-24 09:48:17,673.2,1277232
2021-06-24 09:48:18,673.35,1277337
2021-06-24 09:48:19,673.25,1277347
2021-06-24 09:48:20,673.25,1277347
2021-06-24 09:48:21,673.65,1277492
2021-06-24 09:48:22,673.25,1277792
2021-06-24 09:48:24,673.6,1278235
2021-06-24 09:48:25,673.2,1278351
2021-06-24 09:48:26,673.05,1278723
2021-06-24 09:48:27,673.2,1278803
2021-06-24 09:48:28,673.4,1279079
2021-06-24 09:48:29,673.2,1279179
2021-06-24 09:48:30,673.2,1279181
2021-06-24 09:48:31,673.2,1279331
2021-06-24 09:48:32,673.2,1279331
2021-06-24 09:48:33,673.5,1279531
2021-06-24 09:48:34,673.25,1279692
2021-06-24 09:48:35,673.45,1279962
2021-06-24 09:48:36,673.1,1279968
2021-06-24 09:48:37,673.1,1279968
2021-06-24 09:48:38,673.0,1280923
2021-06-24 09:48:38,673.0,1280923
2021-06-24 09:48:39,673.5,1281441
2021-06-24 09:48:41,673.5,1281573
2021-06-24 09:48:42,673.15,1281623
2021-06-24 09:48:42,673.15,1281623
2021-06-24 09:48:45,673.5,1282155
2021-06-24 09:48:46,673.5,1282266
2021-06-24 09:48:47,673.2,1282441
2021-06-24 09:48:48,673.15,1284328
2021-06-24 09:48:49,673.15,1284328
2021-06-24 09:48:50,673.05,1284717
2021-06-24 09:48:51,673.2,1284876
2021-06-24 09:48:52,673.0,1285168
2021-06-24 09:48:53,672.9,1287049
2021-06-24 09:48:54,673.0,1287063
2021-06-24 09:48:55,672.7,1287713
2021-06-24 09:48:56,672.7,1287713
2021-06-24 09:48:57,672.85,1287814
2021-06-24 09:48:57,672.85,1287822
2021-06-24 09:48:58,672.7,1287873
2021-06-24 09:49:00,672.85,1287923
2021-06-24 09:49:01,672.85,1288018
2021-06-24 09:49:02,672.85,1288149
2021-06-24 09:49:03,672.7,1288219
2021-06-24 09:49:04,673.0,1288268
2021-06-24 09:49:05,672.75,1288693
2021-06-24 09:49:06,673.05,1288694
2021-06-24 09:49:07,673.0,1288904
2021-06-24 09:49:08,673.0,1288933
2021-06-24 09:49:08,672.7,1288961
2021-06-24 09:49:09,672.7,1288988
2021-06-24 09:49:10,672.7,1289088
2021-06-24 09:49:12,673.1,1290648
2021-06-24 09:49:13,673.1,1290648
2021-06-24 09:49:14,672.75,1291073
2021-06-24 09:49:15,672.75,1291173
2021-06-24 09:49:16,672.75,1291190
2021-06-24 09:49:17,673.0,1291191
2021-06-24 09:49:18,672.75,1291305
2021-06-24 09:49:18,672.75,1291305
2021-06-24 09:49:19,672.85,1291415
2021-06-24 09:49:20,672.85,1291439
2021-06-24 09:49:21,672.85,1291439
2021-06-24 09:49:22,672.9,1291444
2021-06-24 09:49:23,672.85,1291546
2021-06-24 09:49:25,672.85,1291716
2021-06-24 09:49:26,672.7,1292989
2021-06-24 09:49:27,672.7,1292989
2021-06-24 09:49:28,672.6,1294989
2021-06-24 09:49:29,672.6,1295004
2021-06-24 09:49:30,672.7,1295144
2021-06-24 09:49:31,672.7,1295167
2021-06-24 09:49:31,672.7,1295252
2021-06-24 09:49:33,672.55,1295372
2021-06-24 09:49:34,672.6,1295662
2021-06-24 09:49:36,672.6,1295682
2021-06-24 09:49:37,672.7,1295713
2021-06-24 09:49:37,672.7,1295713
2021-06-24 09:49:38,672.6,1295717
2021-06-24 09:49:39,672.6,1295737
2021-06-24 09:49:40,672.6,1295838
2021-06-24 09:49:42,672.6,1295938
2021-06-24 09:49:43,672.2,1311848
2021-06-24 09:49:44,672.2,1312051
2021-06-24 09:49:45,672.2,1312057
2021-06-24 09:49:46,672.2,1312066
2021-06-24 09:49:47,672.45,1312087
2021-06-24 09:49:48,672.2,1312620
2021-06-24 09:49:49,672.1,1313517
2021-06-24 09:49:50,672.2,1314130
2021-06-24 09:49:51,672.0,1320235
2021-06-24 09:49:54,672.0,1320768
2021-06-24 09:49:55,672.0,1320831
2021-06-24 09:49:56,672.0,1321515
2021-06-24 09:49:57,672.0,1322030
2021-06-24 09:49:58,672.15,1322040
2021-06-24 09:49:59,672.0,1322332
2021-06-24 09:50:00,672.2,1322477
2021-06-24 09:50:01,672.0,1323306
2021-06-24 09:50:02,672.0,1324501
2021-06-24 09:50:02,672.1,1324701
2021-06-24 09:50:03,672.05,1324729
2021-06-24 09:50:04,671.8,1325691
2021-06-24 09:50:05,672.0,1325789
2021-06-24 09:50:06,671.8,1325800
2021-06-24 09:50:08,671.7,1330188
2021-06-24 09:50:09,671.7,1330562
2021-06-24 09:50:11,671.6,1332043
2021-06-24 09:50:12,671.7,1332213
2021-06-24 09:50:13,671.6,1332313
2021-06-24 09:50:14,671.9,1333073
2021-06-24 09:50:15,671.55,1333453
2021-06-24 09:50:16,671.55,1333531
2021-06-24 09:50:17,671.7,1333730
2021-06-24 09:50:18,671.7,1333731
2021-06-24 09:50:19,671.85,1334073
2021-06-24 09:50:20,671.7,1334123
2021-06-24 09:50:21,671.5,1335580
2021-06-24 09:50:22,671.6,1335605
2021-06-24 09:50:22,671.6,1335605
2021-06-24 09:50:23,671.5,1336916
2021-06-24 09:50:25,671.8,1337018
2021-06-24 09:50:26,671.5,1338192
2021-06-24 09:50:27,671.7,1340187
2021-06-24 09:50:28,671.75,1341021
2021-06-24 09:50:29,671.7,1341145
2021-06-24 09:50:30,671.8,1343756
2021-06-24 09:50:31,671.65,1344274
2021-06-24 09:50:32,672.25,1347318
2021-06-24 09:50:33,672.5,1347606
2021-06-24 09:50:34,672.45,1347672
2021-06-24 09:50:35,672.45,1347772
2021-06-24 09:50:36,672.1,1348170
2021-06-24 09:50:37,672.35,1348535
2021-06-24 09:50:38,672.35,1348555
2021-06-24 09:50:39,672.0,1348680
2021-06-24 09:50:40,672.0,1348680
2021-06-24 09:50:41,672.25,1349296
2021-06-24 09:50:42,672.25,1349296
2021-06-24 09:50:43,672.4,1349501
2021-06-24 09:50:44,672.4,1350106
2021-06-24 09:50:45,672.1,1350399
2021-06-24 09:50:46,672.5,1351301
2021-06-24 09:50:47,672.2,1351328
2021-06-24 09:50:48,672.4,1352231
2021-06-24 09:50:49,672.5,1352459
2021-06-24 09:50:50,672.25,1352469
2021-06-24 09:50:52,672.3,1353232
2021-06-24 09:50:51,672.5,1353222
2021-06-24 09:50:53,672.2,1353595
2021-06-24 09:50:54,672.2,1353595
2021-06-24 09:50:55,672.5,1353598
2021-06-24 09:50:56,672.5,1353698
2021-06-24 09:50:57,672.5,1353808
2021-06-24 09:50:59,672.35,1354272
2021-06-24 09:51:00,672.7,1355409
2021-06-24 09:51:01,672.45,1355445
2021-06-24 09:51:02,672.4,1355446
2021-06-24 09:51:03,672.4,1355616
2021-06-24 09:51:04,672.45,1355966
2021-06-24 09:51:05,672.7,1356136
2021-06-24 09:51:06,672.45,1356246
2021-06-24 09:51:07,672.45,1356246
2021-06-24 09:51:08,672.45,1356389
2021-06-24 09:51:09,672.45,1356391
2021-06-24 09:51:10,672.7,1356431
2021-06-24 09:51:11,672.7,1356440
2021-06-24 09:51:12,672.7,1356440
2021-06-24 09:51:13,672.5,1356445
2021-06-24 09:51:14,672.7,1356505
2021-06-24 09:51:15,672.7,1356505
2021-06-24 09:51:16,672.7,1356963
2021-06-24 09:51:17,672.65,1357737
2021-06-24 09:51:18,672.7,1357920
2021-06-24 09:51:19,672.7,1357920
2021-06-24 09:51:20,672.5,1358397
2021-06-24 09:51:21,672.5,1358567
2021-06-24 09:51:22,672.7,1358575
2021-06-24 09:51:23,672.7,1358696
2021-06-24 09:51:24,672.5,1359396
2021-06-24 09:51:25,672.95,1359730
2021-06-24 09:51:26,672.95,1359730
2021-06-24 09:51:27,672.9,1359844
2021-06-24 09:51:28,672.65,1359849
2021-06-24 09:51:29,672.65,1359849
2021-06-24 09:51:30,672.95,1360009
2021-06-24 09:51:32,672.95,1360515
2021-06-24 09:51:31,672.95,1360515
2021-06-24 09:51:33,672.95,1360565
2021-06-24 09:51:34,672.65,1360578
2021-06-24 09:51:35,672.95,1360599
2021-06-24 09:51:36,673.0,1361256
2021-06-24 09:51:37,673.0,1361286
2021-06-24 09:51:38,673.0,1361326
2021-06-24 09:51:39,672.9,1361391
2021-06-24 09:51:40,672.95,1362096
2021-06-24 09:51:41,673.0,1362106
2021-06-24 09:51:42,673.0,1362927
2021-06-24 09:51:43,672.75,1363005
2021-06-24 09:51:44,673.0,1363067
2021-06-24 09:51:45,673.0,1363588
2021-06-24 09:51:46,672.65,1364589
2021-06-24 09:51:47,672.7,1364609
2021-06-24 09:51:48,672.75,1364637
2021-06-24 09:51:49,673.0,1364927
2021-06-24 09:51:50,673.0,1364927
2021-06-24 09:51:51,673.0,1366735
2021-06-24 09:51:52,673.0,1367025
2021-06-24 09:51:53,673.5,1368185
2021-06-24 09:51:54,673.1,1368685
2021-06-24 09:51:55,673.45,1368907
2021-06-24 09:51:56,673.4,1369079
2021-06-24 09:51:57,673.3,1369104
2021-06-24 09:51:59,673.5,1370114
2021-06-24 09:52:00,673.2,1370188
2021-06-24 09:52:01,673.5,1370208
2021-06-24 09:52:02,673.2,1370278
2021-06-24 09:52:03,673.5,1372008
2021-06-24 09:52:04,673.5,1372008
2021-06-24 09:52:06,673.45,1375133
2021-06-24 09:52:07,673.0,1376301
2021-06-24 09:52:08,673.0,1376301
2021-06-24 09:52:09,673.25,1376846
2021-06-24 09:52:10,673.25,1376846
2021-06-24 09:52:11,673.0,1376861
2021-06-24 09:52:12,673.3,1377071
2021-06-24 09:52:13,673.3,1377071
2021-06-24 09:52:14,673.65,1380517
2021-06-24 09:52:15,673.4,1380686
2021-06-24 09:52:16,673.7,1380727
2021-06-24 09:52:17,673.3,1381140
2021-06-24 09:52:18,673.3,1381140
2021-06-24 09:52:19,673.5,1381210
2021-06-24 09:52:20,673.5,1381210
2021-06-24 09:52:21,673.5,1381210
2021-06-24 09:52:22,673.35,1381596
2021-06-24 09:52:24,673.5,1381866
2021-06-24 09:52:25,673.3,1381868
2021-06-24 09:52:26,673.3,1381868
2021-06-24 09:52:27,673.65,1381896
2021-06-24 09:52:28,673.3,1382036
2021-06-24 09:52:29,673.65,1382076
2021-06-24 09:52:30,673.65,1382101
2021-06-24 09:52:31,673.2,1383344
2021-06-24 09:52:32,673.2,1383344
2021-06-24 09:52:33,673.35,1383394
2021-06-24 09:52:34,673.35,1383595
2021-06-24 09:52:35,673.3,1384145
2021-06-24 09:52:36,673.1,1384345
2021-06-24 09:52:37,673.1,1384345
2021-06-24 09:52:38,673.4,1385072
2021-06-24 09:52:40,673.4,1385072
2021-06-24 09:52:40,673.15,1385074
2021-06-24 09:52:41,673.2,1385079
2021-06-24 09:52:42,673.5,1385593
2021-06-24 09:52:43,673.6,1385595
2021-06-24 09:52:44,673.6,1385626
2021-06-24 09:52:45,673.2,1385636
2021-06-24 09:52:46,673.6,1385644
2021-06-24 09:52:47,673.6,1385644
2021-06-24 09:52:48,673.6,1385644
2021-06-24 09:52:49,673.4,1385646
2021-06-24 09:52:50,673.4,1385646
2021-06-24 09:52:51,673.6,1385647
2021-06-24 09:52:52,673.6,1386147
2021-06-24 09:52:53,673.6,1386147
2021-06-24 09:52:54,673.4,1386152
2021-06-24 09:52:55,673.4,1386244
2021-06-24 09:52:57,673.4,1386244
2021-06-24 09:52:58,673.4,1386244
2021-06-24 09:52:58,673.4,1386244
2021-06-24 09:52:59,673.35,1386594
2021-06-24 09:53:00,673.25,1386895
2021-06-24 09:53:01,673.25,1387100
2021-06-24 09:53:02,673.4,1387170
2021-06-24 09:53:03,673.6,1387171
2021-06-24 09:53:04,673.35,1387302
2021-06-24 09:53:05,673.35,1387302
2021-06-24 09:53:06,673.35,1387302
2021-06-24 09:53:07,673.35,1387317
2021-06-24 09:53:09,673.55,1387485
2021-06-24 09:53:09,673.55,1387485
2021-06-24 09:53:10,673.6,1387487
2021-06-24 09:53:11,673.45,1389019
2021-06-24 09:53:12,673.45,1389019
2021-06-24 09:53:13,673.25,1389129
2021-06-24 09:53:15,673.6,1389205
2021-06-24 09:53:17,673.15,1389670
2021-06-24 09:53:17,673.15,1389802
2021-06-24 09:53:19,673.3,1389852
2021-06-24 09:53:19,673.35,1389867
2021-06-24 09:53:20,673.35,1389933
2021-06-24 09:53:21,673.1,1389964
2021-06-24 09:53:23,673.3,1390168
2021-06-24 09:53:23,673.1,1390243
2021-06-24 09:53:24,672.8,1394675
2021-06-24 09:53:25,672.5,1394726
2021-06-24 09:53:26,672.8,1394746
2021-06-24 09:53:27,672.8,1394756
2021-06-24 09:53:28,672.8,1394759
2021-06-24 09:53:30,672.8,1394855
2021-06-24 09:53:30,672.9,1395680
2021-06-24 09:53:31,673.05,1395793
2021-06-24 09:53:32,673.05,1395793
2021-06-24 09:53:33,672.95,1395803
2021-06-24 09:53:34,673.0,1395859
2021-06-24 09:53:35,673.3,1395864
2021-06-24 09:53:36,673.3,1395864
2021-06-24 09:53:37,673.0,1395914
2021-06-24 09:53:38,673.3,1396162
2021-06-24 09:53:39,672.95,1396362
2021-06-24 09:53:40,672.95,1396362
2021-06-24 09:53:41,672.85,1396450
2021-06-24 09:53:42,673.0,1396451
2021-06-24 09:53:43,672.85,1396506
2021-06-24 09:53:44,673.2,1396926
2021-06-24 09:53:45,673.0,1396959
2021-06-24 09:53:46,673.1,1397278
2021-06-24 09:53:47,672.8,1397283
2021-06-24 09:53:48,672.85,1397503
2021-06-24 09:53:49,672.85,1397504
2021-06-24 09:53:51,672.75,1397509
2021-06-24 09:53:52,672.5,1397518
2021-06-24 09:53:53,672.6,1397522
2021-06-24 09:53:54,672.65,1397832
2021-06-24 09:53:55,672.65,1397832
2021-06-24 09:53:56,672.65,1397832
2021-06-24 09:53:57,673.0,1397837
2021-06-24 09:53:58,673.15,1398338
2021-06-24 09:53:59,673.15,1398338
2021-06-24 09:54:00,673.1,1398713
2021-06-24 09:54:01,672.9,1398738
2021-06-24 09:54:02,672.9,1399242
2021-06-24 09:54:03,673.0,1399440
2021-06-24 09:54:04,673.05,1399460
2021-06-24 09:54:05,673.05,1399460
2021-06-24 09:54:06,673.05,1399460
2021-06-24 09:54:07,673.05,1399460
2021-06-24 09:54:08,673.15,1399583
2021-06-24 09:54:09,673.35,1399849
2021-06-24 09:54:10,673.2,1399910
2021-06-24 09:54:12,673.15,1400150
2021-06-24 09:54:12,673.15,1400150
2021-06-24 09:54:13,673.1,1400350
2021-06-24 09:54:14,673.05,1400851
2021-06-24 09:54:15,673.45,1400877
2021-06-24 09:54:17,673.1,1400887
2021-06-24 09:54:17,673.1,1400887
2021-06-24 09:54:18,673.4,1400889
2021-06-24 09:54:19,673.5,1404627
2021-06-24 09:54:20,673.6,1404728
2021-06-24 09:54:21,673.6,1405612
2021-06-24 09:54:22,673.6,1405615
2021-06-24 09:54:24,673.6,1405630
2021-06-24 09:54:24,673.4,1405659
2021-06-24 09:54:26,673.35,1406160
2021-06-24 09:54:27,673.35,1406160
2021-06-24 09:54:28,673.7,1408262
2021-06-24 09:54:30,673.7,1408317
2021-06-24 09:54:30,673.7,1408317
2021-06-24 09:54:31,673.7,1410376
2021-06-24 09:54:32,673.7,1410431
2021-06-24 09:54:33,673.5,1410449
2021-06-24 09:54:34,673.75,1410494
2021-06-24 09:54:35,673.5,1411082
2021-06-24 09:54:36,673.5,1411107
2021-06-24 09:54:37,673.85,1412117
2021-06-24 09:54:39,673.6,1412137
2021-06-24 09:54:39,673.6,1412137
2021-06-24 09:54:40,673.7,1412146
2021-06-24 09:54:41,673.6,1412197
2021-06-24 09:54:42,673.9,1412547
2021-06-24 09:54:43,673.9,1412547
2021-06-24 09:54:44,673.9,1418090
2021-06-24 09:54:45,673.9,1418090
2021-06-24 09:54:48,673.95,1418111
2021-06-24 09:54:49,673.9,1420194
2021-06-24 09:54:50,674.2,1420526
2021-06-24 09:54:51,673.85,1420546
2021-06-24 09:54:52,674.2,1420547
2021-06-24 09:54:52,674.2,1420547
2021-06-24 09:54:53,674.2,1420597
2021-06-24 09:54:54,673.85,1420634
2021-06-24 09:54:55,673.85,1420634
2021-06-24 09:54:56,674.2,1421134
2021-06-24 09:54:57,674.15,1421142
2021-06-24 09:54:58,674.15,1421202
2021-06-24 09:55:00,674.15,1421294
2021-06-24 09:55:00,674.2,1421374
2021-06-24 09:55:01,674.2,1421575
2021-06-24 09:55:02,674.15,1421700
2021-06-24 09:55:03,673.9,1421721
2021-06-24 09:55:04,674.0,1422033
2021-06-24 09:55:05,674.2,1422379
2021-06-24 09:55:06,674.0,1422614
2021-06-24 09:55:08,673.95,1422941
2021-06-24 09:55:09,674.0,1423611
2021-06-24 09:55:10,674.25,1424126
2021-06-24 09:55:10,674.25,1424126
2021-06-24 09:55:11,673.85,1424687
2021-06-24 09:55:12,673.85,1424943
2021-06-24 09:55:13,673.85,1424955
2021-06-24 09:55:14,673.85,1424955
2021-06-24 09:55:15,673.85,1424955
2021-06-24 09:55:16,673.85,1424960
2021-06-24 09:55:17,673.7,1425061
2021-06-24 09:55:18,673.7,1425061
2021-06-24 09:55:20,673.7,1425082
2021-06-24 09:55:21,673.7,1425082
2021-06-24 09:55:22,673.7,1425084
2021-06-24 09:55:23,673.8,1425204
2021-06-24 09:55:24,673.9,1425355
2021-06-24 09:55:25,673.6,1425385
2021-06-24 09:55:26,673.0,1426829
2021-06-24 09:55:27,673.0,1427150
2021-06-24 09:55:28,673.2,1427160
2021-06-24 09:55:29,673.0,1427260
2021-06-24 09:55:30,673.0,1427260
2021-06-24 09:55:31,673.0,1427260
2021-06-24 09:55:32,673.05,1427261
2021-06-24 09:55:33,673.05,1427261
2021-06-24 09:55:34,673.05,1427261
2021-06-24 09:55:35,673.05,1427261
2021-06-24 09:55:36,673.1,1427366
2021-06-24 09:55:38,673.3,1427707
2021-06-24 09:55:39,673.2,1429186
2021-06-24 09:55:41,673.2,1429281
2021-06-24 09:55:42,673.0,1432956
2021-06-24 09:55:43,672.9,1433030
2021-06-24 09:55:44,672.9,1433030
2021-06-24 09:55:44,672.9,1433030
2021-06-24 09:55:46,673.15,1433747
2021-06-24 09:55:46,673.15,1433747
2021-06-24 09:55:47,672.9,1433877
2021-06-24 09:55:49,672.9,1434327
2021-06-24 09:55:50,673.05,1437144
2021-06-24 09:55:51,672.95,1437163
2021-06-24 09:55:52,672.6,1437173
2021-06-24 09:55:53,672.65,1437501
2021-06-24 09:55:53,672.6,1437601
2021-06-24 09:55:54,673.0,1438001
2021-06-24 09:55:56,672.7,1438006
2021-06-24 09:55:57,672.9,1438181
2021-06-24 09:55:57,672.9,1438181
2021-06-24 09:55:58,672.9,1438316
2021-06-24 09:55:59,672.9,1438336
2021-06-24 09:56:00,672.7,1438460
2021-06-24 09:56:01,672.7,1438460
2021-06-24 09:56:02,672.95,1438745
2021-06-24 09:56:03,673.0,1438788
2021-06-24 09:56:04,673.0,1438798
2021-06-24 09:56:05,672.9,1438813
2021-06-24 09:56:06,673.05,1439121
2021-06-24 09:56:07,672.95,1439126
2021-06-24 09:56:09,673.15,1440567
2021-06-24 09:56:10,673.15,1440631
2021-06-24 09:56:12,673.15,1440632
2021-06-24 09:56:13,673.15,1440682
2021-06-24 09:56:14,673.15,1440717
2021-06-24 09:56:15,673.35,1443788
2021-06-24 09:56:16,673.7,1443801
2021-06-24 09:56:16,673.75,1443835
2021-06-24 09:56:17,673.75,1443835
2021-06-24 09:56:18,673.85,1443890
2021-06-24 09:56:20,673.9,1444002
2021-06-24 09:56:21,673.55,1444386
2021-06-24 09:56:22,673.55,1444386
2021-06-24 09:56:22,673.55,1444394
2021-06-24 09:56:23,673.8,1444444
2021-06-24 09:56:24,673.8,1444444
2021-06-24 09:56:25,673.8,1444444
2021-06-24 09:56:27,673.55,1444486
2021-06-24 09:56:28,673.85,1444608
2021-06-24 09:56:30,673.4,1444909
2021-06-24 09:56:31,673.35,1444920
2021-06-24 09:56:32,673.7,1446417
2021-06-24 09:56:33,673.7,1446417
2021-06-24 09:56:34,673.9,1446522
2021-06-24 09:56:36,673.7,1446919
2021-06-24 09:56:37,673.7,1447844
2021-06-24 09:56:37,673.9,1448044
2021-06-24 09:56:38,673.5,1448098
2021-06-24 09:56:39,673.5,1448182
2021-06-24 09:56:40,673.5,1448183
2021-06-24 09:56:41,673.8,1448308
2021-06-24 09:56:42,673.5,1448327
2021-06-24 09:56:43,673.85,1448397
2021-06-24 09:56:44,673.5,1448420
2021-06-24 09:56:45,673.8,1448421
2021-06-24 09:56:46,673.9,1448501
2021-06-24 09:56:47,673.95,1448505
2021-06-24 09:56:48,673.95,1448505
2021-06-24 09:56:49,673.55,1448506
2021-06-24 09:56:50,673.95,1448671
2021-06-24 09:56:51,673.95,1448671
2021-06-24 09:56:52,673.8,1448674
2021-06-24 09:56:54,673.55,1448876
2021-06-24 09:56:55,673.8,1448898
2021-06-24 09:56:56,673.55,1449398
2021-06-24 09:56:57,673.55,1449399
2021-06-24 09:56:59,673.55,1449468
2021-06-24 09:57:00,673.5,1449942
2021-06-24 09:57:00,673.5,1449952
2021-06-24 09:57:01,673.05,1450148
2021-06-24 09:57:02,673.4,1450171
2021-06-24 09:57:03,673.0,1450773
2021-06-24 09:57:05,673.1,1450856
2021-06-24 09:57:06,673.45,1450866
2021-06-24 09:57:08,673.1,1450890
2021-06-24 09:57:09,673.1,1450906
2021-06-24 09:57:10,673.1,1450976
2021-06-24 09:57:11,673.0,1451036
2021-06-24 09:57:12,673.3,1451051
2021-06-24 09:57:13,673.3,1451057
2021-06-24 09:57:14,673.3,1451057
2021-06-24 09:57:15,673.3,1451057
2021-06-24 09:57:16,673.3,1451057
2021-06-24 09:57:17,673.05,1451419
2021-06-24 09:57:18,673.3,1451421
2021-06-24 09:57:19,673.3,1451421
2021-06-24 09:57:20,673.3,1451421
2021-06-24 09:57:21,673.3,1451421
2021-06-24 09:57:22,673.3,1451421
2021-06-24 09:57:23,673.2,1451992
2021-06-24 09:57:24,673.0,1454158
2021-06-24 09:57:25,673.15,1454223
2021-06-24 09:57:26,673.0,1454524
2021-06-24 09:57:27,673.0,1454524
2021-06-24 09:57:28,673.15,1454559
2021-06-24 09:57:29,673.15,1454559
2021-06-24 09:57:30,673.15,1454559
2021-06-24 09:57:31,673.15,1454559
2021-06-24 09:57:32,673.15,1454565
2021-06-24 09:57:33,673.25,1454720
2021-06-24 09:57:34,673.0,1455029
2021-06-24 09:57:35,673.05,1455630
2021-06-24 09:57:37,673.05,1455634
2021-06-24 09:57:38,673.05,1456654
2021-06-24 09:57:39,673.0,1456776
2021-06-24 09:57:40,673.0,1456791
2021-06-24 09:57:41,673.0,1456792
2021-06-24 09:57:42,673.0,1456842
2021-06-24 09:57:43,673.0,1456842
2021-06-24 09:57:44,673.0,1456842
2021-06-24 09:57:45,673.0,1456842
2021-06-24 09:57:46,673.0,1456842
2021-06-24 09:57:47,673.0,1456842
2021-06-24 09:57:48,673.0,1456842
2021-06-24 09:57:49,673.15,1459004
2021-06-24 09:57:50,673.05,1459254
2021-06-24 09:57:51,673.05,1459840
2021-06-24 09:57:52,673.3,1459842
2021-06-24 09:57:53,673.0,1460142
2021-06-24 09:57:54,673.0,1460142
2021-06-24 09:57:56,673.3,1460152
2021-06-24 09:57:57,673.3,1460164
2021-06-24 09:57:58,673.0,1460295
2021-06-24 09:57:59,673.0,1460297
2021-06-24 09:58:00,673.0,1460371
2021-06-24 09:58:01,673.0,1460375
2021-06-24 09:58:02,673.8,1461094
2021-06-24 09:58:04,673.9,1461107
2021-06-24 09:58:05,674.25,1472937
2021-06-24 09:58:05,674.15,1473137
2021-06-24 09:58:07,674.15,1473143
2021-06-24 09:58:08,674.2,1473147
2021-06-24 09:58:09,673.95,1473630
2021-06-24 09:58:10,673.95,1473630
2021-06-24 09:58:10,673.85,1473932
2021-06-24 09:58:11,673.85,1473947
2021-06-24 09:58:12,673.9,1473948
2021-06-24 09:58:13,674.05,1473958
2021-06-24 09:58:14,674.25,1474059
2021-06-24 09:58:16,674.35,1474064
2021-06-24 09:58:17,674.35,1474186
2021-06-24 09:58:18,674.0,1474188
2021-06-24 09:58:19,673.75,1476913
2021-06-24 09:58:20,673.75,1476913
2021-06-24 09:58:21,673.75,1477286
2021-06-24 09:58:22,673.75,1477286
2021-06-24 09:58:23,673.3,1477291
2021-06-24 09:58:23,673.3,1477291
2021-06-24 09:58:24,673.3,1477291
2021-06-24 09:58:25,673.45,1477397
2021-06-24 09:58:26,673.45,1477497
2021-06-24 09:58:27,673.0,1477498
2021-06-24 09:58:28,673.2,1477503
2021-06-24 09:58:29,673.2,1477558
2021-06-24 09:58:30,673.05,1477658
2021-06-24 09:58:31,673.35,1477659
2021-06-24 09:58:32,673.35,1477660
2021-06-24 09:58:34,673.0,1478001
2021-06-24 09:58:36,673.0,1478001
2021-06-24 09:58:37,673.35,1478067
2021-06-24 09:58:38,673.35,1478129
2021-06-24 09:58:40,673.05,1478152
2021-06-24 09:58:41,673.05,1478152
2021-06-24 09:58:42,673.45,1478767
2021-06-24 09:58:42,673.45,1478767
2021-06-24 09:58:43,673.45,1478767
2021-06-24 09:58:45,673.45,1478767
2021-06-24 09:58:46,673.45,1478767
2021-06-24 09:58:47,673.45,1478769
2021-06-24 09:58:47,673.45,1478769
2021-06-24 09:58:49,673.2,1478806
2021-06-24 09:58:50,673.4,1478896
2021-06-24 09:58:51,673.3,1479136
2021-06-24 09:58:53,673.75,1479631
2021-06-24 09:58:54,673.55,1479637
2021-06-24 09:58:55,673.55,1479637
2021-06-24 09:58:56,673.55,1479637
2021-06-24 09:58:56,673.55,1480497
2021-06-24 09:58:58,673.55,1480497
2021-06-24 09:58:59,673.85,1480510
2021-06-24 09:59:00,673.85,1480510
2021-06-24 09:59:01,673.55,1480595
2021-06-24 09:59:02,673.55,1480595
2021-06-24 09:59:02,673.55,1480596
2021-06-24 09:59:04,673.8,1480597
2021-06-24 09:59:04,673.55,1480622
2021-06-24 09:59:06,673.55,1480622
2021-06-24 09:59:07,673.55,1480725
2021-06-24 09:59:08,673.55,1480725
2021-06-24 09:59:09,673.85,1480817
2021-06-24 09:59:10,673.85,1480817
2021-06-24 09:59:11,673.85,1480817
2021-06-24 09:59:11,673.8,1481057
2021-06-24 09:59:12,673.55,1481201
2021-06-24 09:59:13,673.75,1481215
2021-06-24 09:59:15,673.55,1481241
2021-06-24 09:59:16,673.55,1481301
2021-06-24 09:59:17,673.55,1481354
2021-06-24 09:59:18,673.8,1481362
2021-06-24 09:59:19,673.8,1481373
2021-06-24 09:59:20,673.8,1481408
2021-06-24 09:59:21,673.55,1481468
2021-06-24 09:59:21,673.55,1481468
2021-06-24 09:59:22,673.8,1481562
2021-06-24 09:59:24,673.55,1481567
2021-06-24 09:59:25,673.8,1481677
2021-06-24 09:59:26,673.6,1481678
2021-06-24 09:59:27,673.8,1481778
2021-06-24 09:59:28,673.4,1483289
2021-06-24 09:59:29,673.4,1483447
2021-06-24 09:59:30,673.4,1483447
2021-06-24 09:59:31,673.3,1483828
2021-06-24 09:59:32,673.3,1483828
2021-06-24 09:59:33,673.3,1483828
2021-06-24 09:59:33,673.0,1484828
2021-06-24 09:59:34,673.4,1484888
2021-06-24 09:59:35,673.0,1485188
2021-06-24 09:59:38,673.45,1485236
2021-06-24 09:59:39,673.15,1485316
2021-06-24 09:59:40,673.15,1485317
2021-06-24 09:59:41,673.15,1485317
2021-06-24 09:59:42,673.15,1485317
2021-06-24 09:59:43,673.15,1485317
2021-06-24 09:59:44,673.55,1485557
2021-06-24 09:59:45,673.6,1485634
2021-06-24 09:59:46,673.6,1485668
2021-06-24 09:59:47,673.25,1485703
2021-06-24 09:59:48,673.65,1485740
2021-06-24 09:59:48,673.65,1485740
2021-06-24 09:59:50,673.65,1485740
2021-06-24 09:59:50,673.4,1485817
2021-06-24 09:59:52,673.4,1485918
2021-06-24 09:59:53,673.7,1485933
2021-06-24 09:59:54,673.7,1485933
2021-06-24 09:59:55,673.7,1485933
2021-06-24 09:59:56,673.4,1485934
2021-06-24 09:59:57,673.7,1485942
2021-06-24 09:59:58,673.7,1485942
2021-06-24 09:59:59,673.7,1485957
2021-06-24 10:00:00,673.6,1486031
2021-06-24 10:00:01,673.7,1486034
2021-06-24 10:00:02,673.45,1487436
2021-06-24 10:00:03,673.45,1487462
2021-06-24 10:00:04,673.45,1487462
2021-06-24 10:00:04,673.45,1487462
2021-06-24 10:00:05,673.45,1487514
2021-06-24 10:00:06,673.45,1487590
2021-06-24 10:00:08,673.7,1487684
2021-06-24 10:00:09,673.75,1487746
2021-06-24 10:00:10,673.4,1489096
2021-06-24 10:00:11,673.75,1489347
2021-06-24 10:00:12,673.8,1489473
2021-06-24 10:00:13,673.4,1489498
2021-06-24 10:00:14,673.45,1489619
2021-06-24 10:00:14,673.45,1489619
2021-06-24 10:00:15,673.45,1489619
2021-06-24 10:00:16,673.7,1489698
2021-06-24 10:00:17,673.6,1490246
2021-06-24 10:00:19,673.6,1490246
2021-06-24 10:00:20,673.45,1490546
2021-06-24 10:00:21,673.45,1490546
2021-06-24 10:00:23,673.7,1490800
2021-06-24 10:00:24,673.7,1490801
2021-06-24 10:00:25,673.7,1490830
2021-06-24 10:00:26,673.5,1490846
2021-06-24 10:00:27,673.75,1490880
2021-06-24 10:00:28,673.75,1490894
2021-06-24 10:00:29,673.4,1492244
2021-06-24 10:00:30,673.7,1492277
2021-06-24 10:00:31,673.75,1492278
2021-06-24 10:00:32,673.75,1492278
2021-06-24 10:00:33,673.75,1492278
2021-06-24 10:00:34,673.75,1492278
2021-06-24 10:00:35,673.25,1492878
2021-06-24 10:00:36,673.65,1492886
2021-06-24 10:00:37,673.65,1492886
2021-06-24 10:00:38,673.65,1492886
2021-06-24 10:00:39,673.65,1492896
2021-06-24 10:00:40,673.4,1493015
2021-06-24 10:00:40,673.4,1493015
2021-06-24 10:00:42,673.65,1493028
2021-06-24 10:00:43,673.65,1493028
2021-06-24 10:00:44,673.65,1493028
2021-06-24 10:00:45,673.6,1493181
2021-06-24 10:00:47,673.3,1493233
2021-06-24 10:00:48,673.3,1493233
2021-06-24 10:00:49,673.6,1493253
2021-06-24 10:00:50,673.6,1493369
2021-06-24 10:00:51,673.6,1493401
2021-06-24 10:00:52,673.3,1494851
2021-06-24 10:00:53,673.65,1495177
2021-06-24 10:00:54,673.65,1495182
2021-06-24 10:00:55,673.65,1495182
2021-06-24 10:00:56,673.65,1495199
2021-06-24 10:00:57,673.3,1495249
2021-06-24 10:00:58,673.3,1495249
2021-06-24 10:00:58,673.3,1495249
2021-06-24 10:01:01,673.45,1495830
2021-06-24 10:01:02,673.45,1495920
2021-06-24 10:01:03,673.45,1495920
2021-06-24 10:01:04,673.45,1495930
2021-06-24 10:01:05,673.45,1495930
2021-06-24 10:01:06,673.45,1495930
2021-06-24 10:01:07,673.65,1495931
2021-06-24 10:01:08,673.45,1495934
2021-06-24 10:01:09,673.65,1495939
2021-06-24 10:01:10,673.4,1495975
2021-06-24 10:01:11,673.45,1496020
2021-06-24 10:01:13,673.45,1496020
2021-06-24 10:01:14,673.45,1496020
2021-06-24 10:01:15,673.45,1496020
2021-06-24 10:01:17,673.45,1496020
2021-06-24 10:01:18,673.45,1496020
2021-06-24 10:01:19,673.45,1496020
2021-06-24 10:01:21,673.45,1496020
2021-06-24 10:01:20,673.45,1496020
2021-06-24 10:01:22,673.65,1496075
2021-06-24 10:01:23,673.35,1496100
2021-06-24 10:01:24,673.35,1496144
2021-06-24 10:01:25,673.35,1496244
2021-06-24 10:01:26,673.65,1496314
2021-06-24 10:01:27,673.65,1496314
2021-06-24 10:01:28,673.65,1496538
2021-06-24 10:01:29,673.65,1496538
2021-06-24 10:01:30,673.65,1496538
2021-06-24 10:01:31,673.65,1496538
2021-06-24 10:01:32,673.65,1496538
2021-06-24 10:01:33,673.35,1496593
2021-06-24 10:01:34,673.35,1496593
2021-06-24 10:01:35,673.65,1496771
2021-06-24 10:01:36,673.65,1496791
2021-06-24 10:01:37,673.7,1497661
2021-06-24 10:01:38,673.7,1497661
2021-06-24 10:01:39,673.7,1497661
2021-06-24 10:01:40,673.4,1498020
2021-06-24 10:01:41,673.4,1498020
2021-06-24 10:01:42,673.4,1498042
2021-06-24 10:01:43,673.65,1498127
2021-06-24 10:01:44,673.4,1498202
2021-06-24 10:01:45,673.4,1498210
2021-06-24 10:01:46,673.4,1498225
2021-06-24 10:01:47,673.4,1498231
2021-06-24 10:01:48,673.4,1498231
2021-06-24 10:01:49,673.65,1498256
2021-06-24 10:01:50,673.65,1498256
2021-06-24 10:01:51,673.65,1498256
2021-06-24 10:01:52,673.4,1498303
2021-06-24 10:01:53,673.4,1498303
2021-06-24 10:01:54,673.4,1498303
2021-06-24 10:01:55,673.4,1498803
2021-06-24 10:01:56,673.4,1498803
2021-06-24 10:01:57,673.65,1498813
2021-06-24 10:01:58,673.65,1498813
2021-06-24 10:01:59,673.4,1498824
2021-06-24 10:02:00,673.4,1498902
2021-06-24 10:02:01,673.4,1498902
2021-06-24 10:02:02,673.6,1498947
2021-06-24 10:02:03,673.6,1498947
2021-06-24 10:02:04,673.55,1498967
2021-06-24 10:02:05,673.4,1499092
2021-06-24 10:02:06,673.25,1500262
2021-06-24 10:02:07,673.25,1500317
2021-06-24 10:02:08,673.05,1500557
2021-06-24 10:02:09,673.15,1500657
2021-06-24 10:02:10,673.0,1500970
2021-06-24 10:02:11,673.05,1500976
2021-06-24 10:02:12,673.05,1501001
2021-06-24 10:02:13,673.0,1501055
2021-06-24 10:02:15,673.0,1501955
2021-06-24 10:02:16,673.0,1501955
2021-06-24 10:02:17,673.05,1501980
2021-06-24 10:02:18,673.0,1505502
2021-06-24 10:02:19,672.85,1507110
2021-06-24 10:02:20,672.85,1507165
2021-06-24 10:02:21,672.5,1507321
2021-06-24 10:02:22,672.55,1507331
2021-06-24 10:02:23,672.55,1507371
2021-06-24 10:02:25,672.5,1507928
2021-06-24 10:02:26,672.5,1507958
2021-06-24 10:02:27,672.5,1507990
2021-06-24 10:02:28,672.5,1508045
2021-06-24 10:02:29,672.5,1508204
2021-06-24 10:02:30,672.85,1508205
2021-06-24 10:02:31,672.8,1508327
2021-06-24 10:02:32,672.8,1508328
2021-06-24 10:02:33,672.8,1508412
2021-06-24 10:02:34,672.5,1509315
2021-06-24 10:02:35,672.5,1510405
2021-06-24 10:02:36,672.75,1510612
2021-06-24 10:02:37,672.75,1511212
2021-06-24 10:02:38,672.5,1511372
2021-06-24 10:02:39,672.15,1515390
2021-06-24 10:02:40,672.15,1515390
2021-06-24 10:02:41,672.15,1515924
2021-06-24 10:02:42,672.15,1515959
2021-06-24 10:02:43,672.1,1516300
2021-06-24 10:02:44,672.35,1516538
2021-06-24 10:02:45,672.15,1516862
2021-06-24 10:02:46,672.15,1516862
2021-06-24 10:02:47,672.15,1516862
2021-06-24 10:02:49,672.35,1517030
2021-06-24 10:02:48,672.35,1517030
2021-06-24 10:02:50,672.35,1517030
2021-06-24 10:02:51,672.35,1517030
2021-06-24 10:02:52,672.4,1518811
2021-06-24 10:02:53,672.5,1518921
2021-06-24 10:02:54,672.5,1519126
2021-06-24 10:02:55,672.5,1519929
2021-06-24 10:02:56,672.8,1520005
2021-06-24 10:02:57,672.55,1520095
2021-06-24 10:02:58,672.55,1520220
2021-06-24 10:02:59,672.8,1520221
2021-06-24 10:03:00,672.55,1520223
2021-06-24 10:03:01,672.8,1520323
2021-06-24 10:03:02,672.55,1520342
2021-06-24 10:03:04,672.35,1520911
2021-06-24 10:03:03,672.55,1520369
2021-06-24 10:03:05,672.5,1522222
2021-06-24 10:03:06,672.5,1522222
2021-06-24 10:03:07,672.5,1522243
2021-06-24 10:03:08,672.25,1522753
2021-06-24 10:03:09,672.25,1522753
2021-06-24 10:03:10,672.6,1522803
2021-06-24 10:03:11,672.3,1522859
2021-06-24 10:03:12,672.3,1522859
2021-06-24 10:03:13,672.65,1522864
2021-06-24 10:03:14,672.65,1522864
2021-06-24 10:03:15,672.65,1522864
2021-06-24 10:03:16,672.6,1523136
2021-06-24 10:03:17,672.3,1523246
2021-06-24 10:03:18,672.3,1523246
2021-06-24 10:03:20,672.3,1523372
2021-06-24 10:03:22,672.6,1523419
2021-06-24 10:03:23,672.3,1523594
2021-06-24 10:03:24,672.3,1523894
2021-06-24 10:03:25,672.25,1524224
2021-06-24 10:03:26,672.25,1524224
2021-06-24 10:03:27,672.3,1524234
2021-06-24 10:03:28,672.3,1524244
2021-06-24 10:03:29,672.3,1524250
2021-06-24 10:03:30,672.3,1524295
2021-06-24 10:03:31,672.55,1524300
2021-06-24 10:03:32,672.2,1524810
2021-06-24 10:03:34,672.2,1524810
2021-06-24 10:03:33,672.2,1524810
2021-06-24 10:03:35,672.2,1524810
2021-06-24 10:03:36,672.2,1524810
2021-06-24 10:03:37,672.2,1524810
2021-06-24 10:03:38,672.2,1524810
2021-06-24 10:03:39,672.3,1524830
2021-06-24 10:03:40,672.3,1524830
2021-06-24 10:03:41,672.3,1524878
2021-06-24 10:03:42,672.3,1525078
2021-06-24 10:03:43,672.3,1525088
2021-06-24 10:03:44,672.3,1525088
2021-06-24 10:03:45,672.3,1525238
2021-06-24 10:03:46,672.3,1525238
2021-06-24 10:03:47,672.4,1525270
2021-06-24 10:03:48,672.4,1525272
2021-06-24 10:03:50,672.4,1525310
2021-06-24 10:03:50,672.4,1525272
2021-06-24 10:03:52,672.5,1526223
2021-06-24 10:03:53,672.5,1526226
2021-06-24 10:03:54,672.5,1526227
2021-06-24 10:03:55,672.5,1526378
2021-06-24 10:03:56,672.8,1527429
2021-06-24 10:03:57,672.8,1527429
2021-06-24 10:03:59,672.7,1527970
2021-06-24 10:04:00,672.9,1528144
2021-06-24 10:04:02,672.7,1528700
2021-06-24 10:04:03,672.7,1528900
2021-06-24 10:04:04,673.0,1528901
2021-06-24 10:04:05,672.7,1529060
2021-06-24 10:04:06,672.7,1529117
2021-06-24 10:04:08,673.0,1529127
2021-06-24 10:04:08,673.0,1529127
2021-06-24 10:04:09,673.0,1529127
2021-06-24 10:04:10,672.7,1529133
2021-06-24 10:04:11,672.55,1530113
2021-06-24 10:04:12,672.9,1530115
2021-06-24 10:04:13,672.9,1530115
2021-06-24 10:04:15,672.55,1530120
2021-06-24 10:04:16,672.55,1530320
2021-06-24 10:04:17,672.5,1531320
2021-06-24 10:04:18,672.5,1531330
2021-06-24 10:04:19,672.5,1531480
2021-06-24 10:04:20,672.9,1531801
2021-06-24 10:04:21,672.9,1531801
2021-06-24 10:04:22,672.9,1531801
2021-06-24 10:04:23,672.9,1531801
2021-06-24 10:04:24,672.9,1531801
2021-06-24 10:04:25,672.85,1531806
2021-06-24 10:04:26,672.6,1531838
2021-06-24 10:04:27,672.6,1531838
2021-06-24 10:04:28,672.6,1531883
2021-06-24 10:04:29,672.6,1531945
2021-06-24 10:04:30,672.6,1531945
2021-06-24 10:04:31,672.7,1532150
2021-06-24 10:04:32,672.7,1532150
2021-06-24 10:04:33,672.7,1532300
2021-06-24 10:04:34,672.5,1532316
2021-06-24 10:04:35,672.5,1532491
2021-06-24 10:04:37,672.7,1532492
2021-06-24 10:04:37,672.7,1532492
2021-06-24 10:04:38,672.65,1532792
2021-06-24 10:04:39,672.65,1532825
2021-06-24 10:04:40,672.6,1532835
2021-06-24 10:04:42,672.4,1533452
2021-06-24 10:04:43,672.35,1533476
2021-06-24 10:04:44,672.65,1533621
2021-06-24 10:04:45,672.35,1533791
2021-06-24 10:04:47,672.7,1534026
2021-06-24 10:04:48,672.7,1534073
2021-06-24 10:04:49,672.65,1534186
2021-06-24 10:04:50,672.5,1534231
2021-06-24 10:04:51,672.35,1534552
2021-06-24 10:04:52,672.35,1534602
2021-06-24 10:04:54,672.35,1534602
2021-06-24 10:04:55,672.65,1534606
2021-06-24 10:04:55,672.7,1534616
2021-06-24 10:04:56,672.35,1534826
2021-06-24 10:04:57,672.7,1534926
2021-06-24 10:04:58,672.7,1534971
2021-06-24 10:04:59,672.5,1535301
2021-06-24 10:05:00,672.5,1535301
2021-06-24 10:05:01,672.5,1535301
2021-06-24 10:05:02,672.5,1535301
2021-06-24 10:05:03,672.5,1535301
2021-06-24 10:05:04,672.5,1535301
2021-06-24 10:05:05,672.35,1535302
2021-06-24 10:05:06,672.7,1535629
2021-06-24 10:05:08,672.7,1535639
2021-06-24 10:05:09,672.35,1535739
2021-06-24 10:05:10,672.7,1535740
2021-06-24 10:05:11,672.7,1535750
2021-06-24 10:05:11,672.7,1535774
2021-06-24 10:05:12,672.7,1535881
2021-06-24 10:05:13,672.7,1535881
2021-06-24 10:05:14,672.6,1536218
2021-06-24 10:05:15,672.5,1536431
2021-06-24 10:05:16,672.5,1536551
2021-06-24 10:05:17,672.5,1536551
2021-06-24 10:05:18,672.5,1536983
2021-06-24 10:05:19,672.5,1537096
2021-06-24 10:05:20,672.6,1537399
2021-06-24 10:05:21,672.35,1537408
2021-06-24 10:05:23,672.5,1537549
2021-06-24 10:05:23,672.5,1537549
2021-06-24 10:05:24,672.35,1538049
2021-06-24 10:05:26,672.5,1538110
2021-06-24 10:05:27,672.75,1538410
2021-06-24 10:05:26,672.5,1538110
2021-06-24 10:05:28,672.85,1538546
2021-06-24 10:05:29,672.6,1538647
2021-06-24 10:05:30,672.6,1538648
2021-06-24 10:05:31,672.5,1538748
2021-06-24 10:05:32,672.6,1538749
2021-06-24 10:05:33,672.6,1538749
2021-06-24 10:05:34,672.6,1539450
2021-06-24 10:05:35,672.6,1539450
2021-06-24 10:05:36,672.6,1539465
2021-06-24 10:05:37,672.3,1543465
2021-06-24 10:05:38,672.35,1543468
2021-06-24 10:05:39,672.6,1543479
2021-06-24 10:05:40,672.85,1543574
2021-06-24 10:05:41,672.5,1543674
2021-06-24 10:05:42,672.5,1543674
2021-06-24 10:05:43,672.5,1543674
2021-06-24 10:05:44,672.5,1543674
2021-06-24 10:05:45,672.5,1543674
2021-06-24 10:05:46,672.5,1543739
2021-06-24 10:05:47,672.8,1544040
2021-06-24 10:05:48,672.6,1544042
2021-06-24 10:05:49,672.7,1544084
2021-06-24 10:05:50,672.7,1544084
2021-06-24 10:05:51,672.7,1544239
2021-06-24 10:05:52,672.9,1544290
2021-06-24 10:05:53,672.95,1544327
2021-06-24 10:05:55,672.8,1544337
2021-06-24 10:05:54,672.8,1544337
2021-06-24 10:05:56,672.7,1544367
2021-06-24 10:05:57,672.8,1544467
2021-06-24 10:05:58,672.7,1544472
2021-06-24 10:05:59,672.7,1544472
2021-06-24 10:06:01,672.7,1544546
2021-06-24 10:06:02,672.7,1544559
2021-06-24 10:06:03,672.75,1544585
2021-06-24 10:06:04,673.0,1548585
2021-06-24 10:06:05,672.85,1548591
2021-06-24 10:06:06,672.85,1548686
2021-06-24 10:06:07,672.85,1548686
2021-06-24 10:06:08,672.85,1548686
2021-06-24 10:06:09,673.0,1548691
2021-06-24 10:06:10,673.0,1548691
2021-06-24 10:06:11,673.0,1548882
2021-06-24 10:06:11,673.0,1548882
2021-06-24 10:06:12,673.0,1548882
2021-06-24 10:06:13,673.3,1551498
2021-06-24 10:06:14,673.3,1551641
2021-06-24 10:06:15,673.5,1552227
2021-06-24 10:06:16,673.5,1552229
2021-06-24 10:06:17,673.25,1552379
2021-06-24 10:06:18,673.25,1552379
2021-06-24 10:06:19,673.5,1552479
2021-06-24 10:06:20,673.5,1552813
2021-06-24 10:06:21,673.3,1552864
2021-06-24 10:06:22,673.3,1552864
2021-06-24 10:06:23,673.3,1553114
2021-06-24 10:06:24,673.3,1553114
2021-06-24 10:06:25,673.65,1554864
2021-06-24 10:06:26,673.65,1554941
2021-06-24 10:06:27,673.5,1555277
2021-06-24 10:06:28,673.85,1555471
2021-06-24 10:06:29,673.85,1555472
2021-06-24 10:06:31,673.85,1555697
2021-06-24 10:06:32,673.85,1557008
2021-06-24 10:06:33,673.75,1559302
2021-06-24 10:06:34,673.65,1559607
2021-06-24 10:06:34,673.65,1559607
2021-06-24 10:06:35,673.9,1559626
2021-06-24 10:06:36,673.9,1559826
2021-06-24 10:06:37,673.9,1559838
2021-06-24 10:06:38,673.9,1559869
2021-06-24 10:06:39,673.45,1561946
2021-06-24 10:06:40,673.6,1562069
2021-06-24 10:06:41,673.6,1562139
2021-06-24 10:06:42,673.6,1562139
2021-06-24 10:06:43,673.35,1562160
2021-06-24 10:06:45,673.7,1562271
2021-06-24 10:06:45,673.7,1562373
2021-06-24 10:06:46,673.7,1562373
2021-06-24 10:06:47,673.7,1562373
2021-06-24 10:06:48,673.65,1562374
2021-06-24 10:06:49,673.65,1562374
2021-06-24 10:06:50,673.65,1562441
2021-06-24 10:06:51,673.8,1562451
2021-06-24 10:06:54,673.5,1562631
2021-06-24 10:06:55,673.5,1562652
2021-06-24 10:06:56,673.6,1562727
2021-06-24 10:06:57,673.85,1562895
2021-06-24 10:06:57,673.9,1562915
2021-06-24 10:06:58,673.9,1562925
2021-06-24 10:07:00,673.5,1562965
2021-06-24 10:07:01,673.85,1563191
2021-06-24 10:07:02,673.8,1563259
2021-06-24 10:07:02,673.8,1563244
2021-06-24 10:07:04,673.85,1563359
2021-06-24 10:07:05,673.85,1563420
2021-06-24 10:07:05,673.85,1563421
2021-06-24 10:07:06,673.9,1563505
2021-06-24 10:07:07,673.75,1563605
2021-06-24 10:07:08,673.85,1565714
2021-06-24 10:07:10,673.65,1568014
2021-06-24 10:07:11,673.35,1568244
2021-06-24 10:07:12,673.35,1568358
2021-06-24 10:07:13,673.4,1568483
2021-06-24 10:07:14,673.4,1568578
2021-06-24 10:07:15,673.8,1568819
2021-06-24 10:07:17,673.5,1568834
2021-06-24 10:07:17,673.5,1568834
2021-06-24 10:07:19,673.4,1568942
2021-06-24 10:07:20,673.4,1569248
2021-06-24 10:07:21,673.7,1569274
2021-06-24 10:07:22,673.7,1569299
2021-06-24 10:07:23,673.75,1569320
2021-06-24 10:07:24,673.4,1569323
2021-06-24 10:07:25,673.4,1569323
2021-06-24 10:07:26,673.4,1569323
2021-06-24 10:07:27,673.75,1569450
2021-06-24 10:07:28,673.75,1570208
2021-06-24 10:07:30,673.65,1570255
2021-06-24 10:07:31,673.65,1570255
2021-06-24 10:07:31,673.65,1570273
2021-06-24 10:07:32,673.65,1570274
2021-06-24 10:07:33,673.6,1570275
2021-06-24 10:07:34,673.6,1570276
2021-06-24 10:07:35,673.6,1570321
2021-06-24 10:07:36,673.55,1570543
2021-06-24 10:07:37,673.55,1570548
2021-06-24 10:07:38,673.6,1570558
2021-06-24 10:07:39,673.45,1570560
2021-06-24 10:07:40,673.45,1570560
2021-06-24 10:07:41,673.45,1570585
2021-06-24 10:07:42,673.45,1570585
2021-06-24 10:07:44,673.45,1570620
2021-06-24 10:07:45,673.45,1570620
2021-06-24 10:07:46,673.45,1570620
2021-06-24 10:07:46,673.45,1570620
2021-06-24 10:07:47,673.6,1570720
2021-06-24 10:07:48,673.5,1570745
2021-06-24 10:07:50,673.5,1571537
2021-06-24 10:07:51,673.5,1571558
2021-06-24 10:07:52,673.55,1571570
2021-06-24 10:07:53,673.5,1571738
2021-06-24 10:07:53,673.45,1572480
2021-06-24 10:07:54,673.45,1572480
2021-06-24 10:07:56,673.6,1572580
2021-06-24 10:07:57,673.45,1572605
2021-06-24 10:07:58,673.6,1572635
2021-06-24 10:07:58,673.55,1572660
2021-06-24 10:07:59,673.55,1572660
2021-06-24 10:08:00,673.6,1573027
2021-06-24 10:08:01,673.6,1573027
2021-06-24 10:08:02,673.65,1573057
2021-06-24 10:08:03,673.45,1573657
2021-06-24 10:08:04,673.3,1574988
2021-06-24 10:08:05,673.3,1575260
2021-06-24 10:08:07,673.5,1575280
2021-06-24 10:08:08,673.45,1575284
2021-06-24 10:08:09,673.1,1575404
2021-06-24 10:08:10,673.1,1575404
2021-06-24 10:08:11,673.35,1575423
2021-06-24 10:08:12,673.0,1575505
2021-06-24 10:08:13,673.0,1575505
2021-06-24 10:08:14,673.0,1575505
2021-06-24 10:08:15,673.0,1575605
2021-06-24 10:08:15,673.3,1575612
2021-06-24 10:08:17,673.3,1575677
2021-06-24 10:08:18,673.0,1575733
2021-06-24 10:08:20,673.0,1575733
2021-06-24 10:08:21,673.0,1575803
2021-06-24 10:08:22,673.0,1575803
2021-06-24 10:08:23,673.0,1575833
2021-06-24 10:08:23,673.3,1575893
2021-06-24 10:08:25,673.3,1575893
2021-06-24 10:08:26,673.3,1575893
2021-06-24 10:08:27,673.3,1575913
2021-06-24 10:08:28,673.15,1576318
2021-06-24 10:08:29,673.15,1576318
2021-06-24 10:08:30,672.9,1576341
2021-06-24 10:08:31,673.05,1576848
2021-06-24 10:08:32,672.7,1576853
2021-06-24 10:08:33,673.05,1576858
2021-06-24 10:08:34,673.05,1576858
2021-06-24 10:08:35,672.75,1576896
2021-06-24 10:08:36,672.75,1576996
2021-06-24 10:08:37,672.75,1576996
2021-06-24 10:08:38,672.75,1576996
2021-06-24 10:08:39,673.05,1577002
2021-06-24 10:08:40,672.85,1579071
2021-06-24 10:08:41,673.2,1579083
2021-06-24 10:08:41,672.85,1579103
2021-06-24 10:08:42,672.85,1579103
2021-06-24 10:08:44,672.85,1579103
2021-06-24 10:08:46,672.85,1579111
2021-06-24 10:08:47,673.0,1579121
2021-06-24 10:08:48,672.85,1579132
2021-06-24 10:08:48,672.85,1579132
2021-06-24 10:08:49,672.85,1579132
2021-06-24 10:08:50,672.85,1579132
2021-06-24 10:08:51,672.85,1579163
2021-06-24 10:08:52,672.8,1580091
2021-06-24 10:08:53,672.8,1580091
2021-06-24 10:08:54,672.8,1580091
2021-06-24 10:08:56,672.8,1580091
2021-06-24 10:08:57,672.8,1580091
2021-06-24 10:08:58,672.85,1583073
2021-06-24 10:08:59,672.85,1583103
2021-06-24 10:09:01,672.85,1583155
2021-06-24 10:09:02,672.85,1583155
2021-06-24 10:09:03,672.85,1583157
2021-06-24 10:09:04,673.0,1583162
2021-06-24 10:09:05,672.85,1583313
2021-06-24 10:09:06,672.85,1583313
2021-06-24 10:09:07,672.85,1583313
2021-06-24 10:09:08,672.85,1583313
2021-06-24 10:09:09,672.85,1583313
2021-06-24 10:09:10,672.85,1583314
2021-06-24 10:09:11,672.9,1584322
2021-06-24 10:09:12,672.7,1584332
2021-06-24 10:09:13,672.85,1584351
2021-06-24 10:09:14,673.0,1584562
2021-06-24 10:09:14,672.85,1584481
2021-06-24 10:09:16,672.85,1584573
2021-06-24 10:09:17,673.0,1584688
2021-06-24 10:09:18,673.0,1584688
2021-06-24 10:09:19,672.95,1584774
2021-06-24 10:09:20,673.0,1587434
2021-06-24 10:09:20,673.0,1587434
2021-06-24 10:09:21,673.05,1587534
2021-06-24 10:09:22,673.3,1587535
2021-06-24 10:09:23,673.3,1587635
2021-06-24 10:09:24,673.1,1587737
2021-06-24 10:09:26,673.1,1587786
2021-06-24 10:09:28,673.3,1587937
2021-06-24 10:09:30,673.3,1588055
2021-06-24 10:09:31,673.3,1588055
2021-06-24 10:09:32,673.35,1588057
2021-06-24 10:09:33,673.35,1588090
2021-06-24 10:09:34,673.35,1588090
2021-06-24 10:09:35,673.35,1588090
2021-06-24 10:09:36,673.35,1588090
2021-06-24 10:09:37,673.3,1588140
2021-06-24 10:09:38,673.05,1588208
2021-06-24 10:09:39,673.2,1588268
2021-06-24 10:09:40,673.25,1588693
2021-06-24 10:09:40,673.25,1588693
2021-06-24 10:09:41,673.25,1588744
2021-06-24 10:09:42,673.3,1588752
2021-06-24 10:09:43,673.3,1588752
2021-06-24 10:09:45,673.0,1588753
2021-06-24 10:09:46,673.3,1589553
2021-06-24 10:09:47,673.3,1589555
2021-06-24 10:09:48,673.25,1591340
2021-06-24 10:09:49,673.45,1591345
2021-06-24 10:09:50,673.3,1591445
2021-06-24 10:09:51,673.3,1591445
2021-06-24 10:09:52,673.3,1591445
2021-06-24 10:09:53,673.25,1592337
2021-06-24 10:09:54,673.5,1593149
2021-06-24 10:09:56,673.9,1603022
2021-06-24 10:09:58,673.9,1604453
2021-06-24 10:09:59,673.75,1604553
2021-06-24 10:10:00,673.95,1604554
2021-06-24 10:10:01,674.2,1611481
2021-06-24 10:10:01,674.2,1611481
2021-06-24 10:10:02,674.2,1611514
2021-06-24 10:10:04,674.15,1612490
2021-06-24 10:10:05,673.8,1612551
2021-06-24 10:10:06,673.8,1612641
2021-06-24 10:10:06,674.1,1612671
2021-06-24 10:10:07,674.1,1612672
2021-06-24 10:10:08,673.9,1612772
2021-06-24 10:10:09,674.05,1613205
2021-06-24 10:10:10,674.15,1613305
2021-06-24 10:10:11,674.4,1613557
2021-06-24 10:10:13,674.2,1615047
2021-06-24 10:10:14,674.2,1615048
2021-06-24 10:10:15,674.2,1615048
2021-06-24 10:10:16,674.15,1615061
2021-06-24 10:10:16,674.1,1615064
2021-06-24 10:10:18,674.15,1615375
2021-06-24 10:10:19,674.15,1615424
2021-06-24 10:10:20,674.0,1616519
2021-06-24 10:10:21,673.9,1617274
2021-06-24 10:10:22,674.05,1617994
2021-06-24 10:10:23,674.05,1617994
2021-06-24 10:10:24,674.0,1618419
2021-06-24 10:10:25,674.15,1618509
2021-06-24 10:10:26,674.1,1618524
2021-06-24 10:10:27,673.9,1618525
2021-06-24 10:10:28,673.85,1618563
2021-06-24 10:10:29,674.05,1618663
2021-06-24 10:10:30,674.05,1618779
2021-06-24 10:10:31,674.15,1618805
2021-06-24 10:10:32,674.15,1618808
2021-06-24 10:10:33,674.1,1619356
2021-06-24 10:10:35,673.95,1619914
2021-06-24 10:10:36,673.9,1620034
2021-06-24 10:10:37,673.9,1620034
2021-06-24 10:10:38,673.9,1620034
2021-06-24 10:10:39,674.1,1620127
2021-06-24 10:10:42,674.1,1620328
2021-06-24 10:10:42,673.9,1620342
2021-06-24 10:10:43,673.9,1620354
2021-06-24 10:10:44,674.1,1620374
2021-06-24 10:10:47,673.9,1621778
2021-06-24 10:10:48,674.0,1621856
2021-06-24 10:10:48,674.0,1621856
2021-06-24 10:10:50,674.0,1621870
2021-06-24 10:10:53,674.0,1622283
2021-06-24 10:10:54,674.05,1622413
2021-06-24 10:10:55,674.1,1622707
2021-06-24 10:10:56,674.0,1622913
2021-06-24 10:10:57,674.0,1622913
2021-06-24 10:10:58,674.05,1624113
2021-06-24 10:10:59,674.1,1624249
2021-06-24 10:10:59,674.1,1624249
2021-06-24 10:11:00,674.1,1624249
2021-06-24 10:11:01,673.9,1624285
2021-06-24 10:11:03,674.1,1624312
2021-06-24 10:11:04,673.9,1624320
2021-06-24 10:11:04,673.9,1624340
2021-06-24 10:11:06,674.05,1624864
2021-06-24 10:11:06,673.9,1624859
2021-06-24 10:11:08,673.9,1624976
2021-06-24 10:11:09,674.0,1625096
2021-06-24 10:11:10,674.05,1625145
2021-06-24 10:11:11,673.85,1625150
2021-06-24 10:11:12,674.0,1626514
2021-06-24 10:11:13,674.0,1626514
2021-06-24 10:11:14,673.75,1626539
2021-06-24 10:11:15,673.75,1626759
2021-06-24 10:11:16,674.0,1626936
2021-06-24 10:11:17,674.0,1626936
2021-06-24 10:11:18,674.0,1626948
2021-06-24 10:11:19,674.0,1626948
2021-06-24 10:11:20,674.0,1626951
2021-06-24 10:11:21,674.0,1626951
2021-06-24 10:11:23,674.0,1626993
2021-06-24 10:11:23,674.0,1627043
2021-06-24 10:11:24,674.0,1627759
2021-06-24 10:11:25,674.0,1627814
2021-06-24 10:11:27,673.8,1629020
2021-06-24 10:11:28,673.8,1629020
2021-06-24 10:11:29,673.8,1629021
2021-06-24 10:11:30,673.85,1629022
2021-06-24 10:11:31,673.85,1629022
2021-06-24 10:11:32,673.6,1630372
2021-06-24 10:11:33,673.6,1630372
2021-06-24 10:11:34,673.85,1630472
2021-06-24 10:11:35,673.85,1630472
2021-06-24 10:11:36,673.85,1630637
2021-06-24 10:11:37,673.35,1635903
2021-06-24 10:11:38,673.35,1636003
2021-06-24 10:11:39,673.1,1636010
2021-06-24 10:11:40,673.1,1636010
2021-06-24 10:11:41,673.1,1636047
2021-06-24 10:11:43,673.0,1636648
2021-06-24 10:11:44,673.0,1636648
2021-06-24 10:11:45,673.0,1636749
2021-06-24 10:11:45,673.0,1636749
2021-06-24 10:11:46,673.15,1636753
2021-06-24 10:11:47,673.15,1636753
2021-06-24 10:11:49,673.0,1640766
2021-06-24 10:11:49,673.1,1641799
2021-06-24 10:11:50,673.1,1641799
2021-06-24 10:11:51,673.4,1641924
2021-06-24 10:11:53,673.4,1641924
2021-06-24 10:11:54,673.35,1641929
2021-06-24 10:11:55,673.35,1641929
2021-06-24 10:11:56,673.35,1641929
2021-06-24 10:11:57,673.05,1642155
2021-06-24 10:11:58,673.05,1642457
2021-06-24 10:11:59,673.05,1642457
2021-06-24 10:12:00,673.1,1642661
2021-06-24 10:12:01,673.25,1642881
2021-06-24 10:12:02,673.25,1642891
2021-06-24 10:12:03,673.25,1642891
2021-06-24 10:12:03,673.25,1642891
2021-06-24 10:12:05,673.2,1642892
2021-06-24 10:12:06,673.2,1642892
2021-06-24 10:12:07,673.2,1642892
2021-06-24 10:12:08,673.0,1643504
2021-06-24 10:12:09,673.15,1643529
2021-06-24 10:12:10,673.15,1643529
2021-06-24 10:12:11,673.15,1643529
2021-06-24 10:12:12,673.3,1643858
2021-06-24 10:12:13,673.45,1644008
2021-06-24 10:12:15,673.45,1644028
2021-06-24 10:12:16,673.25,1644143
2021-06-24 10:12:17,673.25,1645127
2021-06-24 10:12:18,673.55,1645257
2021-06-24 10:12:19,673.55,1645257
2021-06-24 10:12:20,673.55,1645257
2021-06-24 10:12:21,673.6,1645957
2021-06-24 10:12:25,673.35,1647225
2021-06-24 10:12:26,673.35,1647225
2021-06-24 10:12:27,673.65,1647325
2021-06-24 10:12:28,673.35,1647470
2021-06-24 10:12:29,673.35,1647476
2021-06-24 10:12:30,673.35,1647476
2021-06-24 10:12:31,673.35,1647476
2021-06-24 10:12:32,673.35,1647595
2021-06-24 10:12:33,673.35,1647595
2021-06-24 10:12:34,673.35,1647595
2021-06-24 10:12:35,673.35,1647595
2021-06-24 10:12:36,673.4,1647626
2021-06-24 10:12:37,673.4,1647626
2021-06-24 10:12:38,673.4,1647626
2021-06-24 10:12:39,673.4,1647626
2021-06-24 10:12:40,673.4,1647647
2021-06-24 10:12:41,673.4,1647647
2021-06-24 10:12:42,673.4,1647647
2021-06-24 10:12:44,673.5,1647651
2021-06-24 10:12:45,673.5,1647651
2021-06-24 10:12:47,673.6,1648267
2021-06-24 10:12:48,673.6,1648271
2021-06-24 10:12:49,673.6,1648313
2021-06-24 10:12:50,673.6,1648313
2021-06-24 10:12:51,673.35,1648314
2021-06-24 10:12:52,673.4,1648365
2021-06-24 10:12:53,673.35,1648465
2021-06-24 10:12:54,673.35,1648465
2021-06-24 10:12:55,673.4,1648470
2021-06-24 10:12:56,673.4,1648475
2021-06-24 10:12:57,673.35,1648505
2021-06-24 10:12:58,673.4,1648525
2021-06-24 10:12:59,673.35,1648557
2021-06-24 10:13:00,673.35,1648577
2021-06-24 10:13:01,673.35,1648577
2021-06-24 10:13:02,673.25,1649150
2021-06-24 10:13:03,673.25,1649150
2021-06-24 10:13:04,673.15,1649566
2021-06-24 10:13:05,673.15,1649616
2021-06-24 10:13:06,673.15,1649616
2021-06-24 10:13:07,673.3,1649721
2021-06-24 10:13:08,673.3,1649721
2021-06-24 10:13:09,673.3,1649722
2021-06-24 10:13:10,673.15,1649822
2021-06-24 10:13:11,673.35,1650392
2021-06-24 10:13:12,673.35,1650392
2021-06-24 10:13:13,673.35,1650392
2021-06-24 10:13:14,673.15,1650407
2021-06-24 10:13:15,673.15,1650407
2021-06-24 10:13:16,673.15,1650407
2021-06-24 10:13:17,673.3,1650459
2021-06-24 10:13:18,673.15,1650529
2021-06-24 10:13:19,673.3,1650544
2021-06-24 10:13:20,673.15,1650756
2021-06-24 10:13:21,673.1,1650766
2021-06-24 10:13:22,673.4,1650895
2021-06-24 10:13:23,673.15,1650989
2021-06-24 10:13:24,673.5,1651159
2021-06-24 10:13:25,673.5,1651179
2021-06-24 10:13:26,673.5,1651179
2021-06-24 10:13:27,673.5,1651179
2021-06-24 10:13:28,673.5,1651885
2021-06-24 10:13:29,673.45,1652205
2021-06-24 10:13:30,673.45,1652215
2021-06-24 10:13:31,673.85,1655390
2021-06-24 10:13:32,673.85,1655390
2021-06-24 10:13:33,674.0,1660206
2021-06-24 10:13:34,674.2,1667329
2021-06-24 10:13:35,674.2,1667329
2021-06-24 10:13:36,674.05,1667459
2021-06-24 10:13:37,674.4,1668839
2021-06-24 10:13:38,674.4,1677972
2021-06-24 10:13:39,674.2,1678072
2021-06-24 10:13:40,674.2,1678072
2021-06-24 10:13:41,674.2,1678597
2021-06-24 10:13:42,674.2,1678815
2021-06-24 10:13:43,674.2,1678815
2021-06-24 10:13:44,674.2,1678835
2021-06-24 10:13:45,674.2,1678836
2021-06-24 10:13:46,674.2,1678836
2021-06-24 10:13:47,674.4,1680841
2021-06-24 10:13:48,674.4,1680861
2021-06-24 10:13:49,674.4,1680861
2021-06-24 10:13:50,674.5,1682296
2021-06-24 10:13:51,674.75,1690460
2021-06-24 10:13:52,675.15,1710988
2021-06-24 10:13:53,675.15,1711511
2021-06-24 10:13:54,675.15,1711511
2021-06-24 10:13:55,675.6,1711550
2021-06-24 10:13:56,675.25,1711816
2021-06-24 10:13:57,675.6,1711846
2021-06-24 10:13:58,675.25,1712013
2021-06-24 10:13:59,675.6,1712139
2021-06-24 10:14:00,675.25,1712319
2021-06-24 10:14:01,675.25,1712319
2021-06-24 10:14:02,675.6,1712424
2021-06-24 10:14:03,675.65,1714129
2021-06-24 10:14:04,675.4,1714686
2021-06-24 10:14:05,675.7,1714986
2021-06-24 10:14:06,675.75,1715202
2021-06-24 10:14:07,675.5,1715852
2021-06-24 10:14:08,675.75,1716049
2021-06-24 10:14:09,675.55,1716268
2021-06-24 10:14:10,675.6,1716378
2021-06-24 10:14:11,675.5,1716528
2021-06-24 10:14:12,675.75,1716824
2021-06-24 10:14:13,675.45,1717150
2021-06-24 10:14:14,675.75,1717252
2021-06-24 10:14:15,675.95,1719296
2021-06-24 10:14:16,675.6,1720313
2021-06-24 10:14:17,675.95,1720404
2021-06-24 10:14:18,675.75,1721594
2021-06-24 10:14:20,675.75,1722331
2021-06-24 10:14:20,676.0,1722334
2021-06-24 10:14:21,676.0,1722753
2021-06-24 10:14:22,676.0,1732851
2021-06-24 10:14:23,676.5,1736114
2021-06-24 10:14:24,676.5,1737037
2021-06-24 10:14:25,676.5,1739455
2021-06-24 10:14:26,676.5,1739456
2021-06-24 10:14:27,676.6,1739969
2021-06-24 10:14:28,676.25,1740009
2021-06-24 10:14:29,676.25,1740830
2021-06-24 10:14:30,676.25,1740880
2021-06-24 10:14:32,676.25,1741683
2021-06-24 10:14:32,676.6,1741955
2021-06-24 10:14:33,676.5,1741985
2021-06-24 10:14:34,676.4,1742216
2021-06-24 10:14:35,676.2,1742708
2021-06-24 10:14:36,676.3,1744853
2021-06-24 10:14:37,676.25,1745165
2021-06-24 10:14:38,676.05,1745426
2021-06-24 10:14:39,676.25,1745658
2021-06-24 10:14:41,676.2,1745786
2021-06-24 10:14:42,676.3,1746732
2021-06-24 10:14:43,675.9,1746739
2021-06-24 10:14:44,675.9,1746789
2021-06-24 10:14:45,676.3,1746900
2021-06-24 10:14:46,676.0,1747131
2021-06-24 10:14:47,676.0,1748148
2021-06-24 10:14:48,676.3,1748649
2021-06-24 10:14:49,676.0,1748775
2021-06-24 10:14:50,676.25,1748786
2021-06-24 10:14:51,676.0,1749418
2021-06-24 10:14:52,676.0,1749418
2021-06-24 10:14:53,676.25,1749683
2021-06-24 10:14:54,676.2,1749783
2021-06-24 10:14:55,676.0,1749988
2021-06-24 10:14:56,675.9,1751151
2021-06-24 10:14:57,676.1,1752492
2021-06-24 10:14:59,676.1,1753358
2021-06-24 10:15:00,676.4,1754328
2021-06-24 10:15:02,676.0,1754890
2021-06-24 10:15:02,676.35,1755207
2021-06-24 10:15:03,676.0,1756331
2021-06-24 10:15:04,676.4,1757117
2021-06-24 10:15:06,676.5,1757656
2021-06-24 10:15:06,676.5,1757656
2021-06-24 10:15:07,676.4,1757981
2021-06-24 10:15:08,676.5,1758531
2021-06-24 10:15:09,676.5,1760623
2021-06-24 10:15:10,676.3,1760808
2021-06-24 10:15:12,676.0,1767247
2021-06-24 10:15:12,675.9,1767347
2021-06-24 10:15:13,676.0,1767967
2021-06-24 10:15:14,675.95,1768055
2021-06-24 10:15:15,675.75,1773153
2021-06-24 10:15:16,676.0,1773335
2021-06-24 10:15:17,676.0,1774231
2021-06-24 10:15:18,675.7,1774371
2021-06-24 10:15:19,676.0,1774474
2021-06-24 10:15:20,676.0,1774574
2021-06-24 10:15:21,675.7,1774640
2021-06-24 10:15:22,675.9,1774730
2021-06-24 10:15:23,675.7,1774788
2021-06-24 10:15:24,675.9,1775812
2021-06-24 10:15:25,675.7,1775902
2021-06-24 10:15:26,675.7,1776011
2021-06-24 10:15:27,675.9,1776551
2021-06-24 10:15:28,675.55,1776566
2021-06-24 10:15:29,675.8,1776634
2021-06-24 10:15:30,675.9,1776762
2021-06-24 10:15:32,675.9,1776897
2021-06-24 10:15:33,675.7,1776926
2021-06-24 10:15:34,675.7,1776931
2021-06-24 10:15:35,675.3,1780331
2021-06-24 10:15:36,675.35,1780866
2021-06-24 10:15:38,675.2,1783032
2021-06-24 10:15:38,675.2,1783032
2021-06-24 10:15:39,675.55,1783848
2021-06-24 10:15:41,675.45,1785091
2021-06-24 10:15:41,675.35,1785276
2021-06-24 10:15:42,675.35,1785369
2021-06-24 10:15:43,675.35,1785369
2021-06-24 10:15:44,675.35,1785534
2021-06-24 10:15:45,675.35,1785634
2021-06-24 10:15:46,675.4,1787662
2021-06-24 10:15:47,675.55,1788064
2021-06-24 10:15:48,675.9,1790000
2021-06-24 10:15:49,675.55,1790101
2021-06-24 10:15:50,675.2,1797338
2021-06-24 10:15:51,675.3,1797343
2021-06-24 10:15:52,675.3,1799006
2021-06-24 10:15:54,675.4,1801123
2021-06-24 10:15:53,675.3,1799006
2021-06-24 10:15:55,675.4,1801123
2021-06-24 10:15:56,675.35,1801223
2021-06-24 10:15:57,675.45,1801384
2021-06-24 10:15:58,675.2,1801707
2021-06-24 10:16:00,675.25,1803797
2021-06-24 10:16:01,675.25,1808838
2021-06-24 10:16:02,675.2,1808969
2021-06-24 10:16:03,675.2,1812240
2021-06-24 10:16:04,675.25,1814424
2021-06-24 10:16:05,675.15,1815508
2021-06-24 10:16:07,675.05,1815966
2021-06-24 10:16:07,675.05,1815966
2021-06-24 10:16:08,675.05,1816510
2021-06-24 10:16:09,675.0,1820034
2021-06-24 10:16:10,674.75,1820921
2021-06-24 10:16:11,674.75,1821140
2021-06-24 10:16:12,674.45,1821242
2021-06-24 10:16:14,674.7,1821278
2021-06-24 10:16:15,674.5,1821476
2021-06-24 10:16:16,674.45,1821524
2021-06-24 10:16:17,674.5,1821656
2021-06-24 10:16:18,674.5,1821705
2021-06-24 10:16:19,674.45,1822212
2021-06-24 10:16:20,674.45,1822226
2021-06-24 10:16:21,674.45,1822689
2021-06-24 10:16:22,674.45,1822695
2021-06-24 10:16:23,674.2,1823511
2021-06-24 10:16:24,674.2,1823514
2021-06-24 10:16:26,674.1,1823731
2021-06-24 10:16:27,674.2,1823738
2021-06-24 10:16:28,674.1,1823892
2021-06-24 10:16:29,674.1,1823965
2021-06-24 10:16:30,674.1,1823973
2021-06-24 10:16:31,674.7,1827287
2021-06-24 10:16:33,674.6,1827658
2021-06-24 10:16:35,674.6,1827955
2021-06-24 10:16:36,674.55,1827958
2021-06-24 10:16:37,674.95,1831571
2021-06-24 10:16:38,674.95,1831628
2021-06-24 10:16:39,674.95,1831631
2021-06-24 10:16:40,675.1,1831701
2021-06-24 10:16:41,675.1,1831769
2021-06-24 10:16:42,674.85,1831807
2021-06-24 10:16:43,674.85,1831831
2021-06-24 10:16:44,674.85,1832220
2021-06-24 10:16:45,674.85,1832288
2021-06-24 10:16:46,674.75,1832392
2021-06-24 10:16:47,675.15,1835541
2021-06-24 10:16:48,675.15,1835552
2021-06-24 10:16:49,675.15,1835566
2021-06-24 10:16:51,675.15,1835938
2021-06-24 10:16:52,675.2,1835980
2021-06-24 10:16:53,675.15,1836582
2021-06-24 10:16:53,675.15,1836582
2021-06-24 10:16:54,675.15,1836660
2021-06-24 10:16:55,675.15,1836996
2021-06-24 10:16:56,675.2,1837204
2021-06-24 10:16:57,675.2,1837435
2021-06-24 10:16:58,675.2,1837591
2021-06-24 10:16:59,675.2,1837726
2021-06-24 10:17:01,675.2,1837826
2021-06-24 10:17:02,675.15,1837889
2021-06-24 10:17:02,675.15,1837893
2021-06-24 10:17:03,675.35,1837927
2021-06-24 10:17:04,675.35,1838038
2021-06-24 10:17:05,675.4,1838641
2021-06-24 10:17:07,675.15,1838697
2021-06-24 10:17:08,675.15,1838697
2021-06-24 10:17:09,675.15,1838914
2021-06-24 10:17:11,675.15,1838966
2021-06-24 10:17:12,675.35,1838980
2021-06-24 10:17:13,675.2,1839745
2021-06-24 10:17:14,675.6,1841947
2021-06-24 10:17:15,675.55,1842718
2021-06-24 10:17:15,675.55,1842718
2021-06-24 10:17:17,675.55,1842719
2021-06-24 10:17:18,675.5,1842790
2021-06-24 10:17:18,675.5,1842790
2021-06-24 10:17:19,675.55,1843129
2021-06-24 10:17:20,675.55,1843230
2021-06-24 10:17:21,675.7,1843260
2021-06-24 10:17:22,675.6,1843535
2021-06-24 10:17:23,675.55,1843766
2021-06-24 10:17:25,675.55,1843884
2021-06-24 10:17:26,675.75,1845439
2021-06-24 10:17:26,675.75,1845439
2021-06-24 10:17:27,675.9,1845592
2021-06-24 10:17:28,675.9,1845751
2021-06-24 10:17:29,675.9,1845752
2021-06-24 10:17:30,676.0,1846603
2021-06-24 10:17:32,676.0,1848831
2021-06-24 10:17:33,675.9,1849020
2021-06-24 10:17:34,675.75,1849035
2021-06-24 10:17:34,675.75,1849035
2021-06-24 10:17:35,676.0,1849136
2021-06-24 10:17:36,676.0,1849156
2021-06-24 10:17:38,676.0,1849976
2021-06-24 10:17:39,676.0,1850736
2021-06-24 10:17:41,676.0,1852163
2021-06-24 10:17:43,675.9,1856807
2021-06-24 10:17:44,676.2,1859329
2021-06-24 10:17:45,676.1,1859614
2021-06-24 10:17:46,676.35,1863879
2021-06-24 10:17:47,676.05,1863964
2021-06-24 10:17:48,676.15,1863979
2021-06-24 10:17:49,676.15,1863982
2021-06-24 10:17:50,676.3,1864457
2021-06-24 10:17:52,676.4,1864814
2021-06-24 10:17:53,676.45,1864874
2021-06-24 10:17:54,676.25,1864992
2021-06-24 10:17:55,676.4,1866524
2021-06-24 10:17:55,676.25,1866523
2021-06-24 10:17:56,676.15,1866626
2021-06-24 10:17:57,676.15,1866862
2021-06-24 10:18:00,676.4,1866986
2021-06-24 10:18:01,676.1,1867006
2021-06-24 10:18:02,676.35,1869329
2021-06-24 10:18:02,676.4,1867141
2021-06-24 10:18:03,676.0,1869558
2021-06-24 10:18:04,676.0,1869768
2021-06-24 10:18:06,676.0,1870119
2021-06-24 10:18:07,676.35,1870369
2021-06-24 10:18:08,676.25,1870529
2021-06-24 10:18:09,676.0,1872036
2021-06-24 10:18:09,676.0,1872036
2021-06-24 10:18:10,676.0,1872091
2021-06-24 10:18:11,675.8,1873355
2021-06-24 10:18:12,676.1,1873458
2021-06-24 10:18:13,676.0,1873476
2021-06-24 10:18:14,675.8,1873528
2021-06-24 10:18:15,675.8,1873528
2021-06-24 10:18:16,676.0,1873808
2021-06-24 10:18:18,676.0,1873988
2021-06-24 10:18:19,676.0,1874211
2021-06-24 10:18:20,675.75,1874315
2021-06-24 10:18:20,675.75,1874315
2021-06-24 10:18:21,676.0,1874581
2021-06-24 10:18:22,675.85,1874583
2021-06-24 10:18:23,675.75,1874686
2021-06-24 10:18:24,676.0,1874822
2021-06-24 10:18:25,675.7,1875082
2021-06-24 10:18:26,675.7,1875082
2021-06-24 10:18:27,675.95,1875201
2021-06-24 10:18:28,675.8,1875301
2021-06-24 10:18:29,675.7,1875331
2021-06-24 10:18:30,675.7,1875647
2021-06-24 10:18:31,675.7,1875658
2021-06-24 10:18:32,675.7,1875909
2021-06-24 10:18:33,675.7,1875934
2021-06-24 10:18:35,675.95,1876084
2021-06-24 10:18:36,675.95,1876878
2021-06-24 10:18:37,675.9,1876978
2021-06-24 10:18:38,675.85,1877532
2021-06-24 10:18:38,675.85,1877613
2021-06-24 10:18:39,675.85,1877613
2021-06-24 10:18:40,675.5,1877623
2021-06-24 10:18:43,675.5,1877736
2021-06-24 10:18:44,675.7,1877757
2021-06-24 10:18:44,675.5,1877854
2021-06-24 10:18:46,675.5,1877854
2021-06-24 10:18:47,675.45,1877912
2021-06-24 10:18:48,675.45,1877912
2021-06-24 10:18:49,675.45,1878029
2021-06-24 10:18:49,675.7,1878091
2021-06-24 10:18:50,675.4,1878571
2021-06-24 10:18:51,675.4,1878571
2021-06-24 10:18:52,675.4,1878571
2021-06-24 10:18:53,675.55,1878671
2021-06-24 10:18:54,675.5,1878802
2021-06-24 10:18:55,675.5,1878807
2021-06-24 10:18:56,675.45,1878811
2021-06-24 10:18:57,675.5,1879807
2021-06-24 10:18:58,675.5,1879821
2021-06-24 10:18:59,675.55,1879897
2021-06-24 10:19:00,675.5,1879907
2021-06-24 10:19:01,675.5,1879912
2021-06-24 10:19:03,675.5,1880212
2021-06-24 10:19:04,675.55,1880234
2021-06-24 10:19:05,675.5,1880238
2021-06-24 10:19:05,675.5,1880238
2021-06-24 10:19:06,675.5,1880263
2021-06-24 10:19:07,675.55,1880268
2021-06-24 10:19:09,675.5,1882147
2021-06-24 10:19:10,675.5,1884388
2021-06-24 10:19:12,675.5,1884468
2021-06-24 10:19:13,675.65,1884595
2021-06-24 10:19:14,675.5,1884608
2021-06-24 10:19:15,675.6,1884658
2021-06-24 10:19:15,675.6,1884658
2021-06-24 10:19:16,676.0,1886480
2021-06-24 10:19:17,676.0,1886782
2021-06-24 10:19:19,675.95,1886783
2021-06-24 10:19:20,675.95,1886930
2021-06-24 10:19:21,675.65,1887150
2021-06-24 10:19:22,675.7,1887220
2021-06-24 10:19:22,675.7,1887220
2021-06-24 10:19:23,676.0,1887478
2021-06-24 10:19:24,676.0,1887478
2021-06-24 10:19:25,675.75,1887495
2021-06-24 10:19:26,675.95,1887555
2021-06-24 10:19:28,675.65,1888555
2021-06-24 10:19:29,675.65,1888555
2021-06-24 10:19:30,675.5,1890319
2021-06-24 10:19:31,675.8,1890419
2021-06-24 10:19:32,675.5,1890424
2021-06-24 10:19:33,675.5,1890425
2021-06-24 10:19:33,675.5,1890425
2021-06-24 10:19:34,675.5,1890425
2021-06-24 10:19:35,675.5,1890446
2021-06-24 10:19:36,675.5,1890446
2021-06-24 10:19:38,675.5,1890446
2021-06-24 10:19:39,675.65,1890447
2021-06-24 10:19:40,675.5,1890607
2021-06-24 10:19:41,675.4,1898657
2021-06-24 10:19:42,675.55,1900775
2021-06-24 10:19:43,675.3,1906115
2021-06-24 10:19:43,675.5,1906111
2021-06-24 10:19:44,675.3,1906115
2021-06-24 10:19:45,675.4,1906116
2021-06-24 10:19:46,675.2,1906124
2021-06-24 10:19:47,675.35,1906225
2021-06-24 10:19:49,675.4,1907010
2021-06-24 10:19:50,675.4,1907034
2021-06-24 10:19:52,675.5,1907114
2021-06-24 10:19:53,675.45,1907322
2021-06-24 10:19:54,675.25,1907323
2021-06-24 10:19:55,675.5,1907324
2021-06-24 10:19:56,675.5,1907324
2021-06-24 10:19:56,675.5,1907324
2021-06-24 10:19:57,675.35,1907624
2021-06-24 10:19:58,675.35,1908143
2021-06-24 10:19:59,675.5,1908150
2021-06-24 10:20:00,675.35,1908406
2021-06-24 10:20:01,675.25,1908501
2021-06-24 10:20:02,675.4,1910062
2021-06-24 10:20:04,675.4,1910062
2021-06-24 10:20:05,675.25,1910072
2021-06-24 10:20:07,675.5,1910087
2021-06-24 10:20:08,675.5,1910087
2021-06-24 10:20:10,675.35,1910227
2021-06-24 10:20:10,675.0,1917443
2021-06-24 10:20:11,675.0,1917882
2021-06-24 10:20:12,675.0,1917909
2021-06-24 10:20:13,675.0,1917909
2021-06-24 10:20:14,675.15,1918059
2021-06-24 10:20:15,675.0,1918169
2021-06-24 10:20:16,675.0,1918417
2021-06-24 10:20:17,675.0,1918476
2021-06-24 10:20:18,675.0,1918978
2021-06-24 10:20:19,675.0,1918978
2021-06-24 10:20:20,675.0,1919408
2021-06-24 10:20:21,675.15,1919458
2021-06-24 10:20:22,675.25,1919708
2021-06-24 10:20:24,675.0,1921218
2021-06-24 10:20:26,675.15,1921384
2021-06-24 10:20:27,675.0,1921394
2021-06-24 10:20:27,675.0,1921394
2021-06-24 10:20:28,675.05,1921656
2021-06-24 10:20:29,674.8,1938534
2021-06-24 10:20:31,674.7,1938993
2021-06-24 10:20:32,674.7,1939046
2021-06-24 10:20:33,674.6,1939142
2021-06-24 10:20:34,674.2,1939931
2021-06-24 10:20:34,674.5,1939932
2021-06-24 10:20:35,674.3,1940169
2021-06-24 10:20:36,674.3,1940422
2021-06-24 10:20:37,674.1,1941544
2021-06-24 10:20:38,674.35,1941652
2021-06-24 10:20:39,674.4,1941815
2021-06-24 10:20:40,674.35,1941870
2021-06-24 10:20:41,674.1,1941963
2021-06-24 10:20:43,674.35,1942118
2021-06-24 10:20:44,674.35,1942487
2021-06-24 10:20:45,674.35,1942503
2021-06-24 10:20:45,674.05,1942555
2021-06-24 10:20:47,674.3,1942556
2021-06-24 10:20:48,674.3,1942577
2021-06-24 10:20:49,673.7,1960472
2021-06-24 10:20:50,673.75,1960766
2021-06-24 10:20:52,673.65,1962554
2021-06-24 10:20:53,674.0,1962571
2021-06-24 10:20:54,673.65,1963037
2021-06-24 10:20:55,674.0,1963276
2021-06-24 10:20:57,673.75,1963806
2021-06-24 10:20:58,673.75,1963806
2021-06-24 10:20:59,673.8,1963964
2021-06-24 10:21:00,674.0,1964666
2021-06-24 10:21:01,673.65,1965747
2021-06-24 10:21:02,673.75,1965837
2021-06-24 10:21:02,673.75,1965837
2021-06-24 10:21:03,673.75,1965837
2021-06-24 10:21:05,674.05,1968102
2021-06-24 10:21:06,674.75,1970852
2021-06-24 10:21:07,674.4,1970927
2021-06-24 10:21:08,674.4,1970929
2021-06-24 10:21:09,674.35,1971592
2021-06-24 10:21:09,674.35,1971429
2021-06-24 10:21:11,674.05,1973092
2021-06-24 10:21:12,674.25,1973142
2021-06-24 10:21:13,674.25,1973142
2021-06-24 10:21:14,674.05,1973150
2021-06-24 10:21:15,674.05,1973245
2021-06-24 10:21:16,674.25,1973295
2021-06-24 10:21:17,674.55,1973415
2021-06-24 10:21:17,674.55,1973415
2021-06-24 10:21:18,674.55,1973435
2021-06-24 10:21:20,674.35,1973436
2021-06-24 10:21:21,674.35,1973436
2021-06-24 10:21:22,674.0,1974786
2021-06-24 10:21:23,674.3,1975001
2021-06-24 10:21:24,674.25,1975358
2021-06-24 10:21:24,674.0,1975359
2021-06-24 10:21:26,674.0,1975364
2021-06-24 10:21:27,674.0,1975364
2021-06-24 10:21:28,674.15,1975366
2021-06-24 10:21:29,674.15,1975576
2021-06-24 10:21:30,674.15,1975612
2021-06-24 10:21:31,674.0,1976112
2021-06-24 10:21:31,674.0,1976112
2021-06-24 10:21:32,674.0,1976452
2021-06-24 10:21:33,674.0,1976500
2021-06-24 10:21:35,674.0,1976750
2021-06-24 10:21:36,674.0,1976750
2021-06-24 10:21:37,674.05,1976759
2021-06-24 10:21:38,674.25,1977259
2021-06-24 10:21:39,674.25,1977261
2021-06-24 10:21:40,674.25,1977362
2021-06-24 10:21:40,674.25,1977362
2021-06-24 10:21:42,674.25,1977362
2021-06-24 10:21:43,674.25,1977501
2021-06-24 10:21:45,674.4,1977682
2021-06-24 10:21:46,674.5,1977730
2021-06-24 10:21:47,674.5,1977730
2021-06-24 10:21:48,674.5,1977730
2021-06-24 10:21:49,674.15,1977735
2021-06-24 10:21:50,674.15,1977992
2021-06-24 10:21:51,674.0,1978104
2021-06-24 10:21:52,674.0,1978104
2021-06-24 10:21:52,674.0,1978104
2021-06-24 10:21:53,674.0,1978104
2021-06-24 10:21:54,674.3,1983985
2021-06-24 10:21:56,674.2,1984085
2021-06-24 10:21:57,674.2,1984085
2021-06-24 10:21:57,674.2,1984085
2021-06-24 10:21:58,674.4,1984125
2021-06-24 10:22:00,674.5,1984539
2021-06-24 10:22:01,674.5,1984539
2021-06-24 10:22:02,674.5,1984539
2021-06-24 10:22:03,674.5,1984589
2021-06-24 10:22:04,674.5,1984589
2021-06-24 10:22:04,674.5,1984589
2021-06-24 10:22:06,674.05,1984721
2021-06-24 10:22:07,674.05,1984746
2021-06-24 10:22:09,674.1,1985431
2021-06-24 10:22:08,674.05,1984746
2021-06-24 10:22:11,674.3,1985534
2021-06-24 10:22:10,674.3,1985533
2021-06-24 10:22:12,674.35,1985714
2021-06-24 10:22:13,674.25,1985869
2021-06-24 10:22:14,673.95,1990866
2021-06-24 10:22:14,673.95,1990866
2021-06-24 10:22:15,673.95,1990866
2021-06-24 10:22:16,673.9,1991022
2021-06-24 10:22:17,674.05,1991037
2021-06-24 10:22:18,674.05,1991037
2021-06-24 10:22:20,673.9,1991114
2021-06-24 10:22:21,674.05,1991376
2021-06-24 10:22:22,674.05,1991376
2021-06-24 10:22:23,673.8,1992051
2021-06-24 10:22:24,673.85,1992067
2021-06-24 10:22:24,673.8,1992167
2021-06-24 10:22:25,673.85,1992170
2021-06-24 10:22:26,674.05,1992420
2021-06-24 10:22:27,673.8,1992620
2021-06-24 10:22:29,674.0,1992925
2021-06-24 10:22:30,673.75,1992946
2021-06-24 10:22:31,673.95,1993002
2021-06-24 10:22:32,673.85,1993003
2021-06-24 10:22:33,673.85,1993003
2021-06-24 10:22:34,673.85,1993136
2021-06-24 10:22:35,673.95,1993733
2021-06-24 10:22:36,673.95,1993783
2021-06-24 10:22:37,673.8,1993822
2021-06-24 10:22:38,673.85,1993849
2021-06-24 10:22:39,674.0,1999362
2021-06-24 10:22:41,673.8,1999527
2021-06-24 10:22:42,674.0,1999604
2021-06-24 10:22:44,674.0,1999822
2021-06-24 10:22:43,674.0,1999717
2021-06-24 10:22:45,673.75,2001197
2021-06-24 10:22:46,673.85,2001200
2021-06-24 10:22:47,673.75,2001210
2021-06-24 10:22:48,673.85,2001519
2021-06-24 10:22:49,673.75,2001549
2021-06-24 10:22:50,673.75,2001599
2021-06-24 10:22:50,673.75,2001599
2021-06-24 10:22:52,673.75,2001625
2021-06-24 10:22:53,673.6,2005239
2021-06-24 10:22:54,673.75,2005404
2021-06-24 10:22:55,673.75,2005404
2021-06-24 10:22:56,673.7,2005504
2021-06-24 10:22:57,673.7,2005514
2021-06-24 10:22:58,673.7,2005514
2021-06-24 10:22:59,673.6,2005561
2021-06-24 10:23:00,673.7,2005581
2021-06-24 10:23:01,673.7,2005581
2021-06-24 10:23:02,673.6,2005583
2021-06-24 10:23:03,673.6,2005608
2021-06-24 10:23:04,673.6,2005608
2021-06-24 10:23:05,673.6,2005608
2021-06-24 10:23:06,673.6,2005708
2021-06-24 10:23:07,673.75,2005711
2021-06-24 10:23:08,673.7,2006206
2021-06-24 10:23:09,673.6,2006283
2021-06-24 10:23:10,673.7,2006303
2021-06-24 10:23:11,673.7,2006304
2021-06-24 10:23:12,673.6,2006505
2021-06-24 10:23:13,673.7,2006598
2021-06-24 10:23:15,673.6,2006716
2021-06-24 10:23:16,673.6,2006816
2021-06-24 10:23:17,673.6,2006816
2021-06-24 10:23:18,674.0,2007052
2021-06-24 10:23:19,673.75,2007293
2021-06-24 10:23:20,673.75,2007293
2021-06-24 10:23:21,673.75,2007393
2021-06-24 10:23:22,673.75,2007393
2021-06-24 10:23:23,673.75,2007395
2021-06-24 10:23:24,673.95,2007496
2021-06-24 10:23:25,673.95,2007496
2021-06-24 10:23:26,673.95,2007496
2021-06-24 10:23:27,673.75,2007796
2021-06-24 10:23:28,673.75,2008038
2021-06-24 10:23:29,673.95,2008088
2021-06-24 10:23:30,673.75,2008089
2021-06-24 10:23:31,673.9,2008285
2021-06-24 10:23:32,673.9,2008285
2021-06-24 10:23:33,673.75,2008460
2021-06-24 10:23:34,673.75,2008701
2021-06-24 10:23:35,673.75,2008701
2021-06-24 10:23:36,673.8,2008760
2021-06-24 10:23:37,673.75,2008860
2021-06-24 10:23:38,674.0,2008913
2021-06-24 10:23:39,673.75,2009108
2021-06-24 10:23:40,673.75,2009108
2021-06-24 10:23:41,673.75,2009120
2021-06-24 10:23:42,673.75,2009120
2021-06-24 10:23:43,673.8,2009226
2021-06-24 10:23:44,673.75,2010586
2021-06-24 10:23:45,674.0,2010770
2021-06-24 10:23:46,673.95,2010780
2021-06-24 10:23:47,673.95,2010810
2021-06-24 10:23:48,673.95,2010810
2021-06-24 10:23:49,673.95,2010830
2021-06-24 10:23:51,673.95,2010830
2021-06-24 10:23:52,673.95,2010830
2021-06-24 10:23:53,673.95,2012423
2021-06-24 10:23:54,673.95,2012432
2021-06-24 10:23:55,673.95,2012432
2021-06-24 10:23:56,673.95,2012432
2021-06-24 10:23:57,673.7,2012450
2021-06-24 10:23:58,673.7,2012537
2021-06-24 10:23:59,673.7,2012537
2021-06-24 10:24:00,673.6,2012611
2021-06-24 10:24:03,673.5,2014565
2021-06-24 10:24:02,673.5,2014565
2021-06-24 10:24:04,673.5,2014665
2021-06-24 10:24:05,673.5,2014665
2021-06-24 10:24:06,673.65,2014693
2021-06-24 10:24:07,673.5,2015260
2021-06-24 10:24:08,673.5,2015260
2021-06-24 10:24:09,673.5,2015615
2021-06-24 10:24:10,673.5,2015665
2021-06-24 10:24:11,673.5,2015665
2021-06-24 10:24:12,673.5,2016000
2021-06-24 10:24:13,673.5,2016200
2021-06-24 10:24:14,673.55,2016400
2021-06-24 10:24:16,673.7,2016467
2021-06-24 10:24:17,673.7,2016467
2021-06-24 10:24:18,673.5,2016598
2021-06-24 10:24:19,673.5,2018653
2021-06-24 10:24:20,673.5,2018653
2021-06-24 10:24:21,673.5,2018653
2021-06-24 10:24:22,673.5,2018653
2021-06-24 10:24:23,673.4,2019765
2021-06-24 10:24:24,673.4,2019816
2021-06-24 10:24:25,673.4,2020177
2021-06-24 10:24:27,673.5,2020327
2021-06-24 10:24:28,673.5,2020327
2021-06-24 10:24:29,673.5,2020919
2021-06-24 10:24:30,673.5,2020949
2021-06-24 10:24:31,673.55,2021385
2021-06-24 10:24:32,673.5,2021715
2021-06-24 10:24:33,673.5,2021941
2021-06-24 10:24:34,673.5,2021945
2021-06-24 10:24:35,673.4,2021961
2021-06-24 10:24:36,673.5,2022021
2021-06-24 10:24:37,673.4,2022166
2021-06-24 10:24:38,673.5,2022196
2021-06-24 10:24:39,673.4,2022198
2021-06-24 10:24:40,673.4,2022338
2021-06-24 10:24:41,673.5,2022507
2021-06-24 10:24:42,673.5,2022522
2021-06-24 10:24:43,673.5,2022882
2021-06-24 10:24:44,673.5,2023346
2021-06-24 10:24:45,673.4,2023547
2021-06-24 10:24:46,673.4,2023547
2021-06-24 10:24:47,673.5,2023782
2021-06-24 10:24:48,673.5,2023907
2021-06-24 10:24:49,673.5,2023907
2021-06-24 10:24:50,673.5,2023913
2021-06-24 10:24:51,673.4,2024150
2021-06-24 10:24:52,673.4,2024150
2021-06-24 10:24:53,673.5,2024326
2021-06-24 10:24:54,673.35,2024426
2021-06-24 10:24:55,673.35,2024426
2021-06-24 10:24:56,673.8,2026784
2021-06-24 10:24:57,673.5,2026814
2021-06-24 10:24:58,673.45,2027326
2021-06-24 10:24:59,673.5,2027331
2021-06-24 10:25:00,673.85,2027332
2021-06-24 10:25:01,673.55,2027709
2021-06-24 10:25:02,673.55,2027709
2021-06-24 10:25:03,673.55,2027716
2021-06-24 10:25:04,673.9,2027876
2021-06-24 10:25:05,673.9,2027996
2021-06-24 10:25:06,673.9,2027996
2021-06-24 10:25:07,673.65,2028298
2021-06-24 10:25:08,673.95,2028522
2021-06-24 10:25:10,673.65,2028828
2021-06-24 10:25:11,673.65,2028828
2021-06-24 10:25:12,673.65,2028828
2021-06-24 10:25:13,673.95,2028830
2021-06-24 10:25:14,673.7,2029030
2021-06-24 10:25:15,673.65,2029220
2021-06-24 10:25:16,673.65,2029295
2021-06-24 10:25:17,673.65,2029295
2021-06-24 10:25:18,673.65,2029295
2021-06-24 10:25:19,673.65,2029295
2021-06-24 10:25:20,673.65,2029295
2021-06-24 10:25:21,673.65,2029459
2021-06-24 10:25:22,673.65,2029459
2021-06-24 10:25:23,673.8,2029519
2021-06-24 10:25:24,673.8,2029519
2021-06-24 10:25:25,673.8,2029524
2021-06-24 10:25:26,673.85,2029539
2021-06-24 10:25:27,673.85,2029550
2021-06-24 10:25:28,673.65,2029737
2021-06-24 10:25:29,673.65,2029737
2021-06-24 10:25:30,673.65,2029737
2021-06-24 10:25:32,673.9,2029788
2021-06-24 10:25:32,673.9,2029788
2021-06-24 10:25:33,673.65,2030379
2021-06-24 10:25:35,673.65,2030389
2021-06-24 10:25:36,673.65,2030439
2021-06-24 10:25:37,673.65,2030445
2021-06-24 10:25:39,673.65,2030489
2021-06-24 10:25:40,673.8,2030520
2021-06-24 10:25:42,673.65,2030686
2021-06-24 10:25:43,673.65,2030686
2021-06-24 10:25:43,673.65,2030686
2021-06-24 10:25:44,673.9,2030996
2021-06-24 10:25:45,673.6,2032302
2021-06-24 10:25:46,673.6,2032349
2021-06-24 10:25:47,673.6,2032349
2021-06-24 10:25:49,673.6,2032363
2021-06-24 10:25:50,673.5,2032423
2021-06-24 10:25:51,673.5,2032423
2021-06-24 10:25:51,673.5,2032423
2021-06-24 10:25:53,673.8,2032475
2021-06-24 10:25:53,673.6,2032481
2021-06-24 10:25:54,673.6,2032481
2021-06-24 10:25:55,673.6,2032521
2021-06-24 10:25:56,673.8,2032526
2021-06-24 10:25:57,673.9,2032545
2021-06-24 10:25:58,673.9,2032545
2021-06-24 10:25:59,673.9,2032545
2021-06-24 10:26:01,673.6,2032619
2021-06-24 10:26:01,673.6,2032619
2021-06-24 10:26:02,673.6,2032710
2021-06-24 10:26:03,673.9,2032839
2021-06-24 10:26:04,673.95,2032942
2021-06-24 10:26:05,673.65,2032952
2021-06-24 10:26:06,673.65,2032952
2021-06-24 10:26:07,673.9,2032957
2021-06-24 10:26:08,673.65,2033357
2021-06-24 10:26:09,673.65,2033357
2021-06-24 10:26:11,673.9,2033424
2021-06-24 10:26:11,673.9,2033424
2021-06-24 10:26:12,674.25,2037134
2021-06-24 10:26:13,674.3,2037254
2021-06-24 10:26:14,674.4,2038483
2021-06-24 10:26:15,674.5,2038493
2021-06-24 10:26:16,674.75,2040125
2021-06-24 10:26:17,674.75,2040199
2021-06-24 10:26:18,674.4,2040330
2021-06-24 10:26:19,674.7,2040359
2021-06-24 10:26:20,674.35,2041530
2021-06-24 10:26:21,674.35,2041550
2021-06-24 10:26:22,674.35,2041550
2021-06-24 10:26:23,674.35,2041550
2021-06-24 10:26:24,674.65,2041660
2021-06-24 10:26:26,674.4,2041987
2021-06-24 10:26:26,674.7,2041960
2021-06-24 10:26:27,674.7,2042328
2021-06-24 10:26:28,674.4,2042329
2021-06-24 10:26:29,674.4,2042501
2021-06-24 10:26:30,674.4,2042501
2021-06-24 10:26:31,674.4,2042501
2021-06-24 10:26:32,674.4,2042506
2021-06-24 10:26:33,674.8,2043556
2021-06-24 10:26:34,674.8,2043556
2021-06-24 10:26:35,674.2,2043956
2021-06-24 10:26:37,674.45,2044572
