timestamp,ltp,volume
2021-06-24 09:35:54,1498.0,211157
2021-06-24 09:35:55,1497.75,211160
2021-06-24 09:35:57,1497.75,211161
2021-06-24 09:35:58,1497.75,211163
2021-06-24 09:35:59,1497.75,211229
2021-06-24 09:36:00,1497.75,211229
2021-06-24 09:36:00,1497.75,211229
2021-06-24 09:36:01,1497.75,211230
2021-06-24 09:36:02,1497.75,211230
2021-06-24 09:36:03,1497.75,211280
2021-06-24 09:36:05,1498.0,211311
2021-06-24 09:36:06,1497.5,211532
2021-06-24 09:36:07,1497.8,211551
2021-06-24 09:36:08,1497.75,211564
2021-06-24 09:36:08,1497.75,211564
2021-06-24 09:36:09,1497.75,211564
2021-06-24 09:36:10,1497.75,211564
2021-06-24 09:36:11,1497.5,211574
2021-06-24 09:36:13,1497.7,211577
2021-06-24 09:36:14,1497.05,211617
2021-06-24 09:36:15,1497.05,211617
2021-06-24 09:36:16,1497.7,211632
2021-06-24 09:36:16,1497.7,211632
2021-06-24 09:36:17,1497.7,211632
2021-06-24 09:36:19,1497.05,211827
2021-06-24 09:36:20,1497.15,212037
2021-06-24 09:36:21,1497.15,212039
2021-06-24 09:36:22,1497.1,212088
2021-06-24 09:36:23,1497.7,212141
2021-06-24 09:36:24,1497.1,212203
2021-06-24 09:36:25,1497.1,212215
2021-06-24 09:36:26,1497.1,212215
2021-06-24 09:36:28,1497.1,212315
2021-06-24 09:36:29,1497.1,212315
2021-06-24 09:36:31,1497.1,212395
2021-06-24 09:36:33,1497.65,212404
2021-06-24 09:36:35,1497.1,212413
2021-06-24 09:36:36,1497.1,212413
2021-06-24 09:36:37,1497.1,212413
2021-06-24 09:36:37,1497.1,212413
2021-06-24 09:36:38,1497.1,212413
2021-06-24 09:36:39,1497.1,212521
2021-06-24 09:36:41,1497.1,212544
2021-06-24 09:36:42,1497.1,212544
2021-06-24 09:36:43,1497.05,212551
2021-06-24 09:36:44,1497.05,213022
2021-06-24 09:36:45,1497.05,213028
2021-06-24 09:36:46,1497.0,213029
2021-06-24 09:36:46,1497.0,213029
2021-06-24 09:36:47,1496.75,213056
2021-06-24 09:36:48,1496.55,213171
2021-06-24 09:36:49,1496.55,213171
2021-06-24 09:36:50,1496.5,213198
2021-06-24 09:36:51,1496.25,213202
2021-06-24 09:36:52,1496.85,213262
2021-06-24 09:36:53,1496.85,213262
2021-06-24 09:36:54,1496.35,213269
2021-06-24 09:36:55,1496.3,213354
2021-06-24 09:36:57,1496.75,213364
2021-06-24 09:36:59,1496.0,213647
2021-06-24 09:37:01,1496.0,213647
2021-06-24 09:37:02,1496.0,213847
2021-06-24 09:37:03,1496.0,213851
2021-06-24 09:37:04,1496.0,213851
2021-06-24 09:37:05,1496.0,213901
2021-06-24 09:37:05,1496.0,213901
2021-06-24 09:37:08,1496.35,213961
2021-06-24 09:37:09,1496.1,214546
2021-06-24 09:37:10,1496.0,214931
2021-06-24 09:37:11,1496.0,214931
2021-06-24 09:37:11,1495.25,215743
2021-06-24 09:37:12,1495.55,215848
2021-06-24 09:37:13,1495.6,215898
2021-06-24 09:37:14,1495.6,215898
2021-06-24 09:37:15,1495.15,216928
2021-06-24 09:37:17,1495.15,216928
2021-06-24 09:37:18,1495.15,216928
2021-06-24 09:37:19,1495.15,216928
2021-06-24 09:37:20,1495.05,216958
2021-06-24 09:37:21,1495.05,216988
2021-06-24 09:37:21,1495.05,217003
2021-06-24 09:37:22,1495.0,217700
2021-06-24 09:37:23,1495.6,217802
2021-06-24 09:37:24,1495.6,217837
2021-06-24 09:37:25,1495.4,218387
2021-06-24 09:37:27,1495.3,219477
2021-06-24 09:37:28,1495.3,219477
2021-06-24 09:37:29,1495.45,219513
2021-06-24 09:37:30,1495.2,219517
2021-06-24 09:37:32,1496.0,219629
2021-06-24 09:37:33,1496.0,219631
2021-06-24 09:37:34,1496.0,219631
2021-06-24 09:37:35,1496.0,219829
2021-06-24 09:37:36,1496.0,219934
2021-06-24 09:37:37,1495.5,219936
2021-06-24 09:37:38,1496.25,220061
2021-06-24 09:37:39,1496.25,220061
2021-06-24 09:37:40,1496.1,220455
2021-06-24 09:37:41,1496.2,220480
2021-06-24 09:37:42,1496.2,220480
2021-06-24 09:37:42,1496.2,220480
2021-06-24 09:37:44,1496.2,220480
2021-06-24 09:37:45,1496.5,220511
2021-06-24 09:37:46,1496.2,220586
2021-06-24 09:37:47,1496.0,220590
2021-06-24 09:37:48,1496.0,220590
2021-06-24 09:37:49,1496.55,220692
2021-06-24 09:37:50,1496.0,220716
2021-06-24 09:37:52,1496.65,220777
2021-06-24 09:37:54,1496.05,220792
2021-06-24 09:37:55,1496.05,221667
2021-06-24 09:37:55,1496.05,221667
2021-06-24 09:37:56,1496.0,222347
2021-06-24 09:37:57,1496.55,222357
2021-06-24 09:37:58,1496.75,222457
2021-06-24 09:37:59,1496.0,222468
2021-06-24 09:38:00,1496.0,222468
2021-06-24 09:38:02,1497.0,222969
2021-06-24 09:38:03,1497.0,223065
2021-06-24 09:38:04,1497.0,223065
2021-06-24 09:38:05,1496.7,223066
2021-06-24 09:38:06,1497.0,223098
2021-06-24 09:38:07,1497.0,223098
2021-06-24 09:38:08,1496.7,224362
2021-06-24 09:38:09,1496.7,224362
2021-06-24 09:38:11,1497.0,224409
2021-06-24 09:38:12,1497.0,224409
2021-06-24 09:38:13,1497.0,224412
2021-06-24 09:38:14,1497.65,224517
2021-06-24 09:38:16,1497.6,224651
2021-06-24 09:38:17,1497.6,224651
2021-06-24 09:38:18,1497.6,224651
2021-06-24 09:38:19,1497.6,224651
2021-06-24 09:38:21,1497.75,225238
2021-06-24 09:38:22,1498.0,225278
2021-06-24 09:38:24,1498.0,225403
2021-06-24 09:38:25,1498.0,225417
2021-06-24 09:38:26,1498.0,225467
2021-06-24 09:38:28,1498.0,225467
2021-06-24 09:38:30,1498.0,225901
2021-06-24 09:38:31,1498.0,225901
2021-06-24 09:38:32,1498.0,225915
2021-06-24 09:38:32,1498.0,225915
2021-06-24 09:38:33,1498.0,225915
2021-06-24 09:38:34,1497.6,225927
2021-06-24 09:38:35,1498.0,225947
2021-06-24 09:38:36,1498.0,225980
2021-06-24 09:38:38,1497.6,226005
2021-06-24 09:38:39,1497.25,226205
2021-06-24 09:38:40,1497.6,226220
2021-06-24 09:38:41,1497.6,226246
2021-06-24 09:38:41,1497.6,226246
2021-06-24 09:38:44,1497.15,226346
2021-06-24 09:38:45,1496.55,226606
2021-06-24 09:38:46,1497.1,226616
2021-06-24 09:38:47,1497.15,226696
2021-06-24 09:38:49,1497.15,226798
2021-06-24 09:38:50,1497.45,226800
2021-06-24 09:38:51,1497.45,226800
2021-06-24 09:38:52,1496.6,226925
2021-06-24 09:38:53,1497.0,227500
2021-06-24 09:38:54,1497.45,227583
2021-06-24 09:38:55,1496.7,227586
2021-06-24 09:38:56,1497.0,227676
2021-06-24 09:38:56,1497.0,227676
2021-06-24 09:38:57,1497.0,227726
2021-06-24 09:38:59,1496.45,227778
2021-06-24 09:39:01,1498.0,229798
2021-06-24 09:39:02,1498.0,229811
2021-06-24 09:39:03,1498.5,231028
2021-06-24 09:39:04,1498.9,231688
2021-06-24 09:39:05,1499.0,231741
2021-06-24 09:39:08,1499.25,233436
2021-06-24 09:39:09,1499.3,233505
2021-06-24 09:39:10,1498.75,233805
2021-06-24 09:39:11,1499.4,234018
2021-06-24 09:39:12,1499.2,234132
2021-06-24 09:39:13,1499.45,235148
2021-06-24 09:39:13,1499.45,235148
2021-06-24 09:39:14,1499.25,235297
2021-06-24 09:39:16,1499.25,235533
2021-06-24 09:39:17,1499.2,235803
2021-06-24 09:39:19,1498.95,236157
2021-06-24 09:39:21,1499.25,236267
2021-06-24 09:39:22,1499.7,236339
2021-06-24 09:39:23,1499.25,236919
2021-06-24 09:39:24,1499.6,236947
2021-06-24 09:39:25,1499.45,236962
2021-06-24 09:39:26,1499.9,237062
2021-06-24 09:39:27,1499.9,237062
2021-06-24 09:39:28,1499.05,237073
2021-06-24 09:39:29,1499.0,237157
2021-06-24 09:39:29,1499.0,237157
2021-06-24 09:39:31,1499.7,237331
2021-06-24 09:39:32,1499.7,237331
2021-06-24 09:39:33,1499.45,237838
2021-06-24 09:39:34,1499.1,238345
2021-06-24 09:39:35,1498.2,238720
2021-06-24 09:39:36,1498.95,238849
2021-06-24 09:39:37,1498.95,238849
2021-06-24 09:39:38,1499.0,239056
2021-06-24 09:39:39,1498.5,239558
2021-06-24 09:39:40,1498.95,239896
2021-06-24 09:39:42,1499.45,241294
2021-06-24 09:39:43,1499.5,241319
2021-06-24 09:39:44,1498.65,241653
2021-06-24 09:39:45,1499.4,241768
2021-06-24 09:39:46,1499.0,241969
2021-06-24 09:39:47,1499.4,242400
2021-06-24 09:39:48,1499.75,242958
2021-06-24 09:39:49,1499.75,242958
2021-06-24 09:39:51,1499.0,243458
2021-06-24 09:39:53,1499.9,244133
2021-06-24 09:39:54,1499.5,244148
2021-06-24 09:39:55,1499.5,244181
2021-06-24 09:39:56,1499.5,244213
2021-06-24 09:39:57,1499.9,244413
2021-06-24 09:39:58,1499.9,244420
2021-06-24 09:39:59,1499.5,244506
2021-06-24 09:40:00,1499.0,244781
2021-06-24 09:40:01,1499.65,245631
2021-06-24 09:40:02,1498.6,245948
2021-06-24 09:40:03,1498.6,245950
2021-06-24 09:40:04,1498.1,246196
2021-06-24 09:40:05,1498.1,246211
2021-06-24 09:40:06,1498.6,246793
2021-06-24 09:40:07,1498.6,246793
2021-06-24 09:40:08,1498.55,247038
2021-06-24 09:40:09,1498.1,247238
2021-06-24 09:40:10,1498.2,247475
2021-06-24 09:40:11,1498.1,247526
2021-06-24 09:40:12,1498.1,247526
2021-06-24 09:40:13,1498.1,247526
2021-06-24 09:40:14,1498.5,247527
2021-06-24 09:40:15,1498.65,247588
2021-06-24 09:40:16,1497.15,249390
2021-06-24 09:40:17,1497.15,249390
2021-06-24 09:40:18,1496.75,250326
2021-06-24 09:40:19,1497.45,251259
2021-06-24 09:40:20,1497.35,251411
2021-06-24 09:40:21,1497.4,251412
2021-06-24 09:40:22,1497.4,251413
2021-06-24 09:40:23,1497.4,251498
2021-06-24 09:40:24,1497.0,252028
2021-06-24 09:40:26,1496.8,252093
2021-06-24 09:40:25,1496.85,252033
2021-06-24 09:40:27,1497.35,252127
2021-06-24 09:40:28,1497.45,252138
2021-06-24 09:40:29,1497.6,252239
2021-06-24 09:40:30,1497.6,252812
2021-06-24 09:40:31,1497.65,252853
2021-06-24 09:40:32,1497.4,253438
2021-06-24 09:40:33,1497.4,253438
2021-06-24 09:40:35,1497.45,254082
2021-06-24 09:40:34,1497.45,254082
2021-06-24 09:40:36,1497.45,254082
2021-06-24 09:40:37,1497.45,254082
2021-06-24 09:40:38,1497.4,254084
2021-06-24 09:40:39,1496.85,254101
2021-06-24 09:40:40,1497.5,254187
2021-06-24 09:40:41,1497.5,254187
2021-06-24 09:40:42,1497.4,254189
2021-06-24 09:40:43,1497.4,254189
2021-06-24 09:40:44,1497.75,254804
2021-06-24 09:40:46,1497.6,255335
2021-06-24 09:40:47,1497.6,255335
2021-06-24 09:40:48,1497.6,255335
2021-06-24 09:40:49,1497.6,255345
2021-06-24 09:40:50,1497.15,255445
2021-06-24 09:40:51,1498.2,256355
2021-06-24 09:40:52,1498.2,256355
2021-06-24 09:40:53,1497.75,256523
2021-06-24 09:40:54,1497.75,256523
2021-06-24 09:40:55,1497.75,256523
2021-06-24 09:40:56,1497.9,256624
2021-06-24 09:40:57,1498.5,256710
2021-06-24 09:40:58,1498.35,256712
2021-06-24 09:40:59,1498.45,256722
2021-06-24 09:41:01,1498.45,256722
2021-06-24 09:41:02,1498.5,256723
2021-06-24 09:41:03,1498.5,256747
2021-06-24 09:41:04,1498.5,256777
2021-06-24 09:41:05,1498.45,256880
2021-06-24 09:41:07,1498.45,256924
2021-06-24 09:41:08,1498.5,257074
2021-06-24 09:41:09,1498.0,257128
2021-06-24 09:41:10,1498.0,257138
2021-06-24 09:41:11,1498.0,257188
2021-06-24 09:41:12,1498.0,257218
2021-06-24 09:41:13,1498.0,258615
2021-06-24 09:41:14,1498.0,258615
2021-06-24 09:41:15,1498.0,259064
2021-06-24 09:41:16,1497.75,259085
2021-06-24 09:41:17,1497.95,259097
2021-06-24 09:41:18,1497.95,259097
2021-06-24 09:41:19,1497.9,259118
2021-06-24 09:41:20,1496.9,261007
2021-06-24 09:41:21,1497.9,261107
2021-06-24 09:41:22,1497.9,261107
2021-06-24 09:41:23,1497.9,261127
2021-06-24 09:41:25,1497.9,261135
2021-06-24 09:41:26,1497.8,261136
2021-06-24 09:41:27,1497.8,261156
2021-06-24 09:41:28,1497.8,261156
2021-06-24 09:41:29,1497.8,261166
2021-06-24 09:41:30,1497.8,261166
2021-06-24 09:41:31,1497.9,261286
2021-06-24 09:41:32,1497.9,261312
2021-06-24 09:41:33,1497.9,261312
2021-06-24 09:41:34,1497.95,261317
2021-06-24 09:41:35,1497.95,261346
2021-06-24 09:41:36,1497.95,261346
2021-06-24 09:41:37,1497.95,261446
2021-06-24 09:41:38,1497.95,261446
2021-06-24 09:41:39,1497.95,261466
2021-06-24 09:41:40,1497.95,261467
2021-06-24 09:41:41,1497.7,261513
2021-06-24 09:41:42,1497.9,261572
2021-06-24 09:41:43,1497.95,261577
2021-06-24 09:41:44,1497.95,261611
2021-06-24 09:41:45,1497.95,261611
2021-06-24 09:41:46,1497.95,261611
2021-06-24 09:41:47,1498.35,262718
2021-06-24 09:41:48,1498.35,262718
2021-06-24 09:41:49,1498.25,262719
2021-06-24 09:41:50,1498.4,262742
2021-06-24 09:41:51,1498.45,262798
2021-06-24 09:41:52,1498.5,262850
2021-06-24 09:41:53,1498.3,262875
2021-06-24 09:41:54,1498.5,262906
2021-06-24 09:41:55,1498.5,262906
2021-06-24 09:41:56,1498.35,262907
2021-06-24 09:41:57,1498.5,262920
2021-06-24 09:41:58,1498.45,262923
2021-06-24 09:41:59,1498.5,262926
2021-06-24 09:42:00,1498.5,263054
2021-06-24 09:42:01,1498.45,263074
2021-06-24 09:42:02,1498.5,263219
2021-06-24 09:42:03,1498.9,263766
2021-06-24 09:42:04,1498.9,263778
2021-06-24 09:42:05,1499.0,264019
2021-06-24 09:42:06,1499.0,264019
2021-06-24 09:42:07,1499.0,264042
2021-06-24 09:42:08,1499.4,264802
2021-06-24 09:42:11,1499.5,265036
2021-06-24 09:42:11,1499.5,265036
2021-06-24 09:42:12,1499.5,265036
2021-06-24 09:42:13,1499.45,265137
2021-06-24 09:42:14,1499.6,265150
2021-06-24 09:42:15,1499.6,265156
2021-06-24 09:42:16,1499.9,266740
2021-06-24 09:42:17,1499.9,266884
2021-06-24 09:42:18,1499.75,267135
2021-06-24 09:42:19,1499.9,267202
2021-06-24 09:42:20,1499.5,267739
2021-06-24 09:42:21,1499.5,267874
2021-06-24 09:42:22,1499.9,267977
2021-06-24 09:42:23,1499.6,267981
2021-06-24 09:42:24,1499.85,268571
2021-06-24 09:42:25,1499.6,268579
2021-06-24 09:42:27,1499.9,268599
2021-06-24 09:42:27,1499.9,268599
2021-06-24 09:42:28,1499.75,268609
2021-06-24 09:42:29,1499.9,268694
2021-06-24 09:42:30,1499.05,269095
2021-06-24 09:42:31,1499.05,269095
2021-06-24 09:42:32,1499.25,269305
2021-06-24 09:42:33,1498.65,269318
2021-06-24 09:42:34,1499.45,269321
2021-06-24 09:42:36,1499.45,269321
2021-06-24 09:42:36,1499.45,269321
2021-06-24 09:42:37,1499.5,269333
2021-06-24 09:42:38,1499.5,269344
2021-06-24 09:42:39,1499.45,269481
2021-06-24 09:42:41,1499.45,269572
2021-06-24 09:42:41,1499.4,269564
2021-06-24 09:42:42,1499.45,269572
2021-06-24 09:42:43,1499.45,269574
2021-06-24 09:42:44,1499.45,269748
2021-06-24 09:42:45,1499.5,269962
2021-06-24 09:42:46,1499.5,269962
2021-06-24 09:42:48,1499.5,269963
2021-06-24 09:42:48,1499.5,269963
2021-06-24 09:42:50,1499.3,269999
2021-06-24 09:42:50,1499.3,269999
2021-06-24 09:42:51,1499.5,270089
2021-06-24 09:42:52,1499.5,270134
2021-06-24 09:42:53,1499.5,270157
2021-06-24 09:42:54,1499.5,270185
2021-06-24 09:42:55,1499.45,270187
2021-06-24 09:42:56,1499.5,270210
2021-06-24 09:42:57,1499.5,270259
2021-06-24 09:42:58,1499.5,270270
2021-06-24 09:42:59,1499.5,270281
2021-06-24 09:43:00,1499.0,270392
2021-06-24 09:43:02,1499.0,270399
2021-06-24 09:43:02,1499.0,270400
2021-06-24 09:43:04,1499.0,270489
2021-06-24 09:43:04,1499.0,270499
2021-06-24 09:43:05,1499.0,270504
2021-06-24 09:43:06,1499.0,270504
2021-06-24 09:43:07,1499.0,271004
2021-06-24 09:43:08,1499.45,271014
2021-06-24 09:43:10,1499.45,271040
2021-06-24 09:43:11,1499.45,271067
2021-06-24 09:43:12,1499.5,271134
2021-06-24 09:43:13,1499.5,271236
2021-06-24 09:43:14,1499.1,271237
2021-06-24 09:43:17,1499.1,271303
2021-06-24 09:43:17,1499.1,271317
2021-06-24 09:43:18,1499.1,271319
2021-06-24 09:43:19,1499.0,271704
2021-06-24 09:43:20,1499.0,271704
2021-06-24 09:43:21,1499.0,272044
2021-06-24 09:43:22,1499.5,272047
2021-06-24 09:43:23,1499.3,272048
2021-06-24 09:43:24,1499.5,272128
2021-06-24 09:43:26,1499.5,272129
2021-06-24 09:43:26,1499.5,272129
2021-06-24 09:43:27,1499.35,272134
2021-06-24 09:43:28,1499.35,272134
2021-06-24 09:43:29,1499.0,272508
2021-06-24 09:43:30,1499.0,272518
2021-06-24 09:43:31,1498.9,273019
2021-06-24 09:43:32,1498.95,273029
2021-06-24 09:43:33,1499.4,273630
2021-06-24 09:43:35,1498.75,273681
2021-06-24 09:43:35,1498.7,273781
2021-06-24 09:43:36,1498.8,273858
2021-06-24 09:43:37,1499.2,273878
2021-06-24 09:43:39,1499.5,273882
2021-06-24 09:43:40,1499.25,273977
2021-06-24 09:43:41,1499.25,274027
2021-06-24 09:43:42,1499.4,274039
2021-06-24 09:43:43,1499.4,274139
2021-06-24 09:43:45,1498.65,274467
2021-06-24 09:43:46,1498.65,274467
2021-06-24 09:43:47,1498.65,274467
2021-06-24 09:43:48,1499.4,274471
2021-06-24 09:43:50,1499.4,274546
2021-06-24 09:43:52,1499.25,274651
2021-06-24 09:43:53,1499.35,274690
2021-06-24 09:43:53,1499.35,274690
2021-06-24 09:43:54,1499.35,274690
2021-06-24 09:43:55,1499.25,274691
2021-06-24 09:43:56,1499.0,275200
2021-06-24 09:43:57,1499.0,275200
2021-06-24 09:43:58,1498.5,275300
2021-06-24 09:44:00,1499.25,275484
2021-06-24 09:44:01,1499.3,275815
2021-06-24 09:44:02,1498.7,275820
2021-06-24 09:44:02,1498.7,275820
2021-06-24 09:44:03,1499.15,276121
2021-06-24 09:44:04,1499.4,276221
2021-06-24 09:44:05,1498.95,277178
2021-06-24 09:44:06,1499.0,277179
2021-06-24 09:44:08,1499.2,277181
2021-06-24 09:44:09,1499.4,277285
2021-06-24 09:44:10,1499.15,277461
2021-06-24 09:44:11,1499.15,277461
2021-06-24 09:44:12,1499.15,277461
2021-06-24 09:44:13,1499.5,277738
2021-06-24 09:44:13,1499.5,277738
2021-06-24 09:44:14,1499.35,277771
2021-06-24 09:44:16,1499.45,277849
2021-06-24 09:44:16,1499.45,277848
2021-06-24 09:44:17,1499.25,278100
2021-06-24 09:44:18,1499.25,278100
2021-06-24 09:44:19,1499.3,278106
2021-06-24 09:44:20,1499.25,278146
2021-06-24 09:44:22,1499.25,278146
2021-06-24 09:44:23,1499.25,278347
2021-06-24 09:44:24,1499.5,278357
2021-06-24 09:44:24,1499.5,278357
2021-06-24 09:44:25,1499.25,278417
2021-06-24 09:44:26,1499.15,278526
2021-06-24 09:44:27,1499.2,278533
2021-06-24 09:44:28,1499.0,278684
2021-06-24 09:44:29,1499.0,278772
2021-06-24 09:44:30,1499.0,278848
2021-06-24 09:44:31,1498.6,279239
2021-06-24 09:44:33,1499.2,279328
2021-06-24 09:44:34,1499.2,279398
2021-06-24 09:44:35,1499.0,279436
2021-06-24 09:44:35,1499.0,279436
2021-06-24 09:44:36,1499.0,279436
2021-06-24 09:44:37,1499.0,279451
2021-06-24 09:44:38,1499.0,279528
2021-06-24 09:44:40,1499.0,279600
2021-06-24 09:44:41,1499.0,279614
2021-06-24 09:44:42,1498.6,279683
2021-06-24 09:44:43,1499.2,279783
2021-06-24 09:44:43,1499.2,279783
2021-06-24 09:44:44,1498.6,279848
2021-06-24 09:44:45,1499.25,280118
2021-06-24 09:44:46,1499.0,280174
2021-06-24 09:44:47,1498.6,280185
2021-06-24 09:44:48,1498.6,280185
2021-06-24 09:44:49,1499.0,280251
2021-06-24 09:44:50,1499.0,280261
2021-06-24 09:44:51,1498.6,280267
2021-06-24 09:44:52,1498.5,280445
2021-06-24 09:44:54,1499.0,280571
2021-06-24 09:44:55,1499.0,280571
2021-06-24 09:44:56,1498.6,280679
2021-06-24 09:44:57,1499.0,280694
2021-06-24 09:44:58,1499.0,280694
2021-06-24 09:44:59,1499.0,282095
2021-06-24 09:45:00,1498.85,282103
2021-06-24 09:45:01,1499.0,282118
2021-06-24 09:45:02,1499.25,282286
2021-06-24 09:45:03,1499.35,282852
2021-06-24 09:45:04,1499.5,283130
2021-06-24 09:45:06,1499.25,283187
2021-06-24 09:45:07,1499.25,283197
2021-06-24 09:45:08,1499.5,283204
2021-06-24 09:45:10,1499.05,283544
2021-06-24 09:45:10,1498.9,284045
2021-06-24 09:45:11,1499.5,284122
2021-06-24 09:45:12,1499.75,285701
2021-06-24 09:45:13,1499.75,285701
2021-06-24 09:45:14,1499.75,285701
2021-06-24 09:45:15,1499.45,285977
2021-06-24 09:45:16,1499.65,285978
2021-06-24 09:45:17,1499.75,285979
2021-06-24 09:45:18,1499.8,285981
2021-06-24 09:45:19,1499.85,285991
2021-06-24 09:45:21,1499.85,286214
2021-06-24 09:45:23,1501.0,293064
2021-06-24 09:45:24,1501.0,293264
2021-06-24 09:45:25,1500.6,293302
2021-06-24 09:45:26,1501.0,293370
2021-06-24 09:45:27,1501.4,293598
2021-06-24 09:45:27,1501.35,293530
2021-06-24 09:45:28,1502.0,294781
2021-06-24 09:45:29,1502.0,294976
2021-06-24 09:45:30,1502.0,295301
2021-06-24 09:45:31,1502.0,296351
2021-06-24 09:45:32,1501.85,296552
2021-06-24 09:45:33,1501.8,297044
2021-06-24 09:45:34,1502.0,297745
2021-06-24 09:45:35,1502.0,297765
2021-06-24 09:45:37,1501.8,299117
2021-06-24 09:45:38,1502.0,299190
2021-06-24 09:45:39,1501.35,299478
2021-06-24 09:45:40,1501.35,299603
2021-06-24 09:45:41,1501.2,300036
2021-06-24 09:45:42,1501.2,300257
2021-06-24 09:45:42,1501.2,300257
2021-06-24 09:45:43,1501.25,300312
2021-06-24 09:45:44,1501.95,300737
2021-06-24 09:45:45,1501.2,300980
2021-06-24 09:45:46,1501.75,301316
2021-06-24 09:45:47,1501.25,301336
2021-06-24 09:45:49,1502.0,301457
2021-06-24 09:45:50,1502.0,301484
2021-06-24 09:45:51,1501.75,301489
2021-06-24 09:45:52,1501.9,301503
2021-06-24 09:45:52,1501.95,301505
2021-06-24 09:45:53,1502.3,301743
2021-06-24 09:45:54,1501.95,302002
2021-06-24 09:45:55,1502.3,303159
2021-06-24 09:45:56,1502.75,303472
2021-06-24 09:45:57,1502.25,304497
2021-06-24 09:45:58,1502.1,304508
2021-06-24 09:45:59,1502.1,304524
2021-06-24 09:46:00,1502.65,304850
2021-06-24 09:46:01,1502.75,305338
2021-06-24 09:46:04,1502.9,305666
2021-06-24 09:46:05,1502.65,305741
2021-06-24 09:46:06,1502.8,305744
2021-06-24 09:46:08,1502.8,305844
2021-06-24 09:46:09,1502.65,305924
2021-06-24 09:46:10,1502.7,306088
2021-06-24 09:46:11,1502.1,306213
2021-06-24 09:46:12,1502.8,306343
2021-06-24 09:46:13,1502.5,306900
2021-06-24 09:46:13,1502.5,306900
2021-06-24 09:46:14,1502.7,307086
2021-06-24 09:46:16,1502.75,307208
2021-06-24 09:46:17,1502.75,307208
2021-06-24 09:46:17,1502.75,307208
2021-06-24 09:46:18,1502.9,307359
2021-06-24 09:46:19,1502.9,307502
2021-06-24 09:46:21,1502.2,307765
2021-06-24 09:46:22,1502.75,308445
2021-06-24 09:46:23,1502.75,308445
2021-06-24 09:46:24,1502.55,308455
2021-06-24 09:46:25,1502.95,308735
2021-06-24 09:46:26,1502.5,308939
2021-06-24 09:46:27,1502.25,309040
2021-06-24 09:46:28,1502.7,309522
2021-06-24 09:46:28,1502.7,309521
2021-06-24 09:46:29,1502.7,309530
2021-06-24 09:46:30,1502.7,309704
2021-06-24 09:46:31,1502.7,309828
2021-06-24 09:46:32,1502.25,309849
2021-06-24 09:46:33,1502.25,309851
2021-06-24 09:46:34,1502.7,309854
2021-06-24 09:46:36,1502.05,310211
2021-06-24 09:46:37,1502.7,310287
2021-06-24 09:46:38,1502.65,310571
2021-06-24 09:46:39,1502.05,310661
2021-06-24 09:46:40,1502.0,310684
2021-06-24 09:46:41,1502.0,310694
2021-06-24 09:46:41,1502.0,310694
2021-06-24 09:46:42,1502.7,311859
2021-06-24 09:46:43,1502.7,311905
2021-06-24 09:46:44,1502.7,311955
2021-06-24 09:46:46,1502.1,312235
2021-06-24 09:46:47,1502.15,312286
2021-06-24 09:46:48,1502.45,312288
2021-06-24 09:46:49,1502.45,312313
2021-06-24 09:46:49,1502.65,312315
2021-06-24 09:46:50,1502.0,313454
2021-06-24 09:46:51,1502.0,313721
2021-06-24 09:46:53,1502.0,313947
2021-06-24 09:46:54,1502.0,314383
2021-06-24 09:46:55,1500.5,315855
2021-06-24 09:46:56,1500.5,316237
2021-06-24 09:46:56,1501.05,316277
2021-06-24 09:46:57,1500.45,316794
2021-06-24 09:47:00,1500.45,316978
2021-06-24 09:47:01,1500.1,317039
2021-06-24 09:47:02,1500.0,317240
2021-06-24 09:47:03,1500.0,317240
2021-06-24 09:47:04,1500.5,317960
2021-06-24 09:47:05,1500.3,318028
2021-06-24 09:47:06,1499.35,318898
2021-06-24 09:47:07,1500.2,319038
2021-06-24 09:47:08,1500.0,319046
2021-06-24 09:47:08,1500.2,319047
2021-06-24 09:47:09,1500.1,319729
2021-06-24 09:47:11,1500.2,320484
2021-06-24 09:47:14,1499.15,321251
2021-06-24 09:47:15,1500.0,321271
2021-06-24 09:47:16,1500.0,321306
2021-06-24 09:47:17,1500.1,321479
2021-06-24 09:47:17,1500.1,321479
2021-06-24 09:47:18,1500.1,321490
2021-06-24 09:47:20,1500.1,321827
2021-06-24 09:47:21,1500.0,321829
2021-06-24 09:47:23,1500.0,322220
2021-06-24 09:47:24,1500.15,322667
2021-06-24 09:47:25,1500.05,322671
2021-06-24 09:47:26,1500.05,322687
2021-06-24 09:47:26,1500.2,322689
2021-06-24 09:47:27,1500.2,322719
2021-06-24 09:47:28,1500.2,322719
2021-06-24 09:47:29,1500.8,323038
2021-06-24 09:47:30,1500.8,323038
2021-06-24 09:47:32,1500.5,323138
2021-06-24 09:47:33,1500.85,323363
2021-06-24 09:47:34,1500.85,323373
2021-06-24 09:47:35,1500.0,323602
2021-06-24 09:47:36,1500.0,323602
2021-06-24 09:47:37,1500.05,323607
2021-06-24 09:47:38,1500.7,323712
2021-06-24 09:47:38,1500.7,323712
2021-06-24 09:47:39,1500.7,323717
2021-06-24 09:47:41,1500.9,323922
2021-06-24 09:47:42,1500.3,324840
2021-06-24 09:47:43,1501.05,324866
2021-06-24 09:47:44,1501.05,325102
2021-06-24 09:47:44,1500.25,325090
2021-06-24 09:47:45,1500.45,325302
2021-06-24 09:47:47,1500.45,325302
2021-06-24 09:47:48,1501.3,325502
2021-06-24 09:47:49,1501.3,325502
2021-06-24 09:47:50,1501.45,325507
2021-06-24 09:47:50,1501.45,325507
2021-06-24 09:47:51,1501.45,325761
2021-06-24 09:47:52,1501.75,325906
2021-06-24 09:47:53,1501.95,325969
2021-06-24 09:47:55,1502.0,326469
2021-06-24 09:47:56,1502.1,326768
2021-06-24 09:47:57,1502.1,327164
2021-06-24 09:47:57,1502.1,327164
2021-06-24 09:47:58,1502.7,327572
2021-06-24 09:48:00,1502.95,328150
2021-06-24 09:48:01,1503.0,328705
2021-06-24 09:48:02,1503.25,329309
2021-06-24 09:48:03,1503.8,329807
2021-06-24 09:48:03,1503.4,329748
2021-06-24 09:48:05,1502.9,330510
2021-06-24 09:48:06,1503.7,330639
2021-06-24 09:48:07,1503.8,330655
2021-06-24 09:48:09,1503.75,331657
2021-06-24 09:48:10,1503.35,334137
2021-06-24 09:48:11,1504.0,334403
2021-06-24 09:48:11,1504.0,334495
2021-06-24 09:48:12,1504.0,334506
2021-06-24 09:48:13,1503.8,334556
2021-06-24 09:48:15,1504.0,334649
2021-06-24 09:48:16,1503.95,335197
2021-06-24 09:48:17,1504.0,335280
2021-06-24 09:48:18,1503.95,335374
2021-06-24 09:48:19,1503.85,335994
2021-06-24 09:48:20,1504.0,336347
2021-06-24 09:48:21,1503.85,336728
2021-06-24 09:48:21,1503.85,336728
2021-06-24 09:48:23,1504.0,337069
2021-06-24 09:48:24,1503.85,337070
2021-06-24 09:48:25,1504.5,337288
2021-06-24 09:48:26,1504.2,337375
2021-06-24 09:48:27,1504.0,337387
2021-06-24 09:48:28,1504.0,337484
2021-06-24 09:48:30,1503.85,337572
2021-06-24 09:48:31,1504.45,337748
2021-06-24 09:48:32,1504.0,339117
2021-06-24 09:48:33,1504.45,339209
2021-06-24 09:48:34,1504.65,339823
2021-06-24 09:48:35,1504.65,339943
2021-06-24 09:48:36,1504.75,340025
2021-06-24 09:48:37,1504.95,340685
2021-06-24 09:48:38,1504.6,341501
2021-06-24 09:48:38,1504.6,341526
2021-06-24 09:48:39,1504.0,341879
2021-06-24 09:48:41,1504.35,342688
2021-06-24 09:48:42,1504.1,343243
2021-06-24 09:48:43,1504.65,343376
2021-06-24 09:48:44,1504.1,343706
2021-06-24 09:48:46,1504.8,344217
2021-06-24 09:48:47,1504.85,345023
2021-06-24 09:48:48,1505.0,345208
2021-06-24 09:48:48,1504.65,346222
2021-06-24 09:48:49,1504.7,346544
2021-06-24 09:48:50,1504.9,346556
2021-06-24 09:48:51,1505.0,347613
2021-06-24 09:48:52,1505.0,348201
2021-06-24 09:48:54,1505.0,348989
2021-06-24 09:48:55,1505.0,349091
2021-06-24 09:48:56,1504.85,349110
2021-06-24 09:48:57,1504.9,349235
2021-06-24 09:48:58,1505.0,349370
2021-06-24 09:48:59,1505.0,350234
2021-06-24 09:49:00,1505.0,351109
2021-06-24 09:49:01,1504.9,351523
2021-06-24 09:49:02,1505.0,351628
2021-06-24 09:49:04,1505.0,351739
2021-06-24 09:49:05,1505.0,351787
2021-06-24 09:49:06,1505.05,356265
2021-06-24 09:49:07,1505.8,357998
2021-06-24 09:49:08,1505.55,358391
2021-06-24 09:49:09,1505.3,358750
2021-06-24 09:49:10,1506.0,359343
2021-06-24 09:49:10,1506.2,360805
2021-06-24 09:49:12,1505.35,361505
2021-06-24 09:49:13,1505.8,362816
2021-06-24 09:49:13,1505.5,362930
2021-06-24 09:49:14,1505.45,363269
2021-06-24 09:49:15,1505.55,363685
2021-06-24 09:49:17,1505.15,365435
2021-06-24 09:49:18,1505.0,366297
2021-06-24 09:49:19,1504.85,368073
2021-06-24 09:49:20,1505.0,368134
2021-06-24 09:49:21,1504.5,368245
2021-06-24 09:49:22,1505.0,368514
2021-06-24 09:49:23,1505.0,368544
2021-06-24 09:49:24,1505.45,368868
2021-06-24 09:49:25,1504.4,370359
2021-06-24 09:49:26,1505.15,370399
2021-06-24 09:49:27,1504.5,371041
2021-06-24 09:49:28,1504.55,371091
2021-06-24 09:49:28,1504.55,371091
2021-06-24 09:49:30,1504.35,371617
2021-06-24 09:49:31,1505.35,371973
2021-06-24 09:49:32,1505.0,372083
2021-06-24 09:49:33,1504.55,372196
2021-06-24 09:49:34,1505.3,372264
2021-06-24 09:49:35,1505.4,372321
2021-06-24 09:49:36,1505.35,372576
2021-06-24 09:49:37,1505.35,372678
2021-06-24 09:49:38,1505.1,372751
2021-06-24 09:49:39,1505.5,372979
2021-06-24 09:49:39,1504.6,373081
2021-06-24 09:49:41,1505.3,373106
2021-06-24 09:49:42,1504.0,374464
2021-06-24 09:49:43,1503.8,375054
2021-06-24 09:49:44,1504.45,375169
2021-06-24 09:49:45,1504.5,375298
2021-06-24 09:49:46,1504.0,375349
2021-06-24 09:49:47,1504.5,375409
2021-06-24 09:49:47,1504.5,375412
2021-06-24 09:49:49,1504.35,375778
2021-06-24 09:49:50,1504.5,375919
2021-06-24 09:49:51,1504.5,375939
2021-06-24 09:49:52,1504.55,376001
2021-06-24 09:49:53,1504.65,376056
2021-06-24 09:49:54,1504.5,376824
2021-06-24 09:49:54,1504.45,376915
2021-06-24 09:49:56,1504.5,376944
2021-06-24 09:49:57,1504.05,378083
2021-06-24 09:49:58,1503.05,382969
2021-06-24 09:49:59,1503.5,382975
2021-06-24 09:50:00,1503.75,383913
2021-06-24 09:50:01,1503.95,383974
2021-06-24 09:50:02,1503.85,384107
2021-06-24 09:50:02,1503.85,384097
2021-06-24 09:50:04,1503.85,384244
2021-06-24 09:50:05,1504.0,384558
2021-06-24 09:50:06,1503.55,384567
2021-06-24 09:50:07,1503.95,385221
2021-06-24 09:50:08,1503.55,386297
2021-06-24 09:50:08,1503.55,386297
2021-06-24 09:50:10,1503.25,386416
2021-06-24 09:50:11,1503.0,386690
2021-06-24 09:50:12,1503.05,386770
2021-06-24 09:50:13,1503.05,386770
2021-06-24 09:50:14,1503.05,387100
2021-06-24 09:50:15,1503.1,387501
2021-06-24 09:50:16,1503.05,387555
2021-06-24 09:50:16,1503.1,387638
2021-06-24 09:50:17,1503.05,387803
2021-06-24 09:50:18,1502.5,388189
2021-06-24 09:50:22,1503.0,388885
2021-06-24 09:50:25,1502.5,389033
2021-06-24 09:50:24,1502.9,388985
2021-06-24 09:50:26,1503.0,389098
2021-06-24 09:50:27,1503.0,389098
2021-06-24 09:50:28,1502.85,389131
2021-06-24 09:50:29,1503.0,389183
2021-06-24 09:50:30,1503.0,389250
2021-06-24 09:50:31,1503.0,389250
2021-06-24 09:50:32,1503.0,389828
2021-06-24 09:50:33,1503.95,390610
2021-06-24 09:50:34,1503.8,391075
2021-06-24 09:50:35,1503.25,391285
2021-06-24 09:50:37,1503.95,391890
2021-06-24 09:50:36,1503.95,391362
2021-06-24 09:50:38,1503.95,392026
2021-06-24 09:50:39,1504.0,392545
2021-06-24 09:50:40,1504.0,392856
2021-06-24 09:50:41,1504.4,392890
2021-06-24 09:50:42,1504.0,393031
2021-06-24 09:50:43,1504.5,393091
2021-06-24 09:50:44,1504.5,393102
2021-06-24 09:50:45,1504.5,393103
2021-06-24 09:50:46,1504.4,393164
2021-06-24 09:50:47,1504.5,393293
2021-06-24 09:50:48,1504.55,393315
2021-06-24 09:50:49,1504.5,393316
2021-06-24 09:50:50,1504.55,393327
2021-06-24 09:50:51,1504.55,393342
2021-06-24 09:50:52,1504.45,393368
2021-06-24 09:50:53,1504.7,393395
2021-06-24 09:50:54,1504.05,393469
2021-06-24 09:50:55,1504.5,393504
2021-06-24 09:50:56,1504.75,393634
2021-06-24 09:50:57,1504.8,393734
2021-06-24 09:50:58,1504.85,393761
2021-06-24 09:50:59,1504.4,393768
2021-06-24 09:51:00,1504.7,394033
2021-06-24 09:51:01,1505.0,394347
2021-06-24 09:51:02,1504.95,394369
2021-06-24 09:51:03,1505.0,395020
2021-06-24 09:51:04,1505.0,395093
2021-06-24 09:51:05,1505.0,395507
2021-06-24 09:51:06,1505.0,395616
2021-06-24 09:51:07,1504.5,395743
2021-06-24 09:51:08,1504.4,395783
2021-06-24 09:51:09,1504.4,395783
2021-06-24 09:51:10,1504.15,396158
2021-06-24 09:51:11,1504.5,396189
2021-06-24 09:51:12,1504.95,396249
2021-06-24 09:51:13,1505.0,396285
2021-06-24 09:51:14,1505.0,396285
2021-06-24 09:51:15,1504.4,396360
2021-06-24 09:51:16,1504.4,396360
2021-06-24 09:51:17,1504.1,396713
2021-06-24 09:51:18,1504.4,397003
2021-06-24 09:51:19,1504.1,397104
2021-06-24 09:51:20,1504.1,397110
2021-06-24 09:51:22,1504.4,397232
2021-06-24 09:51:23,1504.35,397258
2021-06-24 09:51:24,1504.4,397269
2021-06-24 09:51:26,1504.0,398336
2021-06-24 09:51:25,1504.4,398035
2021-06-24 09:51:28,1504.1,398346
2021-06-24 09:51:29,1504.1,398346
2021-06-24 09:51:30,1503.9,400199
2021-06-24 09:51:31,1503.5,400504
2021-06-24 09:51:32,1503.45,401604
2021-06-24 09:51:33,1503.0,401667
2021-06-24 09:51:34,1503.0,401667
2021-06-24 09:51:35,1503.0,401760
2021-06-24 09:51:36,1503.0,401839
2021-06-24 09:51:37,1504.0,402339
2021-06-24 09:51:38,1503.95,402564
2021-06-24 09:51:39,1504.0,402674
2021-06-24 09:51:40,1504.0,402674
2021-06-24 09:51:41,1504.0,402748
2021-06-24 09:51:42,1504.0,402807
2021-06-24 09:51:43,1504.05,403104
2021-06-24 09:51:44,1503.35,403522
2021-06-24 09:51:45,1503.35,403547
2021-06-24 09:51:46,1503.35,403547
2021-06-24 09:51:47,1503.7,403604
2021-06-24 09:51:48,1503.95,403726
2021-06-24 09:51:49,1503.9,403735
2021-06-24 09:51:50,1503.9,403753
2021-06-24 09:51:51,1503.9,403753
2021-06-24 09:51:52,1503.9,403789
2021-06-24 09:51:53,1503.75,403989
2021-06-24 09:51:54,1503.7,404094
2021-06-24 09:51:55,1503.6,404134
2021-06-24 09:51:56,1503.45,404149
2021-06-24 09:51:57,1503.45,404169
2021-06-24 09:51:58,1503.65,404314
2021-06-24 09:51:59,1503.65,404314
2021-06-24 09:52:00,1503.4,404337
2021-06-24 09:52:01,1503.65,404432
2021-06-24 09:52:02,1503.65,404525
2021-06-24 09:52:03,1503.65,404525
2021-06-24 09:52:05,1503.55,404538
2021-06-24 09:52:06,1503.25,404561
2021-06-24 09:52:07,1503.65,404566
2021-06-24 09:52:08,1503.65,404568
2021-06-24 09:52:10,1503.65,405281
2021-06-24 09:52:09,1503.65,405281
2021-06-24 09:52:11,1503.85,405582
2021-06-24 09:52:12,1503.85,405582
2021-06-24 09:52:13,1504.0,405696
2021-06-24 09:52:14,1503.45,405770
2021-06-24 09:52:15,1503.45,405946
2021-06-24 09:52:16,1503.3,405947
2021-06-24 09:52:17,1503.45,406038
2021-06-24 09:52:18,1503.45,406079
2021-06-24 09:52:19,1503.1,406089
2021-06-24 09:52:20,1503.05,406099
2021-06-24 09:52:21,1503.05,406164
2021-06-24 09:52:22,1503.0,406214
2021-06-24 09:52:23,1503.45,406321
2021-06-24 09:52:24,1503.0,406354
2021-06-24 09:52:25,1503.0,406354
2021-06-24 09:52:26,1502.8,406761
2021-06-24 09:52:27,1502.6,406998
2021-06-24 09:52:28,1502.5,407150
2021-06-24 09:52:29,1502.5,407150
2021-06-24 09:52:30,1503.0,407160
2021-06-24 09:52:31,1503.0,407762
2021-06-24 09:52:32,1502.65,407842
2021-06-24 09:52:33,1502.6,407908
2021-06-24 09:52:34,1502.85,407914
2021-06-24 09:52:35,1502.85,407914
2021-06-24 09:52:36,1502.55,408114
2021-06-24 09:52:37,1502.6,408508
2021-06-24 09:52:38,1502.6,408508
2021-06-24 09:52:39,1503.0,408529
2021-06-24 09:52:40,1502.6,408544
2021-06-24 09:52:41,1502.6,408608
2021-06-24 09:52:42,1502.6,408655
2021-06-24 09:52:43,1502.6,408736
2021-06-24 09:52:44,1502.6,408761
2021-06-24 09:52:45,1502.75,409017
2021-06-24 09:52:47,1502.85,409218
2021-06-24 09:52:47,1502.85,409218
2021-06-24 09:52:48,1502.85,409218
2021-06-24 09:52:49,1502.85,409224
2021-06-24 09:52:50,1502.7,409240
2021-06-24 09:52:51,1502.6,409555
2021-06-24 09:52:52,1502.6,409559
2021-06-24 09:52:53,1502.6,409559
2021-06-24 09:52:54,1502.6,409559
2021-06-24 09:52:55,1502.6,409559
2021-06-24 09:52:56,1502.5,409684
2021-06-24 09:52:57,1502.4,409776
2021-06-24 09:52:58,1502.0,409898
2021-06-24 09:52:59,1502.65,410330
2021-06-24 09:53:00,1502.1,410619
2021-06-24 09:53:01,1501.25,411019
2021-06-24 09:53:02,1501.25,411120
2021-06-24 09:53:03,1502.2,411538
2021-06-24 09:53:04,1502.25,411588
2021-06-24 09:53:05,1501.35,411616
2021-06-24 09:53:07,1502.25,411690
2021-06-24 09:53:08,1501.3,411840
2021-06-24 09:53:09,1501.3,411900
2021-06-24 09:53:10,1501.3,411900
2021-06-24 09:53:11,1501.4,411970
2021-06-24 09:53:12,1502.05,411981
2021-06-24 09:53:14,1502.05,412018
2021-06-24 09:53:15,1502.4,412223
2021-06-24 09:53:15,1502.5,412252
2021-06-24 09:53:16,1502.5,412378
2021-06-24 09:53:18,1502.05,412385
2021-06-24 09:53:18,1502.05,412385
2021-06-24 09:53:19,1502.0,412541
2021-06-24 09:53:20,1502.0,412555
2021-06-24 09:53:21,1502.0,413041
2021-06-24 09:53:23,1501.95,413209
2021-06-24 09:53:24,1501.95,413225
2021-06-24 09:53:25,1502.0,413333
2021-06-24 09:53:26,1502.0,413345
2021-06-24 09:53:27,1501.95,413417
2021-06-24 09:53:28,1501.95,413462
2021-06-24 09:53:29,1501.25,414363
2021-06-24 09:53:30,1501.3,414373
2021-06-24 09:53:31,1501.3,414373
2021-06-24 09:53:32,1501.3,414373
2021-06-24 09:53:33,1501.8,414463
2021-06-24 09:53:34,1501.85,414515
2021-06-24 09:53:35,1501.95,414540
2021-06-24 09:53:36,1501.95,414555
2021-06-24 09:53:37,1502.0,414669
2021-06-24 09:53:39,1501.95,414777
2021-06-24 09:53:39,1502.0,414788
2021-06-24 09:53:40,1501.85,414951
2021-06-24 09:53:41,1501.95,415119
2021-06-24 09:53:42,1501.95,415148
2021-06-24 09:53:43,1501.95,415148
2021-06-24 09:53:44,1501.35,415173
2021-06-24 09:53:45,1501.9,415178
2021-06-24 09:53:46,1501.9,415180
2021-06-24 09:53:47,1501.9,415180
2021-06-24 09:53:48,1501.65,415190
2021-06-24 09:53:49,1501.65,415192
2021-06-24 09:53:50,1501.65,415192
2021-06-24 09:53:51,1502.0,415273
2021-06-24 09:53:52,1502.0,415274
2021-06-24 09:53:53,1501.35,415478
2021-06-24 09:53:54,1501.9,415481
2021-06-24 09:53:56,1502.0,415966
2021-06-24 09:53:58,1502.0,416006
2021-06-24 09:53:59,1502.0,416006
2021-06-24 09:54:00,1501.85,416026
2021-06-24 09:54:01,1501.95,416033
2021-06-24 09:54:02,1501.85,416073
2021-06-24 09:54:05,1501.9,416620
2021-06-24 09:54:06,1501.9,416645
2021-06-24 09:54:07,1501.9,416687
2021-06-24 09:54:08,1501.9,416707
2021-06-24 09:54:09,1501.95,416777
2021-06-24 09:54:10,1501.95,416796
2021-06-24 09:54:11,1501.85,416921
2021-06-24 09:54:12,1501.85,416922
2021-06-24 09:54:13,1501.85,416985
2021-06-24 09:54:14,1502.0,416989
2021-06-24 09:54:15,1501.9,416999
2021-06-24 09:54:16,1501.95,417000
2021-06-24 09:54:17,1502.0,417003
2021-06-24 09:54:18,1502.0,417013
2021-06-24 09:54:19,1502.0,417187
2021-06-24 09:54:20,1502.0,417267
2021-06-24 09:54:22,1501.5,417479
2021-06-24 09:54:23,1502.0,418070
2021-06-24 09:54:24,1502.0,418070
2021-06-24 09:54:25,1502.0,418147
2021-06-24 09:54:26,1502.0,418147
2021-06-24 09:54:27,1501.85,418315
2021-06-24 09:54:28,1502.0,418525
2021-06-24 09:54:29,1502.0,418536
2021-06-24 09:54:30,1502.0,418537
2021-06-24 09:54:31,1502.0,418999
2021-06-24 09:54:32,1501.95,419114
2021-06-24 09:54:34,1501.95,419152
2021-06-24 09:54:35,1502.0,419172
2021-06-24 09:54:36,1501.55,419379
2021-06-24 09:54:37,1501.55,419379
2021-06-24 09:54:38,1502.0,419479
2021-06-24 09:54:39,1502.0,419591
2021-06-24 09:54:40,1502.0,419656
2021-06-24 09:54:41,1502.0,419680
2021-06-24 09:54:42,1502.0,419683
2021-06-24 09:54:43,1502.0,419683
2021-06-24 09:54:44,1502.0,419884
2021-06-24 09:54:45,1502.0,419884
2021-06-24 09:54:46,1502.0,419885
2021-06-24 09:54:47,1502.0,419895
2021-06-24 09:54:48,1501.6,420001
2021-06-24 09:54:49,1501.6,420398
2021-06-24 09:54:50,1501.6,420440
2021-06-24 09:54:51,1502.0,420592
2021-06-24 09:54:52,1501.5,421173
2021-06-24 09:54:53,1501.95,421223
2021-06-24 09:54:55,1502.0,421315
2021-06-24 09:54:55,1502.0,421315
2021-06-24 09:54:56,1502.0,421315
2021-06-24 09:54:58,1502.0,421567
2021-06-24 09:54:58,1502.0,421649
2021-06-24 09:54:59,1502.0,421657
2021-06-24 09:55:00,1502.0,421906
2021-06-24 09:55:01,1502.0,421906
2021-06-24 09:55:02,1502.0,421906
2021-06-24 09:55:03,1502.0,421906
2021-06-24 09:55:04,1501.6,422024
2021-06-24 09:55:05,1502.3,422191
2021-06-24 09:55:06,1501.6,422221
2021-06-24 09:55:07,1501.6,422284
2021-06-24 09:55:09,1501.6,422284
2021-06-24 09:55:09,1501.5,422322
2021-06-24 09:55:10,1501.45,422500
2021-06-24 09:55:11,1501.45,422525
2021-06-24 09:55:12,1501.3,422723
2021-06-24 09:55:13,1501.45,422793
2021-06-24 09:55:14,1501.45,422904
2021-06-24 09:55:15,1501.3,422930
2021-06-24 09:55:17,1501.3,422944
2021-06-24 09:55:17,1501.45,422945
2021-06-24 09:55:18,1501.3,423105
2021-06-24 09:55:19,1501.35,423106
2021-06-24 09:55:20,1501.3,423136
2021-06-24 09:55:21,1501.3,423477
2021-06-24 09:55:22,1501.35,423508
2021-06-24 09:55:24,1501.45,423569
2021-06-24 09:55:25,1501.45,423701
2021-06-24 09:55:25,1501.35,423702
2021-06-24 09:55:26,1501.3,423872
2021-06-24 09:55:27,1501.3,423872
2021-06-24 09:55:28,1501.45,424143
2021-06-24 09:55:29,1501.45,424381
2021-06-24 09:55:30,1501.45,424413
2021-06-24 09:55:31,1501.0,425957
2021-06-24 09:55:32,1501.0,425957
2021-06-24 09:55:34,1501.35,425959
2021-06-24 09:55:35,1501.35,425960
2021-06-24 09:55:36,1501.35,425960
2021-06-24 09:55:37,1501.35,426010
2021-06-24 09:55:38,1501.5,426096
2021-06-24 09:55:39,1501.45,426255
2021-06-24 09:55:40,1501.45,426337
2021-06-24 09:55:40,1501.45,426337
2021-06-24 09:55:41,1501.45,426372
2021-06-24 09:55:42,1501.45,426372
2021-06-24 09:55:43,1501.35,426443
2021-06-24 09:55:44,1501.35,426712
2021-06-24 09:55:45,1501.35,426718
2021-06-24 09:55:46,1501.35,426718
2021-06-24 09:55:47,1501.5,426935
2021-06-24 09:55:48,1501.5,426948
2021-06-24 09:55:49,1501.5,426952
2021-06-24 09:55:50,1501.45,427002
2021-06-24 09:55:51,1501.5,427005
2021-06-24 09:55:52,1501.0,427948
2021-06-24 09:55:53,1500.8,428153
2021-06-24 09:55:55,1500.95,428385
2021-06-24 09:55:56,1501.15,428526
2021-06-24 09:55:57,1501.05,428576
2021-06-24 09:55:58,1500.8,428649
2021-06-24 09:55:59,1500.35,428674
2021-06-24 09:56:00,1500.95,428675
2021-06-24 09:56:01,1500.95,428677
2021-06-24 09:56:02,1500.95,428679
2021-06-24 09:56:03,1500.95,428723
2021-06-24 09:56:04,1501.0,428742
2021-06-24 09:56:05,1500.95,428846
2021-06-24 09:56:06,1500.95,428864
2021-06-24 09:56:07,1500.95,428881
2021-06-24 09:56:08,1500.95,428976
2021-06-24 09:56:09,1501.0,428987
2021-06-24 09:56:10,1500.95,428995
2021-06-24 09:56:11,1501.0,429398
2021-06-24 09:56:13,1500.85,429452
2021-06-24 09:56:14,1500.35,429870
2021-06-24 09:56:15,1500.35,430292
2021-06-24 09:56:15,1500.35,430292
2021-06-24 09:56:16,1501.0,430392
2021-06-24 09:56:18,1500.3,431188
2021-06-24 09:56:19,1501.0,431296
2021-06-24 09:56:20,1500.5,431368
2021-06-24 09:56:21,1500.55,431374
2021-06-24 09:56:23,1500.35,431501
2021-06-24 09:56:23,1500.35,431501
2021-06-24 09:56:25,1500.85,431579
2021-06-24 09:56:26,1500.5,431592
2021-06-24 09:56:27,1500.5,431592
2021-06-24 09:56:28,1501.0,431654
2021-06-24 09:56:29,1501.0,431667
2021-06-24 09:56:30,1501.0,431887
2021-06-24 09:56:31,1500.3,431902
2021-06-24 09:56:32,1501.0,432247
2021-06-24 09:56:33,1500.1,432262
2021-06-24 09:56:34,1500.9,432263
2021-06-24 09:56:35,1500.9,432263
2021-06-24 09:56:36,1500.15,432388
2021-06-24 09:56:37,1500.15,432388
2021-06-24 09:56:38,1500.95,432428
2021-06-24 09:56:39,1500.1,433271
2021-06-24 09:56:40,1500.75,433272
2021-06-24 09:56:41,1500.5,433387
2021-06-24 09:56:42,1500.5,433407
2021-06-24 09:56:43,1500.1,434627
2021-06-24 09:56:44,1500.9,434628
2021-06-24 09:56:45,1500.65,434656
2021-06-24 09:56:46,1500.65,434689
2021-06-24 09:56:47,1500.85,435232
2021-06-24 09:56:48,1500.85,435266
2021-06-24 09:56:49,1501.0,435474
2021-06-24 09:56:50,1500.9,435720
2021-06-24 09:56:52,1500.85,435785
2021-06-24 09:56:53,1500.25,436160
2021-06-24 09:56:54,1500.35,436329
2021-06-24 09:56:54,1500.35,436329
2021-06-24 09:56:55,1500.15,436735
2021-06-24 09:56:56,1500.6,436835
2021-06-24 09:56:58,1500.9,436872
2021-06-24 09:56:59,1500.75,439085
2021-06-24 09:57:00,1500.6,439110
2021-06-24 09:57:02,1500.6,439120
2021-06-24 09:57:03,1500.05,439144
2021-06-24 09:57:04,1500.65,439147
2021-06-24 09:57:05,1500.4,439157
2021-06-24 09:57:07,1500.4,439227
2021-06-24 09:57:08,1500.4,439236
2021-06-24 09:57:09,1500.4,439236
2021-06-24 09:57:10,1500.0,441088
2021-06-24 09:57:10,1500.0,441088
2021-06-24 09:57:11,1500.35,441118
2021-06-24 09:57:12,1500.35,441169
2021-06-24 09:57:14,1500.35,441271
2021-06-24 09:57:15,1500.35,441296
2021-06-24 09:57:16,1500.35,441296
2021-06-24 09:57:17,1500.75,441416
2021-06-24 09:57:17,1500.35,441396
2021-06-24 09:57:18,1500.6,441417
2021-06-24 09:57:19,1500.5,441518
2021-06-24 09:57:20,1500.55,441628
2021-06-24 09:57:22,1500.6,441652
2021-06-24 09:57:23,1500.6,441658
2021-06-24 09:57:24,1500.35,441701
2021-06-24 09:57:25,1500.5,441793
2021-06-24 09:57:25,1500.5,441799
2021-06-24 09:57:26,1500.75,441937
2021-06-24 09:57:27,1500.75,441945
2021-06-24 09:57:28,1500.6,442013
2021-06-24 09:57:29,1500.75,442099
2021-06-24 09:57:30,1500.35,442199
2021-06-24 09:57:31,1500.7,442214
2021-06-24 09:57:32,1500.75,442264
2021-06-24 09:57:33,1500.0,442974
2021-06-24 09:57:34,1500.0,444278
2021-06-24 09:57:35,1500.0,444278
2021-06-24 09:57:36,1500.0,444278
2021-06-24 09:57:37,1500.0,444393
2021-06-24 09:57:38,1500.0,444393
2021-06-24 09:57:39,1500.0,444393
2021-06-24 09:57:40,1499.95,444882
2021-06-24 09:57:41,1499.6,444895
2021-06-24 09:57:42,1499.55,445145
2021-06-24 09:57:43,1499.95,445283
2021-06-24 09:57:44,1499.95,445298
2021-06-24 09:57:46,1499.5,445418
2021-06-24 09:57:48,1499.5,445558
2021-06-24 09:57:50,1499.95,445572
2021-06-24 09:57:51,1499.5,445587
2021-06-24 09:57:52,1499.55,445626
2021-06-24 09:57:53,1499.95,445676
2021-06-24 09:57:54,1499.5,445970
2021-06-24 09:57:55,1500.0,446242
2021-06-24 09:57:55,1499.95,446311
2021-06-24 09:57:56,1499.95,446311
2021-06-24 09:57:57,1499.95,446311
2021-06-24 09:57:58,1499.55,447289
2021-06-24 09:58:00,1499.6,447409
2021-06-24 09:58:01,1500.4,447559
2021-06-24 09:58:02,1499.6,447660
2021-06-24 09:58:03,1499.6,447660
2021-06-24 09:58:05,1499.75,447972
2021-06-24 09:58:06,1499.55,448032
2021-06-24 09:58:07,1499.5,448367
2021-06-24 09:58:08,1499.55,448392
2021-06-24 09:58:08,1499.3,448469
2021-06-24 09:58:09,1499.3,448469
2021-06-24 09:58:10,1499.4,448614
2021-06-24 09:58:12,1499.4,448659
2021-06-24 09:58:13,1499.4,448659
2021-06-24 09:58:14,1499.4,448729
2021-06-24 09:58:15,1499.55,448789
2021-06-24 09:58:16,1499.55,448789
2021-06-24 09:58:17,1499.5,448850
2021-06-24 09:58:18,1499.3,448870
2021-06-24 09:58:19,1499.4,449190
2021-06-24 09:58:20,1499.55,449383
2021-06-24 09:58:22,1499.6,449397
2021-06-24 09:58:23,1499.55,449413
2021-06-24 09:58:24,1499.55,449483
2021-06-24 09:58:25,1499.85,449563
2021-06-24 09:58:26,1499.85,449563
2021-06-24 09:58:27,1499.15,449788
2021-06-24 09:58:28,1499.55,449791
2021-06-24 09:58:30,1499.0,449952
2021-06-24 09:58:30,1499.0,449952
2021-06-24 09:58:31,1499.5,449996
2021-06-24 09:58:32,1499.0,450066
2021-06-24 09:58:34,1499.0,450518
2021-06-24 09:58:35,1499.0,450518
2021-06-24 09:58:37,1499.5,450601
2021-06-24 09:58:38,1499.05,450864
2021-06-24 09:58:39,1499.1,450885
2021-06-24 09:58:40,1499.1,450941
2021-06-24 09:58:41,1499.0,452097
2021-06-24 09:58:41,1499.0,452097
2021-06-24 09:58:42,1499.7,452343
2021-06-24 09:58:43,1499.8,452346
2021-06-24 09:58:44,1499.9,453628
2021-06-24 09:58:45,1499.9,453628
2021-06-24 09:58:46,1500.0,453938
2021-06-24 09:58:47,1500.0,453970
2021-06-24 09:58:48,1500.0,454001
2021-06-24 09:58:51,1500.4,456543
2021-06-24 09:58:53,1500.0,456561
2021-06-24 09:58:54,1500.4,456566
2021-06-24 09:58:55,1500.4,456663
2021-06-24 09:58:56,1500.35,457146
2021-06-24 09:58:57,1500.35,457149
2021-06-24 09:58:58,1500.4,457171
2021-06-24 09:58:58,1500.4,457171
2021-06-24 09:58:59,1500.65,457498
2021-06-24 09:59:00,1500.7,457571
2021-06-24 09:59:01,1500.55,457581
2021-06-24 09:59:02,1500.55,457612
2021-06-24 09:59:03,1500.7,457622
2021-06-24 09:59:04,1500.7,457668
2021-06-24 09:59:06,1500.8,457936
2021-06-24 09:59:08,1500.75,457991
2021-06-24 09:59:09,1500.8,458076
2021-06-24 09:59:10,1500.8,458182
2021-06-24 09:59:11,1500.8,458259
2021-06-24 09:59:11,1500.8,458263
2021-06-24 09:59:13,1500.8,458287
2021-06-24 09:59:14,1500.8,458296
2021-06-24 09:59:15,1500.75,458516
2021-06-24 09:59:16,1500.75,458542
2021-06-24 09:59:17,1500.75,458988
2021-06-24 09:59:18,1501.2,459108
2021-06-24 09:59:18,1501.2,459114
2021-06-24 09:59:20,1501.5,459384
2021-06-24 09:59:20,1500.75,459428
2021-06-24 09:59:21,1500.75,459431
2021-06-24 09:59:22,1501.25,459502
2021-06-24 09:59:23,1501.3,459518
2021-06-24 09:59:24,1501.35,459776
2021-06-24 09:59:26,1501.35,459950
2021-06-24 09:59:27,1501.35,460002
2021-06-24 09:59:28,1501.25,460115
2021-06-24 09:59:29,1501.25,460116
2021-06-24 09:59:30,1500.6,460593
2021-06-24 09:59:31,1500.6,460646
2021-06-24 09:59:32,1500.55,460822
2021-06-24 09:59:33,1501.1,460823
2021-06-24 09:59:34,1501.3,460848
2021-06-24 09:59:34,1500.55,461069
2021-06-24 09:59:35,1500.45,461108
2021-06-24 09:59:36,1500.0,461445
2021-06-24 09:59:37,1500.7,461448
2021-06-24 09:59:39,1500.8,461657
2021-06-24 09:59:41,1500.5,461678
2021-06-24 09:59:42,1500.8,461731
2021-06-24 09:59:43,1501.0,461783
2021-06-24 09:59:44,1501.1,462088
2021-06-24 09:59:45,1500.85,462128
2021-06-24 09:59:45,1501.15,462228
2021-06-24 09:59:46,1501.35,462270
2021-06-24 09:59:48,1501.5,462314
2021-06-24 09:59:49,1501.5,462314
2021-06-24 09:59:50,1501.7,462391
2021-06-24 09:59:52,1500.85,462522
2021-06-24 09:59:53,1501.75,462632
2021-06-24 09:59:53,1501.7,462622
2021-06-24 09:59:54,1501.8,462719
2021-06-24 09:59:55,1501.65,463302
2021-06-24 09:59:57,1501.75,463537
2021-06-24 09:59:58,1501.85,463787
2021-06-24 09:59:59,1501.55,463854
2021-06-24 10:00:00,1501.35,463892
2021-06-24 10:00:01,1501.35,463892
2021-06-24 10:00:01,1501.35,463892
2021-06-24 10:00:02,1501.8,463942
2021-06-24 10:00:03,1501.95,463975
2021-06-24 10:00:04,1501.95,463977
2021-06-24 10:00:05,1501.6,463996
2021-06-24 10:00:07,1501.35,464384
2021-06-24 10:00:08,1501.25,464485
2021-06-24 10:00:09,1501.2,464614
2021-06-24 10:00:10,1501.2,464614
2021-06-24 10:00:11,1502.0,466054
2021-06-24 10:00:12,1501.85,466075
2021-06-24 10:00:12,1501.85,466075
2021-06-24 10:00:14,1501.85,466145
2021-06-24 10:00:15,1501.8,466257
2021-06-24 10:00:16,1501.6,466502
2021-06-24 10:00:17,1502.0,466622
2021-06-24 10:00:18,1502.0,466738
2021-06-24 10:00:19,1502.0,466810
2021-06-24 10:00:20,1501.95,466827
2021-06-24 10:00:20,1502.0,466828
2021-06-24 10:00:21,1502.0,466933
2021-06-24 10:00:23,1501.95,466958
2021-06-24 10:00:24,1502.0,467060
2021-06-24 10:00:25,1502.0,467218
2021-06-24 10:00:26,1502.0,468164
2021-06-24 10:00:26,1502.0,468164
2021-06-24 10:00:28,1501.95,468212
2021-06-24 10:00:29,1502.0,468222
2021-06-24 10:00:30,1502.0,468278
2021-06-24 10:00:31,1501.95,468285
2021-06-24 10:00:32,1502.0,468287
2021-06-24 10:00:33,1501.95,468288
2021-06-24 10:00:34,1502.0,468320
2021-06-24 10:00:34,1501.95,468328
2021-06-24 10:00:35,1502.0,468558
2021-06-24 10:00:36,1501.95,468584
2021-06-24 10:00:38,1502.0,468597
2021-06-24 10:00:39,1502.0,468599
2021-06-24 10:00:40,1502.0,468799
2021-06-24 10:00:41,1502.0,468877
2021-06-24 10:00:42,1502.0,469975
2021-06-24 10:00:43,1502.0,470125
2021-06-24 10:00:44,1502.0,470136
2021-06-24 10:00:45,1502.0,470171
2021-06-24 10:00:45,1502.0,470275
2021-06-24 10:00:46,1502.0,470296
2021-06-24 10:00:47,1502.0,470325
2021-06-24 10:00:49,1502.0,470374
2021-06-24 10:00:50,1502.0,470551
2021-06-24 10:00:51,1501.9,470625
2021-06-24 10:00:52,1502.0,470882
2021-06-24 10:00:53,1501.95,471266
2021-06-24 10:00:54,1502.0,471938
2021-06-24 10:00:55,1502.4,471995
2021-06-24 10:00:55,1502.4,471995
2021-06-24 10:00:56,1502.4,471997
2021-06-24 10:00:57,1502.0,472197
2021-06-24 10:00:58,1502.0,472197
2021-06-24 10:01:00,1502.0,472927
2021-06-24 10:01:01,1501.9,473383
2021-06-24 10:01:02,1502.4,473420
2021-06-24 10:01:03,1502.4,473523
2021-06-24 10:01:04,1501.95,473573
2021-06-24 10:01:07,1502.4,474093
2021-06-24 10:01:08,1502.2,474158
2021-06-24 10:01:09,1502.2,474158
2021-06-24 10:01:10,1502.25,474213
2021-06-24 10:01:11,1502.4,474253
2021-06-24 10:01:12,1502.4,474318
2021-06-24 10:01:13,1502.35,474338
2021-06-24 10:01:14,1502.4,475142
2021-06-24 10:01:15,1503.0,475200
2021-06-24 10:01:16,1503.0,475347
2021-06-24 10:01:17,1503.0,475347
2021-06-24 10:01:18,1503.0,475391
2021-06-24 10:01:19,1503.0,475391
2021-06-24 10:01:20,1503.0,475847
2021-06-24 10:01:21,1502.9,477174
2021-06-24 10:01:22,1502.9,477444
2021-06-24 10:01:23,1503.0,477549
2021-06-24 10:01:24,1503.0,477559
2021-06-24 10:01:25,1503.0,477752
2021-06-24 10:01:26,1503.0,477812
2021-06-24 10:01:27,1503.05,477855
2021-06-24 10:01:28,1503.05,477862
2021-06-24 10:01:29,1503.05,477877
2021-06-24 10:01:30,1502.95,477978
2021-06-24 10:01:31,1503.05,477995
2021-06-24 10:01:32,1503.45,478058
2021-06-24 10:01:33,1503.45,478211
2021-06-24 10:01:34,1503.05,478959
2021-06-24 10:01:35,1503.05,478966
2021-06-24 10:01:36,1503.8,478984
2021-06-24 10:01:37,1503.8,478984
2021-06-24 10:01:38,1504.0,479379
2021-06-24 10:01:39,1504.0,479387
2021-06-24 10:01:40,1503.95,479388
2021-06-24 10:01:41,1503.7,479923
2021-06-24 10:01:42,1503.3,479992
2021-06-24 10:01:43,1503.15,480309
2021-06-24 10:01:44,1503.15,480309
2021-06-24 10:01:45,1504.0,480429
2021-06-24 10:01:46,1503.55,480479
2021-06-24 10:01:47,1504.0,480484
2021-06-24 10:01:48,1503.5,480730
2021-06-24 10:01:49,1503.25,480745
2021-06-24 10:01:50,1503.25,480745
2021-06-24 10:01:51,1503.5,480815
2021-06-24 10:01:52,1503.55,481105
2021-06-24 10:01:53,1504.0,481207
2021-06-24 10:01:54,1503.55,481212
2021-06-24 10:01:55,1504.0,481257
2021-06-24 10:01:56,1503.6,481328
2021-06-24 10:01:57,1504.0,481332
2021-06-24 10:01:58,1504.0,481385
2021-06-24 10:01:59,1504.0,481390
2021-06-24 10:02:00,1504.0,481390
2021-06-24 10:02:01,1503.95,481402
2021-06-24 10:02:02,1503.85,481478
2021-06-24 10:02:03,1504.0,481581
2021-06-24 10:02:04,1504.0,482127
2021-06-24 10:02:05,1504.0,482187
2021-06-24 10:02:06,1504.0,482204
2021-06-24 10:02:07,1504.0,482357
2021-06-24 10:02:08,1504.0,484751
2021-06-24 10:02:09,1504.0,484927
2021-06-24 10:02:10,1504.1,484929
2021-06-24 10:02:11,1504.2,485250
2021-06-24 10:02:12,1504.35,485353
2021-06-24 10:02:13,1505.0,485820
2021-06-24 10:02:15,1504.7,485888
2021-06-24 10:02:16,1505.0,486231
2021-06-24 10:02:17,1505.0,486310
2021-06-24 10:02:18,1505.0,486797
2021-06-24 10:02:19,1505.0,486997
2021-06-24 10:02:20,1505.0,487117
2021-06-24 10:02:21,1505.0,487336
2021-06-24 10:02:22,1504.8,488144
2021-06-24 10:02:23,1505.0,488161
2021-06-24 10:02:25,1504.4,488977
2021-06-24 10:02:26,1504.8,488987
2021-06-24 10:02:27,1504.8,489147
2021-06-24 10:02:28,1504.95,489167
2021-06-24 10:02:29,1504.6,489168
2021-06-24 10:02:30,1505.0,489223
2021-06-24 10:02:31,1505.0,489261
2021-06-24 10:02:32,1505.0,489723
2021-06-24 10:02:33,1504.4,489835
2021-06-24 10:02:34,1505.0,489856
2021-06-24 10:02:35,1505.0,489882
2021-06-24 10:02:36,1504.5,489986
2021-06-24 10:02:37,1505.0,489991
2021-06-24 10:02:38,1504.8,490172
2021-06-24 10:02:39,1504.6,490225
2021-06-24 10:02:40,1504.55,490312
2021-06-24 10:02:41,1504.6,490327
2021-06-24 10:02:42,1505.0,490419
2021-06-24 10:02:43,1504.35,491364
2021-06-24 10:02:45,1504.7,492307
2021-06-24 10:02:46,1504.7,492347
2021-06-24 10:02:47,1504.35,492377
2021-06-24 10:02:48,1504.35,492377
2021-06-24 10:02:49,1504.35,492377
2021-06-24 10:02:50,1505.0,492391
2021-06-24 10:02:51,1505.1,498438
2021-06-24 10:02:52,1505.1,498438
2021-06-24 10:02:54,1505.25,499953
2021-06-24 10:02:55,1505.85,500030
2021-06-24 10:02:56,1505.6,500031
2021-06-24 10:02:58,1505.55,501051
2021-06-24 10:02:59,1505.9,501162
2021-06-24 10:03:00,1505.05,501465
2021-06-24 10:03:01,1505.0,501712
2021-06-24 10:03:02,1504.0,502293
2021-06-24 10:03:03,1504.25,502314
2021-06-24 10:03:04,1504.25,502952
2021-06-24 10:03:05,1504.55,502955
2021-06-24 10:03:06,1505.0,502965
2021-06-24 10:03:07,1505.0,502965
2021-06-24 10:03:08,1505.0,503083
2021-06-24 10:03:09,1504.85,503425
2021-06-24 10:03:10,1505.0,503564
2021-06-24 10:03:11,1504.65,503614
2021-06-24 10:03:12,1504.6,503636
2021-06-24 10:03:13,1505.0,503638
2021-06-24 10:03:14,1505.0,503638
2021-06-24 10:03:16,1504.85,503641
2021-06-24 10:03:17,1505.0,503645
2021-06-24 10:03:18,1505.0,503673
2021-06-24 10:03:19,1504.9,503714
2021-06-24 10:03:20,1505.0,503744
2021-06-24 10:03:21,1504.95,503873
2021-06-24 10:03:22,1505.0,503887
2021-06-24 10:03:23,1505.0,504048
2021-06-24 10:03:24,1505.0,504066
2021-06-24 10:03:25,1505.0,504444
2021-06-24 10:03:26,1504.95,504585
2021-06-24 10:03:27,1504.85,504590
2021-06-24 10:03:28,1504.85,504671
2021-06-24 10:03:29,1504.85,504672
2021-06-24 10:03:30,1504.4,505042
2021-06-24 10:03:31,1504.45,505044
2021-06-24 10:03:32,1504.95,505058
2021-06-24 10:03:33,1504.5,505176
2021-06-24 10:03:34,1504.75,505189
2021-06-24 10:03:35,1504.9,505310
2021-06-24 10:03:36,1504.95,505485
2021-06-24 10:03:37,1504.7,506841
2021-06-24 10:03:38,1504.7,506842
2021-06-24 10:03:39,1504.8,507044
2021-06-24 10:03:40,1504.75,507107
2021-06-24 10:03:41,1504.75,507129
2021-06-24 10:03:42,1504.9,507441
2021-06-24 10:03:43,1505.0,507745
2021-06-24 10:03:44,1505.0,507855
2021-06-24 10:03:45,1505.0,508203
2021-06-24 10:03:46,1505.0,508281
2021-06-24 10:03:47,1504.6,509042
2021-06-24 10:03:48,1505.0,509140
2021-06-24 10:03:49,1505.0,509290
2021-06-24 10:03:50,1504.9,509352
2021-06-24 10:03:51,1505.0,510280
2021-06-24 10:03:52,1504.35,510548
2021-06-24 10:03:53,1505.0,510617
2021-06-24 10:03:54,1504.9,510727
2021-06-24 10:03:55,1505.1,510849
2021-06-24 10:03:56,1504.4,510987
2021-06-24 10:03:57,1504.75,511002
2021-06-24 10:03:59,1504.7,511075
2021-06-24 10:04:00,1504.75,511080
2021-06-24 10:04:01,1504.75,511120
2021-06-24 10:04:02,1505.05,513075
2021-06-24 10:04:03,1505.05,513081
2021-06-24 10:04:04,1505.05,513489
2021-06-24 10:04:05,1505.0,513499
2021-06-24 10:04:06,1505.05,513512
2021-06-24 10:04:07,1504.9,514218
2021-06-24 10:04:08,1504.9,514253
2021-06-24 10:04:09,1505.0,514309
2021-06-24 10:04:10,1505.0,514518
2021-06-24 10:04:11,1504.95,514558
2021-06-24 10:04:12,1505.15,514634
2021-06-24 10:04:13,1504.8,514757
2021-06-24 10:04:14,1504.75,514838
2021-06-24 10:04:15,1504.75,514838
2021-06-24 10:04:16,1504.55,515032
2021-06-24 10:04:18,1504.8,515108
2021-06-24 10:04:19,1505.0,515127
2021-06-24 10:04:20,1504.8,515172
2021-06-24 10:04:21,1504.85,515177
2021-06-24 10:04:22,1504.5,515635
2021-06-24 10:04:23,1504.95,515646
2021-06-24 10:04:24,1505.0,516626
2021-06-24 10:04:25,1505.5,516991
2021-06-24 10:04:26,1505.3,517231
2021-06-24 10:04:27,1505.3,517231
2021-06-24 10:04:28,1505.6,517564
2021-06-24 10:04:29,1505.7,517653
2021-06-24 10:04:30,1505.6,517762
2021-06-24 10:04:31,1505.6,517852
2021-06-24 10:04:32,1505.6,517864
2021-06-24 10:04:33,1505.05,517874
2021-06-24 10:04:34,1505.6,518006
2021-06-24 10:04:35,1505.05,518009
2021-06-24 10:04:36,1505.6,518010
2021-06-24 10:04:37,1505.05,518030
2021-06-24 10:04:38,1505.0,518061
2021-06-24 10:04:39,1505.0,518126
2021-06-24 10:04:40,1505.2,518241
2021-06-24 10:04:42,1505.2,518445
2021-06-24 10:04:43,1505.25,518582
2021-06-24 10:04:44,1505.25,518748
2021-06-24 10:04:45,1505.2,518975
2021-06-24 10:04:46,1505.5,519046
2021-06-24 10:04:47,1505.5,519046
2021-06-24 10:04:48,1505.5,519048
2021-06-24 10:04:49,1505.5,519600
2021-06-24 10:04:51,1505.5,520202
2021-06-24 10:04:52,1505.5,520272
2021-06-24 10:04:53,1505.5,520327
2021-06-24 10:04:54,1505.5,520428
2021-06-24 10:04:55,1505.5,520608
2021-06-24 10:04:56,1505.8,522075
2021-06-24 10:04:57,1505.9,522567
2021-06-24 10:04:58,1505.9,522581
2021-06-24 10:04:59,1505.5,522637
2021-06-24 10:05:00,1505.6,526094
2021-06-24 10:05:01,1506.0,527117
2021-06-24 10:05:02,1506.65,532314
2021-06-24 10:05:03,1506.25,532774
2021-06-24 10:05:04,1506.3,533052
2021-06-24 10:05:05,1506.9,533967
2021-06-24 10:05:06,1507.0,535142
2021-06-24 10:05:07,1507.0,535224
2021-06-24 10:05:08,1507.0,535511
2021-06-24 10:05:09,1507.85,541675
2021-06-24 10:05:10,1507.35,542054
2021-06-24 10:05:11,1507.0,543851
2021-06-24 10:05:12,1506.75,544211
2021-06-24 10:05:13,1507.3,544596
2021-06-24 10:05:14,1507.2,546646
2021-06-24 10:05:15,1507.4,547514
2021-06-24 10:05:16,1507.4,547628
2021-06-24 10:05:17,1507.25,547778
2021-06-24 10:05:18,1507.55,547975
2021-06-24 10:05:19,1507.85,549536
2021-06-24 10:05:21,1507.35,549763
2021-06-24 10:05:21,1507.85,549733
2021-06-24 10:05:22,1507.85,549982
2021-06-24 10:05:23,1507.0,553434
2021-06-24 10:05:24,1507.1,554069
2021-06-24 10:05:25,1507.8,556892
2021-06-24 10:05:26,1507.8,557939
2021-06-24 10:05:27,1507.35,558913
2021-06-24 10:05:28,1507.85,559028
2021-06-24 10:05:29,1507.85,559143
2021-06-24 10:05:30,1508.0,559273
2021-06-24 10:05:31,1507.4,559941
2021-06-24 10:05:32,1507.35,561101
2021-06-24 10:05:33,1507.35,561195
2021-06-24 10:05:34,1508.0,561295
2021-06-24 10:05:35,1507.2,561718
2021-06-24 10:05:36,1507.25,561851
2021-06-24 10:05:37,1507.85,561864
2021-06-24 10:05:38,1508.0,561886
2021-06-24 10:05:40,1508.0,561891
2021-06-24 10:05:41,1507.85,562446
2021-06-24 10:05:41,1507.85,562547
2021-06-24 10:05:42,1508.0,562754
2021-06-24 10:05:43,1508.0,562846
2021-06-24 10:05:44,1507.8,563238
2021-06-24 10:05:45,1508.0,564127
2021-06-24 10:05:46,1507.95,564269
2021-06-24 10:05:47,1507.75,564964
2021-06-24 10:05:48,1507.3,565152
2021-06-24 10:05:49,1507.8,565240
2021-06-24 10:05:51,1507.55,565245
2021-06-24 10:05:50,1507.8,565242
2021-06-24 10:05:52,1507.35,565469
2021-06-24 10:05:53,1507.75,565589
2021-06-24 10:05:54,1507.95,566001
2021-06-24 10:05:55,1507.85,566183
2021-06-24 10:05:56,1507.8,566224
2021-06-24 10:05:57,1507.95,566316
2021-06-24 10:05:58,1507.6,566636
2021-06-24 10:05:59,1507.45,566924
2021-06-24 10:06:01,1507.15,568528
2021-06-24 10:06:02,1507.4,569484
2021-06-24 10:06:03,1507.4,569510
2021-06-24 10:06:04,1507.95,570305
2021-06-24 10:06:05,1507.6,570633
2021-06-24 10:06:06,1508.0,571116
2021-06-24 10:06:07,1507.45,571164
2021-06-24 10:06:08,1507.6,571192
2021-06-24 10:06:10,1507.95,572200
2021-06-24 10:06:10,1507.95,572200
2021-06-24 10:06:11,1507.95,572613
2021-06-24 10:06:12,1507.55,572671
2021-06-24 10:06:13,1507.0,578744
2021-06-24 10:06:14,1507.6,579624
2021-06-24 10:06:15,1507.6,579649
2021-06-24 10:06:16,1508.0,579785
2021-06-24 10:06:18,1507.6,580078
2021-06-24 10:06:19,1507.25,581099
2021-06-24 10:06:20,1507.95,581233
2021-06-24 10:06:21,1507.85,581514
2021-06-24 10:06:22,1507.3,582086
2021-06-24 10:06:23,1507.2,584124
2021-06-24 10:06:23,1507.2,584124
2021-06-24 10:06:24,1507.25,584156
2021-06-24 10:06:25,1507.2,584783
2021-06-24 10:06:26,1508.0,586094
2021-06-24 10:06:27,1508.15,586212
2021-06-24 10:06:28,1508.15,586236
2021-06-24 10:06:29,1508.0,586889
2021-06-24 10:06:30,1508.0,587054
2021-06-24 10:06:31,1508.15,587751
2021-06-24 10:06:32,1508.0,587947
2021-06-24 10:06:33,1508.0,588042
2021-06-24 10:06:34,1508.0,589279
2021-06-24 10:06:35,1508.25,589535
2021-06-24 10:06:36,1508.25,589581
2021-06-24 10:06:37,1508.15,590489
2021-06-24 10:06:38,1508.15,590489
2021-06-24 10:06:39,1508.15,590489
2021-06-24 10:06:40,1508.05,590531
2021-06-24 10:06:41,1508.5,591042
2021-06-24 10:06:42,1508.5,591050
2021-06-24 10:06:43,1508.0,591980
2021-06-24 10:06:45,1508.15,592438
2021-06-24 10:06:46,1508.05,592484
2021-06-24 10:06:47,1507.4,594122
2021-06-24 10:06:48,1507.8,596696
2021-06-24 10:06:49,1508.15,597216
2021-06-24 10:06:49,1508.15,597216
2021-06-24 10:06:50,1508.05,597987
2021-06-24 10:06:51,1507.45,598434
2021-06-24 10:06:52,1507.5,598545
2021-06-24 10:06:53,1507.35,598766
2021-06-24 10:06:54,1507.95,599183
2021-06-24 10:06:55,1507.7,599223
2021-06-24 10:06:56,1507.7,599223
2021-06-24 10:06:57,1508.1,599489
2021-06-24 10:06:59,1507.95,599735
2021-06-24 10:07:00,1508.0,599893
2021-06-24 10:07:01,1508.0,600905
2021-06-24 10:07:01,1508.0,600905
2021-06-24 10:07:02,1507.7,601107
2021-06-24 10:07:03,1507.95,601309
2021-06-24 10:07:04,1507.6,601319
2021-06-24 10:07:05,1507.55,601439
2021-06-24 10:07:06,1507.8,601501
2021-06-24 10:07:07,1507.6,601575
2021-06-24 10:07:08,1508.1,601698
2021-06-24 10:07:10,1507.4,601757
2021-06-24 10:07:11,1508.0,601770
2021-06-24 10:07:12,1508.15,601826
2021-06-24 10:07:13,1507.85,602393
2021-06-24 10:07:14,1507.9,602481
2021-06-24 10:07:15,1507.8,602496
2021-06-24 10:07:16,1507.7,602912
2021-06-24 10:07:16,1507.7,602912
2021-06-24 10:07:17,1507.9,602996
2021-06-24 10:07:18,1507.8,603067
2021-06-24 10:07:19,1507.9,603127
2021-06-24 10:07:20,1508.0,603277
2021-06-24 10:07:22,1508.0,603484
2021-06-24 10:07:22,1508.0,603641
2021-06-24 10:07:23,1507.9,603659
2021-06-24 10:07:24,1507.9,603745
2021-06-24 10:07:25,1508.0,603910
2021-06-24 10:07:26,1507.85,604053
2021-06-24 10:07:27,1507.95,604073
2021-06-24 10:07:28,1507.85,604181
2021-06-24 10:07:29,1507.95,604306
2021-06-24 10:07:30,1507.2,604743
2021-06-24 10:07:31,1507.5,604803
2021-06-24 10:07:34,1507.85,605062
2021-06-24 10:07:35,1507.2,606027
2021-06-24 10:07:36,1507.85,606081
2021-06-24 10:07:37,1507.85,606096
2021-06-24 10:07:37,1507.25,606129
2021-06-24 10:07:38,1507.8,606232
2021-06-24 10:07:39,1508.0,606733
2021-06-24 10:07:40,1507.35,606797
2021-06-24 10:07:41,1507.35,606801
2021-06-24 10:07:42,1507.35,606806
2021-06-24 10:07:44,1507.7,606888
2021-06-24 10:07:46,1507.75,606895
2021-06-24 10:07:46,1507.8,607276
2021-06-24 10:07:47,1507.65,607984
2021-06-24 10:07:48,1507.65,608049
2021-06-24 10:07:49,1507.65,608049
2021-06-24 10:07:50,1507.65,608049
2021-06-24 10:07:51,1507.0,608601
2021-06-24 10:07:52,1507.4,608655
2021-06-24 10:07:53,1507.0,608901
2021-06-24 10:07:55,1507.35,608985
2021-06-24 10:07:56,1507.1,609570
2021-06-24 10:07:57,1507.5,609637
2021-06-24 10:07:58,1507.0,610543
2021-06-24 10:07:59,1507.0,610543
2021-06-24 10:08:00,1507.35,610591
2021-06-24 10:08:01,1507.05,610798
2021-06-24 10:08:02,1507.5,611023
2021-06-24 10:08:02,1507.25,611123
2021-06-24 10:08:03,1507.2,611328
2021-06-24 10:08:04,1507.35,611368
2021-06-24 10:08:06,1507.7,611420
2021-06-24 10:08:07,1506.9,611793
2021-06-24 10:08:08,1506.95,611890
2021-06-24 10:08:10,1506.95,611890
2021-06-24 10:08:11,1507.0,612004
2021-06-24 10:08:11,1507.0,612016
2021-06-24 10:08:12,1506.1,612504
2021-06-24 10:08:14,1506.1,612514
2021-06-24 10:08:15,1506.4,612534
2021-06-24 10:08:16,1506.0,612831
2021-06-24 10:08:17,1506.65,613232
2021-06-24 10:08:18,1506.0,613408
2021-06-24 10:08:20,1506.55,613866
2021-06-24 10:08:20,1505.7,614136
2021-06-24 10:08:21,1506.0,614146
2021-06-24 10:08:23,1505.65,614371
2021-06-24 10:08:24,1505.55,614610
2021-06-24 10:08:25,1506.0,614677
2021-06-24 10:08:26,1505.55,616233
2021-06-24 10:08:27,1505.05,616286
2021-06-24 10:08:28,1505.35,616309
2021-06-24 10:08:29,1505.05,616429
2021-06-24 10:08:30,1505.25,616567
2021-06-24 10:08:31,1505.05,616637
2021-06-24 10:08:32,1505.05,616694
2021-06-24 10:08:33,1505.65,616820
2021-06-24 10:08:34,1505.5,617001
2021-06-24 10:08:35,1505.05,617077
2021-06-24 10:08:36,1505.4,617079
2021-06-24 10:08:37,1505.0,617234
2021-06-24 10:08:39,1504.4,622988
2021-06-24 10:08:40,1505.1,623057
2021-06-24 10:08:41,1504.55,623077
2021-06-24 10:08:42,1504.45,623097
2021-06-24 10:08:43,1505.15,623881
2021-06-24 10:08:44,1505.25,623921
2021-06-24 10:08:45,1505.5,624030
2021-06-24 10:08:46,1505.25,624271
2021-06-24 10:08:46,1505.25,624291
2021-06-24 10:08:47,1505.4,624357
2021-06-24 10:08:48,1505.5,624413
2021-06-24 10:08:49,1505.05,624472
2021-06-24 10:08:50,1504.45,625198
2021-06-24 10:08:51,1504.25,625504
2021-06-24 10:08:53,1504.9,625723
2021-06-24 10:08:54,1504.0,626088
2021-06-24 10:08:55,1504.8,626222
2021-06-24 10:08:56,1504.85,626226
2021-06-24 10:08:57,1504.8,626407
2021-06-24 10:08:57,1503.9,627007
2021-06-24 10:08:58,1504.55,627017
2021-06-24 10:08:59,1504.8,627268
2021-06-24 10:09:00,1504.7,627633
2021-06-24 10:09:01,1504.2,628843
2021-06-24 10:09:02,1503.4,629161
2021-06-24 10:09:04,1504.5,629749
2021-06-24 10:09:05,1503.7,629899
2021-06-24 10:09:06,1503.7,629899
2021-06-24 10:09:07,1504.05,630017
2021-06-24 10:09:08,1504.2,630067
2021-06-24 10:09:09,1504.05,630187
2021-06-24 10:09:09,1504.8,630197
2021-06-24 10:09:10,1504.25,630392
2021-06-24 10:09:11,1504.05,630417
2021-06-24 10:09:12,1504.0,630726
2021-06-24 10:09:14,1504.1,630756
2021-06-24 10:09:15,1504.85,630812
2021-06-24 10:09:16,1504.55,630952
2021-06-24 10:09:17,1504.8,631007
2021-06-24 10:09:18,1503.8,631158
2021-06-24 10:09:19,1504.25,631363
2021-06-24 10:09:19,1504.95,631383
2021-06-24 10:09:20,1504.9,631394
2021-06-24 10:09:22,1504.95,631414
2021-06-24 10:09:23,1505.0,631579
2021-06-24 10:09:23,1504.95,631608
2021-06-24 10:09:24,1505.0,631686
2021-06-24 10:09:25,1505.0,631695
2021-06-24 10:09:26,1505.0,631801
2021-06-24 10:09:28,1505.0,631816
2021-06-24 10:09:30,1504.9,632032
2021-06-24 10:09:31,1505.0,632047
2021-06-24 10:09:32,1505.0,632182
2021-06-24 10:09:33,1505.0,632182
2021-06-24 10:09:34,1504.95,632214
2021-06-24 10:09:34,1504.95,632214
2021-06-24 10:09:35,1504.85,632284
2021-06-24 10:09:37,1504.7,632471
2021-06-24 10:09:38,1504.3,632517
2021-06-24 10:09:39,1504.3,632517
2021-06-24 10:09:40,1504.95,632623
2021-06-24 10:09:41,1504.35,632663
2021-06-24 10:09:41,1504.35,632663
2021-06-24 10:09:42,1504.35,632734
2021-06-24 10:09:44,1504.7,632735
2021-06-24 10:09:45,1504.7,632736
2021-06-24 10:09:46,1504.9,633540
2021-06-24 10:09:47,1504.75,633640
2021-06-24 10:09:47,1504.9,633620
2021-06-24 10:09:48,1504.9,633684
2021-06-24 10:09:50,1505.0,633929
2021-06-24 10:09:52,1505.5,635688
2021-06-24 10:09:53,1505.5,635688
2021-06-24 10:09:54,1505.1,635695
2021-06-24 10:09:55,1505.55,635737
2021-06-24 10:09:55,1505.65,635747
2021-06-24 10:09:57,1505.65,635777
2021-06-24 10:09:58,1505.65,635978
2021-06-24 10:09:59,1505.65,636019
2021-06-24 10:10:00,1506.0,636425
2021-06-24 10:10:01,1505.75,636435
2021-06-24 10:10:02,1505.95,636498
2021-06-24 10:10:03,1505.85,636574
2021-06-24 10:10:04,1505.85,636574
2021-06-24 10:10:05,1506.05,636654
2021-06-24 10:10:06,1506.05,636690
2021-06-24 10:10:07,1506.05,636690
2021-06-24 10:10:08,1506.7,636823
2021-06-24 10:10:09,1506.4,636853
2021-06-24 10:10:09,1506.75,636889
2021-06-24 10:10:10,1506.5,636983
2021-06-24 10:10:12,1506.4,637351
2021-06-24 10:10:13,1506.4,637412
2021-06-24 10:10:14,1506.4,637461
2021-06-24 10:10:15,1506.65,637880
2021-06-24 10:10:16,1506.7,637893
2021-06-24 10:10:17,1506.95,637990
2021-06-24 10:10:18,1506.85,638021
2021-06-24 10:10:19,1506.9,638417
2021-06-24 10:10:20,1507.0,638609
2021-06-24 10:10:21,1507.3,639037
2021-06-24 10:10:22,1507.35,639088
2021-06-24 10:10:23,1507.0,639167
2021-06-24 10:10:24,1507.05,639168
2021-06-24 10:10:25,1507.35,639363
2021-06-24 10:10:26,1507.35,639439
2021-06-24 10:10:27,1507.3,640501
2021-06-24 10:10:28,1507.35,640677
2021-06-24 10:10:29,1507.05,640778
2021-06-24 10:10:31,1507.5,640848
2021-06-24 10:10:32,1507.7,641159
2021-06-24 10:10:33,1507.75,641394
2021-06-24 10:10:35,1507.85,641693
2021-06-24 10:10:35,1508.0,641691
2021-06-24 10:10:36,1507.8,641865
2021-06-24 10:10:37,1507.9,642053
2021-06-24 10:10:39,1507.85,642316
2021-06-24 10:10:40,1508.0,642499
2021-06-24 10:10:41,1508.0,642610
2021-06-24 10:10:42,1508.0,643210
2021-06-24 10:10:43,1508.0,643226
2021-06-24 10:10:44,1508.0,643262
2021-06-24 10:10:45,1508.0,643421
2021-06-24 10:10:46,1508.0,644710
2021-06-24 10:10:47,1507.9,644776
2021-06-24 10:10:48,1508.0,644905
2021-06-24 10:10:49,1508.0,644956
2021-06-24 10:10:50,1508.0,644984
2021-06-24 10:10:51,1508.0,645182
2021-06-24 10:10:52,1508.1,645315
2021-06-24 10:10:52,1508.0,645432
2021-06-24 10:10:53,1508.05,645433
2021-06-24 10:10:55,1508.4,646365
2021-06-24 10:10:56,1507.65,646673
2021-06-24 10:10:57,1507.7,646681
2021-06-24 10:10:58,1507.7,646681
2021-06-24 10:10:59,1508.35,646772
2021-06-24 10:11:00,1508.4,646827
2021-06-24 10:11:01,1508.3,647299
2021-06-24 10:11:03,1508.4,647607
2021-06-24 10:11:04,1507.8,647812
2021-06-24 10:11:04,1507.8,647812
2021-06-24 10:11:05,1507.8,647860
2021-06-24 10:11:07,1508.0,648469
2021-06-24 10:11:08,1507.9,648653
2021-06-24 10:11:09,1508.0,649049
2021-06-24 10:11:10,1507.95,649154
2021-06-24 10:11:11,1507.7,649460
2021-06-24 10:11:12,1508.95,653155
2021-06-24 10:11:12,1508.7,653194
2021-06-24 10:11:14,1508.0,653459
2021-06-24 10:11:15,1508.65,653471
2021-06-24 10:11:16,1508.1,653659
2021-06-24 10:11:17,1508.0,653957
2021-06-24 10:11:18,1508.65,654172
2021-06-24 10:11:19,1508.35,654177
2021-06-24 10:11:20,1508.45,654188
2021-06-24 10:11:21,1508.65,654335
2021-06-24 10:11:23,1508.6,654920
2021-06-24 10:11:23,1508.65,654917
2021-06-24 10:11:25,1508.35,655537
2021-06-24 10:11:26,1508.05,655671
2021-06-24 10:11:27,1508.05,655693
2021-06-24 10:11:28,1508.0,656086
2021-06-24 10:11:29,1507.7,656227
2021-06-24 10:11:30,1508.0,656436
2021-06-24 10:11:31,1508.0,656548
2021-06-24 10:11:32,1508.0,656624
2021-06-24 10:11:32,1508.0,656608
2021-06-24 10:11:33,1508.05,656813
2021-06-24 10:11:35,1507.8,656883
2021-06-24 10:11:36,1508.05,657056
2021-06-24 10:11:37,1508.45,657340
2021-06-24 10:11:38,1508.35,657541
2021-06-24 10:11:39,1508.0,657651
2021-06-24 10:11:40,1508.0,657651
2021-06-24 10:11:41,1508.0,657651
2021-06-24 10:11:41,1508.0,657851
2021-06-24 10:11:43,1508.3,658398
2021-06-24 10:11:44,1508.35,658430
2021-06-24 10:11:44,1508.15,658465
2021-06-24 10:11:46,1508.0,658750
2021-06-24 10:11:47,1508.0,659180
2021-06-24 10:11:49,1508.0,659495
2021-06-24 10:11:50,1508.0,659621
2021-06-24 10:11:51,1508.0,659621
2021-06-24 10:11:51,1508.0,659621
2021-06-24 10:11:53,1507.7,659820
2021-06-24 10:11:54,1507.75,659874
2021-06-24 10:11:55,1508.0,659885
2021-06-24 10:11:56,1508.0,659920
2021-06-24 10:11:57,1508.0,659953
2021-06-24 10:11:58,1508.0,660017
2021-06-24 10:11:59,1507.95,660259
2021-06-24 10:12:00,1508.0,660295
2021-06-24 10:12:01,1508.0,660390
2021-06-24 10:12:02,1507.55,661017
2021-06-24 10:12:03,1507.55,661017
2021-06-24 10:12:04,1508.0,661057
2021-06-24 10:12:06,1507.95,661079
2021-06-24 10:12:07,1508.0,661279
2021-06-24 10:12:08,1507.95,661436
2021-06-24 10:12:09,1507.5,661715
2021-06-24 10:12:10,1508.0,661803
2021-06-24 10:12:11,1507.6,661805
2021-06-24 10:12:12,1507.95,661894
2021-06-24 10:12:13,1507.6,661898
2021-06-24 10:12:15,1507.95,662526
2021-06-24 10:12:16,1507.95,662586
2021-06-24 10:12:17,1507.0,663956
2021-06-24 10:12:18,1507.55,663986
2021-06-24 10:12:19,1507.6,664032
2021-06-24 10:12:20,1507.85,664138
2021-06-24 10:12:21,1508.0,664183
2021-06-24 10:12:22,1507.35,664217
2021-06-24 10:12:23,1507.35,664230
2021-06-24 10:12:24,1507.3,664251
2021-06-24 10:12:25,1507.35,664430
2021-06-24 10:12:26,1507.45,664437
2021-06-24 10:12:27,1507.35,664458
2021-06-24 10:12:28,1507.8,664538
2021-06-24 10:12:29,1507.9,664552
2021-06-24 10:12:30,1507.65,664746
2021-06-24 10:12:31,1507.0,665329
2021-06-24 10:12:32,1507.5,665611
2021-06-24 10:12:33,1507.65,666486
2021-06-24 10:12:34,1507.65,666486
2021-06-24 10:12:35,1507.05,666637
2021-06-24 10:12:36,1507.75,666687
2021-06-24 10:12:37,1507.75,666707
2021-06-24 10:12:38,1507.5,666715
2021-06-24 10:12:39,1507.0,666967
2021-06-24 10:12:40,1507.65,667038
2021-06-24 10:12:41,1507.7,667115
2021-06-24 10:12:43,1507.05,667246
2021-06-24 10:12:44,1507.7,667391
2021-06-24 10:12:45,1507.7,667452
2021-06-24 10:12:47,1507.7,667829
2021-06-24 10:12:48,1507.7,668096
2021-06-24 10:12:49,1507.7,668142
2021-06-24 10:12:50,1507.55,668172
2021-06-24 10:12:51,1507.5,668233
2021-06-24 10:12:52,1507.6,668396
2021-06-24 10:12:53,1507.6,668411
2021-06-24 10:12:54,1507.55,668684
2021-06-24 10:12:55,1507.6,668749
2021-06-24 10:12:56,1507.1,668848
2021-06-24 10:12:57,1507.05,668878
2021-06-24 10:12:58,1507.6,668923
2021-06-24 10:13:00,1507.0,669129
2021-06-24 10:12:59,1507.0,669129
2021-06-24 10:13:01,1507.0,669301
2021-06-24 10:13:02,1507.55,669362
2021-06-24 10:13:03,1507.05,669540
2021-06-24 10:13:05,1507.05,669597
2021-06-24 10:13:06,1507.05,669615
2021-06-24 10:13:07,1507.6,669644
2021-06-24 10:13:08,1507.5,669936
2021-06-24 10:13:09,1507.1,669971
2021-06-24 10:13:10,1507.1,669976
2021-06-24 10:13:11,1507.0,670046
2021-06-24 10:13:13,1507.0,670197
2021-06-24 10:13:14,1507.3,670253
2021-06-24 10:13:15,1507.6,670719
2021-06-24 10:13:16,1507.0,671270
2021-06-24 10:13:17,1507.55,671345
2021-06-24 10:13:18,1507.55,671423
2021-06-24 10:13:19,1507.45,672227
2021-06-24 10:13:20,1507.0,672407
2021-06-24 10:13:21,1507.0,672407
2021-06-24 10:13:22,1507.5,672408
2021-06-24 10:13:23,1507.05,672689
2021-06-24 10:13:24,1507.45,672782
2021-06-24 10:13:25,1507.0,672831
2021-06-24 10:13:26,1507.0,672917
2021-06-24 10:13:27,1507.5,672922
2021-06-24 10:13:28,1507.5,672963
2021-06-24 10:13:29,1507.5,673123
2021-06-24 10:13:30,1507.05,673488
2021-06-24 10:13:31,1507.05,673526
2021-06-24 10:13:32,1507.1,673587
2021-06-24 10:13:33,1507.05,673588
2021-06-24 10:13:34,1507.05,673618
2021-06-24 10:13:35,1507.1,673625
2021-06-24 10:13:36,1507.0,673803
2021-06-24 10:13:37,1507.0,673803
2021-06-24 10:13:38,1507.5,673874
2021-06-24 10:13:39,1507.5,674884
2021-06-24 10:13:40,1507.0,675305
2021-06-24 10:13:41,1507.05,675316
2021-06-24 10:13:42,1507.05,675492
2021-06-24 10:13:43,1507.0,675530
2021-06-24 10:13:44,1507.0,675827
2021-06-24 10:13:45,1507.0,676132
2021-06-24 10:13:46,1507.0,676132
2021-06-24 10:13:47,1507.0,676345
2021-06-24 10:13:48,1507.45,676355
2021-06-24 10:13:50,1506.9,676834
2021-06-24 10:13:49,1507.05,676402
2021-06-24 10:13:51,1507.3,676953
2021-06-24 10:13:52,1507.3,677421
2021-06-24 10:13:53,1506.5,677486
2021-06-24 10:13:54,1506.5,677490
2021-06-24 10:13:55,1506.5,677577
2021-06-24 10:13:56,1506.75,678230
2021-06-24 10:13:57,1506.8,678308
2021-06-24 10:13:58,1506.8,678380
2021-06-24 10:13:59,1506.7,678660
2021-06-24 10:14:00,1507.0,678663
2021-06-24 10:14:01,1507.0,678737
2021-06-24 10:14:03,1506.15,679001
2021-06-24 10:14:04,1506.5,679019
2021-06-24 10:14:05,1506.5,679194
2021-06-24 10:14:06,1506.05,679215
2021-06-24 10:14:07,1506.05,679215
2021-06-24 10:14:08,1506.5,679759
2021-06-24 10:14:09,1506.5,679759
2021-06-24 10:14:10,1506.1,679914
2021-06-24 10:14:11,1506.5,679918
2021-06-24 10:14:12,1506.5,680030
2021-06-24 10:14:13,1506.05,680056
2021-06-24 10:14:14,1506.5,680098
2021-06-24 10:14:15,1506.5,680102
2021-06-24 10:14:16,1506.5,680178
2021-06-24 10:14:17,1506.5,680223
2021-06-24 10:14:18,1506.05,680278
2021-06-24 10:14:20,1506.3,680280
2021-06-24 10:14:20,1506.3,680280
2021-06-24 10:14:21,1506.35,680622
2021-06-24 10:14:22,1506.0,680759
2021-06-24 10:14:23,1506.5,680842
2021-06-24 10:14:24,1506.5,680842
2021-06-24 10:14:25,1506.05,681034
2021-06-24 10:14:26,1506.5,681052
2021-06-24 10:14:27,1506.5,681675
2021-06-24 10:14:28,1506.05,681824
2021-06-24 10:14:29,1506.0,681852
2021-06-24 10:14:30,1506.05,681874
2021-06-24 10:14:31,1506.5,682116
2021-06-24 10:14:32,1506.0,682677
2021-06-24 10:14:33,1506.0,682677
2021-06-24 10:14:34,1506.45,682687
2021-06-24 10:14:35,1506.0,682722
2021-06-24 10:14:36,1506.0,682818
2021-06-24 10:14:37,1506.5,682828
2021-06-24 10:14:38,1506.5,682912
2021-06-24 10:14:39,1506.2,682921
2021-06-24 10:14:42,1506.5,683436
2021-06-24 10:14:42,1506.5,683961
2021-06-24 10:14:43,1506.5,684020
2021-06-24 10:14:44,1506.5,684023
2021-06-24 10:14:45,1506.3,684126
2021-06-24 10:14:46,1506.5,684236
2021-06-24 10:14:47,1506.5,684548
2021-06-24 10:14:48,1506.5,684607
2021-06-24 10:14:49,1506.5,684607
2021-06-24 10:14:50,1506.5,684607
2021-06-24 10:14:51,1506.45,684639
2021-06-24 10:14:52,1506.5,684740
2021-06-24 10:14:53,1506.45,684860
2021-06-24 10:14:54,1506.5,684962
2021-06-24 10:14:56,1506.45,684966
2021-06-24 10:14:56,1506.45,684966
2021-06-24 10:14:57,1506.4,684976
2021-06-24 10:14:58,1506.45,685223
2021-06-24 10:14:59,1506.5,685328
2021-06-24 10:15:00,1506.5,685578
2021-06-24 10:15:01,1506.5,685591
2021-06-24 10:15:02,1506.5,685709
2021-06-24 10:15:03,1506.5,685919
2021-06-24 10:15:04,1506.5,685922
2021-06-24 10:15:05,1506.5,685935
2021-06-24 10:15:06,1506.5,685935
2021-06-24 10:15:07,1506.5,686035
2021-06-24 10:15:08,1506.1,686129
2021-06-24 10:15:10,1506.5,686136
2021-06-24 10:15:10,1506.5,686336
2021-06-24 10:15:11,1506.1,686776
2021-06-24 10:15:12,1506.45,686813
2021-06-24 10:15:13,1506.45,687003
2021-06-24 10:15:14,1506.35,687064
2021-06-24 10:15:15,1506.35,687064
2021-06-24 10:15:16,1506.1,687071
2021-06-24 10:15:17,1506.35,687750
2021-06-24 10:15:18,1506.45,687808
2021-06-24 10:15:19,1505.6,687849
2021-06-24 10:15:20,1505.6,687961
2021-06-24 10:15:21,1505.55,687966
2021-06-24 10:15:22,1506.0,687999
2021-06-24 10:15:24,1506.1,688102
2021-06-24 10:15:25,1505.6,688154
2021-06-24 10:15:26,1505.55,688185
2021-06-24 10:15:27,1505.25,688689
2021-06-24 10:15:28,1506.05,688764
2021-06-24 10:15:29,1505.8,688801
2021-06-24 10:15:30,1505.4,688944
2021-06-24 10:15:31,1505.95,688965
2021-06-24 10:15:32,1505.4,689062
2021-06-24 10:15:33,1505.5,689123
2021-06-24 10:15:34,1505.2,689560
2021-06-24 10:15:35,1505.5,689573
2021-06-24 10:15:37,1505.0,690725
2021-06-24 10:15:36,1505.0,690712
2021-06-24 10:15:38,1505.0,691144
2021-06-24 10:15:39,1505.5,691355
2021-06-24 10:15:40,1505.0,691367
2021-06-24 10:15:41,1505.0,691367
2021-06-24 10:15:42,1505.5,691407
2021-06-24 10:15:43,1505.15,692963
2021-06-24 10:15:44,1504.95,695069
2021-06-24 10:15:45,1504.95,695069
2021-06-24 10:15:46,1505.65,695171
2021-06-24 10:15:47,1505.65,695323
2021-06-24 10:15:48,1505.0,695411
2021-06-24 10:15:49,1504.95,695431
2021-06-24 10:15:50,1505.15,695440
2021-06-24 10:15:51,1505.15,695445
2021-06-24 10:15:52,1504.7,696057
2021-06-24 10:15:53,1505.75,696661
2021-06-24 10:15:54,1505.75,696751
2021-06-24 10:15:56,1505.0,696762
2021-06-24 10:15:56,1505.65,696862
2021-06-24 10:15:57,1504.9,696907
2021-06-24 10:15:58,1504.85,696977
2021-06-24 10:15:59,1504.9,697066
2021-06-24 10:16:00,1505.6,697145
2021-06-24 10:16:02,1505.4,697506
2021-06-24 10:16:02,1505.4,697506
2021-06-24 10:16:03,1505.0,697813
2021-06-24 10:16:04,1504.6,697822
2021-06-24 10:16:05,1505.25,697824
2021-06-24 10:16:06,1504.7,698096
2021-06-24 10:16:07,1504.65,698166
2021-06-24 10:16:08,1505.45,698257
2021-06-24 10:16:09,1504.6,698579
2021-06-24 10:16:10,1505.0,698606
2021-06-24 10:16:11,1505.0,698608
2021-06-24 10:16:12,1504.6,698637
2021-06-24 10:16:13,1505.0,698643
2021-06-24 10:16:14,1505.0,698698
2021-06-24 10:16:15,1505.0,698756
2021-06-24 10:16:16,1504.65,698776
2021-06-24 10:16:17,1504.65,698776
2021-06-24 10:16:18,1505.0,698855
2021-06-24 10:16:19,1505.0,698972
2021-06-24 10:16:20,1504.4,699491
2021-06-24 10:16:21,1504.7,699646
2021-06-24 10:16:22,1505.0,699666
2021-06-24 10:16:23,1504.55,699706
2021-06-24 10:16:24,1504.55,699706
2021-06-24 10:16:25,1505.0,700251
2021-06-24 10:16:28,1504.75,700768
2021-06-24 10:16:29,1504.6,700769
2021-06-24 10:16:30,1504.1,700862
2021-06-24 10:16:31,1504.65,701022
2021-06-24 10:16:34,1504.0,702635
2021-06-24 10:16:35,1504.65,702736
2021-06-24 10:16:35,1504.65,702736
2021-06-24 10:16:36,1504.05,702906
2021-06-24 10:16:37,1504.05,702906
2021-06-24 10:16:38,1504.1,702950
2021-06-24 10:16:39,1504.1,702985
2021-06-24 10:16:40,1504.1,702993
2021-06-24 10:16:41,1504.1,703004
2021-06-24 10:16:42,1504.05,703492
2021-06-24 10:16:43,1504.05,703492
2021-06-24 10:16:44,1504.4,703943
2021-06-24 10:16:45,1504.5,704031
2021-06-24 10:16:46,1504.0,704112
2021-06-24 10:16:47,1504.0,704169
2021-06-24 10:16:49,1504.75,704429
2021-06-24 10:16:50,1504.35,704432
2021-06-24 10:16:51,1504.0,704512
2021-06-24 10:16:52,1504.0,704513
2021-06-24 10:16:53,1504.9,705023
2021-06-24 10:16:53,1504.9,705023
2021-06-24 10:16:54,1504.5,705101
2021-06-24 10:16:55,1504.0,705166
2021-06-24 10:16:56,1504.5,705284
2021-06-24 10:16:57,1504.5,705306
2021-06-24 10:16:59,1504.2,707710
2021-06-24 10:17:00,1504.2,707730
2021-06-24 10:17:01,1504.2,707730
2021-06-24 10:17:02,1504.2,707733
2021-06-24 10:17:02,1504.4,707784
2021-06-24 10:17:03,1504.4,707905
2021-06-24 10:17:04,1504.0,707913
2021-06-24 10:17:05,1504.2,707915
2021-06-24 10:17:07,1504.2,708069
2021-06-24 10:17:08,1504.2,708120
2021-06-24 10:17:10,1504.0,708144
2021-06-24 10:17:11,1504.0,708205
2021-06-24 10:17:12,1504.0,708256
2021-06-24 10:17:13,1504.2,708462
2021-06-24 10:17:13,1504.2,708462
2021-06-24 10:17:15,1504.4,708463
2021-06-24 10:17:16,1504.5,708608
2021-06-24 10:17:17,1504.2,708959
2021-06-24 10:17:18,1504.5,709013
2021-06-24 10:17:19,1504.2,709018
2021-06-24 10:17:19,1504.2,709068
2021-06-24 10:17:20,1504.2,709386
2021-06-24 10:17:21,1504.35,709393
2021-06-24 10:17:22,1504.35,709393
2021-06-24 10:17:24,1504.2,709423
2021-06-24 10:17:25,1504.35,709566
2021-06-24 10:17:26,1504.2,710131
2021-06-24 10:17:26,1504.2,709631
2021-06-24 10:17:27,1504.5,710142
2021-06-24 10:17:28,1504.5,710249
2021-06-24 10:17:29,1504.4,710350
2021-06-24 10:17:31,1504.35,710385
2021-06-24 10:17:32,1504.5,710746
2021-06-24 10:17:33,1504.5,710746
2021-06-24 10:17:33,1504.5,710746
2021-06-24 10:17:34,1504.5,711069
2021-06-24 10:17:35,1504.5,711204
2021-06-24 10:17:36,1504.45,711225
2021-06-24 10:17:38,1504.4,711415
2021-06-24 10:17:39,1504.2,711618
2021-06-24 10:17:40,1504.2,711618
2021-06-24 10:17:43,1504.2,711699
2021-06-24 10:17:44,1504.4,711709
2021-06-24 10:17:45,1504.5,711749
2021-06-24 10:17:46,1504.5,711819
2021-06-24 10:17:48,1504.5,713351
2021-06-24 10:17:49,1504.5,713432
2021-06-24 10:17:50,1504.5,713567
2021-06-24 10:17:51,1504.25,713598
2021-06-24 10:17:52,1504.4,713602
2021-06-24 10:17:53,1504.4,713604
2021-06-24 10:17:54,1504.5,713754
2021-06-24 10:17:54,1504.35,713774
2021-06-24 10:17:55,1504.5,713920
2021-06-24 10:17:56,1504.5,713932
2021-06-24 10:17:58,1504.2,714011
2021-06-24 10:17:59,1504.5,714055
2021-06-24 10:18:00,1504.5,714131
2021-06-24 10:18:01,1504.5,714131
2021-06-24 10:18:02,1504.35,714161
2021-06-24 10:18:03,1504.5,714171
2021-06-24 10:18:04,1504.35,714226
2021-06-24 10:18:05,1504.2,714278
2021-06-24 10:18:06,1504.2,714278
2021-06-24 10:18:07,1504.5,714425
2021-06-24 10:18:08,1504.5,714431
2021-06-24 10:18:09,1504.25,714493
2021-06-24 10:18:09,1504.25,714493
2021-06-24 10:18:10,1504.5,714498
2021-06-24 10:18:11,1504.5,714499
2021-06-24 10:18:12,1504.5,714579
2021-06-24 10:18:13,1504.5,714646
2021-06-24 10:18:14,1504.5,714656
2021-06-24 10:18:17,1504.5,714787
2021-06-24 10:18:18,1504.5,714841
2021-06-24 10:18:18,1504.5,714841
2021-06-24 10:18:19,1504.45,714882
2021-06-24 10:18:20,1504.5,714903
2021-06-24 10:18:21,1504.45,714978
2021-06-24 10:18:22,1504.4,715085
2021-06-24 10:18:23,1504.4,715103
2021-06-24 10:18:24,1504.5,715235
2021-06-24 10:18:25,1504.5,715236
2021-06-24 10:18:26,1504.5,715236
2021-06-24 10:18:27,1504.5,715461
2021-06-24 10:18:29,1504.3,715734
2021-06-24 10:18:30,1504.55,715785
2021-06-24 10:18:31,1504.5,715969
2021-06-24 10:18:31,1504.5,716192
2021-06-24 10:18:32,1504.7,716206
2021-06-24 10:18:33,1504.7,716415
2021-06-24 10:18:35,1504.55,716421
2021-06-24 10:18:36,1504.7,716545
2021-06-24 10:18:37,1504.7,716575
2021-06-24 10:18:38,1504.7,716575
2021-06-24 10:18:38,1504.7,716641
2021-06-24 10:18:39,1504.7,716650
2021-06-24 10:18:41,1504.7,716763
2021-06-24 10:18:41,1504.55,716788
2021-06-24 10:18:43,1504.55,716945
2021-06-24 10:18:44,1504.45,717345
2021-06-24 10:18:45,1504.65,717362
2021-06-24 10:18:46,1504.7,717382
2021-06-24 10:18:48,1504.7,717483
2021-06-24 10:18:49,1504.7,717524
2021-06-24 10:18:49,1504.7,717529
2021-06-24 10:18:51,1504.65,717661
2021-06-24 10:18:52,1504.7,717662
2021-06-24 10:18:53,1504.7,718046
2021-06-24 10:18:54,1504.7,718124
2021-06-24 10:18:55,1504.65,718148
2021-06-24 10:18:56,1504.65,718318
2021-06-24 10:18:57,1504.7,718327
2021-06-24 10:18:58,1504.7,718381
2021-06-24 10:19:00,1504.7,718634
2021-06-24 10:19:01,1504.7,718734
2021-06-24 10:19:02,1504.75,719508
2021-06-24 10:19:03,1504.7,719532
2021-06-24 10:19:04,1504.7,719764
2021-06-24 10:19:05,1504.7,719794
2021-06-24 10:19:05,1504.7,719795
2021-06-24 10:19:06,1504.7,719828
2021-06-24 10:19:07,1504.9,720078
2021-06-24 10:19:09,1504.95,720174
2021-06-24 10:19:09,1504.65,720178
2021-06-24 10:19:11,1504.7,720274
2021-06-24 10:19:12,1504.95,720298
2021-06-24 10:19:13,1505.0,721212
2021-06-24 10:19:13,1505.0,721527
2021-06-24 10:19:14,1505.0,721654
2021-06-24 10:19:15,1504.7,721742
2021-06-24 10:19:16,1504.95,721852
2021-06-24 10:19:18,1504.95,721994
2021-06-24 10:19:19,1505.0,722189
2021-06-24 10:19:20,1505.0,722189
2021-06-24 10:19:21,1505.0,722190
2021-06-24 10:19:22,1505.0,722429
2021-06-24 10:19:22,1505.0,722430
2021-06-24 10:19:23,1504.75,722507
2021-06-24 10:19:24,1505.0,722888
2021-06-24 10:19:25,1505.0,722888
2021-06-24 10:19:28,1505.0,723064
2021-06-24 10:19:29,1505.0,723138
2021-06-24 10:19:30,1505.0,723188
2021-06-24 10:19:31,1505.0,723388
2021-06-24 10:19:32,1505.0,723475
2021-06-24 10:19:32,1505.0,723475
2021-06-24 10:19:33,1504.85,723591
2021-06-24 10:19:34,1505.0,723600
2021-06-24 10:19:35,1504.85,723701
2021-06-24 10:19:37,1505.0,724074
2021-06-24 10:19:38,1504.85,724131
2021-06-24 10:19:39,1504.85,724220
2021-06-24 10:19:41,1505.1,724290
2021-06-24 10:19:42,1505.45,724566
2021-06-24 10:19:42,1505.4,724416
2021-06-24 10:19:43,1505.45,724587
2021-06-24 10:19:44,1505.5,724629
2021-06-24 10:19:45,1505.5,724630
2021-06-24 10:19:46,1505.5,724630
2021-06-24 10:19:47,1505.5,725046
2021-06-24 10:19:48,1505.45,725250
2021-06-24 10:19:49,1505.5,725364
2021-06-24 10:19:51,1505.5,725379
2021-06-24 10:19:52,1505.3,726711
2021-06-24 10:19:53,1505.3,726886
2021-06-24 10:19:54,1505.3,727166
2021-06-24 10:19:55,1505.5,727359
2021-06-24 10:19:56,1505.5,727359
2021-06-24 10:19:57,1505.45,727387
2021-06-24 10:19:58,1505.5,727509
2021-06-24 10:19:59,1505.5,727624
2021-06-24 10:20:00,1505.45,727653
2021-06-24 10:20:01,1505.5,727809
2021-06-24 10:20:03,1505.5,727921
2021-06-24 10:20:04,1505.5,727983
2021-06-24 10:20:05,1505.5,728074
2021-06-24 10:20:07,1505.0,728583
2021-06-24 10:20:08,1505.5,728700
2021-06-24 10:20:10,1505.5,728908
2021-06-24 10:20:10,1505.5,729120
2021-06-24 10:20:11,1505.5,729256
2021-06-24 10:20:12,1505.0,729457
2021-06-24 10:20:14,1505.5,729557
2021-06-24 10:20:15,1505.5,729687
2021-06-24 10:20:17,1505.5,730039
2021-06-24 10:20:17,1505.5,730039
2021-06-24 10:20:18,1505.5,730165
2021-06-24 10:20:19,1505.95,730328
2021-06-24 10:20:20,1506.0,730560
2021-06-24 10:20:22,1506.0,730625
2021-06-24 10:20:23,1506.0,731127
2021-06-24 10:20:24,1506.0,731221
2021-06-24 10:20:26,1505.5,731681
2021-06-24 10:20:26,1505.5,731682
2021-06-24 10:20:27,1505.5,731682
2021-06-24 10:20:29,1506.0,732045
2021-06-24 10:20:30,1506.0,732324
2021-06-24 10:20:31,1506.0,732566
2021-06-24 10:20:32,1506.0,732732
2021-06-24 10:20:33,1506.0,732974
2021-06-24 10:20:33,1506.0,732974
2021-06-24 10:20:34,1506.0,733040
2021-06-24 10:20:35,1506.0,733403
2021-06-24 10:20:36,1506.0,733454
2021-06-24 10:20:37,1505.75,733620
2021-06-24 10:20:38,1505.95,734285
2021-06-24 10:20:40,1505.95,734353
2021-06-24 10:20:41,1505.95,734355
2021-06-24 10:20:42,1505.8,734390
2021-06-24 10:20:43,1506.0,734445
2021-06-24 10:20:44,1506.0,734492
2021-06-24 10:20:44,1505.95,734493
2021-06-24 10:20:46,1505.8,734649
2021-06-24 10:20:47,1506.0,734897
2021-06-24 10:20:48,1506.0,734923
2021-06-24 10:20:49,1506.0,735153
2021-06-24 10:20:50,1505.8,735213
2021-06-24 10:20:52,1505.8,735377
2021-06-24 10:20:53,1506.0,735665
2021-06-24 10:20:54,1506.0,735861
2021-06-24 10:20:55,1506.4,736072
2021-06-24 10:20:57,1506.0,736249
2021-06-24 10:20:58,1506.0,736581
2021-06-24 10:20:59,1506.25,737408
2021-06-24 10:21:00,1506.35,737532
2021-06-24 10:21:01,1506.15,738203
2021-06-24 10:21:01,1505.5,738142
2021-06-24 10:21:02,1506.0,738258
2021-06-24 10:21:04,1506.0,738313
2021-06-24 10:21:05,1506.5,738627
2021-06-24 10:21:06,1506.0,738837
2021-06-24 10:21:07,1505.85,738842
2021-06-24 10:21:08,1506.3,739216
2021-06-24 10:21:08,1506.1,739219
2021-06-24 10:21:09,1505.5,739794
2021-06-24 10:21:11,1505.4,741230
2021-06-24 10:21:12,1505.35,742896
2021-06-24 10:21:13,1505.35,742902
2021-06-24 10:21:14,1505.7,743533
2021-06-24 10:21:15,1505.0,744155
2021-06-24 10:21:16,1505.0,744183
2021-06-24 10:21:16,1505.0,744248
2021-06-24 10:21:17,1505.0,744272
2021-06-24 10:21:19,1505.0,744388
2021-06-24 10:21:20,1505.9,744825
2021-06-24 10:21:21,1505.1,744889
2021-06-24 10:21:22,1505.75,745388
2021-06-24 10:21:23,1505.75,745413
2021-06-24 10:21:24,1505.1,745423
2021-06-24 10:21:24,1505.1,745500
2021-06-24 10:21:26,1505.1,745868
2021-06-24 10:21:27,1505.1,746115
2021-06-24 10:21:28,1505.75,746230
2021-06-24 10:21:29,1505.5,746252
2021-06-24 10:21:30,1505.3,746452
2021-06-24 10:21:31,1505.5,746594
2021-06-24 10:21:34,1505.75,747096
2021-06-24 10:21:35,1505.75,747106
2021-06-24 10:21:36,1505.35,747630
2021-06-24 10:21:37,1506.05,747690
2021-06-24 10:21:38,1505.35,747738
2021-06-24 10:21:39,1506.1,747850
2021-06-24 10:21:39,1506.1,747848
2021-06-24 10:21:41,1506.15,747990
2021-06-24 10:21:42,1506.15,747991
2021-06-24 10:21:43,1505.6,748005
2021-06-24 10:21:45,1505.4,748125
2021-06-24 10:21:46,1506.1,748151
2021-06-24 10:21:47,1506.1,748241
2021-06-24 10:21:48,1506.0,748297
2021-06-24 10:21:49,1506.0,748412
2021-06-24 10:21:50,1506.0,748412
2021-06-24 10:21:51,1506.0,748412
2021-06-24 10:21:52,1506.0,748612
2021-06-24 10:21:53,1506.0,748622
2021-06-24 10:21:54,1506.0,748735
2021-06-24 10:21:55,1505.65,748736
2021-06-24 10:21:56,1506.0,748769
2021-06-24 10:21:57,1505.65,748784
2021-06-24 10:21:58,1506.0,748840
2021-06-24 10:21:59,1506.0,748916
2021-06-24 10:22:00,1506.0,748916
2021-06-24 10:22:01,1505.9,748917
2021-06-24 10:22:02,1506.0,749019
2021-06-24 10:22:03,1505.9,749073
2021-06-24 10:22:04,1506.0,749105
2021-06-24 10:22:04,1506.0,749084
2021-06-24 10:22:05,1505.95,749487
2021-06-24 10:22:06,1505.75,750047
2021-06-24 10:22:09,1505.8,750094
2021-06-24 10:22:08,1505.15,750051
2021-06-24 10:22:10,1505.1,750365
2021-06-24 10:22:11,1505.65,750497
2021-06-24 10:22:12,1504.95,752175
2021-06-24 10:22:13,1505.35,752416
2021-06-24 10:22:14,1505.35,752416
2021-06-24 10:22:14,1505.3,752641
2021-06-24 10:22:15,1505.5,753151
2021-06-24 10:22:16,1505.5,754326
2021-06-24 10:22:17,1504.8,754347
2021-06-24 10:22:18,1505.0,754398
2021-06-24 10:22:20,1505.0,754951
2021-06-24 10:22:21,1504.95,755113
2021-06-24 10:22:22,1504.95,755113
2021-06-24 10:22:23,1505.0,755123
2021-06-24 10:22:24,1504.25,755126
2021-06-24 10:22:25,1505.0,755284
2021-06-24 10:22:25,1505.0,755287
2021-06-24 10:22:26,1505.0,755307
2021-06-24 10:22:27,1505.0,755312
2021-06-24 10:22:29,1505.0,755379
2021-06-24 10:22:30,1504.7,755442
2021-06-24 10:22:31,1504.3,755443
2021-06-24 10:22:32,1504.95,755503
2021-06-24 10:22:33,1505.0,755857
2021-06-24 10:22:34,1504.95,755927
2021-06-24 10:22:35,1504.25,755943
2021-06-24 10:22:36,1505.0,755955
2021-06-24 10:22:37,1505.0,755959
2021-06-24 10:22:38,1504.25,756170
2021-06-24 10:22:39,1504.2,756219
2021-06-24 10:22:41,1504.7,757382
2021-06-24 10:22:43,1504.1,757483
2021-06-24 10:22:44,1504.0,757505
2021-06-24 10:22:45,1504.0,758313
2021-06-24 10:22:46,1504.65,758389
2021-06-24 10:22:47,1504.55,758531
2021-06-24 10:22:48,1504.7,758636
2021-06-24 10:22:49,1504.7,758647
2021-06-24 10:22:50,1503.7,758663
2021-06-24 10:22:50,1503.7,758663
2021-06-24 10:22:51,1504.0,758756
2021-06-24 10:22:53,1504.6,758818
2021-06-24 10:22:54,1504.65,758912
2021-06-24 10:22:55,1504.65,758912
2021-06-24 10:22:55,1504.55,759325
2021-06-24 10:22:57,1504.55,759333
2021-06-24 10:22:58,1504.7,759403
2021-06-24 10:22:59,1504.7,759474
2021-06-24 10:23:00,1503.4,761962
2021-06-24 10:23:01,1504.0,761965
2021-06-24 10:23:02,1504.0,762080
2021-06-24 10:23:03,1503.75,762278
2021-06-24 10:23:04,1503.75,762278
2021-06-24 10:23:05,1503.75,762278
2021-06-24 10:23:06,1503.6,762378
2021-06-24 10:23:07,1504.4,762423
2021-06-24 10:23:08,1504.4,762445
2021-06-24 10:23:09,1503.6,762516
2021-06-24 10:23:10,1503.6,762516
2021-06-24 10:23:11,1504.45,762686
2021-06-24 10:23:12,1504.45,762686
2021-06-24 10:23:13,1504.55,762887
2021-06-24 10:23:15,1503.65,763120
2021-06-24 10:23:16,1504.5,763124
2021-06-24 10:23:17,1504.0,763448
2021-06-24 10:23:18,1504.4,763596
2021-06-24 10:23:19,1504.1,763597
2021-06-24 10:23:20,1504.3,763745
2021-06-24 10:23:21,1503.65,763815
2021-06-24 10:23:22,1503.7,763865
2021-06-24 10:23:23,1504.0,764005
2021-06-24 10:23:24,1504.0,764010
2021-06-24 10:23:25,1503.75,764088
2021-06-24 10:23:26,1503.6,764119
2021-06-24 10:23:27,1503.75,764179
2021-06-24 10:23:28,1503.6,764212
2021-06-24 10:23:29,1503.75,764273
2021-06-24 10:23:30,1504.0,764318
2021-06-24 10:23:31,1503.8,764371
2021-06-24 10:23:32,1503.8,764436
2021-06-24 10:23:33,1503.75,764491
2021-06-24 10:23:34,1504.0,764494
2021-06-24 10:23:35,1504.0,764504
2021-06-24 10:23:36,1504.0,764581
2021-06-24 10:23:37,1504.0,764581
2021-06-24 10:23:39,1504.0,764624
2021-06-24 10:23:40,1504.0,764625
2021-06-24 10:23:41,1504.0,764785
2021-06-24 10:23:42,1504.0,764795
2021-06-24 10:23:43,1504.0,764805
2021-06-24 10:23:44,1504.0,764858
2021-06-24 10:23:45,1504.0,764858
2021-06-24 10:23:46,1503.75,765055
2021-06-24 10:23:47,1503.75,767027
2021-06-24 10:23:48,1504.0,767068
2021-06-24 10:23:49,1503.65,767208
2021-06-24 10:23:50,1503.8,767457
2021-06-24 10:23:51,1504.05,767540
2021-06-24 10:23:52,1504.1,767582
2021-06-24 10:23:53,1504.1,767583
2021-06-24 10:23:54,1504.5,767705
2021-06-24 10:23:55,1503.95,767715
2021-06-24 10:23:56,1504.5,767722
2021-06-24 10:23:57,1504.5,767858
2021-06-24 10:23:58,1504.5,767901
2021-06-24 10:23:59,1504.5,768001
2021-06-24 10:24:00,1504.55,768155
2021-06-24 10:24:02,1504.9,768256
2021-06-24 10:24:03,1504.9,768270
2021-06-24 10:24:04,1504.9,768270
2021-06-24 10:24:05,1504.55,768280
2021-06-24 10:24:06,1504.9,768291
2021-06-24 10:24:07,1504.55,768313
2021-06-24 10:24:08,1504.55,768388
2021-06-24 10:24:09,1504.9,768439
2021-06-24 10:24:10,1505.0,768708
2021-06-24 10:24:11,1505.0,768769
2021-06-24 10:24:12,1504.9,768784
2021-06-24 10:24:13,1504.9,768794
2021-06-24 10:24:14,1504.9,768860
2021-06-24 10:24:15,1504.9,768885
2021-06-24 10:24:16,1505.0,769102
2021-06-24 10:24:17,1505.0,769185
2021-06-24 10:24:18,1505.0,769426
2021-06-24 10:24:19,1505.0,769426
2021-06-24 10:24:20,1505.0,769479
2021-06-24 10:24:21,1505.0,769481
2021-06-24 10:24:22,1505.0,769481
2021-06-24 10:24:23,1505.0,769481
2021-06-24 10:24:24,1504.95,769554
2021-06-24 10:24:25,1505.0,770080
2021-06-24 10:24:27,1505.4,770192
2021-06-24 10:24:28,1505.4,770229
2021-06-24 10:24:30,1505.4,770275
2021-06-24 10:24:31,1504.95,770870
2021-06-24 10:24:32,1505.35,770900
2021-06-24 10:24:33,1505.4,770921
2021-06-24 10:24:34,1505.4,770922
2021-06-24 10:24:35,1505.4,770937
2021-06-24 10:24:36,1505.4,770946
2021-06-24 10:24:37,1505.0,770967
2021-06-24 10:24:38,1505.0,770967
2021-06-24 10:24:39,1505.4,771124
2021-06-24 10:24:40,1505.4,771126
2021-06-24 10:24:41,1505.0,771520
2021-06-24 10:24:42,1505.0,771620
2021-06-24 10:24:43,1505.0,771620
2021-06-24 10:24:44,1505.8,771645
2021-06-24 10:24:45,1505.8,771705
2021-06-24 10:24:46,1505.8,771770
2021-06-24 10:24:47,1505.8,771832
2021-06-24 10:24:48,1505.4,771995
2021-06-24 10:24:49,1505.35,772142
2021-06-24 10:24:50,1505.95,772215
2021-06-24 10:24:51,1505.95,772215
2021-06-24 10:24:52,1505.0,772517
2021-06-24 10:24:53,1505.95,772578
2021-06-24 10:24:54,1505.95,772578
2021-06-24 10:24:55,1505.8,772602
2021-06-24 10:24:56,1505.85,772604
2021-06-24 10:24:57,1505.85,772606
2021-06-24 10:24:58,1505.65,772673
2021-06-24 10:24:59,1506.0,772719
2021-06-24 10:25:00,1506.0,772776
2021-06-24 10:25:01,1506.0,772867
2021-06-24 10:25:02,1506.0,772938
2021-06-24 10:25:03,1506.0,773045
2021-06-24 10:25:04,1506.0,776419
2021-06-24 10:25:05,1506.0,776419
2021-06-24 10:25:06,1505.55,776429
2021-06-24 10:25:07,1506.1,776435
2021-06-24 10:25:08,1506.2,776461
2021-06-24 10:25:10,1506.5,776703
2021-06-24 10:25:11,1506.1,776797
2021-06-24 10:25:12,1506.1,776797
2021-06-24 10:25:13,1506.5,776802
2021-06-24 10:25:14,1506.5,776802
2021-06-24 10:25:15,1506.5,778919
2021-06-24 10:25:16,1506.5,779034
2021-06-24 10:25:17,1506.5,779094
2021-06-24 10:25:18,1506.5,779269
2021-06-24 10:25:19,1506.5,779564
2021-06-24 10:25:20,1506.5,779571
2021-06-24 10:25:21,1506.5,779571
2021-06-24 10:25:22,1506.5,779693
2021-06-24 10:25:23,1506.0,779993
2021-06-24 10:25:24,1506.0,779993
2021-06-24 10:25:25,1506.5,780078
2021-06-24 10:25:26,1506.5,780078
2021-06-24 10:25:27,1506.5,780136
2021-06-24 10:25:28,1506.5,780315
2021-06-24 10:25:29,1506.5,781271
2021-06-24 10:25:30,1506.5,781271
2021-06-24 10:25:31,1506.5,782709
2021-06-24 10:25:33,1506.25,782752
2021-06-24 10:25:33,1506.95,782853
2021-06-24 10:25:35,1506.05,782924
2021-06-24 10:25:36,1506.5,783155
2021-06-24 10:25:37,1506.5,783314
2021-06-24 10:25:39,1506.85,783414
2021-06-24 10:25:40,1507.0,783561
2021-06-24 10:25:41,1506.05,783746
2021-06-24 10:25:43,1506.5,783771
2021-06-24 10:25:43,1506.85,784134
2021-06-24 10:25:44,1506.5,785263
2021-06-24 10:25:45,1505.85,787034
2021-06-24 10:25:46,1505.1,787294
2021-06-24 10:25:47,1505.6,787461
2021-06-24 10:25:49,1505.6,787629
2021-06-24 10:25:49,1505.6,787629
2021-06-24 10:25:50,1505.0,787679
2021-06-24 10:25:51,1505.0,787692
2021-06-24 10:25:53,1505.8,787700
2021-06-24 10:25:53,1505.8,787700
2021-06-24 10:25:54,1505.85,787825
2021-06-24 10:25:55,1506.0,787845
2021-06-24 10:25:56,1505.85,788052
2021-06-24 10:25:57,1505.85,788062
2021-06-24 10:25:58,1506.25,788303
2021-06-24 10:25:59,1506.05,788386
2021-06-24 10:26:01,1506.5,788491
2021-06-24 10:26:01,1506.0,788493
2021-06-24 10:26:02,1506.5,788625
2021-06-24 10:26:03,1505.85,788645
2021-06-24 10:26:04,1506.45,788647
2021-06-24 10:26:05,1506.45,788647
2021-06-24 10:26:06,1506.45,788762
2021-06-24 10:26:07,1506.4,788793
2021-06-24 10:26:08,1506.4,788854
2021-06-24 10:26:09,1506.55,788884
2021-06-24 10:26:10,1506.55,788997
2021-06-24 10:26:12,1506.0,788999
2021-06-24 10:26:12,1506.0,788999
2021-06-24 10:26:13,1506.0,789055
2021-06-24 10:26:14,1506.0,789816
2021-06-24 10:26:15,1506.0,789905
2021-06-24 10:26:16,1506.0,790305
2021-06-24 10:26:17,1506.0,790723
2021-06-24 10:26:18,1506.0,790980
2021-06-24 10:26:19,1506.0,790991
2021-06-24 10:26:20,1505.4,791165
2021-06-24 10:26:21,1505.5,791366
2021-06-24 10:26:22,1506.0,791431
2021-06-24 10:26:23,1506.0,791481
2021-06-24 10:26:24,1505.5,791576
2021-06-24 10:26:25,1505.3,791580
2021-06-24 10:26:26,1506.0,791610
2021-06-24 10:26:27,1506.3,791824
2021-06-24 10:26:28,1506.9,791915
2021-06-24 10:26:30,1506.15,792150
2021-06-24 10:26:29,1506.5,792140
2021-06-24 10:26:31,1506.3,792240
2021-06-24 10:26:32,1506.95,792291
2021-06-24 10:26:33,1506.95,792341
2021-06-24 10:26:34,1506.6,792342
2021-06-24 10:26:35,1507.0,792457
2021-06-24 10:26:36,1506.95,792471
2021-06-24 10:26:37,1506.35,792472
2021-06-24 10:26:38,1506.95,792663
2021-06-24 10:26:39,1506.95,792773
2021-06-24 10:26:40,1506.95,792773
2021-06-24 10:26:41,1506.95,792814
2021-06-24 10:26:42,1506.95,792815
2021-06-24 10:26:43,1506.65,792915
2021-06-24 10:26:44,1507.0,793863
2021-06-24 10:26:45,1507.45,795400
2021-06-24 10:26:46,1507.4,795509
2021-06-24 10:26:47,1507.5,796595
2021-06-24 10:26:48,1507.5,796704
2021-06-24 10:26:49,1507.15,796707
2021-06-24 10:26:50,1507.5,796930
2021-06-24 10:26:51,1507.35,797117
2021-06-24 10:26:52,1506.9,797135
