timestamp,ltp,volume
2021-06-24 09:34:38,782.4,301546
2021-06-24 09:34:42,783.0,302628
2021-06-24 09:34:47,782.8,303544
2021-06-24 09:34:51,782.95,303640
2021-06-24 09:34:55,782.95,303660
2021-06-24 09:34:59,783.35,305885
2021-06-24 09:35:04,783.25,306491
2021-06-24 09:35:09,783.3,307880
2021-06-24 09:35:14,783.45,308003
2021-06-24 09:35:18,783.25,308607
2021-06-24 09:35:23,783.25,309033
2021-06-24 09:35:27,783.25,310199
2021-06-24 09:35:32,783.2,310484
2021-06-24 09:35:37,783.25,311261
2021-06-24 09:35:41,783.1,311823
2021-06-24 09:35:45,782.9,312567
2021-06-24 09:35:50,782.6,313004
2021-06-24 09:35:59,782.85,313240
2021-06-24 09:36:03,782.2,315028
2021-06-24 09:36:08,782.6,315266
2021-06-24 09:36:12,782.55,315475
2021-06-24 09:36:16,782.2,315830
2021-06-24 09:36:20,782.45,316021
2021-06-24 09:36:25,782.3,316049
2021-06-24 09:36:29,782.45,316349
2021-06-24 09:36:33,782.45,316544
2021-06-24 09:36:37,782.2,316753
2021-06-24 09:36:41,782.0,317315
2021-06-24 09:36:45,782.3,317340
2021-06-24 09:36:45,782.3,317340
2021-06-24 09:36:46,782.0,317374
2021-06-24 09:36:47,782.3,317586
2021-06-24 09:36:48,782.3,317586
2021-06-24 09:36:49,782.3,317586
2021-06-24 09:36:51,782.3,318096
2021-06-24 09:36:51,782.35,318863
2021-06-24 09:36:52,782.15,318913
2021-06-24 09:36:53,782.15,318914
2021-06-24 09:36:55,782.3,319015
2021-06-24 09:36:55,782.15,319016
2021-06-24 09:36:57,782.15,319026
2021-06-24 09:36:59,782.15,319026
2021-06-24 09:37:00,782.15,319026
2021-06-24 09:37:01,782.0,319076
2021-06-24 09:37:03,782.0,322866
2021-06-24 09:37:05,782.0,323443
2021-06-24 09:37:06,782.0,323544
2021-06-24 09:37:06,782.0,323544
2021-06-24 09:37:07,782.0,323554
2021-06-24 09:37:08,782.0,323579
2021-06-24 09:37:10,782.0,323579
2021-06-24 09:37:11,782.0,323629
2021-06-24 09:37:12,781.6,323679
2021-06-24 09:37:13,782.0,323779
2021-06-24 09:37:14,782.0,323779
2021-06-24 09:37:15,781.75,323824
2021-06-24 09:37:16,781.75,323824
2021-06-24 09:37:17,781.75,323825
2021-06-24 09:37:18,782.15,324897
2021-06-24 09:37:19,782.0,324943
2021-06-24 09:37:20,782.2,325207
2021-06-24 09:37:21,782.2,325207
2021-06-24 09:37:22,782.2,325207
2021-06-24 09:37:23,782.2,325207
2021-06-24 09:37:23,782.2,325207
2021-06-24 09:37:25,782.15,325257
2021-06-24 09:37:26,782.15,325257
2021-06-24 09:37:27,782.05,325259
2021-06-24 09:37:28,782.05,325259
2021-06-24 09:37:29,782.05,325259
2021-06-24 09:37:32,782.1,326434
2021-06-24 09:37:33,782.1,326434
2021-06-24 09:37:34,782.1,326434
2021-06-24 09:37:35,782.5,326435
2021-06-24 09:37:35,782.5,326445
2021-06-24 09:37:37,782.4,326495
2021-06-24 09:37:37,782.4,326495
2021-06-24 09:37:38,782.4,326495
2021-06-24 09:37:39,782.4,326495
2021-06-24 09:37:41,782.1,326502
2021-06-24 09:37:42,782.05,326552
2021-06-24 09:37:43,782.4,326752
2021-06-24 09:37:44,782.1,326888
2021-06-24 09:37:45,782.05,326902
2021-06-24 09:37:46,782.05,326902
2021-06-24 09:37:47,782.05,326902
2021-06-24 09:37:48,782.05,326902
2021-06-24 09:37:49,782.3,326952
2021-06-24 09:37:50,782.05,326953
2021-06-24 09:37:52,782.25,326960
2021-06-24 09:37:54,782.05,327010
2021-06-24 09:37:55,782.05,327060
2021-06-24 09:37:56,782.05,327154
2021-06-24 09:37:58,782.0,327197
2021-06-24 09:37:57,782.05,327154
2021-06-24 09:37:59,782.0,327369
2021-06-24 09:38:00,782.0,327601
2021-06-24 09:38:01,782.05,327857
2021-06-24 09:38:02,782.15,328562
2021-06-24 09:38:03,782.45,329294
2021-06-24 09:38:04,782.45,329294
2021-06-24 09:38:05,782.45,329294
2021-06-24 09:38:05,782.6,329299
2021-06-24 09:38:07,782.5,329324
2021-06-24 09:38:08,782.5,331826
2021-06-24 09:38:09,782.45,331846
2021-06-24 09:38:10,782.9,332929
2021-06-24 09:38:11,782.6,333003
2021-06-24 09:38:11,782.6,333003
2021-06-24 09:38:12,782.6,333003
2021-06-24 09:38:14,782.6,333003
2021-06-24 09:38:15,782.9,333036
2021-06-24 09:38:16,782.6,333056
2021-06-24 09:38:17,782.9,333057
2021-06-24 09:38:18,782.6,333072
2021-06-24 09:38:19,782.9,333073
2021-06-24 09:38:20,782.6,334142
2021-06-24 09:38:21,782.6,334152
2021-06-24 09:38:22,782.6,334239
2021-06-24 09:38:23,782.6,334239
2021-06-24 09:38:23,782.6,334239
2021-06-24 09:38:24,782.7,334294
2021-06-24 09:38:26,782.6,334321
2021-06-24 09:38:27,782.6,334812
2021-06-24 09:38:28,782.75,335041
2021-06-24 09:38:29,782.6,335056
2021-06-24 09:38:30,782.6,335056
2021-06-24 09:38:31,782.6,335056
2021-06-24 09:38:32,782.6,335199
2021-06-24 09:38:33,782.6,335199
2021-06-24 09:38:34,782.7,335249
2021-06-24 09:38:35,782.7,335252
2021-06-24 09:38:36,782.6,335257
2021-06-24 09:38:37,782.6,335267
2021-06-24 09:38:38,782.6,335267
2021-06-24 09:38:39,782.7,335268
2021-06-24 09:38:41,782.7,335368
2021-06-24 09:38:42,782.7,335416
2021-06-24 09:38:43,782.75,335423
2021-06-24 09:38:44,782.7,335523
2021-06-24 09:38:45,782.7,335523
2021-06-24 09:38:45,782.7,335523
2021-06-24 09:38:46,782.7,335523
2021-06-24 09:38:47,782.7,335523
2021-06-24 09:38:49,782.7,335523
2021-06-24 09:38:50,782.7,335523
2021-06-24 09:38:51,782.75,335573
2021-06-24 09:38:51,782.7,335603
2021-06-24 09:38:52,782.7,335653
2021-06-24 09:38:53,782.7,335719
2021-06-24 09:38:54,782.7,335721
2021-06-24 09:38:55,782.7,335721
2021-06-24 09:38:56,782.7,337130
2021-06-24 09:38:57,782.45,337184
2021-06-24 09:38:58,782.65,337204
2021-06-24 09:38:59,782.65,337206
2021-06-24 09:39:00,782.65,337257
2021-06-24 09:39:01,782.65,337329
2021-06-24 09:39:02,782.45,337333
2021-06-24 09:39:03,782.65,337444
2021-06-24 09:39:05,782.65,337501
2021-06-24 09:39:07,782.65,337521
2021-06-24 09:39:06,782.65,337521
2021-06-24 09:39:08,782.65,337521
2021-06-24 09:39:09,782.65,337521
2021-06-24 09:39:10,782.65,337696
2021-06-24 09:39:10,782.65,337737
2021-06-24 09:39:11,782.65,337742
2021-06-24 09:39:12,782.75,337753
2021-06-24 09:39:14,782.65,337797
2021-06-24 09:39:15,782.65,337797
2021-06-24 09:39:16,782.45,337837
2021-06-24 09:39:17,782.65,337842
2021-06-24 09:39:18,782.65,337852
2021-06-24 09:39:19,782.65,337852
2021-06-24 09:39:20,782.45,337952
2021-06-24 09:39:21,782.45,337952
2021-06-24 09:39:22,782.65,337962
2021-06-24 09:39:23,782.65,337964
2021-06-24 09:39:24,782.65,337964
2021-06-24 09:39:25,782.65,337964
2021-06-24 09:39:26,782.65,337967
2021-06-24 09:39:26,782.25,338217
2021-06-24 09:39:27,782.25,338217
2021-06-24 09:39:29,782.25,338217
2021-06-24 09:39:29,782.45,338227
2021-06-24 09:39:31,782.45,338228
2021-06-24 09:39:32,782.45,338238
2021-06-24 09:39:33,782.45,338238
2021-06-24 09:39:34,782.45,338239
2021-06-24 09:39:35,782.45,338239
2021-06-24 09:39:36,782.45,338239
2021-06-24 09:39:37,782.45,338239
2021-06-24 09:39:38,782.45,338239
2021-06-24 09:39:39,782.45,338239
2021-06-24 09:39:40,782.45,338289
2021-06-24 09:39:42,782.45,338399
2021-06-24 09:39:43,782.25,338635
2021-06-24 09:39:44,782.25,338635
2021-06-24 09:39:45,782.05,339368
2021-06-24 09:39:46,782.05,339368
2021-06-24 09:39:47,782.25,339438
2021-06-24 09:39:48,782.25,339438
2021-06-24 09:39:49,782.25,339439
2021-06-24 09:39:50,782.2,339548
2021-06-24 09:39:52,782.2,339629
2021-06-24 09:39:53,782.2,339629
2021-06-24 09:39:54,782.2,339680
2021-06-24 09:39:55,782.15,339712
2021-06-24 09:39:56,782.15,339712
2021-06-24 09:39:57,782.15,339712
2021-06-24 09:39:58,782.15,339738
2021-06-24 09:39:59,782.15,339773
2021-06-24 09:40:00,782.15,339785
2021-06-24 09:40:01,782.15,339807
2021-06-24 09:40:02,782.05,339818
2021-06-24 09:40:03,782.05,339818
2021-06-24 09:40:05,782.05,339818
2021-06-24 09:40:06,782.15,339825
2021-06-24 09:40:07,782.15,339828
2021-06-24 09:40:08,782.05,339869
2021-06-24 09:40:09,782.05,339869
2021-06-24 09:40:10,782.05,339869
2021-06-24 09:40:11,782.05,339869
2021-06-24 09:40:12,782.05,339869
2021-06-24 09:40:13,782.05,339869
2021-06-24 09:40:14,782.15,339971
2021-06-24 09:40:15,782.15,339971
2021-06-24 09:40:16,782.15,339971
2021-06-24 09:40:17,782.15,339971
2021-06-24 09:40:18,782.1,340345
2021-06-24 09:40:19,782.1,340345
2021-06-24 09:40:20,782.15,340715
2021-06-24 09:40:21,782.15,340715
2021-06-24 09:40:23,782.2,340771
2021-06-24 09:40:22,782.2,340771
2021-06-24 09:40:24,782.2,340771
2021-06-24 09:40:25,782.2,340774
2021-06-24 09:40:26,782.2,340774
2021-06-24 09:40:27,782.5,342118
2021-06-24 09:40:28,782.5,342118
2021-06-24 09:40:29,782.6,342353
2021-06-24 09:40:30,782.8,342479
2021-06-24 09:40:31,782.8,342479
2021-06-24 09:40:32,782.8,342499
2021-06-24 09:40:33,782.8,342499
2021-06-24 09:40:34,782.8,342499
2021-06-24 09:40:35,782.8,342499
2021-06-24 09:40:36,782.7,342607
2021-06-24 09:40:37,782.7,342607
2021-06-24 09:40:38,782.9,342684
2021-06-24 09:40:40,782.9,342707
2021-06-24 09:40:41,782.9,342732
2021-06-24 09:40:42,782.95,342757
2021-06-24 09:40:43,782.9,343100
2021-06-24 09:40:44,782.95,343267
2021-06-24 09:40:45,782.9,343367
2021-06-24 09:40:46,782.9,343367
2021-06-24 09:40:47,782.9,343367
2021-06-24 09:40:48,782.95,343475
2021-06-24 09:40:49,782.9,343581
2021-06-24 09:40:50,783.0,345351
2021-06-24 09:40:51,783.1,345594
2021-06-24 09:40:52,783.2,345737
2021-06-24 09:40:53,783.2,345737
2021-06-24 09:40:54,783.2,345739
2021-06-24 09:40:55,783.2,345739
2021-06-24 09:40:56,783.1,345789
2021-06-24 09:40:57,783.3,346289
2021-06-24 09:40:58,783.3,346289
2021-06-24 09:40:59,783.4,346384
2021-06-24 09:41:00,783.45,346386
2021-06-24 09:41:01,783.4,349987
2021-06-24 09:41:02,783.25,350576
2021-06-24 09:41:03,783.45,350706
2021-06-24 09:41:04,783.25,351064
2021-06-24 09:41:05,783.8,351914
2021-06-24 09:41:07,783.65,351973
2021-06-24 09:41:08,783.3,352310
2021-06-24 09:41:09,783.65,352360
2021-06-24 09:41:10,783.4,352389
2021-06-24 09:41:11,783.35,352394
2021-06-24 09:41:12,783.35,352404
2021-06-24 09:41:13,783.4,352419
2021-06-24 09:41:14,783.4,352419
2021-06-24 09:41:15,783.4,352419
2021-06-24 09:41:17,783.4,352675
2021-06-24 09:41:18,783.65,352775
2021-06-24 09:41:19,783.55,355769
2021-06-24 09:41:20,783.45,355854
2021-06-24 09:41:21,783.65,356407
2021-06-24 09:41:22,783.65,356408
2021-06-24 09:41:23,783.95,356552
2021-06-24 09:41:24,783.25,357324
2021-06-24 09:41:25,783.25,357324
2021-06-24 09:41:27,783.65,357325
2021-06-24 09:41:28,783.2,357525
2021-06-24 09:41:29,783.25,357605
2021-06-24 09:41:30,783.25,357693
2021-06-24 09:41:31,783.25,357693
2021-06-24 09:41:32,783.25,357732
2021-06-24 09:41:33,783.25,357737
2021-06-24 09:41:34,783.25,357737
2021-06-24 09:41:35,783.25,357737
2021-06-24 09:41:36,783.25,357797
2021-06-24 09:41:37,783.25,358098
2021-06-24 09:41:38,783.25,358098
2021-06-24 09:41:39,783.25,358098
2021-06-24 09:41:40,783.2,358693
2021-06-24 09:41:41,783.2,358693
2021-06-24 09:41:42,783.2,358693
2021-06-24 09:41:43,783.45,358714
2021-06-24 09:41:44,783.45,358719
2021-06-24 09:41:45,783.65,358826
2021-06-24 09:41:46,783.55,358830
2021-06-24 09:41:47,783.55,358842
2021-06-24 09:41:48,783.55,358942
2021-06-24 09:41:49,783.45,359179
2021-06-24 09:41:51,783.45,359479
2021-06-24 09:41:51,783.45,359629
2021-06-24 09:41:52,783.65,359734
2021-06-24 09:41:53,783.45,360857
2021-06-24 09:41:54,783.8,361357
2021-06-24 09:41:55,783.55,361359
2021-06-24 09:41:56,783.55,361509
2021-06-24 09:41:57,783.55,361527
2021-06-24 09:41:58,783.8,361547
2021-06-24 09:41:59,783.8,361698
2021-06-24 09:42:00,783.8,361738
2021-06-24 09:42:01,783.65,361740
2021-06-24 09:42:02,783.8,361765
2021-06-24 09:42:03,783.8,361765
2021-06-24 09:42:04,784.0,362674
2021-06-24 09:42:05,783.95,362689
2021-06-24 09:42:06,783.9,363389
2021-06-24 09:42:07,783.55,363402
2021-06-24 09:42:08,783.9,363672
2021-06-24 09:42:10,783.85,363683
2021-06-24 09:42:11,783.55,363710
2021-06-24 09:42:12,783.75,363767
2021-06-24 09:42:13,783.85,364098
2021-06-24 09:42:14,783.65,364104
2021-06-24 09:42:15,783.85,364257
2021-06-24 09:42:16,783.85,364257
2021-06-24 09:42:17,783.85,364257
2021-06-24 09:42:18,783.85,364257
2021-06-24 09:42:19,784.15,366132
2021-06-24 09:42:20,784.15,366132
2021-06-24 09:42:21,784.15,366132
2021-06-24 09:42:22,784.3,366397
2021-06-24 09:42:24,784.35,367274
2021-06-24 09:42:25,784.3,367324
2021-06-24 09:42:26,784.2,367425
2021-06-24 09:42:27,784.2,367465
2021-06-24 09:42:28,783.85,368037
2021-06-24 09:42:29,783.9,368347
2021-06-24 09:42:30,784.2,368381
2021-06-24 09:42:31,784.2,368381
2021-06-24 09:42:32,784.2,368406
2021-06-24 09:42:33,783.85,368883
2021-06-24 09:42:34,784.15,369001
2021-06-24 09:42:35,784.15,369001
2021-06-24 09:42:36,784.1,369059
2021-06-24 09:42:37,784.1,369084
2021-06-24 09:42:38,783.85,369290
2021-06-24 09:42:39,783.75,369628
2021-06-24 09:42:40,783.7,369670
2021-06-24 09:42:41,784.1,370370
2021-06-24 09:42:42,783.9,374691
2021-06-24 09:42:43,784.5,375507
2021-06-24 09:42:44,784.65,376399
2021-06-24 09:42:45,784.65,376399
2021-06-24 09:42:46,784.6,376816
2021-06-24 09:42:47,784.55,376826
2021-06-24 09:42:49,784.45,376983
2021-06-24 09:42:50,784.75,377433
2021-06-24 09:42:51,784.75,377504
2021-06-24 09:42:53,784.55,377820
2021-06-24 09:42:54,784.55,377820
2021-06-24 09:42:55,784.55,377824
2021-06-24 09:42:56,784.7,377862
2021-06-24 09:42:57,784.7,377912
2021-06-24 09:42:58,784.65,378077
2021-06-24 09:42:59,784.7,378177
2021-06-24 09:43:00,784.65,378333
2021-06-24 09:43:01,784.65,378468
2021-06-24 09:43:02,784.6,378544
2021-06-24 09:43:03,784.8,379009
2021-06-24 09:43:04,784.8,379030
2021-06-24 09:43:05,784.9,379730
2021-06-24 09:43:06,784.9,379730
2021-06-24 09:43:07,784.95,379930
2021-06-24 09:43:08,784.75,379980
2021-06-24 09:43:09,784.75,380833
2021-06-24 09:43:10,784.9,382172
2021-06-24 09:43:13,784.8,382477
2021-06-24 09:43:13,784.6,382480
2021-06-24 09:43:14,784.95,383291
2021-06-24 09:43:17,784.75,383301
2021-06-24 09:43:17,784.75,383301
2021-06-24 09:43:18,784.95,383440
2021-06-24 09:43:19,784.95,383515
2021-06-24 09:43:20,784.65,383625
2021-06-24 09:43:21,784.65,383625
2021-06-24 09:43:22,784.65,383625
2021-06-24 09:43:23,784.9,383924
2021-06-24 09:43:25,784.95,385644
2021-06-24 09:43:26,784.85,386045
2021-06-24 09:43:27,784.65,386095
2021-06-24 09:43:28,784.5,386344
2021-06-24 09:43:29,784.5,386344
2021-06-24 09:43:30,784.45,386725
2021-06-24 09:43:31,784.2,386777
2021-06-24 09:43:32,784.7,387507
2021-06-24 09:43:33,784.6,387558
2021-06-24 09:43:35,784.55,387609
2021-06-24 09:43:35,784.6,387743
2021-06-24 09:43:36,784.3,389349
2021-06-24 09:43:37,784.2,389595
2021-06-24 09:43:39,784.05,389724
2021-06-24 09:43:40,784.55,389774
2021-06-24 09:43:41,784.55,389774
2021-06-24 09:43:42,784.8,390708
2021-06-24 09:43:43,784.55,391847
2021-06-24 09:43:44,784.75,391925
2021-06-24 09:43:46,784.95,392306
2021-06-24 09:43:46,784.95,392306
2021-06-24 09:43:47,784.75,392588
2021-06-24 09:43:49,784.7,392704
2021-06-24 09:43:50,784.65,393038
2021-06-24 09:43:51,784.7,393088
2021-06-24 09:43:53,784.7,393098
2021-06-24 09:43:53,784.7,393098
2021-06-24 09:43:54,784.7,393098
2021-06-24 09:43:55,784.35,393217
2021-06-24 09:43:56,784.35,393226
2021-06-24 09:43:57,784.35,393226
2021-06-24 09:43:58,784.35,393226
2021-06-24 09:43:59,784.7,393282
2021-06-24 09:44:00,784.7,393306
2021-06-24 09:44:01,784.45,394584
2021-06-24 09:44:02,784.8,395384
2021-06-24 09:44:03,784.7,395410
2021-06-24 09:44:04,784.6,395662
2021-06-24 09:44:05,784.7,395830
2021-06-24 09:44:06,784.65,395868
2021-06-24 09:44:07,785.0,399585
2021-06-24 09:44:08,784.65,399935
2021-06-24 09:44:10,785.0,401613
2021-06-24 09:44:11,784.8,401614
2021-06-24 09:44:12,784.95,402243
2021-06-24 09:44:13,785.5,411848
2021-06-24 09:44:14,785.45,412048
2021-06-24 09:44:15,785.45,412211
2021-06-24 09:44:16,785.2,412311
2021-06-24 09:44:18,785.4,412316
2021-06-24 09:44:19,785.4,412316
2021-06-24 09:44:20,785.4,412319
2021-06-24 09:44:20,785.4,412319
2021-06-24 09:44:22,785.2,412506
2021-06-24 09:44:23,785.4,412536
2021-06-24 09:44:23,785.4,412536
2021-06-24 09:44:24,785.4,412536
2021-06-24 09:44:25,785.35,412594
2021-06-24 09:44:26,785.35,412853
2021-06-24 09:44:28,785.35,412887
2021-06-24 09:44:29,785.35,413826
2021-06-24 09:44:29,785.35,413826
2021-06-24 09:44:30,785.05,413977
2021-06-24 09:44:31,785.3,414236
2021-06-24 09:44:32,785.0,414238
2021-06-24 09:44:34,785.3,414343
2021-06-24 09:44:34,785.3,414343
2021-06-24 09:44:36,785.4,415093
2021-06-24 09:44:37,785.4,415093
2021-06-24 09:44:37,785.4,415615
2021-06-24 09:44:39,785.05,415743
2021-06-24 09:44:40,785.0,415833
2021-06-24 09:44:41,785.0,417317
2021-06-24 09:44:41,785.05,417337
2021-06-24 09:44:42,785.05,417390
2021-06-24 09:44:43,785.1,417749
2021-06-24 09:44:44,785.1,417759
2021-06-24 09:44:45,785.1,417974
2021-06-24 09:44:47,785.1,417975
2021-06-24 09:44:48,785.1,418287
2021-06-24 09:44:49,785.1,418287
2021-06-24 09:44:50,785.1,418327
2021-06-24 09:44:50,785.1,418327
2021-06-24 09:44:51,785.05,418907
2021-06-24 09:44:52,785.0,418908
2021-06-24 09:44:54,785.0,418911
2021-06-24 09:44:55,785.25,419061
2021-06-24 09:44:56,785.05,419124
2021-06-24 09:44:57,785.25,419144
2021-06-24 09:44:58,785.25,419144
2021-06-24 09:44:59,785.25,419614
2021-06-24 09:45:00,785.0,420326
2021-06-24 09:45:01,785.1,420487
2021-06-24 09:45:02,785.1,420577
2021-06-24 09:45:03,784.95,421077
2021-06-24 09:45:04,785.1,421158
2021-06-24 09:45:05,785.1,421331
2021-06-24 09:45:06,785.1,421336
2021-06-24 09:45:07,785.1,421426
2021-06-24 09:45:08,785.0,421436
2021-06-24 09:45:09,785.1,421563
2021-06-24 09:45:10,785.0,421863
2021-06-24 09:45:12,785.0,421863
2021-06-24 09:45:13,785.0,421863
2021-06-24 09:45:14,785.1,421976
2021-06-24 09:45:14,785.1,421975
2021-06-24 09:45:15,785.05,422076
2021-06-24 09:45:16,785.05,422076
2021-06-24 09:45:17,785.4,425133
2021-06-24 09:45:18,785.5,425345
2021-06-24 09:45:19,785.5,425768
2021-06-24 09:45:20,785.5,426172
2021-06-24 09:45:21,785.55,432993
2021-06-24 09:45:22,785.45,433495
2021-06-24 09:45:23,785.65,434414
2021-06-24 09:45:24,785.2,434618
2021-06-24 09:45:25,785.5,436019
2021-06-24 09:45:26,785.45,436124
2021-06-24 09:45:27,785.7,439896
2021-06-24 09:45:28,785.7,440596
2021-06-24 09:45:29,785.7,440617
2021-06-24 09:45:30,785.5,440755
2021-06-24 09:45:31,785.45,441146
2021-06-24 09:45:32,785.5,443910
2021-06-24 09:45:33,785.65,444020
2021-06-24 09:45:35,785.65,444027
2021-06-24 09:45:36,785.5,444339
2021-06-24 09:45:37,785.5,444637
2021-06-24 09:45:38,785.5,445497
2021-06-24 09:45:39,785.5,445498
2021-06-24 09:45:40,785.5,445523
2021-06-24 09:45:41,785.5,445873
2021-06-24 09:45:41,785.5,445876
2021-06-24 09:45:42,785.2,446279
2021-06-24 09:45:43,785.1,446349
2021-06-24 09:45:44,785.5,447499
2021-06-24 09:45:45,785.8,448346
2021-06-24 09:45:46,785.8,448346
2021-06-24 09:45:47,785.5,448369
2021-06-24 09:45:48,785.45,448373
2021-06-24 09:45:49,785.45,448373
2021-06-24 09:45:50,785.45,448706
2021-06-24 09:45:51,785.45,448984
2021-06-24 09:45:52,784.85,453603
2021-06-24 09:45:53,784.85,454132
2021-06-24 09:45:54,784.95,454546
2021-06-24 09:45:55,784.95,454620
2021-06-24 09:45:56,784.95,454620
2021-06-24 09:45:57,784.8,454625
2021-06-24 09:45:58,784.95,454675
2021-06-24 09:45:59,784.8,454680
2021-06-24 09:46:00,784.95,454740
2021-06-24 09:46:01,784.8,455050
2021-06-24 09:46:02,784.8,455140
2021-06-24 09:46:03,784.95,455225
2021-06-24 09:46:04,784.95,455225
2021-06-24 09:46:05,784.95,455485
2021-06-24 09:46:06,784.75,456321
2021-06-24 09:46:07,784.6,456772
2021-06-24 09:46:08,784.75,457329
2021-06-24 09:46:10,784.45,457379
2021-06-24 09:46:11,784.55,457724
2021-06-24 09:46:12,784.2,457824
2021-06-24 09:46:13,784.4,457899
2021-06-24 09:46:14,784.35,457912
2021-06-24 09:46:15,784.15,458228
2021-06-24 09:46:16,784.1,458280
2021-06-24 09:46:17,784.3,458383
2021-06-24 09:46:18,784.1,458386
2021-06-24 09:46:19,784.3,459086
2021-06-24 09:46:20,784.3,459491
2021-06-24 09:46:21,784.3,459491
2021-06-24 09:46:22,784.05,459541
2021-06-24 09:46:24,784.35,460330
2021-06-24 09:46:25,784.05,460502
2021-06-24 09:46:26,784.0,461027
2021-06-24 09:46:27,784.3,461074
2021-06-24 09:46:28,784.0,461176
2021-06-24 09:46:29,784.0,461176
2021-06-24 09:46:29,784.0,461176
2021-06-24 09:46:32,784.1,461225
2021-06-24 09:46:33,784.3,461415
2021-06-24 09:46:34,784.3,461431
2021-06-24 09:46:35,784.3,461431
2021-06-24 09:46:36,784.1,461451
2021-06-24 09:46:36,784.1,461451
2021-06-24 09:46:39,784.1,461461
2021-06-24 09:46:40,784.0,463411
2021-06-24 09:46:40,784.0,463411
2021-06-24 09:46:41,784.2,463414
2021-06-24 09:46:43,784.0,463478
2021-06-24 09:46:44,784.0,463912
2021-06-24 09:46:44,784.0,463912
2021-06-24 09:46:45,784.3,464972
2021-06-24 09:46:46,784.3,464976
2021-06-24 09:46:47,784.3,464976
2021-06-24 09:46:48,784.3,464976
2021-06-24 09:46:49,784.3,464976
2021-06-24 09:46:50,784.1,464993
2021-06-24 09:46:51,784.1,464993
2021-06-24 09:46:52,784.3,465192
2021-06-24 09:46:53,784.3,465231
2021-06-24 09:46:54,784.0,465363
2021-06-24 09:46:56,783.65,467158
2021-06-24 09:46:57,783.65,467206
2021-06-24 09:46:59,783.55,467311
2021-06-24 09:47:00,783.55,467481
2021-06-24 09:47:01,783.0,468113
2021-06-24 09:47:03,783.0,468255
2021-06-24 09:47:04,783.35,468559
2021-06-24 09:47:06,783.35,469210
2021-06-24 09:47:07,783.35,469516
2021-06-24 09:47:08,783.15,469616
2021-06-24 09:47:09,783.15,469616
2021-06-24 09:47:12,783.5,470391
2021-06-24 09:47:13,783.5,470518
2021-06-24 09:47:13,783.5,470518
2021-06-24 09:47:15,783.5,470543
2021-06-24 09:47:16,783.95,471043
2021-06-24 09:47:17,784.1,471743
2021-06-24 09:47:18,783.95,471751
2021-06-24 09:47:19,783.95,471751
2021-06-24 09:47:19,783.95,471751
2021-06-24 09:47:20,783.95,471751
2021-06-24 09:47:22,783.8,472094
2021-06-24 09:47:23,783.7,472144
2021-06-24 09:47:24,783.8,472164
2021-06-24 09:47:25,783.8,472179
2021-06-24 09:47:26,783.8,472179
2021-06-24 09:47:28,783.8,472229
2021-06-24 09:47:28,783.95,472329
2021-06-24 09:47:29,783.7,472549
2021-06-24 09:47:30,783.8,472550
2021-06-24 09:47:32,783.8,472581
2021-06-24 09:47:32,783.8,472755
2021-06-24 09:47:33,783.9,472757
2021-06-24 09:47:34,783.5,473067
2021-06-24 09:47:35,783.75,473087
2021-06-24 09:47:36,783.7,473099
2021-06-24 09:47:37,783.7,473199
2021-06-24 09:47:38,783.7,473349
2021-06-24 09:47:39,783.5,473354
2021-06-24 09:47:40,783.7,473355
2021-06-24 09:47:42,783.5,473385
2021-06-24 09:47:45,783.7,473628
2021-06-24 09:47:46,783.5,473698
2021-06-24 09:47:47,783.5,473698
2021-06-24 09:47:48,783.55,474021
2021-06-24 09:47:49,783.55,474021
2021-06-24 09:47:49,783.55,474021
2021-06-24 09:47:50,783.7,474031
2021-06-24 09:47:51,783.55,474156
2021-06-24 09:47:52,783.55,474313
2021-06-24 09:47:53,783.55,474313
2021-06-24 09:47:54,783.55,474313
2021-06-24 09:47:55,783.75,474403
2021-06-24 09:47:56,783.75,474403
2021-06-24 09:47:57,783.5,474666
2021-06-24 09:47:58,783.7,474856
2021-06-24 09:47:59,783.7,474856
2021-06-24 09:48:00,783.7,474857
2021-06-24 09:48:01,783.7,474857
2021-06-24 09:48:02,783.7,474857
2021-06-24 09:48:03,783.55,474872
2021-06-24 09:48:04,783.5,474890
2021-06-24 09:48:05,783.5,474890
2021-06-24 09:48:06,783.5,475040
2021-06-24 09:48:07,783.5,475040
2021-06-24 09:48:08,783.5,475071
2021-06-24 09:48:09,783.5,475071
2021-06-24 09:48:10,783.5,475081
2021-06-24 09:48:11,783.5,475081
2021-06-24 09:48:12,783.5,475101
2021-06-24 09:48:13,783.5,475101
2021-06-24 09:48:14,783.55,475133
2021-06-24 09:48:15,783.55,475133
2021-06-24 09:48:16,783.5,475135
2021-06-24 09:48:18,783.5,475135
2021-06-24 09:48:18,783.5,475140
2021-06-24 09:48:19,783.5,475140
2021-06-24 09:48:20,783.5,475704
2021-06-24 09:48:22,783.55,475773
2021-06-24 09:48:23,783.6,475920
2021-06-24 09:48:24,783.6,475920
2021-06-24 09:48:25,784.0,476698
2021-06-24 09:48:26,783.65,476731
2021-06-24 09:48:27,784.0,476746
2021-06-24 09:48:28,784.0,476746
2021-06-24 09:48:29,784.0,476746
2021-06-24 09:48:30,784.0,476757
2021-06-24 09:48:31,784.0,476757
2021-06-24 09:48:32,784.0,476757
2021-06-24 09:48:32,784.0,476757
2021-06-24 09:48:33,783.95,476787
2021-06-24 09:48:35,783.95,476787
2021-06-24 09:48:36,783.95,476797
2021-06-24 09:48:37,783.95,476797
2021-06-24 09:48:38,783.95,476797
2021-06-24 09:48:39,783.95,476797
2021-06-24 09:48:40,783.95,476798
2021-06-24 09:48:41,783.95,476798
2021-06-24 09:48:43,783.95,476799
2021-06-24 09:48:44,783.95,476804
2021-06-24 09:48:45,783.7,476854
2021-06-24 09:48:46,783.7,476854
2021-06-24 09:48:46,783.95,476855
2021-06-24 09:48:47,783.95,476855
2021-06-24 09:48:48,783.95,476895
2021-06-24 09:48:49,783.7,476920
2021-06-24 09:48:50,783.7,476920
2021-06-24 09:48:51,783.7,476920
2021-06-24 09:48:52,783.7,476920
2021-06-24 09:48:53,783.7,477020
2021-06-24 09:48:54,783.7,477020
2021-06-24 09:48:56,783.7,477162
2021-06-24 09:48:57,783.7,477162
2021-06-24 09:48:58,783.9,477163
2021-06-24 09:48:59,783.9,477163
2021-06-24 09:49:00,783.55,477715
2021-06-24 09:49:01,783.6,478598
2021-06-24 09:49:02,783.6,478598
2021-06-24 09:49:03,783.6,478598
2021-06-24 09:49:06,783.6,478598
2021-06-24 09:49:07,783.6,478598
2021-06-24 09:49:09,783.45,479361
2021-06-24 09:49:10,783.45,479361
2021-06-24 09:49:11,783.45,479381
2021-06-24 09:49:11,783.45,479381
2021-06-24 09:49:13,783.6,480099
2021-06-24 09:49:13,783.95,480101
2021-06-24 09:49:14,783.6,480111
2021-06-24 09:49:16,783.6,480111
2021-06-24 09:49:17,783.6,480111
2021-06-24 09:49:18,783.6,480111
2021-06-24 09:49:19,783.45,480251
2021-06-24 09:49:20,783.45,480251
2021-06-24 09:49:21,783.45,480276
2021-06-24 09:49:22,783.85,480376
2021-06-24 09:49:23,783.85,480476
2021-06-24 09:49:24,783.85,480476
2021-06-24 09:49:25,783.85,480758
2021-06-24 09:49:25,783.65,480768
2021-06-24 09:49:26,783.65,480773
2021-06-24 09:49:27,783.7,480823
2021-06-24 09:49:29,783.7,480823
2021-06-24 09:49:30,783.85,480824
2021-06-24 09:49:31,783.85,480834
2021-06-24 09:49:32,783.85,480834
2021-06-24 09:49:33,783.65,480854
2021-06-24 09:49:33,783.65,480854
2021-06-24 09:49:35,783.6,480954
2021-06-24 09:49:36,783.85,480959
2021-06-24 09:49:36,783.85,480976
2021-06-24 09:49:38,783.55,481036
2021-06-24 09:49:39,783.55,481036
2021-06-24 09:49:40,783.55,481036
2021-06-24 09:49:41,783.65,481211
2021-06-24 09:49:42,783.85,481261
2021-06-24 09:49:43,783.5,481276
2021-06-24 09:49:44,783.5,481276
2021-06-24 09:49:45,783.85,481281
2021-06-24 09:49:46,783.85,481281
2021-06-24 09:49:47,783.85,481301
2021-06-24 09:49:48,783.85,481301
2021-06-24 09:49:49,783.85,481301
2021-06-24 09:49:50,783.85,481301
2021-06-24 09:49:51,783.85,481312
2021-06-24 09:49:52,783.85,481312
2021-06-24 09:49:53,783.55,481343
2021-06-24 09:49:54,783.55,481393
2021-06-24 09:49:55,783.55,481393
2021-06-24 09:49:56,783.85,481413
2021-06-24 09:49:57,783.85,481413
2021-06-24 09:49:58,783.85,481433
2021-06-24 09:49:58,783.85,481433
2021-06-24 09:49:59,783.6,481443
2021-06-24 09:50:00,783.6,481504
2021-06-24 09:50:02,783.6,481504
2021-06-24 09:50:05,783.85,481609
2021-06-24 09:50:06,783.85,481609
2021-06-24 09:50:07,783.5,482318
2021-06-24 09:50:08,783.8,482368
2021-06-24 09:50:09,783.5,482410
2021-06-24 09:50:10,783.5,482410
2021-06-24 09:50:11,783.8,483420
2021-06-24 09:50:12,783.5,483450
2021-06-24 09:50:13,783.5,483450
2021-06-24 09:50:14,783.5,483450
2021-06-24 09:50:15,783.8,483452
2021-06-24 09:50:15,783.8,483452
2021-06-24 09:50:16,783.8,483488
2021-06-24 09:50:17,783.8,483491
2021-06-24 09:50:18,783.8,483641
2021-06-24 09:50:19,783.8,483641
2021-06-24 09:50:21,783.5,483667
2021-06-24 09:50:22,783.5,483667
2021-06-24 09:50:23,783.5,483667
2021-06-24 09:50:24,783.8,483669
2021-06-24 09:50:25,783.7,483670
2021-06-24 09:50:26,783.7,483670
2021-06-24 09:50:27,783.75,483683
2021-06-24 09:50:28,783.75,483735
2021-06-24 09:50:29,783.75,483735
2021-06-24 09:50:30,783.75,483735
2021-06-24 09:50:31,783.75,483735
2021-06-24 09:50:32,783.5,483803
2021-06-24 09:50:33,783.5,483803
2021-06-24 09:50:34,783.75,483813
2021-06-24 09:50:35,783.75,483863
2021-06-24 09:50:36,783.75,483863
2021-06-24 09:50:37,783.75,483863
2021-06-24 09:50:38,783.75,483863
2021-06-24 09:50:39,783.75,483888
2021-06-24 09:50:40,783.75,483888
2021-06-24 09:50:41,783.75,483888
2021-06-24 09:50:42,783.75,483888
2021-06-24 09:50:43,783.75,483888
2021-06-24 09:50:44,783.75,483888
2021-06-24 09:50:45,783.75,483888
2021-06-24 09:50:46,783.75,483953
2021-06-24 09:50:47,783.55,484030
2021-06-24 09:50:48,783.55,484030
2021-06-24 09:50:49,783.75,484080
2021-06-24 09:50:50,783.75,484080
2021-06-24 09:50:51,783.6,484100
2021-06-24 09:50:52,783.6,484100
2021-06-24 09:50:53,783.6,484100
2021-06-24 09:50:54,783.6,484225
2021-06-24 09:50:55,783.6,484225
2021-06-24 09:50:56,783.6,484225
2021-06-24 09:50:57,783.6,484245
2021-06-24 09:50:58,783.6,484245
2021-06-24 09:50:59,783.6,484245
2021-06-24 09:51:00,783.7,484255
2021-06-24 09:51:01,783.6,484275
2021-06-24 09:51:02,783.7,486205
2021-06-24 09:51:03,783.4,486271
2021-06-24 09:51:04,783.65,486273
2021-06-24 09:51:05,783.75,487774
2021-06-24 09:51:06,783.75,487774
2021-06-24 09:51:07,783.65,487775
2021-06-24 09:51:08,783.65,487775
2021-06-24 09:51:09,783.65,487775
2021-06-24 09:51:10,783.65,487780
2021-06-24 09:51:11,783.65,487780
2021-06-24 09:51:12,783.65,487780
2021-06-24 09:51:13,783.65,487785
2021-06-24 09:51:14,783.65,487785
2021-06-24 09:51:16,783.65,487842
2021-06-24 09:51:18,783.7,488562
2021-06-24 09:51:19,783.7,488562
2021-06-24 09:51:20,783.65,488632
2021-06-24 09:51:21,783.65,488632
2021-06-24 09:51:22,783.65,488632
2021-06-24 09:51:23,783.65,488632
2021-06-24 09:51:24,783.75,488754
2021-06-24 09:51:25,783.6,488764
2021-06-24 09:51:26,783.6,488764
2021-06-24 09:51:28,783.6,488764
2021-06-24 09:51:29,783.6,488764
2021-06-24 09:51:31,783.6,488764
2021-06-24 09:51:32,783.6,488764
2021-06-24 09:51:33,783.6,488773
2021-06-24 09:51:34,783.6,488773
2021-06-24 09:51:35,783.6,488773
2021-06-24 09:51:36,783.6,488773
2021-06-24 09:51:37,783.6,488773
2021-06-24 09:51:38,783.65,488775
2021-06-24 09:51:39,783.65,488775
2021-06-24 09:51:40,783.65,488775
2021-06-24 09:51:41,783.65,488775
2021-06-24 09:51:42,783.65,488775
2021-06-24 09:51:43,783.65,488775
2021-06-24 09:51:44,783.65,488783
2021-06-24 09:51:45,783.65,488783
2021-06-24 09:51:49,783.65,488813
2021-06-24 09:51:53,783.0,489595
2021-06-24 09:51:57,783.2,489789
2021-06-24 09:52:01,783.2,489790
2021-06-24 09:52:09,783.4,491289
2021-06-24 09:52:13,783.8,491589
2021-06-24 09:52:17,783.7,491891
2021-06-24 09:52:21,783.9,492565
2021-06-24 09:52:25,783.9,492775
2021-06-24 09:52:29,784.0,493369
2021-06-24 09:52:33,784.0,493621
2021-06-24 09:52:37,784.0,494375
2021-06-24 09:52:41,783.9,494716
2021-06-24 09:52:45,783.9,495921
2021-06-24 09:52:49,784.0,496801
2021-06-24 09:52:52,784.3,496807
2021-06-24 09:52:56,784.0,497249
2021-06-24 09:52:59,784.3,497351
2021-06-24 09:53:04,784.5,498196
2021-06-24 09:53:11,784.35,498762
2021-06-24 09:53:19,784.35,499345
2021-06-24 09:53:24,784.5,499746
2021-06-24 09:53:32,784.45,500426
2021-06-24 09:53:36,784.0,501025
2021-06-24 09:53:40,784.3,505050
2021-06-24 09:53:44,784.3,505192
2021-06-24 09:53:48,783.4,506525
2021-06-24 09:53:51,783.8,506680
2021-06-24 09:53:55,783.8,506940
2021-06-24 09:53:59,783.8,508202
2021-06-24 09:54:03,783.8,509040
2021-06-24 09:54:07,783.8,509689
2021-06-24 09:54:11,783.65,509770
2021-06-24 09:54:14,783.65,509890
2021-06-24 09:54:19,783.8,511100
2021-06-24 09:54:22,783.6,512001
2021-06-24 09:54:26,783.5,512167
2021-06-24 09:54:30,783.6,512219
2021-06-24 09:54:34,783.85,513721
2021-06-24 09:54:38,783.5,513758
2021-06-24 09:54:42,783.95,515421
2021-06-24 09:54:46,784.25,515471
2021-06-24 09:54:49,784.45,516212
2021-06-24 09:54:53,784.3,516348
2021-06-24 09:54:56,784.05,517475
2021-06-24 09:55:00,783.95,518205
2021-06-24 09:55:03,784.3,518446
2021-06-24 09:55:07,784.5,519381
2021-06-24 09:55:12,784.3,519634
2021-06-24 09:55:16,784.0,519890
2021-06-24 09:55:19,784.3,520151
2021-06-24 09:55:23,784.3,520427
2021-06-24 09:55:26,784.25,521259
2021-06-24 09:55:30,784.0,522162
2021-06-24 09:55:34,784.4,524878
2021-06-24 09:55:38,783.8,525233
2021-06-24 09:55:47,783.85,526718
2021-06-24 09:55:51,783.85,528155
2021-06-24 09:55:55,783.8,530869
2021-06-24 09:55:59,783.75,531776
2021-06-24 09:56:03,783.5,532186
2021-06-24 09:56:07,783.75,532277
2021-06-24 09:56:12,783.6,532471
2021-06-24 09:56:16,783.7,532573
2021-06-24 09:56:21,784.15,538065
2021-06-24 09:56:25,784.0,538216
2021-06-24 09:56:29,784.15,538953
2021-06-24 09:56:34,783.85,538965
2021-06-24 09:56:38,783.85,538973
2021-06-24 09:56:42,783.75,541255
2021-06-24 09:56:46,783.65,541537
2021-06-24 09:56:47,783.55,541770
2021-06-24 09:56:48,783.75,543262
2021-06-24 09:56:48,783.75,543262
2021-06-24 09:56:49,783.5,543404
2021-06-24 09:56:50,783.5,543482
2021-06-24 09:56:51,783.5,543709
2021-06-24 09:56:52,783.7,544168
2021-06-24 09:56:53,783.45,544520
2021-06-24 09:56:54,783.5,545030
2021-06-24 09:56:55,783.75,545135
2021-06-24 09:56:56,783.75,545185
2021-06-24 09:56:58,783.75,545185
2021-06-24 09:56:58,783.4,545335
2021-06-24 09:56:59,783.7,545337
2021-06-24 09:57:01,783.7,545337
2021-06-24 09:57:02,783.7,545337
2021-06-24 09:57:03,784.0,546607
2021-06-24 09:57:04,784.0,546607
2021-06-24 09:57:05,784.0,546607
2021-06-24 09:57:07,783.5,546737
2021-06-24 09:57:08,783.5,546737
2021-06-24 09:57:09,783.5,546737
2021-06-24 09:57:10,783.7,546827
2021-06-24 09:57:11,783.7,546827
2021-06-24 09:57:12,783.65,547061
2021-06-24 09:57:13,783.7,547072
2021-06-24 09:57:14,783.7,547072
2021-06-24 09:57:15,783.7,547122
2021-06-24 09:57:16,783.7,547122
2021-06-24 09:57:17,783.7,547122
2021-06-24 09:57:18,783.65,547298
2021-06-24 09:57:19,783.65,547298
2021-06-24 09:57:20,783.65,547298
2021-06-24 09:57:21,783.4,547301
2021-06-24 09:57:22,783.6,547307
2021-06-24 09:57:23,783.55,547932
2021-06-24 09:57:24,783.55,547932
2021-06-24 09:57:25,783.4,548632
2021-06-24 09:57:26,783.5,549987
2021-06-24 09:57:27,783.5,549987
2021-06-24 09:57:28,783.5,550448
2021-06-24 09:57:29,783.5,550448
2021-06-24 09:57:30,783.5,550722
2021-06-24 09:57:31,783.5,550722
2021-06-24 09:57:32,783.5,550807
2021-06-24 09:57:33,783.5,550807
2021-06-24 09:57:34,783.5,551011
2021-06-24 09:57:35,783.5,551011
2021-06-24 09:57:36,783.55,551192
2021-06-24 09:57:37,783.55,551192
2021-06-24 09:57:37,783.55,551192
2021-06-24 09:57:38,783.55,551197
2021-06-24 09:57:39,783.55,551201
2021-06-24 09:57:42,783.4,551226
2021-06-24 09:57:43,783.4,551238
2021-06-24 09:57:44,783.4,551238
2021-06-24 09:57:45,783.4,551258
2021-06-24 09:57:46,783.55,551341
2021-06-24 09:57:48,783.5,551361
2021-06-24 09:57:50,783.5,551361
2021-06-24 09:57:51,783.55,551392
2021-06-24 09:57:52,783.55,551392
2021-06-24 09:57:53,783.55,551402
2021-06-24 09:57:54,783.55,551402
2021-06-24 09:57:55,783.6,551482
2021-06-24 09:57:56,783.6,551537
2021-06-24 09:57:57,783.6,551537
2021-06-24 09:57:58,783.6,551537
2021-06-24 09:57:59,783.55,551858
2021-06-24 09:58:00,783.6,551863
2021-06-24 09:58:02,783.6,551973
2021-06-24 09:58:03,783.6,551985
2021-06-24 09:58:04,783.6,551985
2021-06-24 09:58:04,783.6,551985
2021-06-24 09:58:06,783.6,551990
2021-06-24 09:58:06,783.6,551990
2021-06-24 09:58:07,783.6,551990
2021-06-24 09:58:08,783.55,552045
2021-06-24 09:58:09,783.55,552045
2021-06-24 09:58:11,783.55,552045
2021-06-24 09:58:12,783.55,552151
2021-06-24 09:58:13,783.55,552151
2021-06-24 09:58:14,783.55,552161
2021-06-24 09:58:16,783.55,552161
2021-06-24 09:58:17,783.5,552201
2021-06-24 09:58:18,783.5,552211
2021-06-24 09:58:18,783.5,552211
2021-06-24 09:58:19,783.5,552211
2021-06-24 09:58:20,783.5,552217
2021-06-24 09:58:21,783.5,552218
2021-06-24 09:58:22,783.5,552490
2021-06-24 09:58:23,783.5,552490
2021-06-24 09:58:24,783.5,552490
2021-06-24 09:58:26,783.5,552490
2021-06-24 09:58:27,783.6,553190
2021-06-24 09:58:28,783.6,553190
2021-06-24 09:58:30,783.45,553390
2021-06-24 09:58:31,783.45,553390
2021-06-24 09:58:32,783.45,553390
2021-06-24 09:58:33,783.6,553391
2021-06-24 09:58:34,783.65,553566
2021-06-24 09:58:35,783.4,553571
2021-06-24 09:58:36,783.4,553574
2021-06-24 09:58:37,783.45,554280
2021-06-24 09:58:38,783.8,554380
2021-06-24 09:58:39,783.8,554396
2021-06-24 09:58:40,783.8,554396
2021-06-24 09:58:41,783.6,554397
2021-06-24 09:58:41,783.6,554397
2021-06-24 09:58:43,783.6,554463
2021-06-24 09:58:44,783.6,554463
2021-06-24 09:58:45,783.4,554490
2021-06-24 09:58:46,783.45,554689
2021-06-24 09:58:47,783.45,554700
2021-06-24 09:58:48,783.5,554826
2021-06-24 09:58:49,783.55,554831
2021-06-24 09:58:49,783.55,554831
2021-06-24 09:58:50,783.55,554870
2021-06-24 09:58:51,783.55,554870
2021-06-24 09:58:52,783.55,554870
2021-06-24 09:58:54,783.55,554870
2021-06-24 09:58:55,783.55,554870
2021-06-24 09:58:56,783.55,554870
2021-06-24 09:58:57,783.55,554870
2021-06-24 09:58:58,783.55,554870
2021-06-24 09:58:59,783.55,554875
2021-06-24 09:59:00,783.55,554911
2021-06-24 09:59:01,783.55,554911
2021-06-24 09:59:02,783.55,554941
2021-06-24 09:59:03,783.55,555006
2021-06-24 09:59:03,783.55,555006
2021-06-24 09:59:05,783.45,555016
2021-06-24 09:59:06,783.5,555164
2021-06-24 09:59:07,783.55,555165
2021-06-24 09:59:08,783.55,555167
2021-06-24 09:59:09,783.55,555233
2021-06-24 09:59:10,783.4,555273
2021-06-24 09:59:11,783.4,555273
2021-06-24 09:59:12,783.4,555273
2021-06-24 09:59:13,783.5,555343
2021-06-24 09:59:14,783.5,555343
2021-06-24 09:59:15,783.5,555368
2021-06-24 09:59:16,783.5,555368
2021-06-24 09:59:17,783.5,555368
2021-06-24 09:59:18,783.5,555444
2021-06-24 09:59:19,783.5,555501
2021-06-24 09:59:20,783.5,555501
2021-06-24 09:59:21,783.55,555516
2021-06-24 09:59:22,783.55,555516
2021-06-24 09:59:23,783.5,555560
2021-06-24 09:59:24,783.45,555561
2021-06-24 09:59:25,783.45,555596
2021-06-24 09:59:26,783.45,555596
2021-06-24 09:59:27,783.45,555596
2021-06-24 09:59:28,783.5,555602
2021-06-24 09:59:29,783.45,555701
2021-06-24 09:59:30,783.45,555701
2021-06-24 09:59:31,783.45,555701
2021-06-24 09:59:32,783.45,555701
2021-06-24 09:59:33,783.5,558010
2021-06-24 09:59:34,783.45,558060
2021-06-24 09:59:35,783.5,558153
2021-06-24 09:59:36,783.5,558153
2021-06-24 09:59:37,783.45,558163
2021-06-24 09:59:38,783.4,558293
2021-06-24 09:59:38,783.4,558293
2021-06-24 09:59:39,783.4,558293
2021-06-24 09:59:41,783.4,558493
2021-06-24 09:59:42,783.35,558500
2021-06-24 09:59:43,783.35,558588
2021-06-24 09:59:44,783.35,558679
2021-06-24 09:59:45,783.35,558679
2021-06-24 09:59:46,783.35,558712
2021-06-24 09:59:47,783.35,558812
2021-06-24 09:59:48,783.3,558853
2021-06-24 09:59:49,783.3,558887
2021-06-24 09:59:50,783.3,558887
2021-06-24 09:59:51,783.3,558897
2021-06-24 09:59:52,783.3,558899
2021-06-24 09:59:54,783.3,558899
2021-06-24 09:59:55,783.3,558902
2021-06-24 09:59:56,783.3,558902
2021-06-24 09:59:57,783.3,558902
2021-06-24 09:59:58,783.3,558902
2021-06-24 09:59:59,783.3,559012
2021-06-24 10:00:00,783.3,559049
2021-06-24 10:00:01,783.3,559049
2021-06-24 10:00:04,783.25,559050
2021-06-24 10:00:05,783.25,559050
2021-06-24 10:00:06,783.25,559080
2021-06-24 10:00:07,783.25,559446
2021-06-24 10:00:08,783.25,560059
2021-06-24 10:00:08,783.2,560144
2021-06-24 10:00:09,783.2,560144
2021-06-24 10:00:10,783.2,560144
2021-06-24 10:00:11,783.15,560160
2021-06-24 10:00:14,783.2,560400
2021-06-24 10:00:15,783.2,560400
2021-06-24 10:00:16,783.2,560400
2021-06-24 10:00:18,783.2,560400
2021-06-24 10:00:19,783.2,560400
2021-06-24 10:00:20,783.2,560400
2021-06-24 10:00:21,783.15,560431
2021-06-24 10:00:21,783.15,560431
2021-06-24 10:00:23,783.15,560481
2021-06-24 10:00:23,783.25,560501
2021-06-24 10:00:24,783.25,560506
2021-06-24 10:00:25,783.25,560506
2021-06-24 10:00:27,783.25,560539
2021-06-24 10:00:28,783.25,560539
2021-06-24 10:00:29,783.15,560641
2021-06-24 10:00:29,783.15,560641
2021-06-24 10:00:31,783.25,560684
2021-06-24 10:00:32,783.15,560984
2021-06-24 10:00:33,783.15,561226
2021-06-24 10:00:35,783.2,561234
2021-06-24 10:00:36,783.2,561234
2021-06-24 10:00:38,783.1,561529
2021-06-24 10:00:39,783.1,561536
2021-06-24 10:00:39,783.1,561536
2021-06-24 10:00:41,783.15,561674
2021-06-24 10:00:42,783.15,561674
2021-06-24 10:00:43,783.15,561674
2021-06-24 10:00:44,784.0,571408
2021-06-24 10:00:45,783.8,571435
2021-06-24 10:00:47,783.45,571601
2021-06-24 10:00:48,783.5,573188
2021-06-24 10:00:49,783.5,573188
2021-06-24 10:00:50,783.35,573395
2021-06-24 10:00:51,783.45,573415
2021-06-24 10:00:52,783.45,573568
2021-06-24 10:00:53,783.45,573588
2021-06-24 10:00:55,783.45,573588
2021-06-24 10:00:56,783.45,573588
2021-06-24 10:00:57,783.45,573588
2021-06-24 10:00:58,783.45,573588
2021-06-24 10:00:59,783.45,573654
2021-06-24 10:01:00,783.45,573654
2021-06-24 10:01:00,783.6,573714
2021-06-24 10:01:01,783.6,573734
2021-06-24 10:01:02,783.6,573734
2021-06-24 10:01:04,783.6,573734
2021-06-24 10:01:05,783.6,573734
2021-06-24 10:01:06,783.6,573734
2021-06-24 10:01:07,783.6,573734
2021-06-24 10:01:07,783.6,573734
2021-06-24 10:01:09,783.6,573734
2021-06-24 10:01:11,783.6,573734
2021-06-24 10:01:12,783.6,573737
2021-06-24 10:01:13,783.6,573757
2021-06-24 10:01:13,783.35,573802
2021-06-24 10:01:14,783.35,573806
2021-06-24 10:01:16,783.35,573806
2021-06-24 10:01:17,783.45,573822
2021-06-24 10:01:18,783.45,573847
2021-06-24 10:01:19,783.45,573847
2021-06-24 10:01:20,783.45,573847
2021-06-24 10:01:21,783.45,573847
2021-06-24 10:01:22,783.45,573847
2021-06-24 10:01:23,783.45,573847
2021-06-24 10:01:24,783.45,573847
2021-06-24 10:01:25,783.55,573868
2021-06-24 10:01:26,783.45,573883
2021-06-24 10:01:27,783.5,575403
2021-06-24 10:01:28,783.5,576098
2021-06-24 10:01:29,783.5,576098
2021-06-24 10:01:30,783.5,576345
2021-06-24 10:01:31,783.5,576345
2021-06-24 10:01:32,783.5,576752
2021-06-24 10:01:33,783.5,576752
2021-06-24 10:01:34,783.5,576957
2021-06-24 10:01:35,783.55,577107
2021-06-24 10:01:36,783.5,577641
2021-06-24 10:01:37,783.1,577664
2021-06-24 10:01:38,783.35,577665
2021-06-24 10:01:39,783.35,577665
2021-06-24 10:01:40,783.35,577867
2021-06-24 10:01:41,783.35,577867
2021-06-24 10:01:42,783.35,577873
2021-06-24 10:01:43,783.35,577873
2021-06-24 10:01:44,783.35,577873
2021-06-24 10:01:48,783.35,578176
2021-06-24 10:01:51,783.35,578176
2021-06-24 10:01:55,783.35,578186
2021-06-24 10:01:58,783.1,578271
2021-06-24 10:02:01,783.1,578424
2021-06-24 10:02:05,783.35,578434
2021-06-24 10:02:08,783.35,578444
2021-06-24 10:02:11,783.35,578719
2021-06-24 10:02:15,783.15,578935
2021-06-24 10:02:18,783.15,578956
2021-06-24 10:02:22,783.1,579076
2021-06-24 10:02:26,783.0,580151
2021-06-24 10:02:30,783.0,580589
2021-06-24 10:02:34,783.15,580599
2021-06-24 10:02:37,783.0,580678
2021-06-24 10:02:41,782.75,582373
2021-06-24 10:02:46,782.5,582888
2021-06-24 10:02:50,782.5,582888
2021-06-24 10:02:54,782.55,582968
2021-06-24 10:02:59,782.75,582988
2021-06-24 10:03:03,782.55,583105
2021-06-24 10:03:07,782.5,583193
2021-06-24 10:03:11,782.5,583222
2021-06-24 10:03:15,782.45,583327
2021-06-24 10:03:18,782.45,583377
2021-06-24 10:03:22,782.4,584097
2021-06-24 10:03:26,783.1,585986
2021-06-24 10:03:29,782.95,586230
2021-06-24 10:03:33,783.1,586251
2021-06-24 10:03:36,783.0,586437
2021-06-24 10:03:39,783.0,586465
2021-06-24 10:03:43,782.8,586579
2021-06-24 10:03:46,783.2,586918
2021-06-24 10:03:50,783.15,586929
2021-06-24 10:03:53,783.0,586950
2021-06-24 10:03:57,783.0,587251
2021-06-24 10:04:00,782.9,587573
2021-06-24 10:04:03,783.0,588088
2021-06-24 10:04:07,783.0,588088
2021-06-24 10:04:10,782.8,588205
2021-06-24 10:04:13,782.8,588205
2021-06-24 10:04:16,782.8,588205
2021-06-24 10:04:20,783.0,588470
2021-06-24 10:04:23,783.0,588470
2021-06-24 10:04:26,782.9,588520
2021-06-24 10:04:29,782.9,588735
2021-06-24 10:04:33,783.0,588996
2021-06-24 10:04:36,782.9,589013
2021-06-24 10:04:39,782.9,589038
2021-06-24 10:04:42,783.0,589039
2021-06-24 10:04:46,782.9,589111
2021-06-24 10:04:49,782.9,589113
2021-06-24 10:04:52,782.85,589454
2021-06-24 10:04:56,782.85,589814
2021-06-24 10:05:00,782.5,589935
2021-06-24 10:05:03,782.7,590081
2021-06-24 10:05:06,782.5,590203
2021-06-24 10:05:10,782.45,590993
2021-06-24 10:05:13,782.45,591096
2021-06-24 10:05:17,782.65,591176
2021-06-24 10:05:20,782.65,591176
2021-06-24 10:05:24,782.65,592187
2021-06-24 10:05:28,782.55,592317
2021-06-24 10:05:31,782.5,592342
2021-06-24 10:05:34,782.5,592857
2021-06-24 10:05:37,782.45,593190
2021-06-24 10:05:41,782.45,593884
2021-06-24 10:05:48,782.55,594141
2021-06-24 10:05:51,782.55,594141
2021-06-24 10:05:55,782.5,594362
2021-06-24 10:05:58,782.55,594395
2021-06-24 10:06:02,782.55,594745
2021-06-24 10:06:05,782.55,594849
2021-06-24 10:06:08,782.55,594898
2021-06-24 10:06:11,782.55,594913
2021-06-24 10:06:14,782.5,595068
2021-06-24 10:06:18,782.45,595225
2021-06-24 10:06:21,782.5,595318
2021-06-24 10:06:25,782.5,595745
2021-06-24 10:06:28,782.45,595835
2021-06-24 10:06:32,782.45,595835
2021-06-24 10:06:35,782.55,595995
2021-06-24 10:06:38,782.55,596024
2021-06-24 10:06:42,782.45,596067
2021-06-24 10:06:46,782.45,596456
2021-06-24 10:06:50,782.45,596943
2021-06-24 10:06:54,782.2,597500
2021-06-24 10:06:57,782.55,598000
2021-06-24 10:07:00,782.45,598100
2021-06-24 10:07:04,782.45,598160
2021-06-24 10:07:07,782.2,598197
2021-06-24 10:07:11,782.2,598197
2021-06-24 10:07:14,782.1,598251
2021-06-24 10:07:18,782.45,598426
2021-06-24 10:07:21,782.1,598427
2021-06-24 10:07:25,782.45,598479
2021-06-24 10:07:28,782.45,598479
2021-06-24 10:07:32,782.45,598482
2021-06-24 10:07:35,782.15,598524
2021-06-24 10:07:38,782.45,598550
2021-06-24 10:07:41,782.15,598670
2021-06-24 10:07:45,782.15,598820
2021-06-24 10:07:49,782.4,598870
2021-06-24 10:07:52,782.1,599177
2021-06-24 10:07:56,782.35,599223
2021-06-24 10:08:00,782.05,599269
2021-06-24 10:08:04,782.05,599369
2021-06-24 10:08:07,782.05,599503
2021-06-24 10:08:11,782.1,599543
2021-06-24 10:08:15,782.05,600743
2021-06-24 10:08:18,782.05,601224
2021-06-24 10:08:21,782.0,601508
2021-06-24 10:08:25,782.0,601656
2021-06-24 10:08:28,782.3,601766
2021-06-24 10:08:32,782.3,601790
2021-06-24 10:08:35,782.05,601915
2021-06-24 10:08:38,782.05,601915
2021-06-24 10:08:42,782.6,605662
2021-06-24 10:08:45,782.95,606008
2021-06-24 10:08:49,782.95,606185
2021-06-24 10:08:53,782.55,606230
2021-06-24 10:08:56,782.4,606465
2021-06-24 10:09:00,782.65,606568
2021-06-24 10:09:04,782.7,607295
2021-06-24 10:09:07,782.7,607368
2021-06-24 10:09:11,782.4,607403
2021-06-24 10:09:14,782.7,607457
2021-06-24 10:09:17,782.35,607687
2021-06-24 10:09:21,782.5,608249
2021-06-24 10:09:25,782.3,608295
2021-06-24 10:09:33,782.35,608358
2021-06-24 10:09:36,782.3,608469
2021-06-24 10:09:40,782.45,608484
2021-06-24 10:09:43,782.3,608534
2021-06-24 10:09:46,782.45,608588
2021-06-24 10:09:50,782.45,608771
2021-06-24 10:09:53,782.3,608786
2021-06-24 10:09:57,782.25,608966
2021-06-24 10:10:00,782.2,608980
2021-06-24 10:10:04,782.2,609815
2021-06-24 10:10:07,782.3,609825
2021-06-24 10:10:11,782.3,609834
2021-06-24 10:10:19,782.2,609853
2021-06-24 10:10:22,782.2,609859
2021-06-24 10:10:25,782.2,610094
2021-06-24 10:10:28,782.2,610096
2021-06-24 10:10:32,782.1,610104
2021-06-24 10:10:35,782.1,610104
2021-06-24 10:10:39,782.2,610110
2021-06-24 10:10:42,782.2,610112
2021-06-24 10:10:46,782.1,610388
2021-06-24 10:10:49,782.1,610471
2021-06-24 10:10:52,782.2,611809
2021-06-24 10:10:55,782.2,615121
2021-06-24 10:11:03,782.0,615755
2021-06-24 10:11:07,782.1,615795
2021-06-24 10:11:10,782.05,616028
2021-06-24 10:11:13,782.1,616087
2021-06-24 10:11:17,782.1,616104
2021-06-24 10:11:20,782.0,616154
2021-06-24 10:11:23,782.1,616155
2021-06-24 10:11:27,782.1,616468
2021-06-24 10:11:30,782.1,616571
2021-06-24 10:11:34,782.0,616603
2021-06-24 10:11:37,781.95,617147
2021-06-24 10:11:41,782.0,617295
2021-06-24 10:11:44,782.0,617466
2021-06-24 10:11:48,782.0,617478
2021-06-24 10:11:52,781.95,617493
2021-06-24 10:11:55,781.95,618611
2021-06-24 10:11:59,781.95,618625
2021-06-24 10:12:02,781.75,619044
2021-06-24 10:12:06,781.95,619164
2021-06-24 10:12:10,781.95,619184
2021-06-24 10:12:14,781.95,619288
2021-06-24 10:12:17,781.85,621459
2021-06-24 10:12:20,782.1,627752
2021-06-24 10:12:27,782.05,629015
2021-06-24 10:12:30,782.05,629066
2021-06-24 10:12:33,781.8,629275
2021-06-24 10:12:37,782.0,629376
2021-06-24 10:12:41,782.0,629376
2021-06-24 10:12:44,781.9,629379
2021-06-24 10:12:47,781.75,629430
2021-06-24 10:12:50,781.8,629610
2021-06-24 10:12:53,781.8,629611
2021-06-24 10:12:56,781.8,629611
2021-06-24 10:13:00,781.75,629881
2021-06-24 10:13:03,781.85,629941
2021-06-24 10:13:07,781.85,629961
2021-06-24 10:13:10,781.75,630202
2021-06-24 10:13:14,781.75,630204
2021-06-24 10:13:17,781.75,630208
2021-06-24 10:13:21,781.55,630229
2021-06-24 10:13:24,781.75,631180
2021-06-24 10:13:27,781.55,631321
2021-06-24 10:13:30,781.75,631739
2021-06-24 10:13:34,781.7,633339
2021-06-24 10:13:37,781.75,633858
2021-06-24 10:13:41,781.75,634132
2021-06-24 10:13:44,781.5,634333
2021-06-24 10:13:48,781.75,634594
2021-06-24 10:13:51,781.4,634719
2021-06-24 10:13:55,781.65,634842
2021-06-24 10:13:59,781.5,634850
2021-06-24 10:14:02,781.15,635652
2021-06-24 10:14:06,781.25,635808
2021-06-24 10:14:09,781.4,636026
2021-06-24 10:14:12,781.35,636092
2021-06-24 10:14:16,781.4,636811
2021-06-24 10:14:20,781.1,637160
2021-06-24 10:14:23,781.1,637160
2021-06-24 10:14:27,781.25,637245
2021-06-24 10:14:30,781.25,637256
2021-06-24 10:14:33,781.4,638776
2021-06-24 10:14:37,781.6,640719
2021-06-24 10:14:40,781.3,640928
2021-06-24 10:14:44,781.55,640999
2021-06-24 10:14:47,781.25,641018
2021-06-24 10:14:51,781.25,641049
2021-06-24 10:14:55,781.55,641066
2021-06-24 10:14:58,781.3,641086
2021-06-24 10:15:01,781.55,642979
2021-06-24 10:15:05,781.95,643575
2021-06-24 10:15:08,781.8,643643
2021-06-24 10:15:11,781.8,643728
2021-06-24 10:15:14,781.55,643738
2021-06-24 10:15:17,781.8,643747
2021-06-24 10:15:21,781.8,644091
2021-06-24 10:15:25,781.8,644112
2021-06-24 10:15:29,781.8,644115
2021-06-24 10:15:32,781.8,644160
2021-06-24 10:15:36,781.8,644346
2021-06-24 10:15:39,781.5,644356
2021-06-24 10:15:42,781.75,644381
2021-06-24 10:15:45,781.75,644381
2021-06-24 10:15:48,781.55,644410
2021-06-24 10:15:52,781.55,644622
2021-06-24 10:15:55,781.55,644873
2021-06-24 10:15:58,781.55,644876
2021-06-24 10:16:01,781.3,645281
2021-06-24 10:16:05,781.5,645283
2021-06-24 10:16:08,781.25,645397
2021-06-24 10:16:11,781.25,645509
2021-06-24 10:16:14,781.3,645525
2021-06-24 10:16:17,781.3,645575
2021-06-24 10:16:20,781.3,645575
2021-06-24 10:16:24,781.45,645776
2021-06-24 10:16:27,781.3,645797
2021-06-24 10:16:31,781.45,646885
2021-06-24 10:16:34,781.45,647740
2021-06-24 10:16:37,781.5,648316
2021-06-24 10:16:41,781.5,648403
2021-06-24 10:16:44,781.3,648495
2021-06-24 10:16:48,781.3,648510
2021-06-24 10:16:54,781.55,648514
2021-06-24 10:16:57,781.3,648749
2021-06-24 10:17:00,781.25,648901
2021-06-24 10:17:03,781.25,649030
2021-06-24 10:17:07,781.55,649184
2021-06-24 10:17:10,781.55,649184
2021-06-24 10:17:14,781.5,649611
2021-06-24 10:17:18,781.5,649680
2021-06-24 10:17:22,782.0,650494
2021-06-24 10:17:26,782.0,650604
2021-06-24 10:17:29,781.95,650611
2021-06-24 10:17:33,781.5,650637
2021-06-24 10:17:36,781.3,650662
2021-06-24 10:17:39,781.35,650663
2021-06-24 10:17:43,781.75,650684
2021-06-24 10:17:45,781.75,650684
2021-06-24 10:17:49,781.4,650727
2021-06-24 10:17:52,781.4,650727
2021-06-24 10:17:55,781.75,650728
2021-06-24 10:17:58,781.75,650728
2021-06-24 10:18:01,781.75,650730
2021-06-24 10:18:04,781.75,650741
2021-06-24 10:18:07,781.75,650805
2021-06-24 10:18:11,781.75,650813
2021-06-24 10:18:13,781.75,650817
2021-06-24 10:18:17,781.5,650879
2021-06-24 10:18:20,781.75,650979
2021-06-24 10:18:24,781.75,651388
2021-06-24 10:18:28,781.75,651391
2021-06-24 10:18:32,781.75,651436
2021-06-24 10:18:36,781.95,651437
2021-06-24 10:18:39,781.75,651462
2021-06-24 10:18:42,781.9,651638
2021-06-24 10:18:47,781.9,652074
2021-06-24 10:18:50,781.95,652167
2021-06-24 10:18:53,781.95,652283
2021-06-24 10:18:57,782.45,653222
2021-06-24 10:19:00,782.1,653223
2021-06-24 10:19:04,782.45,653323
2021-06-24 10:19:07,782.25,653391
2021-06-24 10:19:10,782.45,653477
2021-06-24 10:19:13,782.1,653582
2021-06-24 10:19:16,782.4,653682
2021-06-24 10:19:20,782.25,653707
2021-06-24 10:19:23,782.4,653743
2021-06-24 10:19:30,782.3,654055
2021-06-24 10:19:34,782.25,654405
2021-06-24 10:19:37,782.25,654407
2021-06-24 10:19:40,782.15,655109
2021-06-24 10:19:44,782.15,655134
2021-06-24 10:19:46,782.0,655138
2021-06-24 10:19:49,781.95,655490
2021-06-24 10:19:53,782.0,655636
2021-06-24 10:19:56,782.0,655746
2021-06-24 10:20:00,782.0,655817
2021-06-24 10:20:04,781.8,655953
2021-06-24 10:20:08,781.95,655973
2021-06-24 10:20:11,781.95,656059
2021-06-24 10:20:15,782.0,656759
2021-06-24 10:20:18,781.95,656817
2021-06-24 10:20:21,781.95,656817
2021-06-24 10:20:24,781.95,657828
2021-06-24 10:20:27,781.65,658005
2021-06-24 10:20:31,781.95,658067
2021-06-24 10:20:35,781.95,658075
2021-06-24 10:20:38,781.9,658126
2021-06-24 10:20:46,781.85,658133
2021-06-24 10:20:49,781.85,658158
2021-06-24 10:20:53,781.65,658209
2021-06-24 10:20:56,781.8,658368
2021-06-24 10:20:59,781.8,658385
2021-06-24 10:21:02,781.8,658500
2021-06-24 10:21:06,781.8,658588
2021-06-24 10:21:10,781.8,658684
2021-06-24 10:21:13,781.8,658692
2021-06-24 10:21:17,781.8,658772
2021-06-24 10:21:20,781.95,660603
2021-06-24 10:21:23,782.45,663203
2021-06-24 10:21:27,782.0,663633
2021-06-24 10:21:33,781.95,663644
2021-06-24 10:21:36,782.3,663696
2021-06-24 10:21:40,782.3,663706
2021-06-24 10:21:42,781.95,663708
2021-06-24 10:21:46,782.3,663714
2021-06-24 10:21:49,782.3,663747
2021-06-24 10:21:51,782.3,663747
2021-06-24 10:21:54,782.3,663753
2021-06-24 10:21:57,782.3,663792
2021-06-24 10:22:00,782.3,663892
2021-06-24 10:22:07,782.3,664188
2021-06-24 10:22:10,782.3,664208
2021-06-24 10:22:13,782.3,664244
2021-06-24 10:22:16,782.3,664261
2021-06-24 10:22:19,782.15,664995
2021-06-24 10:22:23,782.15,664997
2021-06-24 10:22:27,781.9,665007
2021-06-24 10:22:30,782.15,665015
2021-06-24 10:22:33,782.15,665015
2021-06-24 10:22:37,782.15,665015
2021-06-24 10:22:43,781.95,665158
2021-06-24 10:22:47,781.95,665212
2021-06-24 10:22:49,781.75,667350
2021-06-24 10:22:52,781.85,667380
2021-06-24 10:22:56,781.8,667392
2021-06-24 10:22:59,781.8,667945
2021-06-24 10:23:02,781.75,668012
2021-06-24 10:23:05,781.75,668081
2021-06-24 10:23:08,781.75,668081
2021-06-24 10:23:12,781.6,668117
2021-06-24 10:23:14,781.6,668117
2021-06-24 10:23:17,781.55,668207
2021-06-24 10:23:20,781.75,668208
2021-06-24 10:23:24,781.75,668208
2021-06-24 10:23:27,781.75,668299
2021-06-24 10:23:30,781.55,668349
2021-06-24 10:23:33,781.55,668349
2021-06-24 10:23:36,781.55,668349
2021-06-24 10:23:39,781.75,668374
2021-06-24 10:23:42,782.1,670406
2021-06-24 10:23:45,782.5,671099
2021-06-24 10:23:47,782.5,671099
2021-06-24 10:23:50,782.3,671114
2021-06-24 10:23:52,782.2,671164
2021-06-24 10:23:55,782.2,671164
2021-06-24 10:23:58,782.2,671164
2021-06-24 10:24:04,781.8,671911
2021-06-24 10:24:07,781.5,672714
2021-06-24 10:24:10,781.5,672850
2021-06-24 10:24:13,781.7,673857
2021-06-24 10:24:16,782.2,674437
2021-06-24 10:24:20,782.1,674450
2021-06-24 10:24:23,781.8,674493
2021-06-24 10:24:26,781.9,674589
2021-06-24 10:24:29,781.9,674706
2021-06-24 10:24:32,781.85,674718
2021-06-24 10:24:35,781.85,674753
2021-06-24 10:24:38,782.0,675461
2021-06-24 10:24:41,781.85,675549
2021-06-24 10:24:44,782.0,675635
2021-06-24 10:24:48,781.85,675637
2021-06-24 10:24:51,781.85,675687
2021-06-24 10:24:54,781.85,675742
2021-06-24 10:24:57,781.85,675742
2021-06-24 10:25:00,781.85,675742
2021-06-24 10:25:03,781.85,675776
2021-06-24 10:25:06,781.85,675779
2021-06-24 10:25:09,781.85,675779
2021-06-24 10:25:12,781.85,675799
2021-06-24 10:25:16,781.65,675999
2021-06-24 10:25:23,781.85,676084
2021-06-24 10:25:26,781.85,676183
2021-06-24 10:25:30,781.85,676303
2021-06-24 10:25:33,782.0,677089
2021-06-24 10:25:36,781.85,677090
2021-06-24 10:25:39,781.85,677356
2021-06-24 10:25:42,782.0,677425
2021-06-24 10:25:45,782.0,677580
2021-06-24 10:25:48,781.95,677788
2021-06-24 10:25:51,782.2,678107
2021-06-24 10:25:54,782.4,678614
2021-06-24 10:25:57,782.3,678615
2021-06-24 10:26:00,782.3,678615
2021-06-24 10:26:03,782.0,678620
2021-06-24 10:26:06,782.25,678622
2021-06-24 10:26:09,782.25,678702
2021-06-24 10:26:13,781.85,678712
2021-06-24 10:26:16,782.0,678762
2021-06-24 10:26:19,781.85,681329
2021-06-24 10:26:22,781.7,681704
2021-06-24 10:26:26,781.7,682285
2021-06-24 10:26:33,781.7,682340
2021-06-24 10:26:37,781.7,682340
2021-06-24 10:26:40,781.7,682340
2021-06-24 10:26:43,781.7,682365
2021-06-24 10:26:46,781.7,682676
2021-06-24 10:26:48,781.8,682746
2021-06-24 10:26:52,781.7,682758
2021-06-24 10:26:55,781.8,682759
2021-06-24 10:26:59,781.8,682759
2021-06-24 10:27:02,781.7,682851
2021-06-24 10:27:05,781.7,682928
2021-06-24 10:27:09,781.6,682959
2021-06-24 10:27:12,781.4,683449
2021-06-24 10:27:15,781.4,683449
2021-06-24 10:27:18,781.4,683556
2021-06-24 10:27:20,781.1,684770
2021-06-24 10:27:23,781.3,684825
2021-06-24 10:27:26,781.3,685066
2021-06-24 10:27:29,781.3,685089
2021-06-24 10:27:32,781.05,686089
2021-06-24 10:27:34,781.3,686538
2021-06-24 10:27:37,781.3,686605
2021-06-24 10:27:40,781.3,686615
2021-06-24 10:27:43,781.3,686742
2021-06-24 10:27:45,781.3,686844
2021-06-24 10:27:51,781.25,687854
2021-06-24 10:27:54,781.35,691462
2021-06-24 10:27:57,781.6,691858
2021-06-24 10:28:00,781.6,691957
2021-06-24 10:28:06,781.5,692434
2021-06-24 10:28:09,781.7,692557
2021-06-24 10:28:12,781.5,693731
2021-06-24 10:28:14,781.8,693923
2021-06-24 10:28:18,781.45,693996
2021-06-24 10:28:21,781.45,694009
2021-06-24 10:28:25,781.5,694114
2021-06-24 10:28:28,781.2,694163
2021-06-24 10:28:32,781.5,694247
2021-06-24 10:28:36,781.45,694367
2021-06-24 10:28:39,781.25,694775
2021-06-24 10:28:42,781.25,694938
2021-06-24 10:28:45,781.25,694938
2021-06-24 10:28:48,781.5,695158
2021-06-24 10:28:51,781.55,695323
2021-06-24 10:28:53,781.55,695323
2021-06-24 10:28:56,781.55,695362
2021-06-24 10:29:00,781.55,695362
2021-06-24 10:29:03,781.6,695369
2021-06-24 10:29:06,781.6,695521
2021-06-24 10:29:10,781.9,695649
2021-06-24 10:29:12,781.9,696196
2021-06-24 10:29:16,781.9,696348
2021-06-24 10:29:18,781.9,696438
2021-06-24 10:29:21,781.6,696518
2021-06-24 10:29:24,781.9,696773
2021-06-24 10:29:27,781.9,696774
2021-06-24 10:29:30,781.6,696874
2021-06-24 10:29:33,781.6,696874
2021-06-24 10:29:36,781.6,696874
2021-06-24 10:29:39,781.85,696880
2021-06-24 10:29:42,781.85,696882
2021-06-24 10:29:46,781.85,696885
2021-06-24 10:29:49,781.85,696886
2021-06-24 10:29:52,781.9,697179
2021-06-24 10:29:55,782.35,702782
2021-06-24 10:29:57,782.55,702882
2021-06-24 10:30:00,781.85,703013
2021-06-24 10:30:03,781.8,703536
2021-06-24 10:30:06,781.8,703537
2021-06-24 10:30:09,781.8,703537
2021-06-24 10:30:12,782.1,703599
2021-06-24 10:30:15,782.1,703599
2021-06-24 10:30:18,782.2,704344
2021-06-24 10:30:20,782.6,705000
2021-06-24 10:30:23,782.5,705016
2021-06-24 10:30:26,782.6,705748
2021-06-24 10:30:29,782.8,706118
2021-06-24 10:30:32,782.4,706241
2021-06-24 10:30:36,782.4,706245
2021-06-24 10:30:39,782.4,706248
2021-06-24 10:30:41,782.4,706259
2021-06-24 10:30:44,782.4,706859
2021-06-24 10:30:47,782.2,707566
2021-06-24 10:30:51,782.4,707668
2021-06-24 10:30:54,782.4,707748
2021-06-24 10:30:57,782.1,707873
2021-06-24 10:31:00,782.4,708091
2021-06-24 10:31:03,782.4,708091
2021-06-24 10:31:06,782.4,708511
2021-06-24 10:31:09,782.1,708513
2021-06-24 10:31:11,782.1,708513
2021-06-24 10:31:14,782.35,708514
2021-06-24 10:31:18,781.9,709133
2021-06-24 10:31:21,782.1,709412
2021-06-24 10:31:24,782.1,709412
2021-06-24 10:31:27,782.1,709462
2021-06-24 10:31:30,782.1,709462
2021-06-24 10:31:33,782.1,709473
2021-06-24 10:31:35,782.1,709475
2021-06-24 10:31:38,782.8,709881
2021-06-24 10:31:41,782.7,709883
2021-06-24 10:31:44,782.7,709901
2021-06-24 10:31:45,782.7,709918
2021-06-24 10:31:46,782.7,710618
2021-06-24 10:31:48,782.7,710618
2021-06-24 10:31:49,782.7,710618
2021-06-24 10:31:50,782.65,710628
2021-06-24 10:31:50,782.65,710628
2021-06-24 10:31:51,782.65,710632
2021-06-24 10:31:52,782.45,710732
2021-06-24 10:31:53,782.45,710732
2021-06-24 10:31:54,782.45,710732
2021-06-24 10:31:57,782.6,710735
2021-06-24 10:31:56,782.6,710735
2021-06-24 10:31:58,782.6,710735
2021-06-24 10:31:58,782.6,710735
2021-06-24 10:32:00,782.5,710741
2021-06-24 10:32:01,782.45,710956
2021-06-24 10:32:02,782.25,711080
2021-06-24 10:32:03,782.25,711080
2021-06-24 10:32:04,782.0,711191
2021-06-24 10:32:05,782.0,711191
2021-06-24 10:32:06,782.0,711191
2021-06-24 10:32:07,782.0,711191
2021-06-24 10:32:08,781.8,711268
2021-06-24 10:32:08,781.8,711268
2021-06-24 10:32:09,781.8,711268
2021-06-24 10:32:11,781.5,712822
2021-06-24 10:32:12,781.8,713024
2021-06-24 10:32:12,781.8,713024
2021-06-24 10:32:13,781.8,713163
2021-06-24 10:32:16,781.35,713213
2021-06-24 10:32:17,781.8,713265
2021-06-24 10:32:18,781.8,713265
2021-06-24 10:32:19,781.8,713265
2021-06-24 10:32:20,781.8,713265
2021-06-24 10:32:21,781.3,713339
2021-06-24 10:32:21,781.3,713339
2021-06-24 10:32:23,781.3,713339
2021-06-24 10:32:23,781.4,715339
2021-06-24 10:32:24,781.25,715341
2021-06-24 10:32:25,781.1,715441
2021-06-24 10:32:27,781.0,716244
2021-06-24 10:32:28,781.0,716244
2021-06-24 10:32:29,781.0,716444
2021-06-24 10:32:30,781.25,716494
2021-06-24 10:32:31,781.2,716557
2021-06-24 10:32:32,781.2,716557
2021-06-24 10:32:33,781.15,716558
2021-06-24 10:32:34,781.05,716560
2021-06-24 10:32:35,781.4,717960
2021-06-24 10:32:36,781.25,717968
2021-06-24 10:32:36,781.25,717968
2021-06-24 10:32:37,781.6,718019
2021-06-24 10:32:38,781.75,718817
2021-06-24 10:32:40,781.75,718817
2021-06-24 10:32:41,781.8,718818
2021-06-24 10:32:42,781.8,718818
2021-06-24 10:32:43,781.8,718818
2021-06-24 10:32:45,782.1,718822
2021-06-24 10:32:46,782.1,718822
2021-06-24 10:32:47,782.1,718822
2021-06-24 10:32:47,782.1,718822
2021-06-24 10:32:49,781.85,719417
2021-06-24 10:32:50,781.85,721008
2021-06-24 10:32:51,781.85,721008
2021-06-24 10:32:52,781.8,721338
2021-06-24 10:32:52,781.85,721138
2021-06-24 10:32:53,781.8,721338
2021-06-24 10:32:55,781.05,726091
2021-06-24 10:32:56,781.7,726736
2021-06-24 10:32:57,781.85,728216
2021-06-24 10:32:58,782.1,728385
2021-06-24 10:32:59,782.1,728385
2021-06-24 10:33:00,781.85,728417
2021-06-24 10:33:01,781.85,728417
2021-06-24 10:33:02,782.0,728493
2021-06-24 10:33:03,782.0,728493
2021-06-24 10:33:04,782.0,728493
2021-06-24 10:33:05,782.0,728555
2021-06-24 10:33:06,782.0,728555
2021-06-24 10:33:07,782.0,728555
2021-06-24 10:33:08,782.0,728555
2021-06-24 10:33:10,782.0,728555
2021-06-24 10:33:09,782.0,728555
2021-06-24 10:33:11,782.0,728555
2021-06-24 10:33:12,782.0,728555
2021-06-24 10:33:13,782.1,728558
2021-06-24 10:33:14,782.0,728608
2021-06-24 10:33:15,782.1,728862
2021-06-24 10:33:16,782.45,729029
2021-06-24 10:33:17,782.45,729029
2021-06-24 10:33:18,782.45,729029
2021-06-24 10:33:19,782.45,729029
2021-06-24 10:33:20,782.45,729029
2021-06-24 10:33:21,782.45,729029
2021-06-24 10:33:22,782.45,729029
2021-06-24 10:33:22,782.45,729029
2021-06-24 10:33:24,782.45,729029
2021-06-24 10:33:25,782.15,729036
2021-06-24 10:33:26,782.15,729036
2021-06-24 10:33:27,782.35,729056
2021-06-24 10:33:28,782.35,729056
2021-06-24 10:33:28,782.35,729056
2021-06-24 10:33:30,782.3,729078
2021-06-24 10:33:31,782.05,729098
2021-06-24 10:33:32,782.05,729098
2021-06-24 10:33:33,782.3,729101
2021-06-24 10:33:34,782.05,729102
2021-06-24 10:33:35,782.0,729107
2021-06-24 10:33:36,782.0,729107
2021-06-24 10:33:37,782.0,729107
2021-06-24 10:33:38,782.0,729107
2021-06-24 10:33:39,782.0,729107
2021-06-24 10:33:40,782.0,729107
2021-06-24 10:33:40,782.0,729168
2021-06-24 10:33:42,782.0,729168
2021-06-24 10:33:43,782.0,729168
2021-06-24 10:33:44,782.0,729168
2021-06-24 10:33:45,782.0,729168
2021-06-24 10:33:46,782.0,729168
2021-06-24 10:33:47,782.0,729168
2021-06-24 10:33:48,782.0,729168
2021-06-24 10:33:49,782.0,729168
2021-06-24 10:33:50,782.0,729168
2021-06-24 10:33:51,782.0,729168
2021-06-24 10:33:52,782.0,729168
2021-06-24 10:33:53,782.0,729168
2021-06-24 10:33:54,782.25,731556
2021-06-24 10:33:55,782.25,731556
2021-06-24 10:33:56,782.25,731556
2021-06-24 10:33:57,782.25,731556
2021-06-24 10:33:58,782.15,731695
2021-06-24 10:33:59,782.15,731695
2021-06-24 10:34:00,782.15,731695
2021-06-24 10:34:01,782.15,731695
2021-06-24 10:34:02,782.15,731695
2021-06-24 10:34:03,782.15,731695
2021-06-24 10:34:04,782.35,731795
2021-06-24 10:34:05,782.0,731805
2021-06-24 10:34:06,782.2,731809
2021-06-24 10:34:07,782.2,731809
2021-06-24 10:34:08,782.2,731809
2021-06-24 10:34:10,782.2,731809
2021-06-24 10:34:11,782.2,731809
2021-06-24 10:34:12,782.2,731809
2021-06-24 10:34:13,782.2,731809
2021-06-24 10:34:14,782.2,731809
2021-06-24 10:34:15,782.2,731809
2021-06-24 10:34:16,782.2,731809
2021-06-24 10:34:17,782.2,731809
2021-06-24 10:34:18,782.2,731809
2021-06-24 10:34:19,782.2,731909
2021-06-24 10:34:20,782.2,731929
2021-06-24 10:34:21,782.2,731929
2021-06-24 10:34:22,782.2,731929
2021-06-24 10:34:23,782.2,731932
2021-06-24 10:34:24,782.2,731932
2021-06-24 10:34:25,782.2,732057
2021-06-24 10:34:26,782.2,732183
2021-06-24 10:34:27,782.2,732183
2021-06-24 10:34:28,782.35,732208
2021-06-24 10:34:29,782.35,732208
2021-06-24 10:34:30,782.35,732208
2021-06-24 10:34:31,782.35,732208
2021-06-24 10:34:32,782.35,732208
2021-06-24 10:34:33,782.35,732208
2021-06-24 10:34:34,782.35,732208
2021-06-24 10:34:35,782.35,732208
2021-06-24 10:34:36,782.35,732208
2021-06-24 10:34:37,782.35,732400
2021-06-24 10:34:38,782.5,732467
2021-06-24 10:34:39,782.5,732467
2021-06-24 10:34:40,782.5,732656
2021-06-24 10:34:42,782.5,732708
2021-06-24 10:34:41,782.5,732708
2021-06-24 10:34:43,782.5,732708
2021-06-24 10:34:44,782.5,732708
2021-06-24 10:34:45,782.5,732708
2021-06-24 10:34:46,782.7,732711
2021-06-24 10:34:47,782.7,732711
2021-06-24 10:34:48,782.7,732711
2021-06-24 10:34:49,782.7,732752
2021-06-24 10:34:50,782.7,732754
2021-06-24 10:34:51,782.85,732954
2021-06-24 10:34:52,782.8,733011
2021-06-24 10:34:53,782.8,733011
2021-06-24 10:34:54,782.8,733011
2021-06-24 10:34:55,782.8,733011
2021-06-24 10:34:56,782.8,733011
2021-06-24 10:34:57,782.8,733011
2021-06-24 10:34:58,782.8,733011
2021-06-24 10:34:59,782.8,733011
2021-06-24 10:35:01,782.75,733062
2021-06-24 10:35:03,782.75,733062
2021-06-24 10:35:04,782.75,733062
2021-06-24 10:35:05,782.95,734622
2021-06-24 10:35:06,782.75,735500
2021-06-24 10:35:07,783.0,735672
2021-06-24 10:35:08,782.95,735677
2021-06-24 10:35:09,782.95,735679
2021-06-24 10:35:10,782.95,735679
2021-06-24 10:35:11,783.0,736379
2021-06-24 10:35:13,783.0,737518
2021-06-24 10:35:14,783.0,737518
2021-06-24 10:35:15,783.0,737518
2021-06-24 10:35:16,783.0,737518
2021-06-24 10:35:17,783.0,737943
2021-06-24 10:35:18,783.25,738113
2021-06-24 10:35:19,783.25,738113
2021-06-24 10:35:20,783.25,738113
2021-06-24 10:35:21,783.25,738113
2021-06-24 10:35:22,783.25,738150
2021-06-24 10:35:23,783.25,738165
2021-06-24 10:35:24,783.25,738165
2021-06-24 10:35:25,783.25,738165
2021-06-24 10:35:26,783.25,738165
2021-06-24 10:35:27,783.5,738365
2021-06-24 10:35:28,783.45,738452
2021-06-24 10:35:29,783.45,738452
2021-06-24 10:35:30,783.25,738457
2021-06-24 10:35:31,783.25,738457
2021-06-24 10:35:32,783.25,738459
2021-06-24 10:35:33,783.45,738468
2021-06-24 10:35:34,783.25,738551
2021-06-24 10:35:35,783.25,738551
2021-06-24 10:35:36,783.25,738700
2021-06-24 10:35:37,783.25,738700
2021-06-24 10:35:38,783.25,738700
2021-06-24 10:35:39,783.25,738700
2021-06-24 10:35:40,783.25,738700
2021-06-24 10:35:42,783.25,738700
2021-06-24 10:35:43,783.25,738700
2021-06-24 10:35:44,783.25,738700
2021-06-24 10:35:45,783.25,738700
2021-06-24 10:35:46,783.4,738732
2021-06-24 10:35:47,783.4,738732
2021-06-24 10:35:48,783.4,738732
2021-06-24 10:35:49,783.35,738733
2021-06-24 10:35:50,783.35,738778
2021-06-24 10:35:51,783.5,739293
2021-06-24 10:35:52,783.45,739449
2021-06-24 10:35:53,783.45,739449
2021-06-24 10:35:54,783.45,739449
2021-06-24 10:35:55,783.2,739457
2021-06-24 10:35:56,783.2,739457
2021-06-24 10:35:57,783.2,739477
2021-06-24 10:35:58,783.2,739477
2021-06-24 10:35:59,783.2,739477
2021-06-24 10:36:00,783.55,740178
2021-06-24 10:36:01,783.7,740369
2021-06-24 10:36:02,783.6,740374
2021-06-24 10:36:03,783.6,740374
2021-06-24 10:36:04,783.55,740431
2021-06-24 10:36:05,783.2,740529
2021-06-24 10:36:06,783.55,740622
2021-06-24 10:36:07,783.55,740622
2021-06-24 10:36:08,783.55,740622
2021-06-24 10:36:09,783.55,740622
2021-06-24 10:36:10,783.2,740623
2021-06-24 10:36:11,783.2,740623
2021-06-24 10:36:12,783.2,740624
2021-06-24 10:36:13,783.2,740624
2021-06-24 10:36:14,783.6,741375
2021-06-24 10:36:15,783.7,741561
2021-06-24 10:36:17,783.7,741561
2021-06-24 10:36:18,783.7,741695
2021-06-24 10:36:18,783.7,741758
2021-06-24 10:36:19,783.75,742094
2021-06-24 10:36:20,783.5,742251
2021-06-24 10:36:21,783.5,742251
2021-06-24 10:36:22,783.7,742351
2021-06-24 10:36:23,783.75,742407
2021-06-24 10:36:24,783.75,742407
2021-06-24 10:36:26,783.75,742547
2021-06-24 10:36:26,783.75,742547
2021-06-24 10:36:28,783.55,742574
2021-06-24 10:36:29,783.75,742586
2021-06-24 10:36:30,783.8,742636
2021-06-24 10:36:31,783.55,742666
2021-06-24 10:36:32,783.8,742721
2021-06-24 10:36:34,783.8,742821
2021-06-24 10:36:34,783.8,742821
2021-06-24 10:36:36,783.8,742866
2021-06-24 10:36:36,783.8,742866
2021-06-24 10:36:38,784.0,744754
2021-06-24 10:36:38,784.0,745706
2021-06-24 10:36:39,783.9,746060
2021-06-24 10:36:40,784.15,746065
2021-06-24 10:36:42,784.45,746251
2021-06-24 10:36:43,784.45,746286
2021-06-24 10:36:45,784.45,746310
2021-06-24 10:36:45,784.45,746310
2021-06-24 10:36:46,784.45,746310
2021-06-24 10:36:47,784.45,746321
2021-06-24 10:36:48,784.35,746690
2021-06-24 10:36:49,784.35,746690
2021-06-24 10:36:50,784.35,746694
2021-06-24 10:36:51,784.05,746720
2021-06-24 10:36:52,784.25,746721
2021-06-24 10:36:53,784.25,747428
2021-06-24 10:36:54,784.35,747590
2021-06-24 10:36:55,784.35,747590
2021-06-24 10:36:56,784.2,747594
2021-06-24 10:36:57,784.0,747729
2021-06-24 10:36:58,784.0,747841
2021-06-24 10:36:59,784.0,747841
2021-06-24 10:37:00,784.0,747843
2021-06-24 10:37:01,784.0,747843
2021-06-24 10:37:02,784.0,747902
2021-06-24 10:37:03,784.25,747907
2021-06-24 10:37:04,784.0,747990
2021-06-24 10:37:05,784.0,748014
2021-06-24 10:37:06,783.85,748147
2021-06-24 10:37:07,783.85,748167
2021-06-24 10:37:08,783.85,748168
2021-06-24 10:37:09,783.8,748173
2021-06-24 10:37:10,783.85,748592
2021-06-24 10:37:11,783.85,748792
2021-06-24 10:37:12,784.0,748892
2021-06-24 10:37:13,784.0,748892
2021-06-24 10:37:14,784.45,749438
2021-06-24 10:37:15,784.5,749553
2021-06-24 10:37:16,784.45,749623
2021-06-24 10:37:17,785.0,768427
2021-06-24 10:37:18,784.55,780175
2021-06-24 10:37:19,784.5,782774
2021-06-24 10:37:20,784.75,783704
2021-06-24 10:37:21,784.6,783754
2021-06-24 10:37:22,784.4,783766
2021-06-24 10:37:23,784.65,783786
2021-06-24 10:37:24,784.65,783936
2021-06-24 10:37:25,784.65,783941
2021-06-24 10:37:26,784.65,783941
2021-06-24 10:37:27,784.4,784671
2021-06-24 10:37:28,784.45,784820
2021-06-24 10:37:29,784.3,784900
2021-06-24 10:37:30,784.4,784919
2021-06-24 10:37:31,784.45,785000
2021-06-24 10:37:32,784.3,785399
2021-06-24 10:37:33,784.3,785399
2021-06-24 10:37:34,784.4,785633
2021-06-24 10:37:35,784.25,786612
2021-06-24 10:37:36,784.4,787198
2021-06-24 10:37:37,784.4,787407
2021-06-24 10:37:38,784.4,787518
2021-06-24 10:37:39,784.65,787720
2021-06-24 10:37:40,784.65,787720
2021-06-24 10:37:41,784.65,787720
2021-06-24 10:37:42,784.65,787720
2021-06-24 10:37:43,784.45,787760
2021-06-24 10:37:44,784.45,787830
2021-06-24 10:37:45,784.65,788105
2021-06-24 10:37:46,784.65,788105
2021-06-24 10:37:47,784.4,788107
2021-06-24 10:37:49,784.65,788137
2021-06-24 10:37:50,784.3,788323
2021-06-24 10:37:51,784.85,788623
2021-06-24 10:37:52,784.4,788723
2021-06-24 10:37:53,784.4,788723
2021-06-24 10:37:54,784.4,788723
2021-06-24 10:37:55,784.35,788773
2021-06-24 10:37:56,784.35,788773
2021-06-24 10:37:57,784.3,788923
2021-06-24 10:37:58,784.3,788923
2021-06-24 10:37:59,784.3,789962
2021-06-24 10:38:00,785.15,792723
2021-06-24 10:38:01,785.1,793285
2021-06-24 10:38:02,785.1,793285
2021-06-24 10:38:03,784.65,793491
2021-06-24 10:38:04,784.45,793495
2021-06-24 10:38:05,784.45,793495
2021-06-24 10:38:06,784.6,793530
2021-06-24 10:38:07,784.45,793695
2021-06-24 10:38:08,784.4,793697
2021-06-24 10:38:10,784.6,793699
2021-06-24 10:38:11,784.35,793924
2021-06-24 10:38:11,784.35,793924
2021-06-24 10:38:12,784.35,793937
2021-06-24 10:38:13,784.35,793948
2021-06-24 10:38:14,784.3,795090
2021-06-24 10:38:15,784.3,795090
2021-06-24 10:38:16,784.25,795110
2021-06-24 10:38:17,784.2,795160
2021-06-24 10:38:18,784.15,795402
2021-06-24 10:38:19,784.2,795414
2021-06-24 10:38:20,784.2,795414
2021-06-24 10:38:21,784.05,795464
2021-06-24 10:38:23,784.05,795464
2021-06-24 10:38:23,784.05,795464
2021-06-24 10:38:24,784.05,795464
2021-06-24 10:38:25,784.2,795465
2021-06-24 10:38:27,784.2,795465
2021-06-24 10:38:28,784.2,795465
2021-06-24 10:38:28,784.2,795465
2021-06-24 10:38:30,784.2,795475
2021-06-24 10:38:31,784.2,795475
2021-06-24 10:38:32,784.2,795475
2021-06-24 10:38:32,784.2,795475
2021-06-24 10:38:33,784.2,795510
2021-06-24 10:38:34,784.05,795511
2021-06-24 10:38:35,784.05,795511
2021-06-24 10:38:36,784.2,795521
2021-06-24 10:38:37,784.0,795671
2021-06-24 10:38:38,784.0,795671
2021-06-24 10:38:39,784.2,795681
2021-06-24 10:38:40,784.2,795781
2021-06-24 10:38:42,784.0,795794
2021-06-24 10:38:43,784.0,795869
2021-06-24 10:38:44,784.0,795869
2021-06-24 10:38:45,784.05,796879
2021-06-24 10:38:46,784.05,796879
2021-06-24 10:38:47,784.05,797154
2021-06-24 10:38:47,784.05,797154
2021-06-24 10:38:48,784.05,797154
2021-06-24 10:38:49,784.05,797168
2021-06-24 10:38:50,784.05,797168
2021-06-24 10:38:51,784.05,797173
2021-06-24 10:38:52,784.05,797173
2021-06-24 10:38:55,784.35,797258
2021-06-24 10:38:56,784.35,797259
2021-06-24 10:38:57,784.35,797259
2021-06-24 10:38:58,784.35,797259
2021-06-24 10:38:59,784.35,797259
2021-06-24 10:39:00,784.35,797259
2021-06-24 10:39:01,784.35,797349
2021-06-24 10:39:02,784.35,797351
2021-06-24 10:39:03,784.35,797351
2021-06-24 10:39:04,784.35,797356
2021-06-24 10:39:05,784.35,797356
2021-06-24 10:39:06,784.35,797358
2021-06-24 10:39:07,784.35,797358
2021-06-24 10:39:08,784.35,797360
2021-06-24 10:39:09,784.45,797363
2021-06-24 10:39:11,784.4,797560
2021-06-24 10:39:12,784.4,797560
2021-06-24 10:39:13,784.4,797563
2021-06-24 10:39:14,784.45,797564
2021-06-24 10:39:15,784.45,797564
2021-06-24 10:39:16,784.85,797930
2021-06-24 10:39:17,784.85,797930
2021-06-24 10:39:18,784.9,797981
2021-06-24 10:39:19,784.9,797981
2021-06-24 10:39:21,784.9,797981
2021-06-24 10:39:21,785.0,798681
2021-06-24 10:39:22,784.95,798706
2021-06-24 10:39:23,784.8,798726
2021-06-24 10:39:24,785.0,799011
2021-06-24 10:39:25,785.0,799011
2021-06-24 10:39:27,785.0,799011
2021-06-24 10:39:28,784.8,799025
2021-06-24 10:39:29,784.8,799035
2021-06-24 10:39:30,784.8,799035
2021-06-24 10:39:31,784.95,799044
2021-06-24 10:39:32,784.95,799044
2021-06-24 10:39:34,784.95,799048
2021-06-24 10:39:34,784.95,799050
2021-06-24 10:39:35,784.95,799075
2021-06-24 10:39:36,784.8,799178
2021-06-24 10:39:37,784.8,799228
2021-06-24 10:39:38,784.45,799582
2021-06-24 10:39:39,784.1,799803
2021-06-24 10:39:40,784.1,799803
2021-06-24 10:39:41,784.55,800053
2021-06-24 10:39:42,784.55,800053
2021-06-24 10:39:43,784.55,800053
2021-06-24 10:39:44,784.35,800103
2021-06-24 10:39:45,784.3,800153
2021-06-24 10:39:46,784.3,800153
2021-06-24 10:39:47,784.3,800153
2021-06-24 10:39:48,784.3,800153
2021-06-24 10:39:49,784.3,800153
2021-06-24 10:39:50,784.25,800155
2021-06-24 10:39:51,784.3,800176
2021-06-24 10:39:52,784.3,800176
2021-06-24 10:39:53,784.0,800676
2021-06-24 10:39:54,784.0,800676
2021-06-24 10:39:55,784.0,800896
2021-06-24 10:39:56,784.0,800896
2021-06-24 10:39:58,784.0,800896
2021-06-24 10:39:59,784.3,800897
2021-06-24 10:40:00,784.3,800897
2021-06-24 10:40:01,784.05,800912
2021-06-24 10:40:03,784.3,800942
2021-06-24 10:40:03,784.55,801746
2021-06-24 10:40:04,784.55,801746
2021-06-24 10:40:05,784.55,801746
2021-06-24 10:40:06,784.55,801746
2021-06-24 10:40:07,784.55,801746
2021-06-24 10:40:08,784.5,802447
2021-06-24 10:40:09,784.95,802501
2021-06-24 10:40:10,784.55,802536
2021-06-24 10:40:11,784.9,802590
2021-06-24 10:40:12,784.9,802590
2021-06-24 10:40:13,784.9,802590
2021-06-24 10:40:14,784.9,802590
2021-06-24 10:40:15,784.9,802590
2021-06-24 10:40:16,784.85,803363
2021-06-24 10:40:17,784.85,803363
2021-06-24 10:40:18,784.85,803548
2021-06-24 10:40:19,784.55,803931
2021-06-24 10:40:21,784.5,804245
2021-06-24 10:40:22,784.75,804294
2021-06-24 10:40:22,784.5,804274
2021-06-24 10:40:23,784.75,804294
2021-06-24 10:40:24,784.8,804494
2021-06-24 10:40:26,784.8,804521
2021-06-24 10:40:28,784.55,804531
2021-06-24 10:40:29,784.55,804531
2021-06-24 10:40:30,784.55,804531
2021-06-24 10:40:31,784.65,804592
2021-06-24 10:40:32,784.65,804592
2021-06-24 10:40:33,784.55,804602
2021-06-24 10:40:34,784.65,804603
2021-06-24 10:40:35,784.65,804638
2021-06-24 10:40:36,784.65,804638
2021-06-24 10:40:37,784.7,805461
2021-06-24 10:40:38,784.7,805461
2021-06-24 10:40:38,784.7,805461
2021-06-24 10:40:39,784.7,805461
2021-06-24 10:40:40,784.85,808046
2021-06-24 10:40:41,784.9,808612
2021-06-24 10:40:42,785.0,808723
2021-06-24 10:40:43,785.0,809271
2021-06-24 10:40:44,785.0,809400
2021-06-24 10:40:45,785.0,810060
2021-06-24 10:40:46,785.0,810215
2021-06-24 10:40:47,785.2,812529
2021-06-24 10:40:48,785.35,813264
2021-06-24 10:40:50,785.9,814316
2021-06-24 10:40:51,785.95,814520
2021-06-24 10:40:52,785.45,814590
2021-06-24 10:40:53,785.45,814590
2021-06-24 10:40:54,786.0,815596
2021-06-24 10:40:55,785.5,815948
2021-06-24 10:40:57,785.7,816548
2021-06-24 10:40:58,785.7,816573
2021-06-24 10:40:59,785.45,816773
2021-06-24 10:40:59,785.55,817013
2021-06-24 10:41:00,785.4,817321
2021-06-24 10:41:02,785.45,817886
2021-06-24 10:41:03,785.45,817891
2021-06-24 10:41:04,785.5,817892
2021-06-24 10:41:05,785.6,817902
2021-06-24 10:41:06,785.7,818139
2021-06-24 10:41:07,785.7,819365
2021-06-24 10:41:08,785.65,819415
2021-06-24 10:41:09,785.85,819500
2021-06-24 10:41:10,785.85,819523
2021-06-24 10:41:11,785.85,819551
2021-06-24 10:41:12,785.85,819551
2021-06-24 10:41:13,785.65,819591
2021-06-24 10:41:14,785.65,819591
2021-06-24 10:41:15,785.65,819591
2021-06-24 10:41:16,785.7,819919
2021-06-24 10:41:17,785.95,819992
2021-06-24 10:41:18,785.65,819994
2021-06-24 10:41:19,785.85,820074
2021-06-24 10:41:20,785.85,820190
2021-06-24 10:41:21,785.65,820283
2021-06-24 10:41:22,785.65,820303
2021-06-24 10:41:23,785.6,820599
2021-06-24 10:41:24,785.5,822399
2021-06-24 10:41:25,785.5,822529
2021-06-24 10:41:26,785.5,822529
2021-06-24 10:41:28,785.2,822639
2021-06-24 10:41:29,785.15,822671
2021-06-24 10:41:30,785.1,822870
2021-06-24 10:41:31,785.1,822870
2021-06-24 10:41:32,785.15,823170
2021-06-24 10:41:33,785.15,823282
2021-06-24 10:41:34,785.25,823485
2021-06-24 10:41:35,785.35,824137
2021-06-24 10:41:35,785.35,824137
2021-06-24 10:41:36,785.3,824172
2021-06-24 10:41:37,785.3,824172
2021-06-24 10:41:38,785.3,824172
2021-06-24 10:41:39,785.3,824222
2021-06-24 10:41:40,785.3,824318
2021-06-24 10:41:41,785.25,824351
2021-06-24 10:41:42,785.5,824481
2021-06-24 10:41:43,785.5,824784
2021-06-24 10:41:44,785.5,824888
2021-06-24 10:41:45,785.65,824949
2021-06-24 10:41:46,785.65,824952
2021-06-24 10:41:48,785.5,825034
2021-06-24 10:41:49,785.5,825038
2021-06-24 10:41:50,785.5,825038
2021-06-24 10:41:51,785.5,825038
2021-06-24 10:41:52,785.6,825044
2021-06-24 10:41:53,785.6,825044
2021-06-24 10:41:54,785.6,825045
2021-06-24 10:41:55,785.6,825045
2021-06-24 10:41:56,785.6,825045
2021-06-24 10:41:56,785.6,825045
2021-06-24 10:41:57,785.6,825154
2021-06-24 10:41:58,785.6,825154
2021-06-24 10:41:59,785.5,825179
2021-06-24 10:42:00,785.25,825369
2021-06-24 10:42:02,785.25,825369
2021-06-24 10:42:03,785.25,825369
2021-06-24 10:42:04,785.25,825369
2021-06-24 10:42:05,785.45,825379
2021-06-24 10:42:06,785.45,825379
2021-06-24 10:42:07,785.6,825802
2021-06-24 10:42:08,785.75,826190
2021-06-24 10:42:09,785.75,826190
2021-06-24 10:42:10,785.7,826210
2021-06-24 10:42:11,785.7,826210
2021-06-24 10:42:13,785.3,826235
2021-06-24 10:42:14,785.55,826260
2021-06-24 10:42:15,785.55,826270
2021-06-24 10:42:16,785.55,826478
2021-06-24 10:42:16,785.55,826478
2021-06-24 10:42:17,785.55,826479
2021-06-24 10:42:18,785.55,826479
2021-06-24 10:42:19,785.55,826480
2021-06-24 10:42:20,785.8,827359
2021-06-24 10:42:21,785.85,828059
2021-06-24 10:42:23,785.85,828059
2021-06-24 10:42:24,785.6,828092
2021-06-24 10:42:24,785.85,828094
2021-06-24 10:42:26,785.55,828276
2021-06-24 10:42:27,785.55,828276
2021-06-24 10:42:28,785.55,828276
2021-06-24 10:42:29,785.8,828290
2021-06-24 10:42:29,785.55,828276
2021-06-24 10:42:30,785.55,828390
2021-06-24 10:42:31,785.8,828490
2021-06-24 10:42:32,785.7,828505
2021-06-24 10:42:34,785.65,828508
2021-06-24 10:42:35,785.55,828675
2021-06-24 10:42:36,785.55,828812
2021-06-24 10:42:37,785.55,828813
2021-06-24 10:42:38,785.6,828828
2021-06-24 10:42:38,785.6,828828
2021-06-24 10:42:39,785.8,828860
2021-06-24 10:42:40,785.8,828876
2021-06-24 10:42:41,785.6,829002
2021-06-24 10:42:42,785.8,829620
2021-06-24 10:42:43,785.85,829651
2021-06-24 10:42:44,785.75,829714
2021-06-24 10:42:45,785.75,829841
2021-06-24 10:42:46,785.75,829845
2021-06-24 10:42:48,785.7,829847
2021-06-24 10:42:49,785.75,829848
2021-06-24 10:42:50,785.75,829877
2021-06-24 10:42:51,785.75,829877
2021-06-24 10:42:52,785.8,830081
2021-06-24 10:42:53,785.75,830151
2021-06-24 10:42:54,785.7,830244
2021-06-24 10:42:55,785.7,830261
2021-06-24 10:42:56,785.6,830284
2021-06-24 10:42:57,785.75,830537
2021-06-24 10:42:57,785.75,830563
2021-06-24 10:42:58,785.75,830563
2021-06-24 10:42:59,785.7,830589
2021-06-24 10:43:01,785.6,830622
2021-06-24 10:43:02,785.5,831910
2021-06-24 10:43:03,785.45,831992
2021-06-24 10:43:04,785.45,831992
2021-06-24 10:43:04,785.45,832509
2021-06-24 10:43:05,785.45,832539
2021-06-24 10:43:06,785.25,832549
2021-06-24 10:43:08,784.9,837689
2021-06-24 10:43:09,785.0,839671
2021-06-24 10:43:10,785.25,839743
2021-06-24 10:43:11,784.9,840255
2021-06-24 10:43:12,784.9,840255
2021-06-24 10:43:13,784.9,840255
2021-06-24 10:43:14,784.9,840255
2021-06-24 10:43:15,785.25,840269
2021-06-24 10:43:17,785.05,840319
2021-06-24 10:43:18,785.05,840319
2021-06-24 10:43:18,785.05,840319
2021-06-24 10:43:19,785.05,840319
2021-06-24 10:43:21,785.25,840325
2021-06-24 10:43:22,785.05,840375
2021-06-24 10:43:23,785.05,840387
2021-06-24 10:43:24,785.05,840462
2021-06-24 10:43:25,785.25,840544
2021-06-24 10:43:26,785.25,840544
2021-06-24 10:43:27,785.25,840563
2021-06-24 10:43:28,785.25,840563
2021-06-24 10:43:29,785.25,840573
2021-06-24 10:43:30,785.25,840573
2021-06-24 10:43:31,785.25,840778
2021-06-24 10:43:32,785.25,840846
2021-06-24 10:43:33,785.25,840848
2021-06-24 10:43:34,785.0,841399
2021-06-24 10:43:35,785.0,841399
2021-06-24 10:43:36,785.0,842899
2021-06-24 10:43:37,785.0,843358
2021-06-24 10:43:38,785.0,843418
2021-06-24 10:43:39,785.0,843418
2021-06-24 10:43:39,785.0,843418
2021-06-24 10:43:40,785.2,843918
2021-06-24 10:43:41,785.15,845051
2021-06-24 10:43:42,785.15,845051
2021-06-24 10:43:44,785.5,845121
2021-06-24 10:43:44,785.5,845121
2021-06-24 10:43:45,785.55,845196
2021-06-24 10:43:47,785.6,845258
2021-06-24 10:43:48,785.6,845258
2021-06-24 10:43:49,785.7,845264
2021-06-24 10:43:50,785.8,846076
2021-06-24 10:43:51,785.8,846279
2021-06-24 10:43:52,785.8,846339
2021-06-24 10:43:53,785.8,846449
2021-06-24 10:43:54,785.8,846574
2021-06-24 10:43:56,785.7,847297
2021-06-24 10:43:55,785.8,846589
2021-06-24 10:43:57,785.8,848504
2021-06-24 10:43:57,785.85,848032
2021-06-24 10:43:58,785.5,849752
2021-06-24 10:44:00,785.9,850039
2021-06-24 10:44:01,785.7,850346
2021-06-24 10:44:02,785.9,850519
2021-06-24 10:44:03,785.9,850525
2021-06-24 10:44:03,785.9,850525
2021-06-24 10:44:04,785.9,861074
2021-06-24 10:44:05,786.15,861581
2021-06-24 10:44:07,786.05,861618
2021-06-24 10:44:08,786.05,861731
2021-06-24 10:44:09,786.15,861752
2021-06-24 10:44:10,786.05,861862
2021-06-24 10:44:10,786.15,861985
2021-06-24 10:44:11,786.05,862085
2021-06-24 10:44:12,786.15,862447
2021-06-24 10:44:13,786.15,862448
2021-06-24 10:44:15,786.15,862548
2021-06-24 10:44:16,786.0,862578
2021-06-24 10:44:17,786.0,862608
2021-06-24 10:44:18,786.0,867764
2021-06-24 10:44:19,785.8,868092
2021-06-24 10:44:20,785.8,868092
2021-06-24 10:44:21,786.1,869603
2021-06-24 10:44:22,786.1,869603
2021-06-24 10:44:23,786.0,870731
2021-06-24 10:44:24,786.0,870783
2021-06-24 10:44:26,786.15,870809
2021-06-24 10:44:27,786.25,872014
2021-06-24 10:44:28,786.2,872021
2021-06-24 10:44:29,785.85,873228
2021-06-24 10:44:30,785.8,873543
2021-06-24 10:44:31,786.15,873544
2021-06-24 10:44:32,785.95,873946
2021-06-24 10:44:33,786.1,874249
2021-06-24 10:44:34,785.9,877455
2021-06-24 10:44:35,786.0,878251
2021-06-24 10:44:36,786.0,878251
2021-06-24 10:44:38,786.0,879486
2021-06-24 10:44:39,786.0,879486
2021-06-24 10:44:40,786.3,879494
2021-06-24 10:44:41,786.0,879560
2021-06-24 10:44:42,786.0,880646
2021-06-24 10:44:43,786.2,880667
2021-06-24 10:44:44,786.25,881504
2021-06-24 10:44:45,786.0,881824
2021-06-24 10:44:46,786.0,882086
2021-06-24 10:44:47,786.0,882111
2021-06-24 10:44:48,786.2,882195
2021-06-24 10:44:49,786.2,882210
2021-06-24 10:44:50,786.2,882260
2021-06-24 10:44:51,786.2,882260
2021-06-24 10:44:52,786.0,882760
2021-06-24 10:44:53,786.25,882822
2021-06-24 10:44:54,786.25,882822
2021-06-24 10:44:55,786.25,883175
2021-06-24 10:44:56,786.25,883175
2021-06-24 10:44:57,785.6,884979
2021-06-24 10:44:59,785.6,884979
2021-06-24 10:44:58,785.6,884979
2021-06-24 10:45:00,785.65,884990
2021-06-24 10:45:01,785.65,884990
2021-06-24 10:45:02,785.65,885107
2021-06-24 10:45:03,785.95,885208
2021-06-24 10:45:04,785.95,885208
2021-06-24 10:45:06,785.65,885223
2021-06-24 10:45:07,785.65,885223
2021-06-24 10:45:09,785.95,885234
2021-06-24 10:45:08,785.95,885234
2021-06-24 10:45:10,785.85,885305
2021-06-24 10:45:11,785.95,885599
2021-06-24 10:45:12,785.95,885599
2021-06-24 10:45:13,785.95,885770
2021-06-24 10:45:14,785.95,885770
2021-06-24 10:45:15,785.95,885880
2021-06-24 10:45:16,785.7,885915
2021-06-24 10:45:17,785.95,885918
2021-06-24 10:45:18,785.95,885919
2021-06-24 10:45:19,785.95,885919
2021-06-24 10:45:20,785.95,885919
2021-06-24 10:45:21,785.95,885919
2021-06-24 10:45:22,785.7,886019
2021-06-24 10:45:23,785.7,886028
2021-06-24 10:45:24,785.7,886028
2021-06-24 10:45:25,785.85,887056
2021-06-24 10:45:26,785.85,887056
2021-06-24 10:45:27,785.9,887458
2021-06-24 10:45:28,785.9,887460
2021-06-24 10:45:29,785.9,887564
2021-06-24 10:45:30,786.15,889551
2021-06-24 10:45:31,786.2,889641
2021-06-24 10:45:32,786.2,889641
2021-06-24 10:45:33,785.95,889811
2021-06-24 10:45:34,785.95,889958
2021-06-24 10:45:35,786.15,890032
2021-06-24 10:45:36,786.0,891864
2021-06-24 10:45:37,786.0,891905
2021-06-24 10:45:38,786.0,892265
2021-06-24 10:45:39,786.0,892265
2021-06-24 10:45:40,786.0,892265
2021-06-24 10:45:41,786.0,892270
2021-06-24 10:45:42,786.0,892270
2021-06-24 10:45:43,786.2,892344
2021-06-24 10:45:44,786.25,892623
2021-06-24 10:45:45,786.25,892639
2021-06-24 10:45:46,786.25,892639
2021-06-24 10:45:47,786.3,892921
2021-06-24 10:45:48,786.3,893671
2021-06-24 10:45:49,786.3,894076
2021-06-24 10:45:50,786.3,894076
2021-06-24 10:45:52,786.25,894266
2021-06-24 10:45:53,786.25,894266
2021-06-24 10:45:54,785.95,894394
2021-06-24 10:45:55,786.15,894551
2021-06-24 10:45:56,786.0,894560
2021-06-24 10:45:57,786.0,894560
2021-06-24 10:45:58,786.8,896701
2021-06-24 10:45:59,786.25,897476
2021-06-24 10:46:00,786.65,897731
2021-06-24 10:46:01,786.7,897774
2021-06-24 10:46:02,786.7,897774
2021-06-24 10:46:03,786.5,897790
2021-06-24 10:46:04,786.5,897834
2021-06-24 10:46:05,786.7,897887
2021-06-24 10:46:06,786.7,897887
2021-06-24 10:46:07,786.7,897895
2021-06-24 10:46:09,786.7,898660
2021-06-24 10:46:10,786.5,898710
2021-06-24 10:46:11,786.7,899960
2021-06-24 10:46:12,786.8,900453
2021-06-24 10:46:13,786.85,900681
2021-06-24 10:46:14,786.85,900872
2021-06-24 10:46:15,786.5,901424
2021-06-24 10:46:16,786.5,901424
2021-06-24 10:46:17,786.85,901838
2021-06-24 10:46:18,786.5,902115
2021-06-24 10:46:20,786.5,902143
2021-06-24 10:46:21,786.5,902197
2021-06-24 10:46:22,786.5,902197
2021-06-24 10:46:23,786.85,902399
2021-06-24 10:46:24,786.55,902401
2021-06-24 10:46:25,786.55,902401
2021-06-24 10:46:26,786.75,903450
2021-06-24 10:46:27,786.7,903482
2021-06-24 10:46:28,786.7,903482
2021-06-24 10:46:29,786.7,903482
2021-06-24 10:46:30,786.7,903492
2021-06-24 10:46:31,786.35,903702
2021-06-24 10:46:32,786.7,903741
2021-06-24 10:46:33,786.7,903742
2021-06-24 10:46:34,786.7,903853
2021-06-24 10:46:35,786.65,903903
2021-06-24 10:46:36,786.5,904005
2021-06-24 10:46:37,786.3,904335
2021-06-24 10:46:38,786.3,905386
2021-06-24 10:46:39,786.6,905436
2021-06-24 10:46:41,786.3,905438
2021-06-24 10:46:41,786.3,905448
2021-06-24 10:46:42,786.6,905468
2021-06-24 10:46:43,786.6,905579
2021-06-24 10:46:44,786.6,905579
2021-06-24 10:46:45,786.6,905583
2021-06-24 10:46:46,786.25,905621
2021-06-24 10:46:47,786.25,905621
2021-06-24 10:46:48,786.25,905646
2021-06-24 10:46:49,786.45,905746
2021-06-24 10:46:50,786.45,905766
2021-06-24 10:46:51,786.45,905780
2021-06-24 10:46:52,786.25,905819
2021-06-24 10:46:53,786.25,905819
2021-06-24 10:46:54,786.0,905919
2021-06-24 10:46:55,786.0,906125
2021-06-24 10:46:56,786.0,906125
2021-06-24 10:46:57,786.0,906350
2021-06-24 10:46:58,786.0,906350
2021-06-24 10:46:59,786.25,906351
2021-06-24 10:47:01,786.25,906351
2021-06-24 10:47:01,786.0,906352
2021-06-24 10:47:02,786.25,906379
2021-06-24 10:47:04,786.25,906380
2021-06-24 10:47:03,786.25,906380
2021-06-24 10:47:05,786.0,906405
2021-06-24 10:47:06,786.0,906516
2021-06-24 10:47:07,786.0,906516
2021-06-24 10:47:08,786.0,906596
2021-06-24 10:47:09,786.0,906596
2021-06-24 10:47:10,786.0,906596
2021-06-24 10:47:11,786.0,906596
2021-06-24 10:47:12,786.0,906596
2021-06-24 10:47:13,786.0,906596
2021-06-24 10:47:14,786.0,906596
2021-06-24 10:47:15,786.0,906696
2021-06-24 10:47:16,786.0,906704
2021-06-24 10:47:17,786.2,907658
2021-06-24 10:47:18,786.2,907659
2021-06-24 10:47:20,786.2,907659
2021-06-24 10:47:21,785.95,909609
2021-06-24 10:47:22,785.95,910132
2021-06-24 10:47:23,786.0,910133
2021-06-24 10:47:24,786.0,910233
2021-06-24 10:47:25,786.1,910335
2021-06-24 10:47:26,785.85,910571
2021-06-24 10:47:27,786.0,910822
2021-06-24 10:47:28,786.0,911041
2021-06-24 10:47:29,786.05,911295
2021-06-24 10:47:30,786.05,911295
2021-06-24 10:47:31,786.05,911295
2021-06-24 10:47:32,786.1,911298
2021-06-24 10:47:33,786.05,911378
2021-06-24 10:47:34,786.05,911378
2021-06-24 10:47:35,786.35,913228
2021-06-24 10:47:36,786.35,913228
2021-06-24 10:47:37,786.1,913347
2021-06-24 10:47:38,786.1,913347
2021-06-24 10:47:39,786.1,913347
2021-06-24 10:47:40,786.1,913347
2021-06-24 10:47:41,786.1,913347
2021-06-24 10:47:42,786.1,913407
2021-06-24 10:47:43,786.1,913412
2021-06-24 10:47:44,786.25,913414
2021-06-24 10:47:45,786.1,913415
2021-06-24 10:47:47,786.25,913418
2021-06-24 10:47:47,786.25,913418
2021-06-24 10:47:49,786.1,913420
2021-06-24 10:47:50,786.1,913436
2021-06-24 10:47:52,786.1,913444
2021-06-24 10:47:52,786.1,913444
2021-06-24 10:47:53,786.05,913454
2021-06-24 10:47:54,786.0,913574
2021-06-24 10:47:55,786.0,913574
2021-06-24 10:47:56,786.15,913684
2021-06-24 10:47:57,786.0,913694
2021-06-24 10:47:58,785.8,914007
2021-06-24 10:47:59,785.8,914022
2021-06-24 10:48:00,785.8,914032
2021-06-24 10:48:01,786.0,914232
2021-06-24 10:48:03,786.0,914302
2021-06-24 10:48:03,786.0,914302
2021-06-24 10:48:04,785.95,914888
2021-06-24 10:48:06,785.95,914888
2021-06-24 10:48:06,786.15,914889
2021-06-24 10:48:08,786.15,914889
2021-06-24 10:48:09,786.0,914984
2021-06-24 10:48:10,786.0,914984
2021-06-24 10:48:11,786.0,915004
2021-06-24 10:48:12,786.0,915004
2021-06-24 10:48:13,786.0,915189
2021-06-24 10:48:16,786.0,915189
2021-06-24 10:48:16,786.0,915252
2021-06-24 10:48:18,786.0,915252
2021-06-24 10:48:19,786.0,915253
2021-06-24 10:48:19,786.0,915342
2021-06-24 10:48:20,785.95,915583
2021-06-24 10:48:21,785.95,915583
2021-06-24 10:48:22,785.85,915673
2021-06-24 10:48:23,785.85,915703
2021-06-24 10:48:25,785.85,915735
2021-06-24 10:48:25,785.85,915735
2021-06-24 10:48:26,785.95,915739
2021-06-24 10:48:27,785.8,915943
2021-06-24 10:48:28,785.85,915981
2021-06-24 10:48:29,785.85,915981
2021-06-24 10:48:30,785.85,915981
2021-06-24 10:48:31,785.5,916403
2021-06-24 10:48:32,785.8,916879
2021-06-24 10:48:33,785.85,917379
2021-06-24 10:48:34,785.5,917380
2021-06-24 10:48:36,785.85,917534
2021-06-24 10:48:37,785.5,917540
2021-06-24 10:48:38,785.85,917591
2021-06-24 10:48:39,785.85,917942
2021-06-24 10:48:40,785.85,917998
2021-06-24 10:48:41,785.75,918301
2021-06-24 10:48:42,785.75,918391
2021-06-24 10:48:43,785.75,918499
2021-06-24 10:48:44,785.75,918499
2021-06-24 10:48:45,785.75,918508
2021-06-24 10:48:46,785.75,918508
2021-06-24 10:48:47,785.75,918532
2021-06-24 10:48:50,785.65,918533
2021-06-24 10:48:51,785.65,918533
2021-06-24 10:48:52,785.65,918625
2021-06-24 10:48:52,785.65,918625
2021-06-24 10:48:54,785.6,919086
2021-06-24 10:48:55,785.6,919361
2021-06-24 10:48:55,785.6,919361
2021-06-24 10:48:56,785.6,919361
2021-06-24 10:48:57,785.6,919361
2021-06-24 10:48:58,785.6,919361
2021-06-24 10:48:59,785.6,919361
2021-06-24 10:49:02,785.75,919928
2021-06-24 10:49:02,785.75,920282
2021-06-24 10:49:04,785.85,920292
2021-06-24 10:49:05,785.75,920367
2021-06-24 10:49:06,785.75,920431
2021-06-24 10:49:07,786.0,920621
2021-06-24 10:49:08,786.0,920621
2021-06-24 10:49:09,785.75,920721
2021-06-24 10:49:10,785.75,920771
2021-06-24 10:49:10,785.75,920721
2021-06-24 10:49:12,786.05,923360
2021-06-24 10:49:13,786.1,923404
2021-06-24 10:49:14,786.1,923404
2021-06-24 10:49:15,786.05,923425
2021-06-24 10:49:15,786.05,923425
2021-06-24 10:49:16,786.0,923482
2021-06-24 10:49:17,786.0,923482
2021-06-24 10:49:18,786.05,923484
2021-06-24 10:49:19,786.35,923584
2021-06-24 10:49:20,786.35,923584
2021-06-24 10:49:21,786.35,923627
2021-06-24 10:49:22,786.35,923636
2021-06-24 10:49:23,786.1,923639
2021-06-24 10:49:24,786.35,923661
2021-06-24 10:49:26,786.35,923661
2021-06-24 10:49:27,786.35,923678
2021-06-24 10:49:29,786.25,924002
2021-06-24 10:49:30,786.1,924026
2021-06-24 10:49:31,786.1,924047
2021-06-24 10:49:32,786.0,924992
2021-06-24 10:49:33,786.4,925231
2021-06-24 10:49:34,786.45,925279
2021-06-24 10:49:35,786.4,928394
2021-06-24 10:49:36,786.5,929029
2021-06-24 10:49:38,786.2,929441
2021-06-24 10:49:40,786.5,929691
2021-06-24 10:49:40,786.5,929720
2021-06-24 10:49:42,786.5,929726
2021-06-24 10:49:43,786.5,929727
2021-06-24 10:49:45,786.5,929761
2021-06-24 10:49:45,786.5,929765
2021-06-24 10:49:46,786.15,929808
2021-06-24 10:49:47,786.1,930017
2021-06-24 10:49:48,786.6,930861
2021-06-24 10:49:49,786.4,931411
2021-06-24 10:49:50,786.7,931521
2021-06-24 10:49:51,786.7,931544
2021-06-24 10:49:52,786.2,931679
2021-06-24 10:49:53,786.7,931706
2021-06-24 10:49:54,786.75,931756
2021-06-24 10:49:55,787.15,939194
2021-06-24 10:49:56,787.15,939194
2021-06-24 10:49:57,787.15,939194
2021-06-24 10:49:58,787.15,939196
2021-06-24 10:49:59,787.15,939196
2021-06-24 10:50:01,787.3,939278
2021-06-24 10:50:02,787.1,939701
2021-06-24 10:50:02,787.1,939801
2021-06-24 10:50:03,787.15,939839
2021-06-24 10:50:04,787.15,939884
2021-06-24 10:50:05,787.1,942287
2021-06-24 10:50:06,787.15,942337
2021-06-24 10:50:08,786.75,942370
2021-06-24 10:50:09,787.0,942577
2021-06-24 10:50:10,786.9,942639
2021-06-24 10:50:11,786.9,942652
2021-06-24 10:50:11,786.8,942664
2021-06-24 10:50:13,787.0,942977
2021-06-24 10:50:13,787.0,943049
2021-06-24 10:50:14,787.15,943266
2021-06-24 10:50:15,787.15,943266
2021-06-24 10:50:17,786.9,943268
2021-06-24 10:50:17,786.9,943368
2021-06-24 10:50:18,787.3,943886
2021-06-24 10:50:19,787.3,943889
2021-06-24 10:50:20,787.0,943932
2021-06-24 10:50:22,787.45,943962
2021-06-24 10:50:22,787.45,943962
2021-06-24 10:50:23,787.3,944024
2021-06-24 10:50:24,787.3,944024
2021-06-24 10:50:27,787.3,944140
2021-06-24 10:50:27,787.3,944140
2021-06-24 10:50:28,787.0,944340
2021-06-24 10:50:29,786.9,944951
2021-06-24 10:50:30,786.9,945161
2021-06-24 10:50:31,787.25,945211
2021-06-24 10:50:32,787.0,945336
2021-06-24 10:50:33,787.0,945353
2021-06-24 10:50:35,787.0,945353
2021-06-24 10:50:35,787.0,945356
2021-06-24 10:50:36,786.9,945406
2021-06-24 10:50:38,787.0,945456
2021-06-24 10:50:39,786.9,945467
2021-06-24 10:50:39,787.25,945769
2021-06-24 10:50:40,787.25,945769
2021-06-24 10:50:41,787.25,945813
2021-06-24 10:50:42,787.0,945943
2021-06-24 10:50:43,787.0,945999
2021-06-24 10:50:44,787.25,946050
2021-06-24 10:50:45,787.0,946059
2021-06-24 10:50:47,786.95,946088
2021-06-24 10:50:48,787.0,946094
2021-06-24 10:50:49,786.95,946145
2021-06-24 10:50:49,786.95,946161
2021-06-24 10:50:50,787.15,946380
2021-06-24 10:50:52,786.95,946432
2021-06-24 10:50:52,787.0,946442
2021-06-24 10:50:53,786.95,946615
2021-06-24 10:50:54,786.95,948927
2021-06-24 10:50:55,787.0,949405
2021-06-24 10:50:56,786.75,949600
2021-06-24 10:50:57,786.65,949757
2021-06-24 10:50:58,787.0,949789
2021-06-24 10:50:59,787.0,949896
2021-06-24 10:51:00,787.0,949931
2021-06-24 10:51:01,787.0,949963
2021-06-24 10:51:03,787.0,949970
2021-06-24 10:51:04,787.0,949971
2021-06-24 10:51:05,787.0,950196
2021-06-24 10:51:05,787.0,950810
2021-06-24 10:51:07,787.15,951376
2021-06-24 10:51:08,787.15,951376
2021-06-24 10:51:09,787.0,951526
2021-06-24 10:51:10,787.0,951526
2021-06-24 10:51:10,787.4,952883
2021-06-24 10:51:12,787.4,952883
2021-06-24 10:51:13,787.1,952908
2021-06-24 10:51:14,787.25,952934
2021-06-24 10:51:14,787.45,953179
2021-06-24 10:51:15,787.45,954964
2021-06-24 10:51:18,787.6,954996
2021-06-24 10:51:19,787.6,955081
2021-06-24 10:51:20,787.5,955132
2021-06-24 10:51:21,787.2,955243
2021-06-24 10:51:22,787.65,955764
2021-06-24 10:51:24,787.6,955940
2021-06-24 10:51:25,787.65,956267
2021-06-24 10:51:26,787.3,956298
2021-06-24 10:51:27,787.3,956299
2021-06-24 10:51:28,787.3,956309
2021-06-24 10:51:29,787.5,956339
2021-06-24 10:51:30,787.15,956907
2021-06-24 10:51:31,787.6,957067
2021-06-24 10:51:32,787.6,957108
2021-06-24 10:51:33,787.6,957108
2021-06-24 10:51:34,787.6,957108
2021-06-24 10:51:35,787.6,957108
2021-06-24 10:51:36,787.3,957408
2021-06-24 10:51:37,787.6,957518
2021-06-24 10:51:38,787.6,957658
2021-06-24 10:51:39,787.6,957823
2021-06-24 10:51:40,787.2,958058
2021-06-24 10:51:41,787.2,958188
2021-06-24 10:51:42,787.35,958209
2021-06-24 10:51:43,787.6,958448
2021-06-24 10:51:44,787.6,958448
2021-06-24 10:51:46,787.3,958478
2021-06-24 10:51:47,787.3,958585
2021-06-24 10:51:48,787.3,958586
2021-06-24 10:51:49,787.05,959586
2021-06-24 10:51:50,787.0,959636
2021-06-24 10:51:51,787.45,959764
2021-06-24 10:51:52,787.0,959964
2021-06-24 10:51:52,787.0,960041
2021-06-24 10:51:54,787.0,960041
2021-06-24 10:51:56,787.4,960090
2021-06-24 10:51:57,787.4,960121
2021-06-24 10:51:57,787.4,960121
2021-06-24 10:51:58,787.4,960198
2021-06-24 10:52:00,787.0,960239
2021-06-24 10:52:01,787.4,960261
2021-06-24 10:52:03,787.4,960479
2021-06-24 10:52:04,787.4,960479
2021-06-24 10:52:05,787.4,960479
2021-06-24 10:52:07,787.35,961181
2021-06-24 10:52:07,787.35,961181
2021-06-24 10:52:08,787.35,961181
2021-06-24 10:52:09,787.0,961182
2021-06-24 10:52:10,787.0,961259
2021-06-24 10:52:11,787.4,961511
2021-06-24 10:52:13,787.2,961561
2021-06-24 10:52:14,787.0,961672
2021-06-24 10:52:15,787.0,961873
2021-06-24 10:52:16,787.0,962029
2021-06-24 10:52:18,787.0,963207
2021-06-24 10:52:19,787.0,963471
2021-06-24 10:52:20,786.65,963549
2021-06-24 10:52:21,787.0,963673
2021-06-24 10:52:22,787.0,965152
2021-06-24 10:52:23,787.0,965202
2021-06-24 10:52:23,787.0,965272
2021-06-24 10:52:25,787.0,965432
2021-06-24 10:52:25,787.0,965434
2021-06-24 10:52:27,787.0,965434
2021-06-24 10:52:28,787.0,965436
2021-06-24 10:52:29,787.0,965478
2021-06-24 10:52:29,787.0,965478
2021-06-24 10:52:31,787.5,965894
2021-06-24 10:52:32,787.35,965944
2021-06-24 10:52:33,787.3,966400
2021-06-24 10:52:35,787.25,966425
2021-06-24 10:52:36,787.3,966427
2021-06-24 10:52:37,787.3,966427
2021-06-24 10:52:38,787.3,966430
2021-06-24 10:52:38,787.3,966430
2021-06-24 10:52:39,787.3,966534
2021-06-24 10:52:40,787.3,966534
2021-06-24 10:52:41,787.3,966534
2021-06-24 10:52:42,787.5,966592
2021-06-24 10:52:44,787.35,966822
2021-06-24 10:52:44,787.35,966822
2021-06-24 10:52:45,787.35,966827
2021-06-24 10:52:47,787.35,966938
2021-06-24 10:52:48,787.5,967038
2021-06-24 10:52:49,787.5,967223
2021-06-24 10:52:49,787.5,967223
2021-06-24 10:52:51,787.55,967238
2021-06-24 10:52:52,787.6,967608
2021-06-24 10:52:53,787.6,967683
2021-06-24 10:52:54,787.6,967684
2021-06-24 10:52:55,787.5,968053
2021-06-24 10:52:57,787.05,968354
2021-06-24 10:52:57,787.05,968354
2021-06-24 10:52:58,787.5,968359
2021-06-24 10:52:59,787.5,968391
2021-06-24 10:53:00,787.4,968492
2021-06-24 10:53:01,787.4,968493
