timestamp,ltp,volume
2021-06-24 09:35:53,231.5,922351
2021-06-24 09:35:57,231.5,923458
2021-06-24 09:36:02,231.5,923461
2021-06-24 09:36:06,231.4,925554
2021-06-24 09:36:10,231.45,925579
2021-06-24 09:36:14,231.3,931936
2021-06-24 09:36:19,231.3,934325
2021-06-24 09:36:23,231.4,934671
2021-06-24 09:36:27,231.45,934710
2021-06-24 09:36:31,231.45,936255
2021-06-24 09:36:36,231.5,936804
2021-06-24 09:36:40,231.45,937561
2021-06-24 09:36:44,231.5,937800
2021-06-24 09:36:48,231.5,939322
2021-06-24 09:36:52,231.45,939761
2021-06-24 09:36:57,231.45,939811
2021-06-24 09:37:06,231.5,940741
2021-06-24 09:37:11,231.45,941007
2021-06-24 09:37:15,231.4,942053
2021-06-24 09:37:20,231.4,942095
2021-06-24 09:37:24,231.3,942271
2021-06-24 09:37:29,231.4,942381
2021-06-24 09:37:34,231.4,942411
2021-06-24 09:37:38,231.5,942504
2021-06-24 09:37:43,231.45,942624
2021-06-24 09:37:47,231.35,942889
2021-06-24 09:37:52,231.45,942919
2021-06-24 09:37:56,231.5,943064
2021-06-24 09:38:00,231.3,945454
2021-06-24 09:38:05,231.35,947242
2021-06-24 09:38:14,231.7,952862
2021-06-24 09:38:19,231.7,953423
2021-06-24 09:38:24,231.7,953435
2021-06-24 09:38:28,231.7,953690
2021-06-24 09:38:32,231.8,954015
2021-06-24 09:38:36,231.7,954682
2021-06-24 09:38:40,231.8,955177
2021-06-24 09:38:45,231.75,955492
2021-06-24 09:38:49,231.8,955964
2021-06-24 09:38:54,231.85,957150
2021-06-24 09:38:58,231.9,957853
2021-06-24 09:39:02,231.85,957910
2021-06-24 09:39:11,231.75,959026
2021-06-24 09:39:16,231.55,959582
2021-06-24 09:39:20,231.5,960308
2021-06-24 09:39:25,231.55,960553
2021-06-24 09:39:29,231.75,961560
2021-06-24 09:39:33,231.65,967405
2021-06-24 09:39:37,231.55,968973
2021-06-24 09:39:41,231.65,969008
2021-06-24 09:39:45,231.65,969008
2021-06-24 09:39:49,231.65,969048
2021-06-24 09:39:53,231.65,970067
2021-06-24 09:39:57,231.65,970082
2021-06-24 09:40:01,231.65,970082
2021-06-24 09:40:06,231.65,970109
2021-06-24 09:40:11,231.65,970179
2021-06-24 09:40:16,231.6,970251
2021-06-24 09:40:20,231.6,970361
2021-06-24 09:40:25,231.65,970886
2021-06-24 09:40:29,231.65,971366
2021-06-24 09:40:38,231.65,971389
2021-06-24 09:40:42,231.65,971571
2021-06-24 09:40:47,231.65,971571
2021-06-24 09:40:51,231.6,971573
2021-06-24 09:40:55,231.65,971583
2021-06-24 09:41:03,231.6,971864
2021-06-24 09:41:08,231.65,971865
2021-06-24 09:41:16,231.6,972720
2021-06-24 09:41:20,231.65,973271
2021-06-24 09:41:24,231.65,973874
2021-06-24 09:41:28,231.5,978282
2021-06-24 09:41:32,231.55,979912
2021-06-24 09:41:36,231.45,980263
2021-06-24 09:41:40,231.45,980411
2021-06-24 09:41:44,231.45,980467
2021-06-24 09:41:48,231.45,980544
2021-06-24 09:41:53,231.45,980607
2021-06-24 09:41:57,231.45,980812
2021-06-24 09:42:01,231.3,980995
2021-06-24 09:42:05,231.35,981095
2021-06-24 09:42:10,231.35,981168
2021-06-24 09:42:14,231.35,981345
2021-06-24 09:42:19,231.35,981946
2021-06-24 09:42:23,231.35,982016
2021-06-24 09:42:27,231.35,982143
2021-06-24 09:42:31,231.4,982325
2021-06-24 09:42:35,231.4,982325
2021-06-24 09:42:39,231.45,982636
2021-06-24 09:42:43,231.4,986822
2021-06-24 09:42:51,231.35,988297
2021-06-24 09:42:56,231.3,988431
2021-06-24 09:42:59,231.35,988482
2021-06-24 09:43:03,231.35,988536
2021-06-24 09:43:07,231.35,988742
2021-06-24 09:43:11,231.35,988742
2021-06-24 09:43:15,231.25,989557
2021-06-24 09:43:19,231.35,989633
2021-06-24 09:43:23,231.35,989633
2021-06-24 09:43:27,231.35,989633
2021-06-24 09:43:31,231.35,991343
2021-06-24 09:43:35,231.35,991544
2021-06-24 09:43:43,231.3,992677
2021-06-24 09:43:47,231.35,993828
2021-06-24 09:43:51,231.5,994477
2021-06-24 09:43:55,231.5,994527
2021-06-24 09:43:59,231.5,994870
2021-06-24 09:44:02,231.4,994908
2021-06-24 09:44:06,231.35,995276
2021-06-24 09:44:10,231.45,995286
2021-06-24 09:44:14,231.4,995306
2021-06-24 09:44:18,231.55,996783
2021-06-24 09:44:22,231.5,997291
2021-06-24 09:44:26,231.55,997340
2021-06-24 09:44:30,231.55,997413
2021-06-24 09:44:34,231.55,997544
2021-06-24 09:44:47,231.4,1001404
2021-06-24 09:44:51,231.45,1003215
2021-06-24 09:44:55,231.4,1003240
2021-06-24 09:44:59,231.3,1005905
2021-06-24 09:45:03,231.3,1005905
2021-06-24 09:45:07,231.3,1005925
2021-06-24 09:45:11,231.45,1008370
2021-06-24 09:45:15,231.35,1009252
2021-06-24 09:45:19,231.45,1010302
2021-06-24 09:45:23,231.3,1010698
2021-06-24 09:45:28,231.45,1010718
2021-06-24 09:45:32,231.45,1010718
2021-06-24 09:45:36,231.4,1010789
2021-06-24 09:45:40,231.45,1010994
2021-06-24 09:45:45,231.35,1011119
2021-06-24 09:45:49,231.35,1011159
2021-06-24 09:45:53,231.45,1011226
2021-06-24 09:45:57,231.45,1011226
2021-06-24 09:46:01,231.35,1011726
2021-06-24 09:46:06,231.45,1011727
2021-06-24 09:46:10,231.4,1011739
2021-06-24 09:46:15,231.35,1011996
2021-06-24 09:46:19,231.45,1012046
2021-06-24 09:46:23,231.45,1012096
2021-06-24 09:46:27,231.4,1016102
2021-06-24 09:46:31,231.35,1016114
2021-06-24 09:46:35,231.35,1016162
2021-06-24 09:46:39,231.35,1016169
2021-06-24 09:46:43,231.3,1016869
2021-06-24 09:46:47,231.3,1016878
2021-06-24 09:46:51,231.35,1016986
2021-06-24 09:46:55,231.3,1018184
2021-06-24 09:47:00,231.2,1020960
2021-06-24 09:47:05,231.2,1020965
2021-06-24 09:47:14,231.2,1021096
2021-06-24 09:47:19,231.2,1025644
2021-06-24 09:47:23,231.2,1026655
2021-06-24 09:47:28,231.2,1026799
2021-06-24 09:47:32,231.2,1027090
2021-06-24 09:47:36,231.2,1027090
2021-06-24 09:47:40,231.1,1027231
2021-06-24 09:47:44,231.2,1027441
2021-06-24 09:47:48,231.2,1027462
2021-06-24 09:47:52,231.1,1027582
2021-06-24 09:47:55,231.15,1027584
2021-06-24 09:48:00,231.2,1030356
2021-06-24 09:48:04,231.15,1030631
2021-06-24 09:48:08,231.2,1031519
2021-06-24 09:48:13,231.2,1031629
2021-06-24 09:48:17,231.35,1036813
2021-06-24 09:48:22,231.35,1036818
2021-06-24 09:48:26,231.25,1036920
2021-06-24 09:48:30,231.25,1036920
2021-06-24 09:48:34,231.35,1036955
2021-06-24 09:48:38,231.25,1037031
2021-06-24 09:48:43,231.35,1037049
2021-06-24 09:48:47,231.25,1037170
2021-06-24 09:48:51,231.25,1037292
2021-06-24 09:48:56,231.25,1037292
2021-06-24 09:49:00,231.25,1037412
2021-06-24 09:49:04,231.25,1037415
2021-06-24 09:49:08,231.35,1040215
2021-06-24 09:49:12,231.3,1040217
2021-06-24 09:49:16,231.3,1040218
2021-06-24 09:49:20,231.35,1040433
2021-06-24 09:49:24,231.2,1040838
2021-06-24 09:49:32,231.35,1041000
2021-06-24 09:49:36,231.2,1041063
2021-06-24 09:49:41,231.25,1041073
2021-06-24 09:49:45,231.2,1041127
2021-06-24 09:49:49,231.2,1041333
2021-06-24 09:49:53,231.2,1041333
2021-06-24 09:49:58,231.25,1041800
2021-06-24 09:50:02,231.25,1041842
2021-06-24 09:50:06,231.25,1041852
2021-06-24 09:50:10,231.25,1041930
2021-06-24 09:50:14,231.25,1041935
2021-06-24 09:50:18,231.25,1042436
2021-06-24 09:50:23,231.25,1042626
2021-06-24 09:50:27,231.3,1042631
2021-06-24 09:50:32,231.3,1044647
2021-06-24 09:50:36,231.35,1044875
2021-06-24 09:50:40,231.25,1045257
2021-06-24 09:50:45,231.35,1045797
2021-06-24 09:50:49,231.25,1046944
2021-06-24 09:50:54,231.25,1047202
2021-06-24 09:50:58,231.35,1047263
2021-06-24 09:51:02,231.3,1047319
2021-06-24 09:51:06,231.35,1047321
2021-06-24 09:51:10,231.35,1047321
2021-06-24 09:51:14,231.35,1047707
2021-06-24 09:51:18,231.3,1047787
2021-06-24 09:51:23,231.3,1047897
2021-06-24 09:51:27,231.3,1047899
2021-06-24 09:51:31,231.35,1048150
2021-06-24 09:51:35,231.35,1048375
2021-06-24 09:51:39,231.25,1048785
2021-06-24 09:51:43,231.25,1048789
2021-06-24 09:51:51,231.2,1049040
2021-06-24 09:51:55,231.3,1049273
2021-06-24 09:51:59,231.35,1049596
2021-06-24 09:52:03,231.25,1049767
2021-06-24 09:52:07,231.25,1049795
2021-06-24 09:52:11,231.25,1049797
2021-06-24 09:52:16,231.3,1050006
2021-06-24 09:52:19,231.3,1050088
2021-06-24 09:52:23,231.3,1050093
2021-06-24 09:52:27,231.3,1050123
2021-06-24 09:52:31,231.3,1050176
2021-06-24 09:52:35,231.2,1050181
2021-06-24 09:52:39,231.3,1050236
2021-06-24 09:52:43,231.35,1050581
2021-06-24 09:52:47,231.35,1050583
2021-06-24 09:52:51,231.35,1050583
2021-06-24 09:52:54,231.3,1050821
2021-06-24 09:52:58,231.25,1050889
2021-06-24 09:53:06,231.25,1051006
2021-06-24 09:53:09,231.25,1051039
2021-06-24 09:53:13,231.25,1051139
2021-06-24 09:53:17,231.25,1051340
2021-06-24 09:53:22,231.3,1051355
2021-06-24 09:53:26,231.35,1051450
2021-06-24 09:53:30,231.3,1051531
2021-06-24 09:53:34,231.25,1051939
2021-06-24 09:53:38,231.3,1052062
2021-06-24 09:53:42,231.3,1052178
2021-06-24 09:53:46,231.2,1052588
2021-06-24 09:53:54,231.2,1053374
2021-06-24 09:54:01,231.15,1061483
2021-06-24 09:54:05,231.2,1063555
2021-06-24 09:54:09,231.2,1063580
2021-06-24 09:54:13,231.2,1064049
2021-06-24 09:54:17,231.2,1064110
2021-06-24 09:54:21,231.1,1064434
2021-06-24 09:54:25,231.1,1064564
2021-06-24 09:54:28,231.1,1064773
2021-06-24 09:54:32,231.15,1064974
2021-06-24 09:54:36,231.15,1064974
2021-06-24 09:54:40,231.15,1065035
2021-06-24 09:54:44,231.15,1065035
2021-06-24 09:54:48,231.15,1065035
2021-06-24 09:54:52,231.2,1065038
2021-06-24 09:54:55,231.15,1065061
2021-06-24 09:54:58,231.2,1065078
2021-06-24 09:55:02,231.2,1065128
2021-06-24 09:55:06,231.2,1065279
2021-06-24 09:55:10,231.2,1065279
2021-06-24 09:55:14,231.2,1066757
2021-06-24 09:55:18,231.2,1068084
2021-06-24 09:55:22,231.25,1068486
2021-06-24 09:55:25,231.25,1068498
2021-06-24 09:55:29,231.25,1068598
2021-06-24 09:55:32,231.25,1068603
2021-06-24 09:55:36,231.25,1068603
2021-06-24 09:55:41,231.15,1075725
2021-06-24 09:55:45,231.15,1085541
2021-06-24 09:55:50,231.15,1087522
2021-06-24 09:55:54,231.15,1087533
2021-06-24 09:55:58,231.1,1087663
2021-06-24 09:56:02,231.15,1087866
2021-06-24 09:56:06,231.15,1087867
2021-06-24 09:56:10,231.15,1088108
2021-06-24 09:56:14,231.15,1088202
2021-06-24 09:56:19,231.15,1088563
2021-06-24 09:56:23,231.15,1088598
2021-06-24 09:56:27,231.15,1088701
2021-06-24 09:56:32,231.15,1089271
2021-06-24 09:56:36,231.15,1089663
2021-06-24 09:56:40,231.2,1089685
2021-06-24 09:56:44,231.15,1089715
2021-06-24 09:56:48,231.2,1089717
2021-06-24 09:56:51,231.2,1090450
2021-06-24 09:56:55,231.2,1090803
2021-06-24 09:56:58,231.15,1091103
2021-06-24 09:57:02,231.15,1091503
2021-06-24 09:57:06,231.15,1091503
2021-06-24 09:57:10,231.15,1091608
2021-06-24 09:57:14,231.0,1104121
2021-06-24 09:57:18,231.0,1115193
2021-06-24 09:57:21,230.95,1115720
2021-06-24 09:57:25,230.95,1116275
2021-06-24 09:57:30,230.95,1116693
2021-06-24 09:57:33,230.95,1116756
2021-06-24 09:57:38,230.85,1142911
2021-06-24 09:57:42,230.85,1143028
2021-06-24 09:57:45,230.8,1144758
2021-06-24 09:57:49,230.85,1145139
2021-06-24 09:57:53,230.85,1146496
2021-06-24 09:57:57,230.85,1146603
2021-06-24 09:58:01,230.85,1147056
2021-06-24 09:58:04,230.85,1147778
2021-06-24 09:58:08,230.8,1147849
2021-06-24 09:58:12,230.65,1154845
2021-06-24 09:58:16,230.8,1155732
2021-06-24 09:58:20,230.85,1155742
2021-06-24 09:58:24,230.75,1156616
2021-06-24 09:58:28,230.8,1156839
2021-06-24 09:58:32,230.8,1156844
2021-06-24 09:58:36,230.8,1164659
2021-06-24 09:58:40,230.7,1166787
2021-06-24 09:58:44,230.85,1167365
2021-06-24 09:58:48,230.8,1167778
2021-06-24 09:58:52,230.8,1167919
2021-06-24 09:58:56,230.7,1168419
2021-06-24 09:58:59,230.75,1168638
2021-06-24 09:59:03,230.85,1171956
2021-06-24 09:59:07,230.95,1172276
2021-06-24 09:59:14,231.0,1173662
2021-06-24 09:59:19,231.0,1173940
2021-06-24 09:59:23,230.95,1176229
2021-06-24 09:59:27,230.75,1176726
2021-06-24 09:59:31,230.9,1177355
2021-06-24 09:59:35,230.85,1177593
2021-06-24 09:59:38,230.85,1177794
2021-06-24 09:59:42,230.9,1178455
2021-06-24 09:59:46,230.9,1178878
2021-06-24 09:59:50,230.9,1180229
2021-06-24 09:59:53,230.8,1180707
2021-06-24 09:59:57,230.8,1180707
2021-06-24 10:00:01,230.85,1182077
2021-06-24 10:00:05,230.75,1182648
2021-06-24 10:00:09,230.7,1182699
2021-06-24 10:00:12,230.85,1182710
2021-06-24 10:00:16,230.7,1182740
2021-06-24 10:00:20,230.8,1184741
2021-06-24 10:00:24,230.7,1185307
2021-06-24 10:00:27,230.8,1185744
2021-06-24 10:00:31,230.75,1190065
2021-06-24 10:00:34,230.7,1191211
2021-06-24 10:00:38,230.75,1191832
2021-06-24 10:00:42,230.7,1192112
2021-06-24 10:00:45,230.7,1192353
2021-06-24 10:00:49,230.65,1192673
2021-06-24 10:00:53,230.65,1193096
2021-06-24 10:00:57,230.65,1193226
2021-06-24 10:01:00,230.6,1193485
2021-06-24 10:01:03,230.6,1193635
2021-06-24 10:01:06,230.7,1193645
2021-06-24 10:01:09,230.7,1193755
2021-06-24 10:01:13,230.6,1194028
2021-06-24 10:01:16,230.7,1194054
2021-06-24 10:01:20,230.6,1195278
2021-06-24 10:01:24,230.55,1196348
2021-06-24 10:01:27,230.55,1198193
2021-06-24 10:01:30,230.5,1199069
2021-06-24 10:01:34,230.55,1199332
2021-06-24 10:01:37,230.5,1208687
2021-06-24 10:01:41,230.35,1212114
2021-06-24 10:01:44,230.3,1215162
2021-06-24 10:01:45,230.35,1215329
2021-06-24 10:01:46,230.35,1215339
2021-06-24 10:01:47,230.35,1215340
2021-06-24 10:01:48,230.35,1215381
2021-06-24 10:01:49,230.35,1215516
2021-06-24 10:01:50,230.35,1215519
2021-06-24 10:01:51,230.4,1215571
2021-06-24 10:01:52,230.3,1215671
2021-06-24 10:01:53,230.3,1215671
2021-06-24 10:01:54,230.35,1216271
2021-06-24 10:01:55,230.45,1216410
2021-06-24 10:01:56,230.35,1216411
2021-06-24 10:01:57,230.35,1216411
2021-06-24 10:01:58,230.35,1216416
2021-06-24 10:01:59,230.45,1216616
2021-06-24 10:02:00,230.35,1216812
2021-06-24 10:02:01,230.35,1220049
2021-06-24 10:02:02,230.3,1220590
2021-06-24 10:02:03,230.3,1221249
2021-06-24 10:02:04,230.45,1221263
2021-06-24 10:02:05,230.45,1221293
2021-06-24 10:02:07,230.45,1221293
2021-06-24 10:02:08,230.45,1221293
2021-06-24 10:02:09,230.45,1221293
2021-06-24 10:02:10,230.45,1221619
2021-06-24 10:02:11,230.4,1221671
2021-06-24 10:02:12,230.45,1221771
2021-06-24 10:02:14,230.35,1221926
2021-06-24 10:02:15,230.45,1223386
2021-06-24 10:02:16,230.45,1223396
2021-06-24 10:02:17,230.45,1223396
2021-06-24 10:02:18,230.45,1223396
2021-06-24 10:02:19,230.45,1223397
2021-06-24 10:02:20,230.35,1223508
2021-06-24 10:02:21,230.35,1223608
2021-06-24 10:02:22,230.35,1223608
2021-06-24 10:02:23,230.4,1223708
2021-06-24 10:02:24,230.4,1223708
2021-06-24 10:02:25,230.4,1223708
2021-06-24 10:02:26,230.4,1227353
2021-06-24 10:02:27,230.4,1227353
2021-06-24 10:02:28,230.4,1228587
2021-06-24 10:02:29,230.4,1228587
2021-06-24 10:02:30,230.4,1228624
2021-06-24 10:02:31,230.4,1229057
2021-06-24 10:02:32,230.35,1229067
2021-06-24 10:02:33,230.35,1229067
2021-06-24 10:02:34,230.35,1229067
2021-06-24 10:02:35,230.4,1229545
2021-06-24 10:02:36,230.35,1229576
2021-06-24 10:02:37,230.35,1229582
2021-06-24 10:02:38,230.35,1229582
2021-06-24 10:02:39,230.35,1229582
2021-06-24 10:02:40,230.4,1229633
2021-06-24 10:02:41,230.4,1229633
2021-06-24 10:02:42,230.25,1234238
2021-06-24 10:02:43,230.15,1240068
2021-06-24 10:02:44,230.2,1240318
2021-06-24 10:02:45,230.15,1243099
2021-06-24 10:02:46,230.2,1243149
2021-06-24 10:02:47,230.35,1243891
2021-06-24 10:02:48,230.15,1244202
2021-06-24 10:02:49,230.15,1245232
2021-06-24 10:02:50,230.25,1247601
2021-06-24 10:02:51,230.15,1247802
2021-06-24 10:02:52,230.15,1248962
2021-06-24 10:02:54,230.15,1248962
2021-06-24 10:02:55,230.15,1248962
2021-06-24 10:02:56,230.15,1248962
2021-06-24 10:02:58,230.2,1250390
2021-06-24 10:02:59,230.2,1250690
2021-06-24 10:03:00,230.2,1251512
2021-06-24 10:03:01,230.25,1252012
2021-06-24 10:03:02,230.15,1252212
2021-06-24 10:03:03,230.25,1252336
2021-06-24 10:03:04,230.25,1254417
2021-06-24 10:03:05,230.25,1255862
2021-06-24 10:03:06,230.25,1257140
2021-06-24 10:03:07,230.25,1257634
2021-06-24 10:03:08,230.25,1257735
2021-06-24 10:03:09,230.25,1257735
2021-06-24 10:03:10,230.35,1258209
2021-06-24 10:03:11,230.25,1258210
2021-06-24 10:03:12,230.25,1258210
2021-06-24 10:03:13,230.35,1258710
2021-06-24 10:03:14,230.25,1258745
2021-06-24 10:03:15,230.3,1258824
2021-06-24 10:03:16,230.2,1259889
2021-06-24 10:03:17,230.15,1260709
2021-06-24 10:03:19,230.15,1260789
2021-06-24 10:03:20,230.15,1260789
2021-06-24 10:03:21,230.15,1260806
2021-06-24 10:03:22,230.15,1260806
2021-06-24 10:03:23,230.2,1261038
2021-06-24 10:03:24,230.2,1261088
2021-06-24 10:03:25,230.2,1261295
2021-06-24 10:03:26,230.2,1261545
2021-06-24 10:03:27,230.2,1261595
2021-06-24 10:03:28,230.15,1262014
2021-06-24 10:03:29,230.15,1262014
2021-06-24 10:03:30,230.2,1262595
2021-06-24 10:03:31,230.15,1262705
2021-06-24 10:03:32,230.25,1262726
2021-06-24 10:03:33,230.25,1262896
2021-06-24 10:03:34,230.2,1262897
2021-06-24 10:03:35,230.2,1262897
2021-06-24 10:03:36,230.2,1262898
2021-06-24 10:03:37,230.2,1262899
2021-06-24 10:03:38,230.2,1262900
2021-06-24 10:03:39,230.3,1274939
2021-06-24 10:03:40,230.3,1275939
2021-06-24 10:03:41,230.2,1275940
2021-06-24 10:03:42,230.15,1283550
2021-06-24 10:03:43,230.15,1283868
2021-06-24 10:03:45,230.15,1289327
2021-06-24 10:03:44,230.1,1289026
2021-06-24 10:03:47,230.15,1290614
2021-06-24 10:03:48,230.1,1291628
2021-06-24 10:03:49,230.1,1291629
2021-06-24 10:03:50,230.2,1292100
2021-06-24 10:03:51,230.2,1293520
2021-06-24 10:03:52,230.2,1293544
2021-06-24 10:03:53,230.2,1293544
2021-06-24 10:03:54,230.2,1293545
2021-06-24 10:03:55,230.2,1293546
2021-06-24 10:03:56,230.2,1293546
2021-06-24 10:03:57,230.2,1293547
2021-06-24 10:03:58,230.2,1293553
2021-06-24 10:03:59,230.2,1293670
2021-06-24 10:04:00,230.2,1293871
2021-06-24 10:04:01,230.2,1293871
2021-06-24 10:04:02,230.2,1294091
2021-06-24 10:04:03,230.2,1294091
2021-06-24 10:04:04,230.3,1295127
2021-06-24 10:04:06,230.3,1295127
2021-06-24 10:04:06,230.3,1295127
2021-06-24 10:04:07,230.2,1295129
2021-06-24 10:04:08,230.2,1295129
2021-06-24 10:04:09,230.3,1296130
2021-06-24 10:04:10,230.3,1296130
2021-06-24 10:04:11,230.15,1296797
2021-06-24 10:04:12,230.15,1297180
2021-06-24 10:04:13,230.2,1297364
2021-06-24 10:04:15,230.25,1297365
2021-06-24 10:04:15,230.25,1297365
2021-06-24 10:04:16,230.15,1297677
2021-06-24 10:04:17,230.15,1297697
2021-06-24 10:04:18,230.15,1297877
2021-06-24 10:04:19,230.15,1330045
2021-06-24 10:04:20,230.15,1330287
2021-06-24 10:04:21,230.15,1333851
2021-06-24 10:04:22,230.1,1334574
2021-06-24 10:04:23,230.15,1334589
2021-06-24 10:04:24,230.1,1335327
2021-06-24 10:04:25,230.1,1339327
2021-06-24 10:04:26,230.15,1339627
2021-06-24 10:04:27,230.15,1339627
2021-06-24 10:04:28,230.1,1341667
2021-06-24 10:04:30,230.15,1342145
2021-06-24 10:04:31,230.15,1342245
2021-06-24 10:04:32,230.15,1342878
2021-06-24 10:04:32,230.15,1342500
2021-06-24 10:04:33,230.15,1343384
2021-06-24 10:04:34,230.1,1343695
2021-06-24 10:04:35,230.1,1351703
2021-06-24 10:04:36,230.15,1352171
2021-06-24 10:04:37,230.15,1352231
2021-06-24 10:04:38,230.15,1352231
2021-06-24 10:04:39,230.15,1352252
2021-06-24 10:04:40,230.15,1352611
2021-06-24 10:04:41,230.15,1359842
2021-06-24 10:04:42,230.1,1360061
2021-06-24 10:04:43,230.1,1360061
2021-06-24 10:04:44,230.15,1360661
2021-06-24 10:04:45,230.15,1361012
2021-06-24 10:04:46,230.2,1361063
2021-06-24 10:04:47,230.2,1361063
2021-06-24 10:04:48,230.2,1361128
2021-06-24 10:04:49,230.15,1361241
2021-06-24 10:04:50,230.15,1361241
2021-06-24 10:04:51,230.15,1361241
2021-06-24 10:04:52,230.2,1361301
2021-06-24 10:04:53,230.2,1361301
2021-06-24 10:04:54,230.15,1361351
2021-06-24 10:04:55,230.2,1361516
2021-06-24 10:04:56,230.2,1362006
2021-06-24 10:04:57,230.2,1362208
2021-06-24 10:04:58,230.2,1362308
2021-06-24 10:04:59,230.2,1362308
2021-06-24 10:05:00,230.15,1366349
2021-06-24 10:05:01,230.15,1366350
2021-06-24 10:05:02,230.15,1366560
2021-06-24 10:05:03,230.2,1366611
2021-06-24 10:05:05,230.2,1366612
2021-06-24 10:05:05,230.2,1366793
2021-06-24 10:05:06,230.2,1366993
2021-06-24 10:05:07,230.2,1367093
2021-06-24 10:05:08,230.15,1367693
2021-06-24 10:05:09,230.15,1371728
2021-06-24 10:05:10,230.2,1372083
2021-06-24 10:05:11,230.15,1373100
2021-06-24 10:05:12,230.15,1373108
2021-06-24 10:05:13,230.2,1374738
2021-06-24 10:05:14,230.2,1374738
2021-06-24 10:05:15,230.25,1374989
2021-06-24 10:05:16,230.15,1377278
2021-06-24 10:05:17,230.2,1377335
2021-06-24 10:05:18,230.3,1377655
2021-06-24 10:05:20,230.3,1377821
2021-06-24 10:05:20,230.3,1377871
2021-06-24 10:05:21,230.3,1377871
2021-06-24 10:05:22,230.3,1377897
2021-06-24 10:05:23,230.3,1377898
2021-06-24 10:05:24,230.3,1377898
2021-06-24 10:05:25,230.3,1378037
2021-06-24 10:05:26,230.3,1378037
2021-06-24 10:05:27,230.35,1378042
2021-06-24 10:05:28,230.3,1378403
2021-06-24 10:05:29,230.25,1378404
2021-06-24 10:05:30,230.35,1378421
2021-06-24 10:05:31,230.2,1379428
2021-06-24 10:05:33,230.2,1379428
2021-06-24 10:05:33,230.2,1379428
2021-06-24 10:05:34,230.35,1379443
2021-06-24 10:05:35,230.35,1379443
2021-06-24 10:05:36,230.35,1379468
2021-06-24 10:05:37,230.3,1379568
2021-06-24 10:05:38,230.3,1379568
2021-06-24 10:05:40,230.3,1379568
2021-06-24 10:05:40,230.35,1379593
2021-06-24 10:05:42,230.35,1379593
2021-06-24 10:05:43,230.35,1379764
2021-06-24 10:05:43,230.35,1379764
2021-06-24 10:05:45,230.35,1379824
2021-06-24 10:05:46,230.35,1379824
2021-06-24 10:05:47,230.3,1379831
2021-06-24 10:05:48,230.3,1379959
2021-06-24 10:05:49,230.35,1379969
2021-06-24 10:05:51,230.35,1380169
2021-06-24 10:05:52,230.3,1380688
2021-06-24 10:05:53,230.2,1381845
2021-06-24 10:05:54,230.3,1382445
2021-06-24 10:05:55,230.3,1382445
2021-06-24 10:05:55,230.3,1382445
2021-06-24 10:05:57,230.3,1382445
2021-06-24 10:05:58,230.25,1382452
2021-06-24 10:05:59,230.3,1383002
2021-06-24 10:06:00,230.25,1383057
2021-06-24 10:06:01,230.25,1383057
2021-06-24 10:06:02,230.15,1383253
2021-06-24 10:06:03,230.15,1383253
2021-06-24 10:06:04,230.2,1383504
2021-06-24 10:06:05,230.15,1383544
2021-06-24 10:06:06,230.15,1386609
2021-06-24 10:06:07,230.1,1393334
2021-06-24 10:06:08,230.1,1393334
2021-06-24 10:06:09,230.15,1393909
2021-06-24 10:06:10,230.05,1394069
2021-06-24 10:06:11,230.05,1394199
2021-06-24 10:06:12,230.1,1395209
2021-06-24 10:06:13,230.1,1395229
2021-06-24 10:06:14,230.1,1395321
2021-06-24 10:06:15,230.15,1396760
2021-06-24 10:06:16,230.1,1396810
2021-06-24 10:06:18,230.15,1396942
2021-06-24 10:06:19,230.15,1397002
2021-06-24 10:06:20,230.15,1397002
2021-06-24 10:06:21,230.15,1397021
2021-06-24 10:06:22,230.15,1397021
2021-06-24 10:06:23,230.15,1397021
2021-06-24 10:06:24,230.15,1397466
2021-06-24 10:06:25,230.15,1397481
2021-06-24 10:06:26,230.1,1397482
2021-06-24 10:06:27,230.1,1397483
2021-06-24 10:06:28,230.1,1397730
2021-06-24 10:06:29,230.05,1398161
2021-06-24 10:06:30,230.05,1443802
2021-06-24 10:06:31,230.0,1444474
2021-06-24 10:06:32,229.9,1464979
2021-06-24 10:06:33,229.95,1465135
2021-06-24 10:06:35,229.9,1465490
2021-06-24 10:06:36,229.85,1468632
2021-06-24 10:06:37,229.75,1470511
2021-06-24 10:06:38,229.75,1471414
2021-06-24 10:06:39,229.8,1472984
2021-06-24 10:06:41,229.8,1474312
2021-06-24 10:06:42,229.8,1474312
2021-06-24 10:06:43,229.85,1476113
2021-06-24 10:06:44,229.95,1486052
2021-06-24 10:06:44,229.95,1486052
2021-06-24 10:06:46,229.85,1490053
2021-06-24 10:06:47,229.9,1490653
2021-06-24 10:06:48,229.9,1490654
2021-06-24 10:06:49,229.9,1490654
2021-06-24 10:06:49,229.9,1491230
2021-06-24 10:06:50,229.9,1491436
2021-06-24 10:06:51,230.0,1491461
2021-06-24 10:06:52,230.0,1491461
2021-06-24 10:06:53,230.0,1491608
2021-06-24 10:06:54,230.0,1491608
2021-06-24 10:06:55,229.95,1497647
2021-06-24 10:06:56,229.95,1497747
2021-06-24 10:06:57,229.95,1497751
2021-06-24 10:06:58,229.95,1497881
2021-06-24 10:06:59,229.95,1497891
2021-06-24 10:07:00,230.0,1498482
2021-06-24 10:07:01,229.95,1498532
2021-06-24 10:07:02,229.95,1498532
2021-06-24 10:07:03,229.95,1498532
2021-06-24 10:07:04,230.0,1498538
2021-06-24 10:07:05,230.0,1499920
2021-06-24 10:07:08,230.1,1511768
2021-06-24 10:07:09,230.1,1511768
2021-06-24 10:07:10,230.0,1512218
2021-06-24 10:07:11,230.0,1512218
2021-06-24 10:07:11,230.0,1512218
2021-06-24 10:07:12,230.05,1512223
2021-06-24 10:07:13,230.05,1512233
2021-06-24 10:07:14,230.1,1512633
2021-06-24 10:07:15,230.1,1512633
2021-06-24 10:07:16,230.1,1512784
2021-06-24 10:07:17,230.1,1513134
2021-06-24 10:07:18,230.1,1513134
2021-06-24 10:07:19,230.1,1513134
2021-06-24 10:07:20,230.1,1513184
2021-06-24 10:07:21,230.1,1513184
2021-06-24 10:07:22,230.1,1513184
2021-06-24 10:07:23,230.1,1513326
2021-06-24 10:07:24,230.1,1513326
2021-06-24 10:07:25,230.05,1513327
2021-06-24 10:07:26,230.1,1513332
2021-06-24 10:07:27,230.1,1514074
2021-06-24 10:07:28,230.1,1514132
2021-06-24 10:07:29,230.1,1514142
2021-06-24 10:07:30,230.2,1514272
2021-06-24 10:07:31,230.2,1514272
2021-06-24 10:07:34,230.15,1514862
2021-06-24 10:07:35,230.2,1515804
2021-06-24 10:07:36,230.2,1515805
2021-06-24 10:07:37,230.2,1515805
2021-06-24 10:07:38,230.2,1515827
2021-06-24 10:07:38,230.2,1515827
2021-06-24 10:07:39,230.2,1515932
2021-06-24 10:07:40,230.1,1516080
2021-06-24 10:07:41,230.1,1516080
2021-06-24 10:07:42,230.1,1516080
2021-06-24 10:07:43,230.2,1517381
2021-06-24 10:07:44,230.2,1517391
2021-06-24 10:07:45,230.2,1517392
2021-06-24 10:07:47,230.15,1517402
2021-06-24 10:07:48,230.2,1517463
2021-06-24 10:07:49,230.15,1517488
2021-06-24 10:07:49,230.2,1517463
2021-06-24 10:07:50,230.15,1517594
2021-06-24 10:07:51,230.1,1518782
2021-06-24 10:07:52,230.25,1518832
2021-06-24 10:07:53,230.25,1518832
2021-06-24 10:07:54,230.25,1518832
2021-06-24 10:07:55,230.25,1518832
2021-06-24 10:07:56,230.25,1518832
2021-06-24 10:07:58,230.25,1519905
2021-06-24 10:08:00,230.25,1519918
2021-06-24 10:08:01,230.25,1519918
2021-06-24 10:08:02,230.15,1519973
2021-06-24 10:08:03,230.15,1519973
2021-06-24 10:08:04,230.15,1519973
2021-06-24 10:08:05,230.15,1519973
2021-06-24 10:08:06,230.25,1519974
2021-06-24 10:08:06,230.25,1522023
2021-06-24 10:08:07,230.25,1522023
2021-06-24 10:08:08,230.25,1522023
2021-06-24 10:08:09,230.25,1522023
2021-06-24 10:08:10,230.25,1522023
2021-06-24 10:08:11,230.25,1522023
2021-06-24 10:08:12,230.2,1522043
2021-06-24 10:08:13,230.25,1522143
2021-06-24 10:08:14,230.25,1522168
2021-06-24 10:08:16,230.2,1524055
2021-06-24 10:08:16,230.2,1524055
2021-06-24 10:08:17,230.2,1524842
2021-06-24 10:08:18,230.2,1524843
2021-06-24 10:08:19,230.2,1524844
2021-06-24 10:08:20,230.2,1524847
2021-06-24 10:08:21,230.2,1529678
2021-06-24 10:08:22,230.2,1529896
2021-06-24 10:08:23,230.15,1529897
2021-06-24 10:08:24,230.15,1531398
2021-06-24 10:08:25,230.1,1531899
2021-06-24 10:08:26,230.1,1531899
2021-06-24 10:08:27,230.2,1531915
2021-06-24 10:08:28,230.3,1533055
2021-06-24 10:08:29,230.1,1537088
2021-06-24 10:08:30,230.1,1537088
2021-06-24 10:08:31,230.0,1537089
2021-06-24 10:08:32,230.1,1537100
2021-06-24 10:08:33,230.1,1537100
2021-06-24 10:08:34,230.0,1537104
2021-06-24 10:08:36,230.0,1541157
2021-06-24 10:08:37,230.05,1541213
2021-06-24 10:08:38,230.0,1541714
2021-06-24 10:08:39,230.0,1541738
2021-06-24 10:08:41,230.0,1541758
2021-06-24 10:08:42,230.0,1541759
2021-06-24 10:08:43,230.05,1542818
2021-06-24 10:08:44,230.0,1542873
2021-06-24 10:08:44,230.0,1543219
2021-06-24 10:08:45,229.95,1543294
2021-06-24 10:08:46,229.95,1543795
2021-06-24 10:08:48,230.0,1543802
2021-06-24 10:08:49,229.95,1544026
2021-06-24 10:08:50,229.95,1544127
2021-06-24 10:08:51,230.0,1544130
2021-06-24 10:08:52,230.0,1544143
2021-06-24 10:08:54,229.95,1544744
2021-06-24 10:08:55,229.95,1544754
2021-06-24 10:08:55,229.95,1544756
2021-06-24 10:08:56,229.95,1544759
2021-06-24 10:08:57,229.6,1584141
2021-06-24 10:08:58,229.6,1585706
2021-06-24 10:08:59,229.55,1585746
2021-06-24 10:09:00,229.6,1599400
2021-06-24 10:09:01,229.55,1599702
2021-06-24 10:09:02,229.5,1602317
2021-06-24 10:09:03,229.5,1602318
2021-06-24 10:09:04,229.5,1602429
2021-06-24 10:09:05,229.5,1602958
2021-06-24 10:09:06,229.55,1602961
2021-06-24 10:09:07,229.55,1603007
2021-06-24 10:09:08,229.55,1603209
2021-06-24 10:09:09,229.55,1603286
2021-06-24 10:09:10,229.55,1603832
2021-06-24 10:09:11,229.6,1603833
2021-06-24 10:09:12,229.6,1603838
2021-06-24 10:09:14,229.6,1604310
2021-06-24 10:09:14,229.55,1604311
2021-06-24 10:09:15,229.6,1605875
2021-06-24 10:09:16,229.6,1605875
2021-06-24 10:09:17,229.6,1605875
2021-06-24 10:09:18,229.7,1605975
2021-06-24 10:09:20,229.75,1606923
2021-06-24 10:09:21,229.8,1606953
2021-06-24 10:09:22,229.75,1608462
2021-06-24 10:09:23,229.75,1610612
2021-06-24 10:09:24,229.7,1610712
2021-06-24 10:09:25,229.75,1611212
2021-06-24 10:09:26,229.75,1611252
2021-06-24 10:09:27,229.75,1611252
2021-06-24 10:09:28,229.75,1611252
2021-06-24 10:09:29,229.75,1611252
2021-06-24 10:09:31,229.7,1611472
2021-06-24 10:09:32,229.8,1611478
2021-06-24 10:09:33,229.8,1611478
2021-06-24 10:09:34,229.75,1611528
2021-06-24 10:09:35,229.8,1611529
2021-06-24 10:09:36,229.85,1612529
2021-06-24 10:09:37,229.85,1612632
2021-06-24 10:09:38,229.8,1612652
2021-06-24 10:09:40,229.8,1612652
2021-06-24 10:09:42,229.85,1615909
2021-06-24 10:09:42,229.8,1616215
2021-06-24 10:09:44,229.9,1616245
2021-06-24 10:09:44,229.75,1616395
2021-06-24 10:09:45,229.75,1616395
2021-06-24 10:09:46,229.75,1616395
2021-06-24 10:09:47,229.75,1616395
2021-06-24 10:09:48,229.85,1616495
2021-06-24 10:09:51,229.8,1616902
2021-06-24 10:09:52,229.75,1617252
2021-06-24 10:09:52,229.75,1617252
2021-06-24 10:09:53,229.85,1617256
2021-06-24 10:09:55,229.85,1617256
2021-06-24 10:09:56,229.8,1617356
2021-06-24 10:09:57,229.8,1617432
2021-06-24 10:09:58,229.8,1617432
2021-06-24 10:09:59,229.8,1617432
2021-06-24 10:10:00,229.85,1617832
2021-06-24 10:10:01,229.8,1617860
2021-06-24 10:10:02,229.8,1623096
2021-06-24 10:10:03,229.8,1623096
2021-06-24 10:10:04,229.6,1623218
2021-06-24 10:10:05,229.6,1623277
2021-06-24 10:10:06,229.6,1623788
2021-06-24 10:10:07,229.7,1623888
2021-06-24 10:10:08,229.65,1624088
2021-06-24 10:10:09,229.65,1624088
2021-06-24 10:10:10,229.7,1624098
2021-06-24 10:10:11,229.7,1624375
2021-06-24 10:10:12,229.75,1634385
2021-06-24 10:10:13,229.75,1634785
2021-06-24 10:10:14,229.65,1634976
2021-06-24 10:10:15,229.65,1635165
2021-06-24 10:10:16,229.65,1635167
2021-06-24 10:10:17,229.65,1635177
2021-06-24 10:10:18,229.65,1635177
2021-06-24 10:10:19,229.6,1637465
2021-06-24 10:10:20,229.6,1637465
2021-06-24 10:10:21,229.6,1637468
2021-06-24 10:10:22,229.6,1637989
2021-06-24 10:10:23,229.6,1639285
2021-06-24 10:10:24,229.6,1639336
2021-06-24 10:10:25,229.6,1639456
2021-06-24 10:10:26,229.6,1639456
2021-06-24 10:10:27,229.65,1641556
2021-06-24 10:10:28,229.55,1641696
2021-06-24 10:10:29,229.55,1641696
2021-06-24 10:10:30,229.7,1641702
2021-06-24 10:10:31,229.7,1641702
2021-06-24 10:10:32,229.7,1642914
2021-06-24 10:10:33,229.65,1643101
2021-06-24 10:10:34,229.6,1643354
2021-06-24 10:10:35,229.7,1643359
2021-06-24 10:10:36,229.7,1643359
2021-06-24 10:10:37,229.7,1643460
2021-06-24 10:10:38,229.7,1643860
2021-06-24 10:10:39,229.75,1643865
2021-06-24 10:10:40,229.75,1643865
2021-06-24 10:10:41,229.75,1643875
2021-06-24 10:10:42,229.75,1643885
2021-06-24 10:10:43,229.7,1644085
2021-06-24 10:10:44,229.75,1644232
2021-06-24 10:10:45,229.75,1644232
2021-06-24 10:10:46,229.8,1644385
2021-06-24 10:10:47,229.8,1644385
2021-06-24 10:10:48,229.8,1644410
2021-06-24 10:10:49,229.8,1644410
2021-06-24 10:10:50,229.8,1644410
2021-06-24 10:10:51,229.8,1644410
2021-06-24 10:10:52,229.8,1644410
2021-06-24 10:10:53,229.8,1644680
2021-06-24 10:10:54,229.8,1644682
2021-06-24 10:10:55,229.75,1644763
2021-06-24 10:10:56,229.75,1645384
2021-06-24 10:10:57,229.75,1645577
2021-06-24 10:10:58,229.8,1645627
2021-06-24 10:10:59,229.8,1645627
2021-06-24 10:11:00,229.8,1645637
2021-06-24 10:11:01,229.8,1645650
2021-06-24 10:11:03,229.7,1645948
2021-06-24 10:11:04,229.7,1645949
2021-06-24 10:11:05,229.7,1645958
2021-06-24 10:11:07,229.7,1646195
2021-06-24 10:11:08,229.7,1646195
2021-06-24 10:11:09,229.7,1646315
2021-06-24 10:11:10,229.65,1646535
2021-06-24 10:11:11,229.7,1646790
2021-06-24 10:11:12,229.7,1646790
2021-06-24 10:11:13,229.65,1647401
2021-06-24 10:11:14,229.65,1647401
2021-06-24 10:11:15,229.65,1647455
2021-06-24 10:11:16,229.65,1647585
2021-06-24 10:11:17,229.65,1647585
2021-06-24 10:11:18,229.65,1647586
2021-06-24 10:11:19,229.65,1647586
2021-06-24 10:11:20,229.65,1647586
2021-06-24 10:11:21,229.65,1647597
2021-06-24 10:11:22,229.65,1648160
2021-06-24 10:11:23,229.65,1648160
2021-06-24 10:11:24,229.65,1648161
2021-06-24 10:11:25,229.65,1648316
2021-06-24 10:11:26,229.65,1648519
2021-06-24 10:11:27,229.65,1648520
2021-06-24 10:11:28,229.65,1648543
2021-06-24 10:11:28,229.65,1648543
2021-06-24 10:11:29,229.6,1648567
2021-06-24 10:11:30,229.65,1648577
2021-06-24 10:11:31,229.65,1648797
2021-06-24 10:11:32,229.65,1649634
2021-06-24 10:11:33,229.7,1649677
2021-06-24 10:11:34,229.7,1649677
2021-06-24 10:11:35,229.7,1649677
2021-06-24 10:11:37,229.65,1649777
2021-06-24 10:11:37,229.65,1649777
2021-06-24 10:11:39,229.7,1649782
2021-06-24 10:11:40,229.7,1649782
2021-06-24 10:11:41,229.7,1649812
2021-06-24 10:11:42,229.7,1660324
2021-06-24 10:11:43,229.6,1660438
2021-06-24 10:11:44,229.6,1660438
2021-06-24 10:11:45,229.7,1660440
2021-06-24 10:11:46,229.6,1660441
2021-06-24 10:11:47,229.6,1660442
2021-06-24 10:11:50,229.65,1661959
2021-06-24 10:11:51,229.55,1662566
2021-06-24 10:11:51,229.55,1662566
2021-06-24 10:11:53,229.55,1663068
2021-06-24 10:11:54,229.55,1663071
2021-06-24 10:11:54,229.55,1663092
2021-06-24 10:11:55,229.55,1663174
2021-06-24 10:11:56,229.6,1663209
2021-06-24 10:11:58,229.55,1663211
2021-06-24 10:11:59,229.55,1663312
2021-06-24 10:12:00,229.6,1663342
2021-06-24 10:12:01,229.55,1663457
2021-06-24 10:12:02,229.55,1663489
2021-06-24 10:12:03,229.6,1664494
2021-06-24 10:12:04,229.55,1668519
2021-06-24 10:12:05,229.55,1668569
2021-06-24 10:12:06,229.55,1668569
2021-06-24 10:12:07,229.55,1668578
2021-06-24 10:12:08,229.5,1668579
2021-06-24 10:12:09,229.5,1668581
2021-06-24 10:12:10,229.5,1668622
2021-06-24 10:12:11,229.5,1668623
2021-06-24 10:12:12,229.5,1668624
2021-06-24 10:12:13,229.5,1670510
2021-06-24 10:12:14,229.5,1670611
2021-06-24 10:12:15,229.5,1671001
2021-06-24 10:12:16,229.5,1673905
2021-06-24 10:12:17,229.5,1673936
2021-06-24 10:12:18,229.35,1674347
2021-06-24 10:12:19,229.35,1674347
2021-06-24 10:12:20,229.45,1674372
2021-06-24 10:12:21,229.45,1674492
2021-06-24 10:12:22,229.5,1675235
2021-06-24 10:12:23,229.5,1675526
2021-06-24 10:12:24,229.5,1675763
2021-06-24 10:12:25,229.5,1675865
2021-06-24 10:12:27,229.55,1676118
2021-06-24 10:12:28,229.45,1676120
2021-06-24 10:12:29,229.45,1676122
2021-06-24 10:12:30,229.45,1676125
2021-06-24 10:12:32,229.5,1676128
2021-06-24 10:12:33,229.45,1676132
2021-06-24 10:12:34,229.45,1676136
2021-06-24 10:12:35,229.45,1676137
2021-06-24 10:12:36,229.45,1676137
2021-06-24 10:12:37,229.5,1676144
2021-06-24 10:12:38,229.5,1676144
2021-06-24 10:12:39,229.5,1676144
2021-06-24 10:12:40,229.5,1676299
2021-06-24 10:12:41,229.5,1676514
2021-06-24 10:12:42,229.5,1680503
2021-06-24 10:12:43,229.45,1680803
2021-06-24 10:12:44,229.45,1680803
2021-06-24 10:12:45,229.5,1680924
2021-06-24 10:12:46,229.5,1680924
2021-06-24 10:12:47,229.5,1680926
2021-06-24 10:12:48,229.5,1680937
2021-06-24 10:12:49,229.5,1681138
2021-06-24 10:12:50,229.5,1681640
2021-06-24 10:12:51,229.55,1682878
2021-06-24 10:12:52,229.55,1683019
2021-06-24 10:12:53,229.5,1685190
2021-06-24 10:12:54,229.5,1685204
2021-06-24 10:12:55,229.5,1685277
2021-06-24 10:12:56,229.5,1685278
2021-06-24 10:12:57,229.5,1685349
2021-06-24 10:12:59,229.5,1685349
2021-06-24 10:13:00,229.55,1685354
2021-06-24 10:13:01,229.55,1685598
2021-06-24 10:13:02,229.5,1685608
2021-06-24 10:13:03,229.5,1685610
2021-06-24 10:13:05,229.55,1685777
2021-06-24 10:13:06,229.55,1685846
2021-06-24 10:13:07,229.55,1685996
2021-06-24 10:13:08,229.5,1686372
2021-06-24 10:13:09,229.5,1686497
2021-06-24 10:13:10,229.5,1686497
2021-06-24 10:13:11,229.5,1686497
2021-06-24 10:13:14,229.55,1686516
2021-06-24 10:13:15,229.6,1687292
2021-06-24 10:13:16,229.6,1687292
2021-06-24 10:13:17,229.6,1687293
2021-06-24 10:13:18,229.6,1687295
2021-06-24 10:13:19,229.55,1687395
2021-06-24 10:13:20,229.55,1687395
2021-06-24 10:13:21,229.55,1687995
2021-06-24 10:13:22,229.55,1687995
2021-06-24 10:13:23,229.6,1688005
2021-06-24 10:13:25,229.6,1688111
2021-06-24 10:13:26,229.65,1690161
2021-06-24 10:13:27,229.65,1690161
2021-06-24 10:13:28,229.65,1690161
2021-06-24 10:13:29,229.65,1690161
2021-06-24 10:13:30,229.65,1690161
2021-06-24 10:13:31,229.6,1690231
2021-06-24 10:13:33,229.6,1690512
2021-06-24 10:13:34,229.6,1690512
2021-06-24 10:13:35,229.55,1690609
2021-06-24 10:13:36,229.55,1692725
2021-06-24 10:13:39,229.55,1693058
2021-06-24 10:13:40,229.5,1693263
2021-06-24 10:13:41,229.5,1693263
2021-06-24 10:13:42,229.5,1693263
2021-06-24 10:13:43,229.55,1693264
2021-06-24 10:13:44,229.6,1693489
2021-06-24 10:13:45,229.55,1693493
2021-06-24 10:13:46,229.55,1693493
2021-06-24 10:13:47,229.5,1693537
2021-06-24 10:13:48,229.6,1693586
2021-06-24 10:13:49,229.5,1694269
2021-06-24 10:13:50,229.5,1694269
2021-06-24 10:13:51,229.5,1694689
2021-06-24 10:13:52,229.6,1694690
2021-06-24 10:13:53,229.6,1694701
2021-06-24 10:13:54,229.5,1694702
2021-06-24 10:13:55,229.6,1694703
2021-06-24 10:13:56,229.6,1695423
2021-06-24 10:13:57,229.55,1695532
2021-06-24 10:13:58,229.55,1695532
2021-06-24 10:13:59,229.45,1703534
2021-06-24 10:14:00,229.5,1703544
2021-06-24 10:14:01,229.5,1703545
2021-06-24 10:14:03,229.5,1703622
2021-06-24 10:14:04,229.5,1703671
2021-06-24 10:14:05,229.5,1703731
2021-06-24 10:14:06,229.5,1703731
2021-06-24 10:14:07,229.4,1703747
2021-06-24 10:14:08,229.45,1703748
2021-06-24 10:14:09,229.45,1703748
2021-06-24 10:14:10,229.45,1703748
2021-06-24 10:14:11,229.45,1703753
2021-06-24 10:14:12,229.45,1703758
2021-06-24 10:14:13,229.45,1703763
2021-06-24 10:14:14,229.45,1703764
2021-06-24 10:14:15,229.45,1703766
2021-06-24 10:14:17,229.45,1704818
2021-06-24 10:14:18,229.45,1704818
2021-06-24 10:14:19,229.45,1704969
2021-06-24 10:14:20,229.4,1704979
2021-06-24 10:14:21,229.45,1705009
2021-06-24 10:14:22,229.45,1705009
2021-06-24 10:14:23,229.45,1705209
2021-06-24 10:14:24,229.45,1705217
2021-06-24 10:14:25,229.45,1705277
2021-06-24 10:14:26,229.45,1705277
2021-06-24 10:14:27,229.45,1705338
2021-06-24 10:14:28,229.45,1705338
2021-06-24 10:14:29,229.4,1705438
2021-06-24 10:14:30,229.4,1705663
2021-06-24 10:14:31,229.45,1705973
2021-06-24 10:14:32,229.45,1705973
2021-06-24 10:14:33,229.4,1706174
2021-06-24 10:14:34,229.45,1706375
2021-06-24 10:14:35,229.4,1706377
2021-06-24 10:14:36,229.4,1706429
2021-06-24 10:14:37,229.45,1706432
2021-06-24 10:14:38,229.4,1708925
2021-06-24 10:14:39,229.45,1708940
2021-06-24 10:14:40,229.4,1709016
2021-06-24 10:14:41,229.45,1709817
2021-06-24 10:14:42,229.45,1709819
2021-06-24 10:14:43,229.45,1709820
2021-06-24 10:14:44,229.45,1709842
2021-06-24 10:14:45,229.45,1710243
2021-06-24 10:14:46,229.45,1710445
2021-06-24 10:14:47,229.45,1711060
2021-06-24 10:14:48,229.45,1711167
2021-06-24 10:14:49,229.55,1711642
2021-06-24 10:14:50,229.45,1712221
2021-06-24 10:14:51,229.45,1713048
2021-06-24 10:14:52,229.45,1713225
2021-06-24 10:14:53,229.5,1714227
2021-06-24 10:14:54,229.5,1714228
2021-06-24 10:14:55,229.5,1714243
2021-06-24 10:14:56,229.5,1714245
2021-06-24 10:14:57,229.5,1714296
2021-06-24 10:14:58,229.55,1714303
2021-06-24 10:14:59,229.55,1714303
2021-06-24 10:15:00,229.55,1714303
2021-06-24 10:15:01,229.5,1714304
2021-06-24 10:15:02,229.45,1714469
2021-06-24 10:15:03,229.5,1714479
2021-06-24 10:15:04,229.45,1714575
2021-06-24 10:15:05,229.45,1714703
2021-06-24 10:15:06,229.5,1714806
2021-06-24 10:15:07,229.45,1714807
2021-06-24 10:15:08,229.5,1714948
2021-06-24 10:15:09,229.55,1715452
2021-06-24 10:15:10,229.5,1715458
2021-06-24 10:15:11,229.4,1725419
2021-06-24 10:15:12,229.45,1725939
2021-06-24 10:15:13,229.25,1729659
2021-06-24 10:15:15,229.45,1730105
2021-06-24 10:15:16,229.35,1730565
2021-06-24 10:15:17,229.35,1730565
2021-06-24 10:15:18,229.25,1730819
2021-06-24 10:15:19,229.35,1730869
2021-06-24 10:15:20,229.4,1731118
2021-06-24 10:15:21,229.3,1731120
2021-06-24 10:15:22,229.3,1731122
2021-06-24 10:15:24,229.45,1731692
2021-06-24 10:15:25,229.45,1731692
2021-06-24 10:15:26,229.45,1731697
2021-06-24 10:15:27,229.35,1731708
2021-06-24 10:15:28,229.4,1731840
2021-06-24 10:15:29,229.4,1731908
2021-06-24 10:15:30,229.3,1731964
2021-06-24 10:15:31,229.3,1732067
2021-06-24 10:15:32,229.3,1732068
2021-06-24 10:15:33,229.3,1732070
2021-06-24 10:15:34,229.3,1732070
2021-06-24 10:15:35,229.4,1732214
2021-06-24 10:15:36,229.4,1732232
2021-06-24 10:15:37,229.3,1733164
2021-06-24 10:15:38,229.3,1733564
2021-06-24 10:15:40,229.35,1733865
2021-06-24 10:15:40,229.35,1733865
2021-06-24 10:15:41,229.35,1733915
2021-06-24 10:15:42,229.4,1734602
2021-06-24 10:15:43,229.4,1734703
2021-06-24 10:15:44,229.4,1734703
2021-06-24 10:15:45,229.4,1734703
2021-06-24 10:15:46,229.4,1734703
2021-06-24 10:15:47,229.4,1735238
2021-06-24 10:15:49,229.35,1735887
2021-06-24 10:15:48,229.35,1735887
2021-06-24 10:15:50,229.4,1736092
2021-06-24 10:15:51,229.4,1736175
2021-06-24 10:15:52,229.4,1736398
2021-06-24 10:15:55,229.35,1740523
2021-06-24 10:15:56,229.35,1740523
2021-06-24 10:15:58,229.35,1740697
2021-06-24 10:15:58,229.35,1740697
2021-06-24 10:16:00,229.45,1740722
2021-06-24 10:16:00,229.45,1740722
2021-06-24 10:16:01,229.45,1740973
2021-06-24 10:16:02,229.35,1740983
2021-06-24 10:16:03,229.35,1740983
2021-06-24 10:16:04,229.45,1740985
2021-06-24 10:16:05,229.45,1740985
2021-06-24 10:16:06,229.45,1741035
2021-06-24 10:16:07,229.45,1741085
2021-06-24 10:16:08,229.45,1741085
2021-06-24 10:16:09,229.35,1741235
2021-06-24 10:16:10,229.35,1741235
2021-06-24 10:16:11,229.4,1741238
2021-06-24 10:16:12,229.45,1741260
2021-06-24 10:16:13,229.45,1741260
2021-06-24 10:16:15,229.45,1741261
2021-06-24 10:16:16,229.45,1741311
2021-06-24 10:16:18,229.45,1741314
2021-06-24 10:16:18,229.45,1741564
2021-06-24 10:16:19,229.45,1741618
2021-06-24 10:16:20,229.45,1741836
2021-06-24 10:16:21,229.45,1741886
2021-06-24 10:16:22,229.45,1741886
2021-06-24 10:16:23,229.4,1742569
2021-06-24 10:16:25,229.5,1754559
2021-06-24 10:16:26,229.5,1754559
2021-06-24 10:16:27,229.5,1757365
2021-06-24 10:16:28,229.5,1757365
2021-06-24 10:16:29,229.45,1757665
2021-06-24 10:16:30,229.45,1757665
2021-06-24 10:16:31,229.5,1757670
2021-06-24 10:16:34,229.6,1758492
2021-06-24 10:16:35,229.6,1758492
2021-06-24 10:16:36,229.6,1758492
2021-06-24 10:16:37,229.5,1758496
2021-06-24 10:16:39,229.5,1758506
2021-06-24 10:16:40,229.5,1758506
2021-06-24 10:16:40,229.5,1758506
2021-06-24 10:16:41,229.6,1758516
2021-06-24 10:16:43,229.5,1773851
2021-06-24 10:16:44,229.65,1773871
2021-06-24 10:16:45,229.65,1773871
2021-06-24 10:16:47,229.65,1773871
2021-06-24 10:16:48,229.65,1773871
2021-06-24 10:16:49,229.7,1774728
2021-06-24 10:16:50,229.7,1774728
2021-06-24 10:16:51,229.7,1775429
2021-06-24 10:16:52,229.7,1775429
2021-06-24 10:16:53,229.7,1775437
2021-06-24 10:16:53,229.7,1775437
2021-06-24 10:16:54,229.7,1775437
2021-06-24 10:16:55,229.7,1775437
2021-06-24 10:16:56,229.7,1775437
2021-06-24 10:16:58,229.7,1775442
2021-06-24 10:16:58,229.7,1775442
2021-06-24 10:16:59,229.7,1776042
2021-06-24 10:17:00,229.55,1776242
2021-06-24 10:17:01,229.55,1776242
2021-06-24 10:17:03,229.55,1776254
2021-06-24 10:17:04,229.55,1776454
2021-06-24 10:17:05,229.55,1776454
2021-06-24 10:17:05,229.55,1776454
2021-06-24 10:17:07,229.65,1776460
2021-06-24 10:17:08,229.65,1776461
2021-06-24 10:17:09,229.65,1776461
2021-06-24 10:17:10,229.65,1776461
2021-06-24 10:17:10,229.65,1776461
2021-06-24 10:17:11,229.65,1776472
2021-06-24 10:17:12,229.6,1776493
2021-06-24 10:17:14,229.7,1776980
2021-06-24 10:17:14,229.7,1776980
2021-06-24 10:17:15,229.7,1776981
2021-06-24 10:17:16,229.7,1777151
2021-06-24 10:17:17,229.7,1777151
2021-06-24 10:17:18,229.65,1777176
2021-06-24 10:17:19,229.75,1777485
2021-06-24 10:17:20,229.75,1777485
2021-06-24 10:17:21,229.7,1777495
2021-06-24 10:17:22,229.7,1777495
2021-06-24 10:17:24,229.6,1778495
2021-06-24 10:17:23,229.7,1777495
2021-06-24 10:17:25,229.6,1778495
2021-06-24 10:17:26,229.6,1778495
2021-06-24 10:17:27,229.7,1778630
2021-06-24 10:17:28,229.7,1778630
2021-06-24 10:17:29,229.7,1778631
2021-06-24 10:17:30,229.6,1779051
2021-06-24 10:17:31,229.6,1779251
2021-06-24 10:17:32,229.6,1783200
2021-06-24 10:17:33,229.6,1783200
2021-06-24 10:17:34,229.65,1783301
2021-06-24 10:17:35,229.65,1783401
2021-06-24 10:17:36,229.65,1783531
2021-06-24 10:17:38,229.65,1783531
2021-06-24 10:17:39,229.65,1783531
2021-06-24 10:17:40,229.65,1783531
2021-06-24 10:17:42,229.7,1786290
2021-06-24 10:17:43,229.7,1786290
2021-06-24 10:17:44,229.7,1786290
2021-06-24 10:17:45,229.7,1786290
2021-06-24 10:17:46,229.75,1786377
2021-06-24 10:17:47,229.7,1787624
2021-06-24 10:17:48,229.7,1787629
2021-06-24 10:17:49,229.7,1787629
2021-06-24 10:17:50,229.7,1787858
2021-06-24 10:17:51,229.7,1787859
2021-06-24 10:17:52,229.65,1788134
2021-06-24 10:17:54,229.65,1788134
2021-06-24 10:17:55,229.75,1788174
2021-06-24 10:17:56,229.75,1788254
2021-06-24 10:17:56,229.75,1788254
2021-06-24 10:17:58,229.7,1788673
2021-06-24 10:17:59,229.65,1788756
2021-06-24 10:18:00,229.65,1788756
2021-06-24 10:18:01,229.65,1788756
2021-06-24 10:18:01,229.65,1788756
2021-06-24 10:18:02,229.65,1788757
2021-06-24 10:18:03,229.7,1788857
2021-06-24 10:18:04,229.7,1788860
2021-06-24 10:18:05,229.7,1788860
2021-06-24 10:18:07,229.7,1789107
2021-06-24 10:18:08,229.7,1789150
2021-06-24 10:18:09,229.65,1789210
2021-06-24 10:18:10,229.65,1789210
2021-06-24 10:18:11,229.65,1789210
2021-06-24 10:18:11,229.65,1789210
2021-06-24 10:18:12,229.7,1789235
2021-06-24 10:18:13,229.7,1789235
2021-06-24 10:18:14,229.7,1789235
2021-06-24 10:18:15,229.7,1789235
2021-06-24 10:18:16,229.7,1789835
2021-06-24 10:18:17,229.7,1789835
2021-06-24 10:18:18,229.75,1789841
2021-06-24 10:18:19,229.75,1789851
2021-06-24 10:18:20,229.7,1789926
2021-06-24 10:18:21,229.7,1789926
2021-06-24 10:18:22,229.7,1790026
2021-06-24 10:18:23,229.65,1790035
2021-06-24 10:18:24,229.7,1790135
2021-06-24 10:18:25,229.7,1790135
2021-06-24 10:18:26,229.7,1790235
2021-06-24 10:18:27,229.7,1790235
2021-06-24 10:18:28,229.7,1790244
2021-06-24 10:18:29,229.7,1790244
2021-06-24 10:18:30,229.7,1790244
2021-06-24 10:18:31,229.7,1790244
2021-06-24 10:18:32,229.7,1790344
2021-06-24 10:18:34,229.7,1790354
2021-06-24 10:18:35,229.7,1790360
2021-06-24 10:18:36,229.7,1790360
2021-06-24 10:18:37,229.7,1790360
2021-06-24 10:18:38,229.7,1790360
2021-06-24 10:18:39,229.7,1790360
2021-06-24 10:18:40,229.7,1794463
2021-06-24 10:18:41,229.65,1795487
2021-06-24 10:18:42,229.65,1795488
2021-06-24 10:18:43,229.65,1795498
2021-06-24 10:18:44,229.65,1795498
2021-06-24 10:18:45,229.65,1795498
2021-06-24 10:18:46,229.7,1797498
2021-06-24 10:18:48,229.7,1797498
2021-06-24 10:18:49,229.7,1797498
2021-06-24 10:18:50,229.7,1797501
2021-06-24 10:18:51,229.7,1797506
2021-06-24 10:18:52,229.7,1797556
2021-06-24 10:18:54,229.7,1797556
2021-06-24 10:18:55,229.75,1797563
2021-06-24 10:18:56,229.65,1797623
2021-06-24 10:18:57,229.75,1797723
2021-06-24 10:18:58,229.75,1797823
2021-06-24 10:18:59,229.75,1797828
2021-06-24 10:19:01,229.75,1797835
2021-06-24 10:19:02,229.75,1797867
2021-06-24 10:19:03,229.75,1797867
2021-06-24 10:19:04,229.75,1797967
2021-06-24 10:19:05,229.75,1797967
2021-06-24 10:19:05,229.75,1797967
2021-06-24 10:19:06,229.75,1798401
2021-06-24 10:19:07,229.75,1799451
2021-06-24 10:19:08,229.75,1799507
2021-06-24 10:19:09,229.75,1799808
2021-06-24 10:19:10,229.75,1799808
2021-06-24 10:19:11,229.75,1799823
2021-06-24 10:19:13,229.8,1799995
2021-06-24 10:19:14,229.8,1799995
2021-06-24 10:19:16,229.75,1800095
2021-06-24 10:19:17,229.8,1800596
2021-06-24 10:19:18,229.85,1800612
2021-06-24 10:19:19,229.85,1800612
2021-06-24 10:19:20,229.85,1800612
2021-06-24 10:19:20,229.85,1800612
2021-06-24 10:19:21,229.85,1800632
2021-06-24 10:19:22,229.85,1800647
2021-06-24 10:19:23,229.85,1801117
2021-06-24 10:19:24,229.8,1801118
2021-06-24 10:19:25,229.8,1801168
2021-06-24 10:19:26,229.8,1801168
2021-06-24 10:19:27,229.8,1801618
2021-06-24 10:19:28,229.8,1801677
2021-06-24 10:19:29,229.8,1801678
2021-06-24 10:19:30,229.8,1801678
2021-06-24 10:19:31,229.85,1801703
2021-06-24 10:19:33,229.85,1801705
2021-06-24 10:19:34,229.85,1801805
2021-06-24 10:19:35,229.85,1801805
2021-06-24 10:19:36,229.8,1801825
2021-06-24 10:19:37,229.8,1801925
2021-06-24 10:19:38,229.8,1801925
2021-06-24 10:19:39,229.8,1801925
2021-06-24 10:19:40,229.85,1802025
2021-06-24 10:19:41,229.85,1802037
2021-06-24 10:19:42,229.85,1802137
2021-06-24 10:19:43,229.85,1802137
2021-06-24 10:19:45,229.8,1802252
2021-06-24 10:19:45,229.85,1802277
2021-06-24 10:19:46,229.8,1802296
2021-06-24 10:19:47,229.8,1802296
2021-06-24 10:19:49,229.95,1802502
2021-06-24 10:19:50,229.9,1802532
2021-06-24 10:19:52,229.85,1802553
2021-06-24 10:19:53,229.85,1802556
2021-06-24 10:19:54,229.8,1804025
2021-06-24 10:19:55,229.8,1804512
2021-06-24 10:19:56,229.75,1804668
2021-06-24 10:19:57,229.75,1804668
2021-06-24 10:19:58,229.85,1806021
2021-06-24 10:19:59,229.85,1806047
2021-06-24 10:20:00,229.85,1806057
2021-06-24 10:20:02,229.85,1810070
2021-06-24 10:20:03,229.95,1810270
2021-06-24 10:20:04,229.95,1810570
2021-06-24 10:20:04,229.95,1810770
2021-06-24 10:20:05,229.95,1810794
2021-06-24 10:20:06,229.85,1810804
2021-06-24 10:20:07,229.85,1810804
2021-06-24 10:20:08,229.85,1810804
2021-06-24 10:20:09,229.85,1810804
2021-06-24 10:20:11,229.85,1810974
2021-06-24 10:20:12,229.85,1810974
2021-06-24 10:20:13,229.95,1813974
2021-06-24 10:20:15,229.95,1813974
2021-06-24 10:20:16,229.95,1813976
2021-06-24 10:20:17,229.95,1813976
2021-06-24 10:20:18,229.95,1814136
2021-06-24 10:20:19,230.0,1815622
2021-06-24 10:20:20,229.95,1815623
2021-06-24 10:20:22,229.95,1815623
2021-06-24 10:20:23,229.95,1815631
2021-06-24 10:20:24,229.95,1815631
2021-06-24 10:20:26,229.95,1827445
2021-06-24 10:20:27,230.05,1827665
2021-06-24 10:20:27,230.05,1827665
2021-06-24 10:20:28,230.05,1828080
2021-06-24 10:20:29,230.05,1828082
2021-06-24 10:20:30,230.0,1828333
2021-06-24 10:20:31,230.05,1828334
2021-06-24 10:20:32,230.05,1828339
2021-06-24 10:20:33,230.05,1828339
2021-06-24 10:20:34,230.05,1828634
2021-06-24 10:20:35,230.05,1828634
2021-06-24 10:20:36,230.0,1830773
2021-06-24 10:20:38,230.0,1830773
2021-06-24 10:20:39,230.0,1830775
2021-06-24 10:20:40,230.1,1830849
2021-06-24 10:20:41,230.1,1830849
2021-06-24 10:20:42,230.05,1830850
2021-06-24 10:20:43,230.0,1830860
2021-06-24 10:20:44,230.0,1830860
2021-06-24 10:20:45,230.0,1831219
2021-06-24 10:20:46,230.05,1831224
2021-06-24 10:20:48,230.0,1831232
2021-06-24 10:20:47,230.0,1831232
2021-06-24 10:20:49,230.1,1831282
2021-06-24 10:20:50,230.1,1831282
2021-06-24 10:20:51,230.1,1831282
2021-06-24 10:20:52,230.1,1831282
2021-06-24 10:20:52,230.05,1831332
2021-06-24 10:20:53,230.05,1831332
2021-06-24 10:20:55,230.05,1831382
2021-06-24 10:20:56,230.1,1831477
2021-06-24 10:20:57,230.05,1831526
2021-06-24 10:20:58,230.05,1831586
2021-06-24 10:20:59,230.05,1831636
2021-06-24 10:21:01,229.95,1837816
2021-06-24 10:21:01,229.95,1837826
2021-06-24 10:21:02,229.95,1837871
2021-06-24 10:21:03,229.95,1838386
2021-06-24 10:21:04,229.95,1838411
2021-06-24 10:21:06,229.95,1838411
2021-06-24 10:21:07,229.95,1838447
2021-06-24 10:21:08,229.95,1838664
2021-06-24 10:21:09,229.85,1838684
2021-06-24 10:21:10,229.95,1838692
2021-06-24 10:21:11,229.95,1838692
2021-06-24 10:21:12,229.95,1838692
2021-06-24 10:21:13,229.95,1838792
2021-06-24 10:21:14,229.85,1838796
2021-06-24 10:21:15,229.95,1838799
2021-06-24 10:21:16,229.95,1838807
2021-06-24 10:21:17,229.95,1838807
2021-06-24 10:21:18,229.95,1838897
2021-06-24 10:21:19,229.95,1838897
2021-06-24 10:21:20,229.95,1838948
2021-06-24 10:21:21,229.95,1841948
2021-06-24 10:21:22,229.95,1841948
2021-06-24 10:21:22,229.95,1841948
2021-06-24 10:21:23,229.95,1841948
2021-06-24 10:21:25,229.95,1841972
2021-06-24 10:21:25,229.95,1842122
2021-06-24 10:21:27,229.95,1842123
2021-06-24 10:21:28,229.95,1842124
2021-06-24 10:21:29,229.95,1842224
2021-06-24 10:21:30,229.85,1842229
2021-06-24 10:21:31,229.9,1842306
2021-06-24 10:21:31,229.9,1842306
2021-06-24 10:21:34,229.9,1842306
2021-06-24 10:21:35,229.9,1842306
2021-06-24 10:21:36,229.95,1842806
2021-06-24 10:21:37,229.95,1842906
2021-06-24 10:21:38,229.95,1842906
2021-06-24 10:21:39,229.95,1842941
2021-06-24 10:21:40,229.95,1842941
2021-06-24 10:21:41,229.95,1842951
2021-06-24 10:21:43,229.85,1842961
2021-06-24 10:21:45,229.95,1843005
2021-06-24 10:21:46,229.9,1843008
2021-06-24 10:21:46,229.9,1843008
2021-06-24 10:21:47,229.9,1843008
2021-06-24 10:21:49,229.9,1843068
2021-06-24 10:21:51,229.9,1843068
2021-06-24 10:21:50,229.9,1843068
2021-06-24 10:21:52,229.9,1843078
2021-06-24 10:21:53,229.9,1843078
2021-06-24 10:21:54,229.9,1843093
2021-06-24 10:21:55,229.9,1843148
2021-06-24 10:21:56,229.9,1843148
2021-06-24 10:21:57,229.9,1843148
2021-06-24 10:21:59,229.9,1843471
2021-06-24 10:22:00,229.9,1843471
2021-06-24 10:22:00,229.9,1843471
2021-06-24 10:22:01,229.9,1843471
2021-06-24 10:22:03,229.9,1843471
2021-06-24 10:22:05,229.85,1843701
2021-06-24 10:22:06,229.85,1843701
2021-06-24 10:22:07,229.95,1843901
2021-06-24 10:22:08,229.9,1844104
2021-06-24 10:22:09,229.85,1844194
2021-06-24 10:22:10,229.9,1844204
2021-06-24 10:22:11,229.85,1844211
2021-06-24 10:22:11,229.85,1844211
2021-06-24 10:22:13,229.9,1844216
2021-06-24 10:22:13,229.9,1844216
2021-06-24 10:22:15,229.9,1844220
2021-06-24 10:22:16,229.9,1844220
2021-06-24 10:22:17,229.9,1844220
2021-06-24 10:22:18,229.9,1844240
2021-06-24 10:22:20,229.85,1844622
2021-06-24 10:22:19,229.85,1844522
2021-06-24 10:22:21,229.85,1844623
2021-06-24 10:22:22,229.85,1844624
2021-06-24 10:22:23,229.85,1844629
2021-06-24 10:22:24,229.85,1844752
2021-06-24 10:22:25,229.85,1844752
2021-06-24 10:22:26,229.9,1845676
2021-06-24 10:22:27,229.85,1845823
2021-06-24 10:22:28,229.9,1845838
2021-06-24 10:22:28,229.9,1845838
2021-06-24 10:22:29,229.75,1845917
2021-06-24 10:22:30,229.75,1845917
2021-06-24 10:22:31,229.85,1845967
2021-06-24 10:22:33,229.8,1847072
2021-06-24 10:22:34,229.8,1847072
2021-06-24 10:22:35,229.8,1847077
2021-06-24 10:22:36,229.65,1849077
2021-06-24 10:22:37,229.65,1849077
2021-06-24 10:22:37,229.75,1849109
2021-06-24 10:22:38,229.65,1849129
2021-06-24 10:22:39,229.65,1849129
2021-06-24 10:22:41,229.75,1849147
2021-06-24 10:22:42,229.75,1849147
2021-06-24 10:22:43,229.75,1849147
2021-06-24 10:22:44,229.65,1850349
2021-06-24 10:22:44,229.65,1850419
2021-06-24 10:22:45,229.7,1850478
2021-06-24 10:22:47,229.75,1851013
2021-06-24 10:22:48,229.65,1851133
2021-06-24 10:22:49,229.75,1851135
2021-06-24 10:22:51,229.6,1852105
2021-06-24 10:22:52,229.75,1852170
2021-06-24 10:22:53,229.75,1852170
2021-06-24 10:22:54,229.6,1852225
2021-06-24 10:22:54,229.6,1852225
2021-06-24 10:22:56,229.55,1853511
2021-06-24 10:22:57,229.55,1853513
2021-06-24 10:22:58,229.75,1853612
2021-06-24 10:22:59,229.75,1853907
2021-06-24 10:23:00,229.75,1853907
2021-06-24 10:23:01,229.75,1854033
2021-06-24 10:23:02,229.75,1854058
2021-06-24 10:23:03,229.75,1854483
2021-06-24 10:23:04,229.75,1854483
2021-06-24 10:23:05,229.75,1854483
2021-06-24 10:23:06,229.75,1854484
2021-06-24 10:23:07,229.75,1854548
2021-06-24 10:23:08,229.75,1854548
2021-06-24 10:23:09,229.75,1854548
2021-06-24 10:23:10,229.75,1854548
2021-06-24 10:23:11,229.75,1854548
2021-06-24 10:23:12,229.75,1854551
2021-06-24 10:23:13,229.75,1854551
2021-06-24 10:23:14,229.85,1854563
2021-06-24 10:23:15,229.75,1854763
2021-06-24 10:23:16,229.85,1854773
2021-06-24 10:23:17,229.85,1854773
2021-06-24 10:23:18,229.85,1854773
2021-06-24 10:23:19,229.75,1854848
2021-06-24 10:23:20,229.75,1854848
2021-06-24 10:23:21,229.75,1854848
2021-06-24 10:23:22,229.75,1854848
2021-06-24 10:23:23,229.75,1854848
2021-06-24 10:23:24,229.85,1854948
2021-06-24 10:23:25,229.85,1854948
2021-06-24 10:23:26,229.85,1855578
2021-06-24 10:23:27,229.85,1855578
2021-06-24 10:23:30,229.8,1855628
2021-06-24 10:23:31,229.8,1855628
2021-06-24 10:23:32,229.8,1855628
2021-06-24 10:23:33,229.75,1855701
2021-06-24 10:23:34,229.75,1855701
2021-06-24 10:23:35,229.75,1855701
2021-06-24 10:23:36,229.75,1855701
2021-06-24 10:23:37,229.75,1855701
2021-06-24 10:23:38,229.75,1855706
2021-06-24 10:23:39,229.75,1855706
2021-06-24 10:23:40,229.75,1855706
2021-06-24 10:23:41,229.8,1855956
2021-06-24 10:23:42,229.8,1855956
2021-06-24 10:23:43,229.8,1855956
2021-06-24 10:23:44,229.85,1856256
2021-06-24 10:23:45,229.75,1856301
2021-06-24 10:23:46,229.8,1856345
2021-06-24 10:23:47,229.8,1856345
2021-06-24 10:23:48,229.8,1856345
2021-06-24 10:23:49,229.8,1856958
2021-06-24 10:23:50,229.8,1856958
2021-06-24 10:23:51,229.8,1856958
2021-06-24 10:23:53,229.85,1856980
2021-06-24 10:23:54,229.85,1856990
2021-06-24 10:23:55,229.8,1857000
2021-06-24 10:23:56,229.8,1857000
2021-06-24 10:23:57,229.8,1857000
2021-06-24 10:23:58,229.85,1857002
2021-06-24 10:23:59,229.85,1857002
2021-06-24 10:24:00,229.85,1857049
2021-06-24 10:24:01,229.85,1857049
2021-06-24 10:24:02,229.85,1857049
2021-06-24 10:24:03,229.85,1857055
2021-06-24 10:24:04,229.85,1857055
2021-06-24 10:24:05,229.85,1857055
2021-06-24 10:24:06,229.8,1857480
2021-06-24 10:24:07,229.8,1857484
2021-06-24 10:24:08,229.8,1857506
2021-06-24 10:24:09,229.8,1857521
2021-06-24 10:24:10,229.8,1857521
2021-06-24 10:24:11,229.8,1857521
2021-06-24 10:24:12,229.75,1859589
2021-06-24 10:24:13,229.8,1859648
2021-06-24 10:24:14,229.85,1859748
2021-06-24 10:24:15,229.75,1859980
2021-06-24 10:24:16,229.7,1860238
2021-06-24 10:24:17,229.7,1860238
2021-06-24 10:24:18,229.7,1860238
2021-06-24 10:24:19,229.8,1860288
2021-06-24 10:24:20,229.8,1860288
2021-06-24 10:24:21,229.8,1860288
2021-06-24 10:24:22,229.85,1860290
2021-06-24 10:24:23,229.85,1860290
2021-06-24 10:24:24,229.85,1860290
2021-06-24 10:24:25,229.85,1860290
2021-06-24 10:24:26,229.8,1860310
2021-06-24 10:24:27,229.7,1860335
2021-06-24 10:24:28,229.7,1860360
2021-06-24 10:24:29,229.75,1861361
2021-06-24 10:24:30,229.8,1861528
2021-06-24 10:24:31,229.8,1861528
2021-06-24 10:24:32,229.8,1861528
2021-06-24 10:24:33,229.8,1861528
2021-06-24 10:24:34,229.8,1861661
2021-06-24 10:24:35,229.8,1861661
2021-06-24 10:24:36,229.8,1861661
2021-06-24 10:24:37,229.8,1861661
2021-06-24 10:24:38,229.85,1862135
2021-06-24 10:24:39,229.85,1862135
2021-06-24 10:24:40,229.85,1862135
2021-06-24 10:24:41,229.85,1862135
2021-06-24 10:24:42,229.85,1862135
2021-06-24 10:24:43,229.85,1862135
2021-06-24 10:24:44,229.8,1862300
2021-06-24 10:24:45,229.8,1862301
2021-06-24 10:24:46,229.8,1862301
2021-06-24 10:24:47,229.8,1862301
2021-06-24 10:24:48,229.8,1862301
2021-06-24 10:24:49,229.8,1862302
2021-06-24 10:24:50,229.75,1862404
2021-06-24 10:24:52,229.75,1862404
2021-06-24 10:24:53,229.75,1862405
2021-06-24 10:24:54,229.75,1862405
2021-06-24 10:24:55,229.75,1862420
2021-06-24 10:24:56,229.75,1862420
2021-06-24 10:24:57,229.75,1862521
2021-06-24 10:24:58,229.75,1862521
2021-06-24 10:24:59,229.75,1862532
2021-06-24 10:25:00,229.75,1862532
2021-06-24 10:25:01,229.75,1862532
2021-06-24 10:25:02,229.75,1862532
2021-06-24 10:25:03,229.75,1862537
2021-06-24 10:25:05,229.75,1862537
2021-06-24 10:25:05,229.65,1862837
2021-06-24 10:25:06,229.65,1862837
2021-06-24 10:25:07,229.75,1862846
2021-06-24 10:25:09,229.75,1862846
2021-06-24 10:25:10,229.75,1862846
2021-06-24 10:25:12,229.75,1862856
2021-06-24 10:25:12,229.75,1862859
2021-06-24 10:25:13,229.75,1862959
2021-06-24 10:25:14,229.75,1862959
2021-06-24 10:25:16,229.75,1862959
2021-06-24 10:25:15,229.75,1862959
2021-06-24 10:25:17,229.75,1863040
2021-06-24 10:25:18,229.75,1863065
2021-06-24 10:25:19,229.75,1863075
2021-06-24 10:25:20,229.75,1863077
2021-06-24 10:25:21,229.7,1863270
2021-06-24 10:25:22,229.7,1863270
2021-06-24 10:25:23,229.7,1863270
2021-06-24 10:25:24,229.75,1863280
2021-06-24 10:25:25,229.75,1863290
2021-06-24 10:25:26,229.75,1863291
2021-06-24 10:25:27,229.75,1863291
2021-06-24 10:25:28,229.75,1863291
2021-06-24 10:25:29,229.75,1863321
2021-06-24 10:25:30,229.75,1863341
2021-06-24 10:25:31,229.75,1863442
2021-06-24 10:25:32,229.75,1863442
2021-06-24 10:25:33,229.75,1863442
2021-06-24 10:25:34,229.75,1863452
2021-06-24 10:25:35,229.75,1863492
2021-06-24 10:25:36,229.75,1863494
2021-06-24 10:25:37,229.75,1863494
2021-06-24 10:25:38,229.75,1863494
2021-06-24 10:25:39,229.75,1863494
2021-06-24 10:25:40,229.75,1863583
2021-06-24 10:25:41,229.75,1863583
2021-06-24 10:25:42,229.7,1863609
2021-06-24 10:25:43,229.7,1863609
2021-06-24 10:25:44,229.7,1863609
2021-06-24 10:25:45,229.7,1863609
2021-06-24 10:25:46,229.7,1863610
2021-06-24 10:25:47,229.7,1863610
2021-06-24 10:25:48,229.75,1863680
2021-06-24 10:25:50,229.7,1863710
2021-06-24 10:25:49,229.7,1863710
2021-06-24 10:25:51,229.7,1863710
2021-06-24 10:25:53,229.7,1863710
2021-06-24 10:25:52,229.7,1863710
2021-06-24 10:25:54,229.75,1863910
2021-06-24 10:25:55,229.75,1863910
2021-06-24 10:25:56,229.8,1863935
2021-06-24 10:25:57,229.8,1863935
2021-06-24 10:25:58,229.8,1863935
2021-06-24 10:25:59,229.7,1864735
2021-06-24 10:26:01,229.7,1864735
2021-06-24 10:26:00,229.7,1864735
2021-06-24 10:26:02,229.85,1864737
2021-06-24 10:26:03,229.85,1864772
2021-06-24 10:26:04,229.85,1864772
2021-06-24 10:26:06,229.85,1865273
2021-06-24 10:26:07,229.85,1865273
2021-06-24 10:26:08,229.85,1865284
2021-06-24 10:26:09,229.85,1865385
2021-06-24 10:26:10,229.8,1865386
2021-06-24 10:26:11,229.8,1865386
2021-06-24 10:26:12,229.8,1865386
2021-06-24 10:26:13,229.8,1865386
2021-06-24 10:26:14,229.8,1865386
2021-06-24 10:26:15,229.8,1865386
2021-06-24 10:26:16,229.8,1865386
2021-06-24 10:26:17,229.8,1865453
2021-06-24 10:26:18,229.8,1865777
2021-06-24 10:26:19,229.8,1865777
2021-06-24 10:26:20,229.8,1865777
2021-06-24 10:26:21,229.8,1865777
2021-06-24 10:26:22,229.8,1865777
2021-06-24 10:26:23,229.85,1865801
2021-06-24 10:26:24,229.85,1865801
2021-06-24 10:26:25,229.85,1865915
2021-06-24 10:26:26,229.85,1866048
2021-06-24 10:26:27,229.85,1866048
2021-06-24 10:26:28,229.85,1866048
2021-06-24 10:26:29,229.85,1866108
2021-06-24 10:26:30,229.85,1866133
2021-06-24 10:26:31,229.85,1866133
2021-06-24 10:26:32,229.85,1866133
2021-06-24 10:26:33,229.85,1866133
2021-06-24 10:26:34,229.85,1866238
2021-06-24 10:26:35,229.7,1867238
2021-06-24 10:26:36,229.7,1867238
2021-06-24 10:26:37,229.85,1867338
2021-06-24 10:26:38,229.85,1867338
2021-06-24 10:26:40,229.75,1867340
2021-06-24 10:26:40,229.75,1867340
2021-06-24 10:26:41,229.75,1867340
2021-06-24 10:26:42,229.75,1867340
2021-06-24 10:26:43,229.75,1867340
2021-06-24 10:26:44,229.75,1867340
2021-06-24 10:26:45,229.75,1867340
2021-06-24 10:26:46,229.75,1867340
2021-06-24 10:26:47,229.75,1867429
2021-06-24 10:26:48,229.75,1867429
2021-06-24 10:26:49,229.85,1867539
2021-06-24 10:26:50,229.85,1867539
2021-06-24 10:26:51,229.85,1867539
2021-06-24 10:26:52,229.85,1867539
2021-06-24 10:26:53,229.85,1867544
2021-06-24 10:26:54,229.85,1867544
2021-06-24 10:26:55,229.85,1867569
2021-06-24 10:26:56,229.85,1867574
2021-06-24 10:26:57,229.85,1867574
2021-06-24 10:26:58,229.85,1867579
2021-06-24 10:26:59,229.85,1867579
2021-06-24 10:27:00,229.85,1867579
2021-06-24 10:27:01,229.8,1868167
2021-06-24 10:27:02,229.75,1868168
2021-06-24 10:27:03,229.75,1868168
2021-06-24 10:27:04,229.75,1868168
2021-06-24 10:27:06,229.85,1868318
2021-06-24 10:27:07,229.85,1868318
2021-06-24 10:27:09,229.85,1868318
2021-06-24 10:27:10,229.85,1868318
2021-06-24 10:27:11,229.85,1868318
2021-06-24 10:27:13,229.85,1868318
2021-06-24 10:27:14,229.85,1868318
2021-06-24 10:27:15,229.7,1869318
2021-06-24 10:27:16,229.85,1869328
2021-06-24 10:27:16,229.85,1869328
2021-06-24 10:27:17,229.85,1869328
2021-06-24 10:27:18,229.85,1869328
2021-06-24 10:27:19,229.85,1869413
2021-06-24 10:27:20,229.85,1869413
2021-06-24 10:27:21,229.85,1869413
2021-06-24 10:27:22,229.85,1869413
2021-06-24 10:27:23,229.85,1869413
2021-06-24 10:27:24,229.75,1869414
2021-06-24 10:27:25,229.75,1869634
2021-06-24 10:27:26,229.85,1869635
2021-06-24 10:27:27,229.85,1869686
2021-06-24 10:27:29,229.85,1869686
2021-06-24 10:27:30,229.85,1869687
2021-06-24 10:27:31,229.85,1869688
2021-06-24 10:27:32,229.7,1870149
2021-06-24 10:27:33,229.7,1870149
2021-06-24 10:27:34,229.7,1870149
2021-06-24 10:27:34,229.7,1870149
2021-06-24 10:27:35,229.8,1870201
2021-06-24 10:27:36,229.85,1870230
2021-06-24 10:27:37,229.85,1870230
2021-06-24 10:27:38,229.85,1870230
2021-06-24 10:27:39,229.8,1870240
2021-06-24 10:27:40,229.85,1870241
2021-06-24 10:27:41,229.85,1870241
2021-06-24 10:27:42,229.85,1870241
2021-06-24 10:27:43,229.85,1870271
2021-06-24 10:27:45,229.85,1870271
2021-06-24 10:27:46,229.85,1870326
2021-06-24 10:27:47,229.85,1870326
2021-06-24 10:27:48,229.85,1870326
2021-06-24 10:27:49,229.85,1870326
2021-06-24 10:27:49,229.85,1870326
2021-06-24 10:27:50,229.85,1870326
2021-06-24 10:27:51,229.85,1870326
2021-06-24 10:27:52,229.85,1870326
2021-06-24 10:27:53,229.85,1870326
2021-06-24 10:27:54,229.85,1870326
2021-06-24 10:27:55,229.85,1870376
2021-06-24 10:27:56,229.9,1878868
2021-06-24 10:27:57,229.9,1878868
2021-06-24 10:27:58,229.9,1879168
2021-06-24 10:27:59,229.9,1879188
2021-06-24 10:28:01,229.9,1879188
2021-06-24 10:28:02,229.9,1879188
2021-06-24 10:28:04,229.8,1879283
2021-06-24 10:28:05,229.8,1879283
2021-06-24 10:28:06,229.9,1880484
2021-06-24 10:28:07,229.9,1880484
2021-06-24 10:28:07,229.9,1880484
2021-06-24 10:28:08,229.8,1880665
2021-06-24 10:28:09,229.9,1880666
2021-06-24 10:28:10,229.9,1880672
2021-06-24 10:28:11,229.9,1880672
2021-06-24 10:28:12,229.9,1880672
2021-06-24 10:28:13,229.9,1880680
2021-06-24 10:28:14,229.9,1880680
2021-06-24 10:28:15,229.9,1880680
2021-06-24 10:28:17,229.9,1880730
2021-06-24 10:28:17,229.8,1880749
2021-06-24 10:28:19,229.9,1880791
2021-06-24 10:28:19,229.9,1880794
2021-06-24 10:28:20,229.9,1880794
2021-06-24 10:28:22,229.8,1881444
2021-06-24 10:28:23,229.8,1881944
2021-06-24 10:28:24,229.8,1881944
2021-06-24 10:28:25,229.8,1881947
2021-06-24 10:28:26,229.8,1881947
2021-06-24 10:28:28,229.75,1882976
2021-06-24 10:28:29,229.75,1882979
2021-06-24 10:28:30,229.75,1882979
2021-06-24 10:28:31,229.8,1883029
2021-06-24 10:28:32,229.8,1883029
2021-06-24 10:28:33,229.8,1883029
2021-06-24 10:28:34,229.85,1883051
2021-06-24 10:28:35,229.8,1883052
2021-06-24 10:28:36,229.85,1883077
2021-06-24 10:28:38,229.75,1883102
2021-06-24 10:28:38,229.75,1883104
2021-06-24 10:28:40,229.75,1883104
2021-06-24 10:28:40,229.75,1883104
2021-06-24 10:28:41,229.75,1883104
2021-06-24 10:28:42,229.75,1883104
2021-06-24 10:28:43,229.85,1883609
2021-06-24 10:28:44,229.8,1883763
2021-06-24 10:28:45,229.85,1883892
2021-06-24 10:28:47,229.85,1883895
2021-06-24 10:28:48,229.85,1883895
2021-06-24 10:28:48,229.75,1884115
2021-06-24 10:28:50,229.85,1884250
2021-06-24 10:28:50,229.85,1884250
2021-06-24 10:28:51,229.75,1884270
2021-06-24 10:28:54,229.85,1884280
2021-06-24 10:28:54,229.75,1884330
2021-06-24 10:28:56,229.75,1884330
2021-06-24 10:28:57,229.75,1884330
2021-06-24 10:28:57,229.75,1884330
2021-06-24 10:28:58,229.75,1884330
2021-06-24 10:28:59,229.75,1884490
2021-06-24 10:29:01,229.75,1884490
2021-06-24 10:29:02,229.75,1884490
2021-06-24 10:29:04,229.75,1884490
2021-06-24 10:29:04,229.75,1884490
2021-06-24 10:29:05,229.75,1884490
2021-06-24 10:29:06,229.8,1884570
2021-06-24 10:29:07,229.8,1884570
2021-06-24 10:29:08,229.8,1884574
2021-06-24 10:29:11,229.7,1888902
2021-06-24 10:29:12,229.7,1888912
2021-06-24 10:29:13,229.65,1889005
2021-06-24 10:29:14,229.65,1889005
2021-06-24 10:29:15,229.7,1889007
2021-06-24 10:29:16,229.7,1889007
2021-06-24 10:29:17,229.7,1889007
2021-06-24 10:29:18,229.7,1889007
2021-06-24 10:29:19,229.7,1889017
2021-06-24 10:29:20,229.7,1889017
2021-06-24 10:29:21,229.7,1889019
2021-06-24 10:29:25,229.7,1889019
2021-06-24 10:29:26,229.7,1889019
2021-06-24 10:29:27,229.7,1889019
2021-06-24 10:29:27,229.75,1889319
2021-06-24 10:29:28,229.75,1889319
2021-06-24 10:29:29,229.65,1889508
2021-06-24 10:29:30,229.65,1889508
2021-06-24 10:29:32,229.8,1893758
2021-06-24 10:29:33,229.7,1894020
2021-06-24 10:29:34,229.7,1894020
2021-06-24 10:29:35,229.75,1894025
2021-06-24 10:29:36,229.75,1894025
2021-06-24 10:29:37,229.75,1894050
2021-06-24 10:29:38,229.75,1894050
2021-06-24 10:29:39,229.75,1894051
2021-06-24 10:29:40,229.75,1894052
2021-06-24 10:29:40,229.75,1894052
2021-06-24 10:29:42,229.75,1894073
2021-06-24 10:29:43,229.75,1894073
2021-06-24 10:29:44,229.75,1894074
2021-06-24 10:29:46,229.75,1894086
2021-06-24 10:29:47,229.75,1898583
2021-06-24 10:29:47,229.75,1898583
2021-06-24 10:29:48,229.8,1898604
2021-06-24 10:29:49,229.75,1898614
2021-06-24 10:29:50,229.75,1898614
2021-06-24 10:29:51,229.75,1898614
2021-06-24 10:29:52,229.85,1898687
2021-06-24 10:29:53,229.85,1898687
2021-06-24 10:29:55,229.85,1898746
2021-06-24 10:29:55,229.85,1898746
2021-06-24 10:29:57,229.85,1898746
2021-06-24 10:29:58,229.85,1898746
2021-06-24 10:29:58,229.85,1898771
2021-06-24 10:29:59,229.85,1898771
2021-06-24 10:30:00,229.85,1898772
2021-06-24 10:30:01,229.85,1898772
2021-06-24 10:30:02,229.85,1898772
2021-06-24 10:30:03,229.85,1898772
2021-06-24 10:30:04,229.85,1898772
2021-06-24 10:30:06,229.8,1898813
2021-06-24 10:30:06,229.8,1898813
2021-06-24 10:30:07,229.75,1898814
2021-06-24 10:30:08,229.8,1898824
2021-06-24 10:30:10,229.85,1898826
2021-06-24 10:30:11,229.75,1899077
2021-06-24 10:30:12,229.75,1899077
2021-06-24 10:30:14,229.75,1899077
2021-06-24 10:30:15,229.85,1899157
2021-06-24 10:30:16,229.85,1899157
2021-06-24 10:30:17,229.85,1899157
2021-06-24 10:30:18,229.85,1899157
2021-06-24 10:30:19,229.85,1899177
2021-06-24 10:30:20,229.85,1899177
2021-06-24 10:30:21,229.85,1899178
2021-06-24 10:30:22,229.85,1899253
2021-06-24 10:30:23,229.85,1899343
2021-06-24 10:30:24,229.85,1899343
2021-06-24 10:30:25,229.85,1899343
2021-06-24 10:30:26,229.85,1899343
2021-06-24 10:30:27,229.85,1899343
2021-06-24 10:30:28,229.85,1899353
2021-06-24 10:30:29,229.85,1899358
2021-06-24 10:30:30,229.85,1899358
2021-06-24 10:30:31,229.85,1899362
2021-06-24 10:30:32,229.85,1899365
2021-06-24 10:30:34,229.85,1900265
2021-06-24 10:30:35,229.85,1900289
2021-06-24 10:30:36,229.85,1900314
2021-06-24 10:30:37,229.85,1900324
2021-06-24 10:30:38,229.85,1900424
2021-06-24 10:30:39,229.85,1900486
2021-06-24 10:30:40,229.85,1900486
2021-06-24 10:30:40,229.85,1900486
2021-06-24 10:30:42,229.85,1900486
2021-06-24 10:30:43,229.85,1900724
2021-06-24 10:30:44,229.85,1900724
2021-06-24 10:30:44,229.85,1900724
2021-06-24 10:30:46,229.8,1901034
2021-06-24 10:30:47,229.8,1901034
2021-06-24 10:30:48,229.8,1901034
2021-06-24 10:30:50,229.8,1901034
2021-06-24 10:30:51,229.75,1902293
2021-06-24 10:30:52,229.75,1902293
2021-06-24 10:30:53,229.75,1902293
2021-06-24 10:30:54,229.75,1902293
2021-06-24 10:30:55,229.75,1902293
2021-06-24 10:30:57,229.75,1902293
2021-06-24 10:30:58,229.75,1902293
2021-06-24 10:30:59,229.75,1902293
2021-06-24 10:30:59,229.75,1902293
2021-06-24 10:31:00,229.75,1902293
2021-06-24 10:31:01,229.75,1902293
2021-06-24 10:31:03,229.8,1902296
2021-06-24 10:31:03,229.8,1902296
2021-06-24 10:31:04,229.8,1902296
2021-06-24 10:31:05,229.8,1902299
2021-06-24 10:31:06,229.8,1902299
2021-06-24 10:31:07,229.8,1902351
2021-06-24 10:31:09,229.8,1902426
2021-06-24 10:31:10,229.8,1902446
2021-06-24 10:31:11,229.8,1902446
2021-06-24 10:31:12,229.8,1902448
2021-06-24 10:31:12,229.75,1902598
2021-06-24 10:31:14,229.8,1903613
2021-06-24 10:31:14,229.8,1903613
2021-06-24 10:31:16,229.7,1903722
2021-06-24 10:31:17,229.75,1903732
2021-06-24 10:31:18,229.75,1903763
2021-06-24 10:31:19,229.75,1903763
2021-06-24 10:31:19,229.7,1905657
2021-06-24 10:31:21,229.7,1908276
2021-06-24 10:31:21,229.75,1908476
2021-06-24 10:31:22,229.75,1908476
2021-06-24 10:31:24,229.7,1908477
2021-06-24 10:31:24,229.7,1908477
2021-06-24 10:31:25,229.7,1908477
2021-06-24 10:31:26,229.75,1908577
2021-06-24 10:31:27,229.7,1908589
2021-06-24 10:31:28,229.75,1908639
2021-06-24 10:31:29,229.75,1908646
2021-06-24 10:31:30,229.8,1908746
2021-06-24 10:31:31,229.8,1908746
2021-06-24 10:31:33,229.8,1908746
2021-06-24 10:31:34,229.8,1908746
2021-06-24 10:31:35,229.8,1908746
2021-06-24 10:31:36,229.7,1909180
2021-06-24 10:31:37,229.7,1909180
2021-06-24 10:31:37,229.7,1909180
2021-06-24 10:31:39,229.7,1909351
2021-06-24 10:31:40,229.7,1909352
2021-06-24 10:31:41,229.7,1909352
2021-06-24 10:31:42,229.7,1909352
2021-06-24 10:31:44,229.7,1909362
2021-06-24 10:31:45,229.7,1909572
2021-06-24 10:31:46,229.7,1909580
2021-06-24 10:31:47,229.7,1909580
2021-06-24 10:31:48,229.65,1909611
2021-06-24 10:31:49,229.65,1909611
2021-06-24 10:31:50,229.7,1909662
2021-06-24 10:31:51,229.7,1909662
2021-06-24 10:31:52,229.7,1909662
2021-06-24 10:31:53,229.65,1909762
2021-06-24 10:31:54,229.65,1909762
2021-06-24 10:31:57,229.65,1909762
2021-06-24 10:31:58,229.65,1909762
2021-06-24 10:31:59,229.65,1909762
2021-06-24 10:32:00,229.7,1909963
2021-06-24 10:32:00,229.7,1909963
2021-06-24 10:32:01,229.65,1909964
2021-06-24 10:32:03,229.65,1909964
2021-06-24 10:32:04,229.65,1909964
2021-06-24 10:32:05,229.65,1909964
2021-06-24 10:32:06,229.65,1909964
2021-06-24 10:32:07,229.7,1919313
2021-06-24 10:32:08,229.7,1919313
2021-06-24 10:32:09,229.7,1919313
2021-06-24 10:32:10,229.7,1919565
2021-06-24 10:32:12,229.55,1920954
2021-06-24 10:32:13,229.7,1920969
2021-06-24 10:32:14,229.7,1920969
2021-06-24 10:32:15,229.7,1920969
2021-06-24 10:32:16,229.5,1934966
2021-06-24 10:32:16,229.5,1934966
2021-06-24 10:32:17,229.5,1934966
2021-06-24 10:32:18,229.6,1934967
2021-06-24 10:32:20,229.6,1934967
2021-06-24 10:32:21,229.6,1934976
2021-06-24 10:32:22,229.6,1934976
2021-06-24 10:32:23,229.6,1934976
2021-06-24 10:32:24,229.55,1935006
2021-06-24 10:32:25,229.6,1935021
2021-06-24 10:32:26,229.6,1935021
2021-06-24 10:32:27,229.6,1937050
2021-06-24 10:32:27,229.6,1937050
2021-06-24 10:32:28,229.5,1937080
2021-06-24 10:32:29,229.5,1937080
2021-06-24 10:32:30,229.5,1937080
2021-06-24 10:32:31,229.5,1937080
2021-06-24 10:32:32,229.5,1937080
2021-06-24 10:32:34,229.5,1937131
2021-06-24 10:32:35,229.5,1937131
2021-06-24 10:32:36,229.6,1937134
2021-06-24 10:32:37,229.6,1937134
2021-06-24 10:32:38,229.6,1937171
2021-06-24 10:32:39,229.6,1937171
2021-06-24 10:32:41,229.6,1937221
2021-06-24 10:32:42,229.6,1937221
2021-06-24 10:32:43,229.6,1937221
2021-06-24 10:32:44,229.6,1937349
2021-06-24 10:32:45,229.6,1937374
2021-06-24 10:32:46,229.5,1938374
2021-06-24 10:32:47,229.5,1938374
2021-06-24 10:32:48,229.6,1938424
2021-06-24 10:32:49,229.5,1938924
2021-06-24 10:32:50,229.5,1938924
2021-06-24 10:32:51,229.5,1938924
2021-06-24 10:32:52,229.5,1938924
2021-06-24 10:32:53,229.5,1938924
2021-06-24 10:32:54,229.5,1938924
2021-06-24 10:32:55,229.55,1938928
2021-06-24 10:32:56,229.55,1938928
2021-06-24 10:32:56,229.55,1938928
2021-06-24 10:32:58,229.6,1938932
2021-06-24 10:32:59,229.6,1938932
2021-06-24 10:33:00,229.6,1938932
2021-06-24 10:33:01,229.6,1939393
2021-06-24 10:33:01,229.6,1939393
2021-06-24 10:33:02,229.6,1939436
2021-06-24 10:33:04,229.6,1939486
2021-06-24 10:33:05,229.6,1939486
2021-06-24 10:33:06,229.5,1939936
2021-06-24 10:33:07,229.5,1939936
2021-06-24 10:33:08,229.5,1939936
2021-06-24 10:33:09,229.6,1940037
2021-06-24 10:33:10,229.6,1940037
2021-06-24 10:33:10,229.6,1940037
2021-06-24 10:33:11,229.6,1940037
2021-06-24 10:33:12,229.6,1940037
2021-06-24 10:33:14,229.6,1940037
2021-06-24 10:33:15,229.6,1940037
2021-06-24 10:33:16,229.6,1940136
2021-06-24 10:33:17,229.6,1940531
2021-06-24 10:33:18,229.6,1940531
2021-06-24 10:33:19,229.6,1940531
2021-06-24 10:33:20,229.6,1940531
2021-06-24 10:33:21,229.55,1940545
2021-06-24 10:33:22,229.55,1940545
2021-06-24 10:33:23,229.55,1940545
2021-06-24 10:33:24,229.55,1940545
2021-06-24 10:33:25,229.6,1942595
2021-06-24 10:33:26,229.6,1942625
2021-06-24 10:33:27,229.7,1942715
2021-06-24 10:33:28,229.6,1942725
2021-06-24 10:33:29,229.6,1942725
2021-06-24 10:33:30,229.6,1942725
2021-06-24 10:33:31,229.6,1942725
2021-06-24 10:33:32,229.6,1942725
2021-06-24 10:33:32,229.6,1942725
2021-06-24 10:33:33,229.6,1942725
2021-06-24 10:33:34,229.6,1942725
2021-06-24 10:33:35,229.6,1942725
2021-06-24 10:33:36,229.6,1942725
2021-06-24 10:33:38,229.7,1942726
2021-06-24 10:33:38,229.7,1942726
2021-06-24 10:33:40,229.7,1942726
2021-06-24 10:33:41,229.7,1942726
2021-06-24 10:33:42,229.7,1942726
2021-06-24 10:33:43,229.6,1942833
2021-06-24 10:33:44,229.6,1942833
2021-06-24 10:33:45,229.6,1942833
2021-06-24 10:33:46,229.6,1942833
2021-06-24 10:33:47,229.7,1942834
2021-06-24 10:33:48,229.7,1942834
2021-06-24 10:33:49,229.7,1942834
2021-06-24 10:33:50,229.7,1942844
2021-06-24 10:33:52,229.6,1943244
2021-06-24 10:33:51,229.6,1943244
2021-06-24 10:33:53,229.7,1943589
2021-06-24 10:33:54,229.7,1943589
2021-06-24 10:33:55,229.6,1944689
2021-06-24 10:33:56,229.6,1944689
2021-06-24 10:33:57,229.6,1944689
2021-06-24 10:33:58,229.8,1946246
2021-06-24 10:33:59,229.8,1946251
2021-06-24 10:34:00,229.8,1946251
2021-06-24 10:34:01,229.8,1946251
2021-06-24 10:34:02,229.8,1946251
2021-06-24 10:34:03,229.7,1946401
2021-06-24 10:34:04,229.7,1946401
2021-06-24 10:34:05,229.8,1946451
2021-06-24 10:34:06,229.7,1946455
2021-06-24 10:34:08,229.7,1946455
2021-06-24 10:34:07,229.7,1946455
2021-06-24 10:34:09,229.7,1946455
2021-06-24 10:34:10,229.7,1946455
2021-06-24 10:34:12,229.7,1946455
2021-06-24 10:34:13,229.7,1946455
2021-06-24 10:34:15,229.75,1946517
2021-06-24 10:34:16,229.75,1946517
2021-06-24 10:34:17,229.75,1946517
2021-06-24 10:34:18,229.75,1946517
2021-06-24 10:34:19,229.8,1946519
2021-06-24 10:34:20,229.8,1946519
2021-06-24 10:34:21,229.8,1946529
2021-06-24 10:34:22,229.8,1946529
2021-06-24 10:34:24,229.8,1946529
2021-06-24 10:34:25,229.65,1951856
2021-06-24 10:34:26,229.7,1951958
2021-06-24 10:34:27,229.7,1951963
2021-06-24 10:34:28,229.7,1951963
2021-06-24 10:34:29,229.7,1951963
2021-06-24 10:34:30,229.55,1952313
2021-06-24 10:34:31,229.65,1952315
2021-06-24 10:34:32,229.65,1952315
2021-06-24 10:34:33,229.7,1952515
2021-06-24 10:34:34,229.7,1952517
2021-06-24 10:34:35,229.7,1952657
2021-06-24 10:34:36,229.7,1952802
2021-06-24 10:34:37,229.7,1952802
2021-06-24 10:34:38,229.7,1952802
2021-06-24 10:34:39,229.6,1952852
2021-06-24 10:34:40,229.6,1952852
2021-06-24 10:34:41,229.7,1953352
2021-06-24 10:34:42,229.7,1953352
2021-06-24 10:34:43,229.7,1953452
2021-06-24 10:34:46,229.7,1953482
2021-06-24 10:34:45,229.7,1953482
2021-06-24 10:34:47,229.7,1953482
2021-06-24 10:34:48,229.7,1953482
2021-06-24 10:34:49,229.7,1953484
2021-06-24 10:34:50,229.7,1953484
2021-06-24 10:34:51,229.7,1953484
2021-06-24 10:34:52,229.7,1953484
2021-06-24 10:34:53,229.7,1953486
2021-06-24 10:34:54,229.7,1953516
2021-06-24 10:34:55,229.7,1953516
2021-06-24 10:34:56,229.7,1953516
2021-06-24 10:34:57,229.65,1953627
2021-06-24 10:34:58,229.65,1953632
2021-06-24 10:34:59,229.65,1953632
2021-06-24 10:35:00,229.65,1953632
2021-06-24 10:35:01,229.65,1953632
2021-06-24 10:35:02,229.65,1953633
2021-06-24 10:35:03,229.65,1953663
2021-06-24 10:35:04,229.65,1953663
2021-06-24 10:35:05,229.65,1953663
2021-06-24 10:35:06,229.6,1953698
2021-06-24 10:35:08,229.6,1953698
2021-06-24 10:35:09,229.6,1953698
2021-06-24 10:35:10,229.6,1953698
2021-06-24 10:35:11,229.6,1953709
2021-06-24 10:35:12,229.6,1953800
2021-06-24 10:35:13,229.6,1953800
2021-06-24 10:35:14,229.6,1953800
2021-06-24 10:35:15,229.6,1953800
2021-06-24 10:35:16,229.6,1953826
2021-06-24 10:35:17,229.6,1953826
2021-06-24 10:35:18,229.6,1953886
2021-06-24 10:35:20,229.55,1953987
2021-06-24 10:35:19,229.55,1953987
2021-06-24 10:35:21,229.6,1954013
2021-06-24 10:35:22,229.6,1954038
2021-06-24 10:35:23,229.6,1954038
2021-06-24 10:35:24,229.6,1954048
2021-06-24 10:35:25,229.6,1954050
2021-06-24 10:35:26,229.6,1954051
2021-06-24 10:35:27,229.6,1954056
2021-06-24 10:35:28,229.6,1954057
2021-06-24 10:35:29,229.6,1954057
2021-06-24 10:35:30,229.6,1954057
2021-06-24 10:35:31,229.6,1954057
2021-06-24 10:35:32,229.6,1954108
2021-06-24 10:35:33,229.6,1954108
2021-06-24 10:35:34,229.6,1954130
2021-06-24 10:35:35,229.6,1954130
2021-06-24 10:35:36,229.6,1954130
2021-06-24 10:35:37,229.6,1954130
2021-06-24 10:35:38,229.6,1954130
2021-06-24 10:35:39,229.6,1954160
2021-06-24 10:35:40,229.6,1954160
2021-06-24 10:35:41,229.6,1954160
2021-06-24 10:35:42,229.6,1954236
2021-06-24 10:35:43,229.6,1954236
2021-06-24 10:35:44,229.55,1954241
2021-06-24 10:35:45,229.6,1954441
2021-06-24 10:35:46,229.6,1954441
2021-06-24 10:35:47,229.6,1954442
2021-06-24 10:35:48,229.6,1954442
2021-06-24 10:35:49,229.6,1954444
2021-06-24 10:35:50,229.6,1954444
2021-06-24 10:35:51,229.6,1954444
2021-06-24 10:35:52,229.6,1954444
2021-06-24 10:35:53,229.6,1954625
2021-06-24 10:35:54,229.6,1955135
2021-06-24 10:35:55,229.6,1955178
2021-06-24 10:35:56,229.6,1955188
2021-06-24 10:35:57,229.6,1955188
2021-06-24 10:35:58,229.6,1955188
2021-06-24 10:35:59,229.6,1955188
2021-06-24 10:36:00,229.6,1955230
2021-06-24 10:36:01,229.6,1955230
2021-06-24 10:36:02,229.6,1955230
2021-06-24 10:36:04,229.55,1955386
2021-06-24 10:36:04,229.55,1955386
2021-06-24 10:36:05,229.55,1955386
2021-06-24 10:36:06,229.6,1955389
2021-06-24 10:36:07,229.6,1955389
2021-06-24 10:36:08,229.6,1955389
2021-06-24 10:36:09,229.6,1955389
2021-06-24 10:36:10,229.6,1955389
2021-06-24 10:36:11,229.6,1955389
2021-06-24 10:36:12,229.6,1955389
2021-06-24 10:36:13,229.6,1955389
2021-06-24 10:36:14,229.6,1955389
2021-06-24 10:36:15,229.6,1955389
2021-06-24 10:36:16,229.6,1955399
2021-06-24 10:36:17,229.6,1955399
2021-06-24 10:36:18,229.6,1955659
2021-06-24 10:36:19,229.55,1955779
2021-06-24 10:36:20,229.6,1955796
2021-06-24 10:36:22,229.55,1956876
2021-06-24 10:36:22,229.55,1956876
2021-06-24 10:36:24,229.6,1956898
2021-06-24 10:36:24,229.55,1956899
2021-06-24 10:36:25,229.55,1956899
2021-06-24 10:36:26,229.6,1956917
2021-06-24 10:36:27,229.6,1957007
2021-06-24 10:36:28,229.6,1957007
2021-06-24 10:36:29,229.6,1957024
2021-06-24 10:36:30,229.6,1957060
2021-06-24 10:36:31,229.6,1957060
2021-06-24 10:36:32,229.6,1957077
2021-06-24 10:36:33,229.6,1957077
2021-06-24 10:36:34,229.6,1957077
2021-06-24 10:36:35,229.6,1957095
2021-06-24 10:36:36,229.6,1957097
2021-06-24 10:36:37,229.6,1957097
2021-06-24 10:36:38,229.6,1957126
2021-06-24 10:36:39,229.6,1957126
2021-06-24 10:36:40,229.6,1957132
2021-06-24 10:36:41,229.55,1957264
2021-06-24 10:36:42,229.55,1957266
2021-06-24 10:36:43,229.6,1957270
2021-06-24 10:36:44,229.6,1957288
2021-06-24 10:36:45,229.5,1957862
2021-06-24 10:36:48,229.6,1959195
2021-06-24 10:36:51,229.55,1959471
2021-06-24 10:36:54,229.5,1959595
2021-06-24 10:36:56,229.6,1961283
2021-06-24 10:36:59,229.6,1961770
2021-06-24 10:37:03,229.55,1961853
2021-06-24 10:37:06,229.5,1965978
2021-06-24 10:37:10,229.55,1966291
2021-06-24 10:37:13,229.55,1966309
2021-06-24 10:37:16,229.5,1966310
2021-06-24 10:37:20,229.5,1966310
2021-06-24 10:37:22,229.55,1966315
2021-06-24 10:37:25,229.55,1966331
2021-06-24 10:37:27,229.55,1966341
2021-06-24 10:37:30,229.55,1966366
2021-06-24 10:37:32,229.55,1966386
2021-06-24 10:37:35,229.55,1966536
2021-06-24 10:37:38,229.6,1966537
2021-06-24 10:37:41,229.65,1966538
2021-06-24 10:37:43,229.6,1967062
2021-06-24 10:37:49,229.65,1971589
2021-06-24 10:37:51,229.65,1971589
2021-06-24 10:37:54,229.65,1971589
2021-06-24 10:37:56,229.65,1972609
2021-06-24 10:37:59,229.7,1972709
2021-06-24 10:38:02,229.65,1972759
2021-06-24 10:38:05,229.6,1973362
2021-06-24 10:38:07,229.6,1973372
2021-06-24 10:38:10,229.6,1973372
2021-06-24 10:38:12,229.6,1973372
2021-06-24 10:38:15,229.6,1973482
2021-06-24 10:38:17,229.6,1973797
2021-06-24 10:38:20,229.6,1974297
2021-06-24 10:38:22,229.55,1974359
2021-06-24 10:38:25,229.6,1974621
2021-06-24 10:38:27,229.6,1974675
2021-06-24 10:38:29,229.6,1974879
2021-06-24 10:38:32,229.6,1974982
2021-06-24 10:38:34,229.6,1975017
2021-06-24 10:38:37,229.6,1975117
2021-06-24 10:38:39,229.6,1975178
2021-06-24 10:38:42,229.6,1975329
2021-06-24 10:38:45,229.6,1975359
2021-06-24 10:38:48,229.6,1975459
2021-06-24 10:38:50,229.6,1975679
2021-06-24 10:38:53,229.6,1975679
2021-06-24 10:38:56,229.6,1975710
2021-06-24 10:38:59,229.6,1975710
2021-06-24 10:39:01,229.55,1975731
2021-06-24 10:39:04,229.55,1975734
2021-06-24 10:39:07,229.6,1975837
2021-06-24 10:39:09,229.6,1975837
2021-06-24 10:39:12,229.6,1975837
2021-06-24 10:39:15,229.6,1975842
2021-06-24 10:39:17,229.6,1976362
2021-06-24 10:39:20,229.5,1980462
2021-06-24 10:39:23,229.5,1980462
2021-06-24 10:39:25,229.5,1980462
2021-06-24 10:39:29,229.45,1981202
2021-06-24 10:39:33,229.6,1981255
2021-06-24 10:39:36,229.55,1981286
2021-06-24 10:39:39,229.55,1981304
2021-06-24 10:39:42,229.55,1981679
2021-06-24 10:39:45,229.55,1981740
2021-06-24 10:39:48,229.5,1981845
2021-06-24 10:39:52,229.6,1982150
2021-06-24 10:39:54,229.55,1982151
2021-06-24 10:39:57,229.6,1982356
2021-06-24 10:40:00,229.6,1982363
2021-06-24 10:40:04,229.6,1982515
2021-06-24 10:40:08,229.6,1982692
2021-06-24 10:40:11,229.6,1982744
2021-06-24 10:40:14,229.6,1982756
2021-06-24 10:40:17,229.6,1982767
2021-06-24 10:40:20,229.55,1982887
2021-06-24 10:40:23,229.6,1983007
2021-06-24 10:40:26,229.55,1983232
2021-06-24 10:40:29,229.6,1983235
2021-06-24 10:40:32,229.6,1983235
2021-06-24 10:40:34,229.6,1983290
2021-06-24 10:40:37,229.7,1984891
2021-06-24 10:40:40,229.7,1984891
2021-06-24 10:40:43,229.7,1985142
2021-06-24 10:40:46,229.65,1985392
2021-06-24 10:40:48,229.65,1985396
2021-06-24 10:40:52,229.75,1985443
2021-06-24 10:40:55,229.75,1985443
2021-06-24 10:40:57,229.65,1985447
2021-06-24 10:41:00,229.6,1985530
2021-06-24 10:41:03,229.7,1985560
2021-06-24 10:41:05,229.75,1985562
2021-06-24 10:41:08,229.75,1985617
2021-06-24 10:41:11,229.7,1985725
2021-06-24 10:41:14,229.75,1985735
2021-06-24 10:41:17,229.6,1985816
2021-06-24 10:41:19,229.75,1985824
2021-06-24 10:41:22,229.6,1985924
2021-06-24 10:41:26,229.75,1985982
2021-06-24 10:41:30,229.75,1985984
2021-06-24 10:41:33,229.75,1985994
2021-06-24 10:41:36,229.75,1986426
2021-06-24 10:41:39,229.75,1986677
2021-06-24 10:41:41,229.75,1986987
2021-06-24 10:41:44,229.75,1987007
2021-06-24 10:41:47,229.7,1987011
2021-06-24 10:41:51,229.75,1987404
2021-06-24 10:41:53,229.75,1987463
2021-06-24 10:41:55,229.7,1987488
2021-06-24 10:41:58,229.7,1987488
2021-06-24 10:42:01,229.7,1987538
2021-06-24 10:42:06,229.7,1987597
2021-06-24 10:42:09,229.75,1990068
2021-06-24 10:42:12,229.8,1992268
2021-06-24 10:42:15,229.8,1992268
2021-06-24 10:42:18,229.75,1992308
2021-06-24 10:42:21,229.8,1992319
2021-06-24 10:42:23,229.75,1992749
2021-06-24 10:42:26,229.8,1992781
2021-06-24 10:42:29,229.75,1994446
2021-06-24 10:42:32,229.75,1994620
2021-06-24 10:42:35,229.75,1994650
2021-06-24 10:42:39,229.75,1994650
2021-06-24 10:42:42,229.7,1996129
2021-06-24 10:42:50,229.7,1996219
2021-06-24 10:42:53,229.65,1996344
2021-06-24 10:42:56,229.7,1996797
2021-06-24 10:42:59,229.7,1997748
2021-06-24 10:43:08,229.65,1998039
2021-06-24 10:43:10,229.7,1998139
2021-06-24 10:43:14,229.7,1998539
2021-06-24 10:43:17,229.7,1999339
2021-06-24 10:43:20,229.7,1999339
2021-06-24 10:43:23,229.7,1999339
2021-06-24 10:43:26,229.75,1999450
2021-06-24 10:43:29,229.65,1999486
2021-06-24 10:43:32,229.65,1999536
2021-06-24 10:43:34,229.65,1999536
2021-06-24 10:43:37,229.75,2000036
2021-06-24 10:43:40,229.75,2000056
2021-06-24 10:43:42,229.75,2000156
2021-06-24 10:43:45,229.7,2000196
2021-06-24 10:43:48,229.75,2000258
2021-06-24 10:43:50,229.75,2000258
2021-06-24 10:43:53,229.75,2000258
2021-06-24 10:43:55,229.8,2000288
2021-06-24 10:43:58,229.8,2000289
2021-06-24 10:44:01,229.8,2000295
2021-06-24 10:44:03,229.8,2000355
2021-06-24 10:44:05,229.8,2000555
2021-06-24 10:44:08,229.8,2000559
2021-06-24 10:44:10,229.9,2012891
2021-06-24 10:44:13,229.95,2012911
2021-06-24 10:44:16,229.95,2012961
2021-06-24 10:44:19,229.9,2013261
2021-06-24 10:44:24,229.9,2014651
2021-06-24 10:44:27,229.95,2014782
2021-06-24 10:44:29,229.9,2014971
2021-06-24 10:44:32,229.95,2014981
2021-06-24 10:44:36,229.9,2016801
2021-06-24 10:44:40,229.75,2018837
2021-06-24 10:44:42,229.75,2020197
2021-06-24 10:44:46,229.7,2020322
2021-06-24 10:44:49,229.7,2020345
2021-06-24 10:44:52,229.7,2020404
2021-06-24 10:44:55,229.65,2020413
2021-06-24 10:44:58,229.65,2020413
2021-06-24 10:45:01,229.7,2020473
2021-06-24 10:45:03,229.7,2020728
2021-06-24 10:45:06,229.7,2020728
2021-06-24 10:45:09,229.65,2020808
2021-06-24 10:45:12,229.65,2020808
2021-06-24 10:45:14,229.65,2020808
2021-06-24 10:45:17,229.7,2020818
2021-06-24 10:45:20,229.5,2024061
2021-06-24 10:45:23,229.5,2024061
2021-06-24 10:45:25,229.55,2024064
2021-06-24 10:45:27,229.55,2024159
2021-06-24 10:45:30,229.55,2024216
2021-06-24 10:45:35,229.55,2024240
2021-06-24 10:45:38,229.5,2025414
2021-06-24 10:45:40,229.5,2025414
2021-06-24 10:45:43,229.6,2025565
2021-06-24 10:45:46,229.65,2026022
2021-06-24 10:45:50,229.5,2027264
2021-06-24 10:45:52,229.5,2027264
2021-06-24 10:45:55,229.6,2028090
2021-06-24 10:45:58,229.6,2028140
2021-06-24 10:46:01,229.5,2029902
2021-06-24 10:46:04,229.45,2030370
2021-06-24 10:46:06,229.45,2030370
2021-06-24 10:46:09,229.5,2030520
2021-06-24 10:46:11,229.5,2030540
2021-06-24 10:46:14,229.5,2030567
2021-06-24 10:46:16,229.5,2030895
2021-06-24 10:46:19,229.35,2032259
2021-06-24 10:46:22,229.45,2032281
2021-06-24 10:46:25,229.45,2032311
2021-06-24 10:46:28,229.45,2033828
2021-06-24 10:46:31,229.45,2033928
2021-06-24 10:46:33,229.45,2033980
2021-06-24 10:46:36,229.4,2034105
2021-06-24 10:46:39,229.4,2034176
2021-06-24 10:46:41,229.35,2034687
2021-06-24 10:46:44,229.4,2035066
2021-06-24 10:46:45,229.4,2035067
2021-06-24 10:46:46,229.4,2035340
2021-06-24 10:46:47,229.4,2035340
2021-06-24 10:46:48,229.35,2035713
2021-06-24 10:46:49,229.3,2036780
2021-06-24 10:46:50,229.4,2037883
2021-06-24 10:46:51,229.35,2038071
2021-06-24 10:46:52,229.3,2038438
2021-06-24 10:46:53,229.3,2038438
2021-06-24 10:46:54,229.35,2038491
2021-06-24 10:46:55,229.35,2038491
2021-06-24 10:46:56,229.4,2038498
2021-06-24 10:46:57,229.4,2038498
2021-06-24 10:46:58,229.4,2038748
2021-06-24 10:46:59,229.35,2038798
2021-06-24 10:47:00,229.35,2038798
2021-06-24 10:47:01,229.4,2038806
2021-06-24 10:47:02,229.4,2038806
2021-06-24 10:47:03,229.4,2038806
2021-06-24 10:47:04,229.4,2038806
2021-06-24 10:47:05,229.35,2039071
2021-06-24 10:47:06,229.3,2039131
2021-06-24 10:47:07,229.35,2039410
2021-06-24 10:47:08,229.4,2041310
2021-06-24 10:47:09,229.4,2041318
2021-06-24 10:47:10,229.35,2041410
2021-06-24 10:47:11,229.35,2041410
2021-06-24 10:47:12,229.4,2041450
2021-06-24 10:47:13,229.4,2041450
2021-06-24 10:47:14,229.4,2041458
2021-06-24 10:47:15,229.4,2041458
2021-06-24 10:47:16,229.4,2041458
2021-06-24 10:47:17,229.4,2041458
2021-06-24 10:47:18,229.4,2041458
2021-06-24 10:47:19,229.4,2041458
2021-06-24 10:47:20,229.4,2041465
2021-06-24 10:47:21,229.35,2042065
2021-06-24 10:47:22,229.35,2042070
2021-06-24 10:47:23,229.35,2042152
2021-06-24 10:47:24,229.3,2044191
2021-06-24 10:47:25,229.4,2044192
2021-06-24 10:47:26,229.4,2044771
2021-06-24 10:47:28,229.4,2044821
2021-06-24 10:47:27,229.4,2044771
2021-06-24 10:47:29,229.4,2044829
2021-06-24 10:47:30,229.4,2044829
2021-06-24 10:47:31,229.4,2044839
2021-06-24 10:47:33,229.35,2045060
2021-06-24 10:47:33,229.35,2045060
2021-06-24 10:47:34,229.35,2045130
2021-06-24 10:47:37,229.35,2045313
2021-06-24 10:47:38,229.35,2046467
2021-06-24 10:47:38,229.35,2046467
2021-06-24 10:47:39,229.35,2046680
2021-06-24 10:47:40,229.35,2046680
2021-06-24 10:47:43,229.35,2046690
2021-06-24 10:47:44,229.35,2046697
2021-06-24 10:47:45,229.35,2047197
2021-06-24 10:47:46,229.35,2048467
2021-06-24 10:47:47,229.35,2048729
2021-06-24 10:47:48,229.35,2048729
2021-06-24 10:47:49,229.35,2048729
2021-06-24 10:47:50,229.4,2048757
2021-06-24 10:47:51,229.4,2048757
2021-06-24 10:47:52,229.4,2048782
2021-06-24 10:47:53,229.4,2048782
2021-06-24 10:47:54,229.4,2048782
2021-06-24 10:47:55,229.4,2049394
2021-06-24 10:47:57,229.4,2049394
2021-06-24 10:47:57,229.4,2049394
2021-06-24 10:47:58,229.3,2049844
2021-06-24 10:47:59,229.4,2049847
2021-06-24 10:48:00,229.5,2050980
2021-06-24 10:48:01,229.5,2050980
2021-06-24 10:48:02,229.4,2051090
2021-06-24 10:48:03,229.4,2051090
2021-06-24 10:48:04,229.4,2051090
2021-06-24 10:48:05,229.4,2051090
2021-06-24 10:48:06,229.4,2051182
2021-06-24 10:48:08,229.5,2051202
2021-06-24 10:48:09,229.3,2053511
2021-06-24 10:48:10,229.3,2053511
2021-06-24 10:48:11,229.35,2053671
2021-06-24 10:48:12,229.3,2053789
2021-06-24 10:48:13,229.3,2053789
2021-06-24 10:48:15,229.4,2053797
2021-06-24 10:48:16,229.4,2053797
2021-06-24 10:48:17,229.4,2053797
2021-06-24 10:48:18,229.4,2053797
2021-06-24 10:48:19,229.3,2055000
2021-06-24 10:48:21,229.3,2055170
2021-06-24 10:48:21,229.3,2055170
2021-06-24 10:48:22,229.3,2055170
2021-06-24 10:48:23,229.3,2055170
2021-06-24 10:48:26,229.3,2055200
2021-06-24 10:48:27,229.3,2055200
2021-06-24 10:48:27,229.3,2055200
2021-06-24 10:48:28,229.4,2055210
2021-06-24 10:48:29,229.4,2055260
2021-06-24 10:48:30,229.3,2056002
2021-06-24 10:48:31,229.3,2056002
2021-06-24 10:48:32,229.4,2056052
2021-06-24 10:48:33,229.3,2056369
2021-06-24 10:48:34,229.3,2056369
2021-06-24 10:48:36,229.4,2056539
2021-06-24 10:48:36,229.4,2056539
2021-06-24 10:48:38,229.3,2057139
2021-06-24 10:48:38,229.3,2057139
2021-06-24 10:48:40,229.35,2057145
2021-06-24 10:48:41,229.35,2057145
2021-06-24 10:48:41,229.35,2057145
2021-06-24 10:48:43,229.35,2057145
2021-06-24 10:48:43,229.35,2057145
2021-06-24 10:48:44,229.4,2057154
2021-06-24 10:48:45,229.4,2057154
2021-06-24 10:48:46,229.4,2057155
2021-06-24 10:48:47,229.35,2057198
2021-06-24 10:48:48,229.35,2057198
2021-06-24 10:48:49,229.4,2057205
2021-06-24 10:48:50,229.4,2057345
2021-06-24 10:48:51,229.4,2057346
2021-06-24 10:48:53,229.4,2057346
2021-06-24 10:48:53,229.35,2057366
2021-06-24 10:48:54,229.4,2057774
2021-06-24 10:48:56,229.3,2057920
2021-06-24 10:48:57,229.3,2057920
2021-06-24 10:48:58,229.3,2057920
2021-06-24 10:48:58,229.4,2058100
2021-06-24 10:48:59,229.4,2058100
2021-06-24 10:49:00,229.4,2058100
2021-06-24 10:49:01,229.4,2058100
2021-06-24 10:49:02,229.45,2058108
2021-06-24 10:49:04,229.35,2058164
2021-06-24 10:49:05,229.35,2058164
2021-06-24 10:49:06,229.35,2058164
2021-06-24 10:49:07,229.35,2058164
2021-06-24 10:49:08,229.4,2058272
2021-06-24 10:49:09,229.3,2058472
2021-06-24 10:49:10,229.3,2058472
2021-06-24 10:49:11,229.3,2058472
2021-06-24 10:49:12,229.4,2058573
2021-06-24 10:49:13,229.4,2058593
2021-06-24 10:49:14,229.4,2058593
2021-06-24 10:49:16,229.4,2058670
2021-06-24 10:49:17,229.4,2058672
2021-06-24 10:49:17,229.4,2058672
2021-06-24 10:49:18,229.4,2058676
2021-06-24 10:49:19,229.3,2058726
2021-06-24 10:49:21,229.4,2058746
2021-06-24 10:49:21,229.4,2058746
2021-06-24 10:49:22,229.35,2058879
2021-06-24 10:49:23,229.3,2059409
2021-06-24 10:49:24,229.3,2059409
2021-06-24 10:49:25,229.35,2060101
2021-06-24 10:49:26,229.35,2060101
2021-06-24 10:49:28,229.35,2060197
2021-06-24 10:49:27,229.3,2060182
2021-06-24 10:49:32,229.35,2063854
2021-06-24 10:49:32,229.35,2063854
2021-06-24 10:49:33,229.3,2064358
2021-06-24 10:49:34,229.3,2064358
2021-06-24 10:49:35,229.3,2064603
2021-06-24 10:49:36,229.4,2064604
2021-06-24 10:49:37,229.4,2064604
2021-06-24 10:49:39,229.3,2064667
2021-06-24 10:49:40,229.3,2064667
2021-06-24 10:49:41,229.3,2064667
2021-06-24 10:49:42,229.3,2064667
2021-06-24 10:49:43,229.3,2064667
2021-06-24 10:49:44,229.3,2064667
2021-06-24 10:49:46,229.4,2064725
2021-06-24 10:49:47,229.4,2064725
2021-06-24 10:49:48,229.4,2064725
2021-06-24 10:49:49,229.4,2064725
2021-06-24 10:49:49,229.4,2064735
2021-06-24 10:49:51,229.4,2064740
2021-06-24 10:49:52,229.4,2064748
2021-06-24 10:49:53,229.4,2064748
2021-06-24 10:49:53,229.4,2064748
2021-06-24 10:49:54,229.4,2064803
2021-06-24 10:49:56,229.4,2064823
2021-06-24 10:49:57,229.4,2064823
2021-06-24 10:49:58,229.4,2064828
2021-06-24 10:49:59,229.4,2064828
2021-06-24 10:50:00,229.35,2065078
2021-06-24 10:50:01,229.35,2065085
2021-06-24 10:50:02,229.35,2065085
2021-06-24 10:50:03,229.35,2065085
2021-06-24 10:50:05,229.35,2065085
2021-06-24 10:50:06,229.35,2065085
2021-06-24 10:50:06,229.35,2065085
2021-06-24 10:50:07,229.35,2065094
2021-06-24 10:50:08,229.35,2065524
2021-06-24 10:50:09,229.35,2065530
2021-06-24 10:50:10,229.35,2065560
2021-06-24 10:50:11,229.35,2065561
2021-06-24 10:50:12,229.3,2065562
2021-06-24 10:50:14,229.35,2065570
2021-06-24 10:50:14,229.35,2065570
2021-06-24 10:50:16,229.3,2065620
2021-06-24 10:50:16,229.3,2065620
2021-06-24 10:50:17,229.3,2065620
2021-06-24 10:50:19,229.55,2085275
2021-06-24 10:50:20,229.45,2086249
2021-06-24 10:50:20,229.55,2086749
2021-06-24 10:50:21,229.55,2086749
2021-06-24 10:50:22,229.55,2086749
2021-06-24 10:50:24,229.4,2088339
2021-06-24 10:50:25,229.4,2088339
2021-06-24 10:50:26,229.4,2088346
2021-06-24 10:50:26,229.4,2088346
2021-06-24 10:50:28,229.3,2088384
2021-06-24 10:50:27,229.3,2088378
2021-06-24 10:50:29,229.35,2088404
2021-06-24 10:50:30,229.35,2088404
2021-06-24 10:50:31,229.35,2088412
2021-06-24 10:50:33,229.35,2088417
2021-06-24 10:50:34,229.35,2088417
2021-06-24 10:50:35,229.35,2088417
2021-06-24 10:50:36,229.35,2088417
2021-06-24 10:50:37,229.35,2088425
2021-06-24 10:50:39,229.35,2088620
2021-06-24 10:50:40,229.35,2088721
2021-06-24 10:50:41,229.3,2095814
2021-06-24 10:50:42,229.3,2095814
2021-06-24 10:50:43,229.35,2097001
2021-06-24 10:50:44,229.35,2097111
2021-06-24 10:50:45,229.35,2097113
2021-06-24 10:50:46,229.35,2097113
2021-06-24 10:50:47,229.35,2097113
2021-06-24 10:50:48,229.35,2097113
2021-06-24 10:50:50,229.35,2097324
2021-06-24 10:50:51,229.35,2097684
2021-06-24 10:50:52,229.35,2098634
2021-06-24 10:50:53,229.35,2098634
2021-06-24 10:50:55,229.35,2098634
2021-06-24 10:50:56,229.4,2098654
2021-06-24 10:50:57,229.4,2098655
2021-06-24 10:50:57,229.4,2098655
2021-06-24 10:50:58,229.3,2098972
2021-06-24 10:50:59,229.4,2099072
2021-06-24 10:51:01,229.4,2099180
2021-06-24 10:51:01,229.4,2099180
2021-06-24 10:51:02,229.4,2099190
2021-06-24 10:51:03,229.4,2099190
2021-06-24 10:51:04,229.4,2099190
2021-06-24 10:51:06,229.4,2099205
2021-06-24 10:51:06,229.4,2099205
2021-06-24 10:51:07,229.4,2099233
2021-06-24 10:51:08,229.4,2099235
2021-06-24 10:51:09,229.4,2099235
2021-06-24 10:51:11,229.4,2099235
2021-06-24 10:51:11,229.4,2099235
2021-06-24 10:51:12,229.35,2099265
2021-06-24 10:51:13,229.35,2099265
2021-06-24 10:51:15,229.35,2099283
2021-06-24 10:51:16,229.4,2099284
2021-06-24 10:51:17,229.4,2099284
2021-06-24 10:51:17,229.35,2099289
2021-06-24 10:51:18,229.35,2099289
2021-06-24 10:51:19,229.4,2099320
2021-06-24 10:51:21,229.4,2099320
2021-06-24 10:51:22,229.4,2099320
2021-06-24 10:51:23,229.4,2099320
2021-06-24 10:51:24,229.4,2099323
2021-06-24 10:51:25,229.4,2099331
2021-06-24 10:51:26,229.4,2099481
2021-06-24 10:51:27,229.4,2099481
2021-06-24 10:51:28,229.4,2099481
2021-06-24 10:51:29,229.4,2100479
2021-06-24 10:51:30,229.4,2100479
2021-06-24 10:51:31,229.4,2100517
2021-06-24 10:51:32,229.4,2100544
2021-06-24 10:51:33,229.4,2101362
2021-06-24 10:51:34,229.4,2101363
2021-06-24 10:51:35,229.5,2101373
2021-06-24 10:51:37,229.5,2101373
2021-06-24 10:51:37,229.5,2101373
2021-06-24 10:51:38,229.5,2101373
2021-06-24 10:51:39,229.5,2101373
2021-06-24 10:51:40,229.5,2101381
2021-06-24 10:51:43,229.55,2104887
2021-06-24 10:51:44,229.55,2104887
2021-06-24 10:51:44,229.6,2105887
2021-06-24 10:51:46,229.6,2105887
2021-06-24 10:51:46,229.6,2105887
2021-06-24 10:51:47,229.45,2105907
2021-06-24 10:51:48,229.45,2105907
2021-06-24 10:51:49,229.45,2106405
2021-06-24 10:51:50,229.5,2106544
2021-06-24 10:51:51,229.5,2106544
2021-06-24 10:51:53,229.45,2107450
2021-06-24 10:51:54,229.45,2107450
2021-06-24 10:51:55,229.45,2107535
2021-06-24 10:51:58,229.45,2107535
2021-06-24 10:51:59,229.45,2107560
2021-06-24 10:52:00,229.45,2107566
2021-06-24 10:52:01,229.45,2107574
2021-06-24 10:52:02,229.45,2107674
2021-06-24 10:52:03,229.4,2107685
2021-06-24 10:52:04,229.4,2107685
2021-06-24 10:52:05,229.45,2107690
2021-06-24 10:52:06,229.45,2107698
2021-06-24 10:52:07,229.45,2107698
2021-06-24 10:52:08,229.45,2107698
2021-06-24 10:52:10,229.45,2107698
2021-06-24 10:52:11,229.45,2107698
2021-06-24 10:52:12,229.45,2107732
2021-06-24 10:52:13,229.45,2107840
2021-06-24 10:52:14,229.45,2107855
2021-06-24 10:52:15,229.45,2107880
2021-06-24 10:52:16,229.45,2107880
2021-06-24 10:52:17,229.45,2107881
2021-06-24 10:52:17,229.45,2107881
2021-06-24 10:52:18,229.45,2107881
2021-06-24 10:52:19,229.5,2107888
2021-06-24 10:52:20,229.5,2107888
2021-06-24 10:52:21,229.5,2107888
2021-06-24 10:52:22,229.5,2107888
2021-06-24 10:52:23,229.5,2107888
2021-06-24 10:52:24,229.5,2107888
2021-06-24 10:52:25,229.45,2107975
2021-06-24 10:52:26,229.45,2107977
2021-06-24 10:52:27,229.5,2108227
2021-06-24 10:52:28,229.5,2108227
2021-06-24 10:52:29,229.5,2108227
2021-06-24 10:52:30,229.5,2108235
2021-06-24 10:52:31,229.5,2118529
2021-06-24 10:52:32,229.45,2118752
2021-06-24 10:52:33,229.4,2119436
