timestamp,ltp,volume
2021-06-24 09:34:39,2203.85,1597605
2021-06-24 09:34:39,2203.85,1597605
2021-06-24 09:34:40,2203.6,1597734
2021-06-24 09:34:41,2203.6,1598252
2021-06-24 09:34:43,2203.6,1598352
2021-06-24 09:34:44,2203.85,1598729
2021-06-24 09:34:45,2203.85,1598853
2021-06-24 09:34:45,2203.85,1599078
2021-06-24 09:34:46,2203.85,1599204
2021-06-24 09:34:47,2203.85,1599461
2021-06-24 09:34:48,2203.85,1600111
2021-06-24 09:34:49,2203.85,1600178
2021-06-24 09:34:50,2203.85,1600329
2021-06-24 09:34:51,2203.85,1600506
2021-06-24 09:34:53,2203.65,1601078
2021-06-24 09:34:55,2203.9,1601642
2021-06-24 09:34:56,2203.9,1601661
2021-06-24 09:34:57,2203.85,1602059
2021-06-24 09:34:58,2203.85,1602169
2021-06-24 09:34:59,2203.9,1602462
2021-06-24 09:35:00,2203.9,1602669
2021-06-24 09:35:01,2203.9,1603096
2021-06-24 09:35:02,2203.85,1603240
2021-06-24 09:35:02,2203.9,1603427
2021-06-24 09:35:04,2203.9,1607926
2021-06-24 09:35:05,2203.9,1611503
2021-06-24 09:35:06,2203.9,1615640
2021-06-24 09:35:07,2203.9,1616065
2021-06-24 09:35:09,2203.95,1623574
2021-06-24 09:35:10,2203.9,1625951
2021-06-24 09:35:11,2203.9,1626041
2021-06-24 09:35:12,2203.9,1626591
2021-06-24 09:35:13,2203.95,1627582
2021-06-24 09:35:15,2203.9,1627852
2021-06-24 09:35:16,2203.9,1628378
2021-06-24 09:35:17,2203.6,1635804
2021-06-24 09:35:18,2203.6,1636199
2021-06-24 09:35:19,2203.55,1636409
2021-06-24 09:35:20,2203.55,1636532
2021-06-24 09:35:21,2203.55,1637068
2021-06-24 09:35:22,2203.55,1637258
2021-06-24 09:35:23,2203.5,1639597
2021-06-24 09:35:24,2203.5,1639956
2021-06-24 09:35:25,2203.6,1640447
2021-06-24 09:35:26,2203.7,1640506
2021-06-24 09:35:27,2203.65,1640706
2021-06-24 09:35:28,2203.7,1641032
2021-06-24 09:35:29,2203.75,1641318
2021-06-24 09:35:30,2203.75,1641389
2021-06-24 09:35:31,2203.85,1641652
2021-06-24 09:35:32,2203.7,1642154
2021-06-24 09:35:33,2203.85,1642320
2021-06-24 09:35:34,2203.85,1642350
2021-06-24 09:35:35,2203.85,1642433
2021-06-24 09:35:36,2203.7,1642543
2021-06-24 09:35:37,2203.85,1642668
2021-06-24 09:35:38,2203.85,1643091
2021-06-24 09:35:39,2203.65,1643991
2021-06-24 09:35:40,2203.7,1644448
2021-06-24 09:35:41,2203.7,1644684
2021-06-24 09:35:44,2203.7,1645941
2021-06-24 09:35:45,2203.6,1651263
2021-06-24 09:35:46,2203.7,1651328
2021-06-24 09:35:47,2203.75,1652024
2021-06-24 09:35:48,2203.75,1652107
2021-06-24 09:35:48,2203.75,1652107
2021-06-24 09:35:50,2203.75,1652585
2021-06-24 09:35:51,2203.75,1652658
2021-06-24 09:35:52,2203.75,1652768
2021-06-24 09:35:53,2203.75,1653524
2021-06-24 09:35:55,2203.85,1654444
2021-06-24 09:35:56,2203.9,1654790
2021-06-24 09:35:57,2203.9,1660232
2021-06-24 09:35:58,2203.0,1685981
2021-06-24 09:35:59,2203.0,1686662
2021-06-24 09:35:59,2203.0,1686662
2021-06-24 09:36:00,2202.95,1691744
2021-06-24 09:36:01,2202.85,1692801
2021-06-24 09:36:02,2203.0,1693625
2021-06-24 09:36:05,2203.0,1695129
2021-06-24 09:36:06,2202.85,1695340
2021-06-24 09:36:07,2203.0,1696726
2021-06-24 09:36:07,2203.0,1696806
2021-06-24 09:36:08,2203.0,1696979
2021-06-24 09:36:10,2202.85,1697120
2021-06-24 09:36:11,2202.9,1698746
2021-06-24 09:36:12,2202.9,1699976
2021-06-24 09:36:13,2202.8,1702003
2021-06-24 09:36:14,2202.5,1702120
2021-06-24 09:36:15,2202.8,1702135
2021-06-24 09:36:16,2202.8,1702579
2021-06-24 09:36:17,2202.65,1707471
2021-06-24 09:36:18,2202.65,1707698
2021-06-24 09:36:19,2201.95,1727806
2021-06-24 09:36:20,2201.65,1728578
2021-06-24 09:36:21,2201.95,1728634
2021-06-24 09:36:22,2201.5,1733471
2021-06-24 09:36:22,2201.85,1733516
2021-06-24 09:36:23,2201.5,1734199
2021-06-24 09:36:25,2201.4,1745719
2021-06-24 09:36:26,2201.25,1746069
2021-06-24 09:36:28,2200.5,1748818
2021-06-24 09:36:29,2201.0,1749085
2021-06-24 09:36:29,2201.0,1749120
2021-06-24 09:36:30,2201.0,1749267
2021-06-24 09:36:31,2200.55,1752431
2021-06-24 09:36:33,2201.25,1755634
2021-06-24 09:36:35,2201.25,1755913
2021-06-24 09:36:36,2201.3,1756227
2021-06-24 09:36:37,2201.05,1756584
2021-06-24 09:36:38,2201.5,1756680
2021-06-24 09:36:38,2201.25,1756771
2021-06-24 09:36:40,2201.3,1756955
2021-06-24 09:36:40,2201.0,1757197
2021-06-24 09:36:42,2201.3,1757292
2021-06-24 09:36:42,2201.3,1757322
2021-06-24 09:36:44,2201.7,1757459
2021-06-24 09:36:45,2201.3,1757554
2021-06-24 09:36:45,2201.8,1757550
2021-06-24 09:36:47,2201.0,1757962
2021-06-24 09:36:48,2201.7,1758296
2021-06-24 09:36:49,2201.7,1758374
2021-06-24 09:36:49,2201.7,1758444
2021-06-24 09:36:50,2201.7,1758978
2021-06-24 09:36:51,2201.5,1759090
2021-06-24 09:36:53,2201.0,1761546
2021-06-24 09:36:54,2200.5,1763271
2021-06-24 09:36:55,2201.0,1765105
2021-06-24 09:36:56,2200.75,1773314
2021-06-24 09:36:57,2200.75,1773544
2021-06-24 09:36:58,2200.5,1777463
2021-06-24 09:36:58,2200.25,1774353
2021-06-24 09:36:59,2200.25,1778583
2021-06-24 09:37:00,2200.25,1779721
2021-06-24 09:37:01,2200.25,1779900
2021-06-24 09:37:03,2200.25,1782653
2021-06-24 09:37:05,2200.25,1783355
2021-06-24 09:37:05,2200.25,1786352
2021-06-24 09:37:06,2200.75,1786861
2021-06-24 09:37:07,2200.75,1787098
2021-06-24 09:37:09,2200.7,1787206
2021-06-24 09:37:10,2200.75,1788690
2021-06-24 09:37:11,2200.65,1788980
2021-06-24 09:37:12,2200.75,1789039
2021-06-24 09:37:13,2200.25,1790331
2021-06-24 09:37:14,2200.75,1790523
2021-06-24 09:37:15,2200.55,1790725
2021-06-24 09:37:16,2201.0,1793235
2021-06-24 09:37:17,2201.0,1793688
2021-06-24 09:37:18,2201.0,1794315
2021-06-24 09:37:18,2201.0,1794321
2021-06-24 09:37:19,2201.0,1794868
2021-06-24 09:37:20,2201.0,1795274
2021-06-24 09:37:22,2200.35,1795854
2021-06-24 09:37:23,2201.0,1795913
2021-06-24 09:37:24,2200.75,1796147
2021-06-24 09:37:25,2201.0,1796218
2021-06-24 09:37:26,2201.0,1796472
2021-06-24 09:37:27,2200.55,1796691
2021-06-24 09:37:28,2200.55,1797580
2021-06-24 09:37:29,2201.0,1798379
2021-06-24 09:37:30,2201.0,1798608
2021-06-24 09:37:30,2201.0,1798617
2021-06-24 09:37:31,2201.0,1798726
2021-06-24 09:37:32,2201.0,1799044
2021-06-24 09:37:33,2201.0,1799179
2021-06-24 09:37:34,2200.95,1799412
2021-06-24 09:37:35,2200.8,1799446
2021-06-24 09:37:36,2200.95,1799829
2021-06-24 09:37:37,2200.55,1799935
2021-06-24 09:37:38,2200.95,1800118
2021-06-24 09:37:40,2200.75,1800747
2021-06-24 09:37:41,2200.55,1801267
2021-06-24 09:37:41,2200.55,1801272
2021-06-24 09:37:42,2201.0,1801964
2021-06-24 09:37:43,2201.0,1810716
2021-06-24 09:37:44,2201.0,1810876
2021-06-24 09:37:46,2200.9,1811415
2021-06-24 09:37:47,2200.95,1811661
2021-06-24 09:37:48,2200.55,1812457
2021-06-24 09:37:49,2200.9,1812576
2021-06-24 09:37:49,2200.9,1812576
2021-06-24 09:37:50,2200.5,1813449
2021-06-24 09:37:52,2200.55,1813598
2021-06-24 09:37:53,2200.55,1813950
2021-06-24 09:37:54,2200.5,1814618
2021-06-24 09:37:55,2200.95,1815342
2021-06-24 09:37:56,2200.5,1815931
2021-06-24 09:37:57,2200.5,1816308
2021-06-24 09:37:58,2201.0,1816811
2021-06-24 09:37:58,2201.0,1816813
2021-06-24 09:37:59,2200.9,1819024
2021-06-24 09:38:00,2201.0,1819107
2021-06-24 09:38:02,2201.0,1819535
2021-06-24 09:38:03,2201.0,1820022
2021-06-24 09:38:04,2201.0,1820255
2021-06-24 09:38:05,2200.6,1822092
2021-06-24 09:38:06,2201.0,1828372
2021-06-24 09:38:07,2200.65,1836005
2021-06-24 09:38:08,2201.0,1836079
2021-06-24 09:38:10,2201.0,1848467
2021-06-24 09:38:11,2200.65,1849264
2021-06-24 09:38:12,2200.85,1849438
2021-06-24 09:38:13,2200.95,1850951
2021-06-24 09:38:13,2201.0,1850952
2021-06-24 09:38:14,2201.0,1851540
2021-06-24 09:38:15,2200.85,1853664
2021-06-24 09:38:17,2201.9,1857228
2021-06-24 09:38:18,2202.2,1857261
2021-06-24 09:38:19,2202.2,1857292
2021-06-24 09:38:20,2201.8,1857566
2021-06-24 09:38:21,2201.8,1857691
2021-06-24 09:38:22,2202.6,1857750
2021-06-24 09:38:22,2202.6,1857750
2021-06-24 09:38:23,2202.6,1857913
2021-06-24 09:38:26,2202.85,1858344
2021-06-24 09:38:27,2202.6,1858815
2021-06-24 09:38:28,2202.6,1859254
2021-06-24 09:38:29,2202.85,1859618
2021-06-24 09:38:32,2202.75,1860511
2021-06-24 09:38:33,2202.8,1860916
2021-06-24 09:38:34,2202.8,1860944
2021-06-24 09:38:35,2202.85,1861099
2021-06-24 09:38:36,2202.85,1861174
2021-06-24 09:38:37,2202.85,1863101
2021-06-24 09:38:37,2202.8,1863107
2021-06-24 09:38:39,2202.85,1863659
2021-06-24 09:38:41,2202.9,1867239
2021-06-24 09:38:42,2202.85,1867789
2021-06-24 09:38:43,2199.95,2762497
2021-06-24 09:38:43,2200.0,2762496
2021-06-24 09:38:45,2200.0,2784152
2021-06-24 09:38:46,2199.7,2784934
2021-06-24 09:38:46,2199.7,2785034
2021-06-24 09:38:47,2199.7,2786128
2021-06-24 09:38:48,2199.7,2786393
2021-06-24 09:38:49,2200.0,2814430
2021-06-24 09:38:51,2199.9,2848489
2021-06-24 09:38:52,2199.95,2849317
2021-06-24 09:38:53,2199.75,2876371
2021-06-24 09:38:53,2199.8,2876402
2021-06-24 09:38:54,2200.0,2895719
2021-06-24 09:38:57,2200.0,2898873
2021-06-24 09:38:58,2199.75,2914569
2021-06-24 09:38:58,2201.5,2930233
2021-06-24 09:38:59,2201.7,2930561
2021-06-24 09:39:00,2201.6,2930610
2021-06-24 09:39:01,2201.2,2931270
2021-06-24 09:39:03,2202.4,2932339
2021-06-24 09:39:04,2201.9,2933192
2021-06-24 09:39:05,2202.5,2933301
2021-06-24 09:39:05,2202.5,2933301
2021-06-24 09:39:08,2202.5,2933456
2021-06-24 09:39:09,2202.85,2934496
2021-06-24 09:39:10,2202.75,2934581
2021-06-24 09:39:11,2202.9,2935977
2021-06-24 09:39:11,2202.8,2935982
2021-06-24 09:39:12,2202.9,2936392
2021-06-24 09:39:14,2202.9,2937150
2021-06-24 09:39:15,2202.9,2939710
2021-06-24 09:39:16,2202.9,2939961
2021-06-24 09:39:18,2202.75,2943637
2021-06-24 09:39:18,2202.75,2943637
2021-06-24 09:39:19,2202.55,2944088
2021-06-24 09:39:21,2202.65,2961610
2021-06-24 09:39:22,2203.0,2962715
2021-06-24 09:39:23,2203.0,2963361
2021-06-24 09:39:24,2203.0,2965584
2021-06-24 09:39:24,2203.0,2963544
2021-06-24 09:39:25,2203.0,2965689
2021-06-24 09:39:26,2203.0,2966735
2021-06-24 09:39:28,2202.95,2967060
2021-06-24 09:39:29,2202.95,2967465
2021-06-24 09:39:30,2202.95,2967546
2021-06-24 09:39:31,2203.0,2972730
2021-06-24 09:39:32,2203.0,2987690
2021-06-24 09:39:33,2203.0,2988761
2021-06-24 09:39:34,2202.9,2989169
2021-06-24 09:39:35,2203.0,2989839
2021-06-24 09:39:36,2203.0,2990870
2021-06-24 09:39:38,2203.25,2991030
2021-06-24 09:39:39,2203.0,2991411
2021-06-24 09:39:40,2203.25,2991688
2021-06-24 09:39:41,2203.25,2991765
2021-06-24 09:39:42,2203.25,2991934
2021-06-24 09:39:43,2203.15,2992441
2021-06-24 09:39:44,2203.2,2993474
2021-06-24 09:39:45,2203.2,2993587
2021-06-24 09:39:46,2203.25,2994652
2021-06-24 09:39:46,2203.25,2994652
2021-06-24 09:39:49,2203.95,3002383
2021-06-24 09:39:50,2203.95,3002510
2021-06-24 09:39:51,2203.95,3003480
2021-06-24 09:39:52,2203.95,3006834
2021-06-24 09:39:53,2203.95,3008423
2021-06-24 09:39:54,2203.95,3008949
2021-06-24 09:39:55,2203.9,3009598
2021-06-24 09:39:55,2203.35,3009689
2021-06-24 09:39:57,2203.9,3011284
2021-06-24 09:39:58,2203.9,3011613
2021-06-24 09:39:59,2203.25,3012759
2021-06-24 09:40:00,2203.25,3013365
2021-06-24 09:40:01,2203.2,3015791
2021-06-24 09:40:01,2203.25,3016319
2021-06-24 09:40:03,2203.25,3019752
2021-06-24 09:40:04,2203.0,3021033
2021-06-24 09:40:05,2202.8,3022582
2021-06-24 09:40:06,2202.65,3022824
2021-06-24 09:40:07,2203.0,3023908
2021-06-24 09:40:07,2203.0,3023910
2021-06-24 09:40:09,2202.7,3026194
2021-06-24 09:40:10,2203.0,3026343
2021-06-24 09:40:11,2203.0,3027432
2021-06-24 09:40:12,2202.95,3027546
2021-06-24 09:40:12,2202.95,3027546
2021-06-24 09:40:14,2202.95,3027894
2021-06-24 09:40:15,2203.0,3028398
2021-06-24 09:40:16,2202.95,3028501
2021-06-24 09:40:17,2203.0,3028679
2021-06-24 09:40:18,2203.0,3028800
2021-06-24 09:40:18,2203.0,3028840
2021-06-24 09:40:20,2202.95,3028935
2021-06-24 09:40:22,2202.95,3029695
2021-06-24 09:40:23,2202.95,3029940
2021-06-24 09:40:23,2203.0,3029911
2021-06-24 09:40:25,2202.9,3030805
2021-06-24 09:40:26,2202.95,3031999
2021-06-24 09:40:27,2203.0,3033152
2021-06-24 09:40:28,2202.95,3033501
2021-06-24 09:40:29,2203.0,3035043
2021-06-24 09:40:30,2202.95,3035554
2021-06-24 09:40:32,2202.95,3035620
2021-06-24 09:40:33,2202.95,3035645
2021-06-24 09:40:34,2202.95,3035686
2021-06-24 09:40:35,2202.75,3035766
2021-06-24 09:40:36,2203.0,3036628
2021-06-24 09:40:37,2203.0,3037047
2021-06-24 09:40:37,2203.0,3037160
2021-06-24 09:40:39,2203.0,3037378
2021-06-24 09:40:40,2202.95,3037622
2021-06-24 09:40:41,2203.0,3037817
2021-06-24 09:40:42,2203.0,3038207
2021-06-24 09:40:43,2203.0,3038310
2021-06-24 09:40:44,2203.0,3038472
2021-06-24 09:40:45,2203.0,3041247
2021-06-24 09:40:47,2203.0,3042284
2021-06-24 09:40:48,2203.0,3042361
2021-06-24 09:40:49,2203.0,3042493
2021-06-24 09:40:50,2202.9,3042819
2021-06-24 09:40:51,2203.0,3043437
2021-06-24 09:40:51,2203.0,3043437
2021-06-24 09:40:52,2203.0,3043597
2021-06-24 09:40:54,2203.0,3043666
2021-06-24 09:40:55,2203.0,3044202
2021-06-24 09:40:56,2203.0,3045311
2021-06-24 09:40:57,2203.0,3045549
2021-06-24 09:40:58,2202.95,3045662
2021-06-24 09:40:59,2202.95,3045942
2021-06-24 09:41:01,2202.95,3046202
2021-06-24 09:41:02,2202.95,3046327
2021-06-24 09:41:03,2202.95,3046665
2021-06-24 09:41:04,2203.0,3048383
2021-06-24 09:41:05,2203.0,3048453
2021-06-24 09:41:06,2203.0,3049115
2021-06-24 09:41:06,2203.0,3049115
2021-06-24 09:41:08,2203.0,3050381
2021-06-24 09:41:09,2203.0,3050923
2021-06-24 09:41:10,2202.8,3051318
2021-06-24 09:41:11,2203.0,3051537
2021-06-24 09:41:12,2203.0,3051568
2021-06-24 09:41:14,2203.0,3054455
2021-06-24 09:41:15,2203.0,3054577
2021-06-24 09:41:16,2203.0,3054978
2021-06-24 09:41:17,2203.0,3055027
2021-06-24 09:41:18,2203.0,3055294
2021-06-24 09:41:19,2203.0,3055467
2021-06-24 09:41:19,2202.8,3055533
2021-06-24 09:41:20,2203.0,3057835
2021-06-24 09:41:22,2203.0,3057928
2021-06-24 09:41:23,2202.75,3062134
2021-06-24 09:41:25,2202.5,3063056
2021-06-24 09:41:26,2202.15,3064262
2021-06-24 09:41:28,2202.35,3064784
2021-06-24 09:41:29,2202.0,3065015
2021-06-24 09:41:30,2202.15,3065017
2021-06-24 09:41:31,2202.15,3065122
2021-06-24 09:41:32,2202.0,3065473
2021-06-24 09:41:33,2202.15,3065479
2021-06-24 09:41:34,2202.0,3065617
2021-06-24 09:41:35,2202.15,3065619
2021-06-24 09:41:36,2202.8,3066208
2021-06-24 09:41:37,2202.05,3068688
2021-06-24 09:41:38,2202.8,3068703
2021-06-24 09:41:40,2202.8,3069100
2021-06-24 09:41:41,2202.8,3069100
2021-06-24 09:41:42,2202.5,3069428
2021-06-24 09:41:43,2202.5,3069514
2021-06-24 09:41:44,2202.95,3069591
2021-06-24 09:41:45,2202.95,3069591
2021-06-24 09:41:46,2202.8,3069706
2021-06-24 09:41:47,2202.95,3069857
2021-06-24 09:41:48,2203.0,3069923
2021-06-24 09:41:49,2202.8,3069932
2021-06-24 09:41:50,2202.85,3069965
2021-06-24 09:41:51,2202.85,3070080
2021-06-24 09:41:52,2202.85,3070397
2021-06-24 09:41:53,2203.0,3070603
2021-06-24 09:41:54,2203.0,3070981
2021-06-24 09:41:55,2203.0,3071495
2021-06-24 09:41:56,2203.0,3072194
2021-06-24 09:41:57,2203.0,3072195
2021-06-24 09:41:58,2203.0,3072209
2021-06-24 09:41:59,2203.0,3072384
2021-06-24 09:42:01,2203.0,3075291
2021-06-24 09:42:03,2203.0,3079699
2021-06-24 09:42:04,2203.0,3088666
2021-06-24 09:42:05,2203.0,3088775
2021-06-24 09:42:06,2203.0,3091242
2021-06-24 09:42:08,2203.0,3092467
2021-06-24 09:42:10,2203.0,3092722
2021-06-24 09:42:11,2202.95,3092949
2021-06-24 09:42:13,2203.0,3093190
2021-06-24 09:42:14,2202.95,3093657
2021-06-24 09:42:15,2202.95,3093688
2021-06-24 09:42:16,2202.95,3093861
2021-06-24 09:42:17,2202.95,3094185
2021-06-24 09:42:19,2202.95,3094455
2021-06-24 09:42:20,2202.95,3097683
2021-06-24 09:42:21,2202.95,3098348
2021-06-24 09:42:22,2203.0,3098353
2021-06-24 09:42:23,2203.0,3099523
2021-06-24 09:42:24,2203.0,3099616
2021-06-24 09:42:25,2203.0,3100654
2021-06-24 09:42:27,2203.0,3100896
2021-06-24 09:42:28,2203.0,3101095
2021-06-24 09:42:29,2203.0,3101109
2021-06-24 09:42:30,2203.0,3101413
2021-06-24 09:42:31,2203.0,3101413
2021-06-24 09:42:32,2202.95,3101880
2021-06-24 09:42:33,2202.65,3104230
2021-06-24 09:42:34,2202.65,3104569
2021-06-24 09:42:35,2202.5,3104597
2021-06-24 09:42:36,2202.65,3104688
2021-06-24 09:42:37,2202.65,3104772
2021-06-24 09:42:38,2202.85,3105479
2021-06-24 09:42:39,2202.85,3105551
2021-06-24 09:42:40,2202.7,3105582
2021-06-24 09:42:42,2202.45,3105856
2021-06-24 09:42:41,2202.3,3105849
2021-06-24 09:42:43,2202.45,3105895
2021-06-24 09:42:44,2202.45,3106129
2021-06-24 09:42:45,2202.55,3106417
2021-06-24 09:42:46,2202.55,3106484
2021-06-24 09:42:49,2202.7,3159941
2021-06-24 09:42:50,2201.95,3160080
2021-06-24 09:42:51,2202.3,3160200
2021-06-24 09:42:53,2202.1,3160460
2021-06-24 09:42:54,2202.1,3163339
2021-06-24 09:42:55,2202.0,3163507
2021-06-24 09:42:57,2202.0,3165218
2021-06-24 09:42:58,2202.0,3165392
2021-06-24 09:42:59,2202.0,3165895
2021-06-24 09:43:00,2202.0,3166201
2021-06-24 09:43:01,2202.0,3166277
2021-06-24 09:43:02,2202.0,3166368
2021-06-24 09:43:03,2201.95,3166385
2021-06-24 09:43:05,2201.65,3166948
2021-06-24 09:43:04,2201.95,3166947
2021-06-24 09:43:06,2201.95,3167177
2021-06-24 09:43:07,2201.95,3168305
2021-06-24 09:43:08,2202.0,3168744
2021-06-24 09:43:09,2202.0,3171066
2021-06-24 09:43:10,2202.0,3171095
2021-06-24 09:43:11,2202.0,3172737
2021-06-24 09:43:12,2202.0,3172797
2021-06-24 09:43:13,2202.0,3173019
2021-06-24 09:43:14,2202.0,3173277
2021-06-24 09:43:16,2202.0,3173961
2021-06-24 09:43:17,2202.0,3173961
2021-06-24 09:43:18,2202.0,3174099
2021-06-24 09:43:19,2202.0,3174549
2021-06-24 09:43:20,2202.0,3174779
2021-06-24 09:43:21,2202.0,3176039
2021-06-24 09:43:22,2202.0,3176088
2021-06-24 09:43:23,2202.0,3176209
2021-06-24 09:43:24,2202.0,3176482
2021-06-24 09:43:25,2201.75,3176785
2021-06-24 09:43:26,2201.75,3177225
2021-06-24 09:43:27,2201.55,3177796
2021-06-24 09:43:28,2201.55,3178097
2021-06-24 09:43:29,2201.65,3178107
2021-06-24 09:43:30,2202.0,3178653
2021-06-24 09:43:31,2202.0,3178723
2021-06-24 09:43:32,2202.0,3178905
2021-06-24 09:43:33,2202.0,3179102
2021-06-24 09:43:34,2201.85,3179154
2021-06-24 09:43:35,2202.0,3180769
2021-06-24 09:43:36,2202.2,3186592
2021-06-24 09:43:37,2202.6,3187434
2021-06-24 09:43:39,2202.5,3187524
2021-06-24 09:43:39,2202.05,3187527
2021-06-24 09:43:40,2202.2,3187728
2021-06-24 09:43:41,2202.2,3187908
2021-06-24 09:43:42,2202.2,3188217
2021-06-24 09:43:43,2202.2,3188891
2021-06-24 09:43:44,2202.2,3189421
2021-06-24 09:43:45,2203.0,3189512
2021-06-24 09:43:47,2202.9,3189545
2021-06-24 09:43:47,2202.9,3189546
2021-06-24 09:43:48,2202.9,3189573
2021-06-24 09:43:52,2202.9,3190756
2021-06-24 09:43:53,2202.9,3191016
2021-06-24 09:43:54,2202.9,3191038
2021-06-24 09:43:55,2202.85,3191120
2021-06-24 09:43:56,2202.8,3191202
2021-06-24 09:43:57,2202.8,3191248
2021-06-24 09:43:59,2202.8,3192023
2021-06-24 09:43:59,2202.1,3192164
2021-06-24 09:44:00,2202.75,3192227
2021-06-24 09:44:01,2202.75,3192370
2021-06-24 09:44:03,2202.2,3192377
2021-06-24 09:44:03,2202.2,3192377
2021-06-24 09:44:04,2202.45,3192412
2021-06-24 09:44:05,2202.25,3192413
2021-06-24 09:44:06,2202.65,3193090
2021-06-24 09:44:07,2202.95,3193204
2021-06-24 09:44:08,2202.95,3194039
2021-06-24 09:44:09,2202.85,3194136
2021-06-24 09:44:10,2203.0,3195144
2021-06-24 09:44:12,2202.5,3195355
2021-06-24 09:44:12,2202.5,3195355
2021-06-24 09:44:13,2202.7,3195471
2021-06-24 09:44:14,2202.5,3195601
2021-06-24 09:44:15,2202.9,3195964
2021-06-24 09:44:16,2202.85,3196107
2021-06-24 09:44:17,2202.9,3196212
2021-06-24 09:44:18,2202.75,3196216
2021-06-24 09:44:19,2202.85,3196392
2021-06-24 09:44:20,2202.9,3196590
2021-06-24 09:44:22,2202.9,3196783
2021-06-24 09:44:22,2202.9,3196783
2021-06-24 09:44:23,2203.0,3198918
2021-06-24 09:44:24,2202.5,3198998
2021-06-24 09:44:25,2202.75,3199417
2021-06-24 09:44:26,2202.5,3199537
2021-06-24 09:44:28,2202.75,3200074
2021-06-24 09:44:29,2202.5,3200138
2021-06-24 09:44:31,2202.75,3200322
2021-06-24 09:44:31,2202.75,3200312
2021-06-24 09:44:32,2202.75,3200370
2021-06-24 09:44:33,2202.85,3200644
2021-06-24 09:44:34,2202.55,3201046
2021-06-24 09:44:35,2202.6,3202285
2021-06-24 09:44:36,2202.6,3202588
2021-06-24 09:44:37,2202.75,3202823
2021-06-24 09:44:39,2202.5,3202892
2021-06-24 09:44:39,2202.4,3203343
2021-06-24 09:44:40,2202.45,3204052
2021-06-24 09:44:41,2202.3,3204298
2021-06-24 09:44:42,2202.3,3204299
2021-06-24 09:44:43,2202.3,3204334
2021-06-24 09:44:44,2202.3,3204734
2021-06-24 09:44:45,2202.3,3204796
2021-06-24 09:44:46,2202.2,3204914
2021-06-24 09:44:47,2202.2,3205000
2021-06-24 09:44:49,2202.3,3205200
2021-06-24 09:44:49,2202.3,3205210
2021-06-24 09:44:50,2202.3,3205210
2021-06-24 09:44:51,2202.1,3205560
2021-06-24 09:44:52,2202.4,3205575
2021-06-24 09:44:54,2202.4,3205733
2021-06-24 09:44:55,2202.3,3205848
2021-06-24 09:44:56,2202.1,3205989
2021-06-24 09:44:57,2202.4,3206055
2021-06-24 09:44:58,2202.4,3206372
2021-06-24 09:44:59,2202.4,3206383
2021-06-24 09:45:00,2202.4,3206601
2021-06-24 09:45:02,2202.4,3206830
2021-06-24 09:45:02,2202.2,3206860
2021-06-24 09:45:04,2202.4,3206964
2021-06-24 09:45:04,2202.4,3206964
2021-06-24 09:45:05,2202.3,3207027
2021-06-24 09:45:06,2202.4,3207371
2021-06-24 09:45:07,2202.4,3207471
2021-06-24 09:45:09,2202.4,3207526
2021-06-24 09:45:10,2202.9,3210224
2021-06-24 09:45:11,2202.9,3210739
2021-06-24 09:45:12,2202.4,3210900
2021-06-24 09:45:13,2202.75,3210990
2021-06-24 09:45:14,2202.9,3211004
2021-06-24 09:45:15,2202.4,3211393
2021-06-24 09:45:16,2202.4,3211508
2021-06-24 09:45:17,2202.9,3211810
2021-06-24 09:45:19,2202.9,3212302
2021-06-24 09:45:19,2202.9,3212338
2021-06-24 09:45:20,2202.9,3212719
2021-06-24 09:45:21,2202.5,3212855
2021-06-24 09:45:22,2202.5,3212986
2021-06-24 09:45:23,2202.9,3213193
2021-06-24 09:45:24,2202.5,3213265
2021-06-24 09:45:25,2202.8,3213493
2021-06-24 09:45:26,2202.8,3213558
2021-06-24 09:45:27,2202.9,3213858
2021-06-24 09:45:29,2202.8,3213871
2021-06-24 09:45:29,2202.8,3213871
2021-06-24 09:45:30,2202.8,3213982
2021-06-24 09:45:31,2202.9,3214066
2021-06-24 09:45:32,2202.9,3214166
2021-06-24 09:45:33,2202.8,3214476
2021-06-24 09:45:34,2202.9,3214580
2021-06-24 09:45:35,2202.85,3214747
2021-06-24 09:45:36,2202.85,3215074
2021-06-24 09:45:37,2202.8,3215094
2021-06-24 09:45:38,2202.8,3215104
2021-06-24 09:45:39,2202.55,3215293
2021-06-24 09:45:40,2202.85,3215394
2021-06-24 09:45:42,2202.85,3215520
2021-06-24 09:45:42,2202.85,3215520
2021-06-24 09:45:43,2202.55,3216588
2021-06-24 09:45:44,2202.85,3216634
2021-06-24 09:45:45,2201.85,3222795
2021-06-24 09:45:46,2202.1,3223198
2021-06-24 09:45:47,2202.75,3223945
2021-06-24 09:45:48,2202.6,3224561
2021-06-24 09:45:49,2202.6,3224587
2021-06-24 09:45:50,2202.25,3225348
2021-06-24 09:45:52,2202.6,3225550
2021-06-24 09:45:53,2202.0,3225801
2021-06-24 09:45:54,2202.0,3225846
2021-06-24 09:45:55,2202.0,3225973
2021-06-24 09:45:56,2202.15,3226003
2021-06-24 09:45:57,2201.65,3226023
2021-06-24 09:45:58,2201.65,3226082
2021-06-24 09:45:58,2202.15,3226107
2021-06-24 09:45:59,2202.15,3226644
2021-06-24 09:46:00,2202.15,3226689
2021-06-24 09:46:01,2202.0,3226827
2021-06-24 09:46:02,2202.0,3227594
2021-06-24 09:46:03,2202.05,3227714
2021-06-24 09:46:04,2202.55,3227774
2021-06-24 09:46:05,2202.6,3227794
2021-06-24 09:46:06,2202.6,3228094
2021-06-24 09:46:07,2202.6,3228137
2021-06-24 09:46:09,2202.9,3229553
2021-06-24 09:46:10,2202.9,3229752
2021-06-24 09:46:11,2202.85,3229755
2021-06-24 09:46:11,2202.75,3230301
2021-06-24 09:46:12,2202.75,3233453
2021-06-24 09:46:15,2202.8,3233912
2021-06-24 09:46:16,2202.8,3234084
2021-06-24 09:46:17,2202.8,3234683
2021-06-24 09:46:18,2202.8,3234727
2021-06-24 09:46:19,2202.85,3234873
2021-06-24 09:46:20,2202.85,3234879
2021-06-24 09:46:21,2202.85,3236881
2021-06-24 09:46:22,2202.75,3237170
2021-06-24 09:46:23,2202.75,3237307
2021-06-24 09:46:25,2202.7,3237355
2021-06-24 09:46:26,2202.0,3237389
2021-06-24 09:46:27,2202.0,3238549
2021-06-24 09:46:27,2202.15,3238560
2021-06-24 09:46:29,2202.0,3238697
2021-06-24 09:46:30,2202.15,3238952
2021-06-24 09:46:31,2202.15,3239070
2021-06-24 09:46:32,2201.65,3239175
2021-06-24 09:46:32,2202.1,3239176
2021-06-24 09:46:33,2202.1,3239255
2021-06-24 09:46:34,2202.1,3239261
2021-06-24 09:46:35,2202.1,3239773
2021-06-24 09:46:36,2202.15,3239900
2021-06-24 09:46:39,2202.1,3240713
2021-06-24 09:46:39,2202.35,3240774
2021-06-24 09:46:41,2202.15,3240899
2021-06-24 09:46:42,2202.35,3240958
2021-06-24 09:46:43,2202.2,3241189
2021-06-24 09:46:43,2202.2,3241189
2021-06-24 09:46:44,2202.15,3241207
2021-06-24 09:46:46,2202.4,3241593
2021-06-24 09:46:48,2202.4,3241711
2021-06-24 09:46:49,2202.4,3241723
2021-06-24 09:46:50,2202.2,3241810
2021-06-24 09:46:51,2202.45,3241904
2021-06-24 09:46:51,2202.45,3242027
2021-06-24 09:46:52,2202.45,3242126
2021-06-24 09:46:53,2202.2,3242315
2021-06-24 09:46:55,2201.7,3243804
2021-06-24 09:46:56,2201.3,3245375
2021-06-24 09:46:57,2201.6,3245832
2021-06-24 09:46:57,2201.25,3245838
2021-06-24 09:46:58,2201.5,3245898
2021-06-24 09:46:59,2201.1,3246120
2021-06-24 09:47:00,2201.4,3246180
2021-06-24 09:47:01,2201.4,3246621
2021-06-24 09:47:04,2201.5,3247057
2021-06-24 09:47:05,2201.3,3247309
2021-06-24 09:47:06,2201.85,3247510
2021-06-24 09:47:06,2201.85,3247510
2021-06-24 09:47:08,2201.85,3247807
2021-06-24 09:47:09,2201.85,3248189
2021-06-24 09:47:12,2201.95,3248306
2021-06-24 09:47:13,2201.95,3248652
2021-06-24 09:47:14,2201.5,3248674
2021-06-24 09:47:14,2201.85,3248675
2021-06-24 09:47:15,2202.0,3248742
2021-06-24 09:47:17,2201.95,3248877
2021-06-24 09:47:19,2201.95,3249000
2021-06-24 09:47:20,2201.95,3249022
2021-06-24 09:47:21,2202.0,3249710
2021-06-24 09:47:22,2202.0,3250091
2021-06-24 09:47:22,2202.0,3250121
2021-06-24 09:47:23,2201.9,3250975
2021-06-24 09:47:24,2201.9,3251037
2021-06-24 09:47:25,2201.85,3251070
2021-06-24 09:47:27,2201.85,3251103
2021-06-24 09:47:28,2201.3,3251733
2021-06-24 09:47:28,2201.85,3251831
2021-06-24 09:47:29,2201.25,3251929
2021-06-24 09:47:30,2201.85,3251962
2021-06-24 09:47:31,2201.85,3252168
2021-06-24 09:47:33,2201.85,3252910
2021-06-24 09:47:34,2201.85,3253050
2021-06-24 09:47:35,2201.85,3253242
2021-06-24 09:47:36,2201.85,3253835
2021-06-24 09:47:37,2201.85,3254077
2021-06-24 09:47:38,2201.85,3254138
2021-06-24 09:47:39,2201.85,3254251
2021-06-24 09:47:41,2201.1,3254551
2021-06-24 09:47:42,2201.8,3255205
2021-06-24 09:47:42,2201.85,3254704
2021-06-24 09:47:43,2201.8,3255208
2021-06-24 09:47:44,2201.8,3255330
2021-06-24 09:47:46,2201.6,3255492
2021-06-24 09:47:47,2201.85,3255524
2021-06-24 09:47:48,2201.85,3255750
2021-06-24 09:47:49,2201.8,3256066
2021-06-24 09:47:50,2201.85,3256102
2021-06-24 09:47:51,2201.85,3256113
2021-06-24 09:47:52,2201.5,3256484
2021-06-24 09:47:53,2201.4,3257102
2021-06-24 09:47:54,2201.85,3257235
2021-06-24 09:47:56,2201.85,3257771
2021-06-24 09:47:57,2202.0,3257915
2021-06-24 09:47:57,2202.0,3257915
2021-06-24 09:47:58,2202.0,3257929
2021-06-24 09:47:59,2202.0,3258007
2021-06-24 09:48:00,2202.0,3258140
2021-06-24 09:48:01,2201.95,3258150
2021-06-24 09:48:03,2202.0,3258409
2021-06-24 09:48:04,2202.0,3258669
2021-06-24 09:48:05,2201.85,3258791
2021-06-24 09:48:05,2202.0,3258793
2021-06-24 09:48:06,2202.0,3258793
2021-06-24 09:48:08,2201.6,3258926
2021-06-24 09:48:09,2202.0,3259453
2021-06-24 09:48:11,2202.0,3259816
2021-06-24 09:48:12,2202.0,3259857
2021-06-24 09:48:14,2202.0,3260063
2021-06-24 09:48:15,2201.55,3260271
2021-06-24 09:48:16,2202.0,3260660
2021-06-24 09:48:17,2202.0,3260727
2021-06-24 09:48:18,2202.75,3262408
2021-06-24 09:48:19,2202.0,3262498
2021-06-24 09:48:20,2202.0,3262670
2021-06-24 09:48:20,2202.0,3262670
2021-06-24 09:48:21,2202.75,3262736
2021-06-24 09:48:22,2202.75,3262774
2021-06-24 09:48:24,2202.0,3262888
2021-06-24 09:48:25,2202.0,3263175
2021-06-24 09:48:26,2202.45,3263251
2021-06-24 09:48:27,2202.45,3263273
2021-06-24 09:48:28,2202.75,3263430
2021-06-24 09:48:30,2202.45,3263667
2021-06-24 09:48:31,2202.75,3263704
2021-06-24 09:48:32,2202.75,3263773
2021-06-24 09:48:33,2202.8,3264193
2021-06-24 09:48:34,2202.8,3264205
2021-06-24 09:48:35,2202.45,3264654
2021-06-24 09:48:36,2202.8,3264753
2021-06-24 09:48:38,2202.1,3264983
2021-06-24 09:48:39,2202.05,3265339
2021-06-24 09:48:40,2202.75,3265375
2021-06-24 09:48:41,2202.8,3265427
2021-06-24 09:48:43,2202.4,3265558
2021-06-24 09:48:44,2202.35,3265800
2021-06-24 09:48:45,2202.35,3265870
2021-06-24 09:48:45,2202.35,3265870
2021-06-24 09:48:46,2201.9,3266439
2021-06-24 09:48:47,2202.2,3266727
2021-06-24 09:48:49,2202.2,3266739
2021-06-24 09:48:50,2201.9,3266957
2021-06-24 09:48:51,2202.0,3266970
2021-06-24 09:48:52,2202.3,3267227
2021-06-24 09:48:53,2202.2,3267238
2021-06-24 09:48:54,2202.2,3267336
2021-06-24 09:48:54,2202.2,3267336
2021-06-24 09:48:55,2202.3,3267341
2021-06-24 09:48:56,2202.3,3267515
2021-06-24 09:48:58,2202.5,3268280
2021-06-24 09:48:59,2202.0,3268313
2021-06-24 09:49:00,2202.0,3268901
2021-06-24 09:49:00,2202.0,3268901
2021-06-24 09:49:01,2202.5,3272534
2021-06-24 09:49:02,2202.25,3272638
2021-06-24 09:49:04,2202.0,3272693
2021-06-24 09:49:05,2202.1,3272957
2021-06-24 09:49:06,2202.1,3273012
2021-06-24 09:49:06,2202.1,3273012
2021-06-24 09:49:08,2202.0,3273038
2021-06-24 09:49:08,2202.0,3273038
2021-06-24 09:49:09,2202.05,3273179
2021-06-24 09:49:11,2202.05,3273226
2021-06-24 09:49:12,2202.0,3273388
2021-06-24 09:49:13,2201.55,3273828
2021-06-24 09:49:14,2202.05,3273884
2021-06-24 09:49:15,2202.05,3273907
2021-06-24 09:49:15,2202.05,3273912
2021-06-24 09:49:16,2202.05,3274648
2021-06-24 09:49:17,2202.05,3274792
2021-06-24 09:49:19,2202.3,3277049
2021-06-24 09:49:20,2201.55,3277141
2021-06-24 09:49:21,2201.55,3277203
2021-06-24 09:49:21,2202.05,3277293
2021-06-24 09:49:22,2201.5,3277308
2021-06-24 09:49:23,2201.5,3277430
2021-06-24 09:49:25,2201.7,3277464
2021-06-24 09:49:26,2201.7,3277508
2021-06-24 09:49:27,2201.7,3277519
2021-06-24 09:49:28,2201.7,3277544
2021-06-24 09:49:28,2201.7,3277544
2021-06-24 09:49:29,2201.55,3277942
2021-06-24 09:49:31,2201.55,3277977
2021-06-24 09:49:32,2202.3,3278217
2021-06-24 09:49:33,2202.1,3278269
2021-06-24 09:49:34,2202.25,3278335
2021-06-24 09:49:35,2202.0,3278486
2021-06-24 09:49:37,2202.0,3278504
2021-06-24 09:49:38,2202.0,3278506
2021-06-24 09:49:39,2202.0,3279256
2021-06-24 09:49:40,2201.7,3279298
2021-06-24 09:49:41,2202.0,3279333
2021-06-24 09:49:41,2201.7,3279337
2021-06-24 09:49:42,2202.0,3279403
2021-06-24 09:49:43,2201.9,3279572
2021-06-24 09:49:44,2201.9,3279671
2021-06-24 09:49:45,2201.9,3279728
2021-06-24 09:49:47,2201.9,3279728
2021-06-24 09:49:48,2201.9,3279929
2021-06-24 09:49:49,2201.6,3279936
2021-06-24 09:49:50,2201.9,3280196
2021-06-24 09:49:51,2201.9,3280262
2021-06-24 09:49:51,2201.15,3281116
2021-06-24 09:49:52,2201.4,3281127
2021-06-24 09:49:54,2201.1,3281364
2021-06-24 09:49:55,2201.0,3286854
2021-06-24 09:49:56,2200.85,3287133
2021-06-24 09:49:57,2201.2,3287173
2021-06-24 09:49:57,2201.2,3287173
2021-06-24 09:49:58,2201.1,3287305
2021-06-24 09:49:59,2201.1,3287496
2021-06-24 09:50:00,2201.0,3287816
2021-06-24 09:50:02,2201.0,3288433
2021-06-24 09:50:03,2200.75,3288535
2021-06-24 09:50:04,2201.0,3288869
2021-06-24 09:50:06,2200.8,3290129
2021-06-24 09:50:07,2200.8,3290217
2021-06-24 09:50:07,2200.8,3290217
2021-06-24 09:50:08,2200.8,3290275
2021-06-24 09:50:09,2201.9,3293091
2021-06-24 09:50:12,2201.75,3293425
2021-06-24 09:50:13,2201.75,3293477
2021-06-24 09:50:14,2201.2,3293937
2021-06-24 09:50:15,2201.05,3295770
2021-06-24 09:50:16,2201.4,3295785
2021-06-24 09:50:17,2201.0,3295840
2021-06-24 09:50:18,2201.2,3295842
2021-06-24 09:50:18,2201.2,3295842
2021-06-24 09:50:19,2201.2,3295970
2021-06-24 09:50:21,2201.0,3296278
2021-06-24 09:50:22,2201.4,3296294
2021-06-24 09:50:23,2201.4,3296378
2021-06-24 09:50:24,2200.9,3296560
2021-06-24 09:50:25,2201.4,3296681
2021-06-24 09:50:26,2201.4,3296802
2021-06-24 09:50:26,2201.4,3296802
2021-06-24 09:50:27,2201.2,3296827
2021-06-24 09:50:29,2201.35,3296896
2021-06-24 09:50:30,2201.35,3297025
2021-06-24 09:50:31,2201.2,3297271
2021-06-24 09:50:32,2201.75,3297275
2021-06-24 09:50:32,2201.2,3297276
2021-06-24 09:50:33,2201.75,3297293
2021-06-24 09:50:35,2201.2,3297379
2021-06-24 09:50:36,2201.25,3297391
2021-06-24 09:50:37,2201.8,3297771
2021-06-24 09:50:38,2201.3,3298143
2021-06-24 09:50:39,2201.4,3298597
2021-06-24 09:50:39,2201.1,3299633
2021-06-24 09:50:41,2201.05,3300254
2021-06-24 09:50:42,2201.0,3301445
2021-06-24 09:50:43,2201.7,3301934
2021-06-24 09:50:44,2201.4,3301942
2021-06-24 09:50:45,2201.0,3302409
2021-06-24 09:50:46,2200.6,3305584
2021-06-24 09:50:46,2201.0,3305601
2021-06-24 09:50:48,2201.0,3305735
2021-06-24 09:50:49,2201.0,3305852
2021-06-24 09:50:50,2200.8,3305924
2021-06-24 09:50:51,2201.0,3306014
2021-06-24 09:50:52,2201.0,3306034
2021-06-24 09:50:54,2201.0,3306146
2021-06-24 09:50:55,2201.0,3306172
2021-06-24 09:50:56,2201.0,3307665
2021-06-24 09:50:57,2201.25,3308086
2021-06-24 09:50:58,2200.6,3308149
2021-06-24 09:50:58,2201.25,3308174
2021-06-24 09:50:59,2201.0,3308638
2021-06-24 09:51:01,2201.0,3308731
2021-06-24 09:51:02,2201.0,3308921
2021-06-24 09:51:03,2201.0,3309058
2021-06-24 09:51:04,2200.6,3309169
2021-06-24 09:51:05,2200.6,3309285
2021-06-24 09:51:06,2201.05,3309340
2021-06-24 09:51:07,2201.05,3309392
2021-06-24 09:51:08,2201.1,3309577
2021-06-24 09:51:09,2201.1,3309608
2021-06-24 09:51:10,2201.1,3309623
2021-06-24 09:51:11,2201.1,3309697
2021-06-24 09:51:12,2201.1,3309805
2021-06-24 09:51:13,2201.3,3310015
2021-06-24 09:51:14,2201.1,3310116
2021-06-24 09:51:16,2201.0,3310268
2021-06-24 09:51:17,2200.95,3310386
2021-06-24 09:51:18,2200.95,3310472
2021-06-24 09:51:19,2201.45,3310625
2021-06-24 09:51:19,2201.45,3310625
2021-06-24 09:51:20,2201.15,3310733
2021-06-24 09:51:22,2201.5,3311164
2021-06-24 09:51:23,2201.15,3311237
2021-06-24 09:51:24,2201.15,3311435
2021-06-24 09:51:25,2201.0,3311630
2021-06-24 09:51:25,2201.5,3311640
2021-06-24 09:51:28,2201.5,3311735
2021-06-24 09:51:29,2201.5,3311906
2021-06-24 09:51:30,2201.0,3311964
2021-06-24 09:51:31,2201.8,3312261
2021-06-24 09:51:31,2201.8,3312261
2021-06-24 09:51:34,2201.45,3312646
2021-06-24 09:51:35,2201.8,3312762
2021-06-24 09:51:36,2201.8,3312968
2021-06-24 09:51:37,2201.8,3313100
2021-06-24 09:51:39,2201.8,3313103
2021-06-24 09:51:40,2201.65,3313121
2021-06-24 09:51:41,2201.75,3313623
2021-06-24 09:51:42,2201.1,3313633
2021-06-24 09:51:43,2201.75,3313853
2021-06-24 09:51:44,2201.75,3313877
2021-06-24 09:51:44,2201.1,3313867
2021-06-24 09:51:46,2201.75,3314004
2021-06-24 09:51:48,2201.45,3314283
2021-06-24 09:51:48,2201.75,3314265
2021-06-24 09:51:50,2201.15,3314556
2021-06-24 09:51:51,2201.75,3314576
2021-06-24 09:51:52,2201.45,3314754
2021-06-24 09:51:53,2201.75,3314900
2021-06-24 09:51:54,2201.8,3314940
2021-06-24 09:51:55,2201.2,3315253
2021-06-24 09:51:55,2201.2,3315253
2021-06-24 09:51:57,2201.65,3315688
2021-06-24 09:51:58,2201.65,3315693
2021-06-24 09:52:00,2201.45,3315755
2021-06-24 09:52:01,2201.45,3315805
2021-06-24 09:52:01,2201.45,3315830
2021-06-24 09:52:03,2201.8,3316151
2021-06-24 09:52:04,2201.8,3316173
2021-06-24 09:52:05,2201.8,3316208
2021-06-24 09:52:06,2201.8,3316217
2021-06-24 09:52:07,2201.6,3316480
2021-06-24 09:52:08,2201.7,3316538
2021-06-24 09:52:09,2201.65,3317167
2021-06-24 09:52:10,2201.45,3317187
2021-06-24 09:52:11,2201.75,3317694
2021-06-24 09:52:12,2201.75,3317706
2021-06-24 09:52:12,2201.75,3317706
2021-06-24 09:52:14,2201.75,3317811
2021-06-24 09:52:15,2201.75,3317852
2021-06-24 09:52:16,2201.75,3317928
2021-06-24 09:52:17,2201.65,3317991
2021-06-24 09:52:18,2201.8,3318115
2021-06-24 09:52:19,2201.8,3318115
2021-06-24 09:52:20,2201.75,3318121
2021-06-24 09:52:21,2201.8,3318233
2021-06-24 09:52:22,2201.8,3318281
2021-06-24 09:52:23,2201.8,3318373
2021-06-24 09:52:24,2201.9,3318715
2021-06-24 09:52:25,2201.9,3318780
2021-06-24 09:52:26,2201.6,3319128
2021-06-24 09:52:27,2201.6,3319128
2021-06-24 09:52:28,2201.65,3319138
2021-06-24 09:52:29,2201.65,3319154
2021-06-24 09:52:30,2201.65,3319279
2021-06-24 09:52:31,2201.65,3319364
2021-06-24 09:52:32,2201.6,3319763
2021-06-24 09:52:33,2201.2,3320101
2021-06-24 09:52:34,2201.85,3320417
2021-06-24 09:52:35,2201.8,3320436
2021-06-24 09:52:36,2201.8,3320436
2021-06-24 09:52:37,2201.9,3320845
2021-06-24 09:52:38,2201.9,3320977
2021-06-24 09:52:39,2201.85,3321043
2021-06-24 09:52:41,2201.9,3321300
2021-06-24 09:52:40,2201.2,3321293
2021-06-24 09:52:42,2201.8,3321439
2021-06-24 09:52:43,2201.9,3322115
2021-06-24 09:52:44,2201.9,3322495
2021-06-24 09:52:45,2201.9,3322653
2021-06-24 09:52:46,2201.9,3322808
2021-06-24 09:52:47,2201.9,3323599
2021-06-24 09:52:48,2201.9,3323629
2021-06-24 09:52:49,2201.9,3323963
2021-06-24 09:52:50,2201.9,3324007
2021-06-24 09:52:51,2201.8,3324302
2021-06-24 09:52:52,2201.9,3324406
2021-06-24 09:52:53,2201.9,3324722
2021-06-24 09:52:54,2201.9,3324727
2021-06-24 09:52:55,2201.9,3325524
2021-06-24 09:52:56,2201.9,3326649
2021-06-24 09:52:57,2201.9,3326947
2021-06-24 09:52:58,2201.85,3327386
2021-06-24 09:52:59,2201.9,3327750
2021-06-24 09:53:00,2201.9,3328171
2021-06-24 09:53:02,2201.9,3328410
2021-06-24 09:53:01,2201.9,3328405
2021-06-24 09:53:03,2201.9,3328723
2021-06-24 09:53:04,2201.9,3328990
2021-06-24 09:53:05,2201.9,3329317
2021-06-24 09:53:06,2201.9,3329582
2021-06-24 09:53:07,2201.95,3329677
2021-06-24 09:53:08,2201.95,3329799
2021-06-24 09:53:09,2201.6,3330502
2021-06-24 09:53:11,2201.8,3331110
2021-06-24 09:53:12,2201.95,3331925
2021-06-24 09:53:13,2201.95,3332433
2021-06-24 09:53:14,2201.95,3332745
2021-06-24 09:53:15,2201.95,3333204
2021-06-24 09:53:16,2201.95,3333558
2021-06-24 09:53:17,2201.95,3333658
2021-06-24 09:53:18,2201.95,3334116
2021-06-24 09:53:19,2201.9,3334481
2021-06-24 09:53:20,2201.9,3335212
2021-06-24 09:53:21,2201.6,3335434
2021-06-24 09:53:22,2201.9,3335892
2021-06-24 09:53:23,2201.95,3336761
2021-06-24 09:53:24,2201.9,3336994
2021-06-24 09:53:25,2201.95,3338036
2021-06-24 09:53:26,2201.95,3338036
2021-06-24 09:53:27,2201.95,3338144
2021-06-24 09:53:28,2202.0,3338564
2021-06-24 09:53:29,2201.95,3339223
2021-06-24 09:53:30,2202.0,3339502
2021-06-24 09:53:31,2202.0,3339679
2021-06-24 09:53:32,2202.0,3340473
2021-06-24 09:53:33,2202.0,3340899
2021-06-24 09:53:34,2202.0,3341154
2021-06-24 09:53:35,2201.95,3341720
2021-06-24 09:53:36,2201.95,3346294
2021-06-24 09:53:37,2202.0,3346541
2021-06-24 09:53:38,2202.0,3346745
2021-06-24 09:53:39,2201.95,3348276
2021-06-24 09:53:40,2201.95,3351714
2021-06-24 09:53:42,2201.95,3352724
2021-06-24 09:53:41,2201.95,3352722
2021-06-24 09:53:43,2201.95,3353783
2021-06-24 09:53:44,2201.95,3355068
2021-06-24 09:53:45,2201.95,3356570
2021-06-24 09:53:46,2201.95,3356961
2021-06-24 09:53:47,2201.95,3357783
2021-06-24 09:53:48,2201.95,3358052
2021-06-24 09:53:49,2201.95,3358183
2021-06-24 09:53:50,2201.95,3359606
2021-06-24 09:53:51,2201.95,3360206
2021-06-24 09:53:52,2201.95,3360599
2021-06-24 09:53:53,2201.95,3361168
2021-06-24 09:53:54,2201.95,3361712
2021-06-24 09:53:55,2201.95,3362244
2021-06-24 09:53:56,2201.95,3362801
2021-06-24 09:54:00,2201.95,3364837
2021-06-24 09:54:01,2201.95,3365236
2021-06-24 09:54:02,2201.95,3365650
2021-06-24 09:54:03,2201.95,3367193
2021-06-24 09:54:04,2201.95,3367223
2021-06-24 09:54:05,2201.95,3369826
2021-06-24 09:54:06,2201.95,3370116
2021-06-24 09:54:07,2202.0,3371554
2021-06-24 09:54:08,2202.0,3371712
2021-06-24 09:54:09,2202.0,3371932
2021-06-24 09:54:11,2201.95,3374619
2021-06-24 09:54:12,2201.95,3374699
2021-06-24 09:54:13,2201.95,3375481
2021-06-24 09:54:14,2201.95,3376093
2021-06-24 09:54:15,2201.95,3376894
2021-06-24 09:54:16,2201.95,3377564
2021-06-24 09:54:17,2201.95,3377848
2021-06-24 09:54:18,2201.9,3377894
2021-06-24 09:54:19,2201.95,3378348
2021-06-24 09:54:20,2201.95,3378727
2021-06-24 09:54:21,2201.95,3378783
2021-06-24 09:54:23,2201.95,3380873
2021-06-24 09:54:24,2201.95,3381182
2021-06-24 09:54:25,2201.95,3382826
2021-06-24 09:54:26,2201.95,3383082
2021-06-24 09:54:27,2201.95,3383092
2021-06-24 09:54:28,2201.95,3383454
2021-06-24 09:54:29,2201.95,3383981
2021-06-24 09:54:30,2202.0,3385428
2021-06-24 09:54:31,2201.95,3385443
2021-06-24 09:54:32,2202.0,3385594
2021-06-24 09:54:34,2202.4,3406378
2021-06-24 09:54:34,2202.4,3406378
2021-06-24 09:54:35,2202.5,3406918
2021-06-24 09:54:36,2202.05,3408418
2021-06-24 09:54:37,2202.3,3408638
2021-06-24 09:54:38,2202.3,3409454
2021-06-24 09:54:39,2202.3,3409565
2021-06-24 09:54:40,2202.3,3409642
2021-06-24 09:54:41,2202.3,3410389
2021-06-24 09:54:43,2202.45,3411159
2021-06-24 09:54:43,2202.45,3411195
2021-06-24 09:54:44,2202.0,3414029
2021-06-24 09:54:45,2202.5,3415234
2021-06-24 09:54:46,2202.5,3415255
2021-06-24 09:54:47,2202.5,3415608
2021-06-24 09:54:49,2202.5,3415793
2021-06-24 09:54:49,2202.5,3415793
2021-06-24 09:54:50,2202.5,3416300
2021-06-24 09:54:51,2202.5,3416686
2021-06-24 09:54:52,2202.5,3420063
2021-06-24 09:54:53,2202.5,3420650
2021-06-24 09:54:54,2202.5,3421817
2021-06-24 09:54:56,2202.5,3422096
2021-06-24 09:54:56,2202.5,3422088
2021-06-24 09:54:57,2202.5,3422330
2021-06-24 09:54:58,2202.5,3422461
2021-06-24 09:54:59,2202.5,3423309
2021-06-24 09:55:00,2202.5,3424117
2021-06-24 09:55:01,2202.5,3427414
2021-06-24 09:55:03,2202.5,3427971
2021-06-24 09:55:03,2202.5,3427713
2021-06-24 09:55:04,2202.5,3428631
2021-06-24 09:55:06,2202.5,3431127
2021-06-24 09:55:07,2202.5,3433029
2021-06-24 09:55:08,2202.5,3435325
2021-06-24 09:55:10,2202.4,3435542
2021-06-24 09:55:11,2202.4,3436281
2021-06-24 09:55:12,2202.35,3436448
2021-06-24 09:55:13,2202.4,3436754
2021-06-24 09:55:14,2202.5,3439036
2021-06-24 09:55:15,2202.5,3440151
2021-06-24 09:55:16,2202.4,3441306
2021-06-24 09:55:18,2202.5,3441483
2021-06-24 09:55:18,2202.5,3441568
2021-06-24 09:55:20,2202.5,3443552
2021-06-24 09:55:21,2202.5,3444445
2021-06-24 09:55:22,2202.5,3444481
2021-06-24 09:55:23,2202.5,3444679
2021-06-24 09:55:24,2202.5,3444842
2021-06-24 09:55:25,2202.35,3446571
2021-06-24 09:55:27,2202.4,3447252
2021-06-24 09:55:27,2202.35,3447268
2021-06-24 09:55:28,2202.4,3447853
2021-06-24 09:55:29,2202.4,3448643
2021-06-24 09:55:30,2202.4,3449178
2021-06-24 09:55:31,2202.4,3449305
2021-06-24 09:55:33,2202.5,3449751
2021-06-24 09:55:33,2202.45,3449867
2021-06-24 09:55:34,2202.5,3450229
2021-06-24 09:55:35,2202.5,3450319
2021-06-24 09:55:36,2202.5,3450621
2021-06-24 09:55:39,2202.45,3452496
2021-06-24 09:55:39,2202.5,3452506
2021-06-24 09:55:40,2202.45,3452873
2021-06-24 09:55:41,2202.5,3453162
2021-06-24 09:55:42,2202.5,3453515
2021-06-24 09:55:43,2202.5,3454059
2021-06-24 09:55:44,2202.5,3454329
2021-06-24 09:55:45,2202.5,3454450
2021-06-24 09:55:47,2202.5,3455143
2021-06-24 09:55:47,2202.5,3455147
2021-06-24 09:55:48,2202.5,3455838
2021-06-24 09:55:49,2202.5,3456828
2021-06-24 09:55:50,2202.05,3460860
2021-06-24 09:55:51,2202.1,3462239
2021-06-24 09:55:52,2202.1,3462473
2021-06-24 09:55:53,2202.1,3462679
2021-06-24 09:55:55,2202.1,3463415
2021-06-24 09:55:55,2202.1,3463565
2021-06-24 09:55:56,2202.1,3463928
2021-06-24 09:55:57,2202.5,3464621
2021-06-24 09:55:58,2202.5,3465161
2021-06-24 09:56:00,2202.5,3465297
2021-06-24 09:56:00,2202.5,3465227
2021-06-24 09:56:01,2202.5,3466237
2021-06-24 09:56:02,2202.5,3466523
2021-06-24 09:56:03,2202.3,3466621
2021-06-24 09:56:04,2202.3,3466767
2021-06-24 09:56:05,2202.3,3466784
2021-06-24 09:56:06,2202.3,3466903
2021-06-24 09:56:07,2200.45,3486457
2021-06-24 09:56:08,2200.25,3498713
2021-06-24 09:56:09,2199.1,3522837
2021-06-24 09:56:10,2199.1,3522941
2021-06-24 09:56:11,2199.05,3524258
2021-06-24 09:56:12,2199.05,3528260
2021-06-24 09:56:14,2198.85,3538041
2021-06-24 09:56:15,2199.0,3541690
2021-06-24 09:56:16,2200.0,3543032
2021-06-24 09:56:18,2200.0,3543552
2021-06-24 09:56:18,2200.0,3543532
2021-06-24 09:56:19,2200.0,3543670
2021-06-24 09:56:20,2199.6,3543979
2021-06-24 09:56:21,2200.0,3544682
2021-06-24 09:56:23,2200.0,3545704
2021-06-24 09:56:24,2200.05,3546583
2021-06-24 09:56:25,2201.5,3547563
2021-06-24 09:56:27,2200.45,3548163
2021-06-24 09:56:28,2201.35,3548225
2021-06-24 09:56:29,2201.35,3548297
2021-06-24 09:56:29,2201.35,3548297
2021-06-24 09:56:30,2200.65,3548401
2021-06-24 09:56:31,2200.65,3548707
2021-06-24 09:56:32,2200.65,3548831
2021-06-24 09:56:33,2201.5,3548967
2021-06-24 09:56:34,2201.5,3549110
2021-06-24 09:56:35,2201.5,3549352
2021-06-24 09:56:36,2201.8,3549481
2021-06-24 09:56:38,2201.35,3549866
2021-06-24 09:56:39,2201.45,3550196
2021-06-24 09:56:41,2201.45,3550475
2021-06-24 09:56:42,2201.5,3551112
2021-06-24 09:56:42,2201.5,3551112
2021-06-24 09:56:43,2201.0,3551247
2021-06-24 09:56:44,2201.5,3551403
2021-06-24 09:56:45,2201.4,3551908
2021-06-24 09:56:46,2201.2,3553503
2021-06-24 09:56:47,2201.2,3553591
2021-06-24 09:56:49,2201.35,3553916
2021-06-24 09:56:50,2201.35,3554125
2021-06-24 09:56:50,2201.35,3554155
2021-06-24 09:56:51,2200.7,3554272
2021-06-24 09:56:52,2201.0,3554405
2021-06-24 09:56:53,2200.95,3554468
2021-06-24 09:56:54,2201.0,3554573
2021-06-24 09:56:55,2201.0,3554696
2021-06-24 09:56:56,2200.95,3554866
2021-06-24 09:56:58,2200.95,3555193
2021-06-24 09:57:01,2201.0,3555392
2021-06-24 09:57:02,2201.0,3555412
2021-06-24 09:57:03,2201.0,3555547
2021-06-24 09:57:03,2201.0,3555527
2021-06-24 09:57:04,2201.0,3555718
2021-06-24 09:57:05,2201.3,3555773
2021-06-24 09:57:06,2201.3,3555803
2021-06-24 09:57:07,2201.0,3555979
2021-06-24 09:57:09,2201.0,3556098
2021-06-24 09:57:10,2201.2,3557288
2021-06-24 09:57:11,2201.2,3557348
2021-06-24 09:57:11,2201.2,3557348
2021-06-24 09:57:12,2201.0,3557384
2021-06-24 09:57:14,2200.6,3558534
2021-06-24 09:57:15,2201.0,3558595
2021-06-24 09:57:17,2201.0,3558672
2021-06-24 09:57:18,2201.0,3559053
2021-06-24 09:57:18,2201.0,3559053
2021-06-24 09:57:19,2201.7,3559735
2021-06-24 09:57:20,2201.65,3559789
2021-06-24 09:57:21,2201.5,3559804
2021-06-24 09:57:22,2201.55,3559808
2021-06-24 09:57:23,2201.7,3560033
2021-06-24 09:57:25,2201.7,3560135
2021-06-24 09:57:26,2201.7,3560200
2021-06-24 09:57:26,2201.75,3560225
2021-06-24 09:57:27,2201.7,3560564
2021-06-24 09:57:28,2201.8,3561010
2021-06-24 09:57:29,2201.7,3561085
2021-06-24 09:57:30,2201.5,3561142
2021-06-24 09:57:32,2201.7,3561208
2021-06-24 09:57:33,2201.7,3561352
2021-06-24 09:57:34,2201.7,3561610
2021-06-24 09:57:35,2201.7,3561665
2021-06-24 09:57:35,2201.7,3561765
2021-06-24 09:57:36,2201.7,3562271
2021-06-24 09:57:38,2201.8,3562626
2021-06-24 09:57:39,2201.7,3562641
2021-06-24 09:57:40,2201.7,3562676
2021-06-24 09:57:41,2201.75,3562821
2021-06-24 09:57:42,2201.8,3562968
2021-06-24 09:57:43,2201.75,3562975
2021-06-24 09:57:44,2201.75,3563010
2021-06-24 09:57:46,2201.75,3563166
2021-06-24 09:57:47,2201.5,3563658
2021-06-24 09:57:48,2201.5,3563913
2021-06-24 09:57:49,2201.5,3563934
2021-06-24 09:57:49,2201.5,3563944
2021-06-24 09:57:50,2201.5,3564002
2021-06-24 09:57:51,2201.5,3564067
2021-06-24 09:57:53,2201.5,3564165
2021-06-24 09:57:54,2201.5,3564295
2021-06-24 09:57:55,2201.5,3564614
2021-06-24 09:57:55,2201.5,3564614
2021-06-24 09:57:56,2201.5,3564883
2021-06-24 09:57:57,2201.5,3564969
2021-06-24 09:57:58,2201.5,3565483
2021-06-24 09:58:00,2201.5,3566074
2021-06-24 09:58:01,2201.45,3566219
2021-06-24 09:58:01,2201.45,3566347
2021-06-24 09:58:02,2201.2,3566354
2021-06-24 09:58:03,2201.2,3566786
2021-06-24 09:58:04,2201.0,3566936
2021-06-24 09:58:06,2201.2,3567380
2021-06-24 09:58:07,2201.5,3568257
2021-06-24 09:58:07,2201.5,3568259
2021-06-24 09:58:08,2201.5,3568886
2021-06-24 09:58:09,2201.9,3568890
2021-06-24 09:58:10,2201.9,3568892
2021-06-24 09:58:12,2201.95,3569793
2021-06-24 09:58:13,2202.0,3569825
2021-06-24 09:58:15,2202.0,3569988
2021-06-24 09:58:16,2202.0,3570169
2021-06-24 09:58:16,2202.0,3570169
2021-06-24 09:58:17,2201.8,3570333
2021-06-24 09:58:18,2202.0,3570614
2021-06-24 09:58:19,2202.0,3570640
2021-06-24 09:58:20,2202.0,3570713
2021-06-24 09:58:21,2202.0,3570838
2021-06-24 09:58:23,2202.0,3571107
2021-06-24 09:58:24,2202.0,3572700
2021-06-24 09:58:25,2202.0,3572711
2021-06-24 09:58:25,2202.0,3572712
2021-06-24 09:58:26,2202.0,3572823
2021-06-24 09:58:27,2201.75,3573210
2021-06-24 09:58:29,2202.0,3573574
2021-06-24 09:58:30,2202.0,3573674
2021-06-24 09:58:30,2202.0,3574444
2021-06-24 09:58:31,2202.0,3574624
2021-06-24 09:58:32,2202.0,3574734
2021-06-24 09:58:35,2202.0,3575207
2021-06-24 09:58:36,2202.0,3575331
2021-06-24 09:58:37,2202.0,3575732
2021-06-24 09:58:37,2202.0,3575722
2021-06-24 09:58:38,2202.0,3575969
2021-06-24 09:58:39,2202.0,3576790
2021-06-24 09:58:40,2202.0,3576810
2021-06-24 09:58:41,2202.0,3577210
2021-06-24 09:58:42,2202.0,3577964
2021-06-24 09:58:44,2202.0,3579040
2021-06-24 09:58:45,2202.0,3580547
2021-06-24 09:58:46,2202.0,3580873
2021-06-24 09:58:47,2202.0,3580923
2021-06-24 09:58:48,2202.0,3581180
2021-06-24 09:58:48,2202.0,3581180
2021-06-24 09:58:49,2202.0,3583206
2021-06-24 09:58:51,2202.0,3583438
2021-06-24 09:58:52,2202.0,3583865
2021-06-24 09:58:53,2201.85,3584920
2021-06-24 09:58:54,2202.0,3585035
2021-06-24 09:58:55,2202.0,3585444
2021-06-24 09:58:55,2201.85,3585544
2021-06-24 09:58:56,2201.85,3585686
2021-06-24 09:58:57,2201.8,3585854
2021-06-24 09:58:59,2201.8,3586053
2021-06-24 09:59:00,2201.85,3586054
2021-06-24 09:59:01,2201.85,3586119
2021-06-24 09:59:02,2201.85,3586491
2021-06-24 09:59:02,2201.85,3586491
2021-06-24 09:59:03,2201.85,3586807
2021-06-24 09:59:04,2202.0,3590571
2021-06-24 09:59:05,2201.85,3590611
2021-06-24 09:59:06,2201.85,3590965
2021-06-24 09:59:08,2201.85,3591229
2021-06-24 09:59:10,2201.8,3591854
2021-06-24 09:59:11,2201.85,3592029
2021-06-24 09:59:12,2201.85,3594521
2021-06-24 09:59:12,2201.85,3594521
2021-06-24 09:59:13,2201.85,3594657
2021-06-24 09:59:15,2201.8,3596451
2021-06-24 09:59:16,2201.7,3597153
2021-06-24 09:59:17,2201.7,3597440
2021-06-24 09:59:18,2201.7,3598347
2021-06-24 09:59:18,2201.7,3598347
2021-06-24 09:59:19,2200.5,3601213
2021-06-24 09:59:21,2201.2,3601250
2021-06-24 09:59:22,2201.0,3601396
2021-06-24 09:59:23,2200.55,3601614
2021-06-24 09:59:23,2200.55,3601614
2021-06-24 09:59:24,2201.2,3601940
2021-06-24 09:59:25,2200.55,3602145
2021-06-24 09:59:27,2201.2,3602487
2021-06-24 09:59:28,2201.0,3606987
2021-06-24 09:59:29,2200.25,3607242
2021-06-24 09:59:30,2201.0,3607561
2021-06-24 09:59:30,2201.0,3607561
2021-06-24 09:59:31,2200.95,3607645
2021-06-24 09:59:32,2200.25,3607875
2021-06-24 09:59:34,2200.85,3608075
2021-06-24 09:59:35,2200.85,3608886
2021-06-24 09:59:36,2200.85,3609158
2021-06-24 09:59:37,2200.85,3609222
2021-06-24 09:59:38,2200.85,3610276
2021-06-24 09:59:39,2200.85,3610322
2021-06-24 09:59:39,2200.85,3610322
2021-06-24 09:59:40,2200.9,3610794
2021-06-24 09:59:43,2200.7,3610833
2021-06-24 09:59:44,2200.95,3611066
2021-06-24 09:59:45,2200.9,3611081
2021-06-24 09:59:46,2200.95,3611168
2021-06-24 09:59:47,2200.85,3611496
2021-06-24 09:59:48,2200.95,3611516
2021-06-24 09:59:48,2200.95,3611516
2021-06-24 09:59:49,2200.95,3611640
2021-06-24 09:59:51,2200.95,3611713
2021-06-24 09:59:52,2200.9,3612080
2021-06-24 09:59:53,2200.95,3612241
2021-06-24 09:59:54,2200.95,3612716
2021-06-24 09:59:54,2200.95,3612741
2021-06-24 09:59:55,2200.95,3612865
2021-06-24 09:59:56,2201.0,3613409
2021-06-24 09:59:57,2201.0,3613414
2021-06-24 09:59:58,2200.95,3613580
2021-06-24 10:00:00,2201.0,3613759
2021-06-24 10:00:01,2201.0,3613974
2021-06-24 10:00:02,2201.75,3614153
2021-06-24 10:00:03,2200.95,3615376
2021-06-24 10:00:04,2201.0,3615483
2021-06-24 10:00:06,2201.75,3615493
2021-06-24 10:00:07,2201.8,3615773
2021-06-24 10:00:08,2201.8,3615914
2021-06-24 10:00:09,2201.4,3615964
2021-06-24 10:00:10,2201.8,3616087
2021-06-24 10:00:11,2201.8,3616218
2021-06-24 10:00:11,2201.8,3616218
2021-06-24 10:00:12,2201.8,3616497
2021-06-24 10:00:13,2201.8,3616581
2021-06-24 10:00:14,2201.7,3616673
2021-06-24 10:00:16,2201.7,3616686
2021-06-24 10:00:17,2201.05,3617003
2021-06-24 10:00:18,2201.65,3617040
2021-06-24 10:00:19,2201.0,3617082
2021-06-24 10:00:20,2201.65,3617318
2021-06-24 10:00:20,2201.65,3617318
2021-06-24 10:00:21,2201.7,3617523
2021-06-24 10:00:23,2201.8,3617577
2021-06-24 10:00:24,2201.7,3617608
2021-06-24 10:00:25,2201.8,3617696
2021-06-24 10:00:26,2201.3,3617887
2021-06-24 10:00:27,2201.8,3618101
2021-06-24 10:00:28,2201.8,3618284
2021-06-24 10:00:29,2201.3,3618309
2021-06-24 10:00:29,2201.65,3618319
2021-06-24 10:00:30,2201.8,3619638
2021-06-24 10:00:32,2201.8,3620661
2021-06-24 10:00:33,2201.8,3620912
2021-06-24 10:00:34,2201.8,3621024
2021-06-24 10:00:35,2201.7,3621037
2021-06-24 10:00:36,2201.8,3621443
2021-06-24 10:00:37,2201.8,3621550
2021-06-24 10:00:38,2201.8,3621975
2021-06-24 10:00:40,2201.75,3622728
2021-06-24 10:00:41,2201.8,3622821
2021-06-24 10:00:42,2201.8,3622835
2021-06-24 10:00:43,2201.7,3624399
2021-06-24 10:00:44,2201.8,3625446
2021-06-24 10:00:44,2201.8,3625449
2021-06-24 10:00:45,2201.8,3625599
2021-06-24 10:00:46,2201.7,3625706
2021-06-24 10:00:48,2201.7,3627155
2021-06-24 10:00:49,2201.65,3627426
2021-06-24 10:00:50,2201.7,3627504
2021-06-24 10:00:51,2201.7,3627609
2021-06-24 10:00:51,2201.7,3627610
2021-06-24 10:00:52,2201.7,3628706
2021-06-24 10:00:54,2201.45,3629220
2021-06-24 10:00:55,2201.75,3629653
2021-06-24 10:00:56,2201.45,3629863
2021-06-24 10:00:57,2201.75,3629918
2021-06-24 10:00:58,2201.75,3630029
2021-06-24 10:00:59,2201.75,3630070
2021-06-24 10:01:00,2201.75,3630094
2021-06-24 10:01:00,2201.65,3630115
2021-06-24 10:01:02,2201.75,3630507
2021-06-24 10:01:03,2201.75,3630566
2021-06-24 10:01:04,2201.75,3630791
2021-06-24 10:01:05,2201.75,3631810
2021-06-24 10:01:06,2201.8,3642003
2021-06-24 10:01:07,2201.9,3642015
2021-06-24 10:01:09,2201.9,3642572
2021-06-24 10:01:10,2201.9,3643066
2021-06-24 10:01:11,2201.9,3644580
2021-06-24 10:01:12,2201.9,3644840
2021-06-24 10:01:12,2201.75,3645213
2021-06-24 10:01:13,2201.85,3645306
2021-06-24 10:01:15,2201.75,3645587
2021-06-24 10:01:16,2201.7,3645790
2021-06-24 10:01:17,2201.55,3646754
2021-06-24 10:01:18,2201.55,3646810
2021-06-24 10:01:18,2201.3,3647008
2021-06-24 10:01:19,2201.55,3647487
2021-06-24 10:01:21,2201.55,3649127
2021-06-24 10:01:22,2201.55,3649802
2021-06-24 10:01:23,2201.55,3650733
2021-06-24 10:01:24,2201.55,3650852
2021-06-24 10:01:24,2201.55,3650819
2021-06-24 10:01:26,2201.55,3650960
2021-06-24 10:01:27,2201.0,3651915
2021-06-24 10:01:28,2201.0,3652740
2021-06-24 10:01:29,2201.5,3653160
2021-06-24 10:01:29,2201.5,3652910
2021-06-24 10:01:30,2201.5,3653218
2021-06-24 10:01:31,2201.5,3653842
2021-06-24 10:01:33,2201.5,3653855
2021-06-24 10:01:34,2201.5,3654291
2021-06-24 10:01:35,2201.5,3654401
2021-06-24 10:01:36,2201.1,3654402
2021-06-24 10:01:37,2201.5,3654422
2021-06-24 10:01:37,2201.5,3654422
2021-06-24 10:01:38,2201.5,3654444
2021-06-24 10:01:40,2201.5,3654508
2021-06-24 10:01:41,2201.5,3654626
2021-06-24 10:01:42,2201.5,3654658
2021-06-24 10:01:43,2201.5,3654697
2021-06-24 10:01:43,2201.5,3654697
2021-06-24 10:01:44,2201.5,3655239
2021-06-24 10:01:46,2201.5,3655968
2021-06-24 10:01:47,2201.3,3656011
2021-06-24 10:01:47,2201.3,3656015
2021-06-24 10:01:48,2201.4,3656020
2021-06-24 10:01:51,2201.3,3657473
2021-06-24 10:01:52,2201.25,3657854
2021-06-24 10:01:53,2201.25,3658206
2021-06-24 10:01:53,2201.25,3658206
2021-06-24 10:01:55,2201.25,3658531
2021-06-24 10:01:56,2201.25,3659045
2021-06-24 10:01:57,2201.15,3659067
2021-06-24 10:01:58,2201.25,3659340
2021-06-24 10:01:59,2201.2,3659393
2021-06-24 10:02:00,2201.2,3659441
2021-06-24 10:02:00,2201.2,3659446
2021-06-24 10:02:01,2201.2,3659464
2021-06-24 10:02:03,2201.0,3669274
2021-06-24 10:02:04,2201.0,3669371
2021-06-24 10:02:05,2201.0,3669458
2021-06-24 10:02:06,2200.9,3670985
2021-06-24 10:02:06,2200.9,3670985
2021-06-24 10:02:08,2200.9,3671133
2021-06-24 10:02:09,2200.25,3671310
2021-06-24 10:02:10,2200.9,3671339
2021-06-24 10:02:11,2200.9,3671550
2021-06-24 10:02:11,2200.9,3671560
2021-06-24 10:02:13,2200.9,3671588
2021-06-24 10:02:14,2200.9,3671807
2021-06-24 10:02:15,2200.35,3671871
2021-06-24 10:02:16,2200.9,3671909
2021-06-24 10:02:17,2200.5,3672030
2021-06-24 10:02:18,2200.45,3672397
2021-06-24 10:02:19,2200.5,3672506
2021-06-24 10:02:19,2200.5,3672506
2021-06-24 10:02:21,2200.45,3672526
2021-06-24 10:02:22,2200.45,3672867
2021-06-24 10:02:23,2200.45,3673351
2021-06-24 10:02:24,2200.25,3673518
2021-06-24 10:02:24,2200.25,3673528
2021-06-24 10:02:26,2200.3,3673649
2021-06-24 10:02:27,2200.3,3673665
2021-06-24 10:02:28,2200.5,3673791
2021-06-24 10:02:29,2200.5,3673866
2021-06-24 10:02:30,2200.3,3674172
2021-06-24 10:02:31,2200.3,3674765
2021-06-24 10:02:32,2200.3,3674879
2021-06-24 10:02:34,2199.95,3686601
2021-06-24 10:02:35,2199.8,3687146
2021-06-24 10:02:36,2199.8,3687337
2021-06-24 10:02:37,2199.8,3687528
2021-06-24 10:02:37,2199.8,3687528
2021-06-24 10:02:38,2199.8,3688013
2021-06-24 10:02:40,2199.8,3688668
2021-06-24 10:02:41,2199.8,3688819
2021-06-24 10:02:42,2199.5,3689145
2021-06-24 10:02:43,2199.5,3689521
2021-06-24 10:02:44,2199.5,3689675
2021-06-24 10:02:45,2199.45,3689717
2021-06-24 10:02:46,2199.15,3689936
2021-06-24 10:02:46,2199.15,3689936
2021-06-24 10:02:47,2199.0,3690602
2021-06-24 10:02:49,2199.35,3690994
2021-06-24 10:02:50,2199.35,3691223
2021-06-24 10:02:51,2199.15,3691240
2021-06-24 10:02:52,2199.15,3692211
2021-06-24 10:02:53,2199.35,3692989
2021-06-24 10:02:54,2199.35,3693088
2021-06-24 10:02:54,2199.35,3693088
2021-06-24 10:02:56,2199.0,3693669
2021-06-24 10:02:57,2199.35,3693906
2021-06-24 10:02:58,2199.35,3694415
2021-06-24 10:02:59,2199.35,3694428
2021-06-24 10:02:59,2199.35,3694428
2021-06-24 10:03:01,2199.35,3694463
2021-06-24 10:03:02,2199.35,3694673
2021-06-24 10:03:03,2199.05,3694961
2021-06-24 10:03:04,2199.35,3695090
2021-06-24 10:03:05,2199.35,3695203
2021-06-24 10:03:06,2199.35,3695393
2021-06-24 10:03:07,2199.45,3695653
2021-06-24 10:03:08,2199.3,3695658
2021-06-24 10:03:10,2200.7,3697974
2021-06-24 10:03:09,2200.25,3697724
2021-06-24 10:03:11,2200.0,3698114
2021-06-24 10:03:13,2200.05,3698348
2021-06-24 10:03:14,2200.05,3698607
2021-06-24 10:03:15,2200.7,3698731
2021-06-24 10:03:16,2200.05,3699101
2021-06-24 10:03:17,2200.05,3699168
2021-06-24 10:03:18,2200.05,3699168
2021-06-24 10:03:19,2201.0,3699681
2021-06-24 10:03:20,2201.0,3699702
2021-06-24 10:03:21,2201.0,3699728
2021-06-24 10:03:22,2200.15,3699770
2021-06-24 10:03:23,2200.7,3700102
2021-06-24 10:03:24,2200.7,3700107
2021-06-24 10:03:25,2200.7,3700129
2021-06-24 10:03:26,2200.15,3700320
2021-06-24 10:03:27,2200.05,3700400
2021-06-24 10:03:28,2200.35,3700458
2021-06-24 10:03:29,2200.05,3700677
2021-06-24 10:03:30,2200.05,3700677
2021-06-24 10:03:32,2200.65,3701300
2021-06-24 10:03:33,2200.65,3701343
2021-06-24 10:03:34,2200.0,3701377
2021-06-24 10:03:35,2200.7,3702023
2021-06-24 10:03:36,2200.7,3702023
2021-06-24 10:03:37,2200.7,3702072
2021-06-24 10:03:38,2200.6,3702213
2021-06-24 10:03:39,2200.6,3702416
2021-06-24 10:03:40,2200.6,3702427
2021-06-24 10:03:41,2200.4,3702614
2021-06-24 10:03:42,2200.05,3702777
2021-06-24 10:03:43,2200.0,3704414
2021-06-24 10:03:44,2200.05,3704484
2021-06-24 10:03:45,2200.05,3704550
2021-06-24 10:03:46,2200.05,3704622
2021-06-24 10:03:47,2200.05,3704745
2021-06-24 10:03:49,2200.2,3705260
2021-06-24 10:03:48,2200.2,3705260
2021-06-24 10:03:50,2200.2,3705419
2021-06-24 10:03:51,2200.5,3705569
2021-06-24 10:03:52,2200.5,3705569
2021-06-24 10:03:54,2200.55,3705723
2021-06-24 10:03:53,2200.5,3705573
2021-06-24 10:03:55,2200.5,3706741
2021-06-24 10:03:56,2200.1,3706750
2021-06-24 10:03:57,2200.5,3706810
2021-06-24 10:03:58,2200.5,3706884
2021-06-24 10:03:59,2200.05,3706948
2021-06-24 10:04:00,2200.45,3707066
2021-06-24 10:04:01,2200.0,3711863
2021-06-24 10:04:02,2199.8,3711865
2021-06-24 10:04:03,2200.05,3712198
2021-06-24 10:04:04,2200.05,3712229
2021-06-24 10:04:05,2200.05,3712261
2021-06-24 10:04:06,2200.0,3713374
2021-06-24 10:04:07,2200.0,3713572
2021-06-24 10:04:08,2200.0,3713812
2021-06-24 10:04:09,2200.0,3713853
2021-06-24 10:04:10,2200.0,3713979
2021-06-24 10:04:11,2200.0,3713982
2021-06-24 10:04:12,2199.5,3714042
2021-06-24 10:04:13,2200.0,3714109
2021-06-24 10:04:14,2200.0,3714554
2021-06-24 10:04:15,2200.05,3714630
2021-06-24 10:04:16,2200.05,3714710
2021-06-24 10:04:17,2200.05,3714737
2021-06-24 10:04:18,2200.0,3714823
2021-06-24 10:04:19,2200.0,3715720
2021-06-24 10:04:20,2200.0,3715723
2021-06-24 10:04:21,2200.0,3715931
2021-06-24 10:04:22,2200.0,3715950
2021-06-24 10:04:23,2200.0,3716056
2021-06-24 10:04:24,2200.0,3716189
2021-06-24 10:04:25,2200.0,3716314
2021-06-24 10:04:26,2199.6,3716438
2021-06-24 10:04:27,2200.0,3716490
2021-06-24 10:04:28,2200.0,3716509
2021-06-24 10:04:29,2200.0,3722620
2021-06-24 10:04:30,2200.0,3722699
2021-06-24 10:04:31,2200.0,3722735
2021-06-24 10:04:32,2200.0,3722785
2021-06-24 10:04:33,2200.0,3722848
2021-06-24 10:04:34,2200.0,3722921
2021-06-24 10:04:35,2200.0,3722989
2021-06-24 10:04:36,2200.35,3727727
2021-06-24 10:04:37,2200.4,3728024
2021-06-24 10:04:38,2200.4,3728099
2021-06-24 10:04:39,2200.95,3728141
2021-06-24 10:04:41,2200.0,3733292
2021-06-24 10:04:42,2200.05,3733349
2021-06-24 10:04:43,2200.75,3733354
2021-06-24 10:04:44,2200.65,3733376
2021-06-24 10:04:45,2200.6,3733443
2021-06-24 10:04:46,2200.5,3733514
2021-06-24 10:04:47,2200.25,3733678
2021-06-24 10:04:48,2200.25,3733678
2021-06-24 10:04:49,2200.4,3734634
2021-06-24 10:04:50,2200.4,3734701
2021-06-24 10:04:51,2200.15,3735177
2021-06-24 10:04:52,2200.4,3735184
2021-06-24 10:04:54,2200.1,3735735
2021-06-24 10:04:53,2200.4,3735210
2021-06-24 10:04:55,2200.1,3735746
2021-06-24 10:04:56,2200.55,3736537
2021-06-24 10:04:57,2200.5,3736749
2021-06-24 10:04:58,2200.5,3737741
2021-06-24 10:04:59,2200.4,3737763
2021-06-24 10:05:00,2200.5,3737888
2021-06-24 10:05:01,2200.5,3737924
2021-06-24 10:05:02,2200.45,3737994
2021-06-24 10:05:03,2200.0,3738005
2021-06-24 10:05:04,2200.4,3738186
2021-06-24 10:05:05,2200.0,3738710
2021-06-24 10:05:06,2200.0,3738907
2021-06-24 10:05:07,2199.95,3740083
2021-06-24 10:05:08,2199.75,3740364
2021-06-24 10:05:09,2199.75,3740364
2021-06-24 10:05:10,2200.0,3740937
2021-06-24 10:05:11,2200.0,3741039
2021-06-24 10:05:12,2200.0,3741245
2021-06-24 10:05:13,2199.95,3741415
2021-06-24 10:05:15,2199.95,3742025
2021-06-24 10:05:15,2199.95,3742030
2021-06-24 10:05:16,2199.25,3742222
2021-06-24 10:05:17,2199.35,3742275
2021-06-24 10:05:18,2199.1,3743359
2021-06-24 10:05:19,2199.95,3743401
2021-06-24 10:05:21,2199.35,3743516
2021-06-24 10:05:22,2199.9,3743574
2021-06-24 10:05:23,2199.25,3743825
2021-06-24 10:05:24,2199.4,3743900
2021-06-24 10:05:25,2199.75,3744096
2021-06-24 10:05:26,2199.4,3744114
2021-06-24 10:05:28,2199.75,3744147
2021-06-24 10:05:29,2199.85,3744213
2021-06-24 10:05:30,2199.85,3744268
2021-06-24 10:05:30,2199.85,3744268
2021-06-24 10:05:31,2199.6,3744604
2021-06-24 10:05:32,2199.95,3746000
2021-06-24 10:05:33,2199.95,3746102
2021-06-24 10:05:34,2199.95,3746397
2021-06-24 10:05:36,2199.95,3746398
2021-06-24 10:05:36,2199.95,3746453
2021-06-24 10:05:37,2199.95,3746533
2021-06-24 10:05:39,2199.85,3746665
2021-06-24 10:05:40,2199.4,3746888
2021-06-24 10:05:42,2199.75,3746945
2021-06-24 10:05:43,2199.75,3746965
2021-06-24 10:05:43,2199.75,3746965
2021-06-24 10:05:44,2199.75,3747902
2021-06-24 10:05:45,2199.75,3747922
2021-06-24 10:05:46,2199.85,3748553
2021-06-24 10:05:47,2199.75,3748565
2021-06-24 10:05:48,2199.75,3748836
2021-06-24 10:05:49,2199.05,3749013
2021-06-24 10:05:50,2199.75,3749339
2021-06-24 10:05:52,2198.85,3752474
2021-06-24 10:05:52,2199.0,3752367
2021-06-24 10:05:53,2198.85,3757539
2021-06-24 10:05:54,2199.4,3757961
2021-06-24 10:05:55,2198.65,3758146
2021-06-24 10:05:57,2199.6,3758317
2021-06-24 10:05:57,2199.6,3758312
2021-06-24 10:05:58,2198.65,3758443
2021-06-24 10:05:59,2199.4,3758560
2021-06-24 10:06:00,2199.0,3759814
2021-06-24 10:06:01,2198.35,3759879
2021-06-24 10:06:02,2199.0,3759902
2021-06-24 10:06:03,2198.9,3760944
2021-06-24 10:06:05,2198.45,3761461
2021-06-24 10:06:05,2199.0,3761810
2021-06-24 10:06:06,2199.0,3761858
2021-06-24 10:06:07,2198.25,3762041
2021-06-24 10:06:08,2198.95,3762053
2021-06-24 10:06:09,2198.3,3762411
2021-06-24 10:06:11,2198.25,3762747
2021-06-24 10:06:11,2198.25,3762754
2021-06-24 10:06:12,2198.95,3763004
2021-06-24 10:06:13,2198.25,3763285
2021-06-24 10:06:14,2198.95,3763839
2021-06-24 10:06:15,2199.0,3765105
2021-06-24 10:06:17,2198.25,3765290
2021-06-24 10:06:18,2198.25,3765830
2021-06-24 10:06:18,2198.25,3765830
2021-06-24 10:06:19,2198.25,3766944
2021-06-24 10:06:20,2197.65,3786739
2021-06-24 10:06:21,2196.9,3787529
2021-06-24 10:06:22,2197.25,3788758
2021-06-24 10:06:23,2197.25,3790701
2021-06-24 10:06:25,2197.05,3791743
2021-06-24 10:06:25,2197.25,3792525
2021-06-24 10:06:26,2196.85,3793400
2021-06-24 10:06:27,2196.95,3793563
2021-06-24 10:06:28,2196.95,3794885
2021-06-24 10:06:29,2196.05,3795374
2021-06-24 10:06:31,2196.7,3795872
2021-06-24 10:06:31,2196.7,3795872
2021-06-24 10:06:32,2196.25,3796474
2021-06-24 10:06:33,2196.6,3796800
2021-06-24 10:06:34,2195.3,3803427
2021-06-24 10:06:35,2195.3,3804185
2021-06-24 10:06:37,2195.15,3804975
2021-06-24 10:06:37,2195.15,3804975
2021-06-24 10:06:38,2195.15,3805772
2021-06-24 10:06:39,2194.15,3823264
2021-06-24 10:06:40,2195.05,3830111
2021-06-24 10:06:41,2196.15,3831521
2021-06-24 10:06:42,2195.5,3831835
2021-06-24 10:06:43,2196.2,3832938
2021-06-24 10:06:44,2195.35,3833387
2021-06-24 10:06:46,2195.3,3835403
2021-06-24 10:06:46,2195.3,3835403
2021-06-24 10:06:47,2195.1,3835637
2021-06-24 10:06:49,2195.35,3836661
2021-06-24 10:06:50,2195.35,3837036
2021-06-24 10:06:51,2195.1,3837144
2021-06-24 10:06:52,2195.0,3839478
2021-06-24 10:06:53,2195.1,3840545
2021-06-24 10:06:54,2195.1,3841088
2021-06-24 10:06:55,2195.0,3841820
2021-06-24 10:06:57,2195.1,3843409
2021-06-24 10:06:57,2195.35,3843659
2021-06-24 10:06:58,2195.35,3844272
2021-06-24 10:06:59,2195.35,3844314
2021-06-24 10:07:00,2195.35,3844901
2021-06-24 10:07:01,2195.4,3847662
2021-06-24 10:07:02,2195.35,3848003
2021-06-24 10:07:03,2195.4,3848873
2021-06-24 10:07:05,2195.35,3851595
2021-06-24 10:07:05,2195.4,3851700
2021-06-24 10:07:06,2195.45,3853712
2021-06-24 10:07:07,2195.95,3854246
2021-06-24 10:07:08,2196.0,3854780
2021-06-24 10:07:09,2195.75,3856249
2021-06-24 10:07:10,2195.5,3856538
2021-06-24 10:07:11,2196.0,3857612
2021-06-24 10:07:12,2195.65,3857969
2021-06-24 10:07:13,2195.95,3857980
2021-06-24 10:07:14,2195.8,3859133
2021-06-24 10:07:15,2195.5,3862691
2021-06-24 10:07:16,2195.5,3863040
2021-06-24 10:07:17,2195.7,3871582
2021-06-24 10:07:18,2194.95,3872074
2021-06-24 10:07:19,2195.0,3874117
2021-06-24 10:07:20,2194.6,3875088
2021-06-24 10:07:21,2195.0,3875845
2021-06-24 10:07:22,2195.0,3876137
2021-06-24 10:07:24,2195.35,3876264
2021-06-24 10:07:25,2194.65,3876868
2021-06-24 10:07:26,2195.6,3877413
2021-06-24 10:07:27,2195.6,3877815
2021-06-24 10:07:27,2195.1,3877905
2021-06-24 10:07:28,2195.65,3879715
2021-06-24 10:07:29,2195.6,3880145
2021-06-24 10:07:30,2195.0,3880274
2021-06-24 10:07:31,2195.55,3880331
2021-06-24 10:07:32,2195.55,3880492
2021-06-24 10:07:34,2195.05,3880655
2021-06-24 10:07:35,2195.5,3880754
2021-06-24 10:07:35,2195.5,3880754
2021-06-24 10:07:36,2195.5,3881178
2021-06-24 10:07:37,2195.5,3881462
2021-06-24 10:07:38,2195.5,3882156
2021-06-24 10:07:39,2195.5,3882615
2021-06-24 10:07:41,2195.5,3883121
2021-06-24 10:07:42,2195.55,3884013
2021-06-24 10:07:43,2195.5,3884607
2021-06-24 10:07:43,2195.5,3884576
2021-06-24 10:07:44,2195.25,3885318
2021-06-24 10:07:45,2195.5,3886860
2021-06-24 10:07:46,2195.55,3887222
2021-06-24 10:07:47,2195.55,3887538
2021-06-24 10:07:48,2195.5,3888256
2021-06-24 10:07:50,2195.6,3889339
2021-06-24 10:07:51,2195.6,3889442
2021-06-24 10:07:52,2195.4,3889911
2021-06-24 10:07:53,2195.4,3890818
2021-06-24 10:07:53,2195.5,3891027
2021-06-24 10:07:54,2195.25,3891737
2021-06-24 10:07:55,2195.25,3892019
2021-06-24 10:07:56,2195.85,3892656
2021-06-24 10:07:57,2195.6,3892806
2021-06-24 10:07:58,2195.85,3892991
2021-06-24 10:08:00,2195.85,3893046
2021-06-24 10:08:01,2195.4,3893171
2021-06-24 10:08:01,2195.3,3893262
2021-06-24 10:08:02,2195.3,3893977
2021-06-24 10:08:03,2195.6,3894381
2021-06-24 10:08:04,2195.6,3894553
2021-06-24 10:08:06,2195.6,3894883
2021-06-24 10:08:07,2195.6,3895065
2021-06-24 10:08:08,2195.5,3895767
2021-06-24 10:08:09,2195.6,3895859
2021-06-24 10:08:10,2195.6,3896097
2021-06-24 10:08:11,2195.05,3896354
2021-06-24 10:08:12,2195.6,3896368
2021-06-24 10:08:13,2195.6,3896699
2021-06-24 10:08:14,2195.6,3897323
2021-06-24 10:08:16,2195.6,3898695
2021-06-24 10:08:18,2195.2,3898807
2021-06-24 10:08:19,2195.55,3899075
2021-06-24 10:08:20,2195.55,3899431
2021-06-24 10:08:21,2195.2,3899927
2021-06-24 10:08:22,2195.55,3900326
2021-06-24 10:08:24,2195.5,3900887
2021-06-24 10:08:25,2195.6,3901792
2021-06-24 10:08:25,2195.6,3901792
2021-06-24 10:08:26,2195.5,3902359
2021-06-24 10:08:27,2195.5,3902554
2021-06-24 10:08:28,2195.3,3903808
2021-06-24 10:08:29,2195.5,3903824
2021-06-24 10:08:30,2195.45,3904625
2021-06-24 10:08:31,2195.5,3905369
2021-06-24 10:08:32,2195.0,3905990
2021-06-24 10:08:34,2195.5,3906307
2021-06-24 10:08:35,2195.05,3906477
2021-06-24 10:08:36,2195.6,3906647
2021-06-24 10:08:36,2195.6,3907126
2021-06-24 10:08:38,2195.1,3907772
2021-06-24 10:08:39,2195.5,3908392
2021-06-24 10:08:39,2195.5,3908419
2021-06-24 10:08:40,2195.1,3908576
2021-06-24 10:08:41,2195.5,3909114
2021-06-24 10:08:43,2195.1,3909700
2021-06-24 10:08:45,2195.45,3910295
2021-06-24 10:08:46,2195.05,3910417
2021-06-24 10:08:47,2195.45,3910607
2021-06-24 10:08:47,2195.45,3911434
2021-06-24 10:08:48,2195.05,3911779
2021-06-24 10:08:49,2195.45,3912283
2021-06-24 10:08:50,2195.4,3912550
2021-06-24 10:08:51,2195.5,3912761
2021-06-24 10:08:52,2194.65,3919376
2021-06-24 10:08:53,2194.1,3922512
2021-06-24 10:08:54,2193.85,3923686
2021-06-24 10:08:55,2193.1,3924364
2021-06-24 10:08:57,2192.6,3927217
2021-06-24 10:08:57,2192.75,3928924
2021-06-24 10:08:58,2193.45,3929211
2021-06-24 10:09:00,2193.3,3931727
2021-06-24 10:09:01,2192.5,3932143
2021-06-24 10:09:02,2193.05,3932514
2021-06-24 10:09:04,2192.0,3934604
2021-06-24 10:09:05,2192.6,3934766
2021-06-24 10:09:06,2193.0,3940888
2021-06-24 10:09:06,2193.0,3940888
2021-06-24 10:09:07,2192.85,3941727
2021-06-24 10:09:08,2192.85,3942375
2021-06-24 10:09:09,2192.5,3942612
2021-06-24 10:09:10,2192.3,3942788
2021-06-24 10:09:11,2192.6,3943037
2021-06-24 10:09:12,2192.9,3944022
2021-06-24 10:09:13,2193.0,3944214
2021-06-24 10:09:14,2192.1,3944773
2021-06-24 10:09:15,2192.85,3945319
2021-06-24 10:09:16,2193.0,3945658
2021-06-24 10:09:17,2192.9,3946658
2021-06-24 10:09:19,2193.5,3949212
2021-06-24 10:09:20,2192.5,3952596
2021-06-24 10:09:21,2192.5,3953992
2021-06-24 10:09:21,2192.85,3953948
2021-06-24 10:09:22,2192.75,3954794
2021-06-24 10:09:23,2192.65,3955184
2021-06-24 10:09:24,2192.7,3955480
2021-06-24 10:09:25,2192.75,3955817
2021-06-24 10:09:28,2192.85,3957183
2021-06-24 10:09:26,2192.85,3956900
2021-06-24 10:09:30,2192.4,3959139
2021-06-24 10:09:31,2193.0,3959424
2021-06-24 10:09:31,2193.0,3959334
2021-06-24 10:09:32,2193.0,3959709
2021-06-24 10:09:33,2193.0,3959937
2021-06-24 10:09:34,2192.9,3960439
2021-06-24 10:09:38,2192.4,3961414
2021-06-24 10:09:39,2192.9,3962228
2021-06-24 10:09:40,2193.0,3962456
2021-06-24 10:09:41,2192.9,3963238
2021-06-24 10:09:42,2192.4,3964086
2021-06-24 10:09:42,2192.7,3964087
2021-06-24 10:09:43,2193.0,3964422
2021-06-24 10:09:45,2193.45,3967194
2021-06-24 10:09:47,2192.9,3967451
2021-06-24 10:09:48,2193.0,3968065
2021-06-24 10:09:51,2192.9,3968967
2021-06-24 10:09:52,2192.9,3969140
2021-06-24 10:09:53,2192.9,3969470
2021-06-24 10:09:54,2193.0,3970100
2021-06-24 10:09:56,2192.7,3970433
2021-06-24 10:09:57,2192.3,3970811
2021-06-24 10:09:58,2192.9,3971006
2021-06-24 10:09:59,2192.5,3971704
2021-06-24 10:10:00,2192.4,3971990
2021-06-24 10:10:01,2192.5,3972473
2021-06-24 10:10:02,2192.5,3972978
2021-06-24 10:10:03,2192.45,3974520
2021-06-24 10:10:04,2192.4,3974769
2021-06-24 10:10:05,2192.45,3975255
2021-06-24 10:10:05,2192.45,3975269
2021-06-24 10:10:07,2192.0,3977680
2021-06-24 10:10:08,2192.05,3978583
2021-06-24 10:10:09,2192.15,3979060
2021-06-24 10:10:10,2192.35,3980495
2021-06-24 10:10:11,2192.05,3981083
2021-06-24 10:10:12,2191.05,3985329
2021-06-24 10:10:13,2192.0,3985693
2021-06-24 10:10:14,2192.0,3986220
2021-06-24 10:10:15,2191.1,3986512
2021-06-24 10:10:16,2192.2,3987038
2021-06-24 10:10:16,2192.2,3987041
2021-06-24 10:10:17,2192.0,3987371
2021-06-24 10:10:18,2191.35,3988791
2021-06-24 10:10:19,2191.95,3989286
2021-06-24 10:10:21,2191.6,3989857
2021-06-24 10:10:22,2191.9,3989965
2021-06-24 10:10:23,2191.9,3990095
2021-06-24 10:10:24,2191.9,3991559
2021-06-24 10:10:25,2191.6,3991912
2021-06-24 10:10:27,2191.95,3992988
2021-06-24 10:10:27,2191.1,3993981
2021-06-24 10:10:28,2191.8,3994341
2021-06-24 10:10:29,2191.6,3996571
2021-06-24 10:10:30,2191.8,3996949
2021-06-24 10:10:33,2191.9,3997157
2021-06-24 10:10:34,2191.6,3997685
2021-06-24 10:10:35,2191.9,3999906
2021-06-24 10:10:36,2192.3,4000523
2021-06-24 10:10:37,2192.5,4000779
2021-06-24 10:10:38,2192.4,4000924
2021-06-24 10:10:40,2192.5,4001597
2021-06-24 10:10:41,2192.45,4002389
2021-06-24 10:10:42,2192.5,4003467
2021-06-24 10:10:43,2192.5,4003600
2021-06-24 10:10:44,2192.5,4004354
2021-06-24 10:10:45,2192.3,4004806
2021-06-24 10:10:46,2192.5,4004971
2021-06-24 10:10:47,2192.5,4005423
2021-06-24 10:10:47,2192.5,4005551
2021-06-24 10:10:48,2192.5,4005981
2021-06-24 10:10:49,2192.4,4006262
2021-06-24 10:10:50,2192.5,4007246
2021-06-24 10:10:51,2192.5,4007396
2021-06-24 10:10:52,2192.45,4009852
2021-06-24 10:10:53,2193.0,4009997
2021-06-24 10:10:57,2193.0,4013024
2021-06-24 10:10:58,2193.0,4013084
2021-06-24 10:10:59,2192.35,4014490
2021-06-24 10:11:00,2192.45,4015477
2021-06-24 10:11:01,2192.5,4016193
2021-06-24 10:11:03,2192.65,4016843
2021-06-24 10:11:03,2192.65,4016843
2021-06-24 10:11:04,2192.65,4017148
2021-06-24 10:11:07,2193.0,4017711
2021-06-24 10:11:08,2193.0,4018217
2021-06-24 10:11:09,2192.6,4018963
2021-06-24 10:11:09,2192.6,4018987
2021-06-24 10:11:10,2192.6,4019218
2021-06-24 10:11:12,2193.6,4020287
2021-06-24 10:11:13,2193.45,4020656
2021-06-24 10:11:14,2193.45,4021215
2021-06-24 10:11:15,2193.0,4021710
2021-06-24 10:11:16,2193.65,4021795
2021-06-24 10:11:17,2193.0,4022251
2021-06-24 10:11:18,2193.6,4022961
2021-06-24 10:11:19,2193.45,4023424
2021-06-24 10:11:19,2193.75,4023724
2021-06-24 10:11:20,2193.75,4024189
2021-06-24 10:11:21,2193.0,4027525
2021-06-24 10:11:22,2193.4,4028748
2021-06-24 10:11:23,2193.65,4029874
2021-06-24 10:11:24,2193.45,4030531
2021-06-24 10:11:25,2193.05,4030878
2021-06-24 10:11:27,2193.0,4031237
2021-06-24 10:11:28,2193.65,4031384
2021-06-24 10:11:29,2193.65,4031971
2021-06-24 10:11:30,2193.05,4032262
2021-06-24 10:11:31,2193.0,4033278
2021-06-24 10:11:32,2193.6,4033388
2021-06-24 10:11:33,2193.15,4033667
2021-06-24 10:11:33,2193.15,4033736
2021-06-24 10:11:34,2193.35,4034095
2021-06-24 10:11:35,2193.05,4034987
2021-06-24 10:11:36,2193.8,4036012
2021-06-24 10:11:38,2193.25,4036064
2021-06-24 10:11:39,2193.25,4036327
2021-06-24 10:11:40,2193.25,4036574
2021-06-24 10:11:41,2193.25,4036823
2021-06-24 10:11:43,2193.25,4037787
2021-06-24 10:11:42,2193.25,4037776
2021-06-24 10:11:44,2193.25,4038128
2021-06-24 10:11:45,2193.25,4038417
2021-06-24 10:11:47,2193.25,4040865
2021-06-24 10:11:46,2193.25,4040413
2021-06-24 10:11:48,2193.25,4041309
2021-06-24 10:11:50,2193.0,4041829
2021-06-24 10:11:51,2193.7,4042204
2021-06-24 10:11:52,2194.0,4043175
2021-06-24 10:11:53,2194.35,4043261
2021-06-24 10:11:53,2194.2,4043291
2021-06-24 10:11:54,2194.2,4043352
2021-06-24 10:11:55,2194.2,4043461
2021-06-24 10:11:57,2194.2,4043839
2021-06-24 10:11:58,2194.0,4043882
2021-06-24 10:11:59,2194.3,4044658
2021-06-24 10:12:00,2192.95,4047917
2021-06-24 10:12:02,2192.85,4048878
2021-06-24 10:12:03,2191.95,4054658
2021-06-24 10:12:04,2192.05,4054982
2021-06-24 10:12:05,2191.15,4056551
2021-06-24 10:12:06,2191.2,4057783
2021-06-24 10:12:07,2191.1,4071057
2021-06-24 10:12:08,2191.0,4072096
2021-06-24 10:12:08,2191.0,4072096
2021-06-24 10:12:10,2190.5,4072888
2021-06-24 10:12:11,2191.15,4073158
2021-06-24 10:12:12,2190.5,4074542
2021-06-24 10:12:13,2191.0,4078980
2021-06-24 10:12:16,2191.05,4082309
2021-06-24 10:12:17,2190.2,4082674
2021-06-24 10:12:18,2190.7,4083147
2021-06-24 10:12:19,2190.75,4084045
2021-06-24 10:12:20,2191.9,4084330
2021-06-24 10:12:21,2191.3,4085891
2021-06-24 10:12:22,2192.1,4086011
2021-06-24 10:12:22,2192.05,4086414
2021-06-24 10:12:23,2191.95,4086537
2021-06-24 10:12:25,2190.8,4087571
2021-06-24 10:12:26,2191.9,4087722
2021-06-24 10:12:27,2191.0,4087906
2021-06-24 10:12:28,2191.0,4088135
2021-06-24 10:12:30,2191.8,4088531
2021-06-24 10:12:31,2191.1,4088902
2021-06-24 10:12:32,2191.9,4089225
2021-06-24 10:12:33,2192.0,4089800
2021-06-24 10:12:34,2192.0,4089945
2021-06-24 10:12:35,2192.2,4090253
2021-06-24 10:12:36,2192.0,4090286
2021-06-24 10:12:37,2191.45,4090909
2021-06-24 10:12:38,2192.2,4091318
2021-06-24 10:12:39,2192.2,4091587
2021-06-24 10:12:39,2192.05,4091592
2021-06-24 10:12:41,2192.2,4091883
2021-06-24 10:12:43,2192.0,4092759
2021-06-24 10:12:44,2192.0,4092919
2021-06-24 10:12:46,2192.0,4093411
2021-06-24 10:12:47,2191.2,4093771
2021-06-24 10:12:48,2192.0,4094635
2021-06-24 10:12:49,2192.2,4094966
2021-06-24 10:12:50,2192.35,4095262
2021-06-24 10:12:50,2192.05,4095259
2021-06-24 10:12:52,2192.4,4095529
2021-06-24 10:12:53,2192.4,4095653
2021-06-24 10:12:54,2192.4,4095720
2021-06-24 10:12:55,2192.4,4096060
2021-06-24 10:12:55,2192.4,4096060
2021-06-24 10:12:57,2192.45,4096932
2021-06-24 10:12:58,2191.35,4098098
2021-06-24 10:12:59,2192.05,4098991
2021-06-24 10:13:00,2191.35,4099652
2021-06-24 10:13:01,2192.2,4099797
2021-06-24 10:13:02,2192.15,4099879
2021-06-24 10:13:03,2192.0,4100078
2021-06-24 10:13:03,2191.65,4100093
2021-06-24 10:13:05,2192.1,4100304
2021-06-24 10:13:06,2192.2,4100606
2021-06-24 10:13:07,2192.2,4100955
2021-06-24 10:13:08,2192.2,4101059
2021-06-24 10:13:08,2192.2,4101084
2021-06-24 10:13:10,2192.2,4101490
2021-06-24 10:13:11,2192.0,4101986
2021-06-24 10:13:12,2192.4,4102208
2021-06-24 10:13:13,2192.2,4102368
2021-06-24 10:13:14,2192.0,4102771
2021-06-24 10:13:14,2192.4,4102776
2021-06-24 10:13:16,2192.2,4102991
2021-06-24 10:13:17,2191.6,4103063
2021-06-24 10:13:18,2192.3,4103348
2021-06-24 10:13:19,2192.0,4103578
2021-06-24 10:13:19,2192.0,4103578
2021-06-24 10:13:21,2192.2,4103843
2021-06-24 10:13:22,2192.0,4104091
2021-06-24 10:13:23,2192.0,4104851
2021-06-24 10:13:25,2192.2,4106216
2021-06-24 10:13:26,2192.0,4106505
2021-06-24 10:13:27,2192.15,4106902
2021-06-24 10:13:28,2192.0,4107261
2021-06-24 10:13:29,2192.2,4107894
2021-06-24 10:13:29,2191.75,4107869
2021-06-24 10:13:31,2191.75,4108213
2021-06-24 10:13:33,2192.0,4109202
2021-06-24 10:13:34,2192.0,4109337
2021-06-24 10:13:34,2192.0,4109343
2021-06-24 10:13:36,2191.65,4110108
2021-06-24 10:13:37,2192.4,4110567
2021-06-24 10:13:39,2192.2,4111401
2021-06-24 10:13:40,2192.2,4111789
2021-06-24 10:13:41,2192.2,4112125
2021-06-24 10:13:41,2192.2,4112125
2021-06-24 10:13:43,2191.85,4112394
2021-06-24 10:13:45,2192.0,4112965
2021-06-24 10:13:46,2192.0,4113180
2021-06-24 10:13:48,2192.0,4113827
2021-06-24 10:13:47,2192.0,4113827
2021-06-24 10:13:49,2191.85,4113987
2021-06-24 10:13:50,2191.95,4114387
2021-06-24 10:13:51,2191.7,4115363
2021-06-24 10:13:52,2192.0,4115736
2021-06-24 10:13:53,2191.7,4116686
2021-06-24 10:13:54,2191.7,4116786
2021-06-24 10:13:55,2192.0,4117049
2021-06-24 10:13:56,2192.0,4117596
2021-06-24 10:13:57,2192.0,4117668
2021-06-24 10:13:58,2191.75,4117828
2021-06-24 10:13:59,2191.6,4118267
2021-06-24 10:14:00,2192.0,4118360
2021-06-24 10:14:01,2192.0,4119145
2021-06-24 10:14:03,2192.0,4120071
2021-06-24 10:14:04,2192.0,4120643
2021-06-24 10:14:05,2192.0,4120773
2021-06-24 10:14:06,2192.0,4121435
2021-06-24 10:14:07,2192.0,4123090
2021-06-24 10:14:08,2191.25,4123606
2021-06-24 10:14:09,2192.0,4123690
2021-06-24 10:14:10,2192.0,4123847
2021-06-24 10:14:11,2191.5,4124297
2021-06-24 10:14:12,2192.0,4125497
2021-06-24 10:14:13,2191.95,4128277
2021-06-24 10:14:14,2191.5,4128435
2021-06-24 10:14:15,2191.65,4128456
2021-06-24 10:14:16,2191.85,4129053
2021-06-24 10:14:17,2191.6,4129267
2021-06-24 10:14:18,2191.9,4129391
2021-06-24 10:14:19,2192.0,4129805
2021-06-24 10:14:20,2192.0,4129805
2021-06-24 10:14:21,2192.0,4129855
2021-06-24 10:14:22,2192.0,4130186
2021-06-24 10:14:23,2192.0,4130190
2021-06-24 10:14:24,2191.95,4130471
2021-06-24 10:14:25,2192.0,4130734
2021-06-24 10:14:26,2191.95,4130882
2021-06-24 10:14:27,2191.95,4131008
2021-06-24 10:14:28,2191.95,4131063
2021-06-24 10:14:29,2191.95,4131270
2021-06-24 10:14:30,2192.0,4131623
2021-06-24 10:14:31,2192.0,4132072
2021-06-24 10:14:32,2192.0,4132166
2021-06-24 10:14:33,2191.5,4133080
2021-06-24 10:14:34,2191.9,4133420
2021-06-24 10:14:35,2191.9,4133420
2021-06-24 10:14:36,2191.9,4133838
2021-06-24 10:14:37,2192.0,4134200
2021-06-24 10:14:38,2191.9,4134215
2021-06-24 10:14:39,2191.9,4134321
2021-06-24 10:14:40,2191.9,4134492
2021-06-24 10:14:41,2191.65,4134687
2021-06-24 10:14:42,2191.95,4135393
2021-06-24 10:14:43,2191.9,4136014
2021-06-24 10:14:44,2191.85,4136033
2021-06-24 10:14:45,2191.9,4136278
2021-06-24 10:14:46,2191.9,4136573
2021-06-24 10:14:47,2191.95,4136774
2021-06-24 10:14:48,2191.95,4136805
2021-06-24 10:14:49,2191.95,4137006
2021-06-24 10:14:51,2191.85,4137548
2021-06-24 10:14:52,2192.0,4138255
2021-06-24 10:14:53,2191.9,4139091
2021-06-24 10:14:54,2192.0,4140962
2021-06-24 10:14:55,2192.0,4141269
2021-06-24 10:14:56,2192.0,4141480
2021-06-24 10:14:58,2192.0,4141490
2021-06-24 10:14:59,2192.0,4141876
2021-06-24 10:15:00,2191.9,4142313
2021-06-24 10:15:01,2191.7,4142729
2021-06-24 10:15:02,2191.9,4143248
2021-06-24 10:15:03,2191.9,4143688
2021-06-24 10:15:04,2191.9,4143896
2021-06-24 10:15:05,2192.0,4145013
2021-06-24 10:15:06,2192.0,4145118
2021-06-24 10:15:07,2192.0,4145452
2021-06-24 10:15:08,2191.95,4145512
2021-06-24 10:15:09,2192.0,4146301
2021-06-24 10:15:10,2192.0,4146503
2021-06-24 10:15:11,2191.95,4146902
2021-06-24 10:15:12,2192.0,4146995
2021-06-24 10:15:13,2192.0,4147269
2021-06-24 10:15:15,2191.95,4147555
2021-06-24 10:15:16,2192.0,4147868
2021-06-24 10:15:17,2192.0,4148034
2021-06-24 10:15:18,2192.0,4148252
2021-06-24 10:15:19,2192.0,4148480
2021-06-24 10:15:21,2191.9,4148979
2021-06-24 10:15:20,2191.9,4148979
2021-06-24 10:15:22,2192.0,4149030
2021-06-24 10:15:23,2192.0,4149245
2021-06-24 10:15:24,2192.0,4153407
2021-06-24 10:15:25,2191.95,4154042
2021-06-24 10:15:26,2192.0,4154711
2021-06-24 10:15:27,2192.0,4154712
2021-06-24 10:15:28,2192.0,4155539
2021-06-24 10:15:29,2191.9,4155918
2021-06-24 10:15:30,2191.95,4155938
2021-06-24 10:15:32,2191.9,4156097
2021-06-24 10:15:33,2191.95,4156100
2021-06-24 10:15:34,2191.95,4156168
2021-06-24 10:15:35,2191.8,4156627
2021-06-24 10:15:36,2192.0,4156775
2021-06-24 10:15:37,2191.7,4157425
2021-06-24 10:15:38,2191.95,4157436
2021-06-24 10:15:39,2191.95,4158084
2021-06-24 10:15:40,2191.9,4158322
2021-06-24 10:15:41,2191.95,4159835
2021-06-24 10:15:42,2191.95,4160500
2021-06-24 10:15:43,2191.85,4161408
2021-06-24 10:15:44,2191.85,4161423
2021-06-24 10:15:45,2191.85,4161433
2021-06-24 10:15:46,2191.85,4161457
2021-06-24 10:15:47,2191.9,4161607
2021-06-24 10:15:48,2191.8,4161758
2021-06-24 10:15:49,2191.9,4161859
2021-06-24 10:15:50,2191.9,4162453
2021-06-24 10:15:51,2191.5,4162473
2021-06-24 10:15:52,2191.9,4162898
2021-06-24 10:15:54,2191.5,4165904
2021-06-24 10:15:55,2191.8,4165972
2021-06-24 10:15:56,2191.6,4166322
2021-06-24 10:15:57,2191.5,4171707
2021-06-24 10:15:59,2191.6,4172229
2021-06-24 10:16:00,2191.6,4172441
2021-06-24 10:16:01,2191.4,4172512
2021-06-24 10:16:02,2190.55,4173548
2021-06-24 10:16:04,2191.05,4173850
2021-06-24 10:16:04,2191.3,4173955
2021-06-24 10:16:05,2191.25,4174166
2021-06-24 10:16:06,2190.4,4175887
2021-06-24 10:16:07,2190.45,4176346
2021-06-24 10:16:08,2190.8,4177069
2021-06-24 10:16:09,2190.6,4177282
2021-06-24 10:16:11,2190.6,4177555
2021-06-24 10:16:11,2190.75,4177710
2021-06-24 10:16:12,2190.0,4198746
2021-06-24 10:16:13,2190.0,4329096
2021-06-24 10:16:14,2190.95,4329798
2021-06-24 10:16:16,2190.9,4330543
2021-06-24 10:16:16,2190.6,4330553
2021-06-24 10:16:17,2190.85,4331194
2021-06-24 10:16:18,2190.85,4331586
2021-06-24 10:16:19,2190.8,4331836
2021-06-24 10:16:20,2190.0,4332531
2021-06-24 10:16:21,2190.0,4333054
2021-06-24 10:16:23,2190.35,4333284
2021-06-24 10:16:23,2190.65,4333279
2021-06-24 10:16:24,2190.35,4374860
2021-06-24 10:16:25,2190.35,4375408
2021-06-24 10:16:28,2190.4,4375790
2021-06-24 10:16:28,2190.4,4375790
2021-06-24 10:16:29,2190.0,4376624
2021-06-24 10:16:31,2190.6,4378074
2021-06-24 10:16:33,2190.35,4378946
2021-06-24 10:16:34,2189.5,4388449
2021-06-24 10:16:35,2189.65,4388702
2021-06-24 10:16:36,2188.9,4389062
2021-06-24 10:16:37,2189.5,4389853
2021-06-24 10:16:38,2189.3,4391739
2021-06-24 10:16:39,2187.95,4399336
2021-06-24 10:16:41,2187.75,4399761
2021-06-24 10:16:41,2187.75,4399782
2021-06-24 10:16:42,2188.4,4401464
2021-06-24 10:16:43,2188.5,4402166
2021-06-24 10:16:44,2188.6,4402311
2021-06-24 10:16:45,2188.0,4402657
2021-06-24 10:16:47,2187.8,4403115
2021-06-24 10:16:47,2188.55,4403237
2021-06-24 10:16:48,2188.55,4404062
2021-06-24 10:16:49,2187.75,4409742
2021-06-24 10:16:50,2187.75,4410078
2021-06-24 10:16:51,2188.35,4410578
2021-06-24 10:16:53,2188.0,4410915
2021-06-24 10:16:54,2188.5,4412678
2021-06-24 10:16:55,2188.3,4412869
2021-06-24 10:16:56,2188.0,4413260
2021-06-24 10:16:57,2188.3,4413327
2021-06-24 10:16:58,2188.0,4413537
2021-06-24 10:16:59,2188.0,4413726
2021-06-24 10:17:01,2188.05,4416088
2021-06-24 10:17:01,2188.5,4415818
2021-06-24 10:17:02,2188.0,4417240
2021-06-24 10:17:03,2188.0,4418231
2021-06-24 10:17:04,2188.3,4419343
2021-06-24 10:17:05,2188.5,4419763
2021-06-24 10:17:07,2189.0,4420465
2021-06-24 10:17:07,2189.0,4420443
2021-06-24 10:17:08,2188.6,4420550
2021-06-24 10:17:09,2188.6,4421178
2021-06-24 10:17:10,2189.6,4422450
2021-06-24 10:17:13,2188.6,4423795
2021-06-24 10:17:13,2189.8,4423582
2021-06-24 10:17:14,2189.8,4424150
2021-06-24 10:17:15,2189.5,4424431
2021-06-24 10:17:16,2189.55,4424649
2021-06-24 10:17:17,2189.3,4424829
2021-06-24 10:17:19,2189.0,4425153
2021-06-24 10:17:19,2188.8,4425167
2021-06-24 10:17:20,2189.35,4425422
2021-06-24 10:17:21,2189.65,4425949
2021-06-24 10:17:22,2188.8,4426306
2021-06-24 10:17:23,2189.65,4426391
2021-06-24 10:17:24,2189.6,4428483
2021-06-24 10:17:25,2189.7,4428699
2021-06-24 10:17:28,2189.65,4430442
2021-06-24 10:17:28,2189.65,4430472
2021-06-24 10:17:29,2189.7,4431928
2021-06-24 10:17:30,2189.8,4432486
2021-06-24 10:17:31,2189.8,4432572
2021-06-24 10:17:32,2189.8,4432895
2021-06-24 10:17:33,2189.6,4433104
2021-06-24 10:17:34,2189.9,4433796
2021-06-24 10:17:36,2189.8,4434123
2021-06-24 10:17:36,2189.8,4434105
2021-06-24 10:17:38,2190.0,4434667
2021-06-24 10:17:39,2189.95,4434855
2021-06-24 10:17:40,2189.7,4436630
2021-06-24 10:17:41,2189.8,4436924
2021-06-24 10:17:43,2189.65,4437194
2021-06-24 10:17:43,2190.0,4437519
2021-06-24 10:17:44,2190.0,4437986
2021-06-24 10:17:45,2189.9,4438647
2021-06-24 10:17:46,2190.0,4438754
2021-06-24 10:17:47,2189.9,4439601
2021-06-24 10:17:48,2189.9,4441035
2021-06-24 10:17:49,2190.0,4441505
2021-06-24 10:17:51,2190.0,4441840
2021-06-24 10:17:51,2190.0,4441836
2021-06-24 10:17:52,2190.55,4443925
2021-06-24 10:17:53,2190.65,4444113
2021-06-24 10:17:54,2190.4,4444509
2021-06-24 10:17:56,2191.0,4445002
2021-06-24 10:17:56,2190.7,4445260
2021-06-24 10:17:57,2191.15,4445505
2021-06-24 10:17:58,2191.15,4446232
2021-06-24 10:17:59,2191.0,4447060
2021-06-24 10:18:01,2190.95,4447205
2021-06-24 10:18:02,2191.0,4447410
2021-06-24 10:18:02,2191.0,4447511
2021-06-24 10:18:03,2191.0,4447778
2021-06-24 10:18:04,2190.7,4447834
2021-06-24 10:18:05,2190.7,4447987
2021-06-24 10:18:07,2190.55,4448626
2021-06-24 10:18:08,2191.0,4449618
2021-06-24 10:18:08,2191.0,4449756
2021-06-24 10:18:09,2191.0,4449984
2021-06-24 10:18:10,2190.95,4450367
2021-06-24 10:18:11,2190.95,4450653
2021-06-24 10:18:13,2190.7,4450873
2021-06-24 10:18:14,2190.95,4451955
2021-06-24 10:18:14,2190.95,4451966
2021-06-24 10:18:15,2190.95,4452135
2021-06-24 10:18:16,2190.95,4452479
2021-06-24 10:18:17,2190.7,4452854
2021-06-24 10:18:19,2190.6,4453243
2021-06-24 10:18:20,2190.3,4453983
2021-06-24 10:18:20,2190.3,4453985
2021-06-24 10:18:21,2190.8,4454310
2021-06-24 10:18:22,2190.8,4454415
2021-06-24 10:18:23,2190.9,4454548
2021-06-24 10:18:24,2190.75,4454816
2021-06-24 10:18:25,2190.75,4455301
2021-06-24 10:18:27,2190.3,4455383
2021-06-24 10:18:28,2190.15,4455659
2021-06-24 10:18:28,2190.65,4455662
2021-06-24 10:18:29,2190.85,4456118
2021-06-24 10:18:30,2190.15,4456357
2021-06-24 10:18:31,2190.15,4456513
2021-06-24 10:18:32,2190.7,4456816
2021-06-24 10:18:33,2190.85,4457465
2021-06-24 10:18:35,2190.1,4457656
2021-06-24 10:18:36,2190.8,4457796
2021-06-24 10:18:37,2190.9,4458175
2021-06-24 10:18:37,2190.85,4458185
2021-06-24 10:18:38,2190.9,4458432
2021-06-24 10:18:39,2190.85,4458672
2021-06-24 10:18:41,2190.85,4458747
2021-06-24 10:18:42,2190.5,4459240
2021-06-24 10:18:42,2190.5,4459242
2021-06-24 10:18:43,2190.85,4459447
2021-06-24 10:18:44,2190.85,4460002
2021-06-24 10:18:45,2190.55,4460168
2021-06-24 10:18:47,2190.95,4460846
2021-06-24 10:18:48,2190.6,4461064
2021-06-24 10:18:48,2190.6,4461064
2021-06-24 10:18:49,2190.95,4461462
2021-06-24 10:18:50,2191.0,4461667
2021-06-24 10:18:51,2191.0,4461676
2021-06-24 10:18:52,2190.9,4462219
2021-06-24 10:18:53,2190.95,4463091
2021-06-24 10:18:54,2191.0,4463183
2021-06-24 10:18:56,2190.9,4463554
2021-06-24 10:18:57,2191.0,4463937
2021-06-24 10:18:58,2191.0,4464004
2021-06-24 10:18:58,2191.0,4464110
2021-06-24 10:18:59,2191.0,4464516
2021-06-24 10:19:00,2191.0,4465054
2021-06-24 10:19:01,2191.0,4466137
2021-06-24 10:19:02,2190.9,4466591
2021-06-24 10:19:04,2191.4,4467492
2021-06-24 10:19:06,2191.45,4468122
2021-06-24 10:19:07,2190.9,4468382
2021-06-24 10:19:07,2190.85,4468582
2021-06-24 10:19:08,2190.95,4469056
2021-06-24 10:19:09,2191.55,4470304
2021-06-24 10:19:10,2191.6,4470349
2021-06-24 10:19:11,2191.55,4470489
2021-06-24 10:19:12,2191.0,4472391
2021-06-24 10:19:13,2191.7,4472530
2021-06-24 10:19:14,2191.6,4472912
2021-06-24 10:19:15,2191.6,4473532
2021-06-24 10:19:17,2191.85,4474902
2021-06-24 10:19:18,2192.0,4475393
2021-06-24 10:19:18,2191.7,4475493
2021-06-24 10:19:19,2191.95,4476082
2021-06-24 10:19:20,2191.7,4476915
2021-06-24 10:19:21,2192.0,4477328
2021-06-24 10:19:25,2191.1,4480599
2021-06-24 10:19:26,2191.7,4481116
2021-06-24 10:19:26,2191.9,4481123
2021-06-24 10:19:27,2191.8,4482235
2021-06-24 10:19:28,2191.75,4482629
2021-06-24 10:19:29,2191.0,4482978
2021-06-24 10:19:30,2191.35,4483163
2021-06-24 10:19:32,2191.9,4483424
2021-06-24 10:19:33,2191.65,4483929
2021-06-24 10:19:33,2191.0,4484192
2021-06-24 10:19:34,2191.0,4485428
2021-06-24 10:19:35,2191.0,4487248
2021-06-24 10:19:36,2191.65,4487318
2021-06-24 10:19:37,2191.85,4487846
2021-06-24 10:19:39,2191.85,4488143
2021-06-24 10:19:40,2191.15,4489046
2021-06-24 10:19:40,2191.75,4489163
2021-06-24 10:19:41,2191.05,4493169
2021-06-24 10:19:42,2191.7,4493759
2021-06-24 10:19:44,2191.05,4493935
2021-06-24 10:19:45,2191.5,4494032
2021-06-24 10:19:46,2191.0,4499523
2021-06-24 10:19:46,2191.0,4499523
2021-06-24 10:19:47,2191.4,4499611
2021-06-24 10:19:49,2191.0,4502076
2021-06-24 10:19:50,2191.0,4502119
2021-06-24 10:19:52,2191.05,4502229
2021-06-24 10:19:53,2191.0,4502362
2021-06-24 10:19:53,2191.0,4502362
2021-06-24 10:19:54,2191.05,4502610
2021-06-24 10:19:55,2191.6,4502800
2021-06-24 10:19:57,2191.65,4503381
2021-06-24 10:19:59,2191.65,4504053
2021-06-24 10:19:59,2191.05,4504067
2021-06-24 10:20:00,2191.0,4504980
2021-06-24 10:20:01,2191.45,4505169
2021-06-24 10:20:02,2190.7,4505491
2021-06-24 10:20:03,2190.7,4505692
2021-06-24 10:20:05,2191.2,4505850
2021-06-24 10:20:06,2191.45,4506942
2021-06-24 10:20:08,2191.25,4507619
2021-06-24 10:20:09,2191.4,4508212
2021-06-24 10:20:10,2191.35,4508311
2021-06-24 10:20:10,2191.35,4508311
2021-06-24 10:20:11,2191.2,4508472
2021-06-24 10:20:12,2190.55,4508756
2021-06-24 10:20:14,2191.35,4509292
2021-06-24 10:20:16,2191.2,4511158
2021-06-24 10:20:17,2191.6,4511278
2021-06-24 10:20:18,2191.8,4511504
2021-06-24 10:20:19,2191.05,4511976
2021-06-24 10:20:20,2191.0,4512766
2021-06-24 10:20:22,2191.8,4513337
2021-06-24 10:20:23,2191.5,4513404
2021-06-24 10:20:24,2191.45,4513489
2021-06-24 10:20:25,2191.0,4513779
2021-06-24 10:20:26,2191.0,4513865
2021-06-24 10:20:27,2191.0,4513960
2021-06-24 10:20:29,2191.0,4514166
2021-06-24 10:20:30,2191.0,4514486
2021-06-24 10:20:31,2190.9,4514962
2021-06-24 10:20:32,2191.0,4515129
2021-06-24 10:20:32,2191.0,4515144
2021-06-24 10:20:33,2191.0,4515436
2021-06-24 10:20:34,2191.0,4515782
2021-06-24 10:20:36,2190.9,4515879
2021-06-24 10:20:37,2190.7,4516019
2021-06-24 10:20:38,2191.0,4516139
2021-06-24 10:20:39,2190.9,4516380
2021-06-24 10:20:39,2190.9,4516379
2021-06-24 10:20:40,2190.5,4517021
2021-06-24 10:20:41,2190.8,4517170
2021-06-24 10:20:42,2190.8,4517378
2021-06-24 10:20:45,2190.95,4517999
2021-06-24 10:20:46,2190.95,4518504
2021-06-24 10:20:47,2190.4,4518672
2021-06-24 10:20:48,2191.0,4518800
2021-06-24 10:20:48,2191.0,4518801
2021-06-24 10:20:49,2190.95,4518924
2021-06-24 10:20:50,2190.95,4518968
2021-06-24 10:20:52,2190.5,4519024
2021-06-24 10:20:53,2190.95,4519297
2021-06-24 10:20:54,2190.55,4519400
2021-06-24 10:20:55,2190.85,4519544
2021-06-24 10:20:56,2190.95,4520175
2021-06-24 10:20:57,2190.35,4520402
2021-06-24 10:20:58,2190.85,4520526
2021-06-24 10:20:59,2190.5,4520884
2021-06-24 10:20:59,2190.85,4520751
2021-06-24 10:21:00,2190.85,4521064
2021-06-24 10:21:03,2190.85,4521594
2021-06-24 10:21:04,2190.95,4521848
2021-06-24 10:21:05,2190.5,4522362
2021-06-24 10:21:06,2190.95,4522423
2021-06-24 10:21:06,2190.95,4522625
2021-06-24 10:21:07,2190.95,4523263
2021-06-24 10:21:08,2190.95,4523571
2021-06-24 10:21:09,2190.95,4524046
2021-06-24 10:21:11,2190.5,4525436
2021-06-24 10:21:13,2190.95,4526782
2021-06-24 10:21:14,2190.95,4527333
2021-06-24 10:21:15,2190.9,4527448
2021-06-24 10:21:17,2190.75,4530314
2021-06-24 10:21:18,2191.0,4530476
2021-06-24 10:21:19,2191.0,4542869
2021-06-24 10:21:20,2191.0,4543837
2021-06-24 10:21:20,2191.0,4544337
2021-06-24 10:21:21,2191.0,4544864
2021-06-24 10:21:22,2191.0,4545633
2021-06-24 10:21:23,2190.95,4545954
2021-06-24 10:21:25,2190.95,4547713
2021-06-24 10:21:26,2191.0,4547803
2021-06-24 10:21:27,2191.0,4548780
2021-06-24 10:21:27,2191.0,4548558
2021-06-24 10:21:29,2190.95,4549486
2021-06-24 10:21:30,2191.0,4552693
2021-06-24 10:21:31,2190.95,4553177
2021-06-24 10:21:32,2190.95,4554744
2021-06-24 10:21:33,2190.8,4556114
2021-06-24 10:21:34,2190.95,4556135
2021-06-24 10:21:35,2190.95,4556200
2021-06-24 10:21:36,2190.95,4559693
2021-06-24 10:21:37,2190.95,4559927
2021-06-24 10:21:38,2190.95,4560048
2021-06-24 10:21:39,2190.9,4560124
2021-06-24 10:21:39,2190.95,4560354
2021-06-24 10:21:40,2190.95,4560383
2021-06-24 10:21:42,2190.95,4560755
2021-06-24 10:21:43,2190.95,4561076
2021-06-24 10:21:43,2190.95,4561139
2021-06-24 10:21:44,2190.95,4561884
2021-06-24 10:21:45,2190.95,4561926
2021-06-24 10:21:46,2190.95,4562060
2021-06-24 10:21:47,2190.95,4562143
2021-06-24 10:21:48,2190.95,4562403
2021-06-24 10:21:50,2190.9,4562499
2021-06-24 10:21:51,2190.95,4562589
2021-06-24 10:21:52,2190.95,4562671
2021-06-24 10:21:53,2191.0,4563048
2021-06-24 10:21:54,2191.0,4564674
2021-06-24 10:21:54,2191.0,4564674
2021-06-24 10:21:55,2191.0,4564833
2021-06-24 10:21:56,2191.0,4565033
2021-06-24 10:21:58,2191.0,4565075
2021-06-24 10:21:59,2191.0,4565273
2021-06-24 10:22:00,2191.0,4565485
2021-06-24 10:22:01,2190.95,4565677
2021-06-24 10:22:02,2191.0,4565760
2021-06-24 10:22:03,2191.0,4568785
2021-06-24 10:22:04,2191.0,4568954
2021-06-24 10:22:07,2190.95,4570180
2021-06-24 10:22:08,2190.95,4570278
2021-06-24 10:22:09,2191.0,4570607
2021-06-24 10:22:09,2191.0,4570957
2021-06-24 10:22:10,2191.0,4571047
2021-06-24 10:22:11,2191.0,4571285
2021-06-24 10:22:12,2190.95,4571425
2021-06-24 10:22:13,2191.0,4571555
2021-06-24 10:22:15,2191.0,4571789
2021-06-24 10:22:16,2191.0,4571842
2021-06-24 10:22:17,2191.0,4572019
2021-06-24 10:22:18,2191.0,4572458
2021-06-24 10:22:20,2190.95,4573194
2021-06-24 10:22:19,2191.0,4572895
2021-06-24 10:22:21,2191.0,4573669
2021-06-24 10:22:21,2191.0,4573679
2021-06-24 10:22:22,2191.0,4574321
2021-06-24 10:22:23,2191.0,4574375
2021-06-24 10:22:25,2191.0,4574456
2021-06-24 10:22:26,2191.0,4574570
2021-06-24 10:22:27,2191.0,4575138
2021-06-24 10:22:28,2190.95,4575435
2021-06-24 10:22:29,2191.0,4575480
2021-06-24 10:22:30,2191.0,4575541
2021-06-24 10:22:31,2191.0,4575863
2021-06-24 10:22:32,2190.95,4575898
2021-06-24 10:22:33,2191.0,4575935
2021-06-24 10:22:34,2191.0,4576122
2021-06-24 10:22:35,2191.0,4576347
2021-06-24 10:22:36,2191.0,4576453
2021-06-24 10:22:37,2190.95,4576800
2021-06-24 10:22:38,2190.95,4577258
2021-06-24 10:22:38,2190.95,4576938
2021-06-24 10:22:40,2190.95,4577496
2021-06-24 10:22:41,2190.6,4581959
2021-06-24 10:22:42,2190.5,4583243
2021-06-24 10:22:43,2190.95,4583475
2021-06-24 10:22:44,2190.95,4583570
2021-06-24 10:22:46,2190.95,4584125
2021-06-24 10:22:47,2190.95,4584159
2021-06-24 10:22:48,2190.95,4584219
2021-06-24 10:22:49,2190.9,4584308
2021-06-24 10:22:50,2190.8,4584535
2021-06-24 10:22:51,2190.8,4584563
2021-06-24 10:22:52,2190.8,4584613
2021-06-24 10:22:53,2190.8,4584635
2021-06-24 10:22:54,2190.8,4584804
2021-06-24 10:22:55,2190.9,4585173
2021-06-24 10:22:56,2190.55,4585256
2021-06-24 10:22:57,2190.9,4585352
2021-06-24 10:22:58,2190.9,4585447
2021-06-24 10:22:59,2190.9,4585452
2021-06-24 10:23:00,2190.85,4585689
2021-06-24 10:23:01,2190.85,4585814
2021-06-24 10:23:02,2190.9,4585862
2021-06-24 10:23:03,2190.9,4586636
2021-06-24 10:23:04,2190.9,4586639
2021-06-24 10:23:05,2190.9,4586657
2021-06-24 10:23:06,2190.85,4586842
2021-06-24 10:23:07,2190.9,4587264
2021-06-24 10:23:08,2190.9,4587279
2021-06-24 10:23:09,2190.9,4587612
2021-06-24 10:23:09,2190.9,4587612
2021-06-24 10:23:11,2190.9,4587678
2021-06-24 10:23:12,2190.85,4587873
2021-06-24 10:23:13,2190.9,4588258
2021-06-24 10:23:15,2190.8,4588782
2021-06-24 10:23:16,2190.8,4588846
2021-06-24 10:23:17,2190.6,4589234
2021-06-24 10:23:18,2190.9,4589797
2021-06-24 10:23:19,2190.9,4589923
2021-06-24 10:23:20,2190.9,4590025
2021-06-24 10:23:21,2190.9,4590070
2021-06-24 10:23:21,2190.9,4590069
2021-06-24 10:23:23,2190.65,4590118
2021-06-24 10:23:24,2190.9,4590279
2021-06-24 10:23:25,2190.9,4590551
2021-06-24 10:23:26,2190.9,4590655
2021-06-24 10:23:26,2190.9,4590675
2021-06-24 10:23:28,2190.9,4591002
2021-06-24 10:23:29,2190.9,4591014
2021-06-24 10:23:30,2190.8,4591159
2021-06-24 10:23:31,2190.9,4591417
2021-06-24 10:23:32,2190.9,4591493
2021-06-24 10:23:32,2190.9,4591496
2021-06-24 10:23:34,2190.9,4591969
2021-06-24 10:23:35,2190.9,4592059
2021-06-24 10:23:36,2190.95,4592662
2021-06-24 10:23:37,2190.9,4596194
2021-06-24 10:23:38,2191.0,4596356
2021-06-24 10:23:39,2191.0,4596372
2021-06-24 10:23:40,2191.0,4596501
2021-06-24 10:23:41,2190.95,4596547
2021-06-24 10:23:42,2191.0,4597264
2021-06-24 10:23:42,2191.0,4597263
2021-06-24 10:23:44,2191.0,4597537
2021-06-24 10:23:45,2191.0,4597538
2021-06-24 10:23:46,2191.0,4598068
2021-06-24 10:23:47,2191.0,4598244
2021-06-24 10:23:47,2191.0,4598244
2021-06-24 10:23:49,2191.0,4598320
2021-06-24 10:23:50,2191.0,4598591
2021-06-24 10:23:51,2191.0,4598841
2021-06-24 10:23:52,2191.0,4599220
2021-06-24 10:23:53,2191.0,4599258
2021-06-24 10:23:54,2191.0,4599357
2021-06-24 10:23:55,2191.0,4601156
2021-06-24 10:23:56,2191.0,4601403
2021-06-24 10:23:56,2191.0,4601921
2021-06-24 10:23:58,2191.0,4602512
2021-06-24 10:23:59,2191.0,4602680
2021-06-24 10:24:00,2191.0,4603224
2021-06-24 10:24:01,2191.0,4603554
2021-06-24 10:24:02,2191.0,4604665
2021-06-24 10:24:03,2190.95,4604738
2021-06-24 10:24:03,2191.0,4605488
2021-06-24 10:24:04,2191.0,4606138
2021-06-24 10:24:06,2191.0,4607277
2021-06-24 10:24:07,2191.0,4608031
2021-06-24 10:24:08,2191.0,4608894
2021-06-24 10:24:09,2191.0,4609119
2021-06-24 10:24:10,2191.0,4609381
2021-06-24 10:24:11,2191.0,4610422
2021-06-24 10:24:12,2191.0,4610595
2021-06-24 10:24:13,2191.0,4610771
2021-06-24 10:24:14,2191.0,4611053
2021-06-24 10:24:15,2191.0,4611304
2021-06-24 10:24:15,2191.0,4611304
2021-06-24 10:24:17,2191.0,4611926
2021-06-24 10:24:18,2191.0,4612787
2021-06-24 10:24:19,2191.0,4614380
2021-06-24 10:24:20,2191.0,4615086
2021-06-24 10:24:21,2191.0,4615689
2021-06-24 10:24:22,2190.9,4615980
2021-06-24 10:24:23,2191.0,4617023
2021-06-24 10:24:24,2191.0,4617257
2021-06-24 10:24:25,2191.0,4617296
2021-06-24 10:24:26,2190.9,4617424
2021-06-24 10:24:27,2191.0,4618001
2021-06-24 10:24:28,2191.0,4618022
2021-06-24 10:24:29,2191.0,4618216
2021-06-24 10:24:30,2191.0,4618221
2021-06-24 10:24:31,2191.0,4618540
2021-06-24 10:24:32,2191.0,4619032
2021-06-24 10:24:33,2190.9,4619251
