timestamp,ltp,volume
2021-06-24 09:34:39,999.0,78939
2021-06-24 09:34:50,999.0,78981
2021-06-24 09:34:55,998.9,79021
2021-06-24 09:35:00,999.0,79309
2021-06-24 09:35:05,998.95,79334
2021-06-24 09:35:10,998.9,79838
2021-06-24 09:35:16,998.9,79844
2021-06-24 09:35:21,998.85,80107
2021-06-24 09:35:26,998.85,80187
2021-06-24 09:35:32,998.85,80209
2021-06-24 09:35:37,997.9,82362
2021-06-24 09:35:42,997.6,82406
2021-06-24 09:35:48,997.45,82432
2021-06-24 09:35:53,998.65,83245
2021-06-24 09:35:58,997.6,83255
2021-06-24 09:36:03,998.3,83355
2021-06-24 09:36:08,997.9,83507
2021-06-24 09:36:13,997.9,83507
2021-06-24 09:36:18,998.1,83555
2021-06-24 09:36:23,998.15,83655
2021-06-24 09:36:27,998.15,83703
2021-06-24 09:36:32,998.15,83703
2021-06-24 09:36:37,998.15,83871
2021-06-24 09:36:41,998.25,85275
2021-06-24 09:36:46,998.25,85275
2021-06-24 09:36:51,998.15,86342
2021-06-24 09:36:55,998.15,86343
2021-06-24 09:37:01,997.9,86356
2021-06-24 09:37:11,997.8,86369
2021-06-24 09:37:16,997.65,86388
2021-06-24 09:37:21,997.65,86421
2021-06-24 09:37:27,997.75,86493
2021-06-24 09:37:32,997.85,86844
2021-06-24 09:37:36,997.85,86844
2021-06-24 09:37:41,997.95,86893
2021-06-24 09:37:46,998.0,86943
2021-06-24 09:37:50,998.25,89632
2021-06-24 09:37:55,997.85,89659
2021-06-24 09:37:59,997.75,89723
2021-06-24 09:38:04,997.75,89734
2021-06-24 09:38:09,997.85,89756
2021-06-24 09:38:19,997.8,89881
2021-06-24 09:38:24,998.0,89883
2021-06-24 09:38:29,997.8,89905
2021-06-24 09:38:34,998.0,90232
2021-06-24 09:38:39,998.0,90358
2021-06-24 09:38:43,997.8,90360
2021-06-24 09:38:48,997.8,90360
2021-06-24 09:38:53,998.0,90599
2021-06-24 09:38:58,998.0,90644
2021-06-24 09:39:03,998.05,90645
2021-06-24 09:39:08,998.15,90692
2021-06-24 09:39:12,998.5,90694
2021-06-24 09:39:18,998.3,90894
2021-06-24 09:39:22,998.3,90898
2021-06-24 09:39:27,998.3,90899
2021-06-24 09:39:32,998.1,90920
2021-06-24 09:39:41,998.55,91694
2021-06-24 09:39:46,998.05,91700
2021-06-24 09:39:51,998.55,91938
2021-06-24 09:39:56,998.15,91942
2021-06-24 09:40:00,998.2,92055
2021-06-24 09:40:05,998.35,93391
2021-06-24 09:40:11,998.6,93698
2021-06-24 09:40:16,998.2,93871
2021-06-24 09:40:21,999.0,95184
2021-06-24 09:40:26,999.5,96255
2021-06-24 09:40:31,998.75,96273
2021-06-24 09:40:36,998.75,96274
2021-06-24 09:40:40,998.8,96297
2021-06-24 09:40:45,998.8,96297
2021-06-24 09:40:50,999.0,96302
2021-06-24 09:40:55,998.8,96325
2021-06-24 09:40:59,999.0,96480
2021-06-24 09:41:04,998.85,96582
2021-06-24 09:41:09,999.0,96628
2021-06-24 09:41:14,999.0,96629
2021-06-24 09:41:18,999.0,96800
2021-06-24 09:41:23,999.0,96828
2021-06-24 09:41:28,999.0,96872
2021-06-24 09:41:33,999.35,96883
2021-06-24 09:41:37,999.0,96953
2021-06-24 09:41:41,998.8,96969
2021-06-24 09:41:45,998.55,96989
2021-06-24 09:41:47,998.5,97099
2021-06-24 09:41:48,998.5,97099
2021-06-24 09:41:49,998.5,97101
2021-06-24 09:41:51,998.5,97101
2021-06-24 09:41:52,998.8,97141
2021-06-24 09:41:53,998.5,97142
2021-06-24 09:41:55,998.5,97142
2021-06-24 09:41:56,998.5,97142
2021-06-24 09:41:57,998.5,97162
2021-06-24 09:41:58,998.5,97165
2021-06-24 09:41:59,998.5,97165
2021-06-24 09:42:01,998.5,97165
2021-06-24 09:42:03,998.5,97165
2021-06-24 09:42:04,998.75,97166
2021-06-24 09:42:05,998.75,97166
2021-06-24 09:42:06,998.75,97166
2021-06-24 09:42:07,998.75,97166
2021-06-24 09:42:08,998.75,97288
2021-06-24 09:42:09,998.35,97290
2021-06-24 09:42:10,998.35,97290
2021-06-24 09:42:11,998.35,97290
2021-06-24 09:42:12,998.75,97340
2021-06-24 09:42:13,998.75,97340
2021-06-24 09:42:15,998.75,97340
2021-06-24 09:42:16,998.5,97341
2021-06-24 09:42:17,998.5,97364
2021-06-24 09:42:19,998.5,97364
2021-06-24 09:42:20,998.5,97389
2021-06-24 09:42:21,998.5,97389
2021-06-24 09:42:22,998.5,97389
2021-06-24 09:42:23,998.5,97390
2021-06-24 09:42:24,998.5,97390
2021-06-24 09:42:25,998.5,97390
2021-06-24 09:42:27,998.35,97412
2021-06-24 09:42:28,998.35,97412
2021-06-24 09:42:29,998.35,97413
2021-06-24 09:42:30,998.8,97415
2021-06-24 09:42:31,998.8,97415
2021-06-24 09:42:32,998.8,97415
2021-06-24 09:42:33,998.8,97415
2021-06-24 09:42:35,998.8,97435
2021-06-24 09:42:36,998.8,97435
2021-06-24 09:42:37,998.35,97458
2021-06-24 09:42:38,998.35,97459
2021-06-24 09:42:39,998.35,97459
2021-06-24 09:42:40,998.35,97468
2021-06-24 09:42:41,998.35,97468
2021-06-24 09:42:42,998.35,97468
2021-06-24 09:42:43,998.8,97469
2021-06-24 09:42:44,998.8,97469
2021-06-24 09:42:45,998.35,97470
2021-06-24 09:42:46,998.35,97470
2021-06-24 09:42:47,998.35,97492
2021-06-24 09:42:49,998.35,97492
2021-06-24 09:42:50,998.35,97492
2021-06-24 09:42:51,998.35,97492
2021-06-24 09:42:52,998.35,97492
2021-06-24 09:42:53,998.35,97492
2021-06-24 09:42:54,998.35,97492
2021-06-24 09:42:55,998.35,97492
2021-06-24 09:42:56,998.35,97512
2021-06-24 09:42:57,998.35,97536
2021-06-24 09:42:58,998.4,97537
2021-06-24 09:42:59,998.4,97537
2021-06-24 09:43:00,998.8,97542
2021-06-24 09:43:01,998.8,97542
2021-06-24 09:43:02,998.4,97592
2021-06-24 09:43:04,998.4,97593
2021-06-24 09:43:07,998.4,97601
2021-06-24 09:43:08,998.4,97601
2021-06-24 09:43:09,998.4,97615
2021-06-24 09:43:10,998.4,97615
2021-06-24 09:43:11,998.8,97895
2021-06-24 09:43:13,998.35,97899
2021-06-24 09:43:14,998.35,97899
2021-06-24 09:43:16,998.35,97899
2021-06-24 09:43:17,998.4,97910
2021-06-24 09:43:18,998.4,97913
2021-06-24 09:43:20,998.3,97916
2021-06-24 09:43:22,998.3,97925
2021-06-24 09:43:23,998.3,97925
2021-06-24 09:43:24,998.3,97925
2021-06-24 09:43:27,998.3,97930
2021-06-24 09:43:28,998.3,97930
2021-06-24 09:43:29,998.3,97930
2021-06-24 09:43:30,998.3,97930
2021-06-24 09:43:32,998.25,97935
2021-06-24 09:43:33,998.25,97935
2021-06-24 09:43:35,998.25,97938
2021-06-24 09:43:36,998.1,98041
2021-06-24 09:43:37,998.1,98070
2021-06-24 09:43:39,998.6,98165
2021-06-24 09:43:40,998.6,98165
2021-06-24 09:43:41,998.1,98166
2021-06-24 09:43:42,998.1,98166
2021-06-24 09:43:43,998.4,98176
2021-06-24 09:43:44,998.4,98176
2021-06-24 09:43:48,998.4,98208
2021-06-24 09:43:54,998.4,98215
2021-06-24 09:43:54,998.4,98215
2021-06-24 09:43:55,998.4,98215
2021-06-24 09:43:56,998.4,98315
2021-06-24 09:43:57,998.4,98370
2021-06-24 09:43:58,998.4,98370
2021-06-24 09:43:59,998.4,98371
2021-06-24 09:44:00,998.4,98381
2021-06-24 09:44:01,998.4,98381
2021-06-24 09:44:03,998.4,98382
2021-06-24 09:44:06,998.4,98382
2021-06-24 09:44:06,998.4,98382
2021-06-24 09:44:07,998.4,98404
2021-06-24 09:44:08,998.4,98409
2021-06-24 09:44:10,998.4,98409
2021-06-24 09:44:13,998.4,98409
2021-06-24 09:44:14,998.4,98469
2021-06-24 09:44:14,998.4,98469
2021-06-24 09:44:16,998.4,98470
2021-06-24 09:44:17,998.4,98493
2021-06-24 09:44:18,998.4,98642
2021-06-24 09:44:20,998.4,98971
2021-06-24 09:44:21,998.4,99095
2021-06-24 09:44:21,998.4,99095
2021-06-24 09:44:22,998.0,99285
2021-06-24 09:44:24,998.0,99285
2021-06-24 09:44:25,997.75,99292
2021-06-24 09:44:25,997.75,99292
2021-06-24 09:44:27,997.75,99292
2021-06-24 09:44:27,997.75,99313
2021-06-24 09:44:29,997.65,99413
2021-06-24 09:44:30,997.65,99413
2021-06-24 09:44:31,997.65,99413
2021-06-24 09:44:32,997.75,99826
2021-06-24 09:44:33,997.75,99840
2021-06-24 09:44:34,997.75,99840
2021-06-24 09:44:36,997.75,99840
2021-06-24 09:44:36,997.8,99848
2021-06-24 09:44:37,997.8,99848
2021-06-24 09:44:38,998.4,99853
2021-06-24 09:44:39,998.4,99859
2021-06-24 09:44:40,998.4,99859
2021-06-24 09:44:41,997.75,99869
2021-06-24 09:44:42,997.75,99869
2021-06-24 09:44:44,997.75,99869
2021-06-24 09:44:46,997.75,99869
2021-06-24 09:44:47,997.8,99941
2021-06-24 09:44:48,997.8,99942
2021-06-24 09:44:50,997.8,99943
2021-06-24 09:44:51,997.75,99996
2021-06-24 09:44:52,997.75,99996
2021-06-24 09:44:53,998.3,100062
2021-06-24 09:44:54,998.3,100062
2021-06-24 09:44:56,998.3,100062
2021-06-24 09:44:57,997.85,100085
2021-06-24 09:44:57,997.85,100085
2021-06-24 09:44:58,997.85,100086
2021-06-24 09:45:00,998.3,100136
2021-06-24 09:45:00,997.8,100236
2021-06-24 09:45:01,997.8,100259
2021-06-24 09:45:02,997.8,100259
2021-06-24 09:45:03,997.8,100259
2021-06-24 09:45:04,997.8,100259
2021-06-24 09:45:05,997.8,100259
2021-06-24 09:45:06,997.8,100259
2021-06-24 09:45:07,997.85,100281
2021-06-24 09:45:08,997.85,100281
2021-06-24 09:45:09,998.55,100291
2021-06-24 09:45:10,998.55,100291
2021-06-24 09:45:12,998.55,100291
2021-06-24 09:45:12,998.55,100291
2021-06-24 09:45:13,998.55,100291
2021-06-24 09:45:14,998.55,100291
2021-06-24 09:45:15,998.55,100291
2021-06-24 09:45:16,998.55,100291
2021-06-24 09:45:17,998.0,100314
2021-06-24 09:45:18,998.55,100316
2021-06-24 09:45:21,998.55,100316
2021-06-24 09:45:22,998.55,100316
2021-06-24 09:45:24,998.55,100316
2021-06-24 09:45:24,998.55,100316
2021-06-24 09:45:25,999.0,100816
2021-06-24 09:45:26,999.0,100816
2021-06-24 09:45:27,999.0,100816
2021-06-24 09:45:28,999.0,100816
2021-06-24 09:45:30,998.55,100852
2021-06-24 09:45:31,998.55,100852
2021-06-24 09:45:32,998.55,100852
2021-06-24 09:45:33,998.55,100859
2021-06-24 09:45:33,998.95,100862
2021-06-24 09:45:35,998.55,100864
2021-06-24 09:45:36,998.55,100865
2021-06-24 09:45:37,998.55,100888
2021-06-24 09:45:38,998.55,100888
2021-06-24 09:45:39,998.55,100888
2021-06-24 09:45:40,998.55,100888
2021-06-24 09:45:41,998.55,100900
2021-06-24 09:45:42,998.95,100910
2021-06-24 09:45:44,998.95,100910
2021-06-24 09:45:45,998.95,100910
2021-06-24 09:45:46,998.95,100911
2021-06-24 09:45:47,998.55,100912
2021-06-24 09:45:48,998.55,100983
2021-06-24 09:45:51,998.55,101024
2021-06-24 09:45:53,998.55,101024
2021-06-24 09:45:54,998.55,101024
2021-06-24 09:45:54,998.55,101024
2021-06-24 09:45:55,998.9,101026
2021-06-24 09:45:56,998.55,101027
2021-06-24 09:45:57,998.55,101050
2021-06-24 09:45:59,998.55,101050
2021-06-24 09:46:00,998.55,101050
2021-06-24 09:46:01,998.55,101050
2021-06-24 09:46:04,999.0,101875
2021-06-24 09:46:05,999.0,101875
2021-06-24 09:46:06,999.0,101875
2021-06-24 09:46:07,999.0,101875
2021-06-24 09:46:08,999.0,101875
2021-06-24 09:46:09,998.95,101977
2021-06-24 09:46:10,998.95,101977
2021-06-24 09:46:11,998.55,101993
2021-06-24 09:46:12,998.55,101993
2021-06-24 09:46:15,998.55,102003
2021-06-24 09:46:16,998.55,102010
2021-06-24 09:46:17,998.55,102033
2021-06-24 09:46:18,998.55,102033
2021-06-24 09:46:19,998.95,102035
2021-06-24 09:46:20,998.9,102037
2021-06-24 09:46:20,998.9,102039
2021-06-24 09:46:22,998.9,102089
2021-06-24 09:46:23,999.15,102840
2021-06-24 09:46:24,998.9,102842
2021-06-24 09:46:26,999.3,102845
2021-06-24 09:46:27,998.9,102848
2021-06-24 09:46:28,998.9,102850
2021-06-24 09:46:28,998.9,102851
2021-06-24 09:46:29,998.9,102852
2021-06-24 09:46:30,998.9,102863
2021-06-24 09:46:31,998.9,102865
2021-06-24 09:46:32,998.6,102873
2021-06-24 09:46:33,998.9,102875
2021-06-24 09:46:34,998.9,102877
2021-06-24 09:46:35,998.9,102879
2021-06-24 09:46:36,998.9,102880
2021-06-24 09:46:37,998.9,102902
2021-06-24 09:46:38,998.9,102902
2021-06-24 09:46:40,998.9,102930
2021-06-24 09:46:42,999.15,102931
2021-06-24 09:46:43,999.15,102931
2021-06-24 09:46:43,999.15,102931
2021-06-24 09:46:44,999.15,102932
2021-06-24 09:46:46,999.15,102935
2021-06-24 09:46:50,998.9,102995
2021-06-24 09:46:55,998.5,103105
2021-06-24 09:47:01,998.35,103527
2021-06-24 09:47:06,998.5,103747
2021-06-24 09:47:11,997.95,103965
2021-06-24 09:47:16,997.9,104435
2021-06-24 09:47:21,997.15,104540
2021-06-24 09:47:26,997.2,104571
2021-06-24 09:47:31,997.2,104633
2021-06-24 09:47:35,997.2,104734
2021-06-24 09:47:40,997.2,104757
2021-06-24 09:47:49,997.2,104781
2021-06-24 09:47:53,997.4,105006
2021-06-24 09:47:58,997.2,105109
2021-06-24 09:48:03,997.25,105137
2021-06-24 09:48:08,997.25,105239
2021-06-24 09:48:13,997.7,105313
2021-06-24 09:48:19,997.75,105315
2021-06-24 09:48:24,997.85,105326
2021-06-24 09:48:29,997.85,105329
2021-06-24 09:48:33,997.75,105350
2021-06-24 09:48:38,997.75,105377
2021-06-24 09:48:42,998.5,106165
2021-06-24 09:48:47,997.8,106185
2021-06-24 09:48:52,997.6,106235
2021-06-24 09:48:57,997.75,106339
2021-06-24 09:49:01,997.8,106341
2021-06-24 09:49:06,997.8,106341
2021-06-24 09:49:11,997.75,106363
2021-06-24 09:49:15,997.7,106615
2021-06-24 09:49:20,997.7,106661
2021-06-24 09:49:25,998.0,107471
2021-06-24 09:49:29,998.45,107516
2021-06-24 09:49:34,998.0,107567
2021-06-24 09:49:38,998.0,107590
2021-06-24 09:49:43,998.5,107600
2021-06-24 09:49:48,998.0,107624
2021-06-24 09:49:53,998.0,107644
2021-06-24 09:49:57,998.0,107658
2021-06-24 09:50:01,997.75,107660
2021-06-24 09:50:06,998.0,107674
2021-06-24 09:50:11,997.75,107696
2021-06-24 09:50:16,997.55,107799
2021-06-24 09:50:21,997.75,107836
2021-06-24 09:50:25,997.45,107863
2021-06-24 09:50:30,997.45,107885
2021-06-24 09:50:34,997.75,107893
2021-06-24 09:50:39,997.45,107916
2021-06-24 09:50:45,997.45,107937
2021-06-24 09:50:50,997.45,107940
2021-06-24 09:50:55,997.3,107960
2021-06-24 09:50:59,997.25,108068
2021-06-24 09:51:04,997.2,108117
2021-06-24 09:51:08,997.2,108140
2021-06-24 09:51:13,997.2,108296
2021-06-24 09:51:17,997.1,108322
2021-06-24 09:51:22,997.05,108670
2021-06-24 09:51:27,997.1,108698
2021-06-24 09:51:31,997.1,108703
2021-06-24 09:51:36,996.7,109552
2021-06-24 09:51:40,997.0,109940
2021-06-24 09:51:45,997.6,110664
2021-06-24 09:51:49,996.45,110751
2021-06-24 09:51:54,996.3,111257
2021-06-24 09:52:03,997.1,111665
2021-06-24 09:52:08,997.05,111771
2021-06-24 09:52:12,996.95,112450
2021-06-24 09:52:21,997.1,112674
2021-06-24 09:52:25,997.1,112678
2021-06-24 09:52:29,997.0,112760
2021-06-24 09:52:34,996.85,112761
2021-06-24 09:52:38,997.1,112922
2021-06-24 09:52:42,996.9,113126
2021-06-24 09:52:46,996.9,113139
2021-06-24 09:52:50,996.65,113168
2021-06-24 09:52:58,996.65,113292
2021-06-24 09:53:03,996.65,113295
2021-06-24 09:53:11,996.9,113346
2021-06-24 09:53:16,996.9,113370
2021-06-24 09:53:21,996.9,113455
2021-06-24 09:53:25,997.0,113457
2021-06-24 09:53:30,997.35,113481
2021-06-24 09:53:35,997.4,113531
2021-06-24 09:53:39,997.35,113555
2021-06-24 09:53:44,996.85,114364
2021-06-24 09:53:48,996.85,114394
2021-06-24 09:53:52,996.85,114430
2021-06-24 09:53:56,997.0,114537
2021-06-24 09:54:05,996.85,114552
2021-06-24 09:54:09,996.85,114574
2021-06-24 09:54:13,996.85,114574
2021-06-24 09:54:18,996.85,114597
2021-06-24 09:54:22,997.25,114648
2021-06-24 09:54:27,996.75,114690
2021-06-24 09:54:31,996.8,114691
2021-06-24 09:54:35,997.3,114693
2021-06-24 09:54:39,996.8,114717
2021-06-24 09:54:43,997.3,114726
2021-06-24 09:54:47,996.85,114836
2021-06-24 09:54:51,997.6,115588
2021-06-24 09:54:55,997.0,115600
2021-06-24 09:55:00,996.95,115623
2021-06-24 09:55:04,997.0,115624
2021-06-24 09:55:09,997.7,116497
2021-06-24 09:55:14,997.2,116500
2021-06-24 09:55:18,997.15,116532
2021-06-24 09:55:22,997.15,116538
2021-06-24 09:55:26,997.15,116538
2021-06-24 09:55:31,997.15,116557
2021-06-24 09:55:35,997.0,116561
2021-06-24 09:55:40,996.65,116674
2021-06-24 09:55:45,996.95,116675
2021-06-24 09:55:50,996.5,116702
2021-06-24 09:55:54,996.55,116809
2021-06-24 09:55:59,997.65,117569
2021-06-24 09:56:04,997.65,117569
2021-06-24 09:56:09,997.5,117640
2021-06-24 09:56:14,997.0,117778
2021-06-24 09:56:19,997.65,117834
2021-06-24 09:56:24,997.65,117927
2021-06-24 09:56:29,997.9,118039
2021-06-24 09:56:34,997.35,118041
2021-06-24 09:56:39,997.5,118071
2021-06-24 09:56:43,997.5,118071
2021-06-24 09:56:47,997.9,118079
2021-06-24 09:56:51,997.65,118101
2021-06-24 09:56:55,997.9,118108
2021-06-24 09:56:59,997.5,118132
2021-06-24 09:57:03,997.0,118143
2021-06-24 09:57:08,997.05,118592
2021-06-24 09:57:12,997.55,118700
2021-06-24 09:57:17,997.05,118702
2021-06-24 09:57:21,997.05,118725
2021-06-24 09:57:25,997.1,118726
2021-06-24 09:57:30,997.1,118735
2021-06-24 09:57:34,997.1,118759
2021-06-24 09:57:38,997.05,118769
2021-06-24 09:57:43,997.05,118775
2021-06-24 09:57:48,997.1,118809
2021-06-24 09:57:53,997.1,118809
2021-06-24 09:57:57,997.1,118832
2021-06-24 09:58:01,997.05,118882
2021-06-24 09:58:05,997.05,118882
2021-06-24 09:58:08,997.1,118915
2021-06-24 09:58:12,997.05,118916
2021-06-24 09:58:16,997.5,118923
2021-06-24 09:58:20,997.0,118996
2021-06-24 09:58:25,997.5,119043
2021-06-24 09:58:29,997.5,119051
2021-06-24 09:58:33,997.5,119051
2021-06-24 09:58:38,996.95,119087
2021-06-24 09:58:42,997.5,119127
2021-06-24 09:58:47,997.0,119159
2021-06-24 09:58:56,997.0,119160
2021-06-24 09:59:00,997.0,119183
2021-06-24 09:59:04,997.15,119292
2021-06-24 09:59:08,997.45,119313
2021-06-24 09:59:13,997.5,119340
2021-06-24 09:59:17,997.15,119364
2021-06-24 09:59:22,997.5,119368
2021-06-24 09:59:26,997.5,119400
2021-06-24 09:59:31,997.2,119597
2021-06-24 09:59:36,997.2,119605
2021-06-24 09:59:40,997.2,119643
2021-06-24 09:59:49,997.75,119738
2021-06-24 09:59:53,997.3,119740
2021-06-24 09:59:58,997.3,119746
2021-06-24 10:00:02,997.3,120270
2021-06-24 10:00:07,997.35,120384
2021-06-24 10:00:11,997.25,120484
2021-06-24 10:00:15,997.25,120488
2021-06-24 10:00:19,997.25,120511
2021-06-24 10:00:23,997.25,120512
2021-06-24 10:00:27,997.85,120553
2021-06-24 10:00:31,997.8,120567
2021-06-24 10:00:35,997.85,120625
2021-06-24 10:00:38,997.9,120783
2021-06-24 10:00:42,997.4,120794
2021-06-24 10:00:46,997.95,120796
2021-06-24 10:00:51,997.95,120848
2021-06-24 10:00:55,997.5,120849
2021-06-24 10:00:59,997.95,120873
2021-06-24 10:01:03,997.5,120874
2021-06-24 10:01:07,997.5,120896
2021-06-24 10:01:11,997.5,120896
2021-06-24 10:01:15,997.5,120896
2021-06-24 10:01:18,997.5,120915
2021-06-24 10:01:22,997.4,120930
2021-06-24 10:01:26,997.4,120930
2021-06-24 10:01:30,997.4,120952
2021-06-24 10:01:33,997.5,121472
2021-06-24 10:01:42,998.35,123317
2021-06-24 10:01:45,999.7,124069
2021-06-24 10:01:49,999.7,124069
2021-06-24 10:01:53,998.85,124079
2021-06-24 10:01:57,998.85,124097
2021-06-24 10:02:00,998.85,124109
2021-06-24 10:02:04,998.7,124110
2021-06-24 10:02:08,998.85,124325
2021-06-24 10:02:11,998.85,124325
2021-06-24 10:02:15,998.85,124325
2021-06-24 10:02:19,999.45,124786
2021-06-24 10:02:23,999.65,125704
2021-06-24 10:02:28,999.65,125704
2021-06-24 10:02:32,999.95,126454
2021-06-24 10:02:36,999.6,126459
2021-06-24 10:02:40,999.45,126516
2021-06-24 10:02:45,999.45,126552
2021-06-24 10:02:50,999.85,126632
2021-06-24 10:02:55,1000.05,128254
2021-06-24 10:03:00,1000.95,130645
2021-06-24 10:03:05,1000.05,130945
2021-06-24 10:03:09,999.5,130992
2021-06-24 10:03:14,999.7,131051
2021-06-24 10:03:17,999.5,131074
2021-06-24 10:03:26,999.75,131096
2021-06-24 10:03:29,999.35,131196
2021-06-24 10:03:33,999.35,131307
2021-06-24 10:03:37,999.05,131330
2021-06-24 10:03:41,999.35,131337
2021-06-24 10:03:45,999.35,131375
2021-06-24 10:03:49,998.6,132947
2021-06-24 10:03:53,998.05,132968
2021-06-24 10:03:56,998.05,132968
2021-06-24 10:04:00,998.1,132993
2021-06-24 10:04:04,998.05,132998
2021-06-24 10:04:08,998.05,133020
2021-06-24 10:04:11,998.5,133171
2021-06-24 10:04:15,998.5,133243
2021-06-24 10:04:18,998.95,133343
2021-06-24 10:04:22,998.95,133343
2021-06-24 10:04:26,998.6,133358
2021-06-24 10:04:30,998.5,133375
2021-06-24 10:04:34,998.5,133375
2021-06-24 10:04:37,998.5,133398
2021-06-24 10:04:41,999.0,133498
2021-06-24 10:04:45,999.0,133503
2021-06-24 10:04:48,999.1,133526
2021-06-24 10:04:52,999.1,133526
2021-06-24 10:04:56,999.25,133600
2021-06-24 10:05:00,999.1,133614
2021-06-24 10:05:03,999.1,133627
2021-06-24 10:05:07,999.0,133672
2021-06-24 10:05:11,999.0,133721
2021-06-24 10:05:14,999.0,133721
2021-06-24 10:05:18,998.7,133754
2021-06-24 10:05:22,998.7,133754
2021-06-24 10:05:26,998.95,133755
2021-06-24 10:05:31,998.6,133827
2021-06-24 10:05:34,998.6,133827
2021-06-24 10:05:38,998.6,133850
2021-06-24 10:05:42,998.6,133851
2021-06-24 10:05:46,998.95,133860
2021-06-24 10:05:50,998.6,133882
2021-06-24 10:05:54,999.65,136545
2021-06-24 10:05:59,1000.0,136824
2021-06-24 10:06:03,999.8,137633
2021-06-24 10:06:07,999.55,137648
2021-06-24 10:06:11,1000.0,137658
2021-06-24 10:06:15,999.5,137805
2021-06-24 10:06:18,999.95,138150
2021-06-24 10:06:22,999.9,138725
2021-06-24 10:06:26,999.9,138725
2021-06-24 10:06:30,999.85,138747
2021-06-24 10:06:34,999.8,138808
2021-06-24 10:06:37,998.8,138839
2021-06-24 10:06:42,999.0,139016
2021-06-24 10:06:45,999.7,139046
2021-06-24 10:06:46,999.7,139046
2021-06-24 10:06:47,999.7,139046
2021-06-24 10:06:48,999.7,139046
2021-06-24 10:06:49,999.7,139046
2021-06-24 10:06:50,999.7,139046
2021-06-24 10:06:53,999.7,139046
2021-06-24 10:06:54,999.7,139046
2021-06-24 10:06:55,999.7,139046
2021-06-24 10:06:56,999.7,139046
2021-06-24 10:06:57,999.05,139069
2021-06-24 10:06:58,999.05,139074
2021-06-24 10:06:59,999.05,139074
2021-06-24 10:07:00,999.05,139074
2021-06-24 10:07:01,999.05,139074
2021-06-24 10:07:02,999.05,139074
2021-06-24 10:07:04,999.05,139074
2021-06-24 10:07:05,999.05,139074
2021-06-24 10:07:06,999.05,139074
2021-06-24 10:07:07,999.05,139080
2021-06-24 10:07:08,999.05,139080
2021-06-24 10:07:09,999.05,139080
2021-06-24 10:07:10,999.5,139104
2021-06-24 10:07:11,999.5,139104
2021-06-24 10:07:12,999.5,139104
2021-06-24 10:07:13,999.5,139104
2021-06-24 10:07:14,999.5,139104
2021-06-24 10:07:15,999.15,139204
2021-06-24 10:07:16,999.15,139219
2021-06-24 10:07:17,999.15,139242
2021-06-24 10:07:19,999.7,139301
2021-06-24 10:07:20,999.7,139301
2021-06-24 10:07:21,999.7,139301
2021-06-24 10:07:23,999.7,139301
2021-06-24 10:07:23,999.7,139301
2021-06-24 10:07:24,999.7,139301
2021-06-24 10:07:25,999.8,139302
2021-06-24 10:07:26,999.25,139383
2021-06-24 10:07:28,999.25,139383
2021-06-24 10:07:29,999.25,139383
2021-06-24 10:07:30,999.25,139383
2021-06-24 10:07:30,999.25,139383
2021-06-24 10:07:32,999.25,139383
2021-06-24 10:07:36,999.2,139428
2021-06-24 10:07:37,999.2,139428
2021-06-24 10:07:38,999.2,139428
2021-06-24 10:07:39,999.6,139510
2021-06-24 10:07:40,999.65,139590
2021-06-24 10:07:42,999.25,139690
2021-06-24 10:07:43,999.6,139717
2021-06-24 10:07:44,999.6,139717
2021-06-24 10:07:46,999.2,139720
2021-06-24 10:07:47,999.2,139742
2021-06-24 10:07:49,999.2,139742
2021-06-24 10:07:51,999.2,139742
2021-06-24 10:07:52,999.2,139742
2021-06-24 10:07:53,999.2,139742
2021-06-24 10:07:54,999.2,139742
2021-06-24 10:07:56,999.6,139752
2021-06-24 10:07:57,999.2,139765
2021-06-24 10:07:57,999.2,139765
2021-06-24 10:07:58,999.2,139765
2021-06-24 10:08:00,999.2,139767
2021-06-24 10:08:02,999.2,139767
2021-06-24 10:08:03,999.2,139767
2021-06-24 10:08:04,999.2,139767
2021-06-24 10:08:06,999.2,139767
2021-06-24 10:08:07,999.2,139796
2021-06-24 10:08:07,999.2,139789
2021-06-24 10:08:08,999.1,139798
2021-06-24 10:08:09,999.1,139799
2021-06-24 10:08:10,999.1,139799
2021-06-24 10:08:12,999.1,139799
2021-06-24 10:08:12,999.1,139799
2021-06-24 10:08:14,999.1,139799
2021-06-24 10:08:15,999.1,139799
2021-06-24 10:08:16,999.6,139805
2021-06-24 10:08:16,999.1,139807
2021-06-24 10:08:17,999.1,139831
2021-06-24 10:08:18,999.1,139839
2021-06-24 10:08:19,999.1,139841
2021-06-24 10:08:21,999.1,139842
2021-06-24 10:08:22,999.1,139842
2021-06-24 10:08:23,999.1,139842
2021-06-24 10:08:26,999.1,139842
2021-06-24 10:08:27,999.1,139864
2021-06-24 10:08:27,999.1,139872
2021-06-24 10:08:29,999.1,139874
2021-06-24 10:08:29,999.1,139875
2021-06-24 10:08:30,999.1,139875
2021-06-24 10:08:32,999.1,139875
2021-06-24 10:08:33,999.55,139880
2021-06-24 10:08:33,999.1,139882
2021-06-24 10:08:35,999.1,139882
2021-06-24 10:08:37,999.1,139908
2021-06-24 10:08:37,999.0,139917
2021-06-24 10:08:38,999.0,139920
2021-06-24 10:08:40,999.0,139921
2021-06-24 10:08:41,999.0,139921
2021-06-24 10:08:42,998.9,139939
2021-06-24 10:08:42,998.8,139945
2021-06-24 10:08:44,998.95,139947
2021-06-24 10:08:45,998.95,139948
2021-06-24 10:08:46,998.95,139948
2021-06-24 10:08:47,998.95,139970
2021-06-24 10:08:47,998.95,139977
2021-06-24 10:08:48,999.55,139990
2021-06-24 10:08:49,999.0,139994
2021-06-24 10:08:50,999.0,139995
2021-06-24 10:08:51,999.0,139996
2021-06-24 10:08:52,999.0,139996
2021-06-24 10:08:53,999.0,140127
2021-06-24 10:08:54,998.95,140170
2021-06-24 10:08:55,998.95,140184
2021-06-24 10:08:56,998.85,140189
2021-06-24 10:08:57,998.9,140198
2021-06-24 10:08:58,998.85,140201
2021-06-24 10:09:00,998.9,140203
2021-06-24 10:09:02,998.9,140203
2021-06-24 10:09:02,998.85,140218
2021-06-24 10:09:03,998.85,140223
2021-06-24 10:09:04,998.85,140228
2021-06-24 10:09:05,998.85,140230
2021-06-24 10:09:06,998.85,140230
2021-06-24 10:09:08,998.85,140252
2021-06-24 10:09:09,998.75,140260
2021-06-24 10:09:10,998.9,140262
2021-06-24 10:09:11,998.9,140263
2021-06-24 10:09:12,998.9,140370
2021-06-24 10:09:13,998.9,140407
2021-06-24 10:09:13,998.65,140420
2021-06-24 10:09:14,998.65,140424
2021-06-24 10:09:15,998.6,140425
2021-06-24 10:09:16,998.6,140426
2021-06-24 10:09:17,998.6,140449
2021-06-24 10:09:19,998.9,140463
2021-06-24 10:09:20,998.9,140470
2021-06-24 10:09:21,998.5,140571
2021-06-24 10:09:22,998.0,140605
2021-06-24 10:09:23,998.55,140718
2021-06-24 10:09:25,998.0,140755
2021-06-24 10:09:26,998.0,140768
2021-06-24 10:09:28,997.7,140800
2021-06-24 10:09:28,997.7,140802
2021-06-24 10:09:31,997.7,140803
2021-06-24 10:09:34,997.7,140831
2021-06-24 10:09:35,997.65,140840
2021-06-24 10:09:36,997.65,140843
2021-06-24 10:09:38,997.65,140867
2021-06-24 10:09:40,997.5,141010
2021-06-24 10:09:39,998.0,140974
2021-06-24 10:09:41,997.5,141022
2021-06-24 10:09:43,997.95,141252
2021-06-24 10:09:44,997.95,141271
2021-06-24 10:09:45,997.95,141277
2021-06-24 10:09:46,997.95,141279
2021-06-24 10:09:47,998.0,141301
2021-06-24 10:09:47,998.05,141309
2021-06-24 10:09:48,998.0,141311
2021-06-24 10:09:49,998.0,141312
2021-06-24 10:09:51,998.0,141312
2021-06-24 10:09:52,998.0,141312
2021-06-24 10:09:54,998.9,141712
2021-06-24 10:09:55,998.3,141745
2021-06-24 10:09:55,998.3,143197
2021-06-24 10:09:57,998.15,143726
2021-06-24 10:09:58,997.6,143904
2021-06-24 10:09:59,997.45,143974
2021-06-24 10:10:00,997.3,144037
2021-06-24 10:10:01,997.3,144058
2021-06-24 10:10:02,997.25,144085
2021-06-24 10:10:03,997.2,144093
2021-06-24 10:10:04,997.2,144096
2021-06-24 10:10:04,997.2,144097
2021-06-24 10:10:05,997.2,144097
2021-06-24 10:10:06,997.1,144207
2021-06-24 10:10:08,997.1,144256
2021-06-24 10:10:09,997.15,144272
2021-06-24 10:10:10,997.15,144277
2021-06-24 10:10:11,997.15,144279
2021-06-24 10:10:12,997.15,144279
2021-06-24 10:10:13,997.85,144280
2021-06-24 10:10:14,997.15,144281
2021-06-24 10:10:15,997.0,144783
2021-06-24 10:10:16,997.0,144949
2021-06-24 10:10:17,997.05,145027
2021-06-24 10:10:18,997.05,145052
2021-06-24 10:10:18,997.15,145061
2021-06-24 10:10:19,997.15,145064
2021-06-24 10:10:20,997.1,145066
2021-06-24 10:10:22,997.7,145106
2021-06-24 10:10:23,997.15,145119
2021-06-24 10:10:24,997.15,145124
2021-06-24 10:10:25,997.15,145125
2021-06-24 10:10:26,997.5,145176
2021-06-24 10:10:27,997.2,145200
2021-06-24 10:10:28,997.1,145208
2021-06-24 10:10:30,997.2,145240
2021-06-24 10:10:31,997.2,145253
2021-06-24 10:10:31,997.15,145250
2021-06-24 10:10:32,997.2,145254
2021-06-24 10:10:33,997.2,145254
2021-06-24 10:10:36,997.2,145254
2021-06-24 10:10:37,997.65,145256
2021-06-24 10:10:38,997.35,145280
2021-06-24 10:10:39,997.35,145288
2021-06-24 10:10:40,997.35,145290
2021-06-24 10:10:41,998.05,146086
2021-06-24 10:10:42,997.75,146511
2021-06-24 10:10:43,997.6,146651
2021-06-24 10:10:44,997.6,146798
2021-06-24 10:10:45,997.45,146847
2021-06-24 10:10:46,997.3,146863
2021-06-24 10:10:47,997.3,146868
2021-06-24 10:10:48,997.3,146892
2021-06-24 10:10:49,997.3,146900
2021-06-24 10:10:50,997.2,146902
2021-06-24 10:10:53,997.25,146915
2021-06-24 10:10:54,997.25,146915
2021-06-24 10:10:56,997.2,146965
2021-06-24 10:10:57,997.25,147006
2021-06-24 10:10:58,997.25,147019
2021-06-24 10:10:58,997.25,147024
2021-06-24 10:11:00,997.25,147025
2021-06-24 10:11:01,997.3,147026
2021-06-24 10:11:04,997.5,151229
2021-06-24 10:11:04,997.0,152616
2021-06-24 10:11:05,997.0,153074
2021-06-24 10:11:06,996.8,153225
2021-06-24 10:11:08,997.95,154025
2021-06-24 10:11:09,997.05,154309
2021-06-24 10:11:10,997.6,154407
2021-06-24 10:11:11,996.9,154440
2021-06-24 10:11:12,997.0,154611
2021-06-24 10:11:12,997.2,154453
2021-06-24 10:11:13,996.95,154683
2021-06-24 10:11:15,996.95,154707
2021-06-24 10:11:16,997.55,154765
2021-06-24 10:11:17,996.8,154840
2021-06-24 10:11:18,996.8,154865
2021-06-24 10:11:19,996.8,154873
2021-06-24 10:11:20,996.8,154909
2021-06-24 10:11:21,996.8,154921
2021-06-24 10:11:22,996.8,154938
2021-06-24 10:11:23,996.8,154944
2021-06-24 10:11:24,996.75,154946
2021-06-24 10:11:24,996.75,154947
2021-06-24 10:11:27,996.65,155069
2021-06-24 10:11:28,996.65,155109
2021-06-24 10:11:29,997.25,155132
2021-06-24 10:11:29,996.75,155140
2021-06-24 10:11:31,996.75,155143
2021-06-24 10:11:32,996.75,155144
2021-06-24 10:11:33,996.75,155144
2021-06-24 10:11:34,996.75,155144
2021-06-24 10:11:36,996.75,155144
2021-06-24 10:11:37,996.75,155165
2021-06-24 10:11:38,996.7,155172
2021-06-24 10:11:39,996.7,155174
2021-06-24 10:11:40,996.7,155175
2021-06-24 10:11:41,996.95,155187
2021-06-24 10:11:42,996.8,155191
2021-06-24 10:11:43,996.75,155192
2021-06-24 10:11:44,996.75,155193
2021-06-24 10:11:45,996.75,155218
2021-06-24 10:11:46,996.9,156131
2021-06-24 10:11:46,996.7,159620
2021-06-24 10:11:48,996.5,160771
2021-06-24 10:11:50,996.25,161276
2021-06-24 10:11:51,996.25,161317
2021-06-24 10:11:52,996.25,161331
2021-06-24 10:11:53,996.85,161361
2021-06-24 10:11:54,996.3,161371
2021-06-24 10:11:55,996.3,161374
2021-06-24 10:11:56,996.3,161375
2021-06-24 10:11:57,996.3,161395
2021-06-24 10:11:57,996.3,161402
2021-06-24 10:11:59,996.3,161404
2021-06-24 10:12:00,996.35,161405
2021-06-24 10:12:01,996.35,161405
2021-06-24 10:12:02,996.8,161428
2021-06-24 10:12:02,996.8,161447
2021-06-24 10:12:03,997.0,162203
2021-06-24 10:12:06,996.95,162672
2021-06-24 10:12:07,996.95,162728
2021-06-24 10:12:08,996.95,162747
2021-06-24 10:12:09,996.95,162753
2021-06-24 10:12:10,996.95,162756
2021-06-24 10:12:10,996.95,162755
2021-06-24 10:12:11,997.6,163351
2021-06-24 10:12:13,996.6,163547
2021-06-24 10:12:14,996.45,163612
2021-06-24 10:12:15,996.5,163633
2021-06-24 10:12:16,996.55,163640
2021-06-24 10:12:16,996.55,163643
2021-06-24 10:12:17,996.55,163667
2021-06-24 10:12:18,996.55,163674
2021-06-24 10:12:20,996.55,163677
2021-06-24 10:12:21,996.55,163678
2021-06-24 10:12:22,996.55,163678
2021-06-24 10:12:23,996.55,163678
2021-06-24 10:12:24,997.0,163703
2021-06-24 10:12:25,996.6,163714
2021-06-24 10:12:25,996.6,163711
2021-06-24 10:12:27,996.6,163737
2021-06-24 10:12:28,996.65,163745
2021-06-24 10:12:29,997.0,163749
2021-06-24 10:12:31,996.55,163751
2021-06-24 10:12:32,997.0,164061
2021-06-24 10:12:32,996.9,163938
2021-06-24 10:12:33,996.95,164403
2021-06-24 10:12:34,996.85,164515
2021-06-24 10:12:36,996.8,164587
2021-06-24 10:12:36,997.35,164613
2021-06-24 10:12:38,996.8,164622
2021-06-24 10:12:39,996.6,164625
2021-06-24 10:12:40,996.6,164626
2021-06-24 10:12:41,997.15,164627
2021-06-24 10:12:41,997.15,164627
2021-06-24 10:12:43,997.15,164627
2021-06-24 10:12:44,997.15,164627
2021-06-24 10:12:45,997.15,164627
2021-06-24 10:12:46,997.15,164627
2021-06-24 10:12:46,997.15,164627
2021-06-24 10:12:47,996.6,164649
2021-06-24 10:12:49,996.55,164657
2021-06-24 10:12:50,996.55,164659
2021-06-24 10:12:51,997.55,165410
2021-06-24 10:12:52,996.65,165658
2021-06-24 10:12:53,997.3,165840
2021-06-24 10:12:54,996.65,165950
2021-06-24 10:12:55,996.6,165986
2021-06-24 10:12:56,996.8,165998
2021-06-24 10:12:57,996.6,166090
2021-06-24 10:12:57,996.75,166120
2021-06-24 10:12:58,996.7,166130
2021-06-24 10:12:59,996.7,166133
2021-06-24 10:13:00,997.9,167634
2021-06-24 10:13:02,998.7,169776
2021-06-24 10:13:03,998.55,172209
2021-06-24 10:13:04,998.0,173686
2021-06-24 10:13:05,997.25,174402
2021-06-24 10:13:05,996.95,175153
2021-06-24 10:13:07,996.9,175470
2021-06-24 10:13:08,996.9,175582
2021-06-24 10:13:09,996.65,175619
2021-06-24 10:13:10,996.65,175632
2021-06-24 10:13:10,996.65,175636
2021-06-24 10:13:11,996.7,175639
2021-06-24 10:13:13,996.7,175660
2021-06-24 10:13:14,996.7,175668
2021-06-24 10:13:15,996.7,175673
2021-06-24 10:13:16,996.7,175676
2021-06-24 10:13:16,996.7,175678
2021-06-24 10:13:18,996.7,175704
2021-06-24 10:13:19,996.7,175723
2021-06-24 10:13:20,996.7,175729
2021-06-24 10:13:21,996.7,176131
2021-06-24 10:13:21,996.7,176264
2021-06-24 10:13:22,996.7,176308
2021-06-24 10:13:24,996.9,176422
2021-06-24 10:13:24,996.6,176460
2021-06-24 10:13:25,996.9,176572
2021-06-24 10:13:26,996.6,176609
2021-06-24 10:13:28,996.5,176629
2021-06-24 10:13:29,996.5,176639
2021-06-24 10:13:30,996.3,176642
2021-06-24 10:13:31,996.5,176654
2021-06-24 10:13:31,996.5,176658
2021-06-24 10:13:33,996.5,176660
2021-06-24 10:13:34,996.5,176661
2021-06-24 10:13:35,996.55,176680
2021-06-24 10:13:36,996.55,176687
2021-06-24 10:13:37,996.55,176693
2021-06-24 10:13:37,996.5,176695
2021-06-24 10:13:39,996.5,176698
2021-06-24 10:13:40,996.5,176704
2021-06-24 10:13:41,996.5,176713
2021-06-24 10:13:42,996.5,176730
2021-06-24 10:13:43,996.5,176735
2021-06-24 10:13:44,996.5,176737
2021-06-24 10:13:45,996.5,176738
2021-06-24 10:13:46,996.5,176738
2021-06-24 10:13:47,996.5,176760
2021-06-24 10:13:48,996.5,176779
2021-06-24 10:13:49,996.5,176785
2021-06-24 10:13:50,996.5,176787
2021-06-24 10:13:51,996.55,176813
2021-06-24 10:13:52,996.5,177027
2021-06-24 10:13:53,996.55,177177
2021-06-24 10:13:54,996.35,177227
2021-06-24 10:13:55,996.5,178008
2021-06-24 10:13:56,996.4,178266
2021-06-24 10:13:57,996.65,179103
2021-06-24 10:13:58,997.05,179428
2021-06-24 10:13:59,996.55,179536
2021-06-24 10:14:00,997.45,180348
2021-06-24 10:14:01,996.55,180616
2021-06-24 10:14:02,996.65,180705
2021-06-24 10:14:03,996.65,180734
2021-06-24 10:14:04,996.65,180744
2021-06-24 10:14:05,997.0,182744
2021-06-24 10:14:06,996.6,183404
2021-06-24 10:14:07,996.6,183688
2021-06-24 10:14:08,996.55,183784
2021-06-24 10:14:09,996.55,183816
2021-06-24 10:14:10,996.55,183827
2021-06-24 10:14:11,996.55,183830
2021-06-24 10:14:12,996.55,183840
2021-06-24 10:14:13,996.55,183844
2021-06-24 10:14:14,996.55,183845
2021-06-24 10:14:15,996.65,183872
2021-06-24 10:14:16,996.6,183881
2021-06-24 10:14:17,996.6,183884
2021-06-24 10:14:18,996.6,183885
2021-06-24 10:14:19,996.6,183885
2021-06-24 10:14:20,996.65,183945
2021-06-24 10:14:21,996.65,183965
2021-06-24 10:14:22,996.7,183972
2021-06-24 10:14:24,996.7,183975
2021-06-24 10:14:23,996.7,183974
2021-06-24 10:14:25,996.7,183975
2021-06-24 10:14:26,997.05,183976
2021-06-24 10:14:27,996.7,183998
2021-06-24 10:14:28,996.7,184006
2021-06-24 10:14:30,996.7,184009
2021-06-24 10:14:29,996.7,184008
2021-06-24 10:14:31,996.7,184009
2021-06-24 10:14:32,996.7,184010
2021-06-24 10:14:33,996.7,184013
2021-06-24 10:14:34,996.7,184016
2021-06-24 10:14:35,996.7,184019
2021-06-24 10:14:36,996.7,184021
2021-06-24 10:14:37,996.7,184045
2021-06-24 10:14:38,996.7,184054
2021-06-24 10:14:39,996.7,184058
2021-06-24 10:14:41,996.7,184062
2021-06-24 10:14:42,996.7,184063
2021-06-24 10:14:43,996.7,184364
2021-06-24 10:14:44,996.7,184495
2021-06-24 10:14:45,996.7,184616
2021-06-24 10:14:46,996.7,184657
2021-06-24 10:14:47,996.7,184686
2021-06-24 10:14:48,996.7,184771
2021-06-24 10:14:49,996.7,184799
2021-06-24 10:14:50,996.7,184808
2021-06-24 10:14:51,996.7,184811
2021-06-24 10:14:52,996.7,184812
2021-06-24 10:14:53,996.95,184814
2021-06-24 10:14:54,996.7,184816
2021-06-24 10:14:55,997.15,184937
2021-06-24 10:14:57,997.4,186056
2021-06-24 10:14:59,996.8,186804
2021-06-24 10:15:00,996.55,188436
2021-06-24 10:15:02,996.0,195578
2021-06-24 10:15:01,996.7,192111
2021-06-24 10:15:03,995.5,197513
2021-06-24 10:15:04,996.55,199791
2021-06-24 10:15:05,996.3,201354
2021-06-24 10:15:06,995.75,202101
2021-06-24 10:15:07,996.25,203153
2021-06-24 10:15:08,996.15,205286
2021-06-24 10:15:09,995.7,206029
2021-06-24 10:15:10,995.65,206376
2021-06-24 10:15:11,996.55,208791
2021-06-24 10:15:12,996.2,209599
2021-06-24 10:15:13,997.95,213389
2021-06-24 10:15:14,996.2,215995
2021-06-24 10:15:15,995.6,217367
2021-06-24 10:15:16,995.6,217819
2021-06-24 10:15:17,996.35,218031
2021-06-24 10:15:18,996.35,218977
2021-06-24 10:15:19,995.55,219303
2021-06-24 10:15:20,996.2,219415
2021-06-24 10:15:21,996.2,219603
2021-06-24 10:15:22,996.2,219666
2021-06-24 10:15:23,996.1,219866
2021-06-24 10:15:24,995.45,219940
2021-06-24 10:15:25,995.45,219965
2021-06-24 10:15:26,995.45,219994
2021-06-24 10:15:27,995.5,220025
2021-06-24 10:15:28,995.5,220036
2021-06-24 10:15:29,995.5,220039
2021-06-24 10:15:30,996.05,220080
2021-06-24 10:15:31,995.95,220935
2021-06-24 10:15:32,996.0,221227
2021-06-24 10:15:33,996.2,221783
2021-06-24 10:15:35,995.45,222317
2021-06-24 10:15:34,996.2,222185
2021-06-24 10:15:36,995.45,222361
2021-06-24 10:15:37,995.55,222560
2021-06-24 10:15:38,996.5,222701
2021-06-24 10:15:39,996.3,224691
2021-06-24 10:15:41,996.2,226847
2021-06-24 10:15:42,995.5,227414
2021-06-24 10:15:43,996.6,229101
2021-06-24 10:15:44,995.5,229742
2021-06-24 10:15:45,995.25,229953
2021-06-24 10:15:46,995.75,230068
2021-06-24 10:15:47,996.15,230108
2021-06-24 10:15:48,995.75,230121
2021-06-24 10:15:49,995.75,230125
2021-06-24 10:15:50,995.85,230127
2021-06-24 10:15:51,995.85,230127
2021-06-24 10:15:53,996.0,230724
2021-06-24 10:15:54,996.0,231671
2021-06-24 10:15:54,995.6,231984
2021-06-24 10:15:55,995.65,232087
2021-06-24 10:15:56,995.65,232121
2021-06-24 10:15:57,996.0,236866
2021-06-24 10:15:58,996.1,237322
2021-06-24 10:15:59,995.7,238115
2021-06-24 10:16:01,995.65,239942
2021-06-24 10:16:01,995.25,240545
2021-06-24 10:16:02,995.15,241867
2021-06-24 10:16:03,995.1,244139
2021-06-24 10:16:04,995.05,245371
2021-06-24 10:16:06,995.0,252907
2021-06-24 10:16:07,995.0,260765
2021-06-24 10:16:08,995.0,268564
2021-06-24 10:16:09,995.0,274389
2021-06-24 10:16:10,995.05,280505
2021-06-24 10:16:11,996.3,280945
2021-06-24 10:16:13,996.75,280991
2021-06-24 10:16:13,996.75,281037
2021-06-24 10:16:14,996.55,281228
2021-06-24 10:16:15,997.5,281978
2021-06-24 10:16:16,997.35,282194
2021-06-24 10:16:18,998.2,282893
2021-06-24 10:16:19,998.0,282902
2021-06-24 10:16:20,998.0,282902
2021-06-24 10:16:20,998.0,282902
2021-06-24 10:16:21,998.0,282904
2021-06-24 10:16:22,998.0,282904
2021-06-24 10:16:23,997.3,283004
2021-06-24 10:16:26,997.95,283014
2021-06-24 10:16:26,997.9,284929
2021-06-24 10:16:27,998.4,285273
2021-06-24 10:16:28,998.45,285375
2021-06-24 10:16:30,998.0,285401
2021-06-24 10:16:31,998.0,285401
2021-06-24 10:16:32,998.5,285403
2021-06-24 10:16:33,998.75,285655
2021-06-24 10:16:36,998.75,285655
2021-06-24 10:16:37,998.05,285672
2021-06-24 10:16:37,998.05,285672
2021-06-24 10:16:38,998.75,285673
2021-06-24 10:16:39,998.75,285673
2021-06-24 10:16:40,998.75,285675
2021-06-24 10:16:41,998.75,285675
2021-06-24 10:16:43,998.75,285675
2021-06-24 10:16:43,998.75,285675
2021-06-24 10:16:44,998.75,285675
2021-06-24 10:16:46,998.75,285675
2021-06-24 10:16:47,998.3,285699
2021-06-24 10:16:48,998.75,285700
2021-06-24 10:16:49,998.75,285700
2021-06-24 10:16:51,998.75,285700
2021-06-24 10:16:52,998.45,287357
2021-06-24 10:16:52,998.45,287357
2021-06-24 10:16:53,998.45,287357
2021-06-24 10:16:54,998.45,287382
2021-06-24 10:16:55,998.1,287626
2021-06-24 10:16:56,998.7,287726
2021-06-24 10:16:58,998.65,287737
2021-06-24 10:17:00,998.65,287737
2021-06-24 10:17:00,998.65,287737
2021-06-24 10:17:02,998.65,287741
2021-06-24 10:17:04,998.65,287743
2021-06-24 10:17:05,998.35,287744
2021-06-24 10:17:07,998.35,287758
2021-06-24 10:17:09,998.35,287758
2021-06-24 10:17:09,998.8,288266
2021-06-24 10:17:10,998.8,288266
2021-06-24 10:17:12,998.0,288370
2021-06-24 10:17:12,998.0,288370
2021-06-24 10:17:13,998.0,288370
2021-06-24 10:17:14,998.0,288370
2021-06-24 10:17:15,998.55,288734
2021-06-24 10:17:17,997.7,289840
2021-06-24 10:17:17,997.55,291077
2021-06-24 10:17:18,997.0,292771
2021-06-24 10:17:19,996.4,293330
2021-06-24 10:17:20,996.55,294260
2021-06-24 10:17:21,996.85,294574
2021-06-24 10:17:22,996.9,294737
2021-06-24 10:17:23,996.6,294791
2021-06-24 10:17:24,996.6,294808
2021-06-24 10:17:26,996.85,294861
2021-06-24 10:17:26,996.6,294879
2021-06-24 10:17:27,996.6,294895
2021-06-24 10:17:28,996.6,294901
2021-06-24 10:17:29,996.6,294903
2021-06-24 10:17:30,996.6,294910
2021-06-24 10:17:32,996.6,294913
2021-06-24 10:17:34,996.6,294914
2021-06-24 10:17:36,996.2,296951
2021-06-24 10:17:38,996.45,303064
2021-06-24 10:17:39,996.6,306017
2021-06-24 10:17:40,996.3,306995
2021-06-24 10:17:42,996.05,307400
2021-06-24 10:17:42,996.05,307610
2021-06-24 10:17:43,996.3,307824
2021-06-24 10:17:44,996.6,309765
2021-06-24 10:17:45,995.9,310254
2021-06-24 10:17:46,995.9,310416
2021-06-24 10:17:48,995.5,311136
2021-06-24 10:17:48,995.5,311438
2021-06-24 10:17:49,995.5,311603
2021-06-24 10:17:50,995.8,311747
2021-06-24 10:17:51,996.45,312599
2021-06-24 10:17:52,996.1,313443
2021-06-24 10:17:53,995.8,313772
2021-06-24 10:17:55,996.25,314143
2021-06-24 10:17:55,995.65,314330
2021-06-24 10:17:56,996.4,315275
2021-06-24 10:17:57,996.0,316579
2021-06-24 10:17:58,996.55,317844
2021-06-24 10:18:00,996.8,319828
2021-06-24 10:18:01,996.25,322944
2021-06-24 10:18:01,996.3,321758
2021-06-24 10:18:02,996.1,323384
2021-06-24 10:18:03,995.7,323529
2021-06-24 10:18:05,996.25,324598
2021-06-24 10:18:06,996.25,325023
2021-06-24 10:18:07,996.45,325804
2021-06-24 10:18:08,996.85,326802
2021-06-24 10:18:09,996.8,327881
2021-06-24 10:18:12,995.95,329458
2021-06-24 10:18:13,995.9,329928
2021-06-24 10:18:14,995.95,330043
2021-06-24 10:18:15,995.95,330098
2021-06-24 10:18:17,995.95,330116
2021-06-24 10:18:18,996.35,330127
2021-06-24 10:18:18,995.95,330130
2021-06-24 10:18:19,996.35,330136
2021-06-24 10:18:20,995.95,330138
2021-06-24 10:18:22,996.0,330145
2021-06-24 10:18:23,996.35,330156
2021-06-24 10:18:24,995.95,330160
2021-06-24 10:18:25,995.95,330161
2021-06-24 10:18:26,995.95,330162
2021-06-24 10:18:27,995.95,330184
2021-06-24 10:18:27,995.95,330191
2021-06-24 10:18:28,995.95,330193
2021-06-24 10:18:29,996.35,330204
2021-06-24 10:18:30,995.95,330208
2021-06-24 10:18:31,995.95,330209
2021-06-24 10:18:33,995.95,330209
2021-06-24 10:18:34,995.95,330209
2021-06-24 10:18:36,995.95,330209
2021-06-24 10:18:37,995.95,330232
2021-06-24 10:18:39,996.35,330433
2021-06-24 10:18:40,995.95,330571
2021-06-24 10:18:40,995.95,330617
2021-06-24 10:18:41,995.95,330644
2021-06-24 10:18:42,996.05,331421
2021-06-24 10:18:43,996.9,332533
2021-06-24 10:18:45,996.95,333808
2021-06-24 10:18:46,995.9,335219
2021-06-24 10:18:47,996.05,335380
2021-06-24 10:18:48,995.85,335640
2021-06-24 10:18:49,996.4,336064
2021-06-24 10:18:50,996.0,336610
2021-06-24 10:18:51,995.75,336836
2021-06-24 10:18:53,995.75,337050
2021-06-24 10:18:54,995.75,337122
2021-06-24 10:18:55,995.75,337146
2021-06-24 10:18:55,995.75,337154
2021-06-24 10:18:56,995.75,337156
2021-06-24 10:18:57,995.75,337180
2021-06-24 10:18:58,996.4,337189
2021-06-24 10:18:59,995.8,337192
2021-06-24 10:19:01,995.8,337193
2021-06-24 10:19:02,995.8,337193
2021-06-24 10:19:03,995.85,337208
2021-06-24 10:19:04,996.85,337758
2021-06-24 10:19:05,996.0,339639
2021-06-24 10:19:05,995.45,340259
2021-06-24 10:19:06,995.15,340464
2021-06-24 10:19:07,995.8,340786
2021-06-24 10:19:08,996.0,342401
2021-06-24 10:19:09,995.9,342976
2021-06-24 10:19:10,996.45,343247
2021-06-24 10:19:12,995.6,344773
2021-06-24 10:19:13,995.35,345276
2021-06-24 10:19:14,995.55,345536
2021-06-24 10:19:16,995.55,345651
2021-06-24 10:19:16,995.55,345660
2021-06-24 10:19:17,995.55,345686
2021-06-24 10:19:18,996.1,345699
2021-06-24 10:19:19,996.1,345710
2021-06-24 10:19:21,995.55,345714
2021-06-24 10:19:22,995.55,345715
2021-06-24 10:19:23,996.1,345716
2021-06-24 10:19:24,996.1,345721
2021-06-24 10:19:25,995.55,345722
2021-06-24 10:19:25,996.8,346121
2021-06-24 10:19:26,996.2,346581
2021-06-24 10:19:27,995.65,346733
2021-06-24 10:19:28,995.6,346891
2021-06-24 10:19:30,995.6,346966
2021-06-24 10:19:31,995.7,346999
2021-06-24 10:19:31,995.7,346991
2021-06-24 10:19:32,995.65,347002
2021-06-24 10:19:33,995.65,347003
2021-06-24 10:19:35,996.1,347009
2021-06-24 10:19:36,995.65,347011
2021-06-24 10:19:37,996.1,347013
2021-06-24 10:19:38,995.75,347034
2021-06-24 10:19:38,995.75,347041
2021-06-24 10:19:39,996.3,347184
2021-06-24 10:19:40,996.75,348660
2021-06-24 10:19:41,995.9,349368
2021-06-24 10:19:43,996.6,349669
2021-06-24 10:19:44,996.35,351120
2021-06-24 10:19:44,995.75,351630
2021-06-24 10:19:45,996.5,352548
2021-06-24 10:19:46,995.65,352993
2021-06-24 10:19:47,995.9,353144
2021-06-24 10:19:48,995.9,353240
2021-06-24 10:19:50,996.0,353993
2021-06-24 10:19:51,996.45,354261
2021-06-24 10:19:51,995.9,354350
2021-06-24 10:19:52,995.95,354391
2021-06-24 10:19:53,995.95,354404
2021-06-24 10:19:56,996.45,354577
2021-06-24 10:19:57,996.0,354832
2021-06-24 10:19:57,996.0,354996
2021-06-24 10:19:58,996.0,355116
2021-06-24 10:19:59,996.0,355252
2021-06-24 10:20:02,996.0,355563
2021-06-24 10:20:03,996.0,355713
2021-06-24 10:20:04,996.0,355862
2021-06-24 10:20:04,995.95,355967
2021-06-24 10:20:05,995.85,356002
2021-06-24 10:20:06,995.95,356023
2021-06-24 10:20:07,995.95,356108
2021-06-24 10:20:08,995.95,356157
2021-06-24 10:20:10,996.4,356180
2021-06-24 10:20:12,995.95,356183
2021-06-24 10:20:13,995.95,356185
2021-06-24 10:20:15,996.35,356189
2021-06-24 10:20:16,996.0,356390
2021-06-24 10:20:18,995.95,357011
2021-06-24 10:20:19,995.7,357216
2021-06-24 10:20:20,995.85,357284
2021-06-24 10:20:21,996.0,357550
2021-06-24 10:20:22,996.25,357966
2021-06-24 10:20:23,995.55,358103
2021-06-24 10:20:24,995.55,358252
2021-06-24 10:20:26,995.55,358287
2021-06-24 10:20:27,995.55,358298
2021-06-24 10:20:28,995.55,358466
2021-06-24 10:20:29,995.55,358522
2021-06-24 10:20:30,995.75,359691
2021-06-24 10:20:30,996.35,359401
2021-06-24 10:20:31,995.7,359794
2021-06-24 10:20:32,996.2,359926
2021-06-24 10:20:34,995.55,359970
2021-06-24 10:20:35,995.55,359985
2021-06-24 10:20:36,995.55,359989
2021-06-24 10:20:37,995.55,360006
2021-06-24 10:20:37,995.55,360011
2021-06-24 10:20:38,995.55,360013
2021-06-24 10:20:39,995.55,360014
2021-06-24 10:20:42,995.7,360033
2021-06-24 10:20:43,995.55,360044
2021-06-24 10:20:44,995.55,360048
2021-06-24 10:20:45,995.55,360049
2021-06-24 10:20:46,995.55,360050
2021-06-24 10:20:47,995.55,360072
2021-06-24 10:20:48,995.55,360081
2021-06-24 10:20:50,996.35,360382
2021-06-24 10:20:51,995.6,360481
2021-06-24 10:20:52,995.6,360514
2021-06-24 10:20:53,995.6,360529
2021-06-24 10:20:53,995.6,360525
2021-06-24 10:20:54,995.6,360530
2021-06-24 10:20:56,995.6,360530
2021-06-24 10:20:57,996.25,360556
2021-06-24 10:20:57,995.65,360565
2021-06-24 10:20:58,995.65,360568
2021-06-24 10:21:01,995.65,360571
2021-06-24 10:21:02,995.65,360572
2021-06-24 10:21:03,995.65,360572
2021-06-24 10:21:04,996.2,360594
2021-06-24 10:21:05,995.75,361512
2021-06-24 10:21:05,995.75,361815
2021-06-24 10:21:06,995.85,361915
2021-06-24 10:21:08,996.5,362206
2021-06-24 10:21:09,995.8,363050
2021-06-24 10:21:10,995.5,363110
2021-06-24 10:21:11,995.5,363110
2021-06-24 10:21:12,995.6,363206
2021-06-24 10:21:13,995.6,363206
2021-06-24 10:21:14,995.65,363216
2021-06-24 10:21:15,995.65,363217
2021-06-24 10:21:16,995.65,363217
2021-06-24 10:21:17,995.65,363244
2021-06-24 10:21:18,996.25,363316
2021-06-24 10:21:18,996.25,363316
2021-06-24 10:21:19,996.25,363316
2021-06-24 10:21:20,996.25,363330
2021-06-24 10:21:21,996.15,363331
2021-06-24 10:21:23,996.15,363331
2021-06-24 10:21:24,996.15,363331
2021-06-24 10:21:25,996.7,363469
2021-06-24 10:21:26,996.7,363469
2021-06-24 10:21:27,996.7,363469
2021-06-24 10:21:28,996.7,363469
2021-06-24 10:21:28,996.7,363469
2021-06-24 10:21:29,996.7,363469
2021-06-24 10:21:30,996.7,363469
2021-06-24 10:21:31,997.65,365719
2021-06-24 10:21:32,997.65,365719
2021-06-24 10:21:33,997.65,365719
2021-06-24 10:21:35,997.65,365719
2021-06-24 10:21:35,997.65,365719
2021-06-24 10:21:36,997.65,365719
2021-06-24 10:21:37,997.3,365742
2021-06-24 10:21:38,997.3,365742
2021-06-24 10:21:39,997.15,365884
2021-06-24 10:21:41,997.45,365912
2021-06-24 10:21:42,997.45,365912
2021-06-24 10:21:42,997.45,365912
2021-06-24 10:21:43,997.45,365928
2021-06-24 10:21:45,997.45,365928
2021-06-24 10:21:47,997.6,366317
2021-06-24 10:21:48,997.05,366347
2021-06-24 10:21:49,997.05,366347
2021-06-24 10:21:50,997.05,366347
2021-06-24 10:21:51,997.05,366347
2021-06-24 10:21:52,997.7,366351
2021-06-24 10:21:53,997.7,366351
2021-06-24 10:21:54,997.7,366351
2021-06-24 10:21:55,997.95,366460
2021-06-24 10:21:56,997.95,366460
2021-06-24 10:21:56,997.95,366460
2021-06-24 10:21:58,997.95,366461
2021-06-24 10:21:57,997.95,366460
2021-06-24 10:21:59,998.0,367409
2021-06-24 10:22:01,998.15,367510
2021-06-24 10:22:02,998.15,367511
2021-06-24 10:22:03,998.15,367511
2021-06-24 10:22:03,998.15,367511
2021-06-24 10:22:05,997.5,367605
2021-06-24 10:22:07,998.1,367721
2021-06-24 10:22:10,998.15,367722
2021-06-24 10:22:11,998.35,368564
2021-06-24 10:22:12,998.15,368565
2021-06-24 10:22:13,998.15,368565
2021-06-24 10:22:15,998.15,368565
2021-06-24 10:22:17,997.6,368588
2021-06-24 10:22:18,998.5,369634
2021-06-24 10:22:19,998.75,370014
2021-06-24 10:22:20,998.8,371000
2021-06-24 10:22:20,998.8,371000
2021-06-24 10:22:21,998.75,371006
2021-06-24 10:22:22,998.75,371006
2021-06-24 10:22:23,998.35,372180
2021-06-24 10:22:24,998.35,372180
2021-06-24 10:22:25,998.35,372180
2021-06-24 10:22:27,998.35,372180
2021-06-24 10:22:28,998.9,372213
2021-06-24 10:22:30,998.9,372213
2021-06-24 10:22:32,998.9,372213
2021-06-24 10:22:33,998.9,372213
2021-06-24 10:22:34,998.9,372213
2021-06-24 10:22:35,998.0,372215
2021-06-24 10:22:36,998.0,372215
2021-06-24 10:22:37,998.05,372238
2021-06-24 10:22:38,998.65,372243
2021-06-24 10:22:39,998.65,372243
2021-06-24 10:22:40,998.65,372243
2021-06-24 10:22:42,998.65,372243
2021-06-24 10:22:44,998.65,372243
2021-06-24 10:22:45,998.65,372243
2021-06-24 10:22:46,998.65,372243
2021-06-24 10:22:47,998.4,372424
2021-06-24 10:22:48,998.0,372446
2021-06-24 10:22:49,998.0,372446
2021-06-24 10:22:50,998.45,372448
2021-06-24 10:22:51,998.0,372455
2021-06-24 10:22:52,998.0,372455
2021-06-24 10:22:53,998.0,372455
2021-06-24 10:22:54,998.0,372465
2021-06-24 10:22:55,998.65,373616
2021-06-24 10:22:56,998.65,373616
2021-06-24 10:22:57,998.65,373616
2021-06-24 10:22:58,998.8,373742
2021-06-24 10:22:59,998.8,373742
2021-06-24 10:23:00,998.8,373742
2021-06-24 10:23:02,998.8,373742
2021-06-24 10:23:03,998.8,373742
2021-06-24 10:23:04,998.8,373742
2021-06-24 10:23:05,998.8,373743
2021-06-24 10:23:06,998.8,373743
2021-06-24 10:23:07,998.8,373921
2021-06-24 10:23:08,998.8,373921
2021-06-24 10:23:09,998.8,373921
2021-06-24 10:23:10,998.0,373925
2021-06-24 10:23:11,998.0,373925
2021-06-24 10:23:12,998.0,373946
2021-06-24 10:23:16,998.0,373946
2021-06-24 10:23:17,997.5,373969
2021-06-24 10:23:18,997.5,373969
2021-06-24 10:23:20,997.5,373969
2021-06-24 10:23:21,997.5,373971
2021-06-24 10:23:22,997.5,373971
2021-06-24 10:23:25,998.0,373981
2021-06-24 10:23:26,998.0,373981
2021-06-24 10:23:27,997.6,374003
2021-06-24 10:23:30,997.6,374004
2021-06-24 10:23:32,997.6,374004
2021-06-24 10:23:33,997.6,374004
2021-06-24 10:23:34,997.6,374004
2021-06-24 10:23:36,997.6,374004
2021-06-24 10:23:37,997.6,374032
2021-06-24 10:23:39,998.0,374033
2021-06-24 10:23:40,998.0,374033
2021-06-24 10:23:42,998.0,374033
2021-06-24 10:23:43,998.0,374033
2021-06-24 10:23:44,998.0,374033
2021-06-24 10:23:45,998.0,374033
2021-06-24 10:23:47,997.65,374055
2021-06-24 10:23:49,997.65,374055
2021-06-24 10:23:50,997.65,374055
2021-06-24 10:23:52,997.65,374055
2021-06-24 10:23:53,997.65,374055
2021-06-24 10:23:54,998.0,374154
2021-06-24 10:23:55,998.0,374154
2021-06-24 10:23:57,998.6,374172
2021-06-24 10:24:00,998.6,374172
2021-06-24 10:24:01,998.0,374176
2021-06-24 10:24:02,998.0,374176
2021-06-24 10:24:03,998.0,374176
2021-06-24 10:24:04,998.0,374176
2021-06-24 10:24:04,998.0,374176
2021-06-24 10:24:05,998.0,374176
2021-06-24 10:24:07,998.0,374198
2021-06-24 10:24:08,998.0,374198
2021-06-24 10:24:09,998.0,374198
2021-06-24 10:24:10,998.0,374198
2021-06-24 10:24:12,998.0,374198
2021-06-24 10:24:13,998.0,374198
2021-06-24 10:24:15,998.0,374198
2021-06-24 10:24:17,998.0,374221
2021-06-24 10:24:18,998.0,374221
2021-06-24 10:24:19,998.0,374221
2021-06-24 10:24:20,998.0,374221
2021-06-24 10:24:21,998.0,374222
2021-06-24 10:24:22,998.0,374222
2021-06-24 10:24:23,998.0,374222
2021-06-24 10:24:24,998.5,374262
2021-06-24 10:24:25,998.5,374262
2021-06-24 10:24:27,998.0,374304
2021-06-24 10:24:28,998.0,374304
2021-06-24 10:24:29,998.0,374304
2021-06-24 10:24:30,998.0,374304
2021-06-24 10:24:31,998.5,374314
2021-06-24 10:24:32,998.5,374314
2021-06-24 10:24:33,998.5,374353
2021-06-24 10:24:34,998.5,374353
2021-06-24 10:24:35,998.5,374353
2021-06-24 10:24:36,998.5,374353
2021-06-24 10:24:37,998.05,374355
2021-06-24 10:24:38,998.05,374355
2021-06-24 10:24:39,998.05,374355
2021-06-24 10:24:40,998.05,374355
2021-06-24 10:24:41,998.05,374355
2021-06-24 10:24:42,998.0,374376
2021-06-24 10:24:43,998.8,374411
2021-06-24 10:24:44,998.65,374418
2021-06-24 10:24:45,998.65,374426
2021-06-24 10:24:46,998.65,374426
2021-06-24 10:24:48,998.65,374426
2021-06-24 10:24:50,998.8,375171
2021-06-24 10:24:49,999.45,375161
2021-06-24 10:24:51,998.8,375171
2021-06-24 10:24:52,998.8,375171
2021-06-24 10:24:53,998.75,375177
2021-06-24 10:24:54,998.75,375177
2021-06-24 10:24:55,998.75,375177
2021-06-24 10:24:56,998.75,375177
2021-06-24 10:24:57,998.75,375221
2021-06-24 10:24:58,998.75,375221
2021-06-24 10:24:59,998.75,375271
2021-06-24 10:25:00,998.75,375271
2021-06-24 10:25:01,998.75,375271
2021-06-24 10:25:02,998.9,375402
2021-06-24 10:25:03,998.9,375402
2021-06-24 10:25:04,998.9,375402
2021-06-24 10:25:05,998.9,375402
2021-06-24 10:25:06,998.9,375402
2021-06-24 10:25:07,998.9,375402
2021-06-24 10:25:09,998.9,375402
2021-06-24 10:25:10,998.9,375402
2021-06-24 10:25:11,998.8,375406
2021-06-24 10:25:12,998.8,375406
2021-06-24 10:25:13,998.8,375406
2021-06-24 10:25:14,998.8,375406
2021-06-24 10:25:15,999.0,375434
2021-06-24 10:25:16,999.0,375434
2021-06-24 10:25:17,999.25,376184
2021-06-24 10:25:18,999.4,376234
2021-06-24 10:25:19,999.4,376234
2021-06-24 10:25:20,999.5,376325
2021-06-24 10:25:21,999.5,376325
2021-06-24 10:25:22,999.5,376325
2021-06-24 10:25:23,999.0,376375
2021-06-24 10:25:24,999.35,376376
2021-06-24 10:25:25,999.35,376376
2021-06-24 10:25:26,999.35,376376
2021-06-24 10:25:27,998.8,376398
2021-06-24 10:25:28,998.8,376398
2021-06-24 10:25:29,998.8,376398
2021-06-24 10:25:30,998.8,376398
2021-06-24 10:25:31,999.0,376437
2021-06-24 10:25:32,999.0,376437
2021-06-24 10:25:34,999.0,376437
2021-06-24 10:25:35,998.8,376477
2021-06-24 10:25:37,998.8,377200
2021-06-24 10:25:38,999.0,377201
2021-06-24 10:25:39,999.0,377201
2021-06-24 10:25:41,999.0,377201
2021-06-24 10:25:42,999.0,377201
2021-06-24 10:25:43,999.0,377718
2021-06-24 10:25:44,999.0,377718
2021-06-24 10:25:45,999.0,377723
2021-06-24 10:25:47,999.0,377723
2021-06-24 10:25:48,999.0,377723
2021-06-24 10:25:49,999.0,377723
2021-06-24 10:25:50,999.3,377954
2021-06-24 10:25:51,999.3,377954
2021-06-24 10:25:52,999.3,377954
2021-06-24 10:25:54,999.3,377954
2021-06-24 10:25:55,999.3,377954
2021-06-24 10:25:56,999.25,377955
2021-06-24 10:25:57,999.0,378744
2021-06-24 10:25:58,999.0,378744
2021-06-24 10:25:59,999.0,378744
2021-06-24 10:26:00,999.0,378744
2021-06-24 10:26:01,999.0,378744
2021-06-24 10:26:02,999.0,378744
2021-06-24 10:26:03,999.0,378744
2021-06-24 10:26:04,998.5,378769
2021-06-24 10:26:06,998.5,378776
2021-06-24 10:26:07,998.15,378798
2021-06-24 10:26:08,998.15,378798
2021-06-24 10:26:09,998.5,378802
2021-06-24 10:26:10,998.45,378876
2021-06-24 10:26:11,998.45,378876
2021-06-24 10:26:13,998.45,378876
2021-06-24 10:26:12,998.45,378876
2021-06-24 10:26:14,998.5,378899
2021-06-24 10:26:15,998.5,378899
2021-06-24 10:26:16,998.5,378900
2021-06-24 10:26:17,998.5,379023
2021-06-24 10:26:18,998.0,379073
2021-06-24 10:26:19,998.0,379073
2021-06-24 10:26:20,998.0,379073
2021-06-24 10:26:21,997.8,379153
2021-06-24 10:26:22,997.8,379153
2021-06-24 10:26:23,997.8,379153
2021-06-24 10:26:24,997.8,379153
2021-06-24 10:26:25,997.8,379153
2021-06-24 10:26:26,997.8,379153
2021-06-24 10:26:27,997.8,379176
2021-06-24 10:26:28,997.8,379176
2021-06-24 10:26:29,998.6,379229
2021-06-24 10:26:30,998.6,379229
2021-06-24 10:26:31,998.6,379229
2021-06-24 10:26:32,998.6,379229
2021-06-24 10:26:33,998.6,379229
2021-06-24 10:26:34,998.6,379229
2021-06-24 10:26:35,998.6,379229
2021-06-24 10:26:36,998.6,379229
2021-06-24 10:26:38,998.35,379252
2021-06-24 10:26:39,998.35,379252
2021-06-24 10:26:40,998.35,379252
2021-06-24 10:26:42,998.35,379252
2021-06-24 10:26:43,998.35,379252
2021-06-24 10:26:47,998.35,379252
2021-06-24 10:26:48,998.4,379274
2021-06-24 10:26:49,998.4,379274
2021-06-24 10:26:49,998.4,379274
2021-06-24 10:26:50,998.4,379274
2021-06-24 10:26:53,998.25,379275
2021-06-24 10:26:54,998.25,379276
2021-06-24 10:26:56,998.85,379286
2021-06-24 10:26:57,999.0,379363
2021-06-24 10:26:58,999.0,379363
2021-06-24 10:27:01,999.0,379363
2021-06-24 10:27:01,999.0,379363
2021-06-24 10:27:02,999.0,379363
2021-06-24 10:27:03,998.45,379391
2021-06-24 10:27:04,998.45,379391
2021-06-24 10:27:06,998.45,379391
2021-06-24 10:27:07,998.45,379391
2021-06-24 10:27:07,998.5,379418
2021-06-24 10:27:08,998.5,379418
2021-06-24 10:27:09,998.5,379418
2021-06-24 10:27:12,998.5,379418
2021-06-24 10:27:12,998.5,379418
2021-06-24 10:27:13,999.0,379420
2021-06-24 10:27:14,999.0,379420
2021-06-24 10:27:15,999.0,379420
2021-06-24 10:27:16,999.0,379420
2021-06-24 10:27:17,999.05,379596
2021-06-24 10:27:18,999.05,379596
2021-06-24 10:27:19,999.05,379596
2021-06-24 10:27:20,999.05,379596
2021-06-24 10:27:21,999.05,379596
2021-06-24 10:27:23,999.05,379596
2021-06-24 10:27:24,999.05,379596
2021-06-24 10:27:25,999.05,379596
2021-06-24 10:27:26,999.2,379636
2021-06-24 10:27:27,999.15,379637
2021-06-24 10:27:28,999.15,379637
2021-06-24 10:27:29,998.75,379645
2021-06-24 10:27:30,998.75,379645
2021-06-24 10:27:32,999.35,380260
2021-06-24 10:27:32,999.35,380260
2021-06-24 10:27:33,999.35,380260
2021-06-24 10:27:34,999.35,380560
2021-06-24 10:27:35,999.65,380563
2021-06-24 10:27:37,999.75,381224
2021-06-24 10:27:38,999.35,381255
2021-06-24 10:27:40,999.35,381255
2021-06-24 10:27:41,999.9,382748
2021-06-24 10:27:42,999.75,383508
2021-06-24 10:27:43,999.75,383508
2021-06-24 10:27:44,999.75,383508
2021-06-24 10:27:45,999.75,383508
2021-06-24 10:27:46,999.75,383508
2021-06-24 10:27:47,999.15,383512
2021-06-24 10:27:48,999.15,383512
2021-06-24 10:27:51,999.35,383738
2021-06-24 10:27:51,999.35,383738
2021-06-24 10:27:52,999.35,383738
2021-06-24 10:27:53,999.35,383738
2021-06-24 10:27:54,999.35,383738
2021-06-24 10:27:56,999.5,383890
2021-06-24 10:28:00,999.5,383890
2021-06-24 10:28:01,999.5,383890
2021-06-24 10:28:02,999.5,383930
2021-06-24 10:28:03,999.5,383930
2021-06-24 10:28:04,999.1,383951
2021-06-24 10:28:05,999.1,383951
2021-06-24 10:28:06,999.1,383951
2021-06-24 10:28:07,999.15,383973
2021-06-24 10:28:08,999.8,383984
2021-06-24 10:28:09,999.2,383993
2021-06-24 10:28:10,999.65,383994
2021-06-24 10:28:11,999.65,383994
2021-06-24 10:28:12,999.65,383994
2021-06-24 10:28:14,999.2,384015
2021-06-24 10:28:15,999.2,384015
2021-06-24 10:28:16,999.6,384565
2021-06-24 10:28:17,999.1,384608
2021-06-24 10:28:18,999.05,384618
2021-06-24 10:28:19,999.05,384618
2021-06-24 10:28:20,999.15,384619
2021-06-24 10:28:21,999.15,384619
2021-06-24 10:28:22,999.65,384745
2021-06-24 10:28:24,999.65,384745
2021-06-24 10:28:25,999.65,384745
2021-06-24 10:28:26,999.6,384751
2021-06-24 10:28:27,999.1,384770
2021-06-24 10:28:28,999.1,384770
2021-06-24 10:28:29,999.1,384770
2021-06-24 10:28:30,999.1,384770
2021-06-24 10:28:31,999.1,384770
2021-06-24 10:28:32,999.1,384770
2021-06-24 10:28:33,999.1,384770
2021-06-24 10:28:34,999.1,384770
2021-06-24 10:28:36,999.1,384770
2021-06-24 10:28:38,999.1,384797
2021-06-24 10:28:38,999.1,384797
2021-06-24 10:28:39,999.1,384817
2021-06-24 10:28:41,999.1,384817
2021-06-24 10:28:41,999.1,384822
2021-06-24 10:28:42,999.1,384822
2021-06-24 10:28:44,999.1,384822
2021-06-24 10:28:45,999.6,384851
2021-06-24 10:28:46,999.6,384851
2021-06-24 10:28:47,999.6,384851
2021-06-24 10:28:47,999.1,384873
2021-06-24 10:28:48,999.1,384873
2021-06-24 10:28:49,999.1,384873
2021-06-24 10:28:50,999.6,384876
2021-06-24 10:28:51,999.6,384876
2021-06-24 10:28:52,999.6,384876
2021-06-24 10:28:54,999.6,384876
2021-06-24 10:28:55,999.6,384876
2021-06-24 10:28:55,999.6,384876
2021-06-24 10:28:56,999.6,384876
2021-06-24 10:28:57,999.5,384899
2021-06-24 10:28:58,999.5,384919
2021-06-24 10:28:59,999.5,384919
2021-06-24 10:29:00,999.5,384919
2021-06-24 10:29:01,999.5,384919
2021-06-24 10:29:02,999.5,384919
2021-06-24 10:29:04,999.5,384927
2021-06-24 10:29:05,999.5,384927
2021-06-24 10:29:06,999.5,384927
2021-06-24 10:29:08,999.1,385035
2021-06-24 10:29:09,999.05,385057
2021-06-24 10:29:10,999.0,385267
2021-06-24 10:29:11,998.9,385409
2021-06-24 10:29:12,998.9,385497
2021-06-24 10:29:13,998.9,385497
2021-06-24 10:29:14,998.85,385609
2021-06-24 10:29:15,998.85,385609
2021-06-24 10:29:16,998.9,385655
2021-06-24 10:29:17,998.3,385678
2021-06-24 10:29:18,998.3,385678
2021-06-24 10:29:19,998.3,385678
2021-06-24 10:29:21,998.7,385688
2021-06-24 10:29:22,998.7,385688
2021-06-24 10:29:22,998.7,385688
2021-06-24 10:29:23,998.65,385800
2021-06-24 10:29:25,998.05,386064
2021-06-24 10:29:26,998.05,386064
2021-06-24 10:29:27,999.15,386565
2021-06-24 10:29:28,999.15,386565
2021-06-24 10:29:29,999.15,386565
2021-06-24 10:29:30,999.15,386565
2021-06-24 10:29:31,998.1,386675
2021-06-24 10:29:32,998.05,386979
2021-06-24 10:29:33,998.1,387067
2021-06-24 10:29:34,998.05,387177
2021-06-24 10:29:36,998.05,387244
2021-06-24 10:29:37,997.95,387261
2021-06-24 10:29:38,997.9,387306
2021-06-24 10:29:39,997.85,387328
2021-06-24 10:29:40,997.95,387333
2021-06-24 10:29:41,998.35,387377
2021-06-24 10:29:42,998.2,387417
2021-06-24 10:29:43,998.2,387483
2021-06-24 10:29:44,998.2,387673
2021-06-24 10:29:45,997.55,387741
2021-06-24 10:29:46,997.55,387741
2021-06-24 10:29:47,997.7,387763
2021-06-24 10:29:49,997.7,387763
2021-06-24 10:29:50,998.2,387873
2021-06-24 10:29:50,998.2,387961
2021-06-24 10:29:51,998.2,387971
2021-06-24 10:29:52,998.2,387971
2021-06-24 10:29:54,998.2,387971
2021-06-24 10:29:57,997.75,387994
2021-06-24 10:29:58,997.75,387994
2021-06-24 10:29:58,997.75,387994
2021-06-24 10:29:59,998.5,388263
2021-06-24 10:30:00,998.5,388355
2021-06-24 10:30:01,998.5,388355
2021-06-24 10:30:02,998.95,388362
2021-06-24 10:30:03,998.5,388374
2021-06-24 10:30:05,999.2,388976
2021-06-24 10:30:06,999.5,388978
2021-06-24 10:30:07,999.5,388978
2021-06-24 10:30:08,999.5,388978
2021-06-24 10:30:10,999.15,389044
2021-06-24 10:30:11,999.15,389154
2021-06-24 10:30:11,999.15,389176
2021-06-24 10:30:13,999.75,389728
2021-06-24 10:30:14,998.9,389748
2021-06-24 10:30:15,999.65,389913
2021-06-24 10:30:16,999.65,389913
2021-06-24 10:30:16,999.65,389913
2021-06-24 10:30:18,999.6,389915
2021-06-24 10:30:18,999.6,389915
2021-06-24 10:30:19,999.6,389915
2021-06-24 10:30:20,999.6,389915
2021-06-24 10:30:21,999.6,389915
2021-06-24 10:30:22,999.6,389915
2021-06-24 10:30:23,999.6,389915
2021-06-24 10:30:24,1000.65,391868
2021-06-24 10:30:25,1000.65,391868
2021-06-24 10:30:26,1000.1,392048
2021-06-24 10:30:27,1000.0,392053
2021-06-24 10:30:28,1000.0,392053
2021-06-24 10:30:29,1000.0,392053
2021-06-24 10:30:30,1000.9,392826
2021-06-24 10:30:31,1000.9,392826
2021-06-24 10:30:32,1000.9,392826
2021-06-24 10:30:33,1000.9,392826
2021-06-24 10:30:34,1000.6,392828
2021-06-24 10:30:35,1000.75,392863
2021-06-24 10:30:36,1000.75,392863
2021-06-24 10:30:37,1000.75,392869
2021-06-24 10:30:38,1000.8,392969
2021-06-24 10:30:39,1000.8,392969
2021-06-24 10:30:40,1001.8,399595
2021-06-24 10:30:41,1001.8,399595
2021-06-24 10:30:43,1001.8,399595
2021-06-24 10:30:44,1001.8,399595
2021-06-24 10:30:45,1001.8,399595
2021-06-24 10:30:47,1001.8,399595
2021-06-24 10:30:48,1000.7,400698
2021-06-24 10:30:48,1000.7,400698
2021-06-24 10:30:49,1000.7,400698
2021-06-24 10:30:50,1000.7,400698
2021-06-24 10:30:51,1000.7,400698
2021-06-24 10:30:52,1000.0,400718
2021-06-24 10:30:53,1000.85,401219
2021-06-24 10:30:54,1000.85,401219
2021-06-24 10:30:56,1000.85,401219
2021-06-24 10:30:57,1000.85,401219
2021-06-24 10:30:58,1000.85,401219
2021-06-24 10:30:59,1000.85,401219
2021-06-24 10:31:00,1000.65,401319
2021-06-24 10:31:01,1000.05,401323
2021-06-24 10:31:02,1000.05,401323
2021-06-24 10:31:03,1000.05,401323
2021-06-24 10:31:03,1000.55,401324
2021-06-24 10:31:05,1000.65,401445
2021-06-24 10:31:06,1000.65,401445
2021-06-24 10:31:07,1000.7,401620
2021-06-24 10:31:08,1000.7,401620
2021-06-24 10:31:08,1000.7,401621
2021-06-24 10:31:09,1000.7,401621
2021-06-24 10:31:11,1000.7,401621
2021-06-24 10:31:11,1000.75,401630
2021-06-24 10:31:12,1000.75,401630
2021-06-24 10:31:13,1000.75,401630
2021-06-24 10:31:15,1000.75,401638
2021-06-24 10:31:16,1000.1,401639
2021-06-24 10:31:17,1000.1,401639
2021-06-24 10:31:18,1000.1,401667
2021-06-24 10:31:19,1000.1,401671
2021-06-24 10:31:20,1000.1,401671
2021-06-24 10:31:20,1000.1,401671
2021-06-24 10:31:22,1000.1,401671
2021-06-24 10:31:23,1000.1,401671
2021-06-24 10:31:24,1000.1,401671
2021-06-24 10:31:25,1000.1,401671
2021-06-24 10:31:26,1000.95,401678
2021-06-24 10:31:27,1000.45,401697
2021-06-24 10:31:28,1000.45,401697
2021-06-24 10:31:29,1000.95,401712
2021-06-24 10:31:30,1000.95,401712
2021-06-24 10:31:31,1000.95,401712
2021-06-24 10:31:32,1000.95,401712
2021-06-24 10:31:34,1000.85,401715
2021-06-24 10:31:35,1000.85,401740
2021-06-24 10:31:36,1000.85,401740
2021-06-24 10:31:36,1000.85,401740
2021-06-24 10:31:37,1000.15,401763
2021-06-24 10:31:39,1000.7,401768
2021-06-24 10:31:40,1000.95,402468
2021-06-24 10:31:41,1000.95,402468
2021-06-24 10:31:42,1000.95,402468
2021-06-24 10:31:44,1000.95,402468
2021-06-24 10:31:45,1000.1,402473
2021-06-24 10:31:46,1000.1,402473
2021-06-24 10:31:47,1000.1,402495
2021-06-24 10:31:48,1000.1,402495
2021-06-24 10:31:49,1000.1,402495
2021-06-24 10:31:51,1000.1,402495
2021-06-24 10:31:52,1000.1,402495
2021-06-24 10:31:53,1000.1,402495
2021-06-24 10:31:56,1000.1,402515
2021-06-24 10:31:56,1000.25,402518
2021-06-24 10:31:57,1000.05,402534
2021-06-24 10:31:58,1000.2,402549
2021-06-24 10:31:59,1000.05,402550
2021-06-24 10:32:01,1000.05,402550
2021-06-24 10:32:02,1000.0,402575
2021-06-24 10:32:03,1000.0,403550
2021-06-24 10:32:05,999.7,403614
2021-06-24 10:32:06,999.7,403614
2021-06-24 10:32:09,999.45,403636
2021-06-24 10:32:08,999.45,403636
2021-06-24 10:32:10,999.45,403636
2021-06-24 10:32:11,999.45,403636
2021-06-24 10:32:12,999.45,403638
2021-06-24 10:32:13,1000.0,403639
2021-06-24 10:32:14,1000.0,403639
2021-06-24 10:32:15,1000.0,403639
2021-06-24 10:32:16,1000.0,403639
2021-06-24 10:32:17,999.8,403694
2021-06-24 10:32:18,999.15,403760
2021-06-24 10:32:19,999.15,403760
2021-06-24 10:32:20,999.15,403760
2021-06-24 10:32:20,999.15,403760
2021-06-24 10:32:21,999.15,403760
2021-06-24 10:32:23,999.15,403760
2021-06-24 10:32:23,999.15,403760
2021-06-24 10:32:24,999.15,403760
2021-06-24 10:32:25,999.0,403762
2021-06-24 10:32:27,999.0,403812
2021-06-24 10:32:28,999.0,403834
2021-06-24 10:32:29,999.0,403834
2021-06-24 10:32:32,999.0,403834
2021-06-24 10:32:33,999.0,403834
2021-06-24 10:32:34,999.4,403884
2021-06-24 10:32:35,999.4,403884
2021-06-24 10:32:36,999.4,403884
2021-06-24 10:32:37,999.0,403907
2021-06-24 10:32:38,999.0,403907
2021-06-24 10:32:39,999.0,403907
2021-06-24 10:32:41,999.0,403907
2021-06-24 10:32:40,999.0,403907
2021-06-24 10:32:42,999.4,403909
2021-06-24 10:32:43,999.4,403909
2021-06-24 10:32:44,999.4,403909
2021-06-24 10:32:45,999.4,403954
2021-06-24 10:32:46,999.4,403954
2021-06-24 10:32:47,999.25,403961
2021-06-24 10:32:49,999.25,403961
2021-06-24 10:32:50,999.25,403961
2021-06-24 10:32:51,999.25,403961
2021-06-24 10:32:51,999.4,403966
2021-06-24 10:32:52,999.4,403966
2021-06-24 10:32:53,999.4,403974
2021-06-24 10:32:55,999.4,403974
2021-06-24 10:32:57,999.25,403994
2021-06-24 10:32:58,999.25,403994
2021-06-24 10:32:58,999.25,403994
2021-06-24 10:33:00,999.25,403994
2021-06-24 10:33:02,999.25,403994
2021-06-24 10:33:03,999.25,403994
2021-06-24 10:33:04,999.25,403994
2021-06-24 10:33:05,999.35,404009
2021-06-24 10:33:07,999.35,404009
2021-06-24 10:33:08,999.4,404031
2021-06-24 10:33:09,999.4,404031
2021-06-24 10:33:10,999.4,404031
2021-06-24 10:33:11,999.4,404031
2021-06-24 10:33:12,999.4,404031
2021-06-24 10:33:13,999.4,404031
2021-06-24 10:33:14,999.4,404031
2021-06-24 10:33:14,999.4,404031
2021-06-24 10:33:16,999.4,404031
2021-06-24 10:33:17,999.55,404054
2021-06-24 10:33:18,999.55,404054
2021-06-24 10:33:19,999.55,404054
2021-06-24 10:33:21,999.55,404054
2021-06-24 10:33:22,999.55,404054
2021-06-24 10:33:23,999.55,404054
2021-06-24 10:33:24,999.55,404054
2021-06-24 10:33:25,999.55,404054
2021-06-24 10:33:26,999.55,404054
2021-06-24 10:33:27,999.55,404064
2021-06-24 10:33:28,999.7,404091
2021-06-24 10:33:30,999.7,404091
2021-06-24 10:33:29,999.7,404091
2021-06-24 10:33:31,999.7,404091
2021-06-24 10:33:32,999.7,404091
2021-06-24 10:33:33,999.7,404091
2021-06-24 10:33:34,999.8,404092
2021-06-24 10:33:35,999.8,404092
2021-06-24 10:33:36,999.8,404093
2021-06-24 10:33:38,999.5,404116
2021-06-24 10:33:39,999.5,404218
2021-06-24 10:33:40,999.5,404218
2021-06-24 10:33:41,999.5,404218
2021-06-24 10:33:42,999.5,404218
2021-06-24 10:33:43,999.5,404218
2021-06-24 10:33:44,999.5,404218
2021-06-24 10:33:47,999.45,404240
2021-06-24 10:33:48,999.45,404240
2021-06-24 10:33:49,999.45,404240
2021-06-24 10:33:52,999.95,404250
2021-06-24 10:33:56,999.95,404250
2021-06-24 10:33:58,999.4,404273
2021-06-24 10:33:58,999.4,404273
2021-06-24 10:33:59,999.4,404273
2021-06-24 10:34:01,999.4,404274
2021-06-24 10:34:02,999.4,404274
2021-06-24 10:34:03,999.4,404274
2021-06-24 10:34:04,999.95,404281
2021-06-24 10:34:05,999.95,404283
2021-06-24 10:34:06,999.95,404283
2021-06-24 10:34:07,999.45,404305
2021-06-24 10:34:10,999.45,404305
2021-06-24 10:34:12,999.45,404305
2021-06-24 10:34:13,999.45,404305
2021-06-24 10:34:15,999.45,404305
2021-06-24 10:34:15,999.45,404305
2021-06-24 10:34:16,999.45,404305
2021-06-24 10:34:17,999.3,404328
2021-06-24 10:34:19,999.3,404328
2021-06-24 10:34:21,999.3,404328
2021-06-24 10:34:22,999.3,404328
2021-06-24 10:34:23,999.85,404379
2021-06-24 10:34:24,999.85,404379
2021-06-24 10:34:26,999.4,404479
2021-06-24 10:34:27,999.35,404501
2021-06-24 10:34:29,999.35,404511
2021-06-24 10:34:31,999.35,404511
2021-06-24 10:34:32,999.35,404511
2021-06-24 10:34:33,999.8,404516
2021-06-24 10:34:37,999.4,404539
2021-06-24 10:34:38,999.3,404778
2021-06-24 10:34:39,999.3,404778
2021-06-24 10:34:40,999.3,404778
2021-06-24 10:34:41,999.3,404778
2021-06-24 10:34:42,999.3,404778
2021-06-24 10:34:44,999.3,404928
2021-06-24 10:34:45,999.3,404928
2021-06-24 10:34:47,999.3,404950
2021-06-24 10:34:48,999.3,404950
2021-06-24 10:34:49,999.3,404950
2021-06-24 10:34:51,999.3,404950
2021-06-24 10:34:52,999.3,404950
2021-06-24 10:34:53,999.3,404950
2021-06-24 10:34:54,999.3,404950
2021-06-24 10:34:55,999.3,404950
2021-06-24 10:34:57,999.3,404950
2021-06-24 10:34:58,999.15,404985
2021-06-24 10:34:59,999.15,404985
2021-06-24 10:35:00,999.3,405003
2021-06-24 10:35:01,999.2,405004
2021-06-24 10:35:03,999.2,405004
2021-06-24 10:35:04,999.2,405009
2021-06-24 10:35:05,999.7,405019
2021-06-24 10:35:06,999.7,405019
2021-06-24 10:35:07,999.7,405071
2021-06-24 10:35:08,999.7,405071
2021-06-24 10:35:09,999.7,405071
2021-06-24 10:35:10,999.7,405071
2021-06-24 10:35:12,999.7,405071
2021-06-24 10:35:14,999.2,405076
2021-06-24 10:35:15,999.2,405076
2021-06-24 10:35:16,999.2,405076
2021-06-24 10:35:17,999.25,405099
2021-06-24 10:35:18,999.25,405099
2021-06-24 10:35:19,999.25,405099
2021-06-24 10:35:20,999.7,405109
2021-06-24 10:35:21,999.7,405109
2021-06-24 10:35:22,999.7,405116
2021-06-24 10:35:24,999.7,405116
2021-06-24 10:35:25,999.7,405116
2021-06-24 10:35:26,999.7,405116
2021-06-24 10:35:27,999.7,405116
2021-06-24 10:35:28,999.2,405138
2021-06-24 10:35:29,999.2,405143
2021-06-24 10:35:30,999.2,405143
2021-06-24 10:35:31,999.2,405143
2021-06-24 10:35:32,999.2,405143
2021-06-24 10:35:33,999.2,405143
2021-06-24 10:35:34,999.2,405143
2021-06-24 10:35:35,999.2,405143
2021-06-24 10:35:36,999.6,405149
2021-06-24 10:35:37,999.35,405172
2021-06-24 10:35:38,999.2,405274
2021-06-24 10:35:39,999.2,405274
2021-06-24 10:35:41,999.2,405274
2021-06-24 10:35:42,999.2,405274
2021-06-24 10:35:43,999.2,405274
2021-06-24 10:35:44,999.2,405274
2021-06-24 10:35:45,999.2,405274
2021-06-24 10:35:47,999.25,405296
2021-06-24 10:35:46,999.2,405274
2021-06-24 10:35:48,999.25,405296
2021-06-24 10:35:50,999.25,405296
2021-06-24 10:35:52,999.25,405296
2021-06-24 10:35:54,999.25,405296
2021-06-24 10:35:55,999.25,405296
2021-06-24 10:35:57,999.2,405495
2021-06-24 10:35:58,999.35,405546
2021-06-24 10:35:59,999.35,405546
2021-06-24 10:36:00,999.35,405546
2021-06-24 10:36:01,999.25,405548
2021-06-24 10:36:02,999.25,405548
2021-06-24 10:36:03,999.25,405548
2021-06-24 10:36:04,999.25,405548
2021-06-24 10:36:05,999.25,405548
2021-06-24 10:36:06,999.25,405548
2021-06-24 10:36:07,999.5,405931
2021-06-24 10:36:08,999.4,406681
2021-06-24 10:36:09,999.4,406687
2021-06-24 10:36:10,999.4,406687
2021-06-24 10:36:11,998.9,406729
2021-06-24 10:36:12,998.9,406729
2021-06-24 10:36:13,998.9,406729
2021-06-24 10:36:14,998.9,406729
2021-06-24 10:36:15,998.9,406729
2021-06-24 10:36:16,999.4,406779
2021-06-24 10:36:17,999.4,406779
2021-06-24 10:36:18,998.9,406802
2021-06-24 10:36:19,998.9,406802
2021-06-24 10:36:20,999.4,406806
2021-06-24 10:36:21,999.6,407006
2021-06-24 10:36:22,999.6,407006
2021-06-24 10:36:23,999.6,407010
2021-06-24 10:36:24,999.6,407010
2021-06-24 10:36:25,999.7,407221
2021-06-24 10:36:26,999.75,407225
2021-06-24 10:36:27,999.75,407225
2021-06-24 10:36:28,999.75,407225
2021-06-24 10:36:29,999.85,407230
2021-06-24 10:36:30,999.85,407230
2021-06-24 10:36:32,999.85,407234
2021-06-24 10:36:33,999.85,407234
2021-06-24 10:36:34,999.95,407294
2021-06-24 10:36:35,1000.0,407298
2021-06-24 10:36:36,999.6,407318
2021-06-24 10:36:38,999.9,407323
2021-06-24 10:36:39,999.9,407323
2021-06-24 10:36:40,999.9,407323
2021-06-24 10:36:41,999.9,407328
2021-06-24 10:36:42,999.4,407413
2021-06-24 10:36:43,999.4,407450
2021-06-24 10:36:44,999.85,407454
2021-06-24 10:36:48,999.25,407475
2021-06-24 10:36:51,999.9,407479
2021-06-24 10:36:54,999.9,407484
2021-06-24 10:36:57,999.35,407615
2021-06-24 10:37:00,999.9,407635
2021-06-24 10:37:04,999.9,407635
2021-06-24 10:37:08,999.5,407657
2021-06-24 10:37:11,999.5,407657
2021-06-24 10:37:15,999.9,407829
2021-06-24 10:37:19,999.9,407856
2021-06-24 10:37:22,999.55,407857
2021-06-24 10:37:25,999.9,407858
2021-06-24 10:37:28,999.5,407880
2021-06-24 10:37:31,999.6,407882
2021-06-24 10:37:33,999.5,407906
2021-06-24 10:37:36,999.0,408942
2021-06-24 10:37:39,999.45,408985
2021-06-24 10:37:41,999.45,408985
2021-06-24 10:37:44,999.85,409712
2021-06-24 10:37:48,999.85,409712
2021-06-24 10:37:51,999.45,409722
2021-06-24 10:37:54,999.45,409722
2021-06-24 10:37:57,999.0,409745
2021-06-24 10:38:00,999.0,409745
2021-06-24 10:38:03,999.0,409745
2021-06-24 10:38:06,999.0,409745
2021-06-24 10:38:10,999.05,409756
2021-06-24 10:38:13,998.9,409767
2021-06-24 10:38:16,999.05,409790
2021-06-24 10:38:19,999.05,409790
2021-06-24 10:38:22,998.9,409810
2021-06-24 10:38:24,999.35,409818
2021-06-24 10:38:27,999.05,409840
2021-06-24 10:38:30,999.05,409840
2021-06-24 10:38:33,999.35,410105
2021-06-24 10:38:36,999.35,410155
2021-06-24 10:38:39,999.65,410182
2021-06-24 10:38:42,999.75,410201
2021-06-24 10:38:45,999.75,410201
2021-06-24 10:38:48,999.35,410224
2021-06-24 10:38:51,999.35,410224
2021-06-24 10:38:53,999.7,410230
2021-06-24 10:38:56,999.7,410230
2021-06-24 10:38:59,999.35,410254
2021-06-24 10:39:01,999.35,410254
2021-06-24 10:39:05,999.35,410254
2021-06-24 10:39:08,999.4,410276
2021-06-24 10:39:13,999.75,410283
2021-06-24 10:39:16,999.75,410284
2021-06-24 10:39:19,999.9,411476
2021-06-24 10:39:22,999.9,411791
2021-06-24 10:39:25,999.25,412106
2021-06-24 10:39:28,1000.0,412289
2021-06-24 10:39:32,1000.1,412341
2021-06-24 10:39:35,1000.1,412341
2021-06-24 10:39:38,999.65,412424
2021-06-24 10:39:42,999.65,413224
2021-06-24 10:39:45,999.65,413224
2021-06-24 10:39:49,999.6,413244
2021-06-24 10:39:52,999.4,413246
2021-06-24 10:39:56,999.4,413246
2021-06-24 10:39:58,999.4,413259
2021-06-24 10:40:01,999.4,413260
2021-06-24 10:40:05,999.4,413291
2021-06-24 10:40:09,999.4,413291
2021-06-24 10:40:13,999.85,413293
2021-06-24 10:40:17,999.85,413293
2021-06-24 10:40:20,999.4,413316
2021-06-24 10:40:24,999.75,413323
2021-06-24 10:40:28,999.4,413350
2021-06-24 10:40:31,999.4,413350
2021-06-24 10:40:35,999.4,413350
2021-06-24 10:40:38,999.4,413373
2021-06-24 10:40:41,999.4,413373
2021-06-24 10:40:44,999.4,413378
2021-06-24 10:40:47,999.4,413378
2021-06-24 10:40:50,999.4,413475
2021-06-24 10:40:53,999.4,413475
2021-06-24 10:40:56,999.4,413475
2021-06-24 10:40:59,999.0,413502
2021-06-24 10:41:02,999.0,413502
2021-06-24 10:41:05,999.0,413502
2021-06-24 10:41:09,998.9,413604
2021-06-24 10:41:12,998.9,413604
2021-06-24 10:41:15,998.9,413604
2021-06-24 10:41:19,998.65,413641
2021-06-24 10:41:22,998.65,413691
2021-06-24 10:41:25,998.65,413691
2021-06-24 10:41:29,998.55,413714
2021-06-24 10:41:34,999.0,413852
2021-06-24 10:41:37,999.0,413890
2021-06-24 10:41:40,999.65,414190
2021-06-24 10:41:44,999.65,414190
2021-06-24 10:41:47,999.0,414240
2021-06-24 10:41:50,999.0,414322
2021-06-24 10:41:53,999.55,414324
2021-06-24 10:41:56,999.55,414324
2021-06-24 10:41:59,999.1,414344
2021-06-24 10:42:02,999.1,414369
2021-06-24 10:42:05,999.1,414369
2021-06-24 10:42:08,999.1,414369
2021-06-24 10:42:11,999.55,414402
2021-06-24 10:42:15,999.55,414402
2021-06-24 10:42:19,999.1,414425
2021-06-24 10:42:22,999.1,414425
2021-06-24 10:42:25,999.1,414425
2021-06-24 10:42:32,999.5,414477
2021-06-24 10:42:36,999.5,414477
2021-06-24 10:42:39,999.5,414502
2021-06-24 10:42:43,999.1,414512
2021-06-24 10:42:47,999.0,414565
2021-06-24 10:42:50,999.5,414590
2021-06-24 10:42:56,999.5,414591
2021-06-24 10:42:59,999.55,414641
2021-06-24 10:43:03,999.55,414641
2021-06-24 10:43:06,999.2,415789
2021-06-24 10:43:08,999.05,415848
2021-06-24 10:43:11,999.65,415849
2021-06-24 10:43:14,999.1,415854
2021-06-24 10:43:17,999.1,415854
2021-06-24 10:43:20,999.0,415864
2021-06-24 10:43:23,998.6,415887
2021-06-24 10:43:27,998.6,415887
2021-06-24 10:43:30,998.6,415909
2021-06-24 10:43:33,998.6,415909
2021-06-24 10:43:36,999.2,415976
2021-06-24 10:43:38,998.6,415999
2021-06-24 10:43:41,998.6,416000
2021-06-24 10:43:44,998.6,416000
2021-06-24 10:43:47,998.0,417022
2021-06-24 10:43:50,998.0,417022
2021-06-24 10:43:53,998.0,417022
2021-06-24 10:43:55,998.8,417032
2021-06-24 10:43:58,999.0,417087
2021-06-24 10:44:01,999.0,417088
2021-06-24 10:44:04,999.0,417088
2021-06-24 10:44:06,999.0,417088
2021-06-24 10:44:09,998.95,417149
2021-06-24 10:44:12,998.95,417149
2021-06-24 10:44:14,998.95,417149
2021-06-24 10:44:17,998.3,417172
2021-06-24 10:44:20,998.3,417172
2021-06-24 10:44:22,998.3,417172
2021-06-24 10:44:25,998.3,417172
2021-06-24 10:44:28,998.2,417201
2021-06-24 10:44:33,998.2,417201
2021-06-24 10:44:36,998.2,417201
2021-06-24 10:44:40,998.2,417224
2021-06-24 10:44:43,998.2,417224
2021-06-24 10:44:47,998.2,417224
2021-06-24 10:44:50,998.2,417246
2021-06-24 10:44:54,998.2,417246
2021-06-24 10:44:57,998.3,417279
2021-06-24 10:45:00,998.3,417279
2021-06-24 10:45:03,999.0,418029
2021-06-24 10:45:06,999.0,418062
2021-06-24 10:45:09,999.05,418076
2021-06-24 10:45:12,999.65,418077
2021-06-24 10:45:15,999.65,418077
2021-06-24 10:45:18,999.05,418291
2021-06-24 10:45:21,999.05,418310
2021-06-24 10:45:24,999.05,418310
2021-06-24 10:45:27,999.05,418310
2021-06-24 10:45:30,999.0,418332
2021-06-24 10:45:33,999.2,418389
2021-06-24 10:45:35,999.2,418389
2021-06-24 10:45:38,999.0,418412
2021-06-24 10:45:42,999.0,418412
2021-06-24 10:45:45,999.0,418592
2021-06-24 10:45:49,999.0,418614
2021-06-24 10:45:52,999.5,418618
2021-06-24 10:45:55,999.0,418666
2021-06-24 10:45:59,999.5,418740
2021-06-24 10:46:02,999.5,418740
2021-06-24 10:46:05,999.0,418752
2021-06-24 10:46:15,999.0,418774
2021-06-24 10:46:18,999.0,418818
2021-06-24 10:46:24,999.1,419069
2021-06-24 10:46:27,999.1,419069
2021-06-24 10:46:30,998.5,419140
2021-06-24 10:46:33,999.05,419141
2021-06-24 10:46:36,999.1,419241
2021-06-24 10:46:39,998.55,419262
2021-06-24 10:46:44,998.55,419262
2021-06-24 10:46:45,998.55,419262
2021-06-24 10:46:46,998.55,419262
2021-06-24 10:46:47,998.55,419262
2021-06-24 10:46:48,998.65,419284
2021-06-24 10:46:49,999.1,419293
2021-06-24 10:46:51,999.25,419417
2021-06-24 10:46:52,999.25,419417
2021-06-24 10:46:53,999.65,419418
2021-06-24 10:46:54,999.65,419418
2021-06-24 10:46:57,999.65,419418
2021-06-24 10:46:58,999.15,419441
2021-06-24 10:47:02,999.15,419441
2021-06-24 10:47:01,999.15,419441
2021-06-24 10:47:03,999.15,419441
2021-06-24 10:47:04,999.65,419478
2021-06-24 10:47:06,999.65,419478
2021-06-24 10:47:05,999.65,419478
2021-06-24 10:47:07,999.65,419478
2021-06-24 10:47:08,999.15,419500
2021-06-24 10:47:10,999.65,419508
2021-06-24 10:47:12,999.65,419508
2021-06-24 10:47:13,999.65,419508
2021-06-24 10:47:16,999.65,419508
2021-06-24 10:47:17,999.15,419531
2021-06-24 10:47:19,999.15,419531
2021-06-24 10:47:18,999.15,419531
2021-06-24 10:47:22,999.6,419561
2021-06-24 10:47:23,999.15,419636
2021-06-24 10:47:24,999.15,419636
2021-06-24 10:47:25,999.15,419661
2021-06-24 10:47:26,999.15,419661
2021-06-24 10:47:28,999.1,419683
2021-06-24 10:47:29,999.1,419683
2021-06-24 10:47:30,999.1,419683
2021-06-24 10:47:31,999.1,419683
2021-06-24 10:47:32,999.1,419683
2021-06-24 10:47:33,999.15,419888
2021-06-24 10:47:35,999.15,419888
2021-06-24 10:47:36,999.15,419888
2021-06-24 10:47:37,999.1,419911
2021-06-24 10:47:42,999.1,419911
2021-06-24 10:47:43,999.1,419911
2021-06-24 10:47:44,999.1,419911
2021-06-24 10:47:45,999.1,419911
2021-06-24 10:47:47,999.1,419933
2021-06-24 10:47:52,999.1,419963
2021-06-24 10:47:53,999.1,419963
2021-06-24 10:47:54,999.6,419965
2021-06-24 10:47:55,999.6,419972
2021-06-24 10:47:57,999.6,419972
2021-06-24 10:48:03,999.1,419995
2021-06-24 10:48:04,999.1,419995
2021-06-24 10:48:05,999.1,419995
2021-06-24 10:48:06,999.6,420016
2021-06-24 10:48:07,999.6,420016
2021-06-24 10:48:08,999.1,420038
2021-06-24 10:48:08,999.1,420038
2021-06-24 10:48:12,999.1,420038
2021-06-24 10:48:13,999.1,420038
2021-06-24 10:48:17,999.6,420066
2021-06-24 10:48:18,999.65,420099
2021-06-24 10:48:18,999.15,420089
2021-06-24 10:48:19,999.9,420168
2021-06-24 10:48:20,999.55,420171
2021-06-24 10:48:21,999.55,420171
2021-06-24 10:48:23,999.55,420171
2021-06-24 10:48:24,999.55,420171
2021-06-24 10:48:25,999.55,420171
2021-06-24 10:48:25,999.9,420174
2021-06-24 10:48:26,999.9,420174
2021-06-24 10:48:27,999.9,420174
2021-06-24 10:48:29,999.55,420196
2021-06-24 10:48:31,999.55,420251
2021-06-24 10:48:31,999.55,420251
2021-06-24 10:48:32,999.55,420251
2021-06-24 10:48:33,999.55,420251
2021-06-24 10:48:34,999.5,420299
2021-06-24 10:48:35,1000.0,420399
2021-06-24 10:48:36,1000.0,420401
2021-06-24 10:48:37,1000.0,420401
2021-06-24 10:48:38,999.5,420405
2021-06-24 10:48:39,999.5,420405
2021-06-24 10:48:40,999.5,420405
2021-06-24 10:48:41,999.5,420405
2021-06-24 10:48:42,999.5,420405
2021-06-24 10:48:43,999.5,420405
2021-06-24 10:48:44,999.5,420405
2021-06-24 10:48:46,999.5,420405
2021-06-24 10:48:47,999.5,420452
2021-06-24 10:48:51,1000.0,420472
2021-06-24 10:48:52,1000.0,420472
2021-06-24 10:48:53,1000.0,420472
2021-06-24 10:48:54,1000.0,420472
2021-06-24 10:48:55,1000.0,420472
2021-06-24 10:48:55,1000.0,420472
2021-06-24 10:48:56,1000.0,420472
2021-06-24 10:48:57,999.5,420533
2021-06-24 10:48:58,999.5,420533
2021-06-24 10:48:59,999.5,420533
2021-06-24 10:49:01,999.5,420533
2021-06-24 10:49:02,999.5,420533
2021-06-24 10:49:04,999.5,420533
2021-06-24 10:49:04,999.5,420533
2021-06-24 10:49:05,999.5,420533
2021-06-24 10:49:06,999.5,420533
2021-06-24 10:49:07,999.9,420555
2021-06-24 10:49:08,999.9,420555
2021-06-24 10:49:09,999.9,420555
2021-06-24 10:49:10,999.9,420555
2021-06-24 10:49:11,999.9,420555
2021-06-24 10:49:12,1000.0,420576
2021-06-24 10:49:13,1000.0,420576
2021-06-24 10:49:14,999.95,420599
2021-06-24 10:49:15,999.95,420899
2021-06-24 10:49:16,999.5,421490
2021-06-24 10:49:17,999.5,421490
2021-06-24 10:49:18,999.3,421503
2021-06-24 10:49:19,999.3,421503
2021-06-24 10:49:20,999.3,421503
2021-06-24 10:49:23,999.3,421503
2021-06-24 10:49:23,999.3,421503
2021-06-24 10:49:24,999.3,421503
2021-06-24 10:49:25,999.3,421503
2021-06-24 10:49:26,999.3,421503
2021-06-24 10:49:27,998.7,421525
2021-06-24 10:49:28,999.3,421532
2021-06-24 10:49:29,999.3,421532
2021-06-24 10:49:30,999.3,421532
2021-06-24 10:49:31,999.3,421532
2021-06-24 10:49:34,999.3,421532
2021-06-24 10:49:34,999.3,421532
2021-06-24 10:49:35,999.3,421532
2021-06-24 10:49:36,998.75,421732
2021-06-24 10:49:37,998.75,421755
2021-06-24 10:49:42,998.75,421755
2021-06-24 10:49:47,998.75,421777
2021-06-24 10:49:49,998.75,421777
2021-06-24 10:49:49,998.75,421777
2021-06-24 10:49:50,998.9,422457
2021-06-24 10:49:51,998.9,422457
2021-06-24 10:49:52,998.9,422457
2021-06-24 10:49:53,998.9,422457
2021-06-24 10:49:54,998.9,422457
2021-06-24 10:49:59,998.6,422480
2021-06-24 10:50:01,998.6,422480
2021-06-24 10:50:02,998.6,422480
2021-06-24 10:50:03,998.6,422480
2021-06-24 10:50:04,998.6,422480
2021-06-24 10:50:05,998.6,422480
2021-06-24 10:50:06,998.6,422480
2021-06-24 10:50:07,998.6,422480
2021-06-24 10:50:07,998.7,422490
2021-06-24 10:50:08,998.7,422490
2021-06-24 10:50:09,998.65,422499
2021-06-24 10:50:10,998.7,422509
2021-06-24 10:50:12,999.5,422887
2021-06-24 10:50:12,999.5,422887
2021-06-24 10:50:13,998.7,423117
2021-06-24 10:50:16,998.7,423117
2021-06-24 10:50:16,998.7,423117
2021-06-24 10:50:17,998.8,423140
2021-06-24 10:50:22,998.8,423140
2021-06-24 10:50:28,999.5,423195
2021-06-24 10:50:28,999.5,423195
2021-06-24 10:50:30,999.5,423195
2021-06-24 10:50:31,999.5,423195
2021-06-24 10:50:36,999.5,423195
2021-06-24 10:50:38,998.6,423218
2021-06-24 10:50:39,998.6,423218
2021-06-24 10:50:40,998.6,423218
2021-06-24 10:50:43,998.6,423218
2021-06-24 10:50:46,998.6,423218
2021-06-24 10:50:47,999.4,423418
2021-06-24 10:50:47,999.4,423418
2021-06-24 10:50:48,999.4,423418
2021-06-24 10:50:50,998.65,423428
2021-06-24 10:50:50,998.6,423520
2021-06-24 10:50:52,998.6,423520
2021-06-24 10:50:53,998.6,423520
2021-06-24 10:50:53,998.6,423520
2021-06-24 10:50:54,998.6,423520
2021-06-24 10:50:55,998.6,423520
2021-06-24 10:50:56,998.6,423520
2021-06-24 10:50:57,998.6,423532
2021-06-24 10:50:58,999.2,423632
2021-06-24 10:50:59,998.6,423680
2021-06-24 10:51:00,998.6,423680
2021-06-24 10:51:01,998.6,423680
2021-06-24 10:51:02,998.6,423680
2021-06-24 10:51:03,998.6,423680
2021-06-24 10:51:04,998.6,423680
2021-06-24 10:51:05,998.6,423680
2021-06-24 10:51:07,999.3,423722
2021-06-24 10:51:07,998.65,423731
2021-06-24 10:51:10,998.65,423731
2021-06-24 10:51:11,998.65,423731
2021-06-24 10:51:12,998.7,423741
2021-06-24 10:51:12,998.7,423741
2021-06-24 10:51:13,998.7,423741
2021-06-24 10:51:14,998.7,423741
2021-06-24 10:51:15,998.7,423741
2021-06-24 10:51:16,998.7,423741
2021-06-24 10:51:17,998.8,423764
2021-06-24 10:51:18,998.8,423764
2021-06-24 10:51:19,998.8,423764
2021-06-24 10:51:21,998.8,423764
2021-06-24 10:51:22,998.8,423772
2021-06-24 10:51:23,998.8,423772
2021-06-24 10:51:24,998.8,423820
2021-06-24 10:51:25,998.8,423820
2021-06-24 10:51:26,998.8,423820
2021-06-24 10:51:28,998.55,423843
2021-06-24 10:51:29,998.55,423843
2021-06-24 10:51:30,998.55,423843
2021-06-24 10:51:31,998.55,423843
2021-06-24 10:51:32,998.55,423843
2021-06-24 10:51:32,998.55,423843
2021-06-24 10:51:33,998.55,423843
2021-06-24 10:51:34,998.55,423843
2021-06-24 10:51:35,998.55,423843
2021-06-24 10:51:36,998.55,423843
2021-06-24 10:51:37,998.5,423866
2021-06-24 10:51:38,998.5,423866
2021-06-24 10:51:39,998.5,423866
2021-06-24 10:51:40,998.5,423866
2021-06-24 10:51:42,998.5,423866
2021-06-24 10:51:43,998.5,423866
2021-06-24 10:51:44,998.5,423866
2021-06-24 10:51:45,998.5,423866
2021-06-24 10:51:46,998.5,423866
2021-06-24 10:51:47,998.5,423877
2021-06-24 10:51:47,998.5,423877
2021-06-24 10:51:48,998.5,424131
2021-06-24 10:51:49,998.5,424131
2021-06-24 10:51:51,998.8,424132
2021-06-24 10:51:51,998.8,424132
2021-06-24 10:51:52,998.8,424132
2021-06-24 10:51:53,998.8,424145
2021-06-24 10:51:54,998.8,424145
2021-06-24 10:51:55,998.8,424145
2021-06-24 10:51:56,998.8,424145
2021-06-24 10:51:57,999.0,424268
2021-06-24 10:52:00,999.4,424281
2021-06-24 10:52:00,999.4,424281
2021-06-24 10:52:04,999.4,424281
2021-06-24 10:52:05,999.4,424282
2021-06-24 10:52:06,999.4,424282
2021-06-24 10:52:07,998.8,424304
2021-06-24 10:52:08,998.8,424304
2021-06-24 10:52:10,998.8,424304
2021-06-24 10:52:11,998.8,424304
2021-06-24 10:52:12,998.8,424304
2021-06-24 10:52:14,998.8,424304
2021-06-24 10:52:15,998.8,424304
2021-06-24 10:52:15,998.8,424304
2021-06-24 10:52:16,998.8,424304
2021-06-24 10:52:17,998.8,424327
2021-06-24 10:52:18,998.8,424327
2021-06-24 10:52:19,998.8,424327
2021-06-24 10:52:20,998.8,424331
2021-06-24 10:52:21,998.8,424331
2021-06-24 10:52:23,998.8,424653
2021-06-24 10:52:24,998.8,424653
2021-06-24 10:52:25,998.8,424653
2021-06-24 10:52:26,998.8,424653
2021-06-24 10:52:27,998.8,424653
2021-06-24 10:52:28,998.8,424653
2021-06-24 10:52:29,998.8,424653
2021-06-24 10:52:30,998.8,424653
2021-06-24 10:52:30,998.8,424653
2021-06-24 10:52:31,998.8,424653
2021-06-24 10:52:32,998.8,424653
2021-06-24 10:52:33,998.8,424653
2021-06-24 10:52:34,998.8,424653
2021-06-24 10:52:35,998.8,424653
2021-06-24 10:52:36,998.8,424653
2021-06-24 10:52:37,998.9,424676
2021-06-24 10:52:38,999.4,424687
2021-06-24 10:52:39,999.4,424690
2021-06-24 10:52:41,999.4,424692
2021-06-24 10:52:42,999.4,424692
2021-06-24 10:52:43,999.4,424692
2021-06-24 10:52:44,999.4,424692
2021-06-24 10:52:47,998.9,424714
2021-06-24 10:52:48,999.4,424715
2021-06-24 10:52:48,999.4,424715
2021-06-24 10:52:49,998.9,424719
2021-06-24 10:52:51,998.9,424739
2021-06-24 10:52:51,998.9,424739
2021-06-24 10:52:52,998.9,424739
2021-06-24 10:52:54,998.9,424739
2021-06-24 10:52:55,998.9,424739
2021-06-24 10:52:57,998.9,424763
2021-06-24 10:52:58,998.9,424763
2021-06-24 10:52:59,998.9,424763
2021-06-24 10:53:00,998.9,424763
2021-06-24 10:53:02,998.9,424763
2021-06-24 10:53:02,999.35,424765
2021-06-24 10:53:03,999.35,424765
2021-06-24 10:53:04,999.35,424765
2021-06-24 10:53:07,998.9,424772
2021-06-24 10:53:07,998.9,424772
2021-06-24 10:53:08,998.9,424772
2021-06-24 10:53:09,998.9,424791
2021-06-24 10:53:11,999.4,424951
2021-06-24 10:53:13,999.4,424951
2021-06-24 10:53:15,999.4,424951
2021-06-24 10:53:16,999.4,424951
2021-06-24 10:53:17,999.4,424951
2021-06-24 10:53:17,998.8,424974
2021-06-24 10:53:19,998.8,424994
2021-06-24 10:53:20,998.8,424994
2021-06-24 10:53:21,998.8,424994
2021-06-24 10:53:22,998.8,424994
2021-06-24 10:53:23,998.8,425004
2021-06-24 10:53:24,998.8,425642
2021-06-24 10:53:25,998.8,425642
2021-06-24 10:53:27,998.8,425642
2021-06-24 10:53:26,998.8,425642
2021-06-24 10:53:27,998.3,425664
2021-06-24 10:53:28,998.3,425664
2021-06-24 10:53:29,998.35,425668
2021-06-24 10:53:30,998.35,425668
2021-06-24 10:53:32,998.35,425668
2021-06-24 10:53:33,998.35,425668
2021-06-24 10:53:33,998.35,425668
2021-06-24 10:53:34,998.35,425668
2021-06-24 10:53:37,998.35,425691
2021-06-24 10:53:37,998.35,425691
2021-06-24 10:53:39,998.8,425693
2021-06-24 10:53:40,998.8,425693
2021-06-24 10:53:41,998.8,425693
2021-06-24 10:53:42,998.8,425693
2021-06-24 10:53:43,998.35,425741
2021-06-24 10:53:45,998.75,425744
2021-06-24 10:53:46,998.75,425744
2021-06-24 10:53:47,998.35,425766
2021-06-24 10:53:48,998.35,425766
2021-06-24 10:53:50,998.35,425770
2021-06-24 10:53:50,998.35,425770
2021-06-24 10:53:51,998.75,425790
2021-06-24 10:53:52,998.35,425800
2021-06-24 10:53:53,998.35,425800
2021-06-24 10:53:54,998.35,425800
2021-06-24 10:53:55,998.35,425800
2021-06-24 10:53:57,998.35,425823
2021-06-24 10:53:58,998.9,425825
2021-06-24 10:53:59,998.9,425825
2021-06-24 10:53:59,998.9,425825
2021-06-24 10:54:01,998.9,425825
2021-06-24 10:54:02,998.9,425825
2021-06-24 10:54:02,998.9,425825
2021-06-24 10:54:05,998.9,425825
2021-06-24 10:54:06,998.9,425825
2021-06-24 10:54:07,998.35,425847
2021-06-24 10:54:08,998.35,425847
2021-06-24 10:54:09,998.35,425851
2021-06-24 10:54:09,998.35,425851
2021-06-24 10:54:10,998.35,425851
2021-06-24 10:54:11,998.35,425851
2021-06-24 10:54:15,998.35,425851
2021-06-24 10:54:17,998.35,425870
2021-06-24 10:54:18,998.9,425973
2021-06-24 10:54:19,998.85,425988
2021-06-24 10:54:20,998.85,425988
2021-06-24 10:54:21,998.85,425988
2021-06-24 10:54:22,998.85,425988
2021-06-24 10:54:23,998.85,425988
2021-06-24 10:54:25,998.85,425988
2021-06-24 10:54:26,998.85,425989
2021-06-24 10:54:27,998.85,425989
2021-06-24 10:54:28,998.9,426061
2021-06-24 10:54:29,998.35,426066
2021-06-24 10:54:30,998.35,426066
2021-06-24 10:54:32,998.35,426066
2021-06-24 10:54:33,998.9,426067
2021-06-24 10:54:34,998.9,426067
2021-06-24 10:54:36,998.9,426067
2021-06-24 10:54:37,998.35,426090
2021-06-24 10:54:38,998.85,426098
2021-06-24 10:54:39,998.85,426098
2021-06-24 10:54:40,998.85,426098
2021-06-24 10:54:42,998.85,426098
2021-06-24 10:54:42,998.85,426098
2021-06-24 10:54:44,998.85,426098
2021-06-24 10:54:44,998.85,426098
2021-06-24 10:54:45,998.85,426098
2021-06-24 10:54:46,998.85,426098
2021-06-24 10:54:47,998.35,426120
2021-06-24 10:54:48,998.35,426120
2021-06-24 10:54:49,998.35,426124
2021-06-24 10:54:50,998.35,426124
2021-06-24 10:54:51,998.35,426124
2021-06-24 10:54:52,998.35,426124
2021-06-24 10:54:53,998.35,426124
2021-06-24 10:54:56,998.9,426131
2021-06-24 10:54:57,998.35,426150
2021-06-24 10:54:58,998.35,426150
2021-06-24 10:54:59,998.35,426150
2021-06-24 10:54:59,998.35,426150
2021-06-24 10:55:01,998.35,426154
2021-06-24 10:55:02,998.35,426154
2021-06-24 10:55:02,998.35,426154
2021-06-24 10:55:04,998.35,426154
2021-06-24 10:55:07,998.35,426176
2021-06-24 10:55:08,998.35,426176
2021-06-24 10:55:09,998.35,426180
2021-06-24 10:55:10,998.35,426185
2021-06-24 10:55:12,998.35,426185
2021-06-24 10:55:13,998.35,426185
2021-06-24 10:55:14,998.35,426185
2021-06-24 10:55:16,998.35,426185
2021-06-24 10:55:21,998.85,426223
2021-06-24 10:55:22,998.85,426223
2021-06-24 10:55:23,998.85,426223
2021-06-24 10:55:26,998.85,426223
2021-06-24 10:55:27,998.3,426251
2021-06-24 10:55:27,998.3,426251
2021-06-24 10:55:28,998.3,426251
2021-06-24 10:55:29,998.35,426666
2021-06-24 10:55:30,998.35,426666
2021-06-24 10:55:32,998.35,426666
2021-06-24 10:55:33,998.35,426666
2021-06-24 10:55:34,998.35,426666
2021-06-24 10:55:35,998.35,426666
2021-06-24 10:55:36,998.45,426703
2021-06-24 10:55:37,998.45,426703
2021-06-24 10:55:38,998.4,426726
2021-06-24 10:55:39,998.4,426726
2021-06-24 10:55:39,998.45,426727
2021-06-24 10:55:40,998.85,426732
2021-06-24 10:55:41,998.85,426732
2021-06-24 10:55:42,998.85,426740
2021-06-24 10:55:44,998.85,426740
2021-06-24 10:55:44,998.85,426740
2021-06-24 10:55:45,998.85,426750
2021-06-24 10:55:47,998.55,426809
2021-06-24 10:55:48,998.2,427509
2021-06-24 10:55:51,998.85,427515
2021-06-24 10:55:52,998.85,427515
2021-06-24 10:55:54,998.85,427515
2021-06-24 10:55:55,998.85,427515
2021-06-24 10:55:57,998.4,427538
2021-06-24 10:55:59,998.4,427538
2021-06-24 10:56:00,998.4,427538
2021-06-24 10:56:01,998.4,427538
2021-06-24 10:56:02,998.4,427538
2021-06-24 10:56:02,998.4,427538
2021-06-24 10:56:03,998.4,427538
2021-06-24 10:56:05,998.8,427540
2021-06-24 10:56:06,998.8,427540
2021-06-24 10:56:07,998.4,427562
2021-06-24 10:56:08,998.8,427585
2021-06-24 10:56:08,998.8,427585
2021-06-24 10:56:09,998.45,427589
2021-06-24 10:56:10,998.45,427589
2021-06-24 10:56:12,998.45,427589
2021-06-24 10:56:13,998.45,427589
2021-06-24 10:56:14,998.45,427589
2021-06-24 10:56:15,998.45,427589
2021-06-24 10:56:16,998.8,427594
2021-06-24 10:56:16,998.8,427594
2021-06-24 10:56:17,998.5,427617
2021-06-24 10:56:18,998.5,427617
2021-06-24 10:56:20,998.5,427617
2021-06-24 10:56:22,998.5,427617
2021-06-24 10:56:23,998.5,427617
2021-06-24 10:56:24,998.5,427617
2021-06-24 10:56:25,998.5,427618
2021-06-24 10:56:26,998.5,427618
2021-06-24 10:56:27,998.5,427640
2021-06-24 10:56:28,998.5,427640
2021-06-24 10:56:29,998.5,427641
2021-06-24 10:56:30,998.5,427646
2021-06-24 10:56:32,998.5,427646
2021-06-24 10:56:37,998.5,427669
2021-06-24 10:56:39,998.5,427674
2021-06-24 10:56:42,998.5,427674
2021-06-24 10:56:43,998.5,427674
2021-06-24 10:56:45,998.5,427722
2021-06-24 10:56:47,998.5,427744
2021-06-24 10:56:50,998.5,427748
2021-06-24 10:56:49,998.5,427748
2021-06-24 10:56:51,998.5,427748
2021-06-24 10:56:52,998.5,427758
2021-06-24 10:56:53,998.5,427758
2021-06-24 10:56:54,998.5,427758
2021-06-24 10:56:55,998.5,427758
2021-06-24 10:56:57,998.5,427758
2021-06-24 10:56:56,998.5,427758
2021-06-24 10:56:58,998.5,427781
2021-06-24 10:56:59,998.5,427781
2021-06-24 10:57:02,998.5,427781
2021-06-24 10:57:03,998.5,427781
2021-06-24 10:57:04,998.5,427781
2021-06-24 10:57:07,998.5,427803
2021-06-24 10:57:09,998.8,427810
2021-06-24 10:57:10,998.5,427814
2021-06-24 10:57:12,998.5,427814
2021-06-24 10:57:13,998.5,427814
2021-06-24 10:57:14,998.5,427814
2021-06-24 10:57:17,998.5,427837
2021-06-24 10:57:18,998.5,427837
2021-06-24 10:57:19,998.55,427838
2021-06-24 10:57:20,998.55,427839
2021-06-24 10:57:24,998.8,427841
2021-06-24 10:57:25,998.8,427841
2021-06-24 10:57:27,998.55,427863
2021-06-24 10:57:28,998.55,427863
2021-06-24 10:57:29,998.55,427867
2021-06-24 10:57:32,998.55,427868
2021-06-24 10:57:35,998.55,427868
2021-06-24 10:57:37,998.55,427891
2021-06-24 10:57:38,998.55,427891
2021-06-24 10:57:41,998.55,427891
2021-06-24 10:57:42,998.55,427891
2021-06-24 10:57:43,998.55,427941
2021-06-24 10:57:46,998.55,427947
2021-06-24 10:57:47,998.55,427969
2021-06-24 10:57:48,998.55,427969
2021-06-24 10:57:49,998.55,427974
2021-06-24 10:57:52,998.55,427974
2021-06-24 10:57:56,998.55,427974
2021-06-24 10:57:57,998.55,427997
2021-06-24 10:57:58,998.55,427997
2021-06-24 10:57:59,998.55,427997
2021-06-24 10:58:00,998.55,427997
2021-06-24 10:58:01,998.55,427997
2021-06-24 10:58:02,998.55,427997
2021-06-24 10:58:04,998.55,428007
2021-06-24 10:58:05,998.55,428027
2021-06-24 10:58:07,998.55,428049
2021-06-24 10:58:09,998.8,428060
2021-06-24 10:58:11,998.8,428060
2021-06-24 10:58:10,998.8,428060
2021-06-24 10:58:12,998.55,428160
2021-06-24 10:58:13,998.55,428160
2021-06-24 10:58:14,998.55,428160
2021-06-24 10:58:15,998.55,428160
2021-06-24 10:58:17,998.55,428183
2021-06-24 10:58:18,998.55,428183
2021-06-24 10:58:19,998.55,428183
2021-06-24 10:58:23,998.8,428254
2021-06-24 10:58:24,998.8,428254
2021-06-24 10:58:25,998.8,428254
2021-06-24 10:58:27,998.6,428276
2021-06-24 10:58:29,998.6,428281
2021-06-24 10:58:30,998.6,428281
2021-06-24 10:58:31,998.6,428281
2021-06-24 10:58:32,998.6,428286
2021-06-24 10:58:33,998.6,428286
2021-06-24 10:58:35,998.6,428286
2021-06-24 10:58:37,998.6,428309
2021-06-24 10:58:38,998.8,428320
2021-06-24 10:58:40,998.6,428321
2021-06-24 10:58:42,998.6,428321
2021-06-24 10:58:46,998.6,428321
2021-06-24 10:58:47,998.6,428343
2021-06-24 10:58:49,998.6,428347
2021-06-24 10:58:50,998.6,428395
2021-06-24 10:58:51,998.6,428395
2021-06-24 10:58:52,998.6,428411
2021-06-24 10:58:53,998.6,428411
2021-06-24 10:58:54,998.6,428421
2021-06-24 10:58:56,998.6,428421
2021-06-24 10:58:57,998.65,428428
2021-06-24 10:58:58,998.65,428428
2021-06-24 10:58:59,998.65,428436
2021-06-24 10:59:02,998.6,428444
2021-06-24 10:59:03,998.6,428444
2021-06-24 10:59:05,998.6,428444
2021-06-24 10:59:07,998.6,428466
2021-06-24 10:59:06,998.6,428444
2021-06-24 10:59:08,998.6,428466
2021-06-24 10:59:09,998.6,428470
2021-06-24 10:59:12,998.6,428470
2021-06-24 10:59:14,998.8,428483
2021-06-24 10:59:16,998.8,428583
2021-06-24 10:59:18,998.6,428594
2021-06-24 10:59:19,998.6,428594
2021-06-24 10:59:21,998.6,428594
2021-06-24 10:59:21,998.8,428595
2021-06-24 10:59:22,998.8,428595
2021-06-24 10:59:24,998.8,428595
2021-06-24 10:59:24,998.8,428595
2021-06-24 10:59:26,998.8,428595
2021-06-24 10:59:27,998.6,428617
2021-06-24 10:59:29,998.6,428621
2021-06-24 10:59:32,998.6,428621
2021-06-24 10:59:32,998.6,428621
2021-06-24 10:59:33,998.6,428621
2021-06-24 10:59:34,998.6,428621
2021-06-24 10:59:36,998.6,428621
2021-06-24 10:59:37,998.6,428621
2021-06-24 10:59:39,998.8,428660
2021-06-24 10:59:40,998.6,428681
2021-06-24 10:59:41,998.6,428681
2021-06-24 10:59:42,998.6,428681
2021-06-24 10:59:44,998.6,428681
2021-06-24 10:59:46,998.6,428681
2021-06-24 10:59:47,998.6,428703
2021-06-24 10:59:48,998.6,428703
2021-06-24 10:59:49,998.6,428707
