timestamp,ltp,volume
2021-06-24 09:35:55,29074.55,4555
2021-06-24 09:35:57,29074.55,4555
2021-06-24 09:35:57,29074.55,4555
2021-06-24 09:35:58,29074.55,4555
2021-06-24 09:35:59,29074.55,4555
2021-06-24 09:36:01,29074.55,4555
2021-06-24 09:36:02,29074.55,4555
2021-06-24 09:36:03,29074.55,4555
2021-06-24 09:36:04,29074.55,4555
2021-06-24 09:36:07,29074.55,4555
2021-06-24 09:36:08,29074.55,4555
2021-06-24 09:36:09,29074.55,4555
2021-06-24 09:36:09,29058.9,4558
2021-06-24 09:36:10,29058.9,4558
2021-06-24 09:36:11,29058.9,4558
2021-06-24 09:36:12,29058.9,4558
2021-06-24 09:36:13,29058.9,4558
2021-06-24 09:36:14,29058.9,4558
2021-06-24 09:36:15,29058.9,4558
2021-06-24 09:36:16,29058.9,4558
2021-06-24 09:36:17,29058.9,4558
2021-06-24 09:36:18,29058.9,4558
2021-06-24 09:36:19,29055.0,4560
2021-06-24 09:36:23,29055.0,4560
2021-06-24 09:36:24,29055.0,4560
2021-06-24 09:36:25,29055.0,4560
2021-06-24 09:36:26,29055.0,4560
2021-06-24 09:36:27,29055.0,4560
2021-06-24 09:36:27,29055.0,4560
2021-06-24 09:36:28,29055.0,4560
2021-06-24 09:36:29,29060.0,4561
2021-06-24 09:36:30,29060.0,4561
2021-06-24 09:36:31,29060.0,4561
2021-06-24 09:36:33,29060.0,4561
2021-06-24 09:36:34,29060.0,4561
2021-06-24 09:36:35,29060.0,4561
2021-06-24 09:36:36,29060.0,4561
2021-06-24 09:36:38,29060.0,4561
2021-06-24 09:36:39,29060.0,4561
2021-06-24 09:36:40,29060.0,4561
2021-06-24 09:36:42,29060.0,4561
2021-06-24 09:36:44,29060.0,4561
2021-06-24 09:36:46,29060.0,4561
2021-06-24 09:36:47,29060.0,4561
2021-06-24 09:36:48,29060.0,4561
2021-06-24 09:36:49,29055.0,4562
2021-06-24 09:36:50,29055.0,4562
2021-06-24 09:36:52,29055.0,4562
2021-06-24 09:36:53,29055.0,4562
2021-06-24 09:36:56,29046.05,4610
2021-06-24 09:36:57,29046.05,4610
2021-06-24 09:36:57,29046.05,4610
2021-06-24 09:36:59,29046.05,4610
2021-06-24 09:36:59,29046.05,4610
2021-06-24 09:37:01,29046.05,4610
2021-06-24 09:37:02,29046.05,4610
2021-06-24 09:37:03,29046.05,4610
2021-06-24 09:37:03,29046.05,4610
2021-06-24 09:37:04,29046.05,4610
2021-06-24 09:37:05,29035.0,4635
2021-06-24 09:37:06,29040.0,4636
2021-06-24 09:37:08,29030.0,4646
2021-06-24 09:37:09,29030.0,4646
2021-06-24 09:37:10,29030.0,4646
2021-06-24 09:37:11,29030.0,4646
2021-06-24 09:37:13,29020.0,4649
2021-06-24 09:37:14,29020.0,4649
2021-06-24 09:37:16,29019.95,4655
2021-06-24 09:37:18,29019.95,4655
2021-06-24 09:37:19,29024.0,4660
2021-06-24 09:37:20,29024.0,4660
2021-06-24 09:37:21,29024.0,4660
2021-06-24 09:37:22,29010.6,4663
2021-06-24 09:37:23,29010.6,4663
2021-06-24 09:37:24,29010.6,4663
2021-06-24 09:37:25,29010.6,4663
2021-06-24 09:37:26,29010.6,4663
2021-06-24 09:37:27,29010.6,4663
2021-06-24 09:37:28,29010.6,4663
2021-06-24 09:37:29,29010.6,4663
2021-06-24 09:37:29,29010.6,4663
2021-06-24 09:37:30,29010.6,4663
2021-06-24 09:37:31,29010.6,4663
2021-06-24 09:37:32,29034.5,4664
2021-06-24 09:37:33,29034.5,4664
2021-06-24 09:37:34,29034.5,4664
2021-06-24 09:37:36,29034.5,4664
2021-06-24 09:37:37,29034.5,4664
2021-06-24 09:37:38,29034.5,4664
2021-06-24 09:37:39,29034.5,4664
2021-06-24 09:37:40,29034.5,4664
2021-06-24 09:37:40,29034.5,4664
2021-06-24 09:37:43,29034.5,4664
2021-06-24 09:37:45,29034.5,4664
2021-06-24 09:37:46,29034.5,4664
2021-06-24 09:37:47,29034.5,4664
2021-06-24 09:37:47,29034.5,4664
2021-06-24 09:37:48,29034.5,4664
2021-06-24 09:37:49,29034.5,4664
2021-06-24 09:37:52,29034.5,4664
2021-06-24 09:37:54,29034.5,4664
2021-06-24 09:37:55,29034.5,4664
2021-06-24 09:37:56,29030.0,4671
2021-06-24 09:37:58,29030.0,4676
2021-06-24 09:37:59,29030.0,4676
2021-06-24 09:37:59,29030.0,4676
2021-06-24 09:38:02,29030.0,4676
2021-06-24 09:38:03,29030.0,4676
2021-06-24 09:38:04,29030.0,4676
2021-06-24 09:38:05,29030.0,4676
2021-06-24 09:38:06,29030.0,4676
2021-06-24 09:38:09,29030.0,4676
2021-06-24 09:38:13,29019.95,4678
2021-06-24 09:38:16,29019.95,4678
2021-06-24 09:38:19,29019.95,4678
2021-06-24 09:38:20,29019.95,4678
2021-06-24 09:38:22,29019.95,4678
2021-06-24 09:38:23,29019.95,4678
2021-06-24 09:38:23,29019.95,4678
2021-06-24 09:38:25,29019.95,4678
2021-06-24 09:38:26,29019.95,4678
2021-06-24 09:38:27,29030.0,4680
2021-06-24 09:38:28,29030.0,4680
2021-06-24 09:38:30,29030.0,4680
2021-06-24 09:38:31,29030.0,4680
2021-06-24 09:38:32,29030.0,4680
2021-06-24 09:38:33,29030.0,4680
2021-06-24 09:38:34,29030.0,4680
2021-06-24 09:38:35,29030.0,4680
2021-06-24 09:38:37,29030.0,4680
2021-06-24 09:38:38,29030.0,4680
2021-06-24 09:38:43,29030.0,4680
2021-06-24 09:38:44,29030.0,4680
2021-06-24 09:38:45,29030.0,4680
2021-06-24 09:38:47,29030.0,4680
2021-06-24 09:38:50,29030.0,4680
2021-06-24 09:38:51,29030.0,4680
2021-06-24 09:38:53,29030.0,4680
2021-06-24 09:38:55,29030.0,4680
2021-06-24 09:38:56,29037.95,4690
2021-06-24 09:38:57,29037.95,4690
2021-06-24 09:38:57,29037.95,4690
2021-06-24 09:38:58,29037.95,4690
2021-06-24 09:39:00,29037.95,4690
2021-06-24 09:39:02,29037.95,4690
2021-06-24 09:39:03,29037.95,4690
2021-06-24 09:39:04,29037.95,4690
2021-06-24 09:39:05,29037.95,4690
2021-06-24 09:39:05,29037.95,4690
2021-06-24 09:39:07,29037.95,4690
2021-06-24 09:39:08,29037.95,4690
2021-06-24 09:39:09,29037.95,4690
2021-06-24 09:39:10,29037.95,4690
2021-06-24 09:39:12,29037.95,4690
2021-06-24 09:39:13,29037.95,4690
2021-06-24 09:39:14,29037.95,4690
2021-06-24 09:39:15,29037.95,4690
2021-06-24 09:39:16,29037.95,4690
2021-06-24 09:39:17,29037.95,4690
2021-06-24 09:39:17,29037.95,4690
2021-06-24 09:39:19,29037.95,4690
2021-06-24 09:39:20,29037.95,4691
2021-06-24 09:39:21,29037.95,4691
2021-06-24 09:39:22,29037.95,4691
2021-06-24 09:39:23,29037.95,4691
2021-06-24 09:39:24,29037.95,4691
2021-06-24 09:39:25,29037.95,4691
2021-06-24 09:39:26,29037.95,4691
2021-06-24 09:39:27,29037.95,4691
2021-06-24 09:39:28,29034.95,4694
2021-06-24 09:39:30,29034.95,4694
2021-06-24 09:39:31,29034.95,4694
2021-06-24 09:39:32,29034.95,4694
2021-06-24 09:39:33,29034.95,4694
2021-06-24 09:39:37,29034.95,4694
2021-06-24 09:39:38,29020.05,4705
2021-06-24 09:39:40,29020.05,4705
2021-06-24 09:39:41,29020.05,4705
2021-06-24 09:39:43,29020.05,4705
2021-06-24 09:39:44,29020.05,4705
2021-06-24 09:39:45,29020.05,4705
2021-06-24 09:39:48,29020.05,4705
2021-06-24 09:39:49,29020.05,4705
2021-06-24 09:39:50,29020.05,4705
2021-06-24 09:39:52,29020.05,4715
2021-06-24 09:39:53,29020.05,4715
2021-06-24 09:39:54,29020.05,4715
2021-06-24 09:39:55,29039.0,4831
2021-06-24 09:39:56,29039.0,4831
2021-06-24 09:39:57,29020.25,4844
2021-06-24 09:39:58,29020.25,4849
2021-06-24 09:40:00,29030.15,4850
2021-06-24 09:40:00,29030.15,4850
2021-06-24 09:40:02,29030.15,4850
2021-06-24 09:40:03,29030.15,4850
2021-06-24 09:40:04,29030.15,4850
2021-06-24 09:40:05,29020.1,4851
2021-06-24 09:40:06,29020.1,4851
2021-06-24 09:40:06,29036.1,4861
2021-06-24 09:40:08,29028.15,4863
2021-06-24 09:40:09,29039.95,4875
2021-06-24 09:40:10,29040.0,4920
2021-06-24 09:40:11,29040.0,4920
2021-06-24 09:40:11,29040.0,4920
2021-06-24 09:40:13,29040.0,4920
2021-06-24 09:40:14,29040.0,4920
2021-06-24 09:40:15,29036.25,4923
2021-06-24 09:40:16,29036.25,4923
2021-06-24 09:40:17,29036.25,4923
2021-06-24 09:40:17,29036.25,4923
2021-06-24 09:40:19,29036.25,4923
2021-06-24 09:40:20,29036.25,4923
2021-06-24 09:40:21,29036.25,4923
2021-06-24 09:40:22,29036.25,4923
2021-06-24 09:40:23,29036.25,4924
2021-06-24 09:40:24,29040.0,4925
2021-06-24 09:40:25,29040.0,4925
2021-06-24 09:40:26,29040.0,4935
2021-06-24 09:40:27,29040.0,4936
2021-06-24 09:40:28,29040.0,4936
2021-06-24 09:40:28,29036.25,4940
2021-06-24 09:40:30,29036.25,4940
2021-06-24 09:40:31,29040.0,4941
2021-06-24 09:40:32,29040.0,4941
2021-06-24 09:40:34,29040.0,4941
2021-06-24 09:40:35,29040.0,4941
2021-06-24 09:40:36,29036.25,4942
2021-06-24 09:40:37,29043.0,4955
2021-06-24 09:40:38,29040.0,4956
2021-06-24 09:40:39,29040.0,4956
2021-06-24 09:40:40,29040.0,4956
2021-06-24 09:40:41,29040.0,4956
2021-06-24 09:40:42,29040.0,4956
2021-06-24 09:40:45,29040.0,4960
2021-06-24 09:40:46,29022.55,4970
2021-06-24 09:40:47,29022.55,4970
2021-06-24 09:40:48,29022.55,4970
2021-06-24 09:40:49,29022.55,4970
2021-06-24 09:40:50,29022.55,4970
2021-06-24 09:40:50,29022.55,4970
2021-06-24 09:40:51,29022.55,4970
2021-06-24 09:40:53,29022.55,4970
2021-06-24 09:40:55,29022.55,4970
2021-06-24 09:40:56,29022.55,4970
2021-06-24 09:40:57,29022.55,4970
2021-06-24 09:40:57,29022.55,4970
2021-06-24 09:40:58,29022.55,4970
2021-06-24 09:41:01,29022.55,4970
2021-06-24 09:41:02,29040.0,4971
2021-06-24 09:41:03,29040.0,4971
2021-06-24 09:41:04,29040.0,4971
2021-06-24 09:41:05,29040.0,4971
2021-06-24 09:41:05,29040.0,4971
2021-06-24 09:41:07,29040.0,4971
2021-06-24 09:41:08,29040.0,4971
2021-06-24 09:41:09,29040.0,4971
2021-06-24 09:41:11,29040.0,4971
2021-06-24 09:41:12,29040.0,4971
2021-06-24 09:41:13,29040.0,4971
2021-06-24 09:41:14,29040.0,4971
2021-06-24 09:41:16,29040.0,4971
2021-06-24 09:41:17,29040.0,4971
2021-06-24 09:41:18,29040.0,4971
2021-06-24 09:41:19,29040.0,4971
2021-06-24 09:41:20,29040.0,4971
2021-06-24 09:41:21,29040.0,4971
2021-06-24 09:41:22,29040.0,4971
2021-06-24 09:41:23,29040.0,4971
2021-06-24 09:41:26,29040.0,4971
2021-06-24 09:41:28,29040.0,4971
2021-06-24 09:41:29,29040.0,4971
2021-06-24 09:41:30,29040.0,4971
2021-06-24 09:41:31,29040.0,4971
2021-06-24 09:41:32,29040.0,4971
2021-06-24 09:41:33,29040.0,4971
2021-06-24 09:41:34,29040.0,4971
2021-06-24 09:41:35,29040.0,4972
2021-06-24 09:41:37,29040.0,4972
2021-06-24 09:41:39,29040.0,4972
2021-06-24 09:41:40,29040.0,4972
2021-06-24 09:41:41,29040.0,4972
2021-06-24 09:41:43,29040.0,4972
2021-06-24 09:41:44,29040.0,4973
2021-06-24 09:41:51,29042.75,4981
2021-06-24 09:41:55,29025.0,4983
2021-06-24 09:42:04,29020.0,4999
2021-06-24 09:42:09,29010.6,5002
2021-06-24 09:42:14,29010.6,5002
2021-06-24 09:42:19,29033.35,5003
2021-06-24 09:42:24,29033.35,5003
2021-06-24 09:42:28,29033.35,5003
2021-06-24 09:42:33,29033.35,5003
2021-06-24 09:42:37,29033.35,5003
2021-06-24 09:42:42,29033.35,5003
2021-06-24 09:42:46,29010.65,5054
2021-06-24 09:42:51,29002.0,5087
2021-06-24 09:42:55,29002.0,5087
2021-06-24 09:43:00,29002.0,5087
2021-06-24 09:43:04,29002.0,5100
2021-06-24 09:43:09,29002.0,5104
2021-06-24 09:43:13,29000.0,5137
2021-06-24 09:43:18,29000.0,5158
2021-06-24 09:43:22,29000.0,5158
2021-06-24 09:43:26,29000.0,5158
2021-06-24 09:43:30,29000.0,5159
2021-06-24 09:43:35,28991.35,5173
2021-06-24 09:43:39,28991.35,5173
2021-06-24 09:43:43,28991.35,5173
2021-06-24 09:43:47,28991.35,5175
2021-06-24 09:43:51,28991.35,5175
2021-06-24 09:43:55,28991.35,5175
2021-06-24 09:44:00,28991.35,5175
2021-06-24 09:44:04,28991.35,5175
2021-06-24 09:44:09,28991.35,5175
2021-06-24 09:44:13,28991.35,5175
2021-06-24 09:44:18,28969.75,5226
2021-06-24 09:44:23,28991.6,5234
2021-06-24 09:44:27,28991.6,5234
2021-06-24 09:44:31,28967.75,5235
2021-06-24 09:44:36,28980.35,5237
2021-06-24 09:44:40,28970.0,5238
2021-06-24 09:44:45,28970.0,5239
2021-06-24 09:44:50,28982.5,5240
2021-06-24 09:44:55,28982.5,5240
2021-06-24 09:44:59,28982.5,5240
2021-06-24 09:45:04,28982.5,5240
2021-06-24 09:45:08,28970.0,5242
2021-06-24 09:45:13,28970.0,5243
2021-06-24 09:45:18,28970.0,5243
2021-06-24 09:45:22,28970.0,5243
2021-06-24 09:45:27,28970.0,5243
2021-06-24 09:45:32,28970.0,5244
2021-06-24 09:45:37,28970.0,5244
2021-06-24 09:45:41,28970.0,5250
2021-06-24 09:45:46,28970.0,5250
2021-06-24 09:45:51,28970.0,5250
2021-06-24 09:45:56,28978.8,5252
2021-06-24 09:46:01,28978.8,5252
2021-06-24 09:46:06,28978.8,5252
2021-06-24 09:46:10,28978.8,5252
2021-06-24 09:46:15,28957.0,5253
2021-06-24 09:46:20,28957.0,5253
2021-06-24 09:46:24,28957.0,5253
2021-06-24 09:46:29,28957.0,5260
2021-06-24 09:46:33,28957.0,5260
2021-06-24 09:46:38,28957.0,5260
2021-06-24 09:46:42,28951.0,5263
2021-06-24 09:46:45,28957.0,5264
2021-06-24 09:46:46,28957.0,5264
2021-06-24 09:46:48,28941.35,5269
2021-06-24 09:46:49,28941.35,5269
2021-06-24 09:46:50,28941.35,5269
2021-06-24 09:46:50,28941.35,5269
2021-06-24 09:46:51,28941.35,5269
2021-06-24 09:46:52,28941.35,5269
2021-06-24 09:46:53,28933.0,5270
2021-06-24 09:46:54,28933.0,5270
2021-06-24 09:46:55,28933.0,5279
2021-06-24 09:46:56,28920.0,5282
2021-06-24 09:46:57,28920.0,5286
2021-06-24 09:46:59,28920.0,5289
2021-06-24 09:47:01,28920.0,5289
2021-06-24 09:47:02,28920.0,5289
2021-06-24 09:47:03,28943.3,5291
2021-06-24 09:47:04,28920.0,5303
2021-06-24 09:47:04,28920.0,5303
2021-06-24 09:47:05,28920.0,5303
2021-06-24 09:47:06,28920.0,5303
2021-06-24 09:47:07,28920.0,5303
2021-06-24 09:47:08,28920.0,5306
2021-06-24 09:47:09,28920.0,5306
2021-06-24 09:47:11,28939.7,5309
2021-06-24 09:47:14,28920.0,5311
2021-06-24 09:47:14,28920.0,5311
2021-06-24 09:47:16,28920.0,5311
2021-06-24 09:47:17,28920.1,5318
2021-06-24 09:47:19,28920.1,5318
2021-06-24 09:47:20,28920.1,5318
2021-06-24 09:47:20,28920.1,5318
2021-06-24 09:47:21,28920.1,5318
2021-06-24 09:47:23,28920.1,5318
2021-06-24 09:47:23,28920.1,5318
2021-06-24 09:47:25,28920.1,5318
2021-06-24 09:47:26,28920.1,5318
2021-06-24 09:47:29,28920.1,5318
2021-06-24 09:47:30,28920.1,5318
2021-06-24 09:47:30,28920.1,5318
2021-06-24 09:47:32,28920.1,5318
2021-06-24 09:47:33,28920.1,5318
2021-06-24 09:47:34,28923.55,5330
2021-06-24 09:47:35,28923.55,5330
2021-06-24 09:47:36,28923.55,5330
2021-06-24 09:47:39,28923.55,5330
2021-06-24 09:47:39,28923.55,5330
2021-06-24 09:47:40,28923.55,5330
2021-06-24 09:47:41,28923.55,5330
2021-06-24 09:47:42,28923.55,5330
2021-06-24 09:47:43,28923.55,5330
2021-06-24 09:47:47,28923.55,5330
2021-06-24 09:47:48,28923.55,5330
2021-06-24 09:47:49,28923.55,5330
2021-06-24 09:47:50,28923.55,5330
2021-06-24 09:47:51,28923.55,5330
2021-06-24 09:47:52,28923.55,5330
2021-06-24 09:47:53,28923.55,5330
2021-06-24 09:47:54,28923.55,5330
2021-06-24 09:47:55,28923.35,5340
2021-06-24 09:47:56,28923.35,5340
2021-06-24 09:47:57,28923.35,5340
2021-06-24 09:47:58,28923.35,5340
2021-06-24 09:47:59,28923.35,5340
2021-06-24 09:48:00,28923.35,5340
2021-06-24 09:48:01,28923.35,5340
2021-06-24 09:48:02,28923.35,5340
2021-06-24 09:48:03,28923.0,5365
2021-06-24 09:48:04,28923.0,5365
2021-06-24 09:48:05,28922.2,5368
2021-06-24 09:48:06,28922.2,5368
2021-06-24 09:48:07,28922.2,5368
2021-06-24 09:48:09,28922.2,5368
2021-06-24 09:48:10,28922.2,5368
2021-06-24 09:48:11,28922.2,5368
2021-06-24 09:48:12,28922.2,5368
2021-06-24 09:48:13,28922.2,5368
2021-06-24 09:48:14,28922.2,5368
2021-06-24 09:48:15,28922.2,5368
2021-06-24 09:48:16,28922.2,5368
2021-06-24 09:48:17,28951.3,5392
2021-06-24 09:48:18,28951.3,5392
2021-06-24 09:48:18,28951.3,5392
2021-06-24 09:48:19,28951.3,5392
2021-06-24 09:48:20,28951.3,5392
2021-06-24 09:48:21,28951.3,5392
2021-06-24 09:48:22,28951.3,5392
2021-06-24 09:48:24,28951.3,5392
2021-06-24 09:48:25,28951.3,5392
2021-06-24 09:48:27,28951.3,5392
2021-06-24 09:48:28,28951.3,5392
2021-06-24 09:48:29,28951.3,5392
2021-06-24 09:48:29,28951.3,5392
2021-06-24 09:48:30,28951.3,5392
2021-06-24 09:48:32,28956.45,5402
2021-06-24 09:48:33,28956.45,5402
2021-06-24 09:48:36,28956.45,5402
2021-06-24 09:48:37,28956.45,5402
2021-06-24 09:48:37,28956.45,5402
2021-06-24 09:48:38,28956.45,5402
2021-06-24 09:48:40,28956.45,5402
2021-06-24 09:48:41,28932.6,5409
2021-06-24 09:48:43,28932.6,5409
2021-06-24 09:48:44,28932.6,5409
2021-06-24 09:48:45,28932.6,5409
2021-06-24 09:48:46,28932.6,5409
2021-06-24 09:48:47,28932.6,5409
2021-06-24 09:48:48,28932.6,5409
2021-06-24 09:48:49,28932.6,5409
2021-06-24 09:48:50,28932.6,5409
2021-06-24 09:48:51,28932.6,5409
2021-06-24 09:48:52,28932.6,5409
2021-06-24 09:48:52,28932.6,5409
2021-06-24 09:48:53,28932.6,5409
2021-06-24 09:48:55,28932.6,5409
2021-06-24 09:48:55,28932.6,5409
2021-06-24 09:48:56,28932.6,5409
2021-06-24 09:49:02,28955.8,5413
2021-06-24 09:49:03,28955.8,5413
2021-06-24 09:49:04,28955.8,5413
2021-06-24 09:49:05,28955.8,5413
2021-06-24 09:49:06,28955.8,5413
2021-06-24 09:49:07,28955.8,5413
2021-06-24 09:49:08,28955.8,5413
2021-06-24 09:49:09,28955.8,5413
2021-06-24 09:49:10,28927.45,5415
2021-06-24 09:49:13,28954.95,5419
2021-06-24 09:49:14,28954.95,5419
2021-06-24 09:49:15,28954.95,5419
2021-06-24 09:49:16,28954.95,5419
2021-06-24 09:49:17,28954.95,5419
2021-06-24 09:49:18,28954.95,5419
2021-06-24 09:49:18,28954.95,5419
2021-06-24 09:49:19,28954.95,5419
2021-06-24 09:49:20,28954.95,5429
2021-06-24 09:49:21,28954.95,5429
2021-06-24 09:49:24,28954.95,5429
2021-06-24 09:49:25,28954.95,5429
2021-06-24 09:49:26,28954.95,5429
2021-06-24 09:49:27,28954.95,5429
2021-06-24 09:49:29,28954.95,5429
2021-06-24 09:49:31,28953.1,5433
2021-06-24 09:49:31,28953.1,5433
2021-06-24 09:49:32,28953.1,5433
2021-06-24 09:49:33,28953.1,5433
2021-06-24 09:49:35,28952.8,5438
2021-06-24 09:49:35,28952.8,5438
2021-06-24 09:49:36,28952.8,5438
2021-06-24 09:49:37,28952.8,5438
2021-06-24 09:49:38,28952.8,5438
2021-06-24 09:49:40,28935.0,5439
2021-06-24 09:49:40,28935.0,5439
2021-06-24 09:49:41,28935.0,5439
2021-06-24 09:49:42,28935.0,5439
2021-06-24 09:49:43,28935.0,5439
2021-06-24 09:49:46,28935.0,5439
2021-06-24 09:49:47,28935.0,5439
2021-06-24 09:49:49,28935.0,5439
2021-06-24 09:49:50,28935.0,5439
2021-06-24 09:49:50,28935.0,5439
2021-06-24 09:49:52,28935.0,5440
2021-06-24 09:49:53,28935.0,5440
2021-06-24 09:49:54,28935.0,5440
2021-06-24 09:49:55,28935.0,5440
2021-06-24 09:49:56,28935.0,5440
2021-06-24 09:49:57,28935.0,5440
2021-06-24 09:49:58,28935.0,5440
2021-06-24 09:49:59,28935.0,5440
2021-06-24 09:50:01,28935.0,5440
2021-06-24 09:50:02,28935.0,5440
2021-06-24 09:50:04,28935.0,5440
2021-06-24 09:50:06,28935.0,5440
2021-06-24 09:50:07,28929.1,5447
2021-06-24 09:50:07,28929.1,5447
2021-06-24 09:50:08,28929.25,5448
2021-06-24 09:50:09,28929.25,5448
2021-06-24 09:50:10,28929.25,5452
2021-06-24 09:50:12,28929.25,5452
2021-06-24 09:50:13,28929.25,5452
2021-06-24 09:50:13,28929.25,5452
2021-06-24 09:50:14,28929.25,5452
2021-06-24 09:50:16,28929.25,5452
2021-06-24 09:50:17,28929.25,5452
2021-06-24 09:50:18,28929.25,5452
2021-06-24 09:50:18,28929.25,5452
2021-06-24 09:50:19,28929.25,5452
2021-06-24 09:50:21,28921.5,5461
2021-06-24 09:50:22,28921.5,5461
2021-06-24 09:50:23,28921.45,5463
2021-06-24 09:50:24,28921.45,5463
2021-06-24 09:50:25,28921.45,5463
2021-06-24 09:50:25,28921.45,5463
2021-06-24 09:50:26,28921.45,5463
2021-06-24 09:50:27,28921.45,5463
2021-06-24 09:50:28,28921.45,5463
2021-06-24 09:50:29,28921.45,5463
2021-06-24 09:50:31,28943.65,5467
2021-06-24 09:50:32,28943.65,5467
2021-06-24 09:50:33,28943.65,5467
2021-06-24 09:50:34,28943.65,5467
2021-06-24 09:50:35,28930.15,5472
2021-06-24 09:50:36,28930.15,5472
2021-06-24 09:50:37,28930.15,5472
2021-06-24 09:50:37,28930.15,5472
2021-06-24 09:50:39,28930.15,5472
2021-06-24 09:50:40,28930.15,5472
2021-06-24 09:50:41,28930.15,5472
2021-06-24 09:50:43,28930.15,5472
2021-06-24 09:50:44,28930.15,5472
2021-06-24 09:50:47,28941.0,5480
2021-06-24 09:50:50,28941.0,5480
2021-06-24 09:50:51,28941.0,5480
2021-06-24 09:50:53,28941.0,5480
2021-06-24 09:50:54,28941.0,5480
2021-06-24 09:50:55,28941.0,5480
2021-06-24 09:50:55,28941.0,5480
2021-06-24 09:50:57,28941.0,5480
2021-06-24 09:50:58,28941.0,5480
2021-06-24 09:51:00,28941.0,5480
2021-06-24 09:51:01,28941.0,5480
2021-06-24 09:51:02,28941.0,5480
2021-06-24 09:51:03,28941.0,5480
2021-06-24 09:51:04,28941.0,5480
2021-06-24 09:51:05,28941.0,5480
2021-06-24 09:51:05,28941.0,5480
2021-06-24 09:51:06,28941.0,5480
2021-06-24 09:51:08,28941.0,5480
2021-06-24 09:51:09,28941.0,5480
2021-06-24 09:51:09,28941.0,5480
2021-06-24 09:51:11,28941.0,5480
2021-06-24 09:51:12,28941.0,5480
2021-06-24 09:51:13,28941.0,5480
2021-06-24 09:51:14,28941.0,5480
2021-06-24 09:51:15,28930.05,5487
2021-06-24 09:51:15,28930.05,5487
2021-06-24 09:51:16,28930.05,5487
2021-06-24 09:51:17,28930.05,5487
2021-06-24 09:51:19,28930.05,5487
2021-06-24 09:51:20,28930.05,5487
2021-06-24 09:51:21,28930.0,5489
2021-06-24 09:51:22,28930.0,5489
2021-06-24 09:51:23,28946.75,5490
2021-06-24 09:51:25,28946.75,5490
2021-06-24 09:51:26,28946.75,5490
2021-06-24 09:51:27,28946.75,5490
2021-06-24 09:51:28,28946.75,5490
2021-06-24 09:51:29,28946.75,5490
2021-06-24 09:51:31,28946.75,5490
2021-06-24 09:51:33,28946.75,5490
2021-06-24 09:51:35,28946.75,5490
2021-06-24 09:51:37,28946.75,5490
2021-06-24 09:51:39,28946.75,5490
2021-06-24 09:51:40,28923.25,5491
2021-06-24 09:51:41,28923.25,5493
2021-06-24 09:51:42,28923.25,5493
2021-06-24 09:51:42,28923.25,5493
2021-06-24 09:51:44,28923.25,5493
2021-06-24 09:51:45,28923.25,5493
2021-06-24 09:51:46,28923.25,5493
2021-06-24 09:51:51,28923.25,5493
2021-06-24 09:51:53,28945.25,5495
2021-06-24 09:51:54,28945.25,5495
2021-06-24 09:51:55,28946.0,5498
2021-06-24 09:51:56,28946.0,5498
2021-06-24 09:51:57,28946.0,5498
2021-06-24 09:51:59,28946.0,5498
2021-06-24 09:52:01,28946.0,5498
2021-06-24 09:52:02,28946.0,5498
2021-06-24 09:52:03,28946.0,5498
2021-06-24 09:52:04,28946.0,5498
2021-06-24 09:52:05,28946.0,5498
2021-06-24 09:52:07,28946.0,5498
2021-06-24 09:52:09,28946.0,5498
2021-06-24 09:52:10,28946.0,5498
2021-06-24 09:52:11,28946.0,5498
2021-06-24 09:52:12,28928.0,5499
2021-06-24 09:52:13,28928.0,5499
2021-06-24 09:52:14,28928.0,5499
2021-06-24 09:52:15,28955.0,5520
2021-06-24 09:52:19,28955.0,5520
2021-06-24 09:52:20,28955.0,5520
2021-06-24 09:52:21,28955.0,5520
2021-06-24 09:52:22,28955.0,5520
2021-06-24 09:52:24,28955.0,5520
2021-06-24 09:52:25,28955.0,5520
2021-06-24 09:52:26,28955.0,5520
2021-06-24 09:52:27,28955.0,5520
2021-06-24 09:52:28,28955.0,5520
2021-06-24 09:52:29,28955.0,5520
2021-06-24 09:52:32,28962.6,5572
2021-06-24 09:52:33,28962.6,5572
2021-06-24 09:52:34,28962.6,5572
2021-06-24 09:52:35,28962.6,5572
2021-06-24 09:52:36,28962.6,5572
2021-06-24 09:52:38,28962.55,5573
2021-06-24 09:52:41,28937.05,5574
2021-06-24 09:52:42,28937.05,5574
2021-06-24 09:52:44,28937.05,5574
2021-06-24 09:52:47,28937.05,5574
2021-06-24 09:52:48,28937.05,5574
2021-06-24 09:52:50,28937.05,5574
2021-06-24 09:52:51,28937.05,5574
2021-06-24 09:52:52,28937.05,5574
2021-06-24 09:52:54,28939.05,5581
2021-06-24 09:52:53,28937.05,5574
2021-06-24 09:52:55,28939.05,5581
2021-06-24 09:52:56,28939.05,5581
2021-06-24 09:52:57,28939.05,5581
2021-06-24 09:52:59,28939.05,5581
2021-06-24 09:52:58,28939.05,5581
2021-06-24 09:53:00,28939.05,5581
2021-06-24 09:53:01,28939.05,5581
2021-06-24 09:53:02,28948.85,5592
2021-06-24 09:53:03,28948.85,5592
2021-06-24 09:53:04,28948.85,5592
2021-06-24 09:53:05,28948.85,5592
2021-06-24 09:53:06,28948.85,5592
2021-06-24 09:53:07,28948.85,5592
2021-06-24 09:53:08,28948.85,5593
2021-06-24 09:53:09,28948.85,5593
2021-06-24 09:53:10,28948.85,5593
2021-06-24 09:53:12,28948.85,5593
2021-06-24 09:53:13,28948.85,5593
2021-06-24 09:53:14,28948.85,5593
2021-06-24 09:53:15,28948.85,5593
2021-06-24 09:53:16,28948.85,5593
2021-06-24 09:53:17,28948.85,5593
2021-06-24 09:53:18,28948.85,5595
2021-06-24 09:53:19,28948.85,5595
2021-06-24 09:53:20,28948.85,5595
2021-06-24 09:53:21,28940.0,5605
2021-06-24 09:53:22,28940.0,5605
2021-06-24 09:53:23,28940.0,5605
2021-06-24 09:53:25,28940.0,5605
2021-06-24 09:53:26,28940.0,5605
2021-06-24 09:53:27,28940.0,5605
2021-06-24 09:53:28,28940.0,5625
2021-06-24 09:53:29,28940.0,5625
2021-06-24 09:53:30,28940.0,5625
2021-06-24 09:53:31,28940.0,5625
2021-06-24 09:53:32,28940.0,5625
2021-06-24 09:53:36,28940.0,5625
2021-06-24 09:53:37,28940.0,5625
2021-06-24 09:53:38,28931.0,5628
2021-06-24 09:53:39,28931.0,5628
2021-06-24 09:53:40,28940.0,5629
2021-06-24 09:53:43,28930.0,5633
2021-06-24 09:53:44,28930.0,5633
2021-06-24 09:53:45,28930.0,5633
2021-06-24 09:53:48,28930.0,5633
2021-06-24 09:53:49,28930.0,5633
2021-06-24 09:53:50,28930.0,5663
2021-06-24 09:53:51,28930.0,5663
2021-06-24 09:53:52,28922.6,5686
2021-06-24 09:53:53,28922.6,5686
2021-06-24 09:53:54,28922.6,5686
2021-06-24 09:53:56,28922.6,5686
2021-06-24 09:53:57,28922.6,5686
2021-06-24 09:53:58,28922.6,5686
2021-06-24 09:54:00,28922.6,5686
2021-06-24 09:54:02,28922.6,5686
2021-06-24 09:54:03,28920.55,5721
2021-06-24 09:54:04,28920.55,5721
2021-06-24 09:54:06,28920.55,5721
2021-06-24 09:54:07,28939.8,5723
2021-06-24 09:54:08,28939.8,5723
2021-06-24 09:54:09,28939.8,5723
2021-06-24 09:54:11,28939.8,5723
2021-06-24 09:54:12,28939.8,5723
2021-06-24 09:54:13,28923.4,5726
2021-06-24 09:54:14,28923.4,5726
2021-06-24 09:54:15,28923.4,5726
2021-06-24 09:54:16,28923.4,5726
2021-06-24 09:54:17,28923.4,5726
2021-06-24 09:54:18,28923.4,5726
2021-06-24 09:54:21,28923.4,5727
2021-06-24 09:54:22,28923.4,5727
2021-06-24 09:54:23,28921.05,5729
2021-06-24 09:54:24,28921.05,5729
2021-06-24 09:54:25,28921.05,5729
2021-06-24 09:54:26,28921.05,5729
2021-06-24 09:54:28,28921.05,5729
2021-06-24 09:54:29,28921.05,5729
2021-06-24 09:54:30,28921.05,5729
2021-06-24 09:54:33,28921.05,5729
2021-06-24 09:54:34,28939.95,5730
2021-06-24 09:54:35,28939.95,5730
2021-06-24 09:54:38,28939.95,5730
2021-06-24 09:54:39,28939.95,5730
2021-06-24 09:54:39,28939.95,5730
2021-06-24 09:54:42,28939.95,5730
2021-06-24 09:54:44,28939.95,5730
2021-06-24 09:54:45,28925.0,5732
2021-06-24 09:54:45,28925.0,5732
2021-06-24 09:54:46,28925.0,5732
2021-06-24 09:54:47,28925.0,5732
2021-06-24 09:54:48,28905.05,5771
2021-06-24 09:54:49,28905.05,5771
2021-06-24 09:54:50,28905.0,5772
2021-06-24 09:54:51,28905.0,5772
2021-06-24 09:54:52,28905.0,5772
2021-06-24 09:54:54,28905.0,5772
2021-06-24 09:54:54,28905.0,5772
2021-06-24 09:54:55,28905.0,5772
2021-06-24 09:54:56,28901.0,5777
2021-06-24 09:54:57,28901.0,5777
2021-06-24 09:54:58,28901.0,5777
2021-06-24 09:55:00,28901.0,5777
2021-06-24 09:55:01,28900.05,5780
2021-06-24 09:55:01,28892.45,5842
2021-06-24 09:55:03,28892.45,5842
2021-06-24 09:55:04,28892.45,5842
2021-06-24 09:55:05,28891.25,5843
2021-06-24 09:55:06,28890.05,5847
2021-06-24 09:55:08,28890.05,5857
2021-06-24 09:55:12,28890.05,5857
2021-06-24 09:55:15,28890.05,5857
2021-06-24 09:55:15,28903.0,5863
2021-06-24 09:55:17,28903.0,5863
2021-06-24 09:55:18,28903.0,5863
2021-06-24 09:55:19,28890.05,5864
2021-06-24 09:55:19,28890.05,5864
2021-06-24 09:55:22,28890.05,5869
2021-06-24 09:55:23,28890.05,5869
2021-06-24 09:55:25,28902.8,5870
2021-06-24 09:55:26,28902.8,5870
2021-06-24 09:55:27,28902.8,5870
2021-06-24 09:55:28,28902.8,5870
2021-06-24 09:55:29,28902.8,5870
2021-06-24 09:55:30,28902.8,5870
2021-06-24 09:55:31,28890.05,5880
2021-06-24 09:55:31,28890.05,5880
2021-06-24 09:55:34,28890.05,5880
2021-06-24 09:55:39,28890.05,5880
2021-06-24 09:55:39,28890.05,5880
2021-06-24 09:55:43,28890.05,5881
2021-06-24 09:55:43,28890.05,5881
2021-06-24 09:55:44,28890.05,5888
2021-06-24 09:55:45,28890.05,5892
2021-06-24 09:55:46,28890.05,5892
2021-06-24 09:55:47,28884.45,5915
2021-06-24 09:55:48,28884.45,5915
2021-06-24 09:55:50,28884.45,5915
2021-06-24 09:55:50,28884.45,5915
2021-06-24 09:55:51,28884.45,5915
2021-06-24 09:55:53,28884.45,5915
2021-06-24 09:55:53,28884.45,5915
2021-06-24 09:55:54,28884.45,5915
2021-06-24 09:55:55,28884.45,5915
2021-06-24 09:55:57,28898.8,5920
2021-06-24 09:55:57,28885.0,5922
2021-06-24 09:55:58,28885.0,5922
2021-06-24 09:55:59,28885.5,5927
2021-06-24 09:56:02,28885.5,5927
2021-06-24 09:56:03,28888.0,5928
2021-06-24 09:56:04,28888.0,5929
2021-06-24 09:56:05,28890.0,5930
2021-06-24 09:56:06,28890.0,5930
2021-06-24 09:56:07,28890.0,5930
2021-06-24 09:56:08,28890.0,5930
2021-06-24 09:56:09,28885.5,5952
2021-06-24 09:56:10,28885.5,5952
2021-06-24 09:56:11,28885.5,5952
2021-06-24 09:56:12,28880.0,5953
2021-06-24 09:56:13,28880.0,5953
2021-06-24 09:56:14,28889.75,5954
2021-06-24 09:56:16,28889.75,5954
2021-06-24 09:56:17,28889.75,5956
2021-06-24 09:56:18,28889.75,5956
2021-06-24 09:56:19,28889.75,5956
2021-06-24 09:56:20,28889.75,5956
2021-06-24 09:56:22,28889.75,5956
2021-06-24 09:56:25,28889.75,5956
2021-06-24 09:56:26,28889.75,5956
2021-06-24 09:56:28,28889.75,5956
2021-06-24 09:56:29,28889.75,5956
2021-06-24 09:56:30,28889.75,5956
2021-06-24 09:56:31,28889.75,5956
2021-06-24 09:56:32,28889.75,5956
2021-06-24 09:56:33,28889.75,5956
2021-06-24 09:56:38,28880.0,5958
2021-06-24 09:56:39,28880.0,5958
2021-06-24 09:56:41,28880.0,5958
2021-06-24 09:56:45,28880.0,5958
2021-06-24 09:56:48,28880.0,5958
2021-06-24 09:56:51,28880.0,5958
2021-06-24 09:56:56,28880.0,5958
2021-06-24 09:57:00,28880.0,5958
2021-06-24 09:57:04,28880.0,5958
2021-06-24 09:57:09,28880.0,5962
2021-06-24 09:57:13,28880.0,5962
2021-06-24 09:57:18,28870.0,5966
2021-06-24 09:57:22,28865.5,5978
2021-06-24 09:57:26,28862.8,5981
2021-06-24 09:57:31,28860.1,5991
2021-06-24 09:57:35,28860.1,5991
2021-06-24 09:57:40,28865.0,5996
2021-06-24 09:57:44,28865.0,5996
2021-06-24 09:57:49,28865.0,5998
2021-06-24 09:57:54,28860.1,6005
2021-06-24 09:57:58,28865.0,6008
2021-06-24 09:58:02,28860.0,6015
2021-06-24 09:58:05,28860.0,6015
2021-06-24 09:58:09,28860.05,6023
2021-06-24 09:58:13,28857.0,6053
2021-06-24 09:58:17,28857.0,6053
2021-06-24 09:58:21,28857.0,6054
2021-06-24 09:58:26,28851.05,6056
2021-06-24 09:58:30,28851.0,6057
2021-06-24 09:58:34,28882.05,6107
2021-06-24 09:58:39,28875.3,6109
2021-06-24 09:58:43,28864.95,6114
2021-06-24 09:58:48,28883.25,6115
2021-06-24 09:58:53,28883.8,6118
2021-06-24 09:58:57,28883.8,6118
2021-06-24 09:59:01,28883.8,6118
2021-06-24 09:59:05,28866.45,6121
2021-06-24 09:59:09,28880.0,6122
2021-06-24 09:59:14,28890.0,6133
2021-06-24 09:59:18,28877.25,6135
2021-06-24 09:59:23,28866.0,6143
2021-06-24 09:59:27,28866.0,6143
2021-06-24 09:59:32,28865.2,6149
2021-06-24 09:59:37,28858.0,6151
2021-06-24 09:59:41,28856.0,6155
2021-06-24 09:59:46,28852.0,6164
2021-06-24 09:59:50,28866.45,6173
2021-06-24 09:59:54,28850.1,6174
2021-06-24 09:59:59,28850.1,6174
2021-06-24 10:00:08,28868.1,6187
2021-06-24 10:00:12,28868.1,6187
2021-06-24 10:00:16,28870.0,6188
2021-06-24 10:00:20,28870.0,6188
2021-06-24 10:00:24,28870.0,6188
2021-06-24 10:00:28,28870.55,6204
2021-06-24 10:00:32,28879.2,6207
2021-06-24 10:00:36,28879.2,6207
2021-06-24 10:00:43,28879.2,6208
2021-06-24 10:00:47,28870.0,6241
2021-06-24 10:00:52,28870.0,6242
2021-06-24 10:00:56,28870.0,6242
2021-06-24 10:01:00,28870.0,6242
2021-06-24 10:01:04,28870.0,6242
2021-06-24 10:01:08,28870.0,6242
2021-06-24 10:01:15,28873.05,6257
2021-06-24 10:01:19,28873.05,6257
2021-06-24 10:01:23,28873.05,6257
2021-06-24 10:01:30,28873.05,6257
2021-06-24 10:01:34,28873.05,6257
2021-06-24 10:01:39,28873.05,6257
2021-06-24 10:01:42,28873.05,6257
2021-06-24 10:01:46,28899.6,6306
2021-06-24 10:01:50,28880.5,6311
2021-06-24 10:01:54,28880.5,6311
2021-06-24 10:01:58,28880.5,6311
2021-06-24 10:02:01,28880.5,6311
2021-06-24 10:02:05,28903.0,6362
2021-06-24 10:02:08,28881.25,6369
2021-06-24 10:02:12,28903.0,6375
2021-06-24 10:02:16,28903.0,6381
2021-06-24 10:02:24,28903.0,6418
2021-06-24 10:02:33,28900.0,6429
2021-06-24 10:02:37,28900.0,6437
2021-06-24 10:02:42,28900.0,6437
2021-06-24 10:02:46,28899.9,6438
2021-06-24 10:02:51,28899.9,6438
2021-06-24 10:02:56,28899.9,6438
2021-06-24 10:03:01,28899.85,6447
2021-06-24 10:03:06,28899.85,6447
2021-06-24 10:03:11,28885.55,6449
2021-06-24 10:03:15,28885.55,6449
2021-06-24 10:03:18,28885.55,6449
2021-06-24 10:03:23,28885.55,6449
2021-06-24 10:03:27,28885.55,6449
2021-06-24 10:03:30,28885.55,6450
2021-06-24 10:03:34,28885.55,6450
2021-06-24 10:03:42,28898.95,6451
2021-06-24 10:03:46,28898.95,6451
2021-06-24 10:03:50,28898.95,6451
2021-06-24 10:03:53,28898.95,6452
2021-06-24 10:03:57,28898.95,6452
2021-06-24 10:04:01,28898.95,6452
2021-06-24 10:04:05,28898.95,6452
2021-06-24 10:04:08,28898.95,6452
2021-06-24 10:04:12,28898.95,6452
2021-06-24 10:04:15,28898.95,6452
2021-06-24 10:04:19,28898.95,6452
2021-06-24 10:04:23,28886.6,6454
2021-06-24 10:04:27,28886.6,6454
2021-06-24 10:04:31,28886.6,6454
2021-06-24 10:04:35,28886.6,6454
2021-06-24 10:04:38,28885.55,6460
2021-06-24 10:04:42,28885.55,6460
2021-06-24 10:04:46,28875.0,6500
2021-06-24 10:04:49,28885.0,6501
2021-06-24 10:04:53,28885.0,6501
2021-06-24 10:04:57,28890.0,6504
2021-06-24 10:05:01,28890.0,6504
2021-06-24 10:05:04,28890.0,6504
2021-06-24 10:05:08,28890.0,6504
2021-06-24 10:05:12,28890.0,6504
2021-06-24 10:05:15,28885.0,6505
2021-06-24 10:05:19,28885.0,6505
2021-06-24 10:05:23,28884.5,6506
2021-06-24 10:05:27,28876.0,6521
2021-06-24 10:05:31,28876.0,6521
2021-06-24 10:05:35,28884.5,6522
2021-06-24 10:05:39,28884.5,6522
2021-06-24 10:05:43,28884.5,6522
2021-06-24 10:05:51,28875.0,6547
2021-06-24 10:05:55,28875.0,6547
2021-06-24 10:06:00,28875.0,6547
2021-06-24 10:06:04,28875.0,6547
2021-06-24 10:06:08,28875.0,6552
2021-06-24 10:06:12,28875.0,6553
2021-06-24 10:06:19,28861.25,6555
2021-06-24 10:06:23,28861.25,6555
2021-06-24 10:06:27,28861.25,6555
2021-06-24 10:06:31,28861.25,6555
2021-06-24 10:06:34,28861.25,6555
2021-06-24 10:06:38,28861.25,6555
2021-06-24 10:06:43,28870.0,6557
2021-06-24 10:06:52,28870.0,6557
2021-06-24 10:06:56,28853.3,6607
2021-06-24 10:06:59,28852.0,6620
2021-06-24 10:07:04,28830.0,6746
2021-06-24 10:07:08,28830.15,6747
2021-06-24 10:07:12,28838.55,6756
2021-06-24 10:07:16,28827.7,6757
2021-06-24 10:07:20,28820.05,6793
2021-06-24 10:07:23,28820.0,6822
2021-06-24 10:07:31,28820.0,6822
2021-06-24 10:07:35,28820.0,6822
2021-06-24 10:07:38,28824.7,6823
2021-06-24 10:07:42,28832.85,6833
2021-06-24 10:07:46,28820.0,6837
2021-06-24 10:07:51,28820.0,6838
2021-06-24 10:07:55,28832.8,6841
2021-06-24 10:07:59,28820.0,6847
2021-06-24 10:08:03,28811.0,6848
2021-06-24 10:08:07,28805.25,6849
2021-06-24 10:08:11,28800.0,6930
2021-06-24 10:08:14,28800.0,6962
2021-06-24 10:08:18,28799.0,6963
2021-06-24 10:08:22,28800.0,7035
2021-06-24 10:08:25,28798.0,7115
2021-06-24 10:08:29,28800.0,7118
2021-06-24 10:08:33,28808.6,7345
2021-06-24 10:08:37,28798.0,7351
2021-06-24 10:08:41,28798.0,7351
2021-06-24 10:08:46,28798.0,7351
2021-06-24 10:08:50,28778.25,7353
2021-06-24 10:08:55,28778.25,7354
2021-06-24 10:08:59,28778.25,7354
2021-06-24 10:09:07,28778.25,7357
2021-06-24 10:09:11,28779.0,7376
2021-06-24 10:09:15,28759.9,7399
2021-06-24 10:09:18,28759.9,7399
2021-06-24 10:09:23,28759.95,7403
2021-06-24 10:09:27,28775.0,7422
2021-06-24 10:09:31,28767.65,7427
2021-06-24 10:09:36,28767.65,7427
2021-06-24 10:09:40,28766.55,7434
2021-06-24 10:09:44,28766.55,7434
2021-06-24 10:09:48,28759.45,7436
2021-06-24 10:09:52,28759.45,7445
2021-06-24 10:09:56,28759.45,7445
2021-06-24 10:10:01,28765.6,7452
2021-06-24 10:10:05,28765.25,7456
2021-06-24 10:10:09,28765.6,7465
2021-06-24 10:10:14,28765.6,7465
2021-06-24 10:10:18,28765.6,7466
2021-06-24 10:10:22,28780.0,7472
2021-06-24 10:10:26,28765.0,7486
2021-06-24 10:10:30,28779.95,7491
2021-06-24 10:10:35,28779.95,7491
2021-06-24 10:10:39,28779.95,7491
2021-06-24 10:10:44,28767.05,7492
2021-06-24 10:10:48,28780.0,7495
2021-06-24 10:10:56,28767.1,7496
2021-06-24 10:11:00,28790.25,7497
2021-06-24 10:11:04,28778.7,7508
2021-06-24 10:11:08,28778.7,7508
2021-06-24 10:11:12,28766.0,7515
2021-06-24 10:11:16,28766.0,7515
2021-06-24 10:11:20,28766.05,7517
2021-06-24 10:11:24,28787.55,7527
2021-06-24 10:11:28,28787.55,7527
2021-06-24 10:11:32,28787.55,7527
2021-06-24 10:11:36,28787.55,7527
2021-06-24 10:11:40,28787.55,7527
2021-06-24 10:11:44,28787.55,7527
2021-06-24 10:11:46,28787.55,7527
2021-06-24 10:11:47,28787.55,7527
2021-06-24 10:11:48,28787.55,7527
2021-06-24 10:11:51,28787.55,7527
2021-06-24 10:11:50,28787.55,7527
2021-06-24 10:11:52,28787.55,7527
2021-06-24 10:11:53,28787.55,7527
2021-06-24 10:11:54,28787.55,7527
2021-06-24 10:11:55,28787.55,7527
2021-06-24 10:11:55,28787.55,7527
2021-06-24 10:11:56,28787.55,7527
2021-06-24 10:11:58,28787.55,7527
2021-06-24 10:11:59,28787.55,7527
2021-06-24 10:12:00,28787.55,7527
2021-06-24 10:12:01,28787.55,7527
2021-06-24 10:12:03,28787.55,7527
2021-06-24 10:12:05,28787.55,7527
2021-06-24 10:12:06,28787.55,7527
2021-06-24 10:12:07,28787.55,7527
2021-06-24 10:12:07,28787.55,7527
2021-06-24 10:12:08,28790.0,7537
2021-06-24 10:12:09,28790.0,7537
2021-06-24 10:12:10,28790.0,7537
2021-06-24 10:12:11,28790.0,7537
2021-06-24 10:12:17,28790.0,7537
2021-06-24 10:12:18,28790.0,7551
2021-06-24 10:12:20,28790.0,7551
2021-06-24 10:12:21,28787.55,7552
2021-06-24 10:12:22,28787.55,7552
2021-06-24 10:12:23,28787.55,7552
2021-06-24 10:12:24,28787.55,7552
2021-06-24 10:12:28,28787.55,7552
2021-06-24 10:12:29,28787.55,7552
2021-06-24 10:12:31,28787.55,7552
2021-06-24 10:12:32,28790.0,7564
2021-06-24 10:12:33,28790.0,7564
2021-06-24 10:12:35,28790.0,7564
2021-06-24 10:12:39,28790.0,7564
2021-06-24 10:12:42,28790.0,7564
2021-06-24 10:12:44,28790.0,7564
2021-06-24 10:12:45,28790.0,7564
2021-06-24 10:12:48,28790.0,7564
2021-06-24 10:12:49,28770.85,7572
2021-06-24 10:12:49,28790.0,7565
2021-06-24 10:12:51,28770.85,7572
2021-06-24 10:12:52,28770.85,7572
2021-06-24 10:12:53,28770.85,7572
2021-06-24 10:12:54,28770.2,7582
2021-06-24 10:12:55,28770.2,7582
2021-06-24 10:12:58,28770.2,7582
2021-06-24 10:12:59,28770.2,7582
2021-06-24 10:13:00,28770.2,7582
2021-06-24 10:13:03,28770.2,7582
2021-06-24 10:13:05,28771.0,7583
2021-06-24 10:13:06,28771.0,7583
2021-06-24 10:13:07,28771.0,7583
2021-06-24 10:13:08,28771.0,7583
2021-06-24 10:13:09,28771.0,7583
2021-06-24 10:13:10,28771.0,7583
2021-06-24 10:13:12,28771.0,7583
2021-06-24 10:13:13,28775.0,7593
2021-06-24 10:13:14,28775.0,7593
2021-06-24 10:13:15,28775.0,7593
2021-06-24 10:13:17,28775.0,7593
2021-06-24 10:13:18,28775.0,7593
2021-06-24 10:13:19,28775.0,7593
2021-06-24 10:13:19,28775.0,7593
2021-06-24 10:13:21,28775.0,7593
2021-06-24 10:13:22,28775.0,7593
2021-06-24 10:13:23,28775.0,7593
2021-06-24 10:13:24,28775.0,7593
2021-06-24 10:13:25,28775.0,7593
2021-06-24 10:13:27,28775.0,7593
2021-06-24 10:13:28,28775.0,7593
2021-06-24 10:13:28,28775.0,7593
2021-06-24 10:13:29,28775.0,7593
2021-06-24 10:13:31,28775.0,7593
2021-06-24 10:13:32,28788.65,7596
2021-06-24 10:13:33,28788.65,7596
2021-06-24 10:13:34,28788.65,7596
2021-06-24 10:13:36,28788.65,7596
2021-06-24 10:13:37,28788.65,7596
2021-06-24 10:13:38,28788.65,7596
2021-06-24 10:13:39,28788.65,7596
2021-06-24 10:13:40,28788.65,7596
2021-06-24 10:13:42,28788.65,7596
2021-06-24 10:13:43,28788.65,7596
2021-06-24 10:13:44,28789.9,7597
2021-06-24 10:13:45,28789.9,7597
2021-06-24 10:13:46,28789.9,7597
2021-06-24 10:13:48,28789.9,7597
2021-06-24 10:13:49,28789.9,7597
2021-06-24 10:13:50,28789.9,7597
2021-06-24 10:13:51,28789.9,7597
2021-06-24 10:13:52,28775.55,7598
2021-06-24 10:13:54,28775.55,7598
2021-06-24 10:13:55,28775.55,7598
2021-06-24 10:13:56,28775.55,7598
2021-06-24 10:14:01,28775.55,7598
2021-06-24 10:14:02,28775.55,7598
2021-06-24 10:14:03,28776.15,7599
2021-06-24 10:14:04,28789.95,7600
2021-06-24 10:14:06,28789.95,7600
2021-06-24 10:14:08,28789.95,7600
2021-06-24 10:14:09,28789.95,7600
2021-06-24 10:14:10,28789.95,7600
2021-06-24 10:14:12,28776.25,7607
2021-06-24 10:14:11,28789.95,7600
2021-06-24 10:14:13,28776.25,7607
2021-06-24 10:14:14,28776.25,7607
2021-06-24 10:14:15,28776.25,7607
2021-06-24 10:14:16,28790.0,7617
2021-06-24 10:14:17,28790.0,7617
2021-06-24 10:14:18,28790.0,7617
2021-06-24 10:14:19,28790.0,7617
2021-06-24 10:14:20,28790.0,7617
2021-06-24 10:14:21,28790.0,7617
2021-06-24 10:14:22,28790.0,7617
2021-06-24 10:14:23,28790.0,7617
2021-06-24 10:14:24,28790.0,7617
2021-06-24 10:14:25,28799.7,7632
2021-06-24 10:14:26,28799.7,7632
2021-06-24 10:14:27,28799.7,7632
2021-06-24 10:14:29,28799.7,7632
2021-06-24 10:14:30,28799.7,7632
2021-06-24 10:14:31,28800.95,7738
2021-06-24 10:14:32,28801.0,7739
2021-06-24 10:14:33,28801.0,7739
2021-06-24 10:14:34,28800.0,7740
2021-06-24 10:14:35,28800.0,7741
2021-06-24 10:14:36,28800.0,7742
2021-06-24 10:14:37,28800.0,7752
2021-06-24 10:14:38,28800.0,7752
2021-06-24 10:14:39,28800.0,7752
2021-06-24 10:14:41,28800.0,7752
2021-06-24 10:14:42,28800.0,7752
2021-06-24 10:14:43,28800.0,7752
2021-06-24 10:14:44,28800.0,7752
2021-06-24 10:14:45,28800.0,7752
2021-06-24 10:14:46,28800.0,7752
2021-06-24 10:14:48,28800.0,7752
2021-06-24 10:14:49,28800.0,7752
2021-06-24 10:14:50,28800.0,7752
2021-06-24 10:14:51,28800.0,7752
2021-06-24 10:14:52,28800.0,7752
2021-06-24 10:14:53,28800.0,7753
2021-06-24 10:14:54,28800.0,7764
2021-06-24 10:14:55,28800.0,7764
2021-06-24 10:14:56,28808.25,7765
2021-06-24 10:14:57,28808.25,7765
2021-06-24 10:14:58,28808.25,7765
2021-06-24 10:14:59,28808.25,7765
2021-06-24 10:15:00,28808.25,7765
2021-06-24 10:15:01,28800.05,7779
2021-06-24 10:15:02,28800.05,7779
2021-06-24 10:15:03,28800.05,7779
2021-06-24 10:15:04,28808.3,7782
2021-06-24 10:15:05,28808.3,7782
2021-06-24 10:15:06,28808.3,7782
2021-06-24 10:15:07,28800.0,7785
2021-06-24 10:15:08,28800.0,7786
2021-06-24 10:15:09,28800.0,7786
2021-06-24 10:15:10,28800.0,7786
2021-06-24 10:15:11,28800.0,7790
2021-06-24 10:15:12,28782.8,7803
2021-06-24 10:15:13,28782.8,7803
2021-06-24 10:15:14,28782.8,7803
2021-06-24 10:15:15,28782.8,7803
2021-06-24 10:15:16,28782.8,7803
2021-06-24 10:15:17,28782.8,7803
2021-06-24 10:15:18,28782.8,7803
2021-06-24 10:15:19,28782.8,7803
2021-06-24 10:15:20,28782.8,7803
2021-06-24 10:15:21,28782.8,7803
2021-06-24 10:15:22,28782.8,7803
2021-06-24 10:15:26,28782.8,7803
2021-06-24 10:15:25,28782.8,7803
2021-06-24 10:15:27,28782.8,7803
2021-06-24 10:15:28,28782.8,7803
2021-06-24 10:15:29,28782.8,7803
2021-06-24 10:15:30,28782.8,7803
2021-06-24 10:15:31,28782.8,7803
2021-06-24 10:15:32,28782.8,7803
2021-06-24 10:15:33,28782.8,7803
2021-06-24 10:15:34,28782.8,7803
2021-06-24 10:15:35,28782.8,7803
2021-06-24 10:15:36,28782.8,7803
2021-06-24 10:15:37,28782.8,7803
2021-06-24 10:15:38,28782.8,7803
2021-06-24 10:15:39,28782.8,7803
2021-06-24 10:15:40,28782.8,7803
2021-06-24 10:15:41,28785.0,7805
2021-06-24 10:15:42,28799.75,7806
2021-06-24 10:15:44,28799.7,7807
2021-06-24 10:15:43,28799.7,7807
2021-06-24 10:15:45,28799.7,7807
2021-06-24 10:15:46,28799.7,7807
2021-06-24 10:15:50,28799.7,7807
2021-06-24 10:15:49,28799.7,7807
2021-06-24 10:15:51,28799.7,7807
2021-06-24 10:15:53,28799.7,7807
2021-06-24 10:15:54,28799.7,7807
2021-06-24 10:15:54,28799.7,7807
2021-06-24 10:15:55,28799.7,7807
2021-06-24 10:15:57,28799.7,7807
2021-06-24 10:15:59,28799.7,7807
2021-06-24 10:16:00,28799.7,7807
2021-06-24 10:16:01,28799.7,7807
2021-06-24 10:16:06,28799.7,7807
2021-06-24 10:16:11,28799.7,7807
2021-06-24 10:16:12,28776.0,7889
2021-06-24 10:16:13,28797.05,7890
2021-06-24 10:16:14,28797.05,7890
2021-06-24 10:16:15,28797.05,7890
2021-06-24 10:16:16,28797.05,7890
2021-06-24 10:16:17,28797.05,7890
2021-06-24 10:16:19,28797.0,7891
2021-06-24 10:16:20,28797.0,7891
2021-06-24 10:16:20,28797.0,7891
2021-06-24 10:16:22,28797.0,7891
2021-06-24 10:16:23,28797.0,7891
2021-06-24 10:16:24,28766.0,8053
2021-06-24 10:16:24,28797.0,7891
2021-06-24 10:16:25,28766.0,8053
2021-06-24 10:16:26,28766.0,8053
2021-06-24 10:16:27,28788.95,8054
2021-06-24 10:16:28,28788.95,8054
2021-06-24 10:16:29,28788.95,8054
2021-06-24 10:16:30,28788.95,8054
2021-06-24 10:16:31,28788.95,8054
2021-06-24 10:16:34,28788.95,8054
2021-06-24 10:16:36,28788.95,8054
2021-06-24 10:16:37,28788.95,8054
2021-06-24 10:16:40,28787.85,8055
2021-06-24 10:16:41,28787.85,8055
2021-06-24 10:16:42,28787.85,8055
2021-06-24 10:16:43,28787.85,8055
2021-06-24 10:16:45,28787.85,8055
2021-06-24 10:16:48,28787.85,8055
2021-06-24 10:16:52,28787.85,8055
2021-06-24 10:16:56,28787.85,8055
2021-06-24 10:16:59,28787.85,8055
2021-06-24 10:17:03,28765.4,8065
2021-06-24 10:17:07,28765.4,8065
2021-06-24 10:17:10,28765.4,8065
2021-06-24 10:17:15,28781.0,8066
2021-06-24 10:17:19,28781.0,8066
2021-06-24 10:17:24,28781.0,8066
2021-06-24 10:17:27,28781.0,8066
2021-06-24 10:17:31,28781.0,8066
2021-06-24 10:17:34,28781.0,8068
2021-06-24 10:17:38,28781.0,8068
2021-06-24 10:17:41,28781.0,8068
2021-06-24 10:17:45,28766.0,8073
2021-06-24 10:17:49,28766.0,8073
2021-06-24 10:17:52,28785.75,8075
2021-06-24 10:17:56,28785.75,8075
2021-06-24 10:17:59,28785.75,8075
2021-06-24 10:18:03,28785.75,8075
2021-06-24 10:18:07,28785.75,8076
2021-06-24 10:18:11,28785.75,8076
2021-06-24 10:18:14,28785.75,8076
2021-06-24 10:18:18,28785.75,8076
2021-06-24 10:18:21,28766.0,8083
2021-06-24 10:18:31,28766.25,8087
2021-06-24 10:18:35,28766.25,8088
2021-06-24 10:18:39,28766.25,8088
2021-06-24 10:18:44,28766.8,8089
2021-06-24 10:18:48,28766.8,8089
2021-06-24 10:18:52,28785.75,8096
2021-06-24 10:18:55,28785.75,8096
2021-06-24 10:18:59,28785.75,8096
2021-06-24 10:19:03,28785.75,8096
2021-06-24 10:19:08,28785.75,8096
2021-06-24 10:19:12,28785.75,8096
2021-06-24 10:19:19,28785.75,8096
2021-06-24 10:19:23,28785.0,8097
2021-06-24 10:19:27,28790.05,8110
2021-06-24 10:19:31,28790.05,8110
2021-06-24 10:19:34,28790.05,8110
2021-06-24 10:19:38,28790.05,8110
2021-06-24 10:19:41,28771.7,8121
2021-06-24 10:19:45,28791.0,8131
2021-06-24 10:19:48,28791.0,8131
2021-06-24 10:19:52,28791.0,8131
2021-06-24 10:19:56,28791.0,8131
2021-06-24 10:20:00,28791.0,8153
2021-06-24 10:20:04,28791.0,8153
2021-06-24 10:20:09,28789.95,8154
2021-06-24 10:20:12,28790.0,8158
2021-06-24 10:20:16,28790.0,8158
2021-06-24 10:20:20,28790.0,8158
2021-06-24 10:20:26,28790.0,8158
2021-06-24 10:20:30,28767.35,8168
2021-06-24 10:20:34,28767.35,8168
2021-06-24 10:20:38,28767.35,8168
2021-06-24 10:20:42,28767.35,8168
2021-06-24 10:20:47,28767.35,8168
2021-06-24 10:20:51,28767.35,8168
2021-06-24 10:20:55,28768.05,8178
2021-06-24 10:20:59,28768.05,8178
2021-06-24 10:21:02,28768.05,8178
2021-06-24 10:21:06,28767.35,8188
2021-06-24 10:21:11,28767.35,8188
2021-06-24 10:21:14,28767.35,8196
2021-06-24 10:21:18,28767.35,8196
2021-06-24 10:21:22,28767.35,8206
2021-06-24 10:21:25,28767.35,8206
2021-06-24 10:21:29,28788.3,8207
2021-06-24 10:21:33,28788.3,8207
2021-06-24 10:21:36,28767.2,8209
2021-06-24 10:21:39,28767.2,8209
2021-06-24 10:21:43,28768.0,8210
2021-06-24 10:21:46,28770.75,8263
2021-06-24 10:21:49,28770.75,8263
2021-06-24 10:21:53,28770.75,8263
2021-06-24 10:21:56,28770.75,8263
2021-06-24 10:21:59,28770.75,8263
2021-06-24 10:22:03,28791.65,8264
2021-06-24 10:22:07,28771.0,8266
2021-06-24 10:22:10,28771.0,8266
2021-06-24 10:22:14,28771.0,8266
2021-06-24 10:22:18,28771.0,8266
2021-06-24 10:22:23,28791.6,8268
2021-06-24 10:22:27,28767.05,8276
2021-06-24 10:22:31,28767.05,8276
2021-06-24 10:22:34,28766.8,8281
2021-06-24 10:22:38,28788.0,8284
2021-06-24 10:22:42,28788.0,8284
2021-06-24 10:22:46,28766.0,8301
2021-06-24 10:22:50,28766.0,8301
2021-06-24 10:22:54,28786.95,8321
2021-06-24 10:22:57,28786.95,8321
2021-06-24 10:23:01,28786.95,8321
2021-06-24 10:23:05,28786.95,8321
2021-06-24 10:23:09,28786.95,8321
2021-06-24 10:23:13,28756.0,8437
2021-06-24 10:23:21,28755.3,8448
2021-06-24 10:23:25,28780.75,8463
2021-06-24 10:23:29,28745.15,8528
2021-06-24 10:23:33,28745.15,8528
2021-06-24 10:23:37,28745.15,8528
2021-06-24 10:23:40,28766.5,8539
2021-06-24 10:23:44,28764.35,8542
2021-06-24 10:23:47,28764.35,8542
2021-06-24 10:23:51,28764.35,8542
2021-06-24 10:23:55,28764.35,8542
2021-06-24 10:23:58,28741.7,8552
2021-06-24 10:24:02,28741.7,8552
2021-06-24 10:24:06,28741.7,8552
2021-06-24 10:24:09,28742.05,8553
2021-06-24 10:24:13,28742.05,8553
2021-06-24 10:24:16,28742.05,8553
2021-06-24 10:24:19,28764.6,8555
2021-06-24 10:24:23,28742.3,8556
2021-06-24 10:24:26,28763.95,8561
2021-06-24 10:24:30,28763.95,8561
2021-06-24 10:24:34,28763.95,8561
2021-06-24 10:24:37,28763.95,8561
2021-06-24 10:24:41,28763.95,8561
2021-06-24 10:24:45,28763.95,8561
2021-06-24 10:24:49,28763.95,8561
2021-06-24 10:24:56,28763.95,8561
2021-06-24 10:25:00,28755.0,8562
2021-06-24 10:25:05,28763.6,8576
2021-06-24 10:25:13,28744.2,8577
2021-06-24 10:25:17,28744.2,8577
2021-06-24 10:25:22,28763.4,8578
2021-06-24 10:25:26,28763.4,8578
2021-06-24 10:25:30,28763.4,8578
2021-06-24 10:25:35,28763.4,8578
2021-06-24 10:25:42,28763.35,8579
2021-06-24 10:25:46,28745.05,8582
2021-06-24 10:25:50,28745.05,8582
2021-06-24 10:25:53,28745.05,8582
2021-06-24 10:25:58,28745.05,8582
2021-06-24 10:26:02,28745.05,8643
2021-06-24 10:26:05,28745.05,8643
2021-06-24 10:26:09,28749.1,8654
2021-06-24 10:26:13,28749.1,8654
2021-06-24 10:26:16,28747.9,8660
2021-06-24 10:26:19,28740.0,8661
2021-06-24 10:26:23,28749.1,8665
2021-06-24 10:26:27,28755.2,8666
2021-06-24 10:26:31,28755.2,8666
2021-06-24 10:26:35,28755.2,8666
2021-06-24 10:26:39,28755.2,8666
2021-06-24 10:26:43,28755.2,8666
2021-06-24 10:26:45,28755.2,8666
2021-06-24 10:26:47,28755.2,8666
2021-06-24 10:26:47,28755.2,8666
2021-06-24 10:26:48,28755.2,8666
2021-06-24 10:26:49,28755.2,8666
2021-06-24 10:26:54,28755.2,8666
2021-06-24 10:26:54,28755.2,8666
2021-06-24 10:26:56,28745.0,8678
2021-06-24 10:26:57,28745.0,8678
2021-06-24 10:26:58,28745.0,8678
2021-06-24 10:26:59,28745.0,8678
2021-06-24 10:27:00,28745.0,8678
2021-06-24 10:27:01,28745.0,8678
2021-06-24 10:27:03,28755.0,8679
2021-06-24 10:27:06,28755.0,8679
2021-06-24 10:27:07,28755.0,8679
2021-06-24 10:27:08,28755.0,8679
2021-06-24 10:27:08,28740.0,8682
2021-06-24 10:27:09,28740.0,8682
2021-06-24 10:27:12,28740.0,8682
2021-06-24 10:27:15,28732.55,8683
2021-06-24 10:27:15,28732.55,8683
2021-06-24 10:27:16,28732.55,8683
2021-06-24 10:27:18,28732.55,8683
2021-06-24 10:27:18,28732.55,8683
2021-06-24 10:27:19,28732.55,8683
2021-06-24 10:27:21,28732.55,8683
2021-06-24 10:27:23,28732.55,8683
2021-06-24 10:27:24,28732.55,8683
2021-06-24 10:27:26,28756.8,8688
2021-06-24 10:27:27,28756.8,8688
2021-06-24 10:27:28,28756.8,8688
2021-06-24 10:27:29,28756.8,8688
2021-06-24 10:27:30,28756.8,8688
2021-06-24 10:27:31,28756.8,8688
2021-06-24 10:27:32,28756.8,8688
2021-06-24 10:27:33,28756.8,8688
2021-06-24 10:27:34,28756.8,8688
2021-06-24 10:27:35,28756.8,8688
2021-06-24 10:27:36,28756.8,8689
2021-06-24 10:27:37,28756.8,8689
2021-06-24 10:27:38,28756.8,8689
2021-06-24 10:27:41,28733.8,8690
2021-06-24 10:27:42,28733.8,8690
2021-06-24 10:27:43,28733.8,8690
2021-06-24 10:27:44,28733.8,8690
2021-06-24 10:27:45,28756.75,8691
2021-06-24 10:27:47,28756.75,8691
2021-06-24 10:27:48,28756.75,8691
2021-06-24 10:27:48,28756.75,8691
2021-06-24 10:27:49,28756.75,8691
2021-06-24 10:27:50,28734.15,8693
2021-06-24 10:27:53,28734.15,8693
2021-06-24 10:27:54,28734.15,8693
2021-06-24 10:27:55,28735.9,8695
2021-06-24 10:27:57,28735.9,8695
2021-06-24 10:27:58,28735.9,8695
2021-06-24 10:27:59,28735.9,8695
2021-06-24 10:28:00,28735.9,8695
2021-06-24 10:28:01,28735.9,8695
2021-06-24 10:28:03,28735.9,8695
2021-06-24 10:28:05,28756.65,8696
2021-06-24 10:28:06,28756.65,8696
2021-06-24 10:28:08,28756.65,8696
2021-06-24 10:28:10,28735.95,8697
2021-06-24 10:28:11,28735.95,8702
2021-06-24 10:28:12,28735.95,8702
2021-06-24 10:28:12,28735.95,8702
2021-06-24 10:28:16,28735.9,8710
2021-06-24 10:28:19,28735.9,8710
2021-06-24 10:28:20,28735.9,8710
2021-06-24 10:28:20,28735.9,8710
2021-06-24 10:28:22,28735.9,8710
2021-06-24 10:28:23,28735.9,8711
2021-06-24 10:28:23,28735.9,8710
2021-06-24 10:28:25,28732.55,8712
2021-06-24 10:28:26,28732.55,8712
2021-06-24 10:28:29,28732.55,8712
2021-06-24 10:28:30,28732.55,8712
2021-06-24 10:28:31,28732.55,8712
2021-06-24 10:28:31,28732.55,8712
2021-06-24 10:28:32,28736.5,8713
2021-06-24 10:28:33,28736.5,8713
2021-06-24 10:28:35,28736.5,8713
2021-06-24 10:28:37,28736.5,8713
2021-06-24 10:28:39,28736.5,8713
2021-06-24 10:28:42,28736.5,8713
2021-06-24 10:28:43,28736.5,8713
2021-06-24 10:28:45,28736.5,8713
2021-06-24 10:28:45,28736.5,8713
2021-06-24 10:28:46,28736.5,8713
2021-06-24 10:28:48,28736.5,8713
2021-06-24 10:28:49,28736.5,8713
2021-06-24 10:28:50,28736.5,8713
2021-06-24 10:28:51,28736.5,8713
2021-06-24 10:28:53,28736.5,8713
2021-06-24 10:28:56,28736.5,8718
2021-06-24 10:29:01,28736.5,8738
2021-06-24 10:29:02,28736.5,8738
2021-06-24 10:29:06,28736.5,8738
2021-06-24 10:29:07,28736.5,8738
2021-06-24 10:29:08,28736.5,8738
2021-06-24 10:29:14,28736.5,8738
2021-06-24 10:29:16,28736.5,8738
2021-06-24 10:29:17,28736.5,8738
2021-06-24 10:29:20,28736.5,8738
2021-06-24 10:29:22,28736.5,8738
2021-06-24 10:29:22,28736.5,8738
2021-06-24 10:29:26,28736.5,8738
2021-06-24 10:29:27,28736.5,8738
2021-06-24 10:29:28,28736.5,8738
2021-06-24 10:29:30,28736.5,8738
2021-06-24 10:29:32,28732.7,8739
2021-06-24 10:29:32,28736.5,8741
2021-06-24 10:29:34,28736.5,8741
2021-06-24 10:29:34,28736.5,8741
2021-06-24 10:29:35,28736.5,8741
2021-06-24 10:29:36,28736.5,8741
2021-06-24 10:29:37,28736.5,8741
2021-06-24 10:29:38,28736.5,8741
2021-06-24 10:29:39,28736.5,8741
2021-06-24 10:29:40,28736.5,8741
2021-06-24 10:29:41,28736.5,8741
2021-06-24 10:29:42,28736.5,8741
2021-06-24 10:29:43,28736.5,8741
2021-06-24 10:29:44,28736.5,8741
2021-06-24 10:29:45,28736.5,8742
2021-06-24 10:29:46,28736.5,8742
2021-06-24 10:29:47,28736.5,8745
2021-06-24 10:29:48,28745.0,8747
2021-06-24 10:29:50,28736.5,8756
2021-06-24 10:29:52,28736.5,8756
2021-06-24 10:29:53,28736.5,8756
2021-06-24 10:29:54,28736.5,8756
2021-06-24 10:29:55,28753.0,8757
2021-06-24 10:29:57,28753.0,8757
2021-06-24 10:29:58,28753.0,8757
2021-06-24 10:29:59,28752.7,8762
2021-06-24 10:30:00,28752.7,8762
2021-06-24 10:30:01,28754.75,8763
2021-06-24 10:30:02,28754.75,8768
2021-06-24 10:30:03,28754.75,8768
2021-06-24 10:30:05,28754.75,8768
2021-06-24 10:30:09,28754.75,8768
2021-06-24 10:30:11,28754.75,8768
2021-06-24 10:30:12,28754.75,8768
2021-06-24 10:30:13,28754.75,8768
2021-06-24 10:30:14,28740.5,8769
2021-06-24 10:30:15,28740.5,8769
2021-06-24 10:30:16,28740.5,8769
2021-06-24 10:30:17,28740.5,8769
2021-06-24 10:30:17,28740.5,8769
2021-06-24 10:30:18,28740.5,8769
2021-06-24 10:30:21,28740.5,8769
2021-06-24 10:30:22,28740.5,8769
2021-06-24 10:30:23,28740.5,8769
2021-06-24 10:30:26,28740.5,8769
2021-06-24 10:30:26,28740.5,8769
2021-06-24 10:30:27,28736.5,8775
2021-06-24 10:30:28,28736.5,8775
2021-06-24 10:30:29,28736.5,8775
2021-06-24 10:30:30,28736.5,8775
2021-06-24 10:30:31,28736.5,8775
2021-06-24 10:30:32,28736.5,8775
2021-06-24 10:30:33,28736.5,8775
2021-06-24 10:30:36,28736.5,8775
2021-06-24 10:30:37,28736.5,8775
2021-06-24 10:30:38,28736.5,8775
2021-06-24 10:30:39,28736.5,8775
2021-06-24 10:30:41,28736.5,8775
2021-06-24 10:30:43,28736.5,8775
2021-06-24 10:30:44,28750.0,8778
2021-06-24 10:30:45,28750.0,8778
2021-06-24 10:30:46,28750.0,8778
2021-06-24 10:30:47,28750.0,8778
2021-06-24 10:30:48,28750.0,8778
2021-06-24 10:30:49,28750.0,8778
2021-06-24 10:30:50,28750.0,8778
2021-06-24 10:30:52,28750.0,8778
2021-06-24 10:30:52,28750.0,8778
2021-06-24 10:30:54,28750.0,8778
2021-06-24 10:30:55,28750.0,8778
2021-06-24 10:30:57,28750.0,8778
2021-06-24 10:30:58,28750.0,8778
2021-06-24 10:30:59,28750.0,8778
2021-06-24 10:31:00,28750.0,8778
2021-06-24 10:31:01,28750.0,8778
2021-06-24 10:31:02,28750.0,8780
2021-06-24 10:31:03,28750.0,8780
2021-06-24 10:31:04,28750.0,8780
2021-06-24 10:31:05,28750.0,8780
2021-06-24 10:31:10,28750.0,8780
2021-06-24 10:31:11,28750.0,8785
2021-06-24 10:31:13,28750.0,8785
2021-06-24 10:31:14,28750.0,8785
2021-06-24 10:31:15,28750.0,8785
2021-06-24 10:31:16,28737.0,8798
2021-06-24 10:31:17,28730.0,8846
2021-06-24 10:31:18,28737.0,8848
2021-06-24 10:31:18,28737.0,8848
2021-06-24 10:31:19,28737.0,8848
2021-06-24 10:31:20,28737.0,8848
2021-06-24 10:31:21,28737.0,8848
2021-06-24 10:31:22,28737.0,8848
2021-06-24 10:31:23,28738.45,8849
2021-06-24 10:31:24,28727.6,8850
2021-06-24 10:31:25,28727.6,8850
2021-06-24 10:31:26,28727.6,8850
2021-06-24 10:31:27,28727.6,8850
2021-06-24 10:31:28,28727.6,8850
2021-06-24 10:31:29,28727.6,8850
2021-06-24 10:31:30,28738.45,8860
2021-06-24 10:31:31,28738.45,8860
2021-06-24 10:31:33,28738.45,8860
2021-06-24 10:31:34,28730.0,8863
2021-06-24 10:31:35,28730.0,8863
2021-06-24 10:31:36,28730.0,8863
2021-06-24 10:31:36,28730.0,8863
2021-06-24 10:31:37,28730.0,8863
2021-06-24 10:31:39,28730.0,8863
2021-06-24 10:31:40,28730.0,8863
2021-06-24 10:31:41,28730.0,8864
2021-06-24 10:31:42,28730.0,8864
2021-06-24 10:31:43,28730.0,8864
2021-06-24 10:31:44,28730.0,8864
2021-06-24 10:31:45,28740.0,8865
2021-06-24 10:31:46,28740.0,8865
2021-06-24 10:31:47,28740.0,8865
2021-06-24 10:31:48,28740.0,8865
2021-06-24 10:31:50,28730.0,8874
2021-06-24 10:31:51,28730.0,8874
2021-06-24 10:31:51,28730.0,8874
2021-06-24 10:31:52,28730.0,8874
2021-06-24 10:31:54,28730.0,8874
2021-06-24 10:31:55,28730.0,8874
2021-06-24 10:31:55,28730.0,8874
2021-06-24 10:31:56,28730.0,8874
2021-06-24 10:31:58,28730.0,8874
2021-06-24 10:31:59,28730.0,8874
2021-06-24 10:32:00,28730.0,8874
2021-06-24 10:32:00,28730.0,8874
2021-06-24 10:32:01,28730.0,8874
2021-06-24 10:32:02,28730.0,8874
2021-06-24 10:32:03,28730.0,8874
2021-06-24 10:32:05,28725.0,8903
2021-06-24 10:32:06,28725.0,8903
2021-06-24 10:32:07,28725.0,8903
2021-06-24 10:32:07,28725.0,8903
2021-06-24 10:32:08,28725.0,8903
2021-06-24 10:32:09,28725.0,8903
2021-06-24 10:32:11,28725.0,8903
2021-06-24 10:32:11,28725.0,8903
2021-06-24 10:32:12,28725.0,8903
2021-06-24 10:32:14,28705.0,8920
2021-06-24 10:32:17,28705.0,8920
2021-06-24 10:32:18,28705.0,8920
2021-06-24 10:32:19,28705.0,8920
2021-06-24 10:32:21,28705.0,8920
2021-06-24 10:32:22,28705.0,8920
2021-06-24 10:32:23,28705.0,8920
2021-06-24 10:32:24,28701.5,8921
2021-06-24 10:32:25,28718.45,8922
2021-06-24 10:32:26,28718.45,8922
2021-06-24 10:32:27,28701.5,8929
2021-06-24 10:32:28,28701.5,8929
2021-06-24 10:32:29,28701.5,8929
2021-06-24 10:32:31,28701.5,8929
2021-06-24 10:32:32,28715.7,8932
2021-06-24 10:32:33,28715.7,8932
2021-06-24 10:32:34,28715.7,8932
2021-06-24 10:32:35,28715.7,8932
2021-06-24 10:32:36,28715.7,8932
2021-06-24 10:32:37,28715.7,8932
2021-06-24 10:32:38,28709.25,9005
2021-06-24 10:32:38,28709.25,9005
2021-06-24 10:32:39,28709.25,9005
2021-06-24 10:32:42,28682.2,9006
2021-06-24 10:32:43,28680.35,9007
2021-06-24 10:32:44,28704.5,9008
2021-06-24 10:32:45,28681.4,9010
2021-06-24 10:32:46,28681.4,9010
2021-06-24 10:32:47,28681.4,9010
2021-06-24 10:32:48,28715.0,9101
2021-06-24 10:32:49,28705.75,9108
2021-06-24 10:32:50,28705.75,9108
2021-06-24 10:32:52,28705.75,9108
2021-06-24 10:32:53,28705.75,9108
2021-06-24 10:32:54,28705.75,9108
2021-06-24 10:32:55,28700.0,9115
2021-06-24 10:32:56,28700.0,9115
2021-06-24 10:32:57,28700.0,9115
2021-06-24 10:32:58,28704.2,9181
2021-06-24 10:32:59,28704.2,9181
2021-06-24 10:33:01,28704.2,9181
2021-06-24 10:33:02,28704.2,9181
2021-06-24 10:33:03,28704.2,9181
2021-06-24 10:33:04,28704.2,9181
2021-06-24 10:33:05,28704.2,9181
2021-06-24 10:33:06,28704.2,9181
2021-06-24 10:33:07,28704.2,9181
2021-06-24 10:33:08,28678.85,9182
2021-06-24 10:33:09,28678.4,9183
2021-06-24 10:33:10,28678.4,9183
2021-06-24 10:33:11,28678.4,9183
2021-06-24 10:33:12,28678.4,9183
2021-06-24 10:33:13,28678.4,9183
2021-06-24 10:33:14,28678.4,9183
2021-06-24 10:33:15,28678.4,9183
2021-06-24 10:33:15,28678.4,9183
2021-06-24 10:33:16,28701.0,9185
2021-06-24 10:33:17,28701.0,9185
2021-06-24 10:33:19,28701.0,9185
2021-06-24 10:33:20,28701.0,9185
2021-06-24 10:33:21,28683.7,9186
2021-06-24 10:33:22,28683.7,9186
2021-06-24 10:33:23,28683.7,9186
2021-06-24 10:33:24,28683.7,9186
2021-06-24 10:33:25,28683.7,9186
2021-06-24 10:33:26,28683.7,9186
2021-06-24 10:33:27,28683.7,9186
2021-06-24 10:33:28,28683.7,9186
2021-06-24 10:33:30,28683.7,9186
2021-06-24 10:33:31,28704.0,9201
2021-06-24 10:33:32,28703.85,9202
2021-06-24 10:33:33,28683.7,9207
2021-06-24 10:33:33,28703.85,9202
2021-06-24 10:33:35,28683.0,9217
2021-06-24 10:33:36,28700.0,9260
2021-06-24 10:33:37,28700.0,9260
2021-06-24 10:33:38,28700.0,9260
2021-06-24 10:33:39,28700.0,9260
2021-06-24 10:33:40,28700.0,9260
2021-06-24 10:33:42,28700.0,9260
2021-06-24 10:33:41,28700.0,9260
2021-06-24 10:33:42,28700.0,9260
2021-06-24 10:33:43,28700.0,9260
2021-06-24 10:33:45,28700.0,9260
2021-06-24 10:33:46,28681.55,9262
2021-06-24 10:33:47,28681.55,9262
2021-06-24 10:33:48,28681.55,9262
2021-06-24 10:33:49,28681.55,9262
2021-06-24 10:33:50,28700.0,9263
2021-06-24 10:33:51,28681.45,9265
2021-06-24 10:33:52,28681.45,9265
2021-06-24 10:33:53,28680.05,9266
2021-06-24 10:33:54,28680.05,9266
2021-06-24 10:33:55,28680.05,9266
2021-06-24 10:33:57,28699.45,9270
2021-06-24 10:33:59,28681.5,9280
2021-06-24 10:34:00,28681.5,9280
2021-06-24 10:34:01,28681.5,9280
2021-06-24 10:34:02,28681.5,9280
2021-06-24 10:34:02,28681.5,9280
2021-06-24 10:34:03,28681.5,9280
2021-06-24 10:34:05,28681.5,9280
2021-06-24 10:34:06,28681.5,9280
2021-06-24 10:34:07,28681.5,9280
2021-06-24 10:34:10,28681.5,9280
2021-06-24 10:34:11,28681.5,9280
2021-06-24 10:34:14,28681.5,9280
2021-06-24 10:34:15,28681.5,9280
2021-06-24 10:34:16,28681.5,9280
2021-06-24 10:34:17,28681.5,9280
2021-06-24 10:34:18,28681.5,9280
2021-06-24 10:34:19,28681.5,9280
2021-06-24 10:34:20,28681.5,9280
2021-06-24 10:34:21,28681.5,9280
2021-06-24 10:34:22,28681.5,9282
2021-06-24 10:34:25,28681.5,9282
2021-06-24 10:34:26,28681.5,9282
2021-06-24 10:34:27,28681.6,9284
2021-06-24 10:34:28,28681.6,9284
2021-06-24 10:34:30,28699.8,9285
2021-06-24 10:34:31,28681.65,9286
2021-06-24 10:34:32,28681.65,9286
2021-06-24 10:34:33,28681.65,9286
2021-06-24 10:34:35,28681.65,9286
2021-06-24 10:34:36,28685.25,9287
2021-06-24 10:34:37,28685.25,9287
2021-06-24 10:34:39,28685.25,9287
2021-06-24 10:34:40,28685.25,9287
2021-06-24 10:34:41,28681.6,9295
2021-06-24 10:34:42,28681.6,9295
2021-06-24 10:34:44,28681.6,9295
2021-06-24 10:34:45,28681.6,9295
2021-06-24 10:34:46,28681.6,9295
2021-06-24 10:34:47,28681.6,9295
2021-06-24 10:34:48,28681.6,9295
2021-06-24 10:34:49,28700.0,9368
2021-06-24 10:34:50,28700.0,9368
2021-06-24 10:34:52,28700.0,9368
2021-06-24 10:34:53,28700.0,9368
2021-06-24 10:34:54,28700.0,9368
2021-06-24 10:34:55,28700.0,9368
2021-06-24 10:34:56,28700.0,9368
2021-06-24 10:34:57,28700.0,9368
2021-06-24 10:34:58,28700.0,9368
2021-06-24 10:34:59,28689.0,9371
2021-06-24 10:35:00,28689.0,9371
2021-06-24 10:35:02,28689.0,9371
2021-06-24 10:35:03,28689.0,9371
2021-06-24 10:35:04,28689.0,9371
2021-06-24 10:35:05,28688.0,9376
2021-06-24 10:35:06,28688.0,9376
2021-06-24 10:35:08,28688.0,9376
2021-06-24 10:35:07,28688.0,9376
2021-06-24 10:35:09,28688.0,9376
2021-06-24 10:35:10,28688.0,9376
2021-06-24 10:35:12,28688.0,9376
2021-06-24 10:35:13,28688.0,9376
2021-06-24 10:35:14,28688.0,9376
2021-06-24 10:35:15,28706.6,9384
2021-06-24 10:35:16,28706.6,9384
2021-06-24 10:35:17,28715.0,9404
2021-06-24 10:35:18,28715.0,9404
2021-06-24 10:35:19,28715.0,9404
2021-06-24 10:35:20,28715.0,9404
2021-06-24 10:35:21,28717.95,9408
2021-06-24 10:35:22,28717.95,9408
2021-06-24 10:35:23,28717.95,9408
2021-06-24 10:35:24,28717.95,9408
2021-06-24 10:35:25,28701.0,9411
2021-06-24 10:35:26,28719.05,9412
2021-06-24 10:35:29,28719.05,9412
2021-06-24 10:35:30,28719.05,9412
2021-06-24 10:35:31,28719.05,9412
2021-06-24 10:35:32,28719.2,9417
2021-06-24 10:35:33,28719.2,9417
2021-06-24 10:35:34,28719.2,9417
2021-06-24 10:35:35,28706.1,9418
2021-06-24 10:35:36,28706.1,9418
2021-06-24 10:35:37,28706.1,9418
2021-06-24 10:35:38,28706.1,9418
2021-06-24 10:35:39,28702.9,9428
2021-06-24 10:35:40,28702.9,9428
2021-06-24 10:35:41,28702.9,9428
2021-06-24 10:35:42,28702.9,9428
2021-06-24 10:35:44,28723.5,9432
2021-06-24 10:35:43,28702.9,9428
2021-06-24 10:35:45,28723.5,9432
2021-06-24 10:35:46,28723.5,9432
2021-06-24 10:35:47,28723.5,9432
2021-06-24 10:35:48,28723.5,9432
2021-06-24 10:35:49,28723.5,9432
2021-06-24 10:35:50,28723.5,9432
2021-06-24 10:35:52,28723.5,9432
2021-06-24 10:35:54,28723.5,9432
2021-06-24 10:35:53,28723.5,9432
2021-06-24 10:35:55,28723.5,9432
2021-06-24 10:35:56,28723.5,9433
2021-06-24 10:35:57,28723.5,9433
2021-06-24 10:35:58,28723.5,9433
2021-06-24 10:36:01,28723.5,9433
2021-06-24 10:36:02,28723.5,9433
2021-06-24 10:36:03,28723.5,9433
2021-06-24 10:36:05,28723.5,9433
2021-06-24 10:36:07,28723.5,9433
2021-06-24 10:36:08,28723.5,9433
2021-06-24 10:36:09,28724.75,9435
2021-06-24 10:36:11,28723.5,9445
2021-06-24 10:36:12,28723.5,9445
2021-06-24 10:36:13,28704.05,9450
2021-06-24 10:36:14,28704.05,9450
2021-06-24 10:36:15,28704.05,9450
2021-06-24 10:36:17,28730.75,9465
2021-06-24 10:36:18,28730.75,9465
2021-06-24 10:36:19,28730.75,9465
2021-06-24 10:36:20,28730.75,9466
2021-06-24 10:36:21,28730.75,9466
2021-06-24 10:36:22,28730.75,9466
2021-06-24 10:36:23,28730.75,9466
2021-06-24 10:36:24,28730.75,9466
2021-06-24 10:36:25,28730.75,9466
2021-06-24 10:36:26,28730.75,9466
2021-06-24 10:36:27,28730.75,9466
2021-06-24 10:36:28,28730.75,9466
2021-06-24 10:36:29,28730.75,9466
2021-06-24 10:36:32,28730.75,9466
2021-06-24 10:36:33,28730.75,9466
2021-06-24 10:36:34,28730.75,9466
2021-06-24 10:36:35,28730.75,9466
2021-06-24 10:36:36,28730.75,9466
2021-06-24 10:36:37,28721.7,9470
2021-06-24 10:36:38,28721.7,9470
2021-06-24 10:36:39,28721.7,9470
2021-06-24 10:36:40,28721.7,9470
2021-06-24 10:36:41,28721.7,9470
2021-06-24 10:36:42,28721.7,9470
2021-06-24 10:36:43,28721.7,9470
2021-06-24 10:36:44,28721.7,9470
2021-06-24 10:36:45,28721.7,9470
2021-06-24 10:36:46,28721.7,9470
2021-06-24 10:36:47,28721.7,9470
2021-06-24 10:36:48,28721.7,9470
2021-06-24 10:36:50,28721.7,9470
2021-06-24 10:36:51,28721.7,9470
2021-06-24 10:36:52,28721.7,9470
2021-06-24 10:36:53,28721.7,9470
2021-06-24 10:36:54,28721.7,9470
2021-06-24 10:36:55,28721.7,9470
2021-06-24 10:36:56,28721.7,9470
2021-06-24 10:36:57,28721.7,9470
2021-06-24 10:36:58,28721.7,9470
2021-06-24 10:36:59,28721.7,9470
2021-06-24 10:37:02,28721.7,9470
2021-06-24 10:37:03,28721.7,9470
2021-06-24 10:37:04,28721.7,9470
2021-06-24 10:37:05,28721.7,9470
2021-06-24 10:37:07,28743.85,9482
2021-06-24 10:37:08,28743.85,9482
2021-06-24 10:37:09,28743.85,9482
2021-06-24 10:37:10,28743.85,9482
2021-06-24 10:37:11,28743.85,9482
2021-06-24 10:37:12,28743.85,9482
2021-06-24 10:37:13,28743.85,9482
2021-06-24 10:37:14,28743.85,9482
2021-06-24 10:37:16,28743.85,9482
2021-06-24 10:37:17,28743.85,9482
2021-06-24 10:37:17,28743.85,9482
2021-06-24 10:37:18,28743.85,9482
2021-06-24 10:37:19,28730.5,9492
2021-06-24 10:37:20,28730.5,9492
2021-06-24 10:37:21,28730.5,9492
2021-06-24 10:37:22,28730.5,9492
2021-06-24 10:37:23,28730.5,9492
2021-06-24 10:37:24,28730.5,9492
2021-06-24 10:37:25,28730.5,9492
2021-06-24 10:37:26,28730.5,9492
2021-06-24 10:37:27,28730.5,9492
2021-06-24 10:37:28,28730.5,9492
2021-06-24 10:37:29,28730.5,9492
2021-06-24 10:37:30,28730.5,9492
2021-06-24 10:37:31,28730.5,9492
2021-06-24 10:37:32,28744.65,9501
2021-06-24 10:37:33,28744.65,9501
2021-06-24 10:37:34,28744.65,9501
2021-06-24 10:37:35,28744.65,9501
2021-06-24 10:37:36,28744.65,9501
2021-06-24 10:37:37,28744.65,9501
2021-06-24 10:37:38,28744.65,9501
2021-06-24 10:37:40,28744.65,9501
2021-06-24 10:37:40,28744.65,9501
2021-06-24 10:37:41,28744.65,9501
2021-06-24 10:37:42,28744.65,9501
2021-06-24 10:37:43,28744.65,9501
2021-06-24 10:37:45,28731.05,9502
2021-06-24 10:37:45,28731.05,9502
2021-06-24 10:37:46,28731.05,9502
2021-06-24 10:37:47,28731.05,9502
2021-06-24 10:37:48,28746.75,9505
2021-06-24 10:37:49,28746.75,9505
2021-06-24 10:37:50,28746.75,9505
2021-06-24 10:37:51,28746.75,9505
2021-06-24 10:37:52,28746.75,9505
2021-06-24 10:37:53,28746.75,9505
2021-06-24 10:37:54,28746.75,9505
2021-06-24 10:37:56,28746.75,9505
2021-06-24 10:37:56,28746.75,9505
2021-06-24 10:37:58,28749.9,9506
2021-06-24 10:37:58,28749.9,9506
2021-06-24 10:37:59,28749.9,9506
2021-06-24 10:38:00,28749.9,9506
2021-06-24 10:38:01,28749.9,9506
2021-06-24 10:38:02,28749.9,9506
2021-06-24 10:38:03,28749.9,9506
2021-06-24 10:38:04,28749.9,9506
2021-06-24 10:38:05,28749.9,9506
2021-06-24 10:38:06,28748.0,9507
2021-06-24 10:38:07,28748.0,9507
2021-06-24 10:38:09,28748.0,9507
2021-06-24 10:38:10,28748.0,9507
2021-06-24 10:38:10,28748.0,9507
2021-06-24 10:38:11,28748.0,9507
2021-06-24 10:38:12,28748.0,9507
2021-06-24 10:38:13,28748.0,9507
2021-06-24 10:38:14,28748.0,9507
2021-06-24 10:38:16,28748.0,9507
2021-06-24 10:38:18,28748.0,9507
2021-06-24 10:38:19,28748.0,9507
2021-06-24 10:38:20,28748.0,9507
2021-06-24 10:38:20,28748.0,9507
2021-06-24 10:38:21,28748.0,9507
2021-06-24 10:38:23,28748.0,9507
2021-06-24 10:38:26,28748.0,9507
2021-06-24 10:38:27,28748.0,9507
2021-06-24 10:38:29,28748.0,9507
2021-06-24 10:38:30,28748.0,9507
2021-06-24 10:38:31,28748.0,9507
2021-06-24 10:38:32,28748.0,9507
2021-06-24 10:38:33,28748.0,9507
2021-06-24 10:38:34,28748.0,9507
2021-06-24 10:38:35,28748.0,9507
2021-06-24 10:38:36,28748.0,9507
2021-06-24 10:38:37,28748.0,9507
2021-06-24 10:38:39,28748.0,9507
2021-06-24 10:38:39,28748.0,9507
2021-06-24 10:38:41,28748.0,9507
2021-06-24 10:38:42,28748.0,9507
2021-06-24 10:38:47,28748.0,9507
2021-06-24 10:38:48,28748.0,9507
2021-06-24 10:38:50,28748.0,9507
2021-06-24 10:38:50,28748.0,9507
2021-06-24 10:38:52,28748.0,9507
2021-06-24 10:38:52,28748.0,9507
2021-06-24 10:38:53,28748.0,9507
2021-06-24 10:38:55,28748.0,9507
2021-06-24 10:38:56,28748.0,9507
2021-06-24 10:39:00,28747.95,9509
2021-06-24 10:39:02,28747.95,9509
2021-06-24 10:39:03,28747.95,9509
2021-06-24 10:39:06,28747.95,9509
2021-06-24 10:39:10,28731.2,9510
2021-06-24 10:39:12,28731.2,9510
2021-06-24 10:39:14,28731.2,9510
2021-06-24 10:39:14,28731.2,9510
2021-06-24 10:39:15,28731.2,9510
2021-06-24 10:39:16,28731.2,9510
2021-06-24 10:39:18,28731.2,9510
2021-06-24 10:39:18,28731.2,9510
2021-06-24 10:39:21,28731.2,9510
2021-06-24 10:39:21,28731.2,9510
2021-06-24 10:39:23,28731.2,9510
2021-06-24 10:39:25,28731.2,9510
2021-06-24 10:39:28,28731.2,9510
2021-06-24 10:39:29,28731.2,9510
2021-06-24 10:39:31,28731.2,9510
2021-06-24 10:39:34,28731.2,9510
2021-06-24 10:39:35,28731.2,9510
2021-06-24 10:39:35,28731.2,9510
2021-06-24 10:39:36,28731.2,9510
2021-06-24 10:39:37,28731.2,9517
2021-06-24 10:39:38,28731.2,9517
2021-06-24 10:39:39,28731.25,9518
2021-06-24 10:39:41,28731.25,9518
2021-06-24 10:39:42,28731.25,9518
2021-06-24 10:39:44,28731.25,9518
2021-06-24 10:39:45,28731.25,9518
2021-06-24 10:39:45,28731.25,9518
2021-06-24 10:39:46,28730.65,9522
2021-06-24 10:39:47,28730.65,9522
2021-06-24 10:39:48,28730.65,9522
2021-06-24 10:39:49,28730.65,9522
2021-06-24 10:39:53,28730.65,9522
2021-06-24 10:39:54,28730.65,9522
2021-06-24 10:39:55,28730.65,9522
2021-06-24 10:39:58,28730.65,9522
2021-06-24 10:39:58,28730.65,9522
2021-06-24 10:40:02,28730.65,9522
2021-06-24 10:40:03,28730.65,9522
2021-06-24 10:40:07,28730.65,9522
2021-06-24 10:40:09,28730.65,9522
2021-06-24 10:40:10,28730.65,9522
2021-06-24 10:40:11,28730.65,9522
2021-06-24 10:40:12,28730.65,9522
2021-06-24 10:40:15,28730.65,9522
2021-06-24 10:40:16,28730.65,9522
2021-06-24 10:40:17,28730.65,9522
2021-06-24 10:40:19,28730.65,9522
2021-06-24 10:40:21,28730.65,9522
2021-06-24 10:40:22,28730.65,9522
2021-06-24 10:40:23,28730.65,9522
2021-06-24 10:40:25,28730.65,9522
2021-06-24 10:40:27,28730.65,9524
2021-06-24 10:40:28,28730.65,9524
2021-06-24 10:40:28,28730.65,9524
2021-06-24 10:40:29,28730.65,9524
2021-06-24 10:40:30,28730.65,9524
2021-06-24 10:40:31,28747.75,9525
2021-06-24 10:40:32,28747.75,9525
2021-06-24 10:40:33,28730.65,9527
2021-06-24 10:40:36,28730.65,9527
2021-06-24 10:40:37,28730.65,9527
2021-06-24 10:40:39,28730.65,9527
2021-06-24 10:40:40,28730.65,9527
2021-06-24 10:40:41,28730.65,9527
2021-06-24 10:40:43,28731.0,9528
2021-06-24 10:40:44,28731.0,9528
2021-06-24 10:40:45,28750.0,9574
2021-06-24 10:40:45,28750.0,9574
2021-06-24 10:40:47,28737.35,9576
2021-06-24 10:40:48,28737.35,9576
2021-06-24 10:40:49,28737.35,9576
2021-06-24 10:40:51,28737.35,9576
2021-06-24 10:40:52,28755.0,9577
2021-06-24 10:40:53,28755.0,9577
2021-06-24 10:40:55,28737.15,9582
2021-06-24 10:40:56,28737.15,9582
2021-06-24 10:40:56,28760.7,9583
2021-06-24 10:40:57,28760.7,9583
2021-06-24 10:40:58,28760.7,9583
2021-06-24 10:41:00,28760.7,9583
2021-06-24 10:41:01,28760.7,9583
2021-06-24 10:41:03,28760.7,9583
2021-06-24 10:41:04,28760.7,9583
2021-06-24 10:41:09,28760.7,9583
2021-06-24 10:41:10,28760.7,9583
2021-06-24 10:41:11,28760.7,9583
2021-06-24 10:41:13,28760.7,9583
2021-06-24 10:41:14,28760.7,9583
2021-06-24 10:41:14,28760.7,9583
2021-06-24 10:41:15,28762.8,9587
2021-06-24 10:41:16,28762.8,9587
2021-06-24 10:41:17,28762.8,9587
2021-06-24 10:41:18,28762.85,9593
2021-06-24 10:41:19,28762.85,9593
2021-06-24 10:41:20,28763.95,9597
2021-06-24 10:41:21,28763.95,9597
2021-06-24 10:41:23,28763.95,9598
2021-06-24 10:41:24,28763.95,9598
2021-06-24 10:41:24,28763.95,9598
2021-06-24 10:41:25,28763.95,9598
2021-06-24 10:41:26,28763.95,9598
2021-06-24 10:41:27,28763.95,9598
2021-06-24 10:41:29,28763.95,9610
2021-06-24 10:41:30,28763.95,9610
2021-06-24 10:41:31,28737.7,9616
2021-06-24 10:41:32,28737.7,9616
2021-06-24 10:41:33,28737.7,9616
2021-06-24 10:41:34,28737.7,9616
2021-06-24 10:41:35,28737.7,9616
2021-06-24 10:41:36,28737.7,9616
2021-06-24 10:41:38,28737.7,9616
2021-06-24 10:41:40,28737.7,9616
2021-06-24 10:41:41,28737.7,9616
2021-06-24 10:41:42,28763.85,9619
2021-06-24 10:41:42,28763.85,9619
2021-06-24 10:41:43,28763.85,9619
2021-06-24 10:41:46,28763.85,9619
2021-06-24 10:41:46,28763.85,9619
2021-06-24 10:41:47,28763.85,9619
2021-06-24 10:41:48,28763.85,9619
2021-06-24 10:41:52,28763.85,9619
2021-06-24 10:41:53,28763.85,9619
2021-06-24 10:41:56,28763.85,9619
2021-06-24 10:41:57,28763.85,9619
2021-06-24 10:41:58,28763.85,9619
2021-06-24 10:41:59,28763.85,9619
2021-06-24 10:41:59,28763.85,9619
2021-06-24 10:42:00,28763.85,9619
2021-06-24 10:42:01,28763.85,9619
2021-06-24 10:42:03,28763.85,9619
2021-06-24 10:42:03,28763.85,9619
2021-06-24 10:42:04,28763.85,9619
2021-06-24 10:42:05,28763.85,9619
2021-06-24 10:42:07,28763.85,9619
2021-06-24 10:42:08,28763.85,9619
2021-06-24 10:42:08,28763.85,9619
2021-06-24 10:42:10,28741.05,9620
2021-06-24 10:42:10,28741.05,9620
2021-06-24 10:42:11,28741.05,9620
2021-06-24 10:42:14,28741.05,9620
2021-06-24 10:42:15,28741.05,9620
2021-06-24 10:42:16,28763.75,9630
2021-06-24 10:42:17,28763.7,9635
2021-06-24 10:42:17,28763.7,9635
2021-06-24 10:42:18,28763.7,9635
2021-06-24 10:42:19,28763.7,9635
2021-06-24 10:42:21,28741.15,9636
2021-06-24 10:42:22,28741.15,9636
2021-06-24 10:42:22,28741.15,9636
2021-06-24 10:42:23,28741.15,9636
2021-06-24 10:42:25,28741.15,9636
2021-06-24 10:42:25,28741.15,9636
2021-06-24 10:42:27,28741.15,9636
2021-06-24 10:42:28,28742.05,9637
2021-06-24 10:42:29,28742.05,9637
2021-06-24 10:42:30,28742.05,9637
2021-06-24 10:42:32,28742.05,9637
2021-06-24 10:42:33,28742.05,9637
2021-06-24 10:42:33,28742.05,9637
2021-06-24 10:42:34,28742.05,9637
2021-06-24 10:42:36,28742.05,9638
2021-06-24 10:42:38,28742.05,9638
2021-06-24 10:42:39,28742.05,9638
2021-06-24 10:42:40,28742.05,9638
2021-06-24 10:42:41,28742.05,9638
2021-06-24 10:42:42,28742.05,9638
2021-06-24 10:42:42,28742.05,9638
2021-06-24 10:42:43,28764.0,9651
2021-06-24 10:42:44,28751.0,9656
2021-06-24 10:42:45,28737.7,9669
2021-06-24 10:42:46,28730.65,9670
2021-06-24 10:42:47,28730.65,9670
2021-06-24 10:42:49,28730.65,9670
2021-06-24 10:42:50,28730.65,9670
2021-06-24 10:42:51,28761.95,9690
2021-06-24 10:42:52,28761.95,9690
2021-06-24 10:42:53,28736.05,9694
2021-06-24 10:42:54,28736.05,9694
2021-06-24 10:42:55,28734.35,9699
2021-06-24 10:42:56,28734.35,9699
2021-06-24 10:42:59,28734.35,9699
2021-06-24 10:43:00,28734.35,9699
2021-06-24 10:43:01,28734.35,9699
2021-06-24 10:43:02,28734.35,9699
2021-06-24 10:43:03,28734.35,9699
2021-06-24 10:43:04,28734.35,9699
2021-06-24 10:43:05,28734.35,9699
2021-06-24 10:43:06,28734.35,9699
2021-06-24 10:43:07,28734.35,9699
2021-06-24 10:43:09,28734.35,9699
2021-06-24 10:43:10,28734.35,9699
2021-06-24 10:43:11,28734.35,9699
2021-06-24 10:43:12,28734.35,9699
2021-06-24 10:43:16,28734.35,9699
2021-06-24 10:43:17,28734.35,9699
2021-06-24 10:43:20,28758.9,9700
2021-06-24 10:43:21,28758.9,9700
2021-06-24 10:43:22,28758.9,9700
2021-06-24 10:43:22,28758.9,9700
2021-06-24 10:43:23,28758.9,9700
2021-06-24 10:43:24,28758.9,9700
2021-06-24 10:43:25,28758.9,9700
2021-06-24 10:43:27,28758.9,9700
2021-06-24 10:43:28,28758.9,9700
2021-06-24 10:43:29,28758.9,9700
2021-06-24 10:43:30,28758.9,9700
2021-06-24 10:43:31,28758.9,9700
2021-06-24 10:43:32,28758.9,9700
2021-06-24 10:43:32,28758.9,9700
2021-06-24 10:43:35,28758.9,9700
2021-06-24 10:43:36,28758.9,9700
2021-06-24 10:43:38,28758.9,9700
2021-06-24 10:43:39,28758.9,9700
2021-06-24 10:43:41,28758.9,9700
2021-06-24 10:43:41,28758.9,9700
2021-06-24 10:43:43,28758.9,9700
2021-06-24 10:43:44,28758.9,9700
2021-06-24 10:43:45,28758.9,9700
2021-06-24 10:43:47,28758.9,9700
2021-06-24 10:43:48,28758.9,9700
2021-06-24 10:43:49,28758.9,9700
2021-06-24 10:43:50,28758.9,9700
2021-06-24 10:43:51,28758.9,9700
2021-06-24 10:43:52,28733.6,9706
2021-06-24 10:43:53,28733.6,9706
2021-06-24 10:43:57,28733.6,9706
2021-06-24 10:43:58,28733.6,9706
2021-06-24 10:43:59,28733.6,9706
2021-06-24 10:44:00,28733.6,9706
2021-06-24 10:44:01,28733.6,9706
2021-06-24 10:44:02,28733.6,9706
2021-06-24 10:44:03,28760.45,9707
2021-06-24 10:44:04,28760.45,9707
2021-06-24 10:44:05,28760.45,9707
2021-06-24 10:44:06,28760.45,9707
2021-06-24 10:44:08,28760.45,9707
2021-06-24 10:44:09,28760.45,9707
2021-06-24 10:44:10,28760.45,9707
2021-06-24 10:44:11,28760.45,9707
2021-06-24 10:44:12,28760.45,9707
2021-06-24 10:44:13,28760.45,9707
2021-06-24 10:44:14,28760.45,9707
2021-06-24 10:44:15,28760.45,9707
2021-06-24 10:44:16,28760.45,9707
2021-06-24 10:44:17,28760.45,9707
2021-06-24 10:44:18,28760.45,9707
2021-06-24 10:44:19,28760.45,9707
2021-06-24 10:44:20,28760.45,9707
2021-06-24 10:44:20,28760.45,9707
2021-06-24 10:44:24,28760.45,9707
2021-06-24 10:44:25,28760.45,9707
2021-06-24 10:44:26,28760.45,9707
2021-06-24 10:44:27,28760.45,9707
2021-06-24 10:44:29,28760.45,9707
2021-06-24 10:44:32,28760.45,9707
2021-06-24 10:44:33,28760.45,9707
2021-06-24 10:44:34,28760.45,9707
2021-06-24 10:44:35,28760.45,9707
2021-06-24 10:44:36,28760.45,9707
2021-06-24 10:44:37,28760.45,9707
2021-06-24 10:44:38,28760.45,9707
2021-06-24 10:44:39,28760.45,9707
2021-06-24 10:44:41,28760.45,9707
2021-06-24 10:44:42,28760.45,9707
2021-06-24 10:44:47,28760.45,9707
2021-06-24 10:44:46,28760.45,9707
2021-06-24 10:44:48,28760.45,9707
2021-06-24 10:44:50,28760.45,9707
2021-06-24 10:44:50,28760.45,9707
2021-06-24 10:44:52,28760.45,9707
2021-06-24 10:44:53,28760.45,9707
2021-06-24 10:44:54,28760.45,9707
2021-06-24 10:44:55,28760.45,9707
2021-06-24 10:44:56,28760.45,9707
2021-06-24 10:44:57,28760.45,9707
2021-06-24 10:44:58,28760.45,9707
2021-06-24 10:44:59,28760.45,9707
2021-06-24 10:45:00,28760.45,9707
2021-06-24 10:45:01,28760.45,9707
2021-06-24 10:45:01,28760.45,9707
2021-06-24 10:45:03,28760.45,9707
2021-06-24 10:45:04,28760.45,9707
2021-06-24 10:45:06,28760.45,9707
2021-06-24 10:45:07,28760.45,9707
2021-06-24 10:45:07,28760.45,9707
2021-06-24 10:45:09,28760.45,9707
2021-06-24 10:45:11,28760.45,9707
2021-06-24 10:45:12,28760.45,9707
2021-06-24 10:45:13,28760.45,9707
2021-06-24 10:45:15,28734.05,9708
2021-06-24 10:45:16,28734.05,9708
2021-06-24 10:45:17,28734.05,9708
2021-06-24 10:45:18,28734.05,9708
2021-06-24 10:45:19,28734.05,9708
2021-06-24 10:45:19,28734.05,9708
2021-06-24 10:45:20,28734.05,9708
2021-06-24 10:45:21,28734.05,9708
2021-06-24 10:45:22,28753.15,9716
2021-06-24 10:45:23,28753.15,9716
2021-06-24 10:45:25,28731.2,9720
2021-06-24 10:45:26,28731.2,9720
2021-06-24 10:45:27,28731.2,9720
2021-06-24 10:45:28,28731.2,9720
2021-06-24 10:45:29,28731.2,9720
2021-06-24 10:45:30,28731.2,9720
2021-06-24 10:45:31,28731.2,9720
2021-06-24 10:45:32,28731.2,9720
2021-06-24 10:45:33,28731.2,9720
2021-06-24 10:45:34,28731.2,9720
2021-06-24 10:45:36,28731.2,9720
2021-06-24 10:45:37,28731.2,9720
2021-06-24 10:45:40,28731.2,9720
2021-06-24 10:45:39,28731.2,9720
2021-06-24 10:45:41,28731.2,9720
2021-06-24 10:45:41,28731.2,9720
2021-06-24 10:45:42,28731.2,9720
2021-06-24 10:45:45,28731.2,9720
2021-06-24 10:45:46,28731.2,9720
2021-06-24 10:45:48,28731.2,9720
2021-06-24 10:45:49,28731.2,9720
2021-06-24 10:45:50,28731.2,9720
2021-06-24 10:45:52,28731.2,9720
2021-06-24 10:45:54,28731.35,9722
2021-06-24 10:45:55,28731.35,9722
2021-06-24 10:45:56,28731.35,9722
2021-06-24 10:45:57,28731.35,9722
2021-06-24 10:45:58,28731.35,9722
2021-06-24 10:45:59,28731.35,9722
2021-06-24 10:46:00,28731.35,9722
2021-06-24 10:46:02,28731.35,9722
2021-06-24 10:46:03,28731.35,9722
2021-06-24 10:46:04,28731.35,9722
2021-06-24 10:46:05,28731.35,9722
2021-06-24 10:46:06,28731.35,9722
2021-06-24 10:46:07,28731.35,9722
2021-06-24 10:46:09,28731.35,9722
2021-06-24 10:46:10,28731.35,9722
2021-06-24 10:46:11,28731.35,9722
2021-06-24 10:46:12,28731.35,9722
2021-06-24 10:46:13,28731.35,9722
2021-06-24 10:46:14,28731.35,9722
2021-06-24 10:46:15,28731.35,9722
2021-06-24 10:46:16,28731.35,9722
2021-06-24 10:46:17,28731.35,9722
2021-06-24 10:46:18,28731.35,9722
2021-06-24 10:46:19,28731.35,9722
2021-06-24 10:46:21,28731.35,9722
2021-06-24 10:46:20,28731.35,9722
2021-06-24 10:46:22,28731.35,9722
2021-06-24 10:46:23,28731.35,9722
2021-06-24 10:46:24,28731.4,9723
2021-06-24 10:46:25,28731.4,9723
2021-06-24 10:46:26,28731.4,9723
2021-06-24 10:46:28,28731.4,9723
2021-06-24 10:46:29,28731.4,9723
2021-06-24 10:46:30,28731.4,9723
2021-06-24 10:46:31,28731.4,9723
2021-06-24 10:46:32,28731.4,9723
2021-06-24 10:46:33,28731.4,9723
2021-06-24 10:46:34,28731.4,9723
2021-06-24 10:46:35,28731.4,9723
2021-06-24 10:46:36,28731.4,9723
2021-06-24 10:46:37,28731.4,9723
2021-06-24 10:46:38,28731.4,9723
2021-06-24 10:46:39,28731.4,9723
2021-06-24 10:46:40,28731.4,9723
2021-06-24 10:46:41,28731.4,9723
2021-06-24 10:46:42,28731.4,9723
2021-06-24 10:46:43,28731.4,9723
2021-06-24 10:46:44,28731.4,9723
2021-06-24 10:46:45,28731.4,9723
2021-06-24 10:46:46,28749.25,9728
2021-06-24 10:46:47,28749.25,9728
2021-06-24 10:46:48,28749.25,9728
2021-06-24 10:46:49,28749.25,9728
2021-06-24 10:46:50,28749.25,9728
2021-06-24 10:46:51,28749.25,9728
2021-06-24 10:46:52,28749.25,9728
2021-06-24 10:46:53,28749.25,9728
2021-06-24 10:46:54,28749.25,9728
2021-06-24 10:46:55,28749.25,9728
2021-06-24 10:46:56,28749.25,9728
2021-06-24 10:46:58,28749.25,9728
2021-06-24 10:46:59,28749.25,9728
2021-06-24 10:47:00,28749.25,9728
2021-06-24 10:47:01,28749.25,9728
2021-06-24 10:47:02,28749.25,9728
2021-06-24 10:47:03,28749.25,9728
2021-06-24 10:47:04,28749.25,9728
2021-06-24 10:47:06,28749.25,9728
2021-06-24 10:47:05,28749.25,9728
2021-06-24 10:47:07,28749.25,9728
2021-06-24 10:47:08,28749.25,9728
2021-06-24 10:47:09,28749.25,9728
2021-06-24 10:47:10,28732.0,9732
2021-06-24 10:47:11,28732.0,9732
2021-06-24 10:47:12,28732.0,9732
2021-06-24 10:47:13,28732.0,9732
2021-06-24 10:47:14,28732.0,9732
2021-06-24 10:47:15,28732.0,9732
2021-06-24 10:47:16,28732.0,9732
2021-06-24 10:47:18,28732.0,9732
2021-06-24 10:47:20,28732.0,9732
2021-06-24 10:47:23,28747.2,9733
2021-06-24 10:47:24,28747.2,9733
2021-06-24 10:47:25,28747.2,9733
2021-06-24 10:47:26,28747.2,9733
2021-06-24 10:47:28,28747.2,9733
2021-06-24 10:47:29,28747.2,9733
2021-06-24 10:47:30,28731.35,9743
2021-06-24 10:47:31,28731.35,9743
2021-06-24 10:47:32,28731.35,9743
2021-06-24 10:47:33,28731.35,9743
2021-06-24 10:47:34,28731.35,9743
2021-06-24 10:47:35,28747.05,9744
2021-06-24 10:47:36,28747.05,9744
2021-06-24 10:47:37,28747.05,9744
2021-06-24 10:47:38,28747.05,9744
2021-06-24 10:47:40,28747.05,9744
2021-06-24 10:47:44,28747.05,9744
2021-06-24 10:47:45,28747.05,9744
2021-06-24 10:47:46,28747.05,9744
2021-06-24 10:47:48,28747.05,9744
2021-06-24 10:47:49,28747.05,9744
2021-06-24 10:47:52,28747.05,9744
2021-06-24 10:47:52,28747.05,9744
2021-06-24 10:47:55,28747.05,9744
2021-06-24 10:47:58,28747.05,9744
2021-06-24 10:47:59,28747.05,9744
2021-06-24 10:48:01,28747.05,9744
2021-06-24 10:48:04,28747.05,9749
2021-06-24 10:48:05,28747.05,9749
2021-06-24 10:48:07,28747.05,9749
2021-06-24 10:48:08,28747.05,9749
2021-06-24 10:48:10,28747.05,9749
2021-06-24 10:48:13,28747.05,9749
2021-06-24 10:48:16,28747.05,9749
2021-06-24 10:48:21,28747.05,9749
2021-06-24 10:48:22,28747.05,9749
2021-06-24 10:48:23,28747.05,9749
2021-06-24 10:48:24,28747.05,9749
2021-06-24 10:48:26,28747.05,9749
2021-06-24 10:48:25,28747.05,9749
2021-06-24 10:48:28,28747.05,9749
2021-06-24 10:48:29,28747.05,9749
2021-06-24 10:48:31,28747.05,9749
2021-06-24 10:48:32,28747.05,9749
2021-06-24 10:48:33,28732.0,9757
2021-06-24 10:48:34,28731.5,9759
2021-06-24 10:48:36,28731.5,9759
2021-06-24 10:48:39,28731.35,9761
2021-06-24 10:48:40,28721.1,9797
2021-06-24 10:48:41,28721.1,9797
2021-06-24 10:48:42,28721.1,9797
2021-06-24 10:48:43,28733.65,9798
2021-06-24 10:48:44,28740.95,9799
2021-06-24 10:48:45,28740.95,9799
2021-06-24 10:48:46,28740.95,9799
2021-06-24 10:48:47,28740.95,9799
2021-06-24 10:48:49,28740.95,9799
2021-06-24 10:48:49,28717.8,9809
2021-06-24 10:48:51,28717.8,9809
2021-06-24 10:48:54,28717.8,9809
2021-06-24 10:48:54,28717.8,9809
2021-06-24 10:48:55,28710.15,9810
2021-06-24 10:48:56,28710.15,9810
2021-06-24 10:48:57,28710.15,9810
2021-06-24 10:48:58,28710.15,9810
2021-06-24 10:48:59,28710.15,9810
2021-06-24 10:49:02,28710.15,9810
2021-06-24 10:49:03,28710.15,9810
2021-06-24 10:49:05,28710.15,9811
2021-06-24 10:49:06,28710.15,9811
2021-06-24 10:49:07,28710.15,9811
2021-06-24 10:49:08,28710.15,9811
2021-06-24 10:49:10,28710.15,9811
2021-06-24 10:49:12,28710.15,9811
2021-06-24 10:49:12,28710.15,9811
2021-06-24 10:49:13,28710.15,9811
2021-06-24 10:49:14,28710.15,9811
2021-06-24 10:49:15,28710.15,9811
2021-06-24 10:49:16,28710.15,9811
2021-06-24 10:49:17,28710.15,9811
2021-06-24 10:49:18,28710.15,9811
2021-06-24 10:49:19,28710.15,9811
2021-06-24 10:49:20,28710.15,9811
2021-06-24 10:49:22,28712.1,9817
2021-06-24 10:49:24,28712.1,9817
2021-06-24 10:49:25,28712.1,9817
2021-06-24 10:49:26,28712.1,9817
2021-06-24 10:49:27,28712.1,9817
2021-06-24 10:49:27,28712.1,9817
2021-06-24 10:49:29,28712.1,9817
2021-06-24 10:49:31,28712.1,9817
2021-06-24 10:49:33,28712.1,9817
2021-06-24 10:49:34,28712.1,9817
2021-06-24 10:49:35,28712.1,9817
2021-06-24 10:49:37,28712.1,9817
2021-06-24 10:49:37,28712.1,9817
2021-06-24 10:49:38,28712.1,9817
2021-06-24 10:49:39,28712.15,9818
2021-06-24 10:49:41,28712.15,9818
2021-06-24 10:49:42,28712.15,9818
2021-06-24 10:49:43,28712.15,9818
2021-06-24 10:49:44,28712.15,9818
2021-06-24 10:49:46,28712.15,9818
2021-06-24 10:49:46,28712.15,9818
2021-06-24 10:49:47,28729.95,9820
2021-06-24 10:49:49,28729.95,9820
2021-06-24 10:49:51,28729.95,9820
2021-06-24 10:49:53,28729.95,9820
2021-06-24 10:49:53,28729.95,9820
2021-06-24 10:49:55,28729.95,9820
2021-06-24 10:49:58,28729.95,9820
2021-06-24 10:49:59,28729.95,9820
2021-06-24 10:50:00,28712.25,9821
2021-06-24 10:50:02,28712.25,9821
2021-06-24 10:50:07,28712.25,9821
2021-06-24 10:50:08,28712.25,9821
2021-06-24 10:50:09,28712.25,9821
2021-06-24 10:50:12,28730.7,9831
2021-06-24 10:50:12,28730.7,9831
2021-06-24 10:50:14,28730.7,9831
2021-06-24 10:50:17,28730.7,9831
2021-06-24 10:50:18,28730.7,9831
2021-06-24 10:50:19,28730.7,9831
2021-06-24 10:50:20,28730.7,9831
2021-06-24 10:50:22,28730.7,9831
2021-06-24 10:50:24,28730.7,9831
2021-06-24 10:50:27,28730.7,9831
2021-06-24 10:50:28,28730.7,9831
2021-06-24 10:50:29,28730.7,9831
2021-06-24 10:50:30,28730.7,9831
2021-06-24 10:50:31,28730.7,9831
2021-06-24 10:50:33,28713.05,9835
2021-06-24 10:50:36,28713.05,9835
2021-06-24 10:50:37,28730.0,9837
2021-06-24 10:50:38,28730.0,9837
2021-06-24 10:50:39,28730.0,9837
2021-06-24 10:50:40,28730.0,9837
2021-06-24 10:50:41,28730.0,9837
2021-06-24 10:50:42,28730.0,9837
2021-06-24 10:50:44,28730.0,9837
2021-06-24 10:50:45,28730.0,9837
2021-06-24 10:50:46,28730.0,9837
2021-06-24 10:50:48,28730.0,9837
2021-06-24 10:50:49,28730.0,9837
2021-06-24 10:50:50,28730.0,9837
2021-06-24 10:50:51,28730.0,9837
2021-06-24 10:50:54,28730.0,9837
2021-06-24 10:50:57,28730.0,9837
2021-06-24 10:50:58,28730.0,9837
2021-06-24 10:50:59,28714.0,9840
2021-06-24 10:51:00,28714.0,9840
2021-06-24 10:51:00,28714.0,9840
2021-06-24 10:51:01,28714.0,9840
2021-06-24 10:51:02,28714.0,9840
2021-06-24 10:51:03,28714.0,9840
2021-06-24 10:51:04,28714.0,9840
2021-06-24 10:51:05,28714.0,9840
2021-06-24 10:51:06,28714.0,9840
2021-06-24 10:51:07,28714.0,9840
2021-06-24 10:51:08,28714.0,9840
2021-06-24 10:51:09,28714.0,9840
2021-06-24 10:51:11,28714.0,9840
2021-06-24 10:51:12,28714.0,9840
2021-06-24 10:51:13,28714.0,9840
2021-06-24 10:51:13,28714.0,9840
2021-06-24 10:51:14,28714.0,9840
2021-06-24 10:51:15,28714.0,9840
2021-06-24 10:51:16,28714.0,9840
2021-06-24 10:51:17,28714.0,9840
2021-06-24 10:51:18,28714.0,9840
2021-06-24 10:51:19,28714.0,9840
2021-06-24 10:51:21,28714.0,9840
2021-06-24 10:51:22,28714.0,9840
2021-06-24 10:51:24,28714.0,9840
2021-06-24 10:51:24,28715.0,9844
2021-06-24 10:51:27,28715.0,9844
2021-06-24 10:51:27,28715.0,9844
2021-06-24 10:51:29,28715.0,9844
2021-06-24 10:51:33,28715.0,9872
2021-06-24 10:51:34,28715.0,9872
2021-06-24 10:51:35,28715.0,9872
2021-06-24 10:51:36,28715.0,9872
2021-06-24 10:51:37,28715.0,9872
2021-06-24 10:51:39,28715.0,9872
2021-06-24 10:51:39,28715.0,9872
2021-06-24 10:51:40,28710.0,9878
2021-06-24 10:51:42,28710.0,9878
2021-06-24 10:51:43,28715.0,9879
2021-06-24 10:51:44,28715.0,9879
2021-06-24 10:51:45,28715.0,9879
2021-06-24 10:51:46,28715.0,9879
2021-06-24 10:51:49,28715.0,9879
2021-06-24 10:51:51,28715.0,9879
2021-06-24 10:51:55,28715.0,9879
2021-06-24 10:51:58,28715.0,9879
2021-06-24 10:52:01,28715.0,9879
2021-06-24 10:52:04,28715.0,9879
2021-06-24 10:52:08,28715.0,9879
2021-06-24 10:52:11,28701.3,9883
2021-06-24 10:52:14,28701.3,9883
2021-06-24 10:52:17,28701.3,9883
2021-06-24 10:52:20,28701.3,9883
2021-06-24 10:52:23,28725.75,9890
2021-06-24 10:52:25,28705.55,9891
2021-06-24 10:52:28,28705.55,9891
2021-06-24 10:52:31,28705.55,9891
2021-06-24 10:52:34,28705.55,9891
2021-06-24 10:52:37,28705.55,9891
2021-06-24 10:52:43,28705.55,9891
2021-06-24 10:52:49,28705.55,9892
2021-06-24 10:52:53,28705.55,9892
2021-06-24 10:52:56,28705.55,9892
2021-06-24 10:53:00,28705.55,9892
2021-06-24 10:53:03,28691.2,9973
2021-06-24 10:53:06,28691.2,9973
2021-06-24 10:53:12,28691.2,9973
2021-06-24 10:53:14,28691.2,9973
2021-06-24 10:53:17,28691.2,9973
2021-06-24 10:53:20,28691.2,9973
2021-06-24 10:53:23,28691.2,9973
2021-06-24 10:53:27,28681.5,9987
2021-06-24 10:53:31,28681.5,9987
2021-06-24 10:53:40,28681.5,9987
2021-06-24 10:53:47,28682.0,9989
2021-06-24 10:53:50,28682.0,9995
2021-06-24 10:53:53,28682.0,9996
2021-06-24 10:53:57,28682.0,9996
2021-06-24 10:54:01,28682.0,9996
2021-06-24 10:54:04,28682.0,9996
2021-06-24 10:54:07,28682.0,9996
2021-06-24 10:54:13,28682.0,9996
2021-06-24 10:54:16,28682.0,9996
2021-06-24 10:54:19,28682.0,9996
2021-06-24 10:54:22,28682.0,9996
2021-06-24 10:54:25,28682.0,9996
2021-06-24 10:54:28,28687.0,9997
2021-06-24 10:54:31,28700.0,10017
2021-06-24 10:54:34,28700.0,10017
2021-06-24 10:54:37,28700.0,10017
2021-06-24 10:54:40,28700.0,10017
2021-06-24 10:54:43,28700.0,10017
2021-06-24 10:54:46,28700.0,10017
2021-06-24 10:54:52,28683.05,10019
2021-06-24 10:54:55,28682.0,10030
2021-06-24 10:54:58,28696.9,10031
2021-06-24 10:55:01,28685.0,10037
2021-06-24 10:55:04,28685.0,10037
2021-06-24 10:55:08,28697.2,10053
2021-06-24 10:55:11,28682.05,10055
2021-06-24 10:55:15,28682.05,10055
2021-06-24 10:55:19,28682.05,10055
2021-06-24 10:55:24,28682.05,10055
2021-06-24 10:55:30,28682.05,10055
2021-06-24 10:55:33,28682.05,10055
2021-06-24 10:55:36,28682.05,10055
2021-06-24 10:55:39,28682.05,10055
2021-06-24 10:55:42,28682.05,10055
2021-06-24 10:55:45,28682.05,10055
2021-06-24 10:55:48,28685.05,10056
2021-06-24 10:55:51,28685.05,10056
2021-06-24 10:55:54,28698.4,10060
2021-06-24 10:55:57,28698.4,10060
2021-06-24 10:56:01,28698.4,10060
2021-06-24 10:56:04,28698.4,10060
2021-06-24 10:56:07,28698.4,10060
2021-06-24 10:56:10,28698.4,10060
2021-06-24 10:56:15,28698.4,10060
2021-06-24 10:56:18,28698.4,10060
2021-06-24 10:56:21,28698.4,10060
2021-06-24 10:56:24,28698.4,10060
2021-06-24 10:56:27,28698.4,10060
2021-06-24 10:56:30,28698.4,10060
2021-06-24 10:56:33,28698.4,10060
2021-06-24 10:56:36,28698.4,10060
2021-06-24 10:56:39,28698.4,10060
2021-06-24 10:56:42,28686.1,10066
2021-06-24 10:56:45,28686.1,10066
2021-06-24 10:56:48,28686.0,10069
2021-06-24 10:56:52,28686.0,10070
2021-06-24 10:56:55,28686.0,10074
2021-06-24 10:56:58,28685.05,10075
2021-06-24 10:57:00,28685.05,10075
2021-06-24 10:57:04,28685.05,10075
2021-06-24 10:57:07,28685.05,10075
2021-06-24 10:57:10,28685.05,10075
2021-06-24 10:57:15,28687.0,10095
2021-06-24 10:57:18,28687.0,10095
2021-06-24 10:57:24,28687.0,10095
2021-06-24 10:57:26,28687.0,10095
2021-06-24 10:57:29,28687.0,10095
2021-06-24 10:57:35,28687.0,10095
2021-06-24 10:57:38,28687.0,10095
2021-06-24 10:57:41,28688.0,10100
2021-06-24 10:57:47,28688.0,10100
2021-06-24 10:57:55,28704.85,10102
2021-06-24 10:57:58,28687.05,10103
2021-06-24 10:58:01,28687.05,10103
2021-06-24 10:58:04,28687.05,10103
2021-06-24 10:58:07,28687.05,10103
2021-06-24 10:58:09,28687.05,10103
2021-06-24 10:58:12,28687.0,10208
2021-06-24 10:58:15,28687.0,10208
2021-06-24 10:58:18,28687.0,10208
2021-06-24 10:58:21,28680.65,10258
2021-06-24 10:58:24,28657.0,10278
2021-06-24 10:58:27,28657.0,10278
2021-06-24 10:58:30,28657.0,10278
2021-06-24 10:58:33,28657.0,10278
2021-06-24 10:58:38,28657.0,10284
2021-06-24 10:58:41,28678.4,10309
2021-06-24 10:58:44,28678.4,10309
2021-06-24 10:58:46,28659.95,10331
2021-06-24 10:58:49,28659.95,10331
2021-06-24 10:58:53,28659.95,10335
2021-06-24 10:58:58,28680.25,10336
2021-06-24 10:59:01,28680.25,10336
2021-06-24 10:59:05,28680.25,10336
2021-06-24 10:59:07,28680.25,10337
2021-06-24 10:59:13,28680.25,10337
2021-06-24 10:59:16,28680.25,10337
2021-06-24 10:59:19,28680.25,10337
2021-06-24 10:59:21,28680.25,10337
2021-06-24 10:59:24,28680.2,10338
2021-06-24 10:59:27,28680.2,10338
2021-06-24 10:59:31,28680.45,10357
2021-06-24 10:59:34,28680.45,10357
2021-06-24 10:59:37,28662.65,10373
2021-06-24 10:59:39,28662.65,10373
2021-06-24 10:59:42,28662.65,10373
2021-06-24 10:59:52,28662.05,10378
2021-06-24 10:59:56,28680.0,10379
2021-06-24 10:59:59,28680.0,10379
2021-06-24 11:00:02,28680.0,10379
2021-06-24 11:00:05,28680.0,10379
2021-06-24 11:00:08,28680.0,10379
2021-06-24 11:00:12,28680.0,10379
2021-06-24 11:00:15,28680.0,10379
2021-06-24 11:00:18,28660.25,10389
2021-06-24 11:00:22,28660.2,10401
2021-06-24 11:00:26,28660.2,10401
2021-06-24 11:00:29,28683.7,10412
2021-06-24 11:00:32,28683.7,10412
2021-06-24 11:00:35,28683.7,10412
2021-06-24 11:00:38,28683.7,10412
2021-06-24 11:00:41,28683.7,10412
2021-06-24 11:00:45,28683.7,10412
2021-06-24 11:00:48,28683.7,10412
2021-06-24 11:00:51,28683.7,10412
2021-06-24 11:00:54,28661.95,10434
2021-06-24 11:00:57,28667.35,10435
2021-06-24 11:00:59,28686.75,10436
2021-06-24 11:01:02,28687.05,10442
2021-06-24 11:01:05,28687.05,10442
2021-06-24 11:01:11,28687.05,10442
2021-06-24 11:01:14,28687.05,10442
2021-06-24 11:01:19,28687.05,10442
2021-06-24 11:01:22,28687.05,10442
2021-06-24 11:01:25,28687.05,10442
2021-06-24 11:01:31,28687.05,10442
2021-06-24 11:01:34,28687.05,10442
2021-06-24 11:01:36,28687.05,10442
2021-06-24 11:01:39,28687.05,10442
2021-06-24 11:01:42,28687.05,10442
2021-06-24 11:01:45,28687.05,10442
2021-06-24 11:01:48,28669.15,10444
2021-06-24 11:01:51,28669.15,10444
2021-06-24 11:01:55,28669.15,10444
2021-06-24 11:01:57,28669.15,10444
2021-06-24 11:02:00,28669.15,10444
2021-06-24 11:02:03,28669.15,10444
2021-06-24 11:02:06,28669.0,10453
2021-06-24 11:02:09,28669.0,10453
2021-06-24 11:02:12,28669.0,10453
2021-06-24 11:02:15,28669.0,10453
2021-06-24 11:02:18,28669.0,10453
2021-06-24 11:02:21,28669.0,10453
2021-06-24 11:02:24,28669.0,10453
2021-06-24 11:02:27,28687.05,10454
2021-06-24 11:02:30,28687.05,10454
2021-06-24 11:02:36,28687.05,10454
2021-06-24 11:02:39,28687.05,10454
2021-06-24 11:02:42,28687.05,10454
2021-06-24 11:02:47,28669.0,10460
2021-06-24 11:02:50,28669.0,10460
2021-06-24 11:02:55,28669.0,10460
2021-06-24 11:02:58,28669.0,10460
2021-06-24 11:03:01,28669.0,10460
2021-06-24 11:03:03,28669.0,10460
2021-06-24 11:03:06,28669.0,10460
2021-06-24 11:03:09,28669.05,10461
2021-06-24 11:03:12,28669.05,10461
2021-06-24 11:03:16,28669.05,10461
2021-06-24 11:03:19,28669.05,10461
2021-06-24 11:03:21,28669.05,10461
2021-06-24 11:03:24,28669.05,10461
2021-06-24 11:03:27,28669.05,10461
2021-06-24 11:03:29,28669.05,10461
2021-06-24 11:03:32,28669.05,10462
2021-06-24 11:03:36,28669.05,10462
2021-06-24 11:03:43,28684.65,10463
2021-06-24 11:03:46,28684.65,10463
2021-06-24 11:03:49,28684.65,10463
2021-06-24 11:03:52,28684.5,10464
2021-06-24 11:03:56,28684.5,10467
2021-06-24 11:04:00,28684.5,10467
2021-06-24 11:04:03,28687.7,10483
2021-06-24 11:04:07,28669.0,10490
2021-06-24 11:04:10,28669.0,10490
2021-06-24 11:04:13,28669.0,10490
2021-06-24 11:04:16,28689.55,10494
2021-06-24 11:04:20,28669.0,10496
2021-06-24 11:04:23,28669.0,10496
2021-06-24 11:04:26,28669.0,10496
2021-06-24 11:04:29,28669.0,10496
2021-06-24 11:04:33,28689.5,10497
2021-06-24 11:04:36,28689.5,10497
2021-06-24 11:04:39,28689.5,10497
2021-06-24 11:04:42,28697.75,10549
2021-06-24 11:04:45,28700.0,10558
2021-06-24 11:04:49,28700.0,10558
2021-06-24 11:04:52,28704.8,10560
2021-06-24 11:04:54,28704.8,10560
2021-06-24 11:04:57,28704.8,10560
2021-06-24 11:05:03,28704.8,10560
2021-06-24 11:05:06,28704.8,10560
2021-06-24 11:05:09,28704.8,10560
2021-06-24 11:05:13,28704.8,10560
2021-06-24 11:05:16,28704.8,10560
2021-06-24 11:05:19,28704.8,10560
2021-06-24 11:05:25,28704.8,10564
2021-06-24 11:05:28,28704.8,10564
2021-06-24 11:05:32,28704.8,10564
2021-06-24 11:05:36,28704.8,10564
2021-06-24 11:05:40,28704.8,10564
2021-06-24 11:05:44,28704.8,10564
2021-06-24 11:05:50,28704.8,10564
2021-06-24 11:05:53,28704.8,10564
2021-06-24 11:05:55,28699.9,10565
2021-06-24 11:05:59,28699.9,10565
2021-06-24 11:06:02,28699.9,10565
2021-06-24 11:06:05,28682.0,10570
2021-06-24 11:06:07,28682.0,10570
2021-06-24 11:06:10,28682.0,10570
2021-06-24 11:06:13,28682.0,10570
2021-06-24 11:06:16,28682.0,10570
2021-06-24 11:06:20,28682.0,10570
2021-06-24 11:06:23,28682.0,10570
2021-06-24 11:06:26,28700.0,10571
2021-06-24 11:06:30,28700.0,10571
2021-06-24 11:06:33,28700.0,10571
2021-06-24 11:06:36,28700.0,10571
2021-06-24 11:06:39,28700.0,10571
2021-06-24 11:06:42,28700.0,10571
2021-06-24 11:06:46,28700.0,10573
2021-06-24 11:06:49,28700.0,10574
2021-06-24 11:06:55,28700.0,10574
2021-06-24 11:06:58,28700.0,10574
2021-06-24 11:07:01,28700.0,10574
2021-06-24 11:07:07,28700.0,10574
2021-06-24 11:07:10,28700.0,10574
2021-06-24 11:07:13,28700.0,10574
2021-06-24 11:07:16,28700.0,10574
2021-06-24 11:07:19,28699.95,10576
2021-06-24 11:07:23,28699.95,10576
2021-06-24 11:07:25,28699.95,10576
2021-06-24 11:07:29,28677.55,10578
2021-06-24 11:07:32,28677.55,10578
2021-06-24 11:07:35,28677.55,10578
2021-06-24 11:07:38,28677.55,10578
2021-06-24 11:07:42,28677.55,10578
2021-06-24 11:07:45,28677.55,10578
2021-06-24 11:07:48,28677.55,10578
2021-06-24 11:07:51,28677.55,10578
2021-06-24 11:07:54,28697.65,10589
2021-06-24 11:07:57,28697.65,10589
2021-06-24 11:08:00,28697.65,10589
2021-06-24 11:08:03,28697.65,10589
2021-06-24 11:08:09,28670.3,10594
2021-06-24 11:08:11,28670.35,10595
2021-06-24 11:08:15,28670.35,10595
2021-06-24 11:08:18,28670.15,10605
2021-06-24 11:08:21,28670.15,10605
2021-06-24 11:08:27,28670.15,10605
2021-06-24 11:08:30,28670.15,10605
2021-06-24 11:08:33,28670.15,10605
2021-06-24 11:08:36,28670.15,10605
2021-06-24 11:08:39,28670.15,10605
2021-06-24 11:08:45,28693.5,10622
2021-06-24 11:08:48,28693.5,10622
2021-06-24 11:08:51,28670.75,10624
2021-06-24 11:08:54,28670.75,10624
2021-06-24 11:08:56,28670.75,10624
2021-06-24 11:08:59,28670.75,10624
2021-06-24 11:09:02,28670.75,10624
2021-06-24 11:09:05,28696.65,10635
2021-06-24 11:09:07,28673.1,10640
2021-06-24 11:09:10,28673.1,10640
2021-06-24 11:09:13,28673.1,10640
2021-06-24 11:09:16,28673.1,10640
2021-06-24 11:09:22,28673.1,10640
2021-06-24 11:09:25,28673.1,10640
2021-06-24 11:09:28,28673.1,10640
2021-06-24 11:09:31,28673.1,10640
2021-06-24 11:09:37,28696.5,10642
2021-06-24 11:09:40,28696.5,10643
2021-06-24 11:09:42,28673.3,10648
2021-06-24 11:09:46,28695.8,10650
2021-06-24 11:09:49,28695.8,10650
2021-06-24 11:09:52,28695.8,10650
2021-06-24 11:09:57,28695.8,10650
2021-06-24 11:09:59,28695.8,10650
2021-06-24 11:10:01,28695.8,10650
2021-06-24 11:10:05,28674.05,10652
2021-06-24 11:10:08,28674.05,10652
2021-06-24 11:10:12,28674.05,10652
2021-06-24 11:10:16,28674.05,10652
2021-06-24 11:10:20,28674.05,10652
2021-06-24 11:10:26,28674.05,10652
2021-06-24 11:10:30,28674.05,10652
2021-06-24 11:10:33,28674.05,10652
2021-06-24 11:10:36,28674.05,10652
2021-06-24 11:10:42,28695.0,10658
2021-06-24 11:10:46,28695.0,10658
2021-06-24 11:10:50,28695.0,10660
2021-06-24 11:10:53,28695.0,10660
2021-06-24 11:10:56,28695.0,10660
2021-06-24 11:10:59,28695.0,10660
2021-06-24 11:11:02,28695.0,10660
2021-06-24 11:11:04,28695.0,10660
2021-06-24 11:11:07,28696.3,10697
2021-06-24 11:11:10,28696.3,10697
2021-06-24 11:11:13,28696.3,10697
2021-06-24 11:11:15,28696.3,10697
2021-06-24 11:11:18,28709.6,10702
2021-06-24 11:11:20,28703.4,10707
2021-06-24 11:11:23,28703.4,10707
2021-06-24 11:11:30,28720.0,10708
2021-06-24 11:11:33,28720.0,10708
2021-06-24 11:11:36,28720.0,10708
2021-06-24 11:11:39,28720.0,10708
2021-06-24 11:11:42,28720.0,10708
2021-06-24 11:11:45,28701.9,10730
