timestamp,ltp,volume
2021-06-24 09:34:39,1057.05,336917
2021-06-24 09:34:40,1057.25,336969
2021-06-24 09:34:41,1057.25,337024
2021-06-24 09:34:42,1057.25,337153
2021-06-24 09:34:43,1057.25,337208
2021-06-24 09:34:44,1057.35,337290
2021-06-24 09:34:45,1057.4,337309
2021-06-24 09:34:46,1057.4,337310
2021-06-24 09:34:47,1057.4,337310
2021-06-24 09:34:48,1057.9,337442
2021-06-24 09:34:49,1057.9,337537
2021-06-24 09:34:50,1057.95,337706
2021-06-24 09:34:51,1057.95,337955
2021-06-24 09:34:52,1057.85,338011
2021-06-24 09:34:54,1057.85,338029
2021-06-24 09:34:55,1057.85,338206
2021-06-24 09:34:56,1057.85,338319
2021-06-24 09:34:57,1057.9,338703
2021-06-24 09:34:58,1057.9,339043
2021-06-24 09:34:59,1057.35,339048
2021-06-24 09:35:00,1057.35,339060
2021-06-24 09:35:03,1057.1,339111
2021-06-24 09:35:04,1057.35,339207
2021-06-24 09:35:05,1057.5,339235
2021-06-24 09:35:06,1057.6,339247
2021-06-24 09:35:07,1057.9,339352
2021-06-24 09:35:08,1058.0,339449
2021-06-24 09:35:09,1057.45,339633
2021-06-24 09:35:10,1057.45,339733
2021-06-24 09:35:10,1057.95,339794
2021-06-24 09:35:11,1057.8,339844
2021-06-24 09:35:12,1057.45,339909
2021-06-24 09:35:13,1057.8,340040
2021-06-24 09:35:14,1057.8,340104
2021-06-24 09:35:15,1057.8,340173
2021-06-24 09:35:16,1057.8,340191
2021-06-24 09:35:17,1058.05,340205
2021-06-24 09:35:18,1057.6,340206
2021-06-24 09:35:19,1058.25,340627
2021-06-24 09:35:20,1058.2,340899
2021-06-24 09:35:22,1058.0,340983
2021-06-24 09:35:22,1057.6,341137
2021-06-24 09:35:24,1057.95,341252
2021-06-24 09:35:25,1058.05,341377
2021-06-24 09:35:26,1057.25,341877
2021-06-24 09:35:27,1057.25,341982
2021-06-24 09:35:28,1058.0,342065
2021-06-24 09:35:29,1058.0,342093
2021-06-24 09:35:30,1058.0,342093
2021-06-24 09:35:31,1058.0,342093
2021-06-24 09:35:32,1057.8,342219
2021-06-24 09:35:33,1058.6,342473
2021-06-24 09:35:33,1057.85,342628
2021-06-24 09:35:34,1057.6,342695
2021-06-24 09:35:35,1057.95,342804
2021-06-24 09:35:36,1057.95,342919
2021-06-24 09:35:37,1057.95,343085
2021-06-24 09:35:38,1057.95,343282
2021-06-24 09:35:39,1057.5,343312
2021-06-24 09:35:40,1057.5,343362
2021-06-24 09:35:41,1057.5,343362
2021-06-24 09:35:42,1057.5,343362
2021-06-24 09:35:43,1058.05,343382
2021-06-24 09:35:44,1057.85,343550
2021-06-24 09:35:45,1058.0,343791
2021-06-24 09:35:46,1058.0,344030
2021-06-24 09:35:47,1058.0,344228
2021-06-24 09:35:49,1058.0,344330
2021-06-24 09:35:50,1058.0,344420
2021-06-24 09:35:51,1058.1,344698
2021-06-24 09:35:52,1058.0,344745
2021-06-24 09:35:53,1057.95,344909
2021-06-24 09:35:54,1057.9,344938
2021-06-24 09:35:55,1057.85,344940
2021-06-24 09:35:56,1057.85,344940
2021-06-24 09:35:58,1057.85,344940
2021-06-24 09:36:00,1058.25,344942
2021-06-24 09:36:01,1058.25,344942
2021-06-24 09:36:02,1057.85,344961
2021-06-24 09:36:02,1057.7,345261
2021-06-24 09:36:03,1057.85,345314
2021-06-24 09:36:04,1057.85,345314
2021-06-24 09:36:05,1058.25,345319
2021-06-24 09:36:06,1058.25,345319
2021-06-24 09:36:07,1058.25,345319
2021-06-24 09:36:08,1058.25,345319
2021-06-24 09:36:09,1057.85,345339
2021-06-24 09:36:10,1057.85,345484
2021-06-24 09:36:11,1057.6,345546
2021-06-24 09:36:12,1057.85,345836
2021-06-24 09:36:13,1057.85,345920
2021-06-24 09:36:14,1057.85,345944
2021-06-24 09:36:15,1057.85,345979
2021-06-24 09:36:16,1057.85,345979
2021-06-24 09:36:17,1057.85,346046
2021-06-24 09:36:18,1057.85,346204
2021-06-24 09:36:19,1057.85,346845
2021-06-24 09:36:20,1057.85,346853
2021-06-24 09:36:22,1057.85,346887
2021-06-24 09:36:23,1057.85,346889
2021-06-24 09:36:24,1057.85,346959
2021-06-24 09:36:25,1057.85,346970
2021-06-24 09:36:26,1057.85,347071
2021-06-24 09:36:27,1058.0,347354
2021-06-24 09:36:28,1058.0,347421
2021-06-24 09:36:30,1058.0,347493
2021-06-24 09:36:31,1057.55,347509
2021-06-24 09:36:33,1057.95,347554
2021-06-24 09:36:33,1057.95,347554
2021-06-24 09:36:34,1058.0,348019
2021-06-24 09:36:35,1057.85,348329
2021-06-24 09:36:36,1057.6,348338
2021-06-24 09:36:37,1058.05,348438
2021-06-24 09:36:38,1058.0,348642
2021-06-24 09:36:39,1058.0,348721
2021-06-24 09:36:40,1058.0,348721
2021-06-24 09:36:42,1058.0,348721
2021-06-24 09:36:43,1058.0,348721
2021-06-24 09:36:45,1057.95,348846
2021-06-24 09:36:46,1057.9,348898
2021-06-24 09:36:47,1058.0,349147
2021-06-24 09:36:48,1057.9,349269
2021-06-24 09:36:49,1057.75,349382
2021-06-24 09:36:51,1058.3,349615
2021-06-24 09:36:52,1058.1,349653
2021-06-24 09:36:53,1058.0,349753
2021-06-24 09:36:54,1057.55,349803
2021-06-24 09:36:55,1057.55,349806
2021-06-24 09:36:56,1057.55,350053
2021-06-24 09:36:57,1057.8,350144
2021-06-24 09:36:58,1057.55,350274
2021-06-24 09:37:00,1058.0,350367
2021-06-24 09:37:01,1058.05,350478
2021-06-24 09:37:02,1057.65,350496
2021-06-24 09:37:02,1058.1,350516
2021-06-24 09:37:03,1058.1,350516
2021-06-24 09:37:04,1058.3,350649
2021-06-24 09:37:06,1058.2,350772
2021-06-24 09:37:07,1057.85,350778
2021-06-24 09:37:08,1057.85,350790
2021-06-24 09:37:09,1057.85,350794
2021-06-24 09:37:10,1057.85,350798
2021-06-24 09:37:10,1057.85,350798
2021-06-24 09:37:11,1057.85,350798
2021-06-24 09:37:12,1058.0,350800
2021-06-24 09:37:13,1058.0,350800
2021-06-24 09:37:14,1058.0,350800
2021-06-24 09:37:15,1058.0,350800
2021-06-24 09:37:16,1058.0,350800
2021-06-24 09:37:17,1058.0,350800
2021-06-24 09:37:18,1058.0,350800
2021-06-24 09:37:20,1058.0,350800
2021-06-24 09:37:21,1058.05,350901
2021-06-24 09:37:22,1058.4,350972
2021-06-24 09:37:22,1058.05,350982
2021-06-24 09:37:23,1058.05,350982
2021-06-24 09:37:25,1058.05,350983
2021-06-24 09:37:26,1058.05,350983
2021-06-24 09:37:28,1058.4,351033
2021-06-24 09:37:29,1058.0,351047
2021-06-24 09:37:29,1058.0,351037
2021-06-24 09:37:31,1058.0,351047
2021-06-24 09:37:32,1058.0,351047
2021-06-24 09:37:33,1058.0,351047
2021-06-24 09:37:34,1058.0,351047
2021-06-24 09:37:35,1058.4,351296
2021-06-24 09:37:36,1058.2,351463
2021-06-24 09:37:37,1058.1,351485
2021-06-24 09:37:38,1058.2,351491
2021-06-24 09:37:39,1058.45,351536
2021-06-24 09:37:39,1058.45,351536
2021-06-24 09:37:40,1058.25,351654
2021-06-24 09:37:42,1058.25,351684
2021-06-24 09:37:43,1058.45,351719
2021-06-24 09:37:44,1058.45,351719
2021-06-24 09:37:45,1058.45,351729
2021-06-24 09:37:46,1058.45,351729
2021-06-24 09:37:46,1058.45,351785
2021-06-24 09:37:47,1058.1,351803
2021-06-24 09:37:48,1058.15,351804
2021-06-24 09:37:50,1058.2,351805
2021-06-24 09:37:51,1058.2,351805
2021-06-24 09:37:52,1058.2,351805
2021-06-24 09:37:52,1058.35,351825
2021-06-24 09:37:53,1058.35,351825
2021-06-24 09:37:54,1058.35,351825
2021-06-24 09:37:55,1058.35,351825
2021-06-24 09:37:56,1058.8,351834
2021-06-24 09:37:57,1058.45,351854
2021-06-24 09:37:58,1058.45,351854
2021-06-24 09:38:00,1058.45,351854
2021-06-24 09:38:01,1058.45,351854
2021-06-24 09:38:02,1058.45,351854
2021-06-24 09:38:03,1058.45,351854
2021-06-24 09:38:03,1058.45,351854
2021-06-24 09:38:05,1058.45,351854
2021-06-24 09:38:06,1058.45,351854
2021-06-24 09:38:08,1058.75,351864
2021-06-24 09:38:09,1058.45,351875
2021-06-24 09:38:10,1058.6,353920
2021-06-24 09:38:10,1058.45,354352
2021-06-24 09:38:11,1058.4,354568
2021-06-24 09:38:12,1058.25,355088
2021-06-24 09:38:13,1058.05,355177
2021-06-24 09:38:15,1058.05,355177
2021-06-24 09:38:16,1057.85,356590
2021-06-24 09:38:17,1058.05,356885
2021-06-24 09:38:18,1058.05,356885
2021-06-24 09:38:19,1058.05,356885
2021-06-24 09:38:19,1058.05,356885
2021-06-24 09:38:20,1058.05,356905
2021-06-24 09:38:21,1057.75,356999
2021-06-24 09:38:22,1058.05,357247
2021-06-24 09:38:24,1058.3,357561
2021-06-24 09:38:25,1058.0,357736
2021-06-24 09:38:26,1058.2,357970
2021-06-24 09:38:26,1057.75,358007
2021-06-24 09:38:30,1058.05,358062
2021-06-24 09:38:31,1058.2,358063
2021-06-24 09:38:32,1057.85,358383
2021-06-24 09:38:32,1058.3,358074
2021-06-24 09:38:33,1057.8,358416
2021-06-24 09:38:34,1057.8,358521
2021-06-24 09:38:35,1058.05,358537
2021-06-24 09:38:36,1058.05,358537
2021-06-24 09:38:37,1058.45,358591
2021-06-24 09:38:38,1058.05,358604
2021-06-24 09:38:39,1058.3,358850
2021-06-24 09:38:40,1058.3,359017
2021-06-24 09:38:41,1058.25,359162
2021-06-24 09:38:42,1057.8,359183
2021-06-24 09:38:43,1057.8,359183
2021-06-24 09:38:44,1057.8,359192
2021-06-24 09:38:45,1057.8,359192
2021-06-24 09:38:46,1058.25,359193
2021-06-24 09:38:48,1058.25,359195
2021-06-24 09:38:49,1058.25,359195
2021-06-24 09:38:50,1058.25,359195
2021-06-24 09:38:51,1058.25,359310
2021-06-24 09:38:51,1058.25,359383
2021-06-24 09:38:52,1058.0,359386
2021-06-24 09:38:55,1057.75,359524
2021-06-24 09:38:56,1057.75,359524
2021-06-24 09:38:56,1058.55,359634
2021-06-24 09:38:57,1057.9,359654
2021-06-24 09:38:59,1057.9,359654
2021-06-24 09:39:00,1058.35,359804
2021-06-24 09:39:01,1057.9,359830
2021-06-24 09:39:02,1057.9,359830
2021-06-24 09:39:03,1058.45,360076
2021-06-24 09:39:03,1058.25,360086
2021-06-24 09:39:04,1058.55,360319
2021-06-24 09:39:06,1058.0,360354
2021-06-24 09:39:07,1058.2,360681
2021-06-24 09:39:08,1058.2,360819
2021-06-24 09:39:08,1058.25,360833
2021-06-24 09:39:09,1058.85,360834
2021-06-24 09:39:10,1058.85,360962
2021-06-24 09:39:12,1058.3,361117
2021-06-24 09:39:13,1058.3,361140
2021-06-24 09:39:14,1058.3,361140
2021-06-24 09:39:15,1058.3,361140
2021-06-24 09:39:15,1058.3,361261
2021-06-24 09:39:16,1058.3,361261
2021-06-24 09:39:18,1058.4,361267
2021-06-24 09:39:19,1058.4,361269
2021-06-24 09:39:22,1058.4,361514
2021-06-24 09:39:22,1058.4,361514
2021-06-24 09:39:24,1058.2,361521
2021-06-24 09:39:25,1058.9,361546
2021-06-24 09:39:27,1058.85,361563
2021-06-24 09:39:28,1058.3,361568
2021-06-24 09:39:29,1059.1,361818
2021-06-24 09:39:30,1058.4,361905
2021-06-24 09:39:30,1058.4,361905
2021-06-24 09:39:31,1058.4,361908
2021-06-24 09:39:32,1058.4,361908
2021-06-24 09:39:33,1058.4,361924
2021-06-24 09:39:34,1059.0,362023
2021-06-24 09:39:36,1058.95,362263
2021-06-24 09:39:37,1058.95,362304
2021-06-24 09:39:38,1058.95,362354
2021-06-24 09:39:39,1058.5,362364
2021-06-24 09:39:40,1058.5,362375
2021-06-24 09:39:40,1058.5,362375
2021-06-24 09:39:41,1058.8,362400
2021-06-24 09:39:43,1058.4,362636
2021-06-24 09:39:43,1058.4,362636
2021-06-24 09:39:44,1058.4,362636
2021-06-24 09:39:46,1058.45,362646
2021-06-24 09:39:47,1058.45,362646
2021-06-24 09:39:48,1058.45,362769
2021-06-24 09:39:49,1058.95,364206
2021-06-24 09:39:50,1058.55,364737
2021-06-24 09:39:52,1058.65,364771
2021-06-24 09:39:52,1058.65,364771
2021-06-24 09:39:53,1058.8,364820
2021-06-24 09:39:55,1058.8,364820
2021-06-24 09:39:56,1058.8,364820
2021-06-24 09:39:57,1058.8,364820
2021-06-24 09:39:58,1059.0,364943
2021-06-24 09:39:58,1058.8,364971
2021-06-24 09:39:59,1058.8,364971
2021-06-24 09:40:01,1059.0,365001
2021-06-24 09:40:02,1058.9,365005
2021-06-24 09:40:03,1058.9,365020
2021-06-24 09:40:04,1058.9,365020
2021-06-24 09:40:04,1058.9,365020
2021-06-24 09:40:05,1059.4,365030
2021-06-24 09:40:07,1059.4,365043
2021-06-24 09:40:08,1058.85,366390
2021-06-24 09:40:09,1058.85,366678
2021-06-24 09:40:10,1058.85,367226
2021-06-24 09:40:10,1059.25,367136
2021-06-24 09:40:12,1058.85,367226
2021-06-24 09:40:13,1058.9,367238
2021-06-24 09:40:14,1059.05,367261
2021-06-24 09:40:15,1059.05,367261
2021-06-24 09:40:16,1059.1,367271
2021-06-24 09:40:16,1059.1,367271
2021-06-24 09:40:18,1059.05,367283
2021-06-24 09:40:19,1058.9,367393
2021-06-24 09:40:21,1058.5,367557
2021-06-24 09:40:21,1058.5,367557
2021-06-24 09:40:23,1058.5,367557
2021-06-24 09:40:24,1058.6,367560
2021-06-24 09:40:25,1058.2,368309
2021-06-24 09:40:26,1058.0,368722
2021-06-24 09:40:26,1057.95,370349
2021-06-24 09:40:27,1057.75,370509
2021-06-24 09:40:29,1058.2,370830
2021-06-24 09:40:30,1058.0,370920
2021-06-24 09:40:31,1058.2,370964
2021-06-24 09:40:32,1058.15,370983
2021-06-24 09:40:33,1058.0,370986
2021-06-24 09:40:34,1058.0,370992
2021-06-24 09:40:34,1058.0,370992
2021-06-24 09:40:35,1057.6,371096
2021-06-24 09:40:37,1057.6,371096
2021-06-24 09:40:38,1057.7,371116
2021-06-24 09:40:39,1057.6,371182
2021-06-24 09:40:40,1058.0,371195
2021-06-24 09:40:41,1057.7,371611
2021-06-24 09:40:41,1057.7,371685
2021-06-24 09:40:42,1057.7,371685
2021-06-24 09:40:44,1057.75,371704
2021-06-24 09:40:45,1057.75,371704
2021-06-24 09:40:46,1057.55,371742
2021-06-24 09:40:47,1058.1,371776
2021-06-24 09:40:48,1058.0,371786
2021-06-24 09:40:48,1058.05,371909
2021-06-24 09:40:49,1058.0,372118
2021-06-24 09:40:51,1058.15,372437
2021-06-24 09:40:52,1058.1,372571
2021-06-24 09:40:53,1057.7,372582
2021-06-24 09:40:54,1057.7,372587
2021-06-24 09:40:55,1058.05,372619
2021-06-24 09:40:56,1058.05,372620
2021-06-24 09:40:57,1058.05,372672
2021-06-24 09:40:58,1057.75,372687
2021-06-24 09:40:59,1058.05,372810
2021-06-24 09:41:00,1058.2,372906
2021-06-24 09:41:01,1057.75,372919
2021-06-24 09:41:03,1057.8,373101
2021-06-24 09:41:03,1058.3,373059
2021-06-24 09:41:04,1058.3,373398
2021-06-24 09:41:06,1058.35,373702
2021-06-24 09:41:07,1058.45,374385
2021-06-24 09:41:08,1058.45,374621
2021-06-24 09:41:09,1058.45,374713
2021-06-24 09:41:09,1058.15,374728
2021-06-24 09:41:11,1058.15,374806
2021-06-24 09:41:13,1058.5,374826
2021-06-24 09:41:14,1058.5,375091
2021-06-24 09:41:15,1058.55,375155
2021-06-24 09:41:16,1058.55,375155
2021-06-24 09:41:17,1058.55,375155
2021-06-24 09:41:17,1058.55,375155
2021-06-24 09:41:19,1058.05,375280
2021-06-24 09:41:20,1057.95,375324
2021-06-24 09:41:21,1057.95,375324
2021-06-24 09:41:22,1057.95,375324
2021-06-24 09:41:23,1057.8,375330
2021-06-24 09:41:24,1058.05,375335
2021-06-24 09:41:25,1058.05,375342
2021-06-24 09:41:26,1058.05,375342
2021-06-24 09:41:27,1057.85,375343
2021-06-24 09:41:28,1057.85,375343
2021-06-24 09:41:29,1057.85,375343
2021-06-24 09:41:30,1057.95,375377
2021-06-24 09:41:31,1057.85,375390
2021-06-24 09:41:32,1057.95,375445
2021-06-24 09:41:33,1057.85,375455
2021-06-24 09:41:35,1057.85,375455
2021-06-24 09:41:36,1057.85,375455
2021-06-24 09:41:37,1057.85,375455
2021-06-24 09:41:38,1057.85,375455
2021-06-24 09:41:39,1057.85,375455
2021-06-24 09:41:40,1057.9,375456
2021-06-24 09:41:41,1057.85,375556
2021-06-24 09:41:42,1057.85,375600
2021-06-24 09:41:43,1057.8,375602
2021-06-24 09:41:44,1057.8,375712
2021-06-24 09:41:47,1057.75,375736
2021-06-24 09:41:48,1057.85,375786
2021-06-24 09:41:49,1057.8,375788
2021-06-24 09:41:51,1057.85,375905
2021-06-24 09:41:52,1057.75,375919
2021-06-24 09:41:53,1057.75,375919
2021-06-24 09:41:54,1057.9,375939
2021-06-24 09:41:55,1057.8,375951
2021-06-24 09:41:56,1057.8,375951
2021-06-24 09:41:57,1057.8,375951
2021-06-24 09:41:58,1057.8,375951
2021-06-24 09:41:59,1057.8,375951
2021-06-24 09:42:01,1057.9,375961
2021-06-24 09:42:02,1057.8,375973
2021-06-24 09:42:03,1057.8,375973
2021-06-24 09:42:04,1058.05,376081
2021-06-24 09:42:05,1057.85,376109
2021-06-24 09:42:06,1057.85,376109
2021-06-24 09:42:07,1057.85,376109
2021-06-24 09:42:08,1058.0,376111
2021-06-24 09:42:10,1058.0,376147
2021-06-24 09:42:11,1058.5,376153
2021-06-24 09:42:12,1058.5,376157
2021-06-24 09:42:13,1058.5,376157
2021-06-24 09:42:14,1058.05,376167
2021-06-24 09:42:15,1058.05,376177
2021-06-24 09:42:16,1058.5,376182
2021-06-24 09:42:17,1058.5,376283
2021-06-24 09:42:18,1058.05,376303
2021-06-24 09:42:19,1058.5,376383
2021-06-24 09:42:20,1058.5,376404
2021-06-24 09:42:21,1058.5,376404
2021-06-24 09:42:22,1058.5,376404
2021-06-24 09:42:23,1058.45,376456
2021-06-24 09:42:24,1058.05,376468
2021-06-24 09:42:25,1058.05,376468
2021-06-24 09:42:26,1058.4,376533
2021-06-24 09:42:27,1058.4,376533
2021-06-24 09:42:28,1058.05,376546
2021-06-24 09:42:29,1058.05,376546
2021-06-24 09:42:30,1058.05,376546
2021-06-24 09:42:31,1058.4,376569
2021-06-24 09:42:32,1058.15,376612
2021-06-24 09:42:33,1058.2,376625
2021-06-24 09:42:34,1058.2,376625
2021-06-24 09:42:35,1058.2,376625
2021-06-24 09:42:36,1058.2,376625
2021-06-24 09:42:37,1058.4,377265
2021-06-24 09:42:38,1058.0,377379
2021-06-24 09:42:39,1058.4,377621
2021-06-24 09:42:40,1058.4,377677
2021-06-24 09:42:41,1058.4,377677
2021-06-24 09:42:43,1058.4,377747
2021-06-24 09:42:44,1058.4,377747
2021-06-24 09:42:45,1058.4,377747
2021-06-24 09:42:46,1058.4,377747
2021-06-24 09:42:47,1058.4,377747
2021-06-24 09:42:48,1058.4,377749
2021-06-24 09:42:49,1058.4,377749
2021-06-24 09:42:50,1058.4,377749
2021-06-24 09:42:51,1058.4,377749
2021-06-24 09:42:52,1058.4,377749
2021-06-24 09:42:53,1058.4,377749
2021-06-24 09:42:54,1058.4,377749
2021-06-24 09:42:55,1058.4,377887
2021-06-24 09:42:56,1058.15,378487
2021-06-24 09:42:58,1058.15,378487
2021-06-24 09:42:59,1058.15,378487
2021-06-24 09:43:00,1058.05,378913
2021-06-24 09:43:01,1057.8,379435
2021-06-24 09:43:02,1058.0,379792
2021-06-24 09:43:03,1058.0,380084
2021-06-24 09:43:04,1058.1,380130
2021-06-24 09:43:05,1058.0,380782
2021-06-24 09:43:06,1058.0,380782
2021-06-24 09:43:07,1058.0,380782
2021-06-24 09:43:08,1058.1,383796
2021-06-24 09:43:09,1057.9,384237
2021-06-24 09:43:10,1057.65,384349
2021-06-24 09:43:11,1057.5,385507
2021-06-24 09:43:12,1057.1,386472
2021-06-24 09:43:13,1057.25,386553
2021-06-24 09:43:14,1057.25,386553
2021-06-24 09:43:15,1057.3,387096
2021-06-24 09:43:16,1057.3,387130
2021-06-24 09:43:17,1057.3,387130
2021-06-24 09:43:18,1057.3,387130
2021-06-24 09:43:20,1057.15,387195
2021-06-24 09:43:21,1057.9,387261
2021-06-24 09:43:22,1057.1,387274
2021-06-24 09:43:23,1057.7,387299
2021-06-24 09:43:24,1057.7,387299
2021-06-24 09:43:25,1057.7,387299
2021-06-24 09:43:27,1057.7,387299
2021-06-24 09:43:28,1057.6,387300
2021-06-24 09:43:30,1057.3,387423
2021-06-24 09:43:29,1057.65,387400
2021-06-24 09:43:31,1057.3,387423
2021-06-24 09:43:32,1057.3,387423
2021-06-24 09:43:33,1057.3,387423
2021-06-24 09:43:34,1057.3,387423
2021-06-24 09:43:35,1057.3,387423
2021-06-24 09:43:36,1057.3,387423
2021-06-24 09:43:37,1057.3,387423
2021-06-24 09:43:38,1057.3,388540
2021-06-24 09:43:40,1057.1,388834
2021-06-24 09:43:40,1057.3,388851
2021-06-24 09:43:41,1057.3,388851
2021-06-24 09:43:42,1057.05,388871
2021-06-24 09:43:43,1057.05,388871
2021-06-24 09:43:44,1057.05,388951
2021-06-24 09:43:45,1057.05,388951
2021-06-24 09:43:46,1057.65,389604
2021-06-24 09:43:47,1057.65,389846
2021-06-24 09:43:49,1057.7,389870
2021-06-24 09:43:50,1057.7,390063
2021-06-24 09:43:50,1057.7,390097
2021-06-24 09:43:52,1058.2,390365
2021-06-24 09:43:53,1058.25,390574
2021-06-24 09:43:54,1058.25,390582
2021-06-24 09:43:55,1058.25,390592
2021-06-24 09:43:56,1058.25,390592
2021-06-24 09:43:57,1058.25,390592
2021-06-24 09:43:58,1057.7,390667
2021-06-24 09:43:59,1058.0,390687
2021-06-24 09:44:00,1058.0,390687
2021-06-24 09:44:01,1058.0,390687
2021-06-24 09:44:02,1057.65,390696
2021-06-24 09:44:03,1057.85,390808
2021-06-24 09:44:04,1057.85,390865
2021-06-24 09:44:06,1058.0,391539
2021-06-24 09:44:06,1057.85,391562
2021-06-24 09:44:07,1058.0,391685
2021-06-24 09:44:08,1058.25,391961
2021-06-24 09:44:09,1058.3,392261
2021-06-24 09:44:12,1058.35,393116
2021-06-24 09:44:14,1058.35,393356
2021-06-24 09:44:14,1057.7,393380
2021-06-24 09:44:16,1058.25,393385
2021-06-24 09:44:17,1058.25,393385
2021-06-24 09:44:18,1058.0,393535
2021-06-24 09:44:19,1057.85,393784
2021-06-24 09:44:20,1058.05,393950
2021-06-24 09:44:21,1058.05,394038
2021-06-24 09:44:23,1057.75,394074
2021-06-24 09:44:23,1057.75,394074
2021-06-24 09:44:24,1057.75,394074
2021-06-24 09:44:25,1057.65,394084
2021-06-24 09:44:26,1058.05,394092
2021-06-24 09:44:27,1058.2,394458
2021-06-24 09:44:28,1058.5,394571
2021-06-24 09:44:29,1058.5,394571
2021-06-24 09:44:30,1058.5,394571
2021-06-24 09:44:31,1058.5,394571
2021-06-24 09:44:33,1058.5,394578
2021-06-24 09:44:33,1058.5,394578
2021-06-24 09:44:34,1058.5,394701
2021-06-24 09:44:35,1058.05,394774
2021-06-24 09:44:36,1058.0,394810
2021-06-24 09:44:37,1058.0,394939
2021-06-24 09:44:38,1057.65,394965
2021-06-24 09:44:39,1058.1,394991
2021-06-24 09:44:40,1058.1,394991
2021-06-24 09:44:41,1058.1,394991
2021-06-24 09:44:42,1058.1,394991
2021-06-24 09:44:43,1058.0,394993
2021-06-24 09:44:44,1058.3,394999
2021-06-24 09:44:45,1058.25,395069
2021-06-24 09:44:47,1057.95,395138
2021-06-24 09:44:48,1057.95,395193
2021-06-24 09:44:49,1058.0,395340
2021-06-24 09:44:51,1058.0,395785
2021-06-24 09:44:51,1058.0,395860
2021-06-24 09:44:52,1058.2,396131
2021-06-24 09:44:54,1058.15,396302
2021-06-24 09:44:55,1058.15,396636
2021-06-24 09:44:56,1057.7,396692
2021-06-24 09:44:57,1057.7,396692
2021-06-24 09:44:58,1057.7,396692
2021-06-24 09:44:59,1057.7,396692
2021-06-24 09:45:00,1058.5,396815
2021-06-24 09:45:01,1058.55,397093
2021-06-24 09:45:02,1058.6,397140
2021-06-24 09:45:03,1058.5,397315
2021-06-24 09:45:05,1058.15,397346
2021-06-24 09:45:05,1058.15,397346
2021-06-24 09:45:06,1058.15,397346
2021-06-24 09:45:07,1058.15,397346
2021-06-24 09:45:08,1058.35,397448
2021-06-24 09:45:10,1058.05,397466
2021-06-24 09:45:10,1058.05,397466
2021-06-24 09:45:11,1058.05,397466
2021-06-24 09:45:12,1058.5,398066
2021-06-24 09:45:13,1058.1,398172
2021-06-24 09:45:14,1058.1,398172
2021-06-24 09:45:15,1058.1,398172
2021-06-24 09:45:16,1058.75,398244
2021-06-24 09:45:17,1058.0,398449
2021-06-24 09:45:18,1058.0,398491
2021-06-24 09:45:19,1058.0,398491
2021-06-24 09:45:20,1058.0,398491
2021-06-24 09:45:21,1058.0,398491
2021-06-24 09:45:22,1058.0,398491
2021-06-24 09:45:23,1058.0,398491
2021-06-24 09:45:24,1058.0,398491
2021-06-24 09:45:25,1058.25,398503
2021-06-24 09:45:26,1058.75,399610
2021-06-24 09:45:27,1058.25,399732
2021-06-24 09:45:28,1058.25,399732
2021-06-24 09:45:30,1058.25,399732
2021-06-24 09:45:31,1058.25,399732
2021-06-24 09:45:32,1058.25,399733
2021-06-24 09:45:33,1058.25,399733
2021-06-24 09:45:34,1058.15,399734
2021-06-24 09:45:35,1058.25,399800
2021-06-24 09:45:35,1058.15,399803
2021-06-24 09:45:36,1058.15,399803
2021-06-24 09:45:37,1058.15,399803
2021-06-24 09:45:38,1058.15,399803
2021-06-24 09:45:39,1057.85,400303
2021-06-24 09:45:40,1058.3,400492
2021-06-24 09:45:41,1057.8,400509
2021-06-24 09:45:43,1058.3,400510
2021-06-24 09:45:43,1058.3,400514
2021-06-24 09:45:45,1058.3,400514
2021-06-24 09:45:46,1058.3,400514
2021-06-24 09:45:47,1058.3,400514
2021-06-24 09:45:47,1058.3,400514
2021-06-24 09:45:48,1058.2,400785
2021-06-24 09:45:49,1058.0,400808
2021-06-24 09:45:50,1058.2,400858
2021-06-24 09:45:51,1058.2,400858
2021-06-24 09:45:53,1058.05,400859
2021-06-24 09:45:53,1058.3,400860
2021-06-24 09:45:54,1058.05,400953
2021-06-24 09:45:55,1058.3,401074
2021-06-24 09:45:56,1058.05,401092
2021-06-24 09:45:58,1058.05,401092
2021-06-24 09:45:59,1058.3,401095
2021-06-24 09:46:00,1058.3,401100
2021-06-24 09:46:00,1058.3,401100
2021-06-24 09:46:01,1058.3,401100
2021-06-24 09:46:04,1058.3,401100
2021-06-24 09:46:05,1058.05,401105
2021-06-24 09:46:06,1058.05,401105
2021-06-24 09:46:07,1058.3,401130
2021-06-24 09:46:08,1058.05,401149
2021-06-24 09:46:09,1058.05,401159
2021-06-24 09:46:11,1058.05,401866
2021-06-24 09:46:12,1057.65,401900
2021-06-24 09:46:12,1057.85,401904
2021-06-24 09:46:13,1057.85,401904
2021-06-24 09:46:14,1057.75,401976
2021-06-24 09:46:15,1057.65,401986
2021-06-24 09:46:17,1057.65,401986
2021-06-24 09:46:18,1057.65,401986
2021-06-24 09:46:19,1057.65,401986
2021-06-24 09:46:20,1057.75,402081
2021-06-24 09:46:20,1057.85,402316
2021-06-24 09:46:22,1058.0,402407
2021-06-24 09:46:23,1058.25,402897
2021-06-24 09:46:24,1057.7,402993
2021-06-24 09:46:25,1057.7,402993
2021-06-24 09:46:27,1057.7,402993
2021-06-24 09:46:27,1057.7,402993
2021-06-24 09:46:28,1057.7,402993
2021-06-24 09:46:29,1057.7,402993
2021-06-24 09:46:31,1057.7,402993
2021-06-24 09:46:32,1057.7,402993
2021-06-24 09:46:33,1058.0,403004
2021-06-24 09:46:34,1057.8,403096
2021-06-24 09:46:34,1057.8,403114
2021-06-24 09:46:35,1058.05,403237
2021-06-24 09:46:36,1058.1,403543
2021-06-24 09:46:37,1058.1,403663
2021-06-24 09:46:38,1057.7,403743
2021-06-24 09:46:40,1057.7,403756
2021-06-24 09:46:41,1058.05,403856
2021-06-24 09:46:43,1057.7,403863
2021-06-24 09:46:44,1057.95,403875
2021-06-24 09:46:45,1058.15,404075
2021-06-24 09:46:46,1057.65,404110
2021-06-24 09:46:46,1057.65,404110
2021-06-24 09:46:47,1057.65,404110
2021-06-24 09:46:48,1057.65,404110
2021-06-24 09:46:49,1057.65,404110
2021-06-24 09:46:51,1058.0,404493
2021-06-24 09:46:52,1057.5,404987
2021-06-24 09:46:53,1057.5,405146
2021-06-24 09:46:54,1057.1,405295
2021-06-24 09:46:55,1056.6,406265
2021-06-24 09:46:56,1056.6,406672
2021-06-24 09:46:58,1056.6,406869
2021-06-24 09:46:59,1056.6,406940
2021-06-24 09:47:00,1056.6,406940
2021-06-24 09:47:01,1056.6,406940
2021-06-24 09:47:02,1056.6,406940
2021-06-24 09:47:02,1056.6,406940
2021-06-24 09:47:03,1056.6,406940
2021-06-24 09:47:04,1056.8,407864
2021-06-24 09:47:05,1056.6,408034
2021-06-24 09:47:06,1056.6,408454
2021-06-24 09:47:07,1056.6,408529
2021-06-24 09:47:08,1056.8,408580
2021-06-24 09:47:12,1056.15,409287
2021-06-24 09:47:13,1056.15,409287
2021-06-24 09:47:13,1056.15,409287
2021-06-24 09:47:14,1056.15,409287
2021-06-24 09:47:15,1056.15,409287
2021-06-24 09:47:16,1056.15,409287
2021-06-24 09:47:17,1056.5,409306
2021-06-24 09:47:18,1056.5,409306
2021-06-24 09:47:19,1056.1,409323
2021-06-24 09:47:20,1056.1,409323
2021-06-24 09:47:22,1056.2,409374
2021-06-24 09:47:23,1056.2,409415
2021-06-24 09:47:25,1056.2,409538
2021-06-24 09:47:25,1056.5,409622
2021-06-24 09:47:26,1056.2,409669
2021-06-24 09:47:27,1056.2,409686
2021-06-24 09:47:28,1056.5,409692
2021-06-24 09:47:29,1056.1,409744
2021-06-24 09:47:30,1056.0,410089
2021-06-24 09:47:31,1056.0,410261
2021-06-24 09:47:32,1056.1,410339
2021-06-24 09:47:33,1056.3,410381
2021-06-24 09:47:34,1056.2,410504
2021-06-24 09:47:35,1056.2,410665
2021-06-24 09:47:36,1056.2,410741
2021-06-24 09:47:37,1056.2,410776
2021-06-24 09:47:38,1056.0,411288
2021-06-24 09:47:39,1056.0,411551
2021-06-24 09:47:40,1056.0,411781
2021-06-24 09:47:42,1056.5,412017
2021-06-24 09:47:43,1056.25,412115
2021-06-24 09:47:43,1056.25,412159
2021-06-24 09:47:44,1056.55,412173
2021-06-24 09:47:45,1056.25,412187
2021-06-24 09:47:46,1056.1,412202
2021-06-24 09:47:47,1056.2,412207
2021-06-24 09:47:48,1056.2,412209
2021-06-24 09:47:49,1056.2,412210
2021-06-24 09:47:50,1056.2,412210
2021-06-24 09:47:51,1056.0,412310
2021-06-24 09:47:52,1056.1,412362
2021-06-24 09:47:53,1056.4,412379
2021-06-24 09:47:54,1056.4,412385
2021-06-24 09:47:55,1056.2,412397
2021-06-24 09:47:56,1056.55,412401
2021-06-24 09:47:57,1056.4,412407
2021-06-24 09:47:59,1056.35,412409
2021-06-24 09:48:00,1056.35,412410
2021-06-24 09:48:01,1056.35,412410
2021-06-24 09:48:02,1056.35,412410
2021-06-24 09:48:03,1056.3,412739
2021-06-24 09:48:04,1056.1,412909
2021-06-24 09:48:05,1056.1,413081
2021-06-24 09:48:06,1056.25,413173
2021-06-24 09:48:07,1056.4,413217
2021-06-24 09:48:08,1056.95,413231
2021-06-24 09:48:08,1056.95,413236
2021-06-24 09:48:09,1056.95,413238
2021-06-24 09:48:11,1056.95,413240
2021-06-24 09:48:13,1056.35,413276
2021-06-24 09:48:13,1056.85,413288
2021-06-24 09:48:16,1056.35,413383
2021-06-24 09:48:16,1056.85,413395
2021-06-24 09:48:19,1056.85,413400
2021-06-24 09:48:20,1056.9,413401
2021-06-24 09:48:21,1056.9,413401
2021-06-24 09:48:22,1056.9,413401
2021-06-24 09:48:23,1056.9,413401
2021-06-24 09:48:24,1057.4,413514
2021-06-24 09:48:25,1056.8,413577
2021-06-24 09:48:26,1057.4,413598
2021-06-24 09:48:27,1056.8,413615
2021-06-24 09:48:28,1057.4,413621
2021-06-24 09:48:28,1057.4,413623
2021-06-24 09:48:30,1057.4,413623
2021-06-24 09:48:31,1057.4,413623
2021-06-24 09:48:32,1057.4,413623
2021-06-24 09:48:33,1057.4,413623
2021-06-24 09:48:34,1057.4,413623
2021-06-24 09:48:35,1057.4,413623
2021-06-24 09:48:36,1057.8,413723
2021-06-24 09:48:37,1057.3,413777
2021-06-24 09:48:38,1057.8,413795
2021-06-24 09:48:39,1057.8,413802
2021-06-24 09:48:40,1057.3,413814
2021-06-24 09:48:41,1057.9,413818
2021-06-24 09:48:42,1057.9,413822
2021-06-24 09:48:43,1057.9,413823
2021-06-24 09:48:44,1057.9,413823
2021-06-24 09:48:45,1057.9,413823
2021-06-24 09:48:46,1057.75,413878
2021-06-24 09:48:47,1058.05,414168
2021-06-24 09:48:48,1057.6,414181
2021-06-24 09:48:49,1057.6,414186
2021-06-24 09:48:50,1057.6,414188
2021-06-24 09:48:51,1057.6,414189
2021-06-24 09:48:52,1057.6,414189
2021-06-24 09:48:54,1057.6,414189
2021-06-24 09:48:55,1057.6,414194
2021-06-24 09:48:56,1057.6,414196
2021-06-24 09:48:57,1057.6,414207
2021-06-24 09:48:58,1057.6,414210
2021-06-24 09:48:59,1057.6,414217
2021-06-24 09:49:00,1057.9,414225
2021-06-24 09:49:00,1057.9,414227
2021-06-24 09:49:01,1057.9,414228
2021-06-24 09:49:02,1057.9,414228
2021-06-24 09:49:03,1057.9,414233
2021-06-24 09:49:04,1057.9,414235
2021-06-24 09:49:05,1057.9,414236
2021-06-24 09:49:07,1057.9,414236
2021-06-24 09:49:07,1057.9,414248
2021-06-24 09:49:09,1057.9,414252
2021-06-24 09:49:10,1057.9,414253
2021-06-24 09:49:11,1057.9,414254
2021-06-24 09:49:12,1057.9,414254
2021-06-24 09:49:13,1058.0,414350
2021-06-24 09:49:14,1058.0,414373
2021-06-24 09:49:15,1058.0,414373
2021-06-24 09:49:16,1058.0,414391
2021-06-24 09:49:16,1058.0,414483
2021-06-24 09:49:18,1058.0,414499
2021-06-24 09:49:19,1058.0,414499
2021-06-24 09:49:20,1058.0,414499
2021-06-24 09:49:21,1058.0,414499
2021-06-24 09:49:22,1058.0,414500
2021-06-24 09:49:23,1058.0,414500
2021-06-24 09:49:24,1058.0,414500
2021-06-24 09:49:25,1058.0,414912
2021-06-24 09:49:25,1058.35,414850
2021-06-24 09:49:26,1058.0,414912
2021-06-24 09:49:27,1058.0,414912
2021-06-24 09:49:28,1058.0,414948
2021-06-24 09:49:29,1058.2,414956
2021-06-24 09:49:31,1058.2,414969
2021-06-24 09:49:32,1058.05,415373
2021-06-24 09:49:33,1058.0,415492
2021-06-24 09:49:34,1058.0,415532
2021-06-24 09:49:35,1057.7,415561
2021-06-24 09:49:36,1058.0,415570
2021-06-24 09:49:37,1058.0,415573
2021-06-24 09:49:37,1057.6,415667
2021-06-24 09:49:39,1057.6,415719
2021-06-24 09:49:39,1057.95,415737
2021-06-24 09:49:41,1057.1,417087
2021-06-24 09:49:42,1056.95,417656
2021-06-24 09:49:43,1056.7,417960
2021-06-24 09:49:44,1056.75,418104
2021-06-24 09:49:45,1056.7,418169
2021-06-24 09:49:45,1056.7,418203
2021-06-24 09:49:46,1057.2,418214
2021-06-24 09:49:47,1057.2,418226
2021-06-24 09:49:48,1057.15,418230
2021-06-24 09:49:49,1057.1,418231
2021-06-24 09:49:51,1056.7,418430
2021-06-24 09:49:52,1056.7,418518
2021-06-24 09:49:53,1056.6,418558
2021-06-24 09:49:54,1056.7,418724
2021-06-24 09:49:54,1057.1,418681
2021-06-24 09:49:55,1057.05,418764
2021-06-24 09:49:57,1056.55,418787
2021-06-24 09:49:58,1057.0,418795
2021-06-24 09:49:59,1056.5,418820
2021-06-24 09:50:00,1056.95,418928
2021-06-24 09:50:01,1056.5,418991
2021-06-24 09:50:01,1057.0,419011
2021-06-24 09:50:02,1056.5,419028
2021-06-24 09:50:03,1056.95,419035
2021-06-24 09:50:04,1057.0,419066
2021-06-24 09:50:06,1057.0,419228
2021-06-24 09:50:06,1056.55,419319
2021-06-24 09:50:08,1057.05,419349
2021-06-24 09:50:09,1056.55,419373
2021-06-24 09:50:10,1056.85,419381
2021-06-24 09:50:11,1056.85,419416
2021-06-24 09:50:12,1056.85,419437
2021-06-24 09:50:13,1057.1,419444
2021-06-24 09:50:14,1057.1,419446
2021-06-24 09:50:15,1057.1,419447
2021-06-24 09:50:16,1056.95,419448
2021-06-24 09:50:17,1057.1,419449
2021-06-24 09:50:18,1057.15,419549
2021-06-24 09:50:19,1056.85,419703
2021-06-24 09:50:20,1056.7,419778
2021-06-24 09:50:22,1057.0,419824
2021-06-24 09:50:23,1057.4,419831
2021-06-24 09:50:24,1056.95,420009
2021-06-24 09:50:25,1056.55,420083
2021-06-24 09:50:26,1056.55,420317
2021-06-24 09:50:27,1056.5,420445
2021-06-24 09:50:28,1056.5,420537
2021-06-24 09:50:29,1056.5,420585
2021-06-24 09:50:30,1056.85,420601
2021-06-24 09:50:31,1056.5,420626
2021-06-24 09:50:32,1056.5,420648
2021-06-24 09:50:33,1056.85,420656
2021-06-24 09:50:34,1056.85,420658
2021-06-24 09:50:34,1056.85,420659
2021-06-24 09:50:36,1056.85,420659
2021-06-24 09:50:37,1056.85,420659
2021-06-24 09:50:38,1056.5,420660
2021-06-24 09:50:39,1056.85,420661
2021-06-24 09:50:40,1056.85,420661
2021-06-24 09:50:41,1056.85,420661
2021-06-24 09:50:42,1056.85,420686
2021-06-24 09:50:43,1056.85,420694
2021-06-24 09:50:44,1056.55,420707
2021-06-24 09:50:44,1056.5,420723
2021-06-24 09:50:45,1056.85,420729
2021-06-24 09:50:46,1056.85,420730
2021-06-24 09:50:49,1056.85,420731
2021-06-24 09:50:50,1056.85,420731
2021-06-24 09:50:51,1056.85,420731
2021-06-24 09:50:53,1056.85,420828
2021-06-24 09:50:55,1056.85,420919
2021-06-24 09:50:57,1057.0,421044
2021-06-24 09:50:58,1057.0,421058
2021-06-24 09:50:59,1057.0,421063
2021-06-24 09:51:00,1056.85,421145
2021-06-24 09:51:01,1057.0,421209
2021-06-24 09:51:02,1056.95,421291
2021-06-24 09:51:03,1056.85,421330
2021-06-24 09:51:04,1056.85,421415
2021-06-24 09:51:05,1056.85,421463
2021-06-24 09:51:06,1057.0,421479
2021-06-24 09:51:07,1057.0,421484
2021-06-24 09:51:08,1057.0,421486
2021-06-24 09:51:09,1057.0,421488
2021-06-24 09:51:10,1057.0,421561
2021-06-24 09:51:11,1057.0,421710
2021-06-24 09:51:12,1056.85,421782
2021-06-24 09:51:13,1057.0,421806
2021-06-24 09:51:14,1056.85,421837
2021-06-24 09:51:15,1057.0,421847
2021-06-24 09:51:16,1056.95,421850
2021-06-24 09:51:17,1056.95,421851
2021-06-24 09:51:18,1056.95,421856
2021-06-24 09:51:19,1056.95,421857
2021-06-24 09:51:20,1056.95,421858
2021-06-24 09:51:21,1056.85,421878
2021-06-24 09:51:22,1056.85,421895
2021-06-24 09:51:23,1056.95,421900
2021-06-24 09:51:24,1056.95,421902
2021-06-24 09:51:24,1056.95,421903
2021-06-24 09:51:26,1056.95,421903
2021-06-24 09:51:28,1056.85,422380
2021-06-24 09:51:29,1056.85,422453
2021-06-24 09:51:30,1056.5,422539
2021-06-24 09:51:31,1056.8,422582
2021-06-24 09:51:32,1056.8,422596
2021-06-24 09:51:33,1056.8,422601
2021-06-24 09:51:34,1056.5,422604
2021-06-24 09:51:35,1056.8,422615
2021-06-24 09:51:36,1056.8,422634
2021-06-24 09:51:37,1056.8,422640
2021-06-24 09:51:38,1056.8,422662
2021-06-24 09:51:39,1056.8,422761
2021-06-24 09:51:39,1056.5,422908
2021-06-24 09:51:40,1056.8,423004
2021-06-24 09:51:42,1056.8,423050
2021-06-24 09:51:43,1056.5,423078
2021-06-24 09:51:44,1056.85,423103
2021-06-24 09:51:45,1056.85,423111
2021-06-24 09:51:46,1056.75,423114
2021-06-24 09:51:48,1056.8,423348
2021-06-24 09:51:49,1056.85,423375
2021-06-24 09:51:49,1056.8,423398
2021-06-24 09:51:50,1056.8,423407
2021-06-24 09:51:52,1056.85,423513
2021-06-24 09:51:53,1056.8,423570
2021-06-24 09:51:54,1056.8,424066
2021-06-24 09:51:55,1056.5,424428
2021-06-24 09:51:56,1056.5,424595
2021-06-24 09:51:57,1056.85,424683
2021-06-24 09:51:59,1056.7,424737
2021-06-24 09:52:00,1056.7,424741
2021-06-24 09:52:01,1056.5,424753
2021-06-24 09:52:03,1056.7,424773
2021-06-24 09:52:05,1056.7,424773
2021-06-24 09:52:05,1056.7,424773
2021-06-24 09:52:07,1056.7,424773
2021-06-24 09:52:07,1056.5,424793
2021-06-24 09:52:09,1056.7,424800
2021-06-24 09:52:10,1056.5,425107
2021-06-24 09:52:11,1056.7,425368
2021-06-24 09:52:12,1056.5,425595
2021-06-24 09:52:13,1056.5,425704
2021-06-24 09:52:14,1056.7,425793
2021-06-24 09:52:15,1056.5,425835
2021-06-24 09:52:16,1056.5,425874
2021-06-24 09:52:18,1056.5,425911
2021-06-24 09:52:19,1056.75,425943
2021-06-24 09:52:20,1056.75,426061
2021-06-24 09:52:21,1056.8,426465
2021-06-24 09:52:22,1056.75,426731
2021-06-24 09:52:23,1056.5,427123
2021-06-24 09:52:24,1056.55,427467
2021-06-24 09:52:25,1056.1,427759
2021-06-24 09:52:26,1056.05,428473
2021-06-24 09:52:27,1056.5,429427
2021-06-24 09:52:28,1056.05,429815
2021-06-24 09:52:29,1056.05,429963
2021-06-24 09:52:30,1056.05,433555
2021-06-24 09:52:31,1056.05,435775
2021-06-24 09:52:32,1056.05,437576
2021-06-24 09:52:33,1056.35,438525
2021-06-24 09:52:34,1055.85,439112
2021-06-24 09:52:35,1055.9,439523
2021-06-24 09:52:36,1055.95,439762
2021-06-24 09:52:37,1055.95,439850
2021-06-24 09:52:38,1055.5,440006
2021-06-24 09:52:39,1055.45,440105
2021-06-24 09:52:40,1055.95,440271
2021-06-24 09:52:41,1056.0,440417
2021-06-24 09:52:42,1056.0,440570
2021-06-24 09:52:43,1056.0,440636
2021-06-24 09:52:44,1056.05,440816
2021-06-24 09:52:45,1056.0,440923
2021-06-24 09:52:46,1056.0,441070
2021-06-24 09:52:47,1056.1,441411
2021-06-24 09:52:48,1055.6,441594
2021-06-24 09:52:49,1056.1,441683
2021-06-24 09:52:50,1056.4,441794
2021-06-24 09:52:51,1056.35,442059
2021-06-24 09:52:52,1056.3,442281
2021-06-24 09:52:53,1056.3,442424
2021-06-24 09:52:54,1056.3,442590
2021-06-24 09:52:55,1056.45,442780
2021-06-24 09:52:56,1056.45,442879
2021-06-24 09:52:57,1056.35,444588
2021-06-24 09:52:58,1056.3,445856
2021-06-24 09:52:59,1055.8,446590
2021-06-24 09:53:00,1056.0,447271
2021-06-24 09:53:01,1056.0,447840
2021-06-24 09:53:03,1056.0,448403
2021-06-24 09:53:04,1056.2,449232
2021-06-24 09:53:05,1056.0,449596
2021-06-24 09:53:06,1055.35,449924
2021-06-24 09:53:07,1056.0,450683
2021-06-24 09:53:08,1056.1,450964
2021-06-24 09:53:11,1056.0,451867
2021-06-24 09:53:12,1056.45,451978
2021-06-24 09:53:13,1056.3,452381
2021-06-24 09:53:16,1056.85,453151
2021-06-24 09:53:17,1056.85,453473
2021-06-24 09:53:18,1056.8,453644
2021-06-24 09:53:19,1056.85,453728
2021-06-24 09:53:20,1057.0,454009
2021-06-24 09:53:21,1056.75,454196
2021-06-24 09:53:22,1056.75,454335
2021-06-24 09:53:23,1056.75,454408
2021-06-24 09:53:24,1056.95,454437
2021-06-24 09:53:25,1056.75,454461
2021-06-24 09:53:26,1057.35,454730
2021-06-24 09:53:27,1056.75,454879
2021-06-24 09:53:28,1056.95,454987
2021-06-24 09:53:29,1056.4,455141
2021-06-24 09:53:30,1057.1,455232
2021-06-24 09:53:31,1056.95,455278
2021-06-24 09:53:32,1057.3,455295
2021-06-24 09:53:33,1057.45,455301
2021-06-24 09:53:34,1057.1,455313
2021-06-24 09:53:35,1057.75,455318
2021-06-24 09:53:36,1057.8,455319
2021-06-24 09:53:37,1057.3,455391
2021-06-24 09:53:38,1057.3,455431
2021-06-24 09:53:39,1057.75,455446
2021-06-24 09:53:40,1057.8,455452
2021-06-24 09:53:41,1057.3,455459
2021-06-24 09:53:42,1057.75,455473
2021-06-24 09:53:43,1057.65,455478
2021-06-24 09:53:44,1057.65,455480
2021-06-24 09:53:45,1057.65,455480
2021-06-24 09:53:46,1057.65,455480
2021-06-24 09:53:47,1057.65,455480
2021-06-24 09:53:48,1057.65,455481
2021-06-24 09:53:49,1057.65,455494
2021-06-24 09:53:50,1057.65,455499
2021-06-24 09:53:52,1057.05,456445
2021-06-24 09:53:53,1057.0,456610
2021-06-24 09:53:54,1057.0,456693
2021-06-24 09:53:55,1057.45,456755
2021-06-24 09:53:56,1057.55,456778
2021-06-24 09:53:57,1057.05,456800
2021-06-24 09:53:58,1056.75,458928
2021-06-24 09:53:59,1057.0,460590
2021-06-24 09:54:00,1057.0,461576
2021-06-24 09:54:01,1056.7,462187
2021-06-24 09:54:02,1057.0,462497
2021-06-24 09:54:03,1057.0,462742
2021-06-24 09:54:04,1057.0,462868
2021-06-24 09:54:05,1057.45,462932
2021-06-24 09:54:06,1057.45,462956
2021-06-24 09:54:07,1057.2,462977
2021-06-24 09:54:08,1057.1,462990
2021-06-24 09:54:09,1057.45,462995
2021-06-24 09:54:10,1057.1,463006
2021-06-24 09:54:11,1057.1,463015
2021-06-24 09:54:12,1057.45,463028
2021-06-24 09:54:13,1057.15,463043
2021-06-24 09:54:14,1057.45,463052
2021-06-24 09:54:15,1057.45,463055
2021-06-24 09:54:16,1057.45,463056
2021-06-24 09:54:17,1057.45,463056
2021-06-24 09:54:18,1057.45,463056
2021-06-24 09:54:19,1057.45,463056
2021-06-24 09:54:20,1057.1,463071
2021-06-24 09:54:21,1057.1,463156
2021-06-24 09:54:22,1057.45,463233
2021-06-24 09:54:23,1057.1,463272
2021-06-24 09:54:24,1057.45,463286
2021-06-24 09:54:25,1057.45,463292
2021-06-24 09:54:26,1057.55,463338
2021-06-24 09:54:27,1057.15,463372
2021-06-24 09:54:29,1057.15,464872
2021-06-24 09:54:30,1057.85,465685
2021-06-24 09:54:31,1057.75,466493
2021-06-24 09:54:32,1058.0,467019
2021-06-24 09:54:33,1058.0,467360
2021-06-24 09:54:35,1058.3,467456
2021-06-24 09:54:36,1058.0,467547
2021-06-24 09:54:38,1057.6,467592
2021-06-24 09:54:38,1057.6,467592
2021-06-24 09:54:39,1058.05,467593
2021-06-24 09:54:40,1058.05,467593
2021-06-24 09:54:41,1058.05,467593
2021-06-24 09:54:42,1057.85,467726
2021-06-24 09:54:43,1057.85,467803
2021-06-24 09:54:44,1057.95,467846
2021-06-24 09:54:45,1058.2,467863
2021-06-24 09:54:46,1058.2,467863
2021-06-24 09:54:47,1058.2,468082
2021-06-24 09:54:48,1058.2,468082
2021-06-24 09:54:49,1058.2,468082
2021-06-24 09:54:50,1058.2,468082
2021-06-24 09:54:51,1058.2,468082
2021-06-24 09:54:52,1057.95,468107
2021-06-24 09:54:53,1058.0,468117
2021-06-24 09:54:55,1058.0,468120
2021-06-24 09:54:55,1058.0,468122
2021-06-24 09:54:56,1057.95,468350
2021-06-24 09:54:57,1057.95,468435
2021-06-24 09:54:58,1057.85,468467
2021-06-24 09:54:59,1057.85,468492
2021-06-24 09:55:00,1057.95,468501
2021-06-24 09:55:01,1057.95,468504
2021-06-24 09:55:02,1057.9,468686
2021-06-24 09:55:03,1057.75,469056
2021-06-24 09:55:04,1057.85,469352
2021-06-24 09:55:05,1057.85,469603
2021-06-24 09:55:06,1057.95,469787
2021-06-24 09:55:07,1057.95,469903
2021-06-24 09:55:08,1057.95,469946
2021-06-24 09:55:09,1057.8,469965
2021-06-24 09:55:11,1057.3,470047
2021-06-24 09:55:12,1057.8,470097
2021-06-24 09:55:13,1057.3,470127
2021-06-24 09:55:14,1057.3,470312
2021-06-24 09:55:15,1057.15,470409
2021-06-24 09:55:16,1057.05,470455
2021-06-24 09:55:17,1057.7,470772
2021-06-24 09:55:18,1057.1,470952
2021-06-24 09:55:19,1057.1,471039
2021-06-24 09:55:20,1057.1,471084
2021-06-24 09:55:21,1057.6,471100
2021-06-24 09:55:22,1057.6,471106
2021-06-24 09:55:23,1057.05,471118
2021-06-24 09:55:24,1057.6,471123
2021-06-24 09:55:25,1057.6,471125
2021-06-24 09:55:26,1057.6,471125
2021-06-24 09:55:27,1057.6,471125
2021-06-24 09:55:28,1057.6,471125
2021-06-24 09:55:29,1057.1,471155
2021-06-24 09:55:30,1057.6,471166
2021-06-24 09:55:31,1057.6,471171
2021-06-24 09:55:32,1057.6,471182
2021-06-24 09:55:33,1057.35,471208
2021-06-24 09:55:34,1057.35,471268
2021-06-24 09:55:35,1057.05,471304
2021-06-24 09:55:36,1057.35,471318
2021-06-24 09:55:37,1056.75,471940
2021-06-24 09:55:38,1056.45,472453
2021-06-24 09:55:39,1057.05,472776
2021-06-24 09:55:40,1056.1,473539
2021-06-24 09:55:41,1056.75,473821
2021-06-24 09:55:42,1056.45,473975
2021-06-24 09:55:44,1056.45,474289
2021-06-24 09:55:44,1056.7,474186
2021-06-24 09:55:45,1056.35,474340
2021-06-24 09:55:46,1056.7,474359
2021-06-24 09:55:47,1056.7,474469
2021-06-24 09:55:48,1056.35,474668
2021-06-24 09:55:49,1056.7,474770
2021-06-24 09:55:50,1056.7,474826
2021-06-24 09:55:51,1056.75,475061
2021-06-24 09:55:52,1056.2,475197
2021-06-24 09:55:53,1056.75,475299
2021-06-24 09:55:54,1056.75,475403
2021-06-24 09:55:55,1056.75,475594
2021-06-24 09:55:56,1056.7,475717
2021-06-24 09:55:57,1056.35,475778
2021-06-24 09:55:58,1057.05,475801
2021-06-24 09:56:00,1056.9,475821
2021-06-24 09:56:00,1057.05,475829
2021-06-24 09:56:01,1057.05,475833
2021-06-24 09:56:02,1057.05,475834
2021-06-24 09:56:03,1057.05,475835
2021-06-24 09:56:04,1057.05,475835
2021-06-24 09:56:05,1057.05,475835
2021-06-24 09:56:06,1056.9,475836
2021-06-24 09:56:07,1056.9,475906
2021-06-24 09:56:08,1057.05,475970
2021-06-24 09:56:09,1057.35,476194
2021-06-24 09:56:10,1057.35,476447
2021-06-24 09:56:11,1056.95,477958
2021-06-24 09:56:12,1057.2,478847
2021-06-24 09:56:13,1057.5,479357
2021-06-24 09:56:14,1057.2,479670
2021-06-24 09:56:15,1057.0,479828
2021-06-24 09:56:16,1057.5,479944
2021-06-24 09:56:17,1057.2,481481
2021-06-24 09:56:18,1057.7,482449
2021-06-24 09:56:20,1057.0,483037
2021-06-24 09:56:20,1057.6,483408
2021-06-24 09:56:21,1057.2,483596
2021-06-24 09:56:23,1057.6,483742
2021-06-24 09:56:24,1057.2,483784
2021-06-24 09:56:25,1057.5,483961
2021-06-24 09:56:27,1057.2,484029
2021-06-24 09:56:27,1057.0,484129
2021-06-24 09:56:28,1056.95,484190
2021-06-24 09:56:29,1057.5,484233
2021-06-24 09:56:30,1057.5,484381
2021-06-24 09:56:31,1057.2,484459
2021-06-24 09:56:32,1057.5,484498
2021-06-24 09:56:33,1057.7,484512
2021-06-24 09:56:34,1057.5,484518
2021-06-24 09:56:35,1057.5,484534
2021-06-24 09:56:36,1057.95,484558
2021-06-24 09:56:37,1057.95,484567
2021-06-24 09:56:38,1057.95,484570
2021-06-24 09:56:39,1057.95,484571
2021-06-24 09:56:40,1057.95,484572
2021-06-24 09:56:42,1057.5,484654
2021-06-24 09:56:43,1058.0,484666
2021-06-24 09:56:44,1057.25,484762
2021-06-24 09:56:46,1057.9,484806
2021-06-24 09:56:47,1057.9,484822
2021-06-24 09:56:48,1058.0,485778
2021-06-24 09:56:48,1057.4,486269
2021-06-24 09:56:49,1057.45,486457
2021-06-24 09:56:50,1057.45,486571
2021-06-24 09:56:52,1058.0,486709
2021-06-24 09:56:53,1058.05,486732
2021-06-24 09:56:54,1058.05,486732
2021-06-24 09:56:55,1058.05,486732
2021-06-24 09:56:56,1058.05,486732
2021-06-24 09:56:57,1058.0,486941
2021-06-24 09:56:57,1058.0,487018
2021-06-24 09:56:58,1057.95,487200
2021-06-24 09:56:59,1058.0,487447
2021-06-24 09:57:00,1057.55,487616
2021-06-24 09:57:01,1058.0,487673
2021-06-24 09:57:02,1057.45,488420
2021-06-24 09:57:04,1057.95,489131
2021-06-24 09:57:05,1058.0,489381
2021-06-24 09:57:07,1058.0,489708
2021-06-24 09:57:07,1058.0,489708
2021-06-24 09:57:08,1058.0,489708
2021-06-24 09:57:09,1058.0,489708
2021-06-24 09:57:10,1058.0,489708
2021-06-24 09:57:12,1058.0,489708
2021-06-24 09:57:13,1058.0,490992
2021-06-24 09:57:14,1058.0,491024
2021-06-24 09:57:15,1058.0,491038
2021-06-24 09:57:16,1057.8,491638
2021-06-24 09:57:17,1058.0,491862
2021-06-24 09:57:18,1058.05,492379
2021-06-24 09:57:20,1058.0,492558
2021-06-24 09:57:21,1058.6,492758
2021-06-24 09:57:22,1058.1,492790
2021-06-24 09:57:23,1058.1,492790
2021-06-24 09:57:24,1058.55,492791
2021-06-24 09:57:24,1058.55,492791
2021-06-24 09:57:25,1058.55,492818
2021-06-24 09:57:26,1058.55,492818
2021-06-24 09:57:28,1058.1,492821
2021-06-24 09:57:29,1058.1,492821
2021-06-24 09:57:30,1058.1,492821
2021-06-24 09:57:30,1058.1,492821
2021-06-24 09:57:31,1058.1,492825
2021-06-24 09:57:32,1058.75,492925
2021-06-24 09:57:33,1058.1,492949
2021-06-24 09:57:34,1058.1,492949
2021-06-24 09:57:35,1058.1,492949
2021-06-24 09:57:37,1058.1,492949
2021-06-24 09:57:38,1058.1,492949
2021-06-24 09:57:40,1058.4,492950
2021-06-24 09:57:41,1058.4,492950
2021-06-24 09:57:41,1058.4,492950
2021-06-24 09:57:42,1058.25,492975
2021-06-24 09:57:43,1058.25,492975
2021-06-24 09:57:44,1058.25,492975
2021-06-24 09:57:45,1058.25,492975
2021-06-24 09:57:46,1058.4,492978
2021-06-24 09:57:47,1058.4,492978
2021-06-24 09:57:48,1058.4,492978
2021-06-24 09:57:50,1058.4,492978
2021-06-24 09:57:51,1058.85,493399
2021-06-24 09:57:51,1058.5,493478
2021-06-24 09:57:52,1058.5,493478
2021-06-24 09:57:53,1058.5,493478
2021-06-24 09:57:54,1058.5,493478
2021-06-24 09:57:56,1058.5,493480
2021-06-24 09:57:57,1058.5,493480
2021-06-24 09:57:58,1058.8,493488
2021-06-24 09:57:58,1058.8,493488
2021-06-24 09:58:00,1058.5,493584
2021-06-24 09:58:01,1058.5,493584
2021-06-24 09:58:03,1058.5,493584
2021-06-24 09:58:04,1058.85,493684
2021-06-24 09:58:04,1058.5,493702
2021-06-24 09:58:05,1058.5,493702
2021-06-24 09:58:06,1058.85,493704
2021-06-24 09:58:07,1058.55,493730
2021-06-24 09:58:09,1058.55,493730
2021-06-24 09:58:10,1058.55,493730
2021-06-24 09:58:11,1058.85,493731
2021-06-24 09:58:13,1058.85,493731
2021-06-24 09:58:13,1058.85,493731
2021-06-24 09:58:14,1058.5,493776
2021-06-24 09:58:15,1058.7,493989
2021-06-24 09:58:16,1058.95,494200
2021-06-24 09:58:18,1058.5,494231
2021-06-24 09:58:19,1058.5,494231
2021-06-24 09:58:20,1058.5,494231
2021-06-24 09:58:20,1058.5,494231
2021-06-24 09:58:21,1058.5,494231
2021-06-24 09:58:22,1058.9,494246
2021-06-24 09:58:23,1058.9,494248
2021-06-24 09:58:24,1057.25,495305
2021-06-24 09:58:26,1057.85,495914
2021-06-24 09:58:27,1057.25,496329
2021-06-24 09:58:27,1057.35,496543
2021-06-24 09:58:28,1057.85,496734
2021-06-24 09:58:29,1057.3,496962
2021-06-24 09:58:31,1057.85,497131
2021-06-24 09:58:32,1057.5,497328
2021-06-24 09:58:32,1057.85,497236
2021-06-24 09:58:34,1057.1,497820
2021-06-24 09:58:35,1057.5,497958
2021-06-24 09:58:36,1057.5,498025
2021-06-24 09:58:37,1057.3,498103
2021-06-24 09:58:39,1057.8,498269
2021-06-24 09:58:40,1057.8,498358
2021-06-24 09:58:41,1057.35,498402
2021-06-24 09:58:42,1057.8,498654
2021-06-24 09:58:44,1058.75,499150
2021-06-24 09:58:46,1058.1,499165
2021-06-24 09:58:47,1058.1,499165
2021-06-24 09:58:48,1058.1,499165
2021-06-24 09:58:49,1058.65,499212
2021-06-24 09:58:50,1058.65,499212
2021-06-24 09:58:51,1058.65,499212
2021-06-24 09:58:51,1058.65,499212
2021-06-24 09:58:53,1058.8,499242
2021-06-24 09:58:54,1058.4,499256
2021-06-24 09:58:56,1058.3,499306
2021-06-24 09:58:57,1058.3,499306
2021-06-24 09:58:58,1058.2,499307
2021-06-24 09:58:59,1058.45,499309
2021-06-24 09:59:00,1058.45,499309
2021-06-24 09:59:00,1058.45,499339
2021-06-24 09:59:01,1058.45,499354
2021-06-24 09:59:03,1059.05,499934
2021-06-24 09:59:04,1058.8,500095
2021-06-24 09:59:05,1058.8,500270
2021-06-24 09:59:06,1058.8,500389
2021-06-24 09:59:08,1058.9,500549
2021-06-24 09:59:09,1058.9,500632
2021-06-24 09:59:09,1058.9,500666
2021-06-24 09:59:10,1058.95,500732
2021-06-24 09:59:12,1058.65,500755
2021-06-24 09:59:13,1059.0,500804
2021-06-24 09:59:14,1058.85,500865
2021-06-24 09:59:15,1059.1,500889
2021-06-24 09:59:15,1058.85,500902
2021-06-24 09:59:16,1059.15,500947
2021-06-24 09:59:18,1058.85,501077
2021-06-24 09:59:19,1058.85,501108
2021-06-24 09:59:20,1059.2,501138
2021-06-24 09:59:21,1059.2,501168
2021-06-24 09:59:21,1059.2,501188
2021-06-24 09:59:22,1059.2,501338
2021-06-24 09:59:24,1058.85,501376
2021-06-24 09:59:25,1059.15,501416
2021-06-24 09:59:26,1058.5,501496
2021-06-24 09:59:26,1059.05,501486
2021-06-24 09:59:27,1059.0,501506
2021-06-24 09:59:28,1059.0,501516
2021-06-24 09:59:29,1058.8,501536
2021-06-24 09:59:31,1058.85,501576
2021-06-24 09:59:32,1058.8,501880
2021-06-24 09:59:33,1058.8,501971
2021-06-24 09:59:33,1058.8,501971
2021-06-24 09:59:34,1058.65,501991
2021-06-24 09:59:35,1058.65,502032
2021-06-24 09:59:36,1058.65,502082
2021-06-24 09:59:38,1058.8,502138
2021-06-24 09:59:39,1058.8,502198
2021-06-24 09:59:40,1058.8,502248
2021-06-24 09:59:41,1058.8,502323
2021-06-24 09:59:41,1058.8,502299
2021-06-24 09:59:42,1058.65,502353
2021-06-24 09:59:43,1058.65,502393
2021-06-24 09:59:44,1058.75,502456
2021-06-24 09:59:45,1058.6,503788
2021-06-24 09:59:46,1058.6,503810
2021-06-24 09:59:47,1058.6,503830
2021-06-24 09:59:49,1058.6,503852
2021-06-24 09:59:50,1058.6,503852
2021-06-24 09:59:51,1058.4,503863
2021-06-24 09:59:51,1058.4,503863
2021-06-24 09:59:52,1058.4,503863
2021-06-24 09:59:53,1058.4,503863
2021-06-24 09:59:55,1058.4,503863
2021-06-24 09:59:56,1058.4,503904
2021-06-24 09:59:57,1058.4,503904
2021-06-24 09:59:58,1058.4,503904
2021-06-24 09:59:59,1058.05,503914
2021-06-24 09:59:59,1058.05,503914
2021-06-24 10:00:00,1058.4,503915
2021-06-24 10:00:01,1058.35,503923
2021-06-24 10:00:02,1058.05,503924
2021-06-24 10:00:04,1058.0,503985
2021-06-24 10:00:05,1058.0,504008
2021-06-24 10:00:06,1058.0,504044
2021-06-24 10:00:06,1058.0,504057
2021-06-24 10:00:07,1058.0,504064
2021-06-24 10:00:08,1058.0,504296
2021-06-24 10:00:10,1058.05,504343
2021-06-24 10:00:10,1058.05,504343
2021-06-24 10:00:12,1057.8,504363
2021-06-24 10:00:13,1058.05,504372
2021-06-24 10:00:14,1058.2,504518
2021-06-24 10:00:15,1058.2,504549
2021-06-24 10:00:16,1058.2,504549
2021-06-24 10:00:17,1058.2,504549
2021-06-24 10:00:17,1058.2,504549
2021-06-24 10:00:18,1058.2,504549
2021-06-24 10:00:20,1058.0,504553
2021-06-24 10:00:22,1058.0,504553
2021-06-24 10:00:23,1058.4,504563
2021-06-24 10:00:24,1058.4,504566
2021-06-24 10:00:25,1058.4,504594
2021-06-24 10:00:25,1058.4,504594
2021-06-24 10:00:26,1058.4,505087
2021-06-24 10:00:27,1058.4,505203
2021-06-24 10:00:29,1058.4,505203
2021-06-24 10:00:30,1058.4,505225
2021-06-24 10:00:32,1058.4,505225
2021-06-24 10:00:33,1058.1,505250
2021-06-24 10:00:34,1058.1,505348
2021-06-24 10:00:35,1058.1,505348
2021-06-24 10:00:37,1058.1,505348
2021-06-24 10:00:38,1058.05,505356
2021-06-24 10:00:39,1058.05,505356
2021-06-24 10:00:40,1058.05,505356
2021-06-24 10:00:40,1058.05,505356
2021-06-24 10:00:41,1058.05,505356
2021-06-24 10:00:42,1058.05,505356
2021-06-24 10:00:43,1058.05,505356
2021-06-24 10:00:45,1058.05,505356
2021-06-24 10:00:46,1058.05,505385
2021-06-24 10:00:47,1058.0,505885
2021-06-24 10:00:47,1058.0,505978
2021-06-24 10:00:48,1058.0,505978
2021-06-24 10:00:49,1058.0,505978
2021-06-24 10:00:51,1058.0,506028
2021-06-24 10:00:52,1058.05,506078
2021-06-24 10:00:53,1058.0,506095
2021-06-24 10:00:54,1058.05,506097
2021-06-24 10:00:55,1058.05,506097
2021-06-24 10:00:56,1058.05,506347
2021-06-24 10:00:56,1058.0,506394
2021-06-24 10:00:57,1058.05,506400
2021-06-24 10:00:59,1058.05,506400
2021-06-24 10:01:00,1058.05,506400
2021-06-24 10:01:01,1058.05,506400
2021-06-24 10:01:02,1058.05,506400
2021-06-24 10:01:03,1058.05,506400
2021-06-24 10:01:03,1058.05,506400
2021-06-24 10:01:04,1058.05,506400
2021-06-24 10:01:05,1058.05,506427
2021-06-24 10:01:07,1058.05,506527
2021-06-24 10:01:08,1058.05,506551
2021-06-24 10:01:10,1058.05,506769
2021-06-24 10:01:10,1058.05,506837
2021-06-24 10:01:12,1058.35,506937
2021-06-24 10:01:13,1058.55,507063
2021-06-24 10:01:14,1058.55,507181
2021-06-24 10:01:15,1058.2,507316
2021-06-24 10:01:15,1058.55,507298
2021-06-24 10:01:16,1058.2,507376
2021-06-24 10:01:18,1058.55,507537
2021-06-24 10:01:19,1058.55,507657
2021-06-24 10:01:20,1058.65,507774
2021-06-24 10:01:21,1058.6,507841
2021-06-24 10:01:21,1058.65,507891
2021-06-24 10:01:23,1058.7,508009
2021-06-24 10:01:24,1058.7,508127
2021-06-24 10:01:25,1058.7,508229
2021-06-24 10:01:26,1058.65,508502
2021-06-24 10:01:28,1058.65,508648
2021-06-24 10:01:29,1058.7,508765
2021-06-24 10:01:30,1058.75,508883
2021-06-24 10:01:31,1058.7,509001
2021-06-24 10:01:32,1058.65,509051
2021-06-24 10:01:33,1058.45,509201
2021-06-24 10:01:34,1058.45,509284
2021-06-24 10:01:34,1058.45,509334
2021-06-24 10:01:36,1058.45,509451
2021-06-24 10:01:37,1058.45,509522
2021-06-24 10:01:39,1058.7,509749
2021-06-24 10:01:40,1058.7,509851
2021-06-24 10:01:40,1058.7,509915
2021-06-24 10:01:41,1058.7,509965
2021-06-24 10:01:43,1058.75,510083
2021-06-24 10:01:44,1058.7,510201
2021-06-24 10:01:45,1058.7,510318
2021-06-24 10:01:45,1058.7,510413
2021-06-24 10:01:47,1058.75,510515
2021-06-24 10:01:48,1058.75,510632
2021-06-24 10:01:49,1058.8,510750
2021-06-24 10:01:50,1058.7,510868
2021-06-24 10:01:51,1058.75,510985
2021-06-24 10:01:51,1058.2,510995
2021-06-24 10:01:53,1058.15,511338
2021-06-24 10:01:54,1058.65,511488
2021-06-24 10:01:55,1058.05,511656
2021-06-24 10:01:56,1058.05,511773
2021-06-24 10:01:57,1058.0,511909
2021-06-24 10:01:58,1058.45,512099
2021-06-24 10:01:58,1058.0,512139
2021-06-24 10:02:00,1058.05,512349
2021-06-24 10:02:01,1058.45,512708
2021-06-24 10:02:02,1058.05,512914
2021-06-24 10:02:03,1058.6,513076
2021-06-24 10:02:04,1058.05,513239
2021-06-24 10:02:04,1058.05,513264
2021-06-24 10:02:06,1058.7,513404
2021-06-24 10:02:07,1058.3,513601
2021-06-24 10:02:08,1058.0,516537
2021-06-24 10:02:09,1058.0,517597
2021-06-24 10:02:09,1058.0,517848
2021-06-24 10:02:11,1058.2,518055
2021-06-24 10:02:13,1058.0,518391
2021-06-24 10:02:14,1058.0,518557
2021-06-24 10:02:15,1058.0,518662
2021-06-24 10:02:16,1058.0,518806
2021-06-24 10:02:17,1058.0,518979
2021-06-24 10:02:17,1058.35,519162
2021-06-24 10:02:20,1058.5,519618
2021-06-24 10:02:21,1058.45,519785
2021-06-24 10:02:22,1058.7,519930
2021-06-24 10:02:22,1058.0,520654
2021-06-24 10:02:24,1058.3,520898
2021-06-24 10:02:25,1058.4,521232
2021-06-24 10:02:26,1058.15,521445
2021-06-24 10:02:27,1058.7,521575
2021-06-24 10:02:28,1058.2,521664
2021-06-24 10:02:29,1058.1,521806
2021-06-24 10:02:29,1058.0,521816
2021-06-24 10:02:31,1058.7,522006
2021-06-24 10:02:33,1058.4,522250
2021-06-24 10:02:34,1058.05,522501
2021-06-24 10:02:35,1058.55,522675
2021-06-24 10:02:35,1058.1,522708
2021-06-24 10:02:37,1058.1,522848
2021-06-24 10:02:38,1058.1,523035
2021-06-24 10:02:39,1058.7,523251
2021-06-24 10:02:40,1058.1,523384
2021-06-24 10:02:41,1058.65,523584
2021-06-24 10:02:42,1058.0,523700
2021-06-24 10:02:42,1058.0,523776
2021-06-24 10:02:43,1058.0,523867
2021-06-24 10:02:44,1058.0,524011
2021-06-24 10:02:46,1058.7,524237
2021-06-24 10:02:47,1058.7,524373
2021-06-24 10:02:48,1058.7,524441
2021-06-24 10:02:49,1058.7,524441
2021-06-24 10:02:50,1058.45,524472
2021-06-24 10:02:51,1058.65,524654
2021-06-24 10:02:52,1058.2,524684
2021-06-24 10:02:52,1058.85,525141
2021-06-24 10:02:54,1058.6,525226
2021-06-24 10:02:55,1059.0,525311
2021-06-24 10:02:56,1059.0,525328
2021-06-24 10:02:57,1059.0,525328
2021-06-24 10:02:57,1059.0,525328
2021-06-24 10:02:59,1059.0,525338
2021-06-24 10:03:00,1059.0,525338
2021-06-24 10:03:02,1058.6,525667
2021-06-24 10:03:03,1058.6,525685
2021-06-24 10:03:05,1059.05,526173
2021-06-24 10:03:06,1059.05,526173
2021-06-24 10:03:07,1059.05,526173
2021-06-24 10:03:08,1059.05,526185
2021-06-24 10:03:09,1059.05,526185
2021-06-24 10:03:10,1059.0,526686
2021-06-24 10:03:11,1058.55,526844
2021-06-24 10:03:12,1059.1,526944
2021-06-24 10:03:13,1059.1,527154
2021-06-24 10:03:14,1059.1,527204
2021-06-24 10:03:16,1059.0,527659
2021-06-24 10:03:15,1059.2,527609
2021-06-24 10:03:17,1059.2,527759
2021-06-24 10:03:18,1059.2,527899
2021-06-24 10:03:19,1059.2,528859
2021-06-24 10:03:20,1059.2,529193
2021-06-24 10:03:22,1059.2,529345
2021-06-24 10:03:23,1059.2,529647
2021-06-24 10:03:24,1059.2,529748
2021-06-24 10:03:25,1059.2,529939
2021-06-24 10:03:26,1059.2,530217
2021-06-24 10:03:27,1059.5,530514
2021-06-24 10:03:28,1059.5,530514
2021-06-24 10:03:29,1059.5,530514
2021-06-24 10:03:30,1059.25,530823
2021-06-24 10:03:31,1059.25,530823
2021-06-24 10:03:32,1059.25,530823
2021-06-24 10:03:34,1059.25,530823
2021-06-24 10:03:33,1059.25,530823
2021-06-24 10:03:35,1059.25,530823
2021-06-24 10:03:36,1059.55,530838
2021-06-24 10:03:37,1059.85,531928
2021-06-24 10:03:38,1059.5,532138
2021-06-24 10:03:39,1059.5,532138
2021-06-24 10:03:40,1059.8,532393
2021-06-24 10:03:41,1059.8,532393
2021-06-24 10:03:42,1059.8,532393
2021-06-24 10:03:43,1059.8,532393
2021-06-24 10:03:44,1059.8,532393
2021-06-24 10:03:45,1059.75,532421
2021-06-24 10:03:46,1059.5,532426
2021-06-24 10:03:47,1059.5,532426
2021-06-24 10:03:48,1059.5,532426
2021-06-24 10:03:49,1059.65,532432
2021-06-24 10:03:50,1059.6,532437
2021-06-24 10:03:51,1059.6,532437
2021-06-24 10:03:52,1059.6,532437
2021-06-24 10:03:53,1059.6,532442
2021-06-24 10:03:54,1059.5,532542
2021-06-24 10:03:55,1059.5,532542
2021-06-24 10:03:56,1059.45,532543
2021-06-24 10:03:57,1059.45,532543
2021-06-24 10:03:58,1059.45,532543
2021-06-24 10:03:59,1059.45,532543
2021-06-24 10:04:00,1059.45,532543
2021-06-24 10:04:01,1059.45,532543
2021-06-24 10:04:02,1059.25,532545
2021-06-24 10:04:03,1059.25,532559
2021-06-24 10:04:04,1059.25,532559
2021-06-24 10:04:05,1059.4,532588
2021-06-24 10:04:06,1059.4,532588
2021-06-24 10:04:07,1059.4,532588
2021-06-24 10:04:08,1059.4,532588
2021-06-24 10:04:09,1059.25,532639
2021-06-24 10:04:10,1059.4,532739
2021-06-24 10:04:11,1059.4,532739
2021-06-24 10:04:12,1059.4,532739
2021-06-24 10:04:13,1059.4,532739
2021-06-24 10:04:15,1059.4,532739
2021-06-24 10:04:16,1059.4,532739
2021-06-24 10:04:17,1059.4,532759
2021-06-24 10:04:18,1059.4,532759
2021-06-24 10:04:19,1059.25,533065
2021-06-24 10:04:20,1059.25,533092
2021-06-24 10:04:21,1059.25,533792
2021-06-24 10:04:22,1059.65,535313
2021-06-24 10:04:23,1059.65,535313
2021-06-24 10:04:24,1059.15,535518
2021-06-24 10:04:25,1059.15,535518
2021-06-24 10:04:26,1059.25,535528
2021-06-24 10:04:27,1059.4,535533
2021-06-24 10:04:28,1059.4,535533
2021-06-24 10:04:29,1059.4,535533
2021-06-24 10:04:30,1059.6,535560
2021-06-24 10:04:31,1059.6,535560
2021-06-24 10:04:32,1059.6,535560
2021-06-24 10:04:33,1058.9,535760
2021-06-24 10:04:34,1058.9,535760
2021-06-24 10:04:35,1059.55,535761
2021-06-24 10:04:36,1059.55,535761
2021-06-24 10:04:37,1059.55,535761
2021-06-24 10:04:38,1059.6,535762
2021-06-24 10:04:39,1059.6,535762
2021-06-24 10:04:40,1059.65,535878
2021-06-24 10:04:42,1059.7,535998
2021-06-24 10:04:43,1059.7,536000
2021-06-24 10:04:44,1059.15,536091
2021-06-24 10:04:45,1059.15,536091
2021-06-24 10:04:46,1059.65,536092
2021-06-24 10:04:47,1059.15,536122
2021-06-24 10:04:48,1059.15,536122
2021-06-24 10:04:49,1059.15,536122
2021-06-24 10:04:50,1059.15,536122
2021-06-24 10:04:51,1059.15,536122
2021-06-24 10:04:52,1059.45,536125
2021-06-24 10:04:53,1059.45,536125
2021-06-24 10:04:54,1059.45,536125
2021-06-24 10:04:55,1059.45,536125
2021-06-24 10:04:56,1059.45,536243
2021-06-24 10:04:57,1059.15,536273
2021-06-24 10:04:58,1059.15,536290
2021-06-24 10:04:59,1059.15,536290
2021-06-24 10:05:00,1059.45,536292
2021-06-24 10:05:01,1059.45,536297
2021-06-24 10:05:02,1059.45,536303
2021-06-24 10:05:03,1059.35,536308
2021-06-24 10:05:04,1059.35,536310
2021-06-24 10:05:06,1059.35,536345
2021-06-24 10:05:05,1059.35,536337
2021-06-24 10:05:07,1059.35,536348
2021-06-24 10:05:08,1059.35,536391
2021-06-24 10:05:09,1059.3,536405
2021-06-24 10:05:10,1059.3,536405
2021-06-24 10:05:11,1059.3,536405
2021-06-24 10:05:12,1059.3,536405
2021-06-24 10:05:13,1059.15,536705
2021-06-24 10:05:14,1059.3,537107
2021-06-24 10:05:15,1059.15,537427
2021-06-24 10:05:16,1059.15,537532
2021-06-24 10:05:17,1059.15,537532
2021-06-24 10:05:18,1059.15,537532
2021-06-24 10:05:19,1059.25,537539
2021-06-24 10:05:20,1059.3,537541
2021-06-24 10:05:21,1059.3,537542
2021-06-24 10:05:22,1059.3,537567
2021-06-24 10:05:23,1059.3,537567
2021-06-24 10:05:25,1059.3,537567
2021-06-24 10:05:26,1059.3,537595
2021-06-24 10:05:26,1059.3,537604
2021-06-24 10:05:27,1059.25,537614
2021-06-24 10:05:28,1059.15,537632
2021-06-24 10:05:29,1059.25,537634
2021-06-24 10:05:30,1059.15,537660
2021-06-24 10:05:31,1059.15,537660
2021-06-24 10:05:33,1059.3,537720
2021-06-24 10:05:33,1059.3,537738
2021-06-24 10:05:34,1059.3,537744
2021-06-24 10:05:35,1059.15,538018
2021-06-24 10:05:36,1059.15,538018
2021-06-24 10:05:37,1059.15,538018
2021-06-24 10:05:39,1059.15,538018
2021-06-24 10:05:40,1059.15,538018
2021-06-24 10:05:40,1059.15,538018
2021-06-24 10:05:41,1059.3,538400
2021-06-24 10:05:42,1059.1,538495
2021-06-24 10:05:43,1059.1,538543
2021-06-24 10:05:44,1059.0,538587
2021-06-24 10:05:45,1058.9,538658
2021-06-24 10:05:48,1059.0,538684
2021-06-24 10:05:48,1058.35,539457
2021-06-24 10:05:49,1057.75,540332
2021-06-24 10:05:50,1058.0,540647
2021-06-24 10:05:51,1058.1,540683
2021-06-24 10:05:52,1058.0,540835
2021-06-24 10:05:53,1058.0,540835
2021-06-24 10:05:55,1058.0,540835
2021-06-24 10:05:55,1057.7,541235
2021-06-24 10:05:56,1058.0,541435
2021-06-24 10:05:57,1058.1,541478
2021-06-24 10:05:58,1058.2,541491
2021-06-24 10:05:59,1058.15,541520
2021-06-24 10:06:01,1058.0,541572
2021-06-24 10:06:01,1058.0,541572
2021-06-24 10:06:03,1058.0,541572
2021-06-24 10:06:04,1058.0,541572
2021-06-24 10:06:04,1058.1,542623
2021-06-24 10:06:05,1058.15,542960
2021-06-24 10:06:06,1058.15,543154
2021-06-24 10:06:08,1058.35,543289
2021-06-24 10:06:09,1058.2,543306
2021-06-24 10:06:09,1058.2,543306
2021-06-24 10:06:10,1058.45,543373
2021-06-24 10:06:11,1058.4,543385
2021-06-24 10:06:12,1058.0,543542
2021-06-24 10:06:13,1058.0,543684
2021-06-24 10:06:15,1058.1,543705
2021-06-24 10:06:15,1058.1,543705
2021-06-24 10:06:16,1058.1,543705
2021-06-24 10:06:17,1058.1,543705
2021-06-24 10:06:19,1058.25,543727
2021-06-24 10:06:19,1058.25,543770
2021-06-24 10:06:20,1058.0,543976
2021-06-24 10:06:22,1058.1,544015
2021-06-24 10:06:22,1058.2,544027
2021-06-24 10:06:23,1058.2,544031
2021-06-24 10:06:24,1058.2,544032
2021-06-24 10:06:25,1058.25,544096
2021-06-24 10:06:26,1058.1,544228
2021-06-24 10:06:28,1058.25,544252
2021-06-24 10:06:28,1058.25,544252
2021-06-24 10:06:29,1058.4,544257
2021-06-24 10:06:30,1058.4,544259
2021-06-24 10:06:31,1058.0,544412
2021-06-24 10:06:32,1058.1,544450
2021-06-24 10:06:33,1058.1,544450
2021-06-24 10:06:35,1058.1,544465
2021-06-24 10:06:35,1058.1,544465
2021-06-24 10:06:36,1058.4,544506
2021-06-24 10:06:37,1058.3,544517
2021-06-24 10:06:38,1058.4,544521
2021-06-24 10:06:39,1058.4,544522
2021-06-24 10:06:41,1058.4,544522
2021-06-24 10:06:42,1058.4,544527
2021-06-24 10:06:43,1058.2,544884
2021-06-24 10:06:43,1058.1,544829
2021-06-24 10:06:44,1058.4,544902
2021-06-24 10:06:46,1058.4,544902
2021-06-24 10:06:46,1058.4,544902
2021-06-24 10:06:47,1058.4,544902
2021-06-24 10:06:48,1058.4,544902
2021-06-24 10:06:49,1058.8,544906
2021-06-24 10:06:50,1058.05,546107
2021-06-24 10:06:51,1058.85,546324
2021-06-24 10:06:53,1058.6,546674
2021-06-24 10:06:52,1058.3,546552
2021-06-24 10:06:55,1058.5,546689
2021-06-24 10:06:55,1058.5,546689
2021-06-24 10:06:56,1058.65,546691
2021-06-24 10:06:57,1058.6,546696
2021-06-24 10:06:58,1057.95,547347
2021-06-24 10:06:59,1058.5,547490
2021-06-24 10:07:00,1058.5,547622
2021-06-24 10:07:01,1058.15,547651
2021-06-24 10:07:02,1058.15,547651
2021-06-24 10:07:03,1058.15,547651
2021-06-24 10:07:04,1058.15,547651
2021-06-24 10:07:05,1058.15,547664
2021-06-24 10:07:07,1058.45,547676
2021-06-24 10:07:08,1058.45,547696
2021-06-24 10:07:09,1058.45,547696
2021-06-24 10:07:10,1058.55,547902
2021-06-24 10:07:11,1058.35,550746
2021-06-24 10:07:12,1058.1,551993
2021-06-24 10:07:13,1058.2,552278
2021-06-24 10:07:14,1058.3,552304
2021-06-24 10:07:15,1058.0,552585
2021-06-24 10:07:16,1058.1,552635
2021-06-24 10:07:17,1058.1,552635
2021-06-24 10:07:18,1058.1,552670
2021-06-24 10:07:19,1058.1,552670
2021-06-24 10:07:21,1058.1,552670
2021-06-24 10:07:23,1058.35,552743
2021-06-24 10:07:24,1058.0,552879
2021-06-24 10:07:25,1058.1,552905
2021-06-24 10:07:26,1058.2,552910
2021-06-24 10:07:26,1058.3,552911
2021-06-24 10:07:28,1058.25,552961
2021-06-24 10:07:29,1058.0,553033
2021-06-24 10:07:30,1058.1,553034
2021-06-24 10:07:31,1058.2,553035
2021-06-24 10:07:33,1058.15,553071
2021-06-24 10:07:33,1058.1,553088
2021-06-24 10:07:35,1058.25,553089
2021-06-24 10:07:36,1058.25,553089
2021-06-24 10:07:37,1058.25,553159
2021-06-24 10:07:38,1058.2,553199
2021-06-24 10:07:38,1058.2,553199
2021-06-24 10:07:39,1058.2,553199
2021-06-24 10:07:40,1058.25,553202
2021-06-24 10:07:41,1058.2,553203
2021-06-24 10:07:42,1058.2,553203
2021-06-24 10:07:43,1058.2,553269
2021-06-24 10:07:44,1058.1,553284
2021-06-24 10:07:45,1058.2,553316
2021-06-24 10:07:46,1058.2,553325
2021-06-24 10:07:47,1058.2,553328
2021-06-24 10:07:48,1058.2,553329
2021-06-24 10:07:49,1058.2,553329
2021-06-24 10:07:51,1058.2,553329
2021-06-24 10:07:51,1058.2,553329
2021-06-24 10:07:52,1058.2,553329
2021-06-24 10:07:54,1058.2,553334
2021-06-24 10:07:54,1058.2,553334
2021-06-24 10:07:55,1058.1,553335
2021-06-24 10:07:58,1058.1,553335
2021-06-24 10:07:58,1058.2,553336
2021-06-24 10:07:59,1058.1,553337
2021-06-24 10:08:00,1058.2,553393
2021-06-24 10:08:01,1058.25,553409
2021-06-24 10:08:02,1058.2,553425
2021-06-24 10:08:03,1058.25,553431
2021-06-24 10:08:04,1058.25,553433
2021-06-24 10:08:05,1058.25,553461
2021-06-24 10:08:06,1058.25,553524
2021-06-24 10:08:07,1058.2,555771
2021-06-24 10:08:08,1058.1,556175
2021-06-24 10:08:09,1058.1,556175
2021-06-24 10:08:10,1058.3,556182
2021-06-24 10:08:11,1058.3,556184
2021-06-24 10:08:12,1058.3,556185
2021-06-24 10:08:13,1058.35,556565
2021-06-24 10:08:14,1058.3,556658
2021-06-24 10:08:16,1058.3,556709
2021-06-24 10:08:17,1058.3,556716
2021-06-24 10:08:18,1058.35,556776
2021-06-24 10:08:19,1058.35,556927
2021-06-24 10:08:20,1058.2,556951
2021-06-24 10:08:21,1058.3,556960
2021-06-24 10:08:22,1058.3,556963
2021-06-24 10:08:23,1057.75,557564
2021-06-24 10:08:24,1058.3,557798
2021-06-24 10:08:25,1058.1,557819
2021-06-24 10:08:26,1058.1,557819
2021-06-24 10:08:27,1058.1,557819
2021-06-24 10:08:28,1058.1,557819
2021-06-24 10:08:30,1058.3,557866
2021-06-24 10:08:31,1058.4,558103
2021-06-24 10:08:32,1058.35,558154
2021-06-24 10:08:32,1058.4,558171
2021-06-24 10:08:34,1058.5,558403
2021-06-24 10:08:35,1058.45,558447
2021-06-24 10:08:35,1058.85,558453
2021-06-24 10:08:36,1058.85,558453
2021-06-24 10:08:37,1058.85,558453
2021-06-24 10:08:38,1058.85,558453
2021-06-24 10:08:39,1058.85,558453
2021-06-24 10:08:40,1058.9,558529
2021-06-24 10:08:42,1058.85,558681
2021-06-24 10:08:43,1058.95,558823
2021-06-24 10:08:44,1059.05,558856
2021-06-24 10:08:45,1058.95,558907
2021-06-24 10:08:46,1059.1,558918
2021-06-24 10:08:47,1059.1,558918
2021-06-24 10:08:49,1059.2,558923
2021-06-24 10:08:50,1059.25,558925
2021-06-24 10:08:50,1059.25,558926
2021-06-24 10:08:51,1059.25,559224
2021-06-24 10:08:52,1059.2,559325
2021-06-24 10:08:53,1058.7,559446
2021-06-24 10:08:55,1058.8,559476
2021-06-24 10:08:56,1058.8,559476
2021-06-24 10:08:57,1058.8,559476
2021-06-24 10:08:58,1058.8,559476
2021-06-24 10:08:59,1058.8,559476
2021-06-24 10:09:00,1058.5,559580
2021-06-24 10:09:01,1058.6,559598
2021-06-24 10:09:02,1058.6,559598
2021-06-24 10:09:03,1058.6,559598
2021-06-24 10:09:04,1059.0,559639
2021-06-24 10:09:05,1059.05,562745
2021-06-24 10:09:06,1058.55,564684
2021-06-24 10:09:07,1059.0,568044
2021-06-24 10:09:08,1059.0,570482
2021-06-24 10:09:09,1058.55,572615
2021-06-24 10:09:10,1058.35,574225
2021-06-24 10:09:11,1059.1,574604
2021-06-24 10:09:12,1059.3,574679
2021-06-24 10:09:14,1058.75,575304
2021-06-24 10:09:14,1058.75,575304
2021-06-24 10:09:15,1059.05,577055
2021-06-24 10:09:17,1059.0,578685
2021-06-24 10:09:18,1058.55,579750
2021-06-24 10:09:18,1059.15,579908
2021-06-24 10:09:19,1058.55,580726
2021-06-24 10:09:20,1059.1,580980
2021-06-24 10:09:21,1059.2,581120
2021-06-24 10:09:22,1059.1,581140
2021-06-24 10:09:23,1059.0,581938
2021-06-24 10:09:24,1058.5,582264
2021-06-24 10:09:25,1059.2,582384
2021-06-24 10:09:26,1059.15,582439
2021-06-24 10:09:27,1059.2,582457
2021-06-24 10:09:30,1059.45,583027
2021-06-24 10:09:31,1059.2,583279
2021-06-24 10:09:31,1059.3,583306
2021-06-24 10:09:33,1059.3,583356
2021-06-24 10:09:33,1059.3,583356
2021-06-24 10:09:34,1059.3,583356
2021-06-24 10:09:35,1059.45,583432
2021-06-24 10:09:36,1059.45,583484
2021-06-24 10:09:37,1059.5,583501
2021-06-24 10:09:39,1059.5,583540
2021-06-24 10:09:39,1059.45,583563
2021-06-24 10:09:41,1059.45,583563
2021-06-24 10:09:41,1059.45,583563
2021-06-24 10:09:42,1059.5,584021
2021-06-24 10:09:43,1059.3,584103
2021-06-24 10:09:45,1059.5,584123
2021-06-24 10:09:46,1059.5,584156
2021-06-24 10:09:47,1059.55,584168
2021-06-24 10:09:48,1059.55,584177
2021-06-24 10:09:49,1059.55,584207
2021-06-24 10:09:50,1059.55,584217
2021-06-24 10:09:50,1059.6,584220
2021-06-24 10:09:51,1059.6,584221
2021-06-24 10:09:52,1059.55,584222
2021-06-24 10:09:53,1059.55,584233
2021-06-24 10:09:55,1059.6,584236
2021-06-24 10:09:55,1059.6,584237
2021-06-24 10:09:56,1059.6,584238
2021-06-24 10:09:57,1059.5,584330
2021-06-24 10:09:58,1059.5,584330
2021-06-24 10:09:59,1059.6,584706
2021-06-24 10:10:00,1059.4,584770
2021-06-24 10:10:01,1059.4,584770
2021-06-24 10:10:02,1059.4,584770
2021-06-24 10:10:03,1059.4,584770
2021-06-24 10:10:05,1059.4,584770
2021-06-24 10:10:05,1059.4,584770
2021-06-24 10:10:06,1059.75,584772
2021-06-24 10:10:07,1059.75,584772
2021-06-24 10:10:08,1059.7,584882
2021-06-24 10:10:09,1059.75,584904
2021-06-24 10:10:10,1059.65,584936
2021-06-24 10:10:11,1059.75,584946
2021-06-24 10:10:12,1059.7,584954
2021-06-24 10:10:13,1059.7,584958
2021-06-24 10:10:14,1059.65,584978
2021-06-24 10:10:15,1059.7,584985
2021-06-24 10:10:17,1059.7,584988
2021-06-24 10:10:18,1059.7,584988
2021-06-24 10:10:19,1059.7,584990
2021-06-24 10:10:20,1059.7,584990
2021-06-24 10:10:21,1059.7,584990
2021-06-24 10:10:22,1059.7,584990
2021-06-24 10:10:23,1059.7,585040
2021-06-24 10:10:25,1059.7,585428
2021-06-24 10:10:26,1059.65,585552
2021-06-24 10:10:28,1059.45,585861
2021-06-24 10:10:29,1059.15,585940
2021-06-24 10:10:31,1059.0,586310
2021-06-24 10:10:32,1059.0,586521
2021-06-24 10:10:33,1059.0,586643
2021-06-24 10:10:34,1059.1,586660
2021-06-24 10:10:35,1059.0,586960
2021-06-24 10:10:35,1059.3,587053
2021-06-24 10:10:36,1059.0,587169
2021-06-24 10:10:37,1059.1,587197
2021-06-24 10:10:38,1059.2,587198
2021-06-24 10:10:39,1059.3,587199
2021-06-24 10:10:40,1059.3,587199
2021-06-24 10:10:41,1059.25,587272
2021-06-24 10:10:42,1059.0,587414
2021-06-24 10:10:43,1059.0,587414
2021-06-24 10:10:44,1059.0,587414
2021-06-24 10:10:45,1059.0,587414
2021-06-24 10:10:46,1059.0,587414
2021-06-24 10:10:47,1059.0,587414
2021-06-24 10:10:48,1059.0,587414
2021-06-24 10:10:49,1059.0,587414
2021-06-24 10:10:50,1059.2,587471
2021-06-24 10:10:51,1059.2,587490
2021-06-24 10:10:52,1059.2,587496
2021-06-24 10:10:53,1059.2,587545
2021-06-24 10:10:54,1059.2,587598
2021-06-24 10:10:55,1059.2,587832
2021-06-24 10:10:57,1059.0,587989
2021-06-24 10:10:57,1059.1,588009
2021-06-24 10:10:59,1059.0,588169
2021-06-24 10:10:59,1059.1,588207
2021-06-24 10:11:00,1059.1,588207
2021-06-24 10:11:02,1059.2,588209
2021-06-24 10:11:04,1059.25,588211
2021-06-24 10:11:07,1059.2,588367
2021-06-24 10:11:07,1059.2,588367
2021-06-24 10:11:08,1059.5,588397
2021-06-24 10:11:09,1059.0,588547
2021-06-24 10:11:10,1059.0,588547
2021-06-24 10:11:12,1059.0,588547
2021-06-24 10:11:13,1059.0,588547
2021-06-24 10:11:13,1059.0,588547
2021-06-24 10:11:14,1059.0,588547
2021-06-24 10:11:15,1059.2,588635
2021-06-24 10:11:16,1059.6,588733
2021-06-24 10:11:17,1059.75,588779
2021-06-24 10:11:18,1059.75,588779
2021-06-24 10:11:19,1059.2,588885
2021-06-24 10:11:20,1059.5,588982
2021-06-24 10:11:21,1059.3,589052
2021-06-24 10:11:23,1059.0,589083
2021-06-24 10:11:24,1059.25,589146
2021-06-24 10:11:25,1059.35,589162
2021-06-24 10:11:26,1059.45,589194
2021-06-24 10:11:26,1059.45,589194
2021-06-24 10:11:27,1059.5,589267
2021-06-24 10:11:28,1059.5,589305
2021-06-24 10:11:29,1059.5,589322
2021-06-24 10:11:30,1059.5,589328
2021-06-24 10:11:31,1059.5,589337
2021-06-24 10:11:32,1059.5,589337
2021-06-24 10:11:34,1059.4,589353
2021-06-24 10:11:35,1059.35,589363
2021-06-24 10:11:36,1059.35,589366
2021-06-24 10:11:36,1059.35,589367
2021-06-24 10:11:37,1059.35,589390
2021-06-24 10:11:39,1059.35,589401
2021-06-24 10:11:40,1059.4,589543
2021-06-24 10:11:41,1059.0,589673
2021-06-24 10:11:42,1059.0,589673
2021-06-24 10:11:43,1059.0,589673
2021-06-24 10:11:45,1059.0,589673
2021-06-24 10:11:45,1059.0,589673
2021-06-24 10:11:46,1059.0,589673
2021-06-24 10:11:47,1059.0,589673
2021-06-24 10:11:49,1059.2,589699
2021-06-24 10:11:50,1059.55,590701
2021-06-24 10:11:52,1059.4,591102
2021-06-24 10:11:53,1059.1,591141
2021-06-24 10:11:54,1059.1,591241
2021-06-24 10:11:55,1059.2,591259
2021-06-24 10:11:56,1059.35,591290
2021-06-24 10:11:57,1059.3,591306
2021-06-24 10:11:58,1059.3,591311
2021-06-24 10:11:58,1059.3,591313
2021-06-24 10:12:00,1059.35,591329
2021-06-24 10:12:01,1059.2,591346
2021-06-24 10:12:02,1059.2,591390
2021-06-24 10:12:03,1059.1,591404
2021-06-24 10:12:04,1059.0,591455
2021-06-24 10:12:05,1059.3,591582
2021-06-24 10:12:06,1059.3,591620
2021-06-24 10:12:08,1059.05,591646
2021-06-24 10:12:09,1059.05,591646
2021-06-24 10:12:10,1059.4,591746
2021-06-24 10:12:11,1059.25,591806
2021-06-24 10:12:11,1059.25,591825
2021-06-24 10:12:12,1059.0,591851
2021-06-24 10:12:14,1059.4,591876
2021-06-24 10:12:15,1059.1,591896
2021-06-24 10:12:16,1059.1,591909
2021-06-24 10:12:17,1059.1,591913
2021-06-24 10:12:17,1059.1,591913
2021-06-24 10:12:18,1059.1,591913
2021-06-24 10:12:19,1059.1,591913
2021-06-24 10:12:21,1059.25,591968
2021-06-24 10:12:23,1059.1,591994
2021-06-24 10:12:24,1059.0,593016
2021-06-24 10:12:25,1059.0,593206
2021-06-24 10:12:26,1059.05,593235
2021-06-24 10:12:27,1059.0,593236
2021-06-24 10:12:29,1059.0,593236
2021-06-24 10:12:30,1059.0,593236
2021-06-24 10:12:30,1059.0,593236
2021-06-24 10:12:32,1059.0,593236
2021-06-24 10:12:33,1059.0,593236
2021-06-24 10:12:34,1059.0,593236
2021-06-24 10:12:36,1059.0,593336
2021-06-24 10:12:37,1059.0,593463
2021-06-24 10:12:37,1059.0,593360
2021-06-24 10:12:39,1059.0,593481
2021-06-24 10:12:40,1059.0,593481
2021-06-24 10:12:41,1059.05,593490
2021-06-24 10:12:42,1059.05,593490
2021-06-24 10:12:42,1059.05,593490
2021-06-24 10:12:45,1059.05,593490
2021-06-24 10:12:46,1059.05,593517
2021-06-24 10:12:47,1059.05,593517
2021-06-24 10:12:47,1059.05,593517
2021-06-24 10:12:48,1059.05,593517
2021-06-24 10:12:50,1059.05,593517
2021-06-24 10:12:51,1059.05,593517
2021-06-24 10:12:52,1059.05,593517
2021-06-24 10:12:53,1059.05,593517
2021-06-24 10:12:54,1059.05,593524
2021-06-24 10:12:56,1059.05,593594
2021-06-24 10:12:57,1059.0,593614
2021-06-24 10:12:58,1059.0,593635
2021-06-24 10:12:59,1059.0,593636
2021-06-24 10:13:00,1059.0,593636
2021-06-24 10:13:01,1059.0,593686
2021-06-24 10:13:01,1059.0,593698
2021-06-24 10:13:03,1059.0,593698
2021-06-24 10:13:05,1059.05,594042
2021-06-24 10:13:06,1059.05,594045
2021-06-24 10:13:06,1059.05,594045
2021-06-24 10:13:08,1059.05,594046
2021-06-24 10:13:09,1059.05,594048
2021-06-24 10:13:10,1059.0,594066
2021-06-24 10:13:11,1059.0,594066
2021-06-24 10:13:12,1059.0,594066
2021-06-24 10:13:12,1059.0,594066
2021-06-24 10:13:14,1059.0,594066
2021-06-24 10:13:17,1059.7,595447
2021-06-24 10:13:17,1059.1,596705
2021-06-24 10:13:19,1059.45,599510
2021-06-24 10:13:20,1059.05,600510
2021-06-24 10:13:21,1059.3,602006
2021-06-24 10:13:22,1059.7,604877
2021-06-24 10:13:23,1059.6,607459
2021-06-24 10:13:24,1059.15,608911
2021-06-24 10:13:25,1059.25,612108
2021-06-24 10:13:26,1060.0,613980
2021-06-24 10:13:26,1059.35,613467
2021-06-24 10:13:27,1060.05,614955
2021-06-24 10:13:29,1059.05,615893
2021-06-24 10:13:30,1059.6,616595
2021-06-24 10:13:31,1059.5,617104
2021-06-24 10:13:32,1059.0,618801
2021-06-24 10:13:32,1059.5,617880
2021-06-24 10:13:34,1059.15,619082
2021-06-24 10:13:35,1059.7,620565
2021-06-24 10:13:36,1059.85,622149
2021-06-24 10:13:37,1059.0,623998
2021-06-24 10:13:38,1059.7,624884
2021-06-24 10:13:38,1059.35,625310
2021-06-24 10:13:39,1059.0,626494
2021-06-24 10:13:41,1059.8,627429
2021-06-24 10:13:42,1059.8,630002
2021-06-24 10:13:43,1059.55,630784
2021-06-24 10:13:44,1059.6,630847
2021-06-24 10:13:45,1059.55,630948
2021-06-24 10:13:46,1059.6,631071
2021-06-24 10:13:47,1059.6,631090
2021-06-24 10:13:48,1059.85,631091
2021-06-24 10:13:49,1059.8,631353
2021-06-24 10:13:50,1059.8,631467
2021-06-24 10:13:51,1059.45,631497
2021-06-24 10:13:52,1059.5,631614
2021-06-24 10:13:53,1060.0,631993
2021-06-24 10:13:54,1058.9,632647
2021-06-24 10:13:55,1059.2,634151
2021-06-24 10:13:56,1059.6,635768
2021-06-24 10:13:58,1058.85,638923
2021-06-24 10:13:59,1058.85,640623
2021-06-24 10:14:01,1059.5,642789
2021-06-24 10:14:02,1059.0,644328
2021-06-24 10:14:03,1060.05,646057
2021-06-24 10:14:04,1059.3,646843
2021-06-24 10:14:05,1059.95,647634
2021-06-24 10:14:06,1059.95,647860
2021-06-24 10:14:07,1059.9,648014
2021-06-24 10:14:08,1059.9,648186
2021-06-24 10:14:09,1059.9,648307
2021-06-24 10:14:10,1059.95,648361
2021-06-24 10:14:11,1059.95,648361
2021-06-24 10:14:12,1059.7,649237
2021-06-24 10:14:13,1059.4,650108
2021-06-24 10:14:14,1060.0,651184
2021-06-24 10:14:15,1059.4,651366
2021-06-24 10:14:16,1058.85,652541
2021-06-24 10:14:17,1059.65,653637
2021-06-24 10:14:18,1059.0,655238
2021-06-24 10:14:19,1059.6,656405
2021-06-24 10:14:20,1060.0,659184
2021-06-24 10:14:21,1059.45,662101
2021-06-24 10:14:22,1059.8,664538
2021-06-24 10:14:23,1060.0,665459
2021-06-24 10:14:24,1058.85,666352
2021-06-24 10:14:25,1059.5,667258
2021-06-24 10:14:26,1059.9,667916
2021-06-24 10:14:27,1058.7,669525
2021-06-24 10:14:28,1059.95,670368
2021-06-24 10:14:29,1059.45,671267
2021-06-24 10:14:30,1059.2,672413
2021-06-24 10:14:31,1059.9,673252
2021-06-24 10:14:32,1059.9,673543
2021-06-24 10:14:33,1060.0,673980
2021-06-24 10:14:34,1059.5,674119
2021-06-24 10:14:35,1059.5,674138
2021-06-24 10:14:36,1060.0,674151
2021-06-24 10:14:37,1060.0,674151
2021-06-24 10:14:38,1060.0,674151
2021-06-24 10:14:39,1060.05,674825
2021-06-24 10:14:40,1059.4,675007
2021-06-24 10:14:41,1059.45,675316
2021-06-24 10:14:42,1060.0,675639
2021-06-24 10:14:43,1060.0,675789
2021-06-24 10:14:44,1059.35,675835
2021-06-24 10:14:45,1059.45,675895
2021-06-24 10:14:47,1059.5,675912
2021-06-24 10:14:48,1060.0,677091
2021-06-24 10:14:49,1059.5,677283
2021-06-24 10:14:50,1059.45,677764
2021-06-24 10:14:51,1059.1,678569
2021-06-24 10:14:52,1059.95,679057
2021-06-24 10:14:53,1059.9,679371
2021-06-24 10:14:55,1059.9,680170
2021-06-24 10:14:56,1059.9,680451
2021-06-24 10:14:57,1060.0,681302
2021-06-24 10:14:58,1059.4,681500
2021-06-24 10:14:59,1059.9,681689
2021-06-24 10:15:00,1059.95,681792
2021-06-24 10:15:01,1059.45,681805
2021-06-24 10:15:02,1059.45,681805
2021-06-24 10:15:04,1060.0,681962
2021-06-24 10:15:05,1060.0,681962
2021-06-24 10:15:06,1060.05,682040
2021-06-24 10:15:08,1059.5,682063
2021-06-24 10:15:09,1059.5,682163
2021-06-24 10:15:10,1060.0,682354
2021-06-24 10:15:11,1059.5,682410
2021-06-24 10:15:12,1060.0,682560
2021-06-24 10:15:13,1060.0,682651
2021-06-24 10:15:14,1060.0,682696
2021-06-24 10:15:15,1060.0,682716
2021-06-24 10:15:17,1059.85,684233
2021-06-24 10:15:18,1060.0,685039
2021-06-24 10:15:19,1059.4,685384
2021-06-24 10:15:20,1059.95,685798
2021-06-24 10:15:22,1059.95,686012
2021-06-24 10:15:23,1059.9,686126
2021-06-24 10:15:25,1059.9,686340
2021-06-24 10:15:26,1059.45,686994
2021-06-24 10:15:27,1059.7,688171
2021-06-24 10:15:28,1059.3,688957
2021-06-24 10:15:30,1059.6,689069
2021-06-24 10:15:29,1059.6,689069
2021-06-24 10:15:32,1059.0,689678
2021-06-24 10:15:33,1059.45,689837
2021-06-24 10:15:34,1059.45,689837
2021-06-24 10:15:35,1059.0,692023
2021-06-24 10:15:36,1059.0,693171
2021-06-24 10:15:37,1059.0,695600
2021-06-24 10:15:38,1058.55,696383
2021-06-24 10:15:39,1059.15,696451
2021-06-24 10:15:40,1059.0,697984
2021-06-24 10:15:41,1058.65,698525
2021-06-24 10:15:42,1059.0,698573
2021-06-24 10:15:43,1059.0,698573
2021-06-24 10:15:44,1059.0,698573
2021-06-24 10:15:45,1059.0,698578
2021-06-24 10:15:47,1059.0,698619
2021-06-24 10:15:48,1059.15,698629
2021-06-24 10:15:49,1059.15,698629
2021-06-24 10:15:50,1059.15,698629
2021-06-24 10:15:51,1059.15,698629
2021-06-24 10:15:52,1059.1,698633
2021-06-24 10:15:53,1059.1,698637
2021-06-24 10:15:55,1059.1,698741
2021-06-24 10:15:56,1059.1,698745
2021-06-24 10:15:57,1059.0,698763
2021-06-24 10:15:58,1059.1,698767
2021-06-24 10:15:58,1058.55,699367
2021-06-24 10:16:00,1059.35,700269
2021-06-24 10:16:02,1059.5,700312
2021-06-24 10:16:02,1059.5,700312
2021-06-24 10:16:03,1059.05,700322
2021-06-24 10:16:04,1059.05,700322
2021-06-24 10:16:05,1059.5,700631
2021-06-24 10:16:07,1059.5,700631
2021-06-24 10:16:07,1059.3,700632
2021-06-24 10:16:08,1059.5,700940
2021-06-24 10:16:09,1059.5,700940
2021-06-24 10:16:10,1059.55,700946
2021-06-24 10:16:11,1059.55,700956
2021-06-24 10:16:12,1059.55,700956
2021-06-24 10:16:14,1059.45,701031
2021-06-24 10:16:14,1059.45,701031
2021-06-24 10:16:15,1059.45,701031
2021-06-24 10:16:16,1059.45,701031
2021-06-24 10:16:17,1059.45,701031
2021-06-24 10:16:18,1059.45,701031
2021-06-24 10:16:21,1059.5,702448
2021-06-24 10:16:21,1059.5,702448
2021-06-24 10:16:22,1059.5,702448
2021-06-24 10:16:23,1059.5,702448
2021-06-24 10:16:24,1059.0,703049
2021-06-24 10:16:26,1059.5,703315
2021-06-24 10:16:26,1059.5,703315
2021-06-24 10:16:27,1059.05,703915
2021-06-24 10:16:28,1059.0,704214
2021-06-24 10:16:29,1059.0,704214
2021-06-24 10:16:31,1059.0,704214
2021-06-24 10:16:31,1059.0,704214
2021-06-24 10:16:32,1059.6,704215
2021-06-24 10:16:33,1059.6,704215
2021-06-24 10:16:34,1059.5,704223
2021-06-24 10:16:35,1059.5,704260
2021-06-24 10:16:36,1059.5,704260
2021-06-24 10:16:37,1059.6,704647
2021-06-24 10:16:39,1059.6,704912
2021-06-24 10:16:39,1059.8,705023
2021-06-24 10:16:40,1059.15,705033
2021-06-24 10:16:41,1059.15,705033
2021-06-24 10:16:42,1059.15,705033
2021-06-24 10:16:43,1059.15,705033
2021-06-24 10:16:45,1059.7,705043
2021-06-24 10:16:45,1059.7,705043
2021-06-24 10:16:46,1059.75,705227
2021-06-24 10:16:47,1059.75,705227
2021-06-24 10:16:50,1059.8,705228
2021-06-24 10:16:51,1059.85,705255
2021-06-24 10:16:51,1059.85,705418
2021-06-24 10:16:52,1059.85,705418
2021-06-24 10:16:53,1059.9,705424
2021-06-24 10:16:54,1059.9,705424
2021-06-24 10:16:56,1060.0,705525
2021-06-24 10:16:57,1060.0,705615
2021-06-24 10:16:58,1060.0,705615
2021-06-24 10:16:59,1060.0,705615
2021-06-24 10:17:00,1060.0,705615
2021-06-24 10:17:01,1059.75,705640
2021-06-24 10:17:03,1059.75,705640
2021-06-24 10:17:03,1059.85,705655
2021-06-24 10:17:04,1059.85,705655
2021-06-24 10:17:05,1059.85,705655
2021-06-24 10:17:07,1059.65,712654
2021-06-24 10:17:08,1060.15,714924
2021-06-24 10:17:10,1060.0,717716
2021-06-24 10:17:11,1060.0,717716
2021-06-24 10:17:11,1060.0,717716
2021-06-24 10:17:12,1059.9,718133
2021-06-24 10:17:13,1059.9,718733
2021-06-24 10:17:14,1059.9,718733
2021-06-24 10:17:16,1060.25,720670
2021-06-24 10:17:16,1059.6,721089
2021-06-24 10:17:17,1060.25,721227
2021-06-24 10:17:18,1059.8,721231
2021-06-24 10:17:19,1060.3,721339
2021-06-24 10:17:20,1060.3,721339
2021-06-24 10:17:21,1060.3,721339
2021-06-24 10:17:23,1060.3,721339
2021-06-24 10:17:25,1060.3,721339
2021-06-24 10:17:25,1060.45,724846
2021-06-24 10:17:26,1059.85,726074
2021-06-24 10:17:27,1059.85,726074
2021-06-24 10:17:28,1060.45,726076
2021-06-24 10:17:30,1060.45,726086
2021-06-24 10:17:31,1059.85,727286
2021-06-24 10:17:31,1059.85,727286
2021-06-24 10:17:33,1059.7,730112
2021-06-24 10:17:34,1060.2,732164
2021-06-24 10:17:35,1060.25,732359
2021-06-24 10:17:36,1059.7,733200
2021-06-24 10:17:37,1059.7,734068
2021-06-24 10:17:38,1059.6,734797
2021-06-24 10:17:39,1060.0,735628
2021-06-24 10:17:41,1060.15,735629
2021-06-24 10:17:41,1060.0,735628
2021-06-24 10:17:42,1060.35,735632
2021-06-24 10:17:43,1060.4,735650
2021-06-24 10:17:44,1060.4,735650
2021-06-24 10:17:45,1060.4,735781
2021-06-24 10:17:47,1060.45,735793
2021-06-24 10:17:48,1060.5,735803
2021-06-24 10:17:49,1060.5,735803
2021-06-24 10:17:50,1060.75,735818
2021-06-24 10:17:51,1060.5,736125
2021-06-24 10:17:53,1060.5,736125
2021-06-24 10:17:53,1060.5,736125
2021-06-24 10:17:54,1060.5,736125
2021-06-24 10:17:55,1060.75,736127
2021-06-24 10:17:56,1060.75,736127
2021-06-24 10:17:57,1060.75,736132
2021-06-24 10:18:00,1060.6,736312
2021-06-24 10:18:00,1060.6,736312
2021-06-24 10:18:01,1060.6,736313
2021-06-24 10:18:02,1060.6,736313
2021-06-24 10:18:04,1060.6,736313
2021-06-24 10:18:05,1060.6,736313
2021-06-24 10:18:05,1060.7,736315
2021-06-24 10:18:06,1060.75,736393
2021-06-24 10:18:07,1060.75,736453
2021-06-24 10:18:08,1060.75,736453
2021-06-24 10:18:10,1060.75,736453
2021-06-24 10:18:11,1060.75,736453
2021-06-24 10:18:11,1060.75,736453
2021-06-24 10:18:12,1060.6,736623
2021-06-24 10:18:13,1060.7,736628
2021-06-24 10:18:14,1060.7,736628
2021-06-24 10:18:16,1060.7,736628
2021-06-24 10:18:17,1060.7,736628
2021-06-24 10:18:17,1060.7,736628
2021-06-24 10:18:18,1060.7,736628
2021-06-24 10:18:19,1060.7,736628
2021-06-24 10:18:21,1060.5,737353
2021-06-24 10:18:22,1060.5,737488
2021-06-24 10:18:23,1060.5,737488
2021-06-24 10:18:24,1060.5,737488
2021-06-24 10:18:25,1060.65,737518
2021-06-24 10:18:26,1060.7,738117
2021-06-24 10:18:26,1060.7,738117
2021-06-24 10:18:27,1060.5,738157
2021-06-24 10:18:28,1059.5,739466
2021-06-24 10:18:30,1060.25,739930
2021-06-24 10:18:31,1060.25,739930
2021-06-24 10:18:32,1059.8,740530
2021-06-24 10:18:33,1060.0,740531
2021-06-24 10:18:33,1060.0,740531
2021-06-24 10:18:34,1060.2,740532
2021-06-24 10:18:35,1060.4,740615
2021-06-24 10:18:36,1060.4,740615
2021-06-24 10:18:38,1060.4,740950
2021-06-24 10:18:39,1060.5,741030
2021-06-24 10:18:39,1060.5,741630
2021-06-24 10:18:40,1060.5,741738
2021-06-24 10:18:41,1060.5,741738
2021-06-24 10:18:43,1060.5,741763
2021-06-24 10:18:44,1060.5,741763
2021-06-24 10:18:45,1060.65,741765
2021-06-24 10:18:45,1060.65,741765
2021-06-24 10:18:46,1060.7,741793
2021-06-24 10:18:48,1060.5,741844
2021-06-24 10:18:49,1060.5,741844
2021-06-24 10:18:51,1060.6,741849
2021-06-24 10:18:52,1060.6,741849
2021-06-24 10:18:53,1060.6,741849
2021-06-24 10:18:54,1060.6,741849
2021-06-24 10:18:55,1060.4,741942
2021-06-24 10:18:56,1060.4,741942
2021-06-24 10:18:56,1060.4,741942
2021-06-24 10:18:57,1060.7,741970
2021-06-24 10:18:58,1060.7,741970
2021-06-24 10:19:00,1060.7,741970
2021-06-24 10:19:01,1060.7,741970
2021-06-24 10:19:02,1060.7,741970
2021-06-24 10:19:03,1060.7,741970
2021-06-24 10:19:04,1060.7,741970
2021-06-24 10:19:04,1060.7,741970
2021-06-24 10:19:05,1060.7,741970
2021-06-24 10:19:06,1060.6,741997
2021-06-24 10:19:07,1060.5,741999
2021-06-24 10:19:09,1060.5,741999
2021-06-24 10:19:10,1060.5,741999
2021-06-24 10:19:11,1060.5,741999
2021-06-24 10:19:12,1060.5,742084
2021-06-24 10:19:13,1060.5,742084
2021-06-24 10:19:14,1060.6,742087
2021-06-24 10:19:14,1060.6,742087
2021-06-24 10:19:15,1060.6,742087
2021-06-24 10:19:16,1060.6,742087
2021-06-24 10:19:17,1060.6,742087
2021-06-24 10:19:20,1060.6,742142
2021-06-24 10:19:21,1060.6,742142
2021-06-24 10:19:23,1060.6,742142
2021-06-24 10:19:24,1060.05,742819
2021-06-24 10:19:24,1060.6,742142
2021-06-24 10:19:25,1060.45,743022
2021-06-24 10:19:26,1060.45,743022
2021-06-24 10:19:28,1060.35,743023
2021-06-24 10:19:29,1060.35,743023
2021-06-24 10:19:30,1060.35,743023
2021-06-24 10:19:30,1060.35,743050
2021-06-24 10:19:31,1060.35,743050
2021-06-24 10:19:32,1060.35,743050
2021-06-24 10:19:34,1060.35,743101
2021-06-24 10:19:35,1060.0,743162
2021-06-24 10:19:36,1060.0,743162
2021-06-24 10:19:37,1059.9,743164
2021-06-24 10:19:38,1059.8,744408
2021-06-24 10:19:38,1059.85,744216
2021-06-24 10:19:39,1059.9,744413
2021-06-24 10:19:40,1059.9,744413
2021-06-24 10:19:42,1060.4,744423
2021-06-24 10:19:43,1060.4,744423
2021-06-24 10:19:43,1060.4,744423
2021-06-24 10:19:45,1060.35,744762
2021-06-24 10:19:46,1060.35,744762
2021-06-24 10:19:49,1060.45,744764
2021-06-24 10:19:50,1060.45,744764
2021-06-24 10:19:50,1060.45,744764
2021-06-24 10:19:51,1060.45,744764
2021-06-24 10:19:52,1060.45,744764
2021-06-24 10:19:53,1059.8,744776
2021-06-24 10:19:55,1059.8,744778
2021-06-24 10:19:56,1060.4,744828
2021-06-24 10:19:56,1060.4,744828
2021-06-24 10:19:57,1060.35,744848
2021-06-24 10:19:58,1060.35,744856
2021-06-24 10:20:01,1060.3,744857
2021-06-24 10:20:02,1060.3,744857
2021-06-24 10:20:03,1060.05,744858
2021-06-24 10:20:03,1060.05,744858
2021-06-24 10:20:04,1060.3,744878
2021-06-24 10:20:05,1060.35,744883
2021-06-24 10:20:06,1060.35,744883
2021-06-24 10:20:07,1060.35,744883
2021-06-24 10:20:08,1060.15,744908
2021-06-24 10:20:09,1060.15,744908
2021-06-24 10:20:11,1060.15,744908
2021-06-24 10:20:12,1060.15,744908
2021-06-24 10:20:13,1060.35,744943
2021-06-24 10:20:13,1060.05,745009
2021-06-24 10:20:14,1060.05,745009
2021-06-24 10:20:15,1060.05,745009
2021-06-24 10:20:17,1060.0,745014
2021-06-24 10:20:18,1060.0,745014
2021-06-24 10:20:19,1060.0,745024
2021-06-24 10:20:20,1060.0,745024
2021-06-24 10:20:21,1060.0,745024
2021-06-24 10:20:22,1060.0,745024
2021-06-24 10:20:22,1060.0,745024
2021-06-24 10:20:23,1060.15,745029
2021-06-24 10:20:25,1060.35,745030
2021-06-24 10:20:26,1060.35,745058
2021-06-24 10:20:27,1060.35,745078
2021-06-24 10:20:28,1060.35,745078
2021-06-24 10:20:30,1059.85,746100
2021-06-24 10:20:30,1059.85,746100
2021-06-24 10:20:31,1059.85,746248
2021-06-24 10:20:33,1059.85,746248
2021-06-24 10:20:35,1059.85,746248
2021-06-24 10:20:34,1059.85,746248
2021-06-24 10:20:36,1059.85,746248
2021-06-24 10:20:37,1059.85,746248
2021-06-24 10:20:37,1059.85,746248
2021-06-24 10:20:39,1060.0,746249
2021-06-24 10:20:40,1060.0,746274
2021-06-24 10:20:41,1060.0,746310
2021-06-24 10:20:43,1060.0,746310
2021-06-24 10:20:44,1060.0,746310
2021-06-24 10:20:44,1060.0,746310
2021-06-24 10:20:45,1060.0,746321
2021-06-24 10:20:46,1060.0,746321
2021-06-24 10:20:47,1060.2,746330
2021-06-24 10:20:49,1060.1,746331
2021-06-24 10:20:50,1060.1,746331
2021-06-24 10:20:51,1060.2,746347
2021-06-24 10:20:52,1060.2,746347
2021-06-24 10:20:53,1060.2,746347
2021-06-24 10:20:53,1060.2,746347
2021-06-24 10:20:54,1060.2,746347
2021-06-24 10:20:55,1060.2,746347
2021-06-24 10:20:56,1060.0,746348
2021-06-24 10:20:57,1059.8,746360
2021-06-24 10:20:58,1060.2,746410
2021-06-24 10:21:00,1060.2,746410
2021-06-24 10:21:01,1059.8,746451
2021-06-24 10:21:02,1059.8,746451
2021-06-24 10:21:04,1059.8,746451
2021-06-24 10:21:04,1059.8,746451
2021-06-24 10:21:05,1059.8,746451
2021-06-24 10:21:07,1059.8,746451
2021-06-24 10:21:08,1059.8,746451
2021-06-24 10:21:09,1060.15,746453
2021-06-24 10:21:10,1060.15,746766
2021-06-24 10:21:11,1060.0,746818
2021-06-24 10:21:12,1059.8,746819
2021-06-24 10:21:13,1059.75,746871
2021-06-24 10:21:13,1059.7,746887
2021-06-24 10:21:14,1059.7,746887
2021-06-24 10:21:16,1059.7,746887
2021-06-24 10:21:16,1059.7,746887
2021-06-24 10:21:17,1059.7,746887
2021-06-24 10:21:18,1059.7,746887
2021-06-24 10:21:19,1059.7,746887
2021-06-24 10:21:21,1059.7,746887
2021-06-24 10:21:22,1059.7,746887
2021-06-24 10:21:23,1059.7,746887
2021-06-24 10:21:24,1059.7,746887
2021-06-24 10:21:25,1059.7,746887
2021-06-24 10:21:25,1059.7,746887
2021-06-24 10:21:26,1059.9,746889
2021-06-24 10:21:27,1059.9,746889
2021-06-24 10:21:28,1059.9,746889
2021-06-24 10:21:29,1059.9,746889
2021-06-24 10:21:30,1059.9,746916
2021-06-24 10:21:31,1059.9,746916
2021-06-24 10:21:32,1059.9,746916
2021-06-24 10:21:34,1059.9,746916
2021-06-24 10:21:35,1059.9,746916
2021-06-24 10:21:36,1059.9,746916
2021-06-24 10:21:37,1059.6,746924
2021-06-24 10:21:37,1059.6,746924
2021-06-24 10:21:38,1059.5,746954
2021-06-24 10:21:39,1059.3,747226
2021-06-24 10:21:40,1059.3,747226
2021-06-24 10:21:41,1060.0,747582
2021-06-24 10:21:42,1059.35,747683
2021-06-24 10:21:44,1059.0,748348
2021-06-24 10:21:45,1059.0,748546
2021-06-24 10:21:45,1059.25,748525
2021-06-24 10:21:46,1059.25,748549
2021-06-24 10:21:47,1059.25,748549
2021-06-24 10:21:48,1059.25,748549
2021-06-24 10:21:49,1059.25,748550
2021-06-24 10:21:50,1059.0,749750
2021-06-24 10:21:51,1059.0,749964
2021-06-24 10:21:52,1059.0,749964
2021-06-24 10:21:53,1059.0,750653
2021-06-24 10:21:55,1059.0,750775
2021-06-24 10:21:56,1059.2,750785
2021-06-24 10:21:57,1059.0,751064
2021-06-24 10:21:58,1059.0,751140
2021-06-24 10:21:59,1059.0,751140
2021-06-24 10:22:00,1059.0,751536
2021-06-24 10:22:00,1059.0,751610
2021-06-24 10:22:01,1059.0,751610
2021-06-24 10:22:02,1059.2,751630
2021-06-24 10:22:04,1059.2,751630
2021-06-24 10:22:04,1059.2,751630
2021-06-24 10:22:05,1059.2,751658
2021-06-24 10:22:06,1059.2,751658
2021-06-24 10:22:07,1059.2,751658
2021-06-24 10:22:08,1059.2,751658
2021-06-24 10:22:09,1059.2,751658
2021-06-24 10:22:10,1059.0,751718
2021-06-24 10:22:11,1059.0,751737
2021-06-24 10:22:12,1059.0,751737
2021-06-24 10:22:13,1059.0,751737
2021-06-24 10:22:15,1059.1,751787
2021-06-24 10:22:16,1059.2,751814
2021-06-24 10:22:17,1059.15,751828
2021-06-24 10:22:19,1059.2,752130
2021-06-24 10:22:20,1059.25,752273
2021-06-24 10:22:21,1059.0,752298
2021-06-24 10:22:22,1059.0,752298
2021-06-24 10:22:23,1059.0,752298
2021-06-24 10:22:24,1059.0,752298
2021-06-24 10:22:25,1059.0,752298
2021-06-24 10:22:26,1059.05,752407
2021-06-24 10:22:27,1058.9,753629
2021-06-24 10:22:28,1059.0,754024
2021-06-24 10:22:29,1059.0,754085
2021-06-24 10:22:30,1059.25,754212
2021-06-24 10:22:31,1059.0,754239
2021-06-24 10:22:32,1059.0,754239
2021-06-24 10:22:33,1059.0,754239
2021-06-24 10:22:34,1059.25,754339
2021-06-24 10:22:35,1059.25,754875
2021-06-24 10:22:36,1059.0,754967
2021-06-24 10:22:37,1059.0,756971
2021-06-24 10:22:38,1058.05,772963
2021-06-24 10:22:39,1059.0,795150
2021-06-24 10:22:39,1058.95,801606
2021-06-24 10:22:41,1057.6,822496
2021-06-24 10:22:42,1057.6,822623
2021-06-24 10:22:43,1057.1,823446
2021-06-24 10:22:44,1057.05,823804
2021-06-24 10:22:45,1056.0,825152
2021-06-24 10:22:47,1055.7,825669
2021-06-24 10:22:48,1055.6,825689
2021-06-24 10:22:49,1055.5,826676
2021-06-24 10:22:50,1054.65,830840
2021-06-24 10:22:51,1054.35,833526
2021-06-24 10:22:51,1054.3,833696
2021-06-24 10:22:52,1053.05,835114
2021-06-24 10:22:54,1052.65,836319
2021-06-24 10:22:54,1053.05,836751
2021-06-24 10:22:55,1052.6,836981
2021-06-24 10:22:56,1053.05,839698
2021-06-24 10:22:57,1053.75,840988
2021-06-24 10:22:58,1053.55,841130
2021-06-24 10:22:59,1053.9,842765
2021-06-24 10:23:00,1053.9,843517
2021-06-24 10:23:01,1054.2,844000
2021-06-24 10:23:03,1053.95,844556
2021-06-24 10:23:04,1053.8,846171
2021-06-24 10:23:05,1053.9,846394
2021-06-24 10:23:06,1053.9,846394
2021-06-24 10:23:07,1053.9,846394
2021-06-24 10:23:08,1054.2,847657
2021-06-24 10:23:09,1054.2,847798
2021-06-24 10:23:10,1054.55,847799
2021-06-24 10:23:11,1054.6,847826
2021-06-24 10:23:12,1054.6,847949
2021-06-24 10:23:13,1054.6,847949
2021-06-24 10:23:15,1054.7,848928
2021-06-24 10:23:16,1054.85,850678
2021-06-24 10:23:17,1054.25,850830
2021-06-24 10:23:18,1054.3,850906
2021-06-24 10:23:19,1054.3,850906
2021-06-24 10:23:20,1054.3,850906
2021-06-24 10:23:21,1054.95,852402
2021-06-24 10:23:22,1054.9,852705
2021-06-24 10:23:22,1054.8,852716
2021-06-24 10:23:23,1054.3,852741
2021-06-24 10:23:24,1054.3,852741
2021-06-24 10:23:27,1054.75,852791
2021-06-24 10:23:28,1054.65,852819
2021-06-24 10:23:29,1054.65,852819
2021-06-24 10:23:30,1055.0,853441
2021-06-24 10:23:31,1055.0,853468
2021-06-24 10:23:32,1054.95,853530
2021-06-24 10:23:33,1054.95,853530
2021-06-24 10:23:34,1054.9,853904
2021-06-24 10:23:34,1054.9,853904
2021-06-24 10:23:35,1055.0,854060
2021-06-24 10:23:37,1054.85,854194
2021-06-24 10:23:39,1054.85,854194
2021-06-24 10:23:40,1054.85,854194
2021-06-24 10:23:41,1054.85,854194
2021-06-24 10:23:42,1055.3,854196
2021-06-24 10:23:43,1055.3,855420
2021-06-24 10:23:44,1055.15,855610
2021-06-24 10:23:45,1055.15,855610
2021-06-24 10:23:46,1055.3,855635
2021-06-24 10:23:47,1055.35,855638
2021-06-24 10:23:48,1055.35,855638
2021-06-24 10:23:49,1055.35,855638
2021-06-24 10:23:50,1055.75,855725
2021-06-24 10:23:51,1055.75,855725
2021-06-24 10:23:53,1055.75,855735
2021-06-24 10:23:54,1056.0,855787
2021-06-24 10:23:55,1055.0,858212
2021-06-24 10:23:56,1055.7,858527
2021-06-24 10:23:57,1055.7,858527
2021-06-24 10:23:58,1055.7,858527
2021-06-24 10:23:59,1055.7,858527
2021-06-24 10:24:00,1055.7,858527
2021-06-24 10:24:02,1055.25,858583
2021-06-24 10:24:04,1055.7,858702
2021-06-24 10:24:03,1055.7,858702
2021-06-24 10:24:05,1055.7,858782
2021-06-24 10:24:06,1055.75,859507
2021-06-24 10:24:07,1055.2,859534
2021-06-24 10:24:08,1055.7,859536
2021-06-24 10:24:08,1055.7,859536
2021-06-24 10:24:09,1055.7,859546
2021-06-24 10:24:10,1055.7,859569
2021-06-24 10:24:11,1055.75,859592
2021-06-24 10:24:13,1055.75,859592
2021-06-24 10:24:14,1055.75,859592
2021-06-24 10:24:15,1055.8,859628
2021-06-24 10:24:16,1055.55,859764
2021-06-24 10:24:17,1055.8,859832
2021-06-24 10:24:18,1055.8,859832
2021-06-24 10:24:19,1055.8,859832
2021-06-24 10:24:20,1055.9,859905
2021-06-24 10:24:21,1056.0,860010
2021-06-24 10:24:22,1056.0,860012
2021-06-24 10:24:23,1055.6,860112
2021-06-24 10:24:24,1055.6,860127
2021-06-24 10:24:25,1055.55,860176
2021-06-24 10:24:26,1055.55,860176
2021-06-24 10:24:27,1055.55,860176
2021-06-24 10:24:28,1055.6,860182
2021-06-24 10:24:29,1055.6,860442
2021-06-24 10:24:30,1055.6,860442
2021-06-24 10:24:31,1055.45,860454
2021-06-24 10:24:32,1055.45,860454
2021-06-24 10:24:33,1055.55,860717
2021-06-24 10:24:34,1055.55,860717
2021-06-24 10:24:36,1055.25,860827
2021-06-24 10:24:37,1055.4,860829
2021-06-24 10:24:38,1055.4,860829
2021-06-24 10:24:39,1055.4,860829
2021-06-24 10:24:40,1055.4,860829
2021-06-24 10:24:41,1055.4,860829
2021-06-24 10:24:42,1055.6,860978
2021-06-24 10:24:43,1056.0,861093
2021-06-24 10:24:44,1055.35,861181
2021-06-24 10:24:45,1055.35,861181
2021-06-24 10:24:46,1055.35,861181
2021-06-24 10:24:47,1055.35,861181
2021-06-24 10:24:48,1055.45,861183
2021-06-24 10:24:49,1055.45,861184
2021-06-24 10:24:50,1055.6,861195
2021-06-24 10:24:51,1055.7,861222
2021-06-24 10:24:52,1055.65,861252
2021-06-24 10:24:53,1055.9,861317
2021-06-24 10:24:54,1055.9,861317
2021-06-24 10:24:55,1055.7,861387
2021-06-24 10:24:56,1055.45,861390
2021-06-24 10:24:57,1055.45,861390
2021-06-24 10:24:58,1055.45,861390
2021-06-24 10:24:59,1055.45,861390
2021-06-24 10:25:00,1055.45,861420
2021-06-24 10:25:01,1055.45,861421
2021-06-24 10:25:03,1055.75,861446
2021-06-24 10:25:04,1055.75,861446
2021-06-24 10:25:05,1055.75,861519
2021-06-24 10:25:06,1055.5,861548
2021-06-24 10:25:07,1055.5,861548
2021-06-24 10:25:08,1055.75,861558
2021-06-24 10:25:09,1055.75,861558
2021-06-24 10:25:10,1055.75,861558
2021-06-24 10:25:11,1055.75,861558
2021-06-24 10:25:12,1056.2,862833
2021-06-24 10:25:13,1056.55,863077
2021-06-24 10:25:14,1056.55,863077
2021-06-24 10:25:15,1056.75,863172
2021-06-24 10:25:16,1056.75,863172
2021-06-24 10:25:17,1056.75,863172
2021-06-24 10:25:18,1057.0,863222
2021-06-24 10:25:19,1056.85,863247
2021-06-24 10:25:20,1056.3,863295
2021-06-24 10:25:21,1056.3,863295
2021-06-24 10:25:22,1056.75,863607
2021-06-24 10:25:23,1056.75,863607
2021-06-24 10:25:24,1056.75,863607
2021-06-24 10:25:25,1056.5,863793
2021-06-24 10:25:26,1056.5,863793
2021-06-24 10:25:27,1056.5,863793
2021-06-24 10:25:28,1056.55,864250
2021-06-24 10:25:29,1056.55,864250
2021-06-24 10:25:30,1056.7,864310
2021-06-24 10:25:32,1056.6,864331
2021-06-24 10:25:31,1056.5,864326
2021-06-24 10:25:33,1056.6,864331
2021-06-24 10:25:34,1056.55,864384
2021-06-24 10:25:35,1056.55,864384
2021-06-24 10:25:36,1056.9,865513
2021-06-24 10:25:37,1056.35,865534
2021-06-24 10:25:38,1056.3,865634
2021-06-24 10:25:39,1056.35,865680
2021-06-24 10:25:40,1056.35,865680
2021-06-24 10:25:41,1056.35,865680
2021-06-24 10:25:42,1056.4,866001
2021-06-24 10:25:43,1056.7,866046
2021-06-24 10:25:44,1056.7,866195
2021-06-24 10:25:45,1056.9,866548
2021-06-24 10:25:46,1056.9,866548
2021-06-24 10:25:47,1056.9,866548
2021-06-24 10:25:48,1057.15,866550
