timestamp,ltp,volume
2021-06-24 09:34:38,1780.5,284910
2021-06-24 09:34:41,1780.0,285252
2021-06-24 09:34:42,1780.2,285253
2021-06-24 09:34:42,1780.0,285258
2021-06-24 09:34:43,1780.0,285258
2021-06-24 09:34:44,1780.5,285263
2021-06-24 09:34:45,1780.2,285363
2021-06-24 09:34:47,1780.25,285593
2021-06-24 09:34:49,1781.0,285965
2021-06-24 09:34:51,1781.0,286151
2021-06-24 09:34:52,1781.0,286224
2021-06-24 09:34:53,1781.0,286244
2021-06-24 09:34:54,1781.0,286245
2021-06-24 09:34:54,1781.0,286245
2021-06-24 09:34:55,1781.0,286260
2021-06-24 09:34:56,1782.0,288048
2021-06-24 09:34:57,1782.0,288048
2021-06-24 09:34:58,1782.0,288316
2021-06-24 09:35:00,1782.1,288584
2021-06-24 09:35:01,1782.15,288652
2021-06-24 09:35:02,1782.25,289157
2021-06-24 09:35:03,1782.2,289167
2021-06-24 09:35:04,1782.45,290241
2021-06-24 09:35:05,1781.3,290376
2021-06-24 09:35:06,1781.95,290543
2021-06-24 09:35:07,1781.95,290545
2021-06-24 09:35:08,1781.95,291077
2021-06-24 09:35:09,1781.15,291443
2021-06-24 09:35:11,1782.0,291464
2021-06-24 09:35:12,1782.2,291481
2021-06-24 09:35:13,1782.1,291491
2021-06-24 09:35:14,1781.2,291551
2021-06-24 09:35:15,1781.95,291611
2021-06-24 09:35:15,1781.95,291611
2021-06-24 09:35:16,1782.45,291981
2021-06-24 09:35:17,1782.0,291986
2021-06-24 09:35:18,1782.55,291993
2021-06-24 09:35:19,1782.0,292003
2021-06-24 09:35:20,1782.15,292005
2021-06-24 09:35:21,1782.5,292076
2021-06-24 09:35:22,1782.0,292107
2021-06-24 09:35:23,1782.0,292134
2021-06-24 09:35:24,1781.25,292196
2021-06-24 09:35:25,1781.0,292627
2021-06-24 09:35:26,1781.55,292891
2021-06-24 09:35:27,1781.6,293292
2021-06-24 09:35:28,1781.5,293309
2021-06-24 09:35:29,1781.5,293309
2021-06-24 09:35:30,1780.2,293425
2021-06-24 09:35:31,1780.9,293791
2021-06-24 09:35:32,1780.2,294149
2021-06-24 09:35:34,1780.2,294228
2021-06-24 09:35:35,1779.15,297421
2021-06-24 09:35:36,1778.95,297788
2021-06-24 09:35:37,1779.15,297870
2021-06-24 09:35:38,1779.15,297906
2021-06-24 09:35:39,1779.15,297911
2021-06-24 09:35:40,1779.2,298011
2021-06-24 09:35:41,1779.2,298011
2021-06-24 09:35:42,1779.2,298011
2021-06-24 09:35:43,1778.3,298143
2021-06-24 09:35:43,1778.3,298143
2021-06-24 09:35:45,1779.05,298351
2021-06-24 09:35:46,1778.7,298500
2021-06-24 09:35:48,1779.1,298573
2021-06-24 09:35:49,1779.2,298683
2021-06-24 09:35:50,1779.2,298916
2021-06-24 09:35:52,1779.2,298931
2021-06-24 09:35:53,1778.15,299055
2021-06-24 09:35:55,1779.0,299109
2021-06-24 09:35:56,1779.05,299110
2021-06-24 09:35:57,1779.05,299211
2021-06-24 09:35:57,1778.2,299111
2021-06-24 09:35:58,1779.05,299211
2021-06-24 09:35:59,1779.05,299212
2021-06-24 09:36:00,1778.2,299344
2021-06-24 09:36:01,1778.95,299444
2021-06-24 09:36:03,1778.05,299454
2021-06-24 09:36:04,1779.0,299488
2021-06-24 09:36:05,1779.0,299505
2021-06-24 09:36:05,1779.0,299555
2021-06-24 09:36:06,1779.0,299555
2021-06-24 09:36:08,1779.0,299556
2021-06-24 09:36:09,1778.15,299652
2021-06-24 09:36:10,1779.05,299680
2021-06-24 09:36:11,1779.05,299680
2021-06-24 09:36:12,1779.0,299691
2021-06-24 09:36:13,1778.2,299758
2021-06-24 09:36:14,1778.9,299759
2021-06-24 09:36:15,1778.9,299759
2021-06-24 09:36:16,1778.85,299760
2021-06-24 09:36:17,1778.85,299760
2021-06-24 09:36:18,1778.2,299769
2021-06-24 09:36:19,1779.0,300270
2021-06-24 09:36:20,1779.0,300270
2021-06-24 09:36:21,1778.85,300285
2021-06-24 09:36:21,1778.3,300385
2021-06-24 09:36:22,1778.2,300485
2021-06-24 09:36:24,1778.0,300985
2021-06-24 09:36:25,1778.95,300990
2021-06-24 09:36:26,1778.95,300990
2021-06-24 09:36:27,1778.0,302143
2021-06-24 09:36:28,1778.4,302144
2021-06-24 09:36:28,1778.5,302204
2021-06-24 09:36:30,1778.45,302256
2021-06-24 09:36:32,1778.45,302256
2021-06-24 09:36:34,1778.65,302286
2021-06-24 09:36:35,1778.65,302286
2021-06-24 09:36:36,1778.65,302286
2021-06-24 09:36:37,1777.9,302346
2021-06-24 09:36:38,1778.65,302348
2021-06-24 09:36:39,1778.65,302348
2021-06-24 09:36:40,1778.6,302402
2021-06-24 09:36:41,1778.6,302402
2021-06-24 09:36:42,1778.6,302402
2021-06-24 09:36:43,1778.6,302402
2021-06-24 09:36:44,1778.5,302427
2021-06-24 09:36:44,1778.5,302427
2021-06-24 09:36:45,1777.85,302428
2021-06-24 09:36:47,1778.6,302460
2021-06-24 09:36:47,1777.9,302470
2021-06-24 09:36:48,1777.9,302470
2021-06-24 09:36:49,1777.85,302477
2021-06-24 09:36:50,1777.85,302477
2021-06-24 09:36:52,1779.0,303477
2021-06-24 09:36:53,1779.0,303477
2021-06-24 09:36:55,1777.15,304114
2021-06-24 09:36:55,1777.15,304114
2021-06-24 09:36:57,1777.15,304149
2021-06-24 09:36:57,1777.15,304149
2021-06-24 09:36:58,1776.55,304649
2021-06-24 09:36:59,1777.15,305049
2021-06-24 09:37:00,1777.1,305393
2021-06-24 09:37:01,1777.1,305398
2021-06-24 09:37:03,1777.1,305398
2021-06-24 09:37:05,1777.1,305398
2021-06-24 09:37:05,1777.1,305398
2021-06-24 09:37:06,1776.65,305509
2021-06-24 09:37:07,1776.65,305511
2021-06-24 09:37:09,1776.05,306029
2021-06-24 09:37:10,1776.05,306029
2021-06-24 09:37:11,1776.05,306142
2021-06-24 09:37:12,1775.3,306350
2021-06-24 09:37:13,1775.3,306350
2021-06-24 09:37:14,1775.1,306355
2021-06-24 09:37:15,1775.6,306820
2021-06-24 09:37:17,1775.7,306895
2021-06-24 09:37:17,1775.7,306895
2021-06-24 09:37:18,1775.0,306910
2021-06-24 09:37:19,1775.9,306934
2021-06-24 09:37:20,1775.0,306939
2021-06-24 09:37:22,1775.0,306940
2021-06-24 09:37:23,1775.0,306940
2021-06-24 09:37:24,1775.0,306948
2021-06-24 09:37:25,1775.9,307049
2021-06-24 09:37:26,1775.9,307049
2021-06-24 09:37:27,1775.9,307049
2021-06-24 09:37:28,1775.9,307049
2021-06-24 09:37:29,1775.8,307054
2021-06-24 09:37:30,1775.9,307074
2021-06-24 09:37:30,1775.9,307075
2021-06-24 09:37:31,1776.05,307275
2021-06-24 09:37:32,1776.05,307275
2021-06-24 09:37:33,1776.05,307275
2021-06-24 09:37:34,1775.15,307283
2021-06-24 09:37:35,1775.9,307293
2021-06-24 09:37:36,1775.9,307293
2021-06-24 09:37:37,1775.5,307628
2021-06-24 09:37:39,1776.05,307808
2021-06-24 09:37:40,1776.9,307823
2021-06-24 09:37:40,1776.9,307823
2021-06-24 09:37:41,1776.05,307873
2021-06-24 09:37:42,1776.05,307873
2021-06-24 09:37:43,1776.9,307874
2021-06-24 09:37:45,1776.95,307881
2021-06-24 09:37:46,1777.1,308295
2021-06-24 09:37:47,1777.95,308495
2021-06-24 09:37:47,1777.95,308495
2021-06-24 09:37:48,1777.95,308495
2021-06-24 09:37:49,1777.95,308495
2021-06-24 09:37:52,1776.9,308615
2021-06-24 09:37:54,1777.15,308626
2021-06-24 09:37:55,1777.15,308626
2021-06-24 09:37:56,1777.15,308626
2021-06-24 09:37:57,1777.2,308627
2021-06-24 09:37:57,1777.2,308627
2021-06-24 09:37:58,1777.2,308627
2021-06-24 09:37:59,1777.2,308627
2021-06-24 09:38:01,1777.15,308637
2021-06-24 09:38:02,1777.15,308637
2021-06-24 09:38:03,1777.15,308637
2021-06-24 09:38:04,1777.15,308637
2021-06-24 09:38:05,1777.15,308647
2021-06-24 09:38:05,1777.15,308647
2021-06-24 09:38:06,1777.15,308647
2021-06-24 09:38:09,1777.15,308697
2021-06-24 09:38:11,1777.15,308737
2021-06-24 09:38:12,1777.15,308737
2021-06-24 09:38:12,1777.15,308737
2021-06-24 09:38:13,1777.15,308740
2021-06-24 09:38:15,1776.45,308775
2021-06-24 09:38:17,1776.65,308786
2021-06-24 09:38:18,1776.65,308786
2021-06-24 09:38:19,1776.0,308836
2021-06-24 09:38:20,1776.55,308856
2021-06-24 09:38:21,1776.55,308856
2021-06-24 09:38:21,1776.55,308856
2021-06-24 09:38:22,1776.55,308856
2021-06-24 09:38:23,1776.55,308869
2021-06-24 09:38:25,1776.55,308879
2021-06-24 09:38:26,1776.0,308880
2021-06-24 09:38:27,1776.55,308890
2021-06-24 09:38:27,1776.55,308890
2021-06-24 09:38:29,1776.55,308955
2021-06-24 09:38:32,1776.55,308955
2021-06-24 09:38:33,1776.55,308959
2021-06-24 09:38:34,1776.55,308959
2021-06-24 09:38:35,1776.55,308959
2021-06-24 09:38:36,1775.7,309026
2021-06-24 09:38:36,1775.7,309026
2021-06-24 09:38:37,1775.95,309040
2021-06-24 09:38:39,1776.35,309078
2021-06-24 09:38:41,1776.35,309078
2021-06-24 09:38:42,1775.45,309178
2021-06-24 09:38:42,1775.45,309178
2021-06-24 09:38:43,1776.35,309216
2021-06-24 09:38:45,1776.35,309237
2021-06-24 09:38:45,1776.35,309237
2021-06-24 09:38:46,1776.35,309542
2021-06-24 09:38:47,1776.0,309563
2021-06-24 09:38:48,1776.35,309588
2021-06-24 09:38:50,1776.35,309607
2021-06-24 09:38:51,1776.35,309607
2021-06-24 09:38:52,1776.35,309607
2021-06-24 09:38:52,1776.35,309607
2021-06-24 09:38:53,1776.35,309613
2021-06-24 09:38:54,1776.0,309616
2021-06-24 09:38:57,1776.35,309631
2021-06-24 09:38:58,1776.35,309709
2021-06-24 09:38:58,1776.35,309709
2021-06-24 09:38:59,1776.35,309853
2021-06-24 09:39:00,1776.35,309853
2021-06-24 09:39:02,1776.35,309853
2021-06-24 09:39:03,1776.35,309868
2021-06-24 09:39:04,1776.35,309868
2021-06-24 09:39:04,1776.35,309868
2021-06-24 09:39:05,1776.35,309868
2021-06-24 09:39:08,1776.35,309868
2021-06-24 09:39:09,1775.55,310618
2021-06-24 09:39:10,1775.55,310618
2021-06-24 09:39:11,1776.3,310619
2021-06-24 09:39:12,1776.3,310619
2021-06-24 09:39:14,1776.0,310621
2021-06-24 09:39:15,1776.2,310631
2021-06-24 09:39:16,1776.2,310631
2021-06-24 09:39:17,1776.0,310690
2021-06-24 09:39:17,1776.0,310690
2021-06-24 09:39:19,1776.0,310690
2021-06-24 09:39:20,1776.2,310715
2021-06-24 09:39:21,1776.2,310715
2021-06-24 09:39:22,1776.2,310715
2021-06-24 09:39:23,1775.8,310807
2021-06-24 09:39:23,1775.8,310807
2021-06-24 09:39:24,1775.5,310840
2021-06-24 09:39:26,1775.5,310840
2021-06-24 09:39:27,1775.5,310840
2021-06-24 09:39:28,1776.0,310842
2021-06-24 09:39:29,1776.0,310852
2021-06-24 09:39:30,1775.5,310872
2021-06-24 09:39:31,1775.5,310902
2021-06-24 09:39:32,1775.5,310902
2021-06-24 09:39:33,1775.5,310902
2021-06-24 09:39:34,1775.5,310902
2021-06-24 09:39:35,1775.5,310902
2021-06-24 09:39:35,1775.5,310902
2021-06-24 09:39:36,1775.5,310928
2021-06-24 09:39:38,1776.0,310953
2021-06-24 09:39:39,1776.0,310953
2021-06-24 09:39:40,1776.0,310955
2021-06-24 09:39:41,1776.0,310955
2021-06-24 09:39:42,1775.5,310980
2021-06-24 09:39:42,1775.5,310980
2021-06-24 09:39:44,1775.5,310980
2021-06-24 09:39:45,1775.5,310980
2021-06-24 09:39:45,1775.5,310980
2021-06-24 09:39:46,1775.5,310980
2021-06-24 09:39:48,1775.5,311080
2021-06-24 09:39:49,1775.45,311104
2021-06-24 09:39:50,1775.95,311219
2021-06-24 09:39:51,1775.95,311245
2021-06-24 09:39:52,1775.9,311246
2021-06-24 09:39:53,1775.9,311246
2021-06-24 09:39:54,1775.3,311275
2021-06-24 09:39:54,1775.5,311247
2021-06-24 09:39:55,1775.3,311275
2021-06-24 09:39:57,1775.3,311275
2021-06-24 09:39:58,1775.9,311278
2021-06-24 09:39:59,1775.2,311313
2021-06-24 09:40:00,1775.25,311410
2021-06-24 09:40:00,1775.2,311380
2021-06-24 09:40:02,1775.25,311410
2021-06-24 09:40:03,1775.2,311411
2021-06-24 09:40:04,1775.3,311412
2021-06-24 09:40:05,1775.3,311416
2021-06-24 09:40:06,1775.3,311416
2021-06-24 09:40:06,1775.3,311416
2021-06-24 09:40:08,1775.85,311436
2021-06-24 09:40:09,1775.85,311436
2021-06-24 09:40:10,1775.25,311449
2021-06-24 09:40:11,1775.85,311511
2021-06-24 09:40:11,1775.85,311511
2021-06-24 09:40:13,1775.85,311511
2021-06-24 09:40:14,1775.85,311511
2021-06-24 09:40:15,1775.85,311511
2021-06-24 09:40:16,1775.85,311511
2021-06-24 09:40:17,1775.85,311511
2021-06-24 09:40:17,1775.85,311511
2021-06-24 09:40:19,1775.25,311662
2021-06-24 09:40:20,1775.8,311664
2021-06-24 09:40:21,1775.85,311734
2021-06-24 09:40:22,1775.85,311736
2021-06-24 09:40:22,1775.85,311736
2021-06-24 09:40:23,1775.85,311756
2021-06-24 09:40:25,1775.25,311761
2021-06-24 09:40:26,1775.25,311837
2021-06-24 09:40:27,1775.25,311837
2021-06-24 09:40:28,1775.5,311855
2021-06-24 09:40:29,1775.5,311855
2021-06-24 09:40:31,1775.5,311986
2021-06-24 09:40:32,1775.5,312017
2021-06-24 09:40:33,1775.3,312021
2021-06-24 09:40:34,1775.85,312034
2021-06-24 09:40:35,1775.85,312036
2021-06-24 09:40:36,1775.85,312036
2021-06-24 09:40:36,1775.2,313687
2021-06-24 09:40:37,1775.2,313687
2021-06-24 09:40:39,1775.2,313687
2021-06-24 09:40:40,1775.8,313710
2021-06-24 09:40:41,1775.1,314088
2021-06-24 09:40:42,1775.8,314098
2021-06-24 09:40:43,1775.25,314136
2021-06-24 09:40:43,1775.25,314155
2021-06-24 09:40:44,1775.25,314155
2021-06-24 09:40:46,1775.5,314156
2021-06-24 09:40:47,1775.5,314156
2021-06-24 09:40:48,1775.5,314157
2021-06-24 09:40:49,1775.5,314157
2021-06-24 09:40:50,1775.5,314157
2021-06-24 09:40:51,1775.2,314562
2021-06-24 09:40:52,1775.8,314677
2021-06-24 09:40:53,1775.8,314677
2021-06-24 09:40:54,1775.2,314678
2021-06-24 09:40:55,1775.2,314701
2021-06-24 09:40:56,1775.2,314701
2021-06-24 09:40:57,1775.2,314701
2021-06-24 09:40:58,1775.2,314701
2021-06-24 09:40:59,1775.0,314730
2021-06-24 09:41:01,1775.8,314800
2021-06-24 09:41:02,1775.8,314800
2021-06-24 09:41:03,1775.8,314800
2021-06-24 09:41:04,1775.5,314803
2021-06-24 09:41:05,1775.5,314803
2021-06-24 09:41:05,1775.5,314803
2021-06-24 09:41:07,1775.5,314803
2021-06-24 09:41:08,1775.5,314803
2021-06-24 09:41:09,1775.2,314804
2021-06-24 09:41:10,1775.2,314804
2021-06-24 09:41:10,1775.2,314804
2021-06-24 09:41:13,1775.5,314844
2021-06-24 09:41:14,1775.5,314844
2021-06-24 09:41:15,1775.5,314946
2021-06-24 09:41:16,1775.0,314956
2021-06-24 09:41:17,1775.0,315016
2021-06-24 09:41:18,1775.5,315017
2021-06-24 09:41:18,1775.5,315017
2021-06-24 09:41:19,1774.2,317334
2021-06-24 09:41:21,1774.2,317334
2021-06-24 09:41:22,1774.0,317981
2021-06-24 09:41:23,1774.0,317981
2021-06-24 09:41:26,1774.55,319090
2021-06-24 09:41:28,1774.55,319096
2021-06-24 09:41:29,1774.55,319096
2021-06-24 09:41:30,1773.75,319106
2021-06-24 09:41:31,1773.6,319256
2021-06-24 09:41:32,1773.55,319556
2021-06-24 09:41:33,1773.55,319556
2021-06-24 09:41:34,1773.55,319556
2021-06-24 09:41:35,1773.35,320008
2021-06-24 09:41:36,1774.0,320009
2021-06-24 09:41:37,1774.2,320027
2021-06-24 09:41:38,1774.2,320027
2021-06-24 09:41:39,1774.2,320027
2021-06-24 09:41:40,1773.7,320144
2021-06-24 09:41:41,1773.7,320174
2021-06-24 09:41:42,1774.5,320186
2021-06-24 09:41:43,1774.6,320387
2021-06-24 09:41:44,1774.6,320387
2021-06-24 09:41:45,1775.6,321737
2021-06-24 09:41:46,1775.6,321737
2021-06-24 09:41:47,1775.6,321737
2021-06-24 09:41:49,1775.5,322238
2021-06-24 09:41:50,1774.4,322358
2021-06-24 09:41:52,1775.4,322643
2021-06-24 09:41:53,1775.4,322643
2021-06-24 09:41:54,1775.4,322644
2021-06-24 09:41:55,1774.55,322655
2021-06-24 09:41:56,1775.35,322678
2021-06-24 09:41:57,1775.0,322792
2021-06-24 09:41:58,1774.45,322833
2021-06-24 09:41:59,1774.35,322858
2021-06-24 09:42:00,1775.0,322868
2021-06-24 09:42:02,1775.0,323010
2021-06-24 09:42:01,1775.0,323010
2021-06-24 09:42:03,1773.8,323042
2021-06-24 09:42:04,1774.9,323192
2021-06-24 09:42:05,1774.9,323192
2021-06-24 09:42:06,1774.35,323193
2021-06-24 09:42:08,1774.35,323199
2021-06-24 09:42:10,1774.35,323199
2021-06-24 09:42:11,1774.35,323199
2021-06-24 09:42:13,1774.35,323199
2021-06-24 09:42:14,1774.9,323254
2021-06-24 09:42:15,1774.05,323259
2021-06-24 09:42:16,1774.25,323459
2021-06-24 09:42:17,1774.25,323459
2021-06-24 09:42:18,1774.8,323467
2021-06-24 09:42:19,1774.8,323472
2021-06-24 09:42:20,1774.8,323514
2021-06-24 09:42:21,1774.2,323529
2021-06-24 09:42:22,1774.2,323536
2021-06-24 09:42:24,1774.8,323576
2021-06-24 09:42:25,1774.2,323586
2021-06-24 09:42:26,1774.2,323591
2021-06-24 09:42:27,1774.75,323641
2021-06-24 09:42:28,1773.3,325191
2021-06-24 09:42:29,1773.1,325221
2021-06-24 09:42:30,1773.1,325221
2021-06-24 09:42:31,1773.1,325221
2021-06-24 09:42:32,1773.1,325221
2021-06-24 09:42:33,1773.5,325248
2021-06-24 09:42:34,1773.1,325268
2021-06-24 09:42:35,1773.1,326155
2021-06-24 09:42:36,1773.75,326346
2021-06-24 09:42:37,1773.8,326456
2021-06-24 09:42:38,1773.0,326486
2021-06-24 09:42:39,1773.25,326626
2021-06-24 09:42:40,1773.2,326640
2021-06-24 09:42:41,1773.0,326746
2021-06-24 09:42:43,1773.0,326751
2021-06-24 09:42:44,1773.0,326758
2021-06-24 09:42:45,1773.5,326819
2021-06-24 09:42:46,1773.0,326821
2021-06-24 09:42:47,1773.0,326880
2021-06-24 09:42:48,1773.0,326903
2021-06-24 09:42:49,1773.3,326913
2021-06-24 09:42:50,1773.3,326913
2021-06-24 09:42:51,1773.0,326963
2021-06-24 09:42:52,1773.0,326963
2021-06-24 09:42:53,1773.0,326963
2021-06-24 09:42:54,1773.0,326980
2021-06-24 09:42:55,1773.3,327035
2021-06-24 09:42:56,1773.3,327035
2021-06-24 09:42:57,1773.3,327037
2021-06-24 09:42:58,1773.0,327068
2021-06-24 09:42:59,1773.0,327227
2021-06-24 09:43:00,1773.3,327327
2021-06-24 09:43:01,1773.15,327526
2021-06-24 09:43:02,1773.3,327632
2021-06-24 09:43:03,1773.25,327660
2021-06-24 09:43:04,1773.25,327660
2021-06-24 09:43:05,1773.25,327710
2021-06-24 09:43:06,1773.25,327710
2021-06-24 09:43:07,1773.25,327710
2021-06-24 09:43:08,1773.25,327710
2021-06-24 09:43:09,1773.75,327713
2021-06-24 09:43:10,1774.0,327716
2021-06-24 09:43:12,1773.25,327761
2021-06-24 09:43:13,1773.25,327856
2021-06-24 09:43:14,1773.25,327885
2021-06-24 09:43:15,1773.25,327891
2021-06-24 09:43:16,1773.25,327991
2021-06-24 09:43:17,1773.25,328091
2021-06-24 09:43:19,1773.4,328693
2021-06-24 09:43:20,1773.3,328743
2021-06-24 09:43:21,1773.3,328743
2021-06-24 09:43:22,1773.3,328743
2021-06-24 09:43:23,1773.35,328920
2021-06-24 09:43:24,1773.1,330091
2021-06-24 09:43:25,1773.1,330091
2021-06-24 09:43:27,1771.65,332968
2021-06-24 09:43:28,1771.65,332972
2021-06-24 09:43:29,1771.8,333785
2021-06-24 09:43:30,1772.9,333835
2021-06-24 09:43:31,1772.95,334085
2021-06-24 09:43:32,1771.9,334194
2021-06-24 09:43:33,1772.25,334266
2021-06-24 09:43:34,1772.25,334266
2021-06-24 09:43:35,1772.1,334371
2021-06-24 09:43:36,1772.0,334691
2021-06-24 09:43:37,1772.0,334691
2021-06-24 09:43:39,1772.0,334751
2021-06-24 09:43:39,1772.0,334751
2021-06-24 09:43:40,1772.1,335285
2021-06-24 09:43:41,1772.95,335387
2021-06-24 09:43:42,1772.05,335507
2021-06-24 09:43:43,1772.95,335711
2021-06-24 09:43:45,1772.95,335916
2021-06-24 09:43:45,1772.95,335916
2021-06-24 09:43:46,1772.95,335924
2021-06-24 09:43:47,1772.2,335926
2021-06-24 09:43:48,1772.2,335930
2021-06-24 09:43:49,1772.2,335963
2021-06-24 09:43:50,1772.2,335970
2021-06-24 09:43:51,1772.95,336190
2021-06-24 09:43:52,1772.95,336190
2021-06-24 09:43:53,1772.95,336190
2021-06-24 09:43:54,1772.2,336245
2021-06-24 09:43:56,1772.3,336258
2021-06-24 09:43:56,1772.3,336258
2021-06-24 09:43:57,1772.95,336273
2021-06-24 09:43:58,1772.95,336273
2021-06-24 09:43:59,1772.95,336286
2021-06-24 09:44:00,1772.95,336286
2021-06-24 09:44:01,1772.35,336402
2021-06-24 09:44:02,1772.35,336404
2021-06-24 09:44:03,1772.35,336506
2021-06-24 09:44:04,1772.35,336508
2021-06-24 09:44:05,1772.95,336688
2021-06-24 09:44:06,1772.3,336710
2021-06-24 09:44:07,1772.95,336735
2021-06-24 09:44:09,1772.95,336735
2021-06-24 09:44:09,1772.95,336735
2021-06-24 09:44:11,1772.95,336835
2021-06-24 09:44:11,1772.35,336845
2021-06-24 09:44:12,1772.3,336865
2021-06-24 09:44:13,1772.95,336870
2021-06-24 09:44:14,1772.95,336870
2021-06-24 09:44:15,1772.9,336905
2021-06-24 09:44:16,1772.9,336910
2021-06-24 09:44:17,1772.9,336910
2021-06-24 09:44:18,1772.9,336920
2021-06-24 09:44:19,1772.9,336920
2021-06-24 09:44:20,1772.5,337066
2021-06-24 09:44:22,1772.9,337095
2021-06-24 09:44:22,1772.9,337095
2021-06-24 09:44:23,1772.95,337195
2021-06-24 09:44:24,1772.55,337231
2021-06-24 09:44:25,1772.95,337342
2021-06-24 09:44:26,1772.95,337343
2021-06-24 09:44:28,1772.95,337554
2021-06-24 09:44:29,1772.95,337554
2021-06-24 09:44:30,1772.95,337554
2021-06-24 09:44:32,1772.95,337604
2021-06-24 09:44:32,1772.95,337604
2021-06-24 09:44:33,1772.9,337643
2021-06-24 09:44:34,1772.9,337675
2021-06-24 09:44:35,1772.95,337753
2021-06-24 09:44:36,1772.95,337753
2021-06-24 09:44:37,1772.95,337753
2021-06-24 09:44:38,1772.95,337753
2021-06-24 09:44:39,1772.15,337758
2021-06-24 09:44:40,1772.95,337759
2021-06-24 09:44:41,1772.95,337934
2021-06-24 09:44:42,1772.9,337954
2021-06-24 09:44:43,1772.95,338104
2021-06-24 09:44:44,1772.9,338109
2021-06-24 09:44:46,1772.2,338154
2021-06-24 09:44:46,1772.2,338154
2021-06-24 09:44:47,1772.9,338225
2021-06-24 09:44:48,1772.1,338235
2021-06-24 09:44:49,1772.3,338320
2021-06-24 09:44:50,1772.95,338350
2021-06-24 09:44:51,1772.95,338350
2021-06-24 09:44:52,1772.3,338352
2021-06-24 09:44:54,1772.0,339363
2021-06-24 09:44:55,1772.0,339363
2021-06-24 09:44:56,1772.0,339363
2021-06-24 09:44:57,1772.8,339368
2021-06-24 09:44:58,1771.95,340098
2021-06-24 09:44:59,1771.95,340098
2021-06-24 09:45:00,1772.8,340104
2021-06-24 09:45:01,1771.95,340229
2021-06-24 09:45:02,1771.95,340304
2021-06-24 09:45:03,1772.0,340339
2021-06-24 09:45:04,1772.0,340391
2021-06-24 09:45:05,1772.75,340442
2021-06-24 09:45:06,1772.75,340442
2021-06-24 09:45:07,1772.8,340538
2021-06-24 09:45:08,1772.15,340588
2021-06-24 09:45:09,1772.8,340635
2021-06-24 09:45:10,1772.8,340659
2021-06-24 09:45:12,1772.75,340670
2021-06-24 09:45:12,1772.8,340685
2021-06-24 09:45:13,1772.8,340685
2021-06-24 09:45:14,1772.1,340705
2021-06-24 09:45:15,1772.75,340820
2021-06-24 09:45:16,1772.8,340927
2021-06-24 09:45:18,1772.75,341058
2021-06-24 09:45:18,1772.75,341058
2021-06-24 09:45:19,1772.1,341068
2021-06-24 09:45:20,1772.75,341205
2021-06-24 09:45:21,1772.95,343525
2021-06-24 09:45:22,1772.95,343525
2021-06-24 09:45:23,1772.95,343525
2021-06-24 09:45:24,1772.4,343545
2021-06-24 09:45:25,1772.4,343590
2021-06-24 09:45:27,1772.4,343600
2021-06-24 09:45:28,1772.4,343600
2021-06-24 09:45:29,1772.8,343611
2021-06-24 09:45:30,1773.05,345079
2021-06-24 09:45:31,1773.05,345079
2021-06-24 09:45:32,1773.05,345079
2021-06-24 09:45:33,1772.55,345081
2021-06-24 09:45:34,1772.55,345091
2021-06-24 09:45:35,1773.45,345140
2021-06-24 09:45:36,1773.7,345240
2021-06-24 09:45:37,1773.7,345240
2021-06-24 09:45:38,1773.7,345240
2021-06-24 09:45:39,1773.65,345340
2021-06-24 09:45:40,1773.85,345510
2021-06-24 09:45:42,1773.9,345565
2021-06-24 09:45:43,1773.3,345580
2021-06-24 09:45:43,1773.85,345708
2021-06-24 09:45:45,1773.8,345813
2021-06-24 09:45:45,1773.8,345813
2021-06-24 09:45:46,1773.8,345813
2021-06-24 09:45:48,1773.45,345824
2021-06-24 09:45:48,1773.45,345824
2021-06-24 09:45:49,1773.45,346049
2021-06-24 09:45:50,1773.45,346604
2021-06-24 09:45:51,1773.45,346604
2021-06-24 09:45:52,1773.45,346604
2021-06-24 09:45:53,1773.8,346640
2021-06-24 09:45:54,1773.8,346650
2021-06-24 09:45:56,1773.8,346650
2021-06-24 09:45:57,1773.8,346655
2021-06-24 09:45:58,1773.9,346755
2021-06-24 09:45:58,1773.9,346760
2021-06-24 09:45:59,1773.65,346765
2021-06-24 09:46:01,1773.65,346814
2021-06-24 09:46:02,1773.05,347154
2021-06-24 09:46:03,1774.0,347335
2021-06-24 09:46:04,1772.95,347375
2021-06-24 09:46:05,1772.95,347375
2021-06-24 09:46:06,1773.8,347477
2021-06-24 09:46:06,1773.7,347662
2021-06-24 09:46:07,1773.7,347669
2021-06-24 09:46:09,1773.7,347669
2021-06-24 09:46:10,1773.7,347669
2021-06-24 09:46:11,1773.7,347669
2021-06-24 09:46:11,1773.7,347669
2021-06-24 09:46:12,1773.9,347793
2021-06-24 09:46:13,1773.5,347798
2021-06-24 09:46:15,1773.5,347822
2021-06-24 09:46:16,1773.5,347883
2021-06-24 09:46:17,1773.65,347884
2021-06-24 09:46:18,1772.5,348161
2021-06-24 09:46:19,1773.1,348288
2021-06-24 09:46:20,1773.15,348294
2021-06-24 09:46:22,1773.15,348294
2021-06-24 09:46:23,1772.1,348554
2021-06-24 09:46:24,1772.8,348568
2021-06-24 09:46:25,1771.95,348904
2021-06-24 09:46:26,1772.7,348944
2021-06-24 09:46:27,1772.55,349112
2021-06-24 09:46:28,1772.55,349112
2021-06-24 09:46:29,1772.55,349112
2021-06-24 09:46:30,1771.6,349122
2021-06-24 09:46:32,1772.45,349168
2021-06-24 09:46:33,1771.9,349175
2021-06-24 09:46:34,1771.9,349208
2021-06-24 09:46:35,1771.3,349367
2021-06-24 09:46:36,1771.3,349367
2021-06-24 09:46:37,1771.3,349367
2021-06-24 09:46:38,1771.3,349367
2021-06-24 09:46:39,1771.2,349876
2021-06-24 09:46:40,1772.2,350286
2021-06-24 09:46:40,1771.2,350398
2021-06-24 09:46:41,1772.1,350458
2021-06-24 09:46:42,1771.2,350631
2021-06-24 09:46:44,1771.15,350636
2021-06-24 09:46:45,1771.45,350701
2021-06-24 09:46:46,1771.45,350805
2021-06-24 09:46:47,1771.45,350805
2021-06-24 09:46:47,1771.45,350805
2021-06-24 09:46:48,1771.45,350805
2021-06-24 09:46:49,1771.45,350805
2021-06-24 09:46:50,1771.5,351217
2021-06-24 09:46:51,1771.8,351242
2021-06-24 09:46:53,1771.05,351246
2021-06-24 09:46:54,1771.3,351270
2021-06-24 09:46:54,1771.95,351296
2021-06-24 09:46:55,1771.15,351830
2021-06-24 09:46:56,1770.2,352636
2021-06-24 09:46:57,1770.25,352712
2021-06-24 09:47:00,1770.2,352784
2021-06-24 09:47:01,1770.05,353380
2021-06-24 09:47:02,1770.0,356588
2021-06-24 09:47:02,1770.0,356487
2021-06-24 09:47:03,1770.45,356603
2021-06-24 09:47:04,1770.0,356642
2021-06-24 09:47:05,1770.0,356667
2021-06-24 09:47:06,1770.05,357393
2021-06-24 09:47:07,1770.0,357403
2021-06-24 09:47:09,1770.0,357403
2021-06-24 09:47:11,1769.35,358025
2021-06-24 09:47:12,1769.3,361640
2021-06-24 09:47:13,1769.35,361840
2021-06-24 09:47:14,1768.4,361954
2021-06-24 09:47:16,1769.1,362030
2021-06-24 09:47:17,1769.15,362045
2021-06-24 09:47:18,1769.05,362256
2021-06-24 09:47:18,1769.05,362256
2021-06-24 09:47:19,1768.95,364668
2021-06-24 09:47:20,1769.2,364695
2021-06-24 09:47:22,1768.5,365986
2021-06-24 09:47:24,1769.0,366016
2021-06-24 09:47:25,1769.0,366049
2021-06-24 09:47:26,1768.4,366238
2021-06-24 09:47:26,1768.4,366238
2021-06-24 09:47:27,1768.75,366584
2021-06-24 09:47:28,1768.4,366622
2021-06-24 09:47:29,1769.0,366787
2021-06-24 09:47:31,1769.3,367075
2021-06-24 09:47:32,1769.35,367137
2021-06-24 09:47:33,1769.35,367137
2021-06-24 09:47:34,1769.25,367206
2021-06-24 09:47:35,1769.95,367358
2021-06-24 09:47:36,1769.2,367436
2021-06-24 09:47:37,1769.0,367616
2021-06-24 09:47:39,1769.95,367626
2021-06-24 09:47:40,1769.1,367921
2021-06-24 09:47:40,1769.1,367921
2021-06-24 09:47:41,1769.1,367921
2021-06-24 09:47:42,1770.0,367932
2021-06-24 09:47:43,1770.0,368455
2021-06-24 09:47:44,1770.0,368465
2021-06-24 09:47:45,1770.2,369127
2021-06-24 09:47:46,1769.7,369245
2021-06-24 09:47:48,1769.9,369450
2021-06-24 09:47:49,1770.75,369455
2021-06-24 09:47:50,1770.75,369455
2021-06-24 09:47:51,1769.6,369955
2021-06-24 09:47:52,1770.0,370082
2021-06-24 09:47:53,1770.6,370098
2021-06-24 09:47:54,1769.4,370198
2021-06-24 09:47:55,1769.25,370324
2021-06-24 09:47:55,1769.25,370324
2021-06-24 09:47:56,1769.2,370424
2021-06-24 09:47:58,1769.2,370424
2021-06-24 09:47:59,1769.2,370424
2021-06-24 09:48:00,1769.95,370580
2021-06-24 09:48:01,1770.0,370749
2021-06-24 09:48:02,1769.45,371097
2021-06-24 09:48:03,1769.45,371097
2021-06-24 09:48:03,1769.45,371097
2021-06-24 09:48:04,1769.45,371097
2021-06-24 09:48:05,1769.4,371161
2021-06-24 09:48:07,1769.4,371191
2021-06-24 09:48:08,1770.1,372071
2021-06-24 09:48:09,1770.1,372101
2021-06-24 09:48:10,1770.1,372121
2021-06-24 09:48:11,1770.15,372123
2021-06-24 09:48:12,1770.15,372123
2021-06-24 09:48:13,1770.15,372132
2021-06-24 09:48:14,1770.2,372172
2021-06-24 09:48:14,1770.2,372172
2021-06-24 09:48:15,1770.65,372270
2021-06-24 09:48:16,1770.15,372570
2021-06-24 09:48:18,1770.2,372575
2021-06-24 09:48:21,1770.8,372581
2021-06-24 09:48:21,1770.8,372581
2021-06-24 09:48:22,1770.8,372581
2021-06-24 09:48:23,1770.8,372581
2021-06-24 09:48:25,1770.8,372581
2021-06-24 09:48:26,1770.75,372618
2021-06-24 09:48:27,1770.75,372618
2021-06-24 09:48:28,1770.8,372720
2021-06-24 09:48:29,1770.8,372775
2021-06-24 09:48:30,1770.8,372785
2021-06-24 09:48:31,1771.35,373276
2021-06-24 09:48:32,1770.8,373470
2021-06-24 09:48:32,1770.8,373470
2021-06-24 09:48:33,1770.8,373470
2021-06-24 09:48:34,1771.65,373775
2021-06-24 09:48:36,1771.65,373775
2021-06-24 09:48:37,1771.65,373780
2021-06-24 09:48:38,1772.0,374672
2021-06-24 09:48:38,1770.8,373880
2021-06-24 09:48:39,1770.9,374677
2021-06-24 09:48:41,1770.9,374677
2021-06-24 09:48:42,1770.75,374706
2021-06-24 09:48:43,1771.65,374709
2021-06-24 09:48:43,1771.65,374709
2021-06-24 09:48:45,1770.25,374927
2021-06-24 09:48:47,1770.35,374931
2021-06-24 09:48:48,1771.35,374933
2021-06-24 09:48:49,1771.35,374933
2021-06-24 09:48:50,1771.35,374933
2021-06-24 09:48:51,1770.55,374975
2021-06-24 09:48:51,1770.55,374975
2021-06-24 09:48:52,1770.55,374975
2021-06-24 09:48:53,1771.5,375175
2021-06-24 09:48:55,1771.45,375275
2021-06-24 09:48:56,1771.25,375285
2021-06-24 09:48:57,1771.25,375285
2021-06-24 09:48:58,1771.25,375285
2021-06-24 09:48:58,1771.25,375285
2021-06-24 09:48:59,1770.65,375290
2021-06-24 09:49:01,1771.35,375295
2021-06-24 09:49:02,1770.3,375495
2021-06-24 09:49:03,1770.3,375560
2021-06-24 09:49:04,1771.2,375570
2021-06-24 09:49:04,1771.2,375570
2021-06-24 09:49:05,1771.2,375578
2021-06-24 09:49:06,1771.2,375578
2021-06-24 09:49:07,1771.2,375583
2021-06-24 09:49:09,1770.3,375603
2021-06-24 09:49:10,1770.3,375603
2021-06-24 09:49:11,1770.3,375603
2021-06-24 09:49:12,1771.35,375893
2021-06-24 09:49:12,1771.35,375893
2021-06-24 09:49:13,1771.35,375893
2021-06-24 09:49:14,1771.35,375893
2021-06-24 09:49:16,1771.3,375894
2021-06-24 09:49:17,1770.5,375906
2021-06-24 09:49:18,1770.5,375906
2021-06-24 09:49:19,1770.5,375906
2021-06-24 09:49:19,1770.5,375906
2021-06-24 09:49:20,1771.25,375907
2021-06-24 09:49:22,1771.0,375922
2021-06-24 09:49:23,1771.0,375932
2021-06-24 09:49:24,1770.55,375942
2021-06-24 09:49:25,1771.0,376042
2021-06-24 09:49:25,1771.0,376042
2021-06-24 09:49:26,1770.55,376044
2021-06-24 09:49:27,1770.55,376144
2021-06-24 09:49:29,1770.55,376154
2021-06-24 09:49:30,1770.55,376158
2021-06-24 09:49:31,1770.55,376158
2021-06-24 09:49:31,1770.55,376158
2021-06-24 09:49:32,1770.95,376162
2021-06-24 09:49:34,1770.95,376162
2021-06-24 09:49:35,1770.95,376162
2021-06-24 09:49:36,1770.6,376234
2021-06-24 09:49:37,1770.95,376284
2021-06-24 09:49:38,1770.95,376294
2021-06-24 09:49:38,1770.6,376296
2021-06-24 09:49:39,1771.05,376613
2021-06-24 09:49:40,1771.05,376627
2021-06-24 09:49:42,1771.05,376632
2021-06-24 09:49:43,1771.05,376652
2021-06-24 09:49:44,1771.05,376657
2021-06-24 09:49:45,1771.05,376792
2021-06-24 09:49:46,1771.05,376792
2021-06-24 09:49:47,1771.0,377317
2021-06-24 09:49:47,1771.0,377317
2021-06-24 09:49:48,1771.0,377402
2021-06-24 09:49:49,1771.0,377412
2021-06-24 09:49:50,1771.0,377718
2021-06-24 09:49:52,1771.0,378353
2021-06-24 09:49:53,1771.0,378353
2021-06-24 09:49:54,1771.0,378368
2021-06-24 09:49:54,1771.0,378368
2021-06-24 09:49:55,1770.6,378369
2021-06-24 09:49:56,1771.0,378372
2021-06-24 09:49:57,1771.0,378372
2021-06-24 09:49:59,1771.0,378372
2021-06-24 09:50:00,1770.5,378772
2021-06-24 09:50:02,1770.6,378773
2021-06-24 09:50:03,1770.6,378773
2021-06-24 09:50:04,1770.6,378784
2021-06-24 09:50:04,1770.6,378784
2021-06-24 09:50:05,1770.6,378814
2021-06-24 09:50:06,1770.6,378814
2021-06-24 09:50:07,1770.6,378914
2021-06-24 09:50:09,1770.6,378914
2021-06-24 09:50:10,1770.6,378914
2021-06-24 09:50:11,1770.6,378998
2021-06-24 09:50:13,1770.6,379348
2021-06-24 09:50:14,1770.6,379348
2021-06-24 09:50:14,1770.6,379348
2021-06-24 09:50:15,1770.6,379348
2021-06-24 09:50:16,1770.6,379348
2021-06-24 09:50:18,1770.6,379348
2021-06-24 09:50:19,1770.6,379361
2021-06-24 09:50:20,1770.0,380765
2021-06-24 09:50:22,1770.45,380855
2021-06-24 09:50:22,1770.45,380855
2021-06-24 09:50:23,1770.45,380855
2021-06-24 09:50:24,1770.3,380856
2021-06-24 09:50:26,1770.6,380988
2021-06-24 09:50:27,1770.6,380988
2021-06-24 09:50:28,1770.6,380993
2021-06-24 09:50:29,1770.6,381018
2021-06-24 09:50:30,1770.6,381018
2021-06-24 09:50:30,1770.6,381018
2021-06-24 09:50:32,1770.6,381018
2021-06-24 09:50:33,1770.6,381101
2021-06-24 09:50:34,1770.6,381101
2021-06-24 09:50:35,1770.6,381101
2021-06-24 09:50:36,1770.6,381103
2021-06-24 09:50:37,1770.6,381103
2021-06-24 09:50:37,1770.6,381103
2021-06-24 09:50:39,1770.0,381166
2021-06-24 09:50:40,1770.0,381166
2021-06-24 09:50:41,1770.6,381226
2021-06-24 09:50:42,1770.6,381226
2021-06-24 09:50:42,1770.3,381276
2021-06-24 09:50:43,1770.1,381282
2021-06-24 09:50:44,1770.1,381282
2021-06-24 09:50:46,1770.1,381282
2021-06-24 09:50:47,1770.6,381284
2021-06-24 09:50:48,1770.6,381284
2021-06-24 09:50:49,1770.6,381284
2021-06-24 09:50:49,1770.6,381284
2021-06-24 09:50:52,1770.1,381377
2021-06-24 09:50:53,1770.1,381377
2021-06-24 09:50:54,1770.6,381386
2021-06-24 09:50:55,1770.1,381406
2021-06-24 09:50:56,1770.9,381606
2021-06-24 09:50:58,1770.15,381716
2021-06-24 09:50:59,1770.95,381751
2021-06-24 09:51:00,1770.15,381753
2021-06-24 09:51:01,1770.95,381813
2021-06-24 09:51:02,1771.0,382843
2021-06-24 09:51:02,1771.0,382843
2021-06-24 09:51:04,1771.0,382843
2021-06-24 09:51:05,1770.95,382868
2021-06-24 09:51:05,1770.95,382868
2021-06-24 09:51:06,1770.95,382868
2021-06-24 09:51:07,1771.0,382878
2021-06-24 09:51:08,1770.95,383112
2021-06-24 09:51:09,1770.95,383252
2021-06-24 09:51:11,1771.0,383259
2021-06-24 09:51:12,1771.0,383269
2021-06-24 09:51:13,1771.0,383531
2021-06-24 09:51:14,1770.95,383631
2021-06-24 09:51:15,1770.95,383631
2021-06-24 09:51:16,1771.0,383633
2021-06-24 09:51:17,1771.0,383638
2021-06-24 09:51:18,1771.0,383638
2021-06-24 09:51:19,1771.2,383649
2021-06-24 09:51:20,1771.2,383650
2021-06-24 09:51:22,1771.2,383750
2021-06-24 09:51:23,1771.5,384099
2021-06-24 09:51:23,1771.5,384099
2021-06-24 09:51:25,1771.5,384099
2021-06-24 09:51:26,1771.9,384199
2021-06-24 09:51:27,1771.9,384219
2021-06-24 09:51:28,1771.9,384219
2021-06-24 09:51:29,1772.0,384823
2021-06-24 09:51:29,1772.0,384823
2021-06-24 09:51:31,1772.0,384823
2021-06-24 09:51:32,1772.0,384823
2021-06-24 09:51:33,1772.0,384823
2021-06-24 09:51:34,1771.9,384833
2021-06-24 09:51:35,1771.9,384833
2021-06-24 09:51:35,1771.9,384833
2021-06-24 09:51:37,1771.9,384833
2021-06-24 09:51:38,1771.9,384833
2021-06-24 09:51:39,1772.0,384834
2021-06-24 09:51:40,1772.6,384836
2021-06-24 09:51:41,1772.0,384890
2021-06-24 09:51:42,1772.6,384940
2021-06-24 09:51:42,1772.6,384940
2021-06-24 09:51:44,1772.6,384940
2021-06-24 09:51:45,1772.6,385005
2021-06-24 09:51:46,1772.6,385005
2021-06-24 09:51:47,1772.95,385205
2021-06-24 09:51:48,1772.0,385206
2021-06-24 09:51:49,1772.0,385206
2021-06-24 09:51:50,1772.85,385321
2021-06-24 09:51:51,1772.85,385321
2021-06-24 09:51:53,1772.85,385321
2021-06-24 09:51:53,1772.85,385331
2021-06-24 09:51:55,1772.0,385357
2021-06-24 09:51:56,1772.0,385357
2021-06-24 09:51:57,1772.0,385357
2021-06-24 09:51:58,1772.85,385458
2021-06-24 09:51:58,1772.15,385508
2021-06-24 09:51:59,1772.85,385514
2021-06-24 09:52:01,1772.15,385570
2021-06-24 09:52:02,1772.85,385571
2021-06-24 09:52:03,1772.85,385571
2021-06-24 09:52:04,1772.85,385575
2021-06-24 09:52:05,1772.85,385590
2021-06-24 09:52:06,1772.85,385590
2021-06-24 09:52:07,1772.85,385590
2021-06-24 09:52:08,1772.85,385590
2021-06-24 09:52:08,1772.85,385590
2021-06-24 09:52:10,1772.4,385591
2021-06-24 09:52:10,1772.85,385641
2021-06-24 09:52:12,1772.85,385641
2021-06-24 09:52:13,1772.85,385641
2021-06-24 09:52:14,1772.85,385641
2021-06-24 09:52:15,1772.85,385842
2021-06-24 09:52:15,1772.85,385842
2021-06-24 09:52:18,1772.95,385942
2021-06-24 09:52:19,1772.95,385942
2021-06-24 09:52:20,1772.4,386054
2021-06-24 09:52:21,1772.4,386054
2021-06-24 09:52:22,1772.4,386054
2021-06-24 09:52:23,1772.95,386057
2021-06-24 09:52:24,1772.95,386057
2021-06-24 09:52:25,1772.95,386057
2021-06-24 09:52:26,1772.95,386057
2021-06-24 09:52:27,1772.95,386057
2021-06-24 09:52:28,1772.95,386057
2021-06-24 09:52:29,1772.95,386057
2021-06-24 09:52:31,1773.0,386763
2021-06-24 09:52:30,1773.0,386763
2021-06-24 09:52:32,1773.0,386763
2021-06-24 09:52:33,1773.0,386783
2021-06-24 09:52:34,1773.0,386786
2021-06-24 09:52:35,1773.35,387286
2021-06-24 09:52:36,1773.35,387286
2021-06-24 09:52:38,1774.35,387769
2021-06-24 09:52:39,1774.05,387790
2021-06-24 09:52:40,1774.05,387790
2021-06-24 09:52:41,1773.65,388471
2021-06-24 09:52:42,1773.65,388471
2021-06-24 09:52:43,1774.35,388486
2021-06-24 09:52:44,1774.45,388531
2021-06-24 09:52:45,1773.85,388716
2021-06-24 09:52:46,1774.75,388757
2021-06-24 09:52:47,1774.75,388807
2021-06-24 09:52:48,1774.75,388808
2021-06-24 09:52:49,1774.75,388808
2021-06-24 09:52:50,1774.75,388808
2021-06-24 09:52:51,1774.85,388859
2021-06-24 09:52:52,1774.9,388876
2021-06-24 09:52:53,1774.75,388937
2021-06-24 09:52:54,1775.0,389311
2021-06-24 09:52:55,1774.75,389365
2021-06-24 09:52:56,1775.0,389465
2021-06-24 09:52:57,1775.0,389465
2021-06-24 09:52:58,1775.0,389467
2021-06-24 09:52:59,1775.0,389500
2021-06-24 09:53:00,1775.5,390182
2021-06-24 09:53:01,1775.65,390202
2021-06-24 09:53:02,1776.0,390366
2021-06-24 09:53:03,1775.85,390479
2021-06-24 09:53:04,1775.15,390502
2021-06-24 09:53:05,1775.15,390502
2021-06-24 09:53:06,1775.15,390502
2021-06-24 09:53:08,1776.0,391291
2021-06-24 09:53:09,1775.85,391333
2021-06-24 09:53:10,1776.15,391653
2021-06-24 09:53:11,1776.0,391753
2021-06-24 09:53:12,1776.0,391813
2021-06-24 09:53:13,1776.0,391828
2021-06-24 09:53:16,1775.85,392590
2021-06-24 09:53:17,1776.0,392724
2021-06-24 09:53:18,1776.0,392783
2021-06-24 09:53:19,1776.0,392914
2021-06-24 09:53:20,1776.1,392945
2021-06-24 09:53:21,1776.1,392945
2021-06-24 09:53:22,1775.85,393045
2021-06-24 09:53:23,1776.0,393115
2021-06-24 09:53:24,1776.0,393287
2021-06-24 09:53:25,1776.15,393342
2021-06-24 09:53:26,1776.15,393342
2021-06-24 09:53:27,1776.15,393342
2021-06-24 09:53:28,1776.15,393342
2021-06-24 09:53:29,1776.15,393342
2021-06-24 09:53:30,1776.0,393442
2021-06-24 09:53:31,1776.0,393442
2021-06-24 09:53:32,1776.0,393442
2021-06-24 09:53:33,1776.0,393645
2021-06-24 09:53:34,1776.0,393657
2021-06-24 09:53:35,1776.0,393667
2021-06-24 09:53:36,1776.0,393667
2021-06-24 09:53:37,1776.0,393701
2021-06-24 09:53:39,1776.0,393726
2021-06-24 09:53:40,1776.0,393814
2021-06-24 09:53:41,1776.0,393819
2021-06-24 09:53:42,1776.15,393959
2021-06-24 09:53:43,1776.0,393960
2021-06-24 09:53:44,1776.0,393960
2021-06-24 09:53:45,1776.0,393960
2021-06-24 09:53:46,1776.0,393960
2021-06-24 09:53:47,1776.0,394010
2021-06-24 09:53:48,1776.15,394015
2021-06-24 09:53:49,1776.0,394065
2021-06-24 09:53:50,1776.0,394087
2021-06-24 09:53:52,1776.15,394089
2021-06-24 09:53:53,1776.15,394099
2021-06-24 09:53:54,1776.0,394399
2021-06-24 09:53:55,1776.0,394399
2021-06-24 09:53:56,1776.15,394549
2021-06-24 09:53:57,1776.05,394551
2021-06-24 09:53:58,1776.05,394569
2021-06-24 09:53:59,1776.05,394569
2021-06-24 09:54:00,1776.05,394569
2021-06-24 09:54:01,1776.05,394569
2021-06-24 09:54:02,1776.0,394589
2021-06-24 09:54:03,1776.0,394604
2021-06-24 09:54:04,1776.0,394604
2021-06-24 09:54:05,1776.0,394619
2021-06-24 09:54:06,1776.0,394679
2021-06-24 09:54:07,1776.15,394839
2021-06-24 09:54:08,1776.15,394839
2021-06-24 09:54:09,1775.85,394859
2021-06-24 09:54:10,1775.85,394859
2021-06-24 09:54:12,1775.35,394969
2021-06-24 09:54:13,1775.35,394969
2021-06-24 09:54:14,1775.7,395049
2021-06-24 09:54:15,1775.7,395049
2021-06-24 09:54:16,1775.7,395049
2021-06-24 09:54:17,1775.0,395130
2021-06-24 09:54:18,1775.0,395140
2021-06-24 09:54:19,1775.25,395151
2021-06-24 09:54:20,1775.65,395161
2021-06-24 09:54:21,1775.25,395215
2021-06-24 09:54:22,1775.25,395315
2021-06-24 09:54:23,1775.25,395315
2021-06-24 09:54:24,1775.25,395315
2021-06-24 09:54:26,1775.25,395515
2021-06-24 09:54:27,1775.25,395515
2021-06-24 09:54:28,1775.25,395605
2021-06-24 09:54:29,1775.25,395605
2021-06-24 09:54:31,1775.65,395709
2021-06-24 09:54:31,1775.25,395727
2021-06-24 09:54:32,1775.25,395727
2021-06-24 09:54:33,1775.25,395727
2021-06-24 09:54:35,1775.25,395727
2021-06-24 09:54:36,1775.0,395827
2021-06-24 09:54:37,1775.0,395827
2021-06-24 09:54:39,1775.0,395827
2021-06-24 09:54:40,1775.0,395827
2021-06-24 09:54:40,1775.0,395827
2021-06-24 09:54:41,1775.0,395827
2021-06-24 09:54:42,1775.55,395828
2021-06-24 09:54:43,1775.55,395828
2021-06-24 09:54:44,1775.55,395868
2021-06-24 09:54:46,1774.8,395968
2021-06-24 09:54:46,1774.8,395968
2021-06-24 09:54:48,1775.5,396009
2021-06-24 09:54:49,1775.5,396009
2021-06-24 09:54:50,1775.5,396009
2021-06-24 09:54:52,1774.75,396109
2021-06-24 09:54:52,1774.75,396109
2021-06-24 09:54:53,1774.75,396109
2021-06-24 09:54:54,1774.75,396124
2021-06-24 09:54:55,1774.75,396124
2021-06-24 09:54:56,1774.75,396124
2021-06-24 09:54:57,1774.75,396124
2021-06-24 09:54:58,1774.75,396134
2021-06-24 09:54:59,1774.75,396184
2021-06-24 09:55:01,1774.75,396184
2021-06-24 09:55:01,1774.75,396184
2021-06-24 09:55:02,1774.15,396284
2021-06-24 09:55:03,1774.15,396284
2021-06-24 09:55:04,1773.85,396434
2021-06-24 09:55:06,1773.85,396434
2021-06-24 09:55:06,1773.85,396434
2021-06-24 09:55:08,1773.85,396434
2021-06-24 09:55:09,1773.95,396494
2021-06-24 09:55:10,1773.4,396497
2021-06-24 09:55:13,1773.05,396552
2021-06-24 09:55:13,1773.05,396552
2021-06-24 09:55:14,1773.05,396552
2021-06-24 09:55:15,1773.05,396552
2021-06-24 09:55:16,1773.5,396602
2021-06-24 09:55:17,1773.55,396654
2021-06-24 09:55:18,1773.0,396751
2021-06-24 09:55:19,1772.55,396805
2021-06-24 09:55:20,1772.5,396855
2021-06-24 09:55:21,1772.5,396855
2021-06-24 09:55:23,1773.0,397055
2021-06-24 09:55:23,1773.0,397055
2021-06-24 09:55:24,1772.4,397194
2021-06-24 09:55:25,1772.4,397194
2021-06-24 09:55:26,1772.4,397194
2021-06-24 09:55:27,1772.4,397194
2021-06-24 09:55:28,1772.4,397194
2021-06-24 09:55:30,1772.55,397294
2021-06-24 09:55:30,1772.55,397294
2021-06-24 09:55:31,1772.5,397299
2021-06-24 09:55:32,1772.5,397299
2021-06-24 09:55:33,1772.5,397299
2021-06-24 09:55:34,1772.5,397299
2021-06-24 09:55:35,1772.5,397299
2021-06-24 09:55:36,1772.5,397299
2021-06-24 09:55:37,1772.5,397375
2021-06-24 09:55:38,1772.55,397380
2021-06-24 09:55:39,1772.5,397455
2021-06-24 09:55:40,1772.65,397590
2021-06-24 09:55:41,1772.65,397590
2021-06-24 09:55:43,1772.65,397650
2021-06-24 09:55:44,1772.65,397670
2021-06-24 09:55:45,1772.65,397670
2021-06-24 09:55:46,1772.65,397675
2021-06-24 09:55:47,1772.65,397675
2021-06-24 09:55:48,1772.65,397675
2021-06-24 09:55:50,1772.5,397710
2021-06-24 09:55:51,1772.65,397787
2021-06-24 09:55:51,1772.65,397787
2021-06-24 09:55:52,1772.65,397787
2021-06-24 09:55:53,1772.65,397798
2021-06-24 09:55:54,1772.65,397798
2021-06-24 09:55:55,1772.65,397798
2021-06-24 09:55:57,1772.5,397823
2021-06-24 09:55:57,1772.5,397823
2021-06-24 09:55:58,1772.5,397823
2021-06-24 09:55:59,1772.65,397825
2021-06-24 09:56:00,1772.65,397825
2021-06-24 09:56:02,1772.65,397959
2021-06-24 09:56:02,1772.65,397959
2021-06-24 09:56:03,1773.0,398009
2021-06-24 09:56:05,1773.0,398011
2021-06-24 09:56:05,1773.0,398011
2021-06-24 09:56:07,1773.0,398011
2021-06-24 09:56:08,1774.3,399150
2021-06-24 09:56:09,1774.3,399150
2021-06-24 09:56:10,1774.25,399165
2021-06-24 09:56:11,1774.25,399165
2021-06-24 09:56:12,1773.3,399167
2021-06-24 09:56:13,1773.15,399179
2021-06-24 09:56:14,1773.95,399194
2021-06-24 09:56:16,1774.0,399313
2021-06-24 09:56:17,1773.65,399378
2021-06-24 09:56:18,1773.9,399394
2021-06-24 09:56:19,1774.25,399494
2021-06-24 09:56:20,1774.0,399544
2021-06-24 09:56:22,1774.0,399544
2021-06-24 09:56:22,1774.0,399544
2021-06-24 09:56:23,1774.0,399544
2021-06-24 09:56:24,1773.5,399546
2021-06-24 09:56:25,1773.5,399546
2021-06-24 09:56:26,1773.5,399546
2021-06-24 09:56:27,1773.5,399546
2021-06-24 09:56:28,1773.5,399546
2021-06-24 09:56:29,1773.75,399558
2021-06-24 09:56:30,1773.75,399558
2021-06-24 09:56:31,1773.75,399558
2021-06-24 09:56:32,1773.75,399559
2021-06-24 09:56:34,1773.75,399559
2021-06-24 09:56:35,1773.75,399559
2021-06-24 09:56:36,1773.75,399739
2021-06-24 09:56:38,1773.75,399803
2021-06-24 09:56:39,1773.95,399818
2021-06-24 09:56:39,1773.95,399818
2021-06-24 09:56:40,1773.75,399863
2021-06-24 09:56:41,1773.75,399863
2021-06-24 09:56:42,1773.75,399863
2021-06-24 09:56:44,1773.75,399863
2021-06-24 09:56:45,1773.75,399863
2021-06-24 09:56:45,1773.75,399863
2021-06-24 09:56:47,1773.75,399863
2021-06-24 09:56:48,1773.75,399863
2021-06-24 09:56:49,1773.95,399913
2021-06-24 09:56:50,1773.95,399913
2021-06-24 09:56:51,1773.15,399943
2021-06-24 09:56:51,1773.15,399943
2021-06-24 09:56:52,1773.15,399943
2021-06-24 09:56:53,1773.95,400013
2021-06-24 09:56:55,1773.3,400180
2021-06-24 09:56:56,1773.3,400180
2021-06-24 09:56:57,1773.3,400180
2021-06-24 09:56:58,1773.3,400180
2021-06-24 09:56:59,1773.3,400206
2021-06-24 09:57:00,1773.3,400206
2021-06-24 09:57:00,1773.3,400206
2021-06-24 09:57:02,1773.85,400218
2021-06-24 09:57:03,1773.85,400218
2021-06-24 09:57:04,1773.95,400440
2021-06-24 09:57:05,1773.95,400440
2021-06-24 09:57:07,1773.3,400500
2021-06-24 09:57:07,1773.3,400500
2021-06-24 09:57:08,1773.95,400511
2021-06-24 09:57:09,1773.95,400565
2021-06-24 09:57:10,1773.95,400565
2021-06-24 09:57:11,1773.95,400565
2021-06-24 09:57:12,1773.95,400565
2021-06-24 09:57:16,1773.45,400620
2021-06-24 09:57:17,1773.95,400622
2021-06-24 09:57:18,1773.95,400622
2021-06-24 09:57:19,1773.45,400628
2021-06-24 09:57:20,1773.95,400632
2021-06-24 09:57:22,1773.95,400632
2021-06-24 09:57:23,1773.95,400632
2021-06-24 09:57:24,1773.95,400632
2021-06-24 09:57:25,1773.95,400632
2021-06-24 09:57:26,1773.95,400632
2021-06-24 09:57:27,1773.95,400632
2021-06-24 09:57:28,1773.95,400632
2021-06-24 09:57:29,1773.45,400700
2021-06-24 09:57:30,1773.45,400710
2021-06-24 09:57:31,1773.45,400710
2021-06-24 09:57:32,1773.85,400720
2021-06-24 09:57:33,1773.85,400720
2021-06-24 09:57:34,1773.85,400720
2021-06-24 09:57:35,1773.8,400725
2021-06-24 09:57:36,1773.6,400826
2021-06-24 09:57:37,1773.6,400826
2021-06-24 09:57:38,1773.6,400826
2021-06-24 09:57:39,1773.6,400828
2021-06-24 09:57:42,1773.6,400899
2021-06-24 09:57:43,1773.3,400901
2021-06-24 09:57:44,1773.6,400926
2021-06-24 09:57:45,1773.6,400926
2021-06-24 09:57:46,1773.6,400926
2021-06-24 09:57:46,1773.6,400926
2021-06-24 09:57:47,1774.3,401524
2021-06-24 09:57:48,1774.3,401524
2021-06-24 09:57:49,1774.3,401524
2021-06-24 09:57:50,1774.3,401524
2021-06-24 09:57:51,1775.0,401774
2021-06-24 09:57:52,1775.0,401774
2021-06-24 09:57:53,1774.8,401784
2021-06-24 09:57:54,1774.8,401784
2021-06-24 09:57:55,1774.8,401796
2021-06-24 09:57:57,1774.8,401796
2021-06-24 09:57:58,1774.8,401796
2021-06-24 09:57:59,1774.8,401850
2021-06-24 09:58:00,1774.8,401850
2021-06-24 09:58:01,1774.8,401850
2021-06-24 09:58:02,1775.0,401851
2021-06-24 09:58:02,1775.0,401851
2021-06-24 09:58:03,1775.0,401851
2021-06-24 09:58:04,1774.8,401901
2021-06-24 09:58:05,1774.8,401901
2021-06-24 09:58:06,1775.0,401904
2021-06-24 09:58:07,1775.0,401904
2021-06-24 09:58:08,1775.0,401904
2021-06-24 09:58:10,1775.0,401904
2021-06-24 09:58:10,1775.0,401904
2021-06-24 09:58:12,1775.0,401904
2021-06-24 09:58:13,1775.0,401914
2021-06-24 09:58:15,1775.0,401914
2021-06-24 09:58:16,1775.0,401925
2021-06-24 09:58:17,1775.0,401940
2021-06-24 09:58:18,1775.0,401940
2021-06-24 09:58:19,1774.8,401980
2021-06-24 09:58:20,1775.0,402180
2021-06-24 09:58:21,1775.0,402185
2021-06-24 09:58:22,1775.0,402185
2021-06-24 09:58:23,1775.0,402225
2021-06-24 09:58:24,1775.0,402305
2021-06-24 09:58:25,1775.0,402305
2021-06-24 09:58:26,1774.8,402317
2021-06-24 09:58:27,1774.8,402317
2021-06-24 09:58:28,1774.8,402317
2021-06-24 09:58:30,1774.8,402317
2021-06-24 09:58:31,1774.8,402327
2021-06-24 09:58:32,1774.8,402327
2021-06-24 09:58:32,1775.0,402427
2021-06-24 09:58:34,1775.0,402427
2021-06-24 09:58:35,1775.0,402427
2021-06-24 09:58:36,1775.0,402427
2021-06-24 09:58:37,1775.0,402456
2021-06-24 09:58:38,1775.0,402456
2021-06-24 09:58:39,1775.0,402463
2021-06-24 09:58:40,1775.0,402463
2021-06-24 09:58:41,1775.0,402463
2021-06-24 09:58:42,1775.0,402495
2021-06-24 09:58:44,1775.0,402619
2021-06-24 09:58:46,1775.0,402619
2021-06-24 09:58:48,1775.25,402689
2021-06-24 09:58:48,1775.25,402689
2021-06-24 09:58:49,1775.5,402694
2021-06-24 09:58:50,1775.5,402694
2021-06-24 09:58:51,1775.5,402694
2021-06-24 09:58:53,1775.5,402714
2021-06-24 09:58:54,1775.5,402746
2021-06-24 09:58:55,1775.5,402746
2021-06-24 09:58:56,1775.5,402766
2021-06-24 09:58:57,1775.5,402768
2021-06-24 09:58:58,1775.5,402869
2021-06-24 09:58:59,1775.5,402899
2021-06-24 09:59:00,1775.5,402963
2021-06-24 09:59:01,1775.5,402963
2021-06-24 09:59:02,1775.5,402963
2021-06-24 09:59:03,1775.5,402963
2021-06-24 09:59:04,1775.5,402966
2021-06-24 09:59:04,1775.5,402969
2021-06-24 09:59:06,1775.5,402974
2021-06-24 09:59:08,1775.5,402974
2021-06-24 09:59:09,1775.5,403003
2021-06-24 09:59:10,1775.5,403304
2021-06-24 09:59:11,1775.5,403304
2021-06-24 09:59:12,1775.1,403409
2021-06-24 09:59:12,1775.1,403409
2021-06-24 09:59:13,1775.5,403429
2021-06-24 09:59:14,1775.5,403429
2021-06-24 09:59:15,1775.5,403429
2021-06-24 09:59:16,1775.5,403429
2021-06-24 09:59:17,1775.5,403429
2021-06-24 09:59:18,1775.5,403441
2021-06-24 09:59:19,1775.5,403493
2021-06-24 09:59:20,1775.5,403493
2021-06-24 09:59:21,1775.5,403493
2021-06-24 09:59:22,1775.5,403498
2021-06-24 09:59:23,1775.6,403885
2021-06-24 09:59:24,1775.6,403885
2021-06-24 09:59:25,1776.0,404194
2021-06-24 09:59:27,1776.0,404194
2021-06-24 09:59:28,1775.45,404303
2021-06-24 09:59:29,1775.45,404303
2021-06-24 09:59:30,1775.85,404389
2021-06-24 09:59:31,1775.35,404406
2021-06-24 09:59:32,1775.35,404406
2021-06-24 09:59:32,1775.35,404406
2021-06-24 09:59:33,1775.45,404411
2021-06-24 09:59:34,1775.35,404425
2021-06-24 09:59:36,1775.35,404425
2021-06-24 09:59:36,1775.95,404515
2021-06-24 09:59:37,1775.95,404515
2021-06-24 09:59:39,1775.85,404530
2021-06-24 09:59:40,1775.85,404530
2021-06-24 09:59:41,1775.85,404530
2021-06-24 09:59:42,1775.35,404535
2021-06-24 09:59:42,1775.35,404535
2021-06-24 09:59:43,1775.85,404537
2021-06-24 09:59:44,1775.95,404566
2021-06-24 09:59:46,1775.95,404580
2021-06-24 09:59:47,1775.95,404580
2021-06-24 09:59:47,1775.95,404580
2021-06-24 09:59:48,1775.95,404595
2021-06-24 09:59:49,1775.95,404595
2021-06-24 09:59:51,1775.95,404595
2021-06-24 09:59:53,1775.95,404595
2021-06-24 09:59:54,1775.95,404595
2021-06-24 09:59:55,1775.95,404605
2021-06-24 09:59:56,1775.55,404623
2021-06-24 09:59:58,1775.5,404683
2021-06-24 09:59:59,1775.5,404742
2021-06-24 09:59:59,1775.5,404742
2021-06-24 10:00:00,1775.5,404742
2021-06-24 10:00:02,1775.95,404812
2021-06-24 10:00:03,1775.95,404812
2021-06-24 10:00:04,1775.85,404817
2021-06-24 10:00:04,1775.85,404817
2021-06-24 10:00:05,1775.85,404817
2021-06-24 10:00:06,1775.85,404817
2021-06-24 10:00:07,1775.95,404874
2021-06-24 10:00:08,1775.95,404875
2021-06-24 10:00:09,1775.95,404875
2021-06-24 10:00:11,1775.95,404875
2021-06-24 10:00:11,1775.95,404875
2021-06-24 10:00:12,1775.85,404885
2021-06-24 10:00:13,1775.85,404885
2021-06-24 10:00:15,1775.95,404908
2021-06-24 10:00:16,1775.95,404908
2021-06-24 10:00:17,1775.95,404908
2021-06-24 10:00:19,1775.9,404943
2021-06-24 10:00:19,1775.9,404943
2021-06-24 10:00:20,1775.9,404953
2021-06-24 10:00:23,1775.9,405074
2021-06-24 10:00:24,1775.5,405189
2021-06-24 10:00:24,1775.9,405175
2021-06-24 10:00:25,1775.5,405197
2021-06-24 10:00:26,1775.9,405199
2021-06-24 10:00:27,1775.9,405264
2021-06-24 10:00:28,1775.9,405264
2021-06-24 10:00:29,1775.9,405314
2021-06-24 10:00:31,1775.9,405330
2021-06-24 10:00:32,1775.95,405530
2021-06-24 10:00:33,1775.95,405530
2021-06-24 10:00:34,1775.95,405530
2021-06-24 10:00:35,1775.95,405530
2021-06-24 10:00:36,1775.95,405530
2021-06-24 10:00:37,1775.9,405540
2021-06-24 10:00:38,1775.9,405540
2021-06-24 10:00:39,1775.9,405542
2021-06-24 10:00:40,1775.9,405552
2021-06-24 10:00:40,1775.9,405552
2021-06-24 10:00:41,1775.9,405552
2021-06-24 10:00:42,1775.9,405553
2021-06-24 10:00:43,1775.9,405553
2021-06-24 10:00:44,1775.9,405564
2021-06-24 10:00:45,1775.9,405564
2021-06-24 10:00:46,1775.5,405570
2021-06-24 10:00:47,1775.5,405570
2021-06-24 10:00:49,1775.5,405570
2021-06-24 10:00:50,1775.5,405570
2021-06-24 10:00:51,1775.9,405573
2021-06-24 10:00:52,1775.9,405574
2021-06-24 10:00:53,1775.5,405580
2021-06-24 10:00:54,1775.5,405580
2021-06-24 10:00:55,1775.5,405580
2021-06-24 10:00:56,1775.5,405580
2021-06-24 10:00:56,1775.5,405580
2021-06-24 10:00:57,1775.5,405580
2021-06-24 10:00:58,1775.5,405580
2021-06-24 10:00:59,1775.95,405631
2021-06-24 10:01:00,1775.95,405631
2021-06-24 10:01:01,1775.95,405631
2021-06-24 10:01:03,1775.35,405681
2021-06-24 10:01:04,1775.35,405681
2021-06-24 10:01:05,1775.35,405681
2021-06-24 10:01:06,1775.75,405696
2021-06-24 10:01:07,1775.75,405719
2021-06-24 10:01:08,1775.75,405719
2021-06-24 10:01:10,1775.75,405719
2021-06-24 10:01:12,1775.75,405719
2021-06-24 10:01:13,1775.75,405719
2021-06-24 10:01:14,1775.75,405719
2021-06-24 10:01:15,1775.75,405724
2021-06-24 10:01:16,1775.75,405724
2021-06-24 10:01:17,1775.75,405747
2021-06-24 10:01:18,1775.75,405759
2021-06-24 10:01:19,1775.75,405759
2021-06-24 10:01:20,1775.75,405759
2021-06-24 10:01:21,1775.75,405759
2021-06-24 10:01:22,1775.75,405760
2021-06-24 10:01:23,1775.75,405760
2021-06-24 10:01:24,1775.75,405760
2021-06-24 10:01:25,1775.5,405812
2021-06-24 10:01:27,1775.2,406010
2021-06-24 10:01:28,1775.2,406010
2021-06-24 10:01:29,1775.2,406010
2021-06-24 10:01:30,1775.2,406010
2021-06-24 10:01:30,1775.2,406010
2021-06-24 10:01:31,1775.2,406010
2021-06-24 10:01:32,1775.2,406010
2021-06-24 10:01:33,1775.2,406010
2021-06-24 10:01:35,1775.65,406030
2021-06-24 10:01:36,1775.65,406030
2021-06-24 10:01:37,1775.65,406030
2021-06-24 10:01:39,1775.0,406032
2021-06-24 10:01:40,1775.0,406032
2021-06-24 10:01:41,1775.0,406032
2021-06-24 10:01:42,1775.0,406032
2021-06-24 10:01:43,1775.0,406032
2021-06-24 10:01:44,1775.0,406032
2021-06-24 10:01:45,1775.3,406042
2021-06-24 10:01:46,1775.3,406042
2021-06-24 10:01:47,1775.3,406042
2021-06-24 10:01:48,1775.3,406042
2021-06-24 10:01:49,1775.3,406042
2021-06-24 10:01:50,1775.3,406042
2021-06-24 10:01:50,1775.3,406047
2021-06-24 10:01:51,1775.3,406047
2021-06-24 10:01:52,1775.3,406047
2021-06-24 10:01:54,1775.0,406162
2021-06-24 10:01:55,1775.0,406162
2021-06-24 10:01:56,1775.0,406164
2021-06-24 10:01:57,1775.0,406164
2021-06-24 10:01:58,1775.0,406164
2021-06-24 10:01:59,1775.3,406184
2021-06-24 10:02:00,1775.3,406234
2021-06-24 10:02:00,1775.3,406234
2021-06-24 10:02:01,1775.3,406234
2021-06-24 10:02:03,1775.3,406254
2021-06-24 10:02:04,1775.3,406418
2021-06-24 10:02:05,1775.3,406418
2021-06-24 10:02:07,1775.3,406418
2021-06-24 10:02:08,1775.4,406423
2021-06-24 10:02:09,1775.4,406428
2021-06-24 10:02:10,1775.3,406433
2021-06-24 10:02:12,1775.4,406539
2021-06-24 10:02:12,1775.4,406539
2021-06-24 10:02:13,1775.4,406539
2021-06-24 10:02:14,1775.4,406546
2021-06-24 10:02:15,1775.4,406546
2021-06-24 10:02:16,1775.4,406547
2021-06-24 10:02:17,1775.4,406547
2021-06-24 10:02:18,1775.4,406548
2021-06-24 10:02:19,1775.4,406549
2021-06-24 10:02:20,1775.4,406549
2021-06-24 10:02:21,1775.4,406549
2021-06-24 10:02:22,1775.4,406649
2021-06-24 10:02:23,1775.4,406654
2021-06-24 10:02:25,1775.4,406654
2021-06-24 10:02:26,1775.35,406664
2021-06-24 10:02:27,1775.35,406664
2021-06-24 10:02:28,1775.4,406669
2021-06-24 10:02:29,1775.4,406669
2021-06-24 10:02:30,1775.4,406669
2021-06-24 10:02:31,1775.4,406669
2021-06-24 10:02:32,1775.4,406690
2021-06-24 10:02:32,1775.4,406690
2021-06-24 10:02:33,1775.4,406690
2021-06-24 10:02:35,1775.4,406691
2021-06-24 10:02:35,1775.4,406691
2021-06-24 10:02:36,1775.35,406723
2021-06-24 10:02:37,1775.35,406723
2021-06-24 10:02:39,1775.35,406723
2021-06-24 10:02:40,1775.3,406823
2021-06-24 10:02:40,1775.3,406823
2021-06-24 10:02:42,1775.3,406823
2021-06-24 10:02:43,1775.3,406823
2021-06-24 10:02:43,1775.3,406823
2021-06-24 10:02:45,1775.4,406826
2021-06-24 10:02:46,1775.4,406826
2021-06-24 10:02:47,1775.4,406826
2021-06-24 10:02:48,1775.35,406907
2021-06-24 10:02:49,1775.35,406907
2021-06-24 10:02:50,1775.35,407002
2021-06-24 10:02:50,1775.4,406922
2021-06-24 10:02:51,1775.35,407002
2021-06-24 10:02:52,1775.35,407002
2021-06-24 10:02:53,1775.35,407002
2021-06-24 10:02:54,1775.35,407002
2021-06-24 10:02:55,1775.35,407002
2021-06-24 10:02:56,1775.35,407002
2021-06-24 10:02:58,1775.35,407002
2021-06-24 10:02:59,1775.4,407003
2021-06-24 10:03:00,1775.35,407009
2021-06-24 10:03:02,1775.0,407354
2021-06-24 10:03:03,1775.0,407361
2021-06-24 10:03:04,1775.0,407361
2021-06-24 10:03:05,1775.0,407365
2021-06-24 10:03:06,1775.0,407415
2021-06-24 10:03:07,1775.0,407415
2021-06-24 10:03:08,1775.0,407479
2021-06-24 10:03:09,1775.0,407479
2021-06-24 10:03:10,1775.0,407479
2021-06-24 10:03:11,1774.5,407480
2021-06-24 10:03:12,1775.0,407510
2021-06-24 10:03:13,1775.0,407510
2021-06-24 10:03:14,1775.0,407510
2021-06-24 10:03:16,1775.0,407510
2021-06-24 10:03:17,1774.2,407515
2021-06-24 10:03:18,1774.2,407515
2021-06-24 10:03:19,1774.2,407515
2021-06-24 10:03:20,1774.9,407520
2021-06-24 10:03:21,1774.2,407523
2021-06-24 10:03:22,1774.2,407524
2021-06-24 10:03:23,1774.8,407574
2021-06-24 10:03:24,1774.8,407574
2021-06-24 10:03:25,1774.8,407574
2021-06-24 10:03:26,1774.8,407574
2021-06-24 10:03:27,1774.2,407639
2021-06-24 10:03:28,1774.2,407639
2021-06-24 10:03:29,1774.2,407639
2021-06-24 10:03:30,1774.75,407659
2021-06-24 10:03:32,1774.75,407659
2021-06-24 10:03:33,1774.75,407659
2021-06-24 10:03:34,1774.75,407659
2021-06-24 10:03:36,1774.75,407659
2021-06-24 10:03:37,1774.75,407686
2021-06-24 10:03:38,1774.75,407756
2021-06-24 10:03:40,1774.75,407756
2021-06-24 10:03:39,1774.75,407756
2021-06-24 10:03:41,1774.75,407761
2021-06-24 10:03:42,1774.75,407761
2021-06-24 10:03:43,1774.2,407762
2021-06-24 10:03:44,1774.7,407807
2021-06-24 10:03:45,1774.2,407808
2021-06-24 10:03:46,1774.75,407878
2021-06-24 10:03:49,1774.0,408328
2021-06-24 10:03:50,1774.0,408428
2021-06-24 10:03:51,1774.0,408428
2021-06-24 10:03:53,1774.0,408428
2021-06-24 10:03:54,1774.0,408428
2021-06-24 10:03:55,1774.6,408451
2021-06-24 10:03:56,1774.0,408452
2021-06-24 10:03:57,1774.0,408571
2021-06-24 10:03:58,1774.6,408626
2021-06-24 10:03:59,1774.6,408626
2021-06-24 10:04:00,1774.0,408676
2021-06-24 10:04:02,1774.0,408676
2021-06-24 10:04:01,1774.0,408676
2021-06-24 10:04:03,1774.6,408700
2021-06-24 10:04:04,1774.6,408700
2021-06-24 10:04:05,1774.6,408787
2021-06-24 10:04:06,1774.6,408787
2021-06-24 10:04:07,1774.0,408857
2021-06-24 10:04:08,1774.0,408857
2021-06-24 10:04:09,1774.0,408857
2021-06-24 10:04:10,1774.0,408857
2021-06-24 10:04:11,1774.55,408862
2021-06-24 10:04:12,1774.55,408862
2021-06-24 10:04:13,1774.55,408862
2021-06-24 10:04:14,1774.55,408862
2021-06-24 10:04:15,1774.0,408863
2021-06-24 10:04:16,1774.0,408863
2021-06-24 10:04:17,1774.0,408863
2021-06-24 10:04:18,1773.7,408873
2021-06-24 10:04:19,1773.7,408873
2021-06-24 10:04:20,1774.0,408923
2021-06-24 10:04:21,1773.75,408974
2021-06-24 10:04:22,1773.75,408974
2021-06-24 10:04:23,1773.75,408974
2021-06-24 10:04:24,1774.5,408979
2021-06-24 10:04:25,1773.65,409129
2021-06-24 10:04:26,1774.0,409164
2021-06-24 10:04:27,1774.0,409164
2021-06-24 10:04:28,1774.4,409319
2021-06-24 10:04:29,1773.9,409320
2021-06-24 10:04:30,1773.9,409320
2021-06-24 10:04:31,1773.9,409320
2021-06-24 10:04:32,1773.85,409430
2021-06-24 10:04:33,1774.75,410084
2021-06-24 10:04:34,1774.0,410087
2021-06-24 10:04:35,1773.95,410092
2021-06-24 10:04:36,1773.95,410092
2021-06-24 10:04:37,1774.75,410094
2021-06-24 10:04:39,1774.75,410094
2021-06-24 10:04:41,1774.75,410094
2021-06-24 10:04:42,1774.75,410094
2021-06-24 10:04:43,1774.75,410104
2021-06-24 10:04:44,1774.75,410104
2021-06-24 10:04:45,1774.75,410104
2021-06-24 10:04:46,1774.75,410104
2021-06-24 10:04:47,1774.75,410104
2021-06-24 10:04:48,1774.75,410104
2021-06-24 10:04:49,1774.75,410114
2021-06-24 10:04:51,1774.75,410114
2021-06-24 10:04:50,1774.75,410114
2021-06-24 10:04:52,1774.75,410114
2021-06-24 10:04:53,1774.75,410114
2021-06-24 10:04:54,1774.75,410114
2021-06-24 10:04:55,1774.05,410147
2021-06-24 10:04:56,1774.9,410227
2021-06-24 10:04:57,1774.9,410227
2021-06-24 10:04:59,1774.9,410227
2021-06-24 10:05:00,1774.9,410227
2021-06-24 10:05:01,1774.9,410227
2021-06-24 10:05:02,1774.9,410227
2021-06-24 10:05:04,1774.05,410252
2021-06-24 10:05:03,1774.9,410227
2021-06-24 10:05:05,1774.0,410452
2021-06-24 10:05:06,1774.75,410507
2021-06-24 10:05:07,1774.7,410514
2021-06-24 10:05:08,1774.0,410516
2021-06-24 10:05:09,1774.75,410532
2021-06-24 10:05:10,1774.75,410532
2021-06-24 10:05:11,1774.75,410532
2021-06-24 10:05:12,1774.75,410532
2021-06-24 10:05:13,1774.75,410532
2021-06-24 10:05:14,1774.75,410532
2021-06-24 10:05:15,1774.05,410533
2021-06-24 10:05:16,1774.05,410533
2021-06-24 10:05:17,1774.05,410533
2021-06-24 10:05:19,1775.15,411694
2021-06-24 10:05:20,1775.15,411694
2021-06-24 10:05:21,1775.15,411694
2021-06-24 10:05:21,1774.7,411719
2021-06-24 10:05:22,1774.7,411719
2021-06-24 10:05:23,1775.05,411867
2021-06-24 10:05:24,1774.4,411870
2021-06-24 10:05:25,1774.4,411870
2021-06-24 10:05:26,1774.4,411870
2021-06-24 10:05:27,1774.4,411870
2021-06-24 10:05:29,1774.4,411870
2021-06-24 10:05:30,1774.4,411870
2021-06-24 10:05:31,1774.35,411871
2021-06-24 10:05:31,1774.35,411871
2021-06-24 10:05:32,1774.35,411871
2021-06-24 10:05:33,1774.35,411871
2021-06-24 10:05:35,1774.35,411871
2021-06-24 10:05:35,1774.35,411871
2021-06-24 10:05:36,1774.9,412454
2021-06-24 10:05:37,1774.9,412454
2021-06-24 10:05:39,1775.0,412461
2021-06-24 10:05:40,1775.0,412461
2021-06-24 10:05:41,1775.0,412461
2021-06-24 10:05:42,1775.0,412461
2021-06-24 10:05:43,1775.0,412461
2021-06-24 10:05:44,1775.0,412461
2021-06-24 10:05:46,1775.0,412461
2021-06-24 10:05:46,1775.0,412461
2021-06-24 10:05:47,1775.0,412461
2021-06-24 10:05:48,1774.7,412561
2021-06-24 10:05:49,1774.7,412561
2021-06-24 10:05:50,1775.0,412577
2021-06-24 10:05:51,1774.7,412585
2021-06-24 10:05:52,1774.7,412586
2021-06-24 10:05:53,1774.7,412586
2021-06-24 10:05:54,1774.35,412587
2021-06-24 10:05:55,1774.35,412587
2021-06-24 10:05:56,1774.35,412587
2021-06-24 10:05:57,1774.35,412587
2021-06-24 10:05:58,1774.35,412587
2021-06-24 10:06:00,1774.3,413331
2021-06-24 10:06:00,1774.3,413331
2021-06-24 10:06:01,1774.3,413331
2021-06-24 10:06:02,1774.3,413331
2021-06-24 10:06:03,1774.3,413331
2021-06-24 10:06:04,1775.0,413338
2021-06-24 10:06:05,1775.0,413338
2021-06-24 10:06:06,1775.0,413338
2021-06-24 10:06:07,1774.4,413345
2021-06-24 10:06:08,1774.4,413345
2021-06-24 10:06:09,1774.4,413345
2021-06-24 10:06:11,1774.7,413351
2021-06-24 10:06:11,1774.4,413346
2021-06-24 10:06:12,1774.7,413351
2021-06-24 10:06:13,1774.7,413351
2021-06-24 10:06:14,1774.7,413351
2021-06-24 10:06:15,1775.0,413376
2021-06-24 10:06:16,1775.0,413376
2021-06-24 10:06:18,1774.35,413537
2021-06-24 10:06:19,1774.35,413579
2021-06-24 10:06:20,1774.35,413579
2021-06-24 10:06:21,1774.35,413579
2021-06-24 10:06:22,1774.4,413616
2021-06-24 10:06:23,1774.05,413617
2021-06-24 10:06:24,1774.05,413617
2021-06-24 10:06:25,1774.05,413792
2021-06-24 10:06:27,1774.4,413817
2021-06-24 10:06:28,1774.4,413817
2021-06-24 10:06:29,1774.4,413817
2021-06-24 10:06:30,1774.05,413877
2021-06-24 10:06:31,1774.05,413896
2021-06-24 10:06:32,1774.05,413896
2021-06-24 10:06:33,1774.05,413901
2021-06-24 10:06:34,1774.4,413914
2021-06-24 10:06:35,1774.0,414099
2021-06-24 10:06:37,1774.3,414104
2021-06-24 10:06:38,1773.65,414106
2021-06-24 10:06:39,1773.65,414106
2021-06-24 10:06:40,1773.65,414134
2021-06-24 10:06:40,1773.65,414166
2021-06-24 10:06:41,1773.65,414166
2021-06-24 10:06:42,1773.65,414166
2021-06-24 10:06:43,1774.25,414169
2021-06-24 10:06:45,1774.25,414169
2021-06-24 10:06:45,1774.25,414169
2021-06-24 10:06:46,1774.25,414169
2021-06-24 10:06:47,1774.25,414169
2021-06-24 10:06:48,1774.0,414189
2021-06-24 10:06:49,1774.0,414189
2021-06-24 10:06:50,1773.55,414244
2021-06-24 10:06:51,1773.55,414244
2021-06-24 10:06:52,1774.25,414254
2021-06-24 10:06:54,1774.25,414254
2021-06-24 10:06:55,1774.25,414254
2021-06-24 10:06:55,1774.25,414254
2021-06-24 10:06:56,1774.25,414254
2021-06-24 10:06:57,1774.25,414260
2021-06-24 10:06:58,1774.25,414260
2021-06-24 10:06:59,1774.0,414386
2021-06-24 10:07:00,1774.0,414386
2021-06-24 10:07:01,1774.0,414386
2021-06-24 10:07:02,1773.6,415494
2021-06-24 10:07:03,1773.6,415495
2021-06-24 10:07:04,1774.25,415497
2021-06-24 10:07:05,1774.25,415497
2021-06-24 10:07:07,1774.35,415499
2021-06-24 10:07:08,1773.65,415500
2021-06-24 10:07:09,1773.65,415500
2021-06-24 10:07:10,1774.45,415555
2021-06-24 10:07:11,1774.45,415555
2021-06-24 10:07:12,1773.75,415571
2021-06-24 10:07:13,1773.75,415571
2021-06-24 10:07:14,1774.0,415606
2021-06-24 10:07:15,1774.0,415606
2021-06-24 10:07:16,1773.65,415607
2021-06-24 10:07:17,1773.65,415607
2021-06-24 10:07:18,1773.65,415607
2021-06-24 10:07:19,1773.65,415607
2021-06-24 10:07:20,1773.5,415692
2021-06-24 10:07:21,1773.5,415692
2021-06-24 10:07:23,1773.65,415792
2021-06-24 10:07:24,1773.65,415792
2021-06-24 10:07:25,1773.6,415793
2021-06-24 10:07:26,1773.6,415793
2021-06-24 10:07:28,1773.6,415793
2021-06-24 10:07:29,1774.0,415808
2021-06-24 10:07:30,1774.0,415818
2021-06-24 10:07:31,1774.0,415818
2021-06-24 10:07:32,1774.0,415829
2021-06-24 10:07:33,1774.0,415849
2021-06-24 10:07:35,1774.0,415899
2021-06-24 10:07:36,1774.0,415899
2021-06-24 10:07:37,1774.0,415899
2021-06-24 10:07:38,1774.0,415924
2021-06-24 10:07:38,1774.0,415924
2021-06-24 10:07:39,1774.0,415924
2021-06-24 10:07:40,1774.0,415924
2021-06-24 10:07:41,1774.0,415924
2021-06-24 10:07:42,1774.0,415924
2021-06-24 10:07:43,1773.65,416005
2021-06-24 10:07:44,1773.65,416020
2021-06-24 10:07:45,1773.65,416020
2021-06-24 10:07:46,1774.0,416146
2021-06-24 10:07:47,1774.0,416146
2021-06-24 10:07:48,1774.0,416146
2021-06-24 10:07:50,1774.0,416154
2021-06-24 10:07:51,1774.0,416154
2021-06-24 10:07:51,1774.0,416154
2021-06-24 10:07:53,1774.0,416154
2021-06-24 10:07:54,1774.0,416154
2021-06-24 10:07:55,1774.0,416313
2021-06-24 10:07:55,1774.0,416313
2021-06-24 10:07:56,1774.0,416313
2021-06-24 10:07:57,1774.25,416349
2021-06-24 10:07:58,1774.25,416349
2021-06-24 10:07:59,1773.6,416350
2021-06-24 10:08:00,1774.0,416460
2021-06-24 10:08:01,1774.25,416461
2021-06-24 10:08:02,1774.25,416461
2021-06-24 10:08:03,1774.0,416471
2021-06-24 10:08:05,1774.0,416898
2021-06-24 10:08:07,1773.7,416911
2021-06-24 10:08:08,1773.7,416911
2021-06-24 10:08:09,1773.6,416925
2021-06-24 10:08:10,1773.5,417010
2021-06-24 10:08:11,1773.5,417015
2021-06-24 10:08:12,1773.5,417045
2021-06-24 10:08:13,1773.5,417045
2021-06-24 10:08:14,1773.5,417057
2021-06-24 10:08:16,1773.0,417058
2021-06-24 10:08:17,1773.0,417058
2021-06-24 10:08:18,1773.6,417081
2021-06-24 10:08:19,1773.6,417081
2021-06-24 10:08:20,1773.0,417082
2021-06-24 10:08:21,1773.0,417087
2021-06-24 10:08:23,1773.0,417087
2021-06-24 10:08:24,1773.0,417107
2021-06-24 10:08:25,1773.0,417107
2021-06-24 10:08:26,1773.0,417110
2021-06-24 10:08:27,1773.0,417119
2021-06-24 10:08:28,1773.55,417121
2021-06-24 10:08:30,1773.55,417121
2021-06-24 10:08:31,1773.55,417121
2021-06-24 10:08:32,1773.55,417141
2021-06-24 10:08:33,1773.55,417141
2021-06-24 10:08:34,1773.0,417193
2021-06-24 10:08:35,1773.5,417195
2021-06-24 10:08:35,1773.0,417197
2021-06-24 10:08:36,1773.0,417197
2021-06-24 10:08:37,1773.0,417197
2021-06-24 10:08:38,1773.0,417198
2021-06-24 10:08:39,1773.0,417198
2021-06-24 10:08:40,1773.5,417222
2021-06-24 10:08:41,1773.55,417395
2021-06-24 10:08:43,1773.7,417445
2021-06-24 10:08:44,1773.7,417445
2021-06-24 10:08:45,1773.7,417447
2021-06-24 10:08:46,1773.35,417472
2021-06-24 10:08:48,1773.7,417500
2021-06-24 10:08:49,1773.7,417525
2021-06-24 10:08:50,1773.7,417525
2021-06-24 10:08:51,1773.7,417525
2021-06-24 10:08:52,1773.7,417525
2021-06-24 10:08:53,1773.7,417525
2021-06-24 10:08:55,1773.7,417525
2021-06-24 10:08:56,1773.7,417525
2021-06-24 10:08:57,1773.7,417545
2021-06-24 10:08:58,1773.7,417549
2021-06-24 10:08:59,1773.7,417551
2021-06-24 10:09:00,1773.7,417551
2021-06-24 10:09:01,1773.7,417551
2021-06-24 10:09:02,1773.7,417551
2021-06-24 10:09:03,1773.6,417654
2021-06-24 10:09:04,1773.0,417680
2021-06-24 10:09:05,1773.0,417680
2021-06-24 10:09:06,1773.0,417680
2021-06-24 10:09:07,1773.0,417683
2021-06-24 10:09:08,1773.0,417683
2021-06-24 10:09:09,1773.0,417683
2021-06-24 10:09:10,1773.0,417773
2021-06-24 10:09:11,1773.35,417788
2021-06-24 10:09:13,1773.35,417788
2021-06-24 10:09:14,1773.35,417788
2021-06-24 10:09:14,1773.35,417788
2021-06-24 10:09:15,1773.35,417788
2021-06-24 10:09:17,1773.0,417825
2021-06-24 10:09:18,1773.25,417851
2021-06-24 10:09:18,1773.35,417858
2021-06-24 10:09:19,1773.35,417858
2021-06-24 10:09:20,1773.35,417858
2021-06-24 10:09:21,1773.35,417863
2021-06-24 10:09:23,1773.0,417963
2021-06-24 10:09:23,1773.0,417963
2021-06-24 10:09:25,1773.0,417963
2021-06-24 10:09:26,1772.8,417964
2021-06-24 10:09:27,1772.8,417964
2021-06-24 10:09:30,1772.8,418159
2021-06-24 10:09:31,1772.8,418159
2021-06-24 10:09:32,1773.35,418160
2021-06-24 10:09:33,1773.45,418583
2021-06-24 10:09:33,1773.45,418583
2021-06-24 10:09:34,1773.3,419368
2021-06-24 10:09:36,1773.3,419368
2021-06-24 10:09:38,1772.25,419968
2021-06-24 10:09:39,1772.25,419968
2021-06-24 10:09:39,1772.25,419968
2021-06-24 10:09:41,1772.25,419968
2021-06-24 10:09:41,1772.25,419968
2021-06-24 10:09:42,1772.5,420069
2021-06-24 10:09:44,1773.0,420219
2021-06-24 10:09:45,1773.0,420219
2021-06-24 10:09:46,1773.0,420229
2021-06-24 10:09:47,1773.0,420229
2021-06-24 10:09:48,1773.0,420245
2021-06-24 10:09:49,1773.35,420268
2021-06-24 10:09:49,1773.35,420268
2021-06-24 10:09:50,1773.35,420268
2021-06-24 10:09:51,1773.35,420268
2021-06-24 10:09:52,1773.35,420268
2021-06-24 10:09:53,1773.35,420268
2021-06-24 10:09:55,1773.35,420268
2021-06-24 10:09:56,1773.45,420393
2021-06-24 10:09:57,1773.45,420393
2021-06-24 10:09:58,1773.2,420443
2021-06-24 10:09:59,1773.2,420443
2021-06-24 10:10:00,1773.95,420516
2021-06-24 10:10:01,1773.05,420616
2021-06-24 10:10:02,1773.05,420616
2021-06-24 10:10:03,1773.6,420697
2021-06-24 10:10:05,1773.6,420697
2021-06-24 10:10:05,1773.6,420697
2021-06-24 10:10:06,1773.6,420697
2021-06-24 10:10:07,1773.6,420697
2021-06-24 10:10:08,1773.6,420697
2021-06-24 10:10:09,1773.6,420697
2021-06-24 10:10:10,1773.6,420697
2021-06-24 10:10:11,1773.6,420697
2021-06-24 10:10:12,1773.5,420727
2021-06-24 10:10:13,1773.5,420727
2021-06-24 10:10:14,1773.5,420727
2021-06-24 10:10:16,1773.5,420727
2021-06-24 10:10:17,1773.5,420727
2021-06-24 10:10:18,1773.5,420727
2021-06-24 10:10:18,1773.6,420750
2021-06-24 10:10:19,1773.6,420750
2021-06-24 10:10:20,1773.6,420750
2021-06-24 10:10:22,1773.6,420750
2021-06-24 10:10:23,1773.6,420750
2021-06-24 10:10:25,1773.6,420750
2021-06-24 10:10:26,1773.9,420954
2021-06-24 10:10:26,1773.9,420956
2021-06-24 10:10:28,1773.9,420956
2021-06-24 10:10:30,1773.9,420956
2021-06-24 10:10:31,1773.9,420956
2021-06-24 10:10:32,1773.9,420956
2021-06-24 10:10:33,1773.9,420979
2021-06-24 10:10:33,1773.9,420979
2021-06-24 10:10:34,1774.25,421122
2021-06-24 10:10:35,1774.25,421122
2021-06-24 10:10:36,1773.6,421233
2021-06-24 10:10:37,1774.3,421238
2021-06-24 10:10:38,1774.3,421238
2021-06-24 10:10:39,1774.3,421238
2021-06-24 10:10:40,1774.3,421238
2021-06-24 10:10:41,1774.3,421298
2021-06-24 10:10:42,1774.3,421298
2021-06-24 10:10:43,1773.6,421323
2021-06-24 10:10:44,1773.6,421323
2021-06-24 10:10:45,1774.25,421349
2021-06-24 10:10:46,1773.65,421369
2021-06-24 10:10:47,1773.65,421369
2021-06-24 10:10:48,1774.3,421516
2021-06-24 10:10:49,1773.55,421616
2021-06-24 10:10:50,1773.55,421752
2021-06-24 10:10:52,1773.55,421752
2021-06-24 10:10:52,1773.55,421752
2021-06-24 10:10:53,1774.45,421852
2021-06-24 10:10:54,1773.35,422082
2021-06-24 10:10:55,1773.35,422082
2021-06-24 10:10:57,1774.3,422161
2021-06-24 10:10:58,1774.3,422161
2021-06-24 10:10:59,1774.3,422161
2021-06-24 10:10:59,1774.0,422261
2021-06-24 10:11:02,1774.45,422466
2021-06-24 10:11:04,1774.45,422479
2021-06-24 10:11:06,1774.0,422494
2021-06-24 10:11:08,1774.0,422494
2021-06-24 10:11:09,1774.0,422503
2021-06-24 10:11:10,1774.0,422503
2021-06-24 10:11:11,1774.0,422503
2021-06-24 10:11:12,1774.0,422503
2021-06-24 10:11:13,1774.3,422508
2021-06-24 10:11:14,1774.3,422508
2021-06-24 10:11:14,1774.3,422508
2021-06-24 10:11:15,1774.3,422508
2021-06-24 10:11:16,1774.3,422508
2021-06-24 10:11:18,1774.3,422508
2021-06-24 10:11:18,1774.3,422531
2021-06-24 10:11:19,1774.3,423084
2021-06-24 10:11:20,1774.5,423086
2021-06-24 10:11:22,1774.55,423233
2021-06-24 10:11:23,1774.55,423233
2021-06-24 10:11:24,1774.55,423233
2021-06-24 10:11:25,1774.55,423233
2021-06-24 10:11:26,1774.55,423233
2021-06-24 10:11:26,1774.55,423233
2021-06-24 10:11:27,1774.0,423363
2021-06-24 10:11:28,1774.0,423376
2021-06-24 10:11:29,1773.55,423378
2021-06-24 10:11:30,1773.55,423378
2021-06-24 10:11:31,1774.1,423528
2021-06-24 10:11:32,1774.1,423528
2021-06-24 10:11:34,1774.1,423551
2021-06-24 10:11:35,1773.55,423556
2021-06-24 10:11:36,1774.05,423616
2021-06-24 10:11:37,1774.05,423617
2021-06-24 10:11:38,1774.05,423617
2021-06-24 10:11:39,1774.05,423617
2021-06-24 10:11:40,1774.05,423617
2021-06-24 10:11:40,1774.05,423617
2021-06-24 10:11:42,1774.1,423817
2021-06-24 10:11:42,1774.1,423817
2021-06-24 10:11:44,1774.1,423817
2021-06-24 10:11:45,1774.1,423817
2021-06-24 10:11:45,1774.1,424017
2021-06-24 10:11:46,1774.1,424017
2021-06-24 10:11:48,1774.1,424017
2021-06-24 10:11:50,1774.0,424065
2021-06-24 10:11:52,1774.0,424067
2021-06-24 10:11:54,1774.0,424067
2021-06-24 10:11:55,1774.0,424067
2021-06-24 10:11:56,1774.0,424067
2021-06-24 10:11:57,1774.0,424068
2021-06-24 10:11:57,1774.0,424068
2021-06-24 10:11:58,1774.0,424068
2021-06-24 10:12:00,1774.0,424068
2021-06-24 10:12:01,1774.0,424068
2021-06-24 10:12:02,1774.0,424068
2021-06-24 10:12:03,1774.0,424073
2021-06-24 10:12:04,1773.55,424105
2021-06-24 10:12:05,1773.55,424105
2021-06-24 10:12:06,1773.25,424123
2021-06-24 10:12:07,1773.25,424125
2021-06-24 10:12:08,1773.25,424125
2021-06-24 10:12:09,1773.25,424135
2021-06-24 10:12:10,1773.25,424135
2021-06-24 10:12:11,1773.25,424135
2021-06-24 10:12:12,1773.25,424135
2021-06-24 10:12:16,1773.25,424135
2021-06-24 10:12:17,1773.25,424235
2021-06-24 10:12:18,1773.25,424235
2021-06-24 10:12:19,1774.0,424258
2021-06-24 10:12:20,1774.0,424258
2021-06-24 10:12:21,1774.0,424258
2021-06-24 10:12:23,1774.0,424258
2021-06-24 10:12:24,1773.25,424273
2021-06-24 10:12:25,1773.25,424273
2021-06-24 10:12:26,1773.25,424273
2021-06-24 10:12:27,1774.0,424444
2021-06-24 10:12:28,1774.3,424459
2021-06-24 10:12:29,1774.3,424459
2021-06-24 10:12:30,1774.0,424479
2021-06-24 10:12:31,1774.0,424480
2021-06-24 10:12:32,1774.0,424480
2021-06-24 10:12:33,1774.0,424480
2021-06-24 10:12:34,1774.25,424503
2021-06-24 10:12:35,1774.25,424503
2021-06-24 10:12:36,1774.25,424503
2021-06-24 10:12:37,1774.25,424503
2021-06-24 10:12:37,1774.25,424503
2021-06-24 10:12:39,1774.0,424603
2021-06-24 10:12:39,1774.0,424603
2021-06-24 10:12:40,1774.0,424603
2021-06-24 10:12:41,1774.25,424605
2021-06-24 10:12:43,1774.0,424606
2021-06-24 10:12:45,1774.0,424606
2021-06-24 10:12:47,1774.0,424807
2021-06-24 10:12:48,1774.2,424830
2021-06-24 10:12:49,1774.25,424876
2021-06-24 10:12:50,1774.25,424876
2021-06-24 10:12:51,1774.0,424877
2021-06-24 10:12:52,1774.0,424877
2021-06-24 10:12:53,1774.0,424877
2021-06-24 10:12:54,1774.0,424877
2021-06-24 10:12:55,1774.0,424877
2021-06-24 10:12:56,1774.0,424878
2021-06-24 10:12:57,1774.0,424878
2021-06-24 10:12:58,1774.0,424878
2021-06-24 10:12:59,1774.0,424878
2021-06-24 10:13:00,1774.0,424878
2021-06-24 10:13:01,1774.0,424878
2021-06-24 10:13:02,1774.0,424878
2021-06-24 10:13:03,1774.15,424901
2021-06-24 10:13:03,1774.15,424901
2021-06-24 10:13:04,1774.15,424901
2021-06-24 10:13:05,1774.15,424901
2021-06-24 10:13:07,1774.15,424901
2021-06-24 10:13:08,1774.15,424901
2021-06-24 10:13:09,1774.15,424901
2021-06-24 10:13:10,1774.15,424901
2021-06-24 10:13:11,1774.15,424901
2021-06-24 10:13:12,1774.15,424902
2021-06-24 10:13:14,1774.15,424902
2021-06-24 10:13:17,1774.15,425149
2021-06-24 10:13:18,1774.15,425174
2021-06-24 10:13:19,1774.45,425493
2021-06-24 10:13:20,1774.9,425494
2021-06-24 10:13:20,1774.1,425517
2021-06-24 10:13:21,1774.1,425517
2021-06-24 10:13:23,1774.1,425517
2021-06-24 10:13:25,1774.1,425517
2021-06-24 10:13:26,1774.1,425569
2021-06-24 10:13:27,1774.1,425569
2021-06-24 10:13:28,1775.0,425599
2021-06-24 10:13:29,1774.3,425624
2021-06-24 10:13:30,1774.3,425624
2021-06-24 10:13:30,1774.3,425624
2021-06-24 10:13:31,1774.3,425634
2021-06-24 10:13:33,1774.3,425650
2021-06-24 10:13:34,1775.0,425672
2021-06-24 10:13:35,1775.0,425673
2021-06-24 10:13:36,1775.0,425798
2021-06-24 10:13:37,1775.0,425798
2021-06-24 10:13:38,1775.0,425808
2021-06-24 10:13:39,1774.3,425809
2021-06-24 10:13:41,1775.0,425811
2021-06-24 10:13:42,1775.0,425811
2021-06-24 10:13:43,1774.3,425812
2021-06-24 10:13:43,1774.3,425812
2021-06-24 10:13:45,1775.0,425872
2021-06-24 10:13:46,1774.3,425873
2021-06-24 10:13:47,1774.9,425877
2021-06-24 10:13:48,1774.9,425877
2021-06-24 10:13:49,1774.9,425900
2021-06-24 10:13:50,1774.9,425924
2021-06-24 10:13:51,1774.95,425967
2021-06-24 10:13:52,1774.3,426034
2021-06-24 10:13:53,1775.0,426436
2021-06-24 10:13:54,1774.25,426437
2021-06-24 10:13:55,1774.25,426437
2021-06-24 10:13:56,1775.4,427585
2021-06-24 10:13:57,1775.4,427585
2021-06-24 10:13:58,1775.4,427585
2021-06-24 10:13:59,1774.8,427586
2021-06-24 10:14:00,1774.8,427586
2021-06-24 10:14:01,1774.8,427586
2021-06-24 10:14:03,1775.5,427588
2021-06-24 10:14:04,1775.6,428004
2021-06-24 10:14:05,1775.15,428006
2021-06-24 10:14:06,1775.15,428006
2021-06-24 10:14:07,1775.15,428006
2021-06-24 10:14:08,1775.95,428106
2021-06-24 10:14:09,1775.3,428108
2021-06-24 10:14:10,1775.3,428108
2021-06-24 10:14:11,1775.3,428108
2021-06-24 10:14:12,1775.3,428108
2021-06-24 10:14:13,1775.3,428108
2021-06-24 10:14:14,1775.3,428109
2021-06-24 10:14:15,1775.3,428109
2021-06-24 10:14:16,1775.95,428132
2021-06-24 10:14:17,1775.95,428150
2021-06-24 10:14:18,1775.9,428174
2021-06-24 10:14:19,1775.9,428174
2021-06-24 10:14:20,1775.9,428174
2021-06-24 10:14:21,1775.9,428174
2021-06-24 10:14:22,1775.9,428185
2021-06-24 10:14:23,1775.95,428300
2021-06-24 10:14:24,1775.95,428300
2021-06-24 10:14:25,1775.95,428330
2021-06-24 10:14:26,1775.4,428331
2021-06-24 10:14:27,1775.95,428334
2021-06-24 10:14:28,1775.95,428334
2021-06-24 10:14:29,1775.95,428334
2021-06-24 10:14:30,1775.95,428334
2021-06-24 10:14:31,1775.4,428397
2021-06-24 10:14:32,1775.4,428437
2021-06-24 10:14:33,1775.7,428460
2021-06-24 10:14:34,1775.7,428460
2021-06-24 10:14:35,1775.7,428496
2021-06-24 10:14:36,1775.7,428496
2021-06-24 10:14:37,1775.7,428546
2021-06-24 10:14:38,1775.7,428546
2021-06-24 10:14:39,1775.35,428661
2021-06-24 10:14:40,1775.3,428738
2021-06-24 10:14:41,1775.3,428738
2021-06-24 10:14:42,1775.3,428738
2021-06-24 10:14:43,1775.3,428742
2021-06-24 10:14:44,1775.3,428742
2021-06-24 10:14:45,1774.3,429211
2021-06-24 10:14:46,1774.3,429211
2021-06-24 10:14:47,1774.15,429212
2021-06-24 10:14:48,1774.2,429792
2021-06-24 10:14:49,1774.2,429792
2021-06-24 10:14:51,1773.65,429849
2021-06-24 10:14:52,1774.4,429850
2021-06-24 10:14:53,1774.4,429851
2021-06-24 10:14:54,1774.4,429851
2021-06-24 10:14:55,1773.6,429852
2021-06-24 10:14:57,1774.4,429857
2021-06-24 10:14:58,1773.25,430157
2021-06-24 10:14:59,1773.25,430157
2021-06-24 10:15:00,1773.25,430157
2021-06-24 10:15:01,1773.3,430158
2021-06-24 10:15:02,1773.3,430158
2021-06-24 10:15:03,1774.3,430182
2021-06-24 10:15:04,1774.3,430182
2021-06-24 10:15:05,1774.0,430372
2021-06-24 10:15:06,1774.0,430373
2021-06-24 10:15:07,1774.4,430374
2021-06-24 10:15:08,1774.0,430394
2021-06-24 10:15:09,1774.0,430406
2021-06-24 10:15:10,1774.0,430406
2021-06-24 10:15:11,1774.0,430406
2021-06-24 10:15:12,1774.4,430416
2021-06-24 10:15:13,1774.4,430416
2021-06-24 10:15:14,1774.0,430420
2021-06-24 10:15:15,1774.0,430420
2021-06-24 10:15:16,1774.0,430420
2021-06-24 10:15:17,1774.0,430420
2021-06-24 10:15:18,1774.0,430420
2021-06-24 10:15:19,1774.4,431215
2021-06-24 10:15:20,1774.4,431215
2021-06-24 10:15:21,1775.0,431236
2021-06-24 10:15:22,1775.0,431236
2021-06-24 10:15:23,1775.0,431237
2021-06-24 10:15:24,1775.3,431238
2021-06-24 10:15:25,1775.3,431238
2021-06-24 10:15:26,1775.3,431238
2021-06-24 10:15:27,1774.6,431239
2021-06-24 10:15:28,1774.6,431239
2021-06-24 10:15:29,1774.6,431239
2021-06-24 10:15:30,1775.5,431309
2021-06-24 10:15:31,1775.5,431309
2021-06-24 10:15:32,1775.5,431314
2021-06-24 10:15:33,1775.5,431338
2021-06-24 10:15:34,1775.5,431338
2021-06-24 10:15:35,1775.5,431346
2021-06-24 10:15:36,1775.5,431346
2021-06-24 10:15:37,1774.85,431347
2021-06-24 10:15:38,1775.5,431397
2021-06-24 10:15:40,1775.5,431397
2021-06-24 10:15:39,1775.5,431397
2021-06-24 10:15:41,1775.5,431397
2021-06-24 10:15:42,1775.5,431397
2021-06-24 10:15:43,1774.9,431398
2021-06-24 10:15:44,1775.5,431403
2021-06-24 10:15:45,1775.5,431404
2021-06-24 10:15:46,1775.5,431404
2021-06-24 10:15:47,1775.5,431404
2021-06-24 10:15:48,1775.5,431404
2021-06-24 10:15:49,1775.5,431427
2021-06-24 10:15:50,1775.5,431427
2021-06-24 10:15:51,1775.5,431427
2021-06-24 10:15:52,1774.85,431527
2021-06-24 10:15:53,1775.5,431532
2021-06-24 10:15:54,1775.5,431534
2021-06-24 10:15:56,1775.5,431538
2021-06-24 10:15:57,1775.5,431541
2021-06-24 10:15:58,1775.5,431644
2021-06-24 10:16:00,1775.5,431644
2021-06-24 10:16:01,1775.0,432045
2021-06-24 10:16:02,1775.0,432045
2021-06-24 10:16:03,1775.5,432068
2021-06-24 10:16:04,1775.5,432068
2021-06-24 10:16:05,1775.5,432068
2021-06-24 10:16:06,1775.5,432068
2021-06-24 10:16:07,1775.05,432069
2021-06-24 10:16:09,1775.5,432094
2021-06-24 10:16:09,1775.5,432094
2021-06-24 10:16:10,1775.5,432094
2021-06-24 10:16:11,1775.25,432095
2021-06-24 10:16:12,1775.5,432105
2021-06-24 10:16:13,1775.5,432105
2021-06-24 10:16:14,1775.5,432105
2021-06-24 10:16:15,1775.5,432175
2021-06-24 10:16:16,1775.15,432176
2021-06-24 10:16:17,1775.15,432176
2021-06-24 10:16:18,1775.5,432198
2021-06-24 10:16:20,1775.5,432203
2021-06-24 10:16:20,1775.5,432203
2021-06-24 10:16:21,1775.9,432675
2021-06-24 10:16:23,1777.7,434774
2021-06-24 10:16:23,1777.7,434774
2021-06-24 10:16:24,1777.7,434774
2021-06-24 10:16:25,1777.7,434774
2021-06-24 10:16:26,1777.7,434774
2021-06-24 10:16:27,1777.7,434785
2021-06-24 10:16:28,1777.05,434788
2021-06-24 10:16:29,1777.05,434788
2021-06-24 10:16:31,1777.7,434798
2021-06-24 10:16:32,1777.7,434818
2021-06-24 10:16:33,1777.7,434861
2021-06-24 10:16:35,1777.7,434861
2021-06-24 10:16:35,1777.7,434894
2021-06-24 10:16:36,1777.7,434904
2021-06-24 10:16:37,1777.7,434905
2021-06-24 10:16:38,1777.7,434905
2021-06-24 10:16:39,1777.7,434905
2021-06-24 10:16:40,1777.65,434918
2021-06-24 10:16:41,1777.65,434918
2021-06-24 10:16:42,1777.7,435018
2021-06-24 10:16:43,1777.7,435019
2021-06-24 10:16:44,1777.7,435019
2021-06-24 10:16:45,1777.7,435020
2021-06-24 10:16:47,1777.05,435028
2021-06-24 10:16:47,1777.05,435028
2021-06-24 10:16:48,1777.0,435541
2021-06-24 10:16:49,1777.05,435542
2021-06-24 10:16:50,1777.05,435542
2021-06-24 10:16:51,1777.05,435599
2021-06-24 10:16:52,1776.25,435609
2021-06-24 10:16:53,1777.25,435839
2021-06-24 10:16:54,1777.25,435839
2021-06-24 10:16:55,1776.35,436014
2021-06-24 10:16:56,1777.0,436044
2021-06-24 10:16:58,1776.05,436123
2021-06-24 10:16:59,1776.05,436123
2021-06-24 10:17:00,1776.05,436123
2021-06-24 10:17:02,1776.05,436142
2021-06-24 10:17:03,1775.2,436143
2021-06-24 10:17:04,1776.25,436166
2021-06-24 10:17:05,1776.3,436169
2021-06-24 10:17:07,1775.8,436345
2021-06-24 10:17:08,1775.8,436345
2021-06-24 10:17:09,1775.8,436345
2021-06-24 10:17:10,1776.7,436495
2021-06-24 10:17:11,1775.85,436551
2021-06-24 10:17:12,1776.75,436556
2021-06-24 10:17:13,1776.75,436556
2021-06-24 10:17:14,1776.75,436556
2021-06-24 10:17:15,1776.25,436557
2021-06-24 10:17:16,1776.25,436557
2021-06-24 10:17:17,1776.0,436567
2021-06-24 10:17:18,1776.85,436776
2021-06-24 10:17:19,1776.85,436785
2021-06-24 10:17:21,1776.25,436786
2021-06-24 10:17:21,1776.25,436786
2021-06-24 10:17:22,1776.25,436786
2021-06-24 10:17:24,1776.25,436786
2021-06-24 10:17:24,1776.25,436786
2021-06-24 10:17:25,1776.75,436787
2021-06-24 10:17:26,1776.25,436788
2021-06-24 10:17:27,1776.25,436788
2021-06-24 10:17:28,1776.25,436788
2021-06-24 10:17:29,1776.25,436788
2021-06-24 10:17:30,1776.25,436788
2021-06-24 10:17:32,1776.25,436788
2021-06-24 10:17:33,1776.75,436791
2021-06-24 10:17:34,1776.75,436813
2021-06-24 10:17:35,1776.3,436814
2021-06-24 10:17:36,1776.75,436829
2021-06-24 10:17:37,1776.75,436839
2021-06-24 10:17:38,1776.75,436839
2021-06-24 10:17:39,1776.75,436839
2021-06-24 10:17:40,1776.4,436870
2021-06-24 10:17:41,1776.4,436870
2021-06-24 10:17:42,1777.0,436920
2021-06-24 10:17:43,1777.0,436920
2021-06-24 10:17:45,1776.4,436981
2021-06-24 10:17:45,1776.4,436981
2021-06-24 10:17:46,1776.4,437046
2021-06-24 10:17:47,1776.4,437046
2021-06-24 10:17:48,1776.4,437046
2021-06-24 10:17:49,1777.0,437071
2021-06-24 10:17:50,1776.45,437157
2021-06-24 10:17:51,1776.45,437157
2021-06-24 10:17:52,1776.45,437158
2021-06-24 10:17:53,1776.9,437163
2021-06-24 10:17:54,1776.9,437163
2021-06-24 10:17:55,1776.9,437166
2021-06-24 10:17:56,1776.9,437176
2021-06-24 10:17:57,1776.9,437236
2021-06-24 10:17:58,1777.0,437316
2021-06-24 10:17:59,1776.45,437319
2021-06-24 10:18:01,1776.45,437319
2021-06-24 10:18:03,1776.45,437319
2021-06-24 10:18:04,1776.9,437343
2021-06-24 10:18:04,1776.9,437343
2021-06-24 10:18:05,1776.9,437348
2021-06-24 10:18:06,1776.9,437349
2021-06-24 10:18:07,1776.45,437354
2021-06-24 10:18:08,1776.45,437354
2021-06-24 10:18:09,1776.45,437354
2021-06-24 10:18:10,1776.45,437355
2021-06-24 10:18:11,1776.45,437355
2021-06-24 10:18:13,1776.45,437373
2021-06-24 10:18:14,1776.45,437373
2021-06-24 10:18:15,1776.4,437374
2021-06-24 10:18:16,1776.4,437374
2021-06-24 10:18:17,1776.4,437374
2021-06-24 10:18:18,1776.45,437397
2021-06-24 10:18:19,1776.45,437399
2021-06-24 10:18:20,1776.4,437400
2021-06-24 10:18:21,1776.4,437400
2021-06-24 10:18:22,1776.45,437503
2021-06-24 10:18:23,1776.5,437628
2021-06-24 10:18:25,1776.5,437629
2021-06-24 10:18:26,1776.5,437629
2021-06-24 10:18:27,1776.5,437630
2021-06-24 10:18:27,1776.9,437640
2021-06-24 10:18:28,1776.9,437640
2021-06-24 10:18:29,1776.9,437640
2021-06-24 10:18:31,1776.2,438261
2021-06-24 10:18:31,1776.2,438261
2021-06-24 10:18:33,1776.85,438285
2021-06-24 10:18:34,1775.85,438369
2021-06-24 10:18:36,1775.85,438369
2021-06-24 10:18:36,1776.15,438381
2021-06-24 10:18:37,1775.4,438382
2021-06-24 10:18:38,1776.2,438452
2021-06-24 10:18:39,1776.2,438452
2021-06-24 10:18:40,1776.2,438452
2021-06-24 10:18:41,1776.2,438452
2021-06-24 10:18:42,1776.2,438466
2021-06-24 10:18:43,1775.6,438476
2021-06-24 10:18:44,1775.6,438476
2021-06-24 10:18:46,1776.15,438486
2021-06-24 10:18:47,1775.5,438487
2021-06-24 10:18:48,1775.5,438487
2021-06-24 10:18:49,1776.2,438510
2021-06-24 10:18:50,1776.2,438512
2021-06-24 10:18:50,1775.4,438513
2021-06-24 10:18:51,1775.4,438513
2021-06-24 10:18:52,1775.4,438513
2021-06-24 10:18:53,1775.4,438513
2021-06-24 10:18:54,1776.2,438515
2021-06-24 10:18:55,1775.45,438516
2021-06-24 10:18:56,1775.45,438516
2021-06-24 10:18:58,1776.2,438517
2021-06-24 10:18:59,1776.2,438517
2021-06-24 10:19:00,1776.2,438517
2021-06-24 10:19:01,1775.7,438518
2021-06-24 10:19:02,1775.7,438518
2021-06-24 10:19:02,1775.7,438518
2021-06-24 10:19:03,1775.7,438518
2021-06-24 10:19:04,1776.2,438540
2021-06-24 10:19:05,1775.75,438541
2021-06-24 10:19:06,1775.75,438561
2021-06-24 10:19:07,1775.75,438561
2021-06-24 10:19:08,1776.2,438586
2021-06-24 10:19:09,1776.2,438586
2021-06-24 10:19:10,1775.65,438587
2021-06-24 10:19:11,1775.65,438587
2021-06-24 10:19:12,1776.2,438607
2021-06-24 10:19:13,1776.2,438607
2021-06-24 10:19:14,1776.2,438607
2021-06-24 10:19:15,1775.65,438608
2021-06-24 10:19:16,1775.65,438608
2021-06-24 10:19:18,1775.65,438608
2021-06-24 10:19:19,1776.2,438632
2021-06-24 10:19:20,1776.15,438633
2021-06-24 10:19:21,1776.15,438634
2021-06-24 10:19:22,1776.15,438634
2021-06-24 10:19:23,1776.15,438634
2021-06-24 10:19:24,1776.15,438635
2021-06-24 10:19:25,1776.15,438635
2021-06-24 10:19:26,1776.2,438636
2021-06-24 10:19:27,1776.2,438641
2021-06-24 10:19:27,1776.2,438641
2021-06-24 10:19:28,1776.15,438642
2021-06-24 10:19:29,1776.15,438642
2021-06-24 10:19:30,1776.2,438782
2021-06-24 10:19:31,1775.5,438783
2021-06-24 10:19:32,1776.2,438785
2021-06-24 10:19:33,1776.2,438808
2021-06-24 10:19:34,1776.2,438808
2021-06-24 10:19:35,1776.2,438808
2021-06-24 10:19:36,1775.55,438809
2021-06-24 10:19:37,1775.55,438809
2021-06-24 10:19:38,1776.15,438811
2021-06-24 10:19:39,1776.15,438811
2021-06-24 10:19:40,1775.55,438821
2021-06-24 10:19:41,1775.55,438822
2021-06-24 10:19:42,1775.55,438822
2021-06-24 10:19:43,1775.55,438822
2021-06-24 10:19:45,1775.55,438822
2021-06-24 10:19:46,1775.55,438823
2021-06-24 10:19:47,1775.55,438823
2021-06-24 10:19:49,1776.15,438859
2021-06-24 10:19:50,1775.5,438860
2021-06-24 10:19:51,1776.15,438880
2021-06-24 10:19:52,1776.15,438880
2021-06-24 10:19:53,1776.15,438885
2021-06-24 10:19:53,1776.15,438885
2021-06-24 10:19:54,1776.15,438885
2021-06-24 10:19:55,1775.5,438886
2021-06-24 10:19:56,1775.5,438886
2021-06-24 10:19:57,1775.5,438886
2021-06-24 10:19:59,1775.5,438886
2021-06-24 10:20:01,1775.65,438889
2021-06-24 10:20:01,1775.65,438889
2021-06-24 10:20:02,1775.65,438889
2021-06-24 10:20:04,1776.15,438912
2021-06-24 10:20:05,1776.15,438912
2021-06-24 10:20:06,1775.6,438913
2021-06-24 10:20:06,1775.6,438913
2021-06-24 10:20:07,1775.6,438916
2021-06-24 10:20:08,1775.6,438924
2021-06-24 10:20:09,1775.5,439025
2021-06-24 10:20:10,1775.5,439025
2021-06-24 10:20:11,1775.5,439026
2021-06-24 10:20:12,1775.5,439026
2021-06-24 10:20:14,1775.5,439026
2021-06-24 10:20:15,1775.5,439027
2021-06-24 10:20:16,1775.5,439048
2021-06-24 10:20:17,1775.4,439123
2021-06-24 10:20:18,1776.1,439466
2021-06-24 10:20:19,1776.1,439488
2021-06-24 10:20:20,1775.8,439489
2021-06-24 10:20:21,1775.8,439490
2021-06-24 10:20:22,1775.8,439511
2021-06-24 10:20:23,1775.75,439516
2021-06-24 10:20:24,1775.75,439516
2021-06-24 10:20:25,1775.8,439517
2021-06-24 10:20:25,1775.8,439517
2021-06-24 10:20:27,1775.8,439517
2021-06-24 10:20:28,1776.1,439520
2021-06-24 10:20:29,1775.7,439546
2021-06-24 10:20:30,1775.7,439546
2021-06-24 10:20:31,1775.7,439546
2021-06-24 10:20:33,1776.0,439579
2021-06-24 10:20:32,1775.7,439546
2021-06-24 10:20:34,1776.0,439602
2021-06-24 10:20:35,1776.1,439651
2021-06-24 10:20:35,1776.1,439651
2021-06-24 10:20:36,1776.1,439651
2021-06-24 10:20:37,1776.85,439811
2021-06-24 10:20:38,1776.85,439811
2021-06-24 10:20:39,1776.0,439812
2021-06-24 10:20:40,1776.0,439812
2021-06-24 10:20:42,1776.0,439813
2021-06-24 10:20:43,1776.0,439813
2021-06-24 10:20:45,1776.0,439814
2021-06-24 10:20:46,1776.0,439814
2021-06-24 10:20:47,1776.75,439819
2021-06-24 10:20:48,1776.75,439819
2021-06-24 10:20:49,1776.75,439848
2021-06-24 10:20:50,1776.75,439848
2021-06-24 10:20:51,1776.75,439848
2021-06-24 10:20:52,1776.75,439848
2021-06-24 10:20:53,1776.75,439848
2021-06-24 10:20:54,1776.75,439873
2021-06-24 10:20:54,1776.75,439873
2021-06-24 10:20:56,1776.9,439975
2021-06-24 10:20:57,1776.9,439975
2021-06-24 10:20:58,1776.15,439976
2021-06-24 10:20:58,1776.95,440076
2021-06-24 10:20:59,1776.95,440076
2021-06-24 10:21:00,1776.95,440076
2021-06-24 10:21:03,1776.95,440177
2021-06-24 10:21:04,1776.15,440203
2021-06-24 10:21:05,1776.15,440203
2021-06-24 10:21:06,1776.4,442093
2021-06-24 10:21:07,1776.4,442093
2021-06-24 10:21:08,1776.4,442093
2021-06-24 10:21:09,1776.4,442093
2021-06-24 10:21:10,1776.4,442093
2021-06-24 10:21:11,1777.4,442117
2021-06-24 10:21:12,1777.4,442117
2021-06-24 10:21:13,1777.4,442117
2021-06-24 10:21:13,1777.4,442117
2021-06-24 10:21:14,1777.4,442117
2021-06-24 10:21:15,1777.6,442119
2021-06-24 10:21:16,1777.6,442119
2021-06-24 10:21:17,1777.6,442119
2021-06-24 10:21:18,1777.6,442157
2021-06-24 10:21:19,1777.6,442157
2021-06-24 10:21:20,1777.6,442157
2021-06-24 10:21:21,1777.7,442257
2021-06-24 10:21:22,1777.7,442257
2021-06-24 10:21:23,1777.8,442371
2021-06-24 10:21:24,1777.6,442402
2021-06-24 10:21:25,1777.6,442402
2021-06-24 10:21:27,1777.6,442402
2021-06-24 10:21:29,1778.0,442569
2021-06-24 10:21:30,1778.0,442569
2021-06-24 10:21:31,1777.95,442584
2021-06-24 10:21:32,1778.0,442604
2021-06-24 10:21:33,1778.0,442604
2021-06-24 10:21:34,1778.0,442627
2021-06-24 10:21:35,1778.8,443303
2021-06-24 10:21:35,1778.8,443303
2021-06-24 10:21:36,1778.0,443487
2021-06-24 10:21:37,1778.0,443488
2021-06-24 10:21:38,1778.0,443488
2021-06-24 10:21:39,1778.0,443488
2021-06-24 10:21:40,1778.1,443528
2021-06-24 10:21:41,1778.1,443528
2021-06-24 10:21:42,1778.1,443528
2021-06-24 10:21:44,1778.1,443528
2021-06-24 10:21:45,1778.1,443607
2021-06-24 10:21:46,1778.9,443707
2021-06-24 10:21:47,1778.15,443727
2021-06-24 10:21:48,1778.9,443752
2021-06-24 10:21:49,1778.9,443753
2021-06-24 10:21:50,1778.9,443753
2021-06-24 10:21:51,1778.9,443753
2021-06-24 10:21:52,1778.9,443773
2021-06-24 10:21:52,1778.9,443753
2021-06-24 10:21:53,1778.9,443777
2021-06-24 10:21:54,1778.9,444037
2021-06-24 10:21:55,1778.9,444139
2021-06-24 10:21:56,1778.9,444139
2021-06-24 10:21:58,1778.15,444249
2021-06-24 10:21:58,1778.15,444249
2021-06-24 10:21:59,1778.8,445610
2021-06-24 10:22:01,1778.75,445690
2021-06-24 10:22:02,1778.9,445800
2021-06-24 10:22:03,1778.9,445823
2021-06-24 10:22:03,1778.9,445823
2021-06-24 10:22:05,1778.9,445830
2021-06-24 10:22:07,1778.5,445831
2021-06-24 10:22:08,1778.5,445831
2021-06-24 10:22:09,1778.5,445833
2021-06-24 10:22:09,1778.5,445833
2021-06-24 10:22:10,1778.9,445853
2021-06-24 10:22:11,1778.4,445861
2021-06-24 10:22:12,1778.0,445878
2021-06-24 10:22:13,1778.0,445878
2021-06-24 10:22:14,1778.1,445978
2021-06-24 10:22:15,1778.1,445978
2021-06-24 10:22:16,1778.55,445988
2021-06-24 10:22:18,1777.8,445993
2021-06-24 10:22:18,1778.55,446029
2021-06-24 10:22:19,1778.55,446029
2021-06-24 10:22:20,1778.55,446079
2021-06-24 10:22:22,1778.55,446079
2021-06-24 10:22:22,1778.25,446192
2021-06-24 10:22:24,1778.35,446252
2021-06-24 10:22:25,1778.5,446285
2021-06-24 10:22:26,1778.5,446286
2021-06-24 10:22:27,1778.5,446286
2021-06-24 10:22:28,1777.7,446306
2021-06-24 10:22:29,1778.0,446331
2021-06-24 10:22:30,1778.5,446344
2021-06-24 10:22:31,1778.7,446459
2021-06-24 10:22:32,1778.5,446461
2021-06-24 10:22:33,1778.5,446461
2021-06-24 10:22:34,1778.5,446524
2021-06-24 10:22:35,1777.7,446537
2021-06-24 10:22:36,1777.7,446537
2021-06-24 10:22:37,1778.4,446542
2021-06-24 10:22:38,1778.4,446542
2021-06-24 10:22:39,1778.4,446542
2021-06-24 10:22:40,1778.4,446542
2021-06-24 10:22:41,1778.4,446542
2021-06-24 10:22:42,1778.3,446582
2021-06-24 10:22:44,1778.3,446582
2021-06-24 10:22:45,1777.85,446583
2021-06-24 10:22:46,1778.3,446584
2021-06-24 10:22:47,1778.3,446584
2021-06-24 10:22:48,1777.85,446606
2021-06-24 10:22:49,1777.75,446649
2021-06-24 10:22:50,1778.3,446659
2021-06-24 10:22:51,1777.85,446660
2021-06-24 10:22:52,1777.85,446660
2021-06-24 10:22:53,1777.85,446660
2021-06-24 10:22:55,1777.85,446660
2021-06-24 10:22:56,1777.75,446679
2021-06-24 10:22:57,1777.75,446708
2021-06-24 10:22:58,1777.6,446722
2021-06-24 10:22:59,1777.6,446722
2021-06-24 10:23:00,1777.0,447222
2021-06-24 10:23:01,1777.0,447222
2021-06-24 10:23:02,1777.0,447222
2021-06-24 10:23:02,1777.0,447222
2021-06-24 10:23:03,1777.75,447245
2021-06-24 10:23:04,1777.75,447245
2021-06-24 10:23:05,1777.75,447245
2021-06-24 10:23:06,1777.75,447245
2021-06-24 10:23:07,1776.5,447415
2021-06-24 10:23:08,1777.6,447725
2021-06-24 10:23:09,1777.6,447725
2021-06-24 10:23:10,1777.7,447727
2021-06-24 10:23:12,1777.1,447748
2021-06-24 10:23:12,1777.1,447748
2021-06-24 10:23:13,1777.1,447748
2021-06-24 10:23:14,1777.1,447748
2021-06-24 10:23:16,1777.1,447798
2021-06-24 10:23:17,1777.1,447798
2021-06-24 10:23:18,1777.7,447820
2021-06-24 10:23:18,1777.7,447820
2021-06-24 10:23:19,1777.7,447820
2021-06-24 10:23:20,1777.7,447820
2021-06-24 10:23:21,1776.85,447845
2021-06-24 10:23:22,1776.85,447845
2021-06-24 10:23:24,1777.1,447877
2021-06-24 10:23:25,1777.1,447877
2021-06-24 10:23:25,1777.1,447877
2021-06-24 10:23:26,1777.7,447897
2021-06-24 10:23:27,1777.75,447950
2021-06-24 10:23:29,1777.0,448002
2021-06-24 10:23:31,1777.0,448002
2021-06-24 10:23:32,1777.0,448007
2021-06-24 10:23:33,1777.0,448026
2021-06-24 10:23:34,1777.75,448039
2021-06-24 10:23:35,1777.7,448041
2021-06-24 10:23:36,1777.75,448062
2021-06-24 10:23:36,1777.75,448062
2021-06-24 10:23:37,1777.85,448155
2021-06-24 10:23:38,1777.7,448156
2021-06-24 10:23:39,1778.0,448257
2021-06-24 10:23:41,1777.45,448258
2021-06-24 10:23:42,1777.45,448258
2021-06-24 10:23:42,1778.3,448467
2021-06-24 10:23:43,1778.3,448467
2021-06-24 10:23:44,1778.3,448467
2021-06-24 10:23:45,1778.3,448467
2021-06-24 10:23:46,1778.3,448467
2021-06-24 10:23:47,1778.3,448467
2021-06-24 10:23:49,1778.6,448590
2021-06-24 10:23:50,1777.55,448837
2021-06-24 10:23:50,1777.55,448837
2021-06-24 10:23:51,1778.0,449087
2021-06-24 10:23:52,1778.0,449087
2021-06-24 10:23:53,1778.0,449087
2021-06-24 10:23:54,1778.0,449187
2021-06-24 10:23:56,1778.0,449187
2021-06-24 10:23:57,1778.0,449187
2021-06-24 10:23:58,1778.0,449187
2021-06-24 10:23:59,1778.0,449217
2021-06-24 10:24:00,1778.0,449217
2021-06-24 10:24:01,1777.4,449246
2021-06-24 10:24:02,1777.4,449246
2021-06-24 10:24:03,1777.8,449269
2021-06-24 10:24:04,1777.8,449269
2021-06-24 10:24:04,1777.8,449269
2021-06-24 10:24:05,1777.8,449269
2021-06-24 10:24:07,1777.0,449319
2021-06-24 10:24:08,1777.0,449319
2021-06-24 10:24:09,1777.5,449349
2021-06-24 10:24:10,1777.5,449349
2021-06-24 10:24:11,1777.5,449349
2021-06-24 10:24:12,1777.5,449349
2021-06-24 10:24:12,1777.5,449349
2021-06-24 10:24:13,1777.5,449349
2021-06-24 10:24:14,1777.5,449349
2021-06-24 10:24:15,1777.5,449349
2021-06-24 10:24:17,1777.5,449364
2021-06-24 10:24:18,1777.7,449438
2021-06-24 10:24:18,1778.05,449614
2021-06-24 10:24:19,1778.05,449614
2021-06-24 10:24:21,1778.05,449614
2021-06-24 10:24:22,1778.5,449764
2021-06-24 10:24:23,1778.5,449764
2021-06-24 10:24:24,1778.5,449764
2021-06-24 10:24:25,1778.5,449767
2021-06-24 10:24:26,1778.0,449768
2021-06-24 10:24:27,1777.6,449778
2021-06-24 10:24:28,1777.4,449928
2021-06-24 10:24:30,1777.1,449929
2021-06-24 10:24:31,1777.1,449979
2021-06-24 10:24:32,1777.1,449979
2021-06-24 10:24:33,1777.1,449979
2021-06-24 10:24:34,1778.0,450001
2021-06-24 10:24:35,1777.15,450051
2021-06-24 10:24:36,1778.0,450061
2021-06-24 10:24:37,1778.0,450061
2021-06-24 10:24:38,1778.0,450061
2021-06-24 10:24:39,1778.0,450061
2021-06-24 10:24:40,1777.15,450067
2021-06-24 10:24:41,1777.15,450067
2021-06-24 10:24:42,1777.15,450067
2021-06-24 10:24:43,1777.15,450067
2021-06-24 10:24:44,1778.0,450077
2021-06-24 10:24:45,1778.0,450077
2021-06-24 10:24:46,1778.0,450077
2021-06-24 10:24:47,1777.15,450098
2021-06-24 10:24:48,1777.15,450098
2021-06-24 10:24:49,1778.0,450121
2021-06-24 10:24:50,1778.0,450121
2021-06-24 10:24:51,1777.15,450161
2021-06-24 10:24:52,1777.15,450161
2021-06-24 10:24:53,1777.15,450161
2021-06-24 10:24:54,1777.15,450161
2021-06-24 10:24:55,1777.5,450221
2021-06-24 10:24:56,1777.5,450221
2021-06-24 10:24:57,1777.5,450221
2021-06-24 10:24:58,1777.5,450221
2021-06-24 10:24:59,1777.5,450221
2021-06-24 10:25:00,1777.5,450221
2021-06-24 10:25:01,1777.5,450221
2021-06-24 10:25:02,1777.5,450221
2021-06-24 10:25:03,1777.2,450231
2021-06-24 10:25:04,1777.95,450255
2021-06-24 10:25:05,1777.95,450255
2021-06-24 10:25:06,1777.95,450255
2021-06-24 10:25:07,1777.95,450255
2021-06-24 10:25:08,1777.85,450258
2021-06-24 10:25:10,1777.95,450559
2021-06-24 10:25:11,1778.1,451937
2021-06-24 10:25:12,1778.1,451947
2021-06-24 10:25:13,1778.1,451947
2021-06-24 10:25:14,1778.1,451947
2021-06-24 10:25:15,1778.85,452398
2021-06-24 10:25:16,1778.6,452427
2021-06-24 10:25:17,1778.6,452427
2021-06-24 10:25:18,1778.7,452450
2021-06-24 10:25:19,1778.7,452450
2021-06-24 10:25:20,1778.7,452457
2021-06-24 10:25:21,1778.7,452457
2021-06-24 10:25:22,1778.6,452479
2021-06-24 10:25:23,1778.6,452479
2021-06-24 10:25:24,1778.6,452481
2021-06-24 10:25:25,1778.6,452490
2021-06-24 10:25:26,1778.6,452491
2021-06-24 10:25:27,1778.6,452491
2021-06-24 10:25:28,1778.6,452491
2021-06-24 10:25:29,1778.6,452492
2021-06-24 10:25:30,1778.0,452539
2021-06-24 10:25:32,1778.0,452539
2021-06-24 10:25:31,1778.0,452539
2021-06-24 10:25:33,1778.0,452539
2021-06-24 10:25:34,1778.0,452562
2021-06-24 10:25:35,1777.85,452572
2021-06-24 10:25:36,1777.85,452572
2021-06-24 10:25:37,1777.85,452572
2021-06-24 10:25:38,1777.85,452572
2021-06-24 10:25:39,1777.85,452572
2021-06-24 10:25:40,1778.0,452588
2021-06-24 10:25:41,1777.85,452593
2021-06-24 10:25:42,1778.0,452603
2021-06-24 10:25:43,1778.0,452603
2021-06-24 10:25:44,1778.0,452603
2021-06-24 10:25:45,1778.0,452604
2021-06-24 10:25:46,1778.0,452604
2021-06-24 10:25:47,1778.0,452604
2021-06-24 10:25:48,1778.0,452632
2021-06-24 10:25:49,1778.0,452633
2021-06-24 10:25:50,1777.85,452638
2021-06-24 10:25:51,1777.85,452638
2021-06-24 10:25:52,1777.55,452673
2021-06-24 10:25:53,1777.95,452678
2021-06-24 10:25:54,1777.95,452678
2021-06-24 10:25:55,1777.95,452678
2021-06-24 10:25:56,1777.95,452678
2021-06-24 10:25:57,1777.95,452678
2021-06-24 10:25:58,1777.95,452678
