timestamp,ltp,volume
2021-06-24 09:35:55,6958.85,51233
2021-06-24 09:35:55,6958.85,51233
2021-06-24 09:35:56,6958.85,51233
2021-06-24 09:35:57,6960.6,51264
2021-06-24 09:35:58,6960.6,51264
2021-06-24 09:35:59,6960.6,51264
2021-06-24 09:36:00,6960.6,51264
2021-06-24 09:36:00,6960.6,51265
2021-06-24 09:36:01,6960.6,51265
2021-06-24 09:36:02,6961.3,51268
2021-06-24 09:36:04,6963.15,51288
2021-06-24 09:36:07,6963.15,51288
2021-06-24 09:36:08,6967.2,51296
2021-06-24 09:36:08,6967.2,51296
2021-06-24 09:36:09,6967.2,51296
2021-06-24 09:36:10,6967.2,51296
2021-06-24 09:36:11,6962.9,51396
2021-06-24 09:36:13,6967.15,51407
2021-06-24 09:36:14,6967.15,51407
2021-06-24 09:36:15,6963.45,51412
2021-06-24 09:36:16,6963.45,51412
2021-06-24 09:36:17,6963.45,51412
2021-06-24 09:36:18,6963.45,51412
2021-06-24 09:36:19,6966.95,51413
2021-06-24 09:36:20,6966.95,51413
2021-06-24 09:36:22,6966.95,51440
2021-06-24 09:36:23,6963.5,51481
2021-06-24 09:36:25,6967.0,51492
2021-06-24 09:36:26,6967.75,51542
2021-06-24 09:36:27,6966.95,51623
2021-06-24 09:36:28,6966.95,51627
2021-06-24 09:36:30,6964.15,51628
2021-06-24 09:36:30,6964.15,51628
2021-06-24 09:36:32,6967.05,51652
2021-06-24 09:36:33,6969.0,51656
2021-06-24 09:36:34,6969.0,51656
2021-06-24 09:36:35,6969.0,51668
2021-06-24 09:36:36,6967.05,51679
2021-06-24 09:36:37,6967.05,51681
2021-06-24 09:36:38,6967.05,51681
2021-06-24 09:36:39,6968.9,51682
2021-06-24 09:36:40,6968.65,51743
2021-06-24 09:36:41,6968.9,51754
2021-06-24 09:36:42,6967.1,51759
2021-06-24 09:36:43,6967.1,51759
2021-06-24 09:36:45,6968.9,51771
2021-06-24 09:36:45,6967.05,51806
2021-06-24 09:36:46,6967.05,51806
2021-06-24 09:36:48,6967.05,51806
2021-06-24 09:36:49,6968.9,51818
2021-06-24 09:36:50,6967.05,51819
2021-06-24 09:36:51,6968.9,51836
2021-06-24 09:36:52,6968.9,51855
2021-06-24 09:36:53,6968.9,51870
2021-06-24 09:36:54,6968.9,51870
2021-06-24 09:36:55,6966.95,51971
2021-06-24 09:36:57,6964.1,51991
2021-06-24 09:36:59,6964.1,51996
2021-06-24 09:37:00,6964.1,52008
2021-06-24 09:37:01,6964.1,52008
2021-06-24 09:37:02,6964.1,52008
2021-06-24 09:37:03,6963.45,52154
2021-06-24 09:37:04,6963.45,52154
2021-06-24 09:37:04,6966.45,52157
2021-06-24 09:37:06,6966.45,52157
2021-06-24 09:37:07,6966.45,52157
2021-06-24 09:37:08,6964.15,52162
2021-06-24 09:37:09,6964.15,52163
2021-06-24 09:37:10,6963.45,52173
2021-06-24 09:37:11,6963.45,52173
2021-06-24 09:37:11,6963.45,52173
2021-06-24 09:37:12,6963.45,52181
2021-06-24 09:37:14,6963.45,52181
2021-06-24 09:37:14,6963.45,52181
2021-06-24 09:37:15,6963.45,52187
2021-06-24 09:37:16,6963.45,52190
2021-06-24 09:37:17,6963.45,52194
2021-06-24 09:37:19,6963.45,52194
2021-06-24 09:37:20,6963.5,52204
2021-06-24 09:37:21,6966.0,52209
2021-06-24 09:37:22,6966.0,52214
2021-06-24 09:37:23,6965.0,52239
2021-06-24 09:37:24,6963.85,52248
2021-06-24 09:37:25,6963.45,52297
2021-06-24 09:37:26,6963.45,52308
2021-06-24 09:37:27,6963.45,52314
2021-06-24 09:37:27,6963.45,52379
2021-06-24 09:37:29,6963.45,52379
2021-06-24 09:37:30,6963.0,52443
2021-06-24 09:37:31,6963.0,52443
2021-06-24 09:37:32,6962.9,52475
2021-06-24 09:37:32,6962.9,52485
2021-06-24 09:37:33,6961.65,52517
2021-06-24 09:37:34,6961.65,52517
2021-06-24 09:37:35,6961.3,52572
2021-06-24 09:37:36,6961.3,52572
2021-06-24 09:37:38,6961.25,52612
2021-06-24 09:37:40,6961.3,52621
2021-06-24 09:37:39,6961.25,52612
2021-06-24 09:37:41,6961.3,52621
2021-06-24 09:37:42,6961.3,52621
2021-06-24 09:37:43,6961.3,52621
2021-06-24 09:37:44,6961.3,52621
2021-06-24 09:37:45,6963.35,52636
2021-06-24 09:37:46,6963.4,52637
2021-06-24 09:37:47,6962.2,52638
2021-06-24 09:37:48,6962.2,52643
2021-06-24 09:37:48,6962.2,52679
2021-06-24 09:37:49,6961.3,52712
2021-06-24 09:37:50,6961.3,52712
2021-06-24 09:37:51,6961.3,52712
2021-06-24 09:37:52,6963.4,52718
2021-06-24 09:37:53,6963.4,52726
2021-06-24 09:37:54,6963.45,52825
2021-06-24 09:37:56,6960.45,52989
2021-06-24 09:37:57,6963.45,53062
2021-06-24 09:37:58,6963.45,53062
2021-06-24 09:37:59,6962.2,53078
2021-06-24 09:38:00,6962.2,53078
2021-06-24 09:38:01,6963.8,53349
2021-06-24 09:38:02,6963.9,53360
2021-06-24 09:38:02,6963.9,53360
2021-06-24 09:38:03,6963.9,53360
2021-06-24 09:38:05,6963.9,53360
2021-06-24 09:38:06,6968.5,53410
2021-06-24 09:38:08,6968.5,53428
2021-06-24 09:38:09,6968.5,53428
2021-06-24 09:38:11,6965.0,53524
2021-06-24 09:38:12,6965.0,53574
2021-06-24 09:38:13,6968.9,53607
2021-06-24 09:38:14,6969.95,53667
2021-06-24 09:38:15,6968.9,53688
2021-06-24 09:38:16,6968.9,53688
2021-06-24 09:38:17,6967.9,53794
2021-06-24 09:38:18,6967.65,53795
2021-06-24 09:38:19,6968.05,53805
2021-06-24 09:38:20,6967.85,53809
2021-06-24 09:38:21,6967.85,53809
2021-06-24 09:38:22,6964.5,53810
2021-06-24 09:38:23,6964.5,53810
2021-06-24 09:38:24,6967.55,53811
2021-06-24 09:38:24,6967.55,53811
2021-06-24 09:38:25,6967.9,53861
2021-06-24 09:38:27,6969.45,53981
2021-06-24 09:38:28,6965.1,53986
2021-06-24 09:38:29,6969.95,54036
2021-06-24 09:38:30,6969.95,54039
2021-06-24 09:38:31,6969.95,54040
2021-06-24 09:38:32,6966.0,54042
2021-06-24 09:38:33,6969.95,54092
2021-06-24 09:38:34,6966.6,54095
2021-06-24 09:38:34,6967.45,54196
2021-06-24 09:38:35,6967.45,54196
2021-06-24 09:38:36,6967.45,54225
2021-06-24 09:38:37,6967.45,54225
2021-06-24 09:38:39,6969.95,54226
2021-06-24 09:38:40,6970.1,54453
2021-06-24 09:38:41,6970.0,54461
2021-06-24 09:38:42,6970.1,54486
2021-06-24 09:38:43,6971.0,54508
2021-06-24 09:38:45,6971.0,54508
2021-06-24 09:38:46,6971.0,54508
2021-06-24 09:38:47,6971.0,54508
2021-06-24 09:38:48,6970.0,54519
2021-06-24 09:38:48,6971.0,54521
2021-06-24 09:38:49,6971.0,54526
2021-06-24 09:38:50,6971.85,54627
2021-06-24 09:38:51,6971.0,54645
2021-06-24 09:38:52,6971.0,54646
2021-06-24 09:38:53,6971.0,54647
2021-06-24 09:38:54,6972.55,54738
2021-06-24 09:38:55,6971.05,54739
2021-06-24 09:38:56,6973.9,54786
2021-06-24 09:38:57,6971.75,54794
2021-06-24 09:38:58,6971.75,54798
2021-06-24 09:38:59,6971.75,54809
2021-06-24 09:39:00,6971.75,54809
2021-06-24 09:39:01,6971.75,54809
2021-06-24 09:39:02,6971.75,54809
2021-06-24 09:39:03,6971.75,54810
2021-06-24 09:39:04,6971.1,54815
2021-06-24 09:39:05,6971.1,54815
2021-06-24 09:39:07,6971.1,54821
2021-06-24 09:39:08,6971.75,54824
2021-06-24 09:39:11,6971.25,54849
2021-06-24 09:39:12,6971.25,54849
2021-06-24 09:39:13,6971.25,54849
2021-06-24 09:39:14,6971.25,54852
2021-06-24 09:39:15,6971.25,54855
2021-06-24 09:39:16,6973.0,54856
2021-06-24 09:39:17,6971.25,54881
2021-06-24 09:39:18,6973.0,54900
2021-06-24 09:39:19,6973.0,54900
2021-06-24 09:39:20,6973.0,54923
2021-06-24 09:39:22,6971.75,54939
2021-06-24 09:39:23,6971.3,54948
2021-06-24 09:39:23,6971.3,54948
2021-06-24 09:39:24,6971.25,54998
2021-06-24 09:39:26,6971.25,54998
2021-06-24 09:39:27,6972.0,55010
2021-06-24 09:39:28,6972.0,55010
2021-06-24 09:39:29,6972.0,55015
2021-06-24 09:39:30,6972.0,55074
2021-06-24 09:39:31,6971.75,55167
2021-06-24 09:39:32,6971.25,55333
2021-06-24 09:39:33,6974.65,55363
2021-06-24 09:39:34,6972.8,55465
2021-06-24 09:39:35,6971.55,55468
2021-06-24 09:39:36,6973.35,55565
2021-06-24 09:39:37,6972.0,55572
2021-06-24 09:39:38,6972.0,55572
2021-06-24 09:39:39,6972.0,55590
2021-06-24 09:39:40,6972.0,55590
2021-06-24 09:39:40,6972.0,55590
2021-06-24 09:39:41,6972.0,55590
2021-06-24 09:39:43,6972.0,55590
2021-06-24 09:39:44,6972.0,55590
2021-06-24 09:39:45,6972.0,55590
2021-06-24 09:39:46,6972.05,55591
2021-06-24 09:39:47,6973.0,55594
2021-06-24 09:39:48,6975.0,55785
2021-06-24 09:39:49,6975.0,55797
2021-06-24 09:39:50,6975.0,55797
2021-06-24 09:39:51,6973.0,55827
2021-06-24 09:39:52,6973.5,55879
2021-06-24 09:39:53,6975.0,55892
2021-06-24 09:39:54,6975.0,55892
2021-06-24 09:39:55,6973.5,55907
2021-06-24 09:39:56,6972.0,55918
2021-06-24 09:39:57,6972.0,55957
2021-06-24 09:39:58,6974.0,55959
2021-06-24 09:39:59,6975.0,56014
2021-06-24 09:40:00,6975.0,56014
2021-06-24 09:40:01,6975.0,56014
2021-06-24 09:40:02,6975.0,56014
2021-06-24 09:40:03,6975.0,56052
2021-06-24 09:40:04,6975.0,56052
2021-06-24 09:40:04,6975.0,56052
2021-06-24 09:40:06,6974.0,56057
2021-06-24 09:40:07,6975.0,56058
2021-06-24 09:40:08,6973.0,56088
2021-06-24 09:40:09,6973.0,56088
2021-06-24 09:40:10,6974.9,56117
2021-06-24 09:40:11,6973.05,56217
2021-06-24 09:40:11,6973.05,56217
2021-06-24 09:40:12,6973.05,56217
2021-06-24 09:40:14,6973.05,56254
2021-06-24 09:40:15,6973.0,56287
2021-06-24 09:40:17,6972.0,56387
2021-06-24 09:40:18,6972.0,56387
2021-06-24 09:40:19,6972.0,56387
2021-06-24 09:40:21,6972.0,56387
2021-06-24 09:40:22,6972.0,56387
2021-06-24 09:40:22,6972.0,56387
2021-06-24 09:40:24,6972.0,56388
2021-06-24 09:40:25,6972.0,56388
2021-06-24 09:40:26,6972.0,56398
2021-06-24 09:40:27,6972.0,56429
2021-06-24 09:40:28,6972.0,56450
2021-06-24 09:40:29,6972.05,56451
2021-06-24 09:40:30,6972.0,56452
2021-06-24 09:40:31,6972.0,56452
2021-06-24 09:40:31,6972.0,56452
2021-06-24 09:40:34,6974.7,56528
2021-06-24 09:40:35,6972.0,56575
2021-06-24 09:40:36,6970.65,56675
2021-06-24 09:40:37,6970.65,56675
2021-06-24 09:40:38,6970.65,56675
2021-06-24 09:40:38,6970.65,56675
2021-06-24 09:40:39,6970.85,56683
2021-06-24 09:40:41,6973.15,56730
2021-06-24 09:40:42,6973.15,56730
2021-06-24 09:40:43,6973.15,57011
2021-06-24 09:40:43,6973.15,57011
2021-06-24 09:40:44,6974.75,57037
2021-06-24 09:40:45,6974.75,57037
2021-06-24 09:40:47,6970.75,57045
2021-06-24 09:40:49,6974.45,57061
2021-06-24 09:40:50,6974.45,57061
2021-06-24 09:40:51,6974.45,57061
2021-06-24 09:40:52,6974.45,57061
2021-06-24 09:40:53,6971.0,57116
2021-06-24 09:40:54,6973.15,57118
2021-06-24 09:40:55,6973.15,57118
2021-06-24 09:40:56,6973.15,57118
2021-06-24 09:40:58,6973.15,57133
2021-06-24 09:40:59,6973.15,57133
2021-06-24 09:41:00,6972.0,57136
2021-06-24 09:41:01,6971.05,57145
2021-06-24 09:41:03,6972.0,57185
2021-06-24 09:41:04,6972.0,57185
2021-06-24 09:41:05,6972.0,57185
2021-06-24 09:41:06,6973.15,57199
2021-06-24 09:41:07,6973.15,57199
2021-06-24 09:41:08,6971.0,57221
2021-06-24 09:41:09,6971.0,57225
2021-06-24 09:41:10,6972.85,57226
2021-06-24 09:41:11,6971.0,57256
2021-06-24 09:41:12,6971.0,57279
2021-06-24 09:41:13,6971.0,57280
2021-06-24 09:41:14,6971.0,57287
2021-06-24 09:41:17,6970.5,57345
2021-06-24 09:41:18,6970.5,57345
2021-06-24 09:41:19,6971.0,57346
2021-06-24 09:41:19,6971.0,57346
2021-06-24 09:41:20,6971.0,57346
2021-06-24 09:41:21,6971.0,57346
2021-06-24 09:41:23,6971.0,57349
2021-06-24 09:41:24,6971.0,57369
2021-06-24 09:41:25,6970.0,57374
2021-06-24 09:41:27,6966.05,57424
2021-06-24 09:41:28,6970.0,57429
2021-06-24 09:41:29,6970.0,57429
2021-06-24 09:41:30,6968.4,57453
2021-06-24 09:41:31,6968.4,57453
2021-06-24 09:41:32,6968.4,57453
2021-06-24 09:41:33,6968.4,57453
2021-06-24 09:41:34,6968.15,57459
2021-06-24 09:41:35,6968.15,57459
2021-06-24 09:41:36,6970.55,57509
2021-06-24 09:41:37,6971.0,57511
2021-06-24 09:41:38,6967.2,57512
2021-06-24 09:41:39,6967.2,57552
2021-06-24 09:41:40,6967.2,57557
2021-06-24 09:41:41,6969.25,57563
2021-06-24 09:41:42,6969.25,57563
2021-06-24 09:41:43,6968.4,57564
2021-06-24 09:41:44,6968.4,57564
2021-06-24 09:41:46,6968.4,57564
2021-06-24 09:41:47,6969.05,57569
2021-06-24 09:41:49,6962.4,57922
2021-06-24 09:41:50,6964.2,57953
2021-06-24 09:41:52,6964.2,57960
2021-06-24 09:41:53,6964.2,57960
2021-06-24 09:41:54,6964.2,57960
2021-06-24 09:41:55,6964.2,57960
2021-06-24 09:41:56,6967.15,57970
2021-06-24 09:41:57,6964.8,57975
2021-06-24 09:41:58,6967.15,58025
2021-06-24 09:41:59,6967.15,58025
2021-06-24 09:42:01,6968.0,58042
2021-06-24 09:42:02,6968.0,58042
2021-06-24 09:42:03,6965.0,58069
2021-06-24 09:42:04,6965.0,58084
2021-06-24 09:42:05,6965.0,58084
2021-06-24 09:42:06,6965.0,58085
2021-06-24 09:42:08,6965.0,58122
2021-06-24 09:42:10,6964.85,58146
2021-06-24 09:42:11,6964.85,58146
2021-06-24 09:42:12,6964.85,58146
2021-06-24 09:42:13,6964.85,58146
2021-06-24 09:42:15,6964.85,58160
2021-06-24 09:42:14,6964.85,58156
2021-06-24 09:42:16,6964.85,58160
2021-06-24 09:42:17,6964.85,58160
2021-06-24 09:42:18,6964.85,58162
2021-06-24 09:42:19,6964.8,58165
2021-06-24 09:42:20,6966.95,58166
2021-06-24 09:42:21,6967.95,58198
2021-06-24 09:42:22,6967.95,58198
2021-06-24 09:42:24,6964.85,58210
2021-06-24 09:42:25,6964.85,58215
2021-06-24 09:42:26,6964.85,58215
2021-06-24 09:42:27,6964.85,58215
2021-06-24 09:42:28,6964.85,58216
2021-06-24 09:42:29,6964.85,58221
2021-06-24 09:42:30,6964.85,58221
2021-06-24 09:42:31,6964.85,58221
2021-06-24 09:42:32,6964.65,58279
2021-06-24 09:42:33,6964.85,58295
2021-06-24 09:42:34,6964.2,58335
2021-06-24 09:42:35,6964.85,58351
2021-06-24 09:42:36,6964.5,58386
2021-06-24 09:42:37,6964.5,58386
2021-06-24 09:42:38,6964.5,58386
2021-06-24 09:42:39,6964.5,58386
2021-06-24 09:42:40,6963.4,58388
2021-06-24 09:42:41,6963.4,58388
2021-06-24 09:42:43,6963.4,58389
2021-06-24 09:42:44,6963.4,58389
2021-06-24 09:42:45,6963.4,58389
2021-06-24 09:42:46,6963.4,58389
2021-06-24 09:42:47,6963.4,58389
2021-06-24 09:42:48,6963.4,58389
2021-06-24 09:42:49,6964.8,58390
2021-06-24 09:42:50,6964.85,58392
2021-06-24 09:42:51,6964.85,58449
2021-06-24 09:42:52,6961.1,58649
2021-06-24 09:42:53,6961.1,58649
2021-06-24 09:42:54,6961.1,58649
2021-06-24 09:42:55,6961.1,58649
2021-06-24 09:42:56,6961.1,58649
2021-06-24 09:42:57,6961.0,58749
2021-06-24 09:42:58,6961.0,58749
2021-06-24 09:42:59,6961.0,58749
2021-06-24 09:43:00,6961.0,58749
2021-06-24 09:43:01,6964.0,58750
2021-06-24 09:43:02,6964.85,58754
2021-06-24 09:43:03,6964.85,58754
2021-06-24 09:43:04,6962.5,58783
2021-06-24 09:43:05,6962.5,58783
2021-06-24 09:43:06,6962.5,58783
2021-06-24 09:43:07,6962.5,58783
2021-06-24 09:43:08,6962.5,58783
2021-06-24 09:43:09,6962.5,58783
2021-06-24 09:43:10,6962.5,58783
2021-06-24 09:43:12,6965.0,58858
2021-06-24 09:43:13,6965.0,58858
2021-06-24 09:43:14,6969.0,58890
2021-06-24 09:43:15,6969.0,58890
2021-06-24 09:43:16,6969.0,58892
2021-06-24 09:43:17,6969.0,58892
2021-06-24 09:43:19,6966.3,58897
2021-06-24 09:43:20,6966.3,58897
2021-06-24 09:43:21,6966.3,58897
2021-06-24 09:43:22,6966.3,58897
2021-06-24 09:43:23,6969.25,58908
2021-06-24 09:43:24,6969.25,58908
2021-06-24 09:43:25,6969.25,58908
2021-06-24 09:43:27,6970.0,58923
2021-06-24 09:43:28,6970.0,58923
2021-06-24 09:43:29,6970.0,58923
2021-06-24 09:43:30,6969.25,58940
2021-06-24 09:43:32,6970.0,58942
2021-06-24 09:43:33,6970.0,58943
2021-06-24 09:43:34,6969.25,58968
2021-06-24 09:43:35,6970.0,59209
2021-06-24 09:43:36,6965.15,59279
2021-06-24 09:43:37,6965.25,59289
2021-06-24 09:43:39,6971.05,59489
2021-06-24 09:43:39,6971.05,59489
2021-06-24 09:43:40,6968.55,59513
2021-06-24 09:43:41,6966.3,59518
2021-06-24 09:43:42,6968.55,59522
2021-06-24 09:43:43,6966.3,59524
2021-06-24 09:43:45,6966.3,59524
2021-06-24 09:43:45,6968.55,59533
2021-06-24 09:43:46,6970.75,59558
2021-06-24 09:43:47,6970.55,59603
2021-06-24 09:43:48,6966.7,59803
2021-06-24 09:43:49,6966.7,59803
2021-06-24 09:43:50,6971.0,59880
2021-06-24 09:43:51,6971.6,59891
2021-06-24 09:43:52,6972.0,59901
2021-06-24 09:43:53,6970.0,59908
2021-06-24 09:43:54,6972.0,59914
2021-06-24 09:43:56,6972.15,59924
2021-06-24 09:43:56,6972.15,59924
2021-06-24 09:43:57,6972.15,59924
2021-06-24 09:43:58,6972.15,59969
2021-06-24 09:43:59,6972.15,59969
2021-06-24 09:44:00,6972.2,59990
2021-06-24 09:44:01,6972.2,59990
2021-06-24 09:44:02,6972.2,59990
2021-06-24 09:44:03,6972.2,59990
2021-06-24 09:44:04,6970.05,60020
2021-06-24 09:44:05,6968.15,60147
2021-06-24 09:44:06,6971.0,60150
2021-06-24 09:44:07,6971.0,60150
2021-06-24 09:44:09,6973.0,60233
2021-06-24 09:44:09,6972.1,60234
2021-06-24 09:44:10,6972.1,60234
2021-06-24 09:44:11,6973.0,60247
2021-06-24 09:44:12,6973.0,60247
2021-06-24 09:44:13,6972.15,60259
2021-06-24 09:44:14,6972.15,60259
2021-06-24 09:44:15,6973.0,60315
2021-06-24 09:44:16,6972.25,60325
2021-06-24 09:44:17,6972.25,60330
2021-06-24 09:44:18,6973.35,60382
2021-06-24 09:44:19,6972.25,60385
2021-06-24 09:44:20,6972.25,60385
2021-06-24 09:44:22,6972.25,60385
2021-06-24 09:44:22,6972.25,60385
2021-06-24 09:44:23,6972.25,60395
2021-06-24 09:44:24,6973.35,60402
2021-06-24 09:44:25,6972.25,60409
2021-06-24 09:44:26,6972.25,60409
2021-06-24 09:44:28,6972.1,60466
2021-06-24 09:44:29,6972.0,60528
2021-06-24 09:44:31,6972.6,60578
2021-06-24 09:44:31,6972.6,60578
2021-06-24 09:44:32,6972.6,60578
2021-06-24 09:44:33,6972.6,60578
2021-06-24 09:44:34,6973.35,60619
2021-06-24 09:44:35,6973.35,60619
2021-06-24 09:44:36,6973.35,60619
2021-06-24 09:44:37,6973.35,60619
2021-06-24 09:44:38,6973.35,60639
2021-06-24 09:44:40,6973.35,60639
2021-06-24 09:44:40,6973.0,60644
2021-06-24 09:44:41,6972.2,60678
2021-06-24 09:44:42,6972.2,60678
2021-06-24 09:44:43,6973.0,60680
2021-06-24 09:44:45,6973.0,60680
2021-06-24 09:44:46,6968.2,60780
2021-06-24 09:44:46,6968.2,60780
2021-06-24 09:44:47,6968.2,60780
2021-06-24 09:44:48,6968.8,60783
2021-06-24 09:44:49,6968.8,60783
2021-06-24 09:44:50,6968.8,60783
2021-06-24 09:44:51,6968.8,60783
2021-06-24 09:44:52,6972.45,60803
2021-06-24 09:44:54,6969.3,60807
2021-06-24 09:44:55,6969.3,60807
2021-06-24 09:44:56,6969.45,60817
2021-06-24 09:44:57,6969.45,60817
2021-06-24 09:44:58,6969.45,60817
2021-06-24 09:44:59,6969.45,60817
2021-06-24 09:45:00,6969.5,60827
2021-06-24 09:45:01,6969.5,60827
2021-06-24 09:45:02,6972.9,60870
2021-06-24 09:45:03,6972.9,60870
2021-06-24 09:45:04,6972.8,60875
2021-06-24 09:45:05,6972.8,60875
2021-06-24 09:45:06,6970.25,60877
2021-06-24 09:45:07,6970.25,60877
2021-06-24 09:45:08,6970.25,60877
2021-06-24 09:45:09,6970.25,60877
2021-06-24 09:45:10,6970.25,60879
2021-06-24 09:45:12,6970.25,60879
2021-06-24 09:45:13,6969.5,60924
2021-06-24 09:45:13,6969.5,60924
2021-06-24 09:45:14,6972.8,60935
2021-06-24 09:45:15,6972.8,60935
2021-06-24 09:45:16,6972.8,60984
2021-06-24 09:45:18,6973.0,61011
2021-06-24 09:45:18,6973.0,61011
2021-06-24 09:45:19,6973.0,61011
2021-06-24 09:45:20,6970.0,61044
2021-06-24 09:45:21,6973.0,61048
2021-06-24 09:45:22,6973.0,61049
2021-06-24 09:45:23,6973.0,61049
2021-06-24 09:45:24,6970.05,61077
2021-06-24 09:45:25,6972.0,61185
2021-06-24 09:45:27,6972.0,61190
2021-06-24 09:45:28,6972.0,61216
2021-06-24 09:45:29,6972.0,61226
2021-06-24 09:45:30,6973.0,61229
2021-06-24 09:45:31,6973.0,61229
2021-06-24 09:45:32,6973.35,61315
2021-06-24 09:45:33,6973.35,61323
2021-06-24 09:45:34,6972.0,61373
2021-06-24 09:45:35,6973.35,61381
2021-06-24 09:45:36,6973.35,61381
2021-06-24 09:45:37,6972.05,61386
2021-06-24 09:45:38,6973.35,61387
2021-06-24 09:45:39,6973.35,61387
2021-06-24 09:45:40,6973.35,61423
2021-06-24 09:45:42,6973.35,61423
2021-06-24 09:45:43,6973.35,61423
2021-06-24 09:45:43,6973.35,61423
2021-06-24 09:45:45,6973.0,61428
2021-06-24 09:45:46,6973.35,61504
2021-06-24 09:45:47,6973.35,61504
2021-06-24 09:45:48,6973.0,61571
2021-06-24 09:45:48,6973.0,61571
2021-06-24 09:45:49,6973.0,61571
2021-06-24 09:45:50,6973.0,61571
2021-06-24 09:45:51,6973.0,61577
2021-06-24 09:45:52,6973.0,61577
2021-06-24 09:45:53,6973.0,61577
2021-06-24 09:45:54,6973.0,61577
2021-06-24 09:45:56,6973.0,61577
2021-06-24 09:45:57,6972.0,61587
2021-06-24 09:45:58,6967.9,61643
2021-06-24 09:45:58,6967.9,61643
2021-06-24 09:45:59,6967.9,61643
2021-06-24 09:46:01,6967.2,61645
2021-06-24 09:46:02,6967.2,61645
2021-06-24 09:46:03,6967.2,61645
2021-06-24 09:46:04,6967.2,61645
2021-06-24 09:46:05,6965.0,61693
2021-06-24 09:46:06,6968.3,61723
2021-06-24 09:46:06,6965.0,61727
2021-06-24 09:46:07,6967.4,61748
2021-06-24 09:46:09,6967.4,61748
2021-06-24 09:46:10,6967.4,61748
2021-06-24 09:46:11,6967.4,61748
2021-06-24 09:46:11,6967.4,61748
2021-06-24 09:46:12,6965.5,61752
2021-06-24 09:46:13,6965.5,61755
2021-06-24 09:46:14,6965.5,61755
2021-06-24 09:46:15,6965.5,61757
2021-06-24 09:46:16,6965.5,61757
2021-06-24 09:46:17,6965.5,61757
2021-06-24 09:46:18,6965.5,61757
2021-06-24 09:46:19,6965.5,61757
2021-06-24 09:46:21,6965.5,61762
2021-06-24 09:46:22,6967.0,61763
2021-06-24 09:46:23,6965.45,61778
2021-06-24 09:46:24,6965.45,61778
2021-06-24 09:46:24,6965.45,61778
2021-06-24 09:46:25,6965.45,61778
2021-06-24 09:46:26,6965.45,61778
2021-06-24 09:46:27,6963.2,61828
2021-06-24 09:46:28,6963.2,61828
2021-06-24 09:46:29,6964.0,61829
2021-06-24 09:46:31,6966.55,61879
2021-06-24 09:46:32,6966.55,61879
2021-06-24 09:46:33,6966.1,61889
2021-06-24 09:46:34,6966.1,61889
2021-06-24 09:46:35,6966.1,61889
2021-06-24 09:46:36,6963.05,61934
2021-06-24 09:46:37,6963.05,61934
2021-06-24 09:46:38,6963.05,61934
2021-06-24 09:46:39,6963.05,61934
2021-06-24 09:46:40,6963.05,61934
2021-06-24 09:46:40,6963.05,61934
2021-06-24 09:46:41,6964.0,61935
2021-06-24 09:46:42,6964.0,61935
2021-06-24 09:46:44,6966.65,61960
2021-06-24 09:46:45,6966.65,61960
2021-06-24 09:46:46,6964.0,61975
2021-06-24 09:46:47,6964.0,61975
2021-06-24 09:46:48,6966.65,61979
2021-06-24 09:46:50,6964.05,61981
2021-06-24 09:46:51,6965.9,62016
2021-06-24 09:46:51,6965.9,62016
2021-06-24 09:46:52,6965.9,62016
2021-06-24 09:46:53,6965.9,62016
2021-06-24 09:46:54,6964.0,62021
2021-06-24 09:46:55,6960.0,62772
2021-06-24 09:46:56,6957.0,62914
2021-06-24 09:46:57,6958.0,63022
2021-06-24 09:46:59,6958.0,63042
2021-06-24 09:47:00,6958.0,63063
2021-06-24 09:47:01,6957.0,63071
2021-06-24 09:47:03,6957.0,63072
2021-06-24 09:47:04,6957.0,63077
2021-06-24 09:47:05,6957.0,63077
2021-06-24 09:47:05,6957.0,63077
2021-06-24 09:47:06,6957.0,63077
2021-06-24 09:47:07,6955.05,63082
2021-06-24 09:47:08,6956.85,63083
2021-06-24 09:47:09,6956.85,63094
2021-06-24 09:47:11,6955.0,63099
2021-06-24 09:47:12,6955.0,63099
2021-06-24 09:47:13,6955.0,63100
2021-06-24 09:47:14,6956.85,63110
2021-06-24 09:47:15,6956.85,63152
2021-06-24 09:47:17,6956.85,63152
2021-06-24 09:47:17,6956.85,63172
2021-06-24 09:47:18,6956.85,63174
2021-06-24 09:47:20,6956.85,63174
2021-06-24 09:47:21,6956.85,63174
2021-06-24 09:47:22,6956.85,63226
2021-06-24 09:47:22,6956.85,63226
2021-06-24 09:47:23,6956.85,63226
2021-06-24 09:47:24,6957.9,63229
2021-06-24 09:47:26,6958.0,63238
2021-06-24 09:47:28,6958.0,63238
2021-06-24 09:47:28,6958.0,63238
2021-06-24 09:47:30,6958.0,63259
2021-06-24 09:47:31,6961.2,63309
2021-06-24 09:47:32,6961.45,63310
2021-06-24 09:47:34,6958.0,63360
2021-06-24 09:47:34,6958.0,63360
2021-06-24 09:47:35,6958.0,63360
2021-06-24 09:47:37,6959.15,63365
2021-06-24 09:47:38,6959.15,63365
2021-06-24 09:47:38,6959.15,63365
2021-06-24 09:47:39,6959.15,63365
2021-06-24 09:47:40,6959.15,63365
2021-06-24 09:47:41,6958.7,63380
2021-06-24 09:47:42,6958.7,63380
2021-06-24 09:47:44,6958.25,63392
2021-06-24 09:47:44,6958.25,63392
2021-06-24 09:47:46,6958.25,63400
2021-06-24 09:47:47,6958.25,63400
2021-06-24 09:47:48,6958.25,63402
2021-06-24 09:47:49,6958.25,63402
2021-06-24 09:47:50,6958.25,63403
2021-06-24 09:47:51,6958.25,63403
2021-06-24 09:47:52,6958.25,63403
2021-06-24 09:47:53,6958.25,63403
2021-06-24 09:47:54,6958.25,63405
2021-06-24 09:47:55,6958.25,63405
2021-06-24 09:47:56,6958.25,63416
2021-06-24 09:47:56,6958.25,63416
2021-06-24 09:47:57,6958.25,63416
2021-06-24 09:47:58,6962.35,63444
2021-06-24 09:48:00,6962.35,63444
2021-06-24 09:48:01,6962.35,63444
2021-06-24 09:48:02,6962.35,63444
2021-06-24 09:48:02,6962.35,63444
2021-06-24 09:48:03,6959.8,63446
2021-06-24 09:48:04,6959.55,63451
2021-06-24 09:48:05,6959.55,63451
2021-06-24 09:48:06,6959.55,63456
2021-06-24 09:48:09,6962.0,63457
2021-06-24 09:48:10,6962.0,63457
2021-06-24 09:48:11,6960.1,63458
2021-06-24 09:48:12,6960.1,63459
2021-06-24 09:48:14,6960.1,63459
2021-06-24 09:48:14,6960.1,63459
2021-06-24 09:48:15,6960.1,63459
2021-06-24 09:48:17,6960.1,63509
2021-06-24 09:48:18,6962.0,63510
2021-06-24 09:48:18,6962.0,63510
2021-06-24 09:48:20,6960.15,63520
2021-06-24 09:48:20,6960.15,63520
2021-06-24 09:48:22,6960.15,63520
2021-06-24 09:48:23,6960.15,63520
2021-06-24 09:48:24,6960.15,63541
2021-06-24 09:48:25,6963.15,63544
2021-06-24 09:48:26,6963.15,63544
2021-06-24 09:48:27,6960.25,63560
2021-06-24 09:48:29,6963.2,63596
2021-06-24 09:48:30,6960.25,63598
2021-06-24 09:48:31,6960.25,63598
2021-06-24 09:48:32,6960.25,63598
2021-06-24 09:48:33,6960.25,63598
2021-06-24 09:48:35,6960.25,63598
2021-06-24 09:48:35,6960.25,63598
2021-06-24 09:48:36,6960.25,63598
2021-06-24 09:48:38,6963.25,63894
2021-06-24 09:48:39,6963.25,63894
2021-06-24 09:48:40,6960.5,63895
2021-06-24 09:48:43,6960.5,63895
2021-06-24 09:48:44,6960.5,63895
2021-06-24 09:48:45,6960.5,63895
2021-06-24 09:48:46,6960.5,63895
2021-06-24 09:48:47,6962.0,63897
2021-06-24 09:48:48,6962.0,63897
2021-06-24 09:48:49,6962.0,63897
2021-06-24 09:48:50,6962.0,63935
2021-06-24 09:48:51,6959.9,63951
2021-06-24 09:48:52,6959.9,63951
2021-06-24 09:48:53,6959.9,63951
2021-06-24 09:48:54,6961.5,63953
2021-06-24 09:48:54,6961.5,63953
2021-06-24 09:48:55,6961.5,63953
2021-06-24 09:48:56,6959.4,63958
2021-06-24 09:48:57,6959.4,63958
2021-06-24 09:48:58,6959.4,63958
2021-06-24 09:48:59,6959.4,63958
2021-06-24 09:49:01,6959.4,63958
2021-06-24 09:49:02,6960.8,63959
2021-06-24 09:49:03,6960.8,63959
2021-06-24 09:49:04,6960.8,63959
2021-06-24 09:49:05,6960.8,64000
2021-06-24 09:49:06,6960.8,64010
2021-06-24 09:49:06,6960.8,64010
2021-06-24 09:49:08,6959.0,64124
2021-06-24 09:49:09,6961.0,64125
2021-06-24 09:49:09,6961.0,64125
2021-06-24 09:49:10,6961.0,64125
2021-06-24 09:49:12,6959.0,64175
2021-06-24 09:49:13,6959.0,64175
2021-06-24 09:49:14,6959.0,64285
2021-06-24 09:49:15,6959.0,64285
2021-06-24 09:49:17,6958.7,64298
2021-06-24 09:49:17,6957.9,64466
2021-06-24 09:49:18,6957.9,64466
2021-06-24 09:49:19,6957.9,64466
2021-06-24 09:49:20,6958.05,64478
2021-06-24 09:49:21,6958.05,64503
2021-06-24 09:49:22,6958.05,64503
2021-06-24 09:49:24,6958.05,64503
2021-06-24 09:49:25,6958.05,64508
2021-06-24 09:49:27,6958.05,64517
2021-06-24 09:49:29,6958.05,64517
2021-06-24 09:49:30,6957.2,64519
2021-06-24 09:49:30,6957.2,64519
2021-06-24 09:49:31,6957.2,64519
2021-06-24 09:49:32,6957.2,64519
2021-06-24 09:49:33,6957.2,64520
2021-06-24 09:49:34,6957.2,64520
2021-06-24 09:49:35,6957.2,64520
2021-06-24 09:49:36,6957.15,64521
2021-06-24 09:49:38,6957.15,64521
2021-06-24 09:49:38,6957.15,64521
2021-06-24 09:49:40,6957.15,64521
2021-06-24 09:49:41,6957.15,64548
2021-06-24 09:49:42,6956.85,64564
2021-06-24 09:49:43,6956.85,64569
2021-06-24 09:49:43,6957.15,64574
2021-06-24 09:49:44,6957.15,64574
2021-06-24 09:49:46,6956.85,64637
2021-06-24 09:49:47,6956.85,64737
2021-06-24 09:49:48,6956.0,64797
2021-06-24 09:49:49,6956.0,64797
2021-06-24 09:49:50,6956.0,64797
2021-06-24 09:49:50,6956.0,64807
2021-06-24 09:49:51,6956.0,64814
2021-06-24 09:49:52,6956.0,64814
2021-06-24 09:49:53,6956.0,64814
2021-06-24 09:49:55,6956.0,64814
2021-06-24 09:49:56,6955.0,65014
2021-06-24 09:49:56,6955.0,65017
2021-06-24 09:49:57,6955.0,65017
2021-06-24 09:49:58,6955.95,65137
2021-06-24 09:49:59,6955.95,65139
2021-06-24 09:50:00,6955.0,65291
2021-06-24 09:50:02,6952.5,65448
2021-06-24 09:50:03,6952.5,65448
2021-06-24 09:50:04,6952.5,65448
2021-06-24 09:50:05,6952.5,65449
2021-06-24 09:50:05,6952.5,65449
2021-06-24 09:50:07,6950.0,65799
2021-06-24 09:50:08,6950.95,65800
2021-06-24 09:50:11,6950.95,65856
2021-06-24 09:50:13,6950.95,65857
2021-06-24 09:50:14,6950.95,65857
2021-06-24 09:50:14,6950.0,66213
2021-06-24 09:50:15,6945.25,66605
2021-06-24 09:50:17,6942.55,66880
2021-06-24 09:50:17,6944.55,67323
2021-06-24 09:50:19,6946.75,67492
2021-06-24 09:50:19,6946.75,67492
2021-06-24 09:50:20,6946.85,67597
2021-06-24 09:50:22,6949.8,67617
2021-06-24 09:50:23,6949.8,67742
2021-06-24 09:50:24,6948.05,68047
2021-06-24 09:50:25,6948.8,68137
2021-06-24 09:50:26,6948.85,68178
2021-06-24 09:50:26,6950.95,68188
2021-06-24 09:50:27,6950.95,68222
2021-06-24 09:50:28,6949.8,68233
2021-06-24 09:50:29,6949.1,68263
2021-06-24 09:50:30,6949.8,68281
2021-06-24 09:50:32,6948.15,68294
2021-06-24 09:50:33,6958.6,68586
2021-06-24 09:50:34,6958.6,68586
2021-06-24 09:50:35,6954.3,68596
2021-06-24 09:50:36,6957.4,68597
2021-06-24 09:50:37,6957.45,68610
2021-06-24 09:50:38,6957.45,68610
2021-06-24 09:50:38,6957.45,68610
2021-06-24 09:50:39,6959.95,68810
2021-06-24 09:50:40,6960.0,68834
2021-06-24 09:50:42,6957.8,68871
2021-06-24 09:50:43,6960.9,68872
2021-06-24 09:50:44,6958.0,68880
2021-06-24 09:50:45,6958.0,68888
2021-06-24 09:50:46,6957.7,68896
2021-06-24 09:50:47,6957.7,68911
2021-06-24 09:50:48,6958.0,68962
2021-06-24 09:50:49,6958.0,68964
2021-06-24 09:50:50,6958.0,68965
2021-06-24 09:50:51,6958.0,68970
2021-06-24 09:50:52,6958.0,68970
2021-06-24 09:50:53,6958.0,68970
2021-06-24 09:50:54,6958.0,68970
2021-06-24 09:50:55,6957.7,69020
2021-06-24 09:50:56,6957.7,69020
2021-06-24 09:50:57,6958.0,69035
2021-06-24 09:50:58,6957.7,69089
2021-06-24 09:50:59,6957.7,69089
2021-06-24 09:51:00,6957.7,69089
2021-06-24 09:51:02,6958.0,69093
2021-06-24 09:51:03,6958.0,69093
2021-06-24 09:51:04,6958.0,69093
2021-06-24 09:51:05,6957.65,69157
2021-06-24 09:51:06,6956.4,69186
2021-06-24 09:51:06,6956.4,69186
2021-06-24 09:51:07,6956.4,69186
2021-06-24 09:51:09,6956.4,69186
2021-06-24 09:51:10,6955.8,69191
2021-06-24 09:51:10,6955.8,69191
2021-06-24 09:51:11,6955.8,69191
2021-06-24 09:51:13,6955.8,69191
2021-06-24 09:51:14,6955.8,69191
2021-06-24 09:51:16,6956.0,69201
2021-06-24 09:51:17,6956.0,69201
2021-06-24 09:51:18,6956.0,69212
2021-06-24 09:51:18,6956.0,69212
2021-06-24 09:51:21,6954.5,69227
2021-06-24 09:51:22,6954.5,69227
2021-06-24 09:51:23,6954.5,69227
2021-06-24 09:51:24,6956.0,69231
2021-06-24 09:51:25,6956.0,69231
2021-06-24 09:51:26,6956.0,69231
2021-06-24 09:51:27,6956.0,69231
2021-06-24 09:51:28,6954.45,69268
2021-06-24 09:51:29,6956.0,69318
2021-06-24 09:51:30,6956.0,69318
2021-06-24 09:51:31,6956.0,69318
2021-06-24 09:51:32,6954.6,69327
2021-06-24 09:51:32,6954.6,69327
2021-06-24 09:51:33,6954.2,69336
2021-06-24 09:51:34,6954.2,69339
2021-06-24 09:51:35,6957.65,69405
2021-06-24 09:51:37,6954.3,69409
2021-06-24 09:51:38,6954.3,69409
2021-06-24 09:51:39,6954.4,69419
2021-06-24 09:51:40,6954.4,69419
2021-06-24 09:51:41,6954.4,69419
2021-06-24 09:51:42,6957.5,69420
2021-06-24 09:51:43,6957.5,69420
2021-06-24 09:51:43,6957.5,69420
2021-06-24 09:51:45,6956.0,69424
2021-06-24 09:51:46,6957.85,69427
2021-06-24 09:51:47,6957.85,69427
2021-06-24 09:51:48,6957.85,69427
2021-06-24 09:51:49,6957.85,69427
2021-06-24 09:51:50,6957.85,69427
2021-06-24 09:51:51,6956.0,69429
2021-06-24 09:51:51,6956.0,69429
2021-06-24 09:51:52,6956.0,69435
2021-06-24 09:51:53,6956.0,69435
2021-06-24 09:51:54,6959.4,69535
2021-06-24 09:51:56,6959.4,69535
2021-06-24 09:51:57,6959.4,69535
2021-06-24 09:51:58,6957.0,69642
2021-06-24 09:51:59,6957.0,69642
2021-06-24 09:52:00,6957.0,69642
2021-06-24 09:52:01,6959.9,69644
2021-06-24 09:52:03,6959.9,69644
2021-06-24 09:52:04,6959.9,69644
2021-06-24 09:52:04,6959.9,69644
2021-06-24 09:52:06,6957.05,69676
2021-06-24 09:52:06,6957.05,69676
2021-06-24 09:52:08,6957.05,69676
2021-06-24 09:52:08,6957.05,69676
2021-06-24 09:52:09,6957.05,69676
2021-06-24 09:52:10,6958.95,69692
2021-06-24 09:52:11,6959.0,69693
2021-06-24 09:52:12,6958.95,69704
2021-06-24 09:52:13,6958.95,69718
2021-06-24 09:52:14,6958.95,69718
2021-06-24 09:52:16,6958.95,69718
2021-06-24 09:52:17,6958.95,69718
2021-06-24 09:52:18,6958.9,69720
2021-06-24 09:52:19,6958.9,69720
2021-06-24 09:52:19,6958.9,69720
2021-06-24 09:52:22,6958.95,69743
2021-06-24 09:52:23,6958.95,69743
2021-06-24 09:52:24,6958.95,69825
2021-06-24 09:52:25,6958.95,69825
2021-06-24 09:52:26,6958.15,69835
2021-06-24 09:52:27,6958.15,69835
2021-06-24 09:52:28,6959.5,69945
2021-06-24 09:52:29,6959.5,69945
2021-06-24 09:52:30,6959.5,69945
2021-06-24 09:52:31,6959.5,69945
2021-06-24 09:52:32,6958.15,69948
2021-06-24 09:52:33,6958.15,69948
2021-06-24 09:52:34,6958.15,69948
2021-06-24 09:52:35,6958.15,69948
2021-06-24 09:52:36,6958.95,69968
2021-06-24 09:52:38,6958.95,69969
2021-06-24 09:52:39,6958.95,69969
2021-06-24 09:52:40,6958.95,69969
2021-06-24 09:52:41,6958.95,69969
2021-06-24 09:52:42,6958.95,69969
2021-06-24 09:52:43,6958.15,69979
2021-06-24 09:52:44,6959.9,70117
2021-06-24 09:52:45,6959.9,70117
2021-06-24 09:52:46,6958.15,70201
2021-06-24 09:52:47,6958.15,70201
2021-06-24 09:52:48,6958.15,70201
2021-06-24 09:52:49,6958.15,70201
2021-06-24 09:52:50,6958.15,70201
2021-06-24 09:52:51,6959.9,70202
2021-06-24 09:52:52,6959.9,70202
2021-06-24 09:52:53,6959.9,70202
2021-06-24 09:52:54,6959.9,70202
2021-06-24 09:52:55,6959.9,70202
2021-06-24 09:52:56,6959.9,70202
2021-06-24 09:52:57,6959.9,70224
2021-06-24 09:52:58,6959.9,70224
2021-06-24 09:52:59,6959.9,70224
2021-06-24 09:53:00,6960.0,70401
2021-06-24 09:53:01,6960.0,70401
2021-06-24 09:53:02,6960.0,70401
2021-06-24 09:53:03,6960.0,70401
2021-06-24 09:53:04,6960.0,70401
2021-06-24 09:53:05,6960.0,70401
2021-06-24 09:53:06,6960.0,70401
2021-06-24 09:53:07,6958.2,70409
2021-06-24 09:53:08,6958.2,70409
2021-06-24 09:53:09,6958.2,70409
2021-06-24 09:53:10,6958.2,70435
2021-06-24 09:53:11,6958.2,70435
2021-06-24 09:53:13,6958.2,70435
2021-06-24 09:53:14,6958.2,70436
2021-06-24 09:53:15,6958.2,70436
2021-06-24 09:53:16,6958.2,70436
2021-06-24 09:53:17,6959.9,70445
2021-06-24 09:53:18,6959.9,70445
2021-06-24 09:53:19,6959.9,70445
2021-06-24 09:53:20,6959.9,70445
2021-06-24 09:53:21,6958.2,70495
2021-06-24 09:53:22,6958.2,70495
2021-06-24 09:53:23,6958.2,70495
2021-06-24 09:53:25,6958.2,70496
2021-06-24 09:53:26,6958.2,70496
2021-06-24 09:53:27,6958.2,70496
2021-06-24 09:53:29,6958.2,70526
2021-06-24 09:53:30,6958.2,70526
2021-06-24 09:53:32,6958.2,70526
2021-06-24 09:53:31,6958.2,70526
2021-06-24 09:53:33,6958.2,70526
2021-06-24 09:53:34,6959.95,70544
2021-06-24 09:53:35,6959.95,70544
2021-06-24 09:53:36,6959.95,70544
2021-06-24 09:53:37,6959.95,70544
2021-06-24 09:53:38,6959.95,70544
2021-06-24 09:53:39,6958.2,70578
2021-06-24 09:53:40,6958.2,70578
2021-06-24 09:53:41,6958.2,70578
2021-06-24 09:53:42,6958.2,70579
2021-06-24 09:53:43,6958.2,70579
2021-06-24 09:53:44,6958.2,70579
2021-06-24 09:53:45,6958.2,70579
2021-06-24 09:53:46,6958.2,70579
2021-06-24 09:53:47,6958.2,70579
2021-06-24 09:53:48,6958.2,70579
2021-06-24 09:53:49,6959.9,70580
2021-06-24 09:53:50,6959.9,70580
2021-06-24 09:53:51,6959.9,70580
2021-06-24 09:53:52,6959.9,70580
2021-06-24 09:53:53,6957.55,70718
2021-06-24 09:53:54,6957.55,70718
2021-06-24 09:53:55,6955.85,70758
2021-06-24 09:53:56,6955.85,70758
2021-06-24 09:53:57,6952.95,70760
2021-06-24 09:54:00,6952.95,70763
2021-06-24 09:54:01,6952.95,70763
2021-06-24 09:54:02,6952.95,70763
2021-06-24 09:54:03,6953.9,70771
2021-06-24 09:54:04,6953.9,70771
2021-06-24 09:54:05,6953.9,70771
2021-06-24 09:54:06,6954.55,70787
2021-06-24 09:54:07,6952.0,70903
2021-06-24 09:54:08,6952.0,70903
2021-06-24 09:54:09,6952.0,70903
2021-06-24 09:54:10,6952.0,70903
2021-06-24 09:54:11,6952.0,70903
2021-06-24 09:54:12,6952.0,70903
2021-06-24 09:54:13,6952.0,70904
2021-06-24 09:54:14,6952.0,70904
2021-06-24 09:54:15,6952.0,70909
2021-06-24 09:54:16,6953.95,70911
2021-06-24 09:54:17,6953.95,70911
2021-06-24 09:54:18,6953.95,70911
2021-06-24 09:54:19,6953.95,70911
2021-06-24 09:54:20,6953.95,70911
2021-06-24 09:54:21,6952.0,70913
2021-06-24 09:54:23,6952.0,70927
2021-06-24 09:54:24,6952.0,70927
2021-06-24 09:54:25,6952.0,71024
2021-06-24 09:54:26,6952.0,71024
2021-06-24 09:54:27,6952.0,71024
2021-06-24 09:54:28,6952.0,71024
2021-06-24 09:54:29,6953.85,71034
2021-06-24 09:54:30,6952.0,71069
2021-06-24 09:54:31,6952.0,71069
2021-06-24 09:54:32,6952.0,71069
2021-06-24 09:54:33,6953.85,71093
2021-06-24 09:54:35,6953.85,71095
2021-06-24 09:54:35,6953.85,71095
2021-06-24 09:54:36,6953.85,71095
2021-06-24 09:54:37,6953.85,71095
2021-06-24 09:54:39,6953.85,71096
2021-06-24 09:54:40,6954.0,71145
2021-06-24 09:54:41,6954.0,71145
2021-06-24 09:54:42,6954.0,71145
2021-06-24 09:54:43,6954.0,71145
2021-06-24 09:54:44,6954.0,71145
2021-06-24 09:54:45,6954.0,71145
2021-06-24 09:54:47,6952.05,71146
2021-06-24 09:54:48,6954.0,71148
2021-06-24 09:54:49,6952.05,71177
2021-06-24 09:54:50,6952.05,71177
2021-06-24 09:54:51,6952.05,71177
2021-06-24 09:54:52,6954.0,71189
2021-06-24 09:54:53,6954.0,71189
2021-06-24 09:54:54,6954.0,71210
2021-06-24 09:54:55,6954.0,71210
2021-06-24 09:54:56,6955.0,71211
2021-06-24 09:54:57,6955.0,71211
2021-06-24 09:54:58,6955.0,71211
2021-06-24 09:54:59,6955.0,71211
2021-06-24 09:55:00,6955.0,71211
2021-06-24 09:55:01,6955.0,71211
2021-06-24 09:55:02,6955.0,71211
2021-06-24 09:55:03,6953.7,71216
2021-06-24 09:55:04,6954.0,71228
2021-06-24 09:55:05,6954.0,71228
2021-06-24 09:55:06,6954.0,71228
2021-06-24 09:55:07,6954.0,71238
2021-06-24 09:55:08,6954.0,71238
2021-06-24 09:55:09,6954.0,71241
2021-06-24 09:55:10,6955.0,71291
2021-06-24 09:55:11,6955.0,71445
2021-06-24 09:55:12,6955.0,71445
2021-06-24 09:55:14,6955.0,71445
2021-06-24 09:55:14,6955.0,71445
2021-06-24 09:55:15,6955.0,71445
2021-06-24 09:55:16,6955.0,71455
2021-06-24 09:55:17,6955.0,71455
2021-06-24 09:55:18,6955.0,71455
2021-06-24 09:55:20,6955.45,71498
2021-06-24 09:55:21,6955.45,71498
2021-06-24 09:55:22,6955.45,71498
2021-06-24 09:55:23,6955.05,71499
2021-06-24 09:55:24,6955.05,71499
2021-06-24 09:55:25,6957.55,71502
2021-06-24 09:55:26,6957.55,71512
2021-06-24 09:55:27,6957.55,71512
2021-06-24 09:55:28,6957.55,71512
2021-06-24 09:55:29,6958.25,71612
2021-06-24 09:55:30,6958.25,71612
2021-06-24 09:55:31,6955.15,71614
2021-06-24 09:55:33,6957.55,71633
2021-06-24 09:55:34,6957.55,71633
2021-06-24 09:55:36,6957.5,71687
2021-06-24 09:55:37,6957.5,71687
2021-06-24 09:55:38,6957.4,71697
2021-06-24 09:55:39,6957.4,71697
2021-06-24 09:55:40,6957.4,71697
2021-06-24 09:55:41,6957.4,71697
2021-06-24 09:55:42,6955.2,71747
2021-06-24 09:55:43,6956.95,71752
2021-06-24 09:55:44,6955.2,71753
2021-06-24 09:55:45,6955.15,71877
2021-06-24 09:55:47,6955.15,71877
2021-06-24 09:55:48,6955.0,72500
2021-06-24 09:55:48,6955.0,72500
2021-06-24 09:55:49,6955.15,72506
2021-06-24 09:55:50,6951.6,72985
2021-06-24 09:55:51,6951.6,72985
2021-06-24 09:55:52,6951.25,72999
2021-06-24 09:55:53,6951.25,73006
2021-06-24 09:55:54,6951.55,73019
2021-06-24 09:55:55,6951.55,73019
2021-06-24 09:55:56,6951.55,73019
2021-06-24 09:55:57,6951.55,73019
2021-06-24 09:55:58,6951.55,73019
2021-06-24 09:55:59,6951.0,73140
2021-06-24 09:56:00,6951.55,73150
2021-06-24 09:56:01,6951.55,73162
2021-06-24 09:56:02,6951.55,73162
2021-06-24 09:56:04,6951.55,73169
2021-06-24 09:56:05,6951.55,73174
2021-06-24 09:56:06,6950.0,73240
2021-06-24 09:56:07,6950.0,73260
2021-06-24 09:56:08,6950.0,73267
2021-06-24 09:56:09,6950.0,73267
2021-06-24 09:56:10,6951.25,73271
2021-06-24 09:56:11,6951.25,73371
2021-06-24 09:56:12,6951.25,73371
2021-06-24 09:56:13,6951.25,73377
2021-06-24 09:56:14,6951.25,73385
2021-06-24 09:56:15,6951.25,73386
2021-06-24 09:56:16,6951.25,73386
2021-06-24 09:56:17,6950.05,73457
2021-06-24 09:56:18,6955.0,73571
2021-06-24 09:56:19,6955.0,73571
2021-06-24 09:56:20,6955.0,73571
2021-06-24 09:56:21,6951.2,73681
2021-06-24 09:56:22,6950.25,73702
2021-06-24 09:56:23,6950.25,73702
2021-06-24 09:56:24,6950.25,73702
2021-06-24 09:56:25,6950.25,73702
2021-06-24 09:56:26,6950.25,73702
2021-06-24 09:56:27,6950.25,73702
2021-06-24 09:56:28,6950.25,73702
2021-06-24 09:56:29,6951.25,73703
2021-06-24 09:56:30,6951.25,73703
2021-06-24 09:56:31,6950.3,73705
2021-06-24 09:56:32,6950.3,73705
2021-06-24 09:56:33,6950.25,73745
2021-06-24 09:56:34,6950.25,73745
2021-06-24 09:56:36,6950.3,73757
2021-06-24 09:56:37,6950.3,73757
2021-06-24 09:56:38,6950.3,73757
2021-06-24 09:56:39,6950.3,73757
2021-06-24 09:56:40,6950.3,73757
2021-06-24 09:56:41,6950.3,73757
2021-06-24 09:56:42,6950.3,73757
2021-06-24 09:56:43,6951.0,73758
2021-06-24 09:56:44,6951.0,73758
2021-06-24 09:56:45,6950.3,73778
2021-06-24 09:56:46,6950.3,73778
2021-06-24 09:56:47,6950.3,73778
2021-06-24 09:56:48,6950.3,73778
2021-06-24 09:56:50,6950.3,73778
2021-06-24 09:56:51,6950.25,73783
2021-06-24 09:56:52,6950.25,73783
2021-06-24 09:56:53,6950.25,73783
2021-06-24 09:56:53,6950.25,73783
2021-06-24 09:56:54,6950.25,73783
2021-06-24 09:56:55,6950.25,73783
2021-06-24 09:56:57,6950.2,73838
2021-06-24 09:56:58,6950.2,73838
2021-06-24 09:56:59,6952.1,73852
2021-06-24 09:57:01,6950.2,73880
2021-06-24 09:57:01,6950.0,73900
2021-06-24 09:57:03,6950.0,74141
2021-06-24 09:57:04,6950.0,74150
2021-06-24 09:57:05,6950.0,74150
2021-06-24 09:57:06,6950.0,74150
2021-06-24 09:57:06,6950.0,74150
2021-06-24 09:57:07,6950.0,74150
2021-06-24 09:57:08,6950.0,74156
2021-06-24 09:57:10,6950.0,74156
2021-06-24 09:57:11,6948.0,74203
2021-06-24 09:57:12,6948.0,74203
2021-06-24 09:57:12,6948.0,74203
2021-06-24 09:57:13,6946.0,74221
2021-06-24 09:57:14,6949.5,74271
2021-06-24 09:57:15,6946.1,74275
2021-06-24 09:57:16,6946.1,74388
2021-06-24 09:57:18,6946.4,74398
2021-06-24 09:57:19,6943.35,74399
2021-06-24 09:57:19,6943.35,74399
2021-06-24 09:57:20,6946.1,74400
2021-06-24 09:57:21,6946.1,74400
2021-06-24 09:57:22,6948.4,74403
2021-06-24 09:57:23,6948.4,74403
2021-06-24 09:57:24,6948.4,74403
2021-06-24 09:57:26,6948.4,74417
2021-06-24 09:57:27,6948.4,74417
2021-06-24 09:57:28,6948.4,74417
2021-06-24 09:57:28,6948.4,74417
2021-06-24 09:57:29,6948.0,74428
2021-06-24 09:57:30,6949.6,74470
2021-06-24 09:57:31,6949.6,74470
2021-06-24 09:57:32,6949.6,74470
2021-06-24 09:57:34,6949.8,74478
2021-06-24 09:57:35,6948.4,74488
2021-06-24 09:57:36,6948.4,74488
2021-06-24 09:57:37,6948.4,74488
2021-06-24 09:57:37,6948.4,74488
2021-06-24 09:57:38,6949.9,74521
2021-06-24 09:57:39,6949.9,74521
2021-06-24 09:57:41,6949.9,74621
2021-06-24 09:57:42,6949.9,74621
2021-06-24 09:57:43,6949.9,74621
2021-06-24 09:57:44,6948.4,74623
2021-06-24 09:57:45,6948.4,74623
2021-06-24 09:57:46,6948.4,74623
2021-06-24 09:57:47,6949.9,74625
2021-06-24 09:57:49,6949.9,74625
2021-06-24 09:57:50,6949.9,74625
2021-06-24 09:57:50,6949.9,74625
2021-06-24 09:57:51,6949.0,74626
2021-06-24 09:57:52,6949.9,74681
2021-06-24 09:57:53,6949.9,74681
2021-06-24 09:57:55,6949.9,74681
2021-06-24 09:57:56,6949.0,74706
2021-06-24 09:57:57,6949.0,74830
2021-06-24 09:57:57,6949.0,74830
2021-06-24 09:57:58,6949.0,74832
2021-06-24 09:57:59,6949.0,74846
2021-06-24 09:58:01,6949.0,74968
2021-06-24 09:58:02,6949.0,74968
2021-06-24 09:58:02,6949.0,74968
2021-06-24 09:58:03,6949.9,75003
2021-06-24 09:58:04,6949.9,75004
2021-06-24 09:58:05,6949.9,75004
2021-06-24 09:58:07,6950.0,75043
2021-06-24 09:58:08,6950.0,75046
2021-06-24 09:58:08,6950.0,75046
2021-06-24 09:58:09,6949.9,75049
2021-06-24 09:58:10,6949.9,75049
2021-06-24 09:58:11,6949.9,75049
2021-06-24 09:58:12,6949.9,75090
2021-06-24 09:58:13,6950.0,75092
2021-06-24 09:58:14,6950.0,75092
2021-06-24 09:58:16,6949.0,75194
2021-06-24 09:58:17,6948.0,75256
2021-06-24 09:58:17,6948.0,75256
2021-06-24 09:58:18,6948.35,75260
2021-06-24 09:58:19,6948.35,75260
2021-06-24 09:58:20,6946.5,75263
2021-06-24 09:58:21,6946.5,75264
2021-06-24 09:58:22,6943.5,75335
2021-06-24 09:58:23,6943.5,75335
2021-06-24 09:58:25,6942.35,75345
2021-06-24 09:58:26,6942.35,75345
2021-06-24 09:58:26,6942.35,75345
2021-06-24 09:58:27,6942.35,75345
2021-06-24 09:58:28,6942.35,75345
2021-06-24 09:58:30,6942.35,75372
2021-06-24 09:58:31,6945.0,75375
2021-06-24 09:58:31,6942.35,75450
2021-06-24 09:58:32,6942.35,75505
2021-06-24 09:58:33,6944.4,75513
2021-06-24 09:58:34,6944.4,75513
2021-06-24 09:58:36,6944.4,75513
2021-06-24 09:58:37,6945.0,75521
2021-06-24 09:58:38,6944.95,75538
2021-06-24 09:58:39,6944.45,75545
2021-06-24 09:58:40,6945.0,75633
2021-06-24 09:58:41,6948.05,75683
2021-06-24 09:58:41,6948.05,75683
2021-06-24 09:58:42,6949.0,75691
2021-06-24 09:58:43,6949.0,75691
2021-06-24 09:58:45,6949.0,75691
2021-06-24 09:58:46,6949.0,75694
2021-06-24 09:58:47,6949.0,75694
2021-06-24 09:58:48,6949.0,75694
2021-06-24 09:58:49,6945.6,75716
2021-06-24 09:58:49,6949.0,75736
2021-06-24 09:58:50,6949.0,75736
2021-06-24 09:58:51,6949.0,75743
2021-06-24 09:58:54,6949.0,75743
2021-06-24 09:58:55,6949.0,75743
2021-06-24 09:58:56,6948.05,75753
2021-06-24 09:58:57,6948.05,75757
2021-06-24 09:58:57,6948.05,75757
2021-06-24 09:58:58,6948.05,75757
2021-06-24 09:58:59,6948.05,75757
2021-06-24 09:59:01,6948.05,75819
2021-06-24 09:59:02,6948.05,75819
2021-06-24 09:59:03,6949.0,75829
2021-06-24 09:59:04,6949.0,75836
2021-06-24 09:59:05,6949.0,75853
2021-06-24 09:59:06,6949.0,75854
2021-06-24 09:59:07,6949.0,75854
2021-06-24 09:59:07,6949.0,75854
2021-06-24 09:59:08,6949.0,75880
2021-06-24 09:59:09,6949.0,75880
2021-06-24 09:59:11,6949.0,75880
2021-06-24 09:59:12,6949.0,75880
2021-06-24 09:59:13,6949.0,75880
2021-06-24 09:59:13,6949.0,75880
2021-06-24 09:59:14,6949.0,75880
2021-06-24 09:59:16,6949.0,75880
2021-06-24 09:59:17,6949.0,75880
2021-06-24 09:59:18,6949.0,75880
2021-06-24 09:59:19,6949.0,75880
2021-06-24 09:59:19,6949.0,75880
2021-06-24 09:59:20,6949.0,75887
2021-06-24 09:59:22,6949.0,75887
2021-06-24 09:59:23,6948.05,75894
2021-06-24 09:59:24,6949.0,75973
2021-06-24 09:59:24,6949.0,75973
2021-06-24 09:59:25,6949.0,75993
2021-06-24 09:59:26,6948.05,76073
2021-06-24 09:59:27,6948.05,76088
2021-06-24 09:59:29,6948.05,76088
2021-06-24 09:59:30,6948.05,76088
2021-06-24 09:59:31,6948.05,76088
2021-06-24 09:59:32,6948.05,76088
2021-06-24 09:59:32,6948.05,76088
2021-06-24 09:59:33,6949.0,76096
2021-06-24 09:59:35,6949.0,76098
2021-06-24 09:59:36,6949.0,76132
2021-06-24 09:59:38,6949.0,76137
2021-06-24 09:59:39,6949.0,76137
2021-06-24 09:59:40,6949.0,76162
2021-06-24 09:59:40,6949.0,76162
2021-06-24 09:59:41,6948.05,76172
2021-06-24 09:59:42,6948.05,76182
2021-06-24 09:59:44,6949.0,76260
2021-06-24 09:59:45,6948.05,76301
2021-06-24 09:59:45,6948.05,76301
2021-06-24 09:59:47,6949.9,76305
2021-06-24 09:59:48,6949.9,76305
2021-06-24 09:59:49,6949.9,76309
2021-06-24 09:59:49,6949.9,76309
2021-06-24 09:59:50,6949.9,76309
2021-06-24 09:59:52,6949.9,76346
2021-06-24 09:59:53,6950.0,76374
2021-06-24 09:59:54,6949.05,76379
2021-06-24 09:59:55,6950.5,76506
2021-06-24 09:59:56,6950.0,76526
2021-06-24 09:59:57,6952.0,76532
2021-06-24 09:59:57,6952.0,76532
2021-06-24 09:59:58,6952.0,76533
2021-06-24 09:59:59,6952.0,76533
2021-06-24 10:00:00,6952.0,76533
2021-06-24 10:00:02,6952.0,76533
2021-06-24 10:00:03,6952.0,76533
2021-06-24 10:00:04,6955.0,76541
2021-06-24 10:00:04,6955.0,76541
2021-06-24 10:00:05,6955.0,76541
2021-06-24 10:00:06,6955.0,76541
2021-06-24 10:00:08,6955.0,76541
2021-06-24 10:00:09,6952.8,76546
2021-06-24 10:00:11,6955.0,76556
2021-06-24 10:00:12,6955.0,76556
2021-06-24 10:00:13,6955.0,76556
2021-06-24 10:00:13,6955.0,76556
2021-06-24 10:00:14,6955.0,76556
2021-06-24 10:00:15,6955.0,76556
2021-06-24 10:00:16,6955.0,76556
2021-06-24 10:00:18,6955.0,76556
2021-06-24 10:00:19,6955.0,76556
2021-06-24 10:00:20,6954.95,76574
2021-06-24 10:00:21,6953.0,76584
2021-06-24 10:00:22,6953.0,76584
2021-06-24 10:00:23,6953.0,76584
2021-06-24 10:00:25,6953.0,76589
2021-06-24 10:00:26,6953.0,76589
2021-06-24 10:00:27,6955.0,76593
2021-06-24 10:00:28,6955.0,76593
2021-06-24 10:00:29,6955.0,76593
2021-06-24 10:00:30,6955.0,76747
2021-06-24 10:00:31,6955.0,76747
2021-06-24 10:00:32,6953.4,76752
2021-06-24 10:00:33,6955.0,76760
2021-06-24 10:00:35,6957.15,76860
2021-06-24 10:00:36,6957.15,76860
2021-06-24 10:00:37,6957.15,76860
2021-06-24 10:00:38,6958.6,76862
2021-06-24 10:00:38,6958.6,76862
2021-06-24 10:00:39,6958.6,76862
2021-06-24 10:00:41,6958.6,76862
2021-06-24 10:00:42,6958.6,76862
2021-06-24 10:00:43,6958.95,76884
2021-06-24 10:00:44,6958.95,76889
2021-06-24 10:00:45,6958.8,76916
2021-06-24 10:00:45,6958.8,76916
2021-06-24 10:00:46,6955.7,76947
2021-06-24 10:00:47,6955.7,76947
2021-06-24 10:00:49,6956.0,76951
2021-06-24 10:00:50,6959.0,76991
2021-06-24 10:00:51,6958.55,77016
2021-06-24 10:00:52,6959.45,77217
2021-06-24 10:00:52,6959.45,77217
2021-06-24 10:00:53,6959.8,77235
2021-06-24 10:00:54,6959.9,77245
2021-06-24 10:00:55,6959.9,77245
2021-06-24 10:00:57,6959.0,77247
2021-06-24 10:00:58,6959.0,77247
2021-06-24 10:00:59,6959.9,77314
2021-06-24 10:01:00,6959.9,77314
2021-06-24 10:01:01,6959.9,77314
2021-06-24 10:01:01,6960.0,77354
2021-06-24 10:01:03,6959.0,77368
2021-06-24 10:01:04,6960.0,77376
2021-06-24 10:01:05,6960.0,77376
2021-06-24 10:01:06,6960.0,77376
2021-06-24 10:01:07,6960.0,77378
2021-06-24 10:01:08,6960.0,77441
2021-06-24 10:01:08,6960.0,77441
2021-06-24 10:01:10,6960.0,77442
2021-06-24 10:01:11,6959.05,77443
2021-06-24 10:01:12,6960.0,77455
2021-06-24 10:01:13,6963.55,77555
2021-06-24 10:01:14,6963.55,77555
2021-06-24 10:01:14,6963.55,77555
2021-06-24 10:01:16,6962.5,77575
2021-06-24 10:01:17,6964.9,77628
2021-06-24 10:01:18,6964.9,77629
2021-06-24 10:01:19,6965.0,77752
2021-06-24 10:01:20,6965.0,77762
2021-06-24 10:01:20,6965.0,77762
2021-06-24 10:01:22,6965.0,77762
2021-06-24 10:01:23,6965.0,77777
2021-06-24 10:01:24,6965.0,77778
2021-06-24 10:01:25,6965.0,77778
2021-06-24 10:01:25,6965.0,77778
2021-06-24 10:01:27,6965.0,77778
2021-06-24 10:01:28,6965.0,77779
2021-06-24 10:01:29,6965.0,77779
2021-06-24 10:01:30,6965.0,77791
2021-06-24 10:01:31,6962.5,77811
2021-06-24 10:01:32,6962.5,77811
2021-06-24 10:01:32,6962.5,77811
2021-06-24 10:01:33,6964.85,77821
2021-06-24 10:01:35,6964.85,77821
2021-06-24 10:01:36,6964.85,77821
2021-06-24 10:01:37,6964.85,77821
2021-06-24 10:01:38,6965.0,77871
2021-06-24 10:01:39,6965.0,77871
2021-06-24 10:01:39,6965.0,77871
2021-06-24 10:01:41,6965.0,77871
2021-06-24 10:01:42,6965.05,77963
2021-06-24 10:01:43,6962.55,77994
2021-06-24 10:01:44,6962.55,77994
2021-06-24 10:01:45,6962.6,78004
2021-06-24 10:01:46,6962.6,78004
2021-06-24 10:01:46,6962.6,78004
2021-06-24 10:01:47,6965.0,78006
2021-06-24 10:01:50,6962.6,78007
2021-06-24 10:01:51,6962.6,78007
2021-06-24 10:01:52,6965.0,78077
2021-06-24 10:01:53,6965.0,78077
2021-06-24 10:01:54,6965.0,78077
2021-06-24 10:01:55,6965.0,78078
2021-06-24 10:01:56,6965.0,78078
2021-06-24 10:01:57,6965.0,78078
2021-06-24 10:01:58,6965.0,78103
2021-06-24 10:01:59,6965.0,78103
2021-06-24 10:01:59,6965.0,78103
2021-06-24 10:02:00,6965.0,78110
2021-06-24 10:02:02,6965.0,78160
2021-06-24 10:02:04,6965.0,78274
2021-06-24 10:02:05,6965.0,78286
2021-06-24 10:02:05,6965.0,78286
2021-06-24 10:02:07,6965.0,78286
2021-06-24 10:02:08,6965.0,78286
2021-06-24 10:02:09,6965.0,78286
2021-06-24 10:02:10,6963.05,78291
2021-06-24 10:02:10,6963.05,78291
2021-06-24 10:02:12,6964.95,78303
2021-06-24 10:02:13,6965.0,78310
2021-06-24 10:02:15,6963.05,78320
2021-06-24 10:02:16,6965.0,78345
2021-06-24 10:02:17,6965.0,78345
2021-06-24 10:02:18,6964.95,78346
2021-06-24 10:02:20,6965.0,78372
2021-06-24 10:02:21,6965.0,78372
2021-06-24 10:02:22,6965.0,78372
2021-06-24 10:02:23,6963.05,78377
2021-06-24 10:02:23,6963.05,78377
2021-06-24 10:02:25,6965.0,78437
2021-06-24 10:02:26,6965.0,78437
2021-06-24 10:02:27,6965.0,78437
2021-06-24 10:02:28,6965.0,78437
2021-06-24 10:02:29,6965.0,78437
2021-06-24 10:02:30,6965.0,78437
2021-06-24 10:02:32,6965.0,78437
2021-06-24 10:02:33,6963.05,78447
2021-06-24 10:02:34,6965.0,78455
2021-06-24 10:02:35,6965.0,78455
2021-06-24 10:02:36,6965.0,78455
2021-06-24 10:02:36,6965.0,78455
2021-06-24 10:02:38,6963.1,78456
2021-06-24 10:02:39,6963.1,78456
2021-06-24 10:02:40,6963.1,78456
2021-06-24 10:02:41,6963.1,78461
2021-06-24 10:02:42,6963.1,78522
2021-06-24 10:02:43,6963.1,78522
2021-06-24 10:02:44,6965.0,78566
2021-06-24 10:02:45,6965.0,78566
2021-06-24 10:02:46,6965.0,78566
2021-06-24 10:02:47,6965.0,78566
2021-06-24 10:02:48,6965.0,78566
2021-06-24 10:02:49,6965.0,78566
2021-06-24 10:02:50,6965.0,78566
2021-06-24 10:02:51,6965.0,78573
2021-06-24 10:02:53,6964.2,78662
2021-06-24 10:02:54,6968.45,78696
2021-06-24 10:02:55,6968.45,78696
2021-06-24 10:02:56,6965.4,78722
2021-06-24 10:02:57,6965.4,78722
2021-06-24 10:02:58,6968.8,78732
2021-06-24 10:02:58,6968.8,78732
2021-06-24 10:03:00,6968.8,78747
2021-06-24 10:03:01,6968.4,78748
2021-06-24 10:03:02,6968.4,78748
2021-06-24 10:03:03,6968.35,78783
2021-06-24 10:03:04,6968.35,78783
2021-06-24 10:03:05,6968.35,78783
2021-06-24 10:03:06,6968.35,78783
2021-06-24 10:03:07,6968.35,78783
2021-06-24 10:03:08,6968.35,78783
2021-06-24 10:03:09,6968.35,78783
2021-06-24 10:03:10,6968.35,78783
2021-06-24 10:03:11,6968.3,78793
2021-06-24 10:03:12,6968.3,78793
2021-06-24 10:03:13,6968.3,78793
2021-06-24 10:03:14,6965.7,78794
2021-06-24 10:03:15,6965.7,78794
2021-06-24 10:03:16,6965.7,78794
2021-06-24 10:03:17,6965.7,78794
2021-06-24 10:03:19,6965.7,78795
2021-06-24 10:03:20,6965.7,78795
2021-06-24 10:03:22,6967.95,78805
2021-06-24 10:03:23,6968.3,78835
2021-06-24 10:03:24,6968.3,78835
2021-06-24 10:03:25,6968.3,78845
2021-06-24 10:03:26,6968.3,78845
2021-06-24 10:03:27,6968.3,78845
2021-06-24 10:03:29,6966.15,78846
2021-06-24 10:03:28,6966.15,78846
2021-06-24 10:03:30,6966.15,78847
2021-06-24 10:03:31,6968.3,78850
2021-06-24 10:03:32,6968.3,78850
2021-06-24 10:03:33,6968.3,78858
2021-06-24 10:03:34,6968.3,78858
2021-06-24 10:03:35,6968.3,78858
2021-06-24 10:03:36,6968.3,78858
2021-06-24 10:03:37,6968.3,78858
2021-06-24 10:03:38,6968.3,78858
2021-06-24 10:03:39,6968.3,78858
2021-06-24 10:03:40,6966.25,78917
2021-06-24 10:03:41,6966.25,78917
2021-06-24 10:03:42,6966.25,78947
2021-06-24 10:03:43,6966.25,78947
2021-06-24 10:03:44,6968.0,78960
2021-06-24 10:03:45,6968.0,78960
2021-06-24 10:03:46,6968.0,78960
2021-06-24 10:03:47,6966.9,79097
2021-06-24 10:03:49,6968.0,79108
2021-06-24 10:03:50,6968.0,79208
2021-06-24 10:03:51,6968.0,79208
2021-06-24 10:03:52,6968.0,79208
2021-06-24 10:03:53,6968.0,79208
2021-06-24 10:03:54,6968.0,79208
2021-06-24 10:03:55,6966.3,79238
2021-06-24 10:03:56,6966.3,79238
2021-06-24 10:03:57,6966.3,79243
2021-06-24 10:03:58,6966.3,79243
2021-06-24 10:03:59,6966.3,79243
2021-06-24 10:04:00,6966.3,79243
2021-06-24 10:04:02,6966.3,79243
2021-06-24 10:04:03,6968.0,79261
2021-06-24 10:04:05,6968.0,79261
2021-06-24 10:04:06,6965.1,79471
2021-06-24 10:04:08,6965.1,79471
2021-06-24 10:04:09,6965.1,79471
2021-06-24 10:04:10,6965.1,79471
2021-06-24 10:04:11,6965.1,79472
2021-06-24 10:04:12,6965.1,79472
2021-06-24 10:04:13,6965.1,79472
2021-06-24 10:04:14,6965.1,79472
2021-06-24 10:04:15,6967.7,79493
2021-06-24 10:04:16,6967.7,79493
2021-06-24 10:04:17,6965.55,79497
2021-06-24 10:04:18,6965.55,79507
2021-06-24 10:04:19,6965.55,79516
2021-06-24 10:04:20,6965.55,79516
2021-06-24 10:04:21,6965.55,79516
2021-06-24 10:04:22,6965.55,79516
2021-06-24 10:04:23,6965.1,79526
2021-06-24 10:04:24,6966.0,79537
2021-06-24 10:04:25,6966.0,79537
2021-06-24 10:04:26,6966.0,79537
2021-06-24 10:04:27,6966.0,79571
2021-06-24 10:04:28,6966.0,79571
2021-06-24 10:04:29,6965.1,79572
2021-06-24 10:04:30,6965.1,79572
2021-06-24 10:04:31,6965.1,79572
2021-06-24 10:04:32,6965.1,79572
2021-06-24 10:04:33,6966.95,79581
2021-06-24 10:04:34,6966.95,79583
2021-06-24 10:04:35,6966.95,79583
2021-06-24 10:04:36,6965.1,79588
2021-06-24 10:04:37,6965.0,79602
2021-06-24 10:04:39,6962.15,79606
2021-06-24 10:04:40,6962.15,79606
2021-06-24 10:04:41,6962.15,79606
2021-06-24 10:04:42,6963.0,79608
2021-06-24 10:04:44,6963.0,79608
2021-06-24 10:04:45,6963.0,79608
2021-06-24 10:04:46,6963.0,79608
2021-06-24 10:04:47,6963.0,79608
2021-06-24 10:04:48,6963.0,79608
2021-06-24 10:04:49,6963.0,79608
2021-06-24 10:04:51,6963.0,79608
2021-06-24 10:04:53,6963.0,79608
2021-06-24 10:04:52,6963.0,79608
2021-06-24 10:04:54,6963.0,79609
2021-06-24 10:04:55,6963.0,79609
2021-06-24 10:04:56,6963.65,79631
2021-06-24 10:04:57,6963.65,79631
2021-06-24 10:05:00,6960.6,79632
2021-06-24 10:04:59,6960.6,79632
2021-06-24 10:05:01,6960.6,79632
2021-06-24 10:05:02,6960.6,79632
2021-06-24 10:05:03,6963.2,79639
2021-06-24 10:05:04,6960.6,79640
2021-06-24 10:05:05,6960.6,79640
2021-06-24 10:05:07,6960.6,79640
2021-06-24 10:05:08,6960.6,79640
2021-06-24 10:05:09,6960.6,79640
2021-06-24 10:05:10,6960.6,79640
2021-06-24 10:05:11,6960.6,79640
2021-06-24 10:05:12,6960.6,79640
2021-06-24 10:05:14,6960.85,79643
2021-06-24 10:05:14,6960.85,79643
2021-06-24 10:05:15,6960.85,79643
2021-06-24 10:05:16,6960.85,79643
2021-06-24 10:05:18,6960.85,79643
2021-06-24 10:05:19,6960.85,79643
2021-06-24 10:05:20,6961.2,79646
2021-06-24 10:05:23,6961.2,79646
2021-06-24 10:05:24,6961.2,79646
2021-06-24 10:05:25,6961.2,79646
2021-06-24 10:05:27,6963.0,79648
2021-06-24 10:05:27,6963.0,79648
2021-06-24 10:05:28,6961.2,79652
2021-06-24 10:05:29,6961.2,79652
2021-06-24 10:05:30,6961.2,79652
2021-06-24 10:05:31,6963.0,79653
2021-06-24 10:05:32,6963.0,79653
2021-06-24 10:05:33,6963.05,79710
2021-06-24 10:05:35,6963.05,79710
2021-06-24 10:05:35,6963.05,79710
2021-06-24 10:05:36,6965.0,79712
2021-06-24 10:05:37,6961.3,79756
2021-06-24 10:05:38,6961.3,79756
2021-06-24 10:05:39,6961.0,79763
2021-06-24 10:05:41,6962.0,79766
2021-06-24 10:05:42,6962.0,79766
2021-06-24 10:05:43,6962.0,79773
2021-06-24 10:05:44,6962.0,79820
2021-06-24 10:05:45,6960.6,79825
2021-06-24 10:05:46,6960.6,79825
2021-06-24 10:05:47,6960.6,79825
2021-06-24 10:05:49,6960.6,79832
2021-06-24 10:05:50,6960.55,79833
2021-06-24 10:05:51,6961.2,79843
2021-06-24 10:05:52,6961.2,79843
2021-06-24 10:05:53,6961.2,79843
2021-06-24 10:05:54,6960.55,79845
2021-06-24 10:05:56,6961.2,79846
2021-06-24 10:05:56,6961.2,79846
2021-06-24 10:05:57,6960.55,79856
2021-06-24 10:05:58,6960.55,79856
2021-06-24 10:05:59,6960.55,79856
2021-06-24 10:06:00,6960.55,79856
2021-06-24 10:06:02,6960.6,79877
2021-06-24 10:06:02,6960.6,79877
2021-06-24 10:06:03,6960.6,79877
2021-06-24 10:06:04,6961.0,79886
2021-06-24 10:06:05,6961.0,79886
2021-06-24 10:06:06,6960.6,79887
2021-06-24 10:06:07,6960.6,79887
2021-06-24 10:06:08,6960.6,79887
2021-06-24 10:06:10,6961.0,79901
2021-06-24 10:06:10,6961.0,79901
2021-06-24 10:06:12,6960.55,80001
2021-06-24 10:06:13,6960.55,80001
2021-06-24 10:06:14,6960.55,80001
2021-06-24 10:06:16,6961.2,80075
2021-06-24 10:06:18,6961.2,80103
2021-06-24 10:06:19,6961.2,80103
2021-06-24 10:06:20,6961.2,80103
2021-06-24 10:06:21,6961.2,80103
2021-06-24 10:06:22,6960.65,80104
2021-06-24 10:06:24,6960.65,80104
2021-06-24 10:06:24,6960.65,80104
2021-06-24 10:06:25,6960.65,80104
2021-06-24 10:06:26,6960.65,80104
2021-06-24 10:06:27,6960.65,80105
2021-06-24 10:06:29,6960.65,80120
2021-06-24 10:06:30,6960.65,80120
2021-06-24 10:06:30,6960.65,80120
2021-06-24 10:06:31,6960.65,80120
2021-06-24 10:06:33,6961.2,80133
2021-06-24 10:06:35,6960.5,80139
2021-06-24 10:06:36,6960.0,80167
2021-06-24 10:06:36,6960.0,80167
2021-06-24 10:06:37,6960.0,80167
2021-06-24 10:06:38,6960.0,80167
2021-06-24 10:06:39,6959.95,80172
2021-06-24 10:06:40,6959.95,80172
2021-06-24 10:06:41,6959.95,80172
2021-06-24 10:06:42,6958.5,80182
2021-06-24 10:06:44,6958.5,80182
2021-06-24 10:06:45,6958.5,80182
2021-06-24 10:06:45,6959.0,80183
2021-06-24 10:06:46,6959.0,80183
2021-06-24 10:06:48,6959.0,80187
2021-06-24 10:06:50,6959.0,80187
2021-06-24 10:06:51,6959.0,80187
2021-06-24 10:06:52,6959.0,80187
2021-06-24 10:06:52,6959.0,80187
2021-06-24 10:06:53,6959.0,80187
2021-06-24 10:06:54,6959.0,80197
2021-06-24 10:06:55,6959.0,80199
2021-06-24 10:06:56,6959.0,80199
2021-06-24 10:06:57,6960.0,80213
2021-06-24 10:06:59,6960.0,80213
2021-06-24 10:07:00,6960.0,80213
2021-06-24 10:07:00,6959.0,80215
2021-06-24 10:07:01,6959.0,80215
2021-06-24 10:07:02,6959.0,80215
2021-06-24 10:07:03,6960.0,80222
2021-06-24 10:07:04,6960.0,80222
2021-06-24 10:07:05,6960.0,80222
2021-06-24 10:07:07,6960.0,80222
2021-06-24 10:07:08,6960.0,80222
2021-06-24 10:07:09,6959.0,80233
2021-06-24 10:07:10,6959.0,80233
2021-06-24 10:07:11,6959.0,80233
2021-06-24 10:07:12,6959.0,80233
2021-06-24 10:07:13,6959.0,80233
2021-06-24 10:07:14,6959.0,80233
2021-06-24 10:07:15,6959.0,80255
2021-06-24 10:07:16,6959.0,80255
2021-06-24 10:07:17,6959.0,80255
2021-06-24 10:07:18,6959.0,80255
2021-06-24 10:07:19,6959.8,80256
2021-06-24 10:07:21,6959.8,80256
2021-06-24 10:07:23,6959.8,80256
2021-06-24 10:07:23,6959.8,80256
2021-06-24 10:07:25,6960.0,80263
2021-06-24 10:07:28,6960.0,80272
2021-06-24 10:07:29,6960.0,80272
2021-06-24 10:07:32,6959.8,80274
2021-06-24 10:07:32,6959.8,80274
2021-06-24 10:07:33,6961.15,80283
2021-06-24 10:07:34,6961.15,80283
2021-06-24 10:07:36,6961.15,80283
2021-06-24 10:07:37,6961.15,80283
2021-06-24 10:07:37,6961.15,80283
2021-06-24 10:07:38,6961.15,80283
2021-06-24 10:07:39,6959.8,80333
2021-06-24 10:07:40,6959.8,80333
2021-06-24 10:07:42,6959.8,80333
2021-06-24 10:07:43,6959.8,80333
2021-06-24 10:07:44,6959.0,80337
2021-06-24 10:07:45,6959.0,80337
2021-06-24 10:07:46,6959.0,80338
2021-06-24 10:07:47,6959.0,80338
2021-06-24 10:07:48,6959.0,80343
2021-06-24 10:07:48,6959.0,80343
2021-06-24 10:07:49,6959.0,80343
2021-06-24 10:07:50,6959.0,80343
2021-06-24 10:07:51,6959.0,80344
2021-06-24 10:07:52,6959.8,80345
2021-06-24 10:07:54,6959.8,80345
2021-06-24 10:07:55,6959.8,80345
2021-06-24 10:07:55,6959.0,80365
2021-06-24 10:07:56,6959.0,80391
2021-06-24 10:07:57,6959.0,80391
2021-06-24 10:07:58,6959.0,80391
2021-06-24 10:07:59,6959.0,80391
2021-06-24 10:08:00,6959.0,80391
2021-06-24 10:08:02,6959.0,80391
2021-06-24 10:08:03,6959.0,80391
2021-06-24 10:08:03,6959.8,80398
2021-06-24 10:08:04,6959.0,80399
2021-06-24 10:08:05,6959.8,80400
2021-06-24 10:08:06,6959.8,80400
2021-06-24 10:08:07,6959.8,80400
2021-06-24 10:08:09,6959.8,80400
2021-06-24 10:08:10,6959.8,80400
2021-06-24 10:08:11,6959.8,80400
2021-06-24 10:08:12,6959.8,80400
2021-06-24 10:08:13,6959.8,80400
2021-06-24 10:08:13,6959.8,80400
2021-06-24 10:08:15,6958.5,80425
2021-06-24 10:08:15,6958.5,80425
2021-06-24 10:08:16,6958.5,80425
2021-06-24 10:08:17,6958.5,80425
2021-06-24 10:08:19,6958.5,80425
2021-06-24 10:08:20,6958.5,80425
2021-06-24 10:08:20,6958.5,80425
2021-06-24 10:08:21,6958.5,80425
2021-06-24 10:08:22,6958.5,80425
2021-06-24 10:08:23,6958.5,80433
2021-06-24 10:08:24,6958.5,80433
2021-06-24 10:08:26,6958.5,80433
2021-06-24 10:08:27,6958.5,80433
2021-06-24 10:08:28,6959.8,80435
2021-06-24 10:08:30,6959.8,80435
2021-06-24 10:08:31,6959.8,80435
2021-06-24 10:08:33,6959.8,80445
2021-06-24 10:08:33,6959.8,80453
2021-06-24 10:08:34,6958.5,80455
2021-06-24 10:08:36,6958.5,80455
2021-06-24 10:08:37,6958.5,80455
2021-06-24 10:08:38,6958.5,80455
2021-06-24 10:08:40,6958.5,80465
2021-06-24 10:08:41,6959.0,80514
2021-06-24 10:08:42,6959.0,80516
2021-06-24 10:08:42,6959.0,80516
2021-06-24 10:08:43,6959.0,80516
2021-06-24 10:08:44,6959.0,80566
2021-06-24 10:08:45,6959.0,80566
2021-06-24 10:08:47,6959.0,80566
2021-06-24 10:08:48,6959.0,80566
2021-06-24 10:08:49,6959.0,80576
2021-06-24 10:08:49,6959.0,80576
2021-06-24 10:08:50,6959.8,80577
2021-06-24 10:08:51,6959.0,80597
2021-06-24 10:08:52,6959.0,80597
2021-06-24 10:08:53,6959.0,80597
2021-06-24 10:08:54,6959.8,80602
2021-06-24 10:08:55,6959.8,80602
2021-06-24 10:08:56,6959.8,80602
2021-06-24 10:08:58,6959.8,80602
2021-06-24 10:08:59,6959.8,80602
2021-06-24 10:08:59,6959.8,80602
2021-06-24 10:09:00,6959.8,80622
2021-06-24 10:09:01,6959.8,80623
2021-06-24 10:09:02,6959.8,80623
2021-06-24 10:09:04,6960.0,80631
2021-06-24 10:09:05,6960.0,80631
2021-06-24 10:09:07,6960.0,80631
2021-06-24 10:09:08,6960.0,80631
2021-06-24 10:09:09,6960.0,80631
2021-06-24 10:09:11,6960.0,80631
2021-06-24 10:09:13,6959.0,80681
2021-06-24 10:09:14,6959.0,80681
2021-06-24 10:09:16,6959.0,80681
2021-06-24 10:09:17,6959.0,80681
2021-06-24 10:09:18,6959.95,80683
2021-06-24 10:09:20,6959.95,80683
2021-06-24 10:09:22,6959.95,80683
2021-06-24 10:09:23,6959.95,80683
2021-06-24 10:09:24,6959.95,80683
2021-06-24 10:09:25,6960.0,80688
2021-06-24 10:09:26,6960.0,80688
2021-06-24 10:09:26,6960.0,80688
2021-06-24 10:09:27,6960.0,80688
2021-06-24 10:09:28,6960.0,80693
2021-06-24 10:09:30,6959.15,80703
2021-06-24 10:09:32,6959.15,80703
2021-06-24 10:09:33,6961.0,80711
2021-06-24 10:09:34,6961.0,80711
2021-06-24 10:09:35,6961.0,80711
2021-06-24 10:09:35,6961.0,80711
2021-06-24 10:09:36,6961.0,80711
2021-06-24 10:09:37,6959.8,80735
2021-06-24 10:09:38,6959.8,80735
2021-06-24 10:09:40,6959.7,80760
2021-06-24 10:09:43,6959.7,80760
2021-06-24 10:09:44,6959.7,80760
2021-06-24 10:09:45,6959.7,80784
2021-06-24 10:09:45,6959.7,80784
2021-06-24 10:09:46,6959.7,80784
2021-06-24 10:09:47,6959.7,80799
2021-06-24 10:09:48,6959.7,80799
2021-06-24 10:09:50,6959.05,80804
2021-06-24 10:09:51,6959.05,80804
2021-06-24 10:09:52,6961.0,80834
2021-06-24 10:09:54,6961.0,80834
2021-06-24 10:09:55,6961.0,80834
2021-06-24 10:09:55,6961.0,80834
2021-06-24 10:09:56,6961.0,80834
2021-06-24 10:09:57,6961.0,80834
2021-06-24 10:09:59,6961.0,80834
2021-06-24 10:10:00,6961.0,80834
2021-06-24 10:10:01,6961.0,80834
2021-06-24 10:10:01,6961.0,80834
2021-06-24 10:10:03,6961.0,80834
2021-06-24 10:10:04,6960.95,80845
2021-06-24 10:10:05,6960.0,80855
2021-06-24 10:10:06,6959.7,80862
2021-06-24 10:10:06,6958.5,80873
2021-06-24 10:10:07,6958.5,80873
2021-06-24 10:10:08,6958.5,80874
2021-06-24 10:10:09,6958.5,80874
2021-06-24 10:10:10,6958.5,80874
2021-06-24 10:10:11,6960.6,80876
2021-06-24 10:10:13,6960.6,80876
2021-06-24 10:10:13,6960.6,80876
2021-06-24 10:10:14,6960.6,80876
2021-06-24 10:10:16,6960.6,80876
2021-06-24 10:10:17,6960.6,80876
2021-06-24 10:10:18,6960.6,80877
2021-06-24 10:10:19,6960.6,80877
2021-06-24 10:10:19,6960.6,80877
2021-06-24 10:10:20,6960.6,80877
2021-06-24 10:10:21,6960.6,80877
2021-06-24 10:10:22,6960.6,80887
2021-06-24 10:10:24,6960.6,80887
2021-06-24 10:10:25,6959.1,80937
2021-06-24 10:10:26,6959.1,80937
2021-06-24 10:10:27,6959.1,80937
2021-06-24 10:10:28,6959.1,80937
2021-06-24 10:10:29,6959.1,80937
2021-06-24 10:10:31,6958.6,80941
2021-06-24 10:10:32,6958.6,80941
2021-06-24 10:10:32,6958.6,80941
2021-06-24 10:10:33,6960.6,80942
2021-06-24 10:10:34,6960.6,80942
2021-06-24 10:10:35,6960.6,80942
2021-06-24 10:10:36,6960.6,80942
2021-06-24 10:10:37,6960.6,80942
2021-06-24 10:10:38,6960.6,80942
2021-06-24 10:10:40,6960.6,80942
2021-06-24 10:10:41,6960.65,80945
2021-06-24 10:10:42,6960.65,80945
2021-06-24 10:10:43,6960.65,80945
2021-06-24 10:10:44,6960.65,80945
2021-06-24 10:10:45,6960.65,80945
2021-06-24 10:10:46,6961.45,80976
2021-06-24 10:10:47,6961.45,80976
2021-06-24 10:10:48,6962.0,80982
2021-06-24 10:10:49,6962.0,80982
2021-06-24 10:10:50,6962.0,80982
2021-06-24 10:10:51,6962.0,80982
2021-06-24 10:10:53,6962.0,80982
2021-06-24 10:10:54,6962.0,80982
2021-06-24 10:10:54,6962.0,80982
2021-06-24 10:10:55,6962.0,80982
2021-06-24 10:10:56,6960.65,80996
2021-06-24 10:10:57,6960.65,80996
2021-06-24 10:10:58,6962.0,81002
2021-06-24 10:10:59,6962.0,81002
2021-06-24 10:11:00,6960.65,81006
2021-06-24 10:11:02,6960.65,81006
2021-06-24 10:11:03,6960.65,81010
2021-06-24 10:11:04,6960.65,81010
2021-06-24 10:11:04,6960.65,81010
2021-06-24 10:11:05,6960.65,81010
2021-06-24 10:11:06,6960.65,81010
2021-06-24 10:11:08,6960.65,81010
2021-06-24 10:11:09,6960.65,81010
2021-06-24 10:11:10,6960.65,81010
2021-06-24 10:11:11,6960.65,81010
2021-06-24 10:11:11,6960.65,81010
2021-06-24 10:11:12,6960.65,81010
2021-06-24 10:11:13,6960.65,81010
2021-06-24 10:11:14,6960.65,81010
2021-06-24 10:11:15,6961.95,81022
2021-06-24 10:11:17,6960.8,81044
2021-06-24 10:11:18,6962.0,81047
2021-06-24 10:11:19,6962.0,81047
2021-06-24 10:11:20,6962.0,81047
2021-06-24 10:11:21,6962.0,81052
2021-06-24 10:11:23,6962.0,81052
2021-06-24 10:11:24,6962.0,81052
2021-06-24 10:11:24,6962.0,81052
2021-06-24 10:11:25,6962.0,81052
2021-06-24 10:11:26,6962.0,81052
2021-06-24 10:11:27,6960.85,81054
2021-06-24 10:11:28,6962.0,81064
2021-06-24 10:11:29,6962.0,81064
2021-06-24 10:11:30,6960.85,81075
2021-06-24 10:11:32,6960.85,81075
2021-06-24 10:11:33,6960.85,81075
2021-06-24 10:11:34,6962.0,81083
2021-06-24 10:11:35,6960.85,81099
2021-06-24 10:11:36,6960.85,81099
2021-06-24 10:11:37,6961.0,81101
2021-06-24 10:11:37,6961.0,81101
2021-06-24 10:11:39,6961.0,81101
2021-06-24 10:11:40,6960.75,81151
2021-06-24 10:11:41,6960.55,81165
2021-06-24 10:11:42,6960.55,81165
2021-06-24 10:11:43,6960.55,81165
2021-06-24 10:11:44,6959.3,81175
2021-06-24 10:11:45,6959.3,81175
2021-06-24 10:11:45,6959.3,81175
2021-06-24 10:11:47,6961.85,81186
2021-06-24 10:11:48,6961.85,81186
2021-06-24 10:11:50,6959.95,81187
2021-06-24 10:11:51,6959.95,81187
2021-06-24 10:11:52,6959.95,81187
2021-06-24 10:11:53,6959.95,81187
2021-06-24 10:11:54,6959.3,81357
2021-06-24 10:11:55,6959.3,81357
2021-06-24 10:11:56,6959.3,81357
2021-06-24 10:11:57,6959.3,81357
2021-06-24 10:11:57,6959.3,81357
2021-06-24 10:11:59,6959.3,81357
2021-06-24 10:12:00,6959.3,81357
2021-06-24 10:12:01,6959.1,81358
2021-06-24 10:12:02,6958.55,81395
2021-06-24 10:12:03,6959.15,81402
2021-06-24 10:12:03,6959.15,81402
2021-06-24 10:12:06,6960.0,81438
2021-06-24 10:12:07,6960.0,81439
2021-06-24 10:12:08,6960.0,81439
2021-06-24 10:12:09,6960.0,81439
2021-06-24 10:12:10,6960.0,81439
2021-06-24 10:12:11,6960.0,81439
2021-06-24 10:12:12,6960.0,81439
2021-06-24 10:12:13,6960.0,81439
2021-06-24 10:12:14,6960.0,81439
2021-06-24 10:12:15,6960.0,81439
2021-06-24 10:12:16,6960.0,81449
2021-06-24 10:12:17,6960.0,81449
2021-06-24 10:12:18,6960.35,81450
2021-06-24 10:12:19,6960.35,81450
2021-06-24 10:12:20,6960.35,81450
2021-06-24 10:12:21,6960.0,81451
2021-06-24 10:12:23,6960.05,81456
2021-06-24 10:12:24,6960.05,81456
2021-06-24 10:12:25,6960.05,81456
2021-06-24 10:12:27,6960.0,81537
2021-06-24 10:12:28,6960.0,81537
2021-06-24 10:12:29,6960.0,81537
2021-06-24 10:12:30,6960.0,81537
2021-06-24 10:12:32,6957.35,81540
2021-06-24 10:12:33,6960.0,81548
2021-06-24 10:12:33,6960.0,81549
2021-06-24 10:12:34,6960.0,81549
2021-06-24 10:12:35,6960.0,81549
2021-06-24 10:12:36,6957.9,81550
2021-06-24 10:12:38,6958.0,81552
2021-06-24 10:12:39,6958.0,81552
2021-06-24 10:12:40,6958.0,81552
2021-06-24 10:12:41,6958.0,81552
2021-06-24 10:12:42,6958.0,81552
2021-06-24 10:12:42,6958.0,81552
2021-06-24 10:12:45,6960.35,81562
2021-06-24 10:12:46,6961.1,81566
2021-06-24 10:12:47,6961.1,81566
2021-06-24 10:12:48,6961.35,81567
2021-06-24 10:12:49,6961.3,81570
2021-06-24 10:12:50,6961.35,81571
2021-06-24 10:12:51,6961.3,81573
2021-06-24 10:12:51,6961.3,81573
2021-06-24 10:12:52,6961.3,81769
2021-06-24 10:12:54,6961.3,81769
2021-06-24 10:12:55,6961.3,81769
2021-06-24 10:12:56,6960.0,81794
2021-06-24 10:12:57,6960.0,81794
2021-06-24 10:12:58,6960.0,81796
2021-06-24 10:12:58,6960.0,81796
2021-06-24 10:12:59,6960.0,81796
2021-06-24 10:13:00,6960.0,81796
2021-06-24 10:13:01,6960.0,81796
2021-06-24 10:13:03,6960.0,81796
2021-06-24 10:13:05,6959.9,81852
2021-06-24 10:13:06,6959.9,81852
2021-06-24 10:13:06,6959.9,81852
2021-06-24 10:13:08,6959.9,81852
2021-06-24 10:13:09,6959.9,81852
2021-06-24 10:13:10,6959.9,81852
2021-06-24 10:13:11,6959.9,81852
2021-06-24 10:13:11,6959.9,81852
2021-06-24 10:13:13,6959.9,81852
2021-06-24 10:13:14,6959.9,81852
2021-06-24 10:13:15,6959.9,81852
2021-06-24 10:13:16,6951.0,82339
2021-06-24 10:13:16,6951.0,82339
2021-06-24 10:13:18,6953.9,82359
2021-06-24 10:13:19,6953.9,82359
2021-06-24 10:13:20,6953.9,82359
2021-06-24 10:13:21,6953.9,82392
2021-06-24 10:13:22,6953.9,82392
2021-06-24 10:13:22,6953.9,82392
2021-06-24 10:13:24,6951.6,82439
2021-06-24 10:13:25,6951.6,82439
2021-06-24 10:13:26,6952.25,82440
2021-06-24 10:13:27,6952.25,82440
2021-06-24 10:13:28,6952.25,82440
2021-06-24 10:13:29,6952.25,82440
2021-06-24 10:13:30,6952.25,82440
2021-06-24 10:13:31,6952.25,82440
2021-06-24 10:13:31,6952.25,82440
2021-06-24 10:13:33,6952.25,82465
2021-06-24 10:13:34,6953.9,82474
2021-06-24 10:13:35,6953.9,82474
2021-06-24 10:13:36,6953.9,82474
2021-06-24 10:13:37,6952.25,82526
2021-06-24 10:13:38,6955.0,82593
2021-06-24 10:13:38,6955.0,82593
2021-06-24 10:13:39,6955.0,82593
2021-06-24 10:13:41,6955.0,82593
2021-06-24 10:13:42,6955.0,82593
2021-06-24 10:13:43,6955.0,82593
2021-06-24 10:13:44,6955.0,82593
2021-06-24 10:13:45,6955.0,82593
2021-06-24 10:13:46,6955.0,82593
2021-06-24 10:13:47,6959.0,82598
2021-06-24 10:13:48,6959.0,82598
2021-06-24 10:13:49,6956.4,82608
2021-06-24 10:13:50,6956.4,82608
2021-06-24 10:13:51,6956.4,82608
2021-06-24 10:13:52,6956.45,82622
2021-06-24 10:13:53,6956.45,82622
2021-06-24 10:13:54,6956.45,82622
2021-06-24 10:13:55,6956.4,82633
2021-06-24 10:13:56,6956.0,82635
2021-06-24 10:13:58,6955.35,82646
2021-06-24 10:13:59,6955.35,82646
2021-06-24 10:14:01,6955.35,82646
2021-06-24 10:14:02,6955.35,82646
2021-06-24 10:14:03,6956.4,82656
2021-06-24 10:14:04,6956.4,82656
2021-06-24 10:14:06,6956.4,82656
2021-06-24 10:14:05,6956.4,82656
2021-06-24 10:14:07,6956.4,82656
2021-06-24 10:14:08,6956.4,82656
2021-06-24 10:14:09,6954.3,82660
2021-06-24 10:14:10,6954.3,82660
2021-06-24 10:14:12,6956.45,82687
2021-06-24 10:14:11,6954.3,82660
2021-06-24 10:14:13,6956.45,82687
2021-06-24 10:14:14,6956.45,82687
2021-06-24 10:14:15,6956.45,82687
2021-06-24 10:14:16,6956.45,82687
2021-06-24 10:14:17,6956.45,82687
2021-06-24 10:14:18,6956.45,82687
2021-06-24 10:14:19,6956.45,82687
2021-06-24 10:14:20,6956.45,82687
2021-06-24 10:14:21,6956.45,82687
2021-06-24 10:14:22,6954.3,82794
2021-06-24 10:14:23,6954.3,82794
2021-06-24 10:14:24,6954.3,82794
2021-06-24 10:14:25,6954.3,82794
2021-06-24 10:14:26,6954.3,82794
2021-06-24 10:14:27,6954.3,82794
2021-06-24 10:14:28,6954.3,82794
2021-06-24 10:14:29,6954.3,82794
2021-06-24 10:14:30,6954.75,82808
2021-06-24 10:14:31,6954.75,82808
2021-06-24 10:14:32,6954.75,82808
2021-06-24 10:14:33,6954.75,82823
2021-06-24 10:14:34,6955.1,82842
2021-06-24 10:14:35,6955.1,82842
2021-06-24 10:14:36,6955.1,82842
2021-06-24 10:14:37,6955.1,82842
2021-06-24 10:14:38,6955.1,82842
2021-06-24 10:14:39,6955.15,82855
2021-06-24 10:14:40,6955.15,82864
2021-06-24 10:14:42,6955.15,82864
2021-06-24 10:14:41,6955.15,82864
2021-06-24 10:14:43,6955.15,82864
2021-06-24 10:14:44,6955.15,82864
2021-06-24 10:14:45,6955.15,82864
2021-06-24 10:14:46,6955.15,82864
2021-06-24 10:14:47,6955.15,82864
2021-06-24 10:14:48,6954.35,82903
2021-06-24 10:14:49,6954.35,82903
2021-06-24 10:14:50,6955.0,82928
2021-06-24 10:14:51,6955.0,82938
2021-06-24 10:14:52,6955.0,82938
2021-06-24 10:14:53,6955.15,82939
2021-06-24 10:14:55,6955.0,82944
2021-06-24 10:14:56,6955.0,82944
2021-06-24 10:14:57,6955.0,82944
2021-06-24 10:14:58,6955.0,82944
2021-06-24 10:14:59,6955.0,82969
2021-06-24 10:15:00,6955.15,83032
2021-06-24 10:15:01,6955.15,83059
2021-06-24 10:15:02,6955.15,83059
2021-06-24 10:15:04,6957.7,83068
2021-06-24 10:15:05,6957.75,83069
2021-06-24 10:15:06,6955.15,83219
2021-06-24 10:15:08,6955.2,83224
2021-06-24 10:15:09,6955.2,83224
2021-06-24 10:15:10,6955.2,83224
2021-06-24 10:15:11,6955.25,83248
2021-06-24 10:15:12,6955.25,83251
2021-06-24 10:15:13,6955.25,83251
2021-06-24 10:15:14,6955.25,83251
2021-06-24 10:15:15,6955.25,83261
2021-06-24 10:15:17,6958.85,83304
2021-06-24 10:15:18,6955.7,83329
2021-06-24 10:15:19,6955.7,83329
2021-06-24 10:15:20,6955.7,83329
2021-06-24 10:15:21,6955.7,83329
2021-06-24 10:15:22,6955.7,83329
2021-06-24 10:15:23,6955.7,83329
2021-06-24 10:15:25,6955.7,83329
2021-06-24 10:15:26,6955.7,83329
2021-06-24 10:15:27,6955.7,83329
2021-06-24 10:15:28,6955.7,83329
2021-06-24 10:15:29,6955.7,83329
2021-06-24 10:15:30,6955.7,83329
2021-06-24 10:15:31,6955.7,83329
2021-06-24 10:15:32,6955.7,83362
2021-06-24 10:15:33,6957.8,83370
2021-06-24 10:15:34,6957.85,83397
2021-06-24 10:15:35,6957.85,83397
2021-06-24 10:15:36,6957.85,83397
2021-06-24 10:15:37,6957.85,83397
2021-06-24 10:15:38,6955.6,83402
2021-06-24 10:15:39,6955.6,83402
2021-06-24 10:15:40,6955.6,83402
2021-06-24 10:15:42,6955.6,83402
2021-06-24 10:15:41,6955.6,83402
2021-06-24 10:15:43,6955.6,83402
2021-06-24 10:15:44,6952.75,83452
2021-06-24 10:15:45,6955.55,83457
2021-06-24 10:15:47,6955.6,83467
2021-06-24 10:15:48,6955.55,83468
2021-06-24 10:15:49,6955.55,83468
2021-06-24 10:15:50,6955.35,83569
2021-06-24 10:15:51,6955.35,83569
2021-06-24 10:15:52,6952.25,83579
2021-06-24 10:15:53,6952.25,83579
2021-06-24 10:15:55,6952.25,83579
2021-06-24 10:15:55,6952.25,83579
2021-06-24 10:15:56,6953.55,83584
2021-06-24 10:15:57,6953.55,83584
2021-06-24 10:15:58,6953.55,83584
2021-06-24 10:15:59,6953.55,83585
2021-06-24 10:16:01,6953.55,83585
2021-06-24 10:16:01,6953.55,83585
2021-06-24 10:16:02,6953.55,83585
2021-06-24 10:16:03,6953.2,83592
2021-06-24 10:16:04,6952.25,83672
2021-06-24 10:16:05,6951.95,83729
2021-06-24 10:16:07,6951.95,83732
2021-06-24 10:16:08,6951.95,83732
2021-06-24 10:16:08,6951.95,83732
2021-06-24 10:16:09,6951.95,83734
2021-06-24 10:16:10,6951.95,83734
2021-06-24 10:16:11,6951.0,84459
2021-06-24 10:16:13,6950.5,84468
2021-06-24 10:16:13,6950.5,84468
2021-06-24 10:16:14,6948.75,84979
2021-06-24 10:16:15,6949.0,85010
2021-06-24 10:16:16,6949.0,85010
2021-06-24 10:16:17,6949.0,85010
2021-06-24 10:16:18,6949.0,85010
2021-06-24 10:16:20,6949.0,85010
2021-06-24 10:16:20,6949.0,85010
2021-06-24 10:16:21,6949.0,85010
2021-06-24 10:16:22,6949.0,85010
2021-06-24 10:16:23,6946.0,85020
2021-06-24 10:16:25,6948.6,85025
2021-06-24 10:16:26,6948.6,85025
2021-06-24 10:16:27,6946.0,85030
2021-06-24 10:16:28,6946.0,85030
2021-06-24 10:16:29,6946.0,85035
2021-06-24 10:16:31,6948.6,85047
2021-06-24 10:16:31,6946.05,85254
2021-06-24 10:16:32,6946.05,85259
2021-06-24 10:16:33,6948.6,85268
2021-06-24 10:16:34,6946.05,85269
2021-06-24 10:16:35,6946.05,85274
2021-06-24 10:16:36,6946.05,85274
2021-06-24 10:16:38,6946.05,85274
2021-06-24 10:16:38,6946.05,85274
2021-06-24 10:16:39,6947.0,85275
2021-06-24 10:16:40,6948.6,85293
2021-06-24 10:16:41,6948.6,85293
2021-06-24 10:16:42,6948.6,85293
2021-06-24 10:16:44,6948.6,85293
2021-06-24 10:16:44,6948.6,85293
2021-06-24 10:16:46,6948.6,85304
2021-06-24 10:16:47,6948.6,85304
2021-06-24 10:16:48,6948.55,85307
2021-06-24 10:16:49,6948.55,85307
2021-06-24 10:16:50,6948.55,85307
2021-06-24 10:16:52,6948.55,85307
2021-06-24 10:16:52,6948.55,85307
2021-06-24 10:16:53,6948.6,85334
2021-06-24 10:16:54,6948.6,85334
2021-06-24 10:16:55,6948.6,85334
2021-06-24 10:16:56,6947.0,85339
2021-06-24 10:16:57,6947.0,85352
2021-06-24 10:16:59,6947.0,85361
2021-06-24 10:17:00,6947.0,85361
2021-06-24 10:17:01,6946.9,85422
2021-06-24 10:17:02,6948.0,85423
2021-06-24 10:17:03,6947.0,85530
2021-06-24 10:17:05,6947.0,85530
2021-06-24 10:17:07,6947.0,85530
2021-06-24 10:17:08,6947.0,85530
2021-06-24 10:17:09,6947.0,85530
2021-06-24 10:17:10,6947.0,85530
2021-06-24 10:17:12,6947.0,85530
2021-06-24 10:17:12,6947.0,85530
2021-06-24 10:17:13,6947.0,85530
2021-06-24 10:17:14,6947.0,85530
2021-06-24 10:17:15,6947.05,85535
2021-06-24 10:17:17,6947.05,85535
2021-06-24 10:17:18,6947.05,85535
2021-06-24 10:17:18,6947.05,85535
2021-06-24 10:17:19,6951.5,85732
2021-06-24 10:17:20,6951.25,85736
2021-06-24 10:17:21,6951.25,85736
2021-06-24 10:17:22,6951.25,85737
2021-06-24 10:17:23,6951.25,85737
2021-06-24 10:17:24,6951.25,85737
2021-06-24 10:17:25,6951.25,85737
2021-06-24 10:17:27,6951.25,85737
2021-06-24 10:17:27,6951.25,85737
2021-06-24 10:17:28,6951.25,85737
2021-06-24 10:17:29,6951.25,85737
2021-06-24 10:17:30,6951.25,85737
2021-06-24 10:17:31,6951.25,85737
2021-06-24 10:17:33,6951.25,85737
2021-06-24 10:17:33,6950.0,85739
2021-06-24 10:17:34,6950.0,85739
2021-06-24 10:17:36,6949.0,85944
2021-06-24 10:17:38,6950.05,85949
2021-06-24 10:17:39,6950.05,85949
2021-06-24 10:17:40,6949.0,85975
2021-06-24 10:17:42,6949.0,85977
2021-06-24 10:17:42,6949.0,85977
2021-06-24 10:17:43,6949.0,85988
2021-06-24 10:17:44,6949.0,85988
2021-06-24 10:17:45,6949.0,85988
2021-06-24 10:17:46,6949.0,85988
2021-06-24 10:17:48,6949.0,85988
2021-06-24 10:17:50,6949.0,85988
2021-06-24 10:17:50,6949.0,85988
2021-06-24 10:17:51,6949.0,85988
2021-06-24 10:17:52,6949.0,85988
2021-06-24 10:17:53,6950.0,85999
2021-06-24 10:17:55,6950.0,86030
2021-06-24 10:17:55,6950.0,86030
2021-06-24 10:17:56,6950.0,86030
2021-06-24 10:17:57,6950.0,86035
2021-06-24 10:17:58,6950.0,86035
2021-06-24 10:18:00,6950.0,86035
2021-06-24 10:18:01,6950.0,86035
2021-06-24 10:18:01,6950.0,86035
2021-06-24 10:18:02,6950.0,86035
2021-06-24 10:18:03,6950.05,86043
2021-06-24 10:18:04,6950.05,86043
2021-06-24 10:18:06,6950.0,86130
2021-06-24 10:18:07,6950.0,86130
2021-06-24 10:18:07,6950.0,86130
2021-06-24 10:18:08,6950.0,86130
2021-06-24 10:18:09,6950.0,86143
2021-06-24 10:18:10,6950.0,86143
2021-06-24 10:18:12,6950.0,86147
2021-06-24 10:18:13,6950.0,86147
2021-06-24 10:18:13,6950.0,86147
2021-06-24 10:18:14,6950.0,86151
2021-06-24 10:18:15,6952.35,86251
2021-06-24 10:18:16,6949.75,86281
2021-06-24 10:18:18,6950.0,86283
2021-06-24 10:18:19,6949.5,86288
2021-06-24 10:18:19,6949.5,86288
2021-06-24 10:18:20,6949.5,86288
2021-06-24 10:18:21,6950.0,86333
2021-06-24 10:18:23,6950.0,86333
2021-06-24 10:18:24,6950.0,86333
2021-06-24 10:18:25,6952.15,86405
2021-06-24 10:18:26,6952.15,86405
2021-06-24 10:18:27,6952.15,86405
2021-06-24 10:18:27,6952.15,86405
2021-06-24 10:18:28,6952.15,86405
2021-06-24 10:18:29,6952.15,86405
2021-06-24 10:18:30,6950.05,86406
2021-06-24 10:18:31,6950.05,86406
2021-06-24 10:18:34,6952.7,86414
2021-06-24 10:18:35,6952.7,86414
2021-06-24 10:18:35,6952.7,86414
2021-06-24 10:18:36,6952.7,86414
2021-06-24 10:18:37,6950.1,86428
2021-06-24 10:18:38,6950.1,86428
2021-06-24 10:18:40,6950.1,86428
2021-06-24 10:18:41,6950.1,86428
2021-06-24 10:18:41,6950.1,86428
2021-06-24 10:18:42,6950.1,86428
2021-06-24 10:18:43,6950.1,86428
2021-06-24 10:18:45,6950.1,86428
2021-06-24 10:18:46,6950.1,86428
2021-06-24 10:18:47,6950.1,86428
2021-06-24 10:18:47,6950.1,86428
2021-06-24 10:18:48,6950.1,86428
2021-06-24 10:18:49,6950.1,86432
2021-06-24 10:18:50,6950.1,86432
2021-06-24 10:18:51,6950.1,86432
2021-06-24 10:18:53,6950.1,86432
2021-06-24 10:18:54,6950.1,86432
2021-06-24 10:18:55,6950.1,86432
2021-06-24 10:18:56,6950.1,86432
2021-06-24 10:18:57,6950.1,86432
2021-06-24 10:18:57,6950.1,86432
2021-06-24 10:18:58,6950.1,86432
2021-06-24 10:18:59,6950.2,86433
2021-06-24 10:19:00,6950.2,86433
2021-06-24 10:19:02,6950.2,86433
2021-06-24 10:19:03,6950.2,86433
2021-06-24 10:19:04,6952.7,86440
2021-06-24 10:19:05,6952.7,86440
2021-06-24 10:19:06,6952.7,86440
2021-06-24 10:19:06,6952.7,86440
2021-06-24 10:19:07,6952.7,86440
2021-06-24 10:19:08,6952.7,86440
2021-06-24 10:19:09,6952.7,86440
2021-06-24 10:19:10,6950.25,86441
2021-06-24 10:19:11,6950.25,86441
2021-06-24 10:19:13,6950.25,86441
2021-06-24 10:19:13,6950.25,86441
2021-06-24 10:19:16,6950.25,86441
2021-06-24 10:19:17,6954.0,86498
2021-06-24 10:19:17,6954.0,86498
2021-06-24 10:19:18,6954.0,86498
2021-06-24 10:19:19,6954.0,86498
2021-06-24 10:19:20,6954.0,86498
2021-06-24 10:19:22,6954.0,86498
2021-06-24 10:19:23,6954.0,86498
2021-06-24 10:19:24,6954.0,86498
2021-06-24 10:19:25,6954.0,86498
2021-06-24 10:19:25,6954.0,86498
2021-06-24 10:19:26,6954.0,86498
2021-06-24 10:19:27,6954.0,86498
2021-06-24 10:19:28,6954.0,86498
2021-06-24 10:19:29,6954.0,86498
2021-06-24 10:19:31,6954.0,86498
2021-06-24 10:19:32,6954.0,86498
2021-06-24 10:19:32,6954.0,86498
2021-06-24 10:19:33,6955.0,86509
2021-06-24 10:19:34,6955.0,86509
2021-06-24 10:19:35,6955.0,86509
2021-06-24 10:19:37,6954.1,86511
2021-06-24 10:19:38,6955.0,86512
2021-06-24 10:19:39,6954.1,86538
2021-06-24 10:19:39,6954.1,86538
2021-06-24 10:19:40,6954.1,86538
2021-06-24 10:19:41,6954.1,86538
2021-06-24 10:19:43,6954.1,86538
2021-06-24 10:19:44,6954.1,86538
2021-06-24 10:19:45,6954.1,86538
2021-06-24 10:19:45,6954.1,86538
2021-06-24 10:19:46,6954.1,86538
2021-06-24 10:19:47,6954.1,86538
2021-06-24 10:19:48,6954.1,86538
2021-06-24 10:19:49,6954.1,86538
2021-06-24 10:19:51,6955.0,86540
2021-06-24 10:19:52,6955.0,86541
2021-06-24 10:19:53,6955.0,86541
2021-06-24 10:19:56,6955.05,86545
2021-06-24 10:19:57,6954.15,86570
2021-06-24 10:19:57,6954.15,86570
2021-06-24 10:19:58,6954.15,86570
2021-06-24 10:19:59,6954.15,86570
2021-06-24 10:20:00,6954.15,86570
2021-06-24 10:20:01,6954.15,86570
2021-06-24 10:20:03,6954.15,86570
2021-06-24 10:20:04,6954.25,86573
2021-06-24 10:20:05,6954.15,86578
2021-06-24 10:20:06,6954.15,86578
2021-06-24 10:20:07,6954.15,86578
2021-06-24 10:20:08,6954.15,86578
2021-06-24 10:20:10,6955.0,86579
2021-06-24 10:20:10,6955.0,86579
2021-06-24 10:20:12,6955.0,86579
2021-06-24 10:20:13,6955.0,86579
2021-06-24 10:20:14,6955.0,86579
2021-06-24 10:20:15,6955.0,86579
2021-06-24 10:20:16,6955.0,86579
2021-06-24 10:20:17,6955.0,86580
2021-06-24 10:20:19,6954.35,86590
2021-06-24 10:20:20,6954.35,86590
2021-06-24 10:20:21,6954.35,86590
2021-06-24 10:20:22,6954.35,86590
2021-06-24 10:20:23,6954.35,86590
2021-06-24 10:20:25,6954.35,86699
2021-06-24 10:20:26,6954.35,86699
2021-06-24 10:20:28,6954.35,86699
2021-06-24 10:20:29,6954.35,86699
2021-06-24 10:20:30,6954.35,86699
2021-06-24 10:20:31,6954.35,86699
2021-06-24 10:20:32,6954.35,86699
2021-06-24 10:20:34,6955.0,86707
2021-06-24 10:20:35,6955.0,86707
2021-06-24 10:20:36,6955.0,86709
2021-06-24 10:20:37,6955.0,86709
2021-06-24 10:20:38,6955.0,86709
2021-06-24 10:20:38,6955.0,86709
2021-06-24 10:20:39,6955.0,86709
2021-06-24 10:20:40,6955.0,86709
2021-06-24 10:20:42,6954.9,86710
2021-06-24 10:20:43,6954.9,86710
2021-06-24 10:20:44,6955.0,86735
2021-06-24 10:20:45,6955.0,86735
2021-06-24 10:20:46,6955.0,86735
2021-06-24 10:20:46,6955.0,86735
2021-06-24 10:20:48,6955.0,86735
2021-06-24 10:20:49,6955.0,86735
2021-06-24 10:20:51,6955.0,86735
2021-06-24 10:20:52,6955.0,86735
2021-06-24 10:20:53,6955.0,86740
2021-06-24 10:20:54,6955.0,86768
2021-06-24 10:20:55,6955.0,86780
2021-06-24 10:20:57,6955.0,86780
2021-06-24 10:20:58,6955.0,86780
2021-06-24 10:20:59,6955.0,86780
2021-06-24 10:20:59,6955.0,86780
2021-06-24 10:21:00,6955.0,86785
2021-06-24 10:21:02,6955.0,86785
2021-06-24 10:21:03,6955.0,86786
2021-06-24 10:21:04,6955.25,86794
2021-06-24 10:21:05,6955.25,86796
2021-06-24 10:21:05,6955.25,86796
2021-06-24 10:21:06,6955.0,86811
2021-06-24 10:21:07,6955.0,86811
2021-06-24 10:21:09,6955.0,86811
2021-06-24 10:21:10,6955.0,86811
2021-06-24 10:21:11,6955.0,86811
2021-06-24 10:21:12,6955.0,86811
2021-06-24 10:21:13,6955.0,86811
2021-06-24 10:21:16,6955.0,86811
2021-06-24 10:21:18,6955.0,86811
2021-06-24 10:21:19,6955.0,86811
2021-06-24 10:21:19,6955.0,86811
2021-06-24 10:21:20,6955.0,86811
2021-06-24 10:21:21,6955.0,86811
2021-06-24 10:21:22,6955.0,86811
2021-06-24 10:21:24,6955.0,86811
2021-06-24 10:21:25,6955.0,86811
2021-06-24 10:21:26,6955.0,86811
2021-06-24 10:21:27,6955.0,86811
2021-06-24 10:21:30,6955.0,86811
2021-06-24 10:21:31,6955.0,86811
2021-06-24 10:21:32,6955.0,86811
2021-06-24 10:21:33,6955.25,86819
2021-06-24 10:21:34,6955.25,86819
2021-06-24 10:21:35,6955.25,86819
2021-06-24 10:21:36,6955.25,86819
2021-06-24 10:21:37,6955.25,86819
2021-06-24 10:21:38,6955.25,86819
2021-06-24 10:21:40,6955.25,86819
2021-06-24 10:21:41,6955.25,86819
2021-06-24 10:21:42,6956.1,86830
2021-06-24 10:21:43,6955.15,86880
2021-06-24 10:21:44,6955.15,86880
2021-06-24 10:21:45,6955.25,86881
2021-06-24 10:21:47,6956.1,86885
2021-06-24 10:21:48,6956.1,86885
2021-06-24 10:21:49,6956.1,86895
2021-06-24 10:21:50,6956.1,86896
2021-06-24 10:21:51,6956.1,86896
2021-06-24 10:21:52,6956.1,86896
2021-06-24 10:21:53,6956.1,86896
2021-06-24 10:21:53,6956.1,86896
2021-06-24 10:21:54,6956.1,86896
2021-06-24 10:21:56,6956.1,86896
2021-06-24 10:21:57,6956.1,86896
2021-06-24 10:21:58,6956.15,86915
2021-06-24 10:21:59,6956.15,86915
2021-06-24 10:22:00,6956.95,86921
2021-06-24 10:22:01,6956.95,86921
2021-06-24 10:22:02,6957.0,86923
2021-06-24 10:22:03,6957.0,86930
2021-06-24 10:22:04,6957.0,86930
2021-06-24 10:22:05,6956.15,86932
2021-06-24 10:22:06,6957.0,86937
2021-06-24 10:22:08,6957.0,86937
2021-06-24 10:22:09,6957.0,86937
2021-06-24 10:22:10,6957.0,86947
2021-06-24 10:22:11,6957.0,86947
2021-06-24 10:22:12,6957.0,86948
2021-06-24 10:22:14,6957.0,86948
2021-06-24 10:22:15,6957.0,86948
2021-06-24 10:22:16,6957.0,86948
2021-06-24 10:22:17,6957.0,86948
2021-06-24 10:22:18,6957.0,86948
2021-06-24 10:22:19,6957.0,86948
2021-06-24 10:22:20,6957.0,86948
2021-06-24 10:22:20,6957.0,86948
2021-06-24 10:22:22,6957.0,86948
2021-06-24 10:22:25,6956.15,86951
2021-06-24 10:22:26,6956.95,86952
2021-06-24 10:22:27,6956.95,86962
2021-06-24 10:22:28,6956.95,86962
2021-06-24 10:22:29,6956.95,86962
2021-06-24 10:22:30,6956.95,86962
2021-06-24 10:22:31,6956.95,86962
2021-06-24 10:22:32,6956.95,86962
2021-06-24 10:22:33,6956.95,86971
2021-06-24 10:22:34,6956.95,86971
2021-06-24 10:22:35,6956.95,86971
2021-06-24 10:22:35,6956.95,86971
2021-06-24 10:22:36,6956.95,86971
2021-06-24 10:22:37,6956.95,86971
2021-06-24 10:22:39,6956.95,86971
2021-06-24 10:22:40,6956.95,86971
2021-06-24 10:22:41,6956.95,86971
2021-06-24 10:22:43,6956.95,86971
2021-06-24 10:22:44,6956.95,86971
2021-06-24 10:22:45,6956.95,86971
2021-06-24 10:22:46,6956.95,86971
2021-06-24 10:22:47,6956.95,86971
2021-06-24 10:22:48,6956.95,86971
2021-06-24 10:22:49,6957.0,86984
2021-06-24 10:22:50,6957.0,86984
2021-06-24 10:22:51,6956.95,86986
2021-06-24 10:22:52,6956.95,86992
2021-06-24 10:22:53,6956.15,87014
2021-06-24 10:22:54,6956.15,87016
2021-06-24 10:22:55,6956.15,87016
2021-06-24 10:22:56,6957.0,87020
2021-06-24 10:22:57,6957.0,87020
2021-06-24 10:22:58,6956.15,87023
2021-06-24 10:23:00,6956.15,87023
2021-06-24 10:23:01,6956.15,87023
2021-06-24 10:23:02,6956.15,87023
2021-06-24 10:23:03,6956.95,87030
2021-06-24 10:23:04,6956.95,87030
2021-06-24 10:23:05,6956.95,87030
2021-06-24 10:23:06,6956.95,87030
2021-06-24 10:23:07,6956.95,87030
2021-06-24 10:23:10,6956.95,87030
2021-06-24 10:23:11,6956.15,87056
2021-06-24 10:23:12,6956.15,87056
2021-06-24 10:23:13,6956.15,87056
2021-06-24 10:23:15,6956.15,87056
2021-06-24 10:23:16,6956.15,87056
2021-06-24 10:23:17,6956.15,87056
2021-06-24 10:23:18,6956.15,87056
2021-06-24 10:23:19,6956.15,87056
2021-06-24 10:23:20,6956.15,87056
2021-06-24 10:23:22,6956.15,87056
2021-06-24 10:23:23,6956.15,87056
2021-06-24 10:23:24,6956.15,87056
2021-06-24 10:23:25,6956.95,87069
2021-06-24 10:23:25,6956.95,87069
2021-06-24 10:23:27,6956.95,87069
2021-06-24 10:23:28,6956.95,87070
2021-06-24 10:23:29,6956.95,87070
2021-06-24 10:23:30,6956.95,87070
2021-06-24 10:23:31,6956.15,87083
2021-06-24 10:23:33,6956.15,87102
2021-06-24 10:23:34,6956.95,87110
2021-06-24 10:23:35,6956.95,87110
2021-06-24 10:23:36,6956.95,87111
2021-06-24 10:23:38,6956.95,87111
2021-06-24 10:23:41,6956.95,87111
2021-06-24 10:23:43,6956.95,87111
2021-06-24 10:23:45,6956.95,87111
2021-06-24 10:23:46,6956.15,87211
2021-06-24 10:23:46,6956.15,87211
2021-06-24 10:23:49,6956.5,87243
2021-06-24 10:23:50,6956.5,87243
2021-06-24 10:23:51,6956.5,87243
2021-06-24 10:23:52,6956.5,87243
2021-06-24 10:23:53,6956.5,87243
2021-06-24 10:23:54,6956.5,87243
2021-06-24 10:23:55,6956.15,87244
2021-06-24 10:23:55,6956.15,87255
2021-06-24 10:23:57,6956.15,87257
2021-06-24 10:23:59,6956.15,87257
2021-06-24 10:24:00,6956.1,87262
2021-06-24 10:24:02,6956.1,87267
2021-06-24 10:24:03,6956.15,87276
2021-06-24 10:24:04,6956.15,87276
2021-06-24 10:24:06,6956.15,87276
2021-06-24 10:24:07,6956.15,87276
2021-06-24 10:24:08,6956.15,87276
2021-06-24 10:24:09,6956.15,87282
2021-06-24 10:24:10,6956.15,87282
2021-06-24 10:24:12,6956.15,87282
2021-06-24 10:24:13,6956.15,87282
2021-06-24 10:24:14,6956.15,87282
2021-06-24 10:24:16,6956.15,87282
2021-06-24 10:24:17,6954.9,87341
2021-06-24 10:24:18,6955.25,87347
2021-06-24 10:24:19,6955.25,87347
2021-06-24 10:24:20,6955.25,87347
2021-06-24 10:24:24,6955.25,87347
2021-06-24 10:24:25,6955.25,87347
2021-06-24 10:24:26,6955.25,87347
2021-06-24 10:24:27,6954.25,87348
2021-06-24 10:24:28,6954.25,87348
2021-06-24 10:24:29,6954.25,87348
2021-06-24 10:24:30,6954.25,87348
2021-06-24 10:24:31,6954.25,87348
2021-06-24 10:24:32,6954.25,87360
2021-06-24 10:24:33,6954.25,87368
2021-06-24 10:24:35,6954.25,87368
2021-06-24 10:24:36,6954.25,87368
2021-06-24 10:24:37,6954.25,87368
2021-06-24 10:24:40,6954.25,87368
2021-06-24 10:24:41,6954.05,87394
2021-06-24 10:24:42,6953.55,87397
2021-06-24 10:24:43,6953.55,87397
2021-06-24 10:24:44,6953.55,87397
2021-06-24 10:24:45,6953.55,87397
2021-06-24 10:24:46,6953.55,87397
2021-06-24 10:24:47,6953.55,87397
2021-06-24 10:24:48,6950.15,87482
2021-06-24 10:24:49,6950.15,87482
2021-06-24 10:24:50,6950.15,87482
2021-06-24 10:24:51,6951.15,87487
2021-06-24 10:24:52,6951.15,87487
2021-06-24 10:24:53,6951.15,87487
2021-06-24 10:24:54,6951.15,87487
2021-06-24 10:24:55,6951.15,87487
2021-06-24 10:24:56,6951.15,87487
2021-06-24 10:24:57,6951.15,87487
2021-06-24 10:24:58,6951.15,87487
2021-06-24 10:24:59,6951.15,87487
2021-06-24 10:25:00,6951.15,87487
2021-06-24 10:25:02,6951.15,87487
2021-06-24 10:25:03,6951.9,87494
2021-06-24 10:25:04,6951.15,87497
2021-06-24 10:25:05,6951.15,87497
2021-06-24 10:25:06,6951.15,87497
2021-06-24 10:25:07,6951.15,87497
2021-06-24 10:25:09,6951.9,87499
2021-06-24 10:25:10,6951.9,87499
2021-06-24 10:25:11,6950.0,87549
2021-06-24 10:25:12,6950.0,87549
2021-06-24 10:25:13,6950.0,87549
2021-06-24 10:25:14,6950.0,87549
2021-06-24 10:25:15,6950.0,87549
2021-06-24 10:25:16,6950.0,87549
2021-06-24 10:25:18,6950.0,87549
2021-06-24 10:25:17,6950.0,87549
2021-06-24 10:25:19,6950.0,87549
2021-06-24 10:25:20,6950.0,87549
2021-06-24 10:25:21,6950.0,87549
2021-06-24 10:25:23,6951.9,87550
2021-06-24 10:25:24,6951.9,87550
2021-06-24 10:25:26,6951.9,87550
2021-06-24 10:25:27,6951.9,87555
2021-06-24 10:25:28,6950.05,87585
2021-06-24 10:25:30,6950.05,87585
2021-06-24 10:25:31,6950.05,87597
2021-06-24 10:25:33,6950.05,87600
2021-06-24 10:25:32,6950.05,87600
2021-06-24 10:25:34,6950.0,87617
2021-06-24 10:25:35,6950.0,87648
2021-06-24 10:25:36,6950.0,87658
2021-06-24 10:25:37,6950.0,87658
2021-06-24 10:25:38,6950.05,87670
2021-06-24 10:25:39,6950.05,87670
2021-06-24 10:25:40,6950.05,87674
2021-06-24 10:25:41,6949.7,87711
2021-06-24 10:25:42,6948.05,87757
2021-06-24 10:25:43,6948.0,87758
2021-06-24 10:25:44,6948.0,87758
2021-06-24 10:25:46,6949.15,87763
2021-06-24 10:25:47,6949.15,87763
2021-06-24 10:25:48,6949.1,87764
2021-06-24 10:25:49,6949.1,87764
2021-06-24 10:25:50,6949.1,87799
2021-06-24 10:25:51,6949.1,87799
2021-06-24 10:25:52,6949.1,87799
2021-06-24 10:25:53,6949.1,87799
2021-06-24 10:25:55,6949.1,87799
2021-06-24 10:25:54,6949.1,87799
2021-06-24 10:25:56,6949.1,87799
2021-06-24 10:25:57,6947.0,87800
2021-06-24 10:25:58,6947.0,87800
2021-06-24 10:25:59,6947.0,87800
2021-06-24 10:26:00,6949.1,87807
2021-06-24 10:26:02,6947.0,87817
2021-06-24 10:26:03,6949.1,87824
2021-06-24 10:26:04,6949.1,87824
2021-06-24 10:26:05,6949.1,87824
2021-06-24 10:26:06,6949.1,87824
2021-06-24 10:26:07,6949.1,87824
2021-06-24 10:26:09,6949.1,87824
2021-06-24 10:26:10,6949.1,87824
2021-06-24 10:26:11,6949.1,87824
2021-06-24 10:26:12,6949.25,87831
2021-06-24 10:26:13,6949.25,87831
2021-06-24 10:26:14,6949.25,87831
2021-06-24 10:26:15,6949.25,87831
2021-06-24 10:26:16,6949.25,87831
2021-06-24 10:26:17,6949.25,87831
2021-06-24 10:26:18,6947.1,87845
2021-06-24 10:26:19,6947.1,87845
2021-06-24 10:26:20,6947.1,87846
2021-06-24 10:26:21,6947.1,87846
2021-06-24 10:26:22,6947.1,87846
2021-06-24 10:26:23,6947.1,87846
2021-06-24 10:26:24,6948.6,87849
2021-06-24 10:26:25,6948.6,87849
2021-06-24 10:26:26,6948.6,87853
2021-06-24 10:26:27,6948.6,87853
2021-06-24 10:26:28,6948.6,87853
2021-06-24 10:26:30,6948.6,87853
2021-06-24 10:26:31,6948.6,87853
2021-06-24 10:26:33,6948.6,87853
2021-06-24 10:26:33,6948.6,87853
2021-06-24 10:26:34,6949.1,87858
2021-06-24 10:26:35,6950.9,87932
2021-06-24 10:26:36,6950.9,87932
2021-06-24 10:26:37,6947.5,87957
2021-06-24 10:26:38,6947.5,87957
2021-06-24 10:26:39,6947.0,87965
2021-06-24 10:26:41,6947.0,87965
2021-06-24 10:26:42,6947.0,87965
2021-06-24 10:26:43,6950.25,87972
2021-06-24 10:26:44,6950.25,87972
2021-06-24 10:26:45,6947.05,88016
2021-06-24 10:26:47,6947.05,88016
2021-06-24 10:26:48,6947.05,88016
2021-06-24 10:26:49,6947.05,88016
2021-06-24 10:26:50,6949.95,88027
2021-06-24 10:26:52,6949.95,88027
2021-06-24 10:26:53,6950.45,88102
2021-06-24 10:26:54,6947.1,88103
2021-06-24 10:26:55,6947.1,88103
2021-06-24 10:26:56,6947.1,88103
2021-06-24 10:26:57,6947.1,88103
2021-06-24 10:26:58,6947.1,88103
2021-06-24 10:26:59,6947.1,88103
2021-06-24 10:27:02,6947.1,88103
2021-06-24 10:27:02,6947.1,88103
2021-06-24 10:27:03,6950.0,88108
2021-06-24 10:27:04,6950.0,88108
2021-06-24 10:27:05,6950.0,88118
2021-06-24 10:27:07,6950.0,88118
2021-06-24 10:27:07,6950.0,88118
2021-06-24 10:27:08,6950.0,88118
2021-06-24 10:27:09,6950.0,88118
2021-06-24 10:27:10,6950.0,88118
2021-06-24 10:27:11,6950.0,88118
2021-06-24 10:27:12,6950.0,88118
2021-06-24 10:27:14,6950.1,88119
2021-06-24 10:27:14,6950.1,88119
2021-06-24 10:27:15,6950.1,88119
2021-06-24 10:27:16,6950.1,88119
2021-06-24 10:27:18,6950.45,88121
2021-06-24 10:27:19,6950.1,88171
2021-06-24 10:27:20,6950.1,88171
2021-06-24 10:27:21,6950.1,88171
2021-06-24 10:27:22,6950.1,88171
2021-06-24 10:27:23,6950.1,88171
2021-06-24 10:27:25,6951.0,88221
2021-06-24 10:27:25,6951.0,88221
2021-06-24 10:27:26,6951.0,88221
2021-06-24 10:27:27,6950.05,88239
2021-06-24 10:27:29,6950.05,88239
2021-06-24 10:27:30,6950.05,88239
2021-06-24 10:27:32,6948.9,88261
2021-06-24 10:27:32,6948.9,88261
2021-06-24 10:27:33,6948.9,88261
2021-06-24 10:27:34,6949.55,88269
2021-06-24 10:27:35,6949.55,88269
2021-06-24 10:27:38,6949.55,88269
2021-06-24 10:27:39,6949.55,88269
2021-06-24 10:27:41,6949.55,88269
2021-06-24 10:27:41,6949.55,88269
2021-06-24 10:27:44,6949.55,88269
2021-06-24 10:27:45,6949.55,88270
2021-06-24 10:27:47,6949.55,88271
2021-06-24 10:27:51,6949.55,88271
2021-06-24 10:27:53,6949.55,88273
2021-06-24 10:27:53,6949.55,88273
2021-06-24 10:27:54,6949.55,88273
2021-06-24 10:27:55,6947.15,88274
2021-06-24 10:27:57,6947.15,88274
2021-06-24 10:27:58,6947.15,88274
2021-06-24 10:27:58,6947.15,88274
2021-06-24 10:27:59,6947.15,88274
2021-06-24 10:28:00,6947.15,88274
2021-06-24 10:28:01,6947.15,88274
2021-06-24 10:28:02,6947.15,88274
2021-06-24 10:28:03,6949.5,88281
2021-06-24 10:28:04,6949.5,88281
2021-06-24 10:28:05,6947.15,88291
2021-06-24 10:28:07,6947.15,88291
2021-06-24 10:28:07,6947.15,88291
2021-06-24 10:28:08,6947.1,88304
2021-06-24 10:28:09,6947.1,88304
2021-06-24 10:28:10,6947.1,88304
2021-06-24 10:28:11,6947.1,88304
2021-06-24 10:28:12,6947.1,88305
2021-06-24 10:28:15,6947.1,88305
2021-06-24 10:28:16,6947.1,88305
2021-06-24 10:28:17,6947.1,88305
2021-06-24 10:28:18,6947.1,88305
2021-06-24 10:28:20,6948.95,88320
2021-06-24 10:28:20,6947.1,88346
2021-06-24 10:28:21,6947.1,88346
2021-06-24 10:28:22,6947.1,88346
2021-06-24 10:28:23,6949.0,88351
2021-06-24 10:28:25,6949.0,88351
2021-06-24 10:28:28,6949.0,88351
2021-06-24 10:28:28,6949.0,88351
2021-06-24 10:28:29,6947.1,88357
2021-06-24 10:28:31,6947.1,88357
2021-06-24 10:28:32,6947.1,88357
2021-06-24 10:28:32,6947.1,88375
2021-06-24 10:28:33,6948.5,88385
2021-06-24 10:28:34,6947.0,88390
2021-06-24 10:28:35,6947.0,88391
2021-06-24 10:28:37,6947.0,88391
2021-06-24 10:28:37,6947.0,88391
2021-06-24 10:28:39,6947.0,88391
2021-06-24 10:28:40,6947.0,88405
2021-06-24 10:28:40,6947.0,88415
2021-06-24 10:28:41,6947.0,88415
2021-06-24 10:28:42,6947.0,88417
2021-06-24 10:28:43,6947.0,88417
2021-06-24 10:28:44,6947.0,88417
2021-06-24 10:28:45,6947.0,88436
2021-06-24 10:28:47,6947.0,88436
2021-06-24 10:28:48,6947.0,88441
2021-06-24 10:28:48,6947.0,88441
2021-06-24 10:28:49,6947.0,88441
2021-06-24 10:28:50,6947.0,88441
2021-06-24 10:28:51,6947.0,88441
2021-06-24 10:28:53,6947.0,88441
2021-06-24 10:28:55,6947.0,88541
2021-06-24 10:28:56,6947.0,88541
2021-06-24 10:28:56,6947.0,88541
2021-06-24 10:28:57,6947.0,88541
2021-06-24 10:28:58,6947.35,88551
2021-06-24 10:29:01,6947.35,88551
2021-06-24 10:29:01,6947.35,88551
2021-06-24 10:29:02,6947.35,88551
2021-06-24 10:29:04,6947.35,88558
2021-06-24 10:29:05,6947.35,88558
2021-06-24 10:29:05,6947.35,88558
2021-06-24 10:29:06,6947.35,88558
2021-06-24 10:29:07,6947.35,88558
2021-06-24 10:29:08,6947.35,88558
2021-06-24 10:29:10,6947.35,88558
2021-06-24 10:29:11,6947.0,88578
2021-06-24 10:29:12,6947.0,88578
2021-06-24 10:29:12,6947.0,88578
2021-06-24 10:29:14,6947.0,88578
2021-06-24 10:29:15,6946.95,88588
2021-06-24 10:29:16,6946.95,88588
2021-06-24 10:29:18,6946.95,88588
2021-06-24 10:29:19,6945.45,88605
2021-06-24 10:29:19,6945.45,88605
2021-06-24 10:29:21,6945.15,88616
2021-06-24 10:29:24,6945.15,88616
2021-06-24 10:29:25,6945.1,88617
2021-06-24 10:29:25,6945.1,88617
2021-06-24 10:29:26,6945.0,88681
2021-06-24 10:29:27,6945.0,88690
2021-06-24 10:29:28,6945.0,88690
2021-06-24 10:29:31,6945.05,88715
2021-06-24 10:29:32,6945.0,88718
2021-06-24 10:29:33,6942.35,89310
2021-06-24 10:29:34,6944.95,89318
2021-06-24 10:29:35,6942.35,89403
2021-06-24 10:29:37,6942.35,89440
2021-06-24 10:29:38,6942.35,89448
2021-06-24 10:29:38,6942.35,89469
2021-06-24 10:29:39,6942.35,89537
2021-06-24 10:29:40,6942.0,89637
2021-06-24 10:29:41,6942.0,89647
2021-06-24 10:29:43,6942.35,89656
2021-06-24 10:29:44,6942.35,89666
2021-06-24 10:29:44,6942.35,89666
2021-06-24 10:29:45,6942.35,89666
2021-06-24 10:29:47,6942.35,89666
2021-06-24 10:29:48,6942.0,89692
