timestamp,ltp,volume
2021-06-24 09:34:38,542.8,856844
2021-06-24 09:34:39,542.8,856932
2021-06-24 09:34:41,542.75,856934
2021-06-24 09:34:41,542.8,857185
2021-06-24 09:34:43,542.8,857375
2021-06-24 09:34:43,542.8,857375
2021-06-24 09:34:44,542.8,857775
2021-06-24 09:34:45,542.8,857810
2021-06-24 09:34:46,542.8,858226
2021-06-24 09:34:47,543.0,858531
2021-06-24 09:34:48,542.85,858821
2021-06-24 09:34:49,542.95,858856
2021-06-24 09:34:51,542.95,858856
2021-06-24 09:34:52,542.95,858880
2021-06-24 09:34:53,542.95,859081
2021-06-24 09:34:54,543.0,859729
2021-06-24 09:34:54,543.0,859729
2021-06-24 09:34:55,543.0,859729
2021-06-24 09:34:56,543.0,861389
2021-06-24 09:34:57,543.0,861746
2021-06-24 09:34:58,543.15,862623
2021-06-24 09:35:00,543.35,864066
2021-06-24 09:35:01,543.3,864076
2021-06-24 09:35:02,543.3,864179
2021-06-24 09:35:03,543.3,864179
2021-06-24 09:35:04,543.15,864399
2021-06-24 09:35:05,543.15,866106
2021-06-24 09:35:06,543.3,866301
2021-06-24 09:35:07,543.15,866322
2021-06-24 09:35:08,543.15,866629
2021-06-24 09:35:09,543.15,866660
2021-06-24 09:35:10,543.3,866713
2021-06-24 09:35:11,543.3,866763
2021-06-24 09:35:13,543.3,867006
2021-06-24 09:35:14,543.65,880862
2021-06-24 09:35:15,543.65,880994
2021-06-24 09:35:15,543.65,881108
2021-06-24 09:35:17,543.65,882469
2021-06-24 09:35:18,543.65,883452
2021-06-24 09:35:19,543.65,883666
2021-06-24 09:35:20,543.8,884696
2021-06-24 09:35:21,543.7,884701
2021-06-24 09:35:22,543.7,884701
2021-06-24 09:35:23,543.75,884913
2021-06-24 09:35:24,543.8,886318
2021-06-24 09:35:25,543.65,886330
2021-06-24 09:35:26,543.65,886867
2021-06-24 09:35:27,543.7,887412
2021-06-24 09:35:28,543.75,887512
2021-06-24 09:35:29,543.75,887572
2021-06-24 09:35:30,543.75,887583
2021-06-24 09:35:31,543.75,888293
2021-06-24 09:35:32,543.75,888298
2021-06-24 09:35:33,543.95,890658
2021-06-24 09:35:34,543.95,890760
2021-06-24 09:35:35,543.85,890795
2021-06-24 09:35:36,543.85,890882
2021-06-24 09:35:37,543.95,891050
2021-06-24 09:35:38,543.95,891105
2021-06-24 09:35:39,543.95,891207
2021-06-24 09:35:40,544.0,891842
2021-06-24 09:35:41,543.95,892044
2021-06-24 09:35:42,544.0,892410
2021-06-24 09:35:43,544.0,893440
2021-06-24 09:35:43,544.0,893440
2021-06-24 09:35:45,543.95,894634
2021-06-24 09:35:46,543.9,895469
2021-06-24 09:35:47,543.95,895557
2021-06-24 09:35:48,544.0,895607
2021-06-24 09:35:49,544.0,896514
2021-06-24 09:35:50,543.95,896529
2021-06-24 09:35:52,543.9,897568
2021-06-24 09:35:53,544.0,897659
2021-06-24 09:35:55,543.95,898132
2021-06-24 09:35:56,543.95,898142
2021-06-24 09:35:57,543.75,898949
2021-06-24 09:35:58,543.85,899583
2021-06-24 09:35:59,544.0,900646
2021-06-24 09:36:00,543.95,900799
2021-06-24 09:36:02,544.0,901144
2021-06-24 09:36:03,544.0,901309
2021-06-24 09:36:04,543.95,901441
2021-06-24 09:36:05,543.95,901466
2021-06-24 09:36:06,543.95,901534
2021-06-24 09:36:06,543.95,901555
2021-06-24 09:36:07,544.0,901573
2021-06-24 09:36:09,544.0,902003
2021-06-24 09:36:10,543.95,902370
2021-06-24 09:36:11,543.95,903503
2021-06-24 09:36:12,543.95,903605
2021-06-24 09:36:13,543.95,903640
2021-06-24 09:36:14,544.0,904979
2021-06-24 09:36:15,544.0,905112
2021-06-24 09:36:16,543.9,905870
2021-06-24 09:36:17,543.8,906615
2021-06-24 09:36:18,543.8,906726
2021-06-24 09:36:19,543.65,906735
2021-06-24 09:36:20,543.65,906742
2021-06-24 09:36:21,543.55,906752
2021-06-24 09:36:22,543.75,907224
2021-06-24 09:36:23,543.55,907250
2021-06-24 09:36:24,543.8,907435
2021-06-24 09:36:25,543.7,907656
2021-06-24 09:36:26,543.5,907686
2021-06-24 09:36:27,543.5,907819
2021-06-24 09:36:27,543.5,907832
2021-06-24 09:36:28,543.7,907898
2021-06-24 09:36:29,543.5,908841
2021-06-24 09:36:31,543.55,909532
2021-06-24 09:36:33,543.55,910050
2021-06-24 09:36:34,543.55,910572
2021-06-24 09:36:35,543.7,910755
2021-06-24 09:36:36,543.7,910770
2021-06-24 09:36:37,543.55,911365
2021-06-24 09:36:38,543.75,911429
2021-06-24 09:36:39,543.75,913449
2021-06-24 09:36:40,543.7,913469
2021-06-24 09:36:41,543.7,913534
2021-06-24 09:36:42,543.75,913615
2021-06-24 09:36:43,543.75,913715
2021-06-24 09:36:44,543.7,913758
2021-06-24 09:36:44,543.7,913755
2021-06-24 09:36:46,543.7,913918
2021-06-24 09:36:47,543.7,913918
2021-06-24 09:36:48,543.75,914018
2021-06-24 09:36:48,543.7,914123
2021-06-24 09:36:49,543.55,914191
2021-06-24 09:36:50,543.55,914243
2021-06-24 09:36:51,543.65,914319
2021-06-24 09:36:53,543.65,914350
2021-06-24 09:36:54,543.7,915279
2021-06-24 09:36:55,543.55,915379
2021-06-24 09:36:56,543.5,917142
2021-06-24 09:36:57,543.5,917205
2021-06-24 09:36:57,543.5,917205
2021-06-24 09:36:58,543.4,917322
2021-06-24 09:36:59,543.4,917539
2021-06-24 09:37:00,543.4,917560
2021-06-24 09:37:01,543.5,917574
2021-06-24 09:37:02,543.55,917583
2021-06-24 09:37:03,543.55,917658
2021-06-24 09:37:05,543.5,917728
2021-06-24 09:37:06,543.55,917755
2021-06-24 09:37:07,543.55,917769
2021-06-24 09:37:08,543.5,917900
2021-06-24 09:37:09,543.5,918740
2021-06-24 09:37:10,543.65,918832
2021-06-24 09:37:12,543.25,919768
2021-06-24 09:37:13,543.25,920070
2021-06-24 09:37:13,543.5,920103
2021-06-24 09:37:15,543.5,920103
2021-06-24 09:37:16,543.45,920383
2021-06-24 09:37:17,543.3,920443
2021-06-24 09:37:18,543.25,920444
2021-06-24 09:37:19,543.35,920451
2021-06-24 09:37:19,543.35,920451
2021-06-24 09:37:20,543.35,920452
2021-06-24 09:37:21,543.4,920502
2021-06-24 09:37:23,543.3,920548
2021-06-24 09:37:23,543.3,920552
2021-06-24 09:37:25,543.3,920801
2021-06-24 09:37:26,543.3,920814
2021-06-24 09:37:28,543.3,920817
2021-06-24 09:37:28,543.3,920817
2021-06-24 09:37:29,543.3,920820
2021-06-24 09:37:30,543.3,920822
2021-06-24 09:37:31,543.5,920854
2021-06-24 09:37:33,543.3,920936
2021-06-24 09:37:34,543.3,920975
2021-06-24 09:37:35,543.3,920984
2021-06-24 09:37:36,543.5,921305
2021-06-24 09:37:37,543.5,921309
2021-06-24 09:37:37,543.35,921310
2021-06-24 09:37:38,543.35,921516
2021-06-24 09:37:39,543.35,921836
2021-06-24 09:37:41,543.5,922048
2021-06-24 09:37:42,543.45,922158
2021-06-24 09:37:43,543.4,922193
2021-06-24 09:37:45,543.4,922610
2021-06-24 09:37:46,543.4,923109
2021-06-24 09:37:47,543.4,923281
2021-06-24 09:37:49,543.4,923393
2021-06-24 09:37:50,543.45,923449
2021-06-24 09:37:51,543.4,923481
2021-06-24 09:37:52,543.5,924046
2021-06-24 09:37:54,543.5,924054
2021-06-24 09:37:55,543.5,924055
2021-06-24 09:37:55,543.5,924055
2021-06-24 09:37:57,543.4,924284
2021-06-24 09:37:57,543.4,924307
2021-06-24 09:37:58,543.5,924310
2021-06-24 09:37:59,543.4,924575
2021-06-24 09:38:00,543.5,924904
2021-06-24 09:38:02,543.5,925256
2021-06-24 09:38:03,543.5,925256
2021-06-24 09:38:04,543.5,925650
2021-06-24 09:38:05,543.4,925837
2021-06-24 09:38:06,543.5,926036
2021-06-24 09:38:07,543.4,926102
2021-06-24 09:38:08,543.4,926125
2021-06-24 09:38:09,543.4,926473
2021-06-24 09:38:11,543.5,929681
2021-06-24 09:38:11,543.5,929681
2021-06-24 09:38:12,543.5,929816
2021-06-24 09:38:13,543.5,929851
2021-06-24 09:38:15,543.5,929856
2021-06-24 09:38:16,543.4,930256
2021-06-24 09:38:17,543.5,930333
2021-06-24 09:38:18,543.5,930663
2021-06-24 09:38:19,543.45,930767
2021-06-24 09:38:21,543.5,930801
2021-06-24 09:38:22,543.5,931101
2021-06-24 09:38:23,543.5,931111
2021-06-24 09:38:25,543.45,931274
2021-06-24 09:38:26,543.45,931597
2021-06-24 09:38:27,543.45,931669
2021-06-24 09:38:29,543.55,932514
2021-06-24 09:38:30,543.65,932640
2021-06-24 09:38:31,543.75,933081
2021-06-24 09:38:32,543.75,933083
2021-06-24 09:38:33,543.75,933083
2021-06-24 09:38:35,543.6,933483
2021-06-24 09:38:36,543.6,933524
2021-06-24 09:38:37,543.6,933525
2021-06-24 09:38:38,543.75,933550
2021-06-24 09:38:38,543.75,933550
2021-06-24 09:38:39,543.75,933552
2021-06-24 09:38:40,543.75,933683
2021-06-24 09:38:42,543.75,933688
2021-06-24 09:38:43,543.75,933719
2021-06-24 09:38:44,543.75,933731
2021-06-24 09:38:44,543.6,934736
2021-06-24 09:38:45,543.6,934841
2021-06-24 09:38:47,543.75,934852
2021-06-24 09:38:47,543.75,934853
2021-06-24 09:38:49,543.75,934989
2021-06-24 09:38:50,543.75,935028
2021-06-24 09:38:51,543.75,935036
2021-06-24 09:38:52,543.75,935409
2021-06-24 09:38:53,543.75,935526
2021-06-24 09:38:55,544.0,935985
2021-06-24 09:38:57,544.0,936273
2021-06-24 09:38:58,544.0,936323
2021-06-24 09:38:59,544.0,936428
2021-06-24 09:39:00,544.0,936940
2021-06-24 09:39:01,544.0,937125
2021-06-24 09:39:02,544.0,937225
2021-06-24 09:39:03,543.95,938831
2021-06-24 09:39:04,543.95,938833
2021-06-24 09:39:05,543.95,938848
2021-06-24 09:39:06,543.95,938948
2021-06-24 09:39:07,543.9,939092
2021-06-24 09:39:08,543.95,939111
2021-06-24 09:39:09,543.9,939181
2021-06-24 09:39:09,543.9,939262
2021-06-24 09:39:10,543.95,939275
2021-06-24 09:39:11,543.9,939789
2021-06-24 09:39:12,543.95,940498
2021-06-24 09:39:13,543.95,940583
2021-06-24 09:39:14,544.0,941054
2021-06-24 09:39:15,544.0,941134
2021-06-24 09:39:17,543.9,941689
2021-06-24 09:39:18,543.9,942446
2021-06-24 09:39:19,543.95,942543
2021-06-24 09:39:21,543.9,945178
2021-06-24 09:39:22,543.75,945686
2021-06-24 09:39:23,543.8,946861
2021-06-24 09:39:24,543.8,947384
2021-06-24 09:39:25,543.8,947389
2021-06-24 09:39:26,543.6,947396
2021-06-24 09:39:28,543.8,947451
2021-06-24 09:39:29,543.8,947451
2021-06-24 09:39:29,543.75,947476
2021-06-24 09:39:30,543.85,948031
2021-06-24 09:39:32,543.9,949186
2021-06-24 09:39:32,543.9,949091
2021-06-24 09:39:33,543.9,949197
2021-06-24 09:39:34,543.8,949211
2021-06-24 09:39:35,543.9,949223
2021-06-24 09:39:36,543.95,949757
2021-06-24 09:39:38,543.95,949767
2021-06-24 09:39:39,543.9,949798
2021-06-24 09:39:40,543.95,949808
2021-06-24 09:39:41,543.95,949813
2021-06-24 09:39:42,543.95,949952
2021-06-24 09:39:43,543.95,950056
2021-06-24 09:39:44,543.95,950059
2021-06-24 09:39:45,543.95,950184
2021-06-24 09:39:46,543.95,950237
2021-06-24 09:39:46,543.95,950237
2021-06-24 09:39:48,543.95,950323
2021-06-24 09:39:49,543.95,950443
2021-06-24 09:39:50,543.95,950593
2021-06-24 09:39:51,543.8,951041
2021-06-24 09:39:52,543.8,951122
2021-06-24 09:39:53,543.95,951431
2021-06-24 09:39:54,543.8,951432
2021-06-24 09:39:55,543.8,951734
2021-06-24 09:39:57,543.8,951805
2021-06-24 09:39:58,543.95,951865
2021-06-24 09:39:59,543.85,951880
2021-06-24 09:40:00,543.95,951890
2021-06-24 09:40:01,543.85,951924
2021-06-24 09:40:02,543.95,952146
2021-06-24 09:40:03,543.95,953167
2021-06-24 09:40:04,543.95,953977
2021-06-24 09:40:05,543.95,954078
2021-06-24 09:40:06,543.7,956205
2021-06-24 09:40:07,543.7,956291
2021-06-24 09:40:07,543.7,956291
2021-06-24 09:40:08,543.6,958810
2021-06-24 09:40:10,543.6,958810
2021-06-24 09:40:11,543.5,959160
2021-06-24 09:40:12,543.6,959196
2021-06-24 09:40:13,543.6,959321
2021-06-24 09:40:14,543.6,959374
2021-06-24 09:40:15,543.5,959378
2021-06-24 09:40:16,543.6,959515
2021-06-24 09:40:16,543.6,959516
2021-06-24 09:40:17,543.55,959597
2021-06-24 09:40:18,543.55,959707
2021-06-24 09:40:20,543.6,960233
2021-06-24 09:40:21,543.55,960259
2021-06-24 09:40:22,543.4,962305
2021-06-24 09:40:23,543.3,964425
2021-06-24 09:40:24,543.4,964724
2021-06-24 09:40:25,543.4,964727
2021-06-24 09:40:26,543.4,964770
2021-06-24 09:40:27,543.4,964820
2021-06-24 09:40:28,543.4,964922
2021-06-24 09:40:28,543.4,964922
2021-06-24 09:40:30,543.3,965076
2021-06-24 09:40:31,543.35,970262
2021-06-24 09:40:32,543.1,970476
2021-06-24 09:40:33,543.35,971492
2021-06-24 09:40:33,543.35,971492
2021-06-24 09:40:35,543.1,971868
2021-06-24 09:40:35,543.05,972169
2021-06-24 09:40:37,543.1,972465
2021-06-24 09:40:38,543.05,977845
2021-06-24 09:40:39,543.0,978097
2021-06-24 09:40:40,542.85,978112
2021-06-24 09:40:40,543.05,978201
2021-06-24 09:40:42,543.05,978246
2021-06-24 09:40:43,542.8,979383
2021-06-24 09:40:44,542.8,979496
2021-06-24 09:40:45,542.8,979646
2021-06-24 09:40:46,542.8,979847
2021-06-24 09:40:47,542.8,979847
2021-06-24 09:40:48,542.8,979951
2021-06-24 09:40:49,542.75,980053
2021-06-24 09:40:50,542.95,980176
2021-06-24 09:40:51,542.95,980191
2021-06-24 09:40:52,542.95,980241
2021-06-24 09:40:53,542.9,980251
2021-06-24 09:40:54,542.9,980619
2021-06-24 09:40:55,542.9,980619
2021-06-24 09:40:56,542.8,980651
2021-06-24 09:40:57,542.9,980719
2021-06-24 09:40:58,542.9,980776
2021-06-24 09:40:58,542.9,981476
2021-06-24 09:41:01,542.9,981601
2021-06-24 09:41:01,542.9,981616
2021-06-24 09:41:03,542.9,981616
2021-06-24 09:41:04,542.9,981642
2021-06-24 09:41:05,542.9,981654
2021-06-24 09:41:06,542.9,981698
2021-06-24 09:41:07,542.9,981801
2021-06-24 09:41:08,543.0,982897
2021-06-24 09:41:11,543.0,985099
2021-06-24 09:41:13,542.95,985159
2021-06-24 09:41:14,542.95,985193
2021-06-24 09:41:15,542.95,985230
2021-06-24 09:41:16,542.95,985233
2021-06-24 09:41:17,542.95,985309
2021-06-24 09:41:18,542.9,985416
2021-06-24 09:41:19,542.95,985437
2021-06-24 09:41:20,542.95,985505
2021-06-24 09:41:21,542.9,985605
2021-06-24 09:41:22,542.9,985675
2021-06-24 09:41:23,542.9,986006
2021-06-24 09:41:24,542.9,986040
2021-06-24 09:41:25,542.95,986070
2021-06-24 09:41:26,542.95,986070
2021-06-24 09:41:27,542.9,986082
2021-06-24 09:41:28,542.9,987330
2021-06-24 09:41:29,542.9,987361
2021-06-24 09:41:30,542.9,987373
2021-06-24 09:41:31,542.9,987373
2021-06-24 09:41:32,542.9,987373
2021-06-24 09:41:33,542.9,988333
2021-06-24 09:41:34,543.0,996763
2021-06-24 09:41:35,543.0,997805
2021-06-24 09:41:36,543.0,997805
2021-06-24 09:41:37,543.0,997805
2021-06-24 09:41:38,542.9,998320
2021-06-24 09:41:40,542.9,998477
2021-06-24 09:41:41,543.0,998500
2021-06-24 09:41:42,543.0,998505
2021-06-24 09:41:44,543.0,998524
2021-06-24 09:41:45,543.0,998563
2021-06-24 09:41:46,543.15,998665
2021-06-24 09:41:47,543.2,999165
2021-06-24 09:41:48,542.9,999185
2021-06-24 09:41:49,543.2,999210
2021-06-24 09:41:50,543.2,999210
2021-06-24 09:41:51,543.2,999260
2021-06-24 09:41:52,543.2,999260
2021-06-24 09:41:53,543.2,999404
2021-06-24 09:41:54,543.0,999432
2021-06-24 09:41:55,543.2,999449
2021-06-24 09:41:56,542.95,999549
2021-06-24 09:41:57,543.2,999632
2021-06-24 09:41:58,543.2,999966
2021-06-24 09:42:00,543.2,1000228
2021-06-24 09:42:01,543.2,1000228
2021-06-24 09:42:02,543.1,1000334
2021-06-24 09:42:03,543.2,1000345
2021-06-24 09:42:04,543.2,1000365
2021-06-24 09:42:05,543.1,1000865
2021-06-24 09:42:06,543.15,1000937
2021-06-24 09:42:07,543.2,1001003
2021-06-24 09:42:08,543.35,1001433
2021-06-24 09:42:09,543.35,1001449
2021-06-24 09:42:10,543.35,1001449
2021-06-24 09:42:11,543.55,1002103
2021-06-24 09:42:12,543.55,1002103
2021-06-24 09:42:13,543.6,1002170
2021-06-24 09:42:14,543.6,1002282
2021-06-24 09:42:16,543.7,1002538
2021-06-24 09:42:17,543.45,1002649
2021-06-24 09:42:18,543.65,1002960
2021-06-24 09:42:19,543.65,1002960
2021-06-24 09:42:20,543.45,1003254
2021-06-24 09:42:21,543.6,1003393
2021-06-24 09:42:23,543.7,1003493
2021-06-24 09:42:22,543.7,1003493
2021-06-24 09:42:24,543.7,1003520
2021-06-24 09:42:25,543.7,1003520
2021-06-24 09:42:26,543.7,1003520
2021-06-24 09:42:27,543.7,1003661
2021-06-24 09:42:28,543.65,1003686
2021-06-24 09:42:29,543.65,1003689
2021-06-24 09:42:30,543.7,1004034
2021-06-24 09:42:31,543.7,1004272
2021-06-24 09:42:32,543.7,1004272
2021-06-24 09:42:33,543.7,1004342
2021-06-24 09:42:34,543.7,1004372
2021-06-24 09:42:35,543.75,1005709
2021-06-24 09:42:36,543.75,1007331
2021-06-24 09:42:37,543.7,1007612
2021-06-24 09:42:38,543.75,1007936
2021-06-24 09:42:39,543.75,1008038
2021-06-24 09:42:40,543.7,1008071
2021-06-24 09:42:41,543.7,1008109
2021-06-24 09:42:42,543.9,1009156
2021-06-24 09:42:43,543.9,1009169
2021-06-24 09:42:44,543.9,1009282
2021-06-24 09:42:45,543.9,1009830
2021-06-24 09:42:46,543.85,1009980
2021-06-24 09:42:49,543.85,1010040
2021-06-24 09:42:50,543.8,1010061
2021-06-24 09:42:51,543.8,1010114
2021-06-24 09:42:53,543.8,1010752
2021-06-24 09:42:54,543.8,1010752
2021-06-24 09:42:55,543.8,1011527
2021-06-24 09:42:56,543.8,1011627
2021-06-24 09:42:58,543.7,1011843
2021-06-24 09:42:59,543.8,1011872
2021-06-24 09:43:00,543.8,1011872
2021-06-24 09:43:01,543.8,1012031
2021-06-24 09:43:02,543.8,1012031
2021-06-24 09:43:03,543.8,1012075
2021-06-24 09:43:04,543.65,1012106
2021-06-24 09:43:05,543.65,1012109
2021-06-24 09:43:06,543.9,1012621
2021-06-24 09:43:07,543.65,1013122
2021-06-24 09:43:08,543.85,1013182
2021-06-24 09:43:09,543.85,1013182
2021-06-24 09:43:10,543.65,1014587
2021-06-24 09:43:11,543.8,1015791
2021-06-24 09:43:13,543.7,1016169
2021-06-24 09:43:14,543.7,1016203
2021-06-24 09:43:15,543.8,1016229
2021-06-24 09:43:17,543.8,1016304
2021-06-24 09:43:18,543.8,1016418
2021-06-24 09:43:19,543.8,1016538
2021-06-24 09:43:20,543.9,1016602
2021-06-24 09:43:21,543.95,1016762
2021-06-24 09:43:22,543.95,1016878
2021-06-24 09:43:23,543.95,1017190
2021-06-24 09:43:24,543.95,1017194
2021-06-24 09:43:25,543.95,1017194
2021-06-24 09:43:26,543.8,1017735
2021-06-24 09:43:27,543.8,1017740
2021-06-24 09:43:28,543.7,1018080
2021-06-24 09:43:29,543.8,1018134
2021-06-24 09:43:30,543.85,1018666
2021-06-24 09:43:31,543.85,1019186
2021-06-24 09:43:32,543.8,1020004
2021-06-24 09:43:33,543.8,1020151
2021-06-24 09:43:34,543.8,1020165
2021-06-24 09:43:35,543.8,1020718
2021-06-24 09:43:36,543.8,1020785
2021-06-24 09:43:37,543.8,1020906
2021-06-24 09:43:38,543.7,1021036
2021-06-24 09:43:39,543.8,1021073
2021-06-24 09:43:40,543.9,1021118
2021-06-24 09:43:41,543.9,1021241
2021-06-24 09:43:42,543.7,1021261
2021-06-24 09:43:43,543.9,1021273
2021-06-24 09:43:44,543.9,1021273
2021-06-24 09:43:45,543.9,1021273
2021-06-24 09:43:46,543.7,1021377
2021-06-24 09:43:47,543.8,1021388
2021-06-24 09:43:48,543.75,1021445
2021-06-24 09:43:53,543.9,1022592
2021-06-24 09:43:54,543.9,1022623
2021-06-24 09:43:55,543.8,1022631
2021-06-24 09:43:56,543.8,1022910
2021-06-24 09:43:57,543.8,1022910
2021-06-24 09:43:59,543.75,1022921
2021-06-24 09:44:00,543.8,1022927
2021-06-24 09:44:00,543.8,1022927
2021-06-24 09:44:02,543.8,1022927
2021-06-24 09:44:03,543.8,1022927
2021-06-24 09:44:03,543.8,1022927
2021-06-24 09:44:04,543.9,1023033
2021-06-24 09:44:05,543.75,1023055
2021-06-24 09:44:06,543.9,1023059
2021-06-24 09:44:07,543.8,1023084
2021-06-24 09:44:08,543.8,1023199
2021-06-24 09:44:09,543.85,1023517
2021-06-24 09:44:10,543.8,1024352
2021-06-24 09:44:13,543.8,1024378
2021-06-24 09:44:14,543.9,1025681
2021-06-24 09:44:15,543.9,1025831
2021-06-24 09:44:16,543.9,1025867
2021-06-24 09:44:17,543.9,1025932
2021-06-24 09:44:18,543.9,1025945
2021-06-24 09:44:19,543.8,1026006
2021-06-24 09:44:20,543.9,1026037
2021-06-24 09:44:22,543.8,1027366
2021-06-24 09:44:23,543.8,1027366
2021-06-24 09:44:24,543.8,1027441
2021-06-24 09:44:25,543.75,1027467
2021-06-24 09:44:26,543.75,1027977
2021-06-24 09:44:27,543.75,1029689
2021-06-24 09:44:28,543.75,1030199
2021-06-24 09:44:29,543.5,1030344
2021-06-24 09:44:30,543.75,1030377
2021-06-24 09:44:31,543.5,1030382
2021-06-24 09:44:32,543.75,1030438
2021-06-24 09:44:33,543.5,1030562
2021-06-24 09:44:35,543.7,1030677
2021-06-24 09:44:35,543.5,1030682
2021-06-24 09:44:36,543.25,1032353
2021-06-24 09:44:37,543.25,1032488
2021-06-24 09:44:39,542.8,1040641
2021-06-24 09:44:40,542.75,1042902
2021-06-24 09:44:41,542.8,1043159
2021-06-24 09:44:42,542.7,1043326
2021-06-24 09:44:43,542.7,1043789
2021-06-24 09:44:44,542.7,1043835
2021-06-24 09:44:45,542.7,1043842
2021-06-24 09:44:47,542.85,1043927
2021-06-24 09:44:48,542.8,1044160
2021-06-24 09:44:49,542.9,1044393
2021-06-24 09:44:50,542.9,1045458
2021-06-24 09:44:52,542.7,1045505
2021-06-24 09:44:52,542.7,1045506
2021-06-24 09:44:54,542.65,1045544
2021-06-24 09:44:55,542.85,1045755
2021-06-24 09:44:56,542.6,1046229
2021-06-24 09:44:57,542.65,1046421
2021-06-24 09:44:58,543.0,1046585
2021-06-24 09:44:59,543.0,1046588
2021-06-24 09:45:00,543.0,1046685
2021-06-24 09:45:01,543.0,1047188
2021-06-24 09:45:02,543.0,1047188
2021-06-24 09:45:03,542.8,1047519
2021-06-24 09:45:04,542.8,1047552
2021-06-24 09:45:05,542.9,1047585
2021-06-24 09:45:06,543.0,1048035
2021-06-24 09:45:07,542.85,1048045
2021-06-24 09:45:08,543.0,1048063
2021-06-24 09:45:09,543.0,1048064
2021-06-24 09:45:10,543.0,1048064
2021-06-24 09:45:11,543.0,1048064
2021-06-24 09:45:12,543.0,1048074
2021-06-24 09:45:13,543.0,1048074
2021-06-24 09:45:15,543.0,1048281
2021-06-24 09:45:15,543.0,1048241
2021-06-24 09:45:16,543.2,1048676
2021-06-24 09:45:17,543.35,1048926
2021-06-24 09:45:18,543.35,1049016
2021-06-24 09:45:19,543.35,1049120
2021-06-24 09:45:20,543.35,1049120
2021-06-24 09:45:21,543.3,1049145
2021-06-24 09:45:22,543.3,1049145
2021-06-24 09:45:23,543.3,1049145
2021-06-24 09:45:24,543.45,1049245
2021-06-24 09:45:26,543.35,1049256
2021-06-24 09:45:27,543.35,1049257
2021-06-24 09:45:27,543.35,1049657
2021-06-24 09:45:29,543.45,1051807
2021-06-24 09:45:30,543.4,1051833
2021-06-24 09:45:32,543.45,1052013
2021-06-24 09:45:32,543.45,1052013
2021-06-24 09:45:34,543.35,1052057
2021-06-24 09:45:34,543.4,1052072
2021-06-24 09:45:36,543.4,1052108
2021-06-24 09:45:36,543.4,1052108
2021-06-24 09:45:38,543.45,1052178
2021-06-24 09:45:39,543.4,1052189
2021-06-24 09:45:40,543.45,1052385
2021-06-24 09:45:41,543.45,1052385
2021-06-24 09:45:42,543.45,1052401
2021-06-24 09:45:43,543.45,1052511
2021-06-24 09:45:44,543.4,1052593
2021-06-24 09:45:45,543.45,1052631
2021-06-24 09:45:47,543.5,1052882
2021-06-24 09:45:47,543.5,1052882
2021-06-24 09:45:48,543.45,1052887
2021-06-24 09:45:49,543.45,1052896
2021-06-24 09:45:50,543.5,1052925
2021-06-24 09:45:51,543.5,1052925
2021-06-24 09:45:52,543.5,1052925
2021-06-24 09:45:53,543.45,1053033
2021-06-24 09:45:54,543.5,1053144
2021-06-24 09:45:55,543.5,1053422
2021-06-24 09:45:56,543.5,1053622
2021-06-24 09:45:57,543.5,1053642
2021-06-24 09:45:58,543.45,1053982
2021-06-24 09:45:59,543.5,1054036
2021-06-24 09:46:00,543.45,1054092
2021-06-24 09:46:01,543.45,1054322
2021-06-24 09:46:03,543.5,1054405
2021-06-24 09:46:04,543.5,1054458
2021-06-24 09:46:05,543.45,1057007
2021-06-24 09:46:06,543.45,1057262
2021-06-24 09:46:07,543.6,1058052
2021-06-24 09:46:08,543.6,1058133
2021-06-24 09:46:09,543.5,1058855
2021-06-24 09:46:10,543.5,1059274
2021-06-24 09:46:12,543.5,1059324
2021-06-24 09:46:12,543.5,1059329
2021-06-24 09:46:14,543.6,1059340
2021-06-24 09:46:15,543.5,1059346
2021-06-24 09:46:16,543.5,1059373
2021-06-24 09:46:16,543.5,1059373
2021-06-24 09:46:17,543.5,1059436
2021-06-24 09:46:18,543.5,1060373
2021-06-24 09:46:19,543.5,1060573
2021-06-24 09:46:20,543.45,1060741
2021-06-24 09:46:21,543.45,1060741
2021-06-24 09:46:22,543.4,1060835
2021-06-24 09:46:23,543.4,1060844
2021-06-24 09:46:25,543.45,1060880
2021-06-24 09:46:25,543.45,1060885
2021-06-24 09:46:26,543.45,1060886
2021-06-24 09:46:27,543.45,1060891
2021-06-24 09:46:28,543.4,1060900
2021-06-24 09:46:29,543.4,1061038
2021-06-24 09:46:31,543.4,1061610
2021-06-24 09:46:32,543.4,1061675
2021-06-24 09:46:33,543.45,1061804
2021-06-24 09:46:34,543.4,1061835
2021-06-24 09:46:35,543.4,1061963
2021-06-24 09:46:36,543.4,1061976
2021-06-24 09:46:37,543.45,1061997
2021-06-24 09:46:38,543.4,1062142
2021-06-24 09:46:40,543.5,1062240
2021-06-24 09:46:41,543.4,1062241
2021-06-24 09:46:42,543.4,1062241
2021-06-24 09:46:43,543.4,1062241
2021-06-24 09:46:44,543.4,1062732
2021-06-24 09:46:45,543.4,1062792
2021-06-24 09:46:46,543.4,1062796
2021-06-24 09:46:47,543.35,1062902
2021-06-24 09:46:49,543.5,1062968
2021-06-24 09:46:49,543.5,1062968
2021-06-24 09:46:50,543.35,1063019
2021-06-24 09:46:51,543.4,1063155
2021-06-24 09:46:52,543.35,1063551
2021-06-24 09:46:53,543.5,1063992
2021-06-24 09:46:54,543.35,1064052
2021-06-24 09:46:55,543.25,1066356
2021-06-24 09:46:56,543.0,1066642
2021-06-24 09:46:57,543.0,1066948
2021-06-24 09:46:59,543.0,1067434
2021-06-24 09:47:00,543.15,1067461
2021-06-24 09:47:01,543.15,1067595
2021-06-24 09:47:03,543.15,1067684
2021-06-24 09:47:04,543.0,1067699
2021-06-24 09:47:04,543.0,1068076
2021-06-24 09:47:05,543.1,1068214
2021-06-24 09:47:06,543.0,1068226
2021-06-24 09:47:07,543.0,1068227
2021-06-24 09:47:08,543.0,1069296
2021-06-24 09:47:09,543.0,1069454
2021-06-24 09:47:11,542.9,1070003
2021-06-24 09:47:13,542.9,1070025
2021-06-24 09:47:14,543.0,1070038
2021-06-24 09:47:16,543.0,1070116
2021-06-24 09:47:17,542.9,1070266
2021-06-24 09:47:18,542.8,1070841
2021-06-24 09:47:19,542.8,1071723
2021-06-24 09:47:20,542.8,1071855
2021-06-24 09:47:21,542.8,1071882
2021-06-24 09:47:21,542.8,1071885
2021-06-24 09:47:22,543.0,1072038
2021-06-24 09:47:23,542.8,1072538
2021-06-24 09:47:24,543.0,1072608
2021-06-24 09:47:26,542.8,1072680
2021-06-24 09:47:26,542.8,1072673
2021-06-24 09:47:27,543.0,1072753
2021-06-24 09:47:28,542.85,1072794
2021-06-24 09:47:30,543.0,1073121
2021-06-24 09:47:30,543.0,1073121
2021-06-24 09:47:32,543.0,1073149
2021-06-24 09:47:33,542.85,1073552
2021-06-24 09:47:34,542.85,1073593
2021-06-24 09:47:35,542.95,1073603
2021-06-24 09:47:36,542.8,1073903
2021-06-24 09:47:37,542.8,1073966
2021-06-24 09:47:38,542.8,1073972
2021-06-24 09:47:39,542.85,1074076
2021-06-24 09:47:40,542.85,1074093
2021-06-24 09:47:41,542.85,1074160
2021-06-24 09:47:42,542.9,1074196
2021-06-24 09:47:43,543.0,1074204
2021-06-24 09:47:44,543.0,1074205
2021-06-24 09:47:47,542.85,1074355
2021-06-24 09:47:47,543.0,1074353
2021-06-24 09:47:49,543.0,1074394
2021-06-24 09:47:50,543.0,1074394
2021-06-24 09:47:51,542.85,1074515
2021-06-24 09:47:52,542.85,1074538
2021-06-24 09:47:52,542.9,1074564
2021-06-24 09:47:53,543.0,1074598
2021-06-24 09:47:55,543.0,1074899
2021-06-24 09:47:55,543.0,1074899
2021-06-24 09:47:56,543.0,1074916
2021-06-24 09:47:57,543.0,1074932
2021-06-24 09:47:58,543.0,1074942
2021-06-24 09:47:59,543.0,1074942
2021-06-24 09:48:00,542.9,1075669
2021-06-24 09:48:01,543.0,1075757
2021-06-24 09:48:02,542.9,1076120
2021-06-24 09:48:03,543.0,1076356
2021-06-24 09:48:04,543.0,1078157
2021-06-24 09:48:05,543.0,1078157
2021-06-24 09:48:06,543.0,1078885
2021-06-24 09:48:09,543.1,1081120
2021-06-24 09:48:10,543.1,1081344
2021-06-24 09:48:11,543.1,1081467
2021-06-24 09:48:12,543.1,1081468
2021-06-24 09:48:12,543.1,1081468
2021-06-24 09:48:14,543.3,1081603
2021-06-24 09:48:15,543.3,1081604
2021-06-24 09:48:16,543.05,1081719
2021-06-24 09:48:17,543.25,1081767
2021-06-24 09:48:18,543.2,1081787
2021-06-24 09:48:18,543.2,1081787
2021-06-24 09:48:19,543.05,1081812
2021-06-24 09:48:20,543.05,1081815
2021-06-24 09:48:21,543.15,1082825
2021-06-24 09:48:22,543.05,1082835
2021-06-24 09:48:24,543.15,1082844
2021-06-24 09:48:25,543.15,1082844
2021-06-24 09:48:26,543.15,1082844
2021-06-24 09:48:27,543.15,1082844
2021-06-24 09:48:29,543.05,1082874
2021-06-24 09:48:30,543.05,1082988
2021-06-24 09:48:31,543.15,1083207
2021-06-24 09:48:32,543.15,1083269
2021-06-24 09:48:32,543.15,1083300
2021-06-24 09:48:33,543.3,1083304
2021-06-24 09:48:35,543.3,1083304
2021-06-24 09:48:36,543.15,1083309
2021-06-24 09:48:38,543.15,1083445
2021-06-24 09:48:39,543.15,1083449
2021-06-24 09:48:41,543.15,1083556
2021-06-24 09:48:43,543.15,1083689
2021-06-24 09:48:44,543.4,1083716
2021-06-24 09:48:45,543.3,1083886
2021-06-24 09:48:46,543.4,1084101
2021-06-24 09:48:47,543.4,1084112
2021-06-24 09:48:48,543.4,1084112
2021-06-24 09:48:49,543.4,1084213
2021-06-24 09:48:50,543.4,1084213
2021-06-24 09:48:51,543.15,1084363
2021-06-24 09:48:52,543.15,1084428
2021-06-24 09:48:53,543.15,1084436
2021-06-24 09:48:53,543.15,1085019
2021-06-24 09:48:54,543.3,1085217
2021-06-24 09:48:55,543.3,1085218
2021-06-24 09:48:56,543.15,1085223
2021-06-24 09:48:57,543.15,1086281
2021-06-24 09:48:59,543.15,1088122
2021-06-24 09:49:00,543.25,1088497
2021-06-24 09:49:00,543.25,1088497
2021-06-24 09:49:01,543.15,1088519
2021-06-24 09:49:03,543.25,1088572
2021-06-24 09:49:04,543.05,1090572
2021-06-24 09:49:05,543.05,1090782
2021-06-24 09:49:05,543.05,1090803
2021-06-24 09:49:06,543.15,1090823
2021-06-24 09:49:08,543.05,1090849
2021-06-24 09:49:08,543.05,1090852
2021-06-24 09:49:09,543.15,1090853
2021-06-24 09:49:10,543.05,1090873
2021-06-24 09:49:13,543.15,1090891
2021-06-24 09:49:13,543.25,1091632
2021-06-24 09:49:14,543.2,1091928
2021-06-24 09:49:16,543.4,1092057
2021-06-24 09:49:17,543.4,1092057
2021-06-24 09:49:17,543.2,1092274
2021-06-24 09:49:18,543.4,1092342
2021-06-24 09:49:19,543.4,1092345
2021-06-24 09:49:20,543.4,1092345
2021-06-24 09:49:21,543.2,1092470
2021-06-24 09:49:22,543.1,1092666
2021-06-24 09:49:24,543.1,1092685
2021-06-24 09:49:25,543.1,1092687
2021-06-24 09:49:26,543.3,1092706
2021-06-24 09:49:27,543.2,1092736
2021-06-24 09:49:29,543.25,1093187
2021-06-24 09:49:30,543.1,1093188
2021-06-24 09:49:30,543.25,1093208
2021-06-24 09:49:31,543.2,1093333
2021-06-24 09:49:32,543.15,1093733
2021-06-24 09:49:33,543.05,1093757
2021-06-24 09:49:35,543.05,1093921
2021-06-24 09:49:35,543.05,1093938
2021-06-24 09:49:36,543.15,1093964
2021-06-24 09:49:37,543.05,1094033
2021-06-24 09:49:38,543.05,1094051
2021-06-24 09:49:40,543.15,1094060
2021-06-24 09:49:40,543.15,1094060
2021-06-24 09:49:41,542.85,1097689
2021-06-24 09:49:42,542.85,1097689
2021-06-24 09:49:43,542.75,1098190
2021-06-24 09:49:45,542.75,1098204
2021-06-24 09:49:46,542.7,1098683
2021-06-24 09:49:47,542.7,1098767
2021-06-24 09:49:48,542.7,1098799
2021-06-24 09:49:49,542.7,1099456
2021-06-24 09:49:50,542.7,1099528
2021-06-24 09:49:50,542.7,1099521
2021-06-24 09:49:51,542.7,1099531
2021-06-24 09:49:52,542.7,1099556
2021-06-24 09:49:54,542.9,1099905
2021-06-24 09:49:55,542.7,1100075
2021-06-24 09:49:56,542.7,1100689
2021-06-24 09:49:56,542.65,1100691
2021-06-24 09:49:57,542.7,1100696
2021-06-24 09:49:58,542.7,1100696
2021-06-24 09:49:59,542.7,1100746
2021-06-24 09:50:01,542.7,1100807
2021-06-24 09:50:02,542.45,1107694
2021-06-24 09:50:04,542.45,1107885
2021-06-24 09:50:05,542.4,1110088
2021-06-24 09:50:07,542.35,1110213
2021-06-24 09:50:07,542.4,1110188
2021-06-24 09:50:08,542.4,1110278
2021-06-24 09:50:09,542.35,1110338
2021-06-24 09:50:10,542.3,1110350
2021-06-24 09:50:12,542.35,1110418
2021-06-24 09:50:13,542.3,1110424
2021-06-24 09:50:14,542.3,1111129
2021-06-24 09:50:14,542.3,1111339
2021-06-24 09:50:16,542.3,1111440
2021-06-24 09:50:17,542.3,1111461
2021-06-24 09:50:17,542.3,1111528
2021-06-24 09:50:18,542.25,1112263
2021-06-24 09:50:19,542.25,1112353
2021-06-24 09:50:21,542.25,1112496
2021-06-24 09:50:22,542.4,1112662
2021-06-24 09:50:23,542.3,1113819
2021-06-24 09:50:24,542.3,1113902
2021-06-24 09:50:25,542.55,1114112
2021-06-24 09:50:25,542.55,1114112
2021-06-24 09:50:26,542.5,1114117
2021-06-24 09:50:27,542.4,1114147
2021-06-24 09:50:28,542.4,1114147
2021-06-24 09:50:29,542.4,1114237
2021-06-24 09:50:31,542.4,1114415
2021-06-24 09:50:32,542.4,1114438
2021-06-24 09:50:33,542.35,1114445
2021-06-24 09:50:34,542.4,1114447
2021-06-24 09:50:35,542.55,1115492
2021-06-24 09:50:36,542.55,1115596
2021-06-24 09:50:37,542.55,1115608
2021-06-24 09:50:38,542.7,1115712
2021-06-24 09:50:38,542.7,1115712
2021-06-24 09:50:39,542.7,1115712
2021-06-24 09:50:41,542.75,1115814
2021-06-24 09:50:42,542.9,1115958
2021-06-24 09:50:43,543.0,1116058
2021-06-24 09:50:44,543.0,1116404
2021-06-24 09:50:45,543.0,1116967
2021-06-24 09:50:46,543.0,1117017
2021-06-24 09:50:47,542.95,1117653
2021-06-24 09:50:48,543.0,1117718
2021-06-24 09:50:49,543.0,1117718
2021-06-24 09:50:50,542.95,1117837
2021-06-24 09:50:51,542.95,1117899
2021-06-24 09:50:52,543.0,1117907
2021-06-24 09:50:53,542.95,1117930
2021-06-24 09:50:54,543.0,1118278
2021-06-24 09:50:55,543.0,1118281
2021-06-24 09:50:56,543.0,1118294
2021-06-24 09:50:57,543.0,1119319
2021-06-24 09:50:58,542.95,1119620
2021-06-24 09:50:59,543.0,1119660
2021-06-24 09:51:01,543.0,1119702
2021-06-24 09:51:02,542.95,1120850
2021-06-24 09:51:03,542.8,1121702
2021-06-24 09:51:04,542.8,1122491
2021-06-24 09:51:05,542.8,1122666
2021-06-24 09:51:05,542.8,1122666
2021-06-24 09:51:06,542.8,1123338
2021-06-24 09:51:08,542.7,1124146
2021-06-24 09:51:09,542.7,1124146
2021-06-24 09:51:09,542.7,1124146
2021-06-24 09:51:10,542.7,1124146
2021-06-24 09:51:11,542.55,1124156
2021-06-24 09:51:13,542.65,1124637
2021-06-24 09:51:14,542.5,1125263
2021-06-24 09:51:16,542.5,1126184
2021-06-24 09:51:16,542.7,1126316
2021-06-24 09:51:17,542.55,1126444
2021-06-24 09:51:19,542.4,1126759
2021-06-24 09:51:22,542.4,1126869
2021-06-24 09:51:23,542.35,1126947
2021-06-24 09:51:24,542.35,1126947
2021-06-24 09:51:25,542.3,1130914
2021-06-24 09:51:26,542.3,1130975
2021-06-24 09:51:27,542.0,1131197
2021-06-24 09:51:28,542.15,1131476
2021-06-24 09:51:29,542.15,1131477
2021-06-24 09:51:30,542.0,1142086
2021-06-24 09:51:30,542.1,1143149
2021-06-24 09:51:31,542.0,1143175
2021-06-24 09:51:32,542.0,1143695
2021-06-24 09:51:33,542.0,1145830
2021-06-24 09:51:34,541.95,1145870
2021-06-24 09:51:36,541.8,1146134
2021-06-24 09:51:37,541.8,1146221
2021-06-24 09:51:38,541.75,1146945
2021-06-24 09:51:39,541.75,1147026
2021-06-24 09:51:40,541.7,1147432
2021-06-24 09:51:41,541.9,1148199
2021-06-24 09:51:41,541.7,1148080
2021-06-24 09:51:42,541.9,1148301
2021-06-24 09:51:43,541.7,1148404
2021-06-24 09:51:45,541.7,1148424
2021-06-24 09:51:46,541.9,1148691
2021-06-24 09:51:48,541.9,1148883
2021-06-24 09:51:49,541.85,1149104
2021-06-24 09:51:49,541.9,1149154
2021-06-24 09:51:50,541.8,1149197
2021-06-24 09:51:52,542.0,1150094
2021-06-24 09:51:53,542.0,1150094
2021-06-24 09:51:54,542.05,1152361
2021-06-24 09:51:55,542.15,1152786
2021-06-24 09:51:56,542.2,1152859
2021-06-24 09:51:57,542.2,1153116
2021-06-24 09:51:59,542.45,1154258
2021-06-24 09:52:00,542.05,1155258
2021-06-24 09:52:01,542.05,1155308
2021-06-24 09:52:01,542.05,1155308
2021-06-24 09:52:03,542.05,1155422
2021-06-24 09:52:06,542.15,1155562
2021-06-24 09:52:07,542.15,1155562
2021-06-24 09:52:08,542.1,1155578
2021-06-24 09:52:09,542.15,1155609
2021-06-24 09:52:10,542.15,1155772
2021-06-24 09:52:11,542.15,1155789
2021-06-24 09:52:12,542.15,1155806
2021-06-24 09:52:13,542.4,1155833
2021-06-24 09:52:14,542.15,1155927
2021-06-24 09:52:15,542.15,1156243
2021-06-24 09:52:16,542.35,1156774
2021-06-24 09:52:18,542.15,1156813
2021-06-24 09:52:19,542.15,1157068
2021-06-24 09:52:20,542.25,1157598
2021-06-24 09:52:21,542.25,1157653
2021-06-24 09:52:22,542.4,1157917
2021-06-24 09:52:23,542.35,1158017
2021-06-24 09:52:24,542.4,1158077
2021-06-24 09:52:25,542.4,1158077
2021-06-24 09:52:26,542.4,1158097
2021-06-24 09:52:27,542.4,1158097
2021-06-24 09:52:28,542.35,1158149
2021-06-24 09:52:29,542.35,1158154
2021-06-24 09:52:30,542.35,1159660
2021-06-24 09:52:31,542.35,1160263
2021-06-24 09:52:32,542.4,1160673
2021-06-24 09:52:33,542.4,1160673
2021-06-24 09:52:34,542.4,1160673
2021-06-24 09:52:35,542.35,1162282
2021-06-24 09:52:36,542.35,1162290
2021-06-24 09:52:37,542.2,1162395
2021-06-24 09:52:38,542.35,1162541
2021-06-24 09:52:39,542.35,1162541
2021-06-24 09:52:40,542.2,1162555
2021-06-24 09:52:41,542.2,1162611
2021-06-24 09:52:42,542.35,1162668
2021-06-24 09:52:43,542.35,1162668
2021-06-24 09:52:44,542.2,1162669
2021-06-24 09:52:45,542.2,1163828
2021-06-24 09:52:46,542.2,1164006
2021-06-24 09:52:47,542.2,1164115
2021-06-24 09:52:48,542.35,1164277
2021-06-24 09:52:49,542.35,1164277
2021-06-24 09:52:50,542.35,1164377
2021-06-24 09:52:51,542.3,1164439
2021-06-24 09:52:52,542.2,1164539
2021-06-24 09:52:53,542.2,1164567
2021-06-24 09:52:54,542.4,1164886
2021-06-24 09:52:55,542.4,1165016
2021-06-24 09:52:56,542.25,1165021
2021-06-24 09:52:57,542.25,1165021
2021-06-24 09:52:58,542.4,1165022
2021-06-24 09:52:59,542.4,1165022
2021-06-24 09:53:00,542.4,1165302
2021-06-24 09:53:01,542.35,1165447
2021-06-24 09:53:02,542.35,1165447
2021-06-24 09:53:03,542.4,1165472
2021-06-24 09:53:04,542.4,1165472
2021-06-24 09:53:05,542.2,1165482
2021-06-24 09:53:06,542.4,1165533
2021-06-24 09:53:07,542.2,1165653
2021-06-24 09:53:08,542.2,1165665
2021-06-24 09:53:10,542.2,1165741
2021-06-24 09:53:11,542.35,1165972
2021-06-24 09:53:12,542.35,1165972
2021-06-24 09:53:13,542.35,1165972
2021-06-24 09:53:16,542.3,1166027
2021-06-24 09:53:17,542.35,1166121
2021-06-24 09:53:18,542.3,1166124
2021-06-24 09:53:19,542.3,1166125
2021-06-24 09:53:20,542.3,1166185
2021-06-24 09:53:21,542.3,1166196
2021-06-24 09:53:22,542.3,1166640
2021-06-24 09:53:23,542.25,1166645
2021-06-24 09:53:24,542.3,1166647
2021-06-24 09:53:26,542.25,1167390
2021-06-24 09:53:25,542.4,1167387
2021-06-24 09:53:27,542.35,1168039
2021-06-24 09:53:28,542.35,1170755
2021-06-24 09:53:29,542.3,1170765
2021-06-24 09:53:30,542.35,1171065
2021-06-24 09:53:31,542.3,1171076
2021-06-24 09:53:32,542.3,1171076
2021-06-24 09:53:33,542.3,1171076
2021-06-24 09:53:34,542.35,1171372
2021-06-24 09:53:35,542.35,1173581
2021-06-24 09:53:37,542.3,1173593
2021-06-24 09:53:38,542.35,1173694
2021-06-24 09:53:39,542.35,1173696
2021-06-24 09:53:40,542.35,1173696
2021-06-24 09:53:41,542.3,1173827
2021-06-24 09:53:42,542.3,1173890
2021-06-24 09:53:43,542.3,1173896
2021-06-24 09:53:44,542.3,1173897
2021-06-24 09:53:45,542.3,1173898
2021-06-24 09:53:46,542.3,1173898
2021-06-24 09:53:47,542.35,1173899
2021-06-24 09:53:49,542.0,1178328
2021-06-24 09:53:50,542.0,1179092
2021-06-24 09:53:51,542.0,1179370
2021-06-24 09:53:52,542.0,1179398
2021-06-24 09:53:53,542.1,1179443
2021-06-24 09:53:54,542.0,1179457
2021-06-24 09:53:55,542.15,1179509
2021-06-24 09:53:56,542.15,1179524
2021-06-24 09:53:57,542.05,1179594
2021-06-24 09:53:58,542.05,1179626
2021-06-24 09:53:59,542.05,1179676
2021-06-24 09:54:00,542.05,1179677
2021-06-24 09:54:01,542.0,1179698
2021-06-24 09:54:02,542.0,1180030
2021-06-24 09:54:03,542.0,1180063
2021-06-24 09:54:04,542.0,1180066
2021-06-24 09:54:05,542.0,1180356
2021-06-24 09:54:06,542.0,1180885
2021-06-24 09:54:07,542.0,1180938
2021-06-24 09:54:08,542.0,1180968
2021-06-24 09:54:09,542.1,1180971
2021-06-24 09:54:10,542.15,1181032
2021-06-24 09:54:11,542.15,1181096
2021-06-24 09:54:12,542.3,1181353
2021-06-24 09:54:13,542.3,1181379
2021-06-24 09:54:14,542.35,1181382
2021-06-24 09:54:15,542.3,1181383
2021-06-24 09:54:16,542.3,1181384
2021-06-24 09:54:17,542.3,1181484
2021-06-24 09:54:18,542.35,1181497
2021-06-24 09:54:19,542.35,1181497
2021-06-24 09:54:20,542.15,1181504
2021-06-24 09:54:21,542.3,1181797
2021-06-24 09:54:22,542.3,1181797
2021-06-24 09:54:23,542.15,1181868
2021-06-24 09:54:24,542.15,1181886
2021-06-24 09:54:25,542.15,1181988
2021-06-24 09:54:26,542.15,1182029
2021-06-24 09:54:27,542.15,1182033
2021-06-24 09:54:28,542.15,1182311
2021-06-24 09:54:29,542.15,1182448
2021-06-24 09:54:30,542.25,1182566
2021-06-24 09:54:31,542.3,1182616
2021-06-24 09:54:32,542.4,1183116
2021-06-24 09:54:33,542.4,1183116
2021-06-24 09:54:35,542.25,1183347
2021-06-24 09:54:37,542.25,1183729
2021-06-24 09:54:37,542.25,1183729
2021-06-24 09:54:38,542.25,1183729
2021-06-24 09:54:39,542.25,1183729
2021-06-24 09:54:40,542.25,1183730
2021-06-24 09:54:41,542.2,1184603
2021-06-24 09:54:42,542.2,1184700
2021-06-24 09:54:43,542.2,1184762
2021-06-24 09:54:44,542.25,1185183
2021-06-24 09:54:45,542.2,1185188
2021-06-24 09:54:46,542.2,1186389
2021-06-24 09:54:47,542.25,1186711
2021-06-24 09:54:48,542.2,1186723
2021-06-24 09:54:50,542.2,1186724
2021-06-24 09:54:51,542.15,1187558
2021-06-24 09:54:52,542.15,1187664
2021-06-24 09:54:53,542.2,1188230
2021-06-24 09:54:55,542.35,1188331
2021-06-24 09:54:55,542.35,1188331
2021-06-24 09:54:56,542.2,1188359
2021-06-24 09:54:57,542.15,1188399
2021-06-24 09:54:58,542.15,1188403
2021-06-24 09:54:59,542.15,1188484
2021-06-24 09:55:00,542.2,1188563
2021-06-24 09:55:01,542.2,1188592
2021-06-24 09:55:02,542.2,1188606
2021-06-24 09:55:03,542.15,1190150
2021-06-24 09:55:04,542.35,1190889
2021-06-24 09:55:05,542.35,1190899
2021-06-24 09:55:06,542.35,1190899
2021-06-24 09:55:07,542.15,1190999
2021-06-24 09:55:08,542.2,1191024
2021-06-24 09:55:09,542.15,1191025
2021-06-24 09:55:11,542.2,1191066
2021-06-24 09:55:12,542.2,1191921
2021-06-24 09:55:13,542.0,1192076
2021-06-24 09:55:14,542.0,1192091
2021-06-24 09:55:15,542.15,1192197
2021-06-24 09:55:16,542.1,1192242
2021-06-24 09:55:17,542.0,1192292
2021-06-24 09:55:18,542.0,1193387
2021-06-24 09:55:19,542.0,1193600
2021-06-24 09:55:20,542.0,1193623
2021-06-24 09:55:21,542.0,1193625
2021-06-24 09:55:22,542.05,1193634
2021-06-24 09:55:23,542.1,1193676
2021-06-24 09:55:24,542.0,1193678
2021-06-24 09:55:25,542.0,1193682
2021-06-24 09:55:26,542.0,1193696
2021-06-24 09:55:27,542.1,1193707
2021-06-24 09:55:28,542.05,1193987
2021-06-24 09:55:29,542.1,1194187
2021-06-24 09:55:30,542.0,1194238
2021-06-24 09:55:31,542.0,1194784
2021-06-24 09:55:32,542.05,1194842
2021-06-24 09:55:33,542.0,1195079
2021-06-24 09:55:34,542.0,1195156
2021-06-24 09:55:35,541.95,1196250
2021-06-24 09:55:36,541.95,1196359
2021-06-24 09:55:37,542.0,1196461
2021-06-24 09:55:38,541.8,1200633
2021-06-24 09:55:39,541.8,1201473
2021-06-24 09:55:40,541.8,1201481
2021-06-24 09:55:41,541.8,1202023
2021-06-24 09:55:42,541.8,1202122
2021-06-24 09:55:44,541.65,1202178
2021-06-24 09:55:44,541.65,1202173
2021-06-24 09:55:45,541.8,1202333
2021-06-24 09:55:46,541.8,1202333
2021-06-24 09:55:47,541.65,1202584
2021-06-24 09:55:48,541.8,1202914
2021-06-24 09:55:49,541.75,1202934
2021-06-24 09:55:50,541.65,1202954
2021-06-24 09:55:51,541.8,1203576
2021-06-24 09:55:52,541.65,1203747
2021-06-24 09:55:53,541.65,1205107
2021-06-24 09:55:54,541.65,1205264
2021-06-24 09:55:55,541.65,1205368
2021-06-24 09:55:56,541.65,1205724
2021-06-24 09:55:57,541.65,1205745
2021-06-24 09:55:59,541.5,1206400
2021-06-24 09:56:00,541.7,1206603
2021-06-24 09:56:01,541.5,1207480
2021-06-24 09:56:02,541.75,1208302
2021-06-24 09:56:03,541.6,1209255
2021-06-24 09:56:04,541.75,1212159
2021-06-24 09:56:05,542.0,1212476
2021-06-24 09:56:06,542.0,1212482
2021-06-24 09:56:07,541.75,1212497
2021-06-24 09:56:08,542.0,1212549
2021-06-24 09:56:09,541.85,1212610
2021-06-24 09:56:10,542.1,1219644
2021-06-24 09:56:11,542.1,1219644
2021-06-24 09:56:12,542.1,1219644
2021-06-24 09:56:13,542.05,1219958
2021-06-24 09:56:14,542.05,1220123
2021-06-24 09:56:15,542.05,1220165
2021-06-24 09:56:16,542.1,1220446
2021-06-24 09:56:17,542.1,1220617
2021-06-24 09:56:18,542.05,1220913
2021-06-24 09:56:20,542.05,1220942
2021-06-24 09:56:20,542.05,1220945
2021-06-24 09:56:21,542.1,1220954
2021-06-24 09:56:23,542.1,1220967
2021-06-24 09:56:24,542.05,1221269
2021-06-24 09:56:25,542.05,1221321
2021-06-24 09:56:26,542.05,1221592
2021-06-24 09:56:27,542.15,1221670
2021-06-24 09:56:28,542.05,1221690
2021-06-24 09:56:29,542.05,1221692
2021-06-24 09:56:30,542.15,1221733
2021-06-24 09:56:31,542.3,1221883
2021-06-24 09:56:32,542.05,1221909
2021-06-24 09:56:33,542.1,1221938
2021-06-24 09:56:34,542.25,1221959
2021-06-24 09:56:35,542.25,1222014
2021-06-24 09:56:36,542.1,1222814
2021-06-24 09:56:37,542.25,1222896
2021-06-24 09:56:38,542.25,1222896
2021-06-24 09:56:39,542.15,1222946
2021-06-24 09:56:40,542.15,1223095
2021-06-24 09:56:42,542.15,1223859
2021-06-24 09:56:43,542.15,1224801
2021-06-24 09:56:44,542.1,1224882
2021-06-24 09:56:45,542.1,1225253
2021-06-24 09:56:46,542.1,1225290
2021-06-24 09:56:47,542.25,1225901
2021-06-24 09:56:48,542.15,1225915
2021-06-24 09:56:49,542.15,1225916
2021-06-24 09:56:50,542.25,1225919
2021-06-24 09:56:51,542.25,1225919
2021-06-24 09:56:52,542.15,1225936
2021-06-24 09:56:53,542.15,1225937
2021-06-24 09:56:54,542.15,1225947
2021-06-24 09:56:55,542.25,1225963
2021-06-24 09:56:56,542.25,1226453
2021-06-24 09:56:58,542.15,1226555
2021-06-24 09:56:59,542.15,1226565
2021-06-24 09:57:00,542.25,1226576
2021-06-24 09:57:01,542.15,1226745
2021-06-24 09:57:02,542.15,1226762
2021-06-24 09:57:03,542.15,1226793
2021-06-24 09:57:04,542.15,1226796
2021-06-24 09:57:05,542.15,1226797
2021-06-24 09:57:06,542.2,1226801
2021-06-24 09:57:08,542.15,1226853
2021-06-24 09:57:10,542.2,1226921
2021-06-24 09:57:11,542.2,1226921
2021-06-24 09:57:12,542.2,1227101
2021-06-24 09:57:13,542.35,1227135
2021-06-24 09:57:14,542.35,1227422
2021-06-24 09:57:14,542.35,1227451
2021-06-24 09:57:15,542.4,1227505
2021-06-24 09:57:16,542.15,1228261
2021-06-24 09:57:17,542.1,1228765
2021-06-24 09:57:18,542.1,1228767
2021-06-24 09:57:19,542.1,1228917
2021-06-24 09:57:20,542.1,1228919
2021-06-24 09:57:21,542.1,1228920
2021-06-24 09:57:22,542.05,1228932
2021-06-24 09:57:23,542.05,1228933
2021-06-24 09:57:24,542.05,1228936
2021-06-24 09:57:25,542.1,1229031
2021-06-24 09:57:26,542.1,1229541
2021-06-24 09:57:27,542.05,1229557
2021-06-24 09:57:28,542.05,1229559
2021-06-24 09:57:29,542.05,1229559
2021-06-24 09:57:30,542.05,1230878
2021-06-24 09:57:31,542.0,1230967
2021-06-24 09:57:32,542.0,1231027
2021-06-24 09:57:34,542.05,1231052
2021-06-24 09:57:35,542.05,1231071
2021-06-24 09:57:36,542.05,1231071
2021-06-24 09:57:37,542.05,1231234
2021-06-24 09:57:37,542.0,1231286
2021-06-24 09:57:38,542.0,1231291
2021-06-24 09:57:39,542.0,1231295
2021-06-24 09:57:41,542.0,1231361
2021-06-24 09:57:42,542.0,1231366
2021-06-24 09:57:43,542.05,1231367
2021-06-24 09:57:44,542.05,1231367
2021-06-24 09:57:45,542.0,1231656
2021-06-24 09:57:47,542.05,1231820
2021-06-24 09:57:48,542.05,1231821
2021-06-24 09:57:49,542.0,1231829
2021-06-24 09:57:50,542.0,1231831
2021-06-24 09:57:51,542.0,1231833
2021-06-24 09:57:52,542.0,1231833
2021-06-24 09:57:53,542.0,1231891
2021-06-24 09:57:54,542.05,1231899
2021-06-24 09:57:54,542.05,1231899
2021-06-24 09:57:55,542.0,1231919
2021-06-24 09:57:56,542.05,1232121
2021-06-24 09:57:57,542.05,1232221
2021-06-24 09:57:58,542.0,1232222
2021-06-24 09:57:59,542.05,1232459
2021-06-24 09:58:00,542.05,1232459
2021-06-24 09:58:01,542.05,1232459
2021-06-24 09:58:02,542.0,1232821
2021-06-24 09:58:03,542.0,1233005
2021-06-24 09:58:04,542.0,1233052
2021-06-24 09:58:05,542.0,1233559
2021-06-24 09:58:06,542.05,1233660
2021-06-24 09:58:07,542.05,1233821
2021-06-24 09:58:08,542.0,1233822
2021-06-24 09:58:09,542.0,1233829
2021-06-24 09:58:11,542.05,1233840
2021-06-24 09:58:12,542.0,1234401
2021-06-24 09:58:13,542.0,1234433
2021-06-24 09:58:14,542.0,1234459
2021-06-24 09:58:15,542.05,1234651
2021-06-24 09:58:16,542.0,1234852
2021-06-24 09:58:17,542.0,1234882
2021-06-24 09:58:19,542.1,1235053
2021-06-24 09:58:20,542.0,1235261
2021-06-24 09:58:21,542.0,1235284
2021-06-24 09:58:22,542.0,1235286
2021-06-24 09:58:24,542.0,1235287
2021-06-24 09:58:25,542.05,1235788
2021-06-24 09:58:26,542.1,1236711
2021-06-24 09:58:27,542.05,1236878
2021-06-24 09:58:27,542.05,1236863
2021-06-24 09:58:28,542.05,1236880
2021-06-24 09:58:30,542.1,1237244
2021-06-24 09:58:31,542.05,1237255
2021-06-24 09:58:32,542.1,1237286
2021-06-24 09:58:33,542.1,1237286
2021-06-24 09:58:34,542.05,1237938
2021-06-24 09:58:35,542.1,1238006
2021-06-24 09:58:36,542.1,1238099
2021-06-24 09:58:37,542.05,1238225
2021-06-24 09:58:39,542.1,1238597
2021-06-24 09:58:40,542.1,1238605
2021-06-24 09:58:41,542.1,1238648
2021-06-24 09:58:42,542.05,1238767
2021-06-24 09:58:43,542.05,1238779
2021-06-24 09:58:44,542.1,1238792
2021-06-24 09:58:46,542.05,1238837
2021-06-24 09:58:47,542.05,1238842
2021-06-24 09:58:49,542.05,1238842
2021-06-24 09:58:50,542.05,1238843
2021-06-24 09:58:51,542.05,1239643
2021-06-24 09:58:52,542.1,1239873
2021-06-24 09:58:53,542.05,1239969
2021-06-24 09:58:54,542.05,1239981
2021-06-24 09:58:56,542.05,1239982
2021-06-24 09:58:56,542.05,1239985
2021-06-24 09:58:57,542.05,1239985
2021-06-24 09:58:58,542.1,1239988
2021-06-24 09:58:59,542.1,1239988
2021-06-24 09:59:00,542.05,1240387
2021-06-24 09:59:01,542.05,1240437
2021-06-24 09:59:02,542.0,1240467
2021-06-24 09:59:03,542.05,1240484
2021-06-24 09:59:05,542.05,1240685
2021-06-24 09:59:05,542.0,1240970
2021-06-24 09:59:06,542.05,1240999
2021-06-24 09:59:07,542.0,1241036
2021-06-24 09:59:08,542.05,1241143
2021-06-24 09:59:09,542.0,1241721
2021-06-24 09:59:10,542.0,1241779
2021-06-24 09:59:12,542.05,1241798
2021-06-24 09:59:13,542.05,1241800
2021-06-24 09:59:14,542.0,1242001
2021-06-24 09:59:15,542.1,1242209
2021-06-24 09:59:16,542.05,1242216
2021-06-24 09:59:17,542.05,1242216
2021-06-24 09:59:18,542.05,1242350
2021-06-24 09:59:19,542.0,1242355
2021-06-24 09:59:20,542.0,1242356
2021-06-24 09:59:21,542.0,1242356
2021-06-24 09:59:22,542.0,1242356
2021-06-24 09:59:23,542.1,1242488
2021-06-24 09:59:24,542.1,1242751
2021-06-24 09:59:25,542.1,1242751
2021-06-24 09:59:26,542.1,1242751
2021-06-24 09:59:27,542.1,1242751
2021-06-24 09:59:28,542.1,1242751
2021-06-24 09:59:29,542.05,1242791
2021-06-24 09:59:29,542.05,1242876
2021-06-24 09:59:30,542.05,1242954
2021-06-24 09:59:31,542.05,1242962
2021-06-24 09:59:33,542.05,1245024
2021-06-24 09:59:34,542.05,1245024
2021-06-24 09:59:35,542.0,1245032
2021-06-24 09:59:36,542.0,1245374
2021-06-24 09:59:38,542.0,1246032
2021-06-24 09:59:38,542.0,1246308
2021-06-24 09:59:39,542.15,1248654
2021-06-24 09:59:40,542.05,1249004
2021-06-24 09:59:43,542.05,1249046
2021-06-24 09:59:44,542.0,1249895
2021-06-24 09:59:45,542.15,1250116
2021-06-24 09:59:45,541.8,1253276
2021-06-24 09:59:46,541.8,1253353
2021-06-24 09:59:48,541.9,1253910
2021-06-24 09:59:49,542.0,1254568
2021-06-24 09:59:50,541.9,1254594
2021-06-24 09:59:51,541.9,1254704
2021-06-24 09:59:52,541.85,1254804
2021-06-24 09:59:53,541.9,1254862
2021-06-24 09:59:54,541.9,1255163
2021-06-24 09:59:55,541.8,1255409
2021-06-24 09:59:56,541.9,1255484
2021-06-24 09:59:57,541.9,1255484
2021-06-24 09:59:59,541.8,1255584
2021-06-24 10:00:00,541.8,1255685
2021-06-24 10:00:01,541.9,1255703
2021-06-24 10:00:01,541.8,1255710
2021-06-24 10:00:03,541.9,1255722
2021-06-24 10:00:04,541.8,1255790
2021-06-24 10:00:05,541.8,1255810
2021-06-24 10:00:06,541.8,1255840
2021-06-24 10:00:07,541.8,1255854
2021-06-24 10:00:08,541.9,1255939
2021-06-24 10:00:09,541.9,1256058
2021-06-24 10:00:10,541.85,1256133
2021-06-24 10:00:11,541.85,1256212
2021-06-24 10:00:13,542.0,1257264
2021-06-24 10:00:14,542.0,1257407
2021-06-24 10:00:14,541.95,1257850
2021-06-24 10:00:15,542.1,1257900
2021-06-24 10:00:16,542.1,1257965
2021-06-24 10:00:17,542.0,1258178
2021-06-24 10:00:19,542.0,1260546
2021-06-24 10:00:20,542.1,1260794
2021-06-24 10:00:21,542.1,1260823
2021-06-24 10:00:21,542.1,1260906
2021-06-24 10:00:22,542.1,1261097
2021-06-24 10:00:24,542.1,1261120
2021-06-24 10:00:25,542.1,1261122
2021-06-24 10:00:26,542.1,1261139
2021-06-24 10:00:27,542.2,1261691
2021-06-24 10:00:28,542.1,1261790
2021-06-24 10:00:29,542.2,1261800
2021-06-24 10:00:30,542.2,1261854
2021-06-24 10:00:32,542.2,1261995
2021-06-24 10:00:33,542.2,1261995
2021-06-24 10:00:34,542.15,1261997
2021-06-24 10:00:35,542.1,1262008
2021-06-24 10:00:36,542.15,1262118
2021-06-24 10:00:37,542.2,1262134
2021-06-24 10:00:38,542.2,1262136
2021-06-24 10:00:39,542.15,1262273
2021-06-24 10:00:41,542.2,1262289
2021-06-24 10:00:42,542.15,1262331
2021-06-24 10:00:43,542.2,1262390
2021-06-24 10:00:44,542.2,1262492
2021-06-24 10:00:45,542.2,1262598
2021-06-24 10:00:46,542.25,1262799
2021-06-24 10:00:47,542.2,1262869
2021-06-24 10:00:48,542.25,1263078
2021-06-24 10:00:48,542.25,1263078
2021-06-24 10:00:49,542.25,1263080
2021-06-24 10:00:50,542.25,1263082
2021-06-24 10:00:51,542.4,1264064
2021-06-24 10:00:54,542.4,1264581
2021-06-24 10:00:55,542.4,1264581
2021-06-24 10:00:56,542.4,1264582
2021-06-24 10:00:57,542.4,1264585
2021-06-24 10:00:58,542.4,1264585
2021-06-24 10:00:59,542.25,1264602
2021-06-24 10:01:00,542.2,1264803
2021-06-24 10:01:01,542.3,1264831
2021-06-24 10:01:02,542.25,1264892
2021-06-24 10:01:03,542.3,1264933
2021-06-24 10:01:04,542.3,1264986
2021-06-24 10:01:05,542.3,1265058
2021-06-24 10:01:06,542.3,1265065
2021-06-24 10:01:07,542.45,1265179
2021-06-24 10:01:08,542.3,1265239
2021-06-24 10:01:09,542.4,1265252
2021-06-24 10:01:10,542.45,1265258
2021-06-24 10:01:11,542.4,1265798
2021-06-24 10:01:12,542.4,1266752
2021-06-24 10:01:13,542.4,1266832
2021-06-24 10:01:14,542.4,1266832
2021-06-24 10:01:15,542.4,1266892
2021-06-24 10:01:16,542.4,1266943
2021-06-24 10:01:17,542.4,1266949
2021-06-24 10:01:17,542.3,1266988
2021-06-24 10:01:18,542.4,1267010
2021-06-24 10:01:20,542.4,1267067
2021-06-24 10:01:22,542.4,1267126
2021-06-24 10:01:23,542.3,1267176
2021-06-24 10:01:24,542.3,1267181
2021-06-24 10:01:25,542.3,1267182
2021-06-24 10:01:25,542.45,1267382
2021-06-24 10:01:28,542.3,1267593
2021-06-24 10:01:29,542.3,1267595
2021-06-24 10:01:30,542.3,1267595
2021-06-24 10:01:31,542.35,1270263
2021-06-24 10:01:32,542.35,1270265
2021-06-24 10:01:33,542.35,1270290
2021-06-24 10:01:34,542.35,1270290
2021-06-24 10:01:35,542.35,1270290
2021-06-24 10:01:36,542.35,1270302
2021-06-24 10:01:37,542.35,1270302
2021-06-24 10:01:37,542.3,1270336
2021-06-24 10:01:38,542.4,1271279
2021-06-24 10:01:39,542.4,1271279
2021-06-24 10:01:40,542.3,1271298
2021-06-24 10:01:41,542.3,1271310
2021-06-24 10:01:42,542.3,1271336
2021-06-24 10:01:43,542.4,1271530
2021-06-24 10:01:45,542.45,1271635
2021-06-24 10:01:46,542.3,1272044
2021-06-24 10:01:47,542.3,1272185
2021-06-24 10:01:48,542.3,1272199
2021-06-24 10:01:49,542.45,1272311
2021-06-24 10:01:50,542.45,1272311
2021-06-24 10:01:51,542.45,1272311
2021-06-24 10:01:52,542.45,1272311
2021-06-24 10:01:53,542.4,1272362
2021-06-24 10:01:54,542.4,1272380
2021-06-24 10:01:54,542.4,1272382
2021-06-24 10:01:55,542.45,1272473
2021-06-24 10:01:57,542.45,1272474
2021-06-24 10:01:58,542.5,1275223
2021-06-24 10:01:59,542.5,1275230
2021-06-24 10:02:00,542.5,1275371
2021-06-24 10:02:01,542.5,1275698
2021-06-24 10:02:02,542.5,1275698
2021-06-24 10:02:03,542.5,1275698
2021-06-24 10:02:04,542.65,1276988
2021-06-24 10:02:04,542.65,1276988
2021-06-24 10:02:05,542.45,1276997
2021-06-24 10:02:07,542.65,1277103
2021-06-24 10:02:08,542.65,1277164
2021-06-24 10:02:09,542.65,1277164
2021-06-24 10:02:10,542.65,1277220
2021-06-24 10:02:11,542.65,1277220
2021-06-24 10:02:13,542.65,1277328
2021-06-24 10:02:14,542.55,1277603
2021-06-24 10:02:15,542.6,1277630
2021-06-24 10:02:16,542.6,1277633
2021-06-24 10:02:17,542.6,1277638
2021-06-24 10:02:18,542.6,1277639
2021-06-24 10:02:19,542.65,1277745
2021-06-24 10:02:20,542.65,1277767
2021-06-24 10:02:21,542.65,1277793
2021-06-24 10:02:22,542.7,1277797
2021-06-24 10:02:23,542.7,1277797
2021-06-24 10:02:25,542.7,1277797
2021-06-24 10:02:26,542.7,1277797
2021-06-24 10:02:27,542.7,1277839
2021-06-24 10:02:29,542.7,1277969
2021-06-24 10:02:30,542.65,1279238
2021-06-24 10:02:31,542.65,1279263
2021-06-24 10:02:33,542.6,1279955
2021-06-24 10:02:34,542.6,1280035
2021-06-24 10:02:35,542.45,1280599
2021-06-24 10:02:36,542.45,1280655
2021-06-24 10:02:37,542.45,1280661
2021-06-24 10:02:38,542.65,1280976
2021-06-24 10:02:39,542.65,1281026
2021-06-24 10:02:40,542.65,1281026
2021-06-24 10:02:41,542.55,1281188
2021-06-24 10:02:42,542.6,1281205
2021-06-24 10:02:43,542.6,1281210
2021-06-24 10:02:44,542.6,1281321
2021-06-24 10:02:45,542.6,1281661
2021-06-24 10:02:46,542.65,1281721
2021-06-24 10:02:47,542.65,1281727
2021-06-24 10:02:48,542.65,1282210
2021-06-24 10:02:49,542.65,1282322
2021-06-24 10:02:50,542.8,1282383
2021-06-24 10:02:51,542.8,1282383
2021-06-24 10:02:53,542.8,1282393
2021-06-24 10:02:54,542.8,1282654
2021-06-24 10:02:55,542.8,1282904
2021-06-24 10:02:56,542.8,1283321
2021-06-24 10:02:57,542.85,1283388
2021-06-24 10:02:58,542.85,1283390
2021-06-24 10:02:58,542.85,1283390
2021-06-24 10:02:59,542.85,1283390
2021-06-24 10:03:01,542.7,1284194
2021-06-24 10:03:02,542.85,1284309
2021-06-24 10:03:03,542.85,1284349
2021-06-24 10:03:04,542.85,1284368
2021-06-24 10:03:05,542.85,1284370
2021-06-24 10:03:06,542.85,1284987
2021-06-24 10:03:07,542.85,1284988
2021-06-24 10:03:08,542.85,1284993
2021-06-24 10:03:09,542.8,1284995
2021-06-24 10:03:10,542.8,1284996
2021-06-24 10:03:11,542.8,1284996
2021-06-24 10:03:13,542.8,1286148
2021-06-24 10:03:14,542.8,1286155
2021-06-24 10:03:15,542.95,1286668
2021-06-24 10:03:16,542.95,1286673
2021-06-24 10:03:17,542.9,1287076
2021-06-24 10:03:18,542.9,1287095
2021-06-24 10:03:19,542.85,1287253
2021-06-24 10:03:20,542.95,1287572
2021-06-24 10:03:21,542.95,1287577
2021-06-24 10:03:22,542.9,1287587
2021-06-24 10:03:23,542.9,1287587
2021-06-24 10:03:24,542.9,1287587
2021-06-24 10:03:25,542.9,1287587
2021-06-24 10:03:27,542.8,1287607
2021-06-24 10:03:28,542.9,1287611
2021-06-24 10:03:29,542.9,1288800
2021-06-24 10:03:30,542.8,1289016
2021-06-24 10:03:31,542.85,1289281
2021-06-24 10:03:32,542.85,1289308
2021-06-24 10:03:33,542.85,1289321
2021-06-24 10:03:34,542.9,1289337
2021-06-24 10:03:35,542.9,1289627
2021-06-24 10:03:36,542.95,1290052
2021-06-24 10:03:37,542.95,1290154
2021-06-24 10:03:38,543.0,1291154
2021-06-24 10:03:39,543.0,1291454
2021-06-24 10:03:40,542.9,1291529
2021-06-24 10:03:41,543.0,1291586
2021-06-24 10:03:42,543.0,1291823
2021-06-24 10:03:43,542.9,1291824
2021-06-24 10:03:44,543.0,1291944
2021-06-24 10:03:45,543.0,1291944
2021-06-24 10:03:46,542.9,1291966
2021-06-24 10:03:47,543.0,1292299
2021-06-24 10:03:48,543.0,1294040
2021-06-24 10:03:49,543.0,1294165
2021-06-24 10:03:51,543.0,1294183
2021-06-24 10:03:50,543.0,1294168
2021-06-24 10:03:52,542.95,1294667
2021-06-24 10:03:53,542.9,1294899
2021-06-24 10:03:54,542.9,1295068
2021-06-24 10:03:55,543.0,1295099
2021-06-24 10:03:56,542.9,1295122
2021-06-24 10:03:57,543.0,1295128
2021-06-24 10:03:58,543.0,1295128
2021-06-24 10:03:59,543.0,1295262
2021-06-24 10:04:00,542.9,1297854
2021-06-24 10:04:01,542.9,1297854
2021-06-24 10:04:02,542.9,1298354
2021-06-24 10:04:03,542.9,1298354
2021-06-24 10:04:05,542.95,1298735
2021-06-24 10:04:06,542.85,1298737
2021-06-24 10:04:08,542.95,1299024
2021-06-24 10:04:09,542.95,1299057
2021-06-24 10:04:10,543.0,1299340
2021-06-24 10:04:11,543.0,1299376
2021-06-24 10:04:12,543.0,1299376
2021-06-24 10:04:13,542.85,1299387
2021-06-24 10:04:14,542.95,1299913
2021-06-24 10:04:15,542.95,1300106
2021-06-24 10:04:16,542.95,1300128
2021-06-24 10:04:17,543.0,1300175
2021-06-24 10:04:18,542.95,1300375
2021-06-24 10:04:19,543.0,1300425
2021-06-24 10:04:20,543.0,1300625
2021-06-24 10:04:21,542.95,1300825
2021-06-24 10:04:22,543.0,1301191
2021-06-24 10:04:23,542.95,1301236
2021-06-24 10:04:24,542.95,1301240
2021-06-24 10:04:25,542.95,1301450
2021-06-24 10:04:26,542.95,1301478
2021-06-24 10:04:27,543.0,1301481
2021-06-24 10:04:28,542.95,1301981
2021-06-24 10:04:29,543.0,1302067
2021-06-24 10:04:30,543.0,1302543
2021-06-24 10:04:31,542.95,1302573
2021-06-24 10:04:32,542.95,1302582
2021-06-24 10:04:33,542.95,1302598
2021-06-24 10:04:34,542.95,1302616
2021-06-24 10:04:35,542.95,1302618
2021-06-24 10:04:36,543.0,1302641
2021-06-24 10:04:37,543.0,1302656
2021-06-24 10:04:38,542.95,1302752
2021-06-24 10:04:39,543.0,1302804
2021-06-24 10:04:40,543.0,1302804
2021-06-24 10:04:42,542.95,1302811
2021-06-24 10:04:44,542.95,1303262
2021-06-24 10:04:45,542.95,1303350
2021-06-24 10:04:46,543.0,1303639
2021-06-24 10:04:47,543.0,1305744
2021-06-24 10:04:48,543.1,1307738
2021-06-24 10:04:49,543.1,1307738
2021-06-24 10:04:50,543.0,1307758
2021-06-24 10:04:51,543.0,1307765
2021-06-24 10:04:52,543.1,1307771
2021-06-24 10:04:53,543.1,1307771
2021-06-24 10:04:54,543.1,1307953
2021-06-24 10:04:55,543.1,1308218
2021-06-24 10:04:56,543.2,1308845
2021-06-24 10:04:57,543.1,1309131
2021-06-24 10:04:58,543.2,1309233
2021-06-24 10:04:59,543.2,1309433
2021-06-24 10:05:00,543.1,1310776
2021-06-24 10:05:01,543.1,1311060
2021-06-24 10:05:02,543.25,1311097
2021-06-24 10:05:03,543.2,1311102
2021-06-24 10:05:04,543.2,1311128
2021-06-24 10:05:05,543.25,1311231
2021-06-24 10:05:06,543.25,1311291
2021-06-24 10:05:07,543.4,1311573
2021-06-24 10:05:08,543.3,1311846
2021-06-24 10:05:09,543.45,1312353
2021-06-24 10:05:10,543.45,1313227
2021-06-24 10:05:11,543.45,1313272
2021-06-24 10:05:12,543.45,1313312
2021-06-24 10:05:13,543.45,1313312
2021-06-24 10:05:14,543.45,1313612
2021-06-24 10:05:15,543.45,1313612
2021-06-24 10:05:17,543.45,1313646
2021-06-24 10:05:17,543.45,1313646
2021-06-24 10:05:18,543.3,1313771
2021-06-24 10:05:19,543.3,1313871
2021-06-24 10:05:20,543.35,1313901
2021-06-24 10:05:21,543.3,1314481
2021-06-24 10:05:22,543.3,1314539
2021-06-24 10:05:23,543.4,1315635
2021-06-24 10:05:25,543.25,1316187
2021-06-24 10:05:25,543.25,1316242
2021-06-24 10:05:26,543.25,1316393
2021-06-24 10:05:27,543.4,1316615
2021-06-24 10:05:28,543.4,1316897
2021-06-24 10:05:29,543.5,1317028
2021-06-24 10:05:30,543.5,1317030
2021-06-24 10:05:31,543.4,1317051
2021-06-24 10:05:32,543.5,1317418
2021-06-24 10:05:33,543.4,1318593
2021-06-24 10:05:34,543.45,1318714
2021-06-24 10:05:36,543.45,1318754
2021-06-24 10:05:36,543.45,1318754
2021-06-24 10:05:37,543.45,1318754
2021-06-24 10:05:38,543.4,1319304
2021-06-24 10:05:39,543.5,1319384
2021-06-24 10:05:40,543.5,1319384
2021-06-24 10:05:42,543.5,1319384
2021-06-24 10:05:42,543.5,1319384
2021-06-24 10:05:43,543.4,1319444
2021-06-24 10:05:44,543.4,1319450
2021-06-24 10:05:45,543.4,1319465
2021-06-24 10:05:46,543.4,1319492
2021-06-24 10:05:47,543.4,1319494
2021-06-24 10:05:48,543.4,1319536
2021-06-24 10:05:49,543.4,1319541
2021-06-24 10:05:50,543.5,1319608
2021-06-24 10:05:51,543.5,1319786
2021-06-24 10:05:52,543.5,1319787
2021-06-24 10:05:53,543.45,1319800
2021-06-24 10:05:55,543.5,1319875
2021-06-24 10:05:55,543.5,1319875
2021-06-24 10:05:56,543.45,1319880
2021-06-24 10:05:57,543.5,1321417
2021-06-24 10:05:58,543.6,1322302
2021-06-24 10:05:59,543.5,1322532
2021-06-24 10:06:00,543.55,1322617
2021-06-24 10:06:01,543.6,1322717
2021-06-24 10:06:02,543.6,1323030
2021-06-24 10:06:03,543.5,1323348
2021-06-24 10:06:05,543.6,1323390
2021-06-24 10:06:05,543.6,1323890
2021-06-24 10:06:06,543.6,1324525
2021-06-24 10:06:07,543.6,1324525
2021-06-24 10:06:08,543.6,1324625
2021-06-24 10:06:09,542.95,1347420
2021-06-24 10:06:10,542.85,1348479
2021-06-24 10:06:11,542.95,1348676
2021-06-24 10:06:12,542.8,1348685
2021-06-24 10:06:13,542.85,1348695
2021-06-24 10:06:14,542.95,1348796
2021-06-24 10:06:15,542.95,1349156
2021-06-24 10:06:16,542.9,1349326
2021-06-24 10:06:17,542.9,1349326
2021-06-24 10:06:18,542.9,1349326
2021-06-24 10:06:19,542.95,1349402
2021-06-24 10:06:20,542.95,1349402
2021-06-24 10:06:21,542.85,1349467
2021-06-24 10:06:22,542.85,1349779
2021-06-24 10:06:23,542.9,1349833
2021-06-24 10:06:24,542.95,1349840
2021-06-24 10:06:25,542.95,1349840
2021-06-24 10:06:27,542.9,1350191
2021-06-24 10:06:27,542.9,1350191
2021-06-24 10:06:28,542.9,1350191
2021-06-24 10:06:29,542.9,1350291
2021-06-24 10:06:30,542.85,1350299
2021-06-24 10:06:31,542.85,1350328
2021-06-24 10:06:32,542.85,1350839
2021-06-24 10:06:33,542.85,1350890
2021-06-24 10:06:34,542.9,1350920
2021-06-24 10:06:35,542.85,1350926
2021-06-24 10:06:36,542.85,1350928
2021-06-24 10:06:37,542.85,1350934
2021-06-24 10:06:38,542.85,1351462
2021-06-24 10:06:39,542.85,1351538
2021-06-24 10:06:40,542.85,1351619
2021-06-24 10:06:41,542.9,1351631
2021-06-24 10:06:42,542.85,1351646
2021-06-24 10:06:43,542.9,1351657
2021-06-24 10:06:44,542.9,1352000
2021-06-24 10:06:45,542.9,1352039
2021-06-24 10:06:46,542.9,1352069
2021-06-24 10:06:47,542.95,1352072
2021-06-24 10:06:49,542.95,1352074
2021-06-24 10:06:49,542.95,1352175
2021-06-24 10:06:50,543.0,1352225
2021-06-24 10:06:51,543.05,1352233
2021-06-24 10:06:52,543.0,1352272
2021-06-24 10:06:54,543.25,1352366
2021-06-24 10:06:55,543.0,1352390
2021-06-24 10:06:57,543.25,1352603
2021-06-24 10:06:57,543.25,1352625
2021-06-24 10:06:58,543.2,1352895
2021-06-24 10:06:59,543.3,1353241
2021-06-24 10:07:01,543.3,1353243
2021-06-24 10:07:02,543.3,1353293
2021-06-24 10:07:02,543.3,1353293
2021-06-24 10:07:03,543.3,1353293
2021-06-24 10:07:04,543.25,1353296
2021-06-24 10:07:05,543.2,1353396
2021-06-24 10:07:06,543.25,1353407
2021-06-24 10:07:07,543.25,1353407
2021-06-24 10:07:09,543.25,1353873
2021-06-24 10:07:09,543.25,1353876
2021-06-24 10:07:10,543.25,1353876
2021-06-24 10:07:11,543.2,1353891
2021-06-24 10:07:13,543.2,1354611
2021-06-24 10:07:13,543.2,1354611
2021-06-24 10:07:14,543.15,1354631
2021-06-24 10:07:16,543.2,1354711
2021-06-24 10:07:16,543.2,1354711
2021-06-24 10:07:17,543.0,1354775
2021-06-24 10:07:18,543.15,1354790
2021-06-24 10:07:20,543.15,1355327
2021-06-24 10:07:21,543.15,1355327
2021-06-24 10:07:21,543.15,1355365
2021-06-24 10:07:22,543.0,1355383
2021-06-24 10:07:24,543.15,1355420
2021-06-24 10:07:25,543.0,1355468
2021-06-24 10:07:26,543.15,1355518
2021-06-24 10:07:27,543.0,1355603
2021-06-24 10:07:27,543.0,1355612
2021-06-24 10:07:28,543.15,1355820
2021-06-24 10:07:29,543.0,1355845
2021-06-24 10:07:31,543.1,1355863
2021-06-24 10:07:31,543.1,1355863
2021-06-24 10:07:32,543.1,1355890
2021-06-24 10:07:33,543.1,1355929
2021-06-24 10:07:34,543.15,1356218
2021-06-24 10:07:35,543.15,1356257
2021-06-24 10:07:36,543.15,1356257
2021-06-24 10:07:37,543.1,1356258
2021-06-24 10:07:39,543.1,1356270
2021-06-24 10:07:40,543.1,1356328
2021-06-24 10:07:40,543.1,1356327
2021-06-24 10:07:41,543.0,1356340
2021-06-24 10:07:42,543.0,1356342
2021-06-24 10:07:43,543.1,1356442
2021-06-24 10:07:45,543.1,1356448
2021-06-24 10:07:46,543.1,1356468
2021-06-24 10:07:47,543.1,1356468
2021-06-24 10:07:48,543.05,1356609
2021-06-24 10:07:49,543.05,1356652
2021-06-24 10:07:50,543.05,1356656
2021-06-24 10:07:52,543.05,1356821
2021-06-24 10:07:53,543.1,1356873
2021-06-24 10:07:53,543.1,1356974
2021-06-24 10:07:55,543.05,1358922
2021-06-24 10:07:56,543.2,1360128
2021-06-24 10:07:57,543.2,1360128
2021-06-24 10:07:58,543.2,1360128
2021-06-24 10:07:59,543.2,1360128
2021-06-24 10:07:59,543.2,1360128
2021-06-24 10:08:01,543.0,1360134
2021-06-24 10:08:02,543.0,1360154
2021-06-24 10:08:02,543.0,1360152
2021-06-24 10:08:03,543.0,1360154
2021-06-24 10:08:04,543.2,1360454
2021-06-24 10:08:05,543.1,1360468
2021-06-24 10:08:06,543.1,1362083
2021-06-24 10:08:07,543.2,1362616
2021-06-24 10:08:08,543.2,1362616
2021-06-24 10:08:09,543.2,1362616
2021-06-24 10:08:11,543.1,1365559
2021-06-24 10:08:11,543.1,1365853
2021-06-24 10:08:12,543.1,1365883
2021-06-24 10:08:13,543.2,1365887
2021-06-24 10:08:14,543.2,1365913
2021-06-24 10:08:15,543.2,1365913
2021-06-24 10:08:17,543.25,1366896
2021-06-24 10:08:18,543.25,1366896
2021-06-24 10:08:18,543.25,1366896
2021-06-24 10:08:19,543.2,1366925
2021-06-24 10:08:20,543.25,1366936
2021-06-24 10:08:22,543.25,1367076
2021-06-24 10:08:23,543.25,1367577
2021-06-24 10:08:24,543.25,1367577
2021-06-24 10:08:25,543.25,1367577
2021-06-24 10:08:26,543.25,1367612
2021-06-24 10:08:26,543.05,1367615
2021-06-24 10:08:27,543.25,1367716
2021-06-24 10:08:28,543.25,1367716
2021-06-24 10:08:29,543.25,1368049
2021-06-24 10:08:30,543.25,1368226
2021-06-24 10:08:31,543.2,1368314
2021-06-24 10:08:32,543.2,1368421
2021-06-24 10:08:33,543.1,1369436
2021-06-24 10:08:34,543.1,1369928
2021-06-24 10:08:36,543.1,1370009
2021-06-24 10:08:37,543.1,1370032
2021-06-24 10:08:37,543.1,1370035
2021-06-24 10:08:38,543.2,1370141
2021-06-24 10:08:39,543.2,1370151
2021-06-24 10:08:40,543.2,1370152
2021-06-24 10:08:42,543.2,1370470
2021-06-24 10:08:43,543.1,1370682
2021-06-24 10:08:43,543.1,1370703
2021-06-24 10:08:44,543.25,1370882
2021-06-24 10:08:45,543.1,1371035
2021-06-24 10:08:46,543.1,1371066
2021-06-24 10:08:47,543.1,1371072
2021-06-24 10:08:48,543.2,1371177
2021-06-24 10:08:50,543.15,1371215
2021-06-24 10:08:51,543.2,1371374
2021-06-24 10:08:52,543.2,1371389
2021-06-24 10:08:53,543.15,1371390
2021-06-24 10:08:55,543.25,1371634
2021-06-24 10:08:56,543.25,1371634
2021-06-24 10:08:57,543.25,1371634
2021-06-24 10:08:58,543.25,1371952
2021-06-24 10:08:59,543.25,1371952
2021-06-24 10:09:00,543.2,1371970
2021-06-24 10:09:01,543.2,1371972
2021-06-24 10:09:01,543.25,1371973
2021-06-24 10:09:04,543.2,1372008
2021-06-24 10:09:05,543.25,1372013
2021-06-24 10:09:06,543.15,1372213
2021-06-24 10:09:07,543.2,1372248
2021-06-24 10:09:09,543.2,1372305
2021-06-24 10:09:10,543.15,1372610
2021-06-24 10:09:11,543.25,1372741
2021-06-24 10:09:12,543.25,1372741
2021-06-24 10:09:14,543.15,1373374
2021-06-24 10:09:15,543.15,1373437
2021-06-24 10:09:16,543.25,1373663
2021-06-24 10:09:16,543.25,1373663
2021-06-24 10:09:17,543.25,1373663
2021-06-24 10:09:18,543.2,1373690
2021-06-24 10:09:20,543.2,1373695
2021-06-24 10:09:21,543.2,1373846
2021-06-24 10:09:22,543.2,1373889
2021-06-24 10:09:23,543.25,1374133
2021-06-24 10:09:24,543.25,1374244
2021-06-24 10:09:24,543.25,1374244
2021-06-24 10:09:26,543.15,1374359
2021-06-24 10:09:27,543.15,1374493
2021-06-24 10:09:28,543.25,1374508
2021-06-24 10:09:30,543.25,1374509
2021-06-24 10:09:32,543.15,1374601
2021-06-24 10:09:33,543.25,1374624
2021-06-24 10:09:34,543.25,1374627
2021-06-24 10:09:35,543.2,1374643
2021-06-24 10:09:35,543.2,1374643
2021-06-24 10:09:36,543.2,1374658
2021-06-24 10:09:37,543.2,1374689
2021-06-24 10:09:38,543.15,1375008
2021-06-24 10:09:39,543.15,1375051
2021-06-24 10:09:40,543.15,1375111
2021-06-24 10:09:41,543.15,1375117
2021-06-24 10:09:42,543.15,1375118
2021-06-24 10:09:43,543.15,1375126
2021-06-24 10:09:45,543.15,1375303
2021-06-24 10:09:46,543.2,1375312
2021-06-24 10:09:47,543.2,1375313
2021-06-24 10:09:50,543.3,1378026
2021-06-24 10:09:51,543.25,1378051
2021-06-24 10:09:51,543.25,1378053
2021-06-24 10:09:52,543.3,1378351
2021-06-24 10:09:53,543.35,1378430
2021-06-24 10:09:54,543.35,1378495
2021-06-24 10:09:56,543.35,1379085
2021-06-24 10:09:58,543.4,1379231
2021-06-24 10:09:57,543.4,1379191
2021-06-24 10:09:59,543.3,1379236
2021-06-24 10:09:59,543.3,1379237
2021-06-24 10:10:01,543.4,1379837
2021-06-24 10:10:01,543.4,1379837
2021-06-24 10:10:03,543.3,1379877
2021-06-24 10:10:04,543.3,1379881
2021-06-24 10:10:05,543.3,1379892
2021-06-24 10:10:06,543.3,1379893
2021-06-24 10:10:07,543.3,1379893
2021-06-24 10:10:08,543.3,1379940
2021-06-24 10:10:08,543.3,1379945
2021-06-24 10:10:10,543.4,1380206
2021-06-24 10:10:11,543.4,1380226
2021-06-24 10:10:12,543.45,1381226
2021-06-24 10:10:12,543.45,1381226
2021-06-24 10:10:14,543.45,1381276
2021-06-24 10:10:14,543.45,1381276
2021-06-24 10:10:15,543.45,1381478
2021-06-24 10:10:16,543.45,1381789
2021-06-24 10:10:17,543.45,1381789
2021-06-24 10:10:19,543.35,1382614
2021-06-24 10:10:20,543.35,1382697
2021-06-24 10:10:21,543.4,1382713
2021-06-24 10:10:22,543.4,1382713
2021-06-24 10:10:23,543.35,1382878
2021-06-24 10:10:24,543.35,1382895
2021-06-24 10:10:24,543.35,1382897
2021-06-24 10:10:25,543.4,1382900
2021-06-24 10:10:26,543.4,1382901
2021-06-24 10:10:27,543.4,1382901
2021-06-24 10:10:28,543.4,1384101
2021-06-24 10:10:29,543.5,1384445
2021-06-24 10:10:30,543.4,1384507
2021-06-24 10:10:33,543.4,1384904
2021-06-24 10:10:34,543.45,1384947
2021-06-24 10:10:35,543.45,1384947
2021-06-24 10:10:37,543.5,1384968
2021-06-24 10:10:38,543.4,1384980
2021-06-24 10:10:40,543.4,1385292
2021-06-24 10:10:42,543.45,1385837
2021-06-24 10:10:43,543.45,1385837
2021-06-24 10:10:44,543.45,1385837
2021-06-24 10:10:45,543.45,1385888
2021-06-24 10:10:46,543.45,1385888
2021-06-24 10:10:47,543.45,1386100
2021-06-24 10:10:47,543.45,1386100
2021-06-24 10:10:49,543.4,1386111
2021-06-24 10:10:49,543.4,1386112
2021-06-24 10:10:50,543.45,1386144
2021-06-24 10:10:51,543.45,1386654
2021-06-24 10:10:53,543.4,1387059
2021-06-24 10:10:54,543.4,1387137
2021-06-24 10:10:55,543.4,1387145
2021-06-24 10:10:55,543.4,1387146
2021-06-24 10:10:56,543.45,1387333
2021-06-24 10:10:57,543.45,1387369
2021-06-24 10:10:58,543.45,1387370
2021-06-24 10:11:00,543.4,1387376
2021-06-24 10:11:01,543.45,1387485
2021-06-24 10:11:02,543.45,1387537
2021-06-24 10:11:03,543.45,1387557
2021-06-24 10:11:04,543.4,1387970
2021-06-24 10:11:07,543.4,1389107
2021-06-24 10:11:08,543.4,1389175
2021-06-24 10:11:09,543.4,1390749
2021-06-24 10:11:09,543.4,1390559
2021-06-24 10:11:10,543.4,1390804
2021-06-24 10:11:11,543.35,1390837
2021-06-24 10:11:12,543.35,1391149
2021-06-24 10:11:14,543.35,1392296
2021-06-24 10:11:15,543.3,1392298
2021-06-24 10:11:16,543.3,1392299
2021-06-24 10:11:16,543.3,1392299
2021-06-24 10:11:17,543.3,1392310
2021-06-24 10:11:19,543.3,1392325
2021-06-24 10:11:19,543.3,1392324
2021-06-24 10:11:20,543.3,1392325
2021-06-24 10:11:21,543.2,1392329
2021-06-24 10:11:22,543.2,1392839
2021-06-24 10:11:23,543.2,1393005
2021-06-24 10:11:25,543.2,1393121
2021-06-24 10:11:26,543.3,1393174
2021-06-24 10:11:27,543.3,1393224
2021-06-24 10:11:28,543.3,1393224
2021-06-24 10:11:29,543.2,1393332
2021-06-24 10:11:31,543.2,1393642
2021-06-24 10:11:31,543.2,1393671
2021-06-24 10:11:32,543.2,1394660
2021-06-24 10:11:33,543.15,1394681
2021-06-24 10:11:35,543.2,1394684
2021-06-24 10:11:36,543.15,1394794
2021-06-24 10:11:37,543.2,1394858
2021-06-24 10:11:37,543.2,1394858
2021-06-24 10:11:38,543.15,1394883
2021-06-24 10:11:39,543.15,1394888
2021-06-24 10:11:41,543.15,1394893
2021-06-24 10:11:43,543.15,1394903
2021-06-24 10:11:44,543.15,1395234
2021-06-24 10:11:44,543.15,1395234
2021-06-24 10:11:53,543.1,1395869
2021-06-24 10:11:57,543.15,1396321
2021-06-24 10:12:01,543.05,1396392
2021-06-24 10:12:05,543.15,1396458
2021-06-24 10:12:09,543.15,1396564
2021-06-24 10:12:14,543.15,1396675
2021-06-24 10:12:17,543.15,1397014
2021-06-24 10:12:21,543.25,1397239
2021-06-24 10:12:25,543.2,1397290
2021-06-24 10:12:29,543.25,1397908
2021-06-24 10:12:32,543.25,1398087
2021-06-24 10:12:36,543.25,1398439
2021-06-24 10:12:40,543.15,1398474
2021-06-24 10:12:44,543.15,1398758
2021-06-24 10:12:49,543.25,1399124
2021-06-24 10:12:53,543.2,1399219
2021-06-24 10:12:57,543.2,1399354
2021-06-24 10:13:01,543.25,1399888
2021-06-24 10:13:05,543.2,1400180
2021-06-24 10:13:09,543.1,1400465
2021-06-24 10:13:13,543.1,1400552
2021-06-24 10:13:17,543.1,1400708
2021-06-24 10:13:20,543.1,1400753
2021-06-24 10:13:28,543.2,1401316
2021-06-24 10:13:36,543.15,1403937
2021-06-24 10:13:41,543.15,1404201
2021-06-24 10:13:45,543.2,1404287
2021-06-24 10:13:49,543.15,1404313
2021-06-24 10:13:53,543.1,1404543
2021-06-24 10:13:57,543.15,1404853
2021-06-24 10:14:01,543.15,1405236
2021-06-24 10:14:05,543.15,1405482
2021-06-24 10:14:09,543.2,1405509
2021-06-24 10:14:13,543.25,1405788
2021-06-24 10:14:17,543.45,1406566
2021-06-24 10:14:20,543.3,1407404
2021-06-24 10:14:24,543.45,1407530
2021-06-24 10:14:28,543.45,1408010
2021-06-24 10:14:32,543.3,1408334
2021-06-24 10:14:36,543.3,1408427
2021-06-24 10:14:40,543.3,1409370
2021-06-24 10:14:44,543.35,1409701
2021-06-24 10:14:47,543.35,1409769
2021-06-24 10:14:51,543.35,1410061
2021-06-24 10:14:55,543.45,1411318
2021-06-24 10:15:00,543.3,1411330
2021-06-24 10:15:04,543.35,1411813
2021-06-24 10:15:07,543.3,1412065
2021-06-24 10:15:11,543.3,1412495
2021-06-24 10:15:19,543.35,1413490
2021-06-24 10:15:23,543.5,1413531
2021-06-24 10:15:27,543.35,1414323
2021-06-24 10:15:35,543.4,1414623
2021-06-24 10:15:39,543.35,1415210
2021-06-24 10:15:43,543.45,1415519
2021-06-24 10:15:50,543.45,1415728
2021-06-24 10:15:54,543.45,1416075
2021-06-24 10:15:57,543.45,1416380
2021-06-24 10:16:01,543.45,1416860
2021-06-24 10:16:04,543.45,1416909
2021-06-24 10:16:08,543.4,1416960
2021-06-24 10:16:11,543.5,1417024
2021-06-24 10:16:15,543.5,1417318
2021-06-24 10:16:19,543.45,1417849
2021-06-24 10:16:22,543.45,1417906
2021-06-24 10:16:30,543.4,1423017
2021-06-24 10:16:33,543.4,1423960
2021-06-24 10:16:37,543.35,1424044
2021-06-24 10:16:41,543.4,1424137
2021-06-24 10:16:45,543.4,1424909
2021-06-24 10:16:49,543.3,1425864
2021-06-24 10:16:52,543.4,1426473
2021-06-24 10:16:56,543.35,1426723
2021-06-24 10:17:00,543.4,1426992
2021-06-24 10:17:03,543.3,1428604
2021-06-24 10:17:07,543.45,1428847
2021-06-24 10:17:11,543.4,1429012
2021-06-24 10:17:15,543.45,1429101
2021-06-24 10:17:20,543.45,1430522
2021-06-24 10:17:24,543.4,1430799
2021-06-24 10:17:27,543.45,1430877
2021-06-24 10:17:31,543.4,1431063
2021-06-24 10:17:38,543.4,1431675
2021-06-24 10:17:42,543.45,1431915
2021-06-24 10:17:45,543.45,1432790
2021-06-24 10:17:49,543.4,1432930
2021-06-24 10:17:53,543.35,1433026
2021-06-24 10:17:56,543.35,1433034
2021-06-24 10:18:00,543.3,1434853
2021-06-24 10:18:04,543.15,1437424
2021-06-24 10:18:08,543.15,1437849
2021-06-24 10:18:11,543.15,1438240
2021-06-24 10:18:15,543.2,1438731
2021-06-24 10:18:18,543.3,1439544
2021-06-24 10:18:22,543.25,1439602
2021-06-24 10:18:27,543.15,1440211
2021-06-24 10:18:31,543.25,1440281
2021-06-24 10:18:36,543.15,1440642
2021-06-24 10:18:40,543.15,1440740
2021-06-24 10:18:44,543.25,1441375
2021-06-24 10:18:48,543.2,1441443
2021-06-24 10:18:52,543.2,1441928
2021-06-24 10:18:56,543.2,1441977
2021-06-24 10:19:00,543.15,1442053
2021-06-24 10:19:04,543.25,1442384
2021-06-24 10:19:08,543.2,1442410
2021-06-24 10:19:12,543.2,1444149
2021-06-24 10:19:16,543.25,1444652
2021-06-24 10:19:19,543.15,1445018
2021-06-24 10:19:23,543.15,1445173
2021-06-24 10:19:27,543.2,1445201
2021-06-24 10:19:31,543.15,1445256
2021-06-24 10:19:35,543.2,1446303
2021-06-24 10:19:38,543.0,1446554
2021-06-24 10:19:42,543.15,1447311
2021-06-24 10:19:45,543.0,1447357
2021-06-24 10:19:49,543.05,1447477
2021-06-24 10:19:53,543.05,1448239
2021-06-24 10:19:56,543.05,1448485
2021-06-24 10:20:00,543.05,1448689
2021-06-24 10:20:05,543.0,1449548
2021-06-24 10:20:13,543.15,1450175
2021-06-24 10:20:17,543.0,1450180
2021-06-24 10:20:20,543.0,1450390
2021-06-24 10:20:23,543.05,1450508
2021-06-24 10:20:27,543.1,1451314
2021-06-24 10:20:31,543.0,1451545
2021-06-24 10:20:35,543.1,1451593
2021-06-24 10:20:39,543.0,1455040
2021-06-24 10:20:43,543.1,1455881
2021-06-24 10:20:47,543.0,1456256
2021-06-24 10:20:52,543.0,1457635
2021-06-24 10:20:55,543.0,1458054
2021-06-24 10:20:59,542.95,1458247
2021-06-24 10:21:03,543.0,1458517
2021-06-24 10:21:07,542.9,1458634
2021-06-24 10:21:11,542.9,1458761
2021-06-24 10:21:15,542.95,1458910
2021-06-24 10:21:18,542.95,1459245
2021-06-24 10:21:22,542.95,1459299
2021-06-24 10:21:26,543.0,1459319
2021-06-24 10:21:29,543.0,1459339
2021-06-24 10:21:33,543.0,1459362
2021-06-24 10:21:37,543.0,1459388
2021-06-24 10:21:40,542.95,1459448
2021-06-24 10:21:43,542.95,1459864
2021-06-24 10:21:46,542.95,1459881
2021-06-24 10:21:50,542.9,1460013
2021-06-24 10:21:53,542.9,1460082
2021-06-24 10:21:56,542.9,1461560
2021-06-24 10:22:00,542.95,1461834
2021-06-24 10:22:04,542.55,1465136
2021-06-24 10:22:07,542.75,1465666
2021-06-24 10:22:11,542.55,1465887
2021-06-24 10:22:14,542.55,1465943
2021-06-24 10:22:19,542.55,1466494
2021-06-24 10:22:23,542.5,1468040
2021-06-24 10:22:27,542.4,1468326
2021-06-24 10:22:31,542.3,1468479
2021-06-24 10:22:35,542.4,1468611
2021-06-24 10:22:39,542.3,1469226
2021-06-24 10:22:47,542.2,1470482
2021-06-24 10:22:51,542.15,1472568
2021-06-24 10:22:54,542.0,1479514
2021-06-24 10:22:58,542.05,1480377
2021-06-24 10:23:02,542.05,1480919
2021-06-24 10:23:05,542.1,1481957
2021-06-24 10:23:09,542.05,1482629
2021-06-24 10:23:13,542.3,1483222
2021-06-24 10:23:17,542.3,1483241
2021-06-24 10:23:21,542.2,1483335
2021-06-24 10:23:25,542.15,1486433
2021-06-24 10:23:29,542.1,1487439
2021-06-24 10:23:33,542.05,1488226
2021-06-24 10:23:37,542.3,1488443
2021-06-24 10:23:41,542.25,1489131
2021-06-24 10:23:44,542.35,1489468
2021-06-24 10:23:48,542.5,1491542
2021-06-24 10:23:55,542.4,1491714
2021-06-24 10:23:59,542.45,1492257
2021-06-24 10:24:03,542.45,1492497
2021-06-24 10:24:06,542.6,1493215
2021-06-24 10:24:10,542.75,1493584
2021-06-24 10:24:13,542.9,1494230
2021-06-24 10:24:17,542.9,1495885
2021-06-24 10:24:20,542.9,1496315
2021-06-24 10:24:23,542.95,1496660
2021-06-24 10:24:27,543.0,1496900
2021-06-24 10:24:31,543.0,1497434
2021-06-24 10:24:34,543.0,1497648
2021-06-24 10:24:38,543.0,1498863
2021-06-24 10:24:41,543.0,1499222
2021-06-24 10:24:45,543.0,1500264
2021-06-24 10:24:49,542.7,1503562
2021-06-24 10:24:53,542.45,1504311
2021-06-24 10:24:57,542.7,1504821
2021-06-24 10:25:01,542.7,1505636
2021-06-24 10:25:05,542.6,1505963
2021-06-24 10:25:09,542.9,1506163
2021-06-24 10:25:13,542.85,1508692
2021-06-24 10:25:18,542.8,1509369
2021-06-24 10:25:23,542.7,1510462
2021-06-24 10:25:27,542.6,1510624
2021-06-24 10:25:31,542.65,1510925
2021-06-24 10:25:35,542.55,1511013
2021-06-24 10:25:39,542.65,1511149
2021-06-24 10:25:43,542.6,1511212
2021-06-24 10:25:46,542.6,1511222
2021-06-24 10:25:50,542.65,1511398
2021-06-24 10:25:54,542.9,1512418
2021-06-24 10:25:58,542.9,1513253
2021-06-24 10:26:02,542.85,1513467
2021-06-24 10:26:06,543.0,1513921
2021-06-24 10:26:09,543.0,1514576
2021-06-24 10:26:13,543.0,1514586
2021-06-24 10:26:16,543.0,1514790
2021-06-24 10:26:20,543.0,1515041
2021-06-24 10:26:24,543.0,1515318
2021-06-24 10:26:28,543.15,1516206
2021-06-24 10:26:32,543.0,1516399
2021-06-24 10:26:35,543.0,1516553
2021-06-24 10:26:39,542.5,1518882
2021-06-24 10:26:43,542.5,1519183
2021-06-24 10:26:46,542.75,1520436
2021-06-24 10:26:47,542.75,1520498
2021-06-24 10:26:48,542.5,1520499
2021-06-24 10:26:49,542.5,1520500
2021-06-24 10:26:50,542.5,1520500
2021-06-24 10:26:51,542.5,1520500
2021-06-24 10:26:52,542.5,1520514
2021-06-24 10:26:53,542.5,1520537
2021-06-24 10:26:54,542.7,1520886
2021-06-24 10:26:55,542.75,1521136
2021-06-24 10:26:56,542.5,1521236
2021-06-24 10:26:57,542.5,1521276
2021-06-24 10:26:58,542.7,1521300
2021-06-24 10:26:59,542.65,1521351
2021-06-24 10:27:00,542.65,1521351
2021-06-24 10:27:01,542.5,1522362
2021-06-24 10:27:02,542.5,1522513
2021-06-24 10:27:03,542.5,1522674
2021-06-24 10:27:04,542.5,1524450
2021-06-24 10:27:05,542.5,1524748
2021-06-24 10:27:06,542.5,1524858
2021-06-24 10:27:07,542.5,1525009
2021-06-24 10:27:09,542.5,1525323
2021-06-24 10:27:10,542.5,1525484
2021-06-24 10:27:11,542.5,1525601
2021-06-24 10:27:12,542.5,1525713
2021-06-24 10:27:13,542.5,1525974
2021-06-24 10:27:14,542.5,1526686
2021-06-24 10:27:15,542.5,1526797
2021-06-24 10:27:16,542.5,1526919
2021-06-24 10:27:17,542.5,1527711
2021-06-24 10:27:18,542.5,1527910
2021-06-24 10:27:19,542.5,1528053
2021-06-24 10:27:20,542.5,1528127
2021-06-24 10:27:21,542.5,1528255
2021-06-24 10:27:22,542.5,1528454
2021-06-24 10:27:23,542.55,1528629
2021-06-24 10:27:24,542.55,1528712
2021-06-24 10:27:26,542.55,1530532
2021-06-24 10:27:28,542.5,1530640
2021-06-24 10:27:28,542.5,1530612
2021-06-24 10:27:29,542.5,1530723
2021-06-24 10:27:30,542.5,1531141
2021-06-24 10:27:31,542.5,1531263
2021-06-24 10:27:32,542.5,1531355
2021-06-24 10:27:33,542.5,1531524
2021-06-24 10:27:34,542.5,1531682
2021-06-24 10:27:35,542.5,1531738
2021-06-24 10:27:37,542.3,1531997
2021-06-24 10:27:37,542.3,1532043
2021-06-24 10:27:38,542.3,1532200
2021-06-24 10:27:39,542.35,1532315
2021-06-24 10:27:40,542.35,1532417
2021-06-24 10:27:41,542.35,1532527
2021-06-24 10:27:42,542.35,1532740
2021-06-24 10:27:43,542.45,1532765
2021-06-24 10:27:44,542.3,1532770
2021-06-24 10:27:45,542.35,1532830
2021-06-24 10:27:46,542.35,1532836
2021-06-24 10:27:47,542.45,1532875
2021-06-24 10:27:48,542.45,1532975
2021-06-24 10:27:49,542.45,1532975
2021-06-24 10:27:50,542.35,1532977
2021-06-24 10:27:51,542.45,1532982
2021-06-24 10:27:52,542.45,1532982
2021-06-24 10:27:53,542.45,1532989
2021-06-24 10:27:54,542.45,1532990
2021-06-24 10:27:55,542.45,1532990
2021-06-24 10:27:56,542.3,1533491
2021-06-24 10:27:57,542.45,1533542
2021-06-24 10:27:58,542.45,1533542
2021-06-24 10:27:59,542.4,1533544
2021-06-24 10:28:00,542.4,1533544
2021-06-24 10:28:01,542.4,1533759
2021-06-24 10:28:02,542.35,1533787
2021-06-24 10:28:03,542.4,1533844
2021-06-24 10:28:04,542.35,1533856
2021-06-24 10:28:05,542.4,1533858
2021-06-24 10:28:06,542.45,1534624
2021-06-24 10:28:07,542.35,1534668
2021-06-24 10:28:08,542.35,1534706
2021-06-24 10:28:09,542.35,1534710
2021-06-24 10:28:10,542.35,1534710
2021-06-24 10:28:11,542.45,1535162
2021-06-24 10:28:12,542.4,1535215
2021-06-24 10:28:13,542.4,1535226
2021-06-24 10:28:14,542.4,1535377
2021-06-24 10:28:15,542.45,1535402
2021-06-24 10:28:16,542.45,1535402
2021-06-24 10:28:17,542.45,1535402
2021-06-24 10:28:18,542.4,1535468
2021-06-24 10:28:19,542.4,1535774
2021-06-24 10:28:20,542.4,1535844
2021-06-24 10:28:21,542.4,1535925
2021-06-24 10:28:22,542.4,1535987
2021-06-24 10:28:23,542.4,1535993
2021-06-24 10:28:24,542.35,1537740
2021-06-24 10:28:25,542.65,1538372
2021-06-24 10:28:26,542.45,1538482
2021-06-24 10:28:28,542.5,1538500
2021-06-24 10:28:29,542.5,1538501
2021-06-24 10:28:30,542.55,1540584
2021-06-24 10:28:31,542.55,1540635
2021-06-24 10:28:32,542.55,1540635
2021-06-24 10:28:33,542.55,1540635
2021-06-24 10:28:34,542.55,1540635
2021-06-24 10:28:35,542.55,1540635
2021-06-24 10:28:36,542.55,1540635
2021-06-24 10:28:37,542.5,1540696
2021-06-24 10:28:38,542.55,1540941
2021-06-24 10:28:39,542.55,1540951
2021-06-24 10:28:40,542.55,1540952
2021-06-24 10:28:42,542.4,1541347
2021-06-24 10:28:43,542.4,1541387
2021-06-24 10:28:43,542.4,1541391
2021-06-24 10:28:44,542.45,1541901
2021-06-24 10:28:45,542.45,1541904
2021-06-24 10:28:46,542.45,1541910
2021-06-24 10:28:47,542.55,1541994
2021-06-24 10:28:48,542.4,1542014
2021-06-24 10:28:50,542.65,1542240
2021-06-24 10:28:51,542.65,1542240
2021-06-24 10:28:52,542.65,1542240
2021-06-24 10:28:52,542.45,1542248
2021-06-24 10:28:53,542.45,1542299
2021-06-24 10:28:54,542.6,1542310
2021-06-24 10:28:56,542.6,1542311
2021-06-24 10:28:56,542.6,1542311
2021-06-24 10:28:57,542.6,1542311
2021-06-24 10:28:59,542.6,1542311
2021-06-24 10:29:00,542.6,1542611
2021-06-24 10:29:01,542.6,1542667
2021-06-24 10:29:02,542.65,1542700
2021-06-24 10:29:03,542.6,1542740
2021-06-24 10:29:04,542.6,1542741
2021-06-24 10:29:05,542.6,1542759
2021-06-24 10:29:06,542.6,1542759
2021-06-24 10:29:07,542.6,1542760
2021-06-24 10:29:09,542.45,1542806
2021-06-24 10:29:10,542.45,1543423
2021-06-24 10:29:11,542.4,1543449
2021-06-24 10:29:12,542.4,1543452
2021-06-24 10:29:13,542.4,1543458
2021-06-24 10:29:14,542.45,1543476
2021-06-24 10:29:15,542.45,1543480
2021-06-24 10:29:17,542.4,1543484
2021-06-24 10:29:18,542.4,1543560
2021-06-24 10:29:19,542.4,1543569
2021-06-24 10:29:19,542.45,1544581
2021-06-24 10:29:21,542.65,1544757
2021-06-24 10:29:23,542.65,1544767
2021-06-24 10:29:24,542.65,1544767
2021-06-24 10:29:24,542.75,1544775
2021-06-24 10:29:26,542.75,1544775
2021-06-24 10:29:26,542.75,1544775
2021-06-24 10:29:27,542.75,1544875
2021-06-24 10:29:28,542.75,1544875
2021-06-24 10:29:29,542.75,1544875
2021-06-24 10:29:30,542.75,1544885
2021-06-24 10:29:31,542.75,1544885
2021-06-24 10:29:32,542.6,1544913
2021-06-24 10:29:34,542.6,1545551
2021-06-24 10:29:35,542.6,1545559
2021-06-24 10:29:36,542.6,1545559
2021-06-24 10:29:37,542.65,1545821
2021-06-24 10:29:38,542.55,1545867
2021-06-24 10:29:39,542.65,1545974
2021-06-24 10:29:39,542.65,1545974
2021-06-24 10:29:40,542.65,1545974
2021-06-24 10:29:41,542.65,1545974
2021-06-24 10:29:42,542.55,1545990
2021-06-24 10:29:43,542.55,1546171
2021-06-24 10:29:44,542.65,1546293
2021-06-24 10:29:45,542.55,1546311
2021-06-24 10:29:46,542.65,1546316
2021-06-24 10:29:48,542.7,1546818
2021-06-24 10:29:49,542.6,1546846
2021-06-24 10:29:50,542.6,1546846
2021-06-24 10:29:51,542.6,1546846
2021-06-24 10:29:52,542.6,1546846
2021-06-24 10:29:53,542.6,1546896
2021-06-24 10:29:54,542.7,1546926
2021-06-24 10:29:55,542.7,1546929
2021-06-24 10:29:56,542.7,1546929
2021-06-24 10:29:57,542.7,1546929
2021-06-24 10:29:58,542.7,1546929
2021-06-24 10:29:59,542.7,1546929
2021-06-24 10:30:01,542.7,1546937
2021-06-24 10:30:02,542.7,1546940
2021-06-24 10:30:03,542.7,1546985
2021-06-24 10:30:04,542.7,1546985
2021-06-24 10:30:04,542.7,1546985
2021-06-24 10:30:05,542.7,1546987
2021-06-24 10:30:06,542.65,1547399
2021-06-24 10:30:07,542.65,1547399
2021-06-24 10:30:09,542.6,1547405
2021-06-24 10:30:09,542.6,1547405
2021-06-24 10:30:10,542.6,1547405
2021-06-24 10:30:11,542.65,1547415
2021-06-24 10:30:12,542.65,1547423
2021-06-24 10:30:13,542.65,1547423
2021-06-24 10:30:14,542.65,1547453
2021-06-24 10:30:15,542.65,1548361
2021-06-24 10:30:16,542.65,1548386
2021-06-24 10:30:17,542.65,1548387
2021-06-24 10:30:19,542.65,1548387
2021-06-24 10:30:20,542.7,1548555
2021-06-24 10:30:20,542.8,1548574
2021-06-24 10:30:22,542.8,1548604
2021-06-24 10:30:23,542.8,1548604
2021-06-24 10:30:24,542.9,1548699
2021-06-24 10:30:25,542.9,1548699
2021-06-24 10:30:26,542.9,1548795
2021-06-24 10:30:28,542.8,1549119
2021-06-24 10:30:28,542.9,1549219
2021-06-24 10:30:29,542.95,1549966
2021-06-24 10:30:32,542.95,1549966
2021-06-24 10:30:33,542.9,1550016
2021-06-24 10:30:34,542.9,1550016
2021-06-24 10:30:35,542.85,1550017
2021-06-24 10:30:35,542.85,1550017
2021-06-24 10:30:36,542.85,1550057
2021-06-24 10:30:38,542.9,1550364
2021-06-24 10:30:38,542.9,1550364
2021-06-24 10:30:39,542.9,1550417
2021-06-24 10:30:40,542.8,1550419
2021-06-24 10:30:41,542.8,1550420
2021-06-24 10:30:42,542.8,1550420
2021-06-24 10:30:43,542.9,1550538
2021-06-24 10:30:44,542.8,1550563
2021-06-24 10:30:45,542.8,1550642
2021-06-24 10:30:47,542.85,1550675
2021-06-24 10:30:48,542.85,1550675
2021-06-24 10:30:49,542.85,1550682
2021-06-24 10:30:50,542.85,1550701
2021-06-24 10:30:50,542.8,1552207
2021-06-24 10:30:52,542.85,1553965
2021-06-24 10:30:52,542.85,1554015
2021-06-24 10:30:54,542.75,1554061
2021-06-24 10:30:55,542.7,1554067
2021-06-24 10:30:56,542.75,1554169
2021-06-24 10:30:57,542.75,1554172
2021-06-24 10:30:57,542.75,1554172
2021-06-24 10:30:58,542.7,1554191
2021-06-24 10:30:59,542.7,1554193
2021-06-24 10:31:00,542.7,1554193
2021-06-24 10:31:01,542.65,1554297
2021-06-24 10:31:02,542.75,1554316
2021-06-24 10:31:04,542.7,1554401
2021-06-24 10:31:05,542.85,1554419
2021-06-24 10:31:06,542.85,1554419
2021-06-24 10:31:07,542.85,1554419
2021-06-24 10:31:08,542.8,1556301
2021-06-24 10:31:09,542.8,1556490
2021-06-24 10:31:10,542.85,1556617
2021-06-24 10:31:10,542.7,1556622
2021-06-24 10:31:11,542.7,1556623
2021-06-24 10:31:12,542.7,1556628
2021-06-24 10:31:13,542.7,1556628
2021-06-24 10:31:14,542.7,1556628
2021-06-24 10:31:15,542.7,1556628
2021-06-24 10:31:16,542.85,1556843
2021-06-24 10:31:17,542.85,1556870
2021-06-24 10:31:19,542.9,1556994
2021-06-24 10:31:20,542.85,1556999
2021-06-24 10:31:21,542.9,1557014
2021-06-24 10:31:22,542.9,1557024
2021-06-24 10:31:23,542.9,1557025
2021-06-24 10:31:24,542.9,1557035
2021-06-24 10:31:25,542.85,1557042
2021-06-24 10:31:26,542.85,1557699
2021-06-24 10:31:27,542.85,1557765
2021-06-24 10:31:28,542.85,1558816
2021-06-24 10:31:29,542.85,1558941
2021-06-24 10:31:30,542.9,1558955
2021-06-24 10:31:32,542.85,1559006
2021-06-24 10:31:33,542.85,1559011
2021-06-24 10:31:34,542.85,1559217
2021-06-24 10:31:35,542.85,1559237
2021-06-24 10:31:37,542.85,1560616
2021-06-24 10:31:38,542.8,1560620
2021-06-24 10:31:39,542.8,1560650
2021-06-24 10:31:40,542.75,1560720
2021-06-24 10:31:41,542.75,1560727
2021-06-24 10:31:42,542.85,1560757
2021-06-24 10:31:43,542.85,1560767
2021-06-24 10:31:44,542.85,1560768
2021-06-24 10:31:45,542.85,1560779
2021-06-24 10:31:45,542.85,1560779
2021-06-24 10:31:47,542.85,1560817
2021-06-24 10:31:48,542.75,1560892
2021-06-24 10:31:49,542.85,1561900
2021-06-24 10:31:49,542.85,1561900
2021-06-24 10:31:50,542.8,1561902
2021-06-24 10:31:51,542.85,1561952
2021-06-24 10:31:53,542.85,1562110
2021-06-24 10:31:54,542.85,1562110
2021-06-24 10:31:56,542.85,1562110
2021-06-24 10:31:57,542.9,1562197
2021-06-24 10:31:58,542.9,1562797
2021-06-24 10:31:59,542.9,1562797
2021-06-24 10:32:00,542.9,1563033
2021-06-24 10:32:00,542.9,1563067
2021-06-24 10:32:01,542.9,1563071
2021-06-24 10:32:04,542.85,1563308
2021-06-24 10:32:05,542.85,1563313
2021-06-24 10:32:06,542.85,1563326
2021-06-24 10:32:07,542.9,1563337
2021-06-24 10:32:07,542.85,1563340
2021-06-24 10:32:08,542.85,1563341
2021-06-24 10:32:09,542.85,1563341
2021-06-24 10:32:11,542.85,1563341
2021-06-24 10:32:12,542.85,1563341
2021-06-24 10:32:13,542.9,1563433
2021-06-24 10:32:14,542.75,1564958
2021-06-24 10:32:15,542.75,1565115
2021-06-24 10:32:16,542.75,1565131
2021-06-24 10:32:17,542.75,1565132
2021-06-24 10:32:17,542.75,1565132
2021-06-24 10:32:19,542.85,1565200
2021-06-24 10:32:20,542.85,1565200
2021-06-24 10:32:21,542.85,1565200
2021-06-24 10:32:21,542.85,1565200
2021-06-24 10:32:22,543.0,1566014
2021-06-24 10:32:24,542.85,1566015
2021-06-24 10:32:25,542.9,1566065
2021-06-24 10:32:25,542.9,1566065
2021-06-24 10:32:26,542.9,1566065
2021-06-24 10:32:27,542.9,1566254
2021-06-24 10:32:28,542.9,1566254
2021-06-24 10:32:30,542.9,1566254
2021-06-24 10:32:30,542.9,1566254
2021-06-24 10:32:31,542.9,1566254
2021-06-24 10:32:32,542.9,1566254
2021-06-24 10:32:33,542.9,1566265
2021-06-24 10:32:34,542.9,1566533
2021-06-24 10:32:35,542.85,1566627
2021-06-24 10:32:36,542.85,1566642
2021-06-24 10:32:37,542.85,1566666
2021-06-24 10:32:38,542.85,1566666
2021-06-24 10:32:40,542.85,1566669
2021-06-24 10:32:40,542.8,1566681
2021-06-24 10:32:41,542.85,1566732
2021-06-24 10:32:43,542.8,1566758
2021-06-24 10:32:44,542.8,1566761
2021-06-24 10:32:45,542.8,1566771
2021-06-24 10:32:46,542.8,1568358
2021-06-24 10:32:47,542.8,1568480
2021-06-24 10:32:48,542.8,1568480
2021-06-24 10:32:49,542.8,1568480
2021-06-24 10:32:50,542.8,1568480
2021-06-24 10:32:51,542.8,1568497
2021-06-24 10:32:52,542.8,1568753
2021-06-24 10:32:53,542.9,1569085
2021-06-24 10:32:54,542.9,1569086
2021-06-24 10:32:55,542.8,1569094
2021-06-24 10:32:55,542.8,1569095
2021-06-24 10:32:56,542.8,1569095
2021-06-24 10:32:58,543.0,1569131
2021-06-24 10:32:59,543.0,1569131
2021-06-24 10:33:00,542.9,1569486
2021-06-24 10:33:01,542.8,1569994
2021-06-24 10:33:01,542.8,1570045
2021-06-24 10:33:02,542.9,1570060
2021-06-24 10:33:03,542.85,1570061
2021-06-24 10:33:05,542.85,1570061
2021-06-24 10:33:06,542.85,1570066
2021-06-24 10:33:07,542.85,1570068
2021-06-24 10:33:07,542.85,1570068
2021-06-24 10:33:09,542.85,1570075
2021-06-24 10:33:10,542.85,1570076
2021-06-24 10:33:11,542.85,1570076
2021-06-24 10:33:12,542.9,1570077
2021-06-24 10:33:13,543.0,1570727
2021-06-24 10:33:15,542.85,1571687
2021-06-24 10:33:16,542.9,1571787
2021-06-24 10:33:17,542.95,1575942
2021-06-24 10:33:18,542.95,1576264
2021-06-24 10:33:19,542.9,1576284
2021-06-24 10:33:20,542.95,1576297
2021-06-24 10:33:21,542.95,1577426
2021-06-24 10:33:22,542.95,1577429
2021-06-24 10:33:23,542.95,1577429
2021-06-24 10:33:24,542.95,1577429
2021-06-24 10:33:25,542.95,1577430
2021-06-24 10:33:25,542.95,1577430
2021-06-24 10:33:26,542.95,1577481
2021-06-24 10:33:27,542.95,1577481
2021-06-24 10:33:29,542.95,1577481
2021-06-24 10:33:29,542.95,1577481
2021-06-24 10:33:30,542.95,1577491
2021-06-24 10:33:32,542.9,1577692
2021-06-24 10:33:33,542.9,1578046
2021-06-24 10:33:34,542.95,1578110
2021-06-24 10:33:35,542.95,1578146
2021-06-24 10:33:36,542.9,1578235
2021-06-24 10:33:37,542.95,1578248
2021-06-24 10:33:38,542.95,1578393
2021-06-24 10:33:38,542.95,1578393
2021-06-24 10:33:39,542.95,1578393
2021-06-24 10:33:41,542.95,1578393
2021-06-24 10:33:42,542.9,1578403
2021-06-24 10:33:43,542.9,1578405
2021-06-24 10:33:44,542.9,1578805
2021-06-24 10:33:45,542.9,1578846
2021-06-24 10:33:46,542.95,1578967
2021-06-24 10:33:47,542.95,1579002
2021-06-24 10:33:48,542.95,1579211
2021-06-24 10:33:49,542.95,1579232
2021-06-24 10:33:50,542.95,1579234
2021-06-24 10:33:52,543.0,1579237
2021-06-24 10:33:53,543.1,1579359
2021-06-24 10:33:54,543.1,1579806
2021-06-24 10:33:55,543.1,1579806
2021-06-24 10:33:56,543.1,1580017
2021-06-24 10:33:57,543.1,1580017
2021-06-24 10:33:58,543.1,1580021
2021-06-24 10:33:59,543.1,1580527
2021-06-24 10:34:00,543.1,1580622
2021-06-24 10:34:01,543.1,1581132
2021-06-24 10:34:02,543.15,1581843
2021-06-24 10:34:03,543.05,1581943
2021-06-24 10:34:04,543.05,1581968
2021-06-24 10:34:05,543.05,1582148
2021-06-24 10:34:06,543.15,1582629
2021-06-24 10:34:07,543.15,1582632
2021-06-24 10:34:08,543.15,1582737
2021-06-24 10:34:10,543.15,1582745
2021-06-24 10:34:11,543.15,1582745
2021-06-24 10:34:12,543.1,1582797
2021-06-24 10:34:12,543.1,1582802
2021-06-24 10:34:13,543.15,1582843
2021-06-24 10:34:15,543.1,1583319
2021-06-24 10:34:16,543.1,1583439
2021-06-24 10:34:17,543.05,1583536
2021-06-24 10:34:18,543.05,1583545
2021-06-24 10:34:19,543.1,1583580
2021-06-24 10:34:20,543.1,1583681
2021-06-24 10:34:22,543.05,1583760
2021-06-24 10:34:23,543.05,1583768
2021-06-24 10:34:24,543.1,1583890
2021-06-24 10:34:25,543.1,1583890
2021-06-24 10:34:26,543.1,1583953
2021-06-24 10:34:27,543.1,1583964
2021-06-24 10:34:28,543.1,1584002
2021-06-24 10:34:29,543.05,1584006
2021-06-24 10:34:30,543.05,1584006
2021-06-24 10:34:31,543.05,1584006
2021-06-24 10:34:32,543.05,1584006
2021-06-24 10:34:33,543.1,1584007
2021-06-24 10:34:34,543.1,1584007
2021-06-24 10:34:35,543.05,1584107
2021-06-24 10:34:36,543.1,1584183
2021-06-24 10:34:37,543.1,1584204
2021-06-24 10:34:38,543.1,1584206
2021-06-24 10:34:39,543.1,1584206
2021-06-24 10:34:40,543.15,1585572
2021-06-24 10:34:41,543.15,1585572
2021-06-24 10:34:42,543.1,1585602
2021-06-24 10:34:43,543.1,1585605
2021-06-24 10:34:44,543.1,1585611
2021-06-24 10:34:45,543.05,1585889
2021-06-24 10:34:46,543.05,1587521
2021-06-24 10:34:47,543.05,1588007
2021-06-24 10:34:48,543.05,1588107
2021-06-24 10:34:49,543.05,1588112
2021-06-24 10:34:50,543.1,1588199
2021-06-24 10:34:51,542.95,1588210
2021-06-24 10:34:52,542.95,1588233
2021-06-24 10:34:53,543.05,1588239
2021-06-24 10:34:54,543.05,1588269
2021-06-24 10:34:55,542.95,1588407
2021-06-24 10:34:56,542.8,1590388
2021-06-24 10:34:57,542.8,1590590
2021-06-24 10:34:58,542.8,1591936
2021-06-24 10:34:59,542.8,1592144
2021-06-24 10:35:00,542.75,1592227
2021-06-24 10:35:01,542.75,1592235
2021-06-24 10:35:02,542.7,1593222
2021-06-24 10:35:03,542.65,1593753
2021-06-24 10:35:04,542.6,1593757
2021-06-24 10:35:05,542.55,1594057
2021-06-24 10:35:06,542.5,1594316
2021-06-24 10:35:07,542.65,1594516
2021-06-24 10:35:08,542.55,1594766
2021-06-24 10:35:09,542.6,1594836
2021-06-24 10:35:10,542.5,1594839
2021-06-24 10:35:11,542.6,1594968
2021-06-24 10:35:12,542.6,1595017
2021-06-24 10:35:13,542.45,1595025
2021-06-24 10:35:14,542.45,1595159
2021-06-24 10:35:15,542.45,1595203
2021-06-24 10:35:16,542.45,1595232
2021-06-24 10:35:17,542.45,1595255
2021-06-24 10:35:18,542.55,1595490
2021-06-24 10:35:19,542.45,1595537
2021-06-24 10:35:20,542.45,1595540
2021-06-24 10:35:21,542.5,1595645
2021-06-24 10:35:22,542.5,1595645
2021-06-24 10:35:23,542.45,1595660
2021-06-24 10:35:24,542.45,1595661
2021-06-24 10:35:25,542.5,1595673
2021-06-24 10:35:26,542.5,1595673
2021-06-24 10:35:27,542.5,1595673
2021-06-24 10:35:28,542.45,1596884
2021-06-24 10:35:29,542.45,1596885
2021-06-24 10:35:30,542.4,1597698
2021-06-24 10:35:31,542.4,1597779
2021-06-24 10:35:32,542.45,1598009
2021-06-24 10:35:33,542.45,1598009
2021-06-24 10:35:34,542.45,1598455
2021-06-24 10:35:35,542.5,1598524
2021-06-24 10:35:36,542.5,1598532
2021-06-24 10:35:37,542.5,1598532
2021-06-24 10:35:38,542.45,1598533
2021-06-24 10:35:39,542.5,1598626
2021-06-24 10:35:40,542.5,1598626
2021-06-24 10:35:41,542.5,1598627
2021-06-24 10:35:42,542.5,1598627
2021-06-24 10:35:43,542.35,1598668
2021-06-24 10:35:44,542.5,1598714
2021-06-24 10:35:45,542.5,1598714
2021-06-24 10:35:46,542.45,1598845
2021-06-24 10:35:47,542.45,1598858
2021-06-24 10:35:48,542.45,1599054
2021-06-24 10:35:49,542.45,1599058
2021-06-24 10:35:50,542.35,1599074
2021-06-24 10:35:51,542.45,1599106
2021-06-24 10:35:52,542.45,1599107
2021-06-24 10:35:53,542.35,1599167
2021-06-24 10:35:54,542.35,1599182
2021-06-24 10:35:55,542.45,1599206
2021-06-24 10:35:56,542.45,1599889
2021-06-24 10:35:57,542.45,1599889
2021-06-24 10:35:58,542.45,1599889
2021-06-24 10:35:59,542.35,1600813
2021-06-24 10:36:00,542.45,1600976
2021-06-24 10:36:01,542.35,1601078
2021-06-24 10:36:02,542.35,1601093
2021-06-24 10:36:03,542.35,1601095
2021-06-24 10:36:04,542.35,1601095
2021-06-24 10:36:05,542.35,1601095
2021-06-24 10:36:06,542.35,1601095
2021-06-24 10:36:07,542.25,1602555
2021-06-24 10:36:08,542.25,1602555
2021-06-24 10:36:09,542.25,1602572
2021-06-24 10:36:10,542.2,1602972
2021-06-24 10:36:11,542.2,1602996
2021-06-24 10:36:12,542.2,1603268
2021-06-24 10:36:13,542.2,1603268
2021-06-24 10:36:14,542.05,1604168
2021-06-24 10:36:16,542.0,1604983
2021-06-24 10:36:17,542.1,1605172
2021-06-24 10:36:18,542.0,1605183
2021-06-24 10:36:19,542.1,1605447
2021-06-24 10:36:20,542.1,1605457
2021-06-24 10:36:21,542.0,1605464
2021-06-24 10:36:22,542.0,1605679
2021-06-24 10:36:23,542.1,1605730
2021-06-24 10:36:24,542.1,1605734
2021-06-24 10:36:25,542.3,1606445
2021-06-24 10:36:26,542.2,1606486
2021-06-24 10:36:27,542.1,1607092
2021-06-24 10:36:29,542.3,1607206
2021-06-24 10:36:28,542.1,1607183
2021-06-24 10:36:30,542.3,1607206
2021-06-24 10:36:31,542.3,1607206
2021-06-24 10:36:32,542.3,1607230
2021-06-24 10:36:34,542.1,1607235
2021-06-24 10:36:35,542.2,1607270
2021-06-24 10:36:36,542.2,1607270
2021-06-24 10:36:37,542.2,1607560
2021-06-24 10:36:38,542.3,1607627
2021-06-24 10:36:39,542.3,1607627
2021-06-24 10:36:40,542.35,1607828
2021-06-24 10:36:41,542.35,1607837
2021-06-24 10:36:42,542.35,1608141
2021-06-24 10:36:43,542.35,1608175
2021-06-24 10:36:44,542.35,1609153
2021-06-24 10:36:45,542.35,1609301
2021-06-24 10:36:46,542.35,1609348
2021-06-24 10:36:47,542.45,1609364
2021-06-24 10:36:48,542.45,1609364
2021-06-24 10:36:49,542.4,1609407
2021-06-24 10:36:50,542.4,1609427
2021-06-24 10:36:51,542.4,1609430
2021-06-24 10:36:52,542.45,1609534
2021-06-24 10:36:53,542.45,1609544
2021-06-24 10:36:54,542.45,1609544
2021-06-24 10:36:55,542.45,1609547
2021-06-24 10:36:56,542.4,1609606
2021-06-24 10:36:57,542.35,1611431
2021-06-24 10:36:59,542.35,1611431
2021-06-24 10:37:01,542.2,1612568
2021-06-24 10:37:02,542.1,1612575
2021-06-24 10:37:03,542.2,1612597
2021-06-24 10:37:04,542.2,1612600
2021-06-24 10:37:06,542.2,1612820
