timestamp,ltp,volume
2021-06-17 09:19:34,28415.6,0
2021-06-17 09:19:46,28411.9,0
2021-06-17 09:19:47,28416.65,0
2021-06-17 09:19:48,28417.2,0
2021-06-17 09:19:49,28414.3,0
2021-06-17 09:19:50,28419.5,0
2021-06-17 09:19:52,28415.65,0
2021-06-17 09:19:53,28418.35,0
2021-06-17 09:19:54,28418.35,0
2021-06-17 09:19:55,28415.95,0
2021-06-17 09:19:56,28416.15,0
2021-06-17 09:19:57,28417.9,0
2021-06-17 09:19:58,28415.05,0
2021-06-17 09:19:59,28412.9,0
2021-06-17 09:20:00,28416.0,0
2021-06-17 09:20:01,28417.75,0
2021-06-17 09:20:02,28416.45,0
2021-06-17 09:20:03,28417.75,0
2021-06-17 09:20:04,28413.55,0
2021-06-17 09:20:05,28413.7,0
2021-06-17 09:20:07,28413.3,0
2021-06-17 09:20:08,28414.1,0
2021-06-17 09:20:09,28417.0,0
2021-06-17 09:20:10,28415.5,0
2021-06-17 09:20:11,28415.1,0
2021-06-17 09:20:12,28416.55,0
2021-06-17 09:20:13,28416.55,0
2021-06-17 09:20:14,28418.65,0
2021-06-17 09:20:15,28413.7,0
2021-06-17 09:20:16,28417.3,0
2021-06-17 09:20:18,28417.85,0
2021-06-17 09:20:19,28417.8,0
2021-06-17 09:20:20,28420.7,0
2021-06-17 09:20:21,28417.2,0
2021-06-17 09:20:22,28411.85,0
2021-06-17 09:20:23,28412.15,0
2021-06-17 09:20:24,28412.95,0
2021-06-17 09:20:25,28411.05,0
2021-06-17 09:20:27,28405.15,0
2021-06-17 09:20:28,28406.65,0
2021-06-17 09:20:29,28409.2,0
2021-06-17 09:20:30,28411.1,0
2021-06-17 09:20:31,28410.6,0
2021-06-17 09:20:33,28409.8,0
2021-06-17 09:20:34,28407.75,0
2021-06-17 09:20:35,28402.5,0
2021-06-17 09:20:37,28400.3,0
2021-06-17 09:20:38,28399.8,0
2021-06-17 09:20:40,28394.4,0
2021-06-17 09:20:41,28390.4,0
2021-06-17 09:20:42,28393.7,0
2021-06-17 09:20:43,28391.05,0
2021-06-17 09:20:44,28390.45,0
2021-06-17 09:20:45,28388.8,0
2021-06-17 09:20:46,28388.35,0
2021-06-17 09:20:47,28386.15,0
2021-06-17 09:20:48,28388.7,0
2021-06-17 09:20:49,28390.35,0
2021-06-17 09:20:50,28385.3,0
2021-06-17 09:20:51,28388.65,0
2021-06-17 09:20:52,28387.1,0
2021-06-17 09:20:53,28388.1,0
2021-06-17 09:20:55,28394.2,0
2021-06-17 09:20:56,28394.7,0
2021-06-17 09:20:58,28393.1,0
2021-06-17 09:20:59,28388.5,0
2021-06-17 09:21:00,28385.3,0
2021-06-17 09:21:01,28386.15,0
2021-06-17 09:21:02,28386.05,0
2021-06-17 09:21:03,28387.0,0
2021-06-17 09:21:04,28389.95,0
2021-06-17 09:21:05,28391.3,0
2021-06-17 09:21:07,28384.45,0
2021-06-17 09:21:08,28383.35,0
2021-06-17 09:21:09,28376.45,0
2021-06-17 09:21:10,28381.55,0
2021-06-17 09:21:11,28380.5,0
2021-06-17 09:21:12,28382.6,0
2021-06-17 09:21:13,28382.5,0
2021-06-17 09:21:15,28385.45,0
2021-06-17 09:21:17,28389.95,0
2021-06-17 09:21:18,28385.6,0
2021-06-17 09:21:20,28382.95,0
2021-06-17 09:21:21,28384.05,0
2021-06-17 09:21:22,28380.85,0
2021-06-17 09:21:23,28380.75,0
2021-06-17 09:21:24,28378.95,0
2021-06-17 09:21:25,28380.9,0
2021-06-17 09:21:26,28380.05,0
2021-06-17 09:21:27,28376.9,0
2021-06-17 09:21:30,28367.9,0
2021-06-17 09:21:31,28373.3,0
2021-06-17 09:21:32,28373.6,0
2021-06-17 09:21:33,28363.4,0
2021-06-17 09:21:34,28363.3,0
2021-06-17 09:21:35,28365.4,0
2021-06-17 09:21:36,28366.65,0
2021-06-17 09:21:37,28363.95,0
2021-06-17 09:21:38,28362.25,0
2021-06-17 09:21:39,28362.25,0
2021-06-17 09:21:40,28362.1,0
2021-06-17 09:21:41,28358.75,0
2021-06-17 09:21:43,28360.85,0
2021-06-17 09:21:44,28360.9,0
2021-06-17 09:21:45,28356.3,0
2021-06-17 09:21:46,28365.25,0
2021-06-17 09:21:47,28361.55,0
2021-06-17 09:21:48,28362.75,0
2021-06-17 09:21:49,28363.45,0
2021-06-17 09:21:50,28364.9,0
2021-06-17 09:21:51,28362.4,0
2021-06-17 09:21:52,28366.75,0
2021-06-17 09:21:53,28365.15,0
2021-06-17 09:21:54,28363.25,0
2021-06-17 09:21:55,28362.95,0
2021-06-17 09:21:56,28361.15,0
2021-06-17 09:21:57,28359.3,0
2021-06-17 09:21:58,28364.25,0
2021-06-17 09:21:59,28364.55,0
2021-06-17 09:22:00,28366.85,0
2021-06-17 09:22:01,28364.55,0
2021-06-17 09:22:02,28364.55,0
2021-06-17 09:22:03,28355.6,0
2021-06-17 09:22:04,28363.6,0
2021-06-17 09:22:05,28365.3,0
2021-06-17 09:22:06,28364.2,0
2021-06-17 09:22:07,28362.3,0
2021-06-17 09:22:08,28367.05,0
2021-06-17 09:22:09,28366.6,0
2021-06-17 09:22:10,28365.5,0
2021-06-17 09:22:11,28361.9,0
2021-06-17 09:22:12,28361.1,0
2021-06-17 09:22:13,28365.15,0
2021-06-17 09:22:14,28365.5,0
2021-06-17 09:22:15,28365.4,0
2021-06-17 09:22:16,28365.85,0
2021-06-17 09:22:17,28366.35,0
2021-06-17 09:22:18,28366.3,0
2021-06-17 09:22:19,28363.85,0
2021-06-17 09:22:20,28362.45,0
2021-06-17 09:22:21,28367.05,0
2021-06-17 09:22:22,28367.15,0
2021-06-17 09:22:23,28363.05,0
2021-06-17 09:22:24,28365.45,0
2021-06-17 09:22:26,28358.35,0
2021-06-17 09:22:27,28362.75,0
2021-06-17 09:22:28,28360.45,0
2021-06-17 09:22:29,28363.5,0
2021-06-17 09:22:30,28366.5,0
2021-06-17 09:22:31,28369.1,0
2021-06-17 09:22:32,28373.95,0
2021-06-17 09:22:33,28372.05,0
2021-06-17 09:22:34,28375.15,0
2021-06-17 09:22:35,28375.7,0
2021-06-17 09:22:36,28377.2,0
2021-06-17 09:22:37,28374.45,0
2021-06-17 09:22:38,28372.0,0
2021-06-17 09:22:40,28378.1,0
2021-06-17 09:22:41,28373.6,0
2021-06-17 09:22:42,28375.15,0
2021-06-17 09:22:43,28370.9,0
2021-06-17 09:22:44,28372.15,0
2021-06-17 09:22:45,28369.3,0
2021-06-17 09:22:47,28370.1,0
2021-06-17 09:22:50,28373.45,0
2021-06-17 09:22:51,28372.6,0
2021-06-17 09:22:52,28375.35,0
2021-06-17 09:22:54,28378.55,0
2021-06-17 09:22:55,28382.8,0
2021-06-17 09:22:56,28382.3,0
2021-06-17 09:22:57,28379.7,0
2021-06-17 09:22:59,28380.35,0
2021-06-17 09:23:00,28380.15,0
2021-06-17 09:23:01,28381.6,0
2021-06-17 09:23:02,28381.0,0
2021-06-17 09:23:04,28379.75,0
2021-06-17 09:23:05,28378.0,0
2021-06-17 09:23:06,28376.95,0
2021-06-17 09:23:07,28374.35,0
2021-06-17 09:23:08,28376.6,0
2021-06-17 09:23:09,28377.25,0
2021-06-17 09:23:10,28376.75,0
2021-06-17 09:23:12,28375.1,0
2021-06-17 09:23:15,28381.0,0
2021-06-17 09:23:16,28380.8,0
2021-06-17 09:23:18,28379.7,0
2021-06-17 09:23:19,28381.25,0
2021-06-17 09:23:21,28380.1,0
2021-06-17 09:23:22,28380.2,0
2021-06-17 09:23:23,28380.35,0
2021-06-17 09:23:24,28380.25,0
2021-06-17 09:23:25,28378.45,0
2021-06-17 09:23:26,28381.85,0
2021-06-17 09:23:27,28382.45,0
2021-06-17 09:23:33,28385.8,0
2021-06-17 09:23:34,28385.6,0
2021-06-17 09:23:35,28385.0,0
2021-06-17 09:23:36,28387.05,0
2021-06-17 09:23:37,28390.35,0
2021-06-17 09:23:38,28391.55,0
2021-06-17 09:23:39,28389.85,0
2021-06-17 09:23:40,28385.25,0
2021-06-17 09:23:41,28387.45,0
2021-06-17 09:23:42,28388.5,0
2021-06-17 09:23:43,28388.45,0
2021-06-17 09:23:45,28392.5,0
2021-06-17 09:23:46,28391.55,0
2021-06-17 09:23:47,28389.4,0
2021-06-17 09:23:48,28389.3,0
2021-06-17 09:23:49,28389.05,0
2021-06-17 09:23:52,28391.9,0
2021-06-17 09:23:53,28391.75,0
2021-06-17 09:23:54,28393.5,0
2021-06-17 09:23:55,28393.6,0
2021-06-17 09:23:56,28396.55,0
2021-06-17 09:23:57,28395.5,0
2021-06-17 09:23:58,28395.75,0
2021-06-17 09:23:59,28395.35,0
2021-06-17 09:24:00,28395.7,0
2021-06-17 09:24:01,28400.1,0
2021-06-17 09:24:02,28400.15,0
2021-06-17 09:24:03,28397.7,0
2021-06-17 09:24:04,28398.4,0
2021-06-17 09:24:05,28397.3,0
2021-06-17 09:24:06,28397.4,0
2021-06-17 09:24:07,28393.8,0
2021-06-17 09:24:10,28398.15,0
2021-06-17 09:24:11,28396.5,0
2021-06-17 09:24:12,28396.45,0
2021-06-17 09:24:13,28399.25,0
2021-06-17 09:24:14,28399.25,0
2021-06-17 09:24:16,28400.85,0
2021-06-17 09:24:17,28400.7,0
2021-06-17 09:24:18,28402.05,0
2021-06-17 09:24:19,28401.2,0
2021-06-17 09:24:21,28400.5,0
2021-06-17 09:24:23,28400.95,0
2021-06-17 09:24:24,28401.15,0
2021-06-17 09:24:25,28395.15,0
2021-06-17 09:24:26,28402.75,0
2021-06-17 09:24:27,28397.7,0
2021-06-17 09:24:28,28397.0,0
2021-06-17 09:24:29,28398.3,0
2021-06-17 09:24:30,28396.45,0
2021-06-17 09:24:31,28401.9,0
2021-06-17 09:24:32,28398.2,0
2021-06-17 09:24:34,28398.65,0
2021-06-17 09:24:35,28401.2,0
2021-06-17 09:24:36,28403.25,0
2021-06-17 09:24:37,28400.5,0
2021-06-17 09:24:38,28402.5,0
2021-06-17 09:24:39,28400.55,0
2021-06-17 09:24:40,28399.35,0
2021-06-17 09:24:41,28401.65,0
2021-06-17 09:24:42,28404.1,0
2021-06-17 09:24:43,28406.7,0
2021-06-17 09:24:44,28404.5,0
2021-06-17 09:24:45,28403.55,0
2021-06-17 09:24:46,28405.1,0
2021-06-17 09:24:48,28409.95,0
2021-06-17 09:24:49,28404.05,0
2021-06-17 09:24:50,28404.6,0
2021-06-17 09:24:51,28406.4,0
2021-06-17 09:24:52,28406.35,0
2021-06-17 09:24:53,28409.0,0
2021-06-17 09:24:55,28409.75,0
2021-06-17 09:24:56,28408.75,0
2021-06-17 09:24:57,28412.5,0
2021-06-17 09:24:58,28407.3,0
2021-06-17 09:25:00,28412.85,0
2021-06-17 09:25:01,28408.8,0
2021-06-17 09:25:02,28409.1,0
2021-06-17 09:25:03,28403.5,0
2021-06-17 09:25:05,28404.8,0
2021-06-17 09:25:07,28403.55,0
2021-06-17 09:25:08,28404.3,0
2021-06-17 09:25:09,28407.6,0
2021-06-17 09:25:10,28406.85,0
2021-06-17 09:25:11,28411.0,0
2021-06-17 09:25:12,28414.85,0
2021-06-17 09:25:13,28413.55,0
2021-06-17 09:25:14,28411.9,0
2021-06-17 09:25:15,28415.5,0
2021-06-17 09:25:16,28415.45,0
2021-06-17 09:25:17,28413.0,0
2021-06-17 09:25:18,28413.95,0
2021-06-17 09:25:20,28416.55,0
2021-06-17 09:25:21,28415.7,0
2021-06-17 09:25:22,28415.05,0
2021-06-17 09:25:23,28412.5,0
2021-06-17 09:25:24,28416.15,0
2021-06-17 09:25:25,28418.25,0
2021-06-17 09:25:26,28419.75,0
2021-06-17 09:25:27,28423.65,0
2021-06-17 09:25:28,28417.55,0
2021-06-17 09:25:29,28418.1,0
2021-06-17 09:25:30,28415.95,0
2021-06-17 09:25:31,28413.65,0
2021-06-17 09:25:32,28419.1,0
2021-06-17 09:25:33,28420.8,0
2021-06-17 09:25:34,28414.85,0
2021-06-17 09:25:35,28416.8,0
2021-06-17 09:25:36,28418.4,0
2021-06-17 09:25:38,28417.0,0
2021-06-17 09:25:39,28412.3,0
2021-06-17 09:25:40,28411.5,0
2021-06-17 09:25:41,28415.6,0
2021-06-17 09:25:42,28418.75,0
2021-06-17 09:25:43,28416.65,0
2021-06-17 09:25:44,28423.8,0
2021-06-17 09:25:48,28415.95,0
2021-06-17 09:25:49,28418.5,0
2021-06-17 09:25:50,28416.2,0
2021-06-17 09:25:51,28415.4,0
2021-06-17 09:25:52,28414.8,0
2021-06-17 09:25:53,28416.05,0
2021-06-17 09:25:54,28412.0,0
2021-06-17 09:25:55,28412.35,0
2021-06-17 09:25:56,28413.95,0
2021-06-17 09:25:57,28410.55,0
2021-06-17 09:25:58,28416.2,0
2021-06-17 09:25:59,28414.7,0
2021-06-17 09:26:00,28419.35,0
2021-06-17 09:26:02,28421.7,0
2021-06-17 09:26:03,28422.05,0
2021-06-17 09:26:04,28422.05,0
2021-06-17 09:26:05,28423.2,0
2021-06-17 09:26:06,28424.5,0
2021-06-17 09:26:07,28422.95,0
2021-06-17 09:26:08,28422.55,0
2021-06-17 09:26:09,28421.9,0
2021-06-17 09:26:10,28420.65,0
2021-06-17 09:26:11,28425.5,0
2021-06-17 09:26:12,28420.5,0
2021-06-17 09:26:13,28425.2,0
2021-06-17 09:26:14,28425.5,0
2021-06-17 09:26:15,28425.75,0
2021-06-17 09:26:16,28425.5,0
2021-06-17 09:26:17,28425.45,0
2021-06-17 09:26:18,28422.15,0
2021-06-17 09:26:19,28428.5,0
2021-06-17 09:26:20,28427.65,0
2021-06-17 09:26:21,28427.95,0
2021-06-17 09:26:22,28429.35,0
2021-06-17 09:26:23,28430.55,0
2021-06-17 09:26:24,28428.75,0
2021-06-17 09:26:25,28432.35,0
2021-06-17 09:26:27,28428.9,0
2021-06-17 09:26:28,28428.8,0
2021-06-17 09:26:29,28430.2,0
2021-06-17 09:26:30,28429.2,0
2021-06-17 09:26:31,28432.7,0
2021-06-17 09:26:32,28426.55,0
2021-06-17 09:26:33,28428.25,0
2021-06-17 09:26:35,28433.55,0
2021-06-17 09:26:36,28431.65,0
2021-06-17 09:26:37,28435.9,0
2021-06-17 09:26:38,28431.95,0
2021-06-17 09:26:39,28433.7,0
2021-06-17 09:26:40,28433.45,0
2021-06-17 09:26:43,28428.15,0
2021-06-17 09:26:44,28431.9,0
2021-06-17 09:26:45,28433.15,0
2021-06-17 09:26:46,28433.45,0
2021-06-17 09:26:47,28431.8,0
2021-06-17 09:26:48,28430.25,0
2021-06-17 09:26:49,28431.35,0
2021-06-17 09:26:50,28434.0,0
2021-06-17 09:26:51,28433.35,0
2021-06-17 09:26:52,28436.25,0
2021-06-17 09:26:53,28434.45,0
2021-06-17 09:26:54,28438.2,0
2021-06-17 09:26:55,28437.4,0
2021-06-17 09:26:56,28434.9,0
2021-06-17 09:26:57,28439.45,0
2021-06-17 09:26:58,28441.0,0
2021-06-17 09:27:00,28442.25,0
2021-06-17 09:27:01,28439.0,0
2021-06-17 09:27:02,28441.25,0
2021-06-17 09:27:03,28443.2,0
2021-06-17 09:27:04,28441.1,0
2021-06-17 09:27:05,28438.35,0
2021-06-17 09:27:06,28445.35,0
2021-06-17 09:27:07,28445.85,0
2021-06-17 09:27:08,28445.4,0
2021-06-17 09:27:10,28443.45,0
2021-06-17 09:27:11,28444.5,0
2021-06-17 09:27:12,28448.85,0
2021-06-17 09:27:14,28445.2,0
2021-06-17 09:27:15,28445.45,0
2021-06-17 09:27:19,28442.65,0
2021-06-17 09:27:20,28442.4,0
2021-06-17 09:27:22,28442.95,0
2021-06-17 09:27:23,28444.55,0
2021-06-17 09:27:24,28443.9,0
2021-06-17 09:27:25,28445.35,0
2021-06-17 09:27:27,28443.45,0
2021-06-17 09:27:28,28442.9,0
2021-06-17 09:27:29,28443.65,0
2021-06-17 09:27:30,28443.55,0
2021-06-17 09:27:31,28443.65,0
2021-06-17 09:27:32,28446.2,0
2021-06-17 09:27:33,28445.75,0
2021-06-17 09:27:34,28442.05,0
2021-06-17 09:27:35,28445.0,0
2021-06-17 09:27:36,28444.8,0
2021-06-17 09:27:37,28446.55,0
2021-06-17 09:27:38,28447.65,0
2021-06-17 09:27:39,28448.05,0
2021-06-17 09:27:40,28445.7,0
2021-06-17 09:27:41,28443.6,0
2021-06-17 09:27:42,28443.1,0
2021-06-17 09:27:43,28441.95,0
2021-06-17 09:27:44,28442.3,0
2021-06-17 09:27:45,28443.2,0
2021-06-17 09:27:46,28437.7,0
2021-06-17 09:27:48,28435.55,0
2021-06-17 09:27:49,28434.4,0
2021-06-17 09:27:50,28432.0,0
2021-06-17 09:27:51,28431.2,0
2021-06-17 09:27:53,28428.5,0
2021-06-17 09:27:55,28433.8,0
2021-06-17 09:27:56,28430.2,0
2021-06-17 09:27:59,28425.35,0
2021-06-17 09:28:00,28426.85,0
2021-06-17 09:28:01,28428.35,0
2021-06-17 09:28:02,28428.8,0
2021-06-17 09:28:03,28425.35,0
2021-06-17 09:28:04,28424.75,0
2021-06-17 09:28:06,28423.3,0
2021-06-17 09:28:07,28422.25,0
2021-06-17 09:28:08,28426.4,0
2021-06-17 09:28:09,28426.65,0
2021-06-17 09:28:11,28422.8,0
2021-06-17 09:28:12,28422.55,0
2021-06-17 09:28:13,28424.55,0
2021-06-17 09:28:14,28423.95,0
2021-06-17 09:28:15,28423.7,0
2021-06-17 09:28:16,28423.15,0
2021-06-17 09:28:17,28421.9,0
2021-06-17 09:28:18,28422.0,0
2021-06-17 09:28:19,28419.35,0
2021-06-17 09:28:20,28419.5,0
2021-06-17 09:28:21,28421.7,0
2021-06-17 09:28:22,28420.2,0
2021-06-17 09:28:23,28419.9,0
2021-06-17 09:28:24,28419.4,0
2021-06-17 09:28:25,28418.3,0
2021-06-17 09:28:26,28418.85,0
2021-06-17 09:28:27,28419.5,0
2021-06-17 09:28:28,28416.55,0
2021-06-17 09:28:29,28416.7,0
2021-06-17 09:28:30,28413.95,0
2021-06-17 09:28:31,28415.6,0
2021-06-17 09:28:32,28416.1,0
2021-06-17 09:28:33,28414.55,0
2021-06-17 09:28:34,28413.2,0
2021-06-17 09:28:35,28415.75,0
2021-06-17 09:28:36,28415.5,0
2021-06-17 09:28:37,28414.35,0
2021-06-17 09:28:38,28415.55,0
2021-06-17 09:28:39,28414.25,0
2021-06-17 09:28:40,28415.3,0
2021-06-17 09:28:41,28416.55,0
2021-06-17 09:28:42,28415.85,0
2021-06-17 09:28:43,28417.7,0
2021-06-17 09:28:45,28414.65,0
2021-06-17 09:28:46,28417.75,0
2021-06-17 09:28:48,28418.45,0
2021-06-17 09:28:49,28416.85,0
2021-06-17 09:28:50,28416.65,0
2021-06-17 09:28:51,28416.5,0
2021-06-17 09:28:52,28415.6,0
2021-06-17 09:28:53,28414.05,0
2021-06-17 09:28:54,28414.1,0
2021-06-17 09:28:55,28416.35,0
2021-06-17 09:28:56,28415.6,0
2021-06-17 09:28:57,28414.95,0
2021-06-17 09:28:58,28413.8,0
2021-06-17 09:28:59,28415.9,0
2021-06-17 09:29:00,28417.55,0
2021-06-17 09:29:01,28417.3,0
2021-06-17 09:29:02,28415.25,0
2021-06-17 09:29:03,28414.35,0
2021-06-17 09:29:04,28414.75,0
2021-06-17 09:29:05,28413.7,0
2021-06-17 09:29:06,28415.8,0
2021-06-17 09:29:07,28418.8,0
2021-06-17 09:29:08,28410.95,0
2021-06-17 09:29:10,28408.95,0
2021-06-17 09:29:11,28404.15,0
2021-06-17 09:29:12,28409.55,0
2021-06-17 09:29:13,28406.55,0
2021-06-17 09:29:15,28401.2,0
2021-06-17 09:29:16,28402.2,0
2021-06-17 09:29:17,28402.2,0
2021-06-17 09:29:18,28407.6,0
2021-06-17 09:29:19,28404.85,0
2021-06-17 09:29:20,28398.6,0
2021-06-17 09:29:21,28402.65,0
2021-06-17 09:29:22,28404.7,0
2021-06-17 09:29:24,28407.25,0
2021-06-17 09:29:25,28409.15,0
2021-06-17 09:29:26,28406.25,0
2021-06-17 09:29:27,28407.45,0
2021-06-17 09:29:28,28404.75,0
2021-06-17 09:29:29,28404.95,0
2021-06-17 09:29:30,28407.45,0
2021-06-17 09:29:31,28405.95,0
2021-06-17 09:29:32,28406.7,0
2021-06-17 09:29:33,28407.85,0
2021-06-17 09:29:35,28412.7,0
2021-06-17 09:29:36,28409.65,0
2021-06-17 09:29:37,28409.5,0
2021-06-17 09:29:38,28410.3,0
2021-06-17 09:29:39,28411.25,0
2021-06-17 09:29:40,28409.95,0
2021-06-17 09:29:41,28408.85,0
2021-06-17 09:29:42,28411.1,0
2021-06-17 09:29:43,28411.1,0
2021-06-17 09:29:44,28411.35,0
2021-06-17 09:29:46,28413.1,0
2021-06-17 09:29:47,28411.5,0
2021-06-17 09:29:48,28411.85,0
2021-06-17 09:29:49,28411.95,0
2021-06-17 09:29:50,28410.75,0
2021-06-17 09:29:51,28413.05,0
2021-06-17 09:29:52,28411.6,0
2021-06-17 09:29:53,28412.65,0
2021-06-17 09:29:54,28410.7,0
2021-06-17 09:29:55,28409.25,0
2021-06-17 09:29:56,28410.15,0
2021-06-17 09:29:57,28411.6,0
2021-06-17 09:29:58,28412.4,0
2021-06-17 09:29:59,28410.25,0
2021-06-17 09:30:00,28409.35,0
2021-06-17 09:30:01,28407.15,0
2021-06-17 09:30:02,28407.9,0
2021-06-17 09:30:03,28398.9,0
2021-06-17 09:30:04,28395.4,0
2021-06-17 09:30:05,28395.5,0
2021-06-17 09:30:06,28393.4,0
2021-06-17 09:30:08,28391.9,0
2021-06-17 09:30:10,28387.45,0
2021-06-17 09:30:12,28390.55,0
2021-06-17 09:30:13,28386.15,0
2021-06-17 09:30:14,28388.75,0
2021-06-17 09:30:15,28385.15,0
2021-06-17 09:30:17,28389.9,0
2021-06-17 09:30:18,28391.3,0
2021-06-17 09:30:19,28387.75,0
2021-06-17 09:30:20,28387.5,0
2021-06-17 09:30:21,28386.2,0
2021-06-17 09:30:22,28391.15,0
2021-06-17 09:30:23,28386.1,0
2021-06-17 09:30:24,28383.2,0
2021-06-17 09:30:26,28386.5,0
2021-06-17 09:30:28,28382.5,0
2021-06-17 09:30:29,28383.25,0
2021-06-17 09:30:31,28382.9,0
2021-06-17 09:30:32,28382.7,0
2021-06-17 09:30:33,28381.95,0
2021-06-17 09:30:34,28381.35,0
2021-06-17 09:30:35,28382.7,0
2021-06-17 09:30:36,28378.25,0
2021-06-17 09:30:37,28376.2,0
2021-06-17 09:30:38,28376.5,0
2021-06-17 09:30:39,28377.4,0
2021-06-17 09:30:40,28376.7,0
2021-06-17 09:30:41,28377.6,0
2021-06-17 09:30:42,28377.7,0
2021-06-17 09:30:43,28379.8,0
2021-06-17 09:30:44,28377.7,0
2021-06-17 09:30:45,28370.45,0
2021-06-17 09:30:46,28371.95,0
2021-06-17 09:30:47,28370.3,0
2021-06-17 09:30:48,28361.05,0
2021-06-17 09:30:49,28354.3,0
2021-06-17 09:30:50,28350.4,0
2021-06-17 09:30:51,28344.95,0
2021-06-17 09:30:52,28347.15,0
2021-06-17 09:30:53,28350.2,0
2021-06-17 09:30:54,28348.05,0
2021-06-17 09:30:55,28347.95,0
2021-06-17 09:30:56,28351.05,0
2021-06-17 09:30:57,28347.35,0
2021-06-17 09:30:58,28349.2,0
2021-06-17 09:31:00,28351.1,0
2021-06-17 09:31:02,28353.45,0
2021-06-17 09:31:04,28354.85,0
2021-06-17 09:31:05,28352.3,0
2021-06-17 09:31:06,28353.35,0
2021-06-17 09:31:07,28352.4,0
2021-06-17 09:31:08,28353.5,0
2021-06-17 09:31:09,28354.1,0
2021-06-17 09:31:11,28352.85,0
2021-06-17 09:31:14,28355.5,0
2021-06-17 09:31:15,28355.95,0
2021-06-17 09:31:17,28357.25,0
2021-06-17 09:31:18,28359.05,0
2021-06-17 09:31:19,28355.55,0
2021-06-17 09:31:20,28357.25,0
2021-06-17 09:31:21,28349.95,0
2021-06-17 09:31:22,28352.95,0
2021-06-17 09:31:23,28350.25,0
2021-06-17 09:31:24,28353.85,0
2021-06-17 09:31:25,28352.65,0
2021-06-17 09:31:26,28355.2,0
2021-06-17 09:31:27,28351.4,0
2021-06-17 09:31:28,28350.95,0
2021-06-17 09:31:29,28351.45,0
2021-06-17 09:31:30,28352.15,0
2021-06-17 09:31:31,28351.5,0
2021-06-17 09:31:32,28351.35,0
2021-06-17 09:31:33,28351.35,0
2021-06-17 09:31:34,28353.75,0
2021-06-17 09:31:35,28354.4,0
2021-06-17 09:31:36,28355.4,0
2021-06-17 09:31:37,28361.05,0
2021-06-17 09:31:38,28361.75,0
2021-06-17 09:31:39,28361.3,0
2021-06-17 09:31:40,28363.1,0
2021-06-17 09:31:41,28362.35,0
2021-06-17 09:31:42,28364.25,0
2021-06-17 09:31:44,28365.95,0
2021-06-17 09:31:45,28364.95,0
2021-06-17 09:31:46,28362.3,0
2021-06-17 09:31:47,28362.35,0
2021-06-17 09:31:48,28368.05,0
2021-06-17 09:31:49,28367.35,0
2021-06-17 09:31:51,28367.2,0
2021-06-17 09:31:52,28367.4,0
2021-06-17 09:31:54,28367.85,0
2021-06-17 09:31:55,28367.55,0
2021-06-17 09:31:56,28368.3,0
2021-06-17 09:31:57,28369.2,0
2021-06-17 09:31:59,28365.7,0
2021-06-17 09:32:01,28366.9,0
2021-06-17 09:32:02,28363.75,0
2021-06-17 09:32:03,28362.55,0
2021-06-17 09:32:04,28361.4,0
2021-06-17 09:32:06,28361.2,0
2021-06-17 09:32:07,28361.5,0
2021-06-17 09:32:08,28362.1,0
2021-06-17 09:32:09,28361.2,0
2021-06-17 09:32:10,28361.15,0
2021-06-17 09:32:11,28364.15,0
2021-06-17 09:32:12,28363.85,0
2021-06-17 09:32:13,28360.15,0
2021-06-17 09:32:14,28364.0,0
2021-06-17 09:32:16,28367.25,0
2021-06-17 09:32:15,28364.65,0
2021-06-17 09:32:18,28365.85,0
2021-06-17 09:32:20,28367.85,0
2021-06-17 09:32:22,28370.6,0
2021-06-17 09:32:24,28374.7,0
2021-06-17 09:32:25,28377.85,0
2021-06-17 09:32:28,28374.75,0
2021-06-17 09:32:29,28376.7,0
2021-06-17 09:32:31,28374.75,0
2021-06-17 09:32:32,28376.6,0
2021-06-17 09:32:33,28375.85,0
2021-06-17 09:32:34,28378.85,0
2021-06-17 09:32:35,28378.3,0
2021-06-17 09:32:36,28380.4,0
2021-06-17 09:32:37,28379.25,0
2021-06-17 09:32:38,28379.1,0
2021-06-17 09:32:39,28376.65,0
2021-06-17 09:32:41,28376.25,0
2021-06-17 09:32:42,28377.6,0
2021-06-17 09:32:44,28375.05,0
2021-06-17 09:32:45,28372.65,0
2021-06-17 09:32:46,28369.8,0
2021-06-17 09:32:47,28371.05,0
2021-06-17 09:32:48,28369.4,0
2021-06-17 09:32:49,28371.55,0
2021-06-17 09:32:50,28369.2,0
2021-06-17 09:32:51,28371.35,0
2021-06-17 09:32:52,28367.7,0
2021-06-17 09:32:53,28368.85,0
2021-06-17 09:32:54,28367.15,0
2021-06-17 09:32:55,28367.45,0
2021-06-17 09:32:56,28369.45,0
2021-06-17 09:32:57,28369.05,0
2021-06-17 09:32:58,28369.35,0
2021-06-17 09:32:59,28366.4,0
2021-06-17 09:33:00,28366.55,0
2021-06-17 09:33:01,28367.9,0
2021-06-17 09:33:02,28366.6,0
2021-06-17 09:33:03,28365.85,0
2021-06-17 09:33:04,28366.35,0
2021-06-17 09:33:05,28366.85,0
2021-06-17 09:33:06,28368.3,0
2021-06-17 09:33:07,28365.05,0
2021-06-17 09:33:08,28364.55,0
2021-06-17 09:33:10,28364.65,0
2021-06-17 09:33:11,28363.65,0
2021-06-17 09:33:12,28363.35,0
2021-06-17 09:33:13,28364.5,0
2021-06-17 09:33:15,28365.35,0
2021-06-17 09:33:16,28369.05,0
2021-06-17 09:33:17,28368.75,0
2021-06-17 09:33:18,28366.7,0
2021-06-17 09:33:19,28365.8,0
2021-06-17 09:33:20,28367.8,0
2021-06-17 09:33:21,28367.6,0
2021-06-17 09:33:23,28368.4,0
2021-06-17 09:33:24,28369.0,0
2021-06-17 09:33:25,28369.55,0
2021-06-17 09:33:26,28366.55,0
2021-06-17 09:33:27,28371.75,0
2021-06-17 09:33:28,28370.4,0
2021-06-17 09:33:29,28369.1,0
2021-06-17 09:33:30,28369.1,0
2021-06-17 09:33:31,28370.55,0
2021-06-17 09:33:33,28367.2,0
2021-06-17 09:33:34,28367.85,0
2021-06-17 09:33:35,28365.4,0
2021-06-17 09:33:36,28362.6,0
2021-06-17 09:33:37,28363.5,0
2021-06-17 09:33:38,28363.25,0
2021-06-17 09:33:40,28362.95,0
2021-06-17 09:33:41,28363.85,0
2021-06-17 09:33:42,28364.4,0
2021-06-17 09:33:43,28362.55,0
2021-06-17 09:33:44,28362.7,0
2021-06-17 09:33:45,28366.7,0
2021-06-17 09:33:46,28366.05,0
2021-06-17 09:33:47,28361.6,0
2021-06-17 09:33:48,28366.2,0
2021-06-17 09:33:50,28364.0,0
2021-06-17 09:33:51,28358.45,0
2021-06-17 09:33:52,28363.0,0
2021-06-17 09:33:53,28364.8,0
2021-06-17 09:33:54,28365.9,0
2021-06-17 09:33:55,28367.7,0
2021-06-17 09:33:56,28365.9,0
2021-06-17 09:33:57,28365.85,0
2021-06-17 09:33:58,28367.15,0
2021-06-17 09:33:59,28364.8,0
2021-06-17 09:34:00,28367.95,0
2021-06-17 09:34:01,28368.3,0
2021-06-17 09:34:02,28365.1,0
2021-06-17 09:34:03,28369.35,0
2021-06-17 09:34:04,28368.3,0
2021-06-17 09:34:06,28365.3,0
2021-06-17 09:34:07,28365.8,0
2021-06-17 09:34:08,28366.7,0
2021-06-17 09:34:09,28367.5,0
2021-06-17 09:34:10,28363.5,0
2021-06-17 09:34:13,28362.95,0
2021-06-17 09:34:14,28366.9,0
2021-06-17 09:34:15,28366.5,0
2021-06-17 09:34:16,28367.65,0
2021-06-17 09:34:17,28364.3,0
2021-06-17 09:34:18,28365.35,0
2021-06-17 09:34:19,28366.5,0
2021-06-17 09:34:21,28369.75,0
2021-06-17 09:34:23,28368.5,0
2021-06-17 09:34:24,28369.15,0
2021-06-17 09:34:25,28371.15,0
2021-06-17 09:34:26,28371.6,0
2021-06-17 09:34:27,28374.25,0
2021-06-17 09:34:28,28371.95,0
2021-06-17 09:34:29,28373.5,0
2021-06-17 09:34:30,28373.65,0
2021-06-17 09:34:31,28372.9,0
2021-06-17 09:34:32,28370.7,0
2021-06-17 09:34:34,28374.7,0
2021-06-17 09:34:35,28373.4,0
2021-06-17 09:34:36,28375.95,0
2021-06-17 09:34:40,28383.45,0
2021-06-17 09:34:41,28382.85,0
2021-06-17 09:34:43,28382.2,0
2021-06-17 09:34:44,28383.6,0
2021-06-17 09:34:45,28378.9,0
2021-06-17 09:34:47,28381.35,0
2021-06-17 09:34:48,28381.2,0
2021-06-17 09:34:49,28377.0,0
2021-06-17 09:34:50,28379.25,0
2021-06-17 09:34:51,28377.5,0
2021-06-17 09:34:52,28379.35,0
2021-06-17 09:34:53,28378.5,0
2021-06-17 09:34:54,28378.8,0
2021-06-17 09:34:55,28374.55,0
2021-06-17 09:34:56,28374.7,0
2021-06-17 09:34:57,28376.85,0
2021-06-17 09:34:58,28377.3,0
2021-06-17 09:34:59,28375.05,0
2021-06-17 09:35:00,28376.65,0
2021-06-17 09:35:01,28376.95,0
2021-06-17 09:35:02,28375.65,0
2021-06-17 09:35:03,28374.8,0
2021-06-17 09:35:04,28375.5,0
2021-06-17 09:35:05,28375.7,0
2021-06-17 09:35:06,28374.55,0
2021-06-17 09:35:07,28373.35,0
2021-06-17 09:35:09,28381.1,0
2021-06-17 09:35:10,28381.45,0
2021-06-17 09:35:11,28384.35,0
2021-06-17 09:35:12,28380.75,0
2021-06-17 09:35:13,28379.85,0
2021-06-17 09:35:14,28378.8,0
2021-06-17 09:35:15,28379.4,0
2021-06-17 09:35:16,28380.7,0
2021-06-17 09:35:17,28380.6,0
2021-06-17 09:35:18,28383.1,0
2021-06-17 09:35:19,28382.7,0
2021-06-17 09:35:20,28381.25,0
2021-06-17 09:35:21,28384.05,0
2021-06-17 09:35:22,28383.2,0
2021-06-17 09:35:23,28383.05,0
2021-06-17 09:35:24,28383.75,0
2021-06-17 09:35:25,28378.0,0
2021-06-17 09:35:26,28377.75,0
2021-06-17 09:35:27,28379.7,0
2021-06-17 09:35:28,28381.0,0
2021-06-17 09:35:29,28382.9,0
2021-06-17 09:35:30,28390.9,0
2021-06-17 09:35:31,28387.95,0
2021-06-17 09:35:32,28384.0,0
2021-06-17 09:35:33,28382.7,0
2021-06-17 09:35:34,28386.35,0
2021-06-17 09:35:35,28384.2,0
2021-06-17 09:35:36,28382.25,0
2021-06-17 09:35:37,28386.75,0
2021-06-17 09:35:38,28387.7,0
2021-06-17 09:35:39,28387.65,0
2021-06-17 09:35:40,28386.75,0
2021-06-17 09:35:41,28388.85,0
2021-06-17 09:35:42,28387.45,0
2021-06-17 09:35:43,28389.4,0
2021-06-17 09:35:44,28390.05,0
2021-06-17 09:35:45,28390.25,0
2021-06-17 09:35:46,28391.75,0
2021-06-17 09:35:47,28390.3,0
2021-06-17 09:35:48,28392.45,0
2021-06-17 09:35:49,28391.05,0
2021-06-17 09:35:50,28394.8,0
2021-06-17 09:35:51,28396.4,0
2021-06-17 09:35:54,28395.35,0
2021-06-17 09:35:55,28397.6,0
2021-06-17 09:35:56,28396.7,0
2021-06-17 09:35:57,28397.25,0
2021-06-17 09:35:58,28398.35,0
2021-06-17 09:35:59,28402.1,0
2021-06-17 09:36:00,28389.55,0
2021-06-17 09:36:01,28389.15,0
2021-06-17 09:36:02,28391.2,0
2021-06-17 09:36:03,28391.3,0
2021-06-17 09:36:04,28390.9,0
2021-06-17 09:36:05,28390.4,0
2021-06-17 09:36:06,28390.8,0
2021-06-17 09:36:07,28392.95,0
2021-06-17 09:36:08,28393.35,0
2021-06-17 09:36:09,28393.6,0
2021-06-17 09:36:10,28393.65,0
2021-06-17 09:36:11,28398.3,0
2021-06-17 09:36:12,28399.15,0
2021-06-17 09:36:13,28397.8,0
2021-06-17 09:36:14,28399.65,0
2021-06-17 09:36:15,28400.15,0
2021-06-17 09:36:16,28397.7,0
2021-06-17 09:36:17,28399.1,0
2021-06-17 09:36:18,28398.05,0
2021-06-17 09:36:20,28395.85,0
2021-06-17 09:36:21,28397.45,0
2021-06-17 09:36:22,28396.15,0
2021-06-17 09:36:23,28395.85,0
2021-06-17 09:36:24,28395.6,0
2021-06-17 09:36:25,28397.1,0
2021-06-17 09:36:26,28393.45,0
2021-06-17 09:36:27,28391.65,0
2021-06-17 09:36:28,28393.4,0
2021-06-17 09:36:29,28393.65,0
2021-06-17 09:36:30,28394.25,0
2021-06-17 09:36:31,28390.15,0
2021-06-17 09:36:32,28390.65,0
2021-06-17 09:36:33,28387.4,0
2021-06-17 09:36:34,28386.7,0
2021-06-17 09:36:35,28386.0,0
2021-06-17 09:36:36,28378.3,0
2021-06-17 09:36:37,28381.05,0
2021-06-17 09:36:38,28376.15,0
2021-06-17 09:36:40,28375.95,0
2021-06-17 09:36:41,28375.55,0
2021-06-17 09:36:42,28375.75,0
2021-06-17 09:36:43,28375.5,0
2021-06-17 09:36:44,28374.6,0
2021-06-17 09:36:45,28375.0,0
2021-06-17 09:36:46,28375.4,0
2021-06-17 09:36:47,28370.35,0
2021-06-17 09:36:48,28368.0,0
2021-06-17 09:36:49,28369.3,0
2021-06-17 09:36:51,28368.1,0
2021-06-17 09:36:52,28372.25,0
2021-06-17 09:36:53,28370.35,0
2021-06-17 09:36:54,28367.6,0
2021-06-17 09:36:55,28372.55,0
2021-06-17 09:36:57,28371.9,0
2021-06-17 09:37:01,28370.8,0
2021-06-17 09:37:02,28370.6,0
2021-06-17 09:37:03,28371.45,0
2021-06-17 09:37:04,28369.3,0
2021-06-17 09:37:05,28370.2,0
2021-06-17 09:37:06,28374.25,0
2021-06-17 09:37:07,28373.3,0
2021-06-17 09:37:10,28375.15,0
2021-06-17 09:37:11,28374.75,0
2021-06-17 09:37:12,28374.95,0
2021-06-17 09:37:13,28375.6,0
2021-06-17 09:37:14,28376.85,0
2021-06-17 09:37:15,28374.35,0
2021-06-17 09:37:16,28375.85,0
2021-06-17 09:37:17,28379.25,0
2021-06-17 09:37:18,28378.8,0
2021-06-17 09:37:20,28378.75,0
2021-06-17 09:37:21,28375.5,0
2021-06-17 09:37:22,28377.6,0
2021-06-17 09:37:23,28377.65,0
2021-06-17 09:37:24,28378.6,0
2021-06-17 09:37:25,28374.45,0
2021-06-17 09:37:26,28373.35,0
2021-06-17 09:37:27,28374.75,0
2021-06-17 09:37:28,28373.75,0
2021-06-17 09:37:30,28371.25,0
2021-06-17 09:37:31,28371.6,0
2021-06-17 09:37:33,28372.35,0
2021-06-17 09:37:32,28374.4,0
2021-06-17 09:37:34,28374.45,0
2021-06-17 09:37:36,28368.7,0
2021-06-17 09:37:37,28367.75,0
2021-06-17 09:37:38,28367.8,0
2021-06-17 09:37:39,28371.0,0
2021-06-17 09:37:40,28367.3,0
2021-06-17 09:37:41,28366.25,0
2021-06-17 09:37:42,28371.75,0
2021-06-17 09:37:43,28372.55,0
2021-06-17 09:37:44,28367.95,0
2021-06-17 09:37:45,28374.6,0
2021-06-17 09:37:47,28376.3,0
2021-06-17 09:37:48,28377.25,0
2021-06-17 09:37:49,28376.65,0
2021-06-17 09:37:50,28378.15,0
2021-06-17 09:37:51,28375.6,0
2021-06-17 09:37:52,28377.35,0
2021-06-17 09:37:54,28378.75,0
2021-06-17 09:37:55,28385.0,0
2021-06-17 09:37:56,28378.4,0
2021-06-17 09:37:57,28378.75,0
2021-06-17 09:37:59,28380.15,0
2021-06-17 09:38:00,28381.25,0
2021-06-17 09:38:01,28381.9,0
2021-06-17 09:38:02,28385.05,0
2021-06-17 09:38:03,28382.9,0
2021-06-17 09:38:04,28382.1,0
2021-06-17 09:38:05,28379.5,0
2021-06-17 09:38:06,28375.9,0
2021-06-17 09:38:07,28379.95,0
2021-06-17 09:38:08,28375.7,0
2021-06-17 09:38:09,28377.5,0
2021-06-17 09:38:10,28378.7,0
2021-06-17 09:38:11,28377.55,0
2021-06-17 09:38:12,28380.95,0
2021-06-17 09:38:14,28378.25,0
2021-06-17 09:38:15,28381.95,0
2021-06-17 09:38:16,28381.85,0
2021-06-17 09:38:17,28380.3,0
2021-06-17 09:38:18,28386.3,0
2021-06-17 09:38:20,28383.25,0
2021-06-17 09:38:21,28381.6,0
2021-06-17 09:38:22,28381.0,0
2021-06-17 09:38:24,28381.9,0
2021-06-17 09:38:25,28381.05,0
2021-06-17 09:38:26,28380.25,0
2021-06-17 09:38:27,28381.45,0
2021-06-17 09:38:28,28382.55,0
2021-06-17 09:38:29,28382.95,0
2021-06-17 09:38:30,28379.3,0
2021-06-17 09:38:31,28381.15,0
2021-06-17 09:38:32,28381.55,0
2021-06-17 09:38:33,28381.8,0
2021-06-17 09:38:34,28382.35,0
2021-06-17 09:38:35,28380.9,0
2021-06-17 09:38:36,28382.4,0
2021-06-17 09:38:38,28383.55,0
2021-06-17 09:38:39,28382.7,0
2021-06-17 09:38:41,28381.6,0
2021-06-17 09:38:42,28382.05,0
2021-06-17 09:38:45,28379.5,0
2021-06-17 09:38:46,28379.95,0
2021-06-17 09:38:47,28379.8,0
2021-06-17 09:38:48,28380.6,0
2021-06-17 09:38:49,28381.0,0
2021-06-17 09:38:50,28382.75,0
2021-06-17 09:38:51,28380.95,0
2021-06-17 09:38:52,28382.9,0
2021-06-17 09:38:53,28384.4,0
2021-06-17 09:38:54,28383.3,0
2021-06-17 09:38:55,28382.1,0
2021-06-17 09:38:56,28384.0,0
2021-06-17 09:38:58,28387.6,0
2021-06-17 09:38:59,28387.05,0
2021-06-17 09:39:00,28386.4,0
2021-06-17 09:39:01,28385.9,0
2021-06-17 09:39:02,28385.35,0
2021-06-17 09:39:03,28386.15,0
2021-06-17 09:39:04,28386.65,0
2021-06-17 09:39:05,28386.0,0
2021-06-17 09:39:06,28384.4,0
2021-06-17 09:39:07,28385.15,0
2021-06-17 09:39:09,28384.5,0
2021-06-17 09:39:10,28384.45,0
2021-06-17 09:39:11,28381.85,0
2021-06-17 09:39:12,28381.2,0
2021-06-17 09:39:13,28383.2,0
2021-06-17 09:39:15,28383.2,0
2021-06-17 09:39:16,28382.4,0
2021-06-17 09:39:17,28381.7,0
2021-06-17 09:39:18,28384.55,0
2021-06-17 09:39:19,28383.6,0
2021-06-17 09:39:20,28381.2,0
2021-06-17 09:39:21,28380.0,0
2021-06-17 09:39:22,28381.65,0
2021-06-17 09:39:23,28381.5,0
2021-06-17 09:39:24,28382.05,0
2021-06-17 09:39:25,28383.5,0
2021-06-17 09:39:26,28384.55,0
2021-06-17 09:39:27,28382.25,0
2021-06-17 09:39:28,28383.05,0
2021-06-17 09:39:30,28384.15,0
2021-06-17 09:39:31,28384.2,0
2021-06-17 09:39:32,28383.95,0
2021-06-17 09:39:34,28382.7,0
2021-06-17 09:39:36,28382.75,0
2021-06-17 09:39:38,28384.45,0
2021-06-17 09:39:39,28385.9,0
2021-06-17 09:39:40,28383.9,0
2021-06-17 09:39:41,28384.1,0
2021-06-17 09:39:42,28384.1,0
2021-06-17 09:39:43,28383.3,0
2021-06-17 09:39:44,28385.3,0
2021-06-17 09:39:45,28386.3,0
2021-06-17 09:39:46,28384.2,0
2021-06-17 09:39:48,28388.15,0
2021-06-17 09:39:50,28388.45,0
2021-06-17 09:39:51,28388.45,0
2021-06-17 09:39:52,28385.25,0
2021-06-17 09:39:53,28386.75,0
2021-06-17 09:39:54,28385.65,0
2021-06-17 09:39:55,28388.35,0
2021-06-17 09:39:56,28386.4,0
2021-06-17 09:39:57,28385.75,0
2021-06-17 09:39:58,28385.4,0
2021-06-17 09:39:59,28387.55,0
2021-06-17 09:40:00,28386.95,0
2021-06-17 09:40:01,28386.65,0
2021-06-17 09:40:02,28386.75,0
2021-06-17 09:40:03,28385.35,0
2021-06-17 09:40:04,28385.25,0
2021-06-17 09:40:05,28386.1,0
2021-06-17 09:40:06,28386.55,0
2021-06-17 09:40:07,28386.5,0
2021-06-17 09:40:08,28386.6,0
2021-06-17 09:40:09,28388.95,0
2021-06-17 09:40:10,28387.55,0
2021-06-17 09:40:11,28389.05,0
2021-06-17 09:40:12,28387.15,0
2021-06-17 09:40:13,28389.7,0
2021-06-17 09:40:14,28387.15,0
2021-06-17 09:40:15,28387.8,0
2021-06-17 09:40:17,28387.85,0
2021-06-17 09:40:18,28388.95,0
2021-06-17 09:40:19,28385.5,0
2021-06-17 09:40:20,28388.2,0
2021-06-17 09:40:21,28384.8,0
2021-06-17 09:40:22,28386.55,0
2021-06-17 09:40:23,28388.15,0
2021-06-17 09:40:25,28385.3,0
2021-06-17 09:40:26,28385.6,0
2021-06-17 09:40:28,28386.85,0
2021-06-17 09:40:29,28388.85,0
2021-06-17 09:40:30,28387.25,0
2021-06-17 09:40:31,28387.4,0
2021-06-17 09:40:33,28386.7,0
2021-06-17 09:40:34,28390.15,0
2021-06-17 09:40:35,28387.95,0
2021-06-17 09:40:36,28388.15,0
2021-06-17 09:40:37,28388.95,0
2021-06-17 09:40:38,28388.0,0
2021-06-17 09:40:39,28388.0,0
2021-06-17 09:40:40,28389.2,0
2021-06-17 09:40:41,28388.05,0
2021-06-17 09:40:42,28389.1,0
2021-06-17 09:40:43,28390.45,0
2021-06-17 09:40:44,28388.2,0
2021-06-17 09:40:45,28387.8,0
2021-06-17 09:40:46,28387.45,0
2021-06-17 09:40:47,28389.3,0
2021-06-17 09:40:48,28382.1,0
2021-06-17 09:40:49,28377.85,0
2021-06-17 09:40:50,28378.45,0
2021-06-17 09:40:51,28378.55,0
2021-06-17 09:40:52,28376.1,0
2021-06-17 09:40:53,28375.15,0
2021-06-17 09:40:54,28375.65,0
2021-06-17 09:40:55,28376.6,0
2021-06-17 09:40:57,28377.05,0
2021-06-17 09:40:58,28375.3,0
2021-06-17 09:40:59,28375.25,0
2021-06-17 09:41:00,28376.7,0
2021-06-17 09:41:01,28376.5,0
2021-06-17 09:41:02,28378.15,0
2021-06-17 09:41:03,28379.55,0
2021-06-17 09:41:04,28378.55,0
2021-06-17 09:41:05,28380.15,0
2021-06-17 09:41:08,28377.6,0
2021-06-17 09:41:09,28378.65,0
2021-06-17 09:41:11,28377.3,0
2021-06-17 09:41:12,28378.75,0
2021-06-17 09:41:14,28376.8,0
2021-06-17 09:41:16,28378.6,0
2021-06-17 09:41:17,28380.55,0
2021-06-17 09:41:18,28377.5,0
2021-06-17 09:41:19,28379.0,0
2021-06-17 09:41:20,28379.15,0
2021-06-17 09:41:22,28380.4,0
2021-06-17 09:41:23,28379.45,0
2021-06-17 09:41:24,28380.1,0
2021-06-17 09:41:25,28380.15,0
2021-06-17 09:41:26,28381.5,0
2021-06-17 09:41:27,28382.55,0
2021-06-17 09:41:28,28382.55,0
2021-06-17 09:41:29,28381.05,0
2021-06-17 09:41:30,28382.45,0
2021-06-17 09:41:31,28379.65,0
2021-06-17 09:41:32,28386.45,0
2021-06-17 09:41:34,28385.55,0
2021-06-17 09:41:35,28386.75,0
2021-06-17 09:41:36,28384.75,0
2021-06-17 09:41:37,28384.45,0
2021-06-17 09:41:38,28384.35,0
2021-06-17 09:41:39,28382.35,0
2021-06-17 09:41:40,28383.0,0
2021-06-17 09:41:41,28381.45,0
2021-06-17 09:41:42,28382.8,0
2021-06-17 09:41:43,28380.05,0
2021-06-17 09:41:44,28380.9,0
2021-06-17 09:41:46,28383.1,0
2021-06-17 09:41:47,28380.6,0
2021-06-17 09:41:48,28382.3,0
2021-06-17 09:41:49,28384.9,0
2021-06-17 09:41:50,28383.8,0
2021-06-17 09:41:51,28382.75,0
2021-06-17 09:41:52,28381.35,0
2021-06-17 09:41:53,28381.2,0
2021-06-17 09:41:54,28383.35,0
2021-06-17 09:41:55,28384.3,0
2021-06-17 09:41:57,28384.3,0
2021-06-17 09:41:58,28382.6,0
2021-06-17 09:41:59,28383.4,0
2021-06-17 09:42:00,28385.45,0
2021-06-17 09:42:01,28385.2,0
2021-06-17 09:42:02,28384.0,0
2021-06-17 09:42:04,28388.3,0
2021-06-17 09:42:05,28383.85,0
2021-06-17 09:42:07,28391.75,0
2021-06-17 09:42:08,28388.6,0
2021-06-17 09:42:09,28390.6,0
2021-06-17 09:42:10,28389.95,0
2021-06-17 09:42:11,28389.55,0
2021-06-17 09:42:12,28391.5,0
2021-06-17 09:42:13,28390.15,0
2021-06-17 09:42:14,28390.1,0
2021-06-17 09:42:15,28390.65,0
2021-06-17 09:42:16,28390.55,0
2021-06-17 09:42:17,28392.7,0
2021-06-17 09:42:18,28389.05,0
2021-06-17 09:42:19,28392.5,0
2021-06-17 09:42:21,28389.9,0
2021-06-17 09:42:22,28392.0,0
2021-06-17 09:42:23,28390.8,0
2021-06-17 09:42:24,28390.4,0
2021-06-17 09:42:25,28385.95,0
2021-06-17 09:42:26,28389.8,0
2021-06-17 09:42:27,28389.25,0
2021-06-17 09:42:28,28387.85,0
2021-06-17 09:42:29,28387.1,0
2021-06-17 09:42:30,28385.15,0
2021-06-17 09:42:31,28384.25,0
2021-06-17 09:42:32,28387.6,0
2021-06-17 09:42:33,28385.45,0
2021-06-17 09:42:34,28384.2,0
2021-06-17 09:42:35,28385.25,0
2021-06-17 09:42:36,28386.35,0
2021-06-17 09:42:37,28388.7,0
2021-06-17 09:42:38,28387.65,0
2021-06-17 09:42:39,28386.35,0
2021-06-17 09:42:40,28387.45,0
2021-06-17 09:42:42,28385.8,0
2021-06-17 09:42:43,28385.4,0
2021-06-17 09:42:44,28384.6,0
2021-06-17 09:42:45,28384.6,0
2021-06-17 09:42:46,28384.95,0
2021-06-17 09:42:47,28384.35,0
2021-06-17 09:42:48,28387.35,0
2021-06-17 09:42:49,28384.75,0
2021-06-17 09:42:50,28387.55,0
2021-06-17 09:42:52,28386.8,0
2021-06-17 09:42:53,28387.7,0
2021-06-17 09:42:54,28386.75,0
2021-06-17 09:42:56,28386.1,0
2021-06-17 09:42:57,28388.15,0
2021-06-17 09:42:58,28388.4,0
2021-06-17 09:42:59,28387.8,0
2021-06-17 09:43:00,28388.25,0
2021-06-17 09:43:01,28386.4,0
2021-06-17 09:43:02,28386.0,0
2021-06-17 09:43:03,28386.6,0
2021-06-17 09:43:04,28386.3,0
2021-06-17 09:43:05,28384.15,0
2021-06-17 09:43:06,28386.0,0
2021-06-17 09:43:07,28384.8,0
2021-06-17 09:43:08,28384.7,0
2021-06-17 09:43:09,28385.1,0
2021-06-17 09:43:10,28383.4,0
2021-06-17 09:43:11,28382.45,0
2021-06-17 09:43:12,28386.2,0
2021-06-17 09:43:13,28385.35,0
2021-06-17 09:43:14,28382.2,0
2021-06-17 09:43:16,28382.2,0
2021-06-17 09:43:17,28386.05,0
2021-06-17 09:43:18,28384.2,0
2021-06-17 09:43:19,28385.4,0
2021-06-17 09:43:20,28386.6,0
2021-06-17 09:43:21,28382.9,0
2021-06-17 09:43:22,28384.2,0
2021-06-17 09:43:23,28384.7,0
2021-06-17 09:43:24,28384.95,0
2021-06-17 09:43:25,28385.55,0
2021-06-17 09:43:26,28382.75,0
2021-06-17 09:43:28,28379.95,0
2021-06-17 09:43:29,28378.95,0
2021-06-17 09:43:30,28378.15,0
2021-06-17 09:43:31,28379.7,0
2021-06-17 09:43:32,28379.7,0
2021-06-17 09:43:33,28378.85,0
2021-06-17 09:43:35,28380.15,0
2021-06-17 09:43:36,28380.1,0
2021-06-17 09:43:37,28380.1,0
2021-06-17 09:43:38,28382.15,0
2021-06-17 09:43:39,28381.8,0
2021-06-17 09:43:40,28379.8,0
2021-06-17 09:43:41,28382.65,0
2021-06-17 09:43:42,28381.2,0
2021-06-17 09:43:43,28382.55,0
2021-06-17 09:43:44,28384.1,0
2021-06-17 09:43:45,28385.95,0
2021-06-17 09:43:46,28382.85,0
2021-06-17 09:43:47,28381.7,0
2021-06-17 09:43:48,28381.25,0
2021-06-17 09:43:49,28381.25,0
2021-06-17 09:43:50,28383.15,0
2021-06-17 09:43:52,28382.2,0
2021-06-17 09:43:53,28384.35,0
2021-06-17 09:43:54,28382.6,0
2021-06-17 09:43:55,28384.2,0
2021-06-17 09:43:56,28384.5,0
2021-06-17 09:43:57,28383.5,0
2021-06-17 09:43:59,28385.2,0
2021-06-17 09:44:01,28386.65,0
2021-06-17 09:44:02,28384.2,0
2021-06-17 09:44:03,28385.1,0
2021-06-17 09:44:04,28386.0,0
2021-06-17 09:44:05,28386.3,0
2021-06-17 09:44:06,28385.85,0
2021-06-17 09:44:07,28385.45,0
2021-06-17 09:44:08,28390.85,0
2021-06-17 09:44:09,28388.9,0
2021-06-17 09:44:10,28389.45,0
2021-06-17 09:44:11,28389.15,0
2021-06-17 09:44:14,28387.8,0
2021-06-17 09:44:16,28387.35,0
2021-06-17 09:44:17,28386.75,0
2021-06-17 09:44:18,28387.8,0
2021-06-17 09:44:19,28386.45,0
2021-06-17 09:44:20,28387.6,0
2021-06-17 09:44:21,28387.6,0
2021-06-17 09:44:22,28383.35,0
2021-06-17 09:44:24,28382.7,0
2021-06-17 09:44:25,28383.65,0
2021-06-17 09:44:26,28386.2,0
2021-06-17 09:44:27,28387.5,0
2021-06-17 09:44:29,28386.55,0
2021-06-17 09:44:30,28387.25,0
2021-06-17 09:44:31,28385.5,0
2021-06-17 09:44:32,28383.05,0
2021-06-17 09:44:33,28383.95,0
2021-06-17 09:44:34,28382.9,0
2021-06-17 09:44:35,28383.55,0
2021-06-17 09:44:36,28381.5,0
2021-06-17 09:44:37,28385.05,0
2021-06-17 09:44:38,28382.4,0
2021-06-17 09:44:39,28384.3,0
2021-06-17 09:44:40,28384.05,0
2021-06-17 09:44:41,28384.6,0
2021-06-17 09:44:42,28386.3,0
2021-06-17 09:44:43,28386.6,0
2021-06-17 09:44:45,28386.1,0
2021-06-17 09:44:46,28387.7,0
2021-06-17 09:44:47,28385.15,0
2021-06-17 09:44:49,28385.4,0
2021-06-17 09:44:50,28385.95,0
2021-06-17 09:44:52,28384.35,0
2021-06-17 09:44:53,28388.2,0
2021-06-17 09:44:54,28388.45,0
2021-06-17 09:44:55,28387.55,0
2021-06-17 09:44:56,28385.7,0
2021-06-17 09:44:57,28387.6,0
2021-06-17 09:44:58,28388.75,0
2021-06-17 09:44:59,28388.75,0
2021-06-17 09:45:00,28389.7,0
2021-06-17 09:45:01,28386.25,0
2021-06-17 09:45:02,28385.7,0
2021-06-17 09:45:03,28387.05,0
2021-06-17 09:45:04,28385.65,0
2021-06-17 09:45:05,28384.3,0
2021-06-17 09:45:06,28384.45,0
2021-06-17 09:45:07,28385.05,0
2021-06-17 09:45:08,28384.4,0
2021-06-17 09:45:09,28385.45,0
2021-06-17 09:45:10,28384.45,0
2021-06-17 09:45:11,28384.45,0
2021-06-17 09:45:12,28385.05,0
2021-06-17 09:45:13,28385.8,0
2021-06-17 09:45:14,28385.75,0
2021-06-17 09:45:15,28386.0,0
2021-06-17 09:45:16,28386.6,0
2021-06-17 09:45:17,28388.05,0
2021-06-17 09:45:18,28387.15,0
2021-06-17 09:45:19,28387.5,0
2021-06-17 09:45:21,28389.6,0
2021-06-17 09:45:22,28388.5,0
2021-06-17 09:45:23,28388.85,0
2021-06-17 09:45:25,28389.35,0
2021-06-17 09:45:26,28388.35,0
2021-06-17 09:45:27,28382.65,0
2021-06-17 09:45:30,28383.65,0
2021-06-17 09:45:32,28383.75,0
2021-06-17 09:45:33,28383.1,0
2021-06-17 09:45:34,28380.55,0
2021-06-17 09:45:35,28380.9,0
2021-06-17 09:45:37,28382.2,0
2021-06-17 09:45:39,28380.3,0
2021-06-17 09:45:40,28379.05,0
2021-06-17 09:45:41,28379.3,0
2021-06-17 09:45:42,28378.15,0
2021-06-17 09:45:43,28380.25,0
2021-06-17 09:45:45,28380.8,0
2021-06-17 09:45:47,28377.65,0
2021-06-17 09:45:50,28377.8,0
2021-06-17 09:45:51,28377.6,0
2021-06-17 09:45:52,28375.85,0
2021-06-17 09:45:53,28376.3,0
2021-06-17 09:45:54,28377.45,0
2021-06-17 09:45:55,28379.85,0
2021-06-17 09:45:56,28376.9,0
2021-06-17 09:45:57,28380.05,0
2021-06-17 09:45:58,28379.2,0
2021-06-17 09:45:59,28378.8,0
2021-06-17 09:46:00,28380.1,0
2021-06-17 09:46:01,28377.2,0
2021-06-17 09:46:02,28375.9,0
2021-06-17 09:46:03,28377.95,0
2021-06-17 09:46:04,28377.6,0
2021-06-17 09:46:05,28377.15,0
2021-06-17 09:46:06,28376.75,0
2021-06-17 09:46:07,28376.9,0
2021-06-17 09:46:09,28376.05,0
2021-06-17 09:46:10,28377.6,0
2021-06-17 09:46:11,28377.35,0
2021-06-17 09:46:12,28378.4,0
2021-06-17 09:46:13,28379.85,0
2021-06-17 09:46:14,28379.55,0
2021-06-17 09:46:15,28378.85,0
2021-06-17 09:46:16,28377.7,0
2021-06-17 09:46:17,28379.15,0
2021-06-17 09:46:18,28378.85,0
2021-06-17 09:46:19,28380.0,0
2021-06-17 09:46:20,28380.1,0
2021-06-17 09:46:21,28382.95,0
2021-06-17 09:46:22,28383.25,0
2021-06-17 09:46:23,28384.85,0
2021-06-17 09:46:25,28384.45,0
2021-06-17 09:46:26,28383.85,0
2021-06-17 09:46:28,28383.85,0
2021-06-17 09:46:29,28384.8,0
2021-06-17 09:46:30,28385.9,0
2021-06-17 09:46:31,28387.25,0
2021-06-17 09:46:32,28386.5,0
2021-06-17 09:46:33,28385.95,0
2021-06-17 09:46:34,28387.1,0
2021-06-17 09:46:35,28386.25,0
2021-06-17 09:46:36,28387.65,0
2021-06-17 09:46:37,28390.05,0
2021-06-17 09:46:38,28389.85,0
2021-06-17 09:46:39,28392.0,0
2021-06-17 09:46:40,28389.65,0
2021-06-17 09:46:41,28389.55,0
2021-06-17 09:46:42,28391.85,0
2021-06-17 09:46:43,28390.55,0
2021-06-17 09:46:46,28392.5,0
2021-06-17 09:46:47,28392.6,0
2021-06-17 09:46:48,28391.95,0
2021-06-17 09:46:49,28390.9,0
2021-06-17 09:46:50,28390.75,0
2021-06-17 09:46:51,28391.8,0
2021-06-17 09:46:53,28391.7,0
2021-06-17 09:46:52,28391.5,0
2021-06-17 09:46:54,28392.55,0
2021-06-17 09:46:55,28392.8,0
2021-06-17 09:46:57,28392.95,0
2021-06-17 09:46:59,28393.0,0
2021-06-17 09:47:00,28391.65,0
2021-06-17 09:47:01,28391.4,0
2021-06-17 09:47:02,28391.55,0
2021-06-17 09:47:03,28392.1,0
2021-06-17 09:47:04,28392.15,0
2021-06-17 09:47:05,28393.5,0
2021-06-17 09:47:06,28395.4,0
2021-06-17 09:47:07,28395.25,0
2021-06-17 09:47:08,28394.25,0
2021-06-17 09:47:09,28393.6,0
2021-06-17 09:47:10,28393.55,0
2021-06-17 09:47:11,28391.5,0
2021-06-17 09:47:12,28391.7,0
2021-06-17 09:47:13,28393.95,0
2021-06-17 09:47:14,28391.55,0
2021-06-17 09:47:15,28391.25,0
2021-06-17 09:47:16,28391.25,0
2021-06-17 09:47:17,28393.15,0
2021-06-17 09:47:18,28394.7,0
2021-06-17 09:47:19,28392.6,0
2021-06-17 09:47:20,28394.85,0
2021-06-17 09:47:21,28393.1,0
2021-06-17 09:47:22,28394.0,0
2021-06-17 09:47:23,28393.55,0
2021-06-17 09:47:24,28393.75,0
2021-06-17 09:47:25,28390.95,0
2021-06-17 09:47:26,28392.35,0
2021-06-17 09:47:27,28390.15,0
2021-06-17 09:47:28,28392.35,0
2021-06-17 09:47:29,28391.75,0
2021-06-17 09:47:30,28391.45,0
2021-06-17 09:47:31,28391.05,0
2021-06-17 09:47:32,28391.85,0
2021-06-17 09:47:33,28393.1,0
2021-06-17 09:47:34,28391.55,0
2021-06-17 09:47:35,28391.7,0
2021-06-17 09:47:36,28386.05,0
2021-06-17 09:47:37,28388.9,0
2021-06-17 09:47:38,28385.95,0
2021-06-17 09:47:40,28390.3,0
2021-06-17 09:47:41,28389.8,0
2021-06-17 09:47:42,28389.65,0
2021-06-17 09:47:43,28389.35,0
2021-06-17 09:47:44,28388.4,0
2021-06-17 09:47:45,28388.9,0
2021-06-17 09:47:46,28385.45,0
2021-06-17 09:47:47,28388.5,0
2021-06-17 09:47:48,28387.6,0
2021-06-17 09:47:50,28386.55,0
2021-06-17 09:47:51,28385.75,0
2021-06-17 09:47:52,28386.05,0
2021-06-17 09:47:53,28390.0,0
2021-06-17 09:47:54,28386.7,0
2021-06-17 09:47:55,28388.1,0
2021-06-17 09:47:56,28388.25,0
2021-06-17 09:47:57,28388.95,0
2021-06-17 09:47:58,28389.1,0
2021-06-17 09:48:00,28386.3,0
2021-06-17 09:48:03,28389.95,0
2021-06-17 09:48:04,28388.35,0
2021-06-17 09:48:06,28390.55,0
2021-06-17 09:48:09,28389.75,0
2021-06-17 09:48:10,28388.4,0
2021-06-17 09:48:13,28386.25,0
2021-06-17 09:48:14,28389.45,0
2021-06-17 09:48:15,28388.25,0
2021-06-17 09:48:16,28387.95,0
2021-06-17 09:48:17,28387.15,0
2021-06-17 09:48:18,28388.5,0
2021-06-17 09:48:19,28391.9,0
2021-06-17 09:48:21,28387.7,0
2021-06-17 09:48:22,28387.7,0
2021-06-17 09:48:23,28390.0,0
2021-06-17 09:48:24,28385.3,0
2021-06-17 09:48:25,28387.4,0
2021-06-17 09:48:26,28389.35,0
2021-06-17 09:48:27,28391.45,0
2021-06-17 09:48:28,28389.1,0
2021-06-17 09:48:29,28390.9,0
2021-06-17 09:48:30,28391.15,0
2021-06-17 09:48:31,28392.05,0
2021-06-17 09:48:32,28390.35,0
2021-06-17 09:48:33,28391.85,0
2021-06-17 09:48:34,28392.25,0
2021-06-17 09:48:35,28391.65,0
2021-06-17 09:48:36,28391.35,0
2021-06-17 09:48:37,28390.2,0
2021-06-17 09:48:39,28390.55,0
2021-06-17 09:48:40,28390.15,0
2021-06-17 09:48:41,28389.8,0
2021-06-17 09:48:43,28392.45,0
2021-06-17 09:48:44,28392.0,0
2021-06-17 09:48:45,28393.4,0
2021-06-17 09:48:46,28391.55,0
2021-06-17 09:48:47,28392.05,0
2021-06-17 09:48:48,28392.3,0
2021-06-17 09:48:49,28390.6,0
2021-06-17 09:48:50,28393.65,0
2021-06-17 09:48:51,28393.35,0
2021-06-17 09:48:52,28394.1,0
2021-06-17 09:48:53,28395.3,0
2021-06-17 09:48:55,28396.5,0
2021-06-17 09:48:56,28395.65,0
2021-06-17 09:48:57,28396.3,0
2021-06-17 09:48:58,28396.8,0
2021-06-17 09:48:59,28396.25,0
2021-06-17 09:49:00,28396.15,0
2021-06-17 09:49:01,28395.05,0
2021-06-17 09:49:02,28397.15,0
2021-06-17 09:49:03,28402.2,0
2021-06-17 09:49:04,28401.2,0
2021-06-17 09:49:06,28399.25,0
2021-06-17 09:49:08,28398.2,0
2021-06-17 09:49:09,28399.0,0
2021-06-17 09:49:10,28397.95,0
2021-06-17 09:49:11,28399.5,0
2021-06-17 09:49:12,28397.0,0
2021-06-17 09:49:13,28398.65,0
2021-06-17 09:49:14,28401.3,0
2021-06-17 09:49:15,28398.3,0
2021-06-17 09:49:16,28400.1,0
2021-06-17 09:49:17,28400.6,0
2021-06-17 09:49:19,28400.65,0
2021-06-17 09:49:20,28403.35,0
2021-06-17 09:49:21,28403.5,0
2021-06-17 09:49:22,28401.85,0
2021-06-17 09:49:23,28402.3,0
2021-06-17 09:49:24,28400.2,0
2021-06-17 09:49:25,28403.05,0
2021-06-17 09:49:26,28399.15,0
2021-06-17 09:49:27,28402.8,0
2021-06-17 09:49:28,28400.95,0
2021-06-17 09:49:29,28401.4,0
2021-06-17 09:49:30,28399.65,0
2021-06-17 09:49:31,28401.1,0
2021-06-17 09:49:32,28401.7,0
2021-06-17 09:49:33,28402.7,0
2021-06-17 09:49:34,28400.25,0
2021-06-17 09:49:35,28400.35,0
2021-06-17 09:49:36,28401.95,0
2021-06-17 09:49:37,28402.35,0
2021-06-17 09:49:38,28401.8,0
2021-06-17 09:49:39,28403.35,0
2021-06-17 09:49:40,28402.05,0
2021-06-17 09:49:42,28401.95,0
2021-06-17 09:49:43,28403.55,0
2021-06-17 09:49:44,28404.35,0
2021-06-17 09:49:45,28405.2,0
2021-06-17 09:49:47,28404.7,0
2021-06-17 09:49:48,28404.15,0
2021-06-17 09:49:49,28404.9,0
2021-06-17 09:49:50,28404.85,0
2021-06-17 09:49:51,28403.35,0
2021-06-17 09:49:52,28403.85,0
2021-06-17 09:49:53,28404.0,0
2021-06-17 09:49:54,28403.4,0
2021-06-17 09:49:56,28406.65,0
2021-06-17 09:49:57,28405.9,0
2021-06-17 09:49:58,28406.9,0
2021-06-17 09:50:00,28400.85,0
2021-06-17 09:50:01,28400.45,0
2021-06-17 09:50:02,28400.4,0
2021-06-17 09:50:03,28401.3,0
2021-06-17 09:50:04,28401.6,0
2021-06-17 09:50:05,28402.65,0
2021-06-17 09:50:07,28401.7,0
2021-06-17 09:50:09,28405.25,0
2021-06-17 09:50:10,28404.85,0
2021-06-17 09:50:11,28403.8,0
2021-06-17 09:50:12,28407.5,0
2021-06-17 09:50:13,28406.3,0
2021-06-17 09:50:14,28408.55,0
2021-06-17 09:50:15,28410.25,0
2021-06-17 09:50:16,28407.95,0
2021-06-17 09:50:17,28409.15,0
2021-06-17 09:50:18,28409.5,0
2021-06-17 09:50:19,28411.15,0
2021-06-17 09:50:20,28408.3,0
2021-06-17 09:50:21,28410.5,0
2021-06-17 09:50:22,28409.8,0
2021-06-17 09:50:23,28409.05,0
2021-06-17 09:50:24,28410.95,0
2021-06-17 09:50:26,28408.65,0
2021-06-17 09:50:27,28411.75,0
2021-06-17 09:50:28,28407.55,0
2021-06-17 09:50:30,28407.15,0
2021-06-17 09:50:31,28406.45,0
2021-06-17 09:50:32,28407.05,0
2021-06-17 09:50:34,28410.2,0
2021-06-17 09:50:35,28410.05,0
2021-06-17 09:50:36,28411.3,0
2021-06-17 09:50:37,28410.55,0
2021-06-17 09:50:38,28411.25,0
2021-06-17 09:50:39,28410.8,0
2021-06-17 09:50:40,28410.1,0
2021-06-17 09:50:41,28408.45,0
2021-06-17 09:50:43,28410.35,0
2021-06-17 09:50:44,28411.35,0
2021-06-17 09:50:45,28408.2,0
2021-06-17 09:50:46,28410.2,0
2021-06-17 09:50:47,28411.6,0
2021-06-17 09:50:48,28411.2,0
2021-06-17 09:50:49,28410.95,0
2021-06-17 09:50:51,28409.55,0
2021-06-17 09:50:52,28409.85,0
2021-06-17 09:50:53,28408.85,0
2021-06-17 09:50:55,28408.8,0
2021-06-17 09:50:56,28407.0,0
2021-06-17 09:50:57,28408.5,0
2021-06-17 09:50:58,28409.1,0
2021-06-17 09:50:59,28409.7,0
2021-06-17 09:51:00,28409.15,0
2021-06-17 09:51:01,28405.65,0
2021-06-17 09:51:02,28407.8,0
2021-06-17 09:51:03,28409.3,0
2021-06-17 09:51:04,28408.4,0
2021-06-17 09:51:05,28408.65,0
2021-06-17 09:51:06,28407.8,0
2021-06-17 09:51:07,28407.1,0
2021-06-17 09:51:08,28407.95,0
2021-06-17 09:51:09,28406.2,0
2021-06-17 09:51:10,28406.7,0
2021-06-17 09:51:12,28405.85,0
2021-06-17 09:51:13,28397.6,0
2021-06-17 09:51:14,28399.75,0
2021-06-17 09:51:15,28398.45,0
2021-06-17 09:51:17,28397.3,0
2021-06-17 09:51:18,28395.95,0
2021-06-17 09:51:19,28395.75,0
2021-06-17 09:51:20,28397.2,0
2021-06-17 09:51:21,28396.45,0
2021-06-17 09:51:22,28394.0,0
2021-06-17 09:51:23,28392.65,0
2021-06-17 09:51:24,28392.6,0
2021-06-17 09:51:25,28391.45,0
2021-06-17 09:51:28,28391.9,0
2021-06-17 09:51:30,28389.25,0
2021-06-17 09:51:31,28389.2,0
2021-06-17 09:51:32,28389.95,0
2021-06-17 09:51:33,28391.55,0
2021-06-17 09:51:34,28390.85,0
2021-06-17 09:51:35,28389.75,0
2021-06-17 09:51:36,28390.2,0
2021-06-17 09:51:37,28391.5,0
2021-06-17 09:51:39,28390.9,0
2021-06-17 09:51:40,28388.25,0
2021-06-17 09:51:41,28387.55,0
2021-06-17 09:51:42,28389.85,0
2021-06-17 09:51:43,28388.55,0
2021-06-17 09:51:44,28389.6,0
2021-06-17 09:51:45,28388.85,0
2021-06-17 09:51:47,28391.75,0
2021-06-17 09:51:48,28394.45,0
2021-06-17 09:51:49,28392.35,0
2021-06-17 09:51:50,28394.8,0
2021-06-17 09:51:51,28393.95,0
2021-06-17 09:51:52,28392.45,0
2021-06-17 09:51:53,28396.3,0
2021-06-17 09:51:54,28392.55,0
2021-06-17 09:51:55,28395.8,0
2021-06-17 09:51:56,28395.9,0
2021-06-17 09:51:57,28395.45,0
2021-06-17 09:51:58,28395.25,0
2021-06-17 09:51:59,28393.0,0
2021-06-17 09:52:00,28393.7,0
2021-06-17 09:52:01,28393.0,0
2021-06-17 09:52:02,28393.95,0
2021-06-17 09:52:03,28394.55,0
2021-06-17 09:52:04,28397.5,0
2021-06-17 09:52:05,28396.55,0
2021-06-17 09:52:06,28395.3,0
2021-06-17 09:52:07,28395.55,0
2021-06-17 09:52:08,28396.4,0
2021-06-17 09:52:09,28395.65,0
2021-06-17 09:52:10,28394.7,0
2021-06-17 09:52:11,28397.0,0
2021-06-17 09:52:12,28397.75,0
2021-06-17 09:52:13,28396.95,0
2021-06-17 09:52:14,28397.85,0
2021-06-17 09:52:15,28397.95,0
2021-06-17 09:52:16,28394.95,0
2021-06-17 09:52:18,28396.35,0
2021-06-17 09:52:19,28395.25,0
2021-06-17 09:52:20,28397.5,0
2021-06-17 09:52:21,28397.05,0
2021-06-17 09:52:22,28397.5,0
2021-06-17 09:52:23,28397.6,0
2021-06-17 09:52:24,28395.65,0
2021-06-17 09:52:25,28396.25,0
2021-06-17 09:52:26,28393.7,0
2021-06-17 09:52:28,28398.3,0
2021-06-17 09:52:29,28398.8,0
2021-06-17 09:52:30,28399.4,0
2021-06-17 09:52:31,28398.4,0
2021-06-17 09:52:32,28399.15,0
2021-06-17 09:52:33,28399.15,0
2021-06-17 09:52:34,28399.1,0
2021-06-17 09:52:35,28398.0,0
2021-06-17 09:52:36,28398.65,0
2021-06-17 09:52:37,28397.4,0
2021-06-17 09:52:38,28397.6,0
2021-06-17 09:52:39,28397.3,0
2021-06-17 09:52:40,28396.2,0
2021-06-17 09:52:41,28396.5,0
2021-06-17 09:52:42,28395.6,0
2021-06-17 09:52:43,28396.5,0
2021-06-17 09:52:44,28397.6,0
2021-06-17 09:52:45,28396.9,0
2021-06-17 09:52:46,28396.05,0
2021-06-17 09:52:47,28394.85,0
2021-06-17 09:52:48,28395.2,0
2021-06-17 09:52:49,28397.0,0
2021-06-17 09:52:50,28395.95,0
2021-06-17 09:52:51,28396.3,0
2021-06-17 09:52:53,28397.55,0
2021-06-17 09:52:54,28399.25,0
2021-06-17 09:52:55,28396.75,0
2021-06-17 09:52:56,28396.15,0
2021-06-17 09:52:57,28396.4,0
2021-06-17 09:52:58,28399.95,0
2021-06-17 09:52:59,28400.1,0
2021-06-17 09:53:00,28396.2,0
2021-06-17 09:53:01,28399.0,0
2021-06-17 09:53:02,28398.3,0
2021-06-17 09:53:03,28398.05,0
2021-06-17 09:53:04,28398.2,0
2021-06-17 09:53:05,28397.9,0
2021-06-17 09:53:06,28397.85,0
2021-06-17 09:53:07,28399.4,0
2021-06-17 09:53:08,28400.5,0
2021-06-17 09:53:09,28398.35,0
2021-06-17 09:53:10,28399.25,0
2021-06-17 09:53:11,28401.1,0
2021-06-17 09:53:13,28401.55,0
2021-06-17 09:53:14,28402.2,0
2021-06-17 09:53:15,28401.85,0
2021-06-17 09:53:16,28398.7,0
2021-06-17 09:53:18,28400.75,0
2021-06-17 09:53:19,28401.35,0
2021-06-17 09:53:20,28400.0,0
2021-06-17 09:53:21,28402.35,0
2021-06-17 09:53:22,28402.35,0
2021-06-17 09:53:23,28399.9,0
2021-06-17 09:53:24,28402.5,0
2021-06-17 09:53:25,28401.45,0
2021-06-17 09:53:26,28401.25,0
2021-06-17 09:53:28,28403.05,0
2021-06-17 09:53:29,28402.2,0
2021-06-17 09:53:30,28403.25,0
2021-06-17 09:53:31,28405.8,0
2021-06-17 09:53:32,28407.4,0
2021-06-17 09:53:33,28406.85,0
2021-06-17 09:53:34,28406.6,0
2021-06-17 09:53:35,28407.55,0
2021-06-17 09:53:36,28407.5,0
2021-06-17 09:53:38,28406.7,0
2021-06-17 09:53:39,28404.7,0
2021-06-17 09:53:41,28406.6,0
2021-06-17 09:53:42,28403.9,0
2021-06-17 09:53:43,28407.1,0
2021-06-17 09:53:44,28407.8,0
2021-06-17 09:53:45,28409.1,0
2021-06-17 09:53:47,28409.3,0
2021-06-17 09:53:49,28408.25,0
2021-06-17 09:53:51,28410.55,0
2021-06-17 09:53:52,28411.95,0
2021-06-17 09:53:53,28412.15,0
2021-06-17 09:53:55,28411.15,0
2021-06-17 09:53:56,28412.05,0
2021-06-17 09:53:57,28412.6,0
2021-06-17 09:53:58,28412.25,0
2021-06-17 09:53:59,28413.65,0
2021-06-17 09:54:00,28412.9,0
2021-06-17 09:54:01,28412.35,0
2021-06-17 09:54:02,28413.05,0
2021-06-17 09:54:03,28413.9,0
2021-06-17 09:54:04,28416.3,0
2021-06-17 09:54:05,28415.7,0
2021-06-17 09:54:06,28414.75,0
2021-06-17 09:54:07,28415.35,0
2021-06-17 09:54:08,28417.65,0
2021-06-17 09:54:09,28415.35,0
2021-06-17 09:54:10,28413.5,0
2021-06-17 09:54:11,28415.8,0
2021-06-17 09:54:12,28415.4,0
2021-06-17 09:54:13,28417.2,0
2021-06-17 09:54:14,28417.05,0
2021-06-17 09:54:15,28414.7,0
2021-06-17 09:54:16,28416.45,0
2021-06-17 09:54:17,28419.7,0
2021-06-17 09:54:18,28417.7,0
2021-06-17 09:54:21,28420.4,0
2021-06-17 09:54:22,28420.95,0
2021-06-17 09:54:23,28418.95,0
2021-06-17 09:54:24,28420.4,0
2021-06-17 09:54:25,28423.4,0
2021-06-17 09:54:26,28420.7,0
2021-06-17 09:54:27,28423.3,0
2021-06-17 09:54:28,28423.55,0
2021-06-17 09:54:29,28423.05,0
2021-06-17 09:54:30,28425.55,0
2021-06-17 09:54:31,28425.1,0
2021-06-17 09:54:32,28422.3,0
2021-06-17 09:54:33,28424.55,0
2021-06-17 09:54:34,28425.55,0
2021-06-17 09:54:35,28426.05,0
2021-06-17 09:54:36,28423.95,0
2021-06-17 09:54:37,28424.75,0
2021-06-17 09:54:38,28427.8,0
2021-06-17 09:54:39,28426.8,0
2021-06-17 09:54:42,28428.65,0
2021-06-17 09:54:43,28428.95,0
2021-06-17 09:54:44,28429.4,0
2021-06-17 09:54:46,28429.85,0
2021-06-17 09:54:47,28431.2,0
2021-06-17 09:54:48,28428.3,0
2021-06-17 09:54:49,28429.05,0
2021-06-17 09:54:50,28433.05,0
2021-06-17 09:54:51,28430.7,0
2021-06-17 09:54:53,28434.8,0
2021-06-17 09:54:54,28434.45,0
2021-06-17 09:54:56,28435.9,0
2021-06-17 09:54:57,28434.4,0
2021-06-17 09:54:58,28435.75,0
2021-06-17 09:54:59,28437.0,0
2021-06-17 09:55:00,28436.9,0
2021-06-17 09:55:01,28437.1,0
2021-06-17 09:55:02,28437.35,0
2021-06-17 09:55:03,28439.6,0
2021-06-17 09:55:04,28440.4,0
2021-06-17 09:55:07,28438.6,0
2021-06-17 09:55:08,28438.85,0
2021-06-17 09:55:10,28441.9,0
2021-06-17 09:55:12,28441.7,0
2021-06-17 09:55:13,28444.2,0
2021-06-17 09:55:14,28441.4,0
2021-06-17 09:55:15,28444.25,0
2021-06-17 09:55:16,28442.2,0
2021-06-17 09:55:17,28442.4,0
2021-06-17 09:55:18,28443.3,0
2021-06-17 09:55:19,28443.2,0
2021-06-17 09:55:20,28445.95,0
2021-06-17 09:55:21,28446.0,0
2021-06-17 09:55:22,28445.1,0
2021-06-17 09:55:23,28444.85,0
2021-06-17 09:55:24,28444.45,0
2021-06-17 09:55:25,28443.45,0
2021-06-17 09:55:26,28444.9,0
2021-06-17 09:55:27,28443.75,0
2021-06-17 09:55:28,28443.6,0
2021-06-17 09:55:29,28443.65,0
2021-06-17 09:55:30,28444.2,0
2021-06-17 09:55:31,28443.65,0
2021-06-17 09:55:32,28444.15,0
2021-06-17 09:55:33,28444.3,0
2021-06-17 09:55:35,28443.45,0
2021-06-17 09:55:36,28443.45,0
2021-06-17 09:55:37,28445.55,0
2021-06-17 09:55:38,28445.95,0
2021-06-17 09:55:39,28446.75,0
2021-06-17 09:55:40,28444.6,0
2021-06-17 09:55:41,28446.6,0
2021-06-17 09:55:42,28444.1,0
2021-06-17 09:55:43,28443.95,0
2021-06-17 09:55:44,28444.2,0
2021-06-17 09:55:45,28446.15,0
2021-06-17 09:55:46,28445.6,0
2021-06-17 09:55:47,28445.4,0
2021-06-17 09:55:48,28445.25,0
2021-06-17 09:55:49,28444.55,0
2021-06-17 09:55:50,28446.55,0
2021-06-17 09:55:51,28446.55,0
2021-06-17 09:55:52,28445.2,0
2021-06-17 09:55:53,28444.45,0
2021-06-17 09:55:54,28446.35,0
2021-06-17 09:55:55,28448.45,0
2021-06-17 09:55:56,28448.05,0
2021-06-17 09:55:57,28448.85,0
2021-06-17 09:55:58,28448.4,0
2021-06-17 09:55:59,28449.0,0
2021-06-17 09:56:00,28446.95,0
2021-06-17 09:56:01,28449.0,0
2021-06-17 09:56:02,28450.85,0
2021-06-17 09:56:03,28449.8,0
2021-06-17 09:56:04,28449.8,0
2021-06-17 09:56:05,28449.75,0
2021-06-17 09:56:06,28450.15,0
2021-06-17 09:56:07,28448.2,0
2021-06-17 09:56:08,28448.25,0
2021-06-17 09:56:09,28450.2,0
2021-06-17 09:56:10,28449.85,0
2021-06-17 09:56:11,28449.7,0
2021-06-17 09:56:12,28451.0,0
2021-06-17 09:56:13,28450.8,0
2021-06-17 09:56:14,28451.45,0
2021-06-17 09:56:15,28449.1,0
2021-06-17 09:56:16,28449.85,0
2021-06-17 09:56:17,28450.25,0
2021-06-17 09:56:18,28450.25,0
2021-06-17 09:56:19,28451.55,0
2021-06-17 09:56:20,28451.55,0
2021-06-17 09:56:21,28452.1,0
2021-06-17 09:56:22,28451.5,0
2021-06-17 09:56:23,28452.55,0
2021-06-17 09:56:24,28451.9,0
2021-06-17 09:56:25,28452.35,0
2021-06-17 09:56:26,28452.45,0
2021-06-17 09:56:27,28454.25,0
2021-06-17 09:56:28,28454.95,0
2021-06-17 09:56:29,28454.6,0
2021-06-17 09:56:30,28452.75,0
2021-06-17 09:56:32,28455.05,0
2021-06-17 09:56:33,28453.75,0
2021-06-17 09:56:34,28454.9,0
2021-06-17 09:56:35,28452.5,0
2021-06-17 09:56:36,28453.7,0
2021-06-17 09:56:37,28452.9,0
2021-06-17 09:56:38,28455.6,0
2021-06-17 09:56:39,28456.2,0
2021-06-17 09:56:40,28456.6,0
2021-06-17 09:56:41,28456.15,0
2021-06-17 09:56:42,28455.3,0
2021-06-17 09:56:43,28454.95,0
2021-06-17 09:56:44,28455.7,0
2021-06-17 09:56:45,28455.65,0
2021-06-17 09:56:46,28455.65,0
2021-06-17 09:56:47,28454.55,0
2021-06-17 09:56:48,28454.7,0
2021-06-17 09:56:49,28455.05,0
2021-06-17 09:56:50,28456.7,0
2021-06-17 09:56:51,28456.85,0
2021-06-17 09:56:52,28457.2,0
2021-06-17 09:56:53,28455.95,0
2021-06-17 09:56:54,28455.8,0
2021-06-17 09:56:55,28456.35,0
2021-06-17 09:56:56,28456.05,0
2021-06-17 09:56:57,28456.05,0
2021-06-17 09:56:58,28451.4,0
2021-06-17 09:56:59,28452.45,0
2021-06-17 09:57:00,28452.65,0
2021-06-17 09:57:01,28452.45,0
2021-06-17 09:57:02,28453.8,0
2021-06-17 09:57:03,28452.65,0
2021-06-17 09:57:04,28452.7,0
2021-06-17 09:57:05,28451.8,0
2021-06-17 09:57:06,28452.55,0
2021-06-17 09:57:07,28451.2,0
2021-06-17 09:57:08,28452.5,0
2021-06-17 09:57:09,28452.55,0
2021-06-17 09:57:10,28450.25,0
2021-06-17 09:57:11,28453.1,0
2021-06-17 09:57:12,28451.7,0
2021-06-17 09:57:13,28452.4,0
2021-06-17 09:57:14,28451.55,0
2021-06-17 09:57:16,28452.8,0
2021-06-17 09:57:17,28451.0,0
2021-06-17 09:57:18,28452.4,0
2021-06-17 09:57:19,28451.7,0
2021-06-17 09:57:20,28454.55,0
2021-06-17 09:57:23,28454.7,0
2021-06-17 09:57:24,28453.6,0
2021-06-17 09:57:25,28455.65,0
2021-06-17 09:57:26,28453.4,0
2021-06-17 09:57:27,28452.4,0
2021-06-17 09:57:28,28453.25,0
2021-06-17 09:57:29,28452.9,0
2021-06-17 09:57:30,28453.7,0
2021-06-17 09:57:31,28454.55,0
2021-06-17 09:57:32,28460.05,0
2021-06-17 09:57:33,28460.55,0
2021-06-17 09:57:34,28458.15,0
2021-06-17 09:57:35,28460.75,0
2021-06-17 09:57:36,28460.6,0
2021-06-17 09:57:37,28460.0,0
2021-06-17 09:57:38,28462.1,0
2021-06-17 09:57:39,28457.9,0
2021-06-17 09:57:40,28459.4,0
2021-06-17 09:57:41,28462.3,0
2021-06-17 09:57:42,28464.25,0
2021-06-17 09:57:43,28465.3,0
2021-06-17 09:57:44,28464.95,0
2021-06-17 09:57:46,28462.1,0
2021-06-17 09:57:47,28464.65,0
2021-06-17 09:57:48,28463.3,0
2021-06-17 09:57:49,28462.7,0
2021-06-17 09:57:50,28465.2,0
2021-06-17 09:57:51,28464.3,0
2021-06-17 09:57:53,28463.35,0
2021-06-17 09:57:54,28465.1,0
2021-06-17 09:57:55,28464.45,0
2021-06-17 09:57:56,28464.35,0
2021-06-17 09:57:57,28466.85,0
2021-06-17 09:57:58,28468.85,0
2021-06-17 09:57:59,28471.8,0
2021-06-17 09:58:00,28472.9,0
2021-06-17 09:58:01,28470.15,0
2021-06-17 09:58:02,28474.8,0
2021-06-17 09:58:03,28473.8,0
2021-06-17 09:58:04,28474.1,0
2021-06-17 09:58:05,28471.25,0
2021-06-17 09:58:06,28471.6,0
2021-06-17 09:58:07,28472.35,0
2021-06-17 09:58:09,28477.2,0
2021-06-17 09:58:11,28474.7,0
2021-06-17 09:58:12,28476.0,0
2021-06-17 09:58:13,28474.35,0
2021-06-17 09:58:14,28475.0,0
2021-06-17 09:58:15,28476.55,0
2021-06-17 09:58:16,28474.4,0
2021-06-17 09:58:17,28475.75,0
2021-06-17 09:58:18,28477.35,0
2021-06-17 09:58:19,28477.05,0
2021-06-17 09:58:20,28475.9,0
2021-06-17 09:58:21,28475.65,0
2021-06-17 09:58:22,28474.55,0
2021-06-17 09:58:23,28473.4,0
2021-06-17 09:58:25,28473.95,0
2021-06-17 09:58:26,28474.25,0
2021-06-17 09:58:27,28473.75,0
2021-06-17 09:58:28,28474.45,0
2021-06-17 09:58:29,28472.2,0
2021-06-17 09:58:30,28473.25,0
2021-06-17 09:58:31,28473.65,0
2021-06-17 09:58:32,28475.65,0
2021-06-17 09:58:33,28472.0,0
2021-06-17 09:58:34,28474.25,0
2021-06-17 09:58:35,28475.0,0
2021-06-17 09:58:36,28474.55,0
2021-06-17 09:58:37,28475.65,0
2021-06-17 09:58:38,28474.6,0
2021-06-17 09:58:39,28473.5,0
2021-06-17 09:58:40,28472.55,0
2021-06-17 09:58:41,28474.15,0
2021-06-17 09:58:42,28474.8,0
2021-06-17 09:58:43,28472.55,0
2021-06-17 09:58:44,28470.6,0
2021-06-17 09:58:45,28471.55,0
2021-06-17 09:58:46,28470.8,0
2021-06-17 09:58:47,28470.25,0
2021-06-17 09:58:48,28471.35,0
2021-06-17 09:58:49,28472.45,0
2021-06-17 09:58:50,28470.2,0
2021-06-17 09:58:51,28474.4,0
2021-06-17 09:58:52,28474.0,0
2021-06-17 09:58:54,28474.25,0
2021-06-17 09:58:55,28474.7,0
2021-06-17 09:58:56,28475.15,0
2021-06-17 09:58:57,28471.0,0
2021-06-17 09:58:58,28472.7,0
2021-06-17 09:58:59,28472.8,0
2021-06-17 09:59:00,28470.85,0
2021-06-17 09:59:01,28472.3,0
2021-06-17 09:59:02,28473.65,0
2021-06-17 09:59:03,28475.0,0
2021-06-17 09:59:04,28472.8,0
2021-06-17 09:59:05,28473.9,0
2021-06-17 09:59:06,28473.4,0
2021-06-17 09:59:08,28473.6,0
2021-06-17 09:59:09,28474.4,0
2021-06-17 09:59:10,28475.15,0
2021-06-17 09:59:11,28473.95,0
2021-06-17 09:59:12,28474.55,0
2021-06-17 09:59:13,28475.85,0
2021-06-17 09:59:14,28476.5,0
2021-06-17 09:59:15,28475.45,0
2021-06-17 09:59:16,28476.2,0
2021-06-17 09:59:17,28474.65,0
2021-06-17 09:59:18,28475.2,0
2021-06-17 09:59:19,28474.65,0
2021-06-17 09:59:20,28473.2,0
2021-06-17 09:59:21,28474.5,0
2021-06-17 09:59:23,28475.15,0
2021-06-17 09:59:24,28474.65,0
2021-06-17 09:59:25,28475.05,0
2021-06-17 09:59:26,28476.85,0
2021-06-17 09:59:27,28475.6,0
2021-06-17 09:59:28,28474.65,0
2021-06-17 09:59:29,28474.1,0
2021-06-17 09:59:30,28477.75,0
2021-06-17 09:59:31,28476.25,0
2021-06-17 09:59:33,28478.65,0
2021-06-17 09:59:34,28479.0,0
2021-06-17 09:59:35,28478.3,0
2021-06-17 09:59:36,28478.35,0
2021-06-17 09:59:37,28476.35,0
2021-06-17 09:59:39,28477.4,0
2021-06-17 09:59:40,28475.35,0
2021-06-17 09:59:41,28474.5,0
2021-06-17 09:59:42,28471.35,0
2021-06-17 09:59:43,28470.25,0
2021-06-17 09:59:44,28473.35,0
2021-06-17 09:59:45,28473.9,0
2021-06-17 09:59:47,28473.35,0
2021-06-17 09:59:48,28474.15,0
2021-06-17 09:59:49,28474.05,0
2021-06-17 09:59:51,28472.45,0
2021-06-17 09:59:52,28472.65,0
2021-06-17 09:59:53,28471.6,0
2021-06-17 09:59:54,28471.1,0
2021-06-17 09:59:55,28470.2,0
2021-06-17 09:59:56,28470.35,0
2021-06-17 09:59:57,28467.85,0
2021-06-17 09:59:58,28470.15,0
2021-06-17 09:59:59,28469.2,0
2021-06-17 10:00:00,28468.5,0
2021-06-17 10:00:01,28468.75,0
2021-06-17 10:00:02,28467.5,0
2021-06-17 10:00:03,28470.25,0
2021-06-17 10:00:04,28469.6,0
2021-06-17 10:00:05,28470.7,0
2021-06-17 10:00:06,28464.4,0
2021-06-17 10:00:08,28466.05,0
2021-06-17 10:00:09,28466.35,0
2021-06-17 10:00:10,28469.1,0
2021-06-17 10:00:11,28468.5,0
2021-06-17 10:00:12,28468.3,0
2021-06-17 10:00:13,28468.8,0
2021-06-17 10:00:14,28469.75,0
2021-06-17 10:00:16,28467.0,0
2021-06-17 10:00:17,28466.9,0
2021-06-17 10:00:18,28468.2,0
2021-06-17 10:00:19,28466.35,0
2021-06-17 10:00:20,28467.25,0
2021-06-17 10:00:22,28468.1,0
2021-06-17 10:00:23,28468.3,0
2021-06-17 10:00:24,28468.5,0
2021-06-17 10:00:25,28468.9,0
2021-06-17 10:00:26,28467.0,0
2021-06-17 10:00:27,28469.65,0
2021-06-17 10:00:28,28467.9,0
2021-06-17 10:00:29,28471.3,0
2021-06-17 10:00:30,28468.9,0
2021-06-17 10:00:31,28467.95,0
2021-06-17 10:00:32,28470.9,0
2021-06-17 10:00:33,28469.55,0
2021-06-17 10:00:34,28469.7,0
2021-06-17 10:00:35,28467.55,0
2021-06-17 10:00:36,28467.15,0
2021-06-17 10:00:37,28467.15,0
2021-06-17 10:00:39,28470.45,0
2021-06-17 10:00:40,28467.8,0
2021-06-17 10:00:41,28469.6,0
2021-06-17 10:00:42,28470.55,0
2021-06-17 10:00:44,28472.0,0
2021-06-17 10:00:45,28468.6,0
2021-06-17 10:00:46,28470.05,0
2021-06-17 10:00:47,28469.15,0
2021-06-17 10:00:48,28473.95,0
2021-06-17 10:00:49,28473.8,0
2021-06-17 10:00:50,28468.6,0
2021-06-17 10:00:51,28468.45,0
2021-06-17 10:00:52,28469.15,0
2021-06-17 10:00:53,28469.55,0
2021-06-17 10:00:54,28469.8,0
2021-06-17 10:00:55,28468.65,0
2021-06-17 10:00:56,28469.25,0
2021-06-17 10:00:57,28470.05,0
2021-06-17 10:00:58,28468.05,0
2021-06-17 10:00:59,28471.3,0
2021-06-17 10:01:00,28468.65,0
2021-06-17 10:01:01,28466.95,0
2021-06-17 10:01:02,28467.95,0
2021-06-17 10:01:03,28466.95,0
2021-06-17 10:01:04,28469.4,0
2021-06-17 10:01:05,28471.05,0
2021-06-17 10:01:06,28469.2,0
2021-06-17 10:01:07,28468.4,0
2021-06-17 10:01:09,28467.6,0
2021-06-17 10:01:10,28464.5,0
2021-06-17 10:01:11,28461.55,0
2021-06-17 10:01:12,28461.85,0
2021-06-17 10:01:13,28462.3,0
2021-06-17 10:01:15,28460.65,0
2021-06-17 10:01:16,28457.85,0
2021-06-17 10:01:17,28456.8,0
2021-06-17 10:01:18,28460.8,0
2021-06-17 10:01:20,28460.5,0
2021-06-17 10:01:21,28459.0,0
2021-06-17 10:01:22,28458.0,0
2021-06-17 10:01:23,28457.95,0
2021-06-17 10:01:24,28459.25,0
2021-06-17 10:01:25,28458.45,0
2021-06-17 10:01:26,28456.5,0
2021-06-17 10:01:27,28456.65,0
2021-06-17 10:01:28,28457.8,0
2021-06-17 10:01:29,28457.3,0
2021-06-17 10:01:30,28453.85,0
2021-06-17 10:01:31,28454.2,0
2021-06-17 10:01:34,28451.15,0
2021-06-17 10:01:35,28451.35,0
2021-06-17 10:01:36,28450.9,0
2021-06-17 10:01:37,28448.2,0
2021-06-17 10:01:38,28450.85,0
2021-06-17 10:01:39,28447.9,0
2021-06-17 10:01:40,28444.9,0
2021-06-17 10:01:41,28445.3,0
2021-06-17 10:01:42,28447.05,0
2021-06-17 10:01:43,28445.65,0
2021-06-17 10:01:44,28444.95,0
2021-06-17 10:01:45,28445.85,0
2021-06-17 10:01:47,28445.55,0
2021-06-17 10:01:48,28445.55,0
2021-06-17 10:01:49,28445.05,0
2021-06-17 10:01:50,28446.25,0
2021-06-17 10:01:51,28447.0,0
2021-06-17 10:01:52,28447.7,0
2021-06-17 10:01:53,28448.35,0
2021-06-17 10:01:54,28444.95,0
2021-06-17 10:01:55,28447.35,0
2021-06-17 10:01:56,28457.8,0
2021-06-17 10:01:57,28452.7,0
2021-06-17 10:01:58,28452.05,0
2021-06-17 10:01:59,28451.2,0
2021-06-17 10:02:00,28450.05,0
2021-06-17 10:02:02,28449.7,0
2021-06-17 10:02:03,28450.8,0
2021-06-17 10:02:05,28449.25,0
2021-06-17 10:02:06,28449.6,0
2021-06-17 10:02:07,28448.55,0
2021-06-17 10:02:09,28451.4,0
2021-06-17 10:02:10,28453.55,0
2021-06-17 10:02:11,28448.9,0
2021-06-17 10:02:14,28450.25,0
2021-06-17 10:02:15,28451.05,0
2021-06-17 10:02:16,28450.6,0
2021-06-17 10:02:17,28452.85,0
2021-06-17 10:02:18,28450.35,0
2021-06-17 10:02:19,28453.25,0
2021-06-17 10:02:20,28454.5,0
2021-06-17 10:02:21,28453.25,0
2021-06-17 10:02:22,28451.5,0
2021-06-17 10:02:23,28453.2,0
2021-06-17 10:02:25,28449.25,0
2021-06-17 10:02:26,28450.55,0
2021-06-17 10:02:27,28451.35,0
2021-06-17 10:02:28,28451.0,0
2021-06-17 10:02:29,28451.85,0
2021-06-17 10:02:30,28452.45,0
2021-06-17 10:02:31,28455.05,0
2021-06-17 10:02:32,28454.5,0
2021-06-17 10:02:33,28456.0,0
2021-06-17 10:02:34,28457.15,0
2021-06-17 10:02:35,28455.8,0
2021-06-17 10:02:36,28453.3,0
2021-06-17 10:02:37,28454.25,0
2021-06-17 10:02:38,28458.05,0
2021-06-17 10:02:39,28455.5,0
2021-06-17 10:02:40,28456.45,0
2021-06-17 10:02:41,28456.4,0
2021-06-17 10:02:43,28456.75,0
2021-06-17 10:02:44,28454.6,0
2021-06-17 10:02:45,28457.35,0
2021-06-17 10:02:46,28455.15,0
2021-06-17 10:02:47,28455.15,0
2021-06-17 10:02:48,28451.4,0
2021-06-17 10:02:49,28450.15,0
2021-06-17 10:02:50,28452.3,0
2021-06-17 10:02:51,28450.3,0
2021-06-17 10:02:52,28451.3,0
2021-06-17 10:02:53,28449.9,0
2021-06-17 10:02:54,28450.05,0
2021-06-17 10:02:55,28447.9,0
2021-06-17 10:02:56,28447.75,0
2021-06-17 10:02:57,28447.55,0
2021-06-17 10:02:58,28444.9,0
2021-06-17 10:02:59,28443.75,0
2021-06-17 10:03:00,28445.0,0
2021-06-17 10:03:03,28444.05,0
2021-06-17 10:03:04,28443.9,0
2021-06-17 10:03:05,28447.8,0
2021-06-17 10:03:06,28444.3,0
2021-06-17 10:03:07,28444.2,0
2021-06-17 10:03:08,28446.3,0
2021-06-17 10:03:10,28448.4,0
2021-06-17 10:03:11,28447.5,0
2021-06-17 10:03:12,28446.1,0
2021-06-17 10:03:13,28445.5,0
2021-06-17 10:03:14,28447.1,0
2021-06-17 10:03:15,28444.9,0
2021-06-17 10:03:16,28444.9,0
2021-06-17 10:03:17,28445.65,0
2021-06-17 10:03:18,28444.15,0
2021-06-17 10:03:19,28444.4,0
2021-06-17 10:03:20,28442.95,0
2021-06-17 10:03:21,28443.6,0
2021-06-17 10:03:22,28443.3,0
2021-06-17 10:03:23,28441.85,0
2021-06-17 10:03:24,28442.35,0
2021-06-17 10:03:25,28444.8,0
2021-06-17 10:03:26,28440.9,0
2021-06-17 10:03:27,28440.05,0
2021-06-17 10:03:28,28439.8,0
2021-06-17 10:03:32,28438.2,0
2021-06-17 10:03:33,28440.2,0
2021-06-17 10:03:34,28437.3,0
2021-06-17 10:03:35,28436.25,0
2021-06-17 10:03:36,28437.55,0
2021-06-17 10:03:37,28438.4,0
2021-06-17 10:03:38,28438.05,0
2021-06-17 10:03:39,28437.55,0
2021-06-17 10:03:40,28437.45,0
2021-06-17 10:03:41,28437.05,0
2021-06-17 10:03:43,28437.3,0
2021-06-17 10:03:44,28437.15,0
2021-06-17 10:03:45,28435.55,0
2021-06-17 10:03:48,28437.85,0
2021-06-17 10:03:50,28437.55,0
2021-06-17 10:03:51,28440.7,0
2021-06-17 10:03:52,28439.15,0
2021-06-17 10:03:53,28437.95,0
2021-06-17 10:03:55,28435.8,0
2021-06-17 10:03:57,28437.4,0
2021-06-17 10:03:56,28436.25,0
2021-06-17 10:03:58,28436.6,0
2021-06-17 10:04:01,28435.7,0
2021-06-17 10:04:02,28436.4,0
2021-06-17 10:04:03,28436.0,0
2021-06-17 10:04:04,28435.65,0
2021-06-17 10:04:05,28435.35,0
2021-06-17 10:04:06,28435.35,0
2021-06-17 10:04:07,28435.75,0
2021-06-17 10:04:08,28436.05,0
2021-06-17 10:04:09,28436.45,0
2021-06-17 10:04:11,28436.1,0
2021-06-17 10:04:12,28436.7,0
2021-06-17 10:04:13,28435.95,0
2021-06-17 10:04:15,28437.5,0
2021-06-17 10:04:16,28436.85,0
2021-06-17 10:04:17,28436.2,0
2021-06-17 10:04:18,28439.25,0
2021-06-17 10:04:20,28437.85,0
2021-06-17 10:04:22,28439.9,0
2021-06-17 10:04:23,28438.7,0
2021-06-17 10:04:24,28439.0,0
2021-06-17 10:04:25,28440.85,0
2021-06-17 10:04:26,28439.1,0
2021-06-17 10:04:27,28439.2,0
2021-06-17 10:04:28,28440.2,0
2021-06-17 10:04:29,28442.7,0
2021-06-17 10:04:30,28443.85,0
2021-06-17 10:04:32,28441.9,0
2021-06-17 10:04:31,28442.2,0
2021-06-17 10:04:33,28441.45,0
2021-06-17 10:04:34,28440.6,0
2021-06-17 10:04:35,28440.5,0
2021-06-17 10:04:36,28441.45,0
2021-06-17 10:04:37,28441.35,0
2021-06-17 10:04:38,28441.7,0
2021-06-17 10:04:39,28441.95,0
2021-06-17 10:04:40,28442.95,0
2021-06-17 10:04:41,28442.7,0
2021-06-17 10:04:42,28442.75,0
2021-06-17 10:04:43,28442.35,0
2021-06-17 10:04:44,28442.75,0
2021-06-17 10:04:45,28442.65,0
2021-06-17 10:04:46,28443.4,0
2021-06-17 10:04:47,28443.7,0
2021-06-17 10:04:48,28443.2,0
2021-06-17 10:04:49,28443.6,0
2021-06-17 10:04:50,28445.0,0
2021-06-17 10:04:51,28443.9,0
2021-06-17 10:04:52,28443.0,0
2021-06-17 10:04:53,28443.05,0
2021-06-17 10:04:54,28443.45,0
2021-06-17 10:04:55,28441.85,0
2021-06-17 10:04:56,28442.5,0
2021-06-17 10:04:57,28443.3,0
2021-06-17 10:04:58,28443.55,0
2021-06-17 10:04:59,28442.05,0
2021-06-17 10:05:00,28443.25,0
2021-06-17 10:05:01,28442.25,0
2021-06-17 10:05:02,28441.4,0
2021-06-17 10:05:03,28443.35,0
2021-06-17 10:05:04,28443.1,0
2021-06-17 10:05:05,28443.35,0
2021-06-17 10:05:06,28443.55,0
2021-06-17 10:05:07,28444.8,0
2021-06-17 10:05:08,28446.65,0
2021-06-17 10:05:09,28444.95,0
2021-06-17 10:05:10,28446.1,0
2021-06-17 10:05:11,28444.65,0
2021-06-17 10:05:12,28447.0,0
2021-06-17 10:05:13,28447.2,0
2021-06-17 10:05:14,28446.7,0
2021-06-17 10:05:15,28448.45,0
2021-06-17 10:05:16,28444.45,0
2021-06-17 10:05:17,28445.85,0
2021-06-17 10:05:18,28445.85,0
2021-06-17 10:05:19,28447.75,0
2021-06-17 10:05:20,28446.7,0
2021-06-17 10:05:21,28446.7,0
2021-06-17 10:05:22,28449.5,0
2021-06-17 10:05:23,28448.85,0
2021-06-17 10:05:25,28450.35,0
2021-06-17 10:05:27,28449.55,0
2021-06-17 10:05:29,28451.3,0
2021-06-17 10:05:31,28451.5,0
2021-06-17 10:05:32,28449.75,0
2021-06-17 10:05:33,28448.15,0
2021-06-17 10:05:34,28447.95,0
2021-06-17 10:05:35,28448.35,0
2021-06-17 10:05:36,28448.85,0
2021-06-17 10:05:37,28449.6,0
2021-06-17 10:05:38,28449.5,0
2021-06-17 10:05:39,28450.35,0
2021-06-17 10:05:40,28450.7,0
2021-06-17 10:05:41,28449.8,0
2021-06-17 10:05:42,28448.95,0
2021-06-17 10:05:43,28448.3,0
2021-06-17 10:05:45,28448.9,0
2021-06-17 10:05:44,28448.9,0
2021-06-17 10:05:46,28448.15,0
2021-06-17 10:05:47,28448.1,0
2021-06-17 10:05:48,28449.1,0
2021-06-17 10:05:49,28449.05,0
2021-06-17 10:05:50,28448.5,0
2021-06-17 10:05:51,28447.05,0
2021-06-17 10:05:52,28444.9,0
2021-06-17 10:05:53,28447.1,0
2021-06-17 10:05:54,28444.85,0
2021-06-17 10:05:55,28444.2,0
2021-06-17 10:05:56,28446.0,0
2021-06-17 10:05:57,28443.3,0
2021-06-17 10:05:59,28444.95,0
2021-06-17 10:06:00,28445.25,0
2021-06-17 10:06:01,28446.25,0
2021-06-17 10:06:02,28445.2,0
2021-06-17 10:06:03,28436.8,0
2021-06-17 10:06:04,28435.75,0
2021-06-17 10:06:05,28434.25,0
2021-06-17 10:06:06,28435.1,0
2021-06-17 10:06:07,28435.9,0
2021-06-17 10:06:08,28434.15,0
2021-06-17 10:06:09,28436.7,0
2021-06-17 10:06:10,28436.45,0
2021-06-17 10:06:11,28434.7,0
2021-06-17 10:06:13,28436.25,0
2021-06-17 10:06:14,28434.85,0
2021-06-17 10:06:15,28436.75,0
2021-06-17 10:06:16,28437.55,0
2021-06-17 10:06:17,28435.75,0
2021-06-17 10:06:19,28434.0,0
2021-06-17 10:06:20,28434.7,0
2021-06-17 10:06:21,28435.7,0
2021-06-17 10:06:22,28436.55,0
2021-06-17 10:06:23,28433.15,0
2021-06-17 10:06:25,28434.55,0
2021-06-17 10:06:27,28433.75,0
2021-06-17 10:06:28,28434.8,0
2021-06-17 10:06:30,28432.45,0
2021-06-17 10:06:31,28433.8,0
2021-06-17 10:06:32,28433.35,0
2021-06-17 10:06:33,28433.3,0
2021-06-17 10:06:34,28434.6,0
2021-06-17 10:06:35,28433.55,0
2021-06-17 10:06:36,28434.0,0
2021-06-17 10:06:37,28433.75,0
2021-06-17 10:06:38,28434.0,0
2021-06-17 10:06:39,28433.05,0
2021-06-17 10:06:40,28434.2,0
2021-06-17 10:06:41,28433.8,0
2021-06-17 10:06:42,28433.0,0
2021-06-17 10:06:46,28434.65,0
2021-06-17 10:06:47,28432.4,0
2021-06-17 10:06:48,28431.9,0
2021-06-17 10:06:49,28432.2,0
2021-06-17 10:06:50,28431.4,0
2021-06-17 10:06:51,28432.85,0
2021-06-17 10:06:52,28434.0,0
2021-06-17 10:06:53,28432.9,0
2021-06-17 10:06:54,28433.45,0
2021-06-17 10:06:55,28434.0,0
2021-06-17 10:06:56,28432.65,0
2021-06-17 10:06:57,28432.3,0
2021-06-17 10:06:58,28435.45,0
2021-06-17 10:06:59,28434.7,0
2021-06-17 10:07:01,28431.6,0
2021-06-17 10:07:02,28431.95,0
2021-06-17 10:07:03,28432.3,0
2021-06-17 10:07:04,28432.0,0
2021-06-17 10:07:06,28433.25,0
2021-06-17 10:07:07,28432.7,0
2021-06-17 10:07:08,28433.4,0
2021-06-17 10:07:09,28433.6,0
2021-06-17 10:07:10,28434.7,0
2021-06-17 10:07:11,28433.55,0
2021-06-17 10:07:12,28430.0,0
2021-06-17 10:07:13,28433.3,0
2021-06-17 10:07:14,28430.6,0
2021-06-17 10:07:16,28431.5,0
2021-06-17 10:07:17,28435.0,0
2021-06-17 10:07:18,28436.15,0
2021-06-17 10:07:19,28435.2,0
2021-06-17 10:07:20,28432.75,0
2021-06-17 10:07:21,28434.4,0
2021-06-17 10:07:22,28434.6,0
2021-06-17 10:07:23,28433.0,0
2021-06-17 10:07:26,28431.9,0
2021-06-17 10:07:27,28431.65,0
2021-06-17 10:07:28,28433.35,0
2021-06-17 10:07:29,28436.05,0
2021-06-17 10:07:30,28433.45,0
2021-06-17 10:07:31,28435.3,0
2021-06-17 10:07:32,28435.15,0
2021-06-17 10:07:33,28435.85,0
2021-06-17 10:07:34,28434.35,0
2021-06-17 10:07:35,28435.95,0
2021-06-17 10:07:36,28434.0,0
2021-06-17 10:07:37,28434.85,0
2021-06-17 10:07:38,28436.15,0
2021-06-17 10:07:39,28439.05,0
2021-06-17 10:07:40,28437.95,0
2021-06-17 10:07:41,28437.05,0
2021-06-17 10:07:42,28436.35,0
2021-06-17 10:07:43,28436.7,0
2021-06-17 10:07:44,28436.7,0
2021-06-17 10:07:45,28436.2,0
2021-06-17 10:07:47,28438.3,0
2021-06-17 10:07:48,28439.05,0
2021-06-17 10:07:49,28439.05,0
2021-06-17 10:07:50,28437.0,0
2021-06-17 10:07:51,28437.4,0
2021-06-17 10:07:52,28436.3,0
2021-06-17 10:07:53,28438.25,0
2021-06-17 10:07:54,28438.5,0
2021-06-17 10:07:55,28438.45,0
2021-06-17 10:07:56,28438.3,0
2021-06-17 10:07:57,28438.25,0
2021-06-17 10:07:58,28438.4,0
2021-06-17 10:08:00,28438.8,0
2021-06-17 10:08:01,28439.25,0
2021-06-17 10:08:02,28438.25,0
2021-06-17 10:08:04,28438.05,0
2021-06-17 10:08:05,28438.1,0
2021-06-17 10:08:06,28439.35,0
2021-06-17 10:08:07,28438.85,0
2021-06-17 10:08:08,28436.15,0
2021-06-17 10:08:10,28438.25,0
2021-06-17 10:08:11,28433.35,0
2021-06-17 10:08:12,28434.35,0
2021-06-17 10:08:14,28431.3,0
2021-06-17 10:08:17,28428.2,0
2021-06-17 10:08:18,28428.75,0
2021-06-17 10:08:19,28423.1,0
2021-06-17 10:08:20,28422.8,0
2021-06-17 10:08:21,28422.4,0
2021-06-17 10:08:22,28419.3,0
2021-06-17 10:08:23,28418.15,0
2021-06-17 10:08:24,28417.95,0
2021-06-17 10:08:25,28418.5,0
2021-06-17 10:08:26,28419.05,0
2021-06-17 10:08:27,28417.5,0
2021-06-17 10:08:28,28419.75,0
2021-06-17 10:08:29,28416.95,0
2021-06-17 10:08:30,28418.0,0
2021-06-17 10:08:31,28417.45,0
2021-06-17 10:08:32,28415.25,0
2021-06-17 10:08:33,28416.45,0
2021-06-17 10:08:34,28413.4,0
2021-06-17 10:08:36,28414.25,0
2021-06-17 10:08:37,28412.1,0
2021-06-17 10:08:38,28414.0,0
2021-06-17 10:08:39,28414.75,0
2021-06-17 10:08:40,28413.15,0
2021-06-17 10:08:41,28414.95,0
2021-06-17 10:08:42,28416.05,0
2021-06-17 10:08:43,28416.55,0
2021-06-17 10:08:44,28415.75,0
2021-06-17 10:08:45,28414.95,0
2021-06-17 10:08:46,28413.05,0
2021-06-17 10:08:47,28415.4,0
2021-06-17 10:08:48,28415.4,0
2021-06-17 10:08:49,28414.25,0
2021-06-17 10:08:50,28411.25,0
2021-06-17 10:08:51,28411.15,0
2021-06-17 10:08:52,28412.05,0
2021-06-17 10:08:53,28415.95,0
2021-06-17 10:08:54,28412.85,0
2021-06-17 10:08:55,28412.7,0
2021-06-17 10:08:56,28414.4,0
2021-06-17 10:08:57,28411.4,0
2021-06-17 10:08:58,28413.6,0
2021-06-17 10:08:59,28414.3,0
2021-06-17 10:09:00,28413.8,0
2021-06-17 10:09:01,28413.45,0
2021-06-17 10:09:03,28413.9,0
2021-06-17 10:09:05,28413.45,0
2021-06-17 10:09:07,28412.3,0
2021-06-17 10:09:08,28414.65,0
2021-06-17 10:09:09,28413.5,0
2021-06-17 10:09:10,28413.85,0
2021-06-17 10:09:11,28411.9,0
2021-06-17 10:09:12,28411.3,0
2021-06-17 10:09:13,28411.3,0
2021-06-17 10:09:14,28413.15,0
2021-06-17 10:09:15,28413.2,0
2021-06-17 10:09:16,28414.4,0
2021-06-17 10:09:17,28414.4,0
2021-06-17 10:09:18,28416.0,0
2021-06-17 10:09:19,28416.2,0
2021-06-17 10:09:20,28416.6,0
2021-06-17 10:09:22,28418.7,0
2021-06-17 10:09:23,28417.85,0
2021-06-17 10:09:24,28418.25,0
2021-06-17 10:09:25,28417.85,0
2021-06-17 10:09:26,28419.65,0
2021-06-17 10:09:27,28419.2,0
2021-06-17 10:09:28,28417.35,0
2021-06-17 10:09:29,28417.95,0
2021-06-17 10:09:30,28418.9,0
2021-06-17 10:09:32,28417.65,0
2021-06-17 10:09:33,28418.85,0
2021-06-17 10:09:34,28417.6,0
2021-06-17 10:09:35,28416.85,0
2021-06-17 10:09:36,28417.55,0
2021-06-17 10:09:37,28419.85,0
2021-06-17 10:09:38,28417.9,0
2021-06-17 10:09:39,28417.7,0
2021-06-17 10:09:40,28419.6,0
2021-06-17 10:09:41,28420.2,0
2021-06-17 10:09:42,28418.2,0
2021-06-17 10:09:43,28418.85,0
2021-06-17 10:09:44,28419.4,0
2021-06-17 10:09:45,28419.6,0
2021-06-17 10:09:46,28418.5,0
2021-06-17 10:09:47,28417.4,0
2021-06-17 10:09:48,28419.65,0
2021-06-17 10:09:49,28418.85,0
2021-06-17 10:09:50,28419.1,0
2021-06-17 10:09:51,28416.9,0
2021-06-17 10:09:53,28415.9,0
2021-06-17 10:09:54,28415.15,0
2021-06-17 10:09:55,28413.25,0
2021-06-17 10:09:56,28412.45,0
2021-06-17 10:09:58,28410.8,0
2021-06-17 10:09:59,28409.85,0
2021-06-17 10:10:00,28409.55,0
2021-06-17 10:10:02,28409.85,0
2021-06-17 10:10:04,28410.2,0
2021-06-17 10:10:06,28408.6,0
2021-06-17 10:10:07,28407.05,0
2021-06-17 10:10:08,28407.65,0
2021-06-17 10:10:09,28406.85,0
2021-06-17 10:10:11,28405.15,0
2021-06-17 10:10:13,28407.3,0
2021-06-17 10:10:14,28408.1,0
2021-06-17 10:10:15,28406.25,0
2021-06-17 10:10:16,28408.35,0
2021-06-17 10:10:17,28408.45,0
2021-06-17 10:10:18,28408.2,0
2021-06-17 10:10:19,28406.5,0
2021-06-17 10:10:20,28408.75,0
2021-06-17 10:10:21,28407.9,0
2021-06-17 10:10:22,28409.55,0
2021-06-17 10:10:23,28407.3,0
2021-06-17 10:10:24,28407.3,0
2021-06-17 10:10:25,28405.7,0
2021-06-17 10:10:26,28408.05,0
2021-06-17 10:10:27,28409.15,0
2021-06-17 10:10:28,28406.85,0
2021-06-17 10:10:30,28405.7,0
2021-06-17 10:10:31,28403.75,0
2021-06-17 10:10:32,28404.3,0
2021-06-17 10:10:33,28404.3,0
2021-06-17 10:10:34,28403.9,0
2021-06-17 10:10:35,28402.7,0
2021-06-17 10:10:36,28403.8,0
2021-06-17 10:10:37,28404.15,0
2021-06-17 10:10:38,28403.1,0
2021-06-17 10:10:39,28404.6,0
2021-06-17 10:10:40,28401.8,0
2021-06-17 10:10:41,28405.5,0
2021-06-17 10:10:42,28404.3,0
2021-06-17 10:10:43,28404.3,0
2021-06-17 10:10:44,28402.85,0
2021-06-17 10:10:45,28402.95,0
2021-06-17 10:10:46,28403.4,0
2021-06-17 10:10:47,28402.6,0
2021-06-17 10:10:48,28403.25,0
2021-06-17 10:10:49,28403.65,0
2021-06-17 10:10:50,28404.65,0
2021-06-17 10:10:51,28401.8,0
2021-06-17 10:10:52,28400.55,0
2021-06-17 10:10:53,28402.95,0
2021-06-17 10:10:54,28404.3,0
2021-06-17 10:10:55,28404.25,0
2021-06-17 10:10:56,28402.85,0
2021-06-17 10:10:58,28403.5,0
2021-06-17 10:10:59,28404.15,0
2021-06-17 10:11:00,28406.95,0
2021-06-17 10:11:01,28403.4,0
2021-06-17 10:11:02,28403.45,0
2021-06-17 10:11:03,28403.3,0
2021-06-17 10:11:04,28403.75,0
2021-06-17 10:11:05,28403.05,0
2021-06-17 10:11:06,28404.7,0
2021-06-17 10:11:07,28405.4,0
2021-06-17 10:11:08,28405.35,0
2021-06-17 10:11:09,28405.2,0
2021-06-17 10:11:10,28405.75,0
2021-06-17 10:11:11,28405.75,0
2021-06-17 10:11:12,28407.0,0
2021-06-17 10:11:13,28404.25,0
2021-06-17 10:11:14,28403.4,0
2021-06-17 10:11:15,28403.05,0
2021-06-17 10:11:16,28403.45,0
2021-06-17 10:11:17,28403.75,0
2021-06-17 10:11:18,28403.75,0
2021-06-17 10:11:19,28406.05,0
2021-06-17 10:11:20,28408.35,0
2021-06-17 10:11:21,28406.3,0
2021-06-17 10:11:22,28404.6,0
2021-06-17 10:11:23,28404.7,0
2021-06-17 10:11:24,28405.2,0
2021-06-17 10:11:25,28404.95,0
2021-06-17 10:11:26,28405.75,0
2021-06-17 10:11:28,28405.6,0
2021-06-17 10:11:29,28406.95,0
2021-06-17 10:11:30,28408.05,0
2021-06-17 10:11:31,28406.95,0
2021-06-17 10:11:32,28411.2,0
2021-06-17 10:11:33,28411.15,0
2021-06-17 10:11:34,28411.6,0
2021-06-17 10:11:35,28413.7,0
2021-06-17 10:11:36,28412.9,0
2021-06-17 10:11:37,28414.45,0
2021-06-17 10:11:38,28414.05,0
2021-06-17 10:11:39,28413.3,0
2021-06-17 10:11:40,28413.95,0
2021-06-17 10:11:41,28414.55,0
2021-06-17 10:11:42,28416.7,0
2021-06-17 10:11:43,28417.3,0
2021-06-17 10:11:44,28417.5,0
2021-06-17 10:11:45,28414.45,0
2021-06-17 10:11:46,28413.9,0
2021-06-17 10:11:47,28415.3,0
2021-06-17 10:11:48,28415.9,0
2021-06-17 10:11:49,28417.9,0
2021-06-17 10:11:51,28422.15,0
2021-06-17 10:11:52,28424.85,0
2021-06-17 10:11:53,28425.6,0
2021-06-17 10:11:54,28427.3,0
2021-06-17 10:11:55,28428.25,0
2021-06-17 10:11:56,28427.95,0
2021-06-17 10:11:57,28428.9,0
2021-06-17 10:11:58,28426.1,0
2021-06-17 10:11:59,28428.7,0
2021-06-17 10:12:00,28428.95,0
2021-06-17 10:12:01,28428.7,0
2021-06-17 10:12:02,28431.0,0
2021-06-17 10:12:04,28427.15,0
2021-06-17 10:12:05,28433.9,0
2021-06-17 10:12:06,28429.05,0
2021-06-17 10:12:08,28432.1,0
2021-06-17 10:12:09,28434.5,0
2021-06-17 10:12:10,28436.0,0
2021-06-17 10:12:11,28433.85,0
2021-06-17 10:12:13,28435.0,0
2021-06-17 10:12:14,28436.0,0
2021-06-17 10:12:15,28436.9,0
2021-06-17 10:12:16,28435.7,0
2021-06-17 10:12:17,28437.8,0
2021-06-17 10:12:19,28425.75,0
2021-06-17 10:12:20,28424.95,0
2021-06-17 10:12:21,28426.0,0
2021-06-17 10:12:22,28427.0,0
2021-06-17 10:12:23,28427.55,0
2021-06-17 10:12:24,28427.25,0
2021-06-17 10:12:25,28426.3,0
2021-06-17 10:12:27,28428.1,0
2021-06-17 10:12:28,28428.5,0
2021-06-17 10:12:29,28429.7,0
2021-06-17 10:12:30,28430.0,0
2021-06-17 10:12:31,28427.75,0
2021-06-17 10:12:32,28428.4,0
2021-06-17 10:12:34,28429.6,0
2021-06-17 10:12:35,28429.05,0
2021-06-17 10:12:36,28429.3,0
2021-06-17 10:12:38,28431.0,0
2021-06-17 10:12:40,28430.05,0
2021-06-17 10:12:41,28430.4,0
2021-06-17 10:12:42,28429.3,0
2021-06-17 10:12:43,28429.25,0
2021-06-17 10:12:44,28430.45,0
2021-06-17 10:12:45,28429.6,0
2021-06-17 10:12:46,28427.35,0
2021-06-17 10:12:48,28431.45,0
2021-06-17 10:12:49,28431.8,0
2021-06-17 10:12:50,28432.65,0
2021-06-17 10:12:52,28431.25,0
2021-06-17 10:12:53,28433.45,0
2021-06-17 10:12:54,28432.9,0
2021-06-17 10:12:55,28432.9,0
2021-06-17 10:12:56,28432.0,0
2021-06-17 10:12:57,28428.7,0
2021-06-17 10:12:58,28433.85,0
2021-06-17 10:12:59,28433.35,0
2021-06-17 10:13:00,28433.85,0
2021-06-17 10:13:01,28434.35,0
2021-06-17 10:13:02,28431.75,0
2021-06-17 10:13:03,28433.25,0
2021-06-17 10:13:04,28432.55,0
2021-06-17 10:13:05,28432.15,0
2021-06-17 10:13:06,28432.0,0
2021-06-17 10:13:07,28432.8,0
2021-06-17 10:13:08,28434.15,0
2021-06-17 10:13:09,28433.75,0
2021-06-17 10:13:10,28431.0,0
2021-06-17 10:13:12,28433.05,0
2021-06-17 10:13:13,28433.55,0
2021-06-17 10:13:14,28434.3,0
2021-06-17 10:13:16,28432.15,0
2021-06-17 10:13:17,28432.5,0
2021-06-17 10:13:18,28433.75,0
2021-06-17 10:13:19,28433.3,0
2021-06-17 10:13:20,28437.3,0
2021-06-17 10:13:21,28436.3,0
2021-06-17 10:13:22,28436.1,0
2021-06-17 10:13:23,28436.45,0
2021-06-17 10:13:24,28436.5,0
2021-06-17 10:13:25,28436.0,0
2021-06-17 10:13:26,28435.2,0
2021-06-17 10:13:27,28436.55,0
2021-06-17 10:13:28,28435.05,0
2021-06-17 10:13:29,28437.4,0
2021-06-17 10:13:30,28435.5,0
2021-06-17 10:13:31,28434.05,0
2021-06-17 10:13:32,28436.2,0
2021-06-17 10:13:36,28434.75,0
2021-06-17 10:13:38,28436.6,0
2021-06-17 10:13:39,28430.95,0
2021-06-17 10:13:40,28429.85,0
2021-06-17 10:13:41,28429.8,0
2021-06-17 10:13:42,28429.2,0
2021-06-17 10:13:43,28431.55,0
2021-06-17 10:13:44,28431.7,0
2021-06-17 10:13:45,28430.2,0
2021-06-17 10:13:46,28430.95,0
2021-06-17 10:13:47,28430.2,0
2021-06-17 10:13:48,28429.3,0
2021-06-17 10:13:49,28428.7,0
2021-06-17 10:13:50,28427.55,0
2021-06-17 10:13:51,28428.7,0
2021-06-17 10:13:52,28428.45,0
2021-06-17 10:13:53,28429.0,0
2021-06-17 10:13:54,28428.15,0
2021-06-17 10:13:55,28428.45,0
2021-06-17 10:13:56,28428.55,0
2021-06-17 10:13:57,28428.2,0
2021-06-17 10:13:58,28426.65,0
2021-06-17 10:13:59,28428.5,0
2021-06-17 10:14:00,28431.0,0
2021-06-17 10:14:01,28431.45,0
2021-06-17 10:14:02,28430.35,0
2021-06-17 10:14:03,28431.25,0
2021-06-17 10:14:04,28430.8,0
2021-06-17 10:14:05,28431.3,0
2021-06-17 10:14:06,28430.6,0
2021-06-17 10:14:07,28428.55,0
2021-06-17 10:14:08,28427.85,0
2021-06-17 10:14:09,28427.4,0
2021-06-17 10:14:10,28428.8,0
2021-06-17 10:14:11,28429.75,0
2021-06-17 10:14:12,28430.5,0
2021-06-17 10:14:13,28429.1,0
2021-06-17 10:14:15,28430.15,0
2021-06-17 10:14:17,28431.65,0
2021-06-17 10:14:18,28431.85,0
2021-06-17 10:14:21,28429.5,0
2021-06-17 10:14:22,28430.1,0
2021-06-17 10:14:23,28429.5,0
2021-06-17 10:14:24,28431.0,0
2021-06-17 10:14:25,28428.75,0
2021-06-17 10:14:26,28431.3,0
2021-06-17 10:14:27,28431.1,0
2021-06-17 10:14:28,28431.05,0
2021-06-17 10:14:29,28432.4,0
2021-06-17 10:14:30,28431.95,0
2021-06-17 10:14:31,28433.85,0
2021-06-17 10:14:32,28431.0,0
2021-06-17 10:14:33,28430.75,0
2021-06-17 10:14:34,28428.95,0
2021-06-17 10:14:35,28431.25,0
2021-06-17 10:14:37,28432.0,0
2021-06-17 10:14:38,28432.25,0
2021-06-17 10:14:39,28429.15,0
2021-06-17 10:14:40,28430.95,0
2021-06-17 10:14:42,28431.0,0
2021-06-17 10:14:43,28431.4,0
2021-06-17 10:14:44,28430.45,0
2021-06-17 10:14:45,28429.1,0
2021-06-17 10:14:46,28430.85,0
2021-06-17 10:14:47,28431.1,0
2021-06-17 10:14:48,28430.85,0
2021-06-17 10:14:49,28431.35,0
2021-06-17 10:14:50,28433.25,0
2021-06-17 10:14:51,28431.15,0
2021-06-17 10:14:53,28432.15,0
2021-06-17 10:14:54,28432.35,0
2021-06-17 10:14:55,28432.6,0
2021-06-17 10:14:57,28431.3,0
2021-06-17 10:14:59,28432.95,0
2021-06-17 10:15:00,28431.65,0
2021-06-17 10:15:02,28431.75,0
2021-06-17 10:15:03,28431.3,0
2021-06-17 10:15:04,28431.8,0
2021-06-17 10:15:05,28431.5,0
2021-06-17 10:15:06,28432.05,0
2021-06-17 10:15:07,28431.3,0
2021-06-17 10:15:08,28431.5,0
2021-06-17 10:15:09,28432.5,0
2021-06-17 10:15:10,28435.7,0
2021-06-17 10:15:11,28431.65,0
2021-06-17 10:15:12,28433.75,0
2021-06-17 10:15:13,28435.35,0
2021-06-17 10:15:14,28435.4,0
2021-06-17 10:15:15,28434.45,0
2021-06-17 10:15:16,28436.3,0
2021-06-17 10:15:18,28437.75,0
2021-06-17 10:15:19,28437.45,0
2021-06-17 10:15:20,28438.3,0
2021-06-17 10:15:21,28436.9,0
2021-06-17 10:15:23,28437.2,0
2021-06-17 10:15:24,28438.3,0
2021-06-17 10:15:27,28440.6,0
2021-06-17 10:15:28,28437.4,0
2021-06-17 10:15:31,28440.55,0
2021-06-17 10:15:32,28440.25,0
2021-06-17 10:15:33,28439.6,0
2021-06-17 10:15:34,28439.95,0
2021-06-17 10:15:35,28439.95,0
2021-06-17 10:15:37,28442.95,0
2021-06-17 10:15:38,28442.85,0
2021-06-17 10:15:39,28445.4,0
2021-06-17 10:15:40,28445.1,0
2021-06-17 10:15:41,28445.65,0
2021-06-17 10:15:42,28446.95,0
2021-06-17 10:15:43,28446.85,0
2021-06-17 10:15:44,28445.65,0
2021-06-17 10:15:46,28444.35,0
2021-06-17 10:15:47,28444.75,0
2021-06-17 10:15:48,28445.0,0
2021-06-17 10:15:50,28447.3,0
2021-06-17 10:15:51,28447.35,0
2021-06-17 10:15:52,28448.65,0
2021-06-17 10:15:53,28447.35,0
2021-06-17 10:15:54,28446.05,0
2021-06-17 10:15:55,28446.6,0
2021-06-17 10:15:56,28446.6,0
2021-06-17 10:15:57,28443.35,0
2021-06-17 10:15:58,28444.1,0
2021-06-17 10:15:59,28443.75,0
2021-06-17 10:16:00,28443.0,0
2021-06-17 10:16:02,28442.75,0
2021-06-17 10:16:03,28443.2,0
2021-06-17 10:16:04,28443.8,0
2021-06-17 10:16:05,28445.2,0
2021-06-17 10:16:06,28443.4,0
2021-06-17 10:16:07,28444.45,0
2021-06-17 10:16:09,28446.45,0
2021-06-17 10:16:11,28444.3,0
2021-06-17 10:16:13,28447.35,0
2021-06-17 10:16:14,28446.45,0
2021-06-17 10:16:16,28445.35,0
2021-06-17 10:16:17,28446.15,0
2021-06-17 10:16:18,28446.85,0
2021-06-17 10:16:19,28450.4,0
2021-06-17 10:16:20,28449.85,0
2021-06-17 10:16:21,28450.5,0
2021-06-17 10:16:22,28448.55,0
2021-06-17 10:16:23,28451.3,0
2021-06-17 10:16:24,28450.7,0
2021-06-17 10:16:25,28450.45,0
2021-06-17 10:16:26,28449.85,0
2021-06-17 10:16:27,28448.8,0
2021-06-17 10:16:28,28450.3,0
2021-06-17 10:16:29,28449.5,0
2021-06-17 10:16:30,28448.9,0
2021-06-17 10:16:31,28449.2,0
2021-06-17 10:16:32,28449.15,0
2021-06-17 10:16:33,28449.7,0
2021-06-17 10:16:35,28449.75,0
2021-06-17 10:16:36,28448.7,0
2021-06-17 10:16:37,28449.8,0
2021-06-17 10:16:38,28451.5,0
2021-06-17 10:16:39,28450.85,0
2021-06-17 10:16:40,28452.6,0
2021-06-17 10:16:41,28452.45,0
2021-06-17 10:16:42,28451.8,0
2021-06-17 10:16:43,28451.05,0
2021-06-17 10:16:44,28450.75,0
2021-06-17 10:16:45,28450.3,0
2021-06-17 10:16:46,28450.3,0
2021-06-17 10:16:47,28445.95,0
2021-06-17 10:16:49,28447.45,0
2021-06-17 10:16:51,28448.5,0
2021-06-17 10:16:52,28446.7,0
2021-06-17 10:16:53,28446.65,0
2021-06-17 10:16:54,28448.45,0
2021-06-17 10:16:55,28447.75,0
2021-06-17 10:16:56,28445.35,0
2021-06-17 10:16:57,28446.1,0
2021-06-17 10:16:59,28448.05,0
2021-06-17 10:17:00,28447.7,0
2021-06-17 10:17:01,28447.8,0
2021-06-17 10:17:02,28447.35,0
2021-06-17 10:17:03,28448.65,0
2021-06-17 10:17:04,28448.3,0
2021-06-17 10:17:05,28447.75,0
2021-06-17 10:17:07,28447.8,0
2021-06-17 10:17:08,28447.75,0
2021-06-17 10:17:09,28448.0,0
2021-06-17 10:17:10,28448.25,0
2021-06-17 10:17:11,28448.0,0
2021-06-17 10:17:12,28448.4,0
2021-06-17 10:17:14,28449.4,0
2021-06-17 10:17:15,28451.3,0
2021-06-17 10:17:16,28450.5,0
2021-06-17 10:17:17,28449.95,0
2021-06-17 10:17:18,28449.55,0
2021-06-17 10:17:19,28452.05,0
2021-06-17 10:17:20,28451.7,0
2021-06-17 10:17:21,28450.8,0
2021-06-17 10:17:22,28453.55,0
2021-06-17 10:17:23,28453.75,0
2021-06-17 10:17:24,28452.65,0
2021-06-17 10:17:25,28453.15,0
2021-06-17 10:17:27,28453.05,0
2021-06-17 10:17:28,28453.5,0
2021-06-17 10:17:29,28454.1,0
2021-06-17 10:17:30,28455.4,0
2021-06-17 10:17:31,28457.15,0
2021-06-17 10:17:32,28456.65,0
2021-06-17 10:17:33,28457.8,0
2021-06-17 10:17:35,28456.05,0
2021-06-17 10:17:36,28457.35,0
2021-06-17 10:17:37,28455.9,0
2021-06-17 10:17:38,28456.5,0
2021-06-17 10:17:39,28456.15,0
2021-06-17 10:17:40,28454.55,0
2021-06-17 10:17:41,28457.45,0
2021-06-17 10:17:42,28458.55,0
2021-06-17 10:17:45,28455.3,0
2021-06-17 10:17:46,28455.25,0
2021-06-17 10:17:47,28453.5,0
2021-06-17 10:17:48,28454.4,0
2021-06-17 10:17:49,28458.15,0
2021-06-17 10:17:50,28458.95,0
2021-06-17 10:17:51,28454.7,0
2021-06-17 10:17:52,28453.45,0
2021-06-17 10:17:53,28453.95,0
2021-06-17 10:17:55,28456.0,0
2021-06-17 10:17:56,28457.25,0
2021-06-17 10:17:57,28455.65,0
2021-06-17 10:17:58,28455.05,0
2021-06-17 10:17:59,28454.1,0
2021-06-17 10:18:00,28453.65,0
2021-06-17 10:18:01,28454.85,0
2021-06-17 10:18:02,28453.1,0
2021-06-17 10:18:03,28452.7,0
2021-06-17 10:18:04,28449.8,0
2021-06-17 10:18:05,28452.8,0
2021-06-17 10:18:06,28453.55,0
2021-06-17 10:18:07,28450.75,0
2021-06-17 10:18:08,28449.05,0
2021-06-17 10:18:09,28446.25,0
2021-06-17 10:18:10,28449.5,0
2021-06-17 10:18:11,28448.35,0
2021-06-17 10:18:12,28450.85,0
2021-06-17 10:18:14,28451.5,0
2021-06-17 10:18:15,28451.1,0
2021-06-17 10:18:16,28452.1,0
2021-06-17 10:18:17,28449.95,0
2021-06-17 10:18:18,28451.85,0
2021-06-17 10:18:19,28450.65,0
2021-06-17 10:18:20,28452.3,0
2021-06-17 10:18:21,28453.3,0
2021-06-17 10:18:22,28453.7,0
2021-06-17 10:18:23,28454.35,0
2021-06-17 10:18:25,28453.75,0
2021-06-17 10:18:26,28453.9,0
2021-06-17 10:18:27,28451.65,0
2021-06-17 10:18:28,28452.15,0
2021-06-17 10:18:29,28454.75,0
2021-06-17 10:18:30,28453.6,0
2021-06-17 10:18:31,28453.9,0
2021-06-17 10:18:32,28453.8,0
2021-06-17 10:18:33,28454.7,0
2021-06-17 10:18:34,28453.3,0
2021-06-17 10:18:35,28453.6,0
2021-06-17 10:18:36,28454.4,0
2021-06-17 10:18:37,28454.25,0
2021-06-17 10:18:38,28453.35,0
2021-06-17 10:18:39,28453.9,0
2021-06-17 10:18:40,28452.6,0
2021-06-17 10:18:41,28453.9,0
2021-06-17 10:18:42,28453.55,0
2021-06-17 10:18:43,28454.15,0
2021-06-17 10:18:45,28456.25,0
2021-06-17 10:18:46,28454.35,0
2021-06-17 10:18:47,28454.5,0
2021-06-17 10:18:48,28456.75,0
2021-06-17 10:18:49,28454.1,0
2021-06-17 10:18:51,28456.0,0
2021-06-17 10:18:52,28455.2,0
2021-06-17 10:18:53,28454.65,0
2021-06-17 10:18:54,28457.35,0
2021-06-17 10:18:56,28456.35,0
2021-06-17 10:18:57,28456.5,0
2021-06-17 10:18:58,28455.8,0
2021-06-17 10:18:59,28455.35,0
2021-06-17 10:19:00,28457.5,0
2021-06-17 10:19:01,28457.5,0
2021-06-17 10:19:02,28456.15,0
2021-06-17 10:19:03,28455.75,0
2021-06-17 10:19:04,28455.6,0
2021-06-17 10:19:05,28457.6,0
2021-06-17 10:19:06,28457.45,0
2021-06-17 10:19:07,28458.0,0
2021-06-17 10:19:08,28458.3,0
2021-06-17 10:19:09,28458.3,0
2021-06-17 10:19:10,28456.65,0
2021-06-17 10:19:11,28456.2,0
2021-06-17 10:19:12,28457.9,0
2021-06-17 10:19:13,28457.05,0
2021-06-17 10:19:14,28456.95,0
2021-06-17 10:19:15,28456.8,0
2021-06-17 10:19:16,28458.15,0
2021-06-17 10:19:19,28455.35,0
2021-06-17 10:19:20,28456.65,0
2021-06-17 10:19:21,28456.65,0
2021-06-17 10:19:22,28457.5,0
2021-06-17 10:19:23,28456.0,0
2021-06-17 10:19:24,28454.8,0
2021-06-17 10:19:25,28455.95,0
2021-06-17 10:19:26,28455.05,0
2021-06-17 10:19:27,28454.6,0
2021-06-17 10:19:28,28459.25,0
2021-06-17 10:19:29,28458.9,0
2021-06-17 10:19:30,28456.7,0
2021-06-17 10:19:32,28457.75,0
2021-06-17 10:19:33,28459.15,0
2021-06-17 10:19:35,28458.4,0
2021-06-17 10:19:36,28458.05,0
2021-06-17 10:19:37,28458.3,0
2021-06-17 10:19:38,28458.6,0
2021-06-17 10:19:39,28457.25,0
2021-06-17 10:19:40,28457.65,0
2021-06-17 10:19:41,28458.65,0
2021-06-17 10:19:43,28458.25,0
2021-06-17 10:19:44,28458.7,0
2021-06-17 10:19:46,28457.95,0
2021-06-17 10:19:48,28454.15,0
2021-06-17 10:19:49,28454.2,0
2021-06-17 10:19:50,28456.0,0
2021-06-17 10:19:51,28456.55,0
2021-06-17 10:19:52,28455.0,0
2021-06-17 10:19:53,28456.75,0
2021-06-17 10:19:54,28455.3,0
2021-06-17 10:19:55,28454.5,0
2021-06-17 10:19:56,28456.4,0
2021-06-17 10:19:58,28454.9,0
2021-06-17 10:19:59,28454.4,0
2021-06-17 10:20:00,28452.15,0
2021-06-17 10:20:01,28449.95,0
2021-06-17 10:20:02,28451.5,0
2021-06-17 10:20:03,28453.4,0
2021-06-17 10:20:04,28454.95,0
2021-06-17 10:20:05,28452.3,0
2021-06-17 10:20:06,28453.1,0
2021-06-17 10:20:07,28451.1,0
2021-06-17 10:20:08,28449.35,0
2021-06-17 10:20:09,28451.35,0
2021-06-17 10:20:10,28446.4,0
2021-06-17 10:20:11,28445.9,0
2021-06-17 10:20:12,28446.35,0
2021-06-17 10:20:14,28443.35,0
2021-06-17 10:20:15,28445.05,0
2021-06-17 10:20:16,28443.4,0
2021-06-17 10:20:17,28443.55,0
2021-06-17 10:20:18,28444.0,0
2021-06-17 10:20:19,28445.7,0
2021-06-17 10:20:20,28440.75,0
2021-06-17 10:20:21,28441.95,0
2021-06-17 10:20:22,28444.4,0
2021-06-17 10:20:23,28439.75,0
2021-06-17 10:20:24,28442.35,0
2021-06-17 10:20:25,28441.6,0
2021-06-17 10:20:26,28441.15,0
2021-06-17 10:20:27,28441.3,0
2021-06-17 10:20:28,28440.9,0
2021-06-17 10:20:29,28440.8,0
2021-06-17 10:20:31,28441.05,0
2021-06-17 10:20:32,28442.15,0
2021-06-17 10:20:33,28443.65,0
2021-06-17 10:20:34,28443.25,0
2021-06-17 10:20:35,28442.75,0
2021-06-17 10:20:36,28441.75,0
2021-06-17 10:20:37,28441.55,0
2021-06-17 10:20:38,28442.75,0
2021-06-17 10:20:39,28440.85,0
2021-06-17 10:20:40,28443.0,0
2021-06-17 10:20:41,28442.3,0
2021-06-17 10:20:42,28444.0,0
2021-06-17 10:20:44,28444.6,0
2021-06-17 10:20:45,28444.8,0
2021-06-17 10:20:46,28443.9,0
2021-06-17 10:20:48,28442.8,0
2021-06-17 10:20:49,28443.3,0
2021-06-17 10:20:50,28443.55,0
2021-06-17 10:20:51,28443.6,0
2021-06-17 10:20:52,28444.05,0
2021-06-17 10:20:53,28444.85,0
2021-06-17 10:20:54,28442.9,0
2021-06-17 10:20:56,28443.2,0
2021-06-17 10:20:57,28443.3,0
2021-06-17 10:20:58,28443.05,0
2021-06-17 10:20:59,28444.0,0
2021-06-17 10:21:00,28442.95,0
2021-06-17 10:21:01,28440.75,0
2021-06-17 10:21:02,28442.85,0
2021-06-17 10:21:03,28443.55,0
2021-06-17 10:21:04,28442.95,0
2021-06-17 10:21:05,28445.3,0
2021-06-17 10:21:06,28444.8,0
2021-06-17 10:21:07,28444.95,0
2021-06-17 10:21:08,28444.9,0
2021-06-17 10:21:09,28444.9,0
2021-06-17 10:21:10,28445.7,0
2021-06-17 10:21:14,28449.6,0
2021-06-17 10:21:16,28446.4,0
2021-06-17 10:21:17,28446.85,0
2021-06-17 10:21:18,28447.5,0
2021-06-17 10:21:19,28450.05,0
2021-06-17 10:21:20,28447.85,0
2021-06-17 10:21:21,28447.25,0
2021-06-17 10:21:23,28451.55,0
2021-06-17 10:21:24,28451.6,0
2021-06-17 10:21:25,28452.0,0
2021-06-17 10:21:26,28452.5,0
2021-06-17 10:21:27,28451.7,0
2021-06-17 10:21:28,28454.65,0
2021-06-17 10:21:29,28451.4,0
2021-06-17 10:21:30,28452.95,0
2021-06-17 10:21:31,28453.9,0
2021-06-17 10:21:32,28454.9,0
2021-06-17 10:21:33,28452.95,0
2021-06-17 10:21:34,28453.9,0
2021-06-17 10:21:35,28453.5,0
2021-06-17 10:21:36,28453.7,0
2021-06-17 10:21:37,28453.5,0
2021-06-17 10:21:38,28454.55,0
2021-06-17 10:21:39,28453.45,0
2021-06-17 10:21:40,28453.45,0
