timestamp,ltp,volume
2021-06-17 09:19:42,10593.85,0
2021-06-17 09:19:49,10593.85,0
2021-06-17 09:19:54,10592.9,0
2021-06-17 09:19:55,10592.0,0
2021-06-17 09:19:57,10592.9,0
2021-06-17 09:20:02,10593.65,0
2021-06-17 09:20:04,10592.35,0
2021-06-17 09:20:05,10593.2,0
2021-06-17 09:20:09,10592.35,0
2021-06-17 09:20:13,10593.25,0
2021-06-17 09:20:14,10593.1,0
2021-06-17 09:20:22,10594.4,0
2021-06-17 09:20:37,10594.55,0
2021-06-17 09:20:42,10594.25,0
2021-06-17 09:20:49,10595.15,0
2021-06-17 09:20:51,10597.1,0
2021-06-17 09:20:52,10593.85,0
2021-06-17 09:21:00,10597.0,0
2021-06-17 09:21:07,10597.15,0
2021-06-17 09:21:16,10601.05,0
2021-06-17 09:21:18,10602.1,0
2021-06-17 09:21:21,10600.8,0
2021-06-17 09:21:26,10603.8,0
2021-06-17 09:21:32,10607.0,0
2021-06-17 09:21:36,10608.6,0
2021-06-17 09:21:46,10608.45,0
2021-06-17 09:21:48,10608.7,0
2021-06-17 09:21:56,10610.2,0
2021-06-17 09:21:58,10612.05,0
2021-06-17 09:22:03,10608.1,0
2021-06-17 09:22:04,10609.3,0
2021-06-17 09:22:12,10608.2,0
2021-06-17 09:22:17,10607.6,0
2021-06-17 09:22:24,10608.55,0
2021-06-17 09:22:25,10608.45,0
2021-06-17 09:22:27,10607.85,0
2021-06-17 09:22:28,10608.1,0
2021-06-17 09:22:30,10609.9,0
2021-06-17 09:22:33,10614.55,0
2021-06-17 09:22:34,10614.25,0
2021-06-17 09:22:37,10614.6,0
2021-06-17 09:22:38,10615.35,0
2021-06-17 09:22:41,10617.15,0
2021-06-17 09:22:42,10617.2,0
2021-06-17 09:22:43,10618.0,0
2021-06-17 09:22:45,10621.15,0
2021-06-17 09:22:51,10623.55,0
2021-06-17 09:22:54,10627.3,0
2021-06-17 09:22:55,10626.8,0
2021-06-17 09:23:00,10629.85,0
2021-06-17 09:23:06,10627.6,0
2021-06-17 09:23:07,10627.9,0
2021-06-17 09:23:15,10629.4,0
2021-06-17 09:23:36,10632.5,0
2021-06-17 09:23:38,10632.65,0
2021-06-17 09:23:42,10634.0,0
2021-06-17 09:23:49,10633.25,0
2021-06-17 09:24:02,10633.95,0
2021-06-17 09:24:03,10633.2,0
2021-06-17 09:24:04,10633.05,0
2021-06-17 09:24:09,10633.05,0
2021-06-17 09:24:11,10632.45,0
2021-06-17 09:24:15,10631.75,0
2021-06-17 09:24:17,10631.35,0
2021-06-17 09:24:20,10631.65,0
2021-06-17 09:24:21,10631.55,0
2021-06-17 09:24:27,10630.15,0
2021-06-17 09:24:29,10631.0,0
2021-06-17 09:24:50,10629.85,0
2021-06-17 09:24:53,10629.5,0
2021-06-17 09:25:01,10630.75,0
2021-06-17 09:25:05,10628.6,0
2021-06-17 09:25:08,10630.7,0
2021-06-17 09:25:13,10630.8,0
2021-06-17 09:25:18,10629.55,0
2021-06-17 09:25:19,10629.2,0
2021-06-17 09:25:20,10628.9,0
2021-06-17 09:25:21,10629.4,0
2021-06-17 09:25:22,10628.85,0
2021-06-17 09:25:29,10628.85,0
2021-06-17 09:25:30,10629.3,0
2021-06-17 09:25:31,10626.7,0
2021-06-17 09:25:32,10627.05,0
2021-06-17 09:25:33,10627.05,0
2021-06-17 09:25:35,10626.45,0
2021-06-17 09:25:40,10625.7,0
2021-06-17 09:25:44,10628.5,0
2021-06-17 09:25:48,10628.5,0
2021-06-17 09:25:50,10627.95,0
2021-06-17 09:25:55,10630.15,0
2021-06-17 09:25:56,10629.05,0
2021-06-17 09:25:57,10629.1,0
2021-06-17 09:26:01,10629.15,0
2021-06-17 09:26:05,10628.95,0
2021-06-17 09:26:09,10630.6,0
2021-06-17 09:26:19,10635.0,0
2021-06-17 09:26:31,10637.5,0
2021-06-17 09:26:32,10639.0,0
2021-06-17 09:26:41,10641.25,0
2021-06-17 09:26:48,10643.75,0
2021-06-17 09:26:51,10645.7,0
2021-06-17 09:26:57,10647.45,0
2021-06-17 09:27:03,10649.05,0
2021-06-17 09:27:05,10650.9,0
2021-06-17 09:27:12,10652.4,0
2021-06-17 09:27:22,10656.15,0
2021-06-17 09:27:24,10656.2,0
2021-06-17 09:27:28,10654.75,0
2021-06-17 09:27:32,10655.7,0
2021-06-17 09:27:37,10651.95,0
2021-06-17 09:27:40,10653.9,0
2021-06-17 09:27:41,10652.6,0
2021-06-17 09:27:43,10655.15,0
2021-06-17 09:27:49,10653.7,0
2021-06-17 09:27:51,10655.4,0
2021-06-17 09:27:56,10654.2,0
2021-06-17 09:28:05,10652.1,0
2021-06-17 09:28:21,10652.9,0
2021-06-17 09:28:25,10654.0,0
2021-06-17 09:28:27,10655.05,0
2021-06-17 09:28:28,10654.5,0
2021-06-17 09:28:32,10653.45,0
2021-06-17 09:28:42,10654.45,0
2021-06-17 09:28:48,10655.6,0
2021-06-17 09:28:49,10654.9,0
2021-06-17 09:28:50,10654.95,0
2021-06-17 09:28:55,10655.95,0
2021-06-17 09:29:07,10657.9,0
2021-06-17 09:29:08,10657.8,0
2021-06-17 09:29:11,10657.7,0
2021-06-17 09:29:12,10658.1,0
2021-06-17 09:29:13,10658.25,0
2021-06-17 09:29:16,10658.45,0
2021-06-17 09:29:18,10658.9,0
2021-06-17 09:29:26,10659.85,0
2021-06-17 09:29:27,10659.45,0
2021-06-17 09:29:31,10658.85,0
2021-06-17 09:29:34,10659.3,0
2021-06-17 09:29:37,10658.9,0
2021-06-17 09:29:38,10658.6,0
2021-06-17 09:29:41,10658.15,0
2021-06-17 09:29:44,10659.05,0
2021-06-17 09:29:45,10658.7,0
2021-06-17 09:29:50,10657.05,0
2021-06-17 09:29:51,10654.4,0
2021-06-17 09:30:06,10654.4,0
2021-06-17 09:30:12,10658.75,0
2021-06-17 09:30:22,10660.5,0
2021-06-17 09:30:25,10661.6,0
2021-06-17 09:30:27,10661.1,0
2021-06-17 09:30:29,10659.85,0
2021-06-17 09:30:37,10660.25,0
2021-06-17 09:30:39,10661.0,0
2021-06-17 09:30:40,10659.65,0
2021-06-17 09:30:42,10661.0,0
2021-06-17 09:30:46,10661.1,0
2021-06-17 09:30:47,10660.7,0
2021-06-17 09:30:48,10659.7,0
2021-06-17 09:30:53,10656.8,0
2021-06-17 09:30:57,10658.1,0
2021-06-17 09:31:02,10658.4,0
2021-06-17 09:31:05,10660.85,0
2021-06-17 09:31:06,10659.85,0
2021-06-17 09:31:09,10659.55,0
2021-06-17 09:31:11,10659.9,0
2021-06-17 09:31:18,10660.0,0
2021-06-17 09:31:24,10659.25,0
2021-06-17 09:31:27,10659.25,0
2021-06-17 09:31:32,10655.7,0
2021-06-17 09:31:33,10656.65,0
2021-06-17 09:31:34,10656.1,0
2021-06-17 09:31:38,10655.4,0
2021-06-17 09:31:46,10656.3,0
2021-06-17 09:31:47,10656.65,0
2021-06-17 09:31:48,10657.05,0
2021-06-17 09:31:53,10658.7,0
2021-06-17 09:31:57,10658.05,0
2021-06-17 09:32:02,10658.65,0
2021-06-17 09:32:04,10658.3,0
2021-06-17 09:32:08,10657.9,0
2021-06-17 09:32:10,10657.4,0
2021-06-17 09:32:11,10657.6,0
2021-06-17 09:32:17,10660.05,0
2021-06-17 09:32:22,10659.35,0
2021-06-17 09:32:24,10659.4,0
2021-06-17 09:32:29,10659.45,0
2021-06-17 09:32:36,10661.95,0
2021-06-17 09:32:37,10662.3,0
2021-06-17 09:32:38,10662.55,0
2021-06-17 09:32:40,10662.4,0
2021-06-17 09:32:46,10663.45,0
2021-06-17 09:32:50,10663.75,0
2021-06-17 09:32:52,10662.35,0
2021-06-17 09:32:54,10662.0,0
2021-06-17 09:32:55,10663.35,0
2021-06-17 09:32:58,10661.95,0
2021-06-17 09:33:06,10661.75,0
2021-06-17 09:33:07,10661.9,0
2021-06-17 09:33:09,10659.85,0
2021-06-17 09:33:11,10660.1,0
2021-06-17 09:33:14,10660.25,0
2021-06-17 09:33:22,10660.75,0
2021-06-17 09:33:26,10660.55,0
2021-06-17 09:33:28,10661.15,0
2021-06-17 09:33:29,10661.25,0
2021-06-17 09:33:32,10661.85,0
2021-06-17 09:33:33,10661.5,0
2021-06-17 09:33:34,10661.6,0
2021-06-17 09:33:35,10661.4,0
2021-06-17 09:33:44,10658.8,0
2021-06-17 09:33:45,10658.55,0
2021-06-17 09:33:49,10659.4,0
2021-06-17 09:33:52,10660.45,0
2021-06-17 09:33:53,10660.25,0
2021-06-17 09:33:54,10660.5,0
2021-06-17 09:33:56,10661.4,0
2021-06-17 09:33:57,10660.25,0
2021-06-17 09:33:58,10661.2,0
2021-06-17 09:34:02,10660.7,0
2021-06-17 09:34:09,10660.45,0
2021-06-17 09:34:10,10661.0,0
2021-06-17 09:34:14,10659.45,0
2021-06-17 09:34:15,10659.35,0
2021-06-17 09:34:17,10659.5,0
2021-06-17 09:34:18,10658.5,0
2021-06-17 09:34:19,10657.75,0
2021-06-17 09:34:21,10657.65,0
2021-06-17 09:34:23,10657.7,0
2021-06-17 09:34:24,10658.0,0
2021-06-17 09:34:26,10656.35,0
2021-06-17 09:34:29,10656.5,0
2021-06-17 09:34:32,10655.85,0
2021-06-17 09:34:34,10656.25,0
2021-06-17 09:34:38,10654.9,0
2021-06-17 09:34:41,10655.45,0
2021-06-17 09:34:46,10652.25,0
2021-06-17 09:34:50,10652.4,0
2021-06-17 09:34:51,10652.65,0
2021-06-17 09:34:52,10652.6,0
2021-06-17 09:34:53,10651.55,0
2021-06-17 09:34:54,10651.65,0
2021-06-17 09:34:55,10652.7,0
2021-06-17 09:35:02,10650.85,0
2021-06-17 09:35:07,10650.4,0
2021-06-17 09:35:09,10650.5,0
2021-06-17 09:35:12,10652.85,0
2021-06-17 09:35:13,10651.05,0
2021-06-17 09:35:19,10652.95,0
2021-06-17 09:35:23,10651.8,0
2021-06-17 09:35:24,10652.15,0
2021-06-17 09:35:25,10650.4,0
2021-06-17 09:35:34,10649.6,0
2021-06-17 09:35:35,10649.4,0
2021-06-17 09:35:36,10648.1,0
2021-06-17 09:35:38,10647.45,0
2021-06-17 09:35:39,10646.65,0
2021-06-17 09:35:45,10646.45,0
2021-06-17 09:35:46,10646.35,0
2021-06-17 09:35:49,10646.2,0
2021-06-17 09:35:54,10646.9,0
2021-06-17 09:35:56,10647.4,0
2021-06-17 09:35:57,10647.2,0
2021-06-17 09:35:59,10647.8,0
2021-06-17 09:36:01,10645.65,0
2021-06-17 09:36:02,10643.85,0
2021-06-17 09:36:06,10644.7,0
2021-06-17 09:36:07,10644.2,0
2021-06-17 09:36:14,10647.2,0
2021-06-17 09:36:17,10647.1,0
2021-06-17 09:36:22,10646.2,0
2021-06-17 09:36:23,10645.95,0
2021-06-17 09:36:24,10646.25,0
2021-06-17 09:36:28,10644.95,0
2021-06-17 09:36:30,10645.9,0
2021-06-17 09:36:37,10644.05,0
2021-06-17 09:36:38,10644.6,0
2021-06-17 09:36:39,10645.8,0
2021-06-17 09:36:41,10644.3,0
2021-06-17 09:36:43,10644.35,0
2021-06-17 09:36:47,10642.4,0
2021-06-17 09:36:50,10642.65,0
2021-06-17 09:36:53,10643.25,0
2021-06-17 09:37:02,10642.5,0
2021-06-17 09:37:09,10642.55,0
2021-06-17 09:37:13,10643.55,0
2021-06-17 09:37:14,10643.35,0
2021-06-17 09:37:15,10644.9,0
2021-06-17 09:37:16,10644.35,0
2021-06-17 09:37:18,10643.4,0
2021-06-17 09:37:23,10641.75,0
2021-06-17 09:37:24,10641.8,0
2021-06-17 09:37:28,10642.85,0
2021-06-17 09:37:29,10643.65,0
2021-06-17 09:37:33,10645.3,0
2021-06-17 09:37:36,10643.5,0
2021-06-17 09:37:37,10643.55,0
2021-06-17 09:37:38,10643.6,0
2021-06-17 09:37:41,10644.0,0
2021-06-17 09:37:42,10643.45,0
2021-06-17 09:37:43,10643.6,0
2021-06-17 09:37:47,10644.05,0
2021-06-17 09:37:56,10642.75,0
2021-06-17 09:38:01,10643.7,0
2021-06-17 09:38:04,10647.35,0
2021-06-17 09:38:07,10646.8,0
2021-06-17 09:38:12,10647.25,0
2021-06-17 09:38:13,10648.3,0
2021-06-17 09:38:14,10648.25,0
2021-06-17 09:38:16,10648.4,0
2021-06-17 09:38:17,10648.55,0
2021-06-17 09:38:20,10651.3,0
2021-06-17 09:38:29,10650.55,0
2021-06-17 09:38:36,10650.55,0
2021-06-17 09:38:41,10650.65,0
2021-06-17 09:38:47,10649.65,0
2021-06-17 09:38:48,10648.9,0
2021-06-17 09:38:53,10647.55,0
2021-06-17 09:38:54,10647.3,0
2021-06-17 09:39:02,10650.4,0
2021-06-17 09:39:05,10650.85,0
2021-06-17 09:39:06,10650.9,0
2021-06-17 09:39:07,10652.35,0
2021-06-17 09:39:19,10650.0,0
2021-06-17 09:39:23,10650.45,0
2021-06-17 09:39:26,10649.1,0
2021-06-17 09:39:29,10651.0,0
2021-06-17 09:39:37,10649.85,0
2021-06-17 09:39:42,10650.1,0
2021-06-17 09:39:45,10649.25,0
2021-06-17 09:39:46,10648.85,0
2021-06-17 09:39:52,10645.1,0
2021-06-17 09:39:58,10643.7,0
2021-06-17 09:40:00,10644.4,0
2021-06-17 09:40:02,10644.5,0
2021-06-17 09:40:03,10644.15,0
2021-06-17 09:40:05,10643.9,0
2021-06-17 09:40:10,10644.25,0
2021-06-17 09:40:14,10644.75,0
2021-06-17 09:40:15,10644.3,0
2021-06-17 09:40:18,10644.7,0
2021-06-17 09:40:21,10644.15,0
2021-06-17 09:40:23,10644.4,0
2021-06-17 09:40:29,10645.15,0
2021-06-17 09:40:30,10645.2,0
2021-06-17 09:40:33,10645.55,0
2021-06-17 09:40:35,10644.85,0
2021-06-17 09:40:40,10645.3,0
2021-06-17 09:40:41,10644.6,0
2021-06-17 09:40:42,10644.45,0
2021-06-17 09:40:43,10645.0,0
2021-06-17 09:40:50,10642.15,0
2021-06-17 09:40:52,10641.85,0
2021-06-17 09:41:04,10641.3,0
2021-06-17 09:41:14,10639.1,0
2021-06-17 09:41:19,10639.25,0
2021-06-17 09:41:25,10639.85,0
2021-06-17 09:41:30,10640.95,0
2021-06-17 09:41:33,10641.95,0
2021-06-17 09:41:37,10643.6,0
2021-06-17 09:41:38,10643.9,0
2021-06-17 09:41:39,10643.75,0
2021-06-17 09:41:43,10642.55,0
2021-06-17 09:41:46,10643.45,0
2021-06-17 09:41:48,10643.5,0
2021-06-17 09:41:49,10644.6,0
2021-06-17 09:41:51,10643.3,0
2021-06-17 09:41:52,10643.5,0
2021-06-17 09:41:57,10646.05,0
2021-06-17 09:41:58,10646.25,0
2021-06-17 09:42:01,10645.2,0
2021-06-17 09:42:02,10645.6,0
2021-06-17 09:42:03,10645.15,0
2021-06-17 09:42:04,10645.7,0
2021-06-17 09:42:08,10645.4,0
2021-06-17 09:42:09,10645.6,0
2021-06-17 09:42:10,10644.95,0
2021-06-17 09:42:14,10644.3,0
2021-06-17 09:42:15,10643.75,0
2021-06-17 09:42:16,10644.05,0
2021-06-17 09:42:18,10643.8,0
2021-06-17 09:42:20,10642.8,0
2021-06-17 09:42:21,10642.35,0
2021-06-17 09:42:24,10641.15,0
2021-06-17 09:42:27,10642.05,0
2021-06-17 09:42:30,10641.85,0
2021-06-17 09:42:36,10638.35,0
2021-06-17 09:42:37,10638.9,0
2021-06-17 09:42:39,10637.8,0
2021-06-17 09:42:41,10637.85,0
2021-06-17 09:42:43,10638.35,0
2021-06-17 09:42:44,10639.0,0
2021-06-17 09:42:45,10638.95,0
2021-06-17 09:42:48,10639.65,0
2021-06-17 09:42:52,10639.5,0
2021-06-17 09:42:54,10639.9,0
2021-06-17 09:42:56,10640.2,0
2021-06-17 09:42:58,10640.2,0
2021-06-17 09:42:59,10640.15,0
2021-06-17 09:43:01,10639.85,0
2021-06-17 09:43:03,10639.6,0
2021-06-17 09:43:05,10640.05,0
2021-06-17 09:43:08,10639.65,0
2021-06-17 09:43:09,10638.5,0
2021-06-17 09:43:14,10638.95,0
2021-06-17 09:43:24,10639.5,0
2021-06-17 09:43:28,10639.95,0
2021-06-17 09:43:29,10641.85,0
2021-06-17 09:43:30,10639.9,0
2021-06-17 09:43:31,10639.9,0
2021-06-17 09:43:32,10639.05,0
2021-06-17 09:43:39,10639.65,0
2021-06-17 09:43:41,10639.8,0
2021-06-17 09:43:48,10639.15,0
2021-06-17 09:43:52,10638.25,0
2021-06-17 09:43:55,10638.65,0
2021-06-17 09:43:59,10638.8,0
2021-06-17 09:44:02,10639.25,0
2021-06-17 09:44:03,10639.55,0
2021-06-17 09:44:06,10638.85,0
2021-06-17 09:44:07,10639.35,0
2021-06-17 09:44:08,10638.05,0
2021-06-17 09:44:10,10639.7,0
2021-06-17 09:44:11,10638.8,0
2021-06-17 09:44:12,10638.75,0
2021-06-17 09:44:15,10639.15,0
2021-06-17 09:44:21,10638.6,0
2021-06-17 09:44:22,10638.45,0
2021-06-17 09:44:25,10638.3,0
2021-06-17 09:44:30,10638.75,0
2021-06-17 09:44:33,10638.85,0
2021-06-17 09:44:34,10638.65,0
2021-06-17 09:44:39,10638.4,0
2021-06-17 09:44:41,10639.35,0
2021-06-17 09:44:42,10639.25,0
2021-06-17 09:44:44,10639.3,0
2021-06-17 09:44:46,10639.2,0
2021-06-17 09:44:50,10638.95,0
2021-06-17 09:44:58,10642.0,0
2021-06-17 09:45:03,10642.35,0
2021-06-17 09:45:07,10641.75,0
2021-06-17 09:45:09,10642.85,0
2021-06-17 09:45:13,10642.85,0
2021-06-17 09:45:16,10642.35,0
2021-06-17 09:45:35,10641.15,0
2021-06-17 09:45:37,10640.95,0
2021-06-17 09:45:38,10640.85,0
2021-06-17 09:45:39,10641.5,0
2021-06-17 09:45:40,10641.2,0
2021-06-17 09:45:47,10640.3,0
2021-06-17 09:45:58,10636.7,0
2021-06-17 09:46:03,10634.7,0
2021-06-17 09:46:06,10636.45,0
2021-06-17 09:46:07,10635.8,0
2021-06-17 09:46:10,10635.65,0
2021-06-17 09:46:18,10633.6,0
2021-06-17 09:46:19,10634.25,0
2021-06-17 09:46:29,10633.9,0
2021-06-17 09:46:31,10632.85,0
2021-06-17 09:46:32,10633.2,0
2021-06-17 09:46:35,10634.95,0
2021-06-17 09:46:40,10635.75,0
2021-06-17 09:46:44,10636.35,0
2021-06-17 09:46:51,10635.75,0
2021-06-17 09:46:52,10636.65,0
2021-06-17 09:46:54,10636.0,0
2021-06-17 09:46:55,10635.95,0
2021-06-17 09:46:56,10635.1,0
2021-06-17 09:46:57,10634.7,0
2021-06-17 09:47:00,10636.05,0
2021-06-17 09:47:03,10635.0,0
2021-06-17 09:47:05,10634.9,0
2021-06-17 09:47:08,10636.1,0
2021-06-17 09:47:16,10635.85,0
2021-06-17 09:47:22,10635.65,0
2021-06-17 09:47:24,10635.55,0
2021-06-17 09:47:29,10634.95,0
2021-06-17 09:47:30,10635.2,0
2021-06-17 09:47:32,10635.4,0
2021-06-17 09:47:37,10636.15,0
2021-06-17 09:47:39,10636.4,0
2021-06-17 09:47:42,10637.65,0
2021-06-17 09:47:43,10638.9,0
2021-06-17 09:47:44,10638.5,0
2021-06-17 09:47:50,10637.0,0
2021-06-17 09:47:51,10637.15,0
2021-06-17 09:47:53,10637.2,0
2021-06-17 09:47:54,10637.45,0
2021-06-17 09:47:58,10636.55,0
2021-06-17 09:48:00,10636.2,0
2021-06-17 09:48:02,10635.8,0
2021-06-17 09:48:03,10636.15,0
2021-06-17 09:48:12,10631.35,0
2021-06-17 09:48:16,10632.2,0
2021-06-17 09:48:18,10632.35,0
2021-06-17 09:48:19,10632.0,0
2021-06-17 09:48:24,10631.4,0
2021-06-17 09:48:27,10631.9,0
2021-06-17 09:48:30,10632.2,0
2021-06-17 09:48:32,10632.8,0
2021-06-17 09:48:33,10632.4,0
2021-06-17 09:48:38,10633.45,0
2021-06-17 09:48:43,10633.75,0
2021-06-17 09:48:46,10634.15,0
2021-06-17 09:48:48,10634.1,0
2021-06-17 09:48:50,10633.75,0
2021-06-17 09:48:54,10634.4,0
2021-06-17 09:48:59,10634.5,0
2021-06-17 09:49:03,10634.7,0
2021-06-17 09:49:05,10634.05,0
2021-06-17 09:49:10,10635.2,0
2021-06-17 09:49:11,10635.1,0
2021-06-17 09:49:14,10633.8,0
2021-06-17 09:49:16,10635.95,0
2021-06-17 09:49:20,10636.05,0
2021-06-17 09:49:24,10636.45,0
2021-06-17 09:49:25,10637.7,0
2021-06-17 09:49:27,10636.55,0
2021-06-17 09:49:32,10638.85,0
2021-06-17 09:49:34,10637.75,0
2021-06-17 09:49:36,10639.2,0
2021-06-17 09:49:38,10638.7,0
2021-06-17 09:49:39,10638.25,0
2021-06-17 09:49:42,10639.6,0
2021-06-17 09:49:44,10639.95,0
2021-06-17 09:49:45,10639.3,0
2021-06-17 09:49:46,10639.85,0
2021-06-17 09:49:49,10638.25,0
2021-06-17 09:49:50,10638.15,0
2021-06-17 09:49:51,10637.3,0
2021-06-17 09:49:52,10637.45,0
2021-06-17 09:49:56,10637.25,0
2021-06-17 09:49:58,10637.0,0
2021-06-17 09:49:59,10637.1,0
2021-06-17 09:50:01,10636.3,0
2021-06-17 09:50:03,10638.2,0
2021-06-17 09:50:06,10638.0,0
2021-06-17 09:50:07,10636.9,0
2021-06-17 09:50:12,10635.65,0
2021-06-17 09:50:14,10637.0,0
2021-06-17 09:50:15,10637.45,0
2021-06-17 09:50:17,10637.5,0
2021-06-17 09:50:20,10636.95,0
2021-06-17 09:50:26,10636.85,0
2021-06-17 09:50:27,10637.35,0
2021-06-17 09:50:36,10634.35,0
2021-06-17 09:50:37,10634.65,0
2021-06-17 09:50:38,10633.7,0
2021-06-17 09:50:40,10632.9,0
2021-06-17 09:50:44,10634.35,0
2021-06-17 09:50:50,10631.95,0
2021-06-17 09:50:56,10632.1,0
2021-06-17 09:50:58,10632.5,0
2021-06-17 09:51:01,10632.7,0
2021-06-17 09:51:03,10633.1,0
2021-06-17 09:51:04,10633.35,0
2021-06-17 09:51:05,10633.35,0
2021-06-17 09:51:08,10633.9,0
2021-06-17 09:51:17,10628.95,0
2021-06-17 09:51:18,10628.65,0
2021-06-17 09:51:26,10625.25,0
2021-06-17 09:51:27,10625.4,0
2021-06-17 09:51:32,10621.65,0
2021-06-17 09:51:34,10622.3,0
2021-06-17 09:51:36,10622.8,0
2021-06-17 09:51:37,10624.3,0
2021-06-17 09:51:38,10624.45,0
2021-06-17 09:51:39,10623.8,0
2021-06-17 09:51:41,10623.8,0
2021-06-17 09:51:44,10624.75,0
2021-06-17 09:51:47,10625.1,0
2021-06-17 09:51:52,10628.2,0
2021-06-17 09:51:54,10628.5,0
2021-06-17 09:51:55,10627.95,0
2021-06-17 09:51:58,10628.8,0
2021-06-17 09:52:00,10630.05,0
2021-06-17 09:52:02,10629.4,0
2021-06-17 09:52:11,10627.1,0
2021-06-17 09:52:12,10627.1,0
2021-06-17 09:52:13,10627.25,0
2021-06-17 09:52:17,10625.45,0
2021-06-17 09:52:18,10626.2,0
2021-06-17 09:52:20,10625.75,0
2021-06-17 09:52:21,10627.2,0
2021-06-17 09:52:22,10628.05,0
2021-06-17 09:52:23,10627.8,0
2021-06-17 09:52:26,10627.7,0
2021-06-17 09:52:31,10627.75,0
2021-06-17 09:52:35,10627.85,0
2021-06-17 09:52:36,10628.45,0
2021-06-17 09:52:37,10628.25,0
2021-06-17 09:52:42,10628.05,0
2021-06-17 09:52:43,10627.9,0
2021-06-17 09:52:47,10627.95,0
2021-06-17 09:52:48,10629.1,0
2021-06-17 09:52:49,10628.95,0
2021-06-17 09:52:53,10627.8,0
2021-06-17 09:52:55,10628.9,0
2021-06-17 09:53:01,10628.55,0
2021-06-17 09:53:02,10627.05,0
2021-06-17 09:53:03,10627.25,0
2021-06-17 09:53:05,10627.5,0
2021-06-17 09:53:06,10626.85,0
2021-06-17 09:53:09,10627.5,0
2021-06-17 09:53:11,10627.6,0
2021-06-17 09:53:18,10625.6,0
2021-06-17 09:53:19,10625.6,0
2021-06-17 09:53:24,10626.1,0
2021-06-17 09:53:29,10627.0,0
2021-06-17 09:53:30,10627.25,0
2021-06-17 09:53:31,10627.65,0
2021-06-17 09:53:33,10627.45,0
2021-06-17 09:53:35,10627.1,0
2021-06-17 09:53:36,10627.3,0
2021-06-17 09:53:45,10628.8,0
2021-06-17 09:53:48,10631.05,0
2021-06-17 09:53:49,10629.85,0
2021-06-17 09:53:53,10632.5,0
2021-06-17 09:53:54,10631.45,0
2021-06-17 09:53:56,10631.0,0
2021-06-17 09:54:00,10630.7,0
2021-06-17 09:54:01,10631.25,0
2021-06-17 09:54:08,10632.4,0
2021-06-17 09:54:09,10630.45,0
2021-06-17 09:54:18,10632.0,0
2021-06-17 09:54:21,10631.3,0
2021-06-17 09:54:22,10631.3,0
2021-06-17 09:54:23,10630.9,0
2021-06-17 09:54:42,10633.85,0
2021-06-17 09:54:44,10633.65,0
2021-06-17 09:54:47,10635.85,0
2021-06-17 09:54:48,10636.2,0
2021-06-17 09:54:49,10636.35,0
2021-06-17 09:54:52,10638.6,0
2021-06-17 09:54:55,10635.7,0
2021-06-17 09:54:56,10636.2,0
2021-06-17 09:55:03,10635.8,0
2021-06-17 09:55:08,10636.4,0
2021-06-17 09:55:11,10636.8,0
2021-06-17 09:55:14,10635.6,0
2021-06-17 09:55:21,10636.1,0
2021-06-17 09:55:22,10637.15,0
2021-06-17 09:55:24,10637.8,0
2021-06-17 09:55:25,10638.45,0
2021-06-17 09:55:32,10637.3,0
2021-06-17 09:55:34,10638.15,0
2021-06-17 09:55:36,10637.75,0
2021-06-17 09:55:37,10637.7,0
2021-06-17 09:55:38,10638.05,0
2021-06-17 09:55:45,10637.3,0
2021-06-17 09:55:46,10637.15,0
2021-06-17 09:55:48,10636.95,0
2021-06-17 09:55:52,10636.6,0
2021-06-17 09:55:56,10635.8,0
2021-06-17 09:55:58,10636.75,0
2021-06-17 09:55:59,10637.35,0
2021-06-17 09:56:02,10638.8,0
2021-06-17 09:56:03,10639.7,0
2021-06-17 09:56:08,10638.15,0
2021-06-17 09:56:11,10637.7,0
2021-06-17 09:56:12,10635.15,0
2021-06-17 09:56:15,10636.85,0
2021-06-17 09:56:17,10639.1,0
2021-06-17 09:56:18,10638.85,0
2021-06-17 09:56:20,10637.85,0
2021-06-17 09:56:22,10637.1,0
2021-06-17 09:56:24,10637.85,0
2021-06-17 09:56:25,10637.05,0
2021-06-17 09:56:26,10637.2,0
2021-06-17 09:56:27,10635.95,0
2021-06-17 09:56:30,10635.8,0
2021-06-17 09:56:36,10636.7,0
2021-06-17 09:56:42,10636.45,0
2021-06-17 09:56:44,10636.45,0
2021-06-17 09:56:48,10637.25,0
2021-06-17 09:56:50,10636.7,0
2021-06-17 09:56:52,10637.75,0
2021-06-17 09:56:54,10637.5,0
2021-06-17 09:56:57,10637.6,0
2021-06-17 09:57:06,10639.35,0
2021-06-17 09:57:08,10639.9,0
2021-06-17 09:57:09,10640.1,0
2021-06-17 09:57:10,10639.85,0
2021-06-17 09:57:12,10640.6,0
2021-06-17 09:57:13,10641.55,0
2021-06-17 09:57:14,10640.25,0
2021-06-17 09:57:18,10640.4,0
2021-06-17 09:57:25,10639.15,0
2021-06-17 09:57:27,10638.9,0
2021-06-17 09:57:31,10641.05,0
2021-06-17 09:57:33,10641.25,0
2021-06-17 09:57:35,10642.2,0
2021-06-17 09:57:41,10642.55,0
2021-06-17 09:57:53,10644.5,0
2021-06-17 09:57:54,10644.45,0
2021-06-17 09:58:10,10645.05,0
2021-06-17 09:58:13,10645.1,0
2021-06-17 09:58:15,10645.4,0
2021-06-17 09:58:16,10643.95,0
2021-06-17 09:58:19,10643.0,0
2021-06-17 09:58:21,10643.35,0
2021-06-17 09:58:27,10643.35,0
2021-06-17 09:58:28,10644.1,0
2021-06-17 09:58:29,10643.95,0
2021-06-17 09:58:30,10644.2,0
2021-06-17 09:58:34,10643.35,0
2021-06-17 09:58:36,10644.65,0
2021-06-17 09:58:39,10644.5,0
2021-06-17 09:58:41,10644.0,0
2021-06-17 09:58:44,10644.75,0
2021-06-17 09:58:45,10644.15,0
2021-06-17 09:58:46,10643.9,0
2021-06-17 09:58:48,10643.9,0
2021-06-17 09:58:49,10643.25,0
2021-06-17 09:58:58,10641.35,0
2021-06-17 09:59:00,10641.8,0
2021-06-17 09:59:03,10642.7,0
2021-06-17 09:59:04,10643.35,0
2021-06-17 09:59:10,10643.45,0
2021-06-17 09:59:11,10643.75,0
2021-06-17 09:59:12,10643.25,0
2021-06-17 09:59:13,10643.7,0
2021-06-17 09:59:14,10643.2,0
2021-06-17 09:59:18,10643.7,0
2021-06-17 09:59:22,10644.05,0
2021-06-17 09:59:23,10644.05,0
2021-06-17 09:59:24,10643.8,0
2021-06-17 09:59:25,10644.0,0
2021-06-17 09:59:33,10644.35,0
2021-06-17 09:59:35,10644.65,0
2021-06-17 09:59:36,10642.9,0
2021-06-17 09:59:42,10642.9,0
2021-06-17 09:59:43,10644.55,0
2021-06-17 09:59:45,10643.7,0
2021-06-17 09:59:46,10644.0,0
2021-06-17 09:59:49,10642.8,0
2021-06-17 09:59:51,10643.15,0
2021-06-17 09:59:53,10642.3,0
2021-06-17 10:00:02,10642.95,0
2021-06-17 10:00:08,10643.0,0
2021-06-17 10:00:09,10643.95,0
2021-06-17 10:00:10,10646.1,0
2021-06-17 10:00:11,10646.85,0
2021-06-17 10:00:17,10647.35,0
2021-06-17 10:00:18,10648.0,0
2021-06-17 10:00:29,10649.45,0
2021-06-17 10:00:30,10649.55,0
2021-06-17 10:00:32,10649.15,0
2021-06-17 10:00:33,10650.15,0
2021-06-17 10:00:36,10650.55,0
2021-06-17 10:00:37,10650.95,0
2021-06-17 10:00:38,10651.0,0
2021-06-17 10:00:40,10649.4,0
2021-06-17 10:00:44,10649.2,0
2021-06-17 10:00:51,10651.15,0
2021-06-17 10:00:53,10650.25,0
2021-06-17 10:00:56,10650.35,0
2021-06-17 10:00:57,10650.5,0
2021-06-17 10:00:58,10650.5,0
2021-06-17 10:00:59,10650.2,0
2021-06-17 10:01:01,10649.4,0
2021-06-17 10:01:05,10648.4,0
2021-06-17 10:01:06,10649.0,0
2021-06-17 10:01:07,10648.4,0
2021-06-17 10:01:09,10647.4,0
2021-06-17 10:01:10,10648.0,0
2021-06-17 10:01:11,10649.1,0
2021-06-17 10:01:12,10648.85,0
2021-06-17 10:01:13,10649.25,0
2021-06-17 10:01:14,10649.25,0
2021-06-17 10:01:19,10648.85,0
2021-06-17 10:01:20,10650.0,0
2021-06-17 10:01:23,10650.4,0
2021-06-17 10:01:25,10649.7,0
2021-06-17 10:01:26,10650.0,0
2021-06-17 10:01:29,10649.05,0
2021-06-17 10:01:30,10649.1,0
2021-06-17 10:01:32,10649.2,0
2021-06-17 10:01:35,10647.45,0
2021-06-17 10:01:38,10648.6,0
2021-06-17 10:01:40,10649.45,0
2021-06-17 10:01:43,10649.45,0
2021-06-17 10:01:44,10649.3,0
2021-06-17 10:01:47,10649.55,0
2021-06-17 10:01:50,10649.4,0
2021-06-17 10:01:53,10650.75,0
2021-06-17 10:01:54,10649.95,0
2021-06-17 10:01:56,10650.55,0
2021-06-17 10:01:57,10650.15,0
2021-06-17 10:01:59,10650.4,0
2021-06-17 10:02:02,10650.8,0
2021-06-17 10:02:03,10651.05,0
2021-06-17 10:02:05,10650.95,0
2021-06-17 10:02:07,10650.65,0
2021-06-17 10:02:10,10650.95,0
2021-06-17 10:02:13,10650.9,0
2021-06-17 10:02:15,10651.35,0
2021-06-17 10:02:16,10652.1,0
2021-06-17 10:02:19,10651.75,0
2021-06-17 10:02:20,10651.25,0
2021-06-17 10:02:22,10650.65,0
2021-06-17 10:02:23,10651.3,0
2021-06-17 10:02:26,10652.1,0
2021-06-17 10:02:27,10651.95,0
2021-06-17 10:02:28,10651.85,0
2021-06-17 10:02:33,10651.55,0
2021-06-17 10:02:34,10651.9,0
2021-06-17 10:02:36,10651.45,0
2021-06-17 10:02:37,10651.25,0
2021-06-17 10:02:38,10650.8,0
2021-06-17 10:02:40,10651.1,0
2021-06-17 10:02:43,10650.35,0
2021-06-17 10:02:45,10650.45,0
2021-06-17 10:02:46,10650.65,0
2021-06-17 10:02:51,10649.35,0
2021-06-17 10:02:54,10646.3,0
2021-06-17 10:03:02,10649.65,0
2021-06-17 10:03:11,10650.3,0
2021-06-17 10:03:12,10650.05,0
2021-06-17 10:03:21,10649.7,0
2021-06-17 10:03:22,10649.65,0
2021-06-17 10:03:25,10650.25,0
2021-06-17 10:03:30,10647.65,0
2021-06-17 10:03:36,10650.35,0
2021-06-17 10:03:42,10650.3,0
2021-06-17 10:03:43,10650.65,0
2021-06-17 10:03:48,10650.65,0
2021-06-17 10:03:50,10650.8,0
2021-06-17 10:03:52,10650.95,0
2021-06-17 10:03:53,10650.35,0
2021-06-17 10:04:02,10650.05,0
2021-06-17 10:04:07,10649.6,0
2021-06-17 10:04:06,10649.8,0
2021-06-17 10:04:08,10649.05,0
2021-06-17 10:04:10,10648.4,0
2021-06-17 10:04:13,10648.65,0
2021-06-17 10:04:15,10648.8,0
2021-06-17 10:04:18,10648.75,0
2021-06-17 10:04:19,10648.45,0
2021-06-17 10:04:20,10648.45,0
2021-06-17 10:04:23,10648.5,0
2021-06-17 10:04:24,10648.65,0
2021-06-17 10:04:25,10649.1,0
2021-06-17 10:04:26,10649.75,0
2021-06-17 10:04:27,10649.2,0
2021-06-17 10:04:28,10648.9,0
2021-06-17 10:04:34,10647.5,0
2021-06-17 10:04:35,10647.9,0
2021-06-17 10:04:36,10647.55,0
2021-06-17 10:04:37,10648.15,0
2021-06-17 10:04:38,10648.0,0
2021-06-17 10:04:39,10647.8,0
2021-06-17 10:04:42,10647.6,0
2021-06-17 10:04:44,10648.15,0
2021-06-17 10:04:46,10647.75,0
2021-06-17 10:04:54,10648.9,0
2021-06-17 10:04:55,10648.4,0
2021-06-17 10:04:57,10648.15,0
2021-06-17 10:05:01,10648.4,0
2021-06-17 10:05:04,10647.9,0
2021-06-17 10:05:08,10647.05,0
2021-06-17 10:05:11,10647.05,0
2021-06-17 10:05:13,10646.25,0
2021-06-17 10:05:16,10646.8,0
2021-06-17 10:05:17,10646.8,0
2021-06-17 10:05:18,10647.1,0
2021-06-17 10:05:20,10646.1,0
2021-06-17 10:05:25,10647.5,0
2021-06-17 10:05:27,10646.95,0
2021-06-17 10:05:29,10646.9,0
2021-06-17 10:05:30,10647.1,0
2021-06-17 10:05:31,10647.4,0
2021-06-17 10:05:34,10647.55,0
2021-06-17 10:05:35,10647.75,0
2021-06-17 10:05:36,10647.75,0
2021-06-17 10:05:39,10647.45,0
2021-06-17 10:05:41,10646.5,0
2021-06-17 10:05:42,10645.75,0
2021-06-17 10:05:49,10644.95,0
2021-06-17 10:05:48,10645.25,0
2021-06-17 10:05:55,10643.4,0
2021-06-17 10:05:56,10643.7,0
2021-06-17 10:05:57,10643.15,0
2021-06-17 10:05:59,10642.15,0
2021-06-17 10:06:01,10644.0,0
2021-06-17 10:06:09,10643.2,0
2021-06-17 10:06:11,10644.25,0
2021-06-17 10:06:14,10643.45,0
2021-06-17 10:06:17,10644.7,0
2021-06-17 10:06:22,10644.0,0
2021-06-17 10:06:23,10643.85,0
2021-06-17 10:06:24,10644.35,0
2021-06-17 10:06:27,10644.65,0
2021-06-17 10:06:28,10643.75,0
2021-06-17 10:06:29,10643.85,0
2021-06-17 10:06:30,10643.7,0
2021-06-17 10:06:32,10643.1,0
2021-06-17 10:06:36,10642.5,0
2021-06-17 10:06:37,10641.55,0
2021-06-17 10:06:41,10641.25,0
2021-06-17 10:06:42,10641.6,0
2021-06-17 10:06:46,10641.05,0
2021-06-17 10:06:47,10641.05,0
2021-06-17 10:06:49,10641.5,0
2021-06-17 10:06:54,10638.3,0
2021-06-17 10:06:55,10639.4,0
2021-06-17 10:06:56,10639.55,0
2021-06-17 10:06:58,10639.15,0
2021-06-17 10:07:10,10637.95,0
2021-06-17 10:07:15,10638.45,0
2021-06-17 10:07:16,10638.2,0
2021-06-17 10:07:21,10639.85,0
2021-06-17 10:07:22,10640.0,0
2021-06-17 10:07:23,10639.6,0
2021-06-17 10:07:32,10638.6,0
2021-06-17 10:07:34,10638.95,0
2021-06-17 10:07:35,10638.95,0
2021-06-17 10:07:37,10638.55,0
2021-06-17 10:07:40,10637.85,0
2021-06-17 10:07:44,10639.4,0
2021-06-17 10:07:45,10639.95,0
2021-06-17 10:07:49,10640.15,0
2021-06-17 10:07:50,10640.25,0
2021-06-17 10:07:53,10639.85,0
2021-06-17 10:07:56,10640.7,0
2021-06-17 10:07:58,10641.0,0
2021-06-17 10:07:59,10641.15,0
2021-06-17 10:08:00,10640.95,0
2021-06-17 10:08:01,10641.8,0
2021-06-17 10:08:04,10641.45,0
2021-06-17 10:08:05,10642.2,0
2021-06-17 10:08:13,10640.95,0
2021-06-17 10:08:17,10641.65,0
2021-06-17 10:08:19,10640.15,0
2021-06-17 10:08:21,10639.0,0
2021-06-17 10:08:22,10639.05,0
2021-06-17 10:08:24,10639.95,0
2021-06-17 10:08:27,10639.9,0
2021-06-17 10:08:28,10639.2,0
2021-06-17 10:08:29,10639.7,0
2021-06-17 10:08:31,10639.55,0
2021-06-17 10:08:32,10638.9,0
2021-06-17 10:08:34,10638.35,0
2021-06-17 10:08:36,10638.7,0
2021-06-17 10:08:40,10639.45,0
2021-06-17 10:08:41,10639.05,0
2021-06-17 10:08:42,10639.3,0
2021-06-17 10:08:45,10638.7,0
2021-06-17 10:08:49,10638.05,0
2021-06-17 10:08:51,10639.9,0
2021-06-17 10:08:54,10640.15,0
2021-06-17 10:08:56,10639.05,0
2021-06-17 10:08:58,10638.95,0
2021-06-17 10:09:01,10639.75,0
2021-06-17 10:09:05,10638.05,0
2021-06-17 10:09:07,10639.05,0
2021-06-17 10:09:10,10640.3,0
2021-06-17 10:09:13,10640.85,0
2021-06-17 10:09:14,10639.4,0
2021-06-17 10:09:15,10640.75,0
2021-06-17 10:09:16,10640.0,0
2021-06-17 10:09:18,10639.9,0
2021-06-17 10:09:21,10640.0,0
2021-06-17 10:09:24,10640.2,0
2021-06-17 10:09:25,10639.95,0
2021-06-17 10:09:27,10640.3,0
2021-06-17 10:09:30,10640.1,0
2021-06-17 10:09:32,10641.1,0
2021-06-17 10:09:33,10641.1,0
2021-06-17 10:09:34,10640.45,0
2021-06-17 10:09:41,10640.8,0
2021-06-17 10:09:42,10641.85,0
2021-06-17 10:09:46,10642.25,0
2021-06-17 10:09:48,10642.65,0
2021-06-17 10:09:49,10642.6,0
2021-06-17 10:09:51,10640.15,0
2021-06-17 10:09:54,10640.4,0
2021-06-17 10:09:55,10641.6,0
2021-06-17 10:09:58,10641.85,0
2021-06-17 10:10:00,10640.7,0
2021-06-17 10:10:01,10640.9,0
2021-06-17 10:10:04,10640.15,0
2021-06-17 10:10:05,10639.7,0
2021-06-17 10:10:07,10641.25,0
2021-06-17 10:10:08,10641.1,0
2021-06-17 10:10:14,10641.15,0
2021-06-17 10:10:18,10640.65,0
2021-06-17 10:10:21,10642.35,0
2021-06-17 10:10:29,10641.95,0
2021-06-17 10:10:32,10642.8,0
2021-06-17 10:10:34,10641.8,0
2021-06-17 10:10:35,10641.75,0
2021-06-17 10:10:36,10642.15,0
2021-06-17 10:10:39,10642.8,0
2021-06-17 10:10:43,10642.35,0
2021-06-17 10:10:46,10642.25,0
2021-06-17 10:10:49,10643.1,0
2021-06-17 10:10:51,10642.8,0
2021-06-17 10:10:56,10642.4,0
2021-06-17 10:10:59,10642.0,0
2021-06-17 10:11:03,10642.7,0
2021-06-17 10:11:07,10642.5,0
2021-06-17 10:11:11,10642.7,0
2021-06-17 10:11:14,10643.3,0
2021-06-17 10:11:15,10643.5,0
2021-06-17 10:11:17,10643.1,0
2021-06-17 10:11:20,10642.7,0
2021-06-17 10:11:23,10643.75,0
2021-06-17 10:11:24,10644.6,0
2021-06-17 10:11:32,10643.85,0
2021-06-17 10:11:33,10644.2,0
2021-06-17 10:11:34,10644.15,0
2021-06-17 10:11:38,10644.0,0
2021-06-17 10:11:39,10644.6,0
2021-06-17 10:11:41,10645.25,0
2021-06-17 10:11:42,10645.7,0
2021-06-17 10:11:43,10646.0,0
2021-06-17 10:11:45,10645.85,0
2021-06-17 10:11:47,10645.7,0
2021-06-17 10:11:51,10650.25,0
2021-06-17 10:11:54,10652.1,0
2021-06-17 10:11:56,10651.8,0
2021-06-17 10:11:59,10651.25,0
2021-06-17 10:12:06,10652.15,0
2021-06-17 10:12:08,10652.45,0
2021-06-17 10:12:09,10650.95,0
2021-06-17 10:12:10,10650.95,0
2021-06-17 10:12:13,10652.45,0
2021-06-17 10:12:16,10652.15,0
2021-06-17 10:12:17,10652.4,0
2021-06-17 10:12:19,10651.35,0
2021-06-17 10:12:20,10651.2,0
2021-06-17 10:12:23,10651.8,0
2021-06-17 10:12:25,10651.85,0
2021-06-17 10:12:27,10652.1,0
2021-06-17 10:12:29,10652.8,0
2021-06-17 10:12:34,10652.1,0
2021-06-17 10:12:36,10651.3,0
2021-06-17 10:12:41,10652.15,0
2021-06-17 10:12:42,10651.2,0
2021-06-17 10:12:43,10650.8,0
2021-06-17 10:12:45,10650.35,0
2021-06-17 10:12:48,10647.8,0
2021-06-17 10:12:51,10648.1,0
2021-06-17 10:12:55,10647.1,0
2021-06-17 10:12:59,10646.45,0
2021-06-17 10:13:08,10649.55,0
2021-06-17 10:13:09,10649.3,0
2021-06-17 10:13:10,10649.05,0
2021-06-17 10:13:18,10650.1,0
2021-06-17 10:13:19,10650.0,0
2021-06-17 10:13:23,10650.55,0
2021-06-17 10:13:24,10649.8,0
2021-06-17 10:13:25,10650.05,0
2021-06-17 10:13:26,10649.9,0
2021-06-17 10:13:27,10650.45,0
2021-06-17 10:13:29,10648.9,0
2021-06-17 10:13:30,10648.85,0
2021-06-17 10:13:32,10649.1,0
2021-06-17 10:13:37,10649.9,0
2021-06-17 10:13:44,10650.1,0
2021-06-17 10:13:45,10649.55,0
2021-06-17 10:13:47,10649.35,0
2021-06-17 10:13:48,10650.0,0
2021-06-17 10:13:49,10649.4,0
2021-06-17 10:13:51,10650.25,0
2021-06-17 10:13:52,10649.85,0
2021-06-17 10:13:53,10649.65,0
2021-06-17 10:13:54,10649.5,0
2021-06-17 10:13:56,10649.6,0
2021-06-17 10:14:01,10649.95,0
2021-06-17 10:14:02,10649.6,0
2021-06-17 10:14:05,10649.55,0
2021-06-17 10:14:06,10649.7,0
2021-06-17 10:14:09,10648.45,0
2021-06-17 10:14:12,10648.7,0
2021-06-17 10:14:13,10649.3,0
2021-06-17 10:14:15,10650.25,0
2021-06-17 10:14:20,10650.75,0
2021-06-17 10:14:25,10652.15,0
2021-06-17 10:14:26,10652.15,0
2021-06-17 10:14:27,10652.15,0
2021-06-17 10:14:29,10650.95,0
2021-06-17 10:14:33,10650.95,0
2021-06-17 10:14:37,10651.95,0
2021-06-17 10:14:38,10652.5,0
2021-06-17 10:14:39,10652.8,0
2021-06-17 10:14:40,10651.6,0
2021-06-17 10:14:45,10650.2,0
2021-06-17 10:14:48,10651.8,0
2021-06-17 10:14:49,10650.05,0
2021-06-17 10:14:51,10650.55,0
2021-06-17 10:14:54,10651.85,0
2021-06-17 10:14:55,10651.1,0
2021-06-17 10:14:58,10651.1,0
2021-06-17 10:14:59,10651.3,0
2021-06-17 10:15:00,10650.15,0
2021-06-17 10:15:04,10651.3,0
2021-06-17 10:15:08,10651.35,0
2021-06-17 10:15:13,10651.3,0
2021-06-17 10:15:16,10651.25,0
2021-06-17 10:15:18,10651.55,0
2021-06-17 10:15:20,10651.2,0
2021-06-17 10:15:21,10651.45,0
2021-06-17 10:15:36,10650.95,0
2021-06-17 10:15:43,10651.05,0
2021-06-17 10:15:46,10649.85,0
2021-06-17 10:15:47,10650.6,0
2021-06-17 10:15:48,10650.55,0
2021-06-17 10:15:50,10650.35,0
2021-06-17 10:15:52,10650.8,0
2021-06-17 10:15:54,10651.35,0
2021-06-17 10:15:55,10651.25,0
2021-06-17 10:16:02,10649.3,0
2021-06-17 10:16:04,10650.4,0
2021-06-17 10:16:05,10650.6,0
2021-06-17 10:16:06,10650.6,0
2021-06-17 10:16:09,10648.6,0
2021-06-17 10:16:11,10648.25,0
2021-06-17 10:16:12,10648.85,0
2021-06-17 10:16:17,10647.95,0
2021-06-17 10:16:21,10649.3,0
2021-06-17 10:16:24,10649.1,0
2021-06-17 10:16:29,10648.45,0
2021-06-17 10:16:30,10648.65,0
2021-06-17 10:16:32,10648.5,0
2021-06-17 10:16:33,10647.55,0
2021-06-17 10:16:35,10648.3,0
2021-06-17 10:16:38,10647.85,0
2021-06-17 10:16:42,10647.4,0
2021-06-17 10:16:47,10646.95,0
2021-06-17 10:16:48,10647.85,0
2021-06-17 10:16:49,10648.0,0
2021-06-17 10:16:52,10648.15,0
2021-06-17 10:16:53,10648.1,0
2021-06-17 10:16:54,10647.95,0
2021-06-17 10:16:59,10647.7,0
2021-06-17 10:17:00,10647.15,0
2021-06-17 10:17:01,10647.85,0
2021-06-17 10:17:03,10648.15,0
2021-06-17 10:17:04,10648.1,0
2021-06-17 10:17:05,10647.6,0
2021-06-17 10:17:12,10648.2,0
2021-06-17 10:17:14,10648.4,0
2021-06-17 10:17:16,10648.2,0
2021-06-17 10:17:27,10648.4,0
2021-06-17 10:17:28,10648.6,0
2021-06-17 10:17:31,10648.1,0
2021-06-17 10:17:32,10648.35,0
2021-06-17 10:17:35,10648.2,0
2021-06-17 10:17:36,10648.15,0
2021-06-17 10:17:37,10648.4,0
2021-06-17 10:17:39,10648.65,0
2021-06-17 10:17:41,10649.05,0
2021-06-17 10:17:45,10648.9,0
2021-06-17 10:17:53,10649.4,0
2021-06-17 10:17:57,10649.25,0
2021-06-17 10:17:58,10649.7,0
2021-06-17 10:18:00,10649.2,0
2021-06-17 10:18:01,10649.65,0
2021-06-17 10:18:06,10649.0,0
2021-06-17 10:18:08,10649.7,0
2021-06-17 10:18:09,10648.95,0
2021-06-17 10:18:12,10649.8,0
2021-06-17 10:18:19,10649.5,0
2021-06-17 10:18:24,10649.9,0
2021-06-17 10:18:25,10649.8,0
2021-06-17 10:18:26,10648.75,0
2021-06-17 10:18:29,10650.05,0
2021-06-17 10:18:31,10649.85,0
2021-06-17 10:18:33,10649.35,0
2021-06-17 10:18:37,10649.4,0
2021-06-17 10:18:42,10650.05,0
2021-06-17 10:18:44,10650.1,0
2021-06-17 10:18:45,10650.0,0
2021-06-17 10:18:51,10650.25,0
2021-06-17 10:18:55,10650.7,0
2021-06-17 10:18:59,10651.45,0
2021-06-17 10:19:02,10651.1,0
2021-06-17 10:19:03,10650.7,0
2021-06-17 10:19:06,10649.65,0
2021-06-17 10:19:10,10650.45,0
2021-06-17 10:19:12,10650.7,0
2021-06-17 10:19:13,10650.0,0
2021-06-17 10:19:16,10650.85,0
2021-06-17 10:19:17,10650.85,0
2021-06-17 10:19:23,10650.65,0
2021-06-17 10:19:25,10649.75,0
2021-06-17 10:19:28,10649.8,0
2021-06-17 10:19:31,10650.35,0
2021-06-17 10:19:32,10650.3,0
2021-06-17 10:19:36,10651.2,0
2021-06-17 10:19:41,10651.85,0
2021-06-17 10:19:46,10650.7,0
2021-06-17 10:19:48,10652.1,0
2021-06-17 10:19:50,10651.4,0
2021-06-17 10:19:51,10651.25,0
2021-06-17 10:19:53,10651.45,0
2021-06-17 10:19:58,10652.5,0
2021-06-17 10:20:02,10652.0,0
2021-06-17 10:20:04,10651.8,0
2021-06-17 10:20:05,10652.35,0
2021-06-17 10:20:06,10652.35,0
2021-06-17 10:20:07,10651.3,0
2021-06-17 10:20:08,10652.2,0
2021-06-17 10:20:15,10652.8,0
2021-06-17 10:20:16,10652.4,0
2021-06-17 10:20:18,10652.75,0
2021-06-17 10:20:19,10652.45,0
2021-06-17 10:20:21,10651.9,0
2021-06-17 10:20:23,10652.65,0
2021-06-17 10:20:25,10651.9,0
2021-06-17 10:20:26,10651.45,0
2021-06-17 10:20:28,10650.55,0
2021-06-17 10:20:33,10651.75,0
2021-06-17 10:20:34,10652.1,0
2021-06-17 10:20:36,10651.2,0
2021-06-17 10:20:38,10651.9,0
2021-06-17 10:20:39,10651.7,0
2021-06-17 10:20:40,10651.95,0
2021-06-17 10:20:41,10651.95,0
2021-06-17 10:20:42,10651.45,0
2021-06-17 10:20:43,10651.4,0
2021-06-17 10:20:44,10650.95,0
2021-06-17 10:20:49,10651.05,0
2021-06-17 10:20:50,10651.85,0
2021-06-17 10:20:54,10652.25,0
2021-06-17 10:20:57,10651.65,0
2021-06-17 10:21:00,10652.3,0
2021-06-17 10:21:01,10650.75,0
2021-06-17 10:21:02,10650.5,0
2021-06-17 10:21:05,10651.25,0
2021-06-17 10:21:09,10651.85,0
2021-06-17 10:21:14,10651.05,0
2021-06-17 10:21:18,10651.6,0
2021-06-17 10:21:20,10651.85,0
2021-06-17 10:21:24,10651.85,0
2021-06-17 10:21:27,10652.15,0
2021-06-17 10:21:30,10652.05,0
2021-06-17 10:21:31,10651.9,0
2021-06-17 10:21:39,10651.55,0
2021-06-17 10:21:42,10652.25,0
2021-06-17 10:21:45,10650.9,0
2021-06-17 10:21:53,10650.3,0
2021-06-17 10:21:54,10650.65,0
2021-06-17 10:21:57,10650.0,0
2021-06-17 10:21:59,10649.85,0
2021-06-17 10:22:06,10650.55,0
2021-06-17 10:22:10,10650.7,0
2021-06-17 10:22:11,10651.55,0
2021-06-17 10:22:13,10651.2,0
2021-06-17 10:22:16,10646.8,0
2021-06-17 10:22:17,10646.55,0
2021-06-17 10:22:20,10645.85,0
2021-06-17 10:22:25,10646.15,0
2021-06-17 10:22:29,10646.6,0
2021-06-17 10:22:31,10647.15,0
2021-06-17 10:22:32,10647.05,0
2021-06-17 10:22:36,10647.15,0
2021-06-17 10:22:38,10646.55,0
2021-06-17 10:22:39,10646.5,0
2021-06-17 10:22:40,10646.0,0
2021-06-17 10:22:41,10645.25,0
2021-06-17 10:22:44,10645.4,0
2021-06-17 10:22:45,10645.05,0
2021-06-17 10:22:46,10645.6,0
2021-06-17 10:22:48,10645.4,0
2021-06-17 10:22:49,10645.45,0
2021-06-17 10:22:52,10644.9,0
2021-06-17 10:22:53,10644.8,0
2021-06-17 10:22:55,10645.0,0
2021-06-17 10:22:56,10645.5,0
2021-06-17 10:22:58,10644.8,0
2021-06-17 10:22:59,10644.75,0
2021-06-17 10:23:00,10645.2,0
2021-06-17 10:23:04,10644.85,0
2021-06-17 10:23:09,10645.7,0
2021-06-17 10:23:11,10646.2,0
2021-06-17 10:23:12,10645.7,0
2021-06-17 10:23:13,10646.4,0
2021-06-17 10:23:22,10646.15,0
2021-06-17 10:23:23,10647.0,0
2021-06-17 10:23:26,10647.35,0
2021-06-17 10:23:29,10647.55,0
2021-06-17 10:23:30,10647.25,0
2021-06-17 10:23:31,10646.75,0
2021-06-17 10:23:32,10646.65,0
2021-06-17 10:23:33,10646.9,0
2021-06-17 10:23:35,10646.6,0
2021-06-17 10:23:40,10647.65,0
2021-06-17 10:23:42,10647.55,0
2021-06-17 10:23:46,10647.8,0
2021-06-17 10:23:49,10648.3,0
2021-06-17 10:23:50,10647.75,0
2021-06-17 10:23:54,10646.4,0
2021-06-17 10:23:55,10645.4,0
2021-06-17 10:23:58,10646.1,0
2021-06-17 10:23:59,10645.65,0
2021-06-17 10:24:06,10646.25,0
2021-06-17 10:24:10,10646.75,0
2021-06-17 10:24:14,10646.05,0
2021-06-17 10:24:24,10647.75,0
2021-06-17 10:24:25,10648.25,0
2021-06-17 10:24:26,10647.15,0
2021-06-17 10:24:27,10647.05,0
2021-06-17 10:24:28,10646.9,0
2021-06-17 10:24:30,10647.8,0
2021-06-17 10:24:33,10647.3,0
2021-06-17 10:24:37,10648.05,0
2021-06-17 10:24:42,10647.75,0
2021-06-17 10:24:44,10648.15,0
2021-06-17 10:24:48,10648.0,0
2021-06-17 10:24:49,10648.3,0
2021-06-17 10:24:50,10648.05,0
2021-06-17 10:24:57,10647.35,0
2021-06-17 10:24:58,10647.1,0
2021-06-17 10:25:01,10646.95,0
2021-06-17 10:25:02,10646.7,0
2021-06-17 10:25:04,10647.5,0
2021-06-17 10:25:05,10647.5,0
2021-06-17 10:25:07,10647.0,0
2021-06-17 10:25:11,10647.65,0
2021-06-17 10:25:12,10648.0,0
2021-06-17 10:25:13,10648.1,0
2021-06-17 10:25:14,10647.45,0
2021-06-17 10:25:16,10647.45,0
2021-06-17 10:25:21,10647.7,0
2021-06-17 10:25:23,10648.45,0
2021-06-17 10:25:25,10647.65,0
2021-06-17 10:25:29,10647.15,0
2021-06-17 10:25:32,10647.65,0
2021-06-17 10:25:33,10647.65,0
2021-06-17 10:25:34,10647.85,0
2021-06-17 10:25:35,10648.1,0
2021-06-17 10:25:38,10648.1,0
2021-06-17 10:25:41,10647.55,0
2021-06-17 10:25:42,10647.75,0
2021-06-17 10:25:46,10647.6,0
2021-06-17 10:25:47,10646.95,0
2021-06-17 10:25:48,10646.95,0
2021-06-17 10:25:53,10647.45,0
2021-06-17 10:25:54,10648.05,0
2021-06-17 10:25:57,10647.7,0
2021-06-17 10:26:00,10647.45,0
2021-06-17 10:26:03,10648.3,0
2021-06-17 10:26:04,10647.55,0
2021-06-17 10:26:10,10647.2,0
2021-06-17 10:26:14,10647.35,0
2021-06-17 10:26:16,10647.85,0
2021-06-17 10:26:17,10647.25,0
2021-06-17 10:26:20,10647.5,0
2021-06-17 10:26:22,10647.2,0
2021-06-17 10:26:23,10648.1,0
2021-06-17 10:26:25,10647.85,0
2021-06-17 10:26:26,10646.95,0
2021-06-17 10:26:27,10647.1,0
2021-06-17 10:26:29,10647.35,0
2021-06-17 10:26:31,10648.15,0
2021-06-17 10:26:33,10648.05,0
2021-06-17 10:26:35,10648.55,0
2021-06-17 10:26:36,10648.2,0
2021-06-17 10:26:40,10647.4,0
2021-06-17 10:26:41,10647.6,0
2021-06-17 10:26:45,10647.2,0
2021-06-17 10:26:52,10648.05,0
2021-06-17 10:26:53,10648.05,0
2021-06-17 10:26:54,10647.8,0
2021-06-17 10:26:57,10646.95,0
2021-06-17 10:27:00,10648.05,0
2021-06-17 10:27:02,10647.8,0
2021-06-17 10:27:03,10647.9,0
2021-06-17 10:27:05,10648.0,0
2021-06-17 10:27:07,10648.4,0
2021-06-17 10:27:08,10648.2,0
2021-06-17 10:27:09,10648.65,0
2021-06-17 10:27:13,10648.65,0
2021-06-17 10:27:15,10648.3,0
2021-06-17 10:27:16,10648.4,0
2021-06-17 10:27:17,10647.75,0
2021-06-17 10:27:18,10648.05,0
2021-06-17 10:27:23,10648.5,0
2021-06-17 10:27:24,10648.4,0
2021-06-17 10:27:26,10648.6,0
2021-06-17 10:27:28,10647.8,0
2021-06-17 10:27:30,10646.8,0
2021-06-17 10:27:32,10646.35,0
2021-06-17 10:27:35,10648.55,0
2021-06-17 10:27:37,10648.8,0
2021-06-17 10:27:38,10648.9,0
2021-06-17 10:27:39,10648.95,0
2021-06-17 10:27:41,10649.25,0
2021-06-17 10:27:44,10648.45,0
2021-06-17 10:27:48,10648.7,0
2021-06-17 10:27:50,10648.9,0
2021-06-17 10:27:52,10648.25,0
2021-06-17 10:27:53,10648.45,0
2021-06-17 10:27:54,10648.45,0
2021-06-17 10:27:58,10648.85,0
2021-06-17 10:28:02,10649.5,0
2021-06-17 10:28:03,10650.05,0
2021-06-17 10:28:04,10650.05,0
2021-06-17 10:28:06,10650.55,0
2021-06-17 10:28:07,10650.6,0
2021-06-17 10:28:08,10650.45,0
2021-06-17 10:28:11,10652.3,0
2021-06-17 10:28:12,10652.1,0
2021-06-17 10:28:13,10651.5,0
2021-06-17 10:28:14,10651.4,0
2021-06-17 10:28:16,10653.0,0
2021-06-17 10:28:17,10654.2,0
2021-06-17 10:28:18,10653.3,0
2021-06-17 10:28:20,10653.85,0
2021-06-17 10:28:22,10654.6,0
2021-06-17 10:28:23,10654.7,0
2021-06-17 10:28:24,10654.35,0
2021-06-17 10:28:25,10654.95,0
2021-06-17 10:28:27,10655.1,0
2021-06-17 10:28:28,10654.5,0
2021-06-17 10:28:30,10655.3,0
2021-06-17 10:28:31,10655.15,0
2021-06-17 10:28:34,10655.3,0
2021-06-17 10:28:35,10654.95,0
2021-06-17 10:28:37,10655.15,0
2021-06-17 10:28:39,10654.9,0
2021-06-17 10:28:40,10655.35,0
2021-06-17 10:28:41,10655.7,0
2021-06-17 10:28:42,10655.2,0
2021-06-17 10:28:44,10654.85,0
2021-06-17 10:28:48,10655.9,0
2021-06-17 10:28:50,10655.0,0
2021-06-17 10:28:51,10655.15,0
2021-06-17 10:28:53,10655.4,0
2021-06-17 10:28:54,10655.0,0
2021-06-17 10:28:55,10654.4,0
2021-06-17 10:28:56,10654.8,0
2021-06-17 10:28:58,10654.7,0
2021-06-17 10:28:59,10655.25,0
2021-06-17 10:29:00,10654.65,0
2021-06-17 10:29:02,10653.95,0
2021-06-17 10:29:04,10653.45,0
2021-06-17 10:29:08,10652.3,0
2021-06-17 10:29:09,10652.65,0
2021-06-17 10:29:11,10652.35,0
2021-06-17 10:29:12,10652.1,0
2021-06-17 10:29:17,10652.25,0
2021-06-17 10:29:18,10651.4,0
2021-06-17 10:29:19,10651.45,0
2021-06-17 10:29:20,10652.35,0
2021-06-17 10:29:23,10652.8,0
2021-06-17 10:29:24,10652.65,0
2021-06-17 10:29:25,10650.85,0
2021-06-17 10:29:33,10652.4,0
2021-06-17 10:29:35,10652.65,0
2021-06-17 10:29:36,10651.45,0
2021-06-17 10:29:38,10651.95,0
2021-06-17 10:29:39,10652.1,0
2021-06-17 10:29:41,10652.6,0
2021-06-17 10:29:49,10651.05,0
2021-06-17 10:29:50,10651.0,0
2021-06-17 10:29:53,10651.4,0
2021-06-17 10:29:55,10651.05,0
2021-06-17 10:29:58,10651.05,0
2021-06-17 10:30:00,10650.75,0
2021-06-17 10:30:05,10650.2,0
2021-06-17 10:30:06,10650.2,0
2021-06-17 10:30:13,10650.85,0
2021-06-17 10:30:14,10650.2,0
2021-06-17 10:30:17,10650.5,0
2021-06-17 10:30:18,10650.8,0
2021-06-17 10:30:20,10650.4,0
2021-06-17 10:30:23,10649.35,0
2021-06-17 10:30:24,10649.45,0
2021-06-17 10:30:32,10650.95,0
2021-06-17 10:30:41,10650.8,0
2021-06-17 10:30:42,10650.45,0
2021-06-17 10:30:43,10650.45,0
2021-06-17 10:30:44,10649.1,0
2021-06-17 10:30:46,10647.25,0
2021-06-17 10:30:48,10648.4,0
2021-06-17 10:30:54,10647.0,0
2021-06-17 10:30:58,10647.4,0
2021-06-17 10:30:59,10647.35,0
2021-06-17 10:31:00,10647.35,0
2021-06-17 10:31:01,10646.25,0
2021-06-17 10:31:05,10648.15,0
2021-06-17 10:31:07,10647.55,0
2021-06-17 10:31:08,10647.05,0
2021-06-17 10:31:09,10647.5,0
2021-06-17 10:31:12,10647.15,0
2021-06-17 10:31:14,10647.65,0
2021-06-17 10:31:17,10647.25,0
2021-06-17 10:31:18,10647.65,0
2021-06-17 10:31:19,10647.45,0
2021-06-17 10:31:25,10646.7,0
2021-06-17 10:31:27,10646.25,0
2021-06-17 10:31:29,10646.4,0
2021-06-17 10:31:36,10646.65,0
2021-06-17 10:31:38,10646.35,0
2021-06-17 10:31:40,10645.3,0
2021-06-17 10:31:42,10644.15,0
2021-06-17 10:31:44,10644.45,0
2021-06-17 10:31:45,10644.65,0
2021-06-17 10:31:46,10644.1,0
2021-06-17 10:31:47,10644.35,0
2021-06-17 10:31:48,10644.65,0
2021-06-17 10:31:50,10642.85,0
2021-06-17 10:31:51,10642.55,0
2021-06-17 10:31:55,10643.45,0
2021-06-17 10:31:56,10644.9,0
2021-06-17 10:32:07,10644.45,0
2021-06-17 10:32:08,10644.85,0
2021-06-17 10:32:09,10644.3,0
2021-06-17 10:32:10,10644.8,0
2021-06-17 10:32:13,10643.85,0
2021-06-17 10:32:17,10643.7,0
2021-06-17 10:32:18,10642.8,0
2021-06-17 10:32:20,10644.1,0
2021-06-17 10:32:21,10644.0,0
2021-06-17 10:32:24,10642.35,0
2021-06-17 10:32:29,10643.4,0
2021-06-17 10:32:31,10643.3,0
2021-06-17 10:32:32,10643.15,0
2021-06-17 10:32:34,10643.2,0
2021-06-17 10:32:36,10643.35,0
2021-06-17 10:32:37,10642.65,0
2021-06-17 10:32:39,10642.6,0
2021-06-17 10:32:41,10641.95,0
2021-06-17 10:32:42,10642.35,0
2021-06-17 10:32:45,10643.0,0
2021-06-17 10:32:48,10643.35,0
2021-06-17 10:32:50,10642.45,0
2021-06-17 10:32:51,10643.55,0
2021-06-17 10:32:52,10643.35,0
2021-06-17 10:32:55,10644.5,0
2021-06-17 10:32:56,10644.65,0
2021-06-17 10:32:57,10644.05,0
2021-06-17 10:32:58,10643.7,0
2021-06-17 10:33:01,10644.05,0
2021-06-17 10:33:02,10643.35,0
2021-06-17 10:33:04,10644.55,0
2021-06-17 10:33:07,10644.5,0
2021-06-17 10:33:14,10649.1,0
2021-06-17 10:33:15,10648.0,0
2021-06-17 10:33:16,10647.2,0
2021-06-17 10:33:18,10646.3,0
2021-06-17 10:33:22,10645.6,0
2021-06-17 10:33:26,10646.65,0
2021-06-17 10:33:27,10646.5,0
2021-06-17 10:33:28,10646.3,0
2021-06-17 10:33:36,10646.25,0
2021-06-17 10:33:38,10646.5,0
2021-06-17 10:33:39,10646.5,0
2021-06-17 10:33:41,10645.85,0
2021-06-17 10:33:44,10644.3,0
2021-06-17 10:33:45,10644.25,0
2021-06-17 10:33:51,10645.1,0
2021-06-17 10:33:55,10645.4,0
2021-06-17 10:33:56,10645.6,0
2021-06-17 10:33:59,10645.0,0
2021-06-17 10:34:00,10644.35,0
2021-06-17 10:34:03,10643.5,0
2021-06-17 10:34:05,10644.5,0
2021-06-17 10:34:08,10645.1,0
2021-06-17 10:34:11,10645.65,0
2021-06-17 10:34:14,10646.2,0
2021-06-17 10:34:16,10647.0,0
2021-06-17 10:34:17,10647.2,0
2021-06-17 10:34:25,10649.65,0
2021-06-17 10:34:28,10648.75,0
2021-06-17 10:34:29,10649.2,0
2021-06-17 10:34:30,10650.4,0
2021-06-17 10:34:32,10649.7,0
2021-06-17 10:34:34,10650.4,0
2021-06-17 10:34:41,10650.35,0
2021-06-17 10:34:42,10650.75,0
2021-06-17 10:34:43,10650.1,0
2021-06-17 10:34:44,10650.65,0
2021-06-17 10:34:45,10650.8,0
2021-06-17 10:34:46,10651.25,0
2021-06-17 10:34:47,10651.85,0
2021-06-17 10:34:53,10652.45,0
2021-06-17 10:34:54,10652.95,0
2021-06-17 10:34:55,10652.95,0
2021-06-17 10:34:57,10653.0,0
2021-06-17 10:34:58,10653.35,0
2021-06-17 10:35:00,10653.35,0
2021-06-17 10:35:01,10652.9,0
2021-06-17 10:35:05,10653.7,0
2021-06-17 10:35:08,10653.9,0
2021-06-17 10:35:10,10653.05,0
2021-06-17 10:35:11,10652.55,0
2021-06-17 10:35:12,10653.5,0
2021-06-17 10:35:13,10654.0,0
2021-06-17 10:35:15,10652.5,0
2021-06-17 10:35:16,10652.1,0
2021-06-17 10:35:17,10651.8,0
2021-06-17 10:35:18,10651.9,0
2021-06-17 10:35:19,10652.45,0
2021-06-17 10:35:22,10651.75,0
2021-06-17 10:35:24,10650.9,0
2021-06-17 10:35:25,10650.9,0
2021-06-17 10:35:27,10651.55,0
2021-06-17 10:35:30,10650.9,0
2021-06-17 10:35:32,10651.5,0
2021-06-17 10:35:34,10651.35,0
2021-06-17 10:35:35,10652.35,0
2021-06-17 10:35:36,10652.5,0
2021-06-17 10:35:41,10652.0,0
2021-06-17 10:35:43,10652.3,0
2021-06-17 10:35:44,10651.65,0
2021-06-17 10:35:46,10651.6,0
2021-06-17 10:35:50,10651.5,0
2021-06-17 10:35:54,10650.7,0
2021-06-17 10:35:55,10651.2,0
2021-06-17 10:35:56,10651.95,0
2021-06-17 10:35:57,10652.3,0
2021-06-17 10:36:00,10651.7,0
2021-06-17 10:36:02,10651.55,0
2021-06-17 10:36:04,10651.65,0
2021-06-17 10:36:05,10651.35,0
2021-06-17 10:36:06,10650.85,0
2021-06-17 10:36:07,10651.5,0
2021-06-17 10:36:16,10650.65,0
2021-06-17 10:36:17,10650.6,0
2021-06-17 10:36:21,10652.65,0
2021-06-17 10:36:25,10653.6,0
2021-06-17 10:36:26,10653.55,0
2021-06-17 10:36:28,10654.15,0
2021-06-17 10:36:29,10655.5,0
2021-06-17 10:36:30,10656.15,0
2021-06-17 10:36:31,10655.1,0
2021-06-17 10:36:34,10654.15,0
2021-06-17 10:36:35,10654.9,0
2021-06-17 10:36:39,10655.2,0
2021-06-17 10:36:43,10654.4,0
2021-06-17 10:36:45,10655.65,0
2021-06-17 10:36:51,10655.55,0
2021-06-17 10:36:52,10655.1,0
2021-06-17 10:36:53,10655.1,0
2021-06-17 10:36:58,10658.0,0
2021-06-17 10:36:59,10658.1,0
2021-06-17 10:37:01,10658.2,0
2021-06-17 10:37:02,10657.1,0
2021-06-17 10:37:03,10657.0,0
2021-06-17 10:37:05,10657.25,0
2021-06-17 10:37:07,10658.15,0
2021-06-17 10:37:09,10658.35,0
2021-06-17 10:37:11,10659.15,0
2021-06-17 10:37:15,10658.75,0
2021-06-17 10:37:17,10658.2,0
2021-06-17 10:37:23,10658.15,0
2021-06-17 10:37:24,10658.0,0
2021-06-17 10:37:25,10656.95,0
2021-06-17 10:37:26,10656.8,0
2021-06-17 10:37:27,10656.8,0
2021-06-17 10:37:33,10657.05,0
2021-06-17 10:37:34,10657.2,0
2021-06-17 10:37:38,10656.3,0
2021-06-17 10:37:40,10656.6,0
2021-06-17 10:37:41,10656.85,0
2021-06-17 10:37:42,10657.45,0
2021-06-17 10:37:44,10656.65,0
2021-06-17 10:37:46,10657.2,0
2021-06-17 10:37:50,10655.6,0
2021-06-17 10:37:51,10656.8,0
2021-06-17 10:37:52,10656.9,0
2021-06-17 10:37:53,10657.75,0
2021-06-17 10:37:55,10657.8,0
2021-06-17 10:37:56,10657.3,0
2021-06-17 10:37:58,10657.8,0
2021-06-17 10:38:02,10657.4,0
2021-06-17 10:38:04,10657.75,0
2021-06-17 10:38:05,10659.05,0
2021-06-17 10:38:06,10658.6,0
2021-06-17 10:38:07,10658.5,0
2021-06-17 10:38:10,10657.8,0
2021-06-17 10:38:11,10658.6,0
2021-06-17 10:38:12,10658.7,0
2021-06-17 10:38:14,10658.25,0
2021-06-17 10:38:15,10658.25,0
2021-06-17 10:38:16,10658.85,0
2021-06-17 10:38:18,10657.35,0
2021-06-17 10:38:19,10658.0,0
2021-06-17 10:38:23,10655.9,0
2021-06-17 10:38:24,10655.9,0
2021-06-17 10:38:26,10656.35,0
2021-06-17 10:38:27,10655.25,0
2021-06-17 10:38:29,10654.8,0
2021-06-17 10:38:32,10655.15,0
2021-06-17 10:38:33,10654.75,0
2021-06-17 10:38:35,10655.15,0
2021-06-17 10:38:37,10654.9,0
2021-06-17 10:38:41,10654.5,0
2021-06-17 10:38:42,10654.45,0
2021-06-17 10:38:44,10654.5,0
2021-06-17 10:38:51,10656.45,0
2021-06-17 10:38:52,10656.5,0
2021-06-17 10:38:55,10656.95,0
2021-06-17 10:38:56,10655.65,0
2021-06-17 10:38:57,10655.7,0
2021-06-17 10:38:58,10655.25,0
2021-06-17 10:38:59,10655.2,0
2021-06-17 10:39:00,10655.5,0
2021-06-17 10:39:01,10655.75,0
2021-06-17 10:39:02,10656.95,0
2021-06-17 10:39:03,10656.75,0
2021-06-17 10:39:07,10655.75,0
2021-06-17 10:39:11,10655.5,0
2021-06-17 10:39:12,10655.85,0
2021-06-17 10:39:14,10656.15,0
2021-06-17 10:39:17,10656.1,0
2021-06-17 10:39:18,10655.9,0
2021-06-17 10:39:21,10655.3,0
2021-06-17 10:39:24,10655.75,0
2021-06-17 10:39:26,10655.05,0
2021-06-17 10:39:28,10656.25,0
2021-06-17 10:39:31,10655.9,0
2021-06-17 10:39:32,10655.95,0
2021-06-17 10:39:33,10655.75,0
2021-06-17 10:39:34,10655.95,0
2021-06-17 10:39:36,10656.7,0
2021-06-17 10:39:38,10656.5,0
2021-06-17 10:39:46,10659.2,0
2021-06-17 10:39:47,10658.6,0
2021-06-17 10:39:50,10658.85,0
2021-06-17 10:39:52,10658.1,0
2021-06-17 10:39:54,10658.9,0
2021-06-17 10:39:55,10658.75,0
2021-06-17 10:39:56,10660.15,0
2021-06-17 10:39:57,10659.0,0
2021-06-17 10:40:00,10659.45,0
2021-06-17 10:40:01,10658.95,0
2021-06-17 10:40:02,10658.6,0
2021-06-17 10:40:04,10659.3,0
2021-06-17 10:40:08,10660.45,0
2021-06-17 10:40:09,10660.25,0
2021-06-17 10:40:10,10660.0,0
2021-06-17 10:40:11,10659.7,0
2021-06-17 10:40:13,10661.05,0
2021-06-17 10:40:19,10661.8,0
2021-06-17 10:40:21,10661.55,0
2021-06-17 10:40:36,10662.85,0
2021-06-17 10:40:40,10662.5,0
2021-06-17 10:40:41,10662.5,0
2021-06-17 10:40:42,10662.55,0
2021-06-17 10:40:43,10662.5,0
2021-06-17 10:40:48,10662.0,0
2021-06-17 10:40:50,10660.4,0
2021-06-17 10:40:55,10658.3,0
2021-06-17 10:41:01,10658.75,0
2021-06-17 10:41:06,10658.8,0
2021-06-17 10:41:08,10658.65,0
2021-06-17 10:41:09,10657.75,0
2021-06-17 10:41:11,10658.05,0
2021-06-17 10:41:12,10657.75,0
2021-06-17 10:41:16,10656.75,0
2021-06-17 10:41:17,10656.65,0
2021-06-17 10:41:19,10657.1,0
2021-06-17 10:41:21,10657.65,0
2021-06-17 10:41:26,10657.8,0
2021-06-17 10:41:28,10657.8,0
2021-06-17 10:41:30,10656.45,0
2021-06-17 10:41:35,10657.8,0
2021-06-17 10:41:37,10657.8,0
2021-06-17 10:41:41,10656.85,0
2021-06-17 10:41:45,10656.9,0
2021-06-17 10:41:46,10657.3,0
2021-06-17 10:41:48,10656.5,0
2021-06-17 10:41:49,10655.85,0
2021-06-17 10:41:51,10656.0,0
2021-06-17 10:41:52,10656.7,0
2021-06-17 10:41:53,10657.25,0
2021-06-17 10:42:07,10656.45,0
2021-06-17 10:42:09,10657.1,0
2021-06-17 10:42:10,10657.1,0
2021-06-17 10:42:11,10656.9,0
2021-06-17 10:42:12,10656.6,0
2021-06-17 10:42:14,10656.9,0
2021-06-17 10:42:15,10656.35,0
2021-06-17 10:42:18,10657.3,0
2021-06-17 10:42:28,10657.25,0
2021-06-17 10:42:29,10657.25,0
2021-06-17 10:42:30,10656.75,0
2021-06-17 10:42:34,10655.6,0
2021-06-17 10:42:41,10655.35,0
2021-06-17 10:42:43,10655.2,0
2021-06-17 10:42:45,10655.7,0
2021-06-17 10:42:48,10656.2,0
2021-06-17 10:42:49,10656.05,0
2021-06-17 10:42:52,10653.45,0
2021-06-17 10:42:56,10654.1,0
2021-06-17 10:42:57,10654.3,0
2021-06-17 10:42:59,10655.3,0
2021-06-17 10:43:01,10654.75,0
2021-06-17 10:43:04,10654.6,0
2021-06-17 10:43:05,10654.6,0
2021-06-17 10:43:06,10654.3,0
2021-06-17 10:43:07,10655.5,0
2021-06-17 10:43:09,10654.55,0
2021-06-17 10:43:10,10653.4,0
2021-06-17 10:43:26,10654.25,0
2021-06-17 10:43:28,10654.35,0
2021-06-17 10:43:29,10653.45,0
2021-06-17 10:43:31,10653.4,0
2021-06-17 10:43:33,10654.55,0
2021-06-17 10:43:35,10655.15,0
2021-06-17 10:43:36,10654.9,0
2021-06-17 10:43:38,10653.3,0
2021-06-17 10:43:42,10655.9,0
2021-06-17 10:43:43,10655.6,0
2021-06-17 10:43:47,10656.2,0
2021-06-17 10:43:50,10654.75,0
2021-06-17 10:43:52,10654.95,0
2021-06-17 10:43:53,10654.95,0
2021-06-17 10:44:00,10654.9,0
2021-06-17 10:44:01,10655.2,0
2021-06-17 10:44:02,10655.45,0
2021-06-17 10:44:03,10655.25,0
2021-06-17 10:44:07,10655.3,0
2021-06-17 10:44:09,10654.85,0
2021-06-17 10:44:10,10654.5,0
2021-06-17 10:44:12,10655.15,0
2021-06-17 10:44:13,10656.25,0
2021-06-17 10:44:14,10655.7,0
2021-06-17 10:44:18,10655.65,0
2021-06-17 10:44:23,10655.0,0
2021-06-17 10:44:24,10654.65,0
2021-06-17 10:44:25,10656.05,0
2021-06-17 10:44:28,10655.2,0
2021-06-17 10:44:29,10654.4,0
2021-06-17 10:44:30,10655.2,0
2021-06-17 10:44:32,10655.35,0
2021-06-17 10:44:35,10653.9,0
2021-06-17 10:44:36,10653.7,0
2021-06-17 10:44:38,10654.85,0
2021-06-17 10:44:43,10653.6,0
2021-06-17 10:44:44,10652.45,0
2021-06-17 10:44:47,10649.9,0
2021-06-17 10:44:50,10649.85,0
2021-06-17 10:44:52,10649.5,0
2021-06-17 10:44:54,10650.35,0
2021-06-17 10:44:56,10649.85,0
2021-06-17 10:44:58,10648.65,0
2021-06-17 10:44:59,10648.55,0
2021-06-17 10:45:03,10648.95,0
2021-06-17 10:45:05,10648.4,0
2021-06-17 10:45:09,10651.05,0
2021-06-17 10:45:10,10649.9,0
2021-06-17 10:45:11,10649.95,0
2021-06-17 10:45:13,10651.15,0
2021-06-17 10:45:16,10650.75,0
2021-06-17 10:45:19,10650.25,0
2021-06-17 10:45:20,10649.65,0
2021-06-17 10:45:25,10649.65,0
2021-06-17 10:45:28,10649.0,0
2021-06-17 10:45:34,10650.2,0
2021-06-17 10:45:35,10649.65,0
2021-06-17 10:45:37,10649.6,0
2021-06-17 10:45:40,10649.85,0
2021-06-17 10:45:42,10647.1,0
2021-06-17 10:45:45,10645.55,0
2021-06-17 10:45:59,10644.7,0
2021-06-17 10:46:01,10645.15,0
2021-06-17 10:46:03,10645.35,0
2021-06-17 10:46:05,10645.25,0
2021-06-17 10:46:11,10647.25,0
2021-06-17 10:46:15,10647.6,0
2021-06-17 10:46:17,10646.4,0
2021-06-17 10:46:18,10645.8,0
2021-06-17 10:46:19,10646.0,0
2021-06-17 10:46:20,10645.8,0
2021-06-17 10:46:24,10645.35,0
2021-06-17 10:46:25,10645.45,0
2021-06-17 10:46:26,10645.9,0
2021-06-17 10:46:27,10645.95,0
2021-06-17 10:46:29,10646.25,0
2021-06-17 10:46:33,10647.1,0
2021-06-17 10:46:36,10647.6,0
2021-06-17 10:46:38,10646.55,0
2021-06-17 10:46:40,10644.35,0
2021-06-17 10:46:42,10644.6,0
2021-06-17 10:46:45,10643.35,0
2021-06-17 10:46:46,10643.95,0
2021-06-17 10:46:47,10644.05,0
2021-06-17 10:46:51,10643.65,0
2021-06-17 10:46:55,10643.7,0
2021-06-17 10:46:56,10642.5,0
2021-06-17 10:46:58,10642.45,0
2021-06-17 10:47:02,10641.65,0
2021-06-17 10:47:04,10642.8,0
2021-06-17 10:47:10,10642.35,0
2021-06-17 10:47:12,10643.3,0
2021-06-17 10:47:13,10643.25,0
2021-06-17 10:47:15,10643.1,0
2021-06-17 10:47:19,10643.4,0
2021-06-17 10:47:20,10642.95,0
2021-06-17 10:47:21,10642.95,0
2021-06-17 10:47:24,10642.75,0
2021-06-17 10:47:26,10641.6,0
2021-06-17 10:47:28,10641.5,0
2021-06-17 10:47:30,10642.45,0
2021-06-17 10:47:35,10642.3,0
2021-06-17 10:47:36,10642.0,0
2021-06-17 10:47:40,10642.1,0
2021-06-17 10:47:41,10642.3,0
2021-06-17 10:47:42,10641.9,0
2021-06-17 10:47:48,10641.75,0
2021-06-17 10:47:49,10641.15,0
2021-06-17 10:47:50,10641.5,0
2021-06-17 10:47:51,10642.1,0
2021-06-17 10:47:54,10642.45,0
2021-06-17 10:47:56,10641.4,0
2021-06-17 10:47:57,10641.5,0
2021-06-17 10:47:58,10641.35,0
2021-06-17 10:47:59,10641.45,0
2021-06-17 10:48:01,10641.95,0
2021-06-17 10:48:02,10642.0,0
2021-06-17 10:48:03,10641.75,0
2021-06-17 10:48:06,10642.15,0
2021-06-17 10:48:08,10642.15,0
2021-06-17 10:48:09,10641.65,0
2021-06-17 10:48:14,10641.0,0
2021-06-17 10:48:16,10642.25,0
2021-06-17 10:48:18,10641.9,0
2021-06-17 10:48:19,10641.7,0
2021-06-17 10:48:20,10641.95,0
2021-06-17 10:48:25,10640.55,0
2021-06-17 10:48:26,10640.35,0
2021-06-17 10:48:28,10640.3,0
2021-06-17 10:48:30,10641.5,0
2021-06-17 10:48:32,10641.5,0
2021-06-17 10:48:33,10641.2,0
2021-06-17 10:48:37,10640.9,0
2021-06-17 10:48:39,10640.9,0
2021-06-17 10:48:44,10640.15,0
2021-06-17 10:48:46,10640.35,0
2021-06-17 10:48:47,10640.2,0
2021-06-17 10:48:48,10639.75,0
2021-06-17 10:48:49,10639.75,0
2021-06-17 10:48:50,10640.45,0
2021-06-17 10:48:52,10639.65,0
2021-06-17 10:48:54,10639.2,0
2021-06-17 10:48:55,10639.1,0
2021-06-17 10:48:59,10638.95,0
2021-06-17 10:49:00,10639.5,0
2021-06-17 10:49:02,10638.9,0
2021-06-17 10:49:08,10640.5,0
2021-06-17 10:49:09,10639.95,0
2021-06-17 10:49:11,10639.8,0
2021-06-17 10:49:18,10638.65,0
2021-06-17 10:49:20,10638.35,0
2021-06-17 10:49:21,10638.6,0
2021-06-17 10:49:22,10639.2,0
2021-06-17 10:49:30,10638.45,0
2021-06-17 10:49:31,10638.15,0
2021-06-17 10:49:32,10638.1,0
2021-06-17 10:49:33,10639.0,0
2021-06-17 10:49:34,10639.5,0
2021-06-17 10:49:35,10639.45,0
2021-06-17 10:49:36,10639.95,0
2021-06-17 10:49:37,10640.45,0
2021-06-17 10:49:40,10640.75,0
2021-06-17 10:49:42,10641.9,0
2021-06-17 10:49:43,10641.7,0
2021-06-17 10:49:47,10641.1,0
2021-06-17 10:49:49,10640.8,0
2021-06-17 10:49:51,10641.45,0
2021-06-17 10:49:52,10641.1,0
2021-06-17 10:49:54,10641.75,0
2021-06-17 10:49:56,10641.4,0
2021-06-17 10:49:59,10641.9,0
2021-06-17 10:50:01,10642.0,0
2021-06-17 10:50:04,10641.9,0
2021-06-17 10:50:06,10640.7,0
2021-06-17 10:50:08,10641.25,0
2021-06-17 10:50:10,10640.85,0
2021-06-17 10:50:16,10638.4,0
2021-06-17 10:50:17,10638.0,0
2021-06-17 10:50:18,10637.8,0
2021-06-17 10:50:19,10637.95,0
2021-06-17 10:50:25,10636.75,0
2021-06-17 10:50:31,10633.75,0
2021-06-17 10:50:37,10632.85,0
2021-06-17 10:50:38,10632.75,0
2021-06-17 10:50:39,10632.7,0
2021-06-17 10:50:41,10631.9,0
2021-06-17 10:50:43,10630.7,0
2021-06-17 10:50:45,10631.2,0
2021-06-17 10:50:48,10630.85,0
2021-06-17 10:50:50,10630.7,0
2021-06-17 10:50:53,10629.95,0
2021-06-17 10:50:54,10629.65,0
2021-06-17 10:50:56,10631.2,0
2021-06-17 10:50:57,10630.65,0
2021-06-17 10:51:05,10631.45,0
2021-06-17 10:51:06,10632.3,0
2021-06-17 10:51:16,10632.7,0
2021-06-17 10:51:17,10632.9,0
2021-06-17 10:51:21,10632.4,0
2021-06-17 10:51:22,10633.4,0
2021-06-17 10:51:24,10633.4,0
2021-06-17 10:51:32,10634.55,0
2021-06-17 10:51:34,10633.55,0
2021-06-17 10:51:35,10633.05,0
2021-06-17 10:51:36,10633.45,0
2021-06-17 10:51:37,10632.9,0
2021-06-17 10:51:38,10632.15,0
2021-06-17 10:51:44,10633.1,0
2021-06-17 10:51:52,10631.35,0
2021-06-17 10:51:53,10631.7,0
2021-06-17 10:51:55,10631.1,0
2021-06-17 10:51:56,10631.75,0
2021-06-17 10:52:00,10631.55,0
2021-06-17 10:52:01,10631.0,0
2021-06-17 10:52:03,10630.9,0
2021-06-17 10:52:04,10631.35,0
2021-06-17 10:52:07,10630.2,0
2021-06-17 10:52:10,10630.45,0
2021-06-17 10:52:13,10629.85,0
2021-06-17 10:52:14,10629.7,0
2021-06-17 10:52:15,10629.4,0
2021-06-17 10:52:18,10629.05,0
2021-06-17 10:52:19,10629.1,0
2021-06-17 10:52:20,10629.4,0
2021-06-17 10:52:25,10629.75,0
2021-06-17 10:52:28,10629.2,0
2021-06-17 10:52:29,10629.25,0
2021-06-17 10:52:33,10629.6,0
2021-06-17 10:52:34,10628.9,0
2021-06-17 10:52:35,10629.45,0
2021-06-17 10:52:43,10629.2,0
2021-06-17 10:52:48,10628.9,0
2021-06-17 10:52:50,10628.55,0
2021-06-17 10:52:53,10627.65,0
2021-06-17 10:53:02,10628.3,0
2021-06-17 10:53:14,10629.05,0
2021-06-17 10:53:15,10628.8,0
2021-06-17 10:53:16,10629.4,0
2021-06-17 10:53:18,10629.7,0
2021-06-17 10:53:19,10629.0,0
2021-06-17 10:53:20,10630.05,0
2021-06-17 10:53:25,10630.35,0
2021-06-17 10:53:27,10630.0,0
2021-06-17 10:53:30,10630.7,0
2021-06-17 10:53:35,10630.9,0
2021-06-17 10:53:36,10631.35,0
2021-06-17 10:53:38,10630.8,0
2021-06-17 10:53:41,10631.4,0
2021-06-17 10:53:42,10630.8,0
2021-06-17 10:53:44,10631.2,0
2021-06-17 10:53:49,10631.9,0
2021-06-17 10:53:50,10632.65,0
2021-06-17 10:53:53,10632.05,0
2021-06-17 10:53:55,10632.85,0
2021-06-17 10:53:56,10633.8,0
2021-06-17 10:53:57,10633.9,0
2021-06-17 10:53:59,10634.0,0
2021-06-17 10:54:02,10632.6,0
2021-06-17 10:54:03,10632.5,0
2021-06-17 10:54:04,10632.35,0
2021-06-17 10:54:08,10633.0,0
2021-06-17 10:54:09,10632.65,0
2021-06-17 10:54:15,10633.1,0
2021-06-17 10:54:16,10633.2,0
2021-06-17 10:54:17,10633.2,0
2021-06-17 10:54:22,10632.15,0
2021-06-17 10:54:23,10631.65,0
2021-06-17 10:54:24,10632.0,0
2021-06-17 10:54:32,10630.75,0
2021-06-17 10:54:38,10628.95,0
2021-06-17 10:54:39,10628.8,0
2021-06-17 10:54:41,10627.45,0
2021-06-17 10:54:43,10627.15,0
2021-06-17 10:54:45,10627.0,0
2021-06-17 10:54:46,10624.95,0
2021-06-17 10:54:47,10624.4,0
2021-06-17 10:54:51,10624.1,0
2021-06-17 10:54:53,10624.25,0
2021-06-17 10:54:55,10624.05,0
2021-06-17 10:54:59,10623.6,0
2021-06-17 10:55:00,10624.25,0
2021-06-17 10:55:02,10623.7,0
2021-06-17 10:55:07,10623.25,0
2021-06-17 10:55:09,10622.9,0
2021-06-17 10:55:11,10623.5,0
2021-06-17 10:55:14,10622.35,0
2021-06-17 10:55:15,10622.95,0
2021-06-17 10:55:16,10623.15,0
2021-06-17 10:55:17,10623.1,0
2021-06-17 10:55:18,10621.35,0
2021-06-17 10:55:21,10620.35,0
2021-06-17 10:55:22,10620.85,0
2021-06-17 10:55:24,10620.75,0
2021-06-17 10:55:28,10620.55,0
2021-06-17 10:55:29,10619.7,0
2021-06-17 10:55:32,10620.35,0
2021-06-17 10:55:35,10620.8,0
2021-06-17 10:55:36,10619.75,0
2021-06-17 10:55:43,10621.15,0
2021-06-17 10:55:44,10621.65,0
2021-06-17 10:55:45,10621.55,0
2021-06-17 10:55:46,10621.05,0
2021-06-17 10:55:47,10620.6,0
2021-06-17 10:55:49,10621.6,0
2021-06-17 10:55:55,10620.6,0
2021-06-17 10:55:56,10620.9,0
2021-06-17 10:55:57,10621.2,0
2021-06-17 10:55:58,10622.0,0
2021-06-17 10:55:59,10620.9,0
2021-06-17 10:56:02,10620.75,0
2021-06-17 10:56:05,10619.45,0
2021-06-17 10:56:07,10618.7,0
2021-06-17 10:56:08,10618.3,0
2021-06-17 10:56:14,10619.15,0
2021-06-17 10:56:17,10618.05,0
2021-06-17 10:56:19,10618.1,0
2021-06-17 10:56:20,10617.5,0
2021-06-17 10:56:21,10617.7,0
2021-06-17 10:56:23,10619.65,0
2021-06-17 10:56:28,10619.1,0
2021-06-17 10:56:31,10618.9,0
2021-06-17 10:56:32,10618.2,0
2021-06-17 10:56:33,10618.05,0
2021-06-17 10:56:35,10617.8,0
2021-06-17 10:56:36,10617.25,0
2021-06-17 10:56:37,10617.4,0
2021-06-17 10:56:39,10616.65,0
2021-06-17 10:56:40,10617.5,0
2021-06-17 10:56:43,10617.3,0
2021-06-17 10:56:44,10617.2,0
2021-06-17 10:56:46,10617.0,0
2021-06-17 10:56:47,10617.85,0
2021-06-17 10:56:48,10618.15,0
2021-06-17 10:56:50,10617.75,0
2021-06-17 10:56:51,10617.6,0
2021-06-17 10:56:52,10616.75,0
2021-06-17 10:56:53,10616.65,0
2021-06-17 10:56:55,10616.75,0
2021-06-17 10:56:57,10616.75,0
2021-06-17 10:56:58,10617.5,0
2021-06-17 10:56:59,10617.05,0
2021-06-17 10:57:08,10617.25,0
2021-06-17 10:57:11,10617.9,0
2021-06-17 10:57:12,10617.45,0
2021-06-17 10:57:14,10617.2,0
2021-06-17 10:57:15,10617.75,0
2021-06-17 10:57:16,10618.15,0
2021-06-17 10:57:17,10617.8,0
2021-06-17 10:57:19,10616.8,0
2021-06-17 10:57:23,10618.7,0
2021-06-17 10:57:26,10618.7,0
2021-06-17 10:57:29,10618.75,0
2021-06-17 10:57:34,10619.5,0
2021-06-17 10:57:41,10621.0,0
2021-06-17 10:57:43,10619.7,0
2021-06-17 10:57:44,10619.65,0
2021-06-17 10:57:49,10620.65,0
2021-06-17 10:57:50,10620.2,0
2021-06-17 10:57:53,10620.35,0
2021-06-17 10:57:55,10621.05,0
2021-06-17 10:57:59,10620.1,0
2021-06-17 10:58:03,10620.75,0
2021-06-17 10:58:04,10619.85,0
2021-06-17 10:58:05,10620.55,0
2021-06-17 10:58:08,10620.65,0
2021-06-17 10:58:09,10621.05,0
2021-06-17 10:58:11,10620.45,0
2021-06-17 10:58:13,10620.95,0
2021-06-17 10:58:14,10621.15,0
2021-06-17 10:58:15,10621.25,0
2021-06-17 10:58:16,10622.55,0
2021-06-17 10:58:17,10622.3,0
2021-06-17 10:58:19,10622.2,0
2021-06-17 10:58:23,10622.9,0
2021-06-17 10:58:26,10623.85,0
2021-06-17 10:58:27,10622.5,0
2021-06-17 10:58:29,10622.5,0
2021-06-17 10:58:30,10623.05,0
2021-06-17 10:58:34,10622.7,0
2021-06-17 10:58:42,10621.25,0
2021-06-17 10:58:44,10620.75,0
2021-06-17 10:58:45,10620.7,0
2021-06-17 10:58:48,10621.35,0
2021-06-17 10:58:52,10621.35,0
2021-06-17 10:58:53,10621.45,0
2021-06-17 10:58:56,10621.05,0
2021-06-17 10:58:57,10621.45,0
2021-06-17 10:58:58,10621.55,0
2021-06-17 10:59:00,10621.15,0
2021-06-17 10:59:03,10620.8,0
2021-06-17 10:59:06,10620.9,0
2021-06-17 10:59:08,10620.65,0
2021-06-17 10:59:09,10620.8,0
2021-06-17 10:59:17,10620.0,0
2021-06-17 10:59:19,10619.6,0
2021-06-17 10:59:20,10621.1,0
2021-06-17 10:59:22,10620.75,0
2021-06-17 10:59:23,10619.8,0
2021-06-17 10:59:24,10620.65,0
2021-06-17 10:59:25,10620.25,0
2021-06-17 10:59:27,10619.7,0
2021-06-17 10:59:32,10619.9,0
2021-06-17 10:59:35,10620.55,0
2021-06-17 10:59:36,10620.7,0
2021-06-17 10:59:37,10620.4,0
2021-06-17 10:59:38,10620.15,0
2021-06-17 10:59:45,10621.05,0
2021-06-17 10:59:48,10621.7,0
2021-06-17 10:59:50,10621.7,0
2021-06-17 10:59:51,10622.4,0
2021-06-17 10:59:55,10622.6,0
2021-06-17 10:59:57,10623.15,0
2021-06-17 11:00:14,10621.85,0
2021-06-17 11:00:15,10622.2,0
2021-06-17 11:00:18,10620.55,0
2021-06-17 11:00:19,10621.6,0
2021-06-17 11:00:20,10621.55,0
2021-06-17 11:00:22,10621.95,0
2021-06-17 11:00:32,10621.85,0
2021-06-17 11:00:38,10619.8,0
2021-06-17 11:00:39,10620.25,0
2021-06-17 11:00:40,10620.25,0
2021-06-17 11:00:43,10620.15,0
2021-06-17 11:00:44,10620.2,0
2021-06-17 11:00:45,10619.9,0
2021-06-17 11:00:50,10620.65,0
2021-06-17 11:00:51,10619.85,0
2021-06-17 11:00:55,10619.85,0
2021-06-17 11:00:58,10620.0,0
2021-06-17 11:01:00,10620.25,0
2021-06-17 11:01:02,10621.8,0
2021-06-17 11:01:04,10620.95,0
2021-06-17 11:01:05,10620.25,0
2021-06-17 11:01:07,10621.35,0
2021-06-17 11:01:08,10621.6,0
2021-06-17 11:01:09,10621.65,0
2021-06-17 11:01:11,10621.4,0
2021-06-17 11:01:12,10621.7,0
2021-06-17 11:01:13,10621.45,0
2021-06-17 11:01:19,10620.4,0
2021-06-17 11:01:23,10620.85,0
2021-06-17 11:01:24,10620.55,0
2021-06-17 11:01:27,10620.0,0
2021-06-17 11:01:30,10619.8,0
2021-06-17 11:01:31,10619.95,0
2021-06-17 11:01:32,10619.45,0
2021-06-17 11:01:34,10619.5,0
2021-06-17 11:01:35,10619.05,0
2021-06-17 11:01:36,10619.4,0
2021-06-17 11:01:41,10618.45,0
2021-06-17 11:01:42,10618.75,0
2021-06-17 11:01:44,10619.25,0
2021-06-17 11:01:47,10618.75,0
2021-06-17 11:01:49,10619.05,0
2021-06-17 11:01:51,10619.25,0
2021-06-17 11:01:52,10619.8,0
2021-06-17 11:01:57,10619.5,0
2021-06-17 11:01:58,10619.0,0
2021-06-17 11:02:00,10618.95,0
2021-06-17 11:02:01,10618.5,0
2021-06-17 11:02:02,10619.25,0
2021-06-17 11:02:03,10619.6,0
2021-06-17 11:02:05,10618.65,0
2021-06-17 11:02:08,10619.0,0
2021-06-17 11:02:09,10618.0,0
2021-06-17 11:02:18,10618.4,0
2021-06-17 11:02:19,10617.2,0
2021-06-17 11:02:21,10617.35,0
2021-06-17 11:02:25,10618.7,0
2021-06-17 11:02:26,10619.4,0
2021-06-17 11:02:27,10619.65,0
2021-06-17 11:02:28,10619.15,0
2021-06-17 11:02:31,10619.3,0
2021-06-17 11:02:39,10618.75,0
2021-06-17 11:02:40,10618.75,0
2021-06-17 11:02:42,10619.0,0
2021-06-17 11:02:45,10619.4,0
2021-06-17 11:02:46,10619.15,0
2021-06-17 11:02:48,10619.2,0
2021-06-17 11:02:50,10618.95,0
2021-06-17 11:02:54,10618.9,0
2021-06-17 11:02:55,10618.25,0
2021-06-17 11:02:58,10619.75,0
2021-06-17 11:02:59,10618.95,0
2021-06-17 11:03:01,10619.0,0
2021-06-17 11:03:02,10619.35,0
2021-06-17 11:03:05,10618.95,0
2021-06-17 11:03:07,10618.9,0
2021-06-17 11:03:09,10619.5,0
2021-06-17 11:03:10,10619.2,0
2021-06-17 11:03:11,10618.85,0
2021-06-17 11:03:14,10618.75,0
2021-06-17 11:03:16,10618.55,0
2021-06-17 11:03:18,10617.35,0
2021-06-17 11:03:20,10617.35,0
2021-06-17 11:03:22,10618.6,0
2021-06-17 11:03:24,10618.7,0
2021-06-17 11:03:25,10618.8,0
2021-06-17 11:03:29,10618.8,0
2021-06-17 11:03:30,10619.35,0
2021-06-17 11:03:31,10619.1,0
2021-06-17 11:03:37,10619.05,0
2021-06-17 11:03:39,10619.3,0
2021-06-17 11:03:42,10619.15,0
2021-06-17 11:03:43,10619.5,0
2021-06-17 11:03:47,10619.65,0
2021-06-17 11:03:51,10619.2,0
2021-06-17 11:03:52,10619.3,0
2021-06-17 11:03:53,10619.5,0
2021-06-17 11:03:55,10619.3,0
2021-06-17 11:03:56,10619.8,0
2021-06-17 11:03:57,10619.85,0
2021-06-17 11:03:58,10620.1,0
2021-06-17 11:03:59,10619.95,0
2021-06-17 11:04:06,10619.95,0
2021-06-17 11:04:08,10619.3,0
2021-06-17 11:04:12,10619.0,0
2021-06-17 11:04:16,10620.05,0
2021-06-17 11:04:17,10619.45,0
2021-06-17 11:04:18,10619.95,0
2021-06-17 11:04:27,10620.15,0
2021-06-17 11:04:29,10620.5,0
2021-06-17 11:04:34,10619.7,0
2021-06-17 11:04:35,10620.0,0
2021-06-17 11:04:39,10620.3,0
2021-06-17 11:04:41,10620.1,0
2021-06-17 11:04:42,10619.95,0
2021-06-17 11:04:46,10620.85,0
2021-06-17 11:04:51,10620.15,0
2021-06-17 11:04:55,10619.5,0
2021-06-17 11:04:58,10619.9,0
2021-06-17 11:04:59,10620.15,0
2021-06-17 11:05:00,10620.05,0
2021-06-17 11:05:01,10620.1,0
2021-06-17 11:05:13,10620.25,0
2021-06-17 11:05:14,10620.8,0
2021-06-17 11:05:15,10620.25,0
2021-06-17 11:05:20,10620.3,0
2021-06-17 11:05:22,10620.55,0
2021-06-17 11:05:23,10621.75,0
2021-06-17 11:05:25,10621.15,0
2021-06-17 11:05:27,10621.1,0
2021-06-17 11:05:28,10622.1,0
2021-06-17 11:05:30,10622.75,0
2021-06-17 11:05:37,10625.65,0
2021-06-17 11:05:40,10624.45,0
2021-06-17 11:05:46,10624.35,0
2021-06-17 11:05:47,10625.65,0
2021-06-17 11:05:48,10626.55,0
2021-06-17 11:05:51,10625.85,0
2021-06-17 11:05:52,10625.75,0
2021-06-17 11:05:54,10625.6,0
2021-06-17 11:05:57,10627.0,0
2021-06-17 11:05:59,10624.15,0
2021-06-17 11:06:00,10626.2,0
2021-06-17 11:06:02,10625.85,0
2021-06-17 11:06:10,10627.25,0
2021-06-17 11:06:11,10627.3,0
2021-06-17 11:06:14,10627.6,0
2021-06-17 11:06:16,10627.45,0
2021-06-17 11:06:17,10627.75,0
2021-06-17 11:06:19,10626.9,0
2021-06-17 11:06:22,10627.3,0
2021-06-17 11:06:24,10627.55,0
2021-06-17 11:06:26,10626.45,0
2021-06-17 11:06:27,10627.25,0
2021-06-17 11:06:28,10626.85,0
2021-06-17 11:06:29,10626.9,0
2021-06-17 11:06:30,10627.35,0
2021-06-17 11:06:31,10626.4,0
2021-06-17 11:06:39,10626.95,0
2021-06-17 11:06:40,10626.5,0
2021-06-17 11:06:42,10626.9,0
2021-06-17 11:06:43,10626.85,0
2021-06-17 11:06:44,10626.8,0
2021-06-17 11:06:47,10627.15,0
2021-06-17 11:06:51,10627.2,0
2021-06-17 11:06:52,10626.4,0
2021-06-17 11:06:54,10627.5,0
2021-06-17 11:06:55,10627.45,0
2021-06-17 11:06:56,10627.25,0
2021-06-17 11:06:57,10627.15,0
2021-06-17 11:07:01,10627.55,0
2021-06-17 11:07:02,10627.3,0
2021-06-17 11:07:03,10627.3,0
2021-06-17 11:07:05,10627.15,0
2021-06-17 11:07:06,10627.15,0
2021-06-17 11:07:08,10627.65,0
2021-06-17 11:07:11,10627.6,0
2021-06-17 11:07:12,10627.1,0
2021-06-17 11:07:14,10626.8,0
2021-06-17 11:07:16,10627.1,0
2021-06-17 11:07:21,10626.8,0
2021-06-17 11:07:22,10626.8,0
2021-06-17 11:07:23,10626.5,0
2021-06-17 11:07:24,10626.15,0
2021-06-17 11:07:28,10626.3,0
2021-06-17 11:07:33,10626.3,0
2021-06-17 11:07:34,10625.35,0
2021-06-17 11:07:37,10625.3,0
2021-06-17 11:07:38,10625.4,0
2021-06-17 11:07:39,10624.9,0
2021-06-17 11:07:41,10624.95,0
2021-06-17 11:07:42,10624.45,0
2021-06-17 11:07:44,10623.7,0
2021-06-17 11:07:48,10622.7,0
2021-06-17 11:07:50,10623.55,0
2021-06-17 11:07:51,10622.4,0
2021-06-17 11:07:53,10622.4,0
2021-06-17 11:07:59,10622.9,0
2021-06-17 11:08:01,10622.65,0
2021-06-17 11:08:02,10623.9,0
2021-06-17 11:08:03,10623.4,0
2021-06-17 11:08:06,10624.55,0
2021-06-17 11:08:08,10624.25,0
2021-06-17 11:08:09,10624.45,0
2021-06-17 11:08:11,10624.05,0
2021-06-17 11:08:12,10623.85,0
2021-06-17 11:08:15,10624.35,0
2021-06-17 11:08:18,10624.75,0
2021-06-17 11:08:20,10624.25,0
2021-06-17 11:08:21,10624.05,0
2021-06-17 11:08:22,10624.0,0
2021-06-17 11:08:24,10625.25,0
2021-06-17 11:08:25,10625.4,0
2021-06-17 11:08:31,10625.65,0
2021-06-17 11:08:34,10625.0,0
2021-06-17 11:08:38,10624.55,0
2021-06-17 11:08:40,10624.9,0
2021-06-17 11:08:41,10624.8,0
2021-06-17 11:08:42,10624.8,0
2021-06-17 11:08:43,10625.25,0
2021-06-17 11:08:46,10624.65,0
2021-06-17 11:08:47,10624.3,0
2021-06-17 11:08:48,10624.55,0
2021-06-17 11:08:53,10625.0,0
2021-06-17 11:08:55,10625.3,0
2021-06-17 11:08:56,10625.65,0
2021-06-17 11:08:57,10626.0,0
2021-06-17 11:09:00,10625.65,0
2021-06-17 11:09:01,10625.9,0
2021-06-17 11:09:03,10626.15,0
2021-06-17 11:09:04,10625.8,0
2021-06-17 11:09:05,10625.95,0
2021-06-17 11:09:07,10625.8,0
2021-06-17 11:09:09,10625.2,0
2021-06-17 11:09:10,10625.45,0
2021-06-17 11:09:11,10625.4,0
2021-06-17 11:09:14,10625.35,0
2021-06-17 11:09:15,10625.5,0
2021-06-17 11:09:16,10625.5,0
2021-06-17 11:09:18,10625.45,0
2021-06-17 11:09:21,10626.2,0
2021-06-17 11:09:24,10626.4,0
2021-06-17 11:09:28,10627.4,0
2021-06-17 11:09:32,10625.55,0
2021-06-17 11:09:33,10625.8,0
2021-06-17 11:09:35,10626.8,0
2021-06-17 11:09:37,10626.45,0
2021-06-17 11:09:39,10626.1,0
2021-06-17 11:09:40,10626.25,0
2021-06-17 11:09:43,10626.55,0
2021-06-17 11:09:44,10627.0,0
2021-06-17 11:09:45,10626.2,0
2021-06-17 11:09:49,10625.7,0
2021-06-17 11:09:53,10625.6,0
2021-06-17 11:09:57,10626.3,0
2021-06-17 11:09:58,10626.1,0
2021-06-17 11:10:00,10626.0,0
2021-06-17 11:10:02,10626.35,0
2021-06-17 11:10:03,10625.8,0
2021-06-17 11:10:04,10626.2,0
2021-06-17 11:10:06,10625.1,0
2021-06-17 11:10:10,10626.95,0
2021-06-17 11:10:13,10626.9,0
2021-06-17 11:10:17,10626.9,0
2021-06-17 11:10:19,10625.95,0
2021-06-17 11:10:20,10626.0,0
2021-06-17 11:10:21,10626.4,0
2021-06-17 11:10:23,10625.35,0
2021-06-17 11:10:25,10624.85,0
2021-06-17 11:10:26,10625.55,0
2021-06-17 11:10:27,10626.0,0
2021-06-17 11:10:33,10626.4,0
2021-06-17 11:10:35,10625.7,0
2021-06-17 11:10:37,10626.1,0
2021-06-17 11:10:38,10626.5,0
2021-06-17 11:10:39,10626.1,0
2021-06-17 11:10:41,10626.0,0
2021-06-17 11:10:42,10626.35,0
2021-06-17 11:10:44,10626.1,0
2021-06-17 11:10:45,10626.05,0
2021-06-17 11:10:47,10625.7,0
2021-06-17 11:10:48,10626.1,0
2021-06-17 11:10:49,10626.3,0
2021-06-17 11:10:50,10625.9,0
2021-06-17 11:10:52,10626.2,0
2021-06-17 11:10:53,10626.15,0
2021-06-17 11:10:54,10626.6,0
2021-06-17 11:10:58,10625.85,0
2021-06-17 11:10:59,10625.7,0
2021-06-17 11:11:00,10626.05,0
2021-06-17 11:11:01,10626.15,0
2021-06-17 11:11:02,10625.8,0
2021-06-17 11:11:06,10625.6,0
2021-06-17 11:11:10,10625.65,0
2021-06-17 11:11:12,10625.95,0
2021-06-17 11:11:14,10625.75,0
2021-06-17 11:11:15,10625.5,0
2021-06-17 11:11:19,10625.2,0
2021-06-17 11:11:23,10625.05,0
2021-06-17 11:11:28,10626.95,0
2021-06-17 11:11:33,10625.95,0
2021-06-17 11:11:36,10625.55,0
2021-06-17 11:11:39,10625.85,0
2021-06-17 11:11:40,10626.05,0
2021-06-17 11:11:45,10626.35,0
2021-06-17 11:11:46,10626.6,0
2021-06-17 11:11:48,10626.05,0
2021-06-17 11:11:49,10627.0,0
2021-06-17 11:11:52,10626.5,0
2021-06-17 11:11:53,10626.65,0
2021-06-17 11:11:54,10626.25,0
2021-06-17 11:11:56,10626.4,0
2021-06-17 11:11:58,10625.75,0
2021-06-17 11:12:02,10625.0,0
2021-06-17 11:12:04,10625.85,0
2021-06-17 11:12:05,10625.35,0
2021-06-17 11:12:06,10624.95,0
2021-06-17 11:12:07,10624.95,0
2021-06-17 11:12:08,10625.0,0
2021-06-17 11:12:09,10625.0,0
2021-06-17 11:12:11,10624.7,0
2021-06-17 11:12:15,10626.1,0
2021-06-17 11:12:21,10625.6,0
2021-06-17 11:12:25,10625.7,0
2021-06-17 11:12:26,10625.95,0
2021-06-17 11:12:27,10626.2,0
2021-06-17 11:12:28,10626.1,0
2021-06-17 11:12:29,10626.3,0
2021-06-17 11:12:30,10626.25,0
2021-06-17 11:12:32,10625.75,0
2021-06-17 11:12:33,10624.8,0
2021-06-17 11:12:34,10624.95,0
2021-06-17 11:12:35,10625.0,0
2021-06-17 11:12:37,10625.45,0
2021-06-17 11:12:39,10624.9,0
2021-06-17 11:12:40,10625.0,0
2021-06-17 11:12:42,10625.45,0
2021-06-17 11:12:43,10625.9,0
2021-06-17 11:12:45,10625.95,0
2021-06-17 11:12:47,10626.05,0
2021-06-17 11:12:48,10625.95,0
2021-06-17 11:12:50,10626.45,0
2021-06-17 11:12:58,10626.2,0
2021-06-17 11:13:07,10625.6,0
2021-06-17 11:13:09,10625.75,0
2021-06-17 11:13:27,10624.5,0
2021-06-17 11:13:30,10624.65,0
2021-06-17 11:13:32,10624.55,0
2021-06-17 11:13:35,10624.75,0
2021-06-17 11:13:36,10625.05,0
2021-06-17 11:13:39,10624.45,0
2021-06-17 11:13:40,10624.2,0
2021-06-17 11:13:41,10623.4,0
2021-06-17 11:13:43,10624.0,0
2021-06-17 11:13:44,10623.8,0
2021-06-17 11:13:45,10622.85,0
2021-06-17 11:13:46,10623.8,0
2021-06-17 11:13:48,10624.05,0
2021-06-17 11:13:50,10624.0,0
2021-06-17 11:13:51,10624.3,0
2021-06-17 11:13:52,10623.05,0
2021-06-17 11:13:54,10623.4,0
2021-06-17 11:13:55,10623.95,0
2021-06-17 11:13:59,10623.35,0
2021-06-17 11:14:00,10623.05,0
2021-06-17 11:14:05,10623.35,0
2021-06-17 11:14:06,10623.0,0
2021-06-17 11:14:07,10623.15,0
2021-06-17 11:14:08,10623.5,0
2021-06-17 11:14:10,10622.85,0
2021-06-17 11:14:11,10623.5,0
2021-06-17 11:14:12,10623.3,0
2021-06-17 11:14:14,10623.3,0
2021-06-17 11:14:16,10623.05,0
2021-06-17 11:14:17,10623.6,0
2021-06-17 11:14:18,10622.95,0
2021-06-17 11:14:22,10623.4,0
2021-06-17 11:14:23,10623.55,0
2021-06-17 11:14:24,10623.8,0
2021-06-17 11:14:27,10623.65,0
2021-06-17 11:14:29,10623.45,0
2021-06-17 11:14:30,10623.55,0
2021-06-17 11:14:31,10624.15,0
2021-06-17 11:14:32,10624.05,0
2021-06-17 11:14:33,10624.2,0
2021-06-17 11:14:41,10623.8,0
2021-06-17 11:14:42,10623.7,0
2021-06-17 11:14:47,10623.95,0
2021-06-17 11:14:51,10623.7,0
2021-06-17 11:14:52,10623.3,0
2021-06-17 11:14:54,10622.8,0
2021-06-17 11:14:55,10622.3,0
2021-06-17 11:14:56,10623.05,0
2021-06-17 11:14:57,10623.4,0
2021-06-17 11:15:03,10622.9,0
2021-06-17 11:15:04,10622.3,0
2021-06-17 11:15:06,10623.5,0
2021-06-17 11:15:14,10621.35,0
2021-06-17 11:15:15,10622.1,0
2021-06-17 11:15:17,10620.35,0
2021-06-17 11:15:18,10621.35,0
2021-06-17 11:15:19,10621.2,0
2021-06-17 11:15:22,10619.5,0
2021-06-17 11:15:27,10619.55,0
2021-06-17 11:15:28,10619.55,0
2021-06-17 11:15:31,10619.45,0
2021-06-17 11:15:37,10620.0,0
2021-06-17 11:15:39,10619.5,0
2021-06-17 11:15:41,10619.05,0
2021-06-17 11:15:43,10618.95,0
2021-06-17 11:15:46,10619.35,0
2021-06-17 11:15:48,10618.4,0
2021-06-17 11:15:53,10618.7,0
2021-06-17 11:15:54,10619.1,0
2021-06-17 11:15:55,10618.45,0
2021-06-17 11:15:56,10618.2,0
2021-06-17 11:15:59,10617.65,0
2021-06-17 11:16:00,10617.9,0
2021-06-17 11:16:01,10618.0,0
2021-06-17 11:16:02,10617.1,0
2021-06-17 11:16:03,10618.2,0
2021-06-17 11:16:04,10618.4,0
2021-06-17 11:16:05,10618.25,0
2021-06-17 11:16:06,10617.4,0
2021-06-17 11:16:09,10618.25,0
2021-06-17 11:16:18,10618.95,0
2021-06-17 11:16:21,10618.4,0
2021-06-17 11:16:22,10619.0,0
2021-06-17 11:16:26,10618.75,0
2021-06-17 11:16:27,10618.7,0
2021-06-17 11:16:28,10618.2,0
2021-06-17 11:16:29,10618.9,0
2021-06-17 11:16:30,10618.75,0
2021-06-17 11:16:31,10619.2,0
2021-06-17 11:16:33,10619.25,0
2021-06-17 11:16:39,10619.75,0
2021-06-17 11:16:40,10618.0,0
2021-06-17 11:16:42,10617.7,0
2021-06-17 11:16:48,10618.05,0
2021-06-17 11:16:53,10618.15,0
2021-06-17 11:16:54,10618.95,0
2021-06-17 11:16:57,10618.8,0
2021-06-17 11:17:03,10617.3,0
2021-06-17 11:17:06,10616.35,0
2021-06-17 11:17:09,10616.55,0
2021-06-17 11:17:10,10616.75,0
2021-06-17 11:17:13,10617.05,0
2021-06-17 11:17:14,10616.25,0
2021-06-17 11:17:17,10617.0,0
2021-06-17 11:17:20,10615.85,0
2021-06-17 11:17:21,10616.6,0
2021-06-17 11:17:23,10616.35,0
2021-06-17 11:17:24,10616.05,0
2021-06-17 11:17:26,10617.5,0
2021-06-17 11:17:27,10617.8,0
2021-06-17 11:17:28,10617.75,0
2021-06-17 11:17:32,10617.5,0
2021-06-17 11:17:33,10617.45,0
2021-06-17 11:17:34,10617.5,0
2021-06-17 11:17:35,10617.0,0
2021-06-17 11:17:36,10616.75,0
2021-06-17 11:17:37,10617.75,0
2021-06-17 11:17:38,10617.8,0
2021-06-17 11:17:39,10617.5,0
2021-06-17 11:17:41,10617.35,0
2021-06-17 11:17:44,10618.2,0
2021-06-17 11:17:45,10618.3,0
2021-06-17 11:17:46,10618.05,0
2021-06-17 11:17:48,10617.45,0
2021-06-17 11:17:49,10617.4,0
2021-06-17 11:17:53,10617.25,0
2021-06-17 11:17:54,10618.4,0
2021-06-17 11:17:55,10617.2,0
2021-06-17 11:17:59,10618.6,0
2021-06-17 11:18:00,10618.2,0
2021-06-17 11:18:01,10618.45,0
2021-06-17 11:18:03,10618.9,0
2021-06-17 11:18:06,10617.75,0
2021-06-17 11:18:07,10617.45,0
2021-06-17 11:18:08,10618.05,0
2021-06-17 11:18:11,10618.05,0
2021-06-17 11:18:13,10617.2,0
2021-06-17 11:18:17,10616.15,0
2021-06-17 11:18:19,10615.55,0
2021-06-17 11:18:20,10616.15,0
2021-06-17 11:18:28,10616.65,0
2021-06-17 11:18:29,10617.2,0
2021-06-17 11:18:31,10617.75,0
2021-06-17 11:18:32,10617.7,0
2021-06-17 11:18:40,10616.95,0
2021-06-17 11:18:42,10616.8,0
2021-06-17 11:18:44,10617.45,0
2021-06-17 11:18:48,10616.75,0
2021-06-17 11:18:49,10617.0,0
2021-06-17 11:18:50,10617.35,0
2021-06-17 11:19:00,10617.2,0
2021-06-17 11:19:01,10616.75,0
2021-06-17 11:19:02,10617.6,0
2021-06-17 11:19:03,10617.0,0
2021-06-17 11:19:06,10617.6,0
2021-06-17 11:19:09,10616.55,0
2021-06-17 11:19:10,10616.05,0
2021-06-17 11:19:11,10617.25,0
2021-06-17 11:19:13,10617.15,0
2021-06-17 11:19:14,10616.8,0
2021-06-17 11:19:17,10616.5,0
2021-06-17 11:19:18,10616.4,0
2021-06-17 11:19:21,10615.7,0
2021-06-17 11:19:28,10617.35,0
2021-06-17 11:19:33,10617.25,0
2021-06-17 11:19:36,10617.45,0
2021-06-17 11:19:39,10618.3,0
2021-06-17 11:19:40,10618.5,0
2021-06-17 11:19:41,10618.6,0
2021-06-17 11:19:43,10618.25,0
2021-06-17 11:19:47,10618.95,0
2021-06-17 11:19:53,10618.6,0
2021-06-17 11:19:57,10618.5,0
2021-06-17 11:20:00,10618.3,0
2021-06-17 11:20:02,10618.75,0
2021-06-17 11:20:03,10618.55,0
2021-06-17 11:20:05,10618.15,0
2021-06-17 11:20:08,10618.55,0
2021-06-17 11:20:09,10619.3,0
2021-06-17 11:20:14,10618.55,0
2021-06-17 11:20:19,10618.65,0
2021-06-17 11:20:20,10618.95,0
2021-06-17 11:20:21,10618.85,0
2021-06-17 11:20:32,10618.7,0
2021-06-17 11:20:34,10618.85,0
2021-06-17 11:20:35,10619.05,0
2021-06-17 11:20:38,10619.25,0
2021-06-17 11:20:39,10618.75,0
2021-06-17 11:20:46,10619.15,0
2021-06-17 11:20:48,10619.6,0
2021-06-17 11:20:51,10619.5,0
2021-06-17 11:20:52,10619.75,0
2021-06-17 11:20:57,10620.45,0
2021-06-17 11:20:58,10620.95,0
2021-06-17 11:21:02,10621.6,0
2021-06-17 11:21:04,10621.55,0
2021-06-17 11:21:06,10621.4,0
2021-06-17 11:21:08,10621.5,0
2021-06-17 11:21:09,10621.35,0
2021-06-17 11:21:12,10619.95,0
2021-06-17 11:21:15,10621.9,0
2021-06-17 11:21:16,10621.35,0
2021-06-17 11:21:22,10620.05,0
2021-06-17 11:21:27,10619.7,0
2021-06-17 11:21:34,10618.3,0
2021-06-17 11:21:37,10618.7,0
2021-06-17 11:21:41,10618.6,0
2021-06-17 11:21:42,10617.95,0
2021-06-17 11:21:45,10617.35,0
2021-06-17 11:21:48,10618.45,0
2021-06-17 11:21:49,10618.7,0
2021-06-17 11:21:52,10619.05,0
2021-06-17 11:21:53,10618.85,0
2021-06-17 11:21:54,10618.55,0
2021-06-17 11:21:56,10618.6,0
2021-06-17 11:21:57,10619.55,0
2021-06-17 11:22:05,10619.3,0
2021-06-17 11:22:07,10619.55,0
2021-06-17 11:22:16,10616.85,0
2021-06-17 11:22:18,10617.6,0
2021-06-17 11:22:21,10617.8,0
2021-06-17 11:22:22,10617.2,0
2021-06-17 11:22:23,10616.5,0
2021-06-17 11:22:25,10617.4,0
2021-06-17 11:22:30,10616.45,0
2021-06-17 11:22:32,10616.0,0
2021-06-17 11:22:36,10616.6,0
2021-06-17 11:22:39,10615.2,0
2021-06-17 11:22:43,10614.25,0
2021-06-17 11:22:47,10612.2,0
2021-06-17 11:22:48,10613.05,0
2021-06-17 11:22:50,10613.3,0
2021-06-17 11:22:53,10613.2,0
2021-06-17 11:22:56,10614.05,0
2021-06-17 11:22:59,10614.5,0
2021-06-17 11:23:01,10614.2,0
2021-06-17 11:23:02,10613.3,0
2021-06-17 11:23:03,10612.65,0
2021-06-17 11:23:06,10612.6,0
2021-06-17 11:23:09,10612.25,0
2021-06-17 11:23:11,10612.45,0
2021-06-17 11:23:12,10611.9,0
2021-06-17 11:23:19,10611.65,0
2021-06-17 11:23:22,10610.85,0
2021-06-17 11:23:24,10611.75,0
2021-06-17 11:23:25,10612.35,0
2021-06-17 11:23:32,10610.25,0
2021-06-17 11:23:33,10610.4,0
2021-06-17 11:23:34,10610.35,0
2021-06-17 11:23:36,10609.75,0
2021-06-17 11:23:37,10610.05,0
2021-06-17 11:23:38,10610.3,0
2021-06-17 11:23:40,10611.05,0
2021-06-17 11:23:42,10610.85,0
2021-06-17 11:23:43,10610.9,0
2021-06-17 11:23:44,10610.75,0
2021-06-17 11:23:48,10611.0,0
2021-06-17 11:23:50,10610.9,0
2021-06-17 11:23:52,10611.0,0
2021-06-17 11:23:53,10611.6,0
2021-06-17 11:23:55,10611.05,0
2021-06-17 11:23:57,10611.25,0
2021-06-17 11:24:03,10611.45,0
2021-06-17 11:24:04,10610.95,0
2021-06-17 11:24:05,10611.85,0
2021-06-17 11:24:08,10610.45,0
2021-06-17 11:24:12,10610.85,0
2021-06-17 11:24:15,10609.7,0
2021-06-17 11:24:16,10610.0,0
2021-06-17 11:24:18,10609.1,0
2021-06-17 11:24:19,10609.45,0
2021-06-17 11:24:25,10609.35,0
2021-06-17 11:24:28,10609.45,0
2021-06-17 11:24:32,10610.05,0
2021-06-17 11:24:34,10609.65,0
2021-06-17 11:24:35,10609.4,0
2021-06-17 11:24:39,10609.65,0
2021-06-17 11:24:42,10609.15,0
2021-06-17 11:24:45,10609.35,0
2021-06-17 11:24:46,10609.75,0
2021-06-17 11:24:47,10609.45,0
2021-06-17 11:24:55,10610.3,0
2021-06-17 11:24:57,10609.85,0
2021-06-17 11:25:02,10609.55,0
2021-06-17 11:25:05,10609.65,0
2021-06-17 11:25:09,10609.8,0
2021-06-17 11:25:13,10611.2,0
2021-06-17 11:25:14,10611.0,0
2021-06-17 11:25:15,10611.1,0
2021-06-17 11:25:16,10611.45,0
2021-06-17 11:25:17,10611.25,0
2021-06-17 11:25:22,10612.65,0
2021-06-17 11:25:25,10613.35,0
2021-06-17 11:25:26,10614.05,0
2021-06-17 11:25:27,10615.05,0
2021-06-17 11:25:30,10614.95,0
2021-06-17 11:25:33,10614.05,0
2021-06-17 11:25:40,10612.75,0
2021-06-17 11:25:45,10614.6,0
2021-06-17 11:25:46,10613.9,0
2021-06-17 11:25:48,10614.6,0
2021-06-17 11:25:54,10614.7,0
2021-06-17 11:25:59,10614.3,0
2021-06-17 11:26:00,10613.8,0
2021-06-17 11:26:01,10614.2,0
2021-06-17 11:26:03,10615.2,0
2021-06-17 11:26:04,10614.75,0
2021-06-17 11:26:05,10613.7,0
2021-06-17 11:26:09,10614.2,0
2021-06-17 11:26:11,10613.45,0
2021-06-17 11:26:14,10613.6,0
2021-06-17 11:26:18,10613.75,0
2021-06-17 11:26:22,10614.4,0
2021-06-17 11:26:25,10614.1,0
2021-06-17 11:26:27,10613.2,0
2021-06-17 11:26:36,10613.9,0
2021-06-17 11:26:37,10613.9,0
2021-06-17 11:26:38,10614.2,0
2021-06-17 11:26:39,10614.25,0
2021-06-17 11:26:42,10613.65,0
2021-06-17 11:26:43,10613.85,0
2021-06-17 11:26:45,10614.0,0
2021-06-17 11:26:48,10613.2,0
2021-06-17 11:26:52,10613.5,0
2021-06-17 11:26:55,10614.0,0
2021-06-17 11:26:56,10613.85,0
2021-06-17 11:26:57,10613.65,0
2021-06-17 11:26:59,10614.4,0
2021-06-17 11:27:02,10613.75,0
2021-06-17 11:27:03,10613.75,0
2021-06-17 11:27:05,10613.25,0
2021-06-17 11:27:07,10611.95,0
2021-06-17 11:27:08,10612.25,0
2021-06-17 11:27:13,10612.7,0
2021-06-17 11:27:14,10612.0,0
2021-06-17 11:27:15,10611.8,0
2021-06-17 11:27:16,10612.5,0
2021-06-17 11:27:17,10612.7,0
2021-06-17 11:27:18,10612.8,0
2021-06-17 11:27:20,10612.75,0
2021-06-17 11:27:24,10613.2,0
2021-06-17 11:27:25,10612.9,0
2021-06-17 11:27:27,10613.05,0
2021-06-17 11:27:28,10613.6,0
2021-06-17 11:27:32,10613.7,0
2021-06-17 11:27:36,10614.15,0
2021-06-17 11:27:39,10614.65,0
2021-06-17 11:27:43,10614.25,0
2021-06-17 11:27:48,10615.15,0
2021-06-17 11:27:51,10615.3,0
2021-06-17 11:27:52,10615.4,0
2021-06-17 11:27:57,10614.8,0
2021-06-17 11:28:02,10615.85,0
2021-06-17 11:28:03,10615.85,0
2021-06-17 11:28:08,10615.55,0
2021-06-17 11:28:09,10615.25,0
2021-06-17 11:28:13,10615.15,0
2021-06-17 11:28:15,10615.4,0
2021-06-17 11:28:16,10614.9,0
2021-06-17 11:28:24,10615.45,0
2021-06-17 11:28:26,10615.05,0
2021-06-17 11:28:27,10614.15,0
2021-06-17 11:28:31,10614.6,0
2021-06-17 11:28:32,10614.35,0
2021-06-17 11:28:33,10613.5,0
2021-06-17 11:28:34,10613.4,0
2021-06-17 11:28:36,10613.05,0
2021-06-17 11:28:37,10613.35,0
2021-06-17 11:28:38,10611.8,0
2021-06-17 11:28:41,10612.7,0
2021-06-17 11:28:42,10611.9,0
2021-06-17 11:28:43,10612.15,0
2021-06-17 11:28:45,10613.0,0
2021-06-17 11:28:46,10612.3,0
2021-06-17 11:28:47,10612.35,0
2021-06-17 11:28:48,10612.4,0
2021-06-17 11:28:51,10610.55,0
2021-06-17 11:28:52,10612.6,0
2021-06-17 11:28:54,10613.2,0
2021-06-17 11:28:56,10613.15,0
2021-06-17 11:28:57,10613.15,0
2021-06-17 11:29:01,10614.35,0
2021-06-17 11:29:03,10613.9,0
2021-06-17 11:29:04,10613.9,0
2021-06-17 11:29:05,10614.5,0
2021-06-17 11:29:06,10614.5,0
2021-06-17 11:29:08,10614.5,0
2021-06-17 11:29:13,10612.75,0
2021-06-17 11:29:14,10613.05,0
2021-06-17 11:29:18,10612.7,0
2021-06-17 11:29:19,10612.6,0
2021-06-17 11:29:24,10612.75,0
2021-06-17 11:29:25,10612.85,0
2021-06-17 11:29:27,10612.35,0
2021-06-17 11:29:30,10613.45,0
2021-06-17 11:29:36,10613.2,0
2021-06-17 11:29:37,10613.35,0
2021-06-17 11:29:40,10613.85,0
2021-06-17 11:29:42,10614.2,0
2021-06-17 11:29:49,10614.15,0
2021-06-17 11:29:50,10614.6,0
2021-06-17 11:29:54,10616.05,0
2021-06-17 11:29:56,10616.15,0
2021-06-17 11:29:57,10615.95,0
2021-06-17 11:30:00,10615.8,0
2021-06-17 11:30:01,10616.05,0
2021-06-17 11:30:04,10614.6,0
2021-06-17 11:30:05,10615.15,0
2021-06-17 11:30:06,10614.3,0
2021-06-17 11:30:08,10615.3,0
2021-06-17 11:30:10,10615.2,0
2021-06-17 11:30:11,10614.5,0
2021-06-17 11:30:13,10614.2,0
2021-06-17 11:30:14,10614.15,0
2021-06-17 11:30:16,10613.95,0
2021-06-17 11:30:17,10614.15,0
2021-06-17 11:30:18,10613.4,0
2021-06-17 11:30:19,10613.95,0
2021-06-17 11:30:20,10613.9,0
2021-06-17 11:30:22,10613.95,0
2021-06-17 11:30:23,10614.65,0
2021-06-17 11:30:24,10618.25,0
2021-06-17 11:30:26,10619.55,0
2021-06-17 11:30:28,10619.75,0
2021-06-17 11:30:30,10619.0,0
2021-06-17 11:30:32,10617.5,0
2021-06-17 11:30:33,10616.5,0
2021-06-17 11:30:34,10616.65,0
2021-06-17 11:30:36,10615.4,0
2021-06-17 11:30:42,10613.65,0
2021-06-17 11:30:43,10614.75,0
2021-06-17 11:30:44,10615.45,0
2021-06-17 11:30:45,10615.4,0
2021-06-17 11:30:46,10616.35,0
2021-06-17 11:30:47,10615.95,0
2021-06-17 11:30:48,10616.2,0
2021-06-17 11:30:49,10616.45,0
2021-06-17 11:30:50,10616.15,0
2021-06-17 11:30:51,10615.8,0
2021-06-17 11:30:52,10615.65,0
2021-06-17 11:30:53,10616.1,0
2021-06-17 11:30:54,10615.05,0
2021-06-17 11:30:56,10616.35,0
2021-06-17 11:30:57,10615.9,0
2021-06-17 11:30:58,10616.95,0
2021-06-17 11:31:00,10615.35,0
2021-06-17 11:31:03,10612.95,0
2021-06-17 11:31:04,10613.55,0
2021-06-17 11:31:08,10613.75,0
2021-06-17 11:31:15,10612.45,0
2021-06-17 11:31:16,10612.75,0
2021-06-17 11:31:21,10612.95,0
2021-06-17 11:31:26,10612.75,0
2021-06-17 11:31:27,10612.45,0
2021-06-17 11:31:28,10612.95,0
2021-06-17 11:31:29,10613.2,0
2021-06-17 11:31:30,10613.1,0
2021-06-17 11:31:31,10613.4,0
2021-06-17 11:31:35,10613.45,0
2021-06-17 11:31:36,10613.35,0
2021-06-17 11:31:37,10612.85,0
2021-06-17 11:31:39,10612.6,0
2021-06-17 11:31:41,10612.5,0
2021-06-17 11:31:42,10612.65,0
2021-06-17 11:31:50,10614.55,0
2021-06-17 11:31:51,10614.6,0
2021-06-17 11:31:52,10613.9,0
2021-06-17 11:32:00,10612.0,0
2021-06-17 11:32:01,10612.7,0
2021-06-17 11:32:05,10612.55,0
2021-06-17 11:32:06,10612.2,0
2021-06-17 11:32:07,10612.7,0
2021-06-17 11:32:08,10612.05,0
2021-06-17 11:32:10,10612.25,0
2021-06-17 11:32:11,10612.3,0
2021-06-17 11:32:12,10612.95,0
2021-06-17 11:32:17,10613.6,0
2021-06-17 11:32:21,10613.25,0
2021-06-17 11:32:22,10613.7,0
2021-06-17 11:32:27,10613.4,0
2021-06-17 11:32:28,10612.5,0
2021-06-17 11:32:30,10612.85,0
2021-06-17 11:32:32,10613.0,0
2021-06-17 11:32:42,10613.95,0
2021-06-17 11:32:45,10613.15,0
2021-06-17 11:32:46,10612.4,0
2021-06-17 11:32:53,10613.9,0
2021-06-17 11:32:54,10613.55,0
2021-06-17 11:32:55,10613.3,0
2021-06-17 11:32:56,10613.7,0
2021-06-17 11:32:58,10613.95,0
2021-06-17 11:32:59,10613.95,0
2021-06-17 11:33:00,10613.65,0
2021-06-17 11:33:02,10614.05,0
2021-06-17 11:33:04,10613.6,0
2021-06-17 11:33:06,10614.35,0
2021-06-17 11:33:08,10615.3,0
2021-06-17 11:33:10,10614.75,0
2021-06-17 11:33:11,10615.3,0
2021-06-17 11:33:17,10616.4,0
2021-06-17 11:33:18,10616.2,0
2021-06-17 11:33:19,10616.85,0
2021-06-17 11:33:20,10616.3,0
2021-06-17 11:33:23,10615.65,0
2021-06-17 11:33:27,10615.7,0
2021-06-17 11:33:28,10615.45,0
2021-06-17 11:33:31,10614.9,0
2021-06-17 11:33:32,10615.05,0
2021-06-17 11:33:35,10615.5,0
2021-06-17 11:33:36,10615.05,0
2021-06-17 11:33:40,10614.3,0
2021-06-17 11:33:42,10614.35,0
2021-06-17 11:33:43,10615.45,0
2021-06-17 11:33:47,10615.05,0
2021-06-17 11:34:03,10615.1,0
2021-06-17 11:34:05,10614.35,0
2021-06-17 11:34:07,10614.9,0
2021-06-17 11:34:12,10615.1,0
2021-06-17 11:34:13,10616.1,0
2021-06-17 11:34:18,10616.1,0
2021-06-17 11:34:19,10615.9,0
2021-06-17 11:34:24,10614.35,0
2021-06-17 11:34:25,10614.8,0
2021-06-17 11:34:26,10614.7,0
2021-06-17 11:34:28,10614.1,0
2021-06-17 11:34:32,10612.5,0
2021-06-17 11:34:34,10612.85,0
2021-06-17 11:34:40,10612.75,0
2021-06-17 11:34:41,10611.7,0
2021-06-17 11:34:54,10609.0,0
2021-06-17 11:34:55,10608.5,0
2021-06-17 11:34:58,10608.95,0
2021-06-17 11:35:02,10607.4,0
2021-06-17 11:35:06,10604.85,0
2021-06-17 11:35:08,10606.4,0
2021-06-17 11:35:09,10606.1,0
2021-06-17 11:35:10,10607.2,0
2021-06-17 11:35:11,10607.25,0
2021-06-17 11:35:16,10605.55,0
2021-06-17 11:35:19,10606.3,0
2021-06-17 11:35:23,10604.5,0
2021-06-17 11:35:24,10605.05,0
2021-06-17 11:35:28,10606.5,0
2021-06-17 11:35:29,10606.7,0
2021-06-17 11:35:33,10606.35,0
2021-06-17 11:35:38,10607.0,0
2021-06-17 11:35:39,10607.75,0
2021-06-17 11:35:42,10608.55,0
2021-06-17 11:35:43,10609.2,0
2021-06-17 11:35:44,10608.0,0
2021-06-17 11:35:47,10608.25,0
2021-06-17 11:35:51,10607.8,0
2021-06-17 11:35:55,10609.55,0
2021-06-17 11:35:56,10609.55,0
2021-06-17 11:35:58,10610.5,0
2021-06-17 11:36:06,10608.75,0
2021-06-17 11:36:07,10609.1,0
2021-06-17 11:36:09,10608.45,0
2021-06-17 11:36:10,10609.1,0
2021-06-17 11:36:13,10609.8,0
2021-06-17 11:36:17,10609.5,0
2021-06-17 11:36:18,10609.45,0
2021-06-17 11:36:21,10609.55,0
2021-06-17 11:36:24,10609.35,0
2021-06-17 11:36:25,10609.4,0
2021-06-17 11:36:30,10610.25,0
2021-06-17 11:36:32,10610.5,0
2021-06-17 11:36:33,10610.0,0
2021-06-17 11:36:34,10610.3,0
2021-06-17 11:36:39,10610.15,0
2021-06-17 11:36:44,10611.05,0
2021-06-17 11:36:45,10610.4,0
2021-06-17 11:36:46,10610.3,0
2021-06-17 11:36:47,10610.75,0
2021-06-17 11:36:48,10610.85,0
2021-06-17 11:36:51,10610.4,0
2021-06-17 11:36:52,10610.9,0
2021-06-17 11:36:53,10610.75,0
2021-06-17 11:36:55,10610.45,0
2021-06-17 11:36:58,10610.8,0
2021-06-17 11:36:59,10610.75,0
2021-06-17 11:37:00,10609.15,0
2021-06-17 11:37:01,10609.4,0
2021-06-17 11:37:02,10609.7,0
2021-06-17 11:37:05,10609.55,0
2021-06-17 11:37:06,10610.5,0
2021-06-17 11:37:07,10609.75,0
2021-06-17 11:37:08,10610.55,0
2021-06-17 11:37:11,10609.95,0
2021-06-17 11:37:12,10610.3,0
2021-06-17 11:37:16,10610.65,0
2021-06-17 11:37:17,10610.5,0
2021-06-17 11:37:18,10610.65,0
2021-06-17 11:37:21,10611.15,0
2021-06-17 11:37:25,10610.75,0
2021-06-17 11:37:26,10610.55,0
2021-06-17 11:37:28,10610.95,0
2021-06-17 11:37:29,10611.7,0
2021-06-17 11:37:30,10612.1,0
2021-06-17 11:37:37,10612.95,0
2021-06-17 11:37:38,10613.7,0
2021-06-17 11:37:46,10612.6,0
2021-06-17 11:37:48,10611.4,0
2021-06-17 11:37:50,10612.55,0
2021-06-17 11:37:52,10612.35,0
2021-06-17 11:37:53,10612.4,0
2021-06-17 11:38:03,10610.05,0
2021-06-17 11:38:09,10609.5,0
2021-06-17 11:38:13,10608.3,0
2021-06-17 11:38:15,10607.45,0
2021-06-17 11:38:21,10603.4,0
2021-06-17 11:38:28,10602.3,0
2021-06-17 11:38:34,10600.6,0
2021-06-17 11:38:37,10601.3,0
2021-06-17 11:38:38,10601.55,0
2021-06-17 11:38:43,10602.65,0
2021-06-17 11:38:47,10603.5,0
2021-06-17 11:38:48,10604.7,0
2021-06-17 11:38:51,10604.6,0
2021-06-17 11:38:54,10603.9,0
2021-06-17 11:38:57,10604.6,0
2021-06-17 11:38:58,10604.8,0
2021-06-17 11:38:59,10605.2,0
2021-06-17 11:39:05,10604.6,0
2021-06-17 11:39:08,10604.4,0
2021-06-17 11:39:09,10604.1,0
2021-06-17 11:39:10,10603.1,0
2021-06-17 11:39:13,10603.8,0
2021-06-17 11:39:16,10603.85,0
2021-06-17 11:39:23,10604.3,0
2021-06-17 11:39:30,10604.95,0
2021-06-17 11:39:33,10603.2,0
2021-06-17 11:39:36,10604.8,0
2021-06-17 11:39:42,10602.65,0
2021-06-17 11:39:43,10603.7,0
2021-06-17 11:39:44,10603.05,0
2021-06-17 11:39:45,10602.5,0
2021-06-17 11:39:47,10601.4,0
2021-06-17 11:39:48,10603.05,0
2021-06-17 11:39:49,10602.9,0
2021-06-17 11:39:55,10602.0,0
2021-06-17 11:39:56,10601.85,0
2021-06-17 11:39:57,10601.55,0
2021-06-17 11:39:59,10602.75,0
2021-06-17 11:40:06,10601.5,0
2021-06-17 11:40:13,10600.9,0
2021-06-17 11:40:16,10601.85,0
2021-06-17 11:40:17,10601.2,0
2021-06-17 11:40:20,10602.4,0
2021-06-17 11:40:26,10600.05,0
2021-06-17 11:40:39,10603.5,0
2021-06-17 11:40:43,10604.25,0
2021-06-17 11:40:45,10604.6,0
2021-06-17 11:40:46,10604.55,0
2021-06-17 11:40:47,10603.2,0
2021-06-17 11:40:48,10603.75,0
2021-06-17 11:40:49,10603.9,0
2021-06-17 11:40:59,10605.4,0
2021-06-17 11:41:00,10605.95,0
2021-06-17 11:41:02,10605.0,0
2021-06-17 11:41:04,10605.6,0
2021-06-17 11:41:06,10604.8,0
2021-06-17 11:41:09,10604.45,0
2021-06-17 11:41:10,10605.4,0
2021-06-17 11:41:11,10605.15,0
2021-06-17 11:41:12,10604.75,0
2021-06-17 11:41:14,10604.8,0
2021-06-17 11:41:19,10603.65,0
2021-06-17 11:41:20,10603.5,0
2021-06-17 11:41:21,10604.95,0
2021-06-17 11:41:24,10605.05,0
2021-06-17 11:41:25,10605.3,0
2021-06-17 11:41:26,10604.45,0
2021-06-17 11:41:27,10604.5,0
2021-06-17 11:41:29,10603.9,0
2021-06-17 11:41:30,10604.0,0
2021-06-17 11:41:35,10604.15,0
2021-06-17 11:41:43,10604.05,0
2021-06-17 11:41:47,10604.65,0
2021-06-17 11:41:52,10605.8,0
2021-06-17 11:41:55,10605.4,0
2021-06-17 11:41:58,10604.45,0
2021-06-17 11:42:02,10605.65,0
2021-06-17 11:42:03,10605.2,0
2021-06-17 11:42:07,10604.55,0
2021-06-17 11:42:08,10604.0,0
2021-06-17 11:42:09,10604.6,0
2021-06-17 11:42:10,10605.2,0
2021-06-17 11:42:11,10605.15,0
2021-06-17 11:42:12,10605.0,0
2021-06-17 11:42:14,10605.4,0
2021-06-17 11:42:15,10605.5,0
2021-06-17 11:42:16,10605.7,0
2021-06-17 11:42:18,10605.85,0
2021-06-17 11:42:21,10605.4,0
2021-06-17 11:42:22,10605.4,0
2021-06-17 11:42:23,10605.3,0
2021-06-17 11:42:31,10604.5,0
2021-06-17 11:42:40,10605.25,0
2021-06-17 11:42:41,10605.5,0
2021-06-17 11:42:43,10605.6,0
2021-06-17 11:42:44,10605.0,0
2021-06-17 11:42:45,10604.65,0
2021-06-17 11:42:47,10605.3,0
2021-06-17 11:42:49,10605.35,0
2021-06-17 11:42:53,10605.75,0
2021-06-17 11:42:54,10605.8,0
2021-06-17 11:42:55,10604.45,0
2021-06-17 11:42:57,10605.4,0
2021-06-17 11:42:59,10604.75,0
2021-06-17 11:43:00,10605.7,0
2021-06-17 11:43:01,10604.0,0
2021-06-17 11:43:05,10605.7,0
2021-06-17 11:43:06,10606.0,0
2021-06-17 11:43:13,10606.65,0
2021-06-17 11:43:15,10607.5,0
2021-06-17 11:43:19,10607.35,0
2021-06-17 11:43:23,10606.8,0
2021-06-17 11:43:26,10606.55,0
2021-06-17 11:43:31,10606.4,0
2021-06-17 11:43:34,10605.7,0
2021-06-17 11:43:37,10606.55,0
