timestamp,ltp,volume
2021-06-17 09:19:36,18273.45,0
2021-06-17 09:19:51,18275.25,0
2021-06-17 09:19:54,18272.55,0
2021-06-17 09:19:56,18265.45,0
2021-06-17 09:19:58,18269.45,0
2021-06-17 09:20:00,18270.7,0
2021-06-17 09:20:05,18272.45,0
2021-06-17 09:20:10,18270.55,0
2021-06-17 09:20:11,18269.45,0
2021-06-17 09:20:15,18271.0,0
2021-06-17 09:20:17,18274.7,0
2021-06-17 09:20:18,18274.35,0
2021-06-17 09:20:31,18272.6,0
2021-06-17 09:20:42,18268.4,0
2021-06-17 09:20:54,18262.8,0
2021-06-17 09:20:56,18261.4,0
2021-06-17 09:21:01,18260.2,0
2021-06-17 09:21:04,18262.95,0
2021-06-17 09:21:05,18264.3,0
2021-06-17 09:21:11,18266.6,0
2021-06-17 09:21:13,18269.45,0
2021-06-17 09:21:16,18268.8,0
2021-06-17 09:21:22,18268.0,0
2021-06-17 09:21:24,18266.85,0
2021-06-17 09:21:32,18256.85,0
2021-06-17 09:21:37,18257.5,0
2021-06-17 09:21:38,18255.65,0
2021-06-17 09:21:46,18259.2,0
2021-06-17 09:21:53,18260.0,0
2021-06-17 09:22:01,18256.0,0
2021-06-17 09:22:05,18256.3,0
2021-06-17 09:22:08,18256.35,0
2021-06-17 09:22:09,18253.6,0
2021-06-17 09:22:11,18251.4,0
2021-06-17 09:22:12,18252.75,0
2021-06-17 09:22:15,18255.3,0
2021-06-17 09:22:18,18257.15,0
2021-06-17 09:22:19,18254.6,0
2021-06-17 09:22:23,18255.8,0
2021-06-17 09:22:24,18259.5,0
2021-06-17 09:22:27,18259.2,0
2021-06-17 09:22:31,18262.05,0
2021-06-17 09:22:32,18263.3,0
2021-06-17 09:22:40,18258.15,0
2021-06-17 09:22:44,18259.95,0
2021-06-17 09:22:48,18260.3,0
2021-06-17 09:22:51,18257.95,0
2021-06-17 09:22:56,18263.35,0
2021-06-17 09:23:02,18262.95,0
2021-06-17 09:23:08,18267.05,0
2021-06-17 09:23:10,18266.35,0
2021-06-17 09:23:12,18267.55,0
2021-06-17 09:23:14,18266.9,0
2021-06-17 09:23:16,18267.95,0
2021-06-17 09:23:17,18265.6,0
2021-06-17 09:23:19,18268.55,0
2021-06-17 09:23:21,18264.65,0
2021-06-17 09:23:23,18267.15,0
2021-06-17 09:23:25,18266.35,0
2021-06-17 09:23:31,18265.2,0
2021-06-17 09:23:39,18264.15,0
2021-06-17 09:23:40,18265.1,0
2021-06-17 09:23:41,18265.25,0
2021-06-17 09:23:47,18267.9,0
2021-06-17 09:23:49,18271.3,0
2021-06-17 09:23:52,18272.65,0
2021-06-17 09:23:56,18272.9,0
2021-06-17 09:23:57,18268.75,0
2021-06-17 09:23:59,18270.7,0
2021-06-17 09:24:08,18271.95,0
2021-06-17 09:24:15,18274.2,0
2021-06-17 09:24:16,18274.4,0
2021-06-17 09:24:17,18274.35,0
2021-06-17 09:24:19,18272.7,0
2021-06-17 09:24:28,18282.95,0
2021-06-17 09:24:30,18282.55,0
2021-06-17 09:24:31,18287.85,0
2021-06-17 09:24:33,18286.75,0
2021-06-17 09:24:34,18286.7,0
2021-06-17 09:24:37,18283.75,0
2021-06-17 09:24:38,18285.35,0
2021-06-17 09:24:40,18288.0,0
2021-06-17 09:24:45,18287.05,0
2021-06-17 09:24:48,18289.95,0
2021-06-17 09:24:51,18292.55,0
2021-06-17 09:24:56,18292.3,0
2021-06-17 09:25:01,18294.8,0
2021-06-17 09:25:02,18297.4,0
2021-06-17 09:25:09,18288.2,0
2021-06-17 09:25:12,18290.6,0
2021-06-17 09:25:14,18289.7,0
2021-06-17 09:25:21,18289.2,0
2021-06-17 09:25:34,18286.35,0
2021-06-17 09:25:36,18287.75,0
2021-06-17 09:25:37,18285.4,0
2021-06-17 09:25:40,18286.55,0
2021-06-17 09:25:41,18287.35,0
2021-06-17 09:25:48,18290.6,0
2021-06-17 09:25:52,18281.85,0
2021-06-17 09:25:53,18285.55,0
2021-06-17 09:25:58,18276.95,0
2021-06-17 09:26:00,18278.8,0
2021-06-17 09:26:06,18279.95,0
2021-06-17 09:26:07,18280.1,0
2021-06-17 09:26:10,18277.15,0
2021-06-17 09:26:14,18278.0,0
2021-06-17 09:26:19,18276.95,0
2021-06-17 09:26:23,18274.85,0
2021-06-17 09:26:24,18277.0,0
2021-06-17 09:26:29,18281.6,0
2021-06-17 09:26:39,18283.8,0
2021-06-17 09:26:48,18284.8,0
2021-06-17 09:26:50,18285.95,0
2021-06-17 09:26:59,18288.6,0
2021-06-17 09:27:00,18287.7,0
2021-06-17 09:27:04,18288.65,0
2021-06-17 09:27:06,18290.3,0
2021-06-17 09:27:10,18290.1,0
2021-06-17 09:27:16,18288.65,0
2021-06-17 09:27:18,18288.35,0
2021-06-17 09:27:19,18290.45,0
2021-06-17 09:27:22,18288.6,0
2021-06-17 09:27:23,18289.8,0
2021-06-17 09:27:25,18290.05,0
2021-06-17 09:27:26,18289.55,0
2021-06-17 09:27:28,18289.9,0
2021-06-17 09:27:30,18291.2,0
2021-06-17 09:27:35,18292.2,0
2021-06-17 09:27:37,18290.0,0
2021-06-17 09:27:39,18288.5,0
2021-06-17 09:27:46,18290.6,0
2021-06-17 09:27:51,18287.95,0
2021-06-17 09:27:55,18292.25,0
2021-06-17 09:28:03,18292.05,0
2021-06-17 09:28:06,18293.5,0
2021-06-17 09:28:09,18293.6,0
2021-06-17 09:28:13,18289.65,0
2021-06-17 09:28:14,18290.65,0
2021-06-17 09:28:15,18292.1,0
2021-06-17 09:28:16,18291.75,0
2021-06-17 09:28:23,18292.45,0
2021-06-17 09:28:30,18290.45,0
2021-06-17 09:28:34,18294.85,0
2021-06-17 09:28:37,18292.1,0
2021-06-17 09:28:51,18294.3,0
2021-06-17 09:28:55,18292.9,0
2021-06-17 09:28:57,18295.15,0
2021-06-17 09:28:59,18295.1,0
2021-06-17 09:29:03,18296.6,0
2021-06-17 09:29:06,18294.4,0
2021-06-17 09:29:07,18294.6,0
2021-06-17 09:29:16,18296.25,0
2021-06-17 09:29:29,18298.45,0
2021-06-17 09:29:40,18303.6,0
2021-06-17 09:29:46,18301.85,0
2021-06-17 09:29:47,18303.05,0
2021-06-17 09:29:48,18301.45,0
2021-06-17 09:29:49,18299.15,0
2021-06-17 09:29:50,18299.85,0
2021-06-17 09:30:00,18306.45,0
2021-06-17 09:30:02,18307.85,0
2021-06-17 09:30:17,18317.95,0
2021-06-17 09:30:21,18315.35,0
2021-06-17 09:30:22,18313.65,0
2021-06-17 09:30:27,18313.4,0
2021-06-17 09:30:28,18317.5,0
2021-06-17 09:30:33,18311.6,0
2021-06-17 09:30:34,18312.55,0
2021-06-17 09:30:35,18311.35,0
2021-06-17 09:30:41,18309.85,0
2021-06-17 09:30:42,18309.35,0
2021-06-17 09:30:55,18296.05,0
2021-06-17 09:30:57,18296.8,0
2021-06-17 09:31:04,18297.05,0
2021-06-17 09:31:10,18295.25,0
2021-06-17 09:31:11,18295.6,0
2021-06-17 09:31:12,18297.1,0
2021-06-17 09:31:20,18291.7,0
2021-06-17 09:31:29,18289.6,0
2021-06-17 09:31:32,18288.6,0
2021-06-17 09:31:37,18284.95,0
2021-06-17 09:31:42,18286.95,0
2021-06-17 09:31:50,18291.2,0
2021-06-17 09:31:56,18293.05,0
2021-06-17 09:32:02,18293.55,0
2021-06-17 09:32:03,18294.0,0
2021-06-17 09:32:05,18294.5,0
2021-06-17 09:32:06,18293.55,0
2021-06-17 09:32:07,18290.95,0
2021-06-17 09:32:09,18294.2,0
2021-06-17 09:32:15,18296.2,0
2021-06-17 09:32:17,18292.95,0
2021-06-17 09:32:18,18295.35,0
2021-06-17 09:32:20,18296.2,0
2021-06-17 09:32:24,18297.85,0
2021-06-17 09:32:29,18304.25,0
2021-06-17 09:32:31,18305.65,0
2021-06-17 09:32:36,18305.4,0
2021-06-17 09:32:35,18306.85,0
2021-06-17 09:32:48,18304.9,0
2021-06-17 09:32:52,18302.3,0
2021-06-17 09:33:03,18301.3,0
2021-06-17 09:33:06,18301.15,0
2021-06-17 09:33:17,18298.6,0
2021-06-17 09:33:22,18298.35,0
2021-06-17 09:33:27,18299.0,0
2021-06-17 09:33:37,18298.85,0
2021-06-17 09:33:41,18292.75,0
2021-06-17 09:33:49,18290.85,0
2021-06-17 09:33:50,18291.0,0
2021-06-17 09:33:51,18293.0,0
2021-06-17 09:34:06,18293.7,0
2021-06-17 09:34:09,18294.15,0
2021-06-17 09:34:20,18290.7,0
2021-06-17 09:34:26,18295.65,0
2021-06-17 09:34:27,18296.15,0
2021-06-17 09:34:28,18297.15,0
2021-06-17 09:34:29,18296.95,0
2021-06-17 09:34:31,18298.1,0
2021-06-17 09:34:43,18291.75,0
2021-06-17 09:34:45,18289.4,0
2021-06-17 09:34:47,18291.75,0
2021-06-17 09:34:49,18291.95,0
2021-06-17 09:34:56,18289.8,0
2021-06-17 09:34:58,18291.05,0
2021-06-17 09:35:00,18288.3,0
2021-06-17 09:35:01,18287.0,0
2021-06-17 09:35:03,18288.15,0
2021-06-17 09:35:04,18287.0,0
2021-06-17 09:35:08,18289.25,0
2021-06-17 09:35:12,18292.5,0
2021-06-17 09:35:17,18294.8,0
2021-06-17 09:35:34,18292.3,0
2021-06-17 09:35:35,18291.85,0
2021-06-17 09:35:36,18289.1,0
2021-06-17 09:35:37,18291.2,0
2021-06-17 09:35:42,18290.35,0
2021-06-17 09:35:47,18291.95,0
2021-06-17 09:35:48,18291.9,0
2021-06-17 09:36:08,18291.0,0
2021-06-17 09:36:09,18290.4,0
2021-06-17 09:36:11,18292.1,0
2021-06-17 09:36:12,18291.6,0
2021-06-17 09:36:13,18293.15,0
2021-06-17 09:36:31,18290.8,0
2021-06-17 09:36:32,18289.1,0
2021-06-17 09:36:34,18291.25,0
2021-06-17 09:36:43,18288.65,0
2021-06-17 09:36:45,18286.5,0
2021-06-17 09:36:47,18287.45,0
2021-06-17 09:37:05,18283.15,0
2021-06-17 09:37:08,18289.7,0
2021-06-17 09:37:12,18291.1,0
2021-06-17 09:37:13,18292.6,0
2021-06-17 09:37:15,18290.5,0
2021-06-17 09:37:17,18291.1,0
2021-06-17 09:37:18,18290.6,0
2021-06-17 09:37:19,18290.7,0
2021-06-17 09:37:20,18290.0,0
2021-06-17 09:37:21,18289.6,0
2021-06-17 09:37:23,18290.6,0
2021-06-17 09:37:24,18290.4,0
2021-06-17 09:37:30,18293.5,0
2021-06-17 09:37:34,18293.5,0
2021-06-17 09:37:41,18287.1,0
2021-06-17 09:37:45,18288.55,0
2021-06-17 09:37:47,18286.9,0
2021-06-17 09:37:51,18286.8,0
2021-06-17 09:37:53,18289.8,0
2021-06-17 09:37:54,18287.35,0
2021-06-17 09:37:57,18289.1,0
2021-06-17 09:38:00,18288.85,0
2021-06-17 09:38:03,18291.65,0
2021-06-17 09:38:05,18293.75,0
2021-06-17 09:38:15,18288.05,0
2021-06-17 09:38:19,18289.65,0
2021-06-17 09:38:28,18286.55,0
2021-06-17 09:38:31,18287.45,0
2021-06-17 09:38:34,18288.85,0
2021-06-17 09:38:45,18287.95,0
2021-06-17 09:38:46,18287.75,0
2021-06-17 09:38:49,18287.6,0
2021-06-17 09:38:50,18290.35,0
2021-06-17 09:38:56,18292.15,0
2021-06-17 09:38:57,18291.45,0
2021-06-17 09:39:03,18291.8,0
2021-06-17 09:39:09,18289.6,0
2021-06-17 09:39:13,18289.35,0
2021-06-17 09:39:15,18288.8,0
2021-06-17 09:39:18,18289.85,0
2021-06-17 09:39:20,18289.35,0
2021-06-17 09:39:24,18288.1,0
2021-06-17 09:39:29,18289.6,0
2021-06-17 09:39:30,18289.55,0
2021-06-17 09:39:32,18289.8,0
2021-06-17 09:39:33,18288.4,0
2021-06-17 09:39:37,18291.25,0
2021-06-17 09:39:38,18291.55,0
2021-06-17 09:39:41,18290.2,0
2021-06-17 09:39:43,18294.25,0
2021-06-17 09:39:58,18289.8,0
2021-06-17 09:39:59,18288.95,0
2021-06-17 09:40:04,18287.4,0
2021-06-17 09:40:06,18288.0,0
2021-06-17 09:40:09,18288.65,0
2021-06-17 09:40:10,18288.3,0
2021-06-17 09:40:12,18285.7,0
2021-06-17 09:40:21,18284.9,0
2021-06-17 09:40:25,18288.95,0
2021-06-17 09:40:31,18288.2,0
2021-06-17 09:40:33,18288.0,0
2021-06-17 09:40:35,18287.5,0
2021-06-17 09:40:36,18287.75,0
2021-06-17 09:40:37,18288.45,0
2021-06-17 09:40:38,18287.65,0
2021-06-17 09:40:42,18288.7,0
2021-06-17 09:40:44,18288.2,0
2021-06-17 09:40:47,18287.6,0
2021-06-17 09:40:54,18284.3,0
2021-06-17 09:40:55,18284.3,0
2021-06-17 09:40:57,18284.25,0
2021-06-17 09:40:59,18286.2,0
2021-06-17 09:41:01,18286.5,0
2021-06-17 09:41:04,18286.55,0
2021-06-17 09:41:06,18284.7,0
2021-06-17 09:41:07,18286.25,0
2021-06-17 09:41:12,18286.2,0
2021-06-17 09:41:16,18284.25,0
2021-06-17 09:41:17,18285.65,0
2021-06-17 09:41:19,18288.0,0
2021-06-17 09:41:21,18289.9,0
2021-06-17 09:41:24,18290.3,0
2021-06-17 09:41:26,18291.35,0
2021-06-17 09:41:27,18290.05,0
2021-06-17 09:41:28,18289.3,0
2021-06-17 09:41:30,18291.6,0
2021-06-17 09:41:31,18291.35,0
2021-06-17 09:41:32,18290.9,0
2021-06-17 09:41:34,18292.8,0
2021-06-17 09:41:40,18294.15,0
2021-06-17 09:41:43,18291.1,0
2021-06-17 09:41:54,18295.9,0
2021-06-17 09:41:57,18297.95,0
2021-06-17 09:42:00,18291.0,0
2021-06-17 09:42:02,18294.05,0
2021-06-17 09:42:05,18291.95,0
2021-06-17 09:42:19,18297.5,0
2021-06-17 09:42:29,18301.85,0
2021-06-17 09:42:31,18302.3,0
2021-06-17 09:42:38,18300.85,0
2021-06-17 09:42:46,18300.0,0
2021-06-17 09:42:50,18300.05,0
2021-06-17 09:42:57,18298.35,0
2021-06-17 09:43:02,18298.55,0
2021-06-17 09:43:11,18304.95,0
2021-06-17 09:43:13,18304.15,0
2021-06-17 09:43:16,18304.35,0
2021-06-17 09:43:17,18303.35,0
2021-06-17 09:43:18,18298.5,0
2021-06-17 09:43:20,18302.55,0
2021-06-17 09:43:23,18301.1,0
2021-06-17 09:43:25,18296.85,0
2021-06-17 09:43:33,18296.8,0
2021-06-17 09:43:35,18301.6,0
2021-06-17 09:43:43,18302.85,0
2021-06-17 09:43:44,18303.35,0
2021-06-17 09:43:47,18302.9,0
2021-06-17 09:43:52,18305.05,0
2021-06-17 09:43:53,18303.9,0
2021-06-17 09:43:56,18303.7,0
2021-06-17 09:44:05,18307.0,0
2021-06-17 09:44:10,18307.3,0
2021-06-17 09:44:13,18308.15,0
2021-06-17 09:44:21,18305.8,0
2021-06-17 09:44:24,18307.05,0
2021-06-17 09:44:28,18306.25,0
2021-06-17 09:44:30,18305.55,0
2021-06-17 09:44:37,18306.6,0
2021-06-17 09:44:43,18310.0,0
2021-06-17 09:44:54,18314.25,0
2021-06-17 09:45:05,18313.95,0
2021-06-17 09:45:12,18309.85,0
2021-06-17 09:45:15,18311.9,0
2021-06-17 09:45:19,18308.65,0
2021-06-17 09:45:34,18305.35,0
2021-06-17 09:45:45,18302.7,0
2021-06-17 09:45:50,18303.25,0
2021-06-17 09:45:52,18302.3,0
2021-06-17 09:45:54,18303.0,0
2021-06-17 09:45:57,18300.4,0
2021-06-17 09:46:04,18301.75,0
2021-06-17 09:46:08,18303.0,0
2021-06-17 09:46:10,18302.9,0
2021-06-17 09:46:15,18303.35,0
2021-06-17 09:46:25,18305.7,0
2021-06-17 09:46:26,18307.45,0
2021-06-17 09:46:33,18307.1,0
2021-06-17 09:46:36,18308.95,0
2021-06-17 09:46:37,18307.95,0
2021-06-17 09:46:38,18306.8,0
2021-06-17 09:46:39,18310.75,0
2021-06-17 09:46:40,18311.05,0
2021-06-17 09:46:42,18309.25,0
2021-06-17 09:46:43,18311.9,0
2021-06-17 09:46:46,18311.5,0
2021-06-17 09:46:53,18309.95,0
2021-06-17 09:46:59,18312.0,0
2021-06-17 09:47:04,18310.75,0
2021-06-17 09:47:05,18310.65,0
2021-06-17 09:47:06,18312.35,0
2021-06-17 09:47:16,18308.9,0
2021-06-17 09:47:27,18312.3,0
2021-06-17 09:47:28,18315.0,0
2021-06-17 09:47:31,18314.6,0
2021-06-17 09:47:34,18317.95,0
2021-06-17 09:47:48,18315.75,0
2021-06-17 09:47:49,18316.05,0
2021-06-17 09:47:53,18314.2,0
2021-06-17 09:47:54,18314.85,0
2021-06-17 09:47:56,18312.0,0
2021-06-17 09:48:06,18314.4,0
2021-06-17 09:48:17,18309.35,0
2021-06-17 09:48:18,18310.9,0
2021-06-17 09:48:19,18312.15,0
2021-06-17 09:48:26,18314.5,0
2021-06-17 09:48:27,18314.55,0
2021-06-17 09:48:30,18312.5,0
2021-06-17 09:48:31,18312.95,0
2021-06-17 09:48:34,18312.95,0
2021-06-17 09:48:37,18311.9,0
2021-06-17 09:48:43,18312.2,0
2021-06-17 09:48:44,18310.2,0
2021-06-17 09:48:50,18308.4,0
2021-06-17 09:48:53,18307.15,0
2021-06-17 09:48:55,18309.5,0
2021-06-17 09:49:08,18306.95,0
2021-06-17 09:49:13,18305.85,0
2021-06-17 09:49:15,18304.05,0
2021-06-17 09:49:18,18301.9,0
2021-06-17 09:49:20,18301.65,0
2021-06-17 09:49:21,18299.6,0
2021-06-17 09:49:28,18301.3,0
2021-06-17 09:49:35,18301.0,0
2021-06-17 09:49:37,18296.55,0
2021-06-17 09:49:42,18298.8,0
2021-06-17 09:49:43,18297.75,0
2021-06-17 09:49:48,18301.3,0
2021-06-17 09:49:50,18299.25,0
2021-06-17 09:50:05,18299.0,0
2021-06-17 09:50:07,18302.95,0
2021-06-17 09:50:09,18303.0,0
2021-06-17 09:50:10,18303.25,0
2021-06-17 09:50:16,18300.5,0
2021-06-17 09:50:19,18300.1,0
2021-06-17 09:50:20,18301.1,0
2021-06-17 09:50:22,18303.9,0
2021-06-17 09:50:24,18303.8,0
2021-06-17 09:50:28,18301.9,0
2021-06-17 09:50:36,18305.95,0
2021-06-17 09:50:40,18302.65,0
2021-06-17 09:50:43,18301.4,0
2021-06-17 09:50:45,18302.6,0
2021-06-17 09:50:52,18301.45,0
2021-06-17 09:50:53,18298.65,0
2021-06-17 09:50:55,18296.4,0
2021-06-17 09:50:57,18300.5,0
2021-06-17 09:51:02,18297.15,0
2021-06-17 09:51:06,18299.0,0
2021-06-17 09:51:07,18297.8,0
2021-06-17 09:51:10,18297.4,0
2021-06-17 09:51:13,18295.55,0
2021-06-17 09:51:14,18295.8,0
2021-06-17 09:51:15,18298.05,0
2021-06-17 09:51:19,18292.65,0
2021-06-17 09:51:20,18289.5,0
2021-06-17 09:51:21,18290.4,0
2021-06-17 09:51:29,18291.85,0
2021-06-17 09:51:31,18290.6,0
2021-06-17 09:51:35,18292.0,0
2021-06-17 09:51:38,18292.3,0
2021-06-17 09:51:42,18291.9,0
2021-06-17 09:51:59,18292.45,0
2021-06-17 09:52:01,18290.7,0
2021-06-17 09:52:03,18292.3,0
2021-06-17 09:52:06,18291.75,0
2021-06-17 09:52:13,18292.85,0
2021-06-17 09:52:16,18291.3,0
2021-06-17 09:52:18,18296.2,0
2021-06-17 09:52:25,18295.6,0
2021-06-17 09:52:28,18297.75,0
2021-06-17 09:52:31,18298.2,0
2021-06-17 09:52:33,18298.35,0
2021-06-17 09:52:35,18295.8,0
2021-06-17 09:52:44,18300.15,0
2021-06-17 09:52:48,18298.45,0
2021-06-17 09:52:52,18300.6,0
2021-06-17 09:52:54,18298.7,0
2021-06-17 09:52:59,18301.0,0
2021-06-17 09:53:04,18299.85,0
2021-06-17 09:53:09,18299.4,0
2021-06-17 09:53:10,18296.3,0
2021-06-17 09:53:11,18296.9,0
2021-06-17 09:53:14,18297.9,0
2021-06-17 09:53:23,18300.45,0
2021-06-17 09:53:27,18303.7,0
2021-06-17 09:53:30,18301.5,0
2021-06-17 09:53:36,18301.8,0
2021-06-17 09:53:38,18300.25,0
2021-06-17 09:53:42,18300.95,0
2021-06-17 09:53:49,18303.4,0
2021-06-17 09:53:51,18303.1,0
2021-06-17 09:53:53,18302.85,0
2021-06-17 09:53:55,18306.2,0
2021-06-17 09:54:00,18309.1,0
2021-06-17 09:54:07,18313.6,0
2021-06-17 09:54:14,18311.55,0
2021-06-17 09:54:17,18310.25,0
2021-06-17 09:54:26,18303.3,0
2021-06-17 09:54:27,18302.3,0
2021-06-17 09:54:32,18306.8,0
2021-06-17 09:54:33,18306.6,0
2021-06-17 09:54:34,18306.7,0
2021-06-17 09:54:35,18309.05,0
2021-06-17 09:54:38,18309.85,0
2021-06-17 09:54:39,18306.4,0
2021-06-17 09:54:44,18309.2,0
2021-06-17 09:54:53,18308.75,0
2021-06-17 09:54:59,18313.25,0
2021-06-17 09:55:04,18311.15,0
2021-06-17 09:55:10,18303.8,0
2021-06-17 09:55:12,18303.2,0
2021-06-17 09:55:14,18302.25,0
2021-06-17 09:55:22,18307.4,0
2021-06-17 09:55:24,18306.75,0
2021-06-17 09:55:26,18305.95,0
2021-06-17 09:55:28,18307.8,0
2021-06-17 09:55:29,18305.5,0
2021-06-17 09:55:30,18305.45,0
2021-06-17 09:55:35,18306.8,0
2021-06-17 09:55:39,18306.55,0
2021-06-17 09:55:41,18307.6,0
2021-06-17 09:55:42,18304.95,0
2021-06-17 09:55:46,18308.55,0
2021-06-17 09:55:47,18306.8,0
2021-06-17 09:55:48,18307.7,0
2021-06-17 09:55:50,18307.9,0
2021-06-17 09:55:54,18309.45,0
2021-06-17 09:55:58,18309.85,0
2021-06-17 09:56:04,18309.55,0
2021-06-17 09:56:09,18310.35,0
2021-06-17 09:56:11,18306.35,0
2021-06-17 09:56:14,18311.2,0
2021-06-17 09:56:17,18309.7,0
2021-06-17 09:56:18,18308.25,0
2021-06-17 09:56:20,18308.0,0
2021-06-17 09:56:25,18309.65,0
2021-06-17 09:56:29,18306.1,0
2021-06-17 09:56:31,18307.5,0
2021-06-17 09:56:32,18309.4,0
2021-06-17 09:56:34,18308.2,0
2021-06-17 09:56:35,18311.15,0
2021-06-17 09:56:36,18309.4,0
2021-06-17 09:56:37,18310.8,0
2021-06-17 09:56:38,18306.1,0
2021-06-17 09:56:40,18309.75,0
2021-06-17 09:56:43,18308.8,0
2021-06-17 09:56:46,18306.2,0
2021-06-17 09:56:51,18305.85,0
2021-06-17 09:56:55,18308.2,0
2021-06-17 09:57:00,18309.05,0
2021-06-17 09:57:01,18310.1,0
2021-06-17 09:57:04,18310.1,0
2021-06-17 09:57:08,18311.05,0
2021-06-17 09:57:10,18309.5,0
2021-06-17 09:57:15,18311.25,0
2021-06-17 09:57:17,18309.7,0
2021-06-17 09:57:19,18311.5,0
2021-06-17 09:57:20,18312.85,0
2021-06-17 09:57:23,18312.8,0
2021-06-17 09:57:30,18309.4,0
2021-06-17 09:57:31,18310.7,0
2021-06-17 09:57:37,18313.45,0
2021-06-17 09:57:38,18311.75,0
2021-06-17 09:57:48,18308.2,0
2021-06-17 09:57:51,18310.6,0
2021-06-17 09:57:55,18310.8,0
2021-06-17 09:57:57,18312.35,0
2021-06-17 09:58:01,18311.4,0
2021-06-17 09:58:04,18314.0,0
2021-06-17 09:58:05,18313.45,0
2021-06-17 09:58:06,18315.75,0
2021-06-17 09:58:08,18315.4,0
2021-06-17 09:58:10,18312.55,0
2021-06-17 09:58:14,18311.5,0
2021-06-17 09:58:18,18310.9,0
2021-06-17 09:58:19,18310.15,0
2021-06-17 09:58:24,18311.25,0
2021-06-17 09:58:26,18310.55,0
2021-06-17 09:58:28,18310.2,0
2021-06-17 09:58:35,18305.7,0
2021-06-17 09:58:40,18309.1,0
2021-06-17 09:58:45,18308.9,0
2021-06-17 09:58:47,18309.1,0
2021-06-17 09:58:51,18308.6,0
2021-06-17 09:58:52,18311.55,0
2021-06-17 09:58:54,18311.15,0
2021-06-17 09:58:56,18311.55,0
2021-06-17 09:58:59,18310.0,0
2021-06-17 09:59:01,18311.55,0
2021-06-17 09:59:02,18309.75,0
2021-06-17 09:59:03,18310.4,0
2021-06-17 09:59:27,18310.7,0
2021-06-17 09:59:29,18311.75,0
2021-06-17 09:59:34,18307.8,0
2021-06-17 09:59:41,18308.35,0
2021-06-17 09:59:48,18308.7,0
2021-06-17 09:59:49,18307.65,0
2021-06-17 09:59:54,18308.7,0
2021-06-17 09:59:55,18307.15,0
2021-06-17 09:59:56,18304.6,0
2021-06-17 09:59:57,18306.75,0
2021-06-17 09:59:58,18308.65,0
2021-06-17 10:00:01,18309.3,0
2021-06-17 10:00:09,18308.4,0
2021-06-17 10:00:11,18307.3,0
2021-06-17 10:00:14,18306.45,0
2021-06-17 10:00:15,18306.7,0
2021-06-17 10:00:20,18306.95,0
2021-06-17 10:00:21,18310.35,0
2021-06-17 10:00:28,18310.65,0
2021-06-17 10:00:29,18311.85,0
2021-06-17 10:00:36,18314.9,0
2021-06-17 10:00:37,18314.1,0
2021-06-17 10:00:38,18314.15,0
2021-06-17 10:00:40,18312.8,0
2021-06-17 10:00:42,18314.4,0
2021-06-17 10:00:46,18309.75,0
2021-06-17 10:00:51,18312.25,0
2021-06-17 10:00:55,18308.15,0
2021-06-17 10:01:00,18308.5,0
2021-06-17 10:01:03,18308.15,0
2021-06-17 10:01:16,18308.4,0
2021-06-17 10:01:26,18313.85,0
2021-06-17 10:01:29,18312.4,0
2021-06-17 10:01:36,18314.25,0
2021-06-17 10:01:49,18314.75,0
2021-06-17 10:01:51,18313.25,0
2021-06-17 10:01:54,18311.25,0
2021-06-17 10:01:55,18314.55,0
2021-06-17 10:01:58,18315.75,0
2021-06-17 10:02:06,18312.4,0
2021-06-17 10:02:07,18314.8,0
2021-06-17 10:02:10,18314.25,0
2021-06-17 10:02:15,18312.8,0
2021-06-17 10:02:22,18312.8,0
2021-06-17 10:02:23,18311.4,0
2021-06-17 10:02:29,18311.45,0
2021-06-17 10:02:35,18309.75,0
2021-06-17 10:02:36,18311.25,0
2021-06-17 10:02:37,18310.45,0
2021-06-17 10:02:40,18309.8,0
2021-06-17 10:02:41,18308.25,0
2021-06-17 10:02:45,18311.1,0
2021-06-17 10:02:46,18308.75,0
2021-06-17 10:02:49,18308.1,0
2021-06-17 10:02:54,18306.85,0
2021-06-17 10:02:56,18304.55,0
2021-06-17 10:02:57,18304.3,0
2021-06-17 10:03:03,18304.8,0
2021-06-17 10:03:06,18303.3,0
2021-06-17 10:03:20,18305.2,0
2021-06-17 10:03:21,18305.8,0
2021-06-17 10:03:24,18305.15,0
2021-06-17 10:03:26,18301.9,0
2021-06-17 10:03:28,18299.55,0
2021-06-17 10:03:32,18302.55,0
2021-06-17 10:03:40,18304.4,0
2021-06-17 10:03:45,18303.7,0
2021-06-17 10:03:55,18306.75,0
2021-06-17 10:03:56,18307.05,0
2021-06-17 10:04:08,18307.3,0
2021-06-17 10:04:09,18306.7,0
2021-06-17 10:04:15,18307.85,0
2021-06-17 10:04:18,18308.4,0
2021-06-17 10:04:19,18307.4,0
2021-06-17 10:04:23,18307.2,0
2021-06-17 10:04:25,18308.2,0
2021-06-17 10:04:27,18306.3,0
2021-06-17 10:04:28,18305.9,0
2021-06-17 10:04:33,18309.2,0
2021-06-17 10:04:40,18307.85,0
2021-06-17 10:04:41,18310.15,0
2021-06-17 10:04:43,18308.55,0
2021-06-17 10:04:44,18308.7,0
2021-06-17 10:04:46,18311.15,0
2021-06-17 10:04:49,18310.05,0
2021-06-17 10:04:50,18309.5,0
2021-06-17 10:04:51,18310.2,0
2021-06-17 10:04:52,18310.8,0
2021-06-17 10:04:53,18309.35,0
2021-06-17 10:04:58,18309.1,0
2021-06-17 10:05:00,18310.5,0
2021-06-17 10:05:04,18309.05,0
2021-06-17 10:05:08,18312.45,0
2021-06-17 10:05:18,18312.25,0
2021-06-17 10:05:30,18312.55,0
2021-06-17 10:05:32,18312.8,0
2021-06-17 10:05:33,18309.6,0
2021-06-17 10:05:37,18311.9,0
2021-06-17 10:05:39,18309.8,0
2021-06-17 10:05:41,18310.5,0
2021-06-17 10:05:42,18311.85,0
2021-06-17 10:05:43,18311.65,0
2021-06-17 10:05:45,18308.85,0
2021-06-17 10:05:52,18304.8,0
2021-06-17 10:05:59,18299.65,0
2021-06-17 10:06:02,18301.8,0
2021-06-17 10:06:03,18298.5,0
2021-06-17 10:06:05,18301.05,0
2021-06-17 10:06:16,18305.8,0
2021-06-17 10:06:31,18308.5,0
2021-06-17 10:06:32,18309.0,0
2021-06-17 10:06:33,18307.4,0
2021-06-17 10:06:38,18307.9,0
2021-06-17 10:06:48,18308.8,0
2021-06-17 10:06:52,18310.65,0
2021-06-17 10:06:59,18309.55,0
2021-06-17 10:07:01,18305.75,0
2021-06-17 10:07:02,18308.95,0
2021-06-17 10:07:06,18307.4,0
2021-06-17 10:07:08,18310.4,0
2021-06-17 10:07:09,18309.25,0
2021-06-17 10:07:11,18309.35,0
2021-06-17 10:07:13,18310.25,0
2021-06-17 10:07:25,18308.35,0
2021-06-17 10:07:28,18308.8,0
2021-06-17 10:07:29,18309.45,0
2021-06-17 10:07:32,18306.15,0
2021-06-17 10:07:36,18310.35,0
2021-06-17 10:07:37,18310.6,0
2021-06-17 10:07:47,18310.2,0
2021-06-17 10:07:48,18309.65,0
2021-06-17 10:07:50,18307.5,0
2021-06-17 10:07:52,18309.5,0
2021-06-17 10:07:55,18309.35,0
2021-06-17 10:07:57,18308.4,0
2021-06-17 10:07:59,18310.45,0
2021-06-17 10:08:01,18308.55,0
2021-06-17 10:08:06,18309.2,0
2021-06-17 10:08:15,18311.0,0
2021-06-17 10:08:22,18307.85,0
2021-06-17 10:08:25,18305.55,0
2021-06-17 10:08:33,18305.4,0
2021-06-17 10:08:35,18303.45,0
2021-06-17 10:08:37,18306.65,0
2021-06-17 10:08:41,18304.05,0
2021-06-17 10:08:45,18303.9,0
2021-06-17 10:08:56,18308.1,0
2021-06-17 10:08:57,18305.3,0
2021-06-17 10:08:58,18307.65,0
2021-06-17 10:09:03,18309.7,0
2021-06-17 10:09:07,18309.5,0
2021-06-17 10:09:08,18309.65,0
2021-06-17 10:09:09,18307.15,0
2021-06-17 10:09:13,18309.75,0
2021-06-17 10:09:14,18309.75,0
2021-06-17 10:09:15,18307.15,0
2021-06-17 10:09:16,18307.15,0
2021-06-17 10:09:20,18307.35,0
2021-06-17 10:09:19,18308.75,0
2021-06-17 10:09:21,18309.75,0
2021-06-17 10:09:22,18310.05,0
2021-06-17 10:09:32,18309.0,0
2021-06-17 10:09:34,18311.45,0
2021-06-17 10:09:45,18318.95,0
2021-06-17 10:10:00,18317.3,0
2021-06-17 10:10:18,18308.4,0
2021-06-17 10:10:21,18309.85,0
2021-06-17 10:10:27,18310.9,0
2021-06-17 10:10:29,18309.75,0
2021-06-17 10:10:31,18311.1,0
2021-06-17 10:10:35,18311.25,0
2021-06-17 10:10:36,18312.35,0
2021-06-17 10:10:38,18312.05,0
2021-06-17 10:10:39,18312.15,0
2021-06-17 10:10:41,18313.15,0
2021-06-17 10:10:45,18312.65,0
2021-06-17 10:10:46,18310.8,0
2021-06-17 10:10:48,18312.25,0
2021-06-17 10:10:49,18311.9,0
2021-06-17 10:10:59,18314.15,0
2021-06-17 10:11:03,18314.1,0
2021-06-17 10:11:07,18316.9,0
2021-06-17 10:11:08,18317.2,0
2021-06-17 10:11:09,18320.8,0
2021-06-17 10:11:10,18319.95,0
2021-06-17 10:11:11,18319.75,0
2021-06-17 10:11:13,18321.0,0
2021-06-17 10:11:15,18321.7,0
2021-06-17 10:11:16,18320.8,0
2021-06-17 10:11:21,18317.9,0
2021-06-17 10:11:36,18323.3,0
2021-06-17 10:11:38,18324.45,0
2021-06-17 10:11:41,18321.35,0
2021-06-17 10:11:44,18325.2,0
2021-06-17 10:11:50,18320.75,0
2021-06-17 10:11:56,18324.75,0
2021-06-17 10:12:00,18328.3,0
2021-06-17 10:12:05,18323.15,0
2021-06-17 10:12:12,18328.85,0
2021-06-17 10:12:15,18329.3,0
2021-06-17 10:12:18,18329.95,0
2021-06-17 10:12:23,18328.95,0
2021-06-17 10:12:24,18327.25,0
2021-06-17 10:12:27,18330.3,0
2021-06-17 10:12:28,18334.35,0
2021-06-17 10:12:35,18333.65,0
2021-06-17 10:12:38,18333.2,0
2021-06-17 10:12:42,18327.9,0
2021-06-17 10:12:44,18326.2,0
2021-06-17 10:12:50,18329.1,0
2021-06-17 10:12:54,18328.6,0
2021-06-17 10:12:59,18327.75,0
2021-06-17 10:13:00,18329.15,0
2021-06-17 10:13:02,18332.05,0
2021-06-17 10:13:06,18333.5,0
2021-06-17 10:13:16,18333.1,0
2021-06-17 10:13:22,18332.4,0
2021-06-17 10:13:28,18332.45,0
2021-06-17 10:13:31,18330.4,0
2021-06-17 10:13:39,18328.0,0
2021-06-17 10:13:41,18331.65,0
2021-06-17 10:13:42,18331.5,0
2021-06-17 10:13:46,18328.95,0
2021-06-17 10:13:47,18329.45,0
2021-06-17 10:13:48,18331.2,0
2021-06-17 10:13:50,18331.8,0
2021-06-17 10:13:55,18325.8,0
2021-06-17 10:13:56,18326.9,0
2021-06-17 10:13:59,18330.85,0
2021-06-17 10:14:05,18331.45,0
2021-06-17 10:14:08,18331.1,0
2021-06-17 10:14:11,18333.1,0
2021-06-17 10:14:16,18330.85,0
2021-06-17 10:14:20,18332.05,0
2021-06-17 10:14:23,18333.85,0
2021-06-17 10:14:29,18334.0,0
2021-06-17 10:14:31,18333.75,0
2021-06-17 10:14:34,18333.45,0
2021-06-17 10:14:38,18330.9,0
2021-06-17 10:14:44,18329.55,0
2021-06-17 10:14:46,18329.55,0
2021-06-17 10:14:47,18329.65,0
2021-06-17 10:14:51,18328.45,0
2021-06-17 10:14:53,18330.0,0
2021-06-17 10:14:57,18330.45,0
2021-06-17 10:15:00,18330.85,0
2021-06-17 10:15:03,18333.05,0
2021-06-17 10:15:05,18332.0,0
2021-06-17 10:15:18,18331.45,0
2021-06-17 10:15:20,18331.0,0
2021-06-17 10:15:23,18332.15,0
2021-06-17 10:15:31,18331.7,0
2021-06-17 10:15:32,18330.55,0
2021-06-17 10:15:38,18331.7,0
2021-06-17 10:15:43,18331.0,0
2021-06-17 10:15:44,18330.6,0
2021-06-17 10:15:51,18334.75,0
2021-06-17 10:15:59,18332.65,0
2021-06-17 10:16:08,18334.55,0
2021-06-17 10:16:18,18336.05,0
2021-06-17 10:16:20,18335.45,0
2021-06-17 10:16:21,18336.3,0
2021-06-17 10:16:24,18334.15,0
2021-06-17 10:16:27,18334.35,0
2021-06-17 10:16:28,18335.25,0
2021-06-17 10:16:43,18332.3,0
2021-06-17 10:16:44,18331.5,0
2021-06-17 10:16:51,18331.55,0
2021-06-17 10:16:52,18332.1,0
2021-06-17 10:17:01,18330.65,0
2021-06-17 10:17:09,18332.75,0
2021-06-17 10:17:12,18331.5,0
2021-06-17 10:17:18,18330.6,0
2021-06-17 10:17:22,18330.7,0
2021-06-17 10:17:23,18334.05,0
2021-06-17 10:17:25,18331.45,0
2021-06-17 10:17:35,18334.75,0
2021-06-17 10:17:46,18330.75,0
2021-06-17 10:17:48,18333.5,0
2021-06-17 10:17:49,18331.4,0
2021-06-17 10:17:50,18330.9,0
2021-06-17 10:17:52,18331.25,0
2021-06-17 10:17:54,18330.55,0
2021-06-17 10:17:59,18330.2,0
2021-06-17 10:18:01,18331.85,0
2021-06-17 10:18:04,18327.9,0
2021-06-17 10:18:09,18330.6,0
2021-06-17 10:18:12,18330.75,0
2021-06-17 10:18:15,18329.7,0
2021-06-17 10:18:23,18330.1,0
2021-06-17 10:18:25,18329.7,0
2021-06-17 10:18:27,18322.3,0
2021-06-17 10:18:29,18328.35,0
2021-06-17 10:18:31,18326.45,0
2021-06-17 10:18:34,18328.8,0
2021-06-17 10:18:36,18327.35,0
2021-06-17 10:18:39,18328.7,0
2021-06-17 10:18:44,18324.95,0
2021-06-17 10:18:45,18328.0,0
2021-06-17 10:18:46,18328.1,0
2021-06-17 10:18:53,18325.9,0
2021-06-17 10:18:57,18326.3,0
2021-06-17 10:18:59,18324.9,0
2021-06-17 10:19:01,18324.65,0
2021-06-17 10:19:02,18326.1,0
2021-06-17 10:19:04,18326.3,0
2021-06-17 10:19:05,18326.75,0
2021-06-17 10:19:06,18324.45,0
2021-06-17 10:19:07,18325.1,0
2021-06-17 10:19:10,18327.55,0
2021-06-17 10:19:15,18327.9,0
2021-06-17 10:19:21,18333.1,0
2021-06-17 10:19:22,18332.35,0
2021-06-17 10:19:23,18330.8,0
2021-06-17 10:19:26,18333.2,0
2021-06-17 10:19:27,18332.3,0
2021-06-17 10:19:30,18331.55,0
2021-06-17 10:19:36,18331.0,0
2021-06-17 10:19:38,18333.4,0
2021-06-17 10:19:39,18332.5,0
2021-06-17 10:19:49,18328.9,0
2021-06-17 10:19:59,18326.8,0
2021-06-17 10:20:00,18331.05,0
2021-06-17 10:20:01,18330.8,0
2021-06-17 10:20:02,18331.15,0
2021-06-17 10:20:11,18329.2,0
2021-06-17 10:20:12,18326.1,0
2021-06-17 10:20:17,18329.65,0
2021-06-17 10:20:19,18328.05,0
2021-06-17 10:20:20,18327.75,0
2021-06-17 10:20:21,18325.6,0
2021-06-17 10:20:23,18328.6,0
2021-06-17 10:20:26,18330.35,0
2021-06-17 10:20:33,18329.7,0
2021-06-17 10:20:41,18330.0,0
2021-06-17 10:20:44,18326.25,0
2021-06-17 10:20:47,18329.1,0
2021-06-17 10:20:48,18332.25,0
2021-06-17 10:20:52,18329.55,0
2021-06-17 10:21:01,18329.55,0
2021-06-17 10:21:06,18328.85,0
2021-06-17 10:21:14,18332.9,0
2021-06-17 10:21:16,18331.7,0
2021-06-17 10:21:17,18330.9,0
2021-06-17 10:21:19,18329.5,0
2021-06-17 10:21:24,18330.15,0
2021-06-17 10:21:25,18330.85,0
2021-06-17 10:21:26,18330.55,0
2021-06-17 10:21:27,18332.1,0
2021-06-17 10:21:28,18330.45,0
2021-06-17 10:21:33,18336.75,0
2021-06-17 10:21:39,18330.85,0
2021-06-17 10:21:41,18329.85,0
2021-06-17 10:21:45,18330.25,0
2021-06-17 10:21:46,18331.35,0
2021-06-17 10:21:49,18328.0,0
2021-06-17 10:21:53,18329.15,0
2021-06-17 10:21:55,18329.15,0
2021-06-17 10:21:57,18329.05,0
2021-06-17 10:21:59,18326.3,0
2021-06-17 10:22:01,18329.55,0
2021-06-17 10:22:02,18328.6,0
2021-06-17 10:22:04,18329.5,0
2021-06-17 10:22:05,18327.2,0
2021-06-17 10:22:06,18327.65,0
2021-06-17 10:22:14,18328.5,0
2021-06-17 10:22:19,18324.9,0
2021-06-17 10:22:21,18323.0,0
2021-06-17 10:22:24,18323.15,0
2021-06-17 10:22:27,18326.8,0
2021-06-17 10:22:29,18325.95,0
2021-06-17 10:22:31,18326.95,0
2021-06-17 10:22:34,18327.3,0
2021-06-17 10:22:36,18327.0,0
2021-06-17 10:22:43,18323.1,0
2021-06-17 10:22:47,18322.55,0
2021-06-17 10:22:49,18324.25,0
2021-06-17 10:22:50,18325.1,0
2021-06-17 10:22:53,18323.45,0
2021-06-17 10:23:03,18319.55,0
2021-06-17 10:23:06,18319.65,0
2021-06-17 10:23:07,18318.9,0
2021-06-17 10:23:09,18320.85,0
2021-06-17 10:23:10,18321.5,0
2021-06-17 10:23:25,18324.05,0
2021-06-17 10:23:31,18324.6,0
2021-06-17 10:23:32,18323.85,0
2021-06-17 10:23:36,18325.65,0
2021-06-17 10:23:39,18325.85,0
2021-06-17 10:23:49,18321.55,0
2021-06-17 10:23:51,18323.1,0
2021-06-17 10:24:02,18317.65,0
2021-06-17 10:24:09,18317.8,0
2021-06-17 10:24:10,18317.45,0
2021-06-17 10:24:22,18317.6,0
2021-06-17 10:24:28,18316.5,0
2021-06-17 10:24:36,18317.65,0
2021-06-17 10:24:39,18319.9,0
2021-06-17 10:24:40,18316.15,0
2021-06-17 10:24:42,18318.35,0
2021-06-17 10:24:50,18318.6,0
2021-06-17 10:24:52,18321.2,0
2021-06-17 10:24:54,18318.9,0
2021-06-17 10:25:02,18319.7,0
2021-06-17 10:25:03,18320.1,0
2021-06-17 10:25:16,18324.0,0
2021-06-17 10:25:17,18322.7,0
2021-06-17 10:25:27,18321.05,0
2021-06-17 10:25:30,18320.3,0
2021-06-17 10:25:31,18322.6,0
2021-06-17 10:25:33,18321.15,0
2021-06-17 10:25:34,18321.4,0
2021-06-17 10:25:35,18319.65,0
2021-06-17 10:25:40,18322.05,0
2021-06-17 10:25:43,18320.6,0
2021-06-17 10:25:44,18320.9,0
2021-06-17 10:25:46,18323.35,0
2021-06-17 10:25:47,18323.05,0
2021-06-17 10:25:49,18320.95,0
2021-06-17 10:25:50,18323.05,0
2021-06-17 10:25:51,18320.85,0
2021-06-17 10:25:52,18321.15,0
2021-06-17 10:25:53,18321.65,0
2021-06-17 10:25:56,18319.95,0
2021-06-17 10:25:58,18320.15,0
2021-06-17 10:25:59,18321.25,0
2021-06-17 10:26:02,18322.4,0
2021-06-17 10:26:03,18322.2,0
2021-06-17 10:26:06,18320.75,0
2021-06-17 10:26:07,18321.8,0
2021-06-17 10:26:10,18323.95,0
2021-06-17 10:26:13,18321.7,0
2021-06-17 10:26:17,18324.1,0
2021-06-17 10:26:24,18322.0,0
2021-06-17 10:26:25,18325.15,0
2021-06-17 10:26:26,18322.1,0
2021-06-17 10:26:31,18324.7,0
2021-06-17 10:26:32,18322.95,0
2021-06-17 10:26:33,18325.05,0
2021-06-17 10:26:36,18323.25,0
2021-06-17 10:26:38,18325.1,0
2021-06-17 10:26:39,18325.1,0
2021-06-17 10:26:45,18324.5,0
2021-06-17 10:26:51,18325.2,0
2021-06-17 10:26:53,18325.3,0
2021-06-17 10:26:54,18323.9,0
2021-06-17 10:27:04,18321.25,0
2021-06-17 10:27:11,18321.9,0
2021-06-17 10:27:13,18321.65,0
2021-06-17 10:27:17,18323.45,0
2021-06-17 10:27:18,18323.35,0
2021-06-17 10:27:21,18320.75,0
2021-06-17 10:27:22,18323.8,0
2021-06-17 10:27:24,18323.6,0
2021-06-17 10:27:26,18323.1,0
2021-06-17 10:27:28,18321.05,0
2021-06-17 10:27:30,18323.3,0
2021-06-17 10:27:39,18321.3,0
2021-06-17 10:27:41,18320.3,0
2021-06-17 10:27:42,18322.9,0
2021-06-17 10:27:51,18323.65,0
2021-06-17 10:27:54,18324.1,0
2021-06-17 10:28:22,18325.85,0
2021-06-17 10:28:23,18326.55,0
2021-06-17 10:28:25,18324.7,0
2021-06-17 10:28:29,18324.2,0
2021-06-17 10:28:30,18326.25,0
2021-06-17 10:28:32,18327.05,0
2021-06-17 10:28:39,18326.85,0
2021-06-17 10:28:41,18326.75,0
2021-06-17 10:28:45,18326.95,0
2021-06-17 10:28:51,18326.75,0
2021-06-17 10:28:52,18324.55,0
2021-06-17 10:28:54,18322.75,0
2021-06-17 10:28:57,18323.4,0
2021-06-17 10:28:58,18321.75,0
2021-06-17 10:28:59,18321.5,0
2021-06-17 10:29:05,18324.05,0
2021-06-17 10:29:09,18322.2,0
2021-06-17 10:29:10,18323.6,0
2021-06-17 10:29:12,18321.8,0
2021-06-17 10:29:14,18324.45,0
2021-06-17 10:29:18,18322.5,0
2021-06-17 10:29:19,18322.95,0
2021-06-17 10:29:21,18323.1,0
2021-06-17 10:29:22,18322.85,0
2021-06-17 10:29:26,18325.25,0
2021-06-17 10:29:30,18328.55,0
2021-06-17 10:29:34,18330.3,0
2021-06-17 10:29:35,18328.45,0
2021-06-17 10:29:45,18329.75,0
2021-06-17 10:29:56,18329.8,0
2021-06-17 10:29:57,18331.45,0
2021-06-17 10:30:12,18329.2,0
2021-06-17 10:30:13,18329.7,0
2021-06-17 10:30:19,18329.9,0
2021-06-17 10:30:22,18330.3,0
2021-06-17 10:30:23,18328.7,0
2021-06-17 10:30:24,18330.8,0
2021-06-17 10:30:25,18330.5,0
2021-06-17 10:30:28,18331.1,0
2021-06-17 10:30:33,18329.7,0
2021-06-17 10:30:35,18329.4,0
2021-06-17 10:30:36,18329.8,0
2021-06-17 10:30:37,18330.3,0
2021-06-17 10:30:39,18330.55,0
2021-06-17 10:30:43,18332.1,0
2021-06-17 10:30:45,18330.6,0
2021-06-17 10:30:48,18331.4,0
2021-06-17 10:30:52,18333.1,0
2021-06-17 10:30:54,18332.4,0
2021-06-17 10:30:57,18330.35,0
2021-06-17 10:30:59,18330.95,0
2021-06-17 10:31:10,18330.95,0
2021-06-17 10:31:13,18330.45,0
2021-06-17 10:31:16,18331.6,0
2021-06-17 10:31:20,18328.9,0
2021-06-17 10:31:25,18327.8,0
2021-06-17 10:31:32,18331.8,0
2021-06-17 10:31:36,18328.45,0
2021-06-17 10:31:38,18331.9,0
2021-06-17 10:31:39,18331.0,0
2021-06-17 10:31:43,18330.85,0
2021-06-17 10:31:48,18327.55,0
2021-06-17 10:31:49,18328.1,0
2021-06-17 10:31:51,18325.1,0
2021-06-17 10:31:54,18328.4,0
2021-06-17 10:32:04,18330.25,0
2021-06-17 10:32:08,18330.25,0
2021-06-17 10:32:09,18327.85,0
2021-06-17 10:32:11,18330.45,0
2021-06-17 10:32:17,18328.35,0
2021-06-17 10:32:19,18329.2,0
2021-06-17 10:32:22,18328.55,0
2021-06-17 10:32:23,18328.05,0
2021-06-17 10:32:28,18330.3,0
2021-06-17 10:32:31,18328.9,0
2021-06-17 10:32:33,18328.75,0
2021-06-17 10:32:41,18331.1,0
2021-06-17 10:32:42,18329.45,0
2021-06-17 10:32:48,18331.85,0
2021-06-17 10:32:49,18330.4,0
2021-06-17 10:32:51,18329.85,0
2021-06-17 10:32:52,18332.3,0
2021-06-17 10:33:03,18332.9,0
2021-06-17 10:33:04,18331.4,0
2021-06-17 10:33:06,18333.2,0
2021-06-17 10:33:09,18331.05,0
2021-06-17 10:33:10,18333.65,0
2021-06-17 10:33:13,18336.6,0
2021-06-17 10:33:14,18335.0,0
2021-06-17 10:33:16,18333.8,0
2021-06-17 10:33:24,18330.6,0
2021-06-17 10:33:26,18330.1,0
2021-06-17 10:33:31,18332.6,0
2021-06-17 10:33:33,18333.25,0
2021-06-17 10:33:35,18332.0,0
2021-06-17 10:33:36,18332.15,0
2021-06-17 10:33:38,18332.6,0
2021-06-17 10:33:42,18329.65,0
2021-06-17 10:33:45,18331.45,0
2021-06-17 10:33:47,18328.55,0
2021-06-17 10:33:48,18334.0,0
2021-06-17 10:33:49,18331.45,0
2021-06-17 10:33:51,18332.3,0
2021-06-17 10:33:53,18333.25,0
2021-06-17 10:34:04,18333.2,0
2021-06-17 10:34:05,18334.75,0
2021-06-17 10:34:06,18335.4,0
2021-06-17 10:34:10,18334.65,0
2021-06-17 10:34:13,18333.55,0
2021-06-17 10:34:15,18331.5,0
2021-06-17 10:34:18,18330.8,0
2021-06-17 10:34:22,18333.6,0
2021-06-17 10:34:23,18333.8,0
2021-06-17 10:34:32,18330.0,0
2021-06-17 10:34:33,18332.65,0
2021-06-17 10:34:35,18331.0,0
2021-06-17 10:34:38,18333.35,0
2021-06-17 10:34:39,18332.05,0
2021-06-17 10:34:43,18331.65,0
2021-06-17 10:34:49,18331.65,0
2021-06-17 10:34:50,18330.0,0
2021-06-17 10:34:56,18330.5,0
2021-06-17 10:34:59,18332.85,0
2021-06-17 10:35:04,18331.95,0
2021-06-17 10:35:05,18328.5,0
2021-06-17 10:35:06,18330.25,0
2021-06-17 10:35:07,18328.6,0
2021-06-17 10:35:11,18328.75,0
2021-06-17 10:35:14,18330.1,0
2021-06-17 10:35:15,18329.55,0
2021-06-17 10:35:17,18332.5,0
2021-06-17 10:35:25,18331.05,0
2021-06-17 10:35:26,18333.7,0
2021-06-17 10:35:27,18330.55,0
2021-06-17 10:35:28,18331.1,0
2021-06-17 10:35:32,18334.2,0
2021-06-17 10:35:36,18332.05,0
2021-06-17 10:35:38,18333.65,0
2021-06-17 10:35:39,18331.6,0
2021-06-17 10:35:40,18332.15,0
2021-06-17 10:35:41,18332.8,0
2021-06-17 10:35:45,18331.75,0
2021-06-17 10:35:50,18333.15,0
2021-06-17 10:35:53,18331.35,0
2021-06-17 10:35:54,18331.45,0
2021-06-17 10:35:55,18333.05,0
2021-06-17 10:36:00,18330.95,0
2021-06-17 10:36:02,18332.8,0
2021-06-17 10:36:03,18333.3,0
2021-06-17 10:36:05,18332.45,0
2021-06-17 10:36:15,18335.35,0
2021-06-17 10:36:18,18333.6,0
2021-06-17 10:36:19,18336.35,0
2021-06-17 10:36:22,18339.8,0
2021-06-17 10:36:23,18338.7,0
2021-06-17 10:36:25,18336.85,0
2021-06-17 10:36:35,18338.6,0
2021-06-17 10:36:43,18339.2,0
2021-06-17 10:36:45,18338.75,0
2021-06-17 10:36:46,18338.75,0
2021-06-17 10:36:59,18336.7,0
2021-06-17 10:37:02,18340.8,0
2021-06-17 10:37:03,18338.0,0
2021-06-17 10:37:04,18338.4,0
2021-06-17 10:37:09,18340.2,0
2021-06-17 10:37:13,18340.15,0
2021-06-17 10:37:30,18338.35,0
2021-06-17 10:37:32,18339.4,0
2021-06-17 10:37:35,18340.0,0
2021-06-17 10:37:36,18340.5,0
2021-06-17 10:37:44,18340.3,0
2021-06-17 10:37:49,18340.9,0
2021-06-17 10:37:54,18337.95,0
2021-06-17 10:37:59,18340.7,0
2021-06-17 10:38:00,18337.95,0
2021-06-17 10:38:01,18340.55,0
2021-06-17 10:38:03,18338.95,0
2021-06-17 10:38:05,18338.25,0
2021-06-17 10:38:08,18339.0,0
2021-06-17 10:38:09,18339.8,0
2021-06-17 10:38:10,18338.8,0
2021-06-17 10:38:13,18339.6,0
2021-06-17 10:38:16,18338.8,0
2021-06-17 10:38:18,18340.3,0
2021-06-17 10:38:24,18340.3,0
2021-06-17 10:38:27,18338.9,0
2021-06-17 10:38:29,18337.5,0
2021-06-17 10:38:31,18336.8,0
2021-06-17 10:38:34,18340.0,0
2021-06-17 10:38:35,18337.7,0
2021-06-17 10:38:40,18335.4,0
2021-06-17 10:38:49,18336.55,0
2021-06-17 10:38:51,18336.2,0
2021-06-17 10:38:55,18336.65,0
2021-06-17 10:38:57,18338.75,0
2021-06-17 10:39:04,18339.1,0
2021-06-17 10:39:09,18338.9,0
2021-06-17 10:39:14,18337.1,0
2021-06-17 10:39:15,18336.6,0
2021-06-17 10:39:16,18338.8,0
2021-06-17 10:39:19,18337.3,0
2021-06-17 10:39:20,18337.2,0
2021-06-17 10:39:24,18338.0,0
2021-06-17 10:39:25,18338.05,0
2021-06-17 10:39:27,18336.45,0
2021-06-17 10:39:28,18338.9,0
2021-06-17 10:39:30,18337.6,0
2021-06-17 10:39:33,18339.2,0
2021-06-17 10:39:34,18339.8,0
2021-06-17 10:39:36,18339.7,0
2021-06-17 10:39:40,18336.75,0
2021-06-17 10:39:41,18341.15,0
2021-06-17 10:39:43,18337.0,0
2021-06-17 10:39:47,18339.3,0
2021-06-17 10:39:51,18338.9,0
2021-06-17 10:39:58,18340.35,0
2021-06-17 10:40:04,18347.15,0
2021-06-17 10:40:08,18351.2,0
2021-06-17 10:40:09,18348.45,0
2021-06-17 10:40:17,18349.05,0
2021-06-17 10:40:18,18349.15,0
2021-06-17 10:40:26,18341.2,0
2021-06-17 10:40:32,18351.1,0
2021-06-17 10:40:40,18352.45,0
2021-06-17 10:40:42,18349.6,0
2021-06-17 10:40:43,18352.55,0
2021-06-17 10:40:44,18352.4,0
2021-06-17 10:40:47,18350.2,0
2021-06-17 10:40:51,18347.65,0
2021-06-17 10:40:53,18348.35,0
2021-06-17 10:41:02,18345.8,0
2021-06-17 10:41:10,18347.05,0
2021-06-17 10:41:11,18347.25,0
2021-06-17 10:41:18,18346.65,0
2021-06-17 10:41:23,18346.85,0
2021-06-17 10:41:24,18346.85,0
2021-06-17 10:41:30,18346.45,0
2021-06-17 10:41:31,18349.35,0
2021-06-17 10:41:32,18348.9,0
2021-06-17 10:41:36,18347.35,0
2021-06-17 10:41:41,18348.55,0
2021-06-17 10:41:43,18348.2,0
2021-06-17 10:41:49,18347.95,0
2021-06-17 10:41:56,18349.65,0
2021-06-17 10:41:58,18348.5,0
2021-06-17 10:42:01,18348.0,0
2021-06-17 10:42:04,18348.75,0
2021-06-17 10:42:08,18349.55,0
2021-06-17 10:42:11,18349.6,0
2021-06-17 10:42:13,18349.95,0
2021-06-17 10:42:15,18349.6,0
2021-06-17 10:42:17,18350.75,0
2021-06-17 10:42:21,18353.65,0
2021-06-17 10:42:30,18355.8,0
2021-06-17 10:42:34,18355.7,0
2021-06-17 10:42:36,18357.65,0
2021-06-17 10:42:39,18356.65,0
2021-06-17 10:42:41,18354.8,0
2021-06-17 10:42:42,18354.8,0
2021-06-17 10:42:46,18354.5,0
2021-06-17 10:42:49,18352.05,0
2021-06-17 10:42:58,18351.75,0
2021-06-17 10:42:59,18351.0,0
2021-06-17 10:43:00,18350.1,0
2021-06-17 10:43:03,18351.75,0
2021-06-17 10:43:07,18351.85,0
2021-06-17 10:43:12,18353.15,0
2021-06-17 10:43:20,18347.8,0
2021-06-17 10:43:21,18347.05,0
2021-06-17 10:43:34,18347.0,0
2021-06-17 10:43:39,18347.6,0
2021-06-17 10:43:40,18344.9,0
2021-06-17 10:43:41,18344.7,0
2021-06-17 10:43:42,18346.3,0
2021-06-17 10:43:44,18348.0,0
2021-06-17 10:43:51,18345.0,0
2021-06-17 10:43:54,18343.45,0
2021-06-17 10:43:56,18343.9,0
2021-06-17 10:43:57,18345.6,0
2021-06-17 10:43:58,18342.8,0
2021-06-17 10:44:02,18342.85,0
2021-06-17 10:44:03,18345.05,0
2021-06-17 10:44:08,18343.9,0
2021-06-17 10:44:15,18343.55,0
2021-06-17 10:44:16,18345.45,0
2021-06-17 10:44:18,18343.85,0
2021-06-17 10:44:19,18344.15,0
2021-06-17 10:44:20,18344.5,0
2021-06-17 10:44:21,18343.2,0
2021-06-17 10:44:23,18345.65,0
2021-06-17 10:44:34,18343.75,0
2021-06-17 10:44:37,18344.95,0
2021-06-17 10:44:39,18345.2,0
2021-06-17 10:44:41,18342.0,0
2021-06-17 10:44:49,18341.65,0
2021-06-17 10:44:55,18342.7,0
2021-06-17 10:45:00,18342.1,0
2021-06-17 10:45:05,18340.85,0
2021-06-17 10:45:06,18342.9,0
2021-06-17 10:45:07,18340.8,0
2021-06-17 10:45:08,18340.45,0
2021-06-17 10:45:13,18342.15,0
2021-06-17 10:45:14,18341.8,0
2021-06-17 10:45:16,18340.85,0
2021-06-17 10:45:22,18341.35,0
2021-06-17 10:45:24,18340.25,0
2021-06-17 10:45:31,18338.95,0
2021-06-17 10:45:37,18339.25,0
2021-06-17 10:45:40,18338.85,0
2021-06-17 10:45:57,18337.4,0
2021-06-17 10:45:58,18337.8,0
2021-06-17 10:46:00,18337.3,0
2021-06-17 10:46:16,18340.35,0
2021-06-17 10:46:20,18342.15,0
2021-06-17 10:46:21,18340.15,0
2021-06-17 10:46:22,18338.65,0
2021-06-17 10:46:28,18341.5,0
2021-06-17 10:46:29,18341.95,0
2021-06-17 10:46:31,18340.45,0
2021-06-17 10:46:45,18340.05,0
2021-06-17 10:46:50,18340.0,0
2021-06-17 10:46:51,18342.0,0
2021-06-17 10:46:56,18342.6,0
2021-06-17 10:46:58,18340.8,0
2021-06-17 10:46:59,18341.8,0
2021-06-17 10:47:09,18340.05,0
2021-06-17 10:47:10,18338.95,0
2021-06-17 10:47:14,18341.0,0
2021-06-17 10:47:15,18341.15,0
2021-06-17 10:47:16,18340.65,0
2021-06-17 10:47:22,18340.35,0
2021-06-17 10:47:23,18340.75,0
2021-06-17 10:47:25,18342.9,0
2021-06-17 10:47:27,18341.55,0
2021-06-17 10:47:28,18342.75,0
2021-06-17 10:47:31,18340.75,0
2021-06-17 10:47:32,18339.85,0
2021-06-17 10:47:35,18340.45,0
2021-06-17 10:47:36,18339.0,0
2021-06-17 10:47:41,18340.05,0
2021-06-17 10:47:42,18339.45,0
2021-06-17 10:47:44,18337.05,0
2021-06-17 10:47:45,18338.0,0
2021-06-17 10:47:46,18337.7,0
2021-06-17 10:47:52,18337.35,0
2021-06-17 10:47:53,18338.15,0
2021-06-17 10:47:55,18336.55,0
2021-06-17 10:48:04,18336.2,0
2021-06-17 10:48:08,18335.7,0
2021-06-17 10:48:09,18339.4,0
2021-06-17 10:48:13,18339.65,0
2021-06-17 10:48:21,18337.7,0
2021-06-17 10:48:25,18332.25,0
2021-06-17 10:48:26,18334.25,0
2021-06-17 10:48:29,18335.3,0
2021-06-17 10:48:31,18331.95,0
2021-06-17 10:48:33,18332.5,0
2021-06-17 10:48:34,18331.7,0
2021-06-17 10:48:36,18331.3,0
2021-06-17 10:48:40,18332.4,0
2021-06-17 10:48:41,18334.15,0
2021-06-17 10:48:42,18333.85,0
2021-06-17 10:48:44,18334.2,0
2021-06-17 10:48:47,18334.7,0
2021-06-17 10:48:48,18333.05,0
2021-06-17 10:48:49,18334.2,0
2021-06-17 10:48:50,18332.7,0
2021-06-17 10:48:52,18334.0,0
2021-06-17 10:48:54,18330.35,0
2021-06-17 10:49:09,18326.0,0
2021-06-17 10:49:11,18328.95,0
2021-06-17 10:49:14,18325.95,0
2021-06-17 10:49:17,18327.4,0
2021-06-17 10:49:20,18323.5,0
2021-06-17 10:49:21,18325.45,0
2021-06-17 10:49:23,18323.45,0
2021-06-17 10:49:29,18324.65,0
2021-06-17 10:49:31,18323.35,0
2021-06-17 10:49:38,18322.75,0
2021-06-17 10:49:39,18325.2,0
2021-06-17 10:49:41,18324.75,0
2021-06-17 10:49:46,18324.65,0
2021-06-17 10:49:54,18323.8,0
2021-06-17 10:49:56,18324.1,0
2021-06-17 10:49:58,18325.3,0
2021-06-17 10:50:02,18324.85,0
2021-06-17 10:50:03,18323.45,0
2021-06-17 10:50:04,18326.15,0
2021-06-17 10:50:06,18324.15,0
2021-06-17 10:50:09,18321.05,0
2021-06-17 10:50:15,18321.45,0
2021-06-17 10:50:16,18321.75,0
2021-06-17 10:50:20,18321.55,0
2021-06-17 10:50:24,18319.4,0
2021-06-17 10:50:25,18319.4,0
2021-06-17 10:50:38,18319.55,0
2021-06-17 10:50:39,18319.2,0
2021-06-17 10:50:40,18318.1,0
2021-06-17 10:50:43,18317.35,0
2021-06-17 10:50:53,18312.45,0
2021-06-17 10:50:57,18316.95,0
2021-06-17 10:51:00,18313.3,0
2021-06-17 10:51:01,18308.5,0
2021-06-17 10:51:02,18313.6,0
2021-06-17 10:51:03,18313.05,0
2021-06-17 10:51:04,18312.65,0
2021-06-17 10:51:06,18311.95,0
2021-06-17 10:51:16,18315.2,0
2021-06-17 10:51:17,18316.0,0
2021-06-17 10:51:19,18318.35,0
2021-06-17 10:51:23,18318.9,0
2021-06-17 10:51:32,18318.1,0
2021-06-17 10:51:37,18319.5,0
2021-06-17 10:51:45,18321.25,0
2021-06-17 10:51:47,18320.05,0
2021-06-17 10:51:50,18318.9,0
2021-06-17 10:51:51,18316.5,0
2021-06-17 10:51:52,18318.9,0
2021-06-17 10:51:54,18319.4,0
2021-06-17 10:51:55,18320.5,0
2021-06-17 10:51:58,18318.3,0
2021-06-17 10:52:03,18317.1,0
2021-06-17 10:52:09,18321.5,0
2021-06-17 10:52:10,18319.2,0
2021-06-17 10:52:12,18319.3,0
2021-06-17 10:52:15,18321.3,0
2021-06-17 10:52:16,18317.7,0
2021-06-17 10:52:18,18321.1,0
2021-06-17 10:52:19,18319.35,0
2021-06-17 10:52:22,18318.4,0
2021-06-17 10:52:25,18318.85,0
2021-06-17 10:52:27,18317.35,0
2021-06-17 10:52:29,18318.7,0
2021-06-17 10:52:38,18315.8,0
2021-06-17 10:52:40,18316.2,0
2021-06-17 10:52:41,18317.3,0
2021-06-17 10:52:46,18315.55,0
2021-06-17 10:52:50,18310.4,0
2021-06-17 10:52:51,18315.4,0
2021-06-17 10:53:03,18322.2,0
2021-06-17 10:53:04,18322.4,0
2021-06-17 10:53:08,18320.85,0
2021-06-17 10:53:14,18321.45,0
2021-06-17 10:53:15,18322.15,0
2021-06-17 10:53:18,18326.9,0
2021-06-17 10:53:23,18326.15,0
2021-06-17 10:53:24,18328.75,0
2021-06-17 10:53:29,18328.8,0
2021-06-17 10:53:35,18326.35,0
2021-06-17 10:53:36,18325.45,0
2021-06-17 10:53:37,18323.55,0
2021-06-17 10:53:39,18327.0,0
2021-06-17 10:53:40,18324.3,0
2021-06-17 10:53:41,18327.6,0
2021-06-17 10:53:45,18326.8,0
2021-06-17 10:53:47,18326.9,0
2021-06-17 10:53:48,18326.5,0
2021-06-17 10:53:49,18326.0,0
2021-06-17 10:53:50,18326.1,0
2021-06-17 10:53:51,18326.5,0
2021-06-17 10:53:52,18326.3,0
2021-06-17 10:53:53,18327.45,0
2021-06-17 10:53:54,18326.6,0
2021-06-17 10:53:55,18328.55,0
2021-06-17 10:53:56,18326.4,0
2021-06-17 10:54:00,18325.95,0
2021-06-17 10:54:02,18328.1,0
2021-06-17 10:54:03,18328.55,0
2021-06-17 10:54:05,18328.15,0
2021-06-17 10:54:10,18325.25,0
2021-06-17 10:54:11,18325.25,0
2021-06-17 10:54:13,18323.95,0
2021-06-17 10:54:17,18322.8,0
2021-06-17 10:54:20,18325.15,0
2021-06-17 10:54:25,18318.5,0
2021-06-17 10:54:26,18318.4,0
2021-06-17 10:54:30,18319.4,0
2021-06-17 10:54:33,18319.75,0
2021-06-17 10:54:35,18319.75,0
2021-06-17 10:54:36,18321.95,0
2021-06-17 10:54:43,18320.3,0
2021-06-17 10:54:44,18322.25,0
2021-06-17 10:54:49,18324.25,0
2021-06-17 10:54:51,18325.05,0
2021-06-17 10:54:52,18325.45,0
2021-06-17 10:54:53,18322.75,0
2021-06-17 10:54:57,18323.35,0
2021-06-17 10:55:01,18325.4,0
2021-06-17 10:55:02,18325.0,0
2021-06-17 10:55:08,18327.75,0
2021-06-17 10:55:11,18326.35,0
2021-06-17 10:55:24,18322.25,0
2021-06-17 10:55:25,18323.45,0
2021-06-17 10:55:28,18322.2,0
2021-06-17 10:55:30,18321.6,0
2021-06-17 10:55:36,18320.45,0
2021-06-17 10:55:38,18320.75,0
2021-06-17 10:55:39,18321.8,0
2021-06-17 10:55:41,18321.9,0
2021-06-17 10:55:44,18320.75,0
2021-06-17 10:55:45,18322.55,0
2021-06-17 10:55:50,18320.9,0
2021-06-17 10:55:51,18322.85,0
2021-06-17 10:55:52,18322.55,0
2021-06-17 10:55:53,18322.55,0
2021-06-17 10:55:54,18322.05,0
2021-06-17 10:55:55,18322.2,0
2021-06-17 10:55:59,18322.6,0
2021-06-17 10:56:00,18322.1,0
2021-06-17 10:56:03,18322.8,0
2021-06-17 10:56:10,18319.9,0
2021-06-17 10:56:11,18317.85,0
2021-06-17 10:56:14,18316.65,0
2021-06-17 10:56:16,18315.3,0
2021-06-17 10:56:17,18319.0,0
2021-06-17 10:56:18,18318.25,0
2021-06-17 10:56:22,18318.35,0
2021-06-17 10:56:23,18316.6,0
2021-06-17 10:56:24,18317.65,0
2021-06-17 10:56:31,18318.6,0
2021-06-17 10:56:33,18315.7,0
2021-06-17 10:56:34,18314.95,0
2021-06-17 10:56:40,18318.6,0
2021-06-17 10:56:45,18321.35,0
2021-06-17 10:56:46,18321.35,0
2021-06-17 10:56:54,18321.65,0
2021-06-17 10:56:56,18321.35,0
2021-06-17 10:56:57,18321.65,0
2021-06-17 10:57:00,18321.15,0
2021-06-17 10:57:06,18322.75,0
2021-06-17 10:57:10,18321.9,0
2021-06-17 10:57:11,18322.2,0
2021-06-17 10:57:12,18322.0,0
2021-06-17 10:57:17,18322.4,0
2021-06-17 10:57:25,18324.0,0
2021-06-17 10:57:27,18324.1,0
2021-06-17 10:57:33,18323.85,0
2021-06-17 10:57:37,18324.35,0
2021-06-17 10:57:39,18324.7,0
2021-06-17 10:57:42,18324.9,0
2021-06-17 10:57:43,18324.15,0
2021-06-17 10:57:47,18324.35,0
2021-06-17 10:57:48,18324.25,0
2021-06-17 10:57:49,18324.15,0
2021-06-17 10:57:51,18324.55,0
2021-06-17 10:57:53,18325.1,0
2021-06-17 10:57:54,18324.35,0
2021-06-17 10:57:56,18325.0,0
2021-06-17 10:57:59,18324.75,0
2021-06-17 10:58:01,18322.95,0
2021-06-17 10:58:07,18323.8,0
2021-06-17 10:58:10,18325.9,0
2021-06-17 10:58:12,18326.55,0
2021-06-17 10:58:15,18326.4,0
2021-06-17 10:58:24,18325.2,0
2021-06-17 10:58:39,18322.05,0
2021-06-17 10:58:41,18322.8,0
2021-06-17 10:58:42,18321.75,0
2021-06-17 10:58:43,18320.0,0
2021-06-17 10:58:44,18318.8,0
2021-06-17 10:58:50,18312.55,0
2021-06-17 10:58:51,18315.05,0
2021-06-17 10:58:53,18312.55,0
2021-06-17 10:58:55,18314.7,0
2021-06-17 10:58:57,18312.45,0
2021-06-17 10:59:02,18317.1,0
2021-06-17 10:59:04,18315.95,0
2021-06-17 10:59:05,18318.35,0
2021-06-17 10:59:11,18315.9,0
2021-06-17 10:59:13,18316.85,0
2021-06-17 10:59:14,18316.1,0
2021-06-17 10:59:17,18315.45,0
2021-06-17 10:59:20,18316.6,0
2021-06-17 10:59:24,18315.9,0
2021-06-17 10:59:29,18315.95,0
2021-06-17 10:59:30,18316.1,0
2021-06-17 10:59:32,18313.45,0
2021-06-17 10:59:33,18313.45,0
2021-06-17 10:59:34,18315.1,0
2021-06-17 10:59:39,18315.2,0
2021-06-17 10:59:40,18313.3,0
2021-06-17 10:59:42,18314.7,0
2021-06-17 10:59:46,18317.0,0
2021-06-17 11:00:00,18313.7,0
2021-06-17 11:00:06,18307.5,0
2021-06-17 11:00:08,18308.35,0
2021-06-17 11:00:09,18308.95,0
2021-06-17 11:00:12,18307.15,0
2021-06-17 11:00:14,18307.4,0
2021-06-17 11:00:15,18306.8,0
2021-06-17 11:00:19,18305.9,0
2021-06-17 11:00:25,18303.8,0
2021-06-17 11:00:26,18302.75,0
2021-06-17 11:00:31,18303.3,0
2021-06-17 11:00:32,18304.8,0
2021-06-17 11:00:33,18303.35,0
2021-06-17 11:00:37,18304.6,0
2021-06-17 11:00:41,18305.4,0
2021-06-17 11:00:42,18304.75,0
2021-06-17 11:00:43,18307.9,0
2021-06-17 11:00:45,18306.4,0
2021-06-17 11:00:50,18304.4,0
2021-06-17 11:00:55,18308.0,0
2021-06-17 11:01:00,18308.55,0
2021-06-17 11:01:05,18309.35,0
2021-06-17 11:01:06,18308.6,0
2021-06-17 11:01:15,18310.35,0
2021-06-17 11:01:19,18308.4,0
2021-06-17 11:01:20,18310.9,0
2021-06-17 11:01:24,18311.35,0
2021-06-17 11:01:26,18308.3,0
2021-06-17 11:01:28,18310.1,0
2021-06-17 11:01:30,18308.1,0
2021-06-17 11:01:32,18310.65,0
2021-06-17 11:01:33,18310.1,0
2021-06-17 11:01:48,18310.9,0
2021-06-17 11:01:51,18310.4,0
2021-06-17 11:01:53,18310.95,0
2021-06-17 11:01:56,18311.45,0
2021-06-17 11:02:00,18311.2,0
2021-06-17 11:02:02,18309.35,0
2021-06-17 11:02:05,18311.1,0
2021-06-17 11:02:06,18310.75,0
2021-06-17 11:02:10,18310.35,0
2021-06-17 11:02:11,18310.45,0
2021-06-17 11:02:14,18309.85,0
2021-06-17 11:02:15,18312.2,0
2021-06-17 11:02:19,18313.35,0
2021-06-17 11:02:20,18315.05,0
2021-06-17 11:02:23,18315.35,0
2021-06-17 11:02:24,18314.25,0
2021-06-17 11:02:26,18317.3,0
2021-06-17 11:02:32,18318.6,0
2021-06-17 11:02:34,18318.05,0
2021-06-17 11:02:36,18316.45,0
2021-06-17 11:02:39,18311.7,0
2021-06-17 11:02:41,18314.0,0
2021-06-17 11:02:43,18314.0,0
2021-06-17 11:02:45,18312.6,0
2021-06-17 11:02:47,18314.35,0
2021-06-17 11:02:50,18314.65,0
2021-06-17 11:02:51,18315.85,0
2021-06-17 11:02:52,18313.1,0
2021-06-17 11:02:56,18314.5,0
2021-06-17 11:02:57,18313.85,0
2021-06-17 11:02:58,18313.75,0
2021-06-17 11:03:05,18314.45,0
2021-06-17 11:03:09,18314.2,0
2021-06-17 11:03:11,18311.5,0
2021-06-17 11:03:21,18310.3,0
2021-06-17 11:03:23,18313.0,0
2021-06-17 11:03:26,18312.7,0
2021-06-17 11:03:32,18311.15,0
2021-06-17 11:03:47,18312.5,0
2021-06-17 11:03:49,18313.75,0
2021-06-17 11:03:54,18312.5,0
2021-06-17 11:03:56,18312.05,0
2021-06-17 11:03:59,18310.55,0
2021-06-17 11:04:01,18312.3,0
2021-06-17 11:04:03,18312.9,0
2021-06-17 11:04:08,18312.75,0
2021-06-17 11:04:10,18311.8,0
2021-06-17 11:04:12,18311.8,0
2021-06-17 11:04:13,18312.05,0
2021-06-17 11:04:17,18311.65,0
2021-06-17 11:04:20,18311.9,0
2021-06-17 11:04:21,18311.9,0
2021-06-17 11:04:25,18308.9,0
2021-06-17 11:04:27,18309.9,0
2021-06-17 11:04:31,18310.9,0
2021-06-17 11:04:38,18310.05,0
2021-06-17 11:04:39,18307.4,0
2021-06-17 11:04:40,18306.45,0
2021-06-17 11:04:42,18306.2,0
2021-06-17 11:04:49,18307.75,0
2021-06-17 11:04:50,18308.45,0
2021-06-17 11:04:51,18306.6,0
2021-06-17 11:05:02,18309.35,0
2021-06-17 11:05:03,18308.75,0
2021-06-17 11:05:09,18308.0,0
2021-06-17 11:05:10,18308.35,0
2021-06-17 11:05:13,18310.35,0
2021-06-17 11:05:14,18310.9,0
2021-06-17 11:05:18,18312.7,0
2021-06-17 11:05:20,18313.3,0
2021-06-17 11:05:24,18314.15,0
2021-06-17 11:05:33,18313.1,0
2021-06-17 11:05:34,18313.25,0
2021-06-17 11:05:35,18315.05,0
2021-06-17 11:05:36,18315.95,0
2021-06-17 11:05:38,18314.05,0
2021-06-17 11:05:39,18313.7,0
2021-06-17 11:05:42,18313.45,0
2021-06-17 11:05:45,18313.6,0
2021-06-17 11:06:06,18308.3,0
2021-06-17 11:06:10,18310.8,0
2021-06-17 11:06:19,18308.7,0
2021-06-17 11:06:25,18307.75,0
2021-06-17 11:06:27,18309.7,0
2021-06-17 11:06:35,18309.0,0
2021-06-17 11:06:36,18309.0,0
2021-06-17 11:06:39,18308.45,0
2021-06-17 11:06:41,18307.15,0
2021-06-17 11:06:47,18308.75,0
2021-06-17 11:06:53,18308.35,0
2021-06-17 11:06:55,18310.15,0
2021-06-17 11:07:02,18310.55,0
2021-06-17 11:07:03,18310.5,0
2021-06-17 11:07:04,18311.3,0
2021-06-17 11:07:09,18313.55,0
2021-06-17 11:07:14,18313.2,0
2021-06-17 11:07:19,18311.65,0
2021-06-17 11:07:21,18311.25,0
2021-06-17 11:07:23,18310.65,0
2021-06-17 11:07:24,18311.85,0
2021-06-17 11:07:29,18313.4,0
2021-06-17 11:07:30,18310.85,0
2021-06-17 11:07:31,18311.55,0
2021-06-17 11:07:33,18312.15,0
2021-06-17 11:07:34,18311.65,0
2021-06-17 11:07:35,18311.35,0
2021-06-17 11:07:36,18315.05,0
2021-06-17 11:07:37,18312.2,0
2021-06-17 11:07:39,18314.0,0
2021-06-17 11:07:45,18312.4,0
2021-06-17 11:07:47,18313.35,0
2021-06-17 11:07:57,18314.3,0
2021-06-17 11:07:59,18314.15,0
2021-06-17 11:08:01,18315.35,0
2021-06-17 11:08:02,18313.15,0
2021-06-17 11:08:03,18314.3,0
2021-06-17 11:08:10,18315.75,0
2021-06-17 11:08:13,18313.95,0
2021-06-17 11:08:14,18313.15,0
2021-06-17 11:08:20,18313.75,0
2021-06-17 11:08:33,18315.25,0
2021-06-17 11:08:38,18313.65,0
2021-06-17 11:08:40,18312.85,0
2021-06-17 11:08:46,18312.95,0
2021-06-17 11:08:51,18313.9,0
2021-06-17 11:08:52,18312.5,0
2021-06-17 11:08:53,18312.7,0
2021-06-17 11:08:58,18312.55,0
2021-06-17 11:08:59,18311.95,0
2021-06-17 11:09:03,18313.6,0
2021-06-17 11:09:06,18314.15,0
2021-06-17 11:09:12,18313.3,0
2021-06-17 11:09:14,18312.9,0
2021-06-17 11:09:15,18310.4,0
2021-06-17 11:09:17,18311.2,0
2021-06-17 11:09:18,18313.15,0
2021-06-17 11:09:23,18312.55,0
2021-06-17 11:09:24,18311.15,0
2021-06-17 11:09:32,18309.65,0
2021-06-17 11:09:34,18310.6,0
2021-06-17 11:09:37,18306.45,0
2021-06-17 11:09:42,18308.9,0
2021-06-17 11:09:44,18308.2,0
2021-06-17 11:09:47,18305.45,0
2021-06-17 11:09:48,18306.45,0
2021-06-17 11:09:53,18305.95,0
2021-06-17 11:09:54,18305.8,0
2021-06-17 11:09:55,18307.55,0
2021-06-17 11:09:59,18309.6,0
2021-06-17 11:10:10,18308.75,0
2021-06-17 11:10:14,18309.3,0
2021-06-17 11:10:23,18309.2,0
2021-06-17 11:10:26,18309.05,0
2021-06-17 11:10:30,18313.3,0
2021-06-17 11:10:41,18314.05,0
2021-06-17 11:10:42,18313.45,0
2021-06-17 11:10:49,18311.65,0
2021-06-17 11:10:53,18310.7,0
2021-06-17 11:10:54,18310.15,0
2021-06-17 11:10:59,18311.85,0
2021-06-17 11:11:04,18309.05,0
2021-06-17 11:11:07,18313.5,0
2021-06-17 11:11:10,18312.65,0
2021-06-17 11:11:11,18309.6,0
2021-06-17 11:11:13,18310.5,0
2021-06-17 11:11:19,18313.15,0
2021-06-17 11:11:21,18311.65,0
2021-06-17 11:11:23,18312.2,0
2021-06-17 11:11:27,18312.4,0
2021-06-17 11:11:30,18312.65,0
2021-06-17 11:11:34,18313.85,0
2021-06-17 11:11:35,18313.55,0
2021-06-17 11:11:38,18313.65,0
2021-06-17 11:11:39,18311.45,0
2021-06-17 11:11:42,18313.05,0
2021-06-17 11:11:46,18313.6,0
2021-06-17 11:11:47,18313.6,0
2021-06-17 11:11:48,18312.05,0
2021-06-17 11:11:50,18311.1,0
2021-06-17 11:11:53,18311.0,0
2021-06-17 11:11:57,18313.9,0
2021-06-17 11:12:04,18311.55,0
2021-06-17 11:12:08,18312.95,0
2021-06-17 11:12:09,18313.3,0
2021-06-17 11:12:10,18312.75,0
2021-06-17 11:12:12,18313.3,0
2021-06-17 11:12:21,18312.1,0
2021-06-17 11:12:22,18309.95,0
2021-06-17 11:12:23,18310.1,0
2021-06-17 11:12:24,18308.05,0
2021-06-17 11:12:27,18312.3,0
2021-06-17 11:12:31,18311.7,0
2021-06-17 11:12:37,18310.4,0
2021-06-17 11:12:38,18312.4,0
2021-06-17 11:12:41,18309.3,0
2021-06-17 11:12:44,18309.85,0
2021-06-17 11:12:51,18309.7,0
2021-06-17 11:12:53,18313.15,0
2021-06-17 11:12:58,18309.1,0
2021-06-17 11:12:59,18311.45,0
2021-06-17 11:13:00,18311.75,0
2021-06-17 11:13:03,18311.35,0
2021-06-17 11:13:05,18309.55,0
2021-06-17 11:13:07,18311.75,0
2021-06-17 11:13:08,18309.65,0
2021-06-17 11:13:10,18311.9,0
2021-06-17 11:13:15,18309.15,0
2021-06-17 11:13:17,18310.7,0
2021-06-17 11:13:19,18312.2,0
2021-06-17 11:13:25,18311.65,0
2021-06-17 11:13:27,18310.6,0
2021-06-17 11:13:28,18312.45,0
2021-06-17 11:13:32,18311.4,0
2021-06-17 11:13:33,18310.95,0
2021-06-17 11:13:35,18312.15,0
2021-06-17 11:13:37,18312.25,0
2021-06-17 11:13:42,18308.1,0
2021-06-17 11:13:47,18308.4,0
2021-06-17 11:13:53,18306.5,0
2021-06-17 11:13:58,18308.5,0
2021-06-17 11:14:02,18307.7,0
2021-06-17 11:14:03,18308.65,0
2021-06-17 11:14:11,18306.9,0
2021-06-17 11:14:12,18306.65,0
2021-06-17 11:14:13,18308.85,0
2021-06-17 11:14:14,18306.55,0
2021-06-17 11:14:15,18306.75,0
2021-06-17 11:14:17,18308.25,0
2021-06-17 11:14:18,18309.75,0
2021-06-17 11:14:20,18307.5,0
2021-06-17 11:14:26,18308.95,0
2021-06-17 11:14:27,18309.55,0
2021-06-17 11:14:28,18311.2,0
2021-06-17 11:14:31,18310.9,0
2021-06-17 11:14:36,18308.5,0
2021-06-17 11:14:37,18308.25,0
2021-06-17 11:14:39,18311.4,0
2021-06-17 11:14:48,18311.15,0
2021-06-17 11:14:54,18312.45,0
2021-06-17 11:14:55,18311.3,0
2021-06-17 11:14:57,18312.3,0
2021-06-17 11:15:00,18310.85,0
2021-06-17 11:15:02,18309.8,0
2021-06-17 11:15:06,18309.2,0
2021-06-17 11:15:08,18310.1,0
2021-06-17 11:15:09,18310.1,0
2021-06-17 11:15:10,18310.7,0
2021-06-17 11:15:11,18309.7,0
2021-06-17 11:15:12,18309.9,0
2021-06-17 11:15:15,18306.9,0
2021-06-17 11:15:18,18307.95,0
2021-06-17 11:15:19,18304.4,0
2021-06-17 11:15:21,18305.1,0
2021-06-17 11:15:24,18301.3,0
2021-06-17 11:15:29,18303.75,0
2021-06-17 11:15:31,18303.0,0
2021-06-17 11:15:32,18303.15,0
2021-06-17 11:15:34,18302.15,0
2021-06-17 11:15:46,18305.45,0
2021-06-17 11:15:52,18305.9,0
2021-06-17 11:15:53,18304.1,0
2021-06-17 11:15:55,18305.7,0
2021-06-17 11:15:57,18304.1,0
2021-06-17 11:15:59,18305.25,0
2021-06-17 11:16:10,18304.65,0
2021-06-17 11:16:12,18304.45,0
2021-06-17 11:16:14,18305.2,0
2021-06-17 11:16:17,18306.3,0
2021-06-17 11:16:23,18305.15,0
2021-06-17 11:16:30,18304.8,0
2021-06-17 11:16:33,18306.45,0
2021-06-17 11:16:37,18306.4,0
2021-06-17 11:16:40,18306.7,0
2021-06-17 11:16:41,18304.65,0
2021-06-17 11:16:42,18304.8,0
2021-06-17 11:16:45,18306.8,0
2021-06-17 11:16:52,18305.75,0
2021-06-17 11:16:53,18305.8,0
2021-06-17 11:16:54,18304.7,0
2021-06-17 11:16:58,18303.65,0
2021-06-17 11:17:05,18303.55,0
2021-06-17 11:17:06,18303.85,0
2021-06-17 11:17:07,18303.95,0
2021-06-17 11:17:11,18304.05,0
2021-06-17 11:17:13,18303.75,0
2021-06-17 11:17:17,18303.6,0
2021-06-17 11:17:18,18301.55,0
2021-06-17 11:17:21,18303.75,0
2021-06-17 11:17:24,18301.9,0
2021-06-17 11:17:26,18302.1,0
2021-06-17 11:17:31,18302.3,0
2021-06-17 11:17:34,18304.6,0
2021-06-17 11:17:36,18301.9,0
2021-06-17 11:17:39,18304.05,0
2021-06-17 11:17:40,18304.6,0
2021-06-17 11:17:41,18304.5,0
2021-06-17 11:17:43,18304.65,0
2021-06-17 11:17:52,18303.85,0
2021-06-17 11:17:54,18303.55,0
2021-06-17 11:17:55,18303.85,0
2021-06-17 11:17:56,18303.0,0
2021-06-17 11:17:58,18300.9,0
2021-06-17 11:18:01,18302.9,0
2021-06-17 11:18:04,18303.25,0
2021-06-17 11:18:05,18303.1,0
2021-06-17 11:18:06,18301.15,0
2021-06-17 11:18:08,18300.6,0
2021-06-17 11:18:12,18300.7,0
2021-06-17 11:18:15,18301.05,0
2021-06-17 11:18:16,18299.25,0
2021-06-17 11:18:17,18299.85,0
2021-06-17 11:18:18,18301.75,0
2021-06-17 11:18:22,18302.25,0
2021-06-17 11:18:24,18300.55,0
2021-06-17 11:18:26,18301.05,0
2021-06-17 11:18:31,18300.05,0
2021-06-17 11:18:36,18299.45,0
2021-06-17 11:18:39,18302.7,0
2021-06-17 11:18:41,18303.1,0
2021-06-17 11:18:43,18302.9,0
2021-06-17 11:18:44,18302.75,0
2021-06-17 11:18:49,18299.75,0
2021-06-17 11:18:51,18302.0,0
2021-06-17 11:18:52,18302.2,0
2021-06-17 11:18:53,18302.4,0
2021-06-17 11:18:55,18300.4,0
2021-06-17 11:18:57,18303.65,0
2021-06-17 11:18:58,18304.0,0
2021-06-17 11:19:01,18302.65,0
2021-06-17 11:19:05,18303.2,0
2021-06-17 11:19:06,18302.5,0
2021-06-17 11:19:11,18295.1,0
2021-06-17 11:19:23,18298.2,0
2021-06-17 11:19:24,18298.9,0
2021-06-17 11:19:27,18299.3,0
2021-06-17 11:19:30,18297.35,0
2021-06-17 11:19:33,18298.85,0
2021-06-17 11:19:41,18295.4,0
2021-06-17 11:19:46,18298.4,0
2021-06-17 11:19:49,18296.75,0
2021-06-17 11:19:54,18298.45,0
2021-06-17 11:20:02,18296.2,0
2021-06-17 11:20:05,18297.05,0
2021-06-17 11:20:06,18297.75,0
2021-06-17 11:20:13,18294.7,0
2021-06-17 11:20:17,18297.85,0
2021-06-17 11:20:20,18295.55,0
2021-06-17 11:20:24,18298.6,0
2021-06-17 11:20:28,18299.5,0
2021-06-17 11:20:31,18298.3,0
2021-06-17 11:20:33,18298.8,0
2021-06-17 11:20:36,18299.35,0
2021-06-17 11:20:47,18297.25,0
2021-06-17 11:20:56,18302.15,0
2021-06-17 11:21:04,18300.8,0
2021-06-17 11:21:05,18299.25,0
2021-06-17 11:21:12,18301.5,0
2021-06-17 11:21:14,18299.45,0
2021-06-17 11:21:18,18299.05,0
2021-06-17 11:21:21,18291.95,0
2021-06-17 11:21:24,18291.35,0
2021-06-17 11:21:26,18290.35,0
2021-06-17 11:21:31,18291.0,0
2021-06-17 11:21:32,18290.95,0
2021-06-17 11:21:34,18290.75,0
2021-06-17 11:21:37,18293.05,0
2021-06-17 11:21:45,18291.05,0
2021-06-17 11:21:46,18289.65,0
2021-06-17 11:21:49,18292.65,0
2021-06-17 11:21:50,18293.15,0
2021-06-17 11:21:52,18290.35,0
2021-06-17 11:21:56,18293.3,0
2021-06-17 11:21:57,18291.35,0
2021-06-17 11:22:00,18291.8,0
2021-06-17 11:22:01,18292.0,0
2021-06-17 11:22:07,18291.2,0
2021-06-17 11:22:09,18293.35,0
2021-06-17 11:22:14,18293.0,0
2021-06-17 11:22:24,18290.25,0
2021-06-17 11:22:30,18284.35,0
2021-06-17 11:22:42,18289.85,0
2021-06-17 11:22:47,18290.75,0
2021-06-17 11:22:52,18289.5,0
2021-06-17 11:22:54,18290.9,0
2021-06-17 11:22:55,18289.25,0
2021-06-17 11:23:09,18289.95,0
2021-06-17 11:23:12,18287.85,0
2021-06-17 11:23:14,18286.9,0
2021-06-17 11:23:18,18284.2,0
2021-06-17 11:23:25,18285.9,0
2021-06-17 11:23:26,18286.45,0
2021-06-17 11:23:28,18286.45,0
2021-06-17 11:23:30,18283.2,0
2021-06-17 11:23:35,18287.5,0
2021-06-17 11:23:36,18287.7,0
2021-06-17 11:23:39,18287.05,0
2021-06-17 11:23:42,18285.35,0
2021-06-17 11:23:47,18287.2,0
2021-06-17 11:23:49,18287.1,0
2021-06-17 11:23:56,18287.9,0
2021-06-17 11:23:58,18286.3,0
2021-06-17 11:24:07,18291.3,0
2021-06-17 11:24:08,18289.95,0
2021-06-17 11:24:12,18288.15,0
2021-06-17 11:24:14,18291.7,0
2021-06-17 11:24:16,18289.45,0
2021-06-17 11:24:23,18290.4,0
2021-06-17 11:24:24,18292.15,0
2021-06-17 11:24:26,18292.15,0
2021-06-17 11:24:27,18292.5,0
2021-06-17 11:24:37,18294.05,0
2021-06-17 11:24:39,18291.95,0
2021-06-17 11:24:40,18295.55,0
2021-06-17 11:24:50,18294.45,0
2021-06-17 11:24:54,18292.75,0
2021-06-17 11:24:55,18293.5,0
2021-06-17 11:24:57,18293.5,0
2021-06-17 11:25:00,18294.8,0
2021-06-17 11:25:02,18295.75,0
2021-06-17 11:25:08,18295.95,0
2021-06-17 11:25:09,18295.5,0
2021-06-17 11:25:11,18295.6,0
2021-06-17 11:25:12,18294.0,0
2021-06-17 11:25:17,18296.0,0
2021-06-17 11:25:20,18295.85,0
2021-06-17 11:25:22,18296.25,0
2021-06-17 11:25:24,18298.35,0
2021-06-17 11:25:26,18297.65,0
2021-06-17 11:25:28,18298.0,0
2021-06-17 11:25:29,18298.0,0
2021-06-17 11:25:31,18296.3,0
2021-06-17 11:25:33,18297.4,0
2021-06-17 11:25:36,18299.1,0
2021-06-17 11:25:38,18296.85,0
2021-06-17 11:25:42,18297.3,0
2021-06-17 11:25:46,18297.65,0
2021-06-17 11:25:51,18298.0,0
2021-06-17 11:25:53,18300.15,0
2021-06-17 11:25:54,18300.6,0
2021-06-17 11:26:01,18298.15,0
2021-06-17 11:26:04,18298.25,0
2021-06-17 11:26:05,18298.25,0
2021-06-17 11:26:06,18297.9,0
2021-06-17 11:26:07,18298.5,0
2021-06-17 11:26:08,18299.9,0
2021-06-17 11:26:14,18298.9,0
2021-06-17 11:26:21,18300.85,0
2021-06-17 11:26:27,18301.6,0
2021-06-17 11:26:28,18300.8,0
2021-06-17 11:26:33,18301.2,0
2021-06-17 11:26:34,18299.6,0
2021-06-17 11:26:47,18301.3,0
2021-06-17 11:26:48,18301.35,0
2021-06-17 11:26:55,18300.95,0
2021-06-17 11:26:59,18298.45,0
2021-06-17 11:27:00,18300.45,0
2021-06-17 11:27:06,18300.45,0
2021-06-17 11:27:11,18300.55,0
2021-06-17 11:27:14,18298.45,0
2021-06-17 11:27:16,18298.1,0
2021-06-17 11:27:20,18298.15,0
2021-06-17 11:27:21,18298.25,0
2021-06-17 11:27:27,18299.65,0
2021-06-17 11:27:28,18300.45,0
2021-06-17 11:27:29,18300.15,0
2021-06-17 11:27:42,18300.8,0
2021-06-17 11:27:44,18301.25,0
2021-06-17 11:27:48,18301.25,0
2021-06-17 11:27:49,18301.5,0
2021-06-17 11:27:54,18301.1,0
2021-06-17 11:27:55,18300.55,0
2021-06-17 11:27:56,18299.05,0
2021-06-17 11:27:57,18298.05,0
2021-06-17 11:28:00,18297.35,0
2021-06-17 11:28:03,18295.35,0
2021-06-17 11:28:06,18295.85,0
2021-06-17 11:28:08,18295.6,0
2021-06-17 11:28:09,18294.7,0
2021-06-17 11:28:11,18294.2,0
2021-06-17 11:28:12,18294.45,0
2021-06-17 11:28:18,18296.45,0
2021-06-17 11:28:26,18296.7,0
2021-06-17 11:28:31,18296.1,0
2021-06-17 11:28:33,18295.35,0
2021-06-17 11:28:36,18293.6,0
2021-06-17 11:28:39,18293.1,0
2021-06-17 11:28:40,18292.7,0
2021-06-17 11:28:50,18292.8,0
2021-06-17 11:28:51,18293.1,0
2021-06-17 11:29:02,18294.1,0
2021-06-17 11:29:07,18294.35,0
2021-06-17 11:29:09,18290.2,0
2021-06-17 11:29:10,18289.9,0
2021-06-17 11:29:12,18289.75,0
2021-06-17 11:29:13,18293.35,0
2021-06-17 11:29:14,18293.25,0
2021-06-17 11:29:21,18292.5,0
2021-06-17 11:29:25,18291.85,0
2021-06-17 11:29:31,18292.9,0
2021-06-17 11:29:32,18291.75,0
2021-06-17 11:29:34,18292.8,0
2021-06-17 11:29:37,18294.25,0
2021-06-17 11:29:43,18294.85,0
2021-06-17 11:29:44,18292.7,0
2021-06-17 11:29:45,18293.1,0
2021-06-17 11:29:47,18294.95,0
2021-06-17 11:29:49,18292.4,0
2021-06-17 11:29:50,18294.15,0
2021-06-17 11:29:53,18298.3,0
2021-06-17 11:29:54,18296.2,0
2021-06-17 11:29:56,18295.6,0
2021-06-17 11:29:58,18298.2,0
2021-06-17 11:30:06,18301.3,0
2021-06-17 11:30:07,18300.55,0
2021-06-17 11:30:08,18301.55,0
2021-06-17 11:30:09,18301.9,0
2021-06-17 11:30:12,18300.05,0
2021-06-17 11:30:13,18301.2,0
2021-06-17 11:30:17,18299.5,0
2021-06-17 11:30:21,18301.1,0
2021-06-17 11:30:22,18301.45,0
2021-06-17 11:30:24,18299.0,0
2021-06-17 11:30:25,18301.8,0
2021-06-17 11:30:29,18298.85,0
2021-06-17 11:30:30,18298.65,0
2021-06-17 11:30:35,18298.2,0
2021-06-17 11:30:38,18300.95,0
2021-06-17 11:30:39,18299.75,0
2021-06-17 11:30:40,18300.45,0
2021-06-17 11:30:42,18300.7,0
2021-06-17 11:30:46,18297.6,0
2021-06-17 11:30:47,18299.3,0
2021-06-17 11:30:49,18300.0,0
2021-06-17 11:30:56,18295.0,0
2021-06-17 11:30:57,18298.0,0
2021-06-17 11:30:59,18294.15,0
2021-06-17 11:31:00,18294.75,0
2021-06-17 11:31:03,18296.9,0
2021-06-17 11:31:05,18295.25,0
2021-06-17 11:31:07,18297.65,0
2021-06-17 11:31:08,18297.3,0
2021-06-17 11:31:09,18297.1,0
2021-06-17 11:31:13,18296.05,0
2021-06-17 11:31:24,18293.5,0
2021-06-17 11:31:27,18296.75,0
2021-06-17 11:31:32,18296.85,0
2021-06-17 11:31:34,18297.2,0
2021-06-17 11:31:39,18296.85,0
2021-06-17 11:31:42,18296.15,0
2021-06-17 11:31:43,18297.25,0
2021-06-17 11:31:45,18297.05,0
2021-06-17 11:31:48,18295.5,0
2021-06-17 11:31:52,18293.7,0
2021-06-17 11:31:58,18294.4,0
2021-06-17 11:32:04,18288.7,0
2021-06-17 11:32:05,18288.9,0
2021-06-17 11:32:19,18293.25,0
2021-06-17 11:32:21,18294.8,0
2021-06-17 11:32:29,18293.75,0
2021-06-17 11:32:31,18294.7,0
2021-06-17 11:32:37,18295.25,0
2021-06-17 11:32:40,18293.85,0
2021-06-17 11:32:45,18292.8,0
2021-06-17 11:33:01,18295.35,0
2021-06-17 11:33:12,18295.4,0
2021-06-17 11:33:14,18294.6,0
2021-06-17 11:33:24,18294.0,0
2021-06-17 11:33:27,18294.9,0
2021-06-17 11:33:30,18294.55,0
2021-06-17 11:33:38,18287.85,0
2021-06-17 11:33:45,18287.05,0
2021-06-17 11:33:51,18287.3,0
2021-06-17 11:33:52,18288.5,0
2021-06-17 11:33:56,18282.9,0
2021-06-17 11:33:57,18285.6,0
2021-06-17 11:34:01,18286.5,0
2021-06-17 11:34:04,18285.75,0
2021-06-17 11:34:06,18287.35,0
2021-06-17 11:34:07,18287.6,0
2021-06-17 11:34:09,18286.45,0
2021-06-17 11:34:20,18287.2,0
2021-06-17 11:34:21,18287.9,0
2021-06-17 11:34:24,18287.6,0
2021-06-17 11:34:29,18288.25,0
2021-06-17 11:34:32,18287.9,0
2021-06-17 11:34:37,18288.5,0
2021-06-17 11:34:42,18285.05,0
2021-06-17 11:34:43,18285.6,0
2021-06-17 11:34:48,18283.95,0
2021-06-17 11:34:50,18285.05,0
2021-06-17 11:34:53,18284.15,0
2021-06-17 11:34:55,18284.65,0
2021-06-17 11:34:57,18285.95,0
2021-06-17 11:35:03,18286.1,0
2021-06-17 11:35:12,18279.7,0
2021-06-17 11:35:15,18280.1,0
2021-06-17 11:35:21,18278.5,0
2021-06-17 11:35:24,18281.2,0
2021-06-17 11:35:25,18279.7,0
2021-06-17 11:35:27,18280.1,0
2021-06-17 11:35:29,18281.5,0
2021-06-17 11:35:33,18281.6,0
2021-06-17 11:35:36,18279.2,0
2021-06-17 11:35:38,18280.45,0
2021-06-17 11:35:40,18283.85,0
2021-06-17 11:35:44,18283.35,0
2021-06-17 11:35:49,18285.0,0
2021-06-17 11:35:50,18282.45,0
2021-06-17 11:35:51,18285.35,0
2021-06-17 11:35:54,18287.6,0
2021-06-17 11:35:58,18288.6,0
2021-06-17 11:36:03,18288.45,0
2021-06-17 11:36:04,18289.3,0
2021-06-17 11:36:05,18291.05,0
2021-06-17 11:36:07,18289.45,0
2021-06-17 11:36:12,18288.75,0
2021-06-17 11:36:13,18291.25,0
2021-06-17 11:36:16,18290.0,0
2021-06-17 11:36:17,18292.5,0
2021-06-17 11:36:19,18290.55,0
2021-06-17 11:36:21,18291.25,0
2021-06-17 11:36:27,18292.95,0
2021-06-17 11:36:29,18291.15,0
2021-06-17 11:36:31,18293.0,0
2021-06-17 11:36:32,18292.8,0
2021-06-17 11:36:34,18290.55,0
2021-06-17 11:36:37,18292.6,0
2021-06-17 11:36:42,18293.0,0
2021-06-17 11:36:44,18292.95,0
2021-06-17 11:36:47,18290.35,0
2021-06-17 11:36:49,18292.6,0
2021-06-17 11:37:01,18292.8,0
2021-06-17 11:37:16,18294.65,0
2021-06-17 11:37:22,18293.85,0
2021-06-17 11:37:24,18292.8,0
2021-06-17 11:37:26,18293.35,0
2021-06-17 11:37:29,18292.45,0
2021-06-17 11:37:31,18292.45,0
2021-06-17 11:37:42,18290.95,0
2021-06-17 11:37:44,18289.7,0
2021-06-17 11:37:46,18289.05,0
2021-06-17 11:37:50,18291.55,0
2021-06-17 11:37:51,18289.55,0
2021-06-17 11:38:06,18288.15,0
2021-06-17 11:38:14,18286.25,0
2021-06-17 11:38:20,18285.1,0
2021-06-17 11:38:27,18285.15,0
2021-06-17 11:38:36,18284.85,0
2021-06-17 11:38:45,18282.95,0
2021-06-17 11:38:46,18283.3,0
2021-06-17 11:38:51,18284.2,0
2021-06-17 11:38:52,18285.15,0
2021-06-17 11:38:54,18284.85,0
2021-06-17 11:38:55,18285.2,0
2021-06-17 11:39:01,18283.65,0
2021-06-17 11:39:07,18283.0,0
2021-06-17 11:39:18,18282.4,0
2021-06-17 11:39:26,18280.25,0
2021-06-17 11:39:27,18282.3,0
2021-06-17 11:39:33,18280.15,0
2021-06-17 11:39:35,18280.3,0
2021-06-17 11:39:38,18281.1,0
2021-06-17 11:39:40,18278.9,0
2021-06-17 11:39:42,18280.45,0
2021-06-17 11:39:45,18280.1,0
2021-06-17 11:39:50,18282.8,0
2021-06-17 11:39:56,18282.9,0
2021-06-17 11:39:57,18284.2,0
2021-06-17 11:40:05,18281.8,0
2021-06-17 11:40:16,18278.0,0
2021-06-17 11:40:25,18278.45,0
2021-06-17 11:40:27,18279.0,0
2021-06-17 11:40:32,18279.8,0
2021-06-17 11:40:38,18285.55,0
2021-06-17 11:40:39,18283.4,0
2021-06-17 11:40:41,18288.6,0
2021-06-17 11:40:42,18289.2,0
2021-06-17 11:40:44,18285.75,0
2021-06-17 11:40:49,18288.3,0
2021-06-17 11:40:50,18288.4,0
2021-06-17 11:40:51,18286.2,0
2021-06-17 11:40:53,18287.7,0
2021-06-17 11:40:54,18285.8,0
2021-06-17 11:40:55,18286.15,0
2021-06-17 11:41:02,18289.6,0
2021-06-17 11:41:14,18286.0,0
2021-06-17 11:41:17,18290.6,0
2021-06-17 11:41:21,18288.45,0
2021-06-17 11:41:25,18287.8,0
2021-06-17 11:41:28,18289.7,0
2021-06-17 11:41:30,18288.8,0
2021-06-17 11:41:32,18289.4,0
2021-06-17 11:41:33,18290.25,0
2021-06-17 11:41:34,18289.8,0
2021-06-17 11:41:35,18287.65,0
2021-06-17 11:41:37,18288.75,0
2021-06-17 11:41:39,18289.7,0
2021-06-17 11:41:40,18288.2,0
2021-06-17 11:41:42,18289.45,0
2021-06-17 11:41:47,18288.95,0
2021-06-17 11:41:53,18290.95,0
2021-06-17 11:41:56,18289.8,0
2021-06-17 11:41:57,18291.3,0
2021-06-17 11:41:59,18292.25,0
2021-06-17 11:42:01,18289.25,0
2021-06-17 11:42:04,18290.8,0
2021-06-17 11:42:08,18291.95,0
2021-06-17 11:42:12,18290.75,0
2021-06-17 11:42:16,18289.9,0
2021-06-17 11:42:18,18289.6,0
2021-06-17 11:42:19,18291.15,0
2021-06-17 11:42:21,18290.05,0
2021-06-17 11:42:23,18290.6,0
2021-06-17 11:42:26,18290.3,0
2021-06-17 11:42:27,18291.9,0
2021-06-17 11:42:28,18292.8,0
2021-06-17 11:42:35,18292.5,0
2021-06-17 11:42:37,18290.0,0
2021-06-17 11:42:39,18291.9,0
2021-06-17 11:42:43,18290.15,0
2021-06-17 11:42:44,18290.3,0
2021-06-17 11:42:50,18291.1,0
2021-06-17 11:42:51,18292.35,0
2021-06-17 11:42:52,18293.3,0
2021-06-17 11:42:54,18293.45,0
2021-06-17 11:42:55,18293.0,0
2021-06-17 11:42:56,18291.25,0
2021-06-17 11:42:58,18293.15,0
2021-06-17 11:43:00,18293.0,0
2021-06-17 11:43:03,18292.05,0
2021-06-17 11:43:05,18294.55,0
2021-06-17 11:43:07,18296.0,0
2021-06-17 11:43:10,18295.6,0
2021-06-17 11:43:11,18297.05,0
2021-06-17 11:43:13,18296.7,0
2021-06-17 11:43:17,18294.45,0
2021-06-17 11:43:20,18297.05,0
2021-06-17 11:43:23,18295.35,0
2021-06-17 11:43:24,18295.0,0
2021-06-17 11:43:25,18295.95,0
2021-06-17 11:43:29,18296.55,0
2021-06-17 11:43:35,18296.75,0
2021-06-17 11:43:36,18296.65,0
2021-06-17 11:43:39,18298.25,0
2021-06-17 11:43:45,18298.8,0
2021-06-17 11:43:52,18298.6,0
2021-06-17 11:43:56,18298.5,0
2021-06-17 11:44:00,18298.65,0
2021-06-17 11:44:02,18297.55,0
2021-06-17 11:44:08,18299.45,0
2021-06-17 11:44:10,18298.5,0
2021-06-17 11:44:14,18298.75,0
2021-06-17 11:44:18,18297.7,0
2021-06-17 11:44:23,18298.15,0
2021-06-17 11:44:24,18298.15,0
2021-06-17 11:44:27,18297.55,0
2021-06-17 11:44:29,18297.3,0
2021-06-17 11:44:30,18296.35,0
2021-06-17 11:44:32,18296.2,0
2021-06-17 11:44:35,18293.3,0
2021-06-17 11:44:36,18294.8,0
2021-06-17 11:44:38,18293.9,0
2021-06-17 11:44:41,18297.8,0
2021-06-17 11:44:42,18298.0,0
2021-06-17 11:44:52,18297.15,0
2021-06-17 11:44:54,18297.7,0
2021-06-17 11:44:56,18296.25,0
2021-06-17 11:45:08,18299.75,0
2021-06-17 11:45:20,18297.3,0
2021-06-17 11:45:24,18301.0,0
2021-06-17 11:45:27,18299.35,0
2021-06-17 11:45:29,18300.1,0
2021-06-17 11:45:33,18299.2,0
2021-06-17 11:45:34,18298.5,0
2021-06-17 11:45:35,18301.2,0
2021-06-17 11:45:39,18299.35,0
2021-06-17 11:45:50,18300.75,0
2021-06-17 11:45:53,18300.55,0
2021-06-17 11:45:55,18300.45,0
2021-06-17 11:45:57,18299.9,0
2021-06-17 11:45:59,18298.45,0
2021-06-17 11:46:02,18297.5,0
2021-06-17 11:46:06,18300.0,0
2021-06-17 11:46:07,18300.45,0
2021-06-17 11:46:08,18297.05,0
2021-06-17 11:46:10,18300.45,0
2021-06-17 11:46:14,18297.85,0
2021-06-17 11:46:15,18298.8,0
2021-06-17 11:46:19,18298.2,0
2021-06-17 11:46:20,18294.35,0
2021-06-17 11:46:21,18293.85,0
2021-06-17 11:46:22,18296.15,0
2021-06-17 11:46:26,18294.5,0
2021-06-17 11:46:31,18292.75,0
2021-06-17 11:46:32,18294.5,0
2021-06-17 11:46:37,18293.35,0
2021-06-17 11:46:43,18291.25,0
2021-06-17 11:46:45,18293.6,0
2021-06-17 11:46:46,18291.35,0
2021-06-17 11:46:47,18291.8,0
2021-06-17 11:46:49,18291.5,0
2021-06-17 11:46:58,18292.25,0
2021-06-17 11:47:01,18290.0,0
2021-06-17 11:47:05,18290.9,0
2021-06-17 11:47:06,18290.95,0
2021-06-17 11:47:07,18291.0,0
2021-06-17 11:47:16,18290.1,0
2021-06-17 11:47:19,18290.05,0
2021-06-17 11:47:21,18290.05,0
2021-06-17 11:47:24,18289.8,0
2021-06-17 11:47:30,18289.5,0
2021-06-17 11:47:37,18291.0,0
2021-06-17 11:47:40,18293.45,0
2021-06-17 11:47:43,18293.35,0
2021-06-17 11:47:44,18292.65,0
2021-06-17 11:47:46,18289.35,0
2021-06-17 11:47:50,18291.85,0
2021-06-17 11:47:52,18290.35,0
2021-06-17 11:47:53,18290.35,0
2021-06-17 11:47:55,18289.85,0
2021-06-17 11:47:56,18291.55,0
2021-06-17 11:47:57,18289.55,0
2021-06-17 11:47:59,18290.35,0
2021-06-17 11:48:01,18292.35,0
2021-06-17 11:48:12,18291.1,0
2021-06-17 11:48:15,18289.2,0
2021-06-17 11:48:18,18289.2,0
2021-06-17 11:48:20,18288.75,0
2021-06-17 11:48:23,18287.8,0
2021-06-17 11:48:24,18285.2,0
2021-06-17 11:48:25,18282.7,0
2021-06-17 11:48:28,18286.95,0
2021-06-17 11:48:29,18286.75,0
2021-06-17 11:48:44,18285.25,0
2021-06-17 11:48:45,18285.35,0
2021-06-17 11:48:46,18285.6,0
2021-06-17 11:48:47,18285.45,0
2021-06-17 11:48:49,18287.45,0
2021-06-17 11:48:52,18288.1,0
2021-06-17 11:48:56,18286.0,0
2021-06-17 11:48:57,18287.85,0
2021-06-17 11:48:58,18286.15,0
2021-06-17 11:49:04,18287.0,0
2021-06-17 11:49:06,18289.35,0
2021-06-17 11:49:08,18289.4,0
2021-06-17 11:49:13,18288.05,0
2021-06-17 11:49:16,18287.7,0
2021-06-17 11:49:18,18288.1,0
2021-06-17 11:49:21,18287.85,0
2021-06-17 11:49:22,18288.45,0
2021-06-17 11:49:23,18287.4,0
2021-06-17 11:49:25,18285.8,0
2021-06-17 11:49:26,18284.05,0
2021-06-17 11:49:28,18287.85,0
2021-06-17 11:49:32,18287.65,0
2021-06-17 11:49:33,18287.3,0
2021-06-17 11:49:36,18286.8,0
2021-06-17 11:49:38,18286.55,0
2021-06-17 11:49:45,18289.05,0
2021-06-17 11:49:47,18286.35,0
2021-06-17 11:49:57,18292.85,0
2021-06-17 11:50:01,18295.9,0
2021-06-17 11:50:06,18295.4,0
2021-06-17 11:50:07,18293.5,0
2021-06-17 11:50:09,18293.8,0
2021-06-17 11:50:12,18292.4,0
2021-06-17 11:50:17,18292.45,0
2021-06-17 11:50:20,18291.45,0
2021-06-17 11:50:29,18291.7,0
2021-06-17 11:50:31,18294.35,0
2021-06-17 11:50:33,18294.2,0
2021-06-17 11:50:38,18293.9,0
2021-06-17 11:50:46,18292.15,0
2021-06-17 11:50:55,18293.25,0
2021-06-17 11:50:58,18296.1,0
2021-06-17 11:50:59,18295.45,0
2021-06-17 11:51:00,18295.9,0
2021-06-17 11:51:01,18294.7,0
2021-06-17 11:51:03,18296.65,0
2021-06-17 11:51:04,18297.25,0
2021-06-17 11:51:09,18297.4,0
2021-06-17 11:51:16,18296.6,0
2021-06-17 11:51:28,18298.35,0
2021-06-17 11:51:30,18296.35,0
2021-06-17 11:51:31,18298.3,0
2021-06-17 11:51:37,18297.05,0
2021-06-17 11:51:41,18298.95,0
2021-06-17 11:51:44,18299.4,0
2021-06-17 11:51:45,18299.4,0
2021-06-17 11:51:47,18299.8,0
2021-06-17 11:51:48,18299.7,0
2021-06-17 11:51:49,18297.25,0
2021-06-17 11:51:53,18299.5,0
2021-06-17 11:51:58,18298.65,0
2021-06-17 11:52:03,18294.55,0
2021-06-17 11:52:05,18295.55,0
2021-06-17 11:52:09,18297.25,0
2021-06-17 11:52:10,18296.45,0
2021-06-17 11:52:12,18294.7,0
2021-06-17 11:52:15,18296.2,0
2021-06-17 11:52:17,18295.55,0
2021-06-17 11:52:20,18295.55,0
2021-06-17 11:52:23,18296.85,0
2021-06-17 11:52:24,18295.75,0
2021-06-17 11:52:27,18295.55,0
2021-06-17 11:52:28,18294.85,0
2021-06-17 11:52:40,18292.6,0
2021-06-17 11:52:44,18293.55,0
2021-06-17 11:52:52,18294.75,0
2021-06-17 11:52:55,18294.5,0
2021-06-17 11:52:56,18294.85,0
2021-06-17 11:53:02,18292.55,0
2021-06-17 11:53:08,18295.5,0
2021-06-17 11:53:12,18294.8,0
2021-06-17 11:53:25,18292.5,0
2021-06-17 11:53:28,18293.95,0
2021-06-17 11:53:31,18294.2,0
2021-06-17 11:53:32,18294.0,0
2021-06-17 11:53:33,18294.2,0
2021-06-17 11:53:34,18292.4,0
2021-06-17 11:53:36,18294.05,0
2021-06-17 11:53:46,18293.0,0
2021-06-17 11:53:50,18295.0,0
2021-06-17 11:53:53,18296.85,0
2021-06-17 11:53:58,18297.7,0
2021-06-17 11:54:00,18295.8,0
2021-06-17 11:54:07,18297.25,0
2021-06-17 11:54:08,18297.4,0
2021-06-17 11:54:09,18297.3,0
2021-06-17 11:54:12,18298.25,0
2021-06-17 11:54:14,18297.5,0
2021-06-17 11:54:16,18298.05,0
2021-06-17 11:54:18,18298.65,0
2021-06-17 11:54:21,18296.5,0
2021-06-17 11:54:22,18297.0,0
2021-06-17 11:54:29,18299.0,0
2021-06-17 11:54:30,18297.3,0
2021-06-17 11:54:32,18297.45,0
2021-06-17 11:54:35,18298.9,0
2021-06-17 11:54:38,18299.7,0
2021-06-17 11:54:40,18300.05,0
2021-06-17 11:54:49,18299.35,0
2021-06-17 11:54:55,18299.25,0
2021-06-17 11:54:59,18299.0,0
2021-06-17 11:55:01,18296.6,0
2021-06-17 11:55:08,18298.75,0
2021-06-17 11:55:11,18298.8,0
2021-06-17 11:55:13,18301.25,0
2021-06-17 11:55:14,18300.75,0
2021-06-17 11:55:23,18300.3,0
2021-06-17 11:55:28,18303.1,0
2021-06-17 11:55:31,18302.95,0
2021-06-17 11:55:32,18303.45,0
2021-06-17 11:55:43,18298.5,0
2021-06-17 11:55:45,18296.75,0
2021-06-17 11:55:47,18298.1,0
2021-06-17 11:55:48,18296.3,0
2021-06-17 11:55:50,18297.4,0
2021-06-17 11:55:54,18295.25,0
2021-06-17 11:55:56,18296.8,0
2021-06-17 11:55:58,18298.25,0
2021-06-17 11:56:00,18296.9,0
2021-06-17 11:56:01,18296.8,0
2021-06-17 11:56:03,18297.45,0
2021-06-17 11:56:05,18298.5,0
2021-06-17 11:56:06,18298.15,0
2021-06-17 11:56:07,18297.55,0
2021-06-17 11:56:09,18296.05,0
2021-06-17 11:56:10,18296.7,0
2021-06-17 11:56:11,18297.55,0
2021-06-17 11:56:12,18297.55,0
2021-06-17 11:56:16,18297.25,0
2021-06-17 11:56:27,18297.65,0
2021-06-17 11:56:30,18297.55,0
2021-06-17 11:56:33,18295.75,0
2021-06-17 11:56:43,18296.55,0
2021-06-17 11:56:44,18294.7,0
2021-06-17 11:56:45,18294.75,0
2021-06-17 11:56:46,18296.2,0
2021-06-17 11:56:47,18296.55,0
2021-06-17 11:56:49,18295.7,0
2021-06-17 11:56:50,18295.8,0
2021-06-17 11:56:52,18297.05,0
2021-06-17 11:57:00,18293.9,0
2021-06-17 11:57:12,18293.95,0
2021-06-17 11:57:20,18296.0,0
2021-06-17 11:57:25,18296.2,0
2021-06-17 11:57:26,18297.7,0
2021-06-17 11:57:27,18298.1,0
2021-06-17 11:57:29,18299.15,0
2021-06-17 11:57:30,18298.55,0
2021-06-17 11:57:42,18298.75,0
2021-06-17 11:57:45,18298.65,0
2021-06-17 11:57:58,18298.55,0
2021-06-17 11:57:59,18297.95,0
2021-06-17 11:58:03,18295.0,0
2021-06-17 11:58:08,18295.25,0
2021-06-17 11:58:09,18295.65,0
2021-06-17 11:58:10,18296.3,0
2021-06-17 11:58:11,18296.05,0
2021-06-17 11:58:12,18296.6,0
2021-06-17 11:58:13,18297.15,0
2021-06-17 11:58:16,18296.3,0
2021-06-17 11:58:17,18296.35,0
2021-06-17 11:58:25,18296.9,0
2021-06-17 11:58:30,18296.0,0
2021-06-17 11:58:31,18293.3,0
2021-06-17 11:58:32,18293.6,0
2021-06-17 11:58:35,18293.3,0
2021-06-17 11:58:40,18294.65,0
2021-06-17 11:58:46,18293.8,0
2021-06-17 11:58:47,18292.75,0
2021-06-17 11:58:56,18292.15,0
2021-06-17 11:58:57,18292.0,0
2021-06-17 11:58:58,18291.55,0
2021-06-17 11:59:03,18288.6,0
2021-06-17 11:59:07,18290.45,0
2021-06-17 11:59:14,18285.4,0
2021-06-17 11:59:17,18283.25,0
2021-06-17 11:59:26,18275.55,0
2021-06-17 11:59:33,18274.6,0
2021-06-17 11:59:39,18274.25,0
2021-06-17 11:59:42,18281.6,0
2021-06-17 11:59:43,18280.4,0
2021-06-17 11:59:52,18283.85,0
2021-06-17 11:59:53,18283.8,0
2021-06-17 11:59:54,18284.95,0
2021-06-17 11:59:56,18285.5,0
2021-06-17 12:00:04,18282.1,0
2021-06-17 12:00:07,18282.7,0
2021-06-17 12:00:08,18281.85,0
2021-06-17 12:00:20,18277.25,0
2021-06-17 12:00:22,18276.75,0
2021-06-17 12:00:24,18275.25,0
2021-06-17 12:00:26,18275.95,0
2021-06-17 12:00:30,18277.9,0
2021-06-17 12:00:33,18278.1,0
2021-06-17 12:00:39,18276.3,0
2021-06-17 12:00:42,18277.3,0
2021-06-17 12:00:45,18274.6,0
2021-06-17 12:00:47,18277.1,0
2021-06-17 12:00:48,18277.85,0
2021-06-17 12:00:49,18278.15,0
2021-06-17 12:00:54,18275.7,0
2021-06-17 12:01:01,18275.15,0
2021-06-17 12:01:07,18275.3,0
2021-06-17 12:01:10,18277.4,0
2021-06-17 12:01:14,18272.55,0
2021-06-17 12:01:16,18274.15,0
2021-06-17 12:01:17,18276.35,0
2021-06-17 12:01:20,18274.15,0
2021-06-17 12:01:21,18275.3,0
2021-06-17 12:01:22,18272.75,0
2021-06-17 12:01:33,18277.35,0
2021-06-17 12:01:34,18278.5,0
2021-06-17 12:01:36,18278.55,0
2021-06-17 12:01:37,18277.35,0
2021-06-17 12:01:38,18277.5,0
2021-06-17 12:01:46,18277.4,0
2021-06-17 12:01:48,18277.15,0
2021-06-17 12:01:49,18276.3,0
2021-06-17 12:01:59,18277.1,0
2021-06-17 12:02:00,18276.3,0
2021-06-17 12:02:01,18274.65,0
2021-06-17 12:02:03,18276.6,0
2021-06-17 12:02:09,18276.95,0
2021-06-17 12:02:19,18277.25,0
2021-06-17 12:02:21,18275.65,0
2021-06-17 12:02:26,18273.7,0
2021-06-17 12:02:27,18273.4,0
2021-06-17 12:02:34,18273.1,0
2021-06-17 12:02:43,18267.55,0
2021-06-17 12:02:47,18268.1,0
2021-06-17 12:02:50,18268.1,0
2021-06-17 12:02:51,18265.55,0
2021-06-17 12:02:53,18266.0,0
2021-06-17 12:03:02,18263.5,0
2021-06-17 12:03:06,18267.15,0
2021-06-17 12:03:07,18265.25,0
2021-06-17 12:03:09,18263.35,0
2021-06-17 12:03:10,18264.9,0
2021-06-17 12:03:20,18261.15,0
2021-06-17 12:03:21,18260.9,0
2021-06-17 12:03:23,18260.4,0
2021-06-17 12:03:27,18258.9,0
2021-06-17 12:03:28,18257.1,0
2021-06-17 12:03:31,18258.6,0
2021-06-17 12:03:34,18258.3,0
2021-06-17 12:03:36,18260.15,0
2021-06-17 12:03:40,18261.0,0
2021-06-17 12:03:42,18262.1,0
2021-06-17 12:03:45,18261.5,0
2021-06-17 12:03:47,18262.4,0
2021-06-17 12:03:48,18263.5,0
2021-06-17 12:03:56,18264.2,0
2021-06-17 12:03:58,18266.45,0
2021-06-17 12:04:04,18268.75,0
2021-06-17 12:04:05,18268.9,0
2021-06-17 12:04:06,18271.1,0
2021-06-17 12:04:07,18268.6,0
2021-06-17 12:04:08,18271.05,0
2021-06-17 12:04:09,18270.65,0
2021-06-17 12:04:10,18271.6,0
2021-06-17 12:04:11,18270.35,0
2021-06-17 12:04:12,18271.25,0
2021-06-17 12:04:14,18271.65,0
2021-06-17 12:04:15,18273.15,0
2021-06-17 12:04:16,18271.65,0
2021-06-17 12:04:24,18273.0,0
2021-06-17 12:04:25,18275.75,0
2021-06-17 12:04:28,18275.7,0
2021-06-17 12:04:34,18277.65,0
2021-06-17 12:04:39,18278.65,0
2021-06-17 12:04:46,18277.45,0
2021-06-17 12:04:50,18279.8,0
2021-06-17 12:04:51,18280.5,0
2021-06-17 12:04:53,18279.9,0
2021-06-17 12:04:54,18279.8,0
2021-06-17 12:04:56,18278.0,0
2021-06-17 12:05:00,18281.7,0
2021-06-17 12:05:10,18275.35,0
2021-06-17 12:05:15,18273.3,0
2021-06-17 12:05:16,18275.25,0
2021-06-17 12:05:24,18274.2,0
2021-06-17 12:05:28,18278.9,0
2021-06-17 12:05:29,18276.9,0
2021-06-17 12:05:32,18283.7,0
2021-06-17 12:05:34,18285.1,0
2021-06-17 12:05:52,18281.95,0
2021-06-17 12:05:56,18282.85,0
2021-06-17 12:05:59,18281.85,0
2021-06-17 12:06:00,18281.9,0
2021-06-17 12:06:02,18281.0,0
2021-06-17 12:06:06,18282.1,0
2021-06-17 12:06:07,18279.85,0
2021-06-17 12:06:10,18279.1,0
2021-06-17 12:06:16,18280.7,0
2021-06-17 12:06:17,18280.3,0
2021-06-17 12:06:19,18280.65,0
2021-06-17 12:06:20,18279.4,0
2021-06-17 12:06:21,18280.05,0
2021-06-17 12:06:22,18278.6,0
2021-06-17 12:06:26,18279.9,0
2021-06-17 12:06:27,18279.15,0
2021-06-17 12:06:28,18280.15,0
2021-06-17 12:06:32,18278.6,0
2021-06-17 12:06:33,18278.35,0
2021-06-17 12:06:34,18278.65,0
2021-06-17 12:06:48,18279.0,0
2021-06-17 12:06:49,18279.25,0
2021-06-17 12:06:54,18276.35,0
2021-06-17 12:06:56,18278.7,0
2021-06-17 12:06:58,18276.4,0
2021-06-17 12:07:00,18276.45,0
2021-06-17 12:07:03,18279.25,0
2021-06-17 12:07:08,18278.45,0
2021-06-17 12:07:09,18278.4,0
2021-06-17 12:07:10,18277.65,0
2021-06-17 12:07:22,18276.75,0
2021-06-17 12:07:28,18279.5,0
2021-06-17 12:07:29,18278.9,0
2021-06-17 12:07:31,18278.95,0
2021-06-17 12:07:34,18279.15,0
2021-06-17 12:07:40,18279.95,0
2021-06-17 12:07:42,18279.25,0
2021-06-17 12:07:55,18281.5,0
2021-06-17 12:07:56,18280.8,0
2021-06-17 12:08:00,18276.2,0
2021-06-17 12:08:06,18278.55,0
2021-06-17 12:08:12,18278.15,0
2021-06-17 12:08:15,18278.45,0
2021-06-17 12:08:16,18278.55,0
2021-06-17 12:08:19,18276.95,0
2021-06-17 12:08:20,18276.55,0
2021-06-17 12:08:22,18274.75,0
2021-06-17 12:08:23,18277.5,0
2021-06-17 12:08:25,18274.45,0
2021-06-17 12:08:26,18277.1,0
2021-06-17 12:08:27,18276.0,0
2021-06-17 12:08:36,18277.45,0
2021-06-17 12:08:38,18278.45,0
2021-06-17 12:08:40,18277.4,0
2021-06-17 12:08:41,18278.9,0
2021-06-17 12:08:47,18277.3,0
2021-06-17 12:08:51,18277.65,0
2021-06-17 12:08:53,18278.9,0
2021-06-17 12:08:54,18275.9,0
2021-06-17 12:08:58,18278.35,0
2021-06-17 12:09:01,18278.4,0
2021-06-17 12:09:05,18278.05,0
2021-06-17 12:09:08,18278.95,0
2021-06-17 12:09:10,18275.55,0
2021-06-17 12:09:11,18277.9,0
2021-06-17 12:09:16,18277.55,0
2021-06-17 12:09:18,18278.1,0
2021-06-17 12:09:20,18277.85,0
2021-06-17 12:09:21,18278.4,0
2021-06-17 12:09:30,18277.35,0
2021-06-17 12:09:39,18278.65,0
2021-06-17 12:09:43,18278.45,0
2021-06-17 12:09:49,18279.15,0
2021-06-17 12:09:52,18279.25,0
2021-06-17 12:09:53,18279.45,0
2021-06-17 12:09:54,18279.45,0
2021-06-17 12:09:55,18279.7,0
2021-06-17 12:10:01,18274.85,0
2021-06-17 12:10:04,18274.65,0
2021-06-17 12:10:10,18275.4,0
2021-06-17 12:10:11,18274.65,0
2021-06-17 12:10:19,18274.45,0
2021-06-17 12:10:27,18272.4,0
2021-06-17 12:10:32,18274.4,0
2021-06-17 12:10:35,18273.95,0
2021-06-17 12:10:36,18272.55,0
2021-06-17 12:10:39,18275.1,0
2021-06-17 12:10:40,18274.65,0
2021-06-17 12:10:41,18274.75,0
2021-06-17 12:10:45,18272.2,0
2021-06-17 12:10:51,18270.4,0
2021-06-17 12:10:52,18271.8,0
2021-06-17 12:10:55,18271.35,0
2021-06-17 12:10:59,18269.1,0
2021-06-17 12:11:05,18270.75,0
2021-06-17 12:11:07,18270.75,0
2021-06-17 12:11:16,18270.85,0
2021-06-17 12:11:17,18270.9,0
2021-06-17 12:11:19,18269.3,0
2021-06-17 12:11:20,18268.1,0
2021-06-17 12:11:21,18267.0,0
2021-06-17 12:11:24,18268.35,0
2021-06-17 12:11:25,18268.4,0
2021-06-17 12:11:26,18268.15,0
2021-06-17 12:11:30,18267.25,0
2021-06-17 12:11:33,18269.0,0
2021-06-17 12:11:35,18268.65,0
2021-06-17 12:11:36,18268.45,0
2021-06-17 12:11:39,18266.15,0
2021-06-17 12:11:40,18268.0,0
2021-06-17 12:11:41,18267.3,0
2021-06-17 12:11:42,18268.6,0
2021-06-17 12:11:43,18267.2,0
2021-06-17 12:11:47,18269.75,0
2021-06-17 12:11:48,18269.75,0
2021-06-17 12:11:57,18270.5,0
2021-06-17 12:12:05,18268.65,0
2021-06-17 12:12:12,18268.8,0
2021-06-17 12:12:16,18269.2,0
2021-06-17 12:12:22,18272.35,0
2021-06-17 12:12:23,18272.8,0
2021-06-17 12:12:26,18272.65,0
2021-06-17 12:12:27,18271.55,0
2021-06-17 12:12:29,18274.1,0
2021-06-17 12:12:35,18277.2,0
2021-06-17 12:12:39,18276.95,0
2021-06-17 12:12:41,18277.2,0
2021-06-17 12:12:44,18277.0,0
2021-06-17 12:12:48,18278.65,0
2021-06-17 12:12:49,18276.25,0
2021-06-17 12:12:54,18279.25,0
2021-06-17 12:12:55,18279.1,0
2021-06-17 12:12:57,18278.85,0
2021-06-17 12:12:59,18278.65,0
2021-06-17 12:13:00,18279.4,0
2021-06-17 12:13:01,18277.4,0
2021-06-17 12:13:04,18277.85,0
2021-06-17 12:13:07,18280.85,0
2021-06-17 12:13:12,18280.3,0
2021-06-17 12:13:13,18278.0,0
2021-06-17 12:13:15,18280.15,0
2021-06-17 12:13:16,18280.15,0
2021-06-17 12:13:17,18280.35,0
2021-06-17 12:13:21,18274.85,0
2021-06-17 12:13:24,18276.2,0
2021-06-17 12:13:34,18274.7,0
2021-06-17 12:13:39,18275.35,0
2021-06-17 12:13:43,18275.85,0
2021-06-17 12:13:48,18275.2,0
2021-06-17 12:13:58,18274.5,0
2021-06-17 12:14:01,18274.3,0
2021-06-17 12:14:03,18272.35,0
2021-06-17 12:14:05,18273.85,0
2021-06-17 12:14:06,18274.1,0
2021-06-17 12:14:08,18274.3,0
2021-06-17 12:14:19,18274.55,0
2021-06-17 12:14:23,18273.05,0
2021-06-17 12:14:25,18274.0,0
2021-06-17 12:14:27,18275.25,0
2021-06-17 12:14:28,18275.15,0
2021-06-17 12:14:31,18272.8,0
2021-06-17 12:14:33,18274.8,0
2021-06-17 12:14:36,18273.05,0
2021-06-17 12:14:37,18274.1,0
2021-06-17 12:14:38,18273.9,0
2021-06-17 12:14:40,18274.45,0
2021-06-17 12:14:41,18272.8,0
2021-06-17 12:14:42,18273.85,0
2021-06-17 12:14:45,18271.85,0
2021-06-17 12:14:46,18272.5,0
2021-06-17 12:14:49,18272.2,0
2021-06-17 12:14:50,18270.25,0
2021-06-17 12:14:53,18272.65,0
2021-06-17 12:14:54,18271.15,0
2021-06-17 12:14:57,18273.7,0
2021-06-17 12:15:01,18272.0,0
2021-06-17 12:15:03,18268.85,0
2021-06-17 12:15:04,18271.3,0
2021-06-17 12:15:16,18269.5,0
2021-06-17 12:15:25,18266.15,0
2021-06-17 12:15:28,18267.85,0
2021-06-17 12:15:29,18268.05,0
2021-06-17 12:15:31,18265.75,0
2021-06-17 12:15:41,18264.05,0
2021-06-17 12:15:42,18264.25,0
2021-06-17 12:15:45,18266.7,0
2021-06-17 12:15:46,18264.0,0
2021-06-17 12:15:47,18264.6,0
2021-06-17 12:15:48,18263.35,0
2021-06-17 12:15:49,18266.55,0
2021-06-17 12:15:52,18265.2,0
2021-06-17 12:15:54,18264.2,0
2021-06-17 12:15:56,18262.65,0
2021-06-17 12:15:57,18262.85,0
2021-06-17 12:16:00,18262.8,0
2021-06-17 12:16:03,18261.8,0
2021-06-17 12:16:04,18263.4,0
2021-06-17 12:16:05,18262.9,0
2021-06-17 12:16:12,18258.65,0
2021-06-17 12:16:15,18260.45,0
2021-06-17 12:16:20,18259.1,0
2021-06-17 12:16:22,18258.1,0
2021-06-17 12:16:23,18258.25,0
2021-06-17 12:16:24,18255.5,0
2021-06-17 12:16:29,18257.15,0
2021-06-17 12:16:35,18257.35,0
2021-06-17 12:16:37,18259.2,0
2021-06-17 12:16:38,18258.5,0
2021-06-17 12:16:39,18256.45,0
2021-06-17 12:16:40,18257.45,0
2021-06-17 12:16:47,18256.6,0
2021-06-17 12:16:53,18256.25,0
2021-06-17 12:16:58,18255.0,0
2021-06-17 12:17:01,18257.1,0
2021-06-17 12:17:05,18256.35,0
2021-06-17 12:17:06,18256.2,0
2021-06-17 12:17:09,18255.05,0
2021-06-17 12:17:10,18253.25,0
2021-06-17 12:17:11,18253.0,0
2021-06-17 12:17:19,18252.75,0
2021-06-17 12:17:24,18253.35,0
2021-06-17 12:17:29,18253.1,0
2021-06-17 12:17:32,18247.0,0
2021-06-17 12:17:33,18247.65,0
2021-06-17 12:17:34,18247.05,0
2021-06-17 12:17:37,18246.1,0
2021-06-17 12:17:45,18246.2,0
2021-06-17 12:17:57,18249.7,0
2021-06-17 12:18:00,18250.2,0
2021-06-17 12:18:01,18248.2,0
2021-06-17 12:18:17,18247.65,0
2021-06-17 12:18:18,18246.6,0
2021-06-17 12:18:19,18246.15,0
2021-06-17 12:18:24,18246.65,0
2021-06-17 12:18:25,18246.1,0
2021-06-17 12:18:31,18248.1,0
2021-06-17 12:18:39,18253.95,0
2021-06-17 12:18:46,18258.25,0
2021-06-17 12:18:56,18255.45,0
2021-06-17 12:18:57,18258.15,0
2021-06-17 12:18:58,18257.65,0
2021-06-17 12:18:59,18256.55,0
2021-06-17 12:19:00,18258.45,0
2021-06-17 12:19:13,18252.7,0
2021-06-17 12:19:24,18254.1,0
2021-06-17 12:19:31,18252.0,0
2021-06-17 12:19:36,18251.95,0
2021-06-17 12:19:40,18252.25,0
2021-06-17 12:19:44,18252.8,0
2021-06-17 12:19:45,18253.7,0
2021-06-17 12:19:46,18252.15,0
2021-06-17 12:19:49,18253.55,0
2021-06-17 12:19:52,18251.55,0
2021-06-17 12:20:18,18248.25,0
2021-06-17 12:20:22,18250.65,0
2021-06-17 12:20:25,18250.7,0
2021-06-17 12:20:41,18257.0,0
2021-06-17 12:20:43,18258.5,0
2021-06-17 12:20:45,18263.5,0
2021-06-17 12:20:47,18259.7,0
2021-06-17 12:20:58,18261.55,0
2021-06-17 12:20:59,18261.65,0
2021-06-17 12:21:08,18257.45,0
2021-06-17 12:21:10,18262.25,0
2021-06-17 12:21:11,18260.35,0
2021-06-17 12:21:12,18262.5,0
2021-06-17 12:21:13,18260.75,0
2021-06-17 12:21:14,18259.1,0
2021-06-17 12:21:20,18257.6,0
2021-06-17 12:21:21,18258.7,0
2021-06-17 12:21:23,18257.0,0
2021-06-17 12:21:30,18257.65,0
2021-06-17 12:21:35,18259.7,0
2021-06-17 12:21:36,18259.75,0
2021-06-17 12:21:39,18259.3,0
2021-06-17 12:21:40,18257.6,0
2021-06-17 12:21:42,18259.5,0
2021-06-17 12:21:44,18259.6,0
2021-06-17 12:21:51,18261.55,0
2021-06-17 12:21:54,18261.3,0
2021-06-17 12:22:03,18262.25,0
2021-06-17 12:22:08,18263.75,0
2021-06-17 12:22:22,18263.3,0
2021-06-17 12:22:27,18262.35,0
2021-06-17 12:22:29,18265.3,0
2021-06-17 12:22:32,18262.45,0
2021-06-17 12:22:35,18261.55,0
2021-06-17 12:22:37,18262.15,0
2021-06-17 12:22:39,18263.45,0
2021-06-17 12:22:40,18263.1,0
2021-06-17 12:22:45,18263.1,0
2021-06-17 12:22:51,18263.0,0
2021-06-17 12:23:02,18262.5,0
2021-06-17 12:23:10,18262.3,0
2021-06-17 12:23:12,18262.4,0
2021-06-17 12:23:14,18263.05,0
2021-06-17 12:23:20,18263.05,0
2021-06-17 12:23:22,18260.3,0
2021-06-17 12:23:23,18261.15,0
2021-06-17 12:23:25,18261.4,0
2021-06-17 12:23:28,18261.8,0
2021-06-17 12:23:29,18264.1,0
2021-06-17 12:23:32,18264.65,0
2021-06-17 12:23:38,18263.35,0
2021-06-17 12:23:43,18263.8,0
2021-06-17 12:23:44,18260.6,0
2021-06-17 12:23:46,18261.55,0
2021-06-17 12:23:52,18263.1,0
2021-06-17 12:23:53,18261.45,0
2021-06-17 12:24:00,18263.7,0
2021-06-17 12:24:06,18260.3,0
2021-06-17 12:24:11,18262.6,0
2021-06-17 12:24:14,18262.55,0
2021-06-17 12:24:15,18262.5,0
2021-06-17 12:24:17,18260.8,0
2021-06-17 12:24:19,18262.5,0
2021-06-17 12:24:20,18261.65,0
2021-06-17 12:24:28,18259.35,0
2021-06-17 12:24:29,18258.6,0
2021-06-17 12:24:30,18261.75,0
2021-06-17 12:24:31,18262.1,0
2021-06-17 12:24:36,18259.55,0
2021-06-17 12:24:38,18258.65,0
2021-06-17 12:24:40,18258.6,0
2021-06-17 12:24:41,18257.65,0
2021-06-17 12:24:45,18259.5,0
2021-06-17 12:24:49,18259.35,0
2021-06-17 12:24:54,18259.55,0
2021-06-17 12:25:03,18257.9,0
2021-06-17 12:25:09,18258.75,0
2021-06-17 12:25:13,18261.0,0
2021-06-17 12:25:18,18258.15,0
2021-06-17 12:25:20,18258.6,0
2021-06-17 12:25:25,18261.5,0
2021-06-17 12:25:26,18261.55,0
2021-06-17 12:25:31,18262.15,0
2021-06-17 12:25:46,18258.3,0
2021-06-17 12:25:48,18260.25,0
2021-06-17 12:25:49,18258.85,0
2021-06-17 12:25:50,18256.85,0
2021-06-17 12:25:53,18258.1,0
2021-06-17 12:25:54,18257.55,0
2021-06-17 12:25:58,18258.8,0
2021-06-17 12:25:59,18258.85,0
2021-06-17 12:26:03,18259.4,0
2021-06-17 12:26:10,18259.5,0
2021-06-17 12:26:18,18260.55,0
2021-06-17 12:26:27,18260.45,0
2021-06-17 12:26:30,18260.7,0
2021-06-17 12:26:32,18260.55,0
2021-06-17 12:26:36,18258.7,0
2021-06-17 12:26:40,18260.95,0
2021-06-17 12:26:43,18261.3,0
2021-06-17 12:26:44,18261.2,0
2021-06-17 12:26:45,18259.2,0
2021-06-17 12:26:48,18261.1,0
2021-06-17 12:26:50,18257.55,0
2021-06-17 12:26:51,18259.55,0
2021-06-17 12:26:52,18257.1,0
2021-06-17 12:27:03,18260.45,0
2021-06-17 12:27:04,18260.9,0
2021-06-17 12:27:05,18260.6,0
2021-06-17 12:27:09,18259.05,0
2021-06-17 12:27:10,18260.1,0
2021-06-17 12:27:11,18259.95,0
2021-06-17 12:27:16,18259.6,0
2021-06-17 12:27:19,18260.7,0
2021-06-17 12:27:21,18259.95,0
2021-06-17 12:27:22,18259.8,0
2021-06-17 12:27:23,18258.0,0
2021-06-17 12:27:24,18260.1,0
2021-06-17 12:27:26,18260.3,0
2021-06-17 12:27:31,18259.8,0
2021-06-17 12:27:32,18259.8,0
2021-06-17 12:27:33,18259.5,0
2021-06-17 12:27:34,18259.85,0
2021-06-17 12:27:41,18258.55,0
2021-06-17 12:27:43,18259.05,0
2021-06-17 12:27:45,18258.4,0
2021-06-17 12:28:01,18256.9,0
2021-06-17 12:28:05,18256.75,0
2021-06-17 12:28:07,18256.05,0
2021-06-17 12:28:11,18255.65,0
2021-06-17 12:28:13,18256.0,0
2021-06-17 12:28:16,18257.25,0
2021-06-17 12:28:19,18254.5,0
2021-06-17 12:28:22,18257.1,0
2021-06-17 12:28:23,18257.3,0
2021-06-17 12:28:25,18256.45,0
2021-06-17 12:28:26,18257.35,0
2021-06-17 12:28:28,18258.4,0
2021-06-17 12:28:32,18257.85,0
2021-06-17 12:28:37,18257.8,0
2021-06-17 12:28:41,18257.7,0
2021-06-17 12:28:42,18256.25,0
2021-06-17 12:28:47,18256.95,0
2021-06-17 12:28:48,18257.35,0
2021-06-17 12:28:49,18256.75,0
2021-06-17 12:28:50,18258.15,0
2021-06-17 12:28:51,18257.75,0
2021-06-17 12:28:52,18255.2,0
2021-06-17 12:28:57,18257.55,0
2021-06-17 12:29:02,18256.3,0
2021-06-17 12:29:05,18258.8,0
2021-06-17 12:29:11,18260.35,0
2021-06-17 12:29:13,18257.1,0
2021-06-17 12:29:14,18259.3,0
2021-06-17 12:29:16,18259.4,0
2021-06-17 12:29:17,18258.65,0
2021-06-17 12:29:26,18258.8,0
2021-06-17 12:29:28,18258.7,0
2021-06-17 12:29:32,18258.3,0
2021-06-17 12:29:34,18259.3,0
2021-06-17 12:29:41,18258.6,0
2021-06-17 12:29:44,18260.45,0
2021-06-17 12:29:47,18259.8,0
2021-06-17 12:29:49,18259.5,0
2021-06-17 12:29:53,18260.1,0
2021-06-17 12:30:02,18255.05,0
2021-06-17 12:30:09,18252.85,0
2021-06-17 12:30:13,18252.45,0
2021-06-17 12:30:22,18251.45,0
2021-06-17 12:30:25,18253.4,0
2021-06-17 12:30:26,18251.7,0
2021-06-17 12:30:31,18256.95,0
2021-06-17 12:30:33,18257.25,0
2021-06-17 12:30:38,18256.25,0
2021-06-17 12:30:39,18259.0,0
2021-06-17 12:30:40,18259.55,0
2021-06-17 12:30:42,18259.8,0
2021-06-17 12:30:47,18262.65,0
2021-06-17 12:30:51,18265.3,0
2021-06-17 12:30:54,18265.05,0
2021-06-17 12:30:59,18267.05,0
2021-06-17 12:31:01,18266.85,0
2021-06-17 12:31:06,18269.85,0
2021-06-17 12:31:13,18279.6,0
2021-06-17 12:31:14,18278.4,0
2021-06-17 12:31:21,18276.65,0
2021-06-17 12:31:24,18279.15,0
2021-06-17 12:31:27,18275.5,0
2021-06-17 12:31:31,18271.95,0
2021-06-17 12:31:32,18272.65,0
2021-06-17 12:31:33,18272.85,0
2021-06-17 12:31:42,18272.75,0
2021-06-17 12:31:43,18273.25,0
2021-06-17 12:31:46,18273.75,0
2021-06-17 12:32:00,18275.3,0
2021-06-17 12:32:01,18274.6,0
2021-06-17 12:32:06,18276.2,0
2021-06-17 12:32:14,18276.35,0
2021-06-17 12:32:17,18273.95,0
2021-06-17 12:32:19,18274.45,0
2021-06-17 12:32:21,18272.15,0
2021-06-17 12:32:27,18273.85,0
2021-06-17 12:32:28,18273.9,0
2021-06-17 12:32:29,18274.3,0
2021-06-17 12:32:30,18273.7,0
2021-06-17 12:32:33,18273.25,0
2021-06-17 12:32:40,18274.3,0
2021-06-17 12:32:46,18269.1,0
2021-06-17 12:32:48,18272.75,0
