timestamp,ltp,volume
2021-06-17 09:19:42,2436.2,0
2021-06-17 09:19:49,2437.6,0
2021-06-17 09:19:54,2436.45,0
2021-06-17 09:19:55,2437.75,0
2021-06-17 09:19:57,2438.25,0
2021-06-17 09:20:02,2438.2,0
2021-06-17 09:20:04,2438.9,0
2021-06-17 09:20:05,2438.85,0
2021-06-17 09:20:09,2439.45,0
2021-06-17 09:20:13,2439.3,0
2021-06-17 09:20:14,2440.3,0
2021-06-17 09:20:22,2441.0,0
2021-06-17 09:20:37,2439.5,0
2021-06-17 09:20:42,2439.4,0
2021-06-17 09:20:49,2437.4,0
2021-06-17 09:20:51,2438.15,0
2021-06-17 09:20:52,2438.8,0
2021-06-17 09:21:00,2438.3,0
2021-06-17 09:21:07,2438.55,0
2021-06-17 09:21:16,2439.3,0
2021-06-17 09:21:18,2439.0,0
2021-06-17 09:21:21,2438.05,0
2021-06-17 09:21:26,2437.45,0
2021-06-17 09:21:32,2437.6,0
2021-06-17 09:21:36,2437.4,0
2021-06-17 09:21:46,2438.05,0
2021-06-17 09:21:48,2438.65,0
2021-06-17 09:21:56,2437.7,0
2021-06-17 09:21:58,2437.75,0
2021-06-17 09:22:03,2437.85,0
2021-06-17 09:22:04,2438.35,0
2021-06-17 09:22:12,2436.55,0
2021-06-17 09:22:17,2436.95,0
2021-06-17 09:22:24,2436.5,0
2021-06-17 09:22:25,2436.55,0
2021-06-17 09:22:27,2437.35,0
2021-06-17 09:22:28,2437.1,0
2021-06-17 09:22:30,2436.8,0
2021-06-17 09:22:33,2438.35,0
2021-06-17 09:22:34,2437.75,0
2021-06-17 09:22:37,2438.2,0
2021-06-17 09:22:38,2437.85,0
2021-06-17 09:22:41,2437.95,0
2021-06-17 09:22:42,2438.0,0
2021-06-17 09:22:43,2437.6,0
2021-06-17 09:22:45,2438.05,0
2021-06-17 09:22:51,2438.1,0
2021-06-17 09:22:54,2438.4,0
2021-06-17 09:22:55,2438.5,0
2021-06-17 09:23:00,2439.0,0
2021-06-17 09:23:06,2439.8,0
2021-06-17 09:23:07,2439.45,0
2021-06-17 09:23:15,2440.0,0
2021-06-17 09:23:36,2439.4,0
2021-06-17 09:23:38,2439.2,0
2021-06-17 09:23:42,2440.05,0
2021-06-17 09:23:49,2439.65,0
2021-06-17 09:24:02,2439.4,0
2021-06-17 09:24:03,2439.9,0
2021-06-17 09:24:04,2439.75,0
2021-06-17 09:24:09,2439.9,0
2021-06-17 09:24:11,2439.55,0
2021-06-17 09:24:15,2439.6,0
2021-06-17 09:24:17,2439.05,0
2021-06-17 09:24:20,2439.5,0
2021-06-17 09:24:21,2439.85,0
2021-06-17 09:24:27,2440.15,0
2021-06-17 09:24:29,2440.05,0
2021-06-17 09:24:50,2440.75,0
2021-06-17 09:24:53,2441.15,0
2021-06-17 09:25:01,2441.45,0
2021-06-17 09:25:05,2441.9,0
2021-06-17 09:25:08,2441.9,0
2021-06-17 09:25:13,2441.95,0
2021-06-17 09:25:18,2441.35,0
2021-06-17 09:25:19,2441.15,0
2021-06-17 09:25:20,2441.75,0
2021-06-17 09:25:21,2441.2,0
2021-06-17 09:25:22,2441.45,0
2021-06-17 09:25:29,2441.7,0
2021-06-17 09:25:30,2441.55,0
2021-06-17 09:25:31,2441.5,0
2021-06-17 09:25:32,2441.35,0
2021-06-17 09:25:33,2441.7,0
2021-06-17 09:25:35,2441.6,0
2021-06-17 09:25:40,2440.3,0
2021-06-17 09:25:44,2441.25,0
2021-06-17 09:25:48,2440.45,0
2021-06-17 09:25:50,2440.9,0
2021-06-17 09:25:55,2441.05,0
2021-06-17 09:25:56,2440.15,0
2021-06-17 09:25:57,2440.15,0
2021-06-17 09:26:01,2440.75,0
2021-06-17 09:26:05,2439.7,0
2021-06-17 09:26:09,2439.95,0
2021-06-17 09:26:19,2438.75,0
2021-06-17 09:26:31,2439.3,0
2021-06-17 09:26:32,2439.3,0
2021-06-17 09:26:41,2440.1,0
2021-06-17 09:26:48,2441.0,0
2021-06-17 09:26:51,2440.9,0
2021-06-17 09:26:57,2441.4,0
2021-06-17 09:27:03,2441.35,0
2021-06-17 09:27:05,2441.8,0
2021-06-17 09:27:12,2442.25,0
2021-06-17 09:27:22,2442.7,0
2021-06-17 09:27:24,2442.35,0
2021-06-17 09:27:28,2442.55,0
2021-06-17 09:27:32,2442.6,0
2021-06-17 09:27:37,2441.95,0
2021-06-17 09:27:40,2442.55,0
2021-06-17 09:27:41,2442.75,0
2021-06-17 09:27:43,2442.5,0
2021-06-17 09:27:49,2443.25,0
2021-06-17 09:27:51,2442.65,0
2021-06-17 09:27:56,2443.3,0
2021-06-17 09:28:05,2443.8,0
2021-06-17 09:28:21,2442.55,0
2021-06-17 09:28:25,2443.0,0
2021-06-17 09:28:27,2442.85,0
2021-06-17 09:28:28,2442.95,0
2021-06-17 09:28:32,2443.45,0
2021-06-17 09:28:42,2443.05,0
2021-06-17 09:28:48,2444.3,0
2021-06-17 09:28:49,2444.3,0
2021-06-17 09:28:50,2443.95,0
2021-06-17 09:28:55,2443.35,0
2021-06-17 09:29:07,2444.5,0
2021-06-17 09:29:08,2445.05,0
2021-06-17 09:29:11,2444.65,0
2021-06-17 09:29:12,2444.6,0
2021-06-17 09:29:13,2445.35,0
2021-06-17 09:29:16,2445.3,0
2021-06-17 09:29:18,2445.5,0
2021-06-17 09:29:26,2445.95,0
2021-06-17 09:29:27,2446.1,0
2021-06-17 09:29:31,2445.55,0
2021-06-17 09:29:34,2444.65,0
2021-06-17 09:29:37,2444.9,0
2021-06-17 09:29:38,2444.15,0
2021-06-17 09:29:41,2445.0,0
2021-06-17 09:29:44,2444.1,0
2021-06-17 09:29:45,2444.35,0
2021-06-17 09:29:50,2444.7,0
2021-06-17 09:29:51,2445.1,0
2021-06-17 09:30:06,2443.15,0
2021-06-17 09:30:12,2443.7,0
2021-06-17 09:30:22,2444.3,0
2021-06-17 09:30:25,2444.35,0
2021-06-17 09:30:27,2444.55,0
2021-06-17 09:30:29,2443.8,0
2021-06-17 09:30:37,2444.0,0
2021-06-17 09:30:39,2443.55,0
2021-06-17 09:30:40,2442.3,0
2021-06-17 09:30:42,2442.65,0
2021-06-17 09:30:46,2442.75,0
2021-06-17 09:30:47,2442.25,0
2021-06-17 09:30:48,2442.75,0
2021-06-17 09:30:53,2441.75,0
2021-06-17 09:30:57,2439.95,0
2021-06-17 09:31:02,2439.75,0
2021-06-17 09:31:05,2440.0,0
2021-06-17 09:31:06,2440.35,0
2021-06-17 09:31:09,2440.35,0
2021-06-17 09:31:11,2439.5,0
2021-06-17 09:31:18,2439.7,0
2021-06-17 09:31:24,2439.65,0
2021-06-17 09:31:27,2438.75,0
2021-06-17 09:31:32,2438.6,0
2021-06-17 09:31:33,2438.55,0
2021-06-17 09:31:34,2437.75,0
2021-06-17 09:31:38,2437.75,0
2021-06-17 09:31:46,2438.4,0
2021-06-17 09:31:47,2438.85,0
2021-06-17 09:31:48,2438.7,0
2021-06-17 09:31:53,2439.0,0
2021-06-17 09:31:57,2440.05,0
2021-06-17 09:32:02,2439.45,0
2021-06-17 09:32:04,2439.15,0
2021-06-17 09:32:08,2438.9,0
2021-06-17 09:32:10,2438.7,0
2021-06-17 09:32:11,2439.15,0
2021-06-17 09:32:17,2439.0,0
2021-06-17 09:32:22,2440.4,0
2021-06-17 09:32:24,2440.05,0
2021-06-17 09:32:29,2440.6,0
2021-06-17 09:32:36,2441.15,0
2021-06-17 09:32:37,2441.35,0
2021-06-17 09:32:38,2442.1,0
2021-06-17 09:32:40,2441.8,0
2021-06-17 09:32:46,2442.8,0
2021-06-17 09:32:50,2442.55,0
2021-06-17 09:32:52,2442.3,0
2021-06-17 09:32:54,2442.05,0
2021-06-17 09:32:55,2442.85,0
2021-06-17 09:32:58,2442.75,0
2021-06-17 09:33:06,2442.85,0
2021-06-17 09:33:07,2442.8,0
2021-06-17 09:33:09,2442.35,0
2021-06-17 09:33:11,2442.25,0
2021-06-17 09:33:14,2443.65,0
2021-06-17 09:33:22,2445.05,0
2021-06-17 09:33:26,2444.6,0
2021-06-17 09:33:28,2445.0,0
2021-06-17 09:33:29,2445.0,0
2021-06-17 09:33:32,2445.4,0
2021-06-17 09:33:33,2445.55,0
2021-06-17 09:33:34,2443.95,0
2021-06-17 09:33:35,2443.05,0
2021-06-17 09:33:44,2443.25,0
2021-06-17 09:33:45,2442.35,0
2021-06-17 09:33:49,2442.65,0
2021-06-17 09:33:52,2442.6,0
2021-06-17 09:33:53,2442.4,0
2021-06-17 09:33:54,2442.5,0
2021-06-17 09:33:56,2442.55,0
2021-06-17 09:33:57,2442.9,0
2021-06-17 09:33:58,2443.05,0
2021-06-17 09:34:02,2441.65,0
2021-06-17 09:34:09,2442.7,0
2021-06-17 09:34:10,2442.7,0
2021-06-17 09:34:14,2442.8,0
2021-06-17 09:34:15,2442.5,0
2021-06-17 09:34:17,2443.25,0
2021-06-17 09:34:18,2443.25,0
2021-06-17 09:34:19,2442.6,0
2021-06-17 09:34:21,2443.05,0
2021-06-17 09:34:23,2443.2,0
2021-06-17 09:34:24,2443.05,0
2021-06-17 09:34:26,2443.15,0
2021-06-17 09:34:29,2443.0,0
2021-06-17 09:34:32,2443.15,0
2021-06-17 09:34:34,2443.05,0
2021-06-17 09:34:38,2443.05,0
2021-06-17 09:34:41,2441.45,0
2021-06-17 09:34:46,2440.55,0
2021-06-17 09:34:50,2440.15,0
2021-06-17 09:34:51,2440.85,0
2021-06-17 09:34:52,2440.4,0
2021-06-17 09:34:53,2440.5,0
2021-06-17 09:34:54,2440.9,0
2021-06-17 09:34:55,2440.75,0
2021-06-17 09:35:02,2440.65,0
2021-06-17 09:35:07,2441.15,0
2021-06-17 09:35:09,2440.6,0
2021-06-17 09:35:12,2441.6,0
2021-06-17 09:35:13,2441.4,0
2021-06-17 09:35:19,2442.1,0
2021-06-17 09:35:23,2442.5,0
2021-06-17 09:35:24,2442.8,0
2021-06-17 09:35:25,2441.9,0
2021-06-17 09:35:34,2441.65,0
2021-06-17 09:35:35,2442.1,0
2021-06-17 09:35:36,2442.2,0
2021-06-17 09:35:38,2442.05,0
2021-06-17 09:35:39,2441.4,0
2021-06-17 09:35:45,2441.95,0
2021-06-17 09:35:46,2441.8,0
2021-06-17 09:35:49,2441.35,0
2021-06-17 09:35:54,2442.6,0
2021-06-17 09:35:56,2442.05,0
2021-06-17 09:35:57,2441.65,0
2021-06-17 09:35:59,2442.0,0
2021-06-17 09:36:01,2442.15,0
2021-06-17 09:36:02,2442.0,0
2021-06-17 09:36:06,2442.8,0
2021-06-17 09:36:07,2442.75,0
2021-06-17 09:36:14,2443.75,0
2021-06-17 09:36:17,2443.05,0
2021-06-17 09:36:22,2443.2,0
2021-06-17 09:36:23,2443.45,0
2021-06-17 09:36:24,2443.6,0
2021-06-17 09:36:28,2442.75,0
2021-06-17 09:36:30,2443.05,0
2021-06-17 09:36:37,2442.15,0
2021-06-17 09:36:38,2441.8,0
2021-06-17 09:36:39,2441.45,0
2021-06-17 09:36:41,2442.9,0
2021-06-17 09:36:43,2442.95,0
2021-06-17 09:36:47,2442.7,0
2021-06-17 09:36:50,2442.15,0
2021-06-17 09:36:53,2442.45,0
2021-06-17 09:37:02,2443.05,0
2021-06-17 09:37:09,2443.35,0
2021-06-17 09:37:13,2443.6,0
2021-06-17 09:37:14,2444.15,0
2021-06-17 09:37:15,2444.25,0
2021-06-17 09:37:16,2444.15,0
2021-06-17 09:37:18,2444.05,0
2021-06-17 09:37:23,2443.6,0
2021-06-17 09:37:24,2444.1,0
2021-06-17 09:37:28,2444.35,0
2021-06-17 09:37:29,2444.5,0
2021-06-17 09:37:33,2444.65,0
2021-06-17 09:37:36,2444.45,0
2021-06-17 09:37:37,2443.9,0
2021-06-17 09:37:38,2444.05,0
2021-06-17 09:37:41,2444.5,0
2021-06-17 09:37:42,2443.2,0
2021-06-17 09:37:43,2444.55,0
2021-06-17 09:37:47,2444.05,0
2021-06-17 09:37:56,2443.7,0
2021-06-17 09:38:01,2444.65,0
2021-06-17 09:38:04,2445.75,0
2021-06-17 09:38:07,2444.75,0
2021-06-17 09:38:12,2443.45,0
2021-06-17 09:38:13,2444.35,0
2021-06-17 09:38:14,2444.35,0
2021-06-17 09:38:16,2444.0,0
2021-06-17 09:38:17,2443.75,0
2021-06-17 09:38:20,2444.35,0
2021-06-17 09:38:29,2444.85,0
2021-06-17 09:38:36,2445.85,0
2021-06-17 09:38:41,2445.4,0
2021-06-17 09:38:47,2446.45,0
2021-06-17 09:38:48,2446.8,0
2021-06-17 09:38:53,2446.45,0
2021-06-17 09:38:54,2448.15,0
2021-06-17 09:39:02,2448.7,0
2021-06-17 09:39:05,2447.95,0
2021-06-17 09:39:06,2448.85,0
2021-06-17 09:39:07,2448.9,0
2021-06-17 09:39:19,2448.35,0
2021-06-17 09:39:23,2449.25,0
2021-06-17 09:39:26,2449.1,0
2021-06-17 09:39:29,2450.0,0
2021-06-17 09:39:37,2451.5,0
2021-06-17 09:39:42,2452.4,0
2021-06-17 09:39:45,2451.85,0
2021-06-17 09:39:46,2452.35,0
2021-06-17 09:39:52,2450.9,0
2021-06-17 09:39:58,2450.65,0
2021-06-17 09:40:00,2450.0,0
2021-06-17 09:40:02,2448.85,0
2021-06-17 09:40:03,2450.3,0
2021-06-17 09:40:05,2449.9,0
2021-06-17 09:40:10,2449.7,0
2021-06-17 09:40:14,2450.0,0
2021-06-17 09:40:15,2449.6,0
2021-06-17 09:40:18,2450.5,0
2021-06-17 09:40:21,2450.1,0
2021-06-17 09:40:23,2449.95,0
2021-06-17 09:40:29,2450.6,0
2021-06-17 09:40:30,2450.4,0
2021-06-17 09:40:33,2450.15,0
2021-06-17 09:40:35,2450.2,0
2021-06-17 09:40:40,2450.8,0
2021-06-17 09:40:41,2450.6,0
2021-06-17 09:40:42,2450.95,0
2021-06-17 09:40:43,2451.15,0
2021-06-17 09:40:50,2449.9,0
2021-06-17 09:40:52,2450.65,0
2021-06-17 09:41:04,2451.35,0
2021-06-17 09:41:14,2451.2,0
2021-06-17 09:41:19,2450.9,0
2021-06-17 09:41:25,2451.45,0
2021-06-17 09:41:30,2453.3,0
2021-06-17 09:41:33,2452.85,0
2021-06-17 09:41:37,2452.95,0
2021-06-17 09:41:38,2453.45,0
2021-06-17 09:41:39,2453.25,0
2021-06-17 09:41:43,2452.95,0
2021-06-17 09:41:46,2453.75,0
2021-06-17 09:41:48,2453.7,0
2021-06-17 09:41:49,2454.05,0
2021-06-17 09:41:51,2454.8,0
2021-06-17 09:41:52,2454.6,0
2021-06-17 09:41:57,2455.05,0
2021-06-17 09:41:58,2455.0,0
2021-06-17 09:42:01,2454.65,0
2021-06-17 09:42:02,2455.55,0
2021-06-17 09:42:03,2455.15,0
2021-06-17 09:42:04,2455.75,0
2021-06-17 09:42:08,2456.15,0
2021-06-17 09:42:09,2456.6,0
2021-06-17 09:42:10,2454.95,0
2021-06-17 09:42:14,2456.3,0
2021-06-17 09:42:15,2456.25,0
2021-06-17 09:42:16,2456.05,0
2021-06-17 09:42:18,2456.25,0
2021-06-17 09:42:20,2456.2,0
2021-06-17 09:42:21,2455.85,0
2021-06-17 09:42:24,2455.85,0
2021-06-17 09:42:27,2456.55,0
2021-06-17 09:42:30,2456.0,0
2021-06-17 09:42:36,2455.4,0
2021-06-17 09:42:37,2454.5,0
2021-06-17 09:42:39,2454.75,0
2021-06-17 09:42:41,2454.25,0
2021-06-17 09:42:43,2454.95,0
2021-06-17 09:42:44,2455.05,0
2021-06-17 09:42:45,2455.3,0
2021-06-17 09:42:48,2454.7,0
2021-06-17 09:42:52,2454.2,0
2021-06-17 09:42:54,2453.5,0
2021-06-17 09:42:56,2452.9,0
2021-06-17 09:42:58,2453.75,0
2021-06-17 09:42:59,2453.4,0
2021-06-17 09:43:01,2453.5,0
2021-06-17 09:43:03,2453.6,0
2021-06-17 09:43:05,2453.55,0
2021-06-17 09:43:08,2453.95,0
2021-06-17 09:43:09,2453.9,0
2021-06-17 09:43:14,2453.9,0
2021-06-17 09:43:24,2454.0,0
2021-06-17 09:43:28,2453.85,0
2021-06-17 09:43:29,2454.2,0
2021-06-17 09:43:30,2453.75,0
2021-06-17 09:43:31,2454.25,0
2021-06-17 09:43:32,2454.05,0
2021-06-17 09:43:39,2454.0,0
2021-06-17 09:43:41,2455.15,0
2021-06-17 09:43:48,2456.4,0
2021-06-17 09:43:52,2455.65,0
2021-06-17 09:43:55,2455.3,0
2021-06-17 09:43:59,2455.75,0
2021-06-17 09:44:02,2454.7,0
2021-06-17 09:44:03,2454.8,0
2021-06-17 09:44:06,2454.9,0
2021-06-17 09:44:07,2455.35,0
2021-06-17 09:44:08,2454.55,0
2021-06-17 09:44:10,2454.7,0
2021-06-17 09:44:11,2454.6,0
2021-06-17 09:44:12,2454.8,0
2021-06-17 09:44:15,2454.7,0
2021-06-17 09:44:21,2455.0,0
2021-06-17 09:44:22,2454.9,0
2021-06-17 09:44:25,2455.2,0
2021-06-17 09:44:30,2455.15,0
2021-06-17 09:44:33,2454.55,0
2021-06-17 09:44:34,2454.8,0
2021-06-17 09:44:39,2454.25,0
2021-06-17 09:44:41,2454.9,0
2021-06-17 09:44:42,2454.2,0
2021-06-17 09:44:44,2454.3,0
2021-06-17 09:44:46,2454.45,0
2021-06-17 09:44:50,2454.4,0
2021-06-17 09:44:58,2453.5,0
2021-06-17 09:45:03,2454.25,0
2021-06-17 09:45:07,2452.8,0
2021-06-17 09:45:09,2452.2,0
2021-06-17 09:45:13,2452.65,0
2021-06-17 09:45:16,2452.95,0
2021-06-17 09:45:35,2451.2,0
2021-06-17 09:45:37,2451.8,0
2021-06-17 09:45:38,2451.1,0
2021-06-17 09:45:39,2451.4,0
2021-06-17 09:45:40,2451.75,0
2021-06-17 09:45:47,2451.0,0
2021-06-17 09:45:58,2450.8,0
2021-06-17 09:46:03,2450.6,0
2021-06-17 09:46:06,2450.65,0
2021-06-17 09:46:07,2451.35,0
2021-06-17 09:46:10,2451.05,0
2021-06-17 09:46:18,2450.9,0
2021-06-17 09:46:19,2451.25,0
2021-06-17 09:46:29,2450.75,0
2021-06-17 09:46:31,2450.45,0
2021-06-17 09:46:32,2451.5,0
2021-06-17 09:46:35,2451.15,0
2021-06-17 09:46:40,2450.3,0
2021-06-17 09:46:44,2450.95,0
2021-06-17 09:46:51,2452.1,0
2021-06-17 09:46:52,2452.3,0
2021-06-17 09:46:54,2451.25,0
2021-06-17 09:46:55,2451.4,0
2021-06-17 09:46:56,2451.8,0
2021-06-17 09:46:57,2451.5,0
2021-06-17 09:47:00,2451.95,0
2021-06-17 09:47:03,2451.1,0
2021-06-17 09:47:05,2451.45,0
2021-06-17 09:47:08,2450.8,0
2021-06-17 09:47:16,2451.8,0
2021-06-17 09:47:22,2451.7,0
2021-06-17 09:47:24,2451.8,0
2021-06-17 09:47:29,2451.6,0
2021-06-17 09:47:30,2451.6,0
2021-06-17 09:47:32,2451.3,0
2021-06-17 09:47:37,2451.2,0
2021-06-17 09:47:39,2451.9,0
2021-06-17 09:47:42,2451.35,0
2021-06-17 09:47:43,2451.35,0
2021-06-17 09:47:44,2451.15,0
2021-06-17 09:47:50,2450.7,0
2021-06-17 09:47:51,2451.15,0
2021-06-17 09:47:53,2451.5,0
2021-06-17 09:47:54,2451.3,0
2021-06-17 09:47:58,2450.95,0
2021-06-17 09:48:00,2451.55,0
2021-06-17 09:48:02,2451.45,0
2021-06-17 09:48:03,2451.8,0
2021-06-17 09:48:12,2451.3,0
2021-06-17 09:48:16,2452.1,0
2021-06-17 09:48:18,2452.25,0
2021-06-17 09:48:19,2452.3,0
2021-06-17 09:48:24,2451.95,0
2021-06-17 09:48:27,2451.8,0
2021-06-17 09:48:30,2452.2,0
2021-06-17 09:48:32,2452.1,0
2021-06-17 09:48:33,2452.3,0
2021-06-17 09:48:38,2452.15,0
2021-06-17 09:48:43,2451.45,0
2021-06-17 09:48:46,2451.55,0
2021-06-17 09:48:48,2451.25,0
2021-06-17 09:48:50,2452.3,0
2021-06-17 09:48:54,2452.15,0
2021-06-17 09:48:59,2452.0,0
2021-06-17 09:49:03,2451.55,0
2021-06-17 09:49:05,2451.85,0
2021-06-17 09:49:10,2451.8,0
2021-06-17 09:49:11,2451.55,0
2021-06-17 09:49:14,2451.9,0
2021-06-17 09:49:16,2451.95,0
2021-06-17 09:49:20,2451.6,0
2021-06-17 09:49:24,2452.1,0
2021-06-17 09:49:25,2450.95,0
2021-06-17 09:49:27,2452.1,0
2021-06-17 09:49:32,2451.25,0
2021-06-17 09:49:34,2452.0,0
2021-06-17 09:49:36,2452.0,0
2021-06-17 09:49:38,2451.7,0
2021-06-17 09:49:39,2451.9,0
2021-06-17 09:49:42,2451.65,0
2021-06-17 09:49:44,2452.65,0
2021-06-17 09:49:45,2451.9,0
2021-06-17 09:49:46,2451.8,0
2021-06-17 09:49:49,2451.7,0
2021-06-17 09:49:50,2451.7,0
2021-06-17 09:49:51,2452.1,0
2021-06-17 09:49:52,2452.25,0
2021-06-17 09:49:56,2451.75,0
2021-06-17 09:49:58,2452.1,0
2021-06-17 09:49:59,2451.6,0
2021-06-17 09:50:01,2451.45,0
2021-06-17 09:50:03,2451.65,0
2021-06-17 09:50:06,2451.25,0
2021-06-17 09:50:07,2451.8,0
2021-06-17 09:50:12,2451.35,0
2021-06-17 09:50:14,2451.8,0
2021-06-17 09:50:15,2451.65,0
2021-06-17 09:50:17,2452.05,0
2021-06-17 09:50:20,2451.55,0
2021-06-17 09:50:26,2452.1,0
2021-06-17 09:50:27,2452.0,0
2021-06-17 09:50:36,2451.65,0
2021-06-17 09:50:37,2451.5,0
2021-06-17 09:50:38,2451.8,0
2021-06-17 09:50:40,2451.6,0
2021-06-17 09:50:44,2451.35,0
2021-06-17 09:50:50,2450.25,0
2021-06-17 09:50:56,2449.7,0
2021-06-17 09:50:58,2450.2,0
2021-06-17 09:51:01,2450.15,0
2021-06-17 09:51:03,2450.2,0
2021-06-17 09:51:04,2450.1,0
2021-06-17 09:51:05,2450.75,0
2021-06-17 09:51:08,2450.05,0
2021-06-17 09:51:17,2449.7,0
2021-06-17 09:51:18,2449.6,0
2021-06-17 09:51:26,2449.55,0
2021-06-17 09:51:27,2449.45,0
2021-06-17 09:51:32,2448.8,0
2021-06-17 09:51:34,2449.5,0
2021-06-17 09:51:36,2449.25,0
2021-06-17 09:51:37,2449.75,0
2021-06-17 09:51:38,2449.15,0
2021-06-17 09:51:39,2449.3,0
2021-06-17 09:51:41,2449.1,0
2021-06-17 09:51:44,2448.5,0
2021-06-17 09:51:47,2449.1,0
2021-06-17 09:51:52,2450.25,0
2021-06-17 09:51:54,2449.55,0
2021-06-17 09:51:55,2449.35,0
2021-06-17 09:51:58,2449.05,0
2021-06-17 09:52:00,2450.1,0
2021-06-17 09:52:02,2449.65,0
2021-06-17 09:52:11,2450.0,0
2021-06-17 09:52:12,2451.05,0
2021-06-17 09:52:13,2451.15,0
2021-06-17 09:52:17,2451.25,0
2021-06-17 09:52:18,2451.75,0
2021-06-17 09:52:20,2451.25,0
2021-06-17 09:52:21,2451.2,0
2021-06-17 09:52:22,2451.55,0
2021-06-17 09:52:23,2451.75,0
2021-06-17 09:52:26,2453.05,0
2021-06-17 09:52:31,2453.5,0
2021-06-17 09:52:35,2454.0,0
2021-06-17 09:52:36,2453.6,0
2021-06-17 09:52:37,2453.8,0
2021-06-17 09:52:42,2453.5,0
2021-06-17 09:52:43,2454.35,0
2021-06-17 09:52:47,2453.75,0
2021-06-17 09:52:48,2454.5,0
2021-06-17 09:52:49,2454.25,0
2021-06-17 09:52:53,2453.9,0
2021-06-17 09:52:55,2453.65,0
2021-06-17 09:53:01,2453.55,0
2021-06-17 09:53:02,2453.3,0
2021-06-17 09:53:03,2453.55,0
2021-06-17 09:53:05,2453.35,0
2021-06-17 09:53:06,2453.2,0
2021-06-17 09:53:09,2452.65,0
2021-06-17 09:53:11,2453.05,0
2021-06-17 09:53:18,2453.8,0
2021-06-17 09:53:19,2453.2,0
2021-06-17 09:53:24,2453.15,0
2021-06-17 09:53:29,2453.6,0
2021-06-17 09:53:30,2453.05,0
2021-06-17 09:53:31,2453.9,0
2021-06-17 09:53:33,2453.25,0
2021-06-17 09:53:35,2453.45,0
2021-06-17 09:53:36,2453.65,0
2021-06-17 09:53:45,2453.4,0
2021-06-17 09:53:48,2454.25,0
2021-06-17 09:53:49,2453.85,0
2021-06-17 09:53:53,2456.0,0
2021-06-17 09:53:54,2455.55,0
2021-06-17 09:53:56,2454.75,0
2021-06-17 09:54:00,2454.9,0
2021-06-17 09:54:01,2455.35,0
2021-06-17 09:54:08,2455.65,0
2021-06-17 09:54:09,2455.25,0
2021-06-17 09:54:18,2454.4,0
2021-06-17 09:54:21,2454.0,0
2021-06-17 09:54:22,2454.0,0
2021-06-17 09:54:23,2454.6,0
2021-06-17 09:54:42,2455.75,0
2021-06-17 09:54:44,2455.55,0
2021-06-17 09:54:47,2455.4,0
2021-06-17 09:54:48,2454.95,0
2021-06-17 09:54:49,2455.7,0
2021-06-17 09:54:52,2455.6,0
2021-06-17 09:54:55,2455.35,0
2021-06-17 09:54:56,2457.3,0
2021-06-17 09:55:03,2456.4,0
2021-06-17 09:55:08,2456.55,0
2021-06-17 09:55:11,2457.15,0
2021-06-17 09:55:14,2456.95,0
2021-06-17 09:55:21,2456.65,0
2021-06-17 09:55:22,2456.55,0
2021-06-17 09:55:24,2456.75,0
2021-06-17 09:55:25,2456.85,0
2021-06-17 09:55:32,2456.55,0
2021-06-17 09:55:34,2456.35,0
2021-06-17 09:55:36,2456.05,0
2021-06-17 09:55:37,2456.55,0
2021-06-17 09:55:38,2456.35,0
2021-06-17 09:55:45,2456.6,0
2021-06-17 09:55:46,2456.2,0
2021-06-17 09:55:48,2456.4,0
2021-06-17 09:55:52,2457.15,0
2021-06-17 09:55:56,2456.85,0
2021-06-17 09:55:58,2457.35,0
2021-06-17 09:55:59,2457.1,0
2021-06-17 09:56:02,2457.05,0
2021-06-17 09:56:03,2456.9,0
2021-06-17 09:56:08,2457.7,0
2021-06-17 09:56:11,2457.7,0
2021-06-17 09:56:12,2457.5,0
2021-06-17 09:56:15,2457.2,0
2021-06-17 09:56:17,2457.05,0
2021-06-17 09:56:18,2457.65,0
2021-06-17 09:56:20,2457.3,0
2021-06-17 09:56:22,2456.65,0
2021-06-17 09:56:24,2457.4,0
2021-06-17 09:56:25,2456.85,0
2021-06-17 09:56:26,2457.4,0
2021-06-17 09:56:27,2457.2,0
2021-06-17 09:56:30,2457.3,0
2021-06-17 09:56:36,2456.5,0
2021-06-17 09:56:42,2456.5,0
2021-06-17 09:56:44,2455.85,0
2021-06-17 09:56:48,2456.2,0
2021-06-17 09:56:50,2456.8,0
2021-06-17 09:56:52,2456.85,0
2021-06-17 09:56:54,2457.15,0
2021-06-17 09:56:57,2457.35,0
2021-06-17 09:57:06,2457.45,0
2021-06-17 09:57:08,2458.15,0
2021-06-17 09:57:09,2457.85,0
2021-06-17 09:57:10,2458.55,0
2021-06-17 09:57:12,2459.0,0
2021-06-17 09:57:13,2458.9,0
2021-06-17 09:57:14,2458.4,0
2021-06-17 09:57:18,2457.65,0
2021-06-17 09:57:25,2457.5,0
2021-06-17 09:57:27,2457.65,0
2021-06-17 09:57:31,2458.2,0
2021-06-17 09:57:33,2458.55,0
2021-06-17 09:57:35,2457.55,0
2021-06-17 09:57:41,2457.4,0
2021-06-17 09:57:53,2457.65,0
2021-06-17 09:57:54,2457.4,0
2021-06-17 09:58:10,2456.7,0
2021-06-17 09:58:13,2456.7,0
2021-06-17 09:58:15,2456.4,0
2021-06-17 09:58:16,2455.9,0
2021-06-17 09:58:19,2456.55,0
2021-06-17 09:58:21,2456.35,0
2021-06-17 09:58:27,2456.35,0
2021-06-17 09:58:28,2456.1,0
2021-06-17 09:58:29,2456.25,0
2021-06-17 09:58:30,2456.95,0
2021-06-17 09:58:34,2456.65,0
2021-06-17 09:58:36,2456.9,0
2021-06-17 09:58:39,2456.25,0
2021-06-17 09:58:41,2456.5,0
2021-06-17 09:58:44,2456.5,0
2021-06-17 09:58:45,2456.2,0
2021-06-17 09:58:46,2456.35,0
2021-06-17 09:58:48,2456.75,0
2021-06-17 09:58:49,2456.85,0
2021-06-17 09:58:58,2457.1,0
2021-06-17 09:59:00,2456.65,0
2021-06-17 09:59:03,2456.5,0
2021-06-17 09:59:04,2456.65,0
2021-06-17 09:59:10,2456.6,0
2021-06-17 09:59:11,2456.9,0
2021-06-17 09:59:12,2456.8,0
2021-06-17 09:59:13,2456.85,0
2021-06-17 09:59:14,2456.45,0
2021-06-17 09:59:18,2456.65,0
2021-06-17 09:59:22,2456.25,0
2021-06-17 09:59:23,2456.6,0
2021-06-17 09:59:24,2456.5,0
2021-06-17 09:59:25,2456.4,0
2021-06-17 09:59:33,2456.6,0
2021-06-17 09:59:35,2456.2,0
2021-06-17 09:59:36,2455.85,0
2021-06-17 09:59:42,2456.7,0
2021-06-17 09:59:43,2456.45,0
2021-06-17 09:59:45,2455.95,0
2021-06-17 09:59:46,2455.85,0
2021-06-17 09:59:49,2456.25,0
2021-06-17 09:59:51,2456.55,0
2021-06-17 09:59:53,2456.3,0
2021-06-17 10:00:02,2455.85,0
2021-06-17 10:00:08,2456.8,0
2021-06-17 10:00:09,2457.15,0
2021-06-17 10:00:10,2456.75,0
2021-06-17 10:00:11,2456.25,0
2021-06-17 10:00:17,2457.3,0
2021-06-17 10:00:18,2456.95,0
2021-06-17 10:00:29,2457.8,0
2021-06-17 10:00:30,2458.25,0
2021-06-17 10:00:32,2458.2,0
2021-06-17 10:00:33,2457.95,0
2021-06-17 10:00:36,2458.5,0
2021-06-17 10:00:37,2458.15,0
2021-06-17 10:00:38,2458.6,0
2021-06-17 10:00:40,2458.5,0
2021-06-17 10:00:44,2458.55,0
2021-06-17 10:00:51,2458.75,0
2021-06-17 10:00:53,2458.95,0
2021-06-17 10:00:56,2458.2,0
2021-06-17 10:00:57,2458.35,0
2021-06-17 10:00:58,2457.9,0
2021-06-17 10:00:59,2457.5,0
2021-06-17 10:01:01,2457.55,0
2021-06-17 10:01:05,2457.65,0
2021-06-17 10:01:06,2457.9,0
2021-06-17 10:01:07,2457.25,0
2021-06-17 10:01:09,2457.95,0
2021-06-17 10:01:10,2457.05,0
2021-06-17 10:01:11,2457.3,0
2021-06-17 10:01:12,2457.05,0
2021-06-17 10:01:13,2457.0,0
2021-06-17 10:01:14,2457.15,0
2021-06-17 10:01:19,2457.1,0
2021-06-17 10:01:20,2456.9,0
2021-06-17 10:01:23,2457.05,0
2021-06-17 10:01:25,2457.3,0
2021-06-17 10:01:26,2457.25,0
2021-06-17 10:01:29,2458.3,0
2021-06-17 10:01:30,2458.0,0
2021-06-17 10:01:32,2459.1,0
2021-06-17 10:01:35,2458.1,0
2021-06-17 10:01:38,2458.85,0
2021-06-17 10:01:40,2458.55,0
2021-06-17 10:01:43,2458.95,0
2021-06-17 10:01:44,2458.8,0
2021-06-17 10:01:47,2458.45,0
2021-06-17 10:01:50,2458.55,0
2021-06-17 10:01:53,2458.65,0
2021-06-17 10:01:54,2458.5,0
2021-06-17 10:01:56,2458.6,0
2021-06-17 10:01:57,2458.45,0
2021-06-17 10:01:59,2458.7,0
2021-06-17 10:02:02,2458.25,0
2021-06-17 10:02:03,2457.85,0
2021-06-17 10:02:05,2458.25,0
2021-06-17 10:02:07,2458.55,0
2021-06-17 10:02:10,2458.55,0
2021-06-17 10:02:13,2458.5,0
2021-06-17 10:02:15,2457.95,0
2021-06-17 10:02:16,2458.35,0
2021-06-17 10:02:19,2458.5,0
2021-06-17 10:02:20,2457.75,0
2021-06-17 10:02:22,2458.15,0
2021-06-17 10:02:23,2457.9,0
2021-06-17 10:02:26,2458.6,0
2021-06-17 10:02:27,2458.45,0
2021-06-17 10:02:28,2458.75,0
2021-06-17 10:02:33,2459.0,0
2021-06-17 10:02:34,2459.45,0
2021-06-17 10:02:36,2459.25,0
2021-06-17 10:02:37,2458.65,0
2021-06-17 10:02:38,2459.4,0
2021-06-17 10:02:40,2459.3,0
2021-06-17 10:02:43,2459.7,0
2021-06-17 10:02:45,2459.6,0
2021-06-17 10:02:46,2458.6,0
2021-06-17 10:02:51,2459.2,0
2021-06-17 10:02:54,2458.65,0
2021-06-17 10:03:02,2458.7,0
2021-06-17 10:03:11,2458.25,0
2021-06-17 10:03:12,2457.95,0
2021-06-17 10:03:21,2458.3,0
2021-06-17 10:03:22,2458.5,0
2021-06-17 10:03:25,2458.15,0
2021-06-17 10:03:30,2458.1,0
2021-06-17 10:03:36,2458.0,0
2021-06-17 10:03:42,2458.1,0
2021-06-17 10:03:43,2457.9,0
2021-06-17 10:03:48,2458.05,0
2021-06-17 10:03:50,2458.5,0
2021-06-17 10:03:52,2458.75,0
2021-06-17 10:03:53,2458.5,0
2021-06-17 10:04:02,2458.9,0
2021-06-17 10:04:07,2458.9,0
2021-06-17 10:04:06,2458.95,0
2021-06-17 10:04:08,2459.7,0
2021-06-17 10:04:10,2459.0,0
2021-06-17 10:04:13,2458.55,0
2021-06-17 10:04:15,2459.15,0
2021-06-17 10:04:18,2459.0,0
2021-06-17 10:04:19,2458.9,0
2021-06-17 10:04:20,2458.45,0
2021-06-17 10:04:23,2459.0,0
2021-06-17 10:04:24,2459.3,0
2021-06-17 10:04:25,2459.4,0
2021-06-17 10:04:26,2459.15,0
2021-06-17 10:04:27,2459.1,0
2021-06-17 10:04:28,2459.8,0
2021-06-17 10:04:34,2460.05,0
2021-06-17 10:04:35,2459.6,0
2021-06-17 10:04:36,2460.0,0
2021-06-17 10:04:37,2459.6,0
2021-06-17 10:04:38,2459.7,0
2021-06-17 10:04:39,2459.7,0
2021-06-17 10:04:42,2458.05,0
2021-06-17 10:04:44,2459.15,0
2021-06-17 10:04:46,2458.05,0
2021-06-17 10:04:54,2458.9,0
2021-06-17 10:04:55,2458.9,0
2021-06-17 10:04:57,2459.05,0
2021-06-17 10:05:01,2459.2,0
2021-06-17 10:05:04,2458.65,0
2021-06-17 10:05:08,2459.15,0
2021-06-17 10:05:11,2459.1,0
2021-06-17 10:05:13,2458.9,0
2021-06-17 10:05:16,2460.2,0
2021-06-17 10:05:17,2459.8,0
2021-06-17 10:05:18,2459.35,0
2021-06-17 10:05:20,2460.25,0
2021-06-17 10:05:25,2460.25,0
2021-06-17 10:05:27,2459.7,0
2021-06-17 10:05:29,2460.25,0
2021-06-17 10:05:30,2460.15,0
2021-06-17 10:05:31,2460.6,0
2021-06-17 10:05:34,2460.7,0
2021-06-17 10:05:35,2460.5,0
2021-06-17 10:05:36,2461.1,0
2021-06-17 10:05:39,2461.0,0
2021-06-17 10:05:41,2460.55,0
2021-06-17 10:05:42,2460.35,0
2021-06-17 10:05:49,2459.9,0
2021-06-17 10:05:48,2459.95,0
2021-06-17 10:05:55,2460.5,0
2021-06-17 10:05:56,2460.3,0
2021-06-17 10:05:57,2460.35,0
2021-06-17 10:05:59,2460.1,0
2021-06-17 10:06:01,2460.45,0
2021-06-17 10:06:09,2460.7,0
2021-06-17 10:06:11,2460.8,0
2021-06-17 10:06:14,2461.25,0
2021-06-17 10:06:17,2461.05,0
2021-06-17 10:06:22,2460.7,0
2021-06-17 10:06:23,2460.7,0
2021-06-17 10:06:24,2461.05,0
2021-06-17 10:06:27,2461.3,0
2021-06-17 10:06:28,2461.45,0
2021-06-17 10:06:29,2461.15,0
2021-06-17 10:06:30,2461.6,0
2021-06-17 10:06:32,2461.0,0
2021-06-17 10:06:36,2461.05,0
2021-06-17 10:06:37,2460.45,0
2021-06-17 10:06:41,2459.95,0
2021-06-17 10:06:42,2460.2,0
2021-06-17 10:06:46,2460.35,0
2021-06-17 10:06:47,2460.1,0
2021-06-17 10:06:49,2459.85,0
2021-06-17 10:06:54,2459.45,0
2021-06-17 10:06:55,2459.35,0
2021-06-17 10:06:56,2459.25,0
2021-06-17 10:06:58,2459.8,0
2021-06-17 10:07:10,2458.9,0
2021-06-17 10:07:15,2458.35,0
2021-06-17 10:07:16,2458.7,0
2021-06-17 10:07:21,2459.0,0
2021-06-17 10:07:22,2459.65,0
2021-06-17 10:07:23,2459.45,0
2021-06-17 10:07:32,2459.45,0
2021-06-17 10:07:34,2459.8,0
2021-06-17 10:07:35,2459.6,0
2021-06-17 10:07:37,2459.9,0
2021-06-17 10:07:40,2460.25,0
2021-06-17 10:07:44,2460.6,0
2021-06-17 10:07:45,2460.75,0
2021-06-17 10:07:49,2460.9,0
2021-06-17 10:07:50,2460.95,0
2021-06-17 10:07:53,2461.65,0
2021-06-17 10:07:56,2461.9,0
2021-06-17 10:07:58,2461.65,0
2021-06-17 10:07:59,2461.55,0
2021-06-17 10:08:00,2461.85,0
2021-06-17 10:08:01,2461.75,0
2021-06-17 10:08:04,2462.55,0
2021-06-17 10:08:05,2462.5,0
2021-06-17 10:08:13,2463.55,0
2021-06-17 10:08:17,2463.0,0
2021-06-17 10:08:19,2463.15,0
2021-06-17 10:08:21,2463.0,0
2021-06-17 10:08:22,2463.0,0
2021-06-17 10:08:24,2463.25,0
2021-06-17 10:08:27,2462.55,0
2021-06-17 10:08:28,2462.95,0
2021-06-17 10:08:29,2462.25,0
2021-06-17 10:08:31,2462.5,0
2021-06-17 10:08:32,2462.05,0
2021-06-17 10:08:34,2462.15,0
2021-06-17 10:08:36,2461.65,0
2021-06-17 10:08:40,2461.9,0
2021-06-17 10:08:41,2461.25,0
2021-06-17 10:08:42,2461.8,0
2021-06-17 10:08:45,2461.8,0
2021-06-17 10:08:49,2461.85,0
2021-06-17 10:08:51,2461.65,0
2021-06-17 10:08:54,2461.95,0
2021-06-17 10:08:56,2463.15,0
2021-06-17 10:08:58,2463.05,0
2021-06-17 10:09:01,2463.0,0
2021-06-17 10:09:05,2462.85,0
2021-06-17 10:09:07,2463.55,0
2021-06-17 10:09:10,2463.75,0
2021-06-17 10:09:13,2463.75,0
2021-06-17 10:09:14,2463.75,0
2021-06-17 10:09:15,2463.65,0
2021-06-17 10:09:16,2463.35,0
2021-06-17 10:09:18,2463.4,0
2021-06-17 10:09:21,2464.3,0
2021-06-17 10:09:24,2464.2,0
2021-06-17 10:09:25,2464.1,0
2021-06-17 10:09:27,2464.2,0
2021-06-17 10:09:30,2463.8,0
2021-06-17 10:09:32,2464.6,0
2021-06-17 10:09:33,2464.65,0
2021-06-17 10:09:34,2463.85,0
2021-06-17 10:09:41,2464.7,0
2021-06-17 10:09:42,2465.15,0
2021-06-17 10:09:46,2465.25,0
2021-06-17 10:09:48,2465.65,0
2021-06-17 10:09:49,2466.0,0
2021-06-17 10:09:51,2465.9,0
2021-06-17 10:09:54,2466.1,0
2021-06-17 10:09:55,2467.05,0
2021-06-17 10:09:58,2466.85,0
2021-06-17 10:10:00,2467.25,0
2021-06-17 10:10:01,2467.6,0
2021-06-17 10:10:04,2467.9,0
2021-06-17 10:10:05,2467.5,0
2021-06-17 10:10:07,2467.3,0
2021-06-17 10:10:08,2467.1,0
2021-06-17 10:10:14,2468.5,0
2021-06-17 10:10:18,2468.05,0
2021-06-17 10:10:21,2468.15,0
2021-06-17 10:10:29,2467.65,0
2021-06-17 10:10:32,2467.5,0
2021-06-17 10:10:34,2467.85,0
2021-06-17 10:10:35,2468.0,0
2021-06-17 10:10:36,2467.8,0
2021-06-17 10:10:39,2468.45,0
2021-06-17 10:10:43,2468.05,0
2021-06-17 10:10:46,2467.8,0
2021-06-17 10:10:49,2468.0,0
2021-06-17 10:10:51,2468.0,0
2021-06-17 10:10:56,2467.85,0
2021-06-17 10:10:59,2467.95,0
2021-06-17 10:11:03,2468.05,0
2021-06-17 10:11:07,2467.35,0
2021-06-17 10:11:11,2467.45,0
2021-06-17 10:11:14,2467.85,0
2021-06-17 10:11:15,2467.45,0
2021-06-17 10:11:17,2467.9,0
2021-06-17 10:11:20,2468.05,0
2021-06-17 10:11:23,2467.35,0
2021-06-17 10:11:24,2467.5,0
2021-06-17 10:11:32,2468.65,0
2021-06-17 10:11:33,2468.65,0
2021-06-17 10:11:34,2468.7,0
2021-06-17 10:11:38,2468.0,0
2021-06-17 10:11:39,2468.5,0
2021-06-17 10:11:41,2468.45,0
2021-06-17 10:11:42,2468.7,0
2021-06-17 10:11:43,2468.55,0
2021-06-17 10:11:45,2468.0,0
2021-06-17 10:11:47,2468.35,0
2021-06-17 10:11:51,2468.35,0
2021-06-17 10:11:54,2467.7,0
2021-06-17 10:11:56,2468.65,0
2021-06-17 10:11:59,2467.95,0
2021-06-17 10:12:06,2467.2,0
2021-06-17 10:12:08,2467.9,0
2021-06-17 10:12:09,2467.4,0
2021-06-17 10:12:10,2467.6,0
2021-06-17 10:12:13,2467.55,0
2021-06-17 10:12:16,2467.6,0
2021-06-17 10:12:17,2468.15,0
2021-06-17 10:12:19,2467.15,0
2021-06-17 10:12:20,2467.45,0
2021-06-17 10:12:23,2467.8,0
2021-06-17 10:12:25,2467.9,0
2021-06-17 10:12:27,2467.55,0
2021-06-17 10:12:29,2468.05,0
2021-06-17 10:12:34,2468.6,0
2021-06-17 10:12:36,2468.25,0
2021-06-17 10:12:41,2467.8,0
2021-06-17 10:12:42,2467.85,0
2021-06-17 10:12:43,2468.65,0
2021-06-17 10:12:45,2468.75,0
2021-06-17 10:12:48,2468.2,0
2021-06-17 10:12:51,2468.5,0
2021-06-17 10:12:55,2468.2,0
2021-06-17 10:12:59,2467.9,0
2021-06-17 10:13:08,2468.45,0
2021-06-17 10:13:09,2468.15,0
2021-06-17 10:13:10,2468.5,0
2021-06-17 10:13:18,2468.85,0
2021-06-17 10:13:19,2468.85,0
2021-06-17 10:13:23,2469.3,0
2021-06-17 10:13:24,2469.55,0
2021-06-17 10:13:25,2469.75,0
2021-06-17 10:13:26,2469.25,0
2021-06-17 10:13:27,2469.75,0
2021-06-17 10:13:29,2469.2,0
2021-06-17 10:13:30,2469.25,0
2021-06-17 10:13:32,2468.8,0
2021-06-17 10:13:37,2469.05,0
2021-06-17 10:13:44,2468.7,0
2021-06-17 10:13:45,2469.3,0
2021-06-17 10:13:47,2468.7,0
2021-06-17 10:13:48,2468.85,0
2021-06-17 10:13:49,2469.3,0
2021-06-17 10:13:51,2467.55,0
2021-06-17 10:13:52,2468.55,0
2021-06-17 10:13:53,2468.3,0
2021-06-17 10:13:54,2467.7,0
2021-06-17 10:13:56,2468.1,0
2021-06-17 10:14:01,2468.7,0
2021-06-17 10:14:02,2467.75,0
2021-06-17 10:14:05,2469.05,0
2021-06-17 10:14:06,2468.65,0
2021-06-17 10:14:09,2468.8,0
2021-06-17 10:14:12,2468.8,0
2021-06-17 10:14:13,2468.35,0
2021-06-17 10:14:15,2468.7,0
2021-06-17 10:14:20,2469.15,0
2021-06-17 10:14:25,2469.15,0
2021-06-17 10:14:26,2469.45,0
2021-06-17 10:14:27,2469.25,0
2021-06-17 10:14:29,2468.85,0
2021-06-17 10:14:33,2469.7,0
2021-06-17 10:14:37,2469.55,0
2021-06-17 10:14:38,2469.55,0
2021-06-17 10:14:39,2469.55,0
2021-06-17 10:14:40,2469.25,0
2021-06-17 10:14:45,2468.6,0
2021-06-17 10:14:48,2468.3,0
2021-06-17 10:14:49,2469.0,0
2021-06-17 10:14:51,2468.15,0
2021-06-17 10:14:54,2468.5,0
2021-06-17 10:14:55,2468.0,0
2021-06-17 10:14:58,2468.65,0
2021-06-17 10:14:59,2468.5,0
2021-06-17 10:15:00,2469.1,0
2021-06-17 10:15:04,2469.3,0
2021-06-17 10:15:08,2469.5,0
2021-06-17 10:15:13,2468.5,0
2021-06-17 10:15:16,2469.6,0
2021-06-17 10:15:18,2469.0,0
2021-06-17 10:15:20,2469.4,0
2021-06-17 10:15:21,2469.15,0
2021-06-17 10:15:36,2468.9,0
2021-06-17 10:15:43,2469.2,0
2021-06-17 10:15:46,2469.5,0
2021-06-17 10:15:47,2469.8,0
2021-06-17 10:15:48,2470.25,0
2021-06-17 10:15:50,2469.6,0
2021-06-17 10:15:52,2469.8,0
2021-06-17 10:15:54,2470.1,0
2021-06-17 10:15:55,2470.4,0
2021-06-17 10:16:02,2469.95,0
2021-06-17 10:16:04,2468.9,0
2021-06-17 10:16:05,2468.65,0
2021-06-17 10:16:06,2468.9,0
2021-06-17 10:16:09,2469.0,0
2021-06-17 10:16:11,2469.3,0
2021-06-17 10:16:12,2468.2,0
2021-06-17 10:16:17,2467.95,0
2021-06-17 10:16:21,2468.75,0
2021-06-17 10:16:24,2468.4,0
2021-06-17 10:16:29,2468.75,0
2021-06-17 10:16:30,2467.75,0
2021-06-17 10:16:32,2468.15,0
2021-06-17 10:16:33,2468.75,0
2021-06-17 10:16:35,2467.7,0
2021-06-17 10:16:38,2467.9,0
2021-06-17 10:16:42,2467.45,0
2021-06-17 10:16:47,2466.6,0
2021-06-17 10:16:48,2466.85,0
2021-06-17 10:16:49,2467.05,0
2021-06-17 10:16:52,2466.8,0
2021-06-17 10:16:53,2466.7,0
2021-06-17 10:16:54,2466.8,0
2021-06-17 10:16:59,2467.05,0
2021-06-17 10:17:00,2466.95,0
2021-06-17 10:17:01,2466.7,0
2021-06-17 10:17:03,2466.75,0
2021-06-17 10:17:04,2466.0,0
2021-06-17 10:17:05,2466.3,0
2021-06-17 10:17:12,2467.0,0
2021-06-17 10:17:14,2467.25,0
2021-06-17 10:17:16,2466.65,0
2021-06-17 10:17:27,2466.85,0
2021-06-17 10:17:28,2467.0,0
2021-06-17 10:17:31,2467.05,0
2021-06-17 10:17:32,2467.05,0
2021-06-17 10:17:35,2467.2,0
2021-06-17 10:17:36,2466.6,0
2021-06-17 10:17:37,2466.85,0
2021-06-17 10:17:39,2467.05,0
2021-06-17 10:17:41,2467.45,0
2021-06-17 10:17:45,2467.8,0
2021-06-17 10:17:53,2467.45,0
2021-06-17 10:17:57,2467.55,0
2021-06-17 10:17:58,2468.0,0
2021-06-17 10:18:00,2468.15,0
2021-06-17 10:18:01,2468.1,0
2021-06-17 10:18:06,2466.7,0
2021-06-17 10:18:08,2467.7,0
2021-06-17 10:18:09,2467.6,0
2021-06-17 10:18:12,2466.7,0
2021-06-17 10:18:19,2466.75,0
2021-06-17 10:18:24,2466.65,0
2021-06-17 10:18:25,2466.5,0
2021-06-17 10:18:26,2466.5,0
2021-06-17 10:18:29,2466.3,0
2021-06-17 10:18:31,2466.55,0
2021-06-17 10:18:33,2466.0,0
2021-06-17 10:18:37,2465.9,0
2021-06-17 10:18:42,2465.7,0
2021-06-17 10:18:44,2466.2,0
2021-06-17 10:18:45,2465.55,0
2021-06-17 10:18:51,2464.95,0
2021-06-17 10:18:55,2465.15,0
2021-06-17 10:18:59,2465.15,0
2021-06-17 10:19:02,2465.5,0
2021-06-17 10:19:03,2465.2,0
2021-06-17 10:19:06,2465.55,0
2021-06-17 10:19:10,2465.65,0
2021-06-17 10:19:12,2465.8,0
2021-06-17 10:19:13,2466.4,0
2021-06-17 10:19:16,2466.6,0
2021-06-17 10:19:17,2465.85,0
2021-06-17 10:19:23,2466.25,0
2021-06-17 10:19:25,2466.0,0
2021-06-17 10:19:28,2466.4,0
2021-06-17 10:19:31,2466.25,0
2021-06-17 10:19:32,2466.0,0
2021-06-17 10:19:36,2466.45,0
2021-06-17 10:19:41,2466.0,0
2021-06-17 10:19:46,2465.25,0
2021-06-17 10:19:48,2465.05,0
2021-06-17 10:19:50,2464.6,0
2021-06-17 10:19:51,2464.65,0
2021-06-17 10:19:53,2465.1,0
2021-06-17 10:19:58,2465.0,0
2021-06-17 10:20:02,2464.8,0
2021-06-17 10:20:04,2465.4,0
2021-06-17 10:20:05,2465.15,0
2021-06-17 10:20:06,2465.15,0
2021-06-17 10:20:07,2465.55,0
2021-06-17 10:20:08,2464.95,0
2021-06-17 10:20:15,2464.65,0
2021-06-17 10:20:16,2464.6,0
2021-06-17 10:20:18,2464.95,0
2021-06-17 10:20:19,2465.2,0
2021-06-17 10:20:21,2464.9,0
2021-06-17 10:20:23,2464.5,0
2021-06-17 10:20:25,2464.8,0
2021-06-17 10:20:26,2465.2,0
2021-06-17 10:20:28,2464.7,0
2021-06-17 10:20:33,2465.1,0
2021-06-17 10:20:34,2464.65,0
2021-06-17 10:20:36,2464.6,0
2021-06-17 10:20:38,2465.1,0
2021-06-17 10:20:39,2464.95,0
2021-06-17 10:20:40,2464.95,0
2021-06-17 10:20:41,2464.95,0
2021-06-17 10:20:42,2464.7,0
2021-06-17 10:20:43,2465.25,0
2021-06-17 10:20:44,2464.9,0
2021-06-17 10:20:49,2464.7,0
2021-06-17 10:20:50,2465.15,0
2021-06-17 10:20:54,2465.1,0
2021-06-17 10:20:57,2464.75,0
2021-06-17 10:21:00,2464.9,0
2021-06-17 10:21:01,2464.65,0
2021-06-17 10:21:02,2464.95,0
2021-06-17 10:21:05,2464.6,0
2021-06-17 10:21:09,2465.55,0
2021-06-17 10:21:14,2465.45,0
2021-06-17 10:21:18,2465.35,0
2021-06-17 10:21:20,2464.95,0
2021-06-17 10:21:24,2465.35,0
2021-06-17 10:21:27,2465.4,0
2021-06-17 10:21:30,2465.8,0
2021-06-17 10:21:31,2465.9,0
2021-06-17 10:21:39,2466.75,0
2021-06-17 10:21:42,2465.65,0
2021-06-17 10:21:45,2466.5,0
2021-06-17 10:21:53,2466.1,0
2021-06-17 10:21:54,2465.55,0
2021-06-17 10:21:57,2465.85,0
2021-06-17 10:21:59,2465.85,0
2021-06-17 10:22:06,2465.6,0
2021-06-17 10:22:10,2465.6,0
2021-06-17 10:22:11,2465.6,0
2021-06-17 10:22:13,2465.9,0
2021-06-17 10:22:16,2465.0,0
2021-06-17 10:22:17,2464.9,0
2021-06-17 10:22:20,2465.05,0
2021-06-17 10:22:25,2465.05,0
2021-06-17 10:22:29,2465.15,0
2021-06-17 10:22:31,2465.05,0
2021-06-17 10:22:32,2464.4,0
2021-06-17 10:22:36,2464.3,0
2021-06-17 10:22:38,2464.9,0
2021-06-17 10:22:39,2464.4,0
2021-06-17 10:22:40,2464.8,0
2021-06-17 10:22:41,2464.4,0
2021-06-17 10:22:44,2464.7,0
2021-06-17 10:22:45,2464.3,0
2021-06-17 10:22:46,2464.3,0
2021-06-17 10:22:48,2463.65,0
2021-06-17 10:22:49,2463.9,0
2021-06-17 10:22:52,2463.8,0
2021-06-17 10:22:53,2463.85,0
2021-06-17 10:22:55,2464.05,0
2021-06-17 10:22:56,2464.05,0
2021-06-17 10:22:58,2464.1,0
2021-06-17 10:22:59,2464.3,0
2021-06-17 10:23:00,2464.65,0
2021-06-17 10:23:04,2463.4,0
2021-06-17 10:23:09,2463.6,0
2021-06-17 10:23:11,2463.05,0
2021-06-17 10:23:12,2463.25,0
2021-06-17 10:23:13,2463.55,0
2021-06-17 10:23:22,2462.8,0
2021-06-17 10:23:23,2462.55,0
2021-06-17 10:23:26,2463.15,0
2021-06-17 10:23:29,2462.95,0
2021-06-17 10:23:30,2463.15,0
2021-06-17 10:23:31,2463.1,0
2021-06-17 10:23:32,2463.7,0
2021-06-17 10:23:33,2463.05,0
2021-06-17 10:23:35,2462.4,0
2021-06-17 10:23:40,2462.3,0
2021-06-17 10:23:42,2462.95,0
2021-06-17 10:23:46,2462.9,0
2021-06-17 10:23:49,2462.5,0
2021-06-17 10:23:50,2462.25,0
2021-06-17 10:23:54,2462.1,0
2021-06-17 10:23:55,2462.8,0
2021-06-17 10:23:58,2462.3,0
2021-06-17 10:23:59,2462.75,0
2021-06-17 10:24:06,2461.85,0
2021-06-17 10:24:10,2462.1,0
2021-06-17 10:24:14,2462.3,0
2021-06-17 10:24:24,2461.5,0
2021-06-17 10:24:25,2462.15,0
2021-06-17 10:24:26,2462.45,0
2021-06-17 10:24:27,2462.85,0
2021-06-17 10:24:28,2462.1,0
2021-06-17 10:24:30,2462.6,0
2021-06-17 10:24:33,2462.4,0
2021-06-17 10:24:37,2461.95,0
2021-06-17 10:24:42,2462.9,0
2021-06-17 10:24:44,2463.1,0
2021-06-17 10:24:48,2462.5,0
2021-06-17 10:24:49,2462.5,0
2021-06-17 10:24:50,2462.75,0
2021-06-17 10:24:57,2462.55,0
2021-06-17 10:24:58,2462.75,0
2021-06-17 10:25:01,2462.95,0
2021-06-17 10:25:02,2462.65,0
2021-06-17 10:25:04,2462.35,0
2021-06-17 10:25:05,2462.4,0
2021-06-17 10:25:07,2462.8,0
2021-06-17 10:25:11,2462.7,0
2021-06-17 10:25:12,2462.25,0
2021-06-17 10:25:13,2462.55,0
2021-06-17 10:25:14,2462.75,0
2021-06-17 10:25:16,2462.75,0
2021-06-17 10:25:21,2462.75,0
2021-06-17 10:25:23,2462.8,0
2021-06-17 10:25:25,2462.25,0
2021-06-17 10:25:29,2462.95,0
2021-06-17 10:25:32,2462.5,0
2021-06-17 10:25:33,2463.3,0
2021-06-17 10:25:34,2463.3,0
2021-06-17 10:25:35,2463.1,0
2021-06-17 10:25:38,2462.85,0
2021-06-17 10:25:41,2463.7,0
2021-06-17 10:25:42,2463.35,0
2021-06-17 10:25:46,2463.75,0
2021-06-17 10:25:47,2463.4,0
2021-06-17 10:25:48,2463.6,0
2021-06-17 10:25:53,2463.95,0
2021-06-17 10:25:54,2463.4,0
2021-06-17 10:25:57,2463.6,0
2021-06-17 10:26:00,2463.4,0
2021-06-17 10:26:03,2464.8,0
2021-06-17 10:26:04,2464.45,0
2021-06-17 10:26:10,2464.1,0
2021-06-17 10:26:14,2463.85,0
2021-06-17 10:26:16,2464.35,0
2021-06-17 10:26:17,2464.35,0
2021-06-17 10:26:20,2463.65,0
2021-06-17 10:26:22,2464.45,0
2021-06-17 10:26:23,2464.55,0
2021-06-17 10:26:25,2464.4,0
2021-06-17 10:26:26,2464.1,0
2021-06-17 10:26:27,2464.25,0
2021-06-17 10:26:29,2464.45,0
2021-06-17 10:26:31,2464.3,0
2021-06-17 10:26:33,2463.85,0
2021-06-17 10:26:35,2463.55,0
2021-06-17 10:26:36,2463.45,0
2021-06-17 10:26:40,2463.95,0
2021-06-17 10:26:41,2464.25,0
2021-06-17 10:26:45,2464.3,0
2021-06-17 10:26:52,2465.1,0
2021-06-17 10:26:53,2464.25,0
2021-06-17 10:26:54,2464.9,0
2021-06-17 10:26:57,2465.1,0
2021-06-17 10:27:00,2464.8,0
2021-06-17 10:27:02,2464.3,0
2021-06-17 10:27:03,2464.6,0
2021-06-17 10:27:05,2464.3,0
2021-06-17 10:27:07,2464.35,0
2021-06-17 10:27:08,2464.4,0
2021-06-17 10:27:09,2464.8,0
2021-06-17 10:27:13,2464.2,0
2021-06-17 10:27:15,2464.1,0
2021-06-17 10:27:16,2464.35,0
2021-06-17 10:27:17,2464.5,0
2021-06-17 10:27:18,2464.15,0
2021-06-17 10:27:23,2463.4,0
2021-06-17 10:27:24,2463.5,0
2021-06-17 10:27:26,2463.6,0
2021-06-17 10:27:28,2463.65,0
2021-06-17 10:27:30,2463.35,0
2021-06-17 10:27:32,2463.25,0
2021-06-17 10:27:35,2463.35,0
2021-06-17 10:27:37,2463.85,0
2021-06-17 10:27:38,2463.65,0
2021-06-17 10:27:39,2463.6,0
2021-06-17 10:27:41,2464.1,0
2021-06-17 10:27:44,2463.05,0
2021-06-17 10:27:48,2463.25,0
2021-06-17 10:27:50,2463.6,0
2021-06-17 10:27:52,2463.45,0
2021-06-17 10:27:53,2463.85,0
2021-06-17 10:27:54,2463.55,0
2021-06-17 10:27:58,2463.45,0
2021-06-17 10:28:02,2463.9,0
2021-06-17 10:28:03,2463.55,0
2021-06-17 10:28:04,2464.35,0
2021-06-17 10:28:06,2463.25,0
2021-06-17 10:28:07,2463.25,0
2021-06-17 10:28:08,2463.8,0
2021-06-17 10:28:11,2463.65,0
2021-06-17 10:28:12,2463.7,0
2021-06-17 10:28:13,2463.9,0
2021-06-17 10:28:14,2463.75,0
2021-06-17 10:28:16,2463.3,0
2021-06-17 10:28:17,2463.4,0
2021-06-17 10:28:18,2463.4,0
2021-06-17 10:28:20,2463.45,0
2021-06-17 10:28:22,2463.6,0
2021-06-17 10:28:23,2463.75,0
2021-06-17 10:28:24,2463.6,0
2021-06-17 10:28:25,2462.85,0
2021-06-17 10:28:27,2463.75,0
2021-06-17 10:28:28,2463.75,0
2021-06-17 10:28:30,2463.05,0
2021-06-17 10:28:31,2463.05,0
2021-06-17 10:28:34,2463.05,0
2021-06-17 10:28:35,2463.55,0
2021-06-17 10:28:37,2463.65,0
2021-06-17 10:28:39,2464.1,0
2021-06-17 10:28:40,2463.75,0
2021-06-17 10:28:41,2463.7,0
2021-06-17 10:28:42,2463.85,0
2021-06-17 10:28:44,2463.25,0
2021-06-17 10:28:48,2463.35,0
2021-06-17 10:28:50,2463.5,0
2021-06-17 10:28:51,2463.05,0
2021-06-17 10:28:53,2463.4,0
2021-06-17 10:28:54,2463.65,0
2021-06-17 10:28:55,2463.85,0
2021-06-17 10:28:56,2463.55,0
2021-06-17 10:28:58,2463.05,0
2021-06-17 10:28:59,2463.65,0
2021-06-17 10:29:00,2463.1,0
2021-06-17 10:29:02,2463.85,0
2021-06-17 10:29:04,2463.6,0
2021-06-17 10:29:08,2463.2,0
2021-06-17 10:29:09,2462.75,0
2021-06-17 10:29:11,2463.35,0
2021-06-17 10:29:12,2463.6,0
2021-06-17 10:29:17,2462.05,0
2021-06-17 10:29:18,2462.7,0
2021-06-17 10:29:19,2462.9,0
2021-06-17 10:29:20,2463.05,0
2021-06-17 10:29:23,2462.65,0
2021-06-17 10:29:24,2462.65,0
2021-06-17 10:29:25,2463.05,0
2021-06-17 10:29:33,2463.3,0
2021-06-17 10:29:35,2462.95,0
2021-06-17 10:29:36,2462.65,0
2021-06-17 10:29:38,2462.7,0
2021-06-17 10:29:39,2462.4,0
2021-06-17 10:29:41,2462.7,0
2021-06-17 10:29:49,2463.7,0
2021-06-17 10:29:50,2463.85,0
2021-06-17 10:29:53,2463.65,0
2021-06-17 10:29:55,2463.6,0
2021-06-17 10:29:58,2464.2,0
2021-06-17 10:30:00,2463.55,0
2021-06-17 10:30:05,2463.7,0
2021-06-17 10:30:06,2463.1,0
2021-06-17 10:30:13,2463.35,0
2021-06-17 10:30:14,2463.3,0
2021-06-17 10:30:17,2463.3,0
2021-06-17 10:30:18,2463.4,0
2021-06-17 10:30:20,2463.55,0
2021-06-17 10:30:23,2463.4,0
2021-06-17 10:30:24,2463.55,0
2021-06-17 10:30:32,2463.55,0
2021-06-17 10:30:41,2463.2,0
2021-06-17 10:30:42,2463.85,0
2021-06-17 10:30:43,2463.7,0
2021-06-17 10:30:44,2463.45,0
2021-06-17 10:30:46,2463.45,0
2021-06-17 10:30:48,2463.85,0
2021-06-17 10:30:54,2463.75,0
2021-06-17 10:30:58,2463.6,0
2021-06-17 10:30:59,2463.05,0
2021-06-17 10:31:00,2463.15,0
2021-06-17 10:31:01,2463.75,0
2021-06-17 10:31:05,2463.75,0
2021-06-17 10:31:07,2463.55,0
2021-06-17 10:31:08,2463.75,0
2021-06-17 10:31:09,2463.85,0
2021-06-17 10:31:12,2463.8,0
2021-06-17 10:31:14,2464.1,0
2021-06-17 10:31:17,2463.55,0
2021-06-17 10:31:18,2463.4,0
2021-06-17 10:31:19,2463.4,0
2021-06-17 10:31:25,2463.55,0
2021-06-17 10:31:27,2463.5,0
2021-06-17 10:31:29,2463.9,0
2021-06-17 10:31:36,2463.65,0
2021-06-17 10:31:38,2464.1,0
2021-06-17 10:31:40,2464.15,0
2021-06-17 10:31:42,2462.2,0
2021-06-17 10:31:44,2462.35,0
2021-06-17 10:31:45,2462.65,0
2021-06-17 10:31:46,2462.8,0
2021-06-17 10:31:47,2462.85,0
2021-06-17 10:31:48,2462.7,0
2021-06-17 10:31:50,2462.25,0
2021-06-17 10:31:51,2462.3,0
2021-06-17 10:31:55,2462.5,0
2021-06-17 10:31:56,2462.75,0
2021-06-17 10:32:07,2462.4,0
2021-06-17 10:32:08,2462.55,0
2021-06-17 10:32:09,2462.75,0
2021-06-17 10:32:10,2462.2,0
2021-06-17 10:32:13,2462.95,0
2021-06-17 10:32:17,2462.75,0
2021-06-17 10:32:18,2462.75,0
2021-06-17 10:32:20,2462.7,0
2021-06-17 10:32:21,2462.7,0
2021-06-17 10:32:24,2462.45,0
2021-06-17 10:32:29,2463.45,0
2021-06-17 10:32:31,2462.85,0
2021-06-17 10:32:32,2462.8,0
2021-06-17 10:32:34,2463.15,0
2021-06-17 10:32:36,2462.95,0
2021-06-17 10:32:37,2463.1,0
2021-06-17 10:32:39,2463.25,0
2021-06-17 10:32:41,2463.4,0
2021-06-17 10:32:42,2463.4,0
2021-06-17 10:32:45,2463.8,0
2021-06-17 10:32:48,2463.45,0
2021-06-17 10:32:50,2463.3,0
2021-06-17 10:32:51,2463.55,0
2021-06-17 10:32:52,2463.05,0
2021-06-17 10:32:55,2464.2,0
2021-06-17 10:32:56,2464.2,0
2021-06-17 10:32:57,2463.45,0
2021-06-17 10:32:58,2463.5,0
2021-06-17 10:33:01,2464.2,0
2021-06-17 10:33:02,2464.6,0
2021-06-17 10:33:04,2464.1,0
2021-06-17 10:33:07,2464.65,0
2021-06-17 10:33:14,2464.7,0
2021-06-17 10:33:15,2464.9,0
2021-06-17 10:33:16,2464.35,0
2021-06-17 10:33:18,2464.35,0
2021-06-17 10:33:22,2464.45,0
2021-06-17 10:33:26,2464.3,0
2021-06-17 10:33:27,2464.6,0
2021-06-17 10:33:28,2465.0,0
2021-06-17 10:33:36,2465.65,0
2021-06-17 10:33:38,2465.1,0
2021-06-17 10:33:39,2465.4,0
2021-06-17 10:33:41,2465.95,0
2021-06-17 10:33:44,2465.85,0
2021-06-17 10:33:45,2466.3,0
2021-06-17 10:33:51,2465.35,0
2021-06-17 10:33:55,2465.9,0
2021-06-17 10:33:56,2465.75,0
2021-06-17 10:33:59,2466.25,0
2021-06-17 10:34:00,2466.15,0
2021-06-17 10:34:03,2465.15,0
2021-06-17 10:34:05,2465.8,0
2021-06-17 10:34:08,2465.15,0
2021-06-17 10:34:11,2465.45,0
2021-06-17 10:34:14,2465.75,0
2021-06-17 10:34:16,2465.6,0
2021-06-17 10:34:17,2465.85,0
2021-06-17 10:34:25,2465.25,0
2021-06-17 10:34:28,2465.1,0
2021-06-17 10:34:29,2465.0,0
2021-06-17 10:34:30,2465.55,0
2021-06-17 10:34:32,2465.1,0
2021-06-17 10:34:34,2465.45,0
2021-06-17 10:34:41,2464.85,0
2021-06-17 10:34:42,2464.95,0
2021-06-17 10:34:43,2465.3,0
2021-06-17 10:34:44,2465.65,0
2021-06-17 10:34:45,2465.3,0
2021-06-17 10:34:46,2465.1,0
2021-06-17 10:34:47,2465.2,0
2021-06-17 10:34:53,2465.1,0
2021-06-17 10:34:54,2465.7,0
2021-06-17 10:34:55,2465.1,0
2021-06-17 10:34:57,2466.1,0
2021-06-17 10:34:58,2465.8,0
2021-06-17 10:35:00,2465.4,0
2021-06-17 10:35:01,2465.1,0
2021-06-17 10:35:05,2465.55,0
2021-06-17 10:35:08,2465.3,0
2021-06-17 10:35:10,2465.6,0
2021-06-17 10:35:11,2465.45,0
2021-06-17 10:35:12,2465.8,0
2021-06-17 10:35:13,2465.85,0
2021-06-17 10:35:15,2465.65,0
2021-06-17 10:35:16,2465.65,0
2021-06-17 10:35:17,2465.6,0
2021-06-17 10:35:18,2465.6,0
2021-06-17 10:35:19,2465.7,0
2021-06-17 10:35:22,2465.15,0
2021-06-17 10:35:24,2465.75,0
2021-06-17 10:35:25,2465.45,0
2021-06-17 10:35:27,2465.1,0
2021-06-17 10:35:30,2465.7,0
2021-06-17 10:35:32,2465.1,0
2021-06-17 10:35:34,2465.7,0
2021-06-17 10:35:35,2465.6,0
2021-06-17 10:35:36,2466.05,0
2021-06-17 10:35:41,2465.5,0
2021-06-17 10:35:43,2465.35,0
2021-06-17 10:35:44,2465.1,0
2021-06-17 10:35:46,2465.75,0
2021-06-17 10:35:50,2465.5,0
2021-06-17 10:35:54,2465.2,0
2021-06-17 10:35:55,2465.7,0
2021-06-17 10:35:56,2465.7,0
2021-06-17 10:35:57,2465.45,0
2021-06-17 10:36:00,2465.75,0
2021-06-17 10:36:02,2465.7,0
2021-06-17 10:36:04,2465.45,0
2021-06-17 10:36:05,2466.25,0
2021-06-17 10:36:06,2466.2,0
2021-06-17 10:36:07,2466.0,0
2021-06-17 10:36:16,2466.3,0
2021-06-17 10:36:17,2466.15,0
2021-06-17 10:36:21,2466.35,0
2021-06-17 10:36:25,2467.3,0
2021-06-17 10:36:26,2466.4,0
2021-06-17 10:36:28,2466.3,0
2021-06-17 10:36:29,2466.9,0
2021-06-17 10:36:30,2466.25,0
2021-06-17 10:36:31,2466.7,0
2021-06-17 10:36:34,2466.85,0
2021-06-17 10:36:35,2466.35,0
2021-06-17 10:36:39,2466.55,0
2021-06-17 10:36:43,2466.85,0
2021-06-17 10:36:45,2466.6,0
2021-06-17 10:36:51,2466.7,0
2021-06-17 10:36:52,2467.35,0
2021-06-17 10:36:53,2466.95,0
2021-06-17 10:36:58,2466.55,0
2021-06-17 10:36:59,2466.1,0
2021-06-17 10:37:01,2466.95,0
2021-06-17 10:37:02,2466.55,0
2021-06-17 10:37:03,2467.1,0
2021-06-17 10:37:05,2467.2,0
2021-06-17 10:37:07,2466.7,0
2021-06-17 10:37:09,2466.7,0
2021-06-17 10:37:11,2467.15,0
2021-06-17 10:37:15,2466.45,0
2021-06-17 10:37:17,2466.3,0
2021-06-17 10:37:23,2465.75,0
2021-06-17 10:37:24,2466.1,0
2021-06-17 10:37:25,2466.45,0
2021-06-17 10:37:26,2466.5,0
2021-06-17 10:37:27,2465.85,0
2021-06-17 10:37:33,2466.55,0
2021-06-17 10:37:34,2465.8,0
2021-06-17 10:37:38,2466.25,0
2021-06-17 10:37:40,2465.8,0
2021-06-17 10:37:41,2466.6,0
2021-06-17 10:37:42,2466.6,0
2021-06-17 10:37:44,2465.7,0
2021-06-17 10:37:46,2465.25,0
2021-06-17 10:37:50,2465.95,0
2021-06-17 10:37:51,2466.05,0
2021-06-17 10:37:52,2465.95,0
2021-06-17 10:37:53,2465.8,0
2021-06-17 10:37:55,2466.2,0
2021-06-17 10:37:56,2466.4,0
2021-06-17 10:37:58,2466.5,0
2021-06-17 10:38:02,2466.25,0
2021-06-17 10:38:04,2466.15,0
2021-06-17 10:38:05,2465.9,0
2021-06-17 10:38:06,2466.6,0
2021-06-17 10:38:07,2466.3,0
2021-06-17 10:38:10,2466.1,0
2021-06-17 10:38:11,2466.5,0
2021-06-17 10:38:12,2466.5,0
2021-06-17 10:38:14,2466.1,0
2021-06-17 10:38:15,2466.75,0
2021-06-17 10:38:16,2466.75,0
2021-06-17 10:38:18,2466.2,0
2021-06-17 10:38:19,2465.95,0
2021-06-17 10:38:23,2466.2,0
2021-06-17 10:38:24,2465.8,0
2021-06-17 10:38:26,2465.75,0
2021-06-17 10:38:27,2466.15,0
2021-06-17 10:38:29,2466.4,0
2021-06-17 10:38:32,2465.95,0
2021-06-17 10:38:33,2466.15,0
2021-06-17 10:38:35,2465.75,0
2021-06-17 10:38:37,2465.9,0
2021-06-17 10:38:41,2465.75,0
2021-06-17 10:38:42,2466.4,0
2021-06-17 10:38:44,2465.45,0
2021-06-17 10:38:51,2465.45,0
2021-06-17 10:38:52,2465.5,0
2021-06-17 10:38:55,2466.25,0
2021-06-17 10:38:56,2465.7,0
2021-06-17 10:38:57,2466.15,0
2021-06-17 10:38:58,2465.9,0
2021-06-17 10:38:59,2465.95,0
2021-06-17 10:39:00,2466.4,0
2021-06-17 10:39:01,2465.5,0
2021-06-17 10:39:02,2466.15,0
2021-06-17 10:39:03,2466.15,0
2021-06-17 10:39:07,2465.55,0
2021-06-17 10:39:11,2466.6,0
2021-06-17 10:39:12,2466.4,0
2021-06-17 10:39:14,2466.5,0
2021-06-17 10:39:17,2466.3,0
2021-06-17 10:39:18,2466.05,0
2021-06-17 10:39:21,2465.85,0
2021-06-17 10:39:24,2465.8,0
2021-06-17 10:39:26,2465.6,0
2021-06-17 10:39:28,2465.55,0
2021-06-17 10:39:31,2465.4,0
2021-06-17 10:39:32,2465.5,0
2021-06-17 10:39:33,2465.65,0
2021-06-17 10:39:34,2465.65,0
2021-06-17 10:39:36,2464.95,0
2021-06-17 10:39:38,2465.4,0
2021-06-17 10:39:46,2465.85,0
2021-06-17 10:39:47,2465.65,0
2021-06-17 10:39:50,2465.4,0
2021-06-17 10:39:52,2466.2,0
2021-06-17 10:39:54,2465.85,0
2021-06-17 10:39:55,2466.0,0
2021-06-17 10:39:56,2466.15,0
2021-06-17 10:39:57,2466.3,0
2021-06-17 10:40:00,2466.1,0
2021-06-17 10:40:01,2466.2,0
2021-06-17 10:40:02,2465.65,0
2021-06-17 10:40:04,2465.55,0
2021-06-17 10:40:08,2466.7,0
2021-06-17 10:40:09,2466.55,0
2021-06-17 10:40:10,2466.6,0
2021-06-17 10:40:11,2466.45,0
2021-06-17 10:40:13,2467.15,0
2021-06-17 10:40:19,2467.35,0
2021-06-17 10:40:21,2467.75,0
2021-06-17 10:40:36,2467.2,0
2021-06-17 10:40:40,2467.05,0
2021-06-17 10:40:41,2467.05,0
2021-06-17 10:40:42,2466.95,0
2021-06-17 10:40:43,2467.4,0
2021-06-17 10:40:48,2467.7,0
2021-06-17 10:40:50,2467.9,0
2021-06-17 10:40:55,2467.4,0
2021-06-17 10:41:01,2467.65,0
2021-06-17 10:41:06,2467.8,0
2021-06-17 10:41:08,2467.7,0
2021-06-17 10:41:09,2467.3,0
2021-06-17 10:41:11,2467.9,0
2021-06-17 10:41:12,2467.55,0
2021-06-17 10:41:16,2467.95,0
2021-06-17 10:41:17,2467.7,0
2021-06-17 10:41:19,2467.95,0
2021-06-17 10:41:21,2467.95,0
2021-06-17 10:41:26,2467.9,0
2021-06-17 10:41:28,2467.75,0
2021-06-17 10:41:30,2467.35,0
2021-06-17 10:41:35,2468.05,0
2021-06-17 10:41:37,2467.05,0
2021-06-17 10:41:41,2467.6,0
2021-06-17 10:41:45,2467.45,0
2021-06-17 10:41:46,2467.85,0
2021-06-17 10:41:48,2467.45,0
2021-06-17 10:41:49,2467.95,0
2021-06-17 10:41:51,2467.95,0
2021-06-17 10:41:52,2468.0,0
2021-06-17 10:41:53,2467.95,0
2021-06-17 10:42:07,2467.7,0
2021-06-17 10:42:09,2468.25,0
2021-06-17 10:42:10,2468.5,0
2021-06-17 10:42:11,2467.9,0
2021-06-17 10:42:12,2467.95,0
2021-06-17 10:42:14,2467.6,0
2021-06-17 10:42:15,2467.3,0
2021-06-17 10:42:18,2467.85,0
2021-06-17 10:42:28,2468.1,0
2021-06-17 10:42:29,2468.25,0
2021-06-17 10:42:30,2468.35,0
2021-06-17 10:42:34,2467.6,0
2021-06-17 10:42:41,2467.7,0
2021-06-17 10:42:43,2467.95,0
2021-06-17 10:42:45,2467.75,0
2021-06-17 10:42:48,2467.75,0
2021-06-17 10:42:49,2468.2,0
2021-06-17 10:42:52,2467.3,0
2021-06-17 10:42:56,2467.65,0
2021-06-17 10:42:57,2467.2,0
2021-06-17 10:42:59,2467.2,0
2021-06-17 10:43:01,2467.45,0
2021-06-17 10:43:04,2467.5,0
2021-06-17 10:43:05,2467.15,0
2021-06-17 10:43:06,2467.4,0
2021-06-17 10:43:07,2467.65,0
2021-06-17 10:43:09,2467.8,0
2021-06-17 10:43:10,2467.85,0
2021-06-17 10:43:26,2466.45,0
2021-06-17 10:43:28,2467.2,0
2021-06-17 10:43:29,2466.9,0
2021-06-17 10:43:31,2466.9,0
2021-06-17 10:43:33,2466.9,0
2021-06-17 10:43:35,2466.65,0
2021-06-17 10:43:36,2466.65,0
2021-06-17 10:43:38,2467.0,0
2021-06-17 10:43:42,2467.0,0
2021-06-17 10:43:43,2466.65,0
2021-06-17 10:43:47,2466.3,0
2021-06-17 10:43:50,2466.05,0
2021-06-17 10:43:52,2466.7,0
2021-06-17 10:43:53,2466.35,0
2021-06-17 10:44:00,2465.55,0
2021-06-17 10:44:01,2465.55,0
2021-06-17 10:44:02,2465.5,0
2021-06-17 10:44:03,2465.5,0
2021-06-17 10:44:07,2466.2,0
2021-06-17 10:44:09,2465.35,0
2021-06-17 10:44:10,2465.4,0
2021-06-17 10:44:12,2464.55,0
2021-06-17 10:44:13,2464.85,0
2021-06-17 10:44:14,2464.45,0
2021-06-17 10:44:18,2464.7,0
2021-06-17 10:44:23,2465.1,0
2021-06-17 10:44:24,2465.15,0
2021-06-17 10:44:25,2465.15,0
2021-06-17 10:44:28,2465.4,0
2021-06-17 10:44:29,2465.25,0
2021-06-17 10:44:30,2465.35,0
2021-06-17 10:44:32,2464.85,0
2021-06-17 10:44:35,2465.4,0
2021-06-17 10:44:36,2465.2,0
2021-06-17 10:44:38,2464.95,0
2021-06-17 10:44:43,2465.65,0
2021-06-17 10:44:44,2463.95,0
2021-06-17 10:44:47,2464.2,0
2021-06-17 10:44:50,2463.95,0
2021-06-17 10:44:52,2464.25,0
2021-06-17 10:44:54,2463.9,0
2021-06-17 10:44:56,2464.45,0
2021-06-17 10:44:58,2464.75,0
2021-06-17 10:44:59,2464.9,0
2021-06-17 10:45:03,2464.65,0
2021-06-17 10:45:05,2464.85,0
2021-06-17 10:45:09,2465.05,0
2021-06-17 10:45:10,2464.85,0
2021-06-17 10:45:11,2464.35,0
2021-06-17 10:45:13,2465.0,0
2021-06-17 10:45:16,2464.6,0
2021-06-17 10:45:19,2464.35,0
2021-06-17 10:45:20,2464.25,0
2021-06-17 10:45:25,2464.7,0
2021-06-17 10:45:28,2463.9,0
2021-06-17 10:45:34,2464.75,0
2021-06-17 10:45:35,2464.55,0
2021-06-17 10:45:37,2464.15,0
2021-06-17 10:45:40,2464.2,0
2021-06-17 10:45:42,2464.3,0
2021-06-17 10:45:45,2464.35,0
2021-06-17 10:45:59,2463.6,0
2021-06-17 10:46:01,2463.95,0
2021-06-17 10:46:03,2463.95,0
2021-06-17 10:46:05,2463.25,0
2021-06-17 10:46:11,2463.45,0
2021-06-17 10:46:15,2464.35,0
2021-06-17 10:46:17,2464.5,0
2021-06-17 10:46:18,2463.9,0
2021-06-17 10:46:19,2463.85,0
2021-06-17 10:46:20,2463.6,0
2021-06-17 10:46:24,2464.45,0
2021-06-17 10:46:25,2464.65,0
2021-06-17 10:46:26,2464.5,0
2021-06-17 10:46:27,2464.55,0
2021-06-17 10:46:29,2464.0,0
2021-06-17 10:46:33,2464.7,0
2021-06-17 10:46:36,2463.7,0
2021-06-17 10:46:38,2463.95,0
2021-06-17 10:46:40,2464.6,0
2021-06-17 10:46:42,2464.5,0
2021-06-17 10:46:45,2463.75,0
2021-06-17 10:46:46,2464.4,0
2021-06-17 10:46:47,2464.3,0
2021-06-17 10:46:51,2463.65,0
2021-06-17 10:46:55,2463.5,0
2021-06-17 10:46:56,2463.25,0
2021-06-17 10:46:58,2464.3,0
2021-06-17 10:47:02,2463.7,0
2021-06-17 10:47:04,2464.15,0
2021-06-17 10:47:10,2463.9,0
2021-06-17 10:47:12,2463.8,0
2021-06-17 10:47:13,2463.95,0
2021-06-17 10:47:15,2463.95,0
2021-06-17 10:47:19,2464.15,0
2021-06-17 10:47:20,2463.7,0
2021-06-17 10:47:21,2464.0,0
2021-06-17 10:47:24,2464.35,0
2021-06-17 10:47:26,2463.95,0
2021-06-17 10:47:28,2463.6,0
2021-06-17 10:47:30,2463.8,0
2021-06-17 10:47:35,2464.15,0
2021-06-17 10:47:36,2464.3,0
2021-06-17 10:47:40,2464.05,0
2021-06-17 10:47:41,2463.4,0
2021-06-17 10:47:42,2463.6,0
2021-06-17 10:47:48,2462.9,0
2021-06-17 10:47:49,2463.85,0
2021-06-17 10:47:50,2463.6,0
2021-06-17 10:47:51,2463.35,0
2021-06-17 10:47:54,2463.6,0
2021-06-17 10:47:56,2463.65,0
2021-06-17 10:47:57,2463.7,0
2021-06-17 10:47:58,2463.8,0
2021-06-17 10:47:59,2463.25,0
2021-06-17 10:48:01,2463.3,0
2021-06-17 10:48:02,2463.3,0
2021-06-17 10:48:03,2463.3,0
2021-06-17 10:48:06,2463.95,0
2021-06-17 10:48:08,2463.1,0
2021-06-17 10:48:09,2462.75,0
2021-06-17 10:48:14,2463.25,0
2021-06-17 10:48:16,2462.8,0
2021-06-17 10:48:18,2462.85,0
2021-06-17 10:48:19,2462.95,0
2021-06-17 10:48:20,2463.05,0
2021-06-17 10:48:25,2463.2,0
2021-06-17 10:48:26,2463.1,0
2021-06-17 10:48:28,2462.65,0
2021-06-17 10:48:30,2462.35,0
2021-06-17 10:48:32,2462.75,0
2021-06-17 10:48:33,2463.1,0
2021-06-17 10:48:37,2463.05,0
2021-06-17 10:48:39,2462.7,0
2021-06-17 10:48:44,2462.3,0
2021-06-17 10:48:46,2461.8,0
2021-06-17 10:48:47,2461.8,0
2021-06-17 10:48:48,2462.1,0
2021-06-17 10:48:49,2462.45,0
2021-06-17 10:48:50,2462.45,0
2021-06-17 10:48:52,2461.45,0
2021-06-17 10:48:54,2461.25,0
2021-06-17 10:48:55,2461.25,0
2021-06-17 10:48:59,2460.9,0
2021-06-17 10:49:00,2460.95,0
2021-06-17 10:49:02,2461.45,0
2021-06-17 10:49:08,2462.05,0
2021-06-17 10:49:09,2462.05,0
2021-06-17 10:49:11,2461.55,0
2021-06-17 10:49:18,2460.8,0
2021-06-17 10:49:20,2461.35,0
2021-06-17 10:49:21,2461.35,0
2021-06-17 10:49:22,2461.8,0
2021-06-17 10:49:30,2461.5,0
2021-06-17 10:49:31,2461.55,0
2021-06-17 10:49:32,2461.65,0
2021-06-17 10:49:33,2461.5,0
2021-06-17 10:49:34,2461.15,0
2021-06-17 10:49:35,2460.95,0
2021-06-17 10:49:36,2461.1,0
2021-06-17 10:49:37,2461.0,0
2021-06-17 10:49:40,2461.15,0
2021-06-17 10:49:42,2460.9,0
2021-06-17 10:49:43,2461.25,0
2021-06-17 10:49:47,2461.3,0
2021-06-17 10:49:49,2461.5,0
2021-06-17 10:49:51,2461.0,0
2021-06-17 10:49:52,2461.5,0
2021-06-17 10:49:54,2461.3,0
2021-06-17 10:49:56,2461.4,0
2021-06-17 10:49:59,2461.15,0
2021-06-17 10:50:01,2461.6,0
2021-06-17 10:50:04,2460.9,0
2021-06-17 10:50:06,2461.4,0
2021-06-17 10:50:08,2460.85,0
2021-06-17 10:50:10,2461.7,0
2021-06-17 10:50:16,2460.7,0
2021-06-17 10:50:17,2460.4,0
2021-06-17 10:50:18,2460.1,0
2021-06-17 10:50:19,2460.25,0
2021-06-17 10:50:25,2460.15,0
2021-06-17 10:50:31,2460.2,0
2021-06-17 10:50:37,2459.55,0
2021-06-17 10:50:38,2459.45,0
2021-06-17 10:50:39,2459.7,0
2021-06-17 10:50:41,2459.35,0
2021-06-17 10:50:43,2458.85,0
2021-06-17 10:50:45,2459.4,0
2021-06-17 10:50:48,2458.15,0
2021-06-17 10:50:50,2458.85,0
2021-06-17 10:50:53,2459.15,0
2021-06-17 10:50:54,2458.9,0
2021-06-17 10:50:56,2458.65,0
2021-06-17 10:50:57,2459.15,0
2021-06-17 10:51:05,2459.0,0
2021-06-17 10:51:06,2459.25,0
2021-06-17 10:51:16,2458.3,0
2021-06-17 10:51:17,2458.65,0
2021-06-17 10:51:21,2458.95,0
2021-06-17 10:51:22,2458.4,0
2021-06-17 10:51:24,2459.45,0
2021-06-17 10:51:32,2458.8,0
2021-06-17 10:51:34,2458.95,0
2021-06-17 10:51:35,2458.5,0
2021-06-17 10:51:36,2459.55,0
2021-06-17 10:51:37,2459.15,0
2021-06-17 10:51:38,2459.3,0
2021-06-17 10:51:44,2458.7,0
2021-06-17 10:51:52,2458.6,0
2021-06-17 10:51:53,2458.25,0
2021-06-17 10:51:55,2458.4,0
2021-06-17 10:51:56,2458.15,0
2021-06-17 10:52:00,2458.8,0
2021-06-17 10:52:01,2458.2,0
2021-06-17 10:52:03,2457.8,0
2021-06-17 10:52:04,2457.9,0
2021-06-17 10:52:07,2458.65,0
2021-06-17 10:52:10,2458.65,0
2021-06-17 10:52:13,2458.75,0
2021-06-17 10:52:14,2458.7,0
2021-06-17 10:52:15,2458.15,0
2021-06-17 10:52:18,2458.65,0
2021-06-17 10:52:19,2458.6,0
2021-06-17 10:52:20,2458.6,0
2021-06-17 10:52:25,2458.65,0
2021-06-17 10:52:28,2458.6,0
2021-06-17 10:52:29,2458.8,0
2021-06-17 10:52:33,2458.1,0
2021-06-17 10:52:34,2457.95,0
2021-06-17 10:52:35,2458.65,0
2021-06-17 10:52:43,2458.45,0
2021-06-17 10:52:48,2458.1,0
2021-06-17 10:52:50,2458.1,0
2021-06-17 10:52:53,2458.05,0
2021-06-17 10:53:02,2458.05,0
2021-06-17 10:53:14,2458.3,0
2021-06-17 10:53:15,2458.35,0
2021-06-17 10:53:16,2458.4,0
2021-06-17 10:53:18,2458.75,0
2021-06-17 10:53:19,2458.4,0
2021-06-17 10:53:20,2458.25,0
2021-06-17 10:53:25,2458.05,0
2021-06-17 10:53:27,2457.8,0
2021-06-17 10:53:30,2458.1,0
2021-06-17 10:53:35,2458.4,0
2021-06-17 10:53:36,2458.35,0
2021-06-17 10:53:38,2458.6,0
2021-06-17 10:53:41,2458.15,0
2021-06-17 10:53:42,2458.6,0
2021-06-17 10:53:44,2457.85,0
2021-06-17 10:53:49,2458.2,0
2021-06-17 10:53:50,2458.25,0
2021-06-17 10:53:53,2458.1,0
2021-06-17 10:53:55,2458.25,0
2021-06-17 10:53:56,2457.7,0
2021-06-17 10:53:57,2458.05,0
2021-06-17 10:53:59,2457.7,0
2021-06-17 10:54:02,2458.2,0
2021-06-17 10:54:03,2458.6,0
2021-06-17 10:54:04,2458.8,0
2021-06-17 10:54:08,2458.5,0
2021-06-17 10:54:09,2458.35,0
2021-06-17 10:54:15,2458.1,0
2021-06-17 10:54:16,2457.8,0
2021-06-17 10:54:17,2457.65,0
2021-06-17 10:54:22,2458.25,0
2021-06-17 10:54:23,2458.2,0
2021-06-17 10:54:24,2457.6,0
2021-06-17 10:54:32,2456.8,0
2021-06-17 10:54:38,2457.2,0
2021-06-17 10:54:39,2456.1,0
2021-06-17 10:54:41,2455.55,0
2021-06-17 10:54:43,2456.75,0
2021-06-17 10:54:45,2456.75,0
2021-06-17 10:54:46,2456.9,0
2021-06-17 10:54:47,2456.7,0
2021-06-17 10:54:51,2457.45,0
2021-06-17 10:54:53,2457.1,0
2021-06-17 10:54:55,2457.25,0
2021-06-17 10:54:59,2457.1,0
2021-06-17 10:55:00,2457.4,0
2021-06-17 10:55:02,2457.2,0
2021-06-17 10:55:07,2457.15,0
2021-06-17 10:55:09,2456.95,0
2021-06-17 10:55:11,2457.1,0
2021-06-17 10:55:14,2457.25,0
2021-06-17 10:55:15,2457.35,0
2021-06-17 10:55:16,2457.05,0
2021-06-17 10:55:17,2456.65,0
2021-06-17 10:55:18,2456.0,0
2021-06-17 10:55:21,2455.95,0
2021-06-17 10:55:22,2456.5,0
2021-06-17 10:55:24,2456.1,0
2021-06-17 10:55:28,2456.35,0
2021-06-17 10:55:29,2456.35,0
2021-06-17 10:55:32,2456.65,0
2021-06-17 10:55:35,2456.55,0
2021-06-17 10:55:36,2456.6,0
2021-06-17 10:55:43,2456.0,0
2021-06-17 10:55:44,2456.45,0
2021-06-17 10:55:45,2456.35,0
2021-06-17 10:55:46,2456.35,0
2021-06-17 10:55:47,2456.4,0
2021-06-17 10:55:49,2456.8,0
2021-06-17 10:55:55,2456.45,0
2021-06-17 10:55:56,2456.5,0
2021-06-17 10:55:57,2456.25,0
2021-06-17 10:55:58,2456.5,0
2021-06-17 10:55:59,2456.25,0
2021-06-17 10:56:02,2456.8,0
2021-06-17 10:56:05,2456.1,0
2021-06-17 10:56:07,2456.3,0
2021-06-17 10:56:08,2456.25,0
2021-06-17 10:56:14,2456.45,0
2021-06-17 10:56:17,2455.4,0
2021-06-17 10:56:19,2455.45,0
2021-06-17 10:56:20,2456.0,0
2021-06-17 10:56:21,2456.2,0
2021-06-17 10:56:23,2456.0,0
2021-06-17 10:56:28,2454.85,0
2021-06-17 10:56:31,2455.25,0
2021-06-17 10:56:32,2455.4,0
2021-06-17 10:56:33,2455.85,0
2021-06-17 10:56:35,2455.7,0
2021-06-17 10:56:36,2455.6,0
2021-06-17 10:56:37,2455.8,0
2021-06-17 10:56:39,2455.55,0
2021-06-17 10:56:40,2455.75,0
2021-06-17 10:56:43,2455.75,0
2021-06-17 10:56:44,2456.05,0
2021-06-17 10:56:46,2456.4,0
2021-06-17 10:56:47,2456.7,0
2021-06-17 10:56:48,2456.25,0
2021-06-17 10:56:50,2456.35,0
2021-06-17 10:56:51,2456.8,0
2021-06-17 10:56:52,2456.4,0
2021-06-17 10:56:53,2456.15,0
2021-06-17 10:56:55,2456.7,0
2021-06-17 10:56:57,2457.0,0
2021-06-17 10:56:58,2456.35,0
2021-06-17 10:56:59,2456.35,0
2021-06-17 10:57:08,2456.75,0
2021-06-17 10:57:11,2456.4,0
2021-06-17 10:57:12,2456.25,0
2021-06-17 10:57:14,2456.2,0
2021-06-17 10:57:15,2456.25,0
2021-06-17 10:57:16,2456.25,0
2021-06-17 10:57:17,2456.25,0
2021-06-17 10:57:19,2456.4,0
2021-06-17 10:57:23,2456.55,0
2021-06-17 10:57:26,2457.45,0
2021-06-17 10:57:29,2457.55,0
2021-06-17 10:57:34,2456.75,0
2021-06-17 10:57:41,2457.5,0
2021-06-17 10:57:43,2456.65,0
2021-06-17 10:57:44,2456.85,0
2021-06-17 10:57:49,2457.3,0
2021-06-17 10:57:50,2457.65,0
2021-06-17 10:57:53,2458.0,0
2021-06-17 10:57:55,2457.4,0
2021-06-17 10:57:59,2457.05,0
2021-06-17 10:58:03,2457.9,0
2021-06-17 10:58:04,2457.3,0
2021-06-17 10:58:05,2457.6,0
2021-06-17 10:58:08,2457.35,0
2021-06-17 10:58:09,2457.1,0
2021-06-17 10:58:11,2457.7,0
2021-06-17 10:58:13,2457.4,0
2021-06-17 10:58:14,2457.8,0
2021-06-17 10:58:15,2458.05,0
2021-06-17 10:58:16,2457.6,0
2021-06-17 10:58:17,2457.55,0
2021-06-17 10:58:19,2457.75,0
2021-06-17 10:58:23,2457.65,0
2021-06-17 10:58:26,2457.85,0
2021-06-17 10:58:27,2457.75,0
2021-06-17 10:58:29,2457.75,0
2021-06-17 10:58:30,2457.8,0
2021-06-17 10:58:34,2457.9,0
2021-06-17 10:58:42,2457.2,0
2021-06-17 10:58:44,2457.35,0
2021-06-17 10:58:45,2457.3,0
2021-06-17 10:58:48,2457.05,0
2021-06-17 10:58:52,2456.75,0
2021-06-17 10:58:53,2456.8,0
2021-06-17 10:58:56,2456.35,0
2021-06-17 10:58:57,2456.4,0
2021-06-17 10:58:58,2456.35,0
2021-06-17 10:59:00,2456.3,0
2021-06-17 10:59:03,2456.85,0
2021-06-17 10:59:06,2456.5,0
2021-06-17 10:59:08,2456.1,0
2021-06-17 10:59:09,2455.75,0
2021-06-17 10:59:17,2456.05,0
2021-06-17 10:59:19,2456.6,0
2021-06-17 10:59:20,2456.15,0
2021-06-17 10:59:22,2456.2,0
2021-06-17 10:59:23,2455.65,0
2021-06-17 10:59:24,2456.45,0
2021-06-17 10:59:25,2456.2,0
2021-06-17 10:59:27,2456.0,0
2021-06-17 10:59:32,2456.4,0
2021-06-17 10:59:35,2456.55,0
2021-06-17 10:59:36,2456.35,0
2021-06-17 10:59:37,2456.55,0
2021-06-17 10:59:38,2455.95,0
2021-06-17 10:59:45,2457.1,0
2021-06-17 10:59:48,2456.05,0
2021-06-17 10:59:50,2456.3,0
2021-06-17 10:59:51,2456.1,0
2021-06-17 10:59:55,2456.2,0
2021-06-17 10:59:57,2456.1,0
2021-06-17 11:00:14,2456.25,0
2021-06-17 11:00:15,2456.3,0
2021-06-17 11:00:18,2455.45,0
2021-06-17 11:00:19,2455.2,0
2021-06-17 11:00:20,2455.45,0
2021-06-17 11:00:22,2455.0,0
2021-06-17 11:00:32,2454.75,0
2021-06-17 11:00:38,2454.55,0
2021-06-17 11:00:39,2455.05,0
2021-06-17 11:00:40,2455.05,0
2021-06-17 11:00:43,2455.05,0
2021-06-17 11:00:44,2454.9,0
2021-06-17 11:00:45,2455.1,0
2021-06-17 11:00:50,2455.4,0
2021-06-17 11:00:51,2454.7,0
2021-06-17 11:00:55,2455.4,0
2021-06-17 11:00:58,2455.6,0
2021-06-17 11:01:00,2454.85,0
2021-06-17 11:01:02,2455.15,0
2021-06-17 11:01:04,2454.7,0
2021-06-17 11:01:05,2454.4,0
2021-06-17 11:01:07,2454.55,0
2021-06-17 11:01:08,2454.25,0
2021-06-17 11:01:09,2455.45,0
2021-06-17 11:01:11,2454.95,0
2021-06-17 11:01:12,2454.8,0
2021-06-17 11:01:13,2454.45,0
2021-06-17 11:01:19,2454.45,0
2021-06-17 11:01:23,2455.4,0
2021-06-17 11:01:24,2454.5,0
2021-06-17 11:01:27,2455.15,0
2021-06-17 11:01:30,2455.35,0
2021-06-17 11:01:31,2454.7,0
2021-06-17 11:01:32,2454.95,0
2021-06-17 11:01:34,2454.5,0
2021-06-17 11:01:35,2454.15,0
2021-06-17 11:01:36,2454.4,0
2021-06-17 11:01:41,2454.65,0
2021-06-17 11:01:42,2454.45,0
2021-06-17 11:01:44,2454.8,0
2021-06-17 11:01:47,2454.4,0
2021-06-17 11:01:49,2454.85,0
2021-06-17 11:01:51,2454.75,0
2021-06-17 11:01:52,2454.8,0
2021-06-17 11:01:57,2454.85,0
2021-06-17 11:01:58,2454.75,0
2021-06-17 11:02:00,2455.0,0
2021-06-17 11:02:01,2454.5,0
2021-06-17 11:02:02,2454.65,0
2021-06-17 11:02:03,2454.5,0
2021-06-17 11:02:05,2455.45,0
2021-06-17 11:02:08,2454.95,0
2021-06-17 11:02:09,2454.65,0
2021-06-17 11:02:18,2454.75,0
2021-06-17 11:02:19,2454.75,0
2021-06-17 11:02:21,2454.45,0
2021-06-17 11:02:25,2455.25,0
2021-06-17 11:02:26,2454.8,0
2021-06-17 11:02:27,2455.5,0
2021-06-17 11:02:28,2455.1,0
2021-06-17 11:02:31,2455.45,0
2021-06-17 11:02:39,2455.7,0
2021-06-17 11:02:40,2455.4,0
2021-06-17 11:02:42,2456.05,0
2021-06-17 11:02:45,2455.85,0
2021-06-17 11:02:46,2455.95,0
2021-06-17 11:02:48,2455.45,0
2021-06-17 11:02:50,2455.3,0
2021-06-17 11:02:54,2455.45,0
2021-06-17 11:02:55,2455.95,0
2021-06-17 11:02:58,2455.55,0
2021-06-17 11:02:59,2455.45,0
2021-06-17 11:03:01,2455.85,0
2021-06-17 11:03:02,2455.6,0
2021-06-17 11:03:05,2455.8,0
2021-06-17 11:03:07,2455.6,0
2021-06-17 11:03:09,2456.4,0
2021-06-17 11:03:10,2456.05,0
2021-06-17 11:03:11,2455.95,0
2021-06-17 11:03:14,2455.8,0
2021-06-17 11:03:16,2456.35,0
2021-06-17 11:03:18,2456.7,0
2021-06-17 11:03:20,2456.85,0
2021-06-17 11:03:22,2456.45,0
2021-06-17 11:03:24,2456.7,0
2021-06-17 11:03:25,2456.8,0
2021-06-17 11:03:29,2457.55,0
2021-06-17 11:03:30,2457.2,0
2021-06-17 11:03:31,2457.35,0
2021-06-17 11:03:37,2457.3,0
2021-06-17 11:03:39,2457.25,0
2021-06-17 11:03:42,2457.5,0
2021-06-17 11:03:43,2457.1,0
2021-06-17 11:03:47,2457.1,0
2021-06-17 11:03:51,2456.85,0
2021-06-17 11:03:52,2457.25,0
2021-06-17 11:03:53,2456.75,0
2021-06-17 11:03:55,2456.95,0
2021-06-17 11:03:56,2457.05,0
2021-06-17 11:03:57,2457.55,0
2021-06-17 11:03:58,2457.55,0
2021-06-17 11:03:59,2457.4,0
2021-06-17 11:04:06,2457.3,0
2021-06-17 11:04:08,2456.8,0
2021-06-17 11:04:12,2456.85,0
2021-06-17 11:04:16,2457.1,0
2021-06-17 11:04:17,2457.05,0
2021-06-17 11:04:18,2457.95,0
2021-06-17 11:04:27,2457.65,0
2021-06-17 11:04:29,2457.8,0
2021-06-17 11:04:34,2457.3,0
2021-06-17 11:04:35,2457.1,0
2021-06-17 11:04:39,2457.4,0
2021-06-17 11:04:41,2457.1,0
2021-06-17 11:04:42,2457.6,0
2021-06-17 11:04:46,2457.85,0
2021-06-17 11:04:51,2457.75,0
2021-06-17 11:04:55,2458.4,0
2021-06-17 11:04:58,2458.5,0
2021-06-17 11:04:59,2457.95,0
2021-06-17 11:05:00,2458.25,0
2021-06-17 11:05:01,2458.05,0
2021-06-17 11:05:13,2457.7,0
2021-06-17 11:05:14,2458.05,0
2021-06-17 11:05:15,2458.65,0
2021-06-17 11:05:20,2457.85,0
2021-06-17 11:05:22,2458.45,0
2021-06-17 11:05:23,2458.65,0
2021-06-17 11:05:25,2458.35,0
2021-06-17 11:05:27,2458.2,0
2021-06-17 11:05:28,2458.3,0
2021-06-17 11:05:30,2458.75,0
2021-06-17 11:05:37,2459.0,0
2021-06-17 11:05:40,2459.55,0
2021-06-17 11:05:46,2459.35,0
2021-06-17 11:05:47,2460.05,0
2021-06-17 11:05:48,2459.85,0
2021-06-17 11:05:51,2460.6,0
2021-06-17 11:05:52,2460.15,0
2021-06-17 11:05:54,2460.05,0
2021-06-17 11:05:57,2459.7,0
2021-06-17 11:05:59,2459.9,0
2021-06-17 11:06:00,2460.2,0
2021-06-17 11:06:02,2459.75,0
2021-06-17 11:06:10,2459.7,0
2021-06-17 11:06:11,2460.15,0
2021-06-17 11:06:14,2460.05,0
2021-06-17 11:06:16,2459.75,0
2021-06-17 11:06:17,2461.35,0
2021-06-17 11:06:19,2460.8,0
2021-06-17 11:06:22,2460.3,0
2021-06-17 11:06:24,2460.5,0
2021-06-17 11:06:26,2460.7,0
2021-06-17 11:06:27,2460.95,0
2021-06-17 11:06:28,2460.4,0
2021-06-17 11:06:29,2460.8,0
2021-06-17 11:06:30,2460.95,0
2021-06-17 11:06:31,2461.05,0
2021-06-17 11:06:39,2460.95,0
2021-06-17 11:06:40,2461.25,0
2021-06-17 11:06:42,2460.9,0
2021-06-17 11:06:43,2460.15,0
2021-06-17 11:06:44,2460.3,0
2021-06-17 11:06:47,2461.7,0
2021-06-17 11:06:51,2461.05,0
2021-06-17 11:06:52,2461.75,0
2021-06-17 11:06:54,2461.7,0
2021-06-17 11:06:55,2461.35,0
2021-06-17 11:06:56,2461.95,0
2021-06-17 11:06:57,2461.95,0
2021-06-17 11:07:01,2461.45,0
2021-06-17 11:07:02,2461.9,0
2021-06-17 11:07:03,2461.2,0
2021-06-17 11:07:05,2461.95,0
2021-06-17 11:07:06,2461.55,0
2021-06-17 11:07:08,2461.85,0
2021-06-17 11:07:11,2461.1,0
2021-06-17 11:07:12,2461.4,0
2021-06-17 11:07:14,2461.6,0
2021-06-17 11:07:16,2461.65,0
2021-06-17 11:07:21,2461.5,0
2021-06-17 11:07:22,2461.35,0
2021-06-17 11:07:23,2461.4,0
2021-06-17 11:07:24,2461.7,0
2021-06-17 11:07:28,2461.85,0
2021-06-17 11:07:33,2462.1,0
2021-06-17 11:07:34,2461.4,0
2021-06-17 11:07:37,2461.15,0
2021-06-17 11:07:38,2461.15,0
2021-06-17 11:07:39,2461.85,0
2021-06-17 11:07:41,2461.95,0
2021-06-17 11:07:42,2462.25,0
2021-06-17 11:07:44,2462.15,0
2021-06-17 11:07:48,2460.95,0
2021-06-17 11:07:50,2461.25,0
2021-06-17 11:07:51,2461.05,0
2021-06-17 11:07:53,2461.15,0
2021-06-17 11:07:59,2460.85,0
2021-06-17 11:08:01,2461.4,0
2021-06-17 11:08:02,2461.35,0
2021-06-17 11:08:03,2461.55,0
2021-06-17 11:08:06,2461.05,0
2021-06-17 11:08:08,2461.15,0
2021-06-17 11:08:09,2462.6,0
2021-06-17 11:08:11,2461.95,0
2021-06-17 11:08:12,2462.2,0
2021-06-17 11:08:15,2461.6,0
2021-06-17 11:08:18,2462.05,0
2021-06-17 11:08:20,2462.2,0
2021-06-17 11:08:21,2461.8,0
2021-06-17 11:08:22,2462.1,0
2021-06-17 11:08:24,2462.1,0
2021-06-17 11:08:25,2462.0,0
2021-06-17 11:08:31,2462.1,0
2021-06-17 11:08:34,2461.65,0
2021-06-17 11:08:38,2462.3,0
2021-06-17 11:08:40,2462.5,0
2021-06-17 11:08:41,2461.85,0
2021-06-17 11:08:42,2462.1,0
2021-06-17 11:08:43,2461.75,0
2021-06-17 11:08:46,2461.55,0
2021-06-17 11:08:47,2461.3,0
2021-06-17 11:08:48,2461.35,0
2021-06-17 11:08:53,2461.4,0
2021-06-17 11:08:55,2461.4,0
2021-06-17 11:08:56,2461.9,0
2021-06-17 11:08:57,2461.35,0
2021-06-17 11:09:00,2461.7,0
2021-06-17 11:09:01,2461.35,0
2021-06-17 11:09:03,2461.85,0
2021-06-17 11:09:04,2461.9,0
2021-06-17 11:09:05,2462.3,0
2021-06-17 11:09:07,2462.1,0
2021-06-17 11:09:09,2462.15,0
2021-06-17 11:09:10,2461.55,0
2021-06-17 11:09:11,2461.7,0
2021-06-17 11:09:14,2461.7,0
2021-06-17 11:09:15,2461.6,0
2021-06-17 11:09:16,2461.65,0
2021-06-17 11:09:18,2461.55,0
2021-06-17 11:09:21,2461.55,0
2021-06-17 11:09:24,2461.0,0
2021-06-17 11:09:28,2461.05,0
2021-06-17 11:09:32,2461.2,0
2021-06-17 11:09:33,2462.3,0
2021-06-17 11:09:35,2462.15,0
2021-06-17 11:09:37,2462.1,0
2021-06-17 11:09:39,2461.5,0
2021-06-17 11:09:40,2461.75,0
2021-06-17 11:09:43,2461.45,0
2021-06-17 11:09:44,2462.0,0
2021-06-17 11:09:45,2461.9,0
2021-06-17 11:09:49,2461.4,0
2021-06-17 11:09:53,2461.55,0
2021-06-17 11:09:57,2461.55,0
2021-06-17 11:09:58,2461.6,0
2021-06-17 11:10:00,2461.4,0
2021-06-17 11:10:02,2461.1,0
2021-06-17 11:10:03,2461.3,0
2021-06-17 11:10:04,2461.3,0
2021-06-17 11:10:06,2461.65,0
2021-06-17 11:10:10,2461.6,0
2021-06-17 11:10:13,2460.65,0
2021-06-17 11:10:17,2461.45,0
2021-06-17 11:10:19,2461.8,0
2021-06-17 11:10:20,2461.25,0
2021-06-17 11:10:21,2460.55,0
2021-06-17 11:10:23,2460.25,0
2021-06-17 11:10:25,2459.4,0
2021-06-17 11:10:26,2460.5,0
2021-06-17 11:10:27,2460.75,0
2021-06-17 11:10:33,2460.65,0
2021-06-17 11:10:35,2461.1,0
2021-06-17 11:10:37,2461.2,0
2021-06-17 11:10:38,2461.4,0
2021-06-17 11:10:39,2461.4,0
2021-06-17 11:10:41,2460.4,0
2021-06-17 11:10:42,2461.15,0
2021-06-17 11:10:44,2461.1,0
2021-06-17 11:10:45,2460.75,0
2021-06-17 11:10:47,2461.35,0
2021-06-17 11:10:48,2461.35,0
2021-06-17 11:10:49,2460.75,0
2021-06-17 11:10:50,2460.6,0
2021-06-17 11:10:52,2461.4,0
2021-06-17 11:10:53,2461.0,0
2021-06-17 11:10:54,2461.35,0
2021-06-17 11:10:58,2461.25,0
2021-06-17 11:10:59,2460.85,0
2021-06-17 11:11:00,2460.7,0
2021-06-17 11:11:01,2460.8,0
2021-06-17 11:11:02,2461.2,0
2021-06-17 11:11:06,2460.95,0
2021-06-17 11:11:10,2461.05,0
2021-06-17 11:11:12,2460.65,0
2021-06-17 11:11:14,2461.15,0
2021-06-17 11:11:15,2460.75,0
2021-06-17 11:11:19,2461.3,0
2021-06-17 11:11:23,2461.0,0
2021-06-17 11:11:28,2460.95,0
2021-06-17 11:11:33,2460.7,0
2021-06-17 11:11:36,2460.55,0
2021-06-17 11:11:39,2460.8,0
2021-06-17 11:11:40,2461.45,0
2021-06-17 11:11:45,2460.6,0
2021-06-17 11:11:46,2460.85,0
2021-06-17 11:11:48,2460.95,0
2021-06-17 11:11:49,2460.95,0
2021-06-17 11:11:52,2460.85,0
2021-06-17 11:11:53,2460.6,0
2021-06-17 11:11:54,2461.1,0
2021-06-17 11:11:56,2460.95,0
2021-06-17 11:11:58,2460.55,0
2021-06-17 11:12:02,2460.65,0
2021-06-17 11:12:04,2460.3,0
2021-06-17 11:12:05,2460.3,0
2021-06-17 11:12:06,2460.75,0
2021-06-17 11:12:07,2461.3,0
2021-06-17 11:12:08,2461.5,0
2021-06-17 11:12:09,2461.1,0
2021-06-17 11:12:11,2460.7,0
2021-06-17 11:12:15,2460.7,0
2021-06-17 11:12:21,2460.9,0
2021-06-17 11:12:25,2461.5,0
2021-06-17 11:12:26,2461.2,0
2021-06-17 11:12:27,2460.95,0
2021-06-17 11:12:28,2461.5,0
2021-06-17 11:12:29,2461.5,0
2021-06-17 11:12:30,2461.35,0
2021-06-17 11:12:32,2462.05,0
2021-06-17 11:12:33,2462.05,0
2021-06-17 11:12:34,2461.5,0
2021-06-17 11:12:35,2461.95,0
2021-06-17 11:12:37,2461.95,0
2021-06-17 11:12:39,2461.95,0
2021-06-17 11:12:40,2461.95,0
2021-06-17 11:12:42,2462.25,0
2021-06-17 11:12:43,2462.0,0
2021-06-17 11:12:45,2462.1,0
2021-06-17 11:12:47,2461.9,0
2021-06-17 11:12:48,2462.05,0
2021-06-17 11:12:50,2462.35,0
2021-06-17 11:12:58,2463.05,0
2021-06-17 11:13:07,2463.4,0
2021-06-17 11:13:09,2462.75,0
2021-06-17 11:13:27,2463.3,0
2021-06-17 11:13:30,2464.1,0
2021-06-17 11:13:32,2463.85,0
2021-06-17 11:13:35,2463.65,0
2021-06-17 11:13:36,2463.2,0
2021-06-17 11:13:39,2463.6,0
2021-06-17 11:13:40,2462.85,0
2021-06-17 11:13:41,2463.75,0
2021-06-17 11:13:43,2462.75,0
2021-06-17 11:13:44,2463.1,0
2021-06-17 11:13:45,2463.05,0
2021-06-17 11:13:46,2462.7,0
2021-06-17 11:13:48,2462.75,0
2021-06-17 11:13:50,2463.35,0
2021-06-17 11:13:51,2462.85,0
2021-06-17 11:13:52,2462.85,0
2021-06-17 11:13:54,2463.15,0
2021-06-17 11:13:55,2463.1,0
2021-06-17 11:13:59,2463.25,0
2021-06-17 11:14:00,2463.25,0
2021-06-17 11:14:05,2462.95,0
2021-06-17 11:14:06,2463.45,0
2021-06-17 11:14:07,2463.0,0
2021-06-17 11:14:08,2462.55,0
2021-06-17 11:14:10,2462.7,0
2021-06-17 11:14:11,2462.25,0
2021-06-17 11:14:12,2462.45,0
2021-06-17 11:14:14,2463.1,0
2021-06-17 11:14:16,2462.15,0
2021-06-17 11:14:17,2463.0,0
2021-06-17 11:14:18,2463.25,0
2021-06-17 11:14:22,2462.65,0
2021-06-17 11:14:23,2462.95,0
2021-06-17 11:14:24,2462.7,0
2021-06-17 11:14:27,2463.0,0
2021-06-17 11:14:29,2463.45,0
2021-06-17 11:14:30,2463.6,0
2021-06-17 11:14:31,2463.6,0
2021-06-17 11:14:32,2463.9,0
2021-06-17 11:14:33,2462.9,0
2021-06-17 11:14:41,2463.25,0
2021-06-17 11:14:42,2463.35,0
2021-06-17 11:14:47,2463.35,0
2021-06-17 11:14:51,2464.05,0
2021-06-17 11:14:52,2464.05,0
2021-06-17 11:14:54,2463.8,0
2021-06-17 11:14:55,2463.9,0
2021-06-17 11:14:56,2463.55,0
2021-06-17 11:14:57,2464.2,0
2021-06-17 11:15:03,2463.7,0
2021-06-17 11:15:04,2463.15,0
2021-06-17 11:15:06,2463.2,0
2021-06-17 11:15:14,2462.8,0
2021-06-17 11:15:15,2462.5,0
2021-06-17 11:15:17,2462.55,0
2021-06-17 11:15:18,2463.1,0
2021-06-17 11:15:19,2463.25,0
2021-06-17 11:15:22,2462.7,0
2021-06-17 11:15:27,2463.0,0
2021-06-17 11:15:28,2462.75,0
2021-06-17 11:15:31,2462.65,0
2021-06-17 11:15:37,2462.8,0
2021-06-17 11:15:39,2462.95,0
2021-06-17 11:15:41,2462.25,0
2021-06-17 11:15:43,2462.95,0
2021-06-17 11:15:46,2462.35,0
2021-06-17 11:15:48,2462.5,0
2021-06-17 11:15:53,2462.0,0
2021-06-17 11:15:54,2462.05,0
2021-06-17 11:15:55,2462.45,0
2021-06-17 11:15:56,2462.2,0
2021-06-17 11:15:59,2461.6,0
2021-06-17 11:16:00,2461.9,0
2021-06-17 11:16:01,2461.85,0
2021-06-17 11:16:02,2461.85,0
2021-06-17 11:16:03,2461.9,0
2021-06-17 11:16:04,2461.9,0
2021-06-17 11:16:05,2461.9,0
2021-06-17 11:16:06,2462.1,0
2021-06-17 11:16:09,2461.95,0
2021-06-17 11:16:18,2462.15,0
2021-06-17 11:16:21,2461.35,0
2021-06-17 11:16:22,2461.75,0
2021-06-17 11:16:26,2461.85,0
2021-06-17 11:16:27,2461.85,0
2021-06-17 11:16:28,2461.8,0
2021-06-17 11:16:29,2461.55,0
2021-06-17 11:16:30,2462.0,0
2021-06-17 11:16:31,2461.75,0
2021-06-17 11:16:33,2462.25,0
2021-06-17 11:16:39,2462.6,0
2021-06-17 11:16:40,2462.6,0
2021-06-17 11:16:42,2462.6,0
2021-06-17 11:16:48,2462.7,0
2021-06-17 11:16:53,2462.45,0
2021-06-17 11:16:54,2462.7,0
2021-06-17 11:16:57,2462.5,0
2021-06-17 11:17:03,2462.4,0
2021-06-17 11:17:06,2462.25,0
2021-06-17 11:17:09,2462.9,0
2021-06-17 11:17:10,2462.75,0
2021-06-17 11:17:13,2463.3,0
2021-06-17 11:17:14,2462.65,0
2021-06-17 11:17:17,2462.8,0
2021-06-17 11:17:20,2463.05,0
2021-06-17 11:17:21,2462.9,0
2021-06-17 11:17:23,2463.15,0
2021-06-17 11:17:24,2463.4,0
2021-06-17 11:17:26,2463.0,0
2021-06-17 11:17:27,2462.85,0
2021-06-17 11:17:28,2463.15,0
2021-06-17 11:17:32,2462.5,0
2021-06-17 11:17:33,2463.15,0
2021-06-17 11:17:34,2462.75,0
2021-06-17 11:17:35,2463.0,0
2021-06-17 11:17:36,2462.8,0
2021-06-17 11:17:37,2462.8,0
2021-06-17 11:17:38,2462.7,0
2021-06-17 11:17:39,2462.85,0
2021-06-17 11:17:41,2462.7,0
2021-06-17 11:17:44,2462.45,0
2021-06-17 11:17:45,2462.5,0
2021-06-17 11:17:46,2462.6,0
2021-06-17 11:17:48,2462.25,0
2021-06-17 11:17:49,2462.05,0
2021-06-17 11:17:53,2462.5,0
2021-06-17 11:17:54,2462.45,0
2021-06-17 11:17:55,2462.4,0
2021-06-17 11:17:59,2462.0,0
2021-06-17 11:18:00,2462.75,0
2021-06-17 11:18:01,2462.65,0
2021-06-17 11:18:03,2462.2,0
2021-06-17 11:18:06,2462.45,0
2021-06-17 11:18:07,2462.25,0
2021-06-17 11:18:08,2462.45,0
2021-06-17 11:18:11,2462.6,0
2021-06-17 11:18:13,2462.15,0
2021-06-17 11:18:17,2462.1,0
2021-06-17 11:18:19,2462.4,0
2021-06-17 11:18:20,2462.5,0
2021-06-17 11:18:28,2461.8,0
2021-06-17 11:18:29,2462.05,0
2021-06-17 11:18:31,2461.85,0
2021-06-17 11:18:32,2461.95,0
2021-06-17 11:18:40,2462.1,0
2021-06-17 11:18:42,2462.15,0
2021-06-17 11:18:44,2462.0,0
2021-06-17 11:18:48,2461.7,0
2021-06-17 11:18:49,2461.9,0
2021-06-17 11:18:50,2462.0,0
2021-06-17 11:19:00,2462.2,0
2021-06-17 11:19:01,2461.95,0
2021-06-17 11:19:02,2461.95,0
2021-06-17 11:19:03,2462.2,0
2021-06-17 11:19:06,2461.45,0
2021-06-17 11:19:09,2461.65,0
2021-06-17 11:19:10,2461.35,0
2021-06-17 11:19:11,2461.85,0
2021-06-17 11:19:13,2461.85,0
2021-06-17 11:19:14,2461.3,0
2021-06-17 11:19:17,2462.35,0
2021-06-17 11:19:18,2462.2,0
2021-06-17 11:19:21,2461.3,0
2021-06-17 11:19:28,2461.4,0
2021-06-17 11:19:33,2461.7,0
2021-06-17 11:19:36,2461.65,0
2021-06-17 11:19:39,2461.85,0
2021-06-17 11:19:40,2461.8,0
2021-06-17 11:19:41,2461.55,0
2021-06-17 11:19:43,2461.7,0
2021-06-17 11:19:47,2461.6,0
2021-06-17 11:19:53,2461.95,0
2021-06-17 11:19:57,2461.95,0
2021-06-17 11:20:00,2461.65,0
2021-06-17 11:20:02,2461.7,0
2021-06-17 11:20:03,2460.7,0
2021-06-17 11:20:05,2460.7,0
2021-06-17 11:20:08,2462.0,0
2021-06-17 11:20:09,2461.95,0
2021-06-17 11:20:14,2461.35,0
2021-06-17 11:20:19,2461.1,0
2021-06-17 11:20:20,2461.0,0
2021-06-17 11:20:21,2460.55,0
2021-06-17 11:20:32,2461.25,0
2021-06-17 11:20:34,2460.8,0
2021-06-17 11:20:35,2460.75,0
2021-06-17 11:20:38,2461.3,0
2021-06-17 11:20:39,2460.65,0
2021-06-17 11:20:46,2460.95,0
2021-06-17 11:20:48,2461.0,0
2021-06-17 11:20:51,2460.9,0
2021-06-17 11:20:52,2461.05,0
2021-06-17 11:20:57,2461.2,0
2021-06-17 11:20:58,2461.65,0
2021-06-17 11:21:02,2461.5,0
2021-06-17 11:21:04,2461.9,0
2021-06-17 11:21:06,2461.95,0
2021-06-17 11:21:08,2462.15,0
2021-06-17 11:21:09,2461.55,0
2021-06-17 11:21:12,2461.55,0
2021-06-17 11:21:15,2461.15,0
2021-06-17 11:21:16,2461.35,0
2021-06-17 11:21:22,2460.3,0
2021-06-17 11:21:27,2460.05,0
2021-06-17 11:21:34,2459.35,0
2021-06-17 11:21:37,2460.1,0
2021-06-17 11:21:41,2460.3,0
2021-06-17 11:21:42,2460.4,0
2021-06-17 11:21:45,2459.9,0
2021-06-17 11:21:48,2459.4,0
2021-06-17 11:21:49,2459.2,0
2021-06-17 11:21:52,2459.8,0
2021-06-17 11:21:53,2459.1,0
2021-06-17 11:21:54,2459.4,0
2021-06-17 11:21:56,2459.8,0
2021-06-17 11:21:57,2459.95,0
2021-06-17 11:22:05,2459.1,0
2021-06-17 11:22:07,2459.4,0
2021-06-17 11:22:16,2459.15,0
2021-06-17 11:22:18,2459.4,0
2021-06-17 11:22:21,2458.8,0
2021-06-17 11:22:22,2458.65,0
2021-06-17 11:22:23,2459.0,0
2021-06-17 11:22:25,2459.15,0
2021-06-17 11:22:30,2458.8,0
2021-06-17 11:22:32,2458.9,0
2021-06-17 11:22:36,2459.9,0
2021-06-17 11:22:39,2459.65,0
2021-06-17 11:22:43,2459.1,0
2021-06-17 11:22:47,2458.65,0
2021-06-17 11:22:48,2459.1,0
2021-06-17 11:22:50,2458.7,0
2021-06-17 11:22:53,2458.65,0
2021-06-17 11:22:56,2459.25,0
2021-06-17 11:22:59,2458.9,0
2021-06-17 11:23:01,2458.65,0
2021-06-17 11:23:02,2459.15,0
2021-06-17 11:23:03,2458.95,0
2021-06-17 11:23:06,2458.5,0
2021-06-17 11:23:09,2458.6,0
2021-06-17 11:23:11,2459.15,0
2021-06-17 11:23:12,2458.95,0
2021-06-17 11:23:19,2458.85,0
2021-06-17 11:23:22,2458.45,0
2021-06-17 11:23:24,2458.25,0
2021-06-17 11:23:25,2458.25,0
2021-06-17 11:23:32,2458.3,0
2021-06-17 11:23:33,2457.8,0
2021-06-17 11:23:34,2458.45,0
2021-06-17 11:23:36,2458.25,0
2021-06-17 11:23:37,2458.7,0
2021-06-17 11:23:38,2458.85,0
2021-06-17 11:23:40,2458.85,0
2021-06-17 11:23:42,2458.8,0
2021-06-17 11:23:43,2459.0,0
2021-06-17 11:23:44,2458.55,0
2021-06-17 11:23:48,2459.0,0
2021-06-17 11:23:50,2458.55,0
2021-06-17 11:23:52,2458.85,0
2021-06-17 11:23:53,2459.0,0
2021-06-17 11:23:55,2458.35,0
2021-06-17 11:23:57,2458.65,0
2021-06-17 11:24:03,2458.45,0
2021-06-17 11:24:04,2458.8,0
2021-06-17 11:24:05,2458.75,0
2021-06-17 11:24:08,2458.6,0
2021-06-17 11:24:12,2458.85,0
2021-06-17 11:24:15,2459.3,0
2021-06-17 11:24:16,2459.25,0
2021-06-17 11:24:18,2459.35,0
2021-06-17 11:24:19,2458.95,0
2021-06-17 11:24:25,2458.5,0
2021-06-17 11:24:28,2459.15,0
2021-06-17 11:24:32,2459.35,0
2021-06-17 11:24:34,2459.7,0
2021-06-17 11:24:35,2459.45,0
2021-06-17 11:24:39,2460.0,0
2021-06-17 11:24:42,2459.8,0
2021-06-17 11:24:45,2459.75,0
2021-06-17 11:24:46,2459.3,0
2021-06-17 11:24:47,2458.9,0
2021-06-17 11:24:55,2458.85,0
2021-06-17 11:24:57,2459.6,0
2021-06-17 11:25:02,2460.0,0
2021-06-17 11:25:05,2459.8,0
2021-06-17 11:25:09,2460.1,0
2021-06-17 11:25:13,2460.6,0
2021-06-17 11:25:14,2460.2,0
2021-06-17 11:25:15,2460.55,0
2021-06-17 11:25:16,2460.35,0
2021-06-17 11:25:17,2460.25,0
2021-06-17 11:25:22,2460.45,0
2021-06-17 11:25:25,2460.2,0
2021-06-17 11:25:26,2459.9,0
2021-06-17 11:25:27,2460.05,0
2021-06-17 11:25:30,2459.6,0
2021-06-17 11:25:33,2459.55,0
2021-06-17 11:25:40,2460.35,0
2021-06-17 11:25:45,2459.45,0
2021-06-17 11:25:46,2459.8,0
2021-06-17 11:25:48,2460.05,0
2021-06-17 11:25:54,2459.55,0
2021-06-17 11:25:59,2459.95,0
2021-06-17 11:26:00,2460.35,0
2021-06-17 11:26:01,2460.35,0
2021-06-17 11:26:03,2460.15,0
2021-06-17 11:26:04,2459.9,0
2021-06-17 11:26:05,2460.25,0
2021-06-17 11:26:09,2460.05,0
2021-06-17 11:26:11,2459.2,0
2021-06-17 11:26:14,2459.55,0
2021-06-17 11:26:18,2459.75,0
2021-06-17 11:26:22,2460.2,0
2021-06-17 11:26:25,2459.65,0
2021-06-17 11:26:27,2459.7,0
2021-06-17 11:26:36,2460.15,0
2021-06-17 11:26:37,2460.05,0
2021-06-17 11:26:38,2460.05,0
2021-06-17 11:26:39,2459.65,0
2021-06-17 11:26:42,2460.15,0
2021-06-17 11:26:43,2460.2,0
2021-06-17 11:26:45,2459.85,0
2021-06-17 11:26:48,2459.75,0
2021-06-17 11:26:52,2459.85,0
2021-06-17 11:26:55,2460.4,0
2021-06-17 11:26:56,2460.95,0
2021-06-17 11:26:57,2460.9,0
2021-06-17 11:26:59,2460.65,0
2021-06-17 11:27:02,2461.0,0
2021-06-17 11:27:03,2460.55,0
2021-06-17 11:27:05,2460.75,0
2021-06-17 11:27:07,2461.05,0
2021-06-17 11:27:08,2461.15,0
2021-06-17 11:27:13,2461.75,0
2021-06-17 11:27:14,2462.1,0
2021-06-17 11:27:15,2461.5,0
2021-06-17 11:27:16,2461.1,0
2021-06-17 11:27:17,2461.5,0
2021-06-17 11:27:18,2461.35,0
2021-06-17 11:27:20,2461.6,0
2021-06-17 11:27:24,2462.45,0
2021-06-17 11:27:25,2462.7,0
2021-06-17 11:27:27,2462.5,0
2021-06-17 11:27:28,2462.65,0
2021-06-17 11:27:32,2462.35,0
2021-06-17 11:27:36,2462.9,0
2021-06-17 11:27:39,2462.7,0
2021-06-17 11:27:43,2462.4,0
2021-06-17 11:27:48,2463.15,0
2021-06-17 11:27:51,2463.25,0
2021-06-17 11:27:52,2462.8,0
2021-06-17 11:27:57,2462.65,0
2021-06-17 11:28:02,2462.45,0
2021-06-17 11:28:03,2462.15,0
2021-06-17 11:28:08,2462.25,0
2021-06-17 11:28:09,2461.95,0
2021-06-17 11:28:13,2462.05,0
2021-06-17 11:28:15,2461.8,0
2021-06-17 11:28:16,2461.15,0
2021-06-17 11:28:24,2462.05,0
2021-06-17 11:28:26,2461.45,0
2021-06-17 11:28:27,2461.85,0
2021-06-17 11:28:31,2461.75,0
2021-06-17 11:28:32,2461.75,0
2021-06-17 11:28:33,2461.75,0
2021-06-17 11:28:34,2461.55,0
2021-06-17 11:28:36,2462.2,0
2021-06-17 11:28:37,2461.75,0
2021-06-17 11:28:38,2461.75,0
2021-06-17 11:28:41,2461.85,0
2021-06-17 11:28:42,2461.9,0
2021-06-17 11:28:43,2461.9,0
2021-06-17 11:28:45,2461.75,0
2021-06-17 11:28:46,2461.6,0
2021-06-17 11:28:47,2461.35,0
2021-06-17 11:28:48,2461.25,0
2021-06-17 11:28:51,2461.35,0
2021-06-17 11:28:52,2461.45,0
2021-06-17 11:28:54,2462.0,0
2021-06-17 11:28:56,2461.3,0
2021-06-17 11:28:57,2461.45,0
2021-06-17 11:29:01,2461.45,0
2021-06-17 11:29:03,2461.5,0
2021-06-17 11:29:04,2461.65,0
2021-06-17 11:29:05,2461.6,0
2021-06-17 11:29:06,2461.4,0
2021-06-17 11:29:08,2461.2,0
2021-06-17 11:29:13,2462.1,0
2021-06-17 11:29:14,2461.7,0
2021-06-17 11:29:18,2461.85,0
2021-06-17 11:29:19,2461.7,0
2021-06-17 11:29:24,2462.3,0
2021-06-17 11:29:25,2462.7,0
2021-06-17 11:29:27,2462.7,0
2021-06-17 11:29:30,2462.1,0
2021-06-17 11:29:36,2462.25,0
2021-06-17 11:29:37,2463.05,0
2021-06-17 11:29:40,2462.55,0
2021-06-17 11:29:42,2463.35,0
2021-06-17 11:29:49,2463.1,0
2021-06-17 11:29:50,2462.35,0
2021-06-17 11:29:54,2462.65,0
2021-06-17 11:29:56,2462.25,0
2021-06-17 11:29:57,2462.55,0
2021-06-17 11:30:00,2463.5,0
2021-06-17 11:30:01,2463.55,0
2021-06-17 11:30:04,2463.45,0
2021-06-17 11:30:05,2463.25,0
2021-06-17 11:30:06,2463.3,0
2021-06-17 11:30:08,2463.1,0
2021-06-17 11:30:10,2463.4,0
2021-06-17 11:30:11,2464.0,0
2021-06-17 11:30:13,2464.3,0
2021-06-17 11:30:14,2463.5,0
2021-06-17 11:30:16,2463.7,0
2021-06-17 11:30:17,2465.0,0
2021-06-17 11:30:18,2464.45,0
2021-06-17 11:30:19,2463.9,0
2021-06-17 11:30:20,2464.05,0
2021-06-17 11:30:22,2464.45,0
2021-06-17 11:30:23,2464.05,0
2021-06-17 11:30:24,2464.15,0
2021-06-17 11:30:26,2464.05,0
2021-06-17 11:30:28,2464.2,0
2021-06-17 11:30:30,2464.35,0
2021-06-17 11:30:32,2464.2,0
2021-06-17 11:30:33,2464.95,0
2021-06-17 11:30:34,2464.05,0
2021-06-17 11:30:36,2464.75,0
2021-06-17 11:30:42,2463.65,0
2021-06-17 11:30:43,2463.35,0
2021-06-17 11:30:44,2463.5,0
2021-06-17 11:30:45,2463.75,0
2021-06-17 11:30:46,2464.0,0
2021-06-17 11:30:47,2464.0,0
2021-06-17 11:30:48,2463.15,0
2021-06-17 11:30:49,2463.85,0
2021-06-17 11:30:50,2463.15,0
2021-06-17 11:30:51,2463.6,0
2021-06-17 11:30:52,2463.95,0
2021-06-17 11:30:53,2463.75,0
2021-06-17 11:30:54,2463.3,0
2021-06-17 11:30:56,2462.95,0
2021-06-17 11:30:57,2463.25,0
2021-06-17 11:30:58,2463.55,0
2021-06-17 11:31:00,2463.2,0
2021-06-17 11:31:03,2462.5,0
2021-06-17 11:31:04,2463.05,0
2021-06-17 11:31:08,2462.85,0
2021-06-17 11:31:15,2462.35,0
2021-06-17 11:31:16,2461.55,0
2021-06-17 11:31:21,2461.55,0
2021-06-17 11:31:26,2461.45,0
2021-06-17 11:31:27,2461.3,0
2021-06-17 11:31:28,2461.55,0
2021-06-17 11:31:29,2461.25,0
2021-06-17 11:31:30,2461.1,0
2021-06-17 11:31:31,2461.55,0
2021-06-17 11:31:35,2460.1,0
2021-06-17 11:31:36,2460.5,0
2021-06-17 11:31:37,2460.95,0
2021-06-17 11:31:39,2460.65,0
2021-06-17 11:31:41,2460.5,0
2021-06-17 11:31:42,2460.9,0
2021-06-17 11:31:50,2460.95,0
2021-06-17 11:31:51,2461.2,0
2021-06-17 11:31:52,2461.25,0
2021-06-17 11:32:00,2461.0,0
2021-06-17 11:32:01,2460.35,0
2021-06-17 11:32:05,2460.6,0
2021-06-17 11:32:06,2460.5,0
2021-06-17 11:32:07,2460.2,0
2021-06-17 11:32:08,2459.8,0
2021-06-17 11:32:10,2459.95,0
2021-06-17 11:32:11,2459.6,0
2021-06-17 11:32:12,2460.25,0
2021-06-17 11:32:17,2460.0,0
2021-06-17 11:32:21,2460.8,0
2021-06-17 11:32:22,2460.95,0
2021-06-17 11:32:27,2460.6,0
2021-06-17 11:32:28,2461.15,0
2021-06-17 11:32:30,2459.5,0
2021-06-17 11:32:32,2460.25,0
2021-06-17 11:32:42,2460.15,0
2021-06-17 11:32:45,2460.05,0
2021-06-17 11:32:46,2459.9,0
2021-06-17 11:32:53,2459.2,0
2021-06-17 11:32:54,2459.45,0
2021-06-17 11:32:55,2459.9,0
2021-06-17 11:32:56,2459.55,0
2021-06-17 11:32:58,2460.25,0
2021-06-17 11:32:59,2459.6,0
2021-06-17 11:33:00,2459.35,0
2021-06-17 11:33:02,2459.05,0
2021-06-17 11:33:04,2459.2,0
2021-06-17 11:33:06,2459.7,0
2021-06-17 11:33:08,2459.6,0
2021-06-17 11:33:10,2459.6,0
2021-06-17 11:33:11,2459.75,0
2021-06-17 11:33:17,2459.8,0
2021-06-17 11:33:18,2459.85,0
2021-06-17 11:33:19,2459.4,0
2021-06-17 11:33:20,2458.9,0
2021-06-17 11:33:23,2458.95,0
2021-06-17 11:33:27,2459.4,0
2021-06-17 11:33:28,2459.25,0
2021-06-17 11:33:31,2458.9,0
2021-06-17 11:33:32,2458.5,0
2021-06-17 11:33:35,2458.3,0
2021-06-17 11:33:36,2458.3,0
2021-06-17 11:33:40,2458.55,0
2021-06-17 11:33:42,2458.9,0
2021-06-17 11:33:43,2458.55,0
2021-06-17 11:33:47,2458.55,0
2021-06-17 11:34:03,2458.05,0
2021-06-17 11:34:05,2458.9,0
2021-06-17 11:34:07,2459.2,0
2021-06-17 11:34:12,2458.75,0
2021-06-17 11:34:13,2458.3,0
2021-06-17 11:34:18,2458.25,0
2021-06-17 11:34:19,2458.5,0
2021-06-17 11:34:24,2458.25,0
2021-06-17 11:34:25,2458.25,0
2021-06-17 11:34:26,2457.4,0
2021-06-17 11:34:28,2457.4,0
2021-06-17 11:34:32,2457.2,0
2021-06-17 11:34:34,2457.4,0
2021-06-17 11:34:40,2457.25,0
2021-06-17 11:34:41,2457.4,0
2021-06-17 11:34:54,2456.3,0
2021-06-17 11:34:55,2456.45,0
2021-06-17 11:34:58,2456.35,0
2021-06-17 11:35:02,2456.75,0
2021-06-17 11:35:06,2456.4,0
2021-06-17 11:35:08,2456.15,0
2021-06-17 11:35:09,2457.05,0
2021-06-17 11:35:10,2457.2,0
2021-06-17 11:35:11,2456.7,0
2021-06-17 11:35:16,2456.1,0
2021-06-17 11:35:19,2456.9,0
2021-06-17 11:35:23,2456.1,0
2021-06-17 11:35:24,2456.15,0
2021-06-17 11:35:28,2456.35,0
2021-06-17 11:35:29,2455.95,0
2021-06-17 11:35:33,2456.5,0
2021-06-17 11:35:38,2456.35,0
2021-06-17 11:35:39,2456.75,0
2021-06-17 11:35:42,2457.15,0
2021-06-17 11:35:43,2456.25,0
2021-06-17 11:35:44,2456.35,0
2021-06-17 11:35:47,2456.2,0
2021-06-17 11:35:51,2455.95,0
2021-06-17 11:35:55,2456.85,0
2021-06-17 11:35:56,2457.2,0
2021-06-17 11:35:58,2456.5,0
2021-06-17 11:36:06,2457.6,0
2021-06-17 11:36:07,2457.85,0
2021-06-17 11:36:09,2457.5,0
2021-06-17 11:36:10,2457.5,0
2021-06-17 11:36:13,2457.55,0
2021-06-17 11:36:17,2457.35,0
2021-06-17 11:36:18,2457.45,0
2021-06-17 11:36:21,2457.9,0
2021-06-17 11:36:24,2458.45,0
2021-06-17 11:36:25,2458.35,0
2021-06-17 11:36:30,2458.4,0
2021-06-17 11:36:32,2458.2,0
2021-06-17 11:36:33,2458.35,0
2021-06-17 11:36:34,2458.0,0
2021-06-17 11:36:39,2458.1,0
2021-06-17 11:36:44,2458.3,0
2021-06-17 11:36:45,2458.1,0
2021-06-17 11:36:46,2458.35,0
2021-06-17 11:36:47,2458.15,0
2021-06-17 11:36:48,2458.05,0
2021-06-17 11:36:51,2458.05,0
2021-06-17 11:36:52,2457.8,0
2021-06-17 11:36:53,2457.75,0
2021-06-17 11:36:55,2458.35,0
2021-06-17 11:36:58,2458.0,0
2021-06-17 11:36:59,2457.85,0
2021-06-17 11:37:00,2458.3,0
2021-06-17 11:37:01,2457.85,0
2021-06-17 11:37:02,2458.15,0
2021-06-17 11:37:05,2458.3,0
2021-06-17 11:37:06,2457.6,0
2021-06-17 11:37:07,2457.9,0
2021-06-17 11:37:08,2457.85,0
2021-06-17 11:37:11,2457.35,0
2021-06-17 11:37:12,2457.1,0
2021-06-17 11:37:16,2457.7,0
2021-06-17 11:37:17,2457.8,0
2021-06-17 11:37:18,2457.75,0
2021-06-17 11:37:21,2457.95,0
2021-06-17 11:37:25,2457.9,0
2021-06-17 11:37:26,2458.45,0
2021-06-17 11:37:28,2458.5,0
2021-06-17 11:37:29,2458.0,0
2021-06-17 11:37:30,2458.1,0
2021-06-17 11:37:37,2458.05,0
2021-06-17 11:37:38,2457.5,0
2021-06-17 11:37:46,2458.45,0
2021-06-17 11:37:48,2457.85,0
2021-06-17 11:37:50,2457.65,0
2021-06-17 11:37:52,2458.25,0
2021-06-17 11:37:53,2457.8,0
2021-06-17 11:38:03,2458.1,0
2021-06-17 11:38:09,2457.8,0
2021-06-17 11:38:13,2457.65,0
2021-06-17 11:38:15,2457.65,0
2021-06-17 11:38:21,2457.95,0
2021-06-17 11:38:28,2456.3,0
2021-06-17 11:38:34,2456.55,0
2021-06-17 11:38:37,2456.65,0
2021-06-17 11:38:38,2456.15,0
2021-06-17 11:38:43,2456.55,0
2021-06-17 11:38:47,2456.3,0
2021-06-17 11:38:48,2456.25,0
2021-06-17 11:38:51,2456.5,0
2021-06-17 11:38:54,2456.55,0
2021-06-17 11:38:57,2455.9,0
2021-06-17 11:38:58,2456.35,0
2021-06-17 11:38:59,2456.25,0
2021-06-17 11:39:05,2456.5,0
2021-06-17 11:39:08,2455.6,0
2021-06-17 11:39:09,2455.85,0
2021-06-17 11:39:10,2455.7,0
2021-06-17 11:39:13,2455.5,0
2021-06-17 11:39:16,2455.35,0
2021-06-17 11:39:23,2455.05,0
2021-06-17 11:39:30,2454.85,0
2021-06-17 11:39:33,2455.2,0
2021-06-17 11:39:36,2455.2,0
2021-06-17 11:39:42,2454.95,0
2021-06-17 11:39:43,2455.1,0
2021-06-17 11:39:44,2454.8,0
2021-06-17 11:39:45,2454.45,0
2021-06-17 11:39:47,2455.5,0
2021-06-17 11:39:48,2455.4,0
2021-06-17 11:39:49,2455.2,0
2021-06-17 11:39:55,2455.7,0
2021-06-17 11:39:56,2456.0,0
2021-06-17 11:39:57,2455.95,0
2021-06-17 11:39:59,2455.3,0
2021-06-17 11:40:06,2455.15,0
2021-06-17 11:40:13,2454.6,0
2021-06-17 11:40:16,2454.8,0
2021-06-17 11:40:17,2454.5,0
2021-06-17 11:40:20,2454.5,0
2021-06-17 11:40:26,2455.3,0
2021-06-17 11:40:39,2455.15,0
2021-06-17 11:40:43,2454.9,0
2021-06-17 11:40:45,2455.1,0
2021-06-17 11:40:46,2455.0,0
2021-06-17 11:40:47,2455.85,0
2021-06-17 11:40:48,2455.1,0
2021-06-17 11:40:49,2454.95,0
2021-06-17 11:40:59,2455.4,0
2021-06-17 11:41:00,2455.85,0
2021-06-17 11:41:02,2456.05,0
2021-06-17 11:41:04,2456.45,0
2021-06-17 11:41:06,2456.15,0
2021-06-17 11:41:09,2456.35,0
2021-06-17 11:41:10,2456.3,0
2021-06-17 11:41:11,2455.95,0
2021-06-17 11:41:12,2455.9,0
2021-06-17 11:41:14,2455.9,0
2021-06-17 11:41:19,2455.8,0
2021-06-17 11:41:20,2456.45,0
2021-06-17 11:41:21,2455.7,0
2021-06-17 11:41:24,2455.8,0
2021-06-17 11:41:25,2456.35,0
2021-06-17 11:41:26,2455.65,0
2021-06-17 11:41:27,2456.1,0
2021-06-17 11:41:29,2456.35,0
2021-06-17 11:41:30,2456.0,0
2021-06-17 11:41:35,2455.75,0
2021-06-17 11:41:43,2455.35,0
2021-06-17 11:41:47,2456.3,0
2021-06-17 11:41:52,2456.35,0
2021-06-17 11:41:55,2456.8,0
2021-06-17 11:41:58,2456.05,0
2021-06-17 11:42:02,2456.5,0
2021-06-17 11:42:03,2456.15,0
2021-06-17 11:42:07,2456.7,0
2021-06-17 11:42:08,2456.15,0
2021-06-17 11:42:09,2456.1,0
2021-06-17 11:42:10,2456.0,0
2021-06-17 11:42:11,2456.25,0
2021-06-17 11:42:12,2456.4,0
2021-06-17 11:42:14,2455.8,0
2021-06-17 11:42:15,2456.0,0
2021-06-17 11:42:16,2455.8,0
2021-06-17 11:42:18,2455.45,0
2021-06-17 11:42:21,2454.9,0
2021-06-17 11:42:22,2455.1,0
2021-06-17 11:42:23,2455.45,0
2021-06-17 11:42:31,2456.0,0
2021-06-17 11:42:40,2456.25,0
2021-06-17 11:42:41,2456.6,0
2021-06-17 11:42:43,2455.95,0
2021-06-17 11:42:44,2456.3,0
2021-06-17 11:42:45,2456.35,0
2021-06-17 11:42:47,2456.3,0
2021-06-17 11:42:49,2456.75,0
2021-06-17 11:42:53,2456.15,0
2021-06-17 11:42:54,2456.85,0
2021-06-17 11:42:55,2456.7,0
2021-06-17 11:42:57,2456.35,0
2021-06-17 11:42:59,2456.55,0
2021-06-17 11:43:00,2456.55,0
2021-06-17 11:43:01,2456.7,0
2021-06-17 11:43:05,2456.8,0
2021-06-17 11:43:06,2456.3,0
2021-06-17 11:43:13,2456.4,0
2021-06-17 11:43:15,2457.25,0
2021-06-17 11:43:19,2457.45,0
2021-06-17 11:43:23,2457.2,0
2021-06-17 11:43:26,2458.4,0
2021-06-17 11:43:31,2457.9,0
2021-06-17 11:43:34,2457.45,0
2021-06-17 11:43:37,2457.7,0
2021-06-17 11:43:38,2458.35,0
2021-06-17 11:43:39,2458.35,0
2021-06-17 11:43:40,2458.0,0
2021-06-17 11:43:43,2458.05,0
2021-06-17 11:43:46,2457.5,0
2021-06-17 11:43:49,2457.35,0
2021-06-17 11:43:54,2458.35,0
2021-06-17 11:43:56,2457.8,0
2021-06-17 11:43:57,2458.3,0
2021-06-17 11:43:58,2458.3,0
2021-06-17 11:44:03,2457.35,0
2021-06-17 11:44:04,2457.4,0
2021-06-17 11:44:06,2457.0,0
2021-06-17 11:44:07,2457.1,0
2021-06-17 11:44:09,2456.2,0
2021-06-17 11:44:10,2457.1,0
2021-06-17 11:44:13,2456.55,0
2021-06-17 11:44:15,2457.2,0
2021-06-17 11:44:16,2456.3,0
2021-06-17 11:44:18,2457.25,0
2021-06-17 11:44:19,2457.75,0
2021-06-17 11:44:20,2457.25,0
2021-06-17 11:44:21,2456.75,0
2021-06-17 11:44:22,2457.1,0
2021-06-17 11:44:23,2456.85,0
2021-06-17 11:44:24,2456.85,0
2021-06-17 11:44:26,2457.35,0
2021-06-17 11:44:28,2457.15,0
2021-06-17 11:44:29,2457.6,0
2021-06-17 11:44:31,2457.15,0
2021-06-17 11:44:33,2456.45,0
2021-06-17 11:44:36,2456.75,0
2021-06-17 11:44:39,2456.4,0
2021-06-17 11:44:40,2456.7,0
2021-06-17 11:44:41,2457.0,0
2021-06-17 11:44:43,2456.75,0
2021-06-17 11:44:47,2457.5,0
2021-06-17 11:44:51,2457.25,0
2021-06-17 11:44:52,2457.25,0
2021-06-17 11:44:53,2457.25,0
2021-06-17 11:44:54,2457.0,0
2021-06-17 11:44:58,2457.2,0
2021-06-17 11:45:04,2457.35,0
2021-06-17 11:45:07,2457.5,0
2021-06-17 11:45:14,2456.9,0
2021-06-17 11:45:16,2457.3,0
2021-06-17 11:45:19,2456.9,0
2021-06-17 11:45:20,2457.05,0
2021-06-17 11:45:23,2456.7,0
2021-06-17 11:45:26,2456.4,0
2021-06-17 11:45:27,2456.55,0
2021-06-17 11:45:30,2456.2,0
2021-06-17 11:45:31,2456.7,0
2021-06-17 11:45:32,2456.75,0
2021-06-17 11:45:33,2456.1,0
2021-06-17 11:45:34,2456.35,0
2021-06-17 11:45:37,2456.05,0
2021-06-17 11:45:39,2456.2,0
2021-06-17 11:45:40,2456.55,0
2021-06-17 11:45:41,2456.5,0
2021-06-17 11:45:45,2456.1,0
2021-06-17 11:45:49,2456.55,0
2021-06-17 11:45:51,2456.0,0
2021-06-17 11:45:52,2455.6,0
2021-06-17 11:45:54,2456.05,0
2021-06-17 11:45:55,2455.9,0
2021-06-17 11:45:56,2455.75,0
2021-06-17 11:45:57,2456.05,0
2021-06-17 11:45:59,2456.35,0
2021-06-17 11:46:01,2455.8,0
2021-06-17 11:46:05,2456.7,0
2021-06-17 11:46:08,2456.05,0
2021-06-17 11:46:10,2456.4,0
2021-06-17 11:46:11,2456.2,0
2021-06-17 11:46:14,2456.6,0
2021-06-17 11:46:15,2456.15,0
2021-06-17 11:46:17,2456.15,0
2021-06-17 11:46:19,2456.15,0
2021-06-17 11:46:20,2456.5,0
2021-06-17 11:46:24,2456.05,0
2021-06-17 11:46:26,2455.6,0
2021-06-17 11:46:28,2456.3,0
2021-06-17 11:46:30,2456.25,0
2021-06-17 11:46:31,2455.65,0
2021-06-17 11:46:33,2455.25,0
2021-06-17 11:46:34,2455.2,0
2021-06-17 11:46:37,2455.1,0
2021-06-17 11:46:41,2455.15,0
2021-06-17 11:46:45,2455.15,0
2021-06-17 11:46:47,2455.25,0
2021-06-17 11:46:48,2455.3,0
2021-06-17 11:46:52,2455.85,0
2021-06-17 11:46:55,2455.45,0
2021-06-17 11:46:58,2455.15,0
2021-06-17 11:47:00,2455.0,0
2021-06-17 11:47:03,2455.95,0
2021-06-17 11:47:06,2455.25,0
2021-06-17 11:47:08,2455.6,0
2021-06-17 11:47:09,2455.7,0
2021-06-17 11:47:15,2455.2,0
2021-06-17 11:47:20,2455.4,0
2021-06-17 11:47:21,2455.4,0
2021-06-17 11:47:22,2455.7,0
2021-06-17 11:47:25,2455.4,0
2021-06-17 11:47:28,2455.0,0
2021-06-17 11:47:29,2455.4,0
2021-06-17 11:47:31,2455.4,0
2021-06-17 11:47:35,2454.95,0
2021-06-17 11:47:36,2455.1,0
