timestamp,ltp,volume
2021-06-17 09:19:42,16430.95,0
2021-06-17 09:19:49,16430.4,0
2021-06-17 09:19:51,16431.8,0
2021-06-17 09:19:55,16431.55,0
2021-06-17 09:20:04,16431.25,0
2021-06-17 09:20:05,16430.55,0
2021-06-17 09:20:12,16430.95,0
2021-06-17 09:20:13,16431.1,0
2021-06-17 09:20:14,16430.8,0
2021-06-17 09:20:15,16431.05,0
2021-06-17 09:20:18,16431.85,0
2021-06-17 09:20:23,16432.0,0
2021-06-17 09:20:37,16433.45,0
2021-06-17 09:20:54,16424.0,0
2021-06-17 09:21:04,16423.6,0
2021-06-17 09:21:23,16427.45,0
2021-06-17 09:21:54,16416.6,0
2021-06-17 09:21:58,16415.95,0
2021-06-17 09:22:05,16413.0,0
2021-06-17 09:22:08,16413.35,0
2021-06-17 09:22:12,16413.25,0
2021-06-17 09:22:15,16413.45,0
2021-06-17 09:22:19,16413.75,0
2021-06-17 09:22:24,16415.7,0
2021-06-17 09:22:27,16418.5,0
2021-06-17 09:22:28,16418.7,0
2021-06-17 09:22:31,16418.7,0
2021-06-17 09:22:32,16419.95,0
2021-06-17 09:22:33,16420.5,0
2021-06-17 09:22:40,16417.9,0
2021-06-17 09:22:42,16418.2,0
2021-06-17 09:22:45,16416.65,0
2021-06-17 09:22:48,16416.65,0
2021-06-17 09:22:53,16416.5,0
2021-06-17 09:22:54,16417.3,0
2021-06-17 09:23:00,16417.6,0
2021-06-17 09:23:08,16422.0,0
2021-06-17 09:23:14,16420.15,0
2021-06-17 09:23:15,16422.15,0
2021-06-17 09:23:16,16422.0,0
2021-06-17 09:23:19,16422.8,0
2021-06-17 09:23:31,16418.65,0
2021-06-17 09:23:39,16420.35,0
2021-06-17 09:23:47,16422.75,0
2021-06-17 09:23:49,16424.05,0
2021-06-17 09:23:52,16424.7,0
2021-06-17 09:23:58,16425.15,0
2021-06-17 09:24:04,16425.35,0
2021-06-17 09:24:13,16427.35,0
2021-06-17 09:24:15,16427.95,0
2021-06-17 09:24:17,16427.6,0
2021-06-17 09:24:37,16430.1,0
2021-06-17 09:24:51,16438.2,0
2021-06-17 09:24:53,16438.25,0
2021-06-17 09:24:54,16440.2,0
2021-06-17 09:24:55,16440.4,0
2021-06-17 09:25:01,16442.05,0
2021-06-17 09:25:05,16433.0,0
2021-06-17 09:25:12,16437.55,0
2021-06-17 09:25:37,16434.55,0
2021-06-17 09:25:48,16440.35,0
2021-06-17 09:25:52,16434.5,0
2021-06-17 09:25:53,16436.1,0
2021-06-17 09:25:56,16433.1,0
2021-06-17 09:25:57,16433.15,0
2021-06-17 09:26:00,16434.0,0
2021-06-17 09:26:01,16435.25,0
2021-06-17 09:26:14,16433.45,0
2021-06-17 09:26:23,16434.2,0
2021-06-17 09:26:29,16440.0,0
2021-06-17 09:26:41,16442.4,0
2021-06-17 09:26:48,16442.0,0
2021-06-17 09:26:49,16441.9,0
2021-06-17 09:26:58,16442.9,0
2021-06-17 09:27:05,16443.65,0
2021-06-17 09:27:06,16444.35,0
2021-06-17 09:27:10,16445.05,0
2021-06-17 09:27:18,16444.8,0
2021-06-17 09:27:19,16444.25,0
2021-06-17 09:27:24,16443.4,0
2021-06-17 09:27:25,16445.05,0
2021-06-17 09:27:26,16445.35,0
2021-06-17 09:27:28,16446.6,0
2021-06-17 09:27:30,16445.9,0
2021-06-17 09:27:39,16444.2,0
2021-06-17 09:27:40,16446.4,0
2021-06-17 09:27:43,16448.0,0
2021-06-17 09:27:46,16448.2,0
2021-06-17 09:27:51,16445.5,0
2021-06-17 09:27:56,16448.6,0
2021-06-17 09:28:01,16450.65,0
2021-06-17 09:28:05,16450.6,0
2021-06-17 09:28:09,16449.6,0
2021-06-17 09:28:15,16448.5,0
2021-06-17 09:28:16,16449.75,0
2021-06-17 09:28:21,16449.9,0
2021-06-17 09:28:48,16450.05,0
2021-06-17 09:29:03,16451.2,0
2021-06-17 09:29:06,16453.2,0
2021-06-17 09:29:12,16454.3,0
2021-06-17 09:29:13,16454.3,0
2021-06-17 09:29:24,16457.45,0
2021-06-17 09:29:33,16459.4,0
2021-06-17 09:29:41,16457.8,0
2021-06-17 09:29:43,16456.7,0
2021-06-17 09:29:46,16456.3,0
2021-06-17 09:29:47,16457.2,0
2021-06-17 09:29:51,16455.9,0
2021-06-17 09:29:58,16460.15,0
2021-06-17 09:30:00,16460.55,0
2021-06-17 09:30:29,16474.35,0
2021-06-17 09:30:33,16471.65,0
2021-06-17 09:30:37,16472.5,0
2021-06-17 09:30:39,16472.25,0
2021-06-17 09:30:44,16465.9,0
2021-06-17 09:30:46,16468.25,0
2021-06-17 09:30:55,16461.4,0
2021-06-17 09:31:00,16460.75,0
2021-06-17 09:31:08,16459.8,0
2021-06-17 09:31:10,16459.7,0
2021-06-17 09:31:18,16460.65,0
2021-06-17 09:31:19,16457.6,0
2021-06-17 09:31:20,16457.4,0
2021-06-17 09:31:24,16454.95,0
2021-06-17 09:31:27,16452.55,0
2021-06-17 09:31:33,16451.4,0
2021-06-17 09:31:36,16450.35,0
2021-06-17 09:31:42,16450.15,0
2021-06-17 09:31:45,16454.0,0
2021-06-17 09:31:47,16455.7,0
2021-06-17 09:31:49,16458.9,0
2021-06-17 09:31:50,16458.35,0
2021-06-17 09:31:57,16462.45,0
2021-06-17 09:32:02,16460.7,0
2021-06-17 09:32:04,16459.95,0
2021-06-17 09:32:05,16460.05,0
2021-06-17 09:32:06,16458.65,0
2021-06-17 09:32:07,16458.85,0
2021-06-17 09:32:12,16460.9,0
2021-06-17 09:32:17,16461.1,0
2021-06-17 09:32:22,16463.35,0
2021-06-17 09:32:24,16462.1,0
2021-06-17 09:32:31,16465.5,0
2021-06-17 09:32:33,16469.0,0
2021-06-17 09:32:37,16466.55,0
2021-06-17 09:32:38,16467.7,0
2021-06-17 09:32:45,16467.65,0
2021-06-17 09:32:50,16465.65,0
2021-06-17 09:32:52,16465.3,0
2021-06-17 09:33:17,16465.3,0
2021-06-17 09:33:26,16464.25,0
2021-06-17 09:33:37,16460.95,0
2021-06-17 09:33:57,16457.9,0
2021-06-17 09:34:02,16455.8,0
2021-06-17 09:34:09,16455.6,0
2021-06-17 09:34:13,16454.6,0
2021-06-17 09:34:14,16454.2,0
2021-06-17 09:34:20,16453.25,0
2021-06-17 09:34:21,16453.9,0
2021-06-17 09:34:28,16458.1,0
2021-06-17 09:34:31,16457.8,0
2021-06-17 09:34:43,16454.25,0
2021-06-17 09:34:46,16452.55,0
2021-06-17 09:34:47,16451.95,0
2021-06-17 09:34:49,16451.85,0
2021-06-17 09:34:52,16452.1,0
2021-06-17 09:35:00,16450.2,0
2021-06-17 09:35:01,16449.1,0
2021-06-17 09:35:04,16449.2,0
2021-06-17 09:35:12,16453.55,0
2021-06-17 09:35:17,16453.85,0
2021-06-17 09:35:23,16453.4,0
2021-06-17 09:35:25,16445.85,0
2021-06-17 09:35:31,16448.7,0
2021-06-17 09:35:35,16447.2,0
2021-06-17 09:35:39,16446.95,0
2021-06-17 09:35:43,16446.1,0
2021-06-17 09:35:45,16445.75,0
2021-06-17 09:35:47,16445.45,0
2021-06-17 09:35:48,16446.25,0
2021-06-17 09:35:49,16446.05,0
2021-06-17 09:35:54,16447.55,0
2021-06-17 09:36:02,16442.6,0
2021-06-17 09:36:06,16444.6,0
2021-06-17 09:36:13,16445.85,0
2021-06-17 09:36:14,16447.35,0
2021-06-17 09:36:24,16446.2,0
2021-06-17 09:36:34,16445.35,0
2021-06-17 09:36:37,16444.0,0
2021-06-17 09:36:43,16444.0,0
2021-06-17 09:36:45,16442.15,0
2021-06-17 09:36:47,16442.05,0
2021-06-17 09:36:53,16442.1,0
2021-06-17 09:37:02,16444.25,0
2021-06-17 09:37:05,16442.85,0
2021-06-17 09:37:14,16447.4,0
2021-06-17 09:37:23,16447.85,0
2021-06-17 09:37:24,16447.55,0
2021-06-17 09:37:29,16448.4,0
2021-06-17 09:37:30,16446.9,0
2021-06-17 09:37:33,16447.4,0
2021-06-17 09:37:34,16447.7,0
2021-06-17 09:37:37,16443.4,0
2021-06-17 09:37:42,16441.7,0
2021-06-17 09:37:43,16443.05,0
2021-06-17 09:38:00,16442.2,0
2021-06-17 09:38:02,16443.8,0
2021-06-17 09:38:12,16442.6,0
2021-06-17 09:38:14,16441.65,0
2021-06-17 09:38:20,16442.7,0
2021-06-17 09:38:25,16442.7,0
2021-06-17 09:38:28,16441.6,0
2021-06-17 09:38:31,16440.0,0
2021-06-17 09:38:32,16440.2,0
2021-06-17 09:38:34,16440.5,0
2021-06-17 09:38:43,16439.5,0
2021-06-17 09:38:46,16438.0,0
2021-06-17 09:38:48,16437.95,0
2021-06-17 09:38:49,16437.6,0
2021-06-17 09:38:50,16438.7,0
2021-06-17 09:38:56,16443.4,0
2021-06-17 09:39:07,16442.65,0
2021-06-17 09:39:11,16438.5,0
2021-06-17 09:39:18,16437.45,0
2021-06-17 09:39:20,16437.95,0
2021-06-17 09:39:24,16438.3,0
2021-06-17 09:39:29,16439.5,0
2021-06-17 09:39:33,16439.55,0
2021-06-17 09:39:37,16439.65,0
2021-06-17 09:39:43,16444.3,0
2021-06-17 09:39:46,16441.45,0
2021-06-17 09:39:59,16439.55,0
2021-06-17 09:40:03,16439.2,0
2021-06-17 09:40:04,16438.65,0
2021-06-17 09:40:07,16438.8,0
2021-06-17 09:40:11,16440.15,0
2021-06-17 09:40:12,16439.8,0
2021-06-17 09:40:18,16439.0,0
2021-06-17 09:40:23,16439.0,0
2021-06-17 09:40:34,16440.05,0
2021-06-17 09:40:35,16439.8,0
2021-06-17 09:40:41,16440.0,0
2021-06-17 09:40:44,16441.7,0
2021-06-17 09:40:57,16437.7,0
2021-06-17 09:40:59,16440.65,0
2021-06-17 09:41:07,16438.05,0
2021-06-17 09:41:12,16436.85,0
2021-06-17 09:41:14,16435.85,0
2021-06-17 09:41:22,16438.9,0
2021-06-17 09:41:24,16440.2,0
2021-06-17 09:41:28,16441.85,0
2021-06-17 09:41:31,16442.75,0
2021-06-17 09:41:32,16442.5,0
2021-06-17 09:41:33,16442.35,0
2021-06-17 09:41:34,16443.2,0
2021-06-17 09:41:36,16442.85,0
2021-06-17 09:41:37,16443.4,0
2021-06-17 09:41:38,16443.65,0
2021-06-17 09:41:48,16444.85,0
2021-06-17 09:42:09,16445.8,0
2021-06-17 09:42:10,16446.0,0
2021-06-17 09:42:14,16447.0,0
2021-06-17 09:42:24,16449.45,0
2021-06-17 09:42:45,16449.5,0
2021-06-17 09:42:52,16450.1,0
2021-06-17 09:42:57,16449.95,0
2021-06-17 09:42:58,16450.4,0
2021-06-17 09:42:59,16450.2,0
2021-06-17 09:43:00,16450.4,0
2021-06-17 09:43:03,16451.0,0
2021-06-17 09:43:05,16450.9,0
2021-06-17 09:43:09,16453.2,0
2021-06-17 09:43:14,16451.55,0
2021-06-17 09:43:17,16451.6,0
2021-06-17 09:43:18,16448.1,0
2021-06-17 09:43:20,16450.55,0
2021-06-17 09:43:23,16449.05,0
2021-06-17 09:43:31,16448.95,0
2021-06-17 09:43:33,16448.5,0
2021-06-17 09:43:35,16450.95,0
2021-06-17 09:43:38,16452.0,0
2021-06-17 09:43:41,16449.95,0
2021-06-17 09:43:44,16452.9,0
2021-06-17 09:43:52,16455.15,0
2021-06-17 09:43:56,16454.55,0
2021-06-17 09:43:57,16454.85,0
2021-06-17 09:44:09,16455.4,0
2021-06-17 09:44:15,16455.55,0
2021-06-17 09:44:19,16455.25,0
2021-06-17 09:44:24,16454.65,0
2021-06-17 09:44:34,16455.0,0
2021-06-17 09:44:39,16455.1,0
2021-06-17 09:44:54,16459.35,0
2021-06-17 09:45:04,16456.7,0
2021-06-17 09:45:11,16457.35,0
2021-06-17 09:45:12,16456.5,0
2021-06-17 09:45:13,16457.35,0
2021-06-17 09:45:18,16457.5,0
2021-06-17 09:45:19,16455.9,0
2021-06-17 09:45:40,16451.9,0
2021-06-17 09:45:48,16451.9,0
2021-06-17 09:45:50,16451.5,0
2021-06-17 09:45:52,16450.95,0
2021-06-17 09:45:54,16450.45,0
2021-06-17 09:46:04,16452.65,0
2021-06-17 09:46:12,16453.6,0
2021-06-17 09:46:14,16455.05,0
2021-06-17 09:46:15,16454.05,0
2021-06-17 09:46:22,16457.6,0
2021-06-17 09:46:26,16455.8,0
2021-06-17 09:46:31,16456.85,0
2021-06-17 09:46:36,16456.15,0
2021-06-17 09:46:39,16456.75,0
2021-06-17 09:46:43,16458.15,0
2021-06-17 09:46:44,16458.65,0
2021-06-17 09:46:52,16459.85,0
2021-06-17 09:46:55,16459.4,0
2021-06-17 09:46:57,16456.9,0
2021-06-17 09:46:59,16458.9,0
2021-06-17 09:47:00,16457.7,0
2021-06-17 09:47:05,16457.5,0
2021-06-17 09:47:06,16459.5,0
2021-06-17 09:47:12,16458.2,0
2021-06-17 09:47:16,16459.1,0
2021-06-17 09:47:31,16464.6,0
2021-06-17 09:47:32,16465.65,0
2021-06-17 09:47:35,16468.5,0
2021-06-17 09:47:37,16466.15,0
2021-06-17 09:47:43,16464.0,0
2021-06-17 09:47:49,16464.15,0
2021-06-17 09:47:53,16462.65,0
2021-06-17 09:47:58,16463.95,0
2021-06-17 09:48:03,16462.8,0
2021-06-17 09:48:06,16463.4,0
2021-06-17 09:48:19,16460.15,0
2021-06-17 09:48:27,16461.75,0
2021-06-17 09:48:31,16460.65,0
2021-06-17 09:48:34,16461.85,0
2021-06-17 09:48:37,16460.35,0
2021-06-17 09:48:39,16460.35,0
2021-06-17 09:48:40,16460.9,0
2021-06-17 09:48:50,16459.8,0
2021-06-17 09:48:52,16460.1,0
2021-06-17 09:48:53,16458.95,0
2021-06-17 09:48:58,16460.3,0
2021-06-17 09:49:03,16458.05,0
2021-06-17 09:49:08,16456.55,0
2021-06-17 09:49:15,16454.35,0
2021-06-17 09:49:18,16452.0,0
2021-06-17 09:49:20,16452.45,0
2021-06-17 09:49:21,16452.8,0
2021-06-17 09:49:24,16453.95,0
2021-06-17 09:49:25,16453.3,0
2021-06-17 09:49:35,16452.55,0
2021-06-17 09:49:36,16452.4,0
2021-06-17 09:49:38,16453.2,0
2021-06-17 09:49:45,16452.35,0
2021-06-17 09:49:49,16452.5,0
2021-06-17 09:49:50,16452.75,0
2021-06-17 09:50:01,16452.05,0
2021-06-17 09:50:05,16453.6,0
2021-06-17 09:50:14,16456.05,0
2021-06-17 09:50:16,16455.35,0
2021-06-17 09:50:17,16456.3,0
2021-06-17 09:50:20,16455.45,0
2021-06-17 09:50:36,16458.15,0
2021-06-17 09:50:45,16455.65,0
2021-06-17 09:50:51,16453.5,0
2021-06-17 09:50:52,16453.8,0
2021-06-17 09:50:53,16451.35,0
2021-06-17 09:50:57,16452.65,0
2021-06-17 09:51:00,16453.35,0
2021-06-17 09:51:05,16450.6,0
2021-06-17 09:51:06,16451.65,0
2021-06-17 09:51:08,16451.45,0
2021-06-17 09:51:10,16451.05,0
2021-06-17 09:51:13,16447.1,0
2021-06-17 09:51:17,16446.95,0
2021-06-17 09:51:19,16446.75,0
2021-06-17 09:51:27,16445.7,0
2021-06-17 09:51:34,16444.45,0
2021-06-17 09:51:35,16445.55,0
2021-06-17 09:51:36,16444.15,0
2021-06-17 09:51:55,16444.05,0
2021-06-17 09:51:59,16445.25,0
2021-06-17 09:52:03,16445.7,0
2021-06-17 09:52:17,16447.85,0
2021-06-17 09:52:21,16447.9,0
2021-06-17 09:52:22,16448.0,0
2021-06-17 09:52:25,16447.25,0
2021-06-17 09:52:26,16448.2,0
2021-06-17 09:52:28,16448.85,0
2021-06-17 09:52:37,16448.1,0
2021-06-17 09:52:42,16448.55,0
2021-06-17 09:52:48,16449.75,0
2021-06-17 09:52:49,16449.8,0
2021-06-17 09:52:54,16449.1,0
2021-06-17 09:52:58,16449.3,0
2021-06-17 09:53:01,16449.35,0
2021-06-17 09:53:04,16449.05,0
2021-06-17 09:53:05,16448.9,0
2021-06-17 09:53:09,16448.8,0
2021-06-17 09:53:10,16448.2,0
2021-06-17 09:53:11,16448.65,0
2021-06-17 09:53:16,16448.2,0
2021-06-17 09:53:18,16448.5,0
2021-06-17 09:53:22,16448.8,0
2021-06-17 09:53:27,16450.6,0
2021-06-17 09:53:35,16450.75,0
2021-06-17 09:53:41,16449.95,0
2021-06-17 09:53:48,16451.9,0
2021-06-17 09:53:49,16452.0,0
2021-06-17 09:53:53,16453.15,0
2021-06-17 09:53:55,16455.2,0
2021-06-17 09:54:01,16456.65,0
2021-06-17 09:54:07,16462.5,0
2021-06-17 09:54:09,16458.0,0
2021-06-17 09:54:17,16460.3,0
2021-06-17 09:54:22,16453.05,0
2021-06-17 09:54:27,16454.1,0
2021-06-17 09:54:28,16454.75,0
2021-06-17 09:54:31,16456.95,0
2021-06-17 09:54:34,16456.4,0
2021-06-17 09:54:35,16456.9,0
2021-06-17 09:54:37,16456.55,0
2021-06-17 09:54:38,16456.25,0
2021-06-17 09:54:42,16455.95,0
2021-06-17 09:54:51,16458.7,0
2021-06-17 09:54:52,16459.1,0
2021-06-17 09:54:55,16459.45,0
2021-06-17 09:55:03,16459.5,0
2021-06-17 09:55:12,16454.45,0
2021-06-17 09:55:26,16454.75,0
2021-06-17 09:55:28,16456.35,0
2021-06-17 09:55:32,16455.75,0
2021-06-17 09:55:34,16455.8,0
2021-06-17 09:55:38,16455.45,0
2021-06-17 09:55:39,16455.15,0
2021-06-17 09:55:40,16454.4,0
2021-06-17 09:55:41,16455.4,0
2021-06-17 09:55:42,16454.6,0
2021-06-17 09:55:47,16455.55,0
2021-06-17 09:55:57,16455.35,0
2021-06-17 09:55:58,16455.3,0
2021-06-17 09:56:06,16456.2,0
2021-06-17 09:56:11,16454.2,0
2021-06-17 09:56:13,16456.2,0
2021-06-17 09:56:15,16456.0,0
2021-06-17 09:56:17,16455.75,0
2021-06-17 09:56:18,16456.6,0
2021-06-17 09:56:21,16456.2,0
2021-06-17 09:56:30,16455.45,0
2021-06-17 09:56:38,16455.9,0
2021-06-17 09:56:43,16457.85,0
2021-06-17 09:56:46,16456.85,0
2021-06-17 09:56:50,16455.75,0
2021-06-17 09:57:02,16457.65,0
2021-06-17 09:57:04,16458.6,0
2021-06-17 09:57:06,16459.35,0
2021-06-17 09:57:09,16457.95,0
2021-06-17 09:57:10,16457.8,0
2021-06-17 09:57:12,16458.1,0
2021-06-17 09:57:19,16458.75,0
2021-06-17 09:57:25,16457.5,0
2021-06-17 09:57:27,16457.95,0
2021-06-17 09:57:30,16457.3,0
2021-06-17 09:57:37,16458.7,0
2021-06-17 09:57:51,16457.9,0
2021-06-17 09:57:55,16458.0,0
2021-06-17 09:57:57,16460.7,0
2021-06-17 09:58:01,16461.2,0
2021-06-17 09:58:04,16464.15,0
2021-06-17 09:58:05,16464.2,0
2021-06-17 09:58:16,16461.6,0
2021-06-17 09:58:17,16460.55,0
2021-06-17 09:58:24,16459.2,0
2021-06-17 09:58:30,16458.65,0
2021-06-17 09:58:44,16457.05,0
2021-06-17 09:58:45,16455.9,0
2021-06-17 09:58:52,16457.55,0
2021-06-17 09:58:58,16457.7,0
2021-06-17 09:58:59,16458.2,0
2021-06-17 09:59:00,16458.4,0
2021-06-17 09:59:01,16457.65,0
2021-06-17 09:59:02,16458.45,0
2021-06-17 09:59:03,16456.8,0
2021-06-17 09:59:10,16456.0,0
2021-06-17 09:59:11,16457.25,0
2021-06-17 09:59:12,16456.4,0
2021-06-17 09:59:18,16456.7,0
2021-06-17 09:59:35,16453.6,0
2021-06-17 09:59:36,16454.6,0
2021-06-17 09:59:48,16456.45,0
2021-06-17 09:59:54,16456.35,0
2021-06-17 10:00:02,16458.5,0
2021-06-17 10:00:08,16457.9,0
2021-06-17 10:00:10,16457.25,0
2021-06-17 10:00:11,16458.05,0
2021-06-17 10:00:14,16457.45,0
2021-06-17 10:00:33,16462.25,0
2021-06-17 10:00:37,16462.1,0
2021-06-17 10:00:40,16460.85,0
2021-06-17 10:00:42,16461.8,0
2021-06-17 10:00:46,16461.0,0
2021-06-17 10:00:52,16458.8,0
2021-06-17 10:00:53,16458.6,0
2021-06-17 10:00:55,16458.65,0
2021-06-17 10:00:58,16459.35,0
2021-06-17 10:00:59,16459.95,0
2021-06-17 10:01:00,16459.75,0
2021-06-17 10:01:01,16456.35,0
2021-06-17 10:01:02,16457.6,0
2021-06-17 10:01:09,16456.85,0
2021-06-17 10:01:10,16457.55,0
2021-06-17 10:01:11,16459.4,0
2021-06-17 10:01:13,16460.0,0
2021-06-17 10:01:16,16459.4,0
2021-06-17 10:01:29,16462.4,0
2021-06-17 10:01:38,16462.15,0
2021-06-17 10:01:41,16459.55,0
2021-06-17 10:01:42,16460.8,0
2021-06-17 10:01:47,16460.85,0
2021-06-17 10:01:49,16460.85,0
2021-06-17 10:01:50,16460.7,0
2021-06-17 10:01:56,16460.95,0
2021-06-17 10:01:57,16461.55,0
2021-06-17 10:01:59,16460.55,0
2021-06-17 10:02:03,16458.9,0
2021-06-17 10:02:06,16458.75,0
2021-06-17 10:02:07,16459.2,0
2021-06-17 10:02:16,16457.2,0
2021-06-17 10:02:21,16457.15,0
2021-06-17 10:02:22,16457.2,0
2021-06-17 10:02:26,16456.65,0
2021-06-17 10:02:29,16456.35,0
2021-06-17 10:02:33,16455.8,0
2021-06-17 10:02:35,16454.5,0
2021-06-17 10:02:40,16453.95,0
2021-06-17 10:02:41,16454.05,0
2021-06-17 10:02:43,16455.2,0
2021-06-17 10:02:45,16455.25,0
2021-06-17 10:02:54,16454.0,0
2021-06-17 10:02:56,16453.0,0
2021-06-17 10:03:02,16453.55,0
2021-06-17 10:03:11,16453.75,0
2021-06-17 10:03:12,16453.6,0
2021-06-17 10:03:22,16453.2,0
2021-06-17 10:03:25,16453.5,0
2021-06-17 10:03:26,16450.55,0
2021-06-17 10:03:32,16452.6,0
2021-06-17 10:03:40,16454.85,0
2021-06-17 10:03:41,16454.05,0
2021-06-17 10:03:42,16454.2,0
2021-06-17 10:03:50,16453.9,0
2021-06-17 10:04:02,16454.2,0
2021-06-17 10:04:04,16454.05,0
2021-06-17 10:04:06,16453.45,0
2021-06-17 10:04:10,16454.15,0
2021-06-17 10:04:20,16453.35,0
2021-06-17 10:04:24,16453.25,0
2021-06-17 10:04:35,16455.45,0
2021-06-17 10:04:39,16456.35,0
2021-06-17 10:04:42,16457.85,0
2021-06-17 10:04:51,16456.95,0
2021-06-17 10:04:55,16457.25,0
2021-06-17 10:05:04,16457.25,0
2021-06-17 10:05:08,16458.2,0
2021-06-17 10:05:11,16458.4,0
2021-06-17 10:05:16,16457.3,0
2021-06-17 10:05:20,16457.3,0
2021-06-17 10:05:31,16457.8,0
2021-06-17 10:05:32,16457.5,0
2021-06-17 10:05:33,16456.75,0
2021-06-17 10:05:36,16457.0,0
2021-06-17 10:05:40,16456.5,0
2021-06-17 10:05:41,16456.9,0
2021-06-17 10:05:43,16455.65,0
2021-06-17 10:05:45,16455.6,0
2021-06-17 10:05:48,16455.1,0
2021-06-17 10:05:52,16453.2,0
2021-06-17 10:05:59,16450.55,0
2021-06-17 10:06:01,16451.4,0
2021-06-17 10:06:05,16452.3,0
2021-06-17 10:06:08,16451.55,0
2021-06-17 10:06:09,16451.8,0
2021-06-17 10:06:14,16451.55,0
2021-06-17 10:06:17,16454.1,0
2021-06-17 10:06:20,16454.75,0
2021-06-17 10:06:28,16455.5,0
2021-06-17 10:06:31,16454.95,0
2021-06-17 10:06:36,16454.5,0
2021-06-17 10:06:46,16454.5,0
2021-06-17 10:06:47,16454.7,0
2021-06-17 10:06:49,16454.6,0
2021-06-17 10:06:54,16452.2,0
2021-06-17 10:07:02,16454.2,0
2021-06-17 10:07:05,16454.4,0
2021-06-17 10:07:07,16452.75,0
2021-06-17 10:07:08,16453.05,0
2021-06-17 10:07:10,16452.9,0
2021-06-17 10:07:13,16452.35,0
2021-06-17 10:07:18,16452.8,0
2021-06-17 10:07:21,16452.05,0
2021-06-17 10:07:23,16453.05,0
2021-06-17 10:07:32,16449.9,0
2021-06-17 10:07:33,16451.6,0
2021-06-17 10:07:40,16452.25,0
2021-06-17 10:07:45,16451.45,0
2021-06-17 10:07:48,16451.7,0
2021-06-17 10:07:49,16451.4,0
2021-06-17 10:07:51,16452.15,0
2021-06-17 10:07:56,16452.65,0
2021-06-17 10:07:57,16452.45,0
2021-06-17 10:07:58,16452.75,0
2021-06-17 10:07:59,16453.0,0
2021-06-17 10:08:01,16452.45,0
2021-06-17 10:08:05,16452.4,0
2021-06-17 10:08:08,16450.8,0
2021-06-17 10:08:13,16452.05,0
2021-06-17 10:08:15,16452.25,0
2021-06-17 10:08:19,16450.65,0
2021-06-17 10:08:24,16449.95,0
2021-06-17 10:08:31,16451.55,0
2021-06-17 10:08:32,16451.35,0
2021-06-17 10:08:33,16450.35,0
2021-06-17 10:08:34,16451.35,0
2021-06-17 10:08:35,16451.3,0
2021-06-17 10:08:36,16451.5,0
2021-06-17 10:08:40,16451.65,0
2021-06-17 10:08:41,16450.9,0
2021-06-17 10:08:45,16451.05,0
2021-06-17 10:08:48,16451.85,0
2021-06-17 10:08:49,16451.65,0
2021-06-17 10:08:57,16452.75,0
2021-06-17 10:08:59,16454.0,0
2021-06-17 10:09:03,16454.4,0
2021-06-17 10:09:05,16453.05,0
2021-06-17 10:09:08,16454.15,0
2021-06-17 10:09:18,16454.25,0
2021-06-17 10:09:20,16455.45,0
2021-06-17 10:09:25,16454.75,0
2021-06-17 10:09:33,16456.1,0
2021-06-17 10:09:34,16456.0,0
2021-06-17 10:09:36,16456.95,0
2021-06-17 10:09:37,16457.3,0
2021-06-17 10:09:45,16461.5,0
2021-06-17 10:09:51,16458.3,0
2021-06-17 10:09:59,16459.8,0
2021-06-17 10:10:00,16460.35,0
2021-06-17 10:10:07,16461.55,0
2021-06-17 10:10:10,16460.7,0
2021-06-17 10:10:17,16461.3,0
2021-06-17 10:10:19,16457.35,0
2021-06-17 10:10:31,16459.0,0
2021-06-17 10:10:34,16459.0,0
2021-06-17 10:10:38,16458.6,0
2021-06-17 10:10:41,16459.3,0
2021-06-17 10:10:43,16458.65,0
2021-06-17 10:10:55,16457.8,0
2021-06-17 10:10:59,16458.45,0
2021-06-17 10:11:03,16458.65,0
2021-06-17 10:11:07,16459.8,0
2021-06-17 10:11:08,16460.1,0
2021-06-17 10:11:16,16461.2,0
2021-06-17 10:11:17,16460.85,0
2021-06-17 10:11:24,16461.2,0
2021-06-17 10:11:26,16461.05,0
2021-06-17 10:11:30,16461.65,0
2021-06-17 10:11:32,16461.9,0
2021-06-17 10:11:36,16462.95,0
2021-06-17 10:11:41,16462.35,0
2021-06-17 10:11:42,16462.85,0
2021-06-17 10:11:50,16461.85,0
2021-06-17 10:11:54,16467.35,0
2021-06-17 10:11:56,16467.75,0
2021-06-17 10:12:10,16465.5,0
2021-06-17 10:12:12,16465.25,0
2021-06-17 10:12:15,16465.0,0
2021-06-17 10:12:19,16463.9,0
2021-06-17 10:12:25,16466.0,0
2021-06-17 10:12:28,16470.35,0
2021-06-17 10:12:36,16468.8,0
2021-06-17 10:12:42,16465.3,0
2021-06-17 10:12:43,16466.9,0
2021-06-17 10:12:44,16467.65,0
2021-06-17 10:12:51,16466.85,0
2021-06-17 10:13:02,16468.6,0
2021-06-17 10:13:06,16469.3,0
2021-06-17 10:13:09,16470.15,0
2021-06-17 10:13:10,16469.8,0
2021-06-17 10:13:16,16469.75,0
2021-06-17 10:13:18,16471.0,0
2021-06-17 10:13:19,16470.85,0
2021-06-17 10:13:23,16469.2,0
2021-06-17 10:13:25,16469.2,0
2021-06-17 10:13:27,16469.5,0
2021-06-17 10:13:35,16468.0,0
2021-06-17 10:13:37,16467.65,0
2021-06-17 10:13:39,16465.7,0
2021-06-17 10:13:41,16466.5,0
2021-06-17 10:13:44,16465.5,0
2021-06-17 10:13:47,16466.75,0
2021-06-17 10:13:48,16466.85,0
2021-06-17 10:13:54,16464.45,0
2021-06-17 10:13:55,16464.5,0
2021-06-17 10:14:01,16467.3,0
2021-06-17 10:14:05,16467.25,0
2021-06-17 10:14:08,16466.2,0
2021-06-17 10:14:11,16466.45,0
2021-06-17 10:14:12,16466.65,0
2021-06-17 10:14:13,16467.0,0
2021-06-17 10:14:15,16467.25,0
2021-06-17 10:14:20,16467.6,0
2021-06-17 10:14:29,16470.55,0
2021-06-17 10:14:38,16469.65,0
2021-06-17 10:14:39,16469.15,0
2021-06-17 10:14:44,16466.95,0
2021-06-17 10:14:45,16467.2,0
2021-06-17 10:15:00,16468.1,0
2021-06-17 10:15:05,16468.05,0
2021-06-17 10:15:13,16468.1,0
2021-06-17 10:15:14,16467.25,0
2021-06-17 10:15:18,16467.2,0
2021-06-17 10:15:23,16466.5,0
2021-06-17 10:15:27,16466.35,0
2021-06-17 10:15:31,16465.45,0
2021-06-17 10:15:38,16466.4,0
2021-06-17 10:15:44,16467.1,0
2021-06-17 10:15:46,16466.55,0
2021-06-17 10:15:47,16466.55,0
2021-06-17 10:15:49,16466.95,0
2021-06-17 10:15:51,16467.35,0
2021-06-17 10:15:52,16466.95,0
2021-06-17 10:15:54,16467.75,0
2021-06-17 10:15:56,16467.2,0
2021-06-17 10:15:58,16467.1,0
2021-06-17 10:15:59,16468.2,0
2021-06-17 10:16:02,16467.1,0
2021-06-17 10:16:08,16464.85,0
2021-06-17 10:16:12,16465.25,0
2021-06-17 10:16:14,16465.65,0
2021-06-17 10:16:24,16465.2,0
2021-06-17 10:16:27,16465.0,0
2021-06-17 10:16:28,16465.7,0
2021-06-17 10:16:30,16464.85,0
2021-06-17 10:16:32,16465.6,0
2021-06-17 10:16:38,16465.4,0
2021-06-17 10:16:40,16464.6,0
2021-06-17 10:16:42,16463.4,0
2021-06-17 10:16:43,16464.45,0
2021-06-17 10:16:47,16464.2,0
2021-06-17 10:16:49,16464.15,0
2021-06-17 10:16:51,16464.65,0
2021-06-17 10:16:53,16464.0,0
2021-06-17 10:16:54,16464.3,0
2021-06-17 10:17:00,16463.35,0
2021-06-17 10:17:04,16462.9,0
2021-06-17 10:17:09,16463.55,0
2021-06-17 10:17:18,16466.4,0
2021-06-17 10:17:32,16468.5,0
2021-06-17 10:17:47,16468.7,0
2021-06-17 10:17:48,16468.75,0
2021-06-17 10:17:52,16469.1,0
2021-06-17 10:17:54,16468.7,0
2021-06-17 10:18:00,16467.85,0
2021-06-17 10:18:01,16468.3,0
2021-06-17 10:18:16,16466.1,0
2021-06-17 10:18:25,16465.6,0
2021-06-17 10:18:27,16461.3,0
2021-06-17 10:18:34,16464.85,0
2021-06-17 10:18:37,16464.6,0
2021-06-17 10:18:44,16462.4,0
2021-06-17 10:18:53,16466.1,0
2021-06-17 10:18:57,16464.2,0
2021-06-17 10:19:02,16464.5,0
2021-06-17 10:19:06,16464.05,0
2021-06-17 10:19:10,16464.8,0
2021-06-17 10:19:12,16466.65,0
2021-06-17 10:19:18,16467.85,0
2021-06-17 10:19:25,16469.25,0
2021-06-17 10:19:32,16468.9,0
2021-06-17 10:19:38,16468.75,0
2021-06-17 10:19:39,16468.65,0
2021-06-17 10:19:41,16468.5,0
2021-06-17 10:19:43,16468.15,0
2021-06-17 10:19:50,16467.15,0
2021-06-17 10:19:55,16467.45,0
2021-06-17 10:20:01,16469.15,0
2021-06-17 10:20:04,16470.6,0
2021-06-17 10:20:07,16470.6,0
2021-06-17 10:20:11,16468.75,0
2021-06-17 10:20:15,16468.0,0
2021-06-17 10:20:16,16468.05,0
2021-06-17 10:20:17,16468.6,0
2021-06-17 10:20:18,16468.05,0
2021-06-17 10:20:22,16468.15,0
2021-06-17 10:20:26,16469.9,0
2021-06-17 10:20:28,16469.55,0
2021-06-17 10:20:34,16468.55,0
2021-06-17 10:20:39,16468.4,0
2021-06-17 10:20:43,16468.55,0
2021-06-17 10:20:58,16468.0,0
2021-06-17 10:21:06,16468.35,0
2021-06-17 10:21:09,16467.95,0
2021-06-17 10:21:17,16468.45,0
2021-06-17 10:21:21,16467.75,0
2021-06-17 10:21:28,16467.6,0
2021-06-17 10:21:31,16467.7,0
2021-06-17 10:21:33,16472.9,0
2021-06-17 10:21:42,16469.2,0
2021-06-17 10:21:45,16468.5,0
2021-06-17 10:21:52,16468.0,0
2021-06-17 10:21:53,16468.4,0
2021-06-17 10:22:01,16466.75,0
2021-06-17 10:22:02,16466.35,0
2021-06-17 10:22:05,16468.05,0
2021-06-17 10:22:06,16467.1,0
2021-06-17 10:22:10,16466.55,0
2021-06-17 10:22:13,16467.3,0
2021-06-17 10:22:14,16466.25,0
2021-06-17 10:22:16,16463.65,0
2021-06-17 10:22:19,16463.5,0
2021-06-17 10:22:20,16463.3,0
2021-06-17 10:22:25,16463.8,0
2021-06-17 10:22:35,16464.95,0
2021-06-17 10:22:45,16462.3,0
2021-06-17 10:22:47,16462.3,0
2021-06-17 10:22:50,16461.9,0
2021-06-17 10:22:56,16460.35,0
2021-06-17 10:22:57,16460.65,0
2021-06-17 10:22:58,16460.8,0
2021-06-17 10:23:03,16460.6,0
2021-06-17 10:23:09,16461.45,0
2021-06-17 10:23:10,16461.6,0
2021-06-17 10:23:11,16461.65,0
2021-06-17 10:23:20,16460.5,0
2021-06-17 10:23:22,16460.75,0
2021-06-17 10:23:23,16461.3,0
2021-06-17 10:23:29,16463.95,0
2021-06-17 10:23:37,16462.95,0
2021-06-17 10:23:40,16462.4,0
2021-06-17 10:23:42,16462.25,0
2021-06-17 10:23:46,16461.05,0
2021-06-17 10:23:50,16460.85,0
2021-06-17 10:23:55,16460.45,0
2021-06-17 10:24:04,16458.85,0
2021-06-17 10:24:09,16458.7,0
2021-06-17 10:24:10,16458.8,0
2021-06-17 10:24:14,16459.55,0
2021-06-17 10:24:21,16459.2,0
2021-06-17 10:24:22,16459.15,0
2021-06-17 10:24:26,16459.75,0
2021-06-17 10:24:35,16459.8,0
2021-06-17 10:24:44,16461.15,0
2021-06-17 10:24:46,16461.3,0
2021-06-17 10:24:54,16461.75,0
2021-06-17 10:25:10,16462.2,0
2021-06-17 10:25:13,16463.0,0
2021-06-17 10:25:17,16463.15,0
2021-06-17 10:25:21,16462.2,0
2021-06-17 10:25:23,16463.2,0
2021-06-17 10:25:25,16463.75,0
2021-06-17 10:25:30,16465.05,0
2021-06-17 10:25:31,16464.8,0
2021-06-17 10:25:38,16464.75,0
2021-06-17 10:25:40,16463.65,0
2021-06-17 10:25:41,16463.9,0
2021-06-17 10:25:43,16463.5,0
2021-06-17 10:25:44,16463.75,0
2021-06-17 10:25:47,16463.4,0
2021-06-17 10:25:49,16463.35,0
2021-06-17 10:25:52,16463.15,0
2021-06-17 10:25:53,16463.45,0
2021-06-17 10:25:54,16463.85,0
2021-06-17 10:26:00,16463.75,0
2021-06-17 10:26:10,16464.55,0
2021-06-17 10:26:13,16465.0,0
2021-06-17 10:26:14,16464.25,0
2021-06-17 10:26:17,16465.2,0
2021-06-17 10:26:23,16464.45,0
2021-06-17 10:26:24,16464.4,0
2021-06-17 10:26:25,16464.95,0
2021-06-17 10:26:26,16464.75,0
2021-06-17 10:26:29,16465.0,0
2021-06-17 10:26:31,16465.25,0
2021-06-17 10:26:39,16465.15,0
2021-06-17 10:26:48,16466.15,0
2021-06-17 10:26:52,16467.15,0
2021-06-17 10:26:54,16465.45,0
2021-06-17 10:27:00,16462.3,0
2021-06-17 10:27:04,16462.75,0
2021-06-17 10:27:09,16462.4,0
2021-06-17 10:27:17,16465.7,0
2021-06-17 10:27:21,16463.5,0
2021-06-17 10:27:22,16465.25,0
2021-06-17 10:27:23,16463.3,0
2021-06-17 10:27:25,16464.05,0
2021-06-17 10:27:32,16461.5,0
2021-06-17 10:27:36,16462.15,0
2021-06-17 10:27:39,16462.4,0
2021-06-17 10:27:42,16462.25,0
2021-06-17 10:27:48,16461.75,0
2021-06-17 10:27:51,16462.1,0
2021-06-17 10:27:52,16462.4,0
2021-06-17 10:27:54,16462.3,0
2021-06-17 10:27:58,16461.4,0
2021-06-17 10:28:03,16461.6,0
2021-06-17 10:28:04,16462.05,0
2021-06-17 10:28:06,16462.75,0
2021-06-17 10:28:07,16462.5,0
2021-06-17 10:28:08,16462.65,0
2021-06-17 10:28:12,16462.4,0
2021-06-17 10:28:14,16460.75,0
2021-06-17 10:28:17,16461.45,0
2021-06-17 10:28:18,16461.65,0
2021-06-17 10:28:22,16460.5,0
2021-06-17 10:28:27,16460.1,0
2021-06-17 10:28:29,16460.4,0
2021-06-17 10:28:31,16460.45,0
2021-06-17 10:28:32,16460.45,0
2021-06-17 10:28:34,16459.25,0
2021-06-17 10:28:35,16459.8,0
2021-06-17 10:28:40,16461.35,0
2021-06-17 10:28:43,16461.6,0
2021-06-17 10:28:47,16461.25,0
2021-06-17 10:28:51,16462.65,0
2021-06-17 10:28:54,16461.55,0
2021-06-17 10:28:55,16461.6,0
2021-06-17 10:28:57,16461.2,0
2021-06-17 10:29:00,16460.7,0
2021-06-17 10:29:04,16459.3,0
2021-06-17 10:29:09,16459.1,0
2021-06-17 10:29:12,16459.25,0
2021-06-17 10:29:14,16459.2,0
2021-06-17 10:29:17,16458.15,0
2021-06-17 10:29:25,16461.0,0
2021-06-17 10:29:33,16462.35,0
2021-06-17 10:29:34,16462.3,0
2021-06-17 10:29:49,16462.4,0
2021-06-17 10:29:50,16463.05,0
2021-06-17 10:29:54,16462.4,0
2021-06-17 10:29:56,16462.5,0
2021-06-17 10:30:00,16463.5,0
2021-06-17 10:30:06,16462.35,0
2021-06-17 10:30:12,16462.6,0
2021-06-17 10:30:14,16462.55,0
2021-06-17 10:30:17,16461.95,0
2021-06-17 10:30:18,16462.1,0
2021-06-17 10:30:22,16461.7,0
2021-06-17 10:30:28,16462.15,0
2021-06-17 10:30:30,16462.25,0
2021-06-17 10:30:31,16462.45,0
2021-06-17 10:30:35,16462.6,0
2021-06-17 10:30:37,16462.8,0
2021-06-17 10:30:42,16462.55,0
2021-06-17 10:30:44,16462.55,0
2021-06-17 10:30:45,16463.55,0
2021-06-17 10:30:46,16463.25,0
2021-06-17 10:30:57,16463.1,0
2021-06-17 10:30:58,16463.6,0
2021-06-17 10:31:05,16463.35,0
2021-06-17 10:31:07,16463.25,0
2021-06-17 10:31:08,16462.95,0
2021-06-17 10:31:13,16463.45,0
2021-06-17 10:31:16,16464.1,0
2021-06-17 10:31:19,16462.55,0
2021-06-17 10:31:24,16464.45,0
2021-06-17 10:31:29,16465.5,0
2021-06-17 10:31:34,16464.95,0
2021-06-17 10:31:39,16464.4,0
2021-06-17 10:31:49,16463.3,0
2021-06-17 10:31:54,16464.0,0
2021-06-17 10:31:56,16463.35,0
2021-06-17 10:32:03,16464.0,0
2021-06-17 10:32:06,16464.1,0
2021-06-17 10:32:19,16463.7,0
2021-06-17 10:32:20,16463.4,0
2021-06-17 10:32:27,16465.15,0
2021-06-17 10:32:28,16465.2,0
2021-06-17 10:32:29,16465.25,0
2021-06-17 10:32:30,16465.35,0
2021-06-17 10:32:31,16466.0,0
2021-06-17 10:32:32,16465.8,0
2021-06-17 10:32:33,16463.7,0
2021-06-17 10:32:34,16464.55,0
2021-06-17 10:32:37,16464.55,0
2021-06-17 10:32:39,16464.55,0
2021-06-17 10:32:40,16464.4,0
2021-06-17 10:32:43,16464.3,0
2021-06-17 10:32:50,16464.55,0
2021-06-17 10:32:52,16464.25,0
2021-06-17 10:33:06,16464.7,0
2021-06-17 10:33:07,16464.8,0
2021-06-17 10:33:09,16464.35,0
2021-06-17 10:33:14,16467.55,0
2021-06-17 10:33:15,16469.2,0
2021-06-17 10:33:21,16467.5,0
2021-06-17 10:33:24,16467.8,0
2021-06-17 10:33:33,16468.0,0
2021-06-17 10:33:34,16467.75,0
2021-06-17 10:33:36,16467.8,0
2021-06-17 10:33:39,16467.65,0
2021-06-17 10:33:43,16467.4,0
2021-06-17 10:33:44,16466.05,0
2021-06-17 10:33:47,16466.25,0
2021-06-17 10:33:49,16467.2,0
2021-06-17 10:33:51,16466.65,0
2021-06-17 10:33:52,16466.6,0
2021-06-17 10:33:53,16466.2,0
2021-06-17 10:33:56,16466.0,0
2021-06-17 10:33:59,16466.15,0
2021-06-17 10:34:00,16466.5,0
2021-06-17 10:34:05,16466.1,0
2021-06-17 10:34:10,16466.15,0
2021-06-17 10:34:16,16467.1,0
2021-06-17 10:34:23,16466.6,0
2021-06-17 10:34:29,16467.95,0
2021-06-17 10:34:30,16466.25,0
2021-06-17 10:34:31,16466.45,0
2021-06-17 10:34:33,16466.7,0
2021-06-17 10:34:41,16467.3,0
2021-06-17 10:34:43,16467.4,0
2021-06-17 10:34:45,16468.5,0
2021-06-17 10:34:49,16468.3,0
2021-06-17 10:34:50,16467.5,0
2021-06-17 10:34:55,16468.4,0
2021-06-17 10:34:56,16467.35,0
2021-06-17 10:34:58,16468.25,0
2021-06-17 10:34:59,16468.6,0
2021-06-17 10:35:00,16468.7,0
2021-06-17 10:35:04,16468.6,0
2021-06-17 10:35:06,16467.9,0
2021-06-17 10:35:08,16468.3,0
2021-06-17 10:35:10,16468.1,0
2021-06-17 10:35:16,16468.4,0
2021-06-17 10:35:24,16469.6,0
2021-06-17 10:35:28,16469.65,0
2021-06-17 10:35:30,16470.55,0
2021-06-17 10:35:36,16470.25,0
2021-06-17 10:35:38,16470.45,0
2021-06-17 10:35:39,16470.3,0
2021-06-17 10:35:45,16468.6,0
2021-06-17 10:35:47,16469.6,0
2021-06-17 10:35:48,16471.25,0
2021-06-17 10:35:53,16472.1,0
2021-06-17 10:35:58,16472.65,0
2021-06-17 10:36:00,16472.25,0
2021-06-17 10:36:09,16473.8,0
2021-06-17 10:36:16,16475.0,0
2021-06-17 10:36:17,16475.4,0
2021-06-17 10:36:18,16475.55,0
2021-06-17 10:36:22,16481.5,0
2021-06-17 10:36:26,16481.6,0
2021-06-17 10:36:31,16482.05,0
2021-06-17 10:36:34,16481.8,0
2021-06-17 10:36:35,16483.1,0
2021-06-17 10:36:36,16483.0,0
2021-06-17 10:36:39,16483.3,0
2021-06-17 10:36:50,16484.85,0
2021-06-17 10:36:54,16484.5,0
2021-06-17 10:36:57,16482.8,0
2021-06-17 10:37:03,16484.75,0
2021-06-17 10:37:05,16485.05,0
2021-06-17 10:37:06,16484.8,0
2021-06-17 10:37:11,16483.7,0
2021-06-17 10:37:25,16484.35,0
2021-06-17 10:37:27,16482.95,0
2021-06-17 10:37:32,16482.5,0
2021-06-17 10:37:33,16483.25,0
2021-06-17 10:37:35,16483.45,0
2021-06-17 10:37:46,16483.3,0
2021-06-17 10:37:49,16483.05,0
2021-06-17 10:37:50,16482.7,0
2021-06-17 10:37:51,16483.0,0
2021-06-17 10:37:57,16483.65,0
2021-06-17 10:37:58,16483.6,0
2021-06-17 10:38:02,16482.95,0
2021-06-17 10:38:04,16483.85,0
2021-06-17 10:38:12,16482.75,0
2021-06-17 10:38:19,16483.6,0
2021-06-17 10:38:31,16482.25,0
2021-06-17 10:38:32,16482.75,0
2021-06-17 10:38:36,16481.5,0
2021-06-17 10:38:40,16480.9,0
2021-06-17 10:38:41,16480.4,0
2021-06-17 10:38:42,16480.6,0
2021-06-17 10:38:45,16480.0,0
2021-06-17 10:38:55,16481.3,0
2021-06-17 10:39:02,16483.25,0
2021-06-17 10:39:04,16483.45,0
2021-06-17 10:39:09,16481.95,0
2021-06-17 10:39:16,16481.55,0
2021-06-17 10:39:18,16483.15,0
2021-06-17 10:39:20,16482.8,0
2021-06-17 10:39:22,16481.55,0
2021-06-17 10:39:26,16481.8,0
2021-06-17 10:39:27,16482.45,0
2021-06-17 10:39:29,16482.35,0
2021-06-17 10:39:35,16482.0,0
2021-06-17 10:39:40,16483.05,0
2021-06-17 10:39:49,16485.05,0
2021-06-17 10:39:50,16485.15,0
2021-06-17 10:39:53,16484.75,0
2021-06-17 10:39:54,16484.9,0
2021-06-17 10:39:56,16485.95,0
2021-06-17 10:40:00,16485.45,0
2021-06-17 10:40:09,16494.15,0
2021-06-17 10:40:11,16495.15,0
2021-06-17 10:40:12,16494.95,0
2021-06-17 10:40:13,16495.4,0
2021-06-17 10:40:16,16494.55,0
2021-06-17 10:40:21,16500.3,0
2021-06-17 10:40:42,16497.05,0
2021-06-17 10:40:46,16495.65,0
2021-06-17 10:40:47,16497.2,0
2021-06-17 10:40:51,16495.05,0
2021-06-17 10:40:53,16493.0,0
2021-06-17 10:40:57,16492.5,0
2021-06-17 10:41:00,16492.6,0
2021-06-17 10:41:05,16491.9,0
2021-06-17 10:41:07,16491.3,0
2021-06-17 10:41:09,16491.2,0
2021-06-17 10:41:12,16491.4,0
2021-06-17 10:41:19,16492.55,0
2021-06-17 10:41:23,16494.45,0
2021-06-17 10:41:31,16495.6,0
2021-06-17 10:41:32,16495.9,0
2021-06-17 10:41:33,16495.6,0
2021-06-17 10:41:35,16496.05,0
2021-06-17 10:41:36,16495.2,0
2021-06-17 10:41:41,16495.65,0
2021-06-17 10:41:43,16496.4,0
2021-06-17 10:41:46,16494.9,0
2021-06-17 10:41:47,16495.05,0
2021-06-17 10:41:48,16495.05,0
2021-06-17 10:41:57,16495.65,0
2021-06-17 10:41:58,16495.35,0
2021-06-17 10:42:01,16495.6,0
2021-06-17 10:42:10,16497.0,0
2021-06-17 10:42:11,16496.95,0
2021-06-17 10:42:12,16497.15,0
2021-06-17 10:42:18,16500.65,0
2021-06-17 10:42:24,16500.2,0
2021-06-17 10:42:36,16503.2,0
2021-06-17 10:42:41,16502.65,0
2021-06-17 10:42:42,16502.55,0
2021-06-17 10:42:43,16501.75,0
2021-06-17 10:42:45,16500.6,0
2021-06-17 10:42:46,16500.75,0
2021-06-17 10:42:56,16497.35,0
2021-06-17 10:43:01,16498.3,0
2021-06-17 10:43:02,16498.45,0
2021-06-17 10:43:10,16497.65,0
2021-06-17 10:43:20,16491.75,0
2021-06-17 10:43:21,16491.45,0
2021-06-17 10:43:24,16491.2,0
2021-06-17 10:43:28,16490.9,0
2021-06-17 10:43:33,16490.75,0
2021-06-17 10:43:38,16488.65,0
2021-06-17 10:43:39,16489.55,0
2021-06-17 10:43:40,16488.9,0
2021-06-17 10:43:41,16489.25,0
2021-06-17 10:43:45,16487.6,0
2021-06-17 10:43:51,16487.05,0
2021-06-17 10:43:55,16487.15,0
2021-06-17 10:43:58,16486.65,0
2021-06-17 10:44:00,16485.8,0
2021-06-17 10:44:09,16487.65,0
2021-06-17 10:44:10,16486.35,0
2021-06-17 10:44:12,16488.75,0
2021-06-17 10:44:14,16488.15,0
2021-06-17 10:44:16,16488.4,0
2021-06-17 10:44:20,16488.1,0
2021-06-17 10:44:28,16488.2,0
2021-06-17 10:44:32,16486.5,0
2021-06-17 10:44:36,16487.15,0
2021-06-17 10:44:39,16486.8,0
2021-06-17 10:44:41,16485.0,0
2021-06-17 10:44:43,16483.95,0
2021-06-17 10:44:44,16482.6,0
2021-06-17 10:44:47,16482.7,0
2021-06-17 10:44:56,16484.15,0
2021-06-17 10:44:58,16486.75,0
2021-06-17 10:44:59,16486.5,0
2021-06-17 10:45:07,16485.6,0
2021-06-17 10:45:09,16486.3,0
2021-06-17 10:45:10,16486.35,0
2021-06-17 10:45:11,16486.1,0
2021-06-17 10:45:14,16486.2,0
2021-06-17 10:45:17,16484.65,0
2021-06-17 10:45:24,16483.4,0
2021-06-17 10:45:34,16482.8,0
2021-06-17 10:45:41,16482.55,0
2021-06-17 10:45:44,16481.95,0
2021-06-17 10:45:45,16481.9,0
2021-06-17 10:45:47,16482.35,0
2021-06-17 10:45:51,16479.6,0
2021-06-17 10:45:57,16481.6,0
2021-06-17 10:45:58,16481.5,0
2021-06-17 10:46:04,16482.55,0
2021-06-17 10:46:11,16484.8,0
2021-06-17 10:46:16,16486.0,0
2021-06-17 10:46:20,16485.35,0
2021-06-17 10:46:21,16485.5,0
2021-06-17 10:46:24,16484.6,0
2021-06-17 10:46:28,16485.95,0
2021-06-17 10:46:29,16487.8,0
2021-06-17 10:46:32,16486.25,0
2021-06-17 10:46:37,16486.05,0
2021-06-17 10:46:38,16485.75,0
2021-06-17 10:46:40,16486.1,0
2021-06-17 10:46:56,16485.4,0
2021-06-17 10:46:59,16485.45,0
2021-06-17 10:47:02,16484.55,0
2021-06-17 10:47:10,16483.45,0
2021-06-17 10:47:19,16483.75,0
2021-06-17 10:47:25,16483.6,0
2021-06-17 10:47:27,16484.25,0
2021-06-17 10:47:30,16483.4,0
2021-06-17 10:47:31,16483.65,0
2021-06-17 10:47:45,16481.3,0
2021-06-17 10:47:50,16481.65,0
2021-06-17 10:47:54,16481.0,0
2021-06-17 10:47:55,16480.25,0
2021-06-17 10:47:58,16480.7,0
2021-06-17 10:48:01,16481.35,0
2021-06-17 10:48:02,16480.9,0
2021-06-17 10:48:04,16481.15,0
2021-06-17 10:48:09,16480.65,0
2021-06-17 10:48:16,16480.05,0
2021-06-17 10:48:19,16478.4,0
2021-06-17 10:48:20,16478.8,0
2021-06-17 10:48:25,16476.6,0
2021-06-17 10:48:33,16475.65,0
2021-06-17 10:48:37,16475.2,0
2021-06-17 10:48:39,16474.75,0
2021-06-17 10:48:41,16477.5,0
2021-06-17 10:48:43,16477.65,0
2021-06-17 10:48:47,16475.9,0
2021-06-17 10:48:52,16475.4,0
2021-06-17 10:48:59,16472.7,0
2021-06-17 10:49:12,16470.65,0
2021-06-17 10:49:21,16469.4,0
2021-06-17 10:49:30,16468.8,0
2021-06-17 10:49:35,16467.75,0
2021-06-17 10:49:37,16469.15,0
2021-06-17 10:49:39,16468.55,0
2021-06-17 10:49:40,16468.9,0
2021-06-17 10:49:41,16468.65,0
2021-06-17 10:49:55,16468.25,0
2021-06-17 10:50:02,16468.75,0
2021-06-17 10:50:03,16467.95,0
2021-06-17 10:50:09,16465.95,0
2021-06-17 10:50:15,16464.5,0
2021-06-17 10:50:17,16464.2,0
2021-06-17 10:50:18,16464.55,0
2021-06-17 10:50:19,16464.85,0
2021-06-17 10:50:20,16463.8,0
2021-06-17 10:50:22,16463.05,0
2021-06-17 10:50:23,16462.2,0
2021-06-17 10:50:25,16461.8,0
2021-06-17 10:50:26,16461.1,0
2021-06-17 10:50:37,16462.6,0
2021-06-17 10:50:38,16461.8,0
2021-06-17 10:50:43,16459.45,0
2021-06-17 10:51:00,16454.4,0
2021-06-17 10:51:02,16454.5,0
2021-06-17 10:51:14,16456.15,0
2021-06-17 10:51:17,16455.9,0
2021-06-17 10:51:19,16457.9,0
2021-06-17 10:51:21,16457.8,0
2021-06-17 10:51:35,16460.25,0
2021-06-17 10:51:37,16461.05,0
2021-06-17 10:51:45,16460.25,0
2021-06-17 10:51:47,16459.1,0
2021-06-17 10:51:51,16457.85,0
2021-06-17 10:51:53,16457.0,0
2021-06-17 10:51:57,16457.75,0
2021-06-17 10:52:01,16457.5,0
2021-06-17 10:52:02,16457.3,0
2021-06-17 10:52:03,16456.75,0
2021-06-17 10:52:07,16457.35,0
2021-06-17 10:52:10,16458.8,0
2021-06-17 10:52:12,16458.3,0
2021-06-17 10:52:14,16457.75,0
2021-06-17 10:52:18,16458.25,0
2021-06-17 10:52:25,16458.35,0
2021-06-17 10:52:27,16458.05,0
2021-06-17 10:52:28,16458.0,0
2021-06-17 10:52:38,16456.75,0
2021-06-17 10:52:43,16455.4,0
2021-06-17 10:52:46,16454.65,0
2021-06-17 10:52:47,16454.8,0
2021-06-17 10:52:48,16454.55,0
2021-06-17 10:52:50,16454.0,0
2021-06-17 10:52:51,16456.1,0
2021-06-17 10:53:08,16459.1,0
2021-06-17 10:53:11,16458.95,0
2021-06-17 10:53:13,16460.75,0
2021-06-17 10:53:16,16461.9,0
2021-06-17 10:53:20,16462.85,0
2021-06-17 10:53:25,16463.85,0
2021-06-17 10:53:31,16464.25,0
2021-06-17 10:53:37,16462.3,0
2021-06-17 10:53:38,16462.8,0
2021-06-17 10:53:39,16463.3,0
2021-06-17 10:53:40,16462.25,0
2021-06-17 10:53:44,16463.05,0
2021-06-17 10:53:45,16463.3,0
2021-06-17 10:53:47,16464.55,0
2021-06-17 10:53:48,16464.4,0
2021-06-17 10:53:51,16463.95,0
2021-06-17 10:53:53,16464.65,0
2021-06-17 10:53:59,16464.55,0
2021-06-17 10:54:04,16464.8,0
2021-06-17 10:54:08,16464.4,0
2021-06-17 10:54:10,16463.95,0
2021-06-17 10:54:11,16462.55,0
2021-06-17 10:54:15,16462.2,0
2021-06-17 10:54:16,16462.0,0
2021-06-17 10:54:18,16461.4,0
2021-06-17 10:54:19,16460.7,0
2021-06-17 10:54:20,16461.4,0
2021-06-17 10:54:27,16458.2,0
2021-06-17 10:54:32,16458.2,0
2021-06-17 10:54:35,16458.0,0
2021-06-17 10:54:36,16458.3,0
2021-06-17 10:54:49,16460.45,0
2021-06-17 10:54:50,16460.7,0
2021-06-17 10:54:54,16460.55,0
2021-06-17 10:54:56,16461.3,0
2021-06-17 10:54:59,16464.05,0
2021-06-17 10:55:04,16461.25,0
2021-06-17 10:55:28,16458.05,0
2021-06-17 10:55:30,16458.4,0
2021-06-17 10:55:32,16458.75,0
2021-06-17 10:55:38,16457.45,0
2021-06-17 10:55:39,16458.55,0
2021-06-17 10:55:40,16458.65,0
2021-06-17 10:55:41,16457.85,0
2021-06-17 10:55:45,16458.15,0
2021-06-17 10:55:47,16458.95,0
2021-06-17 10:55:51,16458.8,0
2021-06-17 10:55:54,16459.5,0
2021-06-17 10:55:56,16459.1,0
2021-06-17 10:55:58,16458.9,0
2021-06-17 10:55:59,16459.15,0
2021-06-17 10:56:00,16458.95,0
2021-06-17 10:56:05,16456.65,0
2021-06-17 10:56:07,16456.45,0
2021-06-17 10:56:08,16456.45,0
2021-06-17 10:56:11,16455.55,0
2021-06-17 10:56:16,16453.3,0
2021-06-17 10:56:18,16453.2,0
2021-06-17 10:56:19,16453.7,0
2021-06-17 10:56:23,16454.45,0
2021-06-17 10:56:34,16453.8,0
2021-06-17 10:56:39,16454.95,0
2021-06-17 10:56:40,16455.7,0
2021-06-17 10:56:44,16457.5,0
2021-06-17 10:56:45,16459.9,0
2021-06-17 10:56:46,16459.85,0
2021-06-17 10:56:47,16460.15,0
2021-06-17 10:56:48,16459.65,0
2021-06-17 10:56:57,16459.9,0
2021-06-17 10:56:59,16459.05,0
2021-06-17 10:57:01,16459.85,0
2021-06-17 10:57:08,16460.15,0
2021-06-17 10:57:15,16460.0,0
2021-06-17 10:57:16,16460.6,0
2021-06-17 10:57:29,16462.65,0
2021-06-17 10:57:33,16462.6,0
2021-06-17 10:57:34,16461.45,0
2021-06-17 10:57:37,16463.2,0
2021-06-17 10:57:51,16462.1,0
2021-06-17 10:57:55,16462.45,0
2021-06-17 10:57:56,16462.25,0
2021-06-17 10:57:57,16463.2,0
2021-06-17 10:58:00,16462.9,0
2021-06-17 10:58:03,16463.35,0
2021-06-17 10:58:06,16462.55,0
2021-06-17 10:58:12,16462.85,0
2021-06-17 10:58:14,16463.35,0
2021-06-17 10:58:19,16464.05,0
2021-06-17 10:58:29,16463.0,0
2021-06-17 10:58:37,16460.85,0
2021-06-17 10:58:41,16459.4,0
2021-06-17 10:58:44,16456.95,0
2021-06-17 10:58:45,16456.7,0
2021-06-17 10:58:51,16453.45,0
2021-06-17 10:58:53,16453.4,0
2021-06-17 10:58:54,16453.6,0
2021-06-17 10:58:58,16453.85,0
2021-06-17 10:59:04,16454.25,0
2021-06-17 10:59:05,16455.9,0
2021-06-17 10:59:06,16455.75,0
2021-06-17 10:59:09,16454.25,0
2021-06-17 10:59:11,16453.25,0
2021-06-17 10:59:12,16453.5,0
2021-06-17 10:59:17,16453.75,0
2021-06-17 10:59:19,16454.05,0
2021-06-17 10:59:22,16455.35,0
2021-06-17 10:59:25,16454.55,0
2021-06-17 10:59:32,16453.55,0
2021-06-17 10:59:34,16453.4,0
2021-06-17 10:59:36,16453.7,0
2021-06-17 10:59:37,16455.0,0
2021-06-17 10:59:39,16453.9,0
2021-06-17 10:59:44,16454.85,0
2021-06-17 10:59:46,16454.65,0
2021-06-17 10:59:48,16454.6,0
2021-06-17 10:59:50,16454.6,0
2021-06-17 10:59:51,16454.95,0
2021-06-17 10:59:59,16453.25,0
2021-06-17 11:00:09,16449.3,0
2021-06-17 11:00:12,16450.35,0
2021-06-17 11:00:14,16449.15,0
2021-06-17 11:00:18,16449.8,0
2021-06-17 11:00:24,16447.5,0
2021-06-17 11:00:26,16446.25,0
2021-06-17 11:00:37,16447.5,0
2021-06-17 11:00:41,16447.7,0
2021-06-17 11:01:05,16451.5,0
2021-06-17 11:01:06,16452.0,0
2021-06-17 11:01:07,16451.4,0
2021-06-17 11:01:11,16452.9,0
2021-06-17 11:01:12,16451.65,0
2021-06-17 11:01:13,16452.0,0
2021-06-17 11:01:14,16452.0,0
2021-06-17 11:01:18,16452.2,0
2021-06-17 11:01:23,16452.95,0
2021-06-17 11:01:24,16452.75,0
2021-06-17 11:01:31,16451.15,0
2021-06-17 11:01:32,16450.65,0
2021-06-17 11:01:33,16450.1,0
2021-06-17 11:01:35,16450.3,0
2021-06-17 11:01:38,16450.65,0
2021-06-17 11:01:43,16451.15,0
2021-06-17 11:01:48,16451.25,0
2021-06-17 11:01:53,16451.65,0
2021-06-17 11:02:00,16452.35,0
2021-06-17 11:02:01,16452.85,0
2021-06-17 11:02:07,16452.3,0
2021-06-17 11:02:08,16452.95,0
2021-06-17 11:02:10,16453.9,0
2021-06-17 11:02:20,16454.8,0
2021-06-17 11:02:21,16455.2,0
2021-06-17 11:02:25,16455.6,0
2021-06-17 11:02:31,16456.0,0
2021-06-17 11:02:36,16455.7,0
2021-06-17 11:02:41,16454.45,0
2021-06-17 11:02:43,16454.7,0
2021-06-17 11:02:50,16455.5,0
2021-06-17 11:02:51,16455.3,0
2021-06-17 11:02:54,16455.75,0
2021-06-17 11:02:55,16454.95,0
2021-06-17 11:02:56,16454.9,0
2021-06-17 11:03:02,16454.4,0
2021-06-17 11:03:05,16456.35,0
2021-06-17 11:03:07,16454.95,0
2021-06-17 11:03:14,16454.4,0
2021-06-17 11:03:15,16454.85,0
2021-06-17 11:03:18,16456.15,0
2021-06-17 11:03:21,16455.95,0
2021-06-17 11:03:22,16454.8,0
2021-06-17 11:03:23,16454.95,0
2021-06-17 11:03:25,16455.0,0
2021-06-17 11:03:30,16455.8,0
2021-06-17 11:03:35,16456.75,0
2021-06-17 11:03:37,16457.3,0
2021-06-17 11:03:48,16455.95,0
2021-06-17 11:03:49,16456.35,0
2021-06-17 11:03:52,16454.9,0
2021-06-17 11:03:54,16455.3,0
2021-06-17 11:03:59,16455.5,0
2021-06-17 11:04:00,16455.6,0
2021-06-17 11:04:01,16455.3,0
2021-06-17 11:04:02,16455.0,0
2021-06-17 11:04:05,16455.8,0
2021-06-17 11:04:21,16454.8,0
2021-06-17 11:04:25,16453.75,0
2021-06-17 11:04:27,16454.6,0
2021-06-17 11:04:31,16454.05,0
2021-06-17 11:04:38,16454.25,0
2021-06-17 11:04:41,16452.55,0
2021-06-17 11:04:44,16452.25,0
2021-06-17 11:04:52,16452.75,0
2021-06-17 11:04:56,16454.0,0
2021-06-17 11:04:59,16454.65,0
2021-06-17 11:05:02,16453.35,0
2021-06-17 11:05:09,16454.95,0
2021-06-17 11:05:10,16455.2,0
2021-06-17 11:05:13,16454.8,0
2021-06-17 11:05:17,16458.1,0
2021-06-17 11:05:18,16457.55,0
2021-06-17 11:05:19,16457.2,0
2021-06-17 11:05:21,16457.65,0
2021-06-17 11:05:24,16458.2,0
2021-06-17 11:05:27,16459.05,0
2021-06-17 11:05:29,16460.5,0
2021-06-17 11:05:30,16461.15,0
2021-06-17 11:05:35,16461.4,0
2021-06-17 11:05:38,16460.65,0
2021-06-17 11:05:39,16460.5,0
2021-06-17 11:05:42,16460.9,0
2021-06-17 11:05:45,16462.0,0
2021-06-17 11:05:46,16461.05,0
2021-06-17 11:05:48,16461.85,0
2021-06-17 11:05:50,16462.5,0
2021-06-17 11:05:51,16461.95,0
2021-06-17 11:05:59,16456.8,0
2021-06-17 11:06:02,16454.85,0
2021-06-17 11:06:04,16455.25,0
2021-06-17 11:06:07,16456.6,0
2021-06-17 11:06:24,16456.8,0
2021-06-17 11:06:25,16456.7,0
2021-06-17 11:06:26,16457.75,0
2021-06-17 11:06:28,16456.8,0
2021-06-17 11:06:29,16457.75,0
2021-06-17 11:06:35,16457.15,0
2021-06-17 11:06:36,16456.9,0
2021-06-17 11:06:40,16456.4,0
2021-06-17 11:06:43,16456.35,0
2021-06-17 11:06:48,16456.6,0
2021-06-17 11:06:56,16456.6,0
2021-06-17 11:06:57,16455.9,0
2021-06-17 11:07:01,16455.85,0
2021-06-17 11:07:02,16457.1,0
2021-06-17 11:07:09,16457.45,0
2021-06-17 11:07:10,16457.0,0
2021-06-17 11:07:11,16456.3,0
2021-06-17 11:07:16,16456.1,0
2021-06-17 11:07:19,16456.7,0
2021-06-17 11:07:21,16456.75,0
2021-06-17 11:07:22,16455.9,0
2021-06-17 11:07:24,16456.95,0
2021-06-17 11:07:25,16456.4,0
2021-06-17 11:07:28,16456.15,0
2021-06-17 11:07:31,16456.0,0
2021-06-17 11:07:36,16457.9,0
2021-06-17 11:07:40,16457.85,0
2021-06-17 11:07:41,16457.75,0
2021-06-17 11:07:48,16457.95,0
2021-06-17 11:07:57,16458.0,0
2021-06-17 11:08:00,16458.55,0
2021-06-17 11:08:02,16458.3,0
2021-06-17 11:08:03,16458.75,0
2021-06-17 11:08:05,16459.4,0
2021-06-17 11:08:08,16458.4,0
2021-06-17 11:08:09,16459.15,0
2021-06-17 11:08:10,16459.45,0
2021-06-17 11:08:12,16460.15,0
2021-06-17 11:08:15,16459.1,0
2021-06-17 11:08:18,16460.25,0
2021-06-17 11:08:22,16460.0,0
2021-06-17 11:08:26,16460.35,0
2021-06-17 11:08:31,16460.45,0
2021-06-17 11:08:42,16457.7,0
2021-06-17 11:08:53,16458.1,0
2021-06-17 11:08:56,16457.75,0
2021-06-17 11:08:59,16457.15,0
2021-06-17 11:09:01,16456.9,0
2021-06-17 11:09:07,16457.55,0
2021-06-17 11:09:12,16456.3,0
2021-06-17 11:09:15,16455.2,0
2021-06-17 11:09:18,16455.35,0
2021-06-17 11:09:23,16454.4,0
2021-06-17 11:09:24,16455.2,0
2021-06-17 11:09:32,16453.15,0
2021-06-17 11:09:33,16453.0,0
2021-06-17 11:09:35,16453.3,0
2021-06-17 11:09:37,16452.3,0
2021-06-17 11:09:38,16452.65,0
2021-06-17 11:09:39,16453.3,0
2021-06-17 11:09:40,16453.5,0
2021-06-17 11:09:42,16452.7,0
2021-06-17 11:09:44,16452.05,0
2021-06-17 11:09:45,16451.8,0
2021-06-17 11:09:47,16451.45,0
2021-06-17 11:09:58,16453.6,0
2021-06-17 11:10:00,16454.6,0
2021-06-17 11:10:06,16454.35,0
2021-06-17 11:10:14,16454.35,0
2021-06-17 11:10:19,16454.75,0
2021-06-17 11:10:22,16454.6,0
2021-06-17 11:10:23,16454.7,0
2021-06-17 11:10:27,16456.15,0
2021-06-17 11:10:30,16455.65,0
2021-06-17 11:10:35,16456.15,0
2021-06-17 11:10:41,16456.1,0
2021-06-17 11:10:54,16455.9,0
2021-06-17 11:10:55,16456.3,0
2021-06-17 11:10:59,16455.2,0
2021-06-17 11:11:17,16455.65,0
2021-06-17 11:11:27,16456.65,0
2021-06-17 11:11:30,16455.95,0
2021-06-17 11:11:32,16455.1,0
2021-06-17 11:11:34,16456.5,0
2021-06-17 11:11:35,16456.05,0
2021-06-17 11:11:38,16455.8,0
2021-06-17 11:11:39,16455.85,0
2021-06-17 11:11:40,16456.05,0
2021-06-17 11:11:42,16455.65,0
2021-06-17 11:11:45,16455.65,0
2021-06-17 11:11:47,16455.75,0
2021-06-17 11:11:53,16456.35,0
2021-06-17 11:11:54,16456.2,0
2021-06-17 11:11:57,16456.5,0
2021-06-17 11:11:58,16456.05,0
2021-06-17 11:12:07,16455.15,0
2021-06-17 11:12:08,16456.05,0
2021-06-17 11:12:11,16456.1,0
2021-06-17 11:12:12,16456.3,0
2021-06-17 11:12:28,16454.8,0
2021-06-17 11:12:35,16455.95,0
2021-06-17 11:12:36,16455.7,0
2021-06-17 11:12:40,16456.1,0
2021-06-17 11:12:41,16456.35,0
2021-06-17 11:12:42,16456.55,0
2021-06-17 11:12:50,16455.9,0
2021-06-17 11:12:53,16456.2,0
2021-06-17 11:13:03,16454.15,0
2021-06-17 11:13:05,16454.15,0
2021-06-17 11:13:10,16454.65,0
2021-06-17 11:13:18,16455.35,0
2021-06-17 11:13:19,16456.95,0
2021-06-17 11:13:28,16457.15,0
2021-06-17 11:13:30,16457.15,0
2021-06-17 11:13:32,16456.05,0
2021-06-17 11:13:37,16456.95,0
2021-06-17 11:13:42,16455.2,0
2021-06-17 11:13:58,16454.9,0
2021-06-17 11:14:10,16455.15,0
2021-06-17 11:14:13,16455.05,0
2021-06-17 11:14:17,16455.85,0
2021-06-17 11:14:20,16455.55,0
2021-06-17 11:14:21,16457.15,0
2021-06-17 11:14:29,16457.2,0
2021-06-17 11:14:30,16458.15,0
2021-06-17 11:14:32,16457.4,0
2021-06-17 11:14:39,16458.2,0
2021-06-17 11:14:41,16457.05,0
2021-06-17 11:14:42,16458.25,0
2021-06-17 11:14:47,16457.55,0
2021-06-17 11:14:48,16458.35,0
2021-06-17 11:14:51,16458.6,0
2021-06-17 11:14:52,16458.85,0
2021-06-17 11:14:55,16458.15,0
2021-06-17 11:14:58,16458.55,0
2021-06-17 11:15:01,16458.05,0
2021-06-17 11:15:04,16457.9,0
2021-06-17 11:15:09,16458.15,0
2021-06-17 11:15:10,16458.45,0
2021-06-17 11:15:12,16457.4,0
2021-06-17 11:15:15,16454.2,0
2021-06-17 11:15:17,16454.3,0
2021-06-17 11:15:18,16454.45,0
2021-06-17 11:15:20,16453.4,0
2021-06-17 11:15:22,16451.75,0
2021-06-17 11:15:24,16451.75,0
2021-06-17 11:15:28,16451.45,0
2021-06-17 11:15:29,16452.1,0
2021-06-17 11:15:34,16452.3,0
2021-06-17 11:15:41,16454.15,0
2021-06-17 11:15:54,16454.5,0
2021-06-17 11:15:55,16454.45,0
2021-06-17 11:15:57,16455.2,0
2021-06-17 11:16:00,16455.45,0
2021-06-17 11:16:01,16456.0,0
2021-06-17 11:16:02,16455.4,0
2021-06-17 11:16:10,16455.75,0
2021-06-17 11:16:21,16455.9,0
2021-06-17 11:16:30,16457.2,0
2021-06-17 11:16:31,16456.85,0
2021-06-17 11:16:45,16457.85,0
2021-06-17 11:16:48,16457.95,0
2021-06-17 11:16:52,16457.3,0
2021-06-17 11:16:53,16457.6,0
2021-06-17 11:17:03,16456.6,0
2021-06-17 11:17:07,16455.45,0
2021-06-17 11:17:10,16455.15,0
2021-06-17 11:17:20,16455.85,0
2021-06-17 11:17:27,16457.4,0
2021-06-17 11:17:31,16456.45,0
2021-06-17 11:17:36,16456.25,0
2021-06-17 11:17:37,16456.15,0
2021-06-17 11:17:40,16455.75,0
2021-06-17 11:17:47,16455.2,0
2021-06-17 11:17:53,16455.8,0
2021-06-17 11:17:56,16454.25,0
2021-06-17 11:17:57,16454.8,0
2021-06-17 11:18:04,16454.05,0
2021-06-17 11:18:15,16451.75,0
2021-06-17 11:18:16,16451.35,0
2021-06-17 11:18:17,16451.0,0
2021-06-17 11:18:22,16451.7,0
2021-06-17 11:18:24,16451.55,0
2021-06-17 11:18:26,16451.2,0
2021-06-17 11:18:29,16451.2,0
2021-06-17 11:18:31,16450.5,0
2021-06-17 11:18:32,16450.25,0
2021-06-17 11:18:36,16448.95,0
2021-06-17 11:18:38,16450.2,0
2021-06-17 11:18:39,16450.0,0
2021-06-17 11:18:49,16450.05,0
2021-06-17 11:18:50,16450.15,0
2021-06-17 11:18:52,16450.3,0
2021-06-17 11:18:58,16451.0,0
2021-06-17 11:19:05,16450.85,0
2021-06-17 11:19:08,16449.8,0
2021-06-17 11:19:10,16448.1,0
2021-06-17 11:19:13,16447.3,0
2021-06-17 11:19:24,16447.7,0
2021-06-17 11:19:27,16448.9,0
2021-06-17 11:19:30,16448.45,0
2021-06-17 11:19:34,16447.6,0
2021-06-17 11:19:46,16448.3,0
2021-06-17 11:19:47,16448.5,0
2021-06-17 11:19:53,16448.2,0
2021-06-17 11:19:55,16448.1,0
2021-06-17 11:19:57,16449.25,0
2021-06-17 11:19:59,16448.5,0
2021-06-17 11:20:01,16448.8,0
2021-06-17 11:20:02,16447.8,0
2021-06-17 11:20:03,16448.7,0
2021-06-17 11:20:06,16448.15,0
2021-06-17 11:20:08,16448.45,0
2021-06-17 11:20:13,16448.1,0
2021-06-17 11:20:21,16447.15,0
2021-06-17 11:20:25,16447.75,0
2021-06-17 11:20:31,16447.7,0
2021-06-17 11:20:35,16448.5,0
2021-06-17 11:20:36,16447.8,0
2021-06-17 11:20:38,16449.5,0
2021-06-17 11:20:39,16448.2,0
2021-06-17 11:20:49,16449.75,0
2021-06-17 11:20:50,16450.2,0
2021-06-17 11:20:56,16450.1,0
2021-06-17 11:21:08,16449.55,0
2021-06-17 11:21:09,16448.85,0
2021-06-17 11:21:10,16448.95,0
2021-06-17 11:21:12,16448.25,0
2021-06-17 11:21:13,16448.1,0
2021-06-17 11:21:21,16441.9,0
2021-06-17 11:21:22,16441.95,0
2021-06-17 11:21:26,16441.35,0
2021-06-17 11:21:31,16440.55,0
2021-06-17 11:21:32,16442.05,0
2021-06-17 11:21:33,16441.2,0
2021-06-17 11:21:35,16440.75,0
2021-06-17 11:21:43,16440.05,0
2021-06-17 11:21:49,16441.8,0
2021-06-17 11:22:09,16441.1,0
2021-06-17 11:22:14,16441.35,0
2021-06-17 11:22:16,16439.95,0
2021-06-17 11:22:18,16440.4,0
2021-06-17 11:22:21,16441.1,0
2021-06-17 11:22:24,16441.2,0
2021-06-17 11:22:30,16435.3,0
2021-06-17 11:22:41,16440.0,0
2021-06-17 11:22:42,16441.25,0
2021-06-17 11:22:47,16440.6,0
2021-06-17 11:22:53,16441.65,0
2021-06-17 11:22:54,16441.7,0
2021-06-17 11:22:55,16441.45,0
2021-06-17 11:22:56,16442.1,0
2021-06-17 11:23:05,16440.05,0
2021-06-17 11:23:07,16439.8,0
2021-06-17 11:23:11,16440.85,0
2021-06-17 11:23:14,16439.25,0
2021-06-17 11:23:15,16439.55,0
2021-06-17 11:23:18,16439.05,0
2021-06-17 11:23:33,16440.0,0
2021-06-17 11:23:34,16439.2,0
2021-06-17 11:23:35,16439.45,0
2021-06-17 11:23:37,16439.45,0
2021-06-17 11:23:39,16438.7,0
2021-06-17 11:23:40,16438.2,0
2021-06-17 11:23:44,16438.5,0
2021-06-17 11:23:47,16437.9,0
2021-06-17 11:23:48,16438.45,0
2021-06-17 11:23:49,16437.75,0
2021-06-17 11:23:51,16439.0,0
2021-06-17 11:23:52,16438.85,0
2021-06-17 11:23:56,16439.05,0
2021-06-17 11:23:57,16438.75,0
2021-06-17 11:24:04,16438.55,0
2021-06-17 11:24:14,16441.65,0
2021-06-17 11:24:23,16442.0,0
2021-06-17 11:24:25,16442.6,0
2021-06-17 11:24:26,16442.6,0
2021-06-17 11:24:27,16442.7,0
2021-06-17 11:24:35,16446.05,0
2021-06-17 11:24:40,16444.45,0
2021-06-17 11:24:44,16443.6,0
2021-06-17 11:24:45,16443.85,0
2021-06-17 11:24:46,16442.8,0
2021-06-17 11:24:47,16442.9,0
2021-06-17 11:24:50,16443.35,0
2021-06-17 11:24:51,16443.55,0
2021-06-17 11:24:55,16444.55,0
2021-06-17 11:24:56,16444.85,0
2021-06-17 11:25:08,16444.7,0
2021-06-17 11:25:16,16446.05,0
2021-06-17 11:25:17,16445.9,0
2021-06-17 11:25:24,16447.0,0
2021-06-17 11:25:27,16447.05,0
2021-06-17 11:25:29,16447.45,0
2021-06-17 11:25:31,16446.55,0
2021-06-17 11:25:38,16447.65,0
2021-06-17 11:25:42,16448.35,0
2021-06-17 11:25:43,16447.45,0
2021-06-17 11:25:48,16447.55,0
2021-06-17 11:25:53,16448.95,0
2021-06-17 11:25:54,16448.9,0
2021-06-17 11:25:57,16448.75,0
2021-06-17 11:26:00,16449.45,0
2021-06-17 11:26:02,16448.75,0
2021-06-17 11:26:03,16449.0,0
2021-06-17 11:26:06,16448.65,0
2021-06-17 11:26:07,16449.1,0
2021-06-17 11:26:21,16449.8,0
2021-06-17 11:26:22,16449.45,0
2021-06-17 11:26:25,16449.3,0
2021-06-17 11:26:28,16449.65,0
2021-06-17 11:26:45,16448.4,0
2021-06-17 11:26:57,16450.4,0
2021-06-17 11:27:00,16449.0,0
2021-06-17 11:27:02,16448.9,0
2021-06-17 11:27:06,16448.65,0
2021-06-17 11:27:13,16448.6,0
2021-06-17 11:27:14,16448.6,0
2021-06-17 11:27:15,16448.1,0
2021-06-17 11:27:17,16448.7,0
2021-06-17 11:27:18,16448.45,0
2021-06-17 11:27:20,16448.95,0
2021-06-17 11:27:21,16448.9,0
2021-06-17 11:27:39,16449.0,0
2021-06-17 11:27:43,16450.25,0
2021-06-17 11:27:44,16450.85,0
2021-06-17 11:27:51,16450.3,0
2021-06-17 11:27:54,16449.95,0
2021-06-17 11:27:56,16449.5,0
2021-06-17 11:27:59,16449.9,0
2021-06-17 11:28:00,16450.2,0
2021-06-17 11:28:12,16446.4,0
2021-06-17 11:28:13,16446.5,0
2021-06-17 11:28:15,16446.1,0
2021-06-17 11:28:16,16446.35,0
2021-06-17 11:28:31,16446.3,0
2021-06-17 11:28:32,16445.05,0
2021-06-17 11:28:37,16445.95,0
2021-06-17 11:28:38,16443.65,0
2021-06-17 11:28:39,16443.7,0
2021-06-17 11:28:47,16444.85,0
2021-06-17 11:28:48,16444.45,0
2021-06-17 11:28:56,16442.85,0
2021-06-17 11:29:07,16444.35,0
2021-06-17 11:29:12,16441.85,0
2021-06-17 11:29:13,16443.65,0
2021-06-17 11:29:14,16443.25,0
2021-06-17 11:29:15,16443.5,0
2021-06-17 11:29:26,16443.35,0
2021-06-17 11:29:27,16443.45,0
2021-06-17 11:29:30,16443.45,0
2021-06-17 11:29:34,16445.7,0
2021-06-17 11:29:36,16444.35,0
2021-06-17 11:29:37,16445.05,0
2021-06-17 11:29:45,16445.4,0
2021-06-17 11:29:47,16445.05,0
2021-06-17 11:29:53,16448.25,0
2021-06-17 11:29:57,16447.1,0
2021-06-17 11:29:58,16449.4,0
2021-06-17 11:30:01,16449.65,0
2021-06-17 11:30:07,16449.2,0
2021-06-17 11:30:09,16450.35,0
2021-06-17 11:30:18,16451.4,0
2021-06-17 11:30:19,16450.75,0
2021-06-17 11:30:21,16450.2,0
2021-06-17 11:30:23,16450.35,0
2021-06-17 11:30:26,16449.75,0
2021-06-17 11:30:29,16449.85,0
2021-06-17 11:30:30,16450.05,0
2021-06-17 11:30:31,16450.05,0
2021-06-17 11:30:33,16450.25,0
2021-06-17 11:30:35,16449.6,0
2021-06-17 11:30:36,16449.7,0
2021-06-17 11:30:40,16449.85,0
2021-06-17 11:30:41,16449.5,0
2021-06-17 11:30:42,16449.65,0
2021-06-17 11:30:44,16448.7,0
2021-06-17 11:30:47,16447.25,0
2021-06-17 11:30:48,16447.1,0
2021-06-17 11:30:50,16447.15,0
2021-06-17 11:31:07,16447.45,0
2021-06-17 11:31:15,16447.5,0
2021-06-17 11:31:21,16446.1,0
2021-06-17 11:31:26,16445.55,0
2021-06-17 11:31:35,16444.35,0
2021-06-17 11:31:43,16444.6,0
2021-06-17 11:31:48,16445.4,0
2021-06-17 11:31:55,16443.45,0
2021-06-17 11:31:57,16443.25,0
2021-06-17 11:31:58,16443.05,0
2021-06-17 11:32:00,16441.65,0
2021-06-17 11:32:04,16441.65,0
2021-06-17 11:32:11,16441.0,0
2021-06-17 11:32:12,16441.65,0
2021-06-17 11:32:27,16445.05,0
2021-06-17 11:32:29,16444.65,0
2021-06-17 11:32:30,16444.4,0
2021-06-17 11:32:37,16444.75,0
2021-06-17 11:32:40,16444.25,0
2021-06-17 11:32:45,16443.8,0
2021-06-17 11:32:51,16444.65,0
2021-06-17 11:33:00,16444.1,0
2021-06-17 11:33:11,16442.8,0
2021-06-17 11:33:14,16442.15,0
2021-06-17 11:33:16,16442.25,0
2021-06-17 11:33:18,16443.0,0
2021-06-17 11:33:20,16443.15,0
2021-06-17 11:33:22,16441.75,0
2021-06-17 11:33:23,16442.25,0
2021-06-17 11:33:35,16439.25,0
2021-06-17 11:33:47,16439.25,0
2021-06-17 11:33:50,16438.15,0
2021-06-17 11:33:51,16439.35,0
2021-06-17 11:33:52,16438.6,0
2021-06-17 11:34:01,16438.5,0
2021-06-17 11:34:03,16436.35,0
2021-06-17 11:34:04,16436.65,0
2021-06-17 11:34:07,16437.65,0
2021-06-17 11:34:08,16437.7,0
2021-06-17 11:34:20,16438.7,0
2021-06-17 11:34:21,16438.45,0
2021-06-17 11:34:28,16438.1,0
2021-06-17 11:34:29,16437.8,0
2021-06-17 11:34:34,16438.45,0
2021-06-17 11:34:36,16439.0,0
2021-06-17 11:34:41,16437.5,0
2021-06-17 11:34:42,16437.7,0
2021-06-17 11:34:43,16437.25,0
2021-06-17 11:34:48,16438.2,0
2021-06-17 11:34:50,16437.85,0
2021-06-17 11:35:00,16438.3,0
2021-06-17 11:35:02,16438.5,0
2021-06-17 11:35:10,16436.9,0
2021-06-17 11:35:12,16435.5,0
2021-06-17 11:35:13,16435.25,0
2021-06-17 11:35:15,16433.95,0
2021-06-17 11:35:19,16434.0,0
2021-06-17 11:35:23,16436.5,0
2021-06-17 11:35:25,16435.45,0
2021-06-17 11:35:26,16436.4,0
2021-06-17 11:35:27,16435.85,0
2021-06-17 11:35:29,16435.15,0
2021-06-17 11:35:36,16434.85,0
2021-06-17 11:35:41,16437.15,0
2021-06-17 11:35:47,16436.95,0
2021-06-17 11:35:54,16440.6,0
2021-06-17 11:36:07,16443.5,0
2021-06-17 11:36:08,16443.35,0
2021-06-17 11:36:18,16443.65,0
2021-06-17 11:36:19,16443.05,0
2021-06-17 11:36:28,16443.55,0
2021-06-17 11:36:36,16442.3,0
2021-06-17 11:36:37,16442.05,0
2021-06-17 11:36:41,16441.85,0
2021-06-17 11:36:45,16441.75,0
2021-06-17 11:36:46,16441.55,0
2021-06-17 11:36:48,16442.2,0
2021-06-17 11:36:51,16442.25,0
2021-06-17 11:36:52,16442.3,0
2021-06-17 11:36:59,16442.65,0
2021-06-17 11:37:06,16442.05,0
2021-06-17 11:37:11,16442.35,0
2021-06-17 11:37:21,16442.65,0
2021-06-17 11:37:24,16444.2,0
2021-06-17 11:37:28,16442.8,0
2021-06-17 11:37:30,16443.7,0
2021-06-17 11:37:34,16443.6,0
2021-06-17 11:37:38,16442.05,0
2021-06-17 11:37:44,16441.6,0
2021-06-17 11:37:49,16442.25,0
2021-06-17 11:37:52,16441.7,0
2021-06-17 11:37:53,16442.0,0
2021-06-17 11:38:14,16437.1,0
2021-06-17 11:38:20,16434.85,0
2021-06-17 11:38:27,16434.3,0
2021-06-17 11:38:34,16435.3,0
2021-06-17 11:38:37,16436.2,0
2021-06-17 11:38:45,16436.4,0
2021-06-17 11:38:46,16436.2,0
2021-06-17 11:38:51,16435.85,0
2021-06-17 11:38:52,16436.5,0
2021-06-17 11:38:57,16436.3,0
2021-06-17 11:38:59,16437.05,0
2021-06-17 11:39:01,16436.85,0
2021-06-17 11:39:04,16436.4,0
2021-06-17 11:39:08,16436.7,0
2021-06-17 11:39:09,16436.15,0
2021-06-17 11:39:13,16436.35,0
2021-06-17 11:39:18,16436.0,0
2021-06-17 11:39:22,16435.45,0
2021-06-17 11:39:23,16435.6,0
2021-06-17 11:39:24,16435.75,0
2021-06-17 11:39:25,16434.9,0
2021-06-17 11:39:27,16435.7,0
2021-06-17 11:39:29,16434.3,0
2021-06-17 11:39:30,16434.35,0
2021-06-17 11:39:38,16435.2,0
2021-06-17 11:39:40,16435.3,0
2021-06-17 11:39:45,16435.05,0
2021-06-17 11:39:47,16435.25,0
2021-06-17 11:39:49,16437.0,0
2021-06-17 11:39:54,16436.75,0
2021-06-17 11:39:55,16437.15,0
2021-06-17 11:40:04,16437.85,0
2021-06-17 11:40:05,16437.55,0
2021-06-17 11:40:06,16437.7,0
2021-06-17 11:40:12,16437.25,0
2021-06-17 11:40:27,16436.1,0
2021-06-17 11:40:35,16439.3,0
2021-06-17 11:40:36,16438.9,0
2021-06-17 11:40:38,16440.05,0
2021-06-17 11:40:46,16441.9,0
2021-06-17 11:40:47,16442.75,0
2021-06-17 11:40:48,16442.6,0
2021-06-17 11:40:59,16441.65,0
2021-06-17 11:41:00,16441.8,0
2021-06-17 11:41:03,16441.7,0
2021-06-17 11:41:04,16442.25,0
2021-06-17 11:41:07,16441.4,0
2021-06-17 11:41:09,16440.7,0
2021-06-17 11:41:13,16440.35,0
2021-06-17 11:41:14,16440.9,0
2021-06-17 11:41:17,16442.5,0
2021-06-17 11:41:19,16442.15,0
2021-06-17 11:41:24,16442.6,0
2021-06-17 11:41:28,16442.05,0
2021-06-17 11:41:29,16442.05,0
2021-06-17 11:41:30,16442.6,0
2021-06-17 11:41:32,16441.75,0
2021-06-17 11:41:33,16441.6,0
2021-06-17 11:41:37,16442.2,0
2021-06-17 11:41:40,16441.75,0
2021-06-17 11:41:43,16441.7,0
2021-06-17 11:41:46,16441.65,0
2021-06-17 11:41:48,16441.85,0
2021-06-17 11:41:56,16442.2,0
2021-06-17 11:41:58,16442.0,0
2021-06-17 11:42:01,16441.4,0
2021-06-17 11:42:03,16442.3,0
2021-06-17 11:42:08,16442.5,0
2021-06-17 11:42:14,16441.65,0
2021-06-17 11:42:16,16441.8,0
2021-06-17 11:42:19,16441.25,0
2021-06-17 11:42:21,16442.0,0
2021-06-17 11:42:27,16442.4,0
2021-06-17 11:42:28,16442.85,0
2021-06-17 11:42:31,16441.9,0
2021-06-17 11:42:40,16442.35,0
2021-06-17 11:42:41,16442.05,0
2021-06-17 11:42:44,16442.8,0
2021-06-17 11:42:47,16442.25,0
2021-06-17 11:42:49,16441.95,0
2021-06-17 11:42:50,16441.9,0
2021-06-17 11:42:58,16442.85,0
2021-06-17 11:43:00,16443.1,0
2021-06-17 11:43:01,16443.05,0
2021-06-17 11:43:03,16443.6,0
2021-06-17 11:43:16,16446.4,0
2021-06-17 11:43:17,16446.2,0
2021-06-17 11:43:25,16446.55,0
2021-06-17 11:43:35,16447.1,0
2021-06-17 11:43:49,16447.3,0
2021-06-17 11:43:54,16447.85,0
2021-06-17 11:43:57,16448.85,0
2021-06-17 11:44:09,16447.7,0
2021-06-17 11:44:10,16448.1,0
2021-06-17 11:44:11,16448.1,0
2021-06-17 11:44:16,16448.1,0
2021-06-17 11:44:19,16448.25,0
2021-06-17 11:44:20,16448.55,0
2021-06-17 11:44:21,16447.45,0
2021-06-17 11:44:29,16447.5,0
2021-06-17 11:44:30,16447.0,0
2021-06-17 11:44:31,16446.7,0
2021-06-17 11:44:32,16446.25,0
2021-06-17 11:44:40,16447.35,0
2021-06-17 11:44:42,16447.85,0
2021-06-17 11:44:45,16447.75,0
2021-06-17 11:44:47,16447.85,0
2021-06-17 11:44:51,16448.2,0
2021-06-17 11:44:53,16448.7,0
2021-06-17 11:44:56,16448.4,0
2021-06-17 11:44:57,16448.4,0
2021-06-17 11:45:16,16448.0,0
2021-06-17 11:45:19,16448.4,0
2021-06-17 11:45:24,16450.9,0
2021-06-17 11:45:29,16451.25,0
2021-06-17 11:45:35,16450.9,0
2021-06-17 11:45:53,16449.75,0
2021-06-17 11:46:00,16449.45,0
2021-06-17 11:46:01,16450.5,0
2021-06-17 11:46:11,16449.0,0
2021-06-17 11:46:17,16448.1,0
2021-06-17 11:46:19,16448.45,0
2021-06-17 11:46:26,16446.45,0
2021-06-17 11:46:28,16447.2,0
2021-06-17 11:46:30,16448.05,0
2021-06-17 11:46:33,16446.95,0
2021-06-17 11:46:34,16448.0,0
2021-06-17 11:46:45,16445.9,0
2021-06-17 11:46:47,16445.65,0
2021-06-17 11:46:48,16445.4,0
2021-06-17 11:46:49,16445.1,0
2021-06-17 11:46:51,16445.65,0
2021-06-17 11:46:52,16444.75,0
2021-06-17 11:47:05,16444.15,0
2021-06-17 11:47:06,16443.75,0
2021-06-17 11:47:11,16444.3,0
2021-06-17 11:47:15,16443.85,0
2021-06-17 11:47:16,16444.35,0
2021-06-17 11:47:20,16444.8,0
2021-06-17 11:47:23,16444.35,0
2021-06-17 11:47:25,16444.0,0
2021-06-17 11:47:27,16445.1,0
2021-06-17 11:47:30,16444.75,0
2021-06-17 11:47:35,16445.6,0
2021-06-17 11:47:36,16445.45,0
2021-06-17 11:47:39,16444.95,0
2021-06-17 11:47:51,16444.55,0
2021-06-17 11:47:55,16443.9,0
2021-06-17 11:47:56,16444.0,0
2021-06-17 11:47:57,16444.2,0
2021-06-17 11:47:58,16444.15,0
2021-06-17 11:48:04,16442.75,0
2021-06-17 11:48:09,16442.65,0
2021-06-17 11:48:12,16442.45,0
2021-06-17 11:48:21,16441.1,0
2021-06-17 11:48:24,16438.7,0
2021-06-17 11:48:25,16437.45,0
2021-06-17 11:48:32,16439.45,0
2021-06-17 11:48:40,16441.75,0
2021-06-17 11:48:43,16441.95,0
2021-06-17 11:48:48,16442.5,0
2021-06-17 11:48:49,16442.4,0
2021-06-17 11:48:54,16442.45,0
2021-06-17 11:48:56,16442.9,0
2021-06-17 11:48:57,16442.55,0
2021-06-17 11:49:07,16443.15,0
2021-06-17 11:49:11,16443.65,0
2021-06-17 11:49:14,16443.2,0
2021-06-17 11:49:18,16443.05,0
2021-06-17 11:49:21,16442.55,0
2021-06-17 11:49:22,16443.3,0
2021-06-17 11:49:23,16442.45,0
2021-06-17 11:49:27,16442.95,0
2021-06-17 11:49:28,16442.6,0
2021-06-17 11:49:30,16442.85,0
2021-06-17 11:49:31,16442.75,0
2021-06-17 11:49:33,16443.15,0
2021-06-17 11:49:35,16443.25,0
2021-06-17 11:49:36,16442.55,0
2021-06-17 11:49:41,16442.85,0
2021-06-17 11:49:42,16443.55,0
2021-06-17 11:49:43,16443.65,0
2021-06-17 11:49:45,16444.65,0
2021-06-17 11:49:48,16444.4,0
2021-06-17 11:49:50,16444.55,0
2021-06-17 11:49:57,16447.25,0
2021-06-17 11:49:58,16448.4,0
2021-06-17 11:50:02,16448.65,0
2021-06-17 11:50:09,16447.75,0
2021-06-17 11:50:11,16447.3,0
2021-06-17 11:50:12,16446.6,0
2021-06-17 11:50:14,16445.65,0
2021-06-17 11:50:20,16444.8,0
2021-06-17 11:50:24,16445.9,0
2021-06-17 11:50:25,16445.85,0
2021-06-17 11:50:26,16445.8,0
2021-06-17 11:50:27,16445.65,0
2021-06-17 11:50:30,16445.65,0
2021-06-17 11:50:31,16447.55,0
2021-06-17 11:50:37,16447.7,0
2021-06-17 11:50:39,16447.9,0
2021-06-17 11:50:45,16447.6,0
2021-06-17 11:50:46,16445.45,0
2021-06-17 11:50:48,16446.0,0
2021-06-17 11:50:51,16447.15,0
2021-06-17 11:50:54,16447.6,0
2021-06-17 11:51:04,16448.05,0
2021-06-17 11:51:07,16447.95,0
2021-06-17 11:51:16,16447.5,0
2021-06-17 11:51:18,16447.75,0
2021-06-17 11:51:19,16448.9,0
2021-06-17 11:51:21,16448.25,0
2021-06-17 11:51:27,16448.9,0
2021-06-17 11:51:28,16448.85,0
2021-06-17 11:51:29,16448.45,0
2021-06-17 11:51:31,16448.2,0
2021-06-17 11:51:35,16447.95,0
2021-06-17 11:51:37,16448.0,0
2021-06-17 11:51:39,16448.6,0
2021-06-17 11:51:41,16448.55,0
2021-06-17 11:51:45,16449.0,0
2021-06-17 11:51:47,16449.3,0
2021-06-17 11:51:48,16449.15,0
2021-06-17 11:51:54,16449.0,0
2021-06-17 11:52:13,16447.2,0
2021-06-17 11:52:16,16446.95,0
2021-06-17 11:52:17,16447.0,0
2021-06-17 11:52:19,16447.45,0
2021-06-17 11:52:21,16447.05,0
2021-06-17 11:52:22,16447.35,0
2021-06-17 11:52:23,16447.15,0
2021-06-17 11:52:25,16446.55,0
2021-06-17 11:52:27,16446.75,0
2021-06-17 11:52:28,16446.05,0
2021-06-17 11:52:32,16446.35,0
2021-06-17 11:52:36,16444.95,0
2021-06-17 11:52:39,16445.4,0
2021-06-17 11:52:44,16446.1,0
2021-06-17 11:52:48,16446.2,0
2021-06-17 11:52:50,16446.75,0
2021-06-17 11:52:52,16447.45,0
2021-06-17 11:52:55,16446.55,0
2021-06-17 11:52:57,16446.55,0
2021-06-17 11:53:08,16446.4,0
2021-06-17 11:53:09,16446.1,0
2021-06-17 11:53:25,16446.6,0
2021-06-17 11:53:27,16445.8,0
2021-06-17 11:53:29,16445.1,0
2021-06-17 11:53:30,16445.55,0
2021-06-17 11:53:31,16445.3,0
2021-06-17 11:53:32,16445.25,0
2021-06-17 11:53:39,16445.3,0
2021-06-17 11:53:43,16445.7,0
2021-06-17 11:53:44,16445.6,0
2021-06-17 11:53:45,16445.9,0
2021-06-17 11:53:51,16447.25,0
2021-06-17 11:53:56,16446.5,0
2021-06-17 11:53:58,16446.9,0
2021-06-17 11:54:07,16446.4,0
2021-06-17 11:54:09,16446.2,0
2021-06-17 11:54:14,16446.35,0
2021-06-17 11:54:17,16445.4,0
2021-06-17 11:54:18,16446.85,0
2021-06-17 11:54:22,16447.5,0
2021-06-17 11:54:25,16446.1,0
2021-06-17 11:54:26,16447.0,0
2021-06-17 11:54:27,16446.75,0
2021-06-17 11:54:28,16447.0,0
2021-06-17 11:54:29,16446.8,0
2021-06-17 11:54:31,16445.8,0
2021-06-17 11:54:42,16447.15,0
2021-06-17 11:54:47,16446.65,0
2021-06-17 11:54:52,16445.45,0
2021-06-17 11:54:55,16446.8,0
2021-06-17 11:54:57,16446.45,0
2021-06-17 11:54:59,16446.95,0
2021-06-17 11:55:01,16446.85,0
2021-06-17 11:55:04,16446.05,0
2021-06-17 11:55:06,16447.9,0
2021-06-17 11:55:14,16449.5,0
2021-06-17 11:55:22,16452.65,0
2021-06-17 11:55:24,16451.85,0
2021-06-17 11:55:25,16450.9,0
2021-06-17 11:55:36,16447.55,0
2021-06-17 11:55:37,16447.15,0
2021-06-17 11:55:38,16446.95,0
2021-06-17 11:55:40,16445.85,0
2021-06-17 11:55:49,16445.65,0
2021-06-17 11:55:53,16446.05,0
2021-06-17 11:55:56,16445.9,0
2021-06-17 11:56:00,16445.0,0
2021-06-17 11:56:06,16444.55,0
2021-06-17 11:56:08,16444.85,0
2021-06-17 11:56:09,16444.7,0
2021-06-17 11:56:12,16444.95,0
2021-06-17 11:56:14,16445.65,0
2021-06-17 11:56:21,16446.05,0
2021-06-17 11:56:26,16446.5,0
2021-06-17 11:56:27,16445.9,0
2021-06-17 11:56:30,16446.1,0
2021-06-17 11:56:32,16446.3,0
2021-06-17 11:56:33,16445.95,0
2021-06-17 11:56:36,16446.2,0
2021-06-17 11:56:42,16446.1,0
2021-06-17 11:56:43,16446.35,0
2021-06-17 11:56:46,16445.85,0
2021-06-17 11:56:49,16446.2,0
2021-06-17 11:56:51,16447.6,0
2021-06-17 11:56:52,16446.65,0
2021-06-17 11:56:53,16447.4,0
2021-06-17 11:56:54,16446.15,0
2021-06-17 11:56:55,16446.45,0
2021-06-17 11:57:05,16446.25,0
2021-06-17 11:57:07,16446.8,0
2021-06-17 11:57:08,16446.8,0
2021-06-17 11:57:11,16446.65,0
2021-06-17 11:57:18,16447.8,0
2021-06-17 11:57:20,16448.05,0
2021-06-17 11:57:22,16448.5,0
2021-06-17 11:57:25,16447.1,0
2021-06-17 11:57:26,16447.85,0
2021-06-17 11:57:31,16448.3,0
2021-06-17 11:57:32,16448.1,0
2021-06-17 11:57:36,16447.95,0
2021-06-17 11:57:38,16447.65,0
2021-06-17 11:57:49,16447.65,0
2021-06-17 11:57:53,16447.75,0
2021-06-17 11:57:57,16447.25,0
2021-06-17 11:57:58,16447.5,0
2021-06-17 11:58:07,16445.1,0
2021-06-17 11:58:10,16445.9,0
2021-06-17 11:58:11,16445.7,0
2021-06-17 11:58:12,16446.45,0
2021-06-17 11:58:19,16446.1,0
2021-06-17 11:58:21,16447.15,0
2021-06-17 11:58:31,16445.4,0
2021-06-17 11:58:36,16444.95,0
2021-06-17 11:58:49,16443.95,0
2021-06-17 11:59:01,16443.6,0
2021-06-17 11:59:03,16442.9,0
2021-06-17 11:59:06,16442.9,0
2021-06-17 11:59:31,16434.5,0
2021-06-17 11:59:33,16434.3,0
2021-06-17 11:59:38,16436.0,0
2021-06-17 11:59:42,16438.6,0
2021-06-17 11:59:43,16438.75,0
2021-06-17 11:59:52,16439.95,0
2021-06-17 11:59:54,16440.85,0
2021-06-17 12:00:04,16440.45,0
2021-06-17 12:00:07,16439.15,0
2021-06-17 12:00:09,16437.2,0
2021-06-17 12:00:11,16437.15,0
2021-06-17 12:00:19,16436.8,0
2021-06-17 12:00:22,16434.45,0
2021-06-17 12:00:28,16435.0,0
2021-06-17 12:00:34,16435.85,0
2021-06-17 12:00:39,16437.1,0
2021-06-17 12:00:42,16436.35,0
2021-06-17 12:00:49,16436.85,0
2021-06-17 12:00:54,16435.4,0
2021-06-17 12:00:58,16433.3,0
2021-06-17 12:01:03,16433.4,0
2021-06-17 12:01:06,16432.95,0
2021-06-17 12:01:08,16432.95,0
2021-06-17 12:01:12,16432.15,0
2021-06-17 12:01:15,16432.05,0
2021-06-17 12:01:21,16432.3,0
2021-06-17 12:01:23,16433.85,0
2021-06-17 12:01:28,16433.95,0
2021-06-17 12:01:36,16435.1,0
2021-06-17 12:01:42,16433.7,0
2021-06-17 12:01:46,16434.95,0
2021-06-17 12:01:47,16434.4,0
2021-06-17 12:01:48,16434.15,0
2021-06-17 12:01:58,16434.45,0
2021-06-17 12:02:05,16434.1,0
2021-06-17 12:02:21,16433.8,0
2021-06-17 12:02:27,16433.9,0
2021-06-17 12:02:34,16433.3,0
2021-06-17 12:02:39,16432.4,0
2021-06-17 12:02:42,16432.05,0
2021-06-17 12:02:43,16431.5,0
2021-06-17 12:02:58,16428.55,0
2021-06-17 12:03:06,16430.4,0
2021-06-17 12:03:07,16430.55,0
2021-06-17 12:03:20,16428.5,0
2021-06-17 12:03:23,16428.4,0
2021-06-17 12:03:27,16427.55,0
2021-06-17 12:03:28,16427.8,0
2021-06-17 12:03:29,16427.75,0
2021-06-17 12:03:30,16427.35,0
2021-06-17 12:03:31,16427.55,0
2021-06-17 12:03:34,16427.3,0
2021-06-17 12:03:40,16428.6,0
2021-06-17 12:03:42,16429.55,0
2021-06-17 12:03:58,16431.75,0
2021-06-17 12:04:00,16432.6,0
2021-06-17 12:04:08,16433.7,0
2021-06-17 12:04:09,16433.55,0
2021-06-17 12:04:14,16434.25,0
2021-06-17 12:04:19,16434.75,0
2021-06-17 12:04:26,16438.8,0
2021-06-17 12:04:29,16437.9,0
2021-06-17 12:04:33,16439.85,0
2021-06-17 12:04:34,16439.4,0
2021-06-17 12:04:40,16439.6,0
2021-06-17 12:04:46,16440.6,0
2021-06-17 12:04:50,16440.05,0
2021-06-17 12:05:00,16443.25,0
2021-06-17 12:05:07,16439.25,0
2021-06-17 12:05:08,16439.2,0
2021-06-17 12:05:12,16438.1,0
2021-06-17 12:05:15,16438.25,0
2021-06-17 12:05:16,16438.1,0
2021-06-17 12:05:20,16439.1,0
2021-06-17 12:05:22,16440.15,0
2021-06-17 12:05:25,16439.25,0
2021-06-17 12:05:29,16441.5,0
2021-06-17 12:05:31,16443.6,0
2021-06-17 12:05:32,16445.25,0
2021-06-17 12:05:35,16445.15,0
2021-06-17 12:05:43,16443.4,0
2021-06-17 12:05:46,16443.75,0
2021-06-17 12:05:52,16442.9,0
2021-06-17 12:05:59,16443.9,0
2021-06-17 12:06:01,16442.95,0
2021-06-17 12:06:08,16443.85,0
2021-06-17 12:06:09,16443.4,0
2021-06-17 12:06:11,16443.1,0
2021-06-17 12:06:13,16444.4,0
2021-06-17 12:06:18,16444.1,0
2021-06-17 12:06:22,16442.75,0
2021-06-17 12:06:26,16442.9,0
2021-06-17 12:06:27,16442.4,0
2021-06-17 12:06:28,16443.15,0
2021-06-17 12:06:38,16442.9,0
2021-06-17 12:06:46,16442.55,0
2021-06-17 12:06:48,16442.5,0
2021-06-17 12:06:49,16442.95,0
2021-06-17 12:06:51,16442.55,0
2021-06-17 12:06:52,16442.7,0
2021-06-17 12:06:53,16442.3,0
2021-06-17 12:07:05,16441.55,0
2021-06-17 12:07:08,16441.3,0
2021-06-17 12:07:13,16441.2,0
2021-06-17 12:07:14,16439.9,0
2021-06-17 12:07:28,16441.35,0
2021-06-17 12:07:33,16441.0,0
2021-06-17 12:07:34,16440.95,0
2021-06-17 12:07:37,16440.9,0
2021-06-17 12:07:39,16441.9,0
2021-06-17 12:07:40,16441.7,0
2021-06-17 12:07:44,16442.1,0
2021-06-17 12:07:45,16442.1,0
2021-06-17 12:07:54,16442.45,0
2021-06-17 12:08:00,16439.6,0
2021-06-17 12:08:01,16439.45,0
2021-06-17 12:08:02,16439.95,0
2021-06-17 12:08:05,16439.55,0
2021-06-17 12:08:06,16439.85,0
2021-06-17 12:08:08,16440.2,0
2021-06-17 12:08:09,16439.35,0
2021-06-17 12:08:11,16440.15,0
2021-06-17 12:08:14,16440.0,0
2021-06-17 12:08:15,16439.75,0
2021-06-17 12:08:16,16440.05,0
2021-06-17 12:08:20,16439.1,0
2021-06-17 12:08:25,16438.8,0
2021-06-17 12:08:27,16439.6,0
2021-06-17 12:08:29,16440.3,0
2021-06-17 12:08:31,16440.4,0
2021-06-17 12:08:32,16440.55,0
2021-06-17 12:08:33,16440.65,0
2021-06-17 12:08:35,16440.95,0
2021-06-17 12:08:36,16440.4,0
2021-06-17 12:08:40,16440.6,0
2021-06-17 12:08:41,16442.1,0
2021-06-17 12:08:50,16441.2,0
2021-06-17 12:08:53,16442.2,0
2021-06-17 12:08:56,16441.85,0
2021-06-17 12:08:57,16442.1,0
2021-06-17 12:09:02,16441.2,0
2021-06-17 12:09:34,16444.15,0
2021-06-17 12:09:43,16444.0,0
2021-06-17 12:09:52,16443.9,0
2021-06-17 12:09:53,16444.5,0
2021-06-17 12:09:54,16443.75,0
2021-06-17 12:09:56,16443.75,0
2021-06-17 12:09:57,16444.5,0
2021-06-17 12:10:02,16441.1,0
2021-06-17 12:10:05,16441.15,0
2021-06-17 12:10:06,16440.85,0
2021-06-17 12:10:09,16441.8,0
2021-06-17 12:10:11,16440.9,0
2021-06-17 12:10:12,16441.0,0
2021-06-17 12:10:14,16441.3,0
2021-06-17 12:10:16,16440.75,0
2021-06-17 12:10:36,16439.75,0
2021-06-17 12:10:37,16439.7,0
2021-06-17 12:10:43,16439.55,0
2021-06-17 12:10:45,16439.65,0
2021-06-17 12:10:47,16438.5,0
2021-06-17 12:10:57,16438.8,0
2021-06-17 12:11:01,16438.15,0
2021-06-17 12:11:05,16438.85,0
2021-06-17 12:11:07,16438.45,0
2021-06-17 12:11:11,16438.2,0
2021-06-17 12:11:13,16438.8,0
2021-06-17 12:11:18,16437.45,0
2021-06-17 12:11:20,16437.2,0
2021-06-17 12:11:25,16436.85,0
2021-06-17 12:11:26,16436.85,0
2021-06-17 12:11:31,16437.35,0
2021-06-17 12:11:33,16437.45,0
2021-06-17 12:11:51,16436.35,0
2021-06-17 12:11:52,16436.05,0
2021-06-17 12:11:57,16436.45,0
2021-06-17 12:12:05,16438.15,0
2021-06-17 12:12:07,16436.45,0
2021-06-17 12:12:11,16438.2,0
2021-06-17 12:12:12,16437.05,0
2021-06-17 12:12:18,16438.3,0
2021-06-17 12:12:20,16438.05,0
2021-06-17 12:12:21,16438.6,0
2021-06-17 12:12:22,16439.35,0
2021-06-17 12:12:30,16441.35,0
2021-06-17 12:12:41,16442.05,0
2021-06-17 12:12:56,16443.55,0
2021-06-17 12:13:06,16443.85,0
2021-06-17 12:13:07,16444.0,0
2021-06-17 12:13:10,16444.2,0
2021-06-17 12:13:11,16444.35,0
2021-06-17 12:13:18,16444.1,0
2021-06-17 12:13:26,16441.2,0
2021-06-17 12:13:39,16441.8,0
2021-06-17 12:13:41,16441.45,0
2021-06-17 12:13:44,16441.45,0
2021-06-17 12:13:47,16439.85,0
2021-06-17 12:13:53,16440.45,0
2021-06-17 12:13:54,16440.35,0
2021-06-17 12:13:59,16441.4,0
2021-06-17 12:14:01,16441.4,0
2021-06-17 12:14:06,16441.65,0
2021-06-17 12:14:08,16441.05,0
2021-06-17 12:14:11,16441.75,0
2021-06-17 12:14:13,16441.6,0
2021-06-17 12:14:15,16442.1,0
2021-06-17 12:14:18,16441.35,0
2021-06-17 12:14:26,16443.75,0
2021-06-17 12:14:27,16443.15,0
2021-06-17 12:14:33,16442.9,0
2021-06-17 12:14:36,16442.05,0
2021-06-17 12:14:38,16441.5,0
2021-06-17 12:14:39,16441.6,0
2021-06-17 12:14:40,16441.55,0
2021-06-17 12:14:41,16441.7,0
2021-06-17 12:14:42,16441.55,0
2021-06-17 12:14:51,16441.15,0
2021-06-17 12:14:53,16440.35,0
2021-06-17 12:14:54,16440.55,0
2021-06-17 12:14:58,16440.6,0
2021-06-17 12:15:14,16439.8,0
2021-06-17 12:15:19,16439.65,0
2021-06-17 12:15:27,16439.4,0
2021-06-17 12:15:31,16439.05,0
2021-06-17 12:15:37,16439.5,0
2021-06-17 12:15:41,16438.6,0
2021-06-17 12:15:42,16439.35,0
2021-06-17 12:15:48,16437.15,0
2021-06-17 12:15:54,16435.5,0
2021-06-17 12:15:58,16434.85,0
2021-06-17 12:16:02,16434.95,0
2021-06-17 12:16:03,16433.55,0
2021-06-17 12:16:04,16434.45,0
2021-06-17 12:16:12,16433.0,0
2021-06-17 12:16:13,16431.65,0
2021-06-17 12:16:15,16431.5,0
2021-06-17 12:16:18,16432.0,0
2021-06-17 12:16:20,16432.45,0
2021-06-17 12:16:22,16432.2,0
2021-06-17 12:16:23,16432.5,0
2021-06-17 12:16:24,16432.15,0
2021-06-17 12:16:28,16431.55,0
2021-06-17 12:16:32,16432.4,0
2021-06-17 12:16:41,16431.2,0
2021-06-17 12:16:45,16430.9,0
2021-06-17 12:16:48,16430.95,0
2021-06-17 12:16:53,16431.15,0
2021-06-17 12:16:57,16431.9,0
2021-06-17 12:16:58,16431.4,0
2021-06-17 12:17:04,16430.9,0
2021-06-17 12:17:09,16430.9,0
2021-06-17 12:17:21,16429.1,0
2021-06-17 12:17:24,16429.3,0
2021-06-17 12:17:29,16428.7,0
2021-06-17 12:17:37,16422.05,0
2021-06-17 12:17:43,16422.65,0
2021-06-17 12:17:45,16422.95,0
2021-06-17 12:17:48,16423.85,0
2021-06-17 12:17:56,16423.6,0
2021-06-17 12:18:04,16423.45,0
2021-06-17 12:18:05,16423.7,0
2021-06-17 12:18:19,16421.4,0
2021-06-17 12:18:24,16419.15,0
2021-06-17 12:18:32,16421.2,0
2021-06-17 12:18:44,16430.0,0
2021-06-17 12:18:46,16431.0,0
2021-06-17 12:18:55,16431.1,0
2021-06-17 12:18:58,16431.95,0
2021-06-17 12:18:59,16432.6,0
2021-06-17 12:19:08,16431.95,0
2021-06-17 12:19:09,16431.85,0
2021-06-17 12:19:18,16427.05,0
2021-06-17 12:19:19,16427.75,0
2021-06-17 12:19:20,16427.35,0
2021-06-17 12:19:21,16426.85,0
2021-06-17 12:19:30,16426.95,0
2021-06-17 12:19:33,16426.65,0
2021-06-17 12:19:34,16427.25,0
2021-06-17 12:19:36,16425.9,0
2021-06-17 12:19:37,16427.6,0
2021-06-17 12:19:39,16427.35,0
2021-06-17 12:19:43,16428.35,0
2021-06-17 12:19:46,16428.4,0
2021-06-17 12:19:49,16428.35,0
2021-06-17 12:19:51,16428.9,0
2021-06-17 12:19:52,16428.35,0
2021-06-17 12:19:53,16428.3,0
2021-06-17 12:19:54,16428.45,0
2021-06-17 12:20:06,16426.15,0
2021-06-17 12:20:08,16425.1,0
2021-06-17 12:20:11,16427.95,0
2021-06-17 12:20:33,16432.65,0
2021-06-17 12:20:34,16432.7,0
2021-06-17 12:20:35,16431.3,0
2021-06-17 12:20:38,16431.35,0
2021-06-17 12:20:43,16432.95,0
2021-06-17 12:20:45,16436.35,0
2021-06-17 12:20:52,16434.5,0
2021-06-17 12:21:01,16435.05,0
2021-06-17 12:21:04,16434.8,0
2021-06-17 12:21:10,16435.7,0
2021-06-17 12:21:23,16433.8,0
2021-06-17 12:21:24,16433.5,0
2021-06-17 12:21:28,16434.3,0
2021-06-17 12:21:29,16433.95,0
2021-06-17 12:21:35,16434.15,0
2021-06-17 12:21:39,16434.8,0
2021-06-17 12:21:40,16434.4,0
2021-06-17 12:21:44,16434.8,0
2021-06-17 12:21:45,16435.5,0
2021-06-17 12:21:46,16435.35,0
2021-06-17 12:21:48,16435.55,0
2021-06-17 12:21:49,16435.3,0
2021-06-17 12:21:54,16436.1,0
2021-06-17 12:21:57,16436.7,0
2021-06-17 12:22:04,16437.0,0
2021-06-17 12:22:06,16438.05,0
2021-06-17 12:22:07,16438.45,0
2021-06-17 12:22:09,16438.05,0
2021-06-17 12:22:12,16437.95,0
2021-06-17 12:22:14,16436.7,0
2021-06-17 12:22:16,16437.95,0
2021-06-17 12:22:20,16437.7,0
2021-06-17 12:22:27,16437.25,0
2021-06-17 12:22:32,16436.9,0
2021-06-17 12:22:34,16436.65,0
2021-06-17 12:22:35,16436.3,0
2021-06-17 12:22:38,16436.4,0
2021-06-17 12:22:40,16436.8,0
2021-06-17 12:22:43,16437.1,0
2021-06-17 12:22:56,16435.9,0
2021-06-17 12:22:59,16436.5,0
2021-06-17 12:23:00,16436.3,0
2021-06-17 12:23:04,16437.0,0
2021-06-17 12:23:10,16436.55,0
2021-06-17 12:23:12,16436.6,0
2021-06-17 12:23:13,16436.55,0
2021-06-17 12:23:14,16436.6,0
2021-06-17 12:23:19,16437.55,0
2021-06-17 12:23:23,16437.05,0
2021-06-17 12:23:32,16438.2,0
2021-06-17 12:23:34,16438.3,0
2021-06-17 12:23:38,16439.75,0
2021-06-17 12:23:40,16440.1,0
2021-06-17 12:23:44,16440.15,0
2021-06-17 12:23:55,16439.85,0
2021-06-17 12:23:56,16440.1,0
2021-06-17 12:23:58,16440.15,0
2021-06-17 12:24:00,16441.05,0
2021-06-17 12:24:05,16439.8,0
2021-06-17 12:24:06,16440.0,0
2021-06-17 12:24:11,16439.7,0
2021-06-17 12:24:15,16439.95,0
2021-06-17 12:24:28,16439.4,0
2021-06-17 12:24:30,16440.3,0
2021-06-17 12:24:31,16440.45,0
2021-06-17 12:24:36,16439.8,0
2021-06-17 12:24:45,16438.25,0
2021-06-17 12:24:54,16437.9,0
2021-06-17 12:24:58,16436.75,0
2021-06-17 12:25:01,16437.3,0
2021-06-17 12:25:06,16437.2,0
2021-06-17 12:25:10,16439.15,0
2021-06-17 12:25:15,16440.2,0
2021-06-17 12:25:18,16438.85,0
2021-06-17 12:25:20,16439.75,0
2021-06-17 12:25:29,16439.2,0
2021-06-17 12:25:33,16439.35,0
2021-06-17 12:25:38,16439.3,0
2021-06-17 12:25:41,16439.35,0
2021-06-17 12:25:42,16439.4,0
2021-06-17 12:25:48,16437.8,0
2021-06-17 12:25:57,16437.1,0
2021-06-17 12:25:59,16436.55,0
2021-06-17 12:26:00,16436.5,0
2021-06-17 12:26:05,16436.35,0
2021-06-17 12:26:08,16437.35,0
2021-06-17 12:26:09,16437.3,0
2021-06-17 12:26:14,16436.65,0
2021-06-17 12:26:17,16438.2,0
2021-06-17 12:26:18,16438.05,0
2021-06-17 12:26:23,16437.95,0
2021-06-17 12:26:24,16437.85,0
2021-06-17 12:26:32,16437.9,0
2021-06-17 12:26:34,16437.8,0
2021-06-17 12:26:36,16438.05,0
2021-06-17 12:26:37,16438.15,0
2021-06-17 12:26:42,16438.65,0
2021-06-17 12:26:44,16438.6,0
2021-06-17 12:26:48,16438.4,0
2021-06-17 12:26:50,16437.4,0
2021-06-17 12:26:51,16436.75,0
2021-06-17 12:26:54,16436.55,0
2021-06-17 12:27:01,16436.3,0
2021-06-17 12:27:04,16437.45,0
2021-06-17 12:27:05,16437.15,0
2021-06-17 12:27:07,16436.7,0
2021-06-17 12:27:08,16436.95,0
2021-06-17 12:27:09,16436.6,0
2021-06-17 12:27:24,16437.1,0
2021-06-17 12:27:25,16437.05,0
2021-06-17 12:27:29,16436.7,0
2021-06-17 12:27:30,16436.6,0
2021-06-17 12:27:32,16436.6,0
2021-06-17 12:27:42,16435.3,0
2021-06-17 12:27:45,16435.35,0
2021-06-17 12:27:48,16435.65,0
2021-06-17 12:27:49,16435.95,0
2021-06-17 12:28:04,16432.55,0
2021-06-17 12:28:14,16434.5,0
2021-06-17 12:28:21,16433.3,0
2021-06-17 12:28:22,16433.35,0
2021-06-17 12:28:23,16433.4,0
2021-06-17 12:28:24,16433.85,0
2021-06-17 12:28:30,16435.35,0
2021-06-17 12:28:31,16435.7,0
2021-06-17 12:28:33,16435.95,0
2021-06-17 12:28:36,16435.35,0
2021-06-17 12:28:38,16435.25,0
2021-06-17 12:28:42,16436.45,0
2021-06-17 12:28:49,16435.5,0
2021-06-17 12:28:51,16436.25,0
2021-06-17 12:28:52,16435.55,0
2021-06-17 12:28:57,16435.35,0
2021-06-17 12:28:59,16435.8,0
2021-06-17 12:29:01,16436.2,0
2021-06-17 12:29:09,16437.05,0
2021-06-17 12:29:11,16436.75,0
2021-06-17 12:29:13,16436.45,0
2021-06-17 12:29:14,16436.05,0
2021-06-17 12:29:20,16435.7,0
2021-06-17 12:29:24,16435.6,0
2021-06-17 12:29:26,16435.8,0
2021-06-17 12:29:38,16435.5,0
2021-06-17 12:29:40,16435.95,0
2021-06-17 12:29:48,16436.9,0
2021-06-17 12:29:49,16436.7,0
2021-06-17 12:29:50,16437.55,0
2021-06-17 12:29:56,16436.35,0
2021-06-17 12:30:02,16434.75,0
2021-06-17 12:30:05,16434.3,0
2021-06-17 12:30:13,16430.85,0
2021-06-17 12:30:15,16432.3,0
2021-06-17 12:30:16,16431.5,0
2021-06-17 12:30:27,16434.0,0
2021-06-17 12:30:39,16436.3,0
2021-06-17 12:30:47,16440.1,0
2021-06-17 12:30:59,16441.3,0
2021-06-17 12:31:01,16442.25,0
2021-06-17 12:31:04,16442.8,0
2021-06-17 12:31:06,16445.5,0
2021-06-17 12:31:12,16450.85,0
2021-06-17 12:31:40,16447.9,0
2021-06-17 12:31:49,16446.85,0
2021-06-17 12:31:53,16446.5,0
2021-06-17 12:32:01,16447.0,0
2021-06-17 12:32:02,16446.65,0
2021-06-17 12:32:10,16446.9,0
2021-06-17 12:32:11,16447.5,0
2021-06-17 12:32:14,16448.1,0
2021-06-17 12:32:21,16448.65,0
2021-06-17 12:32:30,16447.3,0
2021-06-17 12:32:32,16447.0,0
2021-06-17 12:32:43,16448.3,0
2021-06-17 12:32:44,16448.35,0
2021-06-17 12:32:53,16444.95,0
2021-06-17 12:32:58,16447.05,0
2021-06-17 12:32:59,16446.75,0
2021-06-17 12:33:00,16447.9,0
2021-06-17 12:33:04,16447.6,0
2021-06-17 12:33:05,16447.45,0
2021-06-17 12:33:08,16449.55,0
2021-06-17 12:33:28,16449.0,0
2021-06-17 12:33:29,16449.8,0
2021-06-17 12:33:31,16450.05,0
2021-06-17 12:33:32,16449.75,0
2021-06-17 12:33:38,16450.35,0
2021-06-17 12:33:40,16449.7,0
2021-06-17 12:33:44,16450.3,0
2021-06-17 12:33:46,16450.35,0
2021-06-17 12:33:54,16451.3,0
2021-06-17 12:34:00,16451.6,0
2021-06-17 12:34:08,16452.2,0
2021-06-17 12:34:18,16451.55,0
2021-06-17 12:34:19,16451.4,0
2021-06-17 12:34:20,16451.55,0
2021-06-17 12:34:25,16451.9,0
2021-06-17 12:34:29,16452.1,0
2021-06-17 12:34:30,16451.75,0
2021-06-17 12:34:32,16452.55,0
2021-06-17 12:34:33,16452.4,0
2021-06-17 12:34:34,16452.85,0
2021-06-17 12:34:37,16453.3,0
2021-06-17 12:34:38,16452.5,0
2021-06-17 12:34:47,16453.05,0
2021-06-17 12:34:48,16453.4,0
2021-06-17 12:34:53,16452.15,0
2021-06-17 12:34:57,16453.2,0
2021-06-17 12:35:01,16453.1,0
2021-06-17 12:35:02,16454.3,0
2021-06-17 12:35:13,16456.75,0
2021-06-17 12:35:16,16457.45,0
2021-06-17 12:35:17,16457.7,0
2021-06-17 12:35:20,16459.0,0
2021-06-17 12:35:25,16459.65,0
2021-06-17 12:35:46,16456.9,0
2021-06-17 12:35:51,16456.0,0
2021-06-17 12:35:53,16456.7,0
2021-06-17 12:36:02,16458.25,0
2021-06-17 12:36:04,16459.2,0
2021-06-17 12:36:06,16459.45,0
2021-06-17 12:36:09,16460.45,0
2021-06-17 12:36:13,16462.35,0
2021-06-17 12:36:14,16461.25,0
2021-06-17 12:36:15,16461.2,0
2021-06-17 12:36:16,16460.8,0
2021-06-17 12:36:17,16462.05,0
2021-06-17 12:36:18,16461.5,0
2021-06-17 12:36:20,16461.8,0
2021-06-17 12:36:42,16462.45,0
2021-06-17 12:36:43,16462.2,0
2021-06-17 12:36:44,16461.8,0
2021-06-17 12:36:45,16462.25,0
2021-06-17 12:36:47,16461.7,0
2021-06-17 12:36:52,16461.6,0
2021-06-17 12:36:53,16460.35,0
2021-06-17 12:36:54,16461.45,0
2021-06-17 12:37:02,16459.7,0
2021-06-17 12:37:08,16461.05,0
2021-06-17 12:37:10,16460.95,0
2021-06-17 12:37:11,16460.85,0
2021-06-17 12:37:18,16461.9,0
2021-06-17 12:37:21,16460.8,0
2021-06-17 12:37:24,16461.2,0
2021-06-17 12:37:27,16460.8,0
2021-06-17 12:37:29,16460.85,0
2021-06-17 12:37:32,16460.9,0
2021-06-17 12:37:34,16461.55,0
2021-06-17 12:37:37,16461.6,0
2021-06-17 12:37:38,16461.05,0
2021-06-17 12:37:39,16461.6,0
2021-06-17 12:37:43,16466.45,0
2021-06-17 12:37:48,16466.15,0
2021-06-17 12:37:53,16465.9,0
2021-06-17 12:37:57,16467.05,0
2021-06-17 12:38:04,16470.3,0
2021-06-17 12:38:07,16469.6,0
2021-06-17 12:38:12,16470.85,0
2021-06-17 12:38:17,16474.5,0
2021-06-17 12:38:24,16472.7,0
2021-06-17 12:38:28,16470.9,0
2021-06-17 12:38:30,16471.2,0
2021-06-17 12:38:34,16470.25,0
2021-06-17 12:38:44,16469.15,0
2021-06-17 12:38:45,16469.25,0
2021-06-17 12:38:46,16468.4,0
2021-06-17 12:38:54,16465.25,0
2021-06-17 12:38:59,16466.7,0
2021-06-17 12:39:01,16467.6,0
2021-06-17 12:39:08,16468.2,0
2021-06-17 12:39:17,16467.7,0
2021-06-17 12:39:25,16465.7,0
2021-06-17 12:39:37,16466.75,0
2021-06-17 12:39:38,16467.2,0
2021-06-17 12:39:39,16466.6,0
2021-06-17 12:39:41,16466.3,0
2021-06-17 12:39:45,16468.5,0
2021-06-17 12:40:03,16468.45,0
2021-06-17 12:40:05,16468.1,0
2021-06-17 12:40:06,16468.2,0
2021-06-17 12:40:10,16468.35,0
2021-06-17 12:40:11,16468.35,0
2021-06-17 12:40:14,16467.2,0
2021-06-17 12:40:24,16467.25,0
2021-06-17 12:40:26,16467.35,0
2021-06-17 12:40:27,16466.95,0
2021-06-17 12:40:29,16467.25,0
2021-06-17 12:40:38,16465.35,0
2021-06-17 12:40:44,16464.75,0
2021-06-17 12:40:47,16465.25,0
2021-06-17 12:40:59,16464.4,0
2021-06-17 12:41:03,16464.65,0
2021-06-17 12:41:12,16464.15,0
2021-06-17 12:41:13,16464.8,0
2021-06-17 12:41:15,16463.8,0
2021-06-17 12:41:17,16463.55,0
2021-06-17 12:41:18,16463.6,0
2021-06-17 12:41:22,16462.05,0
2021-06-17 12:41:27,16462.25,0
2021-06-17 12:41:29,16461.4,0
2021-06-17 12:41:41,16457.35,0
2021-06-17 12:41:46,16457.8,0
2021-06-17 12:41:56,16455.3,0
2021-06-17 12:41:59,16455.2,0
2021-06-17 12:42:01,16456.15,0
2021-06-17 12:42:03,16456.3,0
2021-06-17 12:42:10,16455.2,0
2021-06-17 12:42:12,16455.15,0
2021-06-17 12:42:13,16454.8,0
2021-06-17 12:42:18,16456.35,0
2021-06-17 12:42:26,16456.05,0
2021-06-17 12:42:33,16458.6,0
2021-06-17 12:42:42,16459.95,0
2021-06-17 12:42:45,16460.0,0
2021-06-17 12:42:51,16459.75,0
2021-06-17 12:42:56,16456.55,0
2021-06-17 12:42:59,16458.15,0
2021-06-17 12:43:11,16457.2,0
2021-06-17 12:43:13,16457.9,0
2021-06-17 12:43:22,16461.95,0
2021-06-17 12:43:25,16462.7,0
2021-06-17 12:43:26,16462.45,0
2021-06-17 12:43:30,16463.75,0
2021-06-17 12:43:39,16462.2,0
2021-06-17 12:43:49,16465.0,0
2021-06-17 12:43:52,16466.1,0
2021-06-17 12:43:54,16465.3,0
2021-06-17 12:43:58,16466.4,0
2021-06-17 12:44:00,16466.35,0
2021-06-17 12:44:03,16466.55,0
2021-06-17 12:44:07,16466.9,0
2021-06-17 12:44:09,16468.2,0
2021-06-17 12:44:15,16468.4,0
2021-06-17 12:44:30,16470.0,0
2021-06-17 12:44:36,16469.4,0
2021-06-17 12:44:38,16469.15,0
2021-06-17 12:44:42,16469.6,0
2021-06-17 12:44:43,16469.75,0
2021-06-17 12:44:46,16468.55,0
2021-06-17 12:44:54,16468.4,0
2021-06-17 12:44:58,16467.85,0
2021-06-17 12:45:00,16467.7,0
2021-06-17 12:45:04,16467.45,0
2021-06-17 12:45:06,16467.2,0
2021-06-17 12:45:10,16467.45,0
2021-06-17 12:45:11,16467.75,0
2021-06-17 12:45:14,16468.05,0
2021-06-17 12:45:15,16467.45,0
2021-06-17 12:45:17,16467.8,0
2021-06-17 12:45:20,16467.95,0
2021-06-17 12:45:25,16467.5,0
2021-06-17 12:45:26,16467.1,0
2021-06-17 12:45:45,16466.1,0
2021-06-17 12:45:48,16464.7,0
2021-06-17 12:45:49,16463.9,0
2021-06-17 12:45:55,16462.85,0
2021-06-17 12:46:12,16460.35,0
2021-06-17 12:46:13,16460.4,0
2021-06-17 12:46:16,16460.15,0
2021-06-17 12:46:19,16460.05,0
2021-06-17 12:46:30,16459.7,0
2021-06-17 12:46:34,16462.2,0
2021-06-17 12:46:35,16462.15,0
2021-06-17 12:46:36,16461.15,0
2021-06-17 12:46:42,16461.95,0
2021-06-17 12:46:44,16461.1,0
2021-06-17 12:46:47,16461.35,0
2021-06-17 12:46:49,16461.7,0
2021-06-17 12:46:52,16462.05,0
2021-06-17 12:46:53,16462.4,0
2021-06-17 12:47:04,16467.75,0
2021-06-17 12:47:08,16468.55,0
2021-06-17 12:47:10,16469.6,0
2021-06-17 12:47:12,16470.4,0
2021-06-17 12:47:13,16477.05,0
2021-06-17 12:47:14,16474.8,0
2021-06-17 12:47:16,16473.75,0
2021-06-17 12:47:21,16473.95,0
2021-06-17 12:47:26,16473.65,0
2021-06-17 12:47:29,16471.95,0
2021-06-17 12:47:30,16471.75,0
2021-06-17 12:47:31,16472.8,0
2021-06-17 12:47:34,16472.45,0
2021-06-17 12:47:36,16475.25,0
2021-06-17 12:47:37,16475.5,0
2021-06-17 12:47:46,16476.15,0
2021-06-17 12:47:51,16475.95,0
2021-06-17 12:47:58,16476.3,0
2021-06-17 12:48:09,16478.85,0
2021-06-17 12:48:10,16478.8,0
2021-06-17 12:48:15,16478.65,0
2021-06-17 12:48:17,16478.4,0
2021-06-17 12:48:18,16479.05,0
2021-06-17 12:48:19,16479.6,0
2021-06-17 12:48:31,16479.35,0
2021-06-17 12:48:33,16479.05,0
2021-06-17 12:48:40,16479.35,0
2021-06-17 12:48:43,16478.75,0
2021-06-17 12:48:46,16478.15,0
2021-06-17 12:48:49,16478.15,0
2021-06-17 12:48:53,16477.55,0
2021-06-17 12:48:57,16477.0,0
2021-06-17 12:48:59,16477.05,0
2021-06-17 12:49:00,16477.85,0
2021-06-17 12:49:04,16477.85,0
2021-06-17 12:49:05,16477.8,0
2021-06-17 12:49:10,16477.15,0
2021-06-17 12:49:11,16477.3,0
2021-06-17 12:49:15,16477.65,0
2021-06-17 12:49:19,16477.2,0
2021-06-17 12:49:22,16475.65,0
2021-06-17 12:49:23,16476.55,0
2021-06-17 12:49:26,16476.6,0
2021-06-17 12:49:28,16477.35,0
2021-06-17 12:49:32,16479.8,0
2021-06-17 12:49:37,16479.25,0
2021-06-17 12:49:39,16479.75,0
2021-06-17 12:49:42,16478.45,0
2021-06-17 12:49:44,16478.5,0
2021-06-17 12:49:47,16479.05,0
2021-06-17 12:49:54,16478.8,0
2021-06-17 12:49:56,16477.55,0
2021-06-17 12:49:59,16477.25,0
2021-06-17 12:50:09,16476.75,0
2021-06-17 12:50:13,16476.0,0
2021-06-17 12:50:15,16474.9,0
2021-06-17 12:50:22,16472.7,0
2021-06-17 12:50:24,16471.8,0
2021-06-17 12:50:25,16471.85,0
2021-06-17 12:50:28,16472.95,0
2021-06-17 12:50:30,16471.95,0
2021-06-17 12:50:31,16473.6,0
2021-06-17 12:50:34,16473.15,0
2021-06-17 12:50:39,16474.9,0
2021-06-17 12:50:41,16474.35,0
2021-06-17 12:50:43,16473.55,0
2021-06-17 12:50:54,16473.75,0
2021-06-17 12:51:02,16475.4,0
2021-06-17 12:51:06,16474.95,0
2021-06-17 12:51:07,16474.5,0
2021-06-17 12:51:08,16474.4,0
2021-06-17 12:51:10,16475.0,0
2021-06-17 12:51:14,16474.05,0
2021-06-17 12:51:17,16473.6,0
2021-06-17 12:51:33,16476.25,0
2021-06-17 12:51:36,16474.45,0
2021-06-17 12:51:37,16474.35,0
2021-06-17 12:51:39,16474.8,0
2021-06-17 12:51:40,16475.15,0
2021-06-17 12:51:46,16478.4,0
2021-06-17 12:51:48,16478.85,0
2021-06-17 12:51:58,16477.8,0
2021-06-17 12:51:59,16477.6,0
2021-06-17 12:52:00,16477.7,0
2021-06-17 12:52:08,16477.6,0
2021-06-17 12:52:14,16476.85,0
2021-06-17 12:52:16,16476.65,0
2021-06-17 12:52:17,16476.8,0
2021-06-17 12:52:24,16477.0,0
2021-06-17 12:52:26,16476.55,0
2021-06-17 12:52:29,16476.85,0
2021-06-17 12:52:31,16477.3,0
2021-06-17 12:52:32,16476.65,0
2021-06-17 12:52:33,16475.4,0
2021-06-17 12:52:34,16475.6,0
2021-06-17 12:52:36,16475.8,0
2021-06-17 12:52:37,16476.1,0
2021-06-17 12:52:38,16475.55,0
2021-06-17 12:52:41,16474.95,0
2021-06-17 12:52:47,16475.2,0
2021-06-17 12:52:58,16474.65,0
2021-06-17 12:53:02,16473.75,0
2021-06-17 12:53:03,16474.65,0
2021-06-17 12:53:05,16474.55,0
2021-06-17 12:53:14,16474.15,0
2021-06-17 12:53:17,16473.4,0
2021-06-17 12:53:31,16472.15,0
2021-06-17 12:53:34,16471.9,0
2021-06-17 12:53:37,16472.55,0
2021-06-17 12:53:46,16470.8,0
2021-06-17 12:53:49,16471.0,0
2021-06-17 12:53:51,16470.55,0
2021-06-17 12:53:56,16469.8,0
2021-06-17 12:54:08,16471.0,0
2021-06-17 12:54:09,16471.25,0
2021-06-17 12:54:25,16473.4,0
2021-06-17 12:54:26,16473.15,0
2021-06-17 12:54:31,16473.15,0
2021-06-17 12:54:34,16472.9,0
2021-06-17 12:54:36,16473.1,0
2021-06-17 12:54:45,16473.55,0
2021-06-17 12:54:47,16473.5,0
2021-06-17 12:54:51,16472.6,0
2021-06-17 12:54:56,16472.9,0
2021-06-17 12:54:57,16472.3,0
2021-06-17 12:54:59,16473.5,0
2021-06-17 12:55:03,16473.7,0
2021-06-17 12:55:11,16474.2,0
2021-06-17 12:55:21,16473.2,0
2021-06-17 12:55:25,16472.7,0
2021-06-17 12:55:29,16473.65,0
2021-06-17 12:55:30,16473.6,0
2021-06-17 12:55:34,16473.95,0
2021-06-17 12:55:40,16473.0,0
2021-06-17 12:55:41,16473.65,0
2021-06-17 12:55:42,16473.45,0
2021-06-17 12:55:44,16474.15,0
2021-06-17 12:55:45,16473.6,0
2021-06-17 12:55:46,16473.85,0
2021-06-17 12:55:48,16473.85,0
2021-06-17 12:55:49,16474.6,0
2021-06-17 12:55:50,16474.4,0
2021-06-17 12:55:51,16473.15,0
2021-06-17 12:55:54,16472.65,0
2021-06-17 12:55:55,16473.2,0
2021-06-17 12:55:57,16472.85,0
2021-06-17 12:55:59,16471.9,0
2021-06-17 12:56:06,16473.6,0
2021-06-17 12:56:07,16473.65,0
2021-06-17 12:56:08,16473.55,0
2021-06-17 12:56:10,16474.0,0
2021-06-17 12:56:17,16473.9,0
2021-06-17 12:56:25,16474.05,0
2021-06-17 12:56:33,16472.6,0
2021-06-17 12:56:38,16472.0,0
2021-06-17 12:56:39,16470.3,0
2021-06-17 12:56:43,16470.0,0
2021-06-17 12:56:49,16472.0,0
2021-06-17 12:56:50,16472.3,0
2021-06-17 12:56:57,16472.7,0
2021-06-17 12:56:59,16472.7,0
2021-06-17 12:57:01,16472.9,0
2021-06-17 12:57:02,16473.15,0
2021-06-17 12:57:03,16473.25,0
2021-06-17 12:57:05,16472.15,0
2021-06-17 12:57:08,16472.4,0
2021-06-17 12:57:13,16473.1,0
2021-06-17 12:57:22,16472.85,0
2021-06-17 12:57:31,16470.5,0
2021-06-17 12:57:36,16472.25,0
2021-06-17 12:57:54,16472.6,0
2021-06-17 12:57:56,16472.75,0
2021-06-17 12:58:00,16472.6,0
2021-06-17 12:58:04,16472.3,0
2021-06-17 12:58:05,16472.35,0
2021-06-17 12:58:09,16472.3,0
2021-06-17 12:58:10,16472.25,0
2021-06-17 12:58:14,16472.45,0
2021-06-17 12:58:19,16471.8,0
2021-06-17 12:58:22,16471.9,0
2021-06-17 12:58:28,16472.9,0
2021-06-17 12:58:33,16474.95,0
2021-06-17 12:58:35,16474.25,0
2021-06-17 12:58:38,16473.5,0
2021-06-17 12:58:46,16472.35,0
2021-06-17 12:58:49,16472.3,0
2021-06-17 12:58:52,16471.65,0
2021-06-17 12:58:54,16471.15,0
2021-06-17 12:58:56,16471.75,0
2021-06-17 12:58:58,16472.7,0
2021-06-17 12:58:59,16472.65,0
2021-06-17 12:59:01,16472.4,0
2021-06-17 12:59:09,16471.7,0
2021-06-17 12:59:10,16471.2,0
2021-06-17 12:59:17,16471.05,0
2021-06-17 12:59:19,16471.85,0
2021-06-17 12:59:21,16471.3,0
2021-06-17 12:59:26,16469.55,0
2021-06-17 12:59:27,16470.25,0
2021-06-17 12:59:36,16468.85,0
2021-06-17 12:59:38,16469.4,0
2021-06-17 12:59:43,16468.8,0
2021-06-17 12:59:51,16472.0,0
2021-06-17 12:59:58,16471.2,0
2021-06-17 12:59:59,16471.8,0
2021-06-17 13:00:02,16470.05,0
2021-06-17 13:00:03,16471.2,0
2021-06-17 13:00:06,16469.15,0
2021-06-17 13:00:10,16467.75,0
2021-06-17 13:00:12,16468.45,0
2021-06-17 13:00:17,16463.8,0
2021-06-17 13:00:20,16463.9,0
2021-06-17 13:00:23,16462.45,0
2021-06-17 13:00:30,16463.65,0
2021-06-17 13:00:42,16466.3,0
2021-06-17 13:00:44,16469.55,0
2021-06-17 13:00:46,16466.25,0
2021-06-17 13:00:47,16467.6,0
2021-06-17 13:00:49,16468.45,0
2021-06-17 13:00:50,16467.9,0
2021-06-17 13:00:52,16467.25,0
2021-06-17 13:00:53,16468.7,0
2021-06-17 13:01:01,16468.95,0
2021-06-17 13:01:02,16468.8,0
2021-06-17 13:01:03,16470.0,0
2021-06-17 13:01:05,16468.95,0
2021-06-17 13:01:15,16467.25,0
2021-06-17 13:01:18,16467.35,0
2021-06-17 13:01:22,16466.1,0
2021-06-17 13:01:30,16465.0,0
2021-06-17 13:01:31,16465.9,0
2021-06-17 13:01:33,16466.65,0
2021-06-17 13:01:40,16465.7,0
2021-06-17 13:01:47,16464.8,0
2021-06-17 13:01:50,16465.5,0
2021-06-17 13:01:52,16464.7,0
2021-06-17 13:01:53,16464.95,0
2021-06-17 13:01:55,16464.8,0
2021-06-17 13:02:02,16465.45,0
2021-06-17 13:02:06,16463.45,0
2021-06-17 13:02:11,16464.25,0
2021-06-17 13:02:12,16464.5,0
2021-06-17 13:02:16,16465.0,0
2021-06-17 13:02:17,16464.8,0
2021-06-17 13:02:20,16465.15,0
2021-06-17 13:02:22,16464.3,0
2021-06-17 13:02:32,16465.2,0
2021-06-17 13:02:48,16465.05,0
2021-06-17 13:02:50,16465.6,0
2021-06-17 13:02:52,16465.75,0
2021-06-17 13:02:57,16466.0,0
2021-06-17 13:02:58,16466.0,0
2021-06-17 13:03:02,16466.3,0
2021-06-17 13:03:08,16467.65,0
2021-06-17 13:03:12,16470.6,0
2021-06-17 13:03:16,16473.5,0
2021-06-17 13:03:21,16472.1,0
2021-06-17 13:03:22,16473.0,0
2021-06-17 13:03:38,16473.6,0
2021-06-17 13:03:43,16473.8,0
2021-06-17 13:03:47,16473.15,0
2021-06-17 13:03:48,16473.0,0
2021-06-17 13:03:54,16472.7,0
2021-06-17 13:03:56,16472.4,0
2021-06-17 13:03:57,16472.2,0
2021-06-17 13:04:02,16471.7,0
2021-06-17 13:04:08,16472.15,0
2021-06-17 13:04:14,16472.95,0
2021-06-17 13:04:16,16472.5,0
2021-06-17 13:04:18,16472.85,0
2021-06-17 13:04:19,16473.25,0
2021-06-17 13:04:21,16472.75,0
2021-06-17 13:04:28,16473.8,0
2021-06-17 13:04:54,16473.9,0
2021-06-17 13:04:55,16473.6,0
2021-06-17 13:05:13,16485.1,0
2021-06-17 13:05:15,16490.05,0
2021-06-17 13:05:20,16488.45,0
2021-06-17 13:05:23,16487.65,0
2021-06-17 13:05:32,16486.4,0
2021-06-17 13:05:34,16485.25,0
2021-06-17 13:05:48,16483.25,0
2021-06-17 13:05:50,16482.2,0
2021-06-17 13:05:52,16477.4,0
2021-06-17 13:05:57,16476.05,0
2021-06-17 13:05:58,16475.6,0
2021-06-17 13:06:03,16476.4,0
2021-06-17 13:06:07,16476.65,0
2021-06-17 13:06:10,16477.65,0
2021-06-17 13:06:11,16477.3,0
2021-06-17 13:06:14,16481.4,0
