timestamp,ltp,volume
2021-06-17 09:19:46,14168.8,0
2021-06-17 09:19:46,14168.8,0
2021-06-17 09:19:47,14168.5,0
2021-06-17 09:19:48,14168.9,0
2021-06-17 09:19:49,14170.7,0
2021-06-17 09:19:50,14169.05,0
2021-06-17 09:19:53,14172.1,0
2021-06-17 09:19:54,14170.0,0
2021-06-17 09:19:55,14170.85,0
2021-06-17 09:19:56,14170.95,0
2021-06-17 09:19:57,14172.55,0
2021-06-17 09:19:59,14172.4,0
2021-06-17 09:20:00,14173.95,0
2021-06-17 09:20:02,14172.35,0
2021-06-17 09:20:04,14173.7,0
2021-06-17 09:20:05,14174.6,0
2021-06-17 09:20:07,14173.35,0
2021-06-17 09:20:08,14172.35,0
2021-06-17 09:20:09,14171.3,0
2021-06-17 09:20:10,14173.5,0
2021-06-17 09:20:11,14174.35,0
2021-06-17 09:20:12,14174.9,0
2021-06-17 09:20:13,14173.4,0
2021-06-17 09:20:14,14173.4,0
2021-06-17 09:20:15,14173.9,0
2021-06-17 09:20:19,14177.25,0
2021-06-17 09:20:20,14175.9,0
2021-06-17 09:20:21,14178.9,0
2021-06-17 09:20:22,14179.2,0
2021-06-17 09:20:23,14178.15,0
2021-06-17 09:20:24,14179.6,0
2021-06-17 09:20:25,14179.55,0
2021-06-17 09:20:27,14179.1,0
2021-06-17 09:20:28,14181.95,0
2021-06-17 09:20:29,14183.95,0
2021-06-17 09:20:30,14181.7,0
2021-06-17 09:20:31,14183.4,0
2021-06-17 09:20:33,14182.75,0
2021-06-17 09:20:34,14181.25,0
2021-06-17 09:20:35,14179.85,0
2021-06-17 09:20:37,14185.65,0
2021-06-17 09:20:38,14181.9,0
2021-06-17 09:20:40,14184.1,0
2021-06-17 09:20:41,14183.35,0
2021-06-17 09:20:42,14184.45,0
2021-06-17 09:20:43,14184.45,0
2021-06-17 09:20:44,14184.85,0
2021-06-17 09:20:45,14185.95,0
2021-06-17 09:20:46,14184.35,0
2021-06-17 09:20:47,14184.35,0
2021-06-17 09:20:48,14183.65,0
2021-06-17 09:20:49,14184.7,0
2021-06-17 09:20:51,14183.95,0
2021-06-17 09:20:52,14184.55,0
2021-06-17 09:20:53,14183.05,0
2021-06-17 09:20:55,14182.85,0
2021-06-17 09:20:56,14181.75,0
2021-06-17 09:20:58,14183.75,0
2021-06-17 09:20:59,14179.7,0
2021-06-17 09:21:00,14175.95,0
2021-06-17 09:21:01,14177.3,0
2021-06-17 09:21:02,14176.8,0
2021-06-17 09:21:03,14172.85,0
2021-06-17 09:21:04,14174.85,0
2021-06-17 09:21:05,14175.45,0
2021-06-17 09:21:07,14174.95,0
2021-06-17 09:21:08,14175.3,0
2021-06-17 09:21:10,14175.65,0
2021-06-17 09:21:11,14175.75,0
2021-06-17 09:21:12,14174.6,0
2021-06-17 09:21:13,14174.9,0
2021-06-17 09:21:15,14175.3,0
2021-06-17 09:21:16,14174.85,0
2021-06-17 09:21:17,14175.2,0
2021-06-17 09:21:18,14167.45,0
2021-06-17 09:21:20,14168.6,0
2021-06-17 09:21:21,14167.95,0
2021-06-17 09:21:22,14167.6,0
2021-06-17 09:21:23,14169.4,0
2021-06-17 09:21:24,14168.0,0
2021-06-17 09:21:25,14167.95,0
2021-06-17 09:21:26,14169.05,0
2021-06-17 09:21:27,14167.35,0
2021-06-17 09:21:30,14166.9,0
2021-06-17 09:21:31,14166.2,0
2021-06-17 09:21:32,14165.5,0
2021-06-17 09:21:33,14165.8,0
2021-06-17 09:21:34,14166.1,0
2021-06-17 09:21:35,14164.65,0
2021-06-17 09:21:36,14166.5,0
2021-06-17 09:21:37,14166.55,0
2021-06-17 09:21:38,14165.5,0
2021-06-17 09:21:39,14163.95,0
2021-06-17 09:21:40,14165.35,0
2021-06-17 09:21:41,14165.2,0
2021-06-17 09:21:43,14168.4,0
2021-06-17 09:21:44,14169.4,0
2021-06-17 09:21:45,14171.4,0
2021-06-17 09:21:46,14171.0,0
2021-06-17 09:21:47,14170.7,0
2021-06-17 09:21:48,14171.85,0
2021-06-17 09:21:49,14173.15,0
2021-06-17 09:21:50,14173.8,0
2021-06-17 09:21:51,14173.65,0
2021-06-17 09:21:52,14175.9,0
2021-06-17 09:21:53,14176.7,0
2021-06-17 09:21:55,14177.35,0
2021-06-17 09:21:56,14177.55,0
2021-06-17 09:21:57,14177.65,0
2021-06-17 09:21:58,14179.1,0
2021-06-17 09:21:59,14179.6,0
2021-06-17 09:22:00,14180.2,0
2021-06-17 09:22:01,14177.75,0
2021-06-17 09:22:02,14173.25,0
2021-06-17 09:22:03,14173.85,0
2021-06-17 09:22:04,14170.65,0
2021-06-17 09:22:05,14171.0,0
2021-06-17 09:22:06,14171.9,0
2021-06-17 09:22:07,14171.35,0
2021-06-17 09:22:08,14170.7,0
2021-06-17 09:22:09,14170.2,0
2021-06-17 09:22:10,14170.35,0
2021-06-17 09:22:11,14170.45,0
2021-06-17 09:22:12,14171.75,0
2021-06-17 09:22:13,14170.75,0
2021-06-17 09:22:14,14172.5,0
2021-06-17 09:22:15,14172.35,0
2021-06-17 09:22:16,14172.45,0
2021-06-17 09:22:17,14174.0,0
2021-06-17 09:22:18,14174.8,0
2021-06-17 09:22:19,14174.25,0
2021-06-17 09:22:20,14173.4,0
2021-06-17 09:22:21,14174.55,0
2021-06-17 09:22:22,14172.9,0
2021-06-17 09:22:23,14172.9,0
2021-06-17 09:22:24,14175.05,0
2021-06-17 09:22:25,14174.75,0
2021-06-17 09:22:26,14174.95,0
2021-06-17 09:22:27,14175.25,0
2021-06-17 09:22:28,14173.5,0
2021-06-17 09:22:29,14172.35,0
2021-06-17 09:22:30,14173.45,0
2021-06-17 09:22:31,14174.9,0
2021-06-17 09:22:32,14174.7,0
2021-06-17 09:22:34,14174.9,0
2021-06-17 09:22:35,14179.35,0
2021-06-17 09:22:36,14182.15,0
2021-06-17 09:22:37,14180.8,0
2021-06-17 09:22:38,14177.8,0
2021-06-17 09:22:40,14180.85,0
2021-06-17 09:22:41,14179.85,0
2021-06-17 09:22:42,14179.6,0
2021-06-17 09:22:43,14178.45,0
2021-06-17 09:22:44,14179.9,0
2021-06-17 09:22:45,14184.2,0
2021-06-17 09:22:47,14183.6,0
2021-06-17 09:22:50,14183.45,0
2021-06-17 09:22:51,14184.2,0
2021-06-17 09:22:52,14184.4,0
2021-06-17 09:22:55,14184.6,0
2021-06-17 09:22:56,14185.35,0
2021-06-17 09:22:57,14185.25,0
2021-06-17 09:22:58,14184.1,0
2021-06-17 09:22:59,14182.55,0
2021-06-17 09:23:00,14184.15,0
2021-06-17 09:23:01,14186.25,0
2021-06-17 09:23:02,14186.75,0
2021-06-17 09:23:04,14187.35,0
2021-06-17 09:23:05,14191.6,0
2021-06-17 09:23:06,14190.55,0
2021-06-17 09:23:07,14191.55,0
2021-06-17 09:23:08,14192.1,0
2021-06-17 09:23:09,14190.5,0
2021-06-17 09:23:10,14191.0,0
2021-06-17 09:23:12,14188.75,0
2021-06-17 09:23:15,14189.15,0
2021-06-17 09:23:16,14191.8,0
2021-06-17 09:23:17,14191.05,0
2021-06-17 09:23:18,14193.55,0
2021-06-17 09:23:19,14191.8,0
2021-06-17 09:23:21,14184.05,0
2021-06-17 09:23:22,14185.75,0
2021-06-17 09:23:23,14185.15,0
2021-06-17 09:23:24,14183.85,0
2021-06-17 09:23:25,14185.0,0
2021-06-17 09:23:27,14184.75,0
2021-06-17 09:23:33,14180.7,0
2021-06-17 09:23:34,14182.35,0
2021-06-17 09:23:35,14184.35,0
2021-06-17 09:23:36,14184.4,0
2021-06-17 09:23:37,14181.35,0
2021-06-17 09:23:38,14181.1,0
2021-06-17 09:23:40,14183.1,0
2021-06-17 09:23:41,14182.65,0
2021-06-17 09:23:42,14182.7,0
2021-06-17 09:23:43,14181.8,0
2021-06-17 09:23:45,14179.5,0
2021-06-17 09:23:46,14178.85,0
2021-06-17 09:23:47,14181.8,0
2021-06-17 09:23:48,14179.5,0
2021-06-17 09:23:49,14178.8,0
2021-06-17 09:23:52,14183.0,0
2021-06-17 09:23:53,14183.1,0
2021-06-17 09:23:54,14183.15,0
2021-06-17 09:23:55,14182.2,0
2021-06-17 09:23:56,14185.1,0
2021-06-17 09:23:58,14183.15,0
2021-06-17 09:23:59,14182.7,0
2021-06-17 09:24:00,14181.95,0
2021-06-17 09:24:01,14183.05,0
2021-06-17 09:24:02,14184.75,0
2021-06-17 09:24:03,14181.65,0
2021-06-17 09:24:04,14184.0,0
2021-06-17 09:24:06,14182.95,0
2021-06-17 09:24:09,14183.95,0
2021-06-17 09:24:10,14183.35,0
2021-06-17 09:24:11,14182.9,0
2021-06-17 09:24:12,14184.55,0
2021-06-17 09:24:13,14184.0,0
2021-06-17 09:24:14,14182.15,0
2021-06-17 09:24:16,14181.95,0
2021-06-17 09:24:17,14183.3,0
2021-06-17 09:24:19,14181.5,0
2021-06-17 09:24:21,14185.25,0
2021-06-17 09:24:23,14184.6,0
2021-06-17 09:24:24,14184.0,0
2021-06-17 09:24:26,14187.35,0
2021-06-17 09:24:27,14185.4,0
2021-06-17 09:24:29,14185.7,0
2021-06-17 09:24:30,14187.45,0
2021-06-17 09:24:31,14187.15,0
2021-06-17 09:24:34,14185.55,0
2021-06-17 09:24:35,14185.7,0
2021-06-17 09:24:36,14186.5,0
2021-06-17 09:24:37,14185.9,0
2021-06-17 09:24:38,14187.65,0
2021-06-17 09:24:39,14186.75,0
2021-06-17 09:24:40,14187.15,0
2021-06-17 09:24:41,14189.6,0
2021-06-17 09:24:42,14188.35,0
2021-06-17 09:24:43,14189.05,0
2021-06-17 09:24:44,14188.5,0
2021-06-17 09:24:45,14188.55,0
2021-06-17 09:24:46,14188.3,0
2021-06-17 09:24:48,14189.4,0
2021-06-17 09:24:49,14190.4,0
2021-06-17 09:24:50,14191.35,0
2021-06-17 09:24:51,14191.1,0
2021-06-17 09:24:52,14191.6,0
2021-06-17 09:24:53,14190.75,0
2021-06-17 09:24:55,14191.1,0
2021-06-17 09:24:57,14191.4,0
2021-06-17 09:24:58,14190.65,0
2021-06-17 09:25:00,14190.35,0
2021-06-17 09:25:01,14189.1,0
2021-06-17 09:25:02,14190.35,0
2021-06-17 09:25:03,14189.95,0
2021-06-17 09:25:05,14183.8,0
2021-06-17 09:25:07,14185.85,0
2021-06-17 09:25:08,14185.9,0
2021-06-17 09:25:09,14184.3,0
2021-06-17 09:25:10,14185.3,0
2021-06-17 09:25:11,14182.85,0
2021-06-17 09:25:12,14181.0,0
2021-06-17 09:25:13,14185.2,0
2021-06-17 09:25:15,14185.2,0
2021-06-17 09:25:16,14184.6,0
2021-06-17 09:25:17,14187.1,0
2021-06-17 09:25:18,14185.75,0
2021-06-17 09:25:20,14187.05,0
2021-06-17 09:25:21,14184.65,0
2021-06-17 09:25:22,14184.55,0
2021-06-17 09:25:23,14187.55,0
2021-06-17 09:25:24,14187.0,0
2021-06-17 09:25:26,14190.95,0
2021-06-17 09:25:29,14189.6,0
2021-06-17 09:25:30,14187.2,0
2021-06-17 09:25:31,14186.8,0
2021-06-17 09:25:32,14187.8,0
2021-06-17 09:25:33,14186.7,0
2021-06-17 09:25:34,14188.05,0
2021-06-17 09:25:35,14187.4,0
2021-06-17 09:25:36,14186.4,0
2021-06-17 09:25:38,14185.75,0
2021-06-17 09:25:39,14185.3,0
2021-06-17 09:25:41,14184.45,0
2021-06-17 09:25:42,14183.95,0
2021-06-17 09:25:43,14183.6,0
2021-06-17 09:25:44,14183.55,0
2021-06-17 09:25:48,14182.75,0
2021-06-17 09:25:49,14180.3,0
2021-06-17 09:25:50,14179.75,0
2021-06-17 09:25:51,14180.85,0
2021-06-17 09:25:53,14182.55,0
2021-06-17 09:25:54,14183.55,0
2021-06-17 09:25:55,14182.9,0
2021-06-17 09:25:56,14183.5,0
2021-06-17 09:25:57,14182.55,0
2021-06-17 09:25:58,14182.45,0
2021-06-17 09:25:59,14182.45,0
2021-06-17 09:26:00,14183.7,0
2021-06-17 09:26:02,14184.2,0
2021-06-17 09:26:03,14186.55,0
2021-06-17 09:26:04,14185.0,0
2021-06-17 09:26:05,14184.95,0
2021-06-17 09:26:06,14185.5,0
2021-06-17 09:26:07,14186.25,0
2021-06-17 09:26:08,14184.7,0
2021-06-17 09:26:09,14185.55,0
2021-06-17 09:26:10,14185.4,0
2021-06-17 09:26:11,14185.9,0
2021-06-17 09:26:12,14184.4,0
2021-06-17 09:26:13,14186.0,0
2021-06-17 09:26:14,14185.1,0
2021-06-17 09:26:15,14187.5,0
2021-06-17 09:26:17,14186.05,0
2021-06-17 09:26:18,14186.95,0
2021-06-17 09:26:20,14187.85,0
2021-06-17 09:26:21,14188.35,0
2021-06-17 09:26:22,14188.75,0
2021-06-17 09:26:23,14189.3,0
2021-06-17 09:26:24,14189.2,0
2021-06-17 09:26:25,14188.2,0
2021-06-17 09:26:27,14186.05,0
2021-06-17 09:26:28,14187.2,0
2021-06-17 09:26:29,14185.6,0
2021-06-17 09:26:30,14185.9,0
2021-06-17 09:26:31,14185.75,0
2021-06-17 09:26:32,14186.35,0
2021-06-17 09:26:33,14184.5,0
2021-06-17 09:26:34,14187.35,0
2021-06-17 09:26:35,14185.6,0
2021-06-17 09:26:36,14184.8,0
2021-06-17 09:26:37,14184.35,0
2021-06-17 09:26:38,14185.85,0
2021-06-17 09:26:39,14185.35,0
2021-06-17 09:26:40,14184.75,0
2021-06-17 09:26:44,14184.45,0
2021-06-17 09:26:45,14183.15,0
2021-06-17 09:26:46,14183.15,0
2021-06-17 09:26:48,14183.15,0
2021-06-17 09:26:49,14181.65,0
2021-06-17 09:26:50,14182.2,0
2021-06-17 09:26:51,14183.65,0
2021-06-17 09:26:52,14181.05,0
2021-06-17 09:26:53,14180.65,0
2021-06-17 09:26:54,14181.65,0
2021-06-17 09:26:55,14182.75,0
2021-06-17 09:26:56,14181.1,0
2021-06-17 09:26:57,14181.95,0
2021-06-17 09:26:58,14181.95,0
2021-06-17 09:27:00,14182.8,0
2021-06-17 09:27:01,14183.35,0
2021-06-17 09:27:02,14183.8,0
2021-06-17 09:27:03,14184.55,0
2021-06-17 09:27:04,14182.2,0
2021-06-17 09:27:05,14184.35,0
2021-06-17 09:27:06,14180.65,0
2021-06-17 09:27:07,14179.7,0
2021-06-17 09:27:08,14181.1,0
2021-06-17 09:27:10,14181.6,0
2021-06-17 09:27:11,14182.15,0
2021-06-17 09:27:12,14183.3,0
2021-06-17 09:27:14,14180.4,0
2021-06-17 09:27:15,14183.6,0
2021-06-17 09:27:16,14183.5,0
2021-06-17 09:27:19,14183.65,0
2021-06-17 09:27:20,14182.4,0
2021-06-17 09:27:23,14186.4,0
2021-06-17 09:27:27,14185.6,0
2021-06-17 09:27:28,14185.15,0
2021-06-17 09:27:29,14184.2,0
2021-06-17 09:27:30,14183.75,0
2021-06-17 09:27:31,14183.4,0
2021-06-17 09:27:32,14181.9,0
2021-06-17 09:27:34,14185.05,0
2021-06-17 09:27:36,14183.05,0
2021-06-17 09:27:37,14181.95,0
2021-06-17 09:27:38,14183.65,0
2021-06-17 09:27:39,14183.3,0
2021-06-17 09:27:41,14180.6,0
2021-06-17 09:27:42,14182.6,0
2021-06-17 09:27:43,14184.2,0
2021-06-17 09:27:44,14184.15,0
2021-06-17 09:27:45,14182.35,0
2021-06-17 09:27:46,14183.05,0
2021-06-17 09:27:48,14182.6,0
2021-06-17 09:27:49,14182.3,0
2021-06-17 09:27:50,14183.0,0
2021-06-17 09:27:51,14182.3,0
2021-06-17 09:27:53,14181.85,0
2021-06-17 09:27:55,14181.95,0
2021-06-17 09:27:56,14181.85,0
2021-06-17 09:27:59,14180.6,0
2021-06-17 09:28:00,14181.15,0
2021-06-17 09:28:01,14181.05,0
2021-06-17 09:28:02,14182.55,0
2021-06-17 09:28:03,14170.7,0
2021-06-17 09:28:04,14172.75,0
2021-06-17 09:28:06,14171.05,0
2021-06-17 09:28:07,14172.4,0
2021-06-17 09:28:08,14172.45,0
2021-06-17 09:28:09,14172.65,0
2021-06-17 09:28:11,14171.55,0
2021-06-17 09:28:12,14171.8,0
2021-06-17 09:28:13,14171.95,0
2021-06-17 09:28:14,14171.45,0
2021-06-17 09:28:15,14172.9,0
2021-06-17 09:28:16,14173.3,0
2021-06-17 09:28:17,14173.85,0
2021-06-17 09:28:18,14174.3,0
2021-06-17 09:28:20,14175.25,0
2021-06-17 09:28:21,14175.7,0
2021-06-17 09:28:23,14178.7,0
2021-06-17 09:28:24,14180.2,0
2021-06-17 09:28:25,14179.0,0
2021-06-17 09:28:26,14180.05,0
2021-06-17 09:28:27,14180.05,0
2021-06-17 09:28:28,14179.75,0
2021-06-17 09:28:29,14178.3,0
2021-06-17 09:28:30,14177.75,0
2021-06-17 09:28:31,14178.9,0
2021-06-17 09:28:32,14179.0,0
2021-06-17 09:28:33,14178.45,0
2021-06-17 09:28:34,14176.6,0
2021-06-17 09:28:35,14178.3,0
2021-06-17 09:28:36,14177.35,0
2021-06-17 09:28:37,14179.7,0
2021-06-17 09:28:38,14180.2,0
2021-06-17 09:28:39,14178.45,0
2021-06-17 09:28:40,14178.5,0
2021-06-17 09:28:41,14178.9,0
2021-06-17 09:28:42,14179.05,0
2021-06-17 09:28:43,14178.4,0
2021-06-17 09:28:45,14178.95,0
2021-06-17 09:28:46,14178.95,0
2021-06-17 09:28:48,14178.7,0
2021-06-17 09:28:49,14178.7,0
2021-06-17 09:28:50,14178.45,0
2021-06-17 09:28:52,14178.1,0
2021-06-17 09:28:53,14180.3,0
2021-06-17 09:28:54,14177.45,0
2021-06-17 09:28:55,14177.15,0
2021-06-17 09:28:56,14176.85,0
2021-06-17 09:28:57,14179.35,0
2021-06-17 09:28:58,14178.05,0
2021-06-17 09:28:59,14179.6,0
2021-06-17 09:29:00,14181.05,0
2021-06-17 09:29:01,14178.15,0
2021-06-17 09:29:02,14179.75,0
2021-06-17 09:29:03,14178.85,0
2021-06-17 09:29:04,14179.3,0
2021-06-17 09:29:05,14179.85,0
2021-06-17 09:29:06,14180.85,0
2021-06-17 09:29:07,14178.05,0
2021-06-17 09:29:08,14178.05,0
2021-06-17 09:29:10,14178.95,0
2021-06-17 09:29:11,14178.7,0
2021-06-17 09:29:13,14180.0,0
2021-06-17 09:29:15,14182.05,0
2021-06-17 09:29:16,14184.65,0
2021-06-17 09:29:17,14184.25,0
2021-06-17 09:29:18,14184.9,0
2021-06-17 09:29:19,14184.5,0
2021-06-17 09:29:20,14184.15,0
2021-06-17 09:29:21,14185.05,0
2021-06-17 09:29:22,14184.25,0
2021-06-17 09:29:24,14185.8,0
2021-06-17 09:29:25,14185.8,0
2021-06-17 09:29:26,14186.5,0
2021-06-17 09:29:28,14183.4,0
2021-06-17 09:29:29,14184.05,0
2021-06-17 09:29:31,14183.4,0
2021-06-17 09:29:32,14181.8,0
2021-06-17 09:29:33,14183.45,0
2021-06-17 09:29:34,14183.85,0
2021-06-17 09:29:35,14186.0,0
2021-06-17 09:29:36,14186.2,0
2021-06-17 09:29:37,14185.5,0
2021-06-17 09:29:38,14185.05,0
2021-06-17 09:29:39,14184.25,0
2021-06-17 09:29:40,14185.45,0
2021-06-17 09:29:41,14185.4,0
2021-06-17 09:29:42,14185.9,0
2021-06-17 09:29:43,14187.45,0
2021-06-17 09:29:44,14186.85,0
2021-06-17 09:29:45,14187.0,0
2021-06-17 09:29:46,14186.65,0
2021-06-17 09:29:47,14186.8,0
2021-06-17 09:29:49,14187.95,0
2021-06-17 09:29:50,14188.45,0
2021-06-17 09:29:51,14190.45,0
2021-06-17 09:29:53,14191.7,0
2021-06-17 09:29:54,14191.0,0
2021-06-17 09:29:55,14191.25,0
2021-06-17 09:29:56,14192.45,0
2021-06-17 09:29:58,14190.85,0
2021-06-17 09:29:59,14190.7,0
2021-06-17 09:30:01,14189.55,0
2021-06-17 09:30:02,14190.85,0
2021-06-17 09:30:03,14193.2,0
2021-06-17 09:30:04,14192.2,0
2021-06-17 09:30:05,14194.35,0
2021-06-17 09:30:06,14194.85,0
2021-06-17 09:30:10,14194.85,0
2021-06-17 09:30:13,14195.15,0
2021-06-17 09:30:14,14195.5,0
2021-06-17 09:30:15,14196.15,0
2021-06-17 09:30:17,14199.4,0
2021-06-17 09:30:18,14200.3,0
2021-06-17 09:30:19,14199.45,0
2021-06-17 09:30:20,14200.85,0
2021-06-17 09:30:21,14200.4,0
2021-06-17 09:30:22,14200.25,0
2021-06-17 09:30:23,14199.1,0
2021-06-17 09:30:24,14202.05,0
2021-06-17 09:30:25,14202.6,0
2021-06-17 09:30:26,14203.6,0
2021-06-17 09:30:27,14204.5,0
2021-06-17 09:30:28,14205.0,0
2021-06-17 09:30:29,14204.4,0
2021-06-17 09:30:31,14205.55,0
2021-06-17 09:30:32,14204.6,0
2021-06-17 09:30:33,14206.05,0
2021-06-17 09:30:34,14203.4,0
2021-06-17 09:30:35,14204.8,0
2021-06-17 09:30:36,14203.95,0
2021-06-17 09:30:37,14200.5,0
2021-06-17 09:30:38,14202.15,0
2021-06-17 09:30:39,14202.9,0
2021-06-17 09:30:40,14205.55,0
2021-06-17 09:30:41,14205.3,0
2021-06-17 09:30:42,14206.7,0
2021-06-17 09:30:43,14206.65,0
2021-06-17 09:30:45,14204.25,0
2021-06-17 09:30:46,14204.8,0
2021-06-17 09:30:47,14205.15,0
2021-06-17 09:30:48,14205.6,0
2021-06-17 09:30:49,14204.15,0
2021-06-17 09:30:50,14202.75,0
2021-06-17 09:30:51,14202.95,0
2021-06-17 09:30:52,14201.5,0
2021-06-17 09:30:53,14201.9,0
2021-06-17 09:30:54,14204.15,0
2021-06-17 09:30:55,14203.2,0
2021-06-17 09:30:56,14204.9,0
2021-06-17 09:30:57,14205.65,0
2021-06-17 09:30:58,14204.05,0
2021-06-17 09:31:00,14203.3,0
2021-06-17 09:31:02,14203.6,0
2021-06-17 09:31:05,14198.1,0
2021-06-17 09:31:06,14200.05,0
2021-06-17 09:31:08,14196.85,0
2021-06-17 09:31:09,14198.6,0
2021-06-17 09:31:11,14197.35,0
2021-06-17 09:31:14,14196.85,0
2021-06-17 09:31:15,14195.1,0
2021-06-17 09:31:17,14194.0,0
2021-06-17 09:31:18,14194.35,0
2021-06-17 09:31:19,14191.55,0
2021-06-17 09:31:20,14193.45,0
2021-06-17 09:31:21,14192.45,0
2021-06-17 09:31:22,14192.8,0
2021-06-17 09:31:23,14192.4,0
2021-06-17 09:31:24,14191.9,0
2021-06-17 09:31:25,14190.05,0
2021-06-17 09:31:26,14190.75,0
2021-06-17 09:31:28,14192.3,0
2021-06-17 09:31:31,14194.7,0
2021-06-17 09:31:32,14196.4,0
2021-06-17 09:31:33,14195.1,0
2021-06-17 09:31:34,14196.85,0
2021-06-17 09:31:35,14195.55,0
2021-06-17 09:31:36,14196.55,0
2021-06-17 09:31:38,14199.25,0
2021-06-17 09:31:39,14198.25,0
2021-06-17 09:31:40,14197.8,0
2021-06-17 09:31:41,14198.95,0
2021-06-17 09:31:42,14199.15,0
2021-06-17 09:31:44,14200.8,0
2021-06-17 09:31:45,14199.8,0
2021-06-17 09:31:46,14199.2,0
2021-06-17 09:31:47,14199.35,0
2021-06-17 09:31:48,14203.85,0
2021-06-17 09:31:49,14205.05,0
2021-06-17 09:31:51,14206.0,0
2021-06-17 09:31:52,14207.1,0
2021-06-17 09:31:54,14207.95,0
2021-06-17 09:31:55,14206.2,0
2021-06-17 09:31:56,14209.45,0
2021-06-17 09:31:57,14208.9,0
2021-06-17 09:31:59,14206.85,0
2021-06-17 09:32:01,14204.1,0
2021-06-17 09:32:02,14205.85,0
2021-06-17 09:32:03,14205.4,0
2021-06-17 09:32:04,14206.2,0
2021-06-17 09:32:08,14205.5,0
2021-06-17 09:32:09,14203.7,0
2021-06-17 09:32:10,14204.25,0
2021-06-17 09:32:11,14206.2,0
2021-06-17 09:32:12,14206.0,0
2021-06-17 09:32:13,14206.8,0
2021-06-17 09:32:14,14209.3,0
2021-06-17 09:32:15,14209.25,0
2021-06-17 09:32:16,14209.95,0
2021-06-17 09:32:17,14207.9,0
2021-06-17 09:32:18,14207.7,0
2021-06-17 09:32:20,14210.2,0
2021-06-17 09:32:22,14207.75,0
2021-06-17 09:32:25,14211.2,0
2021-06-17 09:32:28,14211.2,0
2021-06-17 09:32:29,14212.2,0
2021-06-17 09:32:31,14212.85,0
2021-06-17 09:32:32,14214.3,0
2021-06-17 09:32:33,14214.15,0
2021-06-17 09:32:34,14213.25,0
2021-06-17 09:32:35,14213.7,0
2021-06-17 09:32:36,14213.1,0
2021-06-17 09:32:37,14213.35,0
2021-06-17 09:32:38,14213.95,0
2021-06-17 09:32:39,14214.2,0
2021-06-17 09:32:40,14212.6,0
2021-06-17 09:32:41,14212.85,0
2021-06-17 09:32:44,14212.7,0
2021-06-17 09:32:45,14211.65,0
2021-06-17 09:32:46,14210.65,0
2021-06-17 09:32:47,14208.85,0
2021-06-17 09:32:48,14211.65,0
2021-06-17 09:32:49,14209.8,0
2021-06-17 09:32:50,14210.5,0
2021-06-17 09:32:51,14210.55,0
2021-06-17 09:32:52,14210.35,0
2021-06-17 09:32:53,14210.0,0
2021-06-17 09:32:54,14207.95,0
2021-06-17 09:32:55,14208.15,0
2021-06-17 09:32:56,14206.75,0
2021-06-17 09:32:57,14205.4,0
2021-06-17 09:32:58,14206.95,0
2021-06-17 09:33:01,14205.95,0
2021-06-17 09:33:02,14207.0,0
2021-06-17 09:33:03,14204.95,0
2021-06-17 09:33:04,14204.55,0
2021-06-17 09:33:05,14205.15,0
2021-06-17 09:33:06,14204.85,0
2021-06-17 09:33:07,14205.9,0
2021-06-17 09:33:08,14203.1,0
2021-06-17 09:33:09,14202.2,0
2021-06-17 09:33:10,14203.05,0
2021-06-17 09:33:11,14203.45,0
2021-06-17 09:33:12,14204.2,0
2021-06-17 09:33:13,14203.05,0
2021-06-17 09:33:14,14204.4,0
2021-06-17 09:33:15,14204.15,0
2021-06-17 09:33:16,14202.85,0
2021-06-17 09:33:17,14202.65,0
2021-06-17 09:33:18,14202.55,0
2021-06-17 09:33:19,14204.5,0
2021-06-17 09:33:20,14204.0,0
2021-06-17 09:33:21,14202.2,0
2021-06-17 09:33:22,14202.5,0
2021-06-17 09:33:23,14202.35,0
2021-06-17 09:33:25,14200.05,0
2021-06-17 09:33:26,14199.05,0
2021-06-17 09:33:27,14197.0,0
2021-06-17 09:33:28,14194.85,0
2021-06-17 09:33:29,14194.8,0
2021-06-17 09:33:30,14195.35,0
2021-06-17 09:33:31,14196.9,0
2021-06-17 09:33:32,14198.5,0
2021-06-17 09:33:33,14195.35,0
2021-06-17 09:33:34,14195.8,0
2021-06-17 09:33:35,14195.45,0
2021-06-17 09:33:36,14194.2,0
2021-06-17 09:33:37,14194.95,0
2021-06-17 09:33:38,14195.8,0
2021-06-17 09:33:40,14193.3,0
2021-06-17 09:33:41,14193.25,0
2021-06-17 09:33:42,14193.35,0
2021-06-17 09:33:43,14192.35,0
2021-06-17 09:33:44,14192.5,0
2021-06-17 09:33:45,14191.8,0
2021-06-17 09:33:46,14190.3,0
2021-06-17 09:33:47,14190.85,0
2021-06-17 09:33:48,14191.05,0
2021-06-17 09:33:49,14191.5,0
2021-06-17 09:33:50,14192.1,0
2021-06-17 09:33:51,14191.8,0
2021-06-17 09:33:52,14193.55,0
2021-06-17 09:33:53,14194.0,0
2021-06-17 09:33:54,14192.95,0
2021-06-17 09:33:55,14195.65,0
2021-06-17 09:33:56,14195.6,0
2021-06-17 09:33:57,14194.5,0
2021-06-17 09:33:58,14195.8,0
2021-06-17 09:33:59,14191.65,0
2021-06-17 09:34:00,14191.45,0
2021-06-17 09:34:01,14192.2,0
2021-06-17 09:34:02,14193.5,0
2021-06-17 09:34:04,14193.75,0
2021-06-17 09:34:06,14193.4,0
2021-06-17 09:34:07,14193.95,0
2021-06-17 09:34:08,14191.9,0
2021-06-17 09:34:09,14191.25,0
2021-06-17 09:34:10,14190.7,0
2021-06-17 09:34:12,14188.75,0
2021-06-17 09:34:13,14188.8,0
2021-06-17 09:34:15,14186.0,0
2021-06-17 09:34:16,14183.75,0
2021-06-17 09:34:17,14184.1,0
2021-06-17 09:34:18,14182.9,0
2021-06-17 09:34:19,14182.55,0
2021-06-17 09:34:23,14182.6,0
2021-06-17 09:34:24,14183.5,0
2021-06-17 09:34:25,14184.0,0
2021-06-17 09:34:26,14184.85,0
2021-06-17 09:34:27,14184.5,0
2021-06-17 09:34:28,14184.95,0
2021-06-17 09:34:29,14182.7,0
2021-06-17 09:34:31,14183.9,0
2021-06-17 09:34:32,14183.8,0
2021-06-17 09:34:34,14184.35,0
2021-06-17 09:34:35,14182.4,0
2021-06-17 09:34:36,14184.55,0
2021-06-17 09:34:38,14182.2,0
2021-06-17 09:34:40,14182.85,0
2021-06-17 09:34:41,14182.5,0
2021-06-17 09:34:43,14182.2,0
2021-06-17 09:34:44,14181.95,0
2021-06-17 09:34:45,14181.4,0
2021-06-17 09:34:47,14179.55,0
2021-06-17 09:34:48,14180.75,0
2021-06-17 09:34:49,14181.5,0
2021-06-17 09:34:50,14181.0,0
2021-06-17 09:34:51,14182.0,0
2021-06-17 09:34:52,14179.95,0
2021-06-17 09:34:53,14181.15,0
2021-06-17 09:34:54,14182.25,0
2021-06-17 09:34:55,14181.1,0
2021-06-17 09:34:56,14181.0,0
2021-06-17 09:34:57,14180.75,0
2021-06-17 09:34:58,14179.5,0
2021-06-17 09:34:59,14180.55,0
2021-06-17 09:35:00,14181.25,0
2021-06-17 09:35:01,14179.8,0
2021-06-17 09:35:02,14181.15,0
2021-06-17 09:35:03,14180.65,0
2021-06-17 09:35:04,14183.0,0
2021-06-17 09:35:05,14182.15,0
2021-06-17 09:35:07,14182.35,0
2021-06-17 09:35:08,14181.6,0
2021-06-17 09:35:09,14181.9,0
2021-06-17 09:35:10,14183.75,0
2021-06-17 09:35:11,14185.1,0
2021-06-17 09:35:12,14184.95,0
2021-06-17 09:35:13,14183.8,0
2021-06-17 09:35:14,14181.8,0
2021-06-17 09:35:15,14182.3,0
2021-06-17 09:35:16,14182.5,0
2021-06-17 09:35:17,14182.35,0
2021-06-17 09:35:18,14180.6,0
2021-06-17 09:35:19,14181.35,0
2021-06-17 09:35:20,14181.65,0
2021-06-17 09:35:21,14182.55,0
2021-06-17 09:35:22,14180.75,0
2021-06-17 09:35:23,14182.25,0
2021-06-17 09:35:24,14181.6,0
2021-06-17 09:35:25,14179.15,0
2021-06-17 09:35:26,14179.3,0
2021-06-17 09:35:27,14178.8,0
2021-06-17 09:35:28,14180.4,0
2021-06-17 09:35:29,14180.95,0
2021-06-17 09:35:30,14181.55,0
2021-06-17 09:35:32,14180.75,0
2021-06-17 09:35:33,14179.15,0
2021-06-17 09:35:34,14178.8,0
2021-06-17 09:35:35,14178.45,0
2021-06-17 09:35:36,14176.55,0
2021-06-17 09:35:38,14176.65,0
2021-06-17 09:35:40,14175.35,0
2021-06-17 09:35:41,14175.2,0
2021-06-17 09:35:42,14174.8,0
2021-06-17 09:35:43,14174.5,0
2021-06-17 09:35:44,14174.5,0
2021-06-17 09:35:45,14173.95,0
2021-06-17 09:35:46,14173.25,0
2021-06-17 09:35:47,14172.75,0
2021-06-17 09:35:48,14173.65,0
2021-06-17 09:35:49,14174.3,0
2021-06-17 09:35:50,14173.1,0
2021-06-17 09:35:51,14175.1,0
2021-06-17 09:35:54,14174.3,0
2021-06-17 09:35:55,14174.8,0
2021-06-17 09:35:56,14175.35,0
2021-06-17 09:35:57,14176.2,0
2021-06-17 09:35:58,14175.8,0
2021-06-17 09:35:59,14175.0,0
2021-06-17 09:36:00,14174.15,0
2021-06-17 09:36:01,14173.95,0
2021-06-17 09:36:02,14174.25,0
2021-06-17 09:36:03,14176.1,0
2021-06-17 09:36:04,14175.6,0
2021-06-17 09:36:05,14174.05,0
2021-06-17 09:36:07,14175.35,0
2021-06-17 09:36:08,14175.55,0
2021-06-17 09:36:09,14174.95,0
2021-06-17 09:36:12,14174.65,0
2021-06-17 09:36:13,14175.2,0
2021-06-17 09:36:14,14174.8,0
2021-06-17 09:36:15,14175.45,0
2021-06-17 09:36:16,14175.25,0
2021-06-17 09:36:17,14175.05,0
2021-06-17 09:36:18,14174.6,0
2021-06-17 09:36:20,14175.45,0
2021-06-17 09:36:21,14173.9,0
2021-06-17 09:36:22,14174.3,0
2021-06-17 09:36:23,14175.55,0
2021-06-17 09:36:24,14175.4,0
2021-06-17 09:36:25,14174.8,0
2021-06-17 09:36:26,14174.7,0
2021-06-17 09:36:27,14174.55,0
2021-06-17 09:36:28,14175.45,0
2021-06-17 09:36:29,14174.5,0
2021-06-17 09:36:30,14174.2,0
2021-06-17 09:36:31,14174.25,0
2021-06-17 09:36:32,14176.85,0
2021-06-17 09:36:33,14175.95,0
2021-06-17 09:36:35,14175.45,0
2021-06-17 09:36:36,14174.7,0
2021-06-17 09:36:37,14177.0,0
2021-06-17 09:36:38,14177.25,0
2021-06-17 09:36:39,14177.9,0
2021-06-17 09:36:40,14177.65,0
2021-06-17 09:36:41,14177.6,0
2021-06-17 09:36:42,14174.5,0
2021-06-17 09:36:43,14175.1,0
2021-06-17 09:36:44,14174.45,0
2021-06-17 09:36:45,14173.75,0
2021-06-17 09:36:46,14174.15,0
2021-06-17 09:36:48,14172.6,0
2021-06-17 09:36:49,14172.0,0
2021-06-17 09:36:50,14172.0,0
2021-06-17 09:36:51,14174.05,0
2021-06-17 09:36:54,14175.1,0
2021-06-17 09:36:55,14173.7,0
2021-06-17 09:36:57,14173.15,0
2021-06-17 09:37:01,14172.2,0
2021-06-17 09:37:02,14171.9,0
2021-06-17 09:37:03,14170.9,0
2021-06-17 09:37:04,14171.4,0
2021-06-17 09:37:05,14170.7,0
2021-06-17 09:37:06,14170.8,0
2021-06-17 09:37:07,14171.4,0
2021-06-17 09:37:09,14172.15,0
2021-06-17 09:37:10,14173.1,0
2021-06-17 09:37:11,14173.1,0
2021-06-17 09:37:12,14174.7,0
2021-06-17 09:37:13,14174.8,0
2021-06-17 09:37:14,14174.45,0
2021-06-17 09:37:15,14175.2,0
2021-06-17 09:37:16,14174.5,0
2021-06-17 09:37:17,14174.3,0
2021-06-17 09:37:18,14174.15,0
2021-06-17 09:37:20,14174.8,0
2021-06-17 09:37:21,14174.5,0
2021-06-17 09:37:22,14175.6,0
2021-06-17 09:37:23,14177.45,0
2021-06-17 09:37:24,14176.25,0
2021-06-17 09:37:25,14175.75,0
2021-06-17 09:37:26,14177.3,0
2021-06-17 09:37:27,14177.6,0
2021-06-17 09:37:28,14176.9,0
2021-06-17 09:37:30,14177.25,0
2021-06-17 09:37:31,14178.3,0
2021-06-17 09:37:32,14179.5,0
2021-06-17 09:37:33,14176.55,0
2021-06-17 09:37:34,14177.35,0
2021-06-17 09:37:36,14175.95,0
2021-06-17 09:37:37,14178.55,0
2021-06-17 09:37:38,14177.85,0
2021-06-17 09:37:39,14175.45,0
2021-06-17 09:37:40,14176.1,0
2021-06-17 09:37:41,14178.9,0
2021-06-17 09:37:42,14177.55,0
2021-06-17 09:37:43,14177.7,0
2021-06-17 09:37:44,14177.85,0
2021-06-17 09:37:45,14177.65,0
2021-06-17 09:37:47,14178.7,0
2021-06-17 09:37:48,14178.55,0
2021-06-17 09:37:49,14178.1,0
2021-06-17 09:37:50,14178.45,0
2021-06-17 09:37:51,14177.4,0
2021-06-17 09:37:52,14177.0,0
2021-06-17 09:37:53,14178.35,0
2021-06-17 09:37:54,14178.7,0
2021-06-17 09:37:55,14177.8,0
2021-06-17 09:37:56,14177.05,0
2021-06-17 09:37:57,14177.65,0
2021-06-17 09:37:59,14179.15,0
2021-06-17 09:38:01,14176.95,0
2021-06-17 09:38:03,14177.0,0
2021-06-17 09:38:04,14176.15,0
2021-06-17 09:38:05,14176.6,0
2021-06-17 09:38:06,14174.6,0
2021-06-17 09:38:07,14174.9,0
2021-06-17 09:38:08,14175.9,0
2021-06-17 09:38:09,14175.65,0
2021-06-17 09:38:10,14176.35,0
2021-06-17 09:38:11,14175.2,0
2021-06-17 09:38:12,14175.9,0
2021-06-17 09:38:13,14177.05,0
2021-06-17 09:38:14,14179.0,0
2021-06-17 09:38:15,14178.45,0
2021-06-17 09:38:16,14178.15,0
2021-06-17 09:38:17,14177.25,0
2021-06-17 09:38:18,14176.45,0
2021-06-17 09:38:20,14177.55,0
2021-06-17 09:38:22,14176.95,0
2021-06-17 09:38:24,14177.35,0
2021-06-17 09:38:25,14177.4,0
2021-06-17 09:38:26,14176.7,0
2021-06-17 09:38:27,14176.85,0
2021-06-17 09:38:28,14175.9,0
2021-06-17 09:38:29,14174.65,0
2021-06-17 09:38:30,14172.6,0
2021-06-17 09:38:31,14173.75,0
2021-06-17 09:38:32,14175.45,0
2021-06-17 09:38:33,14175.45,0
2021-06-17 09:38:34,14175.55,0
2021-06-17 09:38:35,14172.95,0
2021-06-17 09:38:36,14173.8,0
2021-06-17 09:38:38,14173.2,0
2021-06-17 09:38:39,14172.75,0
2021-06-17 09:38:42,14172.75,0
2021-06-17 09:38:45,14168.75,0
2021-06-17 09:38:46,14169.55,0
2021-06-17 09:38:47,14168.35,0
2021-06-17 09:38:48,14168.25,0
2021-06-17 09:38:49,14169.5,0
2021-06-17 09:38:51,14168.9,0
2021-06-17 09:38:53,14168.95,0
2021-06-17 09:38:54,14168.35,0
2021-06-17 09:38:55,14169.1,0
2021-06-17 09:38:56,14168.85,0
2021-06-17 09:38:59,14167.75,0
2021-06-17 09:39:00,14167.75,0
2021-06-17 09:39:01,14167.85,0
2021-06-17 09:39:02,14167.25,0
2021-06-17 09:39:03,14166.8,0
2021-06-17 09:39:04,14167.9,0
2021-06-17 09:39:05,14166.55,0
2021-06-17 09:39:06,14168.65,0
2021-06-17 09:39:07,14166.6,0
2021-06-17 09:39:09,14165.45,0
2021-06-17 09:39:10,14167.35,0
2021-06-17 09:39:11,14166.0,0
2021-06-17 09:39:12,14165.6,0
2021-06-17 09:39:13,14165.6,0
2021-06-17 09:39:15,14166.75,0
2021-06-17 09:39:16,14166.05,0
2021-06-17 09:39:18,14164.85,0
2021-06-17 09:39:19,14165.6,0
2021-06-17 09:39:20,14165.65,0
2021-06-17 09:39:21,14165.95,0
2021-06-17 09:39:22,14166.4,0
2021-06-17 09:39:23,14166.4,0
2021-06-17 09:39:24,14166.8,0
2021-06-17 09:39:25,14167.0,0
2021-06-17 09:39:26,14164.15,0
2021-06-17 09:39:27,14166.2,0
2021-06-17 09:39:28,14164.4,0
2021-06-17 09:39:31,14165.4,0
2021-06-17 09:39:32,14165.7,0
2021-06-17 09:39:34,14164.6,0
2021-06-17 09:39:36,14164.35,0
2021-06-17 09:39:38,14164.5,0
2021-06-17 09:39:39,14163.55,0
2021-06-17 09:39:40,14163.2,0
2021-06-17 09:39:41,14162.5,0
2021-06-17 09:39:42,14161.95,0
2021-06-17 09:39:43,14162.45,0
2021-06-17 09:39:44,14162.5,0
2021-06-17 09:39:45,14162.8,0
2021-06-17 09:39:46,14162.1,0
2021-06-17 09:39:50,14158.3,0
2021-06-17 09:39:51,14156.6,0
2021-06-17 09:39:52,14156.4,0
2021-06-17 09:39:53,14157.55,0
2021-06-17 09:39:54,14158.7,0
2021-06-17 09:39:55,14159.8,0
2021-06-17 09:39:56,14159.0,0
2021-06-17 09:39:57,14158.5,0
2021-06-17 09:39:58,14157.25,0
2021-06-17 09:39:59,14157.85,0
2021-06-17 09:40:00,14156.7,0
2021-06-17 09:40:01,14157.4,0
2021-06-17 09:40:02,14157.8,0
2021-06-17 09:40:03,14159.2,0
2021-06-17 09:40:04,14159.85,0
2021-06-17 09:40:05,14160.1,0
2021-06-17 09:40:06,14158.85,0
2021-06-17 09:40:07,14158.4,0
2021-06-17 09:40:08,14157.8,0
2021-06-17 09:40:09,14161.4,0
2021-06-17 09:40:10,14164.45,0
2021-06-17 09:40:11,14165.2,0
2021-06-17 09:40:12,14165.5,0
2021-06-17 09:40:13,14166.85,0
2021-06-17 09:40:14,14164.65,0
2021-06-17 09:40:15,14164.65,0
2021-06-17 09:40:17,14167.65,0
2021-06-17 09:40:18,14167.4,0
2021-06-17 09:40:19,14168.75,0
2021-06-17 09:40:20,14169.6,0
2021-06-17 09:40:21,14169.75,0
2021-06-17 09:40:22,14170.95,0
2021-06-17 09:40:24,14168.2,0
2021-06-17 09:40:25,14168.05,0
2021-06-17 09:40:26,14169.15,0
2021-06-17 09:40:27,14172.0,0
2021-06-17 09:40:28,14170.75,0
2021-06-17 09:40:29,14171.45,0
2021-06-17 09:40:30,14173.15,0
2021-06-17 09:40:31,14173.45,0
2021-06-17 09:40:33,14173.65,0
2021-06-17 09:40:34,14174.05,0
2021-06-17 09:40:35,14173.25,0
2021-06-17 09:40:36,14174.15,0
2021-06-17 09:40:37,14174.8,0
2021-06-17 09:40:38,14175.45,0
2021-06-17 09:40:40,14172.35,0
2021-06-17 09:40:41,14172.3,0
2021-06-17 09:40:42,14173.05,0
2021-06-17 09:40:43,14172.05,0
2021-06-17 09:40:44,14170.4,0
2021-06-17 09:40:45,14170.2,0
2021-06-17 09:40:46,14168.55,0
2021-06-17 09:40:47,14169.75,0
2021-06-17 09:40:48,14168.5,0
2021-06-17 09:40:50,14169.95,0
2021-06-17 09:40:51,14165.15,0
2021-06-17 09:40:52,14165.15,0
2021-06-17 09:40:53,14166.35,0
2021-06-17 09:40:54,14167.75,0
2021-06-17 09:40:55,14167.2,0
2021-06-17 09:40:57,14164.95,0
2021-06-17 09:40:58,14164.75,0
2021-06-17 09:40:59,14164.05,0
2021-06-17 09:41:00,14163.5,0
2021-06-17 09:41:01,14163.65,0
2021-06-17 09:41:02,14163.9,0
2021-06-17 09:41:03,14163.55,0
2021-06-17 09:41:04,14162.75,0
2021-06-17 09:41:05,14161.65,0
2021-06-17 09:41:06,14160.6,0
2021-06-17 09:41:07,14159.9,0
2021-06-17 09:41:08,14160.0,0
2021-06-17 09:41:09,14159.45,0
2021-06-17 09:41:11,14158.45,0
2021-06-17 09:41:12,14158.1,0
2021-06-17 09:41:16,14159.9,0
2021-06-17 09:41:17,14161.05,0
2021-06-17 09:41:18,14159.6,0
2021-06-17 09:41:19,14159.55,0
2021-06-17 09:41:20,14158.8,0
2021-06-17 09:41:22,14159.65,0
2021-06-17 09:41:23,14160.6,0
2021-06-17 09:41:25,14160.65,0
2021-06-17 09:41:28,14160.9,0
2021-06-17 09:41:29,14161.05,0
2021-06-17 09:41:30,14161.9,0
2021-06-17 09:41:31,14162.05,0
2021-06-17 09:41:32,14161.35,0
2021-06-17 09:41:33,14163.45,0
2021-06-17 09:41:34,14161.8,0
2021-06-17 09:41:35,14161.35,0
2021-06-17 09:41:36,14163.95,0
2021-06-17 09:41:37,14164.5,0
2021-06-17 09:41:38,14164.3,0
2021-06-17 09:41:39,14162.7,0
2021-06-17 09:41:40,14161.65,0
2021-06-17 09:41:41,14162.75,0
2021-06-17 09:41:42,14162.0,0
2021-06-17 09:41:43,14161.3,0
2021-06-17 09:41:44,14162.0,0
2021-06-17 09:41:46,14163.3,0
2021-06-17 09:41:47,14161.85,0
2021-06-17 09:41:48,14162.65,0
2021-06-17 09:41:49,14162.75,0
2021-06-17 09:41:50,14161.85,0
2021-06-17 09:41:51,14163.0,0
2021-06-17 09:41:52,14163.2,0
2021-06-17 09:41:53,14163.85,0
2021-06-17 09:41:54,14163.75,0
2021-06-17 09:41:55,14163.95,0
2021-06-17 09:41:57,14163.05,0
2021-06-17 09:41:58,14163.0,0
2021-06-17 09:41:59,14161.85,0
2021-06-17 09:42:00,14160.85,0
2021-06-17 09:42:01,14161.4,0
2021-06-17 09:42:02,14162.5,0
2021-06-17 09:42:03,14162.35,0
2021-06-17 09:42:04,14163.75,0
2021-06-17 09:42:05,14163.75,0
2021-06-17 09:42:07,14162.8,0
2021-06-17 09:42:08,14162.4,0
2021-06-17 09:42:09,14163.2,0
2021-06-17 09:42:10,14162.6,0
2021-06-17 09:42:11,14163.6,0
2021-06-17 09:42:12,14164.3,0
2021-06-17 09:42:13,14163.3,0
2021-06-17 09:42:14,14163.6,0
2021-06-17 09:42:15,14162.95,0
2021-06-17 09:42:16,14162.95,0
2021-06-17 09:42:17,14163.35,0
2021-06-17 09:42:18,14163.55,0
2021-06-17 09:42:19,14163.3,0
2021-06-17 09:42:20,14164.65,0
2021-06-17 09:42:21,14163.9,0
2021-06-17 09:42:22,14164.8,0
2021-06-17 09:42:23,14165.05,0
2021-06-17 09:42:24,14164.95,0
2021-06-17 09:42:25,14163.85,0
2021-06-17 09:42:26,14165.15,0
2021-06-17 09:42:27,14164.6,0
2021-06-17 09:42:28,14164.65,0
2021-06-17 09:42:29,14164.0,0
2021-06-17 09:42:30,14164.85,0
2021-06-17 09:42:31,14165.2,0
2021-06-17 09:42:32,14163.95,0
2021-06-17 09:42:33,14164.4,0
2021-06-17 09:42:34,14163.5,0
2021-06-17 09:42:35,14164.8,0
2021-06-17 09:42:36,14164.15,0
2021-06-17 09:42:37,14163.8,0
2021-06-17 09:42:38,14162.45,0
2021-06-17 09:42:39,14163.55,0
2021-06-17 09:42:40,14162.3,0
2021-06-17 09:42:41,14162.2,0
2021-06-17 09:42:42,14163.65,0
2021-06-17 09:42:43,14163.6,0
2021-06-17 09:42:44,14162.95,0
2021-06-17 09:42:45,14166.25,0
2021-06-17 09:42:46,14165.6,0
2021-06-17 09:42:47,14166.85,0
2021-06-17 09:42:48,14165.45,0
2021-06-17 09:42:49,14167.5,0
2021-06-17 09:42:50,14167.55,0
2021-06-17 09:42:52,14168.8,0
2021-06-17 09:42:53,14167.45,0
2021-06-17 09:42:54,14166.9,0
2021-06-17 09:42:56,14166.65,0
2021-06-17 09:42:58,14167.6,0
2021-06-17 09:42:59,14169.0,0
2021-06-17 09:43:00,14168.5,0
2021-06-17 09:43:01,14170.75,0
2021-06-17 09:43:02,14171.1,0
2021-06-17 09:43:04,14169.45,0
2021-06-17 09:43:05,14169.95,0
2021-06-17 09:43:06,14169.95,0
2021-06-17 09:43:07,14171.35,0
2021-06-17 09:43:08,14171.05,0
2021-06-17 09:43:09,14168.3,0
2021-06-17 09:43:10,14169.8,0
2021-06-17 09:43:11,14169.9,0
2021-06-17 09:43:12,14169.85,0
2021-06-17 09:43:13,14169.6,0
2021-06-17 09:43:14,14168.4,0
2021-06-17 09:43:16,14169.9,0
2021-06-17 09:43:17,14170.6,0
2021-06-17 09:43:18,14169.5,0
2021-06-17 09:43:19,14169.5,0
2021-06-17 09:43:21,14167.55,0
2021-06-17 09:43:22,14166.45,0
2021-06-17 09:43:23,14167.65,0
2021-06-17 09:43:24,14167.25,0
2021-06-17 09:43:26,14166.35,0
2021-06-17 09:43:28,14167.15,0
2021-06-17 09:43:29,14167.6,0
2021-06-17 09:43:30,14166.9,0
2021-06-17 09:43:31,14169.3,0
2021-06-17 09:43:32,14166.95,0
2021-06-17 09:43:33,14167.2,0
2021-06-17 09:43:34,14166.1,0
2021-06-17 09:43:35,14167.0,0
2021-06-17 09:43:36,14168.25,0
2021-06-17 09:43:37,14167.5,0
2021-06-17 09:43:38,14167.9,0
2021-06-17 09:43:39,14168.15,0
2021-06-17 09:43:40,14167.0,0
2021-06-17 09:43:42,14166.9,0
2021-06-17 09:43:43,14167.75,0
2021-06-17 09:43:44,14167.85,0
2021-06-17 09:43:46,14165.65,0
2021-06-17 09:43:48,14166.4,0
2021-06-17 09:43:49,14165.65,0
2021-06-17 09:43:50,14165.1,0
2021-06-17 09:43:52,14165.8,0
2021-06-17 09:43:53,14165.9,0
2021-06-17 09:43:54,14166.25,0
2021-06-17 09:43:55,14165.55,0
2021-06-17 09:43:56,14165.25,0
2021-06-17 09:43:57,14163.45,0
2021-06-17 09:43:59,14165.4,0
2021-06-17 09:44:01,14163.8,0
2021-06-17 09:44:02,14165.2,0
2021-06-17 09:44:03,14166.4,0
2021-06-17 09:44:04,14166.05,0
2021-06-17 09:44:05,14167.45,0
2021-06-17 09:44:06,14167.1,0
2021-06-17 09:44:07,14166.35,0
2021-06-17 09:44:08,14166.0,0
2021-06-17 09:44:09,14165.4,0
2021-06-17 09:44:10,14165.2,0
2021-06-17 09:44:11,14165.0,0
2021-06-17 09:44:12,14164.8,0
2021-06-17 09:44:14,14166.4,0
2021-06-17 09:44:15,14167.9,0
2021-06-17 09:44:16,14166.7,0
2021-06-17 09:44:17,14167.35,0
2021-06-17 09:44:18,14167.55,0
2021-06-17 09:44:19,14167.85,0
2021-06-17 09:44:20,14166.4,0
2021-06-17 09:44:21,14168.25,0
2021-06-17 09:44:22,14168.95,0
2021-06-17 09:44:24,14168.85,0
2021-06-17 09:44:25,14168.45,0
2021-06-17 09:44:26,14169.35,0
2021-06-17 09:44:27,14169.1,0
2021-06-17 09:44:29,14168.75,0
2021-06-17 09:44:30,14167.7,0
2021-06-17 09:44:31,14167.75,0
2021-06-17 09:44:32,14170.65,0
2021-06-17 09:44:33,14171.9,0
2021-06-17 09:44:34,14172.45,0
2021-06-17 09:44:35,14172.7,0
2021-06-17 09:44:36,14172.0,0
2021-06-17 09:44:37,14171.8,0
2021-06-17 09:44:38,14173.25,0
2021-06-17 09:44:39,14172.85,0
2021-06-17 09:44:40,14171.15,0
2021-06-17 09:44:41,14170.9,0
2021-06-17 09:44:42,14171.05,0
2021-06-17 09:44:43,14171.45,0
2021-06-17 09:44:44,14170.2,0
2021-06-17 09:44:45,14170.2,0
2021-06-17 09:44:46,14170.2,0
2021-06-17 09:44:47,14170.0,0
2021-06-17 09:44:49,14170.65,0
2021-06-17 09:44:50,14168.7,0
2021-06-17 09:44:52,14165.95,0
2021-06-17 09:44:53,14166.8,0
2021-06-17 09:44:54,14167.65,0
2021-06-17 09:44:55,14169.45,0
2021-06-17 09:44:56,14170.85,0
2021-06-17 09:44:57,14170.55,0
2021-06-17 09:44:58,14169.75,0
2021-06-17 09:44:59,14169.5,0
2021-06-17 09:45:00,14170.15,0
2021-06-17 09:45:01,14169.6,0
2021-06-17 09:45:02,14169.75,0
2021-06-17 09:45:03,14168.7,0
2021-06-17 09:45:04,14168.45,0
2021-06-17 09:45:06,14168.1,0
2021-06-17 09:45:07,14168.7,0
2021-06-17 09:45:08,14168.85,0
2021-06-17 09:45:09,14170.15,0
2021-06-17 09:45:10,14170.3,0
2021-06-17 09:45:12,14170.6,0
2021-06-17 09:45:13,14169.75,0
2021-06-17 09:45:14,14169.4,0
2021-06-17 09:45:15,14169.9,0
2021-06-17 09:45:16,14169.85,0
2021-06-17 09:45:17,14170.25,0
2021-06-17 09:45:18,14171.55,0
2021-06-17 09:45:19,14169.05,0
2021-06-17 09:45:21,14172.5,0
2021-06-17 09:45:23,14176.15,0
2021-06-17 09:45:25,14178.45,0
2021-06-17 09:45:27,14178.8,0
2021-06-17 09:45:30,14178.0,0
2021-06-17 09:45:32,14180.15,0
2021-06-17 09:45:33,14180.6,0
2021-06-17 09:45:34,14179.1,0
2021-06-17 09:45:35,14178.95,0
2021-06-17 09:45:38,14181.6,0
2021-06-17 09:45:39,14181.45,0
2021-06-17 09:45:40,14182.5,0
2021-06-17 09:45:41,14180.3,0
2021-06-17 09:45:42,14180.1,0
2021-06-17 09:45:43,14180.35,0
2021-06-17 09:45:45,14179.3,0
2021-06-17 09:45:47,14178.55,0
2021-06-17 09:45:50,14180.8,0
2021-06-17 09:45:51,14179.4,0
2021-06-17 09:45:52,14179.7,0
2021-06-17 09:45:53,14181.3,0
2021-06-17 09:45:54,14180.3,0
2021-06-17 09:45:55,14181.65,0
2021-06-17 09:45:56,14181.2,0
2021-06-17 09:45:57,14181.3,0
2021-06-17 09:45:58,14181.7,0
2021-06-17 09:45:59,14181.45,0
2021-06-17 09:46:00,14180.65,0
2021-06-17 09:46:02,14182.1,0
2021-06-17 09:46:03,14183.4,0
2021-06-17 09:46:04,14184.1,0
2021-06-17 09:46:06,14184.6,0
2021-06-17 09:46:07,14183.15,0
2021-06-17 09:46:09,14183.8,0
2021-06-17 09:46:10,14183.05,0
2021-06-17 09:46:11,14183.7,0
2021-06-17 09:46:12,14184.0,0
2021-06-17 09:46:13,14184.25,0
2021-06-17 09:46:15,14183.2,0
2021-06-17 09:46:16,14182.15,0
2021-06-17 09:46:17,14181.5,0
2021-06-17 09:46:18,14180.15,0
2021-06-17 09:46:19,14182.25,0
2021-06-17 09:46:20,14182.35,0
2021-06-17 09:46:21,14182.0,0
2021-06-17 09:46:22,14181.15,0
2021-06-17 09:46:23,14181.9,0
2021-06-17 09:46:25,14178.35,0
2021-06-17 09:46:26,14179.1,0
2021-06-17 09:46:28,14178.15,0
2021-06-17 09:46:29,14178.8,0
2021-06-17 09:46:30,14181.1,0
2021-06-17 09:46:31,14180.95,0
2021-06-17 09:46:32,14180.55,0
2021-06-17 09:46:33,14180.75,0
2021-06-17 09:46:34,14183.2,0
2021-06-17 09:46:35,14184.0,0
2021-06-17 09:46:36,14180.8,0
2021-06-17 09:46:37,14181.0,0
2021-06-17 09:46:38,14182.35,0
2021-06-17 09:46:39,14182.05,0
2021-06-17 09:46:40,14182.15,0
2021-06-17 09:46:41,14180.85,0
2021-06-17 09:46:42,14182.05,0
2021-06-17 09:46:43,14181.55,0
2021-06-17 09:46:46,14179.2,0
2021-06-17 09:46:47,14178.5,0
2021-06-17 09:46:48,14179.4,0
2021-06-17 09:46:50,14182.15,0
2021-06-17 09:46:49,14180.45,0
2021-06-17 09:46:51,14182.35,0
2021-06-17 09:46:52,14182.75,0
2021-06-17 09:46:53,14183.9,0
2021-06-17 09:46:54,14182.2,0
2021-06-17 09:46:55,14182.05,0
2021-06-17 09:46:56,14178.95,0
2021-06-17 09:46:57,14180.9,0
2021-06-17 09:46:59,14181.5,0
2021-06-17 09:47:00,14179.55,0
2021-06-17 09:47:01,14178.4,0
2021-06-17 09:47:03,14177.8,0
2021-06-17 09:47:04,14177.1,0
2021-06-17 09:47:05,14176.85,0
2021-06-17 09:47:06,14177.4,0
2021-06-17 09:47:07,14179.0,0
2021-06-17 09:47:09,14179.15,0
2021-06-17 09:47:10,14177.9,0
2021-06-17 09:47:11,14178.05,0
2021-06-17 09:47:12,14178.55,0
2021-06-17 09:47:13,14178.55,0
2021-06-17 09:47:14,14178.2,0
2021-06-17 09:47:15,14176.6,0
2021-06-17 09:47:17,14177.35,0
2021-06-17 09:47:18,14177.15,0
2021-06-17 09:47:19,14177.05,0
2021-06-17 09:47:20,14178.4,0
2021-06-17 09:47:21,14176.9,0
2021-06-17 09:47:22,14178.1,0
2021-06-17 09:47:23,14177.65,0
2021-06-17 09:47:24,14178.7,0
2021-06-17 09:47:25,14178.75,0
2021-06-17 09:47:26,14178.05,0
2021-06-17 09:47:28,14177.05,0
2021-06-17 09:47:29,14177.2,0
2021-06-17 09:47:30,14177.55,0
2021-06-17 09:47:31,14176.25,0
2021-06-17 09:47:32,14175.5,0
2021-06-17 09:47:33,14175.7,0
2021-06-17 09:47:34,14177.0,0
2021-06-17 09:47:35,14177.6,0
2021-06-17 09:47:36,14177.15,0
2021-06-17 09:47:37,14177.4,0
2021-06-17 09:47:38,14176.9,0
2021-06-17 09:47:39,14177.6,0
2021-06-17 09:47:40,14177.7,0
2021-06-17 09:47:42,14177.35,0
2021-06-17 09:47:44,14177.85,0
2021-06-17 09:47:45,14177.05,0
2021-06-17 09:47:46,14176.4,0
2021-06-17 09:47:47,14176.35,0
2021-06-17 09:47:48,14176.8,0
2021-06-17 09:47:50,14177.15,0
2021-06-17 09:47:51,14177.5,0
2021-06-17 09:47:52,14176.85,0
2021-06-17 09:47:53,14178.65,0
2021-06-17 09:47:54,14176.6,0
2021-06-17 09:47:55,14177.85,0
2021-06-17 09:47:56,14179.05,0
2021-06-17 09:47:57,14178.85,0
2021-06-17 09:48:00,14180.5,0
2021-06-17 09:48:02,14180.2,0
2021-06-17 09:48:03,14180.2,0
2021-06-17 09:48:04,14178.7,0
2021-06-17 09:48:06,14177.85,0
2021-06-17 09:48:10,14177.45,0
2021-06-17 09:48:12,14179.25,0
2021-06-17 09:48:13,14178.4,0
2021-06-17 09:48:14,14176.5,0
2021-06-17 09:48:15,14178.2,0
2021-06-17 09:48:16,14179.35,0
2021-06-17 09:48:17,14178.2,0
2021-06-17 09:48:18,14180.1,0
2021-06-17 09:48:19,14179.65,0
2021-06-17 09:48:21,14178.95,0
2021-06-17 09:48:22,14179.45,0
2021-06-17 09:48:23,14178.85,0
2021-06-17 09:48:24,14177.8,0
2021-06-17 09:48:25,14179.95,0
2021-06-17 09:48:26,14178.35,0
2021-06-17 09:48:27,14178.05,0
2021-06-17 09:48:28,14177.2,0
2021-06-17 09:48:29,14177.2,0
2021-06-17 09:48:32,14177.05,0
2021-06-17 09:48:33,14178.8,0
2021-06-17 09:48:34,14179.05,0
2021-06-17 09:48:35,14179.05,0
2021-06-17 09:48:36,14178.5,0
2021-06-17 09:48:37,14179.0,0
2021-06-17 09:48:38,14179.2,0
2021-06-17 09:48:40,14180.5,0
2021-06-17 09:48:41,14180.6,0
2021-06-17 09:48:43,14180.0,0
2021-06-17 09:48:44,14180.35,0
2021-06-17 09:48:45,14180.0,0
2021-06-17 09:48:46,14181.95,0
2021-06-17 09:48:47,14181.9,0
2021-06-17 09:48:48,14182.25,0
2021-06-17 09:48:49,14180.2,0
2021-06-17 09:48:50,14180.9,0
2021-06-17 09:48:51,14179.45,0
2021-06-17 09:48:52,14182.9,0
2021-06-17 09:48:55,14181.3,0
2021-06-17 09:48:56,14182.2,0
2021-06-17 09:48:57,14181.5,0
2021-06-17 09:48:58,14182.2,0
2021-06-17 09:48:59,14180.65,0
2021-06-17 09:49:00,14180.75,0
2021-06-17 09:49:01,14181.45,0
2021-06-17 09:49:02,14181.9,0
2021-06-17 09:49:03,14184.35,0
2021-06-17 09:49:04,14183.7,0
2021-06-17 09:49:05,14183.5,0
2021-06-17 09:49:06,14184.55,0
2021-06-17 09:49:08,14185.65,0
2021-06-17 09:49:10,14185.15,0
2021-06-17 09:49:11,14186.25,0
2021-06-17 09:49:12,14185.0,0
2021-06-17 09:49:13,14186.7,0
2021-06-17 09:49:14,14186.4,0
2021-06-17 09:49:15,14187.15,0
2021-06-17 09:49:16,14186.3,0
2021-06-17 09:49:17,14187.0,0
2021-06-17 09:49:19,14187.65,0
2021-06-17 09:49:20,14187.1,0
2021-06-17 09:49:21,14186.6,0
2021-06-17 09:49:22,14187.95,0
2021-06-17 09:49:23,14189.3,0
2021-06-17 09:49:24,14187.6,0
2021-06-17 09:49:25,14186.85,0
2021-06-17 09:49:26,14186.5,0
2021-06-17 09:49:27,14186.8,0
2021-06-17 09:49:28,14188.05,0
2021-06-17 09:49:30,14188.8,0
2021-06-17 09:49:31,14188.05,0
2021-06-17 09:49:32,14190.2,0
2021-06-17 09:49:33,14190.5,0
2021-06-17 09:49:34,14188.45,0
2021-06-17 09:49:35,14189.6,0
2021-06-17 09:49:36,14189.25,0
2021-06-17 09:49:37,14189.6,0
2021-06-17 09:49:38,14190.65,0
2021-06-17 09:49:39,14191.2,0
2021-06-17 09:49:40,14191.2,0
2021-06-17 09:49:42,14192.7,0
2021-06-17 09:49:43,14205.55,0
2021-06-17 09:49:44,14205.4,0
2021-06-17 09:49:45,14206.4,0
2021-06-17 09:49:47,14205.05,0
2021-06-17 09:49:48,14203.7,0
2021-06-17 09:49:49,14202.7,0
2021-06-17 09:49:50,14200.75,0
2021-06-17 09:49:51,14201.6,0
2021-06-17 09:49:52,14200.5,0
2021-06-17 09:49:53,14202.8,0
2021-06-17 09:49:54,14202.5,0
2021-06-17 09:49:56,14202.0,0
2021-06-17 09:49:57,14202.35,0
2021-06-17 09:49:58,14203.7,0
2021-06-17 09:49:59,14203.3,0
2021-06-17 09:50:00,14201.15,0
2021-06-17 09:50:01,14199.45,0
2021-06-17 09:50:02,14200.5,0
2021-06-17 09:50:03,14202.5,0
2021-06-17 09:50:04,14202.2,0
2021-06-17 09:50:05,14201.45,0
2021-06-17 09:50:06,14202.35,0
2021-06-17 09:50:07,14201.25,0
2021-06-17 09:50:09,14201.7,0
2021-06-17 09:50:10,14203.5,0
2021-06-17 09:50:11,14202.1,0
2021-06-17 09:50:12,14202.9,0
2021-06-17 09:50:13,14203.1,0
2021-06-17 09:50:14,14203.35,0
2021-06-17 09:50:15,14201.25,0
2021-06-17 09:50:16,14200.6,0
2021-06-17 09:50:17,14202.75,0
2021-06-17 09:50:18,14202.65,0
2021-06-17 09:50:19,14200.95,0
2021-06-17 09:50:20,14201.7,0
2021-06-17 09:50:21,14202.0,0
2021-06-17 09:50:22,14201.9,0
2021-06-17 09:50:23,14204.6,0
2021-06-17 09:50:24,14204.2,0
2021-06-17 09:50:26,14203.8,0
2021-06-17 09:50:27,14202.05,0
2021-06-17 09:50:28,14201.7,0
2021-06-17 09:50:30,14200.85,0
2021-06-17 09:50:31,14200.9,0
2021-06-17 09:50:32,14199.75,0
2021-06-17 09:50:35,14199.85,0
2021-06-17 09:50:36,14199.85,0
2021-06-17 09:50:37,14199.45,0
2021-06-17 09:50:38,14199.15,0
2021-06-17 09:50:39,14198.5,0
2021-06-17 09:50:40,14199.0,0
2021-06-17 09:50:41,14198.75,0
2021-06-17 09:50:43,14200.05,0
2021-06-17 09:50:44,14198.75,0
2021-06-17 09:50:45,14199.0,0
2021-06-17 09:50:46,14197.55,0
2021-06-17 09:50:47,14198.2,0
2021-06-17 09:50:48,14199.0,0
2021-06-17 09:50:49,14199.35,0
2021-06-17 09:50:50,14197.65,0
2021-06-17 09:50:51,14197.25,0
2021-06-17 09:50:52,14197.05,0
2021-06-17 09:50:53,14197.7,0
2021-06-17 09:50:55,14195.55,0
2021-06-17 09:50:56,14194.85,0
2021-06-17 09:50:57,14195.8,0
2021-06-17 09:50:58,14195.4,0
2021-06-17 09:50:59,14196.75,0
2021-06-17 09:51:00,14195.55,0
2021-06-17 09:51:01,14194.9,0
2021-06-17 09:51:02,14195.85,0
2021-06-17 09:51:03,14196.0,0
2021-06-17 09:51:04,14195.25,0
2021-06-17 09:51:05,14195.8,0
2021-06-17 09:51:06,14196.15,0
2021-06-17 09:51:07,14196.5,0
2021-06-17 09:51:08,14195.4,0
2021-06-17 09:51:09,14194.8,0
2021-06-17 09:51:10,14194.25,0
2021-06-17 09:51:12,14197.25,0
2021-06-17 09:51:13,14195.8,0
2021-06-17 09:51:14,14194.5,0
2021-06-17 09:51:17,14195.5,0
2021-06-17 09:51:18,14196.8,0
2021-06-17 09:51:19,14196.75,0
2021-06-17 09:51:20,14195.3,0
2021-06-17 09:51:21,14195.55,0
2021-06-17 09:51:22,14197.5,0
2021-06-17 09:51:23,14195.75,0
2021-06-17 09:51:24,14193.05,0
2021-06-17 09:51:26,14193.85,0
2021-06-17 09:51:27,14192.05,0
2021-06-17 09:51:28,14192.6,0
2021-06-17 09:51:30,14194.2,0
2021-06-17 09:51:31,14193.2,0
2021-06-17 09:51:32,14193.75,0
2021-06-17 09:51:33,14193.6,0
2021-06-17 09:51:34,14193.6,0
2021-06-17 09:51:35,14193.3,0
2021-06-17 09:51:36,14194.6,0
2021-06-17 09:51:37,14194.1,0
2021-06-17 09:51:38,14194.95,0
2021-06-17 09:51:39,14194.1,0
2021-06-17 09:51:40,14194.4,0
2021-06-17 09:51:41,14193.95,0
2021-06-17 09:51:42,14194.8,0
2021-06-17 09:51:43,14194.8,0
2021-06-17 09:51:44,14192.85,0
2021-06-17 09:51:45,14193.2,0
2021-06-17 09:51:47,14193.4,0
2021-06-17 09:51:48,14191.8,0
2021-06-17 09:51:49,14193.1,0
2021-06-17 09:51:50,14192.7,0
2021-06-17 09:51:52,14190.1,0
2021-06-17 09:51:53,14191.75,0
2021-06-17 09:51:54,14193.0,0
2021-06-17 09:51:55,14190.85,0
2021-06-17 09:51:56,14190.95,0
2021-06-17 09:51:57,14189.9,0
2021-06-17 09:51:58,14191.55,0
2021-06-17 09:51:59,14193.0,0
2021-06-17 09:52:00,14193.0,0
2021-06-17 09:52:01,14193.8,0
2021-06-17 09:52:02,14192.35,0
2021-06-17 09:52:03,14193.3,0
2021-06-17 09:52:04,14192.5,0
2021-06-17 09:52:05,14192.1,0
2021-06-17 09:52:06,14191.7,0
2021-06-17 09:52:07,14192.9,0
2021-06-17 09:52:08,14192.1,0
2021-06-17 09:52:09,14191.5,0
2021-06-17 09:52:10,14192.55,0
2021-06-17 09:52:11,14192.7,0
2021-06-17 09:52:12,14192.4,0
2021-06-17 09:52:13,14192.2,0
2021-06-17 09:52:14,14191.75,0
2021-06-17 09:52:15,14191.9,0
2021-06-17 09:52:16,14192.5,0
2021-06-17 09:52:18,14193.25,0
2021-06-17 09:52:19,14192.4,0
2021-06-17 09:52:20,14193.25,0
2021-06-17 09:52:21,14192.6,0
2021-06-17 09:52:23,14194.45,0
2021-06-17 09:52:24,14195.35,0
2021-06-17 09:52:25,14198.6,0
2021-06-17 09:52:26,14199.25,0
2021-06-17 09:52:28,14199.95,0
2021-06-17 09:52:29,14198.4,0
2021-06-17 09:52:30,14197.15,0
2021-06-17 09:52:31,14196.35,0
2021-06-17 09:52:33,14198.55,0
2021-06-17 09:52:34,14199.2,0
2021-06-17 09:52:35,14198.0,0
2021-06-17 09:52:36,14197.8,0
2021-06-17 09:52:37,14193.4,0
2021-06-17 09:52:38,14193.1,0
2021-06-17 09:52:39,14192.4,0
2021-06-17 09:52:40,14192.45,0
2021-06-17 09:52:41,14192.0,0
2021-06-17 09:52:42,14192.4,0
2021-06-17 09:52:43,14191.75,0
2021-06-17 09:52:44,14191.7,0
2021-06-17 09:52:45,14191.15,0
2021-06-17 09:52:46,14191.4,0
2021-06-17 09:52:47,14190.45,0
2021-06-17 09:52:48,14190.3,0
2021-06-17 09:52:49,14192.0,0
2021-06-17 09:52:50,14191.4,0
2021-06-17 09:52:51,14189.85,0
2021-06-17 09:52:53,14190.65,0
2021-06-17 09:52:54,14190.7,0
2021-06-17 09:52:55,14189.8,0
2021-06-17 09:52:56,14189.65,0
2021-06-17 09:52:58,14189.6,0
2021-06-17 09:52:59,14189.3,0
2021-06-17 09:53:00,14190.1,0
2021-06-17 09:53:01,14192.3,0
2021-06-17 09:53:02,14193.05,0
2021-06-17 09:53:03,14193.15,0
2021-06-17 09:53:04,14193.65,0
2021-06-17 09:53:05,14192.8,0
2021-06-17 09:53:06,14193.3,0
2021-06-17 09:53:07,14193.45,0
2021-06-17 09:53:09,14194.1,0
2021-06-17 09:53:10,14193.95,0
2021-06-17 09:53:11,14191.65,0
2021-06-17 09:53:13,14192.05,0
2021-06-17 09:53:14,14191.7,0
2021-06-17 09:53:16,14189.8,0
2021-06-17 09:53:18,14192.6,0
2021-06-17 09:53:19,14192.3,0
2021-06-17 09:53:20,14192.2,0
2021-06-17 09:53:21,14192.4,0
2021-06-17 09:53:22,14192.85,0
2021-06-17 09:53:23,14192.0,0
2021-06-17 09:53:24,14192.25,0
2021-06-17 09:53:25,14193.85,0
2021-06-17 09:53:26,14194.65,0
2021-06-17 09:53:28,14194.6,0
2021-06-17 09:53:29,14194.85,0
2021-06-17 09:53:30,14194.85,0
2021-06-17 09:53:31,14193.35,0
2021-06-17 09:53:32,14193.45,0
2021-06-17 09:53:33,14194.2,0
2021-06-17 09:53:34,14194.2,0
2021-06-17 09:53:36,14196.6,0
2021-06-17 09:53:38,14197.5,0
2021-06-17 09:53:39,14199.65,0
2021-06-17 09:53:41,14197.25,0
2021-06-17 09:53:42,14197.8,0
2021-06-17 09:53:43,14200.5,0
2021-06-17 09:53:44,14201.1,0
2021-06-17 09:53:45,14202.6,0
2021-06-17 09:53:47,14204.8,0
2021-06-17 09:53:49,14204.75,0
2021-06-17 09:53:51,14205.05,0
2021-06-17 09:53:52,14206.4,0
2021-06-17 09:53:53,14207.45,0
2021-06-17 09:53:54,14207.65,0
2021-06-17 09:53:55,14208.8,0
2021-06-17 09:53:56,14207.8,0
2021-06-17 09:53:58,14209.3,0
2021-06-17 09:54:00,14208.85,0
2021-06-17 09:54:01,14218.35,0
2021-06-17 09:54:03,14219.8,0
2021-06-17 09:54:06,14219.8,0
2021-06-17 09:54:08,14220.35,0
2021-06-17 09:54:10,14217.45,0
2021-06-17 09:54:11,14220.15,0
2021-06-17 09:54:12,14217.4,0
2021-06-17 09:54:13,14217.35,0
2021-06-17 09:54:14,14216.75,0
2021-06-17 09:54:16,14216.95,0
2021-06-17 09:54:17,14215.2,0
2021-06-17 09:54:18,14213.8,0
2021-06-17 09:54:21,14213.6,0
2021-06-17 09:54:22,14214.95,0
2021-06-17 09:54:23,14214.95,0
2021-06-17 09:54:24,14216.4,0
2021-06-17 09:54:26,14216.95,0
2021-06-17 09:54:28,14216.35,0
2021-06-17 09:54:29,14216.25,0
2021-06-17 09:54:30,14216.35,0
2021-06-17 09:54:31,14216.4,0
2021-06-17 09:54:32,14217.3,0
2021-06-17 09:54:33,14217.8,0
2021-06-17 09:54:35,14217.9,0
2021-06-17 09:54:37,14219.2,0
2021-06-17 09:54:38,14220.3,0
2021-06-17 09:54:39,14220.3,0
2021-06-17 09:54:42,14220.7,0
2021-06-17 09:54:43,14222.55,0
2021-06-17 09:54:44,14221.85,0
2021-06-17 09:54:46,14220.9,0
2021-06-17 09:54:47,14222.6,0
2021-06-17 09:54:48,14222.2,0
2021-06-17 09:54:50,14224.9,0
2021-06-17 09:54:53,14224.35,0
2021-06-17 09:54:54,14225.55,0
2021-06-17 09:54:56,14222.3,0
2021-06-17 09:54:58,14221.7,0
2021-06-17 09:54:59,14221.85,0
2021-06-17 09:55:00,14221.8,0
2021-06-17 09:55:01,14221.15,0
2021-06-17 09:55:02,14221.4,0
2021-06-17 09:55:03,14222.3,0
2021-06-17 09:55:04,14222.0,0
2021-06-17 09:55:07,14222.85,0
2021-06-17 09:55:08,14223.5,0
2021-06-17 09:55:10,14223.2,0
2021-06-17 09:55:12,14223.05,0
2021-06-17 09:55:13,14221.4,0
2021-06-17 09:55:14,14221.1,0
2021-06-17 09:55:15,14221.65,0
2021-06-17 09:55:16,14220.8,0
2021-06-17 09:55:17,14222.25,0
2021-06-17 09:55:18,14221.6,0
2021-06-17 09:55:19,14222.0,0
2021-06-17 09:55:20,14220.95,0
2021-06-17 09:55:21,14221.1,0
2021-06-17 09:55:22,14222.5,0
2021-06-17 09:55:23,14222.85,0
2021-06-17 09:55:24,14233.5,0
2021-06-17 09:55:25,14232.2,0
2021-06-17 09:55:26,14232.4,0
2021-06-17 09:55:27,14231.0,0
2021-06-17 09:55:28,14231.05,0
2021-06-17 09:55:29,14231.4,0
2021-06-17 09:55:30,14231.5,0
2021-06-17 09:55:31,14231.05,0
2021-06-17 09:55:32,14230.1,0
2021-06-17 09:55:33,14232.25,0
2021-06-17 09:55:35,14233.05,0
2021-06-17 09:55:36,14232.05,0
2021-06-17 09:55:37,14230.3,0
2021-06-17 09:55:38,14231.7,0
2021-06-17 09:55:39,14231.6,0
2021-06-17 09:55:40,14230.2,0
2021-06-17 09:55:42,14230.9,0
2021-06-17 09:55:43,14232.35,0
2021-06-17 09:55:45,14231.85,0
2021-06-17 09:55:46,14232.95,0
2021-06-17 09:55:48,14231.9,0
2021-06-17 09:55:49,14230.4,0
2021-06-17 09:55:50,14231.6,0
2021-06-17 09:55:51,14231.5,0
2021-06-17 09:55:52,14233.9,0
2021-06-17 09:55:53,14234.15,0
2021-06-17 09:55:54,14234.6,0
2021-06-17 09:55:55,14233.0,0
2021-06-17 09:55:56,14234.4,0
2021-06-17 09:55:57,14236.35,0
2021-06-17 09:55:58,14236.75,0
2021-06-17 09:55:59,14235.1,0
2021-06-17 09:56:00,14235.85,0
2021-06-17 09:56:01,14236.9,0
2021-06-17 09:56:02,14237.65,0
2021-06-17 09:56:03,14238.45,0
2021-06-17 09:56:04,14238.15,0
2021-06-17 09:56:05,14239.0,0
2021-06-17 09:56:06,14237.55,0
2021-06-17 09:56:07,14235.95,0
2021-06-17 09:56:08,14234.85,0
2021-06-17 09:56:09,14236.15,0
2021-06-17 09:56:10,14235.15,0
2021-06-17 09:56:11,14235.25,0
2021-06-17 09:56:12,14235.7,0
2021-06-17 09:56:14,14236.2,0
2021-06-17 09:56:15,14235.25,0
2021-06-17 09:56:16,14235.0,0
2021-06-17 09:56:17,14236.55,0
2021-06-17 09:56:18,14236.65,0
2021-06-17 09:56:19,14234.8,0
2021-06-17 09:56:20,14237.5,0
2021-06-17 09:56:21,14235.6,0
2021-06-17 09:56:22,14237.65,0
2021-06-17 09:56:23,14237.2,0
2021-06-17 09:56:24,14237.45,0
2021-06-17 09:56:25,14237.25,0
2021-06-17 09:56:27,14235.0,0
2021-06-17 09:56:28,14234.5,0
2021-06-17 09:56:29,14235.95,0
2021-06-17 09:56:30,14234.1,0
2021-06-17 09:56:32,14235.6,0
2021-06-17 09:56:33,14237.25,0
2021-06-17 09:56:34,14237.25,0
2021-06-17 09:56:35,14234.7,0
2021-06-17 09:56:36,14235.9,0
2021-06-17 09:56:37,14238.75,0
2021-06-17 09:56:38,14238.15,0
2021-06-17 09:56:39,14236.75,0
2021-06-17 09:56:41,14236.2,0
2021-06-17 09:56:42,14237.75,0
2021-06-17 09:56:43,14236.1,0
2021-06-17 09:56:44,14238.45,0
2021-06-17 09:56:45,14237.3,0
2021-06-17 09:56:46,14237.1,0
2021-06-17 09:56:47,14237.3,0
2021-06-17 09:56:48,14236.9,0
2021-06-17 09:56:49,14237.15,0
2021-06-17 09:56:50,14234.6,0
2021-06-17 09:56:52,14237.45,0
2021-06-17 09:56:53,14237.2,0
2021-06-17 09:56:54,14235.4,0
2021-06-17 09:56:55,14235.9,0
2021-06-17 09:56:56,14235.0,0
2021-06-17 09:56:57,14235.15,0
2021-06-17 09:56:58,14234.7,0
2021-06-17 09:56:59,14235.15,0
2021-06-17 09:57:00,14234.3,0
2021-06-17 09:57:01,14235.7,0
2021-06-17 09:57:02,14235.25,0
2021-06-17 09:57:03,14234.1,0
2021-06-17 09:57:04,14233.75,0
2021-06-17 09:57:05,14232.45,0
2021-06-17 09:57:06,14232.85,0
2021-06-17 09:57:07,14233.5,0
2021-06-17 09:57:08,14233.15,0
2021-06-17 09:57:09,14232.3,0
2021-06-17 09:57:10,14232.0,0
2021-06-17 09:57:13,14230.0,0
2021-06-17 09:57:12,14228.5,0
2021-06-17 09:57:14,14230.25,0
2021-06-17 09:57:16,14230.05,0
2021-06-17 09:57:17,14227.55,0
2021-06-17 09:57:18,14228.4,0
2021-06-17 09:57:19,14227.85,0
2021-06-17 09:57:20,14227.55,0
2021-06-17 09:57:23,14227.55,0
2021-06-17 09:57:24,14227.2,0
2021-06-17 09:57:25,14226.65,0
2021-06-17 09:57:27,14228.75,0
2021-06-17 09:57:28,14230.75,0
2021-06-17 09:57:29,14230.4,0
2021-06-17 09:57:30,14228.9,0
2021-06-17 09:57:31,14227.35,0
2021-06-17 09:57:32,14227.25,0
2021-06-17 09:57:33,14228.85,0
2021-06-17 09:57:34,14228.7,0
2021-06-17 09:57:35,14228.65,0
2021-06-17 09:57:37,14229.65,0
2021-06-17 09:57:38,14231.45,0
2021-06-17 09:57:39,14231.3,0
2021-06-17 09:57:40,14227.95,0
2021-06-17 09:57:41,14230.35,0
2021-06-17 09:57:42,14229.55,0
2021-06-17 09:57:43,14229.4,0
2021-06-17 09:57:44,14228.75,0
2021-06-17 09:57:47,14228.85,0
2021-06-17 09:57:48,14228.95,0
2021-06-17 09:57:49,14229.6,0
2021-06-17 09:57:50,14230.25,0
2021-06-17 09:57:51,14229.7,0
2021-06-17 09:57:53,14229.2,0
2021-06-17 09:57:54,14229.55,0
2021-06-17 09:57:55,14230.7,0
2021-06-17 09:57:56,14229.8,0
2021-06-17 09:57:57,14231.0,0
2021-06-17 09:57:58,14231.7,0
2021-06-17 09:57:59,14230.45,0
2021-06-17 09:58:00,14229.15,0
2021-06-17 09:58:01,14231.1,0
2021-06-17 09:58:02,14230.35,0
2021-06-17 09:58:03,14231.3,0
2021-06-17 09:58:04,14232.3,0
2021-06-17 09:58:05,14232.6,0
2021-06-17 09:58:06,14231.05,0
2021-06-17 09:58:07,14231.55,0
2021-06-17 09:58:09,14230.95,0
2021-06-17 09:58:11,14231.35,0
2021-06-17 09:58:12,14231.8,0
2021-06-17 09:58:13,14231.55,0
2021-06-17 09:58:14,14230.05,0
2021-06-17 09:58:15,14230.55,0
2021-06-17 09:58:16,14231.7,0
2021-06-17 09:58:17,14232.1,0
2021-06-17 09:58:18,14232.6,0
2021-06-17 09:58:19,14232.0,0
2021-06-17 09:58:20,14233.2,0
2021-06-17 09:58:21,14233.45,0
2021-06-17 09:58:25,14231.25,0
2021-06-17 09:58:26,14232.7,0
2021-06-17 09:58:27,14231.85,0
2021-06-17 09:58:28,14233.0,0
2021-06-17 09:58:29,14235.4,0
2021-06-17 09:58:31,14235.45,0
2021-06-17 09:58:32,14235.6,0
2021-06-17 09:58:33,14232.85,0
2021-06-17 09:58:34,14232.3,0
2021-06-17 09:58:35,14233.15,0
2021-06-17 09:58:36,14232.45,0
2021-06-17 09:58:37,14231.6,0
2021-06-17 09:58:38,14234.2,0
2021-06-17 09:58:39,14233.05,0
2021-06-17 09:58:40,14231.15,0
2021-06-17 09:58:41,14232.5,0
2021-06-17 09:58:43,14232.6,0
2021-06-17 09:58:44,14231.2,0
2021-06-17 09:58:45,14231.85,0
2021-06-17 09:58:46,14231.15,0
2021-06-17 09:58:48,14232.6,0
2021-06-17 09:58:49,14232.35,0
2021-06-17 09:58:50,14232.2,0
2021-06-17 09:58:51,14233.4,0
2021-06-17 09:58:52,14233.65,0
2021-06-17 09:58:54,14234.0,0
2021-06-17 09:58:55,14235.4,0
2021-06-17 09:58:56,14235.15,0
2021-06-17 09:58:57,14234.35,0
2021-06-17 09:58:58,14235.25,0
2021-06-17 09:58:59,14233.9,0
2021-06-17 09:59:00,14234.3,0
2021-06-17 09:59:01,14232.0,0
2021-06-17 09:59:02,14233.05,0
2021-06-17 09:59:03,14233.05,0
2021-06-17 09:59:04,14231.65,0
2021-06-17 09:59:05,14232.45,0
2021-06-17 09:59:06,14234.0,0
2021-06-17 09:59:08,14232.95,0
2021-06-17 09:59:09,14232.35,0
2021-06-17 09:59:10,14233.3,0
2021-06-17 09:59:11,14231.5,0
2021-06-17 09:59:12,14232.0,0
2021-06-17 09:59:13,14231.9,0
2021-06-17 09:59:14,14232.25,0
2021-06-17 09:59:15,14231.9,0
2021-06-17 09:59:16,14232.45,0
2021-06-17 09:59:17,14230.55,0
2021-06-17 09:59:18,14230.7,0
2021-06-17 09:59:19,14230.55,0
2021-06-17 09:59:20,14230.65,0
2021-06-17 09:59:21,14232.0,0
2021-06-17 09:59:22,14233.5,0
2021-06-17 09:59:23,14233.6,0
2021-06-17 09:59:24,14230.5,0
2021-06-17 09:59:25,14230.9,0
2021-06-17 09:59:26,14230.45,0
2021-06-17 09:59:27,14228.8,0
2021-06-17 09:59:28,14231.0,0
2021-06-17 09:59:29,14229.55,0
2021-06-17 09:59:31,14226.8,0
2021-06-17 09:59:33,14229.7,0
2021-06-17 09:59:34,14228.45,0
2021-06-17 09:59:35,14229.1,0
2021-06-17 09:59:36,14229.6,0
2021-06-17 09:59:37,14229.5,0
2021-06-17 09:59:39,14227.95,0
2021-06-17 09:59:40,14227.45,0
2021-06-17 09:59:41,14228.65,0
2021-06-17 09:59:42,14227.35,0
2021-06-17 09:59:43,14229.5,0
2021-06-17 09:59:44,14228.25,0
2021-06-17 09:59:45,14226.9,0
2021-06-17 09:59:46,14226.7,0
2021-06-17 09:59:47,14225.3,0
2021-06-17 09:59:48,14224.8,0
2021-06-17 09:59:49,14224.05,0
2021-06-17 09:59:51,14223.05,0
2021-06-17 09:59:52,14223.0,0
2021-06-17 09:59:53,14223.9,0
2021-06-17 09:59:54,14224.65,0
2021-06-17 09:59:55,14224.4,0
2021-06-17 09:59:56,14222.9,0
2021-06-17 09:59:58,14223.4,0
2021-06-17 09:59:59,14223.1,0
2021-06-17 10:00:00,14222.1,0
2021-06-17 10:00:01,14223.25,0
2021-06-17 10:00:02,14223.35,0
2021-06-17 10:00:03,14223.7,0
2021-06-17 10:00:04,14223.1,0
2021-06-17 10:00:06,14224.25,0
2021-06-17 10:00:08,14224.85,0
2021-06-17 10:00:09,14223.3,0
2021-06-17 10:00:10,14222.7,0
2021-06-17 10:00:11,14222.75,0
2021-06-17 10:00:12,14223.7,0
2021-06-17 10:00:13,14224.7,0
2021-06-17 10:00:14,14224.35,0
2021-06-17 10:00:16,14222.4,0
2021-06-17 10:00:18,14225.1,0
2021-06-17 10:00:19,14223.95,0
2021-06-17 10:00:20,14223.3,0
2021-06-17 10:00:21,14222.5,0
2021-06-17 10:00:22,14225.35,0
2021-06-17 10:00:23,14224.0,0
2021-06-17 10:00:24,14223.8,0
2021-06-17 10:00:25,14222.6,0
2021-06-17 10:00:27,14222.2,0
2021-06-17 10:00:26,14222.75,0
2021-06-17 10:00:29,14223.9,0
2021-06-17 10:00:30,14223.35,0
2021-06-17 10:00:31,14222.75,0
2021-06-17 10:00:32,14224.0,0
2021-06-17 10:00:33,14224.85,0
2021-06-17 10:00:34,14223.45,0
2021-06-17 10:00:35,14225.55,0
2021-06-17 10:00:36,14226.6,0
2021-06-17 10:00:37,14224.9,0
2021-06-17 10:00:38,14224.35,0
2021-06-17 10:00:39,14225.05,0
2021-06-17 10:00:40,14222.65,0
2021-06-17 10:00:41,14224.3,0
2021-06-17 10:00:42,14224.9,0
2021-06-17 10:00:44,14223.55,0
2021-06-17 10:00:45,14222.65,0
2021-06-17 10:00:46,14223.45,0
2021-06-17 10:00:47,14222.05,0
2021-06-17 10:00:48,14222.85,0
2021-06-17 10:00:49,14222.9,0
2021-06-17 10:00:50,14222.75,0
2021-06-17 10:00:51,14223.85,0
2021-06-17 10:00:53,14222.25,0
2021-06-17 10:00:54,14220.6,0
2021-06-17 10:00:55,14220.4,0
2021-06-17 10:00:56,14224.1,0
2021-06-17 10:00:57,14221.7,0
2021-06-17 10:00:59,14222.15,0
2021-06-17 10:01:00,14222.0,0
2021-06-17 10:01:01,14221.0,0
2021-06-17 10:01:02,14220.2,0
2021-06-17 10:01:04,14219.85,0
2021-06-17 10:01:05,14219.9,0
2021-06-17 10:01:06,14219.9,0
2021-06-17 10:01:07,14220.95,0
2021-06-17 10:01:08,14219.05,0
2021-06-17 10:01:09,14218.4,0
2021-06-17 10:01:11,14219.15,0
2021-06-17 10:01:12,14219.1,0
2021-06-17 10:01:13,14218.95,0
2021-06-17 10:01:14,14220.45,0
2021-06-17 10:01:15,14220.1,0
2021-06-17 10:01:16,14220.1,0
2021-06-17 10:01:17,14220.2,0
2021-06-17 10:01:18,14219.3,0
2021-06-17 10:01:20,14221.05,0
2021-06-17 10:01:21,14222.1,0
2021-06-17 10:01:22,14223.45,0
2021-06-17 10:01:23,14224.45,0
2021-06-17 10:01:24,14223.35,0
2021-06-17 10:01:25,14222.95,0
2021-06-17 10:01:26,14223.9,0
2021-06-17 10:01:27,14224.05,0
2021-06-17 10:01:28,14222.1,0
2021-06-17 10:01:29,14222.6,0
2021-06-17 10:01:30,14220.85,0
2021-06-17 10:01:31,14221.35,0
2021-06-17 10:01:32,14221.15,0
2021-06-17 10:01:34,14221.5,0
2021-06-17 10:01:36,14220.1,0
2021-06-17 10:01:37,14221.1,0
2021-06-17 10:01:38,14222.0,0
2021-06-17 10:01:39,14220.1,0
2021-06-17 10:01:40,14220.05,0
2021-06-17 10:01:41,14219.8,0
2021-06-17 10:01:43,14221.5,0
2021-06-17 10:01:44,14219.8,0
2021-06-17 10:01:45,14219.6,0
2021-06-17 10:01:47,14220.6,0
2021-06-17 10:01:48,14221.25,0
2021-06-17 10:01:49,14221.35,0
2021-06-17 10:01:50,14219.6,0
2021-06-17 10:01:51,14219.05,0
2021-06-17 10:01:52,14218.75,0
2021-06-17 10:01:53,14219.65,0
2021-06-17 10:01:54,14220.3,0
2021-06-17 10:01:55,14217.9,0
2021-06-17 10:01:56,14218.3,0
2021-06-17 10:01:57,14217.7,0
2021-06-17 10:01:58,14218.1,0
2021-06-17 10:01:59,14216.85,0
2021-06-17 10:02:00,14217.7,0
2021-06-17 10:02:02,14218.75,0
2021-06-17 10:02:03,14219.3,0
2021-06-17 10:02:05,14216.2,0
2021-06-17 10:02:06,14219.6,0
2021-06-17 10:02:07,14219.8,0
2021-06-17 10:02:09,14218.1,0
2021-06-17 10:02:10,14218.35,0
2021-06-17 10:02:11,14215.9,0
2021-06-17 10:02:13,14218.2,0
2021-06-17 10:02:15,14218.2,0
2021-06-17 10:02:17,14218.3,0
2021-06-17 10:02:18,14218.25,0
2021-06-17 10:02:19,14218.05,0
2021-06-17 10:02:20,14218.6,0
2021-06-17 10:02:21,14218.55,0
2021-06-17 10:02:22,14218.4,0
2021-06-17 10:02:23,14218.0,0
2021-06-17 10:02:24,14216.9,0
2021-06-17 10:02:25,14217.8,0
2021-06-17 10:02:26,14218.0,0
2021-06-17 10:02:28,14218.6,0
2021-06-17 10:02:30,14220.05,0
2021-06-17 10:02:31,14220.75,0
2021-06-17 10:02:32,14219.6,0
2021-06-17 10:02:33,14219.5,0
2021-06-17 10:02:34,14218.85,0
2021-06-17 10:02:35,14218.25,0
2021-06-17 10:02:36,14217.25,0
2021-06-17 10:02:37,14217.1,0
2021-06-17 10:02:38,14217.9,0
2021-06-17 10:02:39,14217.85,0
2021-06-17 10:02:40,14218.25,0
2021-06-17 10:02:41,14218.95,0
2021-06-17 10:02:44,14218.1,0
2021-06-17 10:02:45,14219.9,0
2021-06-17 10:02:46,14221.0,0
2021-06-17 10:02:48,14219.05,0
2021-06-17 10:02:50,14218.2,0
2021-06-17 10:02:51,14217.5,0
2021-06-17 10:02:52,14215.85,0
2021-06-17 10:02:53,14216.25,0
2021-06-17 10:02:55,14215.35,0
2021-06-17 10:02:56,14215.9,0
2021-06-17 10:02:57,14217.0,0
2021-06-17 10:02:58,14215.6,0
2021-06-17 10:03:00,14215.45,0
2021-06-17 10:03:04,14217.65,0
2021-06-17 10:03:05,14216.4,0
2021-06-17 10:03:06,14215.4,0
2021-06-17 10:03:07,14215.1,0
2021-06-17 10:03:08,14214.85,0
2021-06-17 10:03:11,14214.6,0
2021-06-17 10:03:12,14216.55,0
2021-06-17 10:03:13,14216.25,0
2021-06-17 10:03:14,14216.25,0
2021-06-17 10:03:15,14216.25,0
2021-06-17 10:03:16,14215.45,0
2021-06-17 10:03:17,14215.9,0
2021-06-17 10:03:18,14213.9,0
2021-06-17 10:03:19,14213.25,0
2021-06-17 10:03:20,14214.1,0
2021-06-17 10:03:21,14213.4,0
2021-06-17 10:03:22,14213.4,0
2021-06-17 10:03:23,14213.0,0
2021-06-17 10:03:24,14212.3,0
2021-06-17 10:03:25,14214.0,0
2021-06-17 10:03:27,14211.75,0
2021-06-17 10:03:28,14210.4,0
2021-06-17 10:03:30,14209.9,0
2021-06-17 10:03:33,14210.4,0
2021-06-17 10:03:34,14210.1,0
2021-06-17 10:03:35,14208.7,0
2021-06-17 10:03:36,14210.05,0
2021-06-17 10:03:37,14209.0,0
2021-06-17 10:03:38,14209.75,0
2021-06-17 10:03:39,14209.45,0
2021-06-17 10:03:40,14209.35,0
2021-06-17 10:03:41,14207.55,0
2021-06-17 10:03:42,14208.15,0
2021-06-17 10:03:43,14208.75,0
2021-06-17 10:03:44,14207.55,0
2021-06-17 10:03:45,14206.75,0
2021-06-17 10:03:48,14206.55,0
2021-06-17 10:03:49,14207.15,0
2021-06-17 10:03:51,14207.9,0
2021-06-17 10:03:52,14208.3,0
2021-06-17 10:03:53,14208.25,0
2021-06-17 10:03:56,14206.65,0
2021-06-17 10:03:58,14206.3,0
2021-06-17 10:04:01,14204.25,0
2021-06-17 10:04:03,14203.45,0
2021-06-17 10:04:04,14205.05,0
2021-06-17 10:04:05,14205.05,0
2021-06-17 10:04:06,14207.45,0
2021-06-17 10:04:07,14206.3,0
2021-06-17 10:04:08,14207.3,0
2021-06-17 10:04:09,14206.55,0
2021-06-17 10:04:11,14208.95,0
2021-06-17 10:04:12,14209.0,0
2021-06-17 10:04:15,14209.6,0
2021-06-17 10:04:16,14210.65,0
2021-06-17 10:04:17,14209.7,0
2021-06-17 10:04:18,14210.9,0
2021-06-17 10:04:19,14209.75,0
2021-06-17 10:04:20,14208.65,0
2021-06-17 10:04:22,14207.85,0
2021-06-17 10:04:23,14207.8,0
2021-06-17 10:04:24,14207.5,0
2021-06-17 10:04:25,14207.55,0
2021-06-17 10:04:26,14206.75,0
2021-06-17 10:04:27,14208.4,0
2021-06-17 10:04:28,14206.95,0
2021-06-17 10:04:29,14206.15,0
2021-06-17 10:04:31,14206.7,0
2021-06-17 10:04:33,14210.35,0
2021-06-17 10:04:34,14209.6,0
2021-06-17 10:04:35,14209.6,0
2021-06-17 10:04:36,14209.9,0
2021-06-17 10:04:37,14208.3,0
2021-06-17 10:04:38,14209.05,0
2021-06-17 10:04:39,14210.15,0
2021-06-17 10:04:40,14209.1,0
2021-06-17 10:04:41,14208.8,0
2021-06-17 10:04:42,14209.85,0
2021-06-17 10:04:43,14209.8,0
2021-06-17 10:04:44,14209.7,0
2021-06-17 10:04:45,14210.75,0
2021-06-17 10:04:46,14211.1,0
2021-06-17 10:04:48,14212.2,0
2021-06-17 10:04:49,14212.0,0
2021-06-17 10:04:51,14210.3,0
2021-06-17 10:04:52,14211.2,0
2021-06-17 10:04:53,14211.1,0
2021-06-17 10:04:54,14210.4,0
2021-06-17 10:04:55,14210.4,0
2021-06-17 10:04:56,14212.15,0
2021-06-17 10:04:57,14212.25,0
2021-06-17 10:04:58,14213.0,0
2021-06-17 10:04:59,14215.35,0
2021-06-17 10:05:00,14216.25,0
2021-06-17 10:05:01,14216.7,0
2021-06-17 10:05:02,14216.95,0
2021-06-17 10:05:03,14217.4,0
2021-06-17 10:05:04,14217.5,0
2021-06-17 10:05:05,14219.45,0
2021-06-17 10:05:06,14218.75,0
2021-06-17 10:05:07,14218.55,0
2021-06-17 10:05:09,14218.65,0
2021-06-17 10:05:10,14218.9,0
2021-06-17 10:05:11,14218.8,0
2021-06-17 10:05:12,14219.55,0
2021-06-17 10:05:13,14218.25,0
2021-06-17 10:05:15,14217.9,0
2021-06-17 10:05:16,14219.45,0
2021-06-17 10:05:17,14220.6,0
2021-06-17 10:05:18,14219.0,0
2021-06-17 10:05:19,14219.75,0
2021-06-17 10:05:20,14220.55,0
2021-06-17 10:05:21,14218.3,0
2021-06-17 10:05:22,14219.1,0
2021-06-17 10:05:23,14219.25,0
2021-06-17 10:05:25,14220.25,0
2021-06-17 10:05:27,14220.6,0
2021-06-17 10:05:29,14219.7,0
2021-06-17 10:05:30,14219.05,0
2021-06-17 10:05:31,14221.2,0
2021-06-17 10:05:32,14220.55,0
2021-06-17 10:05:34,14219.7,0
2021-06-17 10:05:35,14220.6,0
2021-06-17 10:05:36,14220.15,0
2021-06-17 10:05:38,14220.55,0
2021-06-17 10:05:39,14220.75,0
2021-06-17 10:05:40,14220.5,0
2021-06-17 10:05:41,14219.75,0
2021-06-17 10:05:42,14219.8,0
2021-06-17 10:05:43,14219.35,0
2021-06-17 10:05:44,14219.45,0
2021-06-17 10:05:45,14219.6,0
2021-06-17 10:05:46,14219.65,0
2021-06-17 10:05:47,14220.1,0
2021-06-17 10:05:48,14221.25,0
2021-06-17 10:05:49,14220.4,0
2021-06-17 10:05:50,14219.5,0
2021-06-17 10:05:51,14219.4,0
2021-06-17 10:05:52,14220.05,0
2021-06-17 10:05:53,14220.25,0
2021-06-17 10:05:54,14220.2,0
2021-06-17 10:05:55,14219.75,0
2021-06-17 10:05:56,14219.45,0
2021-06-17 10:05:57,14217.95,0
2021-06-17 10:05:59,14217.95,0
2021-06-17 10:06:00,14218.8,0
2021-06-17 10:06:01,14218.75,0
2021-06-17 10:06:02,14220.05,0
2021-06-17 10:06:03,14220.95,0
2021-06-17 10:06:04,14220.6,0
2021-06-17 10:06:05,14220.65,0
2021-06-17 10:06:06,14219.9,0
2021-06-17 10:06:07,14220.15,0
2021-06-17 10:06:08,14220.6,0
2021-06-17 10:06:09,14220.2,0
2021-06-17 10:06:10,14219.7,0
2021-06-17 10:06:11,14219.4,0
2021-06-17 10:06:14,14221.0,0
2021-06-17 10:06:15,14221.95,0
2021-06-17 10:06:16,14221.1,0
2021-06-17 10:06:17,14221.7,0
2021-06-17 10:06:19,14221.55,0
2021-06-17 10:06:20,14222.6,0
2021-06-17 10:06:21,14222.55,0
2021-06-17 10:06:22,14221.7,0
2021-06-17 10:06:23,14221.55,0
2021-06-17 10:06:24,14221.8,0
2021-06-17 10:06:27,14220.7,0
2021-06-17 10:06:28,14220.6,0
2021-06-17 10:06:29,14220.0,0
2021-06-17 10:06:30,14220.5,0
2021-06-17 10:06:31,14220.35,0
2021-06-17 10:06:32,14220.45,0
2021-06-17 10:06:33,14221.25,0
2021-06-17 10:06:34,14221.5,0
2021-06-17 10:06:35,14220.85,0
2021-06-17 10:06:36,14222.2,0
2021-06-17 10:06:37,14221.05,0
2021-06-17 10:06:38,14221.1,0
2021-06-17 10:06:39,14221.9,0
2021-06-17 10:06:40,14222.15,0
2021-06-17 10:06:41,14222.3,0
2021-06-17 10:06:42,14222.0,0
2021-06-17 10:06:46,14221.15,0
2021-06-17 10:06:47,14220.1,0
2021-06-17 10:06:48,14220.2,0
2021-06-17 10:06:49,14220.7,0
2021-06-17 10:06:50,14220.95,0
2021-06-17 10:06:52,14222.15,0
2021-06-17 10:06:53,14221.9,0
2021-06-17 10:06:54,14219.25,0
2021-06-17 10:06:55,14220.85,0
2021-06-17 10:06:56,14220.2,0
2021-06-17 10:06:57,14219.1,0
2021-06-17 10:06:58,14219.9,0
2021-06-17 10:06:59,14219.2,0
2021-06-17 10:07:01,14218.35,0
2021-06-17 10:07:02,14220.3,0
2021-06-17 10:07:03,14219.9,0
2021-06-17 10:07:04,14219.7,0
2021-06-17 10:07:06,14219.4,0
2021-06-17 10:07:08,14219.15,0
2021-06-17 10:07:09,14218.9,0
2021-06-17 10:07:10,14218.45,0
2021-06-17 10:07:11,14218.9,0
2021-06-17 10:07:12,14217.55,0
2021-06-17 10:07:13,14218.35,0
2021-06-17 10:07:14,14219.2,0
2021-06-17 10:07:15,14219.55,0
2021-06-17 10:07:16,14218.25,0
2021-06-17 10:07:17,14217.45,0
2021-06-17 10:07:18,14220.05,0
2021-06-17 10:07:19,14219.05,0
2021-06-17 10:07:20,14216.95,0
2021-06-17 10:07:21,14217.65,0
2021-06-17 10:07:22,14218.75,0
2021-06-17 10:07:23,14218.7,0
2021-06-17 10:07:26,14218.55,0
2021-06-17 10:07:27,14219.45,0
2021-06-17 10:07:28,14218.2,0
2021-06-17 10:07:29,14219.0,0
2021-06-17 10:07:31,14218.85,0
2021-06-17 10:07:32,14219.5,0
2021-06-17 10:07:33,14218.25,0
2021-06-17 10:07:34,14218.3,0
2021-06-17 10:07:35,14219.05,0
2021-06-17 10:07:36,14218.25,0
2021-06-17 10:07:37,14218.1,0
2021-06-17 10:07:38,14217.65,0
2021-06-17 10:07:40,14218.25,0
2021-06-17 10:07:41,14217.95,0
2021-06-17 10:07:42,14217.6,0
2021-06-17 10:07:43,14217.45,0
2021-06-17 10:07:44,14217.5,0
2021-06-17 10:07:45,14218.3,0
2021-06-17 10:07:48,14218.5,0
2021-06-17 10:07:49,14219.0,0
2021-06-17 10:07:50,14218.75,0
2021-06-17 10:07:51,14218.85,0
2021-06-17 10:07:52,14220.4,0
2021-06-17 10:07:53,14220.4,0
2021-06-17 10:07:54,14220.15,0
2021-06-17 10:07:55,14219.9,0
2021-06-17 10:07:56,14220.4,0
2021-06-17 10:07:57,14220.5,0
2021-06-17 10:07:58,14218.9,0
2021-06-17 10:07:59,14219.3,0
2021-06-17 10:08:00,14217.5,0
2021-06-17 10:08:01,14218.8,0
2021-06-17 10:08:02,14218.35,0
2021-06-17 10:08:04,14220.15,0
2021-06-17 10:08:05,14220.25,0
2021-06-17 10:08:06,14220.65,0
2021-06-17 10:08:07,14218.75,0
2021-06-17 10:08:08,14218.2,0
2021-06-17 10:08:10,14219.55,0
2021-06-17 10:08:11,14217.85,0
2021-06-17 10:08:14,14217.6,0
2021-06-17 10:08:17,14214.75,0
2021-06-17 10:08:19,14210.75,0
2021-06-17 10:08:20,14211.25,0
2021-06-17 10:08:21,14210.8,0
2021-06-17 10:08:22,14210.55,0
2021-06-17 10:08:23,14211.4,0
2021-06-17 10:08:24,14211.75,0
2021-06-17 10:08:25,14211.4,0
2021-06-17 10:08:26,14212.35,0
2021-06-17 10:08:27,14209.5,0
2021-06-17 10:08:28,14211.0,0
2021-06-17 10:08:29,14210.55,0
2021-06-17 10:08:30,14210.25,0
2021-06-17 10:08:31,14210.9,0
2021-06-17 10:08:33,14210.4,0
2021-06-17 10:08:34,14210.25,0
2021-06-17 10:08:36,14211.2,0
2021-06-17 10:08:37,14211.9,0
2021-06-17 10:08:38,14212.45,0
2021-06-17 10:08:39,14212.05,0
2021-06-17 10:08:40,14212.55,0
2021-06-17 10:08:41,14214.15,0
2021-06-17 10:08:42,14213.5,0
2021-06-17 10:08:43,14213.95,0
2021-06-17 10:08:44,14216.1,0
2021-06-17 10:08:45,14216.2,0
2021-06-17 10:08:46,14216.45,0
2021-06-17 10:08:47,14216.5,0
2021-06-17 10:08:48,14217.7,0
2021-06-17 10:08:49,14217.05,0
2021-06-17 10:08:50,14217.2,0
2021-06-17 10:08:51,14219.15,0
2021-06-17 10:08:52,14220.6,0
2021-06-17 10:08:54,14218.1,0
2021-06-17 10:08:55,14218.1,0
2021-06-17 10:08:56,14219.65,0
2021-06-17 10:08:57,14217.6,0
2021-06-17 10:08:58,14217.9,0
2021-06-17 10:08:59,14217.6,0
2021-06-17 10:09:00,14217.45,0
2021-06-17 10:09:01,14217.65,0
2021-06-17 10:09:03,14218.55,0
2021-06-17 10:09:07,14215.95,0
2021-06-17 10:09:08,14216.9,0
2021-06-17 10:09:09,14215.25,0
2021-06-17 10:09:10,14214.55,0
2021-06-17 10:09:12,14218.8,0
2021-06-17 10:09:11,14216.0,0
2021-06-17 10:09:13,14218.35,0
2021-06-17 10:09:14,14216.95,0
2021-06-17 10:09:16,14215.85,0
2021-06-17 10:09:17,14214.7,0
2021-06-17 10:09:18,14215.0,0
2021-06-17 10:09:19,14214.95,0
2021-06-17 10:09:20,14215.3,0
2021-06-17 10:09:21,14215.7,0
2021-06-17 10:09:22,14214.55,0
2021-06-17 10:09:24,14217.7,0
2021-06-17 10:09:25,14217.15,0
2021-06-17 10:09:26,14216.0,0
2021-06-17 10:09:28,14215.95,0
2021-06-17 10:09:29,14215.2,0
2021-06-17 10:09:30,14215.3,0
2021-06-17 10:09:32,14215.6,0
2021-06-17 10:09:33,14216.1,0
2021-06-17 10:09:34,14216.05,0
2021-06-17 10:09:36,14216.9,0
2021-06-17 10:09:37,14216.95,0
2021-06-17 10:09:38,14215.95,0
2021-06-17 10:09:39,14215.55,0
2021-06-17 10:09:40,14215.3,0
2021-06-17 10:09:41,14216.9,0
2021-06-17 10:09:42,14216.2,0
2021-06-17 10:09:43,14217.15,0
2021-06-17 10:09:44,14217.2,0
2021-06-17 10:09:45,14217.8,0
2021-06-17 10:09:46,14218.3,0
2021-06-17 10:09:47,14219.5,0
2021-06-17 10:09:48,14218.35,0
2021-06-17 10:09:49,14217.8,0
2021-06-17 10:09:50,14218.05,0
2021-06-17 10:09:51,14217.85,0
2021-06-17 10:09:53,14215.75,0
2021-06-17 10:09:54,14215.95,0
2021-06-17 10:09:55,14216.4,0
2021-06-17 10:09:56,14217.4,0
2021-06-17 10:09:58,14216.05,0
2021-06-17 10:09:59,14216.9,0
2021-06-17 10:10:00,14215.4,0
2021-06-17 10:10:01,14215.4,0
2021-06-17 10:10:02,14215.55,0
2021-06-17 10:10:04,14216.4,0
2021-06-17 10:10:05,14216.3,0
2021-06-17 10:10:06,14216.05,0
2021-06-17 10:10:07,14215.45,0
2021-06-17 10:10:08,14214.85,0
2021-06-17 10:10:09,14216.6,0
2021-06-17 10:10:11,14216.45,0
2021-06-17 10:10:13,14217.2,0
2021-06-17 10:10:14,14215.45,0
2021-06-17 10:10:15,14215.6,0
2021-06-17 10:10:16,14214.4,0
2021-06-17 10:10:17,14214.7,0
2021-06-17 10:10:18,14215.65,0
2021-06-17 10:10:19,14214.9,0
2021-06-17 10:10:20,14215.45,0
2021-06-17 10:10:21,14216.8,0
2021-06-17 10:10:22,14217.8,0
2021-06-17 10:10:23,14218.05,0
2021-06-17 10:10:24,14218.3,0
2021-06-17 10:10:26,14217.7,0
2021-06-17 10:10:29,14218.0,0
2021-06-17 10:10:30,14218.5,0
2021-06-17 10:10:31,14218.25,0
2021-06-17 10:10:32,14218.2,0
2021-06-17 10:10:33,14218.1,0
2021-06-17 10:10:34,14218.7,0
2021-06-17 10:10:35,14219.8,0
2021-06-17 10:10:36,14218.75,0
2021-06-17 10:10:37,14217.9,0
2021-06-17 10:10:38,14218.35,0
2021-06-17 10:10:39,14218.45,0
2021-06-17 10:10:40,14218.6,0
2021-06-17 10:10:41,14217.55,0
2021-06-17 10:10:42,14219.4,0
2021-06-17 10:10:43,14219.4,0
2021-06-17 10:10:45,14218.35,0
2021-06-17 10:10:46,14218.35,0
2021-06-17 10:10:47,14217.35,0
2021-06-17 10:10:48,14218.9,0
2021-06-17 10:10:49,14218.6,0
2021-06-17 10:10:50,14220.0,0
2021-06-17 10:10:51,14220.4,0
2021-06-17 10:10:52,14221.65,0
2021-06-17 10:10:53,14221.45,0
2021-06-17 10:10:54,14221.35,0
2021-06-17 10:10:55,14221.35,0
2021-06-17 10:10:56,14221.55,0
2021-06-17 10:10:58,14219.55,0
2021-06-17 10:10:59,14221.9,0
2021-06-17 10:11:00,14223.1,0
2021-06-17 10:11:01,14222.0,0
2021-06-17 10:11:02,14221.6,0
2021-06-17 10:11:03,14222.75,0
2021-06-17 10:11:04,14223.35,0
2021-06-17 10:11:05,14223.35,0
2021-06-17 10:11:06,14221.75,0
2021-06-17 10:11:07,14222.15,0
2021-06-17 10:11:08,14221.55,0
2021-06-17 10:11:09,14221.9,0
2021-06-17 10:11:10,14226.35,0
2021-06-17 10:11:11,14224.1,0
2021-06-17 10:11:13,14224.25,0
2021-06-17 10:11:14,14223.9,0
2021-06-17 10:11:15,14224.25,0
2021-06-17 10:11:16,14224.9,0
2021-06-17 10:11:17,14225.35,0
2021-06-17 10:11:18,14225.65,0
2021-06-17 10:11:19,14225.6,0
2021-06-17 10:11:20,14226.15,0
2021-06-17 10:11:21,14226.4,0
2021-06-17 10:11:22,14226.7,0
2021-06-17 10:11:23,14226.95,0
2021-06-17 10:11:24,14224.65,0
2021-06-17 10:11:25,14224.45,0
2021-06-17 10:11:26,14224.35,0
2021-06-17 10:11:28,14223.65,0
2021-06-17 10:11:29,14223.5,0
2021-06-17 10:11:30,14224.85,0
2021-06-17 10:11:31,14224.4,0
2021-06-17 10:11:32,14227.1,0
2021-06-17 10:11:33,14227.0,0
2021-06-17 10:11:34,14227.15,0
2021-06-17 10:11:35,14229.2,0
2021-06-17 10:11:36,14228.75,0
2021-06-17 10:11:37,14228.9,0
2021-06-17 10:11:38,14229.0,0
2021-06-17 10:11:39,14228.35,0
2021-06-17 10:11:40,14228.2,0
2021-06-17 10:11:41,14228.6,0
2021-06-17 10:11:42,14228.3,0
2021-06-17 10:11:43,14227.85,0
2021-06-17 10:11:44,14227.75,0
2021-06-17 10:11:45,14226.6,0
2021-06-17 10:11:46,14228.3,0
2021-06-17 10:11:47,14226.9,0
2021-06-17 10:11:48,14226.5,0
2021-06-17 10:11:49,14226.8,0
2021-06-17 10:11:50,14225.25,0
2021-06-17 10:11:51,14226.75,0
2021-06-17 10:11:52,14227.05,0
2021-06-17 10:11:53,14228.35,0
2021-06-17 10:11:54,14228.4,0
2021-06-17 10:11:55,14227.85,0
2021-06-17 10:11:57,14227.75,0
2021-06-17 10:11:58,14228.7,0
2021-06-17 10:11:59,14228.35,0
2021-06-17 10:12:00,14227.35,0
2021-06-17 10:12:01,14227.25,0
2021-06-17 10:12:02,14227.35,0
2021-06-17 10:12:04,14227.6,0
2021-06-17 10:12:05,14228.0,0
2021-06-17 10:12:06,14228.45,0
2021-06-17 10:12:08,14227.65,0
2021-06-17 10:12:09,14227.55,0
2021-06-17 10:12:10,14227.75,0
2021-06-17 10:12:11,14227.55,0
2021-06-17 10:12:13,14226.4,0
2021-06-17 10:12:14,14226.75,0
2021-06-17 10:12:15,14225.9,0
2021-06-17 10:12:16,14225.55,0
2021-06-17 10:12:17,14226.8,0
2021-06-17 10:12:20,14227.65,0
2021-06-17 10:12:21,14227.4,0
2021-06-17 10:12:22,14227.45,0
2021-06-17 10:12:23,14227.55,0
2021-06-17 10:12:24,14226.95,0
2021-06-17 10:12:25,14226.1,0
2021-06-17 10:12:27,14225.2,0
2021-06-17 10:12:28,14225.0,0
2021-06-17 10:12:29,14224.5,0
2021-06-17 10:12:30,14224.7,0
2021-06-17 10:12:31,14225.6,0
2021-06-17 10:12:32,14226.35,0
2021-06-17 10:12:34,14226.35,0
2021-06-17 10:12:35,14226.3,0
2021-06-17 10:12:38,14224.9,0
2021-06-17 10:12:40,14225.75,0
2021-06-17 10:12:41,14225.05,0
2021-06-17 10:12:42,14224.6,0
2021-06-17 10:12:43,14224.7,0
2021-06-17 10:12:44,14224.75,0
2021-06-17 10:12:45,14224.75,0
2021-06-17 10:12:46,14224.65,0
2021-06-17 10:12:48,14224.65,0
2021-06-17 10:12:49,14223.65,0
2021-06-17 10:12:50,14224.8,0
2021-06-17 10:12:52,14224.9,0
2021-06-17 10:12:53,14225.55,0
2021-06-17 10:12:54,14224.9,0
2021-06-17 10:12:55,14225.5,0
2021-06-17 10:12:56,14223.95,0
2021-06-17 10:12:57,14224.5,0
2021-06-17 10:12:58,14225.45,0
2021-06-17 10:12:59,14225.05,0
2021-06-17 10:13:00,14226.3,0
2021-06-17 10:13:01,14226.55,0
2021-06-17 10:13:03,14225.65,0
2021-06-17 10:13:04,14225.7,0
2021-06-17 10:13:05,14225.25,0
2021-06-17 10:13:07,14228.35,0
2021-06-17 10:13:08,14230.5,0
2021-06-17 10:13:09,14229.2,0
2021-06-17 10:13:10,14229.3,0
2021-06-17 10:13:12,14229.7,0
2021-06-17 10:13:13,14229.2,0
2021-06-17 10:13:14,14228.5,0
2021-06-17 10:13:15,14229.1,0
2021-06-17 10:13:16,14229.05,0
2021-06-17 10:13:17,14229.55,0
2021-06-17 10:13:18,14229.85,0
2021-06-17 10:13:19,14229.5,0
2021-06-17 10:13:20,14228.95,0
2021-06-17 10:13:21,14229.8,0
2021-06-17 10:13:22,14229.65,0
2021-06-17 10:13:23,14229.7,0
2021-06-17 10:13:24,14228.4,0
2021-06-17 10:13:25,14228.85,0
2021-06-17 10:13:26,14229.8,0
2021-06-17 10:13:27,14229.9,0
2021-06-17 10:13:28,14228.4,0
2021-06-17 10:13:29,14228.6,0
2021-06-17 10:13:30,14228.5,0
2021-06-17 10:13:31,14228.05,0
2021-06-17 10:13:32,14228.8,0
2021-06-17 10:13:38,14228.5,0
2021-06-17 10:13:39,14227.1,0
2021-06-17 10:13:40,14226.45,0
2021-06-17 10:13:41,14225.85,0
2021-06-17 10:13:42,14227.4,0
2021-06-17 10:13:43,14226.6,0
2021-06-17 10:13:44,14222.7,0
2021-06-17 10:13:45,14223.65,0
2021-06-17 10:13:47,14223.35,0
2021-06-17 10:13:48,14223.0,0
2021-06-17 10:13:49,14220.75,0
2021-06-17 10:13:50,14221.6,0
2021-06-17 10:13:51,14220.25,0
2021-06-17 10:13:52,14219.9,0
2021-06-17 10:13:53,14220.6,0
2021-06-17 10:13:54,14221.75,0
2021-06-17 10:13:55,14221.7,0
2021-06-17 10:13:56,14222.55,0
2021-06-17 10:13:57,14223.3,0
2021-06-17 10:13:58,14223.35,0
2021-06-17 10:13:59,14222.55,0
2021-06-17 10:14:00,14222.35,0
2021-06-17 10:14:02,14222.25,0
2021-06-17 10:14:03,14222.7,0
2021-06-17 10:14:04,14223.75,0
2021-06-17 10:14:05,14222.85,0
2021-06-17 10:14:06,14223.85,0
2021-06-17 10:14:07,14222.15,0
2021-06-17 10:14:08,14224.1,0
2021-06-17 10:14:09,14223.6,0
2021-06-17 10:14:10,14223.2,0
2021-06-17 10:14:11,14224.4,0
2021-06-17 10:14:12,14224.4,0
2021-06-17 10:14:13,14224.2,0
2021-06-17 10:14:15,14222.6,0
2021-06-17 10:14:17,14224.4,0
2021-06-17 10:14:18,14224.65,0
2021-06-17 10:14:20,14223.5,0
2021-06-17 10:14:23,14223.1,0
2021-06-17 10:14:24,14223.0,0
2021-06-17 10:14:25,14222.8,0
2021-06-17 10:14:26,14222.75,0
2021-06-17 10:14:27,14222.75,0
2021-06-17 10:14:28,14222.9,0
2021-06-17 10:14:29,14222.8,0
2021-06-17 10:14:30,14221.8,0
2021-06-17 10:14:31,14222.8,0
2021-06-17 10:14:32,14222.3,0
2021-06-17 10:14:33,14222.1,0
2021-06-17 10:14:34,14221.05,0
2021-06-17 10:14:35,14222.2,0
2021-06-17 10:14:37,14223.75,0
2021-06-17 10:14:38,14223.55,0
2021-06-17 10:14:39,14223.15,0
2021-06-17 10:14:40,14221.95,0
2021-06-17 10:14:42,14224.25,0
2021-06-17 10:14:43,14222.1,0
2021-06-17 10:14:44,14222.8,0
2021-06-17 10:14:45,14222.85,0
2021-06-17 10:14:46,14222.55,0
2021-06-17 10:14:47,14222.3,0
2021-06-17 10:14:48,14222.2,0
2021-06-17 10:14:49,14222.55,0
2021-06-17 10:14:50,14222.55,0
2021-06-17 10:14:51,14222.15,0
2021-06-17 10:14:53,14224.3,0
2021-06-17 10:14:54,14223.9,0
2021-06-17 10:14:55,14222.8,0
2021-06-17 10:14:57,14224.65,0
2021-06-17 10:14:58,14224.85,0
2021-06-17 10:14:59,14224.55,0
2021-06-17 10:15:00,14224.3,0
2021-06-17 10:15:02,14226.3,0
2021-06-17 10:15:03,14227.35,0
2021-06-17 10:15:04,14224.35,0
2021-06-17 10:15:05,14226.5,0
2021-06-17 10:15:06,14226.4,0
2021-06-17 10:15:08,14226.1,0
2021-06-17 10:15:09,14226.35,0
2021-06-17 10:15:10,14227.05,0
2021-06-17 10:15:11,14227.85,0
2021-06-17 10:15:12,14229.25,0
2021-06-17 10:15:13,14228.95,0
2021-06-17 10:15:14,14229.1,0
2021-06-17 10:15:15,14228.8,0
2021-06-17 10:15:16,14227.9,0
2021-06-17 10:15:18,14227.8,0
2021-06-17 10:15:19,14228.05,0
2021-06-17 10:15:20,14227.2,0
2021-06-17 10:15:21,14226.95,0
2021-06-17 10:15:24,14227.1,0
2021-06-17 10:15:27,14226.75,0
2021-06-17 10:15:28,14226.45,0
2021-06-17 10:15:31,14227.0,0
2021-06-17 10:15:32,14226.25,0
2021-06-17 10:15:33,14225.25,0
2021-06-17 10:15:34,14223.4,0
2021-06-17 10:15:35,14223.2,0
2021-06-17 10:15:36,14223.3,0
2021-06-17 10:15:37,14222.3,0
2021-06-17 10:15:38,14221.5,0
2021-06-17 10:15:39,14221.15,0
2021-06-17 10:15:40,14221.0,0
2021-06-17 10:15:41,14221.3,0
2021-06-17 10:15:42,14221.7,0
2021-06-17 10:15:43,14221.8,0
2021-06-17 10:15:44,14220.95,0
2021-06-17 10:15:46,14221.55,0
2021-06-17 10:15:48,14219.85,0
2021-06-17 10:15:50,14219.85,0
2021-06-17 10:15:51,14220.1,0
2021-06-17 10:15:52,14219.2,0
2021-06-17 10:15:53,14220.55,0
2021-06-17 10:15:55,14221.0,0
2021-06-17 10:15:56,14218.6,0
2021-06-17 10:15:58,14219.2,0
2021-06-17 10:15:59,14220.55,0
2021-06-17 10:16:00,14220.4,0
2021-06-17 10:16:02,14218.65,0
2021-06-17 10:16:03,14220.7,0
2021-06-17 10:16:04,14219.7,0
2021-06-17 10:16:05,14220.9,0
2021-06-17 10:16:06,14221.1,0
2021-06-17 10:16:07,14217.85,0
2021-06-17 10:16:09,14218.55,0
2021-06-17 10:16:11,14218.75,0
2021-06-17 10:16:13,14216.5,0
2021-06-17 10:16:14,14216.4,0
2021-06-17 10:16:16,14216.3,0
2021-06-17 10:16:17,14215.65,0
2021-06-17 10:16:18,14215.9,0
2021-06-17 10:16:19,14217.55,0
2021-06-17 10:16:20,14217.85,0
2021-06-17 10:16:21,14215.9,0
2021-06-17 10:16:23,14216.1,0
2021-06-17 10:16:24,14214.9,0
2021-06-17 10:16:25,14215.4,0
2021-06-17 10:16:27,14215.15,0
2021-06-17 10:16:28,14217.7,0
2021-06-17 10:16:29,14217.7,0
2021-06-17 10:16:32,14217.6,0
2021-06-17 10:16:33,14218.65,0
2021-06-17 10:16:35,14217.05,0
2021-06-17 10:16:36,14217.6,0
2021-06-17 10:16:37,14216.6,0
2021-06-17 10:16:38,14216.45,0
2021-06-17 10:16:39,14216.45,0
2021-06-17 10:16:40,14217.65,0
2021-06-17 10:16:42,14217.5,0
2021-06-17 10:16:43,14217.6,0
2021-06-17 10:16:44,14216.75,0
2021-06-17 10:16:45,14217.05,0
2021-06-17 10:16:46,14218.75,0
2021-06-17 10:16:47,14218.85,0
2021-06-17 10:16:49,14218.65,0
2021-06-17 10:16:51,14220.0,0
2021-06-17 10:16:52,14218.75,0
2021-06-17 10:16:53,14219.15,0
2021-06-17 10:16:54,14219.1,0
2021-06-17 10:16:55,14218.65,0
2021-06-17 10:16:57,14218.45,0
2021-06-17 10:17:00,14216.7,0
2021-06-17 10:17:01,14215.8,0
2021-06-17 10:17:02,14216.5,0
2021-06-17 10:17:03,14217.35,0
2021-06-17 10:17:05,14214.9,0
2021-06-17 10:17:07,14215.15,0
2021-06-17 10:17:08,14214.25,0
2021-06-17 10:17:09,14214.0,0
2021-06-17 10:17:10,14215.25,0
2021-06-17 10:17:11,14215.6,0
2021-06-17 10:17:12,14215.35,0
2021-06-17 10:17:14,14214.45,0
2021-06-17 10:17:15,14215.05,0
2021-06-17 10:17:16,14216.7,0
2021-06-17 10:17:17,14216.9,0
2021-06-17 10:17:18,14218.05,0
2021-06-17 10:17:19,14218.05,0
2021-06-17 10:17:20,14217.95,0
2021-06-17 10:17:21,14219.15,0
2021-06-17 10:17:22,14218.95,0
2021-06-17 10:17:23,14221.9,0
2021-06-17 10:17:24,14220.95,0
2021-06-17 10:17:25,14221.2,0
2021-06-17 10:17:27,14220.35,0
2021-06-17 10:17:28,14219.9,0
2021-06-17 10:17:29,14220.1,0
2021-06-17 10:17:30,14219.55,0
2021-06-17 10:17:31,14219.7,0
2021-06-17 10:17:32,14218.7,0
2021-06-17 10:17:33,14219.45,0
2021-06-17 10:17:35,14219.5,0
2021-06-17 10:17:36,14219.85,0
2021-06-17 10:17:37,14219.3,0
2021-06-17 10:17:38,14221.0,0
2021-06-17 10:17:39,14219.15,0
2021-06-17 10:17:41,14218.7,0
2021-06-17 10:17:42,14219.8,0
2021-06-17 10:17:45,14220.5,0
2021-06-17 10:17:46,14220.0,0
2021-06-17 10:17:47,14220.3,0
2021-06-17 10:17:49,14219.45,0
2021-06-17 10:17:50,14219.0,0
2021-06-17 10:17:53,14220.15,0
2021-06-17 10:17:55,14218.95,0
2021-06-17 10:17:56,14218.95,0
2021-06-17 10:17:57,14218.95,0
2021-06-17 10:17:58,14219.0,0
2021-06-17 10:17:59,14219.05,0
2021-06-17 10:18:00,14217.35,0
2021-06-17 10:18:01,14218.3,0
2021-06-17 10:18:02,14217.4,0
2021-06-17 10:18:03,14218.15,0
2021-06-17 10:18:04,14216.95,0
2021-06-17 10:18:05,14217.25,0
2021-06-17 10:18:06,14217.45,0
2021-06-17 10:18:07,14218.6,0
2021-06-17 10:18:08,14219.0,0
2021-06-17 10:18:09,14219.0,0
2021-06-17 10:18:10,14218.85,0
2021-06-17 10:18:12,14218.05,0
2021-06-17 10:18:14,14217.85,0
2021-06-17 10:18:15,14216.8,0
2021-06-17 10:18:16,14216.65,0
2021-06-17 10:18:17,14216.05,0
2021-06-17 10:18:18,14217.85,0
2021-06-17 10:18:19,14217.45,0
2021-06-17 10:18:20,14217.6,0
2021-06-17 10:18:21,14217.1,0
2021-06-17 10:18:22,14218.05,0
2021-06-17 10:18:25,14218.1,0
2021-06-17 10:18:26,14218.1,0
2021-06-17 10:18:27,14216.65,0
2021-06-17 10:18:28,14217.05,0
2021-06-17 10:18:29,14216.5,0
2021-06-17 10:18:30,14216.85,0
2021-06-17 10:18:31,14217.6,0
2021-06-17 10:18:32,14216.35,0
2021-06-17 10:18:33,14216.95,0
2021-06-17 10:18:34,14216.55,0
2021-06-17 10:18:35,14216.55,0
2021-06-17 10:18:36,14217.7,0
2021-06-17 10:18:37,14218.45,0
2021-06-17 10:18:38,14219.6,0
2021-06-17 10:18:39,14220.05,0
2021-06-17 10:18:40,14219.65,0
2021-06-17 10:18:41,14219.15,0
2021-06-17 10:18:42,14219.65,0
2021-06-17 10:18:43,14219.8,0
2021-06-17 10:18:45,14219.3,0
2021-06-17 10:18:46,14217.1,0
2021-06-17 10:18:47,14217.8,0
2021-06-17 10:18:48,14218.15,0
2021-06-17 10:18:49,14217.5,0
2021-06-17 10:18:51,14217.7,0
2021-06-17 10:18:52,14217.7,0
2021-06-17 10:18:53,14218.15,0
2021-06-17 10:18:54,14217.85,0
2021-06-17 10:18:55,14218.3,0
2021-06-17 10:18:56,14218.85,0
2021-06-17 10:18:57,14218.85,0
2021-06-17 10:18:58,14218.75,0
2021-06-17 10:18:59,14220.8,0
2021-06-17 10:19:00,14220.8,0
2021-06-17 10:19:01,14219.1,0
2021-06-17 10:19:02,14218.05,0
2021-06-17 10:19:03,14219.0,0
2021-06-17 10:19:04,14219.95,0
2021-06-17 10:19:05,14220.05,0
2021-06-17 10:19:06,14220.05,0
2021-06-17 10:19:07,14220.0,0
2021-06-17 10:19:08,14220.25,0
2021-06-17 10:19:09,14220.3,0
2021-06-17 10:19:10,14220.3,0
2021-06-17 10:19:11,14220.5,0
2021-06-17 10:19:12,14220.85,0
2021-06-17 10:19:13,14220.9,0
2021-06-17 10:19:14,14219.1,0
2021-06-17 10:19:15,14221.2,0
2021-06-17 10:19:16,14222.1,0
2021-06-17 10:19:17,14221.35,0
2021-06-17 10:19:19,14219.6,0
2021-06-17 10:19:20,14220.55,0
2021-06-17 10:19:21,14220.55,0
2021-06-17 10:19:22,14222.15,0
2021-06-17 10:19:23,14222.65,0
2021-06-17 10:19:24,14221.9,0
2021-06-17 10:19:25,14222.3,0
2021-06-17 10:19:26,14222.55,0
2021-06-17 10:19:28,14222.85,0
2021-06-17 10:19:29,14223.55,0
2021-06-17 10:19:30,14222.65,0
2021-06-17 10:19:31,14223.9,0
2021-06-17 10:19:32,14224.45,0
2021-06-17 10:19:33,14224.75,0
2021-06-17 10:19:35,14221.65,0
2021-06-17 10:19:36,14221.9,0
2021-06-17 10:19:37,14223.95,0
2021-06-17 10:19:38,14222.35,0
2021-06-17 10:19:39,14222.45,0
2021-06-17 10:19:40,14221.6,0
2021-06-17 10:19:41,14221.4,0
2021-06-17 10:19:44,14221.3,0
2021-06-17 10:19:46,14221.4,0
2021-06-17 10:19:48,14220.5,0
2021-06-17 10:19:50,14221.4,0
2021-06-17 10:19:51,14221.35,0
2021-06-17 10:19:52,14220.5,0
2021-06-17 10:19:53,14220.6,0
2021-06-17 10:19:54,14220.55,0
2021-06-17 10:19:55,14220.55,0
2021-06-17 10:19:56,14219.6,0
2021-06-17 10:19:58,14221.2,0
2021-06-17 10:19:59,14221.05,0
2021-06-17 10:20:00,14221.2,0
2021-06-17 10:20:01,14220.65,0
2021-06-17 10:20:02,14220.6,0
2021-06-17 10:20:03,14221.4,0
2021-06-17 10:20:04,14222.45,0
2021-06-17 10:20:05,14222.65,0
2021-06-17 10:20:06,14222.55,0
2021-06-17 10:20:07,14220.9,0
2021-06-17 10:20:08,14221.95,0
2021-06-17 10:20:10,14220.15,0
2021-06-17 10:20:11,14220.5,0
2021-06-17 10:20:12,14221.05,0
2021-06-17 10:20:14,14220.75,0
2021-06-17 10:20:15,14220.95,0
2021-06-17 10:20:17,14220.55,0
2021-06-17 10:20:18,14220.95,0
2021-06-17 10:20:19,14220.75,0
2021-06-17 10:20:20,14221.1,0
2021-06-17 10:20:21,14220.7,0
2021-06-17 10:20:22,14220.55,0
2021-06-17 10:20:23,14220.15,0
2021-06-17 10:20:24,14220.15,0
2021-06-17 10:20:25,14219.95,0
2021-06-17 10:20:26,14219.8,0
2021-06-17 10:20:27,14219.6,0
2021-06-17 10:20:28,14220.2,0
2021-06-17 10:20:29,14220.2,0
2021-06-17 10:20:31,14219.7,0
2021-06-17 10:20:32,14219.6,0
2021-06-17 10:20:33,14218.9,0
2021-06-17 10:20:34,14218.9,0
2021-06-17 10:20:35,14220.6,0
2021-06-17 10:20:36,14220.6,0
2021-06-17 10:20:37,14220.25,0
2021-06-17 10:20:38,14220.3,0
2021-06-17 10:20:39,14220.35,0
2021-06-17 10:20:40,14220.4,0
2021-06-17 10:20:41,14219.4,0
2021-06-17 10:20:42,14221.0,0
2021-06-17 10:20:44,14218.3,0
2021-06-17 10:20:45,14218.3,0
2021-06-17 10:20:46,14218.45,0
2021-06-17 10:20:48,14219.9,0
2021-06-17 10:20:49,14220.7,0
2021-06-17 10:20:50,14220.9,0
2021-06-17 10:20:51,14221.7,0
2021-06-17 10:20:52,14220.45,0
2021-06-17 10:20:53,14220.95,0
2021-06-17 10:20:54,14221.15,0
2021-06-17 10:20:56,14219.15,0
2021-06-17 10:20:57,14219.9,0
2021-06-17 10:20:58,14220.65,0
2021-06-17 10:20:59,14219.45,0
2021-06-17 10:21:00,14220.0,0
2021-06-17 10:21:01,14220.25,0
2021-06-17 10:21:02,14220.35,0
2021-06-17 10:21:03,14220.2,0
2021-06-17 10:21:04,14221.3,0
2021-06-17 10:21:05,14220.85,0
2021-06-17 10:21:06,14221.7,0
2021-06-17 10:21:07,14221.7,0
2021-06-17 10:21:08,14222.1,0
2021-06-17 10:21:09,14222.4,0
2021-06-17 10:21:10,14222.25,0
2021-06-17 10:21:14,14221.9,0
2021-06-17 10:21:16,14223.4,0
2021-06-17 10:21:17,14223.45,0
2021-06-17 10:21:18,14222.1,0
2021-06-17 10:21:19,14221.35,0
2021-06-17 10:21:20,14222.1,0
2021-06-17 10:21:21,14221.95,0
2021-06-17 10:21:23,14223.3,0
2021-06-17 10:21:24,14222.3,0
2021-06-17 10:21:25,14222.15,0
2021-06-17 10:21:26,14222.1,0
2021-06-17 10:21:27,14222.7,0
2021-06-17 10:21:29,14222.3,0
2021-06-17 10:21:30,14222.6,0
2021-06-17 10:21:31,14222.6,0
2021-06-17 10:21:32,14222.9,0
2021-06-17 10:21:33,14222.35,0
2021-06-17 10:21:34,14221.4,0
2021-06-17 10:21:35,14221.4,0
2021-06-17 10:21:36,14221.4,0
2021-06-17 10:21:37,14222.65,0
2021-06-17 10:21:38,14222.45,0
2021-06-17 10:21:39,14222.55,0
2021-06-17 10:21:40,14220.75,0
2021-06-17 10:21:41,14221.75,0
2021-06-17 10:21:42,14221.8,0
2021-06-17 10:21:43,14221.1,0
2021-06-17 10:21:44,14220.85,0
2021-06-17 10:21:46,14221.7,0
2021-06-17 10:21:47,14220.15,0
2021-06-17 10:21:48,14220.45,0
2021-06-17 10:21:49,14220.35,0
2021-06-17 10:21:50,14220.95,0
2021-06-17 10:21:51,14220.95,0
2021-06-17 10:21:52,14220.2,0
2021-06-17 10:21:53,14218.95,0
2021-06-17 10:21:54,14220.15,0
2021-06-17 10:21:55,14217.45,0
2021-06-17 10:21:56,14218.6,0
2021-06-17 10:21:57,14219.25,0
2021-06-17 10:21:58,14218.65,0
2021-06-17 10:21:59,14217.75,0
2021-06-17 10:22:00,14215.55,0
2021-06-17 10:22:01,14216.35,0
2021-06-17 10:22:02,14218.15,0
2021-06-17 10:22:04,14219.7,0
2021-06-17 10:22:05,14219.95,0
2021-06-17 10:22:06,14218.95,0
2021-06-17 10:22:07,14218.35,0
2021-06-17 10:22:08,14218.5,0
2021-06-17 10:22:09,14217.7,0
2021-06-17 10:22:10,14218.95,0
2021-06-17 10:22:11,14218.85,0
2021-06-17 10:22:13,14215.3,0
2021-06-17 10:22:14,14215.75,0
2021-06-17 10:22:15,14217.2,0
2021-06-17 10:22:16,14216.3,0
2021-06-17 10:22:17,14216.2,0
2021-06-17 10:22:18,14214.3,0
2021-06-17 10:22:19,14214.3,0
2021-06-17 10:22:20,14214.55,0
2021-06-17 10:22:21,14215.05,0
2021-06-17 10:22:22,14215.75,0
2021-06-17 10:22:23,14215.65,0
2021-06-17 10:22:24,14215.6,0
2021-06-17 10:22:25,14215.85,0
2021-06-17 10:22:26,14215.85,0
2021-06-17 10:22:27,14216.0,0
2021-06-17 10:22:29,14217.7,0
2021-06-17 10:22:30,14217.4,0
2021-06-17 10:22:31,14216.95,0
2021-06-17 10:22:32,14217.3,0
2021-06-17 10:22:33,14217.55,0
2021-06-17 10:22:35,14216.1,0
2021-06-17 10:22:36,14216.9,0
2021-06-17 10:22:37,14217.5,0
2021-06-17 10:22:38,14217.3,0
2021-06-17 10:22:39,14216.4,0
2021-06-17 10:22:40,14216.25,0
2021-06-17 10:22:41,14217.75,0
2021-06-17 10:22:42,14219.45,0
2021-06-17 10:22:44,14219.05,0
2021-06-17 10:22:45,14220.25,0
2021-06-17 10:22:46,14221.1,0
2021-06-17 10:22:47,14219.3,0
2021-06-17 10:22:48,14219.9,0
2021-06-17 10:22:49,14219.6,0
2021-06-17 10:22:50,14218.15,0
2021-06-17 10:22:51,14218.7,0
2021-06-17 10:22:52,14218.9,0
2021-06-17 10:22:53,14219.3,0
2021-06-17 10:22:54,14220.45,0
2021-06-17 10:22:55,14220.35,0
2021-06-17 10:22:56,14220.15,0
2021-06-17 10:22:57,14219.4,0
2021-06-17 10:22:58,14219.5,0
2021-06-17 10:22:59,14219.35,0
2021-06-17 10:23:00,14220.4,0
2021-06-17 10:23:02,14222.35,0
2021-06-17 10:23:03,14222.55,0
2021-06-17 10:23:04,14221.05,0
2021-06-17 10:23:06,14221.75,0
2021-06-17 10:23:07,14220.65,0
2021-06-17 10:23:08,14221.25,0
2021-06-17 10:23:09,14220.55,0
2021-06-17 10:23:10,14219.6,0
2021-06-17 10:23:12,14219.9,0
2021-06-17 10:23:13,14222.35,0
2021-06-17 10:23:14,14223.5,0
2021-06-17 10:23:15,14224.2,0
2021-06-17 10:23:16,14222.8,0
2021-06-17 10:23:17,14223.45,0
2021-06-17 10:23:18,14224.05,0
2021-06-17 10:23:21,14223.35,0
2021-06-17 10:23:22,14223.7,0
2021-06-17 10:23:23,14224.3,0
2021-06-17 10:23:24,14223.1,0
2021-06-17 10:23:25,14222.05,0
2021-06-17 10:23:26,14223.05,0
2021-06-17 10:23:29,14222.2,0
2021-06-17 10:23:30,14222.05,0
2021-06-17 10:23:31,14222.05,0
2021-06-17 10:23:32,14222.25,0
2021-06-17 10:23:33,14222.6,0
2021-06-17 10:23:34,14222.85,0
2021-06-17 10:23:35,14222.0,0
2021-06-17 10:23:37,14222.7,0
2021-06-17 10:23:38,14222.7,0
2021-06-17 10:23:39,14222.05,0
2021-06-17 10:23:40,14221.7,0
2021-06-17 10:23:41,14221.65,0
2021-06-17 10:23:42,14221.95,0
2021-06-17 10:23:43,14221.35,0
2021-06-17 10:23:44,14221.1,0
2021-06-17 10:23:45,14221.65,0
2021-06-17 10:23:47,14220.2,0
2021-06-17 10:23:48,14220.9,0
2021-06-17 10:23:49,14219.65,0
2021-06-17 10:23:50,14219.95,0
2021-06-17 10:23:51,14220.5,0
2021-06-17 10:23:52,14220.8,0
2021-06-17 10:23:54,14221.2,0
2021-06-17 10:23:55,14221.3,0
2021-06-17 10:23:56,14221.9,0
2021-06-17 10:23:57,14222.55,0
2021-06-17 10:23:58,14222.45,0
2021-06-17 10:23:59,14222.2,0
2021-06-17 10:24:00,14222.15,0
2021-06-17 10:24:01,14221.8,0
2021-06-17 10:24:02,14222.55,0
2021-06-17 10:24:03,14221.75,0
2021-06-17 10:24:04,14222.75,0
2021-06-17 10:24:07,14222.7,0
2021-06-17 10:24:08,14221.5,0
2021-06-17 10:24:09,14222.55,0
2021-06-17 10:24:11,14222.15,0
2021-06-17 10:24:12,14221.8,0
2021-06-17 10:24:13,14221.75,0
2021-06-17 10:24:15,14220.45,0
2021-06-17 10:24:16,14220.85,0
2021-06-17 10:24:17,14221.0,0
2021-06-17 10:24:18,14222.3,0
2021-06-17 10:24:19,14222.1,0
2021-06-17 10:24:20,14221.3,0
2021-06-17 10:24:21,14221.5,0
2021-06-17 10:24:23,14221.7,0
2021-06-17 10:24:24,14222.25,0
2021-06-17 10:24:25,14222.9,0
2021-06-17 10:24:26,14221.75,0
2021-06-17 10:24:27,14220.85,0
2021-06-17 10:24:28,14221.9,0
2021-06-17 10:24:29,14221.8,0
2021-06-17 10:24:30,14220.9,0
2021-06-17 10:24:31,14221.25,0
2021-06-17 10:24:32,14220.65,0
2021-06-17 10:24:33,14221.45,0
2021-06-17 10:24:34,14220.75,0
2021-06-17 10:24:35,14220.55,0
2021-06-17 10:24:36,14221.0,0
2021-06-17 10:24:37,14220.4,0
2021-06-17 10:24:38,14220.4,0
2021-06-17 10:24:39,14219.65,0
2021-06-17 10:24:40,14221.6,0
2021-06-17 10:24:42,14221.3,0
2021-06-17 10:24:44,14221.3,0
2021-06-17 10:24:45,14219.85,0
2021-06-17 10:24:46,14219.35,0
2021-06-17 10:24:47,14220.0,0
2021-06-17 10:24:48,14218.15,0
2021-06-17 10:24:49,14218.25,0
2021-06-17 10:24:50,14217.8,0
2021-06-17 10:24:51,14218.75,0
2021-06-17 10:24:52,14218.25,0
2021-06-17 10:24:53,14218.45,0
2021-06-17 10:24:54,14216.55,0
2021-06-17 10:24:55,14217.4,0
2021-06-17 10:24:56,14217.7,0
2021-06-17 10:24:57,14217.95,0
2021-06-17 10:24:58,14218.6,0
2021-06-17 10:24:59,14217.2,0
2021-06-17 10:25:00,14218.15,0
2021-06-17 10:25:01,14218.0,0
