timestamp,ltp,volume
2021-06-17 09:19:46,36050.25,0
2021-06-17 09:19:46,36050.25,0
2021-06-17 09:19:47,36051.25,0
2021-06-17 09:19:48,36052.2,0
2021-06-17 09:19:49,36057.95,0
2021-06-17 09:19:50,36052.35,0
2021-06-17 09:19:53,36057.2,0
2021-06-17 09:19:54,36047.45,0
2021-06-17 09:19:55,36052.75,0
2021-06-17 09:19:56,36049.8,0
2021-06-17 09:19:57,36052.6,0
2021-06-17 09:19:59,36066.25,0
2021-06-17 09:20:00,36064.3,0
2021-06-17 09:20:02,36056.6,0
2021-06-17 09:20:04,36056.75,0
2021-06-17 09:20:05,36053.15,0
2021-06-17 09:20:07,36056.75,0
2021-06-17 09:20:08,36062.6,0
2021-06-17 09:20:09,36057.45,0
2021-06-17 09:20:10,36065.95,0
2021-06-17 09:20:11,36063.7,0
2021-06-17 09:20:12,36063.0,0
2021-06-17 09:20:13,36069.75,0
2021-06-17 09:20:14,36074.25,0
2021-06-17 09:20:15,36068.9,0
2021-06-17 09:20:19,36069.45,0
2021-06-17 09:20:20,36064.8,0
2021-06-17 09:20:21,36074.0,0
2021-06-17 09:20:22,36068.4,0
2021-06-17 09:20:23,36069.45,0
2021-06-17 09:20:24,36071.4,0
2021-06-17 09:20:25,36065.85,0
2021-06-17 09:20:27,36069.85,0
2021-06-17 09:20:28,36068.75,0
2021-06-17 09:20:29,36069.75,0
2021-06-17 09:20:30,36067.95,0
2021-06-17 09:20:31,36068.85,0
2021-06-17 09:20:33,36073.5,0
2021-06-17 09:20:34,36072.05,0
2021-06-17 09:20:35,36071.4,0
2021-06-17 09:20:37,36073.45,0
2021-06-17 09:20:38,36066.0,0
2021-06-17 09:20:40,36060.45,0
2021-06-17 09:20:41,36063.5,0
2021-06-17 09:20:42,36066.0,0
2021-06-17 09:20:43,36066.75,0
2021-06-17 09:20:44,36071.95,0
2021-06-17 09:20:45,36063.75,0
2021-06-17 09:20:46,36068.9,0
2021-06-17 09:20:47,36068.6,0
2021-06-17 09:20:48,36064.05,0
2021-06-17 09:20:49,36057.8,0
2021-06-17 09:20:51,36055.35,0
2021-06-17 09:20:52,36052.5,0
2021-06-17 09:20:53,36056.1,0
2021-06-17 09:20:55,36059.15,0
2021-06-17 09:20:56,36059.8,0
2021-06-17 09:20:58,36055.85,0
2021-06-17 09:20:59,36057.65,0
2021-06-17 09:21:00,36057.8,0
2021-06-17 09:21:01,36049.7,0
2021-06-17 09:21:02,36053.35,0
2021-06-17 09:21:03,36052.95,0
2021-06-17 09:21:04,36057.5,0
2021-06-17 09:21:05,36055.15,0
2021-06-17 09:21:07,36046.3,0
2021-06-17 09:21:08,36047.2,0
2021-06-17 09:21:10,36058.1,0
2021-06-17 09:21:11,36061.35,0
2021-06-17 09:21:12,36068.3,0
2021-06-17 09:21:13,36067.75,0
2021-06-17 09:21:15,36064.25,0
2021-06-17 09:21:16,36062.5,0
2021-06-17 09:21:17,36067.85,0
2021-06-17 09:21:18,36064.9,0
2021-06-17 09:21:20,36060.25,0
2021-06-17 09:21:21,36062.5,0
2021-06-17 09:21:22,36076.15,0
2021-06-17 09:21:23,36065.95,0
2021-06-17 09:21:24,36077.5,0
2021-06-17 09:21:25,36079.2,0
2021-06-17 09:21:26,36077.75,0
2021-06-17 09:21:27,36073.5,0
2021-06-17 09:21:30,36077.4,0
2021-06-17 09:21:31,36074.0,0
2021-06-17 09:21:32,36068.65,0
2021-06-17 09:21:33,36071.25,0
2021-06-17 09:21:34,36067.0,0
2021-06-17 09:21:35,36074.0,0
2021-06-17 09:21:36,36070.7,0
2021-06-17 09:21:37,36073.25,0
2021-06-17 09:21:38,36071.4,0
2021-06-17 09:21:39,36071.9,0
2021-06-17 09:21:40,36071.05,0
2021-06-17 09:21:41,36069.2,0
2021-06-17 09:21:43,36067.65,0
2021-06-17 09:21:44,36064.15,0
2021-06-17 09:21:45,36063.45,0
2021-06-17 09:21:46,36061.85,0
2021-06-17 09:21:47,36063.75,0
2021-06-17 09:21:48,36067.55,0
2021-06-17 09:21:49,36069.6,0
2021-06-17 09:21:50,36064.85,0
2021-06-17 09:21:51,36068.85,0
2021-06-17 09:21:52,36065.0,0
2021-06-17 09:21:53,36065.35,0
2021-06-17 09:21:55,36059.85,0
2021-06-17 09:21:56,36067.15,0
2021-06-17 09:21:57,36064.8,0
2021-06-17 09:21:58,36060.4,0
2021-06-17 09:21:59,36063.25,0
2021-06-17 09:22:00,36065.1,0
2021-06-17 09:22:01,36058.5,0
2021-06-17 09:22:02,36060.15,0
2021-06-17 09:22:03,36057.3,0
2021-06-17 09:22:04,36057.35,0
2021-06-17 09:22:05,36058.8,0
2021-06-17 09:22:06,36056.65,0
2021-06-17 09:22:07,36055.85,0
2021-06-17 09:22:08,36056.95,0
2021-06-17 09:22:09,36053.75,0
2021-06-17 09:22:10,36051.9,0
2021-06-17 09:22:11,36048.95,0
2021-06-17 09:22:12,36051.3,0
2021-06-17 09:22:13,36050.9,0
2021-06-17 09:22:14,36052.85,0
2021-06-17 09:22:15,36051.25,0
2021-06-17 09:22:16,36052.55,0
2021-06-17 09:22:17,36052.75,0
2021-06-17 09:22:18,36056.45,0
2021-06-17 09:22:19,36054.75,0
2021-06-17 09:22:20,36058.2,0
2021-06-17 09:22:21,36054.8,0
2021-06-17 09:22:22,36059.25,0
2021-06-17 09:22:23,36051.9,0
2021-06-17 09:22:24,36053.9,0
2021-06-17 09:22:25,36053.9,0
2021-06-17 09:22:26,36055.65,0
2021-06-17 09:22:27,36055.8,0
2021-06-17 09:22:28,36052.45,0
2021-06-17 09:22:29,36056.5,0
2021-06-17 09:22:30,36063.1,0
2021-06-17 09:22:31,36064.75,0
2021-06-17 09:22:32,36059.5,0
2021-06-17 09:22:34,36060.4,0
2021-06-17 09:22:35,36060.8,0
2021-06-17 09:22:36,36054.55,0
2021-06-17 09:22:37,36055.35,0
2021-06-17 09:22:38,36053.2,0
2021-06-17 09:22:40,36049.55,0
2021-06-17 09:22:41,36049.65,0
2021-06-17 09:22:42,36049.4,0
2021-06-17 09:22:43,36050.65,0
2021-06-17 09:22:44,36051.9,0
2021-06-17 09:22:45,36052.95,0
2021-06-17 09:22:47,36052.15,0
2021-06-17 09:22:50,36045.3,0
2021-06-17 09:22:51,36049.75,0
2021-06-17 09:22:52,36047.7,0
2021-06-17 09:22:55,36048.2,0
2021-06-17 09:22:56,36049.1,0
2021-06-17 09:22:57,36050.7,0
2021-06-17 09:22:58,36049.0,0
2021-06-17 09:22:59,36054.45,0
2021-06-17 09:23:00,36054.85,0
2021-06-17 09:23:01,36054.8,0
2021-06-17 09:23:02,36050.75,0
2021-06-17 09:23:04,36058.65,0
2021-06-17 09:23:05,36061.1,0
2021-06-17 09:23:06,36063.3,0
2021-06-17 09:23:07,36056.7,0
2021-06-17 09:23:08,36056.8,0
2021-06-17 09:23:09,36054.3,0
2021-06-17 09:23:10,36059.55,0
2021-06-17 09:23:12,36058.35,0
2021-06-17 09:23:15,36055.3,0
2021-06-17 09:23:16,36058.25,0
2021-06-17 09:23:17,36058.9,0
2021-06-17 09:23:18,36060.3,0
2021-06-17 09:23:19,36067.75,0
2021-06-17 09:23:21,36062.0,0
2021-06-17 09:23:22,36061.85,0
2021-06-17 09:23:23,36063.65,0
2021-06-17 09:23:24,36067.0,0
2021-06-17 09:23:25,36066.7,0
2021-06-17 09:23:27,36066.05,0
2021-06-17 09:23:33,36073.25,0
2021-06-17 09:23:34,36073.2,0
2021-06-17 09:23:35,36073.5,0
2021-06-17 09:23:36,36080.2,0
2021-06-17 09:23:37,36076.35,0
2021-06-17 09:23:38,36073.8,0
2021-06-17 09:23:40,36075.85,0
2021-06-17 09:23:41,36075.25,0
2021-06-17 09:23:42,36076.25,0
2021-06-17 09:23:43,36076.35,0
2021-06-17 09:23:45,36076.55,0
2021-06-17 09:23:46,36076.25,0
2021-06-17 09:23:47,36078.8,0
2021-06-17 09:23:48,36069.0,0
2021-06-17 09:23:49,36072.45,0
2021-06-17 09:23:52,36079.05,0
2021-06-17 09:23:53,36078.4,0
2021-06-17 09:23:54,36079.55,0
2021-06-17 09:23:55,36078.0,0
2021-06-17 09:23:56,36078.05,0
2021-06-17 09:23:58,36075.15,0
2021-06-17 09:23:59,36076.95,0
2021-06-17 09:24:00,36076.9,0
2021-06-17 09:24:01,36077.5,0
2021-06-17 09:24:02,36078.8,0
2021-06-17 09:24:03,36071.45,0
2021-06-17 09:24:04,36072.4,0
2021-06-17 09:24:06,36074.0,0
2021-06-17 09:24:09,36074.25,0
2021-06-17 09:24:10,36071.75,0
2021-06-17 09:24:11,36073.55,0
2021-06-17 09:24:12,36070.05,0
2021-06-17 09:24:13,36075.85,0
2021-06-17 09:24:14,36078.5,0
2021-06-17 09:24:16,36078.1,0
2021-06-17 09:24:17,36081.4,0
2021-06-17 09:24:19,36077.25,0
2021-06-17 09:24:21,36080.1,0
2021-06-17 09:24:23,36082.8,0
2021-06-17 09:24:24,36082.9,0
2021-06-17 09:24:26,36084.3,0
2021-06-17 09:24:27,36081.6,0
2021-06-17 09:24:29,36080.5,0
2021-06-17 09:24:30,36085.85,0
2021-06-17 09:24:31,36092.3,0
2021-06-17 09:24:34,36092.45,0
2021-06-17 09:24:35,36094.2,0
2021-06-17 09:24:36,36092.2,0
2021-06-17 09:24:37,36096.9,0
2021-06-17 09:24:38,36095.55,0
2021-06-17 09:24:39,36094.65,0
2021-06-17 09:24:40,36092.75,0
2021-06-17 09:24:41,36093.35,0
2021-06-17 09:24:42,36096.55,0
2021-06-17 09:24:43,36091.8,0
2021-06-17 09:24:44,36093.1,0
2021-06-17 09:24:45,36103.75,0
2021-06-17 09:24:46,36109.9,0
2021-06-17 09:24:48,36110.15,0
2021-06-17 09:24:49,36110.0,0
2021-06-17 09:24:50,36109.9,0
2021-06-17 09:24:51,36115.4,0
2021-06-17 09:24:52,36117.1,0
2021-06-17 09:24:53,36110.45,0
2021-06-17 09:24:55,36107.7,0
2021-06-17 09:24:57,36108.2,0
2021-06-17 09:24:58,36108.2,0
2021-06-17 09:25:00,36103.5,0
2021-06-17 09:25:01,36105.4,0
2021-06-17 09:25:02,36108.45,0
2021-06-17 09:25:03,36114.05,0
2021-06-17 09:25:05,36104.0,0
2021-06-17 09:25:07,36107.0,0
2021-06-17 09:25:08,36105.75,0
2021-06-17 09:25:09,36108.0,0
2021-06-17 09:25:10,36106.65,0
2021-06-17 09:25:11,36108.25,0
2021-06-17 09:25:12,36107.05,0
2021-06-17 09:25:13,36110.8,0
2021-06-17 09:25:15,36109.75,0
2021-06-17 09:25:16,36107.35,0
2021-06-17 09:25:17,36108.55,0
2021-06-17 09:25:18,36105.15,0
2021-06-17 09:25:20,36108.35,0
2021-06-17 09:25:21,36104.05,0
2021-06-17 09:25:22,36106.35,0
2021-06-17 09:25:23,36105.5,0
2021-06-17 09:25:24,36097.8,0
2021-06-17 09:25:26,36097.8,0
2021-06-17 09:25:29,36095.85,0
2021-06-17 09:25:30,36098.45,0
2021-06-17 09:25:31,36099.7,0
2021-06-17 09:25:32,36094.45,0
2021-06-17 09:25:33,36099.9,0
2021-06-17 09:25:34,36099.1,0
2021-06-17 09:25:35,36098.4,0
2021-06-17 09:25:36,36096.75,0
2021-06-17 09:25:38,36092.95,0
2021-06-17 09:25:39,36087.7,0
2021-06-17 09:25:41,36084.55,0
2021-06-17 09:25:42,36085.05,0
2021-06-17 09:25:43,36088.15,0
2021-06-17 09:25:44,36085.85,0
2021-06-17 09:25:48,36083.65,0
2021-06-17 09:25:49,36080.15,0
2021-06-17 09:25:50,36081.95,0
2021-06-17 09:25:51,36082.85,0
2021-06-17 09:25:53,36093.25,0
2021-06-17 09:25:54,36092.25,0
2021-06-17 09:25:55,36092.9,0
2021-06-17 09:25:56,36085.05,0
2021-06-17 09:25:57,36088.8,0
2021-06-17 09:25:58,36088.4,0
2021-06-17 09:25:59,36089.4,0
2021-06-17 09:26:00,36089.0,0
2021-06-17 09:26:02,36087.75,0
2021-06-17 09:26:03,36085.4,0
2021-06-17 09:26:04,36088.05,0
2021-06-17 09:26:05,36087.0,0
2021-06-17 09:26:06,36087.85,0
2021-06-17 09:26:07,36085.05,0
2021-06-17 09:26:08,36085.6,0
2021-06-17 09:26:09,36084.1,0
2021-06-17 09:26:10,36086.35,0
2021-06-17 09:26:11,36089.6,0
2021-06-17 09:26:12,36085.85,0
2021-06-17 09:26:13,36085.15,0
2021-06-17 09:26:14,36085.8,0
2021-06-17 09:26:15,36083.0,0
2021-06-17 09:26:17,36073.05,0
2021-06-17 09:26:18,36079.5,0
2021-06-17 09:26:20,36081.55,0
2021-06-17 09:26:21,36079.25,0
2021-06-17 09:26:22,36081.55,0
2021-06-17 09:26:23,36078.75,0
2021-06-17 09:26:24,36078.3,0
2021-06-17 09:26:25,36077.8,0
2021-06-17 09:26:27,36074.15,0
2021-06-17 09:26:28,36064.85,0
2021-06-17 09:26:29,36062.75,0
2021-06-17 09:26:30,36062.7,0
2021-06-17 09:26:31,36060.8,0
2021-06-17 09:26:32,36067.25,0
2021-06-17 09:26:33,36063.2,0
2021-06-17 09:26:34,36067.55,0
2021-06-17 09:26:35,36069.3,0
2021-06-17 09:26:36,36058.75,0
2021-06-17 09:26:37,36060.35,0
2021-06-17 09:26:38,36062.25,0
2021-06-17 09:26:39,36061.45,0
2021-06-17 09:26:40,36063.05,0
2021-06-17 09:26:44,36049.85,0
2021-06-17 09:26:45,36057.5,0
2021-06-17 09:26:46,36057.3,0
2021-06-17 09:26:48,36056.4,0
2021-06-17 09:26:49,36060.6,0
2021-06-17 09:26:50,36063.5,0
2021-06-17 09:26:51,36064.3,0
2021-06-17 09:26:52,36061.6,0
2021-06-17 09:26:53,36064.6,0
2021-06-17 09:26:54,36054.0,0
2021-06-17 09:26:55,36061.75,0
2021-06-17 09:26:56,36058.5,0
2021-06-17 09:26:57,36059.3,0
2021-06-17 09:26:58,36055.0,0
2021-06-17 09:27:00,36055.95,0
2021-06-17 09:27:01,36054.85,0
2021-06-17 09:27:02,36059.75,0
2021-06-17 09:27:03,36060.65,0
2021-06-17 09:27:04,36062.7,0
2021-06-17 09:27:05,36061.15,0
2021-06-17 09:27:06,36060.6,0
2021-06-17 09:27:07,36059.5,0
2021-06-17 09:27:08,36059.15,0
2021-06-17 09:27:10,36044.05,0
2021-06-17 09:27:11,36046.55,0
2021-06-17 09:27:12,36050.05,0
2021-06-17 09:27:14,36050.8,0
2021-06-17 09:27:15,36050.05,0
2021-06-17 09:27:16,36047.4,0
2021-06-17 09:27:19,36041.0,0
2021-06-17 09:27:20,36044.95,0
2021-06-17 09:27:23,36047.85,0
2021-06-17 09:27:27,36032.7,0
2021-06-17 09:27:28,36032.45,0
2021-06-17 09:27:29,36037.4,0
2021-06-17 09:27:30,36030.5,0
2021-06-17 09:27:31,36031.55,0
2021-06-17 09:27:32,36032.65,0
2021-06-17 09:27:34,36030.95,0
2021-06-17 09:27:36,36029.6,0
2021-06-17 09:27:37,36028.4,0
2021-06-17 09:27:38,36029.9,0
2021-06-17 09:27:39,36037.7,0
2021-06-17 09:27:41,36033.15,0
2021-06-17 09:27:42,36034.7,0
2021-06-17 09:27:43,36038.8,0
2021-06-17 09:27:44,36039.45,0
2021-06-17 09:27:45,36035.4,0
2021-06-17 09:27:46,36041.15,0
2021-06-17 09:27:48,36038.1,0
2021-06-17 09:27:49,36036.45,0
2021-06-17 09:27:50,36030.45,0
2021-06-17 09:27:51,36032.05,0
2021-06-17 09:27:53,36036.5,0
2021-06-17 09:27:55,36042.8,0
2021-06-17 09:27:56,36042.7,0
2021-06-17 09:27:59,36042.35,0
2021-06-17 09:28:00,36047.5,0
2021-06-17 09:28:01,36049.75,0
2021-06-17 09:28:02,36047.55,0
2021-06-17 09:28:03,36047.4,0
2021-06-17 09:28:04,36053.4,0
2021-06-17 09:28:06,36052.2,0
2021-06-17 09:28:07,36052.4,0
2021-06-17 09:28:08,36056.1,0
2021-06-17 09:28:09,36056.85,0
2021-06-17 09:28:11,36057.15,0
2021-06-17 09:28:12,36062.2,0
2021-06-17 09:28:13,36053.65,0
2021-06-17 09:28:14,36062.75,0
2021-06-17 09:28:15,36056.65,0
2021-06-17 09:28:16,36057.1,0
2021-06-17 09:28:17,36061.8,0
2021-06-17 09:28:18,36058.6,0
2021-06-17 09:28:20,36058.1,0
2021-06-17 09:28:21,36059.4,0
2021-06-17 09:28:23,36063.35,0
2021-06-17 09:28:24,36061.45,0
2021-06-17 09:28:25,36064.55,0
2021-06-17 09:28:26,36066.9,0
2021-06-17 09:28:27,36066.9,0
2021-06-17 09:28:28,36059.35,0
2021-06-17 09:28:29,36065.4,0
2021-06-17 09:28:30,36061.25,0
2021-06-17 09:28:31,36065.7,0
2021-06-17 09:28:32,36065.45,0
2021-06-17 09:28:33,36063.35,0
2021-06-17 09:28:34,36065.55,0
2021-06-17 09:28:35,36066.1,0
2021-06-17 09:28:36,36067.9,0
2021-06-17 09:28:37,36066.35,0
2021-06-17 09:28:38,36066.25,0
2021-06-17 09:28:39,36063.5,0
2021-06-17 09:28:40,36060.15,0
2021-06-17 09:28:41,36069.0,0
2021-06-17 09:28:42,36066.25,0
2021-06-17 09:28:43,36069.1,0
2021-06-17 09:28:45,36068.15,0
2021-06-17 09:28:46,36071.0,0
2021-06-17 09:28:48,36075.85,0
2021-06-17 09:28:49,36067.25,0
2021-06-17 09:28:50,36068.15,0
2021-06-17 09:28:52,36070.1,0
2021-06-17 09:28:53,36072.55,0
2021-06-17 09:28:54,36072.9,0
2021-06-17 09:28:55,36070.85,0
2021-06-17 09:28:56,36070.35,0
2021-06-17 09:28:57,36075.35,0
2021-06-17 09:28:58,36074.6,0
2021-06-17 09:28:59,36074.45,0
2021-06-17 09:29:00,36074.5,0
2021-06-17 09:29:01,36065.1,0
2021-06-17 09:29:02,36074.4,0
2021-06-17 09:29:03,36069.0,0
2021-06-17 09:29:04,36076.05,0
2021-06-17 09:29:05,36076.55,0
2021-06-17 09:29:06,36074.35,0
2021-06-17 09:29:07,36081.35,0
2021-06-17 09:29:08,36084.55,0
2021-06-17 09:29:10,36084.35,0
2021-06-17 09:29:11,36088.8,0
2021-06-17 09:29:13,36085.9,0
2021-06-17 09:29:15,36084.55,0
2021-06-17 09:29:16,36085.5,0
2021-06-17 09:29:17,36088.95,0
2021-06-17 09:29:18,36092.1,0
2021-06-17 09:29:19,36091.95,0
2021-06-17 09:29:20,36093.95,0
2021-06-17 09:29:21,36095.95,0
2021-06-17 09:29:22,36093.35,0
2021-06-17 09:29:24,36097.0,0
2021-06-17 09:29:25,36091.15,0
2021-06-17 09:29:26,36094.1,0
2021-06-17 09:29:28,36094.4,0
2021-06-17 09:29:29,36096.75,0
2021-06-17 09:29:31,36091.4,0
2021-06-17 09:29:32,36089.45,0
2021-06-17 09:29:33,36094.9,0
2021-06-17 09:29:34,36097.45,0
2021-06-17 09:29:35,36099.9,0
2021-06-17 09:29:36,36094.5,0
2021-06-17 09:29:37,36091.2,0
2021-06-17 09:29:38,36096.45,0
2021-06-17 09:29:39,36102.5,0
2021-06-17 09:29:40,36102.65,0
2021-06-17 09:29:41,36096.35,0
2021-06-17 09:29:42,36098.45,0
2021-06-17 09:29:43,36099.7,0
2021-06-17 09:29:44,36097.5,0
2021-06-17 09:29:45,36099.2,0
2021-06-17 09:29:46,36098.25,0
2021-06-17 09:29:47,36097.75,0
2021-06-17 09:29:49,36100.15,0
2021-06-17 09:29:50,36101.0,0
2021-06-17 09:29:51,36101.7,0
2021-06-17 09:29:53,36103.0,0
2021-06-17 09:29:54,36101.25,0
2021-06-17 09:29:55,36099.85,0
2021-06-17 09:29:56,36098.6,0
2021-06-17 09:29:58,36099.0,0
2021-06-17 09:29:59,36097.95,0
2021-06-17 09:30:01,36096.65,0
2021-06-17 09:30:02,36094.2,0
2021-06-17 09:30:03,36091.0,0
2021-06-17 09:30:04,36094.9,0
2021-06-17 09:30:05,36098.2,0
2021-06-17 09:30:06,36095.9,0
2021-06-17 09:30:10,36093.95,0
2021-06-17 09:30:13,36097.3,0
2021-06-17 09:30:14,36102.6,0
2021-06-17 09:30:15,36099.35,0
2021-06-17 09:30:17,36103.1,0
2021-06-17 09:30:18,36102.15,0
2021-06-17 09:30:19,36101.85,0
2021-06-17 09:30:20,36100.05,0
2021-06-17 09:30:21,36103.55,0
2021-06-17 09:30:22,36101.0,0
2021-06-17 09:30:23,36097.3,0
2021-06-17 09:30:24,36097.1,0
2021-06-17 09:30:25,36097.45,0
2021-06-17 09:30:26,36091.7,0
2021-06-17 09:30:27,36094.0,0
2021-06-17 09:30:28,36089.55,0
2021-06-17 09:30:29,36089.65,0
2021-06-17 09:30:31,36089.85,0
2021-06-17 09:30:32,36096.65,0
2021-06-17 09:30:33,36097.25,0
2021-06-17 09:30:34,36093.1,0
2021-06-17 09:30:35,36090.05,0
2021-06-17 09:30:36,36085.75,0
2021-06-17 09:30:37,36087.05,0
2021-06-17 09:30:38,36091.6,0
2021-06-17 09:30:39,36085.55,0
2021-06-17 09:30:40,36084.15,0
2021-06-17 09:30:41,36082.35,0
2021-06-17 09:30:42,36079.1,0
2021-06-17 09:30:43,36077.9,0
2021-06-17 09:30:45,36080.8,0
2021-06-17 09:30:46,36077.95,0
2021-06-17 09:30:47,36079.9,0
2021-06-17 09:30:48,36079.05,0
2021-06-17 09:30:49,36075.0,0
2021-06-17 09:30:50,36073.7,0
2021-06-17 09:30:51,36073.45,0
2021-06-17 09:30:52,36073.7,0
2021-06-17 09:30:53,36074.4,0
2021-06-17 09:30:54,36084.0,0
2021-06-17 09:30:55,36077.95,0
2021-06-17 09:30:56,36078.95,0
2021-06-17 09:30:57,36082.85,0
2021-06-17 09:30:58,36079.9,0
2021-06-17 09:31:00,36077.8,0
2021-06-17 09:31:02,36072.95,0
2021-06-17 09:31:05,36074.9,0
2021-06-17 09:31:06,36077.1,0
2021-06-17 09:31:08,36075.35,0
2021-06-17 09:31:09,36073.75,0
2021-06-17 09:31:11,36071.4,0
2021-06-17 09:31:14,36068.55,0
2021-06-17 09:31:15,36064.25,0
2021-06-17 09:31:17,36058.45,0
2021-06-17 09:31:18,36062.9,0
2021-06-17 09:31:19,36062.4,0
2021-06-17 09:31:20,36057.2,0
2021-06-17 09:31:21,36066.35,0
2021-06-17 09:31:22,36060.4,0
2021-06-17 09:31:23,36057.25,0
2021-06-17 09:31:24,36063.4,0
2021-06-17 09:31:25,36063.75,0
2021-06-17 09:31:26,36059.5,0
2021-06-17 09:31:28,36054.4,0
2021-06-17 09:31:31,36064.1,0
2021-06-17 09:31:32,36062.35,0
2021-06-17 09:31:33,36058.8,0
2021-06-17 09:31:34,36054.8,0
2021-06-17 09:31:35,36051.95,0
2021-06-17 09:31:36,36054.95,0
2021-06-17 09:31:38,36052.2,0
2021-06-17 09:31:39,36057.6,0
2021-06-17 09:31:40,36054.8,0
2021-06-17 09:31:41,36049.9,0
2021-06-17 09:31:42,36049.85,0
2021-06-17 09:31:44,36055.7,0
2021-06-17 09:31:45,36055.7,0
2021-06-17 09:31:46,36056.45,0
2021-06-17 09:31:47,36060.35,0
2021-06-17 09:31:48,36065.9,0
2021-06-17 09:31:49,36071.15,0
2021-06-17 09:31:51,36070.25,0
2021-06-17 09:31:52,36074.1,0
2021-06-17 09:31:54,36069.6,0
2021-06-17 09:31:55,36071.2,0
2021-06-17 09:31:56,36072.05,0
2021-06-17 09:31:57,36067.35,0
2021-06-17 09:31:59,36060.1,0
2021-06-17 09:32:01,36059.6,0
2021-06-17 09:32:02,36064.1,0
2021-06-17 09:32:03,36061.6,0
2021-06-17 09:32:04,36068.75,0
2021-06-17 09:32:08,36062.6,0
2021-06-17 09:32:09,36062.55,0
2021-06-17 09:32:10,36063.6,0
2021-06-17 09:32:11,36067.95,0
2021-06-17 09:32:12,36062.1,0
2021-06-17 09:32:13,36065.5,0
2021-06-17 09:32:14,36064.8,0
2021-06-17 09:32:15,36064.15,0
2021-06-17 09:32:16,36064.9,0
2021-06-17 09:32:17,36065.9,0
2021-06-17 09:32:18,36064.45,0
2021-06-17 09:32:20,36065.5,0
2021-06-17 09:32:22,36062.1,0
2021-06-17 09:32:25,36066.7,0
2021-06-17 09:32:28,36067.15,0
2021-06-17 09:32:29,36067.2,0
2021-06-17 09:32:31,36067.75,0
2021-06-17 09:32:32,36070.7,0
2021-06-17 09:32:33,36070.0,0
2021-06-17 09:32:34,36068.25,0
2021-06-17 09:32:35,36072.0,0
2021-06-17 09:32:36,36072.0,0
2021-06-17 09:32:37,36070.15,0
2021-06-17 09:32:38,36076.05,0
2021-06-17 09:32:39,36071.95,0
2021-06-17 09:32:40,36072.1,0
2021-06-17 09:32:41,36071.7,0
2021-06-17 09:32:44,36069.6,0
2021-06-17 09:32:45,36065.55,0
2021-06-17 09:32:46,36070.7,0
2021-06-17 09:32:47,36070.25,0
2021-06-17 09:32:48,36074.4,0
2021-06-17 09:32:49,36070.2,0
2021-06-17 09:32:50,36072.0,0
2021-06-17 09:32:51,36074.45,0
2021-06-17 09:32:52,36075.5,0
2021-06-17 09:32:53,36073.3,0
2021-06-17 09:32:54,36077.6,0
2021-06-17 09:32:55,36074.2,0
2021-06-17 09:32:56,36076.75,0
2021-06-17 09:32:57,36073.5,0
2021-06-17 09:32:58,36077.8,0
2021-06-17 09:33:01,36079.7,0
2021-06-17 09:33:02,36078.65,0
2021-06-17 09:33:03,36078.5,0
2021-06-17 09:33:04,36076.25,0
2021-06-17 09:33:05,36078.3,0
2021-06-17 09:33:06,36080.15,0
2021-06-17 09:33:07,36076.2,0
2021-06-17 09:33:08,36073.65,0
2021-06-17 09:33:09,36075.3,0
2021-06-17 09:33:10,36070.7,0
2021-06-17 09:33:11,36071.9,0
2021-06-17 09:33:12,36073.35,0
2021-06-17 09:33:13,36074.35,0
2021-06-17 09:33:14,36075.2,0
2021-06-17 09:33:15,36077.2,0
2021-06-17 09:33:16,36075.55,0
2021-06-17 09:33:17,36078.05,0
2021-06-17 09:33:18,36075.9,0
2021-06-17 09:33:19,36077.7,0
2021-06-17 09:33:20,36080.0,0
2021-06-17 09:33:21,36078.4,0
2021-06-17 09:33:22,36076.5,0
2021-06-17 09:33:23,36080.35,0
2021-06-17 09:33:25,36079.2,0
2021-06-17 09:33:26,36078.2,0
2021-06-17 09:33:27,36084.1,0
2021-06-17 09:33:28,36077.85,0
2021-06-17 09:33:29,36081.65,0
2021-06-17 09:33:30,36077.05,0
2021-06-17 09:33:31,36082.5,0
2021-06-17 09:33:32,36084.65,0
2021-06-17 09:33:33,36082.65,0
2021-06-17 09:33:34,36076.35,0
2021-06-17 09:33:35,36081.3,0
2021-06-17 09:33:36,36081.05,0
2021-06-17 09:33:37,36082.5,0
2021-06-17 09:33:38,36079.45,0
2021-06-17 09:33:40,36072.15,0
2021-06-17 09:33:41,36078.0,0
2021-06-17 09:33:42,36078.45,0
2021-06-17 09:33:43,36080.5,0
2021-06-17 09:33:44,36080.4,0
2021-06-17 09:33:45,36075.1,0
2021-06-17 09:33:46,36079.9,0
2021-06-17 09:33:47,36075.1,0
2021-06-17 09:33:48,36076.25,0
2021-06-17 09:33:49,36077.25,0
2021-06-17 09:33:50,36076.35,0
2021-06-17 09:33:51,36077.25,0
2021-06-17 09:33:52,36082.3,0
2021-06-17 09:33:53,36086.85,0
2021-06-17 09:33:54,36085.65,0
2021-06-17 09:33:55,36085.65,0
2021-06-17 09:33:56,36079.85,0
2021-06-17 09:33:57,36083.65,0
2021-06-17 09:33:58,36084.5,0
2021-06-17 09:33:59,36077.3,0
2021-06-17 09:34:00,36077.15,0
2021-06-17 09:34:01,36078.95,0
2021-06-17 09:34:02,36073.1,0
2021-06-17 09:34:04,36078.65,0
2021-06-17 09:34:06,36077.55,0
2021-06-17 09:34:07,36080.75,0
2021-06-17 09:34:08,36080.25,0
2021-06-17 09:34:09,36079.4,0
2021-06-17 09:34:10,36083.85,0
2021-06-17 09:34:12,36079.55,0
2021-06-17 09:34:13,36076.75,0
2021-06-17 09:34:15,36074.75,0
2021-06-17 09:34:16,36078.15,0
2021-06-17 09:34:17,36080.1,0
2021-06-17 09:34:18,36077.95,0
2021-06-17 09:34:19,36072.8,0
2021-06-17 09:34:23,36075.0,0
2021-06-17 09:34:24,36065.35,0
2021-06-17 09:34:25,36070.45,0
2021-06-17 09:34:26,36072.5,0
2021-06-17 09:34:27,36073.7,0
2021-06-17 09:34:28,36074.95,0
2021-06-17 09:34:29,36072.35,0
2021-06-17 09:34:31,36078.75,0
2021-06-17 09:34:32,36075.3,0
2021-06-17 09:34:34,36072.55,0
2021-06-17 09:34:35,36068.55,0
2021-06-17 09:34:36,36069.7,0
2021-06-17 09:34:38,36067.2,0
2021-06-17 09:34:40,36072.95,0
2021-06-17 09:34:41,36067.95,0
2021-06-17 09:34:43,36070.1,0
2021-06-17 09:34:44,36067.55,0
2021-06-17 09:34:45,36061.45,0
2021-06-17 09:34:47,36069.35,0
2021-06-17 09:34:48,36070.75,0
2021-06-17 09:34:49,36063.7,0
2021-06-17 09:34:50,36064.1,0
2021-06-17 09:34:51,36065.7,0
2021-06-17 09:34:52,36065.4,0
2021-06-17 09:34:53,36066.5,0
2021-06-17 09:34:54,36065.9,0
2021-06-17 09:34:55,36063.65,0
2021-06-17 09:34:56,36062.8,0
2021-06-17 09:34:57,36068.85,0
2021-06-17 09:34:58,36067.55,0
2021-06-17 09:34:59,36061.25,0
2021-06-17 09:35:00,36061.35,0
2021-06-17 09:35:01,36061.85,0
2021-06-17 09:35:02,36058.15,0
2021-06-17 09:35:03,36062.8,0
2021-06-17 09:35:04,36064.9,0
2021-06-17 09:35:05,36062.85,0
2021-06-17 09:35:07,36058.0,0
2021-06-17 09:35:08,36062.15,0
2021-06-17 09:35:09,36061.55,0
2021-06-17 09:35:10,36059.65,0
2021-06-17 09:35:11,36059.5,0
2021-06-17 09:35:12,36059.8,0
2021-06-17 09:35:13,36060.35,0
2021-06-17 09:35:14,36060.1,0
2021-06-17 09:35:15,36060.4,0
2021-06-17 09:35:16,36060.5,0
2021-06-17 09:35:17,36052.65,0
2021-06-17 09:35:18,36052.75,0
2021-06-17 09:35:19,36056.3,0
2021-06-17 09:35:20,36052.2,0
2021-06-17 09:35:21,36058.25,0
2021-06-17 09:35:22,36055.55,0
2021-06-17 09:35:23,36057.65,0
2021-06-17 09:35:24,36057.45,0
2021-06-17 09:35:25,36052.95,0
2021-06-17 09:35:26,36050.0,0
2021-06-17 09:35:27,36050.1,0
2021-06-17 09:35:28,36052.2,0
2021-06-17 09:35:29,36053.0,0
2021-06-17 09:35:30,36055.7,0
2021-06-17 09:35:32,36053.5,0
2021-06-17 09:35:33,36051.2,0
2021-06-17 09:35:34,36050.7,0
2021-06-17 09:35:35,36051.0,0
2021-06-17 09:35:36,36047.65,0
2021-06-17 09:35:38,36043.85,0
2021-06-17 09:35:40,36040.7,0
2021-06-17 09:35:41,36039.6,0
2021-06-17 09:35:42,36039.4,0
2021-06-17 09:35:43,36040.15,0
2021-06-17 09:35:44,36045.95,0
2021-06-17 09:35:45,36047.4,0
2021-06-17 09:35:46,36039.5,0
2021-06-17 09:35:47,36039.45,0
2021-06-17 09:35:48,36042.05,0
2021-06-17 09:35:49,36039.15,0
2021-06-17 09:35:50,36038.9,0
2021-06-17 09:35:51,36038.95,0
2021-06-17 09:35:54,36035.6,0
2021-06-17 09:35:55,36035.1,0
2021-06-17 09:35:56,36038.3,0
2021-06-17 09:35:57,36038.8,0
2021-06-17 09:35:58,36038.5,0
2021-06-17 09:35:59,36037.1,0
2021-06-17 09:36:00,36034.1,0
2021-06-17 09:36:01,36037.05,0
2021-06-17 09:36:02,36032.0,0
2021-06-17 09:36:03,36033.05,0
2021-06-17 09:36:04,36040.1,0
2021-06-17 09:36:05,36039.45,0
2021-06-17 09:36:07,36034.0,0
2021-06-17 09:36:08,36034.7,0
2021-06-17 09:36:09,36035.3,0
2021-06-17 09:36:12,36038.1,0
2021-06-17 09:36:13,36036.4,0
2021-06-17 09:36:14,36037.3,0
2021-06-17 09:36:15,36042.45,0
2021-06-17 09:36:16,36046.85,0
2021-06-17 09:36:17,36040.7,0
2021-06-17 09:36:18,36042.65,0
2021-06-17 09:36:20,36044.15,0
2021-06-17 09:36:21,36040.05,0
2021-06-17 09:36:22,36040.75,0
2021-06-17 09:36:23,36041.7,0
2021-06-17 09:36:24,36041.85,0
2021-06-17 09:36:25,36042.6,0
2021-06-17 09:36:26,36035.8,0
2021-06-17 09:36:27,36039.4,0
2021-06-17 09:36:28,36040.55,0
2021-06-17 09:36:29,36042.65,0
2021-06-17 09:36:30,36042.1,0
2021-06-17 09:36:31,36039.7,0
2021-06-17 09:36:32,36043.9,0
2021-06-17 09:36:33,36038.5,0
2021-06-17 09:36:35,36039.8,0
2021-06-17 09:36:36,36039.35,0
2021-06-17 09:36:37,36039.55,0
2021-06-17 09:36:38,36040.45,0
2021-06-17 09:36:39,36041.75,0
2021-06-17 09:36:40,36044.8,0
2021-06-17 09:36:41,36043.35,0
2021-06-17 09:36:42,36047.3,0
2021-06-17 09:36:43,36041.25,0
2021-06-17 09:36:44,36045.85,0
2021-06-17 09:36:45,36040.45,0
2021-06-17 09:36:46,36035.6,0
2021-06-17 09:36:48,36042.05,0
2021-06-17 09:36:49,36041.6,0
2021-06-17 09:36:50,36040.3,0
2021-06-17 09:36:51,36034.85,0
2021-06-17 09:36:54,36038.45,0
2021-06-17 09:36:55,36041.05,0
2021-06-17 09:36:57,36042.1,0
2021-06-17 09:37:01,36041.6,0
2021-06-17 09:37:02,36042.65,0
2021-06-17 09:37:03,36042.35,0
2021-06-17 09:37:04,36042.35,0
2021-06-17 09:37:05,36043.4,0
2021-06-17 09:37:06,36047.45,0
2021-06-17 09:37:07,36048.25,0
2021-06-17 09:37:09,36047.8,0
2021-06-17 09:37:10,36046.3,0
2021-06-17 09:37:11,36045.45,0
2021-06-17 09:37:12,36046.05,0
2021-06-17 09:37:13,36043.6,0
2021-06-17 09:37:14,36044.85,0
2021-06-17 09:37:15,36041.0,0
2021-06-17 09:37:16,36045.6,0
2021-06-17 09:37:17,36046.65,0
2021-06-17 09:37:18,36048.05,0
2021-06-17 09:37:20,36054.85,0
2021-06-17 09:37:21,36050.75,0
2021-06-17 09:37:22,36048.85,0
2021-06-17 09:37:23,36056.5,0
2021-06-17 09:37:24,36055.75,0
2021-06-17 09:37:25,36056.1,0
2021-06-17 09:37:26,36053.05,0
2021-06-17 09:37:27,36053.9,0
2021-06-17 09:37:28,36052.75,0
2021-06-17 09:37:30,36054.65,0
2021-06-17 09:37:31,36057.1,0
2021-06-17 09:37:32,36055.0,0
2021-06-17 09:37:33,36054.9,0
2021-06-17 09:37:34,36054.0,0
2021-06-17 09:37:36,36043.25,0
2021-06-17 09:37:37,36049.55,0
2021-06-17 09:37:38,36051.35,0
2021-06-17 09:37:39,36046.9,0
2021-06-17 09:37:40,36050.65,0
2021-06-17 09:37:41,36051.1,0
2021-06-17 09:37:42,36047.75,0
2021-06-17 09:37:43,36050.15,0
2021-06-17 09:37:44,36050.45,0
2021-06-17 09:37:45,36048.85,0
2021-06-17 09:37:47,36049.45,0
2021-06-17 09:37:48,36047.7,0
2021-06-17 09:37:49,36050.65,0
2021-06-17 09:37:50,36049.75,0
2021-06-17 09:37:51,36049.55,0
2021-06-17 09:37:52,36054.7,0
2021-06-17 09:37:53,36053.5,0
2021-06-17 09:37:54,36056.2,0
2021-06-17 09:37:55,36052.25,0
2021-06-17 09:37:56,36046.9,0
2021-06-17 09:37:57,36049.95,0
2021-06-17 09:37:59,36054.95,0
2021-06-17 09:38:01,36054.7,0
2021-06-17 09:38:03,36059.6,0
2021-06-17 09:38:04,36056.75,0
2021-06-17 09:38:05,36061.05,0
2021-06-17 09:38:06,36052.9,0
2021-06-17 09:38:07,36051.35,0
2021-06-17 09:38:08,36049.95,0
2021-06-17 09:38:09,36061.75,0
2021-06-17 09:38:10,36061.15,0
2021-06-17 09:38:11,36057.7,0
2021-06-17 09:38:12,36054.5,0
2021-06-17 09:38:13,36060.9,0
2021-06-17 09:38:14,36058.4,0
2021-06-17 09:38:15,36057.25,0
2021-06-17 09:38:16,36059.3,0
2021-06-17 09:38:17,36061.0,0
2021-06-17 09:38:18,36056.1,0
2021-06-17 09:38:20,36060.05,0
2021-06-17 09:38:22,36056.9,0
2021-06-17 09:38:24,36054.9,0
2021-06-17 09:38:25,36051.9,0
2021-06-17 09:38:26,36054.85,0
2021-06-17 09:38:27,36058.8,0
2021-06-17 09:38:28,36057.65,0
2021-06-17 09:38:29,36053.0,0
2021-06-17 09:38:30,36057.3,0
2021-06-17 09:38:31,36052.5,0
2021-06-17 09:38:32,36050.95,0
2021-06-17 09:38:33,36057.25,0
2021-06-17 09:38:34,36058.4,0
2021-06-17 09:38:35,36054.65,0
2021-06-17 09:38:36,36053.3,0
2021-06-17 09:38:38,36058.85,0
2021-06-17 09:38:39,36060.3,0
2021-06-17 09:38:42,36062.4,0
2021-06-17 09:38:45,36060.55,0
2021-06-17 09:38:46,36057.85,0
2021-06-17 09:38:47,36057.2,0
2021-06-17 09:38:48,36062.7,0
2021-06-17 09:38:49,36061.3,0
2021-06-17 09:38:51,36059.9,0
2021-06-17 09:38:53,36068.85,0
2021-06-17 09:38:54,36066.35,0
2021-06-17 09:38:55,36066.6,0
2021-06-17 09:38:56,36064.5,0
2021-06-17 09:38:59,36066.85,0
2021-06-17 09:39:00,36066.25,0
2021-06-17 09:39:01,36069.2,0
2021-06-17 09:39:02,36062.5,0
2021-06-17 09:39:03,36070.75,0
2021-06-17 09:39:04,36071.2,0
2021-06-17 09:39:05,36069.85,0
2021-06-17 09:39:06,36068.95,0
2021-06-17 09:39:07,36069.4,0
2021-06-17 09:39:09,36070.45,0
2021-06-17 09:39:10,36070.55,0
2021-06-17 09:39:11,36068.95,0
2021-06-17 09:39:12,36069.85,0
2021-06-17 09:39:13,36064.2,0
2021-06-17 09:39:15,36063.95,0
2021-06-17 09:39:16,36066.0,0
2021-06-17 09:39:18,36067.8,0
2021-06-17 09:39:19,36064.45,0
2021-06-17 09:39:20,36064.6,0
2021-06-17 09:39:21,36069.15,0
2021-06-17 09:39:22,36069.35,0
2021-06-17 09:39:23,36069.75,0
2021-06-17 09:39:24,36069.65,0
2021-06-17 09:39:25,36070.45,0
2021-06-17 09:39:26,36068.0,0
2021-06-17 09:39:27,36067.25,0
2021-06-17 09:39:28,36067.3,0
2021-06-17 09:39:31,36068.95,0
2021-06-17 09:39:32,36070.85,0
2021-06-17 09:39:34,36074.15,0
2021-06-17 09:39:36,36075.5,0
2021-06-17 09:39:38,36074.55,0
2021-06-17 09:39:39,36076.0,0
2021-06-17 09:39:40,36068.75,0
2021-06-17 09:39:41,36069.7,0
2021-06-17 09:39:42,36072.8,0
2021-06-17 09:39:43,36071.4,0
2021-06-17 09:39:44,36072.05,0
2021-06-17 09:39:45,36081.75,0
2021-06-17 09:39:46,36074.85,0
2021-06-17 09:39:50,36084.1,0
2021-06-17 09:39:51,36079.95,0
2021-06-17 09:39:52,36079.2,0
2021-06-17 09:39:53,36078.75,0
2021-06-17 09:39:54,36083.25,0
2021-06-17 09:39:55,36080.2,0
2021-06-17 09:39:56,36080.35,0
2021-06-17 09:39:57,36083.85,0
2021-06-17 09:39:58,36081.65,0
2021-06-17 09:39:59,36081.4,0
2021-06-17 09:40:00,36080.15,0
2021-06-17 09:40:01,36080.95,0
2021-06-17 09:40:02,36079.1,0
2021-06-17 09:40:03,36084.1,0
2021-06-17 09:40:04,36083.55,0
2021-06-17 09:40:05,36084.85,0
2021-06-17 09:40:06,36086.55,0
2021-06-17 09:40:07,36085.4,0
2021-06-17 09:40:08,36087.7,0
2021-06-17 09:40:09,36088.25,0
2021-06-17 09:40:10,36088.3,0
2021-06-17 09:40:11,36086.85,0
2021-06-17 09:40:12,36087.3,0
2021-06-17 09:40:13,36084.75,0
2021-06-17 09:40:14,36090.35,0
2021-06-17 09:40:15,36088.8,0
2021-06-17 09:40:17,36085.75,0
2021-06-17 09:40:18,36085.65,0
2021-06-17 09:40:19,36088.6,0
2021-06-17 09:40:20,36087.0,0
2021-06-17 09:40:21,36090.2,0
2021-06-17 09:40:22,36090.7,0
2021-06-17 09:40:24,36089.4,0
2021-06-17 09:40:25,36091.05,0
2021-06-17 09:40:26,36090.15,0
2021-06-17 09:40:27,36088.45,0
2021-06-17 09:40:28,36088.0,0
2021-06-17 09:40:29,36089.15,0
2021-06-17 09:40:30,36089.55,0
2021-06-17 09:40:31,36087.75,0
2021-06-17 09:40:33,36091.25,0
2021-06-17 09:40:34,36090.8,0
2021-06-17 09:40:35,36092.1,0
2021-06-17 09:40:36,36091.5,0
2021-06-17 09:40:37,36094.8,0
2021-06-17 09:40:38,36091.2,0
2021-06-17 09:40:40,36096.3,0
2021-06-17 09:40:41,36096.5,0
2021-06-17 09:40:42,36090.7,0
2021-06-17 09:40:43,36095.2,0
2021-06-17 09:40:44,36093.55,0
2021-06-17 09:40:45,36096.1,0
2021-06-17 09:40:46,36086.2,0
2021-06-17 09:40:47,36091.5,0
2021-06-17 09:40:48,36083.6,0
2021-06-17 09:40:50,36090.5,0
2021-06-17 09:40:51,36086.3,0
2021-06-17 09:40:52,36084.15,0
2021-06-17 09:40:53,36080.9,0
2021-06-17 09:40:54,36082.85,0
2021-06-17 09:40:55,36079.05,0
2021-06-17 09:40:57,36081.65,0
2021-06-17 09:40:58,36083.75,0
2021-06-17 09:40:59,36083.4,0
2021-06-17 09:41:00,36082.0,0
2021-06-17 09:41:01,36087.9,0
2021-06-17 09:41:02,36080.8,0
2021-06-17 09:41:03,36089.05,0
2021-06-17 09:41:04,36086.15,0
2021-06-17 09:41:05,36084.1,0
2021-06-17 09:41:06,36086.0,0
2021-06-17 09:41:07,36090.95,0
2021-06-17 09:41:08,36087.0,0
2021-06-17 09:41:09,36088.05,0
2021-06-17 09:41:11,36087.2,0
2021-06-17 09:41:12,36084.05,0
2021-06-17 09:41:16,36084.05,0
2021-06-17 09:41:17,36084.4,0
2021-06-17 09:41:18,36088.2,0
2021-06-17 09:41:19,36087.1,0
2021-06-17 09:41:20,36085.65,0
2021-06-17 09:41:22,36088.3,0
2021-06-17 09:41:23,36087.6,0
2021-06-17 09:41:25,36090.8,0
2021-06-17 09:41:28,36088.45,0
2021-06-17 09:41:29,36085.4,0
2021-06-17 09:41:30,36086.85,0
2021-06-17 09:41:31,36089.8,0
2021-06-17 09:41:32,36083.0,0
2021-06-17 09:41:33,36083.65,0
2021-06-17 09:41:34,36081.3,0
2021-06-17 09:41:35,36082.85,0
2021-06-17 09:41:36,36081.45,0
2021-06-17 09:41:37,36083.45,0
2021-06-17 09:41:38,36083.8,0
2021-06-17 09:41:39,36082.2,0
2021-06-17 09:41:40,36083.35,0
2021-06-17 09:41:41,36083.45,0
2021-06-17 09:41:42,36080.55,0
2021-06-17 09:41:43,36077.8,0
2021-06-17 09:41:44,36079.85,0
2021-06-17 09:41:46,36080.3,0
2021-06-17 09:41:47,36077.65,0
2021-06-17 09:41:48,36081.3,0
2021-06-17 09:41:49,36076.6,0
2021-06-17 09:41:50,36077.3,0
2021-06-17 09:41:51,36078.85,0
2021-06-17 09:41:52,36075.75,0
2021-06-17 09:41:53,36076.85,0
2021-06-17 09:41:54,36076.65,0
2021-06-17 09:41:55,36076.75,0
2021-06-17 09:41:57,36072.2,0
2021-06-17 09:41:58,36070.5,0
2021-06-17 09:41:59,36068.9,0
2021-06-17 09:42:00,36072.0,0
2021-06-17 09:42:01,36072.65,0
2021-06-17 09:42:02,36071.9,0
2021-06-17 09:42:03,36069.7,0
2021-06-17 09:42:04,36073.5,0
2021-06-17 09:42:05,36070.7,0
2021-06-17 09:42:07,36072.45,0
2021-06-17 09:42:08,36069.25,0
2021-06-17 09:42:09,36070.35,0
2021-06-17 09:42:10,36073.45,0
2021-06-17 09:42:11,36072.0,0
2021-06-17 09:42:12,36067.4,0
2021-06-17 09:42:13,36069.25,0
2021-06-17 09:42:14,36071.35,0
2021-06-17 09:42:15,36072.95,0
2021-06-17 09:42:16,36071.55,0
2021-06-17 09:42:17,36074.25,0
2021-06-17 09:42:18,36071.45,0
2021-06-17 09:42:19,36070.9,0
2021-06-17 09:42:20,36070.15,0
2021-06-17 09:42:21,36075.55,0
2021-06-17 09:42:22,36074.95,0
2021-06-17 09:42:23,36072.85,0
2021-06-17 09:42:24,36065.15,0
2021-06-17 09:42:25,36069.9,0
2021-06-17 09:42:26,36068.25,0
2021-06-17 09:42:27,36070.9,0
2021-06-17 09:42:28,36069.25,0
2021-06-17 09:42:29,36066.6,0
2021-06-17 09:42:30,36072.35,0
2021-06-17 09:42:31,36066.4,0
2021-06-17 09:42:32,36068.9,0
2021-06-17 09:42:33,36065.3,0
2021-06-17 09:42:34,36068.85,0
2021-06-17 09:42:35,36069.65,0
2021-06-17 09:42:36,36072.15,0
2021-06-17 09:42:37,36068.05,0
2021-06-17 09:42:38,36065.5,0
2021-06-17 09:42:39,36070.35,0
2021-06-17 09:42:40,36066.1,0
2021-06-17 09:42:41,36066.2,0
2021-06-17 09:42:42,36072.65,0
2021-06-17 09:42:43,36071.75,0
2021-06-17 09:42:44,36072.6,0
2021-06-17 09:42:45,36072.0,0
2021-06-17 09:42:46,36074.55,0
2021-06-17 09:42:47,36074.8,0
2021-06-17 09:42:48,36071.35,0
2021-06-17 09:42:49,36074.45,0
2021-06-17 09:42:50,36070.25,0
2021-06-17 09:42:52,36070.8,0
2021-06-17 09:42:53,36069.5,0
2021-06-17 09:42:54,36073.3,0
2021-06-17 09:42:56,36071.9,0
2021-06-17 09:42:58,36070.45,0
2021-06-17 09:42:59,36071.2,0
2021-06-17 09:43:00,36068.1,0
2021-06-17 09:43:01,36070.5,0
2021-06-17 09:43:02,36070.3,0
2021-06-17 09:43:04,36074.25,0
2021-06-17 09:43:05,36074.0,0
2021-06-17 09:43:06,36075.1,0
2021-06-17 09:43:07,36075.0,0
2021-06-17 09:43:08,36075.95,0
2021-06-17 09:43:09,36072.55,0
2021-06-17 09:43:10,36069.3,0
2021-06-17 09:43:11,36068.7,0
2021-06-17 09:43:12,36069.9,0
2021-06-17 09:43:13,36073.5,0
2021-06-17 09:43:14,36071.85,0
2021-06-17 09:43:16,36070.05,0
2021-06-17 09:43:17,36070.4,0
2021-06-17 09:43:18,36070.2,0
2021-06-17 09:43:19,36067.25,0
2021-06-17 09:43:21,36068.55,0
2021-06-17 09:43:22,36064.5,0
2021-06-17 09:43:23,36066.5,0
2021-06-17 09:43:24,36063.4,0
2021-06-17 09:43:26,36065.6,0
2021-06-17 09:43:28,36061.7,0
2021-06-17 09:43:29,36069.5,0
2021-06-17 09:43:30,36063.2,0
2021-06-17 09:43:31,36067.35,0
2021-06-17 09:43:32,36069.8,0
2021-06-17 09:43:33,36068.35,0
2021-06-17 09:43:34,36066.6,0
2021-06-17 09:43:35,36069.15,0
2021-06-17 09:43:36,36068.35,0
2021-06-17 09:43:37,36072.6,0
2021-06-17 09:43:38,36073.05,0
2021-06-17 09:43:39,36074.0,0
2021-06-17 09:43:40,36070.2,0
2021-06-17 09:43:42,36073.75,0
2021-06-17 09:43:43,36076.0,0
2021-06-17 09:43:44,36074.9,0
2021-06-17 09:43:46,36075.65,0
2021-06-17 09:43:48,36070.9,0
2021-06-17 09:43:49,36069.85,0
2021-06-17 09:43:50,36068.95,0
2021-06-17 09:43:52,36072.25,0
2021-06-17 09:43:53,36070.15,0
2021-06-17 09:43:54,36068.8,0
2021-06-17 09:43:55,36068.35,0
2021-06-17 09:43:56,36066.75,0
2021-06-17 09:43:57,36068.95,0
2021-06-17 09:43:59,36075.4,0
2021-06-17 09:44:01,36075.1,0
2021-06-17 09:44:02,36076.85,0
2021-06-17 09:44:03,36079.65,0
2021-06-17 09:44:04,36080.6,0
2021-06-17 09:44:05,36080.6,0
2021-06-17 09:44:06,36090.15,0
2021-06-17 09:44:07,36089.95,0
2021-06-17 09:44:08,36084.25,0
2021-06-17 09:44:09,36084.55,0
2021-06-17 09:44:10,36086.1,0
2021-06-17 09:44:11,36090.6,0
2021-06-17 09:44:12,36088.65,0
2021-06-17 09:44:14,36092.1,0
2021-06-17 09:44:15,36095.55,0
2021-06-17 09:44:16,36095.2,0
2021-06-17 09:44:17,36092.3,0
2021-06-17 09:44:18,36094.65,0
2021-06-17 09:44:19,36096.65,0
2021-06-17 09:44:20,36092.35,0
2021-06-17 09:44:21,36096.05,0
2021-06-17 09:44:22,36095.0,0
2021-06-17 09:44:24,36103.15,0
2021-06-17 09:44:25,36103.6,0
2021-06-17 09:44:26,36100.5,0
2021-06-17 09:44:27,36099.45,0
2021-06-17 09:44:29,36109.15,0
2021-06-17 09:44:30,36108.95,0
2021-06-17 09:44:31,36108.6,0
2021-06-17 09:44:32,36107.4,0
2021-06-17 09:44:33,36118.3,0
2021-06-17 09:44:34,36117.75,0
2021-06-17 09:44:35,36121.4,0
2021-06-17 09:44:36,36119.9,0
2021-06-17 09:44:37,36117.2,0
2021-06-17 09:44:38,36120.85,0
2021-06-17 09:44:39,36119.0,0
2021-06-17 09:44:40,36116.2,0
2021-06-17 09:44:41,36112.05,0
2021-06-17 09:44:42,36110.7,0
2021-06-17 09:44:43,36107.55,0
2021-06-17 09:44:44,36107.75,0
2021-06-17 09:44:45,36110.7,0
2021-06-17 09:44:46,36111.8,0
2021-06-17 09:44:47,36112.15,0
2021-06-17 09:44:49,36110.7,0
2021-06-17 09:44:50,36107.75,0
2021-06-17 09:44:52,36112.65,0
2021-06-17 09:44:53,36111.15,0
2021-06-17 09:44:54,36110.35,0
2021-06-17 09:44:55,36112.5,0
2021-06-17 09:44:56,36111.4,0
2021-06-17 09:44:57,36111.7,0
2021-06-17 09:44:58,36109.65,0
2021-06-17 09:44:59,36112.95,0
2021-06-17 09:45:00,36114.0,0
2021-06-17 09:45:01,36112.8,0
2021-06-17 09:45:02,36113.25,0
2021-06-17 09:45:03,36116.55,0
2021-06-17 09:45:04,36111.2,0
2021-06-17 09:45:06,36112.45,0
2021-06-17 09:45:07,36107.25,0
2021-06-17 09:45:08,36107.1,0
2021-06-17 09:45:09,36110.75,0
2021-06-17 09:45:10,36108.6,0
2021-06-17 09:45:12,36105.1,0
2021-06-17 09:45:13,36111.6,0
2021-06-17 09:45:14,36114.1,0
2021-06-17 09:45:15,36110.7,0
2021-06-17 09:45:16,36108.1,0
2021-06-17 09:45:17,36109.65,0
2021-06-17 09:45:18,36105.45,0
2021-06-17 09:45:19,36112.35,0
2021-06-17 09:45:21,36107.3,0
2021-06-17 09:45:23,36103.55,0
2021-06-17 09:45:25,36108.4,0
2021-06-17 09:45:27,36103.95,0
2021-06-17 09:45:30,36104.65,0
2021-06-17 09:45:32,36109.15,0
2021-06-17 09:45:33,36104.7,0
2021-06-17 09:45:34,36105.45,0
2021-06-17 09:45:35,36107.75,0
2021-06-17 09:45:38,36107.75,0
2021-06-17 09:45:39,36114.1,0
2021-06-17 09:45:40,36114.0,0
2021-06-17 09:45:41,36110.7,0
2021-06-17 09:45:42,36109.1,0
2021-06-17 09:45:43,36108.3,0
2021-06-17 09:45:45,36109.45,0
2021-06-17 09:45:47,36112.8,0
2021-06-17 09:45:50,36112.35,0
2021-06-17 09:45:51,36112.0,0
2021-06-17 09:45:52,36114.0,0
2021-06-17 09:45:53,36113.1,0
2021-06-17 09:45:54,36108.9,0
2021-06-17 09:45:55,36111.55,0
2021-06-17 09:45:56,36105.15,0
2021-06-17 09:45:57,36105.6,0
2021-06-17 09:45:58,36107.25,0
2021-06-17 09:45:59,36107.4,0
2021-06-17 09:46:00,36111.3,0
2021-06-17 09:46:02,36107.1,0
2021-06-17 09:46:03,36113.0,0
2021-06-17 09:46:04,36112.85,0
2021-06-17 09:46:06,36108.65,0
2021-06-17 09:46:07,36114.45,0
2021-06-17 09:46:09,36108.5,0
2021-06-17 09:46:10,36108.4,0
2021-06-17 09:46:11,36105.5,0
2021-06-17 09:46:12,36113.1,0
2021-06-17 09:46:13,36115.15,0
2021-06-17 09:46:15,36112.1,0
2021-06-17 09:46:16,36113.1,0
2021-06-17 09:46:17,36109.45,0
2021-06-17 09:46:18,36108.25,0
2021-06-17 09:46:19,36110.3,0
2021-06-17 09:46:20,36107.85,0
2021-06-17 09:46:21,36117.85,0
2021-06-17 09:46:22,36109.3,0
2021-06-17 09:46:23,36115.05,0
2021-06-17 09:46:25,36114.4,0
2021-06-17 09:46:26,36113.15,0
2021-06-17 09:46:28,36113.55,0
2021-06-17 09:46:29,36113.65,0
2021-06-17 09:46:30,36113.8,0
2021-06-17 09:46:31,36114.35,0
2021-06-17 09:46:32,36108.7,0
2021-06-17 09:46:33,36113.0,0
2021-06-17 09:46:34,36114.6,0
2021-06-17 09:46:35,36109.65,0
2021-06-17 09:46:36,36111.0,0
2021-06-17 09:46:37,36112.95,0
2021-06-17 09:46:38,36113.95,0
2021-06-17 09:46:39,36116.65,0
2021-06-17 09:46:40,36109.05,0
2021-06-17 09:46:41,36108.2,0
2021-06-17 09:46:42,36106.2,0
2021-06-17 09:46:43,36110.15,0
2021-06-17 09:46:46,36112.0,0
2021-06-17 09:46:47,36106.8,0
2021-06-17 09:46:48,36112.7,0
2021-06-17 09:46:50,36113.55,0
2021-06-17 09:46:49,36110.45,0
2021-06-17 09:46:51,36110.05,0
2021-06-17 09:46:52,36111.1,0
2021-06-17 09:46:53,36108.55,0
2021-06-17 09:46:54,36107.8,0
2021-06-17 09:46:55,36105.3,0
2021-06-17 09:46:56,36100.25,0
2021-06-17 09:46:57,36106.15,0
2021-06-17 09:46:59,36107.2,0
2021-06-17 09:47:00,36102.65,0
2021-06-17 09:47:01,36106.8,0
2021-06-17 09:47:03,36111.75,0
2021-06-17 09:47:04,36108.9,0
2021-06-17 09:47:05,36113.15,0
2021-06-17 09:47:06,36109.6,0
2021-06-17 09:47:07,36104.85,0
2021-06-17 09:47:09,36113.5,0
2021-06-17 09:47:10,36108.35,0
2021-06-17 09:47:11,36110.9,0
2021-06-17 09:47:12,36110.75,0
2021-06-17 09:47:13,36109.7,0
2021-06-17 09:47:14,36110.7,0
2021-06-17 09:47:15,36115.6,0
2021-06-17 09:47:17,36109.9,0
2021-06-17 09:47:18,36116.9,0
2021-06-17 09:47:19,36115.4,0
2021-06-17 09:47:20,36109.9,0
2021-06-17 09:47:21,36115.55,0
2021-06-17 09:47:22,36117.85,0
2021-06-17 09:47:23,36118.8,0
2021-06-17 09:47:24,36110.9,0
2021-06-17 09:47:25,36113.0,0
2021-06-17 09:47:26,36115.65,0
2021-06-17 09:47:28,36115.5,0
2021-06-17 09:47:29,36117.1,0
2021-06-17 09:47:30,36113.05,0
2021-06-17 09:47:31,36111.8,0
2021-06-17 09:47:32,36114.3,0
2021-06-17 09:47:33,36115.55,0
2021-06-17 09:47:34,36112.4,0
2021-06-17 09:47:35,36117.8,0
2021-06-17 09:47:36,36115.75,0
2021-06-17 09:47:37,36117.65,0
2021-06-17 09:47:38,36112.25,0
2021-06-17 09:47:39,36116.2,0
2021-06-17 09:47:40,36117.5,0
2021-06-17 09:47:42,36115.35,0
2021-06-17 09:47:44,36116.65,0
2021-06-17 09:47:45,36117.4,0
2021-06-17 09:47:46,36114.55,0
2021-06-17 09:47:47,36114.55,0
2021-06-17 09:47:48,36112.7,0
2021-06-17 09:47:50,36113.4,0
2021-06-17 09:47:51,36110.8,0
2021-06-17 09:47:52,36114.2,0
2021-06-17 09:47:53,36114.2,0
2021-06-17 09:47:54,36119.75,0
2021-06-17 09:47:55,36115.0,0
2021-06-17 09:47:56,36111.05,0
2021-06-17 09:47:57,36110.75,0
2021-06-17 09:48:00,36113.3,0
2021-06-17 09:48:02,36111.25,0
2021-06-17 09:48:03,36111.15,0
2021-06-17 09:48:04,36112.5,0
2021-06-17 09:48:06,36107.6,0
2021-06-17 09:48:10,36111.3,0
2021-06-17 09:48:12,36112.95,0
2021-06-17 09:48:13,36110.8,0
2021-06-17 09:48:14,36110.25,0
2021-06-17 09:48:15,36113.55,0
2021-06-17 09:48:16,36116.8,0
2021-06-17 09:48:17,36113.1,0
2021-06-17 09:48:18,36115.5,0
2021-06-17 09:48:19,36107.7,0
2021-06-17 09:48:21,36111.35,0
2021-06-17 09:48:22,36116.0,0
2021-06-17 09:48:23,36113.95,0
2021-06-17 09:48:24,36111.9,0
2021-06-17 09:48:25,36115.3,0
2021-06-17 09:48:26,36110.65,0
2021-06-17 09:48:27,36117.4,0
2021-06-17 09:48:28,36112.55,0
2021-06-17 09:48:29,36117.75,0
2021-06-17 09:48:32,36113.45,0
2021-06-17 09:48:33,36112.95,0
2021-06-17 09:48:34,36114.3,0
2021-06-17 09:48:35,36116.1,0
2021-06-17 09:48:36,36113.3,0
2021-06-17 09:48:37,36116.4,0
2021-06-17 09:48:38,36115.8,0
2021-06-17 09:48:40,36113.75,0
2021-06-17 09:48:41,36112.1,0
2021-06-17 09:48:43,36116.05,0
2021-06-17 09:48:44,36109.8,0
2021-06-17 09:48:45,36112.9,0
2021-06-17 09:48:46,36115.1,0
2021-06-17 09:48:47,36116.0,0
2021-06-17 09:48:48,36122.4,0
2021-06-17 09:48:49,36112.8,0
2021-06-17 09:48:50,36113.65,0
2021-06-17 09:48:51,36113.2,0
2021-06-17 09:48:52,36111.1,0
2021-06-17 09:48:55,36109.95,0
2021-06-17 09:48:56,36111.35,0
2021-06-17 09:48:57,36107.25,0
2021-06-17 09:48:58,36110.9,0
2021-06-17 09:48:59,36111.15,0
2021-06-17 09:49:00,36112.05,0
2021-06-17 09:49:01,36111.3,0
2021-06-17 09:49:02,36110.0,0
2021-06-17 09:49:03,36114.1,0
2021-06-17 09:49:04,36110.25,0
2021-06-17 09:49:05,36112.75,0
2021-06-17 09:49:06,36116.15,0
2021-06-17 09:49:08,36112.8,0
2021-06-17 09:49:10,36117.15,0
2021-06-17 09:49:11,36115.7,0
2021-06-17 09:49:12,36106.85,0
2021-06-17 09:49:13,36111.45,0
2021-06-17 09:49:14,36108.8,0
2021-06-17 09:49:15,36107.35,0
2021-06-17 09:49:16,36109.4,0
2021-06-17 09:49:17,36110.5,0
2021-06-17 09:49:19,36106.85,0
2021-06-17 09:49:20,36106.75,0
2021-06-17 09:49:21,36106.85,0
2021-06-17 09:49:22,36108.35,0
2021-06-17 09:49:23,36107.7,0
2021-06-17 09:49:24,36113.25,0
2021-06-17 09:49:25,36107.4,0
2021-06-17 09:49:26,36112.3,0
2021-06-17 09:49:27,36105.2,0
2021-06-17 09:49:28,36114.55,0
2021-06-17 09:49:30,36108.15,0
2021-06-17 09:49:31,36107.9,0
2021-06-17 09:49:32,36110.7,0
2021-06-17 09:49:33,36110.15,0
2021-06-17 09:49:34,36099.55,0
2021-06-17 09:49:35,36110.3,0
2021-06-17 09:49:36,36109.05,0
2021-06-17 09:49:37,36110.2,0
2021-06-17 09:49:38,36104.2,0
2021-06-17 09:49:39,36106.6,0
2021-06-17 09:49:40,36102.7,0
2021-06-17 09:49:42,36104.7,0
2021-06-17 09:49:43,36107.55,0
2021-06-17 09:49:44,36108.7,0
2021-06-17 09:49:45,36114.5,0
2021-06-17 09:49:47,36113.65,0
2021-06-17 09:49:48,36111.45,0
2021-06-17 09:49:49,36114.25,0
2021-06-17 09:49:50,36110.2,0
2021-06-17 09:49:51,36112.85,0
2021-06-17 09:49:52,36111.9,0
2021-06-17 09:49:53,36113.8,0
2021-06-17 09:49:54,36111.9,0
2021-06-17 09:49:56,36112.75,0
2021-06-17 09:49:57,36112.2,0
2021-06-17 09:49:58,36114.8,0
2021-06-17 09:49:59,36110.8,0
2021-06-17 09:50:00,36112.0,0
2021-06-17 09:50:01,36114.55,0
2021-06-17 09:50:02,36115.35,0
2021-06-17 09:50:03,36116.0,0
2021-06-17 09:50:04,36118.65,0
2021-06-17 09:50:05,36117.65,0
2021-06-17 09:50:06,36113.1,0
2021-06-17 09:50:07,36114.3,0
2021-06-17 09:50:09,36109.85,0
2021-06-17 09:50:10,36112.75,0
2021-06-17 09:50:11,36114.05,0
2021-06-17 09:50:12,36111.4,0
2021-06-17 09:50:13,36109.15,0
2021-06-17 09:50:14,36110.4,0
2021-06-17 09:50:15,36108.0,0
2021-06-17 09:50:16,36110.35,0
2021-06-17 09:50:17,36113.55,0
2021-06-17 09:50:18,36116.65,0
2021-06-17 09:50:19,36112.45,0
2021-06-17 09:50:20,36115.5,0
2021-06-17 09:50:21,36115.9,0
2021-06-17 09:50:22,36109.8,0
2021-06-17 09:50:23,36112.5,0
2021-06-17 09:50:24,36110.1,0
2021-06-17 09:50:26,36106.65,0
2021-06-17 09:50:27,36107.6,0
2021-06-17 09:50:28,36100.4,0
2021-06-17 09:50:30,36100.25,0
2021-06-17 09:50:31,36102.35,0
2021-06-17 09:50:32,36097.5,0
2021-06-17 09:50:35,36104.8,0
2021-06-17 09:50:36,36110.5,0
2021-06-17 09:50:37,36109.5,0
2021-06-17 09:50:38,36108.3,0
2021-06-17 09:50:39,36104.3,0
2021-06-17 09:50:40,36104.1,0
2021-06-17 09:50:41,36105.3,0
2021-06-17 09:50:43,36115.3,0
2021-06-17 09:50:44,36115.8,0
2021-06-17 09:50:45,36117.6,0
2021-06-17 09:50:46,36120.3,0
2021-06-17 09:50:47,36119.65,0
2021-06-17 09:50:48,36115.5,0
2021-06-17 09:50:49,36118.25,0
2021-06-17 09:50:50,36112.75,0
2021-06-17 09:50:51,36115.3,0
2021-06-17 09:50:52,36114.95,0
2021-06-17 09:50:53,36115.0,0
2021-06-17 09:50:55,36113.25,0
2021-06-17 09:50:56,36114.45,0
2021-06-17 09:50:57,36110.05,0
2021-06-17 09:50:58,36110.0,0
2021-06-17 09:50:59,36113.2,0
2021-06-17 09:51:00,36118.35,0
2021-06-17 09:51:01,36103.0,0
2021-06-17 09:51:02,36109.25,0
2021-06-17 09:51:03,36109.9,0
2021-06-17 09:51:04,36109.4,0
2021-06-17 09:51:05,36115.25,0
2021-06-17 09:51:06,36114.2,0
2021-06-17 09:51:07,36113.2,0
2021-06-17 09:51:08,36111.75,0
2021-06-17 09:51:09,36116.6,0
2021-06-17 09:51:10,36111.35,0
2021-06-17 09:51:12,36110.9,0
2021-06-17 09:51:13,36107.8,0
2021-06-17 09:51:14,36108.9,0
2021-06-17 09:51:17,36110.25,0
2021-06-17 09:51:18,36107.75,0
2021-06-17 09:51:19,36111.95,0
2021-06-17 09:51:20,36111.8,0
2021-06-17 09:51:21,36112.5,0
2021-06-17 09:51:22,36115.85,0
2021-06-17 09:51:23,36112.2,0
2021-06-17 09:51:24,36111.0,0
2021-06-17 09:51:26,36104.65,0
2021-06-17 09:51:27,36107.65,0
2021-06-17 09:51:28,36108.1,0
2021-06-17 09:51:30,36107.95,0
2021-06-17 09:51:31,36107.35,0
2021-06-17 09:51:32,36107.65,0
2021-06-17 09:51:33,36108.1,0
2021-06-17 09:51:34,36107.35,0
2021-06-17 09:51:35,36112.3,0
2021-06-17 09:51:36,36108.55,0
2021-06-17 09:51:37,36108.65,0
2021-06-17 09:51:38,36106.4,0
2021-06-17 09:51:39,36107.6,0
2021-06-17 09:51:40,36107.05,0
2021-06-17 09:51:41,36106.55,0
2021-06-17 09:51:42,36110.1,0
2021-06-17 09:51:43,36109.45,0
2021-06-17 09:51:44,36111.6,0
2021-06-17 09:51:45,36113.45,0
2021-06-17 09:51:47,36112.25,0
2021-06-17 09:51:48,36111.45,0
2021-06-17 09:51:49,36118.55,0
2021-06-17 09:51:50,36120.4,0
2021-06-17 09:51:52,36118.1,0
2021-06-17 09:51:53,36117.65,0
2021-06-17 09:51:54,36118.6,0
2021-06-17 09:51:55,36118.05,0
2021-06-17 09:51:56,36119.55,0
2021-06-17 09:51:57,36113.55,0
2021-06-17 09:51:58,36115.45,0
2021-06-17 09:51:59,36114.95,0
2021-06-17 09:52:00,36114.0,0
2021-06-17 09:52:01,36110.95,0
2021-06-17 09:52:02,36114.65,0
2021-06-17 09:52:03,36115.55,0
2021-06-17 09:52:04,36116.05,0
2021-06-17 09:52:05,36112.65,0
2021-06-17 09:52:06,36118.15,0
2021-06-17 09:52:07,36119.15,0
2021-06-17 09:52:08,36115.35,0
2021-06-17 09:52:09,36118.3,0
2021-06-17 09:52:10,36113.4,0
2021-06-17 09:52:11,36118.15,0
2021-06-17 09:52:12,36121.75,0
2021-06-17 09:52:13,36118.9,0
2021-06-17 09:52:14,36119.55,0
2021-06-17 09:52:15,36116.15,0
2021-06-17 09:52:16,36123.7,0
2021-06-17 09:52:18,36124.35,0
2021-06-17 09:52:19,36123.8,0
2021-06-17 09:52:20,36124.4,0
2021-06-17 09:52:21,36122.65,0
2021-06-17 09:52:23,36124.2,0
2021-06-17 09:52:24,36122.0,0
2021-06-17 09:52:25,36119.6,0
2021-06-17 09:52:26,36119.75,0
2021-06-17 09:52:28,36126.3,0
2021-06-17 09:52:29,36126.55,0
2021-06-17 09:52:30,36124.9,0
2021-06-17 09:52:31,36126.6,0
2021-06-17 09:52:33,36122.6,0
2021-06-17 09:52:34,36123.8,0
2021-06-17 09:52:35,36130.05,0
2021-06-17 09:52:36,36124.1,0
2021-06-17 09:52:37,36126.15,0
2021-06-17 09:52:38,36128.15,0
2021-06-17 09:52:39,36128.65,0
2021-06-17 09:52:40,36124.85,0
2021-06-17 09:52:41,36122.25,0
2021-06-17 09:52:42,36121.9,0
2021-06-17 09:52:43,36121.05,0
2021-06-17 09:52:44,36124.75,0
2021-06-17 09:52:45,36122.25,0
2021-06-17 09:52:46,36123.55,0
2021-06-17 09:52:47,36128.55,0
2021-06-17 09:52:48,36123.5,0
2021-06-17 09:52:49,36127.55,0
2021-06-17 09:52:50,36122.25,0
2021-06-17 09:52:51,36126.6,0
2021-06-17 09:52:53,36121.7,0
2021-06-17 09:52:54,36117.85,0
2021-06-17 09:52:55,36117.7,0
2021-06-17 09:52:56,36121.6,0
2021-06-17 09:52:58,36117.75,0
2021-06-17 09:52:59,36114.65,0
2021-06-17 09:53:00,36114.25,0
2021-06-17 09:53:01,36118.8,0
2021-06-17 09:53:02,36116.65,0
2021-06-17 09:53:03,36114.45,0
2021-06-17 09:53:04,36115.75,0
2021-06-17 09:53:05,36117.5,0
2021-06-17 09:53:06,36115.85,0
2021-06-17 09:53:07,36114.5,0
2021-06-17 09:53:09,36116.2,0
2021-06-17 09:53:10,36116.65,0
2021-06-17 09:53:11,36114.0,0
2021-06-17 09:53:13,36113.95,0
2021-06-17 09:53:14,36115.8,0
2021-06-17 09:53:16,36118.2,0
2021-06-17 09:53:18,36122.3,0
2021-06-17 09:53:19,36123.35,0
2021-06-17 09:53:20,36119.9,0
2021-06-17 09:53:21,36119.6,0
2021-06-17 09:53:22,36120.85,0
2021-06-17 09:53:23,36119.75,0
2021-06-17 09:53:24,36116.0,0
2021-06-17 09:53:25,36116.05,0
2021-06-17 09:53:26,36119.05,0
2021-06-17 09:53:28,36118.0,0
2021-06-17 09:53:29,36117.95,0
2021-06-17 09:53:30,36117.85,0
2021-06-17 09:53:31,36117.7,0
2021-06-17 09:53:32,36117.4,0
2021-06-17 09:53:33,36118.55,0
2021-06-17 09:53:34,36120.6,0
2021-06-17 09:53:36,36121.4,0
2021-06-17 09:53:38,36126.9,0
2021-06-17 09:53:39,36129.45,0
2021-06-17 09:53:41,36126.8,0
2021-06-17 09:53:42,36126.85,0
2021-06-17 09:53:43,36124.75,0
2021-06-17 09:53:44,36128.1,0
2021-06-17 09:53:45,36126.2,0
2021-06-17 09:53:47,36128.6,0
2021-06-17 09:53:49,36128.35,0
2021-06-17 09:53:51,36127.25,0
2021-06-17 09:53:52,36127.2,0
2021-06-17 09:53:53,36129.65,0
2021-06-17 09:53:54,36132.2,0
2021-06-17 09:53:55,36133.4,0
2021-06-17 09:53:56,36135.05,0
2021-06-17 09:53:58,36134.65,0
2021-06-17 09:54:00,36129.05,0
2021-06-17 09:54:01,36134.3,0
2021-06-17 09:54:03,36134.6,0
2021-06-17 09:54:06,36138.6,0
2021-06-17 09:54:08,36137.75,0
2021-06-17 09:54:10,36127.0,0
2021-06-17 09:54:11,36127.35,0
2021-06-17 09:54:12,36125.4,0
2021-06-17 09:54:13,36132.3,0
2021-06-17 09:54:14,36130.05,0
2021-06-17 09:54:16,36130.75,0
2021-06-17 09:54:17,36130.6,0
2021-06-17 09:54:18,36128.1,0
2021-06-17 09:54:21,36132.2,0
2021-06-17 09:54:22,36124.65,0
2021-06-17 09:54:23,36126.3,0
2021-06-17 09:54:24,36124.75,0
2021-06-17 09:54:26,36127.65,0
2021-06-17 09:54:28,36123.6,0
2021-06-17 09:54:29,36124.25,0
2021-06-17 09:54:30,36129.15,0
2021-06-17 09:54:31,36128.85,0
2021-06-17 09:54:32,36126.5,0
2021-06-17 09:54:33,36129.85,0
2021-06-17 09:54:35,36128.9,0
2021-06-17 09:54:37,36133.3,0
2021-06-17 09:54:38,36129.25,0
2021-06-17 09:54:39,36124.05,0
2021-06-17 09:54:42,36128.65,0
2021-06-17 09:54:43,36128.35,0
2021-06-17 09:54:44,36124.45,0
2021-06-17 09:54:46,36129.65,0
2021-06-17 09:54:47,36126.35,0
2021-06-17 09:54:48,36132.15,0
2021-06-17 09:54:50,36134.3,0
2021-06-17 09:54:53,36133.9,0
2021-06-17 09:54:54,36134.65,0
2021-06-17 09:54:56,36135.1,0
2021-06-17 09:54:58,36130.85,0
2021-06-17 09:54:59,36134.75,0
2021-06-17 09:55:00,36127.8,0
2021-06-17 09:55:01,36136.4,0
2021-06-17 09:55:02,36135.05,0
2021-06-17 09:55:03,36131.3,0
2021-06-17 09:55:04,36132.95,0
2021-06-17 09:55:07,36138.6,0
2021-06-17 09:55:08,36130.6,0
2021-06-17 09:55:10,36129.55,0
2021-06-17 09:55:12,36135.45,0
2021-06-17 09:55:13,36138.0,0
2021-06-17 09:55:14,36132.1,0
2021-06-17 09:55:15,36136.95,0
2021-06-17 09:55:16,36135.7,0
2021-06-17 09:55:17,36133.15,0
2021-06-17 09:55:18,36129.0,0
2021-06-17 09:55:19,36126.5,0
2021-06-17 09:55:20,36130.65,0
2021-06-17 09:55:21,36129.45,0
2021-06-17 09:55:22,36129.15,0
2021-06-17 09:55:23,36127.4,0
2021-06-17 09:55:24,36129.85,0
2021-06-17 09:55:25,36128.4,0
2021-06-17 09:55:26,36129.15,0
2021-06-17 09:55:27,36126.65,0
2021-06-17 09:55:28,36131.7,0
2021-06-17 09:55:29,36131.2,0
2021-06-17 09:55:30,36134.4,0
2021-06-17 09:55:31,36134.05,0
2021-06-17 09:55:32,36131.5,0
2021-06-17 09:55:33,36130.65,0
2021-06-17 09:55:35,36133.35,0
2021-06-17 09:55:36,36128.8,0
2021-06-17 09:55:37,36130.7,0
2021-06-17 09:55:38,36129.8,0
2021-06-17 09:55:39,36131.9,0
2021-06-17 09:55:40,36132.25,0
2021-06-17 09:55:42,36129.45,0
2021-06-17 09:55:43,36129.5,0
2021-06-17 09:55:45,36130.1,0
2021-06-17 09:55:46,36127.9,0
2021-06-17 09:55:48,36137.9,0
2021-06-17 09:55:49,36130.3,0
2021-06-17 09:55:50,36129.4,0
2021-06-17 09:55:51,36130.65,0
2021-06-17 09:55:52,36134.85,0
2021-06-17 09:55:53,36130.4,0
2021-06-17 09:55:54,36131.55,0
2021-06-17 09:55:55,36135.2,0
2021-06-17 09:55:56,36133.85,0
2021-06-17 09:55:57,36129.15,0
2021-06-17 09:55:58,36136.05,0
2021-06-17 09:55:59,36130.05,0
2021-06-17 09:56:00,36131.35,0
2021-06-17 09:56:01,36133.75,0
2021-06-17 09:56:02,36130.75,0
2021-06-17 09:56:03,36134.5,0
2021-06-17 09:56:04,36130.7,0
2021-06-17 09:56:05,36133.2,0
2021-06-17 09:56:06,36135.95,0
2021-06-17 09:56:07,36129.25,0
2021-06-17 09:56:08,36130.85,0
2021-06-17 09:56:09,36131.9,0
2021-06-17 09:56:10,36129.9,0
2021-06-17 09:56:11,36128.65,0
2021-06-17 09:56:12,36130.85,0
2021-06-17 09:56:14,36129.55,0
2021-06-17 09:56:15,36131.75,0
2021-06-17 09:56:16,36130.2,0
2021-06-17 09:56:17,36130.1,0
2021-06-17 09:56:18,36129.3,0
2021-06-17 09:56:19,36132.95,0
2021-06-17 09:56:20,36130.95,0
2021-06-17 09:56:21,36130.3,0
2021-06-17 09:56:22,36131.45,0
2021-06-17 09:56:23,36132.15,0
2021-06-17 09:56:24,36134.45,0
2021-06-17 09:56:25,36133.1,0
2021-06-17 09:56:27,36129.0,0
2021-06-17 09:56:28,36127.95,0
2021-06-17 09:56:29,36128.55,0
2021-06-17 09:56:30,36130.9,0
2021-06-17 09:56:32,36129.0,0
2021-06-17 09:56:33,36129.2,0
2021-06-17 09:56:34,36125.95,0
2021-06-17 09:56:35,36124.75,0
2021-06-17 09:56:36,36127.75,0
2021-06-17 09:56:37,36128.95,0
2021-06-17 09:56:38,36126.1,0
2021-06-17 09:56:39,36130.3,0
2021-06-17 09:56:41,36128.25,0
2021-06-17 09:56:42,36130.5,0
2021-06-17 09:56:43,36128.2,0
2021-06-17 09:56:44,36129.05,0
2021-06-17 09:56:45,36126.4,0
2021-06-17 09:56:46,36129.65,0
2021-06-17 09:56:47,36124.9,0
2021-06-17 09:56:48,36129.1,0
2021-06-17 09:56:49,36129.4,0
2021-06-17 09:56:50,36131.85,0
2021-06-17 09:56:52,36134.15,0
2021-06-17 09:56:53,36137.0,0
2021-06-17 09:56:54,36132.6,0
2021-06-17 09:56:55,36136.0,0
2021-06-17 09:56:56,36137.6,0
2021-06-17 09:56:57,36139.75,0
2021-06-17 09:56:58,36140.8,0
2021-06-17 09:56:59,36141.05,0
2021-06-17 09:57:00,36139.85,0
2021-06-17 09:57:01,36135.7,0
2021-06-17 09:57:02,36137.55,0
2021-06-17 09:57:03,36139.75,0
2021-06-17 09:57:04,36136.55,0
2021-06-17 09:57:05,36140.7,0
2021-06-17 09:57:06,36140.0,0
2021-06-17 09:57:07,36145.05,0
2021-06-17 09:57:08,36137.15,0
2021-06-17 09:57:09,36139.35,0
2021-06-17 09:57:10,36141.5,0
2021-06-17 09:57:13,36139.45,0
2021-06-17 09:57:12,36136.75,0
2021-06-17 09:57:14,36143.95,0
2021-06-17 09:57:16,36137.65,0
2021-06-17 09:57:17,36142.25,0
2021-06-17 09:57:18,36140.7,0
2021-06-17 09:57:19,36143.05,0
2021-06-17 09:57:20,36146.2,0
2021-06-17 09:57:23,36144.2,0
2021-06-17 09:57:24,36144.55,0
2021-06-17 09:57:25,36146.35,0
2021-06-17 09:57:27,36145.25,0
2021-06-17 09:57:28,36142.0,0
2021-06-17 09:57:29,36141.65,0
2021-06-17 09:57:30,36142.65,0
2021-06-17 09:57:31,36140.4,0
2021-06-17 09:57:32,36143.35,0
2021-06-17 09:57:33,36141.3,0
2021-06-17 09:57:34,36144.6,0
2021-06-17 09:57:35,36149.25,0
2021-06-17 09:57:37,36147.6,0
2021-06-17 09:57:38,36145.3,0
2021-06-17 09:57:39,36146.85,0
2021-06-17 09:57:40,36142.9,0
2021-06-17 09:57:41,36143.9,0
2021-06-17 09:57:42,36145.25,0
2021-06-17 09:57:43,36146.25,0
2021-06-17 09:57:44,36143.75,0
2021-06-17 09:57:47,36143.7,0
2021-06-17 09:57:48,36148.8,0
2021-06-17 09:57:49,36147.25,0
2021-06-17 09:57:50,36142.4,0
2021-06-17 09:57:51,36147.05,0
2021-06-17 09:57:53,36144.25,0
2021-06-17 09:57:54,36142.2,0
2021-06-17 09:57:55,36145.65,0
2021-06-17 09:57:56,36142.55,0
2021-06-17 09:57:57,36142.0,0
2021-06-17 09:57:58,36145.65,0
2021-06-17 09:57:59,36145.65,0
2021-06-17 09:58:00,36147.6,0
2021-06-17 09:58:01,36145.35,0
2021-06-17 09:58:02,36147.75,0
2021-06-17 09:58:03,36149.4,0
2021-06-17 09:58:04,36148.95,0
2021-06-17 09:58:05,36143.85,0
2021-06-17 09:58:06,36148.1,0
2021-06-17 09:58:07,36148.75,0
2021-06-17 09:58:09,36148.45,0
2021-06-17 09:58:11,36144.55,0
2021-06-17 09:58:12,36148.25,0
2021-06-17 09:58:13,36146.45,0
2021-06-17 09:58:14,36140.85,0
2021-06-17 09:58:15,36146.8,0
2021-06-17 09:58:16,36141.6,0
2021-06-17 09:58:17,36145.05,0
2021-06-17 09:58:18,36142.75,0
2021-06-17 09:58:19,36143.35,0
2021-06-17 09:58:20,36143.4,0
2021-06-17 09:58:21,36144.5,0
2021-06-17 09:58:25,36144.95,0
2021-06-17 09:58:26,36139.3,0
2021-06-17 09:58:27,36139.55,0
2021-06-17 09:58:28,36145.4,0
2021-06-17 09:58:29,36144.05,0
2021-06-17 09:58:31,36143.2,0
2021-06-17 09:58:32,36142.7,0
2021-06-17 09:58:33,36138.05,0
2021-06-17 09:58:34,36142.2,0
2021-06-17 09:58:35,36139.1,0
2021-06-17 09:58:36,36143.9,0
2021-06-17 09:58:37,36137.4,0
2021-06-17 09:58:38,36145.8,0
2021-06-17 09:58:39,36148.9,0
2021-06-17 09:58:40,36149.2,0
2021-06-17 09:58:41,36141.0,0
2021-06-17 09:58:43,36137.1,0
2021-06-17 09:58:44,36137.2,0
2021-06-17 09:58:45,36138.45,0
2021-06-17 09:58:46,36140.3,0
2021-06-17 09:58:48,36139.05,0
2021-06-17 09:58:49,36137.1,0
2021-06-17 09:58:50,36138.95,0
2021-06-17 09:58:51,36139.9,0
2021-06-17 09:58:52,36140.95,0
2021-06-17 09:58:54,36142.85,0
2021-06-17 09:58:55,36143.25,0
2021-06-17 09:58:56,36138.4,0
2021-06-17 09:58:57,36140.5,0
2021-06-17 09:58:58,36138.55,0
2021-06-17 09:58:59,36141.1,0
2021-06-17 09:59:00,36136.85,0
2021-06-17 09:59:01,36140.25,0
2021-06-17 09:59:02,36139.3,0
2021-06-17 09:59:03,36144.25,0
2021-06-17 09:59:04,36145.15,0
2021-06-17 09:59:05,36144.85,0
2021-06-17 09:59:06,36144.55,0
2021-06-17 09:59:08,36141.9,0
2021-06-17 09:59:09,36141.75,0
2021-06-17 09:59:10,36141.5,0
2021-06-17 09:59:11,36140.95,0
2021-06-17 09:59:12,36140.35,0
2021-06-17 09:59:13,36132.85,0
2021-06-17 09:59:14,36134.55,0
2021-06-17 09:59:15,36135.65,0
2021-06-17 09:59:16,36134.95,0
2021-06-17 09:59:17,36138.25,0
2021-06-17 09:59:18,36132.35,0
2021-06-17 09:59:19,36132.9,0
2021-06-17 09:59:20,36136.05,0
2021-06-17 09:59:21,36132.95,0
2021-06-17 09:59:22,36132.45,0
2021-06-17 09:59:23,36137.55,0
2021-06-17 09:59:24,36130.05,0
2021-06-17 09:59:25,36133.35,0
2021-06-17 09:59:26,36128.7,0
2021-06-17 09:59:27,36131.4,0
2021-06-17 09:59:28,36132.55,0
2021-06-17 09:59:29,36135.55,0
2021-06-17 09:59:31,36132.15,0
2021-06-17 09:59:33,36135.1,0
2021-06-17 09:59:34,36131.45,0
2021-06-17 09:59:35,36138.95,0
2021-06-17 09:59:36,36141.3,0
2021-06-17 09:59:37,36136.2,0
2021-06-17 09:59:39,36139.95,0
2021-06-17 09:59:40,36135.25,0
2021-06-17 09:59:41,36134.8,0
2021-06-17 09:59:42,36131.0,0
2021-06-17 09:59:43,36136.3,0
2021-06-17 09:59:44,36138.75,0
2021-06-17 09:59:45,36138.3,0
2021-06-17 09:59:46,36136.2,0
2021-06-17 09:59:47,36131.55,0
2021-06-17 09:59:48,36130.55,0
2021-06-17 09:59:49,36132.5,0
2021-06-17 09:59:51,36138.75,0
2021-06-17 09:59:52,36134.1,0
2021-06-17 09:59:53,36127.9,0
2021-06-17 09:59:54,36130.5,0
2021-06-17 09:59:55,36126.5,0
2021-06-17 09:59:56,36124.9,0
2021-06-17 09:59:58,36122.35,0
2021-06-17 09:59:59,36124.8,0
2021-06-17 10:00:00,36126.95,0
2021-06-17 10:00:01,36121.3,0
2021-06-17 10:00:02,36122.9,0
2021-06-17 10:00:03,36122.3,0
2021-06-17 10:00:04,36123.9,0
2021-06-17 10:00:06,36122.6,0
2021-06-17 10:00:08,36122.6,0
2021-06-17 10:00:09,36124.1,0
2021-06-17 10:00:10,36125.1,0
2021-06-17 10:00:11,36122.35,0
2021-06-17 10:00:12,36125.85,0
2021-06-17 10:00:13,36123.05,0
2021-06-17 10:00:14,36123.55,0
2021-06-17 10:00:16,36118.6,0
2021-06-17 10:00:18,36119.25,0
2021-06-17 10:00:19,36125.6,0
2021-06-17 10:00:20,36127.8,0
2021-06-17 10:00:21,36123.25,0
2021-06-17 10:00:22,36121.35,0
2021-06-17 10:00:23,36124.3,0
2021-06-17 10:00:24,36128.75,0
2021-06-17 10:00:25,36125.8,0
2021-06-17 10:00:27,36121.7,0
2021-06-17 10:00:26,36121.4,0
2021-06-17 10:00:29,36126.65,0
2021-06-17 10:00:30,36123.8,0
2021-06-17 10:00:31,36127.45,0
2021-06-17 10:00:32,36130.7,0
2021-06-17 10:00:33,36131.5,0
2021-06-17 10:00:34,36126.75,0
2021-06-17 10:00:35,36130.95,0
2021-06-17 10:00:36,36133.15,0
2021-06-17 10:00:37,36129.3,0
2021-06-17 10:00:38,36125.1,0
2021-06-17 10:00:39,36120.75,0
2021-06-17 10:00:40,36125.25,0
2021-06-17 10:00:41,36119.35,0
2021-06-17 10:00:42,36119.75,0
2021-06-17 10:00:44,36120.35,0
2021-06-17 10:00:45,36117.1,0
2021-06-17 10:00:46,36119.2,0
2021-06-17 10:00:47,36121.65,0
2021-06-17 10:00:48,36123.7,0
2021-06-17 10:00:49,36121.6,0
2021-06-17 10:00:50,36118.5,0
2021-06-17 10:00:51,36116.95,0
2021-06-17 10:00:53,36121.9,0
2021-06-17 10:00:54,36122.4,0
2021-06-17 10:00:55,36120.3,0
2021-06-17 10:00:56,36120.2,0
2021-06-17 10:00:57,36117.4,0
2021-06-17 10:00:59,36119.2,0
2021-06-17 10:01:00,36117.1,0
2021-06-17 10:01:01,36114.65,0
2021-06-17 10:01:02,36114.05,0
2021-06-17 10:01:04,36115.75,0
2021-06-17 10:01:05,36115.35,0
2021-06-17 10:01:06,36118.1,0
2021-06-17 10:01:07,36116.2,0
2021-06-17 10:01:08,36117.55,0
2021-06-17 10:01:09,36122.75,0
2021-06-17 10:01:11,36120.2,0
2021-06-17 10:01:12,36119.6,0
2021-06-17 10:01:13,36122.2,0
2021-06-17 10:01:14,36118.7,0
2021-06-17 10:01:15,36118.6,0
2021-06-17 10:01:16,36118.3,0
2021-06-17 10:01:17,36125.65,0
2021-06-17 10:01:18,36125.35,0
2021-06-17 10:01:20,36124.8,0
2021-06-17 10:01:21,36127.75,0
2021-06-17 10:01:22,36128.05,0
2021-06-17 10:01:23,36127.15,0
2021-06-17 10:01:24,36129.4,0
2021-06-17 10:01:25,36127.85,0
2021-06-17 10:01:26,36124.45,0
2021-06-17 10:01:27,36129.55,0
2021-06-17 10:01:28,36123.8,0
2021-06-17 10:01:29,36127.25,0
2021-06-17 10:01:30,36127.95,0
2021-06-17 10:01:31,36130.25,0
2021-06-17 10:01:32,36132.95,0
2021-06-17 10:01:34,36129.25,0
2021-06-17 10:01:36,36133.75,0
2021-06-17 10:01:37,36129.3,0
2021-06-17 10:01:38,36134.25,0
2021-06-17 10:01:39,36136.5,0
2021-06-17 10:01:40,36134.0,0
2021-06-17 10:01:41,36126.75,0
2021-06-17 10:01:43,36129.7,0
2021-06-17 10:01:44,36131.55,0
2021-06-17 10:01:45,36130.45,0
2021-06-17 10:01:47,36134.0,0
2021-06-17 10:01:48,36128.2,0
2021-06-17 10:01:49,36133.2,0
2021-06-17 10:01:50,36127.1,0
2021-06-17 10:01:51,36131.35,0
2021-06-17 10:01:52,36128.7,0
2021-06-17 10:01:53,36131.75,0
2021-06-17 10:01:54,36131.35,0
2021-06-17 10:01:55,36130.75,0
2021-06-17 10:01:56,36132.65,0
2021-06-17 10:01:57,36132.35,0
2021-06-17 10:01:58,36130.1,0
2021-06-17 10:01:59,36124.55,0
2021-06-17 10:02:00,36132.9,0
2021-06-17 10:02:02,36125.3,0
2021-06-17 10:02:03,36130.7,0
2021-06-17 10:02:05,36125.3,0
2021-06-17 10:02:06,36124.2,0
2021-06-17 10:02:07,36135.95,0
2021-06-17 10:02:09,36130.55,0
2021-06-17 10:02:10,36130.85,0
2021-06-17 10:02:11,36125.85,0
2021-06-17 10:02:13,36127.2,0
2021-06-17 10:02:15,36126.85,0
2021-06-17 10:02:17,36131.45,0
2021-06-17 10:02:18,36125.4,0
2021-06-17 10:02:19,36128.65,0
2021-06-17 10:02:20,36133.65,0
2021-06-17 10:02:21,36128.3,0
2021-06-17 10:02:22,36128.7,0
2021-06-17 10:02:23,36130.0,0
2021-06-17 10:02:24,36130.1,0
2021-06-17 10:02:25,36125.65,0
2021-06-17 10:02:26,36129.0,0
2021-06-17 10:02:28,36125.6,0
2021-06-17 10:02:30,36128.2,0
2021-06-17 10:02:31,36131.25,0
2021-06-17 10:02:32,36128.8,0
2021-06-17 10:02:33,36127.25,0
2021-06-17 10:02:34,36126.85,0
2021-06-17 10:02:35,36132.3,0
2021-06-17 10:02:36,36131.05,0
2021-06-17 10:02:37,36132.25,0
2021-06-17 10:02:38,36132.8,0
2021-06-17 10:02:39,36130.5,0
2021-06-17 10:02:40,36128.0,0
2021-06-17 10:02:41,36130.0,0
2021-06-17 10:02:44,36127.45,0
2021-06-17 10:02:45,36129.15,0
2021-06-17 10:02:46,36131.4,0
2021-06-17 10:02:48,36128.55,0
2021-06-17 10:02:50,36126.75,0
2021-06-17 10:02:51,36126.7,0
2021-06-17 10:02:52,36131.45,0
2021-06-17 10:02:53,36124.65,0
2021-06-17 10:02:55,36121.7,0
2021-06-17 10:02:56,36121.35,0
2021-06-17 10:02:57,36121.5,0
2021-06-17 10:02:58,36121.75,0
2021-06-17 10:03:00,36117.05,0
2021-06-17 10:03:04,36121.3,0
2021-06-17 10:03:05,36121.5,0
2021-06-17 10:03:06,36118.25,0
2021-06-17 10:03:07,36117.75,0
2021-06-17 10:03:08,36116.05,0
2021-06-17 10:03:11,36113.55,0
2021-06-17 10:03:12,36120.15,0
2021-06-17 10:03:13,36119.6,0
2021-06-17 10:03:14,36118.1,0
2021-06-17 10:03:15,36114.25,0
2021-06-17 10:03:16,36120.2,0
2021-06-17 10:03:17,36117.9,0
2021-06-17 10:03:18,36117.05,0
2021-06-17 10:03:19,36117.8,0
2021-06-17 10:03:20,36119.4,0
2021-06-17 10:03:21,36118.4,0
2021-06-17 10:03:22,36120.65,0
2021-06-17 10:03:23,36116.05,0
2021-06-17 10:03:24,36121.05,0
2021-06-17 10:03:25,36121.65,0
2021-06-17 10:03:27,36115.25,0
2021-06-17 10:03:28,36115.75,0
2021-06-17 10:03:30,36117.7,0
2021-06-17 10:03:33,36112.65,0
2021-06-17 10:03:34,36116.25,0
2021-06-17 10:03:35,36120.85,0
2021-06-17 10:03:36,36119.0,0
2021-06-17 10:03:37,36123.55,0
2021-06-17 10:03:38,36126.05,0
2021-06-17 10:03:39,36126.1,0
2021-06-17 10:03:40,36124.4,0
2021-06-17 10:03:41,36123.5,0
2021-06-17 10:03:42,36121.0,0
2021-06-17 10:03:43,36122.15,0
2021-06-17 10:03:44,36121.35,0
2021-06-17 10:03:45,36119.05,0
2021-06-17 10:03:48,36116.35,0
2021-06-17 10:03:49,36117.85,0
2021-06-17 10:03:51,36127.1,0
2021-06-17 10:03:52,36125.1,0
2021-06-17 10:03:53,36126.7,0
2021-06-17 10:03:56,36121.4,0
2021-06-17 10:03:58,36126.0,0
2021-06-17 10:04:01,36124.95,0
2021-06-17 10:04:03,36124.2,0
2021-06-17 10:04:04,36127.25,0
2021-06-17 10:04:05,36127.65,0
2021-06-17 10:04:06,36121.9,0
2021-06-17 10:04:07,36128.7,0
2021-06-17 10:04:08,36126.05,0
2021-06-17 10:04:09,36123.3,0
2021-06-17 10:04:11,36128.75,0
2021-06-17 10:04:12,36127.5,0
2021-06-17 10:04:15,36129.8,0
2021-06-17 10:04:16,36138.6,0
2021-06-17 10:04:17,36131.8,0
2021-06-17 10:04:18,36132.05,0
2021-06-17 10:04:19,36128.3,0
2021-06-17 10:04:20,36132.85,0
2021-06-17 10:04:22,36134.4,0
2021-06-17 10:04:23,36132.4,0
2021-06-17 10:04:24,36131.85,0
2021-06-17 10:04:25,36131.95,0
2021-06-17 10:04:26,36127.15,0
2021-06-17 10:04:27,36129.3,0
2021-06-17 10:04:28,36134.35,0
2021-06-17 10:04:29,36129.75,0
2021-06-17 10:04:31,36135.75,0
2021-06-17 10:04:33,36129.5,0
2021-06-17 10:04:34,36126.9,0
2021-06-17 10:04:35,36136.9,0
2021-06-17 10:04:36,36132.3,0
2021-06-17 10:04:37,36134.4,0
2021-06-17 10:04:38,36136.4,0
2021-06-17 10:04:39,36132.3,0
2021-06-17 10:04:40,36131.65,0
2021-06-17 10:04:41,36127.9,0
2021-06-17 10:04:42,36126.3,0
2021-06-17 10:04:43,36125.3,0
2021-06-17 10:04:44,36130.1,0
2021-06-17 10:04:45,36130.5,0
2021-06-17 10:04:46,36135.1,0
2021-06-17 10:04:48,36129.8,0
2021-06-17 10:04:49,36135.75,0
2021-06-17 10:04:51,36133.8,0
2021-06-17 10:04:52,36127.6,0
2021-06-17 10:04:53,36126.9,0
2021-06-17 10:04:54,36128.5,0
2021-06-17 10:04:55,36133.4,0
2021-06-17 10:04:56,36132.75,0
2021-06-17 10:04:57,36132.9,0
2021-06-17 10:04:58,36132.15,0
2021-06-17 10:04:59,36132.85,0
2021-06-17 10:05:00,36136.35,0
2021-06-17 10:05:01,36133.75,0
2021-06-17 10:05:02,36132.35,0
2021-06-17 10:05:03,36134.15,0
2021-06-17 10:05:04,36134.5,0
2021-06-17 10:05:05,36135.85,0
2021-06-17 10:05:06,36134.35,0
2021-06-17 10:05:07,36132.35,0
2021-06-17 10:05:09,36135.0,0
2021-06-17 10:05:10,36137.25,0
2021-06-17 10:05:11,36133.95,0
2021-06-17 10:05:12,36132.15,0
2021-06-17 10:05:13,36133.8,0
2021-06-17 10:05:15,36139.05,0
2021-06-17 10:05:16,36138.45,0
2021-06-17 10:05:17,36140.55,0
2021-06-17 10:05:18,36140.4,0
2021-06-17 10:05:19,36137.9,0
2021-06-17 10:05:20,36138.55,0
2021-06-17 10:05:21,36139.4,0
2021-06-17 10:05:22,36138.85,0
2021-06-17 10:05:23,36135.2,0
2021-06-17 10:05:25,36134.3,0
2021-06-17 10:05:27,36140.25,0
2021-06-17 10:05:29,36141.35,0
2021-06-17 10:05:30,36140.75,0
2021-06-17 10:05:31,36136.85,0
2021-06-17 10:05:32,36141.0,0
2021-06-17 10:05:34,36138.2,0
2021-06-17 10:05:35,36141.5,0
2021-06-17 10:05:36,36140.55,0
2021-06-17 10:05:38,36133.3,0
2021-06-17 10:05:39,36137.05,0
2021-06-17 10:05:40,36135.65,0
2021-06-17 10:05:41,36131.85,0
2021-06-17 10:05:42,36137.05,0
2021-06-17 10:05:43,36137.35,0
2021-06-17 10:05:44,36133.45,0
2021-06-17 10:05:45,36138.75,0
2021-06-17 10:05:46,36134.95,0
2021-06-17 10:05:47,36143.2,0
2021-06-17 10:05:48,36141.3,0
2021-06-17 10:05:49,36143.05,0
2021-06-17 10:05:50,36142.35,0
2021-06-17 10:05:51,36147.2,0
2021-06-17 10:05:52,36142.15,0
2021-06-17 10:05:53,36143.7,0
2021-06-17 10:05:54,36143.5,0
2021-06-17 10:05:55,36139.65,0
2021-06-17 10:05:56,36143.8,0
2021-06-17 10:05:57,36141.35,0
2021-06-17 10:05:59,36134.05,0
2021-06-17 10:06:00,36139.25,0
2021-06-17 10:06:01,36135.45,0
2021-06-17 10:06:02,36142.65,0
2021-06-17 10:06:03,36139.95,0
2021-06-17 10:06:04,36138.8,0
2021-06-17 10:06:05,36138.25,0
2021-06-17 10:06:06,36138.95,0
2021-06-17 10:06:07,36140.3,0
2021-06-17 10:06:08,36135.85,0
2021-06-17 10:06:09,36139.5,0
2021-06-17 10:06:10,36137.95,0
2021-06-17 10:06:11,36133.85,0
2021-06-17 10:06:14,36131.9,0
2021-06-17 10:06:15,36132.1,0
2021-06-17 10:06:16,36135.45,0
2021-06-17 10:06:17,36134.1,0
2021-06-17 10:06:19,36135.05,0
2021-06-17 10:06:20,36139.35,0
2021-06-17 10:06:21,36135.55,0
2021-06-17 10:06:22,36138.5,0
2021-06-17 10:06:23,36139.15,0
2021-06-17 10:06:24,36138.9,0
2021-06-17 10:06:27,36139.2,0
2021-06-17 10:06:28,36139.65,0
2021-06-17 10:06:29,36141.85,0
2021-06-17 10:06:30,36140.8,0
2021-06-17 10:06:31,36140.6,0
2021-06-17 10:06:32,36140.65,0
2021-06-17 10:06:33,36147.95,0
2021-06-17 10:06:34,36151.25,0
2021-06-17 10:06:35,36150.75,0
2021-06-17 10:06:36,36151.75,0
2021-06-17 10:06:37,36153.4,0
2021-06-17 10:06:38,36151.45,0
2021-06-17 10:06:39,36150.7,0
2021-06-17 10:06:40,36151.6,0
2021-06-17 10:06:41,36142.6,0
2021-06-17 10:06:42,36144.15,0
2021-06-17 10:06:46,36150.6,0
2021-06-17 10:06:47,36144.65,0
2021-06-17 10:06:48,36144.5,0
2021-06-17 10:06:49,36153.6,0
2021-06-17 10:06:50,36154.7,0
2021-06-17 10:06:52,36145.0,0
2021-06-17 10:06:53,36143.9,0
2021-06-17 10:06:54,36146.2,0
2021-06-17 10:06:55,36146.05,0
2021-06-17 10:06:56,36147.1,0
2021-06-17 10:06:57,36147.0,0
2021-06-17 10:06:58,36141.9,0
2021-06-17 10:06:59,36156.1,0
2021-06-17 10:07:01,36142.55,0
2021-06-17 10:07:02,36143.6,0
2021-06-17 10:07:03,36145.45,0
2021-06-17 10:07:04,36151.65,0
2021-06-17 10:07:06,36143.55,0
2021-06-17 10:07:08,36147.95,0
2021-06-17 10:07:09,36150.7,0
2021-06-17 10:07:10,36149.85,0
2021-06-17 10:07:11,36148.95,0
2021-06-17 10:07:12,36154.2,0
2021-06-17 10:07:13,36151.7,0
2021-06-17 10:07:14,36151.2,0
2021-06-17 10:07:15,36150.2,0
2021-06-17 10:07:16,36151.75,0
2021-06-17 10:07:17,36151.9,0
2021-06-17 10:07:18,36150.2,0
2021-06-17 10:07:19,36145.8,0
2021-06-17 10:07:20,36144.5,0
2021-06-17 10:07:21,36148.15,0
2021-06-17 10:07:22,36142.65,0
2021-06-17 10:07:23,36146.4,0
2021-06-17 10:07:26,36144.8,0
2021-06-17 10:07:27,36144.25,0
2021-06-17 10:07:28,36144.1,0
2021-06-17 10:07:29,36146.15,0
2021-06-17 10:07:31,36150.4,0
2021-06-17 10:07:32,36146.85,0
2021-06-17 10:07:33,36150.2,0
2021-06-17 10:07:34,36151.05,0
2021-06-17 10:07:35,36150.85,0
2021-06-17 10:07:36,36150.7,0
2021-06-17 10:07:37,36146.4,0
2021-06-17 10:07:38,36149.95,0
2021-06-17 10:07:40,36149.8,0
2021-06-17 10:07:41,36149.1,0
2021-06-17 10:07:42,36148.95,0
2021-06-17 10:07:43,36149.45,0
2021-06-17 10:07:44,36156.85,0
2021-06-17 10:07:45,36152.2,0
2021-06-17 10:07:48,36156.35,0
2021-06-17 10:07:49,36155.95,0
2021-06-17 10:07:50,36151.35,0
2021-06-17 10:07:51,36152.05,0
2021-06-17 10:07:52,36148.05,0
2021-06-17 10:07:53,36147.2,0
2021-06-17 10:07:54,36146.95,0
2021-06-17 10:07:55,36147.55,0
2021-06-17 10:07:56,36145.1,0
2021-06-17 10:07:57,36148.45,0
2021-06-17 10:07:58,36156.4,0
2021-06-17 10:07:59,36153.95,0
2021-06-17 10:08:00,36156.65,0
2021-06-17 10:08:01,36159.45,0
2021-06-17 10:08:02,36158.05,0
2021-06-17 10:08:04,36156.35,0
2021-06-17 10:08:05,36157.35,0
2021-06-17 10:08:06,36156.55,0
2021-06-17 10:08:07,36158.5,0
2021-06-17 10:08:08,36155.6,0
2021-06-17 10:08:10,36158.5,0
2021-06-17 10:08:11,36158.45,0
2021-06-17 10:08:14,36157.95,0
2021-06-17 10:08:17,36161.55,0
2021-06-17 10:08:19,36159.2,0
2021-06-17 10:08:20,36158.85,0
2021-06-17 10:08:21,36157.3,0
2021-06-17 10:08:22,36153.2,0
2021-06-17 10:08:23,36155.55,0
2021-06-17 10:08:24,36158.4,0
2021-06-17 10:08:25,36157.15,0
2021-06-17 10:08:26,36154.7,0
2021-06-17 10:08:27,36159.15,0
2021-06-17 10:08:28,36161.45,0
2021-06-17 10:08:29,36162.15,0
2021-06-17 10:08:30,36162.7,0
2021-06-17 10:08:31,36157.7,0
2021-06-17 10:08:33,36157.5,0
2021-06-17 10:08:34,36154.25,0
2021-06-17 10:08:36,36159.9,0
2021-06-17 10:08:37,36162.9,0
2021-06-17 10:08:38,36156.8,0
2021-06-17 10:08:39,36165.15,0
2021-06-17 10:08:40,36164.15,0
2021-06-17 10:08:41,36158.8,0
2021-06-17 10:08:42,36159.8,0
2021-06-17 10:08:43,36155.55,0
2021-06-17 10:08:44,36152.6,0
2021-06-17 10:08:45,36158.9,0
2021-06-17 10:08:46,36157.85,0
2021-06-17 10:08:47,36160.0,0
2021-06-17 10:08:48,36160.0,0
2021-06-17 10:08:49,36157.9,0
2021-06-17 10:08:50,36165.15,0
2021-06-17 10:08:51,36167.3,0
2021-06-17 10:08:52,36169.5,0
2021-06-17 10:08:54,36164.35,0
2021-06-17 10:08:55,36164.05,0
2021-06-17 10:08:56,36165.45,0
2021-06-17 10:08:57,36168.85,0
2021-06-17 10:08:58,36167.25,0
2021-06-17 10:08:59,36170.65,0
2021-06-17 10:09:00,36165.85,0
2021-06-17 10:09:01,36170.1,0
2021-06-17 10:09:03,36175.35,0
2021-06-17 10:09:07,36172.05,0
2021-06-17 10:09:08,36173.25,0
2021-06-17 10:09:09,36175.75,0
2021-06-17 10:09:10,36171.35,0
2021-06-17 10:09:12,36166.95,0
2021-06-17 10:09:11,36167.45,0
2021-06-17 10:09:13,36168.4,0
2021-06-17 10:09:14,36170.9,0
2021-06-17 10:09:16,36171.6,0
2021-06-17 10:09:17,36170.5,0
2021-06-17 10:09:18,36165.1,0
2021-06-17 10:09:19,36165.2,0
2021-06-17 10:09:20,36168.7,0
2021-06-17 10:09:21,36168.85,0
2021-06-17 10:09:22,36170.25,0
2021-06-17 10:09:24,36169.25,0
2021-06-17 10:09:25,36170.05,0
2021-06-17 10:09:26,36169.4,0
2021-06-17 10:09:28,36165.6,0
2021-06-17 10:09:29,36163.9,0
2021-06-17 10:09:30,36162.8,0
2021-06-17 10:09:32,36169.75,0
2021-06-17 10:09:33,36168.35,0
2021-06-17 10:09:34,36165.8,0
2021-06-17 10:09:36,36171.85,0
2021-06-17 10:09:37,36172.2,0
2021-06-17 10:09:38,36170.4,0
2021-06-17 10:09:39,36169.6,0
2021-06-17 10:09:40,36165.9,0
2021-06-17 10:09:41,36166.55,0
2021-06-17 10:09:42,36167.2,0
2021-06-17 10:09:43,36166.5,0
2021-06-17 10:09:44,36166.75,0
2021-06-17 10:09:45,36169.65,0
2021-06-17 10:09:46,36169.65,0
2021-06-17 10:09:47,36169.75,0
2021-06-17 10:09:48,36164.25,0
2021-06-17 10:09:49,36167.65,0
2021-06-17 10:09:50,36168.15,0
2021-06-17 10:09:51,36169.45,0
2021-06-17 10:09:53,36163.75,0
2021-06-17 10:09:54,36165.4,0
2021-06-17 10:09:55,36163.7,0
2021-06-17 10:09:56,36162.4,0
2021-06-17 10:09:58,36165.2,0
2021-06-17 10:09:59,36163.85,0
2021-06-17 10:10:00,36161.25,0
2021-06-17 10:10:01,36159.95,0
2021-06-17 10:10:02,36166.6,0
2021-06-17 10:10:04,36171.2,0
2021-06-17 10:10:05,36169.4,0
2021-06-17 10:10:06,36170.9,0
2021-06-17 10:10:07,36171.05,0
2021-06-17 10:10:08,36170.4,0
2021-06-17 10:10:09,36173.0,0
2021-06-17 10:10:11,36163.8,0
2021-06-17 10:10:13,36162.2,0
2021-06-17 10:10:14,36159.9,0
2021-06-17 10:10:15,36156.55,0
2021-06-17 10:10:16,36161.65,0
2021-06-17 10:10:17,36157.2,0
2021-06-17 10:10:18,36157.0,0
2021-06-17 10:10:19,36162.1,0
2021-06-17 10:10:20,36164.15,0
2021-06-17 10:10:21,36166.5,0
2021-06-17 10:10:22,36165.75,0
2021-06-17 10:10:23,36163.05,0
2021-06-17 10:10:24,36163.15,0
2021-06-17 10:10:26,36162.5,0
2021-06-17 10:10:29,36162.8,0
2021-06-17 10:10:30,36162.7,0
2021-06-17 10:10:31,36166.75,0
2021-06-17 10:10:32,36164.25,0
2021-06-17 10:10:33,36163.9,0
2021-06-17 10:10:34,36164.2,0
2021-06-17 10:10:35,36163.9,0
2021-06-17 10:10:36,36162.4,0
2021-06-17 10:10:37,36160.15,0
2021-06-17 10:10:38,36162.15,0
2021-06-17 10:10:39,36164.35,0
2021-06-17 10:10:40,36161.0,0
2021-06-17 10:10:41,36160.1,0
2021-06-17 10:10:42,36162.15,0
2021-06-17 10:10:43,36155.7,0
2021-06-17 10:10:45,36162.85,0
2021-06-17 10:10:46,36160.8,0
2021-06-17 10:10:47,36161.05,0
2021-06-17 10:10:48,36156.35,0
2021-06-17 10:10:49,36157.95,0
2021-06-17 10:10:50,36161.45,0
2021-06-17 10:10:51,36160.55,0
2021-06-17 10:10:52,36161.3,0
2021-06-17 10:10:53,36158.05,0
2021-06-17 10:10:54,36160.05,0
2021-06-17 10:10:55,36157.25,0
2021-06-17 10:10:56,36154.45,0
2021-06-17 10:10:58,36153.45,0
2021-06-17 10:10:59,36160.7,0
2021-06-17 10:11:00,36160.3,0
2021-06-17 10:11:01,36158.55,0
2021-06-17 10:11:02,36160.0,0
2021-06-17 10:11:03,36159.7,0
2021-06-17 10:11:04,36156.95,0
2021-06-17 10:11:05,36158.0,0
2021-06-17 10:11:06,36157.55,0
2021-06-17 10:11:07,36158.95,0
2021-06-17 10:11:08,36165.2,0
2021-06-17 10:11:09,36159.35,0
2021-06-17 10:11:10,36153.65,0
2021-06-17 10:11:11,36152.85,0
2021-06-17 10:11:13,36155.4,0
2021-06-17 10:11:14,36158.65,0
2021-06-17 10:11:15,36164.3,0
2021-06-17 10:11:16,36161.4,0
2021-06-17 10:11:17,36160.1,0
2021-06-17 10:11:18,36157.55,0
2021-06-17 10:11:19,36163.95,0
2021-06-17 10:11:20,36160.7,0
2021-06-17 10:11:21,36175.0,0
2021-06-17 10:11:22,36170.0,0
2021-06-17 10:11:23,36170.35,0
2021-06-17 10:11:24,36166.65,0
2021-06-17 10:11:25,36171.0,0
2021-06-17 10:11:26,36168.95,0
2021-06-17 10:11:28,36164.05,0
2021-06-17 10:11:29,36162.1,0
2021-06-17 10:11:30,36167.4,0
2021-06-17 10:11:31,36170.25,0
2021-06-17 10:11:32,36172.85,0
2021-06-17 10:11:33,36174.95,0
2021-06-17 10:11:34,36172.15,0
2021-06-17 10:11:35,36180.95,0
2021-06-17 10:11:36,36180.4,0
2021-06-17 10:11:37,36175.8,0
2021-06-17 10:11:38,36177.4,0
2021-06-17 10:11:39,36171.1,0
2021-06-17 10:11:40,36174.2,0
2021-06-17 10:11:41,36175.9,0
2021-06-17 10:11:42,36179.2,0
2021-06-17 10:11:43,36173.45,0
2021-06-17 10:11:44,36177.25,0
2021-06-17 10:11:45,36174.25,0
2021-06-17 10:11:46,36172.8,0
2021-06-17 10:11:47,36178.15,0
2021-06-17 10:11:48,36181.35,0
2021-06-17 10:11:49,36180.4,0
2021-06-17 10:11:50,36183.05,0
2021-06-17 10:11:51,36186.0,0
2021-06-17 10:11:52,36187.7,0
2021-06-17 10:11:53,36186.25,0
2021-06-17 10:11:54,36180.95,0
2021-06-17 10:11:55,36183.4,0
2021-06-17 10:11:57,36182.7,0
2021-06-17 10:11:58,36180.55,0
2021-06-17 10:11:59,36185.25,0
2021-06-17 10:12:00,36183.35,0
2021-06-17 10:12:01,36183.85,0
2021-06-17 10:12:02,36183.3,0
2021-06-17 10:12:04,36185.7,0
2021-06-17 10:12:05,36184.3,0
2021-06-17 10:12:06,36185.8,0
2021-06-17 10:12:08,36183.95,0
2021-06-17 10:12:09,36185.2,0
2021-06-17 10:12:10,36185.45,0
2021-06-17 10:12:11,36183.45,0
2021-06-17 10:12:13,36184.7,0
2021-06-17 10:12:14,36182.1,0
2021-06-17 10:12:15,36180.8,0
2021-06-17 10:12:16,36182.3,0
2021-06-17 10:12:17,36183.45,0
2021-06-17 10:12:20,36181.6,0
2021-06-17 10:12:21,36179.55,0
2021-06-17 10:12:22,36184.4,0
2021-06-17 10:12:23,36183.7,0
2021-06-17 10:12:24,36177.9,0
2021-06-17 10:12:25,36176.6,0
2021-06-17 10:12:27,36179.25,0
2021-06-17 10:12:28,36182.65,0
2021-06-17 10:12:29,36184.65,0
2021-06-17 10:12:30,36182.7,0
2021-06-17 10:12:31,36177.7,0
2021-06-17 10:12:32,36181.25,0
2021-06-17 10:12:34,36183.55,0
2021-06-17 10:12:35,36185.0,0
2021-06-17 10:12:38,36181.75,0
2021-06-17 10:12:40,36180.45,0
2021-06-17 10:12:41,36176.4,0
2021-06-17 10:12:42,36173.35,0
2021-06-17 10:12:43,36178.85,0
2021-06-17 10:12:44,36173.25,0
2021-06-17 10:12:45,36179.2,0
2021-06-17 10:12:46,36176.15,0
2021-06-17 10:12:48,36172.8,0
2021-06-17 10:12:49,36177.1,0
2021-06-17 10:12:50,36175.9,0
2021-06-17 10:12:52,36175.3,0
2021-06-17 10:12:53,36175.0,0
2021-06-17 10:12:54,36176.8,0
2021-06-17 10:12:55,36176.25,0
2021-06-17 10:12:56,36173.85,0
2021-06-17 10:12:57,36174.8,0
2021-06-17 10:12:58,36170.2,0
2021-06-17 10:12:59,36172.1,0
2021-06-17 10:13:00,36176.8,0
2021-06-17 10:13:01,36175.65,0
2021-06-17 10:13:03,36183.7,0
2021-06-17 10:13:04,36182.85,0
2021-06-17 10:13:05,36180.7,0
2021-06-17 10:13:07,36181.6,0
2021-06-17 10:13:08,36181.05,0
2021-06-17 10:13:09,36184.4,0
2021-06-17 10:13:10,36177.0,0
2021-06-17 10:13:12,36177.2,0
2021-06-17 10:13:13,36177.0,0
2021-06-17 10:13:14,36180.45,0
2021-06-17 10:13:15,36177.45,0
2021-06-17 10:13:16,36176.95,0
2021-06-17 10:13:17,36176.5,0
2021-06-17 10:13:18,36176.1,0
2021-06-17 10:13:19,36178.45,0
2021-06-17 10:13:20,36177.95,0
2021-06-17 10:13:21,36181.25,0
2021-06-17 10:13:22,36180.05,0
2021-06-17 10:13:23,36176.4,0
2021-06-17 10:13:24,36178.2,0
2021-06-17 10:13:25,36175.65,0
2021-06-17 10:13:26,36172.55,0
2021-06-17 10:13:27,36174.45,0
2021-06-17 10:13:28,36172.65,0
2021-06-17 10:13:29,36169.45,0
2021-06-17 10:13:30,36172.9,0
2021-06-17 10:13:31,36168.6,0
2021-06-17 10:13:32,36175.4,0
2021-06-17 10:13:38,36171.0,0
2021-06-17 10:13:39,36167.9,0
2021-06-17 10:13:40,36169.1,0
2021-06-17 10:13:41,36166.9,0
2021-06-17 10:13:42,36171.5,0
2021-06-17 10:13:43,36173.15,0
2021-06-17 10:13:44,36171.8,0
2021-06-17 10:13:45,36171.85,0
2021-06-17 10:13:47,36167.2,0
2021-06-17 10:13:48,36171.2,0
2021-06-17 10:13:49,36173.1,0
2021-06-17 10:13:50,36171.8,0
2021-06-17 10:13:51,36174.5,0
2021-06-17 10:13:52,36170.05,0
2021-06-17 10:13:53,36171.0,0
2021-06-17 10:13:54,36172.2,0
2021-06-17 10:13:55,36172.4,0
2021-06-17 10:13:56,36169.15,0
2021-06-17 10:13:57,36168.15,0
2021-06-17 10:13:58,36172.65,0
2021-06-17 10:13:59,36175.05,0
2021-06-17 10:14:00,36170.25,0
2021-06-17 10:14:02,36173.9,0
2021-06-17 10:14:03,36173.8,0
2021-06-17 10:14:04,36170.45,0
2021-06-17 10:14:05,36172.2,0
2021-06-17 10:14:06,36168.2,0
2021-06-17 10:14:07,36168.4,0
2021-06-17 10:14:08,36168.8,0
2021-06-17 10:14:09,36172.15,0
2021-06-17 10:14:10,36168.5,0
2021-06-17 10:14:11,36171.3,0
2021-06-17 10:14:12,36166.3,0
2021-06-17 10:14:13,36170.3,0
2021-06-17 10:14:15,36168.05,0
2021-06-17 10:14:17,36171.75,0
2021-06-17 10:14:18,36170.0,0
2021-06-17 10:14:20,36174.1,0
2021-06-17 10:14:23,36171.9,0
2021-06-17 10:14:24,36169.65,0
2021-06-17 10:14:25,36172.9,0
2021-06-17 10:14:26,36174.1,0
2021-06-17 10:14:27,36175.3,0
2021-06-17 10:14:28,36174.7,0
2021-06-17 10:14:29,36173.2,0
2021-06-17 10:14:30,36174.75,0
2021-06-17 10:14:31,36173.5,0
2021-06-17 10:14:32,36174.0,0
2021-06-17 10:14:33,36176.2,0
2021-06-17 10:14:34,36174.7,0
2021-06-17 10:14:35,36173.2,0
2021-06-17 10:14:37,36167.45,0
2021-06-17 10:14:38,36168.35,0
2021-06-17 10:14:39,36168.6,0
2021-06-17 10:14:40,36171.45,0
2021-06-17 10:14:42,36171.9,0
2021-06-17 10:14:43,36167.4,0
2021-06-17 10:14:44,36168.95,0
2021-06-17 10:14:45,36170.35,0
2021-06-17 10:14:46,36170.1,0
2021-06-17 10:14:47,36169.45,0
2021-06-17 10:14:48,36169.5,0
2021-06-17 10:14:49,36171.2,0
2021-06-17 10:14:50,36172.35,0
2021-06-17 10:14:51,36172.4,0
2021-06-17 10:14:53,36172.15,0
2021-06-17 10:14:54,36169.65,0
2021-06-17 10:14:55,36170.2,0
2021-06-17 10:14:57,36170.8,0
2021-06-17 10:14:58,36170.95,0
2021-06-17 10:14:59,36170.45,0
2021-06-17 10:15:00,36175.95,0
2021-06-17 10:15:02,36175.8,0
2021-06-17 10:15:03,36174.65,0
2021-06-17 10:15:04,36178.65,0
2021-06-17 10:15:05,36183.15,0
2021-06-17 10:15:06,36182.2,0
2021-06-17 10:15:08,36182.1,0
2021-06-17 10:15:09,36177.0,0
2021-06-17 10:15:10,36178.65,0
2021-06-17 10:15:11,36176.4,0
2021-06-17 10:15:12,36180.35,0
2021-06-17 10:15:13,36176.5,0
2021-06-17 10:15:14,36176.1,0
2021-06-17 10:15:15,36180.05,0
2021-06-17 10:15:16,36175.55,0
2021-06-17 10:15:18,36173.4,0
2021-06-17 10:15:19,36175.3,0
2021-06-17 10:15:20,36172.85,0
2021-06-17 10:15:21,36172.75,0
2021-06-17 10:15:24,36168.7,0
2021-06-17 10:15:27,36173.1,0
2021-06-17 10:15:28,36166.85,0
2021-06-17 10:15:31,36163.9,0
2021-06-17 10:15:32,36167.8,0
2021-06-17 10:15:33,36172.05,0
2021-06-17 10:15:34,36168.3,0
2021-06-17 10:15:35,36170.65,0
2021-06-17 10:15:36,36172.45,0
2021-06-17 10:15:37,36170.8,0
2021-06-17 10:15:38,36168.35,0
2021-06-17 10:15:39,36169.75,0
2021-06-17 10:15:40,36170.85,0
2021-06-17 10:15:41,36168.6,0
2021-06-17 10:15:42,36165.95,0
2021-06-17 10:15:43,36165.25,0
2021-06-17 10:15:44,36164.5,0
2021-06-17 10:15:46,36162.95,0
2021-06-17 10:15:48,36166.15,0
2021-06-17 10:15:50,36165.5,0
2021-06-17 10:15:51,36171.55,0
2021-06-17 10:15:52,36165.45,0
2021-06-17 10:15:53,36169.5,0
2021-06-17 10:15:55,36168.85,0
2021-06-17 10:15:56,36166.05,0
2021-06-17 10:15:58,36164.4,0
2021-06-17 10:15:59,36167.15,0
2021-06-17 10:16:00,36166.6,0
2021-06-17 10:16:02,36168.65,0
2021-06-17 10:16:03,36165.6,0
2021-06-17 10:16:04,36165.4,0
2021-06-17 10:16:05,36169.25,0
2021-06-17 10:16:06,36168.7,0
2021-06-17 10:16:07,36160.2,0
2021-06-17 10:16:09,36163.35,0
2021-06-17 10:16:11,36164.95,0
2021-06-17 10:16:13,36165.9,0
2021-06-17 10:16:14,36165.0,0
2021-06-17 10:16:16,36162.75,0
2021-06-17 10:16:17,36164.4,0
2021-06-17 10:16:18,36166.3,0
2021-06-17 10:16:19,36165.3,0
2021-06-17 10:16:20,36166.1,0
2021-06-17 10:16:21,36165.0,0
2021-06-17 10:16:23,36168.05,0
2021-06-17 10:16:24,36167.8,0
2021-06-17 10:16:25,36165.45,0
2021-06-17 10:16:27,36165.3,0
2021-06-17 10:16:28,36160.2,0
2021-06-17 10:16:29,36162.95,0
2021-06-17 10:16:32,36164.3,0
2021-06-17 10:16:33,36165.05,0
2021-06-17 10:16:35,36173.5,0
2021-06-17 10:16:36,36174.2,0
2021-06-17 10:16:37,36171.85,0
2021-06-17 10:16:38,36171.9,0
2021-06-17 10:16:39,36178.35,0
2021-06-17 10:16:40,36174.2,0
2021-06-17 10:16:42,36166.65,0
2021-06-17 10:16:43,36165.7,0
2021-06-17 10:16:44,36166.4,0
2021-06-17 10:16:45,36166.25,0
2021-06-17 10:16:46,36166.3,0
2021-06-17 10:16:47,36168.75,0
2021-06-17 10:16:49,36171.35,0
2021-06-17 10:16:51,36167.2,0
2021-06-17 10:16:52,36169.5,0
2021-06-17 10:16:53,36171.75,0
2021-06-17 10:16:54,36175.8,0
2021-06-17 10:16:55,36174.85,0
2021-06-17 10:16:57,36167.55,0
2021-06-17 10:17:00,36165.4,0
2021-06-17 10:17:01,36167.2,0
2021-06-17 10:17:02,36166.85,0
2021-06-17 10:17:03,36166.95,0
2021-06-17 10:17:05,36172.6,0
2021-06-17 10:17:07,36169.75,0
2021-06-17 10:17:08,36167.8,0
2021-06-17 10:17:09,36169.45,0
2021-06-17 10:17:10,36166.15,0
2021-06-17 10:17:11,36165.6,0
2021-06-17 10:17:12,36169.35,0
2021-06-17 10:17:14,36172.55,0
2021-06-17 10:17:15,36164.6,0
2021-06-17 10:17:16,36166.9,0
2021-06-17 10:17:17,36165.75,0
2021-06-17 10:17:18,36166.0,0
2021-06-17 10:17:19,36171.25,0
2021-06-17 10:17:20,36171.65,0
2021-06-17 10:17:21,36173.5,0
2021-06-17 10:17:22,36170.6,0
2021-06-17 10:17:23,36167.9,0
2021-06-17 10:17:24,36169.3,0
2021-06-17 10:17:25,36170.6,0
2021-06-17 10:17:27,36174.6,0
2021-06-17 10:17:28,36169.5,0
2021-06-17 10:17:29,36169.4,0
2021-06-17 10:17:30,36173.2,0
2021-06-17 10:17:31,36169.45,0
2021-06-17 10:17:32,36171.05,0
2021-06-17 10:17:33,36171.45,0
2021-06-17 10:17:35,36173.0,0
2021-06-17 10:17:36,36176.95,0
2021-06-17 10:17:37,36177.6,0
2021-06-17 10:17:38,36174.8,0
2021-06-17 10:17:39,36173.25,0
2021-06-17 10:17:41,36174.4,0
2021-06-17 10:17:42,36176.5,0
2021-06-17 10:17:45,36176.35,0
2021-06-17 10:17:46,36175.8,0
2021-06-17 10:17:47,36175.85,0
2021-06-17 10:17:49,36173.8,0
2021-06-17 10:17:50,36180.45,0
2021-06-17 10:17:53,36176.9,0
2021-06-17 10:17:55,36178.75,0
2021-06-17 10:17:56,36176.0,0
2021-06-17 10:17:57,36176.55,0
2021-06-17 10:17:58,36177.15,0
2021-06-17 10:17:59,36176.7,0
2021-06-17 10:18:00,36174.0,0
2021-06-17 10:18:01,36174.85,0
2021-06-17 10:18:02,36171.2,0
2021-06-17 10:18:03,36172.95,0
2021-06-17 10:18:04,36169.3,0
2021-06-17 10:18:05,36170.7,0
2021-06-17 10:18:06,36169.75,0
2021-06-17 10:18:07,36170.1,0
2021-06-17 10:18:08,36169.45,0
2021-06-17 10:18:09,36167.8,0
2021-06-17 10:18:10,36173.1,0
2021-06-17 10:18:12,36172.3,0
2021-06-17 10:18:14,36174.8,0
2021-06-17 10:18:15,36172.5,0
2021-06-17 10:18:16,36176.7,0
2021-06-17 10:18:17,36173.6,0
2021-06-17 10:18:18,36175.3,0
2021-06-17 10:18:19,36171.1,0
2021-06-17 10:18:20,36171.65,0
2021-06-17 10:18:21,36171.75,0
2021-06-17 10:18:22,36174.4,0
2021-06-17 10:18:25,36173.95,0
2021-06-17 10:18:26,36171.95,0
2021-06-17 10:18:27,36164.05,0
2021-06-17 10:18:28,36167.25,0
2021-06-17 10:18:29,36167.9,0
2021-06-17 10:18:30,36172.45,0
2021-06-17 10:18:31,36168.6,0
2021-06-17 10:18:32,36167.9,0
2021-06-17 10:18:33,36171.95,0
2021-06-17 10:18:34,36169.7,0
2021-06-17 10:18:35,36169.1,0
2021-06-17 10:18:36,36164.5,0
2021-06-17 10:18:37,36167.7,0
2021-06-17 10:18:38,36175.05,0
2021-06-17 10:18:39,36170.65,0
2021-06-17 10:18:40,36170.7,0
2021-06-17 10:18:41,36169.55,0
2021-06-17 10:18:42,36169.95,0
2021-06-17 10:18:43,36170.85,0
2021-06-17 10:18:45,36173.9,0
2021-06-17 10:18:46,36167.85,0
2021-06-17 10:18:47,36167.4,0
2021-06-17 10:18:48,36173.05,0
2021-06-17 10:18:49,36164.7,0
2021-06-17 10:18:51,36169.3,0
2021-06-17 10:18:52,36165.35,0
2021-06-17 10:18:53,36169.95,0
2021-06-17 10:18:54,36167.9,0
2021-06-17 10:18:55,36170.2,0
2021-06-17 10:18:56,36165.15,0
2021-06-17 10:18:57,36164.15,0
2021-06-17 10:18:58,36165.3,0
2021-06-17 10:18:59,36167.4,0
2021-06-17 10:19:00,36166.2,0
2021-06-17 10:19:01,36162.3,0
2021-06-17 10:19:02,36167.0,0
2021-06-17 10:19:03,36167.4,0
2021-06-17 10:19:04,36165.75,0
2021-06-17 10:19:05,36163.0,0
2021-06-17 10:19:06,36170.25,0
2021-06-17 10:19:07,36166.5,0
2021-06-17 10:19:08,36162.55,0
2021-06-17 10:19:09,36165.55,0
2021-06-17 10:19:10,36167.6,0
2021-06-17 10:19:11,36169.55,0
2021-06-17 10:19:12,36168.15,0
2021-06-17 10:19:13,36166.25,0
2021-06-17 10:19:14,36164.45,0
2021-06-17 10:19:15,36166.4,0
2021-06-17 10:19:16,36167.45,0
2021-06-17 10:19:17,36170.4,0
2021-06-17 10:19:19,36167.3,0
2021-06-17 10:19:20,36165.7,0
2021-06-17 10:19:21,36171.9,0
2021-06-17 10:19:22,36171.3,0
2021-06-17 10:19:23,36172.9,0
2021-06-17 10:19:24,36172.9,0
2021-06-17 10:19:25,36172.55,0
2021-06-17 10:19:26,36172.45,0
2021-06-17 10:19:28,36168.2,0
2021-06-17 10:19:29,36166.5,0
2021-06-17 10:19:30,36171.35,0
2021-06-17 10:19:31,36168.95,0
2021-06-17 10:19:32,36170.1,0
2021-06-17 10:19:33,36170.35,0
2021-06-17 10:19:35,36171.4,0
2021-06-17 10:19:36,36170.45,0
2021-06-17 10:19:37,36168.75,0
2021-06-17 10:19:38,36171.2,0
2021-06-17 10:19:39,36174.65,0
2021-06-17 10:19:40,36173.1,0
2021-06-17 10:19:41,36172.85,0
2021-06-17 10:19:44,36169.85,0
2021-06-17 10:19:46,36166.7,0
2021-06-17 10:19:48,36167.3,0
2021-06-17 10:19:50,36168.7,0
2021-06-17 10:19:51,36171.45,0
2021-06-17 10:19:52,36171.8,0
2021-06-17 10:19:53,36172.0,0
2021-06-17 10:19:54,36169.05,0
2021-06-17 10:19:55,36166.15,0
2021-06-17 10:19:56,36169.4,0
2021-06-17 10:19:58,36169.0,0
2021-06-17 10:19:59,36170.8,0
2021-06-17 10:20:00,36169.65,0
2021-06-17 10:20:01,36170.2,0
2021-06-17 10:20:02,36170.2,0
2021-06-17 10:20:03,36170.1,0
2021-06-17 10:20:04,36170.85,0
2021-06-17 10:20:05,36168.85,0
2021-06-17 10:20:06,36167.15,0
2021-06-17 10:20:07,36171.25,0
2021-06-17 10:20:08,36168.4,0
2021-06-17 10:20:10,36168.65,0
2021-06-17 10:20:11,36171.55,0
2021-06-17 10:20:12,36169.6,0
2021-06-17 10:20:14,36167.6,0
2021-06-17 10:20:15,36171.95,0
2021-06-17 10:20:17,36171.95,0
2021-06-17 10:20:18,36168.9,0
2021-06-17 10:20:19,36166.2,0
2021-06-17 10:20:20,36169.8,0
2021-06-17 10:20:21,36167.25,0
2021-06-17 10:20:22,36171.0,0
2021-06-17 10:20:23,36168.2,0
2021-06-17 10:20:24,36165.65,0
2021-06-17 10:20:25,36169.15,0
2021-06-17 10:20:26,36165.2,0
2021-06-17 10:20:27,36167.3,0
2021-06-17 10:20:28,36170.25,0
2021-06-17 10:20:29,36169.6,0
2021-06-17 10:20:31,36161.6,0
2021-06-17 10:20:32,36166.35,0
2021-06-17 10:20:33,36166.6,0
2021-06-17 10:20:34,36163.4,0
2021-06-17 10:20:35,36163.55,0
2021-06-17 10:20:36,36168.5,0
2021-06-17 10:20:37,36171.4,0
2021-06-17 10:20:38,36170.85,0
2021-06-17 10:20:39,36164.85,0
2021-06-17 10:20:40,36165.15,0
2021-06-17 10:20:41,36167.8,0
2021-06-17 10:20:42,36171.05,0
2021-06-17 10:20:44,36171.75,0
2021-06-17 10:20:45,36171.8,0
2021-06-17 10:20:46,36173.9,0
2021-06-17 10:20:48,36166.9,0
2021-06-17 10:20:49,36170.75,0
2021-06-17 10:20:50,36168.15,0
2021-06-17 10:20:51,36165.7,0
2021-06-17 10:20:52,36167.05,0
2021-06-17 10:20:53,36166.6,0
2021-06-17 10:20:54,36167.1,0
2021-06-17 10:20:56,36165.7,0
2021-06-17 10:20:57,36172.15,0
2021-06-17 10:20:58,36168.6,0
2021-06-17 10:20:59,36171.65,0
2021-06-17 10:21:00,36169.95,0
2021-06-17 10:21:01,36170.05,0
2021-06-17 10:21:02,36169.6,0
2021-06-17 10:21:03,36170.05,0
2021-06-17 10:21:04,36173.7,0
2021-06-17 10:21:05,36174.75,0
2021-06-17 10:21:06,36173.15,0
2021-06-17 10:21:07,36172.85,0
2021-06-17 10:21:08,36172.9,0
2021-06-17 10:21:09,36173.8,0
2021-06-17 10:21:10,36175.95,0
2021-06-17 10:21:14,36174.45,0
2021-06-17 10:21:16,36171.25,0
2021-06-17 10:21:17,36171.7,0
2021-06-17 10:21:18,36172.15,0
2021-06-17 10:21:19,36170.95,0
2021-06-17 10:21:20,36170.05,0
2021-06-17 10:21:21,36174.25,0
2021-06-17 10:21:23,36176.2,0
2021-06-17 10:21:24,36174.7,0
2021-06-17 10:21:25,36172.0,0
2021-06-17 10:21:26,36168.1,0
2021-06-17 10:21:27,36169.7,0
2021-06-17 10:21:29,36171.8,0
2021-06-17 10:21:30,36171.3,0
2021-06-17 10:21:31,36171.0,0
2021-06-17 10:21:32,36172.4,0
2021-06-17 10:21:33,36171.9,0
2021-06-17 10:21:34,36175.55,0
2021-06-17 10:21:35,36175.6,0
2021-06-17 10:21:36,36175.45,0
2021-06-17 10:21:37,36177.3,0
2021-06-17 10:21:38,36173.3,0
2021-06-17 10:21:39,36174.5,0
2021-06-17 10:21:40,36179.05,0
2021-06-17 10:21:41,36174.15,0
2021-06-17 10:21:42,36175.95,0
2021-06-17 10:21:43,36173.5,0
2021-06-17 10:21:44,36173.95,0
2021-06-17 10:21:46,36177.15,0
2021-06-17 10:21:47,36176.35,0
2021-06-17 10:21:48,36176.5,0
2021-06-17 10:21:49,36177.05,0
2021-06-17 10:21:50,36173.6,0
2021-06-17 10:21:51,36175.0,0
2021-06-17 10:21:52,36176.5,0
2021-06-17 10:21:53,36174.2,0
2021-06-17 10:21:54,36182.25,0
2021-06-17 10:21:55,36184.95,0
2021-06-17 10:21:56,36183.45,0
2021-06-17 10:21:57,36174.85,0
2021-06-17 10:21:58,36176.3,0
2021-06-17 10:21:59,36177.9,0
2021-06-17 10:22:00,36179.75,0
2021-06-17 10:22:01,36175.3,0
2021-06-17 10:22:02,36178.4,0
2021-06-17 10:22:04,36174.8,0
2021-06-17 10:22:05,36176.25,0
2021-06-17 10:22:06,36173.0,0
2021-06-17 10:22:07,36174.95,0
2021-06-17 10:22:08,36174.4,0
2021-06-17 10:22:09,36177.5,0
2021-06-17 10:22:10,36181.95,0
2021-06-17 10:22:11,36178.6,0
2021-06-17 10:22:13,36177.4,0
2021-06-17 10:22:14,36177.7,0
2021-06-17 10:22:15,36176.05,0
2021-06-17 10:22:16,36172.25,0
2021-06-17 10:22:17,36171.1,0
2021-06-17 10:22:18,36170.2,0
2021-06-17 10:22:19,36173.95,0
2021-06-17 10:22:20,36174.4,0
2021-06-17 10:22:21,36172.4,0
2021-06-17 10:22:22,36169.9,0
2021-06-17 10:22:23,36171.45,0
2021-06-17 10:22:24,36171.05,0
2021-06-17 10:22:25,36173.2,0
2021-06-17 10:22:26,36169.15,0
2021-06-17 10:22:27,36167.85,0
2021-06-17 10:22:29,36167.55,0
2021-06-17 10:22:30,36169.65,0
2021-06-17 10:22:31,36168.4,0
2021-06-17 10:22:32,36168.35,0
2021-06-17 10:22:33,36169.9,0
2021-06-17 10:22:35,36177.3,0
2021-06-17 10:22:36,36176.25,0
2021-06-17 10:22:37,36177.2,0
2021-06-17 10:22:38,36176.3,0
2021-06-17 10:22:39,36175.7,0
2021-06-17 10:22:40,36173.15,0
2021-06-17 10:22:41,36173.5,0
2021-06-17 10:22:42,36170.05,0
2021-06-17 10:22:44,36169.05,0
2021-06-17 10:22:45,36170.75,0
2021-06-17 10:22:46,36170.55,0
2021-06-17 10:22:47,36176.65,0
2021-06-17 10:22:48,36171.7,0
2021-06-17 10:22:49,36168.5,0
2021-06-17 10:22:50,36172.45,0
2021-06-17 10:22:51,36172.25,0
2021-06-17 10:22:52,36167.75,0
2021-06-17 10:22:53,36167.75,0
2021-06-17 10:22:54,36166.2,0
2021-06-17 10:22:55,36168.1,0
2021-06-17 10:22:56,36164.7,0
2021-06-17 10:22:57,36163.75,0
2021-06-17 10:22:58,36164.65,0
2021-06-17 10:22:59,36163.85,0
2021-06-17 10:23:00,36163.35,0
2021-06-17 10:23:02,36165.85,0
2021-06-17 10:23:03,36164.25,0
2021-06-17 10:23:04,36160.2,0
2021-06-17 10:23:06,36163.85,0
2021-06-17 10:23:07,36163.7,0
2021-06-17 10:23:08,36162.25,0
2021-06-17 10:23:09,36161.55,0
2021-06-17 10:23:10,36161.7,0
2021-06-17 10:23:12,36163.45,0
2021-06-17 10:23:13,36168.05,0
2021-06-17 10:23:14,36169.9,0
2021-06-17 10:23:15,36170.1,0
2021-06-17 10:23:16,36167.55,0
2021-06-17 10:23:17,36169.15,0
2021-06-17 10:23:18,36166.55,0
2021-06-17 10:23:21,36165.6,0
2021-06-17 10:23:22,36167.4,0
2021-06-17 10:23:23,36170.5,0
2021-06-17 10:23:24,36166.9,0
2021-06-17 10:23:25,36171.2,0
2021-06-17 10:23:26,36163.35,0
2021-06-17 10:23:29,36170.0,0
2021-06-17 10:23:30,36169.9,0
2021-06-17 10:23:31,36172.5,0
2021-06-17 10:23:32,36167.9,0
2021-06-17 10:23:33,36163.55,0
2021-06-17 10:23:34,36168.0,0
2021-06-17 10:23:35,36177.0,0
2021-06-17 10:23:37,36171.65,0
2021-06-17 10:23:38,36174.8,0
2021-06-17 10:23:39,36171.45,0
2021-06-17 10:23:40,36175.2,0
2021-06-17 10:23:41,36169.2,0
2021-06-17 10:23:42,36167.75,0
2021-06-17 10:23:43,36166.75,0
2021-06-17 10:23:44,36169.3,0
2021-06-17 10:23:45,36170.3,0
2021-06-17 10:23:47,36169.85,0
2021-06-17 10:23:48,36174.3,0
2021-06-17 10:23:49,36169.65,0
2021-06-17 10:23:50,36172.75,0
2021-06-17 10:23:51,36174.1,0
2021-06-17 10:23:52,36172.1,0
2021-06-17 10:23:54,36170.25,0
2021-06-17 10:23:55,36172.7,0
2021-06-17 10:23:56,36171.9,0
2021-06-17 10:23:57,36171.65,0
2021-06-17 10:23:58,36171.55,0
2021-06-17 10:23:59,36174.35,0
2021-06-17 10:24:00,36173.7,0
2021-06-17 10:24:01,36171.85,0
2021-06-17 10:24:02,36172.9,0
2021-06-17 10:24:03,36175.2,0
2021-06-17 10:24:04,36174.85,0
2021-06-17 10:24:07,36172.0,0
2021-06-17 10:24:08,36172.7,0
2021-06-17 10:24:09,36172.5,0
2021-06-17 10:24:11,36173.3,0
2021-06-17 10:24:12,36172.95,0
2021-06-17 10:24:13,36176.2,0
2021-06-17 10:24:15,36176.7,0
2021-06-17 10:24:16,36173.55,0
2021-06-17 10:24:17,36176.9,0
2021-06-17 10:24:18,36172.75,0
2021-06-17 10:24:19,36176.9,0
2021-06-17 10:24:20,36173.75,0
2021-06-17 10:24:21,36174.2,0
2021-06-17 10:24:23,36171.0,0
2021-06-17 10:24:24,36173.95,0
2021-06-17 10:24:25,36176.45,0
2021-06-17 10:24:26,36172.65,0
2021-06-17 10:24:27,36171.7,0
2021-06-17 10:24:28,36175.0,0
2021-06-17 10:24:29,36175.5,0
2021-06-17 10:24:30,36172.65,0
2021-06-17 10:24:31,36174.5,0
2021-06-17 10:24:32,36177.45,0
2021-06-17 10:24:33,36174.85,0
2021-06-17 10:24:34,36177.05,0
2021-06-17 10:24:35,36176.6,0
2021-06-17 10:24:36,36181.65,0
2021-06-17 10:24:37,36181.35,0
2021-06-17 10:24:38,36182.55,0
2021-06-17 10:24:39,36182.55,0
2021-06-17 10:24:40,36179.0,0
2021-06-17 10:24:42,36177.0,0
2021-06-17 10:24:44,36175.8,0
2021-06-17 10:24:45,36177.5,0
2021-06-17 10:24:46,36175.85,0
2021-06-17 10:24:47,36175.0,0
2021-06-17 10:24:48,36174.65,0
2021-06-17 10:24:49,36178.4,0
2021-06-17 10:24:50,36176.75,0
2021-06-17 10:24:51,36179.5,0
2021-06-17 10:24:52,36179.55,0
2021-06-17 10:24:53,36179.3,0
2021-06-17 10:24:54,36179.2,0
2021-06-17 10:24:55,36181.65,0
2021-06-17 10:24:56,36179.55,0
2021-06-17 10:24:57,36181.8,0
2021-06-17 10:24:58,36179.95,0
2021-06-17 10:24:59,36178.05,0
2021-06-17 10:25:00,36181.05,0
