timestamp,ltp,volume
2021-06-24 09:34:39,15750.1,0
2021-06-24 09:34:40,15750.85,0
2021-06-24 09:34:41,15750.75,0
2021-06-24 09:34:42,15750.9,0
2021-06-24 09:34:43,15750.9,0
2021-06-24 09:34:44,15750.45,0
2021-06-24 09:34:46,15750.4,0
2021-06-24 09:34:47,15750.65,0
2021-06-24 09:34:48,15750.8,0
2021-06-24 09:34:50,15750.7,0
2021-06-24 09:34:51,15751.35,0
2021-06-24 09:34:52,15751.55,0
2021-06-24 09:34:53,15751.65,0
2021-06-24 09:34:55,15751.1,0
2021-06-24 09:34:56,15750.75,0
2021-06-24 09:34:57,15751.4,0
2021-06-24 09:34:58,15752.05,0
2021-06-24 09:34:59,15752.15,0
2021-06-24 09:35:00,15751.05,0
2021-06-24 09:35:01,15751.65,0
2021-06-24 09:35:02,15751.75,0
2021-06-24 09:35:03,15752.3,0
2021-06-24 09:35:04,15752.1,0
2021-06-24 09:35:05,15752.75,0
2021-06-24 09:35:06,15751.7,0
2021-06-24 09:35:08,15752.9,0
2021-06-24 09:35:09,15751.7,0
2021-06-24 09:35:10,15751.15,0
2021-06-24 09:35:11,15751.85,0
2021-06-24 09:35:12,15752.65,0
2021-06-24 09:35:13,15751.45,0
2021-06-24 09:35:14,15751.1,0
2021-06-24 09:35:15,15751.5,0
2021-06-24 09:35:16,15751.5,0
2021-06-24 09:35:18,15751.15,0
2021-06-24 09:35:20,15750.75,0
2021-06-24 09:35:21,15751.0,0
2021-06-24 09:35:22,15751.15,0
2021-06-24 09:35:23,15750.8,0
2021-06-24 09:35:24,15750.15,0
2021-06-24 09:35:26,15750.2,0
2021-06-24 09:35:27,15750.0,0
2021-06-24 09:35:28,15749.75,0
2021-06-24 09:35:29,15749.85,0
2021-06-24 09:35:30,15749.7,0
2021-06-24 09:35:31,15749.35,0
2021-06-24 09:35:32,15749.7,0
2021-06-24 09:35:33,15749.95,0
2021-06-24 09:35:35,15749.9,0
2021-06-24 09:35:37,15750.0,0
2021-06-24 09:35:38,15750.35,0
2021-06-24 09:35:39,15749.85,0
2021-06-24 09:35:40,15749.35,0
2021-06-24 09:35:41,15748.8,0
2021-06-24 09:35:42,15748.3,0
2021-06-24 09:35:43,15748.25,0
2021-06-24 09:35:44,15747.2,0
2021-06-24 09:35:46,15747.9,0
2021-06-24 09:35:47,15747.35,0
2021-06-24 09:35:48,15747.25,0
2021-06-24 09:35:49,15746.5,0
2021-06-24 09:35:50,15746.1,0
2021-06-24 09:35:51,15745.7,0
2021-06-24 09:35:52,15746.45,0
2021-06-24 09:35:53,15745.6,0
2021-06-24 09:35:54,15746.7,0
2021-06-24 09:35:55,15746.15,0
2021-06-24 09:35:56,15746.3,0
2021-06-24 09:35:57,15746.2,0
2021-06-24 09:35:58,15745.7,0
2021-06-24 09:35:59,15745.6,0
2021-06-24 09:36:00,15745.35,0
2021-06-24 09:36:01,15745.75,0
2021-06-24 09:36:02,15745.05,0
2021-06-24 09:36:03,15745.8,0
2021-06-24 09:36:04,15746.7,0
2021-06-24 09:36:05,15746.4,0
2021-06-24 09:36:06,15745.75,0
2021-06-24 09:36:07,15746.5,0
2021-06-24 09:36:08,15747.05,0
2021-06-24 09:36:09,15747.05,0
2021-06-24 09:36:10,15746.95,0
2021-06-24 09:36:11,15747.65,0
2021-06-24 09:36:12,15747.1,0
2021-06-24 09:36:13,15747.25,0
2021-06-24 09:36:14,15747.45,0
2021-06-24 09:36:15,15747.45,0
2021-06-24 09:36:16,15747.55,0
2021-06-24 09:36:17,15747.4,0
2021-06-24 09:36:18,15747.2,0
2021-06-24 09:36:19,15746.8,0
2021-06-24 09:36:20,15747.2,0
2021-06-24 09:36:21,15747.0,0
2021-06-24 09:36:22,15746.9,0
2021-06-24 09:36:23,15746.75,0
2021-06-24 09:36:24,15746.9,0
2021-06-24 09:36:26,15746.7,0
2021-06-24 09:36:27,15746.85,0
2021-06-24 09:36:28,15746.25,0
2021-06-24 09:36:29,15747.2,0
2021-06-24 09:36:30,15746.85,0
2021-06-24 09:36:31,15746.8,0
2021-06-24 09:36:32,15747.2,0
2021-06-24 09:36:33,15747.3,0
2021-06-24 09:36:34,15746.5,0
2021-06-24 09:36:35,15746.6,0
2021-06-24 09:36:36,15746.25,0
2021-06-24 09:36:37,15745.75,0
2021-06-24 09:36:38,15746.45,0
2021-06-24 09:36:39,15746.45,0
2021-06-24 09:36:40,15746.4,0
2021-06-24 09:36:41,15746.15,0
2021-06-24 09:36:42,15746.4,0
2021-06-24 09:36:44,15746.6,0
2021-06-24 09:36:45,15746.0,0
2021-06-24 09:36:46,15745.95,0
2021-06-24 09:36:47,15746.2,0
2021-06-24 09:36:48,15746.2,0
2021-06-24 09:36:49,15747.15,0
2021-06-24 09:36:51,15746.35,0
2021-06-24 09:36:52,15747.1,0
2021-06-24 09:36:53,15746.8,0
2021-06-24 09:36:54,15745.95,0
2021-06-24 09:36:55,15745.95,0
2021-06-24 09:36:56,15745.4,0
2021-06-24 09:36:57,15744.65,0
2021-06-24 09:36:58,15744.8,0
2021-06-24 09:36:59,15744.05,0
2021-06-24 09:37:00,15743.75,0
2021-06-24 09:37:01,15744.6,0
2021-06-24 09:37:02,15744.3,0
2021-06-24 09:37:03,15743.65,0
2021-06-24 09:37:04,15743.45,0
2021-06-24 09:37:06,15743.65,0
2021-06-24 09:37:07,15744.1,0
2021-06-24 09:37:08,15744.1,0
2021-06-24 09:37:09,15744.5,0
2021-06-24 09:37:10,15743.95,0
2021-06-24 09:37:11,15743.75,0
2021-06-24 09:37:13,15743.75,0
2021-06-24 09:37:14,15743.05,0
2021-06-24 09:37:15,15742.9,0
2021-06-24 09:37:16,15742.5,0
2021-06-24 09:37:17,15742.85,0
2021-06-24 09:37:19,15743.05,0
2021-06-24 09:37:20,15743.15,0
2021-06-24 09:37:22,15743.45,0
2021-06-24 09:37:23,15743.0,0
2021-06-24 09:37:25,15743.35,0
2021-06-24 09:37:26,15742.65,0
2021-06-24 09:37:27,15743.2,0
2021-06-24 09:37:30,15743.95,0
2021-06-24 09:37:31,15744.05,0
2021-06-24 09:37:32,15743.55,0
2021-06-24 09:37:33,15744.05,0
2021-06-24 09:37:34,15744.35,0
2021-06-24 09:37:35,15744.3,0
2021-06-24 09:37:36,15744.2,0
2021-06-24 09:37:38,15743.75,0
2021-06-24 09:37:39,15744.55,0
2021-06-24 09:37:40,15743.15,0
2021-06-24 09:37:41,15744.45,0
2021-06-24 09:37:42,15744.0,0
2021-06-24 09:37:43,15744.05,0
2021-06-24 09:37:44,15743.75,0
2021-06-24 09:37:45,15743.8,0
2021-06-24 09:37:48,15743.95,0
2021-06-24 09:37:49,15744.0,0
2021-06-24 09:37:50,15744.05,0
2021-06-24 09:37:52,15743.75,0
2021-06-24 09:37:53,15743.45,0
2021-06-24 09:37:54,15743.4,0
2021-06-24 09:37:55,15743.65,0
2021-06-24 09:37:56,15743.7,0
2021-06-24 09:37:57,15744.5,0
2021-06-24 09:37:58,15744.65,0
2021-06-24 09:37:59,15744.9,0
2021-06-24 09:38:01,15745.1,0
2021-06-24 09:38:02,15745.6,0
2021-06-24 09:38:03,15746.0,0
2021-06-24 09:38:04,15746.0,0
2021-06-24 09:38:05,15746.0,0
2021-06-24 09:38:06,15745.5,0
2021-06-24 09:38:07,15746.35,0
2021-06-24 09:38:08,15746.65,0
2021-06-24 09:38:09,15747.1,0
2021-06-24 09:38:10,15747.35,0
2021-06-24 09:38:11,15747.05,0
2021-06-24 09:38:12,15747.8,0
2021-06-24 09:38:13,15749.2,0
2021-06-24 09:38:14,15749.4,0
2021-06-24 09:38:15,15749.7,0
2021-06-24 09:38:16,15747.95,0
2021-06-24 09:38:17,15749.45,0
2021-06-24 09:38:18,15750.05,0
2021-06-24 09:38:19,15749.4,0
2021-06-24 09:38:20,15750.3,0
2021-06-24 09:38:21,15750.8,0
2021-06-24 09:38:22,15750.75,0
2021-06-24 09:38:23,15751.05,0
2021-06-24 09:38:24,15751.05,0
2021-06-24 09:38:25,15751.1,0
2021-06-24 09:38:26,15751.65,0
2021-06-24 09:38:27,15751.8,0
2021-06-24 09:38:28,15752.25,0
2021-06-24 09:38:30,15753.0,0
2021-06-24 09:38:31,15752.65,0
2021-06-24 09:38:32,15752.7,0
2021-06-24 09:38:33,15753.4,0
2021-06-24 09:38:34,15753.85,0
2021-06-24 09:38:35,15753.65,0
2021-06-24 09:38:36,15753.6,0
2021-06-24 09:38:37,15753.55,0
2021-06-24 09:38:38,15753.2,0
2021-06-24 09:38:39,15753.75,0
2021-06-24 09:38:40,15753.6,0
2021-06-24 09:38:41,15753.6,0
2021-06-24 09:38:42,15753.7,0
2021-06-24 09:38:43,15751.45,0
2021-06-24 09:38:44,15751.1,0
2021-06-24 09:38:45,15751.0,0
2021-06-24 09:38:46,15751.2,0
2021-06-24 09:38:47,15751.7,0
2021-06-24 09:38:48,15751.7,0
2021-06-24 09:38:49,15751.4,0
2021-06-24 09:38:50,15752.25,0
2021-06-24 09:38:51,15752.25,0
2021-06-24 09:38:52,15752.45,0
2021-06-24 09:38:53,15752.15,0
2021-06-24 09:38:54,15753.25,0
2021-06-24 09:38:55,15752.95,0
2021-06-24 09:38:56,15752.8,0
2021-06-24 09:38:57,15752.85,0
2021-06-24 09:38:58,15752.8,0
2021-06-24 09:38:59,15753.35,0
2021-06-24 09:39:00,15753.75,0
2021-06-24 09:39:02,15753.35,0
2021-06-24 09:39:03,15754.5,0
2021-06-24 09:39:04,15754.6,0
2021-06-24 09:39:05,15755.1,0
2021-06-24 09:39:08,15756.3,0
2021-06-24 09:39:09,15756.15,0
2021-06-24 09:39:11,15756.7,0
2021-06-24 09:39:12,15756.15,0
2021-06-24 09:39:13,15756.05,0
2021-06-24 09:39:14,15756.35,0
2021-06-24 09:39:15,15756.65,0
2021-06-24 09:39:16,15756.4,0
2021-06-24 09:39:17,15755.8,0
2021-06-24 09:39:18,15756.5,0
2021-06-24 09:39:19,15755.85,0
2021-06-24 09:39:20,15756.8,0
2021-06-24 09:39:21,15755.4,0
2021-06-24 09:39:22,15755.65,0
2021-06-24 09:39:23,15755.65,0
2021-06-24 09:39:24,15756.4,0
2021-06-24 09:39:25,15756.1,0
2021-06-24 09:39:26,15756.6,0
2021-06-24 09:39:27,15757.05,0
2021-06-24 09:39:28,15757.5,0
2021-06-24 09:39:29,15757.2,0
2021-06-24 09:39:30,15756.3,0
2021-06-24 09:39:31,15756.55,0
2021-06-24 09:39:32,15756.7,0
2021-06-24 09:39:33,15756.65,0
2021-06-24 09:39:34,15757.05,0
2021-06-24 09:39:35,15755.5,0
2021-06-24 09:39:36,15756.0,0
2021-06-24 09:39:37,15756.4,0
2021-06-24 09:39:38,15755.6,0
2021-06-24 09:39:39,15756.0,0
2021-06-24 09:39:40,15755.95,0
2021-06-24 09:39:42,15756.7,0
2021-06-24 09:39:43,15757.45,0
2021-06-24 09:39:44,15756.4,0
2021-06-24 09:39:45,15756.3,0
2021-06-24 09:39:46,15756.35,0
2021-06-24 09:39:47,15757.55,0
2021-06-24 09:39:48,15757.2,0
2021-06-24 09:39:49,15757.2,0
2021-06-24 09:39:50,15758.0,0
2021-06-24 09:39:51,15758.0,0
2021-06-24 09:39:52,15757.9,0
2021-06-24 09:39:53,15758.65,0
2021-06-24 09:39:54,15758.7,0
2021-06-24 09:39:56,15758.9,0
2021-06-24 09:39:57,15760.1,0
2021-06-24 09:39:58,15759.3,0
2021-06-24 09:39:59,15759.45,0
2021-06-24 09:40:00,15759.9,0
2021-06-24 09:40:01,15758.75,0
2021-06-24 09:40:02,15759.15,0
2021-06-24 09:40:03,15759.8,0
2021-06-24 09:40:04,15758.25,0
2021-06-24 09:40:05,15758.95,0
2021-06-24 09:40:06,15758.1,0
2021-06-24 09:40:07,15758.65,0
2021-06-24 09:40:08,15758.85,0
2021-06-24 09:40:09,15758.35,0
2021-06-24 09:40:11,15758.05,0
2021-06-24 09:40:12,15757.9,0
2021-06-24 09:40:13,15757.55,0
2021-06-24 09:40:14,15757.85,0
2021-06-24 09:40:15,15757.8,0
2021-06-24 09:40:17,15758.3,0
2021-06-24 09:40:18,15757.75,0
2021-06-24 09:40:19,15757.1,0
2021-06-24 09:40:20,15757.0,0
2021-06-24 09:40:21,15757.05,0
2021-06-24 09:40:22,15757.4,0
2021-06-24 09:40:23,15757.05,0
2021-06-24 09:40:24,15756.45,0
2021-06-24 09:40:25,15756.5,0
2021-06-24 09:40:26,15756.8,0
2021-06-24 09:40:27,15756.65,0
2021-06-24 09:40:28,15756.5,0
2021-06-24 09:40:29,15756.0,0
2021-06-24 09:40:30,15756.25,0
2021-06-24 09:40:31,15756.25,0
2021-06-24 09:40:32,15755.95,0
2021-06-24 09:40:33,15755.35,0
2021-06-24 09:40:34,15756.0,0
2021-06-24 09:40:35,15755.35,0
2021-06-24 09:40:36,15755.25,0
2021-06-24 09:40:37,15754.6,0
2021-06-24 09:40:38,15755.0,0
2021-06-24 09:40:39,15754.7,0
2021-06-24 09:40:40,15754.25,0
2021-06-24 09:40:41,15755.0,0
2021-06-24 09:40:42,15755.4,0
2021-06-24 09:40:43,15755.4,0
2021-06-24 09:40:44,15755.7,0
2021-06-24 09:40:45,15755.35,0
2021-06-24 09:40:46,15754.95,0
2021-06-24 09:40:48,15755.95,0
2021-06-24 09:40:49,15755.8,0
2021-06-24 09:40:50,15754.95,0
2021-06-24 09:40:51,15754.35,0
2021-06-24 09:40:52,15755.3,0
2021-06-24 09:40:53,15755.8,0
2021-06-24 09:40:54,15755.85,0
2021-06-24 09:40:55,15756.05,0
2021-06-24 09:40:56,15756.15,0
2021-06-24 09:40:57,15756.4,0
2021-06-24 09:40:58,15755.25,0
2021-06-24 09:40:59,15757.0,0
2021-06-24 09:41:01,15756.65,0
2021-06-24 09:41:02,15757.05,0
2021-06-24 09:41:03,15756.65,0
2021-06-24 09:41:04,15756.6,0
2021-06-24 09:41:05,15756.8,0
2021-06-24 09:41:06,15756.8,0
2021-06-24 09:41:07,15757.55,0
2021-06-24 09:41:08,15757.6,0
2021-06-24 09:41:09,15757.25,0
2021-06-24 09:41:10,15756.9,0
2021-06-24 09:41:11,15757.7,0
2021-06-24 09:41:13,15757.65,0
2021-06-24 09:41:14,15757.75,0
2021-06-24 09:41:15,15757.35,0
2021-06-24 09:41:17,15758.5,0
2021-06-24 09:41:18,15758.4,0
2021-06-24 09:41:19,15758.45,0
2021-06-24 09:41:20,15757.75,0
2021-06-24 09:41:21,15757.9,0
2021-06-24 09:41:22,15757.6,0
2021-06-24 09:41:24,15757.05,0
2021-06-24 09:41:25,15756.85,0
2021-06-24 09:41:26,15757.6,0
2021-06-24 09:41:27,15755.65,0
2021-06-24 09:41:28,15755.65,0
2021-06-24 09:41:29,15756.95,0
2021-06-24 09:41:30,15755.4,0
2021-06-24 09:41:31,15755.6,0
2021-06-24 09:41:32,15756.35,0
2021-06-24 09:41:33,15756.3,0
2021-06-24 09:41:34,15756.9,0
2021-06-24 09:41:35,15756.65,0
2021-06-24 09:41:36,15756.5,0
2021-06-24 09:41:37,15756.95,0
2021-06-24 09:41:38,15757.8,0
2021-06-24 09:41:39,15756.4,0
2021-06-24 09:41:40,15757.85,0
2021-06-24 09:41:41,15756.95,0
2021-06-24 09:41:42,15756.6,0
2021-06-24 09:41:43,15756.45,0
2021-06-24 09:41:44,15756.75,0
2021-06-24 09:41:45,15756.8,0
2021-06-24 09:41:46,15756.85,0
2021-06-24 09:41:47,15756.7,0
2021-06-24 09:41:48,15757.0,0
2021-06-24 09:41:49,15756.1,0
2021-06-24 09:41:50,15756.7,0
2021-06-24 09:41:51,15755.9,0
2021-06-24 09:41:52,15756.1,0
2021-06-24 09:41:53,15755.85,0
2021-06-24 09:41:54,15755.85,0
2021-06-24 09:41:55,15755.7,0
2021-06-24 09:41:56,15755.85,0
2021-06-24 09:41:57,15756.35,0
2021-06-24 09:41:58,15755.75,0
2021-06-24 09:41:59,15756.1,0
2021-06-24 09:42:01,15755.7,0
2021-06-24 09:42:02,15756.45,0
2021-06-24 09:42:03,15756.15,0
2021-06-24 09:42:04,15756.9,0
2021-06-24 09:42:05,15757.55,0
2021-06-24 09:42:06,15757.85,0
2021-06-24 09:42:07,15757.7,0
2021-06-24 09:42:08,15757.55,0
2021-06-24 09:42:09,15757.8,0
2021-06-24 09:42:11,15757.3,0
2021-06-24 09:42:12,15757.7,0
2021-06-24 09:42:13,15757.1,0
2021-06-24 09:42:14,15757.2,0
2021-06-24 09:42:15,15757.95,0
2021-06-24 09:42:16,15757.95,0
2021-06-24 09:42:17,15758.35,0
2021-06-24 09:42:18,15757.6,0
2021-06-24 09:42:19,15758.6,0
2021-06-24 09:42:22,15758.85,0
2021-06-24 09:42:23,15758.6,0
2021-06-24 09:42:24,15759.25,0
2021-06-24 09:42:25,15759.25,0
2021-06-24 09:42:26,15757.8,0
2021-06-24 09:42:27,15758.3,0
2021-06-24 09:42:28,15758.8,0
2021-06-24 09:42:29,15757.85,0
2021-06-24 09:42:30,15757.9,0
2021-06-24 09:42:31,15757.55,0
2021-06-24 09:42:32,15758.05,0
2021-06-24 09:42:33,15757.95,0
2021-06-24 09:42:34,15757.75,0
2021-06-24 09:42:35,15757.6,0
2021-06-24 09:42:36,15757.85,0
2021-06-24 09:42:37,15757.75,0
2021-06-24 09:42:38,15758.0,0
2021-06-24 09:42:39,15758.0,0
2021-06-24 09:42:40,15758.25,0
2021-06-24 09:42:41,15756.95,0
2021-06-24 09:42:42,15757.05,0
2021-06-24 09:42:43,15756.7,0
2021-06-24 09:42:44,15756.75,0
2021-06-24 09:42:45,15757.6,0
2021-06-24 09:42:46,15757.9,0
2021-06-24 09:42:47,15757.9,0
2021-06-24 09:42:49,15755.9,0
2021-06-24 09:42:50,15757.4,0
2021-06-24 09:42:51,15756.95,0
2021-06-24 09:42:52,15756.55,0
2021-06-24 09:42:53,15756.1,0
2021-06-24 09:42:54,15756.25,0
2021-06-24 09:42:55,15756.45,0
2021-06-24 09:42:56,15756.15,0
2021-06-24 09:42:57,15755.6,0
2021-06-24 09:42:58,15755.95,0
2021-06-24 09:42:59,15755.75,0
2021-06-24 09:43:00,15756.0,0
2021-06-24 09:43:01,15755.75,0
2021-06-24 09:43:02,15756.55,0
2021-06-24 09:43:03,15756.3,0
2021-06-24 09:43:04,15755.9,0
2021-06-24 09:43:05,15755.9,0
2021-06-24 09:43:06,15756.45,0
2021-06-24 09:43:07,15755.9,0
2021-06-24 09:43:08,15756.3,0
2021-06-24 09:43:09,15755.8,0
2021-06-24 09:43:10,15756.05,0
2021-06-24 09:43:11,15756.05,0
2021-06-24 09:43:12,15756.05,0
2021-06-24 09:43:13,15756.65,0
2021-06-24 09:43:14,15756.5,0
2021-06-24 09:43:15,15756.0,0
2021-06-24 09:43:17,15756.55,0
2021-06-24 09:43:18,15756.95,0
2021-06-24 09:43:19,15757.0,0
2021-06-24 09:43:20,15756.95,0
2021-06-24 09:43:21,15756.95,0
2021-06-24 09:43:22,15756.95,0
2021-06-24 09:43:24,15757.3,0
2021-06-24 09:43:26,15757.45,0
2021-06-24 09:43:28,15757.1,0
2021-06-24 09:43:29,15756.15,0
2021-06-24 09:43:30,15756.55,0
2021-06-24 09:43:31,15756.95,0
2021-06-24 09:43:32,15756.7,0
2021-06-24 09:43:33,15757.0,0
2021-06-24 09:43:34,15757.15,0
2021-06-24 09:43:35,15757.15,0
2021-06-24 09:43:37,15757.7,0
2021-06-24 09:43:38,15756.9,0
2021-06-24 09:43:39,15757.35,0
2021-06-24 09:43:40,15757.05,0
2021-06-24 09:43:41,15757.9,0
2021-06-24 09:43:43,15757.5,0
2021-06-24 09:43:44,15757.55,0
2021-06-24 09:43:45,15757.45,0
2021-06-24 09:43:46,15757.9,0
2021-06-24 09:43:47,15757.9,0
2021-06-24 09:43:48,15757.8,0
2021-06-24 09:43:49,15757.8,0
2021-06-24 09:43:50,15757.65,0
2021-06-24 09:43:51,15757.9,0
2021-06-24 09:43:52,15758.5,0
2021-06-24 09:43:53,15758.7,0
2021-06-24 09:43:54,15758.3,0
2021-06-24 09:43:55,15757.5,0
2021-06-24 09:43:56,15757.45,0
2021-06-24 09:43:57,15758.05,0
2021-06-24 09:43:58,15757.9,0
2021-06-24 09:43:59,15757.6,0
2021-06-24 09:44:00,15758.5,0
2021-06-24 09:44:01,15757.55,0
2021-06-24 09:44:02,15757.6,0
2021-06-24 09:44:03,15757.25,0
2021-06-24 09:44:04,15756.65,0
2021-06-24 09:44:05,15757.0,0
2021-06-24 09:44:06,15756.6,0
2021-06-24 09:44:07,15757.6,0
2021-06-24 09:44:09,15758.15,0
2021-06-24 09:44:10,15757.85,0
2021-06-24 09:44:11,15757.15,0
2021-06-24 09:44:12,15756.85,0
2021-06-24 09:44:13,15758.15,0
2021-06-24 09:44:14,15757.4,0
2021-06-24 09:44:15,15758.1,0
2021-06-24 09:44:16,15758.05,0
2021-06-24 09:44:17,15758.0,0
2021-06-24 09:44:18,15757.5,0
2021-06-24 09:44:21,15756.5,0
2021-06-24 09:44:22,15756.9,0
2021-06-24 09:44:23,15757.3,0
2021-06-24 09:44:24,15758.1,0
2021-06-24 09:44:25,15756.5,0
2021-06-24 09:44:26,15757.9,0
2021-06-24 09:44:27,15758.35,0
2021-06-24 09:44:28,15758.05,0
2021-06-24 09:44:29,15758.4,0
2021-06-24 09:44:30,15757.25,0
2021-06-24 09:44:31,15757.65,0
2021-06-24 09:44:32,15757.25,0
2021-06-24 09:44:33,15757.9,0
2021-06-24 09:44:34,15758.15,0
2021-06-24 09:44:35,15757.5,0
2021-06-24 09:44:36,15757.6,0
2021-06-24 09:44:37,15757.4,0
2021-06-24 09:44:38,15756.5,0
2021-06-24 09:44:40,15756.65,0
2021-06-24 09:44:41,15756.25,0
2021-06-24 09:44:42,15756.2,0
2021-06-24 09:44:43,15756.45,0
2021-06-24 09:44:44,15757.2,0
2021-06-24 09:44:45,15756.7,0
2021-06-24 09:44:46,15756.05,0
2021-06-24 09:44:47,15755.45,0
2021-06-24 09:44:48,15756.25,0
2021-06-24 09:44:49,15756.5,0
2021-06-24 09:44:50,15756.1,0
2021-06-24 09:44:51,15755.5,0
2021-06-24 09:44:52,15755.25,0
2021-06-24 09:44:53,15755.45,0
2021-06-24 09:44:54,15756.0,0
2021-06-24 09:44:55,15756.25,0
2021-06-24 09:44:56,15755.55,0
2021-06-24 09:44:57,15756.05,0
2021-06-24 09:44:58,15757.05,0
2021-06-24 09:44:59,15756.35,0
2021-06-24 09:45:00,15756.9,0
2021-06-24 09:45:01,15756.35,0
2021-06-24 09:45:02,15756.25,0
2021-06-24 09:45:03,15756.45,0
2021-06-24 09:45:04,15757.4,0
2021-06-24 09:45:05,15756.9,0
2021-06-24 09:45:06,15756.1,0
2021-06-24 09:45:07,15757.45,0
2021-06-24 09:45:08,15757.9,0
2021-06-24 09:45:09,15757.4,0
2021-06-24 09:45:10,15757.95,0
2021-06-24 09:45:11,15758.45,0
2021-06-24 09:45:12,15758.05,0
2021-06-24 09:45:13,15757.8,0
2021-06-24 09:45:14,15758.45,0
2021-06-24 09:45:15,15758.35,0
2021-06-24 09:45:16,15758.3,0
2021-06-24 09:45:17,15758.65,0
2021-06-24 09:45:18,15758.45,0
2021-06-24 09:45:19,15758.3,0
2021-06-24 09:45:20,15759.3,0
2021-06-24 09:45:21,15760.1,0
2021-06-24 09:45:22,15759.75,0
2021-06-24 09:45:23,15760.05,0
2021-06-24 09:45:24,15760.3,0
2021-06-24 09:45:25,15760.6,0
2021-06-24 09:45:26,15760.4,0
2021-06-24 09:45:27,15760.85,0
2021-06-24 09:45:28,15760.7,0
2021-06-24 09:45:29,15761.25,0
2021-06-24 09:45:30,15761.45,0
2021-06-24 09:45:32,15762.0,0
2021-06-24 09:45:33,15762.1,0
2021-06-24 09:45:34,15762.4,0
2021-06-24 09:45:35,15761.85,0
2021-06-24 09:45:36,15761.75,0
2021-06-24 09:45:37,15762.3,0
2021-06-24 09:45:38,15762.2,0
2021-06-24 09:45:39,15762.5,0
2021-06-24 09:45:40,15762.35,0
2021-06-24 09:45:41,15762.3,0
2021-06-24 09:45:42,15762.35,0
2021-06-24 09:45:43,15761.4,0
2021-06-24 09:45:44,15761.7,0
2021-06-24 09:45:45,15761.3,0
2021-06-24 09:45:46,15761.3,0
2021-06-24 09:45:47,15761.2,0
2021-06-24 09:45:48,15761.9,0
2021-06-24 09:45:49,15761.45,0
2021-06-24 09:45:50,15761.2,0
2021-06-24 09:45:51,15761.3,0
2021-06-24 09:45:52,15761.15,0
2021-06-24 09:45:53,15760.65,0
2021-06-24 09:45:54,15761.5,0
2021-06-24 09:45:55,15761.4,0
2021-06-24 09:45:56,15761.3,0
2021-06-24 09:45:59,15760.6,0
2021-06-24 09:46:00,15761.1,0
2021-06-24 09:46:02,15760.85,0
2021-06-24 09:46:03,15760.7,0
2021-06-24 09:46:04,15760.6,0
2021-06-24 09:46:05,15760.5,0
2021-06-24 09:46:06,15759.8,0
2021-06-24 09:46:07,15760.35,0
2021-06-24 09:46:08,15759.95,0
2021-06-24 09:46:09,15760.65,0
2021-06-24 09:46:10,15761.1,0
2021-06-24 09:46:11,15760.55,0
2021-06-24 09:46:12,15759.85,0
2021-06-24 09:46:13,15759.65,0
2021-06-24 09:46:14,15759.55,0
2021-06-24 09:46:15,15759.6,0
2021-06-24 09:46:16,15759.0,0
2021-06-24 09:46:17,15759.55,0
2021-06-24 09:46:18,15759.45,0
2021-06-24 09:46:19,15759.9,0
2021-06-24 09:46:20,15759.65,0
2021-06-24 09:46:21,15758.95,0
2021-06-24 09:46:22,15758.7,0
2021-06-24 09:46:23,15759.15,0
2021-06-24 09:46:24,15759.5,0
2021-06-24 09:46:25,15759.35,0
2021-06-24 09:46:26,15758.65,0
2021-06-24 09:46:27,15757.3,0
2021-06-24 09:46:28,15757.6,0
2021-06-24 09:46:29,15757.9,0
2021-06-24 09:46:30,15757.55,0
2021-06-24 09:46:31,15758.1,0
2021-06-24 09:46:32,15757.9,0
2021-06-24 09:46:33,15756.55,0
2021-06-24 09:46:34,15757.25,0
2021-06-24 09:46:35,15757.0,0
2021-06-24 09:46:36,15756.65,0
2021-06-24 09:46:37,15756.4,0
2021-06-24 09:46:38,15757.3,0
2021-06-24 09:46:39,15756.95,0
2021-06-24 09:46:40,15756.75,0
2021-06-24 09:46:41,15756.9,0
2021-06-24 09:46:42,15756.35,0
2021-06-24 09:46:43,15756.75,0
2021-06-24 09:46:44,15757.3,0
2021-06-24 09:46:45,15756.95,0
2021-06-24 09:46:46,15757.0,0
2021-06-24 09:46:47,15756.65,0
2021-06-24 09:46:48,15756.85,0
2021-06-24 09:46:49,15755.65,0
2021-06-24 09:46:51,15755.1,0
2021-06-24 09:46:52,15756.2,0
2021-06-24 09:46:53,15757.0,0
2021-06-24 09:46:54,15754.3,0
2021-06-24 09:46:55,15749.25,0
2021-06-24 09:46:56,15747.6,0
2021-06-24 09:46:57,15745.9,0
2021-06-24 09:46:58,15747.75,0
2021-06-24 09:46:59,15748.4,0
2021-06-24 09:47:00,15747.25,0
2021-06-24 09:47:01,15747.5,0
2021-06-24 09:47:02,15747.25,0
2021-06-24 09:47:03,15747.05,0
2021-06-24 09:47:04,15745.95,0
2021-06-24 09:47:05,15745.8,0
2021-06-24 09:47:06,15745.95,0
2021-06-24 09:47:07,15747.05,0
2021-06-24 09:47:08,15745.9,0
2021-06-24 09:47:09,15746.1,0
2021-06-24 09:47:10,15745.75,0
2021-06-24 09:47:12,15744.8,0
2021-06-24 09:47:13,15744.5,0
2021-06-24 09:47:14,15743.4,0
2021-06-24 09:47:15,15744.85,0
2021-06-24 09:47:16,15743.6,0
2021-06-24 09:47:17,15744.45,0
2021-06-24 09:47:18,15745.15,0
2021-06-24 09:47:19,15744.8,0
2021-06-24 09:47:20,15744.7,0
2021-06-24 09:47:21,15744.4,0
2021-06-24 09:47:23,15744.45,0
2021-06-24 09:47:24,15744.55,0
2021-06-24 09:47:25,15744.35,0
2021-06-24 09:47:26,15744.6,0
2021-06-24 09:47:27,15744.55,0
2021-06-24 09:47:28,15744.9,0
2021-06-24 09:47:29,15744.35,0
2021-06-24 09:47:30,15745.1,0
2021-06-24 09:47:31,15744.0,0
2021-06-24 09:47:32,15744.4,0
2021-06-24 09:47:33,15744.6,0
2021-06-24 09:47:34,15745.2,0
2021-06-24 09:47:35,15744.95,0
2021-06-24 09:47:36,15744.55,0
2021-06-24 09:47:37,15744.4,0
2021-06-24 09:47:38,15743.65,0
2021-06-24 09:47:39,15745.6,0
2021-06-24 09:47:40,15744.85,0
2021-06-24 09:47:41,15744.0,0
2021-06-24 09:47:42,15745.55,0
2021-06-24 09:47:43,15745.3,0
2021-06-24 09:47:44,15745.95,0
2021-06-24 09:47:45,15745.45,0
2021-06-24 09:47:46,15745.05,0
2021-06-24 09:47:47,15744.15,0
2021-06-24 09:47:48,15745.1,0
2021-06-24 09:47:49,15745.35,0
2021-06-24 09:47:50,15745.15,0
2021-06-24 09:47:51,15745.75,0
2021-06-24 09:47:52,15745.25,0
2021-06-24 09:47:53,15746.55,0
2021-06-24 09:47:54,15746.85,0
2021-06-24 09:47:55,15747.3,0
2021-06-24 09:47:56,15747.65,0
2021-06-24 09:47:57,15747.85,0
2021-06-24 09:47:58,15748.35,0
2021-06-24 09:47:59,15748.7,0
2021-06-24 09:48:00,15748.8,0
2021-06-24 09:48:01,15748.9,0
2021-06-24 09:48:02,15748.65,0
2021-06-24 09:48:03,15748.95,0
2021-06-24 09:48:04,15749.3,0
2021-06-24 09:48:05,15748.85,0
2021-06-24 09:48:06,15748.85,0
2021-06-24 09:48:07,15748.95,0
2021-06-24 09:48:08,15750.05,0
2021-06-24 09:48:09,15749.85,0
2021-06-24 09:48:10,15751.15,0
2021-06-24 09:48:11,15750.35,0
2021-06-24 09:48:12,15750.7,0
2021-06-24 09:48:13,15750.45,0
2021-06-24 09:48:14,15751.35,0
2021-06-24 09:48:15,15751.15,0
2021-06-24 09:48:16,15750.8,0
2021-06-24 09:48:17,15750.7,0
2021-06-24 09:48:18,15752.0,0
2021-06-24 09:48:19,15751.9,0
2021-06-24 09:48:20,15752.2,0
2021-06-24 09:48:21,15752.75,0
2021-06-24 09:48:22,15753.2,0
2021-06-24 09:48:23,15753.15,0
2021-06-24 09:48:24,15752.75,0
2021-06-24 09:48:25,15751.45,0
2021-06-24 09:48:26,15750.95,0
2021-06-24 09:48:27,15751.5,0
2021-06-24 09:48:28,15751.75,0
2021-06-24 09:48:29,15751.95,0
2021-06-24 09:48:30,15751.7,0
2021-06-24 09:48:31,15752.75,0
2021-06-24 09:48:32,15752.25,0
2021-06-24 09:48:33,15752.6,0
2021-06-24 09:48:34,15752.85,0
2021-06-24 09:48:35,15751.75,0
2021-06-24 09:48:36,15752.75,0
2021-06-24 09:48:37,15752.1,0
2021-06-24 09:48:38,15752.6,0
2021-06-24 09:48:39,15752.25,0
2021-06-24 09:48:40,15752.25,0
2021-06-24 09:48:41,15751.6,0
2021-06-24 09:48:43,15751.8,0
2021-06-24 09:48:44,15751.4,0
2021-06-24 09:48:45,15750.7,0
2021-06-24 09:48:46,15751.0,0
2021-06-24 09:48:47,15751.2,0
2021-06-24 09:48:48,15750.55,0
2021-06-24 09:48:49,15751.25,0
2021-06-24 09:48:50,15751.1,0
2021-06-24 09:48:51,15750.95,0
2021-06-24 09:48:52,15750.8,0
2021-06-24 09:48:53,15750.5,0
2021-06-24 09:48:54,15750.55,0
2021-06-24 09:48:55,15750.65,0
2021-06-24 09:48:56,15750.1,0
2021-06-24 09:48:57,15749.4,0
2021-06-24 09:48:58,15749.4,0
2021-06-24 09:48:59,15750.2,0
2021-06-24 09:49:00,15749.4,0
2021-06-24 09:49:01,15749.4,0
2021-06-24 09:49:02,15749.9,0
2021-06-24 09:49:03,15749.55,0
2021-06-24 09:49:04,15749.85,0
2021-06-24 09:49:05,15749.0,0
2021-06-24 09:49:06,15749.4,0
2021-06-24 09:49:07,15749.95,0
2021-06-24 09:49:08,15749.5,0
2021-06-24 09:49:09,15749.0,0
2021-06-24 09:49:10,15749.2,0
2021-06-24 09:49:11,15749.2,0
2021-06-24 09:49:12,15749.5,0
2021-06-24 09:49:13,15749.15,0
2021-06-24 09:49:14,15749.7,0
2021-06-24 09:49:15,15749.35,0
2021-06-24 09:49:16,15749.8,0
2021-06-24 09:49:17,15748.85,0
2021-06-24 09:49:18,15748.2,0
2021-06-24 09:49:19,15748.05,0
2021-06-24 09:49:20,15747.3,0
2021-06-24 09:49:21,15747.35,0
2021-06-24 09:49:22,15747.85,0
2021-06-24 09:49:23,15748.0,0
2021-06-24 09:49:24,15747.7,0
2021-06-24 09:49:25,15748.35,0
2021-06-24 09:49:26,15747.95,0
2021-06-24 09:49:27,15748.0,0
2021-06-24 09:49:28,15748.65,0
2021-06-24 09:49:29,15748.1,0
2021-06-24 09:49:30,15748.4,0
2021-06-24 09:49:31,15748.75,0
2021-06-24 09:49:32,15748.45,0
2021-06-24 09:49:33,15749.0,0
2021-06-24 09:49:34,15748.6,0
2021-06-24 09:49:35,15749.3,0
2021-06-24 09:49:36,15748.95,0
2021-06-24 09:49:37,15748.45,0
2021-06-24 09:49:38,15749.45,0
2021-06-24 09:49:39,15749.0,0
2021-06-24 09:49:40,15749.05,0
2021-06-24 09:49:41,15746.9,0
2021-06-24 09:49:42,15747.0,0
2021-06-24 09:49:43,15747.85,0
2021-06-24 09:49:44,15747.5,0
2021-06-24 09:49:45,15747.35,0
2021-06-24 09:49:46,15747.15,0
2021-06-24 09:49:47,15747.05,0
2021-06-24 09:49:48,15747.15,0
2021-06-24 09:49:49,15747.05,0
2021-06-24 09:49:50,15748.35,0
2021-06-24 09:49:51,15747.25,0
2021-06-24 09:49:52,15746.8,0
2021-06-24 09:49:53,15747.3,0
2021-06-24 09:49:54,15746.6,0
2021-06-24 09:49:55,15746.85,0
2021-06-24 09:49:56,15745.25,0
2021-06-24 09:49:57,15744.55,0
2021-06-24 09:49:58,15745.35,0
2021-06-24 09:49:59,15744.6,0
2021-06-24 09:50:00,15744.4,0
2021-06-24 09:50:01,15744.1,0
2021-06-24 09:50:02,15743.8,0
2021-06-24 09:50:03,15744.25,0
2021-06-24 09:50:04,15744.2,0
2021-06-24 09:50:05,15743.7,0
2021-06-24 09:50:06,15743.25,0
2021-06-24 09:50:07,15743.7,0
2021-06-24 09:50:08,15743.7,0
2021-06-24 09:50:10,15744.3,0
2021-06-24 09:50:12,15743.9,0
2021-06-24 09:50:14,15742.95,0
2021-06-24 09:50:15,15742.15,0
2021-06-24 09:50:16,15742.15,0
2021-06-24 09:50:17,15741.95,0
2021-06-24 09:50:18,15741.8,0
2021-06-24 09:50:19,15741.65,0
2021-06-24 09:50:20,15742.0,0
2021-06-24 09:50:21,15741.35,0
2021-06-24 09:50:22,15741.4,0
2021-06-24 09:50:23,15741.5,0
2021-06-24 09:50:24,15741.2,0
2021-06-24 09:50:25,15741.5,0
2021-06-24 09:50:26,15741.8,0
2021-06-24 09:50:27,15742.2,0
2021-06-24 09:50:28,15742.75,0
2021-06-24 09:50:29,15742.65,0
2021-06-24 09:50:30,15743.1,0
2021-06-24 09:50:31,15742.6,0
2021-06-24 09:50:32,15744.3,0
2021-06-24 09:50:33,15744.55,0
2021-06-24 09:50:34,15744.5,0
2021-06-24 09:50:35,15744.05,0
2021-06-24 09:50:36,15743.9,0
2021-06-24 09:50:37,15744.9,0
2021-06-24 09:50:38,15744.1,0
2021-06-24 09:50:39,15744.3,0
2021-06-24 09:50:40,15744.25,0
2021-06-24 09:50:41,15744.7,0
2021-06-24 09:50:42,15745.85,0
2021-06-24 09:50:44,15746.75,0
2021-06-24 09:50:45,15746.95,0
2021-06-24 09:50:46,15746.55,0
2021-06-24 09:50:47,15746.9,0
2021-06-24 09:50:50,15746.85,0
2021-06-24 09:50:51,15746.65,0
2021-06-24 09:50:52,15747.0,0
2021-06-24 09:50:53,15746.95,0
2021-06-24 09:50:54,15746.35,0
2021-06-24 09:50:55,15746.35,0
2021-06-24 09:50:57,15746.45,0
2021-06-24 09:50:58,15745.85,0
2021-06-24 09:50:59,15746.55,0
2021-06-24 09:51:00,15747.35,0
2021-06-24 09:51:01,15747.0,0
2021-06-24 09:51:02,15746.5,0
2021-06-24 09:51:03,15747.3,0
2021-06-24 09:51:04,15746.05,0
2021-06-24 09:51:05,15746.2,0
2021-06-24 09:51:06,15746.2,0
2021-06-24 09:51:07,15746.15,0
2021-06-24 09:51:09,15746.0,0
2021-06-24 09:51:10,15745.4,0
2021-06-24 09:51:11,15745.6,0
2021-06-24 09:51:13,15745.45,0
2021-06-24 09:51:16,15744.1,0
2021-06-24 09:51:18,15743.8,0
2021-06-24 09:51:19,15742.8,0
2021-06-24 09:51:20,15743.75,0
2021-06-24 09:51:21,15743.7,0
2021-06-24 09:51:22,15744.55,0
2021-06-24 09:51:23,15743.8,0
2021-06-24 09:51:24,15744.3,0
2021-06-24 09:51:25,15743.6,0
2021-06-24 09:51:26,15743.55,0
2021-06-24 09:51:27,15743.5,0
2021-06-24 09:51:28,15743.95,0
2021-06-24 09:51:29,15743.8,0
2021-06-24 09:51:30,15744.1,0
2021-06-24 09:51:31,15744.1,0
2021-06-24 09:51:32,15743.9,0
2021-06-24 09:51:33,15743.7,0
2021-06-24 09:51:34,15742.9,0
2021-06-24 09:51:35,15742.8,0
2021-06-24 09:51:36,15743.55,0
2021-06-24 09:51:37,15743.45,0
2021-06-24 09:51:38,15743.1,0
2021-06-24 09:51:39,15743.45,0
2021-06-24 09:51:40,15743.55,0
2021-06-24 09:51:41,15743.25,0
2021-06-24 09:51:42,15743.0,0
2021-06-24 09:51:43,15743.3,0
2021-06-24 09:51:44,15742.6,0
2021-06-24 09:51:45,15742.8,0
2021-06-24 09:51:46,15742.7,0
2021-06-24 09:51:47,15742.85,0
2021-06-24 09:51:48,15743.05,0
2021-06-24 09:51:49,15743.7,0
2021-06-24 09:51:50,15743.6,0
2021-06-24 09:51:51,15743.65,0
2021-06-24 09:51:52,15744.05,0
2021-06-24 09:51:53,15743.45,0
2021-06-24 09:51:54,15743.1,0
2021-06-24 09:51:55,15743.0,0
2021-06-24 09:51:56,15743.75,0
2021-06-24 09:51:57,15744.2,0
2021-06-24 09:51:58,15743.85,0
2021-06-24 09:51:59,15743.65,0
2021-06-24 09:52:00,15744.35,0
2021-06-24 09:52:01,15743.8,0
2021-06-24 09:52:02,15743.75,0
2021-06-24 09:52:04,15744.6,0
2021-06-24 09:52:05,15744.25,0
2021-06-24 09:52:06,15744.4,0
2021-06-24 09:52:07,15744.65,0
2021-06-24 09:52:08,15745.0,0
2021-06-24 09:52:09,15744.25,0
2021-06-24 09:52:10,15745.05,0
2021-06-24 09:52:11,15745.6,0
2021-06-24 09:52:12,15745.35,0
2021-06-24 09:52:13,15745.55,0
2021-06-24 09:52:14,15745.0,0
2021-06-24 09:52:15,15744.65,0
2021-06-24 09:52:16,15744.4,0
2021-06-24 09:52:18,15745.05,0
2021-06-24 09:52:19,15744.95,0
2021-06-24 09:52:20,15745.15,0
2021-06-24 09:52:21,15745.6,0
2021-06-24 09:52:23,15745.65,0
2021-06-24 09:52:24,15745.5,0
2021-06-24 09:52:25,15745.35,0
2021-06-24 09:52:26,15745.35,0
2021-06-24 09:52:27,15745.55,0
2021-06-24 09:52:28,15745.55,0
2021-06-24 09:52:29,15745.1,0
2021-06-24 09:52:30,15744.6,0
2021-06-24 09:52:31,15745.0,0
2021-06-24 09:52:32,15744.85,0
2021-06-24 09:52:33,15745.2,0
2021-06-24 09:52:35,15745.2,0
2021-06-24 09:52:36,15745.6,0
2021-06-24 09:52:37,15745.5,0
2021-06-24 09:52:38,15743.7,0
2021-06-24 09:52:39,15743.65,0
2021-06-24 09:52:40,15744.1,0
2021-06-24 09:52:41,15743.95,0
2021-06-24 09:52:43,15744.1,0
2021-06-24 09:52:44,15744.1,0
2021-06-24 09:52:45,15744.1,0
2021-06-24 09:52:46,15744.55,0
2021-06-24 09:52:47,15744.25,0
2021-06-24 09:52:49,15744.35,0
2021-06-24 09:52:51,15744.5,0
2021-06-24 09:52:52,15744.65,0
2021-06-24 09:52:53,15744.35,0
2021-06-24 09:52:54,15744.55,0
2021-06-24 09:52:56,15744.15,0
2021-06-24 09:52:57,15744.05,0
2021-06-24 09:52:58,15743.9,0
2021-06-24 09:52:59,15744.2,0
2021-06-24 09:53:00,15743.4,0
2021-06-24 09:53:01,15743.4,0
2021-06-24 09:53:02,15743.15,0
2021-06-24 09:53:05,15743.75,0
2021-06-24 09:53:06,15743.45,0
2021-06-24 09:53:08,15743.3,0
2021-06-24 09:53:11,15742.95,0
2021-06-24 09:53:13,15742.9,0
2021-06-24 09:53:16,15743.7,0
2021-06-24 09:53:17,15743.9,0
2021-06-24 09:53:18,15743.8,0
2021-06-24 09:53:19,15743.85,0
2021-06-24 09:53:22,15743.7,0
2021-06-24 09:53:25,15742.8,0
2021-06-24 09:53:26,15743.2,0
2021-06-24 09:53:27,15742.7,0
2021-06-24 09:53:28,15743.05,0
2021-06-24 09:53:29,15742.7,0
2021-06-24 09:53:30,15742.7,0
2021-06-24 09:53:31,15743.35,0
2021-06-24 09:53:32,15743.25,0
2021-06-24 09:53:33,15743.35,0
2021-06-24 09:53:34,15742.95,0
2021-06-24 09:53:35,15742.7,0
2021-06-24 09:53:36,15742.95,0
2021-06-24 09:53:37,15743.35,0
2021-06-24 09:53:38,15742.55,0
2021-06-24 09:53:39,15742.5,0
2021-06-24 09:53:40,15742.05,0
2021-06-24 09:53:41,15742.1,0
2021-06-24 09:53:42,15742.05,0
2021-06-24 09:53:43,15741.8,0
2021-06-24 09:53:44,15741.1,0
2021-06-24 09:53:45,15741.45,0
2021-06-24 09:53:46,15740.8,0
2021-06-24 09:53:47,15741.4,0
2021-06-24 09:53:48,15741.1,0
2021-06-24 09:53:49,15741.2,0
2021-06-24 09:53:50,15740.35,0
2021-06-24 09:53:51,15739.8,0
2021-06-24 09:53:52,15739.55,0
2021-06-24 09:53:53,15739.7,0
2021-06-24 09:53:54,15739.75,0
2021-06-24 09:53:55,15739.85,0
2021-06-24 09:53:56,15739.6,0
2021-06-24 09:53:57,15739.65,0
2021-06-24 09:53:59,15739.15,0
2021-06-24 09:54:00,15739.6,0
2021-06-24 09:54:01,15739.35,0
2021-06-24 09:54:02,15739.25,0
2021-06-24 09:54:03,15739.95,0
2021-06-24 09:54:04,15739.25,0
2021-06-24 09:54:05,15739.3,0
2021-06-24 09:54:06,15738.5,0
2021-06-24 09:54:07,15738.25,0
2021-06-24 09:54:08,15739.25,0
2021-06-24 09:54:09,15739.85,0
2021-06-24 09:54:10,15739.05,0
2021-06-24 09:54:11,15738.85,0
2021-06-24 09:54:12,15738.5,0
2021-06-24 09:54:13,15738.85,0
2021-06-24 09:54:14,15738.85,0
2021-06-24 09:54:15,15740.0,0
2021-06-24 09:54:16,15739.8,0
2021-06-24 09:54:17,15739.65,0
2021-06-24 09:54:18,15739.7,0
2021-06-24 09:54:19,15740.05,0
2021-06-24 09:54:20,15739.35,0
2021-06-24 09:54:21,15740.3,0
2021-06-24 09:54:22,15738.4,0
2021-06-24 09:54:23,15738.8,0
2021-06-24 09:54:24,15739.5,0
2021-06-24 09:54:25,15739.8,0
2021-06-24 09:54:26,15739.75,0
2021-06-24 09:54:27,15740.5,0
2021-06-24 09:54:28,15740.65,0
2021-06-24 09:54:29,15740.3,0
2021-06-24 09:54:30,15740.0,0
2021-06-24 09:54:31,15740.45,0
2021-06-24 09:54:32,15740.4,0
2021-06-24 09:54:33,15740.3,0
2021-06-24 09:54:34,15741.0,0
2021-06-24 09:54:35,15741.05,0
2021-06-24 09:54:36,15740.55,0
2021-06-24 09:54:37,15740.4,0
2021-06-24 09:54:38,15740.45,0
2021-06-24 09:54:39,15740.85,0
2021-06-24 09:54:40,15740.15,0
2021-06-24 09:54:42,15740.5,0
2021-06-24 09:54:43,15740.75,0
2021-06-24 09:54:44,15740.75,0
2021-06-24 09:54:45,15740.8,0
2021-06-24 09:54:46,15741.1,0
2021-06-24 09:54:48,15741.3,0
2021-06-24 09:54:49,15740.85,0
2021-06-24 09:54:50,15740.8,0
2021-06-24 09:54:51,15741.05,0
2021-06-24 09:54:52,15741.6,0
2021-06-24 09:54:53,15741.85,0
2021-06-24 09:54:54,15742.0,0
2021-06-24 09:54:55,15741.7,0
2021-06-24 09:54:56,15742.15,0
2021-06-24 09:54:57,15741.75,0
2021-06-24 09:54:58,15741.4,0
2021-06-24 09:54:59,15741.7,0
2021-06-24 09:55:00,15741.65,0
2021-06-24 09:55:01,15741.9,0
2021-06-24 09:55:02,15742.15,0
2021-06-24 09:55:03,15741.9,0
2021-06-24 09:55:04,15741.5,0
2021-06-24 09:55:05,15741.25,0
2021-06-24 09:55:06,15741.65,0
2021-06-24 09:55:08,15742.05,0
2021-06-24 09:55:09,15741.5,0
2021-06-24 09:55:11,15741.2,0
2021-06-24 09:55:12,15741.05,0
2021-06-24 09:55:13,15741.65,0
2021-06-24 09:55:14,15741.35,0
2021-06-24 09:55:15,15741.6,0
2021-06-24 09:55:16,15740.65,0
2021-06-24 09:55:17,15741.8,0
2021-06-24 09:55:18,15741.3,0
2021-06-24 09:55:19,15740.75,0
2021-06-24 09:55:20,15741.3,0
2021-06-24 09:55:22,15740.15,0
2021-06-24 09:55:23,15741.1,0
2021-06-24 09:55:24,15740.15,0
2021-06-24 09:55:25,15740.3,0
2021-06-24 09:55:26,15740.3,0
2021-06-24 09:55:27,15740.2,0
2021-06-24 09:55:28,15740.3,0
2021-06-24 09:55:29,15740.3,0
2021-06-24 09:55:30,15739.45,0
2021-06-24 09:55:31,15739.5,0
2021-06-24 09:55:32,15738.0,0
2021-06-24 09:55:33,15737.85,0
2021-06-24 09:55:34,15738.8,0
2021-06-24 09:55:35,15738.0,0
2021-06-24 09:55:36,15737.95,0
2021-06-24 09:55:37,15738.05,0
2021-06-24 09:55:38,15736.6,0
2021-06-24 09:55:39,15735.9,0
2021-06-24 09:55:40,15736.4,0
2021-06-24 09:55:41,15736.2,0
2021-06-24 09:55:42,15736.25,0
2021-06-24 09:55:43,15736.25,0
2021-06-24 09:55:44,15736.8,0
2021-06-24 09:55:45,15735.3,0
2021-06-24 09:55:46,15735.55,0
2021-06-24 09:55:47,15735.2,0
2021-06-24 09:55:48,15735.0,0
2021-06-24 09:55:49,15734.5,0
2021-06-24 09:55:50,15733.8,0
2021-06-24 09:55:51,15733.85,0
2021-06-24 09:55:52,15733.2,0
2021-06-24 09:55:53,15732.9,0
2021-06-24 09:55:54,15733.0,0
2021-06-24 09:55:55,15732.55,0
2021-06-24 09:55:56,15732.55,0
2021-06-24 09:55:57,15733.8,0
2021-06-24 09:55:58,15733.25,0
2021-06-24 09:55:59,15732.85,0
2021-06-24 09:56:00,15732.7,0
2021-06-24 09:56:01,15732.55,0
2021-06-24 09:56:02,15732.85,0
2021-06-24 09:56:03,15733.1,0
2021-06-24 09:56:04,15732.4,0
2021-06-24 09:56:05,15733.0,0
2021-06-24 09:56:06,15733.4,0
2021-06-24 09:56:07,15734.05,0
2021-06-24 09:56:08,15732.15,0
2021-06-24 09:56:09,15733.5,0
2021-06-24 09:56:10,15733.25,0
2021-06-24 09:56:11,15733.65,0
2021-06-24 09:56:12,15733.5,0
2021-06-24 09:56:13,15733.6,0
2021-06-24 09:56:14,15733.45,0
2021-06-24 09:56:15,15734.9,0
2021-06-24 09:56:16,15734.9,0
2021-06-24 09:56:17,15736.05,0
2021-06-24 09:56:18,15736.85,0
2021-06-24 09:56:19,15738.55,0
2021-06-24 09:56:20,15737.4,0
2021-06-24 09:56:21,15736.55,0
2021-06-24 09:56:22,15736.75,0
2021-06-24 09:56:23,15736.5,0
2021-06-24 09:56:24,15736.8,0
2021-06-24 09:56:25,15737.35,0
2021-06-24 09:56:26,15737.65,0
2021-06-24 09:56:27,15736.65,0
2021-06-24 09:56:28,15737.05,0
2021-06-24 09:56:29,15737.1,0
2021-06-24 09:56:30,15737.5,0
2021-06-24 09:56:31,15737.2,0
2021-06-24 09:56:32,15737.1,0
2021-06-24 09:56:33,15737.05,0
2021-06-24 09:56:34,15736.65,0
2021-06-24 09:56:35,15737.25,0
2021-06-24 09:56:36,15737.15,0
2021-06-24 09:56:37,15737.05,0
2021-06-24 09:56:38,15736.45,0
2021-06-24 09:56:39,15737.05,0
2021-06-24 09:56:40,15736.8,0
2021-06-24 09:56:41,15736.95,0
2021-06-24 09:56:42,15736.95,0
2021-06-24 09:56:43,15736.85,0
2021-06-24 09:56:44,15737.45,0
2021-06-24 09:56:45,15737.55,0
2021-06-24 09:56:46,15737.1,0
2021-06-24 09:56:47,15737.0,0
2021-06-24 09:56:48,15736.75,0
2021-06-24 09:56:49,15737.8,0
2021-06-24 09:56:51,15736.75,0
2021-06-24 09:56:52,15737.9,0
2021-06-24 09:56:53,15737.2,0
2021-06-24 09:56:54,15738.2,0
2021-06-24 09:56:55,15738.0,0
2021-06-24 09:56:56,15736.9,0
2021-06-24 09:56:57,15737.4,0
2021-06-24 09:56:58,15736.8,0
2021-06-24 09:56:59,15737.45,0
2021-06-24 09:57:01,15737.55,0
2021-06-24 09:57:02,15737.3,0
2021-06-24 09:57:03,15737.2,0
2021-06-24 09:57:04,15737.7,0
2021-06-24 09:57:05,15738.0,0
2021-06-24 09:57:06,15737.05,0
2021-06-24 09:57:07,15737.1,0
2021-06-24 09:57:09,15737.45,0
2021-06-24 09:57:10,15737.05,0
2021-06-24 09:57:11,15737.05,0
2021-06-24 09:57:12,15737.6,0
2021-06-24 09:57:13,15736.75,0
2021-06-24 09:57:14,15737.45,0
2021-06-24 09:57:15,15737.0,0
2021-06-24 09:57:16,15737.45,0
2021-06-24 09:57:17,15737.6,0
2021-06-24 09:57:18,15737.95,0
2021-06-24 09:57:19,15737.0,0
2021-06-24 09:57:20,15738.05,0
2021-06-24 09:57:21,15737.4,0
2021-06-24 09:57:22,15736.95,0
2021-06-24 09:57:23,15737.65,0
2021-06-24 09:57:24,15738.25,0
2021-06-24 09:57:26,15737.75,0
2021-06-24 09:57:27,15736.65,0
2021-06-24 09:57:28,15737.2,0
2021-06-24 09:57:29,15736.9,0
2021-06-24 09:57:30,15737.1,0
2021-06-24 09:57:31,15736.45,0
2021-06-24 09:57:32,15737.2,0
2021-06-24 09:57:34,15736.35,0
2021-06-24 09:57:35,15736.35,0
2021-06-24 09:57:36,15735.9,0
2021-06-24 09:57:38,15735.6,0
2021-06-24 09:57:39,15736.1,0
2021-06-24 09:57:40,15736.2,0
2021-06-24 09:57:41,15736.4,0
2021-06-24 09:57:42,15736.45,0
2021-06-24 09:57:43,15736.5,0
2021-06-24 09:57:44,15736.55,0
2021-06-24 09:57:45,15737.05,0
2021-06-24 09:57:46,15736.95,0
2021-06-24 09:57:47,15737.3,0
2021-06-24 09:57:48,15737.05,0
2021-06-24 09:57:49,15736.6,0
2021-06-24 09:57:50,15736.9,0
2021-06-24 09:57:52,15736.6,0
2021-06-24 09:57:53,15736.75,0
2021-06-24 09:57:55,15736.4,0
2021-06-24 09:57:56,15736.3,0
2021-06-24 09:57:57,15737.1,0
2021-06-24 09:57:58,15736.8,0
2021-06-24 09:57:59,15735.05,0
2021-06-24 09:58:00,15735.95,0
2021-06-24 09:58:01,15736.4,0
2021-06-24 09:58:02,15736.5,0
2021-06-24 09:58:03,15736.55,0
2021-06-24 09:58:04,15734.8,0
2021-06-24 09:58:05,15734.8,0
2021-06-24 09:58:06,15735.2,0
2021-06-24 09:58:07,15735.7,0
2021-06-24 09:58:08,15735.7,0
2021-06-24 09:58:09,15735.2,0
2021-06-24 09:58:10,15736.15,0
2021-06-24 09:58:11,15736.25,0
2021-06-24 09:58:12,15735.95,0
2021-06-24 09:58:13,15736.75,0
2021-06-24 09:58:14,15736.65,0
2021-06-24 09:58:15,15736.75,0
2021-06-24 09:58:16,15736.15,0
2021-06-24 09:58:17,15736.25,0
2021-06-24 09:58:18,15736.35,0
2021-06-24 09:58:19,15736.6,0
2021-06-24 09:58:20,15734.65,0
2021-06-24 09:58:21,15735.3,0
2021-06-24 09:58:22,15735.8,0
2021-06-24 09:58:23,15735.75,0
2021-06-24 09:58:24,15734.0,0
2021-06-24 09:58:25,15734.3,0
2021-06-24 09:58:26,15733.4,0
2021-06-24 09:58:27,15732.9,0
2021-06-24 09:58:28,15733.0,0
2021-06-24 09:58:29,15733.2,0
2021-06-24 09:58:30,15733.3,0
2021-06-24 09:58:31,15732.55,0
2021-06-24 09:58:32,15732.5,0
2021-06-24 09:58:33,15733.0,0
2021-06-24 09:58:35,15732.45,0
2021-06-24 09:58:36,15732.35,0
2021-06-24 09:58:37,15734.25,0
2021-06-24 09:58:38,15733.8,0
2021-06-24 09:58:39,15735.3,0
2021-06-24 09:58:40,15734.5,0
2021-06-24 09:58:41,15733.4,0
2021-06-24 09:58:42,15733.85,0
2021-06-24 09:58:43,15735.3,0
2021-06-24 09:58:44,15734.7,0
2021-06-24 09:58:45,15735.9,0
2021-06-24 09:58:46,15736.05,0
2021-06-24 09:58:47,15735.55,0
2021-06-24 09:58:48,15735.95,0
2021-06-24 09:58:49,15735.3,0
2021-06-24 09:58:50,15736.15,0
2021-06-24 09:58:51,15735.75,0
2021-06-24 09:58:52,15736.6,0
2021-06-24 09:58:53,15736.7,0
2021-06-24 09:58:54,15737.6,0
2021-06-24 09:58:55,15737.35,0
2021-06-24 09:58:56,15737.85,0
2021-06-24 09:58:57,15737.7,0
2021-06-24 09:58:58,15737.1,0
2021-06-24 09:58:59,15737.55,0
2021-06-24 09:59:01,15738.0,0
2021-06-24 09:59:02,15738.25,0
2021-06-24 09:59:03,15738.35,0
2021-06-24 09:59:04,15738.8,0
2021-06-24 09:59:05,15738.4,0
2021-06-24 09:59:06,15738.15,0
2021-06-24 09:59:07,15738.3,0
2021-06-24 09:59:08,15737.5,0
2021-06-24 09:59:09,15739.85,0
2021-06-24 09:59:10,15738.5,0
2021-06-24 09:59:11,15738.2,0
2021-06-24 09:59:12,15738.6,0
2021-06-24 09:59:13,15739.0,0
2021-06-24 09:59:14,15739.1,0
2021-06-24 09:59:15,15738.65,0
2021-06-24 09:59:16,15739.25,0
2021-06-24 09:59:17,15738.6,0
2021-06-24 09:59:18,15738.65,0
2021-06-24 09:59:19,15737.95,0
2021-06-24 09:59:20,15738.35,0
2021-06-24 09:59:21,15737.65,0
2021-06-24 09:59:22,15737.05,0
2021-06-24 09:59:23,15738.3,0
2021-06-24 09:59:24,15737.1,0
2021-06-24 09:59:26,15736.55,0
2021-06-24 09:59:27,15736.3,0
2021-06-24 09:59:28,15736.9,0
2021-06-24 09:59:29,15736.2,0
2021-06-24 09:59:31,15736.0,0
2021-06-24 09:59:33,15736.0,0
2021-06-24 09:59:35,15735.9,0
2021-06-24 09:59:36,15735.05,0
2021-06-24 09:59:37,15735.0,0
2021-06-24 09:59:38,15738.45,0
2021-06-24 09:59:39,15737.6,0
2021-06-24 09:59:40,15737.15,0
2021-06-24 09:59:41,15737.75,0
2021-06-24 09:59:43,15736.95,0
2021-06-24 09:59:44,15736.6,0
2021-06-24 09:59:45,15738.4,0
2021-06-24 09:59:46,15737.15,0
2021-06-24 09:59:47,15738.0,0
2021-06-24 09:59:48,15737.65,0
2021-06-24 09:59:49,15738.15,0
2021-06-24 09:59:50,15738.45,0
2021-06-24 09:59:52,15737.9,0
2021-06-24 09:59:53,15738.9,0
2021-06-24 09:59:54,15738.8,0
2021-06-24 09:59:55,15739.35,0
2021-06-24 09:59:56,15739.3,0
2021-06-24 09:59:57,15739.05,0
2021-06-24 09:59:58,15739.95,0
2021-06-24 09:59:59,15740.0,0
2021-06-24 10:00:00,15740.35,0
2021-06-24 10:00:01,15741.15,0
2021-06-24 10:00:02,15740.5,0
2021-06-24 10:00:03,15741.0,0
2021-06-24 10:00:04,15740.9,0
2021-06-24 10:00:05,15740.9,0
2021-06-24 10:00:07,15742.4,0
2021-06-24 10:00:08,15742.75,0
2021-06-24 10:00:09,15742.45,0
2021-06-24 10:00:10,15742.55,0
2021-06-24 10:00:11,15742.3,0
2021-06-24 10:00:12,15743.2,0
2021-06-24 10:00:13,15743.45,0
2021-06-24 10:00:14,15743.35,0
2021-06-24 10:00:15,15743.45,0
2021-06-24 10:00:16,15743.2,0
2021-06-24 10:00:17,15743.15,0
2021-06-24 10:00:18,15743.75,0
2021-06-24 10:00:19,15743.5,0
2021-06-24 10:00:20,15743.75,0
2021-06-24 10:00:21,15744.65,0
2021-06-24 10:00:22,15744.95,0
2021-06-24 10:00:23,15744.6,0
2021-06-24 10:00:24,15745.4,0
2021-06-24 10:00:25,15745.4,0
2021-06-24 10:00:26,15745.05,0
2021-06-24 10:00:27,15744.6,0
2021-06-24 10:00:28,15745.85,0
2021-06-24 10:00:29,15745.5,0
2021-06-24 10:00:30,15745.05,0
2021-06-24 10:00:31,15746.75,0
2021-06-24 10:00:32,15745.75,0
2021-06-24 10:00:33,15746.05,0
2021-06-24 10:00:34,15746.65,0
2021-06-24 10:00:35,15746.3,0
2021-06-24 10:00:36,15746.75,0
2021-06-24 10:00:37,15746.35,0
2021-06-24 10:00:38,15747.0,0
2021-06-24 10:00:39,15746.55,0
2021-06-24 10:00:40,15747.5,0
2021-06-24 10:00:41,15747.0,0
2021-06-24 10:00:42,15747.55,0
2021-06-24 10:00:43,15747.2,0
2021-06-24 10:00:44,15747.6,0
2021-06-24 10:00:45,15746.9,0
2021-06-24 10:00:46,15745.2,0
2021-06-24 10:00:47,15745.7,0
2021-06-24 10:00:48,15746.55,0
2021-06-24 10:00:49,15746.15,0
2021-06-24 10:00:50,15746.3,0
2021-06-24 10:00:51,15745.45,0
2021-06-24 10:00:52,15746.4,0
2021-06-24 10:00:53,15746.8,0
2021-06-24 10:00:54,15746.75,0
2021-06-24 10:00:55,15746.8,0
2021-06-24 10:00:56,15746.2,0
2021-06-24 10:00:57,15746.85,0
2021-06-24 10:00:58,15746.45,0
2021-06-24 10:00:59,15746.9,0
2021-06-24 10:01:00,15746.75,0
2021-06-24 10:01:01,15746.2,0
2021-06-24 10:01:02,15746.2,0
2021-06-24 10:01:03,15746.9,0
2021-06-24 10:01:04,15746.3,0
2021-06-24 10:01:05,15746.5,0
2021-06-24 10:01:07,15746.55,0
2021-06-24 10:01:08,15746.8,0
2021-06-24 10:01:09,15746.8,0
2021-06-24 10:01:10,15746.55,0
2021-06-24 10:01:11,15746.35,0
2021-06-24 10:01:12,15746.55,0
2021-06-24 10:01:13,15746.3,0
2021-06-24 10:01:14,15745.7,0
2021-06-24 10:01:15,15747.1,0
2021-06-24 10:01:16,15746.7,0
2021-06-24 10:01:17,15746.65,0
2021-06-24 10:01:18,15746.55,0
2021-06-24 10:01:19,15746.5,0
2021-06-24 10:01:20,15746.55,0
2021-06-24 10:01:21,15746.15,0
2021-06-24 10:01:22,15746.75,0
2021-06-24 10:01:23,15746.25,0
2021-06-24 10:01:24,15747.1,0
2021-06-24 10:01:25,15746.3,0
2021-06-24 10:01:26,15745.65,0
2021-06-24 10:01:27,15746.0,0
2021-06-24 10:01:28,15745.6,0
2021-06-24 10:01:29,15745.9,0
2021-06-24 10:01:30,15746.7,0
2021-06-24 10:01:31,15746.25,0
2021-06-24 10:01:32,15745.6,0
2021-06-24 10:01:33,15745.45,0
2021-06-24 10:01:34,15745.1,0
2021-06-24 10:01:35,15745.25,0
2021-06-24 10:01:36,15745.05,0
2021-06-24 10:01:37,15745.2,0
2021-06-24 10:01:38,15745.65,0
2021-06-24 10:01:39,15745.2,0
2021-06-24 10:01:40,15745.75,0
2021-06-24 10:01:41,15745.45,0
2021-06-24 10:01:42,15745.35,0
2021-06-24 10:01:43,15745.05,0
2021-06-24 10:01:44,15745.15,0
2021-06-24 10:01:45,15745.35,0
2021-06-24 10:01:46,15745.1,0
2021-06-24 10:01:47,15745.45,0
2021-06-24 10:01:48,15744.2,0
2021-06-24 10:01:49,15744.85,0
2021-06-24 10:01:50,15744.4,0
2021-06-24 10:01:51,15744.2,0
2021-06-24 10:01:52,15743.65,0
2021-06-24 10:01:53,15743.5,0
2021-06-24 10:01:54,15744.45,0
2021-06-24 10:01:55,15744.05,0
2021-06-24 10:01:56,15743.5,0
2021-06-24 10:01:57,15743.5,0
2021-06-24 10:01:58,15743.95,0
2021-06-24 10:01:59,15743.85,0
2021-06-24 10:02:00,15744.5,0
2021-06-24 10:02:01,15744.25,0
2021-06-24 10:02:02,15744.25,0
2021-06-24 10:02:03,15743.7,0
2021-06-24 10:02:04,15744.15,0
2021-06-24 10:02:05,15744.25,0
2021-06-24 10:02:06,15744.4,0
2021-06-24 10:02:07,15743.85,0
2021-06-24 10:02:08,15744.25,0
2021-06-24 10:02:09,15743.6,0
2021-06-24 10:02:10,15743.45,0
2021-06-24 10:02:11,15743.95,0
2021-06-24 10:02:12,15743.6,0
2021-06-24 10:02:13,15743.25,0
2021-06-24 10:02:14,15743.25,0
2021-06-24 10:02:15,15742.75,0
2021-06-24 10:02:16,15743.75,0
2021-06-24 10:02:17,15743.65,0
2021-06-24 10:02:18,15744.2,0
2021-06-24 10:02:19,15743.15,0
2021-06-24 10:02:20,15743.0,0
2021-06-24 10:02:21,15743.0,0
2021-06-24 10:02:22,15743.25,0
2021-06-24 10:02:23,15743.05,0
2021-06-24 10:02:24,15743.25,0
2021-06-24 10:02:25,15742.9,0
2021-06-24 10:02:26,15742.85,0
2021-06-24 10:02:27,15742.4,0
2021-06-24 10:02:28,15742.45,0
2021-06-24 10:02:29,15743.0,0
2021-06-24 10:02:30,15742.65,0
2021-06-24 10:02:31,15742.75,0
2021-06-24 10:02:32,15742.75,0
2021-06-24 10:02:33,15741.9,0
2021-06-24 10:02:34,15741.9,0
2021-06-24 10:02:35,15741.25,0
2021-06-24 10:02:36,15741.75,0
2021-06-24 10:02:37,15740.85,0
2021-06-24 10:02:38,15740.6,0
2021-06-24 10:02:39,15739.9,0
2021-06-24 10:02:40,15740.7,0
2021-06-24 10:02:41,15739.95,0
2021-06-24 10:02:42,15739.05,0
2021-06-24 10:02:43,15738.95,0
2021-06-24 10:02:44,15738.8,0
2021-06-24 10:02:45,15739.05,0
2021-06-24 10:02:46,15739.15,0
2021-06-24 10:02:47,15739.55,0
2021-06-24 10:02:48,15738.95,0
2021-06-24 10:02:49,15740.0,0
2021-06-24 10:02:50,15739.8,0
2021-06-24 10:02:51,15740.8,0
2021-06-24 10:02:52,15740.75,0
2021-06-24 10:02:53,15741.25,0
2021-06-24 10:02:54,15741.5,0
2021-06-24 10:02:55,15741.65,0
2021-06-24 10:02:56,15741.5,0
2021-06-24 10:02:57,15741.5,0
2021-06-24 10:02:58,15741.45,0
2021-06-24 10:02:59,15741.3,0
2021-06-24 10:03:00,15740.8,0
2021-06-24 10:03:01,15740.6,0
2021-06-24 10:03:02,15740.4,0
2021-06-24 10:03:03,15739.7,0
2021-06-24 10:03:04,15740.55,0
2021-06-24 10:03:05,15739.75,0
2021-06-24 10:03:06,15739.85,0
2021-06-24 10:03:07,15739.9,0
2021-06-24 10:03:08,15740.7,0
2021-06-24 10:03:09,15740.7,0
2021-06-24 10:03:10,15741.85,0
2021-06-24 10:03:11,15741.35,0
2021-06-24 10:03:12,15741.1,0
2021-06-24 10:03:13,15741.45,0
2021-06-24 10:03:14,15741.65,0
2021-06-24 10:03:15,15742.35,0
2021-06-24 10:03:16,15741.5,0
2021-06-24 10:03:17,15741.4,0
2021-06-24 10:03:18,15741.05,0
2021-06-24 10:03:19,15741.9,0
2021-06-24 10:03:20,15741.45,0
2021-06-24 10:03:21,15742.35,0
2021-06-24 10:03:22,15741.65,0
2021-06-24 10:03:23,15742.0,0
2021-06-24 10:03:24,15742.35,0
2021-06-24 10:03:26,15743.1,0
2021-06-24 10:03:27,15741.85,0
2021-06-24 10:03:28,15741.35,0
2021-06-24 10:03:29,15741.6,0
2021-06-24 10:03:30,15741.35,0
2021-06-24 10:03:31,15740.95,0
2021-06-24 10:03:32,15742.1,0
2021-06-24 10:03:33,15741.25,0
2021-06-24 10:03:34,15741.15,0
2021-06-24 10:03:35,15741.45,0
2021-06-24 10:03:36,15741.8,0
2021-06-24 10:03:37,15742.6,0
2021-06-24 10:03:38,15742.0,0
2021-06-24 10:03:39,15741.3,0
2021-06-24 10:03:40,15742.05,0
2021-06-24 10:03:41,15740.7,0
2021-06-24 10:03:42,15740.8,0
2021-06-24 10:03:43,15741.5,0
2021-06-24 10:03:44,15741.0,0
2021-06-24 10:03:45,15741.15,0
2021-06-24 10:03:46,15740.65,0
2021-06-24 10:03:47,15741.05,0
2021-06-24 10:03:48,15741.5,0
2021-06-24 10:03:49,15741.5,0
2021-06-24 10:03:52,15741.65,0
2021-06-24 10:03:53,15741.95,0
2021-06-24 10:03:55,15741.2,0
2021-06-24 10:03:56,15741.1,0
2021-06-24 10:03:57,15741.35,0
2021-06-24 10:03:59,15741.6,0
2021-06-24 10:04:00,15740.95,0
2021-06-24 10:04:01,15740.55,0
2021-06-24 10:04:02,15740.9,0
2021-06-24 10:04:03,15741.1,0
2021-06-24 10:04:04,15740.6,0
2021-06-24 10:04:05,15739.95,0
2021-06-24 10:04:06,15739.8,0
2021-06-24 10:04:09,15739.95,0
2021-06-24 10:04:11,15739.85,0
2021-06-24 10:04:12,15739.45,0
2021-06-24 10:04:13,15739.05,0
2021-06-24 10:04:14,15739.65,0
2021-06-24 10:04:15,15738.7,0
2021-06-24 10:04:16,15738.55,0
2021-06-24 10:04:17,15738.5,0
2021-06-24 10:04:18,15738.6,0
2021-06-24 10:04:19,15738.7,0
2021-06-24 10:04:20,15738.55,0
2021-06-24 10:04:21,15738.8,0
2021-06-24 10:04:22,15738.7,0
2021-06-24 10:04:23,15738.5,0
2021-06-24 10:04:24,15738.9,0
2021-06-24 10:04:26,15737.7,0
2021-06-24 10:04:27,15738.25,0
2021-06-24 10:04:28,15738.7,0
2021-06-24 10:04:30,15738.1,0
2021-06-24 10:04:31,15738.35,0
2021-06-24 10:04:32,15738.1,0
2021-06-24 10:04:33,15738.45,0
2021-06-24 10:04:34,15738.8,0
2021-06-24 10:04:35,15738.05,0
2021-06-24 10:04:39,15739.15,0
2021-06-24 10:04:40,15738.95,0
2021-06-24 10:04:42,15738.95,0
2021-06-24 10:04:43,15739.4,0
2021-06-24 10:04:44,15738.45,0
2021-06-24 10:04:45,15738.85,0
2021-06-24 10:04:46,15738.05,0
2021-06-24 10:04:47,15739.0,0
2021-06-24 10:04:48,15738.7,0
2021-06-24 10:04:49,15739.15,0
2021-06-24 10:04:50,15738.85,0
2021-06-24 10:04:51,15738.75,0
2021-06-24 10:04:52,15738.95,0
2021-06-24 10:04:53,15738.85,0
2021-06-24 10:04:54,15738.8,0
2021-06-24 10:04:55,15739.75,0
2021-06-24 10:04:56,15741.4,0
2021-06-24 10:04:57,15739.75,0
2021-06-24 10:04:58,15739.2,0
2021-06-24 10:04:59,15739.65,0
2021-06-24 10:05:00,15738.8,0
2021-06-24 10:05:01,15739.15,0
2021-06-24 10:05:02,15738.75,0
2021-06-24 10:05:03,15739.65,0
2021-06-24 10:05:04,15739.3,0
2021-06-24 10:05:05,15739.75,0
2021-06-24 10:05:06,15739.15,0
2021-06-24 10:05:08,15739.4,0
2021-06-24 10:05:09,15739.5,0
2021-06-24 10:05:10,15738.85,0
2021-06-24 10:05:11,15739.05,0
2021-06-24 10:05:12,15738.95,0
2021-06-24 10:05:13,15739.3,0
2021-06-24 10:05:14,15740.35,0
2021-06-24 10:05:15,15740.05,0
2021-06-24 10:05:16,15740.4,0
2021-06-24 10:05:17,15739.0,0
2021-06-24 10:05:18,15739.85,0
2021-06-24 10:05:19,15739.4,0
2021-06-24 10:05:20,15739.7,0
2021-06-24 10:05:21,15740.9,0
2021-06-24 10:05:22,15739.75,0
2021-06-24 10:05:23,15740.95,0
2021-06-24 10:05:24,15740.4,0
2021-06-24 10:05:25,15740.65,0
2021-06-24 10:05:26,15741.2,0
2021-06-24 10:05:27,15740.95,0
2021-06-24 10:05:28,15741.1,0
2021-06-24 10:05:29,15741.1,0
2021-06-24 10:05:30,15740.3,0
2021-06-24 10:05:31,15739.85,0
2021-06-24 10:05:32,15740.9,0
2021-06-24 10:05:33,15740.55,0
2021-06-24 10:05:34,15740.15,0
2021-06-24 10:05:35,15740.0,0
2021-06-24 10:05:36,15740.9,0
2021-06-24 10:05:37,15740.25,0
2021-06-24 10:05:38,15740.6,0
2021-06-24 10:05:39,15740.45,0
2021-06-24 10:05:40,15740.95,0
2021-06-24 10:05:42,15740.75,0
2021-06-24 10:05:43,15740.75,0
2021-06-24 10:05:44,15740.55,0
2021-06-24 10:05:46,15739.95,0
2021-06-24 10:05:47,15740.6,0
2021-06-24 10:05:48,15739.8,0
2021-06-24 10:05:49,15739.1,0
2021-06-24 10:05:50,15740.45,0
2021-06-24 10:05:51,15740.15,0
2021-06-24 10:05:52,15740.75,0
2021-06-24 10:05:53,15739.0,0
2021-06-24 10:05:54,15739.6,0
2021-06-24 10:05:56,15739.25,0
2021-06-24 10:05:57,15739.65,0
2021-06-24 10:05:58,15739.55,0
2021-06-24 10:05:59,15739.5,0
2021-06-24 10:06:00,15739.3,0
2021-06-24 10:06:01,15739.3,0
2021-06-24 10:06:02,15739.5,0
2021-06-24 10:06:05,15739.05,0
2021-06-24 10:06:06,15738.6,0
2021-06-24 10:06:07,15738.3,0
2021-06-24 10:06:09,15738.3,0
2021-06-24 10:06:10,15738.3,0
2021-06-24 10:06:11,15738.2,0
2021-06-24 10:06:13,15738.8,0
2021-06-24 10:06:14,15738.6,0
2021-06-24 10:06:15,15739.15,0
2021-06-24 10:06:16,15739.3,0
2021-06-24 10:06:17,15738.3,0
2021-06-24 10:06:18,15738.05,0
2021-06-24 10:06:19,15737.75,0
2021-06-24 10:06:20,15738.3,0
2021-06-24 10:06:21,15737.0,0
2021-06-24 10:06:22,15737.0,0
2021-06-24 10:06:23,15736.55,0
2021-06-24 10:06:24,15736.1,0
2021-06-24 10:06:25,15736.05,0
2021-06-24 10:06:26,15735.8,0
2021-06-24 10:06:27,15736.45,0
2021-06-24 10:06:28,15736.35,0
2021-06-24 10:06:29,15735.65,0
2021-06-24 10:06:30,15735.5,0
2021-06-24 10:06:31,15735.9,0
2021-06-24 10:06:32,15735.45,0
2021-06-24 10:06:33,15735.85,0
2021-06-24 10:06:34,15735.65,0
2021-06-24 10:06:35,15735.5,0
2021-06-24 10:06:36,15735.05,0
2021-06-24 10:06:37,15734.85,0
2021-06-24 10:06:38,15736.05,0
2021-06-24 10:06:40,15734.5,0
2021-06-24 10:06:41,15734.55,0
2021-06-24 10:06:42,15734.35,0
2021-06-24 10:06:43,15735.0,0
2021-06-24 10:06:44,15735.65,0
2021-06-24 10:06:45,15735.0,0
2021-06-24 10:06:46,15735.4,0
2021-06-24 10:06:48,15735.5,0
2021-06-24 10:06:49,15734.8,0
2021-06-24 10:06:50,15734.85,0
2021-06-24 10:06:51,15735.15,0
2021-06-24 10:06:52,15735.5,0
2021-06-24 10:06:54,15735.6,0
2021-06-24 10:06:55,15735.9,0
2021-06-24 10:06:56,15734.9,0
2021-06-24 10:06:57,15735.55,0
2021-06-24 10:06:58,15735.5,0
2021-06-24 10:06:59,15735.35,0
2021-06-24 10:07:00,15735.15,0
2021-06-24 10:07:01,15734.9,0
2021-06-24 10:07:02,15735.15,0
2021-06-24 10:07:03,15735.15,0
2021-06-24 10:07:04,15735.85,0
2021-06-24 10:07:05,15735.45,0
2021-06-24 10:07:06,15736.05,0
2021-06-24 10:07:08,15735.85,0
2021-06-24 10:07:09,15736.4,0
2021-06-24 10:07:10,15736.5,0
2021-06-24 10:07:11,15735.65,0
2021-06-24 10:07:12,15735.75,0
2021-06-24 10:07:13,15735.65,0
2021-06-24 10:07:14,15736.05,0
2021-06-24 10:07:15,15735.45,0
2021-06-24 10:07:16,15735.55,0
2021-06-24 10:07:17,15735.9,0
2021-06-24 10:07:18,15735.6,0
2021-06-24 10:07:20,15735.05,0
2021-06-24 10:07:21,15734.95,0
2021-06-24 10:07:22,15735.4,0
2021-06-24 10:07:23,15734.85,0
2021-06-24 10:07:24,15735.85,0
2021-06-24 10:07:25,15735.9,0
2021-06-24 10:07:26,15735.95,0
2021-06-24 10:07:27,15736.35,0
2021-06-24 10:07:28,15735.7,0
2021-06-24 10:07:29,15735.65,0
2021-06-24 10:07:30,15735.95,0
2021-06-24 10:07:31,15735.5,0
2021-06-24 10:07:32,15735.25,0
2021-06-24 10:07:34,15735.45,0
2021-06-24 10:07:35,15735.8,0
2021-06-24 10:07:36,15735.75,0
2021-06-24 10:07:37,15735.3,0
2021-06-24 10:07:38,15735.75,0
2021-06-24 10:07:39,15735.15,0
2021-06-24 10:07:40,15735.15,0
2021-06-24 10:07:41,15735.45,0
2021-06-24 10:07:42,15735.35,0
2021-06-24 10:07:43,15735.45,0
2021-06-24 10:07:45,15734.25,0
2021-06-24 10:07:46,15733.95,0
2021-06-24 10:07:47,15734.15,0
2021-06-24 10:07:48,15734.1,0
2021-06-24 10:07:49,15734.0,0
2021-06-24 10:07:50,15734.0,0
2021-06-24 10:07:51,15733.6,0
2021-06-24 10:07:52,15734.0,0
2021-06-24 10:07:53,15734.15,0
2021-06-24 10:07:54,15733.7,0
2021-06-24 10:07:55,15733.7,0
2021-06-24 10:07:56,15733.9,0
2021-06-24 10:07:57,15733.7,0
2021-06-24 10:07:58,15733.3,0
2021-06-24 10:07:59,15733.35,0
2021-06-24 10:08:00,15732.95,0
2021-06-24 10:08:01,15733.4,0
2021-06-24 10:08:02,15733.65,0
2021-06-24 10:08:03,15732.8,0
2021-06-24 10:08:04,15732.4,0
2021-06-24 10:08:05,15732.85,0
2021-06-24 10:08:06,15733.0,0
2021-06-24 10:08:07,15732.5,0
2021-06-24 10:08:08,15732.7,0
2021-06-24 10:08:09,15732.15,0
2021-06-24 10:08:10,15732.85,0
2021-06-24 10:08:11,15732.75,0
2021-06-24 10:08:12,15732.0,0
2021-06-24 10:08:13,15731.9,0
2021-06-24 10:08:14,15732.1,0
2021-06-24 10:08:16,15732.85,0
2021-06-24 10:08:17,15731.9,0
2021-06-24 10:08:18,15732.0,0
2021-06-24 10:08:19,15731.8,0
2021-06-24 10:08:20,15732.05,0
2021-06-24 10:08:21,15731.2,0
2021-06-24 10:08:22,15731.35,0
2021-06-24 10:08:23,15731.7,0
2021-06-24 10:08:24,15730.2,0
2021-06-24 10:08:25,15731.0,0
2021-06-24 10:08:26,15731.5,0
2021-06-24 10:08:27,15731.55,0
2021-06-24 10:08:28,15732.2,0
2021-06-24 10:08:29,15731.75,0
2021-06-24 10:08:30,15731.65,0
2021-06-24 10:08:31,15731.35,0
2021-06-24 10:08:32,15731.15,0
2021-06-24 10:08:33,15731.05,0
2021-06-24 10:08:34,15731.2,0
2021-06-24 10:08:35,15731.5,0
2021-06-24 10:08:36,15731.85,0
2021-06-24 10:08:37,15732.25,0
2021-06-24 10:08:38,15731.15,0
2021-06-24 10:08:39,15732.6,0
2021-06-24 10:08:40,15732.9,0
2021-06-24 10:08:41,15733.55,0
2021-06-24 10:08:42,15733.6,0
2021-06-24 10:08:43,15734.05,0
2021-06-24 10:08:44,15734.7,0
2021-06-24 10:08:45,15734.0,0
2021-06-24 10:08:46,15734.1,0
2021-06-24 10:08:47,15733.85,0
2021-06-24 10:08:48,15734.0,0
2021-06-24 10:08:49,15734.55,0
2021-06-24 10:08:50,15734.2,0
2021-06-24 10:08:51,15733.35,0
2021-06-24 10:08:52,15733.2,0
2021-06-24 10:08:53,15732.6,0
2021-06-24 10:08:54,15731.95,0
2021-06-24 10:08:55,15731.15,0
2021-06-24 10:08:56,15730.85,0
2021-06-24 10:08:57,15730.45,0
2021-06-24 10:08:58,15729.85,0
2021-06-24 10:08:59,15729.6,0
2021-06-24 10:09:00,15729.45,0
2021-06-24 10:09:01,15730.9,0
2021-06-24 10:09:02,15730.5,0
2021-06-24 10:09:03,15729.1,0
2021-06-24 10:09:04,15729.7,0
2021-06-24 10:09:05,15729.3,0
2021-06-24 10:09:06,15729.25,0
2021-06-24 10:09:07,15729.05,0
2021-06-24 10:09:08,15729.1,0
2021-06-24 10:09:09,15729.05,0
2021-06-24 10:09:10,15729.3,0
2021-06-24 10:09:11,15729.0,0
2021-06-24 10:09:12,15729.1,0
2021-06-24 10:09:13,15729.5,0
2021-06-24 10:09:14,15729.5,0
2021-06-24 10:09:15,15729.15,0
2021-06-24 10:09:16,15730.1,0
2021-06-24 10:09:17,15729.7,0
2021-06-24 10:09:18,15728.65,0
2021-06-24 10:09:19,15730.8,0
2021-06-24 10:09:21,15730.1,0
2021-06-24 10:09:22,15729.75,0
2021-06-24 10:09:23,15730.6,0
2021-06-24 10:09:26,15729.7,0
2021-06-24 10:09:27,15729.8,0
2021-06-24 10:09:28,15729.75,0
2021-06-24 10:09:29,15729.6,0
2021-06-24 10:09:30,15729.45,0
2021-06-24 10:09:32,15729.35,0
2021-06-24 10:09:33,15729.3,0
2021-06-24 10:09:34,15729.9,0
2021-06-24 10:09:35,15729.95,0
2021-06-24 10:09:36,15730.2,0
2021-06-24 10:09:37,15730.35,0
2021-06-24 10:09:38,15730.25,0
2021-06-24 10:09:39,15730.15,0
2021-06-24 10:09:40,15730.25,0
2021-06-24 10:09:41,15730.8,0
2021-06-24 10:09:43,15729.95,0
2021-06-24 10:09:44,15730.25,0
2021-06-24 10:09:45,15730.7,0
2021-06-24 10:09:46,15731.3,0
2021-06-24 10:09:47,15731.2,0
2021-06-24 10:09:48,15731.4,0
2021-06-24 10:09:49,15731.95,0
2021-06-24 10:09:51,15732.1,0
2021-06-24 10:09:52,15732.1,0
2021-06-24 10:09:53,15732.35,0
2021-06-24 10:09:54,15732.15,0
2021-06-24 10:09:55,15732.65,0
2021-06-24 10:09:56,15732.5,0
2021-06-24 10:09:57,15732.7,0
2021-06-24 10:09:58,15732.6,0
2021-06-24 10:09:59,15732.1,0
2021-06-24 10:10:00,15732.9,0
2021-06-24 10:10:01,15732.8,0
2021-06-24 10:10:02,15733.35,0
2021-06-24 10:10:03,15732.2,0
2021-06-24 10:10:04,15732.4,0
2021-06-24 10:10:05,15732.0,0
2021-06-24 10:10:06,15731.95,0
2021-06-24 10:10:07,15731.4,0
2021-06-24 10:10:08,15731.25,0
2021-06-24 10:10:09,15731.7,0
2021-06-24 10:10:10,15732.55,0
2021-06-24 10:10:11,15732.3,0
2021-06-24 10:10:12,15731.9,0
2021-06-24 10:10:13,15732.2,0
2021-06-24 10:10:14,15731.95,0
2021-06-24 10:10:15,15732.2,0
2021-06-24 10:10:16,15731.9,0
2021-06-24 10:10:17,15731.55,0
2021-06-24 10:10:18,15731.7,0
2021-06-24 10:10:19,15731.45,0
2021-06-24 10:10:20,15731.15,0
2021-06-24 10:10:21,15731.2,0
2021-06-24 10:10:22,15731.25,0
2021-06-24 10:10:23,15730.75,0
2021-06-24 10:10:24,15730.85,0
2021-06-24 10:10:25,15730.3,0
2021-06-24 10:10:26,15730.85,0
2021-06-24 10:10:27,15731.3,0
2021-06-24 10:10:28,15730.2,0
2021-06-24 10:10:29,15731.15,0
2021-06-24 10:10:30,15731.7,0
2021-06-24 10:10:31,15731.2,0
2021-06-24 10:10:33,15731.95,0
2021-06-24 10:10:34,15732.25,0
2021-06-24 10:10:35,15731.95,0
2021-06-24 10:10:36,15732.0,0
2021-06-24 10:10:37,15732.2,0
2021-06-24 10:10:38,15731.8,0
2021-06-24 10:10:39,15732.75,0
2021-06-24 10:10:40,15732.1,0
2021-06-24 10:10:41,15732.85,0
2021-06-24 10:10:42,15732.4,0
2021-06-24 10:10:43,15731.95,0
2021-06-24 10:10:45,15732.15,0
2021-06-24 10:10:46,15733.0,0
2021-06-24 10:10:47,15732.3,0
2021-06-24 10:10:48,15732.4,0
2021-06-24 10:10:50,15733.1,0
2021-06-24 10:10:51,15734.65,0
2021-06-24 10:10:52,15733.2,0
2021-06-24 10:10:53,15733.8,0
2021-06-24 10:10:54,15734.15,0
2021-06-24 10:10:55,15735.6,0
2021-06-24 10:10:56,15734.3,0
2021-06-24 10:10:57,15734.05,0
2021-06-24 10:10:58,15733.55,0
2021-06-24 10:10:59,15733.5,0
2021-06-24 10:11:00,15734.05,0
2021-06-24 10:11:01,15733.7,0
2021-06-24 10:11:03,15734.25,0
2021-06-24 10:11:04,15734.55,0
2021-06-24 10:11:05,15734.8,0
2021-06-24 10:11:07,15734.75,0
2021-06-24 10:11:08,15734.35,0
2021-06-24 10:11:09,15734.25,0
2021-06-24 10:11:10,15734.0,0
2021-06-24 10:11:11,15733.85,0
2021-06-24 10:11:12,15735.35,0
2021-06-24 10:11:13,15735.0,0
2021-06-24 10:11:14,15735.35,0
2021-06-24 10:11:15,15734.65,0
2021-06-24 10:11:16,15735.55,0
2021-06-24 10:11:17,15735.55,0
2021-06-24 10:11:18,15733.65,0
2021-06-24 10:11:19,15733.9,0
2021-06-24 10:11:20,15734.8,0
2021-06-24 10:11:21,15734.6,0
2021-06-24 10:11:22,15734.6,0
2021-06-24 10:11:23,15735.4,0
2021-06-24 10:11:24,15736.2,0
2021-06-24 10:11:25,15735.4,0
2021-06-24 10:11:26,15735.05,0
2021-06-24 10:11:27,15735.25,0
2021-06-24 10:11:28,15735.5,0
2021-06-24 10:11:29,15734.75,0
2021-06-24 10:11:30,15735.2,0
2021-06-24 10:11:31,15734.85,0
2021-06-24 10:11:32,15734.85,0
2021-06-24 10:11:33,15734.05,0
2021-06-24 10:11:34,15735.15,0
2021-06-24 10:11:35,15735.15,0
2021-06-24 10:11:36,15734.1,0
2021-06-24 10:11:37,15734.45,0
2021-06-24 10:11:38,15733.85,0
2021-06-24 10:11:39,15734.15,0
2021-06-24 10:11:40,15733.6,0
2021-06-24 10:11:41,15734.1,0
2021-06-24 10:11:42,15733.65,0
2021-06-24 10:11:43,15733.9,0
2021-06-24 10:11:44,15734.3,0
2021-06-24 10:11:45,15733.8,0
2021-06-24 10:11:46,15733.8,0
2021-06-24 10:11:47,15733.6,0
2021-06-24 10:11:48,15733.3,0
2021-06-24 10:11:50,15732.8,0
2021-06-24 10:11:51,15733.15,0
2021-06-24 10:11:52,15732.05,0
2021-06-24 10:11:53,15733.0,0
2021-06-24 10:11:54,15733.15,0
2021-06-24 10:11:55,15732.8,0
2021-06-24 10:11:56,15733.3,0
2021-06-24 10:11:57,15733.6,0
2021-06-24 10:11:58,15733.3,0
2021-06-24 10:11:59,15732.55,0
2021-06-24 10:12:00,15732.55,0
2021-06-24 10:12:01,15731.85,0
2021-06-24 10:12:02,15732.45,0
2021-06-24 10:12:03,15730.45,0
2021-06-24 10:12:04,15730.6,0
2021-06-24 10:12:06,15729.55,0
2021-06-24 10:12:07,15729.65,0
2021-06-24 10:12:08,15729.95,0
2021-06-24 10:12:09,15729.85,0
2021-06-24 10:12:10,15729.05,0
2021-06-24 10:12:11,15728.65,0
2021-06-24 10:12:12,15729.15,0
2021-06-24 10:12:13,15729.95,0
2021-06-24 10:12:14,15729.75,0
2021-06-24 10:12:16,15729.3,0
2021-06-24 10:12:17,15729.2,0
2021-06-24 10:12:18,15728.6,0
2021-06-24 10:12:19,15729.0,0
2021-06-24 10:12:20,15729.85,0
2021-06-24 10:12:21,15729.6,0
2021-06-24 10:12:23,15729.7,0
2021-06-24 10:12:25,15729.3,0
2021-06-24 10:12:26,15728.2,0
2021-06-24 10:12:27,15728.2,0
2021-06-24 10:12:28,15729.2,0
2021-06-24 10:12:29,15729.15,0
2021-06-24 10:12:30,15729.75,0
2021-06-24 10:12:31,15730.0,0
2021-06-24 10:12:32,15730.3,0
2021-06-24 10:12:33,15729.4,0
2021-06-24 10:12:34,15729.9,0
2021-06-24 10:12:35,15729.95,0
2021-06-24 10:12:36,15730.65,0
2021-06-24 10:12:38,15730.05,0
2021-06-24 10:12:39,15729.35,0
2021-06-24 10:12:40,15729.6,0
2021-06-24 10:12:41,15729.45,0
2021-06-24 10:12:42,15730.2,0
2021-06-24 10:12:43,15730.5,0
2021-06-24 10:12:44,15730.45,0
2021-06-24 10:12:45,15729.55,0
2021-06-24 10:12:46,15728.85,0
2021-06-24 10:12:48,15729.95,0
2021-06-24 10:12:49,15730.05,0
2021-06-24 10:12:50,15729.75,0
2021-06-24 10:12:52,15729.5,0
2021-06-24 10:12:53,15729.85,0
2021-06-24 10:12:54,15729.55,0
2021-06-24 10:12:55,15729.35,0
2021-06-24 10:12:56,15729.3,0
2021-06-24 10:12:57,15729.25,0
2021-06-24 10:12:58,15728.45,0
2021-06-24 10:12:59,15729.65,0
2021-06-24 10:13:00,15729.4,0
2021-06-24 10:13:01,15729.4,0
2021-06-24 10:13:02,15729.5,0
2021-06-24 10:13:03,15729.35,0
2021-06-24 10:13:04,15728.4,0
2021-06-24 10:13:05,15729.5,0
2021-06-24 10:13:07,15729.15,0
2021-06-24 10:13:08,15729.6,0
2021-06-24 10:13:09,15729.6,0
2021-06-24 10:13:10,15728.25,0
2021-06-24 10:13:11,15728.2,0
2021-06-24 10:13:12,15729.25,0
2021-06-24 10:13:13,15729.0,0
2021-06-24 10:13:14,15728.95,0
2021-06-24 10:13:15,15729.4,0
2021-06-24 10:13:16,15728.8,0
2021-06-24 10:13:18,15729.55,0
2021-06-24 10:13:19,15729.35,0
2021-06-24 10:13:20,15729.25,0
2021-06-24 10:13:21,15728.85,0
2021-06-24 10:13:22,15729.35,0
2021-06-24 10:13:23,15729.2,0
2021-06-24 10:13:25,15729.4,0
2021-06-24 10:13:26,15729.35,0
2021-06-24 10:13:27,15729.35,0
2021-06-24 10:13:29,15729.9,0
2021-06-24 10:13:30,15729.7,0
2021-06-24 10:13:31,15729.45,0
2021-06-24 10:13:32,15730.4,0
2021-06-24 10:13:33,15730.6,0
2021-06-24 10:13:34,15730.95,0
2021-06-24 10:13:35,15730.55,0
2021-06-24 10:13:36,15730.4,0
2021-06-24 10:13:37,15731.15,0
2021-06-24 10:13:38,15731.95,0
2021-06-24 10:13:39,15732.05,0
2021-06-24 10:13:40,15731.6,0
2021-06-24 10:13:41,15731.35,0
2021-06-24 10:13:42,15731.45,0
2021-06-24 10:13:43,15731.5,0
2021-06-24 10:13:44,15731.75,0
2021-06-24 10:13:45,15731.9,0
2021-06-24 10:13:46,15731.35,0
2021-06-24 10:13:47,15731.5,0
2021-06-24 10:13:48,15731.6,0
2021-06-24 10:13:49,15731.8,0
2021-06-24 10:13:50,15732.35,0
2021-06-24 10:13:51,15731.85,0
2021-06-24 10:13:52,15730.05,0
2021-06-24 10:13:53,15731.05,0
2021-06-24 10:13:54,15731.45,0
2021-06-24 10:13:55,15731.65,0
2021-06-24 10:13:56,15731.85,0
2021-06-24 10:13:57,15731.5,0
2021-06-24 10:13:58,15731.4,0
2021-06-24 10:13:59,15731.7,0
2021-06-24 10:14:00,15731.5,0
2021-06-24 10:14:01,15731.4,0
2021-06-24 10:14:02,15731.6,0
2021-06-24 10:14:03,15731.65,0
2021-06-24 10:14:04,15731.95,0
2021-06-24 10:14:05,15732.1,0
2021-06-24 10:14:06,15731.2,0
2021-06-24 10:14:07,15731.75,0
2021-06-24 10:14:08,15731.0,0
2021-06-24 10:14:09,15730.95,0
2021-06-24 10:14:10,15731.55,0
2021-06-24 10:14:11,15731.55,0
2021-06-24 10:14:12,15731.9,0
2021-06-24 10:14:13,15731.65,0
2021-06-24 10:14:14,15731.6,0
2021-06-24 10:14:15,15730.8,0
2021-06-24 10:14:16,15730.9,0
2021-06-24 10:14:17,15730.8,0
2021-06-24 10:14:18,15731.45,0
2021-06-24 10:14:19,15731.05,0
2021-06-24 10:14:20,15731.6,0
2021-06-24 10:14:21,15731.7,0
2021-06-24 10:14:22,15730.85,0
2021-06-24 10:14:23,15731.9,0
2021-06-24 10:14:24,15732.3,0
2021-06-24 10:14:25,15732.45,0
2021-06-24 10:14:26,15732.05,0
2021-06-24 10:14:27,15732.25,0
2021-06-24 10:14:28,15732.05,0
2021-06-24 10:14:29,15732.4,0
2021-06-24 10:14:30,15732.6,0
2021-06-24 10:14:32,15732.75,0
2021-06-24 10:14:33,15732.6,0
2021-06-24 10:14:34,15733.2,0
2021-06-24 10:14:35,15732.45,0
2021-06-24 10:14:36,15732.75,0
2021-06-24 10:14:37,15733.0,0
2021-06-24 10:14:39,15732.4,0
2021-06-24 10:14:40,15732.6,0
2021-06-24 10:14:42,15732.9,0
2021-06-24 10:14:43,15733.05,0
2021-06-24 10:14:44,15732.85,0
2021-06-24 10:14:45,15731.85,0
2021-06-24 10:14:46,15732.15,0
2021-06-24 10:14:47,15731.65,0
2021-06-24 10:14:48,15731.75,0
2021-06-24 10:14:49,15732.35,0
2021-06-24 10:14:51,15731.85,0
2021-06-24 10:14:52,15731.2,0
2021-06-24 10:14:53,15731.45,0
2021-06-24 10:14:54,15731.0,0
2021-06-24 10:14:55,15731.75,0
2021-06-24 10:14:56,15731.6,0
2021-06-24 10:14:57,15731.35,0
2021-06-24 10:14:58,15731.35,0
2021-06-24 10:14:59,15731.05,0
2021-06-24 10:15:00,15731.3,0
2021-06-24 10:15:01,15730.95,0
2021-06-24 10:15:02,15730.85,0
2021-06-24 10:15:03,15730.7,0
2021-06-24 10:15:05,15731.45,0
2021-06-24 10:15:06,15731.3,0
2021-06-24 10:15:07,15731.6,0
2021-06-24 10:15:08,15731.5,0
2021-06-24 10:15:09,15731.95,0
2021-06-24 10:15:10,15731.8,0
2021-06-24 10:15:11,15731.3,0
2021-06-24 10:15:12,15731.65,0
2021-06-24 10:15:13,15731.95,0
2021-06-24 10:15:14,15731.85,0
2021-06-24 10:15:15,15732.0,0
2021-06-24 10:15:16,15731.4,0
2021-06-24 10:15:17,15733.1,0
2021-06-24 10:15:18,15732.8,0
2021-06-24 10:15:19,15732.6,0
2021-06-24 10:15:20,15733.65,0
2021-06-24 10:15:21,15733.05,0
2021-06-24 10:15:22,15732.9,0
2021-06-24 10:15:23,15733.3,0
2021-06-24 10:15:24,15733.45,0
2021-06-24 10:15:25,15733.65,0
2021-06-24 10:15:26,15733.45,0
2021-06-24 10:15:27,15732.9,0
2021-06-24 10:15:28,15732.65,0
2021-06-24 10:15:29,15733.05,0
2021-06-24 10:15:30,15733.65,0
2021-06-24 10:15:31,15732.55,0
2021-06-24 10:15:32,15732.4,0
2021-06-24 10:15:33,15732.55,0
2021-06-24 10:15:34,15732.6,0
2021-06-24 10:15:35,15733.0,0
2021-06-24 10:15:36,15732.6,0
2021-06-24 10:15:37,15733.0,0
2021-06-24 10:15:38,15732.75,0
2021-06-24 10:15:39,15732.55,0
2021-06-24 10:15:40,15732.6,0
2021-06-24 10:15:42,15732.8,0
2021-06-24 10:15:43,15732.85,0
2021-06-24 10:15:44,15732.8,0
2021-06-24 10:15:45,15732.55,0
2021-06-24 10:15:46,15733.05,0
2021-06-24 10:15:47,15733.0,0
2021-06-24 10:15:48,15732.85,0
2021-06-24 10:15:49,15733.0,0
2021-06-24 10:15:50,15732.8,0
2021-06-24 10:15:51,15732.95,0
2021-06-24 10:15:52,15733.05,0
2021-06-24 10:15:53,15734.0,0
2021-06-24 10:15:54,15734.15,0
2021-06-24 10:15:55,15733.75,0
2021-06-24 10:15:56,15733.75,0
2021-06-24 10:15:57,15733.8,0
2021-06-24 10:15:58,15733.8,0
2021-06-24 10:15:59,15733.65,0
2021-06-24 10:16:00,15732.65,0
2021-06-24 10:16:01,15733.0,0
2021-06-24 10:16:02,15733.55,0
2021-06-24 10:16:03,15733.55,0
2021-06-24 10:16:04,15733.0,0
2021-06-24 10:16:05,15732.9,0
2021-06-24 10:16:06,15733.15,0
2021-06-24 10:16:07,15732.5,0
2021-06-24 10:16:08,15732.1,0
2021-06-24 10:16:09,15732.45,0
2021-06-24 10:16:10,15732.3,0
2021-06-24 10:16:11,15731.65,0
2021-06-24 10:16:12,15731.05,0
2021-06-24 10:16:13,15732.0,0
2021-06-24 10:16:14,15731.55,0
2021-06-24 10:16:15,15732.25,0
2021-06-24 10:16:16,15731.55,0
2021-06-24 10:16:17,15730.9,0
2021-06-24 10:16:18,15730.95,0
2021-06-24 10:16:19,15731.6,0
2021-06-24 10:16:20,15731.7,0
2021-06-24 10:16:21,15732.6,0
2021-06-24 10:16:22,15731.65,0
2021-06-24 10:16:23,15732.2,0
2021-06-24 10:16:24,15732.85,0
2021-06-24 10:16:25,15732.35,0
2021-06-24 10:16:26,15732.15,0
2021-06-24 10:16:27,15731.8,0
2021-06-24 10:16:28,15732.25,0
2021-06-24 10:16:29,15732.05,0
2021-06-24 10:16:30,15732.55,0
2021-06-24 10:16:31,15731.6,0
2021-06-24 10:16:32,15732.55,0
2021-06-24 10:16:34,15730.8,0
2021-06-24 10:16:35,15731.45,0
2021-06-24 10:16:36,15732.15,0
2021-06-24 10:16:37,15730.9,0
2021-06-24 10:16:38,15731.85,0
2021-06-24 10:16:39,15733.0,0
2021-06-24 10:16:40,15731.8,0
2021-06-24 10:16:41,15731.5,0
2021-06-24 10:16:42,15730.8,0
2021-06-24 10:16:43,15731.5,0
2021-06-24 10:16:45,15732.0,0
2021-06-24 10:16:47,15731.05,0
2021-06-24 10:16:48,15731.2,0
2021-06-24 10:16:50,15731.3,0
2021-06-24 10:16:51,15731.55,0
2021-06-24 10:16:52,15731.5,0
2021-06-24 10:16:53,15731.1,0
2021-06-24 10:16:54,15729.65,0
2021-06-24 10:16:55,15730.45,0
2021-06-24 10:16:56,15730.85,0
2021-06-24 10:16:57,15730.7,0
2021-06-24 10:16:58,15730.85,0
2021-06-24 10:16:59,15730.45,0
2021-06-24 10:17:00,15730.95,0
2021-06-24 10:17:01,15731.0,0
2021-06-24 10:17:02,15731.0,0
2021-06-24 10:17:03,15730.1,0
2021-06-24 10:17:04,15730.35,0
2021-06-24 10:17:05,15731.05,0
2021-06-24 10:17:06,15730.25,0
2021-06-24 10:17:07,15730.9,0
2021-06-24 10:17:08,15730.5,0
2021-06-24 10:17:09,15730.9,0
2021-06-24 10:17:10,15731.2,0
2021-06-24 10:17:11,15731.75,0
2021-06-24 10:17:12,15732.2,0
2021-06-24 10:17:13,15733.0,0
2021-06-24 10:17:14,15733.6,0
2021-06-24 10:17:15,15732.75,0
2021-06-24 10:17:16,15733.45,0
2021-06-24 10:17:17,15733.8,0
2021-06-24 10:17:18,15733.0,0
2021-06-24 10:17:19,15733.55,0
2021-06-24 10:17:20,15733.15,0
2021-06-24 10:17:21,15733.45,0
2021-06-24 10:17:22,15733.9,0
2021-06-24 10:17:23,15734.0,0
2021-06-24 10:17:24,15734.0,0
2021-06-24 10:17:25,15734.1,0
2021-06-24 10:17:26,15733.7,0
2021-06-24 10:17:27,15733.05,0
2021-06-24 10:17:28,15733.35,0
2021-06-24 10:17:29,15733.4,0
2021-06-24 10:17:30,15734.45,0
2021-06-24 10:17:31,15733.85,0
2021-06-24 10:17:32,15734.0,0
2021-06-24 10:17:33,15733.75,0
2021-06-24 10:17:34,15733.45,0
2021-06-24 10:17:35,15733.25,0
2021-06-24 10:17:36,15733.55,0
2021-06-24 10:17:37,15733.0,0
2021-06-24 10:17:38,15732.95,0
2021-06-24 10:17:39,15733.4,0
2021-06-24 10:17:40,15734.25,0
2021-06-24 10:17:41,15733.7,0
2021-06-24 10:17:42,15733.2,0
2021-06-24 10:17:43,15733.2,0
2021-06-24 10:17:44,15733.5,0
2021-06-24 10:17:45,15732.9,0
2021-06-24 10:17:46,15733.55,0
2021-06-24 10:17:47,15733.65,0
2021-06-24 10:17:48,15733.75,0
2021-06-24 10:17:49,15733.75,0
2021-06-24 10:17:50,15733.25,0
2021-06-24 10:17:51,15732.45,0
2021-06-24 10:17:52,15733.35,0
2021-06-24 10:17:53,15733.55,0
2021-06-24 10:17:54,15733.15,0
2021-06-24 10:17:55,15733.25,0
2021-06-24 10:17:56,15733.45,0
2021-06-24 10:17:57,15733.9,0
2021-06-24 10:17:58,15733.25,0
2021-06-24 10:18:00,15734.15,0
2021-06-24 10:18:01,15733.8,0
2021-06-24 10:18:02,15733.6,0
2021-06-24 10:18:03,15733.8,0
2021-06-24 10:18:04,15734.6,0
2021-06-24 10:18:05,15733.95,0
2021-06-24 10:18:06,15733.85,0
2021-06-24 10:18:07,15733.9,0
2021-06-24 10:18:08,15733.75,0
2021-06-24 10:18:09,15732.9,0
2021-06-24 10:18:10,15733.3,0
2021-06-24 10:18:11,15734.15,0
2021-06-24 10:18:12,15734.25,0
2021-06-24 10:18:13,15733.8,0
2021-06-24 10:18:14,15733.65,0
2021-06-24 10:18:15,15734.0,0
2021-06-24 10:18:17,15733.5,0
2021-06-24 10:18:18,15733.7,0
2021-06-24 10:18:19,15734.05,0
2021-06-24 10:18:20,15734.2,0
2021-06-24 10:18:21,15734.55,0
2021-06-24 10:18:22,15733.95,0
2021-06-24 10:18:23,15734.6,0
2021-06-24 10:18:24,15734.45,0
2021-06-24 10:18:25,15735.15,0
2021-06-24 10:18:26,15735.75,0
2021-06-24 10:18:27,15735.6,0
2021-06-24 10:18:28,15735.5,0
2021-06-24 10:18:29,15735.65,0
2021-06-24 10:18:30,15735.9,0
2021-06-24 10:18:31,15735.85,0
2021-06-24 10:18:32,15734.65,0
2021-06-24 10:18:33,15735.75,0
2021-06-24 10:18:34,15736.35,0
2021-06-24 10:18:35,15734.9,0
2021-06-24 10:18:36,15735.75,0
2021-06-24 10:18:37,15735.8,0
2021-06-24 10:18:38,15736.1,0
2021-06-24 10:18:39,15736.05,0
2021-06-24 10:18:40,15736.9,0
2021-06-24 10:18:41,15735.6,0
2021-06-24 10:18:42,15736.0,0
2021-06-24 10:18:43,15735.45,0
2021-06-24 10:18:44,15736.15,0
2021-06-24 10:18:45,15735.6,0
2021-06-24 10:18:46,15736.15,0
2021-06-24 10:18:47,15735.35,0
2021-06-24 10:18:48,15735.55,0
2021-06-24 10:18:49,15736.2,0
2021-06-24 10:18:50,15736.55,0
2021-06-24 10:18:51,15736.55,0
2021-06-24 10:18:52,15736.3,0
2021-06-24 10:18:53,15736.55,0
2021-06-24 10:18:54,15736.6,0
2021-06-24 10:18:55,15737.3,0
2021-06-24 10:18:56,15736.4,0
2021-06-24 10:18:57,15736.65,0
2021-06-24 10:18:58,15737.1,0
2021-06-24 10:18:59,15737.05,0
2021-06-24 10:19:00,15737.3,0
2021-06-24 10:19:01,15737.55,0
2021-06-24 10:19:05,15737.65,0
2021-06-24 10:19:07,15737.4,0
2021-06-24 10:19:08,15738.75,0
2021-06-24 10:19:09,15738.6,0
2021-06-24 10:19:10,15738.45,0
2021-06-24 10:19:11,15738.6,0
2021-06-24 10:19:12,15738.85,0
2021-06-24 10:19:13,15738.75,0
2021-06-24 10:19:14,15738.45,0
2021-06-24 10:19:15,15738.55,0
2021-06-24 10:19:16,15739.0,0
2021-06-24 10:19:17,15739.4,0
2021-06-24 10:19:18,15739.7,0
2021-06-24 10:19:20,15739.95,0
2021-06-24 10:19:22,15739.95,0
2021-06-24 10:19:24,15739.75,0
2021-06-24 10:19:25,15740.1,0
2021-06-24 10:19:26,15739.3,0
2021-06-24 10:19:27,15740.0,0
2021-06-24 10:19:28,15739.65,0
2021-06-24 10:19:29,15739.8,0
2021-06-24 10:19:31,15739.7,0
2021-06-24 10:19:32,15740.05,0
2021-06-24 10:19:33,15739.75,0
2021-06-24 10:19:34,15739.75,0
2021-06-24 10:19:35,15739.85,0
2021-06-24 10:19:37,15739.1,0
2021-06-24 10:19:38,15739.9,0
2021-06-24 10:19:39,15740.15,0
2021-06-24 10:19:40,15739.95,0
2021-06-24 10:19:41,15740.0,0
2021-06-24 10:19:43,15740.5,0
2021-06-24 10:19:44,15740.45,0
2021-06-24 10:19:45,15740.0,0
2021-06-24 10:19:47,15740.0,0
2021-06-24 10:19:48,15739.4,0
2021-06-24 10:19:50,15739.45,0
2021-06-24 10:19:52,15738.8,0
2021-06-24 10:19:53,15738.7,0
2021-06-24 10:19:54,15738.35,0
2021-06-24 10:19:56,15739.1,0
2021-06-24 10:19:57,15738.7,0
2021-06-24 10:19:58,15738.4,0
2021-06-24 10:19:59,15738.85,0
2021-06-24 10:20:00,15738.45,0
2021-06-24 10:20:01,15738.85,0
2021-06-24 10:20:02,15738.7,0
2021-06-24 10:20:03,15737.75,0
2021-06-24 10:20:04,15738.55,0
2021-06-24 10:20:06,15738.3,0
2021-06-24 10:20:07,15737.2,0
2021-06-24 10:20:08,15738.1,0
2021-06-24 10:20:09,15738.45,0
2021-06-24 10:20:10,15737.7,0
2021-06-24 10:20:11,15738.15,0
2021-06-24 10:20:12,15737.45,0
2021-06-24 10:20:13,15737.5,0
2021-06-24 10:20:14,15738.85,0
2021-06-24 10:20:15,15738.15,0
2021-06-24 10:20:16,15738.3,0
2021-06-24 10:20:17,15738.95,0
2021-06-24 10:20:18,15738.7,0
2021-06-24 10:20:19,15738.65,0
2021-06-24 10:20:20,15738.35,0
2021-06-24 10:20:21,15738.2,0
2021-06-24 10:20:22,15738.95,0
2021-06-24 10:20:23,15738.35,0
2021-06-24 10:20:24,15738.7,0
2021-06-24 10:20:25,15738.65,0
2021-06-24 10:20:26,15738.05,0
2021-06-24 10:20:27,15737.55,0
2021-06-24 10:20:28,15738.0,0
2021-06-24 10:20:29,15738.5,0
2021-06-24 10:20:30,15738.4,0
2021-06-24 10:20:31,15737.35,0
2021-06-24 10:20:32,15737.6,0
2021-06-24 10:20:33,15736.95,0
2021-06-24 10:20:34,15737.9,0
2021-06-24 10:20:35,15737.25,0
2021-06-24 10:20:36,15737.2,0
2021-06-24 10:20:37,15736.45,0
2021-06-24 10:20:38,15737.05,0
2021-06-24 10:20:39,15737.05,0
2021-06-24 10:20:40,15736.95,0
2021-06-24 10:20:41,15737.05,0
2021-06-24 10:20:42,15736.9,0
2021-06-24 10:20:43,15736.7,0
2021-06-24 10:20:44,15736.95,0
2021-06-24 10:20:45,15737.3,0
2021-06-24 10:20:46,15736.15,0
2021-06-24 10:20:47,15737.1,0
2021-06-24 10:20:48,15736.45,0
2021-06-24 10:20:49,15735.85,0
2021-06-24 10:20:50,15736.05,0
2021-06-24 10:20:51,15735.9,0
2021-06-24 10:20:52,15735.65,0
2021-06-24 10:20:53,15735.95,0
2021-06-24 10:20:54,15735.9,0
2021-06-24 10:20:55,15736.35,0
2021-06-24 10:20:56,15736.4,0
2021-06-24 10:20:57,15736.0,0
2021-06-24 10:20:58,15736.5,0
2021-06-24 10:20:59,15736.5,0
2021-06-24 10:21:00,15736.45,0
2021-06-24 10:21:01,15736.4,0
2021-06-24 10:21:02,15736.5,0
2021-06-24 10:21:03,15736.3,0
2021-06-24 10:21:04,15737.0,0
2021-06-24 10:21:05,15737.7,0
2021-06-24 10:21:06,15736.7,0
2021-06-24 10:21:07,15736.75,0
2021-06-24 10:21:08,15737.1,0
2021-06-24 10:21:09,15737.25,0
2021-06-24 10:21:10,15736.75,0
2021-06-24 10:21:12,15736.8,0
2021-06-24 10:21:13,15736.95,0
2021-06-24 10:21:14,15737.7,0
2021-06-24 10:21:15,15737.6,0
2021-06-24 10:21:17,15737.05,0
2021-06-24 10:21:18,15737.8,0
2021-06-24 10:21:19,15737.9,0
2021-06-24 10:21:20,15738.05,0
2021-06-24 10:21:21,15738.5,0
2021-06-24 10:21:22,15738.2,0
2021-06-24 10:21:23,15738.7,0
2021-06-24 10:21:24,15739.0,0
2021-06-24 10:21:26,15738.15,0
2021-06-24 10:21:27,15738.3,0
2021-06-24 10:21:28,15738.25,0
2021-06-24 10:21:29,15738.65,0
2021-06-24 10:21:30,15738.1,0
2021-06-24 10:21:31,15738.65,0
2021-06-24 10:21:32,15738.8,0
2021-06-24 10:21:33,15738.75,0
2021-06-24 10:21:34,15739.2,0
2021-06-24 10:21:35,15739.2,0
2021-06-24 10:21:36,15738.6,0
2021-06-24 10:21:37,15738.7,0
2021-06-24 10:21:38,15738.2,0
2021-06-24 10:21:39,15739.15,0
2021-06-24 10:21:40,15739.1,0
2021-06-24 10:21:41,15738.8,0
2021-06-24 10:21:42,15738.4,0
2021-06-24 10:21:43,15737.95,0
2021-06-24 10:21:44,15738.3,0
2021-06-24 10:21:45,15738.6,0
2021-06-24 10:21:46,15737.8,0
2021-06-24 10:21:48,15738.3,0
2021-06-24 10:21:47,15738.05,0
2021-06-24 10:21:49,15738.2,0
2021-06-24 10:21:50,15738.15,0
2021-06-24 10:21:51,15738.05,0
2021-06-24 10:21:52,15737.95,0
2021-06-24 10:21:54,15738.3,0
2021-06-24 10:21:55,15738.5,0
2021-06-24 10:21:56,15738.35,0
2021-06-24 10:21:57,15738.7,0
2021-06-24 10:21:58,15738.95,0
2021-06-24 10:21:59,15738.8,0
2021-06-24 10:22:00,15738.75,0
2021-06-24 10:22:01,15738.65,0
2021-06-24 10:22:03,15738.45,0
2021-06-24 10:22:04,15739.0,0
2021-06-24 10:22:05,15739.35,0
2021-06-24 10:22:06,15738.95,0
2021-06-24 10:22:07,15738.8,0
2021-06-24 10:22:08,15738.45,0
2021-06-24 10:22:09,15738.7,0
2021-06-24 10:22:10,15739.1,0
2021-06-24 10:22:11,15738.8,0
2021-06-24 10:22:12,15738.6,0
2021-06-24 10:22:13,15738.4,0
2021-06-24 10:22:14,15738.55,0
2021-06-24 10:22:15,15738.45,0
2021-06-24 10:22:16,15738.85,0
2021-06-24 10:22:17,15738.35,0
2021-06-24 10:22:18,15738.15,0
2021-06-24 10:22:19,15738.95,0
2021-06-24 10:22:20,15738.3,0
2021-06-24 10:22:21,15738.0,0
2021-06-24 10:22:22,15738.0,0
2021-06-24 10:22:23,15738.05,0
2021-06-24 10:22:24,15737.6,0
2021-06-24 10:22:25,15737.7,0
2021-06-24 10:22:26,15737.8,0
2021-06-24 10:22:27,15737.6,0
2021-06-24 10:22:28,15737.35,0
2021-06-24 10:22:29,15737.85,0
2021-06-24 10:22:30,15737.8,0
2021-06-24 10:22:31,15737.75,0
2021-06-24 10:22:32,15738.0,0
2021-06-24 10:22:33,15738.0,0
2021-06-24 10:22:34,15737.7,0
2021-06-24 10:22:35,15737.25,0
2021-06-24 10:22:36,15736.9,0
2021-06-24 10:22:37,15736.7,0
2021-06-24 10:22:38,15737.25,0
2021-06-24 10:22:39,15737.25,0
2021-06-24 10:22:40,15737.25,0
2021-06-24 10:22:41,15736.6,0
2021-06-24 10:22:42,15736.8,0
2021-06-24 10:22:43,15736.7,0
2021-06-24 10:22:44,15736.55,0
2021-06-24 10:22:45,15736.1,0
2021-06-24 10:22:46,15736.15,0
2021-06-24 10:22:47,15736.3,0
2021-06-24 10:22:48,15736.3,0
2021-06-24 10:22:49,15735.95,0
2021-06-24 10:22:50,15735.7,0
2021-06-24 10:22:51,15735.3,0
2021-06-24 10:22:52,15735.5,0
2021-06-24 10:22:53,15734.95,0
2021-06-24 10:22:54,15734.35,0
2021-06-24 10:22:55,15734.4,0
2021-06-24 10:22:56,15734.65,0
2021-06-24 10:22:57,15734.55,0
2021-06-24 10:22:58,15734.65,0
2021-06-24 10:22:59,15735.35,0
2021-06-24 10:23:00,15734.8,0
2021-06-24 10:23:01,15734.95,0
2021-06-24 10:23:02,15734.5,0
2021-06-24 10:23:03,15734.9,0
2021-06-24 10:23:04,15734.9,0
2021-06-24 10:23:05,15734.2,0
2021-06-24 10:23:06,15734.2,0
2021-06-24 10:23:07,15734.35,0
2021-06-24 10:23:08,15734.55,0
2021-06-24 10:23:09,15734.25,0
2021-06-24 10:23:10,15733.95,0
2021-06-24 10:23:11,15734.3,0
2021-06-24 10:23:12,15734.3,0
2021-06-24 10:23:13,15734.2,0
2021-06-24 10:23:15,15733.95,0
2021-06-24 10:23:14,15734.0,0
2021-06-24 10:23:16,15734.15,0
2021-06-24 10:23:17,15734.4,0
2021-06-24 10:23:18,15734.0,0
2021-06-24 10:23:19,15733.4,0
2021-06-24 10:23:20,15733.15,0
2021-06-24 10:23:21,15733.45,0
2021-06-24 10:23:22,15732.65,0
2021-06-24 10:23:23,15732.65,0
2021-06-24 10:23:24,15732.5,0
2021-06-24 10:23:25,15732.85,0
2021-06-24 10:23:26,15732.65,0
2021-06-24 10:23:27,15732.6,0
2021-06-24 10:23:28,15732.55,0
2021-06-24 10:23:29,15732.7,0
2021-06-24 10:23:30,15732.35,0
2021-06-24 10:23:31,15732.55,0
2021-06-24 10:23:32,15732.55,0
2021-06-24 10:23:33,15732.15,0
2021-06-24 10:23:34,15732.55,0
2021-06-24 10:23:35,15733.2,0
2021-06-24 10:23:36,15733.0,0
2021-06-24 10:23:37,15732.55,0
2021-06-24 10:23:38,15732.95,0
2021-06-24 10:23:39,15732.9,0
2021-06-24 10:23:40,15733.25,0
2021-06-24 10:23:41,15733.65,0
2021-06-24 10:23:42,15733.55,0
2021-06-24 10:23:43,15733.4,0
2021-06-24 10:23:44,15734.4,0
2021-06-24 10:23:45,15734.15,0
2021-06-24 10:23:46,15734.35,0
2021-06-24 10:23:47,15734.15,0
2021-06-24 10:23:48,15734.5,0
2021-06-24 10:23:49,15734.55,0
2021-06-24 10:23:50,15734.6,0
2021-06-24 10:23:51,15734.75,0
2021-06-24 10:23:52,15734.6,0
2021-06-24 10:23:53,15734.3,0
2021-06-24 10:23:54,15733.95,0
2021-06-24 10:23:55,15734.25,0
2021-06-24 10:23:56,15734.0,0
2021-06-24 10:23:57,15734.8,0
2021-06-24 10:23:58,15735.7,0
2021-06-24 10:23:59,15735.45,0
2021-06-24 10:24:00,15735.25,0
2021-06-24 10:24:01,15736.0,0
2021-06-24 10:24:02,15736.1,0
2021-06-24 10:24:03,15735.65,0
2021-06-24 10:24:04,15735.8,0
2021-06-24 10:24:05,15735.55,0
2021-06-24 10:24:06,15735.75,0
2021-06-24 10:24:07,15734.7,0
2021-06-24 10:24:08,15734.9,0
2021-06-24 10:24:09,15735.5,0
2021-06-24 10:24:10,15734.65,0
2021-06-24 10:24:11,15735.45,0
2021-06-24 10:24:12,15735.6,0
2021-06-24 10:24:13,15735.7,0
2021-06-24 10:24:14,15735.7,0
2021-06-24 10:24:15,15736.4,0
2021-06-24 10:24:16,15735.65,0
2021-06-24 10:24:17,15735.25,0
2021-06-24 10:24:18,15735.1,0
2021-06-24 10:24:19,15735.3,0
2021-06-24 10:24:20,15735.1,0
2021-06-24 10:24:21,15735.45,0
2021-06-24 10:24:22,15735.8,0
2021-06-24 10:24:23,15735.95,0
2021-06-24 10:24:24,15735.5,0
2021-06-24 10:24:25,15735.8,0
2021-06-24 10:24:26,15736.1,0
2021-06-24 10:24:27,15735.45,0
2021-06-24 10:24:28,15735.7,0
2021-06-24 10:24:29,15735.8,0
2021-06-24 10:24:30,15735.65,0
2021-06-24 10:24:31,15735.3,0
2021-06-24 10:24:32,15735.4,0
2021-06-24 10:24:33,15735.35,0
2021-06-24 10:24:34,15735.3,0
2021-06-24 10:24:35,15735.6,0
2021-06-24 10:24:36,15735.8,0
2021-06-24 10:24:37,15735.55,0
2021-06-24 10:24:38,15736.05,0
2021-06-24 10:24:39,15736.0,0
2021-06-24 10:24:40,15736.4,0
2021-06-24 10:24:41,15736.35,0
2021-06-24 10:24:42,15736.1,0
2021-06-24 10:24:43,15736.0,0
2021-06-24 10:24:44,15735.6,0
2021-06-24 10:24:45,15736.2,0
2021-06-24 10:24:46,15735.8,0
2021-06-24 10:24:47,15735.85,0
2021-06-24 10:24:48,15735.35,0
2021-06-24 10:24:49,15735.55,0
2021-06-24 10:24:50,15736.2,0
2021-06-24 10:24:51,15736.25,0
2021-06-24 10:24:52,15735.6,0
2021-06-24 10:24:53,15735.65,0
2021-06-24 10:24:54,15736.7,0
2021-06-24 10:24:55,15736.75,0
2021-06-24 10:24:56,15737.45,0
2021-06-24 10:24:57,15736.6,0
2021-06-24 10:24:58,15737.5,0
2021-06-24 10:24:59,15736.8,0
2021-06-24 10:25:00,15737.25,0
2021-06-24 10:25:01,15736.95,0
2021-06-24 10:25:02,15737.15,0
2021-06-24 10:25:03,15737.15,0
2021-06-24 10:25:04,15738.45,0
2021-06-24 10:25:05,15738.15,0
2021-06-24 10:25:06,15738.45,0
2021-06-24 10:25:07,15738.65,0
2021-06-24 10:25:08,15739.2,0
2021-06-24 10:25:10,15739.05,0
2021-06-24 10:25:11,15739.5,0
2021-06-24 10:25:12,15741.05,0
2021-06-24 10:25:13,15741.3,0
2021-06-24 10:25:14,15742.2,0
2021-06-24 10:25:15,15741.9,0
2021-06-24 10:25:16,15741.95,0
2021-06-24 10:25:17,15742.25,0
2021-06-24 10:25:18,15742.2,0
2021-06-24 10:25:19,15742.3,0
2021-06-24 10:25:20,15742.2,0
2021-06-24 10:25:21,15742.5,0
2021-06-24 10:25:22,15741.95,0
2021-06-24 10:25:23,15742.3,0
2021-06-24 10:25:24,15742.55,0
2021-06-24 10:25:25,15742.55,0
2021-06-24 10:25:26,15742.0,0
2021-06-24 10:25:27,15742.6,0
2021-06-24 10:25:28,15742.75,0
2021-06-24 10:25:29,15743.0,0
2021-06-24 10:25:30,15743.2,0
2021-06-24 10:25:31,15742.85,0
2021-06-24 10:25:32,15743.5,0
2021-06-24 10:25:33,15743.2,0
2021-06-24 10:25:34,15743.5,0
2021-06-24 10:25:35,15743.15,0
2021-06-24 10:25:36,15743.4,0
2021-06-24 10:25:37,15743.4,0
2021-06-24 10:25:38,15743.6,0
2021-06-24 10:25:39,15742.8,0
2021-06-24 10:25:40,15742.95,0
2021-06-24 10:25:42,15742.3,0
2021-06-24 10:25:43,15743.05,0
2021-06-24 10:25:44,15743.05,0
2021-06-24 10:25:46,15742.85,0
2021-06-24 10:25:47,15742.75,0
2021-06-24 10:25:48,15743.35,0
2021-06-24 10:25:50,15742.7,0
2021-06-24 10:25:51,15743.45,0
2021-06-24 10:25:52,15743.15,0
2021-06-24 10:25:53,15743.45,0
2021-06-24 10:25:54,15742.85,0
2021-06-24 10:25:55,15742.45,0
2021-06-24 10:25:56,15741.95,0
2021-06-24 10:25:57,15741.8,0
2021-06-24 10:25:58,15742.2,0
2021-06-24 10:25:59,15742.8,0
2021-06-24 10:26:00,15742.75,0
2021-06-24 10:26:02,15743.55,0
2021-06-24 10:26:03,15743.45,0
2021-06-24 10:26:04,15743.5,0
2021-06-24 10:26:05,15743.7,0
2021-06-24 10:26:07,15743.6,0
2021-06-24 10:26:08,15743.35,0
2021-06-24 10:26:09,15743.3,0
2021-06-24 10:26:10,15743.5,0
2021-06-24 10:26:11,15743.55,0
2021-06-24 10:26:13,15743.45,0
2021-06-24 10:26:14,15743.5,0
2021-06-24 10:26:15,15743.7,0
2021-06-24 10:26:16,15743.65,0
2021-06-24 10:26:17,15743.2,0
2021-06-24 10:26:18,15743.1,0
2021-06-24 10:26:19,15742.65,0
2021-06-24 10:26:20,15743.05,0
2021-06-24 10:26:21,15743.0,0
2021-06-24 10:26:22,15743.2,0
2021-06-24 10:26:23,15742.75,0
2021-06-24 10:26:24,15743.3,0
2021-06-24 10:26:25,15743.2,0
2021-06-24 10:26:26,15743.9,0
2021-06-24 10:26:27,15744.25,0
2021-06-24 10:26:28,15744.65,0
2021-06-24 10:26:29,15744.8,0
2021-06-24 10:26:30,15744.75,0
2021-06-24 10:26:31,15744.75,0
2021-06-24 10:26:32,15745.1,0
2021-06-24 10:26:33,15744.8,0
2021-06-24 10:26:34,15745.05,0
2021-06-24 10:26:37,15745.15,0
2021-06-24 10:26:38,15744.75,0
2021-06-24 10:26:39,15744.8,0
2021-06-24 10:26:40,15744.8,0
2021-06-24 10:26:41,15744.2,0
2021-06-24 10:26:42,15744.4,0
2021-06-24 10:26:44,15744.85,0
2021-06-24 10:26:45,15744.7,0
2021-06-24 10:26:46,15744.35,0
2021-06-24 10:26:47,15744.35,0
2021-06-24 10:26:48,15744.4,0
2021-06-24 10:26:49,15744.65,0
2021-06-24 10:26:50,15744.1,0
2021-06-24 10:26:51,15743.9,0
2021-06-24 10:26:52,15744.1,0
2021-06-24 10:26:53,15742.65,0
2021-06-24 10:26:54,15742.55,0
2021-06-24 10:26:55,15743.35,0
2021-06-24 10:26:56,15742.75,0
2021-06-24 10:26:57,15743.1,0
2021-06-24 10:26:58,15742.85,0
2021-06-24 10:26:59,15742.8,0
2021-06-24 10:27:00,15742.8,0
2021-06-24 10:27:01,15742.45,0
2021-06-24 10:27:02,15742.8,0
2021-06-24 10:27:03,15743.35,0
2021-06-24 10:27:04,15743.4,0
2021-06-24 10:27:05,15743.7,0
2021-06-24 10:27:06,15742.9,0
2021-06-24 10:27:07,15743.35,0
2021-06-24 10:27:08,15743.8,0
2021-06-24 10:27:09,15743.8,0
2021-06-24 10:27:10,15743.65,0
2021-06-24 10:27:11,15743.55,0
2021-06-24 10:27:12,15743.7,0
2021-06-24 10:27:13,15743.05,0
2021-06-24 10:27:14,15744.0,0
2021-06-24 10:27:15,15743.25,0
2021-06-24 10:27:16,15743.25,0
2021-06-24 10:27:17,15743.5,0
2021-06-24 10:27:18,15743.9,0
2021-06-24 10:27:19,15744.1,0
2021-06-24 10:27:20,15744.1,0
2021-06-24 10:27:21,15743.15,0
2021-06-24 10:27:22,15744.05,0
2021-06-24 10:27:23,15743.6,0
2021-06-24 10:27:24,15744.1,0
2021-06-24 10:27:25,15743.75,0
2021-06-24 10:27:26,15744.15,0
2021-06-24 10:27:27,15743.85,0
2021-06-24 10:27:28,15743.6,0
2021-06-24 10:27:29,15743.45,0
2021-06-24 10:27:30,15744.45,0
2021-06-24 10:27:31,15743.85,0
2021-06-24 10:27:32,15744.15,0
2021-06-24 10:27:33,15744.1,0
2021-06-24 10:27:34,15744.3,0
2021-06-24 10:27:35,15743.7,0
2021-06-24 10:27:36,15744.25,0
2021-06-24 10:27:37,15744.2,0
2021-06-24 10:27:38,15744.1,0
2021-06-24 10:27:39,15744.3,0
2021-06-24 10:27:40,15745.55,0
2021-06-24 10:27:41,15744.9,0
2021-06-24 10:27:42,15745.5,0
2021-06-24 10:27:43,15745.55,0
2021-06-24 10:27:44,15745.3,0
2021-06-24 10:27:45,15744.8,0
2021-06-24 10:27:46,15745.5,0
2021-06-24 10:27:47,15745.8,0
2021-06-24 10:27:48,15745.65,0
2021-06-24 10:27:50,15745.3,0
2021-06-24 10:27:51,15745.0,0
2021-06-24 10:27:52,15745.8,0
2021-06-24 10:27:53,15745.6,0
2021-06-24 10:27:54,15745.9,0
2021-06-24 10:27:55,15746.15,0
2021-06-24 10:27:56,15745.8,0
2021-06-24 10:27:57,15746.3,0
2021-06-24 10:27:58,15746.5,0
2021-06-24 10:27:59,15746.85,0
2021-06-24 10:28:00,15746.95,0
2021-06-24 10:28:01,15747.55,0
2021-06-24 10:28:02,15747.35,0
2021-06-24 10:28:03,15747.8,0
2021-06-24 10:28:05,15748.15,0
2021-06-24 10:28:07,15747.7,0
2021-06-24 10:28:08,15747.7,0
2021-06-24 10:28:09,15748.1,0
2021-06-24 10:28:10,15748.75,0
2021-06-24 10:28:11,15749.2,0
2021-06-24 10:28:12,15749.35,0
2021-06-24 10:28:13,15749.55,0
2021-06-24 10:28:14,15749.8,0
2021-06-24 10:28:15,15749.7,0
2021-06-24 10:28:16,15749.75,0
2021-06-24 10:28:17,15748.95,0
2021-06-24 10:28:18,15748.85,0
2021-06-24 10:28:19,15749.3,0
2021-06-24 10:28:20,15749.65,0
2021-06-24 10:28:23,15746.65,0
2021-06-24 10:28:24,15747.5,0
2021-06-24 10:28:25,15747.8,0
2021-06-24 10:28:26,15746.9,0
2021-06-24 10:28:27,15746.6,0
2021-06-24 10:28:28,15746.35,0
2021-06-24 10:28:29,15747.1,0
2021-06-24 10:28:30,15747.3,0
2021-06-24 10:28:31,15747.9,0
2021-06-24 10:28:32,15747.15,0
2021-06-24 10:28:33,15746.7,0
2021-06-24 10:28:34,15747.15,0
2021-06-24 10:28:35,15748.1,0
2021-06-24 10:28:36,15747.85,0
2021-06-24 10:28:37,15748.35,0
2021-06-24 10:28:38,15747.8,0
2021-06-24 10:28:40,15748.1,0
2021-06-24 10:28:42,15748.45,0
2021-06-24 10:28:43,15748.3,0
2021-06-24 10:28:44,15748.2,0
2021-06-24 10:28:46,15749.05,0
2021-06-24 10:28:47,15748.55,0
2021-06-24 10:28:48,15748.4,0
2021-06-24 10:28:49,15747.95,0
2021-06-24 10:28:50,15747.85,0
2021-06-24 10:28:51,15748.4,0
2021-06-24 10:28:52,15747.9,0
2021-06-24 10:28:53,15748.4,0
2021-06-24 10:28:54,15748.65,0
2021-06-24 10:28:55,15749.35,0
2021-06-24 10:28:56,15748.85,0
2021-06-24 10:28:57,15748.2,0
2021-06-24 10:28:59,15748.75,0
2021-06-24 10:29:00,15748.55,0
2021-06-24 10:29:01,15748.3,0
2021-06-24 10:29:02,15747.85,0
2021-06-24 10:29:03,15748.05,0
2021-06-24 10:29:04,15747.6,0
2021-06-24 10:29:05,15747.65,0
2021-06-24 10:29:06,15748.5,0
2021-06-24 10:29:07,15748.3,0
2021-06-24 10:29:08,15748.15,0
2021-06-24 10:29:09,15747.95,0
2021-06-24 10:29:10,15747.9,0
2021-06-24 10:29:11,15747.9,0
2021-06-24 10:29:12,15747.55,0
2021-06-24 10:29:13,15748.05,0
2021-06-24 10:29:14,15747.65,0
2021-06-24 10:29:15,15748.15,0
2021-06-24 10:29:16,15748.2,0
2021-06-24 10:29:17,15748.15,0
2021-06-24 10:29:18,15747.5,0
2021-06-24 10:29:19,15747.65,0
2021-06-24 10:29:20,15747.4,0
2021-06-24 10:29:21,15747.4,0
2021-06-24 10:29:22,15748.05,0
2021-06-24 10:29:23,15747.6,0
2021-06-24 10:29:24,15747.6,0
2021-06-24 10:29:25,15747.45,0
2021-06-24 10:29:26,15747.65,0
2021-06-24 10:29:27,15747.8,0
2021-06-24 10:29:28,15747.75,0
2021-06-24 10:29:29,15747.5,0
2021-06-24 10:29:30,15747.7,0
2021-06-24 10:29:31,15747.95,0
2021-06-24 10:29:32,15748.05,0
2021-06-24 10:29:33,15747.45,0
2021-06-24 10:29:34,15747.45,0
2021-06-24 10:29:35,15747.5,0
2021-06-24 10:29:36,15746.6,0
2021-06-24 10:29:37,15746.95,0
2021-06-24 10:29:38,15746.5,0
2021-06-24 10:29:39,15746.3,0
2021-06-24 10:29:40,15746.3,0
2021-06-24 10:29:41,15746.75,0
2021-06-24 10:29:42,15746.25,0
2021-06-24 10:29:43,15746.75,0
2021-06-24 10:29:44,15746.25,0
2021-06-24 10:29:45,15746.95,0
2021-06-24 10:29:46,15747.45,0
2021-06-24 10:29:47,15746.95,0
2021-06-24 10:29:48,15747.0,0
2021-06-24 10:29:49,15747.3,0
2021-06-24 10:29:51,15747.1,0
2021-06-24 10:29:52,15747.35,0
2021-06-24 10:29:53,15747.65,0
2021-06-24 10:29:54,15748.25,0
2021-06-24 10:29:55,15747.2,0
2021-06-24 10:29:56,15746.65,0
2021-06-24 10:29:57,15747.3,0
2021-06-24 10:29:58,15747.15,0
2021-06-24 10:29:59,15747.4,0
2021-06-24 10:30:00,15747.35,0
2021-06-24 10:30:01,15748.0,0
2021-06-24 10:30:02,15747.35,0
2021-06-24 10:30:03,15747.15,0
2021-06-24 10:30:04,15747.3,0
2021-06-24 10:30:05,15747.25,0
2021-06-24 10:30:06,15746.45,0
2021-06-24 10:30:07,15747.65,0
2021-06-24 10:30:08,15748.1,0
2021-06-24 10:30:09,15747.4,0
2021-06-24 10:30:10,15746.75,0
2021-06-24 10:30:11,15747.3,0
2021-06-24 10:30:12,15747.7,0
2021-06-24 10:30:13,15747.65,0
2021-06-24 10:30:14,15747.5,0
2021-06-24 10:30:15,15747.7,0
2021-06-24 10:30:16,15747.95,0
2021-06-24 10:30:17,15748.3,0
2021-06-24 10:30:18,15748.5,0
2021-06-24 10:30:19,15748.6,0
2021-06-24 10:30:20,15748.9,0
2021-06-24 10:30:21,15749.15,0
2021-06-24 10:30:22,15749.6,0
2021-06-24 10:30:23,15750.3,0
2021-06-24 10:30:24,15750.4,0
2021-06-24 10:30:26,15750.3,0
2021-06-24 10:30:27,15750.5,0
2021-06-24 10:30:28,15750.3,0
2021-06-24 10:30:29,15750.6,0
2021-06-24 10:30:30,15750.5,0
2021-06-24 10:30:31,15750.05,0
2021-06-24 10:30:32,15750.0,0
2021-06-24 10:30:33,15749.85,0
2021-06-24 10:30:35,15750.8,0
2021-06-24 10:30:36,15750.35,0
2021-06-24 10:30:37,15750.15,0
2021-06-24 10:30:38,15750.8,0
2021-06-24 10:30:39,15750.15,0
2021-06-24 10:30:40,15750.25,0
2021-06-24 10:30:41,15750.25,0
2021-06-24 10:30:42,15749.55,0
2021-06-24 10:30:43,15750.35,0
2021-06-24 10:30:44,15749.85,0
2021-06-24 10:30:45,15749.7,0
2021-06-24 10:30:46,15749.6,0
2021-06-24 10:30:47,15749.25,0
2021-06-24 10:30:48,15748.9,0
2021-06-24 10:30:49,15748.9,0
2021-06-24 10:30:50,15748.8,0
2021-06-24 10:30:51,15748.85,0
2021-06-24 10:30:52,15748.9,0
2021-06-24 10:30:53,15748.75,0
2021-06-24 10:30:54,15749.55,0
2021-06-24 10:30:55,15749.15,0
2021-06-24 10:30:56,15748.8,0
2021-06-24 10:30:57,15749.25,0
2021-06-24 10:30:58,15749.95,0
2021-06-24 10:30:59,15749.7,0
2021-06-24 10:31:00,15749.4,0
2021-06-24 10:31:01,15749.75,0
2021-06-24 10:31:02,15749.15,0
2021-06-24 10:31:03,15749.3,0
2021-06-24 10:31:04,15749.45,0
2021-06-24 10:31:05,15749.6,0
2021-06-24 10:31:06,15750.15,0
2021-06-24 10:31:07,15749.8,0
2021-06-24 10:31:08,15749.25,0
2021-06-24 10:31:09,15749.55,0
2021-06-24 10:31:10,15748.6,0
2021-06-24 10:31:11,15748.85,0
2021-06-24 10:31:12,15748.65,0
2021-06-24 10:31:13,15748.2,0
2021-06-24 10:31:14,15748.4,0
2021-06-24 10:31:15,15748.2,0
2021-06-24 10:31:16,15748.4,0
2021-06-24 10:31:17,15748.4,0
2021-06-24 10:31:18,15749.8,0
2021-06-24 10:31:19,15749.2,0
2021-06-24 10:31:20,15750.05,0
2021-06-24 10:31:21,15749.6,0
2021-06-24 10:31:22,15749.0,0
2021-06-24 10:31:23,15749.9,0
2021-06-24 10:31:24,15749.95,0
2021-06-24 10:31:25,15749.5,0
2021-06-24 10:31:26,15748.8,0
2021-06-24 10:31:27,15749.4,0
2021-06-24 10:31:28,15748.85,0
2021-06-24 10:31:29,15749.25,0
2021-06-24 10:31:30,15749.45,0
2021-06-24 10:31:31,15748.75,0
2021-06-24 10:31:32,15748.35,0
2021-06-24 10:31:33,15748.35,0
2021-06-24 10:31:34,15748.75,0
2021-06-24 10:31:35,15748.5,0
2021-06-24 10:31:36,15748.05,0
2021-06-24 10:31:37,15748.6,0
2021-06-24 10:31:38,15748.65,0
2021-06-24 10:31:39,15748.5,0
2021-06-24 10:31:40,15748.5,0
2021-06-24 10:31:41,15749.3,0
2021-06-24 10:31:42,15748.75,0
2021-06-24 10:31:43,15748.4,0
2021-06-24 10:31:44,15748.5,0
2021-06-24 10:31:45,15748.0,0
2021-06-24 10:31:46,15748.1,0
2021-06-24 10:31:47,15747.8,0
2021-06-24 10:31:48,15747.95,0
2021-06-24 10:31:49,15747.9,0
2021-06-24 10:31:50,15748.45,0
2021-06-24 10:31:51,15747.4,0
2021-06-24 10:31:52,15748.1,0
2021-06-24 10:31:53,15747.35,0
2021-06-24 10:31:54,15748.15,0
2021-06-24 10:31:55,15747.85,0
2021-06-24 10:31:56,15746.85,0
2021-06-24 10:31:57,15746.95,0
2021-06-24 10:31:58,15747.4,0
2021-06-24 10:31:59,15747.7,0
2021-06-24 10:32:00,15747.55,0
2021-06-24 10:32:01,15746.9,0
2021-06-24 10:32:02,15746.05,0
2021-06-24 10:32:03,15746.35,0
2021-06-24 10:32:04,15745.5,0
2021-06-24 10:32:05,15745.1,0
2021-06-24 10:32:06,15745.1,0
2021-06-24 10:32:07,15745.65,0
2021-06-24 10:32:08,15745.1,0
2021-06-24 10:32:10,15744.6,0
2021-06-24 10:32:11,15743.0,0
2021-06-24 10:32:12,15743.9,0
2021-06-24 10:32:13,15743.15,0
2021-06-24 10:32:14,15743.85,0
2021-06-24 10:32:15,15743.55,0
2021-06-24 10:32:16,15743.85,0
2021-06-24 10:32:17,15743.25,0
2021-06-24 10:32:18,15742.55,0
2021-06-24 10:32:19,15743.0,0
2021-06-24 10:32:20,15742.75,0
2021-06-24 10:32:21,15742.3,0
2021-06-24 10:32:22,15742.65,0
2021-06-24 10:32:23,15742.65,0
2021-06-24 10:32:24,15742.75,0
2021-06-24 10:32:26,15742.3,0
2021-06-24 10:32:28,15741.5,0
2021-06-24 10:32:29,15742.05,0
2021-06-24 10:32:30,15741.25,0
2021-06-24 10:32:31,15741.9,0
2021-06-24 10:32:32,15741.75,0
2021-06-24 10:32:33,15741.25,0
2021-06-24 10:32:34,15742.2,0
2021-06-24 10:32:35,15741.6,0
2021-06-24 10:32:37,15741.6,0
2021-06-24 10:32:38,15741.5,0
2021-06-24 10:32:39,15741.9,0
2021-06-24 10:32:40,15741.25,0
2021-06-24 10:32:41,15741.4,0
2021-06-24 10:32:42,15741.8,0
2021-06-24 10:32:43,15741.85,0
2021-06-24 10:32:44,15741.65,0
2021-06-24 10:32:45,15741.7,0
2021-06-24 10:32:46,15741.6,0
2021-06-24 10:32:47,15741.55,0
2021-06-24 10:32:49,15741.15,0
2021-06-24 10:32:50,15741.1,0
2021-06-24 10:32:51,15741.05,0
2021-06-24 10:32:52,15741.6,0
2021-06-24 10:32:54,15741.85,0
2021-06-24 10:32:55,15740.85,0
2021-06-24 10:32:56,15741.8,0
2021-06-24 10:32:57,15741.25,0
2021-06-24 10:32:58,15741.45,0
2021-06-24 10:32:59,15741.25,0
2021-06-24 10:33:00,15741.7,0
2021-06-24 10:33:02,15741.9,0
2021-06-24 10:33:03,15741.9,0
2021-06-24 10:33:04,15742.3,0
2021-06-24 10:33:05,15742.65,0
2021-06-24 10:33:06,15742.1,0
2021-06-24 10:33:07,15742.25,0
2021-06-24 10:33:08,15742.1,0
