timestamp,ltp,volume
2021-06-24 09:35:55,28514.5,0
2021-06-24 09:35:56,28516.15,0
2021-06-24 09:35:57,28515.15,0
2021-06-24 09:35:58,28513.5,0
2021-06-24 09:35:59,28516.35,0
2021-06-24 09:36:00,28515.95,0
2021-06-24 09:36:02,28513.45,0
2021-06-24 09:36:03,28514.8,0
2021-06-24 09:36:04,28516.8,0
2021-06-24 09:36:05,28516.35,0
2021-06-24 09:36:06,28513.65,0
2021-06-24 09:36:07,28515.2,0
2021-06-24 09:36:08,28515.65,0
2021-06-24 09:36:09,28516.05,0
2021-06-24 09:36:10,28514.85,0
2021-06-24 09:36:11,28515.3,0
2021-06-24 09:36:12,28514.75,0
2021-06-24 09:36:13,28512.0,0
2021-06-24 09:36:14,28514.5,0
2021-06-24 09:36:15,28514.25,0
2021-06-24 09:36:16,28513.05,0
2021-06-24 09:36:17,28512.65,0
2021-06-24 09:36:18,28511.65,0
2021-06-24 09:36:19,28511.25,0
2021-06-24 09:36:20,28511.35,0
2021-06-24 09:36:21,28510.5,0
2021-06-24 09:36:22,28512.55,0
2021-06-24 09:36:24,28509.35,0
2021-06-24 09:36:26,28509.75,0
2021-06-24 09:36:28,28508.55,0
2021-06-24 09:36:29,28509.6,0
2021-06-24 09:36:30,28509.25,0
2021-06-24 09:36:31,28509.8,0
2021-06-24 09:36:32,28511.75,0
2021-06-24 09:36:33,28510.25,0
2021-06-24 09:36:34,28509.45,0
2021-06-24 09:36:35,28510.75,0
2021-06-24 09:36:36,28509.2,0
2021-06-24 09:36:37,28502.8,0
2021-06-24 09:36:38,28509.8,0
2021-06-24 09:36:39,28507.6,0
2021-06-24 09:36:40,28507.2,0
2021-06-24 09:36:41,28510.0,0
2021-06-24 09:36:42,28509.15,0
2021-06-24 09:36:43,28506.55,0
2021-06-24 09:36:44,28503.3,0
2021-06-24 09:36:45,28499.1,0
2021-06-24 09:36:46,28503.3,0
2021-06-24 09:36:49,28503.4,0
2021-06-24 09:36:50,28499.1,0
2021-06-24 09:36:51,28504.8,0
2021-06-24 09:36:52,28505.0,0
2021-06-24 09:36:53,28504.05,0
2021-06-24 09:36:54,28503.0,0
2021-06-24 09:36:55,28502.6,0
2021-06-24 09:36:56,28503.45,0
2021-06-24 09:36:57,28498.75,0
2021-06-24 09:36:58,28500.6,0
2021-06-24 09:36:59,28499.7,0
2021-06-24 09:37:00,28497.65,0
2021-06-24 09:37:01,28502.15,0
2021-06-24 09:37:02,28499.6,0
2021-06-24 09:37:03,28498.6,0
2021-06-24 09:37:04,28496.85,0
2021-06-24 09:37:06,28496.55,0
2021-06-24 09:37:07,28495.85,0
2021-06-24 09:37:09,28499.65,0
2021-06-24 09:37:10,28497.85,0
2021-06-24 09:37:11,28499.7,0
2021-06-24 09:37:13,28499.05,0
2021-06-24 09:37:14,28499.2,0
2021-06-24 09:37:15,28499.9,0
2021-06-24 09:37:16,28501.15,0
2021-06-24 09:37:17,28499.1,0
2021-06-24 09:37:19,28501.1,0
2021-06-24 09:37:20,28501.0,0
2021-06-24 09:37:21,28501.75,0
2021-06-24 09:37:22,28500.7,0
2021-06-24 09:37:23,28498.35,0
2021-06-24 09:37:25,28498.6,0
2021-06-24 09:37:26,28497.6,0
2021-06-24 09:37:27,28497.4,0
2021-06-24 09:37:30,28499.1,0
2021-06-24 09:37:31,28499.65,0
2021-06-24 09:37:32,28499.3,0
2021-06-24 09:37:33,28498.55,0
2021-06-24 09:37:34,28500.95,0
2021-06-24 09:37:35,28501.1,0
2021-06-24 09:37:36,28502.2,0
2021-06-24 09:37:38,28501.85,0
2021-06-24 09:37:39,28504.05,0
2021-06-24 09:37:40,28504.6,0
2021-06-24 09:37:41,28502.25,0
2021-06-24 09:37:42,28504.6,0
2021-06-24 09:37:43,28505.5,0
2021-06-24 09:37:44,28502.0,0
2021-06-24 09:37:45,28502.2,0
2021-06-24 09:37:46,28500.75,0
2021-06-24 09:37:47,28501.95,0
2021-06-24 09:37:48,28502.1,0
2021-06-24 09:37:52,28502.25,0
2021-06-24 09:37:53,28502.55,0
2021-06-24 09:37:54,28503.5,0
2021-06-24 09:37:55,28501.6,0
2021-06-24 09:37:56,28501.4,0
2021-06-24 09:37:57,28506.95,0
2021-06-24 09:37:58,28503.0,0
2021-06-24 09:37:59,28503.2,0
2021-06-24 09:38:01,28504.05,0
2021-06-24 09:38:02,28503.55,0
2021-06-24 09:38:03,28501.6,0
2021-06-24 09:38:04,28503.6,0
2021-06-24 09:38:05,28503.45,0
2021-06-24 09:38:07,28502.7,0
2021-06-24 09:38:08,28501.25,0
2021-06-24 09:38:09,28503.6,0
2021-06-24 09:38:10,28501.65,0
2021-06-24 09:38:11,28504.75,0
2021-06-24 09:38:12,28503.4,0
2021-06-24 09:38:13,28506.0,0
2021-06-24 09:38:14,28506.25,0
2021-06-24 09:38:15,28508.6,0
2021-06-24 09:38:16,28504.3,0
2021-06-24 09:38:17,28505.5,0
2021-06-24 09:38:18,28504.85,0
2021-06-24 09:38:19,28507.45,0
2021-06-24 09:38:20,28509.0,0
2021-06-24 09:38:21,28509.05,0
2021-06-24 09:38:22,28509.65,0
2021-06-24 09:38:23,28510.45,0
2021-06-24 09:38:24,28508.9,0
2021-06-24 09:38:25,28508.0,0
2021-06-24 09:38:26,28508.85,0
2021-06-24 09:38:27,28507.2,0
2021-06-24 09:38:28,28507.25,0
2021-06-24 09:38:30,28511.05,0
2021-06-24 09:38:31,28508.95,0
2021-06-24 09:38:32,28511.5,0
2021-06-24 09:38:33,28511.6,0
2021-06-24 09:38:34,28511.65,0
2021-06-24 09:38:36,28511.6,0
2021-06-24 09:38:37,28510.95,0
2021-06-24 09:38:38,28510.85,0
2021-06-24 09:38:39,28511.35,0
2021-06-24 09:38:41,28509.05,0
2021-06-24 09:38:42,28508.4,0
2021-06-24 09:38:43,28509.1,0
2021-06-24 09:38:44,28510.3,0
2021-06-24 09:38:45,28506.95,0
2021-06-24 09:38:46,28506.45,0
2021-06-24 09:38:47,28512.3,0
2021-06-24 09:38:48,28511.85,0
2021-06-24 09:38:49,28510.7,0
2021-06-24 09:38:50,28512.8,0
2021-06-24 09:38:51,28513.6,0
2021-06-24 09:38:52,28515.85,0
2021-06-24 09:38:53,28512.65,0
2021-06-24 09:38:55,28515.05,0
2021-06-24 09:38:56,28515.15,0
2021-06-24 09:38:57,28515.55,0
2021-06-24 09:38:58,28513.6,0
2021-06-24 09:38:59,28514.9,0
2021-06-24 09:39:00,28516.35,0
2021-06-24 09:39:01,28516.35,0
2021-06-24 09:39:02,28515.1,0
2021-06-24 09:39:03,28520.55,0
2021-06-24 09:39:04,28520.1,0
2021-06-24 09:39:05,28519.05,0
2021-06-24 09:39:06,28517.35,0
2021-06-24 09:39:08,28517.1,0
2021-06-24 09:39:09,28516.65,0
2021-06-24 09:39:11,28522.9,0
2021-06-24 09:39:12,28517.55,0
2021-06-24 09:39:14,28520.55,0
2021-06-24 09:39:15,28523.3,0
2021-06-24 09:39:16,28521.7,0
2021-06-24 09:39:17,28517.05,0
2021-06-24 09:39:18,28520.9,0
2021-06-24 09:39:19,28520.1,0
2021-06-24 09:39:20,28522.35,0
2021-06-24 09:39:21,28520.9,0
2021-06-24 09:39:22,28516.2,0
2021-06-24 09:39:23,28520.4,0
2021-06-24 09:39:24,28521.25,0
2021-06-24 09:39:26,28523.65,0
2021-06-24 09:39:27,28522.9,0
2021-06-24 09:39:28,28521.6,0
2021-06-24 09:39:29,28524.8,0
2021-06-24 09:39:31,28520.85,0
2021-06-24 09:39:32,28518.6,0
2021-06-24 09:39:34,28522.9,0
2021-06-24 09:39:35,28516.95,0
2021-06-24 09:39:36,28520.45,0
2021-06-24 09:39:37,28519.75,0
2021-06-24 09:39:38,28517.85,0
2021-06-24 09:39:39,28520.05,0
2021-06-24 09:39:40,28521.05,0
2021-06-24 09:39:42,28520.1,0
2021-06-24 09:39:43,28519.7,0
2021-06-24 09:39:44,28518.7,0
2021-06-24 09:39:45,28517.05,0
2021-06-24 09:39:46,28518.35,0
2021-06-24 09:39:48,28522.35,0
2021-06-24 09:39:49,28523.75,0
2021-06-24 09:39:50,28519.55,0
2021-06-24 09:39:51,28520.15,0
2021-06-24 09:39:52,28519.45,0
2021-06-24 09:39:53,28519.8,0
2021-06-24 09:39:54,28520.5,0
2021-06-24 09:39:56,28523.05,0
2021-06-24 09:39:57,28524.9,0
2021-06-24 09:39:58,28523.75,0
2021-06-24 09:39:59,28525.25,0
2021-06-24 09:40:00,28525.9,0
2021-06-24 09:40:01,28526.75,0
2021-06-24 09:40:02,28526.6,0
2021-06-24 09:40:03,28527.45,0
2021-06-24 09:40:04,28528.3,0
2021-06-24 09:40:05,28528.25,0
2021-06-24 09:40:06,28523.4,0
2021-06-24 09:40:07,28521.7,0
2021-06-24 09:40:08,28522.4,0
2021-06-24 09:40:09,28522.35,0
2021-06-24 09:40:11,28523.7,0
2021-06-24 09:40:12,28521.35,0
2021-06-24 09:40:13,28520.55,0
2021-06-24 09:40:14,28526.15,0
2021-06-24 09:40:15,28521.45,0
2021-06-24 09:40:17,28525.95,0
2021-06-24 09:40:19,28521.1,0
2021-06-24 09:40:20,28522.5,0
2021-06-24 09:40:21,28521.05,0
2021-06-24 09:40:22,28520.65,0
2021-06-24 09:40:23,28518.95,0
2021-06-24 09:40:24,28517.85,0
2021-06-24 09:40:25,28519.25,0
2021-06-24 09:40:26,28519.7,0
2021-06-24 09:40:27,28515.9,0
2021-06-24 09:40:28,28517.4,0
2021-06-24 09:40:30,28517.05,0
2021-06-24 09:40:31,28518.05,0
2021-06-24 09:40:32,28515.8,0
2021-06-24 09:40:33,28515.9,0
2021-06-24 09:40:34,28517.7,0
2021-06-24 09:40:36,28513.1,0
2021-06-24 09:40:37,28512.65,0
2021-06-24 09:40:39,28510.8,0
2021-06-24 09:40:40,28510.65,0
2021-06-24 09:40:41,28513.2,0
2021-06-24 09:40:42,28510.55,0
2021-06-24 09:40:43,28510.75,0
2021-06-24 09:40:44,28510.0,0
2021-06-24 09:40:46,28506.3,0
2021-06-24 09:40:48,28511.1,0
2021-06-24 09:40:49,28511.7,0
2021-06-24 09:40:50,28511.55,0
2021-06-24 09:40:51,28508.15,0
2021-06-24 09:40:52,28511.35,0
2021-06-24 09:40:53,28511.5,0
2021-06-24 09:40:54,28509.95,0
2021-06-24 09:40:55,28511.55,0
2021-06-24 09:40:56,28509.0,0
2021-06-24 09:40:57,28512.3,0
2021-06-24 09:40:58,28502.8,0
2021-06-24 09:40:59,28510.35,0
2021-06-24 09:41:01,28509.0,0
2021-06-24 09:41:02,28509.6,0
2021-06-24 09:41:03,28509.85,0
2021-06-24 09:41:04,28508.7,0
2021-06-24 09:41:05,28511.4,0
2021-06-24 09:41:06,28512.15,0
2021-06-24 09:41:07,28515.25,0
2021-06-24 09:41:08,28514.05,0
2021-06-24 09:41:09,28514.7,0
2021-06-24 09:41:10,28512.6,0
2021-06-24 09:41:13,28512.5,0
2021-06-24 09:41:15,28512.2,0
2021-06-24 09:41:17,28514.45,0
2021-06-24 09:41:18,28513.85,0
2021-06-24 09:41:19,28511.3,0
2021-06-24 09:41:20,28513.15,0
2021-06-24 09:41:21,28513.15,0
2021-06-24 09:41:22,28511.75,0
2021-06-24 09:41:24,28511.1,0
2021-06-24 09:41:26,28514.55,0
2021-06-24 09:41:27,28508.3,0
2021-06-24 09:41:28,28507.35,0
2021-06-24 09:41:29,28510.9,0
2021-06-24 09:41:30,28509.05,0
2021-06-24 09:41:31,28507.7,0
2021-06-24 09:41:32,28510.65,0
2021-06-24 09:41:33,28511.4,0
2021-06-24 09:41:34,28512.75,0
2021-06-24 09:41:35,28513.2,0
2021-06-24 09:41:36,28510.55,0
2021-06-24 09:41:37,28513.15,0
2021-06-24 09:41:38,28514.55,0
2021-06-24 09:41:39,28508.75,0
2021-06-24 09:41:40,28515.3,0
2021-06-24 09:41:41,28512.85,0
2021-06-24 09:41:42,28515.35,0
2021-06-24 09:41:43,28513.7,0
2021-06-24 09:41:44,28511.1,0
2021-06-24 09:41:45,28510.9,0
2021-06-24 09:41:46,28513.35,0
2021-06-24 09:41:47,28512.25,0
2021-06-24 09:41:49,28513.15,0
2021-06-24 09:41:50,28515.0,0
2021-06-24 09:41:52,28518.15,0
2021-06-24 09:41:53,28515.2,0
2021-06-24 09:41:54,28514.05,0
2021-06-24 09:41:55,28515.4,0
2021-06-24 09:41:56,28512.5,0
2021-06-24 09:41:57,28514.05,0
2021-06-24 09:41:58,28511.85,0
2021-06-24 09:41:59,28510.05,0
2021-06-24 09:42:01,28512.9,0
2021-06-24 09:42:02,28515.8,0
2021-06-24 09:42:03,28515.95,0
2021-06-24 09:42:04,28517.8,0
2021-06-24 09:42:05,28519.6,0
2021-06-24 09:42:06,28522.7,0
2021-06-24 09:42:07,28519.75,0
2021-06-24 09:42:08,28519.35,0
2021-06-24 09:42:09,28518.9,0
2021-06-24 09:42:11,28517.6,0
2021-06-24 09:42:12,28523.1,0
2021-06-24 09:42:13,28520.75,0
2021-06-24 09:42:14,28522.3,0
2021-06-24 09:42:15,28521.55,0
2021-06-24 09:42:16,28521.55,0
2021-06-24 09:42:17,28524.9,0
2021-06-24 09:42:18,28520.6,0
2021-06-24 09:42:19,28527.1,0
2021-06-24 09:42:21,28527.7,0
2021-06-24 09:42:22,28527.3,0
2021-06-24 09:42:23,28527.9,0
2021-06-24 09:42:24,28527.25,0
2021-06-24 09:42:25,28527.85,0
2021-06-24 09:42:26,28524.3,0
2021-06-24 09:42:27,28525.3,0
2021-06-24 09:42:28,28526.35,0
2021-06-24 09:42:29,28522.35,0
2021-06-24 09:42:30,28525.95,0
2021-06-24 09:42:31,28524.4,0
2021-06-24 09:42:32,28526.55,0
2021-06-24 09:42:33,28525.85,0
2021-06-24 09:42:34,28527.95,0
2021-06-24 09:42:35,28528.4,0
2021-06-24 09:42:36,28526.4,0
2021-06-24 09:42:37,28527.45,0
2021-06-24 09:42:38,28526.2,0
2021-06-24 09:42:39,28527.0,0
2021-06-24 09:42:40,28526.1,0
2021-06-24 09:42:41,28523.4,0
2021-06-24 09:42:42,28525.4,0
2021-06-24 09:42:43,28524.35,0
2021-06-24 09:42:44,28523.4,0
2021-06-24 09:42:45,28524.65,0
2021-06-24 09:42:46,28525.6,0
2021-06-24 09:42:47,28525.1,0
2021-06-24 09:42:49,28526.25,0
2021-06-24 09:42:50,28523.85,0
2021-06-24 09:42:51,28523.5,0
2021-06-24 09:42:53,28524.4,0
2021-06-24 09:42:54,28524.45,0
2021-06-24 09:42:55,28524.15,0
2021-06-24 09:42:56,28525.15,0
2021-06-24 09:42:57,28523.8,0
2021-06-24 09:42:58,28524.05,0
2021-06-24 09:42:59,28524.5,0
2021-06-24 09:43:00,28525.35,0
2021-06-24 09:43:02,28523.2,0
2021-06-24 09:43:04,28522.65,0
2021-06-24 09:43:05,28525.45,0
2021-06-24 09:43:06,28527.05,0
2021-06-24 09:43:07,28524.65,0
2021-06-24 09:43:08,28527.9,0
2021-06-24 09:43:09,28523.4,0
2021-06-24 09:43:11,28521.75,0
2021-06-24 09:43:12,28521.75,0
2021-06-24 09:43:13,28522.55,0
2021-06-24 09:43:14,28522.6,0
2021-06-24 09:43:15,28519.6,0
2021-06-24 09:43:17,28524.5,0
2021-06-24 09:43:18,28525.1,0
2021-06-24 09:43:19,28523.6,0
2021-06-24 09:43:20,28523.5,0
2021-06-24 09:43:21,28524.1,0
2021-06-24 09:43:22,28525.5,0
2021-06-24 09:43:26,28524.65,0
2021-06-24 09:43:28,28524.75,0
2021-06-24 09:43:29,28521.7,0
2021-06-24 09:43:30,28524.7,0
2021-06-24 09:43:32,28523.4,0
2021-06-24 09:43:33,28524.1,0
2021-06-24 09:43:34,28523.45,0
2021-06-24 09:43:35,28524.1,0
2021-06-24 09:43:36,28523.75,0
2021-06-24 09:43:37,28525.75,0
2021-06-24 09:43:39,28521.9,0
2021-06-24 09:43:40,28522.4,0
2021-06-24 09:43:42,28523.95,0
2021-06-24 09:43:43,28524.85,0
2021-06-24 09:43:44,28525.9,0
2021-06-24 09:43:45,28524.15,0
2021-06-24 09:43:46,28523.2,0
2021-06-24 09:43:47,28525.2,0
2021-06-24 09:43:48,28526.9,0
2021-06-24 09:43:49,28525.95,0
2021-06-24 09:43:50,28526.3,0
2021-06-24 09:43:51,28529.2,0
2021-06-24 09:43:53,28529.2,0
2021-06-24 09:43:54,28528.8,0
2021-06-24 09:43:55,28526.6,0
2021-06-24 09:43:56,28528.55,0
2021-06-24 09:43:57,28528.3,0
2021-06-24 09:43:58,28529.1,0
2021-06-24 09:43:59,28525.4,0
2021-06-24 09:44:00,28527.65,0
2021-06-24 09:44:01,28528.8,0
2021-06-24 09:44:02,28525.75,0
2021-06-24 09:44:03,28524.25,0
2021-06-24 09:44:05,28525.55,0
2021-06-24 09:44:06,28525.6,0
2021-06-24 09:44:07,28528.35,0
2021-06-24 09:44:08,28526.7,0
2021-06-24 09:44:10,28529.15,0
2021-06-24 09:44:11,28527.25,0
2021-06-24 09:44:12,28526.1,0
2021-06-24 09:44:13,28526.35,0
2021-06-24 09:44:14,28526.7,0
2021-06-24 09:44:15,28525.3,0
2021-06-24 09:44:17,28525.7,0
2021-06-24 09:44:18,28527.1,0
2021-06-24 09:44:19,28526.9,0
2021-06-24 09:44:21,28525.0,0
2021-06-24 09:44:22,28523.7,0
2021-06-24 09:44:23,28524.1,0
2021-06-24 09:44:24,28524.25,0
2021-06-24 09:44:25,28522.95,0
2021-06-24 09:44:26,28523.45,0
2021-06-24 09:44:27,28527.6,0
2021-06-24 09:44:28,28529.2,0
2021-06-24 09:44:29,28531.65,0
2021-06-24 09:44:30,28528.75,0
2021-06-24 09:44:31,28530.45,0
2021-06-24 09:44:32,28526.9,0
2021-06-24 09:44:33,28531.65,0
2021-06-24 09:44:34,28530.4,0
2021-06-24 09:44:36,28527.45,0
2021-06-24 09:44:37,28524.45,0
2021-06-24 09:44:38,28524.95,0
2021-06-24 09:44:40,28521.0,0
2021-06-24 09:44:41,28519.25,0
2021-06-24 09:44:42,28517.25,0
2021-06-24 09:44:43,28520.1,0
2021-06-24 09:44:44,28523.0,0
2021-06-24 09:44:45,28521.3,0
2021-06-24 09:44:46,28516.25,0
2021-06-24 09:44:47,28516.5,0
2021-06-24 09:44:49,28519.4,0
2021-06-24 09:44:50,28517.05,0
2021-06-24 09:44:51,28519.05,0
2021-06-24 09:44:52,28519.8,0
2021-06-24 09:44:53,28515.15,0
2021-06-24 09:44:54,28520.35,0
2021-06-24 09:44:55,28520.95,0
2021-06-24 09:44:56,28516.7,0
2021-06-24 09:44:57,28518.4,0
2021-06-24 09:44:58,28521.2,0
2021-06-24 09:44:59,28516.9,0
2021-06-24 09:45:00,28523.95,0
2021-06-24 09:45:01,28523.5,0
2021-06-24 09:45:02,28522.3,0
2021-06-24 09:45:03,28523.45,0
2021-06-24 09:45:04,28525.0,0
2021-06-24 09:45:05,28522.6,0
2021-06-24 09:45:06,28520.4,0
2021-06-24 09:45:07,28522.1,0
2021-06-24 09:45:08,28522.55,0
2021-06-24 09:45:09,28523.05,0
2021-06-24 09:45:10,28522.25,0
2021-06-24 09:45:11,28524.2,0
2021-06-24 09:45:12,28524.7,0
2021-06-24 09:45:13,28524.1,0
2021-06-24 09:45:14,28522.95,0
2021-06-24 09:45:15,28525.8,0
2021-06-24 09:45:16,28525.2,0
2021-06-24 09:45:17,28527.8,0
2021-06-24 09:45:18,28525.3,0
2021-06-24 09:45:19,28526.0,0
2021-06-24 09:45:21,28526.85,0
2021-06-24 09:45:22,28524.15,0
2021-06-24 09:45:23,28525.1,0
2021-06-24 09:45:24,28529.0,0
2021-06-24 09:45:25,28528.35,0
2021-06-24 09:45:26,28528.5,0
2021-06-24 09:45:28,28525.45,0
2021-06-24 09:45:29,28528.7,0
2021-06-24 09:45:32,28530.0,0
2021-06-24 09:45:33,28530.25,0
2021-06-24 09:45:34,28529.8,0
2021-06-24 09:45:35,28530.15,0
2021-06-24 09:45:36,28529.2,0
2021-06-24 09:45:37,28530.4,0
2021-06-24 09:45:38,28530.0,0
2021-06-24 09:45:39,28529.3,0
2021-06-24 09:45:40,28529.8,0
2021-06-24 09:45:41,28529.75,0
2021-06-24 09:45:42,28530.25,0
2021-06-24 09:45:43,28531.15,0
2021-06-24 09:45:44,28529.55,0
2021-06-24 09:45:45,28532.6,0
2021-06-24 09:45:46,28531.95,0
2021-06-24 09:45:47,28529.15,0
2021-06-24 09:45:48,28529.45,0
2021-06-24 09:45:49,28530.6,0
2021-06-24 09:45:50,28531.6,0
2021-06-24 09:45:51,28531.8,0
2021-06-24 09:45:52,28531.55,0
2021-06-24 09:45:54,28532.15,0
2021-06-24 09:45:55,28531.15,0
2021-06-24 09:45:56,28528.95,0
2021-06-24 09:45:57,28530.2,0
2021-06-24 09:45:58,28529.3,0
2021-06-24 09:45:59,28530.05,0
2021-06-24 09:46:00,28532.55,0
2021-06-24 09:46:01,28530.85,0
2021-06-24 09:46:02,28531.6,0
2021-06-24 09:46:04,28529.95,0
2021-06-24 09:46:05,28528.35,0
2021-06-24 09:46:06,28528.65,0
2021-06-24 09:46:07,28528.95,0
2021-06-24 09:46:08,28530.4,0
2021-06-24 09:46:09,28529.0,0
2021-06-24 09:46:10,28529.45,0
2021-06-24 09:46:11,28529.55,0
2021-06-24 09:46:12,28525.95,0
2021-06-24 09:46:13,28527.85,0
2021-06-24 09:46:14,28527.25,0
2021-06-24 09:46:15,28524.5,0
2021-06-24 09:46:16,28523.8,0
2021-06-24 09:46:17,28525.7,0
2021-06-24 09:46:18,28526.4,0
2021-06-24 09:46:19,28526.8,0
2021-06-24 09:46:20,28527.5,0
2021-06-24 09:46:21,28526.75,0
2021-06-24 09:46:22,28529.05,0
2021-06-24 09:46:23,28529.0,0
2021-06-24 09:46:25,28526.95,0
2021-06-24 09:46:26,28528.3,0
2021-06-24 09:46:27,28523.85,0
2021-06-24 09:46:28,28529.5,0
2021-06-24 09:46:29,28529.7,0
2021-06-24 09:46:30,28525.85,0
2021-06-24 09:46:32,28525.15,0
2021-06-24 09:46:33,28524.65,0
2021-06-24 09:46:34,28526.85,0
2021-06-24 09:46:35,28526.45,0
2021-06-24 09:46:36,28525.3,0
2021-06-24 09:46:37,28526.75,0
2021-06-24 09:46:38,28527.15,0
2021-06-24 09:46:39,28528.0,0
2021-06-24 09:46:40,28524.0,0
2021-06-24 09:46:42,28524.0,0
2021-06-24 09:46:43,28525.3,0
2021-06-24 09:46:44,28526.25,0
2021-06-24 09:46:45,28525.35,0
2021-06-24 09:46:46,28523.85,0
2021-06-24 09:46:47,28519.2,0
2021-06-24 09:46:48,28522.15,0
2021-06-24 09:46:49,28518.55,0
2021-06-24 09:46:51,28517.05,0
2021-06-24 09:46:52,28519.4,0
2021-06-24 09:46:53,28521.15,0
2021-06-24 09:46:54,28518.1,0
2021-06-24 09:46:55,28512.85,0
2021-06-24 09:46:56,28507.65,0
2021-06-24 09:46:57,28502.8,0
2021-06-24 09:46:58,28503.1,0
2021-06-24 09:46:59,28504.7,0
2021-06-24 09:47:00,28503.45,0
2021-06-24 09:47:01,28507.35,0
2021-06-24 09:47:02,28508.2,0
2021-06-24 09:47:03,28507.95,0
2021-06-24 09:47:05,28503.45,0
2021-06-24 09:47:06,28504.55,0
2021-06-24 09:47:07,28505.5,0
2021-06-24 09:47:08,28501.0,0
2021-06-24 09:47:09,28503.1,0
2021-06-24 09:47:10,28500.45,0
2021-06-24 09:47:12,28499.7,0
2021-06-24 09:47:13,28499.0,0
2021-06-24 09:47:14,28494.0,0
2021-06-24 09:47:15,28497.75,0
2021-06-24 09:47:16,28495.15,0
2021-06-24 09:47:17,28499.45,0
2021-06-24 09:47:18,28500.45,0
2021-06-24 09:47:19,28501.0,0
2021-06-24 09:47:20,28497.15,0
2021-06-24 09:47:21,28493.25,0
2021-06-24 09:47:23,28495.9,0
2021-06-24 09:47:24,28496.6,0
2021-06-24 09:47:25,28496.05,0
2021-06-24 09:47:26,28496.95,0
2021-06-24 09:47:27,28495.05,0
2021-06-24 09:47:28,28496.2,0
2021-06-24 09:47:29,28496.2,0
2021-06-24 09:47:30,28494.65,0
2021-06-24 09:47:31,28491.3,0
2021-06-24 09:47:32,28492.3,0
2021-06-24 09:47:33,28497.2,0
2021-06-24 09:47:34,28499.25,0
2021-06-24 09:47:35,28499.15,0
2021-06-24 09:47:36,28497.7,0
2021-06-24 09:47:37,28495.65,0
2021-06-24 09:47:38,28495.55,0
2021-06-24 09:47:39,28495.75,0
2021-06-24 09:47:40,28492.5,0
2021-06-24 09:47:41,28493.45,0
2021-06-24 09:47:42,28496.25,0
2021-06-24 09:47:43,28495.55,0
2021-06-24 09:47:44,28499.4,0
2021-06-24 09:47:45,28498.7,0
2021-06-24 09:47:46,28497.25,0
2021-06-24 09:47:47,28494.1,0
2021-06-24 09:47:48,28500.15,0
2021-06-24 09:47:49,28500.85,0
2021-06-24 09:47:51,28497.75,0
2021-06-24 09:47:52,28499.75,0
2021-06-24 09:47:53,28500.3,0
2021-06-24 09:47:54,28500.45,0
2021-06-24 09:47:56,28502.55,0
2021-06-24 09:47:57,28501.05,0
2021-06-24 09:47:58,28501.6,0
2021-06-24 09:47:59,28499.35,0
2021-06-24 09:48:00,28502.1,0
2021-06-24 09:48:01,28500.55,0
2021-06-24 09:48:04,28501.6,0
2021-06-24 09:48:05,28501.0,0
2021-06-24 09:48:07,28499.75,0
2021-06-24 09:48:08,28503.2,0
2021-06-24 09:48:09,28502.45,0
2021-06-24 09:48:10,28506.7,0
2021-06-24 09:48:11,28501.55,0
2021-06-24 09:48:12,28501.75,0
2021-06-24 09:48:13,28499.8,0
2021-06-24 09:48:14,28506.05,0
2021-06-24 09:48:15,28504.3,0
2021-06-24 09:48:16,28503.9,0
2021-06-24 09:48:17,28503.15,0
2021-06-24 09:48:18,28503.35,0
2021-06-24 09:48:19,28505.15,0
2021-06-24 09:48:20,28504.9,0
2021-06-24 09:48:21,28506.35,0
2021-06-24 09:48:22,28506.05,0
2021-06-24 09:48:23,28505.6,0
2021-06-24 09:48:24,28505.6,0
2021-06-24 09:48:25,28503.4,0
2021-06-24 09:48:27,28502.45,0
2021-06-24 09:48:28,28502.55,0
2021-06-24 09:48:29,28507.05,0
2021-06-24 09:48:30,28506.5,0
2021-06-24 09:48:31,28506.6,0
2021-06-24 09:48:32,28506.35,0
2021-06-24 09:48:33,28507.55,0
2021-06-24 09:48:34,28507.05,0
2021-06-24 09:48:36,28509.65,0
2021-06-24 09:48:37,28506.2,0
2021-06-24 09:48:38,28511.05,0
2021-06-24 09:48:39,28508.0,0
2021-06-24 09:48:41,28504.65,0
2021-06-24 09:48:43,28507.4,0
2021-06-24 09:48:44,28509.2,0
2021-06-24 09:48:45,28506.0,0
2021-06-24 09:48:46,28508.05,0
2021-06-24 09:48:47,28506.85,0
2021-06-24 09:48:48,28503.85,0
2021-06-24 09:48:49,28504.2,0
2021-06-24 09:48:50,28504.9,0
2021-06-24 09:48:51,28507.35,0
2021-06-24 09:48:52,28502.25,0
2021-06-24 09:48:53,28503.35,0
2021-06-24 09:48:54,28503.15,0
2021-06-24 09:48:55,28505.3,0
2021-06-24 09:48:56,28501.85,0
2021-06-24 09:48:57,28500.3,0
2021-06-24 09:48:58,28498.75,0
2021-06-24 09:48:59,28501.65,0
2021-06-24 09:49:00,28499.4,0
2021-06-24 09:49:01,28499.3,0
2021-06-24 09:49:02,28501.1,0
2021-06-24 09:49:04,28502.45,0
2021-06-24 09:49:05,28499.3,0
2021-06-24 09:49:06,28502.3,0
2021-06-24 09:49:07,28503.05,0
2021-06-24 09:49:08,28501.85,0
2021-06-24 09:49:10,28500.8,0
2021-06-24 09:49:11,28502.3,0
2021-06-24 09:49:12,28502.95,0
2021-06-24 09:49:13,28501.75,0
2021-06-24 09:49:14,28500.4,0
2021-06-24 09:49:15,28500.1,0
2021-06-24 09:49:16,28499.25,0
2021-06-24 09:49:17,28500.75,0
2021-06-24 09:49:18,28497.05,0
2021-06-24 09:49:19,28498.7,0
2021-06-24 09:49:20,28495.85,0
2021-06-24 09:49:21,28497.5,0
2021-06-24 09:49:22,28492.3,0
2021-06-24 09:49:23,28496.55,0
2021-06-24 09:49:24,28496.25,0
2021-06-24 09:49:25,28496.55,0
2021-06-24 09:49:26,28493.7,0
2021-06-24 09:49:28,28491.4,0
2021-06-24 09:49:29,28493.3,0
2021-06-24 09:49:30,28494.15,0
2021-06-24 09:49:31,28493.65,0
2021-06-24 09:49:32,28494.2,0
2021-06-24 09:49:33,28493.6,0
2021-06-24 09:49:34,28490.35,0
2021-06-24 09:49:35,28491.95,0
2021-06-24 09:49:36,28493.35,0
2021-06-24 09:49:37,28492.3,0
2021-06-24 09:49:38,28496.0,0
2021-06-24 09:49:39,28492.85,0
2021-06-24 09:49:40,28496.25,0
2021-06-24 09:49:41,28474.85,0
2021-06-24 09:49:42,28474.95,0
2021-06-24 09:49:43,28480.15,0
2021-06-24 09:49:44,28479.15,0
2021-06-24 09:49:45,28480.2,0
2021-06-24 09:49:46,28483.1,0
2021-06-24 09:49:47,28484.05,0
2021-06-24 09:49:48,28483.4,0
2021-06-24 09:49:50,28485.0,0
2021-06-24 09:49:51,28480.75,0
2021-06-24 09:49:52,28480.55,0
2021-06-24 09:49:53,28481.1,0
2021-06-24 09:49:56,28471.85,0
2021-06-24 09:49:58,28472.35,0
2021-06-24 09:49:59,28469.35,0
2021-06-24 09:50:00,28468.85,0
2021-06-24 09:50:01,28469.2,0
2021-06-24 09:50:02,28468.9,0
2021-06-24 09:50:03,28467.75,0
2021-06-24 09:50:04,28468.95,0
2021-06-24 09:50:05,28468.45,0
2021-06-24 09:50:06,28467.7,0
2021-06-24 09:50:07,28467.2,0
2021-06-24 09:50:08,28471.25,0
2021-06-24 09:50:10,28468.75,0
2021-06-24 09:50:12,28469.05,0
2021-06-24 09:50:13,28468.2,0
2021-06-24 09:50:14,28468.9,0
2021-06-24 09:50:16,28468.35,0
2021-06-24 09:50:17,28468.0,0
2021-06-24 09:50:18,28466.35,0
2021-06-24 09:50:19,28466.35,0
2021-06-24 09:50:20,28464.35,0
2021-06-24 09:50:21,28465.45,0
2021-06-24 09:50:22,28465.75,0
2021-06-24 09:50:23,28464.1,0
2021-06-24 09:50:24,28465.6,0
2021-06-24 09:50:25,28468.95,0
2021-06-24 09:50:26,28466.75,0
2021-06-24 09:50:27,28464.15,0
2021-06-24 09:50:28,28466.85,0
2021-06-24 09:50:29,28467.25,0
2021-06-24 09:50:30,28464.45,0
2021-06-24 09:50:31,28460.65,0
2021-06-24 09:50:32,28468.5,0
2021-06-24 09:50:33,28468.6,0
2021-06-24 09:50:34,28465.85,0
2021-06-24 09:50:35,28466.3,0
2021-06-24 09:50:36,28465.0,0
2021-06-24 09:50:37,28466.7,0
2021-06-24 09:50:38,28464.1,0
2021-06-24 09:50:39,28468.7,0
2021-06-24 09:50:40,28468.0,0
2021-06-24 09:50:41,28471.4,0
2021-06-24 09:50:42,28474.35,0
2021-06-24 09:50:43,28475.2,0
2021-06-24 09:50:44,28475.85,0
2021-06-24 09:50:45,28477.85,0
2021-06-24 09:50:46,28477.4,0
2021-06-24 09:50:47,28476.85,0
2021-06-24 09:50:48,28476.9,0
2021-06-24 09:50:49,28475.55,0
2021-06-24 09:50:50,28475.55,0
2021-06-24 09:50:51,28477.6,0
2021-06-24 09:50:52,28478.45,0
2021-06-24 09:50:55,28476.7,0
2021-06-24 09:50:56,28479.5,0
2021-06-24 09:50:58,28476.95,0
2021-06-24 09:50:59,28476.85,0
2021-06-24 09:51:00,28478.3,0
2021-06-24 09:51:01,28476.3,0
2021-06-24 09:51:02,28476.4,0
2021-06-24 09:51:03,28477.25,0
2021-06-24 09:51:04,28472.35,0
2021-06-24 09:51:05,28474.5,0
2021-06-24 09:51:06,28475.55,0
2021-06-24 09:51:07,28473.75,0
2021-06-24 09:51:08,28473.8,0
2021-06-24 09:51:09,28472.45,0
2021-06-24 09:51:10,28472.5,0
2021-06-24 09:51:11,28471.55,0
2021-06-24 09:51:12,28471.05,0
2021-06-24 09:51:13,28470.15,0
2021-06-24 09:51:14,28471.15,0
2021-06-24 09:51:15,28469.15,0
2021-06-24 09:51:16,28467.5,0
2021-06-24 09:51:17,28469.4,0
2021-06-24 09:51:19,28466.05,0
2021-06-24 09:51:20,28466.35,0
2021-06-24 09:51:21,28467.5,0
2021-06-24 09:51:22,28470.0,0
2021-06-24 09:51:23,28467.7,0
2021-06-24 09:51:24,28467.3,0
2021-06-24 09:51:26,28468.2,0
2021-06-24 09:51:27,28467.4,0
2021-06-24 09:51:28,28465.65,0
2021-06-24 09:51:29,28466.6,0
2021-06-24 09:51:30,28468.25,0
2021-06-24 09:51:31,28466.0,0
2021-06-24 09:51:32,28465.3,0
2021-06-24 09:51:33,28466.15,0
2021-06-24 09:51:34,28461.8,0
2021-06-24 09:51:35,28460.6,0
2021-06-24 09:51:36,28461.75,0
2021-06-24 09:51:37,28463.1,0
2021-06-24 09:51:38,28460.15,0
2021-06-24 09:51:39,28461.05,0
2021-06-24 09:51:40,28462.95,0
2021-06-24 09:51:41,28459.4,0
2021-06-24 09:51:42,28458.9,0
2021-06-24 09:51:43,28459.4,0
2021-06-24 09:51:44,28461.65,0
2021-06-24 09:51:45,28459.45,0
2021-06-24 09:51:46,28459.95,0
2021-06-24 09:51:47,28462.45,0
2021-06-24 09:51:48,28462.6,0
2021-06-24 09:51:49,28465.5,0
2021-06-24 09:51:50,28463.5,0
2021-06-24 09:51:51,28462.15,0
2021-06-24 09:51:52,28465.55,0
2021-06-24 09:51:53,28467.55,0
2021-06-24 09:51:54,28463.95,0
2021-06-24 09:51:55,28462.2,0
2021-06-24 09:51:56,28466.75,0
2021-06-24 09:51:57,28467.7,0
2021-06-24 09:51:58,28466.8,0
2021-06-24 09:51:59,28467.15,0
2021-06-24 09:52:00,28468.7,0
2021-06-24 09:52:01,28464.65,0
2021-06-24 09:52:02,28464.2,0
2021-06-24 09:52:04,28468.3,0
2021-06-24 09:52:05,28465.9,0
2021-06-24 09:52:06,28464.9,0
2021-06-24 09:52:07,28466.8,0
2021-06-24 09:52:08,28467.2,0
2021-06-24 09:52:09,28466.3,0
2021-06-24 09:52:11,28468.7,0
2021-06-24 09:52:12,28467.25,0
2021-06-24 09:52:13,28468.85,0
2021-06-24 09:52:14,28464.1,0
2021-06-24 09:52:15,28461.8,0
2021-06-24 09:52:16,28463.7,0
2021-06-24 09:52:18,28463.45,0
2021-06-24 09:52:19,28461.7,0
2021-06-24 09:52:20,28464.85,0
2021-06-24 09:52:21,28466.95,0
2021-06-24 09:52:22,28470.3,0
2021-06-24 09:52:23,28468.75,0
2021-06-24 09:52:24,28464.55,0
2021-06-24 09:52:25,28464.65,0
2021-06-24 09:52:26,28465.4,0
2021-06-24 09:52:27,28463.7,0
2021-06-24 09:52:28,28464.65,0
2021-06-24 09:52:29,28464.3,0
2021-06-24 09:52:30,28460.9,0
2021-06-24 09:52:31,28463.4,0
2021-06-24 09:52:32,28464.1,0
2021-06-24 09:52:33,28467.35,0
2021-06-24 09:52:34,28463.9,0
2021-06-24 09:52:36,28464.75,0
2021-06-24 09:52:37,28466.8,0
2021-06-24 09:52:38,28465.65,0
2021-06-24 09:52:39,28463.6,0
2021-06-24 09:52:40,28464.2,0
2021-06-24 09:52:41,28465.4,0
2021-06-24 09:52:42,28465.9,0
2021-06-24 09:52:43,28466.55,0
2021-06-24 09:52:44,28465.1,0
2021-06-24 09:52:45,28467.5,0
2021-06-24 09:52:46,28466.8,0
2021-06-24 09:52:47,28464.5,0
2021-06-24 09:52:48,28464.75,0
2021-06-24 09:52:49,28465.3,0
2021-06-24 09:52:50,28469.3,0
2021-06-24 09:52:51,28468.1,0
2021-06-24 09:52:52,28467.05,0
2021-06-24 09:52:53,28462.65,0
2021-06-24 09:52:54,28465.4,0
2021-06-24 09:52:55,28466.9,0
2021-06-24 09:52:56,28465.1,0
2021-06-24 09:52:57,28464.2,0
2021-06-24 09:52:58,28461.15,0
2021-06-24 09:52:59,28465.75,0
2021-06-24 09:53:00,28464.4,0
2021-06-24 09:53:01,28464.05,0
2021-06-24 09:53:02,28462.95,0
2021-06-24 09:53:04,28464.75,0
2021-06-24 09:53:05,28463.05,0
2021-06-24 09:53:06,28463.05,0
2021-06-24 09:53:08,28463.3,0
2021-06-24 09:53:09,28462.85,0
2021-06-24 09:53:10,28462.35,0
2021-06-24 09:53:11,28463.2,0
2021-06-24 09:53:12,28463.3,0
2021-06-24 09:53:13,28462.35,0
2021-06-24 09:53:14,28463.65,0
2021-06-24 09:53:15,28463.8,0
2021-06-24 09:53:16,28461.9,0
2021-06-24 09:53:18,28463.2,0
2021-06-24 09:53:19,28464.3,0
2021-06-24 09:53:22,28465.1,0
2021-06-24 09:53:24,28465.25,0
2021-06-24 09:53:25,28463.75,0
2021-06-24 09:53:27,28461.7,0
2021-06-24 09:53:28,28462.05,0
2021-06-24 09:53:29,28461.9,0
2021-06-24 09:53:30,28462.35,0
2021-06-24 09:53:31,28463.85,0
2021-06-24 09:53:32,28465.8,0
2021-06-24 09:53:33,28466.4,0
2021-06-24 09:53:34,28465.25,0
2021-06-24 09:53:35,28468.25,0
2021-06-24 09:53:36,28469.8,0
2021-06-24 09:53:37,28468.65,0
2021-06-24 09:53:38,28466.15,0
2021-06-24 09:53:39,28468.5,0
2021-06-24 09:53:40,28468.25,0
2021-06-24 09:53:41,28467.0,0
2021-06-24 09:53:42,28468.25,0
2021-06-24 09:53:43,28467.7,0
2021-06-24 09:53:44,28465.65,0
2021-06-24 09:53:45,28467.05,0
2021-06-24 09:53:46,28466.55,0
2021-06-24 09:53:47,28466.55,0
2021-06-24 09:53:49,28466.4,0
2021-06-24 09:53:50,28467.25,0
2021-06-24 09:53:51,28464.5,0
2021-06-24 09:53:52,28461.3,0
2021-06-24 09:53:53,28459.95,0
2021-06-24 09:53:54,28458.85,0
2021-06-24 09:53:55,28460.85,0
2021-06-24 09:53:56,28461.05,0
2021-06-24 09:53:57,28461.05,0
2021-06-24 09:53:59,28457.05,0
2021-06-24 09:54:00,28456.7,0
2021-06-24 09:54:01,28457.1,0
2021-06-24 09:54:02,28454.95,0
2021-06-24 09:54:03,28458.65,0
2021-06-24 09:54:04,28454.85,0
2021-06-24 09:54:05,28457.45,0
2021-06-24 09:54:06,28455.95,0
2021-06-24 09:54:07,28458.3,0
2021-06-24 09:54:09,28458.4,0
2021-06-24 09:54:10,28460.0,0
2021-06-24 09:54:11,28453.8,0
2021-06-24 09:54:12,28459.65,0
2021-06-24 09:54:13,28458.3,0
2021-06-24 09:54:14,28457.1,0
2021-06-24 09:54:16,28458.9,0
2021-06-24 09:54:17,28460.7,0
2021-06-24 09:54:18,28460.75,0
2021-06-24 09:54:19,28461.55,0
2021-06-24 09:54:21,28461.65,0
2021-06-24 09:54:22,28460.75,0
2021-06-24 09:54:23,28457.25,0
2021-06-24 09:54:24,28460.2,0
2021-06-24 09:54:25,28459.7,0
2021-06-24 09:54:26,28457.85,0
2021-06-24 09:54:27,28459.95,0
2021-06-24 09:54:28,28461.55,0
2021-06-24 09:54:30,28458.0,0
2021-06-24 09:54:31,28459.45,0
2021-06-24 09:54:32,28461.1,0
2021-06-24 09:54:33,28460.6,0
2021-06-24 09:54:34,28458.05,0
2021-06-24 09:54:35,28461.45,0
2021-06-24 09:54:36,28460.25,0
2021-06-24 09:54:37,28459.2,0
2021-06-24 09:54:38,28460.0,0
2021-06-24 09:54:39,28457.9,0
2021-06-24 09:54:40,28459.3,0
2021-06-24 09:54:42,28458.15,0
2021-06-24 09:54:43,28458.8,0
2021-06-24 09:54:44,28459.3,0
2021-06-24 09:54:45,28460.95,0
2021-06-24 09:54:46,28459.7,0
2021-06-24 09:54:48,28461.25,0
2021-06-24 09:54:49,28459.3,0
2021-06-24 09:54:50,28459.3,0
2021-06-24 09:54:51,28459.75,0
2021-06-24 09:54:52,28461.6,0
2021-06-24 09:54:53,28460.75,0
2021-06-24 09:54:54,28459.15,0
2021-06-24 09:54:55,28459.4,0
2021-06-24 09:54:56,28460.9,0
2021-06-24 09:54:57,28458.15,0
2021-06-24 09:54:58,28456.4,0
2021-06-24 09:54:59,28456.25,0
2021-06-24 09:55:00,28457.5,0
2021-06-24 09:55:01,28456.35,0
2021-06-24 09:55:02,28456.55,0
2021-06-24 09:55:03,28453.05,0
2021-06-24 09:55:04,28452.75,0
2021-06-24 09:55:05,28447.8,0
2021-06-24 09:55:06,28452.15,0
2021-06-24 09:55:08,28455.8,0
2021-06-24 09:55:09,28453.45,0
2021-06-24 09:55:11,28453.6,0
2021-06-24 09:55:12,28454.4,0
2021-06-24 09:55:13,28453.7,0
2021-06-24 09:55:14,28451.3,0
2021-06-24 09:55:15,28452.5,0
2021-06-24 09:55:16,28446.65,0
2021-06-24 09:55:17,28451.75,0
2021-06-24 09:55:18,28447.65,0
2021-06-24 09:55:19,28447.45,0
2021-06-24 09:55:20,28448.55,0
2021-06-24 09:55:25,28445.5,0
2021-06-24 09:55:26,28447.35,0
2021-06-24 09:55:27,28447.45,0
2021-06-24 09:55:28,28449.1,0
2021-06-24 09:55:29,28446.85,0
2021-06-24 09:55:30,28446.35,0
2021-06-24 09:55:31,28445.9,0
2021-06-24 09:55:33,28441.4,0
2021-06-24 09:55:34,28446.5,0
2021-06-24 09:55:35,28442.85,0
2021-06-24 09:55:36,28443.85,0
2021-06-24 09:55:38,28441.65,0
2021-06-24 09:55:39,28433.2,0
2021-06-24 09:55:40,28437.5,0
2021-06-24 09:55:41,28434.95,0
2021-06-24 09:55:42,28433.85,0
2021-06-24 09:55:43,28436.8,0
2021-06-24 09:55:44,28436.95,0
2021-06-24 09:55:46,28433.95,0
2021-06-24 09:55:47,28432.95,0
2021-06-24 09:55:48,28434.25,0
2021-06-24 09:55:49,28433.65,0
2021-06-24 09:55:50,28433.4,0
2021-06-24 09:55:51,28431.75,0
2021-06-24 09:55:52,28427.8,0
2021-06-24 09:55:53,28427.1,0
2021-06-24 09:55:54,28428.45,0
2021-06-24 09:55:55,28430.5,0
2021-06-24 09:55:56,28427.15,0
2021-06-24 09:55:57,28430.25,0
2021-06-24 09:55:58,28429.85,0
2021-06-24 09:55:59,28430.85,0
2021-06-24 09:56:00,28432.45,0
2021-06-24 09:56:01,28430.45,0
2021-06-24 09:56:02,28431.6,0
2021-06-24 09:56:03,28431.95,0
2021-06-24 09:56:04,28432.45,0
2021-06-24 09:56:05,28432.0,0
2021-06-24 09:56:06,28436.0,0
2021-06-24 09:56:07,28445.05,0
2021-06-24 09:56:08,28436.85,0
2021-06-24 09:56:09,28443.45,0
2021-06-24 09:56:10,28441.0,0
2021-06-24 09:56:11,28441.25,0
2021-06-24 09:56:12,28443.65,0
2021-06-24 09:56:13,28445.6,0
2021-06-24 09:56:14,28444.7,0
2021-06-24 09:56:15,28446.05,0
2021-06-24 09:56:16,28445.05,0
2021-06-24 09:56:17,28444.95,0
2021-06-24 09:56:18,28449.4,0
2021-06-24 09:56:19,28448.65,0
2021-06-24 09:56:20,28446.0,0
2021-06-24 09:56:21,28444.05,0
2021-06-24 09:56:22,28444.45,0
2021-06-24 09:56:23,28445.8,0
2021-06-24 09:56:24,28447.05,0
2021-06-24 09:56:25,28445.35,0
2021-06-24 09:56:26,28446.6,0
2021-06-24 09:56:28,28442.25,0
2021-06-24 09:56:29,28445.8,0
2021-06-24 09:56:30,28445.1,0
2021-06-24 09:56:31,28444.75,0
2021-06-24 09:56:32,28445.05,0
2021-06-24 09:56:33,28444.15,0
2021-06-24 09:56:34,28445.1,0
2021-06-24 09:56:35,28447.0,0
2021-06-24 09:56:36,28448.5,0
2021-06-24 09:56:37,28448.3,0
2021-06-24 09:56:38,28447.6,0
2021-06-24 09:56:39,28448.0,0
2021-06-24 09:56:40,28445.7,0
2021-06-24 09:56:41,28445.65,0
2021-06-24 09:56:42,28447.25,0
2021-06-24 09:56:43,28446.7,0
2021-06-24 09:56:44,28444.95,0
2021-06-24 09:56:45,28446.95,0
2021-06-24 09:56:46,28447.6,0
2021-06-24 09:56:47,28444.65,0
2021-06-24 09:56:48,28443.7,0
2021-06-24 09:56:49,28445.65,0
2021-06-24 09:56:50,28447.05,0
2021-06-24 09:56:51,28446.95,0
2021-06-24 09:56:52,28450.7,0
2021-06-24 09:56:53,28445.35,0
2021-06-24 09:56:54,28450.25,0
2021-06-24 09:56:55,28449.65,0
2021-06-24 09:56:56,28445.75,0
2021-06-24 09:56:57,28447.75,0
2021-06-24 09:56:58,28446.05,0
2021-06-24 09:56:59,28447.65,0
2021-06-24 09:57:00,28447.45,0
2021-06-24 09:57:02,28449.3,0
2021-06-24 09:57:03,28447.7,0
2021-06-24 09:57:04,28450.3,0
2021-06-24 09:57:05,28448.05,0
2021-06-24 09:57:06,28446.85,0
2021-06-24 09:57:07,28447.45,0
2021-06-24 09:57:08,28448.5,0
2021-06-24 09:57:10,28449.05,0
2021-06-24 09:57:11,28450.0,0
2021-06-24 09:57:12,28450.35,0
2021-06-24 09:57:13,28452.2,0
2021-06-24 09:57:14,28451.5,0
2021-06-24 09:57:15,28452.65,0
2021-06-24 09:57:16,28452.0,0
2021-06-24 09:57:17,28453.15,0
2021-06-24 09:57:18,28455.75,0
2021-06-24 09:57:19,28447.3,0
2021-06-24 09:57:20,28450.95,0
2021-06-24 09:57:21,28449.2,0
2021-06-24 09:57:22,28448.45,0
2021-06-24 09:57:23,28447.2,0
2021-06-24 09:57:24,28451.6,0
2021-06-24 09:57:25,28450.35,0
2021-06-24 09:57:26,28451.8,0
2021-06-24 09:57:27,28450.7,0
2021-06-24 09:57:28,28451.6,0
2021-06-24 09:57:29,28448.55,0
2021-06-24 09:57:30,28451.95,0
2021-06-24 09:57:31,28452.2,0
2021-06-24 09:57:32,28453.85,0
2021-06-24 09:57:33,28452.15,0
2021-06-24 09:57:34,28450.7,0
2021-06-24 09:57:35,28449.55,0
2021-06-24 09:57:36,28447.45,0
2021-06-24 09:57:37,28449.75,0
2021-06-24 09:57:38,28447.75,0
2021-06-24 09:57:39,28448.6,0
2021-06-24 09:57:40,28448.85,0
2021-06-24 09:57:41,28451.65,0
2021-06-24 09:57:42,28451.6,0
2021-06-24 09:57:43,28451.55,0
2021-06-24 09:57:44,28449.55,0
2021-06-24 09:57:45,28451.45,0
2021-06-24 09:57:46,28448.75,0
2021-06-24 09:57:47,28450.3,0
2021-06-24 09:57:48,28451.05,0
2021-06-24 09:57:49,28449.25,0
2021-06-24 09:57:50,28448.55,0
2021-06-24 09:57:51,28449.1,0
2021-06-24 09:57:52,28447.6,0
2021-06-24 09:57:53,28446.35,0
2021-06-24 09:57:54,28448.25,0
2021-06-24 09:57:55,28447.3,0
2021-06-24 09:57:56,28448.55,0
2021-06-24 09:57:57,28450.0,0
2021-06-24 09:57:58,28448.65,0
2021-06-24 09:57:59,28447.55,0
2021-06-24 09:58:00,28450.65,0
2021-06-24 09:58:01,28450.9,0
2021-06-24 09:58:02,28452.1,0
2021-06-24 09:58:03,28450.35,0
2021-06-24 09:58:04,28445.1,0
2021-06-24 09:58:05,28445.95,0
2021-06-24 09:58:06,28446.3,0
2021-06-24 09:58:07,28447.65,0
2021-06-24 09:58:08,28445.75,0
2021-06-24 09:58:09,28446.5,0
2021-06-24 09:58:10,28446.8,0
2021-06-24 09:58:11,28448.0,0
2021-06-24 09:58:12,28447.7,0
2021-06-24 09:58:13,28448.65,0
2021-06-24 09:58:14,28448.95,0
2021-06-24 09:58:15,28447.8,0
2021-06-24 09:58:16,28445.9,0
2021-06-24 09:58:17,28445.35,0
2021-06-24 09:58:18,28447.6,0
2021-06-24 09:58:19,28445.0,0
2021-06-24 09:58:20,28441.7,0
2021-06-24 09:58:21,28445.0,0
2021-06-24 09:58:22,28443.9,0
2021-06-24 09:58:23,28445.1,0
2021-06-24 09:58:24,28439.55,0
2021-06-24 09:58:25,28441.65,0
2021-06-24 09:58:26,28434.5,0
2021-06-24 09:58:27,28433.7,0
2021-06-24 09:58:28,28437.7,0
2021-06-24 09:58:29,28437.3,0
2021-06-24 09:58:30,28439.4,0
2021-06-24 09:58:31,28437.9,0
2021-06-24 09:58:32,28436.55,0
2021-06-24 09:58:33,28436.45,0
2021-06-24 09:58:35,28436.3,0
2021-06-24 09:58:36,28432.1,0
2021-06-24 09:58:37,28437.95,0
2021-06-24 09:58:38,28437.85,0
2021-06-24 09:58:39,28438.35,0
2021-06-24 09:58:40,28438.5,0
2021-06-24 09:58:41,28431.0,0
2021-06-24 09:58:42,28436.9,0
2021-06-24 09:58:43,28437.45,0
2021-06-24 09:58:44,28437.9,0
2021-06-24 09:58:45,28438.35,0
2021-06-24 09:58:46,28437.0,0
2021-06-24 09:58:47,28436.65,0
2021-06-24 09:58:48,28438.75,0
2021-06-24 09:58:49,28437.45,0
2021-06-24 09:58:50,28439.85,0
2021-06-24 09:58:51,28440.35,0
2021-06-24 09:58:52,28444.3,0
2021-06-24 09:58:53,28446.5,0
2021-06-24 09:58:54,28448.5,0
2021-06-24 09:58:55,28449.3,0
2021-06-24 09:58:56,28448.15,0
2021-06-24 09:58:57,28448.75,0
2021-06-24 09:58:58,28447.0,0
2021-06-24 09:58:59,28449.05,0
2021-06-24 09:59:00,28446.2,0
2021-06-24 09:59:01,28448.15,0
2021-06-24 09:59:02,28448.85,0
2021-06-24 09:59:03,28449.85,0
2021-06-24 09:59:04,28450.6,0
2021-06-24 09:59:05,28451.25,0
2021-06-24 09:59:06,28451.8,0
2021-06-24 09:59:07,28452.6,0
2021-06-24 09:59:08,28447.2,0
2021-06-24 09:59:09,28452.5,0
2021-06-24 09:59:10,28449.7,0
2021-06-24 09:59:11,28447.75,0
2021-06-24 09:59:12,28451.75,0
2021-06-24 09:59:13,28453.15,0
2021-06-24 09:59:15,28450.65,0
2021-06-24 09:59:16,28454.25,0
2021-06-24 09:59:17,28452.7,0
2021-06-24 09:59:18,28453.45,0
2021-06-24 09:59:19,28451.5,0
2021-06-24 09:59:20,28452.25,0
2021-06-24 09:59:21,28452.5,0
2021-06-24 09:59:22,28450.5,0
2021-06-24 09:59:23,28452.6,0
2021-06-24 09:59:24,28451.15,0
2021-06-24 09:59:25,28451.55,0
2021-06-24 09:59:26,28451.15,0
2021-06-24 09:59:27,28448.75,0
2021-06-24 09:59:28,28451.75,0
2021-06-24 09:59:29,28451.55,0
2021-06-24 09:59:31,28451.75,0
2021-06-24 09:59:33,28452.7,0
2021-06-24 09:59:35,28448.55,0
2021-06-24 09:59:36,28445.6,0
2021-06-24 09:59:37,28446.65,0
2021-06-24 09:59:38,28458.1,0
2021-06-24 09:59:39,28460.05,0
2021-06-24 09:59:40,28459.8,0
2021-06-24 09:59:41,28460.35,0
2021-06-24 09:59:42,28461.05,0
2021-06-24 09:59:43,28458.35,0
2021-06-24 09:59:44,28453.25,0
2021-06-24 09:59:45,28457.8,0
2021-06-24 09:59:46,28448.3,0
2021-06-24 09:59:47,28450.2,0
2021-06-24 09:59:48,28452.2,0
2021-06-24 09:59:49,28451.75,0
2021-06-24 09:59:50,28451.9,0
2021-06-24 09:59:51,28452.8,0
2021-06-24 09:59:52,28453.35,0
2021-06-24 09:59:53,28455.55,0
2021-06-24 09:59:54,28456.8,0
2021-06-24 09:59:55,28452.6,0
2021-06-24 09:59:56,28452.55,0
2021-06-24 09:59:57,28455.3,0
2021-06-24 09:59:58,28455.05,0
2021-06-24 09:59:59,28454.3,0
2021-06-24 10:00:00,28456.4,0
2021-06-24 10:00:01,28457.7,0
2021-06-24 10:00:02,28453.35,0
2021-06-24 10:00:03,28455.8,0
2021-06-24 10:00:04,28454.1,0
2021-06-24 10:00:05,28455.2,0
2021-06-24 10:00:06,28456.65,0
2021-06-24 10:00:07,28456.35,0
2021-06-24 10:00:08,28460.4,0
2021-06-24 10:00:09,28461.3,0
2021-06-24 10:00:10,28460.25,0
2021-06-24 10:00:11,28461.25,0
2021-06-24 10:00:12,28463.3,0
2021-06-24 10:00:13,28467.2,0
2021-06-24 10:00:14,28466.2,0
2021-06-24 10:00:15,28465.75,0
2021-06-24 10:00:16,28466.55,0
2021-06-24 10:00:17,28465.45,0
2021-06-24 10:00:18,28466.0,0
2021-06-24 10:00:19,28464.9,0
2021-06-24 10:00:20,28466.1,0
2021-06-24 10:00:21,28470.55,0
2021-06-24 10:00:22,28471.65,0
2021-06-24 10:00:23,28468.9,0
2021-06-24 10:00:24,28473.05,0
2021-06-24 10:00:25,28472.45,0
2021-06-24 10:00:26,28473.25,0
2021-06-24 10:00:28,28475.95,0
2021-06-24 10:00:29,28474.1,0
2021-06-24 10:00:30,28473.95,0
2021-06-24 10:00:31,28477.85,0
2021-06-24 10:00:32,28475.9,0
2021-06-24 10:00:33,28478.35,0
2021-06-24 10:00:34,28478.3,0
2021-06-24 10:00:35,28479.2,0
2021-06-24 10:00:36,28478.95,0
2021-06-24 10:00:37,28479.35,0
2021-06-24 10:00:39,28483.25,0
2021-06-24 10:00:40,28482.45,0
2021-06-24 10:00:41,28483.0,0
2021-06-24 10:00:42,28479.55,0
2021-06-24 10:00:43,28480.55,0
2021-06-24 10:00:44,28483.05,0
2021-06-24 10:00:45,28482.6,0
2021-06-24 10:00:46,28482.55,0
2021-06-24 10:00:47,28483.65,0
2021-06-24 10:00:48,28485.45,0
2021-06-24 10:00:49,28484.4,0
2021-06-24 10:00:50,28487.25,0
2021-06-24 10:00:51,28485.85,0
2021-06-24 10:00:52,28484.85,0
2021-06-24 10:00:53,28488.15,0
2021-06-24 10:00:54,28488.1,0
2021-06-24 10:00:55,28487.7,0
2021-06-24 10:00:56,28484.95,0
2021-06-24 10:00:57,28486.45,0
2021-06-24 10:00:58,28485.6,0
2021-06-24 10:00:59,28487.5,0
2021-06-24 10:01:00,28486.95,0
2021-06-24 10:01:01,28484.9,0
2021-06-24 10:01:03,28487.05,0
2021-06-24 10:01:04,28482.85,0
2021-06-24 10:01:05,28484.45,0
2021-06-24 10:01:07,28484.45,0
2021-06-24 10:01:08,28484.95,0
2021-06-24 10:01:09,28485.2,0
2021-06-24 10:01:10,28486.25,0
2021-06-24 10:01:11,28481.5,0
2021-06-24 10:01:12,28484.65,0
2021-06-24 10:01:13,28487.0,0
2021-06-24 10:01:14,28482.1,0
2021-06-24 10:01:15,28485.85,0
2021-06-24 10:01:16,28482.0,0
2021-06-24 10:01:17,28483.4,0
2021-06-24 10:01:18,28483.1,0
2021-06-24 10:01:19,28484.7,0
2021-06-24 10:01:20,28483.55,0
2021-06-24 10:01:21,28482.0,0
2021-06-24 10:01:22,28482.6,0
2021-06-24 10:01:23,28485.05,0
2021-06-24 10:01:24,28486.4,0
2021-06-24 10:01:25,28482.9,0
2021-06-24 10:01:26,28482.85,0
2021-06-24 10:01:27,28484.85,0
2021-06-24 10:01:28,28484.15,0
2021-06-24 10:01:29,28484.1,0
2021-06-24 10:01:30,28484.7,0
2021-06-24 10:01:31,28482.5,0
2021-06-24 10:01:32,28480.2,0
2021-06-24 10:01:33,28482.65,0
2021-06-24 10:01:34,28480.95,0
2021-06-24 10:01:35,28481.35,0
2021-06-24 10:01:36,28484.0,0
2021-06-24 10:01:37,28482.55,0
2021-06-24 10:01:38,28484.15,0
2021-06-24 10:01:39,28483.95,0
2021-06-24 10:01:40,28485.45,0
2021-06-24 10:01:41,28483.8,0
2021-06-24 10:01:42,28482.85,0
2021-06-24 10:01:43,28483.0,0
2021-06-24 10:01:44,28483.6,0
2021-06-24 10:01:45,28484.4,0
2021-06-24 10:01:46,28483.65,0
2021-06-24 10:01:47,28484.4,0
2021-06-24 10:01:48,28481.4,0
2021-06-24 10:01:49,28486.2,0
2021-06-24 10:01:50,28484.4,0
2021-06-24 10:01:51,28482.35,0
2021-06-24 10:01:52,28482.35,0
2021-06-24 10:01:53,28481.95,0
2021-06-24 10:01:54,28484.2,0
2021-06-24 10:01:55,28483.0,0
2021-06-24 10:01:56,28482.1,0
2021-06-24 10:01:57,28481.05,0
2021-06-24 10:01:58,28482.7,0
2021-06-24 10:01:59,28482.0,0
2021-06-24 10:02:00,28484.4,0
2021-06-24 10:02:01,28485.45,0
2021-06-24 10:02:02,28484.65,0
2021-06-24 10:02:05,28487.5,0
2021-06-24 10:02:06,28487.9,0
2021-06-24 10:02:07,28485.65,0
2021-06-24 10:02:08,28488.45,0
2021-06-24 10:02:09,28489.3,0
2021-06-24 10:02:10,28486.25,0
2021-06-24 10:02:11,28487.65,0
2021-06-24 10:02:12,28486.25,0
2021-06-24 10:02:13,28485.8,0
2021-06-24 10:02:14,28486.95,0
2021-06-24 10:02:15,28485.4,0
2021-06-24 10:02:16,28483.8,0
2021-06-24 10:02:17,28483.55,0
2021-06-24 10:02:18,28487.8,0
2021-06-24 10:02:19,28486.2,0
2021-06-24 10:02:20,28485.9,0
2021-06-24 10:02:21,28487.4,0
2021-06-24 10:02:22,28488.45,0
2021-06-24 10:02:23,28488.15,0
2021-06-24 10:02:24,28489.3,0
2021-06-24 10:02:25,28489.4,0
2021-06-24 10:02:26,28489.6,0
2021-06-24 10:02:27,28485.8,0
2021-06-24 10:02:28,28486.1,0
2021-06-24 10:02:29,28490.7,0
2021-06-24 10:02:30,28490.65,0
2021-06-24 10:02:31,28491.5,0
2021-06-24 10:02:32,28490.55,0
2021-06-24 10:02:33,28489.05,0
2021-06-24 10:02:34,28487.65,0
2021-06-24 10:02:35,28484.35,0
2021-06-24 10:02:36,28488.85,0
2021-06-24 10:02:38,28488.0,0
2021-06-24 10:02:39,28486.85,0
2021-06-24 10:02:40,28490.95,0
2021-06-24 10:02:41,28489.55,0
2021-06-24 10:02:42,28488.7,0
2021-06-24 10:02:43,28486.2,0
2021-06-24 10:02:44,28487.55,0
2021-06-24 10:02:45,28486.9,0
2021-06-24 10:02:49,28493.4,0
2021-06-24 10:02:50,28490.2,0
2021-06-24 10:02:53,28497.15,0
2021-06-24 10:02:54,28496.95,0
2021-06-24 10:02:55,28496.3,0
2021-06-24 10:02:56,28499.05,0
2021-06-24 10:02:57,28501.2,0
2021-06-24 10:02:58,28498.5,0
2021-06-24 10:02:59,28498.1,0
2021-06-24 10:03:01,28497.15,0
2021-06-24 10:03:02,28497.05,0
2021-06-24 10:03:03,28498.8,0
2021-06-24 10:03:04,28500.05,0
2021-06-24 10:03:05,28498.15,0
2021-06-24 10:03:06,28497.6,0
2021-06-24 10:03:07,28497.35,0
2021-06-24 10:03:08,28499.35,0
2021-06-24 10:03:09,28499.55,0
2021-06-24 10:03:10,28500.15,0
2021-06-24 10:03:11,28498.8,0
2021-06-24 10:03:12,28501.3,0
2021-06-24 10:03:13,28502.0,0
2021-06-24 10:03:14,28500.3,0
2021-06-24 10:03:15,28501.6,0
2021-06-24 10:03:16,28498.85,0
2021-06-24 10:03:17,28499.15,0
2021-06-24 10:03:18,28503.9,0
2021-06-24 10:03:19,28504.55,0
2021-06-24 10:03:20,28499.95,0
2021-06-24 10:03:21,28502.7,0
2021-06-24 10:03:22,28503.0,0
2021-06-24 10:03:23,28503.45,0
2021-06-24 10:03:24,28503.55,0
2021-06-24 10:03:26,28503.9,0
2021-06-24 10:03:27,28502.35,0
2021-06-24 10:03:28,28502.75,0
2021-06-24 10:03:29,28505.65,0
2021-06-24 10:03:30,28504.0,0
2021-06-24 10:03:31,28503.2,0
2021-06-24 10:03:32,28505.1,0
2021-06-24 10:03:33,28503.55,0
2021-06-24 10:03:34,28502.55,0
2021-06-24 10:03:35,28502.75,0
2021-06-24 10:03:36,28506.3,0
2021-06-24 10:03:37,28506.45,0
2021-06-24 10:03:38,28506.5,0
2021-06-24 10:03:39,28505.6,0
2021-06-24 10:03:40,28505.25,0
2021-06-24 10:03:41,28502.7,0
2021-06-24 10:03:42,28504.05,0
2021-06-24 10:03:43,28505.45,0
2021-06-24 10:03:44,28503.15,0
2021-06-24 10:03:45,28504.1,0
2021-06-24 10:03:46,28503.45,0
2021-06-24 10:03:47,28501.4,0
2021-06-24 10:03:48,28504.85,0
2021-06-24 10:03:49,28502.95,0
2021-06-24 10:03:51,28500.85,0
2021-06-24 10:03:52,28503.55,0
2021-06-24 10:03:53,28503.95,0
2021-06-24 10:03:54,28502.95,0
2021-06-24 10:03:55,28504.05,0
2021-06-24 10:03:56,28503.1,0
2021-06-24 10:03:57,28503.85,0
2021-06-24 10:03:59,28505.4,0
2021-06-24 10:04:00,28503.45,0
2021-06-24 10:04:01,28503.15,0
2021-06-24 10:04:02,28503.3,0
2021-06-24 10:04:03,28502.9,0
2021-06-24 10:04:05,28501.95,0
2021-06-24 10:04:06,28501.0,0
2021-06-24 10:04:07,28503.3,0
2021-06-24 10:04:08,28501.85,0
2021-06-24 10:04:09,28502.45,0
2021-06-24 10:04:10,28502.85,0
2021-06-24 10:04:11,28501.15,0
2021-06-24 10:04:12,28501.8,0
2021-06-24 10:04:13,28497.15,0
2021-06-24 10:04:14,28500.45,0
2021-06-24 10:04:15,28499.85,0
2021-06-24 10:04:16,28496.45,0
2021-06-24 10:04:17,28499.55,0
2021-06-24 10:04:18,28500.95,0
2021-06-24 10:04:19,28498.05,0
2021-06-24 10:04:20,28498.8,0
2021-06-24 10:04:21,28500.55,0
2021-06-24 10:04:22,28499.6,0
2021-06-24 10:04:23,28499.75,0
2021-06-24 10:04:24,28500.5,0
2021-06-24 10:04:25,28501.75,0
2021-06-24 10:04:26,28498.55,0
2021-06-24 10:04:27,28500.2,0
2021-06-24 10:04:28,28501.45,0
2021-06-24 10:04:30,28498.5,0
2021-06-24 10:04:31,28501.65,0
2021-06-24 10:04:32,28500.8,0
2021-06-24 10:04:33,28501.3,0
2021-06-24 10:04:34,28501.0,0
2021-06-24 10:04:36,28501.35,0
2021-06-24 10:04:37,28500.65,0
2021-06-24 10:04:38,28500.95,0
2021-06-24 10:04:39,28502.3,0
2021-06-24 10:04:40,28502.0,0
2021-06-24 10:04:42,28500.25,0
2021-06-24 10:04:43,28496.95,0
2021-06-24 10:04:44,28498.85,0
2021-06-24 10:04:45,28496.5,0
2021-06-24 10:04:46,28492.5,0
2021-06-24 10:04:47,28495.95,0
2021-06-24 10:04:48,28498.2,0
2021-06-24 10:04:49,28499.4,0
2021-06-24 10:04:50,28497.9,0
2021-06-24 10:04:51,28498.0,0
2021-06-24 10:04:52,28498.4,0
2021-06-24 10:04:53,28499.05,0
2021-06-24 10:04:54,28497.05,0
2021-06-24 10:04:55,28500.2,0
2021-06-24 10:04:56,28499.75,0
2021-06-24 10:04:57,28498.65,0
2021-06-24 10:04:58,28498.95,0
2021-06-24 10:04:59,28499.15,0
2021-06-24 10:05:00,28498.95,0
2021-06-24 10:05:01,28496.65,0
2021-06-24 10:05:02,28494.7,0
2021-06-24 10:05:03,28495.1,0
2021-06-24 10:05:04,28494.55,0
2021-06-24 10:05:05,28496.8,0
2021-06-24 10:05:06,28497.0,0
2021-06-24 10:05:08,28496.6,0
2021-06-24 10:05:09,28496.8,0
2021-06-24 10:05:10,28495.75,0
2021-06-24 10:05:11,28495.65,0
2021-06-24 10:05:12,28495.6,0
2021-06-24 10:05:13,28494.45,0
2021-06-24 10:05:14,28500.8,0
2021-06-24 10:05:15,28500.2,0
2021-06-24 10:05:16,28498.85,0
2021-06-24 10:05:17,28496.9,0
2021-06-24 10:05:18,28495.8,0
2021-06-24 10:05:19,28494.15,0
2021-06-24 10:05:20,28494.9,0
2021-06-24 10:05:21,28495.8,0
2021-06-24 10:05:22,28496.15,0
2021-06-24 10:05:23,28497.1,0
2021-06-24 10:05:24,28498.05,0
2021-06-24 10:05:25,28495.9,0
2021-06-24 10:05:26,28497.6,0
2021-06-24 10:05:27,28498.35,0
2021-06-24 10:05:28,28495.8,0
2021-06-24 10:05:29,28495.45,0
2021-06-24 10:05:30,28495.4,0
2021-06-24 10:05:31,28494.45,0
2021-06-24 10:05:33,28495.25,0
2021-06-24 10:05:34,28493.85,0
2021-06-24 10:05:35,28492.65,0
2021-06-24 10:05:36,28492.5,0
2021-06-24 10:05:37,28490.85,0
2021-06-24 10:05:38,28491.05,0
2021-06-24 10:05:40,28494.3,0
2021-06-24 10:05:41,28494.7,0
2021-06-24 10:05:42,28494.45,0
2021-06-24 10:05:43,28493.35,0
2021-06-24 10:05:44,28493.3,0
2021-06-24 10:05:45,28491.8,0
2021-06-24 10:05:46,28491.8,0
2021-06-24 10:05:47,28492.9,0
2021-06-24 10:05:48,28492.3,0
2021-06-24 10:05:49,28490.15,0
2021-06-24 10:05:50,28490.65,0
2021-06-24 10:05:51,28490.3,0
2021-06-24 10:05:52,28492.8,0
2021-06-24 10:05:53,28489.2,0
2021-06-24 10:05:54,28487.9,0
2021-06-24 10:05:55,28488.3,0
2021-06-24 10:05:56,28488.9,0
2021-06-24 10:05:57,28489.0,0
2021-06-24 10:05:58,28489.05,0
2021-06-24 10:05:59,28486.7,0
2021-06-24 10:06:00,28488.05,0
2021-06-24 10:06:02,28487.75,0
2021-06-24 10:06:03,28485.3,0
2021-06-24 10:06:04,28488.7,0
2021-06-24 10:06:05,28490.1,0
2021-06-24 10:06:06,28485.75,0
2021-06-24 10:06:07,28490.35,0
2021-06-24 10:06:09,28485.25,0
2021-06-24 10:06:11,28481.2,0
2021-06-24 10:06:13,28482.6,0
2021-06-24 10:06:14,28479.7,0
2021-06-24 10:06:15,28482.55,0
2021-06-24 10:06:16,28481.95,0
2021-06-24 10:06:17,28481.95,0
2021-06-24 10:06:18,28479.5,0
2021-06-24 10:06:19,28480.35,0
2021-06-24 10:06:20,28480.65,0
2021-06-24 10:06:21,28481.95,0
2021-06-24 10:06:23,28481.1,0
2021-06-24 10:06:24,28480.7,0
2021-06-24 10:06:25,28478.85,0
2021-06-24 10:06:26,28480.0,0
2021-06-24 10:06:27,28479.7,0
2021-06-24 10:06:28,28480.25,0
2021-06-24 10:06:29,28480.6,0
2021-06-24 10:06:30,28481.5,0
2021-06-24 10:06:31,28480.8,0
2021-06-24 10:06:32,28480.7,0
2021-06-24 10:06:33,28481.9,0
2021-06-24 10:06:35,28480.8,0
2021-06-24 10:06:36,28480.5,0
2021-06-24 10:06:37,28481.25,0
2021-06-24 10:06:38,28483.4,0
2021-06-24 10:06:39,28482.75,0
2021-06-24 10:06:41,28481.5,0
2021-06-24 10:06:42,28483.4,0
2021-06-24 10:06:44,28484.35,0
2021-06-24 10:06:45,28483.4,0
2021-06-24 10:06:46,28484.65,0
2021-06-24 10:06:48,28487.35,0
2021-06-24 10:06:49,28486.1,0
2021-06-24 10:06:50,28486.25,0
2021-06-24 10:06:51,28487.25,0
2021-06-24 10:06:52,28487.8,0
2021-06-24 10:06:53,28490.4,0
2021-06-24 10:06:54,28491.7,0
2021-06-24 10:06:55,28490.35,0
2021-06-24 10:06:56,28489.55,0
2021-06-24 10:06:57,28492.05,0
2021-06-24 10:06:58,28490.35,0
2021-06-24 10:06:59,28487.7,0
2021-06-24 10:07:00,28489.85,0
2021-06-24 10:07:01,28487.9,0
2021-06-24 10:07:02,28491.0,0
2021-06-24 10:07:03,28491.1,0
2021-06-24 10:07:04,28489.1,0
2021-06-24 10:07:05,28488.45,0
2021-06-24 10:07:06,28492.25,0
2021-06-24 10:07:08,28491.3,0
2021-06-24 10:07:09,28491.4,0
2021-06-24 10:07:10,28490.5,0
2021-06-24 10:07:11,28488.7,0
2021-06-24 10:07:12,28488.35,0
2021-06-24 10:07:13,28489.3,0
2021-06-24 10:07:15,28487.6,0
2021-06-24 10:07:16,28485.6,0
2021-06-24 10:07:17,28485.85,0
2021-06-24 10:07:18,28485.15,0
2021-06-24 10:07:20,28484.7,0
2021-06-24 10:07:21,28484.45,0
2021-06-24 10:07:22,28484.95,0
2021-06-24 10:07:23,28485.3,0
2021-06-24 10:07:24,28485.6,0
2021-06-24 10:07:25,28486.35,0
2021-06-24 10:07:26,28489.0,0
2021-06-24 10:07:27,28486.65,0
2021-06-24 10:07:28,28487.65,0
2021-06-24 10:07:29,28484.95,0
2021-06-24 10:07:30,28484.95,0
2021-06-24 10:07:31,28483.5,0
2021-06-24 10:07:32,28482.1,0
2021-06-24 10:07:34,28486.8,0
2021-06-24 10:07:37,28483.65,0
2021-06-24 10:07:38,28486.25,0
2021-06-24 10:07:39,28482.2,0
2021-06-24 10:07:40,28483.45,0
2021-06-24 10:07:41,28485.8,0
2021-06-24 10:07:42,28485.15,0
2021-06-24 10:07:43,28485.2,0
2021-06-24 10:07:45,28483.4,0
2021-06-24 10:07:46,28482.15,0
2021-06-24 10:07:47,28485.15,0
2021-06-24 10:07:48,28484.55,0
2021-06-24 10:07:49,28484.05,0
2021-06-24 10:07:50,28483.55,0
2021-06-24 10:07:51,28483.55,0
2021-06-24 10:07:52,28483.45,0
2021-06-24 10:07:53,28484.25,0
2021-06-24 10:07:54,28484.1,0
2021-06-24 10:07:55,28485.05,0
2021-06-24 10:07:56,28487.05,0
2021-06-24 10:07:57,28486.2,0
2021-06-24 10:07:58,28484.9,0
2021-06-24 10:08:00,28484.15,0
2021-06-24 10:08:01,28483.45,0
2021-06-24 10:08:02,28485.85,0
2021-06-24 10:08:03,28483.2,0
2021-06-24 10:08:04,28484.8,0
2021-06-24 10:08:05,28486.35,0
2021-06-24 10:08:06,28485.35,0
2021-06-24 10:08:07,28485.5,0
2021-06-24 10:08:08,28486.15,0
2021-06-24 10:08:09,28485.95,0
2021-06-24 10:08:10,28486.15,0
2021-06-24 10:08:11,28487.15,0
2021-06-24 10:08:12,28483.85,0
2021-06-24 10:08:13,28487.2,0
2021-06-24 10:08:14,28484.15,0
2021-06-24 10:08:16,28489.75,0
2021-06-24 10:08:17,28487.7,0
2021-06-24 10:08:18,28488.15,0
2021-06-24 10:08:19,28486.55,0
2021-06-24 10:08:20,28488.15,0
2021-06-24 10:08:22,28490.35,0
2021-06-24 10:08:23,28489.45,0
2021-06-24 10:08:24,28486.2,0
2021-06-24 10:08:25,28490.1,0
2021-06-24 10:08:26,28493.65,0
2021-06-24 10:08:27,28493.0,0
2021-06-24 10:08:28,28491.8,0
2021-06-24 10:08:29,28492.8,0
2021-06-24 10:08:30,28492.6,0
2021-06-24 10:08:31,28492.6,0
2021-06-24 10:08:32,28490.05,0
2021-06-24 10:08:33,28488.9,0
2021-06-24 10:08:34,28490.7,0
2021-06-24 10:08:35,28491.55,0
2021-06-24 10:08:36,28491.2,0
2021-06-24 10:08:37,28494.5,0
2021-06-24 10:08:38,28494.25,0
2021-06-24 10:08:39,28492.85,0
2021-06-24 10:08:40,28494.4,0
2021-06-24 10:08:41,28495.9,0
2021-06-24 10:08:42,28495.65,0
2021-06-24 10:08:43,28496.15,0
2021-06-24 10:08:44,28497.5,0
2021-06-24 10:08:45,28495.5,0
2021-06-24 10:08:46,28496.2,0
2021-06-24 10:08:47,28496.35,0
2021-06-24 10:08:48,28495.15,0
2021-06-24 10:08:49,28496.05,0
2021-06-24 10:08:50,28496.85,0
2021-06-24 10:08:51,28496.55,0
2021-06-24 10:08:52,28495.75,0
2021-06-24 10:08:53,28493.45,0
2021-06-24 10:08:54,28492.8,0
2021-06-24 10:08:55,28491.3,0
2021-06-24 10:08:56,28493.2,0
2021-06-24 10:08:57,28492.85,0
2021-06-24 10:08:58,28492.6,0
2021-06-24 10:08:59,28489.9,0
2021-06-24 10:09:00,28491.35,0
2021-06-24 10:09:01,28490.75,0
2021-06-24 10:09:02,28490.4,0
2021-06-24 10:09:03,28490.05,0
2021-06-24 10:09:04,28489.3,0
2021-06-24 10:09:05,28489.85,0
2021-06-24 10:09:06,28489.05,0
2021-06-24 10:09:07,28490.55,0
2021-06-24 10:09:08,28490.4,0
2021-06-24 10:09:09,28489.75,0
2021-06-24 10:09:11,28490.8,0
2021-06-24 10:09:12,28491.0,0
2021-06-24 10:09:13,28491.75,0
2021-06-24 10:09:14,28488.9,0
2021-06-24 10:09:15,28489.1,0
2021-06-24 10:09:16,28490.1,0
2021-06-24 10:09:17,28489.85,0
2021-06-24 10:09:18,28488.15,0
2021-06-24 10:09:19,28487.85,0
2021-06-24 10:09:21,28490.0,0
2021-06-24 10:09:22,28488.0,0
2021-06-24 10:09:23,28488.3,0
2021-06-24 10:09:26,28491.05,0
2021-06-24 10:09:27,28490.5,0
2021-06-24 10:09:28,28492.0,0
2021-06-24 10:09:29,28491.25,0
2021-06-24 10:09:30,28490.35,0
2021-06-24 10:09:32,28490.0,0
2021-06-24 10:09:33,28491.15,0
2021-06-24 10:09:34,28491.8,0
2021-06-24 10:09:35,28490.25,0
2021-06-24 10:09:36,28492.7,0
2021-06-24 10:09:37,28495.4,0
2021-06-24 10:09:38,28495.35,0
2021-06-24 10:09:39,28495.15,0
2021-06-24 10:09:40,28494.0,0
2021-06-24 10:09:41,28494.0,0
2021-06-24 10:09:43,28492.7,0
2021-06-24 10:09:44,28490.55,0
2021-06-24 10:09:45,28493.35,0
2021-06-24 10:09:46,28493.85,0
2021-06-24 10:09:47,28495.5,0
2021-06-24 10:09:48,28495.4,0
2021-06-24 10:09:49,28495.35,0
2021-06-24 10:09:51,28496.3,0
2021-06-24 10:09:52,28496.6,0
2021-06-24 10:09:53,28493.65,0
2021-06-24 10:09:54,28497.05,0
2021-06-24 10:09:56,28501.2,0
2021-06-24 10:09:57,28501.4,0
2021-06-24 10:09:58,28499.0,0
2021-06-24 10:09:59,28496.9,0
2021-06-24 10:10:00,28498.9,0
2021-06-24 10:10:01,28499.6,0
2021-06-24 10:10:03,28496.95,0
2021-06-24 10:10:04,28498.55,0
2021-06-24 10:10:07,28498.8,0
2021-06-24 10:10:08,28497.75,0
2021-06-24 10:10:09,28497.45,0
2021-06-24 10:10:10,28499.6,0
2021-06-24 10:10:11,28498.2,0
2021-06-24 10:10:12,28498.2,0
2021-06-24 10:10:13,28500.9,0
2021-06-24 10:10:14,28500.0,0
2021-06-24 10:10:15,28499.65,0
2021-06-24 10:10:16,28495.65,0
2021-06-24 10:10:17,28495.7,0
2021-06-24 10:10:18,28498.8,0
2021-06-24 10:10:19,28500.0,0
2021-06-24 10:10:20,28499.8,0
2021-06-24 10:10:21,28497.05,0
2021-06-24 10:10:22,28498.0,0
2021-06-24 10:10:23,28500.3,0
2021-06-24 10:10:24,28498.85,0
2021-06-24 10:10:26,28499.5,0
2021-06-24 10:10:27,28499.85,0
2021-06-24 10:10:28,28498.9,0
2021-06-24 10:10:29,28499.35,0
2021-06-24 10:10:30,28498.85,0
2021-06-24 10:10:33,28498.4,0
2021-06-24 10:10:34,28498.25,0
2021-06-24 10:10:35,28497.75,0
2021-06-24 10:10:36,28498.6,0
2021-06-24 10:10:37,28497.45,0
2021-06-24 10:10:38,28496.35,0
2021-06-24 10:10:39,28499.4,0
2021-06-24 10:10:41,28501.6,0
2021-06-24 10:10:42,28499.4,0
2021-06-24 10:10:43,28497.1,0
2021-06-24 10:10:44,28496.05,0
2021-06-24 10:10:45,28493.7,0
2021-06-24 10:10:46,28494.9,0
2021-06-24 10:10:48,28495.15,0
2021-06-24 10:10:49,28497.3,0
2021-06-24 10:10:50,28495.15,0
2021-06-24 10:10:51,28498.35,0
2021-06-24 10:10:52,28493.25,0
2021-06-24 10:10:53,28499.5,0
2021-06-24 10:10:54,28498.45,0
2021-06-24 10:10:55,28499.55,0
2021-06-24 10:10:56,28498.4,0
2021-06-24 10:10:57,28498.9,0
2021-06-24 10:10:58,28495.8,0
2021-06-24 10:10:59,28494.9,0
2021-06-24 10:11:00,28496.4,0
2021-06-24 10:11:01,28495.85,0
2021-06-24 10:11:02,28499.4,0
2021-06-24 10:11:03,28500.35,0
2021-06-24 10:11:04,28498.9,0
2021-06-24 10:11:05,28497.6,0
2021-06-24 10:11:07,28496.3,0
2021-06-24 10:11:08,28496.6,0
2021-06-24 10:11:09,28496.95,0
2021-06-24 10:11:10,28497.3,0
2021-06-24 10:11:11,28497.7,0
2021-06-24 10:11:12,28497.5,0
2021-06-24 10:11:13,28497.9,0
2021-06-24 10:11:14,28497.7,0
2021-06-24 10:11:15,28492.65,0
2021-06-24 10:11:16,28497.0,0
2021-06-24 10:11:17,28498.95,0
2021-06-24 10:11:18,28494.15,0
2021-06-24 10:11:19,28495.2,0
2021-06-24 10:11:20,28495.5,0
2021-06-24 10:11:21,28495.6,0
2021-06-24 10:11:22,28494.95,0
2021-06-24 10:11:23,28497.05,0
2021-06-24 10:11:24,28498.1,0
2021-06-24 10:11:25,28493.45,0
2021-06-24 10:11:26,28493.4,0
2021-06-24 10:11:27,28499.25,0
2021-06-24 10:11:28,28498.3,0
2021-06-24 10:11:29,28496.1,0
2021-06-24 10:11:30,28494.75,0
2021-06-24 10:11:31,28495.9,0
2021-06-24 10:11:32,28495.55,0
2021-06-24 10:11:33,28494.65,0
2021-06-24 10:11:34,28496.2,0
2021-06-24 10:11:35,28494.65,0
2021-06-24 10:11:39,28493.6,0
2021-06-24 10:11:41,28493.7,0
2021-06-24 10:11:43,28492.85,0
2021-06-24 10:11:44,28492.85,0
2021-06-24 10:11:45,28491.95,0
2021-06-24 10:11:46,28492.0,0
2021-06-24 10:11:47,28491.4,0
2021-06-24 10:11:48,28491.9,0
2021-06-24 10:11:50,28491.95,0
2021-06-24 10:11:51,28493.75,0
2021-06-24 10:11:52,28493.45,0
2021-06-24 10:11:53,28492.4,0
2021-06-24 10:11:54,28494.05,0
2021-06-24 10:11:55,28493.85,0
2021-06-24 10:11:56,28494.35,0
2021-06-24 10:11:57,28494.15,0
2021-06-24 10:11:58,28494.0,0
2021-06-24 10:11:59,28493.4,0
2021-06-24 10:12:00,28492.3,0
2021-06-24 10:12:01,28494.1,0
2021-06-24 10:12:02,28492.25,0
2021-06-24 10:12:03,28490.6,0
2021-06-24 10:12:04,28490.75,0
2021-06-24 10:12:06,28493.3,0
2021-06-24 10:12:07,28494.7,0
2021-06-24 10:12:08,28493.85,0
2021-06-24 10:12:09,28494.45,0
2021-06-24 10:12:11,28491.25,0
2021-06-24 10:12:12,28493.4,0
2021-06-24 10:12:13,28495.1,0
2021-06-24 10:12:14,28493.55,0
2021-06-24 10:12:16,28492.1,0
2021-06-24 10:12:17,28490.55,0
2021-06-24 10:12:18,28491.8,0
2021-06-24 10:12:19,28492.25,0
2021-06-24 10:12:20,28492.75,0
2021-06-24 10:12:21,28493.85,0
2021-06-24 10:12:23,28491.45,0
2021-06-24 10:12:25,28492.45,0
2021-06-24 10:12:26,28490.85,0
2021-06-24 10:12:28,28491.9,0
2021-06-24 10:12:30,28492.0,0
2021-06-24 10:12:32,28491.4,0
2021-06-24 10:12:33,28488.45,0
2021-06-24 10:12:34,28487.9,0
2021-06-24 10:12:35,28491.6,0
2021-06-24 10:12:36,28492.0,0
2021-06-24 10:12:37,28493.3,0
2021-06-24 10:12:38,28492.6,0
2021-06-24 10:12:39,28492.15,0
2021-06-24 10:12:40,28490.25,0
2021-06-24 10:12:41,28491.2,0
2021-06-24 10:12:42,28489.85,0
2021-06-24 10:12:43,28490.8,0
2021-06-24 10:12:44,28489.55,0
2021-06-24 10:12:45,28492.85,0
2021-06-24 10:12:46,28491.65,0
2021-06-24 10:12:47,28492.15,0
2021-06-24 10:12:48,28491.2,0
2021-06-24 10:12:49,28491.35,0
2021-06-24 10:12:50,28491.5,0
2021-06-24 10:12:51,28493.65,0
2021-06-24 10:12:52,28489.7,0
2021-06-24 10:12:53,28490.3,0
2021-06-24 10:12:54,28490.65,0
2021-06-24 10:12:56,28491.15,0
2021-06-24 10:12:57,28490.85,0
2021-06-24 10:12:59,28491.2,0
2021-06-24 10:13:00,28491.7,0
2021-06-24 10:13:01,28491.9,0
2021-06-24 10:13:02,28491.95,0
2021-06-24 10:13:03,28490.3,0
2021-06-24 10:13:04,28489.05,0
2021-06-24 10:13:05,28491.9,0
2021-06-24 10:13:06,28489.25,0
2021-06-24 10:13:07,28490.3,0
2021-06-24 10:13:08,28490.7,0
2021-06-24 10:13:09,28489.9,0
2021-06-24 10:13:10,28490.05,0
2021-06-24 10:13:11,28490.9,0
2021-06-24 10:13:12,28492.0,0
2021-06-24 10:13:13,28491.0,0
2021-06-24 10:13:14,28491.1,0
2021-06-24 10:13:15,28490.75,0
2021-06-24 10:13:16,28489.9,0
2021-06-24 10:13:17,28490.6,0
2021-06-24 10:13:18,28493.15,0
2021-06-24 10:13:19,28494.4,0
2021-06-24 10:13:20,28490.5,0
2021-06-24 10:13:21,28491.65,0
2021-06-24 10:13:22,28492.6,0
2021-06-24 10:13:23,28493.15,0
2021-06-24 10:13:25,28493.05,0
2021-06-24 10:13:26,28494.25,0
2021-06-24 10:13:27,28493.3,0
2021-06-24 10:13:28,28493.95,0
2021-06-24 10:13:29,28491.6,0
2021-06-24 10:13:31,28492.0,0
2021-06-24 10:13:32,28493.25,0
2021-06-24 10:13:33,28492.75,0
2021-06-24 10:13:34,28491.2,0
2021-06-24 10:13:36,28489.15,0
2021-06-24 10:13:37,28492.95,0
2021-06-24 10:13:38,28492.0,0
2021-06-24 10:13:39,28492.5,0
2021-06-24 10:13:40,28493.3,0
2021-06-24 10:13:41,28493.75,0
2021-06-24 10:13:43,28493.0,0
2021-06-24 10:13:44,28493.4,0
2021-06-24 10:13:45,28493.15,0
2021-06-24 10:13:46,28493.55,0
2021-06-24 10:13:47,28491.85,0
2021-06-24 10:13:48,28492.65,0
2021-06-24 10:13:49,28493.05,0
2021-06-24 10:13:51,28491.2,0
2021-06-24 10:13:52,28491.1,0
2021-06-24 10:13:53,28492.9,0
2021-06-24 10:13:54,28492.6,0
2021-06-24 10:13:55,28492.55,0
2021-06-24 10:13:56,28491.5,0
2021-06-24 10:13:57,28491.95,0
2021-06-24 10:13:58,28492.0,0
2021-06-24 10:13:59,28492.2,0
2021-06-24 10:14:01,28493.6,0
2021-06-24 10:14:02,28492.3,0
2021-06-24 10:14:03,28492.4,0
2021-06-24 10:14:04,28492.55,0
2021-06-24 10:14:05,28493.55,0
2021-06-24 10:14:06,28490.55,0
2021-06-24 10:14:07,28492.85,0
2021-06-24 10:14:08,28493.15,0
2021-06-24 10:14:09,28494.95,0
2021-06-24 10:14:10,28493.05,0
2021-06-24 10:14:12,28493.8,0
2021-06-24 10:14:13,28494.15,0
2021-06-24 10:14:14,28492.25,0
2021-06-24 10:14:15,28494.05,0
2021-06-24 10:14:16,28494.0,0
2021-06-24 10:14:17,28492.75,0
2021-06-24 10:14:18,28492.1,0
2021-06-24 10:14:19,28493.3,0
2021-06-24 10:14:20,28494.6,0
2021-06-24 10:14:21,28492.95,0
2021-06-24 10:14:22,28492.5,0
2021-06-24 10:14:23,28494.25,0
2021-06-24 10:14:24,28493.75,0
2021-06-24 10:14:25,28494.35,0
2021-06-24 10:14:26,28496.65,0
2021-06-24 10:14:27,28496.55,0
2021-06-24 10:14:28,28495.3,0
2021-06-24 10:14:29,28495.7,0
2021-06-24 10:14:30,28496.3,0
2021-06-24 10:14:32,28495.15,0
2021-06-24 10:14:33,28494.35,0
2021-06-24 10:14:34,28495.75,0
2021-06-24 10:14:35,28494.55,0
2021-06-24 10:14:36,28497.1,0
2021-06-24 10:14:37,28497.5,0
2021-06-24 10:14:38,28496.8,0
2021-06-24 10:14:39,28498.35,0
2021-06-24 10:14:40,28496.45,0
2021-06-24 10:14:42,28497.15,0
2021-06-24 10:14:43,28497.05,0
2021-06-24 10:14:44,28493.15,0
2021-06-24 10:14:45,28497.25,0
2021-06-24 10:14:46,28495.5,0
2021-06-24 10:14:47,28494.15,0
2021-06-24 10:14:48,28495.05,0
2021-06-24 10:14:49,28495.5,0
2021-06-24 10:14:50,28496.15,0
2021-06-24 10:14:51,28495.3,0
2021-06-24 10:14:53,28493.35,0
2021-06-24 10:14:54,28490.95,0
2021-06-24 10:14:55,28494.35,0
2021-06-24 10:14:56,28494.65,0
2021-06-24 10:14:57,28492.7,0
2021-06-24 10:14:58,28491.45,0
2021-06-24 10:14:59,28491.15,0
2021-06-24 10:15:00,28494.45,0
2021-06-24 10:15:01,28494.4,0
2021-06-24 10:15:03,28492.9,0
2021-06-24 10:15:05,28491.85,0
2021-06-24 10:15:08,28493.6,0
2021-06-24 10:15:09,28492.75,0
2021-06-24 10:15:10,28492.7,0
2021-06-24 10:15:11,28490.5,0
2021-06-24 10:15:12,28493.35,0
2021-06-24 10:15:13,28493.6,0
2021-06-24 10:15:15,28494.45,0
2021-06-24 10:15:16,28493.2,0
2021-06-24 10:15:17,28495.7,0
2021-06-24 10:15:18,28493.25,0
2021-06-24 10:15:19,28493.25,0
2021-06-24 10:15:20,28492.8,0
2021-06-24 10:15:21,28492.2,0
2021-06-24 10:15:22,28494.95,0
2021-06-24 10:15:23,28494.5,0
2021-06-24 10:15:24,28495.35,0
2021-06-24 10:15:25,28493.75,0
2021-06-24 10:15:26,28494.0,0
2021-06-24 10:15:27,28492.1,0
2021-06-24 10:15:28,28491.3,0
2021-06-24 10:15:29,28491.15,0
2021-06-24 10:15:30,28490.8,0
2021-06-24 10:15:31,28490.45,0
2021-06-24 10:15:32,28490.05,0
2021-06-24 10:15:33,28491.15,0
2021-06-24 10:15:34,28491.6,0
2021-06-24 10:15:35,28491.75,0
2021-06-24 10:15:36,28489.8,0
2021-06-24 10:15:37,28492.35,0
2021-06-24 10:15:38,28491.1,0
2021-06-24 10:15:39,28489.4,0
2021-06-24 10:15:40,28489.1,0
2021-06-24 10:15:42,28490.35,0
2021-06-24 10:15:43,28491.4,0
2021-06-24 10:15:44,28491.75,0
2021-06-24 10:15:45,28490.4,0
2021-06-24 10:15:46,28489.0,0
2021-06-24 10:15:47,28491.2,0
2021-06-24 10:15:49,28491.3,0
2021-06-24 10:15:50,28491.2,0
2021-06-24 10:15:51,28491.55,0
2021-06-24 10:15:52,28492.6,0
2021-06-24 10:15:53,28492.05,0
2021-06-24 10:15:54,28492.05,0
2021-06-24 10:15:55,28489.95,0
2021-06-24 10:15:56,28491.85,0
2021-06-24 10:15:57,28492.45,0
2021-06-24 10:15:58,28492.0,0
2021-06-24 10:15:59,28493.5,0
2021-06-24 10:16:00,28492.55,0
2021-06-24 10:16:01,28492.7,0
2021-06-24 10:16:04,28493.65,0
2021-06-24 10:16:05,28491.95,0
2021-06-24 10:16:06,28491.95,0
2021-06-24 10:16:07,28491.55,0
2021-06-24 10:16:08,28487.05,0
2021-06-24 10:16:09,28488.5,0
2021-06-24 10:16:10,28488.55,0
2021-06-24 10:16:11,28490.3,0
2021-06-24 10:16:12,28488.85,0
2021-06-24 10:16:14,28490.2,0
2021-06-24 10:16:15,28489.95,0
2021-06-24 10:16:16,28489.95,0
2021-06-24 10:16:17,28488.0,0
2021-06-24 10:16:18,28489.0,0
2021-06-24 10:16:19,28489.65,0
2021-06-24 10:16:20,28489.1,0
2021-06-24 10:16:21,28491.9,0
2021-06-24 10:16:22,28492.6,0
2021-06-24 10:16:23,28487.85,0
2021-06-24 10:16:24,28491.8,0
2021-06-24 10:16:25,28491.9,0
2021-06-24 10:16:26,28491.85,0
2021-06-24 10:16:27,28487.05,0
2021-06-24 10:16:28,28491.3,0
2021-06-24 10:16:29,28491.55,0
2021-06-24 10:16:30,28490.55,0
2021-06-24 10:16:31,28488.75,0
2021-06-24 10:16:32,28491.75,0
2021-06-24 10:16:34,28492.2,0
2021-06-24 10:16:36,28491.3,0
2021-06-24 10:16:37,28489.95,0
2021-06-24 10:16:38,28492.55,0
2021-06-24 10:16:39,28496.25,0
2021-06-24 10:16:41,28492.4,0
2021-06-24 10:16:42,28493.65,0
2021-06-24 10:16:43,28493.25,0
2021-06-24 10:16:47,28495.65,0
2021-06-24 10:16:48,28495.25,0
2021-06-24 10:16:50,28496.55,0
2021-06-24 10:16:51,28495.25,0
2021-06-24 10:16:53,28495.85,0
2021-06-24 10:16:54,28496.0,0
2021-06-24 10:16:56,28494.25,0
2021-06-24 10:16:57,28493.8,0
2021-06-24 10:16:58,28493.8,0
2021-06-24 10:16:59,28491.45,0
2021-06-24 10:17:00,28494.75,0
2021-06-24 10:17:01,28493.6,0
2021-06-24 10:17:02,28494.75,0
2021-06-24 10:17:03,28496.4,0
2021-06-24 10:17:04,28493.55,0
2021-06-24 10:17:05,28492.8,0
2021-06-24 10:17:07,28494.65,0
2021-06-24 10:17:08,28493.0,0
2021-06-24 10:17:09,28494.35,0
2021-06-24 10:17:10,28494.65,0
2021-06-24 10:17:11,28495.0,0
2021-06-24 10:17:13,28498.55,0
2021-06-24 10:17:14,28498.7,0
2021-06-24 10:17:15,28498.05,0
2021-06-24 10:17:16,28499.8,0
2021-06-24 10:17:17,28500.7,0
2021-06-24 10:17:18,28497.2,0
2021-06-24 10:17:19,28497.2,0
2021-06-24 10:17:20,28497.2,0
2021-06-24 10:17:21,28496.25,0
2021-06-24 10:17:24,28498.15,0
2021-06-24 10:17:25,28499.8,0
2021-06-24 10:17:26,28500.15,0
2021-06-24 10:17:27,28499.45,0
2021-06-24 10:17:28,28499.5,0
2021-06-24 10:17:29,28499.75,0
2021-06-24 10:17:30,28499.35,0
2021-06-24 10:17:31,28498.4,0
2021-06-24 10:17:32,28499.15,0
2021-06-24 10:17:33,28496.95,0
2021-06-24 10:17:34,28496.6,0
2021-06-24 10:17:35,28497.7,0
2021-06-24 10:17:36,28499.7,0
2021-06-24 10:17:37,28496.55,0
2021-06-24 10:17:38,28494.5,0
2021-06-24 10:17:39,28498.35,0
2021-06-24 10:17:40,28498.7,0
2021-06-24 10:17:41,28498.3,0
2021-06-24 10:17:42,28501.05,0
2021-06-24 10:17:43,28498.45,0
2021-06-24 10:17:44,28499.95,0
2021-06-24 10:17:45,28497.0,0
2021-06-24 10:17:46,28500.0,0
2021-06-24 10:17:47,28499.95,0
2021-06-24 10:17:48,28499.85,0
2021-06-24 10:17:49,28500.1,0
2021-06-24 10:17:50,28498.75,0
2021-06-24 10:17:51,28496.75,0
2021-06-24 10:17:52,28497.3,0
2021-06-24 10:17:53,28496.85,0
2021-06-24 10:17:54,28497.25,0
2021-06-24 10:17:55,28497.6,0
2021-06-24 10:17:56,28500.45,0
2021-06-24 10:17:57,28500.3,0
2021-06-24 10:17:58,28498.0,0
2021-06-24 10:18:00,28499.65,0
2021-06-24 10:18:01,28499.6,0
2021-06-24 10:18:02,28499.05,0
2021-06-24 10:18:03,28495.35,0
2021-06-24 10:18:04,28497.55,0
2021-06-24 10:18:05,28496.85,0
2021-06-24 10:18:06,28498.05,0
2021-06-24 10:18:07,28499.25,0
2021-06-24 10:18:08,28498.85,0
2021-06-24 10:18:09,28496.75,0
2021-06-24 10:18:12,28499.55,0
2021-06-24 10:18:13,28498.8,0
2021-06-24 10:18:14,28499.05,0
2021-06-24 10:18:15,28500.1,0
2021-06-24 10:18:17,28497.9,0
2021-06-24 10:18:19,28499.9,0
2021-06-24 10:18:20,28498.95,0
2021-06-24 10:18:21,28497.8,0
2021-06-24 10:18:22,28498.35,0
2021-06-24 10:18:23,28498.85,0
2021-06-24 10:18:24,28498.2,0
2021-06-24 10:18:25,28500.3,0
2021-06-24 10:18:26,28500.15,0
2021-06-24 10:18:27,28500.45,0
2021-06-24 10:18:28,28499.25,0
2021-06-24 10:18:29,28499.65,0
2021-06-24 10:18:30,28498.1,0
2021-06-24 10:18:31,28499.0,0
2021-06-24 10:18:32,28496.45,0
2021-06-24 10:18:33,28497.2,0
2021-06-24 10:18:34,28497.45,0
2021-06-24 10:18:36,28499.4,0
2021-06-24 10:18:37,28498.15,0
2021-06-24 10:18:38,28497.5,0
2021-06-24 10:18:40,28498.6,0
2021-06-24 10:18:41,28494.0,0
2021-06-24 10:18:42,28497.75,0
2021-06-24 10:18:43,28495.3,0
2021-06-24 10:18:44,28499.1,0
2021-06-24 10:18:45,28496.65,0
2021-06-24 10:18:46,28498.35,0
2021-06-24 10:18:47,28497.55,0
2021-06-24 10:18:48,28494.5,0
2021-06-24 10:18:49,28497.85,0
2021-06-24 10:18:50,28497.9,0
2021-06-24 10:18:52,28496.6,0
2021-06-24 10:18:53,28496.15,0
2021-06-24 10:18:54,28496.35,0
2021-06-24 10:18:55,28497.9,0
2021-06-24 10:18:56,28496.4,0
2021-06-24 10:18:57,28496.5,0
2021-06-24 10:18:58,28498.05,0
2021-06-24 10:18:59,28497.8,0
2021-06-24 10:19:00,28496.95,0
2021-06-24 10:19:01,28497.85,0
2021-06-24 10:19:03,28498.75,0
2021-06-24 10:19:04,28496.5,0
2021-06-24 10:19:05,28496.35,0
2021-06-24 10:19:06,28499.65,0
2021-06-24 10:19:07,28496.9,0
2021-06-24 10:19:08,28498.35,0
2021-06-24 10:19:09,28500.2,0
2021-06-24 10:19:10,28499.55,0
2021-06-24 10:19:11,28501.1,0
2021-06-24 10:19:12,28499.55,0
2021-06-24 10:19:13,28500.8,0
2021-06-24 10:19:14,28495.8,0
2021-06-24 10:19:15,28499.9,0
2021-06-24 10:19:16,28500.2,0
2021-06-24 10:19:17,28497.4,0
2021-06-24 10:19:19,28498.0,0
2021-06-24 10:19:20,28499.7,0
2021-06-24 10:19:21,28498.7,0
2021-06-24 10:19:22,28498.7,0
2021-06-24 10:19:24,28499.25,0
2021-06-24 10:19:25,28496.05,0
2021-06-24 10:19:26,28496.4,0
2021-06-24 10:19:27,28496.55,0
2021-06-24 10:19:28,28497.9,0
2021-06-24 10:19:29,28498.15,0
2021-06-24 10:19:30,28495.9,0
2021-06-24 10:19:31,28495.9,0
2021-06-24 10:19:32,28497.15,0
2021-06-24 10:19:33,28495.9,0
2021-06-24 10:19:34,28495.25,0
2021-06-24 10:19:35,28496.8,0
2021-06-24 10:19:36,28496.7,0
2021-06-24 10:19:38,28497.25,0
2021-06-24 10:19:39,28494.95,0
2021-06-24 10:19:40,28496.0,0
2021-06-24 10:19:41,28495.25,0
2021-06-24 10:19:42,28494.95,0
2021-06-24 10:19:43,28496.25,0
2021-06-24 10:19:44,28497.4,0
2021-06-24 10:19:45,28498.7,0
2021-06-24 10:19:46,28496.85,0
2021-06-24 10:19:47,28498.75,0
2021-06-24 10:19:48,28496.0,0
2021-06-24 10:19:49,28497.55,0
2021-06-24 10:19:50,28497.0,0
2021-06-24 10:19:51,28497.35,0
2021-06-24 10:19:52,28493.4,0
2021-06-24 10:19:53,28495.85,0
2021-06-24 10:19:54,28493.3,0
2021-06-24 10:19:56,28492.3,0
2021-06-24 10:19:57,28494.75,0
2021-06-24 10:19:58,28496.1,0
2021-06-24 10:19:59,28497.4,0
2021-06-24 10:20:00,28497.4,0
2021-06-24 10:20:01,28497.4,0
2021-06-24 10:20:02,28495.65,0
2021-06-24 10:20:03,28496.45,0
2021-06-24 10:20:04,28496.0,0
2021-06-24 10:20:06,28495.7,0
2021-06-24 10:20:07,28497.15,0
2021-06-24 10:20:08,28494.95,0
2021-06-24 10:20:09,28496.9,0
2021-06-24 10:20:10,28494.85,0
2021-06-24 10:20:11,28494.15,0
2021-06-24 10:20:12,28494.65,0
2021-06-24 10:20:13,28494.85,0
2021-06-24 10:20:14,28493.85,0
2021-06-24 10:20:15,28495.1,0
2021-06-24 10:20:16,28494.4,0
2021-06-24 10:20:17,28492.8,0
2021-06-24 10:20:18,28495.8,0
2021-06-24 10:20:19,28496.15,0
2021-06-24 10:20:20,28494.55,0
2021-06-24 10:20:21,28495.3,0
2021-06-24 10:20:22,28495.1,0
2021-06-24 10:20:23,28496.85,0
2021-06-24 10:20:24,28496.85,0
2021-06-24 10:20:25,28496.95,0
2021-06-24 10:20:26,28497.6,0
2021-06-24 10:20:27,28498.1,0
2021-06-24 10:20:28,28497.75,0
2021-06-24 10:20:29,28497.05,0
2021-06-24 10:20:30,28494.15,0
2021-06-24 10:20:31,28493.85,0
2021-06-24 10:20:32,28493.95,0
2021-06-24 10:20:33,28493.7,0
2021-06-24 10:20:34,28495.4,0
2021-06-24 10:20:35,28492.95,0
2021-06-24 10:20:36,28496.2,0
2021-06-24 10:20:37,28492.05,0
2021-06-24 10:20:38,28495.1,0
2021-06-24 10:20:39,28496.45,0
2021-06-24 10:20:40,28496.45,0
2021-06-24 10:20:41,28497.05,0
2021-06-24 10:20:42,28497.85,0
2021-06-24 10:20:43,28494.55,0
2021-06-24 10:20:44,28496.85,0
2021-06-24 10:20:45,28497.95,0
2021-06-24 10:20:46,28496.7,0
2021-06-24 10:20:47,28496.7,0
2021-06-24 10:20:48,28496.35,0
2021-06-24 10:20:50,28494.0,0
2021-06-24 10:20:51,28496.75,0
2021-06-24 10:20:52,28495.75,0
2021-06-24 10:20:53,28496.15,0
2021-06-24 10:20:54,28494.7,0
2021-06-24 10:20:55,28494.2,0
2021-06-24 10:20:56,28498.15,0
2021-06-24 10:20:57,28495.5,0
2021-06-24 10:20:58,28494.75,0
2021-06-24 10:20:59,28494.3,0
2021-06-24 10:21:00,28495.3,0
2021-06-24 10:21:01,28494.6,0
2021-06-24 10:21:02,28494.65,0
2021-06-24 10:21:03,28494.4,0
2021-06-24 10:21:04,28495.4,0
2021-06-24 10:21:06,28492.8,0
2021-06-24 10:21:07,28492.65,0
2021-06-24 10:21:08,28492.95,0
2021-06-24 10:21:09,28496.0,0
2021-06-24 10:21:10,28494.15,0
2021-06-24 10:21:12,28493.4,0
2021-06-24 10:21:13,28492.5,0
2021-06-24 10:21:14,28493.5,0
2021-06-24 10:21:15,28493.35,0
2021-06-24 10:21:16,28492.3,0
2021-06-24 10:21:17,28491.5,0
2021-06-24 10:21:18,28493.95,0
2021-06-24 10:21:19,28495.55,0
2021-06-24 10:21:20,28495.75,0
2021-06-24 10:21:21,28496.4,0
2021-06-24 10:21:22,28496.7,0
2021-06-24 10:21:23,28495.9,0
2021-06-24 10:21:25,28493.95,0
2021-06-24 10:21:26,28494.55,0
2021-06-24 10:21:27,28495.15,0
2021-06-24 10:21:28,28497.05,0
2021-06-24 10:21:29,28495.55,0
2021-06-24 10:21:30,28493.95,0
2021-06-24 10:21:31,28496.95,0
2021-06-24 10:21:32,28496.1,0
2021-06-24 10:21:33,28498.5,0
2021-06-24 10:21:34,28497.1,0
2021-06-24 10:21:35,28496.5,0
2021-06-24 10:21:36,28496.0,0
2021-06-24 10:21:37,28495.5,0
2021-06-24 10:21:38,28495.55,0
2021-06-24 10:21:39,28495.5,0
2021-06-24 10:21:40,28494.3,0
2021-06-24 10:21:41,28492.85,0
2021-06-24 10:21:42,28493.6,0
2021-06-24 10:21:43,28492.15,0
2021-06-24 10:21:44,28494.3,0
2021-06-24 10:21:45,28494.5,0
2021-06-24 10:21:46,28490.3,0
2021-06-24 10:21:48,28491.8,0
2021-06-24 10:21:49,28490.6,0
2021-06-24 10:21:50,28489.9,0
2021-06-24 10:21:51,28488.9,0
2021-06-24 10:21:52,28488.8,0
2021-06-24 10:21:53,28489.7,0
2021-06-24 10:21:54,28488.75,0
2021-06-24 10:21:55,28489.3,0
2021-06-24 10:21:56,28488.2,0
2021-06-24 10:21:57,28488.35,0
2021-06-24 10:21:59,28487.5,0
2021-06-24 10:21:58,28487.85,0
2021-06-24 10:22:00,28485.45,0
2021-06-24 10:22:01,28485.35,0
2021-06-24 10:22:03,28487.15,0
2021-06-24 10:22:04,28487.1,0
2021-06-24 10:22:06,28487.1,0
2021-06-24 10:22:07,28489.65,0
2021-06-24 10:22:08,28488.0,0
2021-06-24 10:22:09,28488.1,0
2021-06-24 10:22:10,28489.2,0
2021-06-24 10:22:11,28488.55,0
2021-06-24 10:22:12,28487.45,0
2021-06-24 10:22:13,28485.8,0
2021-06-24 10:22:14,28486.05,0
2021-06-24 10:22:15,28487.7,0
2021-06-24 10:22:16,28488.5,0
2021-06-24 10:22:17,28487.05,0
2021-06-24 10:22:18,28488.85,0
2021-06-24 10:22:19,28488.6,0
2021-06-24 10:22:20,28486.0,0
2021-06-24 10:22:21,28485.15,0
2021-06-24 10:22:22,28486.8,0
2021-06-24 10:22:24,28488.4,0
2021-06-24 10:22:25,28488.1,0
2021-06-24 10:22:26,28488.55,0
2021-06-24 10:22:27,28487.05,0
2021-06-24 10:22:28,28486.1,0
2021-06-24 10:22:29,28486.1,0
2021-06-24 10:22:30,28486.75,0
2021-06-24 10:22:31,28486.4,0
2021-06-24 10:22:32,28484.55,0
2021-06-24 10:22:33,28486.3,0
2021-06-24 10:22:34,28487.25,0
2021-06-24 10:22:35,28487.5,0
2021-06-24 10:22:36,28484.95,0
2021-06-24 10:22:37,28483.0,0
2021-06-24 10:22:38,28483.9,0
2021-06-24 10:22:39,28483.5,0
2021-06-24 10:22:40,28484.55,0
2021-06-24 10:22:41,28478.2,0
2021-06-24 10:22:42,28480.75,0
2021-06-24 10:22:43,28479.7,0
2021-06-24 10:22:44,28480.3,0
2021-06-24 10:22:45,28479.6,0
2021-06-24 10:22:46,28476.3,0
2021-06-24 10:22:47,28475.25,0
2021-06-24 10:22:48,28473.4,0
2021-06-24 10:22:49,28469.8,0
2021-06-24 10:22:50,28468.05,0
2021-06-24 10:22:51,28469.35,0
2021-06-24 10:22:53,28459.4,0
2021-06-24 10:22:54,28450.8,0
2021-06-24 10:22:55,28452.75,0
2021-06-24 10:22:56,28453.05,0
2021-06-24 10:22:57,28453.0,0
2021-06-24 10:22:58,28455.1,0
2021-06-24 10:22:59,28457.7,0
2021-06-24 10:23:00,28458.7,0
2021-06-24 10:23:01,28456.5,0
2021-06-24 10:23:02,28454.9,0
2021-06-24 10:23:03,28456.5,0
2021-06-24 10:23:04,28457.95,0
2021-06-24 10:23:05,28453.9,0
2021-06-24 10:23:06,28457.4,0
2021-06-24 10:23:07,28457.5,0
2021-06-24 10:23:08,28456.35,0
2021-06-24 10:23:09,28456.65,0
2021-06-24 10:23:10,28455.75,0
2021-06-24 10:23:11,28457.9,0
2021-06-24 10:23:12,28460.55,0
2021-06-24 10:23:13,28460.1,0
2021-06-24 10:23:14,28460.4,0
2021-06-24 10:23:15,28458.7,0
2021-06-24 10:23:16,28461.7,0
2021-06-24 10:23:17,28460.25,0
2021-06-24 10:23:18,28461.25,0
2021-06-24 10:23:19,28456.6,0
2021-06-24 10:23:20,28457.2,0
2021-06-24 10:23:21,28458.5,0
2021-06-24 10:23:22,28458.3,0
2021-06-24 10:23:23,28459.3,0
2021-06-24 10:23:24,28455.1,0
2021-06-24 10:23:25,28455.2,0
2021-06-24 10:23:26,28454.45,0
2021-06-24 10:23:27,28454.85,0
2021-06-24 10:23:28,28457.0,0
2021-06-24 10:23:29,28456.3,0
2021-06-24 10:23:30,28454.15,0
2021-06-24 10:23:31,28456.15,0
2021-06-24 10:23:32,28456.45,0
2021-06-24 10:23:33,28453.45,0
2021-06-24 10:23:34,28456.3,0
2021-06-24 10:23:35,28457.7,0
2021-06-24 10:23:36,28459.3,0
2021-06-24 10:23:37,28457.3,0
2021-06-24 10:23:38,28457.05,0
2021-06-24 10:23:39,28457.7,0
2021-06-24 10:23:40,28459.4,0
2021-06-24 10:23:41,28462.3,0
2021-06-24 10:23:42,28464.6,0
2021-06-24 10:23:43,28465.2,0
2021-06-24 10:23:44,28468.15,0
2021-06-24 10:23:46,28468.3,0
2021-06-24 10:23:47,28467.55,0
2021-06-24 10:23:48,28468.1,0
2021-06-24 10:23:49,28467.05,0
2021-06-24 10:23:50,28469.0,0
2021-06-24 10:23:51,28469.0,0
2021-06-24 10:23:52,28469.35,0
2021-06-24 10:23:53,28465.4,0
2021-06-24 10:23:54,28465.9,0
2021-06-24 10:23:55,28463.45,0
2021-06-24 10:23:56,28463.95,0
2021-06-24 10:23:57,28466.3,0
2021-06-24 10:23:58,28469.6,0
2021-06-24 10:23:59,28468.25,0
2021-06-24 10:24:00,28466.5,0
2021-06-24 10:24:01,28466.05,0
2021-06-24 10:24:02,28466.6,0
2021-06-24 10:24:03,28467.9,0
2021-06-24 10:24:04,28468.55,0
2021-06-24 10:24:05,28469.5,0
2021-06-24 10:24:06,28469.75,0
2021-06-24 10:24:07,28466.7,0
2021-06-24 10:24:08,28468.85,0
2021-06-24 10:24:09,28468.75,0
2021-06-24 10:24:10,28467.85,0
2021-06-24 10:24:11,28470.7,0
2021-06-24 10:24:12,28471.45,0
2021-06-24 10:24:14,28467.95,0
2021-06-24 10:24:15,28470.65,0
2021-06-24 10:24:16,28470.55,0
2021-06-24 10:24:17,28470.3,0
2021-06-24 10:24:18,28469.3,0
2021-06-24 10:24:19,28468.8,0
2021-06-24 10:24:20,28469.25,0
2021-06-24 10:24:21,28469.9,0
2021-06-24 10:24:22,28471.75,0
2021-06-24 10:24:23,28469.25,0
2021-06-24 10:24:24,28467.7,0
2021-06-24 10:24:25,28468.1,0
2021-06-24 10:24:26,28470.5,0
2021-06-24 10:24:27,28468.55,0
2021-06-24 10:24:28,28470.9,0
2021-06-24 10:24:29,28470.6,0
2021-06-24 10:24:30,28470.6,0
2021-06-24 10:24:32,28471.05,0
2021-06-24 10:24:33,28472.05,0
2021-06-24 10:24:34,28470.55,0
2021-06-24 10:24:35,28471.7,0
2021-06-24 10:24:36,28472.3,0
2021-06-24 10:24:37,28471.7,0
2021-06-24 10:24:38,28472.2,0
2021-06-24 10:24:39,28471.35,0
2021-06-24 10:24:40,28472.5,0
2021-06-24 10:24:41,28472.6,0
2021-06-24 10:24:42,28474.1,0
2021-06-24 10:24:43,28475.7,0
2021-06-24 10:24:44,28472.9,0
2021-06-24 10:24:45,28473.95,0
2021-06-24 10:24:46,28472.2,0
2021-06-24 10:24:47,28469.45,0
2021-06-24 10:24:48,28470.5,0
2021-06-24 10:24:49,28469.05,0
2021-06-24 10:24:50,28470.55,0
2021-06-24 10:24:51,28471.6,0
2021-06-24 10:24:52,28469.8,0
2021-06-24 10:24:53,28469.1,0
2021-06-24 10:24:54,28471.95,0
2021-06-24 10:24:56,28471.65,0
2021-06-24 10:24:57,28470.1,0
2021-06-24 10:24:58,28469.5,0
2021-06-24 10:24:59,28469.75,0
2021-06-24 10:25:00,28469.6,0
2021-06-24 10:25:01,28469.15,0
2021-06-24 10:25:02,28470.25,0
2021-06-24 10:25:03,28470.25,0
2021-06-24 10:25:04,28471.55,0
2021-06-24 10:25:05,28470.5,0
2021-06-24 10:25:06,28472.6,0
2021-06-24 10:25:07,28471.1,0
2021-06-24 10:25:08,28474.7,0
2021-06-24 10:25:10,28473.35,0
2021-06-24 10:25:11,28475.55,0
2021-06-24 10:25:12,28488.2,0
2021-06-24 10:25:13,28493.1,0
2021-06-24 10:25:14,28496.5,0
2021-06-24 10:25:15,28495.15,0
2021-06-24 10:25:16,28495.9,0
2021-06-24 10:25:17,28496.1,0
2021-06-24 10:25:18,28497.8,0
2021-06-24 10:25:19,28496.2,0
2021-06-24 10:25:21,28496.35,0
2021-06-24 10:25:22,28495.5,0
2021-06-24 10:25:23,28495.3,0
2021-06-24 10:25:24,28496.25,0
2021-06-24 10:25:25,28495.4,0
2021-06-24 10:25:26,28496.15,0
2021-06-24 10:25:27,28494.8,0
2021-06-24 10:25:28,28495.85,0
2021-06-24 10:25:29,28495.3,0
2021-06-24 10:25:30,28496.3,0
2021-06-24 10:25:31,28497.05,0
2021-06-24 10:25:32,28497.0,0
2021-06-24 10:25:33,28497.25,0
2021-06-24 10:25:34,28496.85,0
2021-06-24 10:25:35,28495.55,0
2021-06-24 10:25:36,28497.8,0
2021-06-24 10:25:37,28497.5,0
2021-06-24 10:25:38,28497.1,0
2021-06-24 10:25:39,28496.1,0
2021-06-24 10:25:40,28496.8,0
2021-06-24 10:25:41,28496.3,0
2021-06-24 10:25:42,28498.05,0
2021-06-24 10:25:43,28497.25,0
2021-06-24 10:25:44,28497.05,0
2021-06-24 10:25:45,28494.9,0
2021-06-24 10:25:46,28497.05,0
2021-06-24 10:25:47,28498.2,0
2021-06-24 10:25:48,28499.65,0
2021-06-24 10:25:49,28502.95,0
2021-06-24 10:25:50,28498.4,0
2021-06-24 10:25:51,28501.75,0
2021-06-24 10:25:52,28499.9,0
2021-06-24 10:25:53,28500.05,0
2021-06-24 10:25:54,28497.95,0
2021-06-24 10:25:55,28497.8,0
2021-06-24 10:25:56,28499.35,0
2021-06-24 10:25:58,28498.6,0
2021-06-24 10:25:59,28498.5,0
2021-06-24 10:26:00,28499.85,0
2021-06-24 10:26:01,28500.3,0
2021-06-24 10:26:02,28502.25,0
2021-06-24 10:26:03,28501.65,0
2021-06-24 10:26:04,28501.55,0
2021-06-24 10:26:05,28501.2,0
2021-06-24 10:26:06,28500.7,0
2021-06-24 10:26:07,28502.6,0
2021-06-24 10:26:08,28502.4,0
2021-06-24 10:26:09,28501.35,0
2021-06-24 10:26:10,28501.95,0
2021-06-24 10:26:11,28502.05,0
2021-06-24 10:26:12,28500.8,0
2021-06-24 10:26:13,28499.55,0
2021-06-24 10:26:14,28499.35,0
2021-06-24 10:26:15,28501.8,0
2021-06-24 10:26:17,28498.85,0
2021-06-24 10:26:18,28499.7,0
2021-06-24 10:26:19,28501.0,0
2021-06-24 10:26:20,28500.25,0
2021-06-24 10:26:21,28500.25,0
2021-06-24 10:26:22,28501.25,0
2021-06-24 10:26:23,28499.95,0
2021-06-24 10:26:24,28501.55,0
2021-06-24 10:26:25,28502.45,0
2021-06-24 10:26:26,28501.7,0
2021-06-24 10:26:27,28504.4,0
2021-06-24 10:26:28,28502.55,0
2021-06-24 10:26:29,28504.35,0
2021-06-24 10:26:30,28505.35,0
2021-06-24 10:26:31,28503.55,0
2021-06-24 10:26:32,28504.9,0
2021-06-24 10:26:33,28504.4,0
2021-06-24 10:26:34,28504.3,0
2021-06-24 10:26:35,28504.8,0
2021-06-24 10:26:36,28506.4,0
2021-06-24 10:26:37,28505.0,0
2021-06-24 10:26:38,28505.65,0
2021-06-24 10:26:39,28504.85,0
2021-06-24 10:26:40,28503.65,0
2021-06-24 10:26:41,28500.65,0
2021-06-24 10:26:42,28500.45,0
2021-06-24 10:26:43,28501.35,0
2021-06-24 10:26:44,28502.65,0
2021-06-24 10:26:45,28503.75,0
2021-06-24 10:26:46,28503.65,0
2021-06-24 10:26:47,28505.3,0
2021-06-24 10:26:48,28502.45,0
2021-06-24 10:26:49,28500.1,0
2021-06-24 10:26:50,28499.95,0
2021-06-24 10:26:51,28500.1,0
2021-06-24 10:26:52,28502.0,0
2021-06-24 10:26:53,28500.25,0
2021-06-24 10:26:54,28499.4,0
2021-06-24 10:26:55,28503.05,0
2021-06-24 10:26:56,28499.8,0
2021-06-24 10:26:57,28501.6,0
2021-06-24 10:26:58,28501.1,0
2021-06-24 10:26:59,28501.0,0
2021-06-24 10:27:00,28500.0,0
2021-06-24 10:27:01,28499.1,0
2021-06-24 10:27:02,28496.85,0
2021-06-24 10:27:04,28497.25,0
2021-06-24 10:27:05,28498.35,0
2021-06-24 10:27:06,28496.85,0
2021-06-24 10:27:07,28497.05,0
2021-06-24 10:27:08,28497.55,0
2021-06-24 10:27:09,28497.05,0
2021-06-24 10:27:10,28496.8,0
2021-06-24 10:27:11,28496.05,0
2021-06-24 10:27:12,28497.3,0
2021-06-24 10:27:13,28495.85,0
2021-06-24 10:27:15,28494.85,0
2021-06-24 10:27:17,28496.1,0
2021-06-24 10:27:18,28496.15,0
2021-06-24 10:27:19,28495.65,0
2021-06-24 10:27:20,28495.6,0
2021-06-24 10:27:21,28494.55,0
2021-06-24 10:27:22,28496.0,0
2021-06-24 10:27:23,28497.05,0
2021-06-24 10:27:24,28497.7,0
2021-06-24 10:27:25,28496.75,0
2021-06-24 10:27:26,28498.6,0
2021-06-24 10:27:27,28497.85,0
2021-06-24 10:27:28,28496.3,0
2021-06-24 10:27:29,28497.15,0
2021-06-24 10:27:30,28498.4,0
2021-06-24 10:27:31,28496.4,0
2021-06-24 10:27:32,28497.1,0
2021-06-24 10:27:33,28497.85,0
2021-06-24 10:27:34,28496.65,0
2021-06-24 10:27:35,28497.75,0
2021-06-24 10:27:36,28498.05,0
2021-06-24 10:27:38,28494.8,0
2021-06-24 10:27:39,28496.15,0
2021-06-24 10:27:40,28495.7,0
2021-06-24 10:27:41,28496.0,0
2021-06-24 10:27:42,28497.25,0
2021-06-24 10:27:43,28496.05,0
2021-06-24 10:27:44,28497.65,0
2021-06-24 10:27:45,28495.7,0
2021-06-24 10:27:46,28497.15,0
2021-06-24 10:27:47,28496.4,0
2021-06-24 10:27:48,28493.5,0
2021-06-24 10:27:49,28495.3,0
2021-06-24 10:27:50,28494.4,0
2021-06-24 10:27:51,28493.65,0
2021-06-24 10:27:52,28494.4,0
2021-06-24 10:27:53,28496.85,0
2021-06-24 10:27:54,28497.4,0
2021-06-24 10:27:55,28496.7,0
2021-06-24 10:27:56,28494.45,0
2021-06-24 10:27:57,28493.6,0
2021-06-24 10:27:58,28493.0,0
2021-06-24 10:27:59,28491.7,0
2021-06-24 10:28:00,28494.25,0
2021-06-24 10:28:01,28494.95,0
2021-06-24 10:28:02,28495.7,0
2021-06-24 10:28:03,28495.7,0
2021-06-24 10:28:04,28495.7,0
2021-06-24 10:28:05,28495.2,0
2021-06-24 10:28:07,28494.4,0
2021-06-24 10:28:08,28492.2,0
2021-06-24 10:28:09,28494.9,0
2021-06-24 10:28:10,28495.45,0
2021-06-24 10:28:11,28497.45,0
2021-06-24 10:28:12,28496.05,0
2021-06-24 10:28:13,28495.05,0
2021-06-24 10:28:14,28496.0,0
2021-06-24 10:28:15,28495.75,0
2021-06-24 10:28:16,28494.25,0
2021-06-24 10:28:17,28492.8,0
2021-06-24 10:28:18,28496.25,0
2021-06-24 10:28:19,28496.05,0
2021-06-24 10:28:20,28496.3,0
2021-06-24 10:28:21,28496.7,0
2021-06-24 10:28:22,28497.1,0
2021-06-24 10:28:23,28497.1,0
2021-06-24 10:28:24,28497.25,0
2021-06-24 10:28:25,28497.55,0
2021-06-24 10:28:26,28494.95,0
2021-06-24 10:28:27,28495.65,0
2021-06-24 10:28:28,28495.1,0
2021-06-24 10:28:29,28496.15,0
2021-06-24 10:28:30,28496.65,0
2021-06-24 10:28:31,28497.95,0
2021-06-24 10:28:32,28496.8,0
2021-06-24 10:28:33,28495.25,0
2021-06-24 10:28:34,28495.85,0
2021-06-24 10:28:35,28496.6,0
2021-06-24 10:28:36,28495.15,0
2021-06-24 10:28:38,28495.2,0
2021-06-24 10:28:39,28497.45,0
2021-06-24 10:28:40,28496.25,0
2021-06-24 10:28:41,28496.15,0
2021-06-24 10:28:42,28496.85,0
2021-06-24 10:28:43,28496.55,0
2021-06-24 10:28:44,28496.35,0
2021-06-24 10:28:45,28496.9,0
2021-06-24 10:28:46,28496.25,0
2021-06-24 10:28:47,28496.75,0
2021-06-24 10:28:48,28494.9,0
2021-06-24 10:28:50,28497.8,0
2021-06-24 10:28:52,28498.15,0
2021-06-24 10:28:53,28497.85,0
2021-06-24 10:28:54,28499.55,0
2021-06-24 10:28:55,28499.15,0
2021-06-24 10:28:56,28500.2,0
2021-06-24 10:28:57,28499.0,0
2021-06-24 10:28:58,28498.25,0
2021-06-24 10:28:59,28499.8,0
2021-06-24 10:29:00,28499.5,0
2021-06-24 10:29:01,28498.05,0
2021-06-24 10:29:02,28499.3,0
2021-06-24 10:29:03,28499.0,0
2021-06-24 10:29:04,28499.0,0
2021-06-24 10:29:05,28499.25,0
2021-06-24 10:29:06,28499.5,0
2021-06-24 10:29:07,28498.7,0
2021-06-24 10:29:08,28498.85,0
2021-06-24 10:29:09,28499.05,0
2021-06-24 10:29:10,28498.7,0
2021-06-24 10:29:11,28498.9,0
2021-06-24 10:29:12,28497.75,0
2021-06-24 10:29:13,28498.35,0
2021-06-24 10:29:14,28498.05,0
2021-06-24 10:29:15,28498.95,0
2021-06-24 10:29:16,28499.2,0
2021-06-24 10:29:17,28498.7,0
2021-06-24 10:29:18,28498.65,0
2021-06-24 10:29:19,28499.15,0
2021-06-24 10:29:20,28500.0,0
2021-06-24 10:29:21,28499.95,0
2021-06-24 10:29:22,28500.45,0
2021-06-24 10:29:23,28499.9,0
2021-06-24 10:29:24,28501.0,0
2021-06-24 10:29:25,28502.85,0
2021-06-24 10:29:26,28501.85,0
2021-06-24 10:29:27,28502.55,0
2021-06-24 10:29:28,28501.6,0
2021-06-24 10:29:29,28500.4,0
2021-06-24 10:29:30,28501.55,0
2021-06-24 10:29:31,28503.45,0
2021-06-24 10:29:32,28503.85,0
2021-06-24 10:29:33,28501.65,0
2021-06-24 10:29:34,28503.15,0
2021-06-24 10:29:35,28502.75,0
2021-06-24 10:29:36,28500.0,0
2021-06-24 10:29:37,28501.05,0
2021-06-24 10:29:38,28500.9,0
2021-06-24 10:29:39,28501.65,0
2021-06-24 10:29:40,28503.6,0
2021-06-24 10:29:41,28503.1,0
2021-06-24 10:29:42,28503.2,0
2021-06-24 10:29:43,28505.8,0
2021-06-24 10:29:46,28507.3,0
2021-06-24 10:29:47,28502.75,0
2021-06-24 10:29:48,28505.25,0
2021-06-24 10:29:49,28505.5,0
2021-06-24 10:29:51,28503.4,0
2021-06-24 10:29:52,28506.4,0
2021-06-24 10:29:53,28505.45,0
2021-06-24 10:29:54,28508.2,0
2021-06-24 10:29:55,28504.6,0
2021-06-24 10:29:56,28504.15,0
2021-06-24 10:29:57,28506.55,0
2021-06-24 10:29:58,28505.45,0
2021-06-24 10:29:59,28506.45,0
2021-06-24 10:30:00,28504.1,0
2021-06-24 10:30:01,28507.45,0
2021-06-24 10:30:03,28507.3,0
2021-06-24 10:30:04,28507.2,0
2021-06-24 10:30:05,28505.95,0
2021-06-24 10:30:06,28501.1,0
2021-06-24 10:30:07,28506.45,0
2021-06-24 10:30:08,28506.55,0
2021-06-24 10:30:09,28505.2,0
2021-06-24 10:30:10,28504.15,0
2021-06-24 10:30:11,28505.5,0
2021-06-24 10:30:12,28506.95,0
2021-06-24 10:30:13,28506.6,0
2021-06-24 10:30:14,28505.9,0
2021-06-24 10:30:15,28503.4,0
2021-06-24 10:30:16,28503.9,0
2021-06-24 10:30:17,28506.7,0
2021-06-24 10:30:18,28506.8,0
2021-06-24 10:30:19,28506.75,0
2021-06-24 10:30:21,28515.95,0
2021-06-24 10:30:22,28517.05,0
2021-06-24 10:30:23,28518.75,0
2021-06-24 10:30:24,28518.95,0
2021-06-24 10:30:26,28519.95,0
2021-06-24 10:30:27,28519.6,0
2021-06-24 10:30:28,28519.55,0
2021-06-24 10:30:29,28519.1,0
2021-06-24 10:30:30,28519.4,0
2021-06-24 10:30:31,28515.4,0
2021-06-24 10:30:32,28518.0,0
2021-06-24 10:30:33,28519.15,0
2021-06-24 10:30:35,28519.6,0
2021-06-24 10:30:36,28519.75,0
2021-06-24 10:30:37,28517.5,0
2021-06-24 10:30:38,28518.55,0
2021-06-24 10:30:39,28519.6,0
2021-06-24 10:30:40,28519.1,0
2021-06-24 10:30:41,28514.35,0
2021-06-24 10:30:42,28515.0,0
2021-06-24 10:30:43,28517.5,0
2021-06-24 10:30:44,28517.95,0
2021-06-24 10:30:45,28515.95,0
2021-06-24 10:30:46,28518.25,0
2021-06-24 10:30:47,28516.9,0
2021-06-24 10:30:48,28518.05,0
2021-06-24 10:30:49,28517.4,0
2021-06-24 10:30:51,28516.5,0
2021-06-24 10:30:52,28518.4,0
2021-06-24 10:30:53,28516.9,0
2021-06-24 10:30:54,28519.95,0
2021-06-24 10:30:55,28518.4,0
2021-06-24 10:30:57,28521.7,0
2021-06-24 10:30:58,28519.35,0
2021-06-24 10:30:59,28519.75,0
2021-06-24 10:31:00,28521.1,0
2021-06-24 10:31:01,28519.1,0
2021-06-24 10:31:02,28518.4,0
2021-06-24 10:31:03,28517.5,0
2021-06-24 10:31:04,28519.15,0
2021-06-24 10:31:05,28519.6,0
2021-06-24 10:31:06,28522.6,0
2021-06-24 10:31:07,28523.15,0
2021-06-24 10:31:08,28520.1,0
2021-06-24 10:31:09,28519.55,0
2021-06-24 10:31:10,28520.6,0
2021-06-24 10:31:11,28520.25,0
2021-06-24 10:31:12,28523.45,0
2021-06-24 10:31:14,28519.65,0
2021-06-24 10:31:15,28519.15,0
2021-06-24 10:31:16,28522.25,0
2021-06-24 10:31:17,28519.6,0
2021-06-24 10:31:18,28522.2,0
2021-06-24 10:31:19,28520.3,0
2021-06-24 10:31:20,28522.3,0
2021-06-24 10:31:21,28523.75,0
2021-06-24 10:31:22,28520.9,0
2021-06-24 10:31:23,28523.25,0
2021-06-24 10:31:24,28525.2,0
2021-06-24 10:31:25,28524.55,0
2021-06-24 10:31:26,28524.05,0
2021-06-24 10:31:27,28524.05,0
2021-06-24 10:31:28,28521.85,0
2021-06-24 10:31:29,28525.15,0
2021-06-24 10:31:30,28524.85,0
2021-06-24 10:31:31,28523.25,0
2021-06-24 10:31:32,28524.1,0
2021-06-24 10:31:33,28524.2,0
2021-06-24 10:31:34,28524.2,0
2021-06-24 10:31:35,28524.55,0
2021-06-24 10:31:36,28525.25,0
2021-06-24 10:31:37,28523.55,0
2021-06-24 10:31:38,28522.75,0
2021-06-24 10:31:40,28522.4,0
2021-06-24 10:31:41,28523.95,0
2021-06-24 10:31:42,28522.05,0
2021-06-24 10:31:43,28522.4,0
2021-06-24 10:31:44,28524.3,0
2021-06-24 10:31:45,28521.05,0
2021-06-24 10:31:46,28520.85,0
2021-06-24 10:31:47,28520.85,0
2021-06-24 10:31:48,28521.55,0
2021-06-24 10:31:49,28524.3,0
2021-06-24 10:31:50,28523.25,0
2021-06-24 10:31:51,28522.3,0
2021-06-24 10:31:52,28524.2,0
2021-06-24 10:31:53,28520.0,0
2021-06-24 10:31:54,28524.85,0
2021-06-24 10:31:55,28524.35,0
2021-06-24 10:31:56,28521.65,0
2021-06-24 10:31:57,28521.95,0
2021-06-24 10:31:58,28522.8,0
2021-06-24 10:31:59,28522.5,0
2021-06-24 10:32:00,28523.4,0
2021-06-24 10:32:01,28520.75,0
2021-06-24 10:32:02,28520.25,0
2021-06-24 10:32:03,28523.45,0
2021-06-24 10:32:04,28519.7,0
2021-06-24 10:32:05,28520.2,0
2021-06-24 10:32:06,28519.85,0
2021-06-24 10:32:07,28523.55,0
2021-06-24 10:32:08,28519.1,0
2021-06-24 10:32:10,28519.6,0
2021-06-24 10:32:11,28514.1,0
2021-06-24 10:32:12,28517.4,0
2021-06-24 10:32:13,28516.55,0
2021-06-24 10:32:14,28516.4,0
2021-06-24 10:32:15,28513.6,0
2021-06-24 10:32:16,28518.9,0
2021-06-24 10:32:17,28519.0,0
2021-06-24 10:32:18,28515.2,0
2021-06-24 10:32:19,28516.75,0
2021-06-24 10:32:20,28516.4,0
2021-06-24 10:32:21,28518.25,0
2021-06-24 10:32:23,28518.85,0
2021-06-24 10:32:24,28518.1,0
2021-06-24 10:32:25,28519.35,0
2021-06-24 10:32:26,28519.1,0
2021-06-24 10:32:28,28515.7,0
2021-06-24 10:32:29,28518.15,0
2021-06-24 10:32:30,28516.95,0
2021-06-24 10:32:31,28518.6,0
2021-06-24 10:32:32,28516.7,0
2021-06-24 10:32:33,28516.75,0
2021-06-24 10:32:34,28517.0,0
2021-06-24 10:32:35,28517.45,0
2021-06-24 10:32:36,28518.0,0
2021-06-24 10:32:37,28518.1,0
2021-06-24 10:32:38,28517.45,0
2021-06-24 10:32:39,28516.65,0
2021-06-24 10:32:40,28513.7,0
2021-06-24 10:32:41,28513.8,0
2021-06-24 10:32:42,28515.5,0
2021-06-24 10:32:43,28511.3,0
2021-06-24 10:32:44,28513.4,0
2021-06-24 10:32:45,28514.3,0
2021-06-24 10:32:46,28514.65,0
2021-06-24 10:32:47,28514.15,0
2021-06-24 10:32:48,28509.8,0
2021-06-24 10:32:49,28511.4,0
2021-06-24 10:32:50,28511.55,0
2021-06-24 10:32:52,28515.45,0
2021-06-24 10:32:53,28513.55,0
2021-06-24 10:32:54,28514.85,0
2021-06-24 10:32:55,28512.55,0
2021-06-24 10:32:56,28515.65,0
2021-06-24 10:32:57,28515.05,0
2021-06-24 10:32:58,28516.85,0
2021-06-24 10:32:59,28514.15,0
2021-06-24 10:33:00,28516.35,0
2021-06-24 10:33:02,28515.55,0
2021-06-24 10:33:03,28516.4,0
2021-06-24 10:33:04,28515.35,0
2021-06-24 10:33:05,28519.45,0
2021-06-24 10:33:06,28518.55,0
2021-06-24 10:33:07,28519.2,0
2021-06-24 10:33:08,28517.55,0
2021-06-24 10:33:09,28519.6,0
2021-06-24 10:33:10,28517.75,0
2021-06-24 10:33:12,28516.55,0
2021-06-24 10:33:13,28518.05,0
2021-06-24 10:33:14,28518.05,0
2021-06-24 10:33:15,28522.7,0
2021-06-24 10:33:16,28522.15,0
2021-06-24 10:33:17,28526.65,0
2021-06-24 10:33:18,28524.65,0
2021-06-24 10:33:19,28528.0,0
2021-06-24 10:33:20,28525.25,0
2021-06-24 10:33:21,28525.95,0
2021-06-24 10:33:22,28528.75,0
2021-06-24 10:33:24,28525.7,0
2021-06-24 10:33:25,28528.5,0
2021-06-24 10:33:27,28525.0,0
2021-06-24 10:33:28,28526.25,0
2021-06-24 10:33:29,28525.4,0
2021-06-24 10:33:31,28525.9,0
2021-06-24 10:33:32,28525.75,0
2021-06-24 10:33:33,28523.45,0
2021-06-24 10:33:34,28527.3,0
2021-06-24 10:33:36,28530.35,0
2021-06-24 10:33:37,28527.15,0
2021-06-24 10:33:38,28526.15,0
2021-06-24 10:33:39,28528.8,0
2021-06-24 10:33:40,28527.05,0
2021-06-24 10:33:41,28526.85,0
2021-06-24 10:33:42,28524.85,0
2021-06-24 10:33:43,28524.5,0
2021-06-24 10:33:44,28524.85,0
2021-06-24 10:33:45,28525.15,0
2021-06-24 10:33:46,28524.15,0
2021-06-24 10:33:47,28523.95,0
2021-06-24 10:33:48,28525.65,0
2021-06-24 10:33:49,28526.25,0
2021-06-24 10:33:50,28526.25,0
2021-06-24 10:33:51,28526.95,0
2021-06-24 10:33:52,28525.45,0
2021-06-24 10:33:53,28525.05,0
2021-06-24 10:33:54,28529.0,0
2021-06-24 10:33:55,28528.1,0
2021-06-24 10:33:56,28526.35,0
2021-06-24 10:33:57,28528.7,0
2021-06-24 10:33:58,28528.7,0
2021-06-24 10:33:59,28529.0,0
2021-06-24 10:34:00,28529.1,0
2021-06-24 10:34:01,28528.55,0
2021-06-24 10:34:02,28528.6,0
2021-06-24 10:34:03,28529.95,0
2021-06-24 10:34:04,28529.7,0
2021-06-24 10:34:06,28530.8,0
2021-06-24 10:34:07,28532.55,0
2021-06-24 10:34:09,28530.9,0
2021-06-24 10:34:10,28533.0,0
2021-06-24 10:34:11,28533.65,0
2021-06-24 10:34:12,28531.95,0
2021-06-24 10:34:13,28532.7,0
2021-06-24 10:34:14,28532.0,0
2021-06-24 10:34:15,28534.4,0
2021-06-24 10:34:16,28533.45,0
2021-06-24 10:34:17,28534.25,0
2021-06-24 10:34:18,28534.1,0
2021-06-24 10:34:19,28535.5,0
2021-06-24 10:34:20,28534.25,0
2021-06-24 10:34:22,28534.1,0
2021-06-24 10:34:23,28530.5,0
2021-06-24 10:34:24,28533.65,0
2021-06-24 10:34:25,28534.3,0
2021-06-24 10:34:26,28534.1,0
2021-06-24 10:34:27,28532.8,0
2021-06-24 10:34:28,28534.5,0
2021-06-24 10:34:30,28533.9,0
2021-06-24 10:34:31,28535.45,0
2021-06-24 10:34:32,28534.65,0
2021-06-24 10:34:33,28535.65,0
2021-06-24 10:34:34,28535.2,0
2021-06-24 10:34:35,28534.75,0
2021-06-24 10:34:36,28534.9,0
2021-06-24 10:34:37,28533.15,0
2021-06-24 10:34:38,28536.35,0
2021-06-24 10:34:39,28536.85,0
2021-06-24 10:34:40,28536.0,0
2021-06-24 10:34:41,28536.35,0
2021-06-24 10:34:43,28534.75,0
2021-06-24 10:34:44,28534.45,0
2021-06-24 10:34:45,28533.6,0
2021-06-24 10:34:46,28531.55,0
2021-06-24 10:34:47,28532.9,0
2021-06-24 10:34:48,28534.3,0
2021-06-24 10:34:49,28533.3,0
2021-06-24 10:34:50,28532.9,0
2021-06-24 10:34:51,28530.75,0
2021-06-24 10:34:52,28530.85,0
2021-06-24 10:34:53,28531.5,0
2021-06-24 10:34:56,28532.3,0
2021-06-24 10:34:57,28528.25,0
2021-06-24 10:34:58,28523.95,0
2021-06-24 10:34:59,28525.0,0
2021-06-24 10:35:01,28524.75,0
2021-06-24 10:35:02,28525.5,0
2021-06-24 10:35:03,28526.3,0
2021-06-24 10:35:05,28523.65,0
2021-06-24 10:35:06,28523.35,0
2021-06-24 10:35:08,28523.25,0
2021-06-24 10:35:09,28524.2,0
2021-06-24 10:35:10,28522.9,0
2021-06-24 10:35:11,28522.65,0
2021-06-24 10:35:12,28524.25,0
2021-06-24 10:35:13,28522.65,0
2021-06-24 10:35:14,28523.25,0
2021-06-24 10:35:15,28520.5,0
2021-06-24 10:35:16,28522.4,0
2021-06-24 10:35:17,28522.8,0
2021-06-24 10:35:18,28521.4,0
2021-06-24 10:35:19,28520.55,0
2021-06-24 10:35:20,28524.3,0
2021-06-24 10:35:21,28525.2,0
2021-06-24 10:35:22,28525.0,0
2021-06-24 10:35:23,28524.45,0
2021-06-24 10:35:24,28521.95,0
2021-06-24 10:35:25,28522.3,0
2021-06-24 10:35:26,28520.9,0
2021-06-24 10:35:27,28524.85,0
2021-06-24 10:35:28,28525.3,0
2021-06-24 10:35:29,28525.0,0
2021-06-24 10:35:30,28524.2,0
2021-06-24 10:35:31,28521.35,0
2021-06-24 10:35:32,28524.2,0
2021-06-24 10:35:33,28524.2,0
2021-06-24 10:35:34,28522.95,0
2021-06-24 10:35:35,28523.3,0
2021-06-24 10:35:36,28523.6,0
2021-06-24 10:35:37,28523.35,0
2021-06-24 10:35:38,28525.55,0
2021-06-24 10:35:39,28525.95,0
2021-06-24 10:35:40,28524.25,0
2021-06-24 10:35:41,28525.45,0
2021-06-24 10:35:42,28525.45,0
2021-06-24 10:35:43,28523.25,0
2021-06-24 10:35:44,28526.2,0
2021-06-24 10:35:45,28524.75,0
2021-06-24 10:35:46,28523.0,0
2021-06-24 10:35:47,28520.45,0
2021-06-24 10:35:48,28522.8,0
2021-06-24 10:35:49,28520.7,0
2021-06-24 10:35:50,28520.85,0
2021-06-24 10:35:51,28520.1,0
2021-06-24 10:35:52,28520.85,0
2021-06-24 10:35:53,28521.7,0
2021-06-24 10:35:54,28522.7,0
2021-06-24 10:35:55,28523.25,0
