timestamp,ltp,volume
2021-06-24 09:35:55,18267.7,0
2021-06-24 09:36:03,18269.95,0
2021-06-24 09:36:04,18271.0,0
2021-06-24 09:36:06,18270.4,0
2021-06-24 09:36:45,18277.65,0
2021-06-24 09:36:54,18276.35,0
2021-06-24 09:36:57,18278.4,0
2021-06-24 09:37:04,18275.0,0
2021-06-24 09:37:11,18277.55,0
2021-06-24 09:37:12,18276.4,0
2021-06-24 09:37:31,18278.7,0
2021-06-24 09:37:33,18276.1,0
2021-06-24 09:37:52,18278.5,0
2021-06-24 09:37:53,18280.55,0
2021-06-24 09:37:58,18281.55,0
2021-06-24 09:38:09,18284.15,0
2021-06-24 09:38:10,18284.65,0
2021-06-24 09:38:25,18286.6,0
2021-06-24 09:38:38,18290.85,0
2021-06-24 09:38:46,18292.7,0
2021-06-24 09:38:59,18290.9,0
2021-06-24 09:39:05,18290.05,0
2021-06-24 09:39:09,18292.5,0
2021-06-24 09:39:19,18292.15,0
2021-06-24 09:39:33,18297.85,0
2021-06-24 09:39:34,18295.65,0
2021-06-24 09:39:48,18298.3,0
2021-06-24 09:39:49,18293.9,0
2021-06-24 09:39:50,18295.4,0
2021-06-24 09:39:54,18296.65,0
2021-06-24 09:39:58,18298.05,0
2021-06-24 09:40:02,18297.4,0
2021-06-24 09:40:05,18297.85,0
2021-06-24 09:40:08,18300.1,0
2021-06-24 09:40:11,18300.25,0
2021-06-24 09:40:13,18298.15,0
2021-06-24 09:40:17,18298.05,0
2021-06-24 09:40:22,18296.2,0
2021-06-24 09:40:27,18294.85,0
2021-06-24 09:40:34,18295.0,0
2021-06-24 09:40:42,18291.25,0
2021-06-24 09:40:43,18292.45,0
2021-06-24 09:40:51,18291.35,0
2021-06-24 09:40:54,18291.8,0
2021-06-24 09:40:56,18292.0,0
2021-06-24 09:41:05,18292.35,0
2021-06-24 09:41:07,18294.55,0
2021-06-24 09:41:08,18292.9,0
2021-06-24 09:41:19,18296.55,0
2021-06-24 09:41:22,18296.8,0
2021-06-24 09:41:25,18294.95,0
2021-06-24 09:41:32,18298.7,0
2021-06-24 09:41:38,18300.75,0
2021-06-24 09:41:39,18298.25,0
2021-06-24 09:41:41,18300.05,0
2021-06-24 09:41:54,18300.65,0
2021-06-24 09:41:55,18298.6,0
2021-06-24 09:42:11,18300.7,0
2021-06-24 09:42:12,18299.75,0
2021-06-24 09:42:13,18300.65,0
2021-06-24 09:42:17,18301.0,0
2021-06-24 09:42:42,18300.4,0
2021-06-24 09:42:43,18298.7,0
2021-06-24 09:42:49,18301.25,0
2021-06-24 09:42:54,18299.35,0
2021-06-24 09:42:57,18301.95,0
2021-06-24 09:42:58,18300.6,0
2021-06-24 09:43:07,18298.95,0
2021-06-24 09:43:08,18299.6,0
2021-06-24 09:43:25,18302.3,0
2021-06-24 09:43:26,18306.9,0
2021-06-24 09:43:29,18302.7,0
2021-06-24 09:43:35,18304.15,0
2021-06-24 09:43:38,18304.4,0
2021-06-24 09:43:40,18304.65,0
2021-06-24 09:43:49,18307.3,0
2021-06-24 09:43:53,18307.9,0
2021-06-24 09:43:56,18305.05,0
2021-06-24 09:43:59,18305.5,0
2021-06-24 09:44:04,18306.35,0
2021-06-24 09:44:06,18304.1,0
2021-06-24 09:44:08,18303.9,0
2021-06-24 09:44:14,18306.95,0
2021-06-24 09:44:15,18307.95,0
2021-06-24 09:44:18,18304.2,0
2021-06-24 09:44:20,18308.3,0
2021-06-24 09:44:21,18303.75,0
2021-06-24 09:44:23,18306.85,0
2021-06-24 09:44:24,18308.15,0
2021-06-24 09:44:26,18307.25,0
2021-06-24 09:44:29,18307.7,0
2021-06-24 09:44:40,18308.7,0
2021-06-24 09:44:44,18307.55,0
2021-06-24 09:44:47,18309.1,0
2021-06-24 09:44:52,18306.0,0
2021-06-24 09:44:53,18307.15,0
2021-06-24 09:44:58,18308.65,0
2021-06-24 09:45:00,18311.0,0
2021-06-24 09:45:02,18307.55,0
2021-06-24 09:45:05,18308.75,0
2021-06-24 09:45:09,18308.2,0
2021-06-24 09:45:12,18309.7,0
2021-06-24 09:45:13,18309.05,0
2021-06-24 09:45:19,18309.0,0
2021-06-24 09:45:20,18312.35,0
2021-06-24 09:45:37,18315.0,0
2021-06-24 09:45:48,18313.8,0
2021-06-24 09:46:00,18314.15,0
2021-06-24 09:46:03,18314.55,0
2021-06-24 09:46:07,18312.35,0
2021-06-24 09:46:10,18313.95,0
2021-06-24 09:46:17,18308.85,0
2021-06-24 09:46:24,18305.85,0
2021-06-24 09:46:27,18304.0,0
2021-06-24 09:46:31,18305.9,0
2021-06-24 09:46:32,18304.9,0
2021-06-24 09:46:33,18304.95,0
2021-06-24 09:46:45,18301.6,0
2021-06-24 09:46:49,18302.05,0
2021-06-24 09:46:53,18305.5,0
2021-06-24 09:47:01,18298.55,0
2021-06-24 09:47:02,18296.6,0
2021-06-24 09:47:03,18296.55,0
2021-06-24 09:47:06,18296.35,0
2021-06-24 09:47:08,18294.1,0
2021-06-24 09:47:12,18293.35,0
2021-06-24 09:47:13,18293.25,0
2021-06-24 09:47:15,18292.65,0
2021-06-24 09:47:19,18295.35,0
2021-06-24 09:47:28,18292.3,0
2021-06-24 09:47:29,18292.45,0
2021-06-24 09:47:34,18292.45,0
2021-06-24 09:47:40,18293.9,0
2021-06-24 09:47:43,18291.85,0
2021-06-24 09:47:53,18293.5,0
2021-06-24 09:47:55,18296.9,0
2021-06-24 09:48:00,18299.35,0
2021-06-24 09:48:05,18299.95,0
2021-06-24 09:48:09,18301.55,0
2021-06-24 09:48:16,18299.45,0
2021-06-24 09:48:22,18303.6,0
2021-06-24 09:48:23,18305.95,0
2021-06-24 09:48:26,18304.05,0
2021-06-24 09:48:27,18305.85,0
2021-06-24 09:48:34,18304.35,0
2021-06-24 09:48:43,18304.1,0
2021-06-24 09:48:47,18301.45,0
2021-06-24 09:48:54,18300.7,0
2021-06-24 09:48:59,18302.1,0
2021-06-24 09:49:07,18301.3,0
2021-06-24 09:49:15,18296.95,0
2021-06-24 09:49:18,18296.45,0
2021-06-24 09:49:24,18296.9,0
2021-06-24 09:49:34,18294.45,0
2021-06-24 09:49:35,18296.65,0
2021-06-24 09:49:39,18297.05,0
2021-06-24 09:49:42,18294.8,0
2021-06-24 09:49:44,18296.05,0
2021-06-24 09:49:49,18295.55,0
2021-06-24 09:49:55,18293.5,0
2021-06-24 09:49:56,18293.8,0
2021-06-24 09:50:01,18294.5,0
2021-06-24 09:50:03,18293.4,0
2021-06-24 09:50:04,18292.05,0
2021-06-24 09:50:29,18294.9,0
2021-06-24 09:50:33,18296.6,0
2021-06-24 09:50:34,18296.05,0
2021-06-24 09:50:37,18295.2,0
2021-06-24 09:50:40,18296.7,0
2021-06-24 09:50:49,18298.25,0
2021-06-24 09:50:50,18300.35,0
2021-06-24 09:50:56,18298.15,0
2021-06-24 09:50:58,18295.35,0
2021-06-24 09:50:59,18298.5,0
2021-06-24 09:51:00,18297.8,0
2021-06-24 09:51:01,18300.45,0
2021-06-24 09:51:09,18299.4,0
2021-06-24 09:51:11,18298.95,0
2021-06-24 09:51:19,18297.15,0
2021-06-24 09:51:23,18295.8,0
2021-06-24 09:51:24,18297.35,0
2021-06-24 09:51:30,18298.35,0
2021-06-24 09:51:34,18296.75,0
2021-06-24 09:51:36,18297.15,0
2021-06-24 09:51:38,18296.7,0
2021-06-24 09:51:40,18297.15,0
2021-06-24 09:51:41,18297.35,0
2021-06-24 09:51:42,18297.0,0
2021-06-24 09:51:47,18294.85,0
2021-06-24 09:51:57,18297.05,0
2021-06-24 09:51:59,18296.05,0
2021-06-24 09:52:00,18294.65,0
2021-06-24 09:52:06,18297.7,0
2021-06-24 09:52:08,18294.1,0
2021-06-24 09:52:12,18295.05,0
2021-06-24 09:52:14,18298.15,0
2021-06-24 09:52:18,18298.85,0
2021-06-24 09:52:19,18296.35,0
2021-06-24 09:52:26,18298.6,0
2021-06-24 09:52:27,18300.25,0
2021-06-24 09:52:33,18301.05,0
2021-06-24 09:52:35,18301.75,0
2021-06-24 09:52:38,18297.4,0
2021-06-24 09:52:42,18298.35,0
2021-06-24 09:52:49,18297.05,0
2021-06-24 09:52:50,18297.6,0
2021-06-24 09:52:58,18295.65,0
2021-06-24 09:53:00,18294.25,0
2021-06-24 09:53:14,18295.5,0
2021-06-24 09:53:25,18295.3,0
2021-06-24 09:53:27,18295.05,0
2021-06-24 09:53:30,18294.4,0
2021-06-24 09:53:36,18293.4,0
2021-06-24 09:53:38,18292.9,0
2021-06-24 09:53:42,18289.65,0
2021-06-24 09:53:46,18290.5,0
2021-06-24 09:53:47,18292.45,0
2021-06-24 09:53:54,18293.05,0
2021-06-24 09:53:56,18292.25,0
2021-06-24 09:54:07,18289.5,0
2021-06-24 09:54:13,18288.55,0
2021-06-24 09:54:19,18288.5,0
2021-06-24 09:54:21,18288.5,0
2021-06-24 09:54:27,18291.4,0
2021-06-24 09:54:28,18290.6,0
2021-06-24 09:54:29,18290.6,0
2021-06-24 09:54:30,18287.75,0
2021-06-24 09:54:31,18290.35,0
2021-06-24 09:54:39,18292.35,0
2021-06-24 09:54:42,18290.85,0
2021-06-24 09:54:44,18292.15,0
2021-06-24 09:54:46,18291.7,0
2021-06-24 09:54:56,18294.35,0
2021-06-24 09:55:08,18294.55,0
2021-06-24 09:55:15,18296.25,0
2021-06-24 09:55:22,18296.25,0
2021-06-24 09:55:26,18297.3,0
2021-06-24 09:55:28,18297.45,0
2021-06-24 09:55:37,18294.25,0
2021-06-24 09:55:38,18290.9,0
2021-06-24 09:55:41,18292.85,0
2021-06-24 09:55:43,18292.45,0
2021-06-24 09:55:45,18292.6,0
2021-06-24 09:55:51,18286.75,0
2021-06-24 09:55:56,18289.35,0
2021-06-24 09:55:57,18289.25,0
2021-06-24 09:56:05,18287.0,0
2021-06-24 09:56:06,18286.8,0
2021-06-24 09:56:10,18286.0,0
2021-06-24 09:56:16,18290.75,0
2021-06-24 09:56:18,18289.0,0
2021-06-24 09:56:19,18291.95,0
2021-06-24 09:56:24,18291.8,0
2021-06-24 09:56:25,18291.2,0
2021-06-24 09:56:33,18292.65,0
2021-06-24 09:56:49,18291.9,0
2021-06-24 09:57:08,18294.45,0
2021-06-24 09:57:12,18293.95,0
2021-06-24 09:57:13,18293.5,0
2021-06-24 09:57:18,18294.45,0
2021-06-24 09:57:28,18295.5,0
2021-06-24 09:57:31,18294.95,0
2021-06-24 09:57:34,18295.0,0
2021-06-24 09:57:46,18296.7,0
2021-06-24 09:57:53,18297.85,0
2021-06-24 09:57:59,18297.95,0
2021-06-24 09:58:00,18298.2,0
2021-06-24 09:58:01,18296.5,0
2021-06-24 09:58:03,18298.75,0
2021-06-24 09:58:04,18296.15,0
2021-06-24 09:58:05,18296.45,0
2021-06-24 09:58:07,18298.2,0
2021-06-24 09:58:08,18299.95,0
2021-06-24 09:58:15,18300.3,0
2021-06-24 09:58:23,18299.2,0
2021-06-24 09:58:30,18297.65,0
2021-06-24 09:58:38,18296.75,0
2021-06-24 09:58:56,18298.0,0
2021-06-24 09:58:59,18297.1,0
2021-06-24 09:59:04,18298.55,0
2021-06-24 09:59:08,18295.15,0
2021-06-24 09:59:11,18296.05,0
2021-06-24 09:59:12,18296.75,0
2021-06-24 09:59:14,18298.05,0
2021-06-24 09:59:22,18295.2,0
2021-06-24 09:59:25,18294.85,0
2021-06-24 09:59:37,18293.4,0
2021-06-24 09:59:44,18292.6,0
2021-06-24 09:59:51,18295.85,0
2021-06-24 10:00:01,18299.0,0
2021-06-24 10:00:13,18298.25,0
2021-06-24 10:00:14,18295.8,0
2021-06-24 10:00:16,18296.9,0
2021-06-24 10:00:20,18295.8,0
2021-06-24 10:00:28,18299.6,0
2021-06-24 10:00:33,18298.7,0
2021-06-24 10:00:44,18295.7,0
2021-06-24 10:00:46,18290.8,0
2021-06-24 10:00:49,18292.2,0
2021-06-24 10:00:55,18295.05,0
2021-06-24 10:01:09,18292.3,0
2021-06-24 10:01:10,18291.5,0
2021-06-24 10:01:36,18289.4,0
2021-06-24 10:01:43,18288.7,0
2021-06-24 10:01:52,18286.2,0
2021-06-24 10:01:58,18284.45,0
2021-06-24 10:02:00,18284.2,0
2021-06-24 10:02:02,18283.85,0
2021-06-24 10:02:07,18283.8,0
2021-06-24 10:02:09,18283.5,0
2021-06-24 10:02:15,18282.35,0
2021-06-24 10:02:20,18282.6,0
2021-06-24 10:02:29,18282.55,0
2021-06-24 10:02:31,18281.55,0
2021-06-24 10:02:32,18282.6,0
2021-06-24 10:02:38,18280.4,0
2021-06-24 10:02:40,18277.15,0
2021-06-24 10:02:42,18279.2,0
2021-06-24 10:02:47,18282.25,0
2021-06-24 10:02:52,18279.2,0
2021-06-24 10:02:58,18279.55,0
2021-06-24 10:03:00,18278.05,0
2021-06-24 10:03:04,18277.0,0
2021-06-24 10:03:11,18279.2,0
2021-06-24 10:03:14,18281.15,0
2021-06-24 10:03:17,18281.2,0
2021-06-24 10:03:22,18280.05,0
2021-06-24 10:03:26,18281.55,0
2021-06-24 10:03:32,18278.0,0
2021-06-24 10:03:37,18278.1,0
2021-06-24 10:03:42,18276.0,0
2021-06-24 10:03:43,18277.0,0
2021-06-24 10:03:44,18276.45,0
2021-06-24 10:03:59,18275.95,0
2021-06-24 10:04:13,18273.15,0
2021-06-24 10:04:14,18272.45,0
2021-06-24 10:04:17,18271.1,0
2021-06-24 10:04:24,18270.95,0
2021-06-24 10:04:26,18270.9,0
2021-06-24 10:04:27,18271.75,0
2021-06-24 10:04:33,18270.7,0
2021-06-24 10:04:44,18271.65,0
2021-06-24 10:04:45,18270.6,0
2021-06-24 10:04:46,18271.25,0
2021-06-24 10:04:48,18271.9,0
2021-06-24 10:04:51,18270.3,0
2021-06-24 10:04:53,18269.65,0
2021-06-24 10:04:56,18272.95,0
2021-06-24 10:05:01,18267.5,0
2021-06-24 10:05:03,18268.75,0
2021-06-24 10:05:05,18270.55,0
2021-06-24 10:05:08,18271.05,0
2021-06-24 10:05:09,18270.85,0
2021-06-24 10:05:10,18268.25,0
2021-06-24 10:05:17,18271.65,0
2021-06-24 10:05:21,18274.9,0
2021-06-24 10:05:25,18271.6,0
2021-06-24 10:05:33,18271.5,0
2021-06-24 10:05:35,18270.0,0
2021-06-24 10:05:36,18272.6,0
2021-06-24 10:05:41,18270.05,0
2021-06-24 10:05:42,18272.6,0
2021-06-24 10:05:48,18271.0,0
2021-06-24 10:05:49,18267.9,0
2021-06-24 10:05:50,18269.75,0
2021-06-24 10:06:01,18268.75,0
2021-06-24 10:06:02,18271.05,0
2021-06-24 10:06:06,18268.9,0
2021-06-24 10:06:10,18268.6,0
2021-06-24 10:06:11,18271.6,0
2021-06-24 10:06:14,18269.75,0
2021-06-24 10:06:17,18267.65,0
2021-06-24 10:06:21,18269.15,0
2021-06-24 10:06:28,18270.25,0
2021-06-24 10:06:32,18268.0,0
2021-06-24 10:06:36,18266.65,0
2021-06-24 10:06:41,18266.25,0
2021-06-24 10:06:46,18267.0,0
2021-06-24 10:06:49,18263.2,0
2021-06-24 10:06:51,18264.6,0
2021-06-24 10:06:54,18266.4,0
2021-06-24 10:07:00,18263.4,0
2021-06-24 10:07:01,18263.8,0
2021-06-24 10:07:04,18265.6,0
2021-06-24 10:07:06,18263.8,0
2021-06-24 10:07:09,18266.55,0
2021-06-24 10:07:30,18267.4,0
2021-06-24 10:07:42,18267.75,0
2021-06-24 10:07:47,18263.75,0
2021-06-24 10:07:53,18266.3,0
2021-06-24 10:07:55,18265.2,0
2021-06-24 10:08:00,18264.2,0
2021-06-24 10:08:02,18265.05,0
2021-06-24 10:08:04,18263.3,0
2021-06-24 10:08:06,18264.6,0
2021-06-24 10:08:08,18261.3,0
2021-06-24 10:08:10,18262.25,0
2021-06-24 10:08:17,18261.2,0
2021-06-24 10:08:20,18261.2,0
2021-06-24 10:08:26,18258.1,0
2021-06-24 10:08:29,18260.45,0
2021-06-24 10:08:32,18261.85,0
2021-06-24 10:08:39,18261.9,0
2021-06-24 10:08:40,18261.6,0
2021-06-24 10:08:41,18264.8,0
2021-06-24 10:08:42,18263.95,0
2021-06-24 10:08:48,18262.4,0
2021-06-24 10:09:03,18261.0,0
2021-06-24 10:09:08,18261.0,0
2021-06-24 10:09:09,18259.3,0
2021-06-24 10:09:17,18262.9,0
2021-06-24 10:09:21,18263.9,0
2021-06-24 10:09:26,18260.55,0
2021-06-24 10:09:32,18260.1,0
2021-06-24 10:09:39,18264.85,0
2021-06-24 10:09:40,18265.35,0
2021-06-24 10:09:44,18263.05,0
2021-06-24 10:09:46,18262.3,0
2021-06-24 10:09:47,18262.9,0
2021-06-24 10:09:54,18263.1,0
2021-06-24 10:09:55,18263.7,0
2021-06-24 10:09:58,18262.75,0
2021-06-24 10:09:59,18263.05,0
2021-06-24 10:10:01,18266.05,0
2021-06-24 10:10:03,18266.75,0
2021-06-24 10:10:04,18266.35,0
2021-06-24 10:10:10,18263.1,0
2021-06-24 10:10:18,18262.9,0
2021-06-24 10:10:20,18260.95,0
2021-06-24 10:10:27,18262.9,0
2021-06-24 10:10:29,18261.4,0
2021-06-24 10:10:30,18262.4,0
2021-06-24 10:10:44,18262.0,0
2021-06-24 10:10:45,18262.1,0
2021-06-24 10:10:51,18267.65,0
2021-06-24 10:10:56,18265.95,0
2021-06-24 10:11:02,18265.95,0
2021-06-24 10:11:04,18266.85,0
2021-06-24 10:11:09,18267.05,0
2021-06-24 10:11:10,18266.85,0
2021-06-24 10:11:12,18271.4,0
2021-06-24 10:11:16,18268.45,0
2021-06-24 10:11:39,18268.45,0
2021-06-24 10:11:41,18270.8,0
2021-06-24 10:11:55,18264.25,0
2021-06-24 10:11:58,18266.6,0
2021-06-24 10:12:00,18267.55,0
2021-06-24 10:12:02,18266.65,0
2021-06-24 10:12:03,18263.9,0
2021-06-24 10:12:07,18263.6,0
2021-06-24 10:12:12,18265.7,0
2021-06-24 10:12:19,18264.55,0
2021-06-24 10:12:20,18261.75,0
2021-06-24 10:12:34,18260.85,0
2021-06-24 10:12:37,18260.4,0
2021-06-24 10:12:43,18261.25,0
2021-06-24 10:12:44,18262.95,0
2021-06-24 10:12:48,18261.25,0
2021-06-24 10:12:49,18260.15,0
2021-06-24 10:12:51,18260.15,0
2021-06-24 10:12:53,18258.15,0
2021-06-24 10:12:54,18258.15,0
2021-06-24 10:12:56,18258.25,0
2021-06-24 10:13:11,18257.95,0
2021-06-24 10:13:15,18259.2,0
2021-06-24 10:13:17,18257.25,0
2021-06-24 10:13:19,18258.45,0
2021-06-24 10:13:28,18259.5,0
2021-06-24 10:13:33,18262.25,0
2021-06-24 10:13:46,18260.8,0
2021-06-24 10:13:47,18264.0,0
2021-06-24 10:13:48,18261.4,0
2021-06-24 10:13:49,18262.25,0
2021-06-24 10:13:54,18262.2,0
2021-06-24 10:13:55,18262.7,0
2021-06-24 10:14:07,18261.15,0
2021-06-24 10:14:08,18260.85,0
2021-06-24 10:14:09,18263.2,0
2021-06-24 10:14:19,18259.35,0
2021-06-24 10:14:21,18260.05,0
2021-06-24 10:14:25,18260.65,0
2021-06-24 10:14:26,18260.15,0
2021-06-24 10:14:37,18263.25,0
2021-06-24 10:14:47,18259.85,0
2021-06-24 10:14:50,18260.35,0
2021-06-24 10:14:52,18258.1,0
2021-06-24 10:15:01,18257.85,0
2021-06-24 10:15:15,18261.05,0
2021-06-24 10:15:26,18266.25,0
2021-06-24 10:15:27,18265.45,0
2021-06-24 10:15:28,18263.1,0
2021-06-24 10:15:31,18264.7,0
2021-06-24 10:15:38,18265.8,0
2021-06-24 10:15:42,18266.75,0
2021-06-24 10:15:43,18266.2,0
2021-06-24 10:15:46,18267.15,0
2021-06-24 10:16:02,18269.0,0
2021-06-24 10:16:03,18266.65,0
2021-06-24 10:16:04,18266.3,0
2021-06-24 10:16:06,18267.0,0
2021-06-24 10:16:16,18266.9,0
2021-06-24 10:16:23,18270.5,0
2021-06-24 10:16:24,18273.35,0
2021-06-24 10:16:30,18270.3,0
2021-06-24 10:16:35,18267.6,0
2021-06-24 10:16:58,18266.15,0
2021-06-24 10:16:59,18267.7,0
2021-06-24 10:17:03,18263.65,0
2021-06-24 10:17:04,18265.9,0
2021-06-24 10:17:07,18263.7,0
2021-06-24 10:17:09,18268.25,0
2021-06-24 10:17:25,18266.6,0
2021-06-24 10:17:31,18267.7,0
2021-06-24 10:17:44,18262.35,0
2021-06-24 10:17:46,18263.4,0
2021-06-24 10:17:50,18263.7,0
2021-06-24 10:17:53,18265.9,0
2021-06-24 10:17:54,18262.6,0
2021-06-24 10:17:58,18264.15,0
2021-06-24 10:18:21,18266.8,0
2021-06-24 10:18:24,18267.5,0
2021-06-24 10:18:31,18269.95,0
2021-06-24 10:18:32,18269.65,0
2021-06-24 10:18:44,18269.4,0
2021-06-24 10:18:48,18269.15,0
2021-06-24 10:19:01,18272.5,0
2021-06-24 10:19:04,18268.7,0
2021-06-24 10:19:05,18269.7,0
2021-06-24 10:19:06,18271.3,0
2021-06-24 10:19:17,18272.3,0
2021-06-24 10:19:18,18271.8,0
2021-06-24 10:19:19,18270.3,0
2021-06-24 10:19:26,18272.95,0
2021-06-24 10:19:30,18271.05,0
2021-06-24 10:19:32,18273.3,0
2021-06-24 10:19:38,18273.1,0
2021-06-24 10:19:40,18272.15,0
2021-06-24 10:19:44,18273.3,0
2021-06-24 10:19:49,18271.75,0
2021-06-24 10:19:51,18272.8,0
2021-06-24 10:19:58,18271.05,0
2021-06-24 10:19:59,18271.7,0
2021-06-24 10:20:00,18273.4,0
2021-06-24 10:20:07,18269.45,0
2021-06-24 10:20:09,18272.15,0
2021-06-24 10:20:17,18272.95,0
2021-06-24 10:20:23,18271.95,0
2021-06-24 10:20:25,18269.15,0
2021-06-24 10:20:26,18268.35,0
2021-06-24 10:20:28,18269.3,0
2021-06-24 10:20:36,18271.15,0
2021-06-24 10:20:37,18269.9,0
2021-06-24 10:20:39,18270.35,0
2021-06-24 10:20:40,18272.4,0
2021-06-24 10:20:42,18272.1,0
2021-06-24 10:20:43,18273.05,0
2021-06-24 10:20:47,18269.95,0
2021-06-24 10:20:49,18271.25,0
2021-06-24 10:20:56,18269.1,0
2021-06-24 10:20:59,18270.7,0
2021-06-24 10:21:00,18270.3,0
2021-06-24 10:21:06,18269.35,0
2021-06-24 10:21:09,18272.25,0
2021-06-24 10:21:13,18273.35,0
2021-06-24 10:21:15,18272.7,0
2021-06-24 10:21:23,18272.1,0
2021-06-24 10:21:27,18275.2,0
2021-06-24 10:21:29,18273.85,0
2021-06-24 10:21:34,18277.65,0
2021-06-24 10:21:36,18275.2,0
2021-06-24 10:21:43,18274.35,0
2021-06-24 10:21:46,18271.7,0
2021-06-24 10:21:49,18272.6,0
2021-06-24 10:21:50,18273.85,0
2021-06-24 10:21:51,18272.95,0
2021-06-24 10:21:52,18272.35,0
2021-06-24 10:21:57,18274.7,0
2021-06-24 10:21:59,18273.3,0
2021-06-24 10:22:00,18271.9,0
2021-06-24 10:22:07,18272.6,0
2021-06-24 10:22:08,18273.2,0
2021-06-24 10:22:10,18274.25,0
2021-06-24 10:22:12,18273.95,0
2021-06-24 10:22:13,18273.65,0
2021-06-24 10:22:15,18275.5,0
2021-06-24 10:22:16,18273.7,0
2021-06-24 10:22:19,18274.25,0
2021-06-24 10:22:28,18270.3,0
2021-06-24 10:22:29,18273.75,0
2021-06-24 10:22:31,18273.95,0
2021-06-24 10:22:38,18270.25,0
2021-06-24 10:22:39,18270.45,0
2021-06-24 10:22:40,18272.1,0
2021-06-24 10:22:43,18269.3,0
2021-06-24 10:22:45,18271.3,0
2021-06-24 10:22:52,18272.6,0
2021-06-24 10:22:57,18271.25,0
2021-06-24 10:23:02,18270.65,0
2021-06-24 10:23:07,18269.6,0
2021-06-24 10:23:09,18269.95,0
2021-06-24 10:23:10,18269.95,0
2021-06-24 10:23:20,18270.0,0
2021-06-24 10:23:27,18271.6,0
2021-06-24 10:23:40,18270.0,0
2021-06-24 10:23:41,18269.7,0
2021-06-24 10:23:43,18269.5,0
2021-06-24 10:23:51,18271.35,0
2021-06-24 10:23:53,18271.85,0
2021-06-24 10:24:03,18271.75,0
2021-06-24 10:24:08,18269.3,0
2021-06-24 10:24:14,18273.7,0
2021-06-24 10:24:20,18270.2,0
2021-06-24 10:24:24,18272.2,0
2021-06-24 10:24:28,18272.85,0
2021-06-24 10:24:36,18271.1,0
2021-06-24 10:24:40,18272.15,0
2021-06-24 10:24:44,18273.3,0
2021-06-24 10:24:46,18269.95,0
2021-06-24 10:24:47,18270.65,0
2021-06-24 10:24:48,18270.3,0
2021-06-24 10:24:50,18271.95,0
2021-06-24 10:24:53,18271.8,0
2021-06-24 10:24:58,18275.65,0
2021-06-24 10:25:07,18276.35,0
2021-06-24 10:25:10,18279.9,0
2021-06-24 10:25:13,18279.35,0
2021-06-24 10:25:17,18278.75,0
2021-06-24 10:25:21,18279.7,0
2021-06-24 10:25:25,18277.2,0
2021-06-24 10:25:27,18277.8,0
2021-06-24 10:25:41,18280.35,0
2021-06-24 10:25:45,18280.0,0
2021-06-24 10:25:51,18280.25,0
2021-06-24 10:25:54,18280.1,0
2021-06-24 10:25:55,18279.45,0
2021-06-24 10:25:56,18277.25,0
2021-06-24 10:25:58,18279.5,0
2021-06-24 10:26:01,18278.7,0
2021-06-24 10:26:03,18280.0,0
2021-06-24 10:26:04,18280.7,0
2021-06-24 10:26:09,18282.4,0
2021-06-24 10:26:11,18282.4,0
2021-06-24 10:26:13,18280.45,0
2021-06-24 10:26:17,18282.9,0
2021-06-24 10:26:24,18282.6,0
2021-06-24 10:26:33,18283.0,0
2021-06-24 10:26:34,18283.15,0
2021-06-24 10:26:35,18283.5,0
2021-06-24 10:26:36,18282.6,0
2021-06-24 10:26:38,18283.55,0
2021-06-24 10:26:41,18282.55,0
2021-06-24 10:26:42,18283.2,0
2021-06-24 10:26:43,18282.9,0
2021-06-24 10:26:45,18283.1,0
2021-06-24 10:26:48,18282.75,0
2021-06-24 10:26:49,18282.65,0
2021-06-24 10:27:01,18284.7,0
2021-06-24 10:27:06,18284.4,0
2021-06-24 10:27:11,18286.8,0
2021-06-24 10:27:12,18286.55,0
2021-06-24 10:27:13,18285.55,0
2021-06-24 10:27:15,18283.15,0
2021-06-24 10:27:25,18284.3,0
2021-06-24 10:27:29,18284.9,0
2021-06-24 10:27:31,18287.5,0
2021-06-24 10:27:34,18287.4,0
2021-06-24 10:27:39,18284.95,0
2021-06-24 10:27:41,18287.45,0
2021-06-24 10:27:43,18291.9,0
2021-06-24 10:27:49,18292.05,0
2021-06-24 10:27:51,18290.2,0
2021-06-24 10:27:52,18292.6,0
2021-06-24 10:27:56,18292.5,0
2021-06-24 10:28:05,18300.15,0
2021-06-24 10:28:11,18298.8,0
2021-06-24 10:28:13,18299.95,0
2021-06-24 10:28:16,18299.85,0
2021-06-24 10:28:20,18300.3,0
2021-06-24 10:28:29,18296.5,0
2021-06-24 10:28:35,18297.05,0
2021-06-24 10:28:36,18297.05,0
2021-06-24 10:28:37,18296.65,0
2021-06-24 10:28:39,18297.75,0
2021-06-24 10:28:41,18297.25,0
2021-06-24 10:28:42,18298.05,0
2021-06-24 10:28:43,18297.25,0
2021-06-24 10:28:44,18299.1,0
2021-06-24 10:28:45,18298.1,0
2021-06-24 10:28:49,18298.3,0
2021-06-24 10:28:56,18296.0,0
2021-06-24 10:28:58,18297.0,0
2021-06-24 10:29:03,18296.2,0
2021-06-24 10:29:14,18296.2,0
2021-06-24 10:29:20,18296.15,0
2021-06-24 10:29:21,18297.25,0
2021-06-24 10:29:24,18296.15,0
2021-06-24 10:29:26,18298.25,0
2021-06-24 10:29:27,18296.25,0
2021-06-24 10:29:29,18295.95,0
2021-06-24 10:29:30,18295.95,0
2021-06-24 10:29:33,18295.5,0
2021-06-24 10:29:39,18293.35,0
2021-06-24 10:29:40,18295.1,0
2021-06-24 10:29:41,18296.85,0
2021-06-24 10:29:44,18294.0,0
2021-06-24 10:29:49,18295.25,0
2021-06-24 10:29:59,18291.7,0
2021-06-24 10:30:06,18290.75,0
2021-06-24 10:30:09,18292.55,0
2021-06-24 10:30:14,18292.05,0
2021-06-24 10:30:16,18293.25,0
2021-06-24 10:30:17,18295.15,0
2021-06-24 10:30:18,18293.2,0
2021-06-24 10:30:22,18293.05,0
2021-06-24 10:30:23,18293.95,0
2021-06-24 10:30:24,18294.6,0
2021-06-24 10:30:26,18293.35,0
2021-06-24 10:30:27,18295.9,0
2021-06-24 10:30:31,18293.2,0
2021-06-24 10:30:36,18291.8,0
2021-06-24 10:30:37,18293.8,0
2021-06-24 10:30:40,18292.65,0
2021-06-24 10:30:45,18295.2,0
2021-06-24 10:30:51,18292.45,0
2021-06-24 10:30:52,18292.8,0
2021-06-24 10:30:59,18293.65,0
2021-06-24 10:31:01,18294.8,0
2021-06-24 10:31:04,18292.1,0
2021-06-24 10:31:08,18291.8,0
2021-06-24 10:31:10,18289.85,0
2021-06-24 10:31:13,18291.4,0
2021-06-24 10:31:16,18289.65,0
2021-06-24 10:31:20,18290.1,0
2021-06-24 10:31:21,18291.15,0
2021-06-24 10:31:25,18292.65,0
2021-06-24 10:31:28,18292.75,0
2021-06-24 10:31:29,18290.7,0
2021-06-24 10:31:33,18291.75,0
2021-06-24 10:31:43,18289.45,0
2021-06-24 10:31:50,18287.9,0
2021-06-24 10:31:51,18287.4,0
2021-06-24 10:32:02,18286.85,0
2021-06-24 10:32:07,18284.85,0
2021-06-24 10:32:14,18285.15,0
2021-06-24 10:32:16,18283.35,0
2021-06-24 10:32:18,18281.1,0
2021-06-24 10:32:28,18279.25,0
2021-06-24 10:32:32,18277.75,0
2021-06-24 10:32:33,18277.9,0
2021-06-24 10:32:44,18278.5,0
2021-06-24 10:32:50,18278.9,0
2021-06-24 10:32:56,18277.85,0
2021-06-24 10:32:58,18277.7,0
2021-06-24 10:33:03,18278.55,0
2021-06-24 10:33:06,18277.55,0
2021-06-24 10:33:07,18277.55,0
2021-06-24 10:33:08,18277.85,0
2021-06-24 10:33:09,18277.9,0
2021-06-24 10:33:13,18276.3,0
2021-06-24 10:33:15,18278.15,0
2021-06-24 10:33:21,18277.7,0
2021-06-24 10:33:36,18274.6,0
2021-06-24 10:33:40,18274.05,0
2021-06-24 10:33:41,18272.65,0
2021-06-24 10:33:43,18275.35,0
2021-06-24 10:33:46,18272.75,0
2021-06-24 10:33:49,18272.7,0
2021-06-24 10:33:50,18274.6,0
2021-06-24 10:34:08,18271.2,0
2021-06-24 10:34:10,18273.6,0
2021-06-24 10:34:13,18272.25,0
2021-06-24 10:34:15,18274.0,0
2021-06-24 10:34:17,18270.4,0
2021-06-24 10:34:18,18270.15,0
2021-06-24 10:34:25,18269.4,0
2021-06-24 10:34:26,18268.15,0
2021-06-24 10:34:29,18270.6,0
2021-06-24 10:34:36,18269.9,0
2021-06-24 10:34:40,18271.55,0
2021-06-24 10:34:46,18274.3,0
2021-06-24 10:34:48,18273.0,0
2021-06-24 10:34:58,18272.4,0
2021-06-24 10:35:03,18273.05,0
2021-06-24 10:35:05,18271.3,0
2021-06-24 10:35:10,18276.05,0
2021-06-24 10:35:16,18272.45,0
2021-06-24 10:35:17,18273.1,0
2021-06-24 10:35:21,18274.8,0
2021-06-24 10:35:26,18271.55,0
2021-06-24 10:35:34,18273.8,0
2021-06-24 10:35:39,18269.35,0
2021-06-24 10:35:41,18269.15,0
2021-06-24 10:35:42,18270.1,0
2021-06-24 10:35:45,18269.2,0
2021-06-24 10:35:46,18270.3,0
2021-06-24 10:35:52,18269.1,0
2021-06-24 10:35:53,18270.45,0
2021-06-24 10:36:07,18272.45,0
2021-06-24 10:36:08,18273.95,0
2021-06-24 10:36:09,18272.7,0
2021-06-24 10:36:11,18275.0,0
2021-06-24 10:36:12,18272.1,0
2021-06-24 10:36:15,18274.8,0
2021-06-24 10:36:16,18274.55,0
2021-06-24 10:36:18,18276.5,0
2021-06-24 10:36:22,18275.95,0
2021-06-24 10:36:32,18276.25,0
2021-06-24 10:36:45,18277.0,0
2021-06-24 10:36:48,18275.9,0
2021-06-24 10:36:50,18276.9,0
2021-06-24 10:36:52,18278.5,0
2021-06-24 10:36:53,18276.9,0
2021-06-24 10:36:54,18279.6,0
2021-06-24 10:36:56,18275.2,0
2021-06-24 10:36:57,18276.7,0
2021-06-24 10:37:05,18278.6,0
2021-06-24 10:37:07,18276.95,0
2021-06-24 10:37:08,18275.2,0
2021-06-24 10:37:13,18278.2,0
2021-06-24 10:37:14,18278.8,0
2021-06-24 10:37:17,18277.1,0
2021-06-24 10:37:19,18277.45,0
2021-06-24 10:37:22,18281.1,0
2021-06-24 10:37:35,18275.9,0
2021-06-24 10:37:37,18279.45,0
2021-06-24 10:37:40,18275.85,0
2021-06-24 10:37:44,18280.45,0
2021-06-24 10:37:45,18278.2,0
2021-06-24 10:37:50,18278.45,0
2021-06-24 10:37:54,18281.85,0
2021-06-24 10:38:02,18278.3,0
2021-06-24 10:38:04,18278.45,0
2021-06-24 10:38:07,18276.5,0
2021-06-24 10:38:11,18277.1,0
2021-06-24 10:38:12,18277.75,0
2021-06-24 10:38:13,18277.85,0
2021-06-24 10:38:14,18278.65,0
2021-06-24 10:38:15,18276.95,0
2021-06-24 10:38:18,18278.4,0
2021-06-24 10:38:23,18277.05,0
2021-06-24 10:38:25,18278.5,0
2021-06-24 10:38:31,18278.8,0
2021-06-24 10:38:35,18276.85,0
2021-06-24 10:38:36,18276.45,0
2021-06-24 10:38:37,18277.15,0
2021-06-24 10:38:39,18278.45,0
2021-06-24 10:38:41,18279.5,0
2021-06-24 10:38:45,18276.9,0
2021-06-24 10:38:47,18278.85,0
2021-06-24 10:38:50,18277.35,0
2021-06-24 10:38:54,18276.8,0
2021-06-24 10:38:57,18276.5,0
2021-06-24 10:38:58,18279.15,0
2021-06-24 10:38:59,18277.6,0
2021-06-24 10:39:00,18277.5,0
2021-06-24 10:39:01,18276.7,0
2021-06-24 10:39:02,18277.95,0
2021-06-24 10:39:03,18279.9,0
2021-06-24 10:39:11,18279.4,0
2021-06-24 10:39:19,18278.3,0
2021-06-24 10:39:21,18281.1,0
2021-06-24 10:39:24,18281.95,0
2021-06-24 10:39:27,18279.75,0
2021-06-24 10:39:33,18283.25,0
2021-06-24 10:39:34,18281.85,0
2021-06-24 10:39:40,18279.0,0
2021-06-24 10:39:41,18277.7,0
2021-06-24 10:39:42,18280.6,0
2021-06-24 10:39:43,18280.1,0
2021-06-24 10:39:49,18279.1,0
2021-06-24 10:39:58,18279.35,0
2021-06-24 10:40:00,18278.35,0
2021-06-24 10:40:03,18281.05,0
2021-06-24 10:40:04,18278.35,0
2021-06-24 10:40:07,18280.75,0
2021-06-24 10:40:08,18280.55,0
2021-06-24 10:40:09,18279.3,0
2021-06-24 10:40:16,18278.75,0
2021-06-24 10:40:19,18282.4,0
2021-06-24 10:40:21,18280.25,0
2021-06-24 10:40:30,18282.55,0
2021-06-24 10:40:35,18281.85,0
2021-06-24 10:40:42,18284.75,0
2021-06-24 10:40:44,18286.9,0
2021-06-24 10:40:45,18283.8,0
2021-06-24 10:40:57,18286.6,0
2021-06-24 10:40:59,18286.7,0
2021-06-24 10:41:09,18286.75,0
2021-06-24 10:41:10,18284.0,0
2021-06-24 10:41:11,18284.9,0
2021-06-24 10:41:16,18284.6,0
2021-06-24 10:41:18,18287.4,0
2021-06-24 10:41:20,18286.5,0
2021-06-24 10:41:21,18286.2,0
2021-06-24 10:41:23,18284.45,0
2021-06-24 10:41:27,18280.1,0
2021-06-24 10:41:29,18282.8,0
2021-06-24 10:41:30,18282.2,0
2021-06-24 10:41:32,18281.65,0
2021-06-24 10:41:36,18281.2,0
2021-06-24 10:41:38,18284.5,0
2021-06-24 10:41:42,18284.45,0
2021-06-24 10:41:56,18284.95,0
2021-06-24 10:41:57,18284.85,0
2021-06-24 10:41:59,18282.65,0
2021-06-24 10:42:01,18283.0,0
2021-06-24 10:42:02,18283.3,0
2021-06-24 10:42:09,18285.8,0
2021-06-24 10:42:14,18283.2,0
2021-06-24 10:42:18,18282.85,0
2021-06-24 10:42:21,18283.55,0
2021-06-24 10:42:35,18283.95,0
2021-06-24 10:42:43,18277.5,0
2021-06-24 10:42:47,18280.4,0
2021-06-24 10:42:48,18280.45,0
2021-06-24 10:42:49,18280.55,0
2021-06-24 10:42:51,18278.1,0
2021-06-24 10:42:52,18280.05,0
2021-06-24 10:43:00,18280.85,0
2021-06-24 10:43:02,18280.2,0
2021-06-24 10:43:03,18282.55,0
2021-06-24 10:43:06,18280.25,0
2021-06-24 10:43:08,18282.1,0
2021-06-24 10:43:10,18282.0,0
2021-06-24 10:43:26,18283.25,0
2021-06-24 10:43:29,18279.15,0
2021-06-24 10:43:40,18281.85,0
2021-06-24 10:43:43,18279.3,0
2021-06-24 10:43:52,18281.55,0
2021-06-24 10:43:58,18278.15,0
2021-06-24 10:44:00,18282.2,0
2021-06-24 10:44:06,18279.25,0
2021-06-24 10:44:11,18280.6,0
2021-06-24 10:44:14,18278.85,0
2021-06-24 10:44:17,18282.15,0
2021-06-24 10:44:24,18281.15,0
2021-06-24 10:44:27,18279.2,0
2021-06-24 10:44:29,18282.4,0
2021-06-24 10:44:36,18281.35,0
2021-06-24 10:44:40,18281.05,0
2021-06-24 10:44:43,18277.9,0
2021-06-24 10:44:45,18274.55,0
2021-06-24 10:44:46,18275.95,0
2021-06-24 10:44:52,18277.4,0
2021-06-24 10:44:56,18278.2,0
2021-06-24 10:45:01,18277.8,0
2021-06-24 10:45:05,18279.75,0
2021-06-24 10:45:10,18277.9,0
2021-06-24 10:45:16,18280.45,0
2021-06-24 10:45:18,18279.45,0
2021-06-24 10:45:19,18280.1,0
2021-06-24 10:45:21,18282.6,0
2021-06-24 10:45:29,18282.15,0
2021-06-24 10:45:32,18279.95,0
2021-06-24 10:45:34,18279.95,0
2021-06-24 10:45:38,18281.65,0
2021-06-24 10:45:43,18280.35,0
2021-06-24 10:45:47,18281.35,0
2021-06-24 10:45:50,18279.2,0
2021-06-24 10:45:56,18278.7,0
2021-06-24 10:45:58,18275.7,0
2021-06-24 10:46:03,18277.3,0
2021-06-24 10:46:05,18276.6,0
2021-06-24 10:46:08,18276.85,0
2021-06-24 10:46:10,18278.15,0
2021-06-24 10:46:11,18278.7,0
2021-06-24 10:46:18,18274.1,0
2021-06-24 10:46:28,18276.7,0
2021-06-24 10:46:30,18279.35,0
2021-06-24 10:46:31,18277.0,0
2021-06-24 10:46:34,18274.75,0
2021-06-24 10:46:35,18275.6,0
2021-06-24 10:46:39,18277.3,0
2021-06-24 10:46:44,18274.35,0
2021-06-24 10:46:45,18275.4,0
2021-06-24 10:46:46,18275.9,0
2021-06-24 10:46:49,18274.4,0
2021-06-24 10:46:54,18273.9,0
2021-06-24 10:47:06,18275.75,0
2021-06-24 10:47:09,18277.6,0
2021-06-24 10:47:13,18274.6,0
2021-06-24 10:47:26,18276.35,0
2021-06-24 10:47:32,18276.25,0
2021-06-24 10:47:34,18272.5,0
2021-06-24 10:47:38,18275.8,0
2021-06-24 10:47:39,18274.55,0
2021-06-24 10:47:41,18275.65,0
2021-06-24 10:47:47,18275.2,0
2021-06-24 10:47:48,18272.65,0
2021-06-24 10:47:53,18272.8,0
2021-06-24 10:47:54,18273.25,0
2021-06-24 10:47:56,18271.2,0
2021-06-24 10:47:57,18273.75,0
2021-06-24 10:47:58,18273.15,0
2021-06-24 10:48:01,18275.3,0
2021-06-24 10:48:19,18267.95,0
2021-06-24 10:48:24,18269.55,0
2021-06-24 10:48:26,18269.25,0
2021-06-24 10:48:32,18263.9,0
2021-06-24 10:48:39,18264.2,0
2021-06-24 10:48:40,18264.5,0
2021-06-24 10:48:41,18265.2,0
2021-06-24 10:48:43,18265.4,0
2021-06-24 10:48:44,18266.55,0
2021-06-24 10:48:54,18267.05,0
2021-06-24 10:48:55,18269.9,0
2021-06-24 10:48:58,18266.85,0
2021-06-24 10:49:11,18268.25,0
2021-06-24 10:49:15,18266.8,0
2021-06-24 10:49:16,18267.6,0
2021-06-24 10:49:23,18269.6,0
2021-06-24 10:49:26,18267.6,0
2021-06-24 10:49:43,18268.4,0
2021-06-24 10:49:45,18266.9,0
2021-06-24 10:49:48,18273.8,0
2021-06-24 10:49:56,18272.0,0
2021-06-24 10:50:01,18272.7,0
2021-06-24 10:50:04,18271.4,0
2021-06-24 10:50:07,18270.65,0
2021-06-24 10:50:13,18272.5,0
2021-06-24 10:50:14,18273.2,0
2021-06-24 10:50:16,18269.6,0
2021-06-24 10:50:18,18272.25,0
2021-06-24 10:50:19,18272.25,0
2021-06-24 10:50:20,18271.65,0
2021-06-24 10:50:27,18270.8,0
2021-06-24 10:50:29,18270.1,0
2021-06-24 10:50:32,18271.95,0
2021-06-24 10:50:35,18268.3,0
2021-06-24 10:50:37,18268.55,0
2021-06-24 10:50:38,18270.65,0
2021-06-24 10:50:39,18271.8,0
2021-06-24 10:50:40,18270.4,0
2021-06-24 10:50:43,18272.35,0
2021-06-24 10:50:47,18272.7,0
2021-06-24 10:50:54,18274.7,0
2021-06-24 10:50:57,18274.4,0
2021-06-24 10:51:00,18271.85,0
2021-06-24 10:51:07,18274.35,0
2021-06-24 10:51:08,18275.75,0
2021-06-24 10:51:13,18270.4,0
2021-06-24 10:51:14,18272.4,0
2021-06-24 10:51:19,18274.9,0
2021-06-24 10:51:22,18276.65,0
2021-06-24 10:51:26,18276.4,0
2021-06-24 10:51:27,18274.65,0
2021-06-24 10:51:28,18272.05,0
2021-06-24 10:51:30,18276.0,0
2021-06-24 10:51:31,18277.15,0
2021-06-24 10:51:32,18275.05,0
2021-06-24 10:51:35,18274.25,0
2021-06-24 10:51:42,18270.65,0
2021-06-24 10:51:43,18270.2,0
2021-06-24 10:51:44,18271.15,0
2021-06-24 10:51:47,18272.2,0
2021-06-24 10:51:50,18272.65,0
2021-06-24 10:51:53,18269.85,0
2021-06-24 10:51:57,18276.0,0
2021-06-24 10:52:02,18276.3,0
2021-06-24 10:52:04,18276.0,0
2021-06-24 10:52:09,18274.4,0
2021-06-24 10:52:17,18275.6,0
2021-06-24 10:52:18,18275.75,0
2021-06-24 10:52:22,18275.3,0
2021-06-24 10:52:23,18276.55,0
2021-06-24 10:52:31,18276.15,0
2021-06-24 10:52:33,18276.2,0
2021-06-24 10:52:37,18275.4,0
2021-06-24 10:52:40,18276.6,0
2021-06-24 10:53:02,18274.25,0
2021-06-24 10:53:03,18275.1,0
2021-06-24 10:53:09,18272.15,0
2021-06-24 10:53:10,18273.9,0
2021-06-24 10:53:17,18273.6,0
2021-06-24 10:53:18,18269.9,0
2021-06-24 10:53:19,18272.4,0
2021-06-24 10:53:20,18273.45,0
2021-06-24 10:53:21,18271.35,0
2021-06-24 10:53:25,18267.85,0
2021-06-24 10:53:49,18267.3,0
2021-06-24 10:53:53,18265.4,0
2021-06-24 10:53:59,18267.2,0
2021-06-24 10:54:02,18265.7,0
2021-06-24 10:54:04,18267.05,0
2021-06-24 10:54:05,18265.45,0
2021-06-24 10:54:15,18266.25,0
2021-06-24 10:54:16,18269.05,0
2021-06-24 10:54:23,18266.0,0
2021-06-24 10:54:24,18268.15,0
2021-06-24 10:54:26,18266.6,0
2021-06-24 10:54:33,18268.15,0
2021-06-24 10:54:35,18266.6,0
2021-06-24 10:54:36,18266.95,0
2021-06-24 10:54:42,18268.6,0
2021-06-24 10:54:43,18265.75,0
2021-06-24 10:54:55,18267.85,0
2021-06-24 10:54:56,18268.75,0
2021-06-24 10:55:02,18268.55,0
2021-06-24 10:55:08,18267.85,0
2021-06-24 10:55:10,18267.3,0
2021-06-24 10:55:17,18266.4,0
2021-06-24 10:55:23,18268.45,0
2021-06-24 10:55:25,18268.85,0
2021-06-24 10:55:37,18265.35,0
2021-06-24 10:55:44,18269.3,0
2021-06-24 10:55:46,18266.05,0
2021-06-24 10:55:54,18268.9,0
2021-06-24 10:56:03,18268.65,0
2021-06-24 10:56:04,18270.65,0
2021-06-24 10:56:09,18269.25,0
2021-06-24 10:56:14,18267.3,0
2021-06-24 10:56:16,18266.35,0
2021-06-24 10:56:17,18268.45,0
2021-06-24 10:56:21,18268.1,0
2021-06-24 10:56:22,18267.75,0
2021-06-24 10:56:25,18267.5,0
2021-06-24 10:56:30,18266.55,0
2021-06-24 10:56:32,18267.05,0
2021-06-24 10:56:46,18266.9,0
2021-06-24 10:56:50,18268.2,0
2021-06-24 10:56:52,18266.35,0
2021-06-24 10:56:54,18266.7,0
2021-06-24 10:56:55,18266.2,0
2021-06-24 10:56:56,18264.55,0
2021-06-24 10:56:57,18265.45,0
2021-06-24 10:56:58,18264.3,0
2021-06-24 10:57:00,18265.85,0
2021-06-24 10:57:03,18265.6,0
2021-06-24 10:57:09,18264.35,0
2021-06-24 10:57:14,18263.85,0
2021-06-24 10:57:24,18263.3,0
2021-06-24 10:57:25,18262.8,0
2021-06-24 10:57:35,18264.5,0
2021-06-24 10:57:38,18264.75,0
2021-06-24 10:57:40,18262.7,0
2021-06-24 10:57:46,18264.6,0
2021-06-24 10:57:49,18264.05,0
2021-06-24 10:57:56,18263.1,0
2021-06-24 10:58:02,18263.95,0
2021-06-24 10:58:09,18265.4,0
2021-06-24 10:58:11,18266.0,0
2021-06-24 10:58:16,18265.6,0
2021-06-24 10:58:17,18267.55,0
2021-06-24 10:58:18,18266.95,0
2021-06-24 10:58:19,18268.5,0
2021-06-24 10:58:21,18263.05,0
2021-06-24 10:58:33,18265.4,0
2021-06-24 10:58:42,18266.85,0
2021-06-24 10:58:44,18268.65,0
2021-06-24 10:58:49,18264.2,0
2021-06-24 10:58:52,18266.2,0
2021-06-24 10:59:04,18265.95,0
2021-06-24 10:59:06,18266.3,0
2021-06-24 10:59:11,18268.9,0
2021-06-24 10:59:16,18267.25,0
2021-06-24 10:59:22,18266.7,0
2021-06-24 10:59:23,18266.55,0
2021-06-24 10:59:24,18269.3,0
2021-06-24 10:59:25,18266.9,0
2021-06-24 10:59:30,18266.45,0
2021-06-24 10:59:32,18269.35,0
2021-06-24 10:59:33,18267.3,0
2021-06-24 10:59:35,18267.5,0
2021-06-24 10:59:40,18267.6,0
2021-06-24 10:59:43,18265.75,0
2021-06-24 10:59:46,18266.35,0
2021-06-24 10:59:54,18271.7,0
2021-06-24 10:59:55,18271.25,0
2021-06-24 10:59:57,18272.2,0
2021-06-24 10:59:58,18269.45,0
2021-06-24 11:00:02,18271.0,0
2021-06-24 11:00:03,18271.8,0
2021-06-24 11:00:05,18270.7,0
2021-06-24 11:00:06,18268.5,0
2021-06-24 11:00:08,18267.7,0
2021-06-24 11:00:09,18270.0,0
2021-06-24 11:00:14,18274.9,0
2021-06-24 11:00:15,18273.35,0
2021-06-24 11:00:16,18271.6,0
2021-06-24 11:00:28,18278.2,0
2021-06-24 11:00:34,18274.0,0
2021-06-24 11:00:35,18274.8,0
2021-06-24 11:00:38,18272.35,0
2021-06-24 11:00:43,18272.2,0
2021-06-24 11:00:51,18273.35,0
2021-06-24 11:00:54,18272.95,0
2021-06-24 11:01:03,18272.3,0
2021-06-24 11:01:04,18273.3,0
2021-06-24 11:01:11,18273.9,0
2021-06-24 11:01:14,18273.45,0
2021-06-24 11:01:16,18277.05,0
2021-06-24 11:01:23,18273.75,0
2021-06-24 11:01:24,18274.2,0
2021-06-24 11:01:32,18271.65,0
2021-06-24 11:01:38,18273.7,0
2021-06-24 11:01:40,18274.3,0
2021-06-24 11:01:51,18271.35,0
2021-06-24 11:01:53,18272.5,0
2021-06-24 11:02:01,18272.65,0
2021-06-24 11:02:04,18273.65,0
2021-06-24 11:02:05,18275.8,0
2021-06-24 11:02:06,18271.85,0
2021-06-24 11:02:09,18275.15,0
2021-06-24 11:02:12,18274.05,0
2021-06-24 11:02:18,18274.15,0
2021-06-24 11:02:20,18275.5,0
2021-06-24 11:02:24,18272.9,0
2021-06-24 11:02:27,18273.95,0
2021-06-24 11:02:30,18273.85,0
2021-06-24 11:02:34,18270.4,0
2021-06-24 11:02:36,18274.25,0
2021-06-24 11:02:38,18273.8,0
2021-06-24 11:02:41,18270.85,0
2021-06-24 11:02:49,18272.3,0
2021-06-24 11:02:52,18273.5,0
2021-06-24 11:02:57,18271.25,0
2021-06-24 11:02:59,18269.45,0
2021-06-24 11:03:01,18271.2,0
2021-06-24 11:03:06,18271.55,0
2021-06-24 11:03:07,18270.4,0
2021-06-24 11:03:10,18267.3,0
2021-06-24 11:03:28,18275.1,0
2021-06-24 11:03:29,18274.2,0
2021-06-24 11:03:36,18274.95,0
2021-06-24 11:03:37,18274.8,0
2021-06-24 11:03:39,18275.8,0
2021-06-24 11:03:40,18275.45,0
2021-06-24 11:03:50,18270.85,0
2021-06-24 11:03:51,18272.9,0
2021-06-24 11:03:53,18276.05,0
2021-06-24 11:03:58,18272.15,0
2021-06-24 11:04:01,18273.95,0
2021-06-24 11:04:02,18274.75,0
2021-06-24 11:04:04,18276.6,0
2021-06-24 11:04:05,18275.8,0
2021-06-24 11:04:10,18273.75,0
2021-06-24 11:04:15,18275.65,0
2021-06-24 11:04:20,18274.3,0
2021-06-24 11:04:23,18271.55,0
2021-06-24 11:04:27,18273.3,0
2021-06-24 11:04:49,18272.6,0
2021-06-24 11:04:57,18271.7,0
2021-06-24 11:04:59,18270.45,0
2021-06-24 11:05:05,18271.45,0
2021-06-24 11:05:07,18274.0,0
2021-06-24 11:05:16,18272.25,0
2021-06-24 11:05:19,18272.0,0
2021-06-24 11:05:21,18273.4,0
2021-06-24 11:05:22,18270.65,0
2021-06-24 11:05:25,18273.55,0
2021-06-24 11:05:30,18272.25,0
2021-06-24 11:05:33,18271.25,0
2021-06-24 11:05:35,18272.1,0
2021-06-24 11:05:36,18270.45,0
2021-06-24 11:05:37,18270.15,0
2021-06-24 11:05:38,18269.0,0
2021-06-24 11:05:39,18271.25,0
2021-06-24 11:05:44,18268.85,0
2021-06-24 11:05:59,18268.25,0
2021-06-24 11:06:00,18268.65,0
2021-06-24 11:06:04,18269.65,0
2021-06-24 11:06:07,18269.8,0
2021-06-24 11:06:13,18269.35,0
2021-06-24 11:06:15,18270.0,0
2021-06-24 11:06:21,18270.25,0
2021-06-24 11:06:29,18272.55,0
2021-06-24 11:06:34,18272.1,0
2021-06-24 11:06:46,18270.05,0
2021-06-24 11:06:49,18269.5,0
2021-06-24 11:06:53,18270.55,0
2021-06-24 11:06:54,18270.7,0
2021-06-24 11:06:56,18269.75,0
2021-06-24 11:07:01,18267.85,0
2021-06-24 11:07:12,18269.4,0
2021-06-24 11:07:16,18268.85,0
2021-06-24 11:07:17,18269.25,0
2021-06-24 11:07:19,18269.0,0
2021-06-24 11:07:21,18270.75,0
2021-06-24 11:07:23,18270.7,0
2021-06-24 11:07:24,18268.9,0
2021-06-24 11:07:28,18265.6,0
2021-06-24 11:07:34,18268.3,0
2021-06-24 11:07:36,18270.05,0
2021-06-24 11:07:44,18269.7,0
2021-06-24 11:07:46,18269.95,0
2021-06-24 11:07:55,18271.25,0
2021-06-24 11:07:56,18271.15,0
2021-06-24 11:07:59,18270.4,0
2021-06-24 11:08:02,18269.65,0
2021-06-24 11:08:04,18271.6,0
2021-06-24 11:08:07,18271.5,0
2021-06-24 11:08:15,18270.2,0
2021-06-24 11:08:21,18272.3,0
2021-06-24 11:08:25,18272.7,0
2021-06-24 11:08:31,18272.65,0
2021-06-24 11:08:32,18268.8,0
2021-06-24 11:08:33,18268.9,0
2021-06-24 11:08:35,18269.9,0
2021-06-24 11:08:36,18268.75,0
2021-06-24 11:08:38,18272.1,0
2021-06-24 11:08:51,18271.6,0
2021-06-24 11:08:52,18269.6,0
2021-06-24 11:08:53,18270.9,0
2021-06-24 11:08:54,18268.45,0
2021-06-24 11:08:56,18269.7,0
2021-06-24 11:09:02,18271.25,0
2021-06-24 11:09:03,18271.8,0
2021-06-24 11:09:08,18272.15,0
2021-06-24 11:09:17,18272.65,0
2021-06-24 11:09:18,18269.3,0
2021-06-24 11:09:21,18272.6,0
2021-06-24 11:09:27,18270.0,0
2021-06-24 11:09:33,18270.55,0
2021-06-24 11:09:41,18271.8,0
2021-06-24 11:09:44,18271.85,0
2021-06-24 11:09:48,18272.4,0
2021-06-24 11:09:50,18270.6,0
2021-06-24 11:09:52,18272.0,0
2021-06-24 11:09:54,18271.55,0
2021-06-24 11:09:55,18271.75,0
2021-06-24 11:09:57,18273.2,0
2021-06-24 11:09:58,18272.7,0
2021-06-24 11:10:00,18271.75,0
2021-06-24 11:10:06,18269.6,0
2021-06-24 11:10:13,18273.0,0
2021-06-24 11:10:14,18275.85,0
2021-06-24 11:10:15,18273.3,0
2021-06-24 11:10:18,18276.0,0
2021-06-24 11:10:19,18275.0,0
2021-06-24 11:10:20,18272.85,0
2021-06-24 11:10:21,18273.95,0
2021-06-24 11:10:29,18272.4,0
2021-06-24 11:10:42,18272.35,0
2021-06-24 11:10:47,18270.95,0
2021-06-24 11:10:49,18269.95,0
2021-06-24 11:10:57,18267.5,0
2021-06-24 11:10:58,18269.85,0
2021-06-24 11:10:59,18268.8,0
2021-06-24 11:11:03,18271.7,0
2021-06-24 11:11:05,18270.25,0
2021-06-24 11:11:11,18269.4,0
2021-06-24 11:11:18,18267.15,0
2021-06-24 11:11:24,18265.9,0
2021-06-24 11:11:26,18267.85,0
2021-06-24 11:11:34,18268.65,0
2021-06-24 11:11:36,18266.8,0
2021-06-24 11:11:44,18265.1,0
2021-06-24 11:11:49,18267.7,0
2021-06-24 11:11:52,18269.45,0
2021-06-24 11:11:53,18268.35,0
2021-06-24 11:11:55,18268.85,0
2021-06-24 11:11:58,18268.0,0
2021-06-24 11:12:12,18266.7,0
2021-06-24 11:12:15,18266.75,0
2021-06-24 11:12:17,18268.05,0
2021-06-24 11:12:19,18268.4,0
2021-06-24 11:12:23,18268.1,0
2021-06-24 11:12:29,18267.35,0
2021-06-24 11:12:30,18268.3,0
2021-06-24 11:12:36,18270.05,0
2021-06-24 11:12:48,18270.75,0
2021-06-24 11:12:51,18272.15,0
2021-06-24 11:12:53,18268.95,0
2021-06-24 11:12:58,18272.3,0
2021-06-24 11:13:02,18272.1,0
2021-06-24 11:13:03,18271.45,0
2021-06-24 11:13:04,18271.4,0
2021-06-24 11:13:05,18271.5,0
2021-06-24 11:13:08,18271.45,0
2021-06-24 11:13:10,18272.6,0
2021-06-24 11:13:15,18272.1,0
2021-06-24 11:13:16,18268.75,0
2021-06-24 11:13:26,18270.1,0
2021-06-24 11:13:28,18271.55,0
2021-06-24 11:13:29,18271.25,0
2021-06-24 11:13:33,18272.7,0
2021-06-24 11:13:43,18272.15,0
2021-06-24 11:13:49,18269.3,0
2021-06-24 11:13:50,18271.75,0
2021-06-24 11:13:55,18272.35,0
2021-06-24 11:13:56,18272.3,0
2021-06-24 11:14:05,18271.5,0
2021-06-24 11:14:10,18272.3,0
2021-06-24 11:14:11,18269.2,0
2021-06-24 11:14:12,18271.5,0
2021-06-24 11:14:13,18270.7,0
2021-06-24 11:14:17,18270.1,0
2021-06-24 11:14:19,18270.8,0
2021-06-24 11:14:23,18272.45,0
2021-06-24 11:14:25,18272.55,0
2021-06-24 11:14:29,18272.05,0
2021-06-24 11:14:30,18272.25,0
2021-06-24 11:14:32,18269.8,0
2021-06-24 11:14:35,18269.5,0
2021-06-24 11:14:38,18266.65,0
2021-06-24 11:14:45,18266.85,0
2021-06-24 11:14:54,18271.0,0
2021-06-24 11:14:56,18270.95,0
2021-06-24 11:15:04,18269.45,0
2021-06-24 11:15:06,18271.65,0
2021-06-24 11:15:08,18269.9,0
2021-06-24 11:15:11,18272.4,0
2021-06-24 11:15:22,18270.65,0
2021-06-24 11:15:26,18272.15,0
2021-06-24 11:15:27,18272.25,0
2021-06-24 11:15:28,18271.1,0
2021-06-24 11:15:30,18271.3,0
2021-06-24 11:15:31,18270.45,0
2021-06-24 11:15:37,18271.55,0
2021-06-24 11:15:38,18269.05,0
2021-06-24 11:15:45,18272.25,0
2021-06-24 11:15:46,18269.05,0
2021-06-24 11:15:54,18270.8,0
2021-06-24 11:15:57,18268.55,0
2021-06-24 11:16:08,18270.6,0
2021-06-24 11:16:12,18270.45,0
2021-06-24 11:16:14,18268.9,0
2021-06-24 11:16:15,18269.55,0
2021-06-24 11:16:16,18268.45,0
2021-06-24 11:16:23,18268.35,0
2021-06-24 11:16:31,18270.2,0
2021-06-24 11:16:34,18270.3,0
2021-06-24 11:16:35,18270.3,0
2021-06-24 11:16:43,18268.95,0
2021-06-24 11:16:46,18269.95,0
2021-06-24 11:16:51,18270.8,0
2021-06-24 11:16:58,18269.3,0
2021-06-24 11:17:02,18266.85,0
2021-06-24 11:17:07,18265.75,0
2021-06-24 11:17:14,18267.2,0
2021-06-24 11:17:15,18265.0,0
2021-06-24 11:17:17,18266.2,0
2021-06-24 11:17:18,18267.6,0
2021-06-24 11:17:25,18268.3,0
2021-06-24 11:17:27,18266.9,0
2021-06-24 11:17:28,18267.1,0
2021-06-24 11:17:31,18268.05,0
2021-06-24 11:17:33,18268.45,0
2021-06-24 11:17:34,18268.0,0
2021-06-24 11:17:48,18266.1,0
2021-06-24 11:17:49,18266.75,0
2021-06-24 11:17:53,18267.8,0
2021-06-24 11:17:56,18267.0,0
2021-06-24 11:17:57,18266.05,0
2021-06-24 11:18:04,18265.45,0
2021-06-24 11:18:23,18265.55,0
2021-06-24 11:18:26,18266.65,0
2021-06-24 11:18:27,18267.1,0
2021-06-24 11:18:29,18265.65,0
2021-06-24 11:18:37,18265.1,0
2021-06-24 11:18:40,18263.3,0
2021-06-24 11:18:48,18263.4,0
2021-06-24 11:18:49,18256.8,0
2021-06-24 11:18:54,18261.8,0
2021-06-24 11:18:57,18260.25,0
2021-06-24 11:19:09,18263.3,0
2021-06-24 11:19:13,18263.3,0
2021-06-24 11:19:17,18263.0,0
2021-06-24 11:19:34,18263.6,0
2021-06-24 11:19:43,18262.9,0
2021-06-24 11:19:50,18264.95,0
2021-06-24 11:19:54,18264.25,0
2021-06-24 11:19:56,18263.3,0
2021-06-24 11:19:57,18263.75,0
2021-06-24 11:19:58,18264.05,0
2021-06-24 11:20:01,18265.85,0
2021-06-24 11:20:02,18266.6,0
2021-06-24 11:20:03,18264.95,0
2021-06-24 11:20:04,18267.05,0
2021-06-24 11:20:06,18267.4,0
2021-06-24 11:20:07,18266.35,0
2021-06-24 11:20:09,18267.85,0
2021-06-24 11:20:11,18268.6,0
2021-06-24 11:20:24,18266.6,0
2021-06-24 11:20:28,18267.2,0
2021-06-24 11:20:32,18268.85,0
2021-06-24 11:20:40,18265.55,0
2021-06-24 11:20:48,18263.2,0
2021-06-24 11:20:51,18264.75,0
2021-06-24 11:20:52,18264.3,0
2021-06-24 11:20:55,18265.85,0
2021-06-24 11:21:00,18262.9,0
2021-06-24 11:21:01,18261.45,0
2021-06-24 11:21:02,18261.45,0
2021-06-24 11:21:11,18263.55,0
2021-06-24 11:21:12,18262.8,0
2021-06-24 11:21:13,18262.8,0
2021-06-24 11:21:28,18262.6,0
2021-06-24 11:21:29,18263.55,0
2021-06-24 11:21:33,18264.3,0
2021-06-24 11:21:34,18264.35,0
2021-06-24 11:21:43,18263.7,0
2021-06-24 11:21:45,18264.35,0
2021-06-24 11:21:46,18263.5,0
2021-06-24 11:21:48,18262.1,0
2021-06-24 11:21:52,18261.6,0
2021-06-24 11:21:55,18263.45,0
2021-06-24 11:21:56,18264.05,0
2021-06-24 11:21:57,18262.15,0
2021-06-24 11:22:00,18263.8,0
2021-06-24 11:22:01,18262.15,0
2021-06-24 11:22:02,18264.3,0
2021-06-24 11:22:03,18264.0,0
2021-06-24 11:22:06,18263.9,0
2021-06-24 11:22:09,18264.1,0
2021-06-24 11:22:10,18264.05,0
2021-06-24 11:22:11,18263.35,0
2021-06-24 11:22:13,18264.5,0
2021-06-24 11:22:19,18263.65,0
2021-06-24 11:22:23,18262.95,0
2021-06-24 11:22:28,18263.5,0
2021-06-24 11:22:29,18263.75,0
2021-06-24 11:22:30,18263.9,0
2021-06-24 11:22:33,18264.7,0
2021-06-24 11:22:41,18265.55,0
2021-06-24 11:22:47,18264.6,0
2021-06-24 11:22:48,18266.05,0
2021-06-24 11:22:49,18265.55,0
2021-06-24 11:22:53,18264.05,0
2021-06-24 11:22:54,18263.7,0
2021-06-24 11:22:59,18266.05,0
2021-06-24 11:23:01,18266.05,0
2021-06-24 11:23:02,18266.95,0
2021-06-24 11:23:07,18264.65,0
2021-06-24 11:23:08,18264.9,0
2021-06-24 11:23:15,18265.8,0
2021-06-24 11:23:23,18262.35,0
2021-06-24 11:23:47,18266.1,0
2021-06-24 11:23:50,18266.5,0
2021-06-24 11:23:53,18267.65,0
2021-06-24 11:24:06,18268.1,0
2021-06-24 11:24:08,18267.0,0
2021-06-24 11:24:10,18268.3,0
2021-06-24 11:24:11,18268.05,0
2021-06-24 11:24:16,18266.85,0
2021-06-24 11:24:20,18266.85,0
2021-06-24 11:24:26,18267.3,0
2021-06-24 11:24:29,18266.95,0
2021-06-24 11:24:33,18267.15,0
2021-06-24 11:24:42,18265.0,0
2021-06-24 11:24:43,18264.2,0
2021-06-24 11:24:48,18263.15,0
2021-06-24 11:24:50,18265.45,0
2021-06-24 11:24:51,18263.65,0
2021-06-24 11:24:52,18267.2,0
2021-06-24 11:24:55,18263.0,0
2021-06-24 11:24:59,18265.75,0
2021-06-24 11:25:05,18265.9,0
2021-06-24 11:25:07,18263.6,0
2021-06-24 11:25:13,18266.8,0
2021-06-24 11:25:24,18265.2,0
2021-06-24 11:25:25,18264.45,0
2021-06-24 11:25:29,18265.45,0
2021-06-24 11:25:30,18265.25,0
2021-06-24 11:25:32,18262.9,0
2021-06-24 11:25:35,18262.5,0
2021-06-24 11:25:36,18264.1,0
2021-06-24 11:25:37,18265.85,0
2021-06-24 11:25:42,18264.25,0
2021-06-24 11:25:43,18264.45,0
2021-06-24 11:25:45,18262.5,0
2021-06-24 11:25:49,18265.15,0
2021-06-24 11:26:04,18266.1,0
2021-06-24 11:26:05,18264.95,0
2021-06-24 11:26:06,18264.2,0
2021-06-24 11:26:17,18264.55,0
2021-06-24 11:26:21,18268.1,0
2021-06-24 11:26:33,18266.0,0
2021-06-24 11:26:38,18262.5,0
2021-06-24 11:26:41,18263.7,0
2021-06-24 11:26:42,18263.15,0
2021-06-24 11:26:44,18264.15,0
2021-06-24 11:26:46,18261.75,0
2021-06-24 11:26:50,18263.8,0
2021-06-24 11:26:53,18262.05,0
2021-06-24 11:26:56,18262.55,0
2021-06-24 11:26:58,18261.65,0
2021-06-24 11:27:08,18263.05,0
2021-06-24 11:27:11,18263.25,0
2021-06-24 11:27:14,18262.4,0
2021-06-24 11:27:15,18262.45,0
2021-06-24 11:27:18,18261.9,0
2021-06-24 11:27:19,18262.5,0
2021-06-24 11:27:20,18260.85,0
2021-06-24 11:27:22,18260.5,0
2021-06-24 11:27:25,18261.05,0
2021-06-24 11:27:34,18261.7,0
2021-06-24 11:27:35,18261.65,0
2021-06-24 11:27:36,18262.3,0
2021-06-24 11:27:37,18262.0,0
2021-06-24 11:27:45,18262.55,0
2021-06-24 11:27:49,18262.95,0
2021-06-24 11:27:52,18263.3,0
2021-06-24 11:27:56,18265.4,0
2021-06-24 11:28:03,18265.85,0
2021-06-24 11:28:11,18262.85,0
2021-06-24 11:28:12,18262.65,0
2021-06-24 11:28:15,18262.75,0
2021-06-24 11:28:17,18267.15,0
2021-06-24 11:28:22,18267.3,0
2021-06-24 11:28:24,18265.8,0
2021-06-24 11:28:25,18266.75,0
2021-06-24 11:28:26,18267.95,0
2021-06-24 11:28:29,18269.25,0
2021-06-24 11:28:44,18267.4,0
2021-06-24 11:28:51,18266.7,0
2021-06-24 11:28:57,18268.1,0
2021-06-24 11:29:00,18268.0,0
2021-06-24 11:29:01,18268.35,0
2021-06-24 11:29:04,18269.95,0
2021-06-24 11:29:05,18268.0,0
2021-06-24 11:29:16,18268.15,0
2021-06-24 11:29:17,18268.95,0
2021-06-24 11:29:20,18269.15,0
2021-06-24 11:29:22,18265.85,0
2021-06-24 11:29:23,18264.85,0
2021-06-24 11:29:27,18265.5,0
2021-06-24 11:29:30,18270.3,0
2021-06-24 11:29:37,18270.1,0
2021-06-24 11:29:44,18269.2,0
2021-06-24 11:29:48,18268.25,0
2021-06-24 11:29:49,18267.05,0
2021-06-24 11:29:52,18268.0,0
2021-06-24 11:29:56,18267.95,0
2021-06-24 11:29:59,18268.25,0
2021-06-24 11:30:06,18268.4,0
2021-06-24 11:30:09,18267.75,0
2021-06-24 11:30:17,18266.65,0
2021-06-24 11:30:19,18264.95,0
2021-06-24 11:30:20,18268.05,0
2021-06-24 11:30:35,18265.85,0
2021-06-24 11:30:40,18267.1,0
2021-06-24 11:30:46,18265.85,0
2021-06-24 11:30:48,18264.4,0
2021-06-24 11:30:50,18263.55,0
2021-06-24 11:30:55,18263.3,0
2021-06-24 11:31:04,18259.3,0
2021-06-24 11:31:10,18261.2,0
2021-06-24 11:31:11,18261.7,0
2021-06-24 11:31:17,18261.25,0
2021-06-24 11:31:20,18262.95,0
2021-06-24 11:31:21,18260.9,0
2021-06-24 11:31:23,18261.95,0
2021-06-24 11:31:25,18261.8,0
2021-06-24 11:31:26,18263.15,0
2021-06-24 11:31:34,18262.6,0
2021-06-24 11:31:48,18261.15,0
2021-06-24 11:31:50,18261.1,0
2021-06-24 11:31:54,18255.0,0
2021-06-24 11:31:57,18255.55,0
2021-06-24 11:32:03,18254.85,0
2021-06-24 11:32:04,18256.95,0
2021-06-24 11:32:05,18253.2,0
2021-06-24 11:32:06,18255.65,0
2021-06-24 11:32:08,18256.5,0
2021-06-24 11:32:18,18255.25,0
2021-06-24 11:32:19,18254.75,0
2021-06-24 11:32:25,18254.05,0
2021-06-24 11:32:27,18254.7,0
2021-06-24 11:32:30,18253.6,0
2021-06-24 11:32:34,18252.2,0
2021-06-24 11:32:36,18251.5,0
2021-06-24 11:32:43,18245.75,0
2021-06-24 11:32:45,18245.5,0
2021-06-24 11:32:51,18244.1,0
2021-06-24 11:32:55,18244.95,0
2021-06-24 11:33:02,18244.25,0
2021-06-24 11:33:03,18245.1,0
2021-06-24 11:33:07,18246.25,0
2021-06-24 11:33:08,18246.4,0
2021-06-24 11:33:10,18246.7,0
2021-06-24 11:33:12,18246.45,0
2021-06-24 11:33:13,18246.7,0
2021-06-24 11:33:19,18246.25,0
2021-06-24 11:33:24,18245.7,0
2021-06-24 11:33:28,18246.95,0
2021-06-24 11:33:35,18245.55,0
2021-06-24 11:33:38,18243.8,0
2021-06-24 11:33:41,18244.45,0
2021-06-24 11:33:53,18242.8,0
2021-06-24 11:33:57,18240.7,0
2021-06-24 11:33:58,18240.7,0
2021-06-24 11:34:00,18242.55,0
2021-06-24 11:34:01,18243.9,0
2021-06-24 11:34:02,18242.5,0
2021-06-24 11:34:07,18245.0,0
2021-06-24 11:34:08,18241.9,0
2021-06-24 11:34:10,18244.05,0
2021-06-24 11:34:16,18244.1,0
2021-06-24 11:34:20,18245.25,0
2021-06-24 11:34:22,18243.95,0
2021-06-24 11:34:23,18244.2,0
2021-06-24 11:34:27,18241.5,0
2021-06-24 11:34:28,18242.05,0
2021-06-24 11:34:29,18240.65,0
2021-06-24 11:34:30,18242.15,0
2021-06-24 11:34:32,18241.25,0
2021-06-24 11:34:38,18243.2,0
2021-06-24 11:34:39,18242.65,0
2021-06-24 11:34:42,18241.2,0
2021-06-24 11:34:43,18242.1,0
2021-06-24 11:34:54,18244.55,0
2021-06-24 11:34:56,18243.15,0
2021-06-24 11:35:02,18241.4,0
2021-06-24 11:35:05,18241.55,0
2021-06-24 11:35:06,18241.8,0
2021-06-24 11:35:07,18241.65,0
2021-06-24 11:35:08,18241.65,0
2021-06-24 11:35:11,18243.55,0
2021-06-24 11:35:15,18242.9,0
2021-06-24 11:35:21,18252.25,0
2021-06-24 11:35:25,18253.35,0
2021-06-24 11:35:32,18254.1,0
2021-06-24 11:35:33,18254.0,0
2021-06-24 11:35:35,18248.5,0
2021-06-24 11:35:45,18251.8,0
2021-06-24 11:35:47,18249.9,0
2021-06-24 11:35:49,18250.15,0
2021-06-24 11:35:50,18250.2,0
2021-06-24 11:35:52,18250.6,0
2021-06-24 11:35:54,18249.9,0
2021-06-24 11:35:56,18247.25,0
2021-06-24 11:35:57,18250.95,0
2021-06-24 11:36:04,18251.75,0
2021-06-24 11:36:07,18248.3,0
2021-06-24 11:36:08,18248.05,0
2021-06-24 11:36:25,18248.55,0
2021-06-24 11:36:27,18248.55,0
2021-06-24 11:36:29,18250.35,0
2021-06-24 11:36:31,18250.35,0
2021-06-24 11:36:35,18249.85,0
2021-06-24 11:36:50,18249.2,0
2021-06-24 11:36:51,18249.05,0
2021-06-24 11:36:53,18249.55,0
2021-06-24 11:36:56,18244.55,0
2021-06-24 11:36:59,18248.6,0
2021-06-24 11:37:06,18249.5,0
2021-06-24 11:37:09,18251.05,0
2021-06-24 11:37:12,18249.4,0
2021-06-24 11:37:13,18249.3,0
2021-06-24 11:37:14,18248.0,0
2021-06-24 11:37:15,18248.3,0
2021-06-24 11:37:19,18251.3,0
2021-06-24 11:37:25,18251.9,0
2021-06-24 11:37:29,18249.3,0
2021-06-24 11:37:34,18248.8,0
2021-06-24 11:37:39,18251.75,0
2021-06-24 11:37:43,18251.85,0
2021-06-24 11:37:47,18249.5,0
2021-06-24 11:37:49,18248.8,0
2021-06-24 11:37:51,18251.35,0
2021-06-24 11:38:12,18249.6,0
2021-06-24 11:38:18,18249.15,0
2021-06-24 11:38:19,18251.1,0
2021-06-24 11:38:21,18248.15,0
2021-06-24 11:38:22,18248.4,0
2021-06-24 11:38:25,18248.3,0
2021-06-24 11:38:30,18247.35,0
2021-06-24 11:38:31,18247.25,0
2021-06-24 11:38:35,18245.25,0
2021-06-24 11:38:40,18248.1,0
2021-06-24 11:38:42,18247.8,0
2021-06-24 11:39:00,18246.05,0
2021-06-24 11:39:02,18246.0,0
2021-06-24 11:39:08,18246.0,0
2021-06-24 11:39:17,18236.1,0
2021-06-24 11:39:18,18245.25,0
2021-06-24 11:39:19,18244.75,0
2021-06-24 11:39:23,18245.45,0
2021-06-24 11:39:29,18244.2,0
2021-06-24 11:39:31,18245.4,0
2021-06-24 11:39:33,18242.05,0
2021-06-24 11:39:37,18239.45,0
2021-06-24 11:39:39,18242.2,0
2021-06-24 11:39:41,18242.3,0
2021-06-24 11:39:45,18238.2,0
2021-06-24 11:39:56,18238.4,0
2021-06-24 11:39:58,18240.05,0
2021-06-24 11:39:59,18237.75,0
2021-06-24 11:40:10,18239.6,0
2021-06-24 11:40:14,18239.25,0
2021-06-24 11:40:17,18237.6,0
2021-06-24 11:40:20,18239.5,0
2021-06-24 11:40:25,18238.15,0
2021-06-24 11:40:31,18237.45,0
2021-06-24 11:40:36,18234.0,0
2021-06-24 11:40:41,18238.1,0
2021-06-24 11:40:45,18239.2,0
2021-06-24 11:40:47,18237.8,0
2021-06-24 11:40:49,18238.2,0
2021-06-24 11:41:01,18238.05,0
2021-06-24 11:41:12,18235.6,0
2021-06-24 11:41:22,18233.65,0
2021-06-24 11:41:26,18236.25,0
2021-06-24 11:41:31,18233.05,0
2021-06-24 11:41:32,18235.2,0
2021-06-24 11:41:33,18236.3,0
2021-06-24 11:41:39,18234.4,0
2021-06-24 11:41:40,18234.9,0
2021-06-24 11:41:44,18237.6,0
2021-06-24 11:41:47,18237.05,0
2021-06-24 11:41:54,18236.4,0
2021-06-24 11:41:56,18237.75,0
2021-06-24 11:42:02,18238.9,0
2021-06-24 11:42:04,18240.9,0
2021-06-24 11:42:11,18243.2,0
2021-06-24 11:42:19,18244.05,0
2021-06-24 11:42:23,18242.5,0
2021-06-24 11:42:27,18246.75,0
2021-06-24 11:42:28,18244.3,0
2021-06-24 11:42:31,18243.2,0
2021-06-24 11:42:32,18244.4,0
2021-06-24 11:42:33,18245.5,0
2021-06-24 11:42:37,18245.55,0
2021-06-24 11:42:38,18245.55,0
2021-06-24 11:42:39,18247.1,0
2021-06-24 11:42:43,18248.15,0
2021-06-24 11:42:44,18247.95,0
2021-06-24 11:43:02,18247.95,0
2021-06-24 11:43:06,18246.55,0
2021-06-24 11:43:07,18247.3,0
2021-06-24 11:43:12,18248.75,0
2021-06-24 11:43:16,18248.85,0
2021-06-24 11:43:19,18247.9,0
2021-06-24 11:43:29,18246.95,0
2021-06-24 11:43:31,18246.9,0
2021-06-24 11:43:37,18245.85,0
2021-06-24 11:43:40,18245.55,0
2021-06-24 11:43:41,18243.75,0
2021-06-24 11:43:43,18244.25,0
2021-06-24 11:43:46,18246.15,0
2021-06-24 11:43:48,18244.2,0
2021-06-24 11:43:57,18248.85,0
2021-06-24 11:44:00,18244.55,0
2021-06-24 11:44:03,18245.7,0
2021-06-24 11:44:04,18246.5,0
2021-06-24 11:44:11,18247.7,0
2021-06-24 11:44:16,18248.4,0
2021-06-24 11:44:20,18243.2,0
2021-06-24 11:44:21,18245.55,0
2021-06-24 11:44:27,18241.8,0
2021-06-24 11:44:32,18247.9,0
2021-06-24 11:44:40,18246.55,0
2021-06-24 11:44:42,18245.35,0
2021-06-24 11:44:48,18243.85,0
2021-06-24 11:44:50,18243.25,0
2021-06-24 11:44:51,18244.45,0
2021-06-24 11:44:54,18245.45,0
2021-06-24 11:44:55,18243.3,0
2021-06-24 11:44:56,18243.65,0
2021-06-24 11:45:03,18244.85,0
2021-06-24 11:45:05,18244.6,0
2021-06-24 11:45:06,18243.55,0
2021-06-24 11:45:07,18245.1,0
2021-06-24 11:45:09,18243.5,0
2021-06-24 11:45:12,18243.75,0
2021-06-24 11:45:14,18245.7,0
2021-06-24 11:45:23,18245.4,0
2021-06-24 11:45:27,18244.2,0
2021-06-24 11:45:29,18244.3,0
2021-06-24 11:45:30,18245.15,0
2021-06-24 11:45:32,18246.4,0
2021-06-24 11:45:33,18243.35,0
2021-06-24 11:45:35,18244.15,0
2021-06-24 11:45:38,18245.45,0
2021-06-24 11:45:43,18243.45,0
2021-06-24 11:45:44,18245.0,0
2021-06-24 11:45:46,18243.75,0
2021-06-24 11:45:49,18245.7,0
2021-06-24 11:45:52,18246.35,0
2021-06-24 11:45:54,18245.3,0
2021-06-24 11:45:56,18245.5,0
2021-06-24 11:45:57,18245.6,0
2021-06-24 11:46:04,18245.65,0
2021-06-24 11:46:07,18245.55,0
2021-06-24 11:46:08,18243.85,0
2021-06-24 11:46:12,18249.15,0
2021-06-24 11:46:13,18247.1,0
2021-06-24 11:46:15,18245.25,0
2021-06-24 11:46:16,18246.15,0
2021-06-24 11:46:17,18246.25,0
2021-06-24 11:46:20,18245.2,0
2021-06-24 11:46:29,18246.3,0
2021-06-24 11:46:32,18246.85,0
2021-06-24 11:46:46,18249.85,0
2021-06-24 11:46:49,18253.5,0
2021-06-24 11:46:51,18251.65,0
2021-06-24 11:46:55,18250.75,0
2021-06-24 11:46:56,18252.3,0
2021-06-24 11:46:57,18250.3,0
2021-06-24 11:46:58,18251.5,0
2021-06-24 11:47:04,18253.05,0
2021-06-24 11:47:07,18253.75,0
2021-06-24 11:47:09,18254.35,0
2021-06-24 11:47:15,18254.55,0
2021-06-24 11:47:22,18254.45,0
2021-06-24 11:47:29,18252.75,0
2021-06-24 11:47:35,18253.7,0
2021-06-24 11:47:38,18252.8,0
2021-06-24 11:47:39,18252.2,0
2021-06-24 11:47:42,18251.3,0
2021-06-24 11:47:45,18252.85,0
2021-06-24 11:47:51,18250.35,0
2021-06-24 11:47:54,18254.3,0
2021-06-24 11:47:56,18252.1,0
2021-06-24 11:47:57,18252.45,0
2021-06-24 11:47:59,18252.75,0
2021-06-24 11:48:07,18252.55,0
2021-06-24 11:48:11,18251.2,0
2021-06-24 11:48:12,18249.45,0
2021-06-24 11:48:18,18253.3,0
2021-06-24 11:48:19,18255.65,0
2021-06-24 11:48:25,18254.35,0
2021-06-24 11:48:26,18248.4,0
2021-06-24 11:48:32,18249.6,0
2021-06-24 11:48:33,18249.15,0
2021-06-24 11:48:34,18248.95,0
2021-06-24 11:48:37,18249.75,0
2021-06-24 11:48:41,18251.9,0
2021-06-24 11:48:47,18249.75,0
2021-06-24 11:48:55,18248.95,0
2021-06-24 11:48:57,18251.85,0
2021-06-24 11:48:59,18246.2,0
2021-06-24 11:49:00,18244.9,0
2021-06-24 11:49:04,18248.35,0
2021-06-24 11:49:11,18248.7,0
2021-06-24 11:49:14,18247.55,0
2021-06-24 11:49:21,18249.35,0
2021-06-24 11:49:22,18249.45,0
2021-06-24 11:49:26,18249.35,0
2021-06-24 11:49:28,18250.5,0
2021-06-24 11:49:31,18250.6,0
2021-06-24 11:49:33,18249.95,0
2021-06-24 11:49:36,18250.55,0
2021-06-24 11:49:40,18248.35,0
2021-06-24 11:49:42,18251.0,0
2021-06-24 11:49:45,18250.7,0
2021-06-24 11:49:57,18246.8,0
2021-06-24 11:50:07,18245.85,0
2021-06-24 11:50:10,18242.15,0
2021-06-24 11:50:19,18243.35,0
2021-06-24 11:50:21,18242.2,0
2021-06-24 11:50:26,18243.2,0
2021-06-24 11:50:29,18245.1,0
2021-06-24 11:50:31,18243.1,0
2021-06-24 11:50:33,18244.25,0
2021-06-24 11:50:34,18241.95,0
2021-06-24 11:50:36,18240.7,0
2021-06-24 11:50:44,18241.6,0
2021-06-24 11:50:45,18240.6,0
2021-06-24 11:50:51,18242.15,0
2021-06-24 11:50:53,18239.4,0
2021-06-24 11:51:01,18241.2,0
2021-06-24 11:51:03,18241.15,0
2021-06-24 11:51:05,18241.55,0
2021-06-24 11:51:08,18242.35,0
2021-06-24 11:51:09,18244.6,0
2021-06-24 11:51:10,18241.15,0
2021-06-24 11:51:11,18239.5,0
2021-06-24 11:51:18,18237.85,0
2021-06-24 11:51:20,18239.2,0
2021-06-24 11:51:22,18240.1,0
2021-06-24 11:51:26,18240.0,0
2021-06-24 11:51:31,18235.55,0
2021-06-24 11:51:32,18237.6,0
2021-06-24 11:51:34,18233.7,0
2021-06-24 11:51:36,18234.3,0
2021-06-24 11:51:39,18236.15,0
2021-06-24 11:51:46,18235.45,0
2021-06-24 11:51:47,18236.7,0
2021-06-24 11:51:58,18232.45,0
2021-06-24 11:52:07,18233.3,0
2021-06-24 11:52:14,18233.15,0
2021-06-24 11:52:18,18235.0,0
2021-06-24 11:52:19,18235.3,0
2021-06-24 11:52:21,18235.25,0
2021-06-24 11:52:23,18233.75,0
2021-06-24 11:52:28,18229.1,0
2021-06-24 11:52:41,18234.05,0
2021-06-24 11:52:42,18234.3,0
2021-06-24 11:52:47,18233.65,0
2021-06-24 11:52:52,18233.8,0
2021-06-24 11:52:54,18234.8,0
2021-06-24 11:52:56,18236.5,0
2021-06-24 11:52:57,18232.65,0
2021-06-24 11:53:02,18237.75,0
2021-06-24 11:53:05,18235.0,0
2021-06-24 11:53:06,18237.65,0
2021-06-24 11:53:11,18236.5,0
2021-06-24 11:53:13,18237.8,0
2021-06-24 11:53:14,18240.2,0
2021-06-24 11:53:17,18238.0,0
2021-06-24 11:53:19,18238.2,0
2021-06-24 11:53:22,18239.55,0
2021-06-24 11:53:28,18237.4,0
2021-06-24 11:53:34,18239.75,0
2021-06-24 11:53:38,18239.25,0
2021-06-24 11:53:49,18242.45,0
2021-06-24 11:53:52,18242.8,0
2021-06-24 11:53:53,18242.15,0
2021-06-24 11:53:54,18245.3,0
2021-06-24 11:53:56,18243.05,0
2021-06-24 11:53:57,18245.45,0
2021-06-24 11:54:02,18240.95,0
2021-06-24 11:54:05,18241.0,0
2021-06-24 11:54:07,18241.95,0
2021-06-24 11:54:16,18240.15,0
2021-06-24 11:54:19,18242.2,0
2021-06-24 11:54:21,18240.2,0
2021-06-24 11:54:25,18243.5,0
2021-06-24 11:54:30,18246.3,0
2021-06-24 11:54:42,18244.75,0
2021-06-24 11:54:45,18246.05,0
2021-06-24 11:54:46,18245.2,0
2021-06-24 11:55:03,18243.95,0
2021-06-24 11:55:13,18244.25,0
2021-06-24 11:55:14,18244.35,0
2021-06-24 11:55:18,18243.05,0
2021-06-24 11:55:22,18244.3,0
2021-06-24 11:55:23,18245.2,0
2021-06-24 11:55:24,18246.15,0
2021-06-24 11:55:26,18242.25,0
2021-06-24 11:55:30,18240.35,0
2021-06-24 11:55:32,18242.05,0
2021-06-24 11:55:37,18240.85,0
2021-06-24 11:55:44,18241.7,0
2021-06-24 11:55:45,18242.3,0
2021-06-24 11:55:47,18242.35,0
2021-06-24 11:55:52,18242.1,0
2021-06-24 11:55:55,18239.8,0
2021-06-24 11:56:00,18240.0,0
2021-06-24 11:56:03,18241.3,0
2021-06-24 11:56:07,18241.35,0
2021-06-24 11:56:11,18242.2,0
2021-06-24 11:56:14,18241.0,0
2021-06-24 11:56:21,18237.6,0
2021-06-24 11:56:32,18238.0,0
2021-06-24 11:56:35,18237.25,0
2021-06-24 11:56:39,18237.5,0
2021-06-24 11:56:41,18239.55,0
2021-06-24 11:56:44,18236.45,0
2021-06-24 11:56:45,18235.4,0
2021-06-24 11:56:46,18234.9,0
2021-06-24 11:56:47,18236.7,0
2021-06-24 11:56:54,18235.95,0
2021-06-24 11:56:58,18237.15,0
2021-06-24 11:56:59,18236.45,0
2021-06-24 11:57:00,18236.25,0
2021-06-24 11:57:03,18237.5,0
2021-06-24 11:57:06,18236.45,0
2021-06-24 11:57:07,18237.3,0
2021-06-24 11:57:10,18237.7,0
2021-06-24 11:57:12,18237.0,0
2021-06-24 11:57:15,18237.65,0
2021-06-24 11:57:36,18241.6,0
2021-06-24 11:57:48,18241.45,0
2021-06-24 11:57:50,18241.6,0
2021-06-24 11:57:51,18243.65,0
2021-06-24 11:57:53,18241.45,0
2021-06-24 11:58:00,18244.45,0
2021-06-24 11:58:01,18243.05,0
2021-06-24 11:58:11,18244.8,0
2021-06-24 11:58:13,18245.25,0
2021-06-24 11:58:15,18241.5,0
2021-06-24 11:58:21,18243.3,0
2021-06-24 11:58:22,18243.3,0
2021-06-24 11:58:24,18243.5,0
2021-06-24 11:58:26,18245.3,0
2021-06-24 11:58:28,18245.85,0
2021-06-24 11:58:39,18240.85,0
2021-06-24 11:58:42,18241.6,0
2021-06-24 11:58:44,18241.4,0
2021-06-24 11:58:50,18241.6,0
2021-06-24 11:58:51,18241.3,0
2021-06-24 11:58:52,18240.6,0
2021-06-24 11:58:55,18242.95,0
2021-06-24 11:58:56,18243.2,0
2021-06-24 11:58:57,18242.8,0
2021-06-24 11:59:05,18243.9,0
2021-06-24 11:59:07,18242.9,0
2021-06-24 11:59:10,18243.45,0
2021-06-24 11:59:12,18239.4,0
2021-06-24 11:59:14,18244.05,0
2021-06-24 11:59:19,18242.6,0
2021-06-24 11:59:21,18245.7,0
2021-06-24 11:59:22,18245.55,0
2021-06-24 11:59:25,18247.0,0
2021-06-24 11:59:32,18244.1,0
2021-06-24 11:59:37,18246.9,0
2021-06-24 11:59:39,18246.3,0
2021-06-24 11:59:42,18247.2,0
2021-06-24 11:59:54,18244.4,0
2021-06-24 11:59:56,18243.9,0
2021-06-24 11:59:59,18244.55,0
2021-06-24 12:00:00,18246.4,0
2021-06-24 12:00:01,18246.65,0
2021-06-24 12:00:02,18245.15,0
2021-06-24 12:00:04,18246.9,0
2021-06-24 12:00:06,18246.55,0
2021-06-24 12:00:08,18246.65,0
2021-06-24 12:00:10,18246.6,0
2021-06-24 12:00:19,18246.4,0
2021-06-24 12:00:24,18244.95,0
2021-06-24 12:00:26,18247.9,0
2021-06-24 12:00:27,18247.55,0
2021-06-24 12:00:28,18248.85,0
2021-06-24 12:00:34,18247.4,0
2021-06-24 12:00:41,18246.65,0
2021-06-24 12:00:44,18245.55,0
2021-06-24 12:00:47,18246.85,0
2021-06-24 12:00:49,18249.05,0
2021-06-24 12:01:02,18250.35,0
2021-06-24 12:01:05,18247.05,0
2021-06-24 12:01:10,18248.3,0
2021-06-24 12:01:12,18249.2,0
2021-06-24 12:01:16,18249.15,0
2021-06-24 12:01:18,18249.65,0
2021-06-24 12:01:20,18250.65,0
2021-06-24 12:01:33,18251.25,0
2021-06-24 12:01:40,18250.4,0
2021-06-24 12:01:44,18251.0,0
2021-06-24 12:01:45,18250.55,0
2021-06-24 12:01:47,18248.7,0
2021-06-24 12:01:59,18249.55,0
2021-06-24 12:02:22,18251.2,0
2021-06-24 12:02:27,18248.65,0
2021-06-24 12:02:29,18247.15,0
2021-06-24 12:02:31,18247.15,0
2021-06-24 12:02:32,18246.45,0
2021-06-24 12:02:33,18247.25,0
2021-06-24 12:02:36,18246.2,0
2021-06-24 12:02:40,18248.05,0
2021-06-24 12:02:43,18248.75,0
2021-06-24 12:02:49,18246.65,0
2021-06-24 12:02:50,18245.85,0
2021-06-24 12:03:00,18247.3,0
2021-06-24 12:03:02,18247.45,0
2021-06-24 12:03:04,18247.2,0
2021-06-24 12:03:06,18249.25,0
2021-06-24 12:03:12,18246.1,0
2021-06-24 12:03:18,18247.75,0
2021-06-24 12:03:20,18246.95,0
2021-06-24 12:03:27,18247.25,0
2021-06-24 12:03:29,18249.55,0
2021-06-24 12:03:35,18246.7,0
2021-06-24 12:03:38,18248.15,0
2021-06-24 12:03:39,18247.05,0
2021-06-24 12:03:42,18246.25,0
2021-06-24 12:03:45,18246.25,0
2021-06-24 12:03:52,18246.45,0
2021-06-24 12:03:53,18247.3,0
2021-06-24 12:03:55,18247.85,0
2021-06-24 12:04:06,18245.55,0
2021-06-24 12:04:16,18245.5,0
2021-06-24 12:04:20,18243.0,0
2021-06-24 12:04:23,18242.65,0
2021-06-24 12:04:24,18244.6,0
2021-06-24 12:04:28,18244.65,0
2021-06-24 12:04:41,18244.35,0
2021-06-24 12:04:43,18243.2,0
2021-06-24 12:04:44,18244.8,0
2021-06-24 12:04:48,18244.45,0
2021-06-24 12:04:50,18244.8,0
2021-06-24 12:04:51,18240.95,0
2021-06-24 12:04:55,18244.3,0
2021-06-24 12:04:57,18243.85,0
2021-06-24 12:05:02,18241.45,0
2021-06-24 12:05:03,18243.9,0
2021-06-24 12:05:05,18244.55,0
2021-06-24 12:05:08,18245.15,0
2021-06-24 12:05:09,18246.35,0
2021-06-24 12:05:10,18243.8,0
2021-06-24 12:05:14,18245.25,0
2021-06-24 12:05:15,18243.3,0
2021-06-24 12:05:17,18242.15,0
2021-06-24 12:05:18,18242.55,0
2021-06-24 12:05:25,18242.1,0
2021-06-24 12:05:27,18243.3,0
2021-06-24 12:05:28,18242.2,0
2021-06-24 12:05:33,18242.6,0
2021-06-24 12:05:39,18242.2,0
2021-06-24 12:05:41,18241.1,0
2021-06-24 12:05:42,18241.0,0
2021-06-24 12:05:43,18240.75,0
2021-06-24 12:05:47,18240.65,0
2021-06-24 12:05:50,18241.3,0
2021-06-24 12:06:03,18244.7,0
2021-06-24 12:06:04,18245.05,0
2021-06-24 12:06:05,18241.75,0
2021-06-24 12:06:08,18243.85,0
2021-06-24 12:06:21,18243.55,0
2021-06-24 12:06:27,18242.8,0
2021-06-24 12:06:32,18244.3,0
2021-06-24 12:06:43,18244.2,0
2021-06-24 12:06:45,18246.25,0
2021-06-24 12:06:49,18244.9,0
2021-06-24 12:06:52,18242.25,0
2021-06-24 12:06:53,18242.4,0
2021-06-24 12:06:54,18242.4,0
2021-06-24 12:06:57,18243.9,0
2021-06-24 12:06:58,18241.5,0
2021-06-24 12:07:00,18244.0,0
2021-06-24 12:07:03,18245.85,0
2021-06-24 12:07:04,18243.95,0
2021-06-24 12:07:07,18242.85,0
2021-06-24 12:07:12,18239.95,0
2021-06-24 12:07:19,18243.5,0
2021-06-24 12:07:21,18242.95,0
2021-06-24 12:07:36,18243.05,0
2021-06-24 12:07:37,18243.55,0
2021-06-24 12:07:44,18244.95,0
2021-06-24 12:07:49,18244.45,0
2021-06-24 12:07:50,18241.45,0
2021-06-24 12:07:51,18242.1,0
2021-06-24 12:07:55,18241.35,0
2021-06-24 12:08:01,18240.9,0
2021-06-24 12:08:10,18239.85,0
2021-06-24 12:08:11,18238.1,0
2021-06-24 12:08:13,18238.4,0
2021-06-24 12:08:15,18240.0,0
2021-06-24 12:08:16,18236.6,0
2021-06-24 12:08:17,18237.1,0
2021-06-24 12:08:24,18241.7,0
2021-06-24 12:08:26,18239.5,0
2021-06-24 12:08:28,18239.25,0
2021-06-24 12:08:29,18240.95,0
2021-06-24 12:08:30,18243.9,0
2021-06-24 12:08:31,18240.35,0
2021-06-24 12:08:39,18240.8,0
2021-06-24 12:08:44,18240.7,0
2021-06-24 12:08:51,18238.35,0
2021-06-24 12:08:56,18241.8,0
2021-06-24 12:09:03,18242.2,0
2021-06-24 12:09:04,18240.5,0
2021-06-24 12:09:06,18239.9,0
2021-06-24 12:09:09,18239.95,0
2021-06-24 12:09:10,18238.1,0
2021-06-24 12:09:11,18238.1,0
2021-06-24 12:09:13,18239.6,0
2021-06-24 12:09:17,18240.9,0
2021-06-24 12:09:26,18238.4,0
2021-06-24 12:09:29,18239.65,0
2021-06-24 12:09:32,18239.75,0
2021-06-24 12:09:35,18239.05,0
2021-06-24 12:09:37,18240.65,0
2021-06-24 12:09:40,18239.75,0
2021-06-24 12:09:46,18238.15,0
2021-06-24 12:09:47,18240.1,0
2021-06-24 12:09:54,18239.2,0
2021-06-24 12:10:00,18239.3,0
2021-06-24 12:10:02,18239.0,0
2021-06-24 12:10:06,18237.7,0
2021-06-24 12:10:12,18231.65,0
2021-06-24 12:10:16,18235.85,0
2021-06-24 12:10:18,18236.5,0
2021-06-24 12:10:19,18235.75,0
2021-06-24 12:10:25,18235.9,0
2021-06-24 12:10:33,18240.1,0
2021-06-24 12:10:41,18237.3,0
2021-06-24 12:10:49,18240.4,0
2021-06-24 12:10:53,18238.3,0
2021-06-24 12:10:57,18241.1,0
2021-06-24 12:11:02,18242.9,0
2021-06-24 12:11:19,18266.1,0
2021-06-24 12:11:20,18265.3,0
2021-06-24 12:11:22,18264.75,0
2021-06-24 12:11:26,18270.75,0
2021-06-24 12:11:34,18264.4,0
2021-06-24 12:11:57,18260.55,0
2021-06-24 12:12:02,18264.9,0
2021-06-24 12:12:08,18282.8,0
2021-06-24 12:12:11,18289.75,0
2021-06-24 12:12:12,18286.75,0
2021-06-24 12:12:23,18294.65,0
2021-06-24 12:12:27,18292.95,0
2021-06-24 12:12:33,18286.4,0
2021-06-24 12:12:43,18289.2,0
2021-06-24 12:12:44,18284.55,0
2021-06-24 12:12:48,18283.7,0
2021-06-24 12:12:57,18286.1,0
2021-06-24 12:12:58,18284.55,0
2021-06-24 12:13:00,18287.8,0
2021-06-24 12:13:06,18287.2,0
2021-06-24 12:13:07,18284.05,0
2021-06-24 12:13:08,18286.45,0
2021-06-24 12:13:11,18284.35,0
2021-06-24 12:13:17,18281.35,0
2021-06-24 12:13:19,18282.6,0
2021-06-24 12:13:22,18283.65,0
2021-06-24 12:13:35,18285.7,0
2021-06-24 12:13:49,18283.0,0
2021-06-24 12:13:54,18284.4,0
2021-06-24 12:13:56,18282.9,0
2021-06-24 12:13:57,18287.9,0
2021-06-24 12:13:58,18284.8,0
2021-06-24 12:14:00,18281.95,0
2021-06-24 12:14:04,18285.05,0
2021-06-24 12:14:12,18284.75,0
2021-06-24 12:14:29,18275.2,0
2021-06-24 12:14:34,18282.5,0
2021-06-24 12:14:41,18283.55,0
2021-06-24 12:14:46,18282.2,0
2021-06-24 12:14:47,18281.6,0
2021-06-24 12:14:49,18282.7,0
2021-06-24 12:15:03,18284.95,0
2021-06-24 12:15:09,18288.0,0
2021-06-24 12:15:15,18283.45,0
2021-06-24 12:15:19,18282.25,0
2021-06-24 12:15:20,18283.6,0
2021-06-24 12:15:23,18284.1,0
2021-06-24 12:15:26,18281.7,0
2021-06-24 12:15:27,18280.15,0
2021-06-24 12:15:38,18277.9,0
2021-06-24 12:15:40,18278.65,0
2021-06-24 12:15:41,18280.7,0
2021-06-24 12:15:45,18279.9,0
2021-06-24 12:15:52,18283.15,0
2021-06-24 12:15:55,18279.0,0
2021-06-24 12:16:00,18280.85,0
2021-06-24 12:16:01,18280.7,0
2021-06-24 12:16:05,18277.15,0
2021-06-24 12:16:09,18278.8,0
2021-06-24 12:16:18,18276.55,0
2021-06-24 12:16:23,18276.35,0
2021-06-24 12:16:28,18276.15,0
2021-06-24 12:16:29,18279.05,0
2021-06-24 12:16:33,18282.1,0
2021-06-24 12:16:36,18276.0,0
2021-06-24 12:16:40,18277.45,0
2021-06-24 12:16:41,18279.4,0
2021-06-24 12:16:44,18274.65,0
2021-06-24 12:16:54,18272.65,0
2021-06-24 12:16:55,18272.05,0
2021-06-24 12:16:56,18271.25,0
2021-06-24 12:16:57,18274.0,0
2021-06-24 12:17:06,18271.75,0
2021-06-24 12:17:08,18271.05,0
2021-06-24 12:17:12,18272.6,0
2021-06-24 12:17:22,18273.3,0
2021-06-24 12:17:26,18272.1,0
2021-06-24 12:17:27,18273.75,0
2021-06-24 12:17:33,18274.1,0
2021-06-24 12:17:37,18274.75,0
2021-06-24 12:17:39,18272.05,0
2021-06-24 12:17:53,18272.55,0
2021-06-24 12:17:56,18271.65,0
2021-06-24 12:18:02,18272.9,0
2021-06-24 12:18:06,18274.6,0
2021-06-24 12:18:08,18273.85,0
2021-06-24 12:18:12,18274.8,0
2021-06-24 12:18:19,18273.4,0
2021-06-24 12:18:21,18274.55,0
2021-06-24 12:18:33,18275.3,0
2021-06-24 12:18:38,18275.35,0
2021-06-24 12:18:44,18274.6,0
2021-06-24 12:18:47,18274.4,0
2021-06-24 12:18:53,18275.1,0
2021-06-24 12:18:54,18274.0,0
2021-06-24 12:19:01,18274.7,0
2021-06-24 12:19:04,18273.35,0
2021-06-24 12:19:11,18273.6,0
2021-06-24 12:19:12,18275.15,0
2021-06-24 12:19:13,18276.4,0
2021-06-24 12:19:30,18273.65,0
2021-06-24 12:19:32,18274.9,0
2021-06-24 12:19:49,18273.75,0
2021-06-24 12:19:53,18274.65,0
2021-06-24 12:19:55,18278.3,0
2021-06-24 12:19:57,18278.05,0
2021-06-24 12:20:00,18282.4,0
2021-06-24 12:20:09,18284.25,0
2021-06-24 12:20:15,18285.95,0
2021-06-24 12:20:18,18284.8,0
2021-06-24 12:20:23,18287.1,0
2021-06-24 12:20:25,18287.95,0
2021-06-24 12:20:26,18284.45,0
2021-06-24 12:20:27,18286.1,0
2021-06-24 12:20:28,18282.95,0
2021-06-24 12:20:31,18283.8,0
2021-06-24 12:20:32,18282.75,0
2021-06-24 12:20:49,18277.75,0
2021-06-24 12:20:51,18276.9,0
2021-06-24 12:20:52,18277.35,0
2021-06-24 12:20:59,18277.6,0
2021-06-24 12:21:00,18279.8,0
2021-06-24 12:21:03,18276.05,0
2021-06-24 12:21:12,18277.95,0
2021-06-24 12:21:13,18277.35,0
2021-06-24 12:21:15,18275.65,0
2021-06-24 12:21:20,18275.8,0
2021-06-24 12:21:29,18277.85,0
2021-06-24 12:21:35,18279.2,0
2021-06-24 12:21:44,18278.05,0
2021-06-24 12:21:45,18278.0,0
2021-06-24 12:21:47,18276.0,0
2021-06-24 12:22:03,18276.6,0
2021-06-24 12:22:07,18276.3,0
2021-06-24 12:22:15,18276.1,0
2021-06-24 12:22:16,18275.1,0
2021-06-24 12:22:19,18274.65,0
2021-06-24 12:22:25,18274.15,0
2021-06-24 12:22:27,18273.95,0
2021-06-24 12:22:34,18276.75,0
2021-06-24 12:22:45,18272.65,0
2021-06-24 12:22:48,18271.45,0
2021-06-24 12:22:52,18272.55,0
2021-06-24 12:22:58,18270.4,0
2021-06-24 12:23:10,18271.05,0
2021-06-24 12:23:18,18276.75,0
2021-06-24 12:23:25,18271.65,0
2021-06-24 12:23:29,18272.1,0
2021-06-24 12:23:33,18273.05,0
2021-06-24 12:23:34,18272.05,0
2021-06-24 12:23:40,18271.5,0
2021-06-24 12:23:45,18270.9,0
2021-06-24 12:23:48,18270.75,0
2021-06-24 12:23:51,18271.1,0
2021-06-24 12:23:52,18273.3,0
2021-06-24 12:23:53,18272.9,0
2021-06-24 12:24:02,18273.65,0
2021-06-24 12:24:08,18270.75,0
2021-06-24 12:24:09,18271.95,0
2021-06-24 12:24:15,18271.65,0
2021-06-24 12:24:27,18273.95,0
2021-06-24 12:24:31,18272.85,0
2021-06-24 12:24:32,18274.05,0
2021-06-24 12:24:33,18273.1,0
2021-06-24 12:24:34,18272.65,0
2021-06-24 12:24:47,18272.3,0
2021-06-24 12:24:49,18271.7,0
2021-06-24 12:24:52,18271.6,0
2021-06-24 12:25:04,18269.45,0
2021-06-24 12:25:17,18270.85,0
2021-06-24 12:25:31,18273.9,0
2021-06-24 12:25:33,18273.95,0
2021-06-24 12:25:34,18275.9,0
2021-06-24 12:25:37,18273.7,0
2021-06-24 12:25:48,18274.5,0
2021-06-24 12:25:49,18271.4,0
2021-06-24 12:25:51,18270.75,0
2021-06-24 12:25:52,18270.65,0
2021-06-24 12:25:54,18274.5,0
2021-06-24 12:25:55,18271.65,0
2021-06-24 12:26:02,18271.25,0
2021-06-24 12:26:06,18271.6,0
2021-06-24 12:26:09,18271.55,0
2021-06-24 12:26:18,18271.9,0
2021-06-24 12:26:19,18271.35,0
2021-06-24 12:26:20,18272.1,0
2021-06-24 12:26:26,18272.15,0
2021-06-24 12:26:28,18270.05,0
2021-06-24 12:26:34,18272.7,0
2021-06-24 12:26:42,18269.65,0
2021-06-24 12:26:43,18269.4,0
2021-06-24 12:26:44,18269.4,0
2021-06-24 12:26:47,18269.15,0
2021-06-24 12:26:50,18270.2,0
2021-06-24 12:26:51,18267.45,0
2021-06-24 12:26:53,18266.35,0
2021-06-24 12:26:57,18265.7,0
2021-06-24 12:27:00,18264.6,0
2021-06-24 12:27:05,18264.85,0
2021-06-24 12:27:11,18265.85,0
2021-06-24 12:27:12,18267.9,0
2021-06-24 12:27:13,18265.5,0
2021-06-24 12:27:18,18263.65,0
2021-06-24 12:27:19,18263.95,0
2021-06-24 12:27:26,18263.05,0
2021-06-24 12:27:27,18262.9,0
2021-06-24 12:27:30,18264.0,0
2021-06-24 12:27:33,18263.9,0
2021-06-24 12:27:35,18262.6,0
2021-06-24 12:27:36,18262.45,0
2021-06-24 12:27:37,18263.8,0
2021-06-24 12:27:42,18263.45,0
2021-06-24 12:27:43,18265.9,0
2021-06-24 12:27:45,18265.65,0
2021-06-24 12:27:46,18263.1,0
2021-06-24 12:27:54,18265.6,0
2021-06-24 12:28:00,18263.45,0
2021-06-24 12:28:04,18264.4,0
2021-06-24 12:28:05,18264.25,0
2021-06-24 12:28:08,18263.5,0
2021-06-24 12:28:11,18261.55,0
2021-06-24 12:28:17,18265.5,0
2021-06-24 12:28:25,18262.7,0
2021-06-24 12:28:28,18266.8,0
2021-06-24 12:28:30,18264.85,0
2021-06-24 12:28:33,18264.1,0
2021-06-24 12:28:37,18261.85,0
2021-06-24 12:28:41,18264.4,0
2021-06-24 12:28:42,18262.15,0
2021-06-24 12:28:46,18263.7,0
2021-06-24 12:28:47,18264.05,0
2021-06-24 12:28:52,18264.8,0
2021-06-24 12:29:03,18262.85,0
2021-06-24 12:29:05,18258.95,0
2021-06-24 12:29:18,18260.6,0
2021-06-24 12:29:19,18259.45,0
2021-06-24 12:29:23,18258.0,0
2021-06-24 12:29:28,18255.55,0
2021-06-24 12:29:32,18255.8,0
2021-06-24 12:29:35,18261.4,0
2021-06-24 12:29:40,18255.75,0
2021-06-24 12:29:44,18259.25,0
2021-06-24 12:29:47,18257.65,0
2021-06-24 12:29:51,18259.25,0
2021-06-24 12:29:53,18259.05,0
2021-06-24 12:29:54,18263.65,0
2021-06-24 12:29:56,18260.5,0
2021-06-24 12:30:01,18260.85,0
2021-06-24 12:30:04,18258.7,0
2021-06-24 12:30:05,18259.35,0
2021-06-24 12:30:12,18259.85,0
2021-06-24 12:30:21,18256.95,0
2021-06-24 12:30:27,18250.9,0
2021-06-24 12:30:29,18252.6,0
2021-06-24 12:30:36,18254.25,0
2021-06-24 12:30:37,18252.0,0
2021-06-24 12:30:39,18253.95,0
2021-06-24 12:30:40,18251.55,0
2021-06-24 12:30:49,18254.45,0
2021-06-24 12:30:59,18255.65,0
2021-06-24 12:31:06,18258.45,0
2021-06-24 12:31:10,18257.8,0
2021-06-24 12:31:15,18259.4,0
2021-06-24 12:31:21,18260.8,0
2021-06-24 12:31:22,18258.8,0
2021-06-24 12:31:24,18262.8,0
2021-06-24 12:31:29,18261.05,0
2021-06-24 12:31:31,18260.1,0
2021-06-24 12:31:33,18264.0,0
2021-06-24 12:31:36,18264.4,0
2021-06-24 12:31:37,18263.65,0
2021-06-24 12:31:40,18263.1,0
2021-06-24 12:31:44,18262.3,0
2021-06-24 12:31:49,18261.6,0
2021-06-24 12:31:54,18261.15,0
2021-06-24 12:31:56,18263.45,0
2021-06-24 12:31:58,18260.3,0
2021-06-24 12:32:01,18260.05,0
2021-06-24 12:32:03,18263.1,0
2021-06-24 12:32:05,18259.25,0
2021-06-24 12:32:20,18264.95,0
2021-06-24 12:32:23,18262.4,0
2021-06-24 12:32:25,18263.2,0
2021-06-24 12:32:26,18262.25,0
2021-06-24 12:32:28,18263.85,0
2021-06-24 12:32:37,18263.05,0
2021-06-24 12:32:38,18263.45,0
2021-06-24 12:32:39,18264.55,0
2021-06-24 12:32:40,18263.35,0
2021-06-24 12:32:44,18266.8,0
2021-06-24 12:32:45,18265.35,0
2021-06-24 12:32:53,18263.4,0
2021-06-24 12:32:57,18266.3,0
2021-06-24 12:33:02,18265.7,0
2021-06-24 12:33:03,18265.9,0
2021-06-24 12:33:07,18266.75,0
2021-06-24 12:33:09,18268.7,0
2021-06-24 12:33:10,18266.85,0
2021-06-24 12:33:11,18267.05,0
2021-06-24 12:33:12,18269.4,0
2021-06-24 12:33:20,18267.8,0
2021-06-24 12:33:21,18269.55,0
2021-06-24 12:33:22,18269.95,0
2021-06-24 12:33:26,18268.05,0
2021-06-24 12:33:31,18269.5,0
2021-06-24 12:33:33,18269.5,0
2021-06-24 12:33:35,18268.55,0
2021-06-24 12:33:36,18270.0,0
2021-06-24 12:33:38,18269.8,0
2021-06-24 12:33:39,18268.95,0
2021-06-24 12:33:41,18268.55,0
2021-06-24 12:33:47,18268.5,0
2021-06-24 12:33:48,18267.3,0
2021-06-24 12:33:49,18266.65,0
2021-06-24 12:33:51,18266.95,0
2021-06-24 12:33:53,18269.45,0
2021-06-24 12:33:56,18267.05,0
2021-06-24 12:34:01,18266.75,0
2021-06-24 12:34:10,18265.7,0
2021-06-24 12:34:12,18264.1,0
2021-06-24 12:34:15,18266.1,0
2021-06-24 12:34:17,18267.1,0
2021-06-24 12:34:22,18263.6,0
2021-06-24 12:34:26,18264.25,0
2021-06-24 12:34:29,18267.95,0
2021-06-24 12:34:31,18266.75,0
2021-06-24 12:34:32,18264.95,0
2021-06-24 12:34:40,18268.0,0
2021-06-24 12:34:44,18267.05,0
2021-06-24 12:34:54,18266.25,0
2021-06-24 12:34:55,18266.8,0
2021-06-24 12:34:56,18265.45,0
2021-06-24 12:35:04,18268.7,0
2021-06-24 12:35:05,18269.9,0
2021-06-24 12:35:06,18265.65,0
2021-06-24 12:35:10,18268.15,0
2021-06-24 12:35:13,18269.05,0
2021-06-24 12:35:14,18268.05,0
2021-06-24 12:35:16,18266.3,0
2021-06-24 12:35:17,18267.1,0
2021-06-24 12:35:22,18264.4,0
2021-06-24 12:35:40,18269.1,0
2021-06-24 12:35:41,18269.05,0
2021-06-24 12:35:49,18273.5,0
2021-06-24 12:35:50,18269.55,0
2021-06-24 12:35:53,18269.25,0
2021-06-24 12:35:54,18268.65,0
2021-06-24 12:35:56,18269.05,0
2021-06-24 12:36:00,18268.05,0
2021-06-24 12:36:01,18267.7,0
2021-06-24 12:36:05,18267.75,0
2021-06-24 12:36:09,18269.25,0
2021-06-24 12:36:10,18268.65,0
2021-06-24 12:36:21,18272.7,0
2021-06-24 12:36:24,18270.85,0
2021-06-24 12:36:32,18269.45,0
2021-06-24 12:36:39,18271.0,0
2021-06-24 12:36:40,18269.85,0
2021-06-24 12:36:54,18272.25,0
2021-06-24 12:37:07,18273.7,0
2021-06-24 12:37:11,18273.1,0
2021-06-24 12:37:23,18272.7,0
2021-06-24 12:37:27,18271.25,0
2021-06-24 12:37:37,18270.55,0
2021-06-24 12:37:38,18270.75,0
2021-06-24 12:37:41,18270.9,0
2021-06-24 12:37:44,18270.4,0
2021-06-24 12:37:49,18270.4,0
2021-06-24 12:37:54,18273.7,0
2021-06-24 12:37:56,18272.35,0
2021-06-24 12:37:57,18269.75,0
2021-06-24 12:37:58,18271.75,0
2021-06-24 12:38:00,18270.3,0
2021-06-24 12:38:04,18269.75,0
2021-06-24 12:38:06,18268.6,0
2021-06-24 12:38:08,18270.3,0
2021-06-24 12:38:14,18266.45,0
2021-06-24 12:38:17,18270.1,0
2021-06-24 12:38:21,18270.0,0
2021-06-24 12:38:24,18270.1,0
2021-06-24 12:38:29,18269.25,0
2021-06-24 12:38:34,18268.35,0
2021-06-24 12:38:40,18268.05,0
2021-06-24 12:38:41,18271.0,0
2021-06-24 12:38:45,18268.45,0
2021-06-24 12:38:46,18271.35,0
2021-06-24 12:38:50,18268.55,0
2021-06-24 12:38:51,18269.15,0
2021-06-24 12:38:52,18270.0,0
2021-06-24 12:38:54,18270.8,0
2021-06-24 12:39:02,18268.4,0
2021-06-24 12:39:13,18268.8,0
2021-06-24 12:39:19,18270.55,0
2021-06-24 12:39:20,18268.75,0
2021-06-24 12:39:28,18269.65,0
2021-06-24 12:39:35,18270.45,0
2021-06-24 12:39:42,18268.4,0
2021-06-24 12:39:50,18267.3,0
2021-06-24 12:39:53,18268.95,0
2021-06-24 12:39:59,18267.85,0
2021-06-24 12:40:00,18267.95,0
2021-06-24 12:40:04,18268.25,0
2021-06-24 12:40:07,18267.75,0
2021-06-24 12:40:10,18270.95,0
2021-06-24 12:40:14,18271.65,0
2021-06-24 12:40:16,18270.45,0
2021-06-24 12:40:19,18270.4,0
2021-06-24 12:40:22,18269.7,0
2021-06-24 12:40:24,18268.85,0
2021-06-24 12:40:28,18271.5,0
2021-06-24 12:40:30,18271.2,0
2021-06-24 12:40:33,18272.9,0
2021-06-24 12:40:35,18270.85,0
2021-06-24 12:40:38,18270.8,0
2021-06-24 12:40:44,18267.95,0
2021-06-24 12:40:45,18268.6,0
2021-06-24 12:40:48,18268.0,0
2021-06-24 12:40:49,18268.8,0
2021-06-24 12:40:54,18269.25,0
2021-06-24 12:40:56,18269.8,0
2021-06-24 12:40:57,18270.55,0
2021-06-24 12:40:58,18270.8,0
2021-06-24 12:40:59,18269.4,0
2021-06-24 12:41:00,18268.2,0
2021-06-24 12:41:01,18267.9,0
2021-06-24 12:41:06,18268.8,0
2021-06-24 12:41:07,18266.8,0
2021-06-24 12:41:08,18269.35,0
2021-06-24 12:41:11,18265.6,0
2021-06-24 12:41:15,18265.55,0
2021-06-24 12:41:18,18271.1,0
2021-06-24 12:41:24,18271.15,0
2021-06-24 12:41:29,18274.2,0
2021-06-24 12:41:32,18271.35,0
2021-06-24 12:41:33,18272.15,0
2021-06-24 12:41:34,18270.55,0
2021-06-24 12:41:36,18273.25,0
2021-06-24 12:41:39,18274.55,0
2021-06-24 12:41:43,18272.75,0
2021-06-24 12:41:51,18272.7,0
2021-06-24 12:41:53,18274.75,0
2021-06-24 12:41:55,18272.65,0
2021-06-24 12:41:58,18272.45,0
2021-06-24 12:42:00,18272.0,0
2021-06-24 12:42:01,18272.35,0
2021-06-24 12:42:03,18272.6,0
2021-06-24 12:42:05,18270.75,0
2021-06-24 12:42:07,18270.8,0
2021-06-24 12:42:08,18273.4,0
2021-06-24 12:42:09,18273.0,0
2021-06-24 12:42:24,18270.45,0
2021-06-24 12:42:26,18267.6,0
2021-06-24 12:42:28,18269.15,0
2021-06-24 12:42:34,18269.65,0
2021-06-24 12:42:36,18272.85,0
2021-06-24 12:42:43,18267.5,0
2021-06-24 12:42:44,18267.7,0
2021-06-24 12:42:46,18266.6,0
2021-06-24 12:42:47,18266.85,0
2021-06-24 12:42:52,18268.85,0
2021-06-24 12:42:56,18264.65,0
2021-06-24 12:42:59,18267.1,0
2021-06-24 12:43:00,18266.15,0
2021-06-24 12:43:01,18266.15,0
2021-06-24 12:43:02,18267.35,0
2021-06-24 12:43:05,18264.45,0
2021-06-24 12:43:09,18263.95,0
2021-06-24 12:43:10,18263.4,0
2021-06-24 12:43:11,18263.25,0
2021-06-24 12:43:18,18266.3,0
2021-06-24 12:43:25,18266.15,0
2021-06-24 12:43:26,18265.15,0
2021-06-24 12:43:28,18265.95,0
2021-06-24 12:43:29,18265.3,0
2021-06-24 12:43:30,18265.0,0
2021-06-24 12:43:33,18265.4,0
2021-06-24 12:44:01,18266.6,0
2021-06-24 12:44:03,18268.65,0
2021-06-24 12:44:06,18267.9,0
2021-06-24 12:44:12,18269.8,0
2021-06-24 12:44:17,18270.9,0
2021-06-24 12:44:23,18272.1,0
2021-06-24 12:44:28,18271.65,0
2021-06-24 12:44:33,18272.65,0
2021-06-24 12:44:35,18271.8,0
2021-06-24 12:44:42,18277.5,0
2021-06-24 12:44:46,18276.2,0
2021-06-24 12:44:49,18276.7,0
2021-06-24 12:44:54,18275.95,0
2021-06-24 12:45:00,18271.6,0
2021-06-24 12:45:02,18273.05,0
2021-06-24 12:45:03,18276.05,0
2021-06-24 12:45:05,18278.9,0
2021-06-24 12:45:06,18276.45,0
2021-06-24 12:45:13,18273.2,0
2021-06-24 12:45:14,18272.1,0
2021-06-24 12:45:17,18274.05,0
2021-06-24 12:45:21,18270.85,0
2021-06-24 12:45:27,18275.55,0
2021-06-24 12:45:37,18274.0,0
2021-06-24 12:45:46,18271.35,0
2021-06-24 12:45:48,18270.75,0
2021-06-24 12:45:54,18274.45,0
2021-06-24 12:45:58,18270.4,0
2021-06-24 12:46:06,18270.2,0
2021-06-24 12:46:18,18272.35,0
2021-06-24 12:46:20,18271.15,0
2021-06-24 12:46:22,18271.55,0
2021-06-24 12:46:23,18269.7,0
2021-06-24 12:46:26,18269.7,0
2021-06-24 12:46:28,18271.5,0
2021-06-24 12:46:30,18271.75,0
2021-06-24 12:46:36,18268.8,0
2021-06-24 12:46:41,18270.85,0
2021-06-24 12:46:48,18272.4,0
2021-06-24 12:46:51,18270.35,0
2021-06-24 12:46:56,18269.65,0
2021-06-24 12:46:57,18269.9,0
2021-06-24 12:46:59,18268.95,0
2021-06-24 12:47:00,18269.55,0
2021-06-24 12:47:02,18270.6,0
2021-06-24 12:47:10,18267.0,0
2021-06-24 12:47:13,18270.95,0
2021-06-24 12:47:27,18269.95,0
2021-06-24 12:47:29,18269.85,0
2021-06-24 12:47:32,18269.8,0
2021-06-24 12:47:38,18267.05,0
2021-06-24 12:47:43,18268.85,0
2021-06-24 12:47:44,18270.8,0
2021-06-24 12:47:46,18270.75,0
2021-06-24 12:47:49,18267.75,0
2021-06-24 12:47:50,18269.7,0
2021-06-24 12:47:52,18269.75,0
2021-06-24 12:47:54,18267.25,0
2021-06-24 12:47:55,18270.55,0
2021-06-24 12:47:57,18270.55,0
2021-06-24 12:47:58,18268.9,0
2021-06-24 12:47:59,18269.7,0
2021-06-24 12:48:13,18269.0,0
2021-06-24 12:48:15,18267.25,0
2021-06-24 12:48:23,18269.45,0
2021-06-24 12:48:29,18268.05,0
2021-06-24 12:48:36,18270.95,0
2021-06-24 12:48:45,18269.95,0
2021-06-24 12:48:47,18270.5,0
2021-06-24 12:48:49,18268.7,0
2021-06-24 12:48:50,18268.9,0
2021-06-24 12:48:51,18269.2,0
2021-06-24 12:48:57,18271.3,0
2021-06-24 12:48:58,18269.55,0
2021-06-24 12:49:02,18269.6,0
2021-06-24 12:49:03,18269.15,0
2021-06-24 12:49:05,18269.5,0
2021-06-24 12:49:16,18268.45,0
2021-06-24 12:49:18,18269.8,0
2021-06-24 12:49:28,18269.65,0
2021-06-24 12:49:29,18270.45,0
2021-06-24 12:49:30,18270.2,0
2021-06-24 12:49:32,18268.0,0
2021-06-24 12:49:36,18269.2,0
2021-06-24 12:49:37,18267.35,0
2021-06-24 12:49:46,18267.8,0
2021-06-24 12:49:54,18268.6,0
2021-06-24 12:50:02,18268.55,0
2021-06-24 12:50:03,18267.25,0
2021-06-24 12:50:08,18270.7,0
2021-06-24 12:50:12,18270.75,0
2021-06-24 12:50:15,18269.4,0
2021-06-24 12:50:22,18268.65,0
2021-06-24 12:50:25,18269.25,0
2021-06-24 12:50:27,18269.8,0
2021-06-24 12:50:28,18269.35,0
2021-06-24 12:50:29,18269.55,0
2021-06-24 12:50:34,18268.5,0
2021-06-24 12:50:41,18268.1,0
2021-06-24 12:50:46,18267.55,0
2021-06-24 12:50:48,18267.2,0
2021-06-24 12:50:50,18266.55,0
2021-06-24 12:50:56,18268.7,0
2021-06-24 12:51:05,18266.7,0
2021-06-24 12:51:08,18267.15,0
2021-06-24 12:51:12,18268.5,0
2021-06-24 12:51:14,18266.6,0
2021-06-24 12:51:17,18267.25,0
2021-06-24 12:51:19,18266.4,0
2021-06-24 12:51:23,18265.4,0
2021-06-24 12:51:24,18268.85,0
2021-06-24 12:51:28,18266.45,0
2021-06-24 12:51:32,18268.55,0
2021-06-24 12:51:35,18270.05,0
2021-06-24 12:51:38,18267.3,0
2021-06-24 12:51:40,18268.3,0
2021-06-24 12:51:42,18269.4,0
2021-06-24 12:51:44,18271.3,0
2021-06-24 12:51:49,18269.6,0
2021-06-24 12:51:55,18268.9,0
2021-06-24 12:51:56,18268.6,0
2021-06-24 12:52:00,18269.6,0
2021-06-24 12:52:30,18269.6,0
2021-06-24 12:52:32,18272.7,0
2021-06-24 12:52:39,18269.3,0
2021-06-24 12:52:50,18270.1,0
2021-06-24 12:52:58,18268.0,0
2021-06-24 12:53:01,18266.95,0
2021-06-24 12:53:11,18267.75,0
2021-06-24 12:53:19,18267.45,0
2021-06-24 12:53:23,18267.9,0
2021-06-24 12:53:35,18268.25,0
2021-06-24 12:53:37,18268.9,0
2021-06-24 12:53:42,18267.65,0
2021-06-24 12:53:45,18267.9,0
2021-06-24 12:53:48,18265.9,0
2021-06-24 12:53:52,18266.1,0
2021-06-24 12:53:54,18267.8,0
2021-06-24 12:53:55,18266.55,0
2021-06-24 12:53:58,18265.8,0
2021-06-24 12:54:01,18264.75,0
2021-06-24 12:54:11,18267.85,0
2021-06-24 12:54:16,18265.5,0
2021-06-24 12:54:17,18267.1,0
2021-06-24 12:54:19,18268.3,0
2021-06-24 12:54:21,18267.8,0
2021-06-24 12:54:27,18267.05,0
2021-06-24 12:54:30,18269.0,0
2021-06-24 12:54:36,18268.9,0
2021-06-24 12:54:38,18268.85,0
2021-06-24 12:54:39,18267.85,0
2021-06-24 12:54:46,18268.35,0
2021-06-24 12:54:48,18269.2,0
2021-06-24 12:54:50,18265.55,0
2021-06-24 12:54:52,18266.85,0
2021-06-24 12:54:56,18266.95,0
2021-06-24 12:54:57,18268.35,0
2021-06-24 12:54:58,18267.9,0
2021-06-24 12:55:05,18269.0,0
2021-06-24 12:55:10,18264.95,0
2021-06-24 12:55:15,18268.75,0
2021-06-24 12:55:16,18268.15,0
2021-06-24 12:55:17,18268.15,0
2021-06-24 12:55:20,18269.15,0
2021-06-24 12:55:21,18269.3,0
2021-06-24 12:55:25,18267.55,0
2021-06-24 12:55:28,18271.25,0
2021-06-24 12:55:35,18272.25,0
2021-06-24 12:55:41,18271.8,0
2021-06-24 12:55:47,18272.05,0
2021-06-24 12:55:48,18273.1,0
2021-06-24 12:55:50,18271.7,0
2021-06-24 12:55:55,18274.8,0
2021-06-24 12:55:56,18270.8,0
2021-06-24 12:56:13,18275.95,0
2021-06-24 12:56:20,18274.7,0
2021-06-24 12:56:21,18273.9,0
2021-06-24 12:56:22,18274.3,0
2021-06-24 12:56:27,18274.4,0
2021-06-24 12:56:30,18272.25,0
2021-06-24 12:56:35,18274.75,0
2021-06-24 12:56:39,18274.9,0
2021-06-24 12:56:51,18270.15,0
2021-06-24 12:56:53,18269.95,0
2021-06-24 12:56:55,18270.05,0
2021-06-24 12:56:59,18268.05,0
2021-06-24 12:57:02,18267.4,0
2021-06-24 12:57:09,18271.5,0
2021-06-24 12:57:13,18271.1,0
2021-06-24 12:57:18,18272.35,0
2021-06-24 12:57:23,18268.75,0
2021-06-24 12:57:24,18271.7,0
2021-06-24 12:57:29,18272.55,0
2021-06-24 12:57:34,18274.5,0
2021-06-24 12:57:35,18272.4,0
2021-06-24 12:57:39,18273.45,0
2021-06-24 12:57:50,18271.8,0
2021-06-24 12:57:54,18273.65,0
2021-06-24 12:57:58,18270.7,0
2021-06-24 12:58:01,18270.1,0
2021-06-24 12:58:02,18269.6,0
2021-06-24 12:58:03,18273.3,0
2021-06-24 12:58:05,18269.1,0
2021-06-24 12:58:06,18269.35,0
2021-06-24 12:58:08,18270.15,0
2021-06-24 12:58:12,18269.8,0
2021-06-24 12:58:19,18270.6,0
2021-06-24 12:58:22,18272.45,0
2021-06-24 12:58:23,18270.5,0
2021-06-24 12:58:26,18273.05,0
2021-06-24 12:58:28,18270.8,0
2021-06-24 12:58:30,18272.25,0
2021-06-24 12:58:31,18272.15,0
2021-06-24 12:58:37,18273.0,0
2021-06-24 12:58:41,18272.3,0
2021-06-24 12:58:53,18270.55,0
2021-06-24 12:59:06,18269.0,0
2021-06-24 12:59:10,18270.45,0
2021-06-24 12:59:12,18271.1,0
2021-06-24 12:59:16,18272.25,0
2021-06-24 12:59:22,18271.2,0
2021-06-24 12:59:24,18271.55,0
2021-06-24 12:59:25,18270.7,0
2021-06-24 12:59:29,18274.5,0
2021-06-24 12:59:32,18270.65,0
2021-06-24 12:59:34,18272.5,0
2021-06-24 12:59:37,18274.4,0
2021-06-24 12:59:56,18268.1,0
2021-06-24 12:59:57,18270.85,0
2021-06-24 13:00:04,18267.25,0
2021-06-24 13:00:10,18265.65,0
2021-06-24 13:00:15,18267.45,0
2021-06-24 13:00:18,18270.55,0
2021-06-24 13:00:24,18268.9,0
2021-06-24 13:00:32,18270.35,0
2021-06-24 13:00:37,18268.8,0
2021-06-24 13:00:38,18269.6,0
2021-06-24 13:00:40,18269.8,0
2021-06-24 13:00:54,18272.5,0
2021-06-24 13:00:57,18274.05,0
2021-06-24 13:00:58,18272.4,0
2021-06-24 13:01:08,18272.95,0
2021-06-24 13:01:17,18273.5,0
2021-06-24 13:01:20,18276.3,0
2021-06-24 13:01:23,18279.9,0
2021-06-24 13:01:26,18280.25,0
2021-06-24 13:01:28,18279.85,0
2021-06-24 13:01:31,18281.3,0
2021-06-24 13:01:34,18282.9,0
2021-06-24 13:01:35,18282.2,0
2021-06-24 13:01:38,18281.95,0
2021-06-24 13:01:42,18285.3,0
2021-06-24 13:01:49,18284.7,0
2021-06-24 13:01:56,18283.95,0
2021-06-24 13:02:00,18280.85,0
2021-06-24 13:02:01,18283.0,0
2021-06-24 13:02:09,18284.95,0
2021-06-24 13:02:16,18283.55,0
2021-06-24 13:02:19,18284.5,0
2021-06-24 13:02:49,18284.6,0
2021-06-24 13:02:50,18283.8,0
2021-06-24 13:02:51,18283.65,0
2021-06-24 13:02:53,18283.3,0
2021-06-24 13:02:58,18285.75,0
2021-06-24 13:03:04,18284.1,0
2021-06-24 13:03:12,18284.75,0
2021-06-24 13:03:16,18283.2,0
2021-06-24 13:03:17,18284.65,0
2021-06-24 13:03:18,18285.35,0
2021-06-24 13:03:22,18285.7,0
2021-06-24 13:03:27,18285.9,0
2021-06-24 13:03:28,18285.9,0
2021-06-24 13:03:32,18286.15,0
2021-06-24 13:03:36,18286.3,0
2021-06-24 13:03:40,18287.9,0
2021-06-24 13:03:45,18287.3,0
2021-06-24 13:03:48,18288.15,0
2021-06-24 13:03:54,18287.8,0
2021-06-24 13:03:57,18288.4,0
2021-06-24 13:04:02,18286.35,0
2021-06-24 13:04:06,18287.45,0
2021-06-24 13:04:09,18287.4,0
2021-06-24 13:04:16,18288.35,0
2021-06-24 13:04:31,18286.85,0
2021-06-24 13:04:47,18285.65,0
2021-06-24 13:04:49,18287.25,0
2021-06-24 13:04:51,18285.7,0
2021-06-24 13:04:54,18285.2,0
2021-06-24 13:04:56,18283.3,0
2021-06-24 13:05:02,18281.1,0
2021-06-24 13:05:04,18280.95,0
2021-06-24 13:05:05,18282.85,0
2021-06-24 13:05:15,18283.2,0
2021-06-24 13:05:17,18282.25,0
2021-06-24 13:05:18,18281.35,0
2021-06-24 13:05:26,18281.3,0
2021-06-24 13:05:27,18280.65,0
2021-06-24 13:05:28,18280.4,0
2021-06-24 13:05:38,18281.25,0
2021-06-24 13:05:44,18282.55,0
2021-06-24 13:05:52,18279.45,0
2021-06-24 13:05:54,18279.5,0
2021-06-24 13:06:16,18282.0,0
2021-06-24 13:06:18,18283.65,0
2021-06-24 13:06:46,18283.15,0
2021-06-24 13:06:57,18284.2,0
2021-06-24 13:07:05,18282.95,0
2021-06-24 13:07:09,18282.8,0
2021-06-24 13:07:15,18284.1,0
2021-06-24 13:07:24,18295.05,0
2021-06-24 13:07:30,18299.55,0
2021-06-24 13:07:31,18302.4,0
2021-06-24 13:07:34,18302.3,0
2021-06-24 13:07:49,18299.1,0
2021-06-24 13:07:50,18298.0,0
2021-06-24 13:07:51,18296.25,0
2021-06-24 13:07:56,18295.8,0
2021-06-24 13:08:04,18293.25,0
2021-06-24 13:08:06,18295.4,0
2021-06-24 13:08:07,18296.65,0
2021-06-24 13:08:15,18294.4,0
2021-06-24 13:08:27,18292.4,0
2021-06-24 13:08:28,18292.1,0
2021-06-24 13:08:38,18291.35,0
2021-06-24 13:08:42,18293.85,0
2021-06-24 13:08:46,18296.0,0
2021-06-24 13:08:47,18295.0,0
2021-06-24 13:08:48,18295.6,0
2021-06-24 13:08:53,18296.25,0
2021-06-24 13:08:56,18290.95,0
2021-06-24 13:08:58,18291.95,0
2021-06-24 13:09:01,18290.8,0
2021-06-24 13:09:02,18291.95,0
2021-06-24 13:09:12,18294.25,0
2021-06-24 13:09:19,18292.35,0
2021-06-24 13:09:20,18293.1,0
2021-06-24 13:09:26,18295.05,0
2021-06-24 13:09:35,18296.35,0
2021-06-24 13:09:41,18299.2,0
2021-06-24 13:09:42,18299.35,0
2021-06-24 13:09:53,18300.6,0
2021-06-24 13:09:59,18298.85,0
2021-06-24 13:10:21,18300.1,0
2021-06-24 13:10:24,18301.35,0
2021-06-24 13:10:50,18299.95,0
2021-06-24 13:10:51,18301.8,0
2021-06-24 13:11:07,18300.45,0
2021-06-24 13:11:19,18298.65,0
2021-06-24 13:11:21,18296.25,0
2021-06-24 13:11:22,18298.1,0
2021-06-24 13:11:29,18299.2,0
2021-06-24 13:11:30,18297.7,0
2021-06-24 13:11:35,18294.3,0
2021-06-24 13:11:36,18294.8,0
2021-06-24 13:11:41,18293.4,0
2021-06-24 13:11:44,18292.6,0
2021-06-24 13:11:45,18293.1,0
2021-06-24 13:11:51,18292.7,0
2021-06-24 13:12:04,18296.6,0
2021-06-24 13:12:07,18296.6,0
2021-06-24 13:12:09,18297.7,0
2021-06-24 13:12:10,18297.85,0
2021-06-24 13:12:16,18297.3,0
2021-06-24 13:12:17,18296.9,0
2021-06-24 13:12:20,18297.45,0
2021-06-24 13:12:24,18297.4,0
2021-06-24 13:12:26,18298.1,0
2021-06-24 13:12:29,18298.15,0
2021-06-24 13:12:37,18297.7,0
2021-06-24 13:12:43,18298.75,0
2021-06-24 13:12:44,18298.8,0
2021-06-24 13:12:56,18296.5,0
2021-06-24 13:13:02,18296.15,0
2021-06-24 13:13:05,18293.85,0
2021-06-24 13:13:08,18293.9,0
2021-06-24 13:13:09,18297.85,0
2021-06-24 13:13:11,18296.2,0
2021-06-24 13:13:12,18298.05,0
2021-06-24 13:13:16,18295.75,0
2021-06-24 13:13:21,18298.85,0
2021-06-24 13:13:27,18298.55,0
2021-06-24 13:13:29,18298.65,0
2021-06-24 13:13:33,18298.5,0
2021-06-24 13:13:34,18298.75,0
2021-06-24 13:13:37,18298.45,0
2021-06-24 13:13:38,18297.9,0
2021-06-24 13:13:50,18296.1,0
2021-06-24 13:14:00,18294.5,0
2021-06-24 13:14:02,18294.15,0
2021-06-24 13:14:03,18295.25,0
2021-06-24 13:14:05,18296.2,0
2021-06-24 13:14:35,18301.75,0
2021-06-24 13:14:41,18307.55,0
2021-06-24 13:14:47,18308.25,0
2021-06-24 13:14:50,18310.75,0
2021-06-24 13:14:56,18315.95,0
2021-06-24 13:14:57,18319.25,0
2021-06-24 13:15:00,18317.0,0
2021-06-24 13:15:06,18317.9,0
2021-06-24 13:15:07,18317.4,0
2021-06-24 13:15:09,18316.45,0
2021-06-24 13:15:13,18311.55,0
2021-06-24 13:15:14,18310.15,0
2021-06-24 13:15:23,18308.5,0
2021-06-24 13:15:30,18314.15,0
2021-06-24 13:15:33,18314.9,0
2021-06-24 13:15:35,18313.7,0
2021-06-24 13:15:40,18315.15,0
2021-06-24 13:15:43,18314.65,0
2021-06-24 13:15:49,18333.5,0
2021-06-24 13:15:50,18332.75,0
2021-06-24 13:15:54,18325.7,0
2021-06-24 13:15:58,18326.75,0
2021-06-24 13:16:13,18336.9,0
2021-06-24 13:16:15,18333.85,0
2021-06-24 13:16:20,18335.75,0
2021-06-24 13:16:21,18334.55,0
2021-06-24 13:16:32,18330.25,0
2021-06-24 13:16:43,18330.55,0
2021-06-24 13:16:44,18330.9,0
2021-06-24 13:16:45,18331.35,0
2021-06-24 13:16:46,18331.75,0
2021-06-24 13:16:54,18331.75,0
2021-06-24 13:16:57,18322.9,0
2021-06-24 13:16:59,18326.4,0
2021-06-24 13:17:04,18328.15,0
2021-06-24 13:17:08,18327.25,0
2021-06-24 13:17:23,18331.25,0
2021-06-24 13:17:24,18331.15,0
2021-06-24 13:17:28,18331.1,0
2021-06-24 13:17:30,18333.2,0
2021-06-24 13:17:36,18334.95,0
2021-06-24 13:17:37,18334.8,0
2021-06-24 13:17:43,18336.75,0
2021-06-24 13:17:44,18335.65,0
2021-06-24 13:17:47,18332.8,0
2021-06-24 13:17:49,18335.25,0
2021-06-24 13:17:51,18334.95,0
2021-06-24 13:17:52,18332.7,0
2021-06-24 13:17:55,18334.15,0
2021-06-24 13:18:01,18331.75,0
2021-06-24 13:18:05,18334.45,0
2021-06-24 13:18:07,18330.95,0
2021-06-24 13:18:08,18332.4,0
2021-06-24 13:18:12,18331.55,0
2021-06-24 13:18:17,18332.85,0
2021-06-24 13:18:26,18332.35,0
2021-06-24 13:18:27,18330.85,0
2021-06-24 13:18:28,18333.4,0
2021-06-24 13:18:35,18329.05,0
2021-06-24 13:18:37,18328.2,0
2021-06-24 13:18:44,18328.55,0
2021-06-24 13:18:53,18329.25,0
2021-06-24 13:18:54,18328.65,0
2021-06-24 13:18:55,18327.9,0
2021-06-24 13:18:57,18328.1,0
2021-06-24 13:19:01,18329.5,0
2021-06-24 13:19:06,18330.7,0
2021-06-24 13:19:10,18330.05,0
2021-06-24 13:19:13,18329.75,0
2021-06-24 13:19:14,18329.75,0
2021-06-24 13:19:22,18330.25,0
2021-06-24 13:19:24,18331.25,0
2021-06-24 13:19:32,18332.35,0
2021-06-24 13:19:36,18331.05,0
2021-06-24 13:19:42,18331.55,0
2021-06-24 13:19:48,18326.95,0
2021-06-24 13:19:52,18329.25,0
2021-06-24 13:20:00,18329.15,0
2021-06-24 13:20:01,18329.15,0
2021-06-24 13:20:10,18328.65,0
2021-06-24 13:20:11,18330.15,0
2021-06-24 13:20:12,18330.05,0
2021-06-24 13:20:14,18331.65,0
2021-06-24 13:20:19,18328.8,0
2021-06-24 13:20:20,18328.1,0
2021-06-24 13:20:24,18327.45,0
2021-06-24 13:20:29,18329.5,0
2021-06-24 13:20:32,18325.15,0
2021-06-24 13:20:35,18326.85,0
2021-06-24 13:20:37,18326.35,0
2021-06-24 13:20:41,18323.35,0
2021-06-24 13:20:42,18322.6,0
2021-06-24 13:20:45,18324.35,0
2021-06-24 13:20:47,18322.55,0
2021-06-24 13:20:54,18325.85,0
2021-06-24 13:20:56,18326.05,0
2021-06-24 13:20:57,18324.1,0
2021-06-24 13:21:00,18325.55,0
2021-06-24 13:21:05,18327.4,0
2021-06-24 13:21:06,18327.25,0
2021-06-24 13:21:14,18328.4,0
2021-06-24 13:21:19,18328.15,0
2021-06-24 13:21:20,18328.9,0
2021-06-24 13:21:25,18325.55,0
2021-06-24 13:21:26,18325.5,0
2021-06-24 13:21:28,18327.15,0
2021-06-24 13:21:29,18326.3,0
2021-06-24 13:21:32,18326.6,0
2021-06-24 13:21:35,18328.3,0
2021-06-24 13:21:39,18327.7,0
2021-06-24 13:21:41,18330.1,0
2021-06-24 13:21:46,18328.95,0
2021-06-24 13:21:47,18328.9,0
2021-06-24 13:21:53,18328.6,0
2021-06-24 13:21:59,18329.1,0
2021-06-24 13:22:00,18328.65,0
2021-06-24 13:22:01,18330.1,0
2021-06-24 13:22:05,18328.0,0
2021-06-24 13:22:08,18331.15,0
2021-06-24 13:22:14,18331.25,0
2021-06-24 13:22:15,18330.75,0
2021-06-24 13:22:16,18331.4,0
2021-06-24 13:22:18,18331.7,0
2021-06-24 13:22:22,18333.3,0
2021-06-24 13:22:26,18332.6,0
2021-06-24 13:22:27,18329.95,0
2021-06-24 13:22:32,18327.4,0
2021-06-24 13:22:33,18329.9,0
2021-06-24 13:22:35,18331.15,0
2021-06-24 13:22:36,18331.6,0
2021-06-24 13:22:43,18332.55,0
2021-06-24 13:22:46,18333.2,0
2021-06-24 13:22:47,18332.75,0
2021-06-24 13:22:56,18331.0,0
2021-06-24 13:23:10,18328.3,0
2021-06-24 13:23:21,18327.25,0
2021-06-24 13:23:22,18327.45,0
2021-06-24 13:23:29,18330.45,0
2021-06-24 13:23:30,18329.95,0
2021-06-24 13:23:33,18330.5,0
2021-06-24 13:23:37,18331.7,0
2021-06-24 13:23:54,18327.4,0
2021-06-24 13:23:58,18323.65,0
2021-06-24 13:23:59,18326.2,0
2021-06-24 13:24:08,18320.8,0
2021-06-24 13:24:21,18322.5,0
2021-06-24 13:24:23,18319.2,0
