timestamp,ltp,volume
2021-06-24 09:35:54,1870.55,0
2021-06-24 09:35:56,1870.5,0
2021-06-24 09:35:59,1870.75,0
2021-06-24 09:36:02,1871.05,0
2021-06-24 09:36:06,1871.65,0
2021-06-24 09:36:07,1871.35,0
2021-06-24 09:36:08,1870.85,0
2021-06-24 09:36:11,1870.55,0
2021-06-24 09:36:12,1870.5,0
2021-06-24 09:36:17,1870.9,0
2021-06-24 09:36:26,1870.4,0
2021-06-24 09:36:29,1870.45,0
2021-06-24 09:36:30,1870.35,0
2021-06-24 09:36:31,1870.7,0
2021-06-24 09:36:33,1870.4,0
2021-06-24 09:36:34,1870.6,0
2021-06-24 09:36:35,1870.85,0
2021-06-24 09:36:37,1870.4,0
2021-06-24 09:36:43,1869.8,0
2021-06-24 09:36:45,1870.3,0
2021-06-24 09:36:46,1870.4,0
2021-06-24 09:36:47,1870.0,0
2021-06-24 09:36:52,1870.2,0
2021-06-24 09:36:55,1870.05,0
2021-06-24 09:36:56,1869.95,0
2021-06-24 09:37:07,1869.2,0
2021-06-24 09:37:10,1868.45,0
2021-06-24 09:37:15,1869.0,0
2021-06-24 09:37:17,1868.4,0
2021-06-24 09:37:19,1868.6,0
2021-06-24 09:37:20,1868.5,0
2021-06-24 09:37:21,1868.15,0
2021-06-24 09:37:26,1868.55,0
2021-06-24 09:37:29,1869.1,0
2021-06-24 09:37:32,1868.45,0
2021-06-24 09:37:36,1869.25,0
2021-06-24 09:37:46,1868.85,0
2021-06-24 09:37:48,1869.1,0
2021-06-24 09:37:56,1868.85,0
2021-06-24 09:37:57,1869.1,0
2021-06-24 09:37:59,1868.9,0
2021-06-24 09:38:01,1868.7,0
2021-06-24 09:38:02,1869.1,0
2021-06-24 09:38:05,1869.9,0
2021-06-24 09:38:12,1869.95,0
2021-06-24 09:38:14,1869.95,0
2021-06-24 09:38:22,1869.6,0
2021-06-24 09:38:30,1870.25,0
2021-06-24 09:38:33,1869.85,0
2021-06-24 09:38:42,1870.35,0
2021-06-24 09:38:45,1870.0,0
2021-06-24 09:38:51,1869.95,0
2021-06-24 09:38:56,1869.85,0
2021-06-24 09:38:59,1869.7,0
2021-06-24 09:39:02,1869.8,0
2021-06-24 09:39:03,1870.25,0
2021-06-24 09:39:06,1869.7,0
2021-06-24 09:39:08,1870.4,0
2021-06-24 09:39:18,1870.65,0
2021-06-24 09:39:25,1870.1,0
2021-06-24 09:39:26,1869.85,0
2021-06-24 09:39:29,1870.3,0
2021-06-24 09:39:32,1870.05,0
2021-06-24 09:39:34,1870.2,0
2021-06-24 09:39:40,1870.3,0
2021-06-24 09:39:43,1870.5,0
2021-06-24 09:39:45,1870.45,0
2021-06-24 09:39:49,1870.6,0
2021-06-24 09:40:05,1870.8,0
2021-06-24 09:40:07,1869.8,0
2021-06-24 09:40:11,1869.85,0
2021-06-24 09:40:14,1870.7,0
2021-06-24 09:40:20,1870.05,0
2021-06-24 09:40:22,1870.15,0
2021-06-24 09:40:23,1869.8,0
2021-06-24 09:40:29,1869.8,0
2021-06-24 09:40:32,1869.8,0
2021-06-24 09:40:34,1869.9,0
2021-06-24 09:40:37,1869.9,0
2021-06-24 09:40:44,1869.9,0
2021-06-24 09:40:50,1870.2,0
2021-06-24 09:40:57,1870.55,0
2021-06-24 09:40:58,1871.1,0
2021-06-24 09:41:02,1870.45,0
2021-06-24 09:41:07,1870.25,0
2021-06-24 09:41:11,1870.6,0
2021-06-24 09:41:14,1869.9,0
2021-06-24 09:41:15,1870.35,0
2021-06-24 09:41:17,1870.5,0
2021-06-24 09:41:20,1869.8,0
2021-06-24 09:41:27,1870.1,0
2021-06-24 09:41:30,1869.55,0
2021-06-24 09:41:33,1869.35,0
2021-06-24 09:41:38,1869.9,0
2021-06-24 09:41:39,1870.15,0
2021-06-24 09:41:43,1870.0,0
2021-06-24 09:41:47,1869.15,0
2021-06-24 09:41:50,1869.1,0
2021-06-24 09:41:51,1869.3,0
2021-06-24 09:41:52,1869.2,0
2021-06-24 09:41:56,1869.2,0
2021-06-24 09:41:57,1869.2,0
2021-06-24 09:42:14,1869.35,0
2021-06-24 09:42:15,1869.35,0
2021-06-24 09:42:20,1869.55,0
2021-06-24 09:42:22,1869.25,0
2021-06-24 09:42:26,1868.95,0
2021-06-24 09:42:27,1868.85,0
2021-06-24 09:42:28,1869.6,0
2021-06-24 09:42:30,1869.2,0
2021-06-24 09:42:33,1869.7,0
2021-06-24 09:42:34,1869.4,0
2021-06-24 09:42:35,1869.4,0
2021-06-24 09:42:38,1868.9,0
2021-06-24 09:42:39,1868.55,0
2021-06-24 09:42:40,1868.45,0
2021-06-24 09:42:41,1868.9,0
2021-06-24 09:42:42,1868.9,0
2021-06-24 09:42:45,1869.25,0
2021-06-24 09:42:57,1869.7,0
2021-06-24 09:42:58,1869.1,0
2021-06-24 09:43:00,1868.65,0
2021-06-24 09:43:08,1868.85,0
2021-06-24 09:43:09,1868.85,0
2021-06-24 09:43:10,1868.4,0
2021-06-24 09:43:13,1868.25,0
2021-06-24 09:43:14,1869.1,0
2021-06-24 09:43:15,1869.05,0
2021-06-24 09:43:20,1868.15,0
2021-06-24 09:43:28,1868.95,0
2021-06-24 09:43:32,1868.3,0
2021-06-24 09:43:33,1868.3,0
2021-06-24 09:43:35,1868.45,0
2021-06-24 09:43:36,1867.8,0
2021-06-24 09:43:40,1868.4,0
2021-06-24 09:43:42,1868.4,0
2021-06-24 09:43:45,1868.75,0
2021-06-24 09:43:46,1868.65,0
2021-06-24 09:43:47,1868.95,0
2021-06-24 09:43:48,1868.6,0
2021-06-24 09:43:49,1868.6,0
2021-06-24 09:43:51,1868.5,0
2021-06-24 09:43:52,1868.45,0
2021-06-24 09:43:57,1868.15,0
2021-06-24 09:43:58,1868.15,0
2021-06-24 09:44:01,1868.45,0
2021-06-24 09:44:02,1868.45,0
2021-06-24 09:44:11,1868.45,0
2021-06-24 09:44:19,1868.75,0
2021-06-24 09:44:22,1868.5,0
2021-06-24 09:44:24,1868.7,0
2021-06-24 09:44:34,1868.05,0
2021-06-24 09:44:46,1868.2,0
2021-06-24 09:44:47,1867.75,0
2021-06-24 09:44:54,1867.2,0
2021-06-24 09:44:56,1867.2,0
2021-06-24 09:44:57,1867.15,0
2021-06-24 09:45:15,1867.3,0
2021-06-24 09:45:26,1867.75,0
2021-06-24 09:45:34,1867.6,0
2021-06-24 09:45:36,1867.6,0
2021-06-24 09:45:39,1867.85,0
2021-06-24 09:45:40,1867.25,0
2021-06-24 09:45:44,1868.65,0
2021-06-24 09:45:51,1868.5,0
2021-06-24 09:45:54,1869.6,0
2021-06-24 09:45:57,1869.5,0
2021-06-24 09:46:01,1869.7,0
2021-06-24 09:46:02,1868.95,0
2021-06-24 09:46:03,1869.2,0
2021-06-24 09:46:04,1869.2,0
2021-06-24 09:46:05,1869.45,0
2021-06-24 09:46:08,1869.3,0
2021-06-24 09:46:14,1868.85,0
2021-06-24 09:46:19,1869.3,0
2021-06-24 09:46:22,1868.55,0
2021-06-24 09:46:23,1868.55,0
2021-06-24 09:46:24,1868.55,0
2021-06-24 09:46:25,1868.6,0
2021-06-24 09:46:30,1868.6,0
2021-06-24 09:46:35,1868.7,0
2021-06-24 09:46:36,1868.5,0
2021-06-24 09:46:37,1868.5,0
2021-06-24 09:46:38,1868.95,0
2021-06-24 09:46:49,1869.2,0
2021-06-24 09:46:55,1868.65,0
2021-06-24 09:47:06,1868.0,0
2021-06-24 09:47:21,1867.85,0
2021-06-24 09:47:24,1866.75,0
2021-06-24 09:47:27,1866.9,0
2021-06-24 09:47:31,1867.0,0
2021-06-24 09:47:34,1867.0,0
2021-06-24 09:47:36,1866.8,0
2021-06-24 09:47:37,1866.65,0
2021-06-24 09:47:38,1866.35,0
2021-06-24 09:47:39,1866.35,0
2021-06-24 09:47:41,1866.7,0
2021-06-24 09:47:42,1866.25,0
2021-06-24 09:47:54,1864.75,0
2021-06-24 09:47:55,1865.25,0
2021-06-24 09:48:02,1865.2,0
2021-06-24 09:48:03,1865.25,0
2021-06-24 09:48:08,1865.65,0
2021-06-24 09:48:10,1865.9,0
2021-06-24 09:48:12,1865.35,0
2021-06-24 09:48:13,1865.5,0
2021-06-24 09:48:14,1865.4,0
2021-06-24 09:48:15,1865.6,0
2021-06-24 09:48:20,1865.45,0
2021-06-24 09:48:23,1866.25,0
2021-06-24 09:48:25,1865.85,0
2021-06-24 09:48:27,1865.15,0
2021-06-24 09:48:28,1865.1,0
2021-06-24 09:48:30,1865.0,0
2021-06-24 09:48:31,1864.85,0
2021-06-24 09:48:35,1864.75,0
2021-06-24 09:48:36,1865.0,0
2021-06-24 09:48:37,1865.45,0
2021-06-24 09:48:38,1865.85,0
2021-06-24 09:48:39,1865.85,0
2021-06-24 09:48:41,1865.5,0
2021-06-24 09:48:44,1865.25,0
2021-06-24 09:48:47,1865.9,0
2021-06-24 09:48:50,1864.9,0
2021-06-24 09:48:51,1864.9,0
2021-06-24 09:48:59,1865.2,0
2021-06-24 09:49:03,1864.8,0
2021-06-24 09:49:04,1864.9,0
2021-06-24 09:49:19,1864.3,0
2021-06-24 09:49:20,1863.6,0
2021-06-24 09:49:28,1864.55,0
2021-06-24 09:49:29,1865.1,0
2021-06-24 09:49:34,1863.7,0
2021-06-24 09:49:39,1864.4,0
2021-06-24 09:49:40,1864.25,0
2021-06-24 09:49:41,1864.0,0
2021-06-24 09:49:47,1864.6,0
2021-06-24 09:49:51,1862.5,0
2021-06-24 09:50:08,1863.45,0
2021-06-24 09:50:13,1863.5,0
2021-06-24 09:50:17,1862.7,0
2021-06-24 09:50:18,1862.7,0
2021-06-24 09:50:23,1861.7,0
2021-06-24 09:50:28,1861.3,0
2021-06-24 09:50:29,1861.6,0
2021-06-24 09:50:31,1860.85,0
2021-06-24 09:50:43,1860.6,0
2021-06-24 09:50:44,1860.8,0
2021-06-24 09:50:46,1860.55,0
2021-06-24 09:50:47,1860.6,0
2021-06-24 09:50:49,1860.1,0
2021-06-24 09:50:52,1861.5,0
2021-06-24 09:50:55,1860.45,0
2021-06-24 09:50:57,1860.25,0
2021-06-24 09:50:58,1860.65,0
2021-06-24 09:51:02,1861.3,0
2021-06-24 09:51:06,1861.05,0
2021-06-24 09:51:09,1860.65,0
2021-06-24 09:51:10,1860.65,0
2021-06-24 09:51:11,1861.2,0
2021-06-24 09:51:13,1861.55,0
2021-06-24 09:51:15,1861.15,0
2021-06-24 09:51:16,1861.35,0
2021-06-24 09:51:20,1862.45,0
2021-06-24 09:51:26,1862.35,0
2021-06-24 09:51:28,1862.0,0
2021-06-24 09:51:36,1862.4,0
2021-06-24 09:51:51,1860.0,0
2021-06-24 09:51:52,1860.2,0
2021-06-24 09:51:54,1860.55,0
2021-06-24 09:51:57,1860.8,0
2021-06-24 09:52:01,1860.0,0
2021-06-24 09:52:02,1859.95,0
2021-06-24 09:52:04,1860.15,0
2021-06-24 09:52:07,1860.65,0
2021-06-24 09:52:16,1860.4,0
2021-06-24 09:52:18,1859.9,0
2021-06-24 09:52:19,1859.35,0
2021-06-24 09:52:25,1859.95,0
2021-06-24 09:52:30,1861.05,0
2021-06-24 09:52:31,1860.95,0
2021-06-24 09:52:37,1861.2,0
2021-06-24 09:52:39,1860.95,0
2021-06-24 09:52:40,1861.35,0
2021-06-24 09:52:41,1861.35,0
2021-06-24 09:52:45,1861.5,0
2021-06-24 09:52:46,1861.7,0
2021-06-24 09:52:50,1861.75,0
2021-06-24 09:52:51,1861.65,0
2021-06-24 09:52:52,1862.25,0
2021-06-24 09:52:56,1862.45,0
2021-06-24 09:52:57,1862.35,0
2021-06-24 09:52:58,1862.35,0
2021-06-24 09:53:01,1862.55,0
2021-06-24 09:53:02,1862.75,0
2021-06-24 09:53:08,1862.05,0
2021-06-24 09:53:12,1862.75,0
2021-06-24 09:53:15,1862.25,0
2021-06-24 09:53:22,1862.3,0
2021-06-24 09:53:25,1862.0,0
2021-06-24 09:53:26,1861.9,0
2021-06-24 09:53:30,1861.65,0
2021-06-24 09:53:31,1861.6,0
2021-06-24 09:53:32,1861.45,0
2021-06-24 09:53:34,1862.15,0
2021-06-24 09:53:35,1861.45,0
2021-06-24 09:53:38,1861.3,0
2021-06-24 09:53:44,1860.95,0
2021-06-24 09:53:50,1860.3,0
2021-06-24 09:53:51,1860.3,0
2021-06-24 09:53:53,1860.6,0
2021-06-24 09:53:54,1860.8,0
2021-06-24 09:53:57,1860.35,0
2021-06-24 09:53:59,1860.75,0
2021-06-24 09:54:01,1860.4,0
2021-06-24 09:54:02,1860.55,0
2021-06-24 09:54:06,1860.8,0
2021-06-24 09:54:07,1860.3,0
2021-06-24 09:54:12,1860.8,0
2021-06-24 09:54:14,1860.4,0
2021-06-24 09:54:24,1859.8,0
2021-06-24 09:54:35,1860.25,0
2021-06-24 09:54:38,1860.65,0
2021-06-24 09:54:53,1860.45,0
2021-06-24 09:54:54,1859.5,0
2021-06-24 09:54:55,1859.85,0
2021-06-24 09:54:58,1860.05,0
2021-06-24 09:55:03,1860.0,0
2021-06-24 09:55:04,1860.0,0
2021-06-24 09:55:06,1859.65,0
2021-06-24 09:55:08,1859.4,0
2021-06-24 09:55:09,1859.4,0
2021-06-24 09:55:14,1859.4,0
2021-06-24 09:55:15,1859.5,0
2021-06-24 09:55:18,1860.1,0
2021-06-24 09:55:20,1859.65,0
2021-06-24 09:55:24,1860.15,0
2021-06-24 09:55:27,1859.8,0
2021-06-24 09:55:32,1860.15,0
2021-06-24 09:55:34,1859.75,0
2021-06-24 09:55:47,1860.0,0
2021-06-24 09:55:49,1859.95,0
2021-06-24 09:55:52,1859.75,0
2021-06-24 09:55:55,1859.35,0
2021-06-24 09:56:01,1858.85,0
2021-06-24 09:56:02,1858.85,0
2021-06-24 09:56:12,1860.15,0
2021-06-24 09:56:13,1859.95,0
2021-06-24 09:56:14,1859.45,0
2021-06-24 09:56:17,1860.35,0
2021-06-24 09:56:18,1860.0,0
2021-06-24 09:56:20,1859.95,0
2021-06-24 09:56:24,1859.95,0
2021-06-24 09:56:26,1859.75,0
2021-06-24 09:56:27,1860.1,0
2021-06-24 09:56:28,1860.1,0
2021-06-24 09:56:35,1860.15,0
2021-06-24 09:56:38,1859.55,0
2021-06-24 09:56:39,1859.7,0
2021-06-24 09:56:42,1859.5,0
2021-06-24 09:56:43,1859.5,0
2021-06-24 09:56:45,1859.95,0
2021-06-24 09:56:49,1859.55,0
2021-06-24 09:57:00,1859.95,0
2021-06-24 09:57:07,1859.8,0
2021-06-24 09:57:13,1859.6,0
2021-06-24 09:57:16,1859.4,0
2021-06-24 09:57:19,1858.6,0
2021-06-24 09:57:24,1859.2,0
2021-06-24 09:57:26,1859.3,0
2021-06-24 09:57:39,1859.35,0
2021-06-24 09:57:42,1858.9,0
2021-06-24 09:57:45,1859.2,0
2021-06-24 09:57:47,1858.7,0
2021-06-24 09:57:56,1859.05,0
2021-06-24 09:57:57,1859.05,0
2021-06-24 09:58:05,1859.2,0
2021-06-24 09:58:07,1859.1,0
2021-06-24 09:58:09,1859.1,0
2021-06-24 09:58:11,1858.5,0
2021-06-24 09:58:12,1857.7,0
2021-06-24 09:58:21,1858.3,0
2021-06-24 09:58:23,1858.65,0
2021-06-24 09:58:26,1858.4,0
2021-06-24 09:58:28,1858.65,0
2021-06-24 09:58:29,1858.65,0
2021-06-24 09:58:31,1858.45,0
2021-06-24 09:58:33,1858.4,0
2021-06-24 09:58:40,1858.45,0
2021-06-24 09:58:42,1858.75,0
2021-06-24 09:58:45,1858.2,0
2021-06-24 09:58:48,1859.55,0
2021-06-24 09:58:51,1859.3,0
2021-06-24 09:58:52,1859.35,0
2021-06-24 09:58:53,1859.25,0
2021-06-24 09:58:55,1858.65,0
2021-06-24 09:58:58,1859.95,0
2021-06-24 09:58:59,1859.5,0
2021-06-24 09:59:00,1859.35,0
2021-06-24 09:59:01,1858.9,0
2021-06-24 09:59:02,1860.25,0
2021-06-24 09:59:04,1860.25,0
2021-06-24 09:59:07,1859.85,0
2021-06-24 09:59:15,1859.2,0
2021-06-24 09:59:20,1859.2,0
2021-06-24 09:59:21,1859.25,0
2021-06-24 09:59:22,1859.25,0
2021-06-24 09:59:27,1859.15,0
2021-06-24 09:59:29,1859.3,0
2021-06-24 09:59:31,1859.15,0
2021-06-24 09:59:43,1857.55,0
2021-06-24 09:59:45,1857.95,0
2021-06-24 09:59:50,1858.1,0
2021-06-24 09:59:54,1858.25,0
2021-06-24 09:59:57,1859.05,0
2021-06-24 09:59:58,1858.55,0
2021-06-24 10:00:02,1859.5,0
2021-06-24 10:00:06,1859.55,0
2021-06-24 10:00:08,1859.3,0
2021-06-24 10:00:10,1859.35,0
2021-06-24 10:00:19,1859.6,0
2021-06-24 10:00:24,1860.65,0
2021-06-24 10:00:25,1860.45,0
2021-06-24 10:00:26,1859.95,0
2021-06-24 10:00:35,1860.35,0
2021-06-24 10:00:37,1860.6,0
2021-06-24 10:00:44,1859.55,0
2021-06-24 10:00:49,1860.35,0
2021-06-24 10:00:53,1859.95,0
2021-06-24 10:00:55,1860.15,0
2021-06-24 10:00:56,1860.25,0
2021-06-24 10:00:57,1859.65,0
2021-06-24 10:00:58,1860.0,0
2021-06-24 10:00:59,1860.2,0
2021-06-24 10:01:01,1860.5,0
2021-06-24 10:01:02,1860.0,0
2021-06-24 10:01:03,1860.05,0
2021-06-24 10:01:08,1860.2,0
2021-06-24 10:01:12,1860.2,0
2021-06-24 10:01:16,1860.3,0
2021-06-24 10:01:20,1859.8,0
2021-06-24 10:01:28,1860.0,0
2021-06-24 10:01:31,1860.2,0
2021-06-24 10:01:35,1860.45,0
2021-06-24 10:01:37,1859.95,0
2021-06-24 10:01:40,1859.95,0
2021-06-24 10:01:41,1859.8,0
2021-06-24 10:01:43,1859.3,0
2021-06-24 10:01:44,1859.8,0
2021-06-24 10:01:45,1859.8,0
2021-06-24 10:01:46,1859.55,0
2021-06-24 10:01:48,1860.4,0
2021-06-24 10:01:49,1859.85,0
2021-06-24 10:01:56,1860.15,0
2021-06-24 10:02:01,1860.0,0
2021-06-24 10:02:03,1859.6,0
2021-06-24 10:02:04,1860.05,0
2021-06-24 10:02:05,1860.2,0
2021-06-24 10:02:06,1860.3,0
2021-06-24 10:02:11,1860.25,0
2021-06-24 10:02:13,1859.4,0
2021-06-24 10:02:14,1859.65,0
2021-06-24 10:02:17,1859.9,0
2021-06-24 10:02:21,1860.25,0
2021-06-24 10:02:23,1859.7,0
2021-06-24 10:02:29,1859.3,0
2021-06-24 10:02:30,1859.3,0
2021-06-24 10:02:31,1859.6,0
2021-06-24 10:02:37,1859.4,0
2021-06-24 10:02:43,1859.1,0
2021-06-24 10:02:44,1859.3,0
2021-06-24 10:02:48,1859.45,0
2021-06-24 10:02:49,1859.45,0
2021-06-24 10:02:50,1859.9,0
2021-06-24 10:02:53,1860.0,0
2021-06-24 10:03:01,1860.05,0
2021-06-24 10:03:02,1859.95,0
2021-06-24 10:03:03,1859.45,0
2021-06-24 10:03:10,1859.15,0
2021-06-24 10:03:12,1859.6,0
2021-06-24 10:03:13,1859.6,0
2021-06-24 10:03:21,1859.25,0
2021-06-24 10:03:22,1859.15,0
2021-06-24 10:03:26,1859.7,0
2021-06-24 10:03:27,1859.65,0
2021-06-24 10:03:28,1859.8,0
2021-06-24 10:03:29,1859.25,0
2021-06-24 10:03:34,1859.5,0
2021-06-24 10:03:36,1859.3,0
2021-06-24 10:03:37,1859.05,0
2021-06-24 10:03:39,1859.3,0
2021-06-24 10:03:46,1859.05,0
2021-06-24 10:03:54,1858.95,0
2021-06-24 10:03:57,1859.1,0
2021-06-24 10:04:00,1859.05,0
2021-06-24 10:04:02,1859.05,0
2021-06-24 10:04:03,1858.5,0
2021-06-24 10:04:04,1858.5,0
2021-06-24 10:04:07,1859.05,0
2021-06-24 10:04:17,1859.0,0
2021-06-24 10:04:19,1859.25,0
2021-06-24 10:04:22,1858.9,0
2021-06-24 10:04:28,1858.85,0
2021-06-24 10:04:31,1859.2,0
2021-06-24 10:04:32,1859.2,0
2021-06-24 10:04:33,1859.2,0
2021-06-24 10:04:34,1859.2,0
2021-06-24 10:04:35,1859.75,0
2021-06-24 10:04:43,1859.05,0
2021-06-24 10:04:46,1859.55,0
2021-06-24 10:04:49,1859.7,0
2021-06-24 10:04:50,1859.45,0
2021-06-24 10:04:52,1859.6,0
2021-06-24 10:04:55,1859.1,0
2021-06-24 10:04:57,1859.85,0
2021-06-24 10:05:00,1859.35,0
2021-06-24 10:05:02,1859.65,0
2021-06-24 10:05:06,1858.7,0
2021-06-24 10:05:10,1858.8,0
2021-06-24 10:05:11,1858.15,0
2021-06-24 10:05:14,1858.0,0
2021-06-24 10:05:18,1858.1,0
2021-06-24 10:05:20,1858.75,0
2021-06-24 10:05:24,1859.1,0
2021-06-24 10:05:25,1859.55,0
2021-06-24 10:05:29,1858.9,0
2021-06-24 10:05:32,1859.8,0
2021-06-24 10:05:35,1859.9,0
2021-06-24 10:05:36,1859.6,0
2021-06-24 10:05:37,1859.5,0
2021-06-24 10:05:38,1859.45,0
2021-06-24 10:05:45,1859.15,0
2021-06-24 10:05:47,1859.5,0
2021-06-24 10:05:53,1859.05,0
2021-06-24 10:05:54,1859.5,0
2021-06-24 10:05:56,1859.0,0
2021-06-24 10:06:03,1859.75,0
2021-06-24 10:06:07,1859.35,0
2021-06-24 10:06:10,1859.35,0
2021-06-24 10:06:20,1859.25,0
2021-06-24 10:06:22,1860.0,0
2021-06-24 10:06:26,1859.3,0
2021-06-24 10:06:28,1859.1,0
2021-06-24 10:06:29,1858.65,0
2021-06-24 10:06:31,1858.7,0
2021-06-24 10:06:33,1859.25,0
2021-06-24 10:06:35,1858.1,0
2021-06-24 10:06:36,1857.85,0
2021-06-24 10:06:38,1858.9,0
2021-06-24 10:06:39,1858.95,0
2021-06-24 10:06:40,1857.95,0
2021-06-24 10:06:42,1858.2,0
2021-06-24 10:06:43,1858.6,0
2021-06-24 10:06:45,1857.5,0
2021-06-24 10:06:49,1858.1,0
2021-06-24 10:06:52,1858.4,0
2021-06-24 10:06:55,1857.5,0
2021-06-24 10:06:59,1857.25,0
2021-06-24 10:07:00,1857.75,0
2021-06-24 10:07:16,1857.1,0
2021-06-24 10:07:28,1857.7,0
2021-06-24 10:07:29,1857.7,0
2021-06-24 10:07:30,1857.45,0
2021-06-24 10:07:31,1857.45,0
2021-06-24 10:07:35,1857.75,0
2021-06-24 10:07:41,1857.4,0
2021-06-24 10:07:43,1857.4,0
2021-06-24 10:07:48,1858.1,0
2021-06-24 10:07:52,1858.35,0
2021-06-24 10:08:00,1857.8,0
2021-06-24 10:08:04,1857.55,0
2021-06-24 10:08:10,1855.85,0
2021-06-24 10:08:11,1855.35,0
2021-06-24 10:08:12,1855.45,0
2021-06-24 10:08:25,1855.8,0
2021-06-24 10:08:32,1855.7,0
2021-06-24 10:08:39,1855.35,0
2021-06-24 10:08:45,1855.4,0
2021-06-24 10:08:46,1855.55,0
2021-06-24 10:08:47,1855.3,0
2021-06-24 10:08:56,1854.0,0
2021-06-24 10:09:03,1854.2,0
2021-06-24 10:09:04,1853.6,0
2021-06-24 10:09:06,1854.7,0
2021-06-24 10:09:07,1854.15,0
2021-06-24 10:09:16,1853.8,0
2021-06-24 10:09:17,1853.5,0
2021-06-24 10:09:21,1853.5,0
2021-06-24 10:09:23,1854.0,0
2021-06-24 10:09:30,1854.1,0
2021-06-24 10:09:37,1854.85,0
2021-06-24 10:09:40,1855.2,0
2021-06-24 10:09:47,1854.3,0
2021-06-24 10:09:52,1853.75,0
2021-06-24 10:09:55,1854.25,0
2021-06-24 10:10:00,1854.05,0
2021-06-24 10:10:01,1854.05,0
2021-06-24 10:10:02,1854.6,0
2021-06-24 10:10:04,1854.35,0
2021-06-24 10:10:06,1855.15,0
2021-06-24 10:10:07,1855.15,0
2021-06-24 10:10:15,1855.0,0
2021-06-24 10:10:16,1854.65,0
2021-06-24 10:10:25,1854.5,0
2021-06-24 10:10:34,1854.45,0
2021-06-24 10:10:35,1854.3,0
2021-06-24 10:10:36,1854.3,0
2021-06-24 10:10:37,1854.8,0
2021-06-24 10:10:41,1854.6,0
2021-06-24 10:10:45,1855.45,0
2021-06-24 10:10:49,1855.5,0
2021-06-24 10:10:51,1854.3,0
2021-06-24 10:10:52,1854.6,0
2021-06-24 10:10:53,1854.6,0
2021-06-24 10:11:01,1854.65,0
2021-06-24 10:11:04,1854.3,0
2021-06-24 10:11:05,1854.3,0
2021-06-24 10:11:10,1854.5,0
2021-06-24 10:11:12,1855.0,0
2021-06-24 10:11:14,1855.1,0
2021-06-24 10:11:15,1854.35,0
2021-06-24 10:11:17,1854.65,0
2021-06-24 10:11:22,1854.8,0
2021-06-24 10:11:23,1855.1,0
2021-06-24 10:11:26,1854.7,0
2021-06-24 10:11:27,1854.75,0
2021-06-24 10:11:36,1855.5,0
2021-06-24 10:11:41,1854.5,0
2021-06-24 10:11:44,1854.8,0
2021-06-24 10:11:52,1855.6,0
2021-06-24 10:11:58,1855.05,0
2021-06-24 10:12:00,1854.35,0
2021-06-24 10:12:07,1854.65,0
2021-06-24 10:12:09,1854.7,0
2021-06-24 10:12:10,1855.25,0
2021-06-24 10:12:18,1855.1,0
2021-06-24 10:12:19,1855.3,0
2021-06-24 10:12:20,1855.3,0
2021-06-24 10:12:26,1855.0,0
2021-06-24 10:12:30,1854.8,0
2021-06-24 10:12:37,1854.85,0
2021-06-24 10:12:42,1854.85,0
2021-06-24 10:12:43,1854.65,0
2021-06-24 10:12:45,1854.7,0
2021-06-24 10:12:46,1853.95,0
2021-06-24 10:12:50,1853.75,0
2021-06-24 10:12:54,1853.9,0
2021-06-24 10:12:55,1853.7,0
2021-06-24 10:12:57,1853.7,0
2021-06-24 10:12:59,1853.15,0
2021-06-24 10:13:04,1853.2,0
2021-06-24 10:13:05,1853.0,0
2021-06-24 10:13:11,1853.05,0
2021-06-24 10:13:12,1853.1,0
2021-06-24 10:13:18,1853.4,0
2021-06-24 10:13:20,1853.6,0
2021-06-24 10:13:22,1853.55,0
2021-06-24 10:13:23,1853.3,0
2021-06-24 10:13:31,1854.4,0
2021-06-24 10:13:37,1854.7,0
2021-06-24 10:13:39,1853.9,0
2021-06-24 10:13:42,1854.95,0
2021-06-24 10:13:43,1855.1,0
2021-06-24 10:13:45,1854.7,0
2021-06-24 10:13:53,1855.35,0
2021-06-24 10:13:55,1854.9,0
2021-06-24 10:13:56,1855.25,0
2021-06-24 10:13:58,1855.45,0
2021-06-24 10:13:59,1855.4,0
2021-06-24 10:14:04,1854.85,0
2021-06-24 10:14:06,1854.95,0
2021-06-24 10:14:08,1855.3,0
2021-06-24 10:14:12,1854.85,0
2021-06-24 10:14:21,1854.65,0
2021-06-24 10:14:22,1854.65,0
2021-06-24 10:14:28,1854.6,0
2021-06-24 10:14:32,1854.55,0
2021-06-24 10:14:34,1854.45,0
2021-06-24 10:14:40,1854.35,0
2021-06-24 10:14:44,1854.35,0
2021-06-24 10:14:47,1854.85,0
2021-06-24 10:14:49,1854.55,0
2021-06-24 10:14:55,1855.7,0
2021-06-24 10:14:56,1855.7,0
2021-06-24 10:14:58,1855.3,0
2021-06-24 10:14:59,1855.3,0
2021-06-24 10:15:01,1855.8,0
2021-06-24 10:15:02,1855.1,0
2021-06-24 10:15:05,1854.25,0
2021-06-24 10:15:20,1854.35,0
2021-06-24 10:15:22,1854.75,0
2021-06-24 10:15:27,1854.3,0
2021-06-24 10:15:30,1854.55,0
2021-06-24 10:15:31,1854.65,0
2021-06-24 10:15:33,1854.35,0
2021-06-24 10:15:39,1854.75,0
2021-06-24 10:15:44,1854.75,0
2021-06-24 10:15:45,1854.65,0
2021-06-24 10:15:47,1854.65,0
2021-06-24 10:15:49,1854.1,0
2021-06-24 10:15:52,1854.1,0
2021-06-24 10:15:53,1853.8,0
2021-06-24 10:15:56,1854.45,0
2021-06-24 10:16:05,1854.9,0
2021-06-24 10:16:13,1854.75,0
2021-06-24 10:16:14,1854.8,0
2021-06-24 10:16:20,1853.85,0
2021-06-24 10:16:25,1853.85,0
2021-06-24 10:16:27,1853.85,0
2021-06-24 10:16:28,1854.3,0
2021-06-24 10:16:29,1854.4,0
2021-06-24 10:16:36,1853.85,0
2021-06-24 10:16:39,1854.45,0
2021-06-24 10:16:40,1854.0,0
2021-06-24 10:16:42,1853.85,0
2021-06-24 10:16:43,1854.0,0
2021-06-24 10:16:52,1854.05,0
2021-06-24 10:16:54,1854.3,0
2021-06-24 10:16:55,1854.65,0
2021-06-24 10:17:02,1854.85,0
2021-06-24 10:17:07,1855.1,0
2021-06-24 10:17:13,1854.95,0
2021-06-24 10:17:16,1854.35,0
2021-06-24 10:17:26,1854.55,0
2021-06-24 10:17:27,1854.55,0
2021-06-24 10:17:29,1854.35,0
2021-06-24 10:17:30,1854.25,0
2021-06-24 10:17:32,1854.85,0
2021-06-24 10:17:37,1855.3,0
2021-06-24 10:17:41,1854.85,0
2021-06-24 10:17:54,1854.65,0
2021-06-24 10:17:56,1854.35,0
2021-06-24 10:17:57,1854.5,0
2021-06-24 10:18:00,1854.7,0
2021-06-24 10:18:03,1854.7,0
2021-06-24 10:18:04,1854.55,0
2021-06-24 10:18:05,1853.65,0
2021-06-24 10:18:06,1853.9,0
2021-06-24 10:18:09,1854.2,0
2021-06-24 10:18:12,1854.1,0
2021-06-24 10:18:13,1854.45,0
2021-06-24 10:18:14,1854.45,0
2021-06-24 10:18:15,1854.0,0
2021-06-24 10:18:18,1854.6,0
2021-06-24 10:18:19,1854.3,0
2021-06-24 10:18:21,1854.05,0
2021-06-24 10:18:29,1854.1,0
2021-06-24 10:18:34,1854.0,0
2021-06-24 10:18:38,1854.65,0
2021-06-24 10:18:39,1854.2,0
2021-06-24 10:18:42,1854.0,0
2021-06-24 10:18:45,1853.7,0
2021-06-24 10:18:49,1854.4,0
2021-06-24 10:18:54,1853.9,0
2021-06-24 10:18:58,1853.65,0
2021-06-24 10:18:59,1853.65,0
2021-06-24 10:19:07,1853.6,0
2021-06-24 10:19:10,1853.85,0
2021-06-24 10:19:12,1854.5,0
2021-06-24 10:19:14,1853.8,0
2021-06-24 10:19:15,1853.65,0
2021-06-24 10:19:16,1853.65,0
2021-06-24 10:19:24,1854.35,0
2021-06-24 10:19:29,1854.35,0
2021-06-24 10:19:31,1853.9,0
2021-06-24 10:19:34,1854.3,0
2021-06-24 10:19:38,1854.15,0
2021-06-24 10:19:39,1854.2,0
2021-06-24 10:19:44,1854.15,0
2021-06-24 10:19:48,1853.2,0
2021-06-24 10:19:49,1853.25,0
2021-06-24 10:19:51,1853.65,0
2021-06-24 10:19:57,1854.0,0
2021-06-24 10:20:11,1853.65,0
2021-06-24 10:20:13,1853.5,0
2021-06-24 10:20:22,1854.15,0
2021-06-24 10:20:23,1853.6,0
2021-06-24 10:20:24,1853.4,0
2021-06-24 10:20:27,1853.95,0
2021-06-24 10:20:28,1853.55,0
2021-06-24 10:20:29,1853.3,0
2021-06-24 10:20:34,1853.35,0
2021-06-24 10:20:36,1853.05,0
2021-06-24 10:20:38,1852.7,0
2021-06-24 10:20:41,1852.95,0
2021-06-24 10:20:43,1853.8,0
2021-06-24 10:20:44,1853.9,0
2021-06-24 10:20:47,1853.45,0
2021-06-24 10:20:48,1853.45,0
2021-06-24 10:20:50,1853.7,0
2021-06-24 10:20:51,1853.2,0
2021-06-24 10:20:54,1853.65,0
2021-06-24 10:20:55,1853.7,0
2021-06-24 10:20:56,1854.1,0
2021-06-24 10:20:58,1853.7,0
2021-06-24 10:20:59,1853.7,0
2021-06-24 10:21:02,1854.35,0
2021-06-24 10:21:05,1853.6,0
2021-06-24 10:21:22,1853.65,0
2021-06-24 10:21:25,1852.9,0
2021-06-24 10:21:28,1853.65,0
2021-06-24 10:21:32,1854.05,0
2021-06-24 10:21:35,1854.9,0
2021-06-24 10:21:38,1853.9,0
2021-06-24 10:21:42,1853.85,0
2021-06-24 10:21:43,1853.85,0
2021-06-24 10:21:45,1854.05,0
2021-06-24 10:21:46,1854.4,0
2021-06-24 10:21:48,1854.5,0
2021-06-24 10:21:49,1854.25,0
2021-06-24 10:21:51,1854.25,0
2021-06-24 10:21:53,1854.4,0
2021-06-24 10:22:00,1854.0,0
2021-06-24 10:22:01,1854.8,0
2021-06-24 10:22:03,1854.55,0
2021-06-24 10:22:05,1854.7,0
2021-06-24 10:22:07,1854.2,0
2021-06-24 10:22:09,1854.9,0
2021-06-24 10:22:12,1854.1,0
2021-06-24 10:22:15,1854.35,0
2021-06-24 10:22:16,1854.2,0
2021-06-24 10:22:20,1854.9,0
2021-06-24 10:22:22,1854.4,0
2021-06-24 10:22:27,1854.65,0
2021-06-24 10:22:36,1854.55,0
2021-06-24 10:22:40,1854.2,0
2021-06-24 10:22:42,1854.95,0
2021-06-24 10:22:51,1854.15,0
2021-06-24 10:22:53,1853.95,0
2021-06-24 10:22:55,1853.75,0
2021-06-24 10:22:56,1853.75,0
2021-06-24 10:23:03,1854.1,0
2021-06-24 10:23:05,1853.6,0
2021-06-24 10:23:07,1854.1,0
2021-06-24 10:23:08,1854.0,0
2021-06-24 10:23:09,1853.5,0
2021-06-24 10:23:10,1853.55,0
2021-06-24 10:23:11,1853.55,0
2021-06-24 10:23:12,1854.05,0
2021-06-24 10:23:14,1853.8,0
2021-06-24 10:23:16,1854.45,0
2021-06-24 10:23:19,1854.1,0
2021-06-24 10:23:20,1854.1,0
2021-06-24 10:23:22,1853.9,0
2021-06-24 10:23:26,1854.65,0
2021-06-24 10:23:28,1854.05,0
2021-06-24 10:23:29,1854.45,0
2021-06-24 10:23:30,1854.35,0
2021-06-24 10:23:35,1854.75,0
2021-06-24 10:23:36,1854.75,0
2021-06-24 10:23:38,1854.55,0
2021-06-24 10:23:40,1854.55,0
2021-06-24 10:23:47,1854.15,0
2021-06-24 10:23:50,1854.15,0
2021-06-24 10:24:01,1854.25,0
2021-06-24 10:24:02,1853.95,0
2021-06-24 10:24:05,1854.85,0
2021-06-24 10:24:07,1854.35,0
2021-06-24 10:24:10,1854.25,0
2021-06-24 10:24:11,1854.0,0
2021-06-24 10:24:14,1854.55,0
2021-06-24 10:24:15,1854.65,0
2021-06-24 10:24:16,1854.3,0
2021-06-24 10:24:20,1854.55,0
2021-06-24 10:24:21,1854.65,0
2021-06-24 10:24:23,1854.85,0
2021-06-24 10:24:25,1855.05,0
2021-06-24 10:24:26,1855.05,0
2021-06-24 10:24:28,1854.6,0
2021-06-24 10:24:38,1854.25,0
2021-06-24 10:24:41,1855.0,0
2021-06-24 10:24:42,1854.5,0
2021-06-24 10:24:48,1854.2,0
2021-06-24 10:24:50,1854.65,0
2021-06-24 10:24:53,1854.55,0
2021-06-24 10:24:57,1855.25,0
2021-06-24 10:24:58,1854.9,0
2021-06-24 10:24:59,1854.9,0
2021-06-24 10:25:01,1855.3,0
2021-06-24 10:25:03,1854.95,0
2021-06-24 10:25:04,1854.95,0
2021-06-24 10:25:05,1854.95,0
2021-06-24 10:25:07,1855.45,0
2021-06-24 10:25:08,1854.85,0
2021-06-24 10:25:10,1855.0,0
2021-06-24 10:25:12,1855.0,0
2021-06-24 10:25:13,1855.0,0
2021-06-24 10:25:21,1855.1,0
2021-06-24 10:25:22,1854.95,0
2021-06-24 10:25:26,1855.25,0
2021-06-24 10:25:27,1855.0,0
2021-06-24 10:25:28,1855.0,0
2021-06-24 10:25:32,1855.95,0
2021-06-24 10:25:34,1855.85,0
2021-06-24 10:25:36,1855.75,0
2021-06-24 10:25:39,1855.05,0
2021-06-24 10:25:40,1855.55,0
2021-06-24 10:25:43,1854.9,0
2021-06-24 10:25:44,1855.8,0
2021-06-24 10:25:45,1855.8,0
2021-06-24 10:25:47,1855.35,0
2021-06-24 10:25:50,1855.85,0
2021-06-24 10:25:51,1855.85,0
2021-06-24 10:25:52,1855.4,0
2021-06-24 10:25:53,1855.85,0
2021-06-24 10:25:54,1855.45,0
2021-06-24 10:25:55,1855.9,0
2021-06-24 10:25:57,1855.25,0
2021-06-24 10:26:00,1855.7,0
2021-06-24 10:26:02,1855.05,0
2021-06-24 10:26:03,1854.9,0
2021-06-24 10:26:05,1855.3,0
2021-06-24 10:26:06,1855.75,0
2021-06-24 10:26:07,1855.75,0
2021-06-24 10:26:08,1855.45,0
2021-06-24 10:26:12,1855.35,0
2021-06-24 10:26:14,1854.9,0
2021-06-24 10:26:16,1855.35,0
2021-06-24 10:26:21,1855.25,0
2021-06-24 10:26:24,1854.75,0
2021-06-24 10:26:26,1855.4,0
2021-06-24 10:26:28,1855.6,0
2021-06-24 10:26:30,1855.25,0
2021-06-24 10:26:31,1855.25,0
2021-06-24 10:26:33,1855.6,0
2021-06-24 10:26:36,1855.05,0
2021-06-24 10:26:37,1855.0,0
2021-06-24 10:26:42,1854.9,0
2021-06-24 10:26:46,1854.85,0
2021-06-24 10:26:48,1855.45,0
2021-06-24 10:26:52,1855.2,0
2021-06-24 10:26:53,1855.8,0
2021-06-24 10:26:56,1855.1,0
2021-06-24 10:27:02,1855.15,0
2021-06-24 10:27:04,1855.6,0
2021-06-24 10:27:05,1855.6,0
2021-06-24 10:27:06,1855.8,0
2021-06-24 10:27:07,1855.5,0
2021-06-24 10:27:08,1855.5,0
2021-06-24 10:27:12,1855.55,0
2021-06-24 10:27:14,1856.4,0
2021-06-24 10:27:18,1855.85,0
2021-06-24 10:27:19,1855.75,0
2021-06-24 10:27:22,1856.15,0
2021-06-24 10:27:24,1855.8,0
2021-06-24 10:27:25,1855.95,0
2021-06-24 10:27:26,1855.6,0
2021-06-24 10:27:29,1855.6,0
2021-06-24 10:27:30,1856.4,0
2021-06-24 10:27:35,1856.55,0
2021-06-24 10:27:37,1856.65,0
2021-06-24 10:27:38,1856.85,0
2021-06-24 10:27:44,1856.75,0
2021-06-24 10:27:47,1856.2,0
2021-06-24 10:27:51,1856.3,0
2021-06-24 10:27:54,1857.25,0
2021-06-24 10:27:55,1857.25,0
2021-06-24 10:27:57,1856.9,0
2021-06-24 10:27:58,1856.8,0
2021-06-24 10:28:05,1856.95,0
2021-06-24 10:28:07,1857.65,0
2021-06-24 10:28:10,1857.4,0
2021-06-24 10:28:13,1857.4,0
2021-06-24 10:28:21,1857.1,0
2021-06-24 10:28:22,1857.15,0
2021-06-24 10:28:24,1857.75,0
2021-06-24 10:28:25,1857.8,0
2021-06-24 10:28:27,1857.45,0
2021-06-24 10:28:32,1856.35,0
2021-06-24 10:28:36,1857.2,0
2021-06-24 10:28:37,1857.2,0
2021-06-24 10:28:40,1856.7,0
2021-06-24 10:28:44,1857.6,0
2021-06-24 10:28:47,1857.65,0
2021-06-24 10:28:48,1857.3,0
2021-06-24 10:28:50,1857.15,0
2021-06-24 10:28:56,1857.05,0
2021-06-24 10:28:58,1857.55,0
2021-06-24 10:28:59,1857.55,0
2021-06-24 10:29:06,1857.35,0
2021-06-24 10:29:08,1856.8,0
2021-06-24 10:29:11,1857.15,0
2021-06-24 10:29:14,1857.1,0
2021-06-24 10:29:15,1857.1,0
2021-06-24 10:29:16,1857.1,0
2021-06-24 10:29:20,1857.0,0
2021-06-24 10:29:21,1857.0,0
2021-06-24 10:29:22,1857.45,0
2021-06-24 10:29:23,1857.25,0
2021-06-24 10:29:25,1857.35,0
2021-06-24 10:29:27,1857.35,0
2021-06-24 10:29:28,1857.35,0
2021-06-24 10:29:30,1857.3,0
2021-06-24 10:29:31,1856.35,0
2021-06-24 10:29:32,1856.75,0
2021-06-24 10:29:35,1857.0,0
2021-06-24 10:29:37,1856.7,0
2021-06-24 10:29:38,1856.7,0
2021-06-24 10:29:39,1857.15,0
2021-06-24 10:29:40,1857.4,0
2021-06-24 10:29:42,1856.9,0
2021-06-24 10:29:44,1856.75,0
2021-06-24 10:29:46,1857.05,0
2021-06-24 10:29:47,1857.25,0
2021-06-24 10:29:53,1857.75,0
2021-06-24 10:29:54,1857.85,0
2021-06-24 10:29:56,1857.75,0
2021-06-24 10:29:58,1857.75,0
2021-06-24 10:29:59,1857.75,0
2021-06-24 10:30:00,1857.75,0
2021-06-24 10:30:02,1857.3,0
2021-06-24 10:30:06,1856.95,0
2021-06-24 10:30:07,1856.8,0
2021-06-24 10:30:11,1857.0,0
2021-06-24 10:30:12,1857.5,0
2021-06-24 10:30:17,1856.85,0
2021-06-24 10:30:18,1857.35,0
2021-06-24 10:30:24,1856.85,0
2021-06-24 10:30:28,1857.5,0
2021-06-24 10:30:30,1857.2,0
2021-06-24 10:30:33,1857.05,0
2021-06-24 10:30:38,1857.3,0
2021-06-24 10:30:42,1856.85,0
2021-06-24 10:30:43,1857.3,0
2021-06-24 10:30:46,1857.3,0
2021-06-24 10:30:49,1857.55,0
2021-06-24 10:30:53,1857.3,0
2021-06-24 10:30:54,1857.3,0
2021-06-24 10:30:55,1857.05,0
2021-06-24 10:30:59,1857.0,0
2021-06-24 10:31:02,1856.85,0
2021-06-24 10:31:04,1856.9,0
2021-06-24 10:31:05,1856.9,0
2021-06-24 10:31:06,1857.35,0
2021-06-24 10:31:09,1856.8,0
2021-06-24 10:31:12,1857.55,0
2021-06-24 10:31:17,1857.1,0
2021-06-24 10:31:18,1856.6,0
2021-06-24 10:31:19,1856.55,0
2021-06-24 10:31:20,1856.6,0
2021-06-24 10:31:21,1857.3,0
2021-06-24 10:31:22,1857.4,0
2021-06-24 10:31:24,1856.6,0
2021-06-24 10:31:25,1857.4,0
2021-06-24 10:31:28,1857.1,0
2021-06-24 10:31:29,1856.6,0
2021-06-24 10:31:30,1857.05,0
2021-06-24 10:31:33,1857.85,0
2021-06-24 10:31:37,1857.05,0
2021-06-24 10:31:40,1856.8,0
2021-06-24 10:31:42,1857.0,0
2021-06-24 10:31:44,1856.5,0
2021-06-24 10:31:53,1857.2,0
2021-06-24 10:31:57,1856.7,0
2021-06-24 10:31:58,1856.5,0
2021-06-24 10:32:00,1856.85,0
2021-06-24 10:32:01,1856.1,0
2021-06-24 10:32:03,1856.15,0
2021-06-24 10:32:11,1856.4,0
2021-06-24 10:32:12,1856.45,0
2021-06-24 10:32:20,1855.35,0
2021-06-24 10:32:25,1855.25,0
2021-06-24 10:32:28,1855.5,0
2021-06-24 10:32:29,1855.5,0
2021-06-24 10:32:36,1855.15,0
2021-06-24 10:32:37,1855.15,0
2021-06-24 10:32:39,1854.75,0
2021-06-24 10:32:40,1854.35,0
2021-06-24 10:32:41,1853.8,0
2021-06-24 10:32:52,1853.9,0
2021-06-24 10:32:54,1854.45,0
2021-06-24 10:33:00,1854.7,0
2021-06-24 10:33:02,1854.45,0
2021-06-24 10:33:04,1854.95,0
2021-06-24 10:33:08,1854.2,0
2021-06-24 10:33:11,1854.8,0
2021-06-24 10:33:12,1855.1,0
2021-06-24 10:33:16,1853.75,0
2021-06-24 10:33:20,1854.35,0
2021-06-24 10:33:21,1854.35,0
2021-06-24 10:33:22,1853.9,0
2021-06-24 10:33:28,1853.5,0
2021-06-24 10:33:29,1853.75,0
2021-06-24 10:33:30,1854.5,0
2021-06-24 10:33:31,1854.6,0
2021-06-24 10:33:34,1853.7,0
2021-06-24 10:33:36,1854.3,0
2021-06-24 10:33:43,1854.85,0
2021-06-24 10:33:45,1854.0,0
2021-06-24 10:33:48,1854.6,0
2021-06-24 10:33:55,1854.35,0
2021-06-24 10:33:56,1854.35,0
2021-06-24 10:33:57,1854.5,0
2021-06-24 10:33:59,1855.0,0
2021-06-24 10:34:00,1854.65,0
2021-06-24 10:34:02,1854.2,0
2021-06-24 10:34:03,1854.2,0
2021-06-24 10:34:05,1854.95,0
2021-06-24 10:34:08,1855.0,0
2021-06-24 10:34:09,1855.0,0
2021-06-24 10:34:10,1854.7,0
2021-06-24 10:34:11,1854.5,0
2021-06-24 10:34:12,1855.0,0
2021-06-24 10:34:17,1855.0,0
2021-06-24 10:34:19,1855.0,0
2021-06-24 10:34:21,1854.4,0
2021-06-24 10:34:22,1854.3,0
2021-06-24 10:34:25,1854.3,0
2021-06-24 10:34:26,1854.35,0
2021-06-24 10:34:27,1854.2,0
2021-06-24 10:34:28,1854.15,0
2021-06-24 10:34:30,1854.15,0
2021-06-24 10:34:33,1854.65,0
2021-06-24 10:34:36,1854.55,0
2021-06-24 10:34:37,1854.75,0
2021-06-24 10:34:41,1854.75,0
2021-06-24 10:34:42,1854.75,0
2021-06-24 10:34:43,1855.0,0
2021-06-24 10:34:46,1854.9,0
2021-06-24 10:34:51,1854.75,0
2021-06-24 10:34:53,1854.55,0
2021-06-24 10:34:55,1855.2,0
2021-06-24 10:34:56,1855.4,0
2021-06-24 10:34:57,1855.55,0
2021-06-24 10:34:58,1855.3,0
2021-06-24 10:35:01,1855.65,0
2021-06-24 10:35:06,1855.45,0
2021-06-24 10:35:08,1855.95,0
2021-06-24 10:35:12,1855.35,0
2021-06-24 10:35:14,1855.35,0
2021-06-24 10:35:20,1855.55,0
2021-06-24 10:35:22,1855.75,0
2021-06-24 10:35:24,1855.4,0
2021-06-24 10:35:25,1855.5,0
2021-06-24 10:35:27,1856.0,0
2021-06-24 10:35:28,1855.4,0
2021-06-24 10:35:29,1855.75,0
2021-06-24 10:35:31,1856.15,0
2021-06-24 10:35:33,1856.25,0
2021-06-24 10:35:35,1856.25,0
2021-06-24 10:35:36,1856.25,0
2021-06-24 10:35:38,1855.85,0
2021-06-24 10:35:42,1856.15,0
2021-06-24 10:35:44,1856.2,0
2021-06-24 10:35:45,1856.1,0
2021-06-24 10:35:47,1855.75,0
2021-06-24 10:35:49,1855.75,0
2021-06-24 10:35:54,1856.1,0
2021-06-24 10:35:56,1856.55,0
2021-06-24 10:35:57,1856.45,0
2021-06-24 10:36:03,1856.7,0
2021-06-24 10:36:06,1856.25,0
2021-06-24 10:36:07,1856.6,0
2021-06-24 10:36:10,1856.05,0
2021-06-24 10:36:13,1856.35,0
2021-06-24 10:36:17,1856.85,0
2021-06-24 10:36:18,1856.65,0
2021-06-24 10:36:20,1856.4,0
2021-06-24 10:36:21,1856.85,0
2021-06-24 10:36:22,1856.5,0
2021-06-24 10:36:23,1856.1,0
2021-06-24 10:36:27,1856.55,0
2021-06-24 10:36:29,1856.1,0
2021-06-24 10:36:32,1856.2,0
2021-06-24 10:36:34,1856.55,0
2021-06-24 10:36:35,1856.05,0
2021-06-24 10:36:36,1855.7,0
2021-06-24 10:36:37,1855.7,0
2021-06-24 10:36:39,1856.05,0
2021-06-24 10:36:40,1856.55,0
2021-06-24 10:36:41,1856.5,0
2021-06-24 10:36:44,1857.15,0
2021-06-24 10:36:48,1856.2,0
2021-06-24 10:36:50,1856.3,0
2021-06-24 10:36:52,1856.75,0
2021-06-24 10:36:53,1856.75,0
2021-06-24 10:36:54,1856.55,0
2021-06-24 10:36:55,1856.55,0
2021-06-24 10:36:56,1856.75,0
2021-06-24 10:37:04,1857.2,0
2021-06-24 10:37:05,1856.75,0
2021-06-24 10:37:06,1856.75,0
2021-06-24 10:37:08,1857.2,0
2021-06-24 10:37:11,1856.85,0
2021-06-24 10:37:13,1857.35,0
2021-06-24 10:37:17,1857.55,0
2021-06-24 10:37:21,1856.95,0
2021-06-24 10:37:25,1856.95,0
2021-06-24 10:37:28,1856.8,0
2021-06-24 10:37:35,1856.1,0
2021-06-24 10:37:42,1856.95,0
2021-06-24 10:37:44,1856.75,0
2021-06-24 10:37:45,1856.75,0
2021-06-24 10:37:52,1856.4,0
2021-06-24 10:37:54,1856.5,0
2021-06-24 10:37:55,1856.95,0
2021-06-24 10:38:00,1856.3,0
2021-06-24 10:38:04,1855.25,0
2021-06-24 10:38:07,1855.55,0
2021-06-24 10:38:10,1855.8,0
2021-06-24 10:38:11,1855.85,0
2021-06-24 10:38:12,1855.6,0
2021-06-24 10:38:19,1855.75,0
2021-06-24 10:38:20,1856.5,0
2021-06-24 10:38:22,1855.9,0
2021-06-24 10:38:25,1856.15,0
2021-06-24 10:38:26,1856.15,0
2021-06-24 10:38:27,1856.15,0
2021-06-24 10:38:35,1856.25,0
2021-06-24 10:38:36,1856.35,0
2021-06-24 10:38:41,1855.95,0
2021-06-24 10:38:44,1856.3,0
2021-06-24 10:38:46,1855.95,0
2021-06-24 10:38:48,1856.2,0
2021-06-24 10:38:53,1856.15,0
2021-06-24 10:38:56,1856.75,0
2021-06-24 10:38:57,1857.0,0
2021-06-24 10:38:58,1856.6,0
2021-06-24 10:39:00,1856.05,0
2021-06-24 10:39:01,1856.0,0
2021-06-24 10:39:04,1856.85,0
2021-06-24 10:39:05,1856.35,0
2021-06-24 10:39:09,1856.85,0
2021-06-24 10:39:10,1856.85,0
2021-06-24 10:39:14,1855.8,0
2021-06-24 10:39:15,1856.35,0
2021-06-24 10:39:16,1855.9,0
2021-06-24 10:39:18,1855.9,0
2021-06-24 10:39:23,1857.1,0
2021-06-24 10:39:24,1856.1,0
2021-06-24 10:39:26,1855.9,0
2021-06-24 10:39:30,1855.45,0
2021-06-24 10:39:31,1855.55,0
2021-06-24 10:39:32,1855.45,0
2021-06-24 10:39:35,1855.35,0
2021-06-24 10:39:49,1855.6,0
2021-06-24 10:39:52,1855.1,0
2021-06-24 10:39:53,1855.6,0
2021-06-24 10:39:55,1855.6,0
2021-06-24 10:39:56,1855.5,0
2021-06-24 10:40:00,1855.5,0
2021-06-24 10:40:06,1855.25,0
2021-06-24 10:40:10,1855.15,0
2021-06-24 10:40:14,1855.65,0
2021-06-24 10:40:17,1855.25,0
2021-06-24 10:40:18,1855.35,0
2021-06-24 10:40:19,1855.85,0
2021-06-24 10:40:24,1855.8,0
2021-06-24 10:40:25,1855.85,0
2021-06-24 10:40:29,1855.3,0
2021-06-24 10:40:30,1855.3,0
2021-06-24 10:40:31,1855.75,0
2021-06-24 10:40:34,1855.85,0
2021-06-24 10:40:37,1855.25,0
2021-06-24 10:40:39,1855.6,0
2021-06-24 10:40:40,1855.55,0
2021-06-24 10:40:43,1855.6,0
2021-06-24 10:40:48,1855.45,0
2021-06-24 10:40:52,1855.6,0
2021-06-24 10:40:56,1855.75,0
2021-06-24 10:40:59,1855.0,0
2021-06-24 10:41:00,1855.0,0
2021-06-24 10:41:01,1855.0,0
2021-06-24 10:41:02,1855.45,0
2021-06-24 10:41:03,1855.45,0
2021-06-24 10:41:05,1854.85,0
2021-06-24 10:41:06,1854.55,0
2021-06-24 10:41:07,1855.4,0
2021-06-24 10:41:09,1855.25,0
2021-06-24 10:41:12,1855.15,0
2021-06-24 10:41:14,1855.3,0
2021-06-24 10:41:15,1855.4,0
2021-06-24 10:41:19,1854.85,0
2021-06-24 10:41:27,1855.15,0
2021-06-24 10:41:28,1855.15,0
2021-06-24 10:41:32,1855.4,0
2021-06-24 10:41:34,1855.15,0
2021-06-24 10:41:35,1854.8,0
2021-06-24 10:41:37,1854.65,0
2021-06-24 10:41:38,1854.95,0
2021-06-24 10:41:41,1855.15,0
2021-06-24 10:41:44,1854.95,0
2021-06-24 10:41:45,1855.6,0
2021-06-24 10:41:51,1854.85,0
2021-06-24 10:41:52,1853.9,0
2021-06-24 10:41:53,1853.9,0
2021-06-24 10:41:57,1854.75,0
2021-06-24 10:42:00,1854.55,0
2021-06-24 10:42:01,1854.75,0
2021-06-24 10:42:02,1854.5,0
2021-06-24 10:42:08,1854.2,0
2021-06-24 10:42:13,1854.3,0
2021-06-24 10:42:16,1853.7,0
2021-06-24 10:42:21,1854.15,0
2021-06-24 10:42:25,1853.95,0
2021-06-24 10:42:30,1853.85,0
2021-06-24 10:42:32,1854.35,0
2021-06-24 10:42:34,1854.35,0
2021-06-24 10:42:36,1854.4,0
2021-06-24 10:42:38,1854.4,0
2021-06-24 10:42:39,1854.15,0
2021-06-24 10:42:41,1853.85,0
2021-06-24 10:42:42,1853.95,0
2021-06-24 10:42:44,1853.2,0
2021-06-24 10:42:45,1853.8,0
2021-06-24 10:42:48,1853.65,0
2021-06-24 10:42:52,1853.2,0
2021-06-24 10:42:54,1853.05,0
2021-06-24 10:42:59,1853.7,0
2021-06-24 10:43:05,1853.0,0
2021-06-24 10:43:06,1853.75,0
2021-06-24 10:43:08,1853.9,0
2021-06-24 10:43:12,1852.75,0
2021-06-24 10:43:13,1853.25,0
2021-06-24 10:43:20,1853.7,0
2021-06-24 10:43:22,1853.9,0
2021-06-24 10:43:24,1853.3,0
2021-06-24 10:43:29,1852.7,0
2021-06-24 10:43:31,1852.7,0
2021-06-24 10:43:33,1852.8,0
2021-06-24 10:43:34,1853.0,0
2021-06-24 10:43:36,1852.5,0
2021-06-24 10:43:39,1852.9,0
2021-06-24 10:43:42,1853.4,0
2021-06-24 10:43:43,1852.8,0
2021-06-24 10:43:44,1852.9,0
2021-06-24 10:43:45,1853.45,0
2021-06-24 10:43:46,1853.45,0
2021-06-24 10:43:49,1853.35,0
2021-06-24 10:43:50,1853.8,0
2021-06-24 10:43:52,1853.6,0
2021-06-24 10:43:53,1853.6,0
2021-06-24 10:43:55,1853.1,0
2021-06-24 10:43:58,1853.3,0
2021-06-24 10:43:59,1853.3,0
2021-06-24 10:44:00,1852.9,0
2021-06-24 10:44:02,1852.7,0
2021-06-24 10:44:03,1852.8,0
2021-06-24 10:44:06,1852.8,0
2021-06-24 10:44:07,1852.9,0
2021-06-24 10:44:09,1853.4,0
2021-06-24 10:44:10,1853.25,0
2021-06-24 10:44:12,1853.0,0
2021-06-24 10:44:14,1853.6,0
2021-06-24 10:44:18,1852.7,0
2021-06-24 10:44:19,1852.35,0
2021-06-24 10:44:20,1852.95,0
2021-06-24 10:44:21,1853.2,0
2021-06-24 10:44:22,1852.75,0
2021-06-24 10:44:25,1852.6,0
2021-06-24 10:44:29,1852.65,0
2021-06-24 10:44:32,1853.45,0
2021-06-24 10:44:38,1853.3,0
2021-06-24 10:44:39,1853.35,0
2021-06-24 10:44:41,1853.0,0
2021-06-24 10:44:42,1853.0,0
2021-06-24 10:44:47,1853.35,0
2021-06-24 10:44:49,1853.35,0
2021-06-24 10:44:53,1853.05,0
2021-06-24 10:44:54,1853.05,0
2021-06-24 10:44:55,1853.5,0
2021-06-24 10:44:56,1853.55,0
2021-06-24 10:44:58,1853.6,0
2021-06-24 10:44:59,1853.1,0
2021-06-24 10:45:02,1853.15,0
2021-06-24 10:45:05,1853.35,0
2021-06-24 10:45:06,1853.35,0
2021-06-24 10:45:13,1853.0,0
2021-06-24 10:45:15,1853.8,0
2021-06-24 10:45:22,1854.0,0
2021-06-24 10:45:24,1853.2,0
2021-06-24 10:45:26,1853.7,0
2021-06-24 10:45:28,1853.1,0
2021-06-24 10:45:31,1852.7,0
2021-06-24 10:45:32,1853.15,0
2021-06-24 10:45:34,1852.7,0
2021-06-24 10:45:36,1852.65,0
2021-06-24 10:45:37,1853.1,0
2021-06-24 10:45:38,1853.1,0
2021-06-24 10:45:41,1853.05,0
2021-06-24 10:45:43,1853.05,0
2021-06-24 10:45:44,1853.35,0
2021-06-24 10:45:47,1852.65,0
2021-06-24 10:45:50,1853.1,0
2021-06-24 10:45:52,1853.1,0
2021-06-24 10:45:53,1853.25,0
2021-06-24 10:45:55,1853.15,0
2021-06-24 10:45:57,1853.25,0
2021-06-24 10:45:58,1853.25,0
2021-06-24 10:46:00,1853.15,0
2021-06-24 10:46:01,1852.75,0
2021-06-24 10:46:02,1852.75,0
2021-06-24 10:46:08,1852.25,0
2021-06-24 10:46:10,1852.75,0
2021-06-24 10:46:11,1853.35,0
2021-06-24 10:46:13,1852.6,0
2021-06-24 10:46:14,1853.35,0
2021-06-24 10:46:19,1853.0,0
2021-06-24 10:46:22,1853.0,0
2021-06-24 10:46:26,1853.2,0
2021-06-24 10:46:29,1852.25,0
2021-06-24 10:46:31,1851.7,0
2021-06-24 10:46:32,1851.8,0
2021-06-24 10:46:33,1852.3,0
2021-06-24 10:46:35,1852.3,0
2021-06-24 10:46:36,1851.85,0
2021-06-24 10:46:37,1851.85,0
2021-06-24 10:46:40,1851.85,0
2021-06-24 10:46:42,1851.7,0
2021-06-24 10:46:43,1852.0,0
2021-06-24 10:46:48,1851.55,0
2021-06-24 10:46:55,1851.45,0
2021-06-24 10:46:56,1851.45,0
2021-06-24 10:46:57,1851.85,0
2021-06-24 10:46:58,1851.85,0
2021-06-24 10:46:59,1851.4,0
2021-06-24 10:47:00,1851.4,0
2021-06-24 10:47:01,1851.65,0
2021-06-24 10:47:07,1851.9,0
2021-06-24 10:47:10,1850.45,0
2021-06-24 10:47:14,1851.0,0
2021-06-24 10:47:15,1850.95,0
2021-06-24 10:47:16,1851.05,0
2021-06-24 10:47:17,1850.8,0
2021-06-24 10:47:18,1851.6,0
2021-06-24 10:47:21,1851.4,0
2021-06-24 10:47:29,1850.85,0
2021-06-24 10:47:30,1850.9,0
2021-06-24 10:47:32,1851.3,0
2021-06-24 10:47:33,1851.15,0
2021-06-24 10:47:34,1850.95,0
2021-06-24 10:47:36,1850.75,0
2021-06-24 10:47:37,1850.75,0
2021-06-24 10:47:38,1851.2,0
2021-06-24 10:47:42,1850.95,0
2021-06-24 10:47:48,1851.05,0
2021-06-24 10:47:51,1851.75,0
2021-06-24 10:47:56,1851.7,0
2021-06-24 10:47:59,1851.25,0
2021-06-24 10:48:00,1851.8,0
2021-06-24 10:48:04,1851.15,0
2021-06-24 10:48:07,1851.05,0
2021-06-24 10:48:11,1851.3,0
2021-06-24 10:48:14,1851.65,0
2021-06-24 10:48:16,1851.1,0
2021-06-24 10:48:18,1851.15,0
2021-06-24 10:48:20,1851.25,0
2021-06-24 10:48:23,1850.75,0
2021-06-24 10:48:24,1850.95,0
2021-06-24 10:48:25,1851.4,0
2021-06-24 10:48:27,1851.65,0
2021-06-24 10:48:28,1851.65,0
2021-06-24 10:48:30,1851.7,0
2021-06-24 10:48:31,1851.7,0
2021-06-24 10:48:33,1852.2,0
2021-06-24 10:48:34,1851.6,0
2021-06-24 10:48:38,1851.9,0
2021-06-24 10:48:46,1851.65,0
2021-06-24 10:48:51,1851.8,0
2021-06-24 10:48:53,1852.0,0
2021-06-24 10:48:58,1851.2,0
2021-06-24 10:49:00,1851.95,0
2021-06-24 10:49:02,1851.8,0
2021-06-24 10:49:05,1850.8,0
2021-06-24 10:49:06,1851.0,0
2021-06-24 10:49:12,1851.4,0
2021-06-24 10:49:17,1851.95,0
2021-06-24 10:49:21,1851.55,0
2021-06-24 10:49:23,1851.6,0
2021-06-24 10:49:24,1851.15,0
2021-06-24 10:49:25,1851.0,0
2021-06-24 10:49:26,1851.2,0
2021-06-24 10:49:34,1851.85,0
2021-06-24 10:49:35,1851.1,0
2021-06-24 10:49:36,1851.1,0
2021-06-24 10:49:40,1851.1,0
2021-06-24 10:49:44,1851.0,0
2021-06-24 10:49:45,1851.05,0
2021-06-24 10:49:46,1851.05,0
2021-06-24 10:49:47,1851.55,0
2021-06-24 10:49:48,1851.35,0
2021-06-24 10:49:49,1851.05,0
2021-06-24 10:49:51,1851.1,0
2021-06-24 10:49:52,1851.1,0
2021-06-24 10:49:53,1851.2,0
2021-06-24 10:49:58,1851.3,0
2021-06-24 10:49:59,1851.8,0
2021-06-24 10:50:00,1851.95,0
2021-06-24 10:50:01,1851.95,0
2021-06-24 10:50:03,1851.15,0
2021-06-24 10:50:04,1851.5,0
2021-06-24 10:50:10,1851.4,0
2021-06-24 10:50:11,1851.55,0
2021-06-24 10:50:16,1850.45,0
2021-06-24 10:50:18,1851.1,0
2021-06-24 10:50:23,1851.3,0
2021-06-24 10:50:28,1850.7,0
2021-06-24 10:50:29,1850.95,0
2021-06-24 10:50:31,1851.2,0
2021-06-24 10:50:32,1850.75,0
2021-06-24 10:50:33,1851.2,0
2021-06-24 10:50:34,1851.2,0
2021-06-24 10:50:42,1850.8,0
2021-06-24 10:50:50,1851.05,0
2021-06-24 10:50:51,1851.15,0
2021-06-24 10:50:55,1851.05,0
2021-06-24 10:50:57,1849.95,0
2021-06-24 10:51:07,1851.1,0
2021-06-24 10:51:13,1851.4,0
2021-06-24 10:51:16,1851.75,0
2021-06-24 10:51:18,1851.4,0
2021-06-24 10:51:23,1851.2,0
2021-06-24 10:51:27,1852.0,0
2021-06-24 10:51:33,1851.7,0
2021-06-24 10:51:35,1850.9,0
2021-06-24 10:51:37,1851.25,0
2021-06-24 10:51:39,1851.0,0
2021-06-24 10:51:40,1851.1,0
2021-06-24 10:51:42,1851.1,0
2021-06-24 10:51:45,1851.2,0
2021-06-24 10:51:48,1850.6,0
2021-06-24 10:51:52,1850.6,0
2021-06-24 10:51:54,1850.15,0
2021-06-24 10:52:01,1850.75,0
2021-06-24 10:52:05,1851.3,0
2021-06-24 10:52:08,1850.75,0
2021-06-24 10:52:16,1851.05,0
2021-06-24 10:52:17,1851.05,0
2021-06-24 10:52:19,1851.45,0
2021-06-24 10:52:27,1851.75,0
2021-06-24 10:52:28,1851.25,0
2021-06-24 10:52:29,1850.75,0
2021-06-24 10:52:32,1850.6,0
2021-06-24 10:52:37,1851.7,0
2021-06-24 10:52:38,1851.0,0
2021-06-24 10:52:40,1851.05,0
2021-06-24 10:52:43,1851.8,0
2021-06-24 10:52:42,1851.95,0
2021-06-24 10:52:44,1851.9,0
2021-06-24 10:52:46,1851.55,0
2021-06-24 10:52:49,1851.8,0
2021-06-24 10:52:50,1851.7,0
2021-06-24 10:52:51,1851.0,0
2021-06-24 10:52:52,1850.9,0
2021-06-24 10:52:53,1851.35,0
2021-06-24 10:52:56,1850.65,0
2021-06-24 10:52:58,1851.3,0
2021-06-24 10:52:59,1851.45,0
2021-06-24 10:53:02,1850.95,0
2021-06-24 10:53:06,1851.6,0
2021-06-24 10:53:11,1851.6,0
2021-06-24 10:53:12,1851.6,0
2021-06-24 10:53:14,1851.6,0
2021-06-24 10:53:18,1851.3,0
2021-06-24 10:53:19,1851.3,0
2021-06-24 10:53:20,1850.85,0
2021-06-24 10:53:21,1850.85,0
2021-06-24 10:53:26,1851.15,0
2021-06-24 10:53:29,1850.65,0
2021-06-24 10:53:34,1850.75,0
2021-06-24 10:53:36,1851.45,0
2021-06-24 10:53:47,1849.65,0
2021-06-24 10:53:49,1850.15,0
2021-06-24 10:53:51,1850.75,0
2021-06-24 10:53:55,1850.75,0
2021-06-24 10:53:58,1850.4,0
2021-06-24 10:54:00,1850.4,0
2021-06-24 10:54:04,1851.15,0
2021-06-24 10:54:08,1851.4,0
2021-06-24 10:54:12,1850.75,0
2021-06-24 10:54:14,1851.25,0
2021-06-24 10:54:21,1851.1,0
2021-06-24 10:54:26,1851.05,0
2021-06-24 10:54:27,1851.05,0
2021-06-24 10:54:28,1850.95,0
2021-06-24 10:54:30,1850.6,0
2021-06-24 10:54:31,1850.6,0
2021-06-24 10:54:37,1851.3,0
2021-06-24 10:54:39,1850.85,0
2021-06-24 10:54:40,1850.85,0
2021-06-24 10:54:42,1850.65,0
2021-06-24 10:54:43,1850.2,0
2021-06-24 10:54:44,1850.1,0
2021-06-24 10:54:49,1849.9,0
2021-06-24 10:54:51,1850.2,0
2021-06-24 10:54:52,1849.95,0
2021-06-24 10:54:54,1850.7,0
2021-06-24 10:54:57,1850.1,0
2021-06-24 10:54:58,1850.1,0
2021-06-24 10:54:59,1849.9,0
2021-06-24 10:55:04,1849.95,0
2021-06-24 10:55:08,1850.0,0
2021-06-24 10:55:09,1849.7,0
2021-06-24 10:55:13,1849.4,0
2021-06-24 10:55:14,1849.45,0
2021-06-24 10:55:15,1848.4,0
2021-06-24 10:55:17,1849.75,0
2021-06-24 10:55:18,1849.7,0
2021-06-24 10:55:19,1849.7,0
2021-06-24 10:55:21,1849.1,0
2021-06-24 10:55:25,1849.35,0
2021-06-24 10:55:28,1849.3,0
2021-06-24 10:55:30,1849.4,0
2021-06-24 10:55:31,1849.45,0
2021-06-24 10:55:33,1849.0,0
2021-06-24 10:55:35,1848.85,0
2021-06-24 10:55:38,1848.7,0
2021-06-24 10:55:41,1848.45,0
2021-06-24 10:55:42,1848.65,0
2021-06-24 10:55:43,1849.05,0
2021-06-24 10:55:45,1848.5,0
2021-06-24 10:55:49,1849.1,0
2021-06-24 10:55:51,1849.4,0
2021-06-24 10:55:53,1849.1,0
2021-06-24 10:55:54,1848.85,0
2021-06-24 10:55:56,1849.45,0
2021-06-24 10:56:02,1849.4,0
2021-06-24 10:56:05,1849.6,0
2021-06-24 10:56:06,1849.9,0
2021-06-24 10:56:07,1849.6,0
2021-06-24 10:56:08,1849.55,0
2021-06-24 10:56:14,1849.5,0
2021-06-24 10:56:16,1849.05,0
2021-06-24 10:56:18,1849.3,0
2021-06-24 10:56:21,1849.6,0
2021-06-24 10:56:27,1849.8,0
2021-06-24 10:56:34,1849.75,0
2021-06-24 10:56:37,1849.25,0
2021-06-24 10:56:38,1849.7,0
2021-06-24 10:56:39,1849.7,0
2021-06-24 10:56:40,1849.75,0
2021-06-24 10:56:42,1849.05,0
2021-06-24 10:56:44,1849.3,0
2021-06-24 10:56:51,1849.6,0
2021-06-24 10:56:59,1848.85,0
2021-06-24 10:57:01,1848.75,0
2021-06-24 10:57:06,1848.75,0
2021-06-24 10:57:12,1849.35,0
2021-06-24 10:57:15,1848.85,0
2021-06-24 10:57:16,1849.35,0
2021-06-24 10:57:17,1850.15,0
2021-06-24 10:57:23,1850.0,0
2021-06-24 10:57:26,1849.4,0
2021-06-24 10:57:29,1849.6,0
2021-06-24 10:57:39,1849.65,0
2021-06-24 10:57:40,1849.65,0
2021-06-24 10:57:42,1848.95,0
2021-06-24 10:57:49,1849.2,0
2021-06-24 10:57:50,1849.65,0
2021-06-24 10:57:52,1849.55,0
2021-06-24 10:57:56,1849.65,0
2021-06-24 10:57:58,1849.55,0
2021-06-24 10:58:00,1849.35,0
2021-06-24 10:58:05,1848.2,0
2021-06-24 10:58:06,1848.25,0
2021-06-24 10:58:08,1848.85,0
2021-06-24 10:58:10,1849.2,0
2021-06-24 10:58:11,1848.7,0
2021-06-24 10:58:12,1848.7,0
2021-06-24 10:58:13,1848.7,0
2021-06-24 10:58:19,1849.05,0
2021-06-24 10:58:20,1849.1,0
2021-06-24 10:58:21,1849.15,0
2021-06-24 10:58:25,1848.6,0
2021-06-24 10:58:27,1848.35,0
2021-06-24 10:58:28,1848.7,0
2021-06-24 10:58:31,1847.8,0
2021-06-24 10:58:33,1848.25,0
2021-06-24 10:58:35,1848.1,0
2021-06-24 10:58:37,1847.55,0
2021-06-24 10:58:40,1847.6,0
2021-06-24 10:58:41,1848.25,0
2021-06-24 10:58:42,1848.0,0
2021-06-24 10:58:43,1847.1,0
2021-06-24 10:58:44,1846.85,0
2021-06-24 10:58:48,1847.85,0
2021-06-24 10:58:51,1847.3,0
2021-06-24 10:58:56,1846.45,0
2021-06-24 10:58:58,1846.4,0
2021-06-24 10:58:59,1846.45,0
2021-06-24 10:59:08,1846.5,0
2021-06-24 10:59:09,1846.25,0
2021-06-24 10:59:11,1845.95,0
2021-06-24 10:59:13,1846.55,0
2021-06-24 10:59:16,1846.1,0
2021-06-24 10:59:17,1845.95,0
2021-06-24 10:59:18,1845.95,0
2021-06-24 10:59:21,1845.3,0
2021-06-24 10:59:32,1845.9,0
2021-06-24 10:59:33,1845.95,0
2021-06-24 10:59:36,1845.85,0
2021-06-24 10:59:37,1845.75,0
2021-06-24 10:59:41,1846.25,0
2021-06-24 10:59:40,1846.75,0
2021-06-24 10:59:44,1846.55,0
2021-06-24 10:59:45,1847.05,0
2021-06-24 10:59:46,1847.05,0
2021-06-24 10:59:47,1846.95,0
2021-06-24 10:59:48,1847.05,0
2021-06-24 10:59:49,1846.6,0
2021-06-24 10:59:50,1846.7,0
2021-06-24 10:59:51,1846.7,0
2021-06-24 10:59:52,1846.7,0
2021-06-24 10:59:53,1847.2,0
2021-06-24 11:00:00,1847.15,0
2021-06-24 11:00:01,1846.7,0
2021-06-24 11:00:08,1846.85,0
2021-06-24 11:00:11,1847.55,0
2021-06-24 11:00:12,1847.65,0
2021-06-24 11:00:13,1847.85,0
2021-06-24 11:00:14,1847.1,0
2021-06-24 11:00:17,1847.15,0
2021-06-24 11:00:18,1847.65,0
2021-06-24 11:00:20,1847.25,0
2021-06-24 11:00:21,1847.05,0
2021-06-24 11:00:22,1847.55,0
2021-06-24 11:00:23,1847.55,0
2021-06-24 11:00:25,1847.45,0
2021-06-24 11:00:26,1846.95,0
2021-06-24 11:00:30,1847.0,0
2021-06-24 11:00:31,1846.85,0
2021-06-24 11:00:33,1846.5,0
2021-06-24 11:00:37,1847.3,0
2021-06-24 11:00:38,1847.3,0
2021-06-24 11:00:41,1846.9,0
2021-06-24 11:00:42,1846.9,0
2021-06-24 11:00:43,1847.35,0
2021-06-24 11:00:46,1846.75,0
2021-06-24 11:00:50,1846.25,0
2021-06-24 11:00:51,1846.75,0
2021-06-24 11:00:54,1846.8,0
2021-06-24 11:00:57,1847.15,0
2021-06-24 11:00:58,1847.15,0
2021-06-24 11:01:00,1846.85,0
2021-06-24 11:01:06,1847.7,0
2021-06-24 11:01:08,1848.15,0
2021-06-24 11:01:14,1847.65,0
2021-06-24 11:01:16,1847.95,0
2021-06-24 11:01:21,1847.8,0
2021-06-24 11:01:26,1848.25,0
2021-06-24 11:01:27,1848.25,0
2021-06-24 11:01:28,1848.2,0
2021-06-24 11:01:30,1847.9,0
2021-06-24 11:01:31,1847.8,0
2021-06-24 11:01:34,1848.3,0
2021-06-24 11:01:37,1847.6,0
2021-06-24 11:01:38,1847.65,0
2021-06-24 11:01:43,1847.3,0
2021-06-24 11:01:45,1848.05,0
2021-06-24 11:01:46,1848.0,0
2021-06-24 11:01:48,1847.8,0
2021-06-24 11:01:49,1847.8,0
2021-06-24 11:01:54,1848.05,0
2021-06-24 11:01:56,1847.9,0
2021-06-24 11:01:57,1848.4,0
2021-06-24 11:02:02,1847.9,0
2021-06-24 11:02:05,1848.45,0
2021-06-24 11:02:10,1848.1,0
2021-06-24 11:02:11,1848.1,0
2021-06-24 11:02:15,1847.75,0
2021-06-24 11:02:16,1847.7,0
2021-06-24 11:02:19,1847.75,0
2021-06-24 11:02:20,1847.15,0
2021-06-24 11:02:22,1847.75,0
2021-06-24 11:02:28,1847.1,0
2021-06-24 11:02:29,1847.2,0
2021-06-24 11:02:31,1847.35,0
2021-06-24 11:02:33,1846.75,0
2021-06-24 11:02:34,1847.0,0
2021-06-24 11:02:36,1846.9,0
2021-06-24 11:02:41,1846.95,0
2021-06-24 11:02:44,1847.9,0
2021-06-24 11:02:45,1847.9,0
2021-06-24 11:02:46,1847.5,0
2021-06-24 11:02:48,1847.5,0
2021-06-24 11:02:49,1847.5,0
2021-06-24 11:02:50,1847.5,0
2021-06-24 11:02:55,1847.2,0
2021-06-24 11:02:56,1847.2,0
2021-06-24 11:03:02,1847.6,0
2021-06-24 11:03:03,1847.1,0
2021-06-24 11:03:05,1847.3,0
2021-06-24 11:03:06,1846.95,0
2021-06-24 11:03:12,1846.75,0
2021-06-24 11:03:15,1846.9,0
2021-06-24 11:03:18,1846.8,0
2021-06-24 11:03:22,1846.55,0
2021-06-24 11:03:23,1847.05,0
2021-06-24 11:03:28,1846.75,0
2021-06-24 11:03:31,1846.75,0
2021-06-24 11:03:34,1846.35,0
2021-06-24 11:03:37,1847.0,0
2021-06-24 11:03:42,1846.9,0
2021-06-24 11:03:43,1847.0,0
2021-06-24 11:03:53,1846.2,0
2021-06-24 11:03:55,1846.0,0
2021-06-24 11:04:04,1846.3,0
2021-06-24 11:04:05,1845.85,0
2021-06-24 11:04:07,1845.85,0
2021-06-24 11:04:09,1846.1,0
2021-06-24 11:04:10,1846.1,0
2021-06-24 11:04:14,1846.0,0
2021-06-24 11:04:16,1846.1,0
2021-06-24 11:04:25,1845.6,0
2021-06-24 11:04:28,1846.0,0
2021-06-24 11:04:35,1844.5,0
2021-06-24 11:04:37,1845.1,0
2021-06-24 11:04:38,1844.85,0
2021-06-24 11:04:39,1844.5,0
2021-06-24 11:04:43,1844.8,0
2021-06-24 11:04:44,1844.75,0
2021-06-24 11:04:45,1844.75,0
2021-06-24 11:04:46,1844.2,0
2021-06-24 11:04:50,1844.45,0
2021-06-24 11:04:52,1844.3,0
2021-06-24 11:04:57,1844.65,0
2021-06-24 11:04:59,1844.3,0
2021-06-24 11:05:01,1844.6,0
2021-06-24 11:05:03,1844.0,0
2021-06-24 11:05:04,1844.0,0
2021-06-24 11:05:09,1843.7,0
2021-06-24 11:05:11,1845.0,0
2021-06-24 11:05:12,1845.0,0
2021-06-24 11:05:17,1844.05,0
2021-06-24 11:05:18,1844.35,0
2021-06-24 11:05:19,1844.7,0
2021-06-24 11:05:21,1844.15,0
2021-06-24 11:05:23,1844.15,0
2021-06-24 11:05:24,1844.6,0
2021-06-24 11:05:26,1844.75,0
2021-06-24 11:05:29,1843.75,0
2021-06-24 11:05:35,1844.65,0
2021-06-24 11:05:37,1844.75,0
2021-06-24 11:05:39,1844.95,0
2021-06-24 11:05:40,1844.5,0
2021-06-24 11:05:43,1845.05,0
2021-06-24 11:05:44,1845.5,0
2021-06-24 11:05:48,1845.3,0
2021-06-24 11:05:49,1845.25,0
2021-06-24 11:05:52,1844.6,0
2021-06-24 11:05:53,1845.3,0
2021-06-24 11:06:01,1844.6,0
2021-06-24 11:06:02,1845.35,0
2021-06-24 11:06:03,1845.35,0
2021-06-24 11:06:05,1845.55,0
2021-06-24 11:06:06,1845.85,0
2021-06-24 11:06:09,1844.75,0
2021-06-24 11:06:11,1845.3,0
2021-06-24 11:06:12,1845.3,0
2021-06-24 11:06:22,1845.4,0
2021-06-24 11:06:24,1845.95,0
2021-06-24 11:06:26,1846.2,0
2021-06-24 11:06:28,1845.55,0
2021-06-24 11:06:30,1845.7,0
2021-06-24 11:06:31,1846.05,0
2021-06-24 11:06:34,1845.7,0
2021-06-24 11:06:38,1845.35,0
2021-06-24 11:06:40,1845.55,0
2021-06-24 11:06:41,1845.8,0
2021-06-24 11:06:44,1846.1,0
2021-06-24 11:06:45,1846.0,0
2021-06-24 11:06:47,1846.35,0
2021-06-24 11:06:49,1846.4,0
2021-06-24 11:06:50,1845.55,0
2021-06-24 11:06:51,1845.55,0
2021-06-24 11:06:53,1845.95,0
2021-06-24 11:06:55,1846.6,0
2021-06-24 11:06:58,1846.0,0
2021-06-24 11:07:02,1845.7,0
2021-06-24 11:07:05,1846.2,0
2021-06-24 11:07:06,1846.35,0
2021-06-24 11:07:07,1846.05,0
2021-06-24 11:07:08,1845.7,0
2021-06-24 11:07:10,1845.75,0
2021-06-24 11:07:11,1845.5,0
2021-06-24 11:07:14,1845.3,0
2021-06-24 11:07:18,1845.7,0
2021-06-24 11:07:19,1845.85,0
2021-06-24 11:07:20,1845.35,0
2021-06-24 11:07:23,1845.2,0
2021-06-24 11:07:25,1845.5,0
2021-06-24 11:07:27,1845.55,0
2021-06-24 11:07:28,1845.95,0
2021-06-24 11:07:29,1846.0,0
2021-06-24 11:07:31,1846.35,0
2021-06-24 11:07:35,1845.8,0
2021-06-24 11:07:44,1846.7,0
2021-06-24 11:07:46,1846.15,0
2021-06-24 11:07:47,1846.6,0
2021-06-24 11:07:48,1846.1,0
2021-06-24 11:07:49,1846.7,0
2021-06-24 11:07:52,1846.65,0
2021-06-24 11:07:53,1846.75,0
2021-06-24 11:07:54,1847.4,0
2021-06-24 11:07:55,1847.25,0
2021-06-24 11:07:56,1847.25,0
2021-06-24 11:07:57,1846.95,0
2021-06-24 11:07:59,1846.65,0
2021-06-24 11:08:00,1847.2,0
2021-06-24 11:08:01,1847.05,0
2021-06-24 11:08:02,1847.05,0
2021-06-24 11:08:03,1846.6,0
2021-06-24 11:08:05,1846.7,0
2021-06-24 11:08:06,1846.8,0
2021-06-24 11:08:08,1846.25,0
2021-06-24 11:08:10,1846.3,0
2021-06-24 11:08:15,1846.25,0
2021-06-24 11:08:16,1846.25,0
2021-06-24 11:08:18,1846.7,0
2021-06-24 11:08:19,1846.75,0
2021-06-24 11:08:20,1846.65,0
2021-06-24 11:08:21,1846.2,0
2021-06-24 11:08:22,1846.75,0
2021-06-24 11:08:23,1846.55,0
2021-06-24 11:08:28,1845.85,0
2021-06-24 11:08:29,1846.35,0
2021-06-24 11:08:34,1846.75,0
2021-06-24 11:08:36,1846.2,0
2021-06-24 11:08:38,1846.2,0
2021-06-24 11:08:49,1846.1,0
2021-06-24 11:08:50,1845.55,0
2021-06-24 11:08:53,1845.85,0
2021-06-24 11:09:00,1845.75,0
2021-06-24 11:09:02,1845.8,0
2021-06-24 11:09:08,1846.2,0
2021-06-24 11:09:10,1846.7,0
2021-06-24 11:09:14,1846.55,0
2021-06-24 11:09:16,1846.05,0
2021-06-24 11:09:19,1845.95,0
2021-06-24 11:09:20,1846.4,0
2021-06-24 11:09:21,1846.4,0
2021-06-24 11:09:24,1847.0,0
2021-06-24 11:09:26,1846.8,0
2021-06-24 11:09:30,1847.05,0
2021-06-24 11:09:39,1847.35,0
2021-06-24 11:09:40,1847.6,0
2021-06-24 11:09:41,1847.25,0
2021-06-24 11:09:43,1846.9,0
2021-06-24 11:09:44,1847.4,0
2021-06-24 11:09:45,1847.7,0
2021-06-24 11:09:50,1846.75,0
2021-06-24 11:09:51,1847.25,0
2021-06-24 11:09:54,1847.15,0
2021-06-24 11:09:55,1847.15,0
2021-06-24 11:09:58,1846.95,0
2021-06-24 11:10:06,1846.75,0
2021-06-24 11:10:15,1846.7,0
2021-06-24 11:10:16,1846.6,0
2021-06-24 11:10:20,1846.45,0
2021-06-24 11:10:21,1846.85,0
2021-06-24 11:10:22,1846.85,0
2021-06-24 11:10:23,1846.45,0
2021-06-24 11:10:24,1846.45,0
2021-06-24 11:10:25,1846.5,0
2021-06-24 11:10:26,1846.6,0
2021-06-24 11:10:29,1847.0,0
2021-06-24 11:10:32,1847.25,0
2021-06-24 11:10:35,1846.6,0
2021-06-24 11:10:37,1847.0,0
2021-06-24 11:10:43,1846.85,0
2021-06-24 11:10:44,1846.5,0
2021-06-24 11:10:46,1846.5,0
2021-06-24 11:10:49,1846.2,0
2021-06-24 11:10:50,1846.2,0
2021-06-24 11:10:54,1845.95,0
2021-06-24 11:10:59,1845.65,0
2021-06-24 11:11:02,1846.45,0
2021-06-24 11:11:05,1846.7,0
2021-06-24 11:11:08,1846.85,0
2021-06-24 11:11:09,1847.55,0
2021-06-24 11:11:14,1846.5,0
2021-06-24 11:11:18,1846.35,0
2021-06-24 11:11:21,1846.95,0
2021-06-24 11:11:23,1846.5,0
2021-06-24 11:11:25,1846.95,0
2021-06-24 11:11:26,1846.75,0
2021-06-24 11:11:28,1846.25,0
2021-06-24 11:11:29,1846.05,0
2021-06-24 11:11:30,1846.25,0
2021-06-24 11:11:31,1846.75,0
2021-06-24 11:11:32,1846.75,0
2021-06-24 11:11:33,1846.3,0
2021-06-24 11:11:35,1846.35,0
2021-06-24 11:11:36,1846.5,0
2021-06-24 11:11:37,1846.85,0
2021-06-24 11:11:38,1846.5,0
2021-06-24 11:11:42,1846.3,0
2021-06-24 11:11:44,1846.3,0
2021-06-24 11:11:50,1846.8,0
2021-06-24 11:11:51,1846.3,0
2021-06-24 11:11:56,1847.4,0
2021-06-24 11:11:59,1847.1,0
2021-06-24 11:12:03,1845.95,0
2021-06-24 11:12:04,1846.3,0
2021-06-24 11:12:05,1846.3,0
2021-06-24 11:12:10,1846.35,0
2021-06-24 11:12:13,1846.6,0
2021-06-24 11:12:14,1846.7,0
2021-06-24 11:12:15,1846.5,0
2021-06-24 11:12:17,1846.7,0
2021-06-24 11:12:18,1847.0,0
2021-06-24 11:12:20,1847.2,0
2021-06-24 11:12:24,1847.55,0
2021-06-24 11:12:25,1847.55,0
2021-06-24 11:12:27,1846.8,0
2021-06-24 11:12:37,1847.95,0
2021-06-24 11:12:38,1847.4,0
2021-06-24 11:12:40,1847.15,0
2021-06-24 11:12:41,1846.75,0
2021-06-24 11:12:46,1846.85,0
2021-06-24 11:12:47,1848.05,0
2021-06-24 11:12:50,1847.45,0
2021-06-24 11:12:52,1847.75,0
2021-06-24 11:12:53,1847.5,0
2021-06-24 11:12:55,1847.75,0
2021-06-24 11:12:56,1847.15,0
2021-06-24 11:12:57,1847.25,0
2021-06-24 11:13:04,1847.45,0
2021-06-24 11:13:05,1847.0,0
2021-06-24 11:13:10,1846.75,0
2021-06-24 11:13:12,1847.25,0
2021-06-24 11:13:19,1847.1,0
2021-06-24 11:13:22,1847.7,0
2021-06-24 11:13:24,1847.9,0
2021-06-24 11:13:25,1847.65,0
2021-06-24 11:13:31,1847.5,0
2021-06-24 11:13:38,1848.05,0
2021-06-24 11:13:39,1847.3,0
2021-06-24 11:13:42,1847.4,0
2021-06-24 11:13:44,1847.1,0
2021-06-24 11:13:52,1848.0,0
2021-06-24 11:13:53,1848.45,0
2021-06-24 11:13:54,1848.45,0
2021-06-24 11:13:56,1848.0,0
2021-06-24 11:14:02,1848.05,0
2021-06-24 11:14:03,1847.6,0
2021-06-24 11:14:04,1847.6,0
2021-06-24 11:14:05,1847.6,0
2021-06-24 11:14:06,1848.3,0
2021-06-24 11:14:07,1848.3,0
2021-06-24 11:14:08,1847.8,0
2021-06-24 11:14:09,1847.75,0
2021-06-24 11:14:11,1848.05,0
2021-06-24 11:14:14,1847.65,0
2021-06-24 11:14:15,1847.75,0
2021-06-24 11:14:16,1847.75,0
2021-06-24 11:14:19,1848.2,0
2021-06-24 11:14:20,1847.8,0
2021-06-24 11:14:22,1847.6,0
2021-06-24 11:14:24,1848.05,0
2021-06-24 11:14:26,1848.05,0
2021-06-24 11:14:27,1848.05,0
2021-06-24 11:14:28,1847.95,0
2021-06-24 11:14:32,1847.2,0
2021-06-24 11:14:33,1847.2,0
2021-06-24 11:14:37,1846.45,0
2021-06-24 11:14:40,1846.85,0
2021-06-24 11:14:41,1847.1,0
2021-06-24 11:14:44,1846.35,0
2021-06-24 11:14:45,1846.4,0
2021-06-24 11:14:47,1847.1,0
2021-06-24 11:14:48,1847.1,0
2021-06-24 11:14:49,1847.45,0
2021-06-24 11:14:50,1847.45,0
2021-06-24 11:14:51,1847.45,0
2021-06-24 11:14:52,1847.5,0
2021-06-24 11:14:58,1847.65,0
2021-06-24 11:15:01,1847.5,0
2021-06-24 11:15:02,1847.5,0
2021-06-24 11:15:06,1847.2,0
2021-06-24 11:15:07,1847.15,0
2021-06-24 11:15:09,1847.7,0
2021-06-24 11:15:10,1847.55,0
2021-06-24 11:15:12,1847.6,0
2021-06-24 11:15:13,1847.1,0
2021-06-24 11:15:14,1847.0,0
2021-06-24 11:15:15,1846.9,0
2021-06-24 11:15:16,1847.35,0
2021-06-24 11:15:22,1847.8,0
2021-06-24 11:15:23,1847.75,0
2021-06-24 11:15:25,1847.45,0
2021-06-24 11:15:26,1847.65,0
2021-06-24 11:15:28,1848.05,0
2021-06-24 11:15:31,1847.7,0
2021-06-24 11:15:32,1847.6,0
2021-06-24 11:15:33,1848.2,0
2021-06-24 11:15:35,1848.2,0
2021-06-24 11:15:36,1847.65,0
2021-06-24 11:15:46,1847.95,0
2021-06-24 11:15:56,1847.45,0
2021-06-24 11:15:59,1847.4,0
2021-06-24 11:16:07,1848.0,0
2021-06-24 11:16:08,1847.9,0
2021-06-24 11:16:12,1847.95,0
2021-06-24 11:16:14,1848.15,0
2021-06-24 11:16:16,1847.65,0
2021-06-24 11:16:17,1847.65,0
2021-06-24 11:16:18,1848.1,0
2021-06-24 11:16:21,1848.1,0
2021-06-24 11:16:22,1847.6,0
2021-06-24 11:16:27,1847.75,0
2021-06-24 11:16:29,1848.1,0
2021-06-24 11:16:30,1848.1,0
2021-06-24 11:16:34,1847.95,0
2021-06-24 11:16:35,1847.95,0
2021-06-24 11:16:41,1847.85,0
2021-06-24 11:16:48,1847.9,0
2021-06-24 11:16:49,1847.95,0
2021-06-24 11:16:54,1848.2,0
2021-06-24 11:16:55,1848.2,0
2021-06-24 11:17:00,1848.25,0
2021-06-24 11:17:02,1848.25,0
2021-06-24 11:17:05,1848.4,0
2021-06-24 11:17:11,1848.25,0
2021-06-24 11:17:12,1848.1,0
2021-06-24 11:17:14,1848.05,0
2021-06-24 11:17:17,1848.15,0
2021-06-24 11:17:18,1848.0,0
2021-06-24 11:17:23,1847.3,0
2021-06-24 11:17:24,1847.8,0
2021-06-24 11:17:26,1847.95,0
2021-06-24 11:17:28,1847.5,0
2021-06-24 11:17:35,1847.8,0
2021-06-24 11:17:36,1847.85,0
2021-06-24 11:17:39,1847.2,0
2021-06-24 11:17:40,1847.2,0
2021-06-24 11:17:54,1847.4,0
2021-06-24 11:17:55,1847.85,0
2021-06-24 11:17:56,1847.75,0
2021-06-24 11:17:59,1847.3,0
2021-06-24 11:18:00,1847.3,0
2021-06-24 11:18:06,1846.95,0
2021-06-24 11:18:07,1847.2,0
2021-06-24 11:18:08,1847.65,0
2021-06-24 11:18:09,1847.65,0
2021-06-24 11:18:22,1846.3,0
2021-06-24 11:18:23,1846.75,0
2021-06-24 11:18:28,1846.65,0
2021-06-24 11:18:29,1846.4,0
2021-06-24 11:18:31,1846.8,0
2021-06-24 11:18:33,1846.45,0
2021-06-24 11:18:38,1846.5,0
2021-06-24 11:18:44,1846.65,0
2021-06-24 11:18:45,1846.8,0
2021-06-24 11:18:56,1846.85,0
2021-06-24 11:18:58,1846.3,0
2021-06-24 11:18:59,1846.3,0
2021-06-24 11:19:01,1847.1,0
2021-06-24 11:19:02,1847.1,0
2021-06-24 11:19:06,1846.9,0
2021-06-24 11:19:12,1846.9,0
2021-06-24 11:19:13,1846.9,0
2021-06-24 11:19:15,1847.15,0
2021-06-24 11:19:16,1847.2,0
2021-06-24 11:19:23,1846.5,0
2021-06-24 11:19:24,1847.0,0
2021-06-24 11:19:27,1846.8,0
2021-06-24 11:19:30,1847.3,0
2021-06-24 11:19:33,1847.05,0
2021-06-24 11:19:34,1846.9,0
2021-06-24 11:19:35,1846.6,0
2021-06-24 11:19:36,1847.1,0
2021-06-24 11:19:38,1847.05,0
2021-06-24 11:19:42,1847.55,0
2021-06-24 11:19:45,1847.5,0
2021-06-24 11:19:47,1846.85,0
2021-06-24 11:19:49,1846.6,0
2021-06-24 11:19:52,1846.75,0
2021-06-24 11:19:53,1846.45,0
2021-06-24 11:19:54,1846.7,0
2021-06-24 11:19:55,1846.7,0
2021-06-24 11:20:00,1847.45,0
2021-06-24 11:20:02,1847.3,0
2021-06-24 11:20:04,1846.95,0
2021-06-24 11:20:05,1846.85,0
2021-06-24 11:20:06,1847.35,0
2021-06-24 11:20:08,1847.5,0
2021-06-24 11:20:09,1847.0,0
2021-06-24 11:20:10,1846.95,0
2021-06-24 11:20:12,1846.8,0
2021-06-24 11:20:14,1847.2,0
2021-06-24 11:20:15,1847.55,0
2021-06-24 11:20:16,1847.1,0
2021-06-24 11:20:17,1847.1,0
2021-06-24 11:20:19,1847.3,0
2021-06-24 11:20:20,1847.3,0
2021-06-24 11:20:23,1846.9,0
2021-06-24 11:20:33,1847.45,0
2021-06-24 11:20:35,1846.65,0
2021-06-24 11:20:37,1846.75,0
2021-06-24 11:20:42,1846.95,0
2021-06-24 11:20:45,1847.1,0
2021-06-24 11:20:47,1846.6,0
2021-06-24 11:20:48,1846.35,0
2021-06-24 11:20:50,1846.9,0
2021-06-24 11:20:54,1846.4,0
2021-06-24 11:20:55,1846.85,0
2021-06-24 11:20:56,1846.45,0
2021-06-24 11:20:58,1846.15,0
2021-06-24 11:20:59,1846.85,0
2021-06-24 11:21:06,1847.15,0
2021-06-24 11:21:07,1846.6,0
2021-06-24 11:21:08,1846.85,0
2021-06-24 11:21:09,1846.85,0
2021-06-24 11:21:14,1847.65,0
2021-06-24 11:21:15,1847.55,0
2021-06-24 11:21:17,1846.85,0
2021-06-24 11:21:18,1846.95,0
2021-06-24 11:21:20,1847.45,0
2021-06-24 11:21:21,1847.45,0
2021-06-24 11:21:23,1847.25,0
2021-06-24 11:21:25,1846.7,0
2021-06-24 11:21:26,1847.3,0
2021-06-24 11:21:29,1846.85,0
2021-06-24 11:21:32,1847.35,0
2021-06-24 11:21:33,1847.3,0
2021-06-24 11:21:34,1847.0,0
2021-06-24 11:21:37,1847.4,0
2021-06-24 11:21:40,1847.25,0
2021-06-24 11:21:45,1847.45,0
2021-06-24 11:21:49,1847.6,0
2021-06-24 11:21:51,1847.95,0
2021-06-24 11:21:52,1847.85,0
2021-06-24 11:21:53,1847.9,0
2021-06-24 11:21:58,1847.85,0
2021-06-24 11:21:59,1847.7,0
2021-06-24 11:22:01,1848.1,0
2021-06-24 11:22:03,1848.15,0
2021-06-24 11:22:04,1847.85,0
2021-06-24 11:22:09,1848.35,0
2021-06-24 11:22:10,1847.55,0
2021-06-24 11:22:15,1848.55,0
2021-06-24 11:22:16,1848.5,0
2021-06-24 11:22:22,1848.35,0
2021-06-24 11:22:27,1847.65,0
2021-06-24 11:22:31,1847.5,0
2021-06-24 11:22:34,1848.1,0
2021-06-24 11:22:37,1848.2,0
2021-06-24 11:22:38,1848.1,0
2021-06-24 11:22:40,1847.8,0
2021-06-24 11:22:49,1848.2,0
2021-06-24 11:22:50,1848.05,0
2021-06-24 11:22:52,1847.25,0
2021-06-24 11:22:54,1848.2,0
2021-06-24 11:22:57,1847.45,0
2021-06-24 11:23:01,1847.65,0
2021-06-24 11:23:15,1847.55,0
2021-06-24 11:23:22,1848.05,0
2021-06-24 11:23:27,1848.05,0
2021-06-24 11:23:30,1847.75,0
2021-06-24 11:23:31,1847.65,0
2021-06-24 11:23:38,1848.05,0
2021-06-24 11:23:39,1848.15,0
2021-06-24 11:23:45,1848.35,0
2021-06-24 11:23:48,1847.8,0
2021-06-24 11:23:51,1848.2,0
2021-06-24 11:23:54,1847.7,0
2021-06-24 11:23:57,1848.4,0
2021-06-24 11:24:01,1848.5,0
2021-06-24 11:24:02,1848.5,0
2021-06-24 11:24:07,1848.55,0
2021-06-24 11:24:13,1848.3,0
2021-06-24 11:24:15,1847.5,0
2021-06-24 11:24:16,1847.5,0
2021-06-24 11:24:17,1848.5,0
2021-06-24 11:24:20,1848.1,0
2021-06-24 11:24:21,1847.7,0
2021-06-24 11:24:24,1847.85,0
2021-06-24 11:24:25,1848.35,0
2021-06-24 11:24:28,1848.6,0
2021-06-24 11:24:29,1848.6,0
2021-06-24 11:24:32,1848.5,0
2021-06-24 11:24:39,1848.0,0
2021-06-24 11:24:41,1847.5,0
2021-06-24 11:24:45,1847.4,0
2021-06-24 11:24:46,1847.4,0
2021-06-24 11:24:55,1847.1,0
2021-06-24 11:24:58,1846.85,0
2021-06-24 11:24:59,1847.3,0
2021-06-24 11:25:10,1846.75,0
2021-06-24 11:25:15,1845.7,0
2021-06-24 11:25:19,1846.35,0
2021-06-24 11:25:21,1845.85,0
2021-06-24 11:25:23,1846.2,0
2021-06-24 11:25:24,1846.55,0
2021-06-24 11:25:26,1846.1,0
2021-06-24 11:25:28,1846.05,0
2021-06-24 11:25:31,1846.75,0
2021-06-24 11:25:32,1846.25,0
2021-06-24 11:25:33,1846.65,0
2021-06-24 11:25:36,1846.9,0
2021-06-24 11:25:37,1846.45,0
2021-06-24 11:25:38,1846.2,0
2021-06-24 11:25:39,1846.85,0
2021-06-24 11:25:40,1846.85,0
2021-06-24 11:25:41,1846.75,0
2021-06-24 11:25:46,1847.2,0
2021-06-24 11:25:49,1847.25,0
2021-06-24 11:25:50,1846.55,0
2021-06-24 11:25:51,1846.4,0
2021-06-24 11:25:59,1846.6,0
2021-06-24 11:26:00,1846.6,0
2021-06-24 11:26:02,1846.7,0
2021-06-24 11:26:06,1847.0,0
2021-06-24 11:26:07,1846.25,0
2021-06-24 11:26:12,1847.55,0
2021-06-24 11:26:14,1847.0,0
2021-06-24 11:26:15,1847.45,0
2021-06-24 11:26:17,1847.25,0
2021-06-24 11:26:22,1847.4,0
2021-06-24 11:26:27,1847.15,0
2021-06-24 11:26:31,1846.65,0
2021-06-24 11:26:32,1846.65,0
2021-06-24 11:26:33,1847.0,0
2021-06-24 11:26:35,1847.1,0
2021-06-24 11:26:42,1847.05,0
2021-06-24 11:26:43,1846.45,0
2021-06-24 11:26:48,1846.95,0
2021-06-24 11:26:50,1846.35,0
2021-06-24 11:26:51,1846.6,0
2021-06-24 11:26:52,1847.05,0
2021-06-24 11:26:55,1846.55,0
2021-06-24 11:27:00,1847.0,0
2021-06-24 11:27:01,1847.0,0
2021-06-24 11:27:02,1846.5,0
2021-06-24 11:27:05,1847.3,0
2021-06-24 11:27:06,1847.05,0
2021-06-24 11:27:09,1846.3,0
2021-06-24 11:27:10,1846.35,0
2021-06-24 11:27:13,1846.85,0
2021-06-24 11:27:15,1846.5,0
2021-06-24 11:27:21,1846.25,0
2021-06-24 11:27:23,1846.25,0
2021-06-24 11:27:24,1846.5,0
2021-06-24 11:27:25,1846.4,0
2021-06-24 11:27:27,1846.0,0
2021-06-24 11:27:30,1846.3,0
2021-06-24 11:27:33,1846.35,0
2021-06-24 11:27:36,1846.35,0
2021-06-24 11:27:38,1846.3,0
2021-06-24 11:27:42,1845.9,0
2021-06-24 11:27:49,1846.15,0
2021-06-24 11:27:54,1845.5,0
2021-06-24 11:27:55,1845.8,0
2021-06-24 11:27:56,1845.55,0
2021-06-24 11:27:59,1845.2,0
2021-06-24 11:28:02,1845.9,0
2021-06-24 11:28:03,1845.9,0
2021-06-24 11:28:05,1845.35,0
2021-06-24 11:28:07,1845.65,0
2021-06-24 11:28:08,1845.65,0
2021-06-24 11:28:09,1845.75,0
2021-06-24 11:28:11,1845.3,0
2021-06-24 11:28:12,1845.55,0
2021-06-24 11:28:18,1846.2,0
2021-06-24 11:28:20,1846.3,0
2021-06-24 11:28:22,1846.3,0
2021-06-24 11:28:23,1846.3,0
2021-06-24 11:28:25,1845.55,0
2021-06-24 11:28:26,1845.55,0
2021-06-24 11:28:29,1845.6,0
2021-06-24 11:28:30,1845.95,0
2021-06-24 11:28:32,1846.55,0
2021-06-24 11:28:37,1846.05,0
2021-06-24 11:28:39,1846.55,0
2021-06-24 11:28:40,1846.55,0
2021-06-24 11:28:41,1845.85,0
2021-06-24 11:28:42,1846.3,0
2021-06-24 11:28:43,1845.9,0
2021-06-24 11:28:48,1845.2,0
2021-06-24 11:28:49,1845.65,0
2021-06-24 11:28:52,1845.6,0
2021-06-24 11:28:53,1845.6,0
2021-06-24 11:28:55,1845.25,0
2021-06-24 11:28:57,1845.5,0
2021-06-24 11:28:59,1845.6,0
2021-06-24 11:29:01,1845.55,0
2021-06-24 11:29:02,1845.55,0
2021-06-24 11:29:04,1845.6,0
2021-06-24 11:29:06,1845.55,0
2021-06-24 11:29:08,1845.7,0
2021-06-24 11:29:10,1845.5,0
2021-06-24 11:29:13,1845.3,0
2021-06-24 11:29:17,1845.85,0
2021-06-24 11:29:18,1845.75,0
2021-06-24 11:29:20,1845.8,0
2021-06-24 11:29:21,1845.55,0
2021-06-24 11:29:22,1845.15,0
2021-06-24 11:29:23,1845.6,0
2021-06-24 11:29:26,1845.8,0
2021-06-24 11:29:27,1845.7,0
2021-06-24 11:29:32,1846.05,0
2021-06-24 11:29:33,1846.2,0
2021-06-24 11:29:38,1846.25,0
2021-06-24 11:29:40,1846.2,0
2021-06-24 11:29:45,1846.35,0
2021-06-24 11:29:50,1846.0,0
2021-06-24 11:29:53,1846.0,0
2021-06-24 11:29:54,1845.95,0
2021-06-24 11:29:58,1846.0,0
2021-06-24 11:29:59,1845.6,0
2021-06-24 11:30:03,1846.0,0
2021-06-24 11:30:07,1846.0,0
2021-06-24 11:30:08,1846.0,0
2021-06-24 11:30:10,1845.8,0
2021-06-24 11:30:13,1845.5,0
2021-06-24 11:30:22,1846.5,0
2021-06-24 11:30:23,1846.5,0
2021-06-24 11:30:25,1846.0,0
2021-06-24 11:30:28,1846.1,0
2021-06-24 11:30:30,1846.5,0
2021-06-24 11:30:35,1846.5,0
2021-06-24 11:30:36,1846.8,0
2021-06-24 11:30:38,1846.35,0
2021-06-24 11:30:49,1847.15,0
2021-06-24 11:30:50,1846.7,0
2021-06-24 11:30:52,1846.55,0
2021-06-24 11:30:53,1847.05,0
2021-06-24 11:30:54,1846.95,0
2021-06-24 11:30:55,1846.75,0
2021-06-24 11:30:58,1846.25,0
2021-06-24 11:31:02,1845.45,0
2021-06-24 11:31:04,1846.0,0
2021-06-24 11:31:06,1846.15,0
2021-06-24 11:31:09,1845.9,0
2021-06-24 11:31:12,1845.8,0
2021-06-24 11:31:13,1845.8,0
2021-06-24 11:31:15,1845.35,0
2021-06-24 11:31:16,1845.3,0
2021-06-24 11:31:17,1845.6,0
2021-06-24 11:31:20,1845.9,0
2021-06-24 11:31:22,1845.6,0
2021-06-24 11:31:32,1845.85,0
2021-06-24 11:31:37,1846.1,0
2021-06-24 11:31:42,1846.15,0
2021-06-24 11:31:44,1846.3,0
2021-06-24 11:31:47,1846.25,0
2021-06-24 11:31:49,1845.65,0
2021-06-24 11:31:50,1845.75,0
2021-06-24 11:31:56,1845.85,0
2021-06-24 11:32:02,1845.5,0
2021-06-24 11:32:08,1845.75,0
2021-06-24 11:32:15,1845.55,0
2021-06-24 11:32:17,1845.65,0
2021-06-24 11:32:19,1846.45,0
2021-06-24 11:32:24,1846.05,0
2021-06-24 11:32:25,1845.95,0
2021-06-24 11:32:26,1845.6,0
2021-06-24 11:32:29,1846.2,0
2021-06-24 11:32:31,1846.15,0
2021-06-24 11:32:35,1846.35,0
2021-06-24 11:32:37,1846.55,0
2021-06-24 11:32:46,1846.05,0
2021-06-24 11:32:47,1846.3,0
2021-06-24 11:32:49,1845.9,0
2021-06-24 11:32:50,1845.95,0
2021-06-24 11:32:52,1846.1,0
2021-06-24 11:32:54,1845.85,0
2021-06-24 11:32:55,1845.35,0
2021-06-24 11:32:56,1845.55,0
2021-06-24 11:32:58,1845.6,0
2021-06-24 11:33:03,1845.35,0
2021-06-24 11:33:11,1845.7,0
2021-06-24 11:33:12,1845.65,0
2021-06-24 11:33:13,1845.55,0
2021-06-24 11:33:14,1845.8,0
2021-06-24 11:33:18,1845.2,0
2021-06-24 11:33:19,1844.95,0
2021-06-24 11:33:20,1844.85,0
2021-06-24 11:33:23,1845.35,0
2021-06-24 11:33:24,1845.35,0
2021-06-24 11:33:26,1845.65,0
2021-06-24 11:33:27,1845.6,0
2021-06-24 11:33:29,1845.25,0
2021-06-24 11:33:32,1844.55,0
2021-06-24 11:33:36,1844.7,0
2021-06-24 11:33:38,1844.9,0
2021-06-24 11:33:39,1845.4,0
2021-06-24 11:33:40,1844.95,0
2021-06-24 11:33:41,1845.05,0
2021-06-24 11:33:43,1843.75,0
2021-06-24 11:33:50,1843.6,0
2021-06-24 11:33:52,1843.85,0
2021-06-24 11:33:54,1844.65,0
2021-06-24 11:33:56,1844.35,0
2021-06-24 11:33:59,1844.3,0
2021-06-24 11:34:01,1844.35,0
2021-06-24 11:34:02,1844.3,0
2021-06-24 11:34:04,1843.85,0
2021-06-24 11:34:06,1843.9,0
2021-06-24 11:34:08,1844.6,0
2021-06-24 11:34:09,1844.55,0
2021-06-24 11:34:13,1843.9,0
2021-06-24 11:34:18,1844.1,0
2021-06-24 11:34:20,1844.1,0
2021-06-24 11:34:23,1843.2,0
2021-06-24 11:34:25,1843.8,0
2021-06-24 11:34:26,1843.8,0
2021-06-24 11:34:28,1843.9,0
2021-06-24 11:34:29,1843.35,0
2021-06-24 11:34:31,1843.45,0
2021-06-24 11:34:38,1844.35,0
2021-06-24 11:34:42,1843.6,0
2021-06-24 11:34:43,1844.1,0
2021-06-24 11:34:45,1844.2,0
2021-06-24 11:34:47,1843.8,0
2021-06-24 11:34:50,1844.25,0
2021-06-24 11:34:53,1843.75,0
2021-06-24 11:34:54,1843.75,0
2021-06-24 11:34:57,1844.4,0
2021-06-24 11:34:58,1844.45,0
2021-06-24 11:35:00,1843.8,0
2021-06-24 11:35:01,1843.8,0
2021-06-24 11:35:02,1843.9,0
2021-06-24 11:35:04,1844.75,0
2021-06-24 11:35:06,1844.15,0
2021-06-24 11:35:10,1844.6,0
2021-06-24 11:35:12,1843.7,0
2021-06-24 11:35:14,1843.25,0
2021-06-24 11:35:15,1843.45,0
2021-06-24 11:35:19,1843.7,0
2021-06-24 11:35:20,1843.7,0
2021-06-24 11:35:24,1844.0,0
2021-06-24 11:35:29,1844.6,0
2021-06-24 11:35:30,1844.35,0
2021-06-24 11:35:32,1844.05,0
2021-06-24 11:35:34,1844.15,0
2021-06-24 11:35:36,1844.45,0
2021-06-24 11:35:38,1843.8,0
2021-06-24 11:35:39,1843.65,0
2021-06-24 11:35:40,1844.05,0
2021-06-24 11:35:42,1844.3,0
2021-06-24 11:35:44,1843.95,0
2021-06-24 11:35:49,1844.1,0
2021-06-24 11:35:50,1843.6,0
2021-06-24 11:35:51,1843.75,0
2021-06-24 11:35:52,1844.55,0
2021-06-24 11:35:53,1844.55,0
2021-06-24 11:36:06,1844.6,0
2021-06-24 11:36:13,1844.6,0
2021-06-24 11:36:16,1843.65,0
2021-06-24 11:36:17,1843.95,0
2021-06-24 11:36:21,1843.85,0
2021-06-24 11:36:22,1843.85,0
2021-06-24 11:36:23,1844.2,0
2021-06-24 11:36:25,1844.2,0
2021-06-24 11:36:26,1843.85,0
2021-06-24 11:36:28,1843.85,0
2021-06-24 11:36:32,1844.45,0
2021-06-24 11:36:34,1844.45,0
2021-06-24 11:36:37,1844.6,0
2021-06-24 11:36:40,1844.05,0
2021-06-24 11:36:42,1844.55,0
2021-06-24 11:36:44,1844.2,0
2021-06-24 11:36:45,1844.7,0
2021-06-24 11:36:46,1844.7,0
2021-06-24 11:36:47,1845.1,0
2021-06-24 11:36:48,1845.4,0
2021-06-24 11:36:51,1845.3,0
2021-06-24 11:37:01,1845.2,0
2021-06-24 11:37:04,1844.3,0
2021-06-24 11:37:06,1845.0,0
2021-06-24 11:37:09,1844.4,0
2021-06-24 11:37:10,1844.4,0
2021-06-24 11:37:12,1845.05,0
2021-06-24 11:37:13,1845.15,0
2021-06-24 11:37:16,1844.7,0
2021-06-24 11:37:17,1844.7,0
2021-06-24 11:37:20,1844.5,0
2021-06-24 11:37:22,1844.85,0
2021-06-24 11:37:26,1845.05,0
2021-06-24 11:37:32,1845.4,0
2021-06-24 11:37:33,1845.15,0
2021-06-24 11:37:36,1845.35,0
2021-06-24 11:37:37,1845.35,0
2021-06-24 11:37:44,1845.85,0
2021-06-24 11:37:49,1846.1,0
2021-06-24 11:37:51,1845.4,0
2021-06-24 11:37:52,1845.45,0
2021-06-24 11:37:56,1845.7,0
2021-06-24 11:37:59,1845.15,0
2021-06-24 11:38:01,1845.4,0
2021-06-24 11:38:02,1845.4,0
2021-06-24 11:38:03,1845.0,0
2021-06-24 11:38:04,1845.0,0
2021-06-24 11:38:06,1845.4,0
2021-06-24 11:38:09,1844.8,0
2021-06-24 11:38:11,1845.3,0
2021-06-24 11:38:12,1845.35,0
2021-06-24 11:38:14,1844.9,0
2021-06-24 11:38:16,1844.5,0
2021-06-24 11:38:17,1844.85,0
2021-06-24 11:38:20,1845.6,0
2021-06-24 11:38:23,1844.2,0
2021-06-24 11:38:27,1844.0,0
2021-06-24 11:38:29,1844.2,0
2021-06-24 11:38:30,1843.65,0
2021-06-24 11:38:36,1843.95,0
2021-06-24 11:38:38,1843.85,0
2021-06-24 11:38:41,1844.6,0
2021-06-24 11:38:43,1844.25,0
2021-06-24 11:38:47,1844.3,0
2021-06-24 11:38:49,1845.0,0
2021-06-24 11:38:51,1844.4,0
2021-06-24 11:38:52,1844.35,0
2021-06-24 11:38:54,1844.35,0
2021-06-24 11:38:56,1844.45,0
2021-06-24 11:38:57,1844.45,0
2021-06-24 11:39:00,1843.9,0
2021-06-24 11:39:04,1843.7,0
2021-06-24 11:39:06,1843.35,0
2021-06-24 11:39:07,1843.3,0
2021-06-24 11:39:16,1843.4,0
2021-06-24 11:39:18,1843.0,0
2021-06-24 11:39:20,1842.95,0
2021-06-24 11:39:24,1843.1,0
2021-06-24 11:39:27,1843.55,0
2021-06-24 11:39:29,1843.8,0
2021-06-24 11:39:32,1843.8,0
2021-06-24 11:39:33,1843.8,0
2021-06-24 11:39:36,1843.95,0
2021-06-24 11:39:39,1843.9,0
2021-06-24 11:39:46,1844.1,0
2021-06-24 11:39:48,1843.75,0
2021-06-24 11:39:56,1844.15,0
2021-06-24 11:39:58,1843.5,0
2021-06-24 11:40:00,1843.65,0
2021-06-24 11:40:01,1843.65,0
2021-06-24 11:40:02,1844.05,0
2021-06-24 11:40:03,1844.05,0
2021-06-24 11:40:04,1844.15,0
2021-06-24 11:40:06,1843.65,0
2021-06-24 11:40:07,1843.65,0
2021-06-24 11:40:11,1843.05,0
2021-06-24 11:40:13,1843.0,0
2021-06-24 11:40:15,1843.0,0
2021-06-24 11:40:16,1843.2,0
2021-06-24 11:40:19,1843.6,0
2021-06-24 11:40:21,1843.6,0
2021-06-24 11:40:22,1843.25,0
2021-06-24 11:40:23,1843.25,0
2021-06-24 11:40:27,1842.7,0
2021-06-24 11:40:29,1842.5,0
2021-06-24 11:40:31,1842.4,0
2021-06-24 11:40:32,1842.6,0
2021-06-24 11:40:33,1842.6,0
2021-06-24 11:40:38,1842.5,0
2021-06-24 11:40:41,1843.0,0
2021-06-24 11:40:46,1842.05,0
2021-06-24 11:40:48,1841.45,0
2021-06-24 11:40:56,1841.5,0
2021-06-24 11:40:57,1842.2,0
2021-06-24 11:41:00,1841.4,0
2021-06-24 11:41:03,1842.0,0
2021-06-24 11:41:06,1840.8,0
2021-06-24 11:41:09,1841.35,0
2021-06-24 11:41:10,1841.55,0
2021-06-24 11:41:12,1841.35,0
2021-06-24 11:41:15,1841.0,0
2021-06-24 11:41:16,1841.5,0
2021-06-24 11:41:18,1841.2,0
2021-06-24 11:41:21,1841.05,0
2021-06-24 11:41:24,1841.0,0
2021-06-24 11:41:26,1841.5,0
2021-06-24 11:41:28,1841.85,0
2021-06-24 11:41:37,1842.25,0
2021-06-24 11:41:38,1842.25,0
2021-06-24 11:41:42,1841.8,0
2021-06-24 11:41:44,1842.4,0
2021-06-24 11:41:46,1842.55,0
2021-06-24 11:41:47,1842.55,0
2021-06-24 11:41:49,1842.55,0
2021-06-24 11:41:52,1842.0,0
2021-06-24 11:41:56,1842.15,0
2021-06-24 11:42:03,1842.15,0
2021-06-24 11:42:04,1842.15,0
2021-06-24 11:42:05,1842.4,0
2021-06-24 11:42:08,1841.9,0
2021-06-24 11:42:09,1842.0,0
2021-06-24 11:42:10,1842.2,0
2021-06-24 11:42:12,1842.4,0
2021-06-24 11:42:16,1841.75,0
2021-06-24 11:42:18,1842.1,0
2021-06-24 11:42:20,1841.6,0
2021-06-24 11:42:24,1842.45,0
2021-06-24 11:42:27,1841.9,0
2021-06-24 11:42:29,1841.7,0
2021-06-24 11:42:33,1841.0,0
2021-06-24 11:42:35,1841.85,0
2021-06-24 11:42:37,1842.05,0
2021-06-24 11:42:38,1841.5,0
2021-06-24 11:42:44,1842.3,0
2021-06-24 11:42:45,1842.2,0
2021-06-24 11:42:48,1842.75,0
2021-06-24 11:42:50,1842.25,0
2021-06-24 11:42:52,1842.35,0
2021-06-24 11:42:53,1842.35,0
2021-06-24 11:42:54,1842.65,0
2021-06-24 11:42:55,1842.55,0
2021-06-24 11:42:56,1842.6,0
2021-06-24 11:43:04,1843.15,0
2021-06-24 11:43:07,1842.2,0
2021-06-24 11:43:08,1842.75,0
2021-06-24 11:43:11,1842.7,0
2021-06-24 11:43:13,1842.55,0
2021-06-24 11:43:14,1842.3,0
2021-06-24 11:43:15,1842.3,0
2021-06-24 11:43:21,1842.45,0
2021-06-24 11:43:23,1843.4,0
2021-06-24 11:43:29,1842.75,0
2021-06-24 11:43:50,1842.0,0
2021-06-24 11:43:51,1841.95,0
2021-06-24 11:43:57,1842.0,0
2021-06-24 11:43:59,1842.05,0
2021-06-24 11:44:00,1842.25,0
2021-06-24 11:44:03,1842.5,0
2021-06-24 11:44:04,1842.05,0
2021-06-24 11:44:07,1843.25,0
2021-06-24 11:44:08,1842.5,0
2021-06-24 11:44:09,1842.4,0
2021-06-24 11:44:10,1842.4,0
2021-06-24 11:44:12,1842.1,0
2021-06-24 11:44:17,1842.8,0
2021-06-24 11:44:18,1842.8,0
2021-06-24 11:44:21,1842.25,0
2021-06-24 11:44:26,1842.95,0
2021-06-24 11:44:27,1842.95,0
2021-06-24 11:44:28,1842.75,0
2021-06-24 11:44:31,1842.9,0
2021-06-24 11:44:33,1842.8,0
2021-06-24 11:44:35,1842.5,0
2021-06-24 11:44:38,1842.5,0
2021-06-24 11:44:41,1842.0,0
2021-06-24 11:44:42,1842.05,0
2021-06-24 11:44:56,1842.0,0
2021-06-24 11:44:58,1842.4,0
2021-06-24 11:44:59,1842.85,0
2021-06-24 11:45:03,1842.1,0
2021-06-24 11:45:07,1842.6,0
2021-06-24 11:45:10,1841.55,0
2021-06-24 11:45:11,1841.55,0
2021-06-24 11:45:13,1841.8,0
2021-06-24 11:45:16,1841.5,0
2021-06-24 11:45:18,1841.75,0
2021-06-24 11:45:19,1841.5,0
2021-06-24 11:45:23,1842.75,0
2021-06-24 11:45:28,1842.4,0
2021-06-24 11:45:29,1841.9,0
2021-06-24 11:45:30,1841.5,0
2021-06-24 11:45:31,1841.5,0
2021-06-24 11:45:32,1841.5,0
2021-06-24 11:45:35,1841.7,0
2021-06-24 11:45:37,1842.15,0
2021-06-24 11:45:39,1841.9,0
2021-06-24 11:45:40,1841.5,0
2021-06-24 11:45:43,1841.35,0
2021-06-24 11:45:46,1841.55,0
2021-06-24 11:45:53,1841.7,0
2021-06-24 11:45:54,1841.8,0
2021-06-24 11:45:59,1841.7,0
2021-06-24 11:46:05,1842.15,0
2021-06-24 11:46:06,1842.15,0
2021-06-24 11:46:07,1842.15,0
2021-06-24 11:46:11,1841.8,0
2021-06-24 11:46:14,1841.95,0
2021-06-24 11:46:15,1841.95,0
2021-06-24 11:46:16,1842.4,0
2021-06-24 11:46:17,1842.4,0
2021-06-24 11:46:20,1842.4,0
2021-06-24 11:46:24,1842.15,0
2021-06-24 11:46:27,1842.0,0
2021-06-24 11:46:30,1842.0,0
2021-06-24 11:46:31,1841.95,0
2021-06-24 11:46:34,1841.75,0
2021-06-24 11:46:35,1842.2,0
2021-06-24 11:46:36,1841.9,0
2021-06-24 11:46:37,1841.55,0
2021-06-24 11:46:40,1842.1,0
2021-06-24 11:46:41,1842.3,0
2021-06-24 11:46:42,1842.15,0
2021-06-24 11:46:50,1842.55,0
2021-06-24 11:46:55,1842.8,0
2021-06-24 11:46:57,1842.85,0
2021-06-24 11:46:58,1842.85,0
2021-06-24 11:46:59,1842.65,0
2021-06-24 11:47:01,1842.7,0
2021-06-24 11:47:03,1842.8,0
2021-06-24 11:47:06,1843.1,0
2021-06-24 11:47:07,1843.1,0
2021-06-24 11:47:08,1843.05,0
2021-06-24 11:47:11,1842.95,0
2021-06-24 11:47:12,1842.85,0
2021-06-24 11:47:13,1842.85,0
2021-06-24 11:47:14,1842.7,0
2021-06-24 11:47:16,1842.8,0
2021-06-24 11:47:19,1842.95,0
2021-06-24 11:47:20,1842.8,0
2021-06-24 11:47:21,1842.95,0
2021-06-24 11:47:22,1842.25,0
2021-06-24 11:47:27,1842.4,0
2021-06-24 11:47:28,1842.85,0
2021-06-24 11:47:30,1842.55,0
2021-06-24 11:47:31,1842.55,0
2021-06-24 11:47:32,1842.85,0
2021-06-24 11:47:39,1842.8,0
2021-06-24 11:47:42,1842.3,0
2021-06-24 11:47:45,1842.7,0
2021-06-24 11:47:49,1841.9,0
2021-06-24 11:47:51,1842.35,0
2021-06-24 11:47:54,1842.1,0
2021-06-24 11:47:55,1842.1,0
2021-06-24 11:47:58,1842.6,0
2021-06-24 11:48:06,1842.9,0
2021-06-24 11:48:07,1843.0,0
2021-06-24 11:48:09,1843.0,0
2021-06-24 11:48:10,1843.45,0
2021-06-24 11:48:11,1843.45,0
2021-06-24 11:48:12,1843.4,0
2021-06-24 11:48:16,1843.5,0
2021-06-24 11:48:20,1843.25,0
2021-06-24 11:48:21,1843.25,0
2021-06-24 11:48:24,1843.25,0
2021-06-24 11:48:26,1842.8,0
2021-06-24 11:48:29,1843.25,0
2021-06-24 11:48:32,1843.15,0
2021-06-24 11:48:33,1843.2,0
2021-06-24 11:48:34,1843.2,0
2021-06-24 11:48:36,1843.15,0
2021-06-24 11:48:49,1843.0,0
2021-06-24 11:48:51,1842.5,0
2021-06-24 11:48:52,1842.5,0
2021-06-24 11:48:55,1843.2,0
2021-06-24 11:48:56,1843.45,0
2021-06-24 11:48:59,1843.05,0
2021-06-24 11:49:00,1843.05,0
2021-06-24 11:49:01,1843.1,0
2021-06-24 11:49:03,1843.95,0
2021-06-24 11:49:06,1843.45,0
2021-06-24 11:49:10,1843.3,0
2021-06-24 11:49:11,1843.3,0
2021-06-24 11:49:13,1843.55,0
2021-06-24 11:49:14,1843.55,0
2021-06-24 11:49:15,1843.55,0
2021-06-24 11:49:18,1842.75,0
2021-06-24 11:49:24,1843.3,0
2021-06-24 11:49:27,1843.35,0
2021-06-24 11:49:29,1843.6,0
2021-06-24 11:49:30,1843.75,0
2021-06-24 11:49:31,1843.25,0
2021-06-24 11:49:32,1844.0,0
2021-06-24 11:49:39,1843.65,0
2021-06-24 11:49:41,1843.65,0
2021-06-24 11:49:43,1843.85,0
2021-06-24 11:49:45,1843.2,0
2021-06-24 11:49:48,1843.65,0
2021-06-24 11:49:49,1843.7,0
2021-06-24 11:49:51,1843.2,0
2021-06-24 11:49:52,1843.2,0
2021-06-24 11:49:55,1843.85,0
2021-06-24 11:49:56,1844.15,0
2021-06-24 11:49:57,1843.65,0
2021-06-24 11:50:02,1844.0,0
2021-06-24 11:50:03,1844.0,0
2021-06-24 11:50:08,1844.1,0
2021-06-24 11:50:09,1844.1,0
2021-06-24 11:50:12,1843.45,0
2021-06-24 11:50:14,1843.95,0
2021-06-24 11:50:22,1843.1,0
2021-06-24 11:50:25,1844.25,0
2021-06-24 11:50:30,1844.2,0
2021-06-24 11:50:32,1843.75,0
2021-06-24 11:50:34,1844.1,0
2021-06-24 11:50:35,1844.1,0
2021-06-24 11:50:36,1844.4,0
2021-06-24 11:50:38,1844.4,0
2021-06-24 11:50:40,1843.3,0
2021-06-24 11:50:41,1843.4,0
2021-06-24 11:50:42,1843.4,0
2021-06-24 11:50:44,1843.85,0
2021-06-24 11:50:45,1843.85,0
2021-06-24 11:50:46,1843.4,0
2021-06-24 11:50:47,1843.85,0
2021-06-24 11:50:49,1843.65,0
2021-06-24 11:50:51,1843.65,0
2021-06-24 11:50:52,1843.85,0
2021-06-24 11:50:55,1843.75,0
2021-06-24 11:50:57,1843.75,0
2021-06-24 11:51:00,1843.3,0
2021-06-24 11:51:01,1843.3,0
2021-06-24 11:51:03,1843.55,0
2021-06-24 11:51:04,1844.05,0
2021-06-24 11:51:10,1843.65,0
2021-06-24 11:51:13,1843.9,0
2021-06-24 11:51:14,1843.9,0
2021-06-24 11:51:15,1843.9,0
2021-06-24 11:51:17,1844.05,0
2021-06-24 11:51:18,1844.15,0
2021-06-24 11:51:21,1843.95,0
2021-06-24 11:51:22,1843.95,0
2021-06-24 11:51:25,1844.5,0
2021-06-24 11:51:28,1844.2,0
2021-06-24 11:51:30,1844.25,0
2021-06-24 11:51:38,1843.5,0
2021-06-24 11:51:39,1843.5,0
2021-06-24 11:51:40,1843.5,0
2021-06-24 11:51:41,1843.5,0
2021-06-24 11:51:43,1843.95,0
2021-06-24 11:51:44,1844.05,0
2021-06-24 11:51:45,1843.55,0
2021-06-24 11:51:48,1844.15,0
2021-06-24 11:51:50,1844.15,0
2021-06-24 11:51:52,1844.1,0
2021-06-24 11:51:56,1843.55,0
2021-06-24 11:52:14,1843.2,0
2021-06-24 11:52:15,1843.35,0
2021-06-24 11:52:16,1843.6,0
2021-06-24 11:52:19,1843.95,0
2021-06-24 11:52:21,1843.5,0
2021-06-24 11:52:25,1843.65,0
2021-06-24 11:52:27,1843.35,0
2021-06-24 11:52:28,1843.35,0
2021-06-24 11:52:31,1843.85,0
2021-06-24 11:52:32,1843.35,0
2021-06-24 11:52:34,1843.8,0
2021-06-24 11:52:35,1843.9,0
2021-06-24 11:52:37,1843.9,0
2021-06-24 11:52:41,1843.3,0
2021-06-24 11:52:42,1843.3,0
2021-06-24 11:52:46,1843.7,0
2021-06-24 11:52:48,1843.2,0
2021-06-24 11:52:49,1843.15,0
2021-06-24 11:52:50,1843.4,0
2021-06-24 11:52:51,1843.85,0
2021-06-24 11:52:58,1843.55,0
2021-06-24 11:52:59,1842.8,0
2021-06-24 11:53:00,1842.95,0
2021-06-24 11:53:01,1842.95,0
2021-06-24 11:53:07,1843.5,0
2021-06-24 11:53:08,1843.5,0
2021-06-24 11:53:10,1843.7,0
2021-06-24 11:53:12,1843.15,0
2021-06-24 11:53:13,1843.15,0
2021-06-24 11:53:19,1843.25,0
2021-06-24 11:53:22,1843.45,0
2021-06-24 11:53:24,1843.85,0
2021-06-24 11:53:29,1843.65,0
2021-06-24 11:53:32,1843.5,0
2021-06-24 11:53:34,1843.05,0
2021-06-24 11:53:36,1843.2,0
2021-06-24 11:53:37,1843.65,0
2021-06-24 11:53:39,1842.95,0
2021-06-24 11:53:40,1842.85,0
2021-06-24 11:53:41,1843.3,0
2021-06-24 11:53:42,1843.35,0
2021-06-24 11:53:43,1843.25,0
2021-06-24 11:53:44,1843.45,0
2021-06-24 11:53:45,1842.95,0
2021-06-24 11:53:48,1842.9,0
2021-06-24 11:53:49,1842.9,0
2021-06-24 11:53:50,1843.4,0
2021-06-24 11:53:51,1843.4,0
2021-06-24 11:53:55,1842.95,0
2021-06-24 11:53:57,1843.55,0
2021-06-24 11:53:59,1842.95,0
2021-06-24 11:54:00,1842.85,0
2021-06-24 11:54:05,1843.1,0
2021-06-24 11:54:06,1843.4,0
2021-06-24 11:54:12,1842.8,0
2021-06-24 11:54:16,1842.9,0
2021-06-24 11:54:23,1842.05,0
2021-06-24 11:54:24,1842.1,0
2021-06-24 11:54:25,1842.55,0
2021-06-24 11:54:28,1841.9,0
2021-06-24 11:54:29,1842.25,0
2021-06-24 11:54:30,1842.3,0
2021-06-24 11:54:35,1841.6,0
2021-06-24 11:54:36,1842.05,0
2021-06-24 11:54:44,1842.85,0
2021-06-24 11:54:48,1842.4,0
2021-06-24 11:54:53,1842.7,0
2021-06-24 11:54:54,1843.05,0
2021-06-24 11:54:56,1842.5,0
2021-06-24 11:54:58,1842.45,0
2021-06-24 11:55:00,1842.9,0
2021-06-24 11:55:01,1843.0,0
2021-06-24 11:55:03,1842.45,0
2021-06-24 11:55:04,1842.45,0
2021-06-24 11:55:08,1843.05,0
2021-06-24 11:55:10,1842.3,0
2021-06-24 11:55:13,1842.65,0
2021-06-24 11:55:18,1842.0,0
2021-06-24 11:55:19,1842.0,0
2021-06-24 11:55:21,1842.5,0
2021-06-24 11:55:24,1841.8,0
2021-06-24 11:55:26,1842.15,0
2021-06-24 11:55:29,1842.5,0
2021-06-24 11:55:30,1842.55,0
2021-06-24 11:55:34,1843.0,0
2021-06-24 11:55:36,1842.25,0
2021-06-24 11:55:37,1842.25,0
2021-06-24 11:55:41,1842.75,0
2021-06-24 11:55:42,1842.6,0
2021-06-24 11:55:44,1842.75,0
2021-06-24 11:55:46,1842.8,0
2021-06-24 11:55:47,1842.8,0
2021-06-24 11:55:48,1842.8,0
2021-06-24 11:55:49,1842.8,0
2021-06-24 11:55:50,1842.3,0
2021-06-24 11:55:53,1842.5,0
2021-06-24 11:55:56,1842.95,0
2021-06-24 11:55:58,1842.25,0
2021-06-24 11:56:00,1842.7,0
2021-06-24 11:56:01,1842.45,0
2021-06-24 11:56:02,1843.2,0
2021-06-24 11:56:03,1843.2,0
2021-06-24 11:56:05,1842.7,0
2021-06-24 11:56:07,1842.85,0
2021-06-24 11:56:08,1842.6,0
2021-06-24 11:56:16,1842.65,0
2021-06-24 11:56:17,1842.65,0
2021-06-24 11:56:19,1842.55,0
2021-06-24 11:56:22,1842.55,0
2021-06-24 11:56:23,1842.4,0
2021-06-24 11:56:24,1841.95,0
2021-06-24 11:56:25,1842.4,0
2021-06-24 11:56:26,1842.3,0
2021-06-24 11:56:31,1841.4,0
2021-06-24 11:56:32,1841.4,0
2021-06-24 11:56:36,1842.1,0
2021-06-24 11:56:38,1841.65,0
2021-06-24 11:56:41,1842.15,0
2021-06-24 11:56:43,1841.7,0
2021-06-24 11:56:44,1841.7,0
2021-06-24 11:56:47,1842.2,0
2021-06-24 11:56:49,1842.35,0
2021-06-24 11:56:53,1842.2,0
2021-06-24 11:56:54,1842.35,0
2021-06-24 11:56:56,1841.85,0
2021-06-24 11:56:59,1842.5,0
2021-06-24 11:57:01,1842.45,0
2021-06-24 11:57:03,1841.8,0
2021-06-24 11:57:04,1841.8,0
2021-06-24 11:57:07,1842.35,0
2021-06-24 11:57:08,1842.35,0
2021-06-24 11:57:10,1842.15,0
2021-06-24 11:57:11,1842.4,0
2021-06-24 11:57:12,1842.4,0
2021-06-24 11:57:13,1842.4,0
2021-06-24 11:57:19,1842.2,0
2021-06-24 11:57:23,1842.2,0
2021-06-24 11:57:26,1842.8,0
2021-06-24 11:57:27,1842.7,0
2021-06-24 11:57:29,1842.1,0
2021-06-24 11:57:31,1842.0,0
2021-06-24 11:57:34,1842.5,0
2021-06-24 11:57:36,1842.25,0
2021-06-24 11:57:37,1842.25,0
2021-06-24 11:57:38,1842.0,0
2021-06-24 11:57:44,1842.65,0
2021-06-24 11:57:48,1842.6,0
2021-06-24 11:57:49,1842.6,0
2021-06-24 11:57:51,1842.5,0
2021-06-24 11:57:54,1842.6,0
2021-06-24 11:57:56,1842.8,0
2021-06-24 11:57:57,1842.75,0
2021-06-24 11:58:00,1841.9,0
2021-06-24 11:58:06,1842.2,0
2021-06-24 11:58:09,1842.2,0
2021-06-24 11:58:10,1842.2,0
2021-06-24 11:58:12,1842.4,0
2021-06-24 11:58:13,1842.4,0
2021-06-24 11:58:14,1842.2,0
2021-06-24 11:58:17,1842.25,0
2021-06-24 11:58:20,1842.2,0
2021-06-24 11:58:21,1842.2,0
2021-06-24 11:58:25,1842.2,0
2021-06-24 11:58:26,1842.35,0
2021-06-24 11:58:27,1842.5,0
2021-06-24 11:58:38,1842.0,0
2021-06-24 11:58:39,1842.0,0
2021-06-24 11:58:41,1842.0,0
2021-06-24 11:58:43,1842.4,0
2021-06-24 11:58:45,1842.3,0
2021-06-24 11:58:46,1842.05,0
2021-06-24 11:58:47,1842.2,0
2021-06-24 11:58:53,1842.55,0
2021-06-24 11:58:54,1842.65,0
2021-06-24 11:58:56,1842.3,0
2021-06-24 11:58:57,1842.3,0
2021-06-24 11:59:01,1842.3,0
2021-06-24 11:59:04,1842.3,0
2021-06-24 11:59:07,1841.7,0
2021-06-24 11:59:10,1841.95,0
2021-06-24 11:59:12,1841.95,0
2021-06-24 11:59:15,1841.75,0
2021-06-24 11:59:17,1842.0,0
2021-06-24 11:59:18,1841.9,0
2021-06-24 11:59:20,1842.15,0
2021-06-24 11:59:21,1842.15,0
2021-06-24 11:59:22,1842.15,0
2021-06-24 11:59:24,1842.2,0
2021-06-24 11:59:25,1842.2,0
2021-06-24 11:59:26,1842.1,0
2021-06-24 11:59:27,1842.1,0
2021-06-24 11:59:29,1841.85,0
2021-06-24 11:59:30,1842.1,0
2021-06-24 11:59:31,1842.1,0
2021-06-24 11:59:32,1842.3,0
2021-06-24 11:59:34,1842.3,0
2021-06-24 11:59:43,1842.1,0
2021-06-24 11:59:51,1841.05,0
2021-06-24 11:59:53,1841.4,0
2021-06-24 12:00:05,1842.15,0
2021-06-24 12:00:06,1841.65,0
2021-06-24 12:00:09,1841.65,0
2021-06-24 12:00:10,1841.95,0
2021-06-24 12:00:15,1842.25,0
2021-06-24 12:00:16,1842.05,0
2021-06-24 12:00:22,1842.35,0
2021-06-24 12:00:23,1841.6,0
2021-06-24 12:00:25,1841.75,0
2021-06-24 12:00:32,1842.85,0
2021-06-24 12:00:34,1841.8,0
2021-06-24 12:00:37,1842.45,0
2021-06-24 12:00:45,1842.35,0
2021-06-24 12:00:47,1842.05,0
2021-06-24 12:00:49,1842.15,0
2021-06-24 12:00:55,1842.6,0
2021-06-24 12:01:01,1842.85,0
2021-06-24 12:01:03,1842.65,0
2021-06-24 12:01:09,1842.0,0
2021-06-24 12:01:11,1842.7,0
2021-06-24 12:01:16,1842.7,0
2021-06-24 12:01:17,1842.7,0
2021-06-24 12:01:18,1842.7,0
2021-06-24 12:01:20,1842.65,0
2021-06-24 12:01:21,1842.85,0
2021-06-24 12:01:22,1843.0,0
2021-06-24 12:01:27,1842.45,0
2021-06-24 12:01:29,1842.9,0
2021-06-24 12:01:34,1842.95,0
2021-06-24 12:01:35,1842.7,0
2021-06-24 12:01:37,1842.6,0
2021-06-24 12:01:41,1842.5,0
2021-06-24 12:01:42,1842.5,0
2021-06-24 12:01:45,1842.45,0
2021-06-24 12:01:49,1842.8,0
2021-06-24 12:01:50,1842.8,0
2021-06-24 12:01:52,1842.75,0
2021-06-24 12:01:56,1843.0,0
2021-06-24 12:01:57,1842.95,0
2021-06-24 12:02:04,1843.15,0
2021-06-24 12:02:06,1842.55,0
2021-06-24 12:02:12,1842.5,0
2021-06-24 12:02:18,1842.6,0
2021-06-24 12:02:21,1842.85,0
2021-06-24 12:02:24,1842.8,0
2021-06-24 12:02:30,1842.35,0
2021-06-24 12:02:32,1842.15,0
2021-06-24 12:02:39,1842.05,0
2021-06-24 12:02:42,1842.65,0
2021-06-24 12:02:44,1842.7,0
2021-06-24 12:02:46,1842.9,0
2021-06-24 12:02:47,1842.6,0
2021-06-24 12:02:49,1842.85,0
2021-06-24 12:02:51,1842.65,0
2021-06-24 12:02:52,1843.15,0
2021-06-24 12:02:54,1842.9,0
2021-06-24 12:02:55,1843.0,0
2021-06-24 12:02:58,1843.0,0
2021-06-24 12:03:01,1843.15,0
2021-06-24 12:03:03,1843.25,0
2021-06-24 12:03:05,1842.9,0
2021-06-24 12:03:08,1842.6,0
2021-06-24 12:03:10,1842.6,0
2021-06-24 12:03:11,1842.7,0
2021-06-24 12:03:13,1842.65,0
2021-06-24 12:03:20,1842.3,0
2021-06-24 12:03:23,1842.3,0
2021-06-24 12:03:26,1842.6,0
2021-06-24 12:03:27,1842.65,0
2021-06-24 12:03:28,1842.1,0
2021-06-24 12:03:32,1842.35,0
2021-06-24 12:03:33,1842.35,0
2021-06-24 12:03:36,1842.15,0
2021-06-24 12:03:37,1842.65,0
2021-06-24 12:03:41,1842.15,0
2021-06-24 12:03:42,1842.15,0
2021-06-24 12:03:49,1842.15,0
2021-06-24 12:03:50,1842.2,0
2021-06-24 12:03:52,1842.7,0
2021-06-24 12:03:53,1842.7,0
2021-06-24 12:03:54,1842.75,0
2021-06-24 12:03:56,1842.5,0
2021-06-24 12:03:58,1842.8,0
2021-06-24 12:03:59,1842.8,0
2021-06-24 12:04:00,1842.8,0
2021-06-24 12:04:03,1843.15,0
2021-06-24 12:04:11,1842.7,0
2021-06-24 12:04:13,1842.95,0
2021-06-24 12:04:16,1843.35,0
2021-06-24 12:04:20,1842.8,0
2021-06-24 12:04:24,1843.0,0
2021-06-24 12:04:29,1843.2,0
2021-06-24 12:04:30,1842.85,0
2021-06-24 12:04:31,1843.2,0
2021-06-24 12:04:32,1842.65,0
2021-06-24 12:04:33,1842.95,0
2021-06-24 12:04:34,1842.9,0
2021-06-24 12:04:36,1843.0,0
2021-06-24 12:04:37,1842.75,0
2021-06-24 12:04:38,1842.25,0
2021-06-24 12:04:40,1842.8,0
2021-06-24 12:04:42,1843.25,0
2021-06-24 12:04:43,1843.25,0
2021-06-24 12:04:45,1843.65,0
2021-06-24 12:04:48,1843.05,0
2021-06-24 12:04:49,1843.5,0
2021-06-24 12:04:56,1842.95,0
2021-06-24 12:04:57,1843.25,0
2021-06-24 12:04:58,1843.35,0
2021-06-24 12:04:59,1843.3,0
2021-06-24 12:05:01,1843.35,0
2021-06-24 12:05:06,1842.95,0
2021-06-24 12:05:07,1842.95,0
2021-06-24 12:05:08,1842.95,0
2021-06-24 12:05:09,1842.95,0
2021-06-24 12:05:10,1842.8,0
2021-06-24 12:05:14,1842.85,0
2021-06-24 12:05:16,1842.8,0
2021-06-24 12:05:17,1842.8,0
2021-06-24 12:05:19,1842.65,0
2021-06-24 12:05:20,1842.75,0
2021-06-24 12:05:21,1842.7,0
2021-06-24 12:05:26,1843.05,0
2021-06-24 12:05:34,1843.4,0
2021-06-24 12:05:36,1842.75,0
2021-06-24 12:05:37,1842.9,0
2021-06-24 12:05:38,1842.9,0
2021-06-24 12:05:40,1842.55,0
2021-06-24 12:05:41,1841.8,0
2021-06-24 12:05:45,1842.05,0
2021-06-24 12:05:46,1842.05,0
2021-06-24 12:05:49,1842.5,0
2021-06-24 12:05:59,1841.8,0
2021-06-24 12:06:02,1841.25,0
2021-06-24 12:06:03,1841.5,0
2021-06-24 12:06:05,1841.3,0
2021-06-24 12:06:06,1841.3,0
2021-06-24 12:06:07,1841.3,0
2021-06-24 12:06:08,1841.2,0
2021-06-24 12:06:11,1841.45,0
2021-06-24 12:06:13,1841.85,0
2021-06-24 12:06:18,1842.0,0
2021-06-24 12:06:22,1842.0,0
2021-06-24 12:06:25,1842.45,0
2021-06-24 12:06:30,1842.45,0
2021-06-24 12:06:32,1842.3,0
2021-06-24 12:06:33,1842.1,0
2021-06-24 12:06:34,1842.55,0
2021-06-24 12:06:36,1842.2,0
2021-06-24 12:06:38,1841.9,0
2021-06-24 12:06:39,1842.1,0
2021-06-24 12:06:43,1841.65,0
2021-06-24 12:06:45,1841.5,0
2021-06-24 12:06:46,1842.15,0
2021-06-24 12:06:47,1842.15,0
2021-06-24 12:06:49,1842.5,0
2021-06-24 12:06:52,1842.35,0
2021-06-24 12:06:53,1842.35,0
2021-06-24 12:06:54,1842.25,0
2021-06-24 12:06:55,1842.25,0
2021-06-24 12:07:01,1842.2,0
2021-06-24 12:07:12,1842.85,0
2021-06-24 12:07:13,1842.85,0
2021-06-24 12:07:14,1842.35,0
2021-06-24 12:07:18,1841.35,0
2021-06-24 12:07:24,1841.9,0
2021-06-24 12:07:25,1841.9,0
2021-06-24 12:07:26,1841.7,0
2021-06-24 12:07:28,1842.25,0
2021-06-24 12:07:37,1841.55,0
2021-06-24 12:07:38,1841.45,0
2021-06-24 12:07:39,1841.85,0
2021-06-24 12:07:41,1842.05,0
2021-06-24 12:07:42,1842.05,0
2021-06-24 12:07:45,1842.25,0
2021-06-24 12:07:46,1842.35,0
2021-06-24 12:07:49,1842.3,0
2021-06-24 12:07:50,1842.15,0
2021-06-24 12:07:52,1842.1,0
2021-06-24 12:07:56,1841.85,0
2021-06-24 12:07:58,1841.85,0
2021-06-24 12:07:59,1841.85,0
2021-06-24 12:08:00,1842.2,0
2021-06-24 12:08:03,1842.9,0
2021-06-24 12:08:06,1842.5,0
2021-06-24 12:08:07,1842.3,0
2021-06-24 12:08:13,1841.25,0
2021-06-24 12:08:14,1841.25,0
2021-06-24 12:08:17,1841.0,0
2021-06-24 12:08:18,1841.25,0
2021-06-24 12:08:20,1841.5,0
2021-06-24 12:08:26,1841.95,0
2021-06-24 12:08:33,1841.35,0
2021-06-24 12:08:48,1841.65,0
2021-06-24 12:08:49,1841.55,0
2021-06-24 12:08:50,1841.1,0
2021-06-24 12:08:53,1841.55,0
2021-06-24 12:09:00,1841.65,0
2021-06-24 12:09:02,1841.65,0
2021-06-24 12:09:06,1841.8,0
2021-06-24 12:09:11,1841.35,0
2021-06-24 12:09:12,1841.5,0
2021-06-24 12:09:14,1841.7,0
2021-06-24 12:09:15,1841.7,0
2021-06-24 12:09:23,1841.35,0
2021-06-24 12:09:25,1841.5,0
2021-06-24 12:09:28,1841.6,0
2021-06-24 12:09:30,1841.8,0
2021-06-24 12:09:31,1841.8,0
2021-06-24 12:09:35,1841.3,0
2021-06-24 12:09:38,1840.95,0
2021-06-24 12:09:45,1841.65,0
2021-06-24 12:09:50,1841.55,0
2021-06-24 12:09:53,1841.55,0
2021-06-24 12:09:56,1841.45,0
2021-06-24 12:09:57,1841.45,0
2021-06-24 12:10:01,1841.05,0
2021-06-24 12:10:02,1841.0,0
2021-06-24 12:10:03,1841.0,0
2021-06-24 12:10:04,1840.8,0
2021-06-24 12:10:05,1840.8,0
2021-06-24 12:10:12,1840.6,0
2021-06-24 12:10:13,1840.9,0
2021-06-24 12:10:15,1840.8,0
2021-06-24 12:10:18,1840.8,0
2021-06-24 12:10:22,1840.9,0
2021-06-24 12:10:24,1840.75,0
2021-06-24 12:10:25,1840.65,0
2021-06-24 12:10:26,1840.35,0
2021-06-24 12:10:29,1840.35,0
2021-06-24 12:10:33,1840.7,0
2021-06-24 12:10:35,1840.75,0
2021-06-24 12:10:36,1840.75,0
2021-06-24 12:10:41,1840.4,0
2021-06-24 12:10:43,1840.8,0
2021-06-24 12:10:46,1841.1,0
2021-06-24 12:10:48,1841.1,0
2021-06-24 12:10:51,1841.05,0
2021-06-24 12:10:54,1840.1,0
2021-06-24 12:10:57,1839.9,0
2021-06-24 12:11:02,1840.05,0
2021-06-24 12:11:08,1839.95,0
2021-06-24 12:11:10,1840.4,0
2021-06-24 12:11:14,1839.9,0
2021-06-24 12:11:15,1839.65,0
2021-06-24 12:11:16,1839.65,0
2021-06-24 12:11:17,1839.9,0
2021-06-24 12:11:18,1839.9,0
2021-06-24 12:11:20,1841.0,0
2021-06-24 12:11:21,1841.65,0
2021-06-24 12:11:28,1841.3,0
2021-06-24 12:11:33,1841.5,0
2021-06-24 12:11:38,1841.6,0
2021-06-24 12:11:40,1841.75,0
2021-06-24 12:11:41,1841.75,0
2021-06-24 12:11:42,1841.3,0
2021-06-24 12:11:45,1840.6,0
2021-06-24 12:11:46,1840.8,0
2021-06-24 12:11:47,1841.0,0
2021-06-24 12:11:48,1841.05,0
2021-06-24 12:11:49,1841.05,0
2021-06-24 12:11:50,1841.1,0
2021-06-24 12:11:51,1841.1,0
2021-06-24 12:11:52,1841.1,0
2021-06-24 12:11:53,1841.1,0
2021-06-24 12:11:58,1841.25,0
2021-06-24 12:12:07,1841.7,0
2021-06-24 12:12:10,1841.6,0
2021-06-24 12:12:13,1842.15,0
2021-06-24 12:12:14,1842.15,0
2021-06-24 12:12:22,1842.4,0
2021-06-24 12:12:25,1842.0,0
2021-06-24 12:12:31,1842.6,0
2021-06-24 12:12:34,1842.6,0
2021-06-24 12:12:38,1841.9,0
2021-06-24 12:12:41,1842.7,0
2021-06-24 12:12:45,1842.45,0
2021-06-24 12:12:49,1842.1,0
