timestamp,ltp,volume
2021-06-24 09:35:54,5095.1,0
2021-06-24 09:35:56,5095.25,0
2021-06-24 09:35:59,5095.65,0
2021-06-24 09:36:02,5095.3,0
2021-06-24 09:36:06,5095.75,0
2021-06-24 09:36:07,5095.65,0
2021-06-24 09:36:08,5095.25,0
2021-06-24 09:36:11,5095.3,0
2021-06-24 09:36:12,5095.15,0
2021-06-24 09:36:17,5094.35,0
2021-06-24 09:36:26,5094.6,0
2021-06-24 09:36:29,5094.25,0
2021-06-24 09:36:30,5094.6,0
2021-06-24 09:36:31,5094.3,0
2021-06-24 09:36:33,5095.1,0
2021-06-24 09:36:34,5094.6,0
2021-06-24 09:36:35,5094.9,0
2021-06-24 09:36:37,5094.45,0
2021-06-24 09:36:43,5093.95,0
2021-06-24 09:36:45,5092.8,0
2021-06-24 09:36:46,5093.5,0
2021-06-24 09:36:47,5093.7,0
2021-06-24 09:36:52,5094.1,0
2021-06-24 09:36:55,5093.65,0
2021-06-24 09:36:56,5092.8,0
2021-06-24 09:37:07,5091.55,0
2021-06-24 09:37:10,5091.25,0
2021-06-24 09:37:15,5089.4,0
2021-06-24 09:37:17,5089.6,0
2021-06-24 09:37:19,5090.25,0
2021-06-24 09:37:20,5091.25,0
2021-06-24 09:37:21,5090.6,0
2021-06-24 09:37:26,5090.55,0
2021-06-24 09:37:29,5090.25,0
2021-06-24 09:37:32,5089.65,0
2021-06-24 09:37:36,5090.05,0
2021-06-24 09:37:46,5088.7,0
2021-06-24 09:37:48,5088.5,0
2021-06-24 09:37:56,5089.8,0
2021-06-24 09:37:57,5090.0,0
2021-06-24 09:37:59,5089.6,0
2021-06-24 09:38:01,5091.5,0
2021-06-24 09:38:02,5091.5,0
2021-06-24 09:38:05,5091.55,0
2021-06-24 09:38:12,5093.6,0
2021-06-24 09:38:14,5094.0,0
2021-06-24 09:38:22,5095.9,0
2021-06-24 09:38:30,5097.35,0
2021-06-24 09:38:33,5097.1,0
2021-06-24 09:38:42,5097.5,0
2021-06-24 09:38:45,5096.9,0
2021-06-24 09:38:51,5097.25,0
2021-06-24 09:38:56,5095.3,0
2021-06-24 09:38:59,5095.5,0
2021-06-24 09:39:02,5095.1,0
2021-06-24 09:39:03,5095.65,0
2021-06-24 09:39:06,5096.45,0
2021-06-24 09:39:08,5096.5,0
2021-06-24 09:39:18,5096.1,0
2021-06-24 09:39:25,5095.3,0
2021-06-24 09:39:26,5095.35,0
2021-06-24 09:39:29,5094.75,0
2021-06-24 09:39:32,5094.6,0
2021-06-24 09:39:34,5094.6,0
2021-06-24 09:39:40,5093.8,0
2021-06-24 09:39:43,5093.95,0
2021-06-24 09:39:45,5093.95,0
2021-06-24 09:39:49,5094.45,0
2021-06-24 09:40:05,5096.0,0
2021-06-24 09:40:07,5095.4,0
2021-06-24 09:40:11,5095.8,0
2021-06-24 09:40:14,5095.25,0
2021-06-24 09:40:20,5094.55,0
2021-06-24 09:40:22,5094.8,0
2021-06-24 09:40:23,5094.65,0
2021-06-24 09:40:29,5094.2,0
2021-06-24 09:40:32,5093.0,0
2021-06-24 09:40:34,5093.8,0
2021-06-24 09:40:37,5091.7,0
2021-06-24 09:40:44,5089.75,0
2021-06-24 09:40:50,5089.3,0
2021-06-24 09:40:57,5088.9,0
2021-06-24 09:40:58,5088.8,0
2021-06-24 09:41:02,5088.95,0
2021-06-24 09:41:07,5088.8,0
2021-06-24 09:41:11,5089.25,0
2021-06-24 09:41:14,5088.55,0
2021-06-24 09:41:15,5088.6,0
2021-06-24 09:41:17,5089.0,0
2021-06-24 09:41:20,5088.9,0
2021-06-24 09:41:27,5088.9,0
2021-06-24 09:41:30,5089.05,0
2021-06-24 09:41:33,5088.95,0
2021-06-24 09:41:38,5089.05,0
2021-06-24 09:41:39,5088.45,0
2021-06-24 09:41:43,5088.4,0
2021-06-24 09:41:47,5088.4,0
2021-06-24 09:41:50,5088.2,0
2021-06-24 09:41:51,5088.0,0
2021-06-24 09:41:52,5088.15,0
2021-06-24 09:41:56,5088.7,0
2021-06-24 09:41:57,5088.6,0
2021-06-24 09:42:14,5089.55,0
2021-06-24 09:42:15,5089.35,0
2021-06-24 09:42:20,5089.4,0
2021-06-24 09:42:22,5089.15,0
2021-06-24 09:42:26,5088.75,0
2021-06-24 09:42:27,5088.85,0
2021-06-24 09:42:28,5089.25,0
2021-06-24 09:42:30,5089.4,0
2021-06-24 09:42:33,5089.2,0
2021-06-24 09:42:34,5089.65,0
2021-06-24 09:42:35,5089.5,0
2021-06-24 09:42:38,5090.8,0
2021-06-24 09:42:39,5091.35,0
2021-06-24 09:42:40,5091.6,0
2021-06-24 09:42:41,5091.75,0
2021-06-24 09:42:42,5091.35,0
2021-06-24 09:42:45,5092.8,0
2021-06-24 09:42:57,5092.95,0
2021-06-24 09:42:58,5093.75,0
2021-06-24 09:43:00,5093.2,0
2021-06-24 09:43:08,5093.25,0
2021-06-24 09:43:09,5094.0,0
2021-06-24 09:43:10,5093.45,0
2021-06-24 09:43:13,5095.6,0
2021-06-24 09:43:14,5095.85,0
2021-06-24 09:43:15,5096.15,0
2021-06-24 09:43:20,5096.85,0
2021-06-24 09:43:28,5096.5,0
2021-06-24 09:43:32,5096.9,0
2021-06-24 09:43:33,5097.45,0
2021-06-24 09:43:35,5097.3,0
2021-06-24 09:43:36,5096.6,0
2021-06-24 09:43:40,5097.3,0
2021-06-24 09:43:42,5096.2,0
2021-06-24 09:43:45,5096.8,0
2021-06-24 09:43:46,5096.2,0
2021-06-24 09:43:47,5096.8,0
2021-06-24 09:43:48,5096.55,0
2021-06-24 09:43:49,5097.15,0
2021-06-24 09:43:51,5096.45,0
2021-06-24 09:43:52,5097.0,0
2021-06-24 09:43:57,5096.4,0
2021-06-24 09:43:58,5096.15,0
2021-06-24 09:44:01,5095.35,0
2021-06-24 09:44:02,5095.1,0
2021-06-24 09:44:11,5095.25,0
2021-06-24 09:44:19,5095.1,0
2021-06-24 09:44:22,5094.85,0
2021-06-24 09:44:24,5095.0,0
2021-06-24 09:44:34,5092.1,0
2021-06-24 09:44:46,5092.8,0
2021-06-24 09:44:47,5092.35,0
2021-06-24 09:44:54,5094.05,0
2021-06-24 09:44:56,5093.6,0
2021-06-24 09:44:57,5093.75,0
2021-06-24 09:45:15,5096.3,0
2021-06-24 09:45:26,5097.7,0
2021-06-24 09:45:34,5099.2,0
2021-06-24 09:45:36,5100.85,0
2021-06-24 09:45:39,5101.2,0
2021-06-24 09:45:40,5101.5,0
2021-06-24 09:45:44,5100.6,0
2021-06-24 09:45:51,5099.1,0
2021-06-24 09:45:54,5099.25,0
2021-06-24 09:45:57,5097.4,0
2021-06-24 09:46:01,5096.7,0
2021-06-24 09:46:02,5096.65,0
2021-06-24 09:46:03,5096.25,0
2021-06-24 09:46:04,5096.65,0
2021-06-24 09:46:05,5096.45,0
2021-06-24 09:46:08,5096.55,0
2021-06-24 09:46:14,5095.45,0
2021-06-24 09:46:19,5095.25,0
2021-06-24 09:46:22,5095.4,0
2021-06-24 09:46:23,5095.6,0
2021-06-24 09:46:24,5095.85,0
2021-06-24 09:46:25,5096.0,0
2021-06-24 09:46:30,5095.2,0
2021-06-24 09:46:35,5095.5,0
2021-06-24 09:46:36,5095.6,0
2021-06-24 09:46:37,5095.6,0
2021-06-24 09:46:38,5095.3,0
2021-06-24 09:46:49,5094.75,0
2021-06-24 09:46:55,5091.3,0
2021-06-24 09:47:06,5087.75,0
2021-06-24 09:47:21,5086.6,0
2021-06-24 09:47:24,5087.3,0
2021-06-24 09:47:27,5087.1,0
2021-06-24 09:47:31,5086.85,0
2021-06-24 09:47:34,5086.9,0
2021-06-24 09:47:36,5086.7,0
2021-06-24 09:47:37,5087.25,0
2021-06-24 09:47:38,5087.0,0
2021-06-24 09:47:39,5087.15,0
2021-06-24 09:47:41,5087.05,0
2021-06-24 09:47:42,5087.6,0
2021-06-24 09:47:54,5088.15,0
2021-06-24 09:47:55,5087.65,0
2021-06-24 09:48:02,5087.75,0
2021-06-24 09:48:03,5088.75,0
2021-06-24 09:48:08,5090.35,0
2021-06-24 09:48:10,5090.25,0
2021-06-24 09:48:12,5091.0,0
2021-06-24 09:48:13,5091.6,0
2021-06-24 09:48:14,5091.45,0
2021-06-24 09:48:15,5091.25,0
2021-06-24 09:48:20,5091.2,0
2021-06-24 09:48:23,5091.3,0
2021-06-24 09:48:25,5090.9,0
2021-06-24 09:48:27,5090.7,0
2021-06-24 09:48:28,5091.1,0
2021-06-24 09:48:30,5091.05,0
2021-06-24 09:48:31,5091.7,0
2021-06-24 09:48:35,5091.0,0
2021-06-24 09:48:36,5090.25,0
2021-06-24 09:48:37,5090.8,0
2021-06-24 09:48:38,5091.55,0
2021-06-24 09:48:39,5091.2,0
2021-06-24 09:48:41,5091.55,0
2021-06-24 09:48:44,5091.2,0
2021-06-24 09:48:47,5091.4,0
2021-06-24 09:48:50,5091.3,0
2021-06-24 09:48:51,5090.15,0
2021-06-24 09:48:59,5088.5,0
2021-06-24 09:49:03,5089.45,0
2021-06-24 09:49:04,5089.8,0
2021-06-24 09:49:19,5090.45,0
2021-06-24 09:49:20,5089.3,0
2021-06-24 09:49:28,5090.45,0
2021-06-24 09:49:29,5089.95,0
2021-06-24 09:49:34,5090.55,0
2021-06-24 09:49:39,5090.4,0
2021-06-24 09:49:40,5090.35,0
2021-06-24 09:49:41,5090.2,0
2021-06-24 09:49:47,5089.2,0
2021-06-24 09:49:51,5088.35,0
2021-06-24 09:50:08,5087.6,0
2021-06-24 09:50:13,5086.35,0
2021-06-24 09:50:17,5085.45,0
2021-06-24 09:50:18,5084.6,0
2021-06-24 09:50:23,5083.9,0
2021-06-24 09:50:28,5084.6,0
2021-06-24 09:50:29,5084.7,0
2021-06-24 09:50:31,5085.0,0
2021-06-24 09:50:43,5086.4,0
2021-06-24 09:50:44,5086.25,0
2021-06-24 09:50:46,5086.7,0
2021-06-24 09:50:47,5086.8,0
2021-06-24 09:50:49,5087.45,0
2021-06-24 09:50:52,5088.2,0
2021-06-24 09:50:55,5088.1,0
2021-06-24 09:50:57,5087.9,0
2021-06-24 09:50:58,5088.4,0
2021-06-24 09:51:02,5089.15,0
2021-06-24 09:51:06,5089.5,0
2021-06-24 09:51:09,5089.7,0
2021-06-24 09:51:10,5089.8,0
2021-06-24 09:51:11,5089.75,0
2021-06-24 09:51:13,5089.55,0
2021-06-24 09:51:15,5089.6,0
2021-06-24 09:51:16,5089.5,0
2021-06-24 09:51:20,5089.05,0
2021-06-24 09:51:26,5089.75,0
2021-06-24 09:51:28,5089.9,0
2021-06-24 09:51:36,5089.05,0
2021-06-24 09:51:51,5091.15,0
2021-06-24 09:51:52,5091.0,0
2021-06-24 09:51:54,5092.25,0
2021-06-24 09:51:57,5091.7,0
2021-06-24 09:52:01,5092.5,0
2021-06-24 09:52:02,5091.8,0
2021-06-24 09:52:04,5092.15,0
2021-06-24 09:52:07,5093.05,0
2021-06-24 09:52:16,5095.1,0
2021-06-24 09:52:18,5095.15,0
2021-06-24 09:52:19,5095.55,0
2021-06-24 09:52:25,5095.75,0
2021-06-24 09:52:30,5096.0,0
2021-06-24 09:52:31,5096.65,0
2021-06-24 09:52:37,5095.4,0
2021-06-24 09:52:39,5095.45,0
2021-06-24 09:52:40,5095.25,0
2021-06-24 09:52:41,5094.8,0
2021-06-24 09:52:45,5095.9,0
2021-06-24 09:52:46,5095.05,0
2021-06-24 09:52:50,5096.2,0
2021-06-24 09:52:51,5096.75,0
2021-06-24 09:52:52,5097.1,0
2021-06-24 09:52:56,5096.1,0
2021-06-24 09:52:57,5096.0,0
2021-06-24 09:52:58,5096.0,0
2021-06-24 09:53:01,5095.85,0
2021-06-24 09:53:02,5096.2,0
2021-06-24 09:53:08,5095.0,0
2021-06-24 09:53:12,5095.55,0
2021-06-24 09:53:15,5096.05,0
2021-06-24 09:53:22,5093.5,0
2021-06-24 09:53:25,5092.05,0
2021-06-24 09:53:26,5092.15,0
2021-06-24 09:53:30,5092.8,0
2021-06-24 09:53:31,5093.15,0
2021-06-24 09:53:32,5092.75,0
2021-06-24 09:53:34,5093.2,0
2021-06-24 09:53:35,5093.4,0
2021-06-24 09:53:38,5093.05,0
2021-06-24 09:53:44,5092.6,0
2021-06-24 09:53:50,5092.05,0
2021-06-24 09:53:51,5091.6,0
2021-06-24 09:53:53,5092.15,0
2021-06-24 09:53:54,5091.7,0
2021-06-24 09:53:57,5091.25,0
2021-06-24 09:53:59,5091.5,0
2021-06-24 09:54:01,5092.3,0
2021-06-24 09:54:02,5092.9,0
2021-06-24 09:54:06,5092.7,0
2021-06-24 09:54:07,5093.0,0
2021-06-24 09:54:12,5092.95,0
2021-06-24 09:54:14,5093.35,0
2021-06-24 09:54:24,5095.7,0
2021-06-24 09:54:35,5095.35,0
2021-06-24 09:54:38,5095.4,0
2021-06-24 09:54:53,5096.45,0
2021-06-24 09:54:54,5096.35,0
2021-06-24 09:54:55,5096.5,0
2021-06-24 09:54:58,5096.5,0
2021-06-24 09:55:03,5096.25,0
2021-06-24 09:55:04,5096.35,0
2021-06-24 09:55:06,5096.95,0
2021-06-24 09:55:08,5096.65,0
2021-06-24 09:55:09,5096.5,0
2021-06-24 09:55:14,5095.3,0
2021-06-24 09:55:15,5095.65,0
2021-06-24 09:55:18,5094.4,0
2021-06-24 09:55:20,5095.35,0
2021-06-24 09:55:24,5095.05,0
2021-06-24 09:55:27,5092.7,0
2021-06-24 09:55:32,5092.05,0
2021-06-24 09:55:34,5091.6,0
2021-06-24 09:55:47,5090.3,0
2021-06-24 09:55:49,5089.65,0
2021-06-24 09:55:52,5088.7,0
2021-06-24 09:55:55,5089.2,0
2021-06-24 09:56:01,5089.05,0
2021-06-24 09:56:02,5089.05,0
2021-06-24 09:56:12,5091.4,0
2021-06-24 09:56:13,5091.7,0
2021-06-24 09:56:14,5091.3,0
2021-06-24 09:56:17,5093.15,0
2021-06-24 09:56:18,5093.25,0
2021-06-24 09:56:20,5093.75,0
2021-06-24 09:56:24,5093.9,0
2021-06-24 09:56:26,5093.7,0
2021-06-24 09:56:27,5093.6,0
2021-06-24 09:56:28,5093.55,0
2021-06-24 09:56:35,5094.1,0
2021-06-24 09:56:38,5093.15,0
2021-06-24 09:56:39,5093.4,0
2021-06-24 09:56:42,5093.2,0
2021-06-24 09:56:43,5093.2,0
2021-06-24 09:56:45,5092.9,0
2021-06-24 09:56:49,5093.25,0
2021-06-24 09:57:00,5092.55,0
2021-06-24 09:57:07,5092.35,0
2021-06-24 09:57:13,5092.15,0
2021-06-24 09:57:16,5092.45,0
2021-06-24 09:57:19,5092.4,0
2021-06-24 09:57:24,5090.75,0
2021-06-24 09:57:26,5090.3,0
2021-06-24 09:57:39,5089.55,0
2021-06-24 09:57:42,5088.9,0
2021-06-24 09:57:45,5089.7,0
2021-06-24 09:57:47,5089.55,0
2021-06-24 09:57:56,5090.05,0
2021-06-24 09:57:57,5090.15,0
2021-06-24 09:58:05,5091.9,0
2021-06-24 09:58:07,5092.35,0
2021-06-24 09:58:09,5092.25,0
2021-06-24 09:58:11,5091.4,0
2021-06-24 09:58:12,5091.3,0
2021-06-24 09:58:21,5091.1,0
2021-06-24 09:58:23,5090.8,0
2021-06-24 09:58:26,5090.05,0
2021-06-24 09:58:28,5088.55,0
2021-06-24 09:58:29,5089.35,0
2021-06-24 09:58:31,5089.25,0
2021-06-24 09:58:33,5089.55,0
2021-06-24 09:58:40,5089.2,0
2021-06-24 09:58:42,5089.35,0
2021-06-24 09:58:45,5090.6,0
2021-06-24 09:58:48,5090.7,0
2021-06-24 09:58:51,5090.5,0
2021-06-24 09:58:52,5090.7,0
2021-06-24 09:58:53,5090.9,0
2021-06-24 09:58:55,5090.5,0
2021-06-24 09:58:58,5090.45,0
2021-06-24 09:58:59,5091.1,0
2021-06-24 09:59:00,5091.35,0
2021-06-24 09:59:01,5091.0,0
2021-06-24 09:59:02,5090.5,0
2021-06-24 09:59:04,5090.75,0
2021-06-24 09:59:07,5090.05,0
2021-06-24 09:59:15,5090.3,0
2021-06-24 09:59:20,5090.05,0
2021-06-24 09:59:21,5089.2,0
2021-06-24 09:59:22,5089.8,0
2021-06-24 09:59:27,5089.9,0
2021-06-24 09:59:29,5089.05,0
2021-06-24 09:59:31,5088.3,0
2021-06-24 09:59:43,5087.2,0
2021-06-24 09:59:45,5088.05,0
2021-06-24 09:59:50,5088.0,0
2021-06-24 09:59:54,5088.4,0
2021-06-24 09:59:57,5088.5,0
2021-06-24 09:59:58,5089.45,0
2021-06-24 10:00:02,5088.75,0
2021-06-24 10:00:06,5088.6,0
2021-06-24 10:00:08,5088.65,0
2021-06-24 10:00:10,5088.35,0
2021-06-24 10:00:19,5087.75,0
2021-06-24 10:00:24,5088.0,0
2021-06-24 10:00:25,5088.25,0
2021-06-24 10:00:26,5087.65,0
2021-06-24 10:00:35,5087.7,0
2021-06-24 10:00:37,5088.55,0
2021-06-24 10:00:44,5088.8,0
2021-06-24 10:00:49,5089.0,0
2021-06-24 10:00:53,5088.75,0
2021-06-24 10:00:55,5088.75,0
2021-06-24 10:00:56,5089.3,0
2021-06-24 10:00:57,5088.9,0
2021-06-24 10:00:58,5088.75,0
2021-06-24 10:00:59,5088.8,0
2021-06-24 10:01:01,5089.0,0
2021-06-24 10:01:02,5088.8,0
2021-06-24 10:01:03,5088.9,0
2021-06-24 10:01:08,5088.95,0
2021-06-24 10:01:12,5089.75,0
2021-06-24 10:01:16,5089.3,0
2021-06-24 10:01:20,5089.7,0
2021-06-24 10:01:28,5090.15,0
2021-06-24 10:01:31,5089.55,0
2021-06-24 10:01:35,5089.15,0
2021-06-24 10:01:37,5089.9,0
2021-06-24 10:01:40,5090.05,0
2021-06-24 10:01:41,5089.8,0
2021-06-24 10:01:43,5089.25,0
2021-06-24 10:01:44,5090.15,0
2021-06-24 10:01:45,5089.05,0
2021-06-24 10:01:46,5088.8,0
2021-06-24 10:01:48,5088.95,0
2021-06-24 10:01:49,5088.8,0
2021-06-24 10:01:56,5088.4,0
2021-06-24 10:02:01,5087.9,0
2021-06-24 10:02:03,5088.0,0
2021-06-24 10:02:04,5088.2,0
2021-06-24 10:02:05,5087.5,0
2021-06-24 10:02:06,5087.4,0
2021-06-24 10:02:11,5086.05,0
2021-06-24 10:02:13,5085.4,0
2021-06-24 10:02:14,5085.65,0
2021-06-24 10:02:17,5085.2,0
2021-06-24 10:02:21,5084.3,0
2021-06-24 10:02:23,5084.3,0
2021-06-24 10:02:29,5083.0,0
2021-06-24 10:02:30,5083.1,0
2021-06-24 10:02:31,5083.2,0
2021-06-24 10:02:37,5081.9,0
2021-06-24 10:02:43,5080.45,0
2021-06-24 10:02:44,5080.7,0
2021-06-24 10:02:48,5080.75,0
2021-06-24 10:02:49,5080.65,0
2021-06-24 10:02:50,5080.9,0
2021-06-24 10:02:53,5081.45,0
2021-06-24 10:03:01,5081.9,0
2021-06-24 10:03:02,5082.45,0
2021-06-24 10:03:03,5081.6,0
2021-06-24 10:03:10,5080.75,0
2021-06-24 10:03:12,5080.65,0
2021-06-24 10:03:13,5080.35,0
2021-06-24 10:03:21,5080.75,0
2021-06-24 10:03:22,5081.1,0
2021-06-24 10:03:26,5080.7,0
2021-06-24 10:03:27,5081.25,0
2021-06-24 10:03:28,5081.2,0
2021-06-24 10:03:29,5081.15,0
2021-06-24 10:03:34,5080.3,0
2021-06-24 10:03:36,5080.5,0
2021-06-24 10:03:37,5080.75,0
2021-06-24 10:03:39,5080.9,0
2021-06-24 10:03:46,5081.25,0
2021-06-24 10:03:54,5082.0,0
2021-06-24 10:03:57,5082.5,0
2021-06-24 10:04:00,5082.05,0
2021-06-24 10:04:02,5082.35,0
2021-06-24 10:04:03,5082.3,0
2021-06-24 10:04:04,5082.65,0
2021-06-24 10:04:07,5082.25,0
2021-06-24 10:04:17,5081.3,0
2021-06-24 10:04:19,5081.85,0
2021-06-24 10:04:22,5081.55,0
2021-06-24 10:04:28,5081.4,0
2021-06-24 10:04:31,5081.5,0
2021-06-24 10:04:32,5081.35,0
2021-06-24 10:04:33,5081.2,0
2021-06-24 10:04:34,5081.4,0
2021-06-24 10:04:35,5080.8,0
2021-06-24 10:04:43,5080.3,0
2021-06-24 10:04:46,5080.8,0
2021-06-24 10:04:49,5080.95,0
2021-06-24 10:04:50,5080.5,0
2021-06-24 10:04:52,5080.8,0
2021-06-24 10:04:55,5080.55,0
2021-06-24 10:04:57,5080.45,0
2021-06-24 10:05:00,5080.6,0
2021-06-24 10:05:02,5080.05,0
2021-06-24 10:05:06,5079.9,0
2021-06-24 10:05:10,5080.6,0
2021-06-24 10:05:11,5080.65,0
2021-06-24 10:05:14,5080.4,0
2021-06-24 10:05:18,5080.6,0
2021-06-24 10:05:20,5081.0,0
2021-06-24 10:05:24,5080.65,0
2021-06-24 10:05:25,5081.3,0
2021-06-24 10:05:29,5081.3,0
2021-06-24 10:05:32,5081.8,0
2021-06-24 10:05:35,5081.45,0
2021-06-24 10:05:36,5081.8,0
2021-06-24 10:05:37,5081.65,0
2021-06-24 10:05:38,5081.45,0
2021-06-24 10:05:45,5082.0,0
2021-06-24 10:05:47,5082.15,0
2021-06-24 10:05:53,5083.05,0
2021-06-24 10:05:54,5082.6,0
2021-06-24 10:05:56,5082.45,0
2021-06-24 10:06:03,5083.25,0
2021-06-24 10:06:07,5083.3,0
2021-06-24 10:06:10,5083.85,0
2021-06-24 10:06:20,5085.65,0
2021-06-24 10:06:22,5085.3,0
2021-06-24 10:06:26,5086.0,0
2021-06-24 10:06:28,5085.55,0
2021-06-24 10:06:29,5086.35,0
2021-06-24 10:06:31,5086.95,0
2021-06-24 10:06:33,5086.5,0
2021-06-24 10:06:35,5086.5,0
2021-06-24 10:06:36,5086.75,0
2021-06-24 10:06:38,5086.55,0
2021-06-24 10:06:39,5086.7,0
2021-06-24 10:06:40,5085.15,0
2021-06-24 10:06:42,5085.1,0
2021-06-24 10:06:43,5085.25,0
2021-06-24 10:06:45,5085.5,0
2021-06-24 10:06:49,5085.55,0
2021-06-24 10:06:52,5085.35,0
2021-06-24 10:06:55,5084.85,0
2021-06-24 10:06:59,5085.35,0
2021-06-24 10:07:00,5085.2,0
2021-06-24 10:07:16,5085.5,0
2021-06-24 10:07:28,5085.35,0
2021-06-24 10:07:29,5085.05,0
2021-06-24 10:07:30,5084.95,0
2021-06-24 10:07:31,5085.35,0
2021-06-24 10:07:35,5084.65,0
2021-06-24 10:07:41,5083.5,0
2021-06-24 10:07:43,5082.75,0
2021-06-24 10:07:48,5082.4,0
2021-06-24 10:07:52,5082.9,0
2021-06-24 10:08:00,5082.15,0
2021-06-24 10:08:04,5081.5,0
2021-06-24 10:08:10,5080.3,0
2021-06-24 10:08:11,5080.2,0
2021-06-24 10:08:12,5080.7,0
2021-06-24 10:08:25,5079.65,0
2021-06-24 10:08:32,5079.35,0
2021-06-24 10:08:39,5079.8,0
2021-06-24 10:08:45,5079.5,0
2021-06-24 10:08:46,5080.0,0
2021-06-24 10:08:47,5079.75,0
2021-06-24 10:08:56,5078.9,0
2021-06-24 10:09:03,5078.35,0
2021-06-24 10:09:04,5078.6,0
2021-06-24 10:09:06,5079.35,0
2021-06-24 10:09:07,5078.95,0
2021-06-24 10:09:16,5078.45,0
2021-06-24 10:09:17,5078.3,0
2021-06-24 10:09:21,5079.25,0
2021-06-24 10:09:23,5079.7,0
2021-06-24 10:09:30,5079.6,0
2021-06-24 10:09:37,5079.3,0
2021-06-24 10:09:40,5078.8,0
2021-06-24 10:09:47,5079.65,0
2021-06-24 10:09:52,5080.1,0
2021-06-24 10:09:55,5081.05,0
2021-06-24 10:10:00,5082.5,0
2021-06-24 10:10:01,5082.7,0
2021-06-24 10:10:02,5083.6,0
2021-06-24 10:10:04,5083.0,0
2021-06-24 10:10:06,5081.8,0
2021-06-24 10:10:07,5082.5,0
2021-06-24 10:10:15,5083.1,0
2021-06-24 10:10:16,5083.1,0
2021-06-24 10:10:25,5083.15,0
2021-06-24 10:10:34,5082.25,0
2021-06-24 10:10:35,5082.95,0
2021-06-24 10:10:36,5083.15,0
2021-06-24 10:10:37,5082.45,0
2021-06-24 10:10:41,5083.6,0
2021-06-24 10:10:45,5083.55,0
2021-06-24 10:10:49,5082.8,0
2021-06-24 10:10:51,5083.2,0
2021-06-24 10:10:52,5083.0,0
2021-06-24 10:10:53,5083.05,0
2021-06-24 10:11:01,5084.1,0
2021-06-24 10:11:04,5082.85,0
2021-06-24 10:11:05,5083.35,0
2021-06-24 10:11:10,5083.4,0
2021-06-24 10:11:12,5082.9,0
2021-06-24 10:11:14,5083.25,0
2021-06-24 10:11:15,5083.3,0
2021-06-24 10:11:17,5083.8,0
2021-06-24 10:11:22,5082.9,0
2021-06-24 10:11:23,5083.3,0
2021-06-24 10:11:26,5082.9,0
2021-06-24 10:11:27,5082.65,0
2021-06-24 10:11:36,5081.9,0
2021-06-24 10:11:41,5080.15,0
2021-06-24 10:11:44,5079.7,0
2021-06-24 10:11:52,5079.3,0
2021-06-24 10:11:58,5078.9,0
2021-06-24 10:12:00,5079.45,0
2021-06-24 10:12:07,5079.0,0
2021-06-24 10:12:09,5078.0,0
2021-06-24 10:12:10,5078.0,0
2021-06-24 10:12:18,5077.7,0
2021-06-24 10:12:19,5078.2,0
2021-06-24 10:12:20,5078.45,0
2021-06-24 10:12:26,5078.1,0
2021-06-24 10:12:30,5077.7,0
2021-06-24 10:12:37,5078.25,0
2021-06-24 10:12:42,5077.85,0
2021-06-24 10:12:43,5078.05,0
2021-06-24 10:12:45,5077.9,0
2021-06-24 10:12:46,5077.95,0
2021-06-24 10:12:50,5078.3,0
2021-06-24 10:12:54,5078.75,0
2021-06-24 10:12:55,5078.45,0
2021-06-24 10:12:57,5078.6,0
2021-06-24 10:12:59,5078.85,0
2021-06-24 10:13:04,5077.35,0
2021-06-24 10:13:05,5077.45,0
2021-06-24 10:13:11,5077.3,0
2021-06-24 10:13:12,5077.55,0
2021-06-24 10:13:18,5077.25,0
2021-06-24 10:13:20,5077.65,0
2021-06-24 10:13:22,5077.35,0
2021-06-24 10:13:23,5077.55,0
2021-06-24 10:13:31,5078.0,0
2021-06-24 10:13:37,5080.7,0
2021-06-24 10:13:39,5081.25,0
2021-06-24 10:13:42,5081.65,0
2021-06-24 10:13:43,5081.45,0
2021-06-24 10:13:45,5081.2,0
2021-06-24 10:13:53,5083.75,0
2021-06-24 10:13:55,5085.0,0
2021-06-24 10:13:56,5084.5,0
2021-06-24 10:13:58,5084.95,0
2021-06-24 10:13:59,5085.05,0
2021-06-24 10:14:04,5084.8,0
2021-06-24 10:14:06,5084.7,0
2021-06-24 10:14:08,5085.4,0
2021-06-24 10:14:12,5085.9,0
2021-06-24 10:14:21,5087.6,0
2021-06-24 10:14:22,5087.85,0
2021-06-24 10:14:28,5089.3,0
2021-06-24 10:14:32,5089.05,0
2021-06-24 10:14:34,5090.95,0
2021-06-24 10:14:40,5091.15,0
2021-06-24 10:14:44,5090.95,0
2021-06-24 10:14:47,5091.65,0
2021-06-24 10:14:49,5091.25,0
2021-06-24 10:14:55,5090.35,0
2021-06-24 10:14:56,5090.3,0
2021-06-24 10:14:58,5090.85,0
2021-06-24 10:14:59,5090.85,0
2021-06-24 10:15:01,5090.5,0
2021-06-24 10:15:02,5090.65,0
2021-06-24 10:15:05,5091.0,0
2021-06-24 10:15:20,5091.0,0
2021-06-24 10:15:22,5091.45,0
2021-06-24 10:15:27,5091.4,0
2021-06-24 10:15:30,5091.75,0
2021-06-24 10:15:31,5091.35,0
2021-06-24 10:15:33,5091.85,0
2021-06-24 10:15:39,5091.2,0
2021-06-24 10:15:44,5092.05,0
2021-06-24 10:15:45,5091.8,0
2021-06-24 10:15:47,5092.7,0
2021-06-24 10:15:49,5093.45,0
2021-06-24 10:15:52,5092.0,0
2021-06-24 10:15:53,5092.1,0
2021-06-24 10:15:56,5092.7,0
2021-06-24 10:16:05,5092.9,0
2021-06-24 10:16:13,5090.7,0
2021-06-24 10:16:14,5090.35,0
2021-06-24 10:16:20,5090.4,0
2021-06-24 10:16:25,5088.2,0
2021-06-24 10:16:27,5088.3,0
2021-06-24 10:16:28,5087.85,0
2021-06-24 10:16:29,5087.3,0
2021-06-24 10:16:36,5087.35,0
2021-06-24 10:16:39,5088.65,0
2021-06-24 10:16:40,5089.05,0
2021-06-24 10:16:42,5088.55,0
2021-06-24 10:16:43,5088.0,0
2021-06-24 10:16:52,5088.15,0
2021-06-24 10:16:54,5088.2,0
2021-06-24 10:16:55,5088.05,0
2021-06-24 10:17:02,5088.05,0
2021-06-24 10:17:07,5088.0,0
2021-06-24 10:17:13,5088.35,0
2021-06-24 10:17:16,5089.75,0
2021-06-24 10:17:26,5090.8,0
2021-06-24 10:17:27,5090.95,0
2021-06-24 10:17:29,5091.4,0
2021-06-24 10:17:30,5091.8,0
2021-06-24 10:17:32,5091.5,0
2021-06-24 10:17:37,5090.9,0
2021-06-24 10:17:41,5090.6,0
2021-06-24 10:17:54,5090.9,0
2021-06-24 10:17:56,5090.4,0
2021-06-24 10:17:57,5090.85,0
2021-06-24 10:18:00,5091.85,0
2021-06-24 10:18:03,5091.05,0
2021-06-24 10:18:04,5090.75,0
2021-06-24 10:18:05,5090.8,0
2021-06-24 10:18:06,5090.4,0
2021-06-24 10:18:09,5089.8,0
2021-06-24 10:18:12,5090.35,0
2021-06-24 10:18:13,5089.9,0
2021-06-24 10:18:14,5090.25,0
2021-06-24 10:18:15,5090.15,0
2021-06-24 10:18:18,5090.3,0
2021-06-24 10:18:19,5090.6,0
2021-06-24 10:18:21,5090.5,0
2021-06-24 10:18:29,5090.6,0
2021-06-24 10:18:34,5089.95,0
2021-06-24 10:18:38,5090.35,0
2021-06-24 10:18:39,5089.8,0
2021-06-24 10:18:42,5088.95,0
2021-06-24 10:18:45,5088.05,0
2021-06-24 10:18:49,5088.05,0
2021-06-24 10:18:54,5088.6,0
2021-06-24 10:18:58,5088.55,0
2021-06-24 10:18:59,5088.95,0
2021-06-24 10:19:07,5088.6,0
2021-06-24 10:19:10,5087.85,0
2021-06-24 10:19:12,5088.25,0
2021-06-24 10:19:14,5088.35,0
2021-06-24 10:19:15,5088.5,0
2021-06-24 10:19:16,5088.3,0
2021-06-24 10:19:24,5089.85,0
2021-06-24 10:19:29,5089.4,0
2021-06-24 10:19:31,5089.65,0
2021-06-24 10:19:34,5088.8,0
2021-06-24 10:19:38,5089.5,0
2021-06-24 10:19:39,5089.6,0
2021-06-24 10:19:44,5089.15,0
2021-06-24 10:19:48,5088.8,0
2021-06-24 10:19:49,5088.65,0
2021-06-24 10:19:51,5087.05,0
2021-06-24 10:19:57,5087.4,0
2021-06-24 10:20:11,5086.9,0
2021-06-24 10:20:13,5086.95,0
2021-06-24 10:20:22,5086.9,0
2021-06-24 10:20:23,5087.45,0
2021-06-24 10:20:24,5086.85,0
2021-06-24 10:20:27,5086.45,0
2021-06-24 10:20:28,5086.25,0
2021-06-24 10:20:29,5086.05,0
2021-06-24 10:20:34,5083.1,0
2021-06-24 10:20:36,5082.85,0
2021-06-24 10:20:38,5082.35,0
2021-06-24 10:20:41,5082.6,0
2021-06-24 10:20:43,5082.7,0
2021-06-24 10:20:44,5081.75,0
2021-06-24 10:20:47,5081.9,0
2021-06-24 10:20:48,5082.4,0
2021-06-24 10:20:50,5080.4,0
2021-06-24 10:20:51,5080.2,0
2021-06-24 10:20:54,5080.7,0
2021-06-24 10:20:55,5080.45,0
2021-06-24 10:20:56,5081.35,0
2021-06-24 10:20:58,5081.55,0
2021-06-24 10:20:59,5081.25,0
2021-06-24 10:21:02,5080.9,0
2021-06-24 10:21:05,5084.0,0
2021-06-24 10:21:22,5083.9,0
2021-06-24 10:21:25,5084.15,0
2021-06-24 10:21:28,5083.2,0
2021-06-24 10:21:32,5082.55,0
2021-06-24 10:21:35,5082.85,0
2021-06-24 10:21:38,5082.6,0
2021-06-24 10:21:42,5083.1,0
2021-06-24 10:21:43,5083.2,0
2021-06-24 10:21:45,5083.15,0
2021-06-24 10:21:46,5083.3,0
2021-06-24 10:21:48,5083.65,0
2021-06-24 10:21:49,5083.0,0
2021-06-24 10:21:51,5083.7,0
2021-06-24 10:21:53,5083.4,0
2021-06-24 10:22:00,5084.1,0
2021-06-24 10:22:01,5083.85,0
2021-06-24 10:22:03,5084.6,0
2021-06-24 10:22:05,5084.4,0
2021-06-24 10:22:07,5084.25,0
2021-06-24 10:22:09,5083.65,0
2021-06-24 10:22:12,5083.65,0
2021-06-24 10:22:15,5081.5,0
2021-06-24 10:22:16,5082.1,0
2021-06-24 10:22:20,5081.35,0
2021-06-24 10:22:22,5081.35,0
2021-06-24 10:22:27,5080.95,0
2021-06-24 10:22:36,5080.7,0
2021-06-24 10:22:40,5081.8,0
2021-06-24 10:22:42,5081.25,0
2021-06-24 10:22:51,5081.2,0
2021-06-24 10:22:53,5080.8,0
2021-06-24 10:22:55,5080.9,0
2021-06-24 10:22:56,5080.85,0
2021-06-24 10:23:03,5080.95,0
2021-06-24 10:23:05,5080.7,0
2021-06-24 10:23:07,5080.6,0
2021-06-24 10:23:08,5080.65,0
2021-06-24 10:23:09,5080.7,0
2021-06-24 10:23:10,5081.0,0
2021-06-24 10:23:11,5080.55,0
2021-06-24 10:23:12,5080.3,0
2021-06-24 10:23:14,5080.8,0
2021-06-24 10:23:16,5080.15,0
2021-06-24 10:23:19,5080.6,0
2021-06-24 10:23:20,5080.45,0
2021-06-24 10:23:22,5080.65,0
2021-06-24 10:23:26,5081.45,0
2021-06-24 10:23:28,5081.1,0
2021-06-24 10:23:29,5081.65,0
2021-06-24 10:23:30,5080.35,0
2021-06-24 10:23:35,5080.95,0
2021-06-24 10:23:36,5080.6,0
2021-06-24 10:23:38,5081.65,0
2021-06-24 10:23:40,5080.35,0
2021-06-24 10:23:47,5080.9,0
2021-06-24 10:23:50,5080.95,0
2021-06-24 10:24:01,5080.7,0
2021-06-24 10:24:02,5080.5,0
2021-06-24 10:24:05,5080.85,0
2021-06-24 10:24:07,5080.45,0
2021-06-24 10:24:10,5080.3,0
2021-06-24 10:24:11,5079.95,0
2021-06-24 10:24:14,5079.8,0
2021-06-24 10:24:15,5079.95,0
2021-06-24 10:24:16,5080.0,0
2021-06-24 10:24:20,5080.05,0
2021-06-24 10:24:21,5079.55,0
2021-06-24 10:24:23,5080.3,0
2021-06-24 10:24:25,5080.25,0
2021-06-24 10:24:26,5079.75,0
2021-06-24 10:24:28,5080.45,0
2021-06-24 10:24:38,5079.45,0
2021-06-24 10:24:41,5079.3,0
2021-06-24 10:24:42,5079.5,0
2021-06-24 10:24:48,5079.2,0
2021-06-24 10:24:50,5079.05,0
2021-06-24 10:24:53,5079.35,0
2021-06-24 10:24:57,5079.65,0
2021-06-24 10:24:58,5079.8,0
2021-06-24 10:24:59,5079.2,0
2021-06-24 10:25:01,5079.5,0
2021-06-24 10:25:03,5080.15,0
2021-06-24 10:25:04,5080.45,0
2021-06-24 10:25:05,5080.8,0
2021-06-24 10:25:07,5080.3,0
2021-06-24 10:25:08,5080.75,0
2021-06-24 10:25:10,5081.35,0
2021-06-24 10:25:12,5080.8,0
2021-06-24 10:25:13,5080.5,0
2021-06-24 10:25:21,5081.0,0
2021-06-24 10:25:22,5080.95,0
2021-06-24 10:25:26,5080.7,0
2021-06-24 10:25:27,5080.85,0
2021-06-24 10:25:28,5080.95,0
2021-06-24 10:25:32,5080.65,0
2021-06-24 10:25:34,5080.35,0
2021-06-24 10:25:36,5079.85,0
2021-06-24 10:25:39,5079.95,0
2021-06-24 10:25:40,5080.2,0
2021-06-24 10:25:43,5079.9,0
2021-06-24 10:25:44,5080.3,0
2021-06-24 10:25:45,5080.4,0
2021-06-24 10:25:47,5079.6,0
2021-06-24 10:25:50,5079.55,0
2021-06-24 10:25:51,5079.45,0
2021-06-24 10:25:52,5079.45,0
2021-06-24 10:25:53,5080.1,0
2021-06-24 10:25:54,5079.9,0
2021-06-24 10:25:55,5079.6,0
2021-06-24 10:25:57,5079.9,0
2021-06-24 10:26:00,5079.95,0
2021-06-24 10:26:02,5080.5,0
2021-06-24 10:26:03,5080.35,0
2021-06-24 10:26:05,5080.15,0
2021-06-24 10:26:06,5079.8,0
2021-06-24 10:26:07,5079.9,0
2021-06-24 10:26:08,5080.6,0
2021-06-24 10:26:12,5082.3,0
2021-06-24 10:26:14,5083.35,0
2021-06-24 10:26:16,5084.4,0
2021-06-24 10:26:21,5084.1,0
2021-06-24 10:26:24,5084.3,0
2021-06-24 10:26:26,5085.0,0
2021-06-24 10:26:28,5085.1,0
2021-06-24 10:26:30,5084.85,0
2021-06-24 10:26:31,5085.0,0
2021-06-24 10:26:33,5085.25,0
2021-06-24 10:26:36,5084.3,0
2021-06-24 10:26:37,5084.65,0
2021-06-24 10:26:42,5085.35,0
2021-06-24 10:26:46,5084.65,0
2021-06-24 10:26:48,5084.55,0
2021-06-24 10:26:52,5083.75,0
2021-06-24 10:26:53,5082.6,0
2021-06-24 10:26:56,5082.7,0
2021-06-24 10:27:02,5081.75,0
2021-06-24 10:27:04,5081.8,0
2021-06-24 10:27:05,5081.7,0
2021-06-24 10:27:06,5082.0,0
2021-06-24 10:27:07,5082.15,0
2021-06-24 10:27:08,5083.25,0
2021-06-24 10:27:12,5082.45,0
2021-06-24 10:27:14,5082.45,0
2021-06-24 10:27:18,5083.3,0
2021-06-24 10:27:19,5082.45,0
2021-06-24 10:27:22,5083.35,0
2021-06-24 10:27:24,5083.05,0
2021-06-24 10:27:25,5082.75,0
2021-06-24 10:27:26,5082.85,0
2021-06-24 10:27:29,5083.3,0
2021-06-24 10:27:30,5083.0,0
2021-06-24 10:27:35,5082.5,0
2021-06-24 10:27:37,5083.15,0
2021-06-24 10:27:38,5083.05,0
2021-06-24 10:27:44,5083.75,0
2021-06-24 10:27:47,5083.45,0
2021-06-24 10:27:51,5084.15,0
2021-06-24 10:27:54,5084.4,0
2021-06-24 10:27:55,5083.65,0
2021-06-24 10:27:57,5083.8,0
2021-06-24 10:27:58,5083.75,0
2021-06-24 10:28:05,5084.15,0
2021-06-24 10:28:07,5084.8,0
2021-06-24 10:28:10,5084.95,0
2021-06-24 10:28:13,5084.75,0
2021-06-24 10:28:21,5083.65,0
2021-06-24 10:28:22,5083.75,0
2021-06-24 10:28:24,5084.0,0
2021-06-24 10:28:25,5084.65,0
2021-06-24 10:28:27,5083.6,0
2021-06-24 10:28:32,5083.65,0
2021-06-24 10:28:36,5082.85,0
2021-06-24 10:28:37,5083.1,0
2021-06-24 10:28:40,5083.45,0
2021-06-24 10:28:44,5084.1,0
2021-06-24 10:28:47,5083.8,0
2021-06-24 10:28:48,5083.45,0
2021-06-24 10:28:50,5083.35,0
2021-06-24 10:28:56,5084.7,0
2021-06-24 10:28:58,5084.4,0
2021-06-24 10:28:59,5084.4,0
2021-06-24 10:29:06,5084.7,0
2021-06-24 10:29:08,5084.2,0
2021-06-24 10:29:11,5083.45,0
2021-06-24 10:29:14,5083.2,0
2021-06-24 10:29:15,5082.45,0
2021-06-24 10:29:16,5082.75,0
2021-06-24 10:29:20,5083.2,0
2021-06-24 10:29:21,5082.85,0
2021-06-24 10:29:22,5083.0,0
2021-06-24 10:29:23,5082.55,0
2021-06-24 10:29:25,5082.5,0
2021-06-24 10:29:27,5082.45,0
2021-06-24 10:29:28,5083.25,0
2021-06-24 10:29:30,5082.85,0
2021-06-24 10:29:31,5082.55,0
2021-06-24 10:29:32,5083.7,0
2021-06-24 10:29:35,5083.2,0
2021-06-24 10:29:37,5082.25,0
2021-06-24 10:29:38,5082.3,0
2021-06-24 10:29:39,5082.1,0
2021-06-24 10:29:40,5082.2,0
2021-06-24 10:29:42,5081.85,0
2021-06-24 10:29:44,5082.15,0
2021-06-24 10:29:46,5082.8,0
2021-06-24 10:29:47,5083.3,0
2021-06-24 10:29:53,5082.25,0
2021-06-24 10:29:54,5083.2,0
2021-06-24 10:29:56,5083.15,0
2021-06-24 10:29:58,5083.1,0
2021-06-24 10:29:59,5083.0,0
2021-06-24 10:30:00,5082.7,0
2021-06-24 10:30:02,5083.65,0
2021-06-24 10:30:06,5082.7,0
2021-06-24 10:30:07,5082.5,0
2021-06-24 10:30:11,5083.0,0
2021-06-24 10:30:12,5082.8,0
2021-06-24 10:30:17,5084.55,0
2021-06-24 10:30:18,5084.25,0
2021-06-24 10:30:24,5084.2,0
2021-06-24 10:30:28,5084.5,0
2021-06-24 10:30:30,5084.5,0
2021-06-24 10:30:33,5083.8,0
2021-06-24 10:30:38,5084.85,0
2021-06-24 10:30:42,5084.35,0
2021-06-24 10:30:43,5084.05,0
2021-06-24 10:30:46,5084.05,0
2021-06-24 10:30:49,5084.5,0
2021-06-24 10:30:53,5084.15,0
2021-06-24 10:30:54,5084.3,0
2021-06-24 10:30:55,5084.5,0
2021-06-24 10:30:59,5084.35,0
2021-06-24 10:31:02,5084.2,0
2021-06-24 10:31:04,5083.8,0
2021-06-24 10:31:05,5083.35,0
2021-06-24 10:31:06,5083.25,0
2021-06-24 10:31:09,5082.8,0
2021-06-24 10:31:12,5083.4,0
2021-06-24 10:31:17,5083.05,0
2021-06-24 10:31:18,5083.3,0
2021-06-24 10:31:19,5082.9,0
2021-06-24 10:31:20,5083.3,0
2021-06-24 10:31:21,5083.7,0
2021-06-24 10:31:22,5083.25,0
2021-06-24 10:31:24,5083.3,0
2021-06-24 10:31:25,5083.3,0
2021-06-24 10:31:28,5081.8,0
2021-06-24 10:31:29,5082.0,0
2021-06-24 10:31:30,5082.15,0
2021-06-24 10:31:33,5082.1,0
2021-06-24 10:31:37,5081.5,0
2021-06-24 10:31:40,5081.8,0
2021-06-24 10:31:42,5081.6,0
2021-06-24 10:31:44,5081.35,0
2021-06-24 10:31:53,5081.45,0
2021-06-24 10:31:57,5080.75,0
2021-06-24 10:31:58,5081.1,0
2021-06-24 10:32:00,5080.8,0
2021-06-24 10:32:01,5080.2,0
2021-06-24 10:32:03,5076.55,0
2021-06-24 10:32:11,5076.65,0
2021-06-24 10:32:12,5077.5,0
2021-06-24 10:32:20,5076.7,0
2021-06-24 10:32:25,5076.35,0
2021-06-24 10:32:28,5075.5,0
2021-06-24 10:32:29,5076.4,0
2021-06-24 10:32:36,5077.55,0
2021-06-24 10:32:37,5076.8,0
2021-06-24 10:32:39,5077.4,0
2021-06-24 10:32:40,5077.4,0
2021-06-24 10:32:41,5077.45,0
2021-06-24 10:32:52,5077.65,0
2021-06-24 10:32:54,5077.85,0
2021-06-24 10:33:00,5076.7,0
2021-06-24 10:33:02,5076.85,0
2021-06-24 10:33:04,5076.75,0
2021-06-24 10:33:08,5077.1,0
2021-06-24 10:33:11,5076.45,0
2021-06-24 10:33:12,5076.8,0
2021-06-24 10:33:16,5077.4,0
2021-06-24 10:33:20,5077.4,0
2021-06-24 10:33:21,5077.75,0
2021-06-24 10:33:22,5077.65,0
2021-06-24 10:33:28,5078.35,0
2021-06-24 10:33:29,5077.6,0
2021-06-24 10:33:30,5077.35,0
2021-06-24 10:33:31,5077.6,0
2021-06-24 10:33:34,5077.65,0
2021-06-24 10:33:36,5078.45,0
2021-06-24 10:33:43,5078.0,0
2021-06-24 10:33:45,5077.15,0
2021-06-24 10:33:48,5076.9,0
2021-06-24 10:33:55,5076.4,0
2021-06-24 10:33:56,5077.05,0
2021-06-24 10:33:57,5077.1,0
2021-06-24 10:33:59,5076.0,0
2021-06-24 10:34:00,5075.85,0
2021-06-24 10:34:02,5077.0,0
2021-06-24 10:34:03,5076.6,0
2021-06-24 10:34:05,5076.2,0
2021-06-24 10:34:08,5076.75,0
2021-06-24 10:34:09,5077.0,0
2021-06-24 10:34:10,5076.15,0
2021-06-24 10:34:11,5075.95,0
2021-06-24 10:34:12,5076.6,0
2021-06-24 10:34:17,5076.5,0
2021-06-24 10:34:19,5076.3,0
2021-06-24 10:34:21,5076.85,0
2021-06-24 10:34:22,5077.1,0
2021-06-24 10:34:25,5076.1,0
2021-06-24 10:34:26,5077.05,0
2021-06-24 10:34:27,5076.85,0
2021-06-24 10:34:28,5076.7,0
2021-06-24 10:34:30,5077.5,0
2021-06-24 10:34:33,5080.1,0
2021-06-24 10:34:36,5079.2,0
2021-06-24 10:34:37,5079.15,0
2021-06-24 10:34:41,5078.95,0
2021-06-24 10:34:42,5078.45,0
2021-06-24 10:34:43,5078.0,0
2021-06-24 10:34:46,5077.4,0
2021-06-24 10:34:51,5077.6,0
2021-06-24 10:34:53,5078.9,0
2021-06-24 10:34:55,5078.45,0
2021-06-24 10:34:56,5078.25,0
2021-06-24 10:34:57,5078.45,0
2021-06-24 10:34:58,5078.55,0
2021-06-24 10:35:01,5079.05,0
2021-06-24 10:35:06,5079.3,0
2021-06-24 10:35:08,5080.8,0
2021-06-24 10:35:12,5080.35,0
2021-06-24 10:35:14,5080.65,0
2021-06-24 10:35:20,5080.15,0
2021-06-24 10:35:22,5079.65,0
2021-06-24 10:35:24,5079.7,0
2021-06-24 10:35:25,5080.05,0
2021-06-24 10:35:27,5079.9,0
2021-06-24 10:35:28,5079.9,0
2021-06-24 10:35:29,5080.2,0
2021-06-24 10:35:31,5080.15,0
2021-06-24 10:35:33,5079.95,0
2021-06-24 10:35:35,5079.25,0
2021-06-24 10:35:36,5079.3,0
2021-06-24 10:35:38,5079.2,0
2021-06-24 10:35:42,5079.45,0
2021-06-24 10:35:44,5079.0,0
2021-06-24 10:35:45,5079.5,0
2021-06-24 10:35:47,5079.45,0
2021-06-24 10:35:49,5080.35,0
2021-06-24 10:35:54,5079.55,0
2021-06-24 10:35:56,5079.65,0
2021-06-24 10:35:57,5079.35,0
2021-06-24 10:36:03,5078.75,0
2021-06-24 10:36:06,5079.2,0
2021-06-24 10:36:07,5079.15,0
2021-06-24 10:36:10,5079.85,0
2021-06-24 10:36:13,5080.1,0
2021-06-24 10:36:17,5080.3,0
2021-06-24 10:36:18,5080.95,0
2021-06-24 10:36:20,5080.9,0
2021-06-24 10:36:21,5081.15,0
2021-06-24 10:36:22,5080.8,0
2021-06-24 10:36:23,5081.65,0
2021-06-24 10:36:27,5081.9,0
2021-06-24 10:36:29,5081.4,0
2021-06-24 10:36:32,5082.0,0
2021-06-24 10:36:34,5082.2,0
2021-06-24 10:36:35,5082.8,0
2021-06-24 10:36:36,5082.95,0
2021-06-24 10:36:37,5083.3,0
2021-06-24 10:36:39,5082.85,0
2021-06-24 10:36:40,5082.5,0
2021-06-24 10:36:41,5083.1,0
2021-06-24 10:36:44,5082.55,0
2021-06-24 10:36:48,5082.1,0
2021-06-24 10:36:50,5081.35,0
2021-06-24 10:36:52,5081.6,0
2021-06-24 10:36:53,5081.4,0
2021-06-24 10:36:54,5081.1,0
2021-06-24 10:36:55,5080.8,0
2021-06-24 10:36:56,5080.75,0
2021-06-24 10:37:04,5080.7,0
2021-06-24 10:37:05,5080.7,0
2021-06-24 10:37:06,5080.65,0
2021-06-24 10:37:08,5081.45,0
2021-06-24 10:37:11,5080.95,0
2021-06-24 10:37:13,5081.0,0
2021-06-24 10:37:17,5081.4,0
2021-06-24 10:37:21,5082.0,0
2021-06-24 10:37:25,5081.7,0
2021-06-24 10:37:28,5081.4,0
2021-06-24 10:37:35,5081.75,0
2021-06-24 10:37:42,5081.95,0
2021-06-24 10:37:44,5082.35,0
2021-06-24 10:37:45,5081.75,0
2021-06-24 10:37:52,5081.35,0
2021-06-24 10:37:54,5081.3,0
2021-06-24 10:37:55,5082.1,0
2021-06-24 10:38:00,5081.6,0
2021-06-24 10:38:04,5080.85,0
2021-06-24 10:38:07,5081.45,0
2021-06-24 10:38:10,5081.55,0
2021-06-24 10:38:11,5081.7,0
2021-06-24 10:38:12,5081.2,0
2021-06-24 10:38:19,5081.35,0
2021-06-24 10:38:20,5081.3,0
2021-06-24 10:38:22,5081.95,0
2021-06-24 10:38:25,5081.5,0
2021-06-24 10:38:26,5080.9,0
2021-06-24 10:38:27,5081.0,0
2021-06-24 10:38:35,5080.7,0
2021-06-24 10:38:36,5080.85,0
2021-06-24 10:38:41,5079.7,0
2021-06-24 10:38:44,5079.55,0
2021-06-24 10:38:46,5079.85,0
2021-06-24 10:38:48,5079.7,0
2021-06-24 10:38:53,5080.35,0
2021-06-24 10:38:56,5079.8,0
2021-06-24 10:38:57,5079.55,0
2021-06-24 10:38:58,5079.8,0
2021-06-24 10:39:00,5079.25,0
2021-06-24 10:39:01,5080.5,0
2021-06-24 10:39:04,5079.7,0
2021-06-24 10:39:05,5079.6,0
2021-06-24 10:39:09,5079.65,0
2021-06-24 10:39:10,5079.5,0
2021-06-24 10:39:14,5079.3,0
2021-06-24 10:39:15,5078.7,0
2021-06-24 10:39:16,5078.9,0
2021-06-24 10:39:18,5079.6,0
2021-06-24 10:39:23,5078.55,0
2021-06-24 10:39:24,5078.95,0
2021-06-24 10:39:26,5078.4,0
2021-06-24 10:39:30,5078.25,0
2021-06-24 10:39:31,5078.45,0
2021-06-24 10:39:32,5078.1,0
2021-06-24 10:39:35,5078.55,0
2021-06-24 10:39:49,5077.7,0
2021-06-24 10:39:52,5076.95,0
2021-06-24 10:39:53,5077.3,0
2021-06-24 10:39:55,5076.95,0
2021-06-24 10:39:56,5077.15,0
2021-06-24 10:40:00,5076.8,0
2021-06-24 10:40:06,5078.45,0
2021-06-24 10:40:10,5078.25,0
2021-06-24 10:40:14,5077.35,0
2021-06-24 10:40:17,5077.95,0
2021-06-24 10:40:18,5077.55,0
2021-06-24 10:40:19,5077.85,0
2021-06-24 10:40:24,5078.2,0
2021-06-24 10:40:25,5077.65,0
2021-06-24 10:40:29,5079.2,0
2021-06-24 10:40:30,5078.85,0
2021-06-24 10:40:31,5079.3,0
2021-06-24 10:40:34,5079.2,0
2021-06-24 10:40:37,5079.1,0
2021-06-24 10:40:39,5078.65,0
2021-06-24 10:40:40,5079.55,0
2021-06-24 10:40:43,5079.55,0
2021-06-24 10:40:48,5079.8,0
2021-06-24 10:40:52,5079.9,0
2021-06-24 10:40:56,5080.9,0
2021-06-24 10:40:59,5081.6,0
2021-06-24 10:41:00,5081.25,0
2021-06-24 10:41:01,5081.3,0
2021-06-24 10:41:02,5080.95,0
2021-06-24 10:41:03,5080.8,0
2021-06-24 10:41:05,5081.1,0
2021-06-24 10:41:06,5080.7,0
2021-06-24 10:41:07,5081.0,0
2021-06-24 10:41:09,5082.0,0
2021-06-24 10:41:12,5081.65,0
2021-06-24 10:41:14,5081.45,0
2021-06-24 10:41:15,5081.15,0
2021-06-24 10:41:19,5081.85,0
2021-06-24 10:41:27,5081.25,0
2021-06-24 10:41:28,5081.4,0
2021-06-24 10:41:32,5081.7,0
2021-06-24 10:41:34,5081.35,0
2021-06-24 10:41:35,5082.4,0
2021-06-24 10:41:37,5082.1,0
2021-06-24 10:41:38,5082.1,0
2021-06-24 10:41:41,5082.1,0
2021-06-24 10:41:44,5082.2,0
2021-06-24 10:41:45,5082.3,0
2021-06-24 10:41:51,5082.0,0
2021-06-24 10:41:52,5082.5,0
2021-06-24 10:41:53,5082.15,0
2021-06-24 10:41:57,5082.85,0
2021-06-24 10:42:00,5082.7,0
2021-06-24 10:42:01,5082.4,0
2021-06-24 10:42:02,5082.7,0
2021-06-24 10:42:08,5082.15,0
2021-06-24 10:42:13,5082.95,0
2021-06-24 10:42:16,5082.9,0
2021-06-24 10:42:21,5082.7,0
2021-06-24 10:42:25,5082.5,0
2021-06-24 10:42:30,5082.3,0
2021-06-24 10:42:32,5082.1,0
2021-06-24 10:42:34,5081.7,0
2021-06-24 10:42:36,5081.7,0
2021-06-24 10:42:38,5080.95,0
2021-06-24 10:42:39,5081.0,0
2021-06-24 10:42:41,5081.35,0
2021-06-24 10:42:42,5080.95,0
2021-06-24 10:42:44,5080.95,0
2021-06-24 10:42:45,5080.25,0
2021-06-24 10:42:48,5080.1,0
2021-06-24 10:42:52,5079.05,0
2021-06-24 10:42:54,5079.35,0
2021-06-24 10:42:59,5079.6,0
2021-06-24 10:43:05,5080.1,0
2021-06-24 10:43:06,5080.25,0
2021-06-24 10:43:08,5079.95,0
2021-06-24 10:43:12,5080.15,0
2021-06-24 10:43:13,5080.25,0
2021-06-24 10:43:20,5080.8,0
2021-06-24 10:43:22,5080.35,0
2021-06-24 10:43:24,5080.5,0
2021-06-24 10:43:29,5080.4,0
2021-06-24 10:43:31,5079.5,0
2021-06-24 10:43:33,5080.3,0
2021-06-24 10:43:34,5080.25,0
2021-06-24 10:43:36,5080.45,0
2021-06-24 10:43:39,5080.9,0
2021-06-24 10:43:42,5081.65,0
2021-06-24 10:43:43,5081.1,0
2021-06-24 10:43:44,5081.65,0
2021-06-24 10:43:45,5081.5,0
2021-06-24 10:43:46,5081.95,0
2021-06-24 10:43:49,5081.45,0
2021-06-24 10:43:50,5081.2,0
2021-06-24 10:43:52,5081.05,0
2021-06-24 10:43:53,5081.15,0
2021-06-24 10:43:55,5081.0,0
2021-06-24 10:43:58,5081.35,0
2021-06-24 10:43:59,5081.0,0
2021-06-24 10:44:00,5081.2,0
2021-06-24 10:44:02,5081.6,0
2021-06-24 10:44:03,5081.6,0
2021-06-24 10:44:06,5082.75,0
2021-06-24 10:44:07,5082.85,0
2021-06-24 10:44:09,5082.2,0
2021-06-24 10:44:10,5082.35,0
2021-06-24 10:44:12,5083.15,0
2021-06-24 10:44:14,5083.25,0
2021-06-24 10:44:18,5082.95,0
2021-06-24 10:44:19,5082.8,0
2021-06-24 10:44:20,5082.65,0
2021-06-24 10:44:21,5082.85,0
2021-06-24 10:44:22,5082.6,0
2021-06-24 10:44:25,5081.05,0
2021-06-24 10:44:29,5080.55,0
2021-06-24 10:44:32,5081.3,0
2021-06-24 10:44:38,5081.45,0
2021-06-24 10:44:39,5081.3,0
2021-06-24 10:44:41,5081.0,0
2021-06-24 10:44:42,5081.3,0
2021-06-24 10:44:47,5081.25,0
2021-06-24 10:44:49,5080.6,0
2021-06-24 10:44:53,5079.8,0
2021-06-24 10:44:54,5079.8,0
2021-06-24 10:44:55,5079.4,0
2021-06-24 10:44:56,5079.25,0
2021-06-24 10:44:58,5078.2,0
2021-06-24 10:44:59,5078.1,0
2021-06-24 10:45:02,5078.7,0
2021-06-24 10:45:05,5078.35,0
2021-06-24 10:45:06,5078.3,0
2021-06-24 10:45:13,5078.35,0
2021-06-24 10:45:15,5078.35,0
2021-06-24 10:45:22,5078.0,0
2021-06-24 10:45:24,5077.55,0
2021-06-24 10:45:26,5077.35,0
2021-06-24 10:45:28,5077.2,0
2021-06-24 10:45:31,5076.35,0
2021-06-24 10:45:32,5076.0,0
2021-06-24 10:45:34,5076.1,0
2021-06-24 10:45:36,5075.6,0
2021-06-24 10:45:37,5075.7,0
2021-06-24 10:45:38,5076.4,0
2021-06-24 10:45:41,5075.9,0
2021-06-24 10:45:43,5075.65,0
2021-06-24 10:45:44,5075.4,0
2021-06-24 10:45:47,5075.45,0
2021-06-24 10:45:50,5075.8,0
2021-06-24 10:45:52,5075.45,0
2021-06-24 10:45:53,5075.65,0
2021-06-24 10:45:55,5075.7,0
2021-06-24 10:45:57,5074.85,0
2021-06-24 10:45:58,5075.5,0
2021-06-24 10:46:00,5075.2,0
2021-06-24 10:46:01,5075.35,0
2021-06-24 10:46:02,5075.15,0
2021-06-24 10:46:08,5075.9,0
2021-06-24 10:46:10,5076.55,0
2021-06-24 10:46:11,5076.15,0
2021-06-24 10:46:13,5076.65,0
2021-06-24 10:46:14,5076.4,0
2021-06-24 10:46:19,5076.45,0
2021-06-24 10:46:22,5075.9,0
2021-06-24 10:46:26,5076.3,0
2021-06-24 10:46:29,5076.4,0
2021-06-24 10:46:31,5076.4,0
2021-06-24 10:46:32,5075.75,0
2021-06-24 10:46:33,5076.1,0
2021-06-24 10:46:35,5076.35,0
2021-06-24 10:46:36,5076.1,0
2021-06-24 10:46:37,5075.8,0
2021-06-24 10:46:40,5075.4,0
2021-06-24 10:46:42,5075.65,0
2021-06-24 10:46:43,5075.65,0
2021-06-24 10:46:48,5076.15,0
2021-06-24 10:46:55,5075.75,0
2021-06-24 10:46:56,5075.45,0
2021-06-24 10:46:57,5075.75,0
2021-06-24 10:46:58,5075.55,0
2021-06-24 10:46:59,5075.45,0
2021-06-24 10:47:00,5075.45,0
2021-06-24 10:47:01,5075.75,0
2021-06-24 10:47:07,5076.1,0
2021-06-24 10:47:10,5075.65,0
2021-06-24 10:47:14,5075.5,0
2021-06-24 10:47:15,5075.65,0
2021-06-24 10:47:16,5075.85,0
2021-06-24 10:47:17,5075.25,0
2021-06-24 10:47:18,5074.85,0
2021-06-24 10:47:21,5075.6,0
2021-06-24 10:47:29,5075.15,0
2021-06-24 10:47:30,5074.65,0
2021-06-24 10:47:32,5075.1,0
2021-06-24 10:47:33,5075.65,0
2021-06-24 10:47:34,5075.2,0
2021-06-24 10:47:36,5075.75,0
2021-06-24 10:47:37,5076.0,0
2021-06-24 10:47:38,5076.4,0
2021-06-24 10:47:42,5076.25,0
2021-06-24 10:47:48,5076.35,0
2021-06-24 10:47:51,5076.05,0
2021-06-24 10:47:56,5076.3,0
2021-06-24 10:47:59,5075.55,0
2021-06-24 10:48:00,5076.1,0
2021-06-24 10:48:04,5076.15,0
2021-06-24 10:48:07,5074.35,0
2021-06-24 10:48:11,5074.05,0
2021-06-24 10:48:14,5073.6,0
2021-06-24 10:48:16,5073.7,0
2021-06-24 10:48:18,5073.35,0
2021-06-24 10:48:20,5073.15,0
2021-06-24 10:48:23,5073.45,0
2021-06-24 10:48:24,5073.15,0
2021-06-24 10:48:25,5073.05,0
2021-06-24 10:48:27,5072.85,0
2021-06-24 10:48:28,5071.4,0
2021-06-24 10:48:30,5069.6,0
2021-06-24 10:48:31,5069.7,0
2021-06-24 10:48:33,5068.95,0
2021-06-24 10:48:34,5069.6,0
2021-06-24 10:48:38,5069.65,0
2021-06-24 10:48:46,5069.25,0
2021-06-24 10:48:51,5070.05,0
2021-06-24 10:48:53,5069.8,0
2021-06-24 10:48:58,5069.3,0
2021-06-24 10:49:00,5069.5,0
2021-06-24 10:49:02,5070.4,0
2021-06-24 10:49:05,5070.4,0
2021-06-24 10:49:06,5069.9,0
2021-06-24 10:49:12,5073.45,0
2021-06-24 10:49:17,5073.95,0
2021-06-24 10:49:21,5073.75,0
2021-06-24 10:49:23,5073.45,0
2021-06-24 10:49:24,5073.4,0
2021-06-24 10:49:25,5073.5,0
2021-06-24 10:49:26,5073.65,0
2021-06-24 10:49:34,5072.8,0
2021-06-24 10:49:35,5072.85,0
2021-06-24 10:49:36,5073.05,0
2021-06-24 10:49:40,5072.75,0
2021-06-24 10:49:44,5071.05,0
2021-06-24 10:49:45,5071.8,0
2021-06-24 10:49:46,5072.1,0
2021-06-24 10:49:47,5072.1,0
2021-06-24 10:49:48,5072.4,0
2021-06-24 10:49:49,5072.15,0
2021-06-24 10:49:51,5072.3,0
2021-06-24 10:49:52,5071.95,0
2021-06-24 10:49:53,5071.7,0
2021-06-24 10:49:58,5071.5,0
2021-06-24 10:49:59,5071.65,0
2021-06-24 10:50:00,5071.2,0
2021-06-24 10:50:01,5070.75,0
2021-06-24 10:50:03,5070.6,0
2021-06-24 10:50:04,5070.9,0
2021-06-24 10:50:10,5070.45,0
2021-06-24 10:50:11,5070.45,0
2021-06-24 10:50:16,5070.45,0
2021-06-24 10:50:18,5071.1,0
2021-06-24 10:50:23,5070.2,0
2021-06-24 10:50:28,5071.0,0
2021-06-24 10:50:29,5070.6,0
2021-06-24 10:50:31,5072.05,0
2021-06-24 10:50:32,5071.45,0
2021-06-24 10:50:33,5071.75,0
2021-06-24 10:50:34,5072.0,0
2021-06-24 10:50:42,5071.25,0
2021-06-24 10:50:50,5070.45,0
2021-06-24 10:50:51,5070.5,0
2021-06-24 10:50:55,5070.85,0
2021-06-24 10:50:57,5070.85,0
2021-06-24 10:51:07,5069.85,0
2021-06-24 10:51:13,5069.9,0
2021-06-24 10:51:16,5069.7,0
2021-06-24 10:51:18,5069.85,0
2021-06-24 10:51:23,5069.4,0
2021-06-24 10:51:27,5069.2,0
2021-06-24 10:51:33,5069.1,0
2021-06-24 10:51:35,5068.9,0
2021-06-24 10:51:37,5069.5,0
2021-06-24 10:51:39,5069.15,0
2021-06-24 10:51:40,5068.4,0
2021-06-24 10:51:42,5068.95,0
2021-06-24 10:51:45,5069.5,0
2021-06-24 10:51:48,5069.2,0
2021-06-24 10:51:52,5068.3,0
2021-06-24 10:51:54,5069.05,0
2021-06-24 10:52:01,5068.4,0
2021-06-24 10:52:05,5068.35,0
2021-06-24 10:52:08,5069.8,0
2021-06-24 10:52:16,5069.75,0
2021-06-24 10:52:17,5070.25,0
2021-06-24 10:52:19,5070.65,0
2021-06-24 10:52:27,5071.5,0
2021-06-24 10:52:28,5071.85,0
2021-06-24 10:52:29,5071.65,0
2021-06-24 10:52:32,5071.55,0
2021-06-24 10:52:37,5071.4,0
2021-06-24 10:52:38,5071.5,0
2021-06-24 10:52:40,5071.9,0
2021-06-24 10:52:43,5071.85,0
2021-06-24 10:52:42,5072.1,0
2021-06-24 10:52:44,5071.55,0
2021-06-24 10:52:46,5070.75,0
2021-06-24 10:52:49,5070.3,0
2021-06-24 10:52:50,5069.65,0
2021-06-24 10:52:51,5069.9,0
2021-06-24 10:52:52,5069.7,0
2021-06-24 10:52:53,5069.55,0
2021-06-24 10:52:56,5069.3,0
2021-06-24 10:52:58,5069.3,0
2021-06-24 10:52:59,5068.8,0
2021-06-24 10:53:02,5068.15,0
2021-06-24 10:53:06,5068.2,0
2021-06-24 10:53:11,5067.85,0
2021-06-24 10:53:12,5067.45,0
2021-06-24 10:53:14,5067.8,0
2021-06-24 10:53:18,5068.75,0
2021-06-24 10:53:19,5068.9,0
2021-06-24 10:53:20,5068.7,0
2021-06-24 10:53:21,5068.9,0
2021-06-24 10:53:26,5068.75,0
2021-06-24 10:53:29,5068.15,0
2021-06-24 10:53:34,5066.7,0
2021-06-24 10:53:36,5066.4,0
2021-06-24 10:53:47,5066.45,0
2021-06-24 10:53:49,5066.65,0
2021-06-24 10:53:51,5066.55,0
2021-06-24 10:53:55,5067.15,0
2021-06-24 10:53:58,5067.4,0
2021-06-24 10:54:00,5067.2,0
2021-06-24 10:54:04,5067.65,0
2021-06-24 10:54:08,5068.0,0
2021-06-24 10:54:12,5068.15,0
2021-06-24 10:54:14,5068.2,0
2021-06-24 10:54:21,5068.55,0
2021-06-24 10:54:26,5068.25,0
2021-06-24 10:54:27,5068.65,0
2021-06-24 10:54:28,5069.05,0
2021-06-24 10:54:30,5068.7,0
2021-06-24 10:54:31,5068.35,0
2021-06-24 10:54:37,5067.9,0
2021-06-24 10:54:39,5067.55,0
2021-06-24 10:54:40,5068.3,0
2021-06-24 10:54:42,5068.0,0
2021-06-24 10:54:43,5067.85,0
2021-06-24 10:54:44,5067.8,0
2021-06-24 10:54:49,5068.65,0
2021-06-24 10:54:51,5069.1,0
2021-06-24 10:54:52,5069.3,0
2021-06-24 10:54:54,5069.4,0
2021-06-24 10:54:57,5069.35,0
2021-06-24 10:54:58,5069.95,0
2021-06-24 10:54:59,5069.35,0
2021-06-24 10:55:04,5069.2,0
2021-06-24 10:55:08,5069.15,0
2021-06-24 10:55:09,5068.25,0
2021-06-24 10:55:13,5068.5,0
2021-06-24 10:55:14,5068.65,0
2021-06-24 10:55:15,5068.55,0
2021-06-24 10:55:17,5068.95,0
2021-06-24 10:55:18,5069.2,0
2021-06-24 10:55:19,5068.5,0
2021-06-24 10:55:21,5068.7,0
2021-06-24 10:55:25,5068.05,0
2021-06-24 10:55:28,5067.4,0
2021-06-24 10:55:30,5066.75,0
2021-06-24 10:55:31,5066.95,0
2021-06-24 10:55:33,5067.4,0
2021-06-24 10:55:35,5067.95,0
2021-06-24 10:55:38,5067.6,0
2021-06-24 10:55:41,5066.85,0
2021-06-24 10:55:42,5066.9,0
2021-06-24 10:55:43,5066.65,0
2021-06-24 10:55:45,5066.7,0
2021-06-24 10:55:49,5065.8,0
2021-06-24 10:55:51,5065.65,0
2021-06-24 10:55:53,5066.6,0
2021-06-24 10:55:54,5065.8,0
2021-06-24 10:55:56,5065.95,0
2021-06-24 10:56:02,5065.8,0
2021-06-24 10:56:05,5066.55,0
2021-06-24 10:56:06,5066.85,0
2021-06-24 10:56:07,5067.45,0
2021-06-24 10:56:08,5067.75,0
2021-06-24 10:56:14,5066.3,0
2021-06-24 10:56:16,5065.95,0
2021-06-24 10:56:18,5066.7,0
2021-06-24 10:56:21,5065.65,0
2021-06-24 10:56:27,5064.45,0
2021-06-24 10:56:34,5065.2,0
2021-06-24 10:56:37,5065.05,0
2021-06-24 10:56:38,5065.05,0
2021-06-24 10:56:39,5064.45,0
2021-06-24 10:56:40,5064.7,0
2021-06-24 10:56:42,5064.55,0
2021-06-24 10:56:44,5064.6,0
2021-06-24 10:56:51,5062.95,0
2021-06-24 10:56:59,5062.55,0
2021-06-24 10:57:01,5063.0,0
2021-06-24 10:57:06,5063.6,0
2021-06-24 10:57:12,5063.75,0
2021-06-24 10:57:15,5062.8,0
2021-06-24 10:57:16,5062.45,0
2021-06-24 10:57:17,5062.25,0
2021-06-24 10:57:23,5062.45,0
2021-06-24 10:57:26,5061.8,0
2021-06-24 10:57:29,5061.45,0
2021-06-24 10:57:39,5061.05,0
2021-06-24 10:57:40,5061.2,0
2021-06-24 10:57:42,5060.9,0
2021-06-24 10:57:49,5060.3,0
2021-06-24 10:57:50,5060.4,0
2021-06-24 10:57:52,5061.25,0
2021-06-24 10:57:56,5060.9,0
2021-06-24 10:57:58,5061.15,0
2021-06-24 10:58:00,5060.65,0
2021-06-24 10:58:05,5061.5,0
2021-06-24 10:58:06,5061.6,0
2021-06-24 10:58:08,5062.2,0
2021-06-24 10:58:10,5062.25,0
2021-06-24 10:58:11,5062.8,0
2021-06-24 10:58:12,5062.45,0
2021-06-24 10:58:13,5062.5,0
2021-06-24 10:58:19,5063.25,0
2021-06-24 10:58:20,5063.75,0
2021-06-24 10:58:21,5062.65,0
2021-06-24 10:58:25,5062.95,0
2021-06-24 10:58:27,5062.8,0
2021-06-24 10:58:28,5063.15,0
2021-06-24 10:58:31,5063.05,0
2021-06-24 10:58:33,5062.65,0
2021-06-24 10:58:35,5062.95,0
2021-06-24 10:58:37,5061.9,0
2021-06-24 10:58:40,5061.65,0
2021-06-24 10:58:41,5061.45,0
2021-06-24 10:58:42,5061.55,0
2021-06-24 10:58:43,5061.25,0
2021-06-24 10:58:44,5061.65,0
2021-06-24 10:58:48,5061.6,0
2021-06-24 10:58:51,5061.0,0
2021-06-24 10:58:56,5061.95,0
2021-06-24 10:58:58,5062.75,0
2021-06-24 10:58:59,5063.15,0
2021-06-24 10:59:08,5063.2,0
2021-06-24 10:59:09,5062.85,0
2021-06-24 10:59:11,5063.1,0
2021-06-24 10:59:13,5063.5,0
2021-06-24 10:59:16,5064.65,0
2021-06-24 10:59:17,5064.95,0
2021-06-24 10:59:18,5063.85,0
2021-06-24 10:59:21,5064.0,0
2021-06-24 10:59:32,5063.95,0
2021-06-24 10:59:33,5063.8,0
2021-06-24 10:59:36,5064.05,0
2021-06-24 10:59:37,5063.95,0
2021-06-24 10:59:41,5064.05,0
2021-06-24 10:59:40,5063.95,0
2021-06-24 10:59:44,5064.65,0
2021-06-24 10:59:45,5065.1,0
2021-06-24 10:59:46,5064.8,0
2021-06-24 10:59:47,5064.85,0
2021-06-24 10:59:48,5064.95,0
2021-06-24 10:59:49,5064.95,0
2021-06-24 10:59:50,5064.9,0
2021-06-24 10:59:51,5065.25,0
2021-06-24 10:59:52,5065.65,0
2021-06-24 10:59:53,5065.85,0
2021-06-24 11:00:00,5065.05,0
2021-06-24 11:00:01,5064.7,0
2021-06-24 11:00:08,5065.3,0
2021-06-24 11:00:11,5066.55,0
2021-06-24 11:00:12,5065.8,0
2021-06-24 11:00:13,5066.1,0
2021-06-24 11:00:14,5065.3,0
2021-06-24 11:00:17,5065.65,0
2021-06-24 11:00:18,5065.75,0
2021-06-24 11:00:20,5066.55,0
2021-06-24 11:00:21,5065.7,0
2021-06-24 11:00:22,5066.25,0
2021-06-24 11:00:23,5066.5,0
2021-06-24 11:00:25,5066.95,0
2021-06-24 11:00:26,5066.75,0
2021-06-24 11:00:30,5066.75,0
2021-06-24 11:00:31,5066.85,0
2021-06-24 11:00:33,5067.25,0
2021-06-24 11:00:37,5067.15,0
2021-06-24 11:00:38,5067.1,0
2021-06-24 11:00:41,5067.35,0
2021-06-24 11:00:42,5067.35,0
2021-06-24 11:00:43,5066.5,0
2021-06-24 11:00:46,5067.1,0
2021-06-24 11:00:50,5067.35,0
2021-06-24 11:00:51,5067.8,0
2021-06-24 11:00:54,5067.25,0
2021-06-24 11:00:57,5068.2,0
2021-06-24 11:00:58,5067.65,0
2021-06-24 11:01:00,5067.8,0
2021-06-24 11:01:06,5068.1,0
2021-06-24 11:01:08,5068.5,0
2021-06-24 11:01:14,5069.3,0
2021-06-24 11:01:16,5069.65,0
2021-06-24 11:01:21,5069.9,0
2021-06-24 11:01:26,5069.65,0
2021-06-24 11:01:27,5070.35,0
2021-06-24 11:01:28,5070.2,0
2021-06-24 11:01:30,5070.35,0
2021-06-24 11:01:31,5070.5,0
2021-06-24 11:01:34,5070.3,0
2021-06-24 11:01:37,5070.65,0
2021-06-24 11:01:38,5070.5,0
2021-06-24 11:01:43,5070.6,0
2021-06-24 11:01:45,5070.6,0
2021-06-24 11:01:46,5070.6,0
2021-06-24 11:01:48,5070.35,0
2021-06-24 11:01:49,5070.35,0
2021-06-24 11:01:54,5070.75,0
2021-06-24 11:01:56,5070.85,0
2021-06-24 11:01:57,5070.75,0
2021-06-24 11:02:02,5070.4,0
2021-06-24 11:02:05,5070.45,0
2021-06-24 11:02:10,5070.8,0
2021-06-24 11:02:11,5070.65,0
2021-06-24 11:02:15,5070.65,0
2021-06-24 11:02:16,5071.1,0
2021-06-24 11:02:19,5070.95,0
2021-06-24 11:02:20,5070.7,0
2021-06-24 11:02:22,5071.3,0
2021-06-24 11:02:28,5071.25,0
2021-06-24 11:02:29,5071.5,0
2021-06-24 11:02:31,5071.1,0
2021-06-24 11:02:33,5071.05,0
2021-06-24 11:02:34,5071.4,0
2021-06-24 11:02:36,5071.85,0
2021-06-24 11:02:41,5071.45,0
2021-06-24 11:02:44,5071.3,0
2021-06-24 11:02:45,5071.5,0
2021-06-24 11:02:46,5072.0,0
2021-06-24 11:02:48,5071.85,0
2021-06-24 11:02:49,5071.95,0
2021-06-24 11:02:50,5071.5,0
2021-06-24 11:02:55,5072.45,0
2021-06-24 11:02:56,5072.0,0
2021-06-24 11:03:02,5072.2,0
2021-06-24 11:03:03,5071.95,0
2021-06-24 11:03:05,5070.9,0
2021-06-24 11:03:06,5070.8,0
2021-06-24 11:03:12,5069.7,0
2021-06-24 11:03:15,5069.8,0
2021-06-24 11:03:18,5069.3,0
2021-06-24 11:03:22,5069.25,0
2021-06-24 11:03:23,5069.4,0
2021-06-24 11:03:28,5068.65,0
2021-06-24 11:03:31,5068.35,0
2021-06-24 11:03:34,5067.0,0
2021-06-24 11:03:37,5067.0,0
2021-06-24 11:03:42,5066.8,0
2021-06-24 11:03:43,5066.5,0
2021-06-24 11:03:53,5065.9,0
2021-06-24 11:03:55,5066.35,0
2021-06-24 11:04:04,5066.15,0
2021-06-24 11:04:05,5066.75,0
2021-06-24 11:04:07,5066.85,0
2021-06-24 11:04:09,5067.0,0
2021-06-24 11:04:10,5066.6,0
2021-06-24 11:04:14,5066.75,0
2021-06-24 11:04:16,5066.6,0
2021-06-24 11:04:25,5067.2,0
2021-06-24 11:04:28,5067.55,0
2021-06-24 11:04:35,5067.65,0
2021-06-24 11:04:37,5067.4,0
2021-06-24 11:04:38,5067.3,0
2021-06-24 11:04:39,5067.35,0
2021-06-24 11:04:43,5067.85,0
2021-06-24 11:04:44,5067.8,0
2021-06-24 11:04:45,5067.55,0
2021-06-24 11:04:46,5067.6,0
2021-06-24 11:04:50,5067.95,0
2021-06-24 11:04:52,5068.6,0
2021-06-24 11:04:57,5067.2,0
2021-06-24 11:04:59,5067.5,0
2021-06-24 11:05:01,5067.95,0
2021-06-24 11:05:03,5067.75,0
2021-06-24 11:05:04,5067.75,0
2021-06-24 11:05:09,5068.05,0
2021-06-24 11:05:11,5068.25,0
2021-06-24 11:05:12,5068.45,0
2021-06-24 11:05:17,5070.15,0
2021-06-24 11:05:18,5069.85,0
2021-06-24 11:05:19,5069.8,0
2021-06-24 11:05:21,5070.4,0
2021-06-24 11:05:23,5070.35,0
2021-06-24 11:05:24,5070.3,0
2021-06-24 11:05:26,5071.1,0
2021-06-24 11:05:29,5070.7,0
2021-06-24 11:05:35,5071.05,0
2021-06-24 11:05:37,5071.2,0
2021-06-24 11:05:39,5071.0,0
2021-06-24 11:05:40,5071.2,0
2021-06-24 11:05:43,5070.6,0
2021-06-24 11:05:44,5070.35,0
2021-06-24 11:05:48,5071.05,0
2021-06-24 11:05:49,5070.95,0
2021-06-24 11:05:52,5071.2,0
2021-06-24 11:05:53,5071.0,0
2021-06-24 11:06:01,5071.0,0
2021-06-24 11:06:02,5071.05,0
2021-06-24 11:06:03,5071.25,0
2021-06-24 11:06:05,5071.8,0
2021-06-24 11:06:06,5071.85,0
2021-06-24 11:06:09,5071.45,0
2021-06-24 11:06:11,5071.75,0
2021-06-24 11:06:12,5071.85,0
2021-06-24 11:06:22,5071.95,0
2021-06-24 11:06:24,5072.0,0
2021-06-24 11:06:26,5071.9,0
2021-06-24 11:06:28,5072.4,0
2021-06-24 11:06:30,5072.3,0
2021-06-24 11:06:31,5072.3,0
2021-06-24 11:06:34,5072.5,0
2021-06-24 11:06:38,5073.55,0
2021-06-24 11:06:40,5073.65,0
2021-06-24 11:06:41,5073.6,0
2021-06-24 11:06:44,5076.3,0
2021-06-24 11:06:45,5076.2,0
2021-06-24 11:06:47,5076.65,0
2021-06-24 11:06:49,5076.45,0
2021-06-24 11:06:50,5076.35,0
2021-06-24 11:06:51,5076.0,0
2021-06-24 11:06:53,5076.0,0
2021-06-24 11:06:55,5076.25,0
2021-06-24 11:06:58,5076.25,0
2021-06-24 11:07:02,5076.05,0
2021-06-24 11:07:05,5076.2,0
2021-06-24 11:07:06,5076.6,0
2021-06-24 11:07:07,5076.6,0
2021-06-24 11:07:08,5076.25,0
2021-06-24 11:07:10,5076.6,0
2021-06-24 11:07:11,5076.35,0
2021-06-24 11:07:14,5076.25,0
2021-06-24 11:07:18,5076.15,0
2021-06-24 11:07:19,5076.2,0
2021-06-24 11:07:20,5076.05,0
2021-06-24 11:07:23,5075.5,0
2021-06-24 11:07:25,5076.95,0
2021-06-24 11:07:27,5076.9,0
2021-06-24 11:07:28,5077.2,0
2021-06-24 11:07:29,5077.2,0
2021-06-24 11:07:31,5076.75,0
2021-06-24 11:07:35,5076.45,0
2021-06-24 11:07:44,5077.1,0
2021-06-24 11:07:46,5076.7,0
2021-06-24 11:07:47,5076.15,0
2021-06-24 11:07:48,5076.05,0
2021-06-24 11:07:49,5076.05,0
2021-06-24 11:07:52,5076.15,0
2021-06-24 11:07:53,5075.9,0
2021-06-24 11:07:54,5076.0,0
2021-06-24 11:07:55,5075.75,0
2021-06-24 11:07:56,5074.75,0
2021-06-24 11:07:57,5074.85,0
2021-06-24 11:07:59,5074.8,0
2021-06-24 11:08:00,5075.15,0
2021-06-24 11:08:01,5074.9,0
2021-06-24 11:08:02,5074.9,0
2021-06-24 11:08:03,5074.7,0
2021-06-24 11:08:05,5074.7,0
2021-06-24 11:08:06,5075.0,0
2021-06-24 11:08:08,5074.55,0
2021-06-24 11:08:10,5075.05,0
2021-06-24 11:08:15,5075.1,0
2021-06-24 11:08:16,5075.25,0
2021-06-24 11:08:18,5075.2,0
2021-06-24 11:08:19,5075.2,0
2021-06-24 11:08:20,5075.2,0
2021-06-24 11:08:21,5075.35,0
2021-06-24 11:08:22,5075.4,0
2021-06-24 11:08:23,5074.95,0
2021-06-24 11:08:28,5074.8,0
2021-06-24 11:08:29,5075.2,0
2021-06-24 11:08:34,5074.25,0
2021-06-24 11:08:36,5075.25,0
2021-06-24 11:08:38,5075.45,0
2021-06-24 11:08:49,5075.2,0
2021-06-24 11:08:50,5075.2,0
2021-06-24 11:08:53,5074.75,0
2021-06-24 11:09:00,5075.65,0
2021-06-24 11:09:02,5075.25,0
2021-06-24 11:09:08,5075.15,0
2021-06-24 11:09:10,5075.65,0
2021-06-24 11:09:14,5075.15,0
2021-06-24 11:09:16,5075.3,0
2021-06-24 11:09:19,5075.4,0
2021-06-24 11:09:20,5075.45,0
2021-06-24 11:09:21,5075.6,0
2021-06-24 11:09:24,5075.35,0
2021-06-24 11:09:26,5076.2,0
2021-06-24 11:09:30,5076.5,0
2021-06-24 11:09:39,5076.15,0
2021-06-24 11:09:40,5076.35,0
2021-06-24 11:09:41,5076.1,0
2021-06-24 11:09:43,5075.85,0
2021-06-24 11:09:44,5076.35,0
2021-06-24 11:09:45,5076.2,0
2021-06-24 11:09:50,5076.55,0
2021-06-24 11:09:51,5076.5,0
2021-06-24 11:09:54,5076.8,0
2021-06-24 11:09:55,5076.5,0
2021-06-24 11:09:58,5076.6,0
2021-06-24 11:10:06,5076.65,0
2021-06-24 11:10:15,5077.25,0
2021-06-24 11:10:16,5077.35,0
2021-06-24 11:10:20,5078.3,0
2021-06-24 11:10:21,5077.5,0
2021-06-24 11:10:22,5077.5,0
2021-06-24 11:10:23,5077.6,0
2021-06-24 11:10:24,5077.55,0
2021-06-24 11:10:25,5077.55,0
2021-06-24 11:10:26,5077.55,0
2021-06-24 11:10:29,5077.9,0
2021-06-24 11:10:32,5077.75,0
2021-06-24 11:10:35,5077.8,0
2021-06-24 11:10:37,5077.7,0
2021-06-24 11:10:43,5078.25,0
2021-06-24 11:10:44,5078.5,0
2021-06-24 11:10:46,5077.55,0
2021-06-24 11:10:49,5077.85,0
2021-06-24 11:10:50,5077.9,0
2021-06-24 11:10:54,5076.95,0
2021-06-24 11:10:59,5078.3,0
2021-06-24 11:11:02,5077.9,0
2021-06-24 11:11:05,5077.35,0
2021-06-24 11:11:08,5078.5,0
2021-06-24 11:11:09,5079.0,0
2021-06-24 11:11:14,5079.25,0
2021-06-24 11:11:18,5078.85,0
2021-06-24 11:11:21,5078.95,0
2021-06-24 11:11:23,5079.15,0
2021-06-24 11:11:25,5079.25,0
2021-06-24 11:11:26,5079.15,0
2021-06-24 11:11:28,5079.0,0
2021-06-24 11:11:29,5079.15,0
2021-06-24 11:11:30,5078.9,0
2021-06-24 11:11:31,5078.95,0
2021-06-24 11:11:32,5079.0,0
2021-06-24 11:11:33,5078.9,0
2021-06-24 11:11:35,5079.5,0
2021-06-24 11:11:36,5079.5,0
2021-06-24 11:11:37,5079.25,0
2021-06-24 11:11:38,5079.45,0
2021-06-24 11:11:42,5078.8,0
2021-06-24 11:11:44,5079.15,0
2021-06-24 11:11:50,5079.7,0
2021-06-24 11:11:51,5079.7,0
2021-06-24 11:11:56,5079.4,0
2021-06-24 11:11:59,5078.75,0
2021-06-24 11:12:03,5079.2,0
2021-06-24 11:12:04,5079.5,0
2021-06-24 11:12:05,5079.55,0
2021-06-24 11:12:10,5079.55,0
2021-06-24 11:12:13,5078.7,0
2021-06-24 11:12:14,5078.3,0
2021-06-24 11:12:15,5078.75,0
2021-06-24 11:12:17,5079.15,0
2021-06-24 11:12:18,5078.9,0
2021-06-24 11:12:20,5078.4,0
2021-06-24 11:12:24,5078.4,0
2021-06-24 11:12:25,5078.35,0
2021-06-24 11:12:27,5078.65,0
2021-06-24 11:12:37,5078.5,0
2021-06-24 11:12:38,5078.2,0
2021-06-24 11:12:40,5078.85,0
2021-06-24 11:12:41,5079.05,0
2021-06-24 11:12:46,5078.65,0
2021-06-24 11:12:47,5078.65,0
2021-06-24 11:12:50,5078.8,0
2021-06-24 11:12:52,5078.3,0
2021-06-24 11:12:53,5078.25,0
2021-06-24 11:12:55,5079.0,0
2021-06-24 11:12:56,5078.75,0
2021-06-24 11:12:57,5078.1,0
2021-06-24 11:13:04,5078.7,0
2021-06-24 11:13:05,5078.45,0
2021-06-24 11:13:10,5079.0,0
2021-06-24 11:13:12,5077.6,0
2021-06-24 11:13:19,5077.05,0
2021-06-24 11:13:22,5075.8,0
2021-06-24 11:13:24,5076.15,0
2021-06-24 11:13:25,5076.05,0
2021-06-24 11:13:31,5076.5,0
2021-06-24 11:13:38,5078.0,0
2021-06-24 11:13:39,5078.05,0
2021-06-24 11:13:42,5077.95,0
2021-06-24 11:13:44,5077.15,0
2021-06-24 11:13:52,5077.6,0
2021-06-24 11:13:53,5078.1,0
2021-06-24 11:13:54,5078.0,0
2021-06-24 11:13:56,5077.8,0
2021-06-24 11:14:02,5077.2,0
2021-06-24 11:14:03,5077.25,0
2021-06-24 11:14:04,5077.3,0
2021-06-24 11:14:05,5077.35,0
2021-06-24 11:14:06,5077.45,0
2021-06-24 11:14:07,5077.9,0
2021-06-24 11:14:08,5077.75,0
2021-06-24 11:14:09,5077.75,0
2021-06-24 11:14:11,5077.65,0
2021-06-24 11:14:14,5077.8,0
2021-06-24 11:14:15,5077.6,0
2021-06-24 11:14:16,5077.8,0
2021-06-24 11:14:19,5077.6,0
2021-06-24 11:14:20,5077.55,0
2021-06-24 11:14:22,5077.35,0
2021-06-24 11:14:24,5076.95,0
2021-06-24 11:14:26,5077.45,0
2021-06-24 11:14:27,5077.5,0
2021-06-24 11:14:28,5077.65,0
2021-06-24 11:14:32,5077.35,0
2021-06-24 11:14:33,5077.5,0
2021-06-24 11:14:37,5077.05,0
2021-06-24 11:14:40,5077.0,0
2021-06-24 11:14:41,5076.8,0
2021-06-24 11:14:44,5077.6,0
2021-06-24 11:14:45,5077.75,0
2021-06-24 11:14:47,5077.5,0
2021-06-24 11:14:48,5077.25,0
2021-06-24 11:14:49,5077.05,0
2021-06-24 11:14:50,5076.6,0
2021-06-24 11:14:51,5076.75,0
2021-06-24 11:14:52,5077.1,0
2021-06-24 11:14:58,5077.75,0
2021-06-24 11:15:01,5077.9,0
2021-06-24 11:15:02,5077.85,0
2021-06-24 11:15:06,5078.05,0
2021-06-24 11:15:07,5077.5,0
2021-06-24 11:15:09,5077.95,0
2021-06-24 11:15:10,5078.1,0
2021-06-24 11:15:12,5078.2,0
2021-06-24 11:15:13,5078.25,0
2021-06-24 11:15:14,5077.85,0
2021-06-24 11:15:15,5078.0,0
2021-06-24 11:15:16,5078.1,0
2021-06-24 11:15:22,5078.05,0
2021-06-24 11:15:23,5078.3,0
2021-06-24 11:15:25,5078.25,0
2021-06-24 11:15:26,5078.4,0
2021-06-24 11:15:28,5078.45,0
2021-06-24 11:15:31,5079.0,0
2021-06-24 11:15:32,5079.0,0
2021-06-24 11:15:33,5079.45,0
2021-06-24 11:15:35,5078.95,0
2021-06-24 11:15:36,5078.7,0
2021-06-24 11:15:46,5079.15,0
2021-06-24 11:15:56,5078.75,0
2021-06-24 11:15:59,5078.5,0
2021-06-24 11:16:07,5077.45,0
2021-06-24 11:16:08,5077.45,0
2021-06-24 11:16:12,5077.6,0
2021-06-24 11:16:14,5077.85,0
2021-06-24 11:16:16,5077.8,0
2021-06-24 11:16:17,5077.55,0
2021-06-24 11:16:18,5077.45,0
2021-06-24 11:16:21,5077.35,0
2021-06-24 11:16:22,5077.45,0
2021-06-24 11:16:27,5077.4,0
2021-06-24 11:16:29,5077.75,0
2021-06-24 11:16:30,5078.05,0
2021-06-24 11:16:34,5077.35,0
2021-06-24 11:16:35,5077.75,0
2021-06-24 11:16:41,5077.65,0
2021-06-24 11:16:48,5077.95,0
2021-06-24 11:16:49,5078.4,0
2021-06-24 11:16:54,5077.8,0
2021-06-24 11:16:55,5077.7,0
2021-06-24 11:17:00,5078.0,0
2021-06-24 11:17:02,5077.9,0
2021-06-24 11:17:05,5077.2,0
2021-06-24 11:17:11,5076.9,0
2021-06-24 11:17:12,5077.3,0
2021-06-24 11:17:14,5077.4,0
2021-06-24 11:17:17,5076.25,0
2021-06-24 11:17:18,5076.9,0
2021-06-24 11:17:23,5077.0,0
2021-06-24 11:17:24,5076.4,0
2021-06-24 11:17:26,5077.0,0
2021-06-24 11:17:28,5076.8,0
2021-06-24 11:17:35,5077.8,0
2021-06-24 11:17:36,5077.6,0
2021-06-24 11:17:39,5078.55,0
2021-06-24 11:17:40,5078.4,0
2021-06-24 11:17:54,5080.9,0
2021-06-24 11:17:55,5080.5,0
2021-06-24 11:17:56,5080.7,0
2021-06-24 11:17:59,5080.15,0
2021-06-24 11:18:00,5080.45,0
2021-06-24 11:18:06,5080.4,0
2021-06-24 11:18:07,5080.65,0
2021-06-24 11:18:08,5080.4,0
2021-06-24 11:18:09,5080.05,0
2021-06-24 11:18:22,5080.95,0
2021-06-24 11:18:23,5080.55,0
2021-06-24 11:18:28,5080.65,0
2021-06-24 11:18:29,5080.5,0
2021-06-24 11:18:31,5080.4,0
2021-06-24 11:18:33,5080.5,0
2021-06-24 11:18:38,5080.75,0
2021-06-24 11:18:44,5079.75,0
2021-06-24 11:18:45,5080.35,0
2021-06-24 11:18:56,5079.05,0
2021-06-24 11:18:58,5079.4,0
2021-06-24 11:18:59,5079.7,0
2021-06-24 11:19:01,5079.9,0
2021-06-24 11:19:02,5079.8,0
2021-06-24 11:19:06,5080.3,0
2021-06-24 11:19:12,5079.85,0
2021-06-24 11:19:13,5080.3,0
2021-06-24 11:19:15,5080.4,0
2021-06-24 11:19:16,5080.25,0
2021-06-24 11:19:23,5080.35,0
2021-06-24 11:19:24,5080.9,0
2021-06-24 11:19:27,5079.85,0
2021-06-24 11:19:30,5079.8,0
2021-06-24 11:19:33,5080.5,0
2021-06-24 11:19:34,5080.4,0
2021-06-24 11:19:35,5080.95,0
2021-06-24 11:19:36,5080.45,0
2021-06-24 11:19:38,5080.9,0
2021-06-24 11:19:42,5080.4,0
2021-06-24 11:19:45,5080.45,0
2021-06-24 11:19:47,5080.35,0
2021-06-24 11:19:49,5080.45,0
2021-06-24 11:19:52,5080.7,0
2021-06-24 11:19:53,5080.75,0
2021-06-24 11:19:54,5080.8,0
2021-06-24 11:19:55,5080.85,0
2021-06-24 11:20:00,5080.4,0
2021-06-24 11:20:02,5080.5,0
2021-06-24 11:20:04,5080.5,0
2021-06-24 11:20:05,5080.7,0
2021-06-24 11:20:06,5081.0,0
2021-06-24 11:20:08,5080.85,0
2021-06-24 11:20:09,5080.25,0
2021-06-24 11:20:10,5080.95,0
2021-06-24 11:20:12,5081.35,0
2021-06-24 11:20:14,5081.1,0
2021-06-24 11:20:15,5081.35,0
2021-06-24 11:20:16,5081.85,0
2021-06-24 11:20:17,5082.7,0
2021-06-24 11:20:19,5082.75,0
2021-06-24 11:20:20,5083.45,0
2021-06-24 11:20:23,5083.15,0
2021-06-24 11:20:33,5083.75,0
2021-06-24 11:20:35,5083.8,0
2021-06-24 11:20:37,5084.35,0
2021-06-24 11:20:42,5083.95,0
2021-06-24 11:20:45,5084.95,0
2021-06-24 11:20:47,5084.1,0
2021-06-24 11:20:48,5084.15,0
2021-06-24 11:20:50,5084.4,0
2021-06-24 11:20:54,5084.2,0
2021-06-24 11:20:55,5083.55,0
2021-06-24 11:20:56,5083.95,0
2021-06-24 11:20:58,5083.4,0
2021-06-24 11:20:59,5083.3,0
2021-06-24 11:21:06,5084.9,0
2021-06-24 11:21:07,5084.35,0
2021-06-24 11:21:08,5084.15,0
2021-06-24 11:21:09,5084.65,0
2021-06-24 11:21:14,5084.9,0
2021-06-24 11:21:15,5085.4,0
2021-06-24 11:21:17,5085.35,0
2021-06-24 11:21:18,5085.6,0
2021-06-24 11:21:20,5084.95,0
2021-06-24 11:21:21,5085.25,0
2021-06-24 11:21:23,5085.7,0
2021-06-24 11:21:25,5084.9,0
2021-06-24 11:21:26,5085.6,0
2021-06-24 11:21:29,5085.35,0
2021-06-24 11:21:32,5085.2,0
2021-06-24 11:21:33,5084.85,0
2021-06-24 11:21:34,5084.95,0
2021-06-24 11:21:37,5085.55,0
2021-06-24 11:21:40,5085.35,0
2021-06-24 11:21:45,5085.6,0
2021-06-24 11:21:49,5085.45,0
2021-06-24 11:21:51,5085.85,0
2021-06-24 11:21:52,5085.7,0
2021-06-24 11:21:53,5085.5,0
2021-06-24 11:21:58,5085.4,0
2021-06-24 11:21:59,5085.1,0
2021-06-24 11:22:01,5085.35,0
2021-06-24 11:22:03,5085.15,0
2021-06-24 11:22:04,5085.65,0
2021-06-24 11:22:09,5085.3,0
2021-06-24 11:22:10,5085.2,0
2021-06-24 11:22:15,5084.85,0
2021-06-24 11:22:16,5084.8,0
2021-06-24 11:22:22,5085.4,0
2021-06-24 11:22:27,5085.1,0
2021-06-24 11:22:31,5085.55,0
2021-06-24 11:22:34,5085.5,0
2021-06-24 11:22:37,5085.65,0
2021-06-24 11:22:38,5085.1,0
2021-06-24 11:22:40,5085.0,0
2021-06-24 11:22:49,5085.5,0
2021-06-24 11:22:50,5085.1,0
2021-06-24 11:22:52,5085.8,0
2021-06-24 11:22:54,5085.6,0
2021-06-24 11:22:57,5085.45,0
2021-06-24 11:23:01,5085.3,0
2021-06-24 11:23:15,5084.85,0
2021-06-24 11:23:22,5085.2,0
2021-06-24 11:23:27,5085.1,0
2021-06-24 11:23:30,5085.3,0
2021-06-24 11:23:31,5084.95,0
2021-06-24 11:23:38,5085.25,0
2021-06-24 11:23:39,5085.7,0
2021-06-24 11:23:45,5087.4,0
2021-06-24 11:23:48,5086.9,0
2021-06-24 11:23:51,5086.7,0
2021-06-24 11:23:54,5087.05,0
2021-06-24 11:23:57,5087.65,0
2021-06-24 11:24:01,5088.7,0
2021-06-24 11:24:02,5089.1,0
2021-06-24 11:24:07,5088.35,0
2021-06-24 11:24:13,5088.75,0
2021-06-24 11:24:15,5087.7,0
2021-06-24 11:24:16,5088.55,0
2021-06-24 11:24:17,5088.85,0
2021-06-24 11:24:20,5088.35,0
2021-06-24 11:24:21,5089.3,0
2021-06-24 11:24:24,5089.15,0
2021-06-24 11:24:25,5089.05,0
2021-06-24 11:24:28,5088.2,0
2021-06-24 11:24:29,5088.6,0
2021-06-24 11:24:32,5088.7,0
2021-06-24 11:24:39,5088.75,0
2021-06-24 11:24:41,5088.55,0
2021-06-24 11:24:45,5088.55,0
2021-06-24 11:24:46,5088.1,0
2021-06-24 11:24:55,5087.3,0
2021-06-24 11:24:58,5088.05,0
2021-06-24 11:24:59,5087.8,0
2021-06-24 11:25:10,5087.6,0
2021-06-24 11:25:15,5087.35,0
2021-06-24 11:25:19,5087.35,0
2021-06-24 11:25:21,5087.55,0
2021-06-24 11:25:23,5087.35,0
2021-06-24 11:25:24,5087.25,0
2021-06-24 11:25:26,5087.3,0
2021-06-24 11:25:28,5087.35,0
2021-06-24 11:25:31,5087.65,0
2021-06-24 11:25:32,5087.5,0
2021-06-24 11:25:33,5087.3,0
2021-06-24 11:25:36,5087.45,0
2021-06-24 11:25:37,5087.4,0
2021-06-24 11:25:38,5087.4,0
2021-06-24 11:25:39,5087.2,0
2021-06-24 11:25:40,5087.55,0
2021-06-24 11:25:41,5087.8,0
2021-06-24 11:25:46,5087.4,0
2021-06-24 11:25:49,5087.75,0
2021-06-24 11:25:50,5087.6,0
2021-06-24 11:25:51,5086.95,0
2021-06-24 11:25:59,5086.75,0
2021-06-24 11:26:00,5086.85,0
2021-06-24 11:26:02,5087.0,0
2021-06-24 11:26:06,5086.45,0
2021-06-24 11:26:07,5086.6,0
2021-06-24 11:26:12,5086.25,0
2021-06-24 11:26:14,5086.0,0
2021-06-24 11:26:15,5086.1,0
2021-06-24 11:26:17,5086.15,0
2021-06-24 11:26:22,5085.85,0
2021-06-24 11:26:27,5085.85,0
2021-06-24 11:26:31,5085.85,0
2021-06-24 11:26:32,5085.7,0
2021-06-24 11:26:33,5085.4,0
2021-06-24 11:26:35,5085.4,0
2021-06-24 11:26:42,5085.95,0
2021-06-24 11:26:43,5086.05,0
2021-06-24 11:26:48,5085.55,0
2021-06-24 11:26:50,5085.5,0
2021-06-24 11:26:51,5085.3,0
2021-06-24 11:26:52,5084.8,0
2021-06-24 11:26:55,5084.8,0
2021-06-24 11:27:00,5083.95,0
2021-06-24 11:27:01,5083.85,0
2021-06-24 11:27:02,5082.3,0
2021-06-24 11:27:05,5082.95,0
2021-06-24 11:27:06,5083.4,0
2021-06-24 11:27:09,5083.7,0
2021-06-24 11:27:10,5083.5,0
2021-06-24 11:27:13,5083.1,0
2021-06-24 11:27:15,5083.55,0
2021-06-24 11:27:21,5083.15,0
2021-06-24 11:27:23,5083.05,0
2021-06-24 11:27:24,5082.7,0
2021-06-24 11:27:25,5082.0,0
2021-06-24 11:27:27,5082.4,0
2021-06-24 11:27:30,5081.5,0
2021-06-24 11:27:33,5082.35,0
2021-06-24 11:27:36,5082.1,0
2021-06-24 11:27:38,5082.1,0
2021-06-24 11:27:42,5082.65,0
2021-06-24 11:27:49,5082.5,0
2021-06-24 11:27:54,5082.7,0
2021-06-24 11:27:55,5082.4,0
2021-06-24 11:27:56,5082.3,0
2021-06-24 11:27:59,5082.7,0
2021-06-24 11:28:02,5082.0,0
2021-06-24 11:28:03,5080.95,0
2021-06-24 11:28:05,5080.85,0
2021-06-24 11:28:07,5081.25,0
2021-06-24 11:28:08,5081.15,0
2021-06-24 11:28:09,5080.85,0
2021-06-24 11:28:11,5080.7,0
2021-06-24 11:28:12,5081.2,0
2021-06-24 11:28:18,5080.7,0
2021-06-24 11:28:20,5080.7,0
2021-06-24 11:28:22,5081.15,0
2021-06-24 11:28:23,5081.5,0
2021-06-24 11:28:25,5081.0,0
2021-06-24 11:28:26,5081.0,0
2021-06-24 11:28:29,5081.3,0
2021-06-24 11:28:30,5081.35,0
2021-06-24 11:28:32,5081.35,0
2021-06-24 11:28:37,5081.05,0
2021-06-24 11:28:39,5080.95,0
2021-06-24 11:28:40,5080.8,0
2021-06-24 11:28:41,5081.1,0
2021-06-24 11:28:42,5081.15,0
2021-06-24 11:28:43,5081.3,0
2021-06-24 11:28:48,5082.4,0
2021-06-24 11:28:49,5082.5,0
2021-06-24 11:28:52,5082.7,0
2021-06-24 11:28:53,5083.3,0
2021-06-24 11:28:55,5082.0,0
2021-06-24 11:28:57,5080.95,0
2021-06-24 11:28:59,5080.75,0
2021-06-24 11:29:01,5080.5,0
2021-06-24 11:29:02,5080.9,0
2021-06-24 11:29:04,5081.2,0
2021-06-24 11:29:06,5081.0,0
2021-06-24 11:29:08,5080.65,0
2021-06-24 11:29:10,5081.1,0
2021-06-24 11:29:13,5081.3,0
2021-06-24 11:29:17,5081.1,0
2021-06-24 11:29:18,5081.25,0
2021-06-24 11:29:20,5080.95,0
2021-06-24 11:29:21,5080.1,0
2021-06-24 11:29:22,5080.7,0
2021-06-24 11:29:23,5080.9,0
2021-06-24 11:29:26,5080.15,0
2021-06-24 11:29:27,5080.15,0
2021-06-24 11:29:32,5080.65,0
2021-06-24 11:29:33,5080.2,0
2021-06-24 11:29:38,5080.2,0
2021-06-24 11:29:40,5081.05,0
2021-06-24 11:29:45,5079.95,0
2021-06-24 11:29:50,5079.8,0
2021-06-24 11:29:53,5080.05,0
2021-06-24 11:29:54,5080.3,0
2021-06-24 11:29:58,5080.05,0
2021-06-24 11:29:59,5079.85,0
2021-06-24 11:30:03,5080.2,0
2021-06-24 11:30:07,5079.6,0
2021-06-24 11:30:08,5080.25,0
2021-06-24 11:30:10,5079.65,0
2021-06-24 11:30:13,5080.2,0
2021-06-24 11:30:22,5079.05,0
2021-06-24 11:30:23,5079.3,0
2021-06-24 11:30:25,5079.75,0
2021-06-24 11:30:28,5079.3,0
2021-06-24 11:30:30,5079.2,0
2021-06-24 11:30:35,5078.3,0
2021-06-24 11:30:36,5078.9,0
2021-06-24 11:30:38,5078.7,0
2021-06-24 11:30:49,5077.35,0
2021-06-24 11:30:50,5077.65,0
2021-06-24 11:30:52,5076.8,0
2021-06-24 11:30:53,5076.75,0
2021-06-24 11:30:54,5076.55,0
2021-06-24 11:30:55,5076.1,0
2021-06-24 11:30:58,5076.4,0
2021-06-24 11:31:02,5075.75,0
2021-06-24 11:31:04,5075.65,0
2021-06-24 11:31:06,5075.3,0
2021-06-24 11:31:09,5074.3,0
2021-06-24 11:31:12,5074.8,0
2021-06-24 11:31:13,5074.15,0
2021-06-24 11:31:15,5074.0,0
2021-06-24 11:31:16,5073.65,0
2021-06-24 11:31:17,5074.1,0
2021-06-24 11:31:20,5074.0,0
2021-06-24 11:31:22,5074.15,0
2021-06-24 11:31:32,5073.45,0
2021-06-24 11:31:37,5073.15,0
2021-06-24 11:31:42,5074.15,0
2021-06-24 11:31:44,5073.9,0
2021-06-24 11:31:47,5074.0,0
2021-06-24 11:31:49,5074.05,0
2021-06-24 11:31:50,5074.35,0
2021-06-24 11:31:56,5073.8,0
2021-06-24 11:32:02,5073.4,0
2021-06-24 11:32:08,5074.05,0
2021-06-24 11:32:15,5074.75,0
2021-06-24 11:32:17,5074.65,0
2021-06-24 11:32:19,5074.55,0
2021-06-24 11:32:24,5074.05,0
2021-06-24 11:32:25,5074.25,0
2021-06-24 11:32:26,5074.55,0
2021-06-24 11:32:29,5074.0,0
2021-06-24 11:32:31,5074.6,0
2021-06-24 11:32:35,5075.9,0
2021-06-24 11:32:37,5075.25,0
2021-06-24 11:32:46,5075.25,0
2021-06-24 11:32:47,5075.75,0
2021-06-24 11:32:49,5075.7,0
2021-06-24 11:32:50,5075.05,0
2021-06-24 11:32:52,5075.7,0
2021-06-24 11:32:54,5075.75,0
2021-06-24 11:32:55,5075.85,0
2021-06-24 11:32:56,5075.05,0
2021-06-24 11:32:58,5074.6,0
2021-06-24 11:33:03,5074.35,0
2021-06-24 11:33:11,5074.4,0
2021-06-24 11:33:12,5074.75,0
2021-06-24 11:33:13,5074.75,0
2021-06-24 11:33:14,5073.95,0
2021-06-24 11:33:18,5073.55,0
2021-06-24 11:33:19,5073.3,0
2021-06-24 11:33:20,5073.4,0
2021-06-24 11:33:23,5072.55,0
2021-06-24 11:33:24,5072.8,0
2021-06-24 11:33:26,5073.15,0
2021-06-24 11:33:27,5073.2,0
2021-06-24 11:33:29,5073.5,0
2021-06-24 11:33:32,5072.15,0
2021-06-24 11:33:36,5072.1,0
2021-06-24 11:33:38,5071.7,0
2021-06-24 11:33:39,5071.15,0
2021-06-24 11:33:40,5070.9,0
2021-06-24 11:33:41,5071.85,0
2021-06-24 11:33:43,5071.2,0
2021-06-24 11:33:50,5071.55,0
2021-06-24 11:33:52,5070.25,0
2021-06-24 11:33:54,5070.65,0
2021-06-24 11:33:56,5070.85,0
2021-06-24 11:33:59,5070.2,0
2021-06-24 11:34:01,5070.25,0
2021-06-24 11:34:02,5070.45,0
2021-06-24 11:34:04,5070.85,0
2021-06-24 11:34:06,5071.5,0
2021-06-24 11:34:08,5071.2,0
2021-06-24 11:34:09,5071.15,0
2021-06-24 11:34:13,5071.5,0
2021-06-24 11:34:18,5071.8,0
2021-06-24 11:34:20,5071.95,0
2021-06-24 11:34:23,5071.7,0
2021-06-24 11:34:25,5071.35,0
2021-06-24 11:34:26,5071.65,0
2021-06-24 11:34:28,5071.35,0
2021-06-24 11:34:29,5071.7,0
2021-06-24 11:34:31,5071.75,0
2021-06-24 11:34:38,5071.35,0
2021-06-24 11:34:42,5071.45,0
2021-06-24 11:34:43,5071.45,0
2021-06-24 11:34:45,5071.1,0
2021-06-24 11:34:47,5071.1,0
2021-06-24 11:34:50,5072.15,0
2021-06-24 11:34:53,5071.95,0
2021-06-24 11:34:54,5072.15,0
2021-06-24 11:34:57,5072.85,0
2021-06-24 11:34:58,5072.85,0
2021-06-24 11:35:00,5072.95,0
2021-06-24 11:35:01,5072.7,0
2021-06-24 11:35:02,5072.35,0
2021-06-24 11:35:04,5073.5,0
2021-06-24 11:35:06,5073.1,0
2021-06-24 11:35:10,5073.6,0
2021-06-24 11:35:12,5073.2,0
2021-06-24 11:35:14,5073.35,0
2021-06-24 11:35:15,5073.3,0
2021-06-24 11:35:19,5073.0,0
2021-06-24 11:35:20,5073.3,0
2021-06-24 11:35:24,5072.15,0
2021-06-24 11:35:29,5072.55,0
2021-06-24 11:35:30,5072.7,0
2021-06-24 11:35:32,5072.4,0
2021-06-24 11:35:34,5072.15,0
2021-06-24 11:35:36,5071.95,0
2021-06-24 11:35:38,5072.45,0
2021-06-24 11:35:39,5072.35,0
2021-06-24 11:35:40,5072.4,0
2021-06-24 11:35:42,5072.5,0
2021-06-24 11:35:44,5072.7,0
2021-06-24 11:35:49,5072.75,0
2021-06-24 11:35:50,5072.8,0
2021-06-24 11:35:51,5072.75,0
2021-06-24 11:35:52,5072.85,0
2021-06-24 11:35:53,5073.2,0
2021-06-24 11:36:06,5073.1,0
2021-06-24 11:36:13,5073.15,0
2021-06-24 11:36:16,5073.0,0
2021-06-24 11:36:17,5073.05,0
2021-06-24 11:36:21,5073.35,0
2021-06-24 11:36:22,5073.65,0
2021-06-24 11:36:23,5073.55,0
2021-06-24 11:36:25,5073.35,0
2021-06-24 11:36:26,5073.95,0
2021-06-24 11:36:28,5073.65,0
2021-06-24 11:36:32,5073.9,0
2021-06-24 11:36:34,5073.65,0
2021-06-24 11:36:37,5073.75,0
2021-06-24 11:36:40,5074.05,0
2021-06-24 11:36:42,5074.5,0
2021-06-24 11:36:44,5074.1,0
2021-06-24 11:36:45,5073.75,0
2021-06-24 11:36:46,5074.5,0
2021-06-24 11:36:47,5074.75,0
2021-06-24 11:36:48,5074.65,0
2021-06-24 11:36:51,5074.65,0
2021-06-24 11:37:01,5075.3,0
2021-06-24 11:37:04,5075.35,0
2021-06-24 11:37:06,5075.7,0
2021-06-24 11:37:09,5076.3,0
2021-06-24 11:37:10,5076.6,0
2021-06-24 11:37:12,5076.95,0
2021-06-24 11:37:13,5077.45,0
2021-06-24 11:37:16,5077.85,0
2021-06-24 11:37:17,5078.25,0
2021-06-24 11:37:20,5078.9,0
2021-06-24 11:37:22,5080.95,0
2021-06-24 11:37:26,5081.1,0
2021-06-24 11:37:32,5081.75,0
2021-06-24 11:37:33,5081.1,0
2021-06-24 11:37:36,5081.6,0
2021-06-24 11:37:37,5081.25,0
2021-06-24 11:37:44,5081.7,0
2021-06-24 11:37:49,5080.95,0
2021-06-24 11:37:51,5081.25,0
2021-06-24 11:37:52,5080.95,0
2021-06-24 11:37:56,5081.55,0
2021-06-24 11:37:59,5081.3,0
2021-06-24 11:38:01,5080.8,0
2021-06-24 11:38:02,5081.15,0
2021-06-24 11:38:03,5080.8,0
2021-06-24 11:38:04,5080.9,0
2021-06-24 11:38:06,5080.45,0
2021-06-24 11:38:09,5080.85,0
2021-06-24 11:38:11,5080.1,0
2021-06-24 11:38:12,5079.95,0
2021-06-24 11:38:14,5078.8,0
2021-06-24 11:38:16,5079.15,0
2021-06-24 11:38:17,5079.55,0
2021-06-24 11:38:20,5078.85,0
2021-06-24 11:38:23,5079.0,0
2021-06-24 11:38:27,5079.6,0
2021-06-24 11:38:29,5079.1,0
2021-06-24 11:38:30,5079.05,0
2021-06-24 11:38:36,5079.45,0
2021-06-24 11:38:38,5079.75,0
2021-06-24 11:38:41,5079.55,0
2021-06-24 11:38:43,5079.5,0
2021-06-24 11:38:47,5079.2,0
2021-06-24 11:38:49,5079.55,0
2021-06-24 11:38:51,5079.55,0
2021-06-24 11:38:52,5079.1,0
2021-06-24 11:38:54,5079.55,0
2021-06-24 11:38:56,5079.55,0
2021-06-24 11:38:57,5079.7,0
2021-06-24 11:39:00,5078.85,0
2021-06-24 11:39:04,5079.05,0
2021-06-24 11:39:06,5078.8,0
2021-06-24 11:39:07,5078.35,0
2021-06-24 11:39:16,5076.75,0
2021-06-24 11:39:18,5077.15,0
2021-06-24 11:39:20,5077.8,0
2021-06-24 11:39:24,5077.9,0
2021-06-24 11:39:27,5077.6,0
2021-06-24 11:39:29,5078.35,0
2021-06-24 11:39:32,5079.6,0
2021-06-24 11:39:33,5079.0,0
2021-06-24 11:39:36,5079.5,0
2021-06-24 11:39:39,5078.85,0
2021-06-24 11:39:46,5079.75,0
2021-06-24 11:39:48,5079.7,0
2021-06-24 11:39:56,5078.7,0
2021-06-24 11:39:58,5078.75,0
2021-06-24 11:40:00,5078.25,0
2021-06-24 11:40:01,5078.75,0
2021-06-24 11:40:02,5078.35,0
2021-06-24 11:40:03,5078.5,0
2021-06-24 11:40:04,5078.8,0
2021-06-24 11:40:06,5078.5,0
2021-06-24 11:40:07,5078.4,0
2021-06-24 11:40:11,5078.75,0
2021-06-24 11:40:13,5079.15,0
2021-06-24 11:40:15,5078.75,0
2021-06-24 11:40:16,5078.65,0
2021-06-24 11:40:19,5077.3,0
2021-06-24 11:40:21,5077.0,0
2021-06-24 11:40:22,5077.0,0
2021-06-24 11:40:23,5077.5,0
2021-06-24 11:40:27,5077.2,0
2021-06-24 11:40:29,5077.15,0
2021-06-24 11:40:31,5077.75,0
2021-06-24 11:40:32,5077.65,0
2021-06-24 11:40:33,5078.05,0
2021-06-24 11:40:38,5078.0,0
2021-06-24 11:40:41,5078.85,0
2021-06-24 11:40:46,5078.1,0
2021-06-24 11:40:48,5078.3,0
2021-06-24 11:40:56,5078.5,0
2021-06-24 11:40:57,5078.5,0
2021-06-24 11:41:00,5078.3,0
2021-06-24 11:41:03,5078.2,0
2021-06-24 11:41:06,5078.3,0
2021-06-24 11:41:09,5077.9,0
2021-06-24 11:41:10,5077.75,0
2021-06-24 11:41:12,5077.6,0
2021-06-24 11:41:15,5077.9,0
2021-06-24 11:41:16,5078.1,0
2021-06-24 11:41:18,5078.15,0
2021-06-24 11:41:21,5077.45,0
2021-06-24 11:41:24,5076.95,0
2021-06-24 11:41:26,5077.45,0
2021-06-24 11:41:28,5077.6,0
2021-06-24 11:41:37,5077.75,0
2021-06-24 11:41:38,5077.8,0
2021-06-24 11:41:42,5077.45,0
2021-06-24 11:41:44,5077.65,0
2021-06-24 11:41:46,5077.85,0
2021-06-24 11:41:47,5078.2,0
2021-06-24 11:41:49,5078.9,0
2021-06-24 11:41:52,5078.95,0
2021-06-24 11:41:56,5079.5,0
2021-06-24 11:42:03,5079.45,0
2021-06-24 11:42:04,5079.45,0
2021-06-24 11:42:05,5079.45,0
2021-06-24 11:42:08,5080.5,0
2021-06-24 11:42:09,5080.45,0
2021-06-24 11:42:10,5080.4,0
2021-06-24 11:42:12,5080.3,0
2021-06-24 11:42:16,5080.95,0
2021-06-24 11:42:18,5080.8,0
2021-06-24 11:42:20,5080.9,0
2021-06-24 11:42:24,5081.0,0
2021-06-24 11:42:27,5081.1,0
2021-06-24 11:42:29,5080.65,0
2021-06-24 11:42:33,5081.65,0
2021-06-24 11:42:35,5081.5,0
2021-06-24 11:42:37,5081.25,0
2021-06-24 11:42:38,5081.35,0
2021-06-24 11:42:44,5081.8,0
2021-06-24 11:42:45,5081.35,0
2021-06-24 11:42:48,5081.7,0
2021-06-24 11:42:50,5081.7,0
2021-06-24 11:42:52,5081.6,0
2021-06-24 11:42:53,5082.0,0
2021-06-24 11:42:54,5081.9,0
2021-06-24 11:42:55,5081.7,0
2021-06-24 11:42:56,5081.65,0
2021-06-24 11:43:04,5081.2,0
2021-06-24 11:43:07,5081.65,0
2021-06-24 11:43:08,5081.55,0
2021-06-24 11:43:11,5081.5,0
2021-06-24 11:43:13,5081.95,0
2021-06-24 11:43:14,5081.85,0
2021-06-24 11:43:15,5081.45,0
2021-06-24 11:43:21,5081.4,0
2021-06-24 11:43:23,5081.1,0
2021-06-24 11:43:29,5082.05,0
2021-06-24 11:43:50,5080.65,0
2021-06-24 11:43:51,5080.1,0
2021-06-24 11:43:57,5079.5,0
2021-06-24 11:43:59,5080.2,0
2021-06-24 11:44:00,5080.1,0
2021-06-24 11:44:03,5080.0,0
2021-06-24 11:44:04,5080.1,0
2021-06-24 11:44:07,5080.35,0
2021-06-24 11:44:08,5080.55,0
2021-06-24 11:44:09,5080.5,0
2021-06-24 11:44:10,5080.5,0
2021-06-24 11:44:12,5080.65,0
2021-06-24 11:44:17,5079.95,0
2021-06-24 11:44:18,5080.1,0
2021-06-24 11:44:21,5080.05,0
2021-06-24 11:44:26,5079.95,0
2021-06-24 11:44:27,5080.35,0
2021-06-24 11:44:28,5080.05,0
2021-06-24 11:44:31,5079.75,0
2021-06-24 11:44:33,5079.8,0
2021-06-24 11:44:35,5080.05,0
2021-06-24 11:44:38,5079.75,0
2021-06-24 11:44:41,5079.5,0
2021-06-24 11:44:42,5079.5,0
2021-06-24 11:44:56,5078.65,0
2021-06-24 11:44:58,5078.55,0
2021-06-24 11:44:59,5078.5,0
2021-06-24 11:45:03,5078.4,0
2021-06-24 11:45:07,5078.55,0
2021-06-24 11:45:10,5077.7,0
2021-06-24 11:45:11,5077.75,0
2021-06-24 11:45:13,5077.0,0
2021-06-24 11:45:16,5078.2,0
2021-06-24 11:45:18,5078.4,0
2021-06-24 11:45:19,5078.75,0
2021-06-24 11:45:23,5078.2,0
2021-06-24 11:45:28,5078.65,0
2021-06-24 11:45:29,5078.75,0
2021-06-24 11:45:30,5078.65,0
2021-06-24 11:45:31,5078.1,0
2021-06-24 11:45:32,5078.15,0
2021-06-24 11:45:35,5078.3,0
2021-06-24 11:45:37,5078.0,0
2021-06-24 11:45:39,5078.75,0
2021-06-24 11:45:40,5078.2,0
2021-06-24 11:45:43,5077.85,0
2021-06-24 11:45:46,5077.65,0
2021-06-24 11:45:53,5077.85,0
2021-06-24 11:45:54,5077.55,0
2021-06-24 11:45:59,5077.05,0
2021-06-24 11:46:05,5076.85,0
2021-06-24 11:46:06,5077.0,0
2021-06-24 11:46:07,5077.65,0
2021-06-24 11:46:11,5077.4,0
2021-06-24 11:46:14,5077.75,0
2021-06-24 11:46:15,5077.7,0
2021-06-24 11:46:16,5077.55,0
2021-06-24 11:46:17,5077.6,0
2021-06-24 11:46:20,5078.0,0
2021-06-24 11:46:24,5077.5,0
2021-06-24 11:46:27,5077.9,0
2021-06-24 11:46:30,5077.95,0
2021-06-24 11:46:31,5078.05,0
2021-06-24 11:46:34,5078.7,0
2021-06-24 11:46:35,5078.65,0
2021-06-24 11:46:36,5078.8,0
2021-06-24 11:46:37,5078.9,0
2021-06-24 11:46:40,5079.15,0
2021-06-24 11:46:41,5079.25,0
2021-06-24 11:46:42,5078.95,0
2021-06-24 11:46:50,5078.7,0
2021-06-24 11:46:55,5079.0,0
2021-06-24 11:46:57,5079.1,0
2021-06-24 11:46:58,5079.45,0
2021-06-24 11:46:59,5079.65,0
2021-06-24 11:47:01,5079.45,0
2021-06-24 11:47:03,5079.35,0
2021-06-24 11:47:06,5079.35,0
2021-06-24 11:47:07,5079.8,0
2021-06-24 11:47:08,5079.4,0
2021-06-24 11:47:11,5079.8,0
2021-06-24 11:47:12,5079.6,0
2021-06-24 11:47:13,5079.7,0
2021-06-24 11:47:14,5080.0,0
2021-06-24 11:47:16,5080.0,0
2021-06-24 11:47:19,5080.5,0
2021-06-24 11:47:20,5081.1,0
2021-06-24 11:47:21,5080.85,0
2021-06-24 11:47:22,5080.15,0
2021-06-24 11:47:27,5080.85,0
2021-06-24 11:47:28,5081.05,0
2021-06-24 11:47:30,5081.05,0
2021-06-24 11:47:31,5080.8,0
2021-06-24 11:47:32,5081.25,0
2021-06-24 11:47:39,5080.8,0
2021-06-24 11:47:42,5080.75,0
2021-06-24 11:47:45,5081.35,0
2021-06-24 11:47:49,5081.55,0
2021-06-24 11:47:51,5081.25,0
2021-06-24 11:47:54,5081.5,0
2021-06-24 11:47:55,5081.85,0
2021-06-24 11:47:58,5082.5,0
2021-06-24 11:48:06,5081.9,0
2021-06-24 11:48:07,5082.0,0
2021-06-24 11:48:09,5082.2,0
2021-06-24 11:48:10,5082.25,0
2021-06-24 11:48:11,5082.25,0
2021-06-24 11:48:12,5082.45,0
2021-06-24 11:48:16,5082.35,0
2021-06-24 11:48:20,5081.65,0
2021-06-24 11:48:21,5082.3,0
2021-06-24 11:48:24,5081.45,0
2021-06-24 11:48:26,5080.6,0
2021-06-24 11:48:29,5081.2,0
2021-06-24 11:48:32,5081.4,0
2021-06-24 11:48:33,5081.45,0
2021-06-24 11:48:34,5081.2,0
2021-06-24 11:48:36,5081.3,0
2021-06-24 11:48:49,5082.75,0
2021-06-24 11:48:51,5082.45,0
2021-06-24 11:48:52,5082.3,0
2021-06-24 11:48:55,5081.6,0
2021-06-24 11:48:56,5081.6,0
2021-06-24 11:48:59,5081.5,0
2021-06-24 11:49:00,5080.95,0
2021-06-24 11:49:01,5080.7,0
2021-06-24 11:49:03,5080.6,0
2021-06-24 11:49:06,5081.2,0
2021-06-24 11:49:10,5080.75,0
2021-06-24 11:49:11,5080.85,0
2021-06-24 11:49:13,5080.7,0
2021-06-24 11:49:14,5080.6,0
2021-06-24 11:49:15,5080.8,0
2021-06-24 11:49:18,5081.3,0
2021-06-24 11:49:24,5080.9,0
2021-06-24 11:49:27,5080.75,0
2021-06-24 11:49:29,5080.3,0
2021-06-24 11:49:30,5080.2,0
2021-06-24 11:49:31,5080.15,0
2021-06-24 11:49:32,5080.2,0
2021-06-24 11:49:39,5080.4,0
2021-06-24 11:49:41,5080.4,0
2021-06-24 11:49:43,5080.7,0
2021-06-24 11:49:45,5080.7,0
2021-06-24 11:49:48,5080.3,0
2021-06-24 11:49:49,5080.45,0
2021-06-24 11:49:51,5080.5,0
2021-06-24 11:49:52,5079.75,0
2021-06-24 11:49:55,5080.25,0
2021-06-24 11:49:56,5080.0,0
2021-06-24 11:49:57,5080.0,0
2021-06-24 11:50:02,5080.05,0
2021-06-24 11:50:03,5081.15,0
2021-06-24 11:50:08,5080.8,0
2021-06-24 11:50:09,5080.4,0
2021-06-24 11:50:12,5080.25,0
2021-06-24 11:50:14,5079.9,0
2021-06-24 11:50:22,5080.45,0
2021-06-24 11:50:25,5081.2,0
2021-06-24 11:50:30,5081.55,0
2021-06-24 11:50:32,5080.9,0
2021-06-24 11:50:34,5079.35,0
2021-06-24 11:50:35,5078.85,0
2021-06-24 11:50:36,5079.15,0
2021-06-24 11:50:38,5078.75,0
2021-06-24 11:50:40,5079.0,0
2021-06-24 11:50:41,5078.75,0
2021-06-24 11:50:42,5079.0,0
2021-06-24 11:50:44,5079.25,0
2021-06-24 11:50:45,5079.45,0
2021-06-24 11:50:46,5079.7,0
2021-06-24 11:50:47,5079.6,0
2021-06-24 11:50:49,5079.05,0
2021-06-24 11:50:51,5079.05,0
2021-06-24 11:50:52,5078.75,0
2021-06-24 11:50:55,5078.45,0
2021-06-24 11:50:57,5078.4,0
2021-06-24 11:51:00,5079.05,0
2021-06-24 11:51:01,5079.1,0
2021-06-24 11:51:03,5078.6,0
2021-06-24 11:51:04,5078.5,0
2021-06-24 11:51:10,5078.7,0
2021-06-24 11:51:13,5078.85,0
2021-06-24 11:51:14,5078.9,0
2021-06-24 11:51:15,5079.0,0
2021-06-24 11:51:17,5078.5,0
2021-06-24 11:51:18,5078.75,0
2021-06-24 11:51:21,5079.0,0
2021-06-24 11:51:22,5079.4,0
2021-06-24 11:51:25,5078.9,0
2021-06-24 11:51:28,5079.25,0
2021-06-24 11:51:30,5079.1,0
2021-06-24 11:51:38,5079.55,0
2021-06-24 11:51:39,5079.5,0
2021-06-24 11:51:40,5079.4,0
2021-06-24 11:51:41,5079.4,0
2021-06-24 11:51:43,5079.35,0
2021-06-24 11:51:44,5079.15,0
2021-06-24 11:51:45,5079.2,0
2021-06-24 11:51:48,5079.55,0
2021-06-24 11:51:50,5079.65,0
2021-06-24 11:51:52,5079.65,0
2021-06-24 11:51:56,5080.3,0
2021-06-24 11:52:14,5080.6,0
2021-06-24 11:52:15,5080.95,0
2021-06-24 11:52:16,5081.0,0
2021-06-24 11:52:19,5081.5,0
2021-06-24 11:52:21,5080.6,0
2021-06-24 11:52:25,5079.95,0
2021-06-24 11:52:27,5080.0,0
2021-06-24 11:52:28,5080.0,0
2021-06-24 11:52:31,5078.45,0
2021-06-24 11:52:32,5078.7,0
2021-06-24 11:52:34,5079.15,0
2021-06-24 11:52:35,5078.85,0
2021-06-24 11:52:37,5079.0,0
2021-06-24 11:52:41,5079.7,0
2021-06-24 11:52:42,5079.3,0
2021-06-24 11:52:46,5079.45,0
2021-06-24 11:52:48,5079.25,0
2021-06-24 11:52:49,5079.1,0
2021-06-24 11:52:50,5079.1,0
2021-06-24 11:52:51,5079.1,0
2021-06-24 11:52:58,5078.85,0
2021-06-24 11:52:59,5078.85,0
2021-06-24 11:53:00,5078.55,0
2021-06-24 11:53:01,5079.2,0
2021-06-24 11:53:07,5079.4,0
2021-06-24 11:53:08,5079.1,0
2021-06-24 11:53:10,5079.5,0
2021-06-24 11:53:12,5079.6,0
2021-06-24 11:53:13,5079.95,0
2021-06-24 11:53:19,5082.5,0
2021-06-24 11:53:22,5082.05,0
2021-06-24 11:53:24,5082.15,0
2021-06-24 11:53:29,5081.0,0
2021-06-24 11:53:32,5081.9,0
2021-06-24 11:53:34,5081.55,0
2021-06-24 11:53:36,5082.45,0
2021-06-24 11:53:37,5082.55,0
2021-06-24 11:53:39,5082.5,0
2021-06-24 11:53:40,5082.3,0
2021-06-24 11:53:41,5082.5,0
2021-06-24 11:53:42,5082.5,0
2021-06-24 11:53:43,5082.7,0
2021-06-24 11:53:44,5083.55,0
2021-06-24 11:53:45,5083.25,0
2021-06-24 11:53:48,5083.1,0
2021-06-24 11:53:49,5082.9,0
2021-06-24 11:53:50,5082.9,0
2021-06-24 11:53:51,5083.05,0
2021-06-24 11:53:55,5082.4,0
2021-06-24 11:53:57,5081.9,0
2021-06-24 11:53:59,5082.35,0
2021-06-24 11:54:00,5082.2,0
2021-06-24 11:54:05,5084.1,0
2021-06-24 11:54:06,5084.15,0
2021-06-24 11:54:12,5085.55,0
2021-06-24 11:54:16,5086.1,0
2021-06-24 11:54:23,5087.2,0
2021-06-24 11:54:24,5087.1,0
2021-06-24 11:54:25,5086.55,0
2021-06-24 11:54:28,5086.65,0
2021-06-24 11:54:29,5086.85,0
2021-06-24 11:54:30,5086.95,0
2021-06-24 11:54:35,5086.35,0
2021-06-24 11:54:36,5087.2,0
2021-06-24 11:54:44,5088.7,0
2021-06-24 11:54:48,5089.05,0
2021-06-24 11:54:53,5089.45,0
2021-06-24 11:54:54,5089.4,0
2021-06-24 11:54:56,5089.85,0
2021-06-24 11:54:58,5089.95,0
2021-06-24 11:55:00,5090.25,0
2021-06-24 11:55:01,5089.3,0
2021-06-24 11:55:03,5088.95,0
2021-06-24 11:55:04,5089.05,0
2021-06-24 11:55:08,5088.2,0
2021-06-24 11:55:10,5087.9,0
2021-06-24 11:55:13,5088.65,0
2021-06-24 11:55:18,5089.25,0
2021-06-24 11:55:19,5089.15,0
2021-06-24 11:55:21,5089.4,0
2021-06-24 11:55:24,5089.6,0
2021-06-24 11:55:26,5089.1,0
2021-06-24 11:55:29,5088.35,0
2021-06-24 11:55:30,5087.85,0
2021-06-24 11:55:34,5087.9,0
2021-06-24 11:55:36,5088.6,0
2021-06-24 11:55:37,5088.2,0
2021-06-24 11:55:41,5088.35,0
2021-06-24 11:55:42,5088.45,0
2021-06-24 11:55:44,5087.3,0
2021-06-24 11:55:46,5087.3,0
2021-06-24 11:55:47,5087.85,0
2021-06-24 11:55:48,5088.1,0
2021-06-24 11:55:49,5088.4,0
2021-06-24 11:55:50,5088.25,0
2021-06-24 11:55:53,5088.85,0
2021-06-24 11:55:56,5088.6,0
2021-06-24 11:55:58,5088.9,0
2021-06-24 11:56:00,5088.7,0
2021-06-24 11:56:01,5088.0,0
2021-06-24 11:56:02,5088.2,0
2021-06-24 11:56:03,5088.45,0
2021-06-24 11:56:05,5087.9,0
2021-06-24 11:56:07,5088.15,0
2021-06-24 11:56:08,5088.65,0
2021-06-24 11:56:16,5088.05,0
2021-06-24 11:56:17,5087.9,0
2021-06-24 11:56:19,5087.65,0
2021-06-24 11:56:22,5088.1,0
2021-06-24 11:56:23,5088.6,0
2021-06-24 11:56:24,5088.65,0
2021-06-24 11:56:25,5088.75,0
2021-06-24 11:56:26,5088.4,0
2021-06-24 11:56:31,5088.35,0
2021-06-24 11:56:32,5088.55,0
2021-06-24 11:56:36,5088.6,0
2021-06-24 11:56:38,5088.5,0
2021-06-24 11:56:41,5088.45,0
2021-06-24 11:56:43,5088.45,0
2021-06-24 11:56:44,5088.15,0
2021-06-24 11:56:47,5088.4,0
2021-06-24 11:56:49,5087.75,0
2021-06-24 11:56:53,5087.75,0
2021-06-24 11:56:54,5087.95,0
2021-06-24 11:56:56,5087.95,0
2021-06-24 11:56:59,5087.75,0
2021-06-24 11:57:01,5087.8,0
2021-06-24 11:57:03,5087.45,0
2021-06-24 11:57:04,5087.35,0
2021-06-24 11:57:07,5087.6,0
2021-06-24 11:57:08,5087.55,0
2021-06-24 11:57:10,5087.7,0
2021-06-24 11:57:11,5087.3,0
2021-06-24 11:57:12,5087.35,0
2021-06-24 11:57:13,5087.3,0
2021-06-24 11:57:19,5086.95,0
2021-06-24 11:57:23,5087.8,0
2021-06-24 11:57:26,5086.65,0
2021-06-24 11:57:27,5087.05,0
2021-06-24 11:57:29,5087.35,0
2021-06-24 11:57:31,5087.0,0
2021-06-24 11:57:34,5087.45,0
2021-06-24 11:57:36,5088.3,0
2021-06-24 11:57:37,5088.55,0
2021-06-24 11:57:38,5087.85,0
2021-06-24 11:57:44,5087.85,0
2021-06-24 11:57:48,5087.5,0
2021-06-24 11:57:49,5087.6,0
2021-06-24 11:57:51,5087.45,0
2021-06-24 11:57:54,5087.25,0
2021-06-24 11:57:56,5087.65,0
2021-06-24 11:57:57,5087.85,0
2021-06-24 11:58:00,5087.65,0
2021-06-24 11:58:06,5086.85,0
2021-06-24 11:58:09,5087.25,0
2021-06-24 11:58:10,5087.25,0
2021-06-24 11:58:12,5086.8,0
2021-06-24 11:58:13,5086.75,0
2021-06-24 11:58:14,5087.15,0
2021-06-24 11:58:17,5086.8,0
2021-06-24 11:58:20,5086.85,0
2021-06-24 11:58:21,5086.8,0
2021-06-24 11:58:25,5086.05,0
2021-06-24 11:58:26,5086.0,0
2021-06-24 11:58:27,5086.0,0
2021-06-24 11:58:38,5086.1,0
2021-06-24 11:58:39,5086.65,0
2021-06-24 11:58:41,5086.15,0
2021-06-24 11:58:43,5085.95,0
2021-06-24 11:58:45,5086.05,0
2021-06-24 11:58:46,5086.6,0
2021-06-24 11:58:47,5085.85,0
2021-06-24 11:58:53,5086.6,0
2021-06-24 11:58:54,5086.1,0
2021-06-24 11:58:56,5086.45,0
2021-06-24 11:58:57,5086.25,0
2021-06-24 11:59:01,5086.25,0
2021-06-24 11:59:04,5086.15,0
2021-06-24 11:59:07,5086.15,0
2021-06-24 11:59:10,5084.8,0
2021-06-24 11:59:12,5084.9,0
2021-06-24 11:59:15,5085.65,0
2021-06-24 11:59:17,5085.55,0
2021-06-24 11:59:18,5085.7,0
2021-06-24 11:59:20,5085.6,0
2021-06-24 11:59:21,5086.2,0
2021-06-24 11:59:22,5085.65,0
2021-06-24 11:59:24,5085.35,0
2021-06-24 11:59:25,5085.45,0
2021-06-24 11:59:26,5086.2,0
2021-06-24 11:59:27,5086.0,0
2021-06-24 11:59:29,5086.7,0
2021-06-24 11:59:30,5086.55,0
2021-06-24 11:59:31,5086.5,0
2021-06-24 11:59:32,5087.4,0
2021-06-24 11:59:34,5087.3,0
2021-06-24 11:59:43,5086.35,0
2021-06-24 11:59:51,5086.05,0
2021-06-24 11:59:53,5085.95,0
2021-06-24 12:00:05,5087.3,0
2021-06-24 12:00:06,5087.1,0
2021-06-24 12:00:09,5088.2,0
2021-06-24 12:00:10,5088.2,0
2021-06-24 12:00:15,5087.1,0
2021-06-24 12:00:16,5087.2,0
2021-06-24 12:00:22,5087.15,0
2021-06-24 12:00:23,5087.15,0
2021-06-24 12:00:25,5087.75,0
2021-06-24 12:00:32,5088.6,0
2021-06-24 12:00:34,5088.1,0
2021-06-24 12:00:37,5088.25,0
2021-06-24 12:00:45,5087.9,0
2021-06-24 12:00:47,5088.25,0
2021-06-24 12:00:49,5088.2,0
2021-06-24 12:00:55,5088.8,0
2021-06-24 12:01:01,5088.9,0
2021-06-24 12:01:03,5089.1,0
2021-06-24 12:01:09,5089.5,0
2021-06-24 12:01:11,5088.7,0
2021-06-24 12:01:16,5089.45,0
2021-06-24 12:01:17,5089.15,0
2021-06-24 12:01:18,5089.3,0
2021-06-24 12:01:20,5088.5,0
2021-06-24 12:01:21,5089.1,0
2021-06-24 12:01:22,5089.4,0
2021-06-24 12:01:27,5089.65,0
2021-06-24 12:01:29,5089.0,0
2021-06-24 12:01:34,5089.2,0
2021-06-24 12:01:35,5089.8,0
2021-06-24 12:01:37,5090.1,0
2021-06-24 12:01:41,5090.15,0
2021-06-24 12:01:42,5089.9,0
2021-06-24 12:01:45,5090.35,0
2021-06-24 12:01:49,5090.8,0
2021-06-24 12:01:50,5091.15,0
2021-06-24 12:01:52,5091.75,0
2021-06-24 12:01:56,5091.0,0
2021-06-24 12:01:57,5091.2,0
2021-06-24 12:02:04,5091.7,0
2021-06-24 12:02:06,5092.3,0
2021-06-24 12:02:12,5091.9,0
2021-06-24 12:02:18,5091.8,0
2021-06-24 12:02:21,5091.45,0
2021-06-24 12:02:24,5091.75,0
2021-06-24 12:02:30,5092.8,0
2021-06-24 12:02:32,5091.8,0
2021-06-24 12:02:39,5092.9,0
2021-06-24 12:02:42,5093.15,0
2021-06-24 12:02:44,5092.7,0
2021-06-24 12:02:46,5092.95,0
2021-06-24 12:02:47,5092.8,0
2021-06-24 12:02:49,5092.85,0
2021-06-24 12:02:51,5092.4,0
2021-06-24 12:02:52,5092.4,0
2021-06-24 12:02:54,5092.85,0
2021-06-24 12:02:55,5092.9,0
2021-06-24 12:02:58,5093.2,0
2021-06-24 12:03:01,5093.6,0
2021-06-24 12:03:03,5093.65,0
2021-06-24 12:03:05,5093.65,0
2021-06-24 12:03:08,5093.25,0
2021-06-24 12:03:10,5093.55,0
2021-06-24 12:03:11,5093.3,0
2021-06-24 12:03:13,5093.5,0
2021-06-24 12:03:20,5093.0,0
2021-06-24 12:03:23,5093.45,0
2021-06-24 12:03:26,5093.2,0
2021-06-24 12:03:27,5093.7,0
2021-06-24 12:03:28,5093.35,0
2021-06-24 12:03:32,5094.15,0
2021-06-24 12:03:33,5094.45,0
2021-06-24 12:03:36,5094.75,0
2021-06-24 12:03:37,5093.9,0
2021-06-24 12:03:41,5094.0,0
2021-06-24 12:03:42,5094.45,0
2021-06-24 12:03:49,5092.25,0
2021-06-24 12:03:50,5091.85,0
2021-06-24 12:03:52,5091.7,0
2021-06-24 12:03:53,5091.9,0
2021-06-24 12:03:54,5091.6,0
2021-06-24 12:03:56,5091.6,0
2021-06-24 12:03:58,5091.65,0
2021-06-24 12:03:59,5091.55,0
2021-06-24 12:04:00,5092.2,0
2021-06-24 12:04:03,5091.5,0
2021-06-24 12:04:11,5091.65,0
2021-06-24 12:04:13,5092.1,0
2021-06-24 12:04:16,5092.95,0
2021-06-24 12:04:20,5092.2,0
2021-06-24 12:04:24,5092.4,0
2021-06-24 12:04:29,5092.4,0
2021-06-24 12:04:30,5092.55,0
2021-06-24 12:04:31,5092.6,0
2021-06-24 12:04:32,5092.8,0
2021-06-24 12:04:33,5092.45,0
2021-06-24 12:04:34,5092.85,0
2021-06-24 12:04:36,5093.1,0
2021-06-24 12:04:37,5092.55,0
2021-06-24 12:04:38,5092.45,0
2021-06-24 12:04:40,5092.1,0
2021-06-24 12:04:42,5092.45,0
2021-06-24 12:04:43,5092.45,0
2021-06-24 12:04:45,5093.05,0
2021-06-24 12:04:48,5093.1,0
2021-06-24 12:04:49,5092.35,0
2021-06-24 12:04:56,5092.2,0
2021-06-24 12:04:57,5092.05,0
2021-06-24 12:04:58,5092.45,0
2021-06-24 12:04:59,5092.35,0
2021-06-24 12:05:01,5092.0,0
2021-06-24 12:05:06,5092.05,0
2021-06-24 12:05:07,5092.25,0
2021-06-24 12:05:08,5092.55,0
2021-06-24 12:05:09,5092.4,0
2021-06-24 12:05:10,5092.4,0
2021-06-24 12:05:14,5092.15,0
2021-06-24 12:05:16,5092.3,0
2021-06-24 12:05:17,5092.5,0
2021-06-24 12:05:19,5092.95,0
2021-06-24 12:05:20,5092.7,0
2021-06-24 12:05:21,5092.7,0
2021-06-24 12:05:26,5092.75,0
2021-06-24 12:05:34,5093.25,0
2021-06-24 12:05:36,5092.85,0
2021-06-24 12:05:37,5092.7,0
2021-06-24 12:05:38,5093.15,0
2021-06-24 12:05:40,5092.65,0
2021-06-24 12:05:41,5092.4,0
2021-06-24 12:05:45,5092.5,0
2021-06-24 12:05:46,5092.65,0
2021-06-24 12:05:49,5092.75,0
2021-06-24 12:05:59,5092.6,0
2021-06-24 12:06:02,5092.6,0
2021-06-24 12:06:03,5092.35,0
2021-06-24 12:06:05,5092.45,0
2021-06-24 12:06:06,5092.5,0
2021-06-24 12:06:07,5092.45,0
2021-06-24 12:06:08,5092.0,0
2021-06-24 12:06:11,5092.15,0
2021-06-24 12:06:13,5092.4,0
2021-06-24 12:06:18,5092.5,0
2021-06-24 12:06:22,5091.65,0
2021-06-24 12:06:25,5092.55,0
2021-06-24 12:06:30,5092.8,0
2021-06-24 12:06:32,5092.6,0
2021-06-24 12:06:33,5092.5,0
2021-06-24 12:06:34,5092.4,0
2021-06-24 12:06:36,5092.35,0
2021-06-24 12:06:38,5092.4,0
2021-06-24 12:06:39,5092.2,0
2021-06-24 12:06:43,5091.8,0
2021-06-24 12:06:45,5092.6,0
2021-06-24 12:06:46,5092.4,0
2021-06-24 12:06:47,5092.05,0
2021-06-24 12:06:49,5092.3,0
2021-06-24 12:06:52,5091.85,0
2021-06-24 12:06:53,5092.0,0
2021-06-24 12:06:54,5091.55,0
2021-06-24 12:06:55,5091.9,0
2021-06-24 12:07:01,5092.2,0
2021-06-24 12:07:12,5091.95,0
2021-06-24 12:07:13,5091.4,0
2021-06-24 12:07:14,5091.4,0
2021-06-24 12:07:18,5091.0,0
2021-06-24 12:07:24,5089.65,0
2021-06-24 12:07:25,5090.25,0
2021-06-24 12:07:26,5089.9,0
2021-06-24 12:07:28,5089.9,0
2021-06-24 12:07:37,5089.55,0
2021-06-24 12:07:38,5090.0,0
2021-06-24 12:07:39,5090.5,0
2021-06-24 12:07:41,5091.7,0
2021-06-24 12:07:42,5091.7,0
2021-06-24 12:07:45,5092.45,0
2021-06-24 12:07:46,5092.45,0
2021-06-24 12:07:49,5092.25,0
2021-06-24 12:07:50,5091.9,0
2021-06-24 12:07:52,5091.95,0
2021-06-24 12:07:56,5092.2,0
2021-06-24 12:07:58,5092.1,0
2021-06-24 12:07:59,5092.35,0
2021-06-24 12:08:00,5091.9,0
2021-06-24 12:08:03,5091.85,0
2021-06-24 12:08:06,5092.35,0
2021-06-24 12:08:07,5092.25,0
2021-06-24 12:08:13,5091.85,0
2021-06-24 12:08:14,5090.95,0
2021-06-24 12:08:17,5091.2,0
2021-06-24 12:08:18,5091.9,0
2021-06-24 12:08:20,5092.45,0
2021-06-24 12:08:26,5090.95,0
2021-06-24 12:08:33,5090.9,0
2021-06-24 12:08:48,5091.55,0
2021-06-24 12:08:49,5091.55,0
2021-06-24 12:08:50,5091.7,0
2021-06-24 12:08:53,5092.25,0
2021-06-24 12:09:00,5092.2,0
2021-06-24 12:09:02,5092.0,0
2021-06-24 12:09:06,5092.05,0
2021-06-24 12:09:11,5092.45,0
2021-06-24 12:09:12,5092.35,0
2021-06-24 12:09:14,5092.1,0
2021-06-24 12:09:15,5092.65,0
2021-06-24 12:09:23,5092.45,0
2021-06-24 12:09:25,5092.5,0
2021-06-24 12:09:28,5092.95,0
2021-06-24 12:09:30,5092.85,0
2021-06-24 12:09:31,5092.7,0
2021-06-24 12:09:35,5092.9,0
2021-06-24 12:09:38,5092.35,0
2021-06-24 12:09:45,5091.9,0
2021-06-24 12:09:50,5092.25,0
2021-06-24 12:09:53,5091.95,0
2021-06-24 12:09:56,5092.1,0
2021-06-24 12:09:57,5092.2,0
2021-06-24 12:10:01,5092.35,0
2021-06-24 12:10:02,5091.6,0
2021-06-24 12:10:03,5092.05,0
2021-06-24 12:10:04,5092.5,0
2021-06-24 12:10:05,5092.65,0
2021-06-24 12:10:12,5092.6,0
2021-06-24 12:10:13,5092.7,0
2021-06-24 12:10:15,5092.55,0
2021-06-24 12:10:18,5092.8,0
2021-06-24 12:10:22,5093.0,0
2021-06-24 12:10:24,5094.7,0
2021-06-24 12:10:25,5094.2,0
2021-06-24 12:10:26,5094.4,0
2021-06-24 12:10:29,5094.6,0
2021-06-24 12:10:33,5095.5,0
2021-06-24 12:10:35,5095.55,0
2021-06-24 12:10:36,5096.15,0
2021-06-24 12:10:41,5096.75,0
2021-06-24 12:10:43,5097.65,0
2021-06-24 12:10:46,5098.35,0
2021-06-24 12:10:48,5098.45,0
2021-06-24 12:10:51,5098.9,0
2021-06-24 12:10:54,5099.75,0
2021-06-24 12:10:57,5099.95,0
2021-06-24 12:11:02,5100.85,0
2021-06-24 12:11:08,5101.9,0
2021-06-24 12:11:10,5102.35,0
2021-06-24 12:11:14,5102.3,0
2021-06-24 12:11:15,5102.8,0
2021-06-24 12:11:16,5102.6,0
2021-06-24 12:11:17,5103.05,0
2021-06-24 12:11:18,5102.75,0
2021-06-24 12:11:20,5104.55,0
2021-06-24 12:11:21,5105.35,0
2021-06-24 12:11:28,5108.05,0
2021-06-24 12:11:33,5107.45,0
2021-06-24 12:11:38,5106.25,0
2021-06-24 12:11:40,5105.15,0
2021-06-24 12:11:41,5104.9,0
2021-06-24 12:11:42,5105.35,0
2021-06-24 12:11:45,5104.75,0
2021-06-24 12:11:46,5103.75,0
2021-06-24 12:11:47,5104.2,0
2021-06-24 12:11:48,5104.4,0
2021-06-24 12:11:49,5104.5,0
2021-06-24 12:11:50,5104.95,0
2021-06-24 12:11:51,5104.25,0
2021-06-24 12:11:52,5104.15,0
2021-06-24 12:11:53,5104.55,0
2021-06-24 12:11:58,5103.1,0
2021-06-24 12:12:07,5106.1,0
2021-06-24 12:12:10,5106.1,0
2021-06-24 12:12:13,5105.2,0
2021-06-24 12:12:14,5105.5,0
2021-06-24 12:12:22,5107.35,0
2021-06-24 12:12:25,5107.3,0
2021-06-24 12:12:31,5106.1,0
2021-06-24 12:12:34,5105.35,0
2021-06-24 12:12:38,5105.9,0
2021-06-24 12:12:41,5105.1,0
2021-06-24 12:12:45,5104.9,0
2021-06-24 12:12:49,5104.25,0
