timestamp,ltp,volume
2021-06-24 09:34:39,34734.55,0
2021-06-24 09:34:41,34738.45,0
2021-06-24 09:34:42,34738.1,0
2021-06-24 09:34:43,34740.1,0
2021-06-24 09:34:44,34737.05,0
2021-06-24 09:34:47,34738.8,0
2021-06-24 09:34:48,34737.9,0
2021-06-24 09:34:50,34731.7,0
2021-06-24 09:34:51,34736.85,0
2021-06-24 09:34:52,34739.7,0
2021-06-24 09:34:53,34738.4,0
2021-06-24 09:34:55,34734.65,0
2021-06-24 09:34:56,34737.8,0
2021-06-24 09:34:57,34738.5,0
2021-06-24 09:34:58,34737.65,0
2021-06-24 09:34:59,34737.85,0
2021-06-24 09:35:00,34732.8,0
2021-06-24 09:35:01,34737.4,0
2021-06-24 09:35:03,34737.45,0
2021-06-24 09:35:04,34739.2,0
2021-06-24 09:35:05,34740.35,0
2021-06-24 09:35:06,34737.3,0
2021-06-24 09:35:07,34739.35,0
2021-06-24 09:35:08,34737.0,0
2021-06-24 09:35:10,34733.55,0
2021-06-24 09:35:11,34733.5,0
2021-06-24 09:35:12,34738.1,0
2021-06-24 09:35:13,34735.8,0
2021-06-24 09:35:14,34735.0,0
2021-06-24 09:35:15,34735.0,0
2021-06-24 09:35:17,34735.3,0
2021-06-24 09:35:18,34735.45,0
2021-06-24 09:35:20,34730.9,0
2021-06-24 09:35:21,34735.4,0
2021-06-24 09:35:22,34735.8,0
2021-06-24 09:35:23,34735.75,0
2021-06-24 09:35:24,34729.6,0
2021-06-24 09:35:25,34734.15,0
2021-06-24 09:35:26,34733.1,0
2021-06-24 09:35:27,34733.45,0
2021-06-24 09:35:28,34730.65,0
2021-06-24 09:35:29,34729.7,0
2021-06-24 09:35:30,34727.85,0
2021-06-24 09:35:31,34726.85,0
2021-06-24 09:35:33,34726.9,0
2021-06-24 09:35:34,34727.7,0
2021-06-24 09:35:35,34731.6,0
2021-06-24 09:35:36,34727.85,0
2021-06-24 09:35:37,34724.55,0
2021-06-24 09:35:38,34726.9,0
2021-06-24 09:35:39,34726.6,0
2021-06-24 09:35:40,34727.1,0
2021-06-24 09:35:41,34722.3,0
2021-06-24 09:35:42,34723.75,0
2021-06-24 09:35:43,34723.75,0
2021-06-24 09:35:44,34721.8,0
2021-06-24 09:35:46,34725.95,0
2021-06-24 09:35:47,34723.15,0
2021-06-24 09:35:48,34722.55,0
2021-06-24 09:35:50,34721.85,0
2021-06-24 09:35:52,34723.85,0
2021-06-24 09:35:53,34722.25,0
2021-06-24 09:35:54,34728.2,0
2021-06-24 09:35:55,34723.5,0
2021-06-24 09:35:56,34723.45,0
2021-06-24 09:35:57,34723.15,0
2021-06-24 09:35:58,34724.35,0
2021-06-24 09:35:59,34724.9,0
2021-06-24 09:36:00,34724.9,0
2021-06-24 09:36:02,34724.5,0
2021-06-24 09:36:03,34728.35,0
2021-06-24 09:36:04,34729.55,0
2021-06-24 09:36:05,34729.05,0
2021-06-24 09:36:06,34727.05,0
2021-06-24 09:36:07,34729.7,0
2021-06-24 09:36:08,34731.2,0
2021-06-24 09:36:09,34731.2,0
2021-06-24 09:36:10,34727.45,0
2021-06-24 09:36:11,34733.15,0
2021-06-24 09:36:12,34730.9,0
2021-06-24 09:36:13,34735.25,0
2021-06-24 09:36:14,34736.25,0
2021-06-24 09:36:15,34736.2,0
2021-06-24 09:36:16,34735.4,0
2021-06-24 09:36:17,34735.85,0
2021-06-24 09:36:18,34733.8,0
2021-06-24 09:36:19,34735.3,0
2021-06-24 09:36:20,34736.5,0
2021-06-24 09:36:21,34735.0,0
2021-06-24 09:36:22,34736.05,0
2021-06-24 09:36:24,34738.3,0
2021-06-24 09:36:26,34736.25,0
2021-06-24 09:36:28,34738.1,0
2021-06-24 09:36:29,34745.45,0
2021-06-24 09:36:30,34744.25,0
2021-06-24 09:36:31,34743.2,0
2021-06-24 09:36:32,34742.65,0
2021-06-24 09:36:33,34741.95,0
2021-06-24 09:36:34,34740.0,0
2021-06-24 09:36:35,34737.6,0
2021-06-24 09:36:36,34738.45,0
2021-06-24 09:36:37,34741.05,0
2021-06-24 09:36:38,34739.8,0
2021-06-24 09:36:39,34740.1,0
2021-06-24 09:36:40,34739.1,0
2021-06-24 09:36:41,34739.4,0
2021-06-24 09:36:42,34740.25,0
2021-06-24 09:36:43,34738.05,0
2021-06-24 09:36:44,34743.15,0
2021-06-24 09:36:45,34741.9,0
2021-06-24 09:36:46,34740.75,0
2021-06-24 09:36:49,34746.35,0
2021-06-24 09:36:50,34744.2,0
2021-06-24 09:36:51,34742.65,0
2021-06-24 09:36:52,34744.05,0
2021-06-24 09:36:53,34743.5,0
2021-06-24 09:36:54,34742.75,0
2021-06-24 09:36:55,34741.3,0
2021-06-24 09:36:56,34739.25,0
2021-06-24 09:36:57,34741.8,0
2021-06-24 09:36:58,34741.15,0
2021-06-24 09:36:59,34740.6,0
2021-06-24 09:37:00,34738.05,0
2021-06-24 09:37:01,34740.4,0
2021-06-24 09:37:02,34740.75,0
2021-06-24 09:37:03,34736.6,0
2021-06-24 09:37:04,34736.8,0
2021-06-24 09:37:06,34739.0,0
2021-06-24 09:37:07,34741.4,0
2021-06-24 09:37:09,34740.1,0
2021-06-24 09:37:10,34737.25,0
2021-06-24 09:37:11,34737.0,0
2021-06-24 09:37:13,34738.8,0
2021-06-24 09:37:14,34738.15,0
2021-06-24 09:37:15,34738.1,0
2021-06-24 09:37:16,34735.75,0
2021-06-24 09:37:17,34739.65,0
2021-06-24 09:37:19,34739.0,0
2021-06-24 09:37:20,34738.4,0
2021-06-24 09:37:21,34737.7,0
2021-06-24 09:37:22,34736.2,0
2021-06-24 09:37:23,34737.4,0
2021-06-24 09:37:25,34735.4,0
2021-06-24 09:37:26,34735.15,0
2021-06-24 09:37:27,34736.95,0
2021-06-24 09:37:30,34738.05,0
2021-06-24 09:37:31,34739.25,0
2021-06-24 09:37:32,34737.75,0
2021-06-24 09:37:33,34737.55,0
2021-06-24 09:37:34,34737.0,0
2021-06-24 09:37:35,34738.25,0
2021-06-24 09:37:36,34738.2,0
2021-06-24 09:37:38,34737.9,0
2021-06-24 09:37:39,34738.95,0
2021-06-24 09:37:40,34734.4,0
2021-06-24 09:37:41,34738.85,0
2021-06-24 09:37:42,34739.9,0
2021-06-24 09:37:43,34739.0,0
2021-06-24 09:37:44,34739.05,0
2021-06-24 09:37:45,34738.9,0
2021-06-24 09:37:46,34738.9,0
2021-06-24 09:37:47,34737.7,0
2021-06-24 09:37:48,34739.55,0
2021-06-24 09:37:52,34738.6,0
2021-06-24 09:37:53,34738.05,0
2021-06-24 09:37:54,34736.6,0
2021-06-24 09:37:55,34739.65,0
2021-06-24 09:37:56,34740.0,0
2021-06-24 09:37:57,34740.65,0
2021-06-24 09:37:58,34740.25,0
2021-06-24 09:37:59,34742.45,0
2021-06-24 09:38:01,34741.9,0
2021-06-24 09:38:02,34743.75,0
2021-06-24 09:38:03,34746.75,0
2021-06-24 09:38:04,34743.55,0
2021-06-24 09:38:05,34747.8,0
2021-06-24 09:38:07,34748.95,0
2021-06-24 09:38:08,34749.0,0
2021-06-24 09:38:09,34750.1,0
2021-06-24 09:38:10,34753.25,0
2021-06-24 09:38:11,34752.25,0
2021-06-24 09:38:12,34755.55,0
2021-06-24 09:38:13,34760.05,0
2021-06-24 09:38:14,34759.95,0
2021-06-24 09:38:15,34759.85,0
2021-06-24 09:38:16,34752.75,0
2021-06-24 09:38:17,34760.9,0
2021-06-24 09:38:18,34757.75,0
2021-06-24 09:38:19,34753.55,0
2021-06-24 09:38:20,34754.95,0
2021-06-24 09:38:21,34754.5,0
2021-06-24 09:38:22,34755.05,0
2021-06-24 09:38:23,34756.8,0
2021-06-24 09:38:24,34757.3,0
2021-06-24 09:38:25,34755.9,0
2021-06-24 09:38:26,34758.6,0
2021-06-24 09:38:27,34759.7,0
2021-06-24 09:38:28,34760.25,0
2021-06-24 09:38:30,34761.45,0
2021-06-24 09:38:31,34762.0,0
2021-06-24 09:38:32,34760.45,0
2021-06-24 09:38:33,34763.45,0
2021-06-24 09:38:34,34764.0,0
2021-06-24 09:38:36,34764.1,0
2021-06-24 09:38:37,34765.85,0
2021-06-24 09:38:38,34763.35,0
2021-06-24 09:38:39,34764.3,0
2021-06-24 09:38:41,34765.1,0
2021-06-24 09:38:42,34764.5,0
2021-06-24 09:38:43,34767.3,0
2021-06-24 09:38:44,34763.45,0
2021-06-24 09:38:45,34766.8,0
2021-06-24 09:38:46,34767.6,0
2021-06-24 09:38:47,34767.8,0
2021-06-24 09:38:48,34767.1,0
2021-06-24 09:38:49,34768.15,0
2021-06-24 09:38:50,34768.65,0
2021-06-24 09:38:51,34769.2,0
2021-06-24 09:38:52,34767.65,0
2021-06-24 09:38:53,34769.1,0
2021-06-24 09:38:55,34769.15,0
2021-06-24 09:38:56,34768.9,0
2021-06-24 09:38:57,34770.9,0
2021-06-24 09:38:58,34768.7,0
2021-06-24 09:38:59,34767.85,0
2021-06-24 09:39:00,34769.05,0
2021-06-24 09:39:01,34769.9,0
2021-06-24 09:39:02,34764.2,0
2021-06-24 09:39:03,34764.75,0
2021-06-24 09:39:04,34765.85,0
2021-06-24 09:39:05,34764.7,0
2021-06-24 09:39:06,34770.85,0
2021-06-24 09:39:08,34772.6,0
2021-06-24 09:39:09,34772.4,0
2021-06-24 09:39:11,34771.25,0
2021-06-24 09:39:12,34771.5,0
2021-06-24 09:39:14,34773.15,0
2021-06-24 09:39:15,34773.6,0
2021-06-24 09:39:16,34773.55,0
2021-06-24 09:39:17,34772.55,0
2021-06-24 09:39:18,34773.05,0
2021-06-24 09:39:19,34771.3,0
2021-06-24 09:39:20,34774.6,0
2021-06-24 09:39:21,34773.1,0
2021-06-24 09:39:22,34774.7,0
2021-06-24 09:39:23,34774.45,0
2021-06-24 09:39:24,34775.8,0
2021-06-24 09:39:26,34776.1,0
2021-06-24 09:39:27,34777.45,0
2021-06-24 09:39:28,34779.4,0
2021-06-24 09:39:29,34778.35,0
2021-06-24 09:39:31,34776.6,0
2021-06-24 09:39:32,34776.75,0
2021-06-24 09:39:34,34778.35,0
2021-06-24 09:39:35,34776.85,0
2021-06-24 09:39:36,34778.3,0
2021-06-24 09:39:37,34776.9,0
2021-06-24 09:39:38,34773.75,0
2021-06-24 09:39:39,34775.6,0
2021-06-24 09:39:40,34772.5,0
2021-06-24 09:39:42,34778.05,0
2021-06-24 09:39:43,34781.05,0
2021-06-24 09:39:44,34778.65,0
2021-06-24 09:39:45,34776.8,0
2021-06-24 09:39:46,34776.4,0
2021-06-24 09:39:48,34779.9,0
2021-06-24 09:39:49,34774.45,0
2021-06-24 09:39:50,34778.3,0
2021-06-24 09:39:51,34780.5,0
2021-06-24 09:39:52,34779.0,0
2021-06-24 09:39:53,34780.3,0
2021-06-24 09:39:54,34780.95,0
2021-06-24 09:39:56,34781.8,0
2021-06-24 09:39:57,34783.1,0
2021-06-24 09:39:58,34781.55,0
2021-06-24 09:39:59,34781.35,0
2021-06-24 09:40:00,34784.8,0
2021-06-24 09:40:01,34780.2,0
2021-06-24 09:40:02,34783.2,0
2021-06-24 09:40:03,34785.2,0
2021-06-24 09:40:04,34777.9,0
2021-06-24 09:40:05,34784.45,0
2021-06-24 09:40:06,34784.15,0
2021-06-24 09:40:07,34787.85,0
2021-06-24 09:40:08,34786.45,0
2021-06-24 09:40:09,34783.3,0
2021-06-24 09:40:11,34783.85,0
2021-06-24 09:40:12,34782.65,0
2021-06-24 09:40:13,34784.35,0
2021-06-24 09:40:14,34780.1,0
2021-06-24 09:40:15,34785.4,0
2021-06-24 09:40:17,34783.9,0
2021-06-24 09:40:19,34779.95,0
2021-06-24 09:40:20,34779.25,0
2021-06-24 09:40:21,34778.05,0
2021-06-24 09:40:22,34779.05,0
2021-06-24 09:40:23,34779.9,0
2021-06-24 09:40:24,34776.45,0
2021-06-24 09:40:25,34776.3,0
2021-06-24 09:40:26,34776.4,0
2021-06-24 09:40:27,34775.8,0
2021-06-24 09:40:28,34774.9,0
2021-06-24 09:40:30,34773.0,0
2021-06-24 09:40:31,34775.1,0
2021-06-24 09:40:32,34772.15,0
2021-06-24 09:40:33,34773.45,0
2021-06-24 09:40:34,34771.3,0
2021-06-24 09:40:36,34769.75,0
2021-06-24 09:40:37,34766.85,0
2021-06-24 09:40:39,34769.3,0
2021-06-24 09:40:40,34768.25,0
2021-06-24 09:40:41,34769.85,0
2021-06-24 09:40:42,34770.5,0
2021-06-24 09:40:43,34769.75,0
2021-06-24 09:40:44,34773.45,0
2021-06-24 09:40:46,34772.05,0
2021-06-24 09:40:48,34776.15,0
2021-06-24 09:40:49,34774.4,0
2021-06-24 09:40:50,34770.35,0
2021-06-24 09:40:51,34769.4,0
2021-06-24 09:40:52,34770.65,0
2021-06-24 09:40:53,34776.65,0
2021-06-24 09:40:54,34775.9,0
2021-06-24 09:40:55,34775.75,0
2021-06-24 09:40:56,34775.6,0
2021-06-24 09:40:57,34776.05,0
2021-06-24 09:40:58,34776.35,0
2021-06-24 09:40:59,34779.4,0
2021-06-24 09:41:01,34779.05,0
2021-06-24 09:41:02,34778.4,0
2021-06-24 09:41:03,34775.95,0
2021-06-24 09:41:04,34776.35,0
2021-06-24 09:41:05,34776.7,0
2021-06-24 09:41:06,34777.0,0
2021-06-24 09:41:07,34778.8,0
2021-06-24 09:41:08,34779.4,0
2021-06-24 09:41:09,34779.35,0
2021-06-24 09:41:10,34781.7,0
2021-06-24 09:41:13,34782.2,0
2021-06-24 09:41:15,34783.6,0
2021-06-24 09:41:17,34788.65,0
2021-06-24 09:41:18,34790.8,0
2021-06-24 09:41:19,34788.55,0
2021-06-24 09:41:20,34787.6,0
2021-06-24 09:41:21,34786.8,0
2021-06-24 09:41:22,34784.4,0
2021-06-24 09:41:24,34785.8,0
2021-06-24 09:41:26,34787.95,0
2021-06-24 09:41:27,34786.8,0
2021-06-24 09:41:28,34784.7,0
2021-06-24 09:41:29,34788.25,0
2021-06-24 09:41:30,34783.05,0
2021-06-24 09:41:31,34785.65,0
2021-06-24 09:41:32,34787.7,0
2021-06-24 09:41:33,34787.25,0
2021-06-24 09:41:34,34783.65,0
2021-06-24 09:41:35,34783.25,0
2021-06-24 09:41:36,34783.05,0
2021-06-24 09:41:37,34782.7,0
2021-06-24 09:41:38,34785.0,0
2021-06-24 09:41:39,34781.95,0
2021-06-24 09:41:40,34783.55,0
2021-06-24 09:41:41,34784.0,0
2021-06-24 09:41:42,34785.55,0
2021-06-24 09:41:43,34784.75,0
2021-06-24 09:41:44,34783.65,0
2021-06-24 09:41:45,34782.75,0
2021-06-24 09:41:46,34781.8,0
2021-06-24 09:41:47,34782.5,0
2021-06-24 09:41:49,34779.95,0
2021-06-24 09:41:50,34781.65,0
2021-06-24 09:41:52,34778.65,0
2021-06-24 09:41:53,34779.55,0
2021-06-24 09:41:54,34780.3,0
2021-06-24 09:41:55,34779.25,0
2021-06-24 09:41:56,34778.1,0
2021-06-24 09:41:57,34779.5,0
2021-06-24 09:41:58,34776.7,0
2021-06-24 09:41:59,34779.95,0
2021-06-24 09:42:01,34781.5,0
2021-06-24 09:42:02,34780.9,0
2021-06-24 09:42:03,34780.0,0
2021-06-24 09:42:04,34781.75,0
2021-06-24 09:42:05,34781.9,0
2021-06-24 09:42:06,34782.15,0
2021-06-24 09:42:07,34781.65,0
2021-06-24 09:42:08,34784.95,0
2021-06-24 09:42:09,34784.9,0
2021-06-24 09:42:11,34784.7,0
2021-06-24 09:42:12,34783.7,0
2021-06-24 09:42:13,34784.3,0
2021-06-24 09:42:14,34784.1,0
2021-06-24 09:42:15,34786.2,0
2021-06-24 09:42:16,34786.15,0
2021-06-24 09:42:17,34785.3,0
2021-06-24 09:42:18,34783.65,0
2021-06-24 09:42:19,34782.45,0
2021-06-24 09:42:21,34785.05,0
2021-06-24 09:42:22,34783.95,0
2021-06-24 09:42:23,34782.45,0
2021-06-24 09:42:24,34784.6,0
2021-06-24 09:42:25,34784.0,0
2021-06-24 09:42:26,34785.3,0
2021-06-24 09:42:27,34782.95,0
2021-06-24 09:42:28,34785.6,0
2021-06-24 09:42:29,34784.7,0
2021-06-24 09:42:30,34784.1,0
2021-06-24 09:42:31,34783.05,0
2021-06-24 09:42:32,34784.8,0
2021-06-24 09:42:33,34785.7,0
2021-06-24 09:42:34,34785.5,0
2021-06-24 09:42:35,34782.8,0
2021-06-24 09:42:36,34784.2,0
2021-06-24 09:42:37,34784.4,0
2021-06-24 09:42:38,34782.9,0
2021-06-24 09:42:39,34785.0,0
2021-06-24 09:42:40,34783.85,0
2021-06-24 09:42:41,34783.3,0
2021-06-24 09:42:42,34784.15,0
2021-06-24 09:42:43,34781.95,0
2021-06-24 09:42:44,34782.05,0
2021-06-24 09:42:45,34784.55,0
2021-06-24 09:42:46,34786.55,0
2021-06-24 09:42:47,34784.05,0
2021-06-24 09:42:49,34781.65,0
2021-06-24 09:42:50,34785.5,0
2021-06-24 09:42:51,34783.3,0
2021-06-24 09:42:53,34782.65,0
2021-06-24 09:42:54,34783.1,0
2021-06-24 09:42:55,34785.3,0
2021-06-24 09:42:56,34783.3,0
2021-06-24 09:42:57,34783.25,0
2021-06-24 09:42:58,34784.0,0
2021-06-24 09:42:59,34781.95,0
2021-06-24 09:43:00,34781.45,0
2021-06-24 09:43:02,34784.95,0
2021-06-24 09:43:04,34782.6,0
2021-06-24 09:43:05,34783.4,0
2021-06-24 09:43:06,34783.85,0
2021-06-24 09:43:07,34783.65,0
2021-06-24 09:43:08,34783.75,0
2021-06-24 09:43:09,34784.5,0
2021-06-24 09:43:11,34784.5,0
2021-06-24 09:43:12,34785.6,0
2021-06-24 09:43:13,34786.8,0
2021-06-24 09:43:14,34786.9,0
2021-06-24 09:43:15,34788.5,0
2021-06-24 09:43:17,34789.45,0
2021-06-24 09:43:18,34793.0,0
2021-06-24 09:43:19,34793.4,0
2021-06-24 09:43:20,34788.8,0
2021-06-24 09:43:21,34791.05,0
2021-06-24 09:43:22,34789.4,0
2021-06-24 09:43:26,34795.55,0
2021-06-24 09:43:28,34792.9,0
2021-06-24 09:43:29,34793.25,0
2021-06-24 09:43:30,34792.85,0
2021-06-24 09:43:32,34795.8,0
2021-06-24 09:43:33,34795.4,0
2021-06-24 09:43:34,34792.25,0
2021-06-24 09:43:35,34794.25,0
2021-06-24 09:43:36,34794.1,0
2021-06-24 09:43:37,34793.25,0
2021-06-24 09:43:39,34797.05,0
2021-06-24 09:43:40,34793.85,0
2021-06-24 09:43:42,34798.45,0
2021-06-24 09:43:43,34796.2,0
2021-06-24 09:43:44,34797.8,0
2021-06-24 09:43:45,34797.1,0
2021-06-24 09:43:46,34796.3,0
2021-06-24 09:43:47,34796.2,0
2021-06-24 09:43:48,34793.95,0
2021-06-24 09:43:49,34794.8,0
2021-06-24 09:43:50,34793.3,0
2021-06-24 09:43:51,34791.9,0
2021-06-24 09:43:53,34795.8,0
2021-06-24 09:43:54,34793.75,0
2021-06-24 09:43:55,34794.45,0
2021-06-24 09:43:56,34789.15,0
2021-06-24 09:43:57,34793.5,0
2021-06-24 09:43:58,34791.35,0
2021-06-24 09:43:59,34794.0,0
2021-06-24 09:44:00,34794.45,0
2021-06-24 09:44:01,34792.5,0
2021-06-24 09:44:02,34792.4,0
2021-06-24 09:44:03,34794.6,0
2021-06-24 09:44:05,34791.0,0
2021-06-24 09:44:06,34792.4,0
2021-06-24 09:44:07,34792.75,0
2021-06-24 09:44:08,34791.0,0
2021-06-24 09:44:10,34790.5,0
2021-06-24 09:44:11,34790.4,0
2021-06-24 09:44:12,34791.55,0
2021-06-24 09:44:13,34794.9,0
2021-06-24 09:44:14,34794.25,0
2021-06-24 09:44:15,34796.3,0
2021-06-24 09:44:17,34793.6,0
2021-06-24 09:44:18,34793.15,0
2021-06-24 09:44:19,34797.95,0
2021-06-24 09:44:21,34791.95,0
2021-06-24 09:44:22,34793.4,0
2021-06-24 09:44:23,34793.25,0
2021-06-24 09:44:24,34796.6,0
2021-06-24 09:44:25,34793.7,0
2021-06-24 09:44:26,34798.15,0
2021-06-24 09:44:27,34799.5,0
2021-06-24 09:44:28,34799.75,0
2021-06-24 09:44:29,34799.6,0
2021-06-24 09:44:30,34795.65,0
2021-06-24 09:44:31,34796.85,0
2021-06-24 09:44:32,34796.75,0
2021-06-24 09:44:33,34798.95,0
2021-06-24 09:44:34,34800.9,0
2021-06-24 09:44:36,34799.6,0
2021-06-24 09:44:37,34799.5,0
2021-06-24 09:44:38,34796.1,0
2021-06-24 09:44:40,34799.5,0
2021-06-24 09:44:41,34800.85,0
2021-06-24 09:44:42,34801.05,0
2021-06-24 09:44:43,34801.95,0
2021-06-24 09:44:44,34803.05,0
2021-06-24 09:44:45,34800.45,0
2021-06-24 09:44:46,34800.7,0
2021-06-24 09:44:47,34802.4,0
2021-06-24 09:44:49,34801.15,0
2021-06-24 09:44:50,34803.0,0
2021-06-24 09:44:51,34801.6,0
2021-06-24 09:44:52,34799.75,0
2021-06-24 09:44:53,34802.6,0
2021-06-24 09:44:54,34802.25,0
2021-06-24 09:44:55,34803.05,0
2021-06-24 09:44:56,34800.45,0
2021-06-24 09:44:57,34802.1,0
2021-06-24 09:44:58,34804.6,0
2021-06-24 09:44:59,34804.9,0
2021-06-24 09:45:00,34806.35,0
2021-06-24 09:45:01,34800.9,0
2021-06-24 09:45:02,34802.15,0
2021-06-24 09:45:03,34802.3,0
2021-06-24 09:45:04,34806.3,0
2021-06-24 09:45:05,34804.85,0
2021-06-24 09:45:06,34799.15,0
2021-06-24 09:45:07,34808.0,0
2021-06-24 09:45:08,34807.85,0
2021-06-24 09:45:09,34805.1,0
2021-06-24 09:45:10,34808.25,0
2021-06-24 09:45:11,34808.5,0
2021-06-24 09:45:12,34807.9,0
2021-06-24 09:45:13,34805.0,0
2021-06-24 09:45:14,34807.5,0
2021-06-24 09:45:15,34806.9,0
2021-06-24 09:45:16,34807.7,0
2021-06-24 09:45:17,34806.35,0
2021-06-24 09:45:18,34808.6,0
2021-06-24 09:45:19,34805.8,0
2021-06-24 09:45:21,34812.05,0
2021-06-24 09:45:22,34814.45,0
2021-06-24 09:45:23,34810.2,0
2021-06-24 09:45:24,34811.4,0
2021-06-24 09:45:25,34812.85,0
2021-06-24 09:45:26,34810.9,0
2021-06-24 09:45:28,34813.25,0
2021-06-24 09:45:29,34815.3,0
2021-06-24 09:45:32,34816.0,0
2021-06-24 09:45:33,34815.45,0
2021-06-24 09:45:34,34818.65,0
2021-06-24 09:45:35,34816.45,0
2021-06-24 09:45:36,34817.35,0
2021-06-24 09:45:37,34821.3,0
2021-06-24 09:45:38,34817.7,0
2021-06-24 09:45:39,34818.35,0
2021-06-24 09:45:40,34817.9,0
2021-06-24 09:45:41,34815.75,0
2021-06-24 09:45:42,34816.25,0
2021-06-24 09:45:43,34814.4,0
2021-06-24 09:45:44,34816.4,0
2021-06-24 09:45:45,34815.35,0
2021-06-24 09:45:46,34815.7,0
2021-06-24 09:45:47,34817.7,0
2021-06-24 09:45:48,34815.9,0
2021-06-24 09:45:49,34817.75,0
2021-06-24 09:45:50,34812.85,0
2021-06-24 09:45:51,34816.9,0
2021-06-24 09:45:52,34817.75,0
2021-06-24 09:45:54,34816.4,0
2021-06-24 09:45:55,34817.85,0
2021-06-24 09:45:56,34816.55,0
2021-06-24 09:45:57,34816.9,0
2021-06-24 09:45:58,34815.55,0
2021-06-24 09:45:59,34813.7,0
2021-06-24 09:46:00,34816.0,0
2021-06-24 09:46:01,34814.95,0
2021-06-24 09:46:02,34814.25,0
2021-06-24 09:46:04,34815.2,0
2021-06-24 09:46:05,34813.05,0
2021-06-24 09:46:06,34807.75,0
2021-06-24 09:46:07,34810.15,0
2021-06-24 09:46:08,34807.75,0
2021-06-24 09:46:09,34809.85,0
2021-06-24 09:46:10,34812.7,0
2021-06-24 09:46:11,34812.25,0
2021-06-24 09:46:12,34813.9,0
2021-06-24 09:46:13,34809.85,0
2021-06-24 09:46:14,34807.85,0
2021-06-24 09:46:15,34808.65,0
2021-06-24 09:46:16,34809.4,0
2021-06-24 09:46:17,34806.5,0
2021-06-24 09:46:18,34806.75,0
2021-06-24 09:46:19,34805.15,0
2021-06-24 09:46:20,34803.65,0
2021-06-24 09:46:21,34798.9,0
2021-06-24 09:46:22,34799.05,0
2021-06-24 09:46:23,34796.95,0
2021-06-24 09:46:25,34797.95,0
2021-06-24 09:46:26,34795.05,0
2021-06-24 09:46:27,34794.9,0
2021-06-24 09:46:28,34793.45,0
2021-06-24 09:46:29,34791.75,0
2021-06-24 09:46:30,34791.7,0
2021-06-24 09:46:32,34794.5,0
2021-06-24 09:46:33,34791.55,0
2021-06-24 09:46:34,34791.5,0
2021-06-24 09:46:35,34789.25,0
2021-06-24 09:46:36,34789.6,0
2021-06-24 09:46:37,34786.7,0
2021-06-24 09:46:38,34791.0,0
2021-06-24 09:46:39,34791.05,0
2021-06-24 09:46:40,34791.55,0
2021-06-24 09:46:42,34790.55,0
2021-06-24 09:46:43,34789.1,0
2021-06-24 09:46:44,34792.55,0
2021-06-24 09:46:45,34791.2,0
2021-06-24 09:46:46,34794.65,0
2021-06-24 09:46:47,34795.55,0
2021-06-24 09:46:48,34793.75,0
2021-06-24 09:46:49,34790.0,0
2021-06-24 09:46:51,34790.75,0
2021-06-24 09:46:52,34796.15,0
2021-06-24 09:46:53,34798.9,0
2021-06-24 09:46:54,34792.05,0
2021-06-24 09:46:55,34779.85,0
2021-06-24 09:46:56,34777.2,0
2021-06-24 09:46:57,34776.4,0
2021-06-24 09:46:58,34787.15,0
2021-06-24 09:46:59,34788.15,0
2021-06-24 09:47:00,34788.35,0
2021-06-24 09:47:01,34784.1,0
2021-06-24 09:47:02,34783.6,0
2021-06-24 09:47:03,34783.55,0
2021-06-24 09:47:05,34780.25,0
2021-06-24 09:47:06,34778.4,0
2021-06-24 09:47:07,34781.0,0
2021-06-24 09:47:08,34777.75,0
2021-06-24 09:47:09,34778.85,0
2021-06-24 09:47:10,34777.55,0
2021-06-24 09:47:12,34776.65,0
2021-06-24 09:47:13,34773.85,0
2021-06-24 09:47:14,34772.9,0
2021-06-24 09:47:15,34776.05,0
2021-06-24 09:47:16,34773.35,0
2021-06-24 09:47:17,34775.35,0
2021-06-24 09:47:18,34777.75,0
2021-06-24 09:47:19,34776.95,0
2021-06-24 09:47:20,34775.5,0
2021-06-24 09:47:21,34776.75,0
2021-06-24 09:47:23,34774.65,0
2021-06-24 09:47:24,34772.75,0
2021-06-24 09:47:25,34775.75,0
2021-06-24 09:47:26,34773.55,0
2021-06-24 09:47:27,34774.9,0
2021-06-24 09:47:28,34775.65,0
2021-06-24 09:47:29,34774.95,0
2021-06-24 09:47:30,34777.6,0
2021-06-24 09:47:31,34774.85,0
2021-06-24 09:47:32,34775.3,0
2021-06-24 09:47:33,34773.6,0
2021-06-24 09:47:34,34775.2,0
2021-06-24 09:47:35,34774.8,0
2021-06-24 09:47:36,34773.1,0
2021-06-24 09:47:37,34776.1,0
2021-06-24 09:47:38,34778.2,0
2021-06-24 09:47:39,34777.65,0
2021-06-24 09:47:40,34776.3,0
2021-06-24 09:47:41,34774.75,0
2021-06-24 09:47:42,34775.0,0
2021-06-24 09:47:43,34774.4,0
2021-06-24 09:47:44,34776.8,0
2021-06-24 09:47:45,34775.5,0
2021-06-24 09:47:46,34777.6,0
2021-06-24 09:47:47,34776.4,0
2021-06-24 09:47:48,34778.45,0
2021-06-24 09:47:49,34777.35,0
2021-06-24 09:47:51,34778.0,0
2021-06-24 09:47:52,34775.65,0
2021-06-24 09:47:53,34779.45,0
2021-06-24 09:47:54,34786.35,0
2021-06-24 09:47:56,34785.5,0
2021-06-24 09:47:57,34785.6,0
2021-06-24 09:47:58,34787.7,0
2021-06-24 09:47:59,34788.45,0
2021-06-24 09:48:00,34786.25,0
2021-06-24 09:48:01,34788.05,0
2021-06-24 09:48:04,34790.3,0
2021-06-24 09:48:05,34787.7,0
2021-06-24 09:48:07,34789.75,0
2021-06-24 09:48:08,34789.05,0
2021-06-24 09:48:09,34789.65,0
2021-06-24 09:48:10,34791.8,0
2021-06-24 09:48:11,34790.45,0
2021-06-24 09:48:12,34791.45,0
2021-06-24 09:48:13,34789.95,0
2021-06-24 09:48:14,34791.15,0
2021-06-24 09:48:15,34791.65,0
2021-06-24 09:48:16,34789.1,0
2021-06-24 09:48:17,34792.95,0
2021-06-24 09:48:18,34797.6,0
2021-06-24 09:48:19,34794.1,0
2021-06-24 09:48:20,34797.05,0
2021-06-24 09:48:21,34799.05,0
2021-06-24 09:48:22,34795.7,0
2021-06-24 09:48:23,34797.1,0
2021-06-24 09:48:24,34798.65,0
2021-06-24 09:48:25,34793.45,0
2021-06-24 09:48:27,34796.85,0
2021-06-24 09:48:28,34799.0,0
2021-06-24 09:48:29,34799.6,0
2021-06-24 09:48:30,34798.0,0
2021-06-24 09:48:31,34796.2,0
2021-06-24 09:48:32,34797.2,0
2021-06-24 09:48:33,34796.85,0
2021-06-24 09:48:34,34795.9,0
2021-06-24 09:48:36,34794.4,0
2021-06-24 09:48:37,34793.5,0
2021-06-24 09:48:38,34795.9,0
2021-06-24 09:48:39,34792.75,0
2021-06-24 09:48:41,34792.85,0
2021-06-24 09:48:43,34791.5,0
2021-06-24 09:48:44,34791.95,0
2021-06-24 09:48:45,34791.8,0
2021-06-24 09:48:46,34788.2,0
2021-06-24 09:48:47,34791.05,0
2021-06-24 09:48:48,34788.95,0
2021-06-24 09:48:49,34791.35,0
2021-06-24 09:48:50,34789.9,0
2021-06-24 09:48:51,34790.45,0
2021-06-24 09:48:52,34791.5,0
2021-06-24 09:48:53,34789.5,0
2021-06-24 09:48:54,34790.0,0
2021-06-24 09:48:55,34788.7,0
2021-06-24 09:48:56,34789.0,0
2021-06-24 09:48:57,34787.45,0
2021-06-24 09:48:58,34787.25,0
2021-06-24 09:48:59,34790.2,0
2021-06-24 09:49:00,34788.65,0
2021-06-24 09:49:01,34788.2,0
2021-06-24 09:49:02,34786.2,0
2021-06-24 09:49:04,34787.6,0
2021-06-24 09:49:05,34785.15,0
2021-06-24 09:49:06,34786.6,0
2021-06-24 09:49:07,34787.95,0
2021-06-24 09:49:08,34788.15,0
2021-06-24 09:49:10,34785.85,0
2021-06-24 09:49:11,34785.45,0
2021-06-24 09:49:12,34786.6,0
2021-06-24 09:49:13,34783.05,0
2021-06-24 09:49:14,34784.1,0
2021-06-24 09:49:15,34782.65,0
2021-06-24 09:49:16,34786.05,0
2021-06-24 09:49:17,34779.4,0
2021-06-24 09:49:18,34778.4,0
2021-06-24 09:49:19,34776.2,0
2021-06-24 09:49:20,34777.35,0
2021-06-24 09:49:21,34775.45,0
2021-06-24 09:49:22,34778.15,0
2021-06-24 09:49:23,34777.6,0
2021-06-24 09:49:24,34777.6,0
2021-06-24 09:49:25,34775.7,0
2021-06-24 09:49:26,34775.7,0
2021-06-24 09:49:28,34779.85,0
2021-06-24 09:49:29,34776.8,0
2021-06-24 09:49:30,34777.35,0
2021-06-24 09:49:31,34778.0,0
2021-06-24 09:49:32,34778.1,0
2021-06-24 09:49:33,34777.85,0
2021-06-24 09:49:34,34778.35,0
2021-06-24 09:49:35,34779.1,0
2021-06-24 09:49:36,34779.1,0
2021-06-24 09:49:37,34778.2,0
2021-06-24 09:49:38,34778.75,0
2021-06-24 09:49:39,34779.05,0
2021-06-24 09:49:40,34779.5,0
2021-06-24 09:49:41,34779.55,0
2021-06-24 09:49:42,34779.3,0
2021-06-24 09:49:43,34780.5,0
2021-06-24 09:49:44,34778.15,0
2021-06-24 09:49:45,34777.25,0
2021-06-24 09:49:46,34775.4,0
2021-06-24 09:49:47,34775.5,0
2021-06-24 09:49:48,34775.15,0
2021-06-24 09:49:50,34778.75,0
2021-06-24 09:49:51,34777.75,0
2021-06-24 09:49:52,34778.8,0
2021-06-24 09:49:53,34777.9,0
2021-06-24 09:49:56,34775.65,0
2021-06-24 09:49:58,34777.2,0
2021-06-24 09:49:59,34776.05,0
2021-06-24 09:50:00,34773.25,0
2021-06-24 09:50:01,34772.8,0
2021-06-24 09:50:02,34772.25,0
2021-06-24 09:50:03,34774.4,0
2021-06-24 09:50:04,34771.85,0
2021-06-24 09:50:05,34773.3,0
2021-06-24 09:50:06,34770.05,0
2021-06-24 09:50:07,34772.85,0
2021-06-24 09:50:08,34767.0,0
2021-06-24 09:50:10,34771.0,0
2021-06-24 09:50:12,34768.05,0
2021-06-24 09:50:13,34766.15,0
2021-06-24 09:50:14,34765.15,0
2021-06-24 09:50:16,34762.5,0
2021-06-24 09:50:17,34761.4,0
2021-06-24 09:50:18,34764.25,0
2021-06-24 09:50:19,34762.2,0
2021-06-24 09:50:20,34765.75,0
2021-06-24 09:50:21,34764.2,0
2021-06-24 09:50:22,34761.75,0
2021-06-24 09:50:23,34765.1,0
2021-06-24 09:50:24,34765.8,0
2021-06-24 09:50:25,34764.1,0
2021-06-24 09:50:26,34768.25,0
2021-06-24 09:50:27,34768.5,0
2021-06-24 09:50:28,34770.8,0
2021-06-24 09:50:29,34771.3,0
2021-06-24 09:50:30,34774.45,0
2021-06-24 09:50:31,34776.05,0
2021-06-24 09:50:32,34776.1,0
2021-06-24 09:50:33,34775.1,0
2021-06-24 09:50:34,34774.5,0
2021-06-24 09:50:35,34775.55,0
2021-06-24 09:50:36,34775.55,0
2021-06-24 09:50:37,34776.55,0
2021-06-24 09:50:38,34778.2,0
2021-06-24 09:50:39,34778.0,0
2021-06-24 09:50:40,34777.65,0
2021-06-24 09:50:41,34775.6,0
2021-06-24 09:50:42,34779.65,0
2021-06-24 09:50:43,34777.05,0
2021-06-24 09:50:44,34780.05,0
2021-06-24 09:50:45,34779.0,0
2021-06-24 09:50:46,34781.15,0
2021-06-24 09:50:47,34780.6,0
2021-06-24 09:50:48,34779.5,0
2021-06-24 09:50:49,34779.05,0
2021-06-24 09:50:50,34782.6,0
2021-06-24 09:50:51,34782.75,0
2021-06-24 09:50:52,34782.05,0
2021-06-24 09:50:55,34781.6,0
2021-06-24 09:50:56,34778.5,0
2021-06-24 09:50:58,34775.95,0
2021-06-24 09:50:59,34778.2,0
2021-06-24 09:51:00,34781.2,0
2021-06-24 09:51:01,34783.55,0
2021-06-24 09:51:02,34780.8,0
2021-06-24 09:51:03,34780.9,0
2021-06-24 09:51:04,34779.8,0
2021-06-24 09:51:05,34780.55,0
2021-06-24 09:51:06,34780.1,0
2021-06-24 09:51:07,34781.0,0
2021-06-24 09:51:08,34780.6,0
2021-06-24 09:51:09,34782.0,0
2021-06-24 09:51:10,34778.55,0
2021-06-24 09:51:11,34781.45,0
2021-06-24 09:51:12,34781.85,0
2021-06-24 09:51:13,34782.45,0
2021-06-24 09:51:14,34776.45,0
2021-06-24 09:51:15,34775.45,0
2021-06-24 09:51:16,34777.1,0
2021-06-24 09:51:17,34777.5,0
2021-06-24 09:51:19,34775.4,0
2021-06-24 09:51:20,34775.85,0
2021-06-24 09:51:21,34775.95,0
2021-06-24 09:51:22,34775.75,0
2021-06-24 09:51:23,34775.1,0
2021-06-24 09:51:24,34778.4,0
2021-06-24 09:51:26,34777.55,0
2021-06-24 09:51:27,34777.9,0
2021-06-24 09:51:28,34776.4,0
2021-06-24 09:51:29,34775.2,0
2021-06-24 09:51:30,34778.4,0
2021-06-24 09:51:31,34775.8,0
2021-06-24 09:51:32,34773.35,0
2021-06-24 09:51:33,34775.05,0
2021-06-24 09:51:34,34775.7,0
2021-06-24 09:51:35,34773.45,0
2021-06-24 09:51:36,34774.6,0
2021-06-24 09:51:37,34775.8,0
2021-06-24 09:51:38,34774.45,0
2021-06-24 09:51:39,34775.85,0
2021-06-24 09:51:40,34774.6,0
2021-06-24 09:51:41,34774.6,0
2021-06-24 09:51:42,34775.4,0
2021-06-24 09:51:43,34774.65,0
2021-06-24 09:51:44,34772.85,0
2021-06-24 09:51:45,34774.25,0
2021-06-24 09:51:46,34773.2,0
2021-06-24 09:51:47,34771.85,0
2021-06-24 09:51:48,34772.8,0
2021-06-24 09:51:49,34773.6,0
2021-06-24 09:51:50,34773.4,0
2021-06-24 09:51:51,34773.35,0
2021-06-24 09:51:52,34774.55,0
2021-06-24 09:51:53,34774.1,0
2021-06-24 09:51:54,34773.6,0
2021-06-24 09:51:55,34774.85,0
2021-06-24 09:51:56,34774.8,0
2021-06-24 09:51:57,34775.2,0
2021-06-24 09:51:58,34774.6,0
2021-06-24 09:51:59,34772.8,0
2021-06-24 09:52:00,34774.05,0
2021-06-24 09:52:01,34774.55,0
2021-06-24 09:52:02,34775.05,0
2021-06-24 09:52:04,34776.15,0
2021-06-24 09:52:05,34774.5,0
2021-06-24 09:52:06,34774.85,0
2021-06-24 09:52:07,34773.95,0
2021-06-24 09:52:08,34773.0,0
2021-06-24 09:52:09,34773.05,0
2021-06-24 09:52:11,34774.75,0
2021-06-24 09:52:12,34774.25,0
2021-06-24 09:52:13,34776.2,0
2021-06-24 09:52:14,34775.65,0
2021-06-24 09:52:15,34777.55,0
2021-06-24 09:52:16,34777.35,0
2021-06-24 09:52:18,34778.3,0
2021-06-24 09:52:19,34776.7,0
2021-06-24 09:52:20,34777.5,0
2021-06-24 09:52:21,34777.1,0
2021-06-24 09:52:22,34778.45,0
2021-06-24 09:52:23,34777.1,0
2021-06-24 09:52:24,34781.0,0
2021-06-24 09:52:25,34780.55,0
2021-06-24 09:52:26,34779.2,0
2021-06-24 09:52:27,34782.0,0
2021-06-24 09:52:28,34784.0,0
2021-06-24 09:52:29,34781.3,0
2021-06-24 09:52:30,34782.35,0
2021-06-24 09:52:31,34781.7,0
2021-06-24 09:52:32,34781.55,0
2021-06-24 09:52:33,34782.8,0
2021-06-24 09:52:34,34781.75,0
2021-06-24 09:52:36,34785.5,0
2021-06-24 09:52:37,34784.6,0
2021-06-24 09:52:38,34775.05,0
2021-06-24 09:52:39,34775.75,0
2021-06-24 09:52:40,34776.9,0
2021-06-24 09:52:41,34779.9,0
2021-06-24 09:52:42,34776.7,0
2021-06-24 09:52:43,34777.1,0
2021-06-24 09:52:44,34775.65,0
2021-06-24 09:52:45,34773.95,0
2021-06-24 09:52:46,34777.85,0
2021-06-24 09:52:47,34777.0,0
2021-06-24 09:52:48,34776.4,0
2021-06-24 09:52:49,34775.4,0
2021-06-24 09:52:50,34775.85,0
2021-06-24 09:52:51,34773.35,0
2021-06-24 09:52:52,34774.75,0
2021-06-24 09:52:53,34775.35,0
2021-06-24 09:52:54,34775.8,0
2021-06-24 09:52:55,34775.1,0
2021-06-24 09:52:56,34770.8,0
2021-06-24 09:52:57,34772.35,0
2021-06-24 09:52:58,34771.4,0
2021-06-24 09:52:59,34770.35,0
2021-06-24 09:53:00,34768.65,0
2021-06-24 09:53:01,34769.1,0
2021-06-24 09:53:02,34768.1,0
2021-06-24 09:53:04,34767.75,0
2021-06-24 09:53:05,34768.1,0
2021-06-24 09:53:06,34768.45,0
2021-06-24 09:53:08,34766.9,0
2021-06-24 09:53:09,34763.65,0
2021-06-24 09:53:10,34764.8,0
2021-06-24 09:53:11,34765.9,0
2021-06-24 09:53:12,34769.45,0
2021-06-24 09:53:13,34764.15,0
2021-06-24 09:53:14,34771.3,0
2021-06-24 09:53:15,34771.55,0
2021-06-24 09:53:16,34769.5,0
2021-06-24 09:53:18,34771.15,0
2021-06-24 09:53:19,34771.95,0
2021-06-24 09:53:22,34771.5,0
2021-06-24 09:53:24,34769.95,0
2021-06-24 09:53:25,34768.6,0
2021-06-24 09:53:27,34768.2,0
2021-06-24 09:53:28,34768.45,0
2021-06-24 09:53:29,34769.2,0
2021-06-24 09:53:30,34767.6,0
2021-06-24 09:53:31,34770.05,0
2021-06-24 09:53:32,34768.6,0
2021-06-24 09:53:33,34768.3,0
2021-06-24 09:53:34,34766.45,0
2021-06-24 09:53:35,34767.15,0
2021-06-24 09:53:36,34765.4,0
2021-06-24 09:53:37,34765.9,0
2021-06-24 09:53:38,34764.4,0
2021-06-24 09:53:39,34759.7,0
2021-06-24 09:53:40,34760.4,0
2021-06-24 09:53:41,34759.35,0
2021-06-24 09:53:42,34761.25,0
2021-06-24 09:53:43,34759.75,0
2021-06-24 09:53:44,34759.1,0
2021-06-24 09:53:45,34758.85,0
2021-06-24 09:53:46,34757.5,0
2021-06-24 09:53:47,34762.75,0
2021-06-24 09:53:49,34763.85,0
2021-06-24 09:53:50,34758.9,0
2021-06-24 09:53:51,34758.85,0
2021-06-24 09:53:52,34761.1,0
2021-06-24 09:53:53,34762.55,0
2021-06-24 09:53:54,34762.35,0
2021-06-24 09:53:55,34763.3,0
2021-06-24 09:53:56,34763.2,0
2021-06-24 09:53:57,34763.4,0
2021-06-24 09:53:59,34762.6,0
2021-06-24 09:54:00,34761.75,0
2021-06-24 09:54:01,34761.75,0
2021-06-24 09:54:02,34763.4,0
2021-06-24 09:54:03,34764.3,0
2021-06-24 09:54:04,34764.1,0
2021-06-24 09:54:05,34760.8,0
2021-06-24 09:54:06,34758.3,0
2021-06-24 09:54:07,34756.6,0
2021-06-24 09:54:09,34761.7,0
2021-06-24 09:54:10,34756.25,0
2021-06-24 09:54:11,34755.2,0
2021-06-24 09:54:12,34755.1,0
2021-06-24 09:54:13,34760.5,0
2021-06-24 09:54:14,34756.95,0
2021-06-24 09:54:16,34763.55,0
2021-06-24 09:54:17,34762.2,0
2021-06-24 09:54:18,34763.05,0
2021-06-24 09:54:19,34763.7,0
2021-06-24 09:54:21,34762.35,0
2021-06-24 09:54:22,34757.7,0
2021-06-24 09:54:23,34757.0,0
2021-06-24 09:54:24,34757.05,0
2021-06-24 09:54:25,34759.15,0
2021-06-24 09:54:26,34761.5,0
2021-06-24 09:54:27,34763.1,0
2021-06-24 09:54:28,34761.6,0
2021-06-24 09:54:30,34761.15,0
2021-06-24 09:54:31,34761.25,0
2021-06-24 09:54:32,34761.95,0
2021-06-24 09:54:33,34761.3,0
2021-06-24 09:54:34,34763.15,0
2021-06-24 09:54:35,34760.2,0
2021-06-24 09:54:36,34761.55,0
2021-06-24 09:54:37,34763.2,0
2021-06-24 09:54:38,34764.2,0
2021-06-24 09:54:39,34765.0,0
2021-06-24 09:54:40,34762.65,0
2021-06-24 09:54:42,34762.5,0
2021-06-24 09:54:43,34763.35,0
2021-06-24 09:54:44,34764.55,0
2021-06-24 09:54:45,34764.3,0
2021-06-24 09:54:46,34765.55,0
2021-06-24 09:54:48,34764.35,0
2021-06-24 09:54:49,34762.75,0
2021-06-24 09:54:50,34765.85,0
2021-06-24 09:54:51,34765.35,0
2021-06-24 09:54:52,34765.85,0
2021-06-24 09:54:53,34769.15,0
2021-06-24 09:54:54,34769.45,0
2021-06-24 09:54:55,34767.5,0
2021-06-24 09:54:56,34770.7,0
2021-06-24 09:54:57,34769.7,0
2021-06-24 09:54:58,34769.7,0
2021-06-24 09:54:59,34771.45,0
2021-06-24 09:55:00,34769.2,0
2021-06-24 09:55:01,34773.0,0
2021-06-24 09:55:02,34771.85,0
2021-06-24 09:55:03,34772.95,0
2021-06-24 09:55:04,34770.75,0
2021-06-24 09:55:05,34771.7,0
2021-06-24 09:55:06,34771.5,0
2021-06-24 09:55:08,34772.1,0
2021-06-24 09:55:09,34772.7,0
2021-06-24 09:55:11,34771.35,0
2021-06-24 09:55:12,34772.2,0
2021-06-24 09:55:13,34771.25,0
2021-06-24 09:55:14,34772.55,0
2021-06-24 09:55:15,34771.25,0
2021-06-24 09:55:16,34769.85,0
2021-06-24 09:55:17,34774.0,0
2021-06-24 09:55:18,34772.15,0
2021-06-24 09:55:19,34771.8,0
2021-06-24 09:55:20,34775.2,0
2021-06-24 09:55:25,34773.8,0
2021-06-24 09:55:26,34773.4,0
2021-06-24 09:55:27,34773.55,0
2021-06-24 09:55:28,34774.5,0
2021-06-24 09:55:29,34774.0,0
2021-06-24 09:55:30,34770.35,0
2021-06-24 09:55:31,34771.6,0
2021-06-24 09:55:33,34768.55,0
2021-06-24 09:55:34,34767.7,0
2021-06-24 09:55:35,34767.25,0
2021-06-24 09:55:36,34766.65,0
2021-06-24 09:55:38,34760.25,0
2021-06-24 09:55:39,34763.1,0
2021-06-24 09:55:40,34763.45,0
2021-06-24 09:55:41,34764.1,0
2021-06-24 09:55:42,34764.75,0
2021-06-24 09:55:43,34763.2,0
2021-06-24 09:55:44,34764.55,0
2021-06-24 09:55:46,34764.85,0
2021-06-24 09:55:47,34763.0,0
2021-06-24 09:55:48,34758.95,0
2021-06-24 09:55:49,34758.85,0
2021-06-24 09:55:50,34757.85,0
2021-06-24 09:55:51,34757.05,0
2021-06-24 09:55:52,34757.4,0
2021-06-24 09:55:53,34756.7,0
2021-06-24 09:55:54,34757.3,0
2021-06-24 09:55:55,34754.85,0
2021-06-24 09:55:56,34757.15,0
2021-06-24 09:55:57,34756.45,0
2021-06-24 09:55:58,34755.75,0
2021-06-24 09:55:59,34754.2,0
2021-06-24 09:56:00,34755.25,0
2021-06-24 09:56:01,34754.5,0
2021-06-24 09:56:02,34753.85,0
2021-06-24 09:56:03,34753.5,0
2021-06-24 09:56:04,34751.8,0
2021-06-24 09:56:05,34752.0,0
2021-06-24 09:56:06,34751.2,0
2021-06-24 09:56:07,34752.1,0
2021-06-24 09:56:08,34748.45,0
2021-06-24 09:56:09,34752.8,0
2021-06-24 09:56:10,34756.25,0
2021-06-24 09:56:11,34753.85,0
2021-06-24 09:56:12,34757.1,0
2021-06-24 09:56:13,34757.9,0
2021-06-24 09:56:14,34758.45,0
2021-06-24 09:56:15,34759.55,0
2021-06-24 09:56:16,34760.55,0
2021-06-24 09:56:17,34758.3,0
2021-06-24 09:56:18,34760.2,0
2021-06-24 09:56:19,34768.45,0
2021-06-24 09:56:20,34763.6,0
2021-06-24 09:56:21,34760.8,0
2021-06-24 09:56:22,34762.15,0
2021-06-24 09:56:23,34762.65,0
2021-06-24 09:56:24,34763.6,0
2021-06-24 09:56:25,34763.85,0
2021-06-24 09:56:26,34763.55,0
2021-06-24 09:56:28,34762.45,0
2021-06-24 09:56:29,34763.15,0
2021-06-24 09:56:30,34763.75,0
2021-06-24 09:56:31,34763.55,0
2021-06-24 09:56:32,34761.1,0
2021-06-24 09:56:33,34765.95,0
2021-06-24 09:56:34,34763.1,0
2021-06-24 09:56:35,34763.8,0
2021-06-24 09:56:36,34761.85,0
2021-06-24 09:56:37,34763.75,0
2021-06-24 09:56:38,34764.35,0
2021-06-24 09:56:39,34763.15,0
2021-06-24 09:56:40,34763.2,0
2021-06-24 09:56:41,34763.45,0
2021-06-24 09:56:42,34764.55,0
2021-06-24 09:56:43,34765.6,0
2021-06-24 09:56:44,34766.35,0
2021-06-24 09:56:45,34764.8,0
2021-06-24 09:56:46,34766.7,0
2021-06-24 09:56:47,34764.3,0
2021-06-24 09:56:48,34764.4,0
2021-06-24 09:56:49,34767.15,0
2021-06-24 09:56:50,34764.5,0
2021-06-24 09:56:51,34764.1,0
2021-06-24 09:56:52,34765.4,0
2021-06-24 09:56:53,34765.85,0
2021-06-24 09:56:54,34769.1,0
2021-06-24 09:56:55,34767.6,0
2021-06-24 09:56:56,34765.4,0
2021-06-24 09:56:57,34764.2,0
2021-06-24 09:56:58,34764.95,0
2021-06-24 09:56:59,34765.4,0
2021-06-24 09:57:00,34764.55,0
2021-06-24 09:57:02,34764.05,0
2021-06-24 09:57:03,34764.5,0
2021-06-24 09:57:04,34766.35,0
2021-06-24 09:57:05,34767.2,0
2021-06-24 09:57:06,34766.8,0
2021-06-24 09:57:07,34765.75,0
2021-06-24 09:57:08,34767.65,0
2021-06-24 09:57:10,34769.4,0
2021-06-24 09:57:11,34766.9,0
2021-06-24 09:57:12,34767.7,0
2021-06-24 09:57:13,34767.4,0
2021-06-24 09:57:14,34768.35,0
2021-06-24 09:57:15,34769.85,0
2021-06-24 09:57:16,34768.65,0
2021-06-24 09:57:17,34769.3,0
2021-06-24 09:57:18,34769.4,0
2021-06-24 09:57:19,34770.6,0
2021-06-24 09:57:20,34768.3,0
2021-06-24 09:57:21,34768.8,0
2021-06-24 09:57:22,34768.35,0
2021-06-24 09:57:23,34772.9,0
2021-06-24 09:57:24,34773.55,0
2021-06-24 09:57:25,34768.7,0
2021-06-24 09:57:26,34772.2,0
2021-06-24 09:57:27,34769.0,0
2021-06-24 09:57:28,34770.5,0
2021-06-24 09:57:29,34770.1,0
2021-06-24 09:57:30,34769.4,0
2021-06-24 09:57:31,34768.95,0
2021-06-24 09:57:32,34769.3,0
2021-06-24 09:57:33,34768.1,0
2021-06-24 09:57:34,34768.5,0
2021-06-24 09:57:35,34769.2,0
2021-06-24 09:57:36,34768.45,0
2021-06-24 09:57:37,34767.55,0
2021-06-24 09:57:38,34768.3,0
2021-06-24 09:57:39,34767.2,0
2021-06-24 09:57:40,34768.85,0
2021-06-24 09:57:41,34767.85,0
2021-06-24 09:57:42,34767.15,0
2021-06-24 09:57:43,34768.15,0
2021-06-24 09:57:44,34768.9,0
2021-06-24 09:57:45,34771.7,0
2021-06-24 09:57:46,34771.5,0
2021-06-24 09:57:47,34774.4,0
2021-06-24 09:57:48,34774.65,0
2021-06-24 09:57:49,34772.95,0
2021-06-24 09:57:50,34774.7,0
2021-06-24 09:57:51,34773.25,0
2021-06-24 09:57:52,34773.1,0
2021-06-24 09:57:53,34773.35,0
2021-06-24 09:57:54,34776.75,0
2021-06-24 09:57:55,34772.15,0
2021-06-24 09:57:56,34773.3,0
2021-06-24 09:57:57,34772.65,0
2021-06-24 09:57:58,34773.25,0
2021-06-24 09:57:59,34772.95,0
2021-06-24 09:58:00,34771.5,0
2021-06-24 09:58:01,34773.35,0
2021-06-24 09:58:02,34772.45,0
2021-06-24 09:58:03,34773.9,0
2021-06-24 09:58:04,34773.45,0
2021-06-24 09:58:05,34772.3,0
2021-06-24 09:58:06,34773.55,0
2021-06-24 09:58:07,34775.25,0
2021-06-24 09:58:08,34775.05,0
2021-06-24 09:58:09,34773.05,0
2021-06-24 09:58:10,34774.1,0
2021-06-24 09:58:11,34776.3,0
2021-06-24 09:58:12,34773.85,0
2021-06-24 09:58:13,34776.5,0
2021-06-24 09:58:14,34776.0,0
2021-06-24 09:58:15,34775.6,0
2021-06-24 09:58:16,34775.85,0
2021-06-24 09:58:17,34776.1,0
2021-06-24 09:58:18,34776.1,0
2021-06-24 09:58:19,34774.95,0
2021-06-24 09:58:20,34770.4,0
2021-06-24 09:58:21,34771.2,0
2021-06-24 09:58:22,34773.75,0
2021-06-24 09:58:23,34774.95,0
2021-06-24 09:58:24,34774.0,0
2021-06-24 09:58:25,34773.55,0
2021-06-24 09:58:26,34774.3,0
2021-06-24 09:58:27,34775.05,0
2021-06-24 09:58:28,34773.85,0
2021-06-24 09:58:29,34769.85,0
2021-06-24 09:58:30,34771.3,0
2021-06-24 09:58:31,34770.0,0
2021-06-24 09:58:32,34771.05,0
2021-06-24 09:58:33,34770.75,0
2021-06-24 09:58:35,34770.05,0
2021-06-24 09:58:36,34771.95,0
2021-06-24 09:58:37,34772.6,0
2021-06-24 09:58:38,34773.05,0
2021-06-24 09:58:39,34777.4,0
2021-06-24 09:58:40,34775.05,0
2021-06-24 09:58:41,34775.15,0
2021-06-24 09:58:42,34774.4,0
2021-06-24 09:58:43,34774.75,0
2021-06-24 09:58:44,34774.3,0
2021-06-24 09:58:45,34777.8,0
2021-06-24 09:58:46,34778.1,0
2021-06-24 09:58:47,34775.0,0
2021-06-24 09:58:48,34775.1,0
2021-06-24 09:58:49,34774.3,0
2021-06-24 09:58:50,34777.2,0
2021-06-24 09:58:51,34774.9,0
2021-06-24 09:58:52,34776.35,0
2021-06-24 09:58:53,34776.3,0
2021-06-24 09:58:54,34778.6,0
2021-06-24 09:58:55,34777.9,0
2021-06-24 09:58:56,34777.5,0
2021-06-24 09:58:57,34777.25,0
2021-06-24 09:58:58,34775.75,0
2021-06-24 09:58:59,34775.15,0
2021-06-24 09:59:00,34775.3,0
2021-06-24 09:59:01,34777.7,0
2021-06-24 09:59:02,34777.85,0
2021-06-24 09:59:03,34778.4,0
2021-06-24 09:59:04,34777.0,0
2021-06-24 09:59:05,34776.7,0
2021-06-24 09:59:06,34774.9,0
2021-06-24 09:59:07,34775.15,0
2021-06-24 09:59:08,34774.65,0
2021-06-24 09:59:09,34779.4,0
2021-06-24 09:59:10,34776.75,0
2021-06-24 09:59:11,34774.1,0
2021-06-24 09:59:12,34776.05,0
2021-06-24 09:59:13,34775.45,0
2021-06-24 09:59:15,34776.15,0
2021-06-24 09:59:16,34775.5,0
2021-06-24 09:59:17,34774.0,0
2021-06-24 09:59:18,34771.65,0
2021-06-24 09:59:19,34773.1,0
2021-06-24 09:59:20,34774.25,0
2021-06-24 09:59:21,34772.4,0
2021-06-24 09:59:22,34772.4,0
2021-06-24 09:59:23,34775.0,0
2021-06-24 09:59:24,34772.5,0
2021-06-24 09:59:25,34771.3,0
2021-06-24 09:59:26,34770.4,0
2021-06-24 09:59:27,34769.65,0
2021-06-24 09:59:28,34771.65,0
2021-06-24 09:59:29,34768.4,0
2021-06-24 09:59:31,34769.75,0
2021-06-24 09:59:33,34771.3,0
2021-06-24 09:59:35,34770.65,0
2021-06-24 09:59:36,34771.55,0
2021-06-24 09:59:37,34769.35,0
2021-06-24 09:59:38,34772.65,0
2021-06-24 09:59:39,34770.1,0
2021-06-24 09:59:40,34768.5,0
2021-06-24 09:59:41,34767.05,0
2021-06-24 09:59:42,34768.2,0
2021-06-24 09:59:43,34766.6,0
2021-06-24 09:59:44,34768.65,0
2021-06-24 09:59:45,34770.45,0
2021-06-24 09:59:46,34769.05,0
2021-06-24 09:59:47,34772.9,0
2021-06-24 09:59:48,34770.75,0
2021-06-24 09:59:49,34772.85,0
2021-06-24 09:59:50,34774.35,0
2021-06-24 09:59:51,34774.85,0
2021-06-24 09:59:52,34774.5,0
2021-06-24 09:59:53,34773.8,0
2021-06-24 09:59:54,34772.55,0
2021-06-24 09:59:55,34775.15,0
2021-06-24 09:59:56,34775.0,0
2021-06-24 09:59:57,34772.9,0
2021-06-24 09:59:58,34774.1,0
2021-06-24 09:59:59,34774.75,0
2021-06-24 10:00:00,34775.5,0
2021-06-24 10:00:01,34780.3,0
2021-06-24 10:00:02,34778.05,0
2021-06-24 10:00:03,34777.55,0
2021-06-24 10:00:04,34776.8,0
2021-06-24 10:00:05,34777.65,0
2021-06-24 10:00:06,34777.9,0
2021-06-24 10:00:07,34781.3,0
2021-06-24 10:00:08,34778.8,0
2021-06-24 10:00:09,34779.75,0
2021-06-24 10:00:10,34778.1,0
2021-06-24 10:00:11,34779.3,0
2021-06-24 10:00:12,34776.8,0
2021-06-24 10:00:13,34778.9,0
2021-06-24 10:00:14,34777.55,0
2021-06-24 10:00:15,34777.85,0
2021-06-24 10:00:16,34779.1,0
2021-06-24 10:00:17,34779.7,0
2021-06-24 10:00:18,34777.5,0
2021-06-24 10:00:19,34778.45,0
2021-06-24 10:00:20,34778.55,0
2021-06-24 10:00:21,34778.45,0
2021-06-24 10:00:22,34778.65,0
2021-06-24 10:00:23,34777.5,0
2021-06-24 10:00:24,34780.05,0
2021-06-24 10:00:25,34777.65,0
2021-06-24 10:00:26,34778.95,0
2021-06-24 10:00:28,34781.25,0
2021-06-24 10:00:29,34780.5,0
2021-06-24 10:00:30,34779.0,0
2021-06-24 10:00:31,34781.45,0
2021-06-24 10:00:32,34780.9,0
2021-06-24 10:00:33,34780.9,0
2021-06-24 10:00:34,34782.65,0
2021-06-24 10:00:35,34780.9,0
2021-06-24 10:00:36,34780.8,0
2021-06-24 10:00:37,34778.6,0
2021-06-24 10:00:39,34776.2,0
2021-06-24 10:00:40,34780.05,0
2021-06-24 10:00:41,34777.95,0
2021-06-24 10:00:42,34782.35,0
2021-06-24 10:00:43,34779.1,0
2021-06-24 10:00:44,34777.3,0
2021-06-24 10:00:45,34776.1,0
2021-06-24 10:00:46,34767.25,0
2021-06-24 10:00:47,34771.5,0
2021-06-24 10:00:48,34777.65,0
2021-06-24 10:00:49,34772.25,0
2021-06-24 10:00:50,34771.0,0
2021-06-24 10:00:51,34769.2,0
2021-06-24 10:00:52,34775.4,0
2021-06-24 10:00:53,34774.2,0
2021-06-24 10:00:54,34774.7,0
2021-06-24 10:00:55,34774.55,0
2021-06-24 10:00:56,34773.35,0
2021-06-24 10:00:57,34773.2,0
2021-06-24 10:00:58,34774.75,0
2021-06-24 10:00:59,34773.8,0
2021-06-24 10:01:00,34775.75,0
2021-06-24 10:01:01,34774.55,0
2021-06-24 10:01:03,34774.35,0
2021-06-24 10:01:04,34774.1,0
2021-06-24 10:01:05,34774.05,0
2021-06-24 10:01:07,34772.3,0
2021-06-24 10:01:08,34772.15,0
2021-06-24 10:01:09,34770.7,0
2021-06-24 10:01:10,34769.25,0
2021-06-24 10:01:11,34770.45,0
2021-06-24 10:01:12,34771.85,0
2021-06-24 10:01:13,34771.85,0
2021-06-24 10:01:14,34772.4,0
2021-06-24 10:01:15,34772.15,0
2021-06-24 10:01:16,34771.7,0
2021-06-24 10:01:17,34770.95,0
2021-06-24 10:01:18,34768.85,0
2021-06-24 10:01:19,34769.35,0
2021-06-24 10:01:20,34768.1,0
2021-06-24 10:01:21,34768.8,0
2021-06-24 10:01:22,34769.55,0
2021-06-24 10:01:23,34768.35,0
2021-06-24 10:01:24,34767.45,0
2021-06-24 10:01:25,34765.6,0
2021-06-24 10:01:26,34766.15,0
2021-06-24 10:01:27,34768.65,0
2021-06-24 10:01:28,34765.45,0
2021-06-24 10:01:29,34767.65,0
2021-06-24 10:01:30,34768.6,0
2021-06-24 10:01:31,34769.75,0
2021-06-24 10:01:32,34767.65,0
2021-06-24 10:01:33,34765.85,0
2021-06-24 10:01:34,34766.5,0
2021-06-24 10:01:35,34767.7,0
2021-06-24 10:01:36,34765.55,0
2021-06-24 10:01:37,34765.45,0
2021-06-24 10:01:38,34766.95,0
2021-06-24 10:01:39,34765.8,0
2021-06-24 10:01:40,34765.95,0
2021-06-24 10:01:41,34766.3,0
2021-06-24 10:01:42,34765.6,0
2021-06-24 10:01:43,34763.9,0
2021-06-24 10:01:44,34763.1,0
2021-06-24 10:01:45,34764.8,0
2021-06-24 10:01:46,34765.7,0
2021-06-24 10:01:47,34764.3,0
2021-06-24 10:01:48,34762.45,0
2021-06-24 10:01:49,34763.2,0
2021-06-24 10:01:50,34762.35,0
2021-06-24 10:01:51,34762.6,0
2021-06-24 10:01:52,34760.9,0
2021-06-24 10:01:53,34760.25,0
2021-06-24 10:01:54,34762.65,0
2021-06-24 10:01:55,34757.05,0
2021-06-24 10:01:56,34758.9,0
2021-06-24 10:01:57,34758.65,0
2021-06-24 10:01:58,34758.9,0
2021-06-24 10:01:59,34757.2,0
2021-06-24 10:02:00,34757.8,0
2021-06-24 10:02:01,34758.1,0
2021-06-24 10:02:02,34757.45,0
2021-06-24 10:02:05,34755.5,0
2021-06-24 10:02:06,34757.25,0
2021-06-24 10:02:07,34756.9,0
2021-06-24 10:02:08,34756.7,0
2021-06-24 10:02:09,34756.9,0
2021-06-24 10:02:10,34755.4,0
2021-06-24 10:02:11,34759.3,0
2021-06-24 10:02:12,34755.65,0
2021-06-24 10:02:13,34755.05,0
2021-06-24 10:02:14,34755.35,0
2021-06-24 10:02:15,34755.4,0
2021-06-24 10:02:16,34758.65,0
2021-06-24 10:02:17,34757.35,0
2021-06-24 10:02:18,34755.95,0
2021-06-24 10:02:19,34754.05,0
2021-06-24 10:02:20,34755.4,0
2021-06-24 10:02:21,34754.3,0
2021-06-24 10:02:22,34754.25,0
2021-06-24 10:02:23,34752.0,0
2021-06-24 10:02:24,34753.3,0
2021-06-24 10:02:25,34756.65,0
2021-06-24 10:02:26,34755.25,0
2021-06-24 10:02:27,34757.3,0
2021-06-24 10:02:28,34754.9,0
2021-06-24 10:02:29,34754.5,0
2021-06-24 10:02:30,34754.15,0
2021-06-24 10:02:31,34753.2,0
2021-06-24 10:02:32,34755.35,0
2021-06-24 10:02:33,34755.6,0
2021-06-24 10:02:34,34755.05,0
2021-06-24 10:02:35,34754.15,0
2021-06-24 10:02:36,34753.15,0
2021-06-24 10:02:38,34748.95,0
2021-06-24 10:02:39,34745.5,0
2021-06-24 10:02:40,34745.05,0
2021-06-24 10:02:41,34745.85,0
2021-06-24 10:02:42,34744.8,0
2021-06-24 10:02:43,34743.05,0
2021-06-24 10:02:44,34742.4,0
2021-06-24 10:02:45,34746.5,0
2021-06-24 10:02:49,34754.95,0
2021-06-24 10:02:50,34751.0,0
2021-06-24 10:02:53,34753.05,0
2021-06-24 10:02:54,34750.8,0
2021-06-24 10:02:55,34750.0,0
2021-06-24 10:02:56,34752.05,0
2021-06-24 10:02:57,34747.5,0
2021-06-24 10:02:58,34748.5,0
2021-06-24 10:02:59,34747.0,0
2021-06-24 10:03:01,34745.8,0
2021-06-24 10:03:02,34743.05,0
2021-06-24 10:03:03,34744.2,0
2021-06-24 10:03:04,34745.15,0
2021-06-24 10:03:05,34742.8,0
2021-06-24 10:03:06,34746.25,0
2021-06-24 10:03:07,34750.35,0
2021-06-24 10:03:08,34751.7,0
2021-06-24 10:03:09,34751.05,0
2021-06-24 10:03:10,34749.35,0
2021-06-24 10:03:11,34747.85,0
2021-06-24 10:03:12,34744.45,0
2021-06-24 10:03:13,34746.2,0
2021-06-24 10:03:14,34748.5,0
2021-06-24 10:03:15,34747.0,0
2021-06-24 10:03:16,34746.8,0
2021-06-24 10:03:17,34748.45,0
2021-06-24 10:03:18,34746.75,0
2021-06-24 10:03:19,34747.25,0
2021-06-24 10:03:20,34750.4,0
2021-06-24 10:03:21,34748.75,0
2021-06-24 10:03:22,34748.8,0
2021-06-24 10:03:23,34746.95,0
2021-06-24 10:03:24,34747.45,0
2021-06-24 10:03:26,34749.65,0
2021-06-24 10:03:27,34747.7,0
2021-06-24 10:03:28,34744.25,0
2021-06-24 10:03:29,34743.45,0
2021-06-24 10:03:30,34747.85,0
2021-06-24 10:03:31,34745.65,0
2021-06-24 10:03:32,34744.7,0
2021-06-24 10:03:33,34743.25,0
2021-06-24 10:03:34,34739.05,0
2021-06-24 10:03:35,34736.9,0
2021-06-24 10:03:36,34739.7,0
2021-06-24 10:03:37,34744.95,0
2021-06-24 10:03:38,34743.75,0
2021-06-24 10:03:39,34740.1,0
2021-06-24 10:03:40,34743.65,0
2021-06-24 10:03:41,34738.5,0
2021-06-24 10:03:42,34740.55,0
2021-06-24 10:03:43,34741.8,0
2021-06-24 10:03:44,34741.25,0
2021-06-24 10:03:45,34741.25,0
2021-06-24 10:03:46,34739.0,0
2021-06-24 10:03:47,34742.4,0
2021-06-24 10:03:48,34742.5,0
2021-06-24 10:03:49,34743.9,0
2021-06-24 10:03:51,34740.85,0
2021-06-24 10:03:52,34741.25,0
2021-06-24 10:03:53,34743.65,0
2021-06-24 10:03:54,34741.65,0
2021-06-24 10:03:55,34742.2,0
2021-06-24 10:03:56,34742.75,0
2021-06-24 10:03:57,34740.2,0
2021-06-24 10:03:59,34741.75,0
2021-06-24 10:04:00,34739.35,0
2021-06-24 10:04:01,34740.55,0
2021-06-24 10:04:02,34740.55,0
2021-06-24 10:04:03,34742.7,0
2021-06-24 10:04:05,34739.35,0
2021-06-24 10:04:06,34740.35,0
2021-06-24 10:04:07,34739.35,0
2021-06-24 10:04:08,34738.95,0
2021-06-24 10:04:09,34737.85,0
2021-06-24 10:04:10,34738.25,0
2021-06-24 10:04:11,34736.9,0
2021-06-24 10:04:12,34736.05,0
2021-06-24 10:04:13,34736.1,0
2021-06-24 10:04:14,34735.05,0
2021-06-24 10:04:15,34734.55,0
2021-06-24 10:04:16,34733.5,0
2021-06-24 10:04:17,34732.7,0
2021-06-24 10:04:18,34730.1,0
2021-06-24 10:04:19,34730.3,0
2021-06-24 10:04:20,34729.15,0
2021-06-24 10:04:21,34730.05,0
2021-06-24 10:04:22,34732.35,0
2021-06-24 10:04:23,34731.2,0
2021-06-24 10:04:24,34731.3,0
2021-06-24 10:04:25,34732.25,0
2021-06-24 10:04:26,34731.55,0
2021-06-24 10:04:27,34732.3,0
2021-06-24 10:04:28,34732.4,0
2021-06-24 10:04:30,34729.05,0
2021-06-24 10:04:31,34729.85,0
2021-06-24 10:04:32,34728.05,0
2021-06-24 10:04:33,34731.0,0
2021-06-24 10:04:34,34728.75,0
2021-06-24 10:04:36,34730.8,0
2021-06-24 10:04:37,34730.9,0
2021-06-24 10:04:38,34729.75,0
2021-06-24 10:04:39,34729.4,0
2021-06-24 10:04:40,34728.15,0
2021-06-24 10:04:42,34728.6,0
2021-06-24 10:04:43,34735.0,0
2021-06-24 10:04:44,34733.75,0
2021-06-24 10:04:45,34732.6,0
2021-06-24 10:04:46,34733.65,0
2021-06-24 10:04:47,34735.2,0
2021-06-24 10:04:48,34733.45,0
2021-06-24 10:04:49,34732.1,0
2021-06-24 10:04:50,34729.95,0
2021-06-24 10:04:51,34731.55,0
2021-06-24 10:04:52,34730.35,0
2021-06-24 10:04:53,34730.15,0
2021-06-24 10:04:54,34732.65,0
2021-06-24 10:04:55,34734.1,0
2021-06-24 10:04:56,34737.7,0
2021-06-24 10:04:57,34732.3,0
2021-06-24 10:04:58,34731.35,0
2021-06-24 10:04:59,34731.15,0
2021-06-24 10:05:00,34731.25,0
2021-06-24 10:05:01,34731.4,0
2021-06-24 10:05:02,34731.9,0
2021-06-24 10:05:03,34733.45,0
2021-06-24 10:05:04,34730.75,0
2021-06-24 10:05:05,34733.85,0
2021-06-24 10:05:06,34730.8,0
2021-06-24 10:05:08,34734.8,0
2021-06-24 10:05:09,34733.55,0
2021-06-24 10:05:10,34732.25,0
2021-06-24 10:05:11,34734.05,0
2021-06-24 10:05:12,34731.75,0
2021-06-24 10:05:13,34733.3,0
2021-06-24 10:05:14,34733.1,0
2021-06-24 10:05:15,34732.5,0
2021-06-24 10:05:16,34735.6,0
2021-06-24 10:05:17,34734.55,0
2021-06-24 10:05:18,34733.8,0
2021-06-24 10:05:19,34732.45,0
2021-06-24 10:05:20,34735.65,0
2021-06-24 10:05:21,34739.95,0
2021-06-24 10:05:22,34734.9,0
2021-06-24 10:05:23,34744.55,0
2021-06-24 10:05:24,34734.65,0
2021-06-24 10:05:25,34734.4,0
2021-06-24 10:05:26,34735.95,0
2021-06-24 10:05:27,34736.65,0
2021-06-24 10:05:28,34736.3,0
2021-06-24 10:05:29,34736.55,0
2021-06-24 10:05:30,34734.25,0
2021-06-24 10:05:31,34733.0,0
2021-06-24 10:05:33,34734.5,0
2021-06-24 10:05:34,34735.55,0
2021-06-24 10:05:35,34736.05,0
2021-06-24 10:05:36,34737.7,0
2021-06-24 10:05:37,34735.1,0
2021-06-24 10:05:38,34737.0,0
2021-06-24 10:05:40,34736.75,0
2021-06-24 10:05:41,34735.95,0
2021-06-24 10:05:42,34737.7,0
2021-06-24 10:05:43,34738.1,0
2021-06-24 10:05:44,34733.9,0
2021-06-24 10:05:45,34736.4,0
2021-06-24 10:05:46,34732.55,0
2021-06-24 10:05:47,34734.45,0
2021-06-24 10:05:48,34734.65,0
2021-06-24 10:05:49,34733.25,0
2021-06-24 10:05:50,34735.75,0
2021-06-24 10:05:51,34735.55,0
2021-06-24 10:05:52,34736.45,0
2021-06-24 10:05:53,34732.9,0
2021-06-24 10:05:54,34732.8,0
2021-06-24 10:05:55,34732.2,0
2021-06-24 10:05:56,34735.25,0
2021-06-24 10:05:57,34733.95,0
2021-06-24 10:05:58,34736.45,0
2021-06-24 10:05:59,34736.5,0
2021-06-24 10:06:00,34736.5,0
2021-06-24 10:06:02,34733.5,0
2021-06-24 10:06:03,34733.75,0
2021-06-24 10:06:04,34733.75,0
2021-06-24 10:06:05,34734.85,0
2021-06-24 10:06:06,34734.3,0
2021-06-24 10:06:07,34730.8,0
2021-06-24 10:06:09,34733.25,0
2021-06-24 10:06:11,34735.05,0
2021-06-24 10:06:13,34732.4,0
2021-06-24 10:06:14,34734.7,0
2021-06-24 10:06:15,34732.55,0
2021-06-24 10:06:16,34736.8,0
2021-06-24 10:06:17,34732.9,0
2021-06-24 10:06:18,34734.45,0
2021-06-24 10:06:19,34730.9,0
2021-06-24 10:06:20,34733.65,0
2021-06-24 10:06:21,34731.45,0
2021-06-24 10:06:23,34733.2,0
2021-06-24 10:06:24,34731.9,0
2021-06-24 10:06:25,34730.6,0
2021-06-24 10:06:26,34733.6,0
2021-06-24 10:06:27,34732.5,0
2021-06-24 10:06:28,34732.1,0
2021-06-24 10:06:29,34730.15,0
2021-06-24 10:06:30,34730.75,0
2021-06-24 10:06:31,34731.15,0
2021-06-24 10:06:32,34732.15,0
2021-06-24 10:06:33,34731.1,0
2021-06-24 10:06:35,34729.7,0
2021-06-24 10:06:36,34727.05,0
2021-06-24 10:06:37,34727.5,0
2021-06-24 10:06:38,34728.6,0
2021-06-24 10:06:39,34730.0,0
2021-06-24 10:06:41,34726.45,0
2021-06-24 10:06:42,34724.9,0
2021-06-24 10:06:44,34729.5,0
2021-06-24 10:06:45,34728.7,0
2021-06-24 10:06:46,34727.8,0
2021-06-24 10:06:48,34727.55,0
2021-06-24 10:06:49,34723.95,0
2021-06-24 10:06:50,34724.55,0
2021-06-24 10:06:51,34723.45,0
2021-06-24 10:06:52,34724.15,0
2021-06-24 10:06:53,34726.0,0
2021-06-24 10:06:54,34726.55,0
2021-06-24 10:06:55,34726.4,0
2021-06-24 10:06:56,34723.6,0
2021-06-24 10:06:57,34723.85,0
2021-06-24 10:06:58,34723.7,0
2021-06-24 10:06:59,34723.3,0
2021-06-24 10:07:00,34721.5,0
2021-06-24 10:07:01,34721.5,0
2021-06-24 10:07:02,34723.8,0
2021-06-24 10:07:03,34724.95,0
2021-06-24 10:07:04,34727.4,0
2021-06-24 10:07:05,34725.6,0
2021-06-24 10:07:06,34725.9,0
2021-06-24 10:07:08,34724.25,0
2021-06-24 10:07:09,34727.55,0
2021-06-24 10:07:10,34728.75,0
2021-06-24 10:07:11,34726.2,0
2021-06-24 10:07:12,34725.75,0
2021-06-24 10:07:13,34725.15,0
2021-06-24 10:07:15,34726.2,0
2021-06-24 10:07:16,34727.5,0
2021-06-24 10:07:17,34728.65,0
2021-06-24 10:07:18,34727.3,0
2021-06-24 10:07:20,34723.3,0
2021-06-24 10:07:21,34724.5,0
2021-06-24 10:07:22,34725.3,0
2021-06-24 10:07:23,34725.2,0
2021-06-24 10:07:24,34726.3,0
2021-06-24 10:07:25,34732.75,0
2021-06-24 10:07:26,34727.15,0
2021-06-24 10:07:27,34730.5,0
2021-06-24 10:07:28,34725.5,0
2021-06-24 10:07:29,34727.6,0
2021-06-24 10:07:30,34726.75,0
2021-06-24 10:07:31,34727.95,0
2021-06-24 10:07:32,34727.4,0
2021-06-24 10:07:34,34726.7,0
2021-06-24 10:07:37,34724.45,0
2021-06-24 10:07:38,34724.4,0
2021-06-24 10:07:39,34724.95,0
2021-06-24 10:07:40,34725.55,0
2021-06-24 10:07:41,34726.15,0
2021-06-24 10:07:42,34726.6,0
2021-06-24 10:07:43,34724.5,0
2021-06-24 10:07:45,34722.9,0
2021-06-24 10:07:46,34722.4,0
2021-06-24 10:07:47,34720.85,0
2021-06-24 10:07:48,34720.25,0
2021-06-24 10:07:49,34724.3,0
2021-06-24 10:07:50,34721.25,0
2021-06-24 10:07:51,34719.8,0
2021-06-24 10:07:52,34724.1,0
2021-06-24 10:07:53,34723.1,0
2021-06-24 10:07:54,34722.85,0
2021-06-24 10:07:55,34722.05,0
2021-06-24 10:07:56,34723.1,0
2021-06-24 10:07:57,34723.25,0
2021-06-24 10:07:58,34722.15,0
2021-06-24 10:08:00,34720.95,0
2021-06-24 10:08:01,34722.65,0
2021-06-24 10:08:02,34721.55,0
2021-06-24 10:08:03,34718.05,0
2021-06-24 10:08:04,34719.05,0
2021-06-24 10:08:05,34721.0,0
2021-06-24 10:08:06,34720.15,0
2021-06-24 10:08:07,34715.7,0
2021-06-24 10:08:08,34719.4,0
2021-06-24 10:08:09,34716.5,0
2021-06-24 10:08:10,34718.1,0
2021-06-24 10:08:11,34717.15,0
2021-06-24 10:08:12,34718.75,0
2021-06-24 10:08:13,34719.8,0
2021-06-24 10:08:14,34719.6,0
2021-06-24 10:08:16,34718.0,0
2021-06-24 10:08:17,34718.75,0
2021-06-24 10:08:18,34720.15,0
2021-06-24 10:08:19,34720.5,0
2021-06-24 10:08:20,34717.85,0
2021-06-24 10:08:22,34717.3,0
2021-06-24 10:08:23,34717.25,0
2021-06-24 10:08:24,34711.8,0
2021-06-24 10:08:25,34713.15,0
2021-06-24 10:08:26,34712.5,0
2021-06-24 10:08:27,34714.35,0
2021-06-24 10:08:28,34717.05,0
2021-06-24 10:08:29,34717.8,0
2021-06-24 10:08:30,34715.05,0
2021-06-24 10:08:31,34716.55,0
2021-06-24 10:08:32,34715.5,0
2021-06-24 10:08:33,34715.25,0
2021-06-24 10:08:34,34714.75,0
2021-06-24 10:08:35,34716.45,0
2021-06-24 10:08:36,34717.9,0
2021-06-24 10:08:37,34716.05,0
2021-06-24 10:08:38,34714.85,0
2021-06-24 10:08:39,34718.05,0
2021-06-24 10:08:40,34721.2,0
2021-06-24 10:08:41,34722.9,0
2021-06-24 10:08:42,34721.35,0
2021-06-24 10:08:43,34721.0,0
2021-06-24 10:08:44,34723.75,0
2021-06-24 10:08:45,34721.6,0
2021-06-24 10:08:46,34722.85,0
2021-06-24 10:08:47,34719.25,0
2021-06-24 10:08:48,34719.3,0
2021-06-24 10:08:49,34722.6,0
2021-06-24 10:08:50,34718.95,0
2021-06-24 10:08:51,34717.65,0
2021-06-24 10:08:52,34719.9,0
2021-06-24 10:08:53,34717.35,0
2021-06-24 10:08:54,34719.95,0
2021-06-24 10:08:55,34717.9,0
2021-06-24 10:08:56,34716.75,0
2021-06-24 10:08:57,34717.05,0
2021-06-24 10:08:58,34715.7,0
2021-06-24 10:08:59,34717.6,0
2021-06-24 10:09:00,34715.35,0
2021-06-24 10:09:01,34719.5,0
2021-06-24 10:09:02,34717.9,0
2021-06-24 10:09:03,34718.5,0
2021-06-24 10:09:04,34719.05,0
2021-06-24 10:09:05,34717.9,0
2021-06-24 10:09:06,34716.75,0
2021-06-24 10:09:07,34716.6,0
2021-06-24 10:09:08,34715.7,0
2021-06-24 10:09:09,34713.75,0
2021-06-24 10:09:11,34715.7,0
2021-06-24 10:09:12,34716.35,0
2021-06-24 10:09:13,34719.75,0
2021-06-24 10:09:14,34719.0,0
2021-06-24 10:09:15,34718.0,0
2021-06-24 10:09:16,34719.5,0
2021-06-24 10:09:17,34719.65,0
2021-06-24 10:09:18,34715.25,0
2021-06-24 10:09:19,34722.15,0
2021-06-24 10:09:21,34718.9,0
2021-06-24 10:09:22,34717.65,0
2021-06-24 10:09:23,34719.4,0
2021-06-24 10:09:26,34716.1,0
2021-06-24 10:09:27,34717.15,0
2021-06-24 10:09:28,34716.1,0
2021-06-24 10:09:29,34716.2,0
2021-06-24 10:09:30,34715.8,0
2021-06-24 10:09:32,34711.9,0
2021-06-24 10:09:33,34711.3,0
2021-06-24 10:09:34,34713.9,0
2021-06-24 10:09:35,34717.0,0
2021-06-24 10:09:36,34718.85,0
2021-06-24 10:09:37,34717.35,0
2021-06-24 10:09:38,34721.35,0
2021-06-24 10:09:39,34720.5,0
2021-06-24 10:09:40,34720.45,0
2021-06-24 10:09:41,34717.35,0
2021-06-24 10:09:43,34715.05,0
2021-06-24 10:09:44,34716.55,0
2021-06-24 10:09:45,34717.0,0
2021-06-24 10:09:46,34718.7,0
2021-06-24 10:09:47,34718.1,0
2021-06-24 10:09:48,34718.65,0
2021-06-24 10:09:49,34722.65,0
2021-06-24 10:09:51,34721.2,0
2021-06-24 10:09:52,34722.05,0
2021-06-24 10:09:53,34726.65,0
2021-06-24 10:09:54,34723.15,0
2021-06-24 10:09:56,34722.7,0
2021-06-24 10:09:57,34723.35,0
2021-06-24 10:09:58,34721.65,0
2021-06-24 10:09:59,34722.4,0
2021-06-24 10:10:00,34725.2,0
2021-06-24 10:10:01,34722.95,0
2021-06-24 10:10:03,34723.8,0
2021-06-24 10:10:04,34723.55,0
2021-06-24 10:10:07,34720.3,0
2021-06-24 10:10:08,34719.05,0
2021-06-24 10:10:09,34721.25,0
2021-06-24 10:10:10,34723.75,0
2021-06-24 10:10:11,34723.15,0
2021-06-24 10:10:12,34721.45,0
2021-06-24 10:10:13,34721.0,0
2021-06-24 10:10:14,34722.55,0
2021-06-24 10:10:15,34725.15,0
2021-06-24 10:10:16,34724.55,0
2021-06-24 10:10:17,34720.3,0
2021-06-24 10:10:18,34721.8,0
2021-06-24 10:10:19,34722.65,0
2021-06-24 10:10:20,34718.8,0
2021-06-24 10:10:21,34721.8,0
2021-06-24 10:10:22,34718.95,0
2021-06-24 10:10:23,34716.6,0
2021-06-24 10:10:24,34720.9,0
2021-06-24 10:10:26,34719.75,0
2021-06-24 10:10:27,34722.8,0
2021-06-24 10:10:28,34719.9,0
2021-06-24 10:10:29,34720.1,0
2021-06-24 10:10:30,34719.25,0
2021-06-24 10:10:33,34722.95,0
2021-06-24 10:10:34,34723.75,0
2021-06-24 10:10:35,34720.6,0
2021-06-24 10:10:36,34721.45,0
2021-06-24 10:10:37,34721.15,0
2021-06-24 10:10:38,34721.0,0
2021-06-24 10:10:39,34723.15,0
2021-06-24 10:10:41,34721.65,0
2021-06-24 10:10:42,34721.8,0
2021-06-24 10:10:43,34723.75,0
2021-06-24 10:10:44,34722.9,0
2021-06-24 10:10:45,34722.95,0
2021-06-24 10:10:46,34727.1,0
2021-06-24 10:10:48,34725.05,0
2021-06-24 10:10:49,34724.05,0
2021-06-24 10:10:50,34729.25,0
2021-06-24 10:10:51,34734.0,0
2021-06-24 10:10:52,34734.25,0
2021-06-24 10:10:53,34729.45,0
2021-06-24 10:10:54,34732.9,0
2021-06-24 10:10:55,34732.45,0
2021-06-24 10:10:56,34732.2,0
2021-06-24 10:10:57,34730.35,0
2021-06-24 10:10:58,34732.2,0
2021-06-24 10:10:59,34732.1,0
2021-06-24 10:11:00,34732.1,0
2021-06-24 10:11:01,34730.45,0
2021-06-24 10:11:02,34732.45,0
2021-06-24 10:11:03,34732.6,0
2021-06-24 10:11:04,34733.25,0
2021-06-24 10:11:05,34741.35,0
2021-06-24 10:11:07,34737.0,0
2021-06-24 10:11:08,34734.1,0
2021-06-24 10:11:09,34734.6,0
2021-06-24 10:11:10,34733.75,0
2021-06-24 10:11:11,34733.85,0
2021-06-24 10:11:12,34737.75,0
2021-06-24 10:11:13,34738.75,0
2021-06-24 10:11:14,34739.75,0
2021-06-24 10:11:15,34736.85,0
2021-06-24 10:11:16,34737.65,0
2021-06-24 10:11:17,34738.85,0
2021-06-24 10:11:18,34735.4,0
2021-06-24 10:11:19,34736.7,0
2021-06-24 10:11:20,34738.7,0
2021-06-24 10:11:21,34738.7,0
2021-06-24 10:11:22,34738.7,0
2021-06-24 10:11:23,34740.65,0
2021-06-24 10:11:24,34740.95,0
2021-06-24 10:11:25,34743.1,0
2021-06-24 10:11:26,34741.8,0
2021-06-24 10:11:27,34735.55,0
2021-06-24 10:11:28,34740.3,0
2021-06-24 10:11:29,34738.05,0
2021-06-24 10:11:30,34740.9,0
2021-06-24 10:11:31,34741.25,0
2021-06-24 10:11:32,34736.6,0
2021-06-24 10:11:33,34734.9,0
2021-06-24 10:11:34,34736.8,0
2021-06-24 10:11:35,34741.8,0
2021-06-24 10:11:39,34734.1,0
2021-06-24 10:11:41,34735.0,0
2021-06-24 10:11:43,34734.9,0
2021-06-24 10:11:44,34736.0,0
2021-06-24 10:11:45,34735.25,0
2021-06-24 10:11:46,34736.05,0
2021-06-24 10:11:47,34734.65,0
2021-06-24 10:11:48,34733.65,0
2021-06-24 10:11:50,34729.5,0
2021-06-24 10:11:51,34730.65,0
2021-06-24 10:11:52,34726.35,0
2021-06-24 10:11:53,34732.7,0
2021-06-24 10:11:54,34730.35,0
2021-06-24 10:11:55,34726.1,0
2021-06-24 10:11:56,34727.6,0
2021-06-24 10:11:57,34730.45,0
2021-06-24 10:11:58,34728.15,0
2021-06-24 10:11:59,34729.9,0
2021-06-24 10:12:00,34730.25,0
2021-06-24 10:12:01,34727.95,0
2021-06-24 10:12:02,34731.35,0
2021-06-24 10:12:03,34726.5,0
2021-06-24 10:12:04,34725.6,0
2021-06-24 10:12:06,34721.8,0
2021-06-24 10:12:07,34721.4,0
2021-06-24 10:12:08,34723.65,0
2021-06-24 10:12:09,34725.1,0
2021-06-24 10:12:11,34724.8,0
2021-06-24 10:12:12,34724.75,0
2021-06-24 10:12:13,34724.1,0
2021-06-24 10:12:14,34724.0,0
2021-06-24 10:12:16,34723.55,0
2021-06-24 10:12:17,34724.65,0
2021-06-24 10:12:18,34724.95,0
2021-06-24 10:12:19,34724.1,0
2021-06-24 10:12:20,34722.35,0
2021-06-24 10:12:21,34719.7,0
2021-06-24 10:12:23,34719.25,0
2021-06-24 10:12:25,34719.0,0
2021-06-24 10:12:26,34715.3,0
2021-06-24 10:12:28,34719.45,0
2021-06-24 10:12:30,34717.95,0
2021-06-24 10:12:32,34722.4,0
2021-06-24 10:12:33,34721.15,0
2021-06-24 10:12:34,34721.5,0
2021-06-24 10:12:35,34718.7,0
2021-06-24 10:12:36,34720.8,0
2021-06-24 10:12:37,34720.25,0
2021-06-24 10:12:38,34717.65,0
2021-06-24 10:12:39,34719.5,0
2021-06-24 10:12:40,34718.85,0
2021-06-24 10:12:41,34719.0,0
2021-06-24 10:12:42,34720.25,0
2021-06-24 10:12:43,34720.95,0
2021-06-24 10:12:44,34720.3,0
2021-06-24 10:12:45,34716.15,0
2021-06-24 10:12:46,34712.2,0
2021-06-24 10:12:47,34714.4,0
2021-06-24 10:12:48,34717.35,0
2021-06-24 10:12:49,34718.5,0
2021-06-24 10:12:50,34716.45,0
2021-06-24 10:12:51,34714.9,0
2021-06-24 10:12:52,34717.0,0
2021-06-24 10:12:53,34715.4,0
2021-06-24 10:12:54,34714.75,0
2021-06-24 10:12:56,34714.6,0
2021-06-24 10:12:57,34716.05,0
2021-06-24 10:12:59,34716.7,0
2021-06-24 10:13:00,34718.05,0
2021-06-24 10:13:01,34719.7,0
2021-06-24 10:13:02,34717.8,0
2021-06-24 10:13:03,34717.85,0
2021-06-24 10:13:04,34717.05,0
2021-06-24 10:13:05,34716.55,0
2021-06-24 10:13:06,34718.15,0
2021-06-24 10:13:07,34714.8,0
2021-06-24 10:13:08,34717.45,0
2021-06-24 10:13:09,34719.15,0
2021-06-24 10:13:10,34713.75,0
2021-06-24 10:13:11,34713.65,0
2021-06-24 10:13:12,34714.8,0
2021-06-24 10:13:13,34716.8,0
2021-06-24 10:13:14,34714.35,0
2021-06-24 10:13:15,34716.25,0
2021-06-24 10:13:16,34713.85,0
2021-06-24 10:13:17,34713.6,0
2021-06-24 10:13:18,34718.05,0
2021-06-24 10:13:19,34715.0,0
2021-06-24 10:13:20,34715.95,0
2021-06-24 10:13:21,34715.15,0
2021-06-24 10:13:22,34715.55,0
2021-06-24 10:13:23,34714.95,0
2021-06-24 10:13:25,34717.5,0
2021-06-24 10:13:26,34716.05,0
2021-06-24 10:13:27,34714.95,0
2021-06-24 10:13:28,34715.75,0
2021-06-24 10:13:29,34720.45,0
2021-06-24 10:13:31,34718.75,0
2021-06-24 10:13:32,34717.35,0
2021-06-24 10:13:33,34718.6,0
2021-06-24 10:13:34,34720.8,0
2021-06-24 10:13:36,34721.55,0
2021-06-24 10:13:37,34721.9,0
2021-06-24 10:13:38,34724.0,0
2021-06-24 10:13:39,34724.4,0
2021-06-24 10:13:40,34720.0,0
2021-06-24 10:13:41,34719.05,0
2021-06-24 10:13:43,34722.25,0
2021-06-24 10:13:44,34720.35,0
2021-06-24 10:13:45,34722.9,0
2021-06-24 10:13:46,34719.7,0
2021-06-24 10:13:47,34722.6,0
2021-06-24 10:13:48,34721.25,0
2021-06-24 10:13:49,34723.35,0
2021-06-24 10:13:51,34719.95,0
2021-06-24 10:13:52,34718.7,0
2021-06-24 10:13:53,34719.25,0
2021-06-24 10:13:54,34720.15,0
2021-06-24 10:13:55,34719.8,0
2021-06-24 10:13:56,34722.0,0
2021-06-24 10:13:57,34720.7,0
2021-06-24 10:13:58,34718.5,0
2021-06-24 10:13:59,34723.15,0
2021-06-24 10:14:01,34721.2,0
2021-06-24 10:14:02,34720.8,0
2021-06-24 10:14:03,34721.35,0
2021-06-24 10:14:04,34724.05,0
2021-06-24 10:14:05,34720.45,0
2021-06-24 10:14:06,34722.2,0
2021-06-24 10:14:07,34721.85,0
2021-06-24 10:14:08,34718.55,0
2021-06-24 10:14:09,34722.3,0
2021-06-24 10:14:10,34722.65,0
2021-06-24 10:14:12,34720.4,0
2021-06-24 10:14:13,34719.95,0
2021-06-24 10:14:14,34721.95,0
2021-06-24 10:14:15,34719.4,0
2021-06-24 10:14:16,34720.3,0
2021-06-24 10:14:17,34720.65,0
2021-06-24 10:14:18,34721.45,0
2021-06-24 10:14:19,34718.75,0
2021-06-24 10:14:20,34719.2,0
2021-06-24 10:14:21,34719.6,0
2021-06-24 10:14:22,34716.65,0
2021-06-24 10:14:23,34720.4,0
2021-06-24 10:14:24,34720.15,0
2021-06-24 10:14:25,34721.35,0
2021-06-24 10:14:26,34720.7,0
2021-06-24 10:14:27,34719.55,0
2021-06-24 10:14:28,34719.65,0
2021-06-24 10:14:29,34721.85,0
2021-06-24 10:14:30,34723.4,0
2021-06-24 10:14:32,34724.7,0
2021-06-24 10:14:33,34722.9,0
2021-06-24 10:14:34,34723.8,0
2021-06-24 10:14:35,34721.05,0
2021-06-24 10:14:36,34721.05,0
2021-06-24 10:14:37,34722.55,0
2021-06-24 10:14:38,34722.55,0
2021-06-24 10:14:39,34723.8,0
2021-06-24 10:14:40,34721.5,0
2021-06-24 10:14:42,34724.5,0
2021-06-24 10:14:43,34723.5,0
2021-06-24 10:14:44,34723.55,0
2021-06-24 10:14:45,34717.9,0
2021-06-24 10:14:46,34716.25,0
2021-06-24 10:14:47,34716.0,0
2021-06-24 10:14:48,34712.85,0
2021-06-24 10:14:49,34716.9,0
2021-06-24 10:14:50,34716.75,0
2021-06-24 10:14:51,34715.35,0
2021-06-24 10:14:53,34716.05,0
2021-06-24 10:14:54,34715.05,0
2021-06-24 10:14:55,34714.7,0
2021-06-24 10:14:56,34715.2,0
2021-06-24 10:14:57,34714.2,0
2021-06-24 10:14:58,34717.05,0
2021-06-24 10:14:59,34716.95,0
2021-06-24 10:15:00,34718.7,0
2021-06-24 10:15:01,34715.0,0
2021-06-24 10:15:03,34714.8,0
2021-06-24 10:15:05,34716.0,0
2021-06-24 10:15:08,34714.9,0
2021-06-24 10:15:09,34717.3,0
2021-06-24 10:15:10,34716.8,0
2021-06-24 10:15:11,34718.6,0
2021-06-24 10:15:12,34717.9,0
2021-06-24 10:15:13,34719.65,0
2021-06-24 10:15:15,34720.15,0
2021-06-24 10:15:16,34722.25,0
2021-06-24 10:15:17,34724.8,0
2021-06-24 10:15:18,34724.8,0
2021-06-24 10:15:19,34724.5,0
2021-06-24 10:15:20,34727.3,0
2021-06-24 10:15:21,34727.25,0
2021-06-24 10:15:22,34724.9,0
2021-06-24 10:15:23,34728.8,0
2021-06-24 10:15:24,34726.15,0
2021-06-24 10:15:25,34726.65,0
2021-06-24 10:15:26,34728.7,0
2021-06-24 10:15:27,34728.6,0
2021-06-24 10:15:28,34725.95,0
2021-06-24 10:15:29,34729.5,0
2021-06-24 10:15:30,34730.15,0
2021-06-24 10:15:31,34725.4,0
2021-06-24 10:15:32,34724.45,0
2021-06-24 10:15:33,34724.7,0
2021-06-24 10:15:34,34723.9,0
2021-06-24 10:15:35,34725.6,0
2021-06-24 10:15:36,34725.2,0
2021-06-24 10:15:37,34726.7,0
2021-06-24 10:15:38,34726.15,0
2021-06-24 10:15:39,34725.2,0
2021-06-24 10:15:40,34726.75,0
2021-06-24 10:15:42,34726.65,0
2021-06-24 10:15:43,34726.55,0
2021-06-24 10:15:44,34727.55,0
2021-06-24 10:15:45,34726.6,0
2021-06-24 10:15:46,34729.0,0
2021-06-24 10:15:47,34726.4,0
2021-06-24 10:15:49,34727.1,0
2021-06-24 10:15:50,34727.55,0
2021-06-24 10:15:51,34725.85,0
2021-06-24 10:15:52,34727.45,0
2021-06-24 10:15:53,34734.0,0
2021-06-24 10:15:54,34732.45,0
2021-06-24 10:15:55,34733.55,0
2021-06-24 10:15:56,34733.0,0
2021-06-24 10:15:57,34733.4,0
2021-06-24 10:15:58,34732.0,0
2021-06-24 10:15:59,34729.8,0
2021-06-24 10:16:00,34732.35,0
2021-06-24 10:16:01,34732.05,0
2021-06-24 10:16:04,34730.7,0
2021-06-24 10:16:05,34732.3,0
2021-06-24 10:16:06,34732.0,0
2021-06-24 10:16:07,34732.6,0
2021-06-24 10:16:08,34732.6,0
2021-06-24 10:16:09,34732.75,0
2021-06-24 10:16:10,34734.85,0
2021-06-24 10:16:11,34731.9,0
2021-06-24 10:16:12,34730.5,0
2021-06-24 10:16:14,34731.35,0
2021-06-24 10:16:15,34734.0,0
2021-06-24 10:16:16,34730.8,0
2021-06-24 10:16:17,34734.0,0
2021-06-24 10:16:18,34733.15,0
2021-06-24 10:16:19,34734.75,0
2021-06-24 10:16:20,34736.3,0
2021-06-24 10:16:21,34739.2,0
2021-06-24 10:16:22,34734.3,0
2021-06-24 10:16:23,34738.5,0
2021-06-24 10:16:24,34739.25,0
2021-06-24 10:16:25,34739.25,0
2021-06-24 10:16:26,34739.35,0
2021-06-24 10:16:27,34736.6,0
2021-06-24 10:16:28,34739.0,0
2021-06-24 10:16:29,34735.85,0
2021-06-24 10:16:30,34738.0,0
2021-06-24 10:16:31,34734.2,0
2021-06-24 10:16:32,34737.2,0
2021-06-24 10:16:34,34733.75,0
2021-06-24 10:16:36,34735.85,0
2021-06-24 10:16:37,34735.8,0
2021-06-24 10:16:38,34739.15,0
2021-06-24 10:16:39,34739.95,0
2021-06-24 10:16:41,34733.95,0
2021-06-24 10:16:42,34732.3,0
2021-06-24 10:16:43,34733.55,0
2021-06-24 10:16:47,34733.9,0
2021-06-24 10:16:48,34734.9,0
2021-06-24 10:16:50,34735.1,0
2021-06-24 10:16:51,34734.55,0
2021-06-24 10:16:53,34731.85,0
2021-06-24 10:16:54,34727.35,0
2021-06-24 10:16:56,34733.95,0
2021-06-24 10:16:57,34730.9,0
2021-06-24 10:16:58,34732.4,0
2021-06-24 10:16:59,34734.95,0
2021-06-24 10:17:00,34732.9,0
2021-06-24 10:17:01,34731.6,0
2021-06-24 10:17:02,34732.2,0
2021-06-24 10:17:03,34727.15,0
2021-06-24 10:17:04,34731.9,0
2021-06-24 10:17:05,34731.5,0
2021-06-24 10:17:07,34727.25,0
2021-06-24 10:17:08,34728.3,0
2021-06-24 10:17:09,34732.4,0
2021-06-24 10:17:10,34730.9,0
2021-06-24 10:17:11,34731.6,0
2021-06-24 10:17:13,34733.15,0
2021-06-24 10:17:14,34732.85,0
2021-06-24 10:17:15,34729.75,0
2021-06-24 10:17:16,34729.15,0
2021-06-24 10:17:17,34730.4,0
2021-06-24 10:17:18,34729.85,0
2021-06-24 10:17:19,34734.05,0
2021-06-24 10:17:20,34732.6,0
2021-06-24 10:17:21,34734.0,0
2021-06-24 10:17:24,34735.3,0
2021-06-24 10:17:25,34734.3,0
2021-06-24 10:17:26,34731.35,0
2021-06-24 10:17:27,34730.1,0
2021-06-24 10:17:28,34729.7,0
2021-06-24 10:17:29,34732.85,0
2021-06-24 10:17:30,34732.4,0
2021-06-24 10:17:31,34731.9,0
2021-06-24 10:17:32,34730.65,0
2021-06-24 10:17:33,34731.0,0
2021-06-24 10:17:34,34729.3,0
2021-06-24 10:17:35,34730.35,0
2021-06-24 10:17:36,34730.25,0
2021-06-24 10:17:37,34729.4,0
2021-06-24 10:17:38,34730.9,0
2021-06-24 10:17:39,34730.55,0
2021-06-24 10:17:40,34729.8,0
2021-06-24 10:17:41,34729.05,0
2021-06-24 10:17:42,34727.55,0
2021-06-24 10:17:43,34728.2,0
2021-06-24 10:17:44,34727.75,0
2021-06-24 10:17:45,34727.75,0
2021-06-24 10:17:46,34728.2,0
2021-06-24 10:17:47,34727.9,0
2021-06-24 10:17:48,34729.1,0
2021-06-24 10:17:49,34730.05,0
2021-06-24 10:17:50,34728.5,0
2021-06-24 10:17:51,34726.1,0
2021-06-24 10:17:52,34728.45,0
2021-06-24 10:17:53,34729.75,0
2021-06-24 10:17:54,34727.3,0
2021-06-24 10:17:55,34726.1,0
2021-06-24 10:17:56,34725.15,0
2021-06-24 10:17:57,34728.5,0
2021-06-24 10:17:58,34729.1,0
2021-06-24 10:18:00,34729.95,0
2021-06-24 10:18:01,34729.7,0
2021-06-24 10:18:02,34729.75,0
2021-06-24 10:18:03,34732.0,0
2021-06-24 10:18:04,34732.6,0
2021-06-24 10:18:05,34731.35,0
2021-06-24 10:18:06,34731.2,0
2021-06-24 10:18:07,34732.0,0
2021-06-24 10:18:08,34730.8,0
2021-06-24 10:18:09,34731.5,0
2021-06-24 10:18:12,34732.05,0
2021-06-24 10:18:13,34731.9,0
2021-06-24 10:18:14,34729.95,0
2021-06-24 10:18:15,34733.15,0
2021-06-24 10:18:17,34730.05,0
2021-06-24 10:18:19,34733.0,0
2021-06-24 10:18:20,34733.45,0
2021-06-24 10:18:21,34734.15,0
2021-06-24 10:18:22,34734.1,0
2021-06-24 10:18:23,34734.2,0
2021-06-24 10:18:24,34735.95,0
2021-06-24 10:18:25,34735.15,0
2021-06-24 10:18:26,34736.2,0
2021-06-24 10:18:27,34736.95,0
2021-06-24 10:18:28,34735.75,0
2021-06-24 10:18:29,34736.35,0
2021-06-24 10:18:30,34737.5,0
2021-06-24 10:18:31,34736.7,0
2021-06-24 10:18:32,34736.45,0
2021-06-24 10:18:33,34739.95,0
2021-06-24 10:18:34,34741.9,0
2021-06-24 10:18:36,34738.65,0
2021-06-24 10:18:37,34737.9,0
2021-06-24 10:18:38,34738.2,0
2021-06-24 10:18:40,34744.1,0
2021-06-24 10:18:41,34740.1,0
2021-06-24 10:18:42,34736.75,0
2021-06-24 10:18:43,34739.9,0
2021-06-24 10:18:44,34739.55,0
2021-06-24 10:18:45,34738.55,0
2021-06-24 10:18:46,34738.15,0
2021-06-24 10:18:47,34736.5,0
2021-06-24 10:18:48,34739.45,0
2021-06-24 10:18:49,34740.05,0
2021-06-24 10:18:50,34740.85,0
2021-06-24 10:18:52,34739.8,0
2021-06-24 10:18:53,34740.0,0
2021-06-24 10:18:54,34740.8,0
2021-06-24 10:18:55,34742.1,0
2021-06-24 10:18:56,34739.6,0
2021-06-24 10:18:57,34739.95,0
2021-06-24 10:18:58,34739.85,0
2021-06-24 10:18:59,34739.7,0
2021-06-24 10:19:00,34744.35,0
2021-06-24 10:19:01,34741.8,0
2021-06-24 10:19:03,34741.7,0
2021-06-24 10:19:04,34739.65,0
2021-06-24 10:19:05,34741.4,0
2021-06-24 10:19:06,34740.95,0
2021-06-24 10:19:07,34739.9,0
2021-06-24 10:19:08,34742.8,0
2021-06-24 10:19:09,34739.95,0
2021-06-24 10:19:10,34739.4,0
2021-06-24 10:19:11,34741.4,0
2021-06-24 10:19:12,34741.45,0
2021-06-24 10:19:13,34741.1,0
2021-06-24 10:19:14,34740.8,0
2021-06-24 10:19:15,34739.45,0
2021-06-24 10:19:16,34739.45,0
2021-06-24 10:19:17,34741.75,0
2021-06-24 10:19:19,34740.9,0
2021-06-24 10:19:20,34741.15,0
2021-06-24 10:19:21,34745.65,0
2021-06-24 10:19:22,34743.7,0
2021-06-24 10:19:24,34743.65,0
2021-06-24 10:19:25,34741.65,0
2021-06-24 10:19:26,34742.25,0
2021-06-24 10:19:27,34743.4,0
2021-06-24 10:19:28,34743.15,0
2021-06-24 10:19:29,34743.75,0
2021-06-24 10:19:30,34742.65,0
2021-06-24 10:19:31,34743.65,0
2021-06-24 10:19:32,34743.4,0
2021-06-24 10:19:33,34743.3,0
2021-06-24 10:19:34,34745.0,0
2021-06-24 10:19:35,34744.85,0
2021-06-24 10:19:36,34744.05,0
2021-06-24 10:19:38,34743.0,0
2021-06-24 10:19:39,34745.5,0
2021-06-24 10:19:40,34744.35,0
2021-06-24 10:19:41,34745.15,0
2021-06-24 10:19:42,34744.2,0
2021-06-24 10:19:43,34745.7,0
2021-06-24 10:19:44,34744.45,0
2021-06-24 10:19:45,34742.9,0
2021-06-24 10:19:46,34743.4,0
2021-06-24 10:19:47,34744.0,0
2021-06-24 10:19:48,34744.6,0
2021-06-24 10:19:49,34744.1,0
2021-06-24 10:19:50,34746.3,0
2021-06-24 10:19:51,34745.55,0
2021-06-24 10:19:52,34745.0,0
2021-06-24 10:19:53,34743.3,0
2021-06-24 10:19:54,34743.2,0
2021-06-24 10:19:56,34744.5,0
2021-06-24 10:19:57,34743.7,0
2021-06-24 10:19:58,34741.55,0
2021-06-24 10:19:59,34743.1,0
2021-06-24 10:20:00,34742.7,0
2021-06-24 10:20:01,34744.7,0
2021-06-24 10:20:02,34744.4,0
2021-06-24 10:20:03,34742.9,0
2021-06-24 10:20:04,34744.2,0
2021-06-24 10:20:06,34742.75,0
2021-06-24 10:20:07,34742.95,0
2021-06-24 10:20:08,34743.75,0
2021-06-24 10:20:09,34745.1,0
2021-06-24 10:20:10,34742.3,0
2021-06-24 10:20:11,34742.65,0
2021-06-24 10:20:12,34740.35,0
2021-06-24 10:20:13,34742.9,0
2021-06-24 10:20:14,34745.4,0
2021-06-24 10:20:15,34741.25,0
2021-06-24 10:20:16,34741.65,0
2021-06-24 10:20:17,34744.1,0
2021-06-24 10:20:18,34742.85,0
2021-06-24 10:20:19,34743.35,0
2021-06-24 10:20:20,34743.25,0
2021-06-24 10:20:21,34742.2,0
2021-06-24 10:20:22,34743.8,0
2021-06-24 10:20:23,34742.0,0
2021-06-24 10:20:24,34739.15,0
2021-06-24 10:20:25,34740.95,0
2021-06-24 10:20:26,34736.8,0
2021-06-24 10:20:27,34735.5,0
2021-06-24 10:20:28,34736.1,0
2021-06-24 10:20:29,34740.65,0
2021-06-24 10:20:30,34739.6,0
2021-06-24 10:20:31,34739.3,0
2021-06-24 10:20:32,34739.8,0
2021-06-24 10:20:33,34739.15,0
2021-06-24 10:20:34,34742.9,0
2021-06-24 10:20:35,34739.6,0
2021-06-24 10:20:36,34736.4,0
2021-06-24 10:20:37,34738.35,0
2021-06-24 10:20:38,34738.55,0
2021-06-24 10:20:39,34738.45,0
2021-06-24 10:20:40,34738.35,0
2021-06-24 10:20:41,34738.7,0
2021-06-24 10:20:42,34737.1,0
2021-06-24 10:20:43,34739.55,0
2021-06-24 10:20:44,34735.95,0
2021-06-24 10:20:45,34738.45,0
2021-06-24 10:20:46,34735.7,0
2021-06-24 10:20:47,34736.7,0
2021-06-24 10:20:48,34735.35,0
2021-06-24 10:20:50,34736.6,0
2021-06-24 10:20:51,34735.45,0
2021-06-24 10:20:52,34734.95,0
2021-06-24 10:20:53,34735.85,0
2021-06-24 10:20:54,34736.5,0
2021-06-24 10:20:55,34739.5,0
2021-06-24 10:20:56,34735.05,0
2021-06-24 10:20:57,34735.0,0
2021-06-24 10:20:58,34738.0,0
2021-06-24 10:20:59,34737.2,0
2021-06-24 10:21:00,34737.95,0
2021-06-24 10:21:01,34738.0,0
2021-06-24 10:21:02,34738.9,0
2021-06-24 10:21:03,34738.8,0
2021-06-24 10:21:04,34741.5,0
2021-06-24 10:21:06,34738.6,0
2021-06-24 10:21:07,34738.65,0
2021-06-24 10:21:08,34740.3,0
2021-06-24 10:21:09,34743.8,0
2021-06-24 10:21:10,34739.65,0
2021-06-24 10:21:12,34744.75,0
2021-06-24 10:21:13,34745.2,0
2021-06-24 10:21:14,34743.9,0
2021-06-24 10:21:15,34744.25,0
2021-06-24 10:21:16,34742.8,0
2021-06-24 10:21:17,34742.25,0
2021-06-24 10:21:18,34744.15,0
2021-06-24 10:21:19,34744.4,0
2021-06-24 10:21:20,34744.5,0
2021-06-24 10:21:21,34747.45,0
2021-06-24 10:21:22,34744.45,0
2021-06-24 10:21:23,34743.45,0
2021-06-24 10:21:25,34746.95,0
2021-06-24 10:21:26,34746.15,0
2021-06-24 10:21:27,34745.15,0
2021-06-24 10:21:28,34744.35,0
2021-06-24 10:21:29,34746.6,0
2021-06-24 10:21:30,34746.0,0
2021-06-24 10:21:31,34747.9,0
2021-06-24 10:21:32,34748.15,0
2021-06-24 10:21:33,34747.55,0
2021-06-24 10:21:34,34750.2,0
2021-06-24 10:21:35,34749.9,0
2021-06-24 10:21:36,34749.2,0
2021-06-24 10:21:37,34745.2,0
2021-06-24 10:21:38,34745.9,0
2021-06-24 10:21:39,34749.05,0
2021-06-24 10:21:40,34745.3,0
2021-06-24 10:21:41,34747.4,0
2021-06-24 10:21:42,34745.5,0
2021-06-24 10:21:43,34744.85,0
2021-06-24 10:21:44,34743.4,0
2021-06-24 10:21:45,34742.5,0
2021-06-24 10:21:46,34742.65,0
2021-06-24 10:21:48,34743.1,0
2021-06-24 10:21:49,34744.2,0
2021-06-24 10:21:50,34742.75,0
2021-06-24 10:21:51,34745.0,0
2021-06-24 10:21:52,34742.55,0
2021-06-24 10:21:53,34742.8,0
2021-06-24 10:21:54,34745.2,0
2021-06-24 10:21:55,34744.55,0
2021-06-24 10:21:56,34743.3,0
2021-06-24 10:21:57,34744.3,0
2021-06-24 10:21:59,34741.5,0
2021-06-24 10:21:58,34742.3,0
2021-06-24 10:22:00,34742.75,0
2021-06-24 10:22:01,34742.85,0
2021-06-24 10:22:03,34742.05,0
2021-06-24 10:22:04,34743.95,0
2021-06-24 10:22:06,34742.75,0
2021-06-24 10:22:07,34741.45,0
2021-06-24 10:22:08,34744.35,0
2021-06-24 10:22:09,34742.2,0
2021-06-24 10:22:10,34745.7,0
2021-06-24 10:22:11,34742.4,0
2021-06-24 10:22:12,34743.7,0
2021-06-24 10:22:13,34743.15,0
2021-06-24 10:22:14,34742.75,0
2021-06-24 10:22:15,34742.95,0
2021-06-24 10:22:16,34744.75,0
2021-06-24 10:22:17,34743.6,0
2021-06-24 10:22:18,34744.25,0
2021-06-24 10:22:19,34745.8,0
2021-06-24 10:22:20,34743.45,0
2021-06-24 10:22:21,34742.65,0
2021-06-24 10:22:22,34737.25,0
2021-06-24 10:22:24,34738.15,0
2021-06-24 10:22:25,34736.2,0
2021-06-24 10:22:26,34739.4,0
2021-06-24 10:22:27,34737.45,0
2021-06-24 10:22:28,34737.45,0
2021-06-24 10:22:29,34740.8,0
2021-06-24 10:22:30,34742.55,0
2021-06-24 10:22:31,34741.3,0
2021-06-24 10:22:32,34740.95,0
2021-06-24 10:22:33,34740.05,0
2021-06-24 10:22:34,34740.0,0
2021-06-24 10:22:35,34737.65,0
2021-06-24 10:22:36,34735.3,0
2021-06-24 10:22:37,34736.5,0
2021-06-24 10:22:38,34736.05,0
2021-06-24 10:22:39,34737.35,0
2021-06-24 10:22:40,34736.75,0
2021-06-24 10:22:41,34736.55,0
2021-06-24 10:22:42,34736.4,0
2021-06-24 10:22:43,34734.6,0
2021-06-24 10:22:44,34735.6,0
2021-06-24 10:22:45,34735.35,0
2021-06-24 10:22:46,34734.75,0
2021-06-24 10:22:47,34735.3,0
2021-06-24 10:22:48,34736.25,0
2021-06-24 10:22:49,34737.35,0
2021-06-24 10:22:50,34737.4,0
2021-06-24 10:22:51,34737.5,0
2021-06-24 10:22:53,34737.9,0
2021-06-24 10:22:54,34737.5,0
2021-06-24 10:22:55,34737.1,0
2021-06-24 10:22:56,34738.5,0
2021-06-24 10:22:57,34738.8,0
2021-06-24 10:22:58,34737.6,0
2021-06-24 10:22:59,34737.7,0
2021-06-24 10:23:00,34736.3,0
2021-06-24 10:23:01,34736.7,0
2021-06-24 10:23:02,34737.2,0
2021-06-24 10:23:03,34737.7,0
2021-06-24 10:23:04,34737.65,0
2021-06-24 10:23:05,34738.2,0
2021-06-24 10:23:06,34734.6,0
2021-06-24 10:23:07,34734.65,0
2021-06-24 10:23:08,34737.05,0
2021-06-24 10:23:09,34735.65,0
2021-06-24 10:23:10,34735.3,0
2021-06-24 10:23:11,34737.35,0
2021-06-24 10:23:12,34738.2,0
2021-06-24 10:23:13,34736.35,0
2021-06-24 10:23:14,34736.9,0
2021-06-24 10:23:15,34736.05,0
2021-06-24 10:23:16,34734.7,0
2021-06-24 10:23:17,34735.8,0
2021-06-24 10:23:18,34733.6,0
2021-06-24 10:23:19,34735.1,0
2021-06-24 10:23:20,34734.5,0
2021-06-24 10:23:21,34735.05,0
2021-06-24 10:23:22,34735.45,0
2021-06-24 10:23:23,34734.75,0
2021-06-24 10:23:24,34733.55,0
2021-06-24 10:23:25,34733.65,0
2021-06-24 10:23:26,34731.5,0
2021-06-24 10:23:27,34733.85,0
2021-06-24 10:23:28,34734.1,0
2021-06-24 10:23:29,34735.9,0
2021-06-24 10:23:30,34732.85,0
2021-06-24 10:23:31,34733.25,0
2021-06-24 10:23:32,34734.65,0
2021-06-24 10:23:33,34736.2,0
2021-06-24 10:23:34,34737.85,0
2021-06-24 10:23:35,34736.0,0
2021-06-24 10:23:36,34735.65,0
2021-06-24 10:23:37,34734.0,0
2021-06-24 10:23:38,34733.4,0
2021-06-24 10:23:39,34736.2,0
2021-06-24 10:23:40,34735.5,0
2021-06-24 10:23:41,34733.65,0
2021-06-24 10:23:42,34733.8,0
2021-06-24 10:23:43,34733.35,0
2021-06-24 10:23:44,34733.65,0
2021-06-24 10:23:46,34734.35,0
2021-06-24 10:23:47,34733.25,0
2021-06-24 10:23:48,34733.9,0
2021-06-24 10:23:49,34734.2,0
2021-06-24 10:23:50,34735.7,0
2021-06-24 10:23:51,34737.4,0
2021-06-24 10:23:52,34734.7,0
2021-06-24 10:23:53,34738.15,0
2021-06-24 10:23:54,34737.25,0
2021-06-24 10:23:55,34735.5,0
2021-06-24 10:23:56,34735.75,0
2021-06-24 10:23:57,34737.5,0
2021-06-24 10:23:58,34737.9,0
2021-06-24 10:23:59,34735.7,0
2021-06-24 10:24:00,34735.25,0
2021-06-24 10:24:01,34739.1,0
2021-06-24 10:24:02,34741.1,0
2021-06-24 10:24:03,34738.5,0
2021-06-24 10:24:04,34738.45,0
2021-06-24 10:24:05,34735.4,0
2021-06-24 10:24:06,34737.45,0
2021-06-24 10:24:07,34733.25,0
2021-06-24 10:24:08,34732.55,0
2021-06-24 10:24:09,34735.6,0
2021-06-24 10:24:10,34735.0,0
2021-06-24 10:24:11,34735.7,0
2021-06-24 10:24:12,34736.75,0
2021-06-24 10:24:14,34738.15,0
2021-06-24 10:24:15,34740.4,0
2021-06-24 10:24:16,34734.2,0
2021-06-24 10:24:17,34733.9,0
2021-06-24 10:24:18,34734.95,0
2021-06-24 10:24:19,34734.25,0
2021-06-24 10:24:20,34734.05,0
2021-06-24 10:24:21,34734.8,0
2021-06-24 10:24:22,34736.25,0
2021-06-24 10:24:23,34737.25,0
2021-06-24 10:24:24,34738.4,0
2021-06-24 10:24:25,34737.55,0
2021-06-24 10:24:26,34739.35,0
2021-06-24 10:24:27,34737.15,0
2021-06-24 10:24:28,34739.35,0
2021-06-24 10:24:29,34740.2,0
2021-06-24 10:24:30,34738.7,0
2021-06-24 10:24:32,34736.2,0
2021-06-24 10:24:33,34735.4,0
2021-06-24 10:24:34,34734.75,0
2021-06-24 10:24:35,34736.55,0
2021-06-24 10:24:36,34737.4,0
2021-06-24 10:24:37,34734.3,0
2021-06-24 10:24:38,34737.0,0
2021-06-24 10:24:39,34738.0,0
2021-06-24 10:24:40,34738.65,0
2021-06-24 10:24:41,34739.5,0
2021-06-24 10:24:42,34739.05,0
2021-06-24 10:24:43,34738.65,0
2021-06-24 10:24:44,34737.65,0
2021-06-24 10:24:45,34738.1,0
2021-06-24 10:24:46,34738.0,0
2021-06-24 10:24:47,34737.65,0
2021-06-24 10:24:48,34737.1,0
2021-06-24 10:24:49,34739.1,0
2021-06-24 10:24:50,34740.9,0
2021-06-24 10:24:51,34738.35,0
2021-06-24 10:24:52,34739.55,0
2021-06-24 10:24:53,34740.2,0
2021-06-24 10:24:54,34741.75,0
2021-06-24 10:24:56,34744.2,0
2021-06-24 10:24:57,34741.1,0
2021-06-24 10:24:58,34745.1,0
2021-06-24 10:24:59,34745.25,0
2021-06-24 10:25:00,34746.15,0
2021-06-24 10:25:01,34745.15,0
2021-06-24 10:25:02,34744.7,0
2021-06-24 10:25:03,34742.85,0
2021-06-24 10:25:04,34748.25,0
2021-06-24 10:25:05,34746.15,0
2021-06-24 10:25:06,34745.95,0
2021-06-24 10:25:07,34746.35,0
2021-06-24 10:25:08,34749.3,0
2021-06-24 10:25:10,34751.5,0
2021-06-24 10:25:11,34750.75,0
2021-06-24 10:25:12,34752.8,0
2021-06-24 10:25:13,34748.95,0
2021-06-24 10:25:14,34753.3,0
2021-06-24 10:25:15,34752.95,0
2021-06-24 10:25:16,34749.6,0
2021-06-24 10:25:17,34752.0,0
2021-06-24 10:25:18,34750.25,0
2021-06-24 10:25:19,34750.25,0
2021-06-24 10:25:21,34753.5,0
2021-06-24 10:25:22,34753.45,0
2021-06-24 10:25:23,34753.4,0
2021-06-24 10:25:24,34755.2,0
2021-06-24 10:25:25,34749.9,0
2021-06-24 10:25:26,34748.5,0
2021-06-24 10:25:27,34751.45,0
2021-06-24 10:25:28,34751.95,0
2021-06-24 10:25:29,34754.8,0
2021-06-24 10:25:30,34753.95,0
2021-06-24 10:25:31,34753.45,0
2021-06-24 10:25:32,34757.3,0
2021-06-24 10:25:33,34754.2,0
2021-06-24 10:25:34,34755.8,0
2021-06-24 10:25:35,34755.3,0
2021-06-24 10:25:36,34755.8,0
2021-06-24 10:25:37,34754.65,0
2021-06-24 10:25:38,34755.55,0
2021-06-24 10:25:39,34755.3,0
2021-06-24 10:25:40,34753.95,0
2021-06-24 10:25:41,34755.1,0
2021-06-24 10:25:42,34755.0,0
2021-06-24 10:25:43,34754.9,0
2021-06-24 10:25:44,34753.8,0
2021-06-24 10:25:45,34754.85,0
2021-06-24 10:25:46,34756.0,0
2021-06-24 10:25:47,34754.55,0
2021-06-24 10:25:48,34757.15,0
2021-06-24 10:25:49,34757.0,0
2021-06-24 10:25:50,34755.8,0
2021-06-24 10:25:51,34755.1,0
2021-06-24 10:25:52,34756.05,0
2021-06-24 10:25:53,34754.85,0
2021-06-24 10:25:54,34754.1,0
2021-06-24 10:25:55,34750.45,0
2021-06-24 10:25:56,34748.4,0
2021-06-24 10:25:58,34749.25,0
2021-06-24 10:25:59,34749.0,0
2021-06-24 10:26:00,34750.9,0
2021-06-24 10:26:01,34751.5,0
2021-06-24 10:26:02,34752.45,0
2021-06-24 10:26:03,34753.3,0
2021-06-24 10:26:04,34753.85,0
2021-06-24 10:26:05,34751.75,0
2021-06-24 10:26:06,34755.35,0
2021-06-24 10:26:07,34756.95,0
2021-06-24 10:26:08,34752.8,0
2021-06-24 10:26:09,34752.95,0
2021-06-24 10:26:10,34754.9,0
2021-06-24 10:26:11,34753.15,0
2021-06-24 10:26:12,34754.1,0
2021-06-24 10:26:13,34753.35,0
2021-06-24 10:26:14,34753.05,0
2021-06-24 10:26:15,34754.0,0
2021-06-24 10:26:17,34753.75,0
2021-06-24 10:26:18,34753.75,0
2021-06-24 10:26:19,34753.3,0
2021-06-24 10:26:20,34753.8,0
2021-06-24 10:26:21,34753.7,0
2021-06-24 10:26:22,34753.85,0
2021-06-24 10:26:23,34751.85,0
2021-06-24 10:26:24,34753.25,0
2021-06-24 10:26:25,34752.55,0
2021-06-24 10:26:26,34753.05,0
2021-06-24 10:26:27,34752.85,0
2021-06-24 10:26:28,34755.45,0
2021-06-24 10:26:29,34756.65,0
2021-06-24 10:26:30,34756.75,0
2021-06-24 10:26:31,34757.4,0
2021-06-24 10:26:32,34756.35,0
2021-06-24 10:26:33,34756.85,0
2021-06-24 10:26:34,34756.7,0
2021-06-24 10:26:35,34757.3,0
2021-06-24 10:26:36,34755.3,0
2021-06-24 10:26:37,34757.3,0
2021-06-24 10:26:38,34753.45,0
2021-06-24 10:26:39,34753.25,0
2021-06-24 10:26:40,34754.2,0
2021-06-24 10:26:41,34755.1,0
2021-06-24 10:26:42,34757.1,0
2021-06-24 10:26:43,34756.8,0
2021-06-24 10:26:44,34757.8,0
2021-06-24 10:26:45,34756.65,0
2021-06-24 10:26:46,34756.6,0
2021-06-24 10:26:47,34756.2,0
2021-06-24 10:26:48,34755.55,0
2021-06-24 10:26:49,34755.8,0
2021-06-24 10:26:50,34754.4,0
2021-06-24 10:26:51,34753.35,0
2021-06-24 10:26:52,34754.7,0
2021-06-24 10:26:53,34752.6,0
2021-06-24 10:26:54,34751.05,0
2021-06-24 10:26:55,34752.6,0
2021-06-24 10:26:56,34750.9,0
2021-06-24 10:26:57,34753.55,0
2021-06-24 10:26:58,34752.9,0
2021-06-24 10:26:59,34754.85,0
2021-06-24 10:27:00,34755.85,0
2021-06-24 10:27:01,34755.35,0
2021-06-24 10:27:02,34755.75,0
2021-06-24 10:27:04,34756.05,0
2021-06-24 10:27:05,34755.1,0
2021-06-24 10:27:06,34755.5,0
2021-06-24 10:27:07,34756.45,0
2021-06-24 10:27:08,34758.8,0
2021-06-24 10:27:09,34758.35,0
2021-06-24 10:27:10,34757.45,0
2021-06-24 10:27:11,34760.8,0
2021-06-24 10:27:12,34760.25,0
2021-06-24 10:27:13,34757.05,0
2021-06-24 10:27:15,34758.3,0
2021-06-24 10:27:17,34756.3,0
2021-06-24 10:27:18,34757.0,0
2021-06-24 10:27:19,34759.8,0
2021-06-24 10:27:20,34759.5,0
2021-06-24 10:27:21,34759.7,0
2021-06-24 10:27:22,34760.95,0
2021-06-24 10:27:23,34758.5,0
2021-06-24 10:27:24,34761.35,0
2021-06-24 10:27:25,34760.8,0
2021-06-24 10:27:26,34761.8,0
2021-06-24 10:27:27,34762.1,0
2021-06-24 10:27:28,34759.25,0
2021-06-24 10:27:29,34760.1,0
2021-06-24 10:27:30,34762.1,0
2021-06-24 10:27:31,34762.6,0
2021-06-24 10:27:32,34762.9,0
2021-06-24 10:27:33,34760.55,0
2021-06-24 10:27:34,34761.45,0
2021-06-24 10:27:35,34758.65,0
2021-06-24 10:27:36,34761.0,0
2021-06-24 10:27:38,34759.95,0
2021-06-24 10:27:39,34760.2,0
2021-06-24 10:27:40,34770.35,0
2021-06-24 10:27:41,34767.45,0
2021-06-24 10:27:42,34768.0,0
2021-06-24 10:27:43,34771.1,0
2021-06-24 10:27:44,34767.05,0
2021-06-24 10:27:45,34765.85,0
2021-06-24 10:27:46,34769.75,0
2021-06-24 10:27:47,34771.95,0
2021-06-24 10:27:48,34772.75,0
2021-06-24 10:27:49,34771.05,0
2021-06-24 10:27:50,34772.95,0
2021-06-24 10:27:51,34771.85,0
2021-06-24 10:27:52,34776.25,0
2021-06-24 10:27:53,34774.75,0
2021-06-24 10:27:54,34774.65,0
2021-06-24 10:27:55,34776.65,0
2021-06-24 10:27:56,34776.55,0
2021-06-24 10:27:57,34777.0,0
2021-06-24 10:27:58,34779.15,0
2021-06-24 10:27:59,34780.05,0
2021-06-24 10:28:00,34779.4,0
2021-06-24 10:28:01,34782.75,0
2021-06-24 10:28:02,34782.8,0
2021-06-24 10:28:03,34781.95,0
2021-06-24 10:28:04,34786.05,0
2021-06-24 10:28:05,34785.0,0
2021-06-24 10:28:07,34780.6,0
2021-06-24 10:28:08,34784.5,0
2021-06-24 10:28:09,34785.05,0
2021-06-24 10:28:10,34786.6,0
2021-06-24 10:28:11,34787.35,0
2021-06-24 10:28:12,34787.1,0
2021-06-24 10:28:13,34787.75,0
2021-06-24 10:28:14,34789.6,0
2021-06-24 10:28:15,34788.8,0
2021-06-24 10:28:16,34790.15,0
2021-06-24 10:28:17,34785.35,0
2021-06-24 10:28:18,34788.7,0
2021-06-24 10:28:19,34787.1,0
2021-06-24 10:28:20,34790.35,0
2021-06-24 10:28:21,34787.5,0
2021-06-24 10:28:22,34782.25,0
2021-06-24 10:28:23,34773.4,0
2021-06-24 10:28:24,34779.5,0
2021-06-24 10:28:25,34779.95,0
2021-06-24 10:28:26,34778.0,0
2021-06-24 10:28:27,34776.95,0
2021-06-24 10:28:28,34777.3,0
2021-06-24 10:28:29,34777.5,0
2021-06-24 10:28:30,34778.85,0
2021-06-24 10:28:31,34779.45,0
2021-06-24 10:28:32,34782.2,0
2021-06-24 10:28:33,34779.65,0
2021-06-24 10:28:34,34781.05,0
2021-06-24 10:28:35,34783.15,0
2021-06-24 10:28:36,34783.7,0
2021-06-24 10:28:38,34784.3,0
2021-06-24 10:28:39,34785.9,0
2021-06-24 10:28:40,34785.25,0
2021-06-24 10:28:41,34783.8,0
2021-06-24 10:28:42,34785.9,0
2021-06-24 10:28:43,34784.8,0
2021-06-24 10:28:44,34784.1,0
2021-06-24 10:28:45,34785.8,0
2021-06-24 10:28:46,34787.4,0
2021-06-24 10:28:47,34785.55,0
2021-06-24 10:28:48,34787.25,0
2021-06-24 10:28:50,34784.95,0
2021-06-24 10:28:52,34781.75,0
2021-06-24 10:28:53,34782.95,0
2021-06-24 10:28:54,34784.05,0
2021-06-24 10:28:55,34787.4,0
2021-06-24 10:28:56,34782.8,0
2021-06-24 10:28:57,34783.65,0
2021-06-24 10:28:58,34786.65,0
2021-06-24 10:28:59,34786.15,0
2021-06-24 10:29:00,34783.95,0
2021-06-24 10:29:01,34783.55,0
2021-06-24 10:29:02,34781.05,0
2021-06-24 10:29:03,34784.4,0
2021-06-24 10:29:04,34782.35,0
2021-06-24 10:29:05,34783.65,0
2021-06-24 10:29:06,34787.55,0
2021-06-24 10:29:07,34786.6,0
2021-06-24 10:29:08,34784.25,0
2021-06-24 10:29:09,34783.15,0
2021-06-24 10:29:10,34785.8,0
2021-06-24 10:29:11,34786.65,0
2021-06-24 10:29:12,34787.5,0
2021-06-24 10:29:13,34787.2,0
2021-06-24 10:29:14,34784.6,0
2021-06-24 10:29:15,34786.4,0
2021-06-24 10:29:16,34784.55,0
2021-06-24 10:29:17,34786.05,0
2021-06-24 10:29:18,34784.45,0
2021-06-24 10:29:19,34784.45,0
2021-06-24 10:29:20,34782.0,0
2021-06-24 10:29:21,34782.4,0
2021-06-24 10:29:22,34785.3,0
2021-06-24 10:29:23,34782.55,0
2021-06-24 10:29:24,34783.0,0
2021-06-24 10:29:25,34782.25,0
2021-06-24 10:29:26,34783.15,0
2021-06-24 10:29:27,34784.15,0
2021-06-24 10:29:28,34783.2,0
2021-06-24 10:29:29,34783.8,0
2021-06-24 10:29:30,34783.2,0
2021-06-24 10:29:31,34782.1,0
2021-06-24 10:29:32,34782.95,0
2021-06-24 10:29:33,34782.6,0
2021-06-24 10:29:34,34782.45,0
2021-06-24 10:29:35,34781.3,0
2021-06-24 10:29:36,34777.85,0
2021-06-24 10:29:37,34781.6,0
2021-06-24 10:29:38,34777.6,0
2021-06-24 10:29:39,34777.35,0
2021-06-24 10:29:40,34777.1,0
2021-06-24 10:29:41,34780.15,0
2021-06-24 10:29:42,34777.6,0
2021-06-24 10:29:43,34776.4,0
2021-06-24 10:29:46,34778.55,0
2021-06-24 10:29:47,34776.25,0
2021-06-24 10:29:48,34774.3,0
2021-06-24 10:29:49,34777.05,0
2021-06-24 10:29:51,34779.1,0
2021-06-24 10:29:52,34774.15,0
2021-06-24 10:29:53,34776.45,0
2021-06-24 10:29:54,34778.4,0
2021-06-24 10:29:55,34773.6,0
2021-06-24 10:29:56,34770.9,0
2021-06-24 10:29:57,34774.45,0
2021-06-24 10:29:58,34773.0,0
2021-06-24 10:29:59,34775.1,0
2021-06-24 10:30:00,34777.15,0
2021-06-24 10:30:01,34780.3,0
2021-06-24 10:30:03,34773.9,0
2021-06-24 10:30:04,34773.85,0
2021-06-24 10:30:05,34773.75,0
2021-06-24 10:30:06,34772.65,0
2021-06-24 10:30:07,34775.1,0
2021-06-24 10:30:08,34778.55,0
2021-06-24 10:30:09,34776.25,0
2021-06-24 10:30:10,34776.4,0
2021-06-24 10:30:11,34775.0,0
2021-06-24 10:30:12,34776.05,0
2021-06-24 10:30:13,34774.05,0
2021-06-24 10:30:14,34774.7,0
2021-06-24 10:30:15,34776.65,0
2021-06-24 10:30:16,34776.75,0
2021-06-24 10:30:17,34780.2,0
2021-06-24 10:30:18,34777.25,0
2021-06-24 10:30:19,34778.35,0
2021-06-24 10:30:21,34776.65,0
2021-06-24 10:30:22,34777.3,0
2021-06-24 10:30:23,34779.3,0
2021-06-24 10:30:24,34780.3,0
2021-06-24 10:30:26,34777.15,0
2021-06-24 10:30:27,34779.15,0
2021-06-24 10:30:28,34777.9,0
2021-06-24 10:30:29,34778.4,0
2021-06-24 10:30:30,34777.95,0
2021-06-24 10:30:31,34778.0,0
2021-06-24 10:30:32,34775.95,0
2021-06-24 10:30:33,34775.1,0
2021-06-24 10:30:35,34777.25,0
2021-06-24 10:30:36,34775.45,0
2021-06-24 10:30:37,34775.55,0
2021-06-24 10:30:38,34777.95,0
2021-06-24 10:30:39,34777.85,0
2021-06-24 10:30:40,34777.0,0
2021-06-24 10:30:41,34777.3,0
2021-06-24 10:30:42,34775.25,0
2021-06-24 10:30:43,34777.1,0
2021-06-24 10:30:44,34772.75,0
2021-06-24 10:30:45,34778.8,0
2021-06-24 10:30:46,34778.75,0
2021-06-24 10:30:47,34776.45,0
2021-06-24 10:30:48,34774.85,0
2021-06-24 10:30:49,34775.75,0
2021-06-24 10:30:51,34775.4,0
2021-06-24 10:30:52,34775.25,0
2021-06-24 10:30:53,34778.95,0
2021-06-24 10:30:54,34776.35,0
2021-06-24 10:30:55,34776.9,0
2021-06-24 10:30:57,34771.65,0
2021-06-24 10:30:58,34775.0,0
2021-06-24 10:30:59,34774.15,0
2021-06-24 10:31:00,34772.25,0
2021-06-24 10:31:01,34777.2,0
2021-06-24 10:31:02,34775.55,0
2021-06-24 10:31:03,34774.0,0
2021-06-24 10:31:04,34774.7,0
2021-06-24 10:31:05,34775.45,0
2021-06-24 10:31:06,34774.75,0
2021-06-24 10:31:07,34776.1,0
2021-06-24 10:31:08,34771.6,0
2021-06-24 10:31:09,34775.5,0
2021-06-24 10:31:10,34772.45,0
2021-06-24 10:31:11,34772.6,0
2021-06-24 10:31:12,34769.65,0
2021-06-24 10:31:14,34766.35,0
2021-06-24 10:31:15,34768.85,0
2021-06-24 10:31:16,34769.8,0
2021-06-24 10:31:17,34770.0,0
2021-06-24 10:31:18,34770.95,0
2021-06-24 10:31:19,34768.9,0
2021-06-24 10:31:20,34772.45,0
2021-06-24 10:31:21,34771.1,0
2021-06-24 10:31:22,34769.45,0
2021-06-24 10:31:23,34772.95,0
2021-06-24 10:31:24,34772.0,0
2021-06-24 10:31:25,34774.4,0
2021-06-24 10:31:26,34771.25,0
2021-06-24 10:31:27,34774.95,0
2021-06-24 10:31:28,34773.85,0
2021-06-24 10:31:29,34775.05,0
2021-06-24 10:31:30,34773.45,0
2021-06-24 10:31:31,34773.05,0
2021-06-24 10:31:32,34774.2,0
2021-06-24 10:31:33,34773.45,0
2021-06-24 10:31:34,34773.9,0
2021-06-24 10:31:35,34773.5,0
2021-06-24 10:31:36,34773.25,0
2021-06-24 10:31:37,34773.3,0
2021-06-24 10:31:38,34772.4,0
2021-06-24 10:31:40,34770.8,0
2021-06-24 10:31:41,34773.85,0
2021-06-24 10:31:42,34774.25,0
2021-06-24 10:31:43,34771.05,0
2021-06-24 10:31:44,34773.3,0
2021-06-24 10:31:45,34772.4,0
2021-06-24 10:31:46,34768.95,0
2021-06-24 10:31:47,34767.0,0
2021-06-24 10:31:48,34767.65,0
2021-06-24 10:31:49,34766.0,0
2021-06-24 10:31:50,34768.2,0
2021-06-24 10:31:51,34767.45,0
2021-06-24 10:31:52,34768.2,0
2021-06-24 10:31:53,34769.3,0
2021-06-24 10:31:54,34772.1,0
2021-06-24 10:31:55,34768.55,0
2021-06-24 10:31:56,34765.05,0
2021-06-24 10:31:57,34764.7,0
2021-06-24 10:31:58,34765.35,0
2021-06-24 10:31:59,34770.7,0
2021-06-24 10:32:00,34768.15,0
2021-06-24 10:32:01,34767.7,0
2021-06-24 10:32:02,34767.4,0
2021-06-24 10:32:03,34768.15,0
2021-06-24 10:32:04,34766.95,0
2021-06-24 10:32:05,34764.6,0
2021-06-24 10:32:06,34762.85,0
2021-06-24 10:32:07,34764.7,0
2021-06-24 10:32:08,34764.45,0
2021-06-24 10:32:10,34760.2,0
2021-06-24 10:32:11,34757.9,0
2021-06-24 10:32:12,34760.85,0
2021-06-24 10:32:13,34758.15,0
2021-06-24 10:32:14,34762.05,0
2021-06-24 10:32:15,34761.25,0
2021-06-24 10:32:16,34759.2,0
2021-06-24 10:32:17,34758.75,0
2021-06-24 10:32:18,34758.9,0
2021-06-24 10:32:19,34758.1,0
2021-06-24 10:32:20,34757.45,0
2021-06-24 10:32:21,34754.9,0
2021-06-24 10:32:23,34758.65,0
2021-06-24 10:32:24,34758.35,0
2021-06-24 10:32:25,34757.9,0
2021-06-24 10:32:26,34754.9,0
2021-06-24 10:32:28,34755.45,0
2021-06-24 10:32:29,34756.1,0
2021-06-24 10:32:30,34755.7,0
2021-06-24 10:32:31,34758.2,0
2021-06-24 10:32:32,34753.75,0
2021-06-24 10:32:33,34752.9,0
2021-06-24 10:32:34,34753.35,0
2021-06-24 10:32:35,34754.8,0
2021-06-24 10:32:36,34750.95,0
2021-06-24 10:32:37,34751.25,0
2021-06-24 10:32:38,34749.25,0
2021-06-24 10:32:39,34750.55,0
2021-06-24 10:32:40,34752.2,0
2021-06-24 10:32:41,34753.4,0
2021-06-24 10:32:42,34753.95,0
2021-06-24 10:32:43,34753.85,0
2021-06-24 10:32:44,34754.25,0
2021-06-24 10:32:45,34752.95,0
2021-06-24 10:32:46,34750.85,0
2021-06-24 10:32:47,34750.45,0
2021-06-24 10:32:48,34748.8,0
2021-06-24 10:32:49,34750.85,0
2021-06-24 10:32:50,34751.0,0
2021-06-24 10:32:52,34748.55,0
2021-06-24 10:32:53,34750.7,0
2021-06-24 10:32:54,34750.85,0
2021-06-24 10:32:55,34750.55,0
2021-06-24 10:32:56,34750.1,0
2021-06-24 10:32:57,34749.4,0
2021-06-24 10:32:58,34749.55,0
2021-06-24 10:32:59,34752.75,0
2021-06-24 10:33:00,34751.3,0
2021-06-24 10:33:02,34752.4,0
2021-06-24 10:33:03,34751.15,0
2021-06-24 10:33:04,34751.7,0
2021-06-24 10:33:05,34752.05,0
2021-06-24 10:33:06,34747.75,0
2021-06-24 10:33:07,34747.75,0
2021-06-24 10:33:08,34747.3,0
2021-06-24 10:33:09,34746.9,0
2021-06-24 10:33:10,34747.8,0
2021-06-24 10:33:12,34745.8,0
2021-06-24 10:33:13,34745.45,0
2021-06-24 10:33:14,34747.65,0
2021-06-24 10:33:15,34748.25,0
2021-06-24 10:33:16,34745.45,0
2021-06-24 10:33:17,34742.7,0
2021-06-24 10:33:18,34745.2,0
2021-06-24 10:33:19,34746.2,0
2021-06-24 10:33:20,34746.55,0
2021-06-24 10:33:21,34747.0,0
2021-06-24 10:33:22,34746.65,0
2021-06-24 10:33:24,34745.6,0
2021-06-24 10:33:25,34746.1,0
2021-06-24 10:33:27,34743.95,0
2021-06-24 10:33:28,34744.65,0
2021-06-24 10:33:29,34744.45,0
2021-06-24 10:33:31,34745.05,0
2021-06-24 10:33:32,34742.2,0
2021-06-24 10:33:33,34742.45,0
2021-06-24 10:33:34,34743.55,0
2021-06-24 10:33:36,34741.85,0
2021-06-24 10:33:37,34742.0,0
2021-06-24 10:33:38,34741.8,0
2021-06-24 10:33:39,34740.15,0
2021-06-24 10:33:40,34741.7,0
2021-06-24 10:33:41,34742.9,0
2021-06-24 10:33:42,34742.2,0
2021-06-24 10:33:43,34743.55,0
2021-06-24 10:33:44,34742.5,0
2021-06-24 10:33:45,34743.05,0
2021-06-24 10:33:46,34740.0,0
2021-06-24 10:33:47,34740.85,0
2021-06-24 10:33:48,34740.75,0
2021-06-24 10:33:49,34739.5,0
2021-06-24 10:33:50,34743.0,0
2021-06-24 10:33:51,34742.65,0
2021-06-24 10:33:52,34742.3,0
2021-06-24 10:33:53,34743.55,0
2021-06-24 10:33:54,34743.65,0
2021-06-24 10:33:55,34742.7,0
2021-06-24 10:33:56,34742.05,0
2021-06-24 10:33:57,34741.05,0
2021-06-24 10:33:58,34740.95,0
2021-06-24 10:33:59,34741.5,0
2021-06-24 10:34:00,34739.85,0
2021-06-24 10:34:01,34740.15,0
2021-06-24 10:34:02,34740.85,0
2021-06-24 10:34:03,34743.05,0
2021-06-24 10:34:04,34742.5,0
2021-06-24 10:34:06,34739.85,0
2021-06-24 10:34:07,34740.45,0
2021-06-24 10:34:09,34745.8,0
2021-06-24 10:34:10,34741.75,0
2021-06-24 10:34:11,34741.2,0
2021-06-24 10:34:12,34738.95,0
2021-06-24 10:34:13,34739.65,0
2021-06-24 10:34:14,34741.35,0
2021-06-24 10:34:15,34742.6,0
2021-06-24 10:34:16,34737.8,0
2021-06-24 10:34:17,34738.75,0
2021-06-24 10:34:18,34738.4,0
2021-06-24 10:34:19,34737.25,0
2021-06-24 10:34:20,34736.45,0
2021-06-24 10:34:22,34737.5,0
2021-06-24 10:34:23,34739.6,0
2021-06-24 10:34:24,34739.6,0
2021-06-24 10:34:25,34740.15,0
2021-06-24 10:34:26,34738.55,0
2021-06-24 10:34:27,34740.35,0
2021-06-24 10:34:28,34739.4,0
2021-06-24 10:34:30,34742.55,0
2021-06-24 10:34:31,34746.15,0
2021-06-24 10:34:32,34748.25,0
2021-06-24 10:34:33,34745.85,0
2021-06-24 10:34:34,34745.5,0
2021-06-24 10:34:35,34748.25,0
2021-06-24 10:34:36,34744.1,0
2021-06-24 10:34:37,34744.55,0
2021-06-24 10:34:38,34746.1,0
2021-06-24 10:34:39,34743.95,0
2021-06-24 10:34:40,34746.8,0
2021-06-24 10:34:41,34746.45,0
2021-06-24 10:34:43,34747.5,0
2021-06-24 10:34:44,34751.2,0
2021-06-24 10:34:45,34756.35,0
2021-06-24 10:34:46,34749.15,0
2021-06-24 10:34:47,34748.65,0
2021-06-24 10:34:48,34749.9,0
