timestamp,ltp,volume
2021-06-15 09:15:40,28413.0,0
2021-06-15 09:15:42,28400.05,0
2021-06-15 09:15:43,28405.85,0
2021-06-15 09:15:45,28398.9,0
2021-06-15 09:15:46,28402.35,0
2021-06-15 09:15:47,28398.2,0
2021-06-15 09:15:48,28394.65,0
2021-06-15 09:15:49,28401.3,0
2021-06-15 09:15:50,28386.75,0
2021-06-15 09:15:51,28390.0,0
2021-06-15 09:15:56,28383.75,0
2021-06-15 09:15:57,28377.6,0
2021-06-15 09:15:59,28383.7,0
2021-06-15 09:16:00,28384.75,0
2021-06-15 09:16:01,28387.4,0
2021-06-15 09:16:02,28381.1,0
2021-06-15 09:16:03,28387.2,0
2021-06-15 09:16:04,28387.7,0
2021-06-15 09:16:05,28395.5,0
2021-06-15 09:16:06,28389.45,0
2021-06-15 09:16:07,28384.95,0
2021-06-15 09:16:08,28389.5,0
2021-06-15 09:16:09,28382.5,0
2021-06-15 09:16:10,28385.0,0
2021-06-15 09:16:11,28385.25,0
2021-06-15 09:16:12,28374.7,0
2021-06-15 09:16:13,28379.65,0
2021-06-15 09:16:14,28381.1,0
2021-06-15 09:16:15,28379.15,0
2021-06-15 09:16:16,28383.75,0
2021-06-15 09:16:17,28379.75,0
2021-06-15 09:16:18,28379.9,0
2021-06-15 09:16:19,28383.75,0
2021-06-15 09:16:20,28377.35,0
2021-06-15 09:16:21,28379.55,0
2021-06-15 09:16:22,28384.15,0
2021-06-15 09:16:23,28385.55,0
2021-06-15 09:16:24,28388.7,0
2021-06-15 09:16:25,28381.4,0
2021-06-15 09:16:26,28386.05,0
2021-06-15 09:16:27,28383.9,0
2021-06-15 09:16:28,28383.35,0
2021-06-15 09:16:29,28385.0,0
2021-06-15 09:16:30,28394.5,0
2021-06-15 09:16:31,28391.95,0
2021-06-15 09:16:32,28395.3,0
2021-06-15 09:16:33,28392.8,0
2021-06-15 09:16:34,28394.1,0
2021-06-15 09:16:35,28392.75,0
2021-06-15 09:16:36,28401.3,0
2021-06-15 09:16:37,28396.25,0
2021-06-15 09:16:38,28391.9,0
2021-06-15 09:16:39,28389.65,0
2021-06-15 09:16:40,28390.95,0
2021-06-15 09:16:41,28393.05,0
2021-06-15 09:16:43,28398.9,0
2021-06-15 09:16:44,28398.95,0
2021-06-15 09:16:45,28401.6,0
2021-06-15 09:16:46,28404.1,0
2021-06-15 09:16:47,28401.95,0
2021-06-15 09:16:48,28406.6,0
2021-06-15 09:16:49,28404.85,0
2021-06-15 09:16:50,28406.5,0
2021-06-15 09:16:51,28405.55,0
2021-06-15 09:16:53,28404.8,0
2021-06-15 09:16:54,28402.25,0
2021-06-15 09:16:55,28394.65,0
2021-06-15 09:16:56,28394.95,0
2021-06-15 09:16:57,28392.65,0
2021-06-15 09:16:58,28392.35,0
2021-06-15 09:16:59,28390.9,0
2021-06-15 09:17:00,28396.8,0
2021-06-15 09:17:01,28397.85,0
2021-06-15 09:17:02,28397.65,0
2021-06-15 09:17:03,28397.75,0
2021-06-15 09:17:04,28401.6,0
2021-06-15 09:17:05,28403.55,0
2021-06-15 09:17:06,28397.65,0
2021-06-15 09:17:07,28400.65,0
2021-06-15 09:17:08,28397.3,0
2021-06-15 09:17:09,28394.35,0
2021-06-15 09:17:10,28389.15,0
2021-06-15 09:17:11,28384.65,0
2021-06-15 09:17:12,28389.1,0
2021-06-15 09:17:13,28394.65,0
2021-06-15 09:17:14,28393.0,0
2021-06-15 09:17:15,28389.65,0
2021-06-15 09:17:16,28387.4,0
2021-06-15 09:17:17,28386.45,0
2021-06-15 09:17:18,28386.05,0
2021-06-15 09:17:19,28391.1,0
2021-06-15 09:17:20,28391.15,0
2021-06-15 09:17:21,28392.95,0
2021-06-15 09:17:22,28391.9,0
2021-06-15 09:17:23,28390.0,0
2021-06-15 09:17:24,28390.75,0
2021-06-15 09:17:25,28394.1,0
2021-06-15 09:17:26,28395.3,0
2021-06-15 09:17:27,28397.8,0
2021-06-15 09:17:31,28402.15,0
2021-06-15 09:17:32,28399.95,0
2021-06-15 09:17:34,28411.15,0
2021-06-15 09:17:37,28417.85,0
2021-06-15 09:17:40,28415.9,0
2021-06-15 09:17:42,28414.7,0
2021-06-15 09:17:43,28414.35,0
2021-06-15 09:17:45,28414.85,0
2021-06-15 09:17:48,28422.05,0
2021-06-15 09:17:55,28428.05,0
2021-06-15 09:17:56,28429.65,0
2021-06-15 09:17:57,28428.15,0
2021-06-15 09:17:58,28423.9,0
2021-06-15 09:17:59,28420.0,0
2021-06-15 09:18:00,28426.2,0
2021-06-15 09:18:02,28429.1,0
2021-06-15 09:18:03,28428.2,0
2021-06-15 09:18:04,28427.1,0
2021-06-15 09:18:05,28424.3,0
2021-06-15 09:18:06,28425.7,0
2021-06-15 09:18:07,28428.0,0
2021-06-15 09:18:08,28426.7,0
2021-06-15 09:18:09,28430.5,0
2021-06-15 09:18:10,28439.5,0
2021-06-15 09:18:11,28437.05,0
2021-06-15 09:18:12,28437.3,0
2021-06-15 09:18:13,28442.75,0
2021-06-15 09:18:14,28436.3,0
2021-06-15 09:18:15,28438.05,0
2021-06-15 09:18:16,28443.65,0
2021-06-15 09:18:17,28440.85,0
2021-06-15 09:18:18,28445.05,0
2021-06-15 09:18:19,28446.15,0
2021-06-15 09:18:20,28442.05,0
2021-06-15 09:18:21,28440.5,0
2021-06-15 09:18:22,28445.2,0
2021-06-15 09:18:23,28443.55,0
2021-06-15 09:18:24,28444.1,0
2021-06-15 09:18:25,28442.25,0
2021-06-15 09:18:26,28443.25,0
2021-06-15 09:18:27,28445.65,0
2021-06-15 09:18:28,28444.7,0
2021-06-15 09:18:29,28444.55,0
2021-06-15 09:18:30,28444.4,0
2021-06-15 09:18:31,28445.65,0
2021-06-15 09:18:32,28452.0,0
2021-06-15 09:18:33,28448.35,0
2021-06-15 09:18:34,28446.35,0
2021-06-15 09:18:35,28445.9,0
2021-06-15 09:18:37,28448.3,0
2021-06-15 09:18:38,28452.4,0
2021-06-15 09:18:39,28448.9,0
2021-06-15 09:18:40,28448.5,0
2021-06-15 09:18:41,28446.2,0
2021-06-15 09:18:42,28447.0,0
2021-06-15 09:18:43,28448.05,0
2021-06-15 09:18:44,28445.8,0
2021-06-15 09:18:45,28448.65,0
2021-06-15 09:18:46,28447.85,0
2021-06-15 09:18:47,28444.9,0
2021-06-15 09:18:48,28443.4,0
2021-06-15 09:18:49,28446.3,0
2021-06-15 09:18:50,28443.5,0
2021-06-15 09:18:51,28446.9,0
2021-06-15 09:18:52,28443.35,0
2021-06-15 09:18:53,28444.2,0
2021-06-15 09:18:54,28445.45,0
2021-06-15 09:18:55,28443.05,0
2021-06-15 09:18:56,28446.35,0
2021-06-15 09:18:57,28447.55,0
2021-06-15 09:18:58,28444.9,0
2021-06-15 09:18:59,28444.9,0
2021-06-15 09:19:00,28444.55,0
2021-06-15 09:19:01,28446.3,0
2021-06-15 09:19:02,28443.5,0
2021-06-15 09:19:03,28438.55,0
2021-06-15 09:19:04,28440.65,0
2021-06-15 09:19:05,28438.25,0
2021-06-15 09:19:06,28437.95,0
2021-06-15 09:19:07,28434.8,0
2021-06-15 09:19:08,28438.4,0
2021-06-15 09:19:09,28440.4,0
2021-06-15 09:19:10,28438.55,0
2021-06-15 09:19:11,28437.8,0
2021-06-15 09:19:12,28438.9,0
2021-06-15 09:19:13,28441.05,0
2021-06-15 09:19:14,28438.5,0
2021-06-15 09:19:15,28437.25,0
2021-06-15 09:19:16,28434.85,0
2021-06-15 09:19:19,28426.35,0
2021-06-15 09:19:20,28427.1,0
2021-06-15 09:19:21,28424.85,0
2021-06-15 09:19:23,28424.35,0
2021-06-15 09:19:26,28421.75,0
2021-06-15 09:19:28,28422.95,0
2021-06-15 09:19:29,28424.95,0
2021-06-15 09:19:30,28423.9,0
2021-06-15 09:19:31,28423.65,0
2021-06-15 09:19:32,28418.85,0
2021-06-15 09:19:33,28414.45,0
2021-06-15 09:19:34,28418.15,0
2021-06-15 09:19:35,28423.15,0
2021-06-15 09:19:36,28420.65,0
2021-06-15 09:19:37,28421.6,0
2021-06-15 09:19:38,28422.4,0
2021-06-15 09:19:39,28422.05,0
2021-06-15 09:19:40,28417.55,0
2021-06-15 09:19:41,28422.2,0
2021-06-15 09:19:42,28421.1,0
2021-06-15 09:19:43,28418.75,0
2021-06-15 09:19:44,28418.7,0
2021-06-15 09:19:45,28413.5,0
2021-06-15 09:19:46,28420.85,0
2021-06-15 09:19:47,28416.5,0
2021-06-15 09:19:48,28415.25,0
2021-06-15 09:19:49,28414.1,0
2021-06-15 09:19:50,28414.35,0
2021-06-15 09:19:51,28411.05,0
2021-06-15 09:19:52,28414.6,0
2021-06-15 09:19:54,28413.3,0
2021-06-15 09:19:55,28413.0,0
2021-06-15 09:19:56,28405.7,0
2021-06-15 09:19:57,28404.75,0
2021-06-15 09:19:58,28403.0,0
2021-06-15 09:20:00,28403.5,0
2021-06-15 09:20:01,28387.25,0
2021-06-15 09:20:02,28388.35,0
2021-06-15 09:20:03,28388.6,0
2021-06-15 09:20:04,28388.95,0
2021-06-15 09:20:05,28390.4,0
2021-06-15 09:20:06,28387.3,0
2021-06-15 09:20:07,28393.55,0
2021-06-15 09:20:08,28390.3,0
2021-06-15 09:20:09,28392.25,0
2021-06-15 09:20:10,28390.2,0
2021-06-15 09:20:11,28392.05,0
2021-06-15 09:20:12,28395.65,0
2021-06-15 09:20:13,28395.4,0
2021-06-15 09:20:14,28392.1,0
2021-06-15 09:20:16,28396.65,0
2021-06-15 09:20:17,28397.75,0
2021-06-15 09:20:18,28400.45,0
2021-06-15 09:20:19,28399.05,0
2021-06-15 09:20:20,28397.1,0
2021-06-15 09:20:22,28398.7,0
2021-06-15 09:20:23,28399.1,0
2021-06-15 09:20:24,28395.15,0
2021-06-15 09:20:25,28399.5,0
2021-06-15 09:20:26,28396.95,0
2021-06-15 09:20:27,28393.05,0
2021-06-15 09:20:28,28393.6,0
2021-06-15 09:20:29,28396.25,0
2021-06-15 09:20:30,28394.8,0
2021-06-15 09:20:31,28391.65,0
2021-06-15 09:20:32,28390.05,0
2021-06-15 09:20:33,28394.2,0
2021-06-15 09:20:35,28397.8,0
2021-06-15 09:20:36,28393.95,0
2021-06-15 09:20:37,28397.55,0
2021-06-15 09:20:38,28396.95,0
2021-06-15 09:20:39,28399.65,0
2021-06-15 09:20:40,28401.45,0
2021-06-15 09:20:41,28401.3,0
2021-06-15 09:20:42,28400.65,0
2021-06-15 09:20:44,28398.25,0
2021-06-15 09:20:45,28398.7,0
2021-06-15 09:20:46,28397.15,0
2021-06-15 09:20:47,28393.55,0
2021-06-15 09:20:48,28401.75,0
2021-06-15 09:20:51,28409.6,0
2021-06-15 09:20:52,28414.05,0
2021-06-15 09:20:53,28415.35,0
2021-06-15 09:20:55,28421.4,0
2021-06-15 09:20:56,28423.15,0
2021-06-15 09:20:57,28421.15,0
2021-06-15 09:20:58,28428.75,0
2021-06-15 09:20:59,28427.1,0
2021-06-15 09:21:00,28427.9,0
2021-06-15 09:21:01,28429.35,0
2021-06-15 09:21:02,28431.5,0
2021-06-15 09:21:03,28429.75,0
2021-06-15 09:21:04,28427.7,0
2021-06-15 09:21:05,28431.9,0
2021-06-15 09:21:11,28432.8,0
2021-06-15 09:21:12,28428.4,0
2021-06-15 09:21:13,28433.0,0
2021-06-15 09:21:14,28427.75,0
2021-06-15 09:21:15,28430.85,0
2021-06-15 09:21:16,28433.5,0
2021-06-15 09:21:17,28433.4,0
2021-06-15 09:21:18,28434.05,0
2021-06-15 09:21:19,28435.2,0
2021-06-15 09:21:20,28435.45,0
2021-06-15 09:21:22,28435.05,0
2021-06-15 09:21:23,28427.9,0
2021-06-15 09:21:24,28435.85,0
2021-06-15 09:21:25,28435.4,0
2021-06-15 09:21:26,28436.1,0
2021-06-15 09:21:27,28435.3,0
2021-06-15 09:21:29,28439.05,0
2021-06-15 09:21:30,28437.55,0
2021-06-15 09:21:31,28435.9,0
2021-06-15 09:21:32,28437.05,0
2021-06-15 09:21:33,28444.2,0
2021-06-15 09:21:34,28441.85,0
2021-06-15 09:21:35,28439.0,0
2021-06-15 09:21:38,28439.05,0
2021-06-15 09:21:39,28436.15,0
2021-06-15 09:21:40,28435.15,0
2021-06-15 09:21:42,28434.95,0
2021-06-15 09:21:43,28434.95,0
2021-06-15 09:21:44,28440.7,0
2021-06-15 09:21:45,28440.45,0
2021-06-15 09:21:46,28442.55,0
2021-06-15 09:21:47,28441.95,0
2021-06-15 09:21:49,28437.5,0
2021-06-15 09:21:50,28439.65,0
2021-06-15 09:21:51,28437.85,0
2021-06-15 09:21:52,28437.1,0
2021-06-15 09:21:53,28431.45,0
2021-06-15 09:21:54,28436.45,0
2021-06-15 09:21:55,28438.3,0
2021-06-15 09:21:57,28438.35,0
2021-06-15 09:21:58,28438.65,0
2021-06-15 09:21:59,28440.95,0
2021-06-15 09:22:00,28440.1,0
2021-06-15 09:22:01,28441.7,0
2021-06-15 09:22:02,28442.05,0
2021-06-15 09:22:03,28444.15,0
2021-06-15 09:22:04,28444.4,0
2021-06-15 09:22:05,28441.95,0
2021-06-15 09:22:06,28444.3,0
2021-06-15 09:22:08,28448.4,0
2021-06-15 09:22:10,28448.6,0
2021-06-15 09:22:12,28449.35,0
2021-06-15 09:22:13,28456.15,0
2021-06-15 09:22:14,28454.15,0
2021-06-15 09:22:15,28461.4,0
2021-06-15 09:22:16,28458.05,0
2021-06-15 09:22:17,28458.95,0
2021-06-15 09:22:18,28457.9,0
2021-06-15 09:22:19,28463.75,0
2021-06-15 09:22:20,28461.55,0
2021-06-15 09:22:21,28458.85,0
2021-06-15 09:22:22,28462.1,0
2021-06-15 09:22:23,28464.9,0
2021-06-15 09:22:24,28464.85,0
2021-06-15 09:22:26,28466.05,0
2021-06-15 09:22:27,28464.6,0
2021-06-15 09:22:29,28469.55,0
2021-06-15 09:22:30,28473.05,0
2021-06-15 09:22:31,28473.35,0
2021-06-15 09:22:32,28471.45,0
2021-06-15 09:22:33,28476.2,0
2021-06-15 09:22:35,28480.8,0
2021-06-15 09:22:36,28485.9,0
2021-06-15 09:22:39,28480.65,0
2021-06-15 09:22:40,28485.9,0
2021-06-15 09:22:41,28484.55,0
2021-06-15 09:22:43,28487.8,0
2021-06-15 09:22:44,28487.75,0
2021-06-15 09:22:45,28489.8,0
2021-06-15 09:22:46,28488.9,0
2021-06-15 09:22:47,28491.55,0
2021-06-15 09:22:49,28491.6,0
2021-06-15 09:22:51,28496.7,0
2021-06-15 09:22:52,28495.8,0
2021-06-15 09:22:53,28501.5,0
2021-06-15 09:22:54,28502.25,0
2021-06-15 09:22:56,28499.8,0
2021-06-15 09:22:57,28496.7,0
2021-06-15 09:22:58,28499.85,0
2021-06-15 09:22:59,28502.85,0
2021-06-15 09:23:00,28500.85,0
2021-06-15 09:23:01,28504.25,0
2021-06-15 09:23:02,28504.9,0
2021-06-15 09:23:03,28504.0,0
2021-06-15 09:23:04,28505.0,0
2021-06-15 09:23:05,28509.65,0
2021-06-15 09:23:06,28510.8,0
2021-06-15 09:23:07,28510.35,0
2021-06-15 09:23:08,28511.6,0
2021-06-15 09:23:09,28511.05,0
2021-06-15 09:23:10,28506.35,0
2021-06-15 09:23:11,28508.9,0
2021-06-15 09:23:13,28514.15,0
2021-06-15 09:23:14,28514.65,0
2021-06-15 09:23:15,28515.7,0
2021-06-15 09:23:16,28518.2,0
2021-06-15 09:23:19,28516.05,0
2021-06-15 09:23:20,28518.35,0
2021-06-15 09:23:21,28517.45,0
2021-06-15 09:23:22,28514.1,0
2021-06-15 09:23:23,28502.8,0
2021-06-15 09:23:24,28496.8,0
2021-06-15 09:23:25,28500.2,0
2021-06-15 09:23:26,28499.25,0
2021-06-15 09:23:28,28504.4,0
2021-06-15 09:23:29,28502.65,0
2021-06-15 09:23:30,28503.7,0
2021-06-15 09:23:32,28509.95,0
2021-06-15 09:23:33,28507.85,0
2021-06-15 09:23:34,28504.3,0
2021-06-15 09:23:35,28508.05,0
2021-06-15 09:23:36,28505.25,0
2021-06-15 09:23:37,28507.3,0
2021-06-15 09:23:38,28509.25,0
2021-06-15 09:23:39,28510.95,0
2021-06-15 09:23:40,28508.6,0
2021-06-15 09:23:41,28509.15,0
2021-06-15 09:23:42,28509.65,0
2021-06-15 09:23:43,28504.6,0
2021-06-15 09:23:44,28507.8,0
2021-06-15 09:23:45,28509.65,0
2021-06-15 09:23:46,28511.0,0
2021-06-15 09:23:47,28513.4,0
2021-06-15 09:23:48,28510.45,0
2021-06-15 09:23:49,28511.25,0
2021-06-15 09:23:50,28509.3,0
2021-06-15 09:23:51,28507.95,0
2021-06-15 09:23:52,28508.45,0
2021-06-15 09:23:53,28504.0,0
2021-06-15 09:23:55,28502.15,0
2021-06-15 09:23:56,28504.8,0
2021-06-15 09:23:57,28502.0,0
2021-06-15 09:23:58,28501.25,0
2021-06-15 09:24:00,28499.0,0
2021-06-15 09:24:02,28501.5,0
2021-06-15 09:24:03,28503.95,0
2021-06-15 09:24:04,28500.2,0
2021-06-15 09:24:06,28502.55,0
2021-06-15 09:24:07,28501.4,0
2021-06-15 09:24:08,28501.0,0
2021-06-15 09:24:09,28499.95,0
2021-06-15 09:24:10,28501.1,0
2021-06-15 09:24:11,28501.35,0
2021-06-15 09:24:12,28499.35,0
2021-06-15 09:24:13,28499.6,0
2021-06-15 09:24:14,28501.25,0
2021-06-15 09:24:15,28495.35,0
2021-06-15 09:24:16,28491.0,0
2021-06-15 09:24:17,28492.65,0
2021-06-15 09:24:18,28489.8,0
2021-06-15 09:24:19,28489.0,0
2021-06-15 09:24:20,28490.85,0
2021-06-15 09:24:21,28491.3,0
2021-06-15 09:24:22,28494.95,0
2021-06-15 09:24:23,28496.55,0
2021-06-15 09:24:24,28496.95,0
2021-06-15 09:24:25,28503.6,0
2021-06-15 09:24:26,28502.5,0
2021-06-15 09:24:27,28495.65,0
2021-06-15 09:24:28,28495.55,0
2021-06-15 09:24:29,28498.15,0
2021-06-15 09:24:30,28497.9,0
2021-06-15 09:24:32,28504.2,0
2021-06-15 09:24:33,28502.9,0
2021-06-15 09:24:34,28506.3,0
2021-06-15 09:24:35,28505.95,0
2021-06-15 09:24:36,28502.65,0
2021-06-15 09:24:39,28508.3,0
2021-06-15 09:24:42,28501.45,0
2021-06-15 09:24:43,28503.6,0
2021-06-15 09:24:44,28498.55,0
2021-06-15 09:24:45,28503.4,0
2021-06-15 09:24:46,28503.65,0
2021-06-15 09:24:47,28504.95,0
2021-06-15 09:24:48,28505.2,0
2021-06-15 09:24:49,28500.95,0
2021-06-15 09:24:50,28498.9,0
2021-06-15 09:24:51,28501.2,0
2021-06-15 09:24:52,28500.0,0
2021-06-15 09:24:53,28501.7,0
2021-06-15 09:24:54,28499.8,0
2021-06-15 09:24:56,28500.6,0
2021-06-15 09:24:57,28500.35,0
2021-06-15 09:24:58,28502.2,0
2021-06-15 09:25:00,28501.2,0
2021-06-15 09:25:01,28501.4,0
2021-06-15 09:25:02,28502.7,0
2021-06-15 09:25:03,28503.0,0
2021-06-15 09:25:05,28512.6,0
2021-06-15 09:25:06,28517.3,0
2021-06-15 09:25:07,28515.0,0
2021-06-15 09:25:08,28513.15,0
2021-06-15 09:25:09,28511.55,0
2021-06-15 09:25:10,28517.6,0
2021-06-15 09:25:11,28518.75,0
2021-06-15 09:25:12,28513.85,0
2021-06-15 09:25:13,28511.8,0
2021-06-15 09:25:14,28515.0,0
2021-06-15 09:25:15,28511.25,0
2021-06-15 09:25:16,28516.05,0
2021-06-15 09:25:17,28514.85,0
2021-06-15 09:25:18,28515.2,0
2021-06-15 09:25:19,28511.35,0
2021-06-15 09:25:20,28516.95,0
2021-06-15 09:25:21,28515.8,0
2021-06-15 09:25:22,28512.65,0
2021-06-15 09:25:23,28512.45,0
2021-06-15 09:25:24,28511.8,0
2021-06-15 09:25:25,28514.5,0
2021-06-15 09:25:26,28514.05,0
2021-06-15 09:25:27,28514.4,0
2021-06-15 09:25:28,28512.45,0
2021-06-15 09:25:29,28513.35,0
2021-06-15 09:25:31,28512.1,0
2021-06-15 09:25:32,28512.3,0
2021-06-15 09:25:33,28511.3,0
2021-06-15 09:25:34,28512.55,0
2021-06-15 09:25:35,28512.75,0
2021-06-15 09:25:36,28510.05,0
2021-06-15 09:25:37,28507.25,0
2021-06-15 09:25:38,28512.45,0
2021-06-15 09:25:39,28510.65,0
2021-06-15 09:25:40,28510.25,0
2021-06-15 09:25:42,28506.35,0
2021-06-15 09:25:43,28505.5,0
2021-06-15 09:25:44,28505.15,0
2021-06-15 09:25:45,28506.5,0
2021-06-15 09:25:47,28502.6,0
2021-06-15 09:25:48,28505.6,0
2021-06-15 09:25:49,28504.2,0
2021-06-15 09:25:51,28502.25,0
2021-06-15 09:25:52,28501.3,0
2021-06-15 09:25:53,28503.85,0
2021-06-15 09:25:55,28505.0,0
2021-06-15 09:25:56,28501.7,0
2021-06-15 09:25:57,28502.15,0
2021-06-15 09:25:58,28506.65,0
2021-06-15 09:26:00,28507.85,0
2021-06-15 09:26:01,28505.85,0
2021-06-15 09:26:02,28507.7,0
2021-06-15 09:26:03,28504.0,0
2021-06-15 09:26:04,28505.25,0
2021-06-15 09:26:05,28505.5,0
2021-06-15 09:26:06,28507.6,0
2021-06-15 09:26:07,28505.55,0
2021-06-15 09:26:08,28506.55,0
2021-06-15 09:26:09,28506.15,0
2021-06-15 09:26:10,28508.6,0
2021-06-15 09:26:11,28504.75,0
2021-06-15 09:26:12,28502.9,0
2021-06-15 09:26:13,28502.35,0
2021-06-15 09:26:14,28503.15,0
2021-06-15 09:26:15,28503.0,0
2021-06-15 09:26:16,28503.75,0
2021-06-15 09:26:17,28504.0,0
2021-06-15 09:26:18,28500.85,0
2021-06-15 09:26:19,28500.3,0
2021-06-15 09:26:20,28499.95,0
2021-06-15 09:26:21,28505.2,0
2021-06-15 09:26:22,28504.15,0
2021-06-15 09:26:23,28508.4,0
2021-06-15 09:26:24,28503.45,0
2021-06-15 09:26:25,28504.15,0
2021-06-15 09:26:26,28500.75,0
2021-06-15 09:26:27,28497.95,0
2021-06-15 09:26:29,28498.8,0
2021-06-15 09:26:30,28500.45,0
2021-06-15 09:26:31,28501.2,0
2021-06-15 09:26:32,28498.7,0
2021-06-15 09:26:33,28501.25,0
2021-06-15 09:26:34,28502.7,0
2021-06-15 09:26:35,28507.4,0
2021-06-15 09:26:36,28502.1,0
2021-06-15 09:26:37,28507.85,0
2021-06-15 09:26:38,28500.15,0
2021-06-15 09:26:39,28504.7,0
2021-06-15 09:26:40,28499.65,0
2021-06-15 09:26:41,28501.2,0
2021-06-15 09:26:43,28503.45,0
2021-06-15 09:26:45,28498.2,0
2021-06-15 09:26:46,28499.6,0
2021-06-15 09:26:47,28495.25,0
2021-06-15 09:26:48,28498.75,0
2021-06-15 09:26:49,28488.45,0
2021-06-15 09:26:50,28487.35,0
2021-06-15 09:26:51,28487.85,0
2021-06-15 09:26:52,28487.55,0
2021-06-15 09:26:53,28483.3,0
2021-06-15 09:26:54,28493.9,0
2021-06-15 09:26:55,28495.15,0
2021-06-15 09:26:56,28496.9,0
2021-06-15 09:26:57,28495.5,0
2021-06-15 09:26:59,28494.4,0
2021-06-15 09:27:01,28491.95,0
2021-06-15 09:27:03,28496.05,0
2021-06-15 09:27:04,28496.0,0
2021-06-15 09:27:05,28496.6,0
2021-06-15 09:27:06,28491.75,0
2021-06-15 09:27:07,28495.5,0
2021-06-15 09:27:08,28492.05,0
2021-06-15 09:27:09,28495.45,0
2021-06-15 09:27:10,28491.15,0
2021-06-15 09:27:11,28492.8,0
2021-06-15 09:27:12,28492.05,0
2021-06-15 09:27:13,28491.95,0
2021-06-15 09:27:14,28490.4,0
2021-06-15 09:27:15,28488.05,0
2021-06-15 09:27:16,28487.95,0
2021-06-15 09:27:17,28490.25,0
2021-06-15 09:27:18,28486.25,0
2021-06-15 09:27:19,28487.25,0
2021-06-15 09:27:20,28481.2,0
2021-06-15 09:27:21,28486.75,0
2021-06-15 09:27:22,28484.8,0
2021-06-15 09:27:23,28485.95,0
2021-06-15 09:27:24,28489.3,0
2021-06-15 09:27:25,28486.95,0
2021-06-15 09:27:26,28485.1,0
2021-06-15 09:27:27,28488.3,0
2021-06-15 09:27:28,28483.7,0
2021-06-15 09:27:29,28485.65,0
2021-06-15 09:27:30,28479.75,0
2021-06-15 09:27:31,28483.35,0
2021-06-15 09:27:32,28478.6,0
2021-06-15 09:27:33,28483.35,0
2021-06-15 09:27:34,28479.85,0
2021-06-15 09:27:35,28483.3,0
2021-06-15 09:27:39,28480.35,0
2021-06-15 09:27:40,28479.4,0
2021-06-15 09:27:41,28482.85,0
2021-06-15 09:27:42,28482.85,0
2021-06-15 09:27:43,28483.8,0
2021-06-15 09:27:44,28482.8,0
2021-06-15 09:27:46,28485.1,0
2021-06-15 09:27:47,28486.25,0
2021-06-15 09:27:48,28484.15,0
2021-06-15 09:27:49,28484.55,0
2021-06-15 09:27:50,28479.95,0
2021-06-15 09:27:51,28479.25,0
2021-06-15 09:27:52,28478.75,0
2021-06-15 09:27:53,28482.3,0
2021-06-15 09:27:54,28483.65,0
2021-06-15 09:27:55,28482.25,0
2021-06-15 09:27:56,28481.5,0
2021-06-15 09:27:57,28478.55,0
2021-06-15 09:27:58,28481.2,0
2021-06-15 09:27:59,28477.55,0
2021-06-15 09:28:00,28480.5,0
2021-06-15 09:28:01,28478.05,0
2021-06-15 09:28:02,28476.65,0
2021-06-15 09:28:03,28473.85,0
2021-06-15 09:28:04,28480.05,0
2021-06-15 09:28:05,28476.05,0
2021-06-15 09:28:06,28478.7,0
2021-06-15 09:28:07,28476.8,0
2021-06-15 09:28:08,28479.55,0
2021-06-15 09:28:09,28476.1,0
2021-06-15 09:28:10,28474.5,0
2021-06-15 09:28:12,28475.3,0
2021-06-15 09:28:13,28476.9,0
2021-06-15 09:28:15,28470.2,0
2021-06-15 09:28:16,28475.0,0
2021-06-15 09:28:17,28472.5,0
2021-06-15 09:28:18,28472.9,0
2021-06-15 09:28:19,28470.95,0
2021-06-15 09:28:20,28469.15,0
2021-06-15 09:28:21,28473.05,0
2021-06-15 09:28:22,28472.1,0
2021-06-15 09:28:23,28471.05,0
2021-06-15 09:28:24,28468.15,0
2021-06-15 09:28:25,28468.55,0
2021-06-15 09:28:26,28468.75,0
2021-06-15 09:28:28,28472.45,0
2021-06-15 09:28:29,28471.3,0
2021-06-15 09:28:30,28471.35,0
2021-06-15 09:28:31,28474.4,0
2021-06-15 09:28:32,28476.8,0
2021-06-15 09:28:33,28475.65,0
2021-06-15 09:28:34,28478.8,0
2021-06-15 09:28:36,28476.55,0
2021-06-15 09:28:37,28477.85,0
2021-06-15 09:28:38,28476.0,0
2021-06-15 09:28:39,28475.85,0
2021-06-15 09:28:40,28474.85,0
2021-06-15 09:28:41,28475.55,0
2021-06-15 09:28:42,28476.55,0
2021-06-15 09:28:43,28475.8,0
2021-06-15 09:28:44,28474.8,0
2021-06-15 09:28:45,28472.25,0
2021-06-15 09:28:46,28472.15,0
2021-06-15 09:28:47,28476.4,0
2021-06-15 09:28:49,28473.1,0
2021-06-15 09:28:50,28474.6,0
2021-06-15 09:28:51,28475.7,0
2021-06-15 09:28:52,28473.6,0
2021-06-15 09:28:53,28473.45,0
2021-06-15 09:28:55,28475.7,0
2021-06-15 09:28:56,28473.1,0
2021-06-15 09:28:57,28472.5,0
2021-06-15 09:28:59,28474.6,0
2021-06-15 09:29:00,28473.55,0
2021-06-15 09:29:02,28476.85,0
2021-06-15 09:29:04,28480.75,0
2021-06-15 09:29:05,28480.9,0
2021-06-15 09:29:06,28480.75,0
2021-06-15 09:29:07,28479.65,0
2021-06-15 09:29:08,28480.3,0
2021-06-15 09:29:09,28481.95,0
2021-06-15 09:29:10,28481.6,0
2021-06-15 09:29:11,28482.2,0
2021-06-15 09:29:12,28480.05,0
2021-06-15 09:29:13,28485.75,0
2021-06-15 09:29:14,28482.3,0
2021-06-15 09:29:15,28479.8,0
2021-06-15 09:29:16,28480.45,0
2021-06-15 09:29:17,28481.15,0
2021-06-15 09:29:18,28482.55,0
2021-06-15 09:29:19,28477.55,0
2021-06-15 09:29:20,28479.9,0
2021-06-15 09:29:21,28477.6,0
2021-06-15 09:29:22,28473.35,0
2021-06-15 09:29:23,28474.0,0
2021-06-15 09:29:24,28472.45,0
2021-06-15 09:29:25,28475.5,0
2021-06-15 09:29:26,28471.35,0
2021-06-15 09:29:27,28470.7,0
2021-06-15 09:29:28,28472.7,0
2021-06-15 09:29:29,28469.65,0
2021-06-15 09:29:30,28469.65,0
2021-06-15 09:29:31,28469.3,0
2021-06-15 09:29:32,28467.65,0
2021-06-15 09:29:33,28470.1,0
2021-06-15 09:29:34,28470.35,0
2021-06-15 09:29:35,28473.65,0
2021-06-15 09:29:37,28468.1,0
2021-06-15 09:29:38,28471.5,0
2021-06-15 09:29:39,28472.45,0
2021-06-15 09:29:40,28470.45,0
2021-06-15 09:29:43,28471.7,0
2021-06-15 09:29:44,28466.8,0
2021-06-15 09:29:45,28469.6,0
2021-06-15 09:29:46,28469.45,0
2021-06-15 09:29:47,28469.0,0
2021-06-15 09:29:48,28470.3,0
2021-06-15 09:29:49,28468.1,0
2021-06-15 09:29:50,28467.2,0
2021-06-15 09:29:51,28464.4,0
2021-06-15 09:29:52,28468.6,0
2021-06-15 09:29:53,28468.35,0
2021-06-15 09:29:54,28468.15,0
2021-06-15 09:29:55,28465.95,0
2021-06-15 09:29:56,28468.0,0
2021-06-15 09:29:57,28467.95,0
2021-06-15 09:29:58,28468.5,0
2021-06-15 09:29:59,28465.4,0
2021-06-15 09:30:00,28471.0,0
2021-06-15 09:30:01,28469.05,0
2021-06-15 09:30:02,28460.45,0
2021-06-15 09:30:03,28473.35,0
2021-06-15 09:30:04,28467.15,0
2021-06-15 09:30:05,28471.75,0
2021-06-15 09:30:06,28466.05,0
2021-06-15 09:30:07,28469.0,0
2021-06-15 09:30:08,28464.55,0
2021-06-15 09:30:09,28466.05,0
2021-06-15 09:30:10,28465.3,0
2021-06-15 09:30:12,28466.25,0
2021-06-15 09:30:13,28467.65,0
2021-06-15 09:30:15,28464.5,0
2021-06-15 09:30:16,28464.9,0
2021-06-15 09:30:18,28466.85,0
2021-06-15 09:30:19,28466.0,0
2021-06-15 09:30:20,28467.05,0
2021-06-15 09:30:22,28466.15,0
2021-06-15 09:30:23,28465.1,0
2021-06-15 09:30:24,28464.8,0
2021-06-15 09:30:26,28466.3,0
2021-06-15 09:30:27,28463.9,0
2021-06-15 09:30:28,28464.8,0
2021-06-15 09:30:29,28465.0,0
2021-06-15 09:30:30,28467.15,0
2021-06-15 09:30:31,28467.3,0
2021-06-15 09:30:32,28467.25,0
2021-06-15 09:30:33,28468.2,0
2021-06-15 09:30:34,28467.6,0
2021-06-15 09:30:35,28470.05,0
2021-06-15 09:30:36,28469.3,0
2021-06-15 09:30:37,28464.95,0
2021-06-15 09:30:38,28465.85,0
2021-06-15 09:30:39,28461.75,0
2021-06-15 09:30:40,28463.3,0
2021-06-15 09:30:41,28463.05,0
2021-06-15 09:30:42,28462.95,0
2021-06-15 09:30:43,28460.55,0
2021-06-15 09:30:45,28461.7,0
2021-06-15 09:30:46,28459.1,0
2021-06-15 09:30:47,28457.25,0
2021-06-15 09:30:48,28459.8,0
2021-06-15 09:30:49,28458.0,0
2021-06-15 09:30:50,28457.8,0
2021-06-15 09:30:51,28459.35,0
2021-06-15 09:30:52,28457.2,0
2021-06-15 09:30:53,28458.0,0
2021-06-15 09:30:54,28458.25,0
2021-06-15 09:30:55,28459.3,0
2021-06-15 09:30:57,28458.75,0
2021-06-15 09:30:59,28456.1,0
2021-06-15 09:31:00,28456.8,0
2021-06-15 09:31:01,28459.0,0
2021-06-15 09:31:02,28455.65,0
2021-06-15 09:31:03,28456.95,0
2021-06-15 09:31:04,28458.65,0
2021-06-15 09:31:05,28456.8,0
2021-06-15 09:31:06,28456.65,0
2021-06-15 09:31:07,28454.95,0
2021-06-15 09:31:08,28456.7,0
2021-06-15 09:31:09,28456.05,0
2021-06-15 09:31:10,28456.55,0
2021-06-15 09:31:11,28455.6,0
2021-06-15 09:31:12,28450.55,0
2021-06-15 09:31:13,28448.6,0
2021-06-15 09:31:14,28450.7,0
2021-06-15 09:31:15,28451.9,0
2021-06-15 09:31:16,28448.55,0
2021-06-15 09:31:17,28449.6,0
2021-06-15 09:31:18,28446.5,0
2021-06-15 09:31:19,28450.25,0
2021-06-15 09:31:20,28448.7,0
2021-06-15 09:31:21,28444.4,0
2021-06-15 09:31:22,28448.85,0
2021-06-15 09:31:23,28445.3,0
2021-06-15 09:31:24,28444.1,0
2021-06-15 09:31:25,28444.8,0
2021-06-15 09:31:26,28442.05,0
2021-06-15 09:31:27,28444.95,0
2021-06-15 09:31:28,28448.15,0
2021-06-15 09:31:29,28446.4,0
2021-06-15 09:31:30,28447.4,0
2021-06-15 09:31:31,28447.4,0
2021-06-15 09:31:32,28447.9,0
2021-06-15 09:31:33,28447.8,0
2021-06-15 09:31:34,28450.0,0
2021-06-15 09:31:36,28452.7,0
2021-06-15 09:31:37,28454.2,0
2021-06-15 09:31:38,28452.9,0
2021-06-15 09:31:40,28453.0,0
2021-06-15 09:31:41,28455.75,0
2021-06-15 09:31:42,28457.35,0
2021-06-15 09:31:43,28455.3,0
2021-06-15 09:31:45,28458.25,0
2021-06-15 09:31:48,28455.6,0
2021-06-15 09:31:49,28457.55,0
2021-06-15 09:31:50,28461.2,0
2021-06-15 09:31:51,28456.0,0
2021-06-15 09:31:52,28457.8,0
2021-06-15 09:31:53,28456.2,0
2021-06-15 09:31:54,28454.4,0
2021-06-15 09:31:55,28454.8,0
2021-06-15 09:31:56,28459.25,0
2021-06-15 09:31:57,28458.6,0
2021-06-15 09:31:58,28459.1,0
2021-06-15 09:31:59,28458.85,0
2021-06-15 09:32:00,28458.45,0
2021-06-15 09:32:01,28459.9,0
2021-06-15 09:32:02,28458.2,0
2021-06-15 09:32:03,28463.95,0
2021-06-15 09:32:04,28465.1,0
2021-06-15 09:32:05,28460.95,0
2021-06-15 09:32:06,28462.4,0
2021-06-15 09:32:07,28461.7,0
2021-06-15 09:32:08,28461.85,0
2021-06-15 09:32:09,28465.2,0
2021-06-15 09:32:10,28464.8,0
2021-06-15 09:32:11,28461.9,0
2021-06-15 09:32:12,28463.65,0
2021-06-15 09:32:13,28467.0,0
2021-06-15 09:32:14,28468.5,0
2021-06-15 09:32:15,28466.55,0
2021-06-15 09:32:16,28466.5,0
2021-06-15 09:32:17,28467.05,0
2021-06-15 09:32:18,28469.6,0
2021-06-15 09:32:19,28469.3,0
2021-06-15 09:32:20,28468.45,0
2021-06-15 09:32:21,28467.1,0
2021-06-15 09:32:22,28465.45,0
2021-06-15 09:32:23,28467.95,0
2021-06-15 09:32:24,28466.9,0
2021-06-15 09:32:25,28468.85,0
2021-06-15 09:32:26,28465.8,0
2021-06-15 09:32:27,28466.9,0
2021-06-15 09:32:28,28467.95,0
2021-06-15 09:32:29,28467.9,0
2021-06-15 09:32:30,28463.55,0
2021-06-15 09:32:31,28464.15,0
2021-06-15 09:32:34,28461.1,0
2021-06-15 09:32:36,28459.1,0
2021-06-15 09:32:37,28458.6,0
2021-06-15 09:32:38,28455.2,0
2021-06-15 09:32:39,28456.4,0
2021-06-15 09:32:41,28456.2,0
2021-06-15 09:32:43,28460.5,0
2021-06-15 09:32:45,28461.45,0
2021-06-15 09:32:46,28461.75,0
2021-06-15 09:32:47,28461.05,0
2021-06-15 09:32:49,28457.85,0
2021-06-15 09:32:51,28454.9,0
2021-06-15 09:32:52,28454.85,0
2021-06-15 09:32:53,28455.75,0
2021-06-15 09:32:54,28453.7,0
2021-06-15 09:32:55,28454.45,0
2021-06-15 09:32:56,28451.45,0
2021-06-15 09:32:57,28453.45,0
2021-06-15 09:32:58,28453.35,0
2021-06-15 09:33:01,28454.6,0
2021-06-15 09:33:02,28454.05,0
2021-06-15 09:33:03,28457.75,0
2021-06-15 09:33:04,28458.9,0
2021-06-15 09:33:05,28461.7,0
2021-06-15 09:33:06,28461.05,0
2021-06-15 09:33:07,28460.25,0
2021-06-15 09:33:08,28463.65,0
2021-06-15 09:33:09,28464.1,0
2021-06-15 09:33:10,28468.05,0
2021-06-15 09:33:11,28481.55,0
2021-06-15 09:33:12,28484.9,0
2021-06-15 09:33:13,28485.75,0
2021-06-15 09:33:14,28484.25,0
2021-06-15 09:33:16,28485.05,0
2021-06-15 09:33:17,28487.55,0
2021-06-15 09:33:18,28485.95,0
2021-06-15 09:33:20,28486.05,0
2021-06-15 09:33:22,28492.85,0
2021-06-15 09:33:23,28493.0,0
2021-06-15 09:33:24,28494.0,0
2021-06-15 09:33:25,28492.2,0
2021-06-15 09:33:26,28495.45,0
2021-06-15 09:33:27,28494.45,0
2021-06-15 09:33:28,28494.95,0
2021-06-15 09:33:29,28497.9,0
2021-06-15 09:33:30,28502.55,0
2021-06-15 09:33:31,28499.6,0
2021-06-15 09:33:32,28500.1,0
2021-06-15 09:33:33,28502.25,0
2021-06-15 09:33:34,28500.5,0
2021-06-15 09:33:35,28502.15,0
2021-06-15 09:33:36,28504.4,0
2021-06-15 09:33:37,28503.85,0
2021-06-15 09:33:38,28504.1,0
2021-06-15 09:33:39,28503.35,0
2021-06-15 09:33:40,28506.55,0
2021-06-15 09:33:42,28502.45,0
2021-06-15 09:33:43,28504.35,0
2021-06-15 09:33:44,28508.65,0
2021-06-15 09:33:45,28510.25,0
2021-06-15 09:33:46,28513.5,0
2021-06-15 09:33:47,28509.85,0
2021-06-15 09:33:48,28511.1,0
2021-06-15 09:33:49,28509.8,0
2021-06-15 09:33:50,28514.1,0
2021-06-15 09:33:51,28517.25,0
2021-06-15 09:33:52,28517.1,0
2021-06-15 09:33:53,28513.7,0
2021-06-15 09:33:54,28511.95,0
2021-06-15 09:33:55,28514.85,0
2021-06-15 09:33:56,28515.45,0
2021-06-15 09:33:57,28515.05,0
2021-06-15 09:33:58,28515.55,0
2021-06-15 09:33:59,28515.7,0
2021-06-15 09:34:00,28515.85,0
2021-06-15 09:34:03,28517.15,0
2021-06-15 09:34:04,28519.4,0
2021-06-15 09:34:05,28515.65,0
2021-06-15 09:34:06,28516.55,0
2021-06-15 09:34:07,28517.75,0
2021-06-15 09:34:08,28517.35,0
2021-06-15 09:34:09,28516.6,0
2021-06-15 09:34:10,28517.15,0
2021-06-15 09:34:11,28515.8,0
2021-06-15 09:34:12,28515.8,0
2021-06-15 09:34:13,28516.2,0
2021-06-15 09:34:14,28515.75,0
2021-06-15 09:34:15,28518.45,0
2021-06-15 09:34:16,28515.85,0
2021-06-15 09:34:17,28516.15,0
2021-06-15 09:34:18,28513.65,0
2021-06-15 09:34:19,28511.25,0
2021-06-15 09:34:20,28513.6,0
2021-06-15 09:34:21,28515.25,0
2021-06-15 09:34:22,28509.85,0
2021-06-15 09:34:23,28511.5,0
2021-06-15 09:34:24,28511.15,0
2021-06-15 09:34:25,28514.15,0
2021-06-15 09:34:26,28514.55,0
2021-06-15 09:34:28,28514.9,0
2021-06-15 09:34:29,28508.3,0
2021-06-15 09:34:30,28508.4,0
2021-06-15 09:34:31,28508.4,0
2021-06-15 09:34:32,28512.75,0
2021-06-15 09:34:35,28513.05,0
2021-06-15 09:34:36,28515.0,0
2021-06-15 09:34:37,28515.7,0
2021-06-15 09:34:39,28514.0,0
2021-06-15 09:34:40,28513.6,0
2021-06-15 09:34:41,28512.95,0
2021-06-15 09:34:42,28512.2,0
2021-06-15 09:34:43,28512.3,0
2021-06-15 09:34:44,28511.3,0
2021-06-15 09:34:45,28510.9,0
2021-06-15 09:34:46,28512.7,0
2021-06-15 09:34:48,28512.65,0
2021-06-15 09:34:50,28508.75,0
2021-06-15 09:34:52,28505.05,0
2021-06-15 09:34:53,28501.5,0
2021-06-15 09:34:54,28501.35,0
2021-06-15 09:34:55,28504.7,0
2021-06-15 09:34:56,28504.25,0
2021-06-15 09:34:57,28504.55,0
2021-06-15 09:34:59,28501.15,0
2021-06-15 09:35:00,28502.8,0
2021-06-15 09:35:03,28504.05,0
2021-06-15 09:35:04,28502.55,0
2021-06-15 09:35:06,28503.9,0
2021-06-15 09:35:08,28506.45,0
2021-06-15 09:35:09,28505.75,0
2021-06-15 09:35:10,28508.0,0
2021-06-15 09:35:11,28505.25,0
2021-06-15 09:35:12,28508.2,0
2021-06-15 09:35:13,28506.8,0
2021-06-15 09:35:14,28507.45,0
2021-06-15 09:35:15,28509.85,0
2021-06-15 09:35:16,28509.95,0
2021-06-15 09:35:18,28513.05,0
2021-06-15 09:35:19,28513.6,0
2021-06-15 09:35:20,28516.55,0
2021-06-15 09:35:21,28513.75,0
2021-06-15 09:35:22,28515.9,0
2021-06-15 09:35:23,28517.15,0
2021-06-15 09:35:26,28520.15,0
2021-06-15 09:35:27,28519.9,0
2021-06-15 09:35:28,28520.05,0
2021-06-15 09:35:29,28520.05,0
2021-06-15 09:35:30,28520.5,0
2021-06-15 09:35:31,28519.9,0
2021-06-15 09:35:32,28519.65,0
2021-06-15 09:35:33,28521.85,0
2021-06-15 09:35:34,28521.5,0
2021-06-15 09:35:35,28521.75,0
2021-06-15 09:35:36,28523.1,0
2021-06-15 09:35:37,28522.15,0
2021-06-15 09:35:38,28523.4,0
2021-06-15 09:35:39,28524.05,0
2021-06-15 09:35:41,28518.9,0
2021-06-15 09:35:42,28522.85,0
2021-06-15 09:35:43,28525.4,0
2021-06-15 09:35:44,28525.85,0
2021-06-15 09:35:45,28524.2,0
2021-06-15 09:35:46,28523.7,0
2021-06-15 09:35:47,28521.1,0
2021-06-15 09:35:48,28524.15,0
2021-06-15 09:35:49,28523.15,0
2021-06-15 09:35:50,28523.95,0
2021-06-15 09:35:51,28519.8,0
2021-06-15 09:35:52,28520.25,0
2021-06-15 09:35:53,28521.05,0
2021-06-15 09:35:54,28522.8,0
2021-06-15 09:35:55,28523.0,0
2021-06-15 09:35:56,28524.05,0
2021-06-15 09:35:57,28524.0,0
2021-06-15 09:35:58,28523.8,0
2021-06-15 09:35:59,28524.45,0
2021-06-15 09:36:00,28523.7,0
2021-06-15 09:36:01,28526.35,0
2021-06-15 09:36:02,28521.3,0
2021-06-15 09:36:03,28523.3,0
2021-06-15 09:36:04,28520.8,0
2021-06-15 09:36:05,28522.15,0
2021-06-15 09:36:06,28524.95,0
2021-06-15 09:36:07,28522.85,0
2021-06-15 09:36:08,28524.2,0
2021-06-15 09:36:10,28523.55,0
2021-06-15 09:36:11,28525.35,0
2021-06-15 09:36:12,28527.2,0
2021-06-15 09:36:13,28527.45,0
2021-06-15 09:36:14,28527.2,0
2021-06-15 09:36:15,28527.2,0
2021-06-15 09:36:16,28529.2,0
2021-06-15 09:36:18,28529.75,0
2021-06-15 09:36:19,28534.2,0
2021-06-15 09:36:20,28531.3,0
2021-06-15 09:36:21,28529.4,0
2021-06-15 09:36:22,28528.25,0
2021-06-15 09:36:23,28532.45,0
2021-06-15 09:36:24,28534.8,0
2021-06-15 09:36:25,28532.35,0
2021-06-15 09:36:26,28531.9,0
2021-06-15 09:36:27,28529.75,0
2021-06-15 09:36:28,28534.5,0
2021-06-15 09:36:29,28533.65,0
2021-06-15 09:36:30,28533.55,0
2021-06-15 09:36:31,28532.55,0
2021-06-15 09:36:32,28533.45,0
2021-06-15 09:36:33,28534.4,0
2021-06-15 09:36:34,28532.15,0
2021-06-15 09:36:35,28533.8,0
2021-06-15 09:36:36,28528.8,0
2021-06-15 09:36:37,28530.6,0
2021-06-15 09:36:38,28530.15,0
2021-06-15 09:36:39,28528.25,0
2021-06-15 09:36:40,28529.45,0
2021-06-15 09:36:41,28531.05,0
2021-06-15 09:36:42,28530.8,0
2021-06-15 09:36:43,28531.8,0
2021-06-15 09:36:44,28530.15,0
2021-06-15 09:36:45,28527.7,0
2021-06-15 09:36:46,28531.5,0
2021-06-15 09:36:47,28526.8,0
2021-06-15 09:36:48,28530.1,0
2021-06-15 09:36:49,28527.4,0
2021-06-15 09:36:50,28528.65,0
2021-06-15 09:36:51,28529.95,0
2021-06-15 09:36:52,28525.3,0
2021-06-15 09:36:53,28528.35,0
2021-06-15 09:36:54,28528.75,0
2021-06-15 09:36:55,28530.25,0
2021-06-15 09:36:57,28529.05,0
2021-06-15 09:36:58,28528.9,0
2021-06-15 09:37:00,28527.4,0
2021-06-15 09:37:01,28528.95,0
2021-06-15 09:37:02,28527.3,0
2021-06-15 09:37:03,28529.4,0
2021-06-15 09:37:04,28527.05,0
2021-06-15 09:37:05,28530.25,0
2021-06-15 09:37:06,28529.15,0
2021-06-15 09:37:07,28531.1,0
2021-06-15 09:37:08,28531.85,0
2021-06-15 09:37:10,28533.55,0
2021-06-15 09:37:11,28531.45,0
2021-06-15 09:37:12,28530.25,0
2021-06-15 09:37:14,28527.95,0
2021-06-15 09:37:15,28530.95,0
2021-06-15 09:37:16,28529.95,0
2021-06-15 09:37:17,28528.9,0
2021-06-15 09:37:18,28528.1,0
2021-06-15 09:37:19,28530.1,0
2021-06-15 09:37:20,28527.5,0
2021-06-15 09:37:21,28529.05,0
2021-06-15 09:37:22,28528.55,0
2021-06-15 09:37:23,28527.75,0
2021-06-15 09:37:24,28525.05,0
2021-06-15 09:37:25,28530.2,0
2021-06-15 09:37:26,28531.5,0
2021-06-15 09:37:27,28533.5,0
2021-06-15 09:37:28,28530.5,0
2021-06-15 09:37:29,28530.8,0
2021-06-15 09:37:30,28529.15,0
2021-06-15 09:37:31,28533.85,0
2021-06-15 09:37:32,28531.05,0
2021-06-15 09:37:33,28529.8,0
2021-06-15 09:37:34,28533.2,0
2021-06-15 09:37:36,28529.65,0
2021-06-15 09:37:37,28531.4,0
2021-06-15 09:37:38,28531.7,0
2021-06-15 09:37:39,28529.45,0
2021-06-15 09:37:40,28531.25,0
2021-06-15 09:37:41,28529.1,0
2021-06-15 09:37:42,28529.65,0
2021-06-15 09:37:43,28527.55,0
2021-06-15 09:37:45,28531.45,0
2021-06-15 09:37:46,28526.85,0
2021-06-15 09:37:47,28529.05,0
2021-06-15 09:37:48,28520.5,0
2021-06-15 09:37:49,28521.55,0
2021-06-15 09:37:50,28527.2,0
2021-06-15 09:37:51,28524.45,0
2021-06-15 09:37:52,28525.15,0
2021-06-15 09:37:54,28523.9,0
2021-06-15 09:37:56,28524.7,0
2021-06-15 09:37:57,28522.45,0
2021-06-15 09:37:58,28524.8,0
2021-06-15 09:37:59,28524.95,0
2021-06-15 09:38:00,28523.3,0
2021-06-15 09:38:02,28518.9,0
2021-06-15 09:38:03,28519.05,0
2021-06-15 09:38:04,28520.8,0
2021-06-15 09:38:05,28522.35,0
2021-06-15 09:38:06,28524.75,0
2021-06-15 09:38:07,28523.85,0
2021-06-15 09:38:08,28521.35,0
2021-06-15 09:38:09,28522.8,0
2021-06-15 09:38:11,28523.15,0
2021-06-15 09:38:12,28523.45,0
2021-06-15 09:38:13,28526.5,0
2021-06-15 09:38:14,28527.4,0
2021-06-15 09:38:16,28527.35,0
2021-06-15 09:38:17,28530.3,0
2021-06-15 09:38:18,28530.3,0
2021-06-15 09:38:20,28527.9,0
2021-06-15 09:38:21,28528.9,0
2021-06-15 09:38:22,28527.1,0
2021-06-15 09:38:23,28532.55,0
2021-06-15 09:38:24,28530.25,0
2021-06-15 09:38:25,28531.65,0
2021-06-15 09:38:26,28532.05,0
2021-06-15 09:38:27,28528.25,0
2021-06-15 09:38:28,28531.25,0
2021-06-15 09:38:29,28530.1,0
2021-06-15 09:38:31,28523.0,0
2021-06-15 09:38:32,28527.55,0
2021-06-15 09:38:33,28524.6,0
2021-06-15 09:38:34,28525.35,0
2021-06-15 09:38:35,28528.75,0
2021-06-15 09:38:38,28532.4,0
2021-06-15 09:38:39,28527.05,0
2021-06-15 09:38:40,28526.55,0
2021-06-15 09:38:41,28523.1,0
2021-06-15 09:38:42,28523.6,0
2021-06-15 09:38:44,28524.65,0
2021-06-15 09:38:45,28525.3,0
2021-06-15 09:38:47,28524.6,0
2021-06-15 09:38:48,28524.95,0
2021-06-15 09:38:49,28524.15,0
2021-06-15 09:38:50,28523.3,0
2021-06-15 09:38:51,28524.25,0
2021-06-15 09:38:52,28519.4,0
2021-06-15 09:38:53,28515.3,0
2021-06-15 09:38:54,28513.85,0
2021-06-15 09:38:55,28516.15,0
2021-06-15 09:38:57,28517.3,0
2021-06-15 09:38:58,28515.8,0
2021-06-15 09:38:59,28517.6,0
2021-06-15 09:39:00,28518.2,0
2021-06-15 09:39:01,28521.85,0
2021-06-15 09:39:03,28520.6,0
2021-06-15 09:39:04,28523.3,0
2021-06-15 09:39:05,28527.65,0
2021-06-15 09:39:06,28527.95,0
2021-06-15 09:39:07,28530.45,0
2021-06-15 09:39:08,28528.15,0
2021-06-15 09:39:09,28529.5,0
2021-06-15 09:39:10,28530.4,0
2021-06-15 09:39:11,28531.5,0
2021-06-15 09:39:12,28531.55,0
2021-06-15 09:39:13,28530.3,0
2021-06-15 09:39:14,28530.7,0
2021-06-15 09:39:15,28530.7,0
2021-06-15 09:39:16,28532.35,0
2021-06-15 09:39:17,28533.6,0
2021-06-15 09:39:18,28532.9,0
2021-06-15 09:39:19,28533.35,0
2021-06-15 09:39:20,28533.65,0
2021-06-15 09:39:21,28533.15,0
2021-06-15 09:39:22,28534.2,0
2021-06-15 09:39:23,28534.4,0
2021-06-15 09:39:24,28534.65,0
2021-06-15 09:39:25,28533.05,0
2021-06-15 09:39:26,28532.65,0
2021-06-15 09:39:27,28534.5,0
2021-06-15 09:39:28,28534.35,0
2021-06-15 09:39:29,28534.4,0
2021-06-15 09:39:31,28540.15,0
2021-06-15 09:39:32,28536.2,0
2021-06-15 09:39:33,28537.9,0
2021-06-15 09:39:34,28539.8,0
2021-06-15 09:39:35,28540.85,0
2021-06-15 09:39:36,28541.0,0
2021-06-15 09:39:37,28542.45,0
2021-06-15 09:39:38,28542.55,0
2021-06-15 09:39:39,28538.5,0
2021-06-15 09:39:40,28541.6,0
2021-06-15 09:39:41,28540.6,0
2021-06-15 09:39:42,28539.6,0
2021-06-15 09:39:43,28536.6,0
2021-06-15 09:39:44,28536.15,0
2021-06-15 09:39:45,28539.35,0
2021-06-15 09:39:46,28538.1,0
2021-06-15 09:39:48,28539.9,0
2021-06-15 09:39:47,28539.2,0
2021-06-15 09:39:49,28539.9,0
2021-06-15 09:39:50,28540.95,0
2021-06-15 09:39:51,28540.0,0
2021-06-15 09:39:52,28539.4,0
2021-06-15 09:39:53,28542.0,0
2021-06-15 09:39:54,28544.05,0
2021-06-15 09:39:56,28542.05,0
2021-06-15 09:39:55,28541.85,0
2021-06-15 09:39:57,28542.25,0
2021-06-15 09:39:58,28541.1,0
2021-06-15 09:39:59,28541.25,0
2021-06-15 09:40:00,28541.4,0
2021-06-15 09:40:02,28540.6,0
2021-06-15 09:40:03,28540.8,0
2021-06-15 09:40:04,28542.2,0
2021-06-15 09:40:05,28542.75,0
2021-06-15 09:40:06,28544.0,0
2021-06-15 09:40:07,28542.15,0
2021-06-15 09:40:08,28540.85,0
2021-06-15 09:40:09,28538.8,0
2021-06-15 09:40:10,28539.05,0
2021-06-15 09:40:11,28538.9,0
2021-06-15 09:40:12,28535.85,0
2021-06-15 09:40:13,28534.9,0
2021-06-15 09:40:14,28535.1,0
2021-06-15 09:40:15,28533.5,0
2021-06-15 09:40:17,28528.6,0
2021-06-15 09:40:18,28529.7,0
2021-06-15 09:40:19,28527.95,0
2021-06-15 09:40:20,28532.05,0
2021-06-15 09:40:21,28528.6,0
2021-06-15 09:40:22,28530.45,0
2021-06-15 09:40:23,28530.95,0
2021-06-15 09:40:25,28532.8,0
2021-06-15 09:40:26,28533.1,0
2021-06-15 09:40:27,28531.9,0
2021-06-15 09:40:28,28535.8,0
2021-06-15 09:40:29,28535.0,0
2021-06-15 09:40:30,28535.3,0
2021-06-15 09:40:31,28532.85,0
2021-06-15 09:40:32,28535.05,0
2021-06-15 09:40:34,28533.65,0
2021-06-15 09:40:35,28533.25,0
2021-06-15 09:40:36,28532.8,0
2021-06-15 09:40:37,28534.9,0
2021-06-15 09:40:38,28533.85,0
2021-06-15 09:40:39,28530.75,0
2021-06-15 09:40:40,28531.4,0
2021-06-15 09:40:41,28530.45,0
2021-06-15 09:40:42,28531.45,0
2021-06-15 09:40:43,28530.3,0
2021-06-15 09:40:44,28532.55,0
2021-06-15 09:40:45,28533.0,0
2021-06-15 09:40:47,28532.7,0
2021-06-15 09:40:48,28532.85,0
2021-06-15 09:40:49,28533.45,0
2021-06-15 09:40:50,28530.75,0
2021-06-15 09:40:51,28531.55,0
2021-06-15 09:40:52,28532.1,0
2021-06-15 09:40:54,28530.95,0
2021-06-15 09:40:55,28530.15,0
2021-06-15 09:40:56,28531.15,0
2021-06-15 09:40:57,28529.65,0
2021-06-15 09:40:58,28531.1,0
2021-06-15 09:40:59,28529.15,0
2021-06-15 09:41:01,28529.8,0
2021-06-15 09:41:04,28528.6,0
2021-06-15 09:41:06,28529.45,0
2021-06-15 09:41:07,28528.0,0
2021-06-15 09:41:09,28526.25,0
2021-06-15 09:41:10,28528.25,0
2021-06-15 09:41:11,28526.6,0
2021-06-15 09:41:12,28525.65,0
2021-06-15 09:41:13,28524.85,0
2021-06-15 09:41:14,28527.3,0
2021-06-15 09:41:15,28524.7,0
2021-06-15 09:41:16,28525.85,0
2021-06-15 09:41:17,28526.15,0
2021-06-15 09:41:18,28525.15,0
2021-06-15 09:41:19,28523.6,0
2021-06-15 09:41:20,28524.6,0
2021-06-15 09:41:21,28527.65,0
2021-06-15 09:41:23,28522.15,0
2021-06-15 09:41:24,28521.55,0
2021-06-15 09:41:25,28524.8,0
2021-06-15 09:41:26,28525.25,0
2021-06-15 09:41:27,28526.1,0
2021-06-15 09:41:28,28524.4,0
2021-06-15 09:41:29,28527.35,0
2021-06-15 09:41:30,28526.95,0
2021-06-15 09:41:31,28525.3,0
2021-06-15 09:41:32,28524.9,0
2021-06-15 09:41:34,28527.25,0
2021-06-15 09:41:35,28527.55,0
2021-06-15 09:41:36,28526.2,0
2021-06-15 09:41:37,28526.8,0
2021-06-15 09:41:38,28526.4,0
2021-06-15 09:41:39,28527.0,0
2021-06-15 09:41:40,28527.55,0
2021-06-15 09:41:41,28526.8,0
2021-06-15 09:41:42,28528.95,0
2021-06-15 09:41:43,28528.35,0
2021-06-15 09:41:44,28527.05,0
2021-06-15 09:41:45,28529.35,0
2021-06-15 09:41:46,28529.75,0
2021-06-15 09:41:48,28529.15,0
2021-06-15 09:41:49,28527.75,0
2021-06-15 09:41:50,28529.75,0
2021-06-15 09:41:51,28528.1,0
2021-06-15 09:41:52,28528.6,0
2021-06-15 09:41:53,28529.4,0
2021-06-15 09:41:54,28528.75,0
2021-06-15 09:41:55,28531.45,0
2021-06-15 09:41:56,28526.2,0
2021-06-15 09:41:57,28528.15,0
2021-06-15 09:41:58,28525.3,0
2021-06-15 09:41:59,28525.65,0
2021-06-15 09:42:00,28524.95,0
2021-06-15 09:42:02,28524.25,0
2021-06-15 09:42:03,28524.35,0
2021-06-15 09:42:04,28519.35,0
2021-06-15 09:42:05,28523.1,0
2021-06-15 09:42:06,28518.7,0
2021-06-15 09:42:08,28523.3,0
2021-06-15 09:42:09,28522.45,0
2021-06-15 09:42:11,28512.9,0
2021-06-15 09:42:12,28517.95,0
2021-06-15 09:42:13,28515.75,0
2021-06-15 09:42:15,28511.3,0
2021-06-15 09:42:16,28511.25,0
2021-06-15 09:42:18,28513.25,0
2021-06-15 09:42:19,28498.75,0
2021-06-15 09:42:20,28497.5,0
2021-06-15 09:42:21,28496.55,0
2021-06-15 09:42:22,28493.45,0
2021-06-15 09:42:23,28493.2,0
2021-06-15 09:42:24,28494.65,0
2021-06-15 09:42:25,28495.6,0
2021-06-15 09:42:26,28493.6,0
2021-06-15 09:42:28,28491.6,0
2021-06-15 09:42:29,28491.05,0
2021-06-15 09:42:30,28491.75,0
2021-06-15 09:42:31,28490.85,0
2021-06-15 09:42:32,28489.5,0
2021-06-15 09:42:33,28489.3,0
2021-06-15 09:42:34,28491.4,0
2021-06-15 09:42:35,28490.65,0
2021-06-15 09:42:36,28492.1,0
2021-06-15 09:42:37,28493.3,0
2021-06-15 09:42:38,28491.95,0
2021-06-15 09:42:39,28494.15,0
2021-06-15 09:42:40,28491.7,0
2021-06-15 09:42:41,28491.3,0
2021-06-15 09:42:42,28491.9,0
2021-06-15 09:42:44,28494.1,0
2021-06-15 09:42:45,28490.55,0
2021-06-15 09:42:46,28492.7,0
2021-06-15 09:42:47,28494.0,0
2021-06-15 09:42:48,28493.55,0
2021-06-15 09:42:49,28491.7,0
2021-06-15 09:42:51,28490.3,0
2021-06-15 09:42:52,28492.95,0
2021-06-15 09:42:53,28493.0,0
2021-06-15 09:42:54,28492.1,0
2021-06-15 09:42:55,28492.25,0
2021-06-15 09:42:56,28489.05,0
2021-06-15 09:42:57,28490.25,0
2021-06-15 09:42:58,28485.4,0
2021-06-15 09:42:59,28484.5,0
2021-06-15 09:43:00,28485.6,0
2021-06-15 09:43:01,28484.0,0
2021-06-15 09:43:02,28483.5,0
2021-06-15 09:43:03,28484.75,0
2021-06-15 09:43:04,28486.95,0
2021-06-15 09:43:06,28486.5,0
2021-06-15 09:43:07,28485.3,0
2021-06-15 09:43:09,28481.4,0
2021-06-15 09:43:14,28479.85,0
2021-06-15 09:43:15,28476.65,0
2021-06-15 09:43:16,28479.45,0
2021-06-15 09:43:17,28480.15,0
2021-06-15 09:43:18,28481.5,0
2021-06-15 09:43:19,28481.65,0
2021-06-15 09:43:20,28480.65,0
2021-06-15 09:43:21,28482.85,0
2021-06-15 09:43:22,28482.2,0
2021-06-15 09:43:23,28483.7,0
2021-06-15 09:43:24,28484.15,0
2021-06-15 09:43:25,28483.35,0
2021-06-15 09:43:26,28479.25,0
2021-06-15 09:43:27,28481.85,0
2021-06-15 09:43:28,28483.1,0
2021-06-15 09:43:30,28485.85,0
2021-06-15 09:43:31,28485.9,0
2021-06-15 09:43:32,28484.25,0
2021-06-15 09:43:34,28487.45,0
2021-06-15 09:43:35,28487.1,0
2021-06-15 09:43:36,28486.5,0
2021-06-15 09:43:37,28487.45,0
2021-06-15 09:43:38,28485.75,0
2021-06-15 09:43:39,28486.75,0
2021-06-15 09:43:40,28487.6,0
2021-06-15 09:43:41,28488.05,0
2021-06-15 09:43:42,28490.15,0
2021-06-15 09:43:43,28490.2,0
2021-06-15 09:43:44,28489.9,0
2021-06-15 09:43:45,28491.3,0
2021-06-15 09:43:46,28488.9,0
2021-06-15 09:43:47,28490.75,0
2021-06-15 09:43:49,28491.6,0
2021-06-15 09:43:50,28491.65,0
2021-06-15 09:43:51,28493.5,0
2021-06-15 09:43:52,28492.95,0
2021-06-15 09:43:53,28493.35,0
2021-06-15 09:43:54,28492.35,0
2021-06-15 09:43:55,28491.3,0
2021-06-15 09:43:56,28491.1,0
2021-06-15 09:43:57,28492.9,0
2021-06-15 09:43:58,28492.9,0
2021-06-15 09:43:59,28494.5,0
2021-06-15 09:44:00,28494.4,0
2021-06-15 09:44:01,28496.5,0
2021-06-15 09:44:02,28502.45,0
2021-06-15 09:44:03,28497.35,0
2021-06-15 09:44:04,28497.85,0
2021-06-15 09:44:05,28498.0,0
2021-06-15 09:44:06,28497.8,0
2021-06-15 09:44:07,28497.4,0
2021-06-15 09:44:08,28498.8,0
2021-06-15 09:44:09,28497.95,0
2021-06-15 09:44:10,28498.8,0
2021-06-15 09:44:11,28504.1,0
2021-06-15 09:44:12,28503.2,0
2021-06-15 09:44:13,28504.8,0
2021-06-15 09:44:15,28502.95,0
2021-06-15 09:44:16,28500.85,0
2021-06-15 09:44:17,28502.9,0
2021-06-15 09:44:18,28500.95,0
2021-06-15 09:44:19,28495.5,0
2021-06-15 09:44:20,28495.9,0
2021-06-15 09:44:21,28498.95,0
2021-06-15 09:44:22,28500.45,0
2021-06-15 09:44:23,28496.9,0
2021-06-15 09:44:24,28497.5,0
2021-06-15 09:44:25,28497.9,0
2021-06-15 09:44:26,28496.65,0
2021-06-15 09:44:27,28495.2,0
2021-06-15 09:44:28,28496.95,0
2021-06-15 09:44:29,28495.35,0
2021-06-15 09:44:30,28495.5,0
2021-06-15 09:44:31,28495.9,0
2021-06-15 09:44:32,28495.6,0
2021-06-15 09:44:33,28495.1,0
2021-06-15 09:44:34,28498.0,0
2021-06-15 09:44:35,28493.95,0
2021-06-15 09:44:36,28495.7,0
2021-06-15 09:44:37,28493.65,0
2021-06-15 09:44:38,28493.05,0
2021-06-15 09:44:39,28489.65,0
2021-06-15 09:44:40,28488.6,0
2021-06-15 09:44:41,28488.2,0
2021-06-15 09:44:42,28491.5,0
2021-06-15 09:44:44,28487.45,0
2021-06-15 09:44:45,28486.45,0
2021-06-15 09:44:46,28489.0,0
2021-06-15 09:44:47,28490.05,0
2021-06-15 09:44:48,28488.0,0
2021-06-15 09:44:49,28486.75,0
2021-06-15 09:44:50,28487.55,0
2021-06-15 09:44:51,28485.7,0
2021-06-15 09:44:52,28487.85,0
2021-06-15 09:44:55,28488.75,0
2021-06-15 09:44:56,28488.25,0
2021-06-15 09:44:59,28487.6,0
2021-06-15 09:45:00,28482.6,0
2021-06-15 09:45:02,28488.5,0
2021-06-15 09:45:04,28485.6,0
2021-06-15 09:45:06,28488.9,0
2021-06-15 09:45:07,28486.6,0
2021-06-15 09:45:08,28486.15,0
2021-06-15 09:45:09,28485.5,0
2021-06-15 09:45:10,28483.45,0
2021-06-15 09:45:12,28485.3,0
2021-06-15 09:45:13,28485.3,0
2021-06-15 09:45:14,28482.75,0
2021-06-15 09:45:15,28486.3,0
2021-06-15 09:45:16,28487.65,0
2021-06-15 09:45:17,28486.0,0
2021-06-15 09:45:18,28485.95,0
2021-06-15 09:45:19,28484.55,0
2021-06-15 09:45:20,28485.45,0
2021-06-15 09:45:21,28484.85,0
2021-06-15 09:45:22,28483.3,0
2021-06-15 09:45:23,28483.75,0
2021-06-15 09:45:24,28481.65,0
2021-06-15 09:45:25,28482.4,0
2021-06-15 09:45:26,28480.85,0
2021-06-15 09:45:27,28479.4,0
2021-06-15 09:45:28,28478.8,0
2021-06-15 09:45:29,28478.75,0
2021-06-15 09:45:30,28477.4,0
2021-06-15 09:45:31,28478.85,0
2021-06-15 09:45:32,28477.35,0
2021-06-15 09:45:33,28476.3,0
2021-06-15 09:45:34,28475.8,0
2021-06-15 09:45:35,28476.3,0
2021-06-15 09:45:36,28476.8,0
2021-06-15 09:45:37,28476.75,0
2021-06-15 09:45:38,28478.9,0
2021-06-15 09:45:39,28478.95,0
2021-06-15 09:45:40,28475.55,0
2021-06-15 09:45:41,28477.25,0
2021-06-15 09:45:42,28475.75,0
2021-06-15 09:45:43,28478.6,0
2021-06-15 09:45:44,28475.85,0
2021-06-15 09:45:45,28475.3,0
2021-06-15 09:45:46,28472.85,0
2021-06-15 09:45:47,28477.7,0
2021-06-15 09:45:48,28475.8,0
2021-06-15 09:45:49,28475.75,0
2021-06-15 09:45:50,28473.95,0
2021-06-15 09:45:51,28476.45,0
2021-06-15 09:45:52,28475.8,0
2021-06-15 09:45:54,28476.9,0
2021-06-15 09:45:55,28474.9,0
2021-06-15 09:45:56,28475.1,0
2021-06-15 09:45:57,28476.2,0
2021-06-15 09:45:59,28475.7,0
2021-06-15 09:46:00,28474.3,0
2021-06-15 09:46:01,28475.2,0
2021-06-15 09:46:02,28473.6,0
2021-06-15 09:46:03,28472.6,0
2021-06-15 09:46:04,28472.4,0
2021-06-15 09:46:05,28472.85,0
2021-06-15 09:46:06,28472.7,0
2021-06-15 09:46:07,28471.65,0
2021-06-15 09:46:08,28471.35,0
2021-06-15 09:46:09,28471.8,0
2021-06-15 09:46:10,28474.5,0
2021-06-15 09:46:11,28472.9,0
2021-06-15 09:46:12,28473.3,0
2021-06-15 09:46:13,28473.65,0
2021-06-15 09:46:14,28471.4,0
2021-06-15 09:46:15,28471.8,0
2021-06-15 09:46:16,28469.85,0
2021-06-15 09:46:17,28470.4,0
2021-06-15 09:46:18,28470.7,0
2021-06-15 09:46:19,28471.05,0
2021-06-15 09:46:20,28473.3,0
2021-06-15 09:46:21,28472.05,0
2021-06-15 09:46:22,28471.55,0
2021-06-15 09:46:23,28470.4,0
2021-06-15 09:46:24,28470.4,0
2021-06-15 09:46:25,28471.05,0
2021-06-15 09:46:26,28469.2,0
2021-06-15 09:46:27,28470.45,0
2021-06-15 09:46:28,28471.0,0
2021-06-15 09:46:30,28472.2,0
2021-06-15 09:46:31,28472.6,0
2021-06-15 09:46:32,28471.7,0
2021-06-15 09:46:33,28471.45,0
2021-06-15 09:46:35,28470.35,0
2021-06-15 09:46:36,28467.9,0
2021-06-15 09:46:37,28469.45,0
2021-06-15 09:46:38,28470.25,0
2021-06-15 09:46:39,28469.5,0
2021-06-15 09:46:40,28469.1,0
2021-06-15 09:46:41,28469.7,0
2021-06-15 09:46:42,28472.0,0
2021-06-15 09:46:43,28470.3,0
2021-06-15 09:46:44,28471.7,0
2021-06-15 09:46:45,28471.6,0
2021-06-15 09:46:46,28469.55,0
2021-06-15 09:46:47,28469.35,0
2021-06-15 09:46:48,28469.55,0
2021-06-15 09:46:49,28467.8,0
2021-06-15 09:46:50,28464.75,0
2021-06-15 09:46:51,28465.05,0
2021-06-15 09:46:52,28465.05,0
2021-06-15 09:46:53,28468.15,0
2021-06-15 09:46:54,28467.95,0
2021-06-15 09:46:55,28470.8,0
2021-06-15 09:46:56,28467.25,0
2021-06-15 09:46:59,28467.25,0
2021-06-15 09:47:00,28469.05,0
2021-06-15 09:47:01,28468.8,0
2021-06-15 09:47:03,28468.95,0
2021-06-15 09:47:04,28472.35,0
2021-06-15 09:47:05,28469.85,0
2021-06-15 09:47:06,28468.4,0
2021-06-15 09:47:07,28468.35,0
2021-06-15 09:47:09,28472.1,0
2021-06-15 09:47:10,28470.05,0
2021-06-15 09:47:13,28469.85,0
2021-06-15 09:47:14,28471.6,0
2021-06-15 09:47:15,28472.3,0
2021-06-15 09:47:16,28473.85,0
2021-06-15 09:47:18,28474.65,0
2021-06-15 09:47:20,28472.9,0
2021-06-15 09:47:21,28474.45,0
2021-06-15 09:47:23,28473.15,0
2021-06-15 09:47:25,28472.9,0
2021-06-15 09:47:26,28475.35,0
2021-06-15 09:47:27,28472.4,0
2021-06-15 09:47:28,28472.85,0
2021-06-15 09:47:30,28472.15,0
2021-06-15 09:47:31,28468.85,0
2021-06-15 09:47:32,28467.9,0
2021-06-15 09:47:33,28472.75,0
2021-06-15 09:47:34,28470.15,0
2021-06-15 09:47:35,28469.9,0
2021-06-15 09:47:36,28471.95,0
2021-06-15 09:47:37,28469.7,0
2021-06-15 09:47:38,28467.65,0
2021-06-15 09:47:39,28471.25,0
2021-06-15 09:47:40,28468.7,0
2021-06-15 09:47:41,28469.3,0
2021-06-15 09:47:42,28472.5,0
2021-06-15 09:47:43,28469.5,0
2021-06-15 09:47:44,28469.3,0
2021-06-15 09:47:45,28467.2,0
2021-06-15 09:47:46,28464.7,0
2021-06-15 09:47:52,28465.1,0
2021-06-15 09:47:53,28461.25,0
2021-06-15 09:47:54,28463.3,0
2021-06-15 09:47:55,28464.4,0
2021-06-15 09:47:56,28464.65,0
2021-06-15 09:47:57,28463.4,0
2021-06-15 09:47:58,28470.4,0
2021-06-15 09:48:00,28470.45,0
2021-06-15 09:48:01,28467.1,0
2021-06-15 09:48:02,28471.2,0
2021-06-15 09:48:03,28470.75,0
2021-06-15 09:48:06,28473.05,0
2021-06-15 09:48:07,28470.9,0
2021-06-15 09:48:08,28473.35,0
2021-06-15 09:48:09,28473.7,0
2021-06-15 09:48:10,28474.5,0
2021-06-15 09:48:11,28473.05,0
2021-06-15 09:48:12,28474.2,0
2021-06-15 09:48:13,28472.8,0
2021-06-15 09:48:14,28475.45,0
2021-06-15 09:48:15,28476.35,0
2021-06-15 09:48:16,28476.5,0
2021-06-15 09:48:17,28476.35,0
2021-06-15 09:48:18,28474.9,0
2021-06-15 09:48:19,28476.3,0
2021-06-15 09:48:20,28474.4,0
2021-06-15 09:48:21,28476.25,0
2021-06-15 09:48:22,28476.6,0
2021-06-15 09:48:23,28480.25,0
2021-06-15 09:48:24,28476.7,0
2021-06-15 09:48:25,28478.9,0
2021-06-15 09:48:26,28479.0,0
2021-06-15 09:48:27,28478.3,0
2021-06-15 09:48:28,28478.9,0
2021-06-15 09:48:29,28479.05,0
2021-06-15 09:48:30,28475.9,0
2021-06-15 09:48:31,28480.5,0
2021-06-15 09:48:33,28474.55,0
2021-06-15 09:48:35,28477.7,0
2021-06-15 09:48:36,28476.7,0
2021-06-15 09:48:37,28472.95,0
2021-06-15 09:48:38,28466.95,0
2021-06-15 09:48:39,28467.1,0
2021-06-15 09:48:40,28464.6,0
2021-06-15 09:48:41,28465.75,0
2021-06-15 09:48:42,28464.2,0
2021-06-15 09:48:43,28466.1,0
2021-06-15 09:48:44,28466.4,0
2021-06-15 09:48:45,28460.4,0
2021-06-15 09:48:46,28463.6,0
2021-06-15 09:48:47,28462.4,0
2021-06-15 09:48:50,28463.15,0
2021-06-15 09:48:51,28463.25,0
2021-06-15 09:48:52,28461.85,0
2021-06-15 09:48:53,28460.8,0
2021-06-15 09:48:54,28462.15,0
2021-06-15 09:48:55,28459.1,0
2021-06-15 09:48:56,28459.75,0
2021-06-15 09:48:58,28455.7,0
2021-06-15 09:48:59,28455.5,0
2021-06-15 09:49:00,28456.9,0
2021-06-15 09:49:01,28458.95,0
2021-06-15 09:49:02,28460.75,0
2021-06-15 09:49:03,28458.85,0
2021-06-15 09:49:04,28458.55,0
2021-06-15 09:49:05,28458.65,0
2021-06-15 09:49:06,28462.65,0
2021-06-15 09:49:07,28463.95,0
2021-06-15 09:49:08,28461.55,0
2021-06-15 09:49:09,28462.3,0
2021-06-15 09:49:10,28460.75,0
2021-06-15 09:49:11,28461.85,0
2021-06-15 09:49:12,28463.35,0
2021-06-15 09:49:13,28463.25,0
2021-06-15 09:49:14,28465.25,0
2021-06-15 09:49:15,28465.85,0
2021-06-15 09:49:16,28468.75,0
2021-06-15 09:49:17,28469.65,0
2021-06-15 09:49:18,28467.6,0
2021-06-15 09:49:20,28468.6,0
2021-06-15 09:49:21,28466.85,0
2021-06-15 09:49:23,28471.65,0
2021-06-15 09:49:26,28469.9,0
2021-06-15 09:49:27,28470.8,0
2021-06-15 09:49:29,28468.8,0
2021-06-15 09:49:30,28470.25,0
2021-06-15 09:49:31,28470.3,0
2021-06-15 09:49:32,28469.35,0
2021-06-15 09:49:33,28470.6,0
2021-06-15 09:49:34,28468.75,0
2021-06-15 09:49:35,28468.15,0
2021-06-15 09:49:36,28469.7,0
2021-06-15 09:49:37,28467.35,0
2021-06-15 09:49:38,28468.65,0
2021-06-15 09:49:39,28469.45,0
2021-06-15 09:49:40,28467.75,0
2021-06-15 09:49:43,28468.2,0
2021-06-15 09:49:45,28468.1,0
2021-06-15 09:49:46,28468.85,0
2021-06-15 09:49:47,28470.5,0
2021-06-15 09:49:48,28472.15,0
2021-06-15 09:49:49,28468.7,0
2021-06-15 09:49:50,28470.3,0
2021-06-15 09:49:51,28470.85,0
2021-06-15 09:49:52,28469.15,0
2021-06-15 09:49:53,28467.45,0
2021-06-15 09:49:54,28470.2,0
2021-06-15 09:49:55,28470.2,0
2021-06-15 09:49:56,28468.3,0
2021-06-15 09:49:57,28467.05,0
2021-06-15 09:49:58,28469.05,0
2021-06-15 09:49:59,28465.9,0
2021-06-15 09:50:01,28466.0,0
2021-06-15 09:50:03,28468.9,0
2021-06-15 09:50:04,28469.05,0
2021-06-15 09:50:05,28469.15,0
2021-06-15 09:50:06,28466.85,0
2021-06-15 09:50:07,28468.65,0
2021-06-15 09:50:08,28468.85,0
2021-06-15 09:50:09,28467.8,0
2021-06-15 09:50:10,28468.75,0
2021-06-15 09:50:12,28468.25,0
2021-06-15 09:50:13,28468.7,0
2021-06-15 09:50:14,28468.45,0
2021-06-15 09:50:15,28468.5,0
2021-06-15 09:50:17,28468.75,0
2021-06-15 09:50:18,28468.55,0
2021-06-15 09:50:19,28469.95,0
2021-06-15 09:50:20,28472.0,0
2021-06-15 09:50:21,28473.1,0
2021-06-15 09:50:22,28472.65,0
2021-06-15 09:50:23,28472.05,0
2021-06-15 09:50:24,28472.95,0
2021-06-15 09:50:25,28470.55,0
2021-06-15 09:50:27,28470.05,0
2021-06-15 09:50:28,28471.45,0
2021-06-15 09:50:29,28471.5,0
2021-06-15 09:50:30,28470.65,0
2021-06-15 09:50:31,28470.55,0
2021-06-15 09:50:32,28470.35,0
2021-06-15 09:50:33,28469.7,0
2021-06-15 09:50:34,28469.8,0
2021-06-15 09:50:35,28471.05,0
2021-06-15 09:50:36,28469.1,0
2021-06-15 09:50:37,28470.2,0
2021-06-15 09:50:38,28469.0,0
2021-06-15 09:50:40,28469.6,0
2021-06-15 09:50:42,28471.05,0
2021-06-15 09:50:43,28471.25,0
2021-06-15 09:50:46,28469.55,0
2021-06-15 09:50:47,28467.65,0
2021-06-15 09:50:48,28469.25,0
2021-06-15 09:50:49,28470.6,0
2021-06-15 09:50:51,28467.95,0
2021-06-15 09:50:52,28468.9,0
2021-06-15 09:50:53,28468.45,0
2021-06-15 09:50:54,28466.0,0
2021-06-15 09:50:55,28467.7,0
2021-06-15 09:50:56,28466.1,0
2021-06-15 09:50:58,28467.8,0
2021-06-15 09:51:00,28468.05,0
2021-06-15 09:51:01,28468.05,0
2021-06-15 09:51:02,28467.8,0
2021-06-15 09:51:03,28468.7,0
2021-06-15 09:51:04,28470.35,0
2021-06-15 09:51:05,28469.95,0
2021-06-15 09:51:06,28468.8,0
2021-06-15 09:51:07,28469.3,0
2021-06-15 09:51:08,28471.1,0
2021-06-15 09:51:09,28472.15,0
2021-06-15 09:51:10,28471.35,0
2021-06-15 09:51:11,28470.35,0
2021-06-15 09:51:13,28470.75,0
2021-06-15 09:51:15,28470.6,0
2021-06-15 09:51:16,28471.65,0
2021-06-15 09:51:17,28470.4,0
2021-06-15 09:51:18,28471.2,0
2021-06-15 09:51:19,28470.35,0
2021-06-15 09:51:20,28472.0,0
2021-06-15 09:51:21,28471.7,0
2021-06-15 09:51:22,28472.45,0
2021-06-15 09:51:23,28472.9,0
2021-06-15 09:51:24,28471.15,0
2021-06-15 09:51:25,28471.65,0
2021-06-15 09:51:26,28470.55,0
2021-06-15 09:51:27,28471.8,0
2021-06-15 09:51:28,28471.6,0
2021-06-15 09:51:30,28473.45,0
2021-06-15 09:51:31,28472.7,0
2021-06-15 09:51:32,28472.5,0
2021-06-15 09:51:33,28471.95,0
2021-06-15 09:51:34,28471.65,0
2021-06-15 09:51:37,28473.75,0
2021-06-15 09:51:38,28473.45,0
2021-06-15 09:51:39,28473.45,0
2021-06-15 09:51:40,28475.15,0
2021-06-15 09:51:42,28473.15,0
2021-06-15 09:51:44,28471.4,0
2021-06-15 09:51:45,28472.4,0
2021-06-15 09:51:47,28474.1,0
2021-06-15 09:51:48,28472.4,0
2021-06-15 09:51:49,28474.0,0
2021-06-15 09:51:51,28473.35,0
2021-06-15 09:51:52,28474.15,0
2021-06-15 09:51:53,28474.1,0
2021-06-15 09:51:54,28472.15,0
2021-06-15 09:51:56,28472.3,0
2021-06-15 09:51:57,28475.25,0
2021-06-15 09:51:58,28473.3,0
2021-06-15 09:51:59,28474.9,0
2021-06-15 09:52:00,28474.9,0
2021-06-15 09:52:01,28475.1,0
2021-06-15 09:52:03,28475.9,0
2021-06-15 09:52:04,28474.35,0
2021-06-15 09:52:05,28475.6,0
2021-06-15 09:52:07,28472.05,0
2021-06-15 09:52:08,28472.8,0
2021-06-15 09:52:09,28473.6,0
2021-06-15 09:52:10,28471.5,0
2021-06-15 09:52:11,28472.3,0
2021-06-15 09:52:12,28473.25,0
2021-06-15 09:52:13,28473.1,0
2021-06-15 09:52:14,28472.6,0
2021-06-15 09:52:15,28473.3,0
2021-06-15 09:52:16,28472.35,0
2021-06-15 09:52:17,28472.25,0
2021-06-15 09:52:18,28473.35,0
2021-06-15 09:52:19,28472.0,0
2021-06-15 09:52:20,28475.55,0
2021-06-15 09:52:21,28473.5,0
2021-06-15 09:52:22,28475.95,0
2021-06-15 09:52:23,28475.65,0
2021-06-15 09:52:24,28475.35,0
2021-06-15 09:52:26,28476.2,0
2021-06-15 09:52:27,28476.95,0
2021-06-15 09:52:28,28476.95,0
2021-06-15 09:52:29,28476.95,0
2021-06-15 09:52:30,28477.05,0
2021-06-15 09:52:31,28477.75,0
2021-06-15 09:52:32,28478.0,0
2021-06-15 09:52:33,28478.35,0
2021-06-15 09:52:34,28478.3,0
2021-06-15 09:52:35,28477.95,0
2021-06-15 09:52:36,28479.3,0
2021-06-15 09:52:37,28476.65,0
2021-06-15 09:52:38,28479.7,0
2021-06-15 09:52:39,28478.7,0
2021-06-15 09:52:40,28478.35,0
2021-06-15 09:52:41,28478.5,0
2021-06-15 09:52:42,28477.7,0
2021-06-15 09:52:43,28478.05,0
2021-06-15 09:52:44,28479.7,0
2021-06-15 09:52:45,28480.45,0
2021-06-15 09:52:46,28480.25,0
2021-06-15 09:52:47,28479.5,0
2021-06-15 09:52:48,28482.0,0
2021-06-15 09:52:49,28481.2,0
2021-06-15 09:52:50,28482.8,0
2021-06-15 09:52:52,28482.3,0
2021-06-15 09:52:53,28481.65,0
2021-06-15 09:52:54,28482.5,0
2021-06-15 09:52:55,28485.25,0
2021-06-15 09:52:56,28484.4,0
2021-06-15 09:52:57,28484.4,0
2021-06-15 09:52:58,28485.65,0
2021-06-15 09:52:59,28480.5,0
2021-06-15 09:53:00,28481.55,0
2021-06-15 09:53:01,28484.2,0
2021-06-15 09:53:02,28481.7,0
2021-06-15 09:53:03,28480.5,0
2021-06-15 09:53:04,28481.05,0
2021-06-15 09:53:05,28479.4,0
2021-06-15 09:53:06,28481.6,0
2021-06-15 09:53:07,28482.3,0
2021-06-15 09:53:08,28481.15,0
2021-06-15 09:53:09,28481.8,0
2021-06-15 09:53:10,28479.7,0
2021-06-15 09:53:12,28478.25,0
2021-06-15 09:53:14,28477.75,0
2021-06-15 09:53:16,28476.55,0
2021-06-15 09:53:17,28476.25,0
2021-06-15 09:53:18,28477.9,0
2021-06-15 09:53:19,28475.4,0
2021-06-15 09:53:20,28477.15,0
2021-06-15 09:53:21,28477.95,0
2021-06-15 09:53:22,28477.0,0
2021-06-15 09:53:23,28475.3,0
2021-06-15 09:53:24,28475.05,0
2021-06-15 09:53:26,28473.75,0
2021-06-15 09:53:27,28473.95,0
2021-06-15 09:53:28,28475.35,0
2021-06-15 09:53:29,28474.85,0
2021-06-15 09:53:30,28472.4,0
2021-06-15 09:53:31,28472.7,0
2021-06-15 09:53:32,28473.4,0
2021-06-15 09:53:33,28469.5,0
2021-06-15 09:53:34,28470.85,0
2021-06-15 09:53:35,28471.0,0
2021-06-15 09:53:36,28462.05,0
2021-06-15 09:53:37,28458.9,0
2021-06-15 09:53:38,28461.7,0
2021-06-15 09:53:39,28458.85,0
2021-06-15 09:53:40,28463.9,0
2021-06-15 09:53:41,28464.25,0
2021-06-15 09:53:42,28464.0,0
2021-06-15 09:53:43,28463.45,0
2021-06-15 09:53:44,28463.85,0
2021-06-15 09:53:45,28462.15,0
2021-06-15 09:53:46,28463.4,0
2021-06-15 09:53:47,28460.5,0
2021-06-15 09:53:49,28459.0,0
2021-06-15 09:53:50,28458.65,0
2021-06-15 09:53:51,28459.05,0
2021-06-15 09:53:52,28460.15,0
2021-06-15 09:53:54,28460.0,0
2021-06-15 09:53:55,28461.7,0
2021-06-15 09:53:56,28462.2,0
2021-06-15 09:53:57,28461.4,0
2021-06-15 09:53:58,28463.75,0
2021-06-15 09:53:59,28465.55,0
2021-06-15 09:54:01,28463.55,0
2021-06-15 09:54:02,28464.85,0
2021-06-15 09:54:03,28464.95,0
2021-06-15 09:54:04,28464.55,0
2021-06-15 09:54:05,28464.9,0
2021-06-15 09:54:06,28465.4,0
2021-06-15 09:54:10,28468.45,0
2021-06-15 09:54:11,28467.1,0
2021-06-15 09:54:12,28466.7,0
2021-06-15 09:54:13,28466.3,0
2021-06-15 09:54:14,28464.95,0
2021-06-15 09:54:15,28464.45,0
2021-06-15 09:54:16,28467.4,0
2021-06-15 09:54:17,28468.45,0
2021-06-15 09:54:18,28470.45,0
2021-06-15 09:54:19,28469.25,0
2021-06-15 09:54:20,28469.65,0
2021-06-15 09:54:21,28470.25,0
2021-06-15 09:54:22,28467.6,0
2021-06-15 09:54:24,28467.85,0
2021-06-15 09:54:25,28470.2,0
2021-06-15 09:54:26,28470.3,0
2021-06-15 09:54:27,28472.35,0
2021-06-15 09:54:28,28467.05,0
2021-06-15 09:54:29,28467.45,0
2021-06-15 09:54:30,28465.65,0
2021-06-15 09:54:31,28468.8,0
2021-06-15 09:54:32,28470.55,0
2021-06-15 09:54:34,28467.1,0
2021-06-15 09:54:35,28468.55,0
2021-06-15 09:54:37,28464.45,0
2021-06-15 09:54:38,28464.55,0
2021-06-15 09:54:39,28467.55,0
2021-06-15 09:54:40,28467.8,0
2021-06-15 09:54:41,28470.1,0
2021-06-15 09:54:42,28468.35,0
2021-06-15 09:54:43,28469.25,0
2021-06-15 09:54:44,28468.85,0
2021-06-15 09:54:45,28466.05,0
2021-06-15 09:54:46,28466.6,0
2021-06-15 09:54:47,28468.5,0
2021-06-15 09:54:48,28467.65,0
2021-06-15 09:54:49,28464.6,0
2021-06-15 09:54:51,28467.85,0
2021-06-15 09:54:53,28465.85,0
2021-06-15 09:54:54,28465.1,0
2021-06-15 09:54:55,28464.25,0
2021-06-15 09:54:56,28464.25,0
2021-06-15 09:54:57,28465.1,0
2021-06-15 09:54:58,28468.2,0
2021-06-15 09:54:59,28468.4,0
2021-06-15 09:55:00,28469.0,0
2021-06-15 09:55:01,28467.5,0
2021-06-15 09:55:02,28468.45,0
2021-06-15 09:55:04,28466.35,0
2021-06-15 09:55:05,28466.95,0
2021-06-15 09:55:06,28468.3,0
2021-06-15 09:55:07,28471.05,0
2021-06-15 09:55:08,28468.25,0
2021-06-15 09:55:10,28470.65,0
2021-06-15 09:55:11,28470.85,0
2021-06-15 09:55:12,28469.95,0
2021-06-15 09:55:13,28469.9,0
2021-06-15 09:55:14,28471.25,0
2021-06-15 09:55:15,28472.3,0
2021-06-15 09:55:16,28472.95,0
2021-06-15 09:55:19,28471.25,0
2021-06-15 09:55:20,28470.5,0
2021-06-15 09:55:22,28471.9,0
2021-06-15 09:55:23,28471.9,0
2021-06-15 09:55:25,28469.1,0
2021-06-15 09:55:26,28470.4,0
2021-06-15 09:55:28,28470.15,0
2021-06-15 09:55:30,28471.0,0
2021-06-15 09:55:31,28470.8,0
2021-06-15 09:55:33,28474.2,0
2021-06-15 09:55:34,28472.6,0
2021-06-15 09:55:35,28473.1,0
2021-06-15 09:55:36,28470.9,0
2021-06-15 09:55:37,28471.85,0
2021-06-15 09:55:38,28471.2,0
2021-06-15 09:55:39,28471.15,0
2021-06-15 09:55:41,28470.9,0
2021-06-15 09:55:43,28468.75,0
2021-06-15 09:55:44,28469.45,0
2021-06-15 09:55:45,28468.85,0
2021-06-15 09:55:46,28465.4,0
2021-06-15 09:55:47,28463.9,0
2021-06-15 09:55:49,28463.45,0
2021-06-15 09:55:50,28463.75,0
2021-06-15 09:55:52,28463.5,0
2021-06-15 09:55:53,28464.05,0
2021-06-15 09:55:54,28462.8,0
2021-06-15 09:55:55,28462.25,0
2021-06-15 09:55:56,28462.25,0
2021-06-15 09:55:58,28461.65,0
2021-06-15 09:56:00,28461.4,0
2021-06-15 09:56:01,28462.55,0
2021-06-15 09:56:02,28462.85,0
2021-06-15 09:56:03,28462.3,0
2021-06-15 09:56:04,28462.05,0
2021-06-15 09:56:05,28462.5,0
2021-06-15 09:56:06,28464.1,0
2021-06-15 09:56:07,28463.65,0
2021-06-15 09:56:08,28462.3,0
2021-06-15 09:56:09,28461.7,0
2021-06-15 09:56:10,28462.65,0
2021-06-15 09:56:11,28462.25,0
2021-06-15 09:56:12,28462.0,0
2021-06-15 09:56:13,28461.65,0
2021-06-15 09:56:14,28461.55,0
2021-06-15 09:56:15,28462.3,0
2021-06-15 09:56:16,28461.4,0
2021-06-15 09:56:17,28459.8,0
2021-06-15 09:56:18,28461.7,0
2021-06-15 09:56:19,28462.3,0
2021-06-15 09:56:20,28463.25,0
2021-06-15 09:56:21,28463.45,0
2021-06-15 09:56:22,28464.2,0
2021-06-15 09:56:23,28464.7,0
2021-06-15 09:56:24,28462.35,0
2021-06-15 09:56:25,28462.0,0
2021-06-15 09:56:26,28461.6,0
2021-06-15 09:56:27,28460.8,0
2021-06-15 09:56:28,28458.85,0
2021-06-15 09:56:29,28458.65,0
2021-06-15 09:56:30,28460.55,0
2021-06-15 09:56:31,28459.2,0
2021-06-15 09:56:32,28459.3,0
2021-06-15 09:56:33,28459.6,0
2021-06-15 09:56:34,28458.1,0
2021-06-15 09:56:35,28457.85,0
2021-06-15 09:56:36,28458.85,0
2021-06-15 09:56:37,28458.25,0
2021-06-15 09:56:38,28458.1,0
2021-06-15 09:56:39,28457.65,0
2021-06-15 09:56:40,28458.65,0
2021-06-15 09:56:41,28457.25,0
2021-06-15 09:56:42,28460.35,0
2021-06-15 09:56:43,28461.65,0
2021-06-15 09:56:44,28461.0,0
2021-06-15 09:56:45,28458.0,0
2021-06-15 09:56:46,28456.55,0
2021-06-15 09:56:47,28456.6,0
2021-06-15 09:56:48,28456.1,0
2021-06-15 09:56:49,28456.9,0
2021-06-15 09:56:50,28455.3,0
2021-06-15 09:56:51,28455.65,0
2021-06-15 09:56:52,28457.0,0
2021-06-15 09:56:53,28457.25,0
2021-06-15 09:56:54,28456.8,0
2021-06-15 09:56:55,28457.15,0
2021-06-15 09:56:57,28456.2,0
2021-06-15 09:56:58,28456.25,0
2021-06-15 09:56:59,28457.25,0
2021-06-15 09:57:00,28456.8,0
2021-06-15 09:57:01,28456.5,0
2021-06-15 09:57:02,28459.35,0
2021-06-15 09:57:03,28460.05,0
2021-06-15 09:57:04,28459.8,0
2021-06-15 09:57:06,28457.85,0
2021-06-15 09:57:07,28457.6,0
2021-06-15 09:57:08,28458.0,0
2021-06-15 09:57:09,28460.6,0
2021-06-15 09:57:11,28460.75,0
2021-06-15 09:57:12,28462.9,0
2021-06-15 09:57:13,28464.45,0
2021-06-15 09:57:14,28461.8,0
2021-06-15 09:57:15,28459.55,0
2021-06-15 09:57:16,28459.95,0
2021-06-15 09:57:17,28462.7,0
2021-06-15 09:57:18,28462.35,0
2021-06-15 09:57:20,28462.05,0
2021-06-15 09:57:21,28461.7,0
2021-06-15 09:57:23,28461.7,0
2021-06-15 09:57:25,28463.9,0
2021-06-15 09:57:26,28463.65,0
2021-06-15 09:57:27,28463.1,0
2021-06-15 09:57:28,28462.95,0
2021-06-15 09:57:29,28461.7,0
2021-06-15 09:57:30,28462.4,0
2021-06-15 09:57:31,28463.0,0
2021-06-15 09:57:32,28463.35,0
2021-06-15 09:57:33,28463.7,0
2021-06-15 09:57:34,28465.6,0
2021-06-15 09:57:35,28466.4,0
2021-06-15 09:57:36,28463.35,0
2021-06-15 09:57:37,28464.3,0
2021-06-15 09:57:38,28464.15,0
2021-06-15 09:57:39,28465.2,0
2021-06-15 09:57:40,28465.85,0
2021-06-15 09:57:41,28466.1,0
2021-06-15 09:57:42,28465.95,0
2021-06-15 09:57:43,28465.35,0
2021-06-15 09:57:44,28465.85,0
2021-06-15 09:57:45,28466.6,0
2021-06-15 09:57:46,28465.35,0
2021-06-15 09:57:47,28466.75,0
2021-06-15 09:57:48,28467.05,0
2021-06-15 09:57:49,28466.05,0
2021-06-15 09:57:50,28464.6,0
2021-06-15 09:57:51,28465.0,0
2021-06-15 09:57:52,28463.35,0
2021-06-15 09:57:53,28463.85,0
2021-06-15 09:57:55,28463.55,0
2021-06-15 09:57:56,28463.85,0
2021-06-15 09:57:57,28463.75,0
2021-06-15 09:57:58,28463.35,0
2021-06-15 09:57:59,28464.05,0
2021-06-15 09:58:00,28463.9,0
2021-06-15 09:58:01,28461.0,0
2021-06-15 09:58:02,28460.35,0
2021-06-15 09:58:03,28460.35,0
2021-06-15 09:58:04,28460.9,0
2021-06-15 09:58:05,28461.8,0
2021-06-15 09:58:06,28461.5,0
2021-06-15 09:58:07,28463.45,0
2021-06-15 09:58:09,28458.4,0
2021-06-15 09:58:10,28458.9,0
2021-06-15 09:58:11,28458.4,0
2021-06-15 09:58:12,28460.4,0
2021-06-15 09:58:13,28459.2,0
2021-06-15 09:58:14,28459.3,0
2021-06-15 09:58:15,28460.2,0
2021-06-15 09:58:16,28461.3,0
2021-06-15 09:58:17,28459.2,0
2021-06-15 09:58:18,28458.95,0
2021-06-15 09:58:19,28462.15,0
2021-06-15 09:58:20,28460.9,0
2021-06-15 09:58:21,28461.15,0
2021-06-15 09:58:22,28458.15,0
2021-06-15 09:58:24,28458.3,0
2021-06-15 09:58:25,28457.6,0
2021-06-15 09:58:26,28457.0,0
2021-06-15 09:58:27,28458.55,0
2021-06-15 09:58:28,28458.75,0
2021-06-15 09:58:29,28459.2,0
2021-06-15 09:58:30,28459.0,0
2021-06-15 09:58:33,28458.35,0
2021-06-15 09:58:34,28459.0,0
2021-06-15 09:58:35,28459.1,0
2021-06-15 09:58:36,28458.9,0
2021-06-15 09:58:37,28459.1,0
2021-06-15 09:58:38,28459.05,0
2021-06-15 09:58:39,28458.45,0
2021-06-15 09:58:40,28458.5,0
2021-06-15 09:58:41,28457.35,0
2021-06-15 09:58:42,28457.55,0
2021-06-15 09:58:43,28457.55,0
2021-06-15 09:58:44,28455.15,0
2021-06-15 09:58:45,28456.2,0
2021-06-15 09:58:46,28457.5,0
2021-06-15 09:58:47,28457.1,0
2021-06-15 09:58:48,28455.75,0
2021-06-15 09:58:49,28454.8,0
2021-06-15 09:58:50,28455.85,0
2021-06-15 09:58:51,28454.3,0
2021-06-15 09:58:52,28454.4,0
2021-06-15 09:58:53,28453.25,0
2021-06-15 09:58:54,28452.9,0
2021-06-15 09:58:55,28454.75,0
2021-06-15 09:58:56,28452.95,0
2021-06-15 09:58:57,28452.55,0
2021-06-15 09:58:58,28452.25,0
2021-06-15 09:58:59,28451.85,0
2021-06-15 09:59:00,28451.3,0
2021-06-15 09:59:02,28451.1,0
2021-06-15 09:59:03,28451.4,0
2021-06-15 09:59:04,28451.0,0
2021-06-15 09:59:05,28449.8,0
2021-06-15 09:59:06,28451.55,0
2021-06-15 09:59:07,28452.05,0
2021-06-15 09:59:08,28449.95,0
2021-06-15 09:59:09,28450.65,0
2021-06-15 09:59:10,28449.2,0
2021-06-15 09:59:13,28452.75,0
2021-06-15 09:59:14,28451.55,0
2021-06-15 09:59:15,28451.45,0
2021-06-15 09:59:16,28451.4,0
2021-06-15 09:59:17,28451.8,0
2021-06-15 09:59:18,28454.3,0
2021-06-15 09:59:19,28454.4,0
2021-06-15 09:59:20,28454.9,0
2021-06-15 09:59:21,28452.15,0
2021-06-15 09:59:22,28452.6,0
2021-06-15 09:59:23,28452.0,0
2021-06-15 09:59:24,28453.6,0
2021-06-15 09:59:25,28455.0,0
2021-06-15 09:59:26,28455.7,0
2021-06-15 09:59:27,28456.65,0
2021-06-15 09:59:28,28456.3,0
2021-06-15 09:59:29,28455.0,0
2021-06-15 09:59:30,28455.0,0
2021-06-15 09:59:31,28454.65,0
2021-06-15 09:59:32,28454.65,0
2021-06-15 09:59:34,28454.35,0
2021-06-15 09:59:35,28454.8,0
2021-06-15 09:59:36,28455.15,0
2021-06-15 09:59:37,28456.7,0
2021-06-15 09:59:39,28457.15,0
2021-06-15 09:59:40,28458.3,0
2021-06-15 09:59:41,28458.2,0
2021-06-15 09:59:42,28457.05,0
2021-06-15 09:59:43,28454.7,0
2021-06-15 09:59:44,28455.35,0
2021-06-15 09:59:45,28455.35,0
2021-06-15 09:59:46,28455.75,0
2021-06-15 09:59:47,28456.8,0
2021-06-15 09:59:48,28456.4,0
2021-06-15 09:59:49,28455.95,0
2021-06-15 09:59:50,28457.3,0
2021-06-15 09:59:51,28457.2,0
2021-06-15 09:59:52,28456.45,0
2021-06-15 09:59:53,28455.1,0
2021-06-15 09:59:54,28455.35,0
2021-06-15 09:59:55,28456.4,0
2021-06-15 09:59:56,28456.05,0
2021-06-15 09:59:57,28457.05,0
2021-06-15 09:59:58,28455.5,0
2021-06-15 09:59:59,28456.45,0
2021-06-15 10:00:00,28456.0,0
2021-06-15 10:00:01,28455.75,0
2021-06-15 10:00:03,28455.8,0
2021-06-15 10:00:04,28455.4,0
2021-06-15 10:00:07,28455.8,0
2021-06-15 10:00:08,28454.95,0
2021-06-15 10:00:09,28455.55,0
2021-06-15 10:00:10,28455.75,0
2021-06-15 10:00:11,28455.95,0
2021-06-15 10:00:13,28455.75,0
2021-06-15 10:00:14,28456.75,0
2021-06-15 10:00:15,28455.45,0
2021-06-15 10:00:16,28455.5,0
2021-06-15 10:00:17,28455.2,0
2021-06-15 10:00:18,28455.75,0
2021-06-15 10:00:19,28454.85,0
2021-06-15 10:00:20,28455.3,0
2021-06-15 10:00:21,28454.6,0
2021-06-15 10:00:22,28455.9,0
2021-06-15 10:00:23,28456.75,0
2021-06-15 10:00:24,28456.15,0
2021-06-15 10:00:25,28456.15,0
2021-06-15 10:00:26,28454.05,0
2021-06-15 10:00:27,28452.7,0
2021-06-15 10:00:28,28456.35,0
2021-06-15 10:00:29,28457.0,0
2021-06-15 10:00:30,28452.2,0
2021-06-15 10:00:31,28453.15,0
2021-06-15 10:00:32,28454.7,0
2021-06-15 10:00:33,28454.05,0
2021-06-15 10:00:34,28455.2,0
2021-06-15 10:00:35,28451.95,0
2021-06-15 10:00:36,28454.2,0
2021-06-15 10:00:37,28453.15,0
2021-06-15 10:00:38,28453.25,0
2021-06-15 10:00:40,28454.1,0
2021-06-15 10:00:41,28455.3,0
2021-06-15 10:00:42,28455.45,0
2021-06-15 10:00:43,28455.55,0
2021-06-15 10:00:45,28455.9,0
2021-06-15 10:00:46,28455.35,0
2021-06-15 10:00:47,28456.3,0
2021-06-15 10:00:48,28456.85,0
2021-06-15 10:00:49,28453.6,0
2021-06-15 10:00:50,28457.55,0
2021-06-15 10:00:51,28454.75,0
2021-06-15 10:00:52,28456.4,0
2021-06-15 10:00:53,28456.65,0
2021-06-15 10:00:54,28455.85,0
2021-06-15 10:00:55,28454.8,0
2021-06-15 10:00:56,28453.5,0
2021-06-15 10:00:57,28454.0,0
2021-06-15 10:00:58,28456.05,0
2021-06-15 10:00:59,28454.25,0
2021-06-15 10:01:00,28453.8,0
2021-06-15 10:01:01,28449.55,0
2021-06-15 10:01:02,28450.45,0
2021-06-15 10:01:03,28448.05,0
2021-06-15 10:01:04,28441.8,0
2021-06-15 10:01:05,28439.1,0
2021-06-15 10:01:06,28440.55,0
2021-06-15 10:01:08,28438.25,0
2021-06-15 10:01:09,28439.45,0
2021-06-15 10:01:10,28441.6,0
2021-06-15 10:01:14,28436.8,0
2021-06-15 10:01:15,28436.05,0
2021-06-15 10:01:16,28438.0,0
2021-06-15 10:01:18,28437.2,0
2021-06-15 10:01:19,28437.95,0
2021-06-15 10:01:20,28438.0,0
2021-06-15 10:01:21,28441.25,0
2021-06-15 10:01:22,28441.6,0
2021-06-15 10:01:23,28439.55,0
2021-06-15 10:01:24,28441.3,0
2021-06-15 10:01:26,28440.4,0
2021-06-15 10:01:27,28440.95,0
2021-06-15 10:01:28,28441.1,0
2021-06-15 10:01:30,28441.7,0
2021-06-15 10:01:31,28438.8,0
2021-06-15 10:01:32,28438.75,0
2021-06-15 10:01:33,28441.7,0
2021-06-15 10:01:34,28439.05,0
2021-06-15 10:01:35,28440.75,0
2021-06-15 10:01:36,28439.95,0
2021-06-15 10:01:37,28438.95,0
2021-06-15 10:01:38,28438.45,0
2021-06-15 10:01:39,28439.85,0
2021-06-15 10:01:40,28437.05,0
2021-06-15 10:01:42,28439.6,0
2021-06-15 10:01:43,28438.75,0
2021-06-15 10:01:44,28440.25,0
2021-06-15 10:01:45,28436.9,0
2021-06-15 10:01:46,28439.65,0
2021-06-15 10:01:48,28443.7,0
2021-06-15 10:01:49,28442.3,0
2021-06-15 10:01:50,28443.45,0
2021-06-15 10:01:51,28439.3,0
2021-06-15 10:01:52,28440.55,0
2021-06-15 10:01:53,28444.9,0
2021-06-15 10:01:54,28444.5,0
2021-06-15 10:01:55,28444.15,0
2021-06-15 10:01:56,28446.0,0
2021-06-15 10:01:58,28445.3,0
2021-06-15 10:01:59,28442.45,0
2021-06-15 10:02:00,28441.7,0
2021-06-15 10:02:01,28443.2,0
2021-06-15 10:02:02,28444.9,0
2021-06-15 10:02:03,28443.35,0
2021-06-15 10:02:04,28445.7,0
2021-06-15 10:02:05,28443.7,0
2021-06-15 10:02:06,28443.35,0
2021-06-15 10:02:07,28440.5,0
2021-06-15 10:02:08,28438.55,0
2021-06-15 10:02:09,28441.4,0
2021-06-15 10:02:10,28442.45,0
2021-06-15 10:02:11,28440.85,0
2021-06-15 10:02:12,28442.15,0
2021-06-15 10:02:13,28441.7,0
2021-06-15 10:02:14,28442.15,0
2021-06-15 10:02:15,28443.2,0
2021-06-15 10:02:16,28444.9,0
2021-06-15 10:02:17,28445.05,0
2021-06-15 10:02:18,28444.8,0
2021-06-15 10:02:19,28444.25,0
2021-06-15 10:02:20,28444.0,0
2021-06-15 10:02:21,28445.55,0
2021-06-15 10:02:22,28444.8,0
2021-06-15 10:02:23,28445.95,0
2021-06-15 10:02:24,28446.2,0
2021-06-15 10:02:25,28447.45,0
2021-06-15 10:02:26,28447.25,0
2021-06-15 10:02:27,28449.95,0
2021-06-15 10:02:28,28449.3,0
2021-06-15 10:02:29,28448.2,0
2021-06-15 10:02:30,28448.25,0
2021-06-15 10:02:33,28450.25,0
2021-06-15 10:02:34,28447.6,0
2021-06-15 10:02:35,28449.95,0
2021-06-15 10:02:36,28450.3,0
2021-06-15 10:02:37,28448.5,0
2021-06-15 10:02:38,28449.95,0
2021-06-15 10:02:39,28449.95,0
2021-06-15 10:02:40,28450.75,0
2021-06-15 10:02:41,28453.65,0
2021-06-15 10:02:42,28452.15,0
2021-06-15 10:02:43,28452.4,0
2021-06-15 10:02:44,28453.25,0
2021-06-15 10:02:45,28453.9,0
2021-06-15 10:02:46,28454.6,0
2021-06-15 10:02:47,28455.45,0
2021-06-15 10:02:48,28455.85,0
2021-06-15 10:02:49,28455.9,0
2021-06-15 10:02:50,28454.35,0
2021-06-15 10:02:51,28452.35,0
2021-06-15 10:02:52,28454.95,0
2021-06-15 10:02:53,28455.6,0
2021-06-15 10:02:54,28453.65,0
2021-06-15 10:02:56,28454.3,0
2021-06-15 10:02:57,28454.85,0
2021-06-15 10:02:58,28456.8,0
2021-06-15 10:02:59,28455.9,0
2021-06-15 10:03:00,28455.85,0
2021-06-15 10:03:01,28455.45,0
2021-06-15 10:03:03,28457.45,0
2021-06-15 10:03:04,28456.65,0
2021-06-15 10:03:05,28456.9,0
2021-06-15 10:03:06,28456.75,0
2021-06-15 10:03:07,28456.95,0
2021-06-15 10:03:08,28456.85,0
2021-06-15 10:03:09,28456.85,0
2021-06-15 10:03:10,28457.5,0
2021-06-15 10:03:11,28459.15,0
2021-06-15 10:03:13,28458.55,0
2021-06-15 10:03:14,28457.85,0
2021-06-15 10:03:15,28456.7,0
2021-06-15 10:03:17,28459.85,0
2021-06-15 10:03:18,28458.15,0
2021-06-15 10:03:19,28458.45,0
2021-06-15 10:03:21,28458.25,0
2021-06-15 10:03:22,28458.5,0
2021-06-15 10:03:23,28459.85,0
2021-06-15 10:03:24,28460.6,0
2021-06-15 10:03:26,28459.9,0
2021-06-15 10:03:27,28461.45,0
2021-06-15 10:03:28,28461.6,0
2021-06-15 10:03:29,28460.55,0
2021-06-15 10:03:30,28460.15,0
2021-06-15 10:03:31,28461.5,0
2021-06-15 10:03:34,28461.8,0
2021-06-15 10:03:35,28461.8,0
2021-06-15 10:03:36,28462.5,0
2021-06-15 10:03:38,28462.7,0
2021-06-15 10:03:39,28463.2,0
2021-06-15 10:03:40,28463.7,0
2021-06-15 10:03:41,28464.65,0
2021-06-15 10:03:43,28463.55,0
2021-06-15 10:03:44,28464.0,0
2021-06-15 10:03:45,28463.7,0
2021-06-15 10:03:46,28464.25,0
2021-06-15 10:03:47,28465.0,0
2021-06-15 10:03:48,28465.1,0
2021-06-15 10:03:49,28464.35,0
2021-06-15 10:03:50,28465.25,0
2021-06-15 10:03:51,28468.55,0
2021-06-15 10:03:52,28468.4,0
2021-06-15 10:03:53,28469.4,0
2021-06-15 10:03:54,28468.55,0
2021-06-15 10:03:55,28467.15,0
2021-06-15 10:03:56,28468.6,0
2021-06-15 10:03:57,28470.4,0
2021-06-15 10:03:58,28469.75,0
2021-06-15 10:03:59,28469.75,0
2021-06-15 10:04:00,28470.1,0
2021-06-15 10:04:01,28469.35,0
2021-06-15 10:04:02,28469.95,0
2021-06-15 10:04:03,28471.15,0
2021-06-15 10:04:04,28469.2,0
2021-06-15 10:04:05,28470.15,0
2021-06-15 10:04:06,28471.35,0
2021-06-15 10:04:07,28467.65,0
2021-06-15 10:04:08,28469.3,0
2021-06-15 10:04:09,28469.1,0
2021-06-15 10:04:10,28469.85,0
2021-06-15 10:04:12,28470.7,0
2021-06-15 10:04:13,28470.8,0
2021-06-15 10:04:14,28470.65,0
2021-06-15 10:04:15,28470.35,0
2021-06-15 10:04:16,28470.65,0
2021-06-15 10:04:17,28468.3,0
2021-06-15 10:04:18,28467.9,0
2021-06-15 10:04:19,28468.8,0
2021-06-15 10:04:21,28465.4,0
2021-06-15 10:04:22,28468.3,0
2021-06-15 10:04:23,28466.35,0
2021-06-15 10:04:26,28466.05,0
2021-06-15 10:04:27,28468.0,0
2021-06-15 10:04:29,28466.25,0
2021-06-15 10:04:30,28467.8,0
2021-06-15 10:04:31,28467.4,0
2021-06-15 10:04:32,28467.85,0
2021-06-15 10:04:33,28468.1,0
2021-06-15 10:04:34,28467.7,0
2021-06-15 10:04:35,28466.65,0
2021-06-15 10:04:36,28467.45,0
2021-06-15 10:04:37,28466.7,0
2021-06-15 10:04:38,28466.95,0
2021-06-15 10:04:41,28465.25,0
2021-06-15 10:04:42,28464.95,0
2021-06-15 10:04:43,28464.05,0
2021-06-15 10:04:44,28464.35,0
2021-06-15 10:04:46,28463.65,0
2021-06-15 10:04:47,28465.05,0
2021-06-15 10:04:48,28463.8,0
2021-06-15 10:04:49,28462.35,0
2021-06-15 10:04:50,28465.0,0
2021-06-15 10:04:52,28465.3,0
2021-06-15 10:04:53,28466.6,0
2021-06-15 10:04:54,28465.75,0
2021-06-15 10:04:55,28464.85,0
2021-06-15 10:04:56,28463.45,0
2021-06-15 10:04:57,28464.8,0
2021-06-15 10:04:58,28465.1,0
2021-06-15 10:04:59,28464.35,0
2021-06-15 10:05:00,28465.2,0
2021-06-15 10:05:01,28464.1,0
2021-06-15 10:05:02,28463.7,0
2021-06-15 10:05:03,28462.95,0
2021-06-15 10:05:04,28464.2,0
2021-06-15 10:05:05,28463.7,0
2021-06-15 10:05:06,28464.05,0
2021-06-15 10:05:07,28462.7,0
2021-06-15 10:05:08,28462.65,0
2021-06-15 10:05:09,28464.3,0
2021-06-15 10:05:10,28463.0,0
2021-06-15 10:05:11,28463.1,0
2021-06-15 10:05:12,28464.9,0
2021-06-15 10:05:13,28463.65,0
2021-06-15 10:05:15,28464.3,0
2021-06-15 10:05:16,28464.4,0
2021-06-15 10:05:17,28462.95,0
2021-06-15 10:05:18,28463.65,0
2021-06-15 10:05:19,28463.75,0
2021-06-15 10:05:20,28462.65,0
2021-06-15 10:05:21,28462.5,0
2021-06-15 10:05:22,28462.45,0
2021-06-15 10:05:23,28461.85,0
2021-06-15 10:05:24,28462.9,0
2021-06-15 10:05:25,28461.15,0
2021-06-15 10:05:26,28461.1,0
2021-06-15 10:05:27,28460.55,0
2021-06-15 10:05:28,28460.55,0
2021-06-15 10:05:29,28459.15,0
2021-06-15 10:05:30,28458.65,0
2021-06-15 10:05:31,28457.45,0
2021-06-15 10:05:32,28458.0,0
2021-06-15 10:05:33,28457.45,0
2021-06-15 10:05:34,28457.0,0
2021-06-15 10:05:35,28456.95,0
2021-06-15 10:05:36,28456.25,0
2021-06-15 10:05:38,28456.85,0
2021-06-15 10:05:39,28455.4,0
2021-06-15 10:05:41,28457.9,0
2021-06-15 10:05:42,28458.9,0
2021-06-15 10:05:43,28457.9,0
2021-06-15 10:05:44,28457.45,0
2021-06-15 10:05:45,28458.15,0
2021-06-15 10:05:46,28457.65,0
2021-06-15 10:05:48,28457.55,0
2021-06-15 10:05:49,28457.65,0
2021-06-15 10:05:50,28457.25,0
2021-06-15 10:05:51,28457.95,0
2021-06-15 10:05:52,28457.85,0
2021-06-15 10:05:53,28457.25,0
2021-06-15 10:05:54,28459.35,0
2021-06-15 10:05:55,28459.35,0
2021-06-15 10:05:56,28460.15,0
2021-06-15 10:05:57,28458.05,0
2021-06-15 10:05:58,28458.05,0
2021-06-15 10:05:59,28458.7,0
2021-06-15 10:06:00,28458.7,0
2021-06-15 10:06:01,28459.05,0
2021-06-15 10:06:03,28460.05,0
2021-06-15 10:06:04,28460.15,0
2021-06-15 10:06:05,28460.15,0
2021-06-15 10:06:06,28459.6,0
2021-06-15 10:06:07,28453.7,0
2021-06-15 10:06:08,28456.05,0
2021-06-15 10:06:09,28456.0,0
2021-06-15 10:06:10,28454.9,0
2021-06-15 10:06:11,28453.75,0
2021-06-15 10:06:12,28453.9,0
2021-06-15 10:06:13,28454.45,0
2021-06-15 10:06:14,28456.9,0
2021-06-15 10:06:15,28457.7,0
2021-06-15 10:06:16,28454.05,0
2021-06-15 10:06:17,28452.8,0
2021-06-15 10:06:18,28455.0,0
2021-06-15 10:06:19,28454.95,0
2021-06-15 10:06:21,28457.6,0
2021-06-15 10:06:22,28457.25,0
2021-06-15 10:06:23,28457.4,0
2021-06-15 10:06:24,28455.4,0
2021-06-15 10:06:25,28455.5,0
2021-06-15 10:06:26,28456.15,0
2021-06-15 10:06:27,28455.35,0
2021-06-15 10:06:28,28456.1,0
2021-06-15 10:06:29,28456.05,0
2021-06-15 10:06:30,28456.05,0
2021-06-15 10:06:32,28456.35,0
2021-06-15 10:06:33,28455.95,0
2021-06-15 10:06:34,28455.7,0
2021-06-15 10:06:36,28457.15,0
2021-06-15 10:06:37,28454.85,0
2021-06-15 10:06:38,28452.9,0
2021-06-15 10:06:40,28454.05,0
2021-06-15 10:06:41,28453.4,0
2021-06-15 10:06:42,28454.4,0
2021-06-15 10:06:43,28454.15,0
2021-06-15 10:06:44,28454.6,0
2021-06-15 10:06:45,28453.4,0
2021-06-15 10:06:46,28455.15,0
2021-06-15 10:06:47,28454.65,0
2021-06-15 10:06:48,28454.7,0
2021-06-15 10:06:49,28453.05,0
2021-06-15 10:06:50,28452.25,0
2021-06-15 10:06:51,28452.1,0
2021-06-15 10:06:52,28452.2,0
2021-06-15 10:06:53,28452.85,0
2021-06-15 10:06:54,28453.35,0
2021-06-15 10:06:55,28453.75,0
2021-06-15 10:06:57,28452.8,0
2021-06-15 10:06:58,28453.6,0
2021-06-15 10:06:59,28451.4,0
2021-06-15 10:07:00,28452.2,0
2021-06-15 10:07:01,28451.7,0
2021-06-15 10:07:02,28452.0,0
2021-06-15 10:07:03,28453.8,0
2021-06-15 10:07:04,28453.25,0
2021-06-15 10:07:05,28454.25,0
2021-06-15 10:07:06,28453.35,0
2021-06-15 10:07:07,28453.9,0
2021-06-15 10:07:08,28454.95,0
2021-06-15 10:07:09,28453.9,0
2021-06-15 10:07:10,28454.1,0
2021-06-15 10:07:11,28454.75,0
2021-06-15 10:07:12,28454.65,0
2021-06-15 10:07:13,28454.25,0
2021-06-15 10:07:14,28452.6,0
2021-06-15 10:07:15,28452.3,0
2021-06-15 10:07:16,28453.05,0
2021-06-15 10:07:17,28452.45,0
2021-06-15 10:07:18,28452.45,0
2021-06-15 10:07:19,28452.7,0
2021-06-15 10:07:20,28452.1,0
2021-06-15 10:07:21,28452.55,0
2021-06-15 10:07:22,28452.85,0
2021-06-15 10:07:23,28453.0,0
2021-06-15 10:07:24,28452.5,0
2021-06-15 10:07:25,28452.55,0
2021-06-15 10:07:26,28451.75,0
2021-06-15 10:07:27,28453.45,0
2021-06-15 10:07:28,28454.35,0
2021-06-15 10:07:29,28454.85,0
2021-06-15 10:07:31,28455.2,0
2021-06-15 10:07:32,28455.6,0
2021-06-15 10:07:33,28454.75,0
2021-06-15 10:07:34,28453.7,0
2021-06-15 10:07:35,28454.35,0
2021-06-15 10:07:36,28454.15,0
2021-06-15 10:07:37,28452.6,0
2021-06-15 10:07:38,28451.85,0
2021-06-15 10:07:39,28455.0,0
2021-06-15 10:07:40,28453.6,0
2021-06-15 10:07:41,28454.15,0
2021-06-15 10:07:42,28453.4,0
2021-06-15 10:07:44,28455.3,0
2021-06-15 10:07:45,28454.8,0
2021-06-15 10:07:46,28454.45,0
2021-06-15 10:07:47,28452.8,0
2021-06-15 10:07:48,28453.8,0
2021-06-15 10:07:49,28452.5,0
2021-06-15 10:07:50,28453.55,0
2021-06-15 10:07:51,28453.8,0
2021-06-15 10:07:52,28453.9,0
2021-06-15 10:07:53,28452.25,0
2021-06-15 10:07:54,28452.2,0
2021-06-15 10:07:55,28453.6,0
2021-06-15 10:07:56,28454.1,0
2021-06-15 10:07:57,28452.55,0
2021-06-15 10:07:58,28452.2,0
2021-06-15 10:07:59,28452.75,0
2021-06-15 10:08:00,28453.7,0
2021-06-15 10:08:01,28454.85,0
2021-06-15 10:08:03,28455.85,0
2021-06-15 10:08:04,28454.25,0
2021-06-15 10:08:05,28453.05,0
2021-06-15 10:08:06,28453.4,0
2021-06-15 10:08:07,28454.1,0
2021-06-15 10:08:08,28451.3,0
2021-06-15 10:08:09,28452.65,0
2021-06-15 10:08:10,28453.0,0
2021-06-15 10:08:11,28452.5,0
2021-06-15 10:08:12,28452.1,0
2021-06-15 10:08:13,28451.5,0
2021-06-15 10:08:15,28448.65,0
2021-06-15 10:08:16,28445.1,0
2021-06-15 10:08:17,28445.1,0
2021-06-15 10:08:18,28445.4,0
2021-06-15 10:08:19,28448.0,0
2021-06-15 10:08:20,28446.4,0
2021-06-15 10:08:21,28446.8,0
2021-06-15 10:08:22,28447.4,0
2021-06-15 10:08:24,28446.15,0
2021-06-15 10:08:25,28443.25,0
2021-06-15 10:08:26,28442.5,0
2021-06-15 10:08:27,28443.9,0
2021-06-15 10:08:28,28444.3,0
2021-06-15 10:08:29,28443.15,0
2021-06-15 10:08:30,28441.65,0
2021-06-15 10:08:31,28445.15,0
2021-06-15 10:08:32,28444.1,0
2021-06-15 10:08:33,28443.7,0
2021-06-15 10:08:34,28443.45,0
2021-06-15 10:08:35,28442.75,0
2021-06-15 10:08:36,28442.35,0
2021-06-15 10:08:37,28440.4,0
2021-06-15 10:08:39,28440.95,0
2021-06-15 10:08:40,28442.2,0
2021-06-15 10:08:41,28441.6,0
2021-06-15 10:08:42,28439.95,0
2021-06-15 10:08:43,28439.95,0
2021-06-15 10:08:44,28440.9,0
2021-06-15 10:08:45,28441.6,0
2021-06-15 10:08:47,28439.6,0
2021-06-15 10:08:48,28439.15,0
2021-06-15 10:08:49,28440.2,0
2021-06-15 10:08:50,28439.8,0
2021-06-15 10:08:51,28440.4,0
2021-06-15 10:08:52,28439.25,0
2021-06-15 10:08:53,28439.95,0
2021-06-15 10:08:54,28438.35,0
2021-06-15 10:08:56,28438.35,0
2021-06-15 10:08:57,28438.75,0
2021-06-15 10:08:58,28438.9,0
2021-06-15 10:08:59,28438.45,0
2021-06-15 10:09:00,28436.9,0
2021-06-15 10:09:01,28437.6,0
2021-06-15 10:09:02,28437.8,0
2021-06-15 10:09:03,28438.65,0
2021-06-15 10:09:04,28436.9,0
2021-06-15 10:09:05,28437.95,0
2021-06-15 10:09:06,28437.55,0
2021-06-15 10:09:07,28437.4,0
2021-06-15 10:09:08,28440.55,0
2021-06-15 10:09:09,28440.45,0
2021-06-15 10:09:10,28440.15,0
2021-06-15 10:09:11,28443.8,0
2021-06-15 10:09:12,28443.45,0
2021-06-15 10:09:13,28442.4,0
2021-06-15 10:09:14,28442.85,0
2021-06-15 10:09:15,28443.1,0
2021-06-15 10:09:16,28442.15,0
2021-06-15 10:09:17,28442.95,0
2021-06-15 10:09:18,28443.05,0
2021-06-15 10:09:19,28443.1,0
2021-06-15 10:09:20,28442.0,0
2021-06-15 10:09:21,28443.15,0
2021-06-15 10:09:22,28443.15,0
2021-06-15 10:09:23,28441.85,0
2021-06-15 10:09:24,28443.15,0
2021-06-15 10:09:25,28442.55,0
2021-06-15 10:09:26,28443.95,0
2021-06-15 10:09:28,28441.65,0
2021-06-15 10:09:29,28440.6,0
2021-06-15 10:09:30,28440.8,0
2021-06-15 10:09:31,28441.75,0
2021-06-15 10:09:33,28441.85,0
2021-06-15 10:09:34,28442.95,0
2021-06-15 10:09:35,28442.0,0
2021-06-15 10:09:36,28441.7,0
2021-06-15 10:09:37,28441.8,0
2021-06-15 10:09:38,28443.5,0
2021-06-15 10:09:39,28443.55,0
2021-06-15 10:09:40,28441.9,0
2021-06-15 10:09:41,28443.5,0
2021-06-15 10:09:42,28443.8,0
2021-06-15 10:09:43,28442.55,0
2021-06-15 10:09:44,28441.95,0
2021-06-15 10:09:45,28441.55,0
2021-06-15 10:09:46,28441.4,0
2021-06-15 10:09:47,28438.95,0
2021-06-15 10:09:49,28439.55,0
2021-06-15 10:09:50,28438.85,0
2021-06-15 10:09:51,28439.95,0
2021-06-15 10:09:52,28438.7,0
2021-06-15 10:09:54,28437.65,0
2021-06-15 10:09:55,28438.85,0
2021-06-15 10:09:56,28439.0,0
2021-06-15 10:09:57,28440.9,0
2021-06-15 10:09:58,28437.55,0
2021-06-15 10:09:59,28437.4,0
2021-06-15 10:10:00,28436.9,0
2021-06-15 10:10:01,28437.65,0
2021-06-15 10:10:02,28437.55,0
2021-06-15 10:10:03,28438.1,0
2021-06-15 10:10:04,28438.65,0
2021-06-15 10:10:05,28438.6,0
2021-06-15 10:10:06,28438.8,0
2021-06-15 10:10:07,28438.2,0
2021-06-15 10:10:09,28438.2,0
2021-06-15 10:10:10,28437.55,0
2021-06-15 10:10:11,28438.1,0
2021-06-15 10:10:12,28437.2,0
2021-06-15 10:10:13,28436.7,0
2021-06-15 10:10:15,28435.65,0
2021-06-15 10:10:16,28435.75,0
2021-06-15 10:10:17,28435.85,0
2021-06-15 10:10:18,28436.4,0
2021-06-15 10:10:19,28433.9,0
2021-06-15 10:10:20,28434.9,0
2021-06-15 10:10:21,28437.8,0
2021-06-15 10:10:22,28437.5,0
2021-06-15 10:10:23,28438.1,0
2021-06-15 10:10:24,28436.4,0
2021-06-15 10:10:25,28437.25,0
2021-06-15 10:10:26,28435.0,0
2021-06-15 10:10:27,28436.35,0
2021-06-15 10:10:28,28437.05,0
2021-06-15 10:10:29,28436.7,0
2021-06-15 10:10:30,28437.2,0
2021-06-15 10:10:31,28437.2,0
2021-06-15 10:10:32,28438.0,0
2021-06-15 10:10:33,28436.15,0
2021-06-15 10:10:34,28436.0,0
2021-06-15 10:10:35,28435.35,0
2021-06-15 10:10:36,28436.2,0
2021-06-15 10:10:37,28433.85,0
2021-06-15 10:10:38,28435.9,0
2021-06-15 10:10:39,28433.7,0
2021-06-15 10:10:40,28437.15,0
2021-06-15 10:10:41,28435.65,0
2021-06-15 10:10:42,28437.05,0
2021-06-15 10:10:43,28434.1,0
2021-06-15 10:10:44,28434.2,0
2021-06-15 10:10:47,28432.4,0
2021-06-15 10:10:48,28434.1,0
2021-06-15 10:10:49,28436.3,0
2021-06-15 10:10:50,28434.7,0
2021-06-15 10:10:51,28434.4,0
2021-06-15 10:10:52,28435.45,0
2021-06-15 10:10:54,28434.15,0
2021-06-15 10:10:55,28434.2,0
2021-06-15 10:10:56,28432.35,0
2021-06-15 10:10:58,28431.75,0
2021-06-15 10:10:59,28432.0,0
2021-06-15 10:11:01,28429.15,0
2021-06-15 10:11:02,28429.15,0
2021-06-15 10:11:03,28429.05,0
2021-06-15 10:11:04,28429.4,0
2021-06-15 10:11:05,28430.0,0
2021-06-15 10:11:06,28428.95,0
2021-06-15 10:11:07,28429.15,0
2021-06-15 10:11:08,28426.8,0
2021-06-15 10:11:09,28426.9,0
2021-06-15 10:11:10,28428.05,0
2021-06-15 10:11:11,28428.0,0
2021-06-15 10:11:12,28426.65,0
2021-06-15 10:11:14,28427.4,0
2021-06-15 10:11:15,28426.7,0
2021-06-15 10:11:16,28429.75,0
2021-06-15 10:11:19,28427.1,0
2021-06-15 10:11:20,28428.2,0
2021-06-15 10:11:21,28428.0,0
2021-06-15 10:11:22,28425.1,0
2021-06-15 10:11:23,28426.55,0
2021-06-15 10:11:24,28427.2,0
2021-06-15 10:11:26,28427.05,0
2021-06-15 10:11:27,28428.05,0
2021-06-15 10:11:28,28429.7,0
2021-06-15 10:11:29,28424.6,0
2021-06-15 10:11:30,28426.4,0
2021-06-15 10:11:31,28429.45,0
2021-06-15 10:11:32,28429.95,0
2021-06-15 10:11:33,28430.85,0
2021-06-15 10:11:34,28429.1,0
2021-06-15 10:11:35,28428.1,0
2021-06-15 10:11:36,28426.25,0
2021-06-15 10:11:37,28429.2,0
2021-06-15 10:11:38,28430.45,0
2021-06-15 10:11:39,28430.35,0
2021-06-15 10:11:40,28429.35,0
2021-06-15 10:11:41,28429.45,0
2021-06-15 10:11:42,28429.65,0
2021-06-15 10:11:43,28431.7,0
2021-06-15 10:11:44,28432.25,0
2021-06-15 10:11:45,28430.7,0
2021-06-15 10:11:46,28431.3,0
2021-06-15 10:11:47,28432.25,0
2021-06-15 10:11:48,28431.75,0
2021-06-15 10:11:49,28432.35,0
2021-06-15 10:11:50,28432.45,0
2021-06-15 10:11:51,28433.4,0
2021-06-15 10:11:52,28432.95,0
2021-06-15 10:11:53,28435.0,0
2021-06-15 10:11:54,28433.2,0
2021-06-15 10:11:55,28434.75,0
2021-06-15 10:11:56,28433.7,0
2021-06-15 10:11:57,28434.85,0
2021-06-15 10:11:58,28433.05,0
2021-06-15 10:11:59,28433.75,0
2021-06-15 10:12:00,28433.75,0
2021-06-15 10:12:01,28432.85,0
2021-06-15 10:12:02,28434.3,0
2021-06-15 10:12:03,28433.45,0
2021-06-15 10:12:04,28433.3,0
2021-06-15 10:12:05,28433.65,0
2021-06-15 10:12:06,28435.2,0
2021-06-15 10:12:07,28433.25,0
2021-06-15 10:12:08,28433.5,0
2021-06-15 10:12:10,28432.1,0
2021-06-15 10:12:11,28433.55,0
2021-06-15 10:12:12,28432.45,0
2021-06-15 10:12:13,28432.6,0
2021-06-15 10:12:15,28434.3,0
2021-06-15 10:12:16,28433.4,0
2021-06-15 10:12:17,28430.9,0
2021-06-15 10:12:18,28429.45,0
2021-06-15 10:12:20,28431.0,0
2021-06-15 10:12:21,28433.1,0
2021-06-15 10:12:22,28433.2,0
2021-06-15 10:12:24,28431.95,0
2021-06-15 10:12:25,28433.1,0
2021-06-15 10:12:26,28430.0,0
2021-06-15 10:12:27,28431.6,0
2021-06-15 10:12:28,28433.05,0
2021-06-15 10:12:29,28433.15,0
2021-06-15 10:12:30,28431.8,0
2021-06-15 10:12:31,28430.55,0
2021-06-15 10:12:32,28432.3,0
2021-06-15 10:12:33,28435.3,0
2021-06-15 10:12:34,28432.7,0
2021-06-15 10:12:35,28433.9,0
2021-06-15 10:12:36,28434.5,0
2021-06-15 10:12:37,28434.3,0
2021-06-15 10:12:38,28434.8,0
2021-06-15 10:12:39,28433.4,0
2021-06-15 10:12:40,28435.25,0
2021-06-15 10:12:41,28435.5,0
2021-06-15 10:12:42,28435.3,0
2021-06-15 10:12:43,28435.3,0
2021-06-15 10:12:44,28434.15,0
2021-06-15 10:12:45,28433.2,0
2021-06-15 10:12:46,28433.5,0
2021-06-15 10:12:47,28433.8,0
2021-06-15 10:12:48,28432.75,0
2021-06-15 10:12:49,28431.9,0
2021-06-15 10:12:50,28432.95,0
2021-06-15 10:12:51,28432.95,0
2021-06-15 10:12:52,28433.55,0
2021-06-15 10:12:53,28433.4,0
2021-06-15 10:12:55,28434.4,0
2021-06-15 10:12:56,28433.75,0
2021-06-15 10:12:57,28434.4,0
2021-06-15 10:12:59,28434.15,0
2021-06-15 10:13:00,28433.9,0
2021-06-15 10:13:01,28432.25,0
2021-06-15 10:13:02,28433.15,0
2021-06-15 10:13:03,28434.05,0
2021-06-15 10:13:05,28434.1,0
2021-06-15 10:13:07,28433.55,0
2021-06-15 10:13:08,28435.5,0
2021-06-15 10:13:09,28433.95,0
2021-06-15 10:13:10,28433.65,0
2021-06-15 10:13:11,28433.4,0
2021-06-15 10:13:12,28435.6,0
2021-06-15 10:13:13,28437.2,0
2021-06-15 10:13:14,28437.55,0
2021-06-15 10:13:15,28434.25,0
2021-06-15 10:13:16,28432.35,0
2021-06-15 10:13:17,28434.2,0
2021-06-15 10:13:18,28438.2,0
2021-06-15 10:13:19,28437.25,0
2021-06-15 10:13:20,28435.35,0
2021-06-15 10:13:21,28433.8,0
2021-06-15 10:13:22,28434.4,0
2021-06-15 10:13:23,28433.35,0
2021-06-15 10:13:24,28434.3,0
2021-06-15 10:13:25,28433.55,0
2021-06-15 10:13:27,28436.1,0
2021-06-15 10:13:28,28434.6,0
2021-06-15 10:13:29,28434.35,0
2021-06-15 10:13:30,28434.35,0
2021-06-15 10:13:32,28435.2,0
2021-06-15 10:13:33,28431.9,0
2021-06-15 10:13:34,28432.05,0
2021-06-15 10:13:35,28432.15,0
2021-06-15 10:13:36,28431.05,0
2021-06-15 10:13:37,28431.95,0
2021-06-15 10:13:38,28431.2,0
2021-06-15 10:13:39,28432.9,0
2021-06-15 10:13:40,28432.55,0
2021-06-15 10:13:41,28432.45,0
2021-06-15 10:13:42,28432.55,0
2021-06-15 10:13:44,28432.15,0
2021-06-15 10:13:45,28432.4,0
2021-06-15 10:13:46,28428.3,0
2021-06-15 10:13:47,28427.25,0
2021-06-15 10:13:48,28426.2,0
2021-06-15 10:13:49,28426.95,0
2021-06-15 10:13:50,28427.1,0
2021-06-15 10:13:51,28426.5,0
2021-06-15 10:13:52,28426.75,0
2021-06-15 10:13:53,28427.65,0
2021-06-15 10:13:54,28428.35,0
2021-06-15 10:13:55,28428.9,0
2021-06-15 10:13:56,28428.5,0
2021-06-15 10:13:57,28431.05,0
2021-06-15 10:13:58,28430.15,0
2021-06-15 10:13:59,28426.95,0
2021-06-15 10:14:01,28426.3,0
2021-06-15 10:14:02,28427.1,0
2021-06-15 10:14:03,28425.4,0
2021-06-15 10:14:04,28422.35,0
2021-06-15 10:14:05,28425.2,0
2021-06-15 10:14:06,28422.8,0
2021-06-15 10:14:07,28421.65,0
2021-06-15 10:14:08,28422.0,0
2021-06-15 10:14:09,28424.2,0
2021-06-15 10:14:10,28424.9,0
2021-06-15 10:14:11,28423.85,0
2021-06-15 10:14:12,28422.7,0
2021-06-15 10:14:13,28425.05,0
2021-06-15 10:14:14,28424.4,0
2021-06-15 10:14:15,28420.65,0
2021-06-15 10:14:16,28423.45,0
2021-06-15 10:14:17,28420.4,0
2021-06-15 10:14:18,28418.25,0
2021-06-15 10:14:20,28418.5,0
2021-06-15 10:14:21,28419.25,0
2021-06-15 10:14:23,28419.5,0
2021-06-15 10:14:24,28419.1,0
2021-06-15 10:14:25,28419.3,0
2021-06-15 10:14:27,28419.15,0
2021-06-15 10:14:30,28419.5,0
2021-06-15 10:14:31,28419.75,0
2021-06-15 10:14:32,28419.75,0
2021-06-15 10:14:33,28421.0,0
2021-06-15 10:14:34,28420.55,0
2021-06-15 10:14:35,28419.7,0
2021-06-15 10:14:36,28420.75,0
2021-06-15 10:14:38,28419.2,0
2021-06-15 10:14:39,28419.9,0
2021-06-15 10:14:40,28419.55,0
2021-06-15 10:14:41,28420.65,0
2021-06-15 10:14:42,28421.35,0
2021-06-15 10:14:43,28421.6,0
2021-06-15 10:14:44,28423.95,0
2021-06-15 10:14:45,28424.55,0
2021-06-15 10:14:46,28424.8,0
2021-06-15 10:14:47,28423.35,0
2021-06-15 10:14:48,28421.9,0
2021-06-15 10:14:49,28425.1,0
2021-06-15 10:14:50,28423.5,0
2021-06-15 10:14:51,28422.6,0
2021-06-15 10:14:52,28421.55,0
2021-06-15 10:14:53,28422.9,0
2021-06-15 10:14:54,28423.0,0
2021-06-15 10:14:56,28423.75,0
2021-06-15 10:14:57,28424.75,0
2021-06-15 10:14:58,28423.35,0
2021-06-15 10:14:59,28424.25,0
2021-06-15 10:15:00,28423.75,0
2021-06-15 10:15:01,28421.9,0
2021-06-15 10:15:02,28421.8,0
2021-06-15 10:15:04,28421.1,0
2021-06-15 10:15:05,28422.4,0
2021-06-15 10:15:06,28421.35,0
2021-06-15 10:15:08,28422.35,0
2021-06-15 10:15:09,28423.45,0
2021-06-15 10:15:11,28423.75,0
2021-06-15 10:15:12,28423.0,0
2021-06-15 10:15:13,28422.5,0
2021-06-15 10:15:14,28423.7,0
2021-06-15 10:15:15,28424.55,0
2021-06-15 10:15:16,28423.35,0
2021-06-15 10:15:18,28423.25,0
2021-06-15 10:15:19,28422.35,0
2021-06-15 10:15:20,28424.4,0
2021-06-15 10:15:21,28423.1,0
2021-06-15 10:15:22,28424.4,0
2021-06-15 10:15:23,28424.1,0
2021-06-15 10:15:24,28424.4,0
2021-06-15 10:15:25,28425.4,0
2021-06-15 10:15:26,28422.1,0
2021-06-15 10:15:27,28422.4,0
2021-06-15 10:15:28,28420.9,0
2021-06-15 10:15:29,28421.85,0
2021-06-15 10:15:32,28422.2,0
2021-06-15 10:15:33,28422.95,0
2021-06-15 10:15:34,28422.95,0
2021-06-15 10:15:36,28421.6,0
2021-06-15 10:15:37,28422.45,0
2021-06-15 10:15:39,28419.25,0
2021-06-15 10:15:40,28421.2,0
2021-06-15 10:15:41,28421.35,0
2021-06-15 10:15:42,28418.8,0
2021-06-15 10:15:43,28419.8,0
2021-06-15 10:15:44,28419.55,0
2021-06-15 10:15:45,28419.95,0
2021-06-15 10:15:46,28418.15,0
2021-06-15 10:15:47,28416.9,0
2021-06-15 10:15:48,28417.55,0
2021-06-15 10:15:49,28417.8,0
2021-06-15 10:15:50,28417.3,0
2021-06-15 10:15:51,28417.9,0
2021-06-15 10:15:52,28418.45,0
2021-06-15 10:15:54,28419.25,0
2021-06-15 10:15:55,28412.8,0
2021-06-15 10:15:56,28411.3,0
2021-06-15 10:15:57,28410.35,0
2021-06-15 10:15:58,28411.15,0
2021-06-15 10:15:59,28414.65,0
2021-06-15 10:16:00,28412.3,0
2021-06-15 10:16:01,28412.2,0
2021-06-15 10:16:02,28414.5,0
2021-06-15 10:16:04,28412.2,0
2021-06-15 10:16:05,28412.6,0
2021-06-15 10:16:06,28412.7,0
2021-06-15 10:16:07,28413.4,0
2021-06-15 10:16:08,28414.65,0
2021-06-15 10:16:09,28414.1,0
2021-06-15 10:16:10,28413.85,0
2021-06-15 10:16:11,28412.8,0
2021-06-15 10:16:12,28412.7,0
2021-06-15 10:16:14,28416.8,0
2021-06-15 10:16:15,28416.75,0
2021-06-15 10:16:16,28416.2,0
2021-06-15 10:16:17,28416.1,0
2021-06-15 10:16:18,28416.95,0
2021-06-15 10:16:19,28415.35,0
2021-06-15 10:16:20,28414.4,0
2021-06-15 10:16:21,28415.85,0
2021-06-15 10:16:22,28416.05,0
2021-06-15 10:16:23,28414.1,0
2021-06-15 10:16:24,28416.8,0
2021-06-15 10:16:25,28413.55,0
2021-06-15 10:16:26,28416.45,0
2021-06-15 10:16:27,28416.05,0
2021-06-15 10:16:28,28414.15,0
2021-06-15 10:16:30,28419.5,0
2021-06-15 10:16:31,28418.7,0
2021-06-15 10:16:32,28419.55,0
2021-06-15 10:16:33,28420.25,0
2021-06-15 10:16:34,28418.75,0
2021-06-15 10:16:35,28420.3,0
2021-06-15 10:16:36,28420.3,0
2021-06-15 10:16:37,28420.4,0
2021-06-15 10:16:38,28424.15,0
2021-06-15 10:16:39,28420.9,0
2021-06-15 10:16:41,28421.25,0
2021-06-15 10:16:42,28421.65,0
2021-06-15 10:16:43,28422.5,0
2021-06-15 10:16:44,28421.05,0
2021-06-15 10:16:45,28424.05,0
2021-06-15 10:16:46,28421.5,0
2021-06-15 10:16:47,28420.3,0
2021-06-15 10:16:48,28420.85,0
2021-06-15 10:16:49,28417.1,0
2021-06-15 10:16:50,28420.95,0
2021-06-15 10:16:51,28421.35,0
2021-06-15 10:16:53,28420.2,0
2021-06-15 10:16:54,28418.7,0
2021-06-15 10:16:55,28420.85,0
2021-06-15 10:16:56,28421.65,0
2021-06-15 10:16:58,28422.0,0
2021-06-15 10:16:59,28422.4,0
2021-06-15 10:17:00,28419.6,0
2021-06-15 10:17:01,28418.2,0
2021-06-15 10:17:02,28421.0,0
2021-06-15 10:17:04,28422.2,0
2021-06-15 10:17:05,28422.65,0
2021-06-15 10:17:06,28420.55,0
2021-06-15 10:17:08,28422.15,0
2021-06-15 10:17:09,28420.35,0
2021-06-15 10:17:10,28420.55,0
2021-06-15 10:17:11,28420.6,0
2021-06-15 10:17:12,28420.85,0
2021-06-15 10:17:13,28420.5,0
2021-06-15 10:17:14,28422.8,0
2021-06-15 10:17:15,28423.45,0
2021-06-15 10:17:16,28422.95,0
2021-06-15 10:17:17,28421.95,0
2021-06-15 10:17:19,28421.55,0
2021-06-15 10:17:20,28420.1,0
2021-06-15 10:17:22,28422.5,0
2021-06-15 10:17:23,28419.3,0
2021-06-15 10:17:24,28419.85,0
2021-06-15 10:17:25,28421.85,0
2021-06-15 10:17:26,28419.7,0
2021-06-15 10:17:27,28419.1,0
2021-06-15 10:17:28,28419.2,0
2021-06-15 10:17:29,28419.55,0
2021-06-15 10:17:30,28418.1,0
2021-06-15 10:17:31,28417.2,0
2021-06-15 10:17:32,28417.15,0
2021-06-15 10:17:34,28418.85,0
