timestamp,ltp,volume
2021-06-15 09:15:41,35737.4,0
2021-06-15 09:15:42,35734.65,0
2021-06-15 09:15:43,35742.2,0
2021-06-15 09:15:45,35727.15,0
2021-06-15 09:15:46,35734.55,0
2021-06-15 09:15:47,35730.3,0
2021-06-15 09:15:51,35736.05,0
2021-06-15 09:15:56,35747.5,0
2021-06-15 09:15:57,35751.25,0
2021-06-15 09:15:59,35759.75,0
2021-06-15 09:16:00,35765.45,0
2021-06-15 09:16:01,35768.65,0
2021-06-15 09:16:02,35768.5,0
2021-06-15 09:16:03,35769.8,0
2021-06-15 09:16:04,35775.3,0
2021-06-15 09:16:05,35777.7,0
2021-06-15 09:16:06,35791.5,0
2021-06-15 09:16:07,35774.2,0
2021-06-15 09:16:08,35773.9,0
2021-06-15 09:16:09,35772.25,0
2021-06-15 09:16:10,35779.8,0
2021-06-15 09:16:11,35779.6,0
2021-06-15 09:16:12,35785.25,0
2021-06-15 09:16:13,35780.6,0
2021-06-15 09:16:15,35781.5,0
2021-06-15 09:16:16,35784.85,0
2021-06-15 09:16:17,35781.85,0
2021-06-15 09:16:18,35792.55,0
2021-06-15 09:16:19,35787.25,0
2021-06-15 09:16:20,35788.2,0
2021-06-15 09:16:21,35790.9,0
2021-06-15 09:16:22,35789.5,0
2021-06-15 09:16:23,35785.45,0
2021-06-15 09:16:24,35784.25,0
2021-06-15 09:16:25,35791.9,0
2021-06-15 09:16:26,35796.75,0
2021-06-15 09:16:27,35791.9,0
2021-06-15 09:16:29,35791.15,0
2021-06-15 09:16:30,35790.8,0
2021-06-15 09:16:31,35782.2,0
2021-06-15 09:16:32,35785.05,0
2021-06-15 09:16:34,35791.05,0
2021-06-15 09:16:35,35788.35,0
2021-06-15 09:16:36,35797.2,0
2021-06-15 09:16:38,35793.8,0
2021-06-15 09:16:39,35794.2,0
2021-06-15 09:16:40,35798.1,0
2021-06-15 09:16:41,35795.25,0
2021-06-15 09:16:44,35804.65,0
2021-06-15 09:16:45,35805.35,0
2021-06-15 09:16:46,35796.85,0
2021-06-15 09:16:47,35805.5,0
2021-06-15 09:16:48,35803.1,0
2021-06-15 09:16:49,35807.55,0
2021-06-15 09:16:50,35812.6,0
2021-06-15 09:16:51,35804.25,0
2021-06-15 09:16:52,35797.2,0
2021-06-15 09:16:54,35800.55,0
2021-06-15 09:16:55,35803.45,0
2021-06-15 09:16:56,35796.0,0
2021-06-15 09:16:57,35797.75,0
2021-06-15 09:16:58,35802.2,0
2021-06-15 09:16:59,35801.7,0
2021-06-15 09:17:00,35797.8,0
2021-06-15 09:17:01,35803.45,0
2021-06-15 09:17:02,35802.45,0
2021-06-15 09:17:03,35809.9,0
2021-06-15 09:17:04,35812.85,0
2021-06-15 09:17:05,35826.95,0
2021-06-15 09:17:06,35818.95,0
2021-06-15 09:17:07,35822.6,0
2021-06-15 09:17:08,35817.2,0
2021-06-15 09:17:09,35818.2,0
2021-06-15 09:17:10,35816.75,0
2021-06-15 09:17:11,35807.6,0
2021-06-15 09:17:12,35815.3,0
2021-06-15 09:17:13,35809.65,0
2021-06-15 09:17:14,35809.55,0
2021-06-15 09:17:15,35813.0,0
2021-06-15 09:17:16,35818.6,0
2021-06-15 09:17:17,35814.1,0
2021-06-15 09:17:18,35819.55,0
2021-06-15 09:17:20,35813.55,0
2021-06-15 09:17:21,35821.05,0
2021-06-15 09:17:22,35816.6,0
2021-06-15 09:17:23,35819.3,0
2021-06-15 09:17:24,35814.1,0
2021-06-15 09:17:25,35829.8,0
2021-06-15 09:17:26,35824.25,0
2021-06-15 09:17:27,35826.05,0
2021-06-15 09:17:31,35823.3,0
2021-06-15 09:17:32,35822.5,0
2021-06-15 09:17:34,35827.2,0
2021-06-15 09:17:37,35816.25,0
2021-06-15 09:17:40,35827.8,0
2021-06-15 09:17:42,35835.0,0
2021-06-15 09:17:43,35830.05,0
2021-06-15 09:17:48,35837.5,0
2021-06-15 09:17:55,35839.05,0
2021-06-15 09:17:56,35839.1,0
2021-06-15 09:17:57,35840.85,0
2021-06-15 09:17:58,35835.05,0
2021-06-15 09:17:59,35831.8,0
2021-06-15 09:18:00,35839.0,0
2021-06-15 09:18:02,35840.1,0
2021-06-15 09:18:04,35838.85,0
2021-06-15 09:18:05,35851.2,0
2021-06-15 09:18:06,35849.4,0
2021-06-15 09:18:07,35853.1,0
2021-06-15 09:18:08,35851.3,0
2021-06-15 09:18:09,35845.7,0
2021-06-15 09:18:10,35847.45,0
2021-06-15 09:18:11,35850.4,0
2021-06-15 09:18:12,35849.5,0
2021-06-15 09:18:13,35848.25,0
2021-06-15 09:18:14,35854.6,0
2021-06-15 09:18:16,35850.15,0
2021-06-15 09:18:18,35854.55,0
2021-06-15 09:18:19,35852.4,0
2021-06-15 09:18:20,35856.75,0
2021-06-15 09:18:21,35854.7,0
2021-06-15 09:18:22,35843.55,0
2021-06-15 09:18:23,35843.6,0
2021-06-15 09:18:24,35853.1,0
2021-06-15 09:18:25,35846.55,0
2021-06-15 09:18:26,35850.35,0
2021-06-15 09:18:27,35845.25,0
2021-06-15 09:18:28,35851.15,0
2021-06-15 09:18:29,35846.4,0
2021-06-15 09:18:30,35852.05,0
2021-06-15 09:18:31,35849.8,0
2021-06-15 09:18:32,35850.8,0
2021-06-15 09:18:33,35853.85,0
2021-06-15 09:18:34,35847.65,0
2021-06-15 09:18:35,35853.3,0
2021-06-15 09:18:36,35851.25,0
2021-06-15 09:18:37,35855.55,0
2021-06-15 09:18:38,35857.7,0
2021-06-15 09:18:39,35848.1,0
2021-06-15 09:18:40,35854.85,0
2021-06-15 09:18:41,35852.15,0
2021-06-15 09:18:42,35857.1,0
2021-06-15 09:18:43,35850.6,0
2021-06-15 09:18:44,35843.1,0
2021-06-15 09:18:45,35844.85,0
2021-06-15 09:18:46,35840.65,0
2021-06-15 09:18:48,35845.25,0
2021-06-15 09:18:49,35844.6,0
2021-06-15 09:18:50,35846.05,0
2021-06-15 09:18:52,35840.05,0
2021-06-15 09:18:53,35847.9,0
2021-06-15 09:18:54,35849.5,0
2021-06-15 09:18:55,35849.5,0
2021-06-15 09:18:56,35852.55,0
2021-06-15 09:18:57,35849.55,0
2021-06-15 09:18:58,35858.6,0
2021-06-15 09:18:59,35860.25,0
2021-06-15 09:19:00,35853.25,0
2021-06-15 09:19:01,35859.4,0
2021-06-15 09:19:02,35851.0,0
2021-06-15 09:19:03,35861.55,0
2021-06-15 09:19:04,35858.2,0
2021-06-15 09:19:06,35861.8,0
2021-06-15 09:19:07,35870.3,0
2021-06-15 09:19:08,35869.9,0
2021-06-15 09:19:09,35873.7,0
2021-06-15 09:19:10,35873.65,0
2021-06-15 09:19:11,35872.9,0
2021-06-15 09:19:12,35868.15,0
2021-06-15 09:19:13,35874.1,0
2021-06-15 09:19:14,35864.6,0
2021-06-15 09:19:16,35869.35,0
2021-06-15 09:19:19,35877.95,0
2021-06-15 09:19:20,35879.5,0
2021-06-15 09:19:21,35881.2,0
2021-06-15 09:19:23,35878.5,0
2021-06-15 09:19:26,35880.9,0
2021-06-15 09:19:27,35882.35,0
2021-06-15 09:19:28,35878.25,0
2021-06-15 09:19:29,35884.55,0
2021-06-15 09:19:30,35875.7,0
2021-06-15 09:19:31,35880.6,0
2021-06-15 09:19:32,35875.95,0
2021-06-15 09:19:33,35880.35,0
2021-06-15 09:19:35,35874.65,0
2021-06-15 09:19:36,35883.35,0
2021-06-15 09:19:37,35879.55,0
2021-06-15 09:19:38,35879.1,0
2021-06-15 09:19:39,35878.7,0
2021-06-15 09:19:40,35880.25,0
2021-06-15 09:19:41,35882.45,0
2021-06-15 09:19:42,35885.7,0
2021-06-15 09:19:43,35879.15,0
2021-06-15 09:19:44,35884.2,0
2021-06-15 09:19:45,35883.8,0
2021-06-15 09:19:46,35885.7,0
2021-06-15 09:19:48,35886.45,0
2021-06-15 09:19:49,35886.7,0
2021-06-15 09:19:50,35885.7,0
2021-06-15 09:19:51,35880.05,0
2021-06-15 09:19:54,35890.05,0
2021-06-15 09:19:55,35886.9,0
2021-06-15 09:19:56,35881.8,0
2021-06-15 09:19:57,35886.6,0
2021-06-15 09:20:00,35882.95,0
2021-06-15 09:20:01,35875.5,0
2021-06-15 09:20:02,35877.35,0
2021-06-15 09:20:04,35881.65,0
2021-06-15 09:20:05,35880.35,0
2021-06-15 09:20:06,35880.85,0
2021-06-15 09:20:07,35876.0,0
2021-06-15 09:20:08,35885.15,0
2021-06-15 09:20:09,35881.5,0
2021-06-15 09:20:10,35877.7,0
2021-06-15 09:20:11,35884.8,0
2021-06-15 09:20:12,35887.45,0
2021-06-15 09:20:13,35885.75,0
2021-06-15 09:20:14,35880.95,0
2021-06-15 09:20:16,35884.9,0
2021-06-15 09:20:17,35885.0,0
2021-06-15 09:20:18,35885.25,0
2021-06-15 09:20:19,35893.1,0
2021-06-15 09:20:20,35886.55,0
2021-06-15 09:20:21,35884.4,0
2021-06-15 09:20:22,35878.6,0
2021-06-15 09:20:23,35883.25,0
2021-06-15 09:20:24,35883.7,0
2021-06-15 09:20:25,35888.15,0
2021-06-15 09:20:26,35882.55,0
2021-06-15 09:20:27,35885.95,0
2021-06-15 09:20:28,35879.55,0
2021-06-15 09:20:29,35883.45,0
2021-06-15 09:20:30,35878.15,0
2021-06-15 09:20:31,35876.95,0
2021-06-15 09:20:32,35878.85,0
2021-06-15 09:20:35,35877.5,0
2021-06-15 09:20:36,35870.65,0
2021-06-15 09:20:37,35871.1,0
2021-06-15 09:20:38,35877.25,0
2021-06-15 09:20:40,35874.9,0
2021-06-15 09:20:42,35877.4,0
2021-06-15 09:20:44,35881.9,0
2021-06-15 09:20:45,35879.05,0
2021-06-15 09:20:46,35880.45,0
2021-06-15 09:20:47,35879.55,0
2021-06-15 09:20:48,35879.35,0
2021-06-15 09:20:51,35876.6,0
2021-06-15 09:20:52,35884.1,0
2021-06-15 09:20:53,35879.55,0
2021-06-15 09:20:55,35881.1,0
2021-06-15 09:20:56,35882.55,0
2021-06-15 09:20:57,35880.7,0
2021-06-15 09:20:58,35881.35,0
2021-06-15 09:20:59,35882.1,0
2021-06-15 09:21:00,35879.85,0
2021-06-15 09:21:01,35878.45,0
2021-06-15 09:21:03,35876.4,0
2021-06-15 09:21:04,35878.85,0
2021-06-15 09:21:05,35875.9,0
2021-06-15 09:21:11,35881.2,0
2021-06-15 09:21:12,35880.65,0
2021-06-15 09:21:13,35881.7,0
2021-06-15 09:21:14,35875.4,0
2021-06-15 09:21:15,35875.35,0
2021-06-15 09:21:16,35873.45,0
2021-06-15 09:21:17,35868.1,0
2021-06-15 09:21:18,35867.35,0
2021-06-15 09:21:19,35865.1,0
2021-06-15 09:21:22,35864.85,0
2021-06-15 09:21:23,35865.45,0
2021-06-15 09:21:24,35866.35,0
2021-06-15 09:21:25,35865.45,0
2021-06-15 09:21:26,35859.55,0
2021-06-15 09:21:27,35866.0,0
2021-06-15 09:21:29,35867.4,0
2021-06-15 09:21:30,35862.9,0
2021-06-15 09:21:31,35865.85,0
2021-06-15 09:21:32,35863.4,0
2021-06-15 09:21:34,35870.05,0
2021-06-15 09:21:35,35866.9,0
2021-06-15 09:21:38,35865.4,0
2021-06-15 09:21:39,35869.15,0
2021-06-15 09:21:40,35868.95,0
2021-06-15 09:21:42,35870.0,0
2021-06-15 09:21:43,35872.3,0
2021-06-15 09:21:44,35867.9,0
2021-06-15 09:21:45,35869.85,0
2021-06-15 09:21:46,35875.25,0
2021-06-15 09:21:47,35874.4,0
2021-06-15 09:21:49,35864.25,0
2021-06-15 09:21:50,35870.4,0
2021-06-15 09:21:51,35869.0,0
2021-06-15 09:21:52,35868.35,0
2021-06-15 09:21:53,35869.8,0
2021-06-15 09:21:54,35870.7,0
2021-06-15 09:21:55,35868.15,0
2021-06-15 09:21:56,35867.85,0
2021-06-15 09:21:57,35863.2,0
2021-06-15 09:21:58,35869.75,0
2021-06-15 09:22:00,35874.15,0
2021-06-15 09:22:01,35871.1,0
2021-06-15 09:22:02,35872.2,0
2021-06-15 09:22:03,35871.15,0
2021-06-15 09:22:04,35874.2,0
2021-06-15 09:22:05,35873.25,0
2021-06-15 09:22:06,35877.5,0
2021-06-15 09:22:08,35877.1,0
2021-06-15 09:22:10,35871.45,0
2021-06-15 09:22:12,35866.5,0
2021-06-15 09:22:13,35877.15,0
2021-06-15 09:22:14,35868.95,0
2021-06-15 09:22:15,35874.55,0
2021-06-15 09:22:17,35869.95,0
2021-06-15 09:22:18,35873.8,0
2021-06-15 09:22:19,35874.8,0
2021-06-15 09:22:20,35877.4,0
2021-06-15 09:22:21,35880.75,0
2021-06-15 09:22:22,35876.25,0
2021-06-15 09:22:23,35876.55,0
2021-06-15 09:22:24,35877.8,0
2021-06-15 09:22:26,35876.85,0
2021-06-15 09:22:27,35876.45,0
2021-06-15 09:22:29,35869.35,0
2021-06-15 09:22:30,35874.85,0
2021-06-15 09:22:31,35874.35,0
2021-06-15 09:22:32,35872.7,0
2021-06-15 09:22:34,35872.25,0
2021-06-15 09:22:35,35868.95,0
2021-06-15 09:22:36,35872.55,0
2021-06-15 09:22:39,35868.55,0
2021-06-15 09:22:40,35876.0,0
2021-06-15 09:22:41,35875.1,0
2021-06-15 09:22:43,35867.4,0
2021-06-15 09:22:44,35869.6,0
2021-06-15 09:22:45,35870.75,0
2021-06-15 09:22:47,35872.25,0
2021-06-15 09:22:49,35872.15,0
2021-06-15 09:22:50,35876.9,0
2021-06-15 09:22:51,35878.0,0
2021-06-15 09:22:54,35876.7,0
2021-06-15 09:22:56,35881.35,0
2021-06-15 09:22:57,35879.45,0
2021-06-15 09:22:58,35873.7,0
2021-06-15 09:22:59,35877.5,0
2021-06-15 09:23:00,35871.0,0
2021-06-15 09:23:01,35871.7,0
2021-06-15 09:23:02,35872.55,0
2021-06-15 09:23:03,35869.7,0
2021-06-15 09:23:05,35873.3,0
2021-06-15 09:23:06,35869.15,0
2021-06-15 09:23:07,35873.2,0
2021-06-15 09:23:08,35870.3,0
2021-06-15 09:23:09,35870.4,0
2021-06-15 09:23:10,35873.15,0
2021-06-15 09:23:11,35871.25,0
2021-06-15 09:23:12,35878.15,0
2021-06-15 09:23:13,35875.05,0
2021-06-15 09:23:14,35878.9,0
2021-06-15 09:23:15,35877.9,0
2021-06-15 09:23:16,35875.0,0
2021-06-15 09:23:17,35873.25,0
2021-06-15 09:23:18,35869.45,0
2021-06-15 09:23:19,35865.25,0
2021-06-15 09:23:20,35869.8,0
2021-06-15 09:23:21,35872.1,0
2021-06-15 09:23:22,35869.8,0
2021-06-15 09:23:23,35870.25,0
2021-06-15 09:23:24,35868.2,0
2021-06-15 09:23:25,35868.9,0
2021-06-15 09:23:26,35869.2,0
2021-06-15 09:23:27,35866.05,0
2021-06-15 09:23:28,35868.9,0
2021-06-15 09:23:29,35866.4,0
2021-06-15 09:23:32,35870.65,0
2021-06-15 09:23:33,35864.05,0
2021-06-15 09:23:34,35872.3,0
2021-06-15 09:23:35,35870.6,0
2021-06-15 09:23:36,35859.55,0
2021-06-15 09:23:37,35865.25,0
2021-06-15 09:23:38,35865.85,0
2021-06-15 09:23:39,35860.8,0
2021-06-15 09:23:40,35857.15,0
2021-06-15 09:23:41,35860.85,0
2021-06-15 09:23:42,35866.5,0
2021-06-15 09:23:43,35865.7,0
2021-06-15 09:23:44,35860.5,0
2021-06-15 09:23:45,35862.1,0
2021-06-15 09:23:46,35860.35,0
2021-06-15 09:23:47,35858.65,0
2021-06-15 09:23:48,35861.35,0
2021-06-15 09:23:49,35866.65,0
2021-06-15 09:23:50,35855.15,0
2021-06-15 09:23:51,35860.2,0
2021-06-15 09:23:52,35854.55,0
2021-06-15 09:23:53,35858.15,0
2021-06-15 09:23:55,35860.35,0
2021-06-15 09:23:56,35863.95,0
2021-06-15 09:23:57,35864.65,0
2021-06-15 09:23:58,35863.8,0
2021-06-15 09:23:59,35868.95,0
2021-06-15 09:24:00,35863.6,0
2021-06-15 09:24:01,35866.25,0
2021-06-15 09:24:02,35863.25,0
2021-06-15 09:24:04,35866.75,0
2021-06-15 09:24:06,35863.0,0
2021-06-15 09:24:07,35866.3,0
2021-06-15 09:24:08,35857.95,0
2021-06-15 09:24:09,35857.2,0
2021-06-15 09:24:10,35857.9,0
2021-06-15 09:24:11,35853.55,0
2021-06-15 09:24:12,35860.3,0
2021-06-15 09:24:13,35857.95,0
2021-06-15 09:24:14,35862.55,0
2021-06-15 09:24:15,35860.45,0
2021-06-15 09:24:16,35854.95,0
2021-06-15 09:24:17,35851.95,0
2021-06-15 09:24:18,35863.95,0
2021-06-15 09:24:19,35864.1,0
2021-06-15 09:24:20,35864.7,0
2021-06-15 09:24:21,35866.6,0
2021-06-15 09:24:22,35863.4,0
2021-06-15 09:24:23,35861.85,0
2021-06-15 09:24:24,35864.05,0
2021-06-15 09:24:25,35861.1,0
2021-06-15 09:24:26,35859.45,0
2021-06-15 09:24:27,35863.75,0
2021-06-15 09:24:28,35868.0,0
2021-06-15 09:24:29,35859.45,0
2021-06-15 09:24:30,35856.8,0
2021-06-15 09:24:32,35852.05,0
2021-06-15 09:24:33,35856.85,0
2021-06-15 09:24:34,35859.3,0
2021-06-15 09:24:35,35854.7,0
2021-06-15 09:24:36,35855.65,0
2021-06-15 09:24:37,35859.85,0
2021-06-15 09:24:38,35856.1,0
2021-06-15 09:24:39,35860.2,0
2021-06-15 09:24:43,35856.7,0
2021-06-15 09:24:45,35856.5,0
2021-06-15 09:24:46,35850.8,0
2021-06-15 09:24:47,35856.0,0
2021-06-15 09:24:48,35849.9,0
2021-06-15 09:24:49,35848.2,0
2021-06-15 09:24:50,35848.0,0
2021-06-15 09:24:51,35850.95,0
2021-06-15 09:24:53,35844.95,0
2021-06-15 09:24:54,35837.5,0
2021-06-15 09:24:56,35839.0,0
2021-06-15 09:24:57,35845.45,0
2021-06-15 09:24:58,35842.9,0
2021-06-15 09:25:00,35845.6,0
2021-06-15 09:25:01,35844.55,0
2021-06-15 09:25:02,35842.15,0
2021-06-15 09:25:03,35844.75,0
2021-06-15 09:25:05,35843.0,0
2021-06-15 09:25:06,35841.25,0
2021-06-15 09:25:07,35834.6,0
2021-06-15 09:25:08,35831.25,0
2021-06-15 09:25:09,35829.35,0
2021-06-15 09:25:10,35832.1,0
2021-06-15 09:25:11,35835.15,0
2021-06-15 09:25:12,35833.7,0
2021-06-15 09:25:13,35835.25,0
2021-06-15 09:25:14,35834.05,0
2021-06-15 09:25:15,35832.75,0
2021-06-15 09:25:16,35825.65,0
2021-06-15 09:25:17,35827.0,0
2021-06-15 09:25:18,35825.65,0
2021-06-15 09:25:19,35835.3,0
2021-06-15 09:25:21,35830.8,0
2021-06-15 09:25:22,35830.55,0
2021-06-15 09:25:23,35828.75,0
2021-06-15 09:25:24,35833.05,0
2021-06-15 09:25:25,35838.7,0
2021-06-15 09:25:26,35838.35,0
2021-06-15 09:25:27,35837.45,0
2021-06-15 09:25:28,35838.15,0
2021-06-15 09:25:29,35835.5,0
2021-06-15 09:25:31,35834.0,0
2021-06-15 09:25:32,35833.0,0
2021-06-15 09:25:34,35841.75,0
2021-06-15 09:25:35,35843.4,0
2021-06-15 09:25:36,35848.5,0
2021-06-15 09:25:37,35848.75,0
2021-06-15 09:25:38,35850.95,0
2021-06-15 09:25:40,35849.75,0
2021-06-15 09:25:42,35852.3,0
2021-06-15 09:25:43,35850.8,0
2021-06-15 09:25:44,35854.95,0
2021-06-15 09:25:45,35855.0,0
2021-06-15 09:25:47,35851.7,0
2021-06-15 09:25:48,35857.4,0
2021-06-15 09:25:49,35861.0,0
2021-06-15 09:25:50,35860.1,0
2021-06-15 09:25:51,35855.85,0
2021-06-15 09:25:52,35860.3,0
2021-06-15 09:25:53,35863.8,0
2021-06-15 09:25:54,35864.9,0
2021-06-15 09:25:55,35863.45,0
2021-06-15 09:25:56,35866.05,0
2021-06-15 09:25:57,35864.0,0
2021-06-15 09:25:58,35866.9,0
2021-06-15 09:26:00,35865.45,0
2021-06-15 09:26:01,35862.6,0
2021-06-15 09:26:02,35863.3,0
2021-06-15 09:26:03,35865.35,0
2021-06-15 09:26:04,35867.5,0
2021-06-15 09:26:05,35865.9,0
2021-06-15 09:26:06,35867.85,0
2021-06-15 09:26:07,35871.1,0
2021-06-15 09:26:08,35871.7,0
2021-06-15 09:26:09,35870.2,0
2021-06-15 09:26:10,35870.1,0
2021-06-15 09:26:11,35868.9,0
2021-06-15 09:26:12,35862.1,0
2021-06-15 09:26:13,35870.85,0
2021-06-15 09:26:14,35865.85,0
2021-06-15 09:26:15,35865.1,0
2021-06-15 09:26:16,35868.65,0
2021-06-15 09:26:17,35865.25,0
2021-06-15 09:26:18,35863.9,0
2021-06-15 09:26:19,35868.6,0
2021-06-15 09:26:20,35868.5,0
2021-06-15 09:26:21,35866.35,0
2021-06-15 09:26:23,35864.3,0
2021-06-15 09:26:24,35868.4,0
2021-06-15 09:26:25,35869.05,0
2021-06-15 09:26:26,35863.7,0
2021-06-15 09:26:27,35867.3,0
2021-06-15 09:26:29,35868.2,0
2021-06-15 09:26:30,35859.8,0
2021-06-15 09:26:31,35864.5,0
2021-06-15 09:26:32,35861.2,0
2021-06-15 09:26:33,35853.5,0
2021-06-15 09:26:35,35850.4,0
2021-06-15 09:26:37,35853.05,0
2021-06-15 09:26:38,35858.95,0
2021-06-15 09:26:39,35848.6,0
2021-06-15 09:26:40,35850.8,0
2021-06-15 09:26:41,35851.75,0
2021-06-15 09:26:42,35854.1,0
2021-06-15 09:26:43,35858.5,0
2021-06-15 09:26:44,35849.55,0
2021-06-15 09:26:45,35850.8,0
2021-06-15 09:26:46,35846.85,0
2021-06-15 09:26:47,35843.05,0
2021-06-15 09:26:48,35839.3,0
2021-06-15 09:26:49,35842.65,0
2021-06-15 09:26:50,35848.4,0
2021-06-15 09:26:51,35841.35,0
2021-06-15 09:26:52,35842.3,0
2021-06-15 09:26:54,35838.15,0
2021-06-15 09:26:55,35843.3,0
2021-06-15 09:26:56,35842.1,0
2021-06-15 09:26:57,35837.85,0
2021-06-15 09:26:59,35845.95,0
2021-06-15 09:27:01,35842.6,0
2021-06-15 09:27:03,35844.5,0
2021-06-15 09:27:04,35845.3,0
2021-06-15 09:27:05,35844.15,0
2021-06-15 09:27:06,35845.05,0
2021-06-15 09:27:07,35846.5,0
2021-06-15 09:27:08,35842.6,0
2021-06-15 09:27:09,35839.95,0
2021-06-15 09:27:10,35842.5,0
2021-06-15 09:27:11,35836.15,0
2021-06-15 09:27:12,35842.25,0
2021-06-15 09:27:13,35840.15,0
2021-06-15 09:27:14,35840.6,0
2021-06-15 09:27:17,35843.1,0
2021-06-15 09:27:18,35839.7,0
2021-06-15 09:27:19,35836.25,0
2021-06-15 09:27:20,35834.65,0
2021-06-15 09:27:21,35835.45,0
2021-06-15 09:27:22,35839.9,0
2021-06-15 09:27:23,35835.85,0
2021-06-15 09:27:24,35841.55,0
2021-06-15 09:27:25,35834.3,0
2021-06-15 09:27:26,35841.35,0
2021-06-15 09:27:27,35834.9,0
2021-06-15 09:27:28,35828.5,0
2021-06-15 09:27:29,35834.7,0
2021-06-15 09:27:31,35833.65,0
2021-06-15 09:27:32,35822.5,0
2021-06-15 09:27:33,35830.3,0
2021-06-15 09:27:34,35825.3,0
2021-06-15 09:27:35,35832.3,0
2021-06-15 09:27:37,35833.25,0
2021-06-15 09:27:39,35839.7,0
2021-06-15 09:27:40,35840.0,0
2021-06-15 09:27:41,35836.75,0
2021-06-15 09:27:42,35836.3,0
2021-06-15 09:27:43,35840.25,0
2021-06-15 09:27:44,35841.7,0
2021-06-15 09:27:45,35840.1,0
2021-06-15 09:27:46,35840.6,0
2021-06-15 09:27:47,35840.85,0
2021-06-15 09:27:48,35837.5,0
2021-06-15 09:27:49,35832.75,0
2021-06-15 09:27:50,35837.45,0
2021-06-15 09:27:51,35833.4,0
2021-06-15 09:27:52,35834.7,0
2021-06-15 09:27:54,35840.2,0
2021-06-15 09:27:55,35837.45,0
2021-06-15 09:27:56,35839.5,0
2021-06-15 09:27:57,35836.8,0
2021-06-15 09:27:58,35837.45,0
2021-06-15 09:28:00,35841.95,0
2021-06-15 09:28:01,35838.25,0
2021-06-15 09:28:02,35840.35,0
2021-06-15 09:28:03,35836.65,0
2021-06-15 09:28:04,35839.25,0
2021-06-15 09:28:05,35838.3,0
2021-06-15 09:28:08,35837.0,0
2021-06-15 09:28:09,35837.0,0
2021-06-15 09:28:10,35837.65,0
2021-06-15 09:28:12,35838.4,0
2021-06-15 09:28:13,35830.3,0
2021-06-15 09:28:15,35832.6,0
2021-06-15 09:28:16,35833.2,0
2021-06-15 09:28:18,35837.7,0
2021-06-15 09:28:20,35839.55,0
2021-06-15 09:28:21,35837.05,0
2021-06-15 09:28:22,35836.55,0
2021-06-15 09:28:23,35836.15,0
2021-06-15 09:28:24,35835.1,0
2021-06-15 09:28:25,35829.4,0
2021-06-15 09:28:26,35835.25,0
2021-06-15 09:28:27,35834.4,0
2021-06-15 09:28:28,35831.45,0
2021-06-15 09:28:29,35832.5,0
2021-06-15 09:28:30,35834.8,0
2021-06-15 09:28:31,35831.15,0
2021-06-15 09:28:32,35833.5,0
2021-06-15 09:28:33,35835.15,0
2021-06-15 09:28:34,35828.35,0
2021-06-15 09:28:36,35830.35,0
2021-06-15 09:28:37,35831.9,0
2021-06-15 09:28:38,35830.45,0
2021-06-15 09:28:39,35820.1,0
2021-06-15 09:28:40,35823.75,0
2021-06-15 09:28:41,35829.5,0
2021-06-15 09:28:42,35824.3,0
2021-06-15 09:28:43,35824.65,0
2021-06-15 09:28:45,35827.3,0
2021-06-15 09:28:46,35827.55,0
2021-06-15 09:28:47,35830.0,0
2021-06-15 09:28:49,35829.15,0
2021-06-15 09:28:50,35830.5,0
2021-06-15 09:28:51,35827.9,0
2021-06-15 09:28:52,35825.9,0
2021-06-15 09:28:53,35827.9,0
2021-06-15 09:28:55,35827.9,0
2021-06-15 09:28:57,35825.6,0
2021-06-15 09:28:58,35827.95,0
2021-06-15 09:28:59,35829.9,0
2021-06-15 09:29:00,35829.1,0
2021-06-15 09:29:02,35830.65,0
2021-06-15 09:29:04,35824.35,0
2021-06-15 09:29:05,35825.5,0
2021-06-15 09:29:06,35825.25,0
2021-06-15 09:29:07,35822.75,0
2021-06-15 09:29:08,35821.55,0
2021-06-15 09:29:10,35827.15,0
2021-06-15 09:29:11,35821.0,0
2021-06-15 09:29:12,35822.1,0
2021-06-15 09:29:13,35822.8,0
2021-06-15 09:29:14,35825.1,0
2021-06-15 09:29:16,35824.35,0
2021-06-15 09:29:17,35822.9,0
2021-06-15 09:29:18,35821.8,0
2021-06-15 09:29:19,35819.95,0
2021-06-15 09:29:20,35818.9,0
2021-06-15 09:29:21,35819.25,0
2021-06-15 09:29:22,35819.8,0
2021-06-15 09:29:23,35821.35,0
2021-06-15 09:29:24,35820.9,0
2021-06-15 09:29:26,35824.1,0
2021-06-15 09:29:27,35824.65,0
2021-06-15 09:29:28,35824.65,0
2021-06-15 09:29:29,35824.5,0
2021-06-15 09:29:30,35827.1,0
2021-06-15 09:29:31,35829.6,0
2021-06-15 09:29:32,35825.5,0
2021-06-15 09:29:33,35827.25,0
2021-06-15 09:29:34,35830.0,0
2021-06-15 09:29:35,35828.65,0
2021-06-15 09:29:37,35827.15,0
2021-06-15 09:29:38,35832.6,0
2021-06-15 09:29:39,35836.55,0
2021-06-15 09:29:40,35836.1,0
2021-06-15 09:29:42,35837.5,0
2021-06-15 09:29:43,35833.1,0
2021-06-15 09:29:44,35833.95,0
2021-06-15 09:29:45,35833.1,0
2021-06-15 09:29:46,35837.9,0
2021-06-15 09:29:47,35837.65,0
2021-06-15 09:29:48,35834.6,0
2021-06-15 09:29:49,35837.85,0
2021-06-15 09:29:50,35835.45,0
2021-06-15 09:29:51,35834.0,0
2021-06-15 09:29:52,35837.65,0
2021-06-15 09:29:53,35838.0,0
2021-06-15 09:29:54,35838.1,0
2021-06-15 09:29:55,35836.5,0
2021-06-15 09:29:56,35838.6,0
2021-06-15 09:29:57,35836.55,0
2021-06-15 09:29:59,35834.9,0
2021-06-15 09:30:00,35834.3,0
2021-06-15 09:30:01,35832.85,0
2021-06-15 09:30:02,35833.45,0
2021-06-15 09:30:03,35836.6,0
2021-06-15 09:30:04,35833.05,0
2021-06-15 09:30:05,35836.85,0
2021-06-15 09:30:06,35834.55,0
2021-06-15 09:30:07,35834.25,0
2021-06-15 09:30:08,35831.85,0
2021-06-15 09:30:09,35830.35,0
2021-06-15 09:30:10,35833.8,0
2021-06-15 09:30:13,35833.05,0
2021-06-15 09:30:15,35837.2,0
2021-06-15 09:30:16,35836.6,0
2021-06-15 09:30:18,35843.2,0
2021-06-15 09:30:19,35839.5,0
2021-06-15 09:30:21,35835.5,0
2021-06-15 09:30:22,35837.0,0
2021-06-15 09:30:23,35840.3,0
2021-06-15 09:30:26,35837.65,0
2021-06-15 09:30:27,35839.0,0
2021-06-15 09:30:28,35839.35,0
2021-06-15 09:30:29,35844.25,0
2021-06-15 09:30:30,35843.85,0
2021-06-15 09:30:31,35842.6,0
2021-06-15 09:30:33,35843.05,0
2021-06-15 09:30:34,35841.85,0
2021-06-15 09:30:35,35844.0,0
2021-06-15 09:30:37,35844.85,0
2021-06-15 09:30:38,35842.15,0
2021-06-15 09:30:39,35835.3,0
2021-06-15 09:30:40,35837.2,0
2021-06-15 09:30:42,35839.3,0
2021-06-15 09:30:43,35842.8,0
2021-06-15 09:30:45,35840.4,0
2021-06-15 09:30:46,35840.2,0
2021-06-15 09:30:47,35840.0,0
2021-06-15 09:30:49,35836.95,0
2021-06-15 09:30:50,35838.0,0
2021-06-15 09:30:52,35836.6,0
2021-06-15 09:30:54,35832.15,0
2021-06-15 09:30:57,35836.45,0
2021-06-15 09:30:59,35835.65,0
2021-06-15 09:31:00,35833.9,0
2021-06-15 09:31:01,35831.5,0
2021-06-15 09:31:02,35831.75,0
2021-06-15 09:31:03,35830.5,0
2021-06-15 09:31:04,35835.05,0
2021-06-15 09:31:05,35826.5,0
2021-06-15 09:31:06,35829.2,0
2021-06-15 09:31:10,35828.65,0
2021-06-15 09:31:11,35830.7,0
2021-06-15 09:31:12,35827.7,0
2021-06-15 09:31:13,35830.2,0
2021-06-15 09:31:14,35827.15,0
2021-06-15 09:31:15,35824.5,0
2021-06-15 09:31:16,35825.35,0
2021-06-15 09:31:17,35827.9,0
2021-06-15 09:31:18,35828.9,0
2021-06-15 09:31:19,35827.45,0
2021-06-15 09:31:20,35826.0,0
2021-06-15 09:31:21,35824.65,0
2021-06-15 09:31:22,35824.75,0
2021-06-15 09:31:25,35824.3,0
2021-06-15 09:31:26,35823.7,0
2021-06-15 09:31:27,35824.9,0
2021-06-15 09:31:28,35826.45,0
2021-06-15 09:31:29,35819.5,0
2021-06-15 09:31:30,35823.35,0
2021-06-15 09:31:31,35821.1,0
2021-06-15 09:31:32,35823.3,0
2021-06-15 09:31:33,35821.1,0
2021-06-15 09:31:36,35812.5,0
2021-06-15 09:31:37,35817.9,0
2021-06-15 09:31:38,35812.25,0
2021-06-15 09:31:40,35815.45,0
2021-06-15 09:31:41,35819.7,0
2021-06-15 09:31:42,35819.2,0
2021-06-15 09:31:43,35818.75,0
2021-06-15 09:31:45,35820.55,0
2021-06-15 09:31:47,35819.0,0
2021-06-15 09:31:48,35821.15,0
2021-06-15 09:31:49,35819.15,0
2021-06-15 09:31:50,35820.0,0
2021-06-15 09:31:51,35817.0,0
2021-06-15 09:31:53,35819.5,0
2021-06-15 09:31:54,35822.3,0
2021-06-15 09:31:56,35822.4,0
2021-06-15 09:31:57,35822.55,0
2021-06-15 09:31:58,35822.95,0
2021-06-15 09:31:59,35820.0,0
2021-06-15 09:32:00,35820.15,0
2021-06-15 09:32:01,35821.85,0
2021-06-15 09:32:02,35823.8,0
2021-06-15 09:32:03,35824.25,0
2021-06-15 09:32:04,35823.95,0
2021-06-15 09:32:05,35817.85,0
2021-06-15 09:32:06,35821.25,0
2021-06-15 09:32:07,35819.5,0
2021-06-15 09:32:09,35823.8,0
2021-06-15 09:32:11,35813.3,0
2021-06-15 09:32:12,35816.55,0
2021-06-15 09:32:13,35818.4,0
2021-06-15 09:32:15,35816.95,0
2021-06-15 09:32:16,35813.35,0
2021-06-15 09:32:17,35813.0,0
2021-06-15 09:32:18,35813.55,0
2021-06-15 09:32:19,35816.2,0
2021-06-15 09:32:20,35814.2,0
2021-06-15 09:32:21,35815.9,0
2021-06-15 09:32:22,35815.65,0
2021-06-15 09:32:23,35815.4,0
2021-06-15 09:32:24,35814.5,0
2021-06-15 09:32:25,35813.15,0
2021-06-15 09:32:26,35810.15,0
2021-06-15 09:32:27,35813.25,0
2021-06-15 09:32:28,35805.7,0
2021-06-15 09:32:29,35803.15,0
2021-06-15 09:32:30,35804.0,0
2021-06-15 09:32:31,35804.4,0
2021-06-15 09:32:34,35802.6,0
2021-06-15 09:32:37,35807.9,0
2021-06-15 09:32:38,35800.4,0
2021-06-15 09:32:39,35795.05,0
2021-06-15 09:32:41,35798.6,0
2021-06-15 09:32:43,35798.35,0
2021-06-15 09:32:46,35797.7,0
2021-06-15 09:32:47,35797.7,0
2021-06-15 09:32:49,35792.95,0
2021-06-15 09:32:51,35798.45,0
2021-06-15 09:32:52,35793.55,0
2021-06-15 09:32:53,35794.25,0
2021-06-15 09:32:54,35793.6,0
2021-06-15 09:32:56,35793.85,0
2021-06-15 09:32:57,35793.6,0
2021-06-15 09:32:58,35793.9,0
2021-06-15 09:33:01,35796.5,0
2021-06-15 09:33:02,35790.6,0
2021-06-15 09:33:03,35796.2,0
2021-06-15 09:33:04,35795.85,0
2021-06-15 09:33:05,35794.05,0
2021-06-15 09:33:06,35796.45,0
2021-06-15 09:33:07,35797.75,0
2021-06-15 09:33:08,35796.25,0
2021-06-15 09:33:09,35795.0,0
2021-06-15 09:33:10,35796.3,0
2021-06-15 09:33:12,35801.45,0
2021-06-15 09:33:13,35798.1,0
2021-06-15 09:33:14,35807.3,0
2021-06-15 09:33:15,35803.9,0
2021-06-15 09:33:16,35806.05,0
2021-06-15 09:33:17,35805.9,0
2021-06-15 09:33:18,35808.1,0
2021-06-15 09:33:20,35804.8,0
2021-06-15 09:33:21,35804.75,0
2021-06-15 09:33:22,35802.5,0
2021-06-15 09:33:23,35805.8,0
2021-06-15 09:33:24,35799.45,0
2021-06-15 09:33:26,35802.4,0
2021-06-15 09:33:27,35801.1,0
2021-06-15 09:33:28,35804.35,0
2021-06-15 09:33:29,35804.35,0
2021-06-15 09:33:30,35807.1,0
2021-06-15 09:33:31,35802.5,0
2021-06-15 09:33:32,35805.75,0
2021-06-15 09:33:33,35807.5,0
2021-06-15 09:33:34,35807.55,0
2021-06-15 09:33:35,35801.15,0
2021-06-15 09:33:36,35808.35,0
2021-06-15 09:33:37,35803.8,0
2021-06-15 09:33:38,35808.4,0
2021-06-15 09:33:39,35811.15,0
2021-06-15 09:33:40,35812.45,0
2021-06-15 09:33:42,35809.6,0
2021-06-15 09:33:43,35811.3,0
2021-06-15 09:33:44,35807.45,0
2021-06-15 09:33:45,35812.9,0
2021-06-15 09:33:46,35806.9,0
2021-06-15 09:33:47,35810.0,0
2021-06-15 09:33:48,35814.1,0
2021-06-15 09:33:50,35813.6,0
2021-06-15 09:33:51,35814.65,0
2021-06-15 09:33:52,35814.35,0
2021-06-15 09:33:53,35813.7,0
2021-06-15 09:33:54,35813.55,0
2021-06-15 09:33:55,35810.95,0
2021-06-15 09:33:56,35813.35,0
2021-06-15 09:33:57,35813.1,0
2021-06-15 09:33:58,35814.35,0
2021-06-15 09:33:59,35813.9,0
2021-06-15 09:34:00,35810.3,0
2021-06-15 09:34:01,35815.05,0
2021-06-15 09:34:03,35815.75,0
2021-06-15 09:34:04,35813.4,0
2021-06-15 09:34:05,35813.85,0
2021-06-15 09:34:06,35811.8,0
2021-06-15 09:34:07,35814.0,0
2021-06-15 09:34:08,35810.15,0
2021-06-15 09:34:09,35812.95,0
2021-06-15 09:34:10,35802.65,0
2021-06-15 09:34:11,35805.8,0
2021-06-15 09:34:12,35805.55,0
2021-06-15 09:34:13,35807.5,0
2021-06-15 09:34:14,35808.55,0
2021-06-15 09:34:15,35804.65,0
2021-06-15 09:34:16,35795.9,0
2021-06-15 09:34:17,35800.0,0
2021-06-15 09:34:18,35804.8,0
2021-06-15 09:34:19,35801.7,0
2021-06-15 09:34:20,35807.1,0
2021-06-15 09:34:21,35804.95,0
2021-06-15 09:34:22,35807.85,0
2021-06-15 09:34:23,35804.85,0
2021-06-15 09:34:24,35803.25,0
2021-06-15 09:34:25,35806.4,0
2021-06-15 09:34:26,35805.6,0
2021-06-15 09:34:27,35803.3,0
2021-06-15 09:34:28,35802.7,0
2021-06-15 09:34:29,35804.8,0
2021-06-15 09:34:30,35802.8,0
2021-06-15 09:34:31,35799.5,0
2021-06-15 09:34:32,35798.65,0
2021-06-15 09:34:33,35800.55,0
2021-06-15 09:34:36,35801.1,0
2021-06-15 09:34:37,35799.2,0
2021-06-15 09:34:38,35797.05,0
2021-06-15 09:34:39,35796.55,0
2021-06-15 09:34:40,35797.55,0
2021-06-15 09:34:41,35799.15,0
2021-06-15 09:34:42,35796.15,0
2021-06-15 09:34:43,35800.15,0
2021-06-15 09:34:44,35800.95,0
2021-06-15 09:34:45,35798.35,0
2021-06-15 09:34:46,35799.45,0
2021-06-15 09:34:48,35798.55,0
2021-06-15 09:34:50,35799.3,0
2021-06-15 09:34:52,35797.75,0
2021-06-15 09:34:53,35799.95,0
2021-06-15 09:34:54,35799.55,0
2021-06-15 09:34:55,35798.65,0
2021-06-15 09:34:56,35800.6,0
2021-06-15 09:34:57,35800.15,0
2021-06-15 09:34:59,35804.1,0
2021-06-15 09:35:02,35795.3,0
2021-06-15 09:35:03,35787.65,0
2021-06-15 09:35:04,35787.7,0
2021-06-15 09:35:06,35791.25,0
2021-06-15 09:35:08,35790.4,0
2021-06-15 09:35:09,35785.0,0
2021-06-15 09:35:10,35787.6,0
2021-06-15 09:35:11,35785.55,0
2021-06-15 09:35:12,35789.9,0
2021-06-15 09:35:13,35789.55,0
2021-06-15 09:35:14,35787.6,0
2021-06-15 09:35:15,35790.55,0
2021-06-15 09:35:16,35789.7,0
2021-06-15 09:35:17,35793.55,0
2021-06-15 09:35:18,35789.65,0
2021-06-15 09:35:19,35790.85,0
2021-06-15 09:35:20,35792.95,0
2021-06-15 09:35:21,35799.35,0
2021-06-15 09:35:22,35802.75,0
2021-06-15 09:35:23,35805.95,0
2021-06-15 09:35:25,35805.0,0
2021-06-15 09:35:26,35800.8,0
2021-06-15 09:35:27,35806.25,0
2021-06-15 09:35:28,35803.1,0
2021-06-15 09:35:29,35807.95,0
2021-06-15 09:35:30,35802.5,0
2021-06-15 09:35:31,35802.5,0
2021-06-15 09:35:32,35802.4,0
2021-06-15 09:35:33,35807.45,0
2021-06-15 09:35:34,35803.05,0
2021-06-15 09:35:35,35804.1,0
2021-06-15 09:35:36,35809.8,0
2021-06-15 09:35:37,35808.8,0
2021-06-15 09:35:38,35809.3,0
2021-06-15 09:35:39,35805.05,0
2021-06-15 09:35:41,35804.6,0
2021-06-15 09:35:42,35810.75,0
2021-06-15 09:35:43,35803.05,0
2021-06-15 09:35:44,35809.05,0
2021-06-15 09:35:45,35811.1,0
2021-06-15 09:35:46,35814.9,0
2021-06-15 09:35:47,35815.05,0
2021-06-15 09:35:48,35810.5,0
2021-06-15 09:35:49,35808.2,0
2021-06-15 09:35:50,35800.85,0
2021-06-15 09:35:51,35807.0,0
2021-06-15 09:35:52,35806.25,0
2021-06-15 09:35:53,35805.6,0
2021-06-15 09:35:54,35806.1,0
2021-06-15 09:35:55,35808.3,0
2021-06-15 09:35:56,35810.6,0
2021-06-15 09:35:57,35808.6,0
2021-06-15 09:35:59,35811.8,0
2021-06-15 09:36:00,35807.3,0
2021-06-15 09:36:01,35803.1,0
2021-06-15 09:36:02,35802.3,0
2021-06-15 09:36:03,35805.5,0
2021-06-15 09:36:04,35805.5,0
2021-06-15 09:36:05,35804.95,0
2021-06-15 09:36:06,35804.1,0
2021-06-15 09:36:07,35802.05,0
2021-06-15 09:36:08,35798.2,0
2021-06-15 09:36:10,35803.25,0
2021-06-15 09:36:12,35801.7,0
2021-06-15 09:36:13,35800.6,0
2021-06-15 09:36:14,35802.65,0
2021-06-15 09:36:15,35799.15,0
2021-06-15 09:36:16,35798.1,0
2021-06-15 09:36:17,35795.0,0
2021-06-15 09:36:18,35795.55,0
2021-06-15 09:36:19,35800.1,0
2021-06-15 09:36:20,35800.55,0
2021-06-15 09:36:21,35801.2,0
2021-06-15 09:36:22,35796.8,0
2021-06-15 09:36:23,35800.6,0
2021-06-15 09:36:24,35799.0,0
2021-06-15 09:36:26,35799.15,0
2021-06-15 09:36:27,35798.35,0
2021-06-15 09:36:28,35801.25,0
2021-06-15 09:36:29,35796.0,0
2021-06-15 09:36:30,35796.2,0
2021-06-15 09:36:31,35796.4,0
2021-06-15 09:36:33,35791.05,0
2021-06-15 09:36:34,35790.75,0
2021-06-15 09:36:35,35787.95,0
2021-06-15 09:36:37,35787.15,0
2021-06-15 09:36:38,35792.45,0
2021-06-15 09:36:39,35787.75,0
2021-06-15 09:36:40,35786.05,0
2021-06-15 09:36:41,35787.7,0
2021-06-15 09:36:42,35789.9,0
2021-06-15 09:36:43,35791.4,0
2021-06-15 09:36:44,35796.3,0
2021-06-15 09:36:45,35798.15,0
2021-06-15 09:36:46,35794.7,0
2021-06-15 09:36:47,35799.15,0
2021-06-15 09:36:48,35799.65,0
2021-06-15 09:36:49,35799.05,0
2021-06-15 09:36:50,35800.8,0
2021-06-15 09:36:51,35798.25,0
2021-06-15 09:36:52,35798.4,0
2021-06-15 09:36:53,35800.5,0
2021-06-15 09:36:54,35800.2,0
2021-06-15 09:36:55,35800.35,0
2021-06-15 09:36:57,35803.45,0
2021-06-15 09:36:58,35802.55,0
2021-06-15 09:37:00,35802.7,0
2021-06-15 09:37:01,35803.55,0
2021-06-15 09:37:02,35799.1,0
2021-06-15 09:37:03,35795.9,0
2021-06-15 09:37:04,35798.75,0
2021-06-15 09:37:05,35798.7,0
2021-06-15 09:37:06,35795.25,0
2021-06-15 09:37:07,35798.0,0
2021-06-15 09:37:08,35798.15,0
2021-06-15 09:37:12,35799.25,0
2021-06-15 09:37:13,35797.05,0
2021-06-15 09:37:14,35799.3,0
2021-06-15 09:37:15,35805.05,0
2021-06-15 09:37:16,35803.75,0
2021-06-15 09:37:17,35801.6,0
2021-06-15 09:37:18,35807.15,0
2021-06-15 09:37:19,35807.65,0
2021-06-15 09:37:20,35807.0,0
2021-06-15 09:37:21,35806.3,0
2021-06-15 09:37:22,35810.85,0
2021-06-15 09:37:23,35809.45,0
2021-06-15 09:37:24,35808.4,0
2021-06-15 09:37:25,35811.35,0
2021-06-15 09:37:26,35808.85,0
2021-06-15 09:37:27,35806.8,0
2021-06-15 09:37:28,35805.8,0
2021-06-15 09:37:29,35809.55,0
2021-06-15 09:37:30,35809.95,0
2021-06-15 09:37:32,35809.7,0
2021-06-15 09:37:33,35810.2,0
2021-06-15 09:37:36,35808.35,0
2021-06-15 09:37:37,35801.5,0
2021-06-15 09:37:38,35805.05,0
2021-06-15 09:37:39,35802.9,0
2021-06-15 09:37:40,35803.45,0
2021-06-15 09:37:41,35801.25,0
2021-06-15 09:37:42,35801.7,0
2021-06-15 09:37:43,35805.55,0
2021-06-15 09:37:45,35804.7,0
2021-06-15 09:37:46,35803.1,0
2021-06-15 09:37:47,35801.05,0
2021-06-15 09:37:48,35799.35,0
2021-06-15 09:37:49,35801.1,0
2021-06-15 09:37:50,35803.9,0
2021-06-15 09:37:51,35799.9,0
2021-06-15 09:37:52,35799.2,0
2021-06-15 09:37:54,35801.85,0
2021-06-15 09:37:57,35795.55,0
2021-06-15 09:37:58,35796.2,0
2021-06-15 09:37:59,35799.35,0
2021-06-15 09:38:00,35797.75,0
2021-06-15 09:38:02,35799.05,0
2021-06-15 09:38:03,35804.1,0
2021-06-15 09:38:04,35806.35,0
2021-06-15 09:38:05,35806.75,0
2021-06-15 09:38:06,35807.3,0
2021-06-15 09:38:07,35803.25,0
2021-06-15 09:38:08,35802.95,0
2021-06-15 09:38:09,35801.75,0
2021-06-15 09:38:10,35799.45,0
2021-06-15 09:38:11,35803.25,0
2021-06-15 09:38:12,35801.3,0
2021-06-15 09:38:13,35806.45,0
2021-06-15 09:38:14,35807.25,0
2021-06-15 09:38:15,35802.6,0
2021-06-15 09:38:16,35804.1,0
2021-06-15 09:38:17,35797.1,0
2021-06-15 09:38:18,35805.55,0
2021-06-15 09:38:20,35800.7,0
2021-06-15 09:38:21,35799.15,0
2021-06-15 09:38:22,35800.6,0
2021-06-15 09:38:23,35802.45,0
2021-06-15 09:38:24,35799.55,0
2021-06-15 09:38:25,35800.8,0
2021-06-15 09:38:26,35800.3,0
2021-06-15 09:38:27,35796.65,0
2021-06-15 09:38:28,35794.2,0
2021-06-15 09:38:29,35798.5,0
2021-06-15 09:38:31,35798.35,0
2021-06-15 09:38:32,35798.2,0
2021-06-15 09:38:33,35790.35,0
2021-06-15 09:38:34,35793.6,0
2021-06-15 09:38:35,35799.2,0
2021-06-15 09:38:36,35798.0,0
2021-06-15 09:38:38,35799.05,0
2021-06-15 09:38:39,35796.55,0
2021-06-15 09:38:40,35797.35,0
2021-06-15 09:38:41,35797.6,0
2021-06-15 09:38:42,35797.9,0
2021-06-15 09:38:45,35795.55,0
2021-06-15 09:38:47,35803.15,0
2021-06-15 09:38:48,35803.75,0
2021-06-15 09:38:49,35804.45,0
2021-06-15 09:38:50,35800.05,0
2021-06-15 09:38:51,35803.55,0
2021-06-15 09:38:52,35807.15,0
2021-06-15 09:38:53,35807.55,0
2021-06-15 09:38:54,35806.85,0
2021-06-15 09:38:55,35805.9,0
2021-06-15 09:38:56,35803.55,0
2021-06-15 09:38:57,35803.75,0
2021-06-15 09:38:58,35803.55,0
2021-06-15 09:38:59,35806.9,0
2021-06-15 09:39:00,35807.25,0
2021-06-15 09:39:01,35805.85,0
2021-06-15 09:39:03,35802.8,0
2021-06-15 09:39:04,35804.8,0
2021-06-15 09:39:05,35802.95,0
2021-06-15 09:39:07,35803.7,0
2021-06-15 09:39:08,35801.95,0
2021-06-15 09:39:09,35804.2,0
2021-06-15 09:39:10,35806.25,0
2021-06-15 09:39:11,35805.35,0
2021-06-15 09:39:14,35808.9,0
2021-06-15 09:39:15,35801.15,0
2021-06-15 09:39:16,35805.5,0
2021-06-15 09:39:18,35804.55,0
2021-06-15 09:39:19,35806.4,0
2021-06-15 09:39:20,35806.85,0
2021-06-15 09:39:21,35807.95,0
2021-06-15 09:39:22,35803.15,0
2021-06-15 09:39:23,35802.45,0
2021-06-15 09:39:24,35802.8,0
2021-06-15 09:39:25,35802.7,0
2021-06-15 09:39:26,35803.45,0
2021-06-15 09:39:27,35808.55,0
2021-06-15 09:39:28,35807.55,0
2021-06-15 09:39:29,35809.3,0
2021-06-15 09:39:30,35809.85,0
2021-06-15 09:39:31,35812.8,0
2021-06-15 09:39:32,35811.3,0
2021-06-15 09:39:33,35812.5,0
2021-06-15 09:39:34,35814.7,0
2021-06-15 09:39:35,35813.4,0
2021-06-15 09:39:36,35814.25,0
2021-06-15 09:39:37,35813.8,0
2021-06-15 09:39:38,35813.4,0
2021-06-15 09:39:39,35817.1,0
2021-06-15 09:39:41,35815.8,0
2021-06-15 09:39:43,35810.45,0
2021-06-15 09:39:44,35811.05,0
2021-06-15 09:39:45,35812.25,0
2021-06-15 09:39:46,35812.7,0
2021-06-15 09:39:48,35814.7,0
2021-06-15 09:39:47,35815.95,0
2021-06-15 09:39:49,35815.65,0
2021-06-15 09:39:50,35813.45,0
2021-06-15 09:39:51,35814.2,0
2021-06-15 09:39:52,35814.75,0
2021-06-15 09:39:53,35815.5,0
2021-06-15 09:39:54,35817.15,0
2021-06-15 09:39:57,35809.7,0
2021-06-15 09:39:58,35815.65,0
2021-06-15 09:39:59,35820.25,0
2021-06-15 09:40:00,35816.4,0
2021-06-15 09:40:02,35816.6,0
2021-06-15 09:40:03,35814.5,0
2021-06-15 09:40:04,35814.85,0
2021-06-15 09:40:05,35814.85,0
2021-06-15 09:40:06,35813.55,0
2021-06-15 09:40:07,35813.85,0
2021-06-15 09:40:08,35817.2,0
2021-06-15 09:40:09,35817.95,0
2021-06-15 09:40:10,35816.6,0
2021-06-15 09:40:13,35818.1,0
2021-06-15 09:40:14,35817.8,0
2021-06-15 09:40:15,35814.55,0
2021-06-15 09:40:17,35807.8,0
2021-06-15 09:40:18,35809.75,0
2021-06-15 09:40:19,35811.9,0
2021-06-15 09:40:20,35813.3,0
2021-06-15 09:40:21,35807.55,0
2021-06-15 09:40:22,35810.0,0
2021-06-15 09:40:23,35813.45,0
2021-06-15 09:40:25,35813.5,0
2021-06-15 09:40:26,35809.7,0
2021-06-15 09:40:27,35812.45,0
2021-06-15 09:40:28,35812.1,0
2021-06-15 09:40:29,35812.8,0
2021-06-15 09:40:30,35812.7,0
2021-06-15 09:40:31,35814.3,0
2021-06-15 09:40:32,35821.5,0
2021-06-15 09:40:33,35820.5,0
2021-06-15 09:40:35,35822.35,0
2021-06-15 09:40:36,35821.05,0
2021-06-15 09:40:37,35820.0,0
2021-06-15 09:40:39,35828.65,0
2021-06-15 09:40:40,35827.85,0
2021-06-15 09:40:41,35825.8,0
2021-06-15 09:40:42,35827.5,0
2021-06-15 09:40:43,35821.45,0
2021-06-15 09:40:44,35818.85,0
2021-06-15 09:40:45,35818.55,0
2021-06-15 09:40:46,35817.75,0
2021-06-15 09:40:47,35821.2,0
2021-06-15 09:40:48,35823.4,0
2021-06-15 09:40:49,35820.25,0
2021-06-15 09:40:50,35821.0,0
2021-06-15 09:40:51,35824.8,0
2021-06-15 09:40:52,35824.75,0
2021-06-15 09:40:55,35824.3,0
2021-06-15 09:40:56,35824.15,0
2021-06-15 09:40:57,35820.85,0
2021-06-15 09:40:58,35825.35,0
2021-06-15 09:40:59,35824.3,0
2021-06-15 09:41:01,35820.15,0
2021-06-15 09:41:06,35823.95,0
2021-06-15 09:41:07,35820.85,0
2021-06-15 09:41:08,35824.0,0
2021-06-15 09:41:09,35822.75,0
2021-06-15 09:41:10,35822.65,0
2021-06-15 09:41:11,35824.1,0
2021-06-15 09:41:13,35827.5,0
2021-06-15 09:41:14,35827.85,0
2021-06-15 09:41:16,35823.05,0
2021-06-15 09:41:17,35828.55,0
2021-06-15 09:41:18,35826.95,0
2021-06-15 09:41:19,35829.2,0
2021-06-15 09:41:20,35829.1,0
2021-06-15 09:41:21,35825.6,0
2021-06-15 09:41:23,35824.55,0
2021-06-15 09:41:24,35822.65,0
2021-06-15 09:41:25,35828.75,0
2021-06-15 09:41:27,35827.9,0
2021-06-15 09:41:28,35827.35,0
2021-06-15 09:41:29,35826.6,0
2021-06-15 09:41:30,35828.85,0
2021-06-15 09:41:31,35827.1,0
2021-06-15 09:41:32,35829.95,0
2021-06-15 09:41:33,35826.8,0
2021-06-15 09:41:35,35826.8,0
2021-06-15 09:41:36,35820.7,0
2021-06-15 09:41:37,35819.9,0
2021-06-15 09:41:38,35823.65,0
2021-06-15 09:41:39,35824.4,0
2021-06-15 09:41:40,35820.85,0
2021-06-15 09:41:41,35822.5,0
2021-06-15 09:41:42,35826.65,0
2021-06-15 09:41:43,35828.95,0
2021-06-15 09:41:44,35823.5,0
2021-06-15 09:41:45,35828.3,0
2021-06-15 09:41:48,35828.4,0
2021-06-15 09:41:49,35825.05,0
2021-06-15 09:41:51,35828.6,0
2021-06-15 09:41:52,35828.1,0
2021-06-15 09:41:53,35829.85,0
2021-06-15 09:41:54,35835.1,0
2021-06-15 09:41:55,35834.9,0
2021-06-15 09:41:56,35834.5,0
2021-06-15 09:41:57,35832.1,0
2021-06-15 09:41:58,35832.4,0
2021-06-15 09:41:59,35836.85,0
2021-06-15 09:42:00,35835.7,0
2021-06-15 09:42:02,35838.4,0
2021-06-15 09:42:03,35838.65,0
2021-06-15 09:42:04,35839.7,0
2021-06-15 09:42:05,35840.55,0
2021-06-15 09:42:06,35839.7,0
2021-06-15 09:42:08,35842.3,0
2021-06-15 09:42:09,35841.25,0
2021-06-15 09:42:10,35838.15,0
2021-06-15 09:42:11,35838.0,0
2021-06-15 09:42:12,35839.1,0
2021-06-15 09:42:13,35837.85,0
2021-06-15 09:42:15,35837.85,0
2021-06-15 09:42:16,35839.1,0
2021-06-15 09:42:17,35835.55,0
2021-06-15 09:42:18,35836.05,0
2021-06-15 09:42:19,35834.8,0
2021-06-15 09:42:20,35840.35,0
2021-06-15 09:42:21,35839.25,0
2021-06-15 09:42:22,35836.95,0
2021-06-15 09:42:24,35838.25,0
2021-06-15 09:42:25,35838.75,0
2021-06-15 09:42:26,35836.15,0
2021-06-15 09:42:28,35835.6,0
2021-06-15 09:42:29,35835.1,0
2021-06-15 09:42:30,35838.1,0
2021-06-15 09:42:31,35837.15,0
2021-06-15 09:42:32,35836.35,0
2021-06-15 09:42:33,35832.05,0
2021-06-15 09:42:34,35837.65,0
2021-06-15 09:42:35,35840.8,0
2021-06-15 09:42:36,35837.2,0
2021-06-15 09:42:37,35840.6,0
2021-06-15 09:42:38,35840.25,0
2021-06-15 09:42:39,35840.2,0
2021-06-15 09:42:40,35840.35,0
2021-06-15 09:42:41,35839.9,0
2021-06-15 09:42:42,35836.6,0
2021-06-15 09:42:43,35839.45,0
2021-06-15 09:42:44,35840.55,0
2021-06-15 09:42:46,35838.35,0
2021-06-15 09:42:48,35841.0,0
2021-06-15 09:42:49,35840.8,0
2021-06-15 09:42:51,35841.5,0
2021-06-15 09:42:52,35839.65,0
2021-06-15 09:42:53,35839.65,0
2021-06-15 09:42:54,35838.15,0
2021-06-15 09:42:55,35842.0,0
2021-06-15 09:42:57,35842.6,0
2021-06-15 09:42:58,35843.5,0
2021-06-15 09:42:59,35842.55,0
2021-06-15 09:43:02,35846.1,0
2021-06-15 09:43:03,35847.55,0
2021-06-15 09:43:04,35847.15,0
2021-06-15 09:43:06,35844.35,0
2021-06-15 09:43:07,35846.65,0
2021-06-15 09:43:09,35845.5,0
2021-06-15 09:43:14,35843.95,0
2021-06-15 09:43:15,35846.9,0
2021-06-15 09:43:16,35842.7,0
2021-06-15 09:43:17,35847.25,0
2021-06-15 09:43:18,35845.8,0
2021-06-15 09:43:19,35843.25,0
2021-06-15 09:43:20,35844.5,0
2021-06-15 09:43:21,35843.35,0
2021-06-15 09:43:22,35839.5,0
2021-06-15 09:43:24,35839.4,0
2021-06-15 09:43:25,35839.0,0
2021-06-15 09:43:26,35839.2,0
2021-06-15 09:43:27,35834.1,0
2021-06-15 09:43:28,35838.75,0
2021-06-15 09:43:29,35839.85,0
2021-06-15 09:43:30,35841.0,0
2021-06-15 09:43:31,35836.15,0
2021-06-15 09:43:32,35838.7,0
2021-06-15 09:43:34,35841.7,0
2021-06-15 09:43:35,35840.8,0
2021-06-15 09:43:36,35841.2,0
2021-06-15 09:43:37,35839.8,0
2021-06-15 09:43:38,35841.65,0
2021-06-15 09:43:40,35844.2,0
2021-06-15 09:43:41,35843.1,0
2021-06-15 09:43:42,35838.3,0
2021-06-15 09:43:43,35840.6,0
2021-06-15 09:43:44,35837.8,0
2021-06-15 09:43:45,35843.2,0
2021-06-15 09:43:46,35844.75,0
2021-06-15 09:43:47,35845.95,0
2021-06-15 09:43:48,35843.0,0
2021-06-15 09:43:49,35845.6,0
2021-06-15 09:43:50,35836.0,0
2021-06-15 09:43:51,35841.1,0
2021-06-15 09:43:52,35842.05,0
2021-06-15 09:43:53,35841.75,0
2021-06-15 09:43:55,35838.65,0
2021-06-15 09:43:56,35837.4,0
2021-06-15 09:43:57,35841.55,0
2021-06-15 09:43:58,35841.0,0
2021-06-15 09:43:59,35843.75,0
2021-06-15 09:44:01,35842.45,0
2021-06-15 09:44:02,35842.1,0
2021-06-15 09:44:03,35840.2,0
2021-06-15 09:44:04,35841.5,0
2021-06-15 09:44:05,35842.05,0
2021-06-15 09:44:06,35842.2,0
2021-06-15 09:44:07,35839.9,0
2021-06-15 09:44:08,35840.15,0
2021-06-15 09:44:09,35843.0,0
2021-06-15 09:44:10,35835.95,0
2021-06-15 09:44:11,35838.4,0
2021-06-15 09:44:12,35836.4,0
2021-06-15 09:44:13,35837.4,0
2021-06-15 09:44:15,35841.4,0
2021-06-15 09:44:16,35837.55,0
2021-06-15 09:44:17,35837.3,0
2021-06-15 09:44:19,35830.6,0
2021-06-15 09:44:20,35829.0,0
2021-06-15 09:44:21,35829.15,0
2021-06-15 09:44:22,35835.4,0
2021-06-15 09:44:23,35836.05,0
2021-06-15 09:44:25,35833.05,0
2021-06-15 09:44:26,35835.9,0
2021-06-15 09:44:27,35828.25,0
2021-06-15 09:44:28,35833.7,0
2021-06-15 09:44:29,35835.2,0
2021-06-15 09:44:30,35835.5,0
2021-06-15 09:44:31,35835.75,0
2021-06-15 09:44:32,35830.85,0
2021-06-15 09:44:33,35832.2,0
2021-06-15 09:44:34,35836.2,0
2021-06-15 09:44:35,35836.3,0
2021-06-15 09:44:37,35834.9,0
2021-06-15 09:44:38,35831.2,0
2021-06-15 09:44:39,35828.65,0
2021-06-15 09:44:40,35832.2,0
2021-06-15 09:44:41,35834.25,0
2021-06-15 09:44:42,35830.5,0
2021-06-15 09:44:44,35835.6,0
2021-06-15 09:44:46,35831.95,0
2021-06-15 09:44:47,35834.0,0
2021-06-15 09:44:48,35832.95,0
2021-06-15 09:44:49,35834.85,0
2021-06-15 09:44:50,35834.15,0
2021-06-15 09:44:52,35831.25,0
2021-06-15 09:44:53,35830.75,0
2021-06-15 09:44:54,35831.25,0
2021-06-15 09:44:55,35834.35,0
2021-06-15 09:44:56,35833.35,0
2021-06-15 09:44:57,35835.1,0
2021-06-15 09:44:59,35833.9,0
2021-06-15 09:45:00,35833.85,0
2021-06-15 09:45:02,35834.7,0
2021-06-15 09:45:04,35833.9,0
2021-06-15 09:45:06,35835.55,0
2021-06-15 09:45:07,35835.75,0
2021-06-15 09:45:08,35837.85,0
2021-06-15 09:45:09,35835.8,0
2021-06-15 09:45:10,35835.95,0
2021-06-15 09:45:15,35833.35,0
2021-06-15 09:45:16,35834.35,0
2021-06-15 09:45:17,35839.4,0
2021-06-15 09:45:19,35838.75,0
2021-06-15 09:45:20,35838.75,0
2021-06-15 09:45:21,35838.9,0
2021-06-15 09:45:22,35838.05,0
2021-06-15 09:45:23,35839.05,0
2021-06-15 09:45:24,35839.2,0
2021-06-15 09:45:25,35840.5,0
2021-06-15 09:45:26,35833.65,0
2021-06-15 09:45:28,35836.0,0
2021-06-15 09:45:29,35833.4,0
2021-06-15 09:45:30,35825.8,0
2021-06-15 09:45:31,35826.75,0
2021-06-15 09:45:32,35826.6,0
2021-06-15 09:45:33,35825.35,0
2021-06-15 09:45:34,35824.8,0
2021-06-15 09:45:35,35827.25,0
2021-06-15 09:45:36,35825.8,0
2021-06-15 09:45:39,35829.2,0
2021-06-15 09:45:40,35826.15,0
2021-06-15 09:45:41,35826.4,0
2021-06-15 09:45:43,35825.05,0
2021-06-15 09:45:44,35825.75,0
2021-06-15 09:45:45,35829.45,0
2021-06-15 09:45:46,35822.75,0
2021-06-15 09:45:47,35828.05,0
2021-06-15 09:45:48,35826.55,0
2021-06-15 09:45:50,35828.5,0
2021-06-15 09:45:51,35829.95,0
2021-06-15 09:45:52,35826.95,0
2021-06-15 09:45:54,35825.25,0
2021-06-15 09:45:55,35824.6,0
2021-06-15 09:45:56,35827.5,0
2021-06-15 09:45:57,35825.45,0
2021-06-15 09:45:59,35830.05,0
2021-06-15 09:46:00,35829.55,0
2021-06-15 09:46:01,35828.8,0
2021-06-15 09:46:02,35830.0,0
2021-06-15 09:46:03,35824.85,0
2021-06-15 09:46:04,35829.15,0
2021-06-15 09:46:05,35827.95,0
2021-06-15 09:46:06,35830.85,0
2021-06-15 09:46:07,35828.8,0
2021-06-15 09:46:08,35830.2,0
2021-06-15 09:46:09,35830.4,0
2021-06-15 09:46:10,35828.85,0
2021-06-15 09:46:12,35829.7,0
2021-06-15 09:46:13,35831.7,0
2021-06-15 09:46:14,35831.6,0
2021-06-15 09:46:15,35832.2,0
2021-06-15 09:46:16,35832.1,0
2021-06-15 09:46:17,35831.6,0
2021-06-15 09:46:19,35832.2,0
2021-06-15 09:46:20,35829.6,0
2021-06-15 09:46:21,35829.7,0
2021-06-15 09:46:22,35829.95,0
2021-06-15 09:46:23,35832.3,0
2021-06-15 09:46:24,35830.3,0
2021-06-15 09:46:25,35834.05,0
2021-06-15 09:46:27,35834.95,0
2021-06-15 09:46:28,35835.8,0
2021-06-15 09:46:30,35833.45,0
2021-06-15 09:46:31,35836.35,0
2021-06-15 09:46:32,35836.85,0
2021-06-15 09:46:33,35836.1,0
2021-06-15 09:46:35,35835.7,0
2021-06-15 09:46:36,35830.8,0
2021-06-15 09:46:37,35830.3,0
2021-06-15 09:46:38,35834.25,0
2021-06-15 09:46:39,35832.35,0
2021-06-15 09:46:40,35831.2,0
2021-06-15 09:46:41,35833.5,0
2021-06-15 09:46:43,35838.15,0
2021-06-15 09:46:44,35835.5,0
2021-06-15 09:46:45,35833.8,0
2021-06-15 09:46:46,35831.25,0
2021-06-15 09:46:47,35832.75,0
2021-06-15 09:46:48,35832.7,0
2021-06-15 09:46:49,35836.3,0
2021-06-15 09:46:50,35836.1,0
2021-06-15 09:46:51,35835.0,0
2021-06-15 09:46:52,35833.6,0
2021-06-15 09:46:53,35835.8,0
2021-06-15 09:46:54,35835.85,0
2021-06-15 09:46:55,35836.0,0
2021-06-15 09:46:56,35828.6,0
2021-06-15 09:46:59,35833.3,0
2021-06-15 09:47:00,35833.4,0
2021-06-15 09:47:01,35834.05,0
2021-06-15 09:47:04,35832.25,0
2021-06-15 09:47:05,35833.9,0
2021-06-15 09:47:07,35834.15,0
2021-06-15 09:47:09,35833.2,0
2021-06-15 09:47:10,35833.7,0
2021-06-15 09:47:12,35831.75,0
2021-06-15 09:47:13,35834.75,0
2021-06-15 09:47:14,35836.05,0
2021-06-15 09:47:15,35833.35,0
2021-06-15 09:47:16,35834.95,0
2021-06-15 09:47:18,35836.4,0
2021-06-15 09:47:20,35841.35,0
2021-06-15 09:47:21,35842.0,0
2021-06-15 09:47:23,35845.85,0
2021-06-15 09:47:24,35845.25,0
2021-06-15 09:47:25,35846.65,0
2021-06-15 09:47:26,35848.25,0
2021-06-15 09:47:27,35845.65,0
2021-06-15 09:47:28,35843.95,0
2021-06-15 09:47:29,35842.35,0
2021-06-15 09:47:30,35842.5,0
2021-06-15 09:47:31,35845.25,0
2021-06-15 09:47:32,35844.1,0
2021-06-15 09:47:33,35843.25,0
2021-06-15 09:47:34,35843.35,0
2021-06-15 09:47:35,35839.7,0
2021-06-15 09:47:36,35844.05,0
2021-06-15 09:47:38,35839.8,0
2021-06-15 09:47:39,35842.45,0
2021-06-15 09:47:40,35841.55,0
2021-06-15 09:47:41,35842.3,0
2021-06-15 09:47:42,35843.6,0
2021-06-15 09:47:43,35841.65,0
2021-06-15 09:47:44,35840.65,0
2021-06-15 09:47:45,35838.9,0
2021-06-15 09:47:46,35840.35,0
2021-06-15 09:47:52,35845.5,0
2021-06-15 09:47:53,35841.9,0
2021-06-15 09:47:54,35844.95,0
2021-06-15 09:47:55,35841.7,0
2021-06-15 09:47:56,35841.2,0
2021-06-15 09:47:57,35843.1,0
2021-06-15 09:47:58,35845.2,0
2021-06-15 09:47:59,35843.25,0
2021-06-15 09:48:00,35842.0,0
2021-06-15 09:48:02,35850.1,0
2021-06-15 09:48:03,35844.75,0
2021-06-15 09:48:06,35845.05,0
2021-06-15 09:48:07,35849.1,0
2021-06-15 09:48:08,35842.95,0
2021-06-15 09:48:09,35847.7,0
2021-06-15 09:48:10,35847.1,0
2021-06-15 09:48:11,35847.55,0
2021-06-15 09:48:12,35846.2,0
2021-06-15 09:48:13,35852.0,0
2021-06-15 09:48:14,35853.0,0
2021-06-15 09:48:15,35851.6,0
2021-06-15 09:48:16,35850.05,0
2021-06-15 09:48:17,35847.3,0
2021-06-15 09:48:18,35849.65,0
2021-06-15 09:48:19,35850.45,0
2021-06-15 09:48:20,35847.7,0
2021-06-15 09:48:22,35856.25,0
2021-06-15 09:48:23,35855.9,0
2021-06-15 09:48:24,35856.2,0
2021-06-15 09:48:25,35855.35,0
2021-06-15 09:48:26,35855.95,0
2021-06-15 09:48:27,35859.85,0
2021-06-15 09:48:28,35856.95,0
2021-06-15 09:48:29,35858.55,0
2021-06-15 09:48:30,35857.8,0
2021-06-15 09:48:31,35858.65,0
2021-06-15 09:48:33,35858.2,0
2021-06-15 09:48:35,35860.05,0
2021-06-15 09:48:36,35858.45,0
2021-06-15 09:48:37,35852.8,0
2021-06-15 09:48:38,35855.15,0
2021-06-15 09:48:39,35859.25,0
2021-06-15 09:48:40,35854.6,0
2021-06-15 09:48:41,35859.25,0
2021-06-15 09:48:42,35860.25,0
2021-06-15 09:48:43,35860.05,0
2021-06-15 09:48:44,35866.8,0
2021-06-15 09:48:45,35865.7,0
2021-06-15 09:48:46,35869.9,0
2021-06-15 09:48:47,35868.25,0
2021-06-15 09:48:49,35866.25,0
2021-06-15 09:48:50,35868.5,0
2021-06-15 09:48:51,35869.35,0
2021-06-15 09:48:52,35871.35,0
2021-06-15 09:48:53,35869.0,0
2021-06-15 09:48:54,35871.05,0
2021-06-15 09:48:55,35871.55,0
2021-06-15 09:48:56,35877.65,0
2021-06-15 09:48:58,35868.1,0
2021-06-15 09:48:59,35870.25,0
2021-06-15 09:49:00,35870.85,0
2021-06-15 09:49:01,35874.7,0
2021-06-15 09:49:02,35876.6,0
2021-06-15 09:49:03,35874.45,0
2021-06-15 09:49:05,35874.5,0
2021-06-15 09:49:07,35874.1,0
2021-06-15 09:49:09,35876.5,0
2021-06-15 09:49:10,35877.35,0
2021-06-15 09:49:11,35879.05,0
2021-06-15 09:49:12,35879.55,0
2021-06-15 09:49:13,35874.5,0
2021-06-15 09:49:15,35878.3,0
2021-06-15 09:49:16,35876.7,0
2021-06-15 09:49:17,35882.15,0
2021-06-15 09:49:18,35881.35,0
2021-06-15 09:49:20,35879.8,0
2021-06-15 09:49:21,35883.8,0
2021-06-15 09:49:23,35879.3,0
2021-06-15 09:49:26,35881.95,0
2021-06-15 09:49:27,35880.0,0
2021-06-15 09:49:29,35880.2,0
2021-06-15 09:49:31,35872.4,0
2021-06-15 09:49:32,35877.7,0
2021-06-15 09:49:34,35879.4,0
2021-06-15 09:49:35,35882.05,0
2021-06-15 09:49:36,35876.6,0
2021-06-15 09:49:37,35877.1,0
2021-06-15 09:49:38,35876.35,0
2021-06-15 09:49:39,35882.65,0
2021-06-15 09:49:40,35880.05,0
2021-06-15 09:49:41,35880.25,0
2021-06-15 09:49:43,35876.65,0
2021-06-15 09:49:45,35873.6,0
2021-06-15 09:49:46,35873.65,0
2021-06-15 09:49:47,35873.4,0
2021-06-15 09:49:48,35877.95,0
2021-06-15 09:49:50,35879.2,0
2021-06-15 09:49:51,35876.8,0
2021-06-15 09:49:52,35877.7,0
2021-06-15 09:49:53,35877.6,0
2021-06-15 09:49:54,35878.5,0
2021-06-15 09:49:55,35877.0,0
2021-06-15 09:49:56,35876.55,0
2021-06-15 09:49:57,35878.25,0
2021-06-15 09:49:58,35879.0,0
2021-06-15 09:49:59,35876.3,0
2021-06-15 09:50:03,35874.4,0
2021-06-15 09:50:04,35874.75,0
2021-06-15 09:50:05,35872.6,0
2021-06-15 09:50:06,35874.35,0
2021-06-15 09:50:07,35876.65,0
2021-06-15 09:50:08,35875.65,0
2021-06-15 09:50:09,35870.5,0
2021-06-15 09:50:10,35871.0,0
2021-06-15 09:50:14,35871.2,0
2021-06-15 09:50:15,35872.05,0
2021-06-15 09:50:17,35871.45,0
2021-06-15 09:50:18,35867.7,0
2021-06-15 09:50:19,35872.75,0
2021-06-15 09:50:20,35868.55,0
2021-06-15 09:50:21,35864.75,0
2021-06-15 09:50:23,35875.75,0
2021-06-15 09:50:25,35870.05,0
2021-06-15 09:50:27,35869.6,0
2021-06-15 09:50:28,35869.7,0
2021-06-15 09:50:29,35876.5,0
2021-06-15 09:50:30,35876.65,0
2021-06-15 09:50:31,35877.4,0
2021-06-15 09:50:32,35876.85,0
2021-06-15 09:50:33,35871.1,0
2021-06-15 09:50:34,35872.8,0
2021-06-15 09:50:36,35873.45,0
2021-06-15 09:50:37,35874.0,0
2021-06-15 09:50:38,35877.1,0
2021-06-15 09:50:40,35877.9,0
2021-06-15 09:50:42,35872.7,0
2021-06-15 09:50:43,35870.95,0
2021-06-15 09:50:45,35872.5,0
2021-06-15 09:50:46,35875.4,0
2021-06-15 09:50:47,35876.25,0
2021-06-15 09:50:48,35876.1,0
2021-06-15 09:50:49,35875.8,0
2021-06-15 09:50:50,35873.85,0
2021-06-15 09:50:53,35878.15,0
2021-06-15 09:50:54,35879.4,0
2021-06-15 09:50:55,35876.15,0
2021-06-15 09:50:56,35877.95,0
2021-06-15 09:50:58,35878.0,0
2021-06-15 09:51:00,35880.3,0
2021-06-15 09:51:01,35880.35,0
2021-06-15 09:51:02,35880.6,0
2021-06-15 09:51:03,35879.6,0
2021-06-15 09:51:04,35883.45,0
2021-06-15 09:51:05,35883.85,0
2021-06-15 09:51:06,35878.8,0
2021-06-15 09:51:07,35881.35,0
2021-06-15 09:51:08,35884.6,0
2021-06-15 09:51:09,35879.1,0
2021-06-15 09:51:10,35879.1,0
2021-06-15 09:51:11,35882.1,0
2021-06-15 09:51:13,35884.25,0
2021-06-15 09:51:15,35884.75,0
2021-06-15 09:51:17,35884.15,0
2021-06-15 09:51:18,35884.4,0
2021-06-15 09:51:19,35879.45,0
2021-06-15 09:51:21,35880.5,0
2021-06-15 09:51:22,35884.0,0
2021-06-15 09:51:23,35879.6,0
2021-06-15 09:51:24,35875.65,0
2021-06-15 09:51:25,35884.15,0
2021-06-15 09:51:26,35879.45,0
2021-06-15 09:51:27,35883.7,0
2021-06-15 09:51:28,35879.85,0
2021-06-15 09:51:30,35878.75,0
2021-06-15 09:51:31,35879.2,0
2021-06-15 09:51:32,35877.2,0
2021-06-15 09:51:33,35879.7,0
2021-06-15 09:51:34,35878.6,0
2021-06-15 09:51:37,35877.1,0
2021-06-15 09:51:38,35873.25,0
2021-06-15 09:51:39,35876.45,0
2021-06-15 09:51:40,35876.05,0
2021-06-15 09:51:42,35874.6,0
2021-06-15 09:51:44,35875.1,0
2021-06-15 09:51:45,35868.25,0
2021-06-15 09:51:46,35872.6,0
2021-06-15 09:51:47,35868.6,0
2021-06-15 09:51:48,35867.4,0
2021-06-15 09:51:49,35867.2,0
2021-06-15 09:51:50,35869.35,0
2021-06-15 09:51:51,35866.55,0
2021-06-15 09:51:52,35869.3,0
2021-06-15 09:51:54,35865.55,0
2021-06-15 09:51:56,35866.4,0
2021-06-15 09:51:57,35871.8,0
2021-06-15 09:51:58,35868.45,0
2021-06-15 09:51:59,35871.05,0
2021-06-15 09:52:00,35871.15,0
2021-06-15 09:52:01,35869.15,0
2021-06-15 09:52:03,35870.4,0
2021-06-15 09:52:04,35870.1,0
2021-06-15 09:52:05,35870.15,0
2021-06-15 09:52:07,35870.5,0
2021-06-15 09:52:08,35869.75,0
2021-06-15 09:52:09,35865.25,0
2021-06-15 09:52:10,35866.65,0
2021-06-15 09:52:11,35867.65,0
2021-06-15 09:52:12,35869.15,0
2021-06-15 09:52:13,35869.5,0
2021-06-15 09:52:14,35866.4,0
2021-06-15 09:52:15,35864.55,0
2021-06-15 09:52:17,35867.4,0
2021-06-15 09:52:18,35865.3,0
2021-06-15 09:52:19,35867.0,0
2021-06-15 09:52:20,35869.8,0
2021-06-15 09:52:21,35868.2,0
2021-06-15 09:52:22,35868.8,0
2021-06-15 09:52:23,35868.3,0
2021-06-15 09:52:25,35866.8,0
2021-06-15 09:52:26,35867.1,0
2021-06-15 09:52:27,35865.8,0
2021-06-15 09:52:28,35864.35,0
2021-06-15 09:52:30,35870.25,0
2021-06-15 09:52:31,35871.95,0
2021-06-15 09:52:32,35869.8,0
2021-06-15 09:52:33,35870.0,0
2021-06-15 09:52:34,35868.55,0
2021-06-15 09:52:35,35869.95,0
2021-06-15 09:52:37,35868.85,0
2021-06-15 09:52:38,35868.5,0
2021-06-15 09:52:39,35866.2,0
2021-06-15 09:52:40,35868.25,0
2021-06-15 09:52:41,35867.15,0
2021-06-15 09:52:42,35871.0,0
2021-06-15 09:52:43,35868.35,0
2021-06-15 09:52:45,35870.65,0
2021-06-15 09:52:46,35869.25,0
2021-06-15 09:52:47,35867.95,0
2021-06-15 09:52:48,35868.2,0
2021-06-15 09:52:49,35867.95,0
2021-06-15 09:52:50,35869.95,0
2021-06-15 09:52:51,35869.45,0
2021-06-15 09:52:52,35868.65,0
2021-06-15 09:52:53,35868.35,0
2021-06-15 09:52:54,35872.35,0
2021-06-15 09:52:55,35872.0,0
2021-06-15 09:52:56,35873.25,0
2021-06-15 09:52:57,35872.05,0
2021-06-15 09:52:59,35870.3,0
2021-06-15 09:53:00,35878.3,0
2021-06-15 09:53:01,35879.0,0
2021-06-15 09:53:02,35881.2,0
2021-06-15 09:53:03,35879.55,0
2021-06-15 09:53:04,35885.0,0
2021-06-15 09:53:06,35882.65,0
2021-06-15 09:53:07,35882.85,0
2021-06-15 09:53:09,35883.0,0
2021-06-15 09:53:10,35880.8,0
2021-06-15 09:53:12,35882.7,0
2021-06-15 09:53:13,35882.95,0
2021-06-15 09:53:14,35879.55,0
2021-06-15 09:53:16,35878.5,0
2021-06-15 09:53:17,35881.6,0
2021-06-15 09:53:18,35881.1,0
2021-06-15 09:53:19,35879.85,0
2021-06-15 09:53:20,35877.75,0
2021-06-15 09:53:21,35877.7,0
2021-06-15 09:53:22,35879.0,0
2021-06-15 09:53:23,35879.9,0
2021-06-15 09:53:24,35879.85,0
2021-06-15 09:53:25,35880.85,0
2021-06-15 09:53:26,35880.7,0
2021-06-15 09:53:27,35878.9,0
2021-06-15 09:53:28,35881.65,0
2021-06-15 09:53:29,35881.9,0
2021-06-15 09:53:30,35877.9,0
2021-06-15 09:53:31,35882.3,0
2021-06-15 09:53:32,35882.4,0
2021-06-15 09:53:34,35881.3,0
2021-06-15 09:53:35,35882.2,0
2021-06-15 09:53:36,35882.7,0
2021-06-15 09:53:37,35881.7,0
2021-06-15 09:53:38,35879.7,0
2021-06-15 09:53:39,35882.85,0
2021-06-15 09:53:40,35888.95,0
2021-06-15 09:53:41,35883.0,0
2021-06-15 09:53:42,35884.75,0
2021-06-15 09:53:43,35881.85,0
2021-06-15 09:53:44,35882.7,0
2021-06-15 09:53:47,35878.2,0
2021-06-15 09:53:49,35879.3,0
2021-06-15 09:53:51,35878.2,0
2021-06-15 09:53:52,35879.05,0
2021-06-15 09:53:53,35879.15,0
2021-06-15 09:53:54,35881.75,0
2021-06-15 09:53:55,35880.95,0
2021-06-15 09:53:56,35878.6,0
2021-06-15 09:53:57,35880.1,0
2021-06-15 09:53:58,35879.7,0
2021-06-15 09:53:59,35881.1,0
2021-06-15 09:54:00,35882.8,0
2021-06-15 09:54:01,35879.5,0
2021-06-15 09:54:02,35881.1,0
2021-06-15 09:54:03,35882.5,0
2021-06-15 09:54:04,35883.05,0
2021-06-15 09:54:05,35880.9,0
2021-06-15 09:54:06,35880.9,0
2021-06-15 09:54:09,35883.9,0
2021-06-15 09:54:10,35879.7,0
2021-06-15 09:54:12,35882.3,0
2021-06-15 09:54:13,35881.7,0
2021-06-15 09:54:14,35882.6,0
2021-06-15 09:54:15,35879.05,0
2021-06-15 09:54:16,35880.15,0
2021-06-15 09:54:17,35880.35,0
2021-06-15 09:54:18,35878.95,0
2021-06-15 09:54:19,35882.6,0
2021-06-15 09:54:20,35878.95,0
2021-06-15 09:54:21,35882.8,0
2021-06-15 09:54:22,35880.8,0
2021-06-15 09:54:23,35879.6,0
2021-06-15 09:54:24,35879.25,0
2021-06-15 09:54:25,35878.85,0
2021-06-15 09:54:26,35878.45,0
2021-06-15 09:54:27,35880.25,0
2021-06-15 09:54:28,35874.9,0
2021-06-15 09:54:29,35875.4,0
2021-06-15 09:54:30,35873.5,0
2021-06-15 09:54:31,35877.9,0
2021-06-15 09:54:32,35874.8,0
2021-06-15 09:54:34,35881.0,0
2021-06-15 09:54:35,35883.65,0
2021-06-15 09:54:37,35878.45,0
2021-06-15 09:54:38,35876.5,0
2021-06-15 09:54:39,35881.25,0
2021-06-15 09:54:40,35879.2,0
2021-06-15 09:54:41,35886.1,0
2021-06-15 09:54:42,35883.9,0
2021-06-15 09:54:43,35886.7,0
2021-06-15 09:54:45,35882.45,0
2021-06-15 09:54:46,35886.5,0
2021-06-15 09:54:47,35886.4,0
2021-06-15 09:54:48,35890.95,0
2021-06-15 09:54:49,35884.25,0
2021-06-15 09:54:50,35890.2,0
2021-06-15 09:54:51,35889.95,0
2021-06-15 09:54:53,35883.55,0
2021-06-15 09:54:54,35881.0,0
2021-06-15 09:54:55,35879.25,0
2021-06-15 09:54:56,35881.95,0
2021-06-15 09:54:58,35883.8,0
2021-06-15 09:55:00,35882.6,0
2021-06-15 09:55:01,35884.25,0
2021-06-15 09:55:02,35884.65,0
2021-06-15 09:55:04,35885.4,0
2021-06-15 09:55:05,35884.7,0
2021-06-15 09:55:06,35885.6,0
2021-06-15 09:55:07,35889.2,0
2021-06-15 09:55:08,35887.75,0
2021-06-15 09:55:10,35882.2,0
2021-06-15 09:55:11,35884.25,0
2021-06-15 09:55:12,35887.15,0
2021-06-15 09:55:13,35887.45,0
2021-06-15 09:55:14,35888.25,0
2021-06-15 09:55:15,35886.45,0
2021-06-15 09:55:16,35889.4,0
2021-06-15 09:55:17,35891.95,0
2021-06-15 09:55:19,35892.55,0
2021-06-15 09:55:20,35891.3,0
2021-06-15 09:55:22,35890.4,0
2021-06-15 09:55:25,35888.6,0
2021-06-15 09:55:26,35891.7,0
2021-06-15 09:55:28,35892.0,0
2021-06-15 09:55:31,35892.8,0
2021-06-15 09:55:33,35888.85,0
2021-06-15 09:55:34,35889.9,0
2021-06-15 09:55:37,35892.15,0
2021-06-15 09:55:38,35890.7,0
2021-06-15 09:55:39,35890.95,0
2021-06-15 09:55:41,35894.5,0
2021-06-15 09:55:42,35889.7,0
2021-06-15 09:55:43,35890.4,0
2021-06-15 09:55:44,35893.4,0
2021-06-15 09:55:45,35886.8,0
2021-06-15 09:55:46,35886.3,0
2021-06-15 09:55:47,35889.1,0
2021-06-15 09:55:48,35892.0,0
2021-06-15 09:55:49,35890.45,0
2021-06-15 09:55:50,35884.1,0
2021-06-15 09:55:51,35890.15,0
2021-06-15 09:55:52,35885.9,0
2021-06-15 09:55:53,35892.4,0
2021-06-15 09:55:54,35889.5,0
2021-06-15 09:55:55,35889.25,0
2021-06-15 09:55:56,35890.5,0
2021-06-15 09:55:57,35893.95,0
2021-06-15 09:55:58,35889.9,0
2021-06-15 09:55:59,35891.45,0
2021-06-15 09:56:00,35887.6,0
2021-06-15 09:56:01,35892.9,0
2021-06-15 09:56:02,35889.85,0
2021-06-15 09:56:03,35889.95,0
2021-06-15 09:56:04,35893.35,0
2021-06-15 09:56:05,35886.8,0
2021-06-15 09:56:06,35894.05,0
2021-06-15 09:56:07,35892.9,0
2021-06-15 09:56:08,35891.8,0
2021-06-15 09:56:09,35890.35,0
2021-06-15 09:56:10,35889.15,0
2021-06-15 09:56:11,35891.85,0
2021-06-15 09:56:12,35885.3,0
2021-06-15 09:56:13,35888.55,0
2021-06-15 09:56:14,35892.55,0
2021-06-15 09:56:15,35889.75,0
2021-06-15 09:56:16,35889.25,0
2021-06-15 09:56:17,35885.8,0
2021-06-15 09:56:18,35884.6,0
2021-06-15 09:56:19,35887.35,0
2021-06-15 09:56:20,35885.4,0
2021-06-15 09:56:21,35886.5,0
2021-06-15 09:56:22,35883.4,0
2021-06-15 09:56:23,35886.25,0
2021-06-15 09:56:24,35883.7,0
2021-06-15 09:56:25,35887.35,0
2021-06-15 09:56:26,35887.0,0
2021-06-15 09:56:27,35888.3,0
2021-06-15 09:56:28,35886.2,0
2021-06-15 09:56:29,35884.7,0
2021-06-15 09:56:31,35882.1,0
2021-06-15 09:56:32,35882.3,0
2021-06-15 09:56:33,35880.1,0
2021-06-15 09:56:34,35883.55,0
2021-06-15 09:56:35,35880.0,0
2021-06-15 09:56:36,35880.5,0
2021-06-15 09:56:37,35884.55,0
2021-06-15 09:56:38,35883.55,0
2021-06-15 09:56:39,35884.9,0
2021-06-15 09:56:41,35878.7,0
2021-06-15 09:56:42,35879.15,0
2021-06-15 09:56:43,35879.75,0
2021-06-15 09:56:44,35886.75,0
2021-06-15 09:56:45,35885.75,0
2021-06-15 09:56:46,35887.3,0
2021-06-15 09:56:47,35885.25,0
2021-06-15 09:56:48,35881.65,0
2021-06-15 09:56:49,35880.9,0
2021-06-15 09:56:50,35877.1,0
2021-06-15 09:56:51,35872.7,0
2021-06-15 09:56:52,35876.35,0
2021-06-15 09:56:53,35875.8,0
2021-06-15 09:56:54,35876.35,0
2021-06-15 09:56:55,35874.2,0
2021-06-15 09:56:57,35874.1,0
2021-06-15 09:56:58,35877.35,0
2021-06-15 09:56:59,35879.55,0
2021-06-15 09:57:00,35880.2,0
2021-06-15 09:57:01,35878.4,0
2021-06-15 09:57:02,35877.5,0
2021-06-15 09:57:03,35880.55,0
2021-06-15 09:57:04,35880.55,0
2021-06-15 09:57:06,35880.45,0
2021-06-15 09:57:07,35882.7,0
2021-06-15 09:57:08,35877.45,0
2021-06-15 09:57:09,35880.3,0
2021-06-15 09:57:10,35880.2,0
2021-06-15 09:57:11,35882.3,0
2021-06-15 09:57:12,35881.8,0
2021-06-15 09:57:13,35882.85,0
2021-06-15 09:57:14,35881.9,0
2021-06-15 09:57:15,35883.3,0
2021-06-15 09:57:17,35884.4,0
2021-06-15 09:57:18,35883.25,0
2021-06-15 09:57:20,35884.85,0
2021-06-15 09:57:21,35880.3,0
2021-06-15 09:57:23,35882.0,0
2021-06-15 09:57:24,35880.85,0
2021-06-15 09:57:25,35882.8,0
2021-06-15 09:57:26,35878.15,0
2021-06-15 09:57:27,35880.15,0
2021-06-15 09:57:28,35879.2,0
2021-06-15 09:57:29,35875.25,0
2021-06-15 09:57:30,35872.65,0
2021-06-15 09:57:31,35874.9,0
2021-06-15 09:57:33,35879.8,0
2021-06-15 09:57:34,35878.7,0
2021-06-15 09:57:35,35880.05,0
2021-06-15 09:57:36,35871.1,0
2021-06-15 09:57:37,35876.2,0
2021-06-15 09:57:38,35870.7,0
2021-06-15 09:57:39,35872.25,0
2021-06-15 09:57:40,35872.0,0
2021-06-15 09:57:41,35872.35,0
2021-06-15 09:57:42,35877.65,0
2021-06-15 09:57:43,35880.9,0
2021-06-15 09:57:44,35881.0,0
2021-06-15 09:57:45,35880.05,0
2021-06-15 09:57:46,35876.35,0
2021-06-15 09:57:47,35880.0,0
2021-06-15 09:57:48,35877.7,0
2021-06-15 09:57:49,35880.45,0
2021-06-15 09:57:50,35879.65,0
2021-06-15 09:57:51,35880.4,0
2021-06-15 09:57:52,35886.55,0
2021-06-15 09:57:55,35876.6,0
2021-06-15 09:57:56,35877.75,0
2021-06-15 09:57:59,35879.95,0
2021-06-15 09:58:00,35880.1,0
2021-06-15 09:58:02,35873.3,0
2021-06-15 09:58:03,35876.8,0
2021-06-15 09:58:04,35875.1,0
2021-06-15 09:58:05,35882.2,0
2021-06-15 09:58:07,35885.15,0
2021-06-15 09:58:09,35886.95,0
2021-06-15 09:58:10,35887.5,0
2021-06-15 09:58:11,35884.6,0
2021-06-15 09:58:12,35881.85,0
2021-06-15 09:58:14,35887.85,0
2021-06-15 09:58:15,35891.15,0
2021-06-15 09:58:16,35891.55,0
2021-06-15 09:58:17,35891.9,0
2021-06-15 09:58:18,35889.75,0
2021-06-15 09:58:19,35892.45,0
2021-06-15 09:58:20,35892.55,0
2021-06-15 09:58:22,35892.9,0
2021-06-15 09:58:23,35892.1,0
2021-06-15 09:58:24,35894.55,0
2021-06-15 09:58:25,35896.0,0
2021-06-15 09:58:26,35896.55,0
2021-06-15 09:58:27,35894.45,0
2021-06-15 09:58:28,35898.55,0
2021-06-15 09:58:29,35896.5,0
2021-06-15 09:58:30,35892.15,0
2021-06-15 09:58:32,35893.95,0
2021-06-15 09:58:33,35892.3,0
2021-06-15 09:58:34,35892.15,0
2021-06-15 09:58:35,35894.7,0
2021-06-15 09:58:36,35894.65,0
2021-06-15 09:58:37,35897.8,0
2021-06-15 09:58:38,35898.55,0
2021-06-15 09:58:39,35901.5,0
2021-06-15 09:58:40,35902.35,0
2021-06-15 09:58:41,35902.0,0
2021-06-15 09:58:43,35899.85,0
2021-06-15 09:58:44,35903.4,0
2021-06-15 09:58:45,35902.5,0
2021-06-15 09:58:46,35899.6,0
2021-06-15 09:58:47,35898.8,0
2021-06-15 09:58:48,35904.85,0
2021-06-15 09:58:49,35899.6,0
2021-06-15 09:58:50,35901.25,0
2021-06-15 09:58:51,35898.95,0
2021-06-15 09:58:52,35899.6,0
2021-06-15 09:58:53,35899.5,0
2021-06-15 09:58:54,35899.4,0
2021-06-15 09:58:55,35900.8,0
2021-06-15 09:58:56,35902.85,0
2021-06-15 09:58:57,35904.25,0
2021-06-15 09:58:58,35898.25,0
2021-06-15 09:58:59,35897.25,0
2021-06-15 09:59:01,35898.35,0
2021-06-15 09:59:02,35903.8,0
2021-06-15 09:59:04,35903.5,0
2021-06-15 09:59:07,35898.75,0
2021-06-15 09:59:08,35898.35,0
2021-06-15 09:59:09,35895.2,0
2021-06-15 09:59:10,35898.6,0
2021-06-15 09:59:11,35898.85,0
2021-06-15 09:59:13,35899.7,0
2021-06-15 09:59:14,35897.25,0
2021-06-15 09:59:15,35893.7,0
2021-06-15 09:59:17,35901.25,0
2021-06-15 09:59:18,35901.9,0
2021-06-15 09:59:19,35898.3,0
2021-06-15 09:59:20,35895.3,0
2021-06-15 09:59:21,35897.3,0
2021-06-15 09:59:22,35897.05,0
2021-06-15 09:59:23,35898.7,0
2021-06-15 09:59:24,35899.5,0
2021-06-15 09:59:25,35898.95,0
2021-06-15 09:59:26,35896.35,0
2021-06-15 09:59:27,35898.7,0
2021-06-15 09:59:28,35901.3,0
2021-06-15 09:59:29,35903.1,0
2021-06-15 09:59:30,35899.8,0
2021-06-15 09:59:31,35899.35,0
2021-06-15 09:59:32,35898.9,0
2021-06-15 09:59:33,35898.9,0
2021-06-15 09:59:34,35899.15,0
2021-06-15 09:59:35,35899.55,0
2021-06-15 09:59:36,35898.95,0
2021-06-15 09:59:37,35896.2,0
2021-06-15 09:59:40,35901.1,0
2021-06-15 09:59:41,35898.6,0
2021-06-15 09:59:43,35901.55,0
2021-06-15 09:59:44,35898.2,0
2021-06-15 09:59:45,35899.6,0
2021-06-15 09:59:46,35902.45,0
2021-06-15 09:59:47,35900.25,0
2021-06-15 09:59:49,35899.7,0
2021-06-15 09:59:50,35901.65,0
2021-06-15 09:59:51,35899.45,0
2021-06-15 09:59:52,35900.35,0
2021-06-15 09:59:53,35900.7,0
2021-06-15 09:59:54,35902.6,0
2021-06-15 09:59:55,35903.45,0
2021-06-15 09:59:56,35904.5,0
2021-06-15 09:59:57,35903.45,0
2021-06-15 09:59:58,35902.65,0
2021-06-15 09:59:59,35901.65,0
2021-06-15 10:00:00,35902.6,0
2021-06-15 10:00:01,35904.35,0
2021-06-15 10:00:03,35902.65,0
2021-06-15 10:00:04,35903.1,0
2021-06-15 10:00:07,35898.3,0
2021-06-15 10:00:08,35899.25,0
2021-06-15 10:00:09,35897.0,0
2021-06-15 10:00:13,35893.2,0
2021-06-15 10:00:14,35897.75,0
2021-06-15 10:00:15,35897.5,0
2021-06-15 10:00:16,35893.85,0
2021-06-15 10:00:17,35899.0,0
2021-06-15 10:00:18,35900.55,0
2021-06-15 10:00:19,35900.65,0
2021-06-15 10:00:20,35900.7,0
2021-06-15 10:00:22,35899.75,0
2021-06-15 10:00:23,35898.95,0
2021-06-15 10:00:24,35900.2,0
2021-06-15 10:00:25,35900.9,0
2021-06-15 10:00:26,35899.95,0
2021-06-15 10:00:27,35900.0,0
2021-06-15 10:00:28,35899.65,0
2021-06-15 10:00:29,35902.35,0
2021-06-15 10:00:30,35899.05,0
2021-06-15 10:00:31,35897.25,0
2021-06-15 10:00:32,35898.95,0
2021-06-15 10:00:33,35900.85,0
2021-06-15 10:00:34,35901.3,0
2021-06-15 10:00:35,35900.35,0
2021-06-15 10:00:36,35902.65,0
2021-06-15 10:00:37,35899.45,0
2021-06-15 10:00:38,35901.4,0
2021-06-15 10:00:39,35902.6,0
2021-06-15 10:00:40,35900.8,0
2021-06-15 10:00:41,35895.55,0
2021-06-15 10:00:43,35899.05,0
2021-06-15 10:00:45,35896.65,0
2021-06-15 10:00:46,35898.65,0
2021-06-15 10:00:47,35899.3,0
2021-06-15 10:00:48,35900.7,0
2021-06-15 10:00:49,35900.95,0
2021-06-15 10:00:50,35899.15,0
2021-06-15 10:00:51,35901.45,0
2021-06-15 10:00:52,35901.3,0
2021-06-15 10:00:53,35894.6,0
2021-06-15 10:00:54,35898.45,0
2021-06-15 10:00:55,35897.2,0
2021-06-15 10:00:56,35898.05,0
2021-06-15 10:00:57,35900.45,0
2021-06-15 10:00:58,35898.3,0
2021-06-15 10:01:00,35898.75,0
2021-06-15 10:01:01,35892.25,0
2021-06-15 10:01:02,35896.35,0
2021-06-15 10:01:03,35894.35,0
2021-06-15 10:01:05,35895.95,0
2021-06-15 10:01:06,35892.2,0
2021-06-15 10:01:08,35890.9,0
2021-06-15 10:01:09,35895.2,0
2021-06-15 10:01:10,35895.55,0
2021-06-15 10:01:11,35891.85,0
2021-06-15 10:01:14,35889.9,0
2021-06-15 10:01:15,35891.25,0
2021-06-15 10:01:16,35891.55,0
2021-06-15 10:01:18,35893.9,0
2021-06-15 10:01:19,35890.65,0
2021-06-15 10:01:20,35894.1,0
2021-06-15 10:01:21,35893.35,0
2021-06-15 10:01:22,35893.3,0
2021-06-15 10:01:23,35890.75,0
2021-06-15 10:01:24,35893.05,0
2021-06-15 10:01:26,35890.15,0
2021-06-15 10:01:27,35889.9,0
2021-06-15 10:01:30,35891.7,0
2021-06-15 10:01:31,35890.1,0
2021-06-15 10:01:32,35889.4,0
2021-06-15 10:01:33,35889.15,0
2021-06-15 10:01:34,35887.4,0
2021-06-15 10:01:36,35888.4,0
2021-06-15 10:01:37,35887.3,0
2021-06-15 10:01:38,35890.85,0
2021-06-15 10:01:39,35887.2,0
2021-06-15 10:01:40,35890.8,0
2021-06-15 10:01:42,35888.55,0
2021-06-15 10:01:43,35887.3,0
2021-06-15 10:01:44,35887.25,0
2021-06-15 10:01:46,35888.4,0
2021-06-15 10:01:48,35890.35,0
2021-06-15 10:01:49,35889.95,0
2021-06-15 10:01:51,35884.4,0
2021-06-15 10:01:52,35887.75,0
2021-06-15 10:01:53,35882.65,0
2021-06-15 10:01:54,35888.7,0
2021-06-15 10:01:56,35884.45,0
2021-06-15 10:01:57,35887.6,0
2021-06-15 10:01:58,35887.65,0
2021-06-15 10:01:59,35887.2,0
2021-06-15 10:02:00,35888.3,0
2021-06-15 10:02:01,35889.85,0
2021-06-15 10:02:02,35889.5,0
2021-06-15 10:02:03,35890.3,0
2021-06-15 10:02:04,35892.05,0
2021-06-15 10:02:05,35891.4,0
2021-06-15 10:02:06,35892.55,0
2021-06-15 10:02:07,35892.7,0
2021-06-15 10:02:08,35892.65,0
2021-06-15 10:02:09,35892.75,0
2021-06-15 10:02:10,35891.85,0
2021-06-15 10:02:11,35893.65,0
2021-06-15 10:02:12,35892.65,0
2021-06-15 10:02:13,35891.15,0
2021-06-15 10:02:14,35892.15,0
2021-06-15 10:02:15,35893.0,0
2021-06-15 10:02:16,35887.7,0
2021-06-15 10:02:17,35888.45,0
2021-06-15 10:02:18,35885.65,0
2021-06-15 10:02:19,35886.9,0
2021-06-15 10:02:20,35884.55,0
2021-06-15 10:02:22,35889.05,0
2021-06-15 10:02:24,35885.85,0
2021-06-15 10:02:25,35886.85,0
2021-06-15 10:02:27,35888.4,0
2021-06-15 10:02:28,35893.2,0
2021-06-15 10:02:29,35889.8,0
2021-06-15 10:02:30,35890.3,0
2021-06-15 10:02:32,35885.0,0
2021-06-15 10:02:33,35884.8,0
2021-06-15 10:02:34,35891.7,0
2021-06-15 10:02:35,35890.25,0
2021-06-15 10:02:36,35885.3,0
2021-06-15 10:02:37,35885.6,0
2021-06-15 10:02:39,35887.65,0
2021-06-15 10:02:40,35887.6,0
2021-06-15 10:02:41,35887.65,0
2021-06-15 10:02:42,35889.55,0
2021-06-15 10:02:43,35886.7,0
2021-06-15 10:02:44,35883.0,0
2021-06-15 10:02:46,35889.65,0
2021-06-15 10:02:47,35883.75,0
2021-06-15 10:02:48,35881.75,0
2021-06-15 10:02:49,35883.35,0
2021-06-15 10:02:50,35888.75,0
2021-06-15 10:02:51,35888.6,0
2021-06-15 10:02:52,35891.25,0
2021-06-15 10:02:53,35886.55,0
2021-06-15 10:02:54,35889.35,0
2021-06-15 10:02:56,35883.65,0
2021-06-15 10:02:57,35885.85,0
2021-06-15 10:02:59,35884.5,0
2021-06-15 10:03:00,35888.25,0
2021-06-15 10:03:01,35888.7,0
2021-06-15 10:03:02,35887.1,0
2021-06-15 10:03:03,35890.45,0
2021-06-15 10:03:04,35886.8,0
2021-06-15 10:03:06,35892.75,0
2021-06-15 10:03:07,35892.7,0
2021-06-15 10:03:08,35886.4,0
2021-06-15 10:03:09,35893.0,0
2021-06-15 10:03:10,35890.25,0
2021-06-15 10:03:11,35890.4,0
2021-06-15 10:03:13,35891.25,0
2021-06-15 10:03:14,35898.15,0
2021-06-15 10:03:15,35898.45,0
2021-06-15 10:03:16,35896.0,0
2021-06-15 10:03:17,35894.2,0
2021-06-15 10:03:18,35890.15,0
2021-06-15 10:03:19,35896.15,0
2021-06-15 10:03:21,35894.65,0
2021-06-15 10:03:22,35894.0,0
2021-06-15 10:03:23,35894.85,0
2021-06-15 10:03:24,35894.75,0
2021-06-15 10:03:25,35895.8,0
2021-06-15 10:03:26,35899.95,0
2021-06-15 10:03:27,35899.55,0
2021-06-15 10:03:28,35894.75,0
2021-06-15 10:03:29,35896.05,0
2021-06-15 10:03:31,35899.2,0
2021-06-15 10:03:34,35895.0,0
2021-06-15 10:03:35,35893.8,0
2021-06-15 10:03:36,35898.05,0
2021-06-15 10:03:38,35895.9,0
2021-06-15 10:03:39,35892.45,0
2021-06-15 10:03:40,35893.25,0
2021-06-15 10:03:41,35895.75,0
2021-06-15 10:03:43,35896.15,0
2021-06-15 10:03:44,35898.2,0
2021-06-15 10:03:45,35895.5,0
2021-06-15 10:03:46,35896.8,0
2021-06-15 10:03:47,35898.1,0
2021-06-15 10:03:48,35897.3,0
2021-06-15 10:03:49,35898.2,0
2021-06-15 10:03:50,35898.1,0
2021-06-15 10:03:51,35897.2,0
2021-06-15 10:03:52,35897.0,0
2021-06-15 10:03:53,35896.35,0
2021-06-15 10:03:54,35895.35,0
2021-06-15 10:03:55,35900.4,0
2021-06-15 10:03:56,35896.3,0
2021-06-15 10:03:57,35900.0,0
2021-06-15 10:03:58,35902.7,0
2021-06-15 10:03:59,35901.65,0
2021-06-15 10:04:00,35901.5,0
2021-06-15 10:04:01,35898.6,0
2021-06-15 10:04:02,35898.1,0
2021-06-15 10:04:03,35902.6,0
2021-06-15 10:04:04,35902.95,0
2021-06-15 10:04:05,35904.0,0
2021-06-15 10:04:06,35901.55,0
2021-06-15 10:04:07,35901.25,0
2021-06-15 10:04:08,35900.0,0
2021-06-15 10:04:09,35901.85,0
2021-06-15 10:04:10,35900.5,0
2021-06-15 10:04:12,35900.55,0
2021-06-15 10:04:13,35903.15,0
2021-06-15 10:04:14,35903.8,0
2021-06-15 10:04:16,35902.3,0
2021-06-15 10:04:17,35902.9,0
2021-06-15 10:04:19,35902.3,0
2021-06-15 10:04:22,35897.85,0
2021-06-15 10:04:23,35899.2,0
2021-06-15 10:04:26,35901.0,0
2021-06-15 10:04:27,35903.1,0
2021-06-15 10:04:29,35896.9,0
2021-06-15 10:04:30,35901.55,0
2021-06-15 10:04:31,35898.75,0
2021-06-15 10:04:32,35901.9,0
2021-06-15 10:04:33,35901.95,0
2021-06-15 10:04:34,35899.6,0
2021-06-15 10:04:35,35902.45,0
2021-06-15 10:04:36,35902.3,0
2021-06-15 10:04:37,35903.2,0
2021-06-15 10:04:42,35896.05,0
2021-06-15 10:04:43,35898.35,0
2021-06-15 10:04:44,35899.55,0
2021-06-15 10:04:46,35895.45,0
2021-06-15 10:04:47,35897.35,0
2021-06-15 10:04:48,35898.55,0
2021-06-15 10:04:49,35895.9,0
2021-06-15 10:04:51,35892.55,0
2021-06-15 10:04:52,35894.95,0
2021-06-15 10:04:53,35892.35,0
2021-06-15 10:04:54,35894.55,0
2021-06-15 10:04:55,35890.9,0
2021-06-15 10:04:56,35894.15,0
2021-06-15 10:04:57,35899.35,0
2021-06-15 10:04:58,35897.3,0
2021-06-15 10:04:59,35892.5,0
2021-06-15 10:05:00,35898.35,0
2021-06-15 10:05:01,35893.45,0
2021-06-15 10:05:02,35894.6,0
2021-06-15 10:05:03,35897.0,0
2021-06-15 10:05:04,35898.15,0
2021-06-15 10:05:05,35897.1,0
2021-06-15 10:05:06,35896.75,0
2021-06-15 10:05:07,35900.5,0
2021-06-15 10:05:09,35898.0,0
2021-06-15 10:05:10,35893.55,0
2021-06-15 10:05:11,35895.4,0
2021-06-15 10:05:12,35896.45,0
2021-06-15 10:05:13,35893.95,0
2021-06-15 10:05:15,35899.1,0
2021-06-15 10:05:16,35897.3,0
2021-06-15 10:05:17,35898.05,0
2021-06-15 10:05:18,35898.0,0
2021-06-15 10:05:19,35895.4,0
2021-06-15 10:05:20,35894.8,0
2021-06-15 10:05:21,35894.4,0
2021-06-15 10:05:22,35893.55,0
2021-06-15 10:05:23,35891.75,0
2021-06-15 10:05:24,35891.3,0
2021-06-15 10:05:25,35890.65,0
2021-06-15 10:05:26,35892.95,0
2021-06-15 10:05:27,35894.9,0
2021-06-15 10:05:29,35893.45,0
2021-06-15 10:05:30,35896.6,0
2021-06-15 10:05:32,35888.2,0
2021-06-15 10:05:33,35888.8,0
2021-06-15 10:05:34,35885.05,0
2021-06-15 10:05:36,35888.6,0
2021-06-15 10:05:37,35888.85,0
2021-06-15 10:05:38,35887.65,0
2021-06-15 10:05:39,35889.15,0
2021-06-15 10:05:40,35887.65,0
2021-06-15 10:05:41,35889.85,0
2021-06-15 10:05:42,35888.55,0
2021-06-15 10:05:43,35885.55,0
2021-06-15 10:05:44,35886.0,0
2021-06-15 10:05:45,35884.85,0
2021-06-15 10:05:46,35881.45,0
2021-06-15 10:05:47,35881.6,0
2021-06-15 10:05:48,35883.65,0
2021-06-15 10:05:49,35883.45,0
2021-06-15 10:05:50,35884.25,0
2021-06-15 10:05:52,35882.8,0
2021-06-15 10:05:53,35884.45,0
2021-06-15 10:05:54,35884.15,0
2021-06-15 10:05:55,35882.65,0
2021-06-15 10:05:56,35882.85,0
2021-06-15 10:05:57,35882.65,0
2021-06-15 10:05:58,35882.95,0
2021-06-15 10:05:59,35880.85,0
2021-06-15 10:06:00,35882.9,0
2021-06-15 10:06:01,35882.35,0
2021-06-15 10:06:03,35881.95,0
2021-06-15 10:06:04,35882.7,0
2021-06-15 10:06:06,35882.55,0
2021-06-15 10:06:07,35883.6,0
2021-06-15 10:06:08,35884.7,0
2021-06-15 10:06:09,35884.75,0
2021-06-15 10:06:10,35883.65,0
2021-06-15 10:06:11,35882.7,0
2021-06-15 10:06:12,35886.35,0
2021-06-15 10:06:13,35882.65,0
2021-06-15 10:06:14,35884.45,0
2021-06-15 10:06:15,35882.7,0
2021-06-15 10:06:16,35878.3,0
2021-06-15 10:06:17,35883.65,0
2021-06-15 10:06:18,35887.65,0
2021-06-15 10:06:19,35884.8,0
2021-06-15 10:06:21,35887.7,0
2021-06-15 10:06:22,35886.25,0
2021-06-15 10:06:23,35886.25,0
2021-06-15 10:06:24,35881.7,0
2021-06-15 10:06:26,35880.65,0
2021-06-15 10:06:27,35886.2,0
2021-06-15 10:06:28,35888.15,0
2021-06-15 10:06:29,35885.15,0
2021-06-15 10:06:30,35884.45,0
2021-06-15 10:06:32,35882.75,0
2021-06-15 10:06:34,35883.95,0
2021-06-15 10:06:36,35884.85,0
2021-06-15 10:06:37,35883.95,0
2021-06-15 10:06:38,35884.3,0
2021-06-15 10:06:40,35878.35,0
2021-06-15 10:06:41,35880.2,0
2021-06-15 10:06:42,35881.3,0
2021-06-15 10:06:43,35884.4,0
2021-06-15 10:06:44,35883.35,0
2021-06-15 10:06:45,35883.2,0
2021-06-15 10:06:46,35880.1,0
2021-06-15 10:06:47,35883.0,0
2021-06-15 10:06:48,35880.5,0
2021-06-15 10:06:49,35875.0,0
2021-06-15 10:06:50,35876.8,0
2021-06-15 10:06:51,35876.45,0
2021-06-15 10:06:52,35881.25,0
2021-06-15 10:06:53,35880.9,0
2021-06-15 10:06:54,35881.4,0
2021-06-15 10:06:55,35877.3,0
2021-06-15 10:06:56,35877.0,0
2021-06-15 10:06:57,35879.65,0
2021-06-15 10:06:58,35881.75,0
2021-06-15 10:06:59,35877.3,0
2021-06-15 10:07:00,35879.85,0
2021-06-15 10:07:01,35878.15,0
2021-06-15 10:07:03,35874.3,0
2021-06-15 10:07:04,35875.2,0
2021-06-15 10:07:05,35869.15,0
2021-06-15 10:07:06,35872.85,0
2021-06-15 10:07:07,35877.5,0
2021-06-15 10:07:08,35874.95,0
2021-06-15 10:07:09,35879.65,0
2021-06-15 10:07:10,35878.3,0
2021-06-15 10:07:11,35877.05,0
2021-06-15 10:07:12,35873.35,0
2021-06-15 10:07:13,35871.9,0
2021-06-15 10:07:14,35871.5,0
2021-06-15 10:07:15,35871.3,0
2021-06-15 10:07:16,35868.6,0
2021-06-15 10:07:17,35869.3,0
2021-06-15 10:07:18,35869.15,0
2021-06-15 10:07:19,35871.8,0
2021-06-15 10:07:20,35872.1,0
2021-06-15 10:07:21,35869.55,0
2021-06-15 10:07:22,35868.55,0
2021-06-15 10:07:23,35868.0,0
2021-06-15 10:07:24,35864.4,0
2021-06-15 10:07:25,35864.5,0
2021-06-15 10:07:26,35860.6,0
2021-06-15 10:07:27,35863.95,0
2021-06-15 10:07:28,35859.4,0
2021-06-15 10:07:29,35858.9,0
2021-06-15 10:07:31,35859.5,0
2021-06-15 10:07:32,35862.35,0
2021-06-15 10:07:33,35860.5,0
2021-06-15 10:07:34,35860.75,0
2021-06-15 10:07:35,35861.65,0
2021-06-15 10:07:37,35863.35,0
2021-06-15 10:07:38,35860.05,0
2021-06-15 10:07:39,35859.0,0
2021-06-15 10:07:40,35861.15,0
2021-06-15 10:07:41,35860.45,0
2021-06-15 10:07:42,35860.4,0
2021-06-15 10:07:44,35859.25,0
2021-06-15 10:07:45,35861.75,0
2021-06-15 10:07:46,35859.45,0
2021-06-15 10:07:47,35861.75,0
2021-06-15 10:07:48,35859.4,0
2021-06-15 10:07:49,35859.05,0
2021-06-15 10:07:50,35863.35,0
2021-06-15 10:07:51,35861.0,0
2021-06-15 10:07:52,35862.9,0
2021-06-15 10:07:53,35863.15,0
2021-06-15 10:07:54,35862.15,0
2021-06-15 10:07:55,35861.95,0
2021-06-15 10:07:56,35856.15,0
2021-06-15 10:07:57,35855.0,0
2021-06-15 10:07:58,35854.05,0
2021-06-15 10:07:59,35858.6,0
2021-06-15 10:08:00,35859.45,0
2021-06-15 10:08:01,35858.1,0
2021-06-15 10:08:03,35854.85,0
2021-06-15 10:08:04,35853.55,0
2021-06-15 10:08:05,35855.45,0
2021-06-15 10:08:06,35854.25,0
2021-06-15 10:08:07,35853.7,0
2021-06-15 10:08:08,35851.95,0
2021-06-15 10:08:09,35852.8,0
2021-06-15 10:08:10,35850.9,0
2021-06-15 10:08:11,35853.6,0
2021-06-15 10:08:12,35855.55,0
2021-06-15 10:08:13,35853.0,0
2021-06-15 10:08:14,35855.15,0
2021-06-15 10:08:15,35853.2,0
2021-06-15 10:08:16,35852.45,0
2021-06-15 10:08:17,35856.75,0
2021-06-15 10:08:18,35860.85,0
2021-06-15 10:08:19,35860.7,0
2021-06-15 10:08:20,35862.6,0
2021-06-15 10:08:21,35860.6,0
2021-06-15 10:08:22,35861.05,0
2021-06-15 10:08:23,35859.55,0
2021-06-15 10:08:24,35861.7,0
2021-06-15 10:08:25,35859.0,0
2021-06-15 10:08:26,35859.1,0
2021-06-15 10:08:27,35858.95,0
2021-06-15 10:08:28,35861.2,0
2021-06-15 10:08:29,35862.25,0
2021-06-15 10:08:30,35863.9,0
2021-06-15 10:08:31,35860.6,0
2021-06-15 10:08:32,35861.35,0
2021-06-15 10:08:33,35859.05,0
2021-06-15 10:08:34,35859.6,0
2021-06-15 10:08:35,35863.65,0
2021-06-15 10:08:36,35862.85,0
2021-06-15 10:08:37,35860.85,0
2021-06-15 10:08:38,35863.75,0
2021-06-15 10:08:40,35861.85,0
2021-06-15 10:08:41,35860.15,0
2021-06-15 10:08:42,35861.65,0
2021-06-15 10:08:43,35864.55,0
2021-06-15 10:08:44,35864.45,0
2021-06-15 10:08:45,35861.75,0
2021-06-15 10:08:47,35861.25,0
2021-06-15 10:08:48,35862.75,0
2021-06-15 10:08:49,35864.6,0
2021-06-15 10:08:51,35862.75,0
2021-06-15 10:08:52,35864.4,0
2021-06-15 10:08:54,35860.9,0
2021-06-15 10:08:56,35862.9,0
2021-06-15 10:08:57,35864.5,0
2021-06-15 10:08:58,35862.65,0
2021-06-15 10:09:00,35860.4,0
2021-06-15 10:09:01,35861.65,0
2021-06-15 10:09:02,35861.75,0
2021-06-15 10:09:03,35861.55,0
2021-06-15 10:09:04,35860.9,0
2021-06-15 10:09:05,35861.5,0
2021-06-15 10:09:06,35858.75,0
2021-06-15 10:09:07,35859.7,0
2021-06-15 10:09:08,35861.1,0
2021-06-15 10:09:09,35862.4,0
2021-06-15 10:09:11,35859.5,0
2021-06-15 10:09:12,35860.35,0
2021-06-15 10:09:13,35860.55,0
2021-06-15 10:09:14,35861.2,0
2021-06-15 10:09:15,35858.8,0
2021-06-15 10:09:16,35859.85,0
2021-06-15 10:09:17,35861.0,0
2021-06-15 10:09:18,35861.7,0
2021-06-15 10:09:19,35862.85,0
2021-06-15 10:09:20,35860.85,0
2021-06-15 10:09:21,35862.55,0
2021-06-15 10:09:22,35863.55,0
2021-06-15 10:09:23,35863.1,0
2021-06-15 10:09:24,35863.05,0
2021-06-15 10:09:26,35864.05,0
2021-06-15 10:09:28,35863.0,0
2021-06-15 10:09:29,35862.65,0
2021-06-15 10:09:30,35863.1,0
2021-06-15 10:09:31,35862.1,0
2021-06-15 10:09:33,35860.85,0
2021-06-15 10:09:34,35862.65,0
2021-06-15 10:09:35,35864.4,0
2021-06-15 10:09:36,35863.0,0
2021-06-15 10:09:37,35862.3,0
2021-06-15 10:09:38,35863.55,0
2021-06-15 10:09:39,35863.85,0
2021-06-15 10:09:40,35866.15,0
2021-06-15 10:09:41,35865.6,0
2021-06-15 10:09:42,35863.25,0
2021-06-15 10:09:43,35865.9,0
2021-06-15 10:09:44,35868.0,0
2021-06-15 10:09:45,35865.6,0
2021-06-15 10:09:46,35863.3,0
2021-06-15 10:09:47,35863.1,0
2021-06-15 10:09:49,35868.15,0
2021-06-15 10:09:50,35866.0,0
2021-06-15 10:09:51,35864.55,0
2021-06-15 10:09:52,35862.95,0
2021-06-15 10:09:54,35866.2,0
2021-06-15 10:09:55,35864.7,0
2021-06-15 10:09:56,35867.6,0
2021-06-15 10:09:57,35867.2,0
2021-06-15 10:09:58,35864.85,0
2021-06-15 10:09:59,35867.45,0
2021-06-15 10:10:00,35867.35,0
2021-06-15 10:10:01,35863.8,0
2021-06-15 10:10:02,35865.2,0
2021-06-15 10:10:04,35867.15,0
2021-06-15 10:10:05,35865.6,0
2021-06-15 10:10:06,35863.3,0
2021-06-15 10:10:07,35866.45,0
2021-06-15 10:10:09,35863.9,0
2021-06-15 10:10:10,35866.15,0
2021-06-15 10:10:12,35866.35,0
2021-06-15 10:10:13,35864.6,0
2021-06-15 10:10:14,35868.65,0
2021-06-15 10:10:15,35868.35,0
2021-06-15 10:10:16,35863.25,0
2021-06-15 10:10:17,35866.35,0
2021-06-15 10:10:18,35864.75,0
2021-06-15 10:10:19,35864.35,0
2021-06-15 10:10:20,35860.5,0
2021-06-15 10:10:21,35862.2,0
2021-06-15 10:10:22,35863.1,0
2021-06-15 10:10:23,35863.5,0
2021-06-15 10:10:24,35856.6,0
2021-06-15 10:10:25,35855.15,0
2021-06-15 10:10:26,35856.5,0
2021-06-15 10:10:27,35862.25,0
2021-06-15 10:10:28,35857.65,0
2021-06-15 10:10:29,35861.85,0
2021-06-15 10:10:30,35866.9,0
2021-06-15 10:10:31,35866.75,0
2021-06-15 10:10:33,35861.9,0
2021-06-15 10:10:34,35859.45,0
2021-06-15 10:10:35,35860.65,0
2021-06-15 10:10:36,35864.8,0
2021-06-15 10:10:37,35863.6,0
2021-06-15 10:10:38,35864.25,0
2021-06-15 10:10:39,35862.0,0
2021-06-15 10:10:40,35864.7,0
2021-06-15 10:10:41,35861.8,0
2021-06-15 10:10:42,35862.25,0
2021-06-15 10:10:43,35862.7,0
2021-06-15 10:10:44,35863.55,0
2021-06-15 10:10:45,35865.7,0
2021-06-15 10:10:47,35866.8,0
2021-06-15 10:10:48,35866.6,0
2021-06-15 10:10:49,35864.95,0
2021-06-15 10:10:50,35865.75,0
2021-06-15 10:10:51,35868.85,0
2021-06-15 10:10:52,35868.0,0
2021-06-15 10:10:54,35866.95,0
2021-06-15 10:10:56,35864.7,0
2021-06-15 10:10:58,35867.15,0
2021-06-15 10:11:01,35865.9,0
2021-06-15 10:11:02,35867.0,0
2021-06-15 10:11:03,35868.5,0
2021-06-15 10:11:04,35869.75,0
2021-06-15 10:11:05,35868.85,0
2021-06-15 10:11:06,35872.25,0
2021-06-15 10:11:07,35870.65,0
2021-06-15 10:11:08,35869.6,0
2021-06-15 10:11:09,35870.65,0
2021-06-15 10:11:10,35868.0,0
2021-06-15 10:11:12,35868.8,0
2021-06-15 10:11:14,35871.35,0
2021-06-15 10:11:15,35868.7,0
2021-06-15 10:11:16,35871.8,0
2021-06-15 10:11:17,35873.05,0
2021-06-15 10:11:20,35872.5,0
2021-06-15 10:11:22,35872.15,0
2021-06-15 10:11:23,35870.8,0
2021-06-15 10:11:24,35873.8,0
2021-06-15 10:11:26,35879.4,0
2021-06-15 10:11:27,35880.25,0
2021-06-15 10:11:28,35880.85,0
2021-06-15 10:11:29,35880.55,0
2021-06-15 10:11:30,35880.4,0
2021-06-15 10:11:33,35880.05,0
2021-06-15 10:11:34,35880.35,0
2021-06-15 10:11:36,35879.6,0
2021-06-15 10:11:37,35881.5,0
2021-06-15 10:11:38,35880.8,0
2021-06-15 10:11:39,35881.0,0
2021-06-15 10:11:40,35881.8,0
2021-06-15 10:11:41,35881.45,0
2021-06-15 10:11:42,35883.3,0
2021-06-15 10:11:43,35883.45,0
2021-06-15 10:11:44,35880.1,0
2021-06-15 10:11:45,35879.85,0
2021-06-15 10:11:46,35883.25,0
2021-06-15 10:11:47,35885.0,0
2021-06-15 10:11:48,35882.6,0
2021-06-15 10:11:49,35883.95,0
2021-06-15 10:11:50,35883.35,0
2021-06-15 10:11:51,35881.3,0
2021-06-15 10:11:52,35877.7,0
2021-06-15 10:11:53,35878.8,0
2021-06-15 10:11:54,35879.9,0
2021-06-15 10:11:55,35879.95,0
2021-06-15 10:11:56,35876.9,0
2021-06-15 10:11:57,35880.85,0
2021-06-15 10:11:58,35878.95,0
2021-06-15 10:11:59,35879.25,0
2021-06-15 10:12:00,35880.65,0
2021-06-15 10:12:01,35880.4,0
2021-06-15 10:12:02,35877.6,0
2021-06-15 10:12:04,35874.9,0
2021-06-15 10:12:05,35874.7,0
2021-06-15 10:12:06,35875.75,0
2021-06-15 10:12:07,35876.2,0
2021-06-15 10:12:08,35879.5,0
2021-06-15 10:12:10,35878.45,0
2021-06-15 10:12:11,35879.35,0
2021-06-15 10:12:12,35878.3,0
2021-06-15 10:12:13,35879.0,0
2021-06-15 10:12:15,35876.9,0
2021-06-15 10:12:16,35874.95,0
2021-06-15 10:12:17,35878.9,0
2021-06-15 10:12:18,35878.5,0
2021-06-15 10:12:20,35877.8,0
2021-06-15 10:12:21,35881.35,0
2021-06-15 10:12:22,35880.6,0
2021-06-15 10:12:23,35879.3,0
2021-06-15 10:12:24,35880.95,0
2021-06-15 10:12:25,35881.85,0
2021-06-15 10:12:26,35879.75,0
2021-06-15 10:12:27,35879.1,0
2021-06-15 10:12:28,35881.1,0
2021-06-15 10:12:29,35878.75,0
2021-06-15 10:12:30,35880.95,0
2021-06-15 10:12:31,35877.1,0
2021-06-15 10:12:32,35882.3,0
2021-06-15 10:12:33,35877.9,0
2021-06-15 10:12:34,35881.1,0
2021-06-15 10:12:36,35878.8,0
2021-06-15 10:12:37,35881.1,0
2021-06-15 10:12:39,35880.9,0
2021-06-15 10:12:40,35880.55,0
2021-06-15 10:12:41,35880.65,0
2021-06-15 10:12:43,35878.55,0
2021-06-15 10:12:44,35878.7,0
2021-06-15 10:12:45,35876.1,0
2021-06-15 10:12:46,35875.05,0
2021-06-15 10:12:47,35873.3,0
2021-06-15 10:12:48,35874.15,0
2021-06-15 10:12:49,35871.4,0
2021-06-15 10:12:50,35871.55,0
2021-06-15 10:12:52,35875.5,0
2021-06-15 10:12:53,35876.0,0
2021-06-15 10:12:55,35875.5,0
2021-06-15 10:12:56,35875.2,0
2021-06-15 10:12:57,35876.5,0
2021-06-15 10:13:00,35876.45,0
2021-06-15 10:13:01,35871.0,0
2021-06-15 10:13:02,35871.9,0
2021-06-15 10:13:05,35874.8,0
2021-06-15 10:13:06,35871.35,0
2021-06-15 10:13:07,35872.25,0
2021-06-15 10:13:08,35873.45,0
2021-06-15 10:13:09,35871.1,0
2021-06-15 10:13:10,35868.2,0
2021-06-15 10:13:11,35867.45,0
2021-06-15 10:13:12,35869.95,0
2021-06-15 10:13:13,35868.75,0
2021-06-15 10:13:14,35869.65,0
2021-06-15 10:13:15,35870.1,0
2021-06-15 10:13:16,35868.1,0
2021-06-15 10:13:17,35870.55,0
2021-06-15 10:13:18,35869.75,0
2021-06-15 10:13:19,35870.35,0
2021-06-15 10:13:20,35873.05,0
2021-06-15 10:13:21,35871.35,0
2021-06-15 10:13:22,35871.55,0
2021-06-15 10:13:23,35872.5,0
2021-06-15 10:13:24,35872.55,0
2021-06-15 10:13:25,35872.5,0
2021-06-15 10:13:26,35871.95,0
2021-06-15 10:13:27,35872.6,0
2021-06-15 10:13:28,35871.85,0
2021-06-15 10:13:30,35875.6,0
2021-06-15 10:13:32,35872.7,0
2021-06-15 10:13:33,35865.0,0
2021-06-15 10:13:34,35869.0,0
2021-06-15 10:13:35,35868.65,0
2021-06-15 10:13:36,35867.65,0
2021-06-15 10:13:38,35866.8,0
2021-06-15 10:13:39,35867.5,0
2021-06-15 10:13:40,35868.3,0
2021-06-15 10:13:41,35868.6,0
2021-06-15 10:13:42,35869.5,0
2021-06-15 10:13:43,35869.75,0
2021-06-15 10:13:44,35868.7,0
2021-06-15 10:13:46,35867.7,0
2021-06-15 10:13:47,35866.35,0
2021-06-15 10:13:48,35869.05,0
2021-06-15 10:13:50,35870.65,0
2021-06-15 10:13:51,35870.75,0
2021-06-15 10:13:52,35868.35,0
2021-06-15 10:13:53,35871.3,0
2021-06-15 10:13:54,35867.15,0
2021-06-15 10:13:55,35868.75,0
2021-06-15 10:13:56,35866.8,0
2021-06-15 10:13:57,35860.4,0
2021-06-15 10:13:58,35860.4,0
2021-06-15 10:13:59,35867.05,0
2021-06-15 10:14:01,35866.3,0
2021-06-15 10:14:02,35862.9,0
2021-06-15 10:14:03,35864.15,0
2021-06-15 10:14:04,35865.45,0
2021-06-15 10:14:05,35863.6,0
2021-06-15 10:14:06,35866.2,0
2021-06-15 10:14:08,35864.6,0
2021-06-15 10:14:09,35864.85,0
2021-06-15 10:14:11,35860.25,0
2021-06-15 10:14:12,35865.6,0
2021-06-15 10:14:13,35862.8,0
2021-06-15 10:14:14,35859.9,0
2021-06-15 10:14:15,35861.4,0
2021-06-15 10:14:16,35858.85,0
2021-06-15 10:14:17,35863.9,0
2021-06-15 10:14:18,35865.15,0
2021-06-15 10:14:20,35864.95,0
2021-06-15 10:14:21,35864.1,0
2021-06-15 10:14:22,35867.2,0
2021-06-15 10:14:23,35866.6,0
2021-06-15 10:14:24,35866.55,0
2021-06-15 10:14:25,35866.95,0
2021-06-15 10:14:27,35866.6,0
2021-06-15 10:14:30,35866.75,0
2021-06-15 10:14:31,35866.5,0
2021-06-15 10:14:32,35865.5,0
2021-06-15 10:14:33,35863.5,0
2021-06-15 10:14:34,35862.75,0
2021-06-15 10:14:35,35862.8,0
2021-06-15 10:14:36,35863.85,0
2021-06-15 10:14:37,35860.35,0
2021-06-15 10:14:38,35863.25,0
2021-06-15 10:14:39,35864.05,0
2021-06-15 10:14:40,35864.15,0
2021-06-15 10:14:41,35861.3,0
2021-06-15 10:14:42,35861.35,0
2021-06-15 10:14:43,35864.15,0
2021-06-15 10:14:44,35862.0,0
2021-06-15 10:14:45,35862.95,0
2021-06-15 10:14:46,35863.9,0
2021-06-15 10:14:47,35865.25,0
2021-06-15 10:14:48,35862.4,0
2021-06-15 10:14:49,35864.3,0
2021-06-15 10:14:50,35864.65,0
2021-06-15 10:14:51,35864.2,0
2021-06-15 10:14:52,35862.4,0
2021-06-15 10:14:54,35862.2,0
2021-06-15 10:14:55,35861.95,0
2021-06-15 10:14:56,35866.2,0
2021-06-15 10:14:57,35868.85,0
2021-06-15 10:14:58,35865.95,0
2021-06-15 10:15:00,35866.95,0
2021-06-15 10:15:01,35867.35,0
2021-06-15 10:15:02,35860.6,0
2021-06-15 10:15:04,35859.8,0
2021-06-15 10:15:05,35861.75,0
2021-06-15 10:15:06,35862.2,0
2021-06-15 10:15:08,35863.65,0
2021-06-15 10:15:09,35863.7,0
2021-06-15 10:15:11,35860.0,0
2021-06-15 10:15:12,35860.75,0
2021-06-15 10:15:13,35860.65,0
2021-06-15 10:15:14,35861.35,0
2021-06-15 10:15:15,35863.05,0
2021-06-15 10:15:16,35859.85,0
2021-06-15 10:15:17,35863.05,0
2021-06-15 10:15:18,35860.55,0
2021-06-15 10:15:19,35862.85,0
2021-06-15 10:15:20,35859.3,0
2021-06-15 10:15:21,35858.9,0
2021-06-15 10:15:22,35863.8,0
2021-06-15 10:15:23,35862.35,0
2021-06-15 10:15:24,35861.85,0
2021-06-15 10:15:25,35861.95,0
2021-06-15 10:15:26,35863.1,0
2021-06-15 10:15:27,35865.3,0
2021-06-15 10:15:28,35863.7,0
2021-06-15 10:15:29,35865.65,0
2021-06-15 10:15:30,35865.35,0
2021-06-15 10:15:31,35865.0,0
2021-06-15 10:15:32,35861.4,0
2021-06-15 10:15:33,35864.85,0
2021-06-15 10:15:34,35866.45,0
2021-06-15 10:15:35,35866.05,0
2021-06-15 10:15:36,35866.8,0
2021-06-15 10:15:37,35868.45,0
2021-06-15 10:15:38,35863.0,0
2021-06-15 10:15:39,35863.15,0
2021-06-15 10:15:40,35863.1,0
2021-06-15 10:15:41,35865.7,0
2021-06-15 10:15:42,35863.65,0
2021-06-15 10:15:43,35868.1,0
2021-06-15 10:15:44,35867.9,0
2021-06-15 10:15:45,35868.85,0
2021-06-15 10:15:46,35867.45,0
2021-06-15 10:15:47,35870.0,0
2021-06-15 10:15:48,35870.05,0
2021-06-15 10:15:49,35871.35,0
2021-06-15 10:15:50,35874.25,0
2021-06-15 10:15:51,35874.05,0
2021-06-15 10:15:52,35868.6,0
2021-06-15 10:15:54,35870.4,0
2021-06-15 10:15:55,35875.7,0
2021-06-15 10:15:56,35875.5,0
2021-06-15 10:15:57,35877.1,0
2021-06-15 10:15:58,35873.95,0
2021-06-15 10:16:00,35874.05,0
2021-06-15 10:16:01,35873.9,0
2021-06-15 10:16:02,35874.9,0
2021-06-15 10:16:04,35872.65,0
2021-06-15 10:16:05,35870.85,0
2021-06-15 10:16:06,35872.15,0
2021-06-15 10:16:07,35874.5,0
2021-06-15 10:16:08,35875.85,0
2021-06-15 10:16:09,35872.9,0
2021-06-15 10:16:10,35871.4,0
2021-06-15 10:16:11,35873.3,0
2021-06-15 10:16:12,35871.2,0
2021-06-15 10:16:13,35871.05,0
2021-06-15 10:16:14,35871.4,0
2021-06-15 10:16:15,35871.75,0
2021-06-15 10:16:16,35871.95,0
2021-06-15 10:16:17,35872.05,0
2021-06-15 10:16:18,35872.95,0
2021-06-15 10:16:19,35872.5,0
2021-06-15 10:16:20,35873.45,0
2021-06-15 10:16:22,35869.7,0
2021-06-15 10:16:23,35877.0,0
2021-06-15 10:16:24,35876.1,0
2021-06-15 10:16:25,35877.75,0
2021-06-15 10:16:27,35876.0,0
2021-06-15 10:16:28,35876.5,0
2021-06-15 10:16:29,35876.05,0
2021-06-15 10:16:30,35876.35,0
2021-06-15 10:16:31,35872.1,0
2021-06-15 10:16:32,35870.8,0
2021-06-15 10:16:33,35876.15,0
2021-06-15 10:16:34,35876.8,0
2021-06-15 10:16:35,35877.0,0
2021-06-15 10:16:37,35875.2,0
2021-06-15 10:16:38,35876.95,0
2021-06-15 10:16:39,35873.6,0
2021-06-15 10:16:41,35876.05,0
2021-06-15 10:16:42,35875.05,0
2021-06-15 10:16:43,35873.3,0
2021-06-15 10:16:44,35874.6,0
2021-06-15 10:16:45,35874.55,0
2021-06-15 10:16:46,35875.0,0
2021-06-15 10:16:47,35873.0,0
2021-06-15 10:16:48,35873.15,0
2021-06-15 10:16:49,35872.65,0
2021-06-15 10:16:50,35874.45,0
2021-06-15 10:16:51,35871.7,0
2021-06-15 10:16:53,35873.1,0
2021-06-15 10:16:54,35874.45,0
2021-06-15 10:16:55,35874.95,0
2021-06-15 10:16:56,35876.1,0
2021-06-15 10:16:58,35876.75,0
2021-06-15 10:17:00,35876.8,0
2021-06-15 10:17:01,35877.6,0
2021-06-15 10:17:02,35873.35,0
2021-06-15 10:17:04,35873.6,0
2021-06-15 10:17:05,35877.2,0
2021-06-15 10:17:06,35880.15,0
2021-06-15 10:17:08,35878.4,0
2021-06-15 10:17:09,35879.95,0
2021-06-15 10:17:10,35879.15,0
2021-06-15 10:17:11,35879.75,0
2021-06-15 10:17:12,35880.4,0
2021-06-15 10:17:13,35880.75,0
2021-06-15 10:17:14,35879.55,0
2021-06-15 10:17:15,35881.6,0
2021-06-15 10:17:16,35880.8,0
2021-06-15 10:17:17,35881.0,0
2021-06-15 10:17:19,35881.15,0
2021-06-15 10:17:20,35879.6,0
2021-06-15 10:17:22,35876.2,0
2021-06-15 10:17:23,35880.1,0
2021-06-15 10:17:24,35880.55,0
2021-06-15 10:17:25,35880.1,0
2021-06-15 10:17:26,35881.5,0
2021-06-15 10:17:27,35883.55,0
2021-06-15 10:17:28,35883.45,0
2021-06-15 10:17:29,35881.55,0
2021-06-15 10:17:30,35881.4,0
2021-06-15 10:17:31,35879.8,0
2021-06-15 10:17:32,35880.35,0
2021-06-15 10:17:33,35880.65,0
2021-06-15 10:17:34,35880.3,0
2021-06-15 10:17:35,35880.85,0
2021-06-15 10:17:36,35879.55,0
2021-06-15 10:17:37,35880.6,0
2021-06-15 10:17:38,35879.7,0
2021-06-15 10:17:39,35881.65,0
2021-06-15 10:17:40,35883.0,0
2021-06-15 10:17:41,35883.1,0
2021-06-15 10:17:42,35880.65,0
2021-06-15 10:17:43,35882.6,0
2021-06-15 10:17:44,35883.35,0
2021-06-15 10:17:45,35882.25,0
2021-06-15 10:17:46,35883.45,0
2021-06-15 10:17:47,35883.1,0
2021-06-15 10:17:48,35881.3,0
2021-06-15 10:17:49,35885.05,0
2021-06-15 10:17:50,35883.25,0
2021-06-15 10:17:51,35879.8,0
2021-06-15 10:17:52,35880.3,0
2021-06-15 10:17:53,35880.35,0
2021-06-15 10:17:54,35883.0,0
2021-06-15 10:17:55,35879.55,0
2021-06-15 10:17:56,35878.15,0
2021-06-15 10:17:57,35882.8,0
2021-06-15 10:17:58,35879.95,0
2021-06-15 10:17:59,35880.15,0
2021-06-15 10:18:01,35880.85,0
2021-06-15 10:18:02,35879.9,0
2021-06-15 10:18:03,35880.3,0
2021-06-15 10:18:04,35879.8,0
2021-06-15 10:18:05,35879.45,0
2021-06-15 10:18:06,35881.45,0
2021-06-15 10:18:07,35881.5,0
2021-06-15 10:18:08,35876.8,0
2021-06-15 10:18:09,35879.8,0
2021-06-15 10:18:10,35881.2,0
2021-06-15 10:18:12,35876.95,0
2021-06-15 10:18:13,35879.9,0
2021-06-15 10:18:14,35881.7,0
2021-06-15 10:18:15,35878.85,0
2021-06-15 10:18:16,35879.2,0
2021-06-15 10:18:18,35880.3,0
2021-06-15 10:18:19,35877.75,0
2021-06-15 10:18:20,35878.0,0
2021-06-15 10:18:21,35876.65,0
2021-06-15 10:18:22,35878.35,0
2021-06-15 10:18:23,35876.3,0
2021-06-15 10:18:24,35879.2,0
2021-06-15 10:18:25,35879.15,0
2021-06-15 10:18:26,35875.85,0
2021-06-15 10:18:27,35876.9,0
2021-06-15 10:18:28,35878.45,0
2021-06-15 10:18:29,35877.95,0
2021-06-15 10:18:30,35879.65,0
2021-06-15 10:18:31,35878.5,0
2021-06-15 10:18:32,35880.8,0
2021-06-15 10:18:33,35883.3,0
2021-06-15 10:18:34,35883.65,0
2021-06-15 10:18:35,35882.4,0
2021-06-15 10:18:36,35884.3,0
2021-06-15 10:18:37,35882.3,0
2021-06-15 10:18:38,35882.5,0
2021-06-15 10:18:39,35884.7,0
2021-06-15 10:18:40,35884.85,0
2021-06-15 10:18:41,35884.8,0
2021-06-15 10:18:42,35885.0,0
2021-06-15 10:18:43,35884.8,0
2021-06-15 10:18:44,35886.15,0
2021-06-15 10:18:45,35881.6,0
2021-06-15 10:18:46,35881.25,0
2021-06-15 10:18:47,35887.05,0
2021-06-15 10:18:49,35887.7,0
2021-06-15 10:18:50,35888.2,0
2021-06-15 10:18:51,35888.1,0
2021-06-15 10:18:52,35884.85,0
2021-06-15 10:18:53,35888.05,0
2021-06-15 10:18:54,35888.4,0
2021-06-15 10:18:57,35887.35,0
2021-06-15 10:18:58,35889.05,0
2021-06-15 10:18:59,35888.05,0
2021-06-15 10:19:00,35884.25,0
2021-06-15 10:19:01,35886.25,0
2021-06-15 10:19:02,35881.5,0
2021-06-15 10:19:03,35889.3,0
2021-06-15 10:19:04,35889.9,0
2021-06-15 10:19:05,35887.25,0
2021-06-15 10:19:06,35890.75,0
2021-06-15 10:19:07,35886.3,0
2021-06-15 10:19:08,35888.95,0
2021-06-15 10:19:09,35887.3,0
2021-06-15 10:19:10,35887.25,0
2021-06-15 10:19:11,35887.5,0
2021-06-15 10:19:12,35887.7,0
2021-06-15 10:19:14,35883.65,0
2021-06-15 10:19:15,35882.05,0
2021-06-15 10:19:16,35881.15,0
2021-06-15 10:19:17,35882.95,0
2021-06-15 10:19:18,35882.5,0
2021-06-15 10:19:19,35883.1,0
2021-06-15 10:19:20,35880.85,0
2021-06-15 10:19:21,35880.7,0
2021-06-15 10:19:22,35880.55,0
2021-06-15 10:19:23,35878.5,0
2021-06-15 10:19:26,35880.55,0
2021-06-15 10:19:27,35880.3,0
2021-06-15 10:19:28,35879.9,0
2021-06-15 10:19:29,35879.85,0
2021-06-15 10:19:30,35880.5,0
2021-06-15 10:19:32,35879.9,0
2021-06-15 10:19:33,35879.0,0
2021-06-15 10:19:34,35881.85,0
2021-06-15 10:19:35,35878.65,0
2021-06-15 10:19:36,35878.55,0
2021-06-15 10:19:37,35879.7,0
2021-06-15 10:19:38,35876.85,0
2021-06-15 10:19:39,35877.1,0
2021-06-15 10:19:40,35877.55,0
2021-06-15 10:19:41,35876.95,0
2021-06-15 10:19:43,35878.7,0
2021-06-15 10:19:44,35879.35,0
2021-06-15 10:19:45,35875.8,0
2021-06-15 10:19:46,35876.35,0
2021-06-15 10:19:47,35875.75,0
2021-06-15 10:19:48,35876.65,0
2021-06-15 10:19:49,35877.55,0
2021-06-15 10:19:51,35874.55,0
2021-06-15 10:19:52,35876.4,0
2021-06-15 10:19:53,35876.15,0
2021-06-15 10:19:54,35878.6,0
2021-06-15 10:19:55,35877.45,0
2021-06-15 10:19:56,35877.5,0
2021-06-15 10:19:57,35878.25,0
2021-06-15 10:19:58,35875.45,0
2021-06-15 10:20:00,35879.35,0
2021-06-15 10:20:01,35877.05,0
2021-06-15 10:20:02,35877.2,0
2021-06-15 10:20:03,35877.6,0
2021-06-15 10:20:04,35876.75,0
2021-06-15 10:20:05,35876.45,0
2021-06-15 10:20:06,35874.8,0
2021-06-15 10:20:07,35878.8,0
2021-06-15 10:20:09,35878.25,0
2021-06-15 10:20:10,35878.5,0
2021-06-15 10:20:11,35876.55,0
2021-06-15 10:20:12,35878.65,0
2021-06-15 10:20:14,35878.15,0
2021-06-15 10:20:15,35879.5,0
2021-06-15 10:20:16,35877.6,0
2021-06-15 10:20:17,35878.8,0
2021-06-15 10:20:18,35878.75,0
2021-06-15 10:20:19,35876.55,0
2021-06-15 10:20:20,35878.0,0
2021-06-15 10:20:21,35877.55,0
2021-06-15 10:20:22,35873.6,0
2021-06-15 10:20:23,35873.8,0
2021-06-15 10:20:24,35876.7,0
2021-06-15 10:20:25,35875.95,0
2021-06-15 10:20:26,35877.4,0
2021-06-15 10:20:27,35874.85,0
2021-06-15 10:20:28,35875.3,0
2021-06-15 10:20:29,35877.95,0
2021-06-15 10:20:30,35875.85,0
2021-06-15 10:20:31,35877.85,0
2021-06-15 10:20:32,35878.6,0
2021-06-15 10:20:33,35875.15,0
2021-06-15 10:20:34,35878.05,0
2021-06-15 10:20:35,35878.5,0
2021-06-15 10:20:36,35875.7,0
2021-06-15 10:20:37,35876.8,0
2021-06-15 10:20:38,35878.7,0
