timestamp,ltp,volume
2021-06-15 09:15:39,16638.65,0
2021-06-15 09:15:42,16637.45,0
2021-06-15 09:15:43,16640.05,0
2021-06-15 09:15:46,16639.75,0
2021-06-15 09:15:53,16640.2,0
2021-06-15 09:15:54,16642.4,0
2021-06-15 09:15:56,16644.65,0
2021-06-15 09:15:57,16644.65,0
2021-06-15 09:15:59,16646.7,0
2021-06-15 09:16:01,16650.85,0
2021-06-15 09:16:05,16650.4,0
2021-06-15 09:16:08,16649.65,0
2021-06-15 09:16:09,16650.5,0
2021-06-15 09:16:22,16644.7,0
2021-06-15 09:16:24,16641.35,0
2021-06-15 09:16:29,16631.75,0
2021-06-15 09:16:32,16635.55,0
2021-06-15 09:16:35,16638.6,0
2021-06-15 09:16:37,16639.65,0
2021-06-15 09:16:43,16641.8,0
2021-06-15 09:16:51,16642.05,0
2021-06-15 09:16:54,16640.3,0
2021-06-15 09:16:59,16645.8,0
2021-06-15 09:17:02,16645.75,0
2021-06-15 09:17:09,16649.0,0
2021-06-15 09:17:15,16646.7,0
2021-06-15 09:17:22,16641.7,0
2021-06-15 09:17:37,16646.75,0
2021-06-15 09:17:40,16645.9,0
2021-06-15 09:17:42,16650.5,0
2021-06-15 09:17:48,16647.75,0
2021-06-15 09:18:04,16646.7,0
2021-06-15 09:18:05,16646.65,0
2021-06-15 09:18:07,16645.85,0
2021-06-15 09:18:08,16647.1,0
2021-06-15 09:18:09,16648.55,0
2021-06-15 09:18:13,16650.65,0
2021-06-15 09:18:16,16649.75,0
2021-06-15 09:18:19,16652.5,0
2021-06-15 09:18:28,16650.85,0
2021-06-15 09:18:32,16650.8,0
2021-06-15 09:18:34,16649.2,0
2021-06-15 09:18:43,16646.5,0
2021-06-15 09:18:44,16649.15,0
2021-06-15 09:18:45,16647.3,0
2021-06-15 09:18:48,16640.0,0
2021-06-15 09:19:00,16648.75,0
2021-06-15 09:19:03,16646.3,0
2021-06-15 09:19:26,16649.9,0
2021-06-15 09:19:47,16650.6,0
2021-06-15 09:19:49,16654.4,0
2021-06-15 09:19:59,16652.1,0
2021-06-15 09:20:05,16651.4,0
2021-06-15 09:20:06,16649.55,0
2021-06-15 09:20:10,16654.3,0
2021-06-15 09:20:24,16657.95,0
2021-06-15 09:20:29,16658.15,0
2021-06-15 09:20:32,16654.05,0
2021-06-15 09:20:33,16655.1,0
2021-06-15 09:20:39,16657.3,0
2021-06-15 09:20:41,16659.95,0
2021-06-15 09:20:57,16652.65,0
2021-06-15 09:20:59,16653.35,0
2021-06-15 09:21:02,16652.1,0
2021-06-15 09:21:04,16652.15,0
2021-06-15 09:21:11,16650.6,0
2021-06-15 09:21:12,16647.3,0
2021-06-15 09:21:18,16642.6,0
2021-06-15 09:21:19,16642.85,0
2021-06-15 09:21:21,16642.8,0
2021-06-15 09:21:24,16642.45,0
2021-06-15 09:21:25,16640.1,0
2021-06-15 09:21:26,16643.05,0
2021-06-15 09:21:27,16642.35,0
2021-06-15 09:21:30,16646.15,0
2021-06-15 09:21:31,16647.05,0
2021-06-15 09:21:35,16649.05,0
2021-06-15 09:21:47,16649.0,0
2021-06-15 09:21:49,16650.4,0
2021-06-15 09:21:51,16648.1,0
2021-06-15 09:21:59,16651.75,0
2021-06-15 09:22:07,16652.05,0
2021-06-15 09:22:08,16653.1,0
2021-06-15 09:22:09,16653.35,0
2021-06-15 09:22:10,16649.9,0
2021-06-15 09:22:18,16653.35,0
2021-06-15 09:22:21,16652.9,0
2021-06-15 09:22:27,16651.35,0
2021-06-15 09:22:33,16652.6,0
2021-06-15 09:22:37,16653.05,0
2021-06-15 09:22:46,16652.2,0
2021-06-15 09:22:47,16652.5,0
2021-06-15 09:22:48,16652.25,0
2021-06-15 09:22:49,16651.2,0
2021-06-15 09:22:56,16650.6,0
2021-06-15 09:22:59,16650.35,0
2021-06-15 09:23:03,16649.45,0
2021-06-15 09:23:07,16650.4,0
2021-06-15 09:23:11,16652.1,0
2021-06-15 09:23:17,16651.6,0
2021-06-15 09:23:23,16649.2,0
2021-06-15 09:23:26,16648.45,0
2021-06-15 09:23:30,16647.45,0
2021-06-15 09:23:31,16647.7,0
2021-06-15 09:23:34,16646.95,0
2021-06-15 09:23:37,16646.6,0
2021-06-15 09:23:41,16646.5,0
2021-06-15 09:23:42,16646.4,0
2021-06-15 09:23:44,16646.9,0
2021-06-15 09:23:48,16649.6,0
2021-06-15 09:23:53,16647.95,0
2021-06-15 09:23:57,16650.6,0
2021-06-15 09:24:06,16651.55,0
2021-06-15 09:24:17,16644.8,0
2021-06-15 09:24:18,16646.5,0
2021-06-15 09:24:23,16645.65,0
2021-06-15 09:24:24,16646.4,0
2021-06-15 09:24:25,16646.75,0
2021-06-15 09:24:35,16647.55,0
2021-06-15 09:24:37,16649.05,0
2021-06-15 09:24:42,16647.4,0
2021-06-15 09:24:50,16649.0,0
2021-06-15 09:24:56,16648.3,0
2021-06-15 09:25:02,16648.95,0
2021-06-15 09:25:03,16647.95,0
2021-06-15 09:25:04,16648.45,0
2021-06-15 09:25:06,16649.6,0
2021-06-15 09:25:11,16644.35,0
2021-06-15 09:25:16,16642.2,0
2021-06-15 09:25:18,16643.75,0
2021-06-15 09:25:24,16643.55,0
2021-06-15 09:25:29,16642.1,0
2021-06-15 09:25:34,16642.3,0
2021-06-15 09:25:40,16646.05,0
2021-06-15 09:25:41,16646.2,0
2021-06-15 09:25:44,16646.0,0
2021-06-15 09:25:51,16646.4,0
2021-06-15 09:26:03,16644.8,0
2021-06-15 09:26:08,16645.85,0
2021-06-15 09:26:11,16647.2,0
2021-06-15 09:26:14,16647.0,0
2021-06-15 09:26:16,16647.0,0
2021-06-15 09:26:17,16648.7,0
2021-06-15 09:26:22,16655.3,0
2021-06-15 09:26:24,16654.3,0
2021-06-15 09:26:30,16657.6,0
2021-06-15 09:26:32,16659.05,0
2021-06-15 09:26:33,16659.1,0
2021-06-15 09:26:48,16663.5,0
2021-06-15 09:26:50,16661.8,0
2021-06-15 09:26:52,16663.25,0
2021-06-15 09:26:53,16661.25,0
2021-06-15 09:27:04,16663.65,0
2021-06-15 09:27:09,16665.5,0
2021-06-15 09:27:10,16666.4,0
2021-06-15 09:27:13,16670.2,0
2021-06-15 09:27:16,16668.8,0
2021-06-15 09:27:18,16668.45,0
2021-06-15 09:27:20,16667.85,0
2021-06-15 09:27:22,16667.9,0
2021-06-15 09:27:25,16668.9,0
2021-06-15 09:27:30,16666.6,0
2021-06-15 09:27:32,16667.95,0
2021-06-15 09:27:33,16668.9,0
2021-06-15 09:27:37,16667.75,0
2021-06-15 09:27:38,16667.3,0
2021-06-15 09:27:40,16669.45,0
2021-06-15 09:27:42,16670.45,0
2021-06-15 09:27:43,16669.3,0
2021-06-15 09:27:46,16670.65,0
2021-06-15 09:27:47,16670.35,0
2021-06-15 09:27:48,16670.85,0
2021-06-15 09:27:58,16671.55,0
2021-06-15 09:27:59,16668.3,0
2021-06-15 09:28:00,16668.75,0
2021-06-15 09:28:02,16670.25,0
2021-06-15 09:28:06,16669.15,0
2021-06-15 09:28:11,16673.2,0
2021-06-15 09:28:17,16674.55,0
2021-06-15 09:28:19,16675.35,0
2021-06-15 09:28:22,16673.8,0
2021-06-15 09:28:25,16672.3,0
2021-06-15 09:28:36,16674.3,0
2021-06-15 09:28:37,16673.15,0
2021-06-15 09:28:39,16673.8,0
2021-06-15 09:28:46,16674.6,0
2021-06-15 09:28:52,16672.0,0
2021-06-15 09:28:53,16673.0,0
2021-06-15 09:28:56,16671.9,0
2021-06-15 09:28:58,16672.25,0
2021-06-15 09:29:02,16672.1,0
2021-06-15 09:29:05,16672.25,0
2021-06-15 09:29:08,16673.05,0
2021-06-15 09:29:16,16674.8,0
2021-06-15 09:29:17,16675.9,0
2021-06-15 09:29:19,16676.4,0
2021-06-15 09:29:22,16676.3,0
2021-06-15 09:29:28,16679.9,0
2021-06-15 09:29:29,16681.25,0
2021-06-15 09:29:40,16685.1,0
2021-06-15 09:29:41,16684.1,0
2021-06-15 09:29:44,16683.6,0
2021-06-15 09:29:51,16684.95,0
2021-06-15 09:29:56,16685.15,0
2021-06-15 09:30:03,16687.7,0
2021-06-15 09:30:07,16687.05,0
2021-06-15 09:30:20,16688.25,0
2021-06-15 09:30:26,16688.3,0
2021-06-15 09:30:28,16689.1,0
2021-06-15 09:30:31,16689.75,0
2021-06-15 09:30:36,16691.5,0
2021-06-15 09:30:41,16690.4,0
2021-06-15 09:30:48,16690.35,0
2021-06-15 09:30:53,16690.6,0
2021-06-15 09:30:54,16690.3,0
2021-06-15 09:31:05,16691.25,0
2021-06-15 09:31:08,16690.1,0
2021-06-15 09:31:10,16693.05,0
2021-06-15 09:31:19,16687.4,0
2021-06-15 09:31:21,16687.6,0
2021-06-15 09:31:23,16687.4,0
2021-06-15 09:31:24,16687.0,0
2021-06-15 09:31:25,16687.95,0
2021-06-15 09:31:32,16683.9,0
2021-06-15 09:31:33,16682.65,0
2021-06-15 09:31:34,16682.55,0
2021-06-15 09:31:35,16684.05,0
2021-06-15 09:31:36,16680.75,0
2021-06-15 09:31:37,16681.3,0
2021-06-15 09:31:39,16683.65,0
2021-06-15 09:31:41,16681.0,0
2021-06-15 09:31:44,16680.35,0
2021-06-15 09:31:52,16680.8,0
2021-06-15 09:31:57,16681.1,0
2021-06-15 09:32:02,16681.2,0
2021-06-15 09:32:06,16682.8,0
2021-06-15 09:32:10,16681.95,0
2021-06-15 09:32:22,16684.55,0
2021-06-15 09:32:31,16683.4,0
2021-06-15 09:32:36,16684.25,0
2021-06-15 09:32:44,16683.8,0
2021-06-15 09:32:45,16683.95,0
2021-06-15 09:32:53,16675.35,0
2021-06-15 09:32:54,16675.55,0
2021-06-15 09:32:58,16675.05,0
2021-06-15 09:33:09,16682.5,0
2021-06-15 09:33:10,16684.3,0
2021-06-15 09:33:18,16688.75,0
2021-06-15 09:33:20,16689.4,0
2021-06-15 09:33:23,16690.35,0
2021-06-15 09:33:26,16690.05,0
2021-06-15 09:33:28,16687.85,0
2021-06-15 09:33:31,16690.2,0
2021-06-15 09:33:39,16690.0,0
2021-06-15 09:33:46,16691.0,0
2021-06-15 09:33:48,16692.95,0
2021-06-15 09:33:49,16690.55,0
2021-06-15 09:33:56,16693.7,0
2021-06-15 09:34:03,16692.65,0
2021-06-15 09:34:04,16692.95,0
2021-06-15 09:34:05,16692.75,0
2021-06-15 09:34:06,16691.9,0
2021-06-15 09:34:14,16693.3,0
2021-06-15 09:34:16,16690.3,0
2021-06-15 09:34:23,16689.5,0
2021-06-15 09:34:24,16688.45,0
2021-06-15 09:34:25,16688.55,0
2021-06-15 09:34:36,16685.7,0
2021-06-15 09:34:40,16686.3,0
2021-06-15 09:34:43,16684.5,0
2021-06-15 09:34:44,16685.1,0
2021-06-15 09:34:46,16683.45,0
2021-06-15 09:34:49,16679.15,0
2021-06-15 09:34:52,16679.0,0
2021-06-15 09:34:54,16678.15,0
2021-06-15 09:34:55,16678.75,0
2021-06-15 09:35:04,16672.6,0
2021-06-15 09:35:08,16670.05,0
2021-06-15 09:35:11,16669.85,0
2021-06-15 09:35:16,16664.95,0
2021-06-15 09:35:17,16668.0,0
2021-06-15 09:35:21,16670.4,0
2021-06-15 09:35:26,16672.4,0
2021-06-15 09:35:28,16670.25,0
2021-06-15 09:35:30,16670.75,0
2021-06-15 09:35:37,16676.25,0
2021-06-15 09:35:38,16676.0,0
2021-06-15 09:35:43,16675.65,0
2021-06-15 09:36:00,16667.35,0
2021-06-15 09:36:04,16669.05,0
2021-06-15 09:36:08,16667.35,0
2021-06-15 09:36:10,16666.15,0
2021-06-15 09:36:16,16663.95,0
2021-06-15 09:36:17,16663.75,0
2021-06-15 09:36:25,16666.35,0
2021-06-15 09:36:30,16665.2,0
2021-06-15 09:36:32,16664.5,0
2021-06-15 09:36:33,16665.15,0
2021-06-15 09:36:34,16666.7,0
2021-06-15 09:36:36,16661.4,0
2021-06-15 09:36:40,16663.65,0
2021-06-15 09:36:41,16661.35,0
2021-06-15 09:36:50,16661.65,0
2021-06-15 09:36:58,16662.85,0
2021-06-15 09:37:00,16661.7,0
2021-06-15 09:37:05,16657.35,0
2021-06-15 09:37:06,16657.5,0
2021-06-15 09:37:09,16658.45,0
2021-06-15 09:37:19,16660.65,0
2021-06-15 09:37:24,16666.25,0
2021-06-15 09:37:25,16666.0,0
2021-06-15 09:37:27,16667.5,0
2021-06-15 09:37:35,16668.8,0
2021-06-15 09:37:40,16672.15,0
2021-06-15 09:37:42,16672.95,0
2021-06-15 09:37:43,16672.35,0
2021-06-15 09:37:56,16667.05,0
2021-06-15 09:37:57,16669.0,0
2021-06-15 09:38:02,16671.1,0
2021-06-15 09:38:06,16669.15,0
2021-06-15 09:38:07,16669.7,0
2021-06-15 09:38:13,16670.1,0
2021-06-15 09:38:15,16669.95,0
2021-06-15 09:38:16,16670.5,0
2021-06-15 09:38:24,16673.25,0
2021-06-15 09:38:25,16672.8,0
2021-06-15 09:38:30,16669.45,0
2021-06-15 09:38:46,16672.55,0
2021-06-15 09:38:48,16672.4,0
2021-06-15 09:38:51,16671.3,0
2021-06-15 09:38:55,16672.65,0
2021-06-15 09:38:58,16672.75,0
2021-06-15 09:38:59,16672.9,0
2021-06-15 09:39:05,16672.9,0
2021-06-15 09:39:07,16673.4,0
2021-06-15 09:39:08,16673.15,0
2021-06-15 09:39:09,16674.1,0
2021-06-15 09:39:10,16673.6,0
2021-06-15 09:39:14,16675.95,0
2021-06-15 09:39:19,16675.75,0
2021-06-15 09:39:22,16675.85,0
2021-06-15 09:39:29,16677.1,0
2021-06-15 09:39:31,16676.3,0
2021-06-15 09:39:36,16672.5,0
2021-06-15 09:39:40,16674.2,0
2021-06-15 09:39:42,16671.45,0
2021-06-15 09:39:45,16667.3,0
2021-06-15 09:39:50,16670.2,0
2021-06-15 09:39:51,16670.65,0
2021-06-15 09:39:58,16674.25,0
2021-06-15 09:39:59,16672.85,0
2021-06-15 09:40:07,16670.8,0
2021-06-15 09:40:11,16671.6,0
2021-06-15 09:40:12,16670.2,0
2021-06-15 09:40:13,16671.45,0
2021-06-15 09:40:21,16669.2,0
2021-06-15 09:40:23,16668.5,0
2021-06-15 09:40:25,16668.15,0
2021-06-15 09:40:26,16667.25,0
2021-06-15 09:40:27,16665.25,0
2021-06-15 09:40:38,16665.9,0
2021-06-15 09:40:43,16663.95,0
2021-06-15 09:40:47,16666.15,0
2021-06-15 09:40:48,16664.65,0
2021-06-15 09:40:51,16667.55,0
2021-06-15 09:40:55,16666.4,0
2021-06-15 09:40:57,16665.05,0
2021-06-15 09:41:02,16658.55,0
2021-06-15 09:41:07,16660.8,0
2021-06-15 09:41:10,16660.9,0
2021-06-15 09:41:15,16660.45,0
2021-06-15 09:41:16,16662.15,0
2021-06-15 09:41:26,16662.6,0
2021-06-15 09:41:32,16665.1,0
2021-06-15 09:41:33,16664.35,0
2021-06-15 09:41:36,16664.3,0
2021-06-15 09:41:37,16665.65,0
2021-06-15 09:41:38,16665.95,0
2021-06-15 09:41:42,16663.75,0
2021-06-15 09:41:45,16666.1,0
2021-06-15 09:41:46,16664.8,0
2021-06-15 09:41:55,16668.45,0
2021-06-15 09:42:02,16666.2,0
2021-06-15 09:42:03,16666.1,0
2021-06-15 09:42:04,16666.65,0
2021-06-15 09:42:06,16666.0,0
2021-06-15 09:42:07,16665.95,0
2021-06-15 09:42:14,16666.1,0
2021-06-15 09:42:21,16666.95,0
2021-06-15 09:42:22,16667.95,0
2021-06-15 09:42:28,16669.6,0
2021-06-15 09:42:40,16669.1,0
2021-06-15 09:43:03,16671.9,0
2021-06-15 09:43:04,16672.6,0
2021-06-15 09:43:07,16670.7,0
2021-06-15 09:43:16,16673.9,0
2021-06-15 09:43:19,16675.65,0
2021-06-15 09:43:25,16677.25,0
2021-06-15 09:43:28,16679.2,0
2021-06-15 09:43:40,16680.65,0
2021-06-15 09:43:41,16681.5,0
2021-06-15 09:43:45,16680.6,0
2021-06-15 09:43:47,16679.15,0
2021-06-15 09:43:54,16675.95,0
2021-06-15 09:43:59,16679.05,0
2021-06-15 09:44:00,16678.6,0
2021-06-15 09:44:08,16677.8,0
2021-06-15 09:44:11,16678.45,0
2021-06-15 09:44:14,16679.75,0
2021-06-15 09:44:32,16682.7,0
2021-06-15 09:44:36,16683.55,0
2021-06-15 09:44:42,16683.95,0
2021-06-15 09:44:44,16683.25,0
2021-06-15 09:44:45,16683.0,0
2021-06-15 09:44:50,16684.1,0
2021-06-15 09:44:51,16686.4,0
2021-06-15 09:44:53,16685.3,0
2021-06-15 09:44:54,16685.5,0
2021-06-15 09:44:56,16683.85,0
2021-06-15 09:44:57,16684.55,0
2021-06-15 09:44:59,16684.55,0
2021-06-15 09:45:06,16684.65,0
2021-06-15 09:45:10,16685.45,0
2021-06-15 09:45:11,16684.9,0
2021-06-15 09:45:13,16685.4,0
2021-06-15 09:45:31,16679.15,0
2021-06-15 09:45:37,16681.65,0
2021-06-15 09:45:38,16682.05,0
2021-06-15 09:45:41,16682.55,0
2021-06-15 09:45:45,16682.35,0
2021-06-15 09:45:47,16683.15,0
2021-06-15 09:45:48,16682.15,0
2021-06-15 09:45:49,16683.35,0
2021-06-15 09:45:54,16682.45,0
2021-06-15 09:46:08,16684.3,0
2021-06-15 09:46:14,16684.65,0
2021-06-15 09:46:18,16682.15,0
2021-06-15 09:46:24,16682.15,0
2021-06-15 09:46:28,16681.25,0
2021-06-15 09:46:35,16679.85,0
2021-06-15 09:46:39,16679.55,0
2021-06-15 09:46:40,16679.75,0
2021-06-15 09:46:48,16679.35,0
2021-06-15 09:46:51,16681.95,0
2021-06-15 09:46:53,16681.25,0
2021-06-15 09:46:55,16681.4,0
2021-06-15 09:46:56,16678.05,0
2021-06-15 09:47:09,16675.5,0
2021-06-15 09:47:11,16677.25,0
2021-06-15 09:47:16,16676.55,0
2021-06-15 09:47:21,16675.25,0
2021-06-15 09:47:25,16675.95,0
2021-06-15 09:47:27,16676.7,0
2021-06-15 09:47:32,16677.15,0
2021-06-15 09:47:33,16678.4,0
2021-06-15 09:47:36,16678.65,0
2021-06-15 09:47:38,16678.9,0
2021-06-15 09:47:43,16679.0,0
2021-06-15 09:47:55,16678.4,0
2021-06-15 09:47:57,16679.65,0
2021-06-15 09:47:58,16680.1,0
2021-06-15 09:48:00,16679.3,0
2021-06-15 09:48:08,16682.45,0
2021-06-15 09:48:10,16682.35,0
2021-06-15 09:48:15,16681.7,0
2021-06-15 09:48:16,16681.4,0
2021-06-15 09:48:17,16680.6,0
2021-06-15 09:48:22,16681.15,0
2021-06-15 09:48:24,16682.8,0
2021-06-15 09:48:28,16683.15,0
2021-06-15 09:48:36,16683.75,0
2021-06-15 09:48:40,16684.25,0
2021-06-15 09:48:45,16683.5,0
2021-06-15 09:48:50,16682.6,0
2021-06-15 09:48:51,16681.8,0
2021-06-15 09:48:52,16682.3,0
2021-06-15 09:49:00,16679.1,0
2021-06-15 09:49:01,16680.05,0
2021-06-15 09:49:05,16679.9,0
2021-06-15 09:49:06,16680.1,0
2021-06-15 09:49:09,16677.8,0
2021-06-15 09:49:13,16679.55,0
2021-06-15 09:49:14,16679.8,0
2021-06-15 09:49:29,16682.2,0
2021-06-15 09:49:36,16680.95,0
2021-06-15 09:49:39,16681.1,0
2021-06-15 09:49:40,16683.3,0
2021-06-15 09:49:47,16682.6,0
2021-06-15 09:49:48,16682.6,0
2021-06-15 09:49:49,16681.9,0
2021-06-15 09:49:50,16682.35,0
2021-06-15 09:49:54,16680.25,0
2021-06-15 09:49:55,16682.3,0
2021-06-15 09:49:57,16682.35,0
2021-06-15 09:49:59,16682.1,0
2021-06-15 09:50:00,16682.75,0
2021-06-15 09:50:01,16680.5,0
2021-06-15 09:50:05,16679.9,0
2021-06-15 09:50:06,16681.15,0
2021-06-15 09:50:22,16678.4,0
2021-06-15 09:50:25,16678.35,0
2021-06-15 09:50:26,16678.15,0
2021-06-15 09:50:27,16677.1,0
2021-06-15 09:50:28,16677.2,0
2021-06-15 09:50:32,16676.8,0
2021-06-15 09:50:34,16680.45,0
2021-06-15 09:50:36,16679.4,0
2021-06-15 09:50:40,16678.8,0
2021-06-15 09:50:47,16677.85,0
2021-06-15 09:50:49,16678.9,0
2021-06-15 09:50:54,16679.45,0
2021-06-15 09:50:57,16676.25,0
2021-06-15 09:51:00,16679.65,0
2021-06-15 09:51:02,16678.7,0
2021-06-15 09:51:05,16679.75,0
2021-06-15 09:51:07,16678.55,0
2021-06-15 09:51:09,16679.75,0
2021-06-15 09:51:10,16679.1,0
2021-06-15 09:51:11,16678.3,0
2021-06-15 09:51:13,16679.75,0
2021-06-15 09:51:20,16679.2,0
2021-06-15 09:51:21,16679.45,0
2021-06-15 09:51:31,16677.55,0
2021-06-15 09:51:34,16677.6,0
2021-06-15 09:51:43,16673.85,0
2021-06-15 09:51:53,16675.4,0
2021-06-15 09:51:55,16675.45,0
2021-06-15 09:52:02,16675.75,0
2021-06-15 09:52:04,16675.2,0
2021-06-15 09:52:12,16676.65,0
2021-06-15 09:52:13,16676.65,0
2021-06-15 09:52:14,16675.7,0
2021-06-15 09:52:23,16678.35,0
2021-06-15 09:52:24,16678.0,0
2021-06-15 09:52:30,16679.2,0
2021-06-15 09:52:33,16678.75,0
2021-06-15 09:52:39,16682.25,0
2021-06-15 09:52:41,16683.2,0
2021-06-15 09:52:44,16683.15,0
2021-06-15 09:52:48,16683.7,0
2021-06-15 09:52:56,16683.9,0
2021-06-15 09:53:04,16682.8,0
2021-06-15 09:53:06,16684.55,0
2021-06-15 09:53:08,16686.05,0
2021-06-15 09:53:12,16687.95,0
2021-06-15 09:53:17,16687.3,0
2021-06-15 09:53:18,16687.8,0
2021-06-15 09:53:25,16690.1,0
2021-06-15 09:53:26,16690.45,0
2021-06-15 09:53:31,16691.15,0
2021-06-15 09:53:37,16692.65,0
2021-06-15 09:53:38,16692.3,0
2021-06-15 09:53:59,16693.2,0
2021-06-15 09:54:00,16693.0,0
2021-06-15 09:54:01,16692.6,0
2021-06-15 09:54:04,16692.65,0
2021-06-15 09:54:06,16693.1,0
2021-06-15 09:54:10,16691.9,0
2021-06-15 09:54:24,16693.3,0
2021-06-15 09:54:27,16694.05,0
2021-06-15 09:54:29,16692.55,0
2021-06-15 09:54:32,16690.25,0
2021-06-15 09:54:37,16687.3,0
2021-06-15 09:54:39,16687.2,0
2021-06-15 09:54:40,16688.8,0
2021-06-15 09:54:47,16688.65,0
2021-06-15 09:54:48,16688.25,0
2021-06-15 09:54:53,16686.9,0
2021-06-15 09:54:54,16688.85,0
2021-06-15 09:54:55,16687.45,0
2021-06-15 09:54:57,16687.75,0
2021-06-15 09:55:07,16687.0,0
2021-06-15 09:55:08,16688.95,0
2021-06-15 09:55:10,16689.2,0
2021-06-15 09:55:13,16688.7,0
2021-06-15 09:55:14,16689.3,0
2021-06-15 09:55:15,16688.6,0
2021-06-15 09:55:26,16688.8,0
2021-06-15 09:55:28,16692.4,0
2021-06-15 09:55:31,16690.5,0
2021-06-15 09:55:32,16690.6,0
2021-06-15 09:55:46,16690.65,0
2021-06-15 09:55:49,16690.75,0
2021-06-15 09:55:50,16690.6,0
2021-06-15 09:55:54,16691.3,0
2021-06-15 09:55:55,16691.15,0
2021-06-15 09:56:00,16689.9,0
2021-06-15 09:56:01,16690.95,0
2021-06-15 09:56:02,16690.7,0
2021-06-15 09:56:03,16689.95,0
2021-06-15 09:56:07,16689.0,0
2021-06-15 09:56:08,16690.05,0
2021-06-15 09:56:18,16688.35,0
2021-06-15 09:56:19,16689.6,0
2021-06-15 09:56:20,16689.25,0
2021-06-15 09:56:21,16690.9,0
2021-06-15 09:56:22,16690.6,0
2021-06-15 09:56:24,16689.65,0
2021-06-15 09:56:25,16689.85,0
2021-06-15 09:56:26,16690.25,0
2021-06-15 09:56:30,16689.75,0
2021-06-15 09:56:33,16690.1,0
2021-06-15 09:56:37,16689.65,0
2021-06-15 09:56:44,16690.1,0
2021-06-15 09:56:47,16689.35,0
2021-06-15 09:56:51,16690.45,0
2021-06-15 09:56:53,16690.65,0
2021-06-15 09:56:57,16691.1,0
2021-06-15 09:56:58,16691.75,0
2021-06-15 09:57:03,16691.1,0
2021-06-15 09:57:06,16693.0,0
2021-06-15 09:57:10,16693.5,0
2021-06-15 09:57:16,16692.7,0
2021-06-15 09:57:26,16693.8,0
2021-06-15 09:57:28,16694.5,0
2021-06-15 09:57:29,16694.1,0
2021-06-15 09:57:34,16693.75,0
2021-06-15 09:57:40,16692.3,0
2021-06-15 09:57:51,16694.45,0
2021-06-15 09:57:58,16693.75,0
2021-06-15 09:58:03,16693.8,0
2021-06-15 09:58:06,16693.6,0
2021-06-15 09:58:08,16694.15,0
2021-06-15 09:58:11,16694.25,0
2021-06-15 09:58:16,16691.4,0
2021-06-15 09:58:17,16691.5,0
2021-06-15 09:58:18,16691.25,0
2021-06-15 09:58:19,16690.9,0
2021-06-15 09:58:21,16691.8,0
2021-06-15 09:58:25,16690.65,0
2021-06-15 09:58:27,16692.35,0
2021-06-15 09:58:29,16691.4,0
2021-06-15 09:58:31,16690.6,0
2021-06-15 09:58:32,16689.9,0
2021-06-15 09:58:36,16690.7,0
2021-06-15 09:58:37,16691.4,0
2021-06-15 09:58:38,16691.3,0
2021-06-15 09:58:40,16689.9,0
2021-06-15 09:58:41,16690.75,0
2021-06-15 09:58:42,16691.4,0
2021-06-15 09:58:44,16691.45,0
2021-06-15 09:58:47,16690.95,0
2021-06-15 09:58:51,16690.45,0
2021-06-15 09:58:52,16689.95,0
2021-06-15 09:58:57,16689.3,0
2021-06-15 09:58:58,16690.15,0
2021-06-15 09:59:06,16688.15,0
2021-06-15 09:59:07,16686.8,0
2021-06-15 09:59:15,16686.7,0
2021-06-15 09:59:18,16686.45,0
2021-06-15 09:59:26,16686.9,0
2021-06-15 09:59:31,16685.5,0
2021-06-15 09:59:37,16687.7,0
2021-06-15 09:59:39,16687.85,0
2021-06-15 09:59:42,16691.0,0
2021-06-15 09:59:48,16692.2,0
2021-06-15 09:59:55,16691.55,0
2021-06-15 09:59:57,16692.55,0
2021-06-15 09:59:58,16692.6,0
2021-06-15 09:59:59,16691.45,0
2021-06-15 10:00:00,16690.65,0
2021-06-15 10:00:04,16694.05,0
2021-06-15 10:00:20,16695.95,0
2021-06-15 10:00:29,16695.7,0
2021-06-15 10:00:30,16696.1,0
2021-06-15 10:00:31,16695.55,0
2021-06-15 10:00:34,16695.6,0
2021-06-15 10:00:36,16695.95,0
2021-06-15 10:00:37,16695.7,0
2021-06-15 10:00:39,16694.5,0
2021-06-15 10:00:41,16695.4,0
2021-06-15 10:00:46,16694.0,0
2021-06-15 10:00:47,16695.1,0
2021-06-15 10:00:48,16695.4,0
2021-06-15 10:00:56,16692.75,0
2021-06-15 10:00:57,16693.05,0
2021-06-15 10:00:59,16693.7,0
2021-06-15 10:01:02,16691.65,0
2021-06-15 10:01:03,16692.55,0
2021-06-15 10:01:13,16690.55,0
2021-06-15 10:01:14,16690.15,0
2021-06-15 10:01:15,16690.9,0
2021-06-15 10:01:17,16689.75,0
2021-06-15 10:01:18,16690.1,0
2021-06-15 10:01:21,16689.3,0
2021-06-15 10:01:23,16689.85,0
2021-06-15 10:01:26,16689.85,0
2021-06-15 10:01:28,16690.45,0
2021-06-15 10:01:30,16689.1,0
2021-06-15 10:01:51,16686.7,0
2021-06-15 10:01:52,16685.75,0
2021-06-15 10:01:53,16686.1,0
2021-06-15 10:01:55,16685.5,0
2021-06-15 10:01:56,16685.25,0
2021-06-15 10:01:57,16684.75,0
2021-06-15 10:02:05,16684.05,0
2021-06-15 10:02:06,16685.05,0
2021-06-15 10:02:11,16684.9,0
2021-06-15 10:02:13,16682.65,0
2021-06-15 10:02:15,16682.65,0
2021-06-15 10:02:22,16677.65,0
2021-06-15 10:02:23,16676.6,0
2021-06-15 10:02:29,16679.4,0
2021-06-15 10:02:30,16679.6,0
2021-06-15 10:02:38,16677.35,0
2021-06-15 10:02:43,16676.3,0
2021-06-15 10:02:44,16677.25,0
2021-06-15 10:02:51,16675.2,0
2021-06-15 10:02:56,16675.8,0
2021-06-15 10:02:58,16678.85,0
2021-06-15 10:02:59,16678.55,0
2021-06-15 10:03:00,16678.4,0
2021-06-15 10:03:04,16677.3,0
2021-06-15 10:03:19,16678.1,0
2021-06-15 10:03:25,16677.2,0
2021-06-15 10:03:28,16677.35,0
2021-06-15 10:03:30,16677.7,0
2021-06-15 10:03:33,16676.4,0
2021-06-15 10:03:43,16675.4,0
2021-06-15 10:03:47,16675.6,0
2021-06-15 10:03:52,16676.0,0
2021-06-15 10:03:55,16676.15,0
2021-06-15 10:03:57,16676.2,0
2021-06-15 10:03:58,16675.05,0
2021-06-15 10:03:59,16675.5,0
2021-06-15 10:04:07,16675.25,0
2021-06-15 10:04:10,16674.5,0
2021-06-15 10:04:14,16677.15,0
2021-06-15 10:04:18,16674.9,0
2021-06-15 10:04:19,16675.5,0
2021-06-15 10:04:26,16675.45,0
2021-06-15 10:04:34,16674.9,0
2021-06-15 10:04:35,16675.25,0
2021-06-15 10:04:37,16675.45,0
2021-06-15 10:04:38,16676.4,0
2021-06-15 10:04:41,16675.55,0
2021-06-15 10:04:42,16675.35,0
2021-06-15 10:04:43,16676.2,0
2021-06-15 10:04:44,16675.55,0
2021-06-15 10:04:46,16674.3,0
2021-06-15 10:04:48,16674.85,0
2021-06-15 10:04:49,16675.15,0
2021-06-15 10:04:52,16672.95,0
2021-06-15 10:04:54,16673.45,0
2021-06-15 10:04:59,16673.45,0
2021-06-15 10:05:09,16672.15,0
2021-06-15 10:05:16,16672.4,0
2021-06-15 10:05:18,16672.2,0
2021-06-15 10:05:19,16671.9,0
2021-06-15 10:05:20,16671.25,0
2021-06-15 10:05:21,16670.25,0
2021-06-15 10:05:32,16668.55,0
2021-06-15 10:05:36,16667.75,0
2021-06-15 10:05:44,16667.0,0
2021-06-15 10:05:52,16668.2,0
2021-06-15 10:05:53,16668.8,0
2021-06-15 10:06:00,16671.1,0
2021-06-15 10:06:02,16670.75,0
2021-06-15 10:06:03,16670.8,0
2021-06-15 10:06:11,16671.95,0
2021-06-15 10:06:16,16671.5,0
2021-06-15 10:06:21,16672.25,0
2021-06-15 10:06:30,16671.7,0
2021-06-15 10:06:34,16670.15,0
2021-06-15 10:06:36,16671.2,0
2021-06-15 10:06:37,16670.1,0
2021-06-15 10:06:38,16669.7,0
2021-06-15 10:06:40,16670.35,0
2021-06-15 10:06:51,16667.75,0
2021-06-15 10:06:56,16667.4,0
2021-06-15 10:06:57,16667.45,0
2021-06-15 10:06:59,16667.75,0
2021-06-15 10:07:01,16667.6,0
2021-06-15 10:07:07,16667.25,0
2021-06-15 10:07:08,16667.4,0
2021-06-15 10:07:09,16667.0,0
2021-06-15 10:07:11,16667.0,0
2021-06-15 10:07:13,16667.3,0
2021-06-15 10:07:14,16668.05,0
2021-06-15 10:07:15,16668.25,0
2021-06-15 10:07:24,16668.25,0
2021-06-15 10:07:27,16668.7,0
2021-06-15 10:07:28,16668.4,0
2021-06-15 10:07:30,16668.6,0
2021-06-15 10:07:33,16668.35,0
2021-06-15 10:07:37,16668.2,0
2021-06-15 10:07:38,16668.4,0
2021-06-15 10:07:39,16667.9,0
2021-06-15 10:07:40,16667.2,0
2021-06-15 10:07:42,16667.2,0
2021-06-15 10:07:43,16667.2,0
2021-06-15 10:07:44,16669.0,0
2021-06-15 10:07:48,16668.4,0
2021-06-15 10:07:51,16668.4,0
2021-06-15 10:07:54,16669.5,0
2021-06-15 10:07:57,16669.0,0
2021-06-15 10:08:02,16669.55,0
2021-06-15 10:08:04,16669.75,0
2021-06-15 10:08:06,16670.9,0
2021-06-15 10:08:09,16670.2,0
2021-06-15 10:08:11,16670.35,0
2021-06-15 10:08:19,16673.5,0
2021-06-15 10:08:22,16673.7,0
2021-06-15 10:08:27,16674.1,0
2021-06-15 10:08:28,16673.3,0
2021-06-15 10:08:30,16673.25,0
2021-06-15 10:08:33,16673.45,0
2021-06-15 10:08:45,16675.25,0
2021-06-15 10:08:51,16674.25,0
2021-06-15 10:08:54,16673.5,0
2021-06-15 10:08:58,16674.45,0
2021-06-15 10:08:59,16675.0,0
2021-06-15 10:09:06,16672.45,0
2021-06-15 10:09:09,16675.25,0
2021-06-15 10:09:14,16674.25,0
2021-06-15 10:09:15,16674.3,0
2021-06-15 10:09:17,16673.8,0
2021-06-15 10:09:20,16675.15,0
2021-06-15 10:09:23,16674.35,0
2021-06-15 10:09:24,16673.25,0
2021-06-15 10:09:28,16674.05,0
2021-06-15 10:09:30,16674.25,0
2021-06-15 10:09:31,16674.0,0
2021-06-15 10:09:38,16674.0,0
2021-06-15 10:09:43,16675.45,0
2021-06-15 10:09:44,16675.7,0
2021-06-15 10:09:45,16675.05,0
2021-06-15 10:09:46,16674.7,0
2021-06-15 10:09:48,16672.6,0
2021-06-15 10:09:51,16674.45,0
2021-06-15 10:09:53,16673.55,0
2021-06-15 10:09:54,16673.95,0
2021-06-15 10:09:57,16673.05,0
2021-06-15 10:10:03,16673.4,0
2021-06-15 10:10:05,16673.25,0
2021-06-15 10:10:07,16673.7,0
2021-06-15 10:10:08,16674.5,0
2021-06-15 10:10:09,16674.95,0
2021-06-15 10:10:17,16672.55,0
2021-06-15 10:10:24,16664.05,0
2021-06-15 10:10:28,16665.95,0
2021-06-15 10:10:29,16666.0,0
2021-06-15 10:10:39,16668.85,0
2021-06-15 10:10:41,16668.8,0
2021-06-15 10:10:44,16667.25,0
2021-06-15 10:10:48,16668.35,0
2021-06-15 10:10:54,16668.65,0
2021-06-15 10:11:01,16668.65,0
2021-06-15 10:11:05,16668.4,0
2021-06-15 10:11:06,16668.55,0
2021-06-15 10:11:09,16668.65,0
2021-06-15 10:11:11,16668.5,0
2021-06-15 10:11:12,16667.55,0
2021-06-15 10:11:14,16668.35,0
2021-06-15 10:11:19,16667.75,0
2021-06-15 10:11:20,16667.5,0
2021-06-15 10:11:23,16668.2,0
2021-06-15 10:11:29,16668.95,0
2021-06-15 10:11:37,16670.4,0
2021-06-15 10:11:39,16670.75,0
2021-06-15 10:11:40,16670.95,0
2021-06-15 10:11:41,16671.25,0
2021-06-15 10:11:43,16671.0,0
2021-06-15 10:11:51,16672.5,0
2021-06-15 10:11:53,16671.05,0
2021-06-15 10:11:59,16669.85,0
2021-06-15 10:12:04,16670.75,0
2021-06-15 10:12:06,16670.9,0
2021-06-15 10:12:10,16670.7,0
2021-06-15 10:12:11,16671.7,0
2021-06-15 10:12:15,16671.85,0
2021-06-15 10:12:23,16672.3,0
2021-06-15 10:12:26,16672.75,0
2021-06-15 10:12:28,16672.45,0
2021-06-15 10:12:29,16672.0,0
2021-06-15 10:12:30,16672.8,0
2021-06-15 10:12:35,16673.75,0
2021-06-15 10:12:36,16674.65,0
2021-06-15 10:12:42,16675.25,0
2021-06-15 10:12:49,16676.8,0
2021-06-15 10:12:50,16676.9,0
2021-06-15 10:12:59,16677.8,0
2021-06-15 10:13:03,16678.65,0
2021-06-15 10:13:05,16680.1,0
2021-06-15 10:13:09,16679.8,0
2021-06-15 10:13:17,16679.6,0
2021-06-15 10:13:22,16680.8,0
2021-06-15 10:13:28,16680.75,0
2021-06-15 10:13:30,16680.85,0
2021-06-15 10:13:34,16679.3,0
2021-06-15 10:13:36,16679.4,0
2021-06-15 10:13:48,16680.3,0
2021-06-15 10:13:50,16679.0,0
2021-06-15 10:13:52,16680.6,0
2021-06-15 10:13:54,16682.0,0
2021-06-15 10:13:55,16681.7,0
2021-06-15 10:13:58,16681.55,0
2021-06-15 10:13:59,16682.5,0
2021-06-15 10:14:02,16681.8,0
2021-06-15 10:14:03,16681.25,0
2021-06-15 10:14:05,16682.25,0
2021-06-15 10:14:06,16682.35,0
2021-06-15 10:14:10,16683.1,0
2021-06-15 10:14:11,16682.25,0
2021-06-15 10:14:13,16682.65,0
2021-06-15 10:14:20,16678.45,0
2021-06-15 10:14:29,16680.15,0
2021-06-15 10:14:36,16680.6,0
2021-06-15 10:14:38,16681.0,0
2021-06-15 10:14:39,16681.2,0
2021-06-15 10:14:40,16680.9,0
2021-06-15 10:14:53,16681.2,0
2021-06-15 10:15:05,16680.2,0
2021-06-15 10:15:12,16678.05,0
2021-06-15 10:15:15,16680.2,0
2021-06-15 10:15:21,16681.1,0
2021-06-15 10:15:23,16682.4,0
2021-06-15 10:15:25,16682.1,0
2021-06-15 10:15:43,16681.6,0
2021-06-15 10:15:48,16681.9,0
2021-06-15 10:15:52,16681.55,0
2021-06-15 10:15:56,16682.1,0
2021-06-15 10:15:57,16681.8,0
2021-06-15 10:15:58,16681.7,0
2021-06-15 10:16:09,16680.95,0
2021-06-15 10:16:12,16680.05,0
2021-06-15 10:16:14,16680.7,0
2021-06-15 10:16:16,16680.8,0
2021-06-15 10:16:22,16680.65,0
2021-06-15 10:16:24,16679.25,0
2021-06-15 10:16:26,16680.35,0
2021-06-15 10:16:33,16680.7,0
2021-06-15 10:16:35,16681.75,0
2021-06-15 10:16:37,16681.15,0
2021-06-15 10:16:43,16682.4,0
2021-06-15 10:16:44,16683.3,0
2021-06-15 10:16:52,16682.5,0
2021-06-15 10:16:57,16680.4,0
2021-06-15 10:17:05,16680.4,0
2021-06-15 10:17:08,16678.35,0
2021-06-15 10:17:09,16678.55,0
2021-06-15 10:17:10,16679.0,0
2021-06-15 10:17:11,16679.65,0
2021-06-15 10:17:14,16678.0,0
2021-06-15 10:17:15,16677.45,0
2021-06-15 10:17:20,16677.15,0
2021-06-15 10:17:24,16676.85,0
2021-06-15 10:17:28,16675.95,0
2021-06-15 10:17:36,16677.4,0
2021-06-15 10:17:39,16676.45,0
2021-06-15 10:17:40,16676.7,0
2021-06-15 10:17:43,16676.7,0
2021-06-15 10:18:02,16675.3,0
2021-06-15 10:18:06,16673.7,0
2021-06-15 10:18:07,16672.9,0
2021-06-15 10:18:14,16673.45,0
2021-06-15 10:18:15,16674.45,0
2021-06-15 10:18:17,16672.45,0
2021-06-15 10:18:19,16671.9,0
2021-06-15 10:18:26,16673.2,0
2021-06-15 10:18:29,16671.55,0
2021-06-15 10:18:30,16673.05,0
2021-06-15 10:18:35,16673.2,0
2021-06-15 10:18:38,16673.4,0
2021-06-15 10:18:45,16674.8,0
2021-06-15 10:18:54,16675.4,0
2021-06-15 10:18:57,16675.75,0
2021-06-15 10:18:59,16675.7,0
2021-06-15 10:19:08,16673.5,0
2021-06-15 10:19:12,16672.55,0
2021-06-15 10:19:17,16672.75,0
2021-06-15 10:19:22,16671.4,0
2021-06-15 10:19:26,16672.25,0
2021-06-15 10:19:27,16672.4,0
2021-06-15 10:19:33,16671.9,0
2021-06-15 10:19:34,16672.4,0
2021-06-15 10:19:37,16671.15,0
2021-06-15 10:19:38,16672.05,0
2021-06-15 10:19:39,16670.75,0
2021-06-15 10:19:40,16671.8,0
2021-06-15 10:19:44,16670.75,0
2021-06-15 10:19:46,16670.7,0
2021-06-15 10:19:47,16670.6,0
2021-06-15 10:19:48,16669.9,0
2021-06-15 10:19:50,16670.35,0
2021-06-15 10:19:51,16670.15,0
2021-06-15 10:19:52,16669.85,0
2021-06-15 10:19:57,16669.35,0
2021-06-15 10:19:58,16669.6,0
2021-06-15 10:20:01,16666.65,0
2021-06-15 10:20:07,16665.45,0
2021-06-15 10:20:09,16667.75,0
2021-06-15 10:20:12,16668.85,0
2021-06-15 10:20:13,16668.65,0
2021-06-15 10:20:29,16669.95,0
2021-06-15 10:20:36,16668.45,0
2021-06-15 10:20:49,16664.9,0
2021-06-15 10:20:50,16665.15,0
2021-06-15 10:20:54,16667.0,0
2021-06-15 10:20:56,16667.4,0
2021-06-15 10:20:59,16666.05,0
2021-06-15 10:21:00,16667.3,0
2021-06-15 10:21:04,16668.15,0
2021-06-15 10:21:11,16665.6,0
2021-06-15 10:21:13,16666.15,0
2021-06-15 10:21:14,16666.55,0
2021-06-15 10:21:17,16666.85,0
2021-06-15 10:21:19,16666.55,0
2021-06-15 10:21:22,16667.75,0
2021-06-15 10:21:26,16666.95,0
2021-06-15 10:21:29,16666.9,0
2021-06-15 10:21:32,16666.95,0
2021-06-15 10:21:37,16665.9,0
2021-06-15 10:21:41,16665.75,0
2021-06-15 10:21:43,16665.2,0
2021-06-15 10:21:46,16665.5,0
2021-06-15 10:21:47,16663.6,0
2021-06-15 10:21:49,16663.7,0
2021-06-15 10:21:50,16663.3,0
2021-06-15 10:21:55,16661.65,0
2021-06-15 10:21:58,16662.2,0
2021-06-15 10:22:00,16662.1,0
2021-06-15 10:22:03,16664.95,0
2021-06-15 10:22:06,16664.1,0
2021-06-15 10:22:12,16664.2,0
2021-06-15 10:22:14,16664.55,0
2021-06-15 10:22:18,16664.2,0
2021-06-15 10:22:20,16664.4,0
2021-06-15 10:22:38,16661.8,0
2021-06-15 10:22:39,16661.75,0
2021-06-15 10:22:48,16661.55,0
2021-06-15 10:22:55,16661.4,0
2021-06-15 10:23:05,16662.55,0
2021-06-15 10:23:11,16662.2,0
2021-06-15 10:23:12,16662.15,0
2021-06-15 10:23:18,16662.1,0
2021-06-15 10:23:24,16662.6,0
2021-06-15 10:23:25,16663.0,0
2021-06-15 10:23:26,16663.05,0
2021-06-15 10:23:34,16664.05,0
2021-06-15 10:23:41,16664.6,0
2021-06-15 10:23:43,16664.15,0
2021-06-15 10:23:44,16664.15,0
2021-06-15 10:23:57,16662.0,0
2021-06-15 10:23:59,16661.95,0
2021-06-15 10:24:02,16659.05,0
2021-06-15 10:24:03,16658.8,0
2021-06-15 10:24:06,16659.35,0
2021-06-15 10:24:07,16658.95,0
2021-06-15 10:24:08,16660.6,0
2021-06-15 10:24:11,16659.25,0
2021-06-15 10:24:13,16659.0,0
2021-06-15 10:24:17,16659.75,0
2021-06-15 10:24:27,16659.0,0
2021-06-15 10:24:28,16655.55,0
2021-06-15 10:24:33,16658.9,0
2021-06-15 10:24:37,16657.8,0
2021-06-15 10:24:39,16658.3,0
2021-06-15 10:24:40,16658.35,0
2021-06-15 10:24:42,16654.5,0
2021-06-15 10:24:49,16657.1,0
2021-06-15 10:24:52,16658.35,0
2021-06-15 10:24:53,16658.25,0
2021-06-15 10:24:57,16657.95,0
2021-06-15 10:25:00,16660.3,0
2021-06-15 10:25:06,16657.35,0
2021-06-15 10:25:07,16658.7,0
2021-06-15 10:25:08,16659.85,0
2021-06-15 10:25:09,16657.75,0
2021-06-15 10:25:10,16658.4,0
2021-06-15 10:25:15,16658.35,0
2021-06-15 10:25:16,16657.25,0
2021-06-15 10:25:18,16658.5,0
2021-06-15 10:25:22,16659.0,0
2021-06-15 10:25:25,16658.95,0
2021-06-15 10:25:28,16660.75,0
2021-06-15 10:25:33,16660.45,0
2021-06-15 10:25:34,16659.2,0
2021-06-15 10:25:38,16659.6,0
2021-06-15 10:25:44,16656.55,0
2021-06-15 10:25:45,16656.65,0
2021-06-15 10:25:50,16657.5,0
2021-06-15 10:25:51,16656.45,0
2021-06-15 10:25:53,16658.15,0
2021-06-15 10:25:54,16658.2,0
2021-06-15 10:25:55,16658.3,0
2021-06-15 10:26:02,16658.05,0
2021-06-15 10:26:03,16657.4,0
2021-06-15 10:26:04,16657.9,0
2021-06-15 10:26:10,16657.6,0
2021-06-15 10:26:13,16657.25,0
2021-06-15 10:26:18,16659.05,0
2021-06-15 10:26:19,16658.8,0
2021-06-15 10:26:21,16657.2,0
2021-06-15 10:26:23,16656.35,0
2021-06-15 10:26:27,16656.45,0
2021-06-15 10:26:32,16658.0,0
2021-06-15 10:26:33,16656.15,0
2021-06-15 10:26:35,16656.75,0
2021-06-15 10:26:38,16655.1,0
2021-06-15 10:26:40,16653.5,0
2021-06-15 10:26:42,16655.85,0
2021-06-15 10:26:43,16657.25,0
2021-06-15 10:26:44,16655.95,0
2021-06-15 10:26:45,16655.75,0
2021-06-15 10:26:46,16655.5,0
2021-06-15 10:26:48,16657.0,0
2021-06-15 10:26:50,16656.8,0
2021-06-15 10:26:52,16657.7,0
2021-06-15 10:26:54,16658.4,0
2021-06-15 10:27:01,16656.6,0
2021-06-15 10:27:08,16657.7,0
2021-06-15 10:27:10,16658.1,0
2021-06-15 10:27:11,16656.95,0
2021-06-15 10:27:13,16658.35,0
2021-06-15 10:27:16,16658.5,0
2021-06-15 10:27:17,16659.6,0
2021-06-15 10:27:21,16659.0,0
2021-06-15 10:27:25,16660.45,0
2021-06-15 10:27:27,16660.35,0
2021-06-15 10:27:38,16661.15,0
2021-06-15 10:27:46,16663.5,0
2021-06-15 10:27:48,16663.1,0
2021-06-15 10:27:49,16662.8,0
2021-06-15 10:27:55,16663.45,0
2021-06-15 10:28:03,16663.75,0
2021-06-15 10:28:07,16661.55,0
2021-06-15 10:28:08,16661.95,0
2021-06-15 10:28:09,16662.1,0
2021-06-15 10:28:13,16661.6,0
2021-06-15 10:28:15,16663.3,0
2021-06-15 10:28:25,16663.6,0
2021-06-15 10:28:26,16663.65,0
2021-06-15 10:28:38,16663.15,0
2021-06-15 10:28:40,16664.95,0
2021-06-15 10:28:42,16665.6,0
2021-06-15 10:28:48,16666.75,0
2021-06-15 10:28:49,16666.4,0
2021-06-15 10:28:52,16667.4,0
2021-06-15 10:28:53,16666.85,0
2021-06-15 10:28:57,16666.05,0
2021-06-15 10:28:58,16666.45,0
2021-06-15 10:28:59,16666.85,0
2021-06-15 10:29:00,16666.15,0
2021-06-15 10:29:03,16666.65,0
2021-06-15 10:29:04,16666.6,0
2021-06-15 10:29:10,16666.7,0
2021-06-15 10:29:19,16663.8,0
2021-06-15 10:29:25,16662.3,0
2021-06-15 10:29:26,16663.2,0
2021-06-15 10:29:33,16660.3,0
2021-06-15 10:29:36,16660.75,0
2021-06-15 10:29:38,16660.15,0
2021-06-15 10:29:42,16660.7,0
2021-06-15 10:29:43,16660.6,0
2021-06-15 10:29:49,16661.2,0
2021-06-15 10:29:51,16661.0,0
2021-06-15 10:29:52,16661.3,0
2021-06-15 10:29:54,16661.4,0
2021-06-15 10:29:55,16661.8,0
2021-06-15 10:29:56,16662.25,0
2021-06-15 10:29:58,16662.0,0
2021-06-15 10:30:01,16660.0,0
2021-06-15 10:30:06,16661.3,0
2021-06-15 10:30:08,16661.05,0
2021-06-15 10:30:14,16657.05,0
2021-06-15 10:30:16,16656.05,0
2021-06-15 10:30:17,16654.75,0
2021-06-15 10:30:21,16653.95,0
2021-06-15 10:30:22,16655.65,0
2021-06-15 10:30:23,16655.0,0
2021-06-15 10:30:25,16656.6,0
2021-06-15 10:30:31,16654.0,0
2021-06-15 10:30:33,16654.15,0
2021-06-15 10:30:40,16651.3,0
2021-06-15 10:30:41,16649.7,0
2021-06-15 10:30:44,16643.85,0
2021-06-15 10:30:46,16643.7,0
2021-06-15 10:30:53,16644.0,0
2021-06-15 10:30:55,16644.85,0
2021-06-15 10:31:05,16646.35,0
2021-06-15 10:31:11,16645.0,0
2021-06-15 10:31:15,16645.75,0
2021-06-15 10:31:18,16647.35,0
2021-06-15 10:31:20,16646.05,0
2021-06-15 10:31:21,16647.05,0
2021-06-15 10:31:23,16646.4,0
2021-06-15 10:31:34,16644.4,0
2021-06-15 10:31:38,16643.25,0
2021-06-15 10:31:46,16644.35,0
2021-06-15 10:31:51,16650.3,0
2021-06-15 10:31:54,16650.7,0
2021-06-15 10:31:55,16651.3,0
2021-06-15 10:32:01,16648.8,0
2021-06-15 10:32:05,16649.6,0
2021-06-15 10:32:06,16649.3,0
2021-06-15 10:32:07,16649.15,0
2021-06-15 10:32:13,16649.6,0
2021-06-15 10:32:20,16649.4,0
2021-06-15 10:32:22,16649.6,0
2021-06-15 10:32:32,16651.2,0
2021-06-15 10:32:33,16652.0,0
2021-06-15 10:32:36,16652.75,0
2021-06-15 10:32:39,16658.15,0
2021-06-15 10:32:42,16658.3,0
2021-06-15 10:32:43,16660.5,0
2021-06-15 10:32:49,16661.35,0
2021-06-15 10:32:51,16660.85,0
2021-06-15 10:32:55,16661.5,0
2021-06-15 10:32:58,16661.2,0
2021-06-15 10:33:00,16660.45,0
2021-06-15 10:33:03,16660.35,0
2021-06-15 10:33:05,16660.5,0
2021-06-15 10:33:14,16656.35,0
2021-06-15 10:33:20,16655.15,0
2021-06-15 10:33:24,16654.55,0
2021-06-15 10:33:25,16654.45,0
2021-06-15 10:33:26,16654.45,0
2021-06-15 10:33:28,16655.65,0
2021-06-15 10:33:30,16654.3,0
2021-06-15 10:33:34,16653.5,0
2021-06-15 10:33:38,16651.75,0
2021-06-15 10:33:39,16652.65,0
2021-06-15 10:33:40,16653.05,0
2021-06-15 10:33:44,16652.95,0
2021-06-15 10:33:47,16652.85,0
2021-06-15 10:34:01,16656.65,0
2021-06-15 10:34:04,16655.3,0
2021-06-15 10:34:07,16656.45,0
2021-06-15 10:34:08,16657.05,0
2021-06-15 10:34:13,16655.55,0
2021-06-15 10:34:17,16656.05,0
2021-06-15 10:34:19,16655.5,0
2021-06-15 10:34:25,16656.45,0
2021-06-15 10:34:27,16656.35,0
2021-06-15 10:34:29,16657.05,0
2021-06-15 10:34:32,16655.45,0
2021-06-15 10:34:34,16656.4,0
2021-06-15 10:34:38,16656.75,0
2021-06-15 10:34:39,16656.85,0
2021-06-15 10:34:41,16656.8,0
2021-06-15 10:34:48,16657.65,0
2021-06-15 10:34:51,16656.7,0
2021-06-15 10:34:52,16656.4,0
2021-06-15 10:34:55,16656.5,0
2021-06-15 10:34:56,16656.95,0
2021-06-15 10:34:57,16657.45,0
2021-06-15 10:34:58,16656.95,0
2021-06-15 10:35:10,16656.5,0
2021-06-15 10:35:11,16656.4,0
2021-06-15 10:35:12,16655.85,0
2021-06-15 10:35:13,16656.05,0
2021-06-15 10:35:14,16655.5,0
2021-06-15 10:35:16,16656.65,0
2021-06-15 10:35:17,16656.15,0
2021-06-15 10:35:18,16656.05,0
2021-06-15 10:35:23,16655.0,0
2021-06-15 10:35:26,16653.95,0
2021-06-15 10:35:35,16653.75,0
2021-06-15 10:35:41,16654.35,0
2021-06-15 10:35:42,16653.7,0
2021-06-15 10:35:43,16654.2,0
2021-06-15 10:35:47,16652.5,0
2021-06-15 10:35:54,16652.2,0
2021-06-15 10:35:55,16652.25,0
2021-06-15 10:35:57,16650.7,0
2021-06-15 10:35:58,16650.95,0
2021-06-15 10:36:01,16651.5,0
2021-06-15 10:36:04,16651.1,0
2021-06-15 10:36:11,16647.4,0
2021-06-15 10:36:19,16638.2,0
2021-06-15 10:36:20,16643.6,0
2021-06-15 10:36:25,16645.85,0
2021-06-15 10:36:28,16645.8,0
2021-06-15 10:36:29,16646.8,0
2021-06-15 10:36:30,16646.3,0
2021-06-15 10:36:31,16646.55,0
2021-06-15 10:36:32,16645.8,0
2021-06-15 10:36:34,16645.8,0
2021-06-15 10:36:39,16647.65,0
2021-06-15 10:36:53,16647.35,0
2021-06-15 10:36:54,16646.45,0
2021-06-15 10:37:01,16648.1,0
2021-06-15 10:37:07,16648.75,0
2021-06-15 10:37:15,16646.9,0
2021-06-15 10:37:24,16647.7,0
2021-06-15 10:37:29,16646.75,0
2021-06-15 10:37:30,16647.15,0
2021-06-15 10:37:31,16646.65,0
2021-06-15 10:37:32,16647.0,0
2021-06-15 10:37:34,16645.25,0
2021-06-15 10:37:38,16646.4,0
2021-06-15 10:37:42,16646.75,0
2021-06-15 10:37:46,16646.0,0
2021-06-15 10:37:49,16645.9,0
2021-06-15 10:37:58,16645.7,0
2021-06-15 10:37:59,16643.8,0
2021-06-15 10:38:01,16644.3,0
2021-06-15 10:38:05,16643.75,0
2021-06-15 10:38:14,16643.65,0
2021-06-15 10:38:15,16644.55,0
2021-06-15 10:38:16,16645.35,0
2021-06-15 10:38:18,16645.15,0
2021-06-15 10:38:27,16645.25,0
2021-06-15 10:38:30,16646.9,0
2021-06-15 10:38:39,16649.1,0
2021-06-15 10:38:40,16649.1,0
2021-06-15 10:38:43,16648.0,0
2021-06-15 10:38:44,16647.05,0
2021-06-15 10:38:45,16647.3,0
2021-06-15 10:38:52,16647.25,0
2021-06-15 10:38:53,16646.3,0
2021-06-15 10:38:56,16646.75,0
2021-06-15 10:38:58,16646.8,0
2021-06-15 10:38:59,16646.55,0
2021-06-15 10:39:02,16646.85,0
2021-06-15 10:39:06,16645.3,0
2021-06-15 10:39:12,16644.35,0
2021-06-15 10:39:15,16643.55,0
2021-06-15 10:39:16,16643.95,0
2021-06-15 10:39:18,16643.6,0
2021-06-15 10:39:20,16642.9,0
2021-06-15 10:39:26,16642.1,0
2021-06-15 10:39:27,16642.6,0
2021-06-15 10:39:31,16643.15,0
2021-06-15 10:39:32,16643.05,0
2021-06-15 10:39:33,16642.65,0
2021-06-15 10:39:37,16642.65,0
2021-06-15 10:39:38,16643.35,0
2021-06-15 10:39:41,16642.4,0
2021-06-15 10:39:45,16642.6,0
2021-06-15 10:39:52,16642.3,0
2021-06-15 10:39:53,16642.85,0
2021-06-15 10:39:54,16642.45,0
2021-06-15 10:39:55,16642.8,0
2021-06-15 10:39:57,16642.5,0
2021-06-15 10:40:00,16643.5,0
2021-06-15 10:40:03,16643.6,0
2021-06-15 10:40:04,16643.6,0
2021-06-15 10:40:09,16643.4,0
2021-06-15 10:40:10,16643.55,0
2021-06-15 10:40:16,16643.85,0
2021-06-15 10:40:17,16643.6,0
2021-06-15 10:40:26,16640.5,0
2021-06-15 10:40:31,16638.15,0
2021-06-15 10:40:32,16638.75,0
2021-06-15 10:40:38,16639.45,0
2021-06-15 10:40:54,16645.05,0
2021-06-15 10:41:00,16645.35,0
2021-06-15 10:41:02,16646.25,0
2021-06-15 10:41:03,16646.2,0
2021-06-15 10:41:04,16646.1,0
2021-06-15 10:41:08,16643.85,0
2021-06-15 10:41:10,16644.05,0
2021-06-15 10:41:11,16644.8,0
2021-06-15 10:41:12,16644.8,0
2021-06-15 10:41:15,16645.85,0
2021-06-15 10:41:17,16644.35,0
2021-06-15 10:41:21,16644.9,0
2021-06-15 10:41:24,16644.3,0
2021-06-15 10:41:28,16644.95,0
2021-06-15 10:41:30,16644.4,0
2021-06-15 10:41:36,16645.35,0
2021-06-15 10:41:39,16645.5,0
2021-06-15 10:41:40,16645.45,0
2021-06-15 10:41:41,16645.5,0
2021-06-15 10:41:42,16645.65,0
2021-06-15 10:41:45,16645.6,0
2021-06-15 10:41:46,16645.65,0
2021-06-15 10:41:51,16646.55,0
2021-06-15 10:41:52,16646.5,0
2021-06-15 10:41:53,16646.5,0
2021-06-15 10:41:54,16646.1,0
2021-06-15 10:41:56,16645.3,0
2021-06-15 10:41:57,16645.05,0
2021-06-15 10:42:02,16645.7,0
2021-06-15 10:42:04,16644.65,0
2021-06-15 10:42:05,16644.75,0
2021-06-15 10:42:06,16645.35,0
2021-06-15 10:42:11,16644.45,0
2021-06-15 10:42:13,16644.6,0
2021-06-15 10:42:16,16643.55,0
2021-06-15 10:42:26,16641.1,0
2021-06-15 10:42:28,16641.9,0
2021-06-15 10:42:31,16641.5,0
2021-06-15 10:42:34,16640.65,0
2021-06-15 10:42:42,16638.0,0
2021-06-15 10:42:50,16639.75,0
2021-06-15 10:42:53,16638.5,0
2021-06-15 10:42:54,16639.5,0
2021-06-15 10:42:55,16639.5,0
2021-06-15 10:43:01,16639.0,0
2021-06-15 10:43:06,16638.4,0
2021-06-15 10:43:08,16638.45,0
2021-06-15 10:43:10,16638.75,0
2021-06-15 10:43:11,16639.15,0
2021-06-15 10:43:12,16639.05,0
2021-06-15 10:43:14,16639.05,0
2021-06-15 10:43:16,16639.2,0
2021-06-15 10:43:17,16638.95,0
2021-06-15 10:43:20,16638.8,0
2021-06-15 10:43:21,16639.0,0
2021-06-15 10:43:26,16640.5,0
2021-06-15 10:43:28,16639.45,0
2021-06-15 10:43:30,16639.95,0
2021-06-15 10:43:37,16639.7,0
2021-06-15 10:43:39,16639.8,0
2021-06-15 10:43:43,16639.9,0
2021-06-15 10:43:44,16641.2,0
2021-06-15 10:43:53,16640.15,0
2021-06-15 10:43:57,16640.1,0
2021-06-15 10:43:58,16640.8,0
2021-06-15 10:43:59,16639.7,0
2021-06-15 10:44:03,16641.2,0
2021-06-15 10:44:04,16640.95,0
2021-06-15 10:44:07,16642.5,0
2021-06-15 10:44:08,16642.25,0
2021-06-15 10:44:10,16641.2,0
2021-06-15 10:44:21,16642.35,0
2021-06-15 10:44:24,16640.1,0
2021-06-15 10:44:28,16641.7,0
2021-06-15 10:44:31,16640.35,0
2021-06-15 10:44:38,16641.95,0
2021-06-15 10:44:44,16639.6,0
2021-06-15 10:44:45,16639.9,0
2021-06-15 10:44:47,16641.05,0
2021-06-15 10:44:48,16640.95,0
2021-06-15 10:44:50,16641.7,0
2021-06-15 10:44:57,16641.05,0
2021-06-15 10:44:59,16640.75,0
2021-06-15 10:45:02,16640.35,0
2021-06-15 10:45:03,16640.5,0
2021-06-15 10:45:06,16638.45,0
2021-06-15 10:45:09,16638.8,0
2021-06-15 10:45:10,16639.6,0
2021-06-15 10:45:11,16639.55,0
2021-06-15 10:45:16,16638.15,0
2021-06-15 10:45:21,16637.6,0
2021-06-15 10:45:23,16637.2,0
2021-06-15 10:45:33,16638.05,0
2021-06-15 10:45:35,16639.85,0
2021-06-15 10:45:37,16638.8,0
2021-06-15 10:45:41,16639.75,0
2021-06-15 10:45:43,16638.4,0
2021-06-15 10:45:44,16638.4,0
2021-06-15 10:45:46,16638.6,0
2021-06-15 10:45:48,16639.4,0
2021-06-15 10:45:51,16637.55,0
2021-06-15 10:45:52,16638.1,0
2021-06-15 10:45:55,16639.7,0
2021-06-15 10:46:00,16639.3,0
2021-06-15 10:46:03,16640.85,0
2021-06-15 10:46:05,16641.1,0
2021-06-15 10:46:09,16639.05,0
2021-06-15 10:46:11,16638.6,0
2021-06-15 10:46:18,16638.05,0
2021-06-15 10:46:19,16639.4,0
2021-06-15 10:46:20,16639.65,0
2021-06-15 10:46:22,16639.55,0
2021-06-15 10:46:25,16639.7,0
2021-06-15 10:46:28,16638.25,0
2021-06-15 10:46:29,16638.55,0
2021-06-15 10:46:30,16639.65,0
2021-06-15 10:46:33,16637.95,0
2021-06-15 10:46:35,16639.7,0
2021-06-15 10:46:39,16641.4,0
2021-06-15 10:46:40,16640.95,0
2021-06-15 10:46:41,16641.25,0
2021-06-15 10:46:44,16641.15,0
2021-06-15 10:46:47,16640.85,0
2021-06-15 10:46:48,16640.85,0
2021-06-15 10:46:51,16641.5,0
2021-06-15 10:46:58,16641.45,0
2021-06-15 10:47:00,16642.2,0
2021-06-15 10:47:06,16641.05,0
2021-06-15 10:47:07,16640.55,0
2021-06-15 10:47:08,16641.05,0
2021-06-15 10:47:09,16641.55,0
2021-06-15 10:47:12,16642.65,0
2021-06-15 10:47:13,16642.75,0
2021-06-15 10:47:18,16642.05,0
2021-06-15 10:47:19,16642.75,0
2021-06-15 10:47:20,16642.55,0
2021-06-15 10:47:21,16642.8,0
2021-06-15 10:47:22,16642.25,0
2021-06-15 10:47:26,16642.1,0
2021-06-15 10:47:30,16643.6,0
2021-06-15 10:47:33,16643.3,0
2021-06-15 10:47:34,16643.6,0
2021-06-15 10:47:40,16642.7,0
2021-06-15 10:47:44,16644.35,0
2021-06-15 10:47:48,16643.65,0
2021-06-15 10:47:49,16643.85,0
2021-06-15 10:47:53,16644.95,0
2021-06-15 10:47:56,16643.1,0
2021-06-15 10:47:57,16642.8,0
2021-06-15 10:48:00,16644.1,0
2021-06-15 10:48:01,16644.2,0
2021-06-15 10:48:03,16643.75,0
2021-06-15 10:48:10,16644.6,0
2021-06-15 10:48:12,16645.2,0
2021-06-15 10:48:19,16645.4,0
2021-06-15 10:48:23,16644.55,0
2021-06-15 10:48:29,16644.1,0
2021-06-15 10:48:35,16644.85,0
2021-06-15 10:48:36,16645.25,0
2021-06-15 10:48:40,16645.65,0
2021-06-15 10:48:41,16645.55,0
2021-06-15 10:48:46,16645.4,0
2021-06-15 10:48:48,16645.1,0
2021-06-15 10:48:49,16645.55,0
2021-06-15 10:48:50,16645.6,0
2021-06-15 10:48:53,16644.2,0
2021-06-15 10:48:58,16644.2,0
2021-06-15 10:49:00,16644.5,0
2021-06-15 10:49:01,16644.35,0
2021-06-15 10:49:08,16641.6,0
2021-06-15 10:49:10,16643.3,0
2021-06-15 10:49:13,16643.35,0
2021-06-15 10:49:14,16643.0,0
2021-06-15 10:49:17,16642.55,0
2021-06-15 10:49:21,16642.55,0
2021-06-15 10:49:25,16642.85,0
2021-06-15 10:49:27,16642.8,0
2021-06-15 10:49:28,16643.25,0
2021-06-15 10:49:35,16642.95,0
2021-06-15 10:49:37,16643.05,0
2021-06-15 10:49:41,16644.0,0
2021-06-15 10:49:44,16643.75,0
2021-06-15 10:49:46,16643.85,0
2021-06-15 10:49:50,16644.6,0
2021-06-15 10:49:52,16644.15,0
2021-06-15 10:49:54,16643.8,0
2021-06-15 10:49:55,16644.25,0
2021-06-15 10:49:58,16643.4,0
2021-06-15 10:50:00,16643.0,0
2021-06-15 10:50:02,16641.95,0
2021-06-15 10:50:04,16642.55,0
2021-06-15 10:50:08,16642.85,0
2021-06-15 10:50:10,16641.95,0
2021-06-15 10:50:13,16641.05,0
2021-06-15 10:50:14,16641.35,0
2021-06-15 10:50:26,16641.85,0
2021-06-15 10:50:28,16641.7,0
2021-06-15 10:50:30,16641.6,0
2021-06-15 10:50:35,16641.9,0
2021-06-15 10:50:36,16641.9,0
2021-06-15 10:50:37,16642.75,0
2021-06-15 10:50:38,16643.55,0
2021-06-15 10:50:42,16643.55,0
2021-06-15 10:50:43,16644.45,0
2021-06-15 10:50:44,16643.65,0
2021-06-15 10:50:51,16644.55,0
2021-06-15 10:50:59,16645.7,0
2021-06-15 10:51:06,16645.0,0
2021-06-15 10:51:07,16646.55,0
2021-06-15 10:51:10,16645.2,0
2021-06-15 10:51:13,16645.95,0
2021-06-15 10:51:14,16645.5,0
2021-06-15 10:51:16,16645.05,0
2021-06-15 10:51:18,16645.4,0
2021-06-15 10:51:22,16641.3,0
2021-06-15 10:51:23,16640.55,0
2021-06-15 10:51:26,16640.3,0
2021-06-15 10:51:27,16641.9,0
2021-06-15 10:51:29,16641.4,0
2021-06-15 10:51:34,16645.85,0
2021-06-15 10:51:41,16645.6,0
2021-06-15 10:51:48,16644.5,0
2021-06-15 10:51:55,16639.7,0
2021-06-15 10:51:56,16640.3,0
2021-06-15 10:51:57,16639.85,0
2021-06-15 10:51:59,16638.35,0
2021-06-15 10:52:01,16638.65,0
2021-06-15 10:52:04,16636.45,0
2021-06-15 10:52:10,16635.75,0
2021-06-15 10:52:14,16636.65,0
2021-06-15 10:52:17,16636.05,0
2021-06-15 10:52:22,16636.5,0
2021-06-15 10:52:24,16635.6,0
2021-06-15 10:52:25,16635.1,0
2021-06-15 10:52:28,16636.7,0
2021-06-15 10:52:31,16636.0,0
2021-06-15 10:52:35,16634.85,0
2021-06-15 10:52:40,16634.9,0
2021-06-15 10:52:44,16637.05,0
2021-06-15 10:52:47,16637.05,0
2021-06-15 10:52:51,16637.2,0
2021-06-15 10:52:52,16637.85,0
2021-06-15 10:52:53,16637.55,0
2021-06-15 10:52:55,16638.0,0
2021-06-15 10:52:57,16637.25,0
2021-06-15 10:52:58,16637.6,0
2021-06-15 10:52:59,16636.65,0
2021-06-15 10:53:00,16637.1,0
2021-06-15 10:53:01,16636.15,0
2021-06-15 10:53:03,16635.45,0
2021-06-15 10:53:04,16635.7,0
2021-06-15 10:53:05,16635.35,0
2021-06-15 10:53:06,16635.2,0
2021-06-15 10:53:08,16633.9,0
2021-06-15 10:53:09,16635.65,0
2021-06-15 10:53:12,16635.15,0
2021-06-15 10:53:13,16635.25,0
2021-06-15 10:53:23,16635.5,0
2021-06-15 10:53:27,16635.5,0
2021-06-15 10:53:32,16635.95,0
2021-06-15 10:53:38,16635.0,0
2021-06-15 10:53:41,16635.95,0
2021-06-15 10:53:49,16635.45,0
2021-06-15 10:53:51,16636.1,0
2021-06-15 10:53:53,16636.3,0
2021-06-15 10:53:54,16636.9,0
2021-06-15 10:54:07,16634.8,0
2021-06-15 10:54:08,16632.45,0
2021-06-15 10:54:14,16633.85,0
2021-06-15 10:54:17,16633.5,0
2021-06-15 10:54:21,16635.95,0
2021-06-15 10:54:22,16634.95,0
2021-06-15 10:54:25,16634.45,0
2021-06-15 10:54:27,16636.5,0
2021-06-15 10:54:29,16635.45,0
2021-06-15 10:54:31,16635.4,0
2021-06-15 10:54:32,16636.0,0
2021-06-15 10:54:33,16636.75,0
2021-06-15 10:54:34,16635.4,0
2021-06-15 10:54:36,16635.25,0
2021-06-15 10:54:37,16636.4,0
2021-06-15 10:54:39,16636.85,0
2021-06-15 10:54:40,16636.15,0
2021-06-15 10:54:42,16637.5,0
2021-06-15 10:54:45,16637.25,0
2021-06-15 10:54:49,16638.75,0
2021-06-15 10:54:50,16638.35,0
2021-06-15 10:54:51,16639.05,0
2021-06-15 10:54:52,16639.2,0
2021-06-15 10:54:54,16640.25,0
2021-06-15 10:54:57,16639.55,0
2021-06-15 10:54:58,16640.35,0
2021-06-15 10:54:59,16640.45,0
2021-06-15 10:55:01,16639.6,0
2021-06-15 10:55:02,16640.05,0
2021-06-15 10:55:04,16640.8,0
2021-06-15 10:55:05,16640.2,0
2021-06-15 10:55:08,16642.45,0
2021-06-15 10:55:10,16643.0,0
2021-06-15 10:55:12,16642.9,0
2021-06-15 10:55:18,16643.4,0
2021-06-15 10:55:21,16643.15,0
2021-06-15 10:55:25,16643.5,0
2021-06-15 10:55:27,16643.3,0
2021-06-15 10:55:31,16642.4,0
2021-06-15 10:55:36,16642.55,0
2021-06-15 10:55:40,16642.65,0
2021-06-15 10:55:43,16642.85,0
2021-06-15 10:55:44,16642.75,0
2021-06-15 10:55:46,16642.0,0
2021-06-15 10:55:48,16641.8,0
2021-06-15 10:55:50,16640.35,0
2021-06-15 10:56:08,16642.35,0
2021-06-15 10:56:12,16640.85,0
2021-06-15 10:56:15,16640.85,0
2021-06-15 10:56:19,16639.8,0
2021-06-15 10:56:20,16641.65,0
2021-06-15 10:56:22,16643.2,0
2021-06-15 10:56:25,16641.5,0
2021-06-15 10:56:31,16643.65,0
2021-06-15 10:56:34,16643.6,0
2021-06-15 10:56:35,16644.35,0
2021-06-15 10:56:38,16644.3,0
2021-06-15 10:56:39,16644.85,0
2021-06-15 10:56:40,16644.5,0
2021-06-15 10:56:44,16643.85,0
2021-06-15 10:56:45,16643.65,0
2021-06-15 10:56:49,16645.3,0
2021-06-15 10:56:51,16646.6,0
2021-06-15 10:56:52,16646.25,0
2021-06-15 10:56:55,16645.8,0
2021-06-15 10:56:56,16645.6,0
2021-06-15 10:57:06,16647.6,0
2021-06-15 10:57:11,16647.4,0
2021-06-15 10:57:12,16647.0,0
2021-06-15 10:57:15,16648.15,0
2021-06-15 10:57:16,16647.65,0
2021-06-15 10:57:21,16648.25,0
2021-06-15 10:57:23,16647.15,0
2021-06-15 10:57:28,16647.1,0
2021-06-15 10:57:32,16647.55,0
2021-06-15 10:57:37,16646.85,0
2021-06-15 10:57:38,16647.2,0
2021-06-15 10:57:39,16645.0,0
2021-06-15 10:57:42,16645.6,0
2021-06-15 10:57:44,16645.5,0
2021-06-15 10:57:47,16645.95,0
2021-06-15 10:57:50,16644.05,0
2021-06-15 10:57:52,16643.55,0
2021-06-15 10:57:57,16642.45,0
2021-06-15 10:57:59,16642.8,0
2021-06-15 10:58:06,16642.35,0
2021-06-15 10:58:10,16645.7,0
2021-06-15 10:58:11,16646.45,0
2021-06-15 10:58:13,16646.4,0
2021-06-15 10:58:16,16647.15,0
2021-06-15 10:58:18,16646.8,0
2021-06-15 10:58:19,16646.9,0
2021-06-15 10:58:21,16646.95,0
2021-06-15 10:58:23,16648.0,0
2021-06-15 10:58:25,16647.45,0
2021-06-15 10:58:27,16648.05,0
2021-06-15 10:58:28,16647.95,0
2021-06-15 10:58:30,16647.45,0
2021-06-15 10:58:32,16645.9,0
2021-06-15 10:58:36,16646.5,0
2021-06-15 10:58:37,16645.8,0
2021-06-15 10:58:41,16646.65,0
2021-06-15 10:58:48,16646.25,0
2021-06-15 10:58:49,16647.6,0
2021-06-15 10:58:50,16648.5,0
2021-06-15 10:58:52,16645.95,0
2021-06-15 10:58:53,16645.8,0
2021-06-15 10:58:54,16647.55,0
2021-06-15 10:58:55,16647.95,0
2021-06-15 10:58:57,16648.1,0
2021-06-15 10:58:58,16648.25,0
2021-06-15 10:59:00,16647.55,0
2021-06-15 10:59:03,16647.15,0
2021-06-15 10:59:08,16647.75,0
2021-06-15 10:59:09,16647.3,0
2021-06-15 10:59:10,16647.3,0
2021-06-15 10:59:12,16646.5,0
2021-06-15 10:59:13,16647.2,0
2021-06-15 10:59:15,16647.05,0
2021-06-15 10:59:17,16647.35,0
2021-06-15 10:59:22,16648.0,0
2021-06-15 10:59:23,16647.2,0
2021-06-15 10:59:29,16647.1,0
2021-06-15 10:59:30,16649.5,0
2021-06-15 10:59:31,16648.55,0
2021-06-15 10:59:32,16649.05,0
2021-06-15 10:59:34,16649.2,0
2021-06-15 10:59:36,16649.45,0
2021-06-15 10:59:51,16653.35,0
2021-06-15 10:59:52,16653.95,0
2021-06-15 10:59:53,16653.9,0
2021-06-15 10:59:56,16654.85,0
2021-06-15 10:59:59,16653.85,0
2021-06-15 11:00:06,16655.3,0
2021-06-15 11:00:08,16655.55,0
2021-06-15 11:00:14,16656.4,0
2021-06-15 11:00:17,16657.05,0
2021-06-15 11:00:22,16657.35,0
2021-06-15 11:00:25,16657.9,0
2021-06-15 11:00:32,16658.6,0
2021-06-15 11:00:34,16657.9,0
2021-06-15 11:00:37,16658.3,0
2021-06-15 11:00:38,16659.25,0
2021-06-15 11:00:40,16659.0,0
2021-06-15 11:00:41,16658.85,0
2021-06-15 11:00:42,16659.3,0
2021-06-15 11:00:43,16659.2,0
2021-06-15 11:00:46,16660.45,0
2021-06-15 11:00:47,16660.05,0
2021-06-15 11:00:48,16659.75,0
2021-06-15 11:00:49,16660.0,0
2021-06-15 11:00:52,16661.7,0
2021-06-15 11:00:53,16661.6,0
2021-06-15 11:00:55,16661.05,0
2021-06-15 11:00:59,16660.8,0
2021-06-15 11:01:00,16661.35,0
2021-06-15 11:01:02,16662.1,0
2021-06-15 11:01:08,16661.5,0
2021-06-15 11:01:10,16661.65,0
2021-06-15 11:01:12,16661.1,0
2021-06-15 11:01:15,16661.65,0
2021-06-15 11:01:20,16660.95,0
2021-06-15 11:01:22,16661.5,0
2021-06-15 11:01:24,16660.15,0
2021-06-15 11:01:25,16660.4,0
2021-06-15 11:01:29,16660.95,0
2021-06-15 11:01:33,16660.8,0
2021-06-15 11:01:34,16660.35,0
2021-06-15 11:01:35,16660.95,0
2021-06-15 11:01:37,16660.75,0
2021-06-15 11:01:38,16659.75,0
2021-06-15 11:01:40,16660.4,0
2021-06-15 11:01:44,16661.2,0
2021-06-15 11:01:54,16662.0,0
2021-06-15 11:01:56,16661.7,0
2021-06-15 11:02:02,16661.35,0
2021-06-15 11:02:04,16662.05,0
2021-06-15 11:02:10,16662.7,0
2021-06-15 11:02:11,16662.95,0
2021-06-15 11:02:13,16662.85,0
2021-06-15 11:02:14,16662.9,0
2021-06-15 11:02:15,16663.1,0
2021-06-15 11:02:17,16663.1,0
2021-06-15 11:02:24,16663.0,0
2021-06-15 11:02:25,16662.85,0
2021-06-15 11:02:30,16663.5,0
2021-06-15 11:02:31,16662.55,0
2021-06-15 11:02:32,16661.25,0
2021-06-15 11:02:33,16662.0,0
2021-06-15 11:02:34,16663.1,0
2021-06-15 11:02:42,16662.05,0
2021-06-15 11:02:43,16662.7,0
2021-06-15 11:02:44,16662.3,0
2021-06-15 11:02:47,16661.5,0
2021-06-15 11:02:53,16663.0,0
2021-06-15 11:02:59,16663.25,0
2021-06-15 11:03:02,16663.2,0
2021-06-15 11:03:07,16662.55,0
2021-06-15 11:03:10,16663.85,0
2021-06-15 11:03:22,16664.55,0
2021-06-15 11:03:23,16664.7,0
2021-06-15 11:03:25,16665.6,0
2021-06-15 11:03:31,16664.75,0
2021-06-15 11:03:32,16665.25,0
2021-06-15 11:03:36,16665.05,0
2021-06-15 11:03:37,16665.05,0
2021-06-15 11:03:38,16666.35,0
2021-06-15 11:03:42,16664.4,0
2021-06-15 11:03:45,16665.15,0
2021-06-15 11:03:54,16666.25,0
2021-06-15 11:03:56,16665.75,0
2021-06-15 11:03:57,16665.6,0
2021-06-15 11:04:02,16665.25,0
2021-06-15 11:04:03,16664.7,0
2021-06-15 11:04:06,16665.9,0
2021-06-15 11:04:07,16665.3,0
2021-06-15 11:04:09,16665.9,0
2021-06-15 11:04:23,16665.35,0
2021-06-15 11:04:24,16666.2,0
2021-06-15 11:04:25,16665.35,0
2021-06-15 11:04:26,16665.05,0
2021-06-15 11:04:27,16665.2,0
2021-06-15 11:04:28,16666.15,0
2021-06-15 11:04:30,16665.95,0
2021-06-15 11:04:33,16665.6,0
2021-06-15 11:04:34,16666.1,0
2021-06-15 11:04:41,16665.95,0
2021-06-15 11:04:42,16666.35,0
2021-06-15 11:04:44,16666.25,0
2021-06-15 11:04:45,16665.45,0
2021-06-15 11:04:47,16665.5,0
2021-06-15 11:04:50,16667.5,0
2021-06-15 11:04:52,16667.95,0
2021-06-15 11:04:59,16668.15,0
2021-06-15 11:05:02,16665.7,0
2021-06-15 11:05:09,16664.65,0
2021-06-15 11:05:13,16663.95,0
2021-06-15 11:05:15,16664.35,0
2021-06-15 11:05:17,16664.05,0
2021-06-15 11:05:20,16664.4,0
2021-06-15 11:05:40,16665.95,0
2021-06-15 11:05:46,16665.4,0
2021-06-15 11:05:51,16665.9,0
2021-06-15 11:05:55,16667.0,0
2021-06-15 11:06:02,16665.8,0
2021-06-15 11:06:03,16666.0,0
2021-06-15 11:06:04,16665.4,0
2021-06-15 11:06:07,16665.45,0
2021-06-15 11:06:09,16664.45,0
2021-06-15 11:06:10,16665.55,0
2021-06-15 11:06:12,16664.85,0
2021-06-15 11:06:26,16666.25,0
2021-06-15 11:06:29,16665.2,0
2021-06-15 11:06:30,16664.65,0
2021-06-15 11:06:33,16664.15,0
2021-06-15 11:06:41,16665.0,0
2021-06-15 11:06:42,16665.1,0
2021-06-15 11:06:57,16664.6,0
2021-06-15 11:07:01,16664.65,0
2021-06-15 11:07:02,16664.95,0
2021-06-15 11:07:04,16663.6,0
2021-06-15 11:07:10,16664.0,0
2021-06-15 11:07:15,16663.05,0
2021-06-15 11:07:26,16663.35,0
2021-06-15 11:07:28,16662.85,0
2021-06-15 11:07:29,16662.6,0
2021-06-15 11:07:31,16662.15,0
2021-06-15 11:07:37,16661.75,0
2021-06-15 11:07:42,16661.8,0
2021-06-15 11:07:48,16662.85,0
2021-06-15 11:07:49,16663.05,0
2021-06-15 11:07:52,16662.5,0
2021-06-15 11:08:00,16660.75,0
2021-06-15 11:08:02,16661.4,0
2021-06-15 11:08:03,16660.8,0
2021-06-15 11:08:06,16661.3,0
2021-06-15 11:08:10,16661.0,0
2021-06-15 11:08:13,16659.25,0
2021-06-15 11:08:14,16659.6,0
2021-06-15 11:08:15,16659.9,0
2021-06-15 11:08:16,16660.3,0
2021-06-15 11:08:18,16659.95,0
2021-06-15 11:08:19,16659.85,0
2021-06-15 11:08:20,16659.65,0
2021-06-15 11:08:27,16659.25,0
2021-06-15 11:08:28,16659.1,0
2021-06-15 11:08:30,16659.5,0
2021-06-15 11:08:32,16659.05,0
2021-06-15 11:08:33,16659.1,0
2021-06-15 11:08:34,16658.9,0
2021-06-15 11:08:40,16658.9,0
2021-06-15 11:08:44,16658.2,0
2021-06-15 11:08:46,16658.3,0
2021-06-15 11:08:52,16658.6,0
2021-06-15 11:08:53,16658.6,0
2021-06-15 11:08:58,16658.75,0
2021-06-15 11:09:00,16657.2,0
2021-06-15 11:09:01,16657.3,0
2021-06-15 11:09:04,16658.45,0
2021-06-15 11:09:07,16659.05,0
2021-06-15 11:09:08,16659.5,0
2021-06-15 11:09:11,16659.85,0
2021-06-15 11:09:13,16659.45,0
2021-06-15 11:09:20,16660.7,0
2021-06-15 11:09:22,16660.4,0
2021-06-15 11:09:23,16660.0,0
2021-06-15 11:09:27,16659.95,0
2021-06-15 11:09:28,16660.15,0
2021-06-15 11:09:29,16660.45,0
2021-06-15 11:09:35,16660.1,0
2021-06-15 11:09:42,16659.9,0
2021-06-15 11:09:43,16660.05,0
2021-06-15 11:09:46,16659.9,0
2021-06-15 11:09:49,16658.95,0
2021-06-15 11:09:50,16659.55,0
2021-06-15 11:09:52,16660.5,0
2021-06-15 11:09:53,16659.85,0
2021-06-15 11:09:57,16659.6,0
2021-06-15 11:10:00,16658.15,0
2021-06-15 11:10:06,16658.5,0
2021-06-15 11:10:12,16658.25,0
2021-06-15 11:10:13,16659.55,0
2021-06-15 11:10:18,16657.6,0
2021-06-15 11:10:19,16659.05,0
2021-06-15 11:10:20,16658.95,0
2021-06-15 11:10:21,16657.65,0
2021-06-15 11:10:22,16657.95,0
2021-06-15 11:10:25,16659.2,0
2021-06-15 11:10:26,16658.95,0
2021-06-15 11:10:31,16658.85,0
2021-06-15 11:10:33,16658.15,0
2021-06-15 11:10:38,16658.45,0
2021-06-15 11:10:40,16658.85,0
2021-06-15 11:10:41,16658.3,0
2021-06-15 11:10:42,16656.65,0
2021-06-15 11:10:44,16657.7,0
2021-06-15 11:10:45,16658.6,0
2021-06-15 11:10:46,16658.1,0
2021-06-15 11:10:52,16657.7,0
2021-06-15 11:10:53,16657.75,0
2021-06-15 11:10:55,16659.2,0
2021-06-15 11:10:57,16659.0,0
2021-06-15 11:10:58,16658.8,0
2021-06-15 11:11:00,16658.65,0
2021-06-15 11:11:05,16655.7,0
2021-06-15 11:11:09,16657.3,0
2021-06-15 11:11:10,16657.45,0
2021-06-15 11:11:11,16657.9,0
2021-06-15 11:11:13,16658.0,0
2021-06-15 11:11:14,16657.1,0
2021-06-15 11:11:16,16657.25,0
2021-06-15 11:11:24,16659.75,0
2021-06-15 11:11:30,16659.4,0
2021-06-15 11:11:31,16659.55,0
2021-06-15 11:11:36,16660.5,0
2021-06-15 11:11:40,16660.75,0
2021-06-15 11:11:42,16659.7,0
2021-06-15 11:11:48,16660.5,0
2021-06-15 11:11:51,16660.9,0
2021-06-15 11:11:54,16660.35,0
2021-06-15 11:11:57,16660.5,0
2021-06-15 11:11:59,16660.35,0
2021-06-15 11:12:05,16660.2,0
2021-06-15 11:12:08,16660.35,0
2021-06-15 11:12:11,16658.75,0
2021-06-15 11:12:13,16658.5,0
2021-06-15 11:12:15,16659.7,0
2021-06-15 11:12:21,16657.95,0
2021-06-15 11:12:22,16657.4,0
2021-06-15 11:12:24,16658.1,0
2021-06-15 11:12:25,16658.05,0
2021-06-15 11:12:27,16657.85,0
2021-06-15 11:12:28,16657.8,0
2021-06-15 11:12:30,16658.1,0
2021-06-15 11:12:40,16658.4,0
2021-06-15 11:12:44,16658.05,0
2021-06-15 11:12:48,16658.05,0
2021-06-15 11:12:51,16658.0,0
2021-06-15 11:12:55,16658.15,0
2021-06-15 11:13:00,16658.1,0
2021-06-15 11:13:03,16658.15,0
2021-06-15 11:13:09,16657.25,0
2021-06-15 11:13:11,16657.2,0
2021-06-15 11:13:14,16657.3,0
2021-06-15 11:13:19,16656.05,0
2021-06-15 11:13:23,16656.85,0
2021-06-15 11:13:36,16656.7,0
2021-06-15 11:13:41,16656.2,0
2021-06-15 11:13:42,16656.0,0
2021-06-15 11:13:47,16655.65,0
2021-06-15 11:13:49,16656.05,0
2021-06-15 11:13:51,16654.75,0
2021-06-15 11:13:54,16655.05,0
2021-06-15 11:13:58,16655.15,0
2021-06-15 11:14:01,16653.7,0
2021-06-15 11:14:03,16653.45,0
2021-06-15 11:14:04,16653.75,0
2021-06-15 11:14:11,16652.6,0
2021-06-15 11:14:12,16652.65,0
2021-06-15 11:14:13,16652.45,0
2021-06-15 11:14:21,16652.0,0
2021-06-15 11:14:32,16649.35,0
2021-06-15 11:14:34,16651.4,0
2021-06-15 11:14:35,16651.85,0
2021-06-15 11:14:38,16651.55,0
2021-06-15 11:14:40,16651.4,0
2021-06-15 11:14:44,16651.25,0
2021-06-15 11:14:47,16653.15,0
2021-06-15 11:14:51,16653.6,0
2021-06-15 11:14:58,16654.0,0
2021-06-15 11:15:06,16653.4,0
2021-06-15 11:15:09,16653.5,0
2021-06-15 11:15:12,16652.75,0
2021-06-15 11:15:16,16652.6,0
2021-06-15 11:15:18,16651.7,0
2021-06-15 11:15:21,16651.7,0
2021-06-15 11:15:31,16648.1,0
2021-06-15 11:15:37,16647.6,0
2021-06-15 11:15:38,16644.7,0
2021-06-15 11:15:39,16644.55,0
2021-06-15 11:15:40,16646.15,0
2021-06-15 11:15:47,16646.3,0
2021-06-15 11:15:48,16646.05,0
2021-06-15 11:15:52,16645.5,0
2021-06-15 11:15:55,16644.2,0
2021-06-15 11:15:57,16643.65,0
2021-06-15 11:16:02,16642.95,0
2021-06-15 11:16:03,16642.6,0
2021-06-15 11:16:05,16643.6,0
2021-06-15 11:16:09,16642.8,0
2021-06-15 11:16:10,16642.5,0
2021-06-15 11:16:11,16642.15,0
2021-06-15 11:16:15,16648.25,0
2021-06-15 11:16:16,16647.65,0
2021-06-15 11:16:19,16647.25,0
2021-06-15 11:16:23,16648.15,0
2021-06-15 11:16:27,16648.45,0
2021-06-15 11:16:28,16647.75,0
2021-06-15 11:16:30,16648.75,0
2021-06-15 11:16:32,16646.75,0
2021-06-15 11:16:33,16647.2,0
2021-06-15 11:16:38,16649.9,0
2021-06-15 11:16:39,16649.55,0
2021-06-15 11:16:41,16649.05,0
2021-06-15 11:16:44,16648.05,0
2021-06-15 11:16:45,16648.1,0
2021-06-15 11:16:52,16646.15,0
2021-06-15 11:16:54,16646.6,0
2021-06-15 11:17:00,16646.75,0
2021-06-15 11:17:02,16646.9,0
2021-06-15 11:17:04,16645.8,0
2021-06-15 11:17:06,16646.6,0
2021-06-15 11:17:07,16646.15,0
2021-06-15 11:17:13,16643.0,0
2021-06-15 11:17:16,16644.7,0
2021-06-15 11:17:17,16644.35,0
2021-06-15 11:17:19,16644.2,0
2021-06-15 11:17:29,16645.45,0
2021-06-15 11:17:33,16645.5,0
2021-06-15 11:17:40,16646.15,0
2021-06-15 11:17:42,16647.45,0
2021-06-15 11:17:44,16645.7,0
2021-06-15 11:17:45,16646.2,0
2021-06-15 11:17:47,16647.4,0
2021-06-15 11:17:48,16646.75,0
2021-06-15 11:17:55,16647.7,0
2021-06-15 11:18:02,16649.05,0
2021-06-15 11:18:03,16649.25,0
2021-06-15 11:18:04,16649.55,0
2021-06-15 11:18:07,16648.95,0
2021-06-15 11:18:10,16650.35,0
2021-06-15 11:18:12,16649.75,0
2021-06-15 11:18:17,16649.8,0
2021-06-15 11:18:20,16649.95,0
2021-06-15 11:18:24,16650.25,0
2021-06-15 11:18:25,16650.25,0
2021-06-15 11:18:27,16650.7,0
2021-06-15 11:18:29,16650.3,0
2021-06-15 11:18:35,16650.25,0
2021-06-15 11:18:37,16649.55,0
2021-06-15 11:18:39,16650.4,0
2021-06-15 11:18:40,16650.25,0
2021-06-15 11:18:41,16650.55,0
2021-06-15 11:18:42,16650.8,0
2021-06-15 11:18:45,16650.35,0
2021-06-15 11:18:46,16650.0,0
2021-06-15 11:18:48,16650.55,0
2021-06-15 11:18:49,16650.5,0
2021-06-15 11:18:55,16649.75,0
2021-06-15 11:18:58,16650.45,0
2021-06-15 11:19:00,16649.9,0
2021-06-15 11:19:01,16649.4,0
2021-06-15 11:19:07,16650.75,0
2021-06-15 11:19:08,16650.9,0
2021-06-15 11:19:14,16652.3,0
2021-06-15 11:19:15,16652.6,0
2021-06-15 11:19:23,16652.15,0
2021-06-15 11:19:24,16652.1,0
2021-06-15 11:19:26,16652.6,0
2021-06-15 11:19:32,16653.15,0
2021-06-15 11:19:36,16652.35,0
2021-06-15 11:19:37,16652.8,0
2021-06-15 11:19:38,16652.6,0
2021-06-15 11:19:39,16652.95,0
2021-06-15 11:19:42,16652.65,0
2021-06-15 11:19:43,16653.0,0
2021-06-15 11:19:44,16653.15,0
2021-06-15 11:19:46,16652.8,0
2021-06-15 11:19:51,16652.85,0
2021-06-15 11:20:01,16651.7,0
2021-06-15 11:20:06,16651.45,0
2021-06-15 11:20:09,16652.0,0
2021-06-15 11:20:11,16651.7,0
2021-06-15 11:20:15,16652.95,0
2021-06-15 11:20:18,16652.65,0
2021-06-15 11:20:21,16651.75,0
2021-06-15 11:20:29,16653.2,0
2021-06-15 11:20:37,16652.65,0
2021-06-15 11:20:45,16653.7,0
2021-06-15 11:20:48,16653.3,0
2021-06-15 11:20:49,16653.25,0
2021-06-15 11:20:50,16653.2,0
2021-06-15 11:20:55,16653.35,0
2021-06-15 11:20:56,16653.1,0
2021-06-15 11:21:02,16654.15,0
2021-06-15 11:21:03,16653.85,0
2021-06-15 11:21:07,16651.85,0
2021-06-15 11:21:09,16652.25,0
2021-06-15 11:21:11,16652.25,0
2021-06-15 11:21:19,16652.1,0
2021-06-15 11:21:21,16652.4,0
2021-06-15 11:21:23,16651.8,0
2021-06-15 11:21:26,16651.75,0
2021-06-15 11:21:27,16651.15,0
2021-06-15 11:21:30,16651.2,0
2021-06-15 11:21:31,16650.35,0
2021-06-15 11:21:33,16649.9,0
2021-06-15 11:21:34,16651.3,0
2021-06-15 11:21:35,16651.5,0
2021-06-15 11:21:37,16651.75,0
2021-06-15 11:21:38,16651.6,0
2021-06-15 11:21:41,16652.3,0
2021-06-15 11:21:42,16652.35,0
2021-06-15 11:21:45,16652.05,0
2021-06-15 11:21:47,16651.7,0
2021-06-15 11:21:49,16651.0,0
2021-06-15 11:21:50,16651.55,0
2021-06-15 11:21:52,16651.1,0
2021-06-15 11:21:53,16651.35,0
2021-06-15 11:21:54,16651.7,0
2021-06-15 11:21:58,16652.05,0
2021-06-15 11:22:09,16651.65,0
2021-06-15 11:22:14,16652.0,0
2021-06-15 11:22:16,16652.35,0
2021-06-15 11:22:19,16652.0,0
2021-06-15 11:22:20,16652.15,0
2021-06-15 11:22:22,16651.85,0
2021-06-15 11:22:23,16652.1,0
2021-06-15 11:22:25,16652.05,0
2021-06-15 11:22:27,16651.85,0
2021-06-15 11:22:30,16652.2,0
2021-06-15 11:22:34,16652.65,0
2021-06-15 11:22:38,16653.75,0
2021-06-15 11:22:39,16654.3,0
2021-06-15 11:22:51,16653.15,0
2021-06-15 11:22:53,16654.35,0
2021-06-15 11:22:55,16654.55,0
2021-06-15 11:23:06,16653.35,0
2021-06-15 11:23:07,16652.85,0
2021-06-15 11:23:09,16652.65,0
2021-06-15 11:23:11,16652.95,0
2021-06-15 11:23:21,16653.85,0
2021-06-15 11:23:25,16654.25,0
2021-06-15 11:23:26,16654.25,0
2021-06-15 11:23:27,16653.9,0
2021-06-15 11:23:31,16653.45,0
2021-06-15 11:23:33,16654.45,0
2021-06-15 11:23:43,16652.95,0
2021-06-15 11:23:46,16653.7,0
2021-06-15 11:23:48,16654.05,0
2021-06-15 11:23:50,16654.35,0
2021-06-15 11:23:57,16655.05,0
2021-06-15 11:24:02,16655.6,0
2021-06-15 11:24:03,16654.15,0
2021-06-15 11:24:04,16652.95,0
2021-06-15 11:24:08,16653.6,0
2021-06-15 11:24:09,16653.7,0
2021-06-15 11:24:11,16654.0,0
2021-06-15 11:24:13,16654.35,0
2021-06-15 11:24:14,16654.2,0
2021-06-15 11:24:16,16654.0,0
2021-06-15 11:24:17,16653.85,0
2021-06-15 11:24:20,16654.25,0
2021-06-15 11:24:43,16653.45,0
2021-06-15 11:24:46,16652.95,0
2021-06-15 11:24:48,16652.85,0
2021-06-15 11:24:51,16653.05,0
2021-06-15 11:24:53,16652.45,0
2021-06-15 11:25:06,16652.15,0
2021-06-15 11:25:09,16652.3,0
2021-06-15 11:25:10,16652.15,0
2021-06-15 11:25:14,16652.5,0
2021-06-15 11:25:15,16652.35,0
2021-06-15 11:25:16,16652.05,0
2021-06-15 11:25:17,16652.15,0
2021-06-15 11:25:20,16651.8,0
2021-06-15 11:25:21,16651.25,0
2021-06-15 11:25:22,16651.2,0
2021-06-15 11:25:24,16651.9,0
2021-06-15 11:25:28,16649.8,0
2021-06-15 11:25:29,16647.6,0
2021-06-15 11:25:30,16648.95,0
2021-06-15 11:25:34,16646.95,0
2021-06-15 11:25:35,16646.75,0
2021-06-15 11:25:36,16646.55,0
2021-06-15 11:25:37,16646.3,0
2021-06-15 11:25:39,16645.8,0
2021-06-15 11:25:44,16644.95,0
2021-06-15 11:25:45,16646.65,0
2021-06-15 11:25:50,16645.1,0
2021-06-15 11:25:55,16645.95,0
2021-06-15 11:25:59,16647.05,0
2021-06-15 11:26:13,16646.55,0
2021-06-15 11:26:14,16645.95,0
2021-06-15 11:26:16,16645.75,0
2021-06-15 11:26:19,16645.1,0
2021-06-15 11:26:21,16645.1,0
2021-06-15 11:26:25,16645.0,0
2021-06-15 11:26:32,16644.2,0
2021-06-15 11:26:36,16645.1,0
2021-06-15 11:26:38,16645.25,0
2021-06-15 11:26:40,16645.45,0
2021-06-15 11:26:44,16645.55,0
2021-06-15 11:26:54,16643.85,0
2021-06-15 11:26:59,16643.85,0
2021-06-15 11:27:00,16645.55,0
2021-06-15 11:27:05,16648.35,0
2021-06-15 11:27:07,16646.2,0
2021-06-15 11:27:15,16647.6,0
2021-06-15 11:27:16,16647.75,0
2021-06-15 11:27:26,16648.85,0
2021-06-15 11:27:29,16649.15,0
2021-06-15 11:27:36,16648.9,0
2021-06-15 11:27:41,16649.85,0
2021-06-15 11:27:43,16650.15,0
2021-06-15 11:27:44,16651.4,0
2021-06-15 11:27:46,16651.3,0
2021-06-15 11:27:47,16650.0,0
2021-06-15 11:27:48,16649.45,0
2021-06-15 11:27:51,16649.7,0
2021-06-15 11:27:57,16650.45,0
2021-06-15 11:28:05,16650.35,0
2021-06-15 11:28:10,16649.65,0
2021-06-15 11:28:11,16649.5,0
2021-06-15 11:28:12,16649.05,0
2021-06-15 11:28:17,16647.55,0
2021-06-15 11:28:19,16647.9,0
2021-06-15 11:28:27,16647.45,0
2021-06-15 11:28:29,16647.7,0
2021-06-15 11:28:32,16647.6,0
2021-06-15 11:28:36,16647.5,0
2021-06-15 11:28:40,16648.4,0
2021-06-15 11:28:41,16648.05,0
2021-06-15 11:28:48,16648.45,0
2021-06-15 11:28:50,16648.55,0
2021-06-15 11:28:58,16649.4,0
2021-06-15 11:29:01,16648.35,0
2021-06-15 11:29:04,16647.65,0
2021-06-15 11:29:05,16647.55,0
2021-06-15 11:29:12,16645.95,0
2021-06-15 11:29:13,16646.0,0
2021-06-15 11:29:14,16645.9,0
2021-06-15 11:29:16,16647.1,0
2021-06-15 11:29:18,16646.5,0
2021-06-15 11:29:23,16645.8,0
2021-06-15 11:29:26,16645.1,0
2021-06-15 11:29:27,16645.85,0
2021-06-15 11:29:36,16645.0,0
2021-06-15 11:29:37,16645.45,0
2021-06-15 11:29:49,16646.75,0
2021-06-15 11:29:52,16646.65,0
2021-06-15 11:29:56,16647.6,0
2021-06-15 11:29:57,16647.4,0
2021-06-15 11:30:00,16647.5,0
2021-06-15 11:30:16,16645.8,0
2021-06-15 11:30:21,16645.1,0
2021-06-15 11:30:22,16645.75,0
2021-06-15 11:30:23,16645.75,0
2021-06-15 11:30:26,16645.25,0
2021-06-15 11:30:28,16645.9,0
2021-06-15 11:30:30,16646.05,0
2021-06-15 11:30:34,16646.9,0
2021-06-15 11:30:37,16646.3,0
2021-06-15 11:30:38,16648.45,0
2021-06-15 11:30:40,16647.4,0
2021-06-15 11:30:43,16647.55,0
2021-06-15 11:30:46,16647.85,0
2021-06-15 11:30:50,16647.65,0
2021-06-15 11:30:52,16648.35,0
2021-06-15 11:31:02,16648.0,0
2021-06-15 11:31:03,16649.05,0
2021-06-15 11:31:10,16648.7,0
2021-06-15 11:31:14,16650.35,0
2021-06-15 11:31:15,16651.7,0
2021-06-15 11:31:16,16651.7,0
2021-06-15 11:31:20,16650.9,0
2021-06-15 11:31:24,16650.45,0
2021-06-15 11:31:26,16650.1,0
2021-06-15 11:31:29,16650.25,0
2021-06-15 11:31:31,16650.45,0
2021-06-15 11:31:36,16650.35,0
2021-06-15 11:31:37,16650.65,0
2021-06-15 11:31:40,16651.0,0
2021-06-15 11:31:42,16651.05,0
2021-06-15 11:31:46,16650.2,0
2021-06-15 11:31:48,16650.55,0
2021-06-15 11:31:57,16651.8,0
2021-06-15 11:32:00,16651.5,0
2021-06-15 11:32:01,16651.65,0
2021-06-15 11:32:02,16651.5,0
2021-06-15 11:32:08,16651.25,0
2021-06-15 11:32:09,16651.5,0
2021-06-15 11:32:12,16652.75,0
2021-06-15 11:32:13,16652.65,0
2021-06-15 11:32:14,16652.0,0
2021-06-15 11:32:16,16651.6,0
2021-06-15 11:32:21,16653.1,0
2021-06-15 11:32:24,16653.2,0
2021-06-15 11:32:31,16653.15,0
2021-06-15 11:32:43,16652.45,0
2021-06-15 11:32:51,16652.75,0
2021-06-15 11:32:59,16653.95,0
2021-06-15 11:33:03,16653.65,0
2021-06-15 11:33:11,16654.9,0
2021-06-15 11:33:18,16653.3,0
2021-06-15 11:33:20,16653.75,0
2021-06-15 11:33:22,16654.4,0
2021-06-15 11:33:23,16654.15,0
2021-06-15 11:33:24,16654.45,0
2021-06-15 11:33:29,16653.9,0
2021-06-15 11:33:30,16654.25,0
2021-06-15 11:33:31,16653.95,0
2021-06-15 11:33:35,16655.0,0
2021-06-15 11:33:40,16654.95,0
2021-06-15 11:33:45,16654.95,0
2021-06-15 11:33:54,16655.6,0
2021-06-15 11:33:56,16655.65,0
2021-06-15 11:34:08,16655.2,0
2021-06-15 11:34:09,16655.85,0
2021-06-15 11:34:12,16656.75,0
2021-06-15 11:34:21,16657.45,0
2021-06-15 11:34:26,16656.95,0
2021-06-15 11:34:27,16656.85,0
2021-06-15 11:34:38,16657.15,0
2021-06-15 11:34:40,16657.7,0
2021-06-15 11:34:41,16657.45,0
2021-06-15 11:34:42,16657.15,0
2021-06-15 11:34:53,16658.05,0
2021-06-15 11:34:55,16658.7,0
2021-06-15 11:35:00,16659.25,0
2021-06-15 11:35:04,16658.05,0
2021-06-15 11:35:07,16657.35,0
2021-06-15 11:35:10,16659.15,0
2021-06-15 11:35:14,16659.2,0
2021-06-15 11:35:15,16659.4,0
2021-06-15 11:35:23,16657.9,0
2021-06-15 11:35:24,16658.5,0
2021-06-15 11:35:25,16658.05,0
2021-06-15 11:35:26,16657.95,0
2021-06-15 11:35:28,16658.5,0
2021-06-15 11:35:34,16658.05,0
2021-06-15 11:35:36,16656.7,0
2021-06-15 11:35:37,16656.85,0
2021-06-15 11:35:39,16657.05,0
2021-06-15 11:35:42,16657.55,0
2021-06-15 11:35:45,16656.6,0
2021-06-15 11:35:52,16657.25,0
2021-06-15 11:35:53,16657.15,0
2021-06-15 11:35:54,16658.0,0
2021-06-15 11:35:58,16657.25,0
2021-06-15 11:36:01,16657.65,0
2021-06-15 11:36:11,16656.15,0
2021-06-15 11:36:12,16656.65,0
2021-06-15 11:36:18,16657.15,0
2021-06-15 11:36:21,16655.4,0
2021-06-15 11:36:26,16655.45,0
2021-06-15 11:36:27,16656.35,0
2021-06-15 11:36:30,16657.55,0
2021-06-15 11:36:33,16656.8,0
2021-06-15 11:36:41,16657.05,0
2021-06-15 11:36:43,16656.45,0
2021-06-15 11:36:45,16656.5,0
2021-06-15 11:36:48,16656.0,0
2021-06-15 11:36:52,16655.8,0
2021-06-15 11:36:54,16656.85,0
2021-06-15 11:36:56,16657.05,0
2021-06-15 11:37:00,16655.9,0
2021-06-15 11:37:12,16650.75,0
2021-06-15 11:37:14,16651.0,0
2021-06-15 11:37:15,16650.6,0
2021-06-15 11:37:16,16651.35,0
2021-06-15 11:37:19,16652.15,0
2021-06-15 11:37:20,16651.9,0
2021-06-15 11:37:23,16652.0,0
2021-06-15 11:37:25,16651.85,0
2021-06-15 11:37:27,16651.6,0
2021-06-15 11:37:28,16651.55,0
2021-06-15 11:37:29,16651.9,0
2021-06-15 11:37:33,16650.9,0
2021-06-15 11:37:34,16651.35,0
2021-06-15 11:37:36,16650.95,0
2021-06-15 11:37:41,16652.15,0
2021-06-15 11:37:51,16651.6,0
2021-06-15 11:37:52,16651.85,0
2021-06-15 11:37:55,16651.15,0
2021-06-15 11:37:58,16650.65,0
2021-06-15 11:38:01,16650.5,0
2021-06-15 11:38:04,16650.6,0
2021-06-15 11:38:08,16650.3,0
2021-06-15 11:38:10,16650.5,0
2021-06-15 11:38:13,16649.85,0
2021-06-15 11:38:14,16650.15,0
2021-06-15 11:38:16,16650.25,0
2021-06-15 11:38:18,16649.65,0
2021-06-15 11:38:19,16649.15,0
2021-06-15 11:38:34,16649.95,0
2021-06-15 11:38:36,16650.35,0
2021-06-15 11:38:39,16650.0,0
2021-06-15 11:38:40,16650.45,0
2021-06-15 11:38:44,16650.1,0
2021-06-15 11:38:48,16649.85,0
2021-06-15 11:38:55,16650.55,0
2021-06-15 11:38:58,16650.0,0
2021-06-15 11:38:59,16649.75,0
2021-06-15 11:39:00,16650.1,0
2021-06-15 11:39:02,16649.7,0
2021-06-15 11:39:04,16649.75,0
2021-06-15 11:39:06,16650.35,0
2021-06-15 11:39:07,16649.85,0
2021-06-15 11:39:11,16650.25,0
2021-06-15 11:39:12,16650.15,0
2021-06-15 11:39:16,16649.85,0
2021-06-15 11:39:22,16651.0,0
2021-06-15 11:39:24,16651.6,0
2021-06-15 11:39:27,16651.8,0
2021-06-15 11:39:34,16651.4,0
2021-06-15 11:39:36,16651.9,0
2021-06-15 11:39:37,16651.65,0
2021-06-15 11:39:38,16651.75,0
2021-06-15 11:39:41,16652.0,0
2021-06-15 11:39:42,16651.95,0
2021-06-15 11:39:47,16652.15,0
2021-06-15 11:39:56,16655.0,0
2021-06-15 11:40:03,16653.45,0
2021-06-15 11:40:08,16654.0,0
2021-06-15 11:40:09,16654.15,0
2021-06-15 11:40:11,16653.35,0
2021-06-15 11:40:20,16654.2,0
2021-06-15 11:40:22,16654.85,0
2021-06-15 11:40:24,16654.95,0
2021-06-15 11:40:27,16655.05,0
2021-06-15 11:40:31,16654.55,0
2021-06-15 11:40:32,16653.25,0
2021-06-15 11:40:39,16652.6,0
2021-06-15 11:40:41,16651.85,0
2021-06-15 11:40:42,16651.95,0
2021-06-15 11:40:45,16651.2,0
2021-06-15 11:40:48,16650.75,0
2021-06-15 11:40:56,16651.65,0
2021-06-15 11:40:57,16651.35,0
2021-06-15 11:41:09,16651.3,0
2021-06-15 11:41:10,16651.75,0
2021-06-15 11:41:11,16651.85,0
2021-06-15 11:41:12,16651.65,0
2021-06-15 11:41:17,16652.05,0
2021-06-15 11:41:21,16652.25,0
2021-06-15 11:41:23,16652.1,0
2021-06-15 11:41:24,16652.05,0
2021-06-15 11:41:27,16651.3,0
2021-06-15 11:41:28,16650.95,0
2021-06-15 11:41:35,16651.65,0
2021-06-15 11:41:37,16650.25,0
2021-06-15 11:41:39,16650.45,0
2021-06-15 11:41:43,16649.3,0
2021-06-15 11:41:44,16649.35,0
2021-06-15 11:41:45,16650.15,0
2021-06-15 11:41:46,16648.6,0
2021-06-15 11:41:50,16648.3,0
2021-06-15 11:41:58,16647.75,0
2021-06-15 11:41:59,16648.05,0
2021-06-15 11:42:01,16647.3,0
2021-06-15 11:42:07,16645.9,0
2021-06-15 11:42:08,16647.0,0
2021-06-15 11:42:09,16647.25,0
2021-06-15 11:42:10,16647.0,0
2021-06-15 11:42:16,16644.7,0
2021-06-15 11:42:17,16644.25,0
2021-06-15 11:42:25,16643.55,0
2021-06-15 11:42:29,16642.5,0
2021-06-15 11:42:32,16643.2,0
2021-06-15 11:42:38,16640.3,0
2021-06-15 11:42:39,16640.65,0
2021-06-15 11:42:43,16642.9,0
2021-06-15 11:42:47,16642.4,0
2021-06-15 11:42:54,16642.25,0
2021-06-15 11:42:59,16642.75,0
2021-06-15 11:43:00,16642.3,0
2021-06-15 11:43:03,16641.65,0
2021-06-15 11:43:09,16642.65,0
2021-06-15 11:43:11,16641.8,0
2021-06-15 11:43:15,16642.5,0
2021-06-15 11:43:19,16641.95,0
2021-06-15 11:43:21,16642.4,0
2021-06-15 11:43:23,16642.8,0
2021-06-15 11:43:24,16642.5,0
2021-06-15 11:43:26,16642.85,0
2021-06-15 11:43:28,16642.05,0
2021-06-15 11:43:29,16642.15,0
2021-06-15 11:43:34,16644.65,0
2021-06-15 11:43:35,16645.05,0
2021-06-15 11:43:40,16643.8,0
2021-06-15 11:43:43,16643.4,0
2021-06-15 11:43:47,16643.1,0
2021-06-15 11:43:49,16643.9,0
2021-06-15 11:43:50,16643.35,0
2021-06-15 11:43:51,16643.25,0
2021-06-15 11:43:54,16642.9,0
2021-06-15 11:43:56,16643.65,0
2021-06-15 11:43:57,16642.95,0
2021-06-15 11:43:59,16643.4,0
2021-06-15 11:44:00,16642.5,0
2021-06-15 11:44:01,16640.9,0
2021-06-15 11:44:07,16641.2,0
2021-06-15 11:44:09,16641.55,0
2021-06-15 11:44:11,16640.9,0
2021-06-15 11:44:17,16640.7,0
2021-06-15 11:44:20,16641.25,0
2021-06-15 11:44:22,16641.75,0
2021-06-15 11:44:24,16642.45,0
2021-06-15 11:44:25,16642.0,0
2021-06-15 11:44:27,16643.3,0
2021-06-15 11:44:28,16642.05,0
2021-06-15 11:44:29,16642.75,0
2021-06-15 11:44:32,16643.15,0
2021-06-15 11:44:33,16642.65,0
2021-06-15 11:44:38,16641.95,0
2021-06-15 11:44:39,16642.35,0
2021-06-15 11:44:41,16642.85,0
2021-06-15 11:44:43,16642.4,0
2021-06-15 11:44:44,16642.9,0
2021-06-15 11:44:45,16642.65,0
2021-06-15 11:44:48,16643.35,0
2021-06-15 11:44:54,16642.95,0
2021-06-15 11:44:56,16643.95,0
2021-06-15 11:44:57,16642.9,0
2021-06-15 11:44:58,16642.85,0
2021-06-15 11:45:03,16643.0,0
2021-06-15 11:45:06,16641.95,0
2021-06-15 11:45:11,16641.35,0
2021-06-15 11:45:12,16641.75,0
2021-06-15 11:45:14,16639.9,0
2021-06-15 11:45:16,16639.2,0
2021-06-15 11:45:17,16639.8,0
2021-06-15 11:45:21,16639.9,0
2021-06-15 11:45:23,16639.4,0
2021-06-15 11:45:25,16639.25,0
2021-06-15 11:45:28,16639.8,0
2021-06-15 11:45:31,16639.75,0
2021-06-15 11:45:37,16640.45,0
2021-06-15 11:45:38,16639.7,0
2021-06-15 11:45:40,16640.15,0
2021-06-15 11:45:41,16641.45,0
2021-06-15 11:45:42,16641.5,0
2021-06-15 11:45:43,16642.15,0
2021-06-15 11:45:48,16642.25,0
2021-06-15 11:45:51,16645.0,0
2021-06-15 11:45:53,16645.05,0
2021-06-15 11:45:55,16644.1,0
2021-06-15 11:45:56,16644.1,0
2021-06-15 11:45:57,16643.85,0
2021-06-15 11:45:59,16643.9,0
2021-06-15 11:46:05,16642.9,0
2021-06-15 11:46:08,16641.05,0
2021-06-15 11:46:09,16640.9,0
2021-06-15 11:46:13,16641.65,0
2021-06-15 11:46:22,16640.95,0
2021-06-15 11:46:25,16641.2,0
2021-06-15 11:46:27,16641.35,0
2021-06-15 11:46:28,16641.2,0
2021-06-15 11:46:29,16641.6,0
2021-06-15 11:46:37,16640.7,0
2021-06-15 11:46:43,16638.75,0
2021-06-15 11:46:46,16637.9,0
2021-06-15 11:46:49,16635.6,0
2021-06-15 11:46:52,16635.7,0
2021-06-15 11:46:56,16635.05,0
2021-06-15 11:47:01,16636.25,0
2021-06-15 11:47:07,16634.95,0
2021-06-15 11:47:11,16635.95,0
2021-06-15 11:47:12,16635.6,0
2021-06-15 11:47:19,16636.35,0
2021-06-15 11:47:22,16635.9,0
2021-06-15 11:47:23,16634.55,0
2021-06-15 11:47:24,16634.9,0
2021-06-15 11:47:26,16635.95,0
2021-06-15 11:47:30,16634.45,0
2021-06-15 11:47:41,16631.5,0
2021-06-15 11:47:49,16630.25,0
2021-06-15 11:47:58,16634.05,0
2021-06-15 11:47:59,16635.0,0
2021-06-15 11:48:04,16635.9,0
2021-06-15 11:48:05,16636.3,0
2021-06-15 11:48:06,16636.25,0
2021-06-15 11:48:08,16635.45,0
2021-06-15 11:48:09,16637.25,0
2021-06-15 11:48:10,16637.4,0
2021-06-15 11:48:14,16637.4,0
2021-06-15 11:48:16,16636.9,0
2021-06-15 11:48:17,16636.75,0
2021-06-15 11:48:20,16637.45,0
2021-06-15 11:48:28,16636.8,0
2021-06-15 11:48:30,16636.9,0
2021-06-15 11:48:34,16637.35,0
2021-06-15 11:48:35,16636.5,0
2021-06-15 11:48:36,16636.35,0
2021-06-15 11:48:38,16637.7,0
2021-06-15 11:48:40,16636.4,0
2021-06-15 11:48:44,16637.65,0
2021-06-15 11:48:48,16635.95,0
2021-06-15 11:48:50,16637.3,0
2021-06-15 11:48:51,16637.2,0
2021-06-15 11:48:52,16636.4,0
2021-06-15 11:48:58,16637.3,0
2021-06-15 11:48:59,16637.3,0
2021-06-15 11:49:04,16638.6,0
2021-06-15 11:49:05,16638.55,0
2021-06-15 11:49:06,16638.25,0
2021-06-15 11:49:12,16638.15,0
2021-06-15 11:49:19,16640.2,0
2021-06-15 11:49:21,16640.3,0
2021-06-15 11:49:22,16639.6,0
2021-06-15 11:49:26,16639.3,0
2021-06-15 11:49:28,16639.3,0
2021-06-15 11:49:29,16638.7,0
2021-06-15 11:49:30,16638.45,0
2021-06-15 11:49:31,16639.5,0
2021-06-15 11:49:32,16639.25,0
2021-06-15 11:49:37,16639.7,0
2021-06-15 11:49:40,16639.4,0
2021-06-15 11:49:45,16640.45,0
2021-06-15 11:49:46,16640.95,0
2021-06-15 11:49:47,16640.7,0
2021-06-15 11:49:50,16640.5,0
2021-06-15 11:49:56,16640.55,0
2021-06-15 11:49:58,16640.05,0
2021-06-15 11:50:02,16639.4,0
2021-06-15 11:50:04,16640.75,0
2021-06-15 11:50:07,16639.9,0
2021-06-15 11:50:08,16640.15,0
2021-06-15 11:50:09,16640.3,0
2021-06-15 11:50:10,16640.3,0
2021-06-15 11:50:12,16640.85,0
2021-06-15 11:50:13,16640.35,0
2021-06-15 11:50:16,16640.75,0
2021-06-15 11:50:28,16641.85,0
2021-06-15 11:50:30,16641.7,0
2021-06-15 11:50:32,16642.05,0
2021-06-15 11:50:37,16641.85,0
2021-06-15 11:50:38,16642.25,0
2021-06-15 11:50:42,16640.7,0
2021-06-15 11:50:45,16641.45,0
2021-06-15 11:50:48,16640.2,0
2021-06-15 11:50:52,16640.0,0
2021-06-15 11:51:02,16639.4,0
2021-06-15 11:51:04,16639.4,0
2021-06-15 11:51:11,16639.0,0
2021-06-15 11:51:14,16639.1,0
2021-06-15 11:51:15,16639.45,0
2021-06-15 11:51:17,16638.85,0
2021-06-15 11:51:22,16640.3,0
2021-06-15 11:51:23,16640.5,0
2021-06-15 11:51:25,16640.5,0
2021-06-15 11:51:26,16640.2,0
2021-06-15 11:51:33,16640.85,0
2021-06-15 11:51:36,16640.6,0
2021-06-15 11:51:44,16641.9,0
2021-06-15 11:51:46,16640.05,0
2021-06-15 11:51:49,16641.3,0
2021-06-15 11:51:59,16640.65,0
2021-06-15 11:52:01,16641.8,0
2021-06-15 11:52:07,16640.35,0
2021-06-15 11:52:09,16641.3,0
2021-06-15 11:52:11,16641.85,0
2021-06-15 11:52:12,16642.15,0
2021-06-15 11:52:13,16640.8,0
2021-06-15 11:52:15,16642.75,0
2021-06-15 11:52:18,16641.55,0
2021-06-15 11:52:21,16641.2,0
2021-06-15 11:52:30,16641.8,0
2021-06-15 11:52:32,16641.6,0
2021-06-15 11:52:33,16642.25,0
2021-06-15 11:52:37,16641.55,0
2021-06-15 11:52:44,16641.6,0
2021-06-15 11:52:46,16642.15,0
2021-06-15 11:52:48,16641.0,0
2021-06-15 11:52:50,16642.35,0
2021-06-15 11:52:56,16642.45,0
2021-06-15 11:52:57,16642.35,0
2021-06-15 11:52:59,16642.8,0
2021-06-15 11:53:01,16642.2,0
2021-06-15 11:53:02,16641.55,0
2021-06-15 11:53:11,16642.0,0
2021-06-15 11:53:12,16641.9,0
2021-06-15 11:53:17,16641.85,0
2021-06-15 11:53:18,16642.35,0
2021-06-15 11:53:23,16641.95,0
2021-06-15 11:53:26,16643.05,0
2021-06-15 11:53:30,16643.55,0
2021-06-15 11:53:36,16643.3,0
2021-06-15 11:53:38,16643.3,0
2021-06-15 11:53:39,16643.05,0
2021-06-15 11:53:44,16644.85,0
2021-06-15 11:53:54,16647.95,0
2021-06-15 11:53:55,16649.2,0
2021-06-15 11:53:57,16648.8,0
2021-06-15 11:54:01,16650.05,0
2021-06-15 11:54:04,16650.5,0
2021-06-15 11:54:06,16652.5,0
2021-06-15 11:54:07,16652.85,0
2021-06-15 11:54:10,16653.35,0
2021-06-15 11:54:12,16653.65,0
2021-06-15 11:54:15,16653.3,0
2021-06-15 11:54:20,16654.75,0
2021-06-15 11:54:24,16654.7,0
2021-06-15 11:54:36,16655.1,0
2021-06-15 11:54:38,16654.45,0
2021-06-15 11:54:41,16655.35,0
2021-06-15 11:54:43,16655.15,0
2021-06-15 11:54:45,16654.75,0
2021-06-15 11:54:46,16654.1,0
2021-06-15 11:54:48,16651.95,0
2021-06-15 11:54:50,16652.75,0
2021-06-15 11:54:53,16653.0,0
2021-06-15 11:54:57,16651.55,0
2021-06-15 11:54:59,16651.05,0
2021-06-15 11:55:00,16651.65,0
2021-06-15 11:55:05,16651.25,0
2021-06-15 11:55:06,16651.4,0
2021-06-15 11:55:07,16649.4,0
2021-06-15 11:55:11,16651.35,0
2021-06-15 11:55:13,16650.35,0
2021-06-15 11:55:18,16649.6,0
2021-06-15 11:55:19,16650.1,0
2021-06-15 11:55:21,16650.25,0
2021-06-15 11:55:22,16650.35,0
2021-06-15 11:55:23,16651.2,0
2021-06-15 11:55:26,16651.85,0
2021-06-15 11:55:30,16652.3,0
2021-06-15 11:55:36,16651.55,0
2021-06-15 11:55:39,16652.5,0
2021-06-15 11:55:46,16652.8,0
2021-06-15 11:55:47,16653.15,0
2021-06-15 11:55:50,16652.75,0
2021-06-15 11:55:53,16653.65,0
2021-06-15 11:55:55,16652.95,0
2021-06-15 11:56:00,16651.1,0
2021-06-15 11:56:01,16650.6,0
2021-06-15 11:56:03,16651.15,0
2021-06-15 11:56:06,16649.1,0
2021-06-15 11:56:12,16647.55,0
2021-06-15 11:56:15,16648.6,0
2021-06-15 11:56:17,16647.85,0
2021-06-15 11:56:19,16647.8,0
2021-06-15 11:56:22,16648.8,0
2021-06-15 11:56:23,16648.7,0
2021-06-15 11:56:25,16649.25,0
2021-06-15 11:56:28,16649.0,0
2021-06-15 11:56:31,16650.35,0
2021-06-15 11:56:33,16650.5,0
2021-06-15 11:56:35,16650.85,0
2021-06-15 11:56:37,16650.05,0
2021-06-15 11:56:42,16650.4,0
2021-06-15 11:56:45,16650.95,0
2021-06-15 11:56:54,16650.55,0
2021-06-15 11:57:06,16652.3,0
2021-06-15 11:57:07,16650.95,0
2021-06-15 11:57:12,16652.95,0
2021-06-15 11:57:16,16653.8,0
2021-06-15 11:57:18,16652.75,0
2021-06-15 11:57:23,16653.55,0
2021-06-15 11:57:26,16652.85,0
2021-06-15 11:57:35,16652.45,0
2021-06-15 11:57:36,16652.4,0
2021-06-15 11:57:44,16650.95,0
2021-06-15 11:57:45,16651.6,0
2021-06-15 11:57:47,16650.35,0
2021-06-15 11:57:49,16650.7,0
2021-06-15 11:57:50,16651.3,0
2021-06-15 11:57:51,16651.05,0
2021-06-15 11:57:52,16650.4,0
2021-06-15 11:57:56,16650.85,0
2021-06-15 11:58:00,16651.15,0
2021-06-15 11:58:02,16651.0,0
2021-06-15 11:58:05,16650.7,0
2021-06-15 11:58:07,16649.85,0
2021-06-15 11:58:10,16650.4,0
2021-06-15 11:58:15,16651.7,0
2021-06-15 11:58:22,16650.75,0
2021-06-15 11:58:23,16650.55,0
2021-06-15 11:58:24,16650.95,0
2021-06-15 11:58:33,16651.05,0
2021-06-15 11:58:35,16651.25,0
2021-06-15 11:58:36,16651.05,0
2021-06-15 11:58:39,16651.4,0
2021-06-15 11:58:41,16652.0,0
2021-06-15 11:58:44,16651.6,0
2021-06-15 11:58:48,16651.2,0
2021-06-15 11:58:49,16651.55,0
2021-06-15 11:58:54,16650.65,0
2021-06-15 11:58:58,16651.0,0
2021-06-15 11:59:02,16651.3,0
2021-06-15 11:59:12,16651.35,0
2021-06-15 11:59:14,16651.3,0
2021-06-15 11:59:16,16651.1,0
2021-06-15 11:59:19,16651.95,0
2021-06-15 11:59:21,16649.4,0
2021-06-15 11:59:27,16653.3,0
2021-06-15 11:59:28,16651.9,0
2021-06-15 11:59:32,16653.15,0
2021-06-15 11:59:38,16650.35,0
2021-06-15 11:59:40,16650.95,0
2021-06-15 11:59:48,16650.5,0
2021-06-15 11:59:52,16650.0,0
2021-06-15 11:59:58,16647.95,0
2021-06-15 11:59:59,16647.4,0
2021-06-15 12:00:00,16647.6,0
2021-06-15 12:00:04,16647.3,0
2021-06-15 12:00:05,16647.0,0
2021-06-15 12:00:09,16646.8,0
2021-06-15 12:00:19,16645.2,0
2021-06-15 12:00:21,16644.4,0
2021-06-15 12:00:24,16645.35,0
2021-06-15 12:00:25,16645.2,0
2021-06-15 12:00:26,16645.0,0
2021-06-15 12:00:27,16645.4,0
2021-06-15 12:00:31,16645.85,0
2021-06-15 12:00:33,16645.85,0
2021-06-15 12:00:34,16645.4,0
2021-06-15 12:00:35,16645.4,0
2021-06-15 12:00:44,16645.5,0
2021-06-15 12:00:49,16644.55,0
2021-06-15 12:00:53,16644.55,0
2021-06-15 12:00:54,16644.5,0
2021-06-15 12:00:57,16644.6,0
2021-06-15 12:00:59,16644.45,0
2021-06-15 12:01:02,16643.75,0
2021-06-15 12:01:03,16644.15,0
2021-06-15 12:01:08,16642.0,0
2021-06-15 12:01:13,16640.5,0
2021-06-15 12:01:15,16641.05,0
2021-06-15 12:01:16,16641.65,0
2021-06-15 12:01:20,16641.85,0
2021-06-15 12:01:22,16641.3,0
2021-06-15 12:01:25,16642.15,0
2021-06-15 12:01:26,16641.55,0
2021-06-15 12:01:27,16641.85,0
2021-06-15 12:01:28,16642.1,0
2021-06-15 12:01:29,16642.5,0
2021-06-15 12:01:39,16641.7,0
2021-06-15 12:01:48,16641.05,0
2021-06-15 12:01:49,16641.7,0
2021-06-15 12:01:53,16642.35,0
2021-06-15 12:01:54,16642.0,0
2021-06-15 12:01:57,16641.75,0
2021-06-15 12:02:00,16642.3,0
2021-06-15 12:02:02,16642.4,0
2021-06-15 12:02:06,16641.95,0
2021-06-15 12:02:08,16640.9,0
2021-06-15 12:02:09,16642.2,0
2021-06-15 12:02:10,16642.1,0
2021-06-15 12:02:14,16641.7,0
2021-06-15 12:02:18,16641.45,0
2021-06-15 12:02:20,16641.25,0
2021-06-15 12:02:23,16641.1,0
2021-06-15 12:02:24,16641.7,0
2021-06-15 12:02:25,16641.75,0
2021-06-15 12:02:30,16642.45,0
2021-06-15 12:02:35,16642.95,0
2021-06-15 12:02:36,16642.85,0
2021-06-15 12:02:42,16642.55,0
2021-06-15 12:02:43,16643.15,0
2021-06-15 12:02:50,16644.1,0
2021-06-15 12:02:54,16643.75,0
2021-06-15 12:03:07,16642.55,0
2021-06-15 12:03:09,16643.25,0
2021-06-15 12:03:10,16643.35,0
2021-06-15 12:03:12,16643.55,0
2021-06-15 12:03:18,16642.05,0
2021-06-15 12:03:20,16641.4,0
2021-06-15 12:03:23,16641.7,0
2021-06-15 12:03:38,16643.6,0
2021-06-15 12:03:49,16643.95,0
2021-06-15 12:03:54,16647.9,0
2021-06-15 12:03:57,16647.15,0
2021-06-15 12:03:58,16647.2,0
2021-06-15 12:04:01,16647.8,0
2021-06-15 12:04:03,16648.4,0
2021-06-15 12:04:12,16647.65,0
2021-06-15 12:04:15,16646.7,0
2021-06-15 12:04:19,16643.75,0
2021-06-15 12:04:24,16645.05,0
2021-06-15 12:04:27,16643.3,0
2021-06-15 12:04:30,16642.3,0
2021-06-15 12:04:35,16643.45,0
2021-06-15 12:04:38,16643.5,0
2021-06-15 12:04:39,16643.55,0
2021-06-15 12:04:41,16644.3,0
2021-06-15 12:04:42,16644.9,0
2021-06-15 12:04:43,16644.75,0
2021-06-15 12:04:44,16644.8,0
2021-06-15 12:04:45,16644.7,0
2021-06-15 12:04:47,16645.0,0
2021-06-15 12:04:50,16644.3,0
2021-06-15 12:04:58,16643.95,0
2021-06-15 12:04:59,16644.85,0
2021-06-15 12:05:07,16642.8,0
2021-06-15 12:05:08,16644.4,0
2021-06-15 12:05:10,16644.75,0
2021-06-15 12:05:13,16643.65,0
2021-06-15 12:05:15,16642.85,0
2021-06-15 12:05:18,16643.35,0
2021-06-15 12:05:27,16643.65,0
2021-06-15 12:05:28,16642.55,0
2021-06-15 12:05:31,16643.0,0
2021-06-15 12:05:33,16642.4,0
2021-06-15 12:05:38,16642.85,0
2021-06-15 12:05:39,16642.25,0
2021-06-15 12:05:41,16642.6,0
2021-06-15 12:05:50,16642.65,0
2021-06-15 12:05:52,16642.85,0
2021-06-15 12:05:57,16642.45,0
2021-06-15 12:05:59,16642.9,0
2021-06-15 12:06:03,16643.1,0
2021-06-15 12:06:07,16642.2,0
2021-06-15 12:06:08,16643.05,0
2021-06-15 12:06:09,16643.5,0
2021-06-15 12:06:14,16643.15,0
2021-06-15 12:06:16,16642.1,0
2021-06-15 12:06:21,16643.15,0
2021-06-15 12:06:23,16642.4,0
2021-06-15 12:06:27,16643.05,0
2021-06-15 12:06:29,16643.8,0
2021-06-15 12:06:33,16642.9,0
2021-06-15 12:06:35,16642.85,0
2021-06-15 12:06:36,16643.5,0
2021-06-15 12:06:37,16643.15,0
2021-06-15 12:06:39,16644.3,0
2021-06-15 12:06:41,16644.3,0
2021-06-15 12:06:45,16644.35,0
2021-06-15 12:06:46,16644.5,0
2021-06-15 12:06:49,16644.3,0
2021-06-15 12:06:55,16643.95,0
2021-06-15 12:07:07,16644.8,0
2021-06-15 12:07:14,16645.5,0
2021-06-15 12:07:15,16645.95,0
2021-06-15 12:07:18,16645.95,0
2021-06-15 12:07:19,16646.1,0
2021-06-15 12:07:21,16646.45,0
2021-06-15 12:07:23,16646.2,0
2021-06-15 12:07:27,16645.4,0
2021-06-15 12:07:33,16645.25,0
2021-06-15 12:07:35,16644.85,0
2021-06-15 12:07:36,16644.75,0
2021-06-15 12:07:42,16645.7,0
2021-06-15 12:07:44,16645.35,0
2021-06-15 12:07:45,16645.45,0
2021-06-15 12:07:48,16645.7,0
2021-06-15 12:07:49,16645.8,0
2021-06-15 12:07:55,16645.45,0
2021-06-15 12:07:56,16645.6,0
2021-06-15 12:07:58,16645.6,0
2021-06-15 12:08:00,16646.0,0
2021-06-15 12:08:02,16645.9,0
2021-06-15 12:08:10,16645.35,0
2021-06-15 12:08:12,16645.25,0
2021-06-15 12:08:13,16645.3,0
2021-06-15 12:08:19,16645.9,0
2021-06-15 12:08:30,16645.9,0
2021-06-15 12:08:31,16645.85,0
2021-06-15 12:08:32,16646.0,0
2021-06-15 12:08:39,16645.55,0
2021-06-15 12:08:45,16647.0,0
2021-06-15 12:08:58,16646.1,0
2021-06-15 12:09:01,16646.4,0
2021-06-15 12:09:06,16645.9,0
2021-06-15 12:09:07,16645.35,0
2021-06-15 12:09:08,16645.2,0
2021-06-15 12:09:09,16645.45,0
2021-06-15 12:09:14,16645.2,0
2021-06-15 12:09:26,16645.9,0
2021-06-15 12:09:28,16645.55,0
2021-06-15 12:09:30,16646.15,0
2021-06-15 12:09:31,16645.8,0
2021-06-15 12:09:44,16646.1,0
2021-06-15 12:09:55,16646.95,0
2021-06-15 12:09:57,16646.85,0
2021-06-15 12:10:05,16646.15,0
2021-06-15 12:10:07,16644.75,0
2021-06-15 12:10:16,16646.0,0
2021-06-15 12:10:20,16646.6,0
2021-06-15 12:10:23,16646.6,0
2021-06-15 12:10:24,16646.7,0
2021-06-15 12:10:31,16646.0,0
2021-06-15 12:10:32,16645.7,0
2021-06-15 12:10:33,16645.85,0
2021-06-15 12:10:34,16645.45,0
2021-06-15 12:10:37,16645.35,0
2021-06-15 12:10:38,16645.2,0
2021-06-15 12:10:45,16646.25,0
2021-06-15 12:10:46,16645.9,0
2021-06-15 12:10:50,16645.15,0
2021-06-15 12:10:51,16645.7,0
2021-06-15 12:10:57,16645.15,0
2021-06-15 12:10:59,16645.3,0
2021-06-15 12:11:02,16645.25,0
2021-06-15 12:11:08,16644.35,0
2021-06-15 12:11:09,16644.7,0
2021-06-15 12:11:12,16644.85,0
2021-06-15 12:11:18,16643.8,0
2021-06-15 12:11:21,16644.6,0
2021-06-15 12:11:22,16644.4,0
2021-06-15 12:11:26,16643.55,0
2021-06-15 12:11:28,16642.7,0
2021-06-15 12:11:31,16643.6,0
2021-06-15 12:11:33,16643.25,0
2021-06-15 12:11:35,16644.5,0
2021-06-15 12:11:38,16643.85,0
2021-06-15 12:11:43,16643.1,0
2021-06-15 12:11:45,16645.8,0
2021-06-15 12:11:46,16645.6,0
2021-06-15 12:11:51,16644.7,0
2021-06-15 12:11:55,16644.15,0
2021-06-15 12:11:58,16643.9,0
2021-06-15 12:11:59,16644.65,0
2021-06-15 12:12:00,16644.75,0
2021-06-15 12:12:05,16644.35,0
2021-06-15 12:12:06,16645.0,0
2021-06-15 12:12:08,16643.75,0
2021-06-15 12:12:13,16644.35,0
2021-06-15 12:12:14,16643.7,0
2021-06-15 12:12:16,16644.6,0
2021-06-15 12:12:18,16643.9,0
2021-06-15 12:12:24,16646.55,0
2021-06-15 12:12:27,16645.75,0
2021-06-15 12:12:29,16647.2,0
2021-06-15 12:12:32,16647.35,0
2021-06-15 12:12:39,16647.5,0
2021-06-15 12:12:40,16647.05,0
2021-06-15 12:12:43,16647.85,0
2021-06-15 12:12:47,16648.3,0
2021-06-15 12:12:48,16647.85,0
2021-06-15 12:12:49,16647.8,0
2021-06-15 12:12:51,16648.35,0
2021-06-15 12:12:56,16648.1,0
2021-06-15 12:12:59,16647.85,0
2021-06-15 12:13:06,16648.05,0
2021-06-15 12:13:07,16646.95,0
2021-06-15 12:13:16,16646.85,0
2021-06-15 12:13:17,16647.6,0
2021-06-15 12:13:27,16644.25,0
2021-06-15 12:13:29,16644.2,0
2021-06-15 12:13:30,16644.75,0
2021-06-15 12:13:31,16644.55,0
2021-06-15 12:13:33,16644.35,0
2021-06-15 12:13:36,16644.85,0
2021-06-15 12:13:37,16644.35,0
2021-06-15 12:13:38,16644.7,0
2021-06-15 12:13:39,16644.35,0
2021-06-15 12:13:43,16643.85,0
2021-06-15 12:13:44,16644.25,0
2021-06-15 12:13:47,16644.65,0
2021-06-15 12:13:50,16644.2,0
2021-06-15 12:13:51,16644.05,0
2021-06-15 12:13:53,16643.6,0
2021-06-15 12:13:58,16644.6,0
2021-06-15 12:13:59,16644.85,0
2021-06-15 12:14:09,16644.7,0
2021-06-15 12:14:13,16645.45,0
2021-06-15 12:14:14,16645.45,0
2021-06-15 12:14:16,16645.85,0
2021-06-15 12:14:18,16645.8,0
2021-06-15 12:14:20,16645.95,0
2021-06-15 12:14:22,16645.95,0
2021-06-15 12:14:26,16646.55,0
2021-06-15 12:14:29,16645.7,0
2021-06-15 12:14:31,16646.65,0
2021-06-15 12:14:32,16646.3,0
2021-06-15 12:14:33,16646.3,0
2021-06-15 12:14:34,16645.95,0
2021-06-15 12:14:38,16645.55,0
2021-06-15 12:14:42,16645.75,0
2021-06-15 12:14:43,16645.95,0
2021-06-15 12:14:46,16645.85,0
2021-06-15 12:14:48,16645.4,0
2021-06-15 12:14:50,16646.5,0
2021-06-15 12:14:51,16646.4,0
2021-06-15 12:15:00,16644.6,0
2021-06-15 12:15:03,16646.65,0
2021-06-15 12:15:06,16647.85,0
2021-06-15 12:15:08,16647.25,0
2021-06-15 12:15:09,16648.4,0
2021-06-15 12:15:11,16648.55,0
2021-06-15 12:15:15,16649.0,0
2021-06-15 12:15:16,16649.05,0
2021-06-15 12:15:17,16648.95,0
2021-06-15 12:15:23,16648.75,0
2021-06-15 12:15:26,16649.0,0
2021-06-15 12:15:35,16649.4,0
2021-06-15 12:15:37,16649.35,0
2021-06-15 12:15:38,16649.3,0
2021-06-15 12:15:40,16649.1,0
2021-06-15 12:15:42,16649.15,0
2021-06-15 12:15:45,16649.65,0
2021-06-15 12:15:46,16648.95,0
2021-06-15 12:15:47,16649.05,0
2021-06-15 12:15:49,16649.7,0
2021-06-15 12:15:50,16649.55,0
2021-06-15 12:15:51,16649.3,0
2021-06-15 12:15:54,16649.45,0
2021-06-15 12:15:58,16649.05,0
2021-06-15 12:16:00,16649.4,0
2021-06-15 12:16:01,16649.65,0
2021-06-15 12:16:04,16648.75,0
2021-06-15 12:16:06,16648.5,0
2021-06-15 12:16:07,16648.95,0
2021-06-15 12:16:08,16649.1,0
2021-06-15 12:16:11,16648.6,0
2021-06-15 12:16:12,16648.55,0
2021-06-15 12:16:13,16648.95,0
2021-06-15 12:16:18,16648.2,0
2021-06-15 12:16:19,16649.35,0
2021-06-15 12:16:20,16649.25,0
2021-06-15 12:16:22,16648.8,0
2021-06-15 12:16:23,16648.4,0
2021-06-15 12:16:26,16648.05,0
2021-06-15 12:16:28,16647.05,0
2021-06-15 12:16:29,16647.7,0
2021-06-15 12:16:33,16647.25,0
2021-06-15 12:16:36,16646.75,0
2021-06-15 12:16:41,16647.1,0
2021-06-15 12:16:49,16647.75,0
2021-06-15 12:16:51,16647.95,0
2021-06-15 12:16:54,16647.65,0
2021-06-15 12:16:58,16646.95,0
2021-06-15 12:17:03,16647.35,0
2021-06-15 12:17:04,16647.3,0
2021-06-15 12:17:10,16647.35,0
2021-06-15 12:17:13,16646.95,0
2021-06-15 12:17:15,16646.2,0
2021-06-15 12:17:16,16646.0,0
2021-06-15 12:17:22,16646.4,0
2021-06-15 12:17:23,16646.25,0
2021-06-15 12:17:32,16646.25,0
2021-06-15 12:17:33,16647.0,0
2021-06-15 12:17:35,16646.6,0
2021-06-15 12:17:36,16646.15,0
2021-06-15 12:17:37,16646.35,0
2021-06-15 12:17:38,16646.2,0
2021-06-15 12:17:43,16646.05,0
2021-06-15 12:17:44,16646.35,0
2021-06-15 12:17:46,16646.3,0
2021-06-15 12:17:50,16645.95,0
2021-06-15 12:17:51,16646.0,0
2021-06-15 12:17:52,16645.95,0
2021-06-15 12:17:56,16646.1,0
2021-06-15 12:18:01,16645.95,0
2021-06-15 12:18:03,16645.8,0
2021-06-15 12:18:04,16645.8,0
2021-06-15 12:18:05,16646.05,0
2021-06-15 12:18:06,16645.75,0
2021-06-15 12:18:10,16646.8,0
2021-06-15 12:18:18,16646.2,0
2021-06-15 12:18:20,16645.95,0
2021-06-15 12:18:22,16645.45,0
2021-06-15 12:18:25,16645.6,0
2021-06-15 12:18:26,16645.7,0
2021-06-15 12:18:27,16645.75,0
2021-06-15 12:18:33,16633.25,0
2021-06-15 12:18:37,16638.65,0
2021-06-15 12:18:39,16639.75,0
2021-06-15 12:18:47,16643.5,0
2021-06-15 12:18:48,16644.05,0
2021-06-15 12:18:49,16641.85,0
2021-06-15 12:18:50,16641.85,0
2021-06-15 12:18:52,16642.25,0
2021-06-15 12:18:55,16643.5,0
2021-06-15 12:18:56,16643.95,0
2021-06-15 12:18:57,16645.25,0
2021-06-15 12:19:03,16648.6,0
2021-06-15 12:19:08,16668.65,0
2021-06-15 12:19:09,16672.0,0
2021-06-15 12:19:10,16671.25,0
2021-06-15 12:19:11,16674.2,0
2021-06-15 12:19:17,16685.3,0
2021-06-15 12:19:18,16686.0,0
2021-06-15 12:19:20,16682.15,0
2021-06-15 12:19:31,16669.0,0
2021-06-15 12:19:37,16670.4,0
2021-06-15 12:19:41,16671.85,0
2021-06-15 12:19:48,16673.6,0
2021-06-15 12:19:50,16672.35,0
2021-06-15 12:19:51,16672.4,0
2021-06-15 12:19:53,16672.2,0
2021-06-15 12:19:54,16671.45,0
2021-06-15 12:19:56,16672.55,0
2021-06-15 12:20:05,16674.95,0
2021-06-15 12:20:09,16672.9,0
2021-06-15 12:20:13,16673.1,0
2021-06-15 12:20:14,16672.1,0
2021-06-15 12:20:19,16668.75,0
2021-06-15 12:20:20,16671.05,0
2021-06-15 12:20:25,16669.25,0
2021-06-15 12:20:26,16669.1,0
2021-06-15 12:20:27,16668.6,0
2021-06-15 12:20:34,16670.3,0
2021-06-15 12:20:39,16667.85,0
2021-06-15 12:20:48,16668.05,0
2021-06-15 12:20:50,16667.75,0
2021-06-15 12:20:51,16667.85,0
2021-06-15 12:20:55,16667.35,0
2021-06-15 12:20:57,16666.4,0
2021-06-15 12:20:58,16666.0,0
2021-06-15 12:21:06,16667.75,0
2021-06-15 12:21:08,16667.35,0
2021-06-15 12:21:09,16667.5,0
2021-06-15 12:21:11,16668.7,0
2021-06-15 12:21:17,16666.95,0
2021-06-15 12:21:23,16667.15,0
2021-06-15 12:21:24,16667.65,0
2021-06-15 12:21:25,16666.4,0
2021-06-15 12:21:27,16666.0,0
2021-06-15 12:21:29,16666.6,0
2021-06-15 12:21:30,16667.3,0
2021-06-15 12:21:31,16667.55,0
2021-06-15 12:21:36,16668.0,0
2021-06-15 12:21:41,16668.05,0
2021-06-15 12:21:43,16667.05,0
2021-06-15 12:21:45,16668.35,0
2021-06-15 12:21:47,16666.6,0
2021-06-15 12:21:48,16666.45,0
2021-06-15 12:21:50,16666.75,0
2021-06-15 12:21:51,16666.6,0
2021-06-15 12:21:55,16667.0,0
2021-06-15 12:21:56,16666.05,0
2021-06-15 12:22:00,16666.4,0
2021-06-15 12:22:08,16667.7,0
2021-06-15 12:22:09,16667.65,0
2021-06-15 12:22:11,16667.45,0
2021-06-15 12:22:13,16667.6,0
2021-06-15 12:22:16,16667.1,0
2021-06-15 12:22:19,16669.1,0
2021-06-15 12:22:21,16667.4,0
2021-06-15 12:22:29,16668.6,0
